timestamp,ltp,volume
2021-05-04 09:07:02,998.0,61015
2021-05-04 09:15:00,990.0,63008
2021-05-04 09:15:01,993.45,87469
2021-05-04 09:15:02,993.95,106222
2021-05-04 09:15:03,994.9,115086
2021-05-04 09:15:04,992.7,120006
2021-05-04 09:15:05,992.85,128460
2021-05-04 09:15:06,992.5,140571
2021-05-04 09:15:08,990.4,146211
2021-05-04 09:15:09,991.0,152623
2021-05-04 09:15:10,990.5,155615
2021-05-04 09:15:11,990.0,158397
2021-05-04 09:15:12,987.65,182947
2021-05-04 09:15:13,985.2,187416
2021-05-04 09:15:14,986.9,192289
2021-05-04 09:15:15,986.7,196109
2021-05-04 09:15:16,985.3,204127
2021-05-04 09:15:19,983.75,222341
2021-05-04 09:15:20,982.75,229749
2021-05-04 09:15:21,981.65,234870
2021-05-04 09:15:22,981.55,242210
2021-05-04 09:15:23,980.65,253149
2021-05-04 09:15:24,980.1,257815
2021-05-04 09:15:25,981.55,266641
2021-05-04 09:15:26,980.95,274480
2021-05-04 09:15:27,981.1,279152
2021-05-04 09:15:28,981.65,281121
2021-05-04 09:15:29,981.75,284293
2021-05-04 09:15:30,982.6,289108
2021-05-04 09:15:32,981.35,296062
2021-05-04 09:15:32,982.4,297318
2021-05-04 09:15:33,984.9,321888
2021-05-04 09:15:34,985.1,326196
2021-05-04 09:15:35,986.55,327229
2021-05-04 09:15:36,988.05,344357
2021-05-04 09:15:37,987.75,346464
2021-05-04 09:15:38,988.6,347901
2021-05-04 09:15:39,988.05,350629
2021-05-04 09:15:40,988.2,364477
2021-05-04 09:15:41,988.85,366159
2021-05-04 09:15:42,988.1,370169
2021-05-04 09:15:43,989.65,374413
2021-05-04 09:15:44,990.5,377683
2021-05-04 09:15:45,990.95,380421
2021-05-04 09:15:46,990.7,388765
2021-05-04 09:15:47,991.2,389828
2021-05-04 09:15:48,991.4,395017
2021-05-04 09:15:50,990.3,405563
2021-05-04 09:15:50,990.45,407406
2021-05-04 09:15:51,991.55,412349
2021-05-04 09:15:52,992.2,415928
2021-05-04 09:15:53,991.55,417694
2021-05-04 09:15:54,993.2,421089
2021-05-04 09:15:55,993.1,424858
2021-05-04 09:15:56,991.95,428786
2021-05-04 09:15:58,992.55,467420
2021-05-04 09:15:59,993.15,470537
2021-05-04 09:16:00,992.8,471998
2021-05-04 09:16:00,991.75,472893
2021-05-04 09:16:01,992.85,476649
2021-05-04 09:16:02,992.05,480555
2021-05-04 09:16:03,992.55,483265
2021-05-04 09:16:04,992.15,490634
2021-05-04 09:16:05,993.1,501424
2021-05-04 09:16:06,993.65,505378
2021-05-04 09:16:08,992.35,510364
2021-05-04 09:16:09,992.5,522940
2021-05-04 09:16:10,992.75,524911
2021-05-04 09:16:11,993.9,542897
2021-05-04 09:16:12,995.1,548537
2021-05-04 09:16:13,995.7,551616
2021-05-04 09:16:15,997.0,578294
2021-05-04 09:16:14,995.5,554116
2021-05-04 09:16:16,995.7,590645
2021-05-04 09:16:17,996.05,598149
2021-05-04 09:16:18,995.9,608504
2021-05-04 09:16:20,994.3,632607
2021-05-04 09:16:21,995.75,651922
2021-05-04 09:16:21,996.3,651907
2021-05-04 09:16:22,997.8,661763
2021-05-04 09:16:23,996.5,666635
2021-05-04 09:16:24,996.65,673689
2021-05-04 09:16:25,998.25,683522
2021-05-04 09:16:26,999.0,686809
2021-05-04 09:16:27,999.0,693053
2021-05-04 09:16:28,999.0,696925
2021-05-04 09:16:29,998.95,699732
2021-05-04 09:16:31,998.95,704657
2021-05-04 09:16:32,999.7,708144
2021-05-04 09:16:32,999.6,708294
2021-05-04 09:16:33,999.4,712077
2021-05-04 09:16:34,998.95,718335
2021-05-04 09:16:35,999.75,723501
2021-05-04 09:16:36,1001.2,741496
2021-05-04 09:16:38,1002.6,750021
2021-05-04 09:16:41,1003.3,761808
2021-05-04 09:16:41,1002.3,762154
2021-05-04 09:16:42,1002.6,763894
2021-05-04 09:16:43,1003.2,771872
2021-05-04 09:16:44,1003.9,775536
2021-05-04 09:16:45,1003.45,780818
2021-05-04 09:16:46,1003.05,789737
2021-05-04 09:16:47,1003.45,792773
2021-05-04 09:16:48,1003.0,798439
2021-05-04 09:16:49,1003.0,802057
2021-05-04 09:16:51,1002.25,807265
2021-05-04 09:16:52,1002.35,811372
2021-05-04 09:16:52,1003.0,810960
2021-05-04 09:16:53,1001.9,813740
2021-05-04 09:16:54,1001.8,816153
2021-05-04 09:16:55,1002.25,819591
2021-05-04 09:16:56,1002.85,823643
2021-05-04 09:16:57,1002.25,827427
2021-05-04 09:16:59,1002.0,829474
2021-05-04 09:17:00,1002.0,834050
2021-05-04 09:17:01,1001.9,837132
2021-05-04 09:17:02,1000.65,839844
2021-05-04 09:17:02,1001.0,840500
2021-05-04 09:17:03,1000.8,842456
2021-05-04 09:17:04,1000.2,845826
2021-05-04 09:17:05,999.95,855784
2021-05-04 09:17:06,1000.1,858421
2021-05-04 09:17:07,1000.0,861492
2021-05-04 09:17:08,999.05,865544
2021-05-04 09:17:09,998.8,875869
2021-05-04 09:17:10,998.95,881734
2021-05-04 09:17:12,999.65,892670
2021-05-04 09:17:14,998.6,898430
2021-05-04 09:17:15,999.55,901013
2021-05-04 09:17:15,998.9,901294
2021-05-04 09:17:16,999.3,903047
2021-05-04 09:17:17,998.95,904982
2021-05-04 09:17:19,999.05,908018
2021-05-04 09:17:20,999.0,910982
2021-05-04 09:17:20,998.35,911161
2021-05-04 09:17:21,998.55,917224
2021-05-04 09:17:22,999.95,929313
2021-05-04 09:17:24,1000.65,933396
2021-05-04 09:17:25,1000.4,937909
2021-05-04 09:17:26,1000.95,939783
2021-05-04 09:17:26,1000.95,939783
2021-05-04 09:17:27,1000.2,944279
2021-05-04 09:17:28,1000.75,945760
2021-05-04 09:17:30,1000.95,947153
2021-05-04 09:17:31,1000.4,951597
2021-05-04 09:17:32,1000.3,953754
2021-05-04 09:17:32,1000.05,953955
2021-05-04 09:17:33,1000.0,955885
2021-05-04 09:17:34,999.3,956884
2021-05-04 09:17:35,1000.65,965156
2021-05-04 09:17:37,1000.25,966719
2021-05-04 09:17:38,1000.7,968052
2021-05-04 09:17:38,1000.75,968257
2021-05-04 09:17:39,1000.0,970056
2021-05-04 09:17:40,999.95,971261
2021-05-04 09:17:41,1000.0,974070
2021-05-04 09:17:43,1000.0,974857
2021-05-04 09:17:44,999.9,981459
2021-05-04 09:17:44,1000.0,981653
2021-05-04 09:17:45,999.9,986653
2021-05-04 09:17:46,999.8,987605
2021-05-04 09:17:47,1000.0,989873
2021-05-04 09:17:48,1000.2,991924
2021-05-04 09:17:50,1000.0,994608
2021-05-04 09:17:51,1001.15,1002142
2021-05-04 09:17:52,1000.95,1002959
2021-05-04 09:17:53,1001.85,1007912
2021-05-04 09:17:54,1001.9,1010198
2021-05-04 09:17:54,1001.95,1009998
2021-05-04 09:17:55,1001.9,1011952
2021-05-04 09:17:56,1003.0,1018329
2021-05-04 09:17:57,1003.4,1023203
2021-05-04 09:17:58,1004.4,1029884
2021-05-04 09:18:00,1004.1,1030759
2021-05-04 09:18:01,1005.0,1033433
2021-05-04 09:18:01,1005.0,1033265
2021-05-04 09:18:02,1004.5,1040532
2021-05-04 09:18:03,1004.25,1046081
2021-05-04 09:18:04,1004.9,1049692
2021-05-04 09:18:05,1004.8,1050751
2021-05-04 09:18:06,1004.35,1052710
2021-05-04 09:18:07,1004.15,1055830
2021-05-04 09:18:08,1004.0,1058379
2021-05-04 09:18:09,1004.75,1060549
2021-05-04 09:18:10,1003.55,1064084
2021-05-04 09:18:12,1003.0,1067445
2021-05-04 09:18:13,1002.25,1071390
2021-05-04 09:18:14,1001.1,1085704
2021-05-04 09:18:14,1002.4,1083350
2021-05-04 09:18:15,1002.35,1088511
2021-05-04 09:18:16,1002.2,1091964
2021-05-04 09:18:17,1002.75,1093508
2021-05-04 09:18:18,1002.95,1096358
2021-05-04 09:18:19,1003.0,1099105
2021-05-04 09:18:20,1003.7,1100665
2021-05-04 09:18:22,1002.55,1102877
2021-05-04 09:18:23,1003.1,1132545
2021-05-04 09:18:23,1003.2,1138455
2021-05-04 09:18:24,1001.6,1141587
2021-05-04 09:18:29,1002.3,1155391
2021-05-04 09:18:30,1002.1,1157725
2021-05-04 09:18:30,1001.7,1158230
2021-05-04 09:18:31,1001.6,1159145
2021-05-04 09:18:32,1000.85,1161820
2021-05-04 09:18:33,1000.2,1168538
2021-05-04 09:18:35,1000.0,1177624
2021-05-04 09:18:36,1000.5,1182097
2021-05-04 09:18:36,1000.0,1182812
2021-05-04 09:18:37,1000.05,1186506
2021-05-04 09:18:38,1001.25,1189247
2021-05-04 09:18:40,1000.5,1193219
2021-05-04 09:18:41,1000.0,1195429
2021-05-04 09:18:42,1000.3,1196298
2021-05-04 09:18:43,1000.55,1197702
2021-05-04 09:18:43,1000.4,1198163
2021-05-04 09:18:44,1000.5,1201228
2021-05-04 09:18:45,1000.05,1202315
2021-05-04 09:18:46,1000.8,1223362
2021-05-04 09:18:48,1000.6,1229434
2021-05-04 09:18:49,999.65,1232151
2021-05-04 09:18:49,1000.25,1232197
2021-05-04 09:18:50,1001.0,1234051
2021-05-04 09:18:52,1000.3,1239307
2021-05-04 09:18:54,1001.6,1255513
2021-05-04 09:18:55,1000.45,1258602
2021-05-04 09:18:55,1000.85,1259375
2021-05-04 09:18:56,1000.95,1262224
2021-05-04 09:18:58,1001.75,1263875
2021-05-04 09:18:59,1001.15,1267038
2021-05-04 09:19:00,1000.3,1270329
2021-05-04 09:19:01,1000.05,1271513
2021-05-04 09:19:02,999.55,1276401
2021-05-04 09:19:02,1000.85,1277027
2021-05-04 09:19:05,1000.1,1280503
2021-05-04 09:19:06,1000.6,1280936
2021-05-04 09:19:07,1000.4,1282215
2021-05-04 09:19:08,999.75,1284235
2021-05-04 09:19:08,999.0,1285460
2021-05-04 09:19:09,999.2,1288615
2021-05-04 09:19:10,998.55,1292225
2021-05-04 09:19:11,999.5,1294030
2021-05-04 09:19:13,999.1,1299493
2021-05-04 09:19:14,998.35,1305063
2021-05-04 09:19:15,998.4,1306780
2021-05-04 09:19:16,998.15,1308525
2021-05-04 09:19:16,998.15,1308525
2021-05-04 09:19:17,998.25,1312552
2021-05-04 09:19:19,998.15,1313897
2021-05-04 09:19:20,998.3,1318901
2021-05-04 09:19:21,998.4,1319616
2021-05-04 09:19:22,998.35,1320623
2021-05-04 09:19:23,998.0,1326638
2021-05-04 09:19:25,997.45,1329946
2021-05-04 09:19:26,997.85,1332694
2021-05-04 09:19:27,997.65,1333598
2021-05-04 09:19:28,997.6,1336619
2021-05-04 09:19:29,994.45,1353140
2021-05-04 09:19:29,993.65,1351301
2021-05-04 09:19:30,994.75,1356226
2021-05-04 09:19:32,992.05,1366573
2021-05-04 09:19:34,991.25,1373839
2021-05-04 09:19:37,992.7,1379673
2021-05-04 09:19:38,993.85,1380919
2021-05-04 09:19:39,993.55,1383139
2021-05-04 09:19:39,994.4,1384300
2021-05-04 09:19:40,993.7,1385069
2021-05-04 09:19:41,994.0,1386793
2021-05-04 09:19:42,994.65,1388749
2021-05-04 09:19:44,994.5,1390591
2021-05-04 09:19:45,994.75,1391583
2021-05-04 09:19:46,994.9,1391810
2021-05-04 09:19:46,995.2,1402066
2021-05-04 09:19:48,994.75,1403304
2021-05-04 09:19:49,994.75,1404977
2021-05-04 09:19:50,993.7,1406491
2021-05-04 09:19:51,993.65,1409409
2021-05-04 09:19:52,994.1,1410635
2021-05-04 09:19:52,995.15,1439329
2021-05-04 09:19:53,994.5,1442186
2021-05-04 09:19:54,994.75,1443104
2021-05-04 09:19:56,994.95,1443726
2021-05-04 09:19:57,995.0,1446445
2021-05-04 09:19:58,994.0,1452433
2021-05-04 09:19:59,994.75,1454924
2021-05-04 09:20:01,995.15,1456470
2021-05-04 09:20:03,994.45,1459327
2021-05-04 09:20:03,994.45,1459387
2021-05-04 09:20:04,995.0,1460668
2021-05-04 09:20:05,994.75,1462733
2021-05-04 09:20:06,994.05,1463084
2021-05-04 09:20:08,995.0,1464129
2021-05-04 09:20:09,994.6,1464772
2021-05-04 09:20:10,995.0,1466345
2021-05-04 09:20:11,994.95,1466494
2021-05-04 09:20:11,994.35,1466594
2021-05-04 09:20:12,994.65,1467957
2021-05-04 09:20:13,994.85,1468119
2021-05-04 09:20:15,994.85,1468359
2021-05-04 09:20:16,994.9,1468714
2021-05-04 09:20:18,994.15,1469691
2021-05-04 09:20:18,994.15,1469691
2021-05-04 09:20:19,994.1,1470373
2021-05-04 09:20:21,994.6,1470750
2021-05-04 09:20:22,994.05,1471418
2021-05-04 09:20:23,994.55,1474396
2021-05-04 09:20:24,994.0,1474950
2021-05-04 09:20:26,994.2,1476127
2021-05-04 09:20:26,994.45,1477359
2021-05-04 09:20:28,994.35,1477670
2021-05-04 09:20:29,994.4,1479535
2021-05-04 09:20:30,994.55,1480618
2021-05-04 09:20:30,994.55,1480676
2021-05-04 09:20:31,994.1,1482991
2021-05-04 09:20:33,993.85,1485288
2021-05-04 09:20:34,993.3,1486120
2021-05-04 09:20:35,993.75,1486388
2021-05-04 09:20:36,993.75,1486800
2021-05-04 09:20:38,992.95,1488496
2021-05-04 09:20:39,993.45,1489239
2021-05-04 09:20:40,992.7,1490099
2021-05-04 09:20:40,992.65,1490237
2021-05-04 09:20:41,992.2,1492077
2021-05-04 09:20:42,992.2,1494905
2021-05-04 09:20:44,992.25,1496810
2021-05-04 09:20:45,991.4,1498484
2021-05-04 09:20:46,991.4,1500340
2021-05-04 09:20:47,991.0,1501921
2021-05-04 09:20:47,991.2,1502231
2021-05-04 09:20:48,990.4,1504455
2021-05-04 09:20:49,991.0,1505944
2021-05-04 09:20:50,990.05,1506880
2021-05-04 09:20:52,988.25,1529206
2021-05-04 09:20:53,988.0,1531390
2021-05-04 09:20:54,988.9,1533312
2021-05-04 09:20:55,988.15,1536819
2021-05-04 09:20:55,988.1,1536996
2021-05-04 09:20:56,988.7,1538004
2021-05-04 09:20:57,988.65,1539351
2021-05-04 09:20:59,988.0,1540551
2021-05-04 09:21:00,987.85,1543042
2021-05-04 09:21:01,987.45,1544168
2021-05-04 09:21:02,987.1,1546225
2021-05-04 09:21:02,986.7,1547216
2021-05-04 09:21:03,987.0,1548696
2021-05-04 09:21:05,985.4,1554082
2021-05-04 09:21:07,985.4,1555855
2021-05-04 09:21:08,985.6,1559267
2021-05-04 09:21:09,985.55,1561209
2021-05-04 09:21:10,987.05,1564900
2021-05-04 09:21:11,987.0,1566576
2021-05-04 09:21:11,987.0,1566886
2021-05-04 09:21:12,985.8,1569440
2021-05-04 09:21:14,986.6,1572538
2021-05-04 09:21:15,987.0,1575161
2021-05-04 09:21:16,986.15,1583346
2021-05-04 09:21:17,986.9,1584398
2021-05-04 09:21:17,986.3,1584412
2021-05-04 09:21:19,986.7,1586097
2021-05-04 09:21:20,985.75,1587984
2021-05-04 09:21:21,985.85,1589303
2021-05-04 09:21:22,986.0,1589920
2021-05-04 09:21:23,986.0,1592706
2021-05-04 09:21:23,986.0,1592756
2021-05-04 09:21:25,986.3,1593460
2021-05-04 09:21:26,986.35,1595049
2021-05-04 09:21:27,986.35,1596636
2021-05-04 09:21:28,986.75,1598337
2021-05-04 09:21:29,985.25,1602159
2021-05-04 09:21:29,985.6,1602262
2021-05-04 09:21:31,985.3,1603106
2021-05-04 09:21:32,985.5,1609072
2021-05-04 09:21:33,984.8,1616503
2021-05-04 09:21:34,985.85,1623636
2021-05-04 09:21:35,985.9,1627260
2021-05-04 09:21:35,985.55,1626715
2021-05-04 09:21:37,985.35,1628276
2021-05-04 09:21:38,985.15,1629104
2021-05-04 09:21:39,985.15,1629467
2021-05-04 09:21:40,985.0,1632115
2021-05-04 09:21:41,985.8,1634750
2021-05-04 09:21:41,985.95,1633791
2021-05-04 09:21:43,985.0,1635718
2021-05-04 09:21:44,985.1,1636651
2021-05-04 09:21:45,985.6,1645112
2021-05-04 09:21:46,986.0,1650457
2021-05-04 09:21:47,986.0,1651688
2021-05-04 09:21:48,986.65,1653763
2021-05-04 09:21:49,985.95,1656741
2021-05-04 09:21:49,985.95,1656741
2021-05-04 09:21:51,986.55,1658458
2021-05-04 09:21:52,986.6,1658922
2021-05-04 09:21:53,986.25,1660079
2021-05-04 09:21:54,985.85,1660925
2021-05-04 09:21:54,985.85,1660609
2021-05-04 09:21:56,986.2,1663523
2021-05-04 09:21:57,986.45,1664107
2021-05-04 09:21:58,985.75,1666019
2021-05-04 09:21:59,985.95,1668642
2021-05-04 09:21:59,986.15,1670857
2021-05-04 09:22:01,986.2,1674866
2021-05-04 09:22:02,986.05,1681967
2021-05-04 09:22:03,985.2,1682564
2021-05-04 09:22:04,985.65,1685993
2021-05-04 09:22:05,985.0,1686460
2021-05-04 09:22:06,984.3,1690175
2021-05-04 09:22:06,984.95,1690176
2021-05-04 09:22:07,983.9,1692985
2021-05-04 09:22:09,983.2,1698353
2021-05-04 09:22:10,983.85,1716821
2021-05-04 09:22:11,984.45,1716978
2021-05-04 09:22:12,984.25,1717999
2021-05-04 09:22:14,984.15,1721279
2021-05-04 09:22:15,984.7,1721875
2021-05-04 09:22:15,984.1,1722115
2021-05-04 09:22:17,984.0,1723026
2021-05-04 09:22:18,984.1,1724345
2021-05-04 09:22:19,984.7,1725371
2021-05-04 09:22:20,984.7,1725766
2021-05-04 09:22:21,983.95,1727750
2021-05-04 09:22:22,984.5,1728504
2021-05-04 09:22:22,984.5,1728504
2021-05-04 09:22:24,984.0,1729376
2021-05-04 09:22:25,984.1,1729895
2021-05-04 09:22:26,983.85,1731142
2021-05-04 09:22:27,984.4,1733427
2021-05-04 09:22:27,983.9,1731927
2021-05-04 09:22:29,983.8,1734473
2021-05-04 09:22:30,983.3,1735269
2021-05-04 09:22:32,982.5,1743740
2021-05-04 09:22:33,981.65,1745289
2021-05-04 09:22:33,981.25,1744358
2021-05-04 09:22:34,982.2,1747021
2021-05-04 09:22:36,982.0,1750942
2021-05-04 09:22:37,982.0,1752276
2021-05-04 09:22:38,981.75,1753312
2021-05-04 09:22:39,981.35,1754857
2021-05-04 09:22:40,981.95,1756335
2021-05-04 09:22:41,982.05,1756924
2021-05-04 09:22:43,982.2,1758641
2021-05-04 09:22:45,982.7,1762966
2021-05-04 09:22:46,982.35,1763480
2021-05-04 09:22:46,982.65,1763659
2021-05-04 09:22:49,981.8,1764745
2021-05-04 09:22:50,982.2,1765787
2021-05-04 09:22:51,982.05,1767409
2021-05-04 09:22:52,982.0,1769094
2021-05-04 09:22:53,981.55,1769871
2021-05-04 09:22:54,982.0,1771037
2021-05-04 09:22:55,981.7,1771713
2021-05-04 09:22:56,981.3,1773294
2021-05-04 09:22:57,981.25,1774627
2021-05-04 09:22:58,980.7,1780697
2021-05-04 09:22:59,980.65,1781985
2021-05-04 09:23:00,981.05,1784096
2021-05-04 09:23:01,980.45,1791913
2021-05-04 09:23:02,980.0,1794755
2021-05-04 09:23:03,980.95,1801067
2021-05-04 09:23:04,980.8,1803394
2021-05-04 09:23:05,980.15,1804936
2021-05-04 09:23:06,980.2,1807550
2021-05-04 09:23:07,980.15,1810308
2021-05-04 09:23:08,980.8,1810908
2021-05-04 09:23:09,981.0,1816301
2021-05-04 09:23:10,981.1,1817744
2021-05-04 09:23:11,981.65,1822634
2021-05-04 09:23:12,981.75,1824577
2021-05-04 09:23:13,981.6,1827906
2021-05-04 09:23:14,982.55,1831884
2021-05-04 09:23:15,982.7,1835059
2021-05-04 09:23:16,983.7,1837362
2021-05-04 09:23:17,983.5,1839413
2021-05-04 09:23:18,983.25,1839438
2021-05-04 09:23:19,983.1,1839792
2021-05-04 09:23:20,982.6,1840861
2021-05-04 09:23:21,982.0,1841198
2021-05-04 09:23:23,982.45,1843700
2021-05-04 09:23:24,983.3,1846272
2021-05-04 09:23:25,983.3,1846853
2021-05-04 09:23:27,983.7,1847977
2021-05-04 09:23:28,983.55,1848465
2021-05-04 09:23:31,984.0,1855261
2021-05-04 09:23:32,983.95,1857476
2021-05-04 09:23:33,984.05,1861914
2021-05-04 09:23:34,984.1,1863358
2021-05-04 09:23:35,983.8,1868303
2021-05-04 09:23:36,983.35,1872307
2021-05-04 09:23:37,982.85,1875211
2021-05-04 09:23:38,983.2,1875820
2021-05-04 09:23:39,983.05,1875971
2021-05-04 09:23:40,984.1,1885129
2021-05-04 09:23:41,983.85,1888057
2021-05-04 09:23:42,983.35,1889087
2021-05-04 09:23:43,983.75,1889387
2021-05-04 09:23:44,983.75,1889977
2021-05-04 09:23:45,983.6,1890226
2021-05-04 09:23:46,983.55,1890629
2021-05-04 09:23:47,983.75,1891092
2021-05-04 09:23:48,983.6,1892087
2021-05-04 09:23:49,983.35,1892733
2021-05-04 09:23:50,983.15,1893903
2021-05-04 09:23:52,983.2,1895341
2021-05-04 09:23:51,983.0,1895241
2021-05-04 09:23:53,983.05,1896006
2021-05-04 09:23:54,982.0,1900347
2021-05-04 09:23:55,981.5,1903080
2021-05-04 09:23:56,980.75,1905044
2021-05-04 09:23:57,980.25,1906573
2021-05-04 09:23:58,981.35,1914715
2021-05-04 09:23:59,981.6,1915817
2021-05-04 09:24:00,981.0,1916096
2021-05-04 09:24:01,981.2,1917042
2021-05-04 09:24:02,981.1,1917643
2021-05-04 09:24:03,981.4,1919396
2021-05-04 09:24:04,980.3,1927505
2021-05-04 09:24:05,980.6,1929085
2021-05-04 09:24:06,981.25,1929915
2021-05-04 09:24:07,984.55,1952652
2021-05-04 09:24:08,983.35,1955135
2021-05-04 09:24:11,983.2,1957221
2021-05-04 09:24:15,982.75,1958035
2021-05-04 09:24:16,982.05,1958344
2021-05-04 09:24:17,982.0,1958394
2021-05-04 09:24:18,983.0,1960561
2021-05-04 09:24:19,981.95,1960702
2021-05-04 09:24:20,982.3,1960910
2021-05-04 09:24:21,982.85,1963082
2021-05-04 09:24:22,982.9,1963615
2021-05-04 09:24:23,982.6,1964379
2021-05-04 09:24:24,982.05,1967371
2021-05-04 09:24:25,982.0,1968087
2021-05-04 09:24:26,981.6,1968831
2021-05-04 09:24:27,982.15,1969360
2021-05-04 09:24:28,981.95,1970141
2021-05-04 09:24:29,981.3,1970549
2021-05-04 09:24:31,981.4,1971118
2021-05-04 09:24:32,981.2,1972666
2021-05-04 09:24:33,981.2,1976393
2021-05-04 09:24:34,981.2,1978495
2021-05-04 09:24:35,981.2,1978638
2021-05-04 09:24:36,981.05,1980279
2021-05-04 09:24:37,981.2,1982931
2021-05-04 09:24:38,981.25,1985402
2021-05-04 09:24:39,981.25,1986082
2021-05-04 09:24:40,980.9,1987313
2021-05-04 09:24:41,980.85,1987508
2021-05-04 09:24:43,980.2,1988975
2021-05-04 09:24:42,980.3,1988220
2021-05-04 09:24:44,980.1,1991635
2021-05-04 09:24:45,979.15,2025919
2021-05-04 09:24:46,979.0,2027655
2021-05-04 09:24:47,979.0,2028602
2021-05-04 09:24:48,978.4,2029622
2021-05-04 09:24:49,978.5,2031079
2021-05-04 09:24:50,978.5,2031718
2021-05-04 09:24:51,978.3,2032576
2021-05-04 09:24:52,976.75,2038386
2021-05-04 09:24:53,975.8,2041893
2021-05-04 09:24:54,976.3,2041938
2021-05-04 09:24:55,976.0,2042918
2021-05-04 09:24:56,975.3,2044426
2021-05-04 09:24:57,975.0,2049038
2021-05-04 09:24:58,975.35,2049316
2021-05-04 09:25:00,974.1,2053127
2021-05-04 09:24:59,974.1,2052730
2021-05-04 09:25:01,975.55,2059619
2021-05-04 09:25:02,973.95,2063718
2021-05-04 09:25:03,973.5,2066336
2021-05-04 09:25:04,972.6,2071034
2021-05-04 09:25:05,973.8,2073847
2021-05-04 09:25:06,973.55,2075489
2021-05-04 09:25:07,973.05,2076929
2021-05-04 09:25:08,973.6,2078837
2021-05-04 09:25:09,973.65,2079499
2021-05-04 09:25:10,974.95,2081638
2021-05-04 09:25:11,974.55,2083464
2021-05-04 09:25:12,974.6,2089720
2021-05-04 09:25:13,974.3,2090556
2021-05-04 09:25:15,974.4,2095918
2021-05-04 09:25:16,974.35,2096518
2021-05-04 09:25:17,974.2,2098414
2021-05-04 09:25:18,974.4,2100383
2021-05-04 09:25:19,974.4,2102120
2021-05-04 09:25:20,974.25,2104687
2021-05-04 09:25:21,974.55,2106943
2021-05-04 09:25:22,974.85,2107741
2021-05-04 09:25:23,974.0,2110545
2021-05-04 09:25:24,974.0,2112144
2021-05-04 09:25:25,974.55,2113351
2021-05-04 09:25:26,974.0,2117172
2021-05-04 09:25:27,974.2,2117421
2021-05-04 09:25:28,974.3,2118868
2021-05-04 09:25:29,973.85,2120180
2021-05-04 09:25:30,973.75,2120812
2021-05-04 09:25:31,974.4,2121936
2021-05-04 09:25:33,973.55,2123016
2021-05-04 09:25:34,973.75,2124102
2021-05-04 09:25:35,974.3,2125028
2021-05-04 09:25:36,974.35,2125393
2021-05-04 09:25:37,974.3,2127567
2021-05-04 09:25:38,974.3,2127684
2021-05-04 09:25:39,974.85,2128504
2021-05-04 09:25:39,974.65,2128615
2021-05-04 09:25:42,974.65,2134169
2021-05-04 09:25:43,973.85,2135334
2021-05-04 09:25:44,974.3,2135900
2021-05-04 09:25:45,974.6,2137238
2021-05-04 09:25:46,976.6,2146277
2021-05-04 09:25:47,975.9,2148611
2021-05-04 09:25:49,977.55,2154852
2021-05-04 09:25:50,977.05,2158566
2021-05-04 09:25:50,977.2,2159220
2021-05-04 09:25:51,976.9,2160770
2021-05-04 09:25:52,977.55,2164449
2021-05-04 09:25:53,977.8,2165885
2021-05-04 09:25:54,978.4,2166306
2021-05-04 09:25:55,978.4,2166632
2021-05-04 09:25:56,979.1,2167685
2021-05-04 09:25:57,978.15,2168366
2021-05-04 09:25:58,978.9,2169246
2021-05-04 09:25:59,978.5,2171220
2021-05-04 09:26:00,979.0,2171513
2021-05-04 09:26:01,978.9,2173130
2021-05-04 09:26:02,978.4,2174367
2021-05-04 09:26:03,978.2,2175004
2021-05-04 09:26:04,978.75,2176014
2021-05-04 09:26:05,978.45,2176965
2021-05-04 09:26:06,978.4,2177645
2021-05-04 09:26:07,978.2,2179361
2021-05-04 09:26:09,977.7,2180257
2021-05-04 09:26:10,977.55,2181103
2021-05-04 09:26:11,978.0,2181841
2021-05-04 09:26:12,980.8,2212220
2021-05-04 09:26:13,980.85,2214326
2021-05-04 09:26:13,980.85,2214326
2021-05-04 09:26:14,981.45,2217420
2021-05-04 09:26:15,982.0,2217793
2021-05-04 09:26:17,981.7,2221506
2021-05-04 09:26:18,982.25,2223299
2021-05-04 09:26:19,982.05,2224454
2021-05-04 09:26:20,982.0,2225917
2021-05-04 09:26:21,981.9,2226696
2021-05-04 09:26:22,981.9,2228194
2021-05-04 09:26:23,981.95,2229004
2021-05-04 09:26:25,982.0,2229776
2021-05-04 09:26:26,982.6,2231289
2021-05-04 09:26:27,981.8,2231879
2021-05-04 09:26:28,981.35,2232978
2021-05-04 09:26:29,981.65,2234848
2021-05-04 09:26:30,982.0,2236022
2021-05-04 09:26:31,981.95,2237050
2021-05-04 09:26:32,982.0,2238714
2021-05-04 09:26:32,982.0,2238837
2021-05-04 09:26:33,983.0,2239635
2021-05-04 09:26:34,983.0,2240215
2021-05-04 09:26:35,982.75,2241665
2021-05-04 09:26:36,982.15,2243280
2021-05-04 09:26:37,982.15,2244585
2021-05-04 09:26:38,982.75,2245107
2021-05-04 09:26:40,982.85,2247677
2021-05-04 09:26:41,982.15,2248633
2021-05-04 09:26:42,982.75,2249423
2021-05-04 09:26:43,982.65,2250212
2021-05-04 09:26:44,982.7,2250420
2021-05-04 09:26:45,982.55,2250598
2021-05-04 09:26:47,981.9,2254055
2021-05-04 09:26:48,982.1,2255052
2021-05-04 09:26:49,981.15,2256551
2021-05-04 09:26:50,981.2,2257378
2021-05-04 09:26:51,981.75,2258688
2021-05-04 09:26:52,981.4,2259470
2021-05-04 09:26:53,981.15,2260169
2021-05-04 09:26:54,981.9,2260638
2021-05-04 09:26:55,981.9,2261088
2021-05-04 09:26:56,981.4,2262154
2021-05-04 09:26:57,981.1,2262765
2021-05-04 09:26:58,981.85,2263196
2021-05-04 09:26:59,981.1,2265036
2021-05-04 09:26:59,981.0,2266117
2021-05-04 09:27:00,981.5,2267023
2021-05-04 09:27:01,981.9,2268445
2021-05-04 09:27:02,982.0,2268876
2021-05-04 09:27:03,981.35,2269112
2021-05-04 09:27:04,981.85,2269937
2021-05-04 09:27:05,981.25,2270080
2021-05-04 09:27:06,981.4,2270223
2021-05-04 09:27:07,981.2,2271492
2021-05-04 09:27:08,981.7,2271684
2021-05-04 09:27:09,981.55,2272723
2021-05-04 09:27:10,981.75,2273499
2021-05-04 09:27:11,981.75,2273790
2021-05-04 09:27:12,981.85,2274025
2021-05-04 09:27:13,981.85,2276706
2021-05-04 09:27:14,981.85,2277058
2021-05-04 09:27:15,982.6,2283325
2021-05-04 09:27:16,983.15,2290339
2021-05-04 09:27:17,982.9,2291450
2021-05-04 09:27:18,983.0,2292546
2021-05-04 09:27:19,983.6,2298677
2021-05-04 09:27:20,983.7,2301942
2021-05-04 09:27:21,984.5,2302423
2021-05-04 09:27:22,984.05,2302798
2021-05-04 09:27:23,984.6,2304573
2021-05-04 09:27:24,984.6,2305142
2021-05-04 09:27:25,985.0,2305777
2021-05-04 09:27:26,985.3,2313179
2021-05-04 09:27:28,985.5,2317995
2021-05-04 09:27:28,986.15,2318633
2021-05-04 09:27:29,986.15,2320165
2021-05-04 09:27:30,985.2,2320928
2021-05-04 09:27:31,985.85,2322913
2021-05-04 09:27:33,984.95,2325756
2021-05-04 09:27:34,985.3,2329027
2021-05-04 09:27:36,984.15,2331280
2021-05-04 09:27:37,984.8,2333509
2021-05-04 09:27:38,984.1,2334931
2021-05-04 09:27:39,984.8,2336291
2021-05-04 09:27:39,984.8,2337445
2021-05-04 09:27:40,983.45,2340299
2021-05-04 09:27:41,984.8,2340895
2021-05-04 09:27:43,984.8,2342748
2021-05-04 09:27:44,984.15,2343148
2021-05-04 09:27:45,984.0,2344393
2021-05-04 09:27:46,983.35,2345191
2021-05-04 09:27:47,984.15,2345448
2021-05-04 09:27:48,984.0,2345958
2021-05-04 09:27:49,984.0,2346053
2021-05-04 09:27:50,983.5,2346780
2021-05-04 09:27:51,982.7,2347231
2021-05-04 09:27:52,982.35,2347553
2021-05-04 09:27:53,983.1,2348254
2021-05-04 09:27:54,983.15,2348422
2021-05-04 09:27:55,982.6,2351845
2021-05-04 09:27:56,982.65,2352357
2021-05-04 09:27:57,982.75,2352593
2021-05-04 09:27:58,982.7,2352654
2021-05-04 09:27:59,982.9,2352784
2021-05-04 09:28:00,982.0,2353176
2021-05-04 09:28:01,982.3,2354226
2021-05-04 09:28:02,982.1,2354681
2021-05-04 09:28:03,982.9,2355388
2021-05-04 09:28:04,982.25,2356512
2021-05-04 09:28:05,982.25,2357609
2021-05-04 09:28:06,982.65,2358497
2021-05-04 09:28:07,982.0,2358808
2021-05-04 09:28:09,982.1,2359415
2021-05-04 09:28:10,982.25,2359906
2021-05-04 09:28:11,982.7,2361926
2021-05-04 09:28:12,982.65,2362671
2021-05-04 09:28:12,982.05,2362854
2021-05-04 09:28:13,982.65,2362951
2021-05-04 09:28:14,982.05,2363087
2021-05-04 09:28:15,982.0,2363528
2021-05-04 09:28:16,981.5,2364218
2021-05-04 09:28:17,981.85,2364790
2021-05-04 09:28:18,981.85,2365328
2021-05-04 09:28:19,981.45,2365516
2021-05-04 09:28:20,981.3,2365760
2021-05-04 09:28:21,981.1,2366452
2021-05-04 09:28:23,981.2,2367586
2021-05-04 09:28:24,980.85,2370931
2021-05-04 09:28:25,980.05,2371715
2021-05-04 09:28:26,980.85,2372293
2021-05-04 09:28:27,980.95,2372427
2021-05-04 09:28:28,980.1,2372892
2021-05-04 09:28:30,980.95,2373669
2021-05-04 09:28:31,980.2,2374119
2021-05-04 09:28:32,979.35,2379395
2021-05-04 09:28:33,980.8,2380813
2021-05-04 09:28:34,980.8,2382461
2021-05-04 09:28:34,980.25,2382934
2021-05-04 09:28:35,980.8,2383282
2021-05-04 09:28:36,980.0,2386807
2021-05-04 09:28:37,979.9,2387844
2021-05-04 09:28:38,980.05,2389363
2021-05-04 09:28:39,979.3,2390022
2021-05-04 09:28:40,980.0,2392929
2021-05-04 09:28:41,980.0,2393779
2021-05-04 09:28:42,980.0,2394863
2021-05-04 09:28:43,979.8,2395910
2021-05-04 09:28:44,979.4,2396517
2021-05-04 09:28:45,980.0,2399846
2021-05-04 09:28:46,980.1,2401424
2021-05-04 09:28:47,979.1,2404081
2021-05-04 09:28:48,979.8,2406874
2021-05-04 09:28:49,980.0,2408342
2021-05-04 09:28:50,980.1,2408713
2021-05-04 09:28:51,980.0,2409024
2021-05-04 09:28:52,980.25,2410746
2021-05-04 09:28:53,979.95,2413454
2021-05-04 09:28:54,979.95,2415154
2021-05-04 09:28:55,979.4,2416249
2021-05-04 09:28:57,980.0,2417214
2021-05-04 09:28:58,980.0,2417391
2021-05-04 09:28:59,980.0,2417475
2021-05-04 09:29:00,979.8,2417639
2021-05-04 09:29:01,979.75,2417896
2021-05-04 09:29:02,979.9,2418160
2021-05-04 09:29:03,979.15,2419925
2021-05-04 09:29:05,979.8,2423595
2021-05-04 09:29:07,979.75,2425852
2021-05-04 09:29:08,979.35,2426594
2021-05-04 09:29:09,979.35,2426943
2021-05-04 09:29:10,979.1,2427860
2021-05-04 09:29:11,979.7,2429942
2021-05-04 09:29:12,979.85,2432172
2021-05-04 09:29:13,980.35,2433232
2021-05-04 09:29:14,979.35,2433786
2021-05-04 09:29:15,979.45,2434531
2021-05-04 09:29:16,979.95,2435158
2021-05-04 09:29:17,979.5,2435908
2021-05-04 09:29:18,980.4,2437601
2021-05-04 09:29:19,979.65,2440113
2021-05-04 09:29:20,980.95,2442704
2021-05-04 09:29:22,980.15,2448773
2021-05-04 09:29:23,980.5,2450464
2021-05-04 09:29:24,980.3,2451853
2021-05-04 09:29:26,980.0,2453668
2021-05-04 09:29:27,979.35,2458123
2021-05-04 09:29:28,979.7,2463587
2021-05-04 09:29:28,980.15,2464845
2021-05-04 09:29:29,980.0,2465113
2021-05-04 09:29:30,980.0,2465336
2021-05-04 09:29:31,979.7,2465670
2021-05-04 09:29:32,980.4,2465892
2021-05-04 09:29:33,979.65,2466177
2021-05-04 09:29:34,980.05,2466720
2021-05-04 09:29:35,980.0,2470366
2021-05-04 09:29:36,980.8,2470903
2021-05-04 09:29:38,980.0,2473750
2021-05-04 09:29:39,979.85,2475991
2021-05-04 09:29:42,979.4,2479281
2021-05-04 09:29:43,979.15,2480629
2021-05-04 09:29:44,979.85,2481243
2021-05-04 09:29:45,980.0,2481750
2021-05-04 09:29:46,980.0,2482452
2021-05-04 09:29:47,979.7,2483050
2021-05-04 09:29:48,979.8,2483242
2021-05-04 09:29:49,980.0,2483744
2021-05-04 09:29:50,980.35,2483924
2021-05-04 09:29:51,979.95,2484053
2021-05-04 09:29:52,980.0,2484332
2021-05-04 09:29:53,979.8,2484641
2021-05-04 09:29:54,979.6,2485479
2021-05-04 09:29:55,980.45,2486716
2021-05-04 09:29:56,980.35,2487142
2021-05-04 09:29:57,980.35,2487481
2021-05-04 09:29:58,979.8,2487944
2021-05-04 09:29:59,979.95,2493973
2021-05-04 09:30:00,979.95,2495729
2021-05-04 09:30:01,979.85,2496211
2021-05-04 09:30:02,979.0,2496971
2021-05-04 09:30:03,979.05,2497862
2021-05-04 09:30:04,979.25,2499104
2021-05-04 09:30:05,978.5,2500061
2021-05-04 09:30:06,978.45,2502221
2021-05-04 09:30:07,979.0,2503464
2021-05-04 09:30:08,979.15,2504027
2021-05-04 09:30:09,979.4,2504979
2021-05-04 09:30:10,979.0,2506459
2021-05-04 09:30:11,979.0,2506958
2021-05-04 09:30:13,979.15,2509012
2021-05-04 09:30:14,979.0,2509225
2021-05-04 09:30:15,978.35,2510817
2021-05-04 09:30:16,978.15,2511545
2021-05-04 09:30:17,977.5,2516935
2021-05-04 09:30:17,977.25,2515940
2021-05-04 09:30:18,976.9,2518059
2021-05-04 09:30:19,976.0,2518313
2021-05-04 09:30:20,975.5,2520190
2021-05-04 09:30:21,974.05,2530574
2021-05-04 09:30:22,973.9,2531278
2021-05-04 09:30:23,973.8,2532653
2021-05-04 09:30:24,974.1,2533534
2021-05-04 09:30:26,974.2,2534657
2021-05-04 09:30:27,974.2,2535214
2021-05-04 09:30:28,974.05,2535337
2021-05-04 09:30:29,971.95,2549809
2021-05-04 09:30:30,971.4,2553331
2021-05-04 09:30:31,972.7,2555399
2021-05-04 09:30:32,972.0,2566234
2021-05-04 09:30:33,971.5,2566990
2021-05-04 09:30:34,972.65,2568326
2021-05-04 09:30:35,972.55,2570013
2021-05-04 09:30:36,972.95,2571815
2021-05-04 09:30:37,973.35,2572803
2021-05-04 09:30:38,974.1,2573374
2021-05-04 09:30:39,973.45,2573861
2021-05-04 09:30:41,973.9,2575835
2021-05-04 09:30:42,973.35,2575948
2021-05-04 09:30:43,974.5,2577373
2021-05-04 09:30:44,974.4,2578825
2021-05-04 09:30:45,974.35,2580075
2021-05-04 09:30:46,974.25,2580454
2021-05-04 09:30:47,974.15,2580734
2021-05-04 09:30:48,973.9,2581290
2021-05-04 09:30:49,974.0,2581775
2021-05-04 09:30:50,974.55,2582043
2021-05-04 09:30:50,974.55,2582046
2021-05-04 09:30:51,974.5,2582456
2021-05-04 09:30:52,974.0,2583301
2021-05-04 09:30:55,973.85,2584388
2021-05-04 09:30:56,974.55,2585612
2021-05-04 09:30:57,974.75,2585890
2021-05-04 09:30:58,974.6,2586014
2021-05-04 09:31:00,973.6,2588237
2021-05-04 09:31:01,973.8,2588689
2021-05-04 09:31:03,973.5,2590272
2021-05-04 09:31:05,974.0,2590560
2021-05-04 09:31:06,973.7,2591528
2021-05-04 09:31:07,974.6,2591833
2021-05-04 09:31:09,974.0,2592248
2021-05-04 09:31:10,974.0,2592424
2021-05-04 09:31:11,973.75,2592811
2021-05-04 09:31:12,973.7,2593165
2021-05-04 09:31:13,974.3,2594018
2021-05-04 09:31:14,974.35,2594568
2021-05-04 09:31:15,974.1,2595197
2021-05-04 09:31:16,973.7,2595357
2021-05-04 09:31:17,974.1,2595674
2021-05-04 09:31:18,974.4,2595891
2021-05-04 09:31:19,974.05,2596055
2021-05-04 09:31:20,974.0,2596311
2021-05-04 09:31:21,974.45,2596362
2021-05-04 09:31:22,974.5,2596843
2021-05-04 09:31:23,974.75,2599032
2021-05-04 09:31:24,974.35,2599462
2021-05-04 09:31:25,974.15,2599645
2021-05-04 09:31:26,974.0,2600014
2021-05-04 09:31:28,974.4,2600424
2021-05-04 09:31:29,973.9,2600610
2021-05-04 09:31:30,973.95,2600650
2021-05-04 09:31:31,974.4,2600876
2021-05-04 09:31:32,973.95,2601477
2021-05-04 09:31:33,973.5,2602512
2021-05-04 09:31:34,971.5,2609814
2021-05-04 09:31:35,971.3,2613533
2021-05-04 09:31:36,971.75,2616509
2021-05-04 09:31:37,971.15,2617884
2021-05-04 09:31:38,971.6,2618488
2021-05-04 09:31:39,972.0,2619649
2021-05-04 09:31:40,971.15,2620095
2021-05-04 09:31:41,972.0,2621143
2021-05-04 09:31:42,971.1,2623063
2021-05-04 09:31:43,971.75,2623578
2021-05-04 09:31:44,971.1,2624637
2021-05-04 09:31:45,971.7,2624911
2021-05-04 09:31:46,971.05,2625774
2021-05-04 09:31:47,971.7,2625996
2021-05-04 09:31:48,971.2,2626702
2021-05-04 09:31:49,971.2,2627087
2021-05-04 09:31:50,971.8,2628327
2021-05-04 09:31:51,973.25,2632800
2021-05-04 09:31:52,972.25,2634419
2021-05-04 09:31:53,972.7,2634732
2021-05-04 09:31:53,972.7,2634732
2021-05-04 09:31:54,975.5,2642573
2021-05-04 09:31:56,974.55,2644377
2021-05-04 09:31:57,975.25,2645457
2021-05-04 09:31:58,975.5,2645880
2021-05-04 09:31:59,975.55,2646282
2021-05-04 09:32:00,975.0,2647681
2021-05-04 09:32:01,974.9,2648167
2021-05-04 09:32:02,974.75,2650835
2021-05-04 09:32:03,974.65,2651203
2021-05-04 09:32:04,974.6,2651818
2021-05-04 09:32:05,974.0,2652354
2021-05-04 09:32:05,974.0,2652312
2021-05-04 09:32:06,974.6,2652467
2021-05-04 09:32:07,973.5,2654505
2021-05-04 09:32:08,972.8,2655237
2021-05-04 09:32:10,972.3,2656155
2021-05-04 09:32:11,972.0,2656365
2021-05-04 09:32:12,971.85,2657957
2021-05-04 09:32:13,971.75,2659265
2021-05-04 09:32:14,971.8,2659708
2021-05-04 09:32:15,971.1,2660251
2021-05-04 09:32:16,971.6,2660482
2021-05-04 09:32:17,971.1,2661063
2021-05-04 09:32:18,971.65,2662154
2021-05-04 09:32:19,971.65,2662325
2021-05-04 09:32:20,971.3,2662415
2021-05-04 09:32:21,971.95,2662983
2021-05-04 09:32:22,972.4,2663793
2021-05-04 09:32:23,972.6,2664594
2021-05-04 09:32:24,972.5,2664988
2021-05-04 09:32:25,973.65,2665360
2021-05-04 09:32:26,973.9,2667441
2021-05-04 09:32:27,973.0,2667973
2021-05-04 09:32:28,973.0,2668689
2021-05-04 09:32:29,972.55,2669415
2021-05-04 09:32:30,973.35,2669554
2021-05-04 09:32:31,973.0,2670606
2021-05-04 09:32:32,973.4,2670841
2021-05-04 09:32:33,973.5,2671059
2021-05-04 09:32:33,973.0,2671332
2021-05-04 09:32:34,973.0,2671442
2021-05-04 09:32:35,973.45,2671546
2021-05-04 09:32:36,973.0,2671767
2021-05-04 09:32:37,973.3,2672072
2021-05-04 09:32:38,973.0,2672240
2021-05-04 09:32:40,973.4,2673266
2021-05-04 09:32:41,973.0,2673989
2021-05-04 09:32:42,972.65,2675503
2021-05-04 09:32:43,972.8,2675793
2021-05-04 09:32:44,972.65,2677230
2021-05-04 09:32:45,972.8,2678066
2021-05-04 09:32:46,972.95,2678226
2021-05-04 09:32:47,973.0,2678277
2021-05-04 09:32:48,972.95,2678744
2021-05-04 09:32:49,972.65,2678915
2021-05-04 09:32:50,973.0,2679037
2021-05-04 09:32:51,972.95,2679912
2021-05-04 09:32:52,972.75,2680122
2021-05-04 09:32:53,973.4,2680166
2021-05-04 09:32:54,973.0,2680876
2021-05-04 09:32:55,972.7,2680917
2021-05-04 09:32:56,973.25,2681697
2021-05-04 09:32:57,973.0,2683483
2021-05-04 09:32:58,973.1,2683724
2021-05-04 09:32:59,973.0,2684153
2021-05-04 09:33:01,972.7,2685047
2021-05-04 09:33:02,972.75,2685266
2021-05-04 09:33:03,972.65,2685420
2021-05-04 09:33:06,972.7,2687132
2021-05-04 09:33:07,972.7,2687647
2021-05-04 09:33:08,972.75,2688023
2021-05-04 09:33:09,972.5,2688101
2021-05-04 09:33:10,972.5,2688200
2021-05-04 09:33:11,973.05,2703665
2021-05-04 09:33:12,973.0,2704904
2021-05-04 09:33:13,972.8,2705154
2021-05-04 09:33:14,973.0,2705937
2021-05-04 09:33:15,972.8,2708022
2021-05-04 09:33:16,973.0,2708052
2021-05-04 09:33:17,973.0,2708280
2021-05-04 09:33:18,973.05,2708335
2021-05-04 09:33:19,972.7,2708716
2021-05-04 09:33:20,972.95,2708838
2021-05-04 09:33:21,972.85,2708929
2021-05-04 09:33:22,973.05,2710034
2021-05-04 09:33:23,972.8,2714093
2021-05-04 09:33:24,972.8,2716682
2021-05-04 09:33:25,973.05,2717975
2021-05-04 09:33:26,973.0,2718331
2021-05-04 09:33:27,972.85,2718614
2021-05-04 09:33:28,972.5,2718816
2021-05-04 09:33:29,972.85,2719099
2021-05-04 09:33:30,972.7,2719322
2021-05-04 09:33:30,972.15,2719357
2021-05-04 09:33:31,972.85,2719469
2021-05-04 09:33:32,972.85,2719559
2021-05-04 09:33:33,972.3,2720312
2021-05-04 09:33:34,972.8,2720828
2021-05-04 09:33:35,972.0,2723971
2021-05-04 09:33:38,972.5,2728366
2021-05-04 09:33:39,972.0,2729266
2021-05-04 09:33:40,971.85,2729690
2021-05-04 09:33:41,971.8,2730108
2021-05-04 09:33:42,971.7,2731091
2021-05-04 09:33:42,971.55,2731232
2021-05-04 09:33:44,971.35,2731579
2021-05-04 09:33:45,971.8,2732088
2021-05-04 09:33:46,971.9,2732580
2021-05-04 09:33:47,971.95,2732707
2021-05-04 09:33:48,971.85,2733547
2021-05-04 09:33:49,971.45,2735096
2021-05-04 09:33:49,971.55,2735803
2021-05-04 09:33:51,971.25,2741858
2021-05-04 09:33:52,971.0,2745625
2021-05-04 09:33:53,970.6,2746687
2021-05-04 09:33:54,970.1,2748147
2021-05-04 09:33:55,970.35,2748657
2021-05-04 09:33:56,968.95,2763199
2021-05-04 09:33:57,969.05,2765562
2021-05-04 09:33:58,969.4,2765659
2021-05-04 09:33:59,969.35,2766339
2021-05-04 09:34:00,970.0,2768279
2021-05-04 09:34:01,969.95,2771519
2021-05-04 09:34:02,971.0,2772833
2021-05-04 09:34:03,970.35,2773718
2021-05-04 09:34:04,970.2,2774099
2021-05-04 09:34:05,970.3,2775469
2021-05-04 09:34:06,969.3,2776799
2021-05-04 09:34:07,970.3,2777457
2021-05-04 09:34:08,970.55,2778897
2021-05-04 09:34:09,970.2,2779549
2021-05-04 09:34:10,969.85,2780160
2021-05-04 09:34:12,969.95,2780430
2021-05-04 09:34:13,969.95,2780784
2021-05-04 09:34:14,969.95,2781144
2021-05-04 09:34:15,969.95,2781288
2021-05-04 09:34:16,971.1,2786397
2021-05-04 09:34:17,971.1,2788049
2021-05-04 09:34:18,971.15,2788365
2021-05-04 09:34:19,971.4,2788531
2021-05-04 09:34:20,971.4,2788605
2021-05-04 09:34:21,970.6,2789943
2021-05-04 09:34:22,970.4,2790807
2021-05-04 09:34:23,970.9,2790996
2021-05-04 09:34:24,970.8,2792014
2021-05-04 09:34:25,970.8,2792365
2021-05-04 09:34:26,970.95,2792455
2021-05-04 09:34:27,971.0,2792963
2021-05-04 09:34:28,971.0,2793086
2021-05-04 09:34:29,970.95,2793408
2021-05-04 09:34:30,971.15,2796087
2021-05-04 09:34:31,971.65,2796535
2021-05-04 09:34:32,971.05,2796833
2021-05-04 09:34:33,971.0,2797366
2021-05-04 09:34:34,971.0,2797783
2021-05-04 09:34:35,971.45,2798144
2021-05-04 09:34:36,971.0,2798222
2021-05-04 09:34:37,971.45,2798325
2021-05-04 09:34:38,971.65,2799083
2021-05-04 09:34:39,971.3,2799209
2021-05-04 09:34:41,971.3,2799398
2021-05-04 09:34:42,971.45,2800127
2021-05-04 09:34:43,971.45,2800136
2021-05-04 09:34:44,971.45,2800590
2021-05-04 09:34:45,971.45,2800834
2021-05-04 09:34:46,971.05,2800969
2021-05-04 09:34:47,971.05,2800993
2021-05-04 09:34:48,971.45,2801229
2021-05-04 09:34:49,971.45,2801329
2021-05-04 09:34:50,971.45,2801517
2021-05-04 09:34:51,971.3,2801623
2021-05-04 09:34:52,971.05,2801727
2021-05-04 09:34:53,971.45,2803098
2021-05-04 09:34:54,971.3,2803213
2021-05-04 09:34:55,971.45,2803396
2021-05-04 09:34:56,971.0,2803429
2021-05-04 09:34:57,971.6,2805073
2021-05-04 09:34:58,971.6,2805124
2021-05-04 09:34:59,971.05,2805661
2021-05-04 09:35:00,971.3,2806094
2021-05-04 09:35:01,970.8,2806999
2021-05-04 09:35:02,970.4,2807622
2021-05-04 09:35:03,970.1,2813151
2021-05-04 09:35:04,969.95,2813776
2021-05-04 09:35:05,969.65,2814226
2021-05-04 09:35:06,969.0,2814366
2021-05-04 09:35:07,968.6,2816705
2021-05-04 09:35:08,969.05,2818531
2021-05-04 09:35:09,968.5,2818755
2021-05-04 09:35:10,968.7,2819273
2021-05-04 09:35:11,968.4,2819493
2021-05-04 09:35:12,968.55,2820139
2021-05-04 09:35:13,968.3,2820844
2021-05-04 09:35:14,968.3,2820879
2021-05-04 09:35:15,968.2,2821377
2021-05-04 09:35:16,968.25,2821605
2021-05-04 09:35:17,968.2,2822618
2021-05-04 09:35:19,969.85,2824324
2021-05-04 09:35:18,969.85,2824307
2021-05-04 09:35:20,969.5,2825241
2021-05-04 09:35:22,969.4,2826208
2021-05-04 09:35:23,969.4,2826321
2021-05-04 09:35:24,969.95,2828076
2021-05-04 09:35:25,970.0,2828339
2021-05-04 09:35:26,969.85,2829837
2021-05-04 09:35:27,969.25,2830102
2021-05-04 09:35:28,969.85,2830268
2021-05-04 09:35:29,969.15,2831354
2021-05-04 09:35:30,969.65,2831728
2021-05-04 09:35:31,969.6,2832264
2021-05-04 09:35:34,969.3,2832855
2021-05-04 09:35:33,969.65,2832721
2021-05-04 09:35:35,969.15,2833132
2021-05-04 09:35:36,969.25,2834781
2021-05-04 09:35:37,969.4,2835259
2021-05-04 09:35:38,969.4,2835468
2021-05-04 09:35:39,969.5,2836046
2021-05-04 09:35:40,969.55,2836086
2021-05-04 09:35:41,969.6,2836193
2021-05-04 09:35:42,969.6,2836920
2021-05-04 09:35:43,969.5,2837031
2021-05-04 09:35:44,969.6,2838213
2021-05-04 09:35:45,969.25,2840117
2021-05-04 09:35:46,970.0,2842463
2021-05-04 09:35:47,969.55,2842876
2021-05-04 09:35:48,970.35,2846975
2021-05-04 09:35:49,970.6,2847704
2021-05-04 09:35:50,970.6,2848289
2021-05-04 09:35:51,970.6,2848299
2021-05-04 09:35:52,970.0,2848540
2021-05-04 09:35:53,970.25,2848671
2021-05-04 09:35:54,970.1,2849056
2021-05-04 09:35:55,970.4,2851086
2021-05-04 09:35:56,970.3,2851928
2021-05-04 09:35:57,970.3,2851948
2021-05-04 09:35:58,970.6,2852319
2021-05-04 09:35:59,970.05,2852732
2021-05-04 09:36:00,970.3,2852868
2021-05-04 09:36:01,970.3,2852920
2021-05-04 09:36:02,970.4,2853034
2021-05-04 09:36:03,970.6,2853169
2021-05-04 09:36:05,970.6,2853572
2021-05-04 09:36:06,970.65,2853642
2021-05-04 09:36:06,970.6,2853773
2021-05-04 09:36:09,970.65,2854527
2021-05-04 09:36:10,970.6,2854593
2021-05-04 09:36:11,970.65,2855154
2021-05-04 09:36:12,970.6,2855677
2021-05-04 09:36:13,970.0,2855835
2021-05-04 09:36:15,970.6,2856352
2021-05-04 09:36:15,970.6,2856408
2021-05-04 09:36:16,969.0,2861547
2021-05-04 09:36:17,968.95,2866261
2021-05-04 09:36:18,968.3,2867405
2021-05-04 09:36:19,967.15,2875589
2021-05-04 09:36:20,967.7,2878989
2021-05-04 09:36:22,967.1,2880068
2021-05-04 09:36:22,967.55,2880484
2021-05-04 09:36:23,968.2,2881191
2021-05-04 09:36:24,968.2,2881447
2021-05-04 09:36:25,969.05,2884644
2021-05-04 09:36:26,968.2,2886111
2021-05-04 09:36:27,968.25,2886465
2021-05-04 09:36:29,968.55,2887560
2021-05-04 09:36:29,968.5,2888107
2021-05-04 09:36:30,968.25,2888134
2021-05-04 09:36:31,968.8,2888316
2021-05-04 09:36:32,968.25,2889490
2021-05-04 09:36:34,968.15,2890548
2021-05-04 09:36:34,967.7,2890389
2021-05-04 09:36:35,967.6,2891367
2021-05-04 09:36:36,967.7,2891827
2021-05-04 09:36:37,967.95,2892252
2021-05-04 09:36:38,967.85,2892791
2021-05-04 09:36:40,967.55,2892867
2021-05-04 09:36:40,967.7,2892930
2021-05-04 09:36:41,967.4,2893616
2021-05-04 09:36:42,967.8,2894132
2021-05-04 09:36:44,967.95,2894852
2021-05-04 09:36:43,967.7,2894737
2021-05-04 09:36:45,967.85,2894879
2021-05-04 09:36:46,967.8,2895986
2021-05-04 09:36:48,967.05,2897047
2021-05-04 09:36:48,967.05,2897164
2021-05-04 09:36:49,967.0,2898273
2021-05-04 09:36:50,967.25,2900482
2021-05-04 09:36:51,967.25,2901040
2021-05-04 09:36:52,967.55,2901446
2021-05-04 09:36:53,967.6,2902012
2021-05-04 09:36:55,967.75,2914996
2021-05-04 09:36:55,967.7,2917560
2021-05-04 09:36:56,967.65,2918088
2021-05-04 09:36:57,967.5,2919010
2021-05-04 09:36:58,967.8,2919635
2021-05-04 09:37:00,968.0,2919971
2021-05-04 09:37:00,967.65,2920052
2021-05-04 09:37:01,968.0,2920911
2021-05-04 09:37:02,967.5,2921624
2021-05-04 09:37:03,967.5,2922648
2021-05-04 09:37:04,968.0,2923399
2021-05-04 09:37:05,967.5,2923966
2021-05-04 09:37:07,967.5,2925148
2021-05-04 09:37:07,967.6,2925441
2021-05-04 09:37:08,967.35,2926188
2021-05-04 09:37:09,966.75,2931006
2021-05-04 09:37:10,965.45,2934826
2021-05-04 09:37:11,966.05,2937862
2021-05-04 09:37:12,965.4,2938908
2021-05-04 09:37:14,965.3,2939418
2021-05-04 09:37:14,965.1,2939957
2021-05-04 09:37:16,965.8,2943206
2021-05-04 09:37:17,965.7,2945543
2021-05-04 09:37:18,965.8,2946960
2021-05-04 09:37:19,965.0,2950023
2021-05-04 09:37:21,965.5,2954690
2021-05-04 09:37:23,966.0,2957531
2021-05-04 09:37:24,965.85,2958470
2021-05-04 09:37:26,965.9,2966322
2021-05-04 09:37:26,965.65,2967953
2021-05-04 09:37:27,965.8,2969835
2021-05-04 09:37:28,966.35,2970811
2021-05-04 09:37:29,965.65,2973383
2021-05-04 09:37:32,965.05,2976270
2021-05-04 09:37:33,965.15,2976933
2021-05-04 09:37:34,964.9,2977774
2021-05-04 09:37:35,965.0,2977902
2021-05-04 09:37:36,965.0,2978219
2021-05-04 09:37:37,964.5,2978857
2021-05-04 09:37:38,965.0,2979768
2021-05-04 09:37:39,965.0,2980756
2021-05-04 09:37:40,964.3,2982462
2021-05-04 09:37:42,964.7,2983576
2021-05-04 09:37:42,964.9,2984726
2021-05-04 09:37:43,964.15,2984929
2021-05-04 09:37:44,964.9,2985316
2021-05-04 09:37:45,964.95,2985710
2021-05-04 09:37:46,964.95,2987100
2021-05-04 09:37:47,964.2,2987934
2021-05-04 09:37:48,964.1,2990117
2021-05-04 09:37:49,964.1,2990290
2021-05-04 09:37:50,964.45,2991633
2021-05-04 09:37:51,964.25,2992158
2021-05-04 09:37:53,964.1,2995079
2021-05-04 09:37:53,964.1,2995138
2021-05-04 09:37:54,964.0,2995427
2021-05-04 09:37:55,964.0,2995810
2021-05-04 09:37:56,965.2,2998330
2021-05-04 09:37:57,964.25,2998985
2021-05-04 09:37:59,964.95,3000104
2021-05-04 09:37:59,964.3,3000106
2021-05-04 09:38:00,964.3,3001823
2021-05-04 09:38:01,964.0,3001867
2021-05-04 09:38:02,964.0,3002321
2021-05-04 09:38:03,964.15,3004317
2021-05-04 09:38:04,964.8,3004359
2021-05-04 09:38:06,964.8,3004823
2021-05-04 09:38:07,964.65,3004975
2021-05-04 09:38:08,964.65,3005099
2021-05-04 09:38:08,964.65,3005190
2021-05-04 09:38:09,964.7,3006651
2021-05-04 09:38:10,964.8,3006785
2021-05-04 09:38:12,964.85,3007142
2021-05-04 09:38:13,964.95,3007681
2021-05-04 09:38:13,964.95,3007681
2021-05-04 09:38:15,965.0,3008004
2021-05-04 09:38:16,964.8,3009017
2021-05-04 09:38:17,964.8,3009056
2021-05-04 09:38:18,965.5,3011666
2021-05-04 09:38:21,966.35,3012889
2021-05-04 09:38:21,966.1,3013300
2021-05-04 09:38:22,965.15,3013613
2021-05-04 09:38:23,966.3,3014413
2021-05-04 09:38:25,965.5,3016044
2021-05-04 09:38:26,966.0,3017204
2021-05-04 09:38:27,965.85,3017576
2021-05-04 09:38:27,965.0,3017720
2021-05-04 09:38:28,965.7,3019256
2021-05-04 09:38:29,965.55,3020263
2021-05-04 09:38:30,965.6,3020917
2021-05-04 09:38:31,965.7,3021583
2021-05-04 09:38:33,965.4,3021723
2021-05-04 09:38:34,965.25,3022218
2021-05-04 09:38:35,965.55,3023142
2021-05-04 09:38:36,965.5,3023289
2021-05-04 09:38:37,965.35,3023502
2021-05-04 09:38:37,965.35,3023502
2021-05-04 09:38:38,965.0,3024710
2021-05-04 09:38:39,964.8,3026234
2021-05-04 09:38:40,964.7,3026329
2021-05-04 09:38:41,965.0,3026552
2021-05-04 09:38:43,965.0,3026571
2021-05-04 09:38:43,965.15,3026602
2021-05-04 09:38:44,964.65,3026901
2021-05-04 09:38:46,962.4,3039362
2021-05-04 09:38:47,962.85,3041572
2021-05-04 09:38:48,962.5,3042095
2021-05-04 09:38:48,963.0,3042225
2021-05-04 09:38:49,962.8,3042534
2021-05-04 09:38:50,962.95,3043750
2021-05-04 09:38:51,963.1,3044833
2021-05-04 09:38:52,963.6,3045383
2021-05-04 09:38:53,963.45,3046408
2021-05-04 09:38:55,963.75,3047762
2021-05-04 09:38:56,963.85,3049560
2021-05-04 09:38:56,964.2,3049765
2021-05-04 09:38:57,964.5,3051031
2021-05-04 09:38:58,964.6,3052142
2021-05-04 09:39:01,964.5,3054618
2021-05-04 09:39:02,965.0,3055491
2021-05-04 09:39:02,965.0,3055612
2021-05-04 09:39:03,964.85,3056812
2021-05-04 09:39:06,964.25,3060745
2021-05-04 09:39:07,963.7,3061855
2021-05-04 09:39:08,964.0,3061859
2021-05-04 09:39:10,964.0,3062628
2021-05-04 09:39:11,964.0,3062773
2021-05-04 09:39:12,964.4,3063458
2021-05-04 09:39:13,964.7,3063937
2021-05-04 09:39:13,964.7,3063937
2021-05-04 09:39:14,964.5,3064105
2021-05-04 09:39:17,964.15,3065060
2021-05-04 09:39:18,964.1,3065695
2021-05-04 09:39:18,963.75,3065903
2021-05-04 09:39:20,963.95,3065924
2021-05-04 09:39:21,964.15,3066713
2021-05-04 09:39:21,964.05,3066714
2021-05-04 09:39:22,964.05,3067179
2021-05-04 09:39:23,963.7,3067250
2021-05-04 09:39:26,964.0,3067999
2021-05-04 09:39:27,963.45,3068247
2021-05-04 09:39:28,963.55,3068423
2021-05-04 09:39:29,963.55,3068593
2021-05-04 09:39:30,963.95,3068893
2021-05-04 09:39:31,963.7,3069685
2021-05-04 09:39:31,963.7,3069685
2021-05-04 09:39:32,963.55,3069907
2021-05-04 09:39:33,963.8,3070362
2021-05-04 09:39:34,963.55,3070502
2021-05-04 09:39:35,963.85,3071203
2021-05-04 09:39:37,963.3,3071626
2021-05-04 09:39:38,963.5,3072639
2021-05-04 09:39:39,963.55,3072718
2021-05-04 09:39:39,963.5,3072729
2021-05-04 09:39:40,963.4,3072874
2021-05-04 09:39:41,963.55,3073381
2021-05-04 09:39:42,963.55,3073990
2021-05-04 09:39:43,963.5,3074872
2021-05-04 09:39:45,963.2,3075657
2021-05-04 09:39:46,963.3,3078194
2021-05-04 09:39:46,963.3,3078194
2021-05-04 09:39:47,962.95,3078294
2021-05-04 09:39:48,962.6,3078760
2021-05-04 09:39:50,963.4,3079235
2021-05-04 09:39:52,963.1,3080172
2021-05-04 09:39:53,963.1,3080704
2021-05-04 09:39:54,963.1,3081213
2021-05-04 09:39:56,963.2,3081365
2021-05-04 09:39:57,963.0,3082398
2021-05-04 09:39:58,963.0,3082902
2021-05-04 09:39:58,963.45,3083017
2021-05-04 09:39:59,962.85,3083087
2021-05-04 09:40:00,962.85,3083700
2021-05-04 09:40:01,962.1,3088374
2021-05-04 09:40:02,962.5,3089997
2021-05-04 09:40:03,961.15,3095261
2021-05-04 09:40:05,961.0,3100346
2021-05-04 09:40:06,960.9,3102377
2021-05-04 09:40:06,960.3,3102991
2021-05-04 09:40:07,960.9,3104343
2021-05-04 09:40:08,960.3,3106664
2021-05-04 09:40:09,960.25,3113883
2021-05-04 09:40:10,960.5,3115279
2021-05-04 09:40:12,960.3,3116999
2021-05-04 09:40:13,960.65,3118793
2021-05-04 09:40:14,959.95,3130425
2021-05-04 09:40:14,959.85,3130430
2021-05-04 09:40:15,959.85,3131937
2021-05-04 09:40:17,959.8,3132471
2021-05-04 09:40:18,959.85,3134097
2021-05-04 09:40:19,959.4,3137154
2021-05-04 09:40:20,959.9,3139612
2021-05-04 09:40:21,960.3,3142652
2021-05-04 09:40:22,959.7,3143437
2021-05-04 09:40:22,959.25,3143756
2021-05-04 09:40:23,959.75,3148146
2021-05-04 09:40:25,959.0,3149842
2021-05-04 09:40:26,958.65,3150959
2021-05-04 09:40:27,958.85,3152465
2021-05-04 09:40:28,958.55,3153225
2021-05-04 09:40:28,958.55,3153182
2021-05-04 09:40:29,958.3,3154316
2021-05-04 09:40:31,958.2,3155975
2021-05-04 09:40:32,958.0,3159805
2021-05-04 09:40:33,956.2,3163240
2021-05-04 09:40:34,956.55,3167491
2021-05-04 09:40:35,955.65,3169863
2021-05-04 09:40:37,955.05,3172901
2021-05-04 09:40:38,955.45,3178399
2021-05-04 09:40:39,957.15,3181433
2021-05-04 09:40:40,956.35,3182162
2021-05-04 09:40:41,956.15,3184348
2021-05-04 09:40:41,955.55,3184273
2021-05-04 09:40:42,955.15,3192511
2021-05-04 09:40:43,955.55,3194967
2021-05-04 09:40:45,955.55,3196883
2021-05-04 09:40:46,955.55,3200589
2021-05-04 09:40:47,956.25,3201669
2021-05-04 09:40:47,956.15,3202004
2021-05-04 09:40:48,956.75,3203149
2021-05-04 09:40:49,956.45,3203300
2021-05-04 09:40:51,956.65,3204578
2021-05-04 09:40:52,956.6,3204959
2021-05-04 09:40:53,956.0,3207541
2021-05-04 09:40:54,956.0,3207778
2021-05-04 09:40:55,956.0,3208465
2021-05-04 09:40:56,955.85,3211022
2021-05-04 09:40:57,955.4,3215572
2021-05-04 09:40:58,955.1,3217118
2021-05-04 09:40:59,955.0,3218262
2021-05-04 09:40:59,955.0,3218799
2021-05-04 09:41:00,955.0,3221835
2021-05-04 09:41:02,954.7,3223315
2021-05-04 09:41:03,954.2,3224545
2021-05-04 09:41:04,954.15,3226648
2021-05-04 09:41:05,953.7,3228772
2021-05-04 09:41:05,954.3,3229374
2021-05-04 09:41:06,954.5,3229900
2021-05-04 09:41:09,954.05,3230750
2021-05-04 09:41:10,954.0,3231507
2021-05-04 09:41:11,954.0,3231912
2021-05-04 09:41:11,953.85,3231916
2021-05-04 09:41:12,953.85,3232172
2021-05-04 09:41:13,954.0,3232796
2021-05-04 09:41:15,953.75,3233860
2021-05-04 09:41:16,953.75,3234473
2021-05-04 09:41:17,953.95,3235851
2021-05-04 09:41:18,953.4,3237401
2021-05-04 09:41:19,953.85,3237623
2021-05-04 09:41:20,953.75,3238432
2021-05-04 09:41:20,953.85,3238422
2021-05-04 09:41:21,953.9,3240084
2021-05-04 09:41:23,953.9,3240925
2021-05-04 09:41:24,954.0,3242559
2021-05-04 09:41:25,954.65,3244863
2021-05-04 09:41:26,953.9,3245064
2021-05-04 09:41:27,953.75,3245065
2021-05-04 09:41:28,954.55,3246673
2021-05-04 09:41:29,954.0,3248766
2021-05-04 09:41:30,953.8,3252513
2021-05-04 09:41:31,954.8,3252834
2021-05-04 09:41:32,954.25,3253814
2021-05-04 09:41:33,955.0,3254409
2021-05-04 09:41:34,954.5,3255476
2021-05-04 09:41:35,954.5,3255644
2021-05-04 09:41:36,954.55,3256800
2021-05-04 09:41:37,954.1,3259966
2021-05-04 09:41:38,954.7,3262046
2021-05-04 09:41:38,953.95,3262146
2021-05-04 09:41:43,951.6,3278250
2021-05-04 09:41:44,952.9,3282693
2021-05-04 09:41:44,952.45,3282783
2021-05-04 09:41:45,952.0,3284010
2021-05-04 09:41:48,951.6,3285652
2021-05-04 09:41:49,950.5,3289916
2021-05-04 09:41:50,950.35,3292864
2021-05-04 09:41:51,950.1,3296383
2021-05-04 09:41:51,950.4,3296433
2021-05-04 09:41:54,949.55,3308986
2021-05-04 09:41:55,950.45,3318700
2021-05-04 09:41:56,949.6,3322940
2021-05-04 09:41:56,950.0,3323739
2021-05-04 09:41:57,950.0,3325817
2021-05-04 09:41:58,950.0,3328442
2021-05-04 09:42:00,950.15,3330112
2021-05-04 09:42:01,950.85,3333376
2021-05-04 09:42:02,949.9,3335721
2021-05-04 09:42:02,949.9,3335728
2021-05-04 09:42:03,949.7,3336366
2021-05-04 09:42:04,949.65,3337459
2021-05-04 09:42:06,949.55,3340851
2021-05-04 09:42:07,949.65,3343068
2021-05-04 09:42:08,949.7,3344541
2021-05-04 09:42:08,949.7,3344229
2021-05-04 09:42:09,948.0,3355891
2021-05-04 09:42:11,947.65,3359535
2021-05-04 09:42:14,947.65,3366898
2021-05-04 09:42:14,947.05,3366539
2021-05-04 09:42:15,947.2,3371206
2021-05-04 09:42:17,947.5,3400118
2021-05-04 09:42:18,947.0,3401991
2021-05-04 09:42:19,947.0,3403328
2021-05-04 09:42:19,947.0,3403785
2021-05-04 09:42:20,947.25,3408450
2021-05-04 09:42:22,947.05,3410500
2021-05-04 09:42:23,947.0,3416316
2021-05-04 09:42:24,946.8,3417564
2021-05-04 09:42:24,946.15,3418150
2021-05-04 09:42:26,945.9,3421825
2021-05-04 09:42:27,945.1,3431300
2021-05-04 09:42:28,945.1,3437762
2021-05-04 09:42:29,944.25,3439067
2021-05-04 09:42:30,945.55,3445807
2021-05-04 09:42:31,945.0,3446809
2021-05-04 09:42:31,945.4,3447003
2021-05-04 09:42:33,945.5,3449704
2021-05-04 09:42:34,946.6,3451000
2021-05-04 09:42:35,946.3,3454751
2021-05-04 09:42:36,946.35,3455160
2021-05-04 09:42:37,946.8,3456657
2021-05-04 09:42:38,946.6,3456876
2021-05-04 09:42:39,946.4,3458809
2021-05-04 09:42:41,946.8,3459428
2021-05-04 09:42:42,944.8,3473289
2021-05-04 09:42:43,944.2,3474285
2021-05-04 09:42:44,944.7,3481824
2021-05-04 09:42:44,944.6,3481973
2021-05-04 09:42:45,944.55,3483455
2021-05-04 09:42:46,944.65,3484308
2021-05-04 09:42:47,944.1,3485921
2021-05-04 09:42:49,944.3,3486601
2021-05-04 09:42:49,944.3,3488927
2021-05-04 09:42:50,944.85,3491223
2021-05-04 09:42:54,944.95,3504937
2021-05-04 09:42:55,945.5,3511089
2021-05-04 09:42:55,945.25,3511070
2021-05-04 09:42:56,946.35,3513639
2021-05-04 09:42:57,946.3,3515992
2021-05-04 09:42:59,946.6,3520131
2021-05-04 09:43:00,947.0,3523265
2021-05-04 09:43:01,947.1,3525758
2021-05-04 09:43:02,947.2,3526494
2021-05-04 09:43:02,947.0,3527255
2021-05-04 09:43:03,947.15,3528689
2021-05-04 09:43:05,946.85,3529953
2021-05-04 09:43:06,947.35,3531448
2021-05-04 09:43:07,947.3,3533289
2021-05-04 09:43:08,947.2,3534669
2021-05-04 09:43:08,946.85,3533972
2021-05-04 09:43:11,947.4,3538204
2021-05-04 09:43:12,947.3,3539455
2021-05-04 09:43:13,947.1,3540595
2021-05-04 09:43:14,947.2,3543095
2021-05-04 09:43:15,947.4,3543926
2021-05-04 09:43:17,948.85,3547221
2021-05-04 09:43:18,949.0,3548554
2021-05-04 09:43:19,949.9,3549492
2021-05-04 09:43:20,950.8,3555127
2021-05-04 09:43:21,950.7,3558197
2021-05-04 09:43:22,950.45,3561647
2021-05-04 09:43:24,950.35,3562124
2021-05-04 09:43:24,950.0,3563131
2021-05-04 09:43:25,949.65,3568418
2021-05-04 09:43:27,950.0,3570161
2021-05-04 09:43:27,950.95,3571553
2021-05-04 09:43:28,950.0,3573841
2021-05-04 09:43:29,950.0,3574964
2021-05-04 09:43:30,950.0,3576564
2021-05-04 09:43:31,950.0,3577411
2021-05-04 09:43:33,950.05,3577689
2021-05-04 09:43:34,950.55,3579303
2021-05-04 09:43:35,949.95,3581191
2021-05-04 09:43:36,950.0,3581430
2021-05-04 09:43:37,949.5,3582739
2021-05-04 09:43:38,949.55,3584077
2021-05-04 09:43:39,949.95,3586478
2021-05-04 09:43:40,950.0,3587623
2021-05-04 09:43:41,949.55,3587800
2021-05-04 09:43:42,949.7,3588454
2021-05-04 09:43:42,949.8,3588721
2021-05-04 09:43:44,949.7,3589700
2021-05-04 09:43:45,950.0,3591169
2021-05-04 09:43:46,949.85,3591897
2021-05-04 09:43:47,950.0,3592596
2021-05-04 09:43:47,949.5,3592677
2021-05-04 09:43:49,950.2,3595533
2021-05-04 09:43:50,950.1,3596277
2021-05-04 09:43:51,950.1,3596768
2021-05-04 09:43:52,952.0,3603666
2021-05-04 09:43:53,951.35,3603978
2021-05-04 09:43:53,952.0,3604256
2021-05-04 09:43:55,952.35,3605132
2021-05-04 09:43:56,951.85,3606995
2021-05-04 09:43:57,951.9,3607499
2021-05-04 09:43:58,951.8,3608818
2021-05-04 09:43:58,951.95,3609107
2021-05-04 09:44:01,952.0,3610110
2021-05-04 09:44:02,952.2,3611561
2021-05-04 09:44:03,953.3,3617722
2021-05-04 09:44:03,953.3,3617816
2021-05-04 09:44:05,953.75,3619738
2021-05-04 09:44:06,953.1,3620616
2021-05-04 09:44:07,954.0,3622662
2021-05-04 09:44:08,953.1,3624280
2021-05-04 09:44:08,953.15,3624648
2021-05-04 09:44:10,953.8,3628200
2021-05-04 09:44:12,954.15,3630318
2021-05-04 09:44:13,953.75,3631645
2021-05-04 09:44:13,953.3,3631991
2021-05-04 09:44:15,953.8,3632823
2021-05-04 09:44:16,954.4,3633870
2021-05-04 09:44:17,954.5,3635560
2021-05-04 09:44:18,954.5,3636960
2021-05-04 09:44:18,954.15,3637051
2021-05-04 09:44:20,954.85,3637546
2021-05-04 09:44:21,954.5,3638594
2021-05-04 09:44:22,954.5,3639738
2021-05-04 09:44:23,954.15,3640258
2021-05-04 09:44:23,954.7,3640480
2021-05-04 09:44:25,954.5,3646215
2021-05-04 09:44:27,954.7,3649317
2021-05-04 09:44:28,953.95,3654453
2021-05-04 09:44:29,953.9,3654504
2021-05-04 09:44:30,953.8,3654746
2021-05-04 09:44:31,953.8,3655458
2021-05-04 09:44:32,953.7,3656553
2021-05-04 09:44:33,952.95,3657944
2021-05-04 09:44:34,953.4,3660324
2021-05-04 09:44:35,953.05,3660647
2021-05-04 09:44:36,952.4,3660755
2021-05-04 09:44:37,952.25,3662137
2021-05-04 09:44:38,952.4,3662381
2021-05-04 09:44:39,952.9,3663339
2021-05-04 09:44:40,952.9,3664192
2021-05-04 09:44:41,952.45,3664545
2021-05-04 09:44:42,952.45,3665285
2021-05-04 09:44:43,952.3,3665722
2021-05-04 09:44:44,952.25,3666799
2021-05-04 09:44:45,952.85,3667200
2021-05-04 09:44:46,952.25,3667284
2021-05-04 09:44:47,952.3,3668039
2021-05-04 09:44:48,952.35,3668164
2021-05-04 09:44:50,953.85,3698372
2021-05-04 09:44:52,953.3,3698502
2021-05-04 09:44:51,953.3,3698502
2021-05-04 09:44:53,953.9,3698678
2021-05-04 09:44:54,955.65,3730789
2021-05-04 09:44:56,956.8,3731963
2021-05-04 09:44:57,956.9,3732268
2021-05-04 09:44:58,957.0,3733587
2021-05-04 09:44:59,956.75,3734033
2021-05-04 09:45:00,956.75,3734151
2021-05-04 09:45:01,956.1,3734982
2021-05-04 09:45:02,956.6,3735007
2021-05-04 09:45:03,956.75,3735854
2021-05-04 09:45:04,956.8,3736114
2021-05-04 09:45:06,954.75,3742536
2021-05-04 09:45:07,954.15,3742909
2021-05-04 09:45:08,954.0,3743692
2021-05-04 09:45:09,954.05,3744610
2021-05-04 09:45:10,953.4,3745870
2021-05-04 09:45:11,953.4,3745979
2021-05-04 09:45:12,953.5,3746262
2021-05-04 09:45:14,953.25,3746817
2021-05-04 09:45:15,953.25,3746927
2021-05-04 09:45:16,954.5,3749296
2021-05-04 09:45:17,954.0,3749721
2021-05-04 09:45:18,954.05,3749823
2021-05-04 09:45:19,954.05,3749835
2021-05-04 09:45:20,954.5,3749853
2021-05-04 09:45:21,954.45,3750058
2021-05-04 09:45:22,955.05,3750424
2021-05-04 09:45:23,955.0,3750777
2021-05-04 09:45:24,956.75,3752319
2021-05-04 09:45:25,956.0,3752371
2021-05-04 09:45:26,956.6,3753624
2021-05-04 09:45:27,956.0,3754302
2021-05-04 09:45:28,956.6,3754573
2021-05-04 09:45:29,956.6,3755057
2021-05-04 09:45:30,956.6,3755102
2021-05-04 09:45:31,955.8,3755337
2021-05-04 09:45:32,955.7,3755547
2021-05-04 09:45:33,955.7,3755831
2021-05-04 09:45:34,955.5,3756091
2021-05-04 09:45:35,955.5,3756091
2021-05-04 09:45:36,955.5,3756241
2021-05-04 09:45:37,955.5,3756356
2021-05-04 09:45:38,955.0,3756999
2021-05-04 09:45:40,955.0,3757630
2021-05-04 09:45:39,955.0,3757630
2021-05-04 09:45:41,955.45,3757687
2021-05-04 09:45:42,955.3,3758039
2021-05-04 09:45:43,955.0,3758253
2021-05-04 09:45:44,955.05,3758734
2021-05-04 09:45:46,955.0,3759069
2021-05-04 09:45:47,954.95,3759326
2021-05-04 09:45:48,954.5,3759898
2021-05-04 09:45:49,954.95,3760155
2021-05-04 09:45:50,954.4,3760173
2021-05-04 09:45:51,954.3,3760531
2021-05-04 09:45:52,955.0,3761015
2021-05-04 09:45:53,954.6,3761822
2021-05-04 09:45:54,954.65,3761872
2021-05-04 09:45:55,955.0,3761897
2021-05-04 09:45:56,954.55,3762306
2021-05-04 09:45:57,955.0,3762853
2021-05-04 09:45:58,955.0,3763100
2021-05-04 09:45:59,954.8,3763250
2021-05-04 09:46:00,954.8,3763250
2021-05-04 09:46:02,954.95,3763648
2021-05-04 09:46:03,954.6,3763739
2021-05-04 09:46:04,954.55,3763862
2021-05-04 09:46:05,954.6,3763863
2021-05-04 09:46:06,954.6,3764313
2021-05-04 09:46:07,954.6,3764649
2021-05-04 09:46:08,954.6,3764677
2021-05-04 09:46:09,954.2,3765160
2021-05-04 09:46:10,954.6,3765173
2021-05-04 09:46:11,954.2,3765213
2021-05-04 09:46:13,954.05,3765891
2021-05-04 09:46:14,954.05,3766128
2021-05-04 09:46:15,954.25,3766239
2021-05-04 09:46:16,954.25,3766239
2021-05-04 09:46:17,954.1,3767002
2021-05-04 09:46:18,954.0,3767615
2021-05-04 09:46:19,954.5,3767745
2021-05-04 09:46:20,954.2,3767941
2021-05-04 09:46:21,954.2,3768041
2021-05-04 09:46:22,954.0,3768243
2021-05-04 09:46:24,954.0,3769104
2021-05-04 09:46:25,954.0,3770172
2021-05-04 09:46:26,954.0,3770384
2021-05-04 09:46:27,954.1,3771187
2021-05-04 09:46:28,953.65,3771422
2021-05-04 09:46:29,953.65,3771685
2021-05-04 09:46:30,953.85,3771895
2021-05-04 09:46:31,953.5,3771946
2021-05-04 09:46:32,953.85,3772198
2021-05-04 09:46:33,953.85,3772198
2021-05-04 09:46:36,953.85,3773698
2021-05-04 09:46:37,954.8,3777055
2021-05-04 09:46:38,954.0,3777647
2021-05-04 09:46:38,954.0,3777717
2021-05-04 09:46:39,954.55,3778020
2021-05-04 09:46:40,953.4,3782555
2021-05-04 09:46:41,953.4,3783882
2021-05-04 09:46:43,953.05,3784849
2021-05-04 09:46:43,953.0,3784668
2021-05-04 09:46:44,952.95,3785527
2021-05-04 09:46:48,953.05,3786972
2021-05-04 09:46:48,953.25,3786853
2021-05-04 09:46:49,953.0,3787327
2021-05-04 09:46:50,952.8,3787519
2021-05-04 09:46:51,953.15,3787687
2021-05-04 09:46:53,952.7,3787955
2021-05-04 09:46:53,953.25,3790245
2021-05-04 09:46:55,953.25,3790509
2021-05-04 09:46:55,953.25,3790509
2021-05-04 09:46:56,953.25,3790529
2021-05-04 09:46:57,953.25,3790565
2021-05-04 09:46:58,953.55,3791870
2021-05-04 09:46:59,953.85,3792200
2021-05-04 09:47:00,953.85,3793284
2021-05-04 09:47:02,953.65,3793387
2021-05-04 09:47:02,953.65,3793387
2021-05-04 09:47:03,954.15,3793530
2021-05-04 09:47:05,954.15,3794824
2021-05-04 09:47:07,954.25,3794928
2021-05-04 09:47:07,954.25,3794928
2021-05-04 09:47:08,953.75,3795068
2021-05-04 09:47:09,953.6,3795620
2021-05-04 09:47:10,954.0,3796163
2021-05-04 09:47:12,954.5,3796475
2021-05-04 09:47:12,954.5,3796780
2021-05-04 09:47:13,954.4,3797048
2021-05-04 09:47:14,954.0,3797154
2021-05-04 09:47:15,954.15,3797181
2021-05-04 09:47:17,953.8,3797350
2021-05-04 09:47:17,953.8,3797350
2021-05-04 09:47:18,954.5,3797466
2021-05-04 09:47:19,954.5,3797468
2021-05-04 09:47:20,954.0,3797948
2021-05-04 09:47:21,954.5,3798137
2021-05-04 09:47:22,954.45,3798607
2021-05-04 09:47:23,954.45,3798607
2021-05-04 09:47:25,954.45,3798607
2021-05-04 09:47:25,954.4,3798643
2021-05-04 09:47:26,954.4,3798786
2021-05-04 09:47:27,954.35,3798800
2021-05-04 09:47:28,953.8,3798845
2021-05-04 09:47:30,953.8,3798845
2021-05-04 09:47:31,953.75,3799611
2021-05-04 09:47:32,953.75,3799663
2021-05-04 09:47:32,953.75,3799663
2021-05-04 09:47:33,954.3,3799684
2021-05-04 09:47:34,954.3,3799869
2021-05-04 09:47:35,953.85,3800000
2021-05-04 09:47:37,954.3,3800050
2021-05-04 09:47:37,953.95,3800051
2021-05-04 09:47:38,953.95,3800284
2021-05-04 09:47:39,954.3,3800386
2021-05-04 09:47:40,954.4,3800519
2021-05-04 09:47:41,954.3,3802406
2021-05-04 09:47:42,954.7,3802407
2021-05-04 09:47:43,954.9,3802469
2021-05-04 09:47:45,954.25,3802746
2021-05-04 09:47:45,954.25,3802746
2021-05-04 09:47:46,954.4,3802814
2021-05-04 09:47:47,954.4,3804706
2021-05-04 09:47:48,954.8,3806207
2021-05-04 09:47:50,954.4,3806604
2021-05-04 09:47:50,954.4,3806604
2021-05-04 09:47:51,954.8,3807009
2021-05-04 09:47:52,954.3,3807354
2021-05-04 09:47:53,954.3,3807589
2021-05-04 09:47:55,954.4,3807647
2021-05-04 09:47:56,954.4,3807722
2021-05-04 09:47:57,954.8,3807798
2021-05-04 09:47:57,954.35,3808068
2021-05-04 09:47:58,954.35,3808324
2021-05-04 09:47:59,954.15,3808761
2021-05-04 09:48:00,954.55,3808774
2021-05-04 09:48:02,954.75,3808919
2021-05-04 09:48:02,954.75,3809138
2021-05-04 09:48:04,954.05,3810589
2021-05-04 09:48:05,954.0,3810922
2021-05-04 09:48:06,954.35,3811207
2021-05-04 09:48:08,954.15,3811212
2021-05-04 09:48:09,954.15,3811303
2021-05-04 09:48:10,954.15,3811556
2021-05-04 09:48:11,954.2,3812060
2021-05-04 09:48:13,953.95,3812186
2021-05-04 09:48:13,953.95,3812186
2021-05-04 09:48:14,954.15,3812462
2021-05-04 09:48:15,954.3,3813121
2021-05-04 09:48:16,954.3,3813171
2021-05-04 09:48:17,954.1,3814694
2021-05-04 09:48:19,954.15,3814769
2021-05-04 09:48:20,955.0,3819657
2021-05-04 09:48:21,954.4,3821087
2021-05-04 09:48:22,954.9,3821181
2021-05-04 09:48:24,954.9,3821520
2021-05-04 09:48:25,954.9,3823466
2021-05-04 09:48:26,954.85,3823964
2021-05-04 09:48:27,954.85,3823964
2021-05-04 09:48:29,955.0,3823993
2021-05-04 09:48:29,954.85,3824271
2021-05-04 09:48:30,955.0,3824861
2021-05-04 09:48:31,955.0,3824964
2021-05-04 09:48:32,955.2,3827006
2021-05-04 09:48:34,956.0,3828729
2021-05-04 09:48:34,955.85,3828492
2021-05-04 09:48:36,956.2,3829071
2021-05-04 09:48:36,956.25,3829074
2021-05-04 09:48:37,956.85,3829214
2021-05-04 09:48:38,957.0,3830934
2021-05-04 09:48:39,956.45,3831590
2021-05-04 09:48:40,957.2,3831693
2021-05-04 09:48:42,957.0,3831835
2021-05-04 09:48:42,957.4,3832075
2021-05-04 09:48:43,957.55,3832905
2021-05-04 09:48:44,958.65,3839091
2021-05-04 09:48:46,957.6,3845122
2021-05-04 09:48:47,957.6,3847849
2021-05-04 09:48:47,957.6,3847937
2021-05-04 09:48:48,957.85,3848718
2021-05-04 09:48:49,958.0,3849676
2021-05-04 09:48:50,957.4,3850469
2021-05-04 09:48:52,958.35,3851107
2021-05-04 09:48:53,957.6,3851442
2021-05-04 09:48:53,957.6,3851442
2021-05-04 09:48:54,958.4,3851776
2021-05-04 09:48:55,959.0,3853691
2021-05-04 09:48:57,957.5,3857529
2021-05-04 09:48:58,957.0,3861692
2021-05-04 09:48:58,958.5,3860642
2021-05-04 09:48:59,958.65,3861940
2021-05-04 09:49:00,958.8,3862555
2021-05-04 09:49:02,958.25,3862680
2021-05-04 09:49:03,958.0,3863082
2021-05-04 09:49:03,958.0,3863082
2021-05-04 09:49:04,958.95,3863534
2021-05-04 09:49:05,958.85,3863904
2021-05-04 09:49:07,958.8,3864516
2021-05-04 09:49:09,959.0,3866130
2021-05-04 09:49:10,958.55,3867069
2021-05-04 09:49:10,959.2,3868384
2021-05-04 09:49:12,958.55,3870416
2021-05-04 09:49:14,958.35,3873910
2021-05-04 09:49:15,958.8,3875060
2021-05-04 09:49:15,958.75,3875233
2021-05-04 09:49:16,958.75,3875812
2021-05-04 09:49:17,958.75,3879317
2021-05-04 09:49:20,959.6,3881741
2021-05-04 09:49:21,959.9,3883845
2021-05-04 09:49:22,959.6,3885924
2021-05-04 09:49:22,960.0,3887651
2021-05-04 09:49:23,960.0,3888829
2021-05-04 09:49:24,960.0,3889436
2021-05-04 09:49:26,959.5,3891573
2021-05-04 09:49:27,959.9,3892686
2021-05-04 09:49:27,959.95,3893269
2021-05-04 09:49:28,959.95,3894288
2021-05-04 09:49:29,959.9,3894714
2021-05-04 09:49:30,959.4,3895704
2021-05-04 09:49:32,959.25,3896751
2021-05-04 09:49:33,959.95,3897220
2021-05-04 09:49:33,959.6,3897255
2021-05-04 09:49:34,960.05,3903119
2021-05-04 09:49:35,959.7,3906297
2021-05-04 09:49:36,960.1,3907426
2021-05-04 09:49:38,960.0,3908000
2021-05-04 09:49:39,960.0,3908225
2021-05-04 09:49:39,959.7,3908326
2021-05-04 09:49:40,960.0,3910566
2021-05-04 09:49:41,961.4,3915070
2021-05-04 09:49:42,961.0,3916158
2021-05-04 09:49:44,960.4,3916899
2021-05-04 09:49:45,960.3,3917326
2021-05-04 09:49:46,960.15,3919710
2021-05-04 09:49:47,961.05,3921909
2021-05-04 09:49:49,960.5,3926532
2021-05-04 09:49:50,961.0,3928577
2021-05-04 09:49:50,961.0,3928577
2021-05-04 09:49:51,961.35,3929250
2021-05-04 09:49:52,961.65,3929836
2021-05-04 09:49:54,961.65,3931245
2021-05-04 09:49:55,961.55,3932170
2021-05-04 09:49:55,961.8,3932070
2021-05-04 09:49:56,961.65,3933334
2021-05-04 09:49:57,961.75,3934151
2021-05-04 09:49:58,961.65,3934371
2021-05-04 09:50:00,962.45,3936375
2021-05-04 09:50:01,963.5,3939254
2021-05-04 09:50:01,963.55,3940105
2021-05-04 09:50:02,963.1,3944323
2021-05-04 09:50:03,963.75,3947119
2021-05-04 09:50:05,962.65,3951457
2021-05-04 09:50:06,963.25,3958262
2021-05-04 09:50:06,963.05,3956918
2021-05-04 09:50:07,964.3,3960325
2021-05-04 09:50:08,962.85,3964298
2021-05-04 09:50:09,964.3,3966884
2021-05-04 09:50:11,963.9,3968216
2021-05-04 09:50:12,963.0,3970762
2021-05-04 09:50:13,963.45,3971855
2021-05-04 09:50:14,962.7,3974610
2021-05-04 09:50:16,962.65,3977963
2021-05-04 09:50:18,962.4,3984193
2021-05-04 09:50:19,961.45,3992329
2021-05-04 09:50:20,962.6,3996912
2021-05-04 09:50:21,962.9,3997987
2021-05-04 09:50:23,962.6,3998114
2021-05-04 09:50:24,962.85,3998859
2021-05-04 09:50:24,962.2,3998885
2021-05-04 09:50:25,962.25,3999639
2021-05-04 09:50:26,962.9,3999688
2021-05-04 09:50:27,962.2,4000286
2021-05-04 09:50:29,962.6,4001816
2021-05-04 09:50:30,962.9,4002457
2021-05-04 09:50:30,962.8,4002470
2021-05-04 09:50:31,962.1,4002954
2021-05-04 09:50:32,962.0,4005372
2021-05-04 09:50:34,961.35,4011417
2021-05-04 09:50:35,961.95,4014606
2021-05-04 09:50:35,961.95,4014606
2021-05-04 09:50:36,962.0,4015203
2021-05-04 09:50:37,961.65,4015720
2021-05-04 09:50:38,962.4,4015951
2021-05-04 09:50:40,961.8,4016228
2021-05-04 09:50:41,961.85,4016580
2021-05-04 09:50:41,961.35,4016994
2021-05-04 09:50:42,961.9,4017851
2021-05-04 09:50:43,961.4,4018695
2021-05-04 09:50:44,961.45,4018748
2021-05-04 09:50:46,961.5,4018809
2021-05-04 09:50:47,961.4,4019129
2021-05-04 09:50:48,961.15,4021284
2021-05-04 09:50:49,961.4,4021535
2021-05-04 09:50:51,961.45,4021885
2021-05-04 09:50:52,961.9,4023450
2021-05-04 09:50:52,961.9,4023460
2021-05-04 09:50:53,961.9,4023481
2021-05-04 09:50:55,961.2,4023797
2021-05-04 09:50:57,961.9,4024357
2021-05-04 09:50:57,961.9,4024357
2021-05-04 09:50:58,961.85,4024854
2021-05-04 09:50:59,962.35,4027955
2021-05-04 09:51:01,962.25,4028005
2021-05-04 09:51:02,962.55,4029006
2021-05-04 09:51:03,961.85,4030037
2021-05-04 09:51:04,962.3,4030144
2021-05-04 09:51:05,962.35,4030208
2021-05-04 09:51:05,962.35,4030215
2021-05-04 09:51:08,962.35,4030310
2021-05-04 09:51:09,962.0,4030950
2021-05-04 09:51:10,962.4,4031433
2021-05-04 09:51:10,962.4,4031433
2021-05-04 09:51:11,962.0,4031952
2021-05-04 09:51:13,961.9,4032972
2021-05-04 09:51:14,961.95,4034429
2021-05-04 09:51:15,961.95,4034698
2021-05-04 09:51:16,961.95,4034887
2021-05-04 09:51:16,961.95,4034897
2021-05-04 09:51:17,962.0,4035478
2021-05-04 09:51:19,962.0,4035716
2021-05-04 09:51:20,961.0,4038266
2021-05-04 09:51:21,961.85,4038435
2021-05-04 09:51:22,961.9,4038643
2021-05-04 09:51:22,961.85,4039193
2021-05-04 09:51:23,961.35,4039587
2021-05-04 09:51:25,961.35,4040057
2021-05-04 09:51:26,961.35,4040939
2021-05-04 09:51:27,961.35,4041006
2021-05-04 09:51:28,961.7,4044909
2021-05-04 09:51:29,961.95,4046946
2021-05-04 09:51:29,961.95,4046946
2021-05-04 09:51:30,961.6,4048098
2021-05-04 09:51:32,961.85,4048962
2021-05-04 09:51:33,961.45,4048996
2021-05-04 09:51:34,961.9,4049106
2021-05-04 09:51:35,961.15,4050113
2021-05-04 09:51:35,961.15,4050113
2021-05-04 09:51:36,961.5,4050650
2021-05-04 09:51:38,961.6,4050973
2021-05-04 09:51:39,961.55,4051057
2021-05-04 09:51:40,961.6,4051222
2021-05-04 09:51:40,961.55,4051763
2021-05-04 09:51:41,961.55,4051813
2021-05-04 09:51:42,961.85,4051979
2021-05-04 09:51:45,962.4,4056674
2021-05-04 09:51:46,962.4,4056698
2021-05-04 09:51:46,962.0,4056733
2021-05-04 09:51:47,962.4,4056795
2021-05-04 09:51:49,962.0,4060530
2021-05-04 09:51:50,961.9,4060540
2021-05-04 09:51:51,961.9,4063391
2021-05-04 09:51:51,962.0,4062700
2021-05-04 09:51:52,961.9,4063391
2021-05-04 09:51:53,962.5,4063958
2021-05-04 09:51:54,961.85,4064097
2021-05-04 09:51:56,962.4,4064860
2021-05-04 09:51:57,962.4,4064860
2021-05-04 09:51:58,961.05,4066440
2021-05-04 09:51:58,961.3,4066486
2021-05-04 09:51:59,961.95,4067096
2021-05-04 09:52:00,962.35,4067402
2021-05-04 09:52:02,961.85,4068009
2021-05-04 09:52:03,961.85,4068015
2021-05-04 09:52:04,961.75,4068039
2021-05-04 09:52:05,961.9,4068059
2021-05-04 09:52:05,961.9,4068059
2021-05-04 09:52:06,961.75,4068087
2021-05-04 09:52:08,961.75,4068461
2021-05-04 09:52:09,961.75,4068504
2021-05-04 09:52:10,961.8,4068633
2021-05-04 09:52:10,961.9,4068833
2021-05-04 09:52:11,961.75,4068967
2021-05-04 09:52:13,961.9,4069467
2021-05-04 09:52:14,961.8,4069759
2021-05-04 09:52:15,961.95,4070003
2021-05-04 09:52:16,961.95,4070204
2021-05-04 09:52:16,961.95,4070204
2021-05-04 09:52:17,962.0,4070709
2021-05-04 09:52:19,961.85,4071389
2021-05-04 09:52:20,962.05,4071594
2021-05-04 09:52:21,961.95,4071824
2021-05-04 09:52:21,961.95,4071824
2021-05-04 09:52:22,961.85,4073195
2021-05-04 09:52:24,962.0,4073273
2021-05-04 09:52:25,962.3,4073483
2021-05-04 09:52:26,962.0,4073667
2021-05-04 09:52:26,962.0,4073677
2021-05-04 09:52:27,962.0,4073918
2021-05-04 09:52:29,962.0,4074267
2021-05-04 09:52:30,961.9,4074507
2021-05-04 09:52:31,962.0,4075087
2021-05-04 09:52:31,962.0,4075087
2021-05-04 09:52:32,962.0,4075520
2021-05-04 09:52:33,962.4,4076740
2021-05-04 09:52:34,962.4,4076742
2021-05-04 09:52:36,962.25,4079384
2021-05-04 09:52:37,962.9,4079609
2021-05-04 09:52:38,962.2,4079974
2021-05-04 09:52:38,962.2,4079974
2021-05-04 09:52:39,962.95,4082087
2021-05-04 09:52:40,963.35,4082310
2021-05-04 09:52:42,963.5,4083073
2021-05-04 09:52:43,963.45,4083651
2021-05-04 09:52:44,963.05,4084610
2021-05-04 09:52:45,963.6,4085371
2021-05-04 09:52:45,963.05,4086129
2021-05-04 09:52:46,963.95,4087244
2021-05-04 09:52:48,963.65,4087272
2021-05-04 09:52:49,963.9,4087432
2021-05-04 09:52:50,963.85,4087906
2021-05-04 09:52:51,963.9,4088088
2021-05-04 09:52:53,964.0,4088197
2021-05-04 09:52:54,963.0,4092883
2021-05-04 09:52:55,963.0,4094400
2021-05-04 09:52:55,963.0,4094404
2021-05-04 09:52:56,963.55,4096382
2021-05-04 09:52:57,963.75,4096975
2021-05-04 09:52:59,963.8,4097841
2021-05-04 09:53:00,963.05,4098023
2021-05-04 09:53:01,963.8,4098584
2021-05-04 09:53:02,963.95,4099088
2021-05-04 09:53:02,963.9,4099189
2021-05-04 09:53:04,963.95,4099282
2021-05-04 09:53:05,963.35,4099501
2021-05-04 09:53:06,963.2,4100140
2021-05-04 09:53:07,963.5,4100353
2021-05-04 09:53:07,963.9,4100585
2021-05-04 09:53:09,963.55,4100709
2021-05-04 09:53:10,963.5,4100871
2021-05-04 09:53:11,963.3,4101800
2021-05-04 09:53:12,963.2,4104578
2021-05-04 09:53:13,963.15,4107940
2021-05-04 09:53:13,963.0,4107950
2021-05-04 09:53:16,962.85,4111742
2021-05-04 09:53:17,962.3,4113281
2021-05-04 09:53:18,962.45,4115398
2021-05-04 09:53:18,962.35,4115461
2021-05-04 09:53:20,962.2,4116773
2021-05-04 09:53:21,962.2,4117347
2021-05-04 09:53:22,961.8,4119805
2021-05-04 09:53:23,961.45,4120716
2021-05-04 09:53:24,961.3,4131283
2021-05-04 09:53:25,962.05,4134132
2021-05-04 09:53:25,961.15,4134173
2021-05-04 09:53:27,961.65,4135385
2021-05-04 09:53:28,961.75,4135812
2021-05-04 09:53:29,961.9,4135887
2021-05-04 09:53:30,961.9,4136075
2021-05-04 09:53:30,961.9,4136098
2021-05-04 09:53:32,961.45,4136101
2021-05-04 09:53:33,961.9,4136153
2021-05-04 09:53:34,961.5,4136162
2021-05-04 09:53:35,961.55,4136242
2021-05-04 09:53:35,961.55,4136242
2021-05-04 09:53:37,961.55,4136260
2021-05-04 09:53:38,961.55,4136352
2021-05-04 09:53:39,961.5,4136440
2021-05-04 09:53:40,961.9,4136564
2021-05-04 09:53:41,961.9,4137079
2021-05-04 09:53:41,961.9,4137079
2021-05-04 09:53:43,961.9,4137159
2021-05-04 09:53:44,961.85,4137314
2021-05-04 09:53:45,961.65,4137669
2021-05-04 09:53:46,962.5,4139975
2021-05-04 09:53:47,962.75,4140084
2021-05-04 09:53:48,962.75,4140147
2021-05-04 09:53:49,962.45,4140625
2021-05-04 09:53:49,962.45,4140625
2021-05-04 09:53:51,962.8,4140653
2021-05-04 09:53:52,962.8,4141174
2021-05-04 09:53:53,962.9,4141869
2021-05-04 09:53:54,962.35,4142429
2021-05-04 09:53:55,962.8,4142785
2021-05-04 09:53:55,962.8,4142785
2021-05-04 09:53:58,962.8,4143044
2021-05-04 09:53:59,962.2,4143073
2021-05-04 09:54:00,962.85,4144680
2021-05-04 09:54:01,962.85,4144680
2021-05-04 09:54:01,962.85,4144680
2021-05-04 09:54:02,962.8,4145085
2021-05-04 09:54:04,962.15,4145234
2021-05-04 09:54:05,962.15,4145234
2021-05-04 09:54:06,962.9,4146282
2021-05-04 09:54:07,962.7,4146284
2021-05-04 09:54:07,962.15,4146380
2021-05-04 09:54:09,962.3,4146426
2021-05-04 09:54:10,962.5,4146452
2021-05-04 09:54:11,962.7,4146562
2021-05-04 09:54:12,962.45,4147578
2021-05-04 09:54:13,962.5,4147579
2021-05-04 09:54:13,962.5,4147579
2021-05-04 09:54:15,964.5,4171432
2021-05-04 09:54:16,965.05,4180459
2021-05-04 09:54:17,966.0,4181760
2021-05-04 09:54:18,966.7,4185287
2021-05-04 09:54:19,967.55,4186914
2021-05-04 09:54:21,966.35,4190010
2021-05-04 09:54:22,967.35,4191120
2021-05-04 09:54:23,967.0,4191672
2021-05-04 09:54:24,967.2,4192566
2021-05-04 09:54:25,967.45,4194410
2021-05-04 09:54:25,967.5,4194380
2021-05-04 09:54:27,967.0,4195759
2021-05-04 09:54:28,967.0,4196667
2021-05-04 09:54:29,967.55,4197310
2021-05-04 09:54:30,967.55,4197934
2021-05-04 09:54:31,967.2,4198173
2021-05-04 09:54:32,967.95,4203821
2021-05-04 09:54:32,968.7,4203935
2021-05-04 09:54:34,968.7,4206492
2021-05-04 09:54:35,968.05,4210434
2021-05-04 09:54:36,968.3,4212723
2021-05-04 09:54:37,968.45,4215178
2021-05-04 09:54:38,968.55,4218065
2021-05-04 09:54:38,967.8,4218150
2021-05-04 09:54:40,968.6,4218787
2021-05-04 09:54:41,968.5,4220284
2021-05-04 09:54:42,968.05,4221746
2021-05-04 09:54:43,967.75,4224364
2021-05-04 09:54:43,967.8,4225988
2021-05-04 09:54:44,967.25,4227278
2021-05-04 09:54:46,967.25,4227851
2021-05-04 09:54:47,967.25,4228784
2021-05-04 09:54:48,967.9,4229056
2021-05-04 09:54:49,967.85,4230563
2021-05-04 09:54:50,968.5,4231684
2021-05-04 09:54:50,967.85,4233018
2021-05-04 09:54:51,968.4,4233549
2021-05-04 09:54:53,967.95,4236029
2021-05-04 09:54:54,968.45,4237291
2021-05-04 09:54:55,968.85,4239124
2021-05-04 09:54:56,969.15,4240177
2021-05-04 09:54:57,968.45,4242021
2021-05-04 09:54:57,968.85,4242619
2021-05-04 09:54:59,968.95,4243717
2021-05-04 09:55:00,969.25,4245284
2021-05-04 09:55:01,968.4,4247415
2021-05-04 09:55:03,968.9,4249849
2021-05-04 09:55:04,968.5,4251016
2021-05-04 09:55:05,968.55,4252343
2021-05-04 09:55:06,968.6,4254541
2021-05-04 09:55:06,968.55,4254897
2021-05-04 09:55:08,968.5,4257043
2021-05-04 09:55:09,969.35,4260238
2021-05-04 09:55:10,969.65,4262441
2021-05-04 09:55:11,969.45,4263285
2021-05-04 09:55:12,969.45,4263401
2021-05-04 09:55:13,969.8,4265172
2021-05-04 09:55:14,969.8,4266139
2021-05-04 09:55:15,969.25,4267787
2021-05-04 09:55:16,969.3,4277071
2021-05-04 09:55:17,969.95,4280498
2021-05-04 09:55:18,970.65,4281436
2021-05-04 09:55:19,970.8,4283746
2021-05-04 09:55:20,970.8,4287436
2021-05-04 09:55:21,971.0,4290483
2021-05-04 09:55:23,971.15,4291733
2021-05-04 09:55:22,971.15,4291661
2021-05-04 09:55:24,970.2,4294197
2021-05-04 09:55:25,970.45,4297653
2021-05-04 09:55:26,969.4,4301001
2021-05-04 09:55:28,970.65,4305093
2021-05-04 09:55:27,970.65,4305093
2021-05-04 09:55:29,970.25,4305871
2021-05-04 09:55:30,970.4,4306533
2021-05-04 09:55:31,970.15,4307823
2021-05-04 09:55:32,970.65,4308623
2021-05-04 09:55:33,970.05,4308878
2021-05-04 09:55:34,970.1,4309059
2021-05-04 09:55:35,970.0,4313085
2021-05-04 09:55:36,970.25,4315150
2021-05-04 09:55:37,970.4,4316367
2021-05-04 09:55:38,969.8,4316996
2021-05-04 09:55:39,970.35,4317983
2021-05-04 09:55:41,970.25,4320676
2021-05-04 09:55:42,970.25,4321876
2021-05-04 09:55:43,970.0,4323829
2021-05-04 09:55:44,969.3,4329415
2021-05-04 09:55:45,968.3,4330279
2021-05-04 09:55:47,970.0,4338642
2021-05-04 09:55:48,970.0,4339192
2021-05-04 09:55:49,969.45,4341209
2021-05-04 09:55:50,970.0,4341707
2021-05-04 09:55:53,969.95,4342432
2021-05-04 09:55:54,969.95,4344091
2021-05-04 09:55:55,969.95,4344533
2021-05-04 09:55:56,969.45,4345523
2021-05-04 09:55:57,969.4,4345566
2021-05-04 09:55:58,969.3,4346031
2021-05-04 09:55:59,969.05,4347301
2021-05-04 09:56:00,969.0,4348300
2021-05-04 09:56:01,969.1,4349050
2021-05-04 09:56:02,968.7,4349463
2021-05-04 09:56:03,969.1,4349488
2021-05-04 09:56:04,969.1,4349647
2021-05-04 09:56:05,968.55,4351142
2021-05-04 09:56:06,968.55,4351596
2021-05-04 09:56:08,968.6,4352844
2021-05-04 09:56:09,968.6,4352844
2021-05-04 09:56:10,969.0,4353164
2021-05-04 09:56:11,968.6,4353739
2021-05-04 09:56:12,968.65,4354182
2021-05-04 09:56:13,969.0,4355982
2021-05-04 09:56:14,969.7,4356620
2021-05-04 09:56:15,969.45,4359812
2021-05-04 09:56:16,969.05,4360454
2021-05-04 09:56:17,968.95,4362547
2021-05-04 09:56:18,968.95,4362993
2021-05-04 09:56:20,969.0,4363098
2021-05-04 09:56:21,969.0,4363272
2021-05-04 09:56:22,969.0,4364023
2021-05-04 09:56:23,969.05,4364658
2021-05-04 09:56:24,969.7,4364669
2021-05-04 09:56:26,969.1,4364944
2021-05-04 09:56:27,969.05,4364994
2021-05-04 09:56:28,969.7,4365196
2021-05-04 09:56:29,968.95,4367081
2021-05-04 09:56:30,969.05,4367310
2021-05-04 09:56:31,968.95,4367492
2021-05-04 09:56:32,968.95,4367512
2021-05-04 09:56:33,968.95,4367536
2021-05-04 09:56:35,969.0,4369443
2021-05-04 09:56:36,969.0,4371592
2021-05-04 09:56:37,969.35,4371780
2021-05-04 09:56:38,969.15,4371781
2021-05-04 09:56:39,969.15,4371807
2021-05-04 09:56:42,969.2,4373481
2021-05-04 09:56:43,969.2,4373481
2021-05-04 09:56:44,969.05,4374075
2021-05-04 09:56:45,969.5,4374296
2021-05-04 09:56:46,969.05,4374814
2021-05-04 09:56:47,969.25,4374924
2021-05-04 09:56:48,969.45,4375072
2021-05-04 09:56:49,969.45,4375073
2021-05-04 09:56:51,969.05,4375458
2021-05-04 09:56:52,969.0,4375676
2021-05-04 09:56:53,969.05,4376332
2021-05-04 09:56:54,969.2,4376447
2021-05-04 09:56:55,969.2,4376447
2021-05-04 09:56:57,969.45,4376767
2021-05-04 09:56:58,969.05,4377561
2021-05-04 09:56:59,969.05,4377598
2021-05-04 09:57:00,969.05,4377782
2021-05-04 09:57:01,969.05,4377782
2021-05-04 09:57:02,969.45,4377854
2021-05-04 09:57:03,969.2,4378090
2021-05-04 09:57:04,969.2,4378199
2021-05-04 09:57:05,969.05,4378677
2021-05-04 09:57:06,969.45,4378687
2021-05-04 09:57:07,969.45,4378897
2021-05-04 09:57:08,969.4,4381458
2021-05-04 09:57:11,970.1,4388945
2021-05-04 09:57:10,970.1,4388945
2021-05-04 09:57:12,970.6,4389459
2021-05-04 09:57:13,970.0,4389563
2021-05-04 09:57:14,970.45,4389972
2021-05-04 09:57:15,970.55,4390021
2021-05-04 09:57:16,970.7,4390325
2021-05-04 09:57:18,971.1,4393477
2021-05-04 09:57:19,971.2,4396278
2021-05-04 09:57:21,970.7,4399004
2021-05-04 09:57:21,971.2,4398869
2021-05-04 09:57:22,971.2,4399808
2021-05-04 09:57:23,970.7,4401194
2021-05-04 09:57:24,970.75,4402712
2021-05-04 09:57:25,970.85,4404126
2021-05-04 09:57:27,970.65,4404550
2021-05-04 09:57:27,970.65,4404550
2021-05-04 09:57:28,971.0,4405007
2021-05-04 09:57:29,970.85,4406817
2021-05-04 09:57:30,970.65,4408440
2021-05-04 09:57:31,970.8,4408955
2021-05-04 09:57:32,971.0,4409296
2021-05-04 09:57:34,970.65,4410773
2021-05-04 09:57:34,970.65,4410788
2021-05-04 09:57:35,970.45,4412814
2021-05-04 09:57:36,970.45,4413585
2021-05-04 09:57:37,970.45,4413955
2021-05-04 09:57:39,970.5,4416015
2021-05-04 09:57:40,970.55,4418067
2021-05-04 09:57:40,970.5,4417989
2021-05-04 09:57:41,971.0,4418768
2021-05-04 09:57:42,971.0,4419510
2021-05-04 09:57:43,971.0,4419689
2021-05-04 09:57:45,970.7,4420249
2021-05-04 09:57:45,971.0,4420199
2021-05-04 09:57:46,970.7,4420431
2021-05-04 09:57:47,970.9,4420633
2021-05-04 09:57:48,970.7,4421275
2021-05-04 09:57:49,970.7,4421907
2021-05-04 09:57:51,970.7,4421999
2021-05-04 09:57:51,970.65,4422023
2021-05-04 09:57:52,970.95,4422173
2021-05-04 09:57:53,971.0,4423218
2021-05-04 09:57:56,970.3,4425193
2021-05-04 09:57:56,970.3,4425043
2021-05-04 09:57:57,970.7,4425524
2021-05-04 09:57:58,970.6,4425921
2021-05-04 09:57:59,970.2,4426683
2021-05-04 09:58:00,970.6,4426903
2021-05-04 09:58:01,970.6,4427206
2021-05-04 09:58:03,970.45,4427455
2021-05-04 09:58:03,970.45,4427455
2021-05-04 09:58:04,970.7,4427530
2021-05-04 09:58:05,970.45,4427999
2021-05-04 09:58:06,970.65,4428100
2021-05-04 09:58:08,970.6,4428150
2021-05-04 09:58:08,970.25,4428151
2021-05-04 09:58:09,971.0,4431439
2021-05-04 09:58:10,971.25,4432651
2021-05-04 09:58:11,971.2,4433315
2021-05-04 09:58:12,970.85,4434682
2021-05-04 09:58:13,971.35,4436195
2021-05-04 09:58:14,971.85,4436733
2021-05-04 09:58:16,971.8,4436947
2021-05-04 09:58:17,971.45,4437429
2021-05-04 09:58:17,971.45,4437429
2021-05-04 09:58:18,971.45,4438045
2021-05-04 09:58:19,971.0,4438880
2021-05-04 09:58:20,970.7,4440010
2021-05-04 09:58:22,971.15,4443555
2021-05-04 09:58:22,971.15,4443555
2021-05-04 09:58:23,971.0,4443573
2021-05-04 09:58:24,970.35,4445078
2021-05-04 09:58:25,970.95,4445228
2021-05-04 09:58:26,970.9,4445569
2021-05-04 09:58:27,970.9,4445807
2021-05-04 09:58:29,970.9,4445907
2021-05-04 09:58:29,970.9,4445932
2021-05-04 09:58:30,970.7,4446157
2021-05-04 09:58:31,970.7,4446176
2021-05-04 09:58:32,970.45,4446619
2021-05-04 09:58:34,970.9,4446728
2021-05-04 09:58:34,970.9,4446728
2021-05-04 09:58:35,970.9,4446905
2021-05-04 09:58:36,970.45,4447706
2021-05-04 09:58:37,970.45,4447706
2021-05-04 09:58:38,970.9,4447756
2021-05-04 09:58:39,970.95,4447956
2021-05-04 09:58:41,971.3,4448744
2021-05-04 09:58:41,971.25,4448459
2021-05-04 09:58:42,970.85,4448817
2021-05-04 09:58:43,971.35,4449008
2021-05-04 09:58:44,970.85,4449022
2021-05-04 09:58:45,970.85,4449190
2021-05-04 09:58:46,971.0,4449498
2021-05-04 09:58:47,971.45,4449825
2021-05-04 09:58:49,970.85,4450673
2021-05-04 09:58:49,970.85,4450673
2021-05-04 09:58:50,971.45,4451124
2021-05-04 09:58:51,971.45,4451267
2021-05-04 09:58:52,970.95,4452155
2021-05-04 09:58:54,970.55,4453914
2021-05-04 09:58:54,970.55,4453914
2021-05-04 09:58:55,971.35,4454596
2021-05-04 09:58:56,971.0,4455310
2021-05-04 09:58:57,971.4,4455953
2021-05-04 09:58:58,971.45,4456303
2021-05-04 09:59:00,971.25,4457454
2021-05-04 09:59:01,971.3,4459833
2021-05-04 09:59:02,971.45,4460496
2021-05-04 09:59:03,971.55,4460918
2021-05-04 09:59:05,971.55,4461290
2021-05-04 09:59:05,971.95,4461607
2021-05-04 09:59:06,971.75,4463525
2021-05-04 09:59:07,971.85,4464279
2021-05-04 09:59:08,971.8,4466731
2021-05-04 09:59:09,971.75,4467558
2021-05-04 09:59:11,971.2,4467917
2021-05-04 09:59:11,971.2,4467917
2021-05-04 09:59:12,971.1,4468722
2021-05-04 09:59:13,971.0,4469188
2021-05-04 09:59:14,971.0,4469206
2021-05-04 09:59:15,971.0,4470137
2021-05-04 09:59:16,971.1,4471156
2021-05-04 09:59:18,970.75,4472192
2021-05-04 09:59:18,970.75,4472402
2021-05-04 09:59:19,970.55,4472474
2021-05-04 09:59:20,970.75,4472716
2021-05-04 09:59:21,970.45,4474311
2021-05-04 09:59:23,970.8,4475815
2021-05-04 09:59:23,970.3,4475841
2021-05-04 09:59:24,970.8,4476953
2021-05-04 09:59:25,970.8,4476953
2021-05-04 09:59:26,969.95,4481709
2021-05-04 09:59:29,969.4,4483309
2021-05-04 09:59:29,969.85,4483610
2021-05-04 09:59:30,969.05,4484805
2021-05-04 09:59:31,969.05,4484962
2021-05-04 09:59:32,969.45,4485092
2021-05-04 09:59:34,969.05,4485243
2021-05-04 09:59:35,968.0,4489945
2021-05-04 09:59:35,968.25,4489946
2021-05-04 09:59:37,967.4,4499643
2021-05-04 09:59:39,967.4,4500636
2021-05-04 09:59:40,967.4,4503278
2021-05-04 09:59:40,967.95,4503288
2021-05-04 09:59:41,967.85,4503490
2021-05-04 09:59:42,967.35,4503775
2021-05-04 09:59:44,967.0,4504802
2021-05-04 09:59:45,967.15,4507962
2021-05-04 09:59:46,966.45,4510215
2021-05-04 09:59:46,966.4,4510265
2021-05-04 09:59:47,965.9,4510823
2021-05-04 09:59:48,966.2,4513698
2021-05-04 09:59:50,965.2,4515788
2021-05-04 09:59:51,965.2,4519670
2021-05-04 09:59:51,965.2,4519670
2021-05-04 09:59:52,964.65,4519946
2021-05-04 09:59:53,965.4,4520873
2021-05-04 09:59:54,965.4,4522262
2021-05-04 09:59:57,964.85,4523734
2021-05-04 09:59:58,965.6,4524382
2021-05-04 09:59:58,965.0,4526387
2021-05-04 09:59:59,964.8,4526867
2021-05-04 10:00:00,964.3,4529115
2021-05-04 10:00:02,964.35,4529904
2021-05-04 10:00:03,964.7,4529999
2021-05-04 10:00:03,964.7,4529999
2021-05-04 10:00:04,965.35,4533470
2021-05-04 10:00:05,965.35,4533686
2021-05-04 10:00:06,965.05,4534185
2021-05-04 10:00:08,965.7,4534551
2021-05-04 10:00:09,965.7,4534948
2021-05-04 10:00:10,965.7,4534989
2021-05-04 10:00:10,965.7,4535014
2021-05-04 10:00:11,965.95,4535280
2021-05-04 10:00:12,966.0,4535295
2021-05-04 10:00:14,965.6,4536359
2021-05-04 10:00:15,966.0,4536871
2021-05-04 10:00:15,966.0,4536969
2021-05-04 10:00:16,966.1,4537382
2021-05-04 10:00:17,966.45,4537437
2021-05-04 10:00:19,966.7,4537805
2021-05-04 10:00:20,966.5,4538352
2021-05-04 10:00:21,966.95,4538565
2021-05-04 10:00:22,967.0,4538715
2021-05-04 10:00:22,966.35,4539847
2021-05-04 10:00:23,966.35,4540007
2021-05-04 10:00:24,966.35,4541373
2021-05-04 10:00:25,966.35,4541499
2021-05-04 10:00:26,966.35,4542132
2021-05-04 10:00:28,966.25,4542204
2021-05-04 10:00:29,966.25,4542654
2021-05-04 10:00:30,966.25,4542654
2021-05-04 10:00:30,966.35,4542655
2021-05-04 10:00:31,966.95,4543836
2021-05-04 10:00:32,966.35,4543906
2021-05-04 10:00:34,966.55,4544228
2021-05-04 10:00:35,966.55,4544768
2021-05-04 10:00:35,966.55,4544768
2021-05-04 10:00:36,966.8,4545018
2021-05-04 10:00:37,966.5,4545320
2021-05-04 10:00:38,966.9,4545396
2021-05-04 10:00:40,967.1,4545796
2021-05-04 10:00:41,967.1,4545869
2021-05-04 10:00:41,967.35,4546044
2021-05-04 10:00:42,967.0,4546183
2021-05-04 10:00:43,967.65,4546330
2021-05-04 10:00:44,967.65,4546365
2021-05-04 10:00:46,967.65,4546396
2021-05-04 10:00:47,968.15,4548695
2021-05-04 10:00:48,968.25,4548732
2021-05-04 10:00:49,968.25,4548829
2021-05-04 10:00:50,968.25,4549062
2021-05-04 10:00:51,968.65,4549408
2021-05-04 10:00:53,969.0,4550115
2021-05-04 10:00:55,968.65,4550270
2021-05-04 10:00:55,968.65,4550275
2021-05-04 10:00:56,967.7,4552429
2021-05-04 10:00:57,967.95,4552762
2021-05-04 10:00:59,968.2,4553762
2021-05-04 10:01:00,967.65,4554162
2021-05-04 10:01:00,968.05,4554353
2021-05-04 10:01:01,968.05,4554448
2021-05-04 10:01:02,967.7,4554836
2021-05-04 10:01:03,967.7,4554836
2021-05-04 10:01:05,968.0,4557261
2021-05-04 10:01:06,968.0,4557681
2021-05-04 10:01:06,968.0,4557681
2021-05-04 10:01:07,968.7,4558710
2021-05-04 10:01:08,968.7,4559191
2021-05-04 10:01:09,968.1,4559313
2021-05-04 10:01:11,968.55,4559607
2021-05-04 10:01:12,968.5,4559759
2021-05-04 10:01:13,968.0,4560320
2021-05-04 10:01:13,968.0,4560320
2021-05-04 10:01:14,968.0,4560779
2021-05-04 10:01:15,966.85,4561678
2021-05-04 10:01:17,966.8,4562117
2021-05-04 10:01:18,966.8,4562268
2021-05-04 10:01:19,967.35,4562888
2021-05-04 10:01:20,966.8,4562916
2021-05-04 10:01:21,966.7,4562983
2021-05-04 10:01:21,966.75,4563388
2021-05-04 10:01:22,966.8,4563439
2021-05-04 10:01:23,966.7,4563569
2021-05-04 10:01:24,966.35,4565268
2021-05-04 10:01:26,966.95,4565313
2021-05-04 10:01:27,965.9,4570596
2021-05-04 10:01:27,965.9,4570596
2021-05-04 10:01:28,965.65,4573925
2021-05-04 10:01:29,965.45,4573950
2021-05-04 10:01:30,965.85,4574388
2021-05-04 10:01:32,965.85,4574418
2021-05-04 10:01:33,966.0,4574996
2021-05-04 10:01:34,965.65,4575282
2021-05-04 10:01:35,965.65,4575282
2021-05-04 10:01:37,966.0,4575372
2021-05-04 10:01:38,965.85,4575687
2021-05-04 10:01:40,966.0,4576023
2021-05-04 10:01:42,965.95,4576149
2021-05-04 10:01:43,965.7,4577166
2021-05-04 10:01:44,966.0,4577343
2021-05-04 10:01:44,966.0,4577343
2021-05-04 10:01:45,965.95,4577440
2021-05-04 10:01:46,965.95,4577576
2021-05-04 10:01:48,965.9,4577600
2021-05-04 10:01:49,965.9,4577602
2021-05-04 10:01:50,965.95,4577852
2021-05-04 10:01:50,965.95,4577852
2021-05-04 10:01:51,965.75,4577915
2021-05-04 10:01:53,965.9,4577928
2021-05-04 10:01:54,965.9,4578248
2021-05-04 10:01:55,965.7,4578591
2021-05-04 10:01:55,965.7,4578591
2021-05-04 10:01:56,965.9,4578636
2021-05-04 10:01:58,966.0,4579236
2021-05-04 10:01:59,965.8,4579261
2021-05-04 10:02:00,966.0,4579395
2021-05-04 10:02:01,966.0,4579416
2021-05-04 10:02:01,966.0,4579416
2021-05-04 10:02:02,965.8,4579617
2021-05-04 10:02:03,965.8,4579924
2021-05-04 10:02:05,965.85,4580111
2021-05-04 10:02:06,965.8,4580279
2021-05-04 10:02:07,965.9,4580329
2021-05-04 10:02:08,965.8,4580395
2021-05-04 10:02:08,965.9,4580396
2021-05-04 10:02:09,965.8,4580651
2021-05-04 10:02:11,965.9,4580853
2021-05-04 10:02:12,965.05,4582607
2021-05-04 10:02:13,965.75,4582669
2021-05-04 10:02:13,965.2,4582777
2021-05-04 10:02:14,965.75,4582906
2021-05-04 10:02:17,966.0,4585531
2021-05-04 10:02:18,966.45,4586036
2021-05-04 10:02:19,966.45,4586036
2021-05-04 10:02:19,966.45,4586036
2021-05-04 10:02:20,965.9,4586083
2021-05-04 10:02:21,966.7,4587156
2021-05-04 10:02:22,966.7,4587276
2021-05-04 10:02:23,965.9,4587410
2021-05-04 10:02:25,965.95,4587733
2021-05-04 10:02:26,965.95,4588199
2021-05-04 10:02:27,965.85,4588201
2021-05-04 10:02:28,965.85,4588254
2021-05-04 10:02:28,965.85,4588254
2021-05-04 10:02:29,966.0,4589046
2021-05-04 10:02:31,966.75,4589636
2021-05-04 10:02:32,966.0,4589697
2021-05-04 10:02:33,966.55,4589797
2021-05-04 10:02:34,966.1,4589818
2021-05-04 10:02:34,966.1,4589818
2021-05-04 10:02:35,966.65,4589865
2021-05-04 10:02:36,966.3,4589899
2021-05-04 10:02:37,966.55,4590021
2021-05-04 10:02:39,966.3,4590142
2021-05-04 10:02:40,966.3,4590231
2021-05-04 10:02:40,966.1,4590241
2021-05-04 10:02:41,966.1,4593622
2021-05-04 10:02:43,966.0,4593656
2021-05-04 10:02:44,966.0,4593676
2021-05-04 10:02:45,965.7,4594393
2021-05-04 10:02:46,966.0,4595870
2021-05-04 10:02:46,966.0,4595870
2021-05-04 10:02:47,966.0,4595870
2021-05-04 10:02:48,965.95,4595932
2021-05-04 10:02:50,965.5,4596086
2021-05-04 10:02:51,965.85,4596430
2021-05-04 10:02:52,965.85,4596432
2021-05-04 10:02:53,965.7,4596433
2021-05-04 10:02:53,965.3,4596733
2021-05-04 10:02:54,965.3,4596733
2021-05-04 10:02:55,965.7,4596734
2021-05-04 10:02:57,965.7,4596915
2021-05-04 10:02:58,965.85,4597016
2021-05-04 10:02:59,965.7,4597186
2021-05-04 10:03:00,966.0,4597319
2021-05-04 10:03:00,966.0,4597359
2021-05-04 10:03:01,965.95,4597511
2021-05-04 10:03:02,965.5,4597539
2021-05-04 10:03:04,966.0,4597607
2021-05-04 10:03:05,965.6,4597608
2021-05-04 10:03:06,965.6,4597621
2021-05-04 10:03:07,966.0,4597710
2021-05-04 10:03:07,966.0,4597712
2021-05-04 10:03:08,966.0,4597732
2021-05-04 10:03:09,965.6,4597735
2021-05-04 10:03:10,965.65,4598012
2021-05-04 10:03:12,965.95,4598174
2021-05-04 10:03:13,965.65,4598264
2021-05-04 10:03:14,965.65,4598264
2021-05-04 10:03:15,965.65,4598268
2021-05-04 10:03:15,965.65,4598268
2021-05-04 10:03:16,965.85,4598869
2021-05-04 10:03:17,965.55,4599629
2021-05-04 10:03:19,965.95,4610010
2021-05-04 10:03:21,966.25,4610033
2021-05-04 10:03:22,965.9,4610049
2021-05-04 10:03:22,965.9,4610049
2021-05-04 10:03:23,965.95,4610834
2021-05-04 10:03:24,966.2,4613021
2021-05-04 10:03:25,966.05,4613033
2021-05-04 10:03:27,966.3,4613312
2021-05-04 10:03:28,965.85,4613445
2021-05-04 10:03:29,965.5,4614109
2021-05-04 10:03:30,965.65,4614244
2021-05-04 10:03:31,965.7,4614758
2021-05-04 10:03:31,965.7,4614758
2021-05-04 10:03:32,965.75,4614762
2021-05-04 10:03:34,966.25,4614862
2021-05-04 10:03:35,965.85,4615123
2021-05-04 10:03:36,966.25,4615644
2021-05-04 10:03:37,966.2,4615669
2021-05-04 10:03:38,966.25,4615680
2021-05-04 10:03:39,966.2,4615686
2021-05-04 10:03:40,966.2,4615745
2021-05-04 10:03:41,965.8,4615929
2021-05-04 10:03:43,966.2,4616024
2021-05-04 10:03:44,966.0,4616299
2021-05-04 10:03:45,965.55,4618082
2021-05-04 10:03:45,965.55,4618082
2021-05-04 10:03:47,965.55,4618091
2021-05-04 10:03:48,965.75,4618541
2021-05-04 10:03:49,965.7,4618572
2021-05-04 10:03:50,965.7,4618572
2021-05-04 10:03:51,965.7,4618635
2021-05-04 10:03:52,965.7,4618635
2021-05-04 10:03:53,965.6,4618872
2021-05-04 10:03:53,965.6,4618872
2021-05-04 10:03:55,965.55,4619794
2021-05-04 10:03:56,965.55,4620134
2021-05-04 10:03:57,965.45,4620235
2021-05-04 10:03:58,965.45,4620235
2021-05-04 10:03:59,965.45,4620333
2021-05-04 10:04:00,964.9,4630751
2021-05-04 10:04:00,965.45,4620391
2021-05-04 10:04:01,963.9,4630832
2021-05-04 10:04:04,965.25,4640525
2021-05-04 10:04:05,965.5,4641327
2021-05-04 10:04:06,965.45,4641387
2021-05-04 10:04:07,965.6,4641828
2021-05-04 10:04:08,965.6,4641898
2021-05-04 10:04:08,965.6,4641898
2021-05-04 10:04:10,965.9,4641968
2021-05-04 10:04:11,965.0,4647097
2021-05-04 10:04:12,964.75,4648139
2021-05-04 10:04:13,964.75,4648139
2021-05-04 10:04:14,964.6,4648152
2021-05-04 10:04:15,964.6,4648164
2021-05-04 10:04:16,964.6,4648208
2021-05-04 10:04:17,964.4,4648556
2021-05-04 10:04:18,964.95,4649595
2021-05-04 10:04:19,964.9,4649916
2021-05-04 10:04:20,964.1,4650321
2021-05-04 10:04:22,964.6,4650370
2021-05-04 10:04:23,964.6,4650370
2021-05-04 10:04:24,965.0,4651070
2021-05-04 10:04:25,964.2,4651221
2021-05-04 10:04:26,963.5,4652114
2021-05-04 10:04:27,963.5,4652622
2021-05-04 10:04:28,962.95,4655357
2021-05-04 10:04:29,961.0,4658486
2021-05-04 10:04:30,960.05,4660822
2021-05-04 10:04:31,960.2,4664875
2021-05-04 10:04:31,960.2,4664875
2021-05-04 10:04:32,960.35,4666127
2021-05-04 10:04:34,960.45,4666849
2021-05-04 10:04:35,960.45,4667753
2021-05-04 10:04:36,960.0,4669988
2021-05-04 10:04:37,961.35,4673287
2021-05-04 10:04:38,960.0,4676050
2021-05-04 10:04:39,960.15,4676487
2021-05-04 10:04:39,960.15,4676487
2021-05-04 10:04:40,960.85,4676498
2021-05-04 10:04:42,960.45,4678285
2021-05-04 10:04:43,961.05,4678335
2021-05-04 10:04:44,960.5,4678833
2021-05-04 10:04:45,960.55,4679092
2021-05-04 10:04:46,961.3,4681291
2021-05-04 10:04:47,961.05,4681852
2021-05-04 10:04:48,961.5,4682250
2021-05-04 10:04:48,961.7,4682260
2021-05-04 10:04:49,961.05,4683060
2021-05-04 10:04:53,961.3,4684635
2021-05-04 10:04:54,961.9,4684688
2021-05-04 10:04:55,962.0,4684824
2021-05-04 10:04:56,961.65,4684930
2021-05-04 10:04:56,961.65,4684930
2021-05-04 10:04:57,961.3,4685738
2021-05-04 10:04:59,962.2,4687104
2021-05-04 10:05:00,962.15,4687165
2021-05-04 10:05:01,961.55,4688025
2021-05-04 10:05:02,961.0,4688153
2021-05-04 10:05:03,961.55,4688957
2021-05-04 10:05:04,961.2,4689192
2021-05-04 10:05:05,961.6,4689792
2021-05-04 10:05:06,961.2,4689814
2021-05-04 10:05:07,961.2,4689895
2021-05-04 10:05:08,961.3,4690464
2021-05-04 10:05:08,961.65,4690466
2021-05-04 10:05:10,961.3,4690566
2021-05-04 10:05:11,961.75,4690593
2021-05-04 10:05:12,961.95,4691698
2021-05-04 10:05:13,962.15,4691886
2021-05-04 10:05:14,962.6,4691996
2021-05-04 10:05:15,962.4,4692373
2021-05-04 10:05:16,962.5,4692873
2021-05-04 10:05:17,962.35,4693639
2021-05-04 10:05:18,962.25,4693679
2021-05-04 10:05:19,962.25,4693780
2021-05-04 10:05:20,961.95,4693790
2021-05-04 10:05:20,961.95,4693808
2021-05-04 10:05:22,962.25,4694647
2021-05-04 10:05:23,962.6,4694938
2021-05-04 10:05:24,962.05,4695009
2021-05-04 10:05:25,962.25,4695059
2021-05-04 10:05:26,962.7,4695658
2021-05-04 10:05:27,962.7,4695875
2021-05-04 10:05:28,962.7,4695875
2021-05-04 10:05:29,962.0,4696750
2021-05-04 10:05:30,962.65,4696797
2021-05-04 10:05:30,962.35,4696887
2021-05-04 10:05:32,962.7,4696967
2021-05-04 10:05:34,962.0,4698282
2021-05-04 10:05:35,962.6,4698302
2021-05-04 10:05:37,962.05,4698337
2021-05-04 10:05:38,962.05,4698337
2021-05-04 10:05:38,962.05,4698337
2021-05-04 10:05:40,962.05,4699155
2021-05-04 10:05:41,962.5,4699248
2021-05-04 10:05:42,962.4,4699798
2021-05-04 10:05:43,962.0,4700056
2021-05-04 10:05:44,962.4,4700502
2021-05-04 10:05:45,962.4,4700602
2021-05-04 10:05:46,962.05,4700606
2021-05-04 10:05:46,962.25,4700604
2021-05-04 10:05:48,962.05,4700606
2021-05-04 10:05:49,962.1,4700733
2021-05-04 10:05:50,962.4,4701236
2021-05-04 10:05:51,962.05,4701649
2021-05-04 10:05:52,962.75,4701869
2021-05-04 10:05:53,962.4,4702190
2021-05-04 10:05:54,962.4,4702190
2021-05-04 10:05:55,962.4,4702190
2021-05-04 10:05:56,962.15,4702466
2021-05-04 10:05:57,962.15,4702474
2021-05-04 10:05:58,962.8,4702663
2021-05-04 10:06:00,963.15,4704615
2021-05-04 10:06:01,962.75,4704716
2021-05-04 10:06:02,963.6,4704751
2021-05-04 10:06:03,963.55,4704815
2021-05-04 10:06:04,963.6,4704817
2021-05-04 10:06:05,963.85,4705223
2021-05-04 10:06:06,963.7,4706015
2021-05-04 10:06:08,963.95,4709076
2021-05-04 10:06:10,964.4,4710171
2021-05-04 10:06:11,963.7,4710431
2021-05-04 10:06:12,963.7,4710431
2021-05-04 10:06:13,964.35,4710581
2021-05-04 10:06:14,964.3,4711388
2021-05-04 10:06:15,963.55,4712622
2021-05-04 10:06:16,964.0,4712761
