timestamp,ltp,volume
2021-05-10 09:31:04,15890.9,0
2021-05-10 09:31:06,15889.65,0
2021-05-10 09:31:08,15889.25,0
2021-05-10 09:31:13,15890.0,0
2021-05-10 09:31:14,15889.6,0
2021-05-10 09:31:15,15890.3,0
2021-05-10 09:31:20,15885.15,0
2021-05-10 09:31:22,15882.0,0
2021-05-10 09:31:23,15881.15,0
2021-05-10 09:31:24,15881.0,0
2021-05-10 09:31:25,15880.3,0
2021-05-10 09:31:27,15876.1,0
2021-05-10 09:31:28,15875.05,0
2021-05-10 09:31:30,15873.65,0
2021-05-10 09:31:31,15870.0,0
2021-05-10 09:31:32,15869.75,0
2021-05-10 09:31:39,15874.65,0
2021-05-10 09:31:41,15875.8,0
2021-05-10 09:31:43,15876.25,0
2021-05-10 09:31:44,15873.15,0
2021-05-10 09:31:45,15874.2,0
2021-05-10 09:31:49,15874.25,0
2021-05-10 09:31:50,15872.95,0
2021-05-10 09:31:52,15872.75,0
2021-05-10 09:31:53,15873.0,0
2021-05-10 09:31:56,15876.25,0
2021-05-10 09:31:57,15875.45,0
2021-05-10 09:32:01,15876.85,0
2021-05-10 09:32:04,15874.15,0
2021-05-10 09:32:05,15872.7,0
2021-05-10 09:32:06,15872.95,0
2021-05-10 09:32:07,15870.65,0
2021-05-10 09:32:14,15868.2,0
2021-05-10 09:32:15,15869.1,0
2021-05-10 09:32:18,15867.35,0
2021-05-10 09:32:19,15866.2,0
2021-05-10 09:32:22,15866.55,0
2021-05-10 09:32:23,15867.9,0
2021-05-10 09:32:25,15867.9,0
2021-05-10 09:32:26,15868.75,0
2021-05-10 09:32:27,15868.15,0
2021-05-10 09:32:32,15871.55,0
2021-05-10 09:32:37,15869.9,0
2021-05-10 09:32:42,15867.9,0
2021-05-10 09:32:59,15865.85,0
2021-05-10 09:33:00,15865.9,0
2021-05-10 09:33:01,15867.1,0
2021-05-10 09:33:07,15864.6,0
2021-05-10 09:33:12,15866.3,0
2021-05-10 09:33:13,15866.15,0
2021-05-10 09:33:14,15865.85,0
2021-05-10 09:33:16,15869.45,0
2021-05-10 09:33:18,15870.4,0
2021-05-10 09:33:21,15869.4,0
2021-05-10 09:33:22,15870.05,0
2021-05-10 09:33:23,15869.25,0
2021-05-10 09:33:24,15869.0,0
2021-05-10 09:33:26,15869.05,0
2021-05-10 09:33:29,15870.45,0
2021-05-10 09:33:30,15869.2,0
2021-05-10 09:33:31,15870.15,0
2021-05-10 09:33:32,15870.45,0
2021-05-10 09:33:33,15868.2,0
2021-05-10 09:33:34,15868.9,0
2021-05-10 09:33:35,15868.7,0
2021-05-10 09:33:36,15868.75,0
2021-05-10 09:33:40,15868.85,0
2021-05-10 09:33:41,15869.65,0
2021-05-10 09:33:42,15869.95,0
2021-05-10 09:33:48,15872.5,0
2021-05-10 09:33:49,15870.45,0
2021-05-10 09:33:54,15867.45,0
2021-05-10 09:33:55,15867.6,0
2021-05-10 09:33:56,15867.45,0
2021-05-10 09:33:58,15868.1,0
2021-05-10 09:34:01,15868.85,0
2021-05-10 09:34:02,15867.65,0
2021-05-10 09:34:05,15867.35,0
2021-05-10 09:34:08,15867.9,0
2021-05-10 09:34:09,15865.5,0
2021-05-10 09:34:10,15866.0,0
2021-05-10 09:34:14,15867.0,0
2021-05-10 09:34:20,15865.1,0
2021-05-10 09:34:21,15865.3,0
2021-05-10 09:34:23,15865.6,0
2021-05-10 09:34:24,15866.3,0
2021-05-10 09:34:25,15866.75,0
2021-05-10 09:34:28,15864.7,0
2021-05-10 09:34:30,15865.2,0
2021-05-10 09:34:31,15865.55,0
2021-05-10 09:34:33,15868.35,0
2021-05-10 09:34:34,15867.5,0
2021-05-10 09:34:35,15867.55,0
2021-05-10 09:34:37,15871.35,0
2021-05-10 09:34:40,15872.0,0
2021-05-10 09:34:41,15870.0,0
2021-05-10 09:34:42,15870.2,0
2021-05-10 09:34:43,15869.55,0
2021-05-10 09:34:44,15869.35,0
2021-05-10 09:34:46,15867.9,0
2021-05-10 09:34:47,15869.9,0
2021-05-10 09:34:52,15869.1,0
2021-05-10 09:34:53,15868.7,0
2021-05-10 09:34:57,15871.3,0
2021-05-10 09:35:00,15868.9,0
2021-05-10 09:35:02,15868.45,0
2021-05-10 09:35:06,15862.9,0
2021-05-10 09:35:08,15859.2,0
2021-05-10 09:35:13,15857.55,0
2021-05-10 09:35:17,15859.7,0
2021-05-10 09:35:21,15865.75,0
2021-05-10 09:35:22,15865.5,0
2021-05-10 09:35:23,15864.75,0
2021-05-10 09:35:26,15864.25,0
2021-05-10 09:35:27,15863.5,0
2021-05-10 09:35:30,15866.55,0
2021-05-10 09:35:31,15866.65,0
2021-05-10 09:35:33,15865.3,0
2021-05-10 09:35:39,15865.6,0
2021-05-10 09:35:42,15864.95,0
2021-05-10 09:35:43,15865.25,0
2021-05-10 09:35:44,15864.7,0
2021-05-10 09:35:46,15866.1,0
2021-05-10 09:35:47,15865.9,0
2021-05-10 09:35:52,15866.8,0
2021-05-10 09:35:53,15867.0,0
2021-05-10 09:35:54,15867.25,0
2021-05-10 09:35:58,15870.55,0
2021-05-10 09:36:00,15873.55,0
2021-05-10 09:36:03,15874.55,0
2021-05-10 09:36:04,15875.1,0
2021-05-10 09:36:05,15874.4,0
2021-05-10 09:36:06,15875.6,0
2021-05-10 09:36:10,15876.65,0
2021-05-10 09:36:12,15876.85,0
2021-05-10 09:36:14,15877.9,0
2021-05-10 09:36:21,15881.3,0
2021-05-10 09:36:24,15880.1,0
2021-05-10 09:36:25,15880.95,0
2021-05-10 09:36:26,15879.65,0
2021-05-10 09:36:27,15880.6,0
2021-05-10 09:36:28,15879.8,0
2021-05-10 09:36:41,15882.45,0
2021-05-10 09:36:43,15882.15,0
2021-05-10 09:36:44,15881.7,0
2021-05-10 09:36:46,15883.15,0
2021-05-10 09:36:47,15883.95,0
2021-05-10 09:36:48,15883.75,0
2021-05-10 09:36:50,15883.65,0
2021-05-10 09:36:54,15886.95,0
2021-05-10 09:36:55,15887.3,0
2021-05-10 09:36:57,15888.3,0
2021-05-10 09:36:59,15886.8,0
2021-05-10 09:37:00,15889.2,0
2021-05-10 09:37:01,15889.75,0
2021-05-10 09:37:03,15890.6,0
2021-05-10 09:37:04,15888.85,0
2021-05-10 09:37:05,15890.5,0
2021-05-10 09:37:07,15891.25,0
2021-05-10 09:37:09,15891.0,0
2021-05-10 09:37:10,15891.75,0
2021-05-10 09:37:13,15892.65,0
2021-05-10 09:37:17,15892.45,0
2021-05-10 09:37:19,15893.35,0
2021-05-10 09:37:20,15893.2,0
2021-05-10 09:37:23,15892.9,0
2021-05-10 09:37:25,15891.75,0
2021-05-10 09:37:28,15888.35,0
2021-05-10 09:37:29,15887.7,0
2021-05-10 09:37:42,15884.9,0
2021-05-10 09:37:43,15884.45,0
2021-05-10 09:37:45,15882.3,0
2021-05-10 09:37:46,15884.6,0
2021-05-10 09:37:47,15885.15,0
2021-05-10 09:37:50,15883.1,0
2021-05-10 09:37:51,15884.2,0
2021-05-10 09:37:53,15883.7,0
2021-05-10 09:37:54,15884.3,0
2021-05-10 09:37:56,15883.1,0
2021-05-10 09:37:57,15883.55,0
2021-05-10 09:38:01,15883.15,0
2021-05-10 09:38:05,15881.65,0
2021-05-10 09:38:06,15880.2,0
2021-05-10 09:38:07,15880.7,0
2021-05-10 09:38:09,15882.25,0
2021-05-10 09:38:10,15880.9,0
2021-05-10 09:38:12,15881.05,0
2021-05-10 09:38:13,15880.5,0
2021-05-10 09:38:14,15880.25,0
2021-05-10 09:38:18,15880.15,0
2021-05-10 09:38:19,15881.15,0
2021-05-10 09:38:21,15881.8,0
2021-05-10 09:38:22,15881.2,0
2021-05-10 09:38:24,15887.95,0
2021-05-10 09:38:29,15888.9,0
2021-05-10 09:38:33,15888.45,0
2021-05-10 09:38:36,15889.4,0
2021-05-10 09:38:37,15889.4,0
2021-05-10 09:38:40,15892.15,0
2021-05-10 09:38:41,15891.55,0
2021-05-10 09:38:42,15891.95,0
2021-05-10 09:38:43,15891.6,0
2021-05-10 09:38:46,15891.65,0
2021-05-10 09:38:47,15891.1,0
2021-05-10 09:38:51,15892.95,0
2021-05-10 09:38:55,15894.6,0
2021-05-10 09:39:01,15897.7,0
2021-05-10 09:39:02,15897.3,0
2021-05-10 09:39:04,15895.95,0
2021-05-10 09:39:06,15896.4,0
2021-05-10 09:39:07,15895.55,0
2021-05-10 09:39:08,15897.2,0
2021-05-10 09:39:10,15895.85,0
2021-05-10 09:39:11,15896.05,0
2021-05-10 09:39:14,15897.05,0
2021-05-10 09:39:15,15898.1,0
2021-05-10 09:39:17,15899.1,0
2021-05-10 09:39:19,15901.4,0
2021-05-10 09:39:20,15901.85,0
2021-05-10 09:39:21,15902.5,0
2021-05-10 09:39:22,15900.7,0
2021-05-10 09:39:28,15900.8,0
2021-05-10 09:39:30,15901.55,0
2021-05-10 09:39:31,15900.0,0
2021-05-10 09:39:32,15900.0,0
2021-05-10 09:39:34,15898.5,0
2021-05-10 09:39:36,15899.4,0
2021-05-10 09:39:37,15899.15,0
2021-05-10 09:39:38,15897.0,0
2021-05-10 09:39:39,15897.15,0
2021-05-10 09:39:41,15896.75,0
2021-05-10 09:39:45,15897.45,0
2021-05-10 09:39:47,15897.8,0
2021-05-10 09:39:49,15897.2,0
2021-05-10 09:39:50,15896.85,0
2021-05-10 09:39:53,15898.45,0
2021-05-10 09:39:54,15899.3,0
2021-05-10 09:40:00,15898.65,0
2021-05-10 09:40:01,15899.1,0
2021-05-10 09:40:03,15898.25,0
2021-05-10 09:40:04,15898.3,0
2021-05-10 09:40:05,15898.8,0
2021-05-10 09:40:09,15896.5,0
2021-05-10 09:40:10,15897.05,0
2021-05-10 09:40:11,15894.1,0
2021-05-10 09:40:12,15892.75,0
2021-05-10 09:40:13,15892.65,0
2021-05-10 09:40:17,15892.2,0
2021-05-10 09:40:21,15891.9,0
2021-05-10 09:40:23,15891.4,0
2021-05-10 09:40:25,15890.3,0
2021-05-10 09:40:27,15889.7,0
2021-05-10 09:40:29,15889.75,0
2021-05-10 09:40:34,15888.55,0
2021-05-10 09:40:37,15887.8,0
2021-05-10 09:40:39,15885.9,0
2021-05-10 09:40:40,15887.8,0
2021-05-10 09:40:42,15884.7,0
2021-05-10 09:40:44,15884.8,0
2021-05-10 09:40:46,15884.6,0
2021-05-10 09:40:47,15885.5,0
2021-05-10 09:40:48,15883.95,0
2021-05-10 09:40:49,15885.35,0
2021-05-10 09:40:53,15884.55,0
2021-05-10 09:40:55,15883.05,0
2021-05-10 09:40:56,15881.85,0
2021-05-10 09:41:02,15877.9,0
2021-05-10 09:41:04,15875.75,0
2021-05-10 09:41:11,15877.25,0
2021-05-10 09:41:12,15878.2,0
2021-05-10 09:41:15,15877.45,0
2021-05-10 09:41:16,15879.05,0
2021-05-10 09:41:20,15881.75,0
2021-05-10 09:41:21,15882.95,0
2021-05-10 09:41:23,15884.15,0
2021-05-10 09:41:29,15883.6,0
2021-05-10 09:41:31,15882.3,0
2021-05-10 09:41:33,15884.35,0
2021-05-10 09:41:34,15882.85,0
2021-05-10 09:41:36,15881.95,0
2021-05-10 09:41:37,15883.3,0
2021-05-10 09:41:43,15883.75,0
2021-05-10 09:41:44,15883.6,0
2021-05-10 09:41:46,15883.85,0
2021-05-10 09:41:48,15881.75,0
2021-05-10 09:41:49,15880.95,0
2021-05-10 09:41:50,15880.35,0
2021-05-10 09:41:53,15884.15,0
2021-05-10 09:41:54,15884.0,0
2021-05-10 09:41:55,15885.65,0
2021-05-10 09:41:56,15886.3,0
2021-05-10 09:41:59,15886.95,0
2021-05-10 09:42:07,15884.65,0
2021-05-10 09:42:12,15884.5,0
2021-05-10 09:42:13,15885.6,0
2021-05-10 09:42:14,15886.35,0
2021-05-10 09:42:16,15886.65,0
2021-05-10 09:42:18,15886.5,0
2021-05-10 09:42:20,15886.8,0
2021-05-10 09:42:26,15884.1,0
2021-05-10 09:42:32,15881.25,0
2021-05-10 09:42:35,15882.15,0
2021-05-10 09:42:44,15882.65,0
2021-05-10 09:42:48,15880.9,0
2021-05-10 09:42:50,15882.25,0
2021-05-10 09:42:51,15881.85,0
2021-05-10 09:42:53,15880.55,0
2021-05-10 09:42:56,15879.35,0
2021-05-10 09:43:00,15880.75,0
2021-05-10 09:43:01,15880.55,0
2021-05-10 09:43:05,15877.5,0
2021-05-10 09:43:08,15879.3,0
2021-05-10 09:43:09,15878.9,0
2021-05-10 09:43:10,15879.1,0
2021-05-10 09:43:13,15878.15,0
2021-05-10 09:43:19,15878.85,0
2021-05-10 09:43:20,15879.75,0
2021-05-10 09:43:22,15883.2,0
2021-05-10 09:43:26,15884.6,0
2021-05-10 09:43:35,15885.55,0
2021-05-10 09:43:36,15885.0,0
2021-05-10 09:43:38,15886.15,0
2021-05-10 09:43:43,15888.0,0
2021-05-10 09:43:46,15886.65,0
2021-05-10 09:43:53,15889.2,0
2021-05-10 09:43:59,15890.7,0
2021-05-10 09:44:00,15890.8,0
2021-05-10 09:44:01,15891.5,0
2021-05-10 09:44:03,15890.95,0
2021-05-10 09:44:06,15891.0,0
2021-05-10 09:44:07,15890.75,0
2021-05-10 09:44:08,15891.1,0
2021-05-10 09:44:09,15892.25,0
2021-05-10 09:44:10,15891.0,0
2021-05-10 09:44:13,15891.2,0
2021-05-10 09:44:14,15890.65,0
2021-05-10 09:44:15,15889.6,0
2021-05-10 09:44:16,15890.3,0
2021-05-10 09:44:17,15888.35,0
2021-05-10 09:44:20,15887.6,0
2021-05-10 09:44:21,15888.8,0
2021-05-10 09:44:24,15890.25,0
2021-05-10 09:44:28,15889.25,0
2021-05-10 09:44:32,15890.75,0
2021-05-10 09:44:33,15890.55,0
2021-05-10 09:44:35,15892.0,0
2021-05-10 09:44:36,15891.85,0
2021-05-10 09:44:38,15892.25,0
2021-05-10 09:44:39,15892.1,0
2021-05-10 09:44:40,15892.25,0
2021-05-10 09:44:43,15892.6,0
2021-05-10 09:44:44,15892.65,0
2021-05-10 09:44:46,15891.0,0
2021-05-10 09:44:49,15890.85,0
2021-05-10 09:44:50,15889.8,0
2021-05-10 09:44:51,15889.95,0
2021-05-10 09:44:52,15890.7,0
2021-05-10 09:44:53,15890.7,0
2021-05-10 09:44:57,15891.05,0
2021-05-10 09:45:00,15891.7,0
2021-05-10 09:45:01,15890.15,0
2021-05-10 09:45:06,15891.6,0
2021-05-10 09:45:09,15890.7,0
2021-05-10 09:45:10,15891.05,0
2021-05-10 09:45:12,15892.5,0
2021-05-10 09:45:16,15893.3,0
2021-05-10 09:45:17,15895.1,0
2021-05-10 09:45:18,15893.15,0
2021-05-10 09:45:20,15893.5,0
2021-05-10 09:45:23,15895.5,0
2021-05-10 09:45:26,15894.1,0
2021-05-10 09:45:27,15895.3,0
2021-05-10 09:45:28,15892.65,0
2021-05-10 09:45:29,15892.05,0
2021-05-10 09:45:31,15893.05,0
2021-05-10 09:45:35,15894.9,0
2021-05-10 09:45:37,15893.85,0
2021-05-10 09:45:42,15895.0,0
2021-05-10 09:45:49,15896.85,0
2021-05-10 09:45:59,15901.2,0
2021-05-10 09:46:00,15900.6,0
2021-05-10 09:46:04,15902.35,0
2021-05-10 09:46:07,15904.2,0
2021-05-10 09:46:11,15906.4,0
2021-05-10 09:46:12,15907.5,0
2021-05-10 09:46:13,15906.25,0
2021-05-10 09:46:15,15910.4,0
2021-05-10 09:46:16,15912.35,0
2021-05-10 09:46:20,15913.3,0
2021-05-10 09:46:21,15914.55,0
2021-05-10 09:46:24,15915.0,0
2021-05-10 09:46:25,15912.65,0
2021-05-10 09:46:27,15912.2,0
2021-05-10 09:46:29,15910.2,0
2021-05-10 09:46:35,15913.8,0
2021-05-10 09:46:39,15913.2,0
2021-05-10 09:46:40,15913.1,0
2021-05-10 09:46:44,15913.05,0
2021-05-10 09:46:45,15914.1,0
2021-05-10 09:46:46,15912.5,0
2021-05-10 09:46:47,15913.8,0
2021-05-10 09:46:49,15914.05,0
2021-05-10 09:46:50,15912.95,0
2021-05-10 09:46:52,15914.95,0
2021-05-10 09:46:53,15914.65,0
2021-05-10 09:47:00,15915.9,0
2021-05-10 09:47:01,15915.65,0
2021-05-10 09:47:03,15914.8,0
2021-05-10 09:47:05,15916.15,0
2021-05-10 09:47:07,15914.05,0
2021-05-10 09:47:08,15915.55,0
2021-05-10 09:47:14,15912.85,0
2021-05-10 09:47:16,15911.1,0
2021-05-10 09:47:25,15914.8,0
2021-05-10 09:47:26,15916.5,0
2021-05-10 09:47:30,15914.85,0
2021-05-10 09:47:31,15915.4,0
2021-05-10 09:47:32,15913.6,0
2021-05-10 09:47:36,15914.45,0
2021-05-10 09:47:37,15914.65,0
2021-05-10 09:47:38,15913.2,0
2021-05-10 09:47:40,15913.85,0
2021-05-10 09:47:42,15913.95,0
2021-05-10 09:47:44,15914.8,0
2021-05-10 09:47:46,15914.8,0
2021-05-10 09:47:48,15915.45,0
2021-05-10 09:47:50,15913.25,0
2021-05-10 09:47:51,15914.0,0
2021-05-10 09:47:54,15914.3,0
2021-05-10 09:47:55,15913.5,0
2021-05-10 09:47:57,15913.9,0
2021-05-10 09:48:02,15913.95,0
2021-05-10 09:48:04,15913.1,0
2021-05-10 09:48:06,15913.15,0
2021-05-10 09:48:14,15912.3,0
2021-05-10 09:48:17,15913.75,0
2021-05-10 09:48:19,15910.55,0
2021-05-10 09:48:20,15912.6,0
2021-05-10 09:48:23,15912.35,0
2021-05-10 09:48:24,15911.85,0
2021-05-10 09:48:28,15913.55,0
2021-05-10 09:48:30,15913.6,0
2021-05-10 09:48:31,15912.55,0
2021-05-10 09:48:33,15912.4,0
2021-05-10 09:48:36,15912.45,0
2021-05-10 09:48:37,15913.05,0
2021-05-10 09:48:38,15913.8,0
2021-05-10 09:48:39,15912.6,0
2021-05-10 09:48:41,15913.15,0
2021-05-10 09:48:42,15913.7,0
2021-05-10 09:48:49,15914.75,0
2021-05-10 09:48:50,15916.45,0
2021-05-10 09:48:53,15916.4,0
2021-05-10 09:48:54,15916.15,0
2021-05-10 09:48:59,15915.8,0
2021-05-10 09:49:01,15915.6,0
2021-05-10 09:49:06,15916.95,0
2021-05-10 09:49:07,15916.4,0
2021-05-10 09:49:09,15918.6,0
2021-05-10 09:49:10,15919.55,0
2021-05-10 09:49:12,15918.2,0
2021-05-10 09:49:13,15918.65,0
2021-05-10 09:49:15,15915.4,0
2021-05-10 09:49:19,15916.35,0
2021-05-10 09:49:22,15915.1,0
2021-05-10 09:49:23,15917.35,0
2021-05-10 09:49:26,15913.9,0
2021-05-10 09:49:27,15914.55,0
2021-05-10 09:49:28,15915.9,0
2021-05-10 09:49:29,15914.1,0
2021-05-10 09:49:33,15913.0,0
2021-05-10 09:49:35,15913.05,0
2021-05-10 09:49:36,15913.95,0
2021-05-10 09:49:37,15912.55,0
2021-05-10 09:49:38,15913.4,0
2021-05-10 09:49:40,15913.85,0
2021-05-10 09:49:42,15915.3,0
2021-05-10 09:49:46,15913.0,0
2021-05-10 09:49:47,15913.95,0
2021-05-10 09:49:49,15916.0,0
2021-05-10 09:49:51,15914.65,0
2021-05-10 09:49:53,15911.45,0
2021-05-10 09:50:00,15906.6,0
2021-05-10 09:50:01,15908.35,0
2021-05-10 09:50:02,15908.45,0
2021-05-10 09:50:04,15909.25,0
2021-05-10 09:50:05,15909.65,0
2021-05-10 09:50:09,15912.0,0
2021-05-10 09:50:10,15910.85,0
2021-05-10 09:50:13,15911.4,0
2021-05-10 09:50:14,15911.65,0
2021-05-10 09:50:20,15913.5,0
2021-05-10 09:50:21,15911.85,0
2021-05-10 09:50:22,15912.15,0
2021-05-10 09:50:23,15914.95,0
2021-05-10 09:50:24,15914.4,0
2021-05-10 09:50:25,15914.15,0
2021-05-10 09:50:29,15914.05,0
2021-05-10 09:50:37,15918.8,0
2021-05-10 09:50:43,15919.1,0
2021-05-10 09:50:44,15919.55,0
2021-05-10 09:50:51,15916.55,0
2021-05-10 09:50:53,15916.75,0
2021-05-10 09:50:54,15918.05,0
2021-05-10 09:50:55,15917.45,0
2021-05-10 09:50:58,15917.5,0
2021-05-10 09:50:59,15916.65,0
2021-05-10 09:51:00,15915.8,0
2021-05-10 09:51:01,15913.6,0
2021-05-10 09:51:03,15913.1,0
2021-05-10 09:51:07,15912.45,0
2021-05-10 09:51:08,15912.85,0
2021-05-10 09:51:09,15914.3,0
2021-05-10 09:51:10,15915.2,0
2021-05-10 09:51:11,15914.15,0
2021-05-10 09:51:12,15914.35,0
2021-05-10 09:51:14,15914.85,0
2021-05-10 09:51:15,15915.5,0
2021-05-10 09:51:16,15915.05,0
2021-05-10 09:51:18,15914.9,0
2021-05-10 09:51:19,15914.9,0
2021-05-10 09:51:20,15915.25,0
2021-05-10 09:51:22,15914.95,0
2021-05-10 09:51:24,15911.35,0
2021-05-10 09:51:28,15909.2,0
2021-05-10 09:51:29,15909.3,0
2021-05-10 09:51:31,15907.15,0
2021-05-10 09:51:32,15906.3,0
2021-05-10 09:51:34,15906.45,0
2021-05-10 09:51:36,15905.75,0
2021-05-10 09:51:41,15904.1,0
2021-05-10 09:51:42,15904.8,0
2021-05-10 09:51:46,15904.9,0
2021-05-10 09:51:47,15902.75,0
2021-05-10 09:51:48,15903.6,0
2021-05-10 09:51:50,15902.55,0
2021-05-10 09:51:52,15903.3,0
2021-05-10 09:51:53,15901.5,0
2021-05-10 09:51:57,15901.0,0
2021-05-10 09:51:59,15900.95,0
2021-05-10 09:52:01,15902.35,0
2021-05-10 09:52:02,15902.0,0
2021-05-10 09:52:03,15901.45,0
2021-05-10 09:52:04,15902.6,0
2021-05-10 09:52:06,15900.15,0
2021-05-10 09:52:08,15902.05,0
2021-05-10 09:52:09,15903.35,0
2021-05-10 09:52:16,15900.85,0
2021-05-10 09:52:29,15898.85,0
2021-05-10 09:52:31,15898.7,0
2021-05-10 09:52:32,15900.15,0
2021-05-10 09:52:34,15898.85,0
2021-05-10 09:52:35,15898.8,0
2021-05-10 09:52:37,15899.9,0
2021-05-10 09:52:38,15899.8,0
2021-05-10 09:52:40,15898.45,0
2021-05-10 09:52:42,15899.0,0
2021-05-10 09:52:44,15899.8,0
2021-05-10 09:52:48,15901.3,0
2021-05-10 09:52:51,15900.1,0
2021-05-10 09:52:52,15899.85,0
2021-05-10 09:52:53,15900.25,0
2021-05-10 09:52:55,15901.1,0
2021-05-10 09:53:00,15901.3,0
2021-05-10 09:53:03,15899.35,0
2021-05-10 09:53:05,15898.85,0
2021-05-10 09:53:08,15895.7,0
2021-05-10 09:53:09,15896.9,0
2021-05-10 09:53:17,15893.05,0
2021-05-10 09:53:19,15891.5,0
2021-05-10 09:53:20,15891.65,0
2021-05-10 09:53:21,15892.65,0
2021-05-10 09:53:23,15891.2,0
2021-05-10 09:53:25,15891.95,0
2021-05-10 09:53:27,15891.95,0
2021-05-10 09:53:28,15893.35,0
2021-05-10 09:53:37,15889.45,0
2021-05-10 09:53:39,15890.1,0
2021-05-10 09:53:43,15888.75,0
2021-05-10 09:53:46,15888.3,0
2021-05-10 09:53:48,15887.4,0
2021-05-10 09:53:49,15887.65,0
2021-05-10 09:53:51,15887.5,0
2021-05-10 09:53:53,15887.65,0
2021-05-10 09:53:54,15887.3,0
2021-05-10 09:53:57,15888.75,0
2021-05-10 09:53:59,15889.25,0
2021-05-10 09:54:00,15890.05,0
2021-05-10 09:54:01,15891.3,0
2021-05-10 09:54:03,15889.6,0
2021-05-10 09:54:06,15890.8,0
2021-05-10 09:54:12,15890.05,0
2021-05-10 09:54:13,15890.15,0
2021-05-10 09:54:15,15889.4,0
2021-05-10 09:54:16,15888.75,0
2021-05-10 09:54:17,15888.25,0
2021-05-10 09:54:19,15888.55,0
2021-05-10 09:54:21,15887.3,0
2021-05-10 09:54:23,15888.2,0
2021-05-10 09:54:26,15888.85,0
2021-05-10 09:54:27,15889.65,0
2021-05-10 09:54:28,15889.45,0
2021-05-10 09:54:34,15888.4,0
2021-05-10 09:54:39,15887.3,0
2021-05-10 09:54:41,15885.55,0
2021-05-10 09:54:42,15885.45,0
2021-05-10 09:54:43,15884.45,0
2021-05-10 09:54:45,15881.6,0
2021-05-10 09:54:48,15881.75,0
2021-05-10 09:54:50,15881.9,0
2021-05-10 09:54:53,15879.8,0
2021-05-10 09:54:57,15878.75,0
2021-05-10 09:54:58,15879.5,0
2021-05-10 09:54:59,15877.9,0
2021-05-10 09:55:01,15877.45,0
2021-05-10 09:55:02,15878.1,0
2021-05-10 09:55:06,15876.9,0
2021-05-10 09:55:07,15876.55,0
2021-05-10 09:55:08,15877.85,0
2021-05-10 09:55:09,15877.35,0
2021-05-10 09:55:10,15877.3,0
2021-05-10 09:55:13,15878.05,0
2021-05-10 09:55:18,15882.65,0
2021-05-10 09:55:19,15881.3,0
2021-05-10 09:55:20,15881.2,0
2021-05-10 09:55:24,15880.95,0
2021-05-10 09:55:30,15879.1,0
2021-05-10 09:55:32,15879.25,0
2021-05-10 09:55:40,15879.85,0
2021-05-10 09:55:43,15877.7,0
2021-05-10 09:55:45,15879.05,0
2021-05-10 09:55:49,15879.25,0
2021-05-10 09:55:52,15876.2,0
2021-05-10 09:55:53,15874.4,0
2021-05-10 09:55:58,15874.9,0
2021-05-10 09:55:59,15875.55,0
2021-05-10 09:56:00,15876.55,0
2021-05-10 09:56:02,15874.8,0
2021-05-10 09:56:03,15872.9,0
2021-05-10 09:56:04,15872.15,0
2021-05-10 09:56:05,15870.8,0
2021-05-10 09:56:09,15868.7,0
2021-05-10 09:56:10,15868.7,0
2021-05-10 09:56:15,15868.7,0
2021-05-10 09:56:19,15871.25,0
2021-05-10 09:56:23,15866.6,0
2021-05-10 09:56:24,15867.1,0
2021-05-10 09:56:28,15868.95,0
2021-05-10 09:56:34,15870.35,0
2021-05-10 09:56:36,15869.35,0
2021-05-10 09:56:38,15870.15,0
2021-05-10 09:56:40,15872.65,0
2021-05-10 09:56:44,15873.4,0
2021-05-10 09:56:45,15875.1,0
2021-05-10 09:56:48,15877.55,0
2021-05-10 09:56:49,15876.7,0
2021-05-10 09:56:50,15875.2,0
2021-05-10 09:56:53,15874.25,0
2021-05-10 09:56:54,15875.45,0
2021-05-10 09:56:56,15877.9,0
2021-05-10 09:56:57,15878.7,0
2021-05-10 09:57:02,15879.15,0
2021-05-10 09:57:04,15879.6,0
2021-05-10 09:57:06,15880.35,0
2021-05-10 09:57:08,15881.0,0
2021-05-10 09:57:09,15882.25,0
2021-05-10 09:57:10,15882.35,0
2021-05-10 09:57:14,15881.3,0
2021-05-10 09:57:15,15881.15,0
2021-05-10 09:57:16,15881.35,0
2021-05-10 09:57:17,15881.05,0
2021-05-10 09:57:18,15880.9,0
2021-05-10 09:57:20,15880.95,0
2021-05-10 09:57:30,15884.35,0
2021-05-10 09:57:31,15885.65,0
2021-05-10 09:57:32,15884.75,0
2021-05-10 09:57:33,15884.9,0
2021-05-10 09:57:36,15886.2,0
2021-05-10 09:57:37,15885.05,0
2021-05-10 09:57:38,15885.15,0
2021-05-10 09:57:40,15886.1,0
2021-05-10 09:57:42,15885.3,0
2021-05-10 09:57:44,15885.9,0
2021-05-10 09:57:45,15884.55,0
2021-05-10 09:57:46,15885.95,0
2021-05-10 09:57:48,15886.45,0
2021-05-10 09:57:49,15887.25,0
2021-05-10 09:57:50,15887.45,0
2021-05-10 09:57:51,15887.1,0
2021-05-10 09:57:53,15885.1,0
2021-05-10 09:57:54,15884.4,0
2021-05-10 09:57:55,15886.15,0
2021-05-10 09:57:56,15884.4,0
2021-05-10 09:57:57,15885.15,0
2021-05-10 09:57:58,15883.8,0
2021-05-10 09:57:59,15885.2,0
2021-05-10 09:58:03,15884.3,0
2021-05-10 09:58:04,15883.6,0
2021-05-10 09:58:05,15883.05,0
2021-05-10 09:58:06,15883.3,0
2021-05-10 09:58:13,15881.2,0
2021-05-10 09:58:16,15879.65,0
2021-05-10 09:58:17,15878.95,0
2021-05-10 09:58:20,15876.85,0
2021-05-10 09:58:22,15877.45,0
2021-05-10 09:58:23,15878.85,0
2021-05-10 09:58:26,15879.35,0
2021-05-10 09:58:28,15878.85,0
2021-05-10 09:58:33,15878.7,0
2021-05-10 09:58:35,15877.7,0
2021-05-10 09:58:37,15876.5,0
2021-05-10 09:58:39,15875.1,0
2021-05-10 09:58:43,15873.9,0
2021-05-10 09:58:44,15873.85,0
2021-05-10 09:58:48,15875.5,0
2021-05-10 09:58:52,15874.8,0
2021-05-10 09:58:54,15875.5,0
2021-05-10 09:58:55,15874.9,0
2021-05-10 09:58:57,15874.6,0
2021-05-10 09:59:00,15876.9,0
2021-05-10 09:59:02,15873.1,0
2021-05-10 09:59:06,15875.7,0
2021-05-10 09:59:09,15878.5,0
2021-05-10 09:59:10,15877.0,0
2021-05-10 09:59:14,15878.35,0
2021-05-10 09:59:17,15879.7,0
2021-05-10 09:59:30,15875.55,0
2021-05-10 09:59:31,15875.35,0
2021-05-10 09:59:32,15874.95,0
2021-05-10 09:59:35,15874.55,0
2021-05-10 09:59:36,15873.25,0
2021-05-10 09:59:37,15871.95,0
2021-05-10 09:59:38,15872.05,0
2021-05-10 09:59:41,15874.0,0
2021-05-10 09:59:45,15872.25,0
2021-05-10 09:59:46,15871.1,0
2021-05-10 09:59:47,15869.45,0
2021-05-10 09:59:48,15868.4,0
2021-05-10 09:59:49,15868.3,0
2021-05-10 09:59:53,15870.75,0
2021-05-10 09:59:55,15871.0,0
2021-05-10 09:59:58,15872.45,0
2021-05-10 10:00:02,15872.25,0
2021-05-10 10:00:05,15871.9,0
2021-05-10 10:00:07,15872.75,0
2021-05-10 10:00:09,15872.85,0
2021-05-10 10:00:10,15872.8,0
2021-05-10 10:00:11,15872.75,0
2021-05-10 10:00:14,15876.7,0
2021-05-10 10:00:15,15874.0,0
2021-05-10 10:00:16,15873.3,0
2021-05-10 10:00:17,15873.75,0
2021-05-10 10:00:18,15875.5,0
2021-05-10 10:00:19,15875.9,0
2021-05-10 10:00:21,15874.2,0
2021-05-10 10:00:23,15875.75,0
2021-05-10 10:00:27,15873.5,0
2021-05-10 10:00:31,15872.3,0
2021-05-10 10:00:34,15871.25,0
2021-05-10 10:00:36,15870.95,0
2021-05-10 10:00:39,15871.4,0
2021-05-10 10:00:43,15873.0,0
2021-05-10 10:00:44,15873.25,0
2021-05-10 10:00:46,15871.1,0
2021-05-10 10:00:47,15870.9,0
2021-05-10 10:00:48,15872.6,0
2021-05-10 10:00:49,15871.7,0
2021-05-10 10:00:51,15872.1,0
2021-05-10 10:00:54,15873.05,0
2021-05-10 10:00:58,15871.2,0
2021-05-10 10:01:04,15874.15,0
2021-05-10 10:01:05,15875.5,0
2021-05-10 10:01:06,15874.5,0
2021-05-10 10:01:08,15874.3,0
2021-05-10 10:01:09,15875.85,0
2021-05-10 10:01:10,15876.55,0
2021-05-10 10:01:12,15875.85,0
2021-05-10 10:01:21,15877.7,0
2021-05-10 10:01:23,15879.1,0
2021-05-10 10:01:24,15877.95,0
2021-05-10 10:01:25,15876.55,0
2021-05-10 10:01:26,15874.6,0
2021-05-10 10:01:27,15875.35,0
2021-05-10 10:01:29,15875.15,0
2021-05-10 10:01:30,15876.35,0
2021-05-10 10:01:32,15875.05,0
2021-05-10 10:01:33,15876.2,0
2021-05-10 10:01:34,15875.45,0
2021-05-10 10:01:38,15874.85,0
2021-05-10 10:01:43,15875.85,0
2021-05-10 10:01:44,15876.3,0
2021-05-10 10:01:45,15876.2,0
2021-05-10 10:01:46,15875.65,0
2021-05-10 10:01:48,15876.6,0
2021-05-10 10:01:50,15879.65,0
2021-05-10 10:01:51,15879.55,0
2021-05-10 10:01:52,15880.15,0
2021-05-10 10:01:54,15880.35,0
2021-05-10 10:01:56,15881.55,0
2021-05-10 10:01:57,15881.4,0
2021-05-10 10:01:58,15880.0,0
2021-05-10 10:01:59,15881.25,0
2021-05-10 10:02:00,15880.85,0
2021-05-10 10:02:01,15880.65,0
2021-05-10 10:02:03,15878.4,0
2021-05-10 10:02:04,15880.25,0
2021-05-10 10:02:06,15879.05,0
2021-05-10 10:02:08,15881.35,0
2021-05-10 10:02:10,15880.4,0
2021-05-10 10:02:11,15879.65,0
2021-05-10 10:02:12,15882.5,0
2021-05-10 10:02:13,15882.8,0
2021-05-10 10:02:20,15883.3,0
2021-05-10 10:02:21,15884.4,0
2021-05-10 10:02:23,15883.85,0
2021-05-10 10:02:24,15883.3,0
2021-05-10 10:02:25,15884.95,0
2021-05-10 10:02:28,15884.75,0
2021-05-10 10:02:29,15883.45,0
2021-05-10 10:02:31,15883.45,0
2021-05-10 10:02:36,15882.5,0
2021-05-10 10:02:37,15884.25,0
2021-05-10 10:02:40,15882.8,0
2021-05-10 10:02:41,15882.75,0
2021-05-10 10:02:43,15882.55,0
2021-05-10 10:02:49,15883.85,0
2021-05-10 10:02:54,15883.75,0
2021-05-10 10:02:56,15883.65,0
2021-05-10 10:03:00,15883.95,0
2021-05-10 10:03:02,15883.25,0
2021-05-10 10:03:05,15884.65,0
2021-05-10 10:03:06,15884.7,0
2021-05-10 10:03:09,15885.85,0
2021-05-10 10:03:11,15886.1,0
2021-05-10 10:03:14,15886.45,0
2021-05-10 10:03:22,15887.65,0
2021-05-10 10:03:23,15887.5,0
2021-05-10 10:03:29,15890.7,0
2021-05-10 10:03:34,15890.8,0
2021-05-10 10:03:38,15889.35,0
2021-05-10 10:03:42,15891.1,0
2021-05-10 10:03:43,15891.3,0
2021-05-10 10:03:44,15892.0,0
2021-05-10 10:03:50,15891.75,0
2021-05-10 10:03:52,15892.75,0
2021-05-10 10:03:54,15894.5,0
2021-05-10 10:03:55,15895.6,0
2021-05-10 10:03:58,15896.65,0
2021-05-10 10:03:59,15897.9,0
2021-05-10 10:04:00,15896.8,0
2021-05-10 10:04:01,15896.85,0
2021-05-10 10:04:02,15897.15,0
2021-05-10 10:04:05,15896.95,0
2021-05-10 10:04:06,15896.05,0
2021-05-10 10:04:08,15895.25,0
2021-05-10 10:04:09,15896.75,0
2021-05-10 10:04:10,15896.75,0
2021-05-10 10:04:11,15897.4,0
2021-05-10 10:04:14,15896.8,0
2021-05-10 10:04:15,15896.7,0
2021-05-10 10:04:18,15898.05,0
2021-05-10 10:04:19,15899.2,0
2021-05-10 10:04:20,15896.8,0
2021-05-10 10:04:22,15895.75,0
2021-05-10 10:04:23,15894.25,0
2021-05-10 10:04:24,15894.55,0
2021-05-10 10:04:27,15892.4,0
2021-05-10 10:04:29,15892.15,0
2021-05-10 10:04:33,15891.05,0
2021-05-10 10:04:34,15892.25,0
2021-05-10 10:04:36,15890.3,0
2021-05-10 10:04:41,15891.9,0
2021-05-10 10:04:42,15890.3,0
2021-05-10 10:04:44,15891.25,0
2021-05-10 10:04:46,15891.15,0
2021-05-10 10:04:48,15890.6,0
2021-05-10 10:04:49,15890.95,0
2021-05-10 10:04:50,15890.9,0
2021-05-10 10:04:51,15892.0,0
2021-05-10 10:04:54,15890.7,0
2021-05-10 10:04:58,15890.3,0
2021-05-10 10:04:59,15891.15,0
2021-05-10 10:05:00,15891.65,0
2021-05-10 10:05:02,15890.75,0
2021-05-10 10:05:03,15890.5,0
2021-05-10 10:05:04,15890.75,0
2021-05-10 10:05:05,15891.1,0
2021-05-10 10:05:09,15891.7,0
2021-05-10 10:05:10,15891.85,0
2021-05-10 10:05:12,15891.7,0
2021-05-10 10:05:16,15893.45,0
2021-05-10 10:05:17,15891.7,0
2021-05-10 10:05:18,15893.25,0
2021-05-10 10:05:19,15893.9,0
2021-05-10 10:05:20,15894.4,0
2021-05-10 10:05:21,15894.75,0
2021-05-10 10:05:22,15895.9,0
2021-05-10 10:05:24,15896.65,0
2021-05-10 10:05:25,15894.8,0
2021-05-10 10:05:26,15895.55,0
2021-05-10 10:05:27,15894.65,0
2021-05-10 10:05:28,15895.65,0
2021-05-10 10:05:31,15892.2,0
2021-05-10 10:05:34,15892.25,0
2021-05-10 10:05:35,15891.8,0
2021-05-10 10:05:36,15891.2,0
2021-05-10 10:05:37,15891.5,0
2021-05-10 10:05:40,15891.35,0
2021-05-10 10:05:41,15890.0,0
2021-05-10 10:05:42,15890.85,0
2021-05-10 10:05:45,15890.2,0
2021-05-10 10:05:46,15889.05,0
2021-05-10 10:05:50,15886.25,0
2021-05-10 10:05:51,15887.25,0
2021-05-10 10:05:55,15888.2,0
2021-05-10 10:05:59,15886.65,0
2021-05-10 10:06:01,15888.2,0
2021-05-10 10:06:03,15889.85,0
2021-05-10 10:06:04,15887.6,0
2021-05-10 10:06:05,15887.55,0
2021-05-10 10:06:06,15889.65,0
2021-05-10 10:06:10,15887.45,0
2021-05-10 10:06:15,15889.7,0
2021-05-10 10:06:18,15889.15,0
2021-05-10 10:06:22,15888.05,0
2021-05-10 10:06:24,15888.8,0
2021-05-10 10:06:25,15888.55,0
2021-05-10 10:06:26,15889.7,0
2021-05-10 10:06:28,15888.8,0
2021-05-10 10:06:29,15889.35,0
2021-05-10 10:06:32,15890.1,0
2021-05-10 10:06:33,15890.8,0
2021-05-10 10:06:37,15892.6,0
2021-05-10 10:06:39,15891.1,0
2021-05-10 10:06:41,15893.05,0
2021-05-10 10:06:42,15892.8,0
2021-05-10 10:06:43,15894.0,0
2021-05-10 10:06:45,15892.85,0
2021-05-10 10:06:46,15894.3,0
2021-05-10 10:06:47,15890.65,0
2021-05-10 10:06:51,15891.9,0
2021-05-10 10:06:52,15892.1,0
2021-05-10 10:06:54,15891.2,0
2021-05-10 10:07:00,15893.95,0
2021-05-10 10:07:02,15895.2,0
2021-05-10 10:07:04,15895.6,0
2021-05-10 10:07:08,15895.7,0
2021-05-10 10:07:09,15895.6,0
2021-05-10 10:07:11,15895.65,0
2021-05-10 10:07:18,15889.25,0
2021-05-10 10:07:19,15887.9,0
2021-05-10 10:07:21,15889.8,0
2021-05-10 10:07:24,15888.6,0
2021-05-10 10:07:26,15888.55,0
2021-05-10 10:07:29,15886.75,0
2021-05-10 10:07:36,15887.8,0
2021-05-10 10:07:39,15888.15,0
2021-05-10 10:07:41,15889.25,0
2021-05-10 10:07:44,15886.75,0
2021-05-10 10:07:46,15887.45,0
2021-05-10 10:07:48,15887.5,0
2021-05-10 10:07:52,15886.4,0
2021-05-10 10:07:54,15884.55,0
2021-05-10 10:07:56,15883.35,0
2021-05-10 10:07:57,15874.9,0
2021-05-10 10:07:58,15873.6,0
2021-05-10 10:08:00,15875.3,0
2021-05-10 10:08:03,15875.1,0
2021-05-10 10:08:05,15873.4,0
2021-05-10 10:08:09,15874.6,0
2021-05-10 10:08:10,15874.05,0
2021-05-10 10:08:11,15872.85,0
2021-05-10 10:08:16,15880.55,0
2021-05-10 10:08:17,15880.85,0
2021-05-10 10:08:18,15880.8,0
2021-05-10 10:08:21,15879.75,0
2021-05-10 10:08:22,15880.65,0
2021-05-10 10:08:23,15881.5,0
2021-05-10 10:08:24,15882.7,0
2021-05-10 10:08:25,15882.0,0
2021-05-10 10:08:27,15884.1,0
2021-05-10 10:08:28,15884.85,0
2021-05-10 10:08:29,15886.35,0
2021-05-10 10:08:30,15886.65,0
2021-05-10 10:08:31,15887.5,0
2021-05-10 10:08:32,15885.75,0
2021-05-10 10:08:35,15887.25,0
2021-05-10 10:08:36,15887.05,0
2021-05-10 10:08:38,15886.15,0
2021-05-10 10:08:41,15891.0,0
2021-05-10 10:08:43,15890.6,0
2021-05-10 10:08:45,15890.05,0
2021-05-10 10:08:47,15889.15,0
2021-05-10 10:08:48,15892.65,0
2021-05-10 10:08:50,15892.0,0
2021-05-10 10:08:54,15889.95,0
2021-05-10 10:08:55,15891.5,0
2021-05-10 10:08:56,15891.45,0
2021-05-10 10:08:57,15891.05,0
2021-05-10 10:08:58,15890.8,0
2021-05-10 10:09:01,15892.55,0
2021-05-10 10:09:02,15892.05,0
2021-05-10 10:09:04,15891.65,0
2021-05-10 10:09:10,15892.15,0
2021-05-10 10:09:11,15893.05,0
2021-05-10 10:09:13,15893.85,0
2021-05-10 10:09:15,15893.85,0
2021-05-10 10:09:17,15893.95,0
2021-05-10 10:09:19,15896.05,0
2021-05-10 10:09:20,15898.05,0
2021-05-10 10:09:24,15894.05,0
2021-05-10 10:09:27,15893.25,0
2021-05-10 10:09:28,15895.8,0
2021-05-10 10:09:29,15896.3,0
2021-05-10 10:09:33,15898.3,0
2021-05-10 10:09:34,15896.95,0
2021-05-10 10:09:35,15897.2,0
2021-05-10 10:09:38,15897.05,0
2021-05-10 10:09:40,15896.65,0
2021-05-10 10:09:43,15895.85,0
2021-05-10 10:09:45,15898.05,0
2021-05-10 10:09:47,15898.25,0
2021-05-10 10:09:49,15896.7,0
2021-05-10 10:09:51,15896.95,0
2021-05-10 10:09:53,15899.05,0
2021-05-10 10:09:56,15898.55,0
2021-05-10 10:10:05,15900.5,0
2021-05-10 10:10:08,15897.4,0
2021-05-10 10:10:09,15898.05,0
2021-05-10 10:10:13,15896.7,0
2021-05-10 10:10:15,15899.05,0
2021-05-10 10:10:17,15900.5,0
2021-05-10 10:10:20,15897.85,0
2021-05-10 10:10:23,15898.7,0
2021-05-10 10:10:26,15898.7,0
2021-05-10 10:10:27,15897.9,0
2021-05-10 10:10:30,15899.2,0
2021-05-10 10:10:31,15899.9,0
2021-05-10 10:10:33,15899.65,0
2021-05-10 10:10:34,15900.55,0
2021-05-10 10:10:37,15900.0,0
2021-05-10 10:10:43,15900.85,0
2021-05-10 10:10:44,15900.5,0
2021-05-10 10:10:47,15902.1,0
2021-05-10 10:10:48,15901.7,0
2021-05-10 10:10:49,15903.15,0
2021-05-10 10:10:50,15902.55,0
2021-05-10 10:10:51,15902.4,0
2021-05-10 10:10:56,15900.9,0
2021-05-10 10:10:58,15900.65,0
2021-05-10 10:10:59,15901.3,0
2021-05-10 10:11:00,15900.8,0
2021-05-10 10:11:01,15900.05,0
2021-05-10 10:11:02,15894.0,0
2021-05-10 10:11:03,15894.6,0
2021-05-10 10:11:08,15895.05,0
2021-05-10 10:11:15,15896.15,0
2021-05-10 10:11:19,15896.2,0
2021-05-10 10:11:20,15896.8,0
2021-05-10 10:11:22,15895.9,0
2021-05-10 10:11:23,15894.95,0
2021-05-10 10:11:24,15895.1,0
2021-05-10 10:11:28,15895.7,0
2021-05-10 10:11:30,15893.95,0
2021-05-10 10:11:31,15894.6,0
2021-05-10 10:11:34,15894.6,0
2021-05-10 10:11:36,15894.95,0
2021-05-10 10:11:38,15893.6,0
2021-05-10 10:11:42,15896.15,0
2021-05-10 10:11:44,15894.05,0
2021-05-10 10:11:45,15894.95,0
2021-05-10 10:11:46,15894.55,0
2021-05-10 10:11:50,15894.9,0
2021-05-10 10:11:55,15893.6,0
2021-05-10 10:11:57,15895.8,0
2021-05-10 10:11:59,15894.45,0
2021-05-10 10:12:03,15896.05,0
2021-05-10 10:12:05,15898.6,0
2021-05-10 10:12:07,15898.5,0
2021-05-10 10:12:08,15898.0,0
2021-05-10 10:12:09,15899.1,0
2021-05-10 10:12:10,15897.25,0
2021-05-10 10:12:15,15898.55,0
2021-05-10 10:12:16,15897.9,0
2021-05-10 10:12:20,15896.3,0
2021-05-10 10:12:26,15900.95,0
2021-05-10 10:12:27,15898.9,0
2021-05-10 10:12:29,15898.35,0
2021-05-10 10:12:31,15899.95,0
2021-05-10 10:12:34,15900.5,0
2021-05-10 10:12:36,15896.8,0
2021-05-10 10:12:38,15897.25,0
2021-05-10 10:12:39,15898.4,0
2021-05-10 10:12:40,15899.3,0
2021-05-10 10:12:42,15898.45,0
2021-05-10 10:12:53,15902.0,0
2021-05-10 10:12:56,15903.2,0
2021-05-10 10:12:57,15903.8,0
2021-05-10 10:12:58,15903.15,0
2021-05-10 10:12:59,15900.85,0
2021-05-10 10:13:00,15900.9,0
2021-05-10 10:13:02,15903.7,0
2021-05-10 10:13:04,15904.4,0
2021-05-10 10:13:05,15903.1,0
2021-05-10 10:13:06,15904.4,0
2021-05-10 10:13:07,15905.05,0
2021-05-10 10:13:10,15904.65,0
2021-05-10 10:13:11,15906.55,0
2021-05-10 10:13:12,15905.25,0
2021-05-10 10:13:14,15906.45,0
2021-05-10 10:13:15,15907.35,0
2021-05-10 10:13:17,15907.75,0
2021-05-10 10:13:18,15908.4,0
2021-05-10 10:13:25,15906.45,0
2021-05-10 10:13:26,15905.45,0
2021-05-10 10:13:27,15904.65,0
2021-05-10 10:13:29,15903.85,0
2021-05-10 10:13:31,15905.75,0
2021-05-10 10:13:35,15903.7,0
2021-05-10 10:13:38,15902.6,0
2021-05-10 10:13:40,15903.0,0
2021-05-10 10:13:41,15903.95,0
2021-05-10 10:13:42,15905.4,0
2021-05-10 10:13:43,15907.3,0
2021-05-10 10:13:44,15905.3,0
2021-05-10 10:13:45,15906.0,0
2021-05-10 10:13:47,15907.5,0
2021-05-10 10:13:50,15907.95,0
2021-05-10 10:13:53,15907.25,0
2021-05-10 10:13:54,15907.5,0
2021-05-10 10:13:55,15907.7,0
2021-05-10 10:13:57,15907.45,0
2021-05-10 10:13:59,15910.05,0
2021-05-10 10:14:00,15907.55,0
2021-05-10 10:14:01,15909.3,0
2021-05-10 10:14:02,15908.9,0
2021-05-10 10:14:03,15908.25,0
2021-05-10 10:14:04,15910.65,0
2021-05-10 10:14:05,15909.8,0
2021-05-10 10:14:06,15907.6,0
2021-05-10 10:14:07,15908.4,0
2021-05-10 10:14:09,15908.45,0
2021-05-10 10:14:11,15909.85,0
2021-05-10 10:14:13,15906.95,0
2021-05-10 10:14:16,15908.25,0
2021-05-10 10:14:18,15910.05,0
2021-05-10 10:14:21,15908.6,0
2021-05-10 10:14:22,15907.75,0
2021-05-10 10:14:23,15907.35,0
2021-05-10 10:14:25,15909.65,0
2021-05-10 10:14:27,15908.05,0
2021-05-10 10:14:28,15909.0,0
2021-05-10 10:14:29,15909.6,0
2021-05-10 10:14:31,15908.0,0
2021-05-10 10:14:32,15909.55,0
2021-05-10 10:14:35,15910.45,0
2021-05-10 10:14:36,15909.45,0
2021-05-10 10:14:37,15910.7,0
2021-05-10 10:14:38,15911.95,0
2021-05-10 10:14:39,15910.6,0
2021-05-10 10:14:40,15910.0,0
2021-05-10 10:14:42,15910.6,0
2021-05-10 10:14:43,15910.55,0
2021-05-10 10:14:45,15911.9,0
2021-05-10 10:14:55,15916.5,0
2021-05-10 10:14:56,15917.95,0
2021-05-10 10:14:59,15917.9,0
2021-05-10 10:15:01,15918.35,0
2021-05-10 10:15:04,15919.55,0
2021-05-10 10:15:10,15917.9,0
2021-05-10 10:15:13,15918.4,0
2021-05-10 10:15:14,15919.1,0
2021-05-10 10:15:16,15920.15,0
2021-05-10 10:15:17,15920.55,0
2021-05-10 10:15:18,15920.4,0
2021-05-10 10:15:21,15920.8,0
2021-05-10 10:15:22,15921.6,0
2021-05-10 10:15:23,15923.05,0
2021-05-10 10:15:29,15926.8,0
2021-05-10 10:15:32,15927.15,0
2021-05-10 10:15:37,15928.5,0
2021-05-10 10:15:41,15928.9,0
2021-05-10 10:15:42,15929.85,0
2021-05-10 10:15:43,15930.0,0
2021-05-10 10:15:45,15928.9,0
2021-05-10 10:15:48,15929.0,0
2021-05-10 10:15:50,15926.8,0
2021-05-10 10:15:51,15923.95,0
2021-05-10 10:15:55,15925.6,0
2021-05-10 10:15:57,15924.45,0
2021-05-10 10:15:58,15924.75,0
2021-05-10 10:16:00,15926.4,0
2021-05-10 10:16:02,15925.95,0
2021-05-10 10:16:03,15926.95,0
2021-05-10 10:16:07,15926.55,0
2021-05-10 10:16:08,15927.15,0
2021-05-10 10:16:11,15926.95,0
2021-05-10 10:16:13,15926.3,0
2021-05-10 10:16:15,15926.9,0
2021-05-10 10:16:16,15927.6,0
2021-05-10 10:16:20,15927.7,0
2021-05-10 10:16:23,15929.7,0
2021-05-10 10:16:24,15929.1,0
2021-05-10 10:16:30,15926.75,0
2021-05-10 10:16:32,15926.15,0
2021-05-10 10:16:34,15926.55,0
2021-05-10 10:16:41,15928.85,0
2021-05-10 10:16:44,15930.5,0
2021-05-10 10:16:45,15930.35,0
2021-05-10 10:16:46,15929.1,0
2021-05-10 10:16:52,15930.45,0
2021-05-10 10:16:53,15929.75,0
2021-05-10 10:16:54,15930.6,0
2021-05-10 10:16:55,15930.9,0
2021-05-10 10:16:56,15932.05,0
2021-05-10 10:16:57,15931.8,0
2021-05-10 10:16:58,15931.4,0
2021-05-10 10:16:59,15933.35,0
2021-05-10 10:17:00,15933.15,0
2021-05-10 10:17:02,15936.95,0
2021-05-10 10:17:03,15937.45,0
2021-05-10 10:17:04,15936.65,0
2021-05-10 10:17:06,15936.85,0
2021-05-10 10:17:08,15939.25,0
2021-05-10 10:17:12,15933.65,0
2021-05-10 10:17:18,15935.1,0
2021-05-10 10:17:20,15933.65,0
2021-05-10 10:17:24,15934.9,0
2021-05-10 10:17:29,15934.65,0
2021-05-10 10:17:30,15934.7,0
2021-05-10 10:17:35,15937.25,0
2021-05-10 10:17:38,15940.65,0
2021-05-10 10:17:44,15943.95,0
2021-05-10 10:17:45,15946.75,0
2021-05-10 10:17:46,15947.75,0
2021-05-10 10:17:47,15947.85,0
2021-05-10 10:17:51,15948.45,0
2021-05-10 10:17:55,15948.5,0
2021-05-10 10:17:57,15949.45,0
2021-05-10 10:17:58,15951.5,0
2021-05-10 10:18:02,15950.75,0
2021-05-10 10:18:03,15948.95,0
2021-05-10 10:18:04,15953.3,0
2021-05-10 10:18:05,15954.4,0
2021-05-10 10:18:06,15953.65,0
2021-05-10 10:18:10,15955.6,0
2021-05-10 10:18:16,15950.55,0
2021-05-10 10:18:17,15947.75,0
2021-05-10 10:18:20,15946.8,0
2021-05-10 10:18:21,15946.8,0
2021-05-10 10:18:24,15946.3,0
2021-05-10 10:18:26,15947.75,0
2021-05-10 10:18:29,15950.0,0
2021-05-10 10:18:30,15950.75,0
2021-05-10 10:18:31,15951.2,0
2021-05-10 10:18:32,15949.8,0
2021-05-10 10:18:36,15950.25,0
2021-05-10 10:18:38,15949.35,0
2021-05-10 10:18:39,15949.95,0
2021-05-10 10:18:45,15950.95,0
2021-05-10 10:18:46,15950.5,0
2021-05-10 10:18:50,15948.7,0
2021-05-10 10:18:52,15948.25,0
2021-05-10 10:18:53,15947.1,0
2021-05-10 10:18:54,15947.1,0
2021-05-10 10:18:57,15947.35,0
2021-05-10 10:18:58,15946.75,0
2021-05-10 10:19:01,15946.7,0
2021-05-10 10:19:03,15947.8,0
2021-05-10 10:19:04,15949.1,0
2021-05-10 10:19:05,15951.05,0
2021-05-10 10:19:07,15953.55,0
2021-05-10 10:19:08,15951.75,0
2021-05-10 10:19:15,15954.5,0
2021-05-10 10:19:16,15955.05,0
2021-05-10 10:19:17,15954.55,0
2021-05-10 10:19:18,15953.75,0
2021-05-10 10:19:19,15951.55,0
2021-05-10 10:19:21,15950.2,0
2021-05-10 10:19:23,15949.7,0
2021-05-10 10:19:24,15951.4,0
2021-05-10 10:19:28,15951.35,0
2021-05-10 10:19:29,15951.3,0
2021-05-10 10:19:30,15951.9,0
2021-05-10 10:19:31,15952.9,0
2021-05-10 10:19:32,15953.1,0
2021-05-10 10:19:33,15953.6,0
2021-05-10 10:19:37,15954.4,0
2021-05-10 10:19:38,15954.6,0
2021-05-10 10:19:40,15953.85,0
2021-05-10 10:19:43,15955.2,0
2021-05-10 10:19:51,15954.7,0
2021-05-10 10:19:52,15955.05,0
2021-05-10 10:19:58,15953.2,0
2021-05-10 10:19:59,15952.5,0
2021-05-10 10:20:04,15953.15,0
2021-05-10 10:20:08,15952.95,0
2021-05-10 10:20:09,15953.5,0
2021-05-10 10:20:13,15950.3,0
2021-05-10 10:20:14,15950.1,0
2021-05-10 10:20:16,15949.7,0
2021-05-10 10:20:17,15948.05,0
2021-05-10 10:20:20,15948.7,0
2021-05-10 10:20:21,15948.85,0
2021-05-10 10:20:22,15947.25,0
2021-05-10 10:20:26,15953.5,0
2021-05-10 10:20:30,15952.55,0
2021-05-10 10:20:33,15948.85,0
2021-05-10 10:20:34,15949.55,0
2021-05-10 10:20:36,15950.5,0
2021-05-10 10:20:37,15951.35,0
2021-05-10 10:20:40,15949.0,0
2021-05-10 10:20:46,15949.7,0
2021-05-10 10:20:47,15949.35,0
2021-05-10 10:20:49,15948.45,0
2021-05-10 10:20:51,15947.95,0
2021-05-10 10:20:54,15947.05,0
2021-05-10 10:20:55,15946.35,0
2021-05-10 10:20:56,15945.5,0
2021-05-10 10:20:57,15944.6,0
2021-05-10 10:21:00,15945.4,0
2021-05-10 10:21:01,15945.5,0
2021-05-10 10:21:02,15945.7,0
2021-05-10 10:21:03,15946.6,0
2021-05-10 10:21:04,15945.55,0
2021-05-10 10:21:05,15945.25,0
2021-05-10 10:21:06,15945.8,0
2021-05-10 10:21:07,15946.75,0
2021-05-10 10:21:09,15948.45,0
2021-05-10 10:21:10,15947.1,0
2021-05-10 10:21:11,15946.55,0
2021-05-10 10:21:12,15946.15,0
2021-05-10 10:21:13,15945.7,0
2021-05-10 10:21:15,15944.75,0
2021-05-10 10:21:17,15946.85,0
2021-05-10 10:21:20,15945.4,0
2021-05-10 10:21:21,15945.1,0
2021-05-10 10:21:22,15944.8,0
2021-05-10 10:21:23,15945.2,0
2021-05-10 10:21:25,15944.4,0
2021-05-10 10:21:26,15945.2,0
2021-05-10 10:21:27,15946.05,0
2021-05-10 10:21:29,15946.0,0
2021-05-10 10:21:30,15946.25,0
2021-05-10 10:21:31,15946.45,0
2021-05-10 10:21:32,15945.55,0
2021-05-10 10:21:33,15944.35,0
2021-05-10 10:21:34,15944.1,0
2021-05-10 10:21:35,15944.35,0
2021-05-10 10:21:38,15943.65,0
2021-05-10 10:21:39,15944.3,0
2021-05-10 10:21:41,15944.9,0
2021-05-10 10:21:45,15943.65,0
2021-05-10 10:21:47,15944.5,0
2021-05-10 10:21:49,15945.7,0
2021-05-10 10:21:50,15944.35,0
2021-05-10 10:21:55,15942.65,0
2021-05-10 10:21:56,15942.6,0
2021-05-10 10:21:57,15942.8,0
2021-05-10 10:22:00,15944.05,0
2021-05-10 10:22:02,15943.65,0
2021-05-10 10:22:04,15944.4,0
2021-05-10 10:22:05,15944.95,0
2021-05-10 10:22:06,15945.65,0
2021-05-10 10:22:09,15949.85,0
2021-05-10 10:22:11,15950.15,0
2021-05-10 10:22:15,15950.8,0
2021-05-10 10:22:16,15950.95,0
2021-05-10 10:22:17,15950.4,0
2021-05-10 10:22:18,15949.4,0
2021-05-10 10:22:22,15949.05,0
2021-05-10 10:22:24,15948.55,0
2021-05-10 10:22:25,15947.9,0
2021-05-10 10:22:26,15947.8,0
2021-05-10 10:22:27,15949.55,0
2021-05-10 10:22:38,15950.6,0
2021-05-10 10:22:40,15951.5,0
2021-05-10 10:22:41,15949.1,0
2021-05-10 10:22:44,15948.8,0
2021-05-10 10:22:45,15949.9,0
2021-05-10 10:22:47,15950.0,0
2021-05-10 10:22:48,15949.45,0
2021-05-10 10:22:49,15949.85,0
2021-05-10 10:22:50,15950.55,0
2021-05-10 10:22:52,15952.25,0
2021-05-10 10:22:55,15950.65,0
2021-05-10 10:22:56,15951.0,0
2021-05-10 10:22:57,15951.35,0
2021-05-10 10:22:58,15950.15,0
2021-05-10 10:23:00,15950.0,0
2021-05-10 10:23:02,15951.6,0
2021-05-10 10:23:03,15951.0,0
2021-05-10 10:23:04,15952.85,0
2021-05-10 10:23:05,15952.8,0
2021-05-10 10:23:06,15951.75,0
2021-05-10 10:23:08,15949.4,0
2021-05-10 10:23:11,15951.25,0
2021-05-10 10:23:14,15950.6,0
2021-05-10 10:23:17,15949.75,0
2021-05-10 10:23:20,15948.7,0
2021-05-10 10:23:22,15950.9,0
2021-05-10 10:23:23,15949.25,0
2021-05-10 10:23:24,15947.55,0
2021-05-10 10:23:26,15948.45,0
2021-05-10 10:23:27,15948.9,0
2021-05-10 10:23:30,15949.6,0
2021-05-10 10:23:31,15949.85,0
2021-05-10 10:23:34,15949.95,0
2021-05-10 10:23:35,15949.5,0
2021-05-10 10:23:39,15949.3,0
2021-05-10 10:23:41,15950.4,0
2021-05-10 10:23:42,15947.75,0
2021-05-10 10:23:43,15949.35,0
2021-05-10 10:23:44,15948.9,0
2021-05-10 10:23:47,15947.7,0
2021-05-10 10:23:48,15948.3,0
2021-05-10 10:23:49,15948.75,0
2021-05-10 10:23:51,15946.75,0
2021-05-10 10:23:53,15949.1,0
2021-05-10 10:23:55,15947.95,0
2021-05-10 10:23:59,15946.85,0
2021-05-10 10:24:02,15947.1,0
2021-05-10 10:24:07,15946.75,0
2021-05-10 10:24:09,15947.05,0
2021-05-10 10:24:10,15947.2,0
2021-05-10 10:24:12,15945.75,0
2021-05-10 10:24:13,15946.85,0
2021-05-10 10:24:14,15945.8,0
2021-05-10 10:24:15,15947.8,0
2021-05-10 10:24:17,15945.3,0
2021-05-10 10:24:21,15945.35,0
2021-05-10 10:24:22,15947.95,0
2021-05-10 10:24:23,15948.8,0
2021-05-10 10:24:24,15947.45,0
2021-05-10 10:24:26,15946.6,0
2021-05-10 10:24:28,15946.45,0
2021-05-10 10:24:29,15945.95,0
2021-05-10 10:24:32,15948.45,0
2021-05-10 10:24:33,15948.2,0
2021-05-10 10:24:34,15947.7,0
2021-05-10 10:24:40,15945.45,0
2021-05-10 10:24:41,15945.65,0
2021-05-10 10:24:44,15947.2,0
2021-05-10 10:24:45,15947.6,0
2021-05-10 10:24:47,15947.65,0
2021-05-10 10:24:50,15947.25,0
2021-05-10 10:24:54,15940.55,0
2021-05-10 10:24:56,15939.85,0
2021-05-10 10:24:57,15938.25,0
2021-05-10 10:25:03,15940.85,0
2021-05-10 10:25:05,15942.75,0
2021-05-10 10:25:06,15940.0,0
2021-05-10 10:25:07,15942.0,0
2021-05-10 10:25:08,15941.3,0
2021-05-10 10:25:09,15942.15,0
2021-05-10 10:25:10,15942.35,0
2021-05-10 10:25:11,15942.35,0
2021-05-10 10:25:12,15942.7,0
2021-05-10 10:25:13,15941.3,0
2021-05-10 10:25:14,15942.8,0
2021-05-10 10:25:16,15942.7,0
2021-05-10 10:25:18,15941.5,0
2021-05-10 10:25:19,15941.85,0
2021-05-10 10:25:21,15944.7,0
2021-05-10 10:25:23,15944.45,0
2021-05-10 10:25:24,15944.5,0
2021-05-10 10:25:25,15943.65,0
2021-05-10 10:25:26,15944.0,0
2021-05-10 10:25:35,15946.0,0
2021-05-10 10:25:37,15945.95,0
2021-05-10 10:25:41,15943.8,0
2021-05-10 10:25:46,15942.85,0
2021-05-10 10:25:47,15941.1,0
2021-05-10 10:25:49,15943.1,0
2021-05-10 10:25:50,15942.0,0
2021-05-10 10:25:54,15941.1,0
2021-05-10 10:25:57,15940.55,0
2021-05-10 10:25:58,15940.35,0
2021-05-10 10:25:59,15938.3,0
2021-05-10 10:26:02,15938.05,0
2021-05-10 10:26:03,15937.9,0
2021-05-10 10:26:11,15937.15,0
2021-05-10 10:26:12,15936.5,0
2021-05-10 10:26:13,15936.9,0
2021-05-10 10:26:14,15937.0,0
2021-05-10 10:26:19,15937.45,0
2021-05-10 10:26:20,15937.25,0
2021-05-10 10:26:25,15935.8,0
2021-05-10 10:26:27,15935.3,0
2021-05-10 10:26:31,15935.95,0
2021-05-10 10:26:34,15935.7,0
2021-05-10 10:26:35,15935.8,0
2021-05-10 10:26:36,15935.75,0
2021-05-10 10:26:40,15936.8,0
2021-05-10 10:26:44,15938.75,0
2021-05-10 10:26:45,15938.1,0
2021-05-10 10:26:49,15939.65,0
2021-05-10 10:26:51,15938.45,0
2021-05-10 10:26:53,15939.5,0
2021-05-10 10:26:57,15940.65,0
2021-05-10 10:26:59,15946.6,0
2021-05-10 10:27:00,15946.0,0
2021-05-10 10:27:03,15944.15,0
2021-05-10 10:27:04,15946.1,0
2021-05-10 10:27:05,15944.65,0
2021-05-10 10:27:06,15946.15,0
2021-05-10 10:27:07,15943.75,0
2021-05-10 10:27:09,15944.1,0
2021-05-10 10:27:11,15945.15,0
2021-05-10 10:27:12,15946.65,0
2021-05-10 10:27:14,15945.6,0
2021-05-10 10:27:15,15948.2,0
2021-05-10 10:27:17,15950.2,0
2021-05-10 10:27:19,15950.75,0
2021-05-10 10:27:20,15948.35,0
2021-05-10 10:27:21,15947.2,0
2021-05-10 10:27:22,15946.05,0
2021-05-10 10:27:24,15949.45,0
2021-05-10 10:27:25,15947.0,0
2021-05-10 10:27:26,15943.75,0
2021-05-10 10:27:36,15946.6,0
2021-05-10 10:27:38,15945.8,0
2021-05-10 10:27:46,15944.95,0
2021-05-10 10:27:47,15944.2,0
2021-05-10 10:27:49,15944.8,0
2021-05-10 10:27:50,15945.25,0
2021-05-10 10:27:51,15943.2,0
2021-05-10 10:27:53,15944.6,0
2021-05-10 10:27:54,15946.0,0
2021-05-10 10:27:56,15946.25,0
2021-05-10 10:27:57,15945.4,0
2021-05-10 10:27:58,15945.45,0
2021-05-10 10:28:00,15945.7,0
2021-05-10 10:28:01,15945.75,0
2021-05-10 10:28:02,15947.05,0
2021-05-10 10:28:03,15946.8,0
2021-05-10 10:28:05,15944.95,0
2021-05-10 10:28:08,15945.7,0
2021-05-10 10:28:10,15945.0,0
2021-05-10 10:28:12,15945.2,0
2021-05-10 10:28:14,15945.6,0
2021-05-10 10:28:15,15946.1,0
2021-05-10 10:28:17,15945.25,0
2021-05-10 10:28:20,15945.5,0
2021-05-10 10:28:24,15945.15,0
2021-05-10 10:28:28,15946.75,0
2021-05-10 10:28:31,15947.75,0
2021-05-10 10:28:32,15948.35,0
2021-05-10 10:28:33,15946.65,0
2021-05-10 10:28:34,15946.65,0
2021-05-10 10:28:35,15946.0,0
2021-05-10 10:28:38,15946.4,0
2021-05-10 10:28:39,15946.25,0
2021-05-10 10:28:41,15944.1,0
2021-05-10 10:28:42,15945.75,0
2021-05-10 10:28:44,15944.9,0
2021-05-10 10:28:48,15944.3,0
2021-05-10 10:28:53,15941.75,0
2021-05-10 10:28:54,15941.75,0
2021-05-10 10:28:56,15943.0,0
2021-05-10 10:28:57,15942.35,0
2021-05-10 10:28:58,15941.5,0
2021-05-10 10:28:59,15941.2,0
2021-05-10 10:29:00,15942.95,0
2021-05-10 10:29:01,15942.9,0
2021-05-10 10:29:05,15942.05,0
2021-05-10 10:29:07,15942.6,0
2021-05-10 10:29:10,15943.15,0
2021-05-10 10:29:11,15943.45,0
2021-05-10 10:29:19,15942.25,0
2021-05-10 10:29:22,15940.95,0
2021-05-10 10:29:32,15938.5,0
2021-05-10 10:29:34,15938.2,0
2021-05-10 10:29:35,15937.9,0
2021-05-10 10:29:39,15939.4,0
2021-05-10 10:29:40,15939.8,0
2021-05-10 10:29:45,15939.95,0
2021-05-10 10:29:46,15939.45,0
2021-05-10 10:29:47,15939.65,0
2021-05-10 10:29:48,15940.8,0
2021-05-10 10:29:49,15940.6,0
2021-05-10 10:29:50,15940.4,0
2021-05-10 10:29:54,15940.35,0
2021-05-10 10:29:55,15939.9,0
2021-05-10 10:29:57,15939.6,0
2021-05-10 10:30:04,15942.15,0
2021-05-10 10:30:05,15942.35,0
2021-05-10 10:30:06,15943.2,0
2021-05-10 10:30:07,15944.55,0
2021-05-10 10:30:09,15944.95,0
2021-05-10 10:30:10,15946.3,0
2021-05-10 10:30:13,15945.45,0
2021-05-10 10:30:16,15943.65,0
2021-05-10 10:30:18,15944.6,0
2021-05-10 10:30:20,15943.7,0
2021-05-10 10:30:25,15941.75,0
2021-05-10 10:30:27,15940.85,0
2021-05-10 10:30:28,15939.95,0
2021-05-10 10:30:30,15942.15,0
2021-05-10 10:30:32,15942.0,0
2021-05-10 10:30:34,15940.65,0
2021-05-10 10:30:38,15943.3,0
2021-05-10 10:30:41,15942.6,0
2021-05-10 10:30:45,15943.1,0
2021-05-10 10:30:47,15942.95,0
2021-05-10 10:30:49,15942.5,0
2021-05-10 10:30:52,15943.9,0
2021-05-10 10:30:53,15942.35,0
2021-05-10 10:30:59,15946.05,0
2021-05-10 10:31:01,15946.4,0
2021-05-10 10:31:02,15945.3,0
2021-05-10 10:31:03,15945.5,0
2021-05-10 10:31:07,15946.3,0
2021-05-10 10:31:08,15944.85,0
2021-05-10 10:31:09,15943.45,0
2021-05-10 10:31:12,15944.85,0
2021-05-10 10:31:14,15946.65,0
2021-05-10 10:31:19,15945.75,0
2021-05-10 10:31:21,15945.55,0
2021-05-10 10:31:24,15945.75,0
2021-05-10 10:31:25,15944.1,0
2021-05-10 10:31:28,15944.2,0
2021-05-10 10:31:29,15945.9,0
2021-05-10 10:31:36,15945.15,0
2021-05-10 10:31:39,15947.65,0
2021-05-10 10:31:41,15946.85,0
2021-05-10 10:31:44,15946.05,0
2021-05-10 10:31:46,15943.5,0
2021-05-10 10:31:49,15944.05,0
2021-05-10 10:31:50,15942.25,0
2021-05-10 10:31:51,15943.65,0
2021-05-10 10:31:52,15943.15,0
2021-05-10 10:31:54,15942.95,0
2021-05-10 10:31:57,15943.15,0
2021-05-10 10:31:58,15943.6,0
2021-05-10 10:32:01,15944.25,0
2021-05-10 10:32:02,15944.5,0
2021-05-10 10:32:03,15945.4,0
2021-05-10 10:32:06,15943.6,0
2021-05-10 10:32:07,15944.2,0
2021-05-10 10:32:08,15944.15,0
2021-05-10 10:32:09,15943.85,0
2021-05-10 10:32:10,15943.9,0
2021-05-10 10:32:11,15945.15,0
2021-05-10 10:32:12,15944.5,0
2021-05-10 10:32:16,15944.3,0
2021-05-10 10:32:17,15944.7,0
2021-05-10 10:32:18,15943.45,0
2021-05-10 10:32:19,15944.5,0
2021-05-10 10:32:22,15944.1,0
2021-05-10 10:32:24,15943.75,0
2021-05-10 10:32:26,15942.75,0
2021-05-10 10:32:27,15942.4,0
2021-05-10 10:32:29,15943.05,0
2021-05-10 10:32:35,15941.75,0
2021-05-10 10:32:36,15941.95,0
2021-05-10 10:32:37,15942.95,0
2021-05-10 10:32:39,15942.85,0
2021-05-10 10:32:40,15943.3,0
2021-05-10 10:32:43,15943.3,0
2021-05-10 10:32:46,15942.0,0
2021-05-10 10:32:47,15942.55,0
2021-05-10 10:32:48,15941.45,0
2021-05-10 10:32:49,15941.65,0
2021-05-10 10:32:52,15942.4,0
2021-05-10 10:32:53,15940.25,0
2021-05-10 10:32:55,15943.05,0
2021-05-10 10:32:59,15944.35,0
2021-05-10 10:33:00,15944.5,0
2021-05-10 10:33:01,15944.6,0
2021-05-10 10:33:02,15944.9,0
2021-05-10 10:33:03,15947.4,0
2021-05-10 10:33:04,15946.5,0
2021-05-10 10:33:06,15948.95,0
2021-05-10 10:33:07,15949.8,0
2021-05-10 10:33:08,15949.6,0
2021-05-10 10:33:12,15947.45,0
2021-05-10 10:33:17,15948.8,0
2021-05-10 10:33:20,15948.8,0
2021-05-10 10:33:21,15947.95,0
2021-05-10 10:33:22,15949.2,0
2021-05-10 10:33:23,15949.15,0
2021-05-10 10:33:28,15947.55,0
2021-05-10 10:33:29,15948.2,0
2021-05-10 10:33:33,15947.1,0
2021-05-10 10:33:36,15947.4,0
2021-05-10 10:33:37,15948.1,0
2021-05-10 10:33:38,15948.0,0
2021-05-10 10:33:41,15947.95,0
2021-05-10 10:33:45,15952.5,0
2021-05-10 10:33:47,15951.45,0
2021-05-10 10:33:48,15950.55,0
2021-05-10 10:33:50,15952.25,0
2021-05-10 10:33:51,15950.05,0
2021-05-10 10:33:53,15950.2,0
2021-05-10 10:33:54,15950.95,0
2021-05-10 10:33:56,15950.6,0
2021-05-10 10:33:58,15951.7,0
2021-05-10 10:33:59,15952.4,0
2021-05-10 10:34:00,15952.55,0
2021-05-10 10:34:01,15951.9,0
2021-05-10 10:34:03,15951.95,0
2021-05-10 10:34:04,15955.3,0
2021-05-10 10:34:08,15956.35,0
2021-05-10 10:34:09,15955.1,0
2021-05-10 10:34:10,15955.7,0
2021-05-10 10:34:11,15960.1,0
2021-05-10 10:34:12,15957.8,0
2021-05-10 10:34:13,15958.55,0
2021-05-10 10:34:17,15962.55,0
2021-05-10 10:34:26,15961.6,0
2021-05-10 10:34:28,15960.4,0
2021-05-10 10:34:29,15960.65,0
2021-05-10 10:34:32,15960.45,0
2021-05-10 10:34:38,15956.1,0
2021-05-10 10:34:39,15957.95,0
2021-05-10 10:34:40,15958.7,0
2021-05-10 10:34:42,15958.45,0
2021-05-10 10:34:44,15956.5,0
2021-05-10 10:34:45,15956.6,0
2021-05-10 10:34:46,15957.3,0
2021-05-10 10:34:47,15958.45,0
2021-05-10 10:34:48,15955.85,0
2021-05-10 10:34:50,15956.0,0
2021-05-10 10:34:52,15954.4,0
2021-05-10 10:34:56,15955.55,0
2021-05-10 10:34:59,15956.9,0
2021-05-10 10:35:01,15956.25,0
2021-05-10 10:35:03,15960.3,0
2021-05-10 10:35:05,15961.6,0
2021-05-10 10:35:07,15958.6,0
2021-05-10 10:35:08,15959.35,0
2021-05-10 10:35:09,15961.65,0
2021-05-10 10:35:11,15961.15,0
2021-05-10 10:35:14,15961.6,0
2021-05-10 10:35:17,15961.45,0
2021-05-10 10:35:19,15961.95,0
2021-05-10 10:35:20,15962.45,0
2021-05-10 10:35:22,15962.5,0
2021-05-10 10:35:27,15964.25,0
2021-05-10 10:35:31,15962.0,0
2021-05-10 10:35:32,15962.1,0
2021-05-10 10:35:34,15962.05,0
2021-05-10 10:35:36,15962.75,0
2021-05-10 10:35:37,15962.0,0
2021-05-10 10:35:40,15962.2,0
2021-05-10 10:35:41,15960.35,0
2021-05-10 10:35:44,15963.05,0
2021-05-10 10:35:45,15960.6,0
2021-05-10 10:35:47,15962.2,0
2021-05-10 10:35:48,15961.3,0
2021-05-10 10:35:52,15960.45,0
2021-05-10 10:35:53,15958.7,0
2021-05-10 10:35:54,15961.25,0
2021-05-10 10:35:55,15960.6,0
2021-05-10 10:36:02,15962.25,0
2021-05-10 10:36:04,15959.9,0
2021-05-10 10:36:05,15961.2,0
2021-05-10 10:36:06,15961.1,0
2021-05-10 10:36:10,15961.35,0
2021-05-10 10:36:12,15962.3,0
2021-05-10 10:36:13,15962.5,0
2021-05-10 10:36:14,15960.7,0
2021-05-10 10:36:16,15963.4,0
2021-05-10 10:36:17,15964.2,0
2021-05-10 10:36:19,15963.9,0
2021-05-10 10:36:20,15964.65,0
2021-05-10 10:36:21,15964.8,0
2021-05-10 10:36:22,15963.2,0
2021-05-10 10:36:26,15963.25,0
2021-05-10 10:36:27,15964.35,0
2021-05-10 10:36:30,15964.1,0
2021-05-10 10:36:31,15963.3,0
2021-05-10 10:36:35,15963.2,0
2021-05-10 10:36:37,15964.05,0
2021-05-10 10:36:39,15963.55,0
2021-05-10 10:36:41,15964.55,0
2021-05-10 10:36:42,15963.9,0
2021-05-10 10:36:48,15962.45,0
2021-05-10 10:36:50,15961.6,0
2021-05-10 10:36:56,15957.0,0
2021-05-10 10:37:02,15958.15,0
2021-05-10 10:37:03,15956.9,0
2021-05-10 10:37:04,15955.75,0
2021-05-10 10:37:05,15956.35,0
2021-05-10 10:37:08,15956.7,0
2021-05-10 10:37:09,15955.5,0
2021-05-10 10:37:10,15956.6,0
2021-05-10 10:37:14,15956.15,0
2021-05-10 10:37:15,15956.55,0
2021-05-10 10:37:18,15958.05,0
2021-05-10 10:37:19,15958.0,0
2021-05-10 10:37:20,15956.1,0
2021-05-10 10:37:22,15957.65,0
2021-05-10 10:37:25,15957.3,0
2021-05-10 10:37:28,15955.6,0
2021-05-10 10:37:30,15957.6,0
2021-05-10 10:37:36,15957.15,0
2021-05-10 10:37:40,15955.5,0
2021-05-10 10:37:41,15953.9,0
2021-05-10 10:37:43,15953.15,0
2021-05-10 10:37:44,15952.05,0
2021-05-10 10:37:46,15952.8,0
2021-05-10 10:37:48,15951.1,0
2021-05-10 10:37:49,15950.25,0
2021-05-10 10:37:50,15949.85,0
2021-05-10 10:37:51,15950.85,0
2021-05-10 10:37:52,15951.0,0
2021-05-10 10:37:53,15950.35,0
2021-05-10 10:37:55,15949.25,0
2021-05-10 10:38:00,15949.15,0
2021-05-10 10:38:01,15950.1,0
2021-05-10 10:38:03,15949.95,0
2021-05-10 10:38:05,15949.5,0
2021-05-10 10:38:12,15951.2,0
2021-05-10 10:38:13,15950.75,0
2021-05-10 10:38:16,15951.1,0
2021-05-10 10:38:17,15951.95,0
2021-05-10 10:38:18,15951.5,0
2021-05-10 10:38:19,15951.85,0
2021-05-10 10:38:20,15951.05,0
2021-05-10 10:38:21,15951.8,0
2021-05-10 10:38:22,15951.95,0
2021-05-10 10:38:23,15951.2,0
2021-05-10 10:38:25,15951.85,0
2021-05-10 10:38:31,15951.0,0
2021-05-10 10:38:36,15953.9,0
2021-05-10 10:38:38,15952.7,0
2021-05-10 10:38:47,15953.1,0
2021-05-10 10:38:53,15955.55,0
2021-05-10 10:38:55,15955.0,0
2021-05-10 10:38:56,15953.5,0
2021-05-10 10:38:58,15953.15,0
2021-05-10 10:39:00,15953.55,0
2021-05-10 10:39:04,15955.5,0
2021-05-10 10:39:06,15955.65,0
2021-05-10 10:39:07,15956.5,0
2021-05-10 10:39:09,15955.55,0
2021-05-10 10:39:12,15955.9,0
2021-05-10 10:39:13,15955.55,0
2021-05-10 10:39:14,15958.8,0
2021-05-10 10:39:17,15958.55,0
2021-05-10 10:39:20,15958.95,0
2021-05-10 10:39:21,15958.7,0
2021-05-10 10:39:24,15962.1,0
2021-05-10 10:39:27,15959.75,0
2021-05-10 10:39:28,15959.6,0
2021-05-10 10:39:30,15960.3,0
2021-05-10 10:39:31,15961.3,0
2021-05-10 10:39:32,15961.85,0
2021-05-10 10:39:33,15961.55,0
2021-05-10 10:39:36,15962.2,0
2021-05-10 10:39:37,15962.75,0
2021-05-10 10:39:38,15962.9,0
2021-05-10 10:39:40,15964.55,0
2021-05-10 10:39:42,15963.0,0
2021-05-10 10:39:46,15966.15,0
2021-05-10 10:39:48,15966.25,0
2021-05-10 10:39:49,15966.25,0
2021-05-10 10:39:50,15966.35,0
2021-05-10 10:39:51,15966.1,0
2021-05-10 10:39:54,15967.05,0
2021-05-10 10:39:55,15966.55,0
2021-05-10 10:39:56,15966.05,0
2021-05-10 10:39:57,15966.85,0
2021-05-10 10:40:00,15965.55,0
2021-05-10 10:40:01,15966.0,0
2021-05-10 10:40:03,15966.45,0
2021-05-10 10:40:04,15967.4,0
2021-05-10 10:40:06,15967.65,0
2021-05-10 10:40:07,15967.5,0
2021-05-10 10:40:09,15966.65,0
2021-05-10 10:40:10,15966.55,0
2021-05-10 10:40:12,15967.65,0
2021-05-10 10:40:13,15966.85,0
2021-05-10 10:40:14,15967.55,0
2021-05-10 10:40:18,15966.55,0
2021-05-10 10:40:22,15964.65,0
2021-05-10 10:40:23,15964.55,0
2021-05-10 10:40:25,15963.05,0
2021-05-10 10:40:26,15964.95,0
2021-05-10 10:40:28,15966.05,0
2021-05-10 10:40:30,15966.15,0
2021-05-10 10:40:31,15966.95,0
2021-05-10 10:40:34,15967.05,0
2021-05-10 10:40:37,15967.25,0
2021-05-10 10:40:38,15967.05,0
2021-05-10 10:40:39,15967.0,0
2021-05-10 10:40:41,15964.2,0
2021-05-10 10:40:43,15964.95,0
2021-05-10 10:40:46,15964.4,0
2021-05-10 10:40:52,15963.1,0
2021-05-10 10:40:54,15965.25,0
2021-05-10 10:40:56,15963.35,0
2021-05-10 10:40:57,15963.6,0
2021-05-10 10:41:00,15964.9,0
2021-05-10 10:41:01,15964.3,0
2021-05-10 10:41:02,15964.1,0
2021-05-10 10:41:04,15964.0,0
2021-05-10 10:41:05,15964.8,0
2021-05-10 10:41:08,15964.0,0
2021-05-10 10:41:11,15963.55,0
2021-05-10 10:41:12,15964.0,0
2021-05-10 10:41:13,15962.75,0
2021-05-10 10:41:16,15962.8,0
2021-05-10 10:41:20,15963.05,0
2021-05-10 10:41:22,15963.5,0
2021-05-10 10:41:24,15963.7,0
2021-05-10 10:41:25,15963.0,0
2021-05-10 10:41:27,15963.75,0
2021-05-10 10:41:28,15963.45,0
2021-05-10 10:41:29,15963.65,0
2021-05-10 10:41:30,15964.15,0
2021-05-10 10:41:31,15963.95,0
2021-05-10 10:41:33,15962.9,0
2021-05-10 10:41:34,15961.1,0
2021-05-10 10:41:36,15960.9,0
2021-05-10 10:41:37,15959.8,0
2021-05-10 10:41:41,15960.45,0
2021-05-10 10:41:43,15960.25,0
2021-05-10 10:41:44,15960.8,0
2021-05-10 10:41:46,15960.75,0
2021-05-10 10:41:47,15960.95,0
2021-05-10 10:41:51,15962.6,0
2021-05-10 10:41:53,15961.35,0
2021-05-10 10:41:54,15962.25,0
2021-05-10 10:41:58,15960.2,0
2021-05-10 10:42:00,15961.75,0
2021-05-10 10:42:02,15960.8,0
2021-05-10 10:42:03,15960.9,0
2021-05-10 10:42:05,15960.2,0
2021-05-10 10:42:07,15960.85,0
2021-05-10 10:42:08,15960.25,0
2021-05-10 10:42:10,15960.25,0
2021-05-10 10:42:11,15959.2,0
2021-05-10 10:42:16,15958.6,0
2021-05-10 10:42:19,15961.85,0
2021-05-10 10:42:21,15962.1,0
2021-05-10 10:42:26,15960.65,0
2021-05-10 10:42:27,15960.8,0
2021-05-10 10:42:28,15961.6,0
2021-05-10 10:42:31,15961.95,0
2021-05-10 10:42:33,15960.85,0
2021-05-10 10:42:35,15961.4,0
2021-05-10 10:42:36,15960.55,0
2021-05-10 10:42:38,15961.4,0
2021-05-10 10:42:41,15960.65,0
2021-05-10 10:42:42,15959.6,0
2021-05-10 10:42:44,15960.2,0
2021-05-10 10:42:45,15960.45,0
2021-05-10 10:42:47,15960.2,0
2021-05-10 10:42:49,15957.1,0
2021-05-10 10:42:54,15952.25,0
2021-05-10 10:42:56,15950.8,0
2021-05-10 10:43:00,15949.15,0
2021-05-10 10:43:02,15948.85,0
2021-05-10 10:43:07,15949.25,0
2021-05-10 10:43:08,15949.05,0
2021-05-10 10:43:13,15946.4,0
2021-05-10 10:43:15,15948.0,0
2021-05-10 10:43:17,15945.75,0
2021-05-10 10:43:18,15946.65,0
2021-05-10 10:43:19,15946.2,0
2021-05-10 10:43:22,15946.45,0
2021-05-10 10:43:29,15945.6,0
2021-05-10 10:43:30,15944.1,0
2021-05-10 10:43:34,15945.45,0
2021-05-10 10:43:37,15945.65,0
2021-05-10 10:43:38,15944.75,0
2021-05-10 10:43:43,15947.25,0
2021-05-10 10:43:44,15946.6,0
2021-05-10 10:43:47,15946.05,0
2021-05-10 10:43:48,15946.9,0
2021-05-10 10:43:49,15945.1,0
2021-05-10 10:43:50,15945.55,0
2021-05-10 10:43:52,15945.15,0
2021-05-10 10:43:55,15944.85,0
2021-05-10 10:43:56,15944.45,0
2021-05-10 10:43:58,15944.35,0
2021-05-10 10:43:59,15943.75,0
2021-05-10 10:44:00,15942.9,0
2021-05-10 10:44:04,15945.9,0
2021-05-10 10:44:06,15946.15,0
2021-05-10 10:44:09,15946.65,0
2021-05-10 10:44:15,15945.0,0
2021-05-10 10:44:16,15947.6,0
2021-05-10 10:44:17,15946.85,0
2021-05-10 10:44:18,15949.05,0
2021-05-10 10:44:19,15947.4,0
2021-05-10 10:44:20,15948.25,0
2021-05-10 10:44:21,15947.95,0
2021-05-10 10:44:22,15948.5,0
2021-05-10 10:44:27,15948.35,0
2021-05-10 10:44:29,15948.65,0
2021-05-10 10:44:30,15947.55,0
2021-05-10 10:44:31,15948.65,0
2021-05-10 10:44:35,15948.3,0
2021-05-10 10:44:36,15950.0,0
2021-05-10 10:44:37,15949.6,0
2021-05-10 10:44:38,15948.4,0
2021-05-10 10:44:40,15948.0,0
2021-05-10 10:44:41,15947.85,0
2021-05-10 10:44:42,15947.75,0
2021-05-10 10:44:46,15948.8,0
2021-05-10 10:44:47,15949.25,0
2021-05-10 10:44:51,15948.9,0
2021-05-10 10:44:53,15948.25,0
2021-05-10 10:44:54,15948.55,0
2021-05-10 10:44:58,15949.4,0
2021-05-10 10:44:59,15947.75,0
2021-05-10 10:45:00,15948.0,0
2021-05-10 10:45:06,15948.45,0
2021-05-10 10:45:08,15947.5,0
2021-05-10 10:45:09,15947.75,0
2021-05-10 10:45:10,15947.85,0
2021-05-10 10:45:11,15947.95,0
2021-05-10 10:45:12,15947.85,0
2021-05-10 10:45:13,15945.4,0
2021-05-10 10:45:15,15947.4,0
2021-05-10 10:45:18,15947.75,0
2021-05-10 10:45:22,15945.7,0
2021-05-10 10:45:25,15946.25,0
2021-05-10 10:45:29,15946.5,0
2021-05-10 10:45:31,15946.1,0
2021-05-10 10:45:33,15947.25,0
2021-05-10 10:45:34,15946.65,0
2021-05-10 10:45:36,15945.45,0
2021-05-10 10:45:37,15945.9,0
2021-05-10 10:45:41,15947.05,0
2021-05-10 10:45:43,15948.95,0
2021-05-10 10:45:45,15948.2,0
2021-05-10 10:45:46,15949.7,0
2021-05-10 10:45:49,15949.15,0
2021-05-10 10:45:58,15955.85,0
2021-05-10 10:46:00,15958.4,0
2021-05-10 10:46:05,15956.45,0
2021-05-10 10:46:06,15955.3,0
2021-05-10 10:46:11,15955.0,0
2021-05-10 10:46:14,15954.15,0
2021-05-10 10:46:15,15953.75,0
2021-05-10 10:46:18,15953.75,0
2021-05-10 10:46:19,15952.0,0
2021-05-10 10:46:20,15950.85,0
2021-05-10 10:46:22,15953.15,0
2021-05-10 10:46:23,15953.4,0
2021-05-10 10:46:25,15953.7,0
2021-05-10 10:46:27,15951.9,0
2021-05-10 10:46:28,15951.65,0
2021-05-10 10:46:30,15953.35,0
2021-05-10 10:46:34,15954.45,0
2021-05-10 10:46:43,15954.3,0
2021-05-10 10:46:44,15956.45,0
2021-05-10 10:46:47,15956.25,0
2021-05-10 10:46:49,15956.55,0
2021-05-10 10:46:50,15955.55,0
2021-05-10 10:46:51,15955.0,0
2021-05-10 10:46:54,15953.7,0
2021-05-10 10:46:56,15952.95,0
2021-05-10 10:46:57,15956.35,0
2021-05-10 10:46:58,15956.5,0
2021-05-10 10:46:59,15956.75,0
2021-05-10 10:47:02,15959.05,0
2021-05-10 10:47:03,15958.95,0
2021-05-10 10:47:09,15959.05,0
2021-05-10 10:47:17,15958.55,0
2021-05-10 10:47:21,15959.65,0
2021-05-10 10:47:22,15959.7,0
2021-05-10 10:47:24,15960.15,0
2021-05-10 10:47:25,15959.3,0
2021-05-10 10:47:27,15960.05,0
2021-05-10 10:47:29,15961.25,0
2021-05-10 10:47:30,15959.85,0
2021-05-10 10:47:31,15959.1,0
2021-05-10 10:47:36,15958.3,0
2021-05-10 10:47:39,15957.15,0
2021-05-10 10:47:40,15957.55,0
2021-05-10 10:47:42,15956.7,0
2021-05-10 10:47:43,15956.55,0
2021-05-10 10:47:53,15956.65,0
2021-05-10 10:47:54,15957.6,0
2021-05-10 10:47:55,15955.35,0
2021-05-10 10:47:57,15956.0,0
2021-05-10 10:48:00,15957.05,0
2021-05-10 10:48:05,15956.3,0
2021-05-10 10:48:08,15956.7,0
2021-05-10 10:48:09,15957.0,0
2021-05-10 10:48:10,15956.35,0
2021-05-10 10:48:11,15956.85,0
2021-05-10 10:48:17,15955.95,0
2021-05-10 10:48:21,15955.55,0
2021-05-10 10:48:23,15956.05,0
2021-05-10 10:48:24,15957.7,0
2021-05-10 10:48:25,15957.75,0
2021-05-10 10:48:26,15956.15,0
2021-05-10 10:48:27,15957.4,0
2021-05-10 10:48:28,15958.65,0
2021-05-10 10:48:29,15957.6,0
2021-05-10 10:48:31,15958.6,0
2021-05-10 10:48:32,15958.95,0
2021-05-10 10:48:33,15960.15,0
2021-05-10 10:48:34,15958.95,0
2021-05-10 10:48:35,15957.85,0
2021-05-10 10:48:41,15959.25,0
2021-05-10 10:48:42,15958.45,0
2021-05-10 10:48:43,15959.0,0
2021-05-10 10:48:46,15958.05,0
2021-05-10 10:48:48,15957.2,0
2021-05-10 10:48:49,15958.8,0
2021-05-10 10:48:50,15959.45,0
2021-05-10 10:48:51,15958.75,0
2021-05-10 10:48:52,15958.5,0
2021-05-10 10:48:54,15959.6,0
2021-05-10 10:48:55,15958.55,0
2021-05-10 10:48:58,15959.25,0
2021-05-10 10:48:59,15960.55,0
2021-05-10 10:49:03,15961.8,0
2021-05-10 10:49:04,15961.7,0
2021-05-10 10:49:08,15960.9,0
2021-05-10 10:49:09,15961.85,0
2021-05-10 10:49:10,15962.75,0
2021-05-10 10:49:14,15961.05,0
2021-05-10 10:49:15,15961.65,0
2021-05-10 10:49:16,15960.3,0
2021-05-10 10:49:17,15961.45,0
2021-05-10 10:49:21,15960.95,0
2021-05-10 10:49:24,15964.35,0
2021-05-10 10:49:27,15961.4,0
2021-05-10 10:49:29,15961.5,0
2021-05-10 10:49:32,15962.05,0
2021-05-10 10:49:34,15964.1,0
2021-05-10 10:49:35,15964.05,0
2021-05-10 10:49:37,15963.0,0
2021-05-10 10:49:38,15963.8,0
2021-05-10 10:49:40,15964.9,0
2021-05-10 10:49:47,15960.85,0
2021-05-10 10:49:49,15961.55,0
2021-05-10 10:49:52,15961.3,0
2021-05-10 10:49:53,15960.7,0
2021-05-10 10:49:57,15961.75,0
2021-05-10 10:49:58,15962.4,0
2021-05-10 10:50:02,15962.5,0
2021-05-10 10:50:04,15962.3,0
2021-05-10 10:50:05,15961.25,0
2021-05-10 10:50:07,15962.0,0
2021-05-10 10:50:08,15961.0,0
2021-05-10 10:50:10,15962.05,0
2021-05-10 10:50:13,15959.85,0
2021-05-10 10:50:15,15961.95,0
2021-05-10 10:50:18,15961.9,0
2021-05-10 10:50:19,15960.6,0
2021-05-10 10:50:20,15962.0,0
2021-05-10 10:50:21,15959.25,0
2021-05-10 10:50:22,15956.7,0
2021-05-10 10:50:24,15958.85,0
2021-05-10 10:50:25,15957.6,0
2021-05-10 10:50:26,15958.95,0
2021-05-10 10:50:27,15958.5,0
2021-05-10 10:50:28,15958.65,0
2021-05-10 10:50:29,15959.55,0
2021-05-10 10:50:30,15961.3,0
2021-05-10 10:50:31,15960.45,0
2021-05-10 10:50:32,15961.2,0
2021-05-10 10:50:34,15961.45,0
2021-05-10 10:50:35,15961.0,0
2021-05-10 10:50:36,15962.5,0
2021-05-10 10:50:37,15963.7,0
2021-05-10 10:50:39,15963.85,0
2021-05-10 10:50:41,15965.75,0
2021-05-10 10:50:43,15965.1,0
2021-05-10 10:50:45,15965.5,0
2021-05-10 10:50:46,15965.6,0
2021-05-10 10:50:48,15966.05,0
2021-05-10 10:50:56,15969.85,0
2021-05-10 10:50:59,15971.55,0
2021-05-10 10:51:00,15969.55,0
2021-05-10 10:51:02,15970.55,0
2021-05-10 10:51:03,15969.15,0
2021-05-10 10:51:06,15971.75,0
2021-05-10 10:51:10,15969.35,0
2021-05-10 10:51:11,15970.3,0
2021-05-10 10:51:12,15969.85,0
2021-05-10 10:51:15,15971.5,0
2021-05-10 10:51:16,15971.95,0
2021-05-10 10:51:17,15971.95,0
2021-05-10 10:51:18,15972.5,0
2021-05-10 10:51:19,15971.85,0
2021-05-10 10:51:24,15973.3,0
2021-05-10 10:51:29,15969.9,0
2021-05-10 10:51:31,15971.35,0
2021-05-10 10:51:32,15970.35,0
2021-05-10 10:51:36,15971.0,0
2021-05-10 10:51:38,15970.95,0
2021-05-10 10:51:39,15970.05,0
2021-05-10 10:51:43,15970.4,0
2021-05-10 10:51:45,15970.0,0
2021-05-10 10:51:47,15970.0,0
2021-05-10 10:51:50,15970.3,0
2021-05-10 10:51:51,15970.6,0
2021-05-10 10:51:52,15970.1,0
2021-05-10 10:51:53,15967.95,0
2021-05-10 10:51:55,15965.9,0
2021-05-10 10:51:57,15966.1,0
2021-05-10 10:51:58,15966.55,0
2021-05-10 10:52:00,15966.7,0
2021-05-10 10:52:04,15966.05,0
2021-05-10 10:52:05,15966.0,0
2021-05-10 10:52:12,15964.9,0
2021-05-10 10:52:17,15965.45,0
2021-05-10 10:52:18,15967.5,0
2021-05-10 10:52:19,15968.25,0
2021-05-10 10:52:20,15968.05,0
2021-05-10 10:52:22,15965.3,0
2021-05-10 10:52:23,15965.65,0
2021-05-10 10:52:24,15968.15,0
2021-05-10 10:52:27,15965.25,0
2021-05-10 10:52:28,15965.3,0
2021-05-10 10:52:29,15966.0,0
2021-05-10 10:52:33,15965.4,0
2021-05-10 10:52:34,15965.6,0
2021-05-10 10:52:35,15966.7,0
2021-05-10 10:52:36,15964.9,0
2021-05-10 10:52:39,15965.3,0
2021-05-10 10:52:41,15964.65,0
2021-05-10 10:52:43,15964.45,0
2021-05-10 10:52:45,15964.2,0
2021-05-10 10:52:47,15967.35,0
2021-05-10 10:52:49,15966.35,0
2021-05-10 10:52:50,15968.1,0
2021-05-10 10:52:51,15966.75,0
2021-05-10 10:52:52,15967.85,0
2021-05-10 10:52:53,15967.5,0
2021-05-10 10:52:56,15964.85,0
2021-05-10 10:52:59,15964.25,0
2021-05-10 10:53:00,15963.3,0
2021-05-10 10:53:02,15963.4,0
2021-05-10 10:53:03,15962.7,0
2021-05-10 10:53:05,15963.25,0
2021-05-10 10:53:06,15962.1,0
2021-05-10 10:53:10,15961.9,0
2021-05-10 10:53:11,15961.9,0
2021-05-10 10:53:20,15961.4,0
2021-05-10 10:53:21,15963.6,0
2021-05-10 10:53:22,15961.95,0
2021-05-10 10:53:24,15962.35,0
2021-05-10 10:53:26,15961.4,0
2021-05-10 10:53:27,15961.5,0
2021-05-10 10:53:28,15961.95,0
2021-05-10 10:53:31,15962.0,0
2021-05-10 10:53:34,15959.65,0
2021-05-10 10:53:36,15959.45,0
2021-05-10 10:53:37,15957.95,0
2021-05-10 10:53:39,15956.75,0
2021-05-10 10:53:42,15955.95,0
2021-05-10 10:53:44,15957.0,0
2021-05-10 10:53:45,15956.95,0
2021-05-10 10:53:46,15956.0,0
2021-05-10 10:53:47,15955.5,0
2021-05-10 10:53:50,15958.05,0
2021-05-10 10:53:56,15958.1,0
2021-05-10 10:54:00,15957.4,0
2021-05-10 10:54:01,15957.8,0
2021-05-10 10:54:02,15957.7,0
2021-05-10 10:54:03,15957.0,0
2021-05-10 10:54:05,15956.8,0
2021-05-10 10:54:07,15957.0,0
2021-05-10 10:54:11,15956.8,0
2021-05-10 10:54:12,15957.35,0
2021-05-10 10:54:13,15956.65,0
2021-05-10 10:54:14,15957.05,0
2021-05-10 10:54:17,15958.0,0
2021-05-10 10:54:18,15957.75,0
2021-05-10 10:54:20,15957.7,0
2021-05-10 10:54:22,15956.2,0
2021-05-10 10:54:23,15957.4,0
2021-05-10 10:54:24,15957.75,0
2021-05-10 10:54:25,15958.35,0
2021-05-10 10:54:27,15957.15,0
2021-05-10 10:54:28,15956.8,0
2021-05-10 10:54:29,15957.1,0
2021-05-10 10:54:30,15957.1,0
2021-05-10 10:54:33,15956.4,0
2021-05-10 10:54:36,15957.2,0
2021-05-10 10:54:38,15957.1,0
2021-05-10 10:54:39,15957.6,0
2021-05-10 10:54:42,15957.1,0
2021-05-10 10:54:46,15957.95,0
2021-05-10 10:54:50,15957.4,0
2021-05-10 10:54:52,15955.45,0
2021-05-10 10:54:53,15955.55,0
2021-05-10 10:54:54,15956.0,0
2021-05-10 10:54:57,15954.65,0
2021-05-10 10:54:58,15955.6,0
2021-05-10 10:55:00,15955.45,0
2021-05-10 10:55:03,15954.5,0
2021-05-10 10:55:06,15954.8,0
2021-05-10 10:55:08,15954.9,0
2021-05-10 10:55:10,15955.4,0
2021-05-10 10:55:12,15954.8,0
2021-05-10 10:55:13,15953.4,0
2021-05-10 10:55:16,15953.05,0
2021-05-10 10:55:19,15953.7,0
2021-05-10 10:55:21,15952.35,0
2021-05-10 10:55:22,15953.2,0
2021-05-10 10:55:24,15953.85,0
2021-05-10 10:55:26,15954.25,0
2021-05-10 10:55:29,15951.55,0
2021-05-10 10:55:30,15951.35,0
2021-05-10 10:55:32,15950.25,0
2021-05-10 10:55:33,15950.65,0
2021-05-10 10:55:34,15951.35,0
2021-05-10 10:55:35,15948.85,0
2021-05-10 10:55:36,15948.75,0
2021-05-10 10:55:39,15947.9,0
2021-05-10 10:55:40,15947.6,0
2021-05-10 10:55:41,15947.85,0
2021-05-10 10:55:42,15947.5,0
2021-05-10 10:55:44,15946.65,0
2021-05-10 10:55:47,15948.2,0
2021-05-10 10:55:50,15947.8,0
2021-05-10 10:55:51,15948.4,0
2021-05-10 10:55:53,15948.8,0
2021-05-10 10:55:55,15949.8,0
2021-05-10 10:55:57,15948.85,0
2021-05-10 10:55:58,15947.45,0
2021-05-10 10:55:59,15947.8,0
2021-05-10 10:56:00,15949.05,0
2021-05-10 10:56:03,15946.65,0
2021-05-10 10:56:04,15948.85,0
2021-05-10 10:56:07,15947.45,0
2021-05-10 10:56:09,15947.25,0
2021-05-10 10:56:12,15945.15,0
2021-05-10 10:56:14,15945.2,0
2021-05-10 10:56:15,15944.5,0
2021-05-10 10:56:17,15943.95,0
2021-05-10 10:56:18,15944.45,0
2021-05-10 10:56:20,15941.25,0
2021-05-10 10:56:22,15941.45,0
2021-05-10 10:56:23,15941.15,0
2021-05-10 10:56:25,15940.75,0
2021-05-10 10:56:26,15941.1,0
2021-05-10 10:56:27,15940.6,0
2021-05-10 10:56:29,15943.4,0
2021-05-10 10:56:31,15942.45,0
2021-05-10 10:56:32,15941.95,0
2021-05-10 10:56:33,15941.7,0
2021-05-10 10:56:34,15940.65,0
2021-05-10 10:56:36,15940.0,0
2021-05-10 10:56:37,15938.35,0
2021-05-10 10:56:43,15939.9,0
2021-05-10 10:56:45,15940.5,0
2021-05-10 10:56:48,15940.05,0
2021-05-10 10:56:49,15939.85,0
2021-05-10 10:56:50,15939.4,0
2021-05-10 10:56:51,15939.35,0
2021-05-10 10:56:52,15938.85,0
2021-05-10 10:56:53,15939.8,0
2021-05-10 10:56:56,15939.5,0
2021-05-10 10:56:57,15939.7,0
2021-05-10 10:56:58,15939.75,0
2021-05-10 10:57:01,15941.2,0
2021-05-10 10:57:05,15940.55,0
2021-05-10 10:57:06,15942.0,0
2021-05-10 10:57:08,15941.75,0
2021-05-10 10:57:09,15941.15,0
2021-05-10 10:57:12,15937.9,0
2021-05-10 10:57:13,15938.1,0
2021-05-10 10:57:15,15937.95,0
2021-05-10 10:57:17,15935.95,0
2021-05-10 10:57:19,15935.45,0
2021-05-10 10:57:20,15935.8,0
2021-05-10 10:57:21,15936.05,0
2021-05-10 10:57:22,15936.7,0
2021-05-10 10:57:25,15936.4,0
2021-05-10 10:57:26,15936.35,0
2021-05-10 10:57:28,15936.2,0
2021-05-10 10:57:29,15937.15,0
2021-05-10 10:57:31,15934.75,0
2021-05-10 10:57:36,15935.95,0
2021-05-10 10:57:37,15935.3,0
2021-05-10 10:57:41,15936.05,0
2021-05-10 10:57:44,15934.95,0
2021-05-10 10:57:47,15934.85,0
2021-05-10 10:57:51,15934.9,0
2021-05-10 10:57:53,15934.85,0
2021-05-10 10:57:54,15936.05,0
2021-05-10 10:57:55,15935.5,0
2021-05-10 10:57:59,15936.45,0
2021-05-10 10:58:03,15937.75,0
2021-05-10 10:58:05,15936.95,0
2021-05-10 10:58:07,15937.3,0
2021-05-10 10:58:08,15937.0,0
2021-05-10 10:58:09,15937.65,0
2021-05-10 10:58:10,15938.9,0
2021-05-10 10:58:13,15938.95,0
2021-05-10 10:58:14,15939.45,0
2021-05-10 10:58:16,15939.75,0
2021-05-10 10:58:17,15938.75,0
2021-05-10 10:58:18,15940.05,0
2021-05-10 10:58:19,15939.3,0
2021-05-10 10:58:20,15939.6,0
2021-05-10 10:58:21,15942.25,0
2021-05-10 10:58:23,15942.7,0
2021-05-10 10:58:25,15939.7,0
2021-05-10 10:58:26,15940.25,0
2021-05-10 10:58:27,15939.65,0
2021-05-10 10:58:29,15940.75,0
2021-05-10 10:58:39,15938.0,0
2021-05-10 10:58:40,15939.2,0
2021-05-10 10:58:42,15937.1,0
2021-05-10 10:58:43,15938.7,0
2021-05-10 10:58:45,15938.3,0
2021-05-10 10:58:50,15937.15,0
2021-05-10 10:58:56,15935.8,0
2021-05-10 10:58:57,15936.35,0
2021-05-10 10:58:58,15936.8,0
2021-05-10 10:59:05,15935.95,0
2021-05-10 10:59:07,15935.45,0
2021-05-10 10:59:09,15928.6,0
2021-05-10 10:59:16,15927.75,0
2021-05-10 10:59:17,15930.1,0
2021-05-10 10:59:18,15926.75,0
2021-05-10 10:59:19,15929.75,0
2021-05-10 10:59:21,15930.65,0
2021-05-10 10:59:23,15929.65,0
2021-05-10 10:59:25,15931.2,0
2021-05-10 10:59:27,15930.25,0
2021-05-10 10:59:29,15927.65,0
2021-05-10 10:59:30,15926.7,0
2021-05-10 10:59:31,15928.85,0
2021-05-10 10:59:35,15928.75,0
2021-05-10 10:59:37,15927.45,0
2021-05-10 10:59:39,15928.2,0
2021-05-10 10:59:42,15927.65,0
2021-05-10 10:59:44,15929.0,0
2021-05-10 10:59:45,15927.35,0
2021-05-10 10:59:46,15929.3,0
2021-05-10 10:59:48,15929.4,0
2021-05-10 10:59:49,15929.1,0
2021-05-10 10:59:50,15929.1,0
2021-05-10 10:59:52,15928.6,0
2021-05-10 10:59:53,15930.65,0
2021-05-10 10:59:56,15929.95,0
2021-05-10 10:59:58,15930.35,0
2021-05-10 11:00:02,15933.05,0
2021-05-10 11:00:05,15932.05,0
2021-05-10 11:00:06,15933.3,0
2021-05-10 11:00:07,15933.6,0
2021-05-10 11:00:09,15932.35,0
2021-05-10 11:00:15,15932.2,0
2021-05-10 11:00:17,15931.5,0
2021-05-10 11:00:18,15932.15,0
2021-05-10 11:00:19,15931.45,0
2021-05-10 11:00:20,15931.1,0
2021-05-10 11:00:21,15929.75,0
2021-05-10 11:00:26,15926.75,0
2021-05-10 11:00:27,15926.5,0
2021-05-10 11:00:28,15928.45,0
2021-05-10 11:00:30,15926.65,0
2021-05-10 11:00:31,15926.3,0
2021-05-10 11:00:32,15925.0,0
2021-05-10 11:00:37,15924.75,0
2021-05-10 11:00:38,15925.0,0
2021-05-10 11:00:43,15924.55,0
2021-05-10 11:00:45,15922.7,0
2021-05-10 11:00:49,15920.65,0
2021-05-10 11:00:57,15920.55,0
2021-05-10 11:01:04,15921.5,0
2021-05-10 11:01:05,15920.95,0
2021-05-10 11:01:08,15922.05,0
2021-05-10 11:01:09,15921.9,0
2021-05-10 11:01:12,15923.85,0
2021-05-10 11:01:14,15925.05,0
2021-05-10 11:01:15,15924.2,0
2021-05-10 11:01:16,15927.6,0
2021-05-10 11:01:18,15925.35,0
2021-05-10 11:01:19,15923.65,0
2021-05-10 11:01:20,15924.2,0
2021-05-10 11:01:21,15924.45,0
2021-05-10 11:01:24,15922.75,0
2021-05-10 11:01:27,15922.45,0
2021-05-10 11:01:30,15924.1,0
2021-05-10 11:01:32,15925.7,0
2021-05-10 11:01:33,15925.45,0
2021-05-10 11:01:34,15925.95,0
2021-05-10 11:01:38,15924.95,0
2021-05-10 11:01:40,15926.6,0
2021-05-10 11:01:42,15926.15,0
2021-05-10 11:01:43,15927.25,0
2021-05-10 11:01:44,15928.85,0
2021-05-10 11:01:45,15927.3,0
2021-05-10 11:01:47,15929.0,0
2021-05-10 11:01:48,15927.85,0
2021-05-10 11:01:49,15928.95,0
2021-05-10 11:01:50,15929.15,0
2021-05-10 11:01:51,15928.45,0
2021-05-10 11:01:52,15927.8,0
2021-05-10 11:01:56,15931.05,0
2021-05-10 11:01:58,15931.7,0
2021-05-10 11:02:03,15930.15,0
2021-05-10 11:02:10,15931.65,0
2021-05-10 11:02:11,15932.1,0
2021-05-10 11:02:12,15932.8,0
2021-05-10 11:02:13,15932.55,0
2021-05-10 11:02:22,15927.7,0
2021-05-10 11:02:23,15927.55,0
2021-05-10 11:02:24,15928.4,0
2021-05-10 11:02:25,15926.75,0
2021-05-10 11:02:27,15926.65,0
2021-05-10 11:02:29,15927.3,0
2021-05-10 11:02:31,15928.1,0
2021-05-10 11:02:33,15928.25,0
2021-05-10 11:02:34,15927.55,0
2021-05-10 11:02:35,15927.4,0
2021-05-10 11:02:36,15927.9,0
2021-05-10 11:02:37,15928.1,0
2021-05-10 11:02:40,15928.65,0
2021-05-10 11:02:41,15929.5,0
2021-05-10 11:02:43,15929.45,0
2021-05-10 11:02:44,15930.5,0
2021-05-10 11:02:47,15930.35,0
2021-05-10 11:02:49,15930.2,0
2021-05-10 11:02:50,15929.25,0
2021-05-10 11:02:52,15930.1,0
2021-05-10 11:02:56,15932.75,0
2021-05-10 11:02:57,15932.85,0
2021-05-10 11:03:00,15935.1,0
2021-05-10 11:03:02,15934.1,0
2021-05-10 11:03:04,15935.85,0
2021-05-10 11:03:09,15935.5,0
2021-05-10 11:03:11,15935.95,0
2021-05-10 11:03:14,15937.0,0
2021-05-10 11:03:15,15936.2,0
2021-05-10 11:03:16,15937.7,0
2021-05-10 11:03:17,15936.75,0
2021-05-10 11:03:19,15936.0,0
2021-05-10 11:03:20,15935.8,0
2021-05-10 11:03:21,15935.35,0
2021-05-10 11:03:27,15936.75,0
2021-05-10 11:03:29,15935.95,0
2021-05-10 11:03:32,15936.35,0
2021-05-10 11:03:34,15936.15,0
2021-05-10 11:03:36,15937.05,0
2021-05-10 11:03:37,15936.2,0
2021-05-10 11:03:38,15935.2,0
2021-05-10 11:03:39,15935.4,0
2021-05-10 11:03:40,15935.65,0
2021-05-10 11:03:43,15935.65,0
2021-05-10 11:03:45,15935.45,0
2021-05-10 11:03:46,15936.2,0
2021-05-10 11:03:49,15937.5,0
2021-05-10 11:03:50,15936.4,0
2021-05-10 11:03:51,15936.25,0
2021-05-10 11:03:52,15935.9,0
2021-05-10 11:04:01,15935.0,0
2021-05-10 11:04:02,15934.55,0
2021-05-10 11:04:03,15934.6,0
2021-05-10 11:04:05,15936.5,0
2021-05-10 11:04:07,15937.0,0
2021-05-10 11:04:08,15936.95,0
2021-05-10 11:04:10,15937.05,0
2021-05-10 11:04:11,15936.85,0
2021-05-10 11:04:16,15936.6,0
2021-05-10 11:04:17,15936.55,0
2021-05-10 11:04:18,15936.15,0
2021-05-10 11:04:19,15936.85,0
2021-05-10 11:04:20,15936.5,0
2021-05-10 11:04:25,15935.9,0
2021-05-10 11:04:27,15935.45,0
2021-05-10 11:04:28,15935.75,0
2021-05-10 11:04:29,15935.75,0
2021-05-10 11:04:30,15934.35,0
2021-05-10 11:04:31,15935.15,0
2021-05-10 11:04:33,15935.35,0
2021-05-10 11:04:34,15936.5,0
2021-05-10 11:04:35,15936.75,0
2021-05-10 11:04:40,15934.65,0
2021-05-10 11:04:41,15936.5,0
2021-05-10 11:04:42,15937.3,0
2021-05-10 11:04:43,15937.05,0
2021-05-10 11:04:44,15937.6,0
2021-05-10 11:04:46,15935.1,0
2021-05-10 11:04:47,15936.1,0
2021-05-10 11:04:50,15934.55,0
2021-05-10 11:04:51,15935.45,0
2021-05-10 11:04:53,15934.45,0
2021-05-10 11:04:54,15935.8,0
2021-05-10 11:04:56,15934.95,0
2021-05-10 11:04:59,15934.75,0
2021-05-10 11:05:00,15933.15,0
2021-05-10 11:05:02,15935.3,0
2021-05-10 11:05:05,15934.7,0
2021-05-10 11:05:07,15934.3,0
2021-05-10 11:05:11,15935.6,0
2021-05-10 11:05:13,15935.0,0
2021-05-10 11:05:16,15935.7,0
2021-05-10 11:05:17,15934.3,0
2021-05-10 11:05:21,15935.35,0
2021-05-10 11:05:22,15935.6,0
2021-05-10 11:05:23,15936.0,0
2021-05-10 11:05:25,15935.6,0
2021-05-10 11:05:26,15935.95,0
2021-05-10 11:05:28,15936.85,0
2021-05-10 11:05:31,15938.15,0
2021-05-10 11:05:33,15938.3,0
2021-05-10 11:05:36,15936.5,0
2021-05-10 11:05:37,15936.6,0
2021-05-10 11:05:40,15938.6,0
2021-05-10 11:05:42,15938.25,0
2021-05-10 11:05:49,15939.3,0
2021-05-10 11:05:50,15938.0,0
2021-05-10 11:05:52,15938.85,0
2021-05-10 11:05:54,15941.35,0
2021-05-10 11:05:56,15942.5,0
2021-05-10 11:06:00,15942.45,0
2021-05-10 11:06:01,15943.65,0
2021-05-10 11:06:05,15942.7,0
2021-05-10 11:06:09,15943.7,0
2021-05-10 11:06:11,15943.6,0
2021-05-10 11:06:15,15945.4,0
2021-05-10 11:06:16,15944.9,0
2021-05-10 11:06:17,15945.2,0
2021-05-10 11:06:21,15946.7,0
2021-05-10 11:06:23,15946.15,0
2021-05-10 11:06:26,15945.3,0
2021-05-10 11:06:27,15944.65,0
2021-05-10 11:06:28,15944.0,0
2021-05-10 11:06:29,15944.6,0
2021-05-10 11:06:30,15945.25,0
2021-05-10 11:06:31,15945.7,0
2021-05-10 11:06:32,15945.8,0
2021-05-10 11:06:33,15945.35,0
2021-05-10 11:06:37,15946.85,0
2021-05-10 11:06:38,15946.45,0
2021-05-10 11:06:39,15946.6,0
2021-05-10 11:06:43,15947.55,0
2021-05-10 11:06:45,15945.65,0
2021-05-10 11:06:47,15946.2,0
2021-05-10 11:06:49,15947.2,0
2021-05-10 11:06:51,15946.7,0
2021-05-10 11:06:52,15946.65,0
2021-05-10 11:06:53,15945.0,0
2021-05-10 11:06:55,15945.9,0
2021-05-10 11:06:56,15945.0,0
2021-05-10 11:06:57,15945.0,0
2021-05-10 11:06:58,15944.55,0
2021-05-10 11:06:59,15945.15,0
2021-05-10 11:07:06,15945.3,0
2021-05-10 11:07:07,15945.1,0
2021-05-10 11:07:08,15943.95,0
2021-05-10 11:07:10,15945.2,0
2021-05-10 11:07:12,15945.7,0
2021-05-10 11:07:15,15944.9,0
2021-05-10 11:07:17,15945.25,0
2021-05-10 11:07:18,15944.8,0
2021-05-10 11:07:22,15945.7,0
2021-05-10 11:07:23,15944.35,0
2021-05-10 11:07:26,15945.8,0
2021-05-10 11:07:30,15947.55,0
2021-05-10 11:07:31,15947.6,0
2021-05-10 11:07:32,15947.3,0
2021-05-10 11:07:34,15946.7,0
2021-05-10 11:07:36,15947.6,0
2021-05-10 11:07:39,15947.3,0
2021-05-10 11:07:41,15945.65,0
2021-05-10 11:07:44,15948.0,0
2021-05-10 11:07:48,15946.9,0
2021-05-10 11:07:49,15946.25,0
2021-05-10 11:07:50,15945.65,0
2021-05-10 11:07:54,15949.05,0
2021-05-10 11:07:55,15947.85,0
2021-05-10 11:07:59,15947.4,0
2021-05-10 11:08:00,15947.95,0
2021-05-10 11:08:07,15951.2,0
2021-05-10 11:08:11,15950.85,0
2021-05-10 11:08:12,15950.05,0
2021-05-10 11:08:15,15950.0,0
2021-05-10 11:08:19,15949.85,0
2021-05-10 11:08:20,15948.85,0
2021-05-10 11:08:21,15948.3,0
2021-05-10 11:08:23,15950.05,0
2021-05-10 11:08:24,15951.65,0
2021-05-10 11:08:25,15950.25,0
2021-05-10 11:08:27,15950.65,0
2021-05-10 11:08:31,15948.75,0
2021-05-10 11:08:34,15948.8,0
2021-05-10 11:08:37,15948.05,0
2021-05-10 11:08:38,15949.6,0
2021-05-10 11:08:39,15949.0,0
2021-05-10 11:08:41,15948.55,0
2021-05-10 11:08:42,15948.9,0
2021-05-10 11:08:43,15947.95,0
2021-05-10 11:08:44,15950.15,0
2021-05-10 11:08:45,15950.0,0
2021-05-10 11:08:46,15948.45,0
2021-05-10 11:08:47,15947.0,0
2021-05-10 11:08:49,15946.6,0
2021-05-10 11:08:50,15947.4,0
2021-05-10 11:08:51,15946.5,0
2021-05-10 11:08:52,15947.4,0
2021-05-10 11:08:53,15947.55,0
2021-05-10 11:08:57,15946.55,0
2021-05-10 11:08:59,15947.05,0
2021-05-10 11:09:01,15946.15,0
2021-05-10 11:09:03,15946.8,0
2021-05-10 11:09:04,15948.2,0
2021-05-10 11:09:06,15948.5,0
2021-05-10 11:09:08,15947.65,0
2021-05-10 11:09:10,15948.05,0
2021-05-10 11:09:11,15947.55,0
2021-05-10 11:09:13,15947.85,0
2021-05-10 11:09:14,15949.0,0
2021-05-10 11:09:15,15949.85,0
2021-05-10 11:09:17,15950.3,0
2021-05-10 11:09:18,15949.65,0
2021-05-10 11:09:19,15950.6,0
2021-05-10 11:09:21,15949.85,0
2021-05-10 11:09:24,15950.7,0
2021-05-10 11:09:26,15951.05,0
2021-05-10 11:09:27,15950.7,0
2021-05-10 11:09:29,15950.9,0
2021-05-10 11:09:30,15950.1,0
2021-05-10 11:09:33,15949.45,0
2021-05-10 11:09:35,15949.35,0
2021-05-10 11:09:39,15951.3,0
2021-05-10 11:09:40,15950.45,0
2021-05-10 11:09:41,15950.0,0
2021-05-10 11:09:44,15952.15,0
2021-05-10 11:09:46,15951.75,0
2021-05-10 11:09:48,15952.45,0
2021-05-10 11:09:49,15952.45,0
2021-05-10 11:09:50,15952.45,0
2021-05-10 11:09:52,15951.6,0
2021-05-10 11:09:53,15951.8,0
2021-05-10 11:09:55,15951.55,0
2021-05-10 11:09:57,15950.2,0
2021-05-10 11:10:00,15951.0,0
2021-05-10 11:10:01,15951.4,0
2021-05-10 11:10:02,15950.95,0
2021-05-10 11:10:03,15951.35,0
2021-05-10 11:10:04,15951.9,0
2021-05-10 11:10:06,15953.6,0
2021-05-10 11:10:07,15952.65,0
2021-05-10 11:10:08,15952.95,0
2021-05-10 11:10:09,15953.75,0
2021-05-10 11:10:11,15955.2,0
2021-05-10 11:10:12,15954.5,0
2021-05-10 11:10:13,15955.45,0
2021-05-10 11:10:14,15956.0,0
2021-05-10 11:10:18,15954.95,0
2021-05-10 11:10:19,15956.2,0
2021-05-10 11:10:20,15955.2,0
2021-05-10 11:10:21,15954.8,0
2021-05-10 11:10:22,15955.15,0
2021-05-10 11:10:25,15956.35,0
2021-05-10 11:10:26,15956.9,0
2021-05-10 11:10:27,15956.95,0
2021-05-10 11:10:28,15956.7,0
2021-05-10 11:10:29,15955.9,0
2021-05-10 11:10:31,15955.45,0
2021-05-10 11:10:34,15955.4,0
2021-05-10 11:10:36,15955.1,0
2021-05-10 11:10:37,15955.95,0
2021-05-10 11:10:38,15956.1,0
2021-05-10 11:10:39,15956.75,0
2021-05-10 11:10:40,15956.75,0
2021-05-10 11:10:41,15956.85,0
2021-05-10 11:10:42,15956.05,0
2021-05-10 11:10:43,15956.55,0
2021-05-10 11:10:44,15955.15,0
2021-05-10 11:10:47,15956.35,0
2021-05-10 11:10:48,15957.25,0
2021-05-10 11:10:49,15956.2,0
2021-05-10 11:10:51,15956.65,0
2021-05-10 11:10:52,15957.0,0
2021-05-10 11:10:53,15957.55,0
2021-05-10 11:10:55,15957.25,0
2021-05-10 11:10:54,15957.95,0
2021-05-10 11:10:57,15957.7,0
2021-05-10 11:10:58,15958.05,0
2021-05-10 11:11:00,15958.2,0
2021-05-10 11:11:02,15957.75,0
2021-05-10 11:11:03,15958.1,0
2021-05-10 11:11:05,15957.8,0
2021-05-10 11:11:10,15958.1,0
2021-05-10 11:11:11,15958.25,0
2021-05-10 11:11:12,15958.25,0
2021-05-10 11:11:13,15959.55,0
2021-05-10 11:11:15,15959.05,0
2021-05-10 11:11:19,15958.0,0
2021-05-10 11:11:20,15958.35,0
2021-05-10 11:11:21,15956.5,0
2021-05-10 11:11:22,15957.45,0
2021-05-10 11:11:23,15957.45,0
2021-05-10 11:11:25,15957.05,0
2021-05-10 11:11:30,15958.05,0
2021-05-10 11:11:32,15957.95,0
2021-05-10 11:11:34,15958.6,0
2021-05-10 11:11:35,15958.05,0
2021-05-10 11:11:37,15958.35,0
2021-05-10 11:11:39,15957.15,0
2021-05-10 11:11:44,15957.75,0
2021-05-10 11:11:45,15958.2,0
2021-05-10 11:11:47,15956.15,0
2021-05-10 11:11:52,15957.2,0
2021-05-10 11:11:53,15957.2,0
2021-05-10 11:11:54,15956.65,0
2021-05-10 11:11:56,15958.4,0
2021-05-10 11:11:58,15957.7,0
2021-05-10 11:11:59,15956.65,0
2021-05-10 11:12:00,15957.1,0
2021-05-10 11:12:01,15957.65,0
2021-05-10 11:12:02,15956.45,0
2021-05-10 11:12:11,15957.6,0
2021-05-10 11:12:16,15953.55,0
2021-05-10 11:12:18,15954.6,0
2021-05-10 11:12:19,15954.0,0
2021-05-10 11:12:21,15952.8,0
2021-05-10 11:12:23,15954.1,0
2021-05-10 11:12:24,15953.8,0
2021-05-10 11:12:29,15951.75,0
2021-05-10 11:12:30,15952.15,0
2021-05-10 11:12:35,15952.2,0
2021-05-10 11:12:37,15951.75,0
2021-05-10 11:12:38,15950.95,0
2021-05-10 11:12:40,15951.05,0
2021-05-10 11:12:41,15951.5,0
2021-05-10 11:12:42,15952.0,0
2021-05-10 11:12:44,15951.2,0
2021-05-10 11:12:45,15951.85,0
2021-05-10 11:12:46,15950.2,0
2021-05-10 11:12:47,15949.85,0
2021-05-10 11:12:48,15949.8,0
2021-05-10 11:12:49,15949.85,0
2021-05-10 11:12:51,15947.55,0
2021-05-10 11:12:54,15949.3,0
2021-05-10 11:12:59,15947.05,0
2021-05-10 11:13:03,15946.05,0
2021-05-10 11:13:04,15947.1,0
2021-05-10 11:13:05,15945.6,0
2021-05-10 11:13:06,15947.15,0
2021-05-10 11:13:09,15946.5,0
2021-05-10 11:13:11,15946.35,0
2021-05-10 11:13:12,15945.45,0
2021-05-10 11:13:13,15945.1,0
2021-05-10 11:13:15,15946.4,0
2021-05-10 11:13:20,15943.05,0
2021-05-10 11:13:21,15942.5,0
2021-05-10 11:13:22,15941.75,0
2021-05-10 11:13:23,15942.55,0
2021-05-10 11:13:31,15941.0,0
2021-05-10 11:13:32,15942.1,0
2021-05-10 11:13:34,15942.6,0
2021-05-10 11:13:40,15940.0,0
2021-05-10 11:13:43,15940.3,0
2021-05-10 11:13:47,15938.8,0
2021-05-10 11:13:48,15939.25,0
2021-05-10 11:13:49,15939.2,0
2021-05-10 11:13:50,15939.15,0
2021-05-10 11:13:52,15938.75,0
2021-05-10 11:13:53,15937.85,0
2021-05-10 11:13:55,15939.55,0
2021-05-10 11:13:56,15939.2,0
2021-05-10 11:13:57,15940.1,0
2021-05-10 11:14:00,15939.75,0
2021-05-10 11:14:02,15939.15,0
2021-05-10 11:14:03,15940.4,0
2021-05-10 11:14:05,15939.2,0
2021-05-10 11:14:06,15940.8,0
2021-05-10 11:14:10,15941.8,0
2021-05-10 11:14:13,15942.9,0
2021-05-10 11:14:14,15944.1,0
2021-05-10 11:14:15,15943.5,0
2021-05-10 11:14:16,15942.75,0
2021-05-10 11:14:17,15942.75,0
2021-05-10 11:14:18,15942.5,0
2021-05-10 11:14:20,15943.35,0
2021-05-10 11:14:21,15943.45,0
2021-05-10 11:14:22,15942.85,0
2021-05-10 11:14:24,15943.85,0
2021-05-10 11:14:29,15942.55,0
2021-05-10 11:14:30,15941.75,0
2021-05-10 11:14:32,15943.5,0
2021-05-10 11:14:33,15942.7,0
2021-05-10 11:14:34,15943.2,0
2021-05-10 11:14:35,15942.0,0
2021-05-10 11:14:36,15944.45,0
2021-05-10 11:14:39,15942.15,0
2021-05-10 11:14:42,15941.0,0
2021-05-10 11:14:43,15940.35,0
2021-05-10 11:14:46,15940.65,0
2021-05-10 11:14:49,15940.05,0
2021-05-10 11:14:52,15939.7,0
2021-05-10 11:14:53,15939.3,0
2021-05-10 11:14:54,15938.55,0
2021-05-10 11:14:55,15940.15,0
2021-05-10 11:14:58,15939.2,0
2021-05-10 11:15:03,15940.95,0
2021-05-10 11:15:10,15941.05,0
2021-05-10 11:15:11,15941.85,0
2021-05-10 11:15:13,15942.45,0
2021-05-10 11:15:15,15942.85,0
2021-05-10 11:15:19,15940.35,0
2021-05-10 11:15:20,15940.5,0
2021-05-10 11:15:21,15941.5,0
2021-05-10 11:15:24,15941.35,0
2021-05-10 11:15:26,15938.1,0
2021-05-10 11:15:28,15935.0,0
2021-05-10 11:15:30,15933.6,0
2021-05-10 11:15:31,15933.55,0
2021-05-10 11:15:33,15934.05,0
2021-05-10 11:15:34,15934.8,0
2021-05-10 11:15:35,15933.5,0
2021-05-10 11:15:37,15933.35,0
2021-05-10 11:15:38,15933.7,0
2021-05-10 11:15:40,15934.3,0
2021-05-10 11:15:42,15933.4,0
2021-05-10 11:15:46,15932.1,0
2021-05-10 11:15:47,15932.05,0
2021-05-10 11:15:49,15933.7,0
2021-05-10 11:15:50,15934.85,0
2021-05-10 11:15:52,15933.15,0
2021-05-10 11:15:56,15937.3,0
2021-05-10 11:16:02,15936.3,0
2021-05-10 11:16:03,15936.15,0
2021-05-10 11:16:04,15938.05,0
2021-05-10 11:16:06,15936.0,0
2021-05-10 11:16:08,15937.7,0
2021-05-10 11:16:09,15938.1,0
2021-05-10 11:16:10,15936.35,0
2021-05-10 11:16:12,15937.1,0
2021-05-10 11:16:13,15938.3,0
2021-05-10 11:16:17,15937.8,0
2021-05-10 11:16:18,15938.45,0
2021-05-10 11:16:19,15938.05,0
2021-05-10 11:16:20,15937.6,0
2021-05-10 11:16:21,15937.6,0
2021-05-10 11:16:23,15937.65,0
2021-05-10 11:16:25,15937.65,0
2021-05-10 11:16:27,15939.0,0
2021-05-10 11:16:29,15937.65,0
2021-05-10 11:16:30,15939.0,0
2021-05-10 11:16:36,15937.2,0
2021-05-10 11:16:37,15938.4,0
2021-05-10 11:16:38,15937.85,0
2021-05-10 11:16:39,15936.25,0
2021-05-10 11:16:40,15938.2,0
2021-05-10 11:16:41,15938.15,0
2021-05-10 11:16:44,15938.4,0
2021-05-10 11:16:46,15937.7,0
2021-05-10 11:16:47,15937.9,0
2021-05-10 11:16:49,15937.7,0
2021-05-10 11:16:53,15938.2,0
2021-05-10 11:16:56,15936.65,0
2021-05-10 11:16:57,15939.45,0
2021-05-10 11:17:04,15940.05,0
2021-05-10 11:17:05,15940.1,0
2021-05-10 11:17:07,15938.7,0
2021-05-10 11:17:10,15938.15,0
2021-05-10 11:17:13,15939.4,0
2021-05-10 11:17:15,15939.55,0
2021-05-10 11:17:16,15939.2,0
2021-05-10 11:17:20,15938.3,0
2021-05-10 11:17:23,15939.1,0
2021-05-10 11:17:24,15940.7,0
2021-05-10 11:17:25,15937.55,0
2021-05-10 11:17:26,15937.5,0
2021-05-10 11:17:27,15938.9,0
2021-05-10 11:17:28,15939.3,0
2021-05-10 11:17:29,15941.15,0
2021-05-10 11:17:35,15939.55,0
2021-05-10 11:17:39,15940.55,0
2021-05-10 11:17:40,15940.5,0
2021-05-10 11:17:41,15940.75,0
2021-05-10 11:17:42,15939.5,0
2021-05-10 11:17:47,15941.45,0
2021-05-10 11:17:49,15941.65,0
2021-05-10 11:17:50,15940.65,0
2021-05-10 11:17:51,15940.6,0
2021-05-10 11:17:54,15941.75,0
2021-05-10 11:17:56,15941.95,0
2021-05-10 11:17:57,15943.0,0
2021-05-10 11:17:58,15942.5,0
2021-05-10 11:17:59,15943.4,0
2021-05-10 11:18:02,15943.5,0
2021-05-10 11:18:03,15943.1,0
2021-05-10 11:18:04,15943.05,0
2021-05-10 11:18:05,15943.55,0
2021-05-10 11:18:06,15943.45,0
2021-05-10 11:18:08,15943.55,0
2021-05-10 11:18:09,15944.15,0
2021-05-10 11:18:11,15943.25,0
2021-05-10 11:18:12,15943.0,0
2021-05-10 11:18:13,15943.5,0
2021-05-10 11:18:14,15943.2,0
2021-05-10 11:18:15,15944.1,0
2021-05-10 11:18:17,15944.15,0
2021-05-10 11:18:19,15944.85,0
2021-05-10 11:18:20,15943.45,0
2021-05-10 11:18:22,15944.85,0
2021-05-10 11:18:24,15945.85,0
2021-05-10 11:18:25,15943.6,0
2021-05-10 11:18:29,15943.1,0
2021-05-10 11:18:30,15943.9,0
2021-05-10 11:18:31,15943.25,0
2021-05-10 11:18:32,15942.9,0
2021-05-10 11:18:34,15944.6,0
2021-05-10 11:18:35,15943.85,0
2021-05-10 11:18:36,15943.95,0
2021-05-10 11:18:47,15942.25,0
2021-05-10 11:18:48,15941.9,0
2021-05-10 11:18:49,15942.65,0
2021-05-10 11:18:51,15942.5,0
2021-05-10 11:18:52,15942.8,0
2021-05-10 11:18:56,15943.0,0
2021-05-10 11:18:59,15942.85,0
2021-05-10 11:19:00,15942.85,0
2021-05-10 11:19:01,15943.9,0
2021-05-10 11:19:04,15944.0,0
2021-05-10 11:19:05,15943.45,0
2021-05-10 11:19:06,15944.15,0
2021-05-10 11:19:07,15943.2,0
2021-05-10 11:19:11,15943.65,0
2021-05-10 11:19:12,15943.0,0
2021-05-10 11:19:15,15943.8,0
2021-05-10 11:19:16,15945.45,0
2021-05-10 11:19:20,15944.55,0
2021-05-10 11:19:21,15944.5,0
2021-05-10 11:19:22,15944.8,0
2021-05-10 11:19:23,15945.55,0
2021-05-10 11:19:24,15946.6,0
2021-05-10 11:19:26,15945.3,0
2021-05-10 11:19:27,15944.25,0
2021-05-10 11:19:32,15945.75,0
2021-05-10 11:19:37,15945.9,0
2021-05-10 11:19:41,15946.45,0
2021-05-10 11:19:44,15946.35,0
2021-05-10 11:19:45,15944.85,0
2021-05-10 11:19:46,15946.7,0
2021-05-10 11:19:50,15947.25,0
2021-05-10 11:19:52,15946.85,0
2021-05-10 11:19:55,15945.85,0
2021-05-10 11:19:59,15945.25,0
2021-05-10 11:20:03,15946.5,0
2021-05-10 11:20:04,15947.85,0
2021-05-10 11:20:05,15945.4,0
2021-05-10 11:20:06,15947.35,0
2021-05-10 11:20:08,15946.9,0
2021-05-10 11:20:10,15946.85,0
2021-05-10 11:20:11,15946.6,0
2021-05-10 11:20:16,15947.65,0
2021-05-10 11:20:19,15947.55,0
2021-05-10 11:20:22,15946.75,0
2021-05-10 11:20:27,15947.15,0
2021-05-10 11:20:30,15946.6,0
2021-05-10 11:20:33,15947.0,0
2021-05-10 11:20:34,15947.65,0
2021-05-10 11:20:35,15945.6,0
2021-05-10 11:20:37,15945.8,0
2021-05-10 11:20:38,15945.6,0
2021-05-10 11:20:40,15943.5,0
2021-05-10 11:20:44,15944.15,0
2021-05-10 11:20:46,15943.55,0
2021-05-10 11:20:47,15944.45,0
2021-05-10 11:20:48,15944.15,0
2021-05-10 11:20:50,15943.1,0
2021-05-10 11:20:51,15942.75,0
2021-05-10 11:20:55,15942.55,0
2021-05-10 11:20:56,15942.9,0
2021-05-10 11:20:57,15942.6,0
2021-05-10 11:20:58,15942.35,0
2021-05-10 11:20:59,15943.6,0
2021-05-10 11:21:00,15942.65,0
2021-05-10 11:21:04,15943.0,0
2021-05-10 11:21:09,15942.7,0
2021-05-10 11:21:11,15941.9,0
2021-05-10 11:21:12,15941.4,0
2021-05-10 11:21:14,15942.45,0
2021-05-10 11:21:15,15941.35,0
2021-05-10 11:21:16,15941.15,0
2021-05-10 11:21:22,15941.95,0
2021-05-10 11:21:23,15939.75,0
2021-05-10 11:21:24,15941.35,0
2021-05-10 11:21:27,15939.2,0
2021-05-10 11:21:29,15938.75,0
2021-05-10 11:21:31,15939.25,0
2021-05-10 11:21:33,15938.8,0
2021-05-10 11:21:34,15938.95,0
2021-05-10 11:21:39,15936.0,0
2021-05-10 11:21:40,15935.7,0
2021-05-10 11:21:41,15935.4,0
2021-05-10 11:21:42,15934.5,0
2021-05-10 11:21:47,15936.25,0
2021-05-10 11:21:49,15937.65,0
2021-05-10 11:21:50,15937.25,0
2021-05-10 11:21:53,15937.8,0
2021-05-10 11:21:54,15938.9,0
2021-05-10 11:21:55,15938.45,0
2021-05-10 11:21:56,15938.0,0
2021-05-10 11:21:58,15939.95,0
2021-05-10 11:21:59,15938.15,0
2021-05-10 11:22:02,15941.1,0
2021-05-10 11:22:03,15940.6,0
2021-05-10 11:22:04,15941.65,0
2021-05-10 11:22:05,15941.75,0
2021-05-10 11:22:06,15942.8,0
2021-05-10 11:22:07,15941.25,0
2021-05-10 11:22:08,15943.05,0
2021-05-10 11:22:09,15941.55,0
2021-05-10 11:22:10,15941.8,0
2021-05-10 11:22:11,15944.05,0
2021-05-10 11:22:12,15943.7,0
2021-05-10 11:22:14,15944.3,0
2021-05-10 11:22:15,15942.4,0
2021-05-10 11:22:17,15944.85,0
2021-05-10 11:22:18,15945.0,0
2021-05-10 11:22:20,15944.95,0
2021-05-10 11:22:22,15944.55,0
2021-05-10 11:22:23,15957.6,0
2021-05-10 11:22:26,15958.6,0
2021-05-10 11:22:30,15957.0,0
2021-05-10 11:22:31,15958.4,0
2021-05-10 11:22:32,15960.35,0
2021-05-10 11:22:35,15965.1,0
2021-05-10 11:22:39,15960.15,0
2021-05-10 11:22:40,15957.3,0
2021-05-10 11:22:46,15959.9,0
2021-05-10 11:22:48,15959.0,0
2021-05-10 11:22:49,15959.5,0
2021-05-10 11:22:50,15955.35,0
2021-05-10 11:22:51,15957.1,0
2021-05-10 11:22:54,15957.15,0
2021-05-10 11:22:56,15953.45,0
2021-05-10 11:22:57,15954.45,0
2021-05-10 11:22:58,15952.95,0
2021-05-10 11:22:59,15953.8,0
2021-05-10 11:23:02,15957.8,0
2021-05-10 11:23:03,15958.05,0
2021-05-10 11:23:11,15957.2,0
2021-05-10 11:23:12,15956.25,0
2021-05-10 11:23:17,15958.8,0
2021-05-10 11:23:23,15958.45,0
2021-05-10 11:23:30,15956.8,0
2021-05-10 11:23:35,15958.1,0
2021-05-10 11:23:36,15956.5,0
2021-05-10 11:23:37,15958.05,0
2021-05-10 11:23:40,15956.15,0
2021-05-10 11:23:41,15956.35,0
2021-05-10 11:23:43,15956.35,0
2021-05-10 11:23:44,15955.15,0
2021-05-10 11:23:46,15954.95,0
2021-05-10 11:23:47,15954.8,0
2021-05-10 11:23:52,15950.35,0
2021-05-10 11:23:54,15952.65,0
2021-05-10 11:23:55,15954.7,0
2021-05-10 11:23:57,15953.45,0
2021-05-10 11:23:58,15954.05,0
2021-05-10 11:24:00,15952.75,0
2021-05-10 11:24:02,15951.5,0
2021-05-10 11:24:03,15952.25,0
2021-05-10 11:24:04,15952.9,0
2021-05-10 11:24:07,15953.5,0
2021-05-10 11:24:08,15952.1,0
2021-05-10 11:24:13,15953.65,0
2021-05-10 11:24:15,15954.6,0
2021-05-10 11:24:16,15953.8,0
2021-05-10 11:24:20,15954.15,0
2021-05-10 11:24:22,15952.25,0
2021-05-10 11:24:23,15952.6,0
2021-05-10 11:24:24,15954.0,0
2021-05-10 11:24:26,15953.2,0
2021-05-10 11:24:30,15950.4,0
2021-05-10 11:24:31,15952.1,0
2021-05-10 11:24:32,15952.75,0
2021-05-10 11:24:33,15952.95,0
2021-05-10 11:24:34,15952.1,0
2021-05-10 11:24:36,15952.45,0
2021-05-10 11:24:37,15951.65,0
2021-05-10 11:24:39,15949.2,0
2021-05-10 11:24:40,15950.65,0
2021-05-10 11:24:41,15950.85,0
2021-05-10 11:24:42,15950.4,0
2021-05-10 11:24:43,15949.85,0
2021-05-10 11:24:44,15949.45,0
2021-05-10 11:24:48,15948.65,0
2021-05-10 11:24:49,15948.8,0
2021-05-10 11:24:50,15949.15,0
2021-05-10 11:24:51,15949.5,0
2021-05-10 11:24:52,15949.1,0
2021-05-10 11:24:54,15948.7,0
2021-05-10 11:24:55,15948.35,0
2021-05-10 11:24:57,15948.05,0
2021-05-10 11:25:00,15947.5,0
2021-05-10 11:25:01,15947.6,0
2021-05-10 11:25:02,15946.85,0
2021-05-10 11:25:05,15947.0,0
2021-05-10 11:25:09,15948.3,0
2021-05-10 11:25:11,15949.25,0
2021-05-10 11:25:13,15949.2,0
2021-05-10 11:25:14,15949.85,0
2021-05-10 11:25:15,15946.8,0
2021-05-10 11:25:18,15944.8,0
2021-05-10 11:25:19,15944.3,0
2021-05-10 11:25:20,15943.65,0
2021-05-10 11:25:25,15944.8,0
2021-05-10 11:25:27,15942.8,0
2021-05-10 11:25:28,15943.4,0
2021-05-10 11:25:29,15943.55,0
2021-05-10 11:25:31,15943.1,0
2021-05-10 11:25:32,15941.4,0
2021-05-10 11:25:34,15942.35,0
2021-05-10 11:25:35,15941.1,0
2021-05-10 11:25:38,15941.05,0
2021-05-10 11:25:40,15942.15,0
2021-05-10 11:25:41,15943.2,0
2021-05-10 11:25:43,15942.65,0
2021-05-10 11:25:44,15942.85,0
2021-05-10 11:25:45,15941.4,0
2021-05-10 11:25:46,15940.95,0
2021-05-10 11:25:51,15939.9,0
2021-05-10 11:25:56,15940.5,0
2021-05-10 11:25:57,15941.1,0
2021-05-10 11:26:00,15940.4,0
2021-05-10 11:26:02,15939.0,0
2021-05-10 11:26:08,15938.3,0
2021-05-10 11:26:10,15937.75,0
2021-05-10 11:26:11,15937.7,0
2021-05-10 11:26:15,15937.65,0
2021-05-10 11:26:16,15936.7,0
2021-05-10 11:26:18,15938.15,0
2021-05-10 11:26:19,15936.9,0
2021-05-10 11:26:20,15937.2,0
2021-05-10 11:26:25,15933.9,0
2021-05-10 11:26:27,15932.9,0
2021-05-10 11:26:28,15933.25,0
2021-05-10 11:26:29,15932.75,0
2021-05-10 11:26:33,15934.2,0
2021-05-10 11:26:36,15935.85,0
2021-05-10 11:26:37,15935.0,0
2021-05-10 11:26:38,15936.4,0
2021-05-10 11:26:39,15935.5,0
2021-05-10 11:26:40,15935.35,0
2021-05-10 11:26:41,15935.75,0
2021-05-10 11:26:43,15936.15,0
2021-05-10 11:26:44,15936.05,0
2021-05-10 11:26:45,15937.15,0
2021-05-10 11:26:47,15937.05,0
2021-05-10 11:26:49,15935.4,0
2021-05-10 11:26:50,15936.15,0
2021-05-10 11:26:52,15935.3,0
2021-05-10 11:26:54,15934.65,0
2021-05-10 11:26:56,15935.4,0
2021-05-10 11:26:57,15936.05,0
2021-05-10 11:27:01,15935.65,0
2021-05-10 11:27:04,15936.35,0
2021-05-10 11:27:06,15935.4,0
2021-05-10 11:27:07,15934.95,0
2021-05-10 11:27:08,15935.55,0
2021-05-10 11:27:14,15938.1,0
2021-05-10 11:27:18,15937.1,0
2021-05-10 11:27:19,15936.0,0
2021-05-10 11:27:24,15936.1,0
2021-05-10 11:27:25,15936.4,0
2021-05-10 11:27:26,15936.75,0
2021-05-10 11:27:29,15936.3,0
2021-05-10 11:27:30,15936.5,0
2021-05-10 11:27:31,15935.8,0
2021-05-10 11:27:32,15936.35,0
2021-05-10 11:27:34,15936.2,0
2021-05-10 11:27:36,15936.45,0
2021-05-10 11:27:37,15936.05,0
2021-05-10 11:27:39,15936.9,0
2021-05-10 11:27:41,15937.85,0
2021-05-10 11:27:42,15937.9,0
2021-05-10 11:27:43,15939.2,0
2021-05-10 11:27:44,15940.55,0
2021-05-10 11:27:46,15937.45,0
2021-05-10 11:27:48,15939.7,0
