timestamp,ltp,volume
2021-05-26 09:32:55,1394.9,338259
2021-05-26 09:32:56,1394.7,338274
2021-05-26 09:32:58,1393.8,338287
2021-05-26 09:32:59,1394.6,338291
2021-05-26 09:33:00,1394.65,338304
2021-05-26 09:33:02,1394.5,338520
2021-05-26 09:33:03,1394.3,338535
2021-05-26 09:33:04,1394.3,338535
2021-05-26 09:33:06,1394.5,338677
2021-05-26 09:33:07,1394.0,338746
2021-05-26 09:33:08,1394.0,338747
2021-05-26 09:33:08,1394.0,338747
2021-05-26 09:33:09,1394.25,338749
2021-05-26 09:33:10,1394.25,338749
2021-05-26 09:33:11,1394.0,339014
2021-05-26 09:33:12,1393.5,339015
2021-05-26 09:33:14,1394.0,339045
2021-05-26 09:33:15,1394.0,339096
2021-05-26 09:33:16,1393.45,339197
2021-05-26 09:33:17,1393.5,339203
2021-05-26 09:33:19,1393.5,339203
2021-05-26 09:33:20,1393.5,339213
2021-05-26 09:33:21,1394.3,339363
2021-05-26 09:33:22,1394.5,339413
2021-05-26 09:33:22,1393.65,339513
2021-05-26 09:33:23,1394.45,339515
2021-05-26 09:33:24,1394.5,339669
2021-05-26 09:33:25,1394.5,339683
2021-05-26 09:33:26,1394.5,339693
2021-05-26 09:33:27,1393.85,339728
2021-05-26 09:33:28,1393.65,339781
2021-05-26 09:33:29,1394.5,339791
2021-05-26 09:33:30,1394.0,339892
2021-05-26 09:33:32,1394.0,339892
2021-05-26 09:33:33,1394.0,339992
2021-05-26 09:33:34,1394.4,340017
2021-05-26 09:33:35,1394.4,340017
2021-05-26 09:33:36,1394.5,340042
2021-05-26 09:33:36,1394.5,340042
2021-05-26 09:33:37,1394.5,340042
2021-05-26 09:33:38,1393.75,340149
2021-05-26 09:33:39,1393.75,340151
2021-05-26 09:33:40,1393.65,340214
2021-05-26 09:33:41,1394.4,340260
2021-05-26 09:33:42,1394.4,340260
2021-05-26 09:33:43,1394.4,340260
2021-05-26 09:33:45,1394.4,340260
2021-05-26 09:33:46,1394.4,340360
2021-05-26 09:33:46,1394.35,340380
2021-05-26 09:33:47,1393.6,340390
2021-05-26 09:33:48,1394.35,341070
2021-05-26 09:33:49,1394.45,341080
2021-05-26 09:33:50,1394.0,341100
2021-05-26 09:33:51,1394.45,341200
2021-05-26 09:33:52,1394.5,341265
2021-05-26 09:33:53,1393.65,341266
2021-05-26 09:33:54,1393.65,341266
2021-05-26 09:33:55,1393.65,341287
2021-05-26 09:33:56,1394.0,341333
2021-05-26 09:33:58,1393.55,341651
2021-05-26 09:33:58,1394.4,341654
2021-05-26 09:33:59,1393.55,341655
2021-05-26 09:34:00,1393.55,341655
2021-05-26 09:34:01,1393.5,341781
2021-05-26 09:34:02,1393.5,341912
2021-05-26 09:34:03,1393.5,341912
2021-05-26 09:34:04,1393.5,341967
2021-05-26 09:34:05,1394.4,342167
2021-05-26 09:34:06,1394.4,342167
2021-05-26 09:34:07,1393.45,342367
2021-05-26 09:34:08,1393.1,343015
2021-05-26 09:34:09,1393.35,343120
2021-05-26 09:34:10,1394.0,343150
2021-05-26 09:34:11,1393.3,343200
2021-05-26 09:34:12,1393.3,343200
2021-05-26 09:34:13,1394.2,343300
2021-05-26 09:34:14,1394.2,343300
2021-05-26 09:34:15,1393.7,343305
2021-05-26 09:34:18,1394.3,343355
2021-05-26 09:34:19,1393.7,343360
2021-05-26 09:34:20,1393.3,343371
2021-05-26 09:34:20,1394.0,343381
2021-05-26 09:34:21,1394.4,343481
2021-05-26 09:34:23,1394.4,343491
2021-05-26 09:34:24,1394.4,343716
2021-05-26 09:34:25,1394.4,343716
2021-05-26 09:34:26,1393.55,343717
2021-05-26 09:34:27,1393.2,343817
2021-05-26 09:34:28,1393.3,343827
2021-05-26 09:34:29,1393.3,343827
2021-05-26 09:34:30,1393.3,343837
2021-05-26 09:34:31,1393.3,343837
2021-05-26 09:34:32,1393.3,343837
2021-05-26 09:34:32,1393.4,343867
2021-05-26 09:34:33,1394.0,343908
2021-05-26 09:34:34,1393.4,344003
2021-05-26 09:34:35,1393.4,344155
2021-05-26 09:34:36,1393.5,344192
2021-05-26 09:34:37,1394.4,344242
2021-05-26 09:34:38,1394.4,344242
2021-05-26 09:34:39,1393.55,344312
2021-05-26 09:34:40,1393.5,344437
2021-05-26 09:34:41,1393.5,344437
2021-05-26 09:34:42,1393.5,344437
2021-05-26 09:34:43,1394.0,344457
2021-05-26 09:34:44,1394.0,344462
2021-05-26 09:34:45,1393.4,344712
2021-05-26 09:34:46,1394.0,344716
2021-05-26 09:34:48,1394.0,344716
2021-05-26 09:34:49,1394.0,344716
2021-05-26 09:34:49,1393.4,344737
2021-05-26 09:34:50,1393.4,344737
2021-05-26 09:34:51,1393.4,344737
2021-05-26 09:34:52,1393.4,344747
2021-05-26 09:34:53,1394.0,344842
2021-05-26 09:34:55,1393.95,345242
2021-05-26 09:34:56,1393.95,345242
2021-05-26 09:34:57,1393.95,345242
2021-05-26 09:34:58,1393.45,345257
2021-05-26 09:34:59,1393.45,345257
2021-05-26 09:35:00,1393.45,345267
2021-05-26 09:35:00,1393.45,345267
2021-05-26 09:35:01,1393.95,345472
2021-05-26 09:35:02,1393.95,345472
2021-05-26 09:35:03,1393.95,345473
2021-05-26 09:35:04,1393.95,345473
2021-05-26 09:35:05,1393.95,345624
2021-05-26 09:35:06,1394.0,345629
2021-05-26 09:35:08,1394.0,345629
2021-05-26 09:35:09,1393.5,345725
2021-05-26 09:35:10,1393.4,346229
2021-05-26 09:35:11,1393.4,346229
2021-05-26 09:35:12,1393.4,346229
2021-05-26 09:35:13,1393.4,346229
2021-05-26 09:35:14,1393.5,346234
2021-05-26 09:35:15,1393.5,346249
2021-05-26 09:35:16,1393.5,346263
2021-05-26 09:35:16,1393.5,346249
2021-05-26 09:35:17,1393.5,346263
2021-05-26 09:35:18,1393.45,346326
2021-05-26 09:35:20,1393.45,346542
2021-05-26 09:35:22,1393.95,346669
2021-05-26 09:35:23,1393.4,346680
2021-05-26 09:35:24,1394.0,346767
2021-05-26 09:35:25,1393.35,346967
2021-05-26 09:35:27,1393.35,346997
2021-05-26 09:35:28,1393.5,346998
2021-05-26 09:35:29,1393.35,347011
2021-05-26 09:35:30,1393.35,347011
2021-05-26 09:35:32,1393.3,347026
2021-05-26 09:35:33,1393.3,347026
2021-05-26 09:35:34,1393.35,347036
2021-05-26 09:35:35,1393.0,347787
2021-05-26 09:35:36,1393.0,347996
2021-05-26 09:35:37,1392.5,350531
2021-05-26 09:35:38,1392.5,350628
2021-05-26 09:35:39,1393.0,350665
2021-05-26 09:35:40,1393.05,350695
2021-05-26 09:35:41,1392.5,350748
2021-05-26 09:35:41,1392.5,350748
2021-05-26 09:35:42,1393.2,350766
2021-05-26 09:35:44,1392.6,350825
2021-05-26 09:35:45,1393.0,350839
2021-05-26 09:35:46,1393.0,350839
2021-05-26 09:35:47,1393.0,350865
2021-05-26 09:35:48,1393.0,350865
2021-05-26 09:35:50,1392.25,350876
2021-05-26 09:35:51,1392.6,350878
2021-05-26 09:35:52,1392.3,351274
2021-05-26 09:35:52,1392.3,351274
2021-05-26 09:35:53,1392.3,351285
2021-05-26 09:35:55,1393.0,351680
2021-05-26 09:35:56,1393.0,351680
2021-05-26 09:35:57,1392.9,352500
2021-05-26 09:35:58,1393.0,353003
2021-05-26 09:35:59,1392.3,353301
2021-05-26 09:36:00,1393.05,353958
2021-05-26 09:36:01,1392.4,354093
2021-05-26 09:36:02,1392.25,354593
2021-05-26 09:36:04,1392.35,354698
2021-05-26 09:36:05,1393.3,354711
2021-05-26 09:36:06,1392.6,354719
2021-05-26 09:36:07,1392.6,354719
2021-05-26 09:36:07,1392.6,354719
2021-05-26 09:36:09,1392.6,354719
2021-05-26 09:36:09,1392.6,354719
2021-05-26 09:36:11,1392.6,354719
2021-05-26 09:36:13,1393.0,354867
2021-05-26 09:36:14,1392.05,355305
2021-05-26 09:36:15,1392.05,355305
2021-05-26 09:36:15,1392.05,355305
2021-05-26 09:36:16,1392.05,355305
2021-05-26 09:36:18,1392.05,355305
2021-05-26 09:36:19,1392.05,355306
2021-05-26 09:36:20,1392.05,355308
2021-05-26 09:36:21,1392.05,355308
2021-05-26 09:36:22,1392.05,355334
2021-05-26 09:36:23,1392.9,355406
2021-05-26 09:36:24,1392.9,355406
2021-05-26 09:36:25,1392.9,355406
2021-05-26 09:36:26,1392.9,355406
2021-05-26 09:36:27,1392.9,355406
2021-05-26 09:36:27,1392.25,355408
2021-05-26 09:36:28,1392.25,355408
2021-05-26 09:36:30,1392.9,355576
2021-05-26 09:36:31,1392.9,355696
2021-05-26 09:36:32,1392.9,355707
2021-05-26 09:36:32,1392.9,355707
2021-05-26 09:36:34,1392.25,355710
2021-05-26 09:36:34,1392.0,356210
2021-05-26 09:36:35,1392.0,356217
2021-05-26 09:36:36,1392.9,356476
2021-05-26 09:36:38,1392.9,356476
2021-05-26 09:36:39,1392.9,356477
2021-05-26 09:36:40,1392.0,356977
2021-05-26 09:36:40,1392.0,357977
2021-05-26 09:36:41,1392.75,357978
2021-05-26 09:36:42,1392.75,357978
2021-05-26 09:36:44,1392.0,358008
2021-05-26 09:36:45,1392.0,358008
2021-05-26 09:36:46,1392.9,358308
2021-05-26 09:36:47,1392.0,358441
2021-05-26 09:36:48,1392.0,358442
2021-05-26 09:36:49,1392.0,358500
2021-05-26 09:36:50,1392.8,358602
2021-05-26 09:36:51,1392.8,358643
2021-05-26 09:36:52,1392.8,358643
2021-05-26 09:36:54,1392.8,358859
2021-05-26 09:36:54,1392.8,358859
2021-05-26 09:36:55,1392.8,358875
2021-05-26 09:36:56,1392.8,358875
2021-05-26 09:36:58,1392.8,359176
2021-05-26 09:36:58,1392.8,359176
2021-05-26 09:36:59,1392.8,359176
2021-05-26 09:37:00,1392.8,359176
2021-05-26 09:37:02,1392.8,359176
2021-05-26 09:37:03,1392.8,359201
2021-05-26 09:37:04,1392.05,359203
2021-05-26 09:37:05,1392.05,359203
2021-05-26 09:37:06,1392.8,359353
2021-05-26 09:37:07,1392.05,359363
2021-05-26 09:37:08,1392.05,359363
2021-05-26 09:37:09,1392.05,359403
2021-05-26 09:37:10,1392.05,359542
2021-05-26 09:37:10,1392.65,359682
2021-05-26 09:37:11,1392.65,359682
2021-05-26 09:37:12,1392.65,359682
2021-05-26 09:37:13,1392.65,359682
2021-05-26 09:37:14,1392.65,359682
2021-05-26 09:37:15,1392.65,359682
2021-05-26 09:37:16,1392.7,359732
2021-05-26 09:37:17,1392.1,359762
2021-05-26 09:37:18,1392.1,359767
2021-05-26 09:37:20,1392.05,359780
2021-05-26 09:37:21,1392.65,359800
2021-05-26 09:37:22,1392.65,359800
2021-05-26 09:37:23,1392.7,359835
2021-05-26 09:37:24,1392.05,359840
2021-05-26 09:37:25,1392.5,359865
2021-05-26 09:37:25,1392.5,359865
2021-05-26 09:37:26,1392.0,360065
2021-05-26 09:37:28,1392.0,360365
2021-05-26 09:37:29,1392.0,360410
2021-05-26 09:37:30,1392.0,360410
2021-05-26 09:37:31,1392.0,360410
2021-05-26 09:37:32,1392.0,360410
2021-05-26 09:37:33,1392.8,360817
2021-05-26 09:37:34,1392.8,360817
2021-05-26 09:37:35,1392.8,360848
2021-05-26 09:37:36,1392.8,360848
2021-05-26 09:37:37,1392.9,361023
2021-05-26 09:37:38,1392.9,361023
2021-05-26 09:37:39,1392.9,361023
2021-05-26 09:37:40,1393.0,361360
2021-05-26 09:37:41,1394.0,362948
2021-05-26 09:37:41,1394.0,363179
2021-05-26 09:37:42,1394.0,363329
2021-05-26 09:37:43,1394.0,363329
2021-05-26 09:37:44,1393.25,363377
2021-05-26 09:37:45,1393.1,363427
2021-05-26 09:37:47,1393.1,363428
2021-05-26 09:37:47,1393.1,363428
2021-05-26 09:37:48,1393.1,363428
2021-05-26 09:37:49,1394.0,363541
2021-05-26 09:37:51,1393.1,363546
2021-05-26 09:37:52,1393.95,363551
2021-05-26 09:37:52,1393.95,363551
2021-05-26 09:37:53,1394.0,363601
2021-05-26 09:37:55,1393.1,363631
2021-05-26 09:37:56,1393.1,363631
2021-05-26 09:37:57,1393.1,363631
2021-05-26 09:37:58,1394.0,363635
2021-05-26 09:37:59,1393.15,363773
2021-05-26 09:38:00,1393.15,363773
2021-05-26 09:38:02,1393.35,364089
2021-05-26 09:38:03,1394.0,364099
2021-05-26 09:38:04,1394.0,364099
2021-05-26 09:38:05,1394.0,364099
2021-05-26 09:38:06,1394.0,364251
2021-05-26 09:38:07,1393.5,364301
2021-05-26 09:38:08,1393.25,364820
2021-05-26 09:38:09,1393.25,364820
2021-05-26 09:38:10,1393.35,364991
2021-05-26 09:38:11,1393.35,364991
2021-05-26 09:38:12,1392.8,365089
2021-05-26 09:38:13,1392.8,365089
2021-05-26 09:38:14,1392.8,365089
2021-05-26 09:38:15,1392.8,365089
2021-05-26 09:38:16,1392.8,365089
2021-05-26 09:38:17,1392.8,365089
2021-05-26 09:38:18,1393.85,365189
2021-05-26 09:38:19,1394.0,365194
2021-05-26 09:38:20,1394.0,365194
2021-05-26 09:38:21,1392.8,365366
2021-05-26 09:38:22,1392.8,365366
2021-05-26 09:38:23,1393.2,365367
2021-05-26 09:38:24,1393.2,365367
2021-05-26 09:38:26,1392.8,365424
2021-05-26 09:38:25,1392.8,365414
2021-05-26 09:38:27,1393.5,365876
2021-05-26 09:38:28,1393.45,365879
2021-05-26 09:38:29,1393.45,365879
2021-05-26 09:38:30,1393.45,365879
2021-05-26 09:38:31,1392.55,365889
2021-05-26 09:38:32,1392.55,365889
2021-05-26 09:38:33,1392.55,365889
2021-05-26 09:38:34,1393.4,366034
2021-05-26 09:38:35,1393.2,366134
2021-05-26 09:38:38,1393.35,366144
2021-05-26 09:38:39,1393.35,366144
2021-05-26 09:38:40,1393.35,366144
2021-05-26 09:38:41,1393.35,366144
2021-05-26 09:38:42,1393.35,366144
2021-05-26 09:38:43,1393.4,366147
2021-05-26 09:38:44,1393.4,366147
2021-05-26 09:38:45,1393.4,366302
2021-05-26 09:38:46,1393.4,366302
2021-05-26 09:38:47,1393.4,366302
2021-05-26 09:38:48,1393.4,366302
2021-05-26 09:38:49,1393.4,366302
2021-05-26 09:38:50,1393.4,366352
2021-05-26 09:38:51,1393.4,366352
2021-05-26 09:38:52,1393.0,366362
2021-05-26 09:38:53,1393.0,366362
2021-05-26 09:38:55,1392.85,366449
2021-05-26 09:38:54,1392.85,366449
2021-05-26 09:38:56,1392.8,366529
2021-05-26 09:38:57,1392.8,366529
2021-05-26 09:38:59,1392.8,366529
2021-05-26 09:39:00,1392.8,366529
2021-05-26 09:39:01,1392.8,366529
2021-05-26 09:39:03,1392.8,366529
2021-05-26 09:39:04,1392.55,366530
2021-05-26 09:39:05,1392.75,366580
2021-05-26 09:39:06,1392.75,366941
2021-05-26 09:39:07,1392.0,366991
2021-05-26 09:39:08,1392.0,366991
2021-05-26 09:39:09,1392.0,367466
2021-05-26 09:39:10,1392.45,368403
2021-05-26 09:39:11,1392.0,368425
2021-05-26 09:39:12,1391.7,368429
2021-05-26 09:39:13,1391.7,368440
2021-05-26 09:39:14,1391.7,368447
2021-05-26 09:39:15,1391.7,368447
2021-05-26 09:39:16,1392.0,368547
2021-05-26 09:39:18,1392.0,368847
2021-05-26 09:39:17,1392.0,368847
2021-05-26 09:39:19,1391.7,368880
2021-05-26 09:39:20,1390.5,370534
2021-05-26 09:39:21,1390.6,370964
2021-05-26 09:39:22,1390.6,370965
2021-05-26 09:39:23,1390.6,370965
2021-05-26 09:39:25,1390.6,370967
2021-05-26 09:39:26,1390.55,370977
2021-05-26 09:39:27,1390.55,370977
2021-05-26 09:39:28,1390.55,370977
2021-05-26 09:39:29,1390.55,370977
2021-05-26 09:39:30,1390.2,371097
2021-05-26 09:39:31,1390.2,371097
2021-05-26 09:39:32,1390.55,371122
2021-05-26 09:39:33,1390.55,371122
2021-05-26 09:39:34,1390.55,371122
2021-05-26 09:39:36,1391.4,371242
2021-05-26 09:39:37,1391.4,371242
2021-05-26 09:39:38,1390.8,371362
2021-05-26 09:39:39,1390.8,371362
2021-05-26 09:39:40,1391.4,371363
2021-05-26 09:39:41,1392.0,371653
2021-05-26 09:39:42,1392.0,371653
2021-05-26 09:39:43,1390.8,371662
2021-05-26 09:39:44,1390.8,371662
2021-05-26 09:39:45,1390.8,371662
2021-05-26 09:39:46,1391.4,372170
2021-05-26 09:39:48,1390.85,373419
2021-05-26 09:39:47,1390.55,373386
2021-05-26 09:39:49,1390.85,373419
2021-05-26 09:39:50,1390.85,373419
2021-05-26 09:39:51,1390.85,373525
2021-05-26 09:39:52,1391.4,373531
2021-05-26 09:39:53,1391.45,373581
2021-05-26 09:39:54,1391.6,373631
2021-05-26 09:39:55,1391.6,373631
2021-05-26 09:39:56,1391.6,373631
2021-05-26 09:39:57,1391.6,373631
2021-05-26 09:39:58,1391.6,373631
2021-05-26 09:39:59,1391.6,373631
2021-05-26 09:40:00,1391.8,373831
2021-05-26 09:40:01,1390.95,373882
2021-05-26 09:40:02,1391.6,373887
2021-05-26 09:40:03,1391.6,373887
2021-05-26 09:40:04,1391.6,373887
2021-05-26 09:40:05,1391.6,373887
2021-05-26 09:40:06,1391.9,373892
2021-05-26 09:40:08,1391.9,373892
2021-05-26 09:40:08,1391.9,373892
2021-05-26 09:40:09,1391.9,373892
2021-05-26 09:40:10,1391.45,374092
2021-05-26 09:40:11,1390.8,374192
2021-05-26 09:40:14,1391.6,374198
2021-05-26 09:40:15,1391.6,374198
2021-05-26 09:40:16,1391.6,374198
2021-05-26 09:40:17,1390.8,374308
2021-05-26 09:40:18,1390.8,374308
2021-05-26 09:40:19,1390.8,374354
2021-05-26 09:40:20,1390.8,374388
2021-05-26 09:40:22,1390.8,374388
2021-05-26 09:40:23,1390.8,374398
2021-05-26 09:40:24,1390.8,374408
2021-05-26 09:40:25,1390.8,374408
2021-05-26 09:40:26,1390.8,374458
2021-05-26 09:40:27,1390.8,374508
2021-05-26 09:40:29,1390.8,374564
2021-05-26 09:40:33,1390.8,375021
2021-05-26 09:40:35,1390.65,375522
2021-05-26 09:40:36,1390.65,375522
2021-05-26 09:40:37,1390.65,375523
2021-05-26 09:40:39,1390.65,375741
2021-05-26 09:40:40,1390.15,375796
2021-05-26 09:40:41,1390.15,375796
2021-05-26 09:40:42,1390.15,375796
2021-05-26 09:40:43,1390.55,381496
2021-05-26 09:40:44,1390.65,382589
2021-05-26 09:40:46,1390.1,382684
2021-05-26 09:40:47,1390.1,382684
2021-05-26 09:40:48,1391.0,382954
2021-05-26 09:40:49,1391.4,383054
2021-05-26 09:40:50,1390.5,383064
2021-05-26 09:40:52,1390.55,383541
2021-05-26 09:40:53,1390.55,383541
2021-05-26 09:40:54,1390.55,383541
2021-05-26 09:40:55,1391.2,383546
2021-05-26 09:40:56,1391.2,383556
2021-05-26 09:40:57,1391.2,383556
2021-05-26 09:40:58,1391.15,383636
2021-05-26 09:41:00,1391.35,383806
2021-05-26 09:41:01,1391.35,384289
2021-05-26 09:41:03,1390.45,384337
2021-05-26 09:41:03,1390.55,384358
2021-05-26 09:41:04,1391.05,384797
2021-05-26 09:41:05,1390.4,385108
2021-05-26 09:41:06,1391.05,385213
2021-05-26 09:41:07,1390.4,385215
2021-05-26 09:41:08,1391.05,385228
2021-05-26 09:41:09,1391.05,385231
2021-05-26 09:41:10,1391.4,385263
2021-05-26 09:41:11,1391.35,385315
2021-05-26 09:41:12,1391.35,385315
2021-05-26 09:41:13,1391.4,385525
2021-05-26 09:41:15,1391.4,385567
2021-05-26 09:41:15,1390.55,385687
2021-05-26 09:41:16,1390.55,385687
2021-05-26 09:41:17,1391.5,385867
2021-05-26 09:41:18,1391.5,385867
2021-05-26 09:41:19,1391.5,385881
2021-05-26 09:41:21,1392.25,387912
2021-05-26 09:41:21,1392.25,387912
2021-05-26 09:41:22,1392.4,388392
2021-05-26 09:41:23,1391.25,388657
2021-05-26 09:41:24,1391.5,388664
2021-05-26 09:41:25,1391.45,389322
2021-05-26 09:41:26,1391.5,389522
2021-05-26 09:41:27,1391.5,389522
2021-05-26 09:41:28,1391.5,389622
2021-05-26 09:41:29,1391.5,389891
2021-05-26 09:41:31,1391.5,390480
2021-05-26 09:41:32,1391.95,390481
2021-05-26 09:41:33,1391.65,391758
2021-05-26 09:41:35,1392.3,391792
2021-05-26 09:41:36,1392.3,391901
2021-05-26 09:41:38,1392.65,392145
2021-05-26 09:41:38,1392.9,392161
2021-05-26 09:41:40,1392.9,392257
2021-05-26 09:41:40,1392.9,392257
2021-05-26 09:41:41,1392.95,392307
2021-05-26 09:41:42,1392.95,392315
2021-05-26 09:41:43,1392.9,392350
2021-05-26 09:41:44,1392.2,392519
2021-05-26 09:41:45,1392.95,392563
2021-05-26 09:41:47,1392.9,392628
2021-05-26 09:41:48,1392.95,392694
2021-05-26 09:41:48,1392.95,392694
2021-05-26 09:41:50,1393.0,393124
2021-05-26 09:41:51,1392.5,393229
2021-05-26 09:41:52,1392.5,393229
2021-05-26 09:41:53,1393.4,393463
2021-05-26 09:41:54,1393.4,393537
2021-05-26 09:41:55,1393.4,393537
2021-05-26 09:41:57,1393.4,393666
2021-05-26 09:41:59,1393.0,394304
2021-05-26 09:42:00,1394.0,394468
2021-05-26 09:42:01,1393.1,394508
2021-05-26 09:42:03,1393.95,394608
2021-05-26 09:42:02,1393.95,394558
2021-05-26 09:42:05,1393.95,394768
2021-05-26 09:42:06,1393.8,394790
2021-05-26 09:42:07,1393.9,394815
2021-05-26 09:42:08,1393.95,395012
2021-05-26 09:42:09,1393.95,395122
2021-05-26 09:42:10,1393.95,395175
2021-05-26 09:42:11,1393.95,395193
2021-05-26 09:42:12,1393.95,395259
2021-05-26 09:42:13,1393.95,395327
2021-05-26 09:42:15,1394.0,395419
2021-05-26 09:42:15,1394.0,395419
2021-05-26 09:42:16,1394.0,395443
2021-05-26 09:42:17,1393.0,396289
2021-05-26 09:42:18,1394.0,396439
2021-05-26 09:42:19,1393.2,396519
2021-05-26 09:42:20,1394.0,397223
2021-05-26 09:42:21,1394.5,401299
2021-05-26 09:42:22,1394.0,402073
2021-05-26 09:42:23,1394.75,402736
2021-05-26 09:42:24,1394.9,403717
2021-05-26 09:42:25,1394.9,403740
2021-05-26 09:42:27,1394.15,404109
2021-05-26 09:42:27,1394.9,404220
2021-05-26 09:42:28,1394.9,404264
2021-05-26 09:42:29,1394.9,404264
2021-05-26 09:42:30,1394.2,404693
2021-05-26 09:42:32,1395.0,406287
2021-05-26 09:42:32,1395.0,406601
2021-05-26 09:42:33,1395.0,406626
2021-05-26 09:42:34,1394.55,406644
2021-05-26 09:42:35,1395.0,406754
2021-05-26 09:42:36,1395.0,406761
2021-05-26 09:42:37,1395.0,407083
2021-05-26 09:42:38,1394.75,407368
2021-05-26 09:42:40,1395.0,407983
2021-05-26 09:42:41,1395.0,408144
2021-05-26 09:42:42,1395.0,408327
2021-05-26 09:42:43,1395.0,408527
2021-05-26 09:42:45,1395.0,408649
2021-05-26 09:42:46,1395.0,408919
2021-05-26 09:42:47,1394.95,408949
2021-05-26 09:42:48,1394.95,409769
2021-05-26 09:42:49,1394.95,409769
2021-05-26 09:42:50,1394.95,409776
2021-05-26 09:42:51,1394.95,409821
2021-05-26 09:42:53,1394.95,409836
2021-05-26 09:42:54,1394.95,409836
2021-05-26 09:42:55,1394.75,409966
2021-05-26 09:42:56,1394.75,409976
2021-05-26 09:42:57,1394.9,410077
2021-05-26 09:42:58,1394.7,410090
2021-05-26 09:42:59,1394.9,410112
2021-05-26 09:43:00,1394.7,410293
2021-05-26 09:43:01,1394.9,410403
2021-05-26 09:43:03,1394.7,410523
2021-05-26 09:43:04,1394.9,410548
2021-05-26 09:43:05,1394.3,410573
2021-05-26 09:43:06,1394.9,410738
2021-05-26 09:43:07,1394.5,410888
2021-05-26 09:43:08,1394.3,410918
2021-05-26 09:43:09,1394.85,411098
2021-05-26 09:43:10,1394.85,411099
2021-05-26 09:43:11,1394.85,411125
2021-05-26 09:43:12,1394.85,411137
2021-05-26 09:43:13,1394.85,411137
2021-05-26 09:43:14,1394.5,411175
2021-05-26 09:43:15,1394.5,411230
2021-05-26 09:43:16,1394.85,411330
2021-05-26 09:43:18,1394.15,412041
2021-05-26 09:43:19,1394.7,416108
2021-05-26 09:43:20,1394.7,416108
2021-05-26 09:43:21,1395.45,416109
2021-05-26 09:43:22,1395.45,416109
2021-05-26 09:43:24,1395.75,416526
2021-05-26 09:43:25,1395.1,416709
2021-05-26 09:43:26,1395.5,417608
2021-05-26 09:43:27,1394.75,417646
2021-05-26 09:43:28,1395.4,417657
2021-05-26 09:43:28,1395.45,417672
2021-05-26 09:43:29,1395.0,417673
2021-05-26 09:43:30,1395.65,417761
2021-05-26 09:43:31,1395.7,417893
2021-05-26 09:43:32,1395.7,417943
2021-05-26 09:43:33,1395.7,417943
2021-05-26 09:43:34,1395.05,417953
2021-05-26 09:43:36,1395.05,417957
2021-05-26 09:43:36,1395.5,418057
2021-05-26 09:43:37,1395.45,418067
2021-05-26 09:43:38,1395.5,418077
2021-05-26 09:43:39,1395.5,418098
2021-05-26 09:43:40,1395.5,418153
2021-05-26 09:43:41,1395.5,418157
2021-05-26 09:43:43,1395.1,418207
2021-05-26 09:43:44,1395.1,418207
2021-05-26 09:43:45,1395.7,418412
2021-05-26 09:43:46,1395.7,418480
2021-05-26 09:43:46,1395.7,418480
2021-05-26 09:43:47,1395.7,418530
2021-05-26 09:43:49,1395.1,418705
2021-05-26 09:43:50,1395.1,418895
2021-05-26 09:43:50,1395.1,418895
2021-05-26 09:43:52,1395.7,419325
2021-05-26 09:43:53,1395.1,419436
2021-05-26 09:43:53,1395.1,419401
2021-05-26 09:43:54,1395.7,419445
2021-05-26 09:43:55,1395.1,419447
2021-05-26 09:43:57,1395.65,419786
2021-05-26 09:43:59,1395.7,420384
2021-05-26 09:44:00,1395.05,421100
2021-05-26 09:44:01,1395.0,421312
2021-05-26 09:44:02,1395.7,421354
2021-05-26 09:44:03,1395.7,421439
2021-05-26 09:44:04,1395.7,421440
2021-05-26 09:44:04,1395.7,421440
2021-05-26 09:44:06,1395.7,421440
2021-05-26 09:44:07,1395.7,421609
2021-05-26 09:44:08,1395.1,421644
2021-05-26 09:44:09,1395.7,421757
2021-05-26 09:44:10,1395.15,421769
2021-05-26 09:44:10,1395.7,421809
2021-05-26 09:44:11,1395.7,421809
2021-05-26 09:44:12,1395.15,421814
2021-05-26 09:44:14,1395.7,421815
2021-05-26 09:44:15,1395.7,421905
2021-05-26 09:44:16,1395.7,421907
2021-05-26 09:44:17,1395.7,421913
2021-05-26 09:44:17,1395.7,421913
2021-05-26 09:44:18,1395.2,421971
2021-05-26 09:44:19,1395.7,421974
2021-05-26 09:44:21,1395.7,422567
2021-05-26 09:44:22,1395.15,422640
2021-05-26 09:44:23,1395.7,422643
2021-05-26 09:44:25,1395.7,423144
2021-05-26 09:44:26,1395.15,423188
2021-05-26 09:44:28,1395.6,423405
2021-05-26 09:44:28,1395.6,423405
2021-05-26 09:44:29,1395.6,423405
2021-05-26 09:44:30,1395.6,423405
2021-05-26 09:44:32,1395.7,424448
2021-05-26 09:44:33,1395.7,424501
2021-05-26 09:44:34,1395.2,424561
2021-05-26 09:44:35,1395.7,424758
2021-05-26 09:44:36,1395.7,424783
2021-05-26 09:44:37,1395.7,424783
2021-05-26 09:44:38,1395.7,424783
2021-05-26 09:44:39,1395.2,424846
2021-05-26 09:44:40,1395.2,424846
2021-05-26 09:44:41,1395.2,424852
2021-05-26 09:44:42,1395.7,424889
2021-05-26 09:44:43,1395.65,425032
2021-05-26 09:44:45,1395.6,425038
2021-05-26 09:44:46,1395.7,425406
2021-05-26 09:44:47,1395.7,425406
2021-05-26 09:44:48,1395.7,425407
2021-05-26 09:44:49,1395.2,425507
2021-05-26 09:44:49,1395.2,425507
2021-05-26 09:44:50,1395.7,425992
2021-05-26 09:44:51,1395.7,426044
2021-05-26 09:44:52,1396.0,427346
2021-05-26 09:44:54,1396.0,427347
2021-05-26 09:44:55,1396.0,427422
2021-05-26 09:44:56,1396.0,427428
2021-05-26 09:44:57,1395.7,427468
2021-05-26 09:44:59,1396.0,427654
2021-05-26 09:44:59,1396.0,427754
2021-05-26 09:45:00,1396.0,427926
2021-05-26 09:45:01,1396.0,427971
2021-05-26 09:45:03,1395.7,427982
2021-05-26 09:45:03,1396.0,428133
2021-05-26 09:45:05,1395.7,428183
2021-05-26 09:45:06,1396.0,428246
2021-05-26 09:45:07,1396.0,428266
2021-05-26 09:45:08,1395.8,429904
2021-05-26 09:45:09,1395.85,429906
2021-05-26 09:45:10,1396.0,430007
2021-05-26 09:45:10,1396.0,430007
2021-05-26 09:45:11,1396.9,430462
2021-05-26 09:45:12,1396.9,430497
2021-05-26 09:45:13,1396.9,430497
2021-05-26 09:45:14,1396.9,430777
2021-05-26 09:45:15,1396.9,430779
2021-05-26 09:45:17,1396.05,430846
2021-05-26 09:45:18,1396.05,430846
2021-05-26 09:45:19,1396.9,430876
2021-05-26 09:45:20,1396.9,431005
2021-05-26 09:45:21,1396.5,431137
2021-05-26 09:45:22,1396.5,431588
2021-05-26 09:45:23,1396.5,431598
2021-05-26 09:45:24,1396.9,431673
2021-05-26 09:45:25,1396.5,431678
2021-05-26 09:45:26,1396.5,431722
2021-05-26 09:45:27,1396.5,431722
2021-05-26 09:45:28,1396.5,431913
2021-05-26 09:45:29,1396.45,432456
2021-05-26 09:45:30,1397.0,433031
2021-05-26 09:45:31,1397.0,433031
2021-05-26 09:45:32,1396.2,433261
2021-05-26 09:45:32,1396.2,433261
2021-05-26 09:45:33,1397.0,433281
2021-05-26 09:45:34,1396.95,433336
2021-05-26 09:45:36,1396.95,433336
2021-05-26 09:45:37,1396.95,433536
2021-05-26 09:45:38,1396.9,435716
2021-05-26 09:45:39,1396.9,435786
2021-05-26 09:45:40,1396.5,435892
2021-05-26 09:45:41,1396.8,436447
2021-05-26 09:45:42,1396.95,436462
2021-05-26 09:45:42,1396.95,436462
2021-05-26 09:45:43,1396.8,436526
2021-05-26 09:45:44,1396.8,436541
2021-05-26 09:45:45,1396.8,436541
2021-05-26 09:45:46,1397.0,436581
2021-05-26 09:45:47,1397.0,436638
2021-05-26 09:45:49,1396.95,437662
2021-05-26 09:45:50,1397.0,437672
2021-05-26 09:45:51,1396.95,437800
2021-05-26 09:45:52,1396.9,439129
2021-05-26 09:45:53,1396.9,439149
2021-05-26 09:45:54,1396.8,439291
2021-05-26 09:45:55,1396.9,439295
2021-05-26 09:45:55,1396.9,439296
2021-05-26 09:45:56,1396.8,439322
2021-05-26 09:45:57,1396.9,439346
2021-05-26 09:45:58,1396.9,439598
2021-05-26 09:46:00,1396.1,441016
2021-05-26 09:46:02,1396.8,441407
2021-05-26 09:46:03,1396.75,441437
2021-05-26 09:46:04,1396.1,441509
2021-05-26 09:46:05,1396.85,441635
2021-05-26 09:46:05,1396.85,441635
2021-05-26 09:46:06,1396.85,441638
2021-05-26 09:46:07,1396.8,441655
2021-05-26 09:46:08,1396.5,441668
2021-05-26 09:46:09,1396.05,441768
2021-05-26 09:46:11,1396.5,441823
2021-05-26 09:46:12,1396.5,441823
2021-05-26 09:46:12,1396.5,441823
2021-05-26 09:46:14,1396.9,442149
2021-05-26 09:46:16,1397.0,443725
2021-05-26 09:46:19,1396.9,443840
2021-05-26 09:46:20,1396.25,443990
2021-05-26 09:46:20,1396.25,443990
2021-05-26 09:46:21,1396.35,446117
2021-05-26 09:46:22,1397.35,446169
2021-05-26 09:46:23,1397.4,446269
2021-05-26 09:46:24,1396.55,446545
2021-05-26 09:46:25,1397.55,447555
2021-05-26 09:46:26,1397.6,447757
2021-05-26 09:46:27,1396.65,447792
2021-05-26 09:46:29,1397.6,447894
2021-05-26 09:46:30,1397.5,448079
2021-05-26 09:46:31,1397.3,448114
2021-05-26 09:46:32,1396.85,448235
2021-05-26 09:46:33,1396.85,448235
2021-05-26 09:46:34,1396.85,448252
2021-05-26 09:46:35,1396.85,448265
2021-05-26 09:46:36,1397.3,448276
2021-05-26 09:46:37,1397.0,449296
2021-05-26 09:46:38,1397.5,450265
2021-05-26 09:46:39,1397.5,450652
2021-05-26 09:46:40,1397.5,450652
2021-05-26 09:46:41,1397.5,450675
2021-05-26 09:46:41,1397.5,450677
2021-05-26 09:46:43,1396.6,452079
2021-05-26 09:46:43,1397.35,452084
2021-05-26 09:46:45,1397.0,452285
2021-05-26 09:46:46,1397.5,452853
2021-05-26 09:46:47,1397.5,452853
2021-05-26 09:46:48,1397.5,452960
2021-05-26 09:46:49,1396.65,452981
2021-05-26 09:46:49,1397.3,453008
2021-05-26 09:46:50,1397.45,453018
2021-05-26 09:46:52,1397.0,453074
2021-05-26 09:46:53,1397.35,454057
2021-05-26 09:46:54,1396.6,454117
2021-05-26 09:46:56,1397.0,454239
2021-05-26 09:46:58,1397.0,454412
2021-05-26 09:46:59,1397.0,454482
2021-05-26 09:47:00,1396.85,454659
2021-05-26 09:47:00,1396.85,454659
2021-05-26 09:47:01,1396.85,454659
2021-05-26 09:47:02,1396.85,454659
2021-05-26 09:47:04,1396.65,454719
2021-05-26 09:47:05,1396.65,454719
2021-05-26 09:47:06,1397.0,454721
2021-05-26 09:47:07,1397.4,454921
2021-05-26 09:47:08,1396.7,455431
2021-05-26 09:47:09,1396.65,455573
2021-05-26 09:47:10,1396.65,455573
2021-05-26 09:47:10,1397.45,455623
2021-05-26 09:47:11,1397.45,455623
2021-05-26 09:47:12,1397.45,455623
2021-05-26 09:47:14,1397.0,455634
2021-05-26 09:47:16,1397.35,455691
2021-05-26 09:47:17,1397.05,455741
2021-05-26 09:47:18,1397.4,455745
2021-05-26 09:47:19,1397.4,455906
2021-05-26 09:47:19,1397.2,456406
2021-05-26 09:47:20,1397.2,456532
2021-05-26 09:47:21,1397.2,456532
2021-05-26 09:47:23,1397.05,456561
2021-05-26 09:47:24,1397.05,457136
2021-05-26 09:47:25,1397.0,457315
2021-05-26 09:47:26,1397.0,457365
2021-05-26 09:47:27,1397.05,457376
2021-05-26 09:47:28,1397.05,457380
2021-05-26 09:47:29,1397.05,457382
2021-05-26 09:47:30,1397.05,457387
2021-05-26 09:47:31,1397.4,457797
2021-05-26 09:47:32,1397.0,457798
2021-05-26 09:47:33,1397.0,457798
2021-05-26 09:47:33,1397.0,457858
2021-05-26 09:47:34,1397.4,457991
2021-05-26 09:47:35,1397.4,457996
2021-05-26 09:47:37,1397.4,457996
2021-05-26 09:47:39,1397.0,458126
2021-05-26 09:47:39,1397.0,458131
2021-05-26 09:47:41,1397.3,458191
2021-05-26 09:47:42,1397.3,458346
2021-05-26 09:47:42,1397.4,458419
2021-05-26 09:47:43,1397.4,458419
2021-05-26 09:47:44,1397.4,458419
2021-05-26 09:47:45,1397.05,458459
2021-05-26 09:47:47,1397.05,458489
2021-05-26 09:47:48,1397.4,458539
2021-05-26 09:47:50,1397.4,458549
2021-05-26 09:47:51,1397.4,458730
2021-05-26 09:47:52,1397.4,458768
2021-05-26 09:47:53,1397.3,458834
2021-05-26 09:47:54,1397.3,458884
2021-05-26 09:47:54,1397.4,458864
2021-05-26 09:47:55,1397.3,459029
2021-05-26 09:47:56,1397.4,459039
2021-05-26 09:47:57,1397.4,459041
2021-05-26 09:47:58,1397.3,459101
2021-05-26 09:48:00,1397.3,459168
2021-05-26 09:48:01,1397.3,459168
2021-05-26 09:48:02,1397.5,459708
2021-05-26 09:48:03,1397.3,459894
2021-05-26 09:48:04,1397.3,460015
2021-05-26 09:48:05,1397.3,460070
2021-05-26 09:48:06,1397.4,460178
2021-05-26 09:48:07,1397.4,460681
2021-05-26 09:48:08,1397.5,460696
2021-05-26 09:48:09,1397.5,460711
2021-05-26 09:48:09,1397.5,460712
2021-05-26 09:48:10,1397.5,460712
2021-05-26 09:48:11,1397.4,460714
2021-05-26 09:48:13,1397.95,462267
2021-05-26 09:48:14,1397.95,462371
2021-05-26 09:48:15,1397.95,462753
2021-05-26 09:48:17,1397.95,462777
2021-05-26 09:48:18,1397.75,463532
2021-05-26 09:48:19,1398.0,463806
2021-05-26 09:48:19,1397.95,463956
2021-05-26 09:48:22,1397.95,464451
2021-05-26 09:48:22,1397.15,464928
2021-05-26 09:48:23,1398.0,467960
2021-05-26 09:48:25,1398.85,470009
2021-05-26 09:48:26,1398.85,470515
2021-05-26 09:48:27,1399.0,472826
2021-05-26 09:48:28,1398.95,473808
2021-05-26 09:48:29,1399.0,473852
2021-05-26 09:48:30,1398.9,473880
2021-05-26 09:48:31,1398.9,473880
2021-05-26 09:48:32,1398.5,473940
2021-05-26 09:48:33,1398.95,474163
2021-05-26 09:48:34,1398.95,474214
2021-05-26 09:48:35,1399.0,474478
2021-05-26 09:48:37,1398.35,474743
2021-05-26 09:48:38,1398.5,475188
2021-05-26 09:48:38,1398.5,475188
2021-05-26 09:48:39,1398.75,475200
2021-05-26 09:48:42,1398.35,475819
2021-05-26 09:48:43,1398.9,475909
2021-05-26 09:48:44,1399.0,476834
2021-05-26 09:48:45,1398.9,477328
2021-05-26 09:48:46,1399.0,477481
2021-05-26 09:48:47,1399.25,477545
2021-05-26 09:48:50,1399.75,478325
2021-05-26 09:48:51,1399.1,478576
2021-05-26 09:48:52,1399.8,478603
2021-05-26 09:48:53,1399.9,478923
2021-05-26 09:48:54,1399.9,478938
2021-05-26 09:48:55,1399.9,479153
2021-05-26 09:48:56,1399.2,479441
2021-05-26 09:48:57,1399.2,479699
2021-05-26 09:48:58,1399.9,480043
2021-05-26 09:48:59,1399.9,480043
2021-05-26 09:49:00,1399.9,480115
2021-05-26 09:49:01,1399.9,480331
2021-05-26 09:49:02,1399.9,480541
2021-05-26 09:49:03,1399.9,480961
2021-05-26 09:49:04,1399.75,481028
2021-05-26 09:49:05,1399.9,481796
2021-05-26 09:49:06,1399.9,482021
2021-05-26 09:49:07,1399.9,482683
2021-05-26 09:49:08,1399.3,483049
2021-05-26 09:49:09,1399.9,483175
2021-05-26 09:49:10,1399.05,483788
2021-05-26 09:49:12,1399.8,483880
2021-05-26 09:49:13,1399.1,483949
2021-05-26 09:49:14,1399.75,483973
2021-05-26 09:49:15,1399.95,484894
2021-05-26 09:49:17,1399.45,488248
2021-05-26 09:49:18,1399.85,495720
2021-05-26 09:49:19,1401.3,496443
2021-05-26 09:49:20,1401.25,496508
2021-05-26 09:49:21,1401.4,496963
2021-05-26 09:49:22,1400.55,497368
2021-05-26 09:49:23,1401.35,497398
2021-05-26 09:49:24,1401.65,498033
2021-05-26 09:49:25,1401.0,498298
2021-05-26 09:49:26,1400.55,498736
2021-05-26 09:49:27,1400.5,498746
2021-05-26 09:49:28,1401.6,499167
2021-05-26 09:49:29,1400.55,499955
2021-05-26 09:49:30,1400.65,500069
2021-05-26 09:49:31,1401.4,500880
2021-05-26 09:49:32,1401.6,501186
2021-05-26 09:49:33,1401.15,502678
2021-05-26 09:49:34,1402.0,504325
2021-05-26 09:49:35,1401.6,504841
2021-05-26 09:49:36,1401.05,505141
2021-05-26 09:49:37,1402.0,506234
2021-05-26 09:49:38,1402.5,507517
2021-05-26 09:49:39,1402.5,508016
2021-05-26 09:49:40,1402.5,509363
2021-05-26 09:49:41,1401.6,509515
2021-05-26 09:49:42,1401.6,509933
2021-05-26 09:49:43,1402.4,510011
2021-05-26 09:49:44,1402.35,510790
2021-05-26 09:49:45,1402.3,511519
2021-05-26 09:49:46,1401.6,516103
2021-05-26 09:49:47,1401.75,517535
2021-05-26 09:49:48,1401.5,517927
2021-05-26 09:49:49,1402.0,517988
2021-05-26 09:49:50,1401.6,518098
2021-05-26 09:49:51,1402.35,518616
2021-05-26 09:49:52,1401.6,519161
2021-05-26 09:49:53,1402.05,520236
2021-05-26 09:49:54,1401.25,521199
2021-05-26 09:49:55,1401.3,521548
2021-05-26 09:49:56,1401.5,521625
2021-05-26 09:49:57,1401.05,522204
2021-05-26 09:49:58,1401.5,522870
2021-05-26 09:49:59,1402.0,523552
2021-05-26 09:50:00,1401.9,523736
2021-05-26 09:50:01,1401.9,523737
2021-05-26 09:50:02,1401.15,524394
2021-05-26 09:50:03,1401.6,524404
2021-05-26 09:50:04,1400.55,526394
2021-05-26 09:50:05,1401.0,526744
2021-05-26 09:50:07,1401.0,526972
2021-05-26 09:50:08,1401.65,527407
2021-05-26 09:50:09,1400.7,528356
2021-05-26 09:50:10,1400.7,528692
2021-05-26 09:50:12,1400.15,530554
2021-05-26 09:50:11,1400.65,528894
2021-05-26 09:50:13,1400.1,531652
2021-05-26 09:50:14,1401.0,531773
2021-05-26 09:50:15,1400.05,532003
2021-05-26 09:50:17,1400.1,532440
2021-05-26 09:50:16,1400.1,532375
2021-05-26 09:50:19,1400.05,536338
2021-05-26 09:50:20,1400.0,536676
2021-05-26 09:50:21,1400.0,536858
2021-05-26 09:50:22,1400.0,536962
2021-05-26 09:50:23,1400.0,537443
2021-05-26 09:50:24,1399.25,539848
2021-05-26 09:50:25,1399.25,539848
2021-05-26 09:50:26,1399.7,539885
2021-05-26 09:50:27,1401.0,542184
2021-05-26 09:50:28,1400.05,542998
2021-05-26 09:50:29,1400.2,543100
2021-05-26 09:50:30,1401.0,543125
2021-05-26 09:50:31,1401.0,543543
2021-05-26 09:50:32,1401.0,543959
2021-05-26 09:50:33,1401.0,544147
2021-05-26 09:50:34,1400.05,544237
2021-05-26 09:50:36,1401.0,544670
2021-05-26 09:50:37,1401.0,544730
2021-05-26 09:50:38,1401.0,544746
2021-05-26 09:50:40,1401.0,544930
2021-05-26 09:50:41,1401.0,544973
2021-05-26 09:50:42,1400.3,545246
2021-05-26 09:50:43,1401.2,546541
2021-05-26 09:50:44,1401.0,546561
2021-05-26 09:50:45,1401.0,546721
2021-05-26 09:50:46,1401.45,546722
2021-05-26 09:50:47,1401.0,546736
2021-05-26 09:50:48,1401.0,546806
2021-05-26 09:50:49,1401.0,547114
2021-05-26 09:50:51,1401.0,547235
2021-05-26 09:50:51,1400.5,547262
2021-05-26 09:50:52,1401.0,547764
2021-05-26 09:50:53,1401.0,547770
2021-05-26 09:50:54,1401.0,547789
2021-05-26 09:50:55,1400.5,548061
2021-05-26 09:50:56,1401.0,548118
2021-05-26 09:50:57,1400.25,548202
2021-05-26 09:50:58,1400.35,548412
2021-05-26 09:50:59,1401.0,548414
2021-05-26 09:51:00,1400.05,548721
2021-05-26 09:51:01,1401.05,549096
2021-05-26 09:51:02,1401.15,549114
2021-05-26 09:51:04,1400.6,549200
2021-05-26 09:51:04,1401.0,549205
2021-05-26 09:51:05,1401.05,549210
2021-05-26 09:51:06,1401.05,549455
2021-05-26 09:51:07,1401.65,549571
2021-05-26 09:51:08,1401.0,549713
2021-05-26 09:51:09,1401.7,550554
2021-05-26 09:51:10,1401.65,550809
2021-05-26 09:51:11,1401.0,550810
2021-05-26 09:51:12,1401.0,550849
2021-05-26 09:51:13,1400.65,550872
2021-05-26 09:51:15,1401.0,551132
2021-05-26 09:51:17,1400.6,551343
2021-05-26 09:51:17,1400.6,551343
2021-05-26 09:51:18,1401.45,551433
2021-05-26 09:51:19,1400.7,552034
2021-05-26 09:51:20,1401.5,552194
2021-05-26 09:51:21,1401.0,552197
2021-05-26 09:51:23,1401.2,552276
2021-05-26 09:51:24,1401.45,552379
2021-05-26 09:51:24,1401.45,552379
2021-05-26 09:51:25,1401.45,552482
2021-05-26 09:51:26,1400.6,552512
2021-05-26 09:51:27,1401.0,552538
2021-05-26 09:51:28,1401.45,552543
2021-05-26 09:51:29,1401.45,552543
2021-05-26 09:51:30,1400.9,552765
2021-05-26 09:51:31,1401.45,552805
2021-05-26 09:51:32,1401.45,552892
2021-05-26 09:51:33,1401.0,552918
2021-05-26 09:51:37,1401.0,553692
2021-05-26 09:51:37,1401.0,553857
2021-05-26 09:51:38,1401.0,553857
2021-05-26 09:51:39,1401.4,553877
2021-05-26 09:51:42,1401.0,554131
2021-05-26 09:51:44,1401.0,554140
2021-05-26 09:51:45,1401.0,554195
2021-05-26 09:51:46,1400.6,554351
2021-05-26 09:51:46,1401.0,554366
2021-05-26 09:51:47,1401.0,554551
2021-05-26 09:51:48,1401.95,557557
2021-05-26 09:51:49,1401.85,557607
2021-05-26 09:51:50,1401.6,560270
2021-05-26 09:51:51,1402.4,560436
2021-05-26 09:51:52,1401.6,560437
2021-05-26 09:51:53,1402.0,560487
2021-05-26 09:51:54,1402.0,560786
2021-05-26 09:51:55,1402.5,560948
2021-05-26 09:51:56,1402.45,560957
2021-05-26 09:51:57,1402.65,561348
2021-05-26 09:51:58,1402.65,561348
2021-05-26 09:51:59,1402.0,561361
2021-05-26 09:52:02,1402.0,562315
2021-05-26 09:52:03,1402.5,562396
2021-05-26 09:52:03,1402.5,562396
2021-05-26 09:52:04,1402.5,562407
2021-05-26 09:52:05,1402.7,562481
2021-05-26 09:52:06,1402.7,562521
2021-05-26 09:52:07,1403.0,563958
2021-05-26 09:52:08,1402.5,564088
2021-05-26 09:52:09,1403.0,564089
2021-05-26 09:52:10,1403.0,564096
2021-05-26 09:52:11,1403.0,565356
2021-05-26 09:52:13,1403.25,565357
2021-05-26 09:52:13,1403.25,565357
2021-05-26 09:52:14,1403.45,565647
2021-05-26 09:52:15,1402.7,565792
2021-05-26 09:52:16,1402.6,566583
2021-05-26 09:52:17,1403.45,566658
2021-05-26 09:52:18,1403.45,566798
2021-05-26 09:52:19,1403.0,567138
2021-05-26 09:52:20,1403.0,567193
2021-05-26 09:52:21,1403.5,567204
2021-05-26 09:52:22,1403.5,567432
2021-05-26 09:52:23,1403.5,567433
2021-05-26 09:52:24,1403.0,567454
2021-05-26 09:52:26,1403.0,567574
2021-05-26 09:52:27,1403.0,567839
2021-05-26 09:52:28,1402.0,570214
2021-05-26 09:52:29,1403.0,570714
2021-05-26 09:52:31,1403.0,571553
2021-05-26 09:52:33,1402.35,571810
2021-05-26 09:52:33,1402.35,571810
2021-05-26 09:52:35,1403.0,572021
2021-05-26 09:52:36,1403.0,572155
2021-05-26 09:52:37,1403.0,572393
2021-05-26 09:52:38,1403.0,572403
2021-05-26 09:52:39,1402.65,572405
2021-05-26 09:52:40,1403.0,572415
2021-05-26 09:52:41,1403.0,572502
2021-05-26 09:52:42,1403.0,572672
2021-05-26 09:52:43,1402.35,573072
2021-05-26 09:52:44,1402.3,573233
2021-05-26 09:52:45,1402.3,573233
2021-05-26 09:52:46,1403.0,573454
2021-05-26 09:52:47,1403.4,574468
2021-05-26 09:52:48,1403.05,574568
2021-05-26 09:52:49,1403.1,575098
2021-05-26 09:52:51,1403.5,575253
2021-05-26 09:52:51,1403.5,575253
2021-05-26 09:52:52,1402.65,576050
2021-05-26 09:52:53,1403.0,576107
2021-05-26 09:52:54,1402.85,576319
2021-05-26 09:52:55,1403.5,576599
2021-05-26 09:52:56,1403.5,576717
2021-05-26 09:52:57,1403.45,576746
2021-05-26 09:52:58,1403.0,576871
2021-05-26 09:52:59,1403.2,578089
2021-05-26 09:53:00,1403.8,578470
2021-05-26 09:53:01,1403.8,578470
2021-05-26 09:53:02,1403.2,579013
2021-05-26 09:53:04,1403.15,579713
2021-05-26 09:53:05,1403.8,580153
2021-05-26 09:53:07,1404.55,586817
2021-05-26 09:53:08,1404.75,587060
2021-05-26 09:53:08,1404.75,587110
2021-05-26 09:53:09,1404.8,587560
2021-05-26 09:53:10,1405.0,590018
2021-05-26 09:53:11,1405.0,590109
2021-05-26 09:53:12,1404.3,590114
2021-05-26 09:53:13,1405.0,590260
2021-05-26 09:53:14,1404.8,597105
2021-05-26 09:53:15,1405.0,597237
2021-05-26 09:53:16,1405.0,597499
2021-05-26 09:53:18,1403.25,600180
2021-05-26 09:53:19,1405.0,601890
2021-05-26 09:53:22,1404.45,603948
2021-05-26 09:53:24,1404.6,605281
2021-05-26 09:53:25,1404.65,605317
2021-05-26 09:53:27,1404.7,605473
2021-05-26 09:53:28,1404.25,606771
2021-05-26 09:53:28,1404.75,607199
2021-05-26 09:53:29,1404.0,607459
2021-05-26 09:53:31,1403.9,608013
2021-05-26 09:53:33,1403.6,610411
2021-05-26 09:53:34,1404.0,610606
2021-05-26 09:53:35,1404.05,610867
2021-05-26 09:53:35,1404.05,610867
2021-05-26 09:53:36,1403.6,611107
2021-05-26 09:53:37,1403.6,611175
2021-05-26 09:53:38,1403.95,612088
2021-05-26 09:53:39,1404.0,612370
2021-05-26 09:53:40,1403.45,612467
2021-05-26 09:53:42,1403.45,612543
2021-05-26 09:53:43,1403.45,612808
2021-05-26 09:53:44,1404.0,612951
2021-05-26 09:53:45,1403.45,612968
2021-05-26 09:53:45,1403.5,612983
2021-05-26 09:53:46,1404.05,613160
2021-05-26 09:53:47,1404.7,613862
2021-05-26 09:53:48,1403.85,614044
2021-05-26 09:53:50,1404.65,614184
2021-05-26 09:53:51,1404.65,614356
2021-05-26 09:53:51,1404.65,614356
2021-05-26 09:53:52,1404.7,614490
2021-05-26 09:53:53,1404.8,614701
2021-05-26 09:53:54,1404.0,614937
2021-05-26 09:53:55,1404.1,615532
2021-05-26 09:53:56,1404.75,615632
2021-05-26 09:53:58,1404.75,615676
2021-05-26 09:53:59,1405.0,615766
2021-05-26 09:53:59,1404.7,615778
2021-05-26 09:54:00,1404.3,615806
2021-05-26 09:54:01,1404.85,616007
2021-05-26 09:54:02,1404.8,616160
2021-05-26 09:54:03,1404.15,616421
2021-05-26 09:54:04,1404.95,616571
2021-05-26 09:54:05,1404.35,616769
2021-05-26 09:54:06,1404.95,617059
2021-05-26 09:54:07,1404.95,617099
2021-05-26 09:54:09,1404.95,617677
2021-05-26 09:54:10,1404.9,617688
2021-05-26 09:54:10,1404.9,617688
2021-05-26 09:54:11,1404.05,618460
2021-05-26 09:54:12,1404.9,618857
2021-05-26 09:54:13,1404.9,618857
2021-05-26 09:54:15,1404.9,618870
2021-05-26 09:54:16,1404.9,618870
2021-05-26 09:54:17,1404.2,619078
2021-05-26 09:54:18,1404.9,619345
2021-05-26 09:54:19,1404.9,619605
2021-05-26 09:54:19,1404.4,620607
2021-05-26 09:54:21,1404.5,620625
2021-05-26 09:54:22,1404.95,620716
2021-05-26 09:54:23,1404.2,621225
2021-05-26 09:54:25,1404.95,621325
2021-05-26 09:54:26,1404.95,621361
2021-05-26 09:54:27,1404.9,621524
2021-05-26 09:54:28,1404.3,622174
2021-05-26 09:54:29,1404.7,622192
2021-05-26 09:54:30,1404.9,622394
2021-05-26 09:54:31,1404.9,622529
2021-05-26 09:54:33,1404.9,623391
2021-05-26 09:54:34,1405.0,623584
2021-05-26 09:54:35,1404.8,623869
2021-05-26 09:54:36,1404.9,623924
2021-05-26 09:54:37,1404.2,624002
2021-05-26 09:54:38,1404.9,624090
2021-05-26 09:54:38,1404.2,624210
2021-05-26 09:54:39,1404.9,624321
2021-05-26 09:54:40,1404.2,624822
2021-05-26 09:54:41,1404.9,625096
2021-05-26 09:54:42,1404.1,625166
2021-05-26 09:54:43,1404.95,625481
2021-05-26 09:54:44,1404.95,625481
2021-05-26 09:54:45,1405.25,632004
2021-05-26 09:54:46,1405.2,632201
2021-05-26 09:54:48,1405.1,633157
2021-05-26 09:54:49,1405.9,633960
2021-05-26 09:54:49,1405.9,633960
2021-05-26 09:54:51,1405.9,634127
2021-05-26 09:54:51,1406.0,634392
2021-05-26 09:54:52,1406.25,638982
2021-05-26 09:54:53,1406.75,639151
2021-05-26 09:54:54,1407.0,640801
2021-05-26 09:54:56,1406.45,640912
2021-05-26 09:54:57,1407.0,641249
2021-05-26 09:54:58,1407.0,641704
2021-05-26 09:54:59,1406.05,643056
2021-05-26 09:55:00,1406.9,644063
2021-05-26 09:55:01,1407.45,644659
2021-05-26 09:55:01,1406.3,644130
2021-05-26 09:55:03,1407.0,645840
2021-05-26 09:55:04,1407.0,645865
2021-05-26 09:55:05,1406.95,645892
2021-05-26 09:55:06,1406.7,646278
2021-05-26 09:55:07,1406.7,646503
2021-05-26 09:55:09,1406.6,646638
2021-05-26 09:55:10,1406.45,647214
2021-05-26 09:55:10,1407.0,647289
2021-05-26 09:55:11,1407.4,647670
2021-05-26 09:55:12,1406.7,647800
2021-05-26 09:55:13,1407.2,648257
2021-05-26 09:55:15,1406.35,649198
2021-05-26 09:55:16,1406.15,650385
2021-05-26 09:55:17,1406.9,650512
2021-05-26 09:55:18,1406.2,650533
2021-05-26 09:55:19,1406.5,653344
2021-05-26 09:55:20,1406.0,653597
2021-05-26 09:55:21,1406.0,654035
2021-05-26 09:55:22,1406.05,654390
2021-05-26 09:55:23,1406.75,654833
2021-05-26 09:55:24,1406.0,655232
2021-05-26 09:55:25,1406.7,655939
2021-05-26 09:55:26,1406.05,656179
2021-05-26 09:55:26,1406.8,656181
2021-05-26 09:55:29,1406.2,656827
2021-05-26 09:55:30,1406.0,657028
2021-05-26 09:55:31,1406.05,657771
2021-05-26 09:55:32,1406.7,657826
2021-05-26 09:55:33,1406.0,657956
2021-05-26 09:55:34,1406.5,658360
2021-05-26 09:55:35,1406.5,658402
2021-05-26 09:55:36,1406.7,659111
2021-05-26 09:55:36,1406.7,659109
2021-05-26 09:55:37,1406.0,659459
2021-05-26 09:55:39,1406.8,659484
2021-05-26 09:55:40,1406.0,659693
2021-05-26 09:55:41,1406.05,660430
2021-05-26 09:55:43,1406.65,662606
2021-05-26 09:55:44,1406.75,662794
2021-05-26 09:55:45,1406.9,662957
2021-05-26 09:55:45,1406.9,662957
2021-05-26 09:55:46,1406.75,663797
2021-05-26 09:55:47,1406.4,664100
2021-05-26 09:55:48,1407.0,665254
2021-05-26 09:55:50,1407.0,665300
2021-05-26 09:55:52,1406.4,666100
2021-05-26 09:55:53,1406.4,666100
2021-05-26 09:55:54,1406.75,666553
2021-05-26 09:55:55,1406.2,666820
2021-05-26 09:55:55,1406.2,666820
2021-05-26 09:55:56,1407.0,667040
2021-05-26 09:55:57,1406.4,667263
2021-05-26 09:55:58,1406.4,667327
2021-05-26 09:55:59,1406.4,667357
2021-05-26 09:56:00,1406.3,667438
2021-05-26 09:56:02,1406.3,667547
2021-05-26 09:56:03,1406.3,667628
2021-05-26 09:56:04,1407.0,667832
2021-05-26 09:56:05,1407.0,668225
2021-05-26 09:56:07,1406.0,668923
2021-05-26 09:56:08,1406.8,668944
2021-05-26 09:56:09,1406.0,669027
2021-05-26 09:56:09,1406.3,669067
2021-05-26 09:56:10,1406.9,669187
2021-05-26 09:56:12,1406.85,669386
2021-05-26 09:56:13,1407.0,669546
2021-05-26 09:56:14,1406.55,669601
2021-05-26 09:56:15,1407.0,669701
2021-05-26 09:56:16,1406.45,670011
2021-05-26 09:56:18,1406.4,670096
2021-05-26 09:56:18,1406.4,670075
2021-05-26 09:56:19,1406.8,670359
2021-05-26 09:56:20,1407.8,673769
2021-05-26 09:56:22,1407.9,674026
2021-05-26 09:56:23,1407.1,674149
2021-05-26 09:56:24,1407.1,674375
2021-05-26 09:56:25,1407.15,674877
2021-05-26 09:56:26,1407.9,675136
2021-05-26 09:56:27,1407.1,675259
2021-05-26 09:56:28,1407.05,675359
2021-05-26 09:56:30,1406.45,676769
2021-05-26 09:56:31,1407.0,677036
2021-05-26 09:56:32,1407.75,677211
2021-05-26 09:56:32,1407.75,677211
2021-05-26 09:56:33,1407.1,677212
2021-05-26 09:56:34,1407.15,677327
2021-05-26 09:56:35,1407.15,677511
2021-05-26 09:56:36,1407.9,677994
2021-05-26 09:56:37,1407.35,678089
2021-05-26 09:56:39,1407.9,679177
2021-05-26 09:56:40,1408.7,680901
2021-05-26 09:56:41,1408.4,681104
2021-05-26 09:56:42,1408.4,682246
2021-05-26 09:56:43,1409.5,684892
2021-05-26 09:56:44,1408.9,685302
2021-05-26 09:56:45,1409.7,685624
2021-05-26 09:56:46,1409.0,687940
2021-05-26 09:56:46,1409.0,687940
2021-05-26 09:56:47,1409.0,688229
2021-05-26 09:56:48,1409.8,688513
2021-05-26 09:56:50,1409.65,688803
2021-05-26 09:56:51,1409.0,689250
2021-05-26 09:56:52,1409.1,693553
2021-05-26 09:56:52,1409.15,693555
2021-05-26 09:56:53,1409.1,694013
2021-05-26 09:56:54,1409.5,694610
2021-05-26 09:56:55,1409.5,694808
2021-05-26 09:56:56,1409.0,695624
2021-05-26 09:56:58,1409.65,695717
2021-05-26 09:56:59,1409.5,695887
2021-05-26 09:57:00,1409.65,696853
2021-05-26 09:57:01,1409.45,696964
2021-05-26 09:57:02,1409.5,697379
2021-05-26 09:57:03,1409.05,697589
2021-05-26 09:57:04,1409.0,698202
2021-05-26 09:57:05,1409.1,698646
2021-05-26 09:57:06,1409.65,700469
2021-05-26 09:57:08,1409.0,700978
2021-05-26 09:57:07,1409.0,700557
2021-05-26 09:57:09,1408.1,701258
2021-05-26 09:57:10,1408.6,701525
2021-05-26 09:57:11,1408.25,701760
2021-05-26 09:57:12,1409.0,702629
2021-05-26 09:57:14,1409.0,702639
2021-05-26 09:57:15,1408.9,703246
2021-05-26 09:57:16,1408.85,703732
2021-05-26 09:57:17,1408.0,703788
2021-05-26 09:57:17,1408.0,703788
2021-05-26 09:57:19,1408.05,703868
2021-05-26 09:57:20,1408.95,704603
2021-05-26 09:57:21,1408.35,704673
2021-05-26 09:57:22,1407.7,704950
2021-05-26 09:57:23,1407.65,705094
2021-05-26 09:57:24,1408.0,705174
2021-05-26 09:57:25,1407.6,705397
2021-05-26 09:57:26,1408.0,705657
2021-05-26 09:57:26,1407.35,705757
2021-05-26 09:57:28,1406.1,710178
2021-05-26 09:57:29,1407.05,710332
2021-05-26 09:57:30,1406.75,710823
2021-05-26 09:57:31,1407.55,711065
2021-05-26 09:57:32,1407.65,711199
2021-05-26 09:57:33,1406.8,711250
2021-05-26 09:57:33,1407.05,711351
2021-05-26 09:57:35,1407.45,711652
2021-05-26 09:57:36,1406.8,711773
2021-05-26 09:57:38,1406.8,712112
2021-05-26 09:57:39,1406.8,712212
2021-05-26 09:57:40,1406.5,712266
2021-05-26 09:57:41,1406.5,712541
2021-05-26 09:57:42,1406.9,712571
2021-05-26 09:57:42,1406.45,712651
2021-05-26 09:57:43,1406.85,713116
2021-05-26 09:57:45,1406.05,713922
2021-05-26 09:57:46,1407.0,714155
2021-05-26 09:57:47,1407.0,714207
2021-05-26 09:57:48,1407.0,714382
2021-05-26 09:57:50,1406.1,714958
2021-05-26 09:57:51,1407.0,715025
2021-05-26 09:57:52,1406.3,715561
2021-05-26 09:57:53,1406.3,715597
2021-05-26 09:57:54,1406.0,720350
2021-05-26 09:57:55,1406.45,721494
2021-05-26 09:57:56,1406.45,721514
2021-05-26 09:57:57,1406.05,721760
2021-05-26 09:57:57,1406.25,721810
2021-05-26 09:57:59,1407.15,722016
2021-05-26 09:58:00,1407.0,722031
2021-05-26 09:58:01,1407.95,723719
2021-05-26 09:58:02,1408.0,723886
2021-05-26 09:58:03,1408.0,724016
2021-05-26 09:58:04,1408.0,724211
2021-05-26 09:58:05,1407.2,724325
2021-05-26 09:58:05,1407.2,724325
2021-05-26 09:58:07,1407.95,724443
2021-05-26 09:58:08,1407.1,724758
2021-05-26 09:58:09,1408.3,726482
2021-05-26 09:58:10,1407.95,726637
2021-05-26 09:58:11,1407.95,726739
2021-05-26 09:58:12,1407.95,726740
2021-05-26 09:58:13,1408.0,726962
2021-05-26 09:58:14,1408.6,727524
2021-05-26 09:58:14,1408.6,727524
2021-05-26 09:58:16,1408.5,727817
2021-05-26 09:58:17,1408.5,728352
2021-05-26 09:58:18,1408.55,728462
2021-05-26 09:58:21,1408.5,728763
2021-05-26 09:58:22,1408.0,728935
2021-05-26 09:58:24,1408.5,729066
2021-05-26 09:58:24,1408.5,729066
2021-05-26 09:58:26,1408.5,729076
2021-05-26 09:58:27,1408.5,729136
2021-05-26 09:58:28,1408.0,729716
2021-05-26 09:58:29,1408.5,729739
2021-05-26 09:58:30,1408.0,729746
2021-05-26 09:58:31,1408.5,729886
2021-05-26 09:58:32,1408.5,729891
2021-05-26 09:58:33,1407.95,730113
2021-05-26 09:58:34,1408.0,730213
2021-05-26 09:58:34,1408.0,730214
2021-05-26 09:58:36,1408.0,730601
2021-05-26 09:58:37,1408.0,730730
2021-05-26 09:58:38,1407.3,730801
2021-05-26 09:58:39,1407.0,731334
2021-05-26 09:58:40,1407.3,731402
2021-05-26 09:58:42,1408.0,731503
2021-05-26 09:58:43,1408.0,731503
2021-05-26 09:58:44,1408.0,731633
2021-05-26 09:58:45,1407.2,732195
2021-05-26 09:58:46,1406.6,732947
2021-05-26 09:58:47,1406.5,733152
2021-05-26 09:58:50,1408.0,733792
2021-05-26 09:58:51,1407.25,733852
2021-05-26 09:58:52,1407.3,734009
2021-05-26 09:58:53,1407.25,734035
2021-05-26 09:58:54,1407.2,734055
2021-05-26 09:58:55,1407.2,734165
2021-05-26 09:58:56,1407.2,734175
2021-05-26 09:58:57,1407.9,734294
2021-05-26 09:58:58,1407.9,734294
2021-05-26 09:58:59,1407.05,734650
2021-05-26 09:58:59,1407.9,734450
2021-05-26 09:59:01,1407.25,734904
2021-05-26 09:59:02,1407.15,734933
2021-05-26 09:59:03,1407.0,735186
2021-05-26 09:59:04,1406.95,735236
2021-05-26 09:59:05,1407.0,735711
2021-05-26 09:59:06,1406.95,735776
2021-05-26 09:59:07,1407.7,736001
2021-05-26 09:59:09,1407.9,736128
2021-05-26 09:59:10,1406.9,736206
2021-05-26 09:59:11,1406.8,736356
2021-05-26 09:59:12,1407.65,736383
2021-05-26 09:59:12,1407.65,736383
2021-05-26 09:59:14,1406.55,736433
2021-05-26 09:59:15,1406.8,736576
2021-05-26 09:59:16,1407.0,737155
2021-05-26 09:59:17,1407.0,737177
2021-05-26 09:59:18,1407.4,737214
2021-05-26 09:59:19,1407.8,738353
2021-05-26 09:59:20,1406.3,739797
2021-05-26 09:59:21,1406.3,739797
2021-05-26 09:59:22,1406.3,739881
2021-05-26 09:59:23,1406.8,740031
2021-05-26 09:59:25,1407.2,742171
2021-05-26 09:59:26,1407.0,742179
2021-05-26 09:59:27,1407.3,742306
2021-05-26 09:59:28,1406.45,742308
2021-05-26 09:59:29,1406.55,742367
2021-05-26 09:59:30,1406.0,743717
2021-05-26 09:59:31,1406.45,743737
2021-05-26 09:59:32,1406.4,743740
2021-05-26 09:59:33,1406.75,743905
2021-05-26 09:59:34,1406.0,744066
2021-05-26 09:59:35,1406.0,744192
2021-05-26 09:59:36,1406.0,744551
2021-05-26 09:59:37,1406.45,744552
2021-05-26 09:59:38,1406.0,744632
2021-05-26 09:59:39,1406.0,744770
2021-05-26 09:59:40,1406.0,744788
2021-05-26 09:59:41,1406.0,744788
2021-05-26 09:59:43,1406.05,745500
2021-05-26 09:59:44,1406.05,745678
2021-05-26 09:59:45,1406.1,745690
2021-05-26 09:59:46,1406.7,745820
2021-05-26 09:59:47,1406.7,746716
2021-05-26 09:59:48,1405.95,747037
2021-05-26 09:59:49,1405.95,747037
2021-05-26 09:59:50,1406.0,747189
2021-05-26 09:59:51,1406.05,749756
2021-05-26 09:59:52,1405.25,750417
2021-05-26 09:59:53,1405.25,751129
2021-05-26 09:59:54,1405.9,751300
2021-05-26 09:59:55,1404.85,751492
2021-05-26 09:59:56,1406.0,751993
2021-05-26 09:59:57,1405.65,753299
2021-05-26 09:59:58,1404.65,753399
2021-05-26 09:59:59,1404.65,753399
2021-05-26 10:00:00,1405.55,753463
2021-05-26 10:00:01,1404.8,753589
2021-05-26 10:00:02,1404.8,753882
2021-05-26 10:00:04,1405.55,753892
2021-05-26 10:00:05,1404.8,754313
2021-05-26 10:00:06,1404.65,754538
2021-05-26 10:00:07,1404.75,754706
2021-05-26 10:00:09,1404.5,754807
2021-05-26 10:00:10,1405.0,755127
2021-05-26 10:00:11,1404.5,755758
2021-05-26 10:00:12,1404.5,756117
2021-05-26 10:00:13,1404.5,756130
2021-05-26 10:00:15,1404.5,757103
2021-05-26 10:00:16,1404.75,757193
2021-05-26 10:00:17,1404.9,757404
2021-05-26 10:00:18,1404.9,757404
2021-05-26 10:00:19,1404.2,757543
2021-05-26 10:00:20,1404.95,757914
2021-05-26 10:00:21,1404.2,757924
2021-05-26 10:00:22,1404.7,757934
2021-05-26 10:00:23,1404.2,758122
2021-05-26 10:00:24,1404.15,758309
2021-05-26 10:00:25,1404.9,758334
2021-05-26 10:00:26,1404.15,758673
2021-05-26 10:00:28,1404.2,760833
2021-05-26 10:00:27,1404.1,758813
2021-05-26 10:00:29,1404.2,760953
2021-05-26 10:00:30,1404.6,761600
2021-05-26 10:00:31,1405.95,762458
2021-05-26 10:00:32,1404.8,763280
2021-05-26 10:00:33,1404.95,763310
2021-05-26 10:00:34,1404.9,764128
2021-05-26 10:00:37,1405.0,764753
2021-05-26 10:00:36,1405.0,764753
2021-05-26 10:00:38,1404.9,764813
2021-05-26 10:00:39,1405.0,764933
2021-05-26 10:00:41,1405.0,765578
2021-05-26 10:00:42,1405.95,765788
2021-05-26 10:00:43,1405.75,765840
2021-05-26 10:00:44,1405.1,765930
2021-05-26 10:00:46,1406.0,766480
2021-05-26 10:00:47,1405.15,766547
2021-05-26 10:00:48,1405.1,767342
2021-05-26 10:00:49,1405.1,767342
2021-05-26 10:00:50,1405.1,767391
2021-05-26 10:00:51,1405.65,767501
2021-05-26 10:00:52,1405.85,767551
2021-05-26 10:00:53,1405.75,767810
2021-05-26 10:00:54,1405.75,767873
2021-05-26 10:00:55,1405.95,767973
2021-05-26 10:00:57,1405.1,768192
2021-05-26 10:00:56,1406.0,768182
2021-05-26 10:00:58,1405.85,768202
2021-05-26 10:00:59,1406.0,768203
2021-05-26 10:01:01,1405.3,768830
2021-05-26 10:01:02,1405.3,768830
2021-05-26 10:01:04,1406.0,768981
2021-05-26 10:01:03,1406.0,768981
2021-05-26 10:01:05,1405.95,769734
2021-05-26 10:01:06,1406.0,770160
2021-05-26 10:01:07,1405.25,770178
2021-05-26 10:01:08,1405.9,770353
2021-05-26 10:01:09,1406.0,770834
2021-05-26 10:01:10,1406.0,770936
2021-05-26 10:01:11,1406.0,770942
2021-05-26 10:01:12,1406.0,770942
2021-05-26 10:01:13,1405.4,771268
2021-05-26 10:01:14,1405.6,771298
2021-05-26 10:01:15,1405.7,772508
2021-05-26 10:01:18,1406.0,772569
2021-05-26 10:01:19,1406.5,773429
2021-05-26 10:01:20,1405.75,773489
2021-05-26 10:01:21,1405.75,773489
2021-05-26 10:01:22,1406.45,773539
2021-05-26 10:01:23,1406.0,773550
2021-05-26 10:01:24,1405.95,773950
2021-05-26 10:01:25,1405.95,773999
2021-05-26 10:01:26,1405.75,774110
2021-05-26 10:01:27,1406.75,774783
2021-05-26 10:01:28,1406.65,774813
2021-05-26 10:01:29,1405.9,774913
2021-05-26 10:01:30,1406.45,774917
2021-05-26 10:01:31,1406.0,774987
2021-05-26 10:01:32,1406.7,774988
2021-05-26 10:01:33,1406.9,775486
2021-05-26 10:01:34,1406.0,775654
2021-05-26 10:01:35,1406.0,775654
2021-05-26 10:01:36,1407.0,775743
2021-05-26 10:01:37,1406.95,775775
2021-05-26 10:01:38,1407.0,776098
2021-05-26 10:01:39,1406.95,776169
2021-05-26 10:01:40,1406.1,776338
2021-05-26 10:01:42,1407.0,776839
2021-05-26 10:01:42,1407.0,776884
2021-05-26 10:01:43,1406.15,776890
2021-05-26 10:01:44,1406.8,777309
2021-05-26 10:01:45,1406.85,777451
2021-05-26 10:01:46,1406.85,777451
2021-05-26 10:01:47,1407.0,777567
2021-05-26 10:01:48,1406.1,777571
2021-05-26 10:01:50,1406.2,777633
2021-05-26 10:01:50,1406.2,777633
2021-05-26 10:01:51,1406.25,778407
2021-05-26 10:01:52,1407.2,778707
2021-05-26 10:01:53,1407.2,778708
2021-05-26 10:01:54,1406.95,778758
2021-05-26 10:01:55,1406.25,778798
2021-05-26 10:01:56,1407.25,779844
2021-05-26 10:01:59,1406.45,780417
2021-05-26 10:01:59,1406.45,780417
2021-05-26 10:02:00,1407.35,780662
2021-05-26 10:02:01,1406.45,780819
2021-05-26 10:02:02,1407.3,780825
2021-05-26 10:02:04,1406.5,780853
2021-05-26 10:02:04,1406.5,780853
2021-05-26 10:02:05,1405.75,784139
2021-05-26 10:02:06,1406.5,784250
2021-05-26 10:02:07,1406.55,784400
2021-05-26 10:02:08,1406.0,784409
2021-05-26 10:02:10,1406.65,784410
2021-05-26 10:02:10,1406.65,784410
2021-05-26 10:02:12,1406.0,784611
2021-05-26 10:02:13,1406.0,784843
2021-05-26 10:02:15,1406.5,785143
2021-05-26 10:02:15,1405.75,785178
2021-05-26 10:02:16,1405.75,785178
2021-05-26 10:02:17,1405.75,785178
2021-05-26 10:02:18,1405.75,785794
2021-05-26 10:02:19,1405.9,785805
2021-05-26 10:02:20,1405.75,785842
2021-05-26 10:02:22,1405.75,785842
2021-05-26 10:02:23,1405.9,785914
2021-05-26 10:02:24,1405.9,785986
2021-05-26 10:02:25,1405.9,785986
2021-05-26 10:02:27,1405.7,786581
2021-05-26 10:02:28,1406.55,786668
2021-05-26 10:02:28,1406.55,786662
2021-05-26 10:02:29,1406.55,786670
2021-05-26 10:02:30,1406.55,786670
2021-05-26 10:02:31,1407.0,786795
2021-05-26 10:02:33,1406.1,786820
2021-05-26 10:02:33,1406.1,786805
2021-05-26 10:02:34,1406.1,786820
2021-05-26 10:02:35,1405.65,787032
2021-05-26 10:02:36,1406.55,787152
2021-05-26 10:02:39,1405.8,787172
2021-05-26 10:02:39,1405.8,787172
2021-05-26 10:02:40,1406.0,787177
2021-05-26 10:02:41,1406.7,787242
2021-05-26 10:02:42,1406.7,787293
2021-05-26 10:02:43,1406.7,787293
2021-05-26 10:02:45,1406.7,787293
2021-05-26 10:02:45,1406.7,787293
2021-05-26 10:02:46,1406.0,787333
2021-05-26 10:02:47,1406.0,787391
2021-05-26 10:02:48,1406.05,787400
2021-05-26 10:02:49,1406.05,787400
2021-05-26 10:02:50,1406.95,787500
2021-05-26 10:02:52,1406.05,787518
2021-05-26 10:02:52,1406.05,787518
2021-05-26 10:02:53,1406.7,787539
2021-05-26 10:02:55,1406.05,787591
2021-05-26 10:02:56,1405.85,787657
2021-05-26 10:02:58,1406.6,787803
2021-05-26 10:02:58,1406.6,787802
2021-05-26 10:02:59,1406.6,787872
2021-05-26 10:03:00,1406.7,788522
2021-05-26 10:03:01,1406.7,788522
2021-05-26 10:03:02,1406.7,788540
2021-05-26 10:03:03,1406.25,788685
2021-05-26 10:03:05,1405.9,788945
2021-05-26 10:03:06,1405.9,788945
2021-05-26 10:03:07,1406.7,788985
2021-05-26 10:03:07,1406.7,788985
2021-05-26 10:03:08,1406.75,789010
2021-05-26 10:03:09,1406.6,789038
2021-05-26 10:03:10,1406.6,789065
2021-05-26 10:03:12,1406.7,789068
2021-05-26 10:03:12,1406.7,789068
2021-05-26 10:03:13,1406.6,789146
2021-05-26 10:03:14,1405.95,789360
2021-05-26 10:03:15,1406.7,789380
2021-05-26 10:03:17,1405.9,789493
2021-05-26 10:03:17,1405.9,789493
2021-05-26 10:03:18,1405.9,789493
2021-05-26 10:03:19,1405.9,789493
2021-05-26 10:03:20,1406.65,789498
2021-05-26 10:03:21,1406.8,789663
2021-05-26 10:03:22,1406.8,789663
2021-05-26 10:03:24,1406.1,789733
2021-05-26 10:03:24,1406.05,789800
2021-05-26 10:03:25,1407.0,790631
2021-05-26 10:03:26,1407.0,790631
2021-05-26 10:03:27,1406.85,790807
2021-05-26 10:03:28,1406.5,790832
2021-05-26 10:03:29,1406.85,790983
2021-05-26 10:03:30,1406.9,791033
2021-05-26 10:03:32,1406.05,791034
2021-05-26 10:03:32,1406.05,791034
2021-05-26 10:03:33,1406.1,791037
2021-05-26 10:03:34,1407.0,791522
2021-05-26 10:03:35,1407.0,791547
2021-05-26 10:03:37,1406.95,791574
2021-05-26 10:03:37,1406.95,791575
2021-05-26 10:03:38,1406.95,791575
2021-05-26 10:03:39,1406.7,791595
2021-05-26 10:03:40,1406.9,791605
2021-05-26 10:03:41,1406.25,791673
2021-05-26 10:03:43,1407.0,791683
2021-05-26 10:03:43,1406.95,791684
2021-05-26 10:03:45,1406.05,792184
2021-05-26 10:03:45,1406.05,792184
2021-05-26 10:03:46,1406.95,792257
2021-05-26 10:03:47,1406.95,792257
2021-05-26 10:03:48,1406.25,792277
2021-05-26 10:03:49,1406.25,792277
2021-05-26 10:03:51,1406.25,792282
2021-05-26 10:03:52,1406.25,792282
2021-05-26 10:03:53,1406.25,792282
2021-05-26 10:03:54,1407.0,792787
2021-05-26 10:03:56,1406.3,793007
2021-05-26 10:03:57,1407.0,793230
2021-05-26 10:03:58,1407.0,793305
2021-05-26 10:03:58,1407.0,793305
2021-05-26 10:03:59,1406.95,793405
2021-05-26 10:04:00,1406.95,793405
2021-05-26 10:04:02,1406.95,793505
2021-05-26 10:04:03,1406.95,793507
2021-05-26 10:04:04,1407.55,797313
2021-05-26 10:04:04,1406.95,793507
2021-05-26 10:04:05,1407.45,797549
2021-05-26 10:04:06,1407.45,797549
2021-05-26 10:04:07,1407.6,797670
2021-05-26 10:04:09,1407.55,797745
2021-05-26 10:04:10,1407.55,797745
2021-05-26 10:04:11,1407.55,797788
2021-05-26 10:04:12,1407.95,798118
2021-05-26 10:04:13,1407.55,798399
2021-05-26 10:04:14,1407.55,798469
2021-05-26 10:04:15,1407.35,798776
2021-05-26 10:04:17,1407.45,799594
2021-05-26 10:04:18,1408.0,802366
2021-05-26 10:04:18,1408.0,802366
2021-05-26 10:04:19,1408.15,802829
2021-05-26 10:04:20,1407.95,803053
2021-05-26 10:04:22,1408.5,803160
2021-05-26 10:04:23,1408.55,803410
2021-05-26 10:04:24,1408.05,804248
2021-05-26 10:04:24,1408.05,804273
2021-05-26 10:04:25,1408.05,804323
2021-05-26 10:04:26,1408.05,805178
2021-05-26 10:04:28,1408.4,805400
2021-05-26 10:04:29,1408.4,805400
2021-05-26 10:04:30,1408.0,805405
2021-05-26 10:04:30,1408.0,805405
2021-05-26 10:04:31,1408.0,805512
2021-05-26 10:04:32,1408.6,805617
2021-05-26 10:04:33,1408.0,805717
2021-05-26 10:04:35,1408.5,805728
2021-05-26 10:04:36,1408.0,805838
2021-05-26 10:04:36,1408.5,805878
2021-05-26 10:04:37,1408.6,805982
2021-05-26 10:04:38,1408.75,806119
2021-05-26 10:04:39,1408.4,806282
2021-05-26 10:04:41,1408.5,806328
2021-05-26 10:04:42,1408.0,806397
2021-05-26 10:04:42,1408.0,806466
2021-05-26 10:04:44,1408.75,806943
2021-05-26 10:04:45,1408.75,806998
2021-05-26 10:04:47,1408.2,807300
2021-05-26 10:04:48,1407.4,808489
2021-05-26 10:04:48,1408.1,808589
2021-05-26 10:04:51,1408.5,808606
2021-05-26 10:04:53,1408.5,808606
2021-05-26 10:04:54,1408.55,808627
2021-05-26 10:04:54,1408.6,808644
2021-05-26 10:04:55,1408.6,808644
2021-05-26 10:04:56,1408.05,808800
2021-05-26 10:04:58,1408.05,808912
2021-05-26 10:04:59,1408.0,809558
2021-05-26 10:05:00,1408.05,809575
2021-05-26 10:05:01,1408.0,809790
2021-05-26 10:05:01,1408.0,809790
2021-05-26 10:05:02,1408.05,809879
2021-05-26 10:05:03,1408.05,809881
2021-05-26 10:05:05,1408.7,809962
2021-05-26 10:05:06,1408.7,809962
2021-05-26 10:05:07,1408.7,810248
2021-05-26 10:05:07,1408.2,810253
2021-05-26 10:05:08,1408.8,810288
2021-05-26 10:05:09,1409.45,812870
2021-05-26 10:05:10,1409.0,812942
2021-05-26 10:05:11,1409.0,813056
2021-05-26 10:05:13,1408.9,813209
2021-05-26 10:05:14,1409.5,813790
2021-05-26 10:05:14,1409.5,813824
2021-05-26 10:05:15,1408.95,813873
2021-05-26 10:05:18,1408.8,814811
2021-05-26 10:05:19,1408.8,814811
2021-05-26 10:05:20,1408.85,814817
2021-05-26 10:05:20,1408.85,814817
2021-05-26 10:05:21,1408.05,815237
2021-05-26 10:05:22,1408.85,815337
2021-05-26 10:05:24,1407.8,816123
2021-05-26 10:05:25,1408.15,816204
2021-05-26 10:05:26,1408.15,816204
2021-05-26 10:05:27,1409.0,816284
2021-05-26 10:05:28,1408.4,816334
2021-05-26 10:05:29,1408.95,816446
2021-05-26 10:05:31,1409.0,816515
2021-05-26 10:05:32,1408.9,816585
2021-05-26 10:05:32,1408.9,816585
2021-05-26 10:05:33,1409.5,816699
2021-05-26 10:05:34,1409.0,816945
2021-05-26 10:05:35,1409.5,817059
2021-05-26 10:05:37,1409.5,817059
2021-05-26 10:05:38,1409.0,817119
2021-05-26 10:05:38,1409.0,817129
2021-05-26 10:05:39,1409.0,817232
2021-05-26 10:05:40,1409.5,817450
2021-05-26 10:05:41,1409.5,817500
2021-05-26 10:05:42,1409.0,817865
2021-05-26 10:05:44,1409.0,818195
2021-05-26 10:05:45,1409.5,818765
2021-05-26 10:05:45,1409.5,818550
2021-05-26 10:05:46,1409.5,818897
2021-05-26 10:05:47,1409.45,818942
2021-05-26 10:05:49,1409.5,818981
2021-05-26 10:05:50,1409.05,819041
2021-05-26 10:05:51,1409.45,820181
2021-05-26 10:05:52,1409.45,820219
2021-05-26 10:05:53,1409.45,820219
2021-05-26 10:05:54,1409.45,820229
2021-05-26 10:05:55,1409.15,820279
2021-05-26 10:05:58,1408.7,821118
2021-05-26 10:05:59,1408.9,821123
2021-05-26 10:06:00,1409.1,821273
2021-05-26 10:06:01,1409.1,821273
2021-05-26 10:06:02,1408.55,821293
2021-05-26 10:06:03,1409.0,821343
2021-05-26 10:06:04,1408.7,821344
2021-05-26 10:06:04,1408.7,821344
2021-05-26 10:06:05,1409.2,821482
2021-05-26 10:06:06,1408.55,821524
2021-05-26 10:06:08,1409.0,821561
2021-05-26 10:06:09,1408.55,821571
2021-05-26 10:06:10,1408.55,822747
2021-05-26 10:06:10,1408.55,822747
2021-05-26 10:06:11,1408.55,822883
2021-05-26 10:06:13,1408.55,822913
2021-05-26 10:06:14,1408.55,823093
2021-05-26 10:06:15,1408.55,823133
2021-05-26 10:06:16,1408.55,823153
2021-05-26 10:06:16,1409.0,823203
2021-05-26 10:06:17,1408.9,823213
2021-05-26 10:06:18,1409.0,823470
2021-05-26 10:06:20,1408.1,823883
2021-05-26 10:06:21,1408.35,824337
2021-05-26 10:06:22,1408.45,824342
2021-05-26 10:06:22,1408.45,824372
2021-05-26 10:06:23,1408.45,824372
2021-05-26 10:06:25,1408.85,824482
2021-05-26 10:06:26,1408.85,824482
2021-05-26 10:06:26,1408.85,824482
2021-05-26 10:06:28,1408.55,824538
2021-05-26 10:06:30,1408.8,824698
2021-05-26 10:06:31,1408.1,824750
2021-05-26 10:06:31,1408.1,824750
2021-05-26 10:06:32,1408.1,824750
2021-05-26 10:06:33,1408.1,824763
2021-05-26 10:06:34,1408.55,824806
2021-05-26 10:06:35,1408.9,824831
2021-05-26 10:06:36,1409.0,825319
2021-05-26 10:06:37,1408.55,825480
2021-05-26 10:06:38,1408.55,825633
2021-05-26 10:06:39,1409.0,825737
2021-05-26 10:06:40,1408.55,825770
2021-05-26 10:06:41,1408.95,825790
2021-05-26 10:06:43,1409.0,825840
2021-05-26 10:06:43,1409.0,825842
2021-05-26 10:06:45,1408.55,825846
2021-05-26 10:06:45,1408.55,825906
2021-05-26 10:06:46,1408.0,826181
2021-05-26 10:06:48,1407.0,828752
2021-05-26 10:06:49,1407.9,828822
2021-05-26 10:06:49,1408.85,828905
2021-05-26 10:06:51,1408.9,828985
2021-05-26 10:06:52,1408.9,828985
2021-05-26 10:06:53,1409.0,829009
2021-05-26 10:06:53,1409.0,829009
2021-05-26 10:06:54,1409.0,829042
2021-05-26 10:06:55,1408.2,829051
2021-05-26 10:06:56,1408.2,829051
2021-05-26 10:06:58,1407.6,829201
2021-05-26 10:06:58,1407.6,829201
2021-05-26 10:07:00,1408.6,829222
2021-05-26 10:07:01,1408.6,829222
2021-05-26 10:07:02,1407.65,829502
2021-05-26 10:07:02,1407.65,829502
2021-05-26 10:07:03,1408.6,829528
2021-05-26 10:07:05,1407.8,829625
2021-05-26 10:07:06,1407.65,829825
2021-05-26 10:07:07,1407.9,829846
2021-05-26 10:07:07,1407.9,829846
2021-05-26 10:07:09,1408.55,829861
2021-05-26 10:07:10,1408.55,829861
2021-05-26 10:07:11,1407.45,830174
2021-05-26 10:07:11,1407.45,830174
2021-05-26 10:07:12,1408.5,830179
2021-05-26 10:07:13,1407.95,830407
2021-05-26 10:07:14,1407.65,830497
2021-05-26 10:07:15,1407.65,830497
2021-05-26 10:07:17,1407.4,830797
2021-05-26 10:07:17,1408.0,830972
2021-05-26 10:07:18,1408.0,830972
2021-05-26 10:07:19,1407.85,831092
2021-05-26 10:07:20,1408.3,831882
2021-05-26 10:07:22,1407.55,831888
2021-05-26 10:07:23,1407.55,831888
2021-05-26 10:07:24,1408.45,832279
2021-05-26 10:07:25,1407.7,832487
2021-05-26 10:07:26,1407.7,832487
2021-05-26 10:07:27,1408.4,832777
2021-05-26 10:07:28,1407.5,832977
2021-05-26 10:07:30,1407.5,833037
2021-05-26 10:07:31,1408.25,833065
2021-05-26 10:07:32,1407.6,833266
2021-05-26 10:07:32,1407.6,833266
2021-05-26 10:07:33,1408.4,833949
2021-05-26 10:07:34,1407.8,834219
2021-05-26 10:07:35,1408.65,834275
2021-05-26 10:07:38,1408.0,834436
2021-05-26 10:07:40,1408.0,834679
2021-05-26 10:07:41,1407.7,834711
2021-05-26 10:07:42,1408.65,834733
2021-05-26 10:07:43,1407.65,834743
2021-05-26 10:07:43,1408.5,834749
2021-05-26 10:07:44,1408.0,834858
2021-05-26 10:07:45,1408.5,834871
2021-05-26 10:07:47,1408.0,834995
2021-05-26 10:07:47,1408.5,835040
2021-05-26 10:07:49,1408.0,835060
2021-05-26 10:07:50,1408.4,835200
2021-05-26 10:07:51,1408.4,835319
2021-05-26 10:07:52,1408.4,835319
2021-05-26 10:07:53,1408.0,835519
2021-05-26 10:07:54,1408.0,835530
2021-05-26 10:07:55,1408.0,835530
2021-05-26 10:07:56,1408.0,835555
2021-05-26 10:07:57,1408.45,835595
2021-05-26 10:07:58,1408.0,835605
2021-05-26 10:07:58,1408.0,835605
2021-05-26 10:07:59,1408.0,835605
2021-05-26 10:08:00,1408.0,835927
2021-05-26 10:08:01,1408.5,835952
2021-05-26 10:08:02,1408.0,835982
2021-05-26 10:08:05,1408.4,836002
2021-05-26 10:08:06,1408.4,836002
2021-05-26 10:08:07,1408.0,836115
2021-05-26 10:08:08,1408.0,836272
2021-05-26 10:08:08,1408.0,836272
2021-05-26 10:08:09,1408.0,836272
2021-05-26 10:08:10,1408.0,836297
2021-05-26 10:08:12,1408.0,836297
2021-05-26 10:08:13,1408.0,836297
2021-05-26 10:08:14,1408.0,836298
2021-05-26 10:08:15,1408.05,836398
2021-05-26 10:08:16,1408.4,836408
2021-05-26 10:08:16,1408.05,836398
2021-05-26 10:08:18,1408.4,836408
2021-05-26 10:08:19,1408.1,837184
2021-05-26 10:08:20,1408.1,837224
2021-05-26 10:08:21,1408.5,837588
2021-05-26 10:08:22,1408.15,837603
2021-05-26 10:08:23,1408.1,837615
2021-05-26 10:08:24,1408.1,837615
2021-05-26 10:08:24,1408.1,837615
2021-05-26 10:08:25,1408.15,837648
2021-05-26 10:08:27,1408.15,837648
2021-05-26 10:08:28,1408.15,837943
2021-05-26 10:08:29,1408.5,837949
2021-05-26 10:08:30,1408.5,838156
2021-05-26 10:08:31,1408.15,838256
2021-05-26 10:08:32,1408.15,838466
2021-05-26 10:08:33,1408.15,838486
2021-05-26 10:08:34,1408.15,838486
2021-05-26 10:08:35,1408.15,838486
2021-05-26 10:08:36,1408.5,838616
2021-05-26 10:08:36,1408.15,838486
2021-05-26 10:08:38,1408.15,838620
2021-05-26 10:08:39,1408.15,838622
2021-05-26 10:08:41,1408.5,838822
2021-05-26 10:08:42,1408.15,838872
2021-05-26 10:08:43,1408.5,839001
2021-05-26 10:08:44,1408.1,839301
2021-05-26 10:08:45,1408.1,839306
2021-05-26 10:08:46,1407.7,840517
2021-05-26 10:08:47,1408.0,840577
2021-05-26 10:08:48,1408.0,840607
2021-05-26 10:08:49,1408.1,840679
2021-05-26 10:08:50,1408.15,840789
2021-05-26 10:08:51,1408.15,840844
2021-05-26 10:08:52,1408.4,840862
2021-05-26 10:08:53,1408.4,840862
2021-05-26 10:08:54,1408.05,840940
2021-05-26 10:08:55,1408.25,840945
2021-05-26 10:08:56,1408.25,840945
2021-05-26 10:08:56,1408.25,840945
2021-05-26 10:08:58,1408.25,840945
2021-05-26 10:08:59,1408.25,840957
2021-05-26 10:09:00,1408.0,840982
2021-05-26 10:09:01,1408.15,840986
2021-05-26 10:09:02,1408.15,840993
2021-05-26 10:09:02,1408.15,840993
2021-05-26 10:09:03,1408.15,841021
2021-05-26 10:09:04,1408.15,841046
2021-05-26 10:09:06,1408.15,841051
2021-05-26 10:09:07,1408.2,841063
2021-05-26 10:09:09,1408.05,841158
2021-05-26 10:09:10,1408.1,841162
2021-05-26 10:09:11,1408.1,841162
2021-05-26 10:09:11,1408.1,841162
2021-05-26 10:09:13,1408.1,841468
2021-05-26 10:09:14,1408.1,841468
2021-05-26 10:09:15,1408.0,841538
2021-05-26 10:09:16,1408.0,841593
2021-05-26 10:09:16,1408.05,841595
2021-05-26 10:09:18,1408.05,841595
2021-05-26 10:09:19,1408.0,841601
2021-05-26 10:09:20,1408.0,841601
2021-05-26 10:09:21,1408.1,841658
2021-05-26 10:09:22,1408.1,841661
2021-05-26 10:09:23,1408.0,841747
2021-05-26 10:09:25,1408.1,842697
2021-05-26 10:09:26,1408.1,842722
2021-05-26 10:09:26,1408.1,842722
2021-05-26 10:09:28,1408.1,842747
2021-05-26 10:09:29,1408.1,842747
2021-05-26 10:09:30,1408.1,842747
2021-05-26 10:09:31,1408.1,842747
2021-05-26 10:09:32,1407.8,842748
2021-05-26 10:09:33,1408.0,842758
2021-05-26 10:09:33,1408.0,842758
2021-05-26 10:09:35,1408.0,842758
2021-05-26 10:09:36,1408.0,842848
2021-05-26 10:09:37,1408.0,842858
2021-05-26 10:09:38,1408.0,842938
2021-05-26 10:09:38,1408.1,842943
2021-05-26 10:09:39,1408.0,843001
2021-05-26 10:09:41,1407.65,843185
2021-05-26 10:09:42,1407.55,843186
2021-05-26 10:09:43,1407.55,843186
2021-05-26 10:09:44,1407.55,843191
2021-05-26 10:09:45,1407.5,843635
2021-05-26 10:09:46,1407.4,843654
2021-05-26 10:09:47,1407.4,843752
2021-05-26 10:09:48,1407.4,843752
2021-05-26 10:09:48,1407.4,843752
2021-05-26 10:09:49,1407.95,843821
2021-05-26 10:09:51,1407.95,843821
2021-05-26 10:09:52,1407.45,843903
2021-05-26 10:09:53,1407.95,843912
2021-05-26 10:09:54,1407.45,843956
2021-05-26 10:09:55,1407.45,844056
2021-05-26 10:09:56,1408.0,844156
2021-05-26 10:09:57,1408.0,844160
2021-05-26 10:09:58,1408.0,844182
2021-05-26 10:09:59,1407.45,844189
2021-05-26 10:09:59,1407.45,844189
2021-05-26 10:10:01,1407.4,844412
2021-05-26 10:10:02,1407.4,844445
2021-05-26 10:10:03,1407.85,844520
2021-05-26 10:10:04,1407.4,844784
2021-05-26 10:10:05,1407.0,845212
2021-05-26 10:10:06,1407.95,845412
2021-05-26 10:10:07,1407.95,845417
2021-05-26 10:10:08,1406.2,849188
2021-05-26 10:10:09,1406.0,849956
2021-05-26 10:10:10,1406.0,850178
2021-05-26 10:10:11,1406.0,850578
2021-05-26 10:10:12,1406.0,850944
2021-05-26 10:10:13,1406.0,851029
2021-05-26 10:10:13,1406.0,851029
2021-05-26 10:10:15,1406.6,851589
2021-05-26 10:10:16,1406.65,851594
2021-05-26 10:10:17,1405.6,851810
2021-05-26 10:10:18,1406.15,851899
2021-05-26 10:10:19,1406.6,851929
2021-05-26 10:10:21,1406.05,852021
2021-05-26 10:10:20,1406.05,852021
2021-05-26 10:10:22,1406.2,852033
2021-05-26 10:10:23,1406.2,852044
2021-05-26 10:10:24,1406.2,852281
2021-05-26 10:10:25,1406.2,852287
2021-05-26 10:10:26,1406.55,852627
2021-05-26 10:10:27,1406.2,852635
2021-05-26 10:10:28,1406.2,852635
2021-05-26 10:10:29,1406.5,852704
2021-05-26 10:10:30,1406.5,852704
2021-05-26 10:10:31,1406.5,852704
2021-05-26 10:10:32,1406.5,852704
2021-05-26 10:10:33,1405.05,854816
2021-05-26 10:10:34,1405.05,854856
2021-05-26 10:10:35,1405.5,855056
2021-05-26 10:10:36,1405.85,855057
2021-05-26 10:10:37,1405.5,855152
2021-05-26 10:10:38,1406.0,855335
2021-05-26 10:10:39,1405.1,856292
2021-05-26 10:10:40,1405.0,856361
2021-05-26 10:10:41,1405.95,856717
2021-05-26 10:10:42,1405.85,856830
2021-05-26 10:10:43,1405.15,856875
2021-05-26 10:10:44,1405.1,857099
2021-05-26 10:10:45,1405.1,857100
2021-05-26 10:10:46,1405.1,857100
2021-05-26 10:10:47,1405.1,857123
2021-05-26 10:10:48,1405.85,857236
2021-05-26 10:10:49,1405.75,857566
2021-05-26 10:10:50,1405.1,857771
2021-05-26 10:10:51,1405.1,857771
2021-05-26 10:10:52,1405.05,857826
2021-05-26 10:10:53,1406.5,859074
2021-05-26 10:10:54,1406.0,859076
2021-05-26 10:10:55,1405.65,859279
2021-05-26 10:10:56,1405.85,859580
2021-05-26 10:10:57,1406.0,859850
2021-05-26 10:10:58,1406.0,859855
2021-05-26 10:10:59,1406.7,859875
2021-05-26 10:11:00,1405.55,860080
2021-05-26 10:11:01,1405.95,860082
2021-05-26 10:11:02,1405.95,860082
2021-05-26 10:11:03,1405.95,860082
2021-05-26 10:11:04,1405.95,860082
2021-05-26 10:11:05,1405.95,860082
2021-05-26 10:11:06,1405.95,860082
2021-05-26 10:11:07,1405.5,860113
2021-05-26 10:11:08,1405.45,861452
2021-05-26 10:11:09,1405.4,861519
2021-05-26 10:11:10,1405.0,861529
2021-05-26 10:11:11,1405.0,861529
2021-05-26 10:11:12,1405.0,861658
2021-05-26 10:11:13,1405.55,861855
2021-05-26 10:11:14,1405.0,861890
2021-05-26 10:11:15,1405.0,862040
2021-05-26 10:11:16,1405.05,862042
2021-05-26 10:11:17,1405.05,862042
2021-05-26 10:11:18,1405.0,863182
2021-05-26 10:11:19,1405.6,863193
2021-05-26 10:11:20,1405.75,863195
2021-05-26 10:11:21,1405.0,863228
2021-05-26 10:11:22,1405.0,863480
2021-05-26 10:11:23,1405.1,863500
2021-05-26 10:11:24,1405.1,863500
2021-05-26 10:11:25,1405.1,863592
2021-05-26 10:11:26,1405.5,863593
2021-05-26 10:11:27,1405.1,863643
2021-05-26 10:11:28,1405.1,863893
2021-05-26 10:11:29,1405.1,863894
2021-05-26 10:11:30,1405.1,863894
2021-05-26 10:11:31,1405.05,863901
2021-05-26 10:11:32,1405.1,864001
2021-05-26 10:11:33,1405.65,864087
2021-05-26 10:11:34,1405.05,864123
2021-05-26 10:11:36,1405.05,864238
2021-05-26 10:11:37,1405.05,864238
2021-05-26 10:11:38,1405.05,864239
2021-05-26 10:11:39,1405.05,864364
2021-05-26 10:11:40,1405.05,864379
2021-05-26 10:11:41,1405.05,864379
2021-05-26 10:11:42,1405.05,864379
2021-05-26 10:11:43,1405.05,864379
2021-05-26 10:11:44,1405.05,864379
2021-05-26 10:11:45,1405.0,864579
2021-05-26 10:11:46,1405.0,864621
2021-05-26 10:11:47,1405.65,864631
2021-05-26 10:11:48,1405.0,865131
2021-05-26 10:11:49,1405.5,865171
2021-05-26 10:11:50,1405.5,865281
2021-05-26 10:11:51,1405.5,865336
2021-05-26 10:11:52,1405.05,865360
2021-05-26 10:11:53,1405.05,865381
2021-05-26 10:11:55,1405.1,865582
2021-05-26 10:11:56,1405.1,865582
2021-05-26 10:11:57,1405.5,865654
2021-05-26 10:11:58,1405.5,865660
2021-05-26 10:11:59,1405.65,865805
2021-05-26 10:12:00,1405.65,865805
2021-05-26 10:12:01,1405.5,865921
2021-05-26 10:12:02,1405.3,867699
2021-05-26 10:12:03,1405.3,867699
2021-05-26 10:12:04,1405.3,867725
2021-05-26 10:12:05,1405.3,867725
2021-05-26 10:12:06,1405.5,867740
2021-05-26 10:12:07,1405.5,867740
2021-05-26 10:12:08,1405.5,867961
2021-05-26 10:12:09,1406.0,867979
2021-05-26 10:12:10,1405.5,868009
2021-05-26 10:12:11,1405.5,868010
2021-05-26 10:12:12,1405.5,868025
2021-05-26 10:12:13,1405.5,868025
2021-05-26 10:12:14,1405.5,868036
2021-05-26 10:12:15,1405.25,868087
2021-05-26 10:12:16,1405.25,868112
2021-05-26 10:12:17,1405.8,868118
2021-05-26 10:12:18,1405.5,868151
2021-05-26 10:12:19,1405.25,868196
2021-05-26 10:12:20,1405.25,868196
2021-05-26 10:12:21,1405.3,868205
2021-05-26 10:12:22,1405.35,868215
2021-05-26 10:12:23,1405.35,868215
2021-05-26 10:12:24,1405.35,868225
2021-05-26 10:12:25,1405.35,868225
2021-05-26 10:12:26,1406.0,868285
2021-05-26 10:12:27,1406.0,868385
2021-05-26 10:12:30,1405.65,868430
2021-05-26 10:12:30,1405.65,868420
2021-05-26 10:12:31,1406.0,868440
2021-05-26 10:12:32,1406.0,868440
2021-05-26 10:12:33,1405.3,868543
2021-05-26 10:12:35,1405.95,868593
2021-05-26 10:12:35,1405.3,868598
2021-05-26 10:12:37,1405.35,868657
2021-05-26 10:12:37,1406.0,868602
2021-05-26 10:12:38,1405.35,868657
2021-05-26 10:12:39,1405.35,868657
2021-05-26 10:12:40,1405.35,868657
2021-05-26 10:12:42,1405.35,868657
2021-05-26 10:12:42,1405.35,868657
2021-05-26 10:12:43,1405.3,868658
2021-05-26 10:12:45,1405.3,868676
2021-05-26 10:12:46,1405.3,868676
2021-05-26 10:12:47,1405.3,868681
2021-05-26 10:12:48,1405.75,868682
2021-05-26 10:12:49,1405.75,868788
2021-05-26 10:12:50,1406.0,868890
2021-05-26 10:12:51,1406.0,869090
2021-05-26 10:12:52,1406.0,870105
2021-05-26 10:12:53,1406.0,870105
2021-05-26 10:12:54,1406.0,870155
2021-05-26 10:12:55,1406.0,870156
2021-05-26 10:12:56,1406.0,870156
2021-05-26 10:12:57,1406.55,870316
2021-05-26 10:12:58,1406.5,870327
2021-05-26 10:12:59,1406.1,870338
2021-05-26 10:13:00,1406.1,870338
2021-05-26 10:13:01,1406.1,870338
2021-05-26 10:13:02,1406.1,870347
2021-05-26 10:13:03,1406.1,870364
2021-05-26 10:13:05,1406.3,870394
2021-05-26 10:13:05,1406.3,870394
2021-05-26 10:13:06,1406.85,870514
2021-05-26 10:13:07,1406.85,870614
2021-05-26 10:13:09,1406.9,870684
2021-05-26 10:13:09,1406.9,870684
2021-05-26 10:13:10,1407.0,870839
2021-05-26 10:13:11,1407.0,870878
2021-05-26 10:13:12,1406.5,870891
2021-05-26 10:13:13,1406.5,870894
2021-05-26 10:13:14,1407.0,870930
2021-05-26 10:13:15,1407.0,870930
2021-05-26 10:13:16,1407.0,871149
2021-05-26 10:13:17,1407.0,871149
2021-05-26 10:13:18,1407.0,871149
2021-05-26 10:13:19,1406.55,871200
2021-05-26 10:13:20,1406.5,871210
2021-05-26 10:13:21,1407.0,871220
2021-05-26 10:13:22,1407.0,871320
2021-05-26 10:13:23,1407.0,871322
2021-05-26 10:13:24,1406.25,871522
2021-05-26 10:13:25,1406.25,871522
2021-05-26 10:13:26,1407.3,872224
2021-05-26 10:13:27,1408.0,872651
2021-05-26 10:13:28,1407.15,872692
2021-05-26 10:13:29,1407.15,872712
2021-05-26 10:13:30,1407.1,872762
2021-05-26 10:13:31,1407.05,872862
2021-05-26 10:13:32,1407.0,872962
2021-05-26 10:13:33,1407.75,872983
2021-05-26 10:13:34,1407.1,872998
2021-05-26 10:13:35,1407.0,872999
2021-05-26 10:13:36,1407.15,873004
2021-05-26 10:13:37,1407.15,873004
2021-05-26 10:13:38,1407.85,873081
2021-05-26 10:13:39,1407.0,873186
2021-05-26 10:13:40,1407.0,873186
2021-05-26 10:13:41,1407.0,873186
2021-05-26 10:13:43,1407.8,873196
2021-05-26 10:13:42,1407.8,873196
2021-05-26 10:13:44,1407.0,873210
2021-05-26 10:13:45,1407.0,873210
2021-05-26 10:13:46,1407.0,873210
2021-05-26 10:13:47,1407.15,873415
2021-05-26 10:13:48,1407.15,873415
2021-05-26 10:13:49,1407.1,873420
2021-05-26 10:13:50,1407.7,873444
2021-05-26 10:13:51,1407.7,873444
2021-05-26 10:13:52,1407.7,873444
2021-05-26 10:13:53,1407.7,873444
2021-05-26 10:13:54,1407.75,873454
2021-05-26 10:13:55,1407.7,873479
2021-05-26 10:13:57,1407.0,873541
2021-05-26 10:13:58,1407.0,873541
2021-05-26 10:14:00,1407.8,874080
2021-05-26 10:14:02,1407.8,874109
2021-05-26 10:14:03,1407.8,874109
2021-05-26 10:14:03,1407.05,874111
2021-05-26 10:14:04,1407.7,874161
2021-05-26 10:14:06,1407.75,874236
2021-05-26 10:14:06,1407.75,874236
2021-05-26 10:14:07,1407.7,874447
2021-05-26 10:14:08,1407.85,874542
2021-05-26 10:14:09,1407.85,874542
2021-05-26 10:14:10,1407.85,874542
2021-05-26 10:14:11,1407.7,874567
2021-05-26 10:14:13,1407.1,874580
2021-05-26 10:14:13,1407.7,874600
2021-05-26 10:14:14,1407.7,874600
2021-05-26 10:14:15,1407.7,874625
2021-05-26 10:14:16,1407.1,874750
2021-05-26 10:14:17,1407.1,874753
2021-05-26 10:14:18,1407.1,874753
2021-05-26 10:14:20,1407.95,874873
2021-05-26 10:14:19,1407.8,874773
2021-05-26 10:14:21,1408.0,874993
2021-05-26 10:14:22,1408.0,874993
2021-05-26 10:14:23,1407.7,875063
2021-05-26 10:14:25,1407.7,875063
2021-05-26 10:14:25,1407.7,875063
2021-05-26 10:14:26,1407.7,875063
2021-05-26 10:14:27,1407.7,875063
2021-05-26 10:14:28,1407.7,875063
2021-05-26 10:14:29,1407.7,875063
2021-05-26 10:14:30,1407.0,875357
2021-05-26 10:14:31,1407.0,875357
2021-05-26 10:14:32,1407.0,875357
2021-05-26 10:14:33,1407.1,875362
2021-05-26 10:14:34,1407.1,875362
2021-05-26 10:14:35,1407.8,875462
2021-05-26 10:14:36,1407.9,875472
2021-05-26 10:14:37,1407.95,875482
2021-05-26 10:14:38,1407.95,875502
2021-05-26 10:14:40,1407.4,875702
2021-05-26 10:14:41,1407.4,875733
2021-05-26 10:14:42,1407.95,875864
2021-05-26 10:14:43,1407.95,875864
2021-05-26 10:14:44,1408.0,875914
2021-05-26 10:14:45,1407.8,875962
2021-05-26 10:14:45,1407.4,875917
2021-05-26 10:14:46,1407.95,876164
2021-05-26 10:14:47,1407.9,876167
2021-05-26 10:14:48,1407.4,876173
2021-05-26 10:14:49,1407.4,876183
2021-05-26 10:14:50,1407.4,876183
2021-05-26 10:14:51,1407.4,876186
2021-05-26 10:14:52,1407.4,876186
2021-05-26 10:14:53,1407.4,876186
2021-05-26 10:14:54,1407.4,876333
2021-05-26 10:14:56,1407.4,876335
2021-05-26 10:14:57,1407.5,876345
2021-05-26 10:14:58,1407.9,876365
2021-05-26 10:14:59,1408.0,876396
2021-05-26 10:15:00,1408.0,876396
2021-05-26 10:15:01,1407.5,876407
2021-05-26 10:15:01,1407.5,876407
2021-05-26 10:15:02,1407.5,876407
2021-05-26 10:15:03,1407.5,876407
2021-05-26 10:15:05,1407.5,876758
2021-05-26 10:15:06,1407.5,876758
2021-05-26 10:15:08,1407.9,877018
2021-05-26 10:15:09,1407.9,877018
2021-05-26 10:15:10,1407.9,877018
2021-05-26 10:15:12,1407.5,877030
2021-05-26 10:15:13,1407.55,877040
2021-05-26 10:15:14,1407.55,877040
2021-05-26 10:15:15,1407.55,877040
2021-05-26 10:15:17,1407.55,877041
2021-05-26 10:15:18,1407.55,877100
2021-05-26 10:15:19,1407.5,877103
2021-05-26 10:15:19,1407.5,877103
2021-05-26 10:15:20,1407.5,877131
2021-05-26 10:15:21,1407.5,877131
2021-05-26 10:15:22,1407.5,877311
2021-05-26 10:15:24,1407.5,877311
2021-05-26 10:15:25,1407.55,877318
2021-05-26 10:15:26,1407.55,877319
2021-05-26 10:15:28,1407.55,877319
2021-05-26 10:15:28,1407.55,877319
2021-05-26 10:15:29,1407.55,877319
2021-05-26 10:15:30,1407.9,877327
2021-05-26 10:15:31,1407.9,877332
2021-05-26 10:15:33,1407.5,877457
2021-05-26 10:15:34,1407.5,877457
2021-05-26 10:15:34,1407.5,877457
2021-05-26 10:15:35,1407.5,877599
2021-05-26 10:15:36,1407.5,877599
2021-05-26 10:15:37,1407.5,877599
2021-05-26 10:15:38,1407.5,877636
2021-05-26 10:15:39,1407.5,877652
2021-05-26 10:15:40,1407.5,877652
2021-05-26 10:15:41,1407.9,877653
2021-05-26 10:15:42,1407.9,877656
2021-05-26 10:15:44,1407.9,877666
2021-05-26 10:15:45,1407.9,877666
2021-05-26 10:15:46,1407.5,877731
2021-05-26 10:15:46,1407.5,877748
2021-05-26 10:15:47,1407.9,877774
2021-05-26 10:15:48,1407.5,877849
2021-05-26 10:15:49,1407.5,877868
2021-05-26 10:15:50,1407.45,878074
2021-05-26 10:15:51,1407.9,878176
2021-05-26 10:15:52,1407.9,878176
2021-05-26 10:15:53,1407.45,878186
2021-05-26 10:15:54,1407.3,878286
2021-05-26 10:15:56,1407.8,878289
2021-05-26 10:15:58,1407.5,878294
2021-05-26 10:15:59,1407.5,879296
2021-05-26 10:16:00,1407.5,879296
2021-05-26 10:16:01,1407.5,879296
2021-05-26 10:16:02,1407.85,879299
2021-05-26 10:16:03,1407.5,879309
2021-05-26 10:16:03,1407.1,879314
2021-05-26 10:16:07,1407.0,879389
2021-05-26 10:16:08,1407.0,879389
2021-05-26 10:16:09,1407.0,879527
2021-05-26 10:16:10,1407.3,879540
2021-05-26 10:16:10,1407.3,879545
2021-05-26 10:16:11,1407.3,879545
2021-05-26 10:16:12,1407.3,879561
2021-05-26 10:16:13,1407.3,879561
2021-05-26 10:16:14,1407.6,880660
2021-05-26 10:16:16,1406.85,880710
2021-05-26 10:16:17,1407.6,880815
2021-05-26 10:16:17,1407.6,880815
2021-05-26 10:16:19,1407.6,880815
2021-05-26 10:16:21,1407.3,881040
2021-05-26 10:16:22,1407.3,881040
2021-05-26 10:16:22,1407.3,881060
2021-05-26 10:16:24,1406.5,881835
2021-05-26 10:16:25,1406.5,881835
2021-05-26 10:16:26,1406.9,881939
2021-05-26 10:16:26,1406.9,881939
2021-05-26 10:16:27,1406.9,881939
2021-05-26 10:16:29,1407.45,882290
2021-05-26 10:16:30,1407.0,883364
2021-05-26 10:16:31,1407.4,883890
2021-05-26 10:16:32,1407.4,883890
2021-05-26 10:16:32,1407.4,883890
2021-05-26 10:16:33,1407.4,883890
2021-05-26 10:16:34,1407.0,884075
2021-05-26 10:16:35,1406.85,884275
2021-05-26 10:16:36,1407.0,884285
2021-05-26 10:16:37,1407.0,884285
2021-05-26 10:16:39,1407.0,884285
2021-05-26 10:16:40,1407.0,884285
2021-05-26 10:16:41,1407.0,884285
2021-05-26 10:16:41,1407.0,884285
2021-05-26 10:16:42,1407.0,884315
2021-05-26 10:16:44,1407.0,884315
2021-05-26 10:16:45,1407.0,884315
2021-05-26 10:16:46,1406.8,884326
2021-05-26 10:16:46,1406.8,884326
2021-05-26 10:16:47,1406.8,884326
2021-05-26 10:16:48,1407.0,884341
2021-05-26 10:16:50,1406.8,884358
2021-05-26 10:16:51,1407.3,884359
2021-05-26 10:16:52,1407.0,884374
2021-05-26 10:16:53,1407.0,884374
2021-05-26 10:16:54,1407.0,884374
2021-05-26 10:16:55,1407.0,884374
2021-05-26 10:16:56,1407.0,884428
2021-05-26 10:16:57,1407.5,884539
2021-05-26 10:16:58,1406.85,884586
2021-05-26 10:17:00,1406.85,884596
2021-05-26 10:17:01,1407.0,884947
2021-05-26 10:17:02,1407.0,884947
2021-05-26 10:17:02,1407.0,884947
2021-05-26 10:17:03,1407.0,885752
2021-05-26 10:17:04,1407.0,885802
2021-05-26 10:17:05,1406.8,885822
2021-05-26 10:17:06,1407.75,886447
2021-05-26 10:17:08,1407.0,886947
2021-05-26 10:17:09,1407.0,886947
2021-05-26 10:17:10,1407.0,886997
2021-05-26 10:17:10,1407.0,886997
2021-05-26 10:17:11,1407.0,886997
2021-05-26 10:17:12,1407.0,887002
2021-05-26 10:17:13,1407.0,887104
2021-05-26 10:17:14,1407.7,887732
2021-05-26 10:17:15,1407.0,887832
2021-05-26 10:17:16,1407.0,887832
2021-05-26 10:17:18,1407.0,887832
2021-05-26 10:17:19,1406.55,888182
2021-05-26 10:17:20,1407.7,888187
2021-05-26 10:17:21,1406.8,888363
2021-05-26 10:17:22,1406.75,888463
2021-05-26 10:17:23,1406.5,888564
2021-05-26 10:17:23,1406.5,888564
2021-05-26 10:17:24,1406.55,888864
2021-05-26 10:17:25,1406.55,888864
2021-05-26 10:17:26,1406.55,888864
2021-05-26 10:17:27,1406.75,888944
2021-05-26 10:17:28,1407.0,889057
2021-05-26 10:17:30,1406.85,889085
2021-05-26 10:17:31,1406.85,889198
2021-05-26 10:17:32,1406.65,889201
2021-05-26 10:17:33,1406.7,889234
2021-05-26 10:17:34,1406.7,889234
2021-05-26 10:17:35,1406.7,889234
2021-05-26 10:17:36,1406.7,889234
2021-05-26 10:17:37,1407.4,889244
2021-05-26 10:17:37,1407.4,889244
2021-05-26 10:17:38,1407.4,889244
2021-05-26 10:17:40,1406.85,889879
2021-05-26 10:17:42,1407.4,889927
2021-05-26 10:17:43,1407.4,889927
2021-05-26 10:17:44,1406.8,890027
2021-05-26 10:17:45,1407.0,890052
2021-05-26 10:17:46,1407.0,890052
2021-05-26 10:17:47,1407.65,890102
2021-05-26 10:17:48,1406.7,890186
2021-05-26 10:17:49,1406.7,890186
2021-05-26 10:17:49,1406.7,890302
2021-05-26 10:17:50,1406.7,890302
2021-05-26 10:17:51,1407.0,890304
2021-05-26 10:17:53,1407.0,890304
2021-05-26 10:17:54,1406.8,890329
2021-05-26 10:17:55,1407.05,890411
2021-05-26 10:17:56,1407.05,890412
2021-05-26 10:17:56,1407.05,890412
2021-05-26 10:17:57,1407.4,890533
2021-05-26 10:17:59,1407.4,890533
2021-05-26 10:18:00,1407.45,890618
2021-05-26 10:18:01,1407.0,890909
2021-05-26 10:18:01,1407.0,890859
2021-05-26 10:18:02,1407.0,890909
2021-05-26 10:18:05,1407.75,891081
2021-05-26 10:18:06,1407.0,891086
2021-05-26 10:18:07,1407.0,891086
2021-05-26 10:18:08,1407.0,891103
2021-05-26 10:18:08,1407.0,891103
2021-05-26 10:18:09,1407.0,891103
2021-05-26 10:18:10,1407.4,891113
2021-05-26 10:18:12,1407.4,891113
2021-05-26 10:18:13,1407.05,891144
2021-05-26 10:18:14,1407.0,891149
2021-05-26 10:18:15,1407.7,891239
2021-05-26 10:18:16,1407.05,891249
2021-05-26 10:18:17,1407.05,891249
2021-05-26 10:18:18,1407.05,891279
2021-05-26 10:18:19,1407.05,891279
2021-05-26 10:18:19,1407.05,891279
2021-05-26 10:18:20,1407.05,891279
2021-05-26 10:18:21,1407.05,891329
2021-05-26 10:18:22,1407.65,891429
2021-05-26 10:18:23,1407.65,891429
2021-05-26 10:18:24,1407.4,891431
2021-05-26 10:18:26,1407.4,891431
2021-05-26 10:18:27,1407.6,891436
2021-05-26 10:18:28,1407.6,891444
2021-05-26 10:18:30,1407.6,891444
2021-05-26 10:18:30,1407.05,891447
2021-05-26 10:18:31,1407.05,891447
2021-05-26 10:18:32,1407.05,891448
2021-05-26 10:18:34,1407.05,891498
2021-05-26 10:18:38,1407.05,891604
2021-05-26 10:18:39,1407.05,891686
2021-05-26 10:18:40,1407.05,891686
2021-05-26 10:18:41,1407.05,891686
2021-05-26 10:18:42,1406.75,892727
2021-05-26 10:18:43,1407.05,892827
2021-05-26 10:18:43,1407.05,892827
2021-05-26 10:18:44,1406.65,892837
2021-05-26 10:18:46,1406.65,892849
2021-05-26 10:18:47,1406.65,892867
2021-05-26 10:18:48,1406.95,893267
2021-05-26 10:18:49,1407.0,893282
2021-05-26 10:18:50,1406.65,893284
2021-05-26 10:18:51,1406.65,893309
2021-05-26 10:18:51,1406.65,893509
2021-05-26 10:18:52,1406.65,893564
2021-05-26 10:18:54,1406.65,893564
2021-05-26 10:18:55,1406.65,893564
2021-05-26 10:18:56,1406.65,893725
2021-05-26 10:18:57,1406.5,894032
2021-05-26 10:18:58,1406.25,894034
2021-05-26 10:18:59,1406.6,894035
2021-05-26 10:19:00,1406.6,894035
2021-05-26 10:19:02,1406.25,894085
2021-05-26 10:19:02,1406.75,894075
2021-05-26 10:19:03,1406.25,894085
2021-05-26 10:19:04,1406.25,894086
2021-05-26 10:19:05,1406.6,894192
2021-05-26 10:19:07,1406.0,894290
2021-05-26 10:19:08,1406.0,894292
2021-05-26 10:19:09,1406.0,894317
2021-05-26 10:19:10,1406.0,894420
2021-05-26 10:19:11,1406.55,894435
2021-05-26 10:19:12,1406.0,894443
2021-05-26 10:19:12,1406.0,894446
2021-05-26 10:19:13,1406.0,894446
2021-05-26 10:19:15,1406.0,894446
2021-05-26 10:19:16,1406.0,894493
2021-05-26 10:19:17,1406.0,894668
2021-05-26 10:19:18,1406.0,894983
2021-05-26 10:19:19,1406.0,895009
2021-05-26 10:19:20,1406.65,895055
2021-05-26 10:19:20,1406.65,895055
2021-05-26 10:19:23,1406.0,895422
2021-05-26 10:19:24,1406.0,895422
2021-05-26 10:19:25,1406.25,895426
2021-05-26 10:19:26,1406.5,895431
2021-05-26 10:19:27,1405.9,895947
2021-05-26 10:19:28,1406.5,895948
2021-05-26 10:19:29,1406.45,895998
2021-05-26 10:19:30,1405.9,896008
2021-05-26 10:19:31,1405.9,896008
2021-05-26 10:19:32,1405.9,896126
2021-05-26 10:19:33,1405.85,896276
2021-05-26 10:19:35,1405.85,896308
2021-05-26 10:19:36,1405.75,896410
2021-05-26 10:19:36,1405.75,896410
2021-05-26 10:19:38,1405.9,896415
2021-05-26 10:19:39,1405.75,896418
2021-05-26 10:19:40,1405.75,896418
2021-05-26 10:19:40,1405.75,896418
2021-05-26 10:19:42,1405.75,896418
2021-05-26 10:19:43,1405.75,896468
2021-05-26 10:19:44,1405.75,896468
2021-05-26 10:19:45,1405.5,896579
2021-05-26 10:19:46,1405.5,896580
2021-05-26 10:19:47,1405.5,896759
2021-05-26 10:19:47,1405.5,896759
2021-05-26 10:19:49,1405.8,896764
2021-05-26 10:19:50,1405.8,896779
2021-05-26 10:19:51,1405.8,896779
2021-05-26 10:19:52,1405.35,896832
2021-05-26 10:19:53,1405.75,897033
2021-05-26 10:19:54,1405.75,897033
2021-05-26 10:19:54,1405.75,897033
2021-05-26 10:19:55,1405.75,897033
2021-05-26 10:19:57,1405.25,897174
2021-05-26 10:19:58,1406.05,897686
2021-05-26 10:19:59,1406.45,898466
2021-05-26 10:20:00,1406.5,898468
2021-05-26 10:20:00,1406.5,898468
2021-05-26 10:20:02,1405.6,898488
2021-05-26 10:20:03,1405.4,898530
2021-05-26 10:20:04,1405.4,898530
2021-05-26 10:20:05,1405.25,898690
2021-05-26 10:20:06,1405.25,898690
2021-05-26 10:20:07,1405.25,898690
2021-05-26 10:20:08,1405.25,898690
2021-05-26 10:20:09,1405.25,898690
2021-05-26 10:20:10,1405.25,898690
2021-05-26 10:20:11,1405.9,898909
2021-05-26 10:20:11,1405.25,898959
2021-05-26 10:20:12,1405.25,898962
2021-05-26 10:20:13,1405.25,898962
2021-05-26 10:20:15,1405.9,898988
2021-05-26 10:20:16,1405.25,899040
2021-05-26 10:20:17,1405.25,899040
2021-05-26 10:20:18,1405.25,899631
2021-05-26 10:20:19,1405.25,899636
2021-05-26 10:20:20,1405.25,899773
2021-05-26 10:20:20,1405.25,899773
2021-05-26 10:20:22,1405.25,899848
2021-05-26 10:20:23,1405.9,899855
2021-05-26 10:20:24,1405.9,899855
2021-05-26 10:20:25,1405.9,899855
2021-05-26 10:20:25,1405.9,899855
2021-05-26 10:20:27,1405.9,899855
2021-05-26 10:20:28,1405.25,899896
2021-05-26 10:20:29,1405.25,899896
2021-05-26 10:20:30,1405.25,899896
2021-05-26 10:20:30,1405.25,899896
2021-05-26 10:20:31,1405.25,899986
2021-05-26 10:20:34,1405.25,900116
2021-05-26 10:20:35,1405.25,900116
2021-05-26 10:20:36,1405.3,900144
2021-05-26 10:20:37,1405.3,900144
2021-05-26 10:20:38,1405.3,900156
2021-05-26 10:20:39,1405.3,900156
2021-05-26 10:20:40,1405.25,900227
2021-05-26 10:20:40,1405.25,900227
2021-05-26 10:20:42,1405.25,900552
2021-05-26 10:20:43,1405.25,900617
2021-05-26 10:20:44,1405.6,900649
2021-05-26 10:20:44,1405.6,900649
2021-05-26 10:20:45,1405.25,900653
2021-05-26 10:20:47,1405.3,900703
2021-05-26 10:20:48,1405.3,900704
2021-05-26 10:20:49,1405.3,900715
2021-05-26 10:20:50,1405.25,900944
2021-05-26 10:20:51,1405.25,900947
2021-05-26 10:20:52,1405.25,904062
2021-05-26 10:20:53,1405.3,904136
2021-05-26 10:20:53,1405.3,904136
2021-05-26 10:20:55,1405.3,904156
2021-05-26 10:20:56,1405.3,904158
2021-05-26 10:20:57,1405.3,904158
2021-05-26 10:20:58,1405.3,904158
2021-05-26 10:20:59,1405.3,904180
2021-05-26 10:20:59,1405.3,904180
2021-05-26 10:21:01,1405.5,904441
2021-05-26 10:21:02,1405.25,904488
2021-05-26 10:21:03,1405.25,904488
2021-05-26 10:21:04,1405.25,904488
2021-05-26 10:21:05,1405.25,904496
2021-05-26 10:21:06,1405.25,904523
2021-05-26 10:21:07,1405.25,904595
2021-05-26 10:21:08,1405.25,904695
2021-05-26 10:21:09,1405.25,904706
2021-05-26 10:21:10,1405.25,904706
2021-05-26 10:21:11,1405.25,904706
2021-05-26 10:21:12,1405.25,904806
2021-05-26 10:21:13,1405.15,904907
2021-05-26 10:21:14,1405.15,904955
2021-05-26 10:21:15,1405.5,904957
2021-05-26 10:21:16,1405.25,904991
2021-05-26 10:21:17,1405.25,905092
2021-05-26 10:21:18,1405.25,905102
2021-05-26 10:21:19,1405.1,905188
2021-05-26 10:21:20,1405.1,905243
2021-05-26 10:21:21,1405.1,905258
2021-05-26 10:21:22,1405.1,905258
2021-05-26 10:21:23,1405.1,905258
2021-05-26 10:21:24,1405.4,905323
2021-05-26 10:21:25,1405.1,905361
2021-05-26 10:21:26,1405.1,905374
2021-05-26 10:21:27,1405.1,905389
2021-05-26 10:21:28,1405.1,905516
2021-05-26 10:21:29,1405.1,905546
2021-05-26 10:21:30,1405.05,905576
2021-05-26 10:21:31,1405.1,905598
2021-05-26 10:21:32,1405.05,905658
2021-05-26 10:21:33,1405.05,905658
2021-05-26 10:21:34,1405.2,905842
2021-05-26 10:21:35,1405.05,906012
2021-05-26 10:21:36,1405.0,906492
2021-05-26 10:21:37,1405.0,906672
2021-05-26 10:21:38,1405.0,906673
2021-05-26 10:21:39,1405.0,906684
2021-05-26 10:21:40,1405.4,906835
2021-05-26 10:21:41,1405.4,906943
2021-05-26 10:21:42,1405.0,907043
2021-05-26 10:21:43,1405.0,907073
2021-05-26 10:21:44,1405.0,907093
2021-05-26 10:21:45,1405.0,907093
2021-05-26 10:21:46,1405.4,907095
2021-05-26 10:21:48,1405.4,907095
2021-05-26 10:21:47,1405.4,907095
2021-05-26 10:21:49,1405.4,907095
2021-05-26 10:21:50,1405.4,907095
2021-05-26 10:21:51,1405.3,907137
2021-05-26 10:21:52,1405.4,907192
2021-05-26 10:21:54,1405.4,907695
2021-05-26 10:21:55,1405.1,907707
2021-05-26 10:21:56,1405.05,907737
2021-05-26 10:21:57,1405.4,907740
2021-05-26 10:21:58,1405.05,907755
2021-05-26 10:21:59,1405.0,909681
2021-05-26 10:22:00,1405.0,909681
2021-05-26 10:22:01,1405.0,909681
2021-05-26 10:22:02,1405.0,909681
2021-05-26 10:22:03,1405.0,909681
2021-05-26 10:22:04,1405.1,910031
2021-05-26 10:22:05,1405.1,910031
2021-05-26 10:22:06,1405.1,910106
2021-05-26 10:22:07,1404.1,912116
2021-05-26 10:22:08,1404.75,912316
2021-05-26 10:22:09,1404.75,912322
2021-05-26 10:22:10,1404.75,912324
2021-05-26 10:22:11,1404.15,912361
2021-05-26 10:22:12,1404.15,912361
2021-05-26 10:22:13,1404.75,912371
2021-05-26 10:22:14,1404.15,912410
2021-05-26 10:22:15,1404.75,912479
2021-05-26 10:22:16,1404.15,912642
2021-05-26 10:22:17,1404.15,912642
2021-05-26 10:22:18,1404.15,912699
2021-05-26 10:22:19,1404.2,912719
2021-05-26 10:22:20,1404.15,912725
2021-05-26 10:22:21,1404.75,912735
2021-05-26 10:22:22,1404.15,912790
2021-05-26 10:22:24,1404.15,912855
2021-05-26 10:22:25,1404.15,912855
2021-05-26 10:22:26,1404.2,912895
2021-05-26 10:22:27,1404.15,913136
2021-05-26 10:22:28,1404.1,913146
2021-05-26 10:22:29,1404.1,913146
2021-05-26 10:22:30,1404.1,913146
2021-05-26 10:22:31,1404.65,913158
2021-05-26 10:22:32,1404.1,913184
2021-05-26 10:22:33,1404.1,913184
2021-05-26 10:22:34,1404.1,913198
2021-05-26 10:22:35,1404.1,913298
2021-05-26 10:22:36,1404.1,913657
2021-05-26 10:22:37,1404.1,913657
2021-05-26 10:22:38,1404.15,913778
2021-05-26 10:22:39,1404.2,913798
2021-05-26 10:22:40,1404.1,914011
2021-05-26 10:22:41,1404.2,914145
2021-05-26 10:22:42,1404.2,914145
2021-05-26 10:22:43,1404.2,914241
2021-05-26 10:22:44,1404.2,914241
2021-05-26 10:22:45,1404.2,914452
2021-05-26 10:22:46,1404.2,914452
2021-05-26 10:22:47,1404.2,914452
2021-05-26 10:22:48,1404.2,914457
2021-05-26 10:22:49,1404.2,914457
2021-05-26 10:22:50,1404.1,914987
2021-05-26 10:22:51,1404.2,914999
2021-05-26 10:22:52,1404.9,916164
2021-05-26 10:22:53,1404.25,916184
2021-05-26 10:22:55,1404.25,916244
2021-05-26 10:22:56,1404.25,916244
2021-05-26 10:22:57,1404.25,916283
2021-05-26 10:22:58,1404.25,916449
2021-05-26 10:22:59,1404.9,916670
2021-05-26 10:23:00,1404.25,916678
2021-05-26 10:23:01,1404.25,916678
2021-05-26 10:23:02,1404.85,916905
2021-05-26 10:23:03,1404.1,917205
2021-05-26 10:23:04,1404.25,917293
2021-05-26 10:23:05,1404.25,917293
2021-05-26 10:23:06,1404.85,917443
2021-05-26 10:23:08,1404.3,917512
2021-05-26 10:23:09,1404.3,917521
2021-05-26 10:23:10,1404.3,917724
2021-05-26 10:23:11,1404.3,917724
2021-05-26 10:23:13,1405.0,917825
2021-05-26 10:23:15,1404.3,917878
2021-05-26 10:23:16,1404.3,917878
2021-05-26 10:23:16,1404.3,917878
2021-05-26 10:23:17,1404.2,917988
2021-05-26 10:23:18,1404.2,918048
2021-05-26 10:23:19,1404.2,918048
2021-05-26 10:23:20,1404.15,918245
2021-05-26 10:23:21,1404.15,918247
2021-05-26 10:23:22,1404.15,918247
2021-05-26 10:23:23,1404.3,918250
2021-05-26 10:23:24,1404.1,918395
2021-05-26 10:23:26,1404.3,918400
2021-05-26 10:23:27,1404.2,918498
2021-05-26 10:23:28,1404.15,918503
2021-05-26 10:23:29,1404.15,918507
2021-05-26 10:23:30,1404.6,918726
2021-05-26 10:23:32,1404.9,918928
2021-05-26 10:23:32,1404.9,918928
2021-05-26 10:23:33,1404.9,918928
2021-05-26 10:23:34,1404.9,918929
2021-05-26 10:23:35,1404.4,918932
2021-05-26 10:23:36,1404.95,918957
2021-05-26 10:23:37,1405.0,919023
2021-05-26 10:23:38,1404.3,919034
2021-05-26 10:23:39,1405.0,919084
2021-05-26 10:23:42,1404.3,919124
2021-05-26 10:23:43,1404.95,919188
2021-05-26 10:23:44,1404.95,919193
2021-05-26 10:23:46,1404.2,919195
2021-05-26 10:23:46,1404.2,919195
2021-05-26 10:23:47,1404.9,919200
2021-05-26 10:23:48,1404.9,919200
2021-05-26 10:23:49,1404.9,919200
2021-05-26 10:23:50,1404.9,919200
2021-05-26 10:23:51,1405.0,919425
2021-05-26 10:23:52,1405.0,919425
2021-05-26 10:23:53,1404.25,919436
2021-05-26 10:23:54,1404.25,919436
2021-05-26 10:23:56,1404.25,919636
2021-05-26 10:23:56,1404.25,919636
2021-05-26 10:23:57,1404.25,919636
2021-05-26 10:23:58,1404.25,919636
2021-05-26 10:23:59,1404.2,919646
2021-05-26 10:24:00,1404.9,919656
2021-05-26 10:24:01,1404.9,919731
2021-05-26 10:24:02,1404.9,919756
2021-05-26 10:24:03,1404.9,919801
2021-05-26 10:24:04,1404.15,919839
2021-05-26 10:24:05,1404.15,919839
2021-05-26 10:24:06,1404.15,919839
2021-05-26 10:24:07,1404.15,919839
2021-05-26 10:24:09,1404.8,919849
2021-05-26 10:24:10,1404.2,920189
2021-05-26 10:24:11,1404.2,920189
2021-05-26 10:24:12,1404.2,920204
2021-05-26 10:24:13,1404.1,921324
2021-05-26 10:24:14,1404.5,921344
2021-05-26 10:24:16,1404.5,921394
2021-05-26 10:24:16,1404.5,921394
2021-05-26 10:24:17,1404.5,921394
2021-05-26 10:24:18,1404.5,921394
