timestamp,ltp,volume
2021-05-26 09:31:57,818.35,376375
2021-05-26 09:31:58,818.35,376525
2021-05-26 09:31:59,818.35,376550
2021-05-26 09:32:00,818.85,376800
2021-05-26 09:32:02,818.4,377302
2021-05-26 09:32:04,818.4,377403
2021-05-26 09:32:05,818.3,378103
2021-05-26 09:32:06,818.3,378136
2021-05-26 09:32:07,818.6,378186
2021-05-26 09:32:08,818.6,378186
2021-05-26 09:32:09,818.0,378887
2021-05-26 09:32:10,818.0,378957
2021-05-26 09:32:10,818.0,378957
2021-05-26 09:32:12,818.3,378988
2021-05-26 09:32:12,818.3,378988
2021-05-26 09:32:14,818.3,379038
2021-05-26 09:32:14,818.3,379038
2021-05-26 09:32:15,817.95,379043
2021-05-26 09:32:16,818.3,379044
2021-05-26 09:32:18,818.3,379044
2021-05-26 09:32:19,818.0,379069
2021-05-26 09:32:19,818.0,379069
2021-05-26 09:32:20,818.3,379079
2021-05-26 09:32:21,818.3,379079
2021-05-26 09:32:22,818.0,379179
2021-05-26 09:32:24,818.3,379239
2021-05-26 09:32:25,818.3,379409
2021-05-26 09:32:26,818.25,379429
2021-05-26 09:32:27,818.25,379429
2021-05-26 09:32:28,818.25,379429
2021-05-26 09:32:29,818.25,379429
2021-05-26 09:32:30,818.25,379429
2021-05-26 09:32:31,818.25,379429
2021-05-26 09:32:32,818.25,379429
2021-05-26 09:32:33,818.0,379430
2021-05-26 09:32:33,818.0,379430
2021-05-26 09:32:36,818.0,379514
2021-05-26 09:32:37,818.0,379775
2021-05-26 09:32:38,818.15,379786
2021-05-26 09:32:39,818.15,379786
2021-05-26 09:32:40,818.15,379786
2021-05-26 09:32:41,818.15,379786
2021-05-26 09:32:42,818.15,379816
2021-05-26 09:32:42,818.15,379816
2021-05-26 09:32:43,818.15,379816
2021-05-26 09:32:44,818.15,379816
2021-05-26 09:32:45,818.15,379859
2021-05-26 09:32:46,818.15,379910
2021-05-26 09:32:47,818.05,380010
2021-05-26 09:32:49,818.05,380966
2021-05-26 09:32:50,818.05,380971
2021-05-26 09:32:51,818.05,380971
2021-05-26 09:32:51,818.05,380971
2021-05-26 09:32:53,818.05,380971
2021-05-26 09:32:53,818.05,380971
2021-05-26 09:32:54,818.05,380971
2021-05-26 09:32:55,818.1,381064
2021-05-26 09:32:56,818.1,381164
2021-05-26 09:32:58,818.1,381164
2021-05-26 09:32:59,818.0,381864
2021-05-26 09:33:00,818.15,381869
2021-05-26 09:33:01,818.15,381869
2021-05-26 09:33:02,818.25,386194
2021-05-26 09:33:03,818.25,386894
2021-05-26 09:33:04,818.9,387448
2021-05-26 09:33:05,818.9,387448
2021-05-26 09:33:06,818.9,387448
2021-05-26 09:33:07,818.9,387448
2021-05-26 09:33:08,818.65,387449
2021-05-26 09:33:09,818.65,387459
2021-05-26 09:33:10,818.65,387459
2021-05-26 09:33:11,818.65,387535
2021-05-26 09:33:12,818.65,387545
2021-05-26 09:33:13,818.85,388030
2021-05-26 09:33:13,818.85,388030
2021-05-26 09:33:14,818.5,388031
2021-05-26 09:33:15,818.45,388426
2021-05-26 09:33:16,818.5,388576
2021-05-26 09:33:19,819.0,389875
2021-05-26 09:33:19,818.6,389825
2021-05-26 09:33:20,818.6,389923
2021-05-26 09:33:22,818.6,389923
2021-05-26 09:33:22,818.6,389923
2021-05-26 09:33:23,818.6,389923
2021-05-26 09:33:24,818.9,389924
2021-05-26 09:33:26,819.0,389929
2021-05-26 09:33:27,818.95,390017
2021-05-26 09:33:28,818.95,390017
2021-05-26 09:33:29,819.0,390029
2021-05-26 09:33:30,819.0,390159
2021-05-26 09:33:31,819.0,390159
2021-05-26 09:33:32,819.0,390159
2021-05-26 09:33:33,819.0,390159
2021-05-26 09:33:34,819.0,390159
2021-05-26 09:33:35,819.0,390259
2021-05-26 09:33:35,819.0,390259
2021-05-26 09:33:37,818.95,390276
2021-05-26 09:33:38,819.0,391464
2021-05-26 09:33:39,819.0,391466
2021-05-26 09:33:39,819.0,391466
2021-05-26 09:33:40,819.0,391466
2021-05-26 09:33:41,819.0,391466
2021-05-26 09:33:43,818.95,391472
2021-05-26 09:33:44,818.95,391472
2021-05-26 09:33:46,818.95,391541
2021-05-26 09:33:47,818.95,391543
2021-05-26 09:33:48,819.0,391608
2021-05-26 09:33:48,819.0,391608
2021-05-26 09:33:49,819.0,391618
2021-05-26 09:33:50,819.0,391618
2021-05-26 09:33:51,819.0,391618
2021-05-26 09:33:53,819.0,391634
2021-05-26 09:33:54,819.0,391784
2021-05-26 09:33:54,819.0,391791
2021-05-26 09:33:56,818.95,391831
2021-05-26 09:33:56,818.95,391881
2021-05-26 09:33:58,818.95,392214
2021-05-26 09:33:58,819.0,392414
2021-05-26 09:33:59,818.7,393664
2021-05-26 09:34:00,819.0,393665
2021-05-26 09:34:01,819.0,393665
2021-05-26 09:34:02,819.0,393665
2021-05-26 09:34:03,819.0,393665
2021-05-26 09:34:04,819.05,393805
2021-05-26 09:34:06,819.05,393805
2021-05-26 09:34:06,818.95,393840
2021-05-26 09:34:08,819.1,393860
2021-05-26 09:34:09,819.1,393860
2021-05-26 09:34:10,819.1,393860
2021-05-26 09:34:11,819.1,393860
2021-05-26 09:34:13,819.1,393863
2021-05-26 09:34:14,819.1,393863
2021-05-26 09:34:15,819.0,393944
2021-05-26 09:34:16,819.0,393944
2021-05-26 09:34:17,819.0,394244
2021-05-26 09:34:18,819.0,394279
2021-05-26 09:34:19,819.0,394347
2021-05-26 09:34:19,819.0,394347
2021-05-26 09:34:20,819.05,394407
2021-05-26 09:34:21,819.0,394442
2021-05-26 09:34:22,819.05,394457
2021-05-26 09:34:24,819.05,394457
2021-05-26 09:34:25,819.0,394517
2021-05-26 09:34:26,819.05,394527
2021-05-26 09:34:27,819.05,394527
2021-05-26 09:34:28,819.0,394552
2021-05-26 09:34:28,819.0,394552
2021-05-26 09:34:29,819.0,394552
2021-05-26 09:34:31,819.0,394672
2021-05-26 09:34:32,819.0,395613
2021-05-26 09:34:33,818.95,395952
2021-05-26 09:34:35,818.95,395952
2021-05-26 09:34:36,818.7,399321
2021-05-26 09:34:37,818.9,399398
2021-05-26 09:34:38,818.9,399448
2021-05-26 09:34:39,818.6,399449
2021-05-26 09:34:40,818.6,399449
2021-05-26 09:34:41,818.9,399457
2021-05-26 09:34:41,818.9,399457
2021-05-26 09:34:43,818.6,399502
2021-05-26 09:34:44,818.6,399503
2021-05-26 09:34:45,819.0,400028
2021-05-26 09:34:47,819.0,400029
2021-05-26 09:34:48,819.05,400054
2021-05-26 09:34:49,819.05,400054
2021-05-26 09:34:50,819.05,400054
2021-05-26 09:34:51,818.8,400059
2021-05-26 09:34:52,819.05,400064
2021-05-26 09:34:53,819.05,400064
2021-05-26 09:34:54,818.8,400126
2021-05-26 09:34:55,818.8,400146
2021-05-26 09:34:56,819.05,400156
2021-05-26 09:34:56,819.05,400156
2021-05-26 09:34:57,819.05,400156
2021-05-26 09:34:58,819.05,400156
2021-05-26 09:34:59,818.85,400189
2021-05-26 09:35:00,818.85,400234
2021-05-26 09:35:01,818.85,400234
2021-05-26 09:35:02,818.85,400234
2021-05-26 09:35:03,818.85,400239
2021-05-26 09:35:04,818.85,400239
2021-05-26 09:35:05,819.05,400240
2021-05-26 09:35:06,819.05,400244
2021-05-26 09:35:07,819.2,400995
2021-05-26 09:35:09,819.2,400995
2021-05-26 09:35:10,819.45,401125
2021-05-26 09:35:11,819.45,401125
2021-05-26 09:35:12,819.45,401125
2021-05-26 09:35:13,819.45,401136
2021-05-26 09:35:14,819.45,401151
2021-05-26 09:35:15,819.1,401184
2021-05-26 09:35:16,819.1,401184
2021-05-26 09:35:17,819.1,401254
2021-05-26 09:35:18,819.5,401879
2021-05-26 09:35:19,819.5,401879
2021-05-26 09:35:22,819.5,401884
2021-05-26 09:35:22,819.1,401924
2021-05-26 09:35:23,819.5,401934
2021-05-26 09:35:24,819.5,401934
2021-05-26 09:35:26,819.45,402134
2021-05-26 09:35:27,819.25,402344
2021-05-26 09:35:28,819.25,402345
2021-05-26 09:35:30,819.45,402382
2021-05-26 09:35:31,819.45,402393
2021-05-26 09:35:32,819.45,402393
2021-05-26 09:35:33,819.45,402478
2021-05-26 09:35:34,819.45,402499
2021-05-26 09:35:34,819.45,402499
2021-05-26 09:35:37,818.7,411302
2021-05-26 09:35:38,818.75,411308
2021-05-26 09:35:38,818.75,411308
2021-05-26 09:35:40,818.8,411734
2021-05-26 09:35:41,818.9,411736
2021-05-26 09:35:42,818.55,411737
2021-05-26 09:35:43,818.55,411737
2021-05-26 09:35:44,818.55,411737
2021-05-26 09:35:45,818.55,411737
2021-05-26 09:35:46,818.55,411737
2021-05-26 09:35:47,818.55,411737
2021-05-26 09:35:48,818.55,411737
2021-05-26 09:35:49,818.55,411744
2021-05-26 09:35:50,818.85,411754
2021-05-26 09:35:51,818.9,411759
2021-05-26 09:35:51,818.9,411759
2021-05-26 09:35:52,818.85,411760
2021-05-26 09:35:54,818.85,412025
2021-05-26 09:35:54,818.85,412025
2021-05-26 09:35:55,818.85,412025
2021-05-26 09:35:58,818.85,412173
2021-05-26 09:35:59,818.8,412376
2021-05-26 09:36:00,818.8,412466
2021-05-26 09:36:01,818.55,413466
2021-05-26 09:36:02,818.55,413466
2021-05-26 09:36:03,818.55,413466
2021-05-26 09:36:04,818.8,413566
2021-05-26 09:36:05,818.8,413576
2021-05-26 09:36:06,818.8,413576
2021-05-26 09:36:07,818.8,413576
2021-05-26 09:36:08,818.95,413578
2021-05-26 09:36:09,818.95,413578
2021-05-26 09:36:10,818.85,413579
2021-05-26 09:36:11,818.85,413579
2021-05-26 09:36:13,818.85,413579
2021-05-26 09:36:14,819.05,413834
2021-05-26 09:36:15,818.85,413835
2021-05-26 09:36:16,818.85,413835
2021-05-26 09:36:17,819.05,413843
2021-05-26 09:36:18,819.05,413843
2021-05-26 09:36:19,819.0,413869
2021-05-26 09:36:20,819.05,413990
2021-05-26 09:36:21,819.05,413990
2021-05-26 09:36:22,819.0,414085
2021-05-26 09:36:23,819.0,414085
2021-05-26 09:36:24,819.2,414586
2021-05-26 09:36:25,819.2,414586
2021-05-26 09:36:26,819.2,414586
2021-05-26 09:36:27,819.2,414586
2021-05-26 09:36:28,819.0,414587
2021-05-26 09:36:29,819.2,414588
2021-05-26 09:36:30,819.2,414594
2021-05-26 09:36:31,819.35,414741
2021-05-26 09:36:32,819.0,414904
2021-05-26 09:36:33,819.35,414944
2021-05-26 09:36:34,819.35,414944
2021-05-26 09:36:35,819.1,414979
2021-05-26 09:36:36,819.2,415055
2021-05-26 09:36:37,819.1,415080
2021-05-26 09:36:38,819.1,415841
2021-05-26 09:36:39,819.3,415951
2021-05-26 09:36:40,819.3,415951
2021-05-26 09:36:41,819.3,415951
2021-05-26 09:36:42,819.2,416177
2021-05-26 09:36:43,819.2,419205
2021-05-26 09:36:44,819.2,419265
2021-05-26 09:36:45,819.2,419398
2021-05-26 09:36:46,819.2,419398
2021-05-26 09:36:47,819.05,419648
2021-05-26 09:36:48,819.05,419648
2021-05-26 09:36:49,819.05,419648
2021-05-26 09:36:50,819.05,419648
2021-05-26 09:36:51,819.2,419653
2021-05-26 09:36:52,819.05,419863
2021-05-26 09:36:53,819.05,419863
2021-05-26 09:36:54,819.2,419865
2021-05-26 09:36:55,819.2,419870
2021-05-26 09:36:56,818.9,422713
2021-05-26 09:36:57,818.9,422888
2021-05-26 09:36:58,818.9,422888
2021-05-26 09:36:59,818.9,422888
2021-05-26 09:37:00,818.9,423331
2021-05-26 09:37:01,818.9,423361
2021-05-26 09:37:02,818.9,423361
2021-05-26 09:37:03,818.9,423461
2021-05-26 09:37:04,818.9,423461
2021-05-26 09:37:05,818.9,423461
2021-05-26 09:37:06,818.9,423501
2021-05-26 09:37:07,818.5,423511
2021-05-26 09:37:08,818.5,423511
2021-05-26 09:37:09,818.45,424031
2021-05-26 09:37:10,818.75,424109
2021-05-26 09:37:11,818.95,424469
2021-05-26 09:37:12,818.95,424469
2021-05-26 09:37:14,818.75,424506
2021-05-26 09:37:13,818.75,424474
2021-05-26 09:37:15,818.55,424526
2021-05-26 09:37:16,818.55,424526
2021-05-26 09:37:17,818.5,424626
2021-05-26 09:37:18,818.5,424626
2021-05-26 09:37:19,818.5,424626
2021-05-26 09:37:20,818.5,424660
2021-05-26 09:37:21,818.65,426097
2021-05-26 09:37:22,818.65,426097
2021-05-26 09:37:23,818.65,426197
2021-05-26 09:37:24,818.65,426197
2021-05-26 09:37:26,818.65,426197
2021-05-26 09:37:25,818.65,426197
2021-05-26 09:37:27,818.7,427591
2021-05-26 09:37:28,818.05,428393
2021-05-26 09:37:29,818.5,428425
2021-05-26 09:37:30,818.5,428425
2021-05-26 09:37:31,818.75,428457
2021-05-26 09:37:32,818.5,428712
2021-05-26 09:37:33,818.5,428713
2021-05-26 09:37:34,818.5,429282
2021-05-26 09:37:35,818.5,429282
2021-05-26 09:37:36,818.55,429292
2021-05-26 09:37:37,818.5,429307
2021-05-26 09:37:38,818.5,429307
2021-05-26 09:37:39,818.55,429312
2021-05-26 09:37:40,818.55,430027
2021-05-26 09:37:41,818.55,430027
2021-05-26 09:37:42,818.55,430027
2021-05-26 09:37:43,818.2,430737
2021-05-26 09:37:44,818.2,430737
2021-05-26 09:37:45,818.2,430738
2021-05-26 09:37:46,818.55,430766
2021-05-26 09:37:47,818.55,430766
2021-05-26 09:37:48,818.75,430866
2021-05-26 09:37:49,818.75,430866
2021-05-26 09:37:50,818.75,430866
2021-05-26 09:37:51,818.75,430866
2021-05-26 09:37:52,818.75,430886
2021-05-26 09:37:53,818.75,430886
2021-05-26 09:37:54,818.35,431586
2021-05-26 09:37:55,818.15,431686
2021-05-26 09:37:56,818.15,431686
2021-05-26 09:37:57,818.6,431865
2021-05-26 09:37:58,818.6,431865
2021-05-26 09:38:00,818.6,431865
2021-05-26 09:38:02,818.6,431876
2021-05-26 09:38:03,818.6,431876
2021-05-26 09:38:04,818.6,432126
2021-05-26 09:38:05,818.6,432126
2021-05-26 09:38:06,818.6,432127
2021-05-26 09:38:07,818.6,432127
2021-05-26 09:38:08,818.7,432132
2021-05-26 09:38:09,818.6,432153
2021-05-26 09:38:10,818.6,432181
2021-05-26 09:38:11,818.6,432181
2021-05-26 09:38:13,818.6,432181
2021-05-26 09:38:14,818.6,432432
2021-05-26 09:38:14,818.6,432432
2021-05-26 09:38:15,818.6,432463
2021-05-26 09:38:16,818.6,432463
2021-05-26 09:38:17,818.6,432611
2021-05-26 09:38:18,818.6,432611
2021-05-26 09:38:19,818.7,432612
2021-05-26 09:38:20,818.7,432612
2021-05-26 09:38:22,818.6,432747
2021-05-26 09:38:22,818.6,432947
2021-05-26 09:38:23,818.65,433118
2021-05-26 09:38:24,818.65,433118
2021-05-26 09:38:25,818.65,433118
2021-05-26 09:38:26,818.65,433318
2021-05-26 09:38:27,818.65,433369
2021-05-26 09:38:28,818.65,433369
2021-05-26 09:38:29,818.65,433369
2021-05-26 09:38:31,818.6,433394
2021-05-26 09:38:33,818.45,434317
2021-05-26 09:38:34,818.45,434317
2021-05-26 09:38:35,818.1,435017
2021-05-26 09:38:36,818.1,435017
2021-05-26 09:38:37,818.1,435017
2021-05-26 09:38:40,818.1,435017
2021-05-26 09:38:41,818.0,435078
2021-05-26 09:38:41,818.1,435017
2021-05-26 09:38:42,818.0,435078
2021-05-26 09:38:43,818.0,435578
2021-05-26 09:38:44,818.0,435578
2021-05-26 09:38:45,818.35,435628
2021-05-26 09:38:46,818.0,435663
2021-05-26 09:38:47,818.0,435669
2021-05-26 09:38:48,818.0,435808
2021-05-26 09:38:49,818.35,435835
2021-05-26 09:38:51,818.35,435836
2021-05-26 09:38:52,816.5,441979
2021-05-26 09:38:52,816.95,442414
2021-05-26 09:38:53,816.5,442426
2021-05-26 09:38:54,816.5,442426
2021-05-26 09:38:55,816.5,442426
2021-05-26 09:38:56,816.5,442426
2021-05-26 09:38:57,816.5,442426
2021-05-26 09:38:58,816.5,443110
2021-05-26 09:38:59,816.5,443223
2021-05-26 09:39:00,816.4,443924
2021-05-26 09:39:01,816.4,443924
2021-05-26 09:39:02,816.0,444987
2021-05-26 09:39:03,816.0,444988
2021-05-26 09:39:04,816.4,445348
2021-05-26 09:39:05,816.1,445358
2021-05-26 09:39:07,816.4,445504
2021-05-26 09:39:08,816.5,446004
2021-05-26 09:39:09,816.6,447720
2021-05-26 09:39:11,817.2,451193
2021-05-26 09:39:11,817.2,451193
2021-05-26 09:39:12,816.75,451333
2021-05-26 09:39:13,816.75,451333
2021-05-26 09:39:14,816.75,451363
2021-05-26 09:39:15,816.6,452088
2021-05-26 09:39:16,816.75,452103
2021-05-26 09:39:17,816.75,452103
2021-05-26 09:39:19,817.05,452112
2021-05-26 09:39:21,816.8,452122
2021-05-26 09:39:21,816.8,452122
2021-05-26 09:39:22,817.2,452224
2021-05-26 09:39:23,817.05,452249
2021-05-26 09:39:24,816.75,452957
2021-05-26 09:39:25,816.75,452957
2021-05-26 09:39:28,817.0,453041
2021-05-26 09:39:29,817.0,453041
2021-05-26 09:39:31,816.75,453055
2021-05-26 09:39:31,816.75,453055
2021-05-26 09:39:32,816.75,453055
2021-05-26 09:39:33,817.2,453085
2021-05-26 09:39:34,816.95,453110
2021-05-26 09:39:35,816.85,453563
2021-05-26 09:39:36,816.8,453663
2021-05-26 09:39:38,816.8,453663
2021-05-26 09:39:38,816.8,453663
2021-05-26 09:39:39,816.8,453663
2021-05-26 09:39:40,816.8,453792
2021-05-26 09:39:41,816.8,453929
2021-05-26 09:39:42,816.8,453944
2021-05-26 09:39:43,816.8,453944
2021-05-26 09:39:44,817.0,453986
2021-05-26 09:39:45,817.1,454061
2021-05-26 09:39:46,817.15,454062
2021-05-26 09:39:47,816.85,454142
2021-05-26 09:39:49,817.0,454143
2021-05-26 09:39:49,817.0,454143
2021-05-26 09:39:50,817.0,454143
2021-05-26 09:39:51,817.0,454294
2021-05-26 09:39:52,817.0,454354
2021-05-26 09:39:53,816.9,454754
2021-05-26 09:39:54,816.9,454754
2021-05-26 09:39:55,816.9,454754
2021-05-26 09:39:56,817.15,454766
2021-05-26 09:39:57,817.15,454766
2021-05-26 09:40:00,817.15,454773
2021-05-26 09:40:01,816.9,454874
2021-05-26 09:40:02,817.15,454883
2021-05-26 09:40:03,817.15,454883
2021-05-26 09:40:04,817.15,454883
2021-05-26 09:40:05,817.2,454899
2021-05-26 09:40:06,817.2,454899
2021-05-26 09:40:07,817.2,454899
2021-05-26 09:40:09,817.2,454923
2021-05-26 09:40:09,817.2,454920
2021-05-26 09:40:10,816.95,454976
2021-05-26 09:40:11,816.95,454976
2021-05-26 09:40:12,816.95,455126
2021-05-26 09:40:13,816.95,455226
2021-05-26 09:40:14,817.0,455237
2021-05-26 09:40:15,816.95,455241
2021-05-26 09:40:17,817.0,456431
2021-05-26 09:40:17,817.0,457131
2021-05-26 09:40:18,817.0,457309
2021-05-26 09:40:19,816.95,458911
2021-05-26 09:40:20,816.95,458911
2021-05-26 09:40:21,816.95,459267
2021-05-26 09:40:23,816.8,459282
2021-05-26 09:40:24,816.75,459529
2021-05-26 09:40:25,816.55,459600
2021-05-26 09:40:26,816.55,459600
2021-05-26 09:40:27,816.55,459600
2021-05-26 09:40:29,816.5,459660
2021-05-26 09:40:30,816.5,459660
2021-05-26 09:40:31,816.5,459660
2021-05-26 09:40:33,816.35,459796
2021-05-26 09:40:33,816.35,459796
2021-05-26 09:40:34,816.35,459828
2021-05-26 09:40:35,816.35,459828
2021-05-26 09:40:36,816.35,459828
2021-05-26 09:40:37,816.45,460210
2021-05-26 09:40:39,816.85,460235
2021-05-26 09:40:40,816.9,460237
2021-05-26 09:40:41,816.9,460237
2021-05-26 09:40:41,816.9,460237
2021-05-26 09:40:42,816.9,460237
2021-05-26 09:40:43,816.9,460387
2021-05-26 09:40:44,816.55,460516
2021-05-26 09:40:46,816.8,461066
2021-05-26 09:40:49,816.6,461136
2021-05-26 09:40:50,816.6,461136
2021-05-26 09:40:51,816.6,461137
2021-05-26 09:40:52,816.6,461147
2021-05-26 09:40:52,816.6,461227
2021-05-26 09:40:53,816.55,461933
2021-05-26 09:40:54,816.55,462043
2021-05-26 09:40:55,816.15,462058
2021-05-26 09:40:56,816.15,462058
2021-05-26 09:40:57,816.55,462111
2021-05-26 09:40:58,816.45,462121
2021-05-26 09:40:59,816.45,462124
2021-05-26 09:41:01,816.45,462128
2021-05-26 09:41:02,816.55,462503
2021-05-26 09:41:03,816.45,462508
2021-05-26 09:41:04,816.45,462508
2021-05-26 09:41:04,816.45,462508
2021-05-26 09:41:05,816.45,462508
2021-05-26 09:41:06,816.45,462508
2021-05-26 09:41:07,816.2,462608
2021-05-26 09:41:09,816.2,462608
2021-05-26 09:41:10,816.45,462611
2021-05-26 09:41:11,816.2,462612
2021-05-26 09:41:12,816.2,462612
2021-05-26 09:41:14,816.45,462634
2021-05-26 09:41:15,816.45,462654
2021-05-26 09:41:16,816.05,463354
2021-05-26 09:41:16,816.05,463354
2021-05-26 09:41:17,816.2,464141
2021-05-26 09:41:18,816.45,464541
2021-05-26 09:41:19,816.45,464742
2021-05-26 09:41:20,816.2,464744
2021-05-26 09:41:21,816.2,464819
2021-05-26 09:41:22,816.2,464820
2021-05-26 09:41:24,816.2,464855
2021-05-26 09:41:24,816.15,465640
2021-05-26 09:41:25,816.45,465865
2021-05-26 09:41:27,816.5,465868
2021-05-26 09:41:28,816.5,465868
2021-05-26 09:41:29,816.5,465868
2021-05-26 09:41:30,816.5,466183
2021-05-26 09:41:31,816.2,466222
2021-05-26 09:41:32,816.2,466227
2021-05-26 09:41:33,816.2,466227
2021-05-26 09:41:34,816.5,466229
2021-05-26 09:41:35,816.2,466232
2021-05-26 09:41:36,816.45,466267
2021-05-26 09:41:37,816.45,466270
2021-05-26 09:41:38,816.45,466331
2021-05-26 09:41:39,816.2,466332
2021-05-26 09:41:40,816.05,467077
2021-05-26 09:41:40,816.05,467077
2021-05-26 09:41:41,816.05,467077
2021-05-26 09:41:42,816.05,467077
2021-05-26 09:41:43,816.05,467077
2021-05-26 09:41:44,816.05,467077
2021-05-26 09:41:45,816.2,467577
2021-05-26 09:41:46,816.2,467677
2021-05-26 09:41:47,816.2,467827
2021-05-26 09:41:48,816.2,467833
2021-05-26 09:41:50,816.2,467833
2021-05-26 09:41:50,816.2,467833
2021-05-26 09:41:51,816.2,467887
2021-05-26 09:41:52,816.2,467887
2021-05-26 09:41:57,816.45,468170
2021-05-26 09:41:58,816.45,468170
2021-05-26 09:41:59,816.45,468170
2021-05-26 09:42:00,816.2,468181
2021-05-26 09:42:01,816.2,468181
2021-05-26 09:42:02,816.45,468381
2021-05-26 09:42:02,816.45,468381
2021-05-26 09:42:03,816.2,468581
2021-05-26 09:42:05,816.2,468581
2021-05-26 09:42:06,816.45,468585
2021-05-26 09:42:07,816.45,468585
2021-05-26 09:42:08,816.2,468590
2021-05-26 09:42:08,816.2,468687
2021-05-26 09:42:09,816.2,468687
2021-05-26 09:42:10,816.2,468723
2021-05-26 09:42:11,816.2,468723
2021-05-26 09:42:13,816.2,468723
2021-05-26 09:42:15,816.45,468873
2021-05-26 09:42:16,816.45,468873
2021-05-26 09:42:17,816.45,468873
2021-05-26 09:42:18,816.45,468893
2021-05-26 09:42:21,816.2,468903
2021-05-26 09:42:22,816.2,468993
2021-05-26 09:42:24,816.2,468996
2021-05-26 09:42:26,816.2,469096
2021-05-26 09:42:27,816.2,469122
2021-05-26 09:42:28,816.2,469144
2021-05-26 09:42:29,816.2,469144
2021-05-26 09:42:30,816.2,469344
2021-05-26 09:42:31,816.2,469470
2021-05-26 09:42:31,816.2,469470
2021-05-26 09:42:33,816.4,469473
2021-05-26 09:42:35,816.4,469473
2021-05-26 09:42:36,816.4,469473
2021-05-26 09:42:37,816.2,469481
2021-05-26 09:42:38,816.4,469634
2021-05-26 09:42:39,816.4,469634
2021-05-26 09:42:40,816.4,469634
2021-05-26 09:42:41,816.4,469634
2021-05-26 09:42:44,816.4,469745
2021-05-26 09:42:46,816.5,470740
2021-05-26 09:42:47,816.5,470740
2021-05-26 09:42:48,816.2,471453
2021-05-26 09:42:49,816.7,475230
2021-05-26 09:42:50,816.6,475235
2021-05-26 09:42:51,816.6,475235
2021-05-26 09:42:52,816.6,475238
2021-05-26 09:42:52,816.6,475238
2021-05-26 09:42:54,817.0,475738
2021-05-26 09:42:55,816.6,475749
2021-05-26 09:42:56,816.7,475779
2021-05-26 09:42:57,817.0,475918
2021-05-26 09:42:58,817.2,477255
2021-05-26 09:42:59,817.2,477255
2021-05-26 09:43:00,817.2,477255
2021-05-26 09:43:01,817.05,477256
2021-05-26 09:43:03,817.05,477256
2021-05-26 09:43:04,817.05,477256
2021-05-26 09:43:05,817.4,477321
2021-05-26 09:43:06,817.4,477321
2021-05-26 09:43:07,817.4,477321
2021-05-26 09:43:08,817.4,477321
2021-05-26 09:43:09,817.4,477321
2021-05-26 09:43:10,817.2,477421
2021-05-26 09:43:11,817.4,477621
2021-05-26 09:43:12,817.2,477622
2021-05-26 09:43:12,817.2,477622
2021-05-26 09:43:15,817.2,477964
2021-05-26 09:43:14,817.65,477949
2021-05-26 09:43:16,817.2,477964
2021-05-26 09:43:17,817.2,477964
2021-05-26 09:43:18,817.2,477964
2021-05-26 09:43:19,817.2,477964
2021-05-26 09:43:20,817.3,478159
2021-05-26 09:43:21,817.55,479304
2021-05-26 09:43:23,817.55,479440
2021-05-26 09:43:25,817.2,479473
2021-05-26 09:43:26,817.2,479473
2021-05-26 09:43:27,817.2,479498
2021-05-26 09:43:28,817.2,479498
2021-05-26 09:43:29,817.2,479498
2021-05-26 09:43:31,817.2,479498
2021-05-26 09:43:32,817.2,479498
2021-05-26 09:43:33,817.2,479508
2021-05-26 09:43:34,817.2,479508
2021-05-26 09:43:35,817.15,481228
2021-05-26 09:43:36,817.2,482111
2021-05-26 09:43:37,817.2,482111
2021-05-26 09:43:38,817.2,482111
2021-05-26 09:43:38,817.2,482111
2021-05-26 09:43:39,817.2,482111
2021-05-26 09:43:41,817.5,482183
2021-05-26 09:43:42,817.5,482183
2021-05-26 09:43:43,817.5,482185
2021-05-26 09:43:44,817.5,482185
2021-05-26 09:43:44,817.5,482185
2021-05-26 09:43:46,817.2,482322
2021-05-26 09:43:47,817.2,482322
2021-05-26 09:43:48,817.2,482322
2021-05-26 09:43:50,817.0,484649
2021-05-26 09:43:50,817.35,484659
2021-05-26 09:43:51,817.35,484659
2021-05-26 09:43:52,817.35,484671
2021-05-26 09:43:54,817.4,484676
2021-05-26 09:43:55,817.5,484686
2021-05-26 09:43:56,817.5,484686
2021-05-26 09:43:57,817.2,484687
2021-05-26 09:43:58,817.2,484687
2021-05-26 09:43:59,817.2,484687
2021-05-26 09:44:00,817.35,484692
2021-05-26 09:44:01,817.2,484694
2021-05-26 09:44:02,817.2,484694
2021-05-26 09:44:03,817.2,484694
2021-05-26 09:44:04,817.2,484694
2021-05-26 09:44:05,817.2,484694
2021-05-26 09:44:06,817.2,485394
2021-05-26 09:44:07,817.35,486967
2021-05-26 09:44:08,817.2,486971
2021-05-26 09:44:09,817.2,487071
2021-05-26 09:44:10,817.2,487071
2021-05-26 09:44:11,817.2,487208
2021-05-26 09:44:12,817.2,487208
2021-05-26 09:44:13,817.35,487413
2021-05-26 09:44:14,817.35,487433
2021-05-26 09:44:15,817.35,487433
2021-05-26 09:44:17,817.35,487433
2021-05-26 09:44:18,817.35,488138
2021-05-26 09:44:19,817.35,488188
2021-05-26 09:44:20,817.35,488188
2021-05-26 09:44:21,817.35,488188
2021-05-26 09:44:22,817.35,488388
2021-05-26 09:44:23,817.35,489129
2021-05-26 09:44:24,817.35,489129
2021-05-26 09:44:25,817.35,489129
2021-05-26 09:44:26,817.35,489129
2021-05-26 09:44:27,817.35,489129
2021-05-26 09:44:28,817.35,489129
2021-05-26 09:44:29,817.35,489129
2021-05-26 09:44:30,817.45,489350
2021-05-26 09:44:31,817.45,489351
2021-05-26 09:44:32,817.45,489351
2021-05-26 09:44:33,817.2,489371
2021-05-26 09:44:34,817.2,489371
2021-05-26 09:44:38,817.2,489421
2021-05-26 09:44:39,817.2,489421
2021-05-26 09:44:40,817.2,489421
2021-05-26 09:44:41,817.2,489421
2021-05-26 09:44:42,817.4,489638
2021-05-26 09:44:44,817.4,489638
2021-05-26 09:44:45,817.4,489738
2021-05-26 09:44:46,817.2,489739
2021-05-26 09:44:47,817.25,489764
2021-05-26 09:44:49,817.25,489765
2021-05-26 09:44:50,817.25,489883
2021-05-26 09:44:51,817.25,489883
2021-05-26 09:44:52,817.25,489883
2021-05-26 09:44:53,817.25,489883
2021-05-26 09:44:53,817.25,489883
2021-05-26 09:44:55,817.2,490775
2021-05-26 09:44:56,817.2,490775
2021-05-26 09:44:57,817.3,490780
2021-05-26 09:44:58,817.15,492099
2021-05-26 09:44:58,817.15,492099
2021-05-26 09:44:59,817.2,492100
2021-05-26 09:45:01,816.0,494348
2021-05-26 09:45:02,816.05,494478
2021-05-26 09:45:03,816.5,494508
2021-05-26 09:45:04,816.65,494553
2021-05-26 09:45:05,816.65,494553
2021-05-26 09:45:06,816.65,494553
2021-05-26 09:45:07,816.65,494564
2021-05-26 09:45:08,816.65,494564
2021-05-26 09:45:09,816.65,494564
2021-05-26 09:45:10,816.65,494564
2021-05-26 09:45:11,816.25,495274
2021-05-26 09:45:11,816.25,495274
2021-05-26 09:45:12,816.25,495399
2021-05-26 09:45:14,816.65,495459
2021-05-26 09:45:16,816.25,495660
2021-05-26 09:45:18,816.15,496010
2021-05-26 09:45:19,816.65,496060
2021-05-26 09:45:20,816.65,496070
2021-05-26 09:45:21,816.25,496079
2021-05-26 09:45:22,816.25,496079
2021-05-26 09:45:23,816.65,496284
2021-05-26 09:45:24,816.65,496344
2021-05-26 09:45:26,816.25,496371
2021-05-26 09:45:27,816.25,496371
2021-05-26 09:45:28,816.75,496372
2021-05-26 09:45:29,816.4,496419
2021-05-26 09:45:30,816.75,496449
2021-05-26 09:45:31,816.75,496449
2021-05-26 09:45:32,816.4,496739
2021-05-26 09:45:33,816.4,496753
2021-05-26 09:45:34,816.4,496753
2021-05-26 09:45:35,816.7,500773
2021-05-26 09:45:36,817.15,501061
2021-05-26 09:45:37,817.5,501656
2021-05-26 09:45:38,817.4,501686
2021-05-26 09:45:39,817.4,501686
2021-05-26 09:45:40,817.2,502721
2021-05-26 09:45:41,817.2,502721
2021-05-26 09:45:42,817.5,502880
2021-05-26 09:45:43,817.5,502880
2021-05-26 09:45:44,817.2,502885
2021-05-26 09:45:45,817.2,502885
2021-05-26 09:45:46,817.2,502885
2021-05-26 09:45:47,817.2,502885
2021-05-26 09:45:48,817.2,502885
2021-05-26 09:45:49,817.2,502885
2021-05-26 09:45:50,817.2,502885
2021-05-26 09:45:51,817.2,502885
2021-05-26 09:45:52,817.5,502964
2021-05-26 09:45:53,817.5,502964
2021-05-26 09:45:54,817.5,502964
2021-05-26 09:45:55,817.3,503264
2021-05-26 09:45:56,817.3,503264
2021-05-26 09:45:57,817.6,503269
2021-05-26 09:45:58,817.7,503319
2021-05-26 09:45:59,817.7,503319
2021-05-26 09:46:00,817.7,503319
2021-05-26 09:46:01,817.75,503322
2021-05-26 09:46:01,817.75,503322
2021-05-26 09:46:02,817.65,503348
2021-05-26 09:46:03,817.65,503348
2021-05-26 09:46:04,817.65,503398
2021-05-26 09:46:06,817.95,503438
2021-05-26 09:46:07,817.95,503498
2021-05-26 09:46:09,818.0,503898
2021-05-26 09:46:10,817.9,503948
2021-05-26 09:46:11,817.9,503948
2021-05-26 09:46:12,817.95,503959
2021-05-26 09:46:13,817.9,503961
2021-05-26 09:46:14,817.35,507279
2021-05-26 09:46:15,817.65,507484
2021-05-26 09:46:16,817.65,507484
2021-05-26 09:46:19,817.65,507484
2021-05-26 09:46:20,817.65,507484
2021-05-26 09:46:21,817.5,507514
2021-05-26 09:46:22,817.35,507547
2021-05-26 09:46:23,817.35,507547
2021-05-26 09:46:24,816.6,508719
2021-05-26 09:46:25,816.75,508819
2021-05-26 09:46:26,816.75,508819
2021-05-26 09:46:28,817.2,508820
2021-05-26 09:46:29,816.65,509120
2021-05-26 09:46:30,816.95,509125
2021-05-26 09:46:31,816.95,509125
2021-05-26 09:46:32,816.5,509180
2021-05-26 09:46:33,816.5,509180
2021-05-26 09:46:34,816.5,509180
2021-05-26 09:46:35,816.65,509463
2021-05-26 09:46:36,816.65,509463
2021-05-26 09:46:37,816.8,509464
2021-05-26 09:46:38,817.15,509514
2021-05-26 09:46:40,816.8,509524
2021-05-26 09:46:40,816.8,509524
2021-05-26 09:46:41,816.65,509664
2021-05-26 09:46:43,816.65,509664
2021-05-26 09:46:43,816.65,509664
2021-05-26 09:46:45,816.65,509664
2021-05-26 09:46:46,816.65,509664
2021-05-26 09:46:47,816.65,509664
2021-05-26 09:46:48,816.85,509681
2021-05-26 09:46:49,817.15,509684
2021-05-26 09:46:50,816.85,509784
2021-05-26 09:46:51,816.85,509784
2021-05-26 09:46:52,816.85,509784
2021-05-26 09:46:53,816.85,509784
2021-05-26 09:46:54,816.85,509784
2021-05-26 09:46:55,816.85,509784
2021-05-26 09:46:56,816.85,509784
2021-05-26 09:46:58,817.2,510334
2021-05-26 09:46:59,816.9,510834
2021-05-26 09:47:00,816.85,511534
2021-05-26 09:47:01,816.85,511534
2021-05-26 09:47:03,817.0,511547
2021-05-26 09:47:02,817.25,511546
2021-05-26 09:47:04,817.0,511547
2021-05-26 09:47:05,817.0,511547
2021-05-26 09:47:06,816.8,512253
2021-05-26 09:47:07,817.0,512315
2021-05-26 09:47:08,817.0,512315
2021-05-26 09:47:09,817.0,512358
2021-05-26 09:47:10,817.0,512358
2021-05-26 09:47:11,817.0,512358
2021-05-26 09:47:12,817.2,512378
2021-05-26 09:47:15,817.0,512455
2021-05-26 09:47:14,817.0,512455
2021-05-26 09:47:16,817.0,512484
2021-05-26 09:47:17,817.0,512537
2021-05-26 09:47:18,817.0,512537
2021-05-26 09:47:19,817.0,512537
2021-05-26 09:47:20,817.0,512537
2021-05-26 09:47:21,817.0,513237
2021-05-26 09:47:22,817.0,513337
2021-05-26 09:47:23,817.0,513337
2021-05-26 09:47:25,817.1,513437
2021-05-26 09:47:27,817.1,513437
2021-05-26 09:47:26,817.1,513437
2021-05-26 09:47:28,817.1,513451
2021-05-26 09:47:29,817.1,513451
2021-05-26 09:47:30,817.3,515276
2021-05-26 09:47:31,817.35,515376
2021-05-26 09:47:32,817.35,515376
2021-05-26 09:47:33,817.35,515376
2021-05-26 09:47:34,817.05,515426
2021-05-26 09:47:35,817.35,515427
2021-05-26 09:47:36,817.35,515427
2021-05-26 09:47:37,817.1,515433
2021-05-26 09:47:38,817.2,515438
2021-05-26 09:47:39,817.2,515438
2021-05-26 09:47:40,817.2,515438
2021-05-26 09:47:41,817.2,515439
2021-05-26 09:47:42,817.2,515439
2021-05-26 09:47:43,817.2,515439
2021-05-26 09:47:44,817.2,515450
2021-05-26 09:47:45,817.2,515450
2021-05-26 09:47:46,817.1,515455
2021-05-26 09:47:47,817.1,515455
2021-05-26 09:47:48,817.1,515455
2021-05-26 09:47:50,817.2,515465
2021-05-26 09:47:53,817.2,515465
2021-05-26 09:47:54,817.2,515465
2021-05-26 09:47:55,817.2,515465
2021-05-26 09:47:56,817.2,515465
2021-05-26 09:47:57,817.2,515465
2021-05-26 09:47:58,817.2,515465
2021-05-26 09:47:59,817.2,515465
2021-05-26 09:48:00,817.1,515485
2021-05-26 09:48:01,817.1,515541
2021-05-26 09:48:02,817.2,515556
2021-05-26 09:48:03,817.2,515556
2021-05-26 09:48:05,817.1,515557
2021-05-26 09:48:06,817.1,515557
2021-05-26 09:48:07,817.1,515557
2021-05-26 09:48:08,817.3,515616
2021-05-26 09:48:09,817.15,515621
2021-05-26 09:48:10,817.15,515621
2021-05-26 09:48:11,817.2,515633
2021-05-26 09:48:12,817.2,515633
2021-05-26 09:48:13,817.2,515633
2021-05-26 09:48:14,817.15,515643
2021-05-26 09:48:17,817.2,515644
2021-05-26 09:48:18,817.2,515644
2021-05-26 09:48:19,817.2,515644
2021-05-26 09:48:20,817.2,515644
2021-05-26 09:48:21,817.2,515644
2021-05-26 09:48:22,817.2,515647
2021-05-26 09:48:23,817.2,515659
2021-05-26 09:48:24,817.2,515669
2021-05-26 09:48:25,817.2,515669
2021-05-26 09:48:26,817.2,515669
2021-05-26 09:48:27,816.9,523795
2021-05-26 09:48:28,816.9,523802
2021-05-26 09:48:29,817.15,523916
2021-05-26 09:48:30,817.2,523950
2021-05-26 09:48:31,817.2,524000
2021-05-26 09:48:32,817.2,524000
2021-05-26 09:48:33,817.25,526229
2021-05-26 09:48:34,817.5,528711
2021-05-26 09:48:35,817.5,528711
2021-05-26 09:48:36,817.5,528711
2021-05-26 09:48:37,817.75,529011
2021-05-26 09:48:38,817.5,529161
2021-05-26 09:48:39,817.5,529161
2021-05-26 09:48:40,817.5,529161
2021-05-26 09:48:42,817.75,529163
2021-05-26 09:48:43,817.5,529532
2021-05-26 09:48:44,817.5,530588
2021-05-26 09:48:46,817.5,530588
2021-05-26 09:48:47,817.5,530589
2021-05-26 09:48:48,817.75,530619
2021-05-26 09:48:49,817.75,530619
2021-05-26 09:48:50,817.55,530710
2021-05-26 09:48:51,817.55,530710
2021-05-26 09:48:54,817.55,530715
2021-05-26 09:48:55,817.55,530716
2021-05-26 09:48:56,817.5,530766
2021-05-26 09:48:57,817.5,530766
2021-05-26 09:48:58,817.5,530766
2021-05-26 09:48:59,817.5,530826
2021-05-26 09:49:00,818.0,536093
2021-05-26 09:49:01,818.0,536093
2021-05-26 09:49:02,818.05,541095
2021-05-26 09:49:03,817.95,542074
2021-05-26 09:49:04,817.95,542074
2021-05-26 09:49:05,817.95,542074
2021-05-26 09:49:06,818.1,542077
2021-05-26 09:49:07,818.0,542078
2021-05-26 09:49:08,818.0,542078
2021-05-26 09:49:09,818.0,542078
2021-05-26 09:49:11,818.0,542078
2021-05-26 09:49:12,818.0,542078
2021-05-26 09:49:13,818.0,542148
2021-05-26 09:49:13,818.0,542148
2021-05-26 09:49:14,818.0,542148
2021-05-26 09:49:15,818.0,542148
2021-05-26 09:49:16,818.2,542152
2021-05-26 09:49:17,818.2,542152
2021-05-26 09:49:18,817.85,544924
2021-05-26 09:49:19,818.0,550906
2021-05-26 09:49:20,818.0,551139
2021-05-26 09:49:21,818.0,551139
2021-05-26 09:49:22,818.0,551139
2021-05-26 09:49:23,818.0,551139
2021-05-26 09:49:24,818.0,551139
2021-05-26 09:49:25,818.0,551139
2021-05-26 09:49:27,818.0,551146
2021-05-26 09:49:27,818.0,551146
2021-05-26 09:49:29,818.0,551146
2021-05-26 09:49:29,818.0,551166
2021-05-26 09:49:30,818.0,551167
2021-05-26 09:49:31,817.95,551168
2021-05-26 09:49:32,817.95,551168
2021-05-26 09:49:33,818.0,551172
2021-05-26 09:49:34,818.0,551282
2021-05-26 09:49:35,817.95,551560
2021-05-26 09:49:36,817.95,551561
2021-05-26 09:49:37,817.95,551565
2021-05-26 09:49:38,817.9,551970
2021-05-26 09:49:42,817.9,552010
2021-05-26 09:49:42,817.9,552011
2021-05-26 09:49:43,817.9,552028
2021-05-26 09:49:45,817.95,552029
2021-05-26 09:49:46,817.95,552032
2021-05-26 09:49:47,817.9,552082
2021-05-26 09:49:48,817.9,552115
2021-05-26 09:49:49,817.9,552115
2021-05-26 09:49:49,817.9,552222
2021-05-26 09:49:50,817.9,552408
2021-05-26 09:49:51,817.9,552408
2021-05-26 09:49:52,817.9,552408
2021-05-26 09:49:53,817.9,552413
2021-05-26 09:49:54,817.9,552414
2021-05-26 09:49:55,817.9,552414
2021-05-26 09:49:56,817.9,552414
2021-05-26 09:49:57,817.9,552414
2021-05-26 09:49:58,817.6,552425
2021-05-26 09:49:59,817.6,552426
2021-05-26 09:50:00,817.6,552426
2021-05-26 09:50:01,817.6,552426
2021-05-26 09:50:02,817.6,552426
2021-05-26 09:50:03,817.6,552426
2021-05-26 09:50:04,817.6,552427
2021-05-26 09:50:07,817.6,552477
2021-05-26 09:50:09,817.6,552478
2021-05-26 09:50:10,817.9,552488
2021-05-26 09:50:11,817.9,552488
2021-05-26 09:50:12,817.9,552510
2021-05-26 09:50:13,817.9,552530
2021-05-26 09:50:14,817.9,552530
2021-05-26 09:50:15,817.9,552530
2021-05-26 09:50:16,817.9,553170
2021-05-26 09:50:17,817.9,553170
2021-05-26 09:50:18,817.9,553170
2021-05-26 09:50:19,817.9,553171
2021-05-26 09:50:20,817.9,553171
2021-05-26 09:50:21,817.9,553171
2021-05-26 09:50:22,817.75,553231
2021-05-26 09:50:23,817.75,553234
2021-05-26 09:50:24,817.9,553235
2021-05-26 09:50:26,817.9,553235
2021-05-26 09:50:27,817.75,553353
2021-05-26 09:50:30,817.75,553353
2021-05-26 09:50:30,817.75,553353
2021-05-26 09:50:31,817.9,553354
2021-05-26 09:50:32,817.9,553354
2021-05-26 09:50:33,817.9,553354
2021-05-26 09:50:34,817.9,553354
2021-05-26 09:50:36,817.9,553354
2021-05-26 09:50:37,817.9,553354
2021-05-26 09:50:38,817.9,553354
2021-05-26 09:50:40,817.75,553645
2021-05-26 09:50:41,817.75,553645
2021-05-26 09:50:42,817.75,553650
2021-05-26 09:50:44,817.75,553650
2021-05-26 09:50:45,817.75,553651
2021-05-26 09:50:45,817.75,553651
2021-05-26 09:50:46,817.75,553651
2021-05-26 09:50:47,818.0,553682
2021-05-26 09:50:48,818.0,553683
2021-05-26 09:50:49,818.0,553683
2021-05-26 09:50:50,817.9,553767
2021-05-26 09:50:51,817.9,553783
2021-05-26 09:50:52,817.9,553783
2021-05-26 09:50:53,817.9,553783
2021-05-26 09:50:54,817.9,553783
2021-05-26 09:50:55,817.9,554040
2021-05-26 09:50:56,817.85,554092
2021-05-26 09:50:57,817.85,554546
2021-05-26 09:50:59,817.85,554546
2021-05-26 09:50:59,817.85,554546
2021-05-26 09:51:00,817.85,554546
2021-05-26 09:51:02,817.85,554546
2021-05-26 09:51:03,817.85,555027
2021-05-26 09:51:04,817.9,555777
2021-05-26 09:51:05,818.0,555877
2021-05-26 09:51:06,817.8,556577
2021-05-26 09:51:07,817.85,557277
2021-05-26 09:51:09,817.85,557277
2021-05-26 09:51:10,818.0,557287
2021-05-26 09:51:11,817.85,557288
2021-05-26 09:51:11,817.85,557296
2021-05-26 09:51:12,817.85,557296
2021-05-26 09:51:13,817.85,557296
2021-05-26 09:51:14,817.85,557396
2021-05-26 09:51:15,817.85,557396
2021-05-26 09:51:16,817.95,557451
2021-05-26 09:51:18,817.95,557451
2021-05-26 09:51:19,817.85,557460
2021-05-26 09:51:20,817.95,557461
2021-05-26 09:51:21,817.95,557461
2021-05-26 09:51:21,817.95,557461
2021-05-26 09:51:22,817.85,557471
2021-05-26 09:51:23,817.95,557477
2021-05-26 09:51:24,817.85,558405
2021-05-26 09:51:25,817.9,558468
2021-05-26 09:51:26,817.85,558873
2021-05-26 09:51:28,817.85,558878
2021-05-26 09:51:29,817.85,558878
2021-05-26 09:51:31,817.85,559003
2021-05-26 09:51:32,817.85,559003
2021-05-26 09:51:33,817.85,559003
2021-05-26 09:51:33,817.85,559003
2021-05-26 09:51:35,817.85,559003
2021-05-26 09:51:36,817.85,559003
2021-05-26 09:51:36,817.85,559003
2021-05-26 09:51:37,817.9,559033
2021-05-26 09:51:38,817.85,559520
2021-05-26 09:51:39,817.85,559520
2021-05-26 09:51:41,817.85,559520
2021-05-26 09:51:42,817.85,559570
2021-05-26 09:51:43,817.85,559570
2021-05-26 09:51:44,817.85,559670
2021-05-26 09:51:45,817.85,560370
2021-05-26 09:51:46,817.85,560370
2021-05-26 09:51:47,817.85,560370
2021-05-26 09:51:48,817.85,560370
2021-05-26 09:51:49,817.85,560371
2021-05-26 09:51:50,817.85,560371
2021-05-26 09:51:51,817.85,560371
2021-05-26 09:51:52,817.85,561152
2021-05-26 09:51:53,817.85,561152
2021-05-26 09:51:54,817.85,561152
2021-05-26 09:51:55,817.95,561182
2021-05-26 09:51:56,817.85,561187
2021-05-26 09:51:57,817.85,561187
2021-05-26 09:52:00,817.85,561187
2021-05-26 09:52:03,817.85,561210
2021-05-26 09:52:04,818.0,561227
2021-05-26 09:52:05,817.85,561228
2021-05-26 09:52:06,818.0,561368
2021-05-26 09:52:07,818.0,561368
2021-05-26 09:52:07,818.0,561368
2021-05-26 09:52:08,817.85,561568
2021-05-26 09:52:09,817.85,561568
2021-05-26 09:52:10,817.9,561573
2021-05-26 09:52:12,817.9,561573
2021-05-26 09:52:13,818.0,561575
2021-05-26 09:52:13,818.0,561925
2021-05-26 09:52:15,817.9,561939
2021-05-26 09:52:16,817.9,561974
2021-05-26 09:52:17,817.9,561974
2021-05-26 09:52:18,817.9,561979
2021-05-26 09:52:19,817.9,562004
2021-05-26 09:52:20,817.9,562014
2021-05-26 09:52:21,817.9,562014
2021-05-26 09:52:22,817.9,562014
2021-05-26 09:52:23,817.9,562014
2021-05-26 09:52:24,817.9,562014
2021-05-26 09:52:25,817.9,562015
2021-05-26 09:52:26,818.0,562040
2021-05-26 09:52:27,817.9,564922
2021-05-26 09:52:28,818.0,564923
2021-05-26 09:52:30,817.9,564948
2021-05-26 09:52:31,818.0,565120
2021-05-26 09:52:32,817.9,565480
2021-05-26 09:52:33,817.9,565501
2021-05-26 09:52:35,818.0,565601
2021-05-26 09:52:36,817.9,566137
2021-05-26 09:52:36,817.9,566137
2021-05-26 09:52:37,817.9,566138
2021-05-26 09:52:39,817.85,566159
2021-05-26 09:52:40,817.8,566359
2021-05-26 09:52:41,817.8,566561
2021-05-26 09:52:42,817.8,566565
2021-05-26 09:52:43,817.8,566567
2021-05-26 09:52:44,817.75,566894
2021-05-26 09:52:45,817.75,566902
2021-05-26 09:52:46,817.75,566902
2021-05-26 09:52:47,817.35,567331
2021-05-26 09:52:48,817.35,567331
2021-05-26 09:52:49,817.6,567395
2021-05-26 09:52:49,817.6,567395
2021-05-26 09:52:50,817.6,567395
2021-05-26 09:52:51,817.7,567718
2021-05-26 09:52:52,817.7,567718
2021-05-26 09:52:53,817.7,567718
2021-05-26 09:52:55,817.6,567742
2021-05-26 09:52:56,817.6,567742
2021-05-26 09:52:58,817.55,567971
2021-05-26 09:52:59,817.65,568151
2021-05-26 09:53:00,817.65,568160
2021-05-26 09:53:02,817.65,568160
2021-05-26 09:53:03,817.2,568277
2021-05-26 09:53:04,817.2,568778
2021-05-26 09:53:04,817.2,568778
2021-05-26 09:53:05,817.2,568778
2021-05-26 09:53:06,817.5,568850
2021-05-26 09:53:08,817.5,568895
2021-05-26 09:53:10,817.5,568895
2021-05-26 09:53:11,817.5,569319
2021-05-26 09:53:12,817.5,569319
2021-05-26 09:53:13,817.0,569607
2021-05-26 09:53:13,817.0,569607
2021-05-26 09:53:15,817.2,569608
2021-05-26 09:53:16,817.2,569637
2021-05-26 09:53:16,816.85,572187
2021-05-26 09:53:17,816.85,572187
2021-05-26 09:53:18,816.9,572232
2021-05-26 09:53:19,816.8,572322
2021-05-26 09:53:20,816.8,572359
2021-05-26 09:53:21,816.8,572463
2021-05-26 09:53:23,817.05,572563
2021-05-26 09:53:25,817.05,572563
2021-05-26 09:53:26,817.05,572588
2021-05-26 09:53:26,817.05,572589
2021-05-26 09:53:27,817.05,572589
2021-05-26 09:53:28,817.05,572590
2021-05-26 09:53:29,817.0,572609
2021-05-26 09:53:30,817.0,572609
2021-05-26 09:53:31,817.0,572975
2021-05-26 09:53:32,817.0,572975
2021-05-26 09:53:33,817.0,572975
2021-05-26 09:53:34,817.0,572975
2021-05-26 09:53:36,817.0,573372
2021-05-26 09:53:37,817.0,573372
2021-05-26 09:53:37,817.0,573372
2021-05-26 09:53:38,816.5,573775
2021-05-26 09:53:39,816.5,573782
2021-05-26 09:53:40,816.5,573782
2021-05-26 09:53:42,816.5,573782
2021-05-26 09:53:43,816.5,573782
2021-05-26 09:53:43,816.5,573782
2021-05-26 09:53:45,816.9,573824
2021-05-26 09:53:47,816.9,573824
2021-05-26 09:53:48,816.9,573824
2021-05-26 09:53:50,816.9,573824
2021-05-26 09:53:51,816.65,573829
2021-05-26 09:53:52,816.6,574548
2021-05-26 09:53:53,816.6,574548
2021-05-26 09:53:54,816.55,574550
2021-05-26 09:53:54,816.55,574550
2021-05-26 09:53:56,816.55,574555
2021-05-26 09:53:56,816.55,574555
2021-05-26 09:53:57,816.6,574563
2021-05-26 09:53:58,816.55,574608
2021-05-26 09:54:00,816.55,574608
2021-05-26 09:54:01,816.55,574934
2021-05-26 09:54:02,816.55,574934
2021-05-26 09:54:03,816.65,576994
2021-05-26 09:54:04,816.65,576994
2021-05-26 09:54:05,816.65,576994
2021-05-26 09:54:05,816.65,576994
2021-05-26 09:54:06,816.9,577194
2021-05-26 09:54:07,816.65,577197
2021-05-26 09:54:08,816.65,577197
2021-05-26 09:54:09,816.9,577198
2021-05-26 09:54:11,816.9,577198
2021-05-26 09:54:12,816.65,577248
2021-05-26 09:54:13,816.65,577348
2021-05-26 09:54:14,816.9,577349
2021-05-26 09:54:15,816.9,577349
2021-05-26 09:54:16,816.65,577359
2021-05-26 09:54:18,816.65,577360
2021-05-26 09:54:19,816.65,577360
2021-05-26 09:54:20,816.65,577425
2021-05-26 09:54:21,816.65,577425
2021-05-26 09:54:21,816.65,577425
2021-05-26 09:54:22,816.9,577435
2021-05-26 09:54:23,816.9,577435
2021-05-26 09:54:24,816.65,577442
2021-05-26 09:54:25,816.65,577442
2021-05-26 09:54:27,816.65,577442
2021-05-26 09:54:28,816.65,577452
2021-05-26 09:54:29,816.65,577452
2021-05-26 09:54:30,816.65,577452
2021-05-26 09:54:31,816.9,577552
2021-05-26 09:54:31,816.9,577552
2021-05-26 09:54:32,816.9,577552
2021-05-26 09:54:33,816.9,577552
2021-05-26 09:54:34,816.65,577608
2021-05-26 09:54:35,816.65,577608
2021-05-26 09:54:36,816.65,577608
2021-05-26 09:54:38,816.65,577618
2021-05-26 09:54:39,816.65,577718
2021-05-26 09:54:40,816.65,577718
2021-05-26 09:54:40,816.65,577718
2021-05-26 09:54:42,816.65,577718
2021-05-26 09:54:43,816.65,577733
2021-05-26 09:54:44,816.65,577734
2021-05-26 09:54:45,816.65,577734
2021-05-26 09:54:46,816.65,577749
2021-05-26 09:54:47,816.65,577749
2021-05-26 09:54:48,816.65,577759
2021-05-26 09:54:49,816.65,577759
2021-05-26 09:54:50,816.65,577773
2021-05-26 09:54:51,816.65,577785
2021-05-26 09:54:52,816.65,577785
2021-05-26 09:54:53,816.65,578793
2021-05-26 09:54:54,816.8,579039
2021-05-26 09:54:55,816.8,579042
2021-05-26 09:54:56,816.8,579042
2021-05-26 09:54:57,816.8,579042
2021-05-26 09:54:58,816.75,579067
2021-05-26 09:54:59,816.6,579519
2021-05-26 09:55:00,816.6,579589
2021-05-26 09:55:01,816.55,579744
2021-05-26 09:55:03,816.7,579787
2021-05-26 09:55:04,816.7,579787
2021-05-26 09:55:05,816.7,579787
2021-05-26 09:55:07,816.55,580097
2021-05-26 09:55:08,816.55,580097
2021-05-26 09:55:09,816.55,580797
2021-05-26 09:55:09,816.55,580797
2021-05-26 09:55:10,816.55,580797
2021-05-26 09:55:11,816.55,580797
2021-05-26 09:55:13,816.55,580797
2021-05-26 09:55:15,816.7,580827
2021-05-26 09:55:15,816.7,580827
2021-05-26 09:55:16,816.55,580830
2021-05-26 09:55:17,816.55,580830
2021-05-26 09:55:19,816.55,580831
2021-05-26 09:55:20,816.55,580831
2021-05-26 09:55:22,816.7,580931
2021-05-26 09:55:23,816.7,580931
2021-05-26 09:55:24,816.7,580931
2021-05-26 09:55:25,816.7,580931
2021-05-26 09:55:26,816.65,580932
2021-05-26 09:55:27,816.7,580942
2021-05-26 09:55:28,816.55,581732
2021-05-26 09:55:29,816.55,581732
2021-05-26 09:55:30,816.55,581732
2021-05-26 09:55:32,816.7,581734
2021-05-26 09:55:32,816.7,581734
2021-05-26 09:55:34,816.7,581734
2021-05-26 09:55:35,816.7,581734
2021-05-26 09:55:36,816.7,581738
2021-05-26 09:55:37,816.7,581738
2021-05-26 09:55:38,816.7,581738
2021-05-26 09:55:39,816.7,581738
2021-05-26 09:55:40,816.7,581738
2021-05-26 09:55:41,816.55,581764
2021-05-26 09:55:44,816.7,581799
2021-05-26 09:55:45,816.6,581800
2021-05-26 09:55:46,816.6,581800
2021-05-26 09:55:47,816.6,581800
2021-05-26 09:55:48,816.7,581831
2021-05-26 09:55:50,816.6,582531
2021-05-26 09:55:53,816.6,582531
2021-05-26 09:55:54,816.7,582532
2021-05-26 09:55:55,816.7,582532
2021-05-26 09:55:56,816.7,582532
2021-05-26 09:55:57,816.7,582532
2021-05-26 09:55:58,816.7,582537
2021-05-26 09:55:59,816.7,582548
2021-05-26 09:56:00,816.6,582657
2021-05-26 09:56:01,816.6,582657
2021-05-26 09:56:02,816.6,582667
2021-05-26 09:56:03,816.6,582667
2021-05-26 09:56:05,816.6,582667
2021-05-26 09:56:06,816.6,582698
2021-05-26 09:56:07,816.6,582698
2021-05-26 09:56:08,816.6,582798
2021-05-26 09:56:09,816.6,582798
2021-05-26 09:56:10,816.6,582808
2021-05-26 09:56:11,816.6,582808
2021-05-26 09:56:12,816.6,582858
2021-05-26 09:56:13,816.7,582868
2021-05-26 09:56:18,816.65,582963
2021-05-26 09:56:19,816.65,582963
2021-05-26 09:56:20,816.65,582964
2021-05-26 09:56:21,816.6,582965
2021-05-26 09:56:22,816.6,582965
2021-05-26 09:56:23,816.6,582974
2021-05-26 09:56:27,816.8,584585
2021-05-26 09:56:30,816.55,585549
2021-05-26 09:56:34,816.6,585762
2021-05-26 09:56:38,816.6,585823
2021-05-26 09:56:42,816.8,585832
2021-05-26 09:56:46,816.8,585862
2021-05-26 09:56:49,816.8,585867
2021-05-26 09:56:53,816.8,586093
2021-05-26 09:56:57,816.8,586196
2021-05-26 09:57:00,816.8,586196
2021-05-26 09:57:04,816.75,586224
2021-05-26 09:57:08,816.75,586319
2021-05-26 09:57:12,816.8,586354
2021-05-26 09:57:16,816.75,588995
2021-05-26 09:57:20,816.75,589534
2021-05-26 09:57:24,816.8,589608
2021-05-26 09:57:28,816.8,593902
2021-05-26 09:57:32,816.8,594774
2021-05-26 09:57:36,816.8,595181
2021-05-26 09:57:40,817.0,595455
2021-05-26 09:57:44,817.0,595455
2021-05-26 09:57:48,816.8,596156
2021-05-26 09:57:52,817.0,596613
2021-05-26 09:57:55,816.8,596679
2021-05-26 09:57:59,816.8,596891
2021-05-26 09:58:07,816.8,596891
2021-05-26 09:58:10,817.0,597593
2021-05-26 09:58:14,817.0,597594
2021-05-26 09:58:18,817.0,597629
2021-05-26 09:58:22,817.0,597629
2021-05-26 09:58:26,817.0,598390
2021-05-26 09:58:29,817.0,598390
2021-05-26 09:58:33,817.0,598390
2021-05-26 09:58:41,816.95,598825
2021-05-26 09:58:44,816.95,599531
2021-05-26 09:58:48,816.95,599703
2021-05-26 09:58:51,817.0,599704
2021-05-26 09:58:55,817.0,599725
2021-05-26 09:58:58,817.0,599755
2021-05-26 09:59:02,817.05,603588
2021-05-26 09:59:06,817.25,604339
2021-05-26 09:59:10,817.3,604560
2021-05-26 09:59:13,817.3,604560
2021-05-26 09:59:17,817.5,604581
2021-05-26 09:59:20,817.5,604583
2021-05-26 09:59:24,817.5,604603
2021-05-26 09:59:28,817.3,604724
2021-05-26 09:59:31,817.5,604774
2021-05-26 09:59:35,817.6,604930
2021-05-26 09:59:39,817.5,611786
2021-05-26 09:59:46,817.6,613815
2021-05-26 09:59:50,817.55,614427
2021-05-26 09:59:54,817.55,614540
2021-05-26 09:59:58,817.55,614546
2021-05-26 10:00:02,817.55,614556
2021-05-26 10:00:05,817.6,614581
2021-05-26 10:00:09,817.55,614607
2021-05-26 10:00:13,817.55,617570
2021-05-26 10:00:17,817.55,617590
2021-05-26 10:00:21,817.55,617652
2021-05-26 10:00:25,817.55,617712
2021-05-26 10:00:28,817.55,617862
2021-05-26 10:00:33,817.55,617877
2021-05-26 10:00:37,817.55,618619
2021-05-26 10:00:41,817.55,618728
2021-05-26 10:00:46,817.6,618818
2021-05-26 10:00:50,817.55,618938
2021-05-26 10:00:54,817.55,619297
2021-05-26 10:00:58,817.35,619298
2021-05-26 10:01:02,817.35,619304
2021-05-26 10:01:06,817.55,619306
2021-05-26 10:01:10,817.35,619475
2021-05-26 10:01:14,817.55,619478
2021-05-26 10:01:18,817.35,619588
2021-05-26 10:01:22,817.35,619613
2021-05-26 10:01:25,817.55,619999
2021-05-26 10:01:29,817.5,620202
2021-05-26 10:01:32,817.35,620203
2021-05-26 10:01:36,817.35,620203
2021-05-26 10:01:40,817.35,620207
2021-05-26 10:01:44,817.35,620207
2021-05-26 10:01:47,817.5,620305
2021-05-26 10:01:51,817.5,621005
2021-05-26 10:01:55,817.5,621227
2021-05-26 10:01:59,817.45,624749
2021-05-26 10:02:04,817.25,624786
2021-05-26 10:02:08,817.25,624796
2021-05-26 10:02:12,817.45,624920
2021-05-26 10:02:16,817.25,625115
2021-05-26 10:02:20,817.25,625216
2021-05-26 10:02:24,817.45,625482
2021-05-26 10:02:28,817.25,625598
2021-05-26 10:02:37,817.25,626372
2021-05-26 10:02:41,817.25,626372
2021-05-26 10:02:44,817.45,626387
2021-05-26 10:02:48,817.45,626387
2021-05-26 10:02:52,817.45,626393
2021-05-26 10:02:55,817.45,626406
2021-05-26 10:02:59,817.4,626466
2021-05-26 10:03:03,817.4,626503
2021-05-26 10:03:07,817.3,627800
2021-05-26 10:03:11,816.8,628537
2021-05-26 10:03:15,817.0,628628
2021-05-26 10:03:18,817.0,629241
2021-05-26 10:03:22,816.8,629363
2021-05-26 10:03:26,817.5,631426
2021-05-26 10:03:29,817.55,631526
2021-05-26 10:03:33,817.75,631765
2021-05-26 10:03:36,817.75,631767
2021-05-26 10:03:40,817.75,631804
2021-05-26 10:03:43,817.85,632075
2021-05-26 10:03:47,817.55,633256
2021-05-26 10:03:51,817.55,633256
2021-05-26 10:03:54,817.55,633256
2021-05-26 10:03:58,817.2,633318
2021-05-26 10:04:02,817.55,633321
2021-05-26 10:04:05,817.55,633321
2021-05-26 10:04:09,817.3,633326
2021-05-26 10:04:17,817.3,633361
2021-05-26 10:04:20,817.45,633366
2021-05-26 10:04:24,817.3,633476
2021-05-26 10:04:28,817.3,633476
2021-05-26 10:04:31,817.3,633490
2021-05-26 10:04:35,817.3,634084
2021-05-26 10:04:39,817.3,634085
2021-05-26 10:04:42,817.3,634324
2021-05-26 10:04:46,817.3,634324
2021-05-26 10:04:49,817.55,636274
2021-05-26 10:04:53,817.65,636381
2021-05-26 10:04:56,817.65,636381
2021-05-26 10:05:00,817.65,636406
2021-05-26 10:05:03,817.65,636613
2021-05-26 10:05:07,817.65,636628
2021-05-26 10:05:10,817.65,637336
2021-05-26 10:05:14,817.6,639466
2021-05-26 10:05:17,817.6,639667
2021-05-26 10:05:22,817.3,643094
2021-05-26 10:05:26,817.4,643098
2021-05-26 10:05:30,817.25,643176
2021-05-26 10:05:34,817.0,643177
2021-05-26 10:05:38,817.0,643181
2021-05-26 10:05:41,817.0,643182
2021-05-26 10:05:45,817.1,643754
2021-05-26 10:05:49,817.1,643857
2021-05-26 10:05:57,817.1,643877
2021-05-26 10:06:01,817.1,643883
2021-05-26 10:06:05,817.1,644034
2021-05-26 10:06:09,816.4,645707
2021-05-26 10:06:12,816.8,645712
2021-05-26 10:06:16,816.4,645827
2021-05-26 10:06:24,816.8,645854
2021-05-26 10:06:28,816.75,645959
2021-05-26 10:06:32,816.75,646039
2021-05-26 10:06:36,816.4,646675
2021-05-26 10:06:44,816.4,646853
2021-05-26 10:06:48,816.4,649439
2021-05-26 10:06:52,816.1,649448
2021-05-26 10:06:55,816.15,650170
2021-05-26 10:06:59,816.1,650290
2021-05-26 10:07:02,816.4,650300
2021-05-26 10:07:07,816.1,650525
2021-05-26 10:07:11,816.1,650525
2021-05-26 10:07:15,816.0,651436
2021-05-26 10:07:18,816.1,651886
2021-05-26 10:07:21,816.4,652976
2021-05-26 10:07:24,816.4,653214
2021-05-26 10:07:27,816.4,653214
2021-05-26 10:07:31,816.6,653271
2021-05-26 10:07:34,816.45,653281
2021-05-26 10:07:37,816.6,653369
2021-05-26 10:07:41,816.6,653369
2021-05-26 10:07:45,816.6,653555
2021-05-26 10:07:48,816.6,653676
2021-05-26 10:07:51,816.45,655707
2021-05-26 10:07:55,816.45,656008
2021-05-26 10:07:58,816.45,656017
2021-05-26 10:08:02,816.45,656114
2021-05-26 10:08:05,816.4,656138
2021-05-26 10:08:09,816.45,656293
2021-05-26 10:08:12,816.4,657730
2021-05-26 10:08:15,816.0,660266
2021-05-26 10:08:18,816.0,660416
2021-05-26 10:08:22,816.0,660416
2021-05-26 10:08:29,816.0,660431
2021-05-26 10:08:32,816.25,660621
2021-05-26 10:08:36,816.25,660761
2021-05-26 10:08:40,816.25,660761
2021-05-26 10:08:43,816.25,660927
2021-05-26 10:08:46,816.0,661648
2021-05-26 10:08:50,816.25,661690
2021-05-26 10:08:54,816.25,661772
2021-05-26 10:08:57,816.0,662540
2021-05-26 10:09:01,816.0,664132
2021-05-26 10:09:04,816.05,664858
2021-05-26 10:09:07,816.05,664858
2021-05-26 10:09:11,816.05,664973
2021-05-26 10:09:15,816.05,665173
2021-05-26 10:09:18,816.25,666509
2021-05-26 10:09:22,816.05,667249
2021-05-26 10:09:25,816.25,667257
2021-05-26 10:09:28,816.15,667429
2021-05-26 10:09:31,816.05,667729
2021-05-26 10:09:35,816.15,668207
2021-05-26 10:09:38,816.15,668212
2021-05-26 10:09:41,816.15,669080
2021-05-26 10:09:45,816.25,669494
2021-05-26 10:09:48,816.2,669717
2021-05-26 10:09:56,816.4,669874
2021-05-26 10:10:00,816.4,669879
2021-05-26 10:10:03,816.2,669941
2021-05-26 10:10:07,816.2,669942
2021-05-26 10:10:11,816.2,670616
2021-05-26 10:10:15,816.2,672518
2021-05-26 10:10:20,816.1,672832
2021-05-26 10:10:24,815.3,691747
2021-05-26 10:10:27,814.9,691884
2021-05-26 10:10:31,814.95,692533
2021-05-26 10:10:35,814.95,693024
2021-05-26 10:10:38,814.6,693244
2021-05-26 10:10:42,814.95,693315
2021-05-26 10:10:46,814.6,693342
2021-05-26 10:10:50,814.65,693499
2021-05-26 10:10:53,814.65,693583
2021-05-26 10:10:57,814.95,693795
2021-05-26 10:11:01,814.9,693948
2021-05-26 10:11:04,814.65,694147
2021-05-26 10:11:08,814.65,694203
2021-05-26 10:11:11,814.65,694217
2021-05-26 10:11:15,814.85,694393
2021-05-26 10:11:19,814.9,694429
2021-05-26 10:11:22,814.65,694538
2021-05-26 10:11:23,814.9,694539
2021-05-26 10:11:24,814.9,694589
2021-05-26 10:11:25,814.6,694624
2021-05-26 10:11:27,814.9,694824
2021-05-26 10:11:28,814.9,694867
2021-05-26 10:11:29,814.5,694960
2021-05-26 10:11:30,814.5,694960
2021-05-26 10:11:31,814.85,695011
2021-05-26 10:11:32,814.85,695011
2021-05-26 10:11:33,814.85,695031
2021-05-26 10:11:35,814.5,695391
2021-05-26 10:11:35,814.5,695391
2021-05-26 10:11:36,814.5,695821
2021-05-26 10:11:37,814.2,696531
2021-05-26 10:11:38,814.75,696651
2021-05-26 10:11:39,814.7,696895
2021-05-26 10:11:40,814.25,696945
2021-05-26 10:11:41,814.25,696949
2021-05-26 10:11:42,814.25,696949
2021-05-26 10:11:44,814.35,696950
2021-05-26 10:11:44,814.35,696950
2021-05-26 10:11:45,814.35,696980
2021-05-26 10:11:46,814.25,697165
2021-05-26 10:11:47,814.2,697266
2021-05-26 10:11:49,814.25,698017
2021-05-26 10:11:49,814.25,698017
2021-05-26 10:11:50,814.1,698457
2021-05-26 10:11:51,814.1,698969
2021-05-26 10:11:52,814.1,699039
2021-05-26 10:11:53,814.3,699059
2021-05-26 10:11:54,814.3,699061
2021-05-26 10:11:55,814.3,699061
2021-05-26 10:11:56,814.1,699900
2021-05-26 10:11:57,814.1,699900
2021-05-26 10:11:58,814.1,700215
2021-05-26 10:11:59,814.1,701065
2021-05-26 10:12:00,814.1,701065
2021-05-26 10:12:02,814.3,701165
2021-05-26 10:12:03,814.3,701165
2021-05-26 10:12:04,814.3,701175
2021-05-26 10:12:06,814.25,701287
2021-05-26 10:12:06,814.25,701367
2021-05-26 10:12:07,814.25,701914
2021-05-26 10:12:08,814.25,701914
2021-05-26 10:12:09,814.1,701915
2021-05-26 10:12:10,814.1,704646
2021-05-26 10:12:11,814.15,707533
2021-05-26 10:12:12,814.0,707647
2021-05-26 10:12:13,814.0,707648
2021-05-26 10:12:14,814.0,707649
2021-05-26 10:12:15,814.0,707680
2021-05-26 10:12:16,814.0,707680
2021-05-26 10:12:18,814.0,707710
2021-05-26 10:12:18,814.0,708110
2021-05-26 10:12:19,814.2,708164
2021-05-26 10:12:20,814.2,708164
2021-05-26 10:12:21,814.0,708194
2021-05-26 10:12:22,814.0,708299
2021-05-26 10:12:23,814.0,708299
2021-05-26 10:12:24,814.15,708439
2021-05-26 10:12:26,814.0,708451
2021-05-26 10:12:26,814.0,708451
2021-05-26 10:12:27,814.25,709151
2021-05-26 10:12:29,814.0,709351
2021-05-26 10:12:30,814.0,709352
2021-05-26 10:12:31,814.2,709650
2021-05-26 10:12:32,814.2,709650
2021-05-26 10:12:34,814.2,709703
2021-05-26 10:12:33,814.0,709663
2021-05-26 10:12:35,814.2,709803
2021-05-26 10:12:36,814.25,709833
2021-05-26 10:12:37,814.25,709833
2021-05-26 10:12:38,814.2,709835
2021-05-26 10:12:40,814.0,710187
2021-05-26 10:12:40,814.35,714205
2021-05-26 10:12:41,814.5,714622
2021-05-26 10:12:42,814.75,715345
2021-05-26 10:12:44,814.75,715345
2021-05-26 10:12:44,814.75,715345
2021-05-26 10:12:45,814.5,715468
2021-05-26 10:12:46,814.75,715656
2021-05-26 10:12:47,814.8,715706
2021-05-26 10:12:48,814.8,715706
2021-05-26 10:12:49,814.8,715706
2021-05-26 10:12:51,814.8,715706
2021-05-26 10:12:52,815.0,715716
2021-05-26 10:12:52,814.75,715741
2021-05-26 10:12:53,814.75,715742
2021-05-26 10:12:54,815.0,715744
2021-05-26 10:12:55,815.05,716244
2021-05-26 10:12:56,815.05,716244
2021-05-26 10:12:57,815.05,716244
2021-05-26 10:12:58,815.05,716244
2021-05-26 10:13:00,815.05,716244
2021-05-26 10:13:01,815.05,716244
2021-05-26 10:13:02,815.05,716997
2021-05-26 10:13:03,815.05,716997
2021-05-26 10:13:03,815.05,716997
2021-05-26 10:13:05,814.75,717008
2021-05-26 10:13:06,814.05,720758
2021-05-26 10:13:06,814.05,720758
2021-05-26 10:13:09,814.2,720818
2021-05-26 10:13:10,814.2,720818
2021-05-26 10:13:12,814.2,720820
2021-05-26 10:13:13,814.2,720820
2021-05-26 10:13:14,814.35,720837
2021-05-26 10:13:15,814.35,720837
2021-05-26 10:13:15,814.2,720840
2021-05-26 10:13:16,814.2,721247
2021-05-26 10:13:17,814.2,721252
2021-05-26 10:13:18,814.35,721603
2021-05-26 10:13:19,814.2,721638
2021-05-26 10:13:20,814.35,721688
2021-05-26 10:13:21,814.2,721708
2021-05-26 10:13:22,814.2,721713
2021-05-26 10:13:24,814.2,721713
2021-05-26 10:13:25,814.2,721713
2021-05-26 10:13:26,814.2,721715
2021-05-26 10:13:27,814.2,721715
2021-05-26 10:13:28,814.2,722284
2021-05-26 10:13:29,814.2,722312
2021-05-26 10:13:30,814.2,722312
2021-05-26 10:13:31,814.2,722312
2021-05-26 10:13:31,814.2,722312
2021-05-26 10:13:32,814.5,722313
2021-05-26 10:13:33,814.5,722313
2021-05-26 10:13:34,814.5,722313
2021-05-26 10:13:35,814.35,722318
2021-05-26 10:13:37,814.35,722418
2021-05-26 10:13:38,814.35,722418
2021-05-26 10:13:38,814.35,722418
2021-05-26 10:13:40,814.35,722418
2021-05-26 10:13:41,814.35,722418
2021-05-26 10:13:42,814.35,722418
2021-05-26 10:13:43,814.35,722425
2021-05-26 10:13:43,814.35,722425
2021-05-26 10:13:44,814.35,722525
2021-05-26 10:13:45,814.5,722530
2021-05-26 10:13:46,814.35,723476
2021-05-26 10:13:48,814.35,723476
2021-05-26 10:13:49,814.35,723478
2021-05-26 10:13:49,814.35,723478
2021-05-26 10:13:50,814.35,723478
2021-05-26 10:13:51,814.35,723478
2021-05-26 10:13:52,814.35,723478
2021-05-26 10:13:53,814.35,723478
2021-05-26 10:13:54,814.35,723478
2021-05-26 10:13:55,814.35,723479
2021-05-26 10:13:57,814.35,723535
2021-05-26 10:14:00,814.35,723885
2021-05-26 10:14:02,814.7,724085
2021-05-26 10:14:02,814.7,724085
2021-05-26 10:14:03,814.7,724085
2021-05-26 10:14:05,814.7,724186
2021-05-26 10:14:04,814.7,724185
2021-05-26 10:14:06,814.7,724186
2021-05-26 10:14:07,814.5,724192
2021-05-26 10:14:08,814.5,724192
2021-05-26 10:14:09,814.7,724217
2021-05-26 10:14:10,814.5,724791
2021-05-26 10:14:12,814.5,724791
2021-05-26 10:14:12,814.7,724792
2021-05-26 10:14:13,814.7,724792
2021-05-26 10:14:14,814.5,724883
2021-05-26 10:14:15,814.5,724883
2021-05-26 10:14:16,814.7,724895
2021-05-26 10:14:17,814.7,724895
2021-05-26 10:14:18,814.5,724945
2021-05-26 10:14:19,814.7,725140
2021-05-26 10:14:20,814.7,725140
2021-05-26 10:14:21,814.5,725190
2021-05-26 10:14:22,814.65,725294
2021-05-26 10:14:25,814.5,725900
2021-05-26 10:14:26,814.5,725908
2021-05-26 10:14:27,814.5,725918
2021-05-26 10:14:28,814.5,725918
2021-05-26 10:14:29,814.65,725946
2021-05-26 10:14:30,814.35,726771
2021-05-26 10:14:30,814.35,726771
2021-05-26 10:14:31,814.35,726771
2021-05-26 10:14:32,814.7,727100
2021-05-26 10:14:33,814.7,727113
2021-05-26 10:14:34,814.7,727115
2021-05-26 10:14:36,814.65,727165
2021-05-26 10:14:37,814.65,727184
2021-05-26 10:14:41,814.5,728007
2021-05-26 10:14:41,814.5,728007
2021-05-26 10:14:42,814.35,729488
2021-05-26 10:14:43,814.35,729498
2021-05-26 10:14:44,814.35,729548
2021-05-26 10:14:45,814.5,729579
2021-05-26 10:14:46,814.5,729579
2021-05-26 10:14:47,814.35,729591
2021-05-26 10:14:48,814.35,729592
2021-05-26 10:14:49,814.5,729641
2021-05-26 10:14:50,814.5,729641
2021-05-26 10:14:51,814.5,729644
2021-05-26 10:14:52,814.5,729644
2021-05-26 10:14:53,814.5,729644
2021-05-26 10:14:54,814.5,729644
2021-05-26 10:14:56,814.5,729644
2021-05-26 10:14:57,814.35,729645
2021-05-26 10:14:58,814.35,729855
2021-05-26 10:14:59,814.35,729855
2021-05-26 10:15:01,814.35,730054
2021-05-26 10:15:03,814.35,730079
2021-05-26 10:15:02,814.35,730079
2021-05-26 10:15:04,814.35,730079
2021-05-26 10:15:05,814.5,730080
2021-05-26 10:15:06,814.5,730082
2021-05-26 10:15:07,814.5,730082
2021-05-26 10:15:09,814.5,730082
2021-05-26 10:15:10,814.5,730251
2021-05-26 10:15:11,814.5,730351
2021-05-26 10:15:12,814.5,730351
2021-05-26 10:15:13,814.5,730552
2021-05-26 10:15:13,814.5,730552
2021-05-26 10:15:14,814.5,730552
2021-05-26 10:15:15,814.5,730552
2021-05-26 10:15:16,814.5,730556
2021-05-26 10:15:18,814.5,730706
2021-05-26 10:15:19,814.2,730716
2021-05-26 10:15:20,814.35,730830
2021-05-26 10:15:21,814.2,730831
2021-05-26 10:15:23,814.5,730836
2021-05-26 10:15:22,814.2,730831
2021-05-26 10:15:23,814.5,730936
2021-05-26 10:15:24,814.5,730936
2021-05-26 10:15:25,814.2,730947
2021-05-26 10:15:26,814.2,731002
2021-05-26 10:15:28,814.5,731102
2021-05-26 10:15:29,814.5,731102
2021-05-26 10:15:30,814.5,731102
2021-05-26 10:15:31,814.2,731120
2021-05-26 10:15:33,814.5,731132
2021-05-26 10:15:34,814.2,731232
2021-05-26 10:15:35,814.2,731352
2021-05-26 10:15:36,814.2,731352
2021-05-26 10:15:37,814.2,731357
2021-05-26 10:15:38,814.2,731357
2021-05-26 10:15:39,814.2,731357
2021-05-26 10:15:40,814.5,731457
2021-05-26 10:15:41,814.5,731457
2021-05-26 10:15:42,814.2,731582
2021-05-26 10:15:43,814.2,732282
2021-05-26 10:15:44,814.2,732286
2021-05-26 10:15:44,814.2,732286
2021-05-26 10:15:46,814.2,732312
2021-05-26 10:15:48,814.2,732366
2021-05-26 10:15:49,814.2,732366
2021-05-26 10:15:49,814.2,732366
2021-05-26 10:15:50,814.2,732466
2021-05-26 10:15:51,814.5,732468
2021-05-26 10:15:52,814.5,732468
2021-05-26 10:15:53,814.2,732568
2021-05-26 10:15:54,814.3,732620
2021-05-26 10:15:55,814.3,732620
2021-05-26 10:15:56,814.4,735276
2021-05-26 10:15:59,814.45,736038
2021-05-26 10:16:00,814.45,736038
2021-05-26 10:16:01,814.1,736055
2021-05-26 10:16:02,814.1,736056
2021-05-26 10:16:03,814.1,736056
2021-05-26 10:16:03,814.1,736056
2021-05-26 10:16:04,814.1,736056
2021-05-26 10:16:06,814.35,736088
2021-05-26 10:16:08,814.4,736113
2021-05-26 10:16:09,814.1,736142
2021-05-26 10:16:10,814.1,736142
2021-05-26 10:16:11,814.1,736159
2021-05-26 10:16:11,814.1,736159
2021-05-26 10:16:12,814.1,736159
2021-05-26 10:16:13,814.4,736359
2021-05-26 10:16:14,814.0,737504
2021-05-26 10:16:15,814.0,737504
2021-05-26 10:16:16,814.0,737504
2021-05-26 10:16:17,814.4,737924
2021-05-26 10:16:19,814.4,737925
2021-05-26 10:16:21,814.2,737926
2021-05-26 10:16:22,814.35,737936
2021-05-26 10:16:23,814.4,738096
2021-05-26 10:16:24,814.45,738161
2021-05-26 10:16:25,814.4,738261
2021-05-26 10:16:26,814.45,738272
2021-05-26 10:16:26,814.45,738777
2021-05-26 10:16:27,814.45,738777
2021-05-26 10:16:28,814.45,738777
2021-05-26 10:16:29,814.5,739777
2021-05-26 10:16:32,814.4,739926
2021-05-26 10:16:33,814.4,740129
2021-05-26 10:16:33,814.4,740254
2021-05-26 10:16:34,814.1,741540
2021-05-26 10:16:35,814.1,741540
2021-05-26 10:16:36,814.1,741540
2021-05-26 10:16:38,814.1,742040
2021-05-26 10:16:39,814.3,742045
2021-05-26 10:16:40,814.3,742055
2021-05-26 10:16:41,814.3,742056
2021-05-26 10:16:42,814.3,742082
2021-05-26 10:16:43,814.3,742087
2021-05-26 10:16:43,814.3,742087
2021-05-26 10:16:44,814.3,742088
2021-05-26 10:16:45,814.3,742088
2021-05-26 10:16:46,814.3,742088
2021-05-26 10:16:48,814.1,742388
2021-05-26 10:16:49,814.1,742388
2021-05-26 10:16:50,814.1,742450
2021-05-26 10:16:51,814.1,742450
2021-05-26 10:16:52,814.1,743088
2021-05-26 10:16:52,814.1,743088
2021-05-26 10:16:53,814.3,743090
2021-05-26 10:16:54,814.3,743090
2021-05-26 10:16:55,814.3,743090
2021-05-26 10:16:56,814.05,745759
2021-05-26 10:16:57,814.05,745835
2021-05-26 10:16:58,814.0,746278
2021-05-26 10:16:59,814.05,746288
2021-05-26 10:17:00,814.05,746324
2021-05-26 10:17:03,814.0,746325
2021-05-26 10:17:03,814.0,746325
2021-05-26 10:17:04,814.0,746903
2021-05-26 10:17:06,814.05,747299
2021-05-26 10:17:07,813.8,753659
2021-05-26 10:17:07,813.8,753659
2021-05-26 10:17:08,813.8,753659
2021-05-26 10:17:10,813.4,753689
2021-05-26 10:17:11,813.35,754189
2021-05-26 10:17:11,813.35,754189
2021-05-26 10:17:12,813.4,754289
2021-05-26 10:17:13,813.4,754389
2021-05-26 10:17:14,813.45,754698
2021-05-26 10:17:16,813.8,754848
2021-05-26 10:17:17,813.8,754848
2021-05-26 10:17:17,813.8,754848
2021-05-26 10:17:18,813.8,754848
2021-05-26 10:17:20,813.45,755083
2021-05-26 10:17:21,813.8,755135
2021-05-26 10:17:21,813.8,755135
2021-05-26 10:17:23,813.8,755639
2021-05-26 10:17:24,813.5,755659
2021-05-26 10:17:25,813.8,755663
2021-05-26 10:17:25,813.5,755713
2021-05-26 10:17:26,813.8,755741
2021-05-26 10:17:27,813.8,755977
2021-05-26 10:17:28,813.5,755987
2021-05-26 10:17:30,813.45,756332
2021-05-26 10:17:31,813.75,756333
2021-05-26 10:17:32,813.45,756338
2021-05-26 10:17:33,813.55,756488
2021-05-26 10:17:34,813.55,756489
2021-05-26 10:17:34,813.55,756489
2021-05-26 10:17:35,813.55,756489
2021-05-26 10:17:37,813.55,756489
2021-05-26 10:17:38,813.5,756607
2021-05-26 10:17:39,813.5,756623
2021-05-26 10:17:40,813.5,756624
2021-05-26 10:17:41,813.4,756748
2021-05-26 10:17:42,813.4,756748
2021-05-26 10:17:44,813.5,756968
2021-05-26 10:17:45,813.4,757165
2021-05-26 10:17:45,813.4,757165
2021-05-26 10:17:47,813.5,757238
2021-05-26 10:17:48,813.4,757323
2021-05-26 10:17:50,813.35,757381
2021-05-26 10:17:51,813.35,757385
2021-05-26 10:17:52,813.35,757385
2021-05-26 10:17:53,813.35,757385
2021-05-26 10:17:54,813.35,757428
2021-05-26 10:17:54,813.35,757428
2021-05-26 10:17:57,813.2,757963
2021-05-26 10:17:57,813.2,757963
2021-05-26 10:17:59,813.2,758067
2021-05-26 10:18:00,813.2,758067
2021-05-26 10:18:01,813.05,758842
2021-05-26 10:18:01,813.05,758842
2021-05-26 10:18:03,813.45,760056
2021-05-26 10:18:04,813.2,760256
2021-05-26 10:18:05,813.2,760256
2021-05-26 10:18:07,813.45,760287
2021-05-26 10:18:07,813.5,760810
2021-05-26 10:18:08,813.3,760814
2021-05-26 10:18:09,813.5,761042
2021-05-26 10:18:11,813.5,761042
2021-05-26 10:18:12,813.5,761042
2021-05-26 10:18:13,813.5,761042
2021-05-26 10:18:14,813.45,761192
2021-05-26 10:18:15,813.5,761228
2021-05-26 10:18:16,813.65,762350
2021-05-26 10:18:16,813.45,762360
2021-05-26 10:18:17,813.65,762515
2021-05-26 10:18:19,813.65,762601
2021-05-26 10:18:20,813.65,762609
2021-05-26 10:18:21,813.75,762664
2021-05-26 10:18:22,813.75,762720
2021-05-26 10:18:23,813.75,762720
2021-05-26 10:18:24,813.75,762734
2021-05-26 10:18:25,813.6,762849
2021-05-26 10:18:26,813.8,762919
2021-05-26 10:18:26,813.8,762919
2021-05-26 10:18:27,813.8,762919
2021-05-26 10:18:28,813.8,762919
2021-05-26 10:18:30,813.75,762944
2021-05-26 10:18:31,813.8,762952
2021-05-26 10:18:33,813.75,763027
2021-05-26 10:18:34,813.75,763077
2021-05-26 10:18:35,813.75,763077
2021-05-26 10:18:35,813.75,763077
2021-05-26 10:18:36,813.8,763080
2021-05-26 10:18:37,813.75,763127
2021-05-26 10:18:38,813.75,763128
2021-05-26 10:18:40,813.75,763239
2021-05-26 10:18:41,814.0,765455
2021-05-26 10:18:42,813.8,765561
2021-05-26 10:18:43,814.0,765799
2021-05-26 10:18:44,813.95,766499
2021-05-26 10:18:45,813.95,766499
2021-05-26 10:18:46,814.0,766595
2021-05-26 10:18:46,814.5,768155
2021-05-26 10:18:48,814.25,768161
2021-05-26 10:18:49,814.5,768304
2021-05-26 10:18:50,814.5,768304
2021-05-26 10:18:51,814.5,768334
2021-05-26 10:18:52,814.5,768334
2021-05-26 10:18:53,814.5,768334
2021-05-26 10:18:54,814.5,768334
2021-05-26 10:18:55,814.5,769084
2021-05-26 10:18:56,814.35,769644
2021-05-26 10:18:57,814.5,769960
2021-05-26 10:18:58,814.5,769960
2021-05-26 10:19:00,814.55,770022
2021-05-26 10:19:01,814.55,770022
2021-05-26 10:19:02,814.55,770023
2021-05-26 10:19:03,814.55,770023
2021-05-26 10:19:04,814.55,770023
2021-05-26 10:19:05,814.5,770024
2021-05-26 10:19:06,814.5,770049
2021-05-26 10:19:07,814.0,773199
2021-05-26 10:19:07,814.0,773199
2021-05-26 10:19:08,814.3,773209
2021-05-26 10:19:09,814.3,773209
2021-05-26 10:19:10,814.3,773209
2021-05-26 10:19:12,814.3,773209
2021-05-26 10:19:13,814.3,773222
2021-05-26 10:19:13,814.0,773424
2021-05-26 10:19:14,814.0,773424
2021-05-26 10:19:16,814.0,773454
2021-05-26 10:19:17,814.0,773454
2021-05-26 10:19:18,814.0,773454
2021-05-26 10:19:19,814.4,773574
2021-05-26 10:19:20,814.4,773592
2021-05-26 10:19:21,814.4,773592
2021-05-26 10:19:22,814.45,773884
2021-05-26 10:19:23,814.45,773885
2021-05-26 10:19:24,814.45,773908
2021-05-26 10:19:25,814.3,773909
2021-05-26 10:19:26,814.3,773909
2021-05-26 10:19:28,814.3,773909
2021-05-26 10:19:29,814.3,773909
2021-05-26 10:19:30,814.3,773909
2021-05-26 10:19:31,814.3,774165
2021-05-26 10:19:32,814.3,774166
2021-05-26 10:19:33,814.4,774171
2021-05-26 10:19:34,814.4,774176
2021-05-26 10:19:35,814.4,774176
2021-05-26 10:19:36,814.4,774176
2021-05-26 10:19:37,814.4,774176
2021-05-26 10:19:38,814.0,774861
2021-05-26 10:19:39,814.0,774861
2021-05-26 10:19:40,814.45,774939
2021-05-26 10:19:41,814.45,774939
2021-05-26 10:19:42,814.45,774939
2021-05-26 10:19:43,814.45,774939
2021-05-26 10:19:44,814.45,775020
2021-05-26 10:19:45,814.45,775020
2021-05-26 10:19:46,814.45,775020
2021-05-26 10:19:49,814.45,775170
2021-05-26 10:19:48,814.45,775170
2021-05-26 10:19:50,814.45,775170
2021-05-26 10:19:51,814.4,775175
2021-05-26 10:19:52,814.4,775175
2021-05-26 10:19:53,814.4,775175
2021-05-26 10:19:54,814.4,775176
2021-05-26 10:19:55,814.45,775216
2021-05-26 10:19:56,814.45,775216
2021-05-26 10:19:57,814.45,775216
2021-05-26 10:19:58,814.45,775216
2021-05-26 10:19:59,814.45,775216
2021-05-26 10:20:00,814.45,775236
2021-05-26 10:20:01,814.45,775236
2021-05-26 10:20:02,814.45,775236
2021-05-26 10:20:03,814.45,775242
2021-05-26 10:20:04,814.45,775242
2021-05-26 10:20:05,814.45,775242
2021-05-26 10:20:06,814.45,775342
2021-05-26 10:20:07,814.4,775343
2021-05-26 10:20:08,814.4,775343
2021-05-26 10:20:10,814.4,775343
2021-05-26 10:20:09,814.4,775343
2021-05-26 10:20:11,814.4,775343
2021-05-26 10:20:12,814.4,775343
2021-05-26 10:20:13,814.4,775353
2021-05-26 10:20:14,814.4,775353
2021-05-26 10:20:15,814.4,775353
2021-05-26 10:20:16,814.45,775356
2021-05-26 10:20:17,814.4,776056
2021-05-26 10:20:20,814.4,776137
2021-05-26 10:20:21,814.4,776137
2021-05-26 10:20:22,814.45,776657
2021-05-26 10:20:23,814.45,776657
2021-05-26 10:20:26,814.4,776687
2021-05-26 10:20:25,814.45,776657
2021-05-26 10:20:27,814.45,776697
2021-05-26 10:20:28,814.45,776717
2021-05-26 10:20:29,814.45,776717
2021-05-26 10:20:30,814.45,776717
2021-05-26 10:20:31,814.45,776717
2021-05-26 10:20:33,814.45,776768
2021-05-26 10:20:32,814.45,776768
2021-05-26 10:20:34,814.45,776829
2021-05-26 10:20:35,814.45,776830
2021-05-26 10:20:36,814.45,776831
2021-05-26 10:20:37,814.45,776831
2021-05-26 10:20:38,814.45,776831
2021-05-26 10:20:39,814.45,776831
2021-05-26 10:20:40,814.4,776836
2021-05-26 10:20:41,814.4,777536
2021-05-26 10:20:42,814.45,777546
2021-05-26 10:20:43,814.45,777705
2021-05-26 10:20:44,814.45,777705
2021-05-26 10:20:45,814.45,777706
2021-05-26 10:20:47,814.45,777706
2021-05-26 10:20:48,814.4,777846
2021-05-26 10:20:50,814.45,777861
2021-05-26 10:20:49,814.4,777846
2021-05-26 10:20:51,814.55,783041
2021-05-26 10:20:52,814.65,783781
2021-05-26 10:20:54,814.7,784239
2021-05-26 10:20:55,814.7,784239
2021-05-26 10:20:57,814.7,784239
2021-05-26 10:20:58,814.9,784441
2021-05-26 10:20:59,814.85,784633
2021-05-26 10:21:00,814.85,784633
2021-05-26 10:21:01,814.85,784633
2021-05-26 10:21:02,814.85,784634
2021-05-26 10:21:03,814.85,784729
2021-05-26 10:21:04,814.9,784823
2021-05-26 10:21:05,814.85,784825
2021-05-26 10:21:06,814.85,784906
2021-05-26 10:21:07,814.85,784906
2021-05-26 10:21:08,814.9,784960
2021-05-26 10:21:09,814.9,785261
2021-05-26 10:21:11,815.0,785598
2021-05-26 10:21:12,815.0,785666
2021-05-26 10:21:13,815.0,785717
2021-05-26 10:21:14,815.0,785717
2021-05-26 10:21:15,815.0,785717
2021-05-26 10:21:16,815.2,786076
2021-05-26 10:21:17,815.2,786076
2021-05-26 10:21:18,815.2,786176
2021-05-26 10:21:19,815.2,786176
2021-05-26 10:21:20,815.15,786285
2021-05-26 10:21:21,814.3,790783
2021-05-26 10:21:22,814.85,791610
2021-05-26 10:21:24,814.35,792310
2021-05-26 10:21:28,814.8,792333
2021-05-26 10:21:31,814.8,792568
2021-05-26 10:21:35,814.6,793039
2021-05-26 10:21:42,815.55,803815
2021-05-26 10:21:45,815.6,803846
2021-05-26 10:21:49,814.95,807371
2021-05-26 10:21:52,814.4,809473
2021-05-26 10:21:56,814.8,809522
2021-05-26 10:21:59,814.8,809665
2021-05-26 10:22:03,814.8,809715
2021-05-26 10:22:06,814.8,809715
2021-05-26 10:22:10,814.6,809760
2021-05-26 10:22:14,814.55,810762
2021-05-26 10:22:17,814.6,810864
2021-05-26 10:22:20,814.55,810893
2021-05-26 10:22:24,814.6,811205
2021-05-26 10:22:27,814.5,814790
2021-05-26 10:22:31,814.5,814837
2021-05-26 10:22:34,814.55,814858
2021-05-26 10:22:37,814.5,814960
2021-05-26 10:22:40,814.5,814960
2021-05-26 10:22:44,814.45,815164
2021-05-26 10:22:47,814.45,815164
2021-05-26 10:22:51,814.1,815481
2021-05-26 10:22:54,814.1,815851
2021-05-26 10:22:58,814.1,815853
2021-05-26 10:23:01,814.1,815906
2021-05-26 10:23:05,813.5,822093
2021-05-26 10:23:08,813.6,822118
2021-05-26 10:23:11,814.0,822327
2021-05-26 10:23:15,813.6,822343
2021-05-26 10:23:18,813.6,822344
2021-05-26 10:23:23,814.0,822562
2021-05-26 10:23:27,813.65,823279
2021-05-26 10:23:31,814.0,823331
2021-05-26 10:23:35,814.0,823506
2021-05-26 10:23:38,813.95,823522
2021-05-26 10:23:42,813.65,823653
2021-05-26 10:23:47,813.95,823673
2021-05-26 10:23:51,813.8,823990
2021-05-26 10:23:55,813.65,824182
2021-05-26 10:23:59,813.8,824289
2021-05-26 10:24:02,813.65,824290
2021-05-26 10:24:06,813.65,824342
2021-05-26 10:24:10,813.8,824392
2021-05-26 10:24:14,813.6,824732
2021-05-26 10:24:17,813.7,824895
2021-05-26 10:24:21,813.6,824945
2021-05-26 10:24:24,813.6,825374
2021-05-26 10:24:28,813.6,826956
2021-05-26 10:24:31,813.7,827131
2021-05-26 10:24:35,813.4,827171
2021-05-26 10:24:38,813.2,829171
2021-05-26 10:24:42,813.55,829250
2021-05-26 10:24:46,813.6,829487
2021-05-26 10:24:49,813.35,830259
2021-05-26 10:24:52,813.45,830408
2021-05-26 10:24:56,813.15,830668
2021-05-26 10:24:59,813.35,830758
2021-05-26 10:25:07,813.2,832642
2021-05-26 10:25:11,813.35,832811
2021-05-26 10:25:15,813.35,832811
2021-05-26 10:25:19,813.6,833261
2021-05-26 10:25:27,813.4,833323
2021-05-26 10:25:31,813.4,833710
2021-05-26 10:25:34,813.4,833815
2021-05-26 10:25:38,813.85,833840
2021-05-26 10:25:41,813.6,834130
2021-05-26 10:25:45,813.6,834140
2021-05-26 10:25:48,813.6,834344
2021-05-26 10:25:52,813.9,834545
2021-05-26 10:25:59,813.85,835180
2021-05-26 10:26:03,813.9,835463
2021-05-26 10:26:07,813.85,835553
2021-05-26 10:26:11,813.95,835806
2021-05-26 10:26:15,814.0,835954
2021-05-26 10:26:18,814.0,836064
2021-05-26 10:26:22,814.0,836093
2021-05-26 10:26:24,814.15,838625
2021-05-26 10:26:25,814.15,838675
2021-05-26 10:26:26,814.15,838691
2021-05-26 10:26:27,814.25,838722
2021-05-26 10:26:28,814.3,838846
2021-05-26 10:26:29,814.3,838846
2021-05-26 10:26:29,814.3,838846
2021-05-26 10:26:30,814.5,839183
2021-05-26 10:26:31,814.65,839399
2021-05-26 10:26:32,814.65,839399
2021-05-26 10:26:33,814.65,839399
2021-05-26 10:26:34,814.65,839399
2021-05-26 10:26:35,814.8,839403
2021-05-26 10:26:36,814.45,839916
2021-05-26 10:26:38,814.6,840079
2021-05-26 10:26:39,814.6,840079
2021-05-26 10:26:40,814.6,840079
2021-05-26 10:26:40,814.6,840079
2021-05-26 10:26:41,814.45,840080
2021-05-26 10:26:42,814.45,840080
2021-05-26 10:26:43,813.8,846030
2021-05-26 10:26:44,813.5,846830
2021-05-26 10:26:45,813.5,846830
2021-05-26 10:26:47,814.0,846831
2021-05-26 10:26:48,813.55,846841
2021-05-26 10:26:49,813.55,846841
2021-05-26 10:26:50,814.0,846863
2021-05-26 10:26:51,813.55,846963
2021-05-26 10:26:51,813.55,846963
2021-05-26 10:26:52,814.0,847008
2021-05-26 10:26:53,814.0,847008
2021-05-26 10:26:54,814.0,847010
2021-05-26 10:26:56,813.6,847045
2021-05-26 10:26:55,813.6,847045
2021-05-26 10:26:57,814.0,847048
2021-05-26 10:26:58,814.0,847049
2021-05-26 10:26:59,814.0,847049
2021-05-26 10:27:00,814.0,847049
2021-05-26 10:27:01,813.65,847085
2021-05-26 10:27:02,814.0,847135
2021-05-26 10:27:03,813.65,847186
2021-05-26 10:27:04,813.65,847186
2021-05-26 10:27:05,813.65,847187
2021-05-26 10:27:06,813.65,847187
2021-05-26 10:27:07,813.9,847197
2021-05-26 10:27:09,814.1,847640
2021-05-26 10:27:10,814.1,847640
2021-05-26 10:27:11,814.1,847640
2021-05-26 10:27:11,814.05,847665
2021-05-26 10:27:12,814.05,847665
2021-05-26 10:27:13,814.3,848559
2021-05-26 10:27:14,814.15,848574
2021-05-26 10:27:15,814.3,848663
2021-05-26 10:27:16,814.4,848669
2021-05-26 10:27:17,814.1,848670
2021-05-26 10:27:19,814.1,848670
2021-05-26 10:27:20,814.5,848901
2021-05-26 10:27:21,814.4,848902
2021-05-26 10:27:22,814.4,848902
2021-05-26 10:27:23,814.4,848902
2021-05-26 10:27:25,814.4,848902
2021-05-26 10:27:26,814.4,848902
2021-05-26 10:27:27,814.5,848907
2021-05-26 10:27:27,814.5,848908
2021-05-26 10:27:28,814.5,849008
2021-05-26 10:27:29,814.4,849009
2021-05-26 10:27:30,814.5,849138
2021-05-26 10:27:31,814.4,849188
2021-05-26 10:27:32,814.4,849188
2021-05-26 10:27:33,814.5,849255
2021-05-26 10:27:35,814.5,849271
2021-05-26 10:27:36,814.5,849271
2021-05-26 10:27:38,814.5,849273
2021-05-26 10:27:39,814.25,849922
2021-05-26 10:27:39,814.25,849922
2021-05-26 10:27:40,814.4,849923
2021-05-26 10:27:42,814.5,850098
2021-05-26 10:27:43,814.5,850099
2021-05-26 10:27:44,814.5,850104
2021-05-26 10:27:45,814.5,850104
2021-05-26 10:27:46,814.55,850304
2021-05-26 10:27:47,814.55,850304
2021-05-26 10:27:48,814.55,850304
2021-05-26 10:27:49,814.3,850305
2021-05-26 10:27:50,814.3,850305
2021-05-26 10:27:52,814.3,850305
2021-05-26 10:27:53,814.3,850305
2021-05-26 10:27:54,814.4,850309
2021-05-26 10:27:55,814.5,850319
2021-05-26 10:27:55,814.5,850319
2021-05-26 10:27:57,814.55,850444
2021-05-26 10:27:58,814.55,850452
2021-05-26 10:27:59,814.55,850452
2021-05-26 10:28:01,814.55,850452
2021-05-26 10:28:02,814.55,850452
2021-05-26 10:28:03,814.55,850452
2021-05-26 10:28:04,814.55,850452
2021-05-26 10:28:05,814.55,850452
2021-05-26 10:28:06,814.6,850502
2021-05-26 10:28:07,814.55,850503
2021-05-26 10:28:08,814.7,850506
2021-05-26 10:28:09,814.7,850506
2021-05-26 10:28:10,814.6,850605
2021-05-26 10:28:10,814.6,850608
2021-05-26 10:28:12,814.7,850658
2021-05-26 10:28:12,814.7,850658
2021-05-26 10:28:13,814.7,850658
2021-05-26 10:28:15,814.75,850743
2021-05-26 10:28:16,814.75,850743
2021-05-26 10:28:17,814.75,850743
2021-05-26 10:28:18,814.8,850755
2021-05-26 10:28:19,814.7,850965
2021-05-26 10:28:20,814.6,850967
2021-05-26 10:28:22,814.6,851067
2021-05-26 10:28:23,814.75,851088
2021-05-26 10:28:24,814.6,851756
2021-05-26 10:28:25,814.6,851756
2021-05-26 10:28:27,814.6,852476
2021-05-26 10:28:28,814.8,852527
2021-05-26 10:28:29,814.8,852527
2021-05-26 10:28:30,814.8,852527
2021-05-26 10:28:30,814.8,852527
2021-05-26 10:28:32,814.7,852544
2021-05-26 10:28:33,814.7,852544
2021-05-26 10:28:34,814.8,852571
2021-05-26 10:28:36,814.8,852571
2021-05-26 10:28:37,814.8,852582
2021-05-26 10:28:37,814.8,852582
2021-05-26 10:28:38,814.8,852587
2021-05-26 10:28:39,814.8,853344
2021-05-26 10:28:41,814.8,853437
2021-05-26 10:28:42,814.8,853442
2021-05-26 10:28:43,814.8,853442
2021-05-26 10:28:44,814.8,853442
2021-05-26 10:28:45,814.8,853442
2021-05-26 10:28:45,814.8,853442
2021-05-26 10:28:47,814.8,853442
2021-05-26 10:28:48,814.8,853442
2021-05-26 10:28:49,814.8,853492
2021-05-26 10:28:49,814.8,853492
2021-05-26 10:28:51,814.8,853492
2021-05-26 10:28:52,814.7,853497
2021-05-26 10:28:53,814.7,853497
2021-05-26 10:28:55,814.8,853597
2021-05-26 10:28:57,814.8,853597
2021-05-26 10:28:57,814.8,853702
2021-05-26 10:28:59,814.8,853702
2021-05-26 10:29:01,814.8,853725
2021-05-26 10:29:01,814.8,853730
2021-05-26 10:29:02,814.8,853740
2021-05-26 10:29:03,814.75,854259
2021-05-26 10:29:04,814.75,854964
2021-05-26 10:29:06,814.8,855531
2021-05-26 10:29:07,814.8,855531
2021-05-26 10:29:09,814.8,855531
2021-05-26 10:29:11,814.75,855649
2021-05-26 10:29:12,814.75,855649
2021-05-26 10:29:12,814.75,855649
2021-05-26 10:29:13,814.75,855649
2021-05-26 10:29:14,814.8,855650
2021-05-26 10:29:16,814.8,855650
2021-05-26 10:29:17,814.95,855760
2021-05-26 10:29:18,815.0,857015
2021-05-26 10:29:19,814.8,857169
2021-05-26 10:29:20,815.0,857326
2021-05-26 10:29:21,815.0,857326
2021-05-26 10:29:22,815.0,857326
2021-05-26 10:29:23,815.0,857411
2021-05-26 10:29:24,815.0,857442
2021-05-26 10:29:25,814.8,857443
2021-05-26 10:29:26,814.8,857443
2021-05-26 10:29:27,815.0,857544
2021-05-26 10:29:28,815.0,857546
2021-05-26 10:29:28,815.0,857546
2021-05-26 10:29:29,815.15,857826
2021-05-26 10:29:31,815.0,857863
2021-05-26 10:29:33,814.9,858656
2021-05-26 10:29:34,815.25,858747
2021-05-26 10:29:35,815.25,858747
2021-05-26 10:29:36,815.25,858747
2021-05-26 10:29:37,815.25,858747
2021-05-26 10:29:38,815.25,858747
2021-05-26 10:29:39,815.25,858747
2021-05-26 10:29:40,815.25,858747
2021-05-26 10:29:41,815.25,858747
2021-05-26 10:29:42,815.25,858747
2021-05-26 10:29:44,815.25,858747
2021-05-26 10:29:45,815.25,858747
2021-05-26 10:29:46,815.35,858748
2021-05-26 10:29:48,815.35,858748
2021-05-26 10:29:49,815.35,858748
2021-05-26 10:29:50,815.35,858753
2021-05-26 10:29:50,815.35,858853
2021-05-26 10:29:51,815.35,858853
2021-05-26 10:29:52,815.35,858853
2021-05-26 10:29:53,815.35,858853
2021-05-26 10:29:56,815.35,858972
2021-05-26 10:29:57,815.35,858973
2021-05-26 10:29:58,815.35,858973
2021-05-26 10:29:59,815.35,859013
2021-05-26 10:30:00,815.35,859031
2021-05-26 10:30:02,815.3,859351
2021-05-26 10:30:03,815.3,859904
2021-05-26 10:30:04,815.3,860104
2021-05-26 10:30:05,815.5,861951
2021-05-26 10:30:06,815.5,861951
2021-05-26 10:30:07,815.3,862917
2021-05-26 10:30:08,815.75,863033
2021-05-26 10:30:09,815.75,863033
2021-05-26 10:30:10,815.5,863321
2021-05-26 10:30:11,815.7,863344
2021-05-26 10:30:12,815.7,863345
2021-05-26 10:30:13,815.7,863345
2021-05-26 10:30:14,815.55,863667
2021-05-26 10:30:15,815.55,863667
2021-05-26 10:30:16,815.55,863667
2021-05-26 10:30:17,815.7,863812
2021-05-26 10:30:18,815.7,863812
2021-05-26 10:30:19,815.7,863812
2021-05-26 10:30:20,815.7,863812
2021-05-26 10:30:21,815.7,863812
2021-05-26 10:30:22,815.7,863812
2021-05-26 10:30:23,815.7,863814
2021-05-26 10:30:24,815.5,863964
2021-05-26 10:30:26,815.9,864467
2021-05-26 10:30:27,815.55,864468
2021-05-26 10:30:28,815.55,864468
2021-05-26 10:30:29,815.85,864518
2021-05-26 10:30:31,815.85,864573
2021-05-26 10:30:32,815.85,864573
2021-05-26 10:30:33,815.55,864578
2021-05-26 10:30:34,815.85,864579
2021-05-26 10:30:35,815.55,864592
2021-05-26 10:30:36,815.55,864592
2021-05-26 10:30:37,815.8,864697
2021-05-26 10:30:39,815.8,864697
2021-05-26 10:30:38,815.8,864697
2021-05-26 10:30:40,815.8,864740
2021-05-26 10:30:41,815.8,864740
2021-05-26 10:30:42,815.8,864740
2021-05-26 10:30:43,815.8,864740
2021-05-26 10:30:44,815.95,865240
2021-05-26 10:30:45,815.95,865240
2021-05-26 10:30:46,815.8,865448
2021-05-26 10:30:47,815.8,865448
2021-05-26 10:30:48,815.8,865448
2021-05-26 10:30:49,815.95,865452
2021-05-26 10:30:50,815.8,866184
2021-05-26 10:30:52,815.75,867658
2021-05-26 10:30:53,815.7,867728
2021-05-26 10:30:54,815.7,867728
2021-05-26 10:30:55,815.7,868358
2021-05-26 10:30:56,815.8,870356
2021-05-26 10:30:57,815.8,870356
2021-05-26 10:30:58,815.8,870356
2021-05-26 10:30:59,815.55,870406
2021-05-26 10:31:00,815.8,870407
2021-05-26 10:31:01,815.8,870407
2021-05-26 10:31:02,815.85,870557
2021-05-26 10:31:03,815.85,870557
2021-05-26 10:31:05,815.85,870558
2021-05-26 10:31:07,815.6,870568
2021-05-26 10:31:08,815.6,870568
2021-05-26 10:31:09,815.6,870568
2021-05-26 10:31:10,815.6,870568
2021-05-26 10:31:11,815.6,870568
2021-05-26 10:31:12,815.85,870613
2021-05-26 10:31:13,815.85,870613
2021-05-26 10:31:14,815.85,870628
2021-05-26 10:31:15,815.85,870628
2021-05-26 10:31:17,815.85,870630
2021-05-26 10:31:16,815.85,870629
2021-05-26 10:31:18,815.85,870640
2021-05-26 10:31:19,815.85,870640
2021-05-26 10:31:20,815.85,870641
2021-05-26 10:31:21,815.85,870641
2021-05-26 10:31:22,815.85,870641
2021-05-26 10:31:23,815.85,870642
2021-05-26 10:31:27,815.85,870746
2021-05-26 10:31:33,815.75,870827
2021-05-26 10:31:37,815.85,870927
2021-05-26 10:31:40,816.0,871081
2021-05-26 10:31:47,816.05,871820
2021-05-26 10:31:51,816.2,873590
2021-05-26 10:31:54,816.15,873619
2021-05-26 10:31:57,816.15,873645
2021-05-26 10:32:01,816.15,873748
2021-05-26 10:32:04,816.15,873759
2021-05-26 10:32:07,816.15,873959
2021-05-26 10:32:11,816.05,874583
2021-05-26 10:32:15,816.05,874583
2021-05-26 10:32:18,816.05,874714
2021-05-26 10:32:21,816.1,874864
2021-05-26 10:32:24,816.1,874867
2021-05-26 10:32:28,816.05,876939
2021-05-26 10:32:31,816.1,880080
2021-05-26 10:32:35,816.1,880086
2021-05-26 10:32:38,816.1,880088
2021-05-26 10:32:41,816.1,880089
2021-05-26 10:32:45,816.1,880270
2021-05-26 10:32:48,816.2,880275
2021-05-26 10:32:51,816.1,880380
2021-05-26 10:32:54,816.1,880381
2021-05-26 10:33:01,816.1,880596
2021-05-26 10:33:05,816.05,880846
2021-05-26 10:33:09,816.05,881488
2021-05-26 10:33:12,815.65,882036
2021-05-26 10:33:16,816.0,882386
2021-05-26 10:33:20,815.95,882511
2021-05-26 10:33:23,815.85,882553
2021-05-26 10:33:27,815.25,883616
2021-05-26 10:33:31,815.5,883627
2021-05-26 10:33:35,815.25,883635
2021-05-26 10:33:39,815.5,883637
2021-05-26 10:33:42,815.5,884077
2021-05-26 10:33:49,815.4,884379
2021-05-26 10:33:52,815.25,884571
2021-05-26 10:33:58,815.25,884790
2021-05-26 10:34:01,815.2,884793
2021-05-26 10:34:05,815.0,885469
2021-05-26 10:34:08,815.25,885544
2021-05-26 10:34:11,815.0,885554
2021-05-26 10:34:15,815.0,885554
2021-05-26 10:34:18,815.05,885659
2021-05-26 10:34:22,815.05,886058
2021-05-26 10:34:25,815.05,886058
2021-05-26 10:34:28,814.8,886763
2021-05-26 10:34:32,815.05,886861
2021-05-26 10:34:35,814.8,887033
2021-05-26 10:34:38,814.8,887048
2021-05-26 10:34:42,814.85,887064
2021-05-26 10:34:45,814.85,887116
2021-05-26 10:34:48,815.0,888076
2021-05-26 10:34:51,814.85,888337
2021-05-26 10:34:55,814.85,888337
2021-05-26 10:34:58,814.85,888337
2021-05-26 10:35:01,814.85,888337
2021-05-26 10:35:04,815.0,888347
2021-05-26 10:35:08,815.0,888347
2021-05-26 10:35:11,814.85,888355
2021-05-26 10:35:15,814.85,888355
2021-05-26 10:35:18,814.85,888355
2021-05-26 10:35:22,814.85,888355
2021-05-26 10:35:25,815.0,888408
2021-05-26 10:35:29,814.85,888927
2021-05-26 10:35:32,814.85,889108
2021-05-26 10:35:35,814.85,890330
2021-05-26 10:35:38,814.7,890523
2021-05-26 10:35:41,814.8,890647
2021-05-26 10:35:45,814.85,890648
2021-05-26 10:35:52,814.85,890844
2021-05-26 10:35:55,814.8,890864
2021-05-26 10:35:58,814.85,890896
2021-05-26 10:36:02,814.35,895131
2021-05-26 10:36:06,814.35,896093
2021-05-26 10:36:09,814.0,896361
2021-05-26 10:36:13,814.0,896470
2021-05-26 10:36:16,814.0,896702
2021-05-26 10:36:20,814.65,898326
2021-05-26 10:36:24,814.4,898495
2021-05-26 10:36:27,814.65,898512
2021-05-26 10:36:31,814.55,898537
2021-05-26 10:36:34,814.55,898542
2021-05-26 10:36:37,814.65,898552
2021-05-26 10:36:41,814.55,898555
2021-05-26 10:36:44,814.8,898819
2021-05-26 10:36:48,814.55,898833
2021-05-26 10:36:51,814.55,899239
2021-05-26 10:36:55,814.85,899300
2021-05-26 10:36:58,814.85,899500
2021-05-26 10:37:01,814.9,899616
2021-05-26 10:37:04,814.55,899666
2021-05-26 10:37:11,814.9,900000
2021-05-26 10:37:15,814.9,900000
2021-05-26 10:37:18,814.9,900000
2021-05-26 10:37:22,814.9,900000
2021-05-26 10:37:25,814.9,900106
2021-05-26 10:37:28,814.9,900817
2021-05-26 10:37:31,814.9,900922
2021-05-26 10:37:35,814.9,900958
2021-05-26 10:37:41,814.8,900989
2021-05-26 10:37:44,814.9,902412
2021-05-26 10:37:47,814.9,902580
2021-05-26 10:37:50,814.9,902717
2021-05-26 10:37:54,814.9,902727
2021-05-26 10:38:01,814.8,903810
2021-05-26 10:38:04,814.9,903815
2021-05-26 10:38:08,814.9,903915
2021-05-26 10:38:12,815.05,906902
2021-05-26 10:38:16,815.25,907227
2021-05-26 10:38:19,815.25,907228
2021-05-26 10:38:23,815.25,907529
2021-05-26 10:38:26,815.2,907589
2021-05-26 10:38:29,815.2,907589
2021-05-26 10:38:32,815.25,907596
2021-05-26 10:38:36,815.25,907601
2021-05-26 10:38:40,815.25,907601
2021-05-26 10:38:48,815.25,907653
2021-05-26 10:38:51,815.25,908419
2021-05-26 10:38:55,815.55,908537
2021-05-26 10:38:58,815.8,908581
2021-05-26 10:39:02,815.8,908581
2021-05-26 10:39:05,815.5,908822
2021-05-26 10:39:08,815.8,908855
2021-05-26 10:39:11,815.8,908870
2021-05-26 10:39:14,815.8,908870
2021-05-26 10:39:17,815.9,909390
2021-05-26 10:39:20,815.95,909500
2021-05-26 10:39:23,815.95,909650
2021-05-26 10:39:26,815.95,910364
2021-05-26 10:39:29,815.9,913172
2021-05-26 10:39:33,815.9,913305
2021-05-26 10:39:37,816.2,916118
2021-05-26 10:39:40,816.05,916332
2021-05-26 10:39:43,816.05,916332
2021-05-26 10:39:46,816.4,916853
2021-05-26 10:39:50,816.5,917338
2021-05-26 10:39:53,816.0,922185
2021-05-26 10:39:56,816.3,922285
2021-05-26 10:40:00,816.4,922365
2021-05-26 10:40:03,816.2,922385
2021-05-26 10:40:08,816.2,922658
2021-05-26 10:40:12,816.3,923307
2021-05-26 10:40:15,816.3,923358
2021-05-26 10:40:18,815.3,927148
2021-05-26 10:40:22,815.25,927452
2021-05-26 10:40:25,815.3,927507
2021-05-26 10:40:28,815.3,927507
2021-05-26 10:40:32,815.5,928412
2021-05-26 10:40:35,815.7,928526
2021-05-26 10:40:39,815.4,928625
2021-05-26 10:40:42,815.8,928646
2021-05-26 10:40:45,815.8,928646
2021-05-26 10:40:49,815.7,928877
2021-05-26 10:40:52,815.8,928903
2021-05-26 10:40:56,815.8,928904
2021-05-26 10:41:00,815.85,929015
2021-05-26 10:41:03,815.85,929066
2021-05-26 10:41:07,815.85,929081
2021-05-26 10:41:11,815.7,930317
2021-05-26 10:41:14,815.5,931180
2021-05-26 10:41:18,815.5,931180
2021-05-26 10:41:21,815.5,931180
2021-05-26 10:41:24,815.6,931480
2021-05-26 10:41:27,814.55,933332
2021-05-26 10:41:31,814.6,933509
2021-05-26 10:41:35,814.6,933589
2021-05-26 10:41:39,814.65,934017
2021-05-26 10:41:42,815.0,934019
2021-05-26 10:41:45,815.0,934021
2021-05-26 10:41:48,814.95,934025
2021-05-26 10:41:52,815.0,934051
2021-05-26 10:41:55,815.0,934051
2021-05-26 10:41:58,815.0,934051
2021-05-26 10:42:01,814.65,935110
2021-05-26 10:42:04,815.0,935240
2021-05-26 10:42:08,814.5,936175
2021-05-26 10:42:11,814.7,936528
2021-05-26 10:42:14,814.7,936533
2021-05-26 10:42:18,814.65,937383
2021-05-26 10:42:21,814.7,937657
2021-05-26 10:42:25,814.35,937663
2021-05-26 10:42:29,814.25,938405
2021-05-26 10:42:33,814.65,938476
2021-05-26 10:42:36,814.65,938476
2021-05-26 10:42:42,814.55,938524
2021-05-26 10:42:45,814.5,938534
2021-05-26 10:42:48,814.5,938685
2021-05-26 10:42:51,814.25,938838
2021-05-26 10:42:55,814.25,938838
2021-05-26 10:42:57,814.25,938838
2021-05-26 10:43:00,814.5,938839
2021-05-26 10:43:03,814.5,938842
2021-05-26 10:43:07,814.35,939833
2021-05-26 10:43:10,814.35,939919
2021-05-26 10:43:12,814.35,939919
2021-05-26 10:43:15,814.3,939942
2021-05-26 10:43:18,814.05,940387
2021-05-26 10:43:22,814.25,940401
2021-05-26 10:43:25,814.0,941058
2021-05-26 10:43:28,814.3,941206
2021-05-26 10:43:31,814.45,941389
2021-05-26 10:43:34,814.45,941430
2021-05-26 10:43:37,814.45,941431
2021-05-26 10:43:40,814.45,942373
2021-05-26 10:43:43,814.5,942561
2021-05-26 10:43:49,814.45,943002
2021-05-26 10:43:52,814.45,943013
2021-05-26 10:43:55,814.45,943267
2021-05-26 10:43:58,814.75,943333
2021-05-26 10:44:01,814.5,944061
2021-05-26 10:44:05,814.55,944146
2021-05-26 10:44:07,814.55,944146
2021-05-26 10:44:11,814.35,948773
2021-05-26 10:44:13,814.35,949010
2021-05-26 10:44:16,814.35,949071
2021-05-26 10:44:20,814.35,949071
2021-05-26 10:44:23,814.35,949071
2021-05-26 10:44:26,814.5,949381
2021-05-26 10:44:29,814.3,949436
2021-05-26 10:44:32,813.75,950311
2021-05-26 10:44:35,813.95,950500
2021-05-26 10:44:38,813.55,950510
2021-05-26 10:44:41,813.6,950711
2021-05-26 10:44:44,813.65,951906
2021-05-26 10:44:47,813.7,952796
2021-05-26 10:44:50,814.1,953316
2021-05-26 10:44:53,814.1,953316
2021-05-26 10:44:59,813.95,953317
2021-05-26 10:45:01,813.95,953317
2021-05-26 10:45:04,814.15,953348
2021-05-26 10:45:07,814.05,953374
2021-05-26 10:45:11,814.05,953508
2021-05-26 10:45:14,814.05,953521
2021-05-26 10:45:17,814.15,953603
2021-05-26 10:45:21,814.15,953603
2021-05-26 10:45:24,814.05,953605
2021-05-26 10:45:27,814.15,954505
2021-05-26 10:45:34,813.95,955579
2021-05-26 10:45:38,813.95,955651
2021-05-26 10:45:42,813.95,955828
2021-05-26 10:45:45,813.95,956072
2021-05-26 10:45:48,814.05,957573
2021-05-26 10:45:52,814.3,958124
2021-05-26 10:45:55,814.3,958193
2021-05-26 10:45:59,814.25,958294
2021-05-26 10:46:02,814.45,958464
2021-05-26 10:46:05,814.45,958464
2021-05-26 10:46:08,814.45,958504
2021-05-26 10:46:12,814.45,958629
2021-05-26 10:46:15,814.5,958635
2021-05-26 10:46:18,814.5,958635
2021-05-26 10:46:21,814.5,958636
2021-05-26 10:46:23,814.45,958644
2021-05-26 10:46:24,814.45,958644
2021-05-26 10:46:25,814.45,958644
2021-05-26 10:46:26,814.45,958644
2021-05-26 10:46:27,814.5,958650
2021-05-26 10:46:27,814.5,958650
2021-05-26 10:46:28,814.5,958660
2021-05-26 10:46:29,814.5,958660
2021-05-26 10:46:30,814.45,958667
2021-05-26 10:46:31,814.45,958667
2021-05-26 10:46:33,814.25,961301
2021-05-26 10:46:34,814.25,961319
2021-05-26 10:46:35,814.25,961472
2021-05-26 10:46:37,814.25,961472
2021-05-26 10:46:38,814.25,961472
2021-05-26 10:46:39,814.25,961472
2021-05-26 10:46:39,814.25,961472
2021-05-26 10:46:40,814.35,961647
2021-05-26 10:46:41,814.25,962999
2021-05-26 10:46:42,814.25,962999
2021-05-26 10:46:43,814.3,963199
2021-05-26 10:46:45,814.3,963199
2021-05-26 10:46:46,814.3,963201
2021-05-26 10:46:47,814.3,963202
2021-05-26 10:46:49,814.3,963233
2021-05-26 10:46:50,814.3,963233
2021-05-26 10:46:51,814.3,963235
2021-05-26 10:46:52,814.3,963324
2021-05-26 10:46:53,814.3,963324
2021-05-26 10:46:56,814.3,963424
2021-05-26 10:46:57,814.3,963524
2021-05-26 10:46:58,814.3,963524
2021-05-26 10:46:59,814.25,963535
2021-05-26 10:46:59,814.25,963535
2021-05-26 10:47:00,814.35,963606
2021-05-26 10:47:01,814.35,963606
2021-05-26 10:47:02,814.35,963606
2021-05-26 10:47:03,814.35,963606
2021-05-26 10:47:04,814.35,963606
2021-05-26 10:47:06,814.35,963606
2021-05-26 10:47:07,814.25,963626
2021-05-26 10:47:08,814.25,963626
2021-05-26 10:47:09,814.2,964246
2021-05-26 10:47:09,814.2,964246
2021-05-26 10:47:10,814.2,964246
2021-05-26 10:47:12,814.4,964256
2021-05-26 10:47:13,814.4,964256
2021-05-26 10:47:14,814.3,964356
2021-05-26 10:47:15,814.3,964356
2021-05-26 10:47:16,814.3,964356
2021-05-26 10:47:17,814.3,964356
2021-05-26 10:47:18,814.4,964361
2021-05-26 10:47:19,814.4,964361
2021-05-26 10:47:20,814.4,964372
2021-05-26 10:47:21,814.4,964372
2021-05-26 10:47:22,814.4,964382
2021-05-26 10:47:23,814.4,964392
2021-05-26 10:47:24,814.4,964392
2021-05-26 10:47:25,814.4,964392
2021-05-26 10:47:25,814.4,964392
2021-05-26 10:47:27,814.4,964408
2021-05-26 10:47:27,814.4,964408
2021-05-26 10:47:30,814.4,964425
2021-05-26 10:47:31,814.4,964425
2021-05-26 10:47:32,814.35,964505
2021-05-26 10:47:33,814.35,964505
2021-05-26 10:47:34,814.35,964505
2021-05-26 10:47:35,814.35,964505
2021-05-26 10:47:36,814.35,964505
2021-05-26 10:47:37,814.4,964506
2021-05-26 10:47:38,814.4,964506
2021-05-26 10:47:39,814.35,965542
2021-05-26 10:47:40,814.35,965542
2021-05-26 10:47:41,814.35,965542
2021-05-26 10:47:42,814.4,965567
2021-05-26 10:47:42,814.4,965567
2021-05-26 10:47:43,814.4,965817
2021-05-26 10:47:44,814.4,965817
2021-05-26 10:47:46,814.4,965817
2021-05-26 10:47:47,814.4,966454
2021-05-26 10:47:48,814.4,966604
2021-05-26 10:47:49,814.4,966615
2021-05-26 10:47:50,814.4,966615
2021-05-26 10:47:51,814.4,966615
2021-05-26 10:47:52,814.4,966615
2021-05-26 10:47:53,814.4,966618
2021-05-26 10:47:54,814.6,966621
2021-05-26 10:47:56,814.6,966621
2021-05-26 10:47:56,814.6,966621
2021-05-26 10:47:58,814.6,966621
2021-05-26 10:47:59,814.6,966621
2021-05-26 10:48:00,814.6,966621
2021-05-26 10:48:01,814.55,966622
2021-05-26 10:48:02,814.55,966740
2021-05-26 10:48:03,814.55,966740
2021-05-26 10:48:05,814.55,966740
2021-05-26 10:48:06,814.55,967351
2021-05-26 10:48:07,814.55,967351
2021-05-26 10:48:08,814.55,967351
2021-05-26 10:48:09,814.55,967351
2021-05-26 10:48:09,814.55,967351
2021-05-26 10:48:10,814.55,967351
2021-05-26 10:48:11,814.55,967351
2021-05-26 10:48:12,814.55,967351
2021-05-26 10:48:14,814.4,967514
2021-05-26 10:48:16,814.55,967573
2021-05-26 10:48:18,814.55,967573
2021-05-26 10:48:19,814.55,967573
2021-05-26 10:48:20,814.55,967573
2021-05-26 10:48:21,814.55,967573
2021-05-26 10:48:22,814.4,968211
2021-05-26 10:48:22,814.55,967573
2021-05-26 10:48:23,814.4,968211
2021-05-26 10:48:24,814.4,968911
2021-05-26 10:48:26,814.4,968913
2021-05-26 10:48:27,814.4,968924
2021-05-26 10:48:28,814.4,968925
2021-05-26 10:48:29,814.55,968926
2021-05-26 10:48:31,814.55,968926
2021-05-26 10:48:32,814.4,968976
2021-05-26 10:48:33,814.4,968976
2021-05-26 10:48:34,814.4,968976
2021-05-26 10:48:35,814.4,968986
2021-05-26 10:48:36,814.4,968986
2021-05-26 10:48:36,814.4,968986
2021-05-26 10:48:38,814.4,968986
2021-05-26 10:48:39,814.4,968986
2021-05-26 10:48:40,814.55,968991
2021-05-26 10:48:42,814.55,968991
2021-05-26 10:48:43,814.55,968991
2021-05-26 10:48:44,814.4,969001
2021-05-26 10:48:45,814.4,969001
2021-05-26 10:48:46,814.4,969001
2021-05-26 10:48:47,814.4,969001
2021-05-26 10:48:50,814.4,969001
2021-05-26 10:48:52,814.5,969011
2021-05-26 10:48:52,814.5,969011
2021-05-26 10:48:53,814.5,969011
2021-05-26 10:48:54,814.3,969711
2021-05-26 10:48:56,814.3,969711
2021-05-26 10:48:57,814.3,969711
2021-05-26 10:48:59,814.3,969711
2021-05-26 10:49:00,814.55,969761
2021-05-26 10:49:01,814.3,969764
2021-05-26 10:49:01,814.3,969764
2021-05-26 10:49:02,814.3,969764
2021-05-26 10:49:03,814.3,969802
2021-05-26 10:49:04,814.3,969802
2021-05-26 10:49:06,814.3,969902
2021-05-26 10:49:08,814.3,969902
2021-05-26 10:49:09,814.3,969902
2021-05-26 10:49:10,814.3,969902
2021-05-26 10:49:11,814.3,969902
2021-05-26 10:49:12,814.3,969902
2021-05-26 10:49:13,814.3,969902
2021-05-26 10:49:14,814.3,969902
2021-05-26 10:49:14,814.3,969902
2021-05-26 10:49:16,814.3,969902
2021-05-26 10:49:17,814.3,970402
2021-05-26 10:49:18,814.3,970402
2021-05-26 10:49:19,814.3,970403
2021-05-26 10:49:20,814.3,970403
2021-05-26 10:49:20,814.3,970403
2021-05-26 10:49:21,814.3,970403
2021-05-26 10:49:22,814.3,970403
2021-05-26 10:49:23,814.3,970403
2021-05-26 10:49:25,814.3,970528
2021-05-26 10:49:26,814.3,970528
2021-05-26 10:49:27,814.3,970528
2021-05-26 10:49:29,814.5,970628
2021-05-26 10:49:30,814.5,970668
2021-05-26 10:49:31,814.5,970668
2021-05-26 10:49:32,814.5,970669
2021-05-26 10:49:33,814.5,970669
2021-05-26 10:49:34,814.4,970738
2021-05-26 10:49:35,814.4,970739
2021-05-26 10:49:36,814.5,970749
2021-05-26 10:49:36,814.5,970749
2021-05-26 10:49:37,814.5,970751
2021-05-26 10:49:38,814.5,970776
2021-05-26 10:49:40,814.5,970838
2021-05-26 10:49:41,814.5,970840
2021-05-26 10:49:43,814.5,970852
2021-05-26 10:49:43,814.5,970852
2021-05-26 10:49:44,814.5,970852
2021-05-26 10:49:46,814.5,970852
2021-05-26 10:49:47,814.5,970882
2021-05-26 10:49:48,814.5,970882
2021-05-26 10:49:49,814.5,970882
2021-05-26 10:49:50,814.45,971413
2021-05-26 10:49:51,814.45,971413
2021-05-26 10:49:51,814.45,971413
2021-05-26 10:49:52,814.6,971474
2021-05-26 10:49:54,814.45,971534
2021-05-26 10:49:55,814.45,971534
2021-05-26 10:49:56,814.45,971534
2021-05-26 10:49:57,814.45,971534
2021-05-26 10:49:58,814.45,971534
2021-05-26 10:49:59,814.45,971534
2021-05-26 10:50:00,814.45,971534
2021-05-26 10:50:01,814.6,971539
2021-05-26 10:50:02,814.6,971539
2021-05-26 10:50:03,814.6,971540
2021-05-26 10:50:04,814.6,971540
2021-05-26 10:50:05,814.45,971541
2021-05-26 10:50:06,814.45,971541
2021-05-26 10:50:07,814.6,971566
2021-05-26 10:50:08,814.6,971567
2021-05-26 10:50:09,814.6,971567
2021-05-26 10:50:09,814.45,971569
2021-05-26 10:50:14,814.45,971589
2021-05-26 10:50:14,814.45,971589
2021-05-26 10:50:16,814.45,971589
2021-05-26 10:50:17,814.45,971589
2021-05-26 10:50:18,814.6,971619
2021-05-26 10:50:19,814.6,971622
2021-05-26 10:50:20,814.6,971622
2021-05-26 10:50:21,814.5,971623
2021-05-26 10:50:23,814.5,971623
2021-05-26 10:50:24,814.55,971637
2021-05-26 10:50:25,814.55,971657
2021-05-26 10:50:26,814.55,971658
2021-05-26 10:50:27,814.55,971658
2021-05-26 10:50:28,814.55,971658
2021-05-26 10:50:29,814.5,972358
2021-05-26 10:50:30,814.5,972358
2021-05-26 10:50:31,814.6,972430
2021-05-26 10:50:32,814.6,972430
2021-05-26 10:50:33,814.5,972431
2021-05-26 10:50:34,814.5,972431
2021-05-26 10:50:35,814.5,972431
2021-05-26 10:50:36,814.5,972431
2021-05-26 10:50:37,814.5,972555
2021-05-26 10:50:38,814.5,972555
