timestamp,ltp,volume
2021-05-26 09:32:53,229.4,619450
2021-05-26 09:32:58,229.45,620865
2021-05-26 09:33:03,229.5,621766
2021-05-26 09:33:07,229.45,622992
2021-05-26 09:33:12,229.5,623805
2021-05-26 09:33:16,229.5,626452
2021-05-26 09:33:21,229.5,626934
2021-05-26 09:33:26,229.5,634368
2021-05-26 09:33:35,229.5,641037
2021-05-26 09:33:40,229.65,643256
2021-05-26 09:33:49,229.65,644856
2021-05-26 09:33:54,229.65,646819
2021-05-26 09:33:58,229.6,647468
2021-05-26 09:34:02,229.65,648047
2021-05-26 09:34:07,229.65,648729
2021-05-26 09:34:17,229.65,649445
2021-05-26 09:34:21,229.6,650649
2021-05-26 09:34:26,229.65,651302
2021-05-26 09:34:31,229.7,651514
2021-05-26 09:34:36,229.8,654233
2021-05-26 09:34:41,229.7,657234
2021-05-26 09:34:45,229.5,665275
2021-05-26 09:34:50,229.4,686425
2021-05-26 09:34:54,229.35,691119
2021-05-26 09:34:59,229.3,693676
2021-05-26 09:35:03,229.25,695171
2021-05-26 09:35:08,229.25,697535
2021-05-26 09:35:12,229.25,699245
2021-05-26 09:35:17,229.2,701842
2021-05-26 09:35:22,229.15,704034
2021-05-26 09:35:27,229.15,708194
2021-05-26 09:35:31,229.1,712595
2021-05-26 09:35:36,229.0,715596
2021-05-26 09:35:40,229.0,722023
2021-05-26 09:35:45,229.0,727948
2021-05-26 09:35:50,229.3,738667
2021-05-26 09:35:55,229.3,739975
2021-05-26 09:35:59,229.3,740285
2021-05-26 09:36:04,229.4,745710
2021-05-26 09:36:09,229.4,747065
2021-05-26 09:36:14,229.4,747100
2021-05-26 09:36:19,229.4,748204
2021-05-26 09:36:23,229.4,749764
2021-05-26 09:36:28,229.4,758083
2021-05-26 09:36:33,229.4,759528
2021-05-26 09:36:38,229.4,761427
2021-05-26 09:36:43,229.35,762931
2021-05-26 09:36:48,229.35,763533
2021-05-26 09:36:52,229.3,763743
2021-05-26 09:36:57,229.35,765103
2021-05-26 09:37:02,229.4,765203
2021-05-26 09:37:06,229.45,766119
2021-05-26 09:37:11,229.4,766925
2021-05-26 09:37:16,229.5,769130
2021-05-26 09:37:20,229.4,769325
2021-05-26 09:37:25,229.35,770644
2021-05-26 09:37:29,229.45,770975
2021-05-26 09:37:34,229.45,771109
2021-05-26 09:37:38,229.45,772266
2021-05-26 09:37:42,229.45,772711
2021-05-26 09:37:47,229.45,777708
2021-05-26 09:37:51,229.5,777871
2021-05-26 09:37:55,229.5,779269
2021-05-26 09:38:00,229.55,779595
2021-05-26 09:38:05,229.5,779800
2021-05-26 09:38:09,229.6,781600
2021-05-26 09:38:14,229.5,781801
2021-05-26 09:38:18,229.6,783007
2021-05-26 09:38:23,229.65,788058
2021-05-26 09:38:27,229.6,789045
2021-05-26 09:38:32,229.55,791696
2021-05-26 09:38:36,229.5,792755
2021-05-26 09:38:41,229.35,865204
2021-05-26 09:38:46,229.15,867862
2021-05-26 09:38:50,229.05,908655
2021-05-26 09:38:55,229.1,917785
2021-05-26 09:39:00,229.0,924095
2021-05-26 09:39:04,228.9,945880
2021-05-26 09:39:14,229.15,962089
2021-05-26 09:39:19,229.0,966365
2021-05-26 09:39:23,229.0,969934
2021-05-26 09:39:31,228.85,978983
2021-05-26 09:39:36,228.8,980573
2021-05-26 09:39:41,228.85,982472
2021-05-26 09:39:45,228.8,983815
2021-05-26 09:39:50,228.85,988891
2021-05-26 09:39:54,228.85,992481
2021-05-26 09:39:58,228.85,993441
2021-05-26 09:40:03,228.8,994640
2021-05-26 09:40:07,228.8,996434
2021-05-26 09:40:11,228.7,996788
2021-05-26 09:40:26,228.9,1003286
2021-05-26 09:40:30,228.85,1010063
2021-05-26 09:40:35,228.85,1013878
2021-05-26 09:40:39,228.8,1015869
2021-05-26 09:40:44,228.85,1016433
2021-05-26 09:40:48,228.85,1016915
2021-05-26 09:40:53,228.85,1017390
2021-05-26 09:40:57,228.85,1017648
2021-05-26 09:41:01,228.8,1019225
2021-05-26 09:41:06,228.8,1019885
2021-05-26 09:41:10,228.8,1020385
2021-05-26 09:41:14,228.85,1021671
2021-05-26 09:41:19,228.75,1022008
2021-05-26 09:41:23,228.75,1022108
2021-05-26 09:41:27,228.8,1023015
2021-05-26 09:41:31,228.75,1023970
2021-05-26 09:41:36,228.8,1024834
2021-05-26 09:41:41,228.8,1026091
2021-05-26 09:41:45,228.85,1028262
2021-05-26 09:41:49,228.8,1041717
2021-05-26 09:41:54,228.6,1068680
2021-05-26 09:41:58,228.65,1084615
2021-05-26 09:42:02,228.55,1088589
2021-05-26 09:42:07,228.65,1100207
2021-05-26 09:42:11,228.65,1101616
2021-05-26 09:42:15,228.65,1106694
2021-05-26 09:42:20,228.6,1108556
2021-05-26 09:42:25,228.6,1108912
2021-05-26 09:42:29,228.6,1110384
2021-05-26 09:42:34,228.6,1111250
2021-05-26 09:42:38,228.55,1111816
2021-05-26 09:42:43,228.55,1112103
2021-05-26 09:42:47,228.55,1114571
2021-05-26 09:42:52,228.7,1116090
2021-05-26 09:42:56,228.7,1116460
2021-05-26 09:43:00,228.7,1116836
2021-05-26 09:43:05,228.65,1117544
2021-05-26 09:43:09,228.7,1118854
2021-05-26 09:43:13,228.7,1120979
2021-05-26 09:43:22,228.7,1124363
2021-05-26 09:43:26,228.75,1124993
2021-05-26 09:43:31,228.85,1125494
2021-05-26 09:43:35,228.7,1126123
2021-05-26 09:43:40,228.75,1126554
2021-05-26 09:43:44,228.75,1127032
2021-05-26 09:43:48,228.75,1127346
2021-05-26 09:43:53,228.75,1127966
2021-05-26 09:43:57,228.7,1129402
2021-05-26 09:44:01,228.8,1130808
2021-05-26 09:44:06,228.7,1130959
2021-05-26 09:44:10,228.7,1131952
2021-05-26 09:44:14,228.7,1138779
2021-05-26 09:44:18,228.7,1141351
2021-05-26 09:44:23,228.6,1143174
2021-05-26 09:44:27,228.65,1147558
2021-05-26 09:44:31,228.6,1148513
2021-05-26 09:44:35,228.6,1148718
2021-05-26 09:44:40,228.6,1152551
2021-05-26 09:44:44,228.6,1153276
2021-05-26 09:44:52,228.65,1154124
2021-05-26 09:44:56,228.6,1155115
2021-05-26 09:45:01,228.6,1155501
2021-05-26 09:45:05,228.7,1156499
2021-05-26 09:45:09,228.7,1160885
2021-05-26 09:45:14,228.65,1161155
2021-05-26 09:45:18,228.9,1183946
2021-05-26 09:45:22,228.8,1185267
2021-05-26 09:45:27,228.9,1185373
2021-05-26 09:45:31,229.0,1191743
2021-05-26 09:45:35,229.0,1191958
2021-05-26 09:45:40,228.9,1192664
2021-05-26 09:45:44,228.9,1193267
2021-05-26 09:45:48,229.0,1193729
2021-05-26 09:45:52,229.0,1195866
2021-05-26 09:45:56,229.0,1196556
2021-05-26 09:46:00,229.0,1197405
2021-05-26 09:46:05,229.0,1197506
2021-05-26 09:46:09,229.0,1199029
2021-05-26 09:46:12,228.9,1199030
2021-05-26 09:46:16,229.0,1199438
2021-05-26 09:46:21,228.9,1199831
2021-05-26 09:46:25,228.9,1203598
2021-05-26 09:46:29,229.05,1208523
2021-05-26 09:46:33,229.05,1216983
2021-05-26 09:46:37,229.05,1217171
2021-05-26 09:46:41,229.1,1217433
2021-05-26 09:46:46,229.1,1218592
2021-05-26 09:46:54,229.05,1221690
2021-05-26 09:46:59,229.05,1222365
2021-05-26 09:47:03,229.05,1224223
2021-05-26 09:47:07,229.05,1225836
2021-05-26 09:47:11,229.05,1226971
2021-05-26 09:47:16,229.1,1229039
2021-05-26 09:47:20,229.05,1229636
2021-05-26 09:47:24,229.05,1229712
2021-05-26 09:47:28,229.1,1230846
2021-05-26 09:47:32,229.1,1230873
2021-05-26 09:47:37,229.1,1231128
2021-05-26 09:47:41,229.1,1231638
2021-05-26 09:47:45,229.1,1232843
2021-05-26 09:47:49,229.15,1233124
2021-05-26 09:47:53,229.15,1233374
2021-05-26 09:47:57,229.15,1234251
2021-05-26 09:48:01,229.2,1237371
2021-05-26 09:48:05,229.15,1237522
2021-05-26 09:48:09,229.2,1237698
2021-05-26 09:48:16,229.2,1241615
2021-05-26 09:48:20,229.2,1241621
2021-05-26 09:48:24,229.2,1242921
2021-05-26 09:48:28,229.25,1243467
2021-05-26 09:48:32,229.25,1244689
2021-05-26 09:48:35,229.25,1244689
2021-05-26 09:48:39,229.2,1244956
2021-05-26 09:48:44,229.25,1245620
2021-05-26 09:48:48,229.25,1246287
2021-05-26 09:48:52,229.25,1247087
2021-05-26 09:48:56,229.25,1247188
2021-05-26 09:49:00,229.25,1247828
2021-05-26 09:49:04,229.2,1247859
2021-05-26 09:49:07,229.2,1248066
2021-05-26 09:49:15,229.2,1249007
2021-05-26 09:49:19,229.2,1249052
2021-05-26 09:49:22,229.25,1249316
2021-05-26 09:49:26,229.25,1252400
2021-05-26 09:49:30,229.25,1252400
2021-05-26 09:49:34,229.3,1252403
2021-05-26 09:49:38,229.3,1252491
2021-05-26 09:49:42,229.35,1253165
2021-05-26 09:49:46,229.3,1253770
2021-05-26 09:49:49,229.3,1254960
2021-05-26 09:49:53,229.35,1257744
2021-05-26 09:49:57,229.3,1258274
2021-05-26 09:50:01,229.35,1258528
2021-05-26 09:50:14,229.35,1263483
2021-05-26 09:50:19,229.35,1263672
2021-05-26 09:50:23,229.4,1264247
2021-05-26 09:50:27,229.4,1264248
2021-05-26 09:50:30,229.45,1265649
2021-05-26 09:50:34,229.4,1266156
2021-05-26 09:50:38,229.45,1266736
2021-05-26 09:50:43,229.4,1266738
2021-05-26 09:50:47,229.4,1269276
2021-05-26 09:50:50,229.4,1269664
2021-05-26 09:50:54,229.5,1272513
2021-05-26 09:50:58,229.4,1273610
2021-05-26 09:51:02,229.45,1274022
2021-05-26 09:51:10,229.4,1276631
2021-05-26 09:51:14,229.4,1276641
2021-05-26 09:51:18,229.45,1276691
2021-05-26 09:51:22,229.5,1279442
2021-05-26 09:51:26,229.45,1279713
2021-05-26 09:51:30,229.45,1281560
2021-05-26 09:51:34,229.4,1283007
2021-05-26 09:51:38,229.5,1287289
2021-05-26 09:51:42,229.5,1287289
2021-05-26 09:51:46,229.5,1287289
2021-05-26 09:51:50,229.55,1287874
2021-05-26 09:51:54,229.55,1288625
2021-05-26 09:51:58,229.45,1288642
2021-05-26 09:52:02,229.5,1288766
2021-05-26 09:52:06,229.45,1288866
2021-05-26 09:52:10,229.6,1289766
2021-05-26 09:52:15,229.55,1289946
2021-05-26 09:52:19,229.55,1290861
2021-05-26 09:52:22,229.55,1291131
2021-05-26 09:52:26,229.55,1291182
2021-05-26 09:52:29,229.5,1291333
2021-05-26 09:52:33,229.5,1291726
2021-05-26 09:52:36,229.5,1291889
2021-05-26 09:52:40,229.5,1293010
2021-05-26 09:52:44,229.5,1295899
2021-05-26 09:52:47,229.5,1296486
2021-05-26 09:52:52,229.45,1297233
2021-05-26 09:52:55,229.45,1297455
2021-05-26 09:53:00,229.45,1298065
2021-05-26 09:53:04,229.45,1298268
2021-05-26 09:53:08,229.5,1299357
2021-05-26 09:53:12,229.4,1299892
2021-05-26 09:53:20,229.4,1302089
2021-05-26 09:53:25,229.4,1302582
2021-05-26 09:53:29,229.4,1302797
2021-05-26 09:53:33,229.4,1303827
2021-05-26 09:53:37,229.45,1304082
2021-05-26 09:53:41,229.4,1304996
2021-05-26 09:53:45,229.45,1311032
2021-05-26 09:53:49,229.45,1311132
2021-05-26 09:53:52,229.4,1312308
2021-05-26 09:53:56,229.45,1312396
2021-05-26 09:54:00,229.5,1312765
2021-05-26 09:54:04,229.55,1321160
2021-05-26 09:54:08,229.6,1322096
2021-05-26 09:54:12,229.55,1322493
2021-05-26 09:54:16,229.6,1323986
2021-05-26 09:54:20,229.7,1324956
2021-05-26 09:54:24,229.7,1325404
2021-05-26 09:54:28,229.6,1325564
2021-05-26 09:54:31,229.7,1326364
2021-05-26 09:54:35,229.75,1331699
2021-05-26 09:54:39,229.55,1336161
2021-05-26 09:54:43,229.65,1336711
2021-05-26 09:54:46,229.6,1337661
2021-05-26 09:54:50,229.5,1339014
2021-05-26 09:54:54,229.25,1350574
2021-05-26 09:54:59,229.2,1354062
2021-05-26 09:55:02,229.15,1358140
2021-05-26 09:55:06,229.15,1359630
2021-05-26 09:55:10,229.1,1360269
2021-05-26 09:55:14,229.1,1366409
2021-05-26 09:55:18,229.1,1367523
2021-05-26 09:55:22,229.0,1367836
2021-05-26 09:55:26,229.05,1367880
2021-05-26 09:55:30,229.0,1372374
2021-05-26 09:55:34,229.0,1377591
2021-05-26 09:55:38,228.8,1379263
2021-05-26 09:55:42,228.75,1380176
2021-05-26 09:55:45,228.7,1380993
2021-05-26 09:55:49,228.65,1381495
2021-05-26 09:55:52,228.6,1394158
2021-05-26 09:55:56,228.6,1395014
2021-05-26 09:55:59,228.5,1396359
2021-05-26 09:56:03,228.6,1398280
2021-05-26 09:56:06,228.55,1400236
2021-05-26 09:56:10,228.5,1407361
2021-05-26 09:56:13,228.5,1408876
2021-05-26 09:56:17,228.4,1410350
2021-05-26 09:56:21,228.45,1420151
2021-05-26 09:56:23,228.4,1422466
2021-05-26 09:56:25,228.45,1422559
2021-05-26 09:56:26,228.4,1422659
2021-05-26 09:56:27,228.4,1423109
2021-05-26 09:56:28,228.4,1423110
2021-05-26 09:56:29,228.45,1425034
2021-05-26 09:56:29,228.45,1425034
2021-05-26 09:56:30,228.45,1425038
2021-05-26 09:56:31,228.4,1425553
2021-05-26 09:56:32,228.45,1426321
2021-05-26 09:56:34,228.45,1426511
2021-05-26 09:56:35,228.4,1428551
2021-05-26 09:56:36,228.35,1434736
2021-05-26 09:56:37,228.35,1434736
2021-05-26 09:56:38,228.45,1434738
2021-05-26 09:56:39,228.45,1434738
2021-05-26 09:56:39,228.45,1434788
2021-05-26 09:56:40,228.4,1435438
2021-05-26 09:56:41,228.4,1435438
2021-05-26 09:56:42,228.5,1435522
2021-05-26 09:56:44,228.4,1435685
2021-05-26 09:56:44,228.45,1436104
2021-05-26 09:56:46,228.45,1437760
2021-05-26 09:56:47,228.45,1438767
2021-05-26 09:56:48,228.5,1440368
2021-05-26 09:56:49,228.5,1440368
2021-05-26 09:56:50,228.4,1440468
2021-05-26 09:56:51,228.4,1440468
2021-05-26 09:56:52,228.45,1441196
2021-05-26 09:56:53,228.45,1441265
2021-05-26 09:56:53,228.4,1441246
2021-05-26 09:56:55,228.45,1441265
2021-05-26 09:56:56,228.4,1441775
2021-05-26 09:56:57,228.4,1441775
2021-05-26 09:56:59,228.7,1459831
2021-05-26 09:56:58,228.55,1459822
2021-05-26 09:57:00,228.55,1460151
2021-05-26 09:57:01,228.5,1461929
2021-05-26 09:57:02,228.5,1462390
2021-05-26 09:57:03,228.5,1462475
2021-05-26 09:57:04,228.45,1462710
2021-05-26 09:57:04,228.45,1462710
2021-05-26 09:57:05,228.5,1463067
2021-05-26 09:57:07,228.4,1463224
2021-05-26 09:57:08,228.4,1463224
2021-05-26 09:57:09,228.55,1463274
2021-05-26 09:57:09,228.45,1463782
2021-05-26 09:57:11,228.55,1464614
2021-05-26 09:57:12,228.55,1464614
2021-05-26 09:57:13,228.55,1464615
2021-05-26 09:57:14,228.55,1465615
2021-05-26 09:57:14,228.55,1465615
2021-05-26 09:57:16,228.45,1465685
2021-05-26 09:57:16,228.5,1465883
2021-05-26 09:57:17,228.5,1465904
2021-05-26 09:57:19,228.45,1466225
2021-05-26 09:57:20,228.45,1467376
2021-05-26 09:57:21,228.4,1467766
2021-05-26 09:57:22,228.4,1467965
2021-05-26 09:57:23,228.45,1468165
2021-05-26 09:57:24,228.45,1468230
2021-05-26 09:57:25,228.4,1469350
2021-05-26 09:57:26,228.4,1469865
2021-05-26 09:57:27,228.45,1469971
2021-05-26 09:57:29,228.4,1470371
2021-05-26 09:57:29,228.4,1470371
2021-05-26 09:57:30,228.4,1470371
2021-05-26 09:57:31,228.45,1470372
2021-05-26 09:57:32,228.45,1470372
2021-05-26 09:57:33,228.45,1470372
2021-05-26 09:57:35,228.4,1471309
2021-05-26 09:57:36,228.45,1471334
2021-05-26 09:57:37,228.4,1471373
2021-05-26 09:57:38,228.45,1471402
2021-05-26 09:57:39,228.45,1471402
2021-05-26 09:57:39,228.45,1471402
2021-05-26 09:57:42,228.45,1471568
2021-05-26 09:57:43,228.4,1472075
2021-05-26 09:57:44,228.45,1472225
2021-05-26 09:57:45,228.45,1472225
2021-05-26 09:57:46,228.4,1472351
2021-05-26 09:57:51,228.4,1472924
2021-05-26 09:57:52,228.4,1472924
2021-05-26 09:57:53,228.45,1473025
2021-05-26 09:57:54,228.45,1473025
2021-05-26 09:57:55,228.45,1473025
2021-05-26 09:57:56,228.45,1474020
2021-05-26 09:57:57,228.45,1474074
2021-05-26 09:57:58,228.4,1474232
2021-05-26 09:57:59,228.45,1474432
2021-05-26 09:58:00,228.45,1474600
2021-05-26 09:58:01,228.45,1474600
2021-05-26 09:58:02,228.45,1474625
2021-05-26 09:58:03,228.45,1474629
2021-05-26 09:58:04,228.45,1474629
2021-05-26 09:58:05,228.45,1474629
2021-05-26 09:58:06,228.45,1474805
2021-05-26 09:58:07,228.4,1475320
2021-05-26 09:58:08,228.45,1475417
2021-05-26 09:58:13,228.55,1479283
2021-05-26 09:58:14,228.55,1479283
2021-05-26 09:58:15,228.55,1479288
2021-05-26 09:58:16,228.6,1481288
2021-05-26 09:58:17,228.55,1481443
2021-05-26 09:58:18,228.55,1481443
2021-05-26 09:58:19,228.5,1481549
2021-05-26 09:58:20,228.5,1481549
2021-05-26 09:58:21,228.5,1481549
2021-05-26 09:58:22,228.5,1481549
2021-05-26 09:58:23,228.5,1481549
2021-05-26 09:58:24,228.55,1481783
2021-05-26 09:58:25,228.55,1481785
2021-05-26 09:58:26,228.55,1481785
2021-05-26 09:58:27,228.55,1481835
2021-05-26 09:58:28,228.55,1481835
2021-05-26 09:58:30,228.55,1482126
2021-05-26 09:58:29,228.55,1481985
2021-05-26 09:58:31,228.5,1484159
2021-05-26 09:58:32,228.55,1484699
2021-05-26 09:58:33,228.5,1484703
2021-05-26 09:58:34,228.5,1486239
2021-05-26 09:58:35,228.5,1486924
2021-05-26 09:58:36,228.5,1487132
2021-05-26 09:58:37,228.45,1487478
2021-05-26 09:58:38,228.45,1487478
2021-05-26 09:58:39,228.45,1487478
2021-05-26 09:58:40,228.4,1487530
2021-05-26 09:58:41,228.4,1487530
2021-05-26 09:58:42,228.5,1488450
2021-05-26 09:58:43,228.5,1488750
2021-05-26 09:58:44,228.5,1488750
2021-05-26 09:58:46,228.5,1489243
2021-05-26 09:58:47,228.5,1489443
2021-05-26 09:58:48,228.5,1489473
2021-05-26 09:58:49,228.5,1489473
2021-05-26 09:58:50,228.45,1490126
2021-05-26 09:58:51,228.45,1490222
2021-05-26 09:58:54,228.4,1490789
2021-05-26 09:58:53,228.4,1490789
2021-05-26 09:58:55,228.45,1491199
2021-05-26 09:58:56,228.5,1491299
2021-05-26 09:58:57,228.45,1491384
2021-05-26 09:58:58,228.45,1491384
2021-05-26 09:58:59,228.45,1491588
2021-05-26 09:59:00,228.5,1491771
2021-05-26 09:59:01,228.5,1491771
2021-05-26 09:59:02,228.55,1491871
2021-05-26 09:59:03,228.55,1491871
2021-05-26 09:59:04,228.55,1491871
2021-05-26 09:59:05,228.5,1491937
2021-05-26 09:59:06,228.5,1491937
2021-05-26 09:59:07,228.55,1491938
2021-05-26 09:59:08,228.55,1491989
2021-05-26 09:59:09,228.55,1491996
2021-05-26 09:59:10,228.6,1492065
2021-05-26 09:59:11,228.55,1492066
2021-05-26 09:59:12,228.55,1492066
2021-05-26 09:59:13,228.55,1492066
2021-05-26 09:59:14,228.6,1492566
2021-05-26 09:59:15,228.65,1493566
2021-05-26 09:59:16,228.65,1493566
2021-05-26 09:59:17,228.65,1493866
2021-05-26 09:59:19,228.65,1493891
2021-05-26 09:59:20,228.65,1493891
2021-05-26 09:59:21,228.6,1493892
2021-05-26 09:59:22,228.65,1493907
2021-05-26 09:59:23,228.65,1493907
2021-05-26 09:59:24,228.65,1494162
2021-05-26 09:59:25,228.6,1494262
2021-05-26 09:59:26,228.6,1494262
2021-05-26 09:59:27,228.6,1494262
2021-05-26 09:59:28,228.55,1495062
2021-05-26 09:59:29,228.55,1495062
2021-05-26 09:59:30,228.6,1495072
2021-05-26 09:59:31,228.7,1495097
2021-05-26 09:59:32,228.6,1495107
2021-05-26 09:59:33,228.6,1495109
2021-05-26 09:59:34,228.6,1495109
2021-05-26 09:59:35,228.7,1495406
2021-05-26 09:59:36,228.6,1496090
2021-05-26 09:59:37,228.6,1496090
2021-05-26 09:59:39,228.7,1496332
2021-05-26 09:59:41,228.7,1496419
2021-05-26 09:59:43,228.7,1496500
2021-05-26 09:59:44,228.65,1496502
2021-05-26 09:59:45,228.65,1496578
2021-05-26 09:59:46,228.65,1496578
2021-05-26 09:59:47,228.65,1496578
2021-05-26 09:59:48,228.65,1496578
2021-05-26 09:59:49,228.7,1496978
2021-05-26 09:59:50,228.7,1496978
2021-05-26 09:59:51,228.7,1496978
2021-05-26 09:59:52,228.6,1497663
2021-05-26 09:59:53,228.7,1497666
2021-05-26 09:59:54,228.7,1497828
2021-05-26 09:59:55,228.6,1497829
2021-05-26 09:59:56,228.6,1497947
2021-05-26 09:59:57,228.7,1498731
2021-05-26 09:59:58,228.7,1498733
2021-05-26 09:59:59,228.6,1498917
2021-05-26 10:00:00,228.6,1498917
2021-05-26 10:00:02,228.6,1499213
2021-05-26 10:00:03,228.6,1499217
2021-05-26 10:00:04,228.6,1499617
2021-05-26 10:00:05,228.7,1499627
2021-05-26 10:00:06,228.7,1499627
2021-05-26 10:00:07,228.7,1499627
2021-05-26 10:00:10,228.7,1499801
2021-05-26 10:00:10,228.7,1499826
2021-05-26 10:00:11,228.7,1499831
2021-05-26 10:00:12,228.7,1499881
2021-05-26 10:00:13,228.65,1499930
2021-05-26 10:00:14,228.65,1499930
2021-05-26 10:00:16,228.6,1500909
2021-05-26 10:00:17,228.6,1502234
2021-05-26 10:00:18,228.7,1502235
2021-05-26 10:00:19,228.6,1502476
2021-05-26 10:00:20,228.6,1502476
2021-05-26 10:00:22,228.7,1502981
2021-05-26 10:00:22,228.7,1502981
2021-05-26 10:00:24,228.65,1503031
2021-05-26 10:00:24,228.65,1503141
2021-05-26 10:00:25,228.65,1503141
2021-05-26 10:00:26,228.6,1503295
2021-05-26 10:00:27,228.65,1503895
2021-05-26 10:00:28,228.7,1504898
2021-05-26 10:00:29,228.7,1504968
2021-05-26 10:00:30,228.7,1505371
2021-05-26 10:00:31,228.65,1505421
2021-05-26 10:00:32,228.6,1505529
2021-05-26 10:00:34,228.7,1505621
2021-05-26 10:00:34,228.7,1505621
2021-05-26 10:00:36,228.65,1505984
2021-05-26 10:00:36,228.65,1505984
2021-05-26 10:00:37,228.65,1506016
2021-05-26 10:00:38,228.65,1506021
2021-05-26 10:00:39,228.65,1506021
2021-05-26 10:00:40,228.65,1506037
2021-05-26 10:00:41,228.6,1506041
2021-05-26 10:00:42,228.6,1506084
2021-05-26 10:00:43,228.6,1506084
2021-05-26 10:00:44,228.6,1506084
2021-05-26 10:00:46,228.6,1506217
2021-05-26 10:00:47,228.6,1506217
2021-05-26 10:00:48,228.7,1506242
2021-05-26 10:00:50,228.6,1506841
2021-05-26 10:00:50,228.65,1506292
2021-05-26 10:00:51,228.65,1506891
2021-05-26 10:00:52,228.6,1506906
2021-05-26 10:00:53,228.6,1506906
2021-05-26 10:00:54,228.6,1506906
2021-05-26 10:00:55,228.6,1506906
2021-05-26 10:00:56,228.65,1507056
2021-05-26 10:00:57,228.6,1507393
2021-05-26 10:00:58,228.6,1507393
2021-05-26 10:01:00,228.65,1507829
2021-05-26 10:01:01,228.65,1507831
2021-05-26 10:01:02,228.7,1508031
2021-05-26 10:01:03,228.65,1508609
2021-05-26 10:01:04,228.6,1508610
2021-05-26 10:01:06,228.65,1509000
2021-05-26 10:01:07,228.65,1509000
2021-05-26 10:01:09,228.65,1509021
2021-05-26 10:01:09,228.65,1509121
2021-05-26 10:01:10,228.6,1510216
2021-05-26 10:01:11,228.6,1510217
2021-05-26 10:01:12,228.6,1510482
2021-05-26 10:01:13,228.65,1510497
2021-05-26 10:01:14,228.65,1510497
2021-05-26 10:01:15,228.65,1510507
2021-05-26 10:01:16,228.65,1510507
2021-05-26 10:01:17,228.65,1510507
2021-05-26 10:01:19,228.65,1510517
2021-05-26 10:01:20,228.6,1510554
2021-05-26 10:01:21,228.6,1510560
2021-05-26 10:01:22,228.65,1510585
2021-05-26 10:01:24,228.7,1511845
2021-05-26 10:01:27,228.6,1516819
2021-05-26 10:01:31,228.65,1518356
2021-05-26 10:01:35,228.6,1518460
2021-05-26 10:01:38,228.65,1521308
2021-05-26 10:01:42,228.6,1521882
2021-05-26 10:01:46,228.6,1522793
2021-05-26 10:01:50,228.55,1523376
2021-05-26 10:01:53,228.65,1531635
2021-05-26 10:02:02,228.55,1539191
2021-05-26 10:02:06,228.5,1541394
2021-05-26 10:02:10,228.5,1543407
2021-05-26 10:02:15,228.55,1543978
2021-05-26 10:02:19,228.5,1543994
2021-05-26 10:02:23,228.5,1544057
2021-05-26 10:02:26,228.5,1545746
2021-05-26 10:02:31,228.55,1547318
2021-05-26 10:02:35,228.55,1547318
2021-05-26 10:02:39,228.6,1548328
2021-05-26 10:02:43,228.5,1550617
2021-05-26 10:02:46,228.4,1551461
2021-05-26 10:02:50,228.4,1554293
2021-05-26 10:02:54,228.45,1555347
2021-05-26 10:02:58,228.4,1556366
2021-05-26 10:03:01,228.4,1557862
2021-05-26 10:03:06,228.45,1558632
2021-05-26 10:03:10,228.45,1558786
2021-05-26 10:03:13,228.4,1558916
2021-05-26 10:03:17,228.4,1559704
2021-05-26 10:03:21,228.5,1560204
2021-05-26 10:03:24,228.4,1560780
2021-05-26 10:03:28,228.5,1560923
2021-05-26 10:03:31,228.45,1561024
2021-05-26 10:03:35,228.4,1561431
2021-05-26 10:03:38,228.45,1561463
2021-05-26 10:03:42,228.45,1562291
2021-05-26 10:03:45,228.4,1562402
2021-05-26 10:03:49,228.4,1562403
2021-05-26 10:03:53,228.45,1562866
2021-05-26 10:03:56,228.5,1562910
2021-05-26 10:04:00,228.45,1563564
2021-05-26 10:04:04,228.55,1567672
2021-05-26 10:04:07,228.5,1568050
2021-05-26 10:04:11,228.55,1568655
2021-05-26 10:04:15,228.55,1568836
2021-05-26 10:04:19,228.55,1568836
2021-05-26 10:04:22,228.5,1569807
2021-05-26 10:04:26,228.5,1569956
2021-05-26 10:04:30,228.55,1570025
2021-05-26 10:04:34,228.5,1570066
2021-05-26 10:04:37,228.55,1570135
2021-05-26 10:04:41,228.55,1571157
2021-05-26 10:04:44,228.55,1571157
2021-05-26 10:04:51,228.6,1572029
2021-05-26 10:04:55,228.6,1572029
2021-05-26 10:04:58,228.55,1573029
2021-05-26 10:05:02,228.65,1573042
2021-05-26 10:05:06,228.65,1573053
2021-05-26 10:05:09,228.65,1573064
2021-05-26 10:05:16,228.65,1574244
2021-05-26 10:05:20,228.65,1574344
2021-05-26 10:05:28,228.7,1575645
2021-05-26 10:05:32,228.7,1575645
2021-05-26 10:05:36,228.75,1577351
2021-05-26 10:05:40,228.7,1577769
2021-05-26 10:05:44,228.6,1580213
2021-05-26 10:05:48,228.5,1581452
2021-05-26 10:05:51,228.55,1581814
2021-05-26 10:05:55,228.5,1582483
2021-05-26 10:05:59,228.55,1582748
2021-05-26 10:06:03,228.55,1583021
2021-05-26 10:06:07,228.55,1583559
2021-05-26 10:06:11,228.55,1583777
2021-05-26 10:06:15,228.5,1584473
2021-05-26 10:06:19,228.55,1584515
2021-05-26 10:06:23,228.55,1584518
2021-05-26 10:06:27,228.55,1585139
2021-05-26 10:06:31,228.55,1585672
2021-05-26 10:06:35,228.5,1586607
2021-05-26 10:06:39,228.5,1586797
2021-05-26 10:06:42,228.55,1586907
2021-05-26 10:06:46,228.55,1587128
2021-05-26 10:06:50,228.5,1587274
2021-05-26 10:06:54,228.5,1587415
2021-05-26 10:06:57,228.55,1588083
2021-05-26 10:07:01,228.5,1588673
2021-05-26 10:07:05,228.6,1590162
2021-05-26 10:07:09,228.6,1590988
2021-05-26 10:07:13,228.55,1591239
2021-05-26 10:07:17,228.65,1591795
2021-05-26 10:07:20,228.65,1591844
2021-05-26 10:07:23,228.65,1591864
2021-05-26 10:07:26,228.6,1591865
2021-05-26 10:07:29,228.55,1592422
2021-05-26 10:07:33,228.65,1592445
2021-05-26 10:07:36,228.65,1592694
2021-05-26 10:07:40,228.65,1593074
2021-05-26 10:07:43,228.6,1593114
2021-05-26 10:07:47,228.6,1594356
2021-05-26 10:07:50,228.65,1594573
2021-05-26 10:07:53,228.65,1594598
2021-05-26 10:07:57,228.8,1602988
2021-05-26 10:08:00,228.75,1603179
2021-05-26 10:08:04,228.6,1611826
2021-05-26 10:08:07,228.6,1616256
2021-05-26 10:08:11,228.65,1616406
2021-05-26 10:08:14,228.6,1622117
2021-05-26 10:08:17,228.6,1622423
2021-05-26 10:08:21,228.6,1623293
2021-05-26 10:08:24,228.6,1624635
2021-05-26 10:08:28,228.65,1627237
2021-05-26 10:08:31,228.7,1627247
2021-05-26 10:08:35,228.6,1627757
2021-05-26 10:08:38,228.65,1628444
2021-05-26 10:08:42,228.6,1628564
2021-05-26 10:08:45,228.6,1628891
2021-05-26 10:08:48,228.65,1629147
2021-05-26 10:08:52,228.65,1630823
2021-05-26 10:08:56,228.65,1631809
2021-05-26 10:08:59,228.65,1631892
2021-05-26 10:09:03,228.65,1631995
2021-05-26 10:09:06,228.65,1632763
2021-05-26 10:09:10,228.65,1632823
2021-05-26 10:09:13,228.6,1634110
2021-05-26 10:09:17,228.65,1634446
2021-05-26 10:09:20,228.6,1634628
2021-05-26 10:09:24,228.65,1634684
2021-05-26 10:09:27,228.6,1634920
2021-05-26 10:09:30,228.65,1639485
2021-05-26 10:09:33,228.65,1641457
2021-05-26 10:09:36,228.75,1643296
2021-05-26 10:09:40,228.65,1643352
2021-05-26 10:09:43,228.75,1644053
2021-05-26 10:09:47,228.75,1644507
2021-05-26 10:09:50,228.75,1644556
2021-05-26 10:09:54,228.75,1644705
2021-05-26 10:09:58,228.65,1644768
2021-05-26 10:10:02,228.65,1644918
2021-05-26 10:10:06,228.65,1645444
2021-05-26 10:10:09,228.65,1645444
2021-05-26 10:10:14,228.75,1650513
2021-05-26 10:10:18,228.6,1651942
2021-05-26 10:10:22,228.7,1652729
2021-05-26 10:10:26,228.7,1652744
2021-05-26 10:10:29,228.7,1653136
2021-05-26 10:10:33,228.7,1653758
2021-05-26 10:10:37,228.7,1653758
2021-05-26 10:10:41,228.65,1653958
2021-05-26 10:10:44,228.65,1654706
2021-05-26 10:10:48,228.65,1655210
2021-05-26 10:10:52,228.65,1655418
2021-05-26 10:10:55,228.7,1655960
2021-05-26 10:11:03,228.7,1656277
2021-05-26 10:11:07,228.7,1656397
2021-05-26 10:11:10,228.65,1656439
2021-05-26 10:11:14,228.7,1656585
2021-05-26 10:11:17,228.75,1656663
2021-05-26 10:11:21,228.75,1657227
2021-05-26 10:11:25,228.75,1657557
2021-05-26 10:11:28,228.65,1658007
2021-05-26 10:11:32,228.75,1659918
2021-05-26 10:11:36,228.7,1659979
2021-05-26 10:11:39,228.75,1660101
2021-05-26 10:11:43,228.65,1661680
2021-05-26 10:11:46,228.75,1662388
2021-05-26 10:11:50,228.75,1663138
2021-05-26 10:11:53,228.7,1663242
2021-05-26 10:11:57,228.75,1663743
2021-05-26 10:12:04,228.65,1669758
2021-05-26 10:12:08,228.7,1671108
2021-05-26 10:12:11,228.7,1671208
2021-05-26 10:12:15,228.7,1671315
2021-05-26 10:12:18,228.7,1671738
2021-05-26 10:12:22,228.7,1671979
2021-05-26 10:12:26,228.65,1672494
2021-05-26 10:12:30,228.6,1674107
2021-05-26 10:12:33,228.6,1674892
2021-05-26 10:12:37,228.7,1676532
2021-05-26 10:12:40,228.65,1676562
2021-05-26 10:12:44,228.65,1676592
2021-05-26 10:12:47,228.7,1676956
2021-05-26 10:12:50,228.7,1677072
2021-05-26 10:12:54,228.7,1677072
2021-05-26 10:12:58,228.7,1677107
2021-05-26 10:13:01,228.65,1677494
2021-05-26 10:13:05,228.7,1677655
2021-05-26 10:13:09,228.65,1677730
2021-05-26 10:13:12,228.65,1677730
2021-05-26 10:13:16,228.7,1678056
2021-05-26 10:13:19,228.75,1678166
2021-05-26 10:13:22,228.75,1678167
2021-05-26 10:13:26,228.75,1678414
2021-05-26 10:13:29,228.7,1678660
2021-05-26 10:13:32,228.75,1679380
2021-05-26 10:13:36,228.7,1679387
2021-05-26 10:13:40,228.7,1679857
2021-05-26 10:13:43,228.7,1680231
2021-05-26 10:13:46,228.65,1680332
2021-05-26 10:13:49,228.7,1680740
2021-05-26 10:13:53,228.7,1681617
2021-05-26 10:13:56,228.7,1681953
2021-05-26 10:14:06,228.7,1682884
2021-05-26 10:14:10,228.65,1683392
2021-05-26 10:14:13,228.7,1683673
2021-05-26 10:14:17,228.75,1683974
2021-05-26 10:14:20,228.65,1684024
2021-05-26 10:14:24,228.65,1684024
2021-05-26 10:14:27,228.75,1684262
2021-05-26 10:14:30,228.75,1684412
2021-05-26 10:14:34,228.7,1686388
2021-05-26 10:14:38,228.65,1687025
2021-05-26 10:14:42,228.65,1688161
2021-05-26 10:14:45,228.6,1690568
2021-05-26 10:14:48,228.6,1691197
2021-05-26 10:14:52,228.55,1701582
2021-05-26 10:14:55,228.6,1704470
2021-05-26 10:14:58,228.55,1708262
2021-05-26 10:15:02,228.55,1708603
2021-05-26 10:15:06,228.5,1709306
2021-05-26 10:15:10,228.5,1715284
2021-05-26 10:15:14,228.55,1716852
2021-05-26 10:15:17,228.55,1718092
2021-05-26 10:15:21,228.55,1718217
2021-05-26 10:15:25,228.5,1722138
2021-05-26 10:15:29,228.55,1722348
2021-05-26 10:15:32,228.5,1726339
2021-05-26 10:15:36,228.45,1727307
2021-05-26 10:15:39,228.45,1727836
2021-05-26 10:15:43,228.45,1727947
2021-05-26 10:15:46,228.5,1728997
2021-05-26 10:15:49,228.5,1729393
2021-05-26 10:15:52,228.45,1729498
2021-05-26 10:15:56,228.5,1729727
2021-05-26 10:15:59,228.45,1729991
2021-05-26 10:16:03,228.45,1730014
2021-05-26 10:16:06,228.6,1738973
2021-05-26 10:16:10,228.45,1741562
2021-05-26 10:16:13,228.55,1742291
2021-05-26 10:16:17,228.45,1742993
2021-05-26 10:16:24,228.5,1743648
2021-05-26 10:16:27,228.45,1743705
2021-05-26 10:16:31,228.55,1745120
2021-05-26 10:16:38,228.6,1745794
2021-05-26 10:16:41,228.55,1746055
2021-05-26 10:16:44,228.6,1746949
2021-05-26 10:16:47,228.55,1747666
2021-05-26 10:16:51,228.55,1747802
2021-05-26 10:16:54,228.55,1747822
2021-05-26 10:16:58,228.6,1748569
2021-05-26 10:17:01,228.5,1751382
2021-05-26 10:17:05,228.55,1751582
2021-05-26 10:17:08,228.55,1751586
2021-05-26 10:17:12,228.5,1751988
2021-05-26 10:17:16,228.6,1753066
2021-05-26 10:17:19,228.6,1753066
2021-05-26 10:17:22,228.6,1753066
2021-05-26 10:17:25,228.55,1753168
2021-05-26 10:17:28,228.7,1755184
2021-05-26 10:17:32,228.7,1755184
2021-05-26 10:17:35,228.7,1755184
2021-05-26 10:17:42,228.65,1756224
2021-05-26 10:17:45,228.6,1756546
2021-05-26 10:17:53,228.6,1756577
2021-05-26 10:17:56,228.5,1757303
2021-05-26 10:18:00,228.6,1757313
2021-05-26 10:18:03,228.55,1757319
2021-05-26 10:18:07,228.5,1757435
2021-05-26 10:18:10,228.55,1757752
2021-05-26 10:18:13,228.55,1758102
2021-05-26 10:18:17,228.5,1758168
2021-05-26 10:18:20,228.5,1758372
2021-05-26 10:18:24,228.6,1758398
2021-05-26 10:18:27,228.5,1758410
2021-05-26 10:18:34,228.6,1758519
2021-05-26 10:18:38,228.6,1758607
2021-05-26 10:18:41,228.55,1758642
2021-05-26 10:18:44,228.6,1759569
2021-05-26 10:18:48,228.65,1759594
2021-05-26 10:18:52,228.6,1759639
2021-05-26 10:18:55,228.65,1759649
2021-05-26 10:18:59,228.65,1759649
2021-05-26 10:19:02,228.7,1760335
2021-05-26 10:19:06,228.7,1760345
2021-05-26 10:19:09,228.7,1760347
2021-05-26 10:19:13,228.7,1760368
2021-05-26 10:19:17,228.7,1762421
2021-05-26 10:19:21,228.7,1763017
2021-05-26 10:19:25,228.6,1763883
2021-05-26 10:19:28,228.7,1764163
2021-05-26 10:19:32,228.6,1765137
2021-05-26 10:19:35,228.7,1765890
2021-05-26 10:19:38,228.7,1766210
2021-05-26 10:19:42,228.6,1766640
2021-05-26 10:19:45,228.7,1766741
2021-05-26 10:19:49,228.65,1767009
2021-05-26 10:19:52,228.6,1770442
2021-05-26 10:19:56,228.6,1770883
2021-05-26 10:20:00,228.55,1771021
2021-05-26 10:20:03,228.65,1771843
2021-05-26 10:20:07,228.65,1771893
2021-05-26 10:20:10,228.5,1772093
2021-05-26 10:20:14,228.55,1772154
2021-05-26 10:20:21,228.6,1773033
2021-05-26 10:20:25,228.65,1775611
2021-05-26 10:20:28,228.55,1776040
2021-05-26 10:20:32,228.55,1776040
2021-05-26 10:20:35,228.65,1776220
2021-05-26 10:20:38,228.65,1776301
2021-05-26 10:20:41,228.6,1777131
2021-05-26 10:20:45,228.65,1777225
2021-05-26 10:20:48,228.6,1778299
2021-05-26 10:20:52,228.65,1779830
2021-05-26 10:20:55,228.65,1779930
2021-05-26 10:20:58,228.65,1779940
2021-05-26 10:21:02,228.65,1780727
2021-05-26 10:21:05,228.65,1780931
2021-05-26 10:21:09,228.65,1780935
2021-05-26 10:21:12,228.65,1781020
2021-05-26 10:21:16,228.55,1781485
2021-05-26 10:21:20,228.7,1781666
2021-05-26 10:21:23,228.65,1781845
2021-05-26 10:21:26,228.65,1781852
2021-05-26 10:21:30,228.6,1781952
2021-05-26 10:21:34,228.65,1782037
2021-05-26 10:21:37,228.65,1782116
2021-05-26 10:21:41,228.65,1782116
2021-05-26 10:21:44,228.65,1782286
2021-05-26 10:21:48,228.65,1782550
2021-05-26 10:21:51,228.6,1783086
2021-05-26 10:21:54,228.65,1783359
2021-05-26 10:21:58,228.6,1783599
2021-05-26 10:22:02,228.65,1783655
2021-05-26 10:22:05,228.65,1783855
2021-05-26 10:22:09,228.65,1784565
2021-05-26 10:22:12,228.7,1785153
2021-05-26 10:22:16,228.7,1785156
2021-05-26 10:22:19,228.65,1786075
2021-05-26 10:22:22,228.7,1786144
2021-05-26 10:22:26,228.7,1786169
2021-05-26 10:22:29,228.65,1786849
2021-05-26 10:22:33,228.65,1787098
2021-05-26 10:22:36,228.7,1787383
2021-05-26 10:22:39,228.65,1787884
2021-05-26 10:22:43,228.7,1789159
2021-05-26 10:22:50,228.7,1789613
2021-05-26 10:22:53,228.65,1789967
2021-05-26 10:22:56,228.65,1790360
2021-05-26 10:23:00,228.65,1790549
2021-05-26 10:23:03,228.7,1790987
2021-05-26 10:23:07,228.7,1790994
2021-05-26 10:23:10,228.65,1791805
2021-05-26 10:23:13,228.65,1792325
2021-05-26 10:23:17,228.7,1792946
2021-05-26 10:23:25,228.7,1795592
2021-05-26 10:23:29,228.7,1797699
2021-05-26 10:23:33,228.7,1798249
2021-05-26 10:23:37,228.7,1798473
2021-05-26 10:23:41,228.65,1798557
2021-05-26 10:23:45,228.65,1799512
2021-05-26 10:23:49,228.65,1799885
2021-05-26 10:23:53,228.75,1801372
2021-05-26 10:23:57,228.75,1801759
2021-05-26 10:24:01,228.75,1801760
2021-05-26 10:24:05,228.7,1801780
2021-05-26 10:24:08,228.75,1802066
2021-05-26 10:24:12,228.75,1802171
2021-05-26 10:24:16,228.75,1802271
2021-05-26 10:24:19,228.75,1802391
2021-05-26 10:24:23,228.75,1803542
2021-05-26 10:24:26,228.75,1803582
2021-05-26 10:24:30,228.75,1803582
2021-05-26 10:24:33,228.75,1803599
2021-05-26 10:24:37,228.75,1803945
2021-05-26 10:24:41,228.7,1804055
2021-05-26 10:24:44,228.7,1804317
2021-05-26 10:24:48,228.75,1805348
2021-05-26 10:24:51,228.8,1808192
2021-05-26 10:24:54,228.75,1808213
2021-05-26 10:24:58,228.7,1808590
2021-05-26 10:25:01,228.8,1808715
2021-05-26 10:25:05,228.75,1809093
2021-05-26 10:25:10,228.75,1809103
2021-05-26 10:25:13,228.75,1809877
2021-05-26 10:25:17,228.75,1809938
2021-05-26 10:25:21,228.8,1811425
2021-05-26 10:25:25,228.8,1811425
2021-05-26 10:25:29,228.8,1811676
2021-05-26 10:25:33,228.8,1812426
2021-05-26 10:25:36,228.75,1812504
2021-05-26 10:25:40,228.8,1812905
2021-05-26 10:25:43,228.75,1813487
2021-05-26 10:25:47,228.75,1815528
2021-05-26 10:25:50,228.75,1815769
2021-05-26 10:25:54,228.75,1816344
2021-05-26 10:25:58,228.8,1819277
2021-05-26 10:26:02,228.8,1819777
2021-05-26 10:26:06,228.75,1821007
2021-05-26 10:26:09,228.8,1822057
2021-05-26 10:26:13,228.8,1822096
2021-05-26 10:26:17,228.8,1822967
2021-05-26 10:26:20,228.75,1823854
2021-05-26 10:26:25,228.75,1823865
2021-05-26 10:26:28,228.8,1825031
2021-05-26 10:26:32,228.8,1825096
2021-05-26 10:26:35,228.75,1825448
2021-05-26 10:26:39,228.75,1825448
2021-05-26 10:26:43,228.8,1825592
2021-05-26 10:26:46,228.8,1826514
2021-05-26 10:26:54,228.8,1826662
2021-05-26 10:26:57,228.8,1826662
2021-05-26 10:27:01,228.75,1827164
2021-05-26 10:27:05,228.75,1827552
2021-05-26 10:27:09,228.8,1828165
2021-05-26 10:27:13,228.8,1828180
2021-05-26 10:27:17,228.75,1828481
2021-05-26 10:27:21,228.75,1829046
2021-05-26 10:27:25,228.95,1846790
2021-05-26 10:27:28,228.95,1846790
2021-05-26 10:27:32,228.95,1847290
2021-05-26 10:27:35,228.95,1848231
2021-05-26 10:27:38,228.9,1850375
2021-05-26 10:27:42,228.9,1853770
2021-05-26 10:27:46,228.95,1860222
2021-05-26 10:27:53,228.95,1861095
2021-05-26 10:27:57,228.95,1864846
2021-05-26 10:28:04,229.0,1866154
2021-05-26 10:28:07,228.95,1866434
2021-05-26 10:28:11,228.95,1867214
2021-05-26 10:28:14,229.0,1867527
2021-05-26 10:28:17,229.0,1867936
2021-05-26 10:28:21,229.0,1870815
2021-05-26 10:28:25,229.05,1872074
2021-05-26 10:28:28,229.0,1873284
2021-05-26 10:28:32,229.0,1873287
2021-05-26 10:28:36,229.0,1874348
2021-05-26 10:28:39,228.95,1874475
2021-05-26 10:28:43,229.0,1874884
2021-05-26 10:28:46,229.0,1874979
2021-05-26 10:28:50,228.95,1875175
2021-05-26 10:28:53,228.95,1875458
2021-05-26 10:28:56,229.0,1875510
2021-05-26 10:29:00,229.0,1877714
2021-05-26 10:29:03,229.0,1877773
2021-05-26 10:29:07,229.05,1878916
2021-05-26 10:29:11,229.05,1879636
2021-05-26 10:29:14,229.05,1881754
2021-05-26 10:29:18,229.05,1883184
2021-05-26 10:29:22,229.05,1883585
2021-05-26 10:29:26,229.05,1884350
2021-05-26 10:29:30,228.85,1892811
2021-05-26 10:29:34,228.95,1893445
2021-05-26 10:29:37,229.0,1894875
2021-05-26 10:29:40,228.95,1895131
2021-05-26 10:29:43,228.9,1896226
2021-05-26 10:29:47,228.95,1896227
2021-05-26 10:29:50,228.9,1896895
2021-05-26 10:29:53,228.9,1897715
2021-05-26 10:29:57,228.85,1898418
2021-05-26 10:30:00,228.8,1899479
2021-05-26 10:30:04,228.8,1900732
2021-05-26 10:30:13,228.85,1903931
2021-05-26 10:30:17,228.95,1904084
2021-05-26 10:30:20,228.95,1904877
2021-05-26 10:30:24,228.95,1904927
2021-05-26 10:30:27,228.95,1906136
2021-05-26 10:30:31,228.85,1906308
2021-05-26 10:30:34,228.95,1906852
2021-05-26 10:30:38,228.95,1907532
2021-05-26 10:30:41,228.95,1907739
2021-05-26 10:30:45,229.0,1917773
2021-05-26 10:30:48,228.9,1917824
2021-05-26 10:30:52,228.85,1918049
2021-05-26 10:30:55,228.9,1920598
2021-05-26 10:30:59,228.75,1926468
2021-05-26 10:31:03,228.75,1928875
2021-05-26 10:31:07,228.9,1929066
2021-05-26 10:31:11,228.85,1929842
2021-05-26 10:31:14,228.75,1931435
2021-05-26 10:31:18,228.8,1935521
2021-05-26 10:31:22,228.85,1935525
2021-05-26 10:31:25,228.75,1936827
2021-05-26 10:31:29,228.85,1936829
2021-05-26 10:31:32,228.85,1936836
2021-05-26 10:31:35,228.8,1940635
2021-05-26 10:31:39,228.8,1940957
2021-05-26 10:31:43,228.8,1941864
2021-05-26 10:31:46,228.8,1941992
2021-05-26 10:31:49,228.8,1943919
2021-05-26 10:31:53,228.9,1944164
2021-05-26 10:31:56,228.8,1944433
2021-05-26 10:31:59,228.85,1944716
2021-05-26 10:32:03,228.85,1944716
2021-05-26 10:32:06,228.85,1944892
2021-05-26 10:32:10,228.9,1945246
2021-05-26 10:32:13,228.85,1945265
2021-05-26 10:32:17,228.8,1945778
2021-05-26 10:32:20,228.85,1950191
2021-05-26 10:32:23,228.85,1950191
2021-05-26 10:32:26,228.95,1950555
2021-05-26 10:32:30,228.8,1951646
2021-05-26 10:32:33,228.8,1951974
2021-05-26 10:32:37,228.9,1952284
2021-05-26 10:32:40,228.9,1952473
2021-05-26 10:32:43,228.9,1952473
2021-05-26 10:32:50,228.8,1953945
2021-05-26 10:32:53,228.8,1954223
2021-05-26 10:32:56,228.8,1955241
2021-05-26 10:33:00,228.85,1955279
2021-05-26 10:33:04,228.85,1955349
2021-05-26 10:33:07,228.85,1955553
2021-05-26 10:33:11,228.8,1956410
2021-05-26 10:33:15,228.95,1956936
2021-05-26 10:33:22,228.95,1957714
2021-05-26 10:33:25,228.85,1957840
2021-05-26 10:33:34,228.9,1957925
2021-05-26 10:33:38,228.9,1958162
2021-05-26 10:33:41,228.9,1958423
2021-05-26 10:33:44,228.9,1959238
2021-05-26 10:33:48,228.9,1959238
2021-05-26 10:33:51,228.9,1959289
2021-05-26 10:33:54,228.9,1959300
2021-05-26 10:33:57,228.9,1959300
2021-05-26 10:34:00,228.85,1959480
2021-05-26 10:34:04,228.95,1959685
2021-05-26 10:34:07,228.95,1959702
2021-05-26 10:34:10,228.95,1959702
2021-05-26 10:34:13,228.95,1959703
2021-05-26 10:34:17,228.95,1959713
2021-05-26 10:34:20,228.95,1960373
2021-05-26 10:34:27,228.9,1960716
2021-05-26 10:34:30,228.95,1961116
2021-05-26 10:34:34,229.0,1965070
2021-05-26 10:34:37,228.9,1965120
2021-05-26 10:34:40,228.95,1965304
2021-05-26 10:34:44,228.9,1965461
2021-05-26 10:34:47,229.0,1965864
2021-05-26 10:34:50,229.0,1965966
2021-05-26 10:34:53,229.0,1966470
2021-05-26 10:35:00,229.0,1967661
2021-05-26 10:35:03,228.95,1967666
2021-05-26 10:35:06,229.0,1968219
2021-05-26 10:35:10,229.0,1968455
2021-05-26 10:35:13,229.0,1968794
2021-05-26 10:35:17,229.0,1968838
2021-05-26 10:35:20,229.0,1970288
2021-05-26 10:35:24,229.0,1971879
2021-05-26 10:35:27,228.9,1972385
2021-05-26 10:35:31,228.35,2084006
2021-05-26 10:35:33,228.45,2139111
2021-05-26 10:35:37,228.45,2148171
2021-05-26 10:35:40,228.4,2148793
2021-05-26 10:35:43,228.4,2156969
2021-05-26 10:35:47,228.4,2157121
2021-05-26 10:35:50,228.25,2161562
2021-05-26 10:35:53,228.25,2166927
2021-05-26 10:35:57,228.35,2172651
2021-05-26 10:36:01,228.25,2177591
2021-05-26 10:36:04,228.25,2180295
2021-05-26 10:36:08,228.2,2180417
2021-05-26 10:36:11,228.1,2186013
2021-05-26 10:36:15,228.15,2186914
2021-05-26 10:36:19,228.1,2187038
2021-05-26 10:36:22,228.1,2188367
2021-05-26 10:36:26,228.05,2192142
2021-05-26 10:36:29,228.1,2193685
2021-05-26 10:36:33,227.95,2248457
2021-05-26 10:36:36,228.0,2254159
2021-05-26 10:36:42,227.85,2265329
2021-05-26 10:36:46,227.85,2270439
2021-05-26 10:36:54,227.8,2275210
2021-05-26 10:36:57,227.8,2285743
2021-05-26 10:37:00,227.8,2290878
2021-05-26 10:37:03,227.8,2293548
2021-05-26 10:37:06,227.8,2297297
2021-05-26 10:37:13,228.2,2306671
2021-05-26 10:37:17,228.2,2306978
2021-05-26 10:37:20,228.2,2308088
2021-05-26 10:37:24,228.1,2308389
2021-05-26 10:37:27,228.2,2308980
2021-05-26 10:37:30,228.1,2309255
2021-05-26 10:37:33,228.2,2309330
2021-05-26 10:37:36,228.15,2309430
2021-05-26 10:37:39,228.15,2309709
2021-05-26 10:37:43,228.1,2311222
2021-05-26 10:37:49,228.2,2311965
2021-05-26 10:37:52,228.2,2312580
2021-05-26 10:37:56,228.15,2313210
2021-05-26 10:37:59,228.15,2313520
2021-05-26 10:38:03,228.1,2318675
2021-05-26 10:38:07,228.1,2320707
2021-05-26 10:38:11,228.15,2322098
2021-05-26 10:38:14,228.2,2322148
2021-05-26 10:38:18,228.15,2323834
2021-05-26 10:38:21,228.2,2323984
2021-05-26 10:38:25,228.15,2325105
2021-05-26 10:38:28,228.1,2326713
2021-05-26 10:38:31,228.2,2326718
2021-05-26 10:38:35,228.2,2327743
2021-05-26 10:38:38,228.2,2327845
2021-05-26 10:38:43,228.15,2328739
2021-05-26 10:38:46,228.1,2329094
2021-05-26 10:38:50,228.15,2329939
2021-05-26 10:38:53,228.1,2331294
2021-05-26 10:38:57,228.1,2332874
2021-05-26 10:39:01,228.1,2333187
2021-05-26 10:39:04,228.15,2333924
2021-05-26 10:39:07,228.15,2333936
2021-05-26 10:39:10,228.15,2334858
2021-05-26 10:39:13,228.2,2334873
2021-05-26 10:39:16,228.2,2334933
2021-05-26 10:39:19,228.2,2335003
2021-05-26 10:39:22,228.15,2335444
2021-05-26 10:39:25,228.2,2335626
2021-05-26 10:39:28,228.2,2336188
2021-05-26 10:39:32,228.2,2336293
2021-05-26 10:39:35,228.3,2352944
2021-05-26 10:39:39,228.25,2353476
2021-05-26 10:39:42,228.25,2353881
2021-05-26 10:39:45,228.25,2353881
2021-05-26 10:39:48,228.25,2354281
2021-05-26 10:39:52,228.2,2354919
2021-05-26 10:39:55,228.2,2359209
2021-05-26 10:39:58,228.2,2359379
2021-05-26 10:40:02,228.25,2359579
2021-05-26 10:40:06,228.2,2360745
2021-05-26 10:40:10,228.05,2376342
2021-05-26 10:40:14,228.0,2377402
2021-05-26 10:40:17,228.05,2377720
2021-05-26 10:40:21,228.05,2378117
2021-05-26 10:40:24,228.05,2378978
2021-05-26 10:40:27,228.0,2382532
2021-05-26 10:40:30,228.2,2392339
2021-05-26 10:40:34,228.0,2392694
2021-05-26 10:40:37,228.0,2393058
2021-05-26 10:40:41,228.05,2393229
2021-05-26 10:40:44,228.05,2393806
2021-05-26 10:40:47,228.0,2396131
2021-05-26 10:40:51,228.0,2396183
2021-05-26 10:40:54,228.1,2396893
2021-05-26 10:40:58,228.0,2397268
2021-05-26 10:41:02,228.1,2397518
2021-05-26 10:41:06,227.95,2401462
2021-05-26 10:41:13,228.0,2402371
2021-05-26 10:41:20,227.85,2403272
2021-05-26 10:41:23,227.95,2403500
2021-05-26 10:41:26,228.0,2403652
2021-05-26 10:41:30,228.05,2406691
2021-05-26 10:41:34,228.0,2408654
2021-05-26 10:41:37,228.0,2408994
2021-05-26 10:41:41,228.0,2408996
2021-05-26 10:41:44,228.0,2409031
2021-05-26 10:41:47,228.1,2411204
2021-05-26 10:41:50,228.0,2412294
2021-05-26 10:41:53,228.05,2412330
2021-05-26 10:41:57,228.1,2412357
2021-05-26 10:42:00,228.05,2412604
2021-05-26 10:42:03,228.15,2413131
2021-05-26 10:42:06,228.05,2413281
2021-05-26 10:42:10,228.15,2413781
2021-05-26 10:42:13,228.1,2413803
2021-05-26 10:42:16,228.15,2413903
2021-05-26 10:42:23,228.15,2413913
2021-05-26 10:42:27,228.15,2414132
2021-05-26 10:42:31,228.15,2416207
2021-05-26 10:42:35,228.15,2421899
2021-05-26 10:42:38,228.15,2421899
2021-05-26 10:42:41,228.1,2421928
2021-05-26 10:42:44,228.1,2421982
2021-05-26 10:42:47,228.0,2422982
2021-05-26 10:42:50,228.1,2423325
2021-05-26 10:42:53,228.0,2423365
2021-05-26 10:42:56,228.0,2423760
2021-05-26 10:42:59,228.0,2426383
2021-05-26 10:43:02,228.1,2426488
2021-05-26 10:43:05,228.1,2426498
2021-05-26 10:43:09,228.05,2426599
2021-05-26 10:43:11,228.1,2426664
2021-05-26 10:43:14,228.1,2426694
2021-05-26 10:43:17,228.1,2427013
2021-05-26 10:43:24,228.05,2427168
2021-05-26 10:43:27,228.1,2427298
2021-05-26 10:43:30,228.05,2427353
2021-05-26 10:43:33,228.1,2427454
2021-05-26 10:43:39,228.2,2433097
2021-05-26 10:43:42,228.2,2435107
2021-05-26 10:43:45,228.2,2435117
2021-05-26 10:43:48,228.2,2435117
2021-05-26 10:43:51,228.15,2435469
2021-05-26 10:43:54,228.2,2435982
2021-05-26 10:44:00,228.1,2436754
2021-05-26 10:44:03,228.1,2439861
2021-05-26 10:44:06,228.2,2440192
2021-05-26 10:44:09,228.1,2440292
2021-05-26 10:44:12,228.1,2440292
2021-05-26 10:44:15,228.1,2440950
2021-05-26 10:44:18,228.15,2445737
2021-05-26 10:44:22,228.15,2446247
2021-05-26 10:44:25,228.05,2446697
2021-05-26 10:44:31,228.05,2448367
2021-05-26 10:44:34,228.15,2448387
2021-05-26 10:44:37,228.15,2448388
2021-05-26 10:44:40,228.25,2451797
2021-05-26 10:44:43,228.25,2452008
2021-05-26 10:44:46,228.25,2452008
2021-05-26 10:44:49,228.2,2452048
2021-05-26 10:44:52,228.25,2452099
2021-05-26 10:44:55,228.2,2452381
2021-05-26 10:44:57,228.2,2452381
2021-05-26 10:45:00,228.15,2452751
2021-05-26 10:45:03,228.05,2454399
2021-05-26 10:45:06,228.15,2455846
2021-05-26 10:45:10,228.15,2455846
2021-05-26 10:45:13,228.25,2458359
2021-05-26 10:45:16,228.25,2458388
2021-05-26 10:45:19,228.45,2478310
2021-05-26 10:45:23,228.35,2482815
2021-05-26 10:45:26,228.25,2485029
2021-05-26 10:45:29,228.25,2485904
2021-05-26 10:45:33,228.25,2486170
2021-05-26 10:45:36,228.2,2486438
2021-05-26 10:45:40,228.15,2489208
2021-05-26 10:45:43,228.15,2489622
2021-05-26 10:45:47,228.2,2492077
2021-05-26 10:45:50,228.1,2492162
2021-05-26 10:45:54,228.2,2492415
2021-05-26 10:45:57,228.15,2493600
2021-05-26 10:46:01,228.15,2494161
2021-05-26 10:46:04,228.3,2495943
2021-05-26 10:46:07,228.25,2498004
2021-05-26 10:46:10,228.25,2498154
2021-05-26 10:46:13,228.25,2498159
2021-05-26 10:46:17,228.25,2498184
2021-05-26 10:46:23,228.25,2498746
2021-05-26 10:46:26,228.2,2499046
2021-05-26 10:46:30,228.25,2499056
2021-05-26 10:46:33,228.25,2499087
2021-05-26 10:46:36,228.2,2499462
2021-05-26 10:46:40,228.2,2499749
2021-05-26 10:46:43,228.25,2499759
2021-05-26 10:46:46,228.25,2500274
2021-05-26 10:46:49,228.25,2501387
2021-05-26 10:46:56,228.25,2503201
2021-05-26 10:46:59,228.2,2503263
2021-05-26 10:47:02,228.2,2503320
2021-05-26 10:47:05,228.25,2503443
2021-05-26 10:47:09,228.15,2504326
2021-05-26 10:47:11,228.25,2504412
2021-05-26 10:47:15,228.25,2504412
2021-05-26 10:47:18,228.2,2504720
2021-05-26 10:47:21,228.25,2504865
2021-05-26 10:47:25,228.2,2505061
2021-05-26 10:47:28,228.25,2505367
2021-05-26 10:47:31,228.25,2505409
2021-05-26 10:47:35,228.25,2505893
2021-05-26 10:47:38,228.3,2507735
2021-05-26 10:47:41,228.25,2508305
2021-05-26 10:47:44,228.3,2508320
2021-05-26 10:47:48,228.25,2508576
2021-05-26 10:47:51,228.25,2509104
2021-05-26 10:47:55,228.25,2509472
2021-05-26 10:47:59,228.2,2509612
2021-05-26 10:48:02,228.25,2509769
2021-05-26 10:48:05,228.3,2510082
2021-05-26 10:48:08,228.2,2512684
2021-05-26 10:48:12,228.2,2513096
2021-05-26 10:48:15,228.2,2513096
2021-05-26 10:48:19,228.2,2513841
2021-05-26 10:48:22,228.2,2513867
2021-05-26 10:48:25,228.2,2514072
2021-05-26 10:48:29,228.2,2514072
2021-05-26 10:48:32,228.25,2514103
2021-05-26 10:48:36,228.25,2514236
2021-05-26 10:48:40,228.25,2514306
2021-05-26 10:48:46,228.2,2514836
2021-05-26 10:48:49,228.25,2514888
2021-05-26 10:48:53,228.25,2514914
2021-05-26 10:48:56,228.2,2514982
2021-05-26 10:48:59,228.25,2514986
2021-05-26 10:49:02,228.2,2515497
2021-05-26 10:49:05,228.15,2519016
2021-05-26 10:49:08,228.1,2519036
2021-05-26 10:49:11,228.1,2519168
2021-05-26 10:49:14,228.2,2519468
2021-05-26 10:49:17,228.2,2519488
2021-05-26 10:49:20,228.2,2519488
2021-05-26 10:49:24,228.2,2519489
2021-05-26 10:49:27,228.15,2520109
2021-05-26 10:49:30,228.15,2520274
2021-05-26 10:49:33,228.2,2520757
2021-05-26 10:49:36,228.15,2521417
2021-05-26 10:49:40,228.15,2521417
2021-05-26 10:49:43,228.2,2521717
2021-05-26 10:49:50,228.2,2521879
2021-05-26 10:49:53,228.15,2521988
2021-05-26 10:49:56,228.2,2522072
2021-05-26 10:49:59,228.2,2522072
2021-05-26 10:50:03,228.2,2522286
2021-05-26 10:50:06,228.25,2522291
2021-05-26 10:50:09,228.25,2522415
2021-05-26 10:50:13,228.25,2524740
2021-05-26 10:50:17,228.25,2527757
2021-05-26 10:50:20,228.25,2527856
2021-05-26 10:50:24,228.25,2528154
2021-05-26 10:50:28,228.2,2528364
2021-05-26 10:50:31,228.2,2529113
2021-05-26 10:50:34,228.25,2530114
2021-05-26 10:50:38,228.2,2530309
2021-05-26 10:50:41,228.3,2530310
2021-05-26 10:50:44,228.25,2530452
2021-05-26 10:50:47,228.2,2530495
2021-05-26 10:50:50,228.2,2530495
2021-05-26 10:50:53,228.2,2530692
2021-05-26 10:50:56,228.2,2530934
2021-05-26 10:50:59,228.25,2530985
2021-05-26 10:51:03,228.2,2531919
2021-05-26 10:51:06,228.25,2531963
2021-05-26 10:51:10,228.2,2532480
2021-05-26 10:51:13,228.25,2532623
2021-05-26 10:51:17,228.3,2533830
2021-05-26 10:51:20,228.3,2533840
2021-05-26 10:51:23,228.3,2533843
2021-05-26 10:51:27,228.4,2534023
2021-05-26 10:51:30,228.3,2534138
2021-05-26 10:51:33,228.35,2534198
2021-05-26 10:51:37,228.4,2535675
2021-05-26 10:51:44,228.3,2535745
2021-05-26 10:51:47,228.35,2536187
2021-05-26 10:51:51,228.35,2536287
2021-05-26 10:51:54,228.35,2536331
2021-05-26 10:51:57,228.4,2536492
2021-05-26 10:52:00,228.4,2537062
2021-05-26 10:52:03,228.55,2542134
2021-05-26 10:52:07,228.55,2542284
2021-05-26 10:52:10,228.4,2542986
2021-05-26 10:52:13,228.55,2548008
2021-05-26 10:52:16,228.5,2550834
2021-05-26 10:52:19,228.45,2550836
2021-05-26 10:52:25,228.5,2551856
2021-05-26 10:52:28,228.5,2551856
2021-05-26 10:52:32,228.4,2567994
2021-05-26 10:52:35,228.35,2568719
2021-05-26 10:52:38,228.4,2569761
2021-05-26 10:52:42,228.35,2570217
2021-05-26 10:52:45,228.4,2575845
2021-05-26 10:52:47,228.35,2576830
2021-05-26 10:52:50,228.35,2580358
2021-05-26 10:52:54,228.35,2580692
2021-05-26 10:52:58,228.4,2580767
2021-05-26 10:53:01,228.35,2580808
2021-05-26 10:53:05,228.35,2581323
2021-05-26 10:53:08,228.45,2581925
2021-05-26 10:53:11,228.45,2581925
2021-05-26 10:53:14,228.45,2581925
2021-05-26 10:53:17,228.45,2582184
2021-05-26 10:53:21,228.4,2582254
2021-05-26 10:53:24,228.4,2582374
2021-05-26 10:53:28,228.4,2582507
2021-05-26 10:53:31,228.45,2582582
2021-05-26 10:53:35,228.45,2583592
2021-05-26 10:53:38,228.45,2584578
2021-05-26 10:53:42,228.4,2586128
2021-05-26 10:53:45,228.45,2586650
2021-05-26 10:53:49,228.45,2586650
2021-05-26 10:53:52,228.45,2586902
2021-05-26 10:53:56,228.45,2587244
2021-05-26 10:53:59,228.4,2587440
2021-05-26 10:54:02,228.3,2594943
2021-05-26 10:54:06,228.35,2595953
2021-05-26 10:54:09,228.35,2596772
2021-05-26 10:54:12,228.35,2598341
2021-05-26 10:54:16,228.35,2599372
2021-05-26 10:54:20,228.25,2599655
2021-05-26 10:54:23,228.35,2599918
2021-05-26 10:54:26,228.3,2599959
2021-05-26 10:54:29,228.3,2600018
2021-05-26 10:54:32,228.25,2600914
2021-05-26 10:54:36,228.3,2601553
2021-05-26 10:54:39,228.3,2601563
2021-05-26 10:54:42,228.3,2601973
2021-05-26 10:54:45,228.3,2602023
2021-05-26 10:54:49,228.35,2602150
2021-05-26 10:54:52,228.4,2602260
2021-05-26 10:54:55,228.4,2602440
2021-05-26 10:54:59,228.4,2602515
2021-05-26 10:55:02,228.4,2602516
2021-05-26 10:55:05,228.4,2603142
2021-05-26 10:55:09,228.4,2604601
2021-05-26 10:55:12,228.4,2604806
2021-05-26 10:55:15,228.7,2619220
2021-05-26 10:55:18,228.65,2621998
2021-05-26 10:55:22,228.6,2622174
2021-05-26 10:55:25,228.7,2622175
2021-05-26 10:55:29,228.6,2622610
2021-05-26 10:55:32,228.55,2623311
2021-05-26 10:55:36,228.55,2623561
2021-05-26 10:55:39,228.55,2623621
2021-05-26 10:55:42,228.5,2626340
2021-05-26 10:55:46,228.45,2627095
2021-05-26 10:55:49,228.5,2627357
2021-05-26 10:55:53,228.4,2627818
2021-05-26 10:55:56,228.4,2628068
2021-05-26 10:55:59,228.5,2628178
2021-05-26 10:56:02,228.4,2628749
2021-05-26 10:56:06,228.5,2628790
2021-05-26 10:56:09,228.5,2629150
2021-05-26 10:56:12,228.5,2629150
2021-05-26 10:56:15,228.5,2629771
2021-05-26 10:56:19,228.45,2630236
2021-05-26 10:56:22,228.45,2630258
2021-05-26 10:56:25,228.5,2630278
2021-05-26 10:56:28,228.45,2630383
2021-05-26 10:56:31,228.45,2630611
2021-05-26 10:56:34,228.45,2631761
2021-05-26 10:56:37,228.5,2631854
2021-05-26 10:56:43,228.5,2632616
2021-05-26 10:56:47,228.4,2633095
2021-05-26 10:56:50,228.5,2633597
2021-05-26 10:56:53,228.5,2633597
2021-05-26 10:56:56,228.5,2633597
2021-05-26 10:57:00,228.5,2633712
2021-05-26 10:57:03,228.5,2633763
2021-05-26 10:57:06,228.45,2633887
2021-05-26 10:57:12,228.4,2634302
2021-05-26 10:57:15,228.5,2634332
2021-05-26 10:57:18,228.45,2634382
2021-05-26 10:57:21,228.45,2634382
2021-05-26 10:57:24,228.4,2635417
2021-05-26 10:57:26,228.45,2635458
2021-05-26 10:57:29,228.4,2635692
2021-05-26 10:57:32,228.4,2635695
2021-05-26 10:57:35,228.4,2635897
2021-05-26 10:57:38,228.45,2635997
2021-05-26 10:57:41,228.45,2636205
2021-05-26 10:57:44,228.4,2636348
2021-05-26 10:57:46,228.45,2636502
2021-05-26 10:57:49,228.45,2636547
2021-05-26 10:57:52,228.45,2636731
2021-05-26 10:57:57,228.45,2636733
2021-05-26 10:58:01,228.4,2636845
2021-05-26 10:58:04,228.4,2642349
2021-05-26 10:58:06,228.4,2642581
2021-05-26 10:58:09,228.3,2643527
2021-05-26 10:58:12,228.3,2648517
2021-05-26 10:58:16,228.3,2648518
2021-05-26 10:58:18,228.35,2648519
2021-05-26 10:58:22,228.3,2649715
2021-05-26 10:58:25,228.3,2651409
2021-05-26 10:58:27,228.3,2651409
2021-05-26 10:58:30,228.3,2651779
2021-05-26 10:58:33,228.25,2651957
2021-05-26 10:58:36,228.35,2651971
2021-05-26 10:58:39,228.35,2652042
2021-05-26 10:58:42,228.3,2652882
2021-05-26 10:58:45,228.25,2653755
2021-05-26 10:58:49,228.25,2653755
2021-05-26 10:58:52,228.3,2654319
2021-05-26 10:58:56,228.4,2654851
2021-05-26 10:58:59,228.4,2655157
2021-05-26 10:59:03,228.4,2655233
2021-05-26 10:59:06,228.4,2655333
2021-05-26 10:59:09,228.4,2655341
2021-05-26 10:59:13,228.4,2655372
2021-05-26 10:59:16,228.4,2655372
2021-05-26 10:59:19,228.4,2655632
2021-05-26 10:59:22,228.4,2655991
2021-05-26 10:59:26,228.4,2656007
2021-05-26 10:59:29,228.4,2656107
2021-05-26 10:59:32,228.4,2656307
2021-05-26 10:59:35,228.4,2656507
2021-05-26 10:59:38,228.4,2656507
2021-05-26 10:59:42,228.3,2656769
2021-05-26 10:59:45,228.3,2657312
2021-05-26 10:59:48,228.6,2661617
2021-05-26 10:59:51,228.6,2667640
2021-05-26 10:59:54,228.85,2688350
2021-05-26 10:59:57,228.7,2689264
2021-05-26 11:00:01,228.85,2689365
2021-05-26 11:00:04,228.85,2689902
2021-05-26 11:00:07,228.7,2690119
2021-05-26 11:00:11,228.7,2690943
2021-05-26 11:00:15,228.7,2690956
2021-05-26 11:00:18,228.7,2691025
2021-05-26 11:00:21,228.7,2691770
2021-05-26 11:00:24,228.75,2691771
2021-05-26 11:00:27,228.6,2696399
2021-05-26 11:00:31,228.8,2699593
2021-05-26 11:00:34,228.8,2699593
2021-05-26 11:00:37,228.7,2699693
2021-05-26 11:00:40,228.75,2704016
2021-05-26 11:00:43,228.55,2704327
2021-05-26 11:00:47,228.55,2704913
2021-05-26 11:00:50,228.55,2705869
2021-05-26 11:00:52,228.65,2706165
2021-05-26 11:00:55,228.65,2706419
2021-05-26 11:00:58,228.65,2706489
2021-05-26 11:01:04,228.65,2706989
2021-05-26 11:01:10,228.45,2710034
2021-05-26 11:01:12,228.5,2710036
2021-05-26 11:01:15,228.4,2711010
2021-05-26 11:01:17,228.35,2711229
2021-05-26 11:01:22,228.6,2717680
2021-05-26 11:01:25,228.5,2718089
2021-05-26 11:01:27,228.5,2718205
2021-05-26 11:01:30,228.5,2718264
2021-05-26 11:01:33,228.5,2719143
2021-05-26 11:01:36,228.5,2719643
2021-05-26 11:01:39,228.5,2720724
2021-05-26 11:01:42,228.6,2721448
2021-05-26 11:01:45,228.45,2721449
2021-05-26 11:01:48,228.55,2721477
2021-05-26 11:01:51,228.55,2721477
2021-05-26 11:01:53,228.55,2721899
2021-05-26 11:01:56,228.6,2722283
2021-05-26 11:01:59,228.5,2722285
2021-05-26 11:02:05,228.6,2722409
2021-05-26 11:02:08,228.6,2722410
2021-05-26 11:02:10,228.6,2722421
2021-05-26 11:02:13,228.5,2722438
2021-05-26 11:02:16,228.5,2722562
2021-05-26 11:02:19,228.5,2722563
2021-05-26 11:02:22,228.65,2728864
2021-05-26 11:02:25,228.65,2728880
2021-05-26 11:02:28,228.65,2728915
2021-05-26 11:02:31,228.65,2728915
2021-05-26 11:02:35,228.65,2728932
2021-05-26 11:02:38,228.6,2728982
2021-05-26 11:02:41,228.6,2730806
2021-05-26 11:02:45,228.6,2731055
2021-05-26 11:02:50,228.6,2732091
2021-05-26 11:02:53,228.5,2732112
2021-05-26 11:02:55,228.5,2732370
2021-05-26 11:02:58,228.5,2732595
2021-05-26 11:03:01,228.45,2734684
2021-05-26 11:03:04,228.4,2736743
2021-05-26 11:03:07,228.4,2739096
2021-05-26 11:03:11,228.5,2740411
2021-05-26 11:03:13,228.5,2740763
2021-05-26 11:03:16,228.4,2741153
2021-05-26 11:03:19,228.5,2741210
2021-05-26 11:03:21,228.4,2741404
2021-05-26 11:03:24,228.7,2753050
2021-05-26 11:03:27,228.55,2753938
2021-05-26 11:03:30,228.7,2758784
2021-05-26 11:03:33,228.5,2759497
2021-05-26 11:03:40,228.55,2761689
2021-05-26 11:03:43,228.65,2761919
2021-05-26 11:03:46,228.65,2762097
2021-05-26 11:03:49,228.65,2762639
2021-05-26 11:03:52,228.65,2762654
2021-05-26 11:03:55,228.65,2763534
2021-05-26 11:03:57,228.65,2763583
2021-05-26 11:04:00,228.45,2766514
2021-05-26 11:04:04,228.6,2766516
2021-05-26 11:04:07,228.55,2769960
2021-05-26 11:04:10,228.65,2770590
2021-05-26 11:04:13,228.65,2771741
2021-05-26 11:04:17,228.6,2772417
2021-05-26 11:04:20,228.5,2772573
2021-05-26 11:04:23,228.6,2773518
2021-05-26 11:04:26,228.5,2773639
2021-05-26 11:04:29,228.5,2773639
2021-05-26 11:04:32,228.5,2773640
2021-05-26 11:04:35,228.6,2773740
2021-05-26 11:04:39,228.6,2774166
2021-05-26 11:04:42,228.6,2774418
2021-05-26 11:04:45,228.6,2774578
2021-05-26 11:04:48,228.5,2774681
2021-05-26 11:04:51,228.6,2775332
2021-05-26 11:04:54,228.6,2775434
2021-05-26 11:04:57,228.5,2775607
2021-05-26 11:05:00,228.5,2775607
2021-05-26 11:05:03,228.5,2775887
2021-05-26 11:05:06,228.5,2776190
2021-05-26 11:05:09,228.55,2776266
2021-05-26 11:05:11,228.55,2776490
2021-05-26 11:05:14,228.6,2777390
2021-05-26 11:05:17,228.6,2777821
2021-05-26 11:05:20,228.6,2778881
2021-05-26 11:05:23,228.55,2779006
2021-05-26 11:05:29,228.55,2780431
2021-05-26 11:05:32,228.55,2780661
2021-05-26 11:05:34,228.5,2781224
2021-05-26 11:05:37,228.5,2781298
2021-05-26 11:05:40,228.5,2781298
2021-05-26 11:05:45,228.5,2781693
2021-05-26 11:05:48,228.55,2781957
2021-05-26 11:05:51,228.55,2782033
2021-05-26 11:05:54,228.6,2782034
2021-05-26 11:05:56,228.6,2782035
2021-05-26 11:05:59,228.5,2782068
2021-05-26 11:06:02,228.5,2782178
2021-05-26 11:06:05,228.5,2782261
2021-05-26 11:06:08,228.5,2782458
2021-05-26 11:06:11,228.5,2782499
2021-05-26 11:06:14,228.5,2782499
2021-05-26 11:06:16,228.6,2782715
2021-05-26 11:06:19,228.6,2782761
2021-05-26 11:06:22,228.5,2782863
2021-05-26 11:06:25,228.5,2782863
2021-05-26 11:06:28,228.6,2788298
2021-05-26 11:06:31,228.5,2788962
2021-05-26 11:06:34,228.5,2789082
2021-05-26 11:06:38,228.5,2789483
2021-05-26 11:06:41,228.6,2789499
2021-05-26 11:06:44,228.55,2789500
2021-05-26 11:06:46,228.55,2789983
2021-05-26 11:06:49,228.5,2790231
2021-05-26 11:06:52,228.5,2791186
2021-05-26 11:06:55,228.5,2791486
2021-05-26 11:06:58,228.55,2791518
2021-05-26 11:07:01,228.5,2791601
2021-05-26 11:07:04,228.55,2791603
2021-05-26 11:07:07,228.55,2791800
2021-05-26 11:07:10,228.55,2791800
2021-05-26 11:07:13,228.6,2791824
2021-05-26 11:07:19,228.6,2791824
2021-05-26 11:07:22,228.55,2792134
2021-05-26 11:07:24,228.6,2792136
2021-05-26 11:07:27,228.55,2792137
2021-05-26 11:07:30,228.55,2792786
2021-05-26 11:07:32,228.55,2793016
2021-05-26 11:07:36,228.55,2793016
2021-05-26 11:07:39,228.5,2793710
2021-05-26 11:07:42,228.55,2793860
2021-05-26 11:07:45,228.55,2793860
2021-05-26 11:07:48,228.5,2794130
2021-05-26 11:07:51,228.5,2794201
2021-05-26 11:07:54,228.6,2795351
2021-05-26 11:07:57,228.55,2795367
2021-05-26 11:08:00,228.5,2796506
2021-05-26 11:08:03,228.6,2797418
2021-05-26 11:08:06,228.5,2797581
2021-05-26 11:08:09,228.5,2797644
2021-05-26 11:08:12,228.5,2800147
2021-05-26 11:08:15,228.5,2801158
2021-05-26 11:08:18,228.5,2801383
2021-05-26 11:08:21,228.5,2802015
2021-05-26 11:08:23,228.5,2802025
2021-05-26 11:08:26,228.5,2805966
2021-05-26 11:08:30,228.45,2809816
2021-05-26 11:08:33,228.45,2810229
2021-05-26 11:08:36,228.45,2810548
2021-05-26 11:08:43,228.5,2812988
2021-05-26 11:08:46,228.5,2814107
2021-05-26 11:08:49,228.5,2815353
2021-05-26 11:08:52,228.5,2815353
2021-05-26 11:08:55,228.5,2815353
2021-05-26 11:08:58,228.45,2819762
2021-05-26 11:09:01,228.45,2821481
2021-05-26 11:09:04,228.5,2821814
2021-05-26 11:09:07,228.5,2821950
2021-05-26 11:09:10,228.5,2821980
2021-05-26 11:09:13,228.5,2822016
2021-05-26 11:09:18,228.5,2823703
2021-05-26 11:09:21,228.5,2824414
2021-05-26 11:09:24,228.5,2824719
2021-05-26 11:09:26,228.45,2825095
2021-05-26 11:09:29,228.4,2825483
2021-05-26 11:09:33,228.45,2825553
2021-05-26 11:09:36,228.45,2825819
2021-05-26 11:09:38,228.45,2825938
2021-05-26 11:09:41,228.4,2826309
2021-05-26 11:09:44,228.4,2826349
2021-05-26 11:09:47,228.35,2826404
2021-05-26 11:09:50,228.35,2826792
2021-05-26 11:09:55,228.3,2827147
2021-05-26 11:09:58,228.35,2827149
2021-05-26 11:10:01,228.3,2827268
2021-05-26 11:10:04,228.3,2827309
2021-05-26 11:10:07,228.3,2827909
2021-05-26 11:10:10,228.3,2828309
2021-05-26 11:10:12,228.35,2828910
2021-05-26 11:10:15,228.35,2829935
2021-05-26 11:10:18,228.3,2831935
2021-05-26 11:10:21,228.3,2831940
2021-05-26 11:10:24,228.35,2832068
2021-05-26 11:10:27,228.35,2832200
2021-05-26 11:10:30,228.35,2832893
2021-05-26 11:10:33,228.35,2832893
2021-05-26 11:10:36,228.45,2835006
2021-05-26 11:10:39,228.45,2835062
2021-05-26 11:10:42,228.45,2835162
2021-05-26 11:10:44,228.4,2835416
2021-05-26 11:10:47,228.45,2836034
2021-05-26 11:10:51,228.35,2836104
2021-05-26 11:10:54,228.45,2836390
2021-05-26 11:10:56,228.45,2836453
2021-05-26 11:10:59,228.4,2836543
2021-05-26 11:11:02,228.4,2836643
2021-05-26 11:11:05,228.45,2836645
2021-05-26 11:11:07,228.45,2836820
2021-05-26 11:11:10,228.45,2836857
2021-05-26 11:11:12,228.45,2837882
2021-05-26 11:11:15,228.45,2837982
2021-05-26 11:11:18,228.45,2838017
2021-05-26 11:11:20,228.4,2838088
2021-05-26 11:11:23,228.4,2838088
2021-05-26 11:11:27,228.4,2838199
2021-05-26 11:11:29,228.45,2838838
2021-05-26 11:11:32,228.45,2839395
2021-05-26 11:11:35,228.4,2839405
2021-05-26 11:11:41,228.4,2839878
2021-05-26 11:11:44,228.45,2839890
2021-05-26 11:11:46,228.4,2839967
2021-05-26 11:11:49,228.4,2839967
2021-05-26 11:11:52,228.4,2840103
2021-05-26 11:11:55,228.45,2840209
2021-05-26 11:11:58,228.4,2840210
2021-05-26 11:12:01,228.4,2840377
2021-05-26 11:12:04,228.45,2840527
2021-05-26 11:12:07,228.4,2840688
2021-05-26 11:12:10,228.45,2840722
2021-05-26 11:12:13,228.45,2840738
2021-05-26 11:12:16,228.4,2840838
2021-05-26 11:12:18,228.5,2840864
2021-05-26 11:12:21,228.5,2840983
2021-05-26 11:12:24,228.45,2841011
2021-05-26 11:12:27,228.45,2841016
2021-05-26 11:12:30,228.5,2843036
2021-05-26 11:12:32,228.35,2848154
2021-05-26 11:12:38,228.5,2848479
2021-05-26 11:12:41,228.4,2848486
2021-05-26 11:12:44,228.4,2849767
2021-05-26 11:12:47,228.4,2849817
2021-05-26 11:12:49,228.4,2850148
2021-05-26 11:12:52,228.35,2850200
2021-05-26 11:12:55,228.3,2850476
2021-05-26 11:13:01,228.45,2852808
2021-05-26 11:13:04,228.35,2852809
2021-05-26 11:13:07,228.35,2852913
2021-05-26 11:13:12,228.45,2853328
2021-05-26 11:13:15,228.45,2853328
2021-05-26 11:13:17,228.5,2854328
2021-05-26 11:13:20,228.35,2855688
2021-05-26 11:13:23,228.4,2856433
2021-05-26 11:13:26,228.3,2856698
2021-05-26 11:13:29,228.3,2856738
2021-05-26 11:13:32,228.4,2856741
2021-05-26 11:13:34,228.4,2856741
2021-05-26 11:13:40,228.4,2856743
2021-05-26 11:13:46,228.35,2857301
2021-05-26 11:13:49,228.3,2857363
2021-05-26 11:13:51,228.3,2857363
2021-05-26 11:13:54,228.4,2857509
2021-05-26 11:13:57,228.4,2857525
2021-05-26 11:14:00,228.35,2857556
2021-05-26 11:14:03,228.4,2858042
2021-05-26 11:14:05,228.35,2858044
2021-05-26 11:14:08,228.3,2858133
2021-05-26 11:14:11,228.4,2858226
2021-05-26 11:14:14,228.35,2858229
2021-05-26 11:14:18,228.35,2858256
2021-05-26 11:14:21,228.35,2858256
2021-05-26 11:14:27,228.35,2858925
2021-05-26 11:14:30,228.35,2858995
2021-05-26 11:14:33,228.35,2859169
2021-05-26 11:14:35,228.35,2859169
2021-05-26 11:14:38,228.4,2860152
2021-05-26 11:14:40,228.35,2860377
2021-05-26 11:14:43,228.4,2860386
2021-05-26 11:14:46,228.7,2875329
2021-05-26 11:14:49,228.65,2878286
2021-05-26 11:14:51,228.65,2878289
2021-05-26 11:14:54,228.6,2879533
2021-05-26 11:14:57,228.45,2879708
2021-05-26 11:15:00,228.45,2879899
2021-05-26 11:15:02,228.4,2880315
2021-05-26 11:15:05,228.4,2880315
2021-05-26 11:15:08,228.4,2882184
2021-05-26 11:15:12,228.55,2886675
2021-05-26 11:15:15,228.5,2887152
2021-05-26 11:15:18,228.4,2888711
2021-05-26 11:15:22,228.45,2889887
2021-05-26 11:15:25,228.45,2891404
2021-05-26 11:15:29,228.45,2891744
2021-05-26 11:15:31,228.5,2891784
2021-05-26 11:15:34,228.5,2891935
2021-05-26 11:15:37,228.45,2892336
2021-05-26 11:15:40,228.45,2892679
2021-05-26 11:15:42,228.45,2892834
2021-05-26 11:15:45,228.45,2892849
2021-05-26 11:15:48,228.45,2892913
2021-05-26 11:15:50,228.45,2892945
2021-05-26 11:15:53,228.5,2893045
2021-05-26 11:15:56,228.45,2894184
2021-05-26 11:15:58,228.5,2894185
2021-05-26 11:16:01,228.5,2894295
2021-05-26 11:16:04,228.5,2895320
2021-05-26 11:16:07,228.45,2895321
2021-05-26 11:16:09,228.45,2898391
2021-05-26 11:16:12,228.45,2898920
2021-05-26 11:16:16,228.45,2899774
2021-05-26 11:16:19,228.45,2900836
2021-05-26 11:16:22,228.45,2900841
2021-05-26 11:16:25,228.45,2900842
2021-05-26 11:16:28,228.45,2901005
2021-05-26 11:16:31,228.45,2902438
2021-05-26 11:16:34,228.45,2902438
2021-05-26 11:16:37,228.4,2903318
2021-05-26 11:16:40,228.35,2903587
2021-05-26 11:16:43,228.4,2904089
2021-05-26 11:16:45,228.4,2904095
2021-05-26 11:16:49,228.4,2904095
2021-05-26 11:16:52,228.4,2904115
2021-05-26 11:16:55,228.4,2904220
2021-05-26 11:16:57,228.4,2904240
2021-05-26 11:17:00,228.35,2904691
2021-05-26 11:17:03,228.35,2904808
2021-05-26 11:17:09,228.35,2904810
2021-05-26 11:17:12,228.4,2904841
2021-05-26 11:17:15,228.4,2905356
2021-05-26 11:17:19,228.4,2905727
2021-05-26 11:17:22,228.4,2905759
2021-05-26 11:17:28,228.4,2905759
2021-05-26 11:17:30,228.4,2905759
2021-05-26 11:17:33,228.5,2907583
2021-05-26 11:17:36,228.5,2907583
2021-05-26 11:17:39,228.5,2907583
2021-05-26 11:17:42,228.4,2907613
2021-05-26 11:17:45,228.4,2907891
2021-05-26 11:17:49,228.4,2907891
2021-05-26 11:17:56,228.5,2908050
2021-05-26 11:17:59,228.4,2908250
2021-05-26 11:18:02,228.4,2908335
2021-05-26 11:18:05,228.4,2908792
2021-05-26 11:18:08,228.4,2908851
2021-05-26 11:18:12,228.45,2908876
2021-05-26 11:18:15,228.35,2911020
2021-05-26 11:18:18,228.4,2911027
2021-05-26 11:18:21,228.35,2911185
2021-05-26 11:18:24,228.4,2912893
2021-05-26 11:18:27,228.4,2912893
2021-05-26 11:18:29,228.4,2912903
2021-05-26 11:18:32,228.4,2912924
2021-05-26 11:18:36,228.4,2913518
2021-05-26 11:18:39,228.35,2913654
2021-05-26 11:18:42,228.45,2913808
2021-05-26 11:18:45,228.35,2913942
2021-05-26 11:18:48,228.4,2913977
2021-05-26 11:18:51,228.4,2913977
2021-05-26 11:18:54,228.4,2914026
2021-05-26 11:18:57,228.35,2914031
2021-05-26 11:18:59,228.4,2914057
2021-05-26 11:19:02,228.4,2914057
2021-05-26 11:19:05,228.45,2914067
2021-05-26 11:19:08,228.45,2914768
2021-05-26 11:19:10,228.4,2914918
2021-05-26 11:19:14,228.45,2914919
2021-05-26 11:19:17,228.45,2914919
2021-05-26 11:19:20,228.4,2915090
2021-05-26 11:19:23,228.4,2915140
2021-05-26 11:19:27,228.4,2915243
2021-05-26 11:19:30,228.45,2915828
2021-05-26 11:19:33,228.45,2916622
2021-05-26 11:19:35,228.4,2917846
2021-05-26 11:19:38,228.45,2917876
2021-05-26 11:19:41,228.4,2917881
2021-05-26 11:19:45,228.45,2917902
2021-05-26 11:19:48,228.45,2917986
2021-05-26 11:19:51,228.35,2920069
2021-05-26 11:19:54,228.3,2922118
2021-05-26 11:19:57,228.5,2924351
2021-05-26 11:20:00,228.45,2924957
2021-05-26 11:20:03,228.45,2925432
2021-05-26 11:20:06,228.3,2925826
2021-05-26 11:20:09,228.4,2927365
2021-05-26 11:20:12,228.45,2927867
2021-05-26 11:20:14,228.45,2927867
2021-05-26 11:20:17,228.4,2928165
2021-05-26 11:20:20,228.4,2928235
2021-05-26 11:20:23,228.35,2928236
2021-05-26 11:20:26,228.35,2928557
2021-05-26 11:20:29,228.4,2957549
2021-05-26 11:20:32,228.4,2957555
2021-05-26 11:20:35,228.25,2958183
2021-05-26 11:20:38,228.35,2963414
2021-05-26 11:20:41,228.35,2963414
2021-05-26 11:20:44,228.35,2963414
2021-05-26 11:20:47,228.4,2963618
2021-05-26 11:20:50,228.35,2967963
2021-05-26 11:20:53,228.35,2968631
2021-05-26 11:20:57,228.35,2968672
2021-05-26 11:20:59,228.35,2968774
2021-05-26 11:21:02,228.25,2968826
2021-05-26 11:21:06,228.25,2979971
2021-05-26 11:21:09,228.25,2981138
2021-05-26 11:21:12,228.25,2982246
2021-05-26 11:21:14,228.25,2982331
2021-05-26 11:21:17,228.25,2982331
2021-05-26 11:21:21,228.25,2982341
2021-05-26 11:21:24,228.25,2982441
2021-05-26 11:21:27,228.25,2985340
2021-05-26 11:21:30,228.25,2986146
2021-05-26 11:21:33,228.25,2986547
2021-05-26 11:21:36,228.25,2986647
2021-05-26 11:21:39,228.2,2986748
2021-05-26 11:21:42,228.2,2987211
2021-05-26 11:21:45,228.25,2987712
2021-05-26 11:21:48,228.2,2987812
2021-05-26 11:21:51,228.25,2988234
2021-05-26 11:21:55,228.2,2990125
2021-05-26 11:21:58,228.25,2991126
2021-05-26 11:22:01,228.2,2991202
2021-05-26 11:22:04,228.2,2993778
2021-05-26 11:22:10,228.15,2994044
2021-05-26 11:22:13,228.2,2994050
2021-05-26 11:22:16,228.2,2995013
2021-05-26 11:22:19,228.2,2995013
2021-05-26 11:22:22,228.2,2999075
2021-05-26 11:22:25,228.2,2999075
2021-05-26 11:22:30,228.3,3000352
2021-05-26 11:22:33,228.3,3000359
2021-05-26 11:22:36,228.3,3001059
2021-05-26 11:22:38,228.3,3001159
2021-05-26 11:22:41,228.3,3001159
2021-05-26 11:22:44,228.2,3001739
2021-05-26 11:22:47,228.25,3002371
2021-05-26 11:22:50,228.2,3003106
2021-05-26 11:22:52,228.3,3003288
2021-05-26 11:22:55,228.25,3003988
2021-05-26 11:22:57,228.25,3003988
2021-05-26 11:23:03,228.3,3004760
2021-05-26 11:23:06,228.3,3004911
2021-05-26 11:23:09,228.3,3004911
2021-05-26 11:23:13,228.25,3005057
2021-05-26 11:23:15,228.3,3006330
2021-05-26 11:23:18,228.3,3006330
2021-05-26 11:23:21,228.35,3006437
2021-05-26 11:23:25,228.2,3006507
2021-05-26 11:23:28,228.3,3006917
2021-05-26 11:23:31,228.3,3006922
2021-05-26 11:23:34,228.3,3006932
2021-05-26 11:23:38,228.5,3022926
2021-05-26 11:23:41,228.5,3023423
2021-05-26 11:23:48,228.35,3026582
2021-05-26 11:23:50,228.5,3029059
2021-05-26 11:23:53,228.4,3029880
2021-05-26 11:23:56,228.45,3030509
2021-05-26 11:23:58,228.35,3030574
2021-05-26 11:24:01,228.45,3031175
2021-05-26 11:24:05,228.45,3031177
2021-05-26 11:24:08,228.35,3031212
2021-05-26 11:24:11,228.7,3042676
2021-05-26 11:24:15,228.6,3042677
2021-05-26 11:24:18,228.6,3061305
2021-05-26 11:24:23,228.75,3068978
2021-05-26 11:24:26,228.7,3069785
2021-05-26 11:24:29,228.7,3070630
2021-05-26 11:24:32,228.85,3087959
2021-05-26 11:24:35,228.8,3089883
2021-05-26 11:24:38,228.7,3091469
2021-05-26 11:24:44,228.75,3093399
2021-05-26 11:24:46,228.85,3097400
2021-05-26 11:24:49,228.6,3102444
2021-05-26 11:24:52,228.65,3104280
2021-05-26 11:24:55,228.75,3104318
2021-05-26 11:24:58,228.6,3105677
2021-05-26 11:25:01,228.55,3106731
2021-05-26 11:25:04,228.7,3107172
2021-05-26 11:25:07,228.65,3108995
2021-05-26 11:25:10,228.65,3113858
2021-05-26 11:25:13,228.75,3113860
2021-05-26 11:25:16,228.75,3115097
2021-05-26 11:25:19,228.65,3115137
2021-05-26 11:25:21,228.65,3121877
2021-05-26 11:25:24,228.7,3121887
2021-05-26 11:25:27,228.65,3121999
2021-05-26 11:25:30,228.65,3124507
2021-05-26 11:25:33,228.65,3124617
2021-05-26 11:25:37,228.6,3124874
2021-05-26 11:25:40,228.8,3130585
2021-05-26 11:25:43,228.75,3131897
2021-05-26 11:25:46,228.65,3132868
2021-05-26 11:25:49,228.55,3133525
2021-05-26 11:25:52,228.55,3133626
2021-05-26 11:25:55,228.55,3135868
2021-05-26 11:25:57,228.6,3146227
2021-05-26 11:26:00,228.8,3146230
2021-05-26 11:26:02,228.7,3146337
2021-05-26 11:26:05,228.8,3148307
2021-05-26 11:26:08,228.8,3148309
2021-05-26 11:26:11,228.8,3148813
2021-05-26 11:26:14,228.8,3148913
2021-05-26 11:26:17,228.75,3149041
2021-05-26 11:26:20,228.7,3149141
2021-05-26 11:26:23,228.7,3150241
2021-05-26 11:26:23,228.8,3151050
2021-05-26 11:26:24,228.7,3151973
2021-05-26 11:26:25,228.7,3152695
2021-05-26 11:26:26,228.7,3153051
2021-05-26 11:26:28,228.6,3153551
2021-05-26 11:26:29,228.6,3153551
2021-05-26 11:26:29,228.65,3153553
2021-05-26 11:26:30,228.65,3153553
2021-05-26 11:26:31,228.65,3153603
2021-05-26 11:26:32,228.65,3153603
2021-05-26 11:26:33,228.65,3153603
2021-05-26 11:26:34,228.65,3153605
2021-05-26 11:26:35,228.65,3153993
2021-05-26 11:26:36,228.65,3153993
2021-05-26 11:26:37,228.6,3154197
2021-05-26 11:26:38,228.6,3154197
2021-05-26 11:26:39,228.6,3154213
2021-05-26 11:26:40,228.6,3154428
2021-05-26 11:26:41,228.6,3154428
2021-05-26 11:26:42,228.6,3154428
2021-05-26 11:26:44,228.6,3154428
2021-05-26 11:26:44,228.6,3154428
2021-05-26 11:26:46,228.6,3154428
2021-05-26 11:26:46,228.6,3154428
2021-05-26 11:26:47,228.65,3154522
2021-05-26 11:26:48,228.6,3154631
2021-05-26 11:26:49,228.6,3154631
2021-05-26 11:26:50,228.6,3154851
2021-05-26 11:26:51,228.6,3154851
2021-05-26 11:26:53,228.6,3154851
2021-05-26 11:26:53,228.6,3154891
2021-05-26 11:26:54,228.6,3154952
2021-05-26 11:26:56,228.6,3155280
2021-05-26 11:26:57,228.6,3155280
2021-05-26 11:26:57,228.65,3155350
2021-05-26 11:26:58,228.65,3155350
2021-05-26 11:27:00,228.6,3155491
2021-05-26 11:27:01,228.6,3155491
2021-05-26 11:27:02,228.6,3155491
2021-05-26 11:27:03,228.6,3155491
2021-05-26 11:27:05,228.6,3155506
2021-05-26 11:27:07,228.6,3155506
2021-05-26 11:27:07,228.65,3155622
2021-05-26 11:27:08,228.65,3155637
2021-05-26 11:27:09,228.6,3155694
2021-05-26 11:27:11,228.65,3155724
2021-05-26 11:27:11,228.6,3155728
2021-05-26 11:27:12,228.65,3155828
2021-05-26 11:27:13,228.6,3155843
2021-05-26 11:27:14,228.6,3155906
2021-05-26 11:27:16,228.65,3156017
2021-05-26 11:27:16,228.6,3156030
2021-05-26 11:27:17,228.6,3156030
2021-05-26 11:27:18,228.6,3156057
2021-05-26 11:27:19,228.6,3156359
2021-05-26 11:27:20,228.6,3157676
2021-05-26 11:27:21,228.65,3157726
2021-05-26 11:27:22,228.65,3157726
2021-05-26 11:27:24,228.65,3157826
2021-05-26 11:27:24,228.6,3158024
2021-05-26 11:27:25,228.6,3158604
2021-05-26 11:27:26,228.65,3159314
2021-05-26 11:27:27,228.65,3159314
2021-05-26 11:27:28,228.6,3159444
2021-05-26 11:27:29,228.55,3160024
2021-05-26 11:27:30,228.55,3160063
2021-05-26 11:27:31,228.6,3160699
2021-05-26 11:27:32,228.5,3161279
2021-05-26 11:27:33,228.5,3161279
2021-05-26 11:27:35,228.5,3161279
2021-05-26 11:27:36,228.5,3161824
2021-05-26 11:27:37,228.55,3161825
2021-05-26 11:27:38,228.6,3162333
2021-05-26 11:27:39,228.6,3162333
2021-05-26 11:27:40,228.5,3162439
2021-05-26 11:27:42,228.6,3162440
2021-05-26 11:27:43,228.6,3162442
2021-05-26 11:27:44,228.6,3162442
2021-05-26 11:27:46,228.6,3162442
2021-05-26 11:27:47,228.6,3162442
2021-05-26 11:27:48,228.6,3162448
2021-05-26 11:27:49,228.5,3162449
2021-05-26 11:27:50,228.5,3162449
2021-05-26 11:27:51,228.6,3162565
2021-05-26 11:27:52,228.6,3162585
2021-05-26 11:27:53,228.6,3162905
2021-05-26 11:27:54,228.6,3163205
2021-05-26 11:27:55,228.6,3163322
2021-05-26 11:27:56,228.6,3163425
2021-05-26 11:28:01,228.6,3163453
2021-05-26 11:28:01,228.65,3163460
2021-05-26 11:28:02,228.65,3163460
2021-05-26 11:28:03,228.6,3163466
2021-05-26 11:28:04,228.6,3163466
2021-05-26 11:28:05,228.65,3163553
2021-05-26 11:28:06,228.65,3163553
2021-05-26 11:28:07,228.65,3163553
2021-05-26 11:28:09,228.65,3163553
2021-05-26 11:28:09,228.65,3163553
2021-05-26 11:28:10,228.65,3163553
2021-05-26 11:28:11,228.65,3163553
2021-05-26 11:28:12,228.65,3163553
2021-05-26 11:28:15,228.65,3163579
2021-05-26 11:28:15,228.65,3163566
2021-05-26 11:28:16,228.7,3163629
2021-05-26 11:28:17,228.7,3163679
2021-05-26 11:28:18,228.7,3163679
2021-05-26 11:28:19,228.65,3163693
2021-05-26 11:28:20,228.65,3163693
2021-05-26 11:28:21,228.75,3163793
2021-05-26 11:28:22,228.75,3163993
2021-05-26 11:28:23,228.75,3163993
2021-05-26 11:28:25,228.75,3163993
2021-05-26 11:28:26,228.65,3164107
2021-05-26 11:28:27,228.75,3164111
2021-05-26 11:28:27,228.75,3164111
2021-05-26 11:28:28,228.65,3164171
2021-05-26 11:28:29,228.6,3164881
2021-05-26 11:28:30,228.6,3164881
2021-05-26 11:28:31,228.6,3164881
2021-05-26 11:28:32,228.7,3165027
2021-05-26 11:28:33,228.7,3165027
2021-05-26 11:28:34,228.7,3165037
2021-05-26 11:28:36,228.6,3165285
2021-05-26 11:28:37,228.6,3165285
2021-05-26 11:28:38,228.6,3165285
2021-05-26 11:28:39,228.7,3165785
2021-05-26 11:28:40,228.6,3165838
2021-05-26 11:28:41,228.6,3165838
2021-05-26 11:28:42,228.6,3165838
2021-05-26 11:28:42,228.6,3165838
2021-05-26 11:28:43,228.6,3165838
2021-05-26 11:28:44,228.6,3165848
2021-05-26 11:28:45,228.6,3165848
2021-05-26 11:28:46,228.7,3165991
2021-05-26 11:28:47,228.7,3165991
2021-05-26 11:28:49,228.7,3165991
2021-05-26 11:28:50,228.6,3166201
2021-05-26 11:28:50,228.6,3166201
2021-05-26 11:28:51,228.6,3166201
2021-05-26 11:28:52,228.6,3166201
2021-05-26 11:28:53,228.6,3166201
2021-05-26 11:28:54,228.6,3166201
2021-05-26 11:28:55,228.6,3166201
2021-05-26 11:28:57,228.6,3166201
2021-05-26 11:28:58,228.65,3166240
2021-05-26 11:29:00,228.65,3166240
2021-05-26 11:29:01,228.65,3166240
2021-05-26 11:29:02,228.65,3166265
2021-05-26 11:29:03,228.65,3166502
2021-05-26 11:29:04,228.65,3166502
2021-05-26 11:29:05,228.7,3166513
2021-05-26 11:29:06,228.7,3166532
2021-05-26 11:29:07,228.6,3169440
2021-05-26 11:29:08,228.6,3169440
2021-05-26 11:29:09,228.75,3169442
2021-05-26 11:29:10,228.65,3169505
2021-05-26 11:29:11,228.65,3169555
2021-05-26 11:29:12,228.75,3170933
2021-05-26 11:29:14,228.6,3171726
2021-05-26 11:29:15,228.7,3171728
2021-05-26 11:29:16,228.6,3172107
2021-05-26 11:29:18,228.6,3172107
2021-05-26 11:29:19,228.6,3172107
2021-05-26 11:29:20,228.7,3172407
2021-05-26 11:29:21,228.6,3173024
2021-05-26 11:29:22,228.6,3173024
2021-05-26 11:29:22,228.6,3173024
2021-05-26 11:29:23,228.7,3173556
2021-05-26 11:29:25,228.7,3173556
2021-05-26 11:29:25,228.7,3173556
2021-05-26 11:29:26,228.6,3173557
2021-05-26 11:29:27,228.6,3173807
2021-05-26 11:29:28,228.6,3175758
2021-05-26 11:29:29,228.6,3175758
2021-05-26 11:29:30,228.6,3176177
2021-05-26 11:29:31,228.7,3176627
2021-05-26 11:29:32,228.6,3176786
2021-05-26 11:29:33,228.7,3177328
2021-05-26 11:29:35,228.7,3180217
2021-05-26 11:29:36,228.6,3180226
2021-05-26 11:29:37,228.5,3180446
2021-05-26 11:29:38,228.5,3180446
2021-05-26 11:29:39,228.5,3180446
2021-05-26 11:29:39,228.5,3180446
2021-05-26 11:29:40,228.5,3181121
2021-05-26 11:29:41,228.5,3181121
2021-05-26 11:29:42,228.5,3181121
2021-05-26 11:29:43,228.6,3181122
2021-05-26 11:29:44,228.6,3181122
2021-05-26 11:29:45,228.6,3181122
2021-05-26 11:29:48,228.6,3182470
2021-05-26 11:29:48,228.6,3182470
2021-05-26 11:29:49,228.6,3182470
2021-05-26 11:29:50,228.6,3182500
2021-05-26 11:29:52,228.55,3220603
2021-05-26 11:29:53,228.55,3220603
2021-05-26 11:29:54,228.65,3220609
2021-05-26 11:29:55,228.55,3220614
2021-05-26 11:29:56,228.55,3220614
2021-05-26 11:29:56,228.55,3220614
2021-05-26 11:29:57,228.65,3220615
2021-05-26 11:29:58,228.65,3220615
2021-05-26 11:29:59,228.65,3220615
2021-05-26 11:30:00,228.55,3243047
2021-05-26 11:30:01,228.55,3243047
2021-05-26 11:30:02,228.55,3243248
2021-05-26 11:30:03,228.55,3243248
2021-05-26 11:30:04,228.45,3246701
2021-05-26 11:30:05,228.55,3247701
2021-05-26 11:30:07,228.45,3247878
2021-05-26 11:30:08,228.55,3253628
2021-05-26 11:30:09,228.6,3257200
2021-05-26 11:30:09,228.6,3257200
2021-05-26 11:30:10,228.6,3257200
2021-05-26 11:30:11,228.5,3258488
2021-05-26 11:30:12,228.45,3258633
2021-05-26 11:30:13,228.45,3258633
2021-05-26 11:30:15,228.5,3259231
2021-05-26 11:30:16,228.5,3259231
2021-05-26 11:30:17,228.5,3259231
2021-05-26 11:30:18,228.55,3259321
2021-05-26 11:30:19,228.55,3259321
2021-05-26 11:30:19,228.55,3259321
2021-05-26 11:30:20,228.55,3259321
2021-05-26 11:30:21,228.55,3259321
2021-05-26 11:30:22,228.55,3260756
2021-05-26 11:30:23,228.55,3260756
2021-05-26 11:30:24,228.55,3260756
2021-05-26 11:30:26,228.55,3262871
2021-05-26 11:30:27,228.55,3263061
2021-05-26 11:30:28,228.55,3263183
2021-05-26 11:30:28,228.55,3263183
2021-05-26 11:30:29,228.55,3264592
2021-05-26 11:30:30,228.55,3264592
2021-05-26 11:30:31,228.45,3264846
2021-05-26 11:30:32,228.55,3264896
2021-05-26 11:30:33,228.55,3264896
2021-05-26 11:30:34,228.45,3264902
2021-05-26 11:30:35,228.45,3264902
2021-05-26 11:30:36,228.45,3264902
2021-05-26 11:30:37,228.55,3264905
2021-05-26 11:30:39,228.45,3265955
2021-05-26 11:30:40,228.45,3266210
2021-05-26 11:30:40,228.55,3266238
2021-05-26 11:30:42,228.75,3274488
2021-05-26 11:30:43,228.75,3274488
2021-05-26 11:30:44,228.75,3274488
2021-05-26 11:30:45,228.6,3277505
2021-05-26 11:30:45,228.6,3277505
2021-05-26 11:30:47,228.55,3277702
2021-05-26 11:30:48,228.55,3277702
2021-05-26 11:30:49,228.7,3278202
2021-05-26 11:30:50,228.7,3278222
2021-05-26 11:30:51,228.7,3278222
2021-05-26 11:30:52,228.7,3278224
2021-05-26 11:30:53,228.7,3278224
2021-05-26 11:30:53,228.7,3278224
2021-05-26 11:30:54,228.7,3278224
2021-05-26 11:30:55,228.7,3278224
2021-05-26 11:30:56,228.7,3280529
2021-05-26 11:30:57,228.7,3280529
2021-05-26 11:30:58,228.7,3280529
2021-05-26 11:30:59,228.55,3280779
2021-05-26 11:31:00,228.7,3280781
2021-05-26 11:31:01,228.5,3285781
2021-05-26 11:31:02,228.65,3285831
2021-05-26 11:31:03,228.65,3285831
2021-05-26 11:31:06,228.65,3285831
2021-05-26 11:31:07,228.7,3286767
2021-05-26 11:31:07,228.7,3286767
2021-05-26 11:31:08,228.7,3286767
2021-05-26 11:31:10,228.6,3286968
2021-05-26 11:31:13,228.5,3287100
2021-05-26 11:31:14,228.5,3287100
2021-05-26 11:31:14,228.5,3287100
2021-05-26 11:31:15,228.55,3288595
2021-05-26 11:31:16,228.55,3288639
2021-05-26 11:31:17,228.55,3288683
2021-05-26 11:31:19,228.55,3288794
2021-05-26 11:31:20,228.5,3288910
2021-05-26 11:31:22,228.5,3289321
2021-05-26 11:31:22,228.5,3289321
2021-05-26 11:31:27,228.6,3289745
2021-05-26 11:31:29,228.6,3289745
2021-05-26 11:31:32,228.6,3289753
2021-05-26 11:31:35,228.55,3289937
2021-05-26 11:31:38,228.55,3290141
2021-05-26 11:31:41,228.5,3291517
2021-05-26 11:31:43,228.5,3292202
2021-05-26 11:31:46,228.55,3292481
2021-05-26 11:31:49,228.5,3292517
2021-05-26 11:31:52,228.5,3292517
2021-05-26 11:31:54,228.5,3292980
2021-05-26 11:31:57,228.5,3292980
2021-05-26 11:32:00,228.55,3293159
2021-05-26 11:32:03,228.5,3293374
2021-05-26 11:32:06,228.5,3293374
2021-05-26 11:32:09,228.55,3293454
2021-05-26 11:32:12,228.6,3293500
2021-05-26 11:32:15,228.6,3293566
2021-05-26 11:32:18,228.5,3293586
2021-05-26 11:32:21,228.6,3293611
2021-05-26 11:32:23,228.6,3293644
2021-05-26 11:32:26,228.6,3294645
2021-05-26 11:32:29,228.6,3294646
2021-05-26 11:32:33,228.55,3294713
2021-05-26 11:32:36,228.6,3295464
2021-05-26 11:32:38,228.6,3295794
2021-05-26 11:32:41,228.55,3296088
2021-05-26 11:32:44,228.6,3296108
2021-05-26 11:32:47,228.55,3296158
2021-05-26 11:32:50,228.55,3296552
2021-05-26 11:32:53,228.5,3296673
2021-05-26 11:32:55,228.55,3297938
2021-05-26 11:32:58,228.55,3297938
2021-05-26 11:33:04,228.5,3298362
2021-05-26 11:33:07,228.5,3298363
2021-05-26 11:33:09,228.55,3298373
2021-05-26 11:33:12,228.55,3298681
2021-05-26 11:33:14,228.55,3298870
2021-05-26 11:33:18,228.55,3298967
2021-05-26 11:33:21,228.55,3299002
2021-05-26 11:33:24,228.55,3299003
2021-05-26 11:33:26,228.55,3300193
2021-05-26 11:33:29,228.6,3301763
2021-05-26 11:33:32,228.6,3301763
2021-05-26 11:33:35,228.6,3301763
2021-05-26 11:33:38,228.6,3301763
2021-05-26 11:33:41,228.55,3302395
2021-05-26 11:33:44,228.6,3302445
2021-05-26 11:33:47,228.6,3302818
2021-05-26 11:33:50,228.55,3303559
2021-05-26 11:33:52,228.55,3303559
2021-05-26 11:33:55,228.6,3303742
2021-05-26 11:33:58,228.6,3303752
2021-05-26 11:34:02,228.6,3304470
2021-05-26 11:34:05,228.6,3304623
2021-05-26 11:34:08,228.6,3305066
2021-05-26 11:34:11,228.6,3305066
2021-05-26 11:34:14,228.6,3305130
2021-05-26 11:34:21,228.65,3305558
2021-05-26 11:34:23,228.6,3305568
2021-05-26 11:34:26,228.6,3305568
2021-05-26 11:34:29,228.6,3305658
2021-05-26 11:34:32,228.5,3307413
2021-05-26 11:34:35,228.6,3307417
2021-05-26 11:34:38,228.6,3307417
2021-05-26 11:34:41,228.5,3307451
2021-05-26 11:34:44,228.55,3307951
2021-05-26 11:34:46,228.6,3308284
2021-05-26 11:34:50,228.6,3308285
2021-05-26 11:34:53,228.6,3308296
2021-05-26 11:34:55,228.6,3308296
2021-05-26 11:34:58,228.6,3308296
2021-05-26 11:35:01,228.6,3308388
2021-05-26 11:35:05,228.6,3308448
2021-05-26 11:35:08,228.6,3308548
2021-05-26 11:35:11,228.5,3308834
2021-05-26 11:35:14,228.55,3308877
2021-05-26 11:35:16,228.5,3308997
2021-05-26 11:35:19,228.5,3309147
2021-05-26 11:35:22,228.5,3309147
2021-05-26 11:35:25,228.5,3309201
2021-05-26 11:35:27,228.6,3309476
2021-05-26 11:35:33,228.6,3309485
2021-05-26 11:35:36,228.6,3309597
2021-05-26 11:35:39,228.6,3309601
2021-05-26 11:35:42,228.6,3309601
2021-05-26 11:35:44,228.6,3309723
2021-05-26 11:35:47,228.6,3309987
2021-05-26 11:35:50,228.5,3310147
2021-05-26 11:35:53,228.5,3313363
2021-05-26 11:35:56,228.45,3314051
2021-05-26 11:35:59,228.4,3314348
2021-05-26 11:36:02,228.5,3314435
2021-05-26 11:36:04,228.5,3314435
2021-05-26 11:36:07,228.35,3315952
2021-05-26 11:36:12,228.35,3316871
2021-05-26 11:36:18,228.35,3317051
2021-05-26 11:36:21,228.45,3317981
2021-05-26 11:36:23,228.45,3317981
2021-05-26 11:36:26,228.45,3317981
2021-05-26 11:36:29,228.45,3317981
2021-05-26 11:36:32,228.35,3318084
2021-05-26 11:36:34,228.4,3318190
2021-05-26 11:36:37,228.35,3319446
2021-05-26 11:36:40,228.35,3319461
2021-05-26 11:36:43,228.4,3320016
2021-05-26 11:36:46,228.4,3320368
2021-05-26 11:36:52,228.3,3328158
2021-05-26 11:36:55,228.4,3328183
2021-05-26 11:36:58,228.4,3328187
2021-05-26 11:37:01,228.35,3330779
2021-05-26 11:37:04,228.3,3332177
2021-05-26 11:37:06,228.3,3332850
2021-05-26 11:37:09,228.25,3364431
2021-05-26 11:37:13,228.25,3365021
2021-05-26 11:37:16,228.2,3367258
2021-05-26 11:37:19,228.25,3367261
2021-05-26 11:37:22,228.25,3367265
2021-05-26 11:37:25,228.25,3373394
2021-05-26 11:37:28,228.25,3373495
2021-05-26 11:37:31,228.2,3376831
2021-05-26 11:37:34,228.25,3377051
2021-05-26 11:37:36,228.2,3378289
2021-05-26 11:37:39,228.05,3448634
2021-05-26 11:37:42,228.1,3449020
2021-05-26 11:37:45,228.05,3452020
2021-05-26 11:37:48,228.05,3469275
2021-05-26 11:37:51,228.05,3469548
2021-05-26 11:37:55,228.0,3471460
2021-05-26 11:37:58,228.0,3472508
2021-05-26 11:38:03,228.15,3475250
2021-05-26 11:38:10,228.1,3477342
2021-05-26 11:38:13,228.15,3477401
2021-05-26 11:38:16,228.15,3478286
2021-05-26 11:38:19,228.2,3478699
2021-05-26 11:38:23,228.2,3478699
2021-05-26 11:38:25,228.2,3479002
2021-05-26 11:38:28,228.2,3479002
2021-05-26 11:38:30,228.2,3479326
2021-05-26 11:38:33,228.2,3479419
2021-05-26 11:38:36,228.15,3480023
2021-05-26 11:38:39,228.2,3480507
2021-05-26 11:38:42,228.15,3480884
2021-05-26 11:38:46,228.2,3481765
2021-05-26 11:38:49,228.15,3482003
2021-05-26 11:38:52,228.2,3482703
2021-05-26 11:38:55,228.2,3487340
2021-05-26 11:38:58,228.2,3487515
2021-05-26 11:39:01,228.2,3487515
2021-05-26 11:39:05,228.15,3488020
2021-05-26 11:39:07,228.2,3489343
2021-05-26 11:39:11,228.2,3490259
2021-05-26 11:39:13,228.25,3490310
2021-05-26 11:39:16,228.25,3490310
2021-05-26 11:39:19,228.25,3490320
2021-05-26 11:39:21,228.25,3490677
2021-05-26 11:39:24,228.25,3490677
2021-05-26 11:39:27,228.25,3491451
2021-05-26 11:39:31,228.25,3491570
2021-05-26 11:39:38,228.25,3494735
2021-05-26 11:39:41,228.25,3494735
2021-05-26 11:39:44,228.25,3494758
2021-05-26 11:39:47,228.25,3495323
2021-05-26 11:39:49,228.25,3495324
2021-05-26 11:39:52,228.2,3495461
2021-05-26 11:39:55,228.25,3495799
2021-05-26 11:39:58,228.2,3496142
2021-05-26 11:40:02,228.2,3497061
2021-05-26 11:40:06,228.2,3497063
2021-05-26 11:40:08,228.2,3497255
2021-05-26 11:40:11,228.15,3497357
2021-05-26 11:40:14,228.15,3497509
2021-05-26 11:40:17,228.1,3497782
2021-05-26 11:40:24,228.25,3497924
2021-05-26 11:40:27,228.1,3498627
2021-05-26 11:40:30,228.1,3498627
2021-05-26 11:40:33,228.25,3499029
2021-05-26 11:40:35,228.1,3499479
2021-05-26 11:40:38,228.25,3499489
2021-05-26 11:40:41,228.2,3499641
2021-05-26 11:40:44,228.2,3499683
2021-05-26 11:40:47,228.25,3500008
2021-05-26 11:40:50,228.25,3500018
2021-05-26 11:40:53,228.25,3500018
2021-05-26 11:40:55,228.25,3500059
2021-05-26 11:40:58,228.25,3500059
2021-05-26 11:41:03,228.25,3500551
2021-05-26 11:41:06,228.2,3500647
2021-05-26 11:41:09,228.25,3500726
2021-05-26 11:41:12,228.25,3500843
2021-05-26 11:41:15,228.2,3500861
2021-05-26 11:41:18,228.2,3500861
2021-05-26 11:41:21,228.2,3500886
2021-05-26 11:41:24,228.25,3500941
2021-05-26 11:41:27,228.2,3500954
2021-05-26 11:41:29,228.2,3501021
2021-05-26 11:41:32,228.2,3501041
2021-05-26 11:41:34,228.25,3501102
2021-05-26 11:41:37,228.25,3501102
2021-05-26 11:41:40,228.25,3501102
2021-05-26 11:41:43,228.25,3501721
2021-05-26 11:41:46,228.25,3501721
2021-05-26 11:41:49,228.25,3501721
2021-05-26 11:41:52,228.25,3501821
2021-05-26 11:41:55,228.25,3501928
2021-05-26 11:41:57,228.2,3501941
2021-05-26 11:42:00,228.2,3501941
2021-05-26 11:42:03,228.2,3501962
2021-05-26 11:42:06,228.25,3501992
2021-05-26 11:42:09,228.25,3502017
2021-05-26 11:42:12,228.25,3502017
2021-05-26 11:42:15,228.25,3502158
2021-05-26 11:42:18,228.25,3502158
2021-05-26 11:42:22,228.15,3502203
2021-05-26 11:42:25,228.15,3502422
2021-05-26 11:42:28,228.25,3502722
2021-05-26 11:42:31,228.25,3503267
2021-05-26 11:42:35,228.25,3503721
2021-05-26 11:42:38,228.25,3504085
2021-05-26 11:42:41,228.2,3504338
2021-05-26 11:42:44,228.2,3504528
2021-05-26 11:42:46,228.15,3504809
2021-05-26 11:42:49,228.25,3505788
2021-05-26 11:42:53,228.25,3505798
2021-05-26 11:42:56,228.15,3506262
2021-05-26 11:42:59,228.15,3506262
2021-05-26 11:43:03,228.2,3506341
2021-05-26 11:43:05,228.15,3506450
2021-05-26 11:43:09,228.2,3506641
2021-05-26 11:43:12,228.2,3506646
2021-05-26 11:43:15,228.2,3506698
2021-05-26 11:43:18,228.25,3507016
2021-05-26 11:43:21,228.25,3507016
2021-05-26 11:43:24,228.25,3507112
2021-05-26 11:43:28,228.25,3507113
2021-05-26 11:43:32,228.25,3507197
2021-05-26 11:43:35,228.25,3507198
2021-05-26 11:43:38,228.25,3507468
2021-05-26 11:43:40,228.2,3507492
2021-05-26 11:43:43,228.25,3507554
2021-05-26 11:43:46,228.25,3507554
2021-05-26 11:43:50,228.25,3507570
2021-05-26 11:43:53,228.25,3507735
2021-05-26 11:43:56,228.15,3508843
2021-05-26 11:43:58,228.15,3513666
2021-05-26 11:44:01,228.15,3513686
2021-05-26 11:44:04,228.15,3521917
2021-05-26 11:44:07,228.05,3532035
2021-05-26 11:44:10,228.1,3532379
2021-05-26 11:44:12,228.05,3535862
2021-05-26 11:44:15,228.05,3535962
2021-05-26 11:44:18,228.05,3535962
2021-05-26 11:44:21,228.1,3540882
2021-05-26 11:44:25,228.15,3541743
2021-05-26 11:44:28,228.05,3542698
2021-05-26 11:44:31,228.05,3542699
2021-05-26 11:44:34,228.1,3542855
2021-05-26 11:44:37,228.1,3542855
2021-05-26 11:44:43,228.1,3543923
2021-05-26 11:44:45,228.2,3543945
2021-05-26 11:44:48,228.2,3543945
2021-05-26 11:44:51,228.15,3543948
2021-05-26 11:44:53,228.1,3545024
2021-05-26 11:44:56,227.8,3628173
2021-05-26 11:44:58,227.85,3628193
2021-05-26 11:45:01,227.9,3628682
2021-05-26 11:45:04,227.95,3628860
2021-05-26 11:45:07,228.0,3643795
2021-05-26 11:45:10,227.95,3644895
2021-05-26 11:45:12,227.95,3644895
2021-05-26 11:45:15,227.95,3646437
2021-05-26 11:45:17,227.95,3646538
2021-05-26 11:45:20,227.95,3656975
2021-05-26 11:45:23,227.95,3657093
2021-05-26 11:45:26,227.95,3657363
2021-05-26 11:45:29,227.9,3659716
2021-05-26 11:45:32,227.85,3661044
2021-05-26 11:45:35,227.8,3672501
2021-05-26 11:45:38,227.9,3674510
2021-05-26 11:45:41,228.0,3679351
2021-05-26 11:45:44,227.9,3679618
2021-05-26 11:45:47,227.9,3680696
2021-05-26 11:45:50,227.9,3681548
2021-05-26 11:45:53,227.9,3681967
2021-05-26 11:45:56,228.0,3683463
2021-05-26 11:45:58,228.0,3684186
2021-05-26 11:46:01,228.0,3684548
2021-05-26 11:46:04,228.0,3684548
2021-05-26 11:46:06,228.0,3684598
2021-05-26 11:46:09,228.1,3685287
2021-05-26 11:46:12,227.9,3685407
2021-05-26 11:46:14,228.05,3686407
2021-05-26 11:46:17,228.0,3686463
2021-05-26 11:46:20,228.0,3686464
2021-05-26 11:46:22,228.1,3687073
2021-05-26 11:46:25,228.0,3687074
2021-05-26 11:46:27,228.1,3687238
2021-05-26 11:46:30,228.1,3687243
2021-05-26 11:46:32,228.1,3687345
2021-05-26 11:46:35,228.1,3687595
2021-05-26 11:46:38,228.1,3687638
2021-05-26 11:46:41,228.1,3687988
2021-05-26 11:46:43,228.1,3688093
2021-05-26 11:46:46,228.1,3688108
2021-05-26 11:46:48,228.1,3688108
2021-05-26 11:46:51,228.05,3688133
2021-05-26 11:46:53,228.1,3688883
2021-05-26 11:46:56,228.05,3689128
2021-05-26 11:46:59,228.05,3690916
2021-05-26 11:47:01,228.05,3693712
2021-05-26 11:47:04,228.05,3694112
2021-05-26 11:47:06,228.05,3694296
2021-05-26 11:47:09,228.05,3694346
2021-05-26 11:47:11,228.05,3694561
2021-05-26 11:47:14,228.05,3694669
2021-05-26 11:47:17,228.0,3695995
2021-05-26 11:47:20,228.05,3697494
2021-05-26 11:47:23,228.0,3697507
2021-05-26 11:47:27,228.05,3697663
2021-05-26 11:47:30,228.05,3697768
2021-05-26 11:47:32,228.05,3698054
2021-05-26 11:47:35,228.0,3698484
2021-05-26 11:47:37,228.0,3698484
2021-05-26 11:47:40,228.0,3698501
2021-05-26 11:47:43,228.05,3699108
2021-05-26 11:47:49,228.05,3699298
2021-05-26 11:47:51,228.0,3699395
2021-05-26 11:47:54,228.05,3699418
2021-05-26 11:47:56,228.05,3699498
2021-05-26 11:47:59,228.05,3699548
2021-05-26 11:48:01,228.0,3699700
2021-05-26 11:48:03,228.05,3699790
2021-05-26 11:48:09,228.05,3700363
2021-05-26 11:48:12,228.1,3711206
2021-05-26 11:48:15,228.1,3711532
2021-05-26 11:48:18,228.05,3711714
2021-05-26 11:48:21,228.0,3714007
2021-05-26 11:48:25,228.0,3716427
2021-05-26 11:48:28,228.1,3716979
2021-05-26 11:48:31,228.1,3717004
2021-05-26 11:48:33,228.05,3718248
2021-05-26 11:48:36,228.0,3718448
2021-05-26 11:48:39,228.05,3718990
2021-05-26 11:48:42,228.0,3719698
2021-05-26 11:48:45,228.0,3719865
2021-05-26 11:48:48,228.0,3721884
2021-05-26 11:48:51,228.0,3722328
2021-05-26 11:48:54,228.0,3722328
2021-05-26 11:48:57,228.0,3722328
2021-05-26 11:49:00,228.0,3723166
2021-05-26 11:49:03,228.0,3723178
2021-05-26 11:49:06,228.0,3723178
2021-05-26 11:49:08,228.0,3723438
2021-05-26 11:49:11,228.0,3724394
2021-05-26 11:49:16,228.0,3724944
2021-05-26 11:49:19,227.95,3725291
2021-05-26 11:49:21,228.0,3725428
2021-05-26 11:49:24,228.0,3725558
2021-05-26 11:49:26,228.0,3731584
2021-05-26 11:49:29,228.05,3739584
2021-05-26 11:49:34,227.9,3749083
2021-05-26 11:49:38,228.0,3753715
2021-05-26 11:49:46,227.95,3756062
2021-05-26 11:49:52,228.0,3758703
2021-05-26 11:49:55,228.0,3759401
2021-05-26 11:49:59,228.0,3759489
2021-05-26 11:50:02,227.95,3760683
2021-05-26 11:50:05,227.9,3761787
2021-05-26 11:50:08,228.05,3762123
2021-05-26 11:50:11,228.05,3762217
2021-05-26 11:50:15,228.05,3762845
2021-05-26 11:50:18,228.05,3763044
2021-05-26 11:50:21,228.1,3771327
2021-05-26 11:50:24,228.2,3771372
2021-05-26 11:50:27,228.2,3780905
2021-05-26 11:50:30,228.35,3791744
2021-05-26 11:50:34,228.2,3796256
2021-05-26 11:50:37,228.2,3813382
2021-05-26 11:50:40,228.2,3821383
2021-05-26 11:50:43,228.25,3829952
2021-05-26 11:50:49,228.05,3832297
2021-05-26 11:50:52,227.95,3837726
2021-05-26 11:50:55,227.85,3838831
2021-05-26 11:50:57,227.85,3841734
2021-05-26 11:51:00,227.9,3846990
2021-05-26 11:51:04,227.85,3847786
2021-05-26 11:51:08,227.95,3849214
2021-05-26 11:51:11,227.85,3849344
2021-05-26 11:51:14,227.95,3850633
2021-05-26 11:51:16,227.85,3850936
2021-05-26 11:51:19,227.95,3851833
2021-05-26 11:51:21,227.95,3851938
2021-05-26 11:51:24,227.85,3853352
2021-05-26 11:51:26,227.95,3853358
2021-05-26 11:51:29,227.95,3853570
2021-05-26 11:51:32,227.95,3853865
2021-05-26 11:51:36,227.85,3859001
2021-05-26 11:51:39,227.95,3860003
2021-05-26 11:51:41,227.9,3861904
2021-05-26 11:51:44,227.95,3861905
2021-05-26 11:51:47,227.9,3862700
2021-05-26 11:51:49,227.85,3864700
2021-05-26 11:51:52,227.9,3865563
2021-05-26 11:51:55,227.95,3865614
2021-05-26 11:51:58,227.95,3865747
2021-05-26 11:52:01,228.0,3866590
2021-05-26 11:52:04,228.0,3866590
2021-05-26 11:52:07,227.95,3866860
2021-05-26 11:52:10,227.95,3866860
2021-05-26 11:52:13,227.95,3866861
2021-05-26 11:52:16,228.0,3867345
2021-05-26 11:52:19,228.0,3867671
2021-05-26 11:52:22,228.0,3867672
2021-05-26 11:52:25,228.0,3867672
2021-05-26 11:52:27,227.95,3867730
2021-05-26 11:52:30,228.0,3867736
2021-05-26 11:52:32,227.95,3867739
2021-05-26 11:52:35,227.95,3867746
2021-05-26 11:52:38,227.95,3867746
2021-05-26 11:52:40,228.0,3867946
2021-05-26 11:52:43,228.0,3867978
2021-05-26 11:52:45,227.95,3868097
2021-05-26 11:52:48,228.0,3868139
2021-05-26 11:52:50,227.95,3868153
2021-05-26 11:52:53,228.0,3868180
2021-05-26 11:52:55,228.0,3868501
2021-05-26 11:52:58,227.95,3868624
2021-05-26 11:53:01,228.0,3869324
2021-05-26 11:53:03,228.0,3869524
2021-05-26 11:53:05,227.95,3871182
2021-05-26 11:53:07,227.95,3876774
2021-05-26 11:53:10,227.9,3876852
2021-05-26 11:53:13,227.95,3877852
2021-05-26 11:53:15,227.95,3878353
2021-05-26 11:53:17,227.95,3878418
2021-05-26 11:53:20,227.95,3878418
2021-05-26 11:53:23,227.95,3880223
2021-05-26 11:53:25,227.9,3881146
2021-05-26 11:53:28,227.9,3892543
2021-05-26 11:53:31,227.9,3892545
2021-05-26 11:53:35,227.9,3895329
2021-05-26 11:53:38,227.9,3895329
2021-05-26 11:53:41,227.9,3895498
2021-05-26 11:53:44,227.9,3895640
2021-05-26 11:53:47,227.85,3899436
2021-05-26 11:53:50,227.85,3901063
2021-05-26 11:53:53,227.9,3914534
2021-05-26 11:53:56,227.9,3921928
2021-05-26 11:53:59,228.0,3922308
2021-05-26 11:54:02,227.9,3923371
2021-05-26 11:54:04,227.9,3923425
2021-05-26 11:54:07,227.9,3925768
2021-05-26 11:54:09,227.95,3928548
2021-05-26 11:54:12,227.95,3928548
2021-05-26 11:54:14,227.95,3928553
2021-05-26 11:54:17,227.95,3929336
2021-05-26 11:54:19,227.95,3929347
2021-05-26 11:54:24,228.0,3929655
2021-05-26 11:54:27,228.0,3931035
2021-05-26 11:54:30,228.0,3931200
2021-05-26 11:54:33,228.0,3932866
2021-05-26 11:54:35,228.05,3933129
2021-05-26 11:54:38,228.05,3933129
2021-05-26 11:54:40,228.05,3933646
2021-05-26 11:54:42,228.05,3933940
2021-05-26 11:54:45,228.0,3937225
2021-05-26 11:54:47,228.0,3941245
2021-05-26 11:54:50,228.0,3941311
2021-05-26 11:54:52,228.05,3942835
2021-05-26 11:54:56,228.0,3942845
2021-05-26 11:54:58,228.0,3942870
2021-05-26 11:55:01,228.05,3943724
2021-05-26 11:55:04,228.05,3943724
2021-05-26 11:55:06,228.1,3944072
2021-05-26 11:55:09,228.1,3944073
2021-05-26 11:55:11,228.1,3944093
2021-05-26 11:55:14,228.1,3944093
2021-05-26 11:55:17,228.1,3944093
2021-05-26 11:55:19,228.0,3944371
2021-05-26 11:55:22,228.1,3945556
2021-05-26 11:55:26,228.1,3945574
2021-05-26 11:55:29,228.1,3945657
2021-05-26 11:55:32,228.1,3945904
2021-05-26 11:55:34,228.1,3949064
2021-05-26 11:55:37,228.2,3949149
2021-05-26 11:55:40,228.2,3950428
2021-05-26 11:55:42,228.2,3950458
2021-05-26 11:55:44,228.1,3950468
2021-05-26 11:55:46,228.1,3950468
2021-05-26 11:55:48,228.1,3951085
2021-05-26 11:55:51,228.15,3951185
2021-05-26 11:55:53,228.15,3951424
2021-05-26 11:55:56,228.1,3951526
2021-05-26 11:55:58,228.1,3951628
2021-05-26 11:56:01,228.05,3952315
2021-05-26 11:56:04,228.15,3952555
2021-05-26 11:56:07,228.2,3952873
2021-05-26 11:56:10,228.2,3952884
2021-05-26 11:56:13,228.2,3953055
2021-05-26 11:56:16,228.15,3953155
2021-05-26 11:56:19,228.15,3953266
2021-05-26 11:56:25,228.15,3956221
2021-05-26 11:56:31,228.2,3956801
2021-05-26 11:56:33,228.2,3956801
2021-05-26 11:56:36,228.2,3956810
2021-05-26 11:56:39,228.05,3959940
2021-05-26 11:56:42,228.25,3960981
2021-05-26 11:56:45,228.25,3961181
2021-05-26 11:56:49,228.1,3961184
2021-05-26 11:56:52,228.25,3961956
2021-05-26 11:56:55,228.25,3961981
2021-05-26 11:56:58,228.2,3962436
2021-05-26 11:57:01,228.2,3962446
2021-05-26 11:57:04,228.2,3962557
2021-05-26 11:57:10,228.2,3962827
2021-05-26 11:57:12,228.15,3963361
2021-05-26 11:57:15,228.2,3963530
2021-05-26 11:57:18,228.2,3963731
2021-05-26 11:57:21,228.2,3963736
2021-05-26 11:57:25,228.2,3963837
2021-05-26 11:57:27,228.2,3963987
2021-05-26 11:57:33,228.25,3964236
2021-05-26 11:57:36,228.25,3964236
2021-05-26 11:57:38,228.2,3964451
2021-05-26 11:57:41,228.25,3964517
2021-05-26 11:57:44,228.2,3964615
2021-05-26 11:57:50,228.25,3965005
2021-05-26 11:57:53,228.25,3966165
2021-05-26 11:57:56,228.2,3967782
2021-05-26 11:57:58,228.2,3967782
2021-05-26 11:58:01,228.25,3968527
2021-05-26 11:58:08,228.25,3968964
2021-05-26 11:58:17,228.25,3971692
2021-05-26 11:58:20,228.25,3972127
2021-05-26 11:58:22,228.25,3972129
2021-05-26 11:58:25,228.15,3972230
2021-05-26 11:58:28,228.25,3972373
2021-05-26 11:58:30,228.25,3972397
2021-05-26 11:58:33,228.1,3974653
2021-05-26 11:58:36,228.15,3975424
2021-05-26 11:58:39,228.15,3976521
2021-05-26 11:58:41,228.15,3976527
