timestamp,ltp,volume
2021-05-26 09:31:56,3115.25,163566
2021-05-26 09:31:57,3115.3,163571
2021-05-26 09:31:58,3115.3,163571
2021-05-26 09:31:59,3115.15,163635
2021-05-26 09:32:00,3115.9,163656
2021-05-26 09:32:01,3115.9,163661
2021-05-26 09:32:02,3115.1,163671
2021-05-26 09:32:03,3115.5,163794
2021-05-26 09:32:04,3115.0,163829
2021-05-26 09:32:06,3115.15,163833
2021-05-26 09:32:07,3115.15,163875
2021-05-26 09:32:08,3114.9,163905
2021-05-26 09:32:09,3114.9,163967
2021-05-26 09:32:10,3114.9,163967
2021-05-26 09:32:11,3114.65,163972
2021-05-26 09:32:12,3114.65,164060
2021-05-26 09:32:13,3115.1,164064
2021-05-26 09:32:15,3115.1,164064
2021-05-26 09:32:16,3114.55,164079
2021-05-26 09:32:17,3114.65,164081
2021-05-26 09:32:18,3114.65,164081
2021-05-26 09:32:19,3115.1,164099
2021-05-26 09:32:20,3115.1,164115
2021-05-26 09:32:21,3114.25,164132
2021-05-26 09:32:22,3114.25,164132
2021-05-26 09:32:23,3114.25,164132
2021-05-26 09:32:24,3115.0,164134
2021-05-26 09:32:25,3115.0,164214
2021-05-26 09:32:26,3114.45,164261
2021-05-26 09:32:27,3114.45,164261
2021-05-26 09:32:28,3114.65,164269
2021-05-26 09:32:29,3114.6,164271
2021-05-26 09:32:30,3114.6,164289
2021-05-26 09:32:31,3114.65,164302
2021-05-26 09:32:32,3114.65,164302
2021-05-26 09:32:33,3114.65,164316
2021-05-26 09:32:34,3114.25,164416
2021-05-26 09:32:35,3114.0,164637
2021-05-26 09:32:36,3114.0,164655
2021-05-26 09:32:39,3114.65,164678
2021-05-26 09:32:40,3114.0,164779
2021-05-26 09:32:41,3114.0,164779
2021-05-26 09:32:42,3114.0,164809
2021-05-26 09:32:43,3114.0,164809
2021-05-26 09:32:44,3114.3,164824
2021-05-26 09:32:45,3114.3,164824
2021-05-26 09:32:46,3114.3,164824
2021-05-26 09:32:47,3114.3,164825
2021-05-26 09:32:48,3114.3,164858
2021-05-26 09:32:49,3114.3,164858
2021-05-26 09:32:50,3114.3,164918
2021-05-26 09:32:51,3114.3,164933
2021-05-26 09:32:52,3114.0,164934
2021-05-26 09:32:53,3114.0,164939
2021-05-26 09:32:54,3114.0,164989
2021-05-26 09:32:55,3113.75,165045
2021-05-26 09:32:56,3113.75,165109
2021-05-26 09:32:57,3114.0,165115
2021-05-26 09:32:58,3113.75,165132
2021-05-26 09:32:59,3113.75,165132
2021-05-26 09:33:00,3113.75,165363
2021-05-26 09:33:00,3113.75,165363
2021-05-26 09:33:02,3114.0,165403
2021-05-26 09:33:03,3113.8,165641
2021-05-26 09:33:06,3115.0,166175
2021-05-26 09:33:07,3115.0,166175
2021-05-26 09:33:08,3115.9,166446
2021-05-26 09:33:09,3116.0,166453
2021-05-26 09:33:11,3117.0,166501
2021-05-26 09:33:11,3117.0,166501
2021-05-26 09:33:13,3117.0,168723
2021-05-26 09:33:14,3117.9,168855
2021-05-26 09:33:14,3117.9,168855
2021-05-26 09:33:15,3118.45,168891
2021-05-26 09:33:17,3118.55,169531
2021-05-26 09:33:18,3118.2,169673
2021-05-26 09:33:19,3118.55,169697
2021-05-26 09:33:22,3118.55,169756
2021-05-26 09:33:23,3118.55,169766
2021-05-26 09:33:24,3118.25,169803
2021-05-26 09:33:25,3118.55,169808
2021-05-26 09:33:26,3118.55,169808
2021-05-26 09:33:27,3118.25,169818
2021-05-26 09:33:28,3118.55,169825
2021-05-26 09:33:29,3118.55,169854
2021-05-26 09:33:30,3118.55,169968
2021-05-26 09:33:31,3118.55,169993
2021-05-26 09:33:32,3118.55,169993
2021-05-26 09:33:33,3118.55,169993
2021-05-26 09:33:34,3118.5,169994
2021-05-26 09:33:35,3118.4,170018
2021-05-26 09:33:36,3118.5,170079
2021-05-26 09:33:38,3118.5,170194
2021-05-26 09:33:39,3117.7,170901
2021-05-26 09:33:39,3118.5,170701
2021-05-26 09:33:41,3118.0,170947
2021-05-26 09:33:41,3118.0,170947
2021-05-26 09:33:43,3117.75,170972
2021-05-26 09:33:43,3117.75,170972
2021-05-26 09:33:44,3118.0,171012
2021-05-26 09:33:45,3118.0,171068
2021-05-26 09:33:47,3117.7,171157
2021-05-26 09:33:48,3118.0,171197
2021-05-26 09:33:49,3117.7,171240
2021-05-26 09:33:50,3117.55,171301
2021-05-26 09:33:51,3117.55,171372
2021-05-26 09:33:53,3117.55,171472
2021-05-26 09:33:54,3116.65,171490
2021-05-26 09:33:55,3117.55,171491
2021-05-26 09:33:56,3116.65,171505
2021-05-26 09:33:59,3116.65,171508
2021-05-26 09:34:00,3116.65,171510
2021-05-26 09:34:01,3116.85,171519
2021-05-26 09:34:02,3116.65,171524
2021-05-26 09:34:03,3116.65,171525
2021-05-26 09:34:04,3116.85,171622
2021-05-26 09:34:06,3116.75,171653
2021-05-26 09:34:07,3116.75,171653
2021-05-26 09:34:08,3116.75,171655
2021-05-26 09:34:09,3116.85,171699
2021-05-26 09:34:10,3116.85,171706
2021-05-26 09:34:11,3117.0,172047
2021-05-26 09:34:12,3117.0,172047
2021-05-26 09:34:14,3117.0,172047
2021-05-26 09:34:15,3116.85,172153
2021-05-26 09:34:16,3116.85,172173
2021-05-26 09:34:17,3116.85,172173
2021-05-26 09:34:18,3116.85,172173
2021-05-26 09:34:19,3116.95,172174
2021-05-26 09:34:20,3116.95,172174
2021-05-26 09:34:20,3116.95,172174
2021-05-26 09:34:21,3117.0,172424
2021-05-26 09:34:22,3117.0,172537
2021-05-26 09:34:23,3117.0,172547
2021-05-26 09:34:24,3117.5,172789
2021-05-26 09:34:25,3117.5,172789
2021-05-26 09:34:26,3117.0,172805
2021-05-26 09:34:27,3117.0,172805
2021-05-26 09:34:28,3117.0,172805
2021-05-26 09:34:30,3117.45,172811
2021-05-26 09:34:31,3117.0,172813
2021-05-26 09:34:32,3117.0,172826
2021-05-26 09:34:33,3117.0,172851
2021-05-26 09:34:34,3117.4,172853
2021-05-26 09:34:35,3116.8,173250
2021-05-26 09:34:36,3116.8,173403
2021-05-26 09:34:37,3116.8,173403
2021-05-26 09:34:38,3116.8,173403
2021-05-26 09:34:39,3116.8,173403
2021-05-26 09:34:40,3116.8,173403
2021-05-26 09:34:41,3115.5,173931
2021-05-26 09:34:42,3116.1,173936
2021-05-26 09:34:43,3116.1,173936
2021-05-26 09:34:44,3116.1,173953
2021-05-26 09:34:45,3116.65,173954
2021-05-26 09:34:46,3116.1,174010
2021-05-26 09:34:47,3116.1,174051
2021-05-26 09:34:48,3116.1,174051
2021-05-26 09:34:49,3116.1,174081
2021-05-26 09:34:50,3116.65,174082
2021-05-26 09:34:51,3116.65,174082
2021-05-26 09:34:52,3116.65,174123
2021-05-26 09:34:53,3116.6,174154
2021-05-26 09:34:54,3116.6,174224
2021-05-26 09:34:55,3116.65,174253
2021-05-26 09:34:55,3116.65,174255
2021-05-26 09:34:57,3116.65,174342
2021-05-26 09:34:59,3116.6,174416
2021-05-26 09:35:00,3116.6,174417
2021-05-26 09:35:01,3116.6,174417
2021-05-26 09:35:02,3116.7,174418
2021-05-26 09:35:03,3116.8,174449
2021-05-26 09:35:04,3117.0,174478
2021-05-26 09:35:05,3116.65,174593
2021-05-26 09:35:06,3117.0,174623
2021-05-26 09:35:07,3116.9,174906
2021-05-26 09:35:08,3116.95,174966
2021-05-26 09:35:09,3118.6,177978
2021-05-26 09:35:10,3116.9,177994
2021-05-26 09:35:11,3117.8,178385
2021-05-26 09:35:12,3117.8,178385
2021-05-26 09:35:12,3117.8,178385
2021-05-26 09:35:14,3116.95,178400
2021-05-26 09:35:15,3116.95,178455
2021-05-26 09:35:16,3116.95,178455
2021-05-26 09:35:18,3116.1,178479
2021-05-26 09:35:19,3116.1,178479
2021-05-26 09:35:20,3116.95,179434
2021-05-26 09:35:21,3116.95,179434
2021-05-26 09:35:22,3116.95,179434
2021-05-26 09:35:23,3116.95,179444
2021-05-26 09:35:24,3116.95,179450
2021-05-26 09:35:25,3116.1,179456
2021-05-26 09:35:26,3116.1,179456
2021-05-26 09:35:26,3116.1,179456
2021-05-26 09:35:28,3116.95,179528
2021-05-26 09:35:30,3116.2,179587
2021-05-26 09:35:31,3116.2,179587
2021-05-26 09:35:32,3116.2,179600
2021-05-26 09:35:33,3116.25,179625
2021-05-26 09:35:34,3116.25,179631
2021-05-26 09:35:35,3117.0,179634
2021-05-26 09:35:36,3116.25,179714
2021-05-26 09:35:36,3116.25,179714
2021-05-26 09:35:38,3116.55,179719
2021-05-26 09:35:39,3116.55,179819
2021-05-26 09:35:40,3116.55,180001
2021-05-26 09:35:41,3116.55,180003
2021-05-26 09:35:42,3116.55,180018
2021-05-26 09:35:43,3116.75,180028
2021-05-26 09:35:43,3116.75,180028
2021-05-26 09:35:44,3116.75,180028
2021-05-26 09:35:46,3116.55,180100
2021-05-26 09:35:47,3116.55,180100
2021-05-26 09:35:48,3116.55,180104
2021-05-26 09:35:50,3116.55,180108
2021-05-26 09:35:51,3116.75,180219
2021-05-26 09:35:52,3116.75,180227
2021-05-26 09:35:53,3116.55,180437
2021-05-26 09:35:54,3116.55,180437
2021-05-26 09:35:55,3116.55,180437
2021-05-26 09:35:56,3116.75,180445
2021-05-26 09:35:57,3116.75,180445
2021-05-26 09:35:58,3116.7,180449
2021-05-26 09:35:59,3116.55,180617
2021-05-26 09:36:00,3116.75,180651
2021-05-26 09:36:01,3116.75,180651
2021-05-26 09:36:02,3116.75,180653
2021-05-26 09:36:03,3116.75,180713
2021-05-26 09:36:04,3116.55,180843
2021-05-26 09:36:05,3117.35,181285
2021-05-26 09:36:06,3117.5,183552
2021-05-26 09:36:07,3117.45,183899
2021-05-26 09:36:08,3117.45,183899
2021-05-26 09:36:09,3118.8,184181
2021-05-26 09:36:10,3117.6,184186
2021-05-26 09:36:11,3117.6,184186
2021-05-26 09:36:12,3117.6,184200
2021-05-26 09:36:13,3117.6,184231
2021-05-26 09:36:13,3117.6,184231
2021-05-26 09:36:15,3118.8,184250
2021-05-26 09:36:16,3117.6,184275
2021-05-26 09:36:17,3117.6,184276
2021-05-26 09:36:18,3118.75,184290
2021-05-26 09:36:18,3118.75,184290
2021-05-26 09:36:20,3118.75,184290
2021-05-26 09:36:21,3118.15,184826
2021-05-26 09:36:21,3118.15,184826
2021-05-26 09:36:23,3118.1,184828
2021-05-26 09:36:24,3118.5,184918
2021-05-26 09:36:25,3118.75,184928
2021-05-26 09:36:25,3118.75,184928
2021-05-26 09:36:26,3118.75,184928
2021-05-26 09:36:27,3118.1,185228
2021-05-26 09:36:29,3118.5,185242
2021-05-26 09:36:30,3118.75,185272
2021-05-26 09:36:31,3118.5,185338
2021-05-26 09:36:32,3118.5,185338
2021-05-26 09:36:33,3118.5,185338
2021-05-26 09:36:34,3118.5,185338
2021-05-26 09:36:35,3118.7,185360
2021-05-26 09:36:36,3118.6,185363
2021-05-26 09:36:37,3118.5,185407
2021-05-26 09:36:38,3118.5,185609
2021-05-26 09:36:39,3118.8,185659
2021-05-26 09:36:40,3118.5,185798
2021-05-26 09:36:41,3118.3,186230
2021-05-26 09:36:42,3118.25,186248
2021-05-26 09:36:43,3118.3,186336
2021-05-26 09:36:44,3118.45,186557
2021-05-26 09:36:45,3118.55,188534
2021-05-26 09:36:46,3118.8,188594
2021-05-26 09:36:47,3118.8,188652
2021-05-26 09:36:48,3118.6,188712
2021-05-26 09:36:49,3118.6,188742
2021-05-26 09:36:50,3119.1,189566
2021-05-26 09:36:51,3119.95,190347
2021-05-26 09:36:52,3118.75,191288
2021-05-26 09:36:53,3118.8,191545
2021-05-26 09:36:54,3118.75,191661
2021-05-26 09:36:55,3118.75,191661
2021-05-26 09:36:57,3118.5,192062
2021-05-26 09:36:56,3118.5,192062
2021-05-26 09:36:58,3118.0,192185
2021-05-26 09:36:59,3118.5,192578
2021-05-26 09:37:00,3118.75,192678
2021-05-26 09:37:01,3118.5,192679
2021-05-26 09:37:02,3118.5,192787
2021-05-26 09:37:03,3118.5,192787
2021-05-26 09:37:04,3118.5,192787
2021-05-26 09:37:05,3118.75,192792
2021-05-26 09:37:06,3118.75,192802
2021-05-26 09:37:07,3118.75,192836
2021-05-26 09:37:08,3118.75,193146
2021-05-26 09:37:09,3118.5,193155
2021-05-26 09:37:10,3118.75,193192
2021-05-26 09:37:11,3118.75,193194
2021-05-26 09:37:12,3118.7,193222
2021-05-26 09:37:13,3118.5,193228
2021-05-26 09:37:14,3118.5,193293
2021-05-26 09:37:15,3118.7,193406
2021-05-26 09:37:16,3118.7,193406
2021-05-26 09:37:17,3118.7,193407
2021-05-26 09:37:18,3118.5,193423
2021-05-26 09:37:20,3118.7,193480
2021-05-26 09:37:21,3118.5,193484
2021-05-26 09:37:22,3118.5,193489
2021-05-26 09:37:23,3118.5,193489
2021-05-26 09:37:24,3118.7,193631
2021-05-26 09:37:25,3118.5,193714
2021-05-26 09:37:26,3118.5,194031
2021-05-26 09:37:27,3118.0,194181
2021-05-26 09:37:28,3118.0,194181
2021-05-26 09:37:29,3118.0,194181
2021-05-26 09:37:30,3118.0,194189
2021-05-26 09:37:31,3118.0,194197
2021-05-26 09:37:32,3118.7,194331
2021-05-26 09:37:33,3118.0,194671
2021-05-26 09:37:34,3118.0,194671
2021-05-26 09:37:35,3118.6,194676
2021-05-26 09:37:36,3118.0,194766
2021-05-26 09:37:37,3117.25,194867
2021-05-26 09:37:38,3117.25,194867
2021-05-26 09:37:39,3117.85,194872
2021-05-26 09:37:40,3117.25,195265
2021-05-26 09:37:41,3117.25,195324
2021-05-26 09:37:42,3117.4,195359
2021-05-26 09:37:43,3117.25,195394
2021-05-26 09:37:44,3117.25,195399
2021-05-26 09:37:45,3117.25,195399
2021-05-26 09:37:46,3117.35,195403
2021-05-26 09:37:47,3117.4,195607
2021-05-26 09:37:48,3117.35,195671
2021-05-26 09:37:49,3117.5,195712
2021-05-26 09:37:50,3117.4,195834
2021-05-26 09:37:51,3117.4,195859
2021-05-26 09:37:52,3117.4,195859
2021-05-26 09:37:53,3117.4,195907
2021-05-26 09:37:54,3117.3,196012
2021-05-26 09:37:55,3117.3,196012
2021-05-26 09:37:56,3117.3,196022
2021-05-26 09:37:57,3117.3,196116
2021-05-26 09:37:58,3117.3,196207
2021-05-26 09:38:00,3117.3,196228
2021-05-26 09:38:02,3117.5,196719
2021-05-26 09:38:03,3117.3,196769
2021-05-26 09:38:04,3117.3,196769
2021-05-26 09:38:05,3117.3,196771
2021-05-26 09:38:06,3117.3,196771
2021-05-26 09:38:07,3117.3,196771
2021-05-26 09:38:08,3117.3,196773
2021-05-26 09:38:09,3117.3,196773
2021-05-26 09:38:10,3117.35,197467
2021-05-26 09:38:11,3117.3,197632
2021-05-26 09:38:12,3117.3,197816
2021-05-26 09:38:13,3117.3,197867
2021-05-26 09:38:14,3117.3,197905
2021-05-26 09:38:15,3117.3,197905
2021-05-26 09:38:16,3117.3,197913
2021-05-26 09:38:17,3117.3,197918
2021-05-26 09:38:18,3117.3,198119
2021-05-26 09:38:19,3117.35,198144
2021-05-26 09:38:20,3117.35,198144
2021-05-26 09:38:22,3117.5,198728
2021-05-26 09:38:23,3117.5,198728
2021-05-26 09:38:24,3117.35,198828
2021-05-26 09:38:25,3117.5,199084
2021-05-26 09:38:26,3117.5,199094
2021-05-26 09:38:27,3117.5,199094
2021-05-26 09:38:28,3117.5,199094
2021-05-26 09:38:29,3117.35,199100
2021-05-26 09:38:30,3117.35,199111
2021-05-26 09:38:31,3117.5,199114
2021-05-26 09:38:32,3117.5,199114
2021-05-26 09:38:33,3117.45,199115
2021-05-26 09:38:34,3117.35,199125
2021-05-26 09:38:35,3117.35,199142
2021-05-26 09:38:36,3117.45,199242
2021-05-26 09:38:37,3117.45,199244
2021-05-26 09:38:38,3117.45,199244
2021-05-26 09:38:39,3117.35,199249
2021-05-26 09:38:40,3117.35,199372
2021-05-26 09:38:41,3117.45,199373
2021-05-26 09:38:42,3117.45,199388
2021-05-26 09:38:43,3117.4,199390
2021-05-26 09:38:44,3117.4,199394
2021-05-26 09:38:45,3117.4,199424
2021-05-26 09:38:46,3117.35,199442
2021-05-26 09:38:47,3117.35,199448
2021-05-26 09:38:48,3117.35,199455
2021-05-26 09:38:49,3117.35,199457
2021-05-26 09:38:51,3117.35,199573
2021-05-26 09:38:52,3117.4,199574
2021-05-26 09:38:55,3117.4,200839
2021-05-26 09:38:56,3117.35,200841
2021-05-26 09:38:57,3117.35,200841
2021-05-26 09:38:58,3117.35,200843
2021-05-26 09:38:59,3117.4,200870
2021-05-26 09:39:00,3117.35,200968
2021-05-26 09:39:01,3117.35,200968
2021-05-26 09:39:02,3117.4,200970
2021-05-26 09:39:03,3117.35,200991
2021-05-26 09:39:04,3117.35,200991
2021-05-26 09:39:05,3117.35,200991
2021-05-26 09:39:06,3117.35,201761
2021-05-26 09:39:07,3117.35,201761
2021-05-26 09:39:09,3117.35,201824
2021-05-26 09:39:10,3117.35,201824
2021-05-26 09:39:11,3117.35,201835
2021-05-26 09:39:12,3117.4,201895
2021-05-26 09:39:14,3117.4,202493
2021-05-26 09:39:15,3117.4,202542
2021-05-26 09:39:16,3117.4,202542
2021-05-26 09:39:17,3117.4,202556
2021-05-26 09:39:18,3117.4,202593
2021-05-26 09:39:19,3117.4,202593
2021-05-26 09:39:21,3117.35,202643
2021-05-26 09:39:23,3117.4,202693
2021-05-26 09:39:24,3117.4,202707
2021-05-26 09:39:25,3117.4,202717
2021-05-26 09:39:26,3117.4,202717
2021-05-26 09:39:27,3117.4,202730
2021-05-26 09:39:28,3117.35,202741
2021-05-26 09:39:29,3117.35,202754
2021-05-26 09:39:30,3117.35,202754
2021-05-26 09:39:31,3117.4,202775
2021-05-26 09:39:32,3117.4,202775
2021-05-26 09:39:33,3117.4,202775
2021-05-26 09:39:34,3117.4,202825
2021-05-26 09:39:35,3117.4,202876
2021-05-26 09:39:36,3117.35,202982
2021-05-26 09:39:37,3117.35,203019
2021-05-26 09:39:38,3117.4,203076
2021-05-26 09:39:39,3117.4,203076
2021-05-26 09:39:41,3117.35,203276
2021-05-26 09:39:42,3117.35,203276
2021-05-26 09:39:43,3117.35,203277
2021-05-26 09:39:45,3117.35,203278
2021-05-26 09:39:46,3117.35,203401
2021-05-26 09:39:47,3117.35,203401
2021-05-26 09:39:47,3117.35,203453
2021-05-26 09:39:48,3117.35,203453
2021-05-26 09:39:49,3117.35,203453
2021-05-26 09:39:50,3117.4,203653
2021-05-26 09:39:53,3117.4,203789
2021-05-26 09:39:54,3117.4,203800
2021-05-26 09:39:55,3117.4,203800
2021-05-26 09:39:56,3117.35,203823
2021-05-26 09:39:57,3117.4,203883
2021-05-26 09:39:58,3117.35,203896
2021-05-26 09:39:59,3117.4,203899
2021-05-26 09:40:00,3117.4,203899
2021-05-26 09:40:01,3117.4,203901
2021-05-26 09:40:02,3117.35,203944
2021-05-26 09:40:03,3117.35,204003
2021-05-26 09:40:04,3117.4,204031
2021-05-26 09:40:05,3117.4,204085
2021-05-26 09:40:06,3117.4,204085
2021-05-26 09:40:07,3117.3,205394
2021-05-26 09:40:08,3117.3,205394
2021-05-26 09:40:09,3117.4,205449
2021-05-26 09:40:10,3117.3,205461
2021-05-26 09:40:11,3117.3,205461
2021-05-26 09:40:12,3117.35,205464
2021-05-26 09:40:13,3117.35,205464
2021-05-26 09:40:14,3117.3,205477
2021-05-26 09:40:15,3117.3,205532
2021-05-26 09:40:16,3117.3,205532
2021-05-26 09:40:17,3117.25,205622
2021-05-26 09:40:18,3117.3,205630
2021-05-26 09:40:19,3117.3,205630
2021-05-26 09:40:20,3117.3,205632
2021-05-26 09:40:23,3116.15,205642
2021-05-26 09:40:24,3116.15,205642
2021-05-26 09:40:25,3116.15,205642
2021-05-26 09:40:26,3116.25,205665
2021-05-26 09:40:27,3116.25,205665
2021-05-26 09:40:28,3116.15,205682
2021-05-26 09:40:29,3116.95,205717
2021-05-26 09:40:30,3116.95,205736
2021-05-26 09:40:31,3116.15,205768
2021-05-26 09:40:33,3116.95,205795
2021-05-26 09:40:34,3116.15,205797
2021-05-26 09:40:35,3116.0,206278
2021-05-26 09:40:36,3116.0,206282
2021-05-26 09:40:37,3116.0,206283
2021-05-26 09:40:38,3115.65,208089
2021-05-26 09:40:40,3115.95,208211
2021-05-26 09:40:40,3115.95,208211
2021-05-26 09:40:41,3115.35,208243
2021-05-26 09:40:42,3115.35,208353
2021-05-26 09:40:43,3116.95,208556
2021-05-26 09:40:44,3116.95,208556
2021-05-26 09:40:45,3117.1,208948
2021-05-26 09:40:46,3116.95,208966
2021-05-26 09:40:48,3116.95,208968
2021-05-26 09:40:49,3116.95,208968
2021-05-26 09:40:50,3116.95,208981
2021-05-26 09:40:51,3116.0,209011
2021-05-26 09:40:52,3116.9,209066
2021-05-26 09:40:53,3116.9,209066
2021-05-26 09:40:54,3116.4,209073
2021-05-26 09:40:55,3116.9,209076
2021-05-26 09:40:56,3116.9,209079
2021-05-26 09:40:57,3116.85,209088
2021-05-26 09:40:58,3116.85,209095
2021-05-26 09:40:59,3116.9,209097
2021-05-26 09:41:01,3117.0,209504
2021-05-26 09:41:02,3116.85,209513
2021-05-26 09:41:03,3117.0,209694
2021-05-26 09:41:04,3117.0,209696
2021-05-26 09:41:05,3117.0,209969
2021-05-26 09:41:06,3117.0,209975
2021-05-26 09:41:07,3117.0,210203
2021-05-26 09:41:07,3117.0,210203
2021-05-26 09:41:08,3118.0,210364
2021-05-26 09:41:09,3117.3,211209
2021-05-26 09:41:10,3117.0,211330
2021-05-26 09:41:12,3117.0,211533
2021-05-26 09:41:13,3117.0,211533
2021-05-26 09:41:14,3117.0,211612
2021-05-26 09:41:17,3117.0,211612
2021-05-26 09:41:18,3117.0,211619
2021-05-26 09:41:19,3117.0,211623
2021-05-26 09:41:21,3116.95,211629
2021-05-26 09:41:21,3118.0,212782
2021-05-26 09:41:22,3117.15,212787
2021-05-26 09:41:27,3117.25,213333
2021-05-26 09:41:32,3117.2,213944
2021-05-26 09:41:36,3117.2,214423
2021-05-26 09:41:41,3116.9,214870
2021-05-26 09:41:46,3116.9,215081
2021-05-26 09:41:50,3116.9,215187
2021-05-26 09:41:55,3117.1,215276
2021-05-26 09:42:00,3116.9,215403
2021-05-26 09:42:04,3116.8,215427
2021-05-26 09:42:09,3116.75,215459
2021-05-26 09:42:14,3116.9,215526
2021-05-26 09:42:18,3116.9,215650
2021-05-26 09:42:23,3117.0,215841
2021-05-26 09:42:27,3116.75,216078
2021-05-26 09:42:32,3117.0,216154
2021-05-26 09:42:36,3117.7,216807
2021-05-26 09:42:41,3117.7,216820
2021-05-26 09:42:46,3118.8,216890
2021-05-26 09:42:51,3117.7,216993
2021-05-26 09:42:56,3117.75,217146
2021-05-26 09:43:00,3118.2,217323
2021-05-26 09:43:05,3117.75,217565
2021-05-26 09:43:10,3117.8,217635
2021-05-26 09:43:15,3117.75,218074
2021-05-26 09:43:20,3117.7,218388
2021-05-26 09:43:25,3117.6,218484
2021-05-26 09:43:30,3117.55,218505
2021-05-26 09:43:34,3117.55,218840
2021-05-26 09:43:39,3117.6,218869
2021-05-26 09:43:43,3117.55,218991
2021-05-26 09:43:52,3117.3,219131
2021-05-26 09:43:57,3117.55,219136
2021-05-26 09:44:02,3117.0,219252
2021-05-26 09:44:07,3117.0,219505
2021-05-26 09:44:11,3117.45,219636
2021-05-26 09:44:16,3117.1,219705
2021-05-26 09:44:21,3116.3,219732
2021-05-26 09:44:26,3116.6,219775
2021-05-26 09:44:30,3116.4,219840
2021-05-26 09:44:40,3116.45,220034
2021-05-26 09:44:45,3116.45,220170
2021-05-26 09:44:49,3116.4,220198
2021-05-26 09:44:53,3116.2,220231
2021-05-26 09:44:58,3116.35,220242
2021-05-26 09:45:03,3116.35,220394
2021-05-26 09:45:09,3116.15,220474
2021-05-26 09:45:14,3116.15,220474
2021-05-26 09:45:19,3116.15,220580
2021-05-26 09:45:24,3116.2,220619
2021-05-26 09:45:29,3116.15,220661
2021-05-26 09:45:40,3115.95,221040
2021-05-26 09:45:45,3115.95,221082
2021-05-26 09:45:49,3115.35,221213
2021-05-26 09:45:54,3116.0,221277
2021-05-26 09:45:58,3115.95,221382
2021-05-26 09:46:03,3115.0,221478
2021-05-26 09:46:07,3115.05,221581
2021-05-26 09:46:12,3115.0,221640
2021-05-26 09:46:17,3115.95,221747
2021-05-26 09:46:22,3115.0,221804
2021-05-26 09:46:23,3115.0,221860
2021-05-26 09:46:24,3115.9,221862
2021-05-26 09:46:25,3115.0,221879
2021-05-26 09:46:27,3115.85,221996
2021-05-26 09:46:28,3115.8,222021
2021-05-26 09:46:29,3115.8,222035
2021-05-26 09:46:30,3115.8,222050
2021-05-26 09:46:31,3115.0,222054
2021-05-26 09:46:32,3115.8,222059
2021-05-26 09:46:33,3115.8,222142
2021-05-26 09:46:34,3115.85,222674
2021-05-26 09:46:35,3115.0,222760
2021-05-26 09:46:36,3115.8,222764
2021-05-26 09:46:37,3115.8,222764
2021-05-26 09:46:38,3115.85,222765
2021-05-26 09:46:39,3115.85,222771
2021-05-26 09:46:40,3115.85,222771
2021-05-26 09:46:41,3115.85,222771
2021-05-26 09:46:42,3115.8,222779
2021-05-26 09:46:43,3115.8,222779
2021-05-26 09:46:45,3115.9,223543
2021-05-26 09:46:46,3115.9,223543
2021-05-26 09:46:47,3115.8,223550
2021-05-26 09:46:48,3115.8,223550
2021-05-26 09:46:49,3115.85,223577
2021-05-26 09:46:50,3115.8,223578
2021-05-26 09:46:51,3115.8,223578
2021-05-26 09:46:52,3115.8,223578
2021-05-26 09:46:53,3115.8,223578
2021-05-26 09:46:54,3115.8,223596
2021-05-26 09:46:55,3115.8,223596
2021-05-26 09:46:56,3115.85,223597
2021-05-26 09:46:56,3115.85,223598
2021-05-26 09:46:57,3115.8,223622
2021-05-26 09:46:58,3115.8,223624
2021-05-26 09:46:59,3115.85,223639
2021-05-26 09:47:01,3115.85,223671
2021-05-26 09:47:02,3115.8,223686
2021-05-26 09:47:03,3115.8,223686
2021-05-26 09:47:04,3115.8,223756
2021-05-26 09:47:05,3115.8,223756
2021-05-26 09:47:06,3115.85,223796
2021-05-26 09:47:07,3115.8,223818
2021-05-26 09:47:08,3115.8,223826
2021-05-26 09:47:09,3115.85,223836
2021-05-26 09:47:11,3115.9,224087
2021-05-26 09:47:12,3115.9,224087
2021-05-26 09:47:12,3115.9,224087
2021-05-26 09:47:13,3115.85,224108
2021-05-26 09:47:15,3115.85,224146
2021-05-26 09:47:16,3115.85,224170
2021-05-26 09:47:17,3115.8,224186
2021-05-26 09:47:18,3115.9,224284
2021-05-26 09:47:19,3115.9,224284
2021-05-26 09:47:20,3115.9,224284
2021-05-26 09:47:21,3115.85,224286
2021-05-26 09:47:22,3115.85,224286
2021-05-26 09:47:23,3115.85,224286
2021-05-26 09:47:24,3115.95,224897
2021-05-26 09:47:25,3115.85,224898
2021-05-26 09:47:26,3115.85,224898
2021-05-26 09:47:27,3115.85,224898
2021-05-26 09:47:27,3115.85,224898
2021-05-26 09:47:29,3115.85,224898
2021-05-26 09:47:30,3115.9,225010
2021-05-26 09:47:31,3115.9,225010
2021-05-26 09:47:32,3115.9,225010
2021-05-26 09:47:33,3115.9,225020
2021-05-26 09:47:34,3115.95,225061
2021-05-26 09:47:35,3115.95,225061
2021-05-26 09:47:36,3115.9,225065
2021-05-26 09:47:37,3115.9,225072
2021-05-26 09:47:39,3115.95,225268
2021-05-26 09:47:40,3115.9,225273
2021-05-26 09:47:41,3115.95,225289
2021-05-26 09:47:42,3116.5,225941
2021-05-26 09:47:43,3116.2,225942
2021-05-26 09:47:44,3116.2,225942
2021-05-26 09:47:45,3116.2,225942
2021-05-26 09:47:46,3117.0,226209
2021-05-26 09:47:47,3117.9,226221
2021-05-26 09:47:48,3117.9,226221
2021-05-26 09:47:49,3117.9,226221
2021-05-26 09:47:50,3117.4,226226
2021-05-26 09:47:51,3117.4,226238
2021-05-26 09:47:52,3117.9,226322
2021-05-26 09:47:53,3117.9,226339
2021-05-26 09:47:54,3118.15,226724
2021-05-26 09:47:55,3118.15,226724
2021-05-26 09:47:56,3117.9,226818
2021-05-26 09:47:57,3117.9,226818
2021-05-26 09:47:58,3117.9,226818
2021-05-26 09:47:59,3118.15,226879
2021-05-26 09:48:00,3118.15,226879
2021-05-26 09:48:01,3118.15,226918
2021-05-26 09:48:02,3118.15,226918
2021-05-26 09:48:04,3117.9,226942
2021-05-26 09:48:05,3117.9,226942
2021-05-26 09:48:06,3117.9,226942
2021-05-26 09:48:07,3117.9,226954
2021-05-26 09:48:08,3118.1,227004
2021-05-26 09:48:09,3117.9,227005
2021-05-26 09:48:10,3118.0,227019
2021-05-26 09:48:11,3118.0,227019
2021-05-26 09:48:12,3117.9,227030
2021-05-26 09:48:13,3117.9,227047
2021-05-26 09:48:14,3118.0,227049
2021-05-26 09:48:15,3117.9,227093
2021-05-26 09:48:16,3118.0,227138
2021-05-26 09:48:17,3118.1,227186
2021-05-26 09:48:18,3118.25,227204
2021-05-26 09:48:19,3118.0,227219
2021-05-26 09:48:20,3118.0,227330
2021-05-26 09:48:21,3118.0,227330
2021-05-26 09:48:23,3118.0,227330
2021-05-26 09:48:24,3118.0,227330
2021-05-26 09:48:25,3117.9,227339
2021-05-26 09:48:26,3117.9,227339
2021-05-26 09:48:27,3118.0,227340
2021-05-26 09:48:28,3118.0,227350
2021-05-26 09:48:29,3118.0,227350
2021-05-26 09:48:30,3118.0,227401
2021-05-26 09:48:31,3118.1,227458
2021-05-26 09:48:32,3118.1,227578
2021-05-26 09:48:33,3118.1,227578
2021-05-26 09:48:34,3118.0,227691
2021-05-26 09:48:35,3118.0,227691
2021-05-26 09:48:36,3118.0,227691
2021-05-26 09:48:38,3118.0,228279
2021-05-26 09:48:39,3118.0,228284
2021-05-26 09:48:40,3117.9,228352
2021-05-26 09:48:41,3118.0,228363
2021-05-26 09:48:42,3118.0,228413
2021-05-26 09:48:43,3118.0,228413
2021-05-26 09:48:45,3117.9,228415
2021-05-26 09:48:46,3117.9,228416
2021-05-26 09:48:47,3117.9,228416
2021-05-26 09:48:49,3117.9,228425
2021-05-26 09:48:48,3117.9,228417
2021-05-26 09:48:50,3117.95,228428
2021-05-26 09:48:51,3117.95,228428
2021-05-26 09:48:52,3117.95,228428
2021-05-26 09:48:53,3117.95,228428
2021-05-26 09:48:54,3117.9,228478
2021-05-26 09:48:55,3117.9,228492
2021-05-26 09:48:56,3117.9,228494
2021-05-26 09:48:57,3117.9,228494
2021-05-26 09:48:58,3117.95,228554
2021-05-26 09:48:59,3117.95,228554
2021-05-26 09:49:00,3117.95,228586
2021-05-26 09:49:01,3118.0,228685
2021-05-26 09:49:02,3118.0,228685
2021-05-26 09:49:03,3118.0,228685
2021-05-26 09:49:04,3118.0,228686
2021-05-26 09:49:05,3117.9,228826
2021-05-26 09:49:06,3117.9,228826
2021-05-26 09:49:07,3118.1,228831
2021-05-26 09:49:08,3118.1,228831
2021-05-26 09:49:09,3118.1,228831
2021-05-26 09:49:10,3118.1,228831
2021-05-26 09:49:11,3118.05,228857
2021-05-26 09:49:12,3118.0,228925
2021-05-26 09:49:13,3118.05,229079
2021-05-26 09:49:14,3118.0,229147
2021-05-26 09:49:16,3118.0,229147
2021-05-26 09:49:17,3118.05,229218
2021-05-26 09:49:18,3118.05,229218
2021-05-26 09:49:19,3118.0,229294
2021-05-26 09:49:20,3118.0,229531
2021-05-26 09:49:21,3118.0,229531
2021-05-26 09:49:22,3117.85,229624
2021-05-26 09:49:23,3117.85,229624
2021-05-26 09:49:24,3117.85,229624
2021-05-26 09:49:25,3117.85,229624
2021-05-26 09:49:26,3117.85,229624
2021-05-26 09:49:27,3117.0,229636
2021-05-26 09:49:28,3117.0,229666
2021-05-26 09:49:29,3117.4,229711
2021-05-26 09:49:30,3117.4,229716
2021-05-26 09:49:31,3117.4,229716
2021-05-26 09:49:33,3117.4,229772
2021-05-26 09:49:34,3117.4,229797
2021-05-26 09:49:35,3117.4,229797
2021-05-26 09:49:36,3117.4,229797
2021-05-26 09:49:39,3117.0,229802
2021-05-26 09:49:39,3117.0,229802
2021-05-26 09:49:40,3117.0,229807
2021-05-26 09:49:41,3117.0,229807
2021-05-26 09:49:42,3117.05,229810
2021-05-26 09:49:43,3117.0,229811
2021-05-26 09:49:44,3117.0,229914
2021-05-26 09:49:46,3117.0,229914
2021-05-26 09:49:47,3117.0,229964
2021-05-26 09:49:47,3117.0,229964
2021-05-26 09:49:48,3117.0,230006
2021-05-26 09:49:49,3116.85,230022
2021-05-26 09:49:50,3116.85,230064
2021-05-26 09:49:51,3116.85,230064
2021-05-26 09:49:52,3117.0,230074
2021-05-26 09:49:53,3117.0,230074
2021-05-26 09:49:54,3117.0,230074
2021-05-26 09:49:55,3116.85,230084
2021-05-26 09:49:56,3117.0,230089
2021-05-26 09:49:57,3117.0,230089
2021-05-26 09:49:58,3116.85,230103
2021-05-26 09:50:01,3117.0,230104
2021-05-26 09:50:02,3116.85,230123
2021-05-26 09:50:03,3116.85,230123
2021-05-26 09:50:05,3116.85,230125
2021-05-26 09:50:05,3116.85,230135
2021-05-26 09:50:06,3116.9,230146
2021-05-26 09:50:07,3116.8,230147
2021-05-26 09:50:09,3116.9,230162
2021-05-26 09:50:09,3116.85,230163
2021-05-26 09:50:10,3116.85,230163
2021-05-26 09:50:12,3116.8,230168
2021-05-26 09:50:12,3116.8,230218
2021-05-26 09:50:13,3116.8,230219
2021-05-26 09:50:14,3116.8,230234
2021-05-26 09:50:15,3116.8,230272
2021-05-26 09:50:16,3116.85,230293
2021-05-26 09:50:17,3116.7,230315
2021-05-26 09:50:18,3116.7,230325
2021-05-26 09:50:19,3116.7,230325
2021-05-26 09:50:20,3116.8,230330
2021-05-26 09:50:21,3116.8,230335
2021-05-26 09:50:23,3116.8,230340
2021-05-26 09:50:23,3116.8,230340
2021-05-26 09:50:24,3116.8,230340
2021-05-26 09:50:25,3116.8,230360
2021-05-26 09:50:26,3116.8,230361
2021-05-26 09:50:28,3116.8,230361
2021-05-26 09:50:29,3116.85,230493
2021-05-26 09:50:30,3116.75,230495
2021-05-26 09:50:32,3116.75,230495
2021-05-26 09:50:32,3116.7,230507
2021-05-26 09:50:33,3116.7,230507
2021-05-26 09:50:34,3116.85,231107
2021-05-26 09:50:35,3116.85,231141
2021-05-26 09:50:37,3116.85,231141
2021-05-26 09:50:38,3116.85,231141
2021-05-26 09:50:40,3116.75,231231
2021-05-26 09:50:41,3116.75,231231
2021-05-26 09:50:42,3116.75,231241
2021-05-26 09:50:43,3116.75,231241
2021-05-26 09:50:44,3116.8,231261
2021-05-26 09:50:46,3116.75,231272
2021-05-26 09:50:47,3116.75,231273
2021-05-26 09:50:47,3116.75,231373
2021-05-26 09:50:48,3116.75,231388
2021-05-26 09:50:49,3116.75,231388
2021-05-26 09:50:50,3116.75,231406
2021-05-26 09:50:51,3116.75,231406
2021-05-26 09:50:52,3116.75,231407
2021-05-26 09:50:53,3116.75,231426
2021-05-26 09:50:55,3116.75,231502
2021-05-26 09:50:55,3116.75,231502
2021-05-26 09:50:56,3116.8,231548
2021-05-26 09:50:57,3116.8,231548
2021-05-26 09:50:58,3116.85,231553
2021-05-26 09:50:59,3116.85,231553
2021-05-26 09:51:00,3116.85,231585
2021-05-26 09:51:01,3116.85,231585
2021-05-26 09:51:03,3116.85,231585
2021-05-26 09:51:04,3116.85,231585
2021-05-26 09:51:05,3116.85,231585
2021-05-26 09:51:06,3116.85,231604
2021-05-26 09:51:07,3116.8,231615
2021-05-26 09:51:09,3116.8,231615
2021-05-26 09:51:09,3116.8,231615
2021-05-26 09:51:10,3116.8,231790
2021-05-26 09:51:11,3116.8,231849
2021-05-26 09:51:12,3116.8,231860
2021-05-26 09:51:13,3116.8,231872
2021-05-26 09:51:14,3116.65,231881
2021-05-26 09:51:15,3116.65,231887
2021-05-26 09:51:17,3116.65,231919
2021-05-26 09:51:17,3116.8,231949
2021-05-26 09:51:18,3116.8,232293
2021-05-26 09:51:19,3116.8,232293
2021-05-26 09:51:21,3116.45,232298
2021-05-26 09:51:22,3116.45,232298
2021-05-26 09:51:22,3116.45,232302
2021-05-26 09:51:27,3116.95,232874
2021-05-26 09:51:31,3116.45,233254
2021-05-26 09:51:35,3117.7,233949
2021-05-26 09:51:39,3116.95,234000
2021-05-26 09:51:43,3116.95,234000
2021-05-26 09:51:52,3117.3,234033
2021-05-26 09:51:56,3117.3,234082
2021-05-26 09:52:01,3117.3,234209
2021-05-26 09:52:05,3117.1,234366
2021-05-26 09:52:10,3117.7,234371
2021-05-26 09:52:14,3118.0,234605
2021-05-26 09:52:19,3117.7,234610
2021-05-26 09:52:24,3117.7,234816
2021-05-26 09:52:28,3118.0,234971
2021-05-26 09:52:32,3117.35,235126
2021-05-26 09:52:36,3117.4,235236
2021-05-26 09:52:40,3117.7,235245
2021-05-26 09:52:44,3117.4,235259
2021-05-26 09:52:49,3117.7,235265
2021-05-26 09:52:53,3117.7,235315
2021-05-26 09:52:58,3117.5,235326
2021-05-26 09:53:03,3117.7,235451
2021-05-26 09:53:07,3117.5,235464
2021-05-26 09:53:12,3117.45,235799
2021-05-26 09:53:21,3116.9,236404
2021-05-26 09:53:25,3117.7,236433
2021-05-26 09:53:30,3117.7,236442
2021-05-26 09:53:35,3117.6,236531
2021-05-26 09:53:39,3117.65,236668
2021-05-26 09:53:48,3117.7,236780
2021-05-26 09:53:52,3117.7,236803
2021-05-26 09:53:56,3117.65,236857
2021-05-26 09:54:00,3117.7,236923
2021-05-26 09:54:05,3117.65,236948
2021-05-26 09:54:09,3117.65,237201
2021-05-26 09:54:14,3117.45,237404
2021-05-26 09:54:19,3117.7,237510
2021-05-26 09:54:24,3117.0,237650
2021-05-26 09:54:28,3117.5,237664
2021-05-26 09:54:32,3117.5,237706
2021-05-26 09:54:36,3117.5,237836
2021-05-26 09:54:41,3117.35,237987
2021-05-26 09:54:45,3117.55,237988
2021-05-26 09:54:50,3117.7,238759
2021-05-26 09:54:54,3117.3,238820
2021-05-26 09:54:58,3117.1,239371
2021-05-26 09:55:02,3117.1,239415
2021-05-26 09:55:06,3117.1,239494
2021-05-26 09:55:10,3117.1,239517
2021-05-26 09:55:15,3117.2,239520
2021-05-26 09:55:19,3117.1,239549
2021-05-26 09:55:23,3117.0,239600
2021-05-26 09:55:27,3116.75,239810
2021-05-26 09:55:31,3116.05,239837
2021-05-26 09:55:36,3116.05,241554
2021-05-26 09:55:40,3116.0,241578
2021-05-26 09:55:44,3116.15,241668
2021-05-26 09:55:49,3116.15,241669
2021-05-26 09:55:53,3116.05,241757
2021-05-26 09:55:57,3116.15,241765
2021-05-26 09:56:01,3116.2,241810
2021-05-26 09:56:05,3116.2,241810
2021-05-26 09:56:09,3116.3,241858
2021-05-26 09:56:13,3116.25,241886
2021-05-26 09:56:17,3116.3,242010
2021-05-26 09:56:21,3116.55,243074
2021-05-26 09:56:26,3116.45,243131
2021-05-26 09:56:34,3117.95,243297
2021-05-26 09:56:38,3117.0,243331
2021-05-26 09:56:42,3117.0,243343
2021-05-26 09:56:46,3117.95,243395
2021-05-26 09:56:50,3116.95,243473
2021-05-26 09:56:53,3116.95,243484
2021-05-26 09:56:57,3117.0,243529
2021-05-26 09:57:01,3118.0,243611
2021-05-26 09:57:08,3118.0,243750
2021-05-26 09:57:12,3117.1,243764
2021-05-26 09:57:16,3118.0,243820
2021-05-26 09:57:21,3118.0,243871
2021-05-26 09:57:25,3117.5,243897
2021-05-26 09:57:29,3117.5,243937
2021-05-26 09:57:33,3117.7,243954
2021-05-26 09:57:37,3118.0,244478
2021-05-26 09:57:41,3117.65,244581
2021-05-26 09:57:45,3117.7,244690
2021-05-26 09:57:49,3117.6,244714
2021-05-26 09:57:53,3117.8,244783
2021-05-26 09:57:57,3117.8,244919
2021-05-26 09:58:01,3117.8,245069
2021-05-26 09:58:05,3117.7,245394
2021-05-26 09:58:09,3117.7,245467
2021-05-26 09:58:13,3117.8,245970
2021-05-26 09:58:16,3117.75,246006
2021-05-26 09:58:20,3118.2,247121
2021-05-26 09:58:24,3118.5,247231
2021-05-26 09:58:28,3118.5,247784
2021-05-26 09:58:32,3118.5,247922
2021-05-26 09:58:36,3118.4,247928
2021-05-26 09:58:40,3118.4,247970
2021-05-26 09:58:43,3118.4,248010
2021-05-26 09:58:47,3118.4,248041
2021-05-26 09:58:51,3118.3,248044
2021-05-26 09:58:55,3118.4,248097
2021-05-26 09:58:59,3118.3,249481
2021-05-26 09:59:03,3118.35,249514
2021-05-26 09:59:07,3118.3,249544
2021-05-26 09:59:11,3118.35,249586
2021-05-26 09:59:14,3118.35,249868
2021-05-26 09:59:19,3119.0,249883
2021-05-26 09:59:22,3118.95,250255
2021-05-26 09:59:31,3118.95,250323
2021-05-26 09:59:35,3119.0,250326
2021-05-26 09:59:39,3119.0,250331
2021-05-26 09:59:44,3118.95,250396
2021-05-26 09:59:48,3119.0,250509
2021-05-26 09:59:52,3119.0,250512
2021-05-26 09:59:56,3119.9,250581
2021-05-26 10:00:00,3119.9,250640
2021-05-26 10:00:04,3120.0,251558
2021-05-26 10:00:09,3119.85,252019
2021-05-26 10:00:13,3121.0,254573
2021-05-26 10:00:18,3121.5,255374
2021-05-26 10:00:22,3121.5,255460
2021-05-26 10:00:26,3121.5,256231
2021-05-26 10:00:30,3121.5,257539
2021-05-26 10:00:35,3121.65,258303
2021-05-26 10:00:40,3120.25,258711
2021-05-26 10:00:45,3121.4,258893
2021-05-26 10:00:50,3121.35,259134
2021-05-26 10:00:54,3121.35,259218
2021-05-26 10:00:59,3121.35,259259
2021-05-26 10:01:03,3121.35,259332
2021-05-26 10:01:07,3121.0,260023
2021-05-26 10:01:11,3120.75,260578
2021-05-26 10:01:15,3121.35,260877
2021-05-26 10:01:19,3120.0,261523
2021-05-26 10:01:23,3120.0,261741
2021-05-26 10:01:23,3120.75,261756
2021-05-26 10:01:24,3120.0,261784
2021-05-26 10:01:25,3120.0,261784
2021-05-26 10:01:26,3120.7,261837
2021-05-26 10:01:27,3120.7,261893
2021-05-26 10:01:28,3120.7,261893
2021-05-26 10:01:29,3120.0,262014
2021-05-26 10:01:30,3120.7,262015
2021-05-26 10:01:31,3120.7,262065
2021-05-26 10:01:33,3120.7,262065
2021-05-26 10:01:34,3121.0,262340
2021-05-26 10:01:35,3120.65,262365
2021-05-26 10:01:36,3120.65,262365
2021-05-26 10:01:37,3120.7,262370
2021-05-26 10:01:38,3120.7,262370
2021-05-26 10:01:39,3120.7,262377
2021-05-26 10:01:40,3121.0,262379
2021-05-26 10:01:41,3121.0,262406
2021-05-26 10:01:42,3121.0,262406
2021-05-26 10:01:43,3121.0,262411
2021-05-26 10:01:44,3120.7,262530
2021-05-26 10:01:45,3120.7,262544
2021-05-26 10:01:46,3120.7,262546
2021-05-26 10:01:47,3120.8,262549
2021-05-26 10:01:48,3120.95,262569
2021-05-26 10:01:49,3120.95,262569
2021-05-26 10:01:50,3120.75,262594
2021-05-26 10:01:51,3120.75,262609
2021-05-26 10:01:52,3120.75,262609
2021-05-26 10:01:53,3120.7,262716
2021-05-26 10:01:54,3120.55,262797
2021-05-26 10:01:55,3120.55,262797
2021-05-26 10:01:56,3120.5,262857
2021-05-26 10:01:57,3120.0,262964
2021-05-26 10:01:58,3120.0,262964
2021-05-26 10:01:59,3120.0,262964
2021-05-26 10:02:00,3120.35,262967
2021-05-26 10:02:02,3120.0,262969
2021-05-26 10:02:03,3120.35,263069
2021-05-26 10:02:04,3120.35,263069
2021-05-26 10:02:05,3120.35,263099
2021-05-26 10:02:06,3119.5,263324
2021-05-26 10:02:07,3120.35,263334
2021-05-26 10:02:08,3120.0,263385
2021-05-26 10:02:09,3120.0,263385
2021-05-26 10:02:10,3119.25,263421
2021-05-26 10:02:11,3119.25,263430
2021-05-26 10:02:12,3120.35,263435
2021-05-26 10:02:13,3120.3,263436
2021-05-26 10:02:14,3120.35,263536
2021-05-26 10:02:15,3120.35,263536
2021-05-26 10:02:16,3120.35,263902
2021-05-26 10:02:17,3119.0,263947
2021-05-26 10:02:18,3119.2,263952
2021-05-26 10:02:19,3119.2,263952
2021-05-26 10:02:20,3119.0,264202
2021-05-26 10:02:21,3119.0,264205
2021-05-26 10:02:22,3119.2,264308
2021-05-26 10:02:23,3119.2,264308
2021-05-26 10:02:24,3119.2,264308
2021-05-26 10:02:25,3119.2,264308
2021-05-26 10:02:27,3119.1,264348
2021-05-26 10:02:27,3119.15,264559
2021-05-26 10:02:28,3119.15,264559
2021-05-26 10:02:29,3119.15,264559
2021-05-26 10:02:31,3119.15,264559
2021-05-26 10:02:31,3119.15,264559
2021-05-26 10:02:33,3119.2,264569
2021-05-26 10:02:34,3119.15,264590
2021-05-26 10:02:35,3119.2,264600
2021-05-26 10:02:36,3119.2,264600
2021-05-26 10:02:37,3119.95,264764
2021-05-26 10:02:39,3120.0,264982
2021-05-26 10:02:39,3120.0,264982
2021-05-26 10:02:40,3120.0,264982
2021-05-26 10:02:41,3120.0,264982
2021-05-26 10:02:42,3120.0,264982
2021-05-26 10:02:43,3120.35,265063
2021-05-26 10:02:44,3120.35,265089
2021-05-26 10:02:45,3120.35,265271
2021-05-26 10:02:46,3120.35,265271
2021-05-26 10:02:47,3120.35,265276
2021-05-26 10:02:48,3120.35,265282
2021-05-26 10:02:49,3120.8,265483
2021-05-26 10:02:50,3120.8,265533
2021-05-26 10:02:51,3120.8,265533
2021-05-26 10:02:52,3120.35,265546
2021-05-26 10:02:55,3120.8,265557
2021-05-26 10:02:56,3120.8,265841
2021-05-26 10:02:57,3120.8,265846
2021-05-26 10:02:57,3120.8,265846
2021-05-26 10:02:58,3121.0,266819
2021-05-26 10:02:59,3121.35,266829
2021-05-26 10:03:00,3121.0,266861
2021-05-26 10:03:01,3121.0,266864
2021-05-26 10:03:02,3121.0,266944
2021-05-26 10:03:03,3121.0,266944
2021-05-26 10:03:04,3121.35,266968
2021-05-26 10:03:05,3121.35,266968
2021-05-26 10:03:06,3121.35,266996
2021-05-26 10:03:08,3121.5,267242
2021-05-26 10:03:09,3121.5,267252
2021-05-26 10:03:10,3121.5,267252
2021-05-26 10:03:11,3121.5,267252
2021-05-26 10:03:12,3121.5,267277
2021-05-26 10:03:13,3121.5,267340
2021-05-26 10:03:14,3121.65,267396
2021-05-26 10:03:15,3121.65,267396
2021-05-26 10:03:16,3121.65,267406
2021-05-26 10:03:17,3121.2,267606
2021-05-26 10:03:18,3121.2,267607
2021-05-26 10:03:19,3121.1,267631
2021-05-26 10:03:20,3121.5,267857
2021-05-26 10:03:21,3121.5,267857
2021-05-26 10:03:22,3121.5,267914
2021-05-26 10:03:23,3121.5,267919
2021-05-26 10:03:24,3121.5,267931
2021-05-26 10:03:25,3121.5,267944
2021-05-26 10:03:26,3121.65,268044
2021-05-26 10:03:27,3121.5,268073
2021-05-26 10:03:28,3121.5,268109
2021-05-26 10:03:30,3122.0,268685
2021-05-26 10:03:31,3121.5,268695
2021-05-26 10:03:32,3121.5,268695
2021-05-26 10:03:32,3121.5,268697
2021-05-26 10:03:35,3122.0,268703
2021-05-26 10:03:36,3122.0,268703
2021-05-26 10:03:37,3122.0,268810
2021-05-26 10:03:38,3122.0,268872
2021-05-26 10:03:39,3122.4,268977
2021-05-26 10:03:40,3122.0,268979
2021-05-26 10:03:41,3122.4,268981
2021-05-26 10:03:42,3122.0,269013
2021-05-26 10:03:45,3122.0,269266
2021-05-26 10:03:46,3122.0,269278
2021-05-26 10:03:47,3122.6,269289
2021-05-26 10:03:48,3122.6,269289
2021-05-26 10:03:49,3122.0,269294
2021-05-26 10:03:50,3122.0,269294
2021-05-26 10:03:51,3122.0,269294
2021-05-26 10:03:51,3122.0,269294
2021-05-26 10:03:52,3122.0,269294
2021-05-26 10:03:53,3122.05,269301
2021-05-26 10:03:54,3122.8,269315
2021-05-26 10:03:55,3122.0,269480
2021-05-26 10:03:56,3122.9,269534
2021-05-26 10:03:57,3122.05,269535
2021-05-26 10:03:58,3122.9,269545
2021-05-26 10:03:59,3122.9,269632
2021-05-26 10:04:00,3122.9,269632
2021-05-26 10:04:01,3122.8,270360
2021-05-26 10:04:02,3122.85,270361
2021-05-26 10:04:03,3122.85,270371
2021-05-26 10:04:04,3122.85,270371
2021-05-26 10:04:05,3122.85,270391
2021-05-26 10:04:06,3122.85,270416
2021-05-26 10:04:07,3122.2,270446
2021-05-26 10:04:08,3122.2,270446
2021-05-26 10:04:09,3122.8,270471
2021-05-26 10:04:10,3122.4,270500
2021-05-26 10:04:11,3122.8,270505
2021-05-26 10:04:12,3122.8,270667
2021-05-26 10:04:13,3122.4,270677
2021-05-26 10:04:14,3122.85,270691
2021-05-26 10:04:15,3122.85,270692
2021-05-26 10:04:16,3122.85,270692
2021-05-26 10:04:17,3122.9,271292
2021-05-26 10:04:18,3122.85,271299
2021-05-26 10:04:19,3122.4,271338
2021-05-26 10:04:20,3122.4,271338
2021-05-26 10:04:21,3122.5,271343
2021-05-26 10:04:22,3122.9,272175
2021-05-26 10:04:23,3122.2,272200
2021-05-26 10:04:24,3122.2,272208
2021-05-26 10:04:25,3122.2,272244
2021-05-26 10:04:26,3122.85,272376
2021-05-26 10:04:27,3122.0,273035
2021-05-26 10:04:28,3122.5,273040
2021-05-26 10:04:29,3122.5,273115
2021-05-26 10:04:30,3122.5,273115
2021-05-26 10:04:32,3122.5,273245
2021-05-26 10:04:32,3122.0,273255
2021-05-26 10:04:33,3122.2,273256
2021-05-26 10:04:34,3122.0,273271
2021-05-26 10:04:35,3122.85,273913
2021-05-26 10:04:36,3122.9,274018
2021-05-26 10:04:37,3123.0,274728
2021-05-26 10:04:38,3123.0,274748
2021-05-26 10:04:40,3122.95,275098
2021-05-26 10:04:41,3122.5,275100
2021-05-26 10:04:42,3122.5,275100
2021-05-26 10:04:42,3122.5,275100
2021-05-26 10:04:43,3123.0,275117
2021-05-26 10:04:44,3122.5,275185
2021-05-26 10:04:45,3122.5,275636
2021-05-26 10:04:46,3122.5,275636
2021-05-26 10:04:47,3123.2,275642
2021-05-26 10:04:48,3122.5,276202
2021-05-26 10:04:49,3122.5,276202
2021-05-26 10:04:50,3123.0,276367
2021-05-26 10:04:51,3123.2,276428
2021-05-26 10:04:53,3123.5,277153
2021-05-26 10:04:54,3122.9,277461
2021-05-26 10:04:54,3122.9,277461
2021-05-26 10:04:55,3124.0,278552
2021-05-26 10:04:56,3123.95,278590
2021-05-26 10:04:57,3123.55,278695
2021-05-26 10:04:58,3123.55,278703
2021-05-26 10:04:59,3123.75,278992
2021-05-26 10:05:00,3123.7,279035
2021-05-26 10:05:01,3123.6,279036
2021-05-26 10:05:02,3124.4,279668
2021-05-26 10:05:04,3124.1,280194
2021-05-26 10:05:04,3123.7,280304
2021-05-26 10:05:05,3124.1,280320
2021-05-26 10:05:07,3124.1,280630
2021-05-26 10:05:08,3124.1,280668
2021-05-26 10:05:09,3124.1,280774
2021-05-26 10:05:10,3124.0,281016
2021-05-26 10:05:11,3124.1,281198
2021-05-26 10:05:12,3124.1,281208
2021-05-26 10:05:13,3124.1,282337
2021-05-26 10:05:13,3123.75,282540
2021-05-26 10:05:15,3124.1,282557
2021-05-26 10:05:16,3125.0,283193
2021-05-26 10:05:17,3125.0,283298
2021-05-26 10:05:17,3124.95,283370
2021-05-26 10:05:18,3124.0,288785
2021-05-26 10:05:20,3124.0,289537
2021-05-26 10:05:21,3124.15,289587
2021-05-26 10:05:22,3124.0,289767
2021-05-26 10:05:23,3124.0,289767
2021-05-26 10:05:24,3124.0,289867
2021-05-26 10:05:25,3124.0,289991
2021-05-26 10:05:26,3124.1,290077
2021-05-26 10:05:27,3124.0,290188
2021-05-26 10:05:28,3124.15,290391
2021-05-26 10:05:29,3124.15,290458
2021-05-26 10:05:30,3124.15,290973
2021-05-26 10:05:31,3124.75,290983
2021-05-26 10:05:32,3124.0,291058
2021-05-26 10:05:33,3124.9,291290
2021-05-26 10:05:34,3125.0,291315
2021-05-26 10:05:35,3124.0,291553
2021-05-26 10:05:36,3125.0,291921
2021-05-26 10:05:37,3125.0,292302
2021-05-26 10:05:38,3124.15,292328
2021-05-26 10:05:39,3124.15,292329
2021-05-26 10:05:41,3125.0,292434
2021-05-26 10:05:42,3125.0,292537
2021-05-26 10:05:43,3124.15,292567
2021-05-26 10:05:44,3125.0,292607
2021-05-26 10:05:45,3124.15,292618
2021-05-26 10:05:46,3125.0,292630
2021-05-26 10:05:47,3125.0,292630
2021-05-26 10:05:48,3124.15,292643
2021-05-26 10:05:48,3124.95,292656
2021-05-26 10:05:49,3124.95,292816
2021-05-26 10:05:50,3125.0,293124
2021-05-26 10:05:51,3125.0,293224
2021-05-26 10:05:52,3125.0,293224
2021-05-26 10:05:54,3124.95,293226
2021-05-26 10:05:55,3124.2,293236
2021-05-26 10:05:56,3124.2,293236
2021-05-26 10:05:57,3124.9,293339
2021-05-26 10:05:58,3124.9,293374
2021-05-26 10:05:59,3124.45,293386
2021-05-26 10:05:59,3124.45,293386
2021-05-26 10:06:00,3124.45,293401
2021-05-26 10:06:01,3124.8,293464
2021-05-26 10:06:02,3124.45,293466
2021-05-26 10:06:03,3124.8,293628
2021-05-26 10:06:04,3124.5,293750
2021-05-26 10:06:05,3124.8,293760
2021-05-26 10:06:06,3124.8,293843
2021-05-26 10:06:08,3124.55,293985
2021-05-26 10:06:09,3125.0,294250
2021-05-26 10:06:10,3124.55,294309
2021-05-26 10:06:11,3124.55,294309
2021-05-26 10:06:12,3124.95,294609
2021-05-26 10:06:13,3125.0,294758
2021-05-26 10:06:14,3124.45,296022
2021-05-26 10:06:14,3124.5,296122
2021-05-26 10:06:15,3124.95,296173
2021-05-26 10:06:17,3125.0,296314
2021-05-26 10:06:17,3125.0,296314
2021-05-26 10:06:20,3124.95,296316
2021-05-26 10:06:21,3124.95,296316
2021-05-26 10:06:22,3124.95,296366
2021-05-26 10:06:23,3124.95,296368
2021-05-26 10:06:25,3124.95,296369
2021-05-26 10:06:26,3124.95,296379
2021-05-26 10:06:27,3125.0,296399
2021-05-26 10:06:28,3125.0,296430
2021-05-26 10:06:29,3125.0,296485
2021-05-26 10:06:30,3125.0,296485
2021-05-26 10:06:32,3125.0,296548
2021-05-26 10:06:33,3125.0,296609
2021-05-26 10:06:34,3125.0,296834
2021-05-26 10:06:35,3125.0,296959
2021-05-26 10:06:36,3125.0,297324
2021-05-26 10:06:36,3125.0,297195
2021-05-26 10:06:37,3125.0,297419
2021-05-26 10:06:38,3125.0,297433
2021-05-26 10:06:40,3125.0,297481
2021-05-26 10:06:41,3125.0,297481
2021-05-26 10:06:42,3124.95,297496
2021-05-26 10:06:42,3125.0,297851
2021-05-26 10:06:45,3125.0,298358
2021-05-26 10:06:46,3125.0,298440
2021-05-26 10:06:47,3125.0,298441
2021-05-26 10:06:48,3125.0,298541
2021-05-26 10:06:49,3125.05,298942
2021-05-26 10:06:49,3125.05,298942
2021-05-26 10:06:50,3125.0,298957
2021-05-26 10:06:52,3125.0,298958
2021-05-26 10:06:53,3125.0,298958
2021-05-26 10:06:54,3125.0,299050
2021-05-26 10:06:55,3125.0,299147
2021-05-26 10:06:56,3125.0,299228
2021-05-26 10:06:57,3125.75,299291
2021-05-26 10:06:57,3125.75,299291
2021-05-26 10:06:58,3125.75,299315
2021-05-26 10:06:59,3125.0,299317
2021-05-26 10:07:00,3125.0,299421
2021-05-26 10:07:02,3125.05,299431
2021-05-26 10:07:03,3125.05,299510
2021-05-26 10:07:04,3125.35,299600
2021-05-26 10:07:05,3125.45,299756
2021-05-26 10:07:06,3125.05,299796
2021-05-26 10:07:07,3125.75,299916
2021-05-26 10:07:08,3125.05,299976
2021-05-26 10:07:09,3125.75,300021
2021-05-26 10:07:11,3125.05,300123
2021-05-26 10:07:11,3125.05,300123
2021-05-26 10:07:12,3126.9,305503
2021-05-26 10:07:14,3126.9,305708
2021-05-26 10:07:15,3126.95,307074
2021-05-26 10:07:16,3127.3,310408
2021-05-26 10:07:17,3126.75,310458
2021-05-26 10:07:17,3126.75,310458
2021-05-26 10:07:19,3127.3,310464
2021-05-26 10:07:20,3127.3,310680
2021-05-26 10:07:21,3127.3,310735
2021-05-26 10:07:22,3127.3,310741
2021-05-26 10:07:23,3127.0,310746
2021-05-26 10:07:24,3126.95,311009
2021-05-26 10:07:25,3127.3,311055
2021-05-26 10:07:26,3126.95,311256
2021-05-26 10:07:27,3126.95,311256
2021-05-26 10:07:28,3127.3,311862
2021-05-26 10:07:29,3127.3,311942
2021-05-26 10:07:29,3127.3,311942
2021-05-26 10:07:30,3127.5,312116
2021-05-26 10:07:31,3127.3,312171
2021-05-26 10:07:33,3127.5,312352
2021-05-26 10:07:33,3127.3,312355
2021-05-26 10:07:35,3127.3,312380
2021-05-26 10:07:36,3127.45,313074
2021-05-26 10:07:37,3127.45,313273
2021-05-26 10:07:39,3127.0,313347
2021-05-26 10:07:39,3127.0,313347
2021-05-26 10:07:41,3127.45,313426
2021-05-26 10:07:42,3127.3,313699
2021-05-26 10:07:43,3127.0,313897
2021-05-26 10:07:44,3127.3,314001
2021-05-26 10:07:44,3126.25,314003
2021-05-26 10:07:45,3127.0,314005
2021-05-26 10:07:46,3127.0,314012
2021-05-26 10:07:47,3127.0,314012
2021-05-26 10:07:50,3127.0,314302
2021-05-26 10:07:51,3127.0,314434
2021-05-26 10:07:52,3127.0,314532
2021-05-26 10:07:53,3126.7,314583
2021-05-26 10:07:54,3127.0,314606
2021-05-26 10:07:55,3127.35,314681
2021-05-26 10:07:56,3127.35,314690
2021-05-26 10:07:57,3127.35,314877
2021-05-26 10:07:57,3127.35,314877
2021-05-26 10:07:58,3127.0,314878
2021-05-26 10:07:59,3127.5,316950
2021-05-26 10:08:01,3127.3,316972
2021-05-26 10:08:02,3127.3,317139
2021-05-26 10:08:03,3127.0,317188
2021-05-26 10:08:04,3127.0,317230
2021-05-26 10:08:04,3127.2,317340
2021-05-26 10:08:06,3127.2,317340
2021-05-26 10:08:07,3127.2,317386
2021-05-26 10:08:08,3126.0,317412
2021-05-26 10:08:08,3126.0,317412
2021-05-26 10:08:10,3126.05,317771
2021-05-26 10:08:11,3126.1,317774
2021-05-26 10:08:12,3127.1,317875
2021-05-26 10:08:13,3126.05,318143
2021-05-26 10:08:14,3127.2,318238
2021-05-26 10:08:14,3127.2,318238
2021-05-26 10:08:16,3127.3,318268
2021-05-26 10:08:17,3127.3,318289
2021-05-26 10:08:18,3126.1,318549
2021-05-26 10:08:18,3126.6,318614
2021-05-26 10:08:19,3126.6,318616
2021-05-26 10:08:20,3127.15,318619
2021-05-26 10:08:21,3126.6,318629
2021-05-26 10:08:22,3126.6,318637
2021-05-26 10:08:23,3127.0,318640
2021-05-26 10:08:24,3127.0,318640
2021-05-26 10:08:25,3127.0,318655
2021-05-26 10:08:28,3126.6,318773
2021-05-26 10:08:29,3127.0,318832
2021-05-26 10:08:30,3126.6,318843
2021-05-26 10:08:31,3126.6,318863
2021-05-26 10:08:32,3126.6,318915
2021-05-26 10:08:33,3127.1,319072
2021-05-26 10:08:34,3127.1,319080
2021-05-26 10:08:35,3127.0,319083
2021-05-26 10:08:36,3127.0,319148
2021-05-26 10:08:37,3127.0,319510
2021-05-26 10:08:38,3127.1,319989
2021-05-26 10:08:39,3127.1,319989
2021-05-26 10:08:39,3127.1,319989
2021-05-26 10:08:41,3126.95,320618
2021-05-26 10:08:42,3126.25,320793
2021-05-26 10:08:43,3127.0,320843
2021-05-26 10:08:44,3127.0,320853
2021-05-26 10:08:44,3127.0,320853
2021-05-26 10:08:45,3127.0,320919
2021-05-26 10:08:46,3127.0,320950
2021-05-26 10:08:48,3126.6,321071
2021-05-26 10:08:49,3127.0,321171
2021-05-26 10:08:50,3127.0,321171
2021-05-26 10:08:51,3127.0,321171
2021-05-26 10:08:52,3126.6,321178
2021-05-26 10:08:53,3127.0,321180
2021-05-26 10:08:54,3127.0,321210
2021-05-26 10:08:55,3127.0,321211
2021-05-26 10:08:56,3127.0,321214
2021-05-26 10:08:57,3127.0,321294
2021-05-26 10:08:59,3127.0,321381
2021-05-26 10:09:00,3126.95,321428
2021-05-26 10:09:02,3127.0,321805
2021-05-26 10:09:01,3127.0,321440
2021-05-26 10:09:03,3127.0,322273
2021-05-26 10:09:04,3127.1,322678
2021-05-26 10:09:05,3127.0,322815
2021-05-26 10:09:06,3127.2,323095
2021-05-26 10:09:07,3126.95,323624
2021-05-26 10:09:08,3127.0,323625
2021-05-26 10:09:09,3127.75,324143
2021-05-26 10:09:10,3126.7,324318
2021-05-26 10:09:11,3126.95,324324
2021-05-26 10:09:12,3127.5,324329
2021-05-26 10:09:13,3127.85,324554
2021-05-26 10:09:14,3127.85,324554
2021-05-26 10:09:15,3127.0,324557
2021-05-26 10:09:16,3127.0,324661
2021-05-26 10:09:17,3127.0,324661
2021-05-26 10:09:18,3127.0,324726
2021-05-26 10:09:19,3128.2,326336
2021-05-26 10:09:20,3128.2,326336
2021-05-26 10:09:21,3128.2,326351
2021-05-26 10:09:22,3128.2,326542
2021-05-26 10:09:23,3129.0,328363
2021-05-26 10:09:24,3129.0,329088
2021-05-26 10:09:25,3128.5,329584
2021-05-26 10:09:26,3129.25,330877
2021-05-26 10:09:27,3128.75,330899
2021-05-26 10:09:28,3129.0,330902
2021-05-26 10:09:29,3129.65,331054
2021-05-26 10:09:30,3129.0,331177
2021-05-26 10:09:31,3128.75,331256
2021-05-26 10:09:32,3128.75,331256
2021-05-26 10:09:33,3128.5,331682
2021-05-26 10:09:34,3129.0,331697
2021-05-26 10:09:35,3129.0,331797
2021-05-26 10:09:36,3129.0,331816
2021-05-26 10:09:37,3129.0,331846
2021-05-26 10:09:38,3128.75,332177
2021-05-26 10:09:39,3129.0,332179
2021-05-26 10:09:40,3129.0,332219
2021-05-26 10:09:41,3129.0,332344
2021-05-26 10:09:42,3129.65,332599
2021-05-26 10:09:43,3128.7,332775
2021-05-26 10:09:44,3128.5,332875
2021-05-26 10:09:45,3128.9,332946
2021-05-26 10:09:46,3129.55,332956
2021-05-26 10:09:47,3129.0,333056
2021-05-26 10:09:48,3129.7,333276
2021-05-26 10:09:49,3129.95,333508
2021-05-26 10:09:50,3129.0,333534
2021-05-26 10:09:51,3129.7,333565
2021-05-26 10:09:52,3129.95,333604
2021-05-26 10:09:53,3129.9,333605
2021-05-26 10:09:54,3129.7,333657
2021-05-26 10:09:55,3129.7,333731
2021-05-26 10:09:56,3129.0,335494
2021-05-26 10:09:57,3129.0,335518
2021-05-26 10:09:58,3129.0,335588
2021-05-26 10:09:59,3129.5,335918
2021-05-26 10:10:00,3129.5,336120
2021-05-26 10:10:01,3129.9,336215
2021-05-26 10:10:02,3129.95,336534
2021-05-26 10:10:03,3129.95,336645
2021-05-26 10:10:04,3129.95,336652
2021-05-26 10:10:05,3129.05,336766
2021-05-26 10:10:06,3129.05,336862
2021-05-26 10:10:07,3129.05,337020
2021-05-26 10:10:08,3129.25,337297
2021-05-26 10:10:09,3130.0,337347
2021-05-26 10:10:10,3129.1,337463
2021-05-26 10:10:11,3129.25,337556
2021-05-26 10:10:12,3130.0,337663
2021-05-26 10:10:13,3130.0,337982
2021-05-26 10:10:14,3129.1,338157
2021-05-26 10:10:15,3129.6,338158
2021-05-26 10:10:16,3129.55,338289
2021-05-26 10:10:17,3129.55,338289
2021-05-26 10:10:18,3129.95,338481
2021-05-26 10:10:19,3130.0,338581
2021-05-26 10:10:20,3129.55,338841
2021-05-26 10:10:21,3129.95,338944
2021-05-26 10:10:22,3130.0,338954
2021-05-26 10:10:23,3129.95,339070
2021-05-26 10:10:24,3130.0,339085
2021-05-26 10:10:25,3129.55,339138
2021-05-26 10:10:26,3129.55,339165
2021-05-26 10:10:27,3130.0,339392
2021-05-26 10:10:28,3129.05,339457
2021-05-26 10:10:29,3130.0,339517
2021-05-26 10:10:30,3130.0,339770
2021-05-26 10:10:31,3130.0,339820
2021-05-26 10:10:33,3129.95,339939
2021-05-26 10:10:34,3129.95,340071
2021-05-26 10:10:35,3130.0,340467
2021-05-26 10:10:36,3129.5,340669
2021-05-26 10:10:37,3130.0,340729
2021-05-26 10:10:38,3129.55,340804
2021-05-26 10:10:39,3130.0,341004
2021-05-26 10:10:40,3129.95,341074
2021-05-26 10:10:41,3130.0,341504
2021-05-26 10:10:42,3130.0,342366
2021-05-26 10:10:43,3130.0,342366
2021-05-26 10:10:44,3130.4,343173
2021-05-26 10:10:45,3131.55,343188
2021-05-26 10:10:46,3131.8,343811
2021-05-26 10:10:47,3131.55,343955
2021-05-26 10:10:48,3130.2,343988
2021-05-26 10:10:49,3130.2,344105
2021-05-26 10:10:50,3130.25,344229
2021-05-26 10:10:51,3131.0,344389
2021-05-26 10:10:52,3131.0,344409
2021-05-26 10:10:53,3132.0,344808
2021-05-26 10:10:54,3130.35,344812
2021-05-26 10:10:55,3130.65,344912
2021-05-26 10:10:56,3131.0,344923
2021-05-26 10:10:57,3131.0,345141
2021-05-26 10:10:58,3130.45,345486
2021-05-26 10:10:59,3131.0,345928
2021-05-26 10:11:00,3132.0,346220
2021-05-26 10:11:01,3131.0,346368
2021-05-26 10:11:02,3132.0,347404
2021-05-26 10:11:03,3132.0,347404
2021-05-26 10:11:05,3131.95,347549
2021-05-26 10:11:05,3132.0,347600
2021-05-26 10:11:06,3132.0,348010
2021-05-26 10:11:07,3131.0,348093
2021-05-26 10:11:08,3131.15,348254
2021-05-26 10:11:09,3131.9,348675
2021-05-26 10:11:11,3132.0,350076
2021-05-26 10:11:11,3131.2,350101
2021-05-26 10:11:12,3132.0,350156
2021-05-26 10:11:13,3132.0,350745
2021-05-26 10:11:14,3131.5,350748
2021-05-26 10:11:15,3131.5,350897
2021-05-26 10:11:16,3131.2,351439
2021-05-26 10:11:17,3131.3,351487
2021-05-26 10:11:18,3131.3,351873
2021-05-26 10:11:19,3131.0,352779
2021-05-26 10:11:20,3130.9,352966
2021-05-26 10:11:21,3130.8,353150
2021-05-26 10:11:22,3131.0,353245
2021-05-26 10:11:23,3130.8,355898
2021-05-26 10:11:25,3129.1,356530
2021-05-26 10:11:26,3129.35,356919
2021-05-26 10:11:27,3129.25,357585
2021-05-26 10:11:28,3129.05,357712
2021-05-26 10:11:30,3130.4,358161
2021-05-26 10:11:30,3130.4,358271
2021-05-26 10:11:31,3129.35,358762
2021-05-26 10:11:32,3129.35,358798
2021-05-26 10:11:33,3129.35,358856
2021-05-26 10:11:34,3129.35,359018
2021-05-26 10:11:35,3129.3,359211
2021-05-26 10:11:36,3130.0,359559
2021-05-26 10:11:37,3130.0,359582
2021-05-26 10:11:38,3129.2,359853
2021-05-26 10:11:39,3130.5,359929
2021-05-26 10:11:40,3129.4,359976
2021-05-26 10:11:41,3130.1,360016
2021-05-26 10:11:42,3130.0,360029
2021-05-26 10:11:43,3130.1,360063
2021-05-26 10:11:44,3130.0,360164
2021-05-26 10:11:45,3130.1,360190
2021-05-26 10:11:46,3130.25,360259
2021-05-26 10:11:47,3130.0,360335
2021-05-26 10:11:49,3132.45,362452
2021-05-26 10:11:49,3130.35,362453
2021-05-26 10:11:50,3130.35,362611
2021-05-26 10:11:51,3131.85,362633
2021-05-26 10:11:52,3130.75,362635
2021-05-26 10:11:53,3130.75,362713
2021-05-26 10:11:54,3130.75,362723
2021-05-26 10:11:55,3130.75,362776
2021-05-26 10:11:56,3130.75,362878
2021-05-26 10:11:57,3130.75,362918
2021-05-26 10:11:58,3130.75,362918
2021-05-26 10:11:59,3131.0,362923
2021-05-26 10:12:00,3131.0,363048
2021-05-26 10:12:01,3131.0,363183
2021-05-26 10:12:02,3131.75,363287
2021-05-26 10:12:03,3130.5,364050
2021-05-26 10:12:04,3130.5,364101
2021-05-26 10:12:05,3130.45,366437
2021-05-26 10:12:06,3130.45,366440
2021-05-26 10:12:07,3130.45,366760
2021-05-26 10:12:08,3130.0,366804
2021-05-26 10:12:09,3130.45,366877
2021-05-26 10:12:10,3130.45,366877
2021-05-26 10:12:11,3131.0,367357
2021-05-26 10:12:12,3130.75,367373
2021-05-26 10:12:13,3130.35,367475
2021-05-26 10:12:14,3131.0,367585
2021-05-26 10:12:15,3131.0,367724
2021-05-26 10:12:16,3131.5,368298
2021-05-26 10:12:17,3131.0,368383
2021-05-26 10:12:18,3131.0,368386
2021-05-26 10:12:19,3131.0,368407
2021-05-26 10:12:20,3131.8,368408
2021-05-26 10:12:21,3131.8,368427
2021-05-26 10:12:22,3131.5,368530
2021-05-26 10:12:23,3131.7,368673
2021-05-26 10:12:25,3131.8,368995
2021-05-26 10:12:26,3131.75,369450
2021-05-26 10:12:27,3130.5,369531
2021-05-26 10:12:28,3130.45,369576
2021-05-26 10:12:29,3132.0,369949
2021-05-26 10:12:30,3132.0,369964
2021-05-26 10:12:31,3130.65,370152
2021-05-26 10:12:32,3130.55,370707
2021-05-26 10:12:33,3130.5,370761
2021-05-26 10:12:35,3130.5,370835
2021-05-26 10:12:36,3130.45,370840
2021-05-26 10:12:37,3130.5,371047
2021-05-26 10:12:38,3130.5,371079
2021-05-26 10:12:39,3130.5,371737
2021-05-26 10:12:40,3132.05,371992
2021-05-26 10:12:42,3132.1,372038
2021-05-26 10:12:43,3132.0,374058
2021-05-26 10:12:44,3132.3,374074
2021-05-26 10:12:45,3132.3,374083
2021-05-26 10:12:46,3132.45,374148
2021-05-26 10:12:47,3132.3,374430
2021-05-26 10:12:48,3132.45,374716
2021-05-26 10:12:49,3132.3,374740
2021-05-26 10:12:50,3132.3,374890
2021-05-26 10:12:51,3132.5,374972
2021-05-26 10:12:52,3132.3,375080
2021-05-26 10:12:53,3132.8,375220
2021-05-26 10:12:54,3132.8,375228
2021-05-26 10:12:55,3132.85,375234
2021-05-26 10:12:56,3132.5,375295
2021-05-26 10:12:58,3132.4,375359
2021-05-26 10:12:58,3132.9,375379
2021-05-26 10:12:59,3132.3,375479
2021-05-26 10:13:00,3132.4,376064
2021-05-26 10:13:01,3132.4,376065
2021-05-26 10:13:02,3132.7,376087
2021-05-26 10:13:03,3132.7,376091
2021-05-26 10:13:04,3132.85,376264
2021-05-26 10:13:05,3132.3,376286
2021-05-26 10:13:06,3132.3,376296
2021-05-26 10:13:07,3132.6,376592
2021-05-26 10:13:08,3132.7,376723
2021-05-26 10:13:09,3132.9,376829
2021-05-26 10:13:10,3133.0,377278
2021-05-26 10:13:11,3132.05,377348
2021-05-26 10:13:13,3132.3,377372
2021-05-26 10:13:13,3132.05,377537
2021-05-26 10:13:14,3132.8,377830
2021-05-26 10:13:15,3133.35,378277
2021-05-26 10:13:16,3132.25,378399
2021-05-26 10:13:17,3133.55,378459
2021-05-26 10:13:18,3133.0,378460
2021-05-26 10:13:19,3133.65,378580
2021-05-26 10:13:20,3132.95,378671
2021-05-26 10:13:21,3133.0,378981
2021-05-26 10:13:22,3133.5,379056
2021-05-26 10:13:23,3133.5,379271
2021-05-26 10:13:24,3133.0,379316
2021-05-26 10:13:25,3133.0,379324
2021-05-26 10:13:26,3133.0,379341
2021-05-26 10:13:27,3133.0,379346
2021-05-26 10:13:28,3133.0,379661
2021-05-26 10:13:29,3133.4,379811
2021-05-26 10:13:30,3133.0,380014
2021-05-26 10:13:31,3133.35,380374
2021-05-26 10:13:32,3133.15,380424
2021-05-26 10:13:33,3133.0,380439
2021-05-26 10:13:34,3132.0,380739
2021-05-26 10:13:35,3132.0,380739
2021-05-26 10:13:36,3133.35,381067
2021-05-26 10:13:37,3133.35,381067
2021-05-26 10:13:38,3133.0,381069
2021-05-26 10:13:40,3132.7,381291
2021-05-26 10:13:41,3133.3,381344
2021-05-26 10:13:42,3132.7,381350
2021-05-26 10:13:43,3133.95,381468
2021-05-26 10:13:44,3133.0,381509
2021-05-26 10:13:45,3132.4,381516
2021-05-26 10:13:46,3132.15,381610
2021-05-26 10:13:47,3132.1,381626
2021-05-26 10:13:49,3132.7,381638
2021-05-26 10:13:50,3133.0,381707
2021-05-26 10:13:51,3132.1,381739
2021-05-26 10:13:52,3133.0,381831
2021-05-26 10:13:51,3132.05,381828
2021-05-26 10:13:53,3132.0,382771
2021-05-26 10:13:54,3131.65,383367
2021-05-26 10:13:55,3131.65,383372
2021-05-26 10:13:56,3132.95,383400
2021-05-26 10:13:57,3133.0,383523
2021-05-26 10:13:58,3133.85,383633
2021-05-26 10:13:59,3132.15,383653
2021-05-26 10:14:00,3133.0,383660
2021-05-26 10:14:01,3133.85,383685
2021-05-26 10:14:03,3134.0,383823
2021-05-26 10:14:04,3133.75,383844
2021-05-26 10:14:05,3133.6,384072
2021-05-26 10:14:06,3133.4,384085
2021-05-26 10:14:06,3132.1,384084
2021-05-26 10:14:07,3133.0,384095
2021-05-26 10:14:08,3133.4,384099
2021-05-26 10:14:10,3133.35,384195
2021-05-26 10:14:09,3133.35,384195
2021-05-26 10:14:11,3133.0,384255
2021-05-26 10:14:12,3133.4,384403
2021-05-26 10:14:13,3133.4,384427
2021-05-26 10:14:14,3132.05,384746
2021-05-26 10:14:15,3132.95,384767
2021-05-26 10:14:16,3132.05,384914
2021-05-26 10:14:17,3133.5,385184
2021-05-26 10:14:18,3133.5,385269
2021-05-26 10:14:19,3132.2,385349
2021-05-26 10:14:20,3132.1,385364
2021-05-26 10:14:21,3133.0,385370
2021-05-26 10:14:22,3132.05,385377
2021-05-26 10:14:23,3133.0,385633
2021-05-26 10:14:24,3132.65,385674
2021-05-26 10:14:26,3132.0,385783
2021-05-26 10:14:27,3133.0,385813
2021-05-26 10:14:28,3133.0,385814
2021-05-26 10:14:28,3133.0,385844
2021-05-26 10:14:30,3133.4,386085
2021-05-26 10:14:30,3132.0,386095
2021-05-26 10:14:31,3132.95,386882
2021-05-26 10:14:33,3132.6,386918
2021-05-26 10:14:33,3132.5,386930
2021-05-26 10:14:34,3132.0,387004
2021-05-26 10:14:36,3132.0,387039
2021-05-26 10:14:37,3132.0,387045
2021-05-26 10:14:37,3132.0,387045
2021-05-26 10:14:38,3131.75,387053
2021-05-26 10:14:39,3131.5,387063
2021-05-26 10:14:40,3132.0,387121
2021-05-26 10:14:41,3132.0,387147
2021-05-26 10:14:42,3132.0,387402
2021-05-26 10:14:43,3132.0,387417
2021-05-26 10:14:44,3131.2,387442
2021-05-26 10:14:45,3131.2,387515
2021-05-26 10:14:46,3131.95,387550
2021-05-26 10:14:47,3131.25,387660
2021-05-26 10:14:49,3131.25,388209
2021-05-26 10:14:50,3131.25,388209
2021-05-26 10:14:51,3131.25,388209
2021-05-26 10:14:52,3131.25,388219
2021-05-26 10:14:52,3131.25,388223
2021-05-26 10:14:53,3131.5,388418
2021-05-26 10:14:54,3131.5,388418
2021-05-26 10:14:55,3130.5,388439
2021-05-26 10:14:57,3131.0,388454
2021-05-26 10:14:58,3131.0,388488
2021-05-26 10:14:59,3130.5,388798
2021-05-26 10:14:59,3130.5,388776
2021-05-26 10:15:00,3130.5,388830
2021-05-26 10:15:01,3129.8,392667
2021-05-26 10:15:02,3130.35,392672
2021-05-26 10:15:03,3130.3,394186
2021-05-26 10:15:04,3130.35,394187
2021-05-26 10:15:05,3128.85,394478
2021-05-26 10:15:06,3130.3,394634
2021-05-26 10:15:07,3130.95,395684
2021-05-26 10:15:08,3129.05,395714
2021-05-26 10:15:10,3128.85,395746
2021-05-26 10:15:11,3130.0,395858
2021-05-26 10:15:11,3128.85,395912
2021-05-26 10:15:13,3128.85,396023
2021-05-26 10:15:14,3128.85,396050
2021-05-26 10:15:15,3128.85,396087
2021-05-26 10:15:16,3128.85,396403
2021-05-26 10:15:17,3128.3,396435
2021-05-26 10:15:17,3129.0,396445
2021-05-26 10:15:18,3129.0,396455
2021-05-26 10:15:19,3129.0,396486
2021-05-26 10:15:20,3128.85,396498
2021-05-26 10:15:21,3128.3,396525
2021-05-26 10:15:22,3128.85,396624
2021-05-26 10:15:24,3128.5,396721
2021-05-26 10:15:25,3128.5,397497
2021-05-26 10:15:26,3128.85,399809
2021-05-26 10:15:27,3128.85,399815
2021-05-26 10:15:28,3128.85,399889
2021-05-26 10:15:29,3128.85,399984
2021-05-26 10:15:30,3128.85,400009
2021-05-26 10:15:31,3128.85,400041
2021-05-26 10:15:32,3129.0,400157
2021-05-26 10:15:32,3128.85,400172
2021-05-26 10:15:34,3128.3,400575
2021-05-26 10:15:35,3128.3,400675
2021-05-26 10:15:36,3128.3,400675
2021-05-26 10:15:37,3128.85,400692
2021-05-26 10:15:37,3128.85,400692
2021-05-26 10:15:38,3128.85,400698
2021-05-26 10:15:39,3128.85,400740
2021-05-26 10:15:40,3128.85,400758
2021-05-26 10:15:41,3128.85,401019
2021-05-26 10:15:42,3129.0,401385
2021-05-26 10:15:44,3129.0,401393
2021-05-26 10:15:44,3129.0,401393
2021-05-26 10:15:45,3129.0,401412
2021-05-26 10:15:47,3128.85,401513
2021-05-26 10:15:47,3129.0,401514
2021-05-26 10:15:48,3129.0,401564
2021-05-26 10:15:49,3128.5,401624
2021-05-26 10:15:50,3128.5,401624
2021-05-26 10:15:52,3128.5,401624
2021-05-26 10:15:53,3128.95,402333
2021-05-26 10:15:54,3128.95,402333
2021-05-26 10:15:54,3128.95,402333
2021-05-26 10:15:55,3128.7,402338
2021-05-26 10:15:56,3128.7,402358
2021-05-26 10:15:57,3128.85,402736
2021-05-26 10:15:58,3130.0,403517
2021-05-26 10:16:00,3131.8,403805
2021-05-26 10:16:02,3130.65,403835
2021-05-26 10:16:03,3131.85,403839
2021-05-26 10:16:04,3130.6,403892
2021-05-26 10:16:05,3131.8,403915
2021-05-26 10:16:06,3131.95,403992
2021-05-26 10:16:07,3130.6,403993
2021-05-26 10:16:08,3130.6,403993
2021-05-26 10:16:09,3131.25,403995
2021-05-26 10:16:09,3131.75,404022
2021-05-26 10:16:10,3131.75,404022
2021-05-26 10:16:11,3130.3,404053
2021-05-26 10:16:12,3131.95,404153
2021-05-26 10:16:13,3130.3,404178
2021-05-26 10:16:14,3130.0,404286
2021-05-26 10:16:15,3131.4,404296
2021-05-26 10:16:16,3130.0,404335
2021-05-26 10:16:17,3131.25,404346
2021-05-26 10:16:19,3130.0,404362
2021-05-26 10:16:20,3131.0,404382
2021-05-26 10:16:21,3131.0,404382
2021-05-26 10:16:21,3130.0,404383
2021-05-26 10:16:23,3131.0,404694
2021-05-26 10:16:24,3130.2,405054
2021-05-26 10:16:25,3131.8,405055
2021-05-26 10:16:26,3130.5,405077
2021-05-26 10:16:26,3130.5,405077
2021-05-26 10:16:27,3131.75,405087
2021-05-26 10:16:29,3131.25,405118
2021-05-26 10:16:29,3131.25,405118
2021-05-26 10:16:30,3131.25,405118
2021-05-26 10:16:31,3132.0,405261
2021-05-26 10:16:32,3131.0,405262
2021-05-26 10:16:34,3131.0,405303
2021-05-26 10:16:35,3131.95,405324
2021-05-26 10:16:36,3131.95,405324
2021-05-26 10:16:38,3131.15,406725
2021-05-26 10:16:39,3131.95,406880
2021-05-26 10:16:40,3132.0,406976
2021-05-26 10:16:41,3132.0,407043
2021-05-26 10:16:42,3132.0,407043
2021-05-26 10:16:44,3132.85,407077
2021-05-26 10:16:45,3132.9,407107
2021-05-26 10:16:46,3132.0,407196
2021-05-26 10:16:46,3132.0,407206
2021-05-26 10:16:47,3132.0,407207
2021-05-26 10:16:48,3132.0,407342
2021-05-26 10:16:49,3133.0,407499
2021-05-26 10:16:51,3133.0,407539
2021-05-26 10:16:52,3132.0,407564
2021-05-26 10:16:53,3132.95,407665
2021-05-26 10:16:54,3132.0,407765
2021-05-26 10:16:55,3133.0,407810
2021-05-26 10:16:56,3133.0,407810
2021-05-26 10:16:57,3133.0,407823
2021-05-26 10:16:58,3133.0,407858
2021-05-26 10:16:59,3132.0,407886
2021-05-26 10:17:00,3132.95,407901
2021-05-26 10:17:01,3132.5,407902
2021-05-26 10:17:02,3132.5,407972
2021-05-26 10:17:03,3132.5,407978
2021-05-26 10:17:04,3133.0,408070
2021-05-26 10:17:05,3132.0,408181
2021-05-26 10:17:05,3132.0,408181
2021-05-26 10:17:06,3132.5,408212
2021-05-26 10:17:07,3133.0,408390
2021-05-26 10:17:08,3133.0,408396
2021-05-26 10:17:09,3133.0,408696
2021-05-26 10:17:10,3132.95,408711
2021-05-26 10:17:11,3132.0,409211
2021-05-26 10:17:12,3132.0,409303
2021-05-26 10:17:13,3132.95,409354
2021-05-26 10:17:14,3133.0,409404
2021-05-26 10:17:15,3132.05,409424
2021-05-26 10:17:17,3133.0,409455
2021-05-26 10:17:18,3133.0,409496
2021-05-26 10:17:18,3133.0,409696
2021-05-26 10:17:19,3132.95,409801
2021-05-26 10:17:21,3133.0,409843
2021-05-26 10:17:22,3133.0,410383
2021-05-26 10:17:23,3133.0,410455
2021-05-26 10:17:24,3133.0,410456
2021-05-26 10:17:25,3132.95,410700
2021-05-26 10:17:26,3133.4,410722
2021-05-26 10:17:27,3133.0,410747
2021-05-26 10:17:28,3133.4,410759
2021-05-26 10:17:29,3132.95,410827
2021-05-26 10:17:30,3132.95,410827
2021-05-26 10:17:31,3132.95,410827
2021-05-26 10:17:32,3132.95,410861
2021-05-26 10:17:33,3133.0,410886
2021-05-26 10:17:34,3133.0,410926
2021-05-26 10:17:35,3132.95,410939
2021-05-26 10:17:36,3133.0,410955
2021-05-26 10:17:37,3132.95,411027
2021-05-26 10:17:38,3132.95,411178
2021-05-26 10:17:39,3132.95,411442
2021-05-26 10:17:40,3133.05,411492
2021-05-26 10:17:41,3133.05,411719
2021-05-26 10:17:41,3133.05,411719
2021-05-26 10:17:42,3133.0,412278
2021-05-26 10:17:43,3133.0,412541
2021-05-26 10:17:45,3133.0,412625
2021-05-26 10:17:46,3133.0,412676
2021-05-26 10:17:46,3133.0,412676
2021-05-26 10:17:47,3133.0,412706
2021-05-26 10:17:48,3133.0,412707
2021-05-26 10:17:49,3132.05,412727
2021-05-26 10:17:50,3132.05,412727
2021-05-26 10:17:52,3132.0,412728
2021-05-26 10:17:53,3132.9,412743
2021-05-26 10:17:54,3132.0,412758
2021-05-26 10:17:55,3132.45,412778
2021-05-26 10:17:56,3132.0,412789
2021-05-26 10:17:57,3131.7,414231
2021-05-26 10:17:58,3132.0,414263
2021-05-26 10:17:58,3132.0,414263
2021-05-26 10:17:59,3132.0,414263
2021-05-26 10:18:01,3131.45,414264
2021-05-26 10:18:02,3132.0,414300
2021-05-26 10:18:03,3132.0,414316
2021-05-26 10:18:04,3132.0,414396
2021-05-26 10:18:05,3131.0,414712
2021-05-26 10:18:06,3131.95,414717
2021-05-26 10:18:07,3131.0,414729
2021-05-26 10:18:08,3131.95,414730
2021-05-26 10:18:09,3131.95,414730
2021-05-26 10:18:09,3130.4,415280
2021-05-26 10:18:11,3131.0,415371
2021-05-26 10:18:12,3131.0,415371
2021-05-26 10:18:13,3131.0,415385
2021-05-26 10:18:14,3131.0,415385
2021-05-26 10:18:15,3131.0,415385
2021-05-26 10:18:16,3131.0,415385
2021-05-26 10:18:16,3130.5,415415
2021-05-26 10:18:17,3130.5,415498
2021-05-26 10:18:18,3130.85,415500
2021-05-26 10:18:20,3130.85,415582
2021-05-26 10:18:21,3130.85,415582
2021-05-26 10:18:22,3130.85,415613
2021-05-26 10:18:23,3130.5,415880
2021-05-26 10:18:24,3130.85,415980
2021-05-26 10:18:25,3130.85,415980
2021-05-26 10:18:26,3130.85,416035
2021-05-26 10:18:27,3130.85,416226
2021-05-26 10:18:28,3130.5,416374
2021-05-26 10:18:29,3130.5,416374
2021-05-26 10:18:30,3130.85,416489
2021-05-26 10:18:31,3130.5,416492
2021-05-26 10:18:32,3130.85,416610
2021-05-26 10:18:33,3130.85,416667
2021-05-26 10:18:34,3131.0,416871
2021-05-26 10:18:35,3131.5,417043
2021-05-26 10:18:36,3131.5,417043
2021-05-26 10:18:36,3131.0,417052
2021-05-26 10:18:37,3132.0,417058
2021-05-26 10:18:38,3131.0,417073
2021-05-26 10:18:39,3131.95,417089
2021-05-26 10:18:40,3132.0,417111
2021-05-26 10:18:41,3132.0,417111
2021-05-26 10:18:43,3132.0,417117
2021-05-26 10:18:44,3131.45,417119
2021-05-26 10:18:45,3131.45,417119
2021-05-26 10:18:46,3131.45,417119
2021-05-26 10:18:48,3131.0,417361
2021-05-26 10:18:49,3132.0,417657
2021-05-26 10:18:50,3132.0,417657
2021-05-26 10:18:51,3132.0,417663
2021-05-26 10:18:52,3132.0,417663
2021-05-26 10:18:53,3131.0,417843
2021-05-26 10:18:54,3131.0,417843
2021-05-26 10:18:55,3132.5,417848
2021-05-26 10:18:56,3132.0,418060
2021-05-26 10:18:57,3132.0,418075
2021-05-26 10:18:57,3132.0,418125
2021-05-26 10:18:58,3132.0,418150
2021-05-26 10:18:59,3132.0,418155
2021-05-26 10:19:00,3132.5,418205
2021-05-26 10:19:02,3132.85,418240
2021-05-26 10:19:03,3132.85,418240
2021-05-26 10:19:04,3132.85,418241
2021-05-26 10:19:05,3132.0,418326
2021-05-26 10:19:05,3132.0,418326
2021-05-26 10:19:06,3132.0,418326
2021-05-26 10:19:07,3132.0,418371
2021-05-26 10:19:08,3133.0,418621
2021-05-26 10:19:10,3132.0,418760
2021-05-26 10:19:10,3132.0,418760
2021-05-26 10:19:11,3132.0,418864
2021-05-26 10:19:13,3132.0,418872
2021-05-26 10:19:14,3132.0,418922
2021-05-26 10:19:15,3132.0,418975
2021-05-26 10:19:15,3133.05,420522
2021-05-26 10:19:17,3133.0,420623
2021-05-26 10:19:18,3133.0,420723
2021-05-26 10:19:19,3133.0,420773
2021-05-26 10:19:20,3133.0,420973
2021-05-26 10:19:21,3133.0,421004
2021-05-26 10:19:22,3133.0,421007
2021-05-26 10:19:23,3133.4,421018
2021-05-26 10:19:24,3133.4,421093
2021-05-26 10:19:25,3133.05,421163
2021-05-26 10:19:26,3133.0,421213
2021-05-26 10:19:27,3133.4,421223
2021-05-26 10:19:28,3133.45,421297
2021-05-26 10:19:29,3132.7,421534
2021-05-26 10:19:30,3133.45,421569
2021-05-26 10:19:31,3133.4,421574
2021-05-26 10:19:32,3132.7,421778
2021-05-26 10:19:33,3133.5,421789
2021-05-26 10:19:34,3133.5,421799
2021-05-26 10:19:36,3132.6,421852
2021-05-26 10:19:35,3132.6,421842
2021-05-26 10:19:37,3132.6,421897
2021-05-26 10:19:38,3133.3,422247
2021-05-26 10:19:39,3132.35,422297
2021-05-26 10:19:40,3132.35,422300
2021-05-26 10:19:41,3132.35,422300
2021-05-26 10:19:42,3132.35,422300
2021-05-26 10:19:43,3132.35,422315
2021-05-26 10:19:44,3133.0,422317
2021-05-26 10:19:45,3132.8,422347
2021-05-26 10:19:46,3132.2,422551
2021-05-26 10:19:47,3132.2,422551
2021-05-26 10:19:48,3132.2,422551
2021-05-26 10:19:49,3132.2,422599
2021-05-26 10:19:50,3132.0,422611
2021-05-26 10:19:51,3132.3,422668
2021-05-26 10:19:52,3132.3,422668
2021-05-26 10:19:53,3132.3,422669
2021-05-26 10:19:54,3132.2,422873
2021-05-26 10:19:55,3132.2,422873
2021-05-26 10:19:56,3132.0,422896
2021-05-26 10:19:57,3133.0,422899
2021-05-26 10:19:58,3133.0,422914
2021-05-26 10:19:59,3132.3,422915
2021-05-26 10:20:00,3132.0,422965
2021-05-26 10:20:01,3132.0,422965
2021-05-26 10:20:02,3132.2,422971
2021-05-26 10:20:03,3132.0,422981
2021-05-26 10:20:04,3132.0,422981
2021-05-26 10:20:05,3132.0,422981
2021-05-26 10:20:06,3132.0,423029
2021-05-26 10:20:07,3132.0,423542
2021-05-26 10:20:08,3132.85,423562
2021-05-26 10:20:09,3132.9,423666
2021-05-26 10:20:10,3132.9,423670
2021-05-26 10:20:11,3132.9,423731
2021-05-26 10:20:12,3132.2,423758
2021-05-26 10:20:13,3132.95,423980
2021-05-26 10:20:14,3132.95,423990
2021-05-26 10:20:15,3132.9,424006
2021-05-26 10:20:16,3133.0,424124
2021-05-26 10:20:17,3132.9,424141
2021-05-26 10:20:20,3131.65,424263
2021-05-26 10:20:21,3131.65,424263
2021-05-26 10:20:22,3133.0,424275
2021-05-26 10:20:23,3132.2,424296
2021-05-26 10:20:24,3132.2,424397
2021-05-26 10:20:25,3133.0,424402
2021-05-26 10:20:26,3132.9,424406
2021-05-26 10:20:27,3133.0,424934
2021-05-26 10:20:28,3133.0,424955
2021-05-26 10:20:29,3132.75,425004
2021-05-26 10:20:30,3133.0,425005
2021-05-26 10:20:31,3132.9,425039
2021-05-26 10:20:32,3132.9,425039
2021-05-26 10:20:33,3132.55,425174
2021-05-26 10:20:34,3133.0,425175
2021-05-26 10:20:35,3133.0,425175
2021-05-26 10:20:36,3133.0,425175
2021-05-26 10:20:37,3133.0,425175
2021-05-26 10:20:38,3133.0,425175
2021-05-26 10:20:39,3132.5,425213
2021-05-26 10:20:40,3132.0,425423
2021-05-26 10:20:41,3133.0,425427
2021-05-26 10:20:43,3133.0,425429
2021-05-26 10:20:42,3133.0,425428
2021-05-26 10:20:44,3132.0,425451
2021-05-26 10:20:45,3133.0,425454
2021-05-26 10:20:46,3133.0,425559
2021-05-26 10:20:47,3132.0,425571
2021-05-26 10:20:48,3132.0,425571
2021-05-26 10:20:49,3132.0,425571
2021-05-26 10:20:50,3133.0,425601
2021-05-26 10:20:51,3132.75,425619
2021-05-26 10:20:52,3132.9,425663
2021-05-26 10:20:54,3132.75,425669
2021-05-26 10:20:55,3132.75,425669
2021-05-26 10:20:56,3132.75,425722
2021-05-26 10:20:57,3132.8,425824
2021-05-26 10:20:58,3132.0,425828
2021-05-26 10:20:59,3132.0,425828
2021-05-26 10:21:00,3132.0,425954
2021-05-26 10:21:01,3132.9,426004
2021-05-26 10:21:02,3132.9,426004
2021-05-26 10:21:03,3132.9,426164
2021-05-26 10:21:04,3132.9,426164
2021-05-26 10:21:05,3132.05,426266
2021-05-26 10:21:06,3132.9,426270
2021-05-26 10:21:07,3132.0,426311
2021-05-26 10:21:08,3132.8,426312
2021-05-26 10:21:09,3132.5,426345
2021-05-26 10:21:12,3132.0,426626
2021-05-26 10:21:13,3132.5,426627
2021-05-26 10:21:14,3132.5,426766
2021-05-26 10:21:16,3132.0,426776
2021-05-26 10:21:17,3132.0,426776
2021-05-26 10:21:18,3132.5,426834
2021-05-26 10:21:19,3131.8,427304
2021-05-26 10:21:20,3132.0,427319
2021-05-26 10:21:21,3132.0,427454
2021-05-26 10:21:22,3132.0,427454
2021-05-26 10:21:23,3132.05,427627
2021-05-26 10:21:24,3132.1,427632
2021-05-26 10:21:26,3132.1,427856
2021-05-26 10:21:25,3132.1,427856
2021-05-26 10:21:27,3132.1,427926
2021-05-26 10:21:28,3132.05,427966
2021-05-26 10:21:29,3131.8,428050
2021-05-26 10:21:30,3132.0,428061
2021-05-26 10:21:31,3131.8,428067
2021-05-26 10:21:32,3131.5,428080
2021-05-26 10:21:33,3132.0,428089
2021-05-26 10:21:35,3132.0,428124
2021-05-26 10:21:36,3131.5,428132
2021-05-26 10:21:36,3132.0,428127
2021-05-26 10:21:37,3131.5,428159
2021-05-26 10:21:39,3132.0,428207
2021-05-26 10:21:40,3132.0,428214
2021-05-26 10:21:41,3132.0,428214
2021-05-26 10:21:42,3132.0,428216
2021-05-26 10:21:43,3132.0,428226
2021-05-26 10:21:44,3131.75,428231
2021-05-26 10:21:45,3131.8,428347
2021-05-26 10:21:46,3131.75,428368
2021-05-26 10:21:47,3131.75,428368
2021-05-26 10:21:49,3131.8,428371
2021-05-26 10:21:50,3131.75,428431
2021-05-26 10:21:51,3131.8,428481
2021-05-26 10:21:52,3131.9,428781
2021-05-26 10:21:53,3132.0,429087
2021-05-26 10:21:54,3132.1,429133
2021-05-26 10:21:55,3132.1,429138
2021-05-26 10:21:57,3132.5,429190
2021-05-26 10:21:57,3132.5,429195
2021-05-26 10:21:58,3132.45,429196
2021-05-26 10:21:59,3132.9,429297
2021-05-26 10:22:00,3132.9,429303
2021-05-26 10:22:02,3132.9,429313
2021-05-26 10:22:03,3132.9,429317
2021-05-26 10:22:03,3132.9,429317
2021-05-26 10:22:04,3132.05,429322
2021-05-26 10:22:05,3132.95,429432
2021-05-26 10:22:06,3132.95,429432
2021-05-26 10:22:07,3132.3,429452
2021-05-26 10:22:08,3132.3,429452
2021-05-26 10:22:09,3132.3,429460
2021-05-26 10:22:10,3131.8,430111
2021-05-26 10:22:11,3133.0,430539
2021-05-26 10:22:13,3133.0,430706
2021-05-26 10:22:13,3133.0,430706
2021-05-26 10:22:14,3132.3,431053
2021-05-26 10:22:15,3132.9,431109
2021-05-26 10:22:16,3131.8,431114
2021-05-26 10:22:17,3133.0,431249
2021-05-26 10:22:18,3133.0,431250
2021-05-26 10:22:19,3133.0,431260
2021-05-26 10:22:20,3132.45,431361
2021-05-26 10:22:21,3132.45,431361
2021-05-26 10:22:22,3133.0,431383
2021-05-26 10:22:23,3133.0,431383
2021-05-26 10:22:24,3133.0,431399
2021-05-26 10:22:26,3133.0,431661
2021-05-26 10:22:26,3133.0,431661
2021-05-26 10:22:27,3133.0,431661
2021-05-26 10:22:28,3133.3,432369
2021-05-26 10:22:29,3133.0,432432
2021-05-26 10:22:30,3133.4,433067
2021-05-26 10:22:31,3133.8,433069
2021-05-26 10:22:32,3133.9,433086
2021-05-26 10:22:33,3133.9,433086
2021-05-26 10:22:34,3134.0,433231
2021-05-26 10:22:35,3134.0,433307
2021-05-26 10:22:36,3133.9,433322
2021-05-26 10:22:37,3133.9,433326
2021-05-26 10:22:38,3133.9,433326
2021-05-26 10:22:39,3134.0,433556
2021-05-26 10:22:40,3134.0,433607
2021-05-26 10:22:41,3134.0,434127
2021-05-26 10:22:42,3134.1,434359
2021-05-26 10:22:43,3134.6,434849
2021-05-26 10:22:45,3134.6,434896
2021-05-26 10:22:45,3134.6,434896
2021-05-26 10:22:46,3134.65,434924
2021-05-26 10:22:47,3134.6,434964
2021-05-26 10:22:48,3134.8,435002
2021-05-26 10:22:49,3133.9,435128
2021-05-26 10:22:50,3132.9,435297
2021-05-26 10:22:51,3134.25,435372
2021-05-26 10:22:52,3133.05,435461
2021-05-26 10:22:53,3134.45,435466
2021-05-26 10:22:54,3134.35,435487
2021-05-26 10:22:55,3133.1,435490
2021-05-26 10:22:56,3133.1,435493
2021-05-26 10:22:57,3133.1,435493
2021-05-26 10:22:58,3133.0,435853
2021-05-26 10:22:59,3133.85,436105
2021-05-26 10:23:00,3134.0,436187
2021-05-26 10:23:01,3132.9,436417
2021-05-26 10:23:03,3134.4,436465
2021-05-26 10:23:03,3134.4,436465
2021-05-26 10:23:04,3134.0,436528
2021-05-26 10:23:05,3134.0,436628
2021-05-26 10:23:06,3134.0,436728
2021-05-26 10:23:07,3134.45,436758
2021-05-26 10:23:08,3134.45,436759
2021-05-26 10:23:09,3134.5,436862
2021-05-26 10:23:10,3134.0,436863
2021-05-26 10:23:11,3134.9,436963
2021-05-26 10:23:13,3134.9,437049
2021-05-26 10:23:13,3134.9,437049
2021-05-26 10:23:14,3134.0,437262
2021-05-26 10:23:15,3134.0,437262
2021-05-26 10:23:16,3134.0,437262
2021-05-26 10:23:17,3134.4,437364
2021-05-26 10:23:18,3134.9,437365
2021-05-26 10:23:20,3134.4,437370
2021-05-26 10:23:21,3134.95,437385
2021-05-26 10:23:21,3134.4,437387
2021-05-26 10:23:23,3134.0,437509
2021-05-26 10:23:24,3134.0,437509
2021-05-26 10:23:24,3134.95,437510
2021-05-26 10:23:25,3134.0,437575
2021-05-26 10:23:27,3135.0,438179
2021-05-26 10:23:27,3135.0,438179
2021-05-26 10:23:29,3134.1,438313
2021-05-26 10:23:29,3134.1,438313
2021-05-26 10:23:30,3135.0,438342
2021-05-26 10:23:35,3134.05,439779
2021-05-26 10:23:35,3134.05,439779
2021-05-26 10:23:36,3135.0,439820
2021-05-26 10:23:37,3135.0,439838
2021-05-26 10:23:38,3135.0,439843
2021-05-26 10:23:39,3135.0,439849
2021-05-26 10:23:40,3135.0,439849
2021-05-26 10:23:43,3134.05,439867
2021-05-26 10:23:44,3134.25,439993
2021-05-26 10:23:44,3134.25,439993
2021-05-26 10:23:45,3134.95,440036
2021-05-26 10:23:47,3134.1,440170
2021-05-26 10:23:48,3135.0,440186
2021-05-26 10:23:48,3135.0,440191
2021-05-26 10:23:49,3135.0,440191
2021-05-26 10:23:50,3134.95,440226
2021-05-26 10:23:51,3134.95,440269
2021-05-26 10:23:52,3134.95,440493
2021-05-26 10:23:53,3134.95,440493
2021-05-26 10:23:54,3135.0,440496
2021-05-26 10:23:56,3135.0,440791
2021-05-26 10:23:57,3135.0,440806
2021-05-26 10:23:58,3134.95,440921
2021-05-26 10:23:59,3135.0,440950
2021-05-26 10:24:00,3135.0,440950
2021-05-26 10:24:00,3134.95,440980
2021-05-26 10:24:01,3134.95,441484
2021-05-26 10:24:02,3134.95,441519
2021-05-26 10:24:03,3135.05,445459
2021-05-26 10:24:04,3135.05,445485
2021-05-26 10:24:05,3135.0,445540
2021-05-26 10:24:06,3135.0,445986
2021-05-26 10:24:08,3135.0,446169
2021-05-26 10:24:08,3135.0,446168
2021-05-26 10:24:09,3135.0,446175
2021-05-26 10:24:11,3135.05,446299
2021-05-26 10:24:11,3135.05,446299
2021-05-26 10:24:13,3135.05,446504
2021-05-26 10:24:14,3135.0,446514
2021-05-26 10:24:15,3135.05,446565
2021-05-26 10:24:17,3135.0,446656
2021-05-26 10:24:17,3135.05,446704
2021-05-26 10:24:18,3135.0,447262
2021-05-26 10:24:20,3135.1,447312
2021-05-26 10:24:20,3135.55,447361
2021-05-26 10:24:21,3136.0,447711
2021-05-26 10:24:22,3135.95,447789
2021-05-26 10:24:23,3135.95,447943
2021-05-26 10:24:24,3136.0,448095
2021-05-26 10:24:25,3135.75,448124
2021-05-26 10:24:26,3136.0,448159
2021-05-26 10:24:28,3135.75,448190
2021-05-26 10:24:29,3136.0,448753
2021-05-26 10:24:30,3136.0,448955
2021-05-26 10:24:30,3136.0,448955
2021-05-26 10:24:31,3136.0,449058
2021-05-26 10:24:33,3136.0,449108
2021-05-26 10:24:33,3136.0,449199
2021-05-26 10:24:34,3136.45,449863
2021-05-26 10:24:35,3135.2,449959
2021-05-26 10:24:36,3136.55,450139
2021-05-26 10:24:38,3136.8,450353
2021-05-26 10:24:39,3136.8,450404
2021-05-26 10:24:39,3136.8,450404
2021-05-26 10:24:40,3136.0,450559
2021-05-26 10:24:42,3136.8,450620
2021-05-26 10:24:43,3136.8,450623
2021-05-26 10:24:44,3136.0,450626
2021-05-26 10:24:45,3136.0,450776
2021-05-26 10:24:46,3136.8,450836
2021-05-26 10:24:48,3136.4,451239
2021-05-26 10:24:49,3136.3,451246
2021-05-26 10:24:50,3136.0,451413
2021-05-26 10:24:51,3136.0,451413
2021-05-26 10:24:52,3136.0,451517
2021-05-26 10:24:53,3136.05,451520
2021-05-26 10:24:54,3136.0,451598
2021-05-26 10:24:55,3135.65,451662
2021-05-26 10:24:56,3136.0,452512
2021-05-26 10:24:57,3136.05,452517
2021-05-26 10:24:59,3136.0,452680
2021-05-26 10:25:00,3135.0,452807
2021-05-26 10:25:01,3135.0,452807
2021-05-26 10:25:02,3136.3,452864
2021-05-26 10:25:03,3135.0,452874
2021-05-26 10:25:03,3136.3,452899
2021-05-26 10:25:04,3136.3,453048
2021-05-26 10:25:05,3135.0,453248
2021-05-26 10:25:06,3136.05,453253
2021-05-26 10:25:07,3135.0,453283
2021-05-26 10:25:08,3135.0,453283
2021-05-26 10:25:09,3136.0,453284
2021-05-26 10:25:10,3135.0,453301
2021-05-26 10:25:11,3135.05,453421
2021-05-26 10:25:12,3136.8,453921
2021-05-26 10:25:15,3136.0,454055
2021-05-26 10:25:15,3136.0,454055
2021-05-26 10:25:16,3136.0,454280
2021-05-26 10:25:17,3135.65,454320
2021-05-26 10:25:18,3136.0,454370
2021-05-26 10:25:19,3135.25,454395
2021-05-26 10:25:20,3135.25,454397
2021-05-26 10:25:21,3135.25,454397
2021-05-26 10:25:23,3135.2,454564
2021-05-26 10:25:24,3135.25,454565
2021-05-26 10:25:25,3135.2,454622
2021-05-26 10:25:26,3135.2,454622
2021-05-26 10:25:27,3135.2,454635
2021-05-26 10:25:27,3135.2,454622
2021-05-26 10:25:28,3135.2,454725
2021-05-26 10:25:29,3135.2,454725
2021-05-26 10:25:30,3135.2,454725
2021-05-26 10:25:32,3135.15,455833
2021-05-26 10:25:32,3135.15,455823
2021-05-26 10:25:33,3135.05,455834
2021-05-26 10:25:34,3135.0,455897
2021-05-26 10:25:35,3135.0,455960
2021-05-26 10:25:36,3135.05,455994
2021-05-26 10:25:37,3135.05,455995
2021-05-26 10:25:38,3135.7,456100
2021-05-26 10:25:39,3135.05,456118
2021-05-26 10:25:41,3135.0,456145
2021-05-26 10:25:41,3135.0,456145
2021-05-26 10:25:42,3135.0,456150
2021-05-26 10:25:43,3135.05,456153
2021-05-26 10:25:44,3135.05,456161
2021-05-26 10:25:45,3135.0,456171
2021-05-26 10:25:46,3135.0,456171
2021-05-26 10:25:47,3135.8,456337
2021-05-26 10:25:48,3134.55,456547
2021-05-26 10:25:49,3134.6,456558
2021-05-26 10:25:50,3135.0,456568
2021-05-26 10:25:51,3135.0,456587
2021-05-26 10:25:52,3135.0,456732
2021-05-26 10:25:54,3134.8,456749
2021-05-26 10:25:57,3135.25,457164
2021-05-26 10:25:58,3135.0,457286
2021-05-26 10:25:59,3135.0,457337
2021-05-26 10:26:00,3135.0,457587
2021-05-26 10:26:01,3135.05,457588
2021-05-26 10:26:02,3136.0,457679
2021-05-26 10:26:03,3135.05,457697
2021-05-26 10:26:04,3136.0,457708
2021-05-26 10:26:04,3136.0,457708
2021-05-26 10:26:05,3135.05,457859
2021-05-26 10:26:06,3136.0,457860
2021-05-26 10:26:07,3136.0,457860
2021-05-26 10:26:08,3136.0,457860
2021-05-26 10:26:09,3135.05,457910
2021-05-26 10:26:10,3135.5,457927
2021-05-26 10:26:11,3135.05,457935
2021-05-26 10:26:12,3136.0,458022
2021-05-26 10:26:13,3136.0,458023
2021-05-26 10:26:14,3135.05,458026
2021-05-26 10:26:15,3135.05,458054
2021-05-26 10:26:16,3135.05,458080
2021-05-26 10:26:17,3134.5,458904
2021-05-26 10:26:18,3135.55,459016
2021-05-26 10:26:20,3135.5,459092
2021-05-26 10:26:21,3134.0,459334
2021-05-26 10:26:23,3135.0,459374
2021-05-26 10:26:22,3134.0,459334
2021-05-26 10:26:24,3134.0,459673
2021-05-26 10:26:25,3134.0,459674
2021-05-26 10:26:26,3135.0,459726
2021-05-26 10:26:27,3135.0,459746
2021-05-26 10:26:28,3134.0,459861
2021-05-26 10:26:29,3134.0,459861
2021-05-26 10:26:30,3134.05,460863
2021-05-26 10:26:30,3134.05,460863
2021-05-26 10:26:32,3134.1,461034
2021-05-26 10:26:32,3134.8,461035
2021-05-26 10:26:34,3134.0,461053
2021-05-26 10:26:34,3134.0,461053
2021-05-26 10:26:36,3134.0,461078
2021-05-26 10:26:37,3134.75,461080
2021-05-26 10:26:38,3134.75,461080
2021-05-26 10:26:38,3134.75,461080
2021-05-26 10:26:39,3134.0,461083
2021-05-26 10:26:40,3134.0,461086
2021-05-26 10:26:41,3134.05,461347
2021-05-26 10:26:42,3134.05,461347
2021-05-26 10:26:43,3134.05,461347
2021-05-26 10:26:44,3135.0,461355
2021-05-26 10:26:45,3135.0,461355
2021-05-26 10:26:47,3135.0,461355
2021-05-26 10:26:48,3134.95,461365
2021-05-26 10:26:49,3134.95,461365
2021-05-26 10:26:51,3134.1,461385
2021-05-26 10:26:54,3134.1,461388
2021-05-26 10:26:55,3134.1,461395
2021-05-26 10:26:57,3134.5,461415
2021-05-26 10:26:58,3134.5,461415
2021-05-26 10:26:59,3135.0,461830
2021-05-26 10:27:00,3135.05,462207
2021-05-26 10:27:02,3134.55,463580
2021-05-26 10:27:03,3136.0,463682
2021-05-26 10:27:04,3136.0,463885
2021-05-26 10:27:05,3135.5,463896
2021-05-26 10:27:06,3135.25,463976
2021-05-26 10:27:07,3136.0,463996
2021-05-26 10:27:08,3136.0,463996
2021-05-26 10:27:09,3136.0,463996
2021-05-26 10:27:10,3135.25,464047
2021-05-26 10:27:11,3135.25,464047
2021-05-26 10:27:12,3135.3,464077
2021-05-26 10:27:13,3136.0,464142
2021-05-26 10:27:14,3135.1,464188
2021-05-26 10:27:14,3135.1,464188
2021-05-26 10:27:16,3135.1,464218
2021-05-26 10:27:17,3135.1,464220
2021-05-26 10:27:18,3135.95,464241
2021-05-26 10:27:18,3136.0,464741
2021-05-26 10:27:20,3135.1,464792
2021-05-26 10:27:21,3136.0,464964
2021-05-26 10:27:22,3135.05,465137
2021-05-26 10:27:22,3135.05,465137
2021-05-26 10:27:23,3136.0,465148
2021-05-26 10:27:24,3136.0,465148
2021-05-26 10:27:25,3136.0,465223
2021-05-26 10:27:26,3135.95,465349
2021-05-26 10:27:27,3135.5,465351
2021-05-26 10:27:28,3135.45,465376
2021-05-26 10:27:30,3135.45,465376
2021-05-26 10:27:31,3135.45,465376
2021-05-26 10:27:32,3136.0,465500
2021-05-26 10:27:32,3135.9,465501
2021-05-26 10:27:33,3135.95,466019
2021-05-26 10:27:34,3136.0,466040
2021-05-26 10:27:35,3136.0,466050
2021-05-26 10:27:36,3135.45,466053
2021-05-26 10:27:37,3135.2,466074
2021-05-26 10:27:38,3135.2,466074
2021-05-26 10:27:40,3136.0,466155
2021-05-26 10:27:40,3136.0,466180
2021-05-26 10:27:41,3135.0,466648
2021-05-26 10:27:42,3135.0,466658
2021-05-26 10:27:44,3135.45,466670
2021-05-26 10:27:45,3135.45,466670
2021-05-26 10:27:46,3135.0,466695
2021-05-26 10:27:47,3135.0,466695
2021-05-26 10:27:48,3135.75,466753
2021-05-26 10:27:49,3135.75,466756
2021-05-26 10:27:50,3135.75,466757
2021-05-26 10:27:50,3135.75,466757
2021-05-26 10:27:51,3134.65,466772
2021-05-26 10:27:53,3135.55,466780
2021-05-26 10:27:54,3135.55,466780
2021-05-26 10:27:56,3135.45,466805
2021-05-26 10:27:57,3135.5,466810
2021-05-26 10:27:58,3135.45,466841
2021-05-26 10:27:59,3135.5,466906
2021-05-26 10:28:00,3135.25,466924
2021-05-26 10:28:01,3135.25,466924
2021-05-26 10:28:02,3135.5,466938
2021-05-26 10:28:03,3135.5,466938
2021-05-26 10:28:04,3135.25,467079
2021-05-26 10:28:04,3135.1,467078
2021-05-26 10:28:06,3135.0,467613
2021-05-26 10:28:07,3135.1,467632
2021-05-26 10:28:08,3135.4,467665
2021-05-26 10:28:08,3135.1,467690
2021-05-26 10:28:10,3135.1,467708
2021-05-26 10:28:10,3135.1,467708
2021-05-26 10:28:11,3135.1,467708
2021-05-26 10:28:12,3135.4,467865
2021-05-26 10:28:13,3134.9,467900
2021-05-26 10:28:15,3135.25,467901
2021-05-26 10:28:15,3135.25,467901
2021-05-26 10:28:16,3135.0,467917
2021-05-26 10:28:17,3135.0,468019
2021-05-26 10:28:19,3134.15,468134
2021-05-26 10:28:20,3134.15,468134
2021-05-26 10:28:21,3135.0,468179
2021-05-26 10:28:21,3135.0,468179
2021-05-26 10:28:22,3135.0,468227
2021-05-26 10:28:24,3134.15,468228
2021-05-26 10:28:25,3134.15,468229
2021-05-26 10:28:27,3135.1,468662
2021-05-26 10:28:27,3135.1,468662
2021-05-26 10:28:29,3134.3,468683
2021-05-26 10:28:30,3135.1,468726
2021-05-26 10:28:31,3134.35,468740
2021-05-26 10:28:32,3135.0,468852
2021-05-26 10:28:33,3135.0,468852
2021-05-26 10:28:34,3135.1,468862
2021-05-26 10:28:35,3135.0,468875
2021-05-26 10:28:36,3135.0,468875
2021-05-26 10:28:37,3134.35,468957
2021-05-26 10:28:38,3134.25,469039
2021-05-26 10:28:39,3134.35,469049
2021-05-26 10:28:40,3134.35,469049
2021-05-26 10:28:41,3134.35,469049
2021-05-26 10:28:42,3135.0,469050
2021-05-26 10:28:43,3134.25,469060
2021-05-26 10:28:44,3134.25,469182
2021-05-26 10:28:45,3134.25,469415
2021-05-26 10:28:46,3134.25,469415
2021-05-26 10:28:47,3134.3,469421
2021-05-26 10:28:48,3134.8,469422
2021-05-26 10:28:49,3134.8,469440
2021-05-26 10:28:50,3134.8,469458
2021-05-26 10:28:51,3134.45,469475
2021-05-26 10:28:51,3134.45,469475
2021-05-26 10:28:53,3134.8,469531
2021-05-26 10:28:53,3134.45,469480
2021-05-26 10:28:55,3134.8,469538
2021-05-26 10:28:55,3134.8,469538
2021-05-26 10:28:56,3134.7,469694
2021-05-26 10:28:58,3134.7,469703
2021-05-26 10:29:00,3134.7,469716
2021-05-26 10:29:01,3134.7,469760
2021-05-26 10:29:01,3134.7,469760
2021-05-26 10:29:02,3134.45,469810
2021-05-26 10:29:03,3134.45,469810
2021-05-26 10:29:04,3134.45,469840
2021-05-26 10:29:06,3134.45,469926
2021-05-26 10:29:07,3134.7,470131
2021-05-26 10:29:08,3134.6,470235
2021-05-26 10:29:08,3134.6,470235
2021-05-26 10:29:09,3134.45,470353
2021-05-26 10:29:10,3134.45,470380
2021-05-26 10:29:11,3134.45,470412
2021-05-26 10:29:13,3134.6,470458
2021-05-26 10:29:13,3134.45,470598
2021-05-26 10:29:15,3134.6,470876
2021-05-26 10:29:16,3134.6,470979
2021-05-26 10:29:17,3134.35,471480
2021-05-26 10:29:18,3134.3,471506
2021-05-26 10:29:19,3134.8,471761
2021-05-26 10:29:20,3134.8,471776
2021-05-26 10:29:21,3134.6,471826
2021-05-26 10:29:22,3134.8,471933
2021-05-26 10:29:23,3134.8,471933
2021-05-26 10:29:24,3134.8,471970
2021-05-26 10:29:25,3134.95,472006
2021-05-26 10:29:26,3134.6,472052
2021-05-26 10:29:26,3134.6,472052
2021-05-26 10:29:28,3134.4,472140
2021-05-26 10:29:29,3134.5,472196
2021-05-26 10:29:30,3134.95,472253
2021-05-26 10:29:31,3134.45,472557
2021-05-26 10:29:32,3134.5,472590
2021-05-26 10:29:33,3134.45,472734
2021-05-26 10:29:34,3134.45,472734
2021-05-26 10:29:35,3134.45,472734
2021-05-26 10:29:36,3134.85,472760
2021-05-26 10:29:37,3134.85,472765
2021-05-26 10:29:37,3134.85,472766
2021-05-26 10:29:38,3134.85,472821
2021-05-26 10:29:40,3134.9,472861
2021-05-26 10:29:41,3134.9,472861
2021-05-26 10:29:42,3134.9,472861
2021-05-26 10:29:43,3134.9,472861
2021-05-26 10:29:43,3134.9,472861
2021-05-26 10:29:45,3134.8,472871
2021-05-26 10:29:46,3134.8,472871
2021-05-26 10:29:47,3134.8,472872
2021-05-26 10:29:48,3134.8,472872
2021-05-26 10:29:49,3134.65,472873
2021-05-26 10:29:50,3134.7,472972
2021-05-26 10:29:51,3134.65,472987
2021-05-26 10:29:51,3134.65,472987
2021-05-26 10:29:53,3134.45,473539
2021-05-26 10:29:54,3134.95,473575
2021-05-26 10:29:55,3134.95,473575
2021-05-26 10:29:56,3134.9,473586
2021-05-26 10:29:58,3134.9,473599
2021-05-26 10:29:59,3134.9,473680
2021-05-26 10:30:00,3134.9,473754
2021-05-26 10:30:01,3134.9,473980
2021-05-26 10:30:02,3134.95,473987
2021-05-26 10:30:03,3134.9,473991
2021-05-26 10:30:04,3135.4,476253
2021-05-26 10:30:05,3134.95,476272
2021-05-26 10:30:06,3135.4,476512
2021-05-26 10:30:07,3135.45,476534
2021-05-26 10:30:08,3135.95,476883
2021-05-26 10:30:09,3135.35,476886
2021-05-26 10:30:10,3135.4,477007
2021-05-26 10:30:11,3135.95,477032
2021-05-26 10:30:12,3135.35,477239
2021-05-26 10:30:13,3135.95,477406
2021-05-26 10:30:14,3136.0,479914
2021-05-26 10:30:15,3135.9,479920
2021-05-26 10:30:16,3135.9,479920
2021-05-26 10:30:17,3136.1,479986
2021-05-26 10:30:18,3136.1,479987
2021-05-26 10:30:19,3136.2,479994
2021-05-26 10:30:20,3135.7,480425
2021-05-26 10:30:21,3135.7,480452
2021-05-26 10:30:22,3135.1,480633
2021-05-26 10:30:23,3135.1,480633
2021-05-26 10:30:24,3136.0,480648
2021-05-26 10:30:25,3136.0,480648
2021-05-26 10:30:26,3136.0,480669
2021-05-26 10:30:27,3136.0,480669
2021-05-26 10:30:28,3135.65,480699
2021-05-26 10:30:29,3135.95,480706
2021-05-26 10:30:30,3135.65,480759
2021-05-26 10:30:31,3136.0,480809
2021-05-26 10:30:33,3136.0,480819
2021-05-26 10:30:34,3136.0,480819
2021-05-26 10:30:36,3136.0,480921
2021-05-26 10:30:37,3136.0,480930
2021-05-26 10:30:38,3135.05,481030
2021-05-26 10:30:39,3136.0,481050
2021-05-26 10:30:40,3136.0,481060
2021-05-26 10:30:41,3136.0,481090
2021-05-26 10:30:42,3136.0,481595
2021-05-26 10:30:43,3135.25,481596
2021-05-26 10:30:44,3135.3,481606
2021-05-26 10:30:45,3136.0,481626
2021-05-26 10:30:46,3135.3,481666
2021-05-26 10:30:47,3135.3,481666
2021-05-26 10:30:48,3135.3,481666
2021-05-26 10:30:49,3136.0,481789
2021-05-26 10:30:50,3136.0,481789
2021-05-26 10:30:52,3136.0,481794
2021-05-26 10:30:53,3135.1,481855
2021-05-26 10:30:54,3135.1,481855
2021-05-26 10:30:55,3135.1,482137
2021-05-26 10:30:56,3135.55,482150
2021-05-26 10:30:57,3136.0,482212
2021-05-26 10:30:58,3136.0,482218
2021-05-26 10:30:59,3136.0,482218
2021-05-26 10:31:00,3135.0,482518
2021-05-26 10:31:01,3135.5,482628
2021-05-26 10:31:02,3135.5,482630
2021-05-26 10:31:03,3134.85,484885
2021-05-26 10:31:04,3134.95,485020
2021-05-26 10:31:05,3134.85,485022
2021-05-26 10:31:06,3134.85,485025
2021-05-26 10:31:07,3134.85,485050
2021-05-26 10:31:08,3134.8,485149
2021-05-26 10:31:09,3134.75,485200
2021-05-26 10:31:10,3134.75,485346
2021-05-26 10:31:11,3134.75,485376
2021-05-26 10:31:12,3134.55,485825
2021-05-26 10:31:13,3134.55,485835
2021-05-26 10:31:14,3134.55,485835
2021-05-26 10:31:15,3134.55,485950
2021-05-26 10:31:16,3134.8,485952
2021-05-26 10:31:18,3134.8,486053
2021-05-26 10:31:19,3134.0,486503
2021-05-26 10:31:20,3134.0,486503
2021-05-26 10:31:21,3134.0,487003
2021-05-26 10:31:22,3134.45,487026
2021-05-26 10:31:23,3134.0,487206
2021-05-26 10:31:24,3134.0,487226
2021-05-26 10:31:25,3134.0,487300
2021-05-26 10:31:26,3133.95,487562
2021-05-26 10:31:27,3133.95,487572
2021-05-26 10:31:28,3134.0,487867
2021-05-26 10:31:29,3134.0,487877
2021-05-26 10:31:30,3134.0,487879
2021-05-26 10:31:31,3134.0,487879
2021-05-26 10:31:32,3134.0,487879
2021-05-26 10:31:33,3134.75,487903
2021-05-26 10:31:36,3133.5,488316
2021-05-26 10:31:37,3134.8,488416
2021-05-26 10:31:38,3134.8,488416
2021-05-26 10:31:39,3134.0,488417
2021-05-26 10:31:41,3134.0,488417
2021-05-26 10:31:42,3134.75,488419
2021-05-26 10:31:43,3134.85,488520
2021-05-26 10:31:44,3133.65,489230
2021-05-26 10:31:45,3134.0,489285
2021-05-26 10:31:47,3134.85,489341
2021-05-26 10:31:48,3134.85,489364
2021-05-26 10:31:49,3133.6,489449
2021-05-26 10:31:50,3134.85,489762
2021-05-26 10:31:51,3134.85,489763
2021-05-26 10:31:52,3133.65,489919
2021-05-26 10:31:53,3133.65,490026
2021-05-26 10:31:54,3134.75,490050
2021-05-26 10:31:55,3133.6,490054
2021-05-26 10:31:56,3133.7,490064
2021-05-26 10:31:58,3134.75,490257
2021-05-26 10:31:57,3134.75,490257
2021-05-26 10:31:59,3133.55,490586
2021-05-26 10:32:00,3133.7,490987
2021-05-26 10:32:01,3133.8,491002
2021-05-26 10:32:02,3133.8,491006
2021-05-26 10:32:03,3133.8,491006
2021-05-26 10:32:04,3133.8,491006
2021-05-26 10:32:06,3133.65,491279
2021-05-26 10:32:07,3133.65,491296
2021-05-26 10:32:08,3133.8,491347
2021-05-26 10:32:09,3133.7,491353
2021-05-26 10:32:10,3133.7,491399
2021-05-26 10:32:11,3133.7,491416
2021-05-26 10:32:12,3133.7,491432
2021-05-26 10:32:13,3133.7,491501
2021-05-26 10:32:14,3133.7,491555
2021-05-26 10:32:15,3133.7,491555
2021-05-26 10:32:16,3133.7,491594
2021-05-26 10:32:17,3133.65,491830
2021-05-26 10:32:18,3133.75,491886
2021-05-26 10:32:19,3133.65,492179
2021-05-26 10:32:20,3133.65,493237
2021-05-26 10:32:21,3132.5,493674
2021-05-26 10:32:23,3133.0,493699
2021-05-26 10:32:23,3133.0,493699
2021-05-26 10:32:24,3133.0,493713
2021-05-26 10:32:25,3133.0,493733
2021-05-26 10:32:26,3132.6,493763
2021-05-26 10:32:28,3133.05,493819
2021-05-26 10:32:30,3132.1,495063
2021-05-26 10:32:31,3132.1,495166
2021-05-26 10:32:32,3131.45,495278
2021-05-26 10:32:33,3132.9,495378
2021-05-26 10:32:34,3132.0,495400
2021-05-26 10:32:35,3132.0,495463
2021-05-26 10:32:36,3132.55,495726
2021-05-26 10:32:37,3132.0,495758
2021-05-26 10:32:38,3132.0,495815
2021-05-26 10:32:39,3131.2,495851
2021-05-26 10:32:40,3132.0,495996
2021-05-26 10:32:42,3131.2,496206
2021-05-26 10:32:43,3132.0,496338
2021-05-26 10:32:44,3132.8,496669
2021-05-26 10:32:45,3131.2,496869
2021-05-26 10:32:46,3132.8,497133
2021-05-26 10:32:47,3132.8,497133
2021-05-26 10:32:48,3132.75,497151
2021-05-26 10:32:49,3132.65,497161
2021-05-26 10:32:51,3132.7,497162
2021-05-26 10:32:52,3132.75,497169
2021-05-26 10:32:52,3132.75,497169
2021-05-26 10:32:53,3132.75,497209
2021-05-26 10:32:54,3132.7,497271
2021-05-26 10:32:56,3132.8,499507
2021-05-26 10:32:57,3133.0,499664
2021-05-26 10:32:58,3132.85,499779
2021-05-26 10:32:59,3131.65,499799
2021-05-26 10:33:00,3131.65,499804
2021-05-26 10:33:01,3131.65,499804
2021-05-26 10:33:02,3133.2,500014
2021-05-26 10:33:03,3133.95,501083
2021-05-26 10:33:05,3134.7,501630
2021-05-26 10:33:06,3134.7,501634
2021-05-26 10:33:07,3133.95,501684
2021-05-26 10:33:08,3133.95,501684
2021-05-26 10:33:09,3133.95,501684
2021-05-26 10:33:10,3133.95,501687
2021-05-26 10:33:11,3133.95,501698
2021-05-26 10:33:12,3133.95,501698
2021-05-26 10:33:14,3133.95,501709
2021-05-26 10:33:13,3133.95,501698
2021-05-26 10:33:15,3133.95,501709
2021-05-26 10:33:16,3133.95,501721
2021-05-26 10:33:17,3133.95,501771
2021-05-26 10:33:19,3134.0,501785
2021-05-26 10:33:20,3134.0,501790
2021-05-26 10:33:21,3134.0,501890
2021-05-26 10:33:22,3134.0,501969
2021-05-26 10:33:24,3134.4,502993
2021-05-26 10:33:25,3134.4,503078
2021-05-26 10:33:26,3134.4,503091
2021-05-26 10:33:27,3135.4,503093
2021-05-26 10:33:28,3135.35,503094
2021-05-26 10:33:31,3135.0,503116
2021-05-26 10:33:31,3135.0,503116
2021-05-26 10:33:33,3135.35,503118
2021-05-26 10:33:33,3135.35,503118
2021-05-26 10:33:34,3135.0,503172
2021-05-26 10:33:35,3134.95,503203
2021-05-26 10:33:36,3134.95,503203
2021-05-26 10:33:37,3135.35,503205
2021-05-26 10:33:38,3135.35,503239
2021-05-26 10:33:40,3135.0,503247
2021-05-26 10:33:41,3135.0,503274
2021-05-26 10:33:42,3135.0,503274
2021-05-26 10:33:43,3135.3,503275
2021-05-26 10:33:44,3135.0,503308
2021-05-26 10:33:45,3135.35,503309
2021-05-26 10:33:47,3135.0,503331
2021-05-26 10:33:48,3135.0,503388
2021-05-26 10:33:49,3135.0,503388
2021-05-26 10:33:50,3135.0,503398
2021-05-26 10:33:51,3135.3,503424
2021-05-26 10:33:52,3135.3,503435
2021-05-26 10:33:54,3135.0,503477
2021-05-26 10:33:56,3135.0,503818
2021-05-26 10:33:57,3135.3,503918
2021-05-26 10:33:58,3135.3,503940
2021-05-26 10:33:59,3135.3,503941
2021-05-26 10:34:00,3135.3,503941
2021-05-26 10:34:01,3135.3,503949
2021-05-26 10:34:03,3136.0,504293
2021-05-26 10:34:03,3135.5,504251
2021-05-26 10:34:04,3135.0,504299
2021-05-26 10:34:05,3135.95,504308
2021-05-26 10:34:06,3135.3,504311
2021-05-26 10:34:07,3135.0,504702
2021-05-26 10:34:09,3135.0,504894
2021-05-26 10:34:10,3135.0,504944
2021-05-26 10:34:11,3134.65,505044
2021-05-26 10:34:12,3134.65,505075
2021-05-26 10:34:13,3135.0,506175
2021-05-26 10:34:14,3135.0,506180
2021-05-26 10:34:15,3135.0,506180
2021-05-26 10:34:16,3134.65,506186
2021-05-26 10:34:17,3134.65,506211
2021-05-26 10:34:18,3134.65,506211
2021-05-26 10:34:19,3134.65,506211
2021-05-26 10:34:20,3134.65,506211
2021-05-26 10:34:21,3135.0,506273
2021-05-26 10:34:22,3135.0,506373
2021-05-26 10:34:23,3134.65,506385
2021-05-26 10:34:24,3134.65,506425
2021-05-26 10:34:25,3135.0,506506
