timestamp,ltp,volume
2021-05-26 09:31:54,996.5,149636
2021-05-26 09:32:00,996.0,149703
2021-05-26 09:32:05,996.4,150899
2021-05-26 09:32:10,996.4,151180
2021-05-26 09:32:16,996.0,151314
2021-05-26 09:32:21,996.5,152177
2021-05-26 09:32:27,996.5,152333
2021-05-26 09:32:32,997.0,152415
2021-05-26 09:32:37,997.0,152447
2021-05-26 09:32:43,997.0,152475
2021-05-26 09:32:48,997.0,154172
2021-05-26 09:32:53,996.6,156810
2021-05-26 09:32:59,996.4,158597
2021-05-26 09:33:04,996.4,159986
2021-05-26 09:33:09,996.05,160057
2021-05-26 09:33:14,996.0,160201
2021-05-26 09:33:19,996.0,160913
2021-05-26 09:33:24,996.0,161001
2021-05-26 09:33:29,996.0,161011
2021-05-26 09:33:34,996.0,161351
2021-05-26 09:33:39,996.0,161364
2021-05-26 09:33:44,996.0,161364
2021-05-26 09:33:50,996.4,161416
2021-05-26 09:33:55,996.4,161426
2021-05-26 09:34:00,996.0,161466
2021-05-26 09:34:05,996.0,163128
2021-05-26 09:34:10,997.0,163279
2021-05-26 09:34:15,996.75,163954
2021-05-26 09:34:20,996.75,163954
2021-05-26 09:34:25,996.25,164004
2021-05-26 09:34:31,996.65,164068
2021-05-26 09:34:36,996.75,164090
2021-05-26 09:34:41,996.25,164091
2021-05-26 09:34:46,996.6,164100
2021-05-26 09:34:51,996.6,164100
2021-05-26 09:35:01,996.6,164340
2021-05-26 09:35:07,996.25,164418
2021-05-26 09:35:12,996.25,164518
2021-05-26 09:35:17,996.25,164544
2021-05-26 09:35:22,996.5,164549
2021-05-26 09:35:27,996.5,165110
2021-05-26 09:35:32,996.6,165202
2021-05-26 09:35:37,996.6,165311
2021-05-26 09:35:42,996.3,166331
2021-05-26 09:35:47,996.2,166454
2021-05-26 09:35:52,995.7,169743
2021-05-26 09:35:57,996.55,170542
2021-05-26 09:36:02,996.25,170597
2021-05-26 09:36:08,996.95,173190
2021-05-26 09:36:13,997.4,173243
2021-05-26 09:36:19,997.35,173419
2021-05-26 09:36:24,997.35,173733
2021-05-26 09:36:29,997.35,173733
2021-05-26 09:36:35,997.35,173849
2021-05-26 09:36:40,996.95,173932
2021-05-26 09:36:45,996.95,174101
2021-05-26 09:36:51,997.0,174417
2021-05-26 09:36:56,997.0,174626
2021-05-26 09:37:01,997.0,174766
2021-05-26 09:37:07,997.3,174891
2021-05-26 09:37:12,997.0,174918
2021-05-26 09:37:17,997.25,174927
2021-05-26 09:37:22,996.25,176925
2021-05-26 09:37:27,996.05,177054
2021-05-26 09:37:33,996.0,177065
2021-05-26 09:37:38,996.0,177085
2021-05-26 09:37:43,996.25,177168
2021-05-26 09:37:48,996.95,177549
2021-05-26 09:37:53,996.95,177558
2021-05-26 09:37:58,996.45,177678
2021-05-26 09:38:02,996.45,177811
2021-05-26 09:38:07,996.45,177811
2021-05-26 09:38:12,996.9,177816
2021-05-26 09:38:17,996.9,177816
2021-05-26 09:38:22,996.85,177820
2021-05-26 09:38:27,996.5,177930
2021-05-26 09:38:32,996.5,177943
2021-05-26 09:38:37,996.5,178417
2021-05-26 09:38:42,996.25,178608
2021-05-26 09:38:47,996.25,178608
2021-05-26 09:38:53,996.25,178708
2021-05-26 09:38:58,996.6,178918
2021-05-26 09:39:03,996.15,179028
2021-05-26 09:39:08,996.5,179030
2021-05-26 09:39:13,996.15,179240
2021-05-26 09:39:19,996.15,179372
2021-05-26 09:39:23,996.5,179449
2021-05-26 09:39:28,996.15,179463
2021-05-26 09:39:33,996.1,181299
2021-05-26 09:39:38,995.3,181775
2021-05-26 09:39:44,995.25,181949
2021-05-26 09:39:49,995.2,181991
2021-05-26 09:39:54,995.2,182002
2021-05-26 09:39:59,995.8,182003
2021-05-26 09:40:04,995.2,182010
2021-05-26 09:40:09,995.75,182210
2021-05-26 09:40:14,996.15,183117
2021-05-26 09:40:19,996.1,183126
2021-05-26 09:40:25,995.45,183284
2021-05-26 09:40:30,995.85,183384
2021-05-26 09:40:35,995.45,183534
2021-05-26 09:40:39,995.45,183534
2021-05-26 09:40:44,995.45,183543
2021-05-26 09:40:49,995.5,183575
2021-05-26 09:40:54,995.5,183605
2021-05-26 09:40:59,995.5,183605
2021-05-26 09:41:04,995.5,183605
2021-05-26 09:41:08,996.0,183696
2021-05-26 09:41:13,996.0,183991
2021-05-26 09:41:18,996.0,183991
2021-05-26 09:41:23,995.5,184020
2021-05-26 09:41:27,996.0,184055
2021-05-26 09:41:32,996.0,184208
2021-05-26 09:41:37,996.0,184217
2021-05-26 09:41:42,995.95,184318
2021-05-26 09:41:46,995.95,184336
2021-05-26 09:41:51,995.85,184464
2021-05-26 09:41:55,996.15,185190
2021-05-26 09:42:00,995.95,185837
2021-05-26 09:42:05,996.0,185902
2021-05-26 09:42:10,996.0,185902
2021-05-26 09:42:14,995.85,186156
2021-05-26 09:42:23,995.45,186559
2021-05-26 09:42:28,995.45,186559
2021-05-26 09:42:32,995.75,186599
2021-05-26 09:42:37,995.75,186599
2021-05-26 09:42:42,995.9,186822
2021-05-26 09:42:52,995.75,186864
2021-05-26 09:42:56,995.5,186885
2021-05-26 09:43:01,995.5,187090
2021-05-26 09:43:05,995.45,187092
2021-05-26 09:43:10,995.95,187204
2021-05-26 09:43:16,995.45,187305
2021-05-26 09:43:20,996.0,187313
2021-05-26 09:43:30,995.45,187466
2021-05-26 09:43:35,995.55,187491
2021-05-26 09:43:39,996.0,187561
2021-05-26 09:43:44,995.55,187567
2021-05-26 09:43:48,995.55,187569
2021-05-26 09:43:53,996.0,187640
2021-05-26 09:43:57,996.0,187738
2021-05-26 09:44:02,996.25,187782
2021-05-26 09:44:07,996.25,187836
2021-05-26 09:44:12,996.25,187909
2021-05-26 09:44:16,996.25,187948
2021-05-26 09:44:21,996.25,187951
2021-05-26 09:44:26,996.25,187951
2021-05-26 09:44:31,996.25,188002
2021-05-26 09:44:36,996.25,188002
2021-05-26 09:44:40,996.0,188052
2021-05-26 09:44:45,996.25,188072
2021-05-26 09:44:50,995.75,188191
2021-05-26 09:44:54,996.2,188203
2021-05-26 09:44:59,996.2,188203
2021-05-26 09:45:04,995.65,188353
2021-05-26 09:45:09,995.65,188353
2021-05-26 09:45:15,995.65,188353
2021-05-26 09:45:20,995.65,188353
2021-05-26 09:45:25,995.75,188360
2021-05-26 09:45:29,995.75,188406
2021-05-26 09:45:35,995.75,188406
2021-05-26 09:45:40,995.65,188528
2021-05-26 09:45:45,996.0,188538
2021-05-26 09:45:50,996.0,188538
2021-05-26 09:45:54,996.0,188538
2021-05-26 09:45:59,996.0,188914
2021-05-26 09:46:03,996.15,189178
2021-05-26 09:46:08,996.25,189187
2021-05-26 09:46:12,996.5,189768
2021-05-26 09:46:17,996.2,189868
2021-05-26 09:46:22,995.95,189900
2021-05-26 09:46:27,995.95,189913
2021-05-26 09:46:32,995.95,189913
2021-05-26 09:46:37,996.0,189966
2021-05-26 09:46:42,996.5,190005
2021-05-26 09:46:47,996.5,190040
2021-05-26 09:46:52,996.5,190040
2021-05-26 09:46:57,995.9,190090
2021-05-26 09:47:01,996.5,190125
2021-05-26 09:47:11,996.5,190173
2021-05-26 09:47:15,996.5,190423
2021-05-26 09:47:20,996.5,190759
2021-05-26 09:47:24,996.5,190759
2021-05-26 09:47:29,996.7,190823
2021-05-26 09:47:34,996.15,191148
2021-05-26 09:47:39,996.7,191303
2021-05-26 09:47:43,996.7,191355
2021-05-26 09:47:52,996.35,191507
2021-05-26 09:47:57,997.0,192350
2021-05-26 09:48:02,996.55,192927
2021-05-26 09:48:06,997.15,193198
2021-05-26 09:48:10,997.25,193203
2021-05-26 09:48:14,997.0,193221
2021-05-26 09:48:18,997.0,193248
2021-05-26 09:48:23,996.7,193265
2021-05-26 09:48:28,996.7,193265
2021-05-26 09:48:32,997.15,193669
2021-05-26 09:48:36,997.2,194262
2021-05-26 09:48:40,996.6,194331
2021-05-26 09:48:45,996.7,194378
2021-05-26 09:48:50,996.5,194393
2021-05-26 09:48:55,996.7,194403
2021-05-26 09:48:59,996.5,194542
2021-05-26 09:49:03,997.0,194587
2021-05-26 09:49:07,996.6,194698
2021-05-26 09:49:12,996.95,194893
2021-05-26 09:49:16,996.5,194903
2021-05-26 09:49:20,996.95,194961
2021-05-26 09:49:25,997.0,195086
2021-05-26 09:49:29,996.95,195116
2021-05-26 09:49:34,996.65,195160
2021-05-26 09:49:38,996.65,195410
2021-05-26 09:49:42,996.65,195410
2021-05-26 09:49:47,996.95,196572
2021-05-26 09:49:51,996.5,197769
2021-05-26 09:49:55,996.55,198090
2021-05-26 09:49:59,996.85,198235
2021-05-26 09:50:03,996.9,198408
2021-05-26 09:50:07,996.9,198464
2021-05-26 09:50:12,996.5,198493
2021-05-26 09:50:16,996.95,198563
2021-05-26 09:50:21,996.45,198618
2021-05-26 09:50:26,996.5,199435
2021-05-26 09:50:30,996.5,199716
2021-05-26 09:50:35,996.45,199776
2021-05-26 09:50:39,997.0,199849
2021-05-26 09:50:44,996.55,199863
2021-05-26 09:50:48,996.8,200064
2021-05-26 09:50:52,996.85,200128
2021-05-26 09:50:56,996.85,200128
2021-05-26 09:51:00,997.3,200163
2021-05-26 09:51:05,997.35,200173
2021-05-26 09:51:09,997.3,200218
2021-05-26 09:51:14,997.35,200381
2021-05-26 09:51:18,997.5,200392
2021-05-26 09:51:23,997.3,200399
2021-05-26 09:51:27,997.35,200701
2021-05-26 09:51:35,997.9,202612
2021-05-26 09:51:40,997.9,202884
2021-05-26 09:51:44,997.6,202889
2021-05-26 09:51:48,997.6,202889
2021-05-26 09:51:53,997.9,203341
2021-05-26 09:51:57,997.35,203600
2021-05-26 09:52:01,997.45,204167
2021-05-26 09:52:06,997.5,205165
2021-05-26 09:52:10,997.5,205420
2021-05-26 09:52:15,997.9,205447
2021-05-26 09:52:20,997.9,205617
2021-05-26 09:52:28,997.9,205829
2021-05-26 09:52:32,997.55,205905
2021-05-26 09:52:37,997.7,207496
2021-05-26 09:52:41,997.7,207496
2021-05-26 09:52:45,998.0,207620
2021-05-26 09:52:49,997.95,207650
2021-05-26 09:52:54,997.5,208214
2021-05-26 09:52:58,997.9,208229
2021-05-26 09:53:03,997.85,208281
2021-05-26 09:53:08,997.85,208382
2021-05-26 09:53:12,997.5,208512
2021-05-26 09:53:17,997.9,208528
2021-05-26 09:53:26,996.35,211113
2021-05-26 09:53:30,996.35,211113
2021-05-26 09:53:35,996.95,211128
2021-05-26 09:53:40,996.95,211128
2021-05-26 09:53:44,996.65,211581
2021-05-26 09:53:48,996.65,211662
2021-05-26 09:53:52,996.0,212918
2021-05-26 09:53:56,996.6,213511
2021-05-26 09:54:01,996.6,213516
2021-05-26 09:54:05,996.65,213574
2021-05-26 09:54:10,997.0,213576
2021-05-26 09:54:15,997.2,213634
2021-05-26 09:54:19,996.65,213635
2021-05-26 09:54:24,996.95,213801
2021-05-26 09:54:28,996.35,214059
2021-05-26 09:54:33,996.35,214070
2021-05-26 09:54:37,996.35,214070
2021-05-26 09:54:41,997.0,214075
2021-05-26 09:54:46,996.6,214076
2021-05-26 09:54:50,996.6,214096
2021-05-26 09:54:54,996.6,214104
2021-05-26 09:54:58,997.0,224869
2021-05-26 09:55:07,997.75,225809
2021-05-26 09:55:11,997.75,225830
2021-05-26 09:55:15,997.35,225946
2021-05-26 09:55:20,997.75,226296
2021-05-26 09:55:24,997.8,226347
2021-05-26 09:55:28,997.9,227737
2021-05-26 09:55:32,997.25,229124
2021-05-26 09:55:36,997.6,230763
2021-05-26 09:55:40,997.05,231436
2021-05-26 09:55:45,996.85,231558
2021-05-26 09:55:49,996.9,231790
2021-05-26 09:55:53,997.4,231917
2021-05-26 09:55:57,997.45,232044
2021-05-26 09:56:01,997.0,232119
2021-05-26 09:56:06,997.05,232600
2021-05-26 09:56:10,996.65,233430
2021-05-26 09:56:14,996.7,233747
2021-05-26 09:56:18,996.7,233747
2021-05-26 09:56:22,996.7,233813
2021-05-26 09:56:23,996.7,233813
2021-05-26 09:56:24,996.7,233813
2021-05-26 09:56:25,996.7,233813
2021-05-26 09:56:25,996.7,233813
2021-05-26 09:56:26,996.7,233816
2021-05-26 09:56:27,996.7,233816
2021-05-26 09:56:28,997.0,233828
2021-05-26 09:56:29,997.0,233828
2021-05-26 09:56:30,997.0,233828
2021-05-26 09:56:31,996.7,233843
2021-05-26 09:56:33,996.7,234364
2021-05-26 09:56:34,996.7,234373
2021-05-26 09:56:36,996.7,234405
2021-05-26 09:56:36,996.7,234405
2021-05-26 09:56:37,996.7,234497
2021-05-26 09:56:38,996.65,234502
2021-05-26 09:56:39,996.65,234507
2021-05-26 09:56:41,996.65,234507
2021-05-26 09:56:42,996.65,234522
2021-05-26 09:56:43,996.65,234522
2021-05-26 09:56:44,996.65,234522
2021-05-26 09:56:45,996.65,234586
2021-05-26 09:56:46,996.65,234586
2021-05-26 09:56:47,996.65,234586
2021-05-26 09:56:48,996.65,234586
2021-05-26 09:56:49,996.65,234586
2021-05-26 09:56:50,996.65,234586
2021-05-26 09:56:51,996.65,234586
2021-05-26 09:56:52,997.0,234786
2021-05-26 09:56:53,996.6,234789
2021-05-26 09:56:54,996.65,234796
2021-05-26 09:56:55,996.65,234796
2021-05-26 09:56:56,996.65,234796
2021-05-26 09:56:57,996.65,234796
2021-05-26 09:57:00,997.0,234938
2021-05-26 09:57:01,997.0,234938
2021-05-26 09:57:02,997.0,234938
2021-05-26 09:57:03,996.65,234948
2021-05-26 09:57:04,996.65,234949
2021-05-26 09:57:06,997.0,235283
2021-05-26 09:57:06,997.0,235617
2021-05-26 09:57:07,997.0,235617
2021-05-26 09:57:08,996.75,235637
2021-05-26 09:57:09,996.75,235664
2021-05-26 09:57:10,996.75,235664
2021-05-26 09:57:11,996.75,235664
2021-05-26 09:57:13,996.75,235664
2021-05-26 09:57:14,996.75,235664
2021-05-26 09:57:15,997.0,235764
2021-05-26 09:57:16,997.0,235764
2021-05-26 09:57:17,996.65,235880
2021-05-26 09:57:18,996.7,235881
2021-05-26 09:57:19,996.7,235881
2021-05-26 09:57:20,996.7,235881
2021-05-26 09:57:21,996.7,235881
2021-05-26 09:57:22,996.7,235976
2021-05-26 09:57:23,996.95,235984
2021-05-26 09:57:24,996.45,236084
2021-05-26 09:57:27,996.45,236084
2021-05-26 09:57:28,996.45,236084
2021-05-26 09:57:29,996.45,236084
2021-05-26 09:57:30,996.45,236084
2021-05-26 09:57:31,997.0,236123
2021-05-26 09:57:32,997.0,236123
2021-05-26 09:57:33,997.0,236123
2021-05-26 09:57:34,997.0,236123
2021-05-26 09:57:35,997.0,236123
2021-05-26 09:57:36,997.0,236123
2021-05-26 09:57:37,997.0,236123
2021-05-26 09:57:38,997.0,236123
2021-05-26 09:57:39,997.0,236123
2021-05-26 09:57:40,997.0,236123
2021-05-26 09:57:41,997.0,236123
2021-05-26 09:57:42,996.7,236187
2021-05-26 09:57:42,996.7,236187
2021-05-26 09:57:43,996.95,236228
2021-05-26 09:57:44,996.95,236328
2021-05-26 09:57:46,996.95,236328
2021-05-26 09:57:47,996.95,236328
2021-05-26 09:57:48,996.95,236328
2021-05-26 09:57:49,996.95,236328
2021-05-26 09:57:49,996.95,236328
2021-05-26 09:57:50,996.95,236328
2021-05-26 09:57:52,996.8,236422
2021-05-26 09:57:53,996.95,236547
2021-05-26 09:57:53,996.95,236547
2021-05-26 09:57:55,996.95,236547
2021-05-26 09:57:56,996.95,236547
2021-05-26 09:57:57,996.8,236548
2021-05-26 09:57:58,996.8,236548
2021-05-26 09:57:59,996.3,236550
2021-05-26 09:58:00,996.3,236550
2021-05-26 09:58:01,996.3,236550
2021-05-26 09:58:02,996.3,236550
2021-05-26 09:58:03,996.3,236550
2021-05-26 09:58:03,996.3,236550
2021-05-26 09:58:05,996.3,236550
2021-05-26 09:58:06,996.3,236575
2021-05-26 09:58:07,996.3,236575
2021-05-26 09:58:08,996.3,236575
2021-05-26 09:58:09,996.3,236575
2021-05-26 09:58:09,996.3,236575
2021-05-26 09:58:11,996.3,236575
2021-05-26 09:58:11,996.3,236577
2021-05-26 09:58:12,996.3,236577
2021-05-26 09:58:13,996.3,236577
2021-05-26 09:58:15,996.3,236577
2021-05-26 09:58:16,996.3,236577
2021-05-26 09:58:17,996.3,236577
2021-05-26 09:58:19,996.55,236579
2021-05-26 09:58:18,996.55,236579
2021-05-26 09:58:20,996.55,236582
2021-05-26 09:58:21,996.55,236604
2021-05-26 09:58:22,996.35,236645
2021-05-26 09:58:23,996.6,236693
2021-05-26 09:58:24,996.6,236693
2021-05-26 09:58:25,996.35,236720
2021-05-26 09:58:26,996.35,236720
2021-05-26 09:58:27,996.35,236720
2021-05-26 09:58:28,996.35,236720
2021-05-26 09:58:30,996.3,236859
2021-05-26 09:58:31,996.3,236859
2021-05-26 09:58:32,996.3,236859
2021-05-26 09:58:33,996.3,236859
2021-05-26 09:58:35,996.3,236859
2021-05-26 09:58:36,996.3,236859
2021-05-26 09:58:37,996.3,236859
2021-05-26 09:58:38,996.3,236859
2021-05-26 09:58:40,996.3,236864
2021-05-26 09:58:39,996.3,236864
2021-05-26 09:58:41,996.3,236864
2021-05-26 09:58:42,996.3,236864
2021-05-26 09:58:43,996.3,236864
2021-05-26 09:58:44,996.3,236894
2021-05-26 09:58:45,996.3,236894
2021-05-26 09:58:46,996.3,236894
2021-05-26 09:58:47,996.3,236904
2021-05-26 09:58:48,996.3,236904
2021-05-26 09:58:50,996.3,236904
2021-05-26 09:58:51,996.5,236913
2021-05-26 09:58:52,996.5,236913
2021-05-26 09:58:53,996.3,236933
2021-05-26 09:58:54,996.5,237038
2021-05-26 09:58:55,996.5,237038
2021-05-26 09:58:56,996.8,238263
2021-05-26 09:58:57,996.8,238263
2021-05-26 09:58:58,996.3,238267
2021-05-26 09:58:59,996.3,238267
2021-05-26 09:59:01,996.3,238267
2021-05-26 09:59:00,996.3,238267
2021-05-26 09:59:02,996.3,238267
2021-05-26 09:59:03,996.3,238267
2021-05-26 09:59:04,996.3,238267
2021-05-26 09:59:07,996.4,238277
2021-05-26 09:59:08,996.4,238277
2021-05-26 09:59:09,996.4,238277
2021-05-26 09:59:10,996.4,238277
2021-05-26 09:59:12,996.4,238277
2021-05-26 09:59:11,996.4,238277
2021-05-26 09:59:14,996.75,238285
2021-05-26 09:59:16,996.9,238400
2021-05-26 09:59:17,996.6,238450
2021-05-26 09:59:18,996.6,238451
2021-05-26 09:59:19,996.6,238451
2021-05-26 09:59:20,996.6,238451
2021-05-26 09:59:21,996.6,238560
2021-05-26 09:59:22,996.6,238560
2021-05-26 09:59:23,996.9,238568
2021-05-26 09:59:24,996.9,238610
2021-05-26 09:59:25,996.9,238610
2021-05-26 09:59:26,996.9,238610
2021-05-26 09:59:27,996.6,238660
2021-05-26 09:59:28,996.6,238660
2021-05-26 09:59:30,996.6,238660
2021-05-26 09:59:31,996.55,238735
2021-05-26 09:59:32,996.7,238738
2021-05-26 09:59:33,996.7,238738
2021-05-26 09:59:34,996.7,238738
2021-05-26 09:59:35,996.7,238738
2021-05-26 09:59:36,996.7,238738
2021-05-26 09:59:37,996.7,238738
2021-05-26 09:59:38,996.7,238738
2021-05-26 09:59:39,996.7,238738
2021-05-26 09:59:40,996.7,238738
2021-05-26 09:59:41,996.7,238745
2021-05-26 09:59:42,996.7,238745
2021-05-26 09:59:43,996.9,238981
2021-05-26 09:59:44,996.9,238982
2021-05-26 09:59:45,996.9,239092
2021-05-26 09:59:46,996.9,239094
2021-05-26 09:59:49,996.9,239094
2021-05-26 09:59:50,996.9,239094
2021-05-26 09:59:51,996.9,239094
2021-05-26 09:59:52,996.9,239094
2021-05-26 09:59:53,996.9,239095
2021-05-26 09:59:54,996.9,239095
2021-05-26 09:59:55,996.9,239095
2021-05-26 09:59:56,996.9,239095
2021-05-26 09:59:57,996.75,239153
2021-05-26 09:59:58,996.75,239153
2021-05-26 09:59:59,996.75,239153
2021-05-26 10:00:00,997.0,239323
2021-05-26 10:00:02,997.0,239323
2021-05-26 10:00:03,997.0,239323
2021-05-26 10:00:04,997.0,239323
2021-05-26 10:00:05,997.0,239436
2021-05-26 10:00:06,997.0,239436
2021-05-26 10:00:07,997.0,239436
2021-05-26 10:00:08,996.75,239437
2021-05-26 10:00:09,996.75,239727
2021-05-26 10:00:10,996.75,239727
2021-05-26 10:00:11,996.75,239727
2021-05-26 10:00:12,996.75,239727
2021-05-26 10:00:13,996.75,239727
2021-05-26 10:00:14,996.75,239727
2021-05-26 10:00:15,996.75,239727
2021-05-26 10:00:16,996.75,239727
2021-05-26 10:00:17,996.75,239727
2021-05-26 10:00:18,996.95,240396
2021-05-26 10:00:19,996.95,240396
2021-05-26 10:00:20,997.45,240497
2021-05-26 10:00:21,997.45,240497
2021-05-26 10:00:22,997.45,240497
2021-05-26 10:00:23,997.45,240497
2021-05-26 10:00:26,997.45,240547
2021-05-26 10:00:26,997.45,240547
2021-05-26 10:00:27,997.05,240555
2021-05-26 10:00:28,997.25,240556
2021-05-26 10:00:29,997.25,240556
2021-05-26 10:00:31,997.25,240556
2021-05-26 10:00:32,997.15,240566
2021-05-26 10:00:34,997.15,240566
2021-05-26 10:00:35,997.15,240566
2021-05-26 10:00:36,997.2,240568
2021-05-26 10:00:37,997.25,240616
2021-05-26 10:00:38,997.25,240616
2021-05-26 10:00:39,997.15,240736
2021-05-26 10:00:40,997.15,240867
2021-05-26 10:00:41,997.2,240880
2021-05-26 10:00:42,997.2,240880
2021-05-26 10:00:43,997.2,240880
2021-05-26 10:00:44,997.05,241042
2021-05-26 10:00:45,997.2,241043
2021-05-26 10:00:46,997.5,241543
2021-05-26 10:00:47,997.5,241543
2021-05-26 10:00:48,997.5,241543
2021-05-26 10:00:49,997.5,241543
2021-05-26 10:00:51,997.5,241543
2021-05-26 10:00:53,997.5,241548
2021-05-26 10:00:53,997.5,241548
2021-05-26 10:00:55,997.15,241585
2021-05-26 10:00:55,997.15,241585
2021-05-26 10:00:56,997.15,241585
2021-05-26 10:00:57,997.15,241585
2021-05-26 10:00:58,997.15,241585
2021-05-26 10:00:59,997.15,241585
2021-05-26 10:01:00,997.15,241615
2021-05-26 10:01:01,997.15,241615
2021-05-26 10:01:02,997.7,241716
2021-05-26 10:01:03,997.7,241716
2021-05-26 10:01:04,997.7,241716
2021-05-26 10:01:05,997.8,241723
2021-05-26 10:01:06,997.8,241727
2021-05-26 10:01:07,997.8,241727
2021-05-26 10:01:08,997.8,241727
2021-05-26 10:01:09,997.4,241891
2021-05-26 10:01:10,997.4,241891
2021-05-26 10:01:11,997.4,241891
2021-05-26 10:01:12,997.4,241891
2021-05-26 10:01:14,997.75,241892
2021-05-26 10:01:14,997.4,241891
2021-05-26 10:01:15,997.8,241975
2021-05-26 10:01:16,997.8,241983
2021-05-26 10:01:17,997.8,241983
2021-05-26 10:01:19,997.4,241998
2021-05-26 10:01:20,997.4,241998
2021-05-26 10:01:21,997.1,242998
2021-05-26 10:01:22,997.7,243051
2021-05-26 10:01:24,997.7,243051
2021-05-26 10:01:28,997.7,243051
2021-05-26 10:01:32,997.8,243667
2021-05-26 10:01:36,997.45,243767
2021-05-26 10:01:44,997.5,244133
2021-05-26 10:01:48,997.8,244577
2021-05-26 10:01:52,997.9,245294
2021-05-26 10:01:56,997.9,245294
2021-05-26 10:02:01,997.9,245301
2021-05-26 10:02:06,997.9,246212
2021-05-26 10:02:10,997.9,246413
2021-05-26 10:02:14,997.5,246468
2021-05-26 10:02:19,998.05,248363
2021-05-26 10:02:27,997.9,248730
2021-05-26 10:02:31,997.8,248917
2021-05-26 10:02:36,997.9,248948
2021-05-26 10:02:40,998.35,250854
2021-05-26 10:02:44,998.3,250877
2021-05-26 10:02:48,998.3,251027
2021-05-26 10:02:52,998.05,251424
2021-05-26 10:02:56,998.05,251593
2021-05-26 10:03:00,998.1,251898
2021-05-26 10:03:04,998.1,252044
2021-05-26 10:03:08,998.65,252333
2021-05-26 10:03:12,998.95,252964
2021-05-26 10:03:16,998.8,253374
2021-05-26 10:03:21,998.25,253403
2021-05-26 10:03:24,998.25,253572
2021-05-26 10:03:28,998.25,253572
2021-05-26 10:03:32,998.75,254345
2021-05-26 10:03:40,998.25,254663
2021-05-26 10:03:45,998.65,254805
2021-05-26 10:03:49,998.15,254871
2021-05-26 10:03:53,998.75,255371
2021-05-26 10:03:57,998.75,255373
2021-05-26 10:04:01,998.2,255383
2021-05-26 10:04:05,998.45,265253
2021-05-26 10:04:09,998.2,265626
2021-05-26 10:04:13,998.0,269369
2021-05-26 10:04:16,997.75,269990
2021-05-26 10:04:20,998.3,270416
2021-05-26 10:04:24,998.2,270665
2021-05-26 10:04:28,998.0,270766
2021-05-26 10:04:33,998.2,270847
2021-05-26 10:04:37,998.7,270898
2021-05-26 10:04:41,998.45,270933
2021-05-26 10:04:45,998.0,271433
2021-05-26 10:04:49,998.0,271433
2021-05-26 10:04:53,998.7,271558
2021-05-26 10:04:57,998.25,271667
2021-05-26 10:05:01,998.8,271706
2021-05-26 10:05:05,998.8,271844
2021-05-26 10:05:13,998.95,272682
2021-05-26 10:05:17,998.9,273593
2021-05-26 10:05:22,998.65,273685
2021-05-26 10:05:28,999.0,273800
2021-05-26 10:05:32,999.0,279214
2021-05-26 10:05:37,998.65,280399
2021-05-26 10:05:41,999.0,280509
2021-05-26 10:05:45,999.7,296932
2021-05-26 10:05:50,1000.0,299642
2021-05-26 10:05:54,1000.0,300515
2021-05-26 10:05:58,1000.0,300731
2021-05-26 10:06:02,999.75,300945
2021-05-26 10:06:07,999.95,301227
2021-05-26 10:06:11,999.95,301283
2021-05-26 10:06:15,999.95,301483
2021-05-26 10:06:23,999.75,301683
2021-05-26 10:06:25,1000.0,302208
2021-05-26 10:06:26,999.75,302216
2021-05-26 10:06:27,999.75,302216
2021-05-26 10:06:28,999.75,302216
2021-05-26 10:06:29,999.95,302263
2021-05-26 10:06:29,999.95,302263
2021-05-26 10:06:31,1000.0,302763
2021-05-26 10:06:31,1000.0,302763
2021-05-26 10:06:32,1000.0,302773
2021-05-26 10:06:34,1000.0,302773
2021-05-26 10:06:35,999.9,302775
2021-05-26 10:06:36,999.9,302775
2021-05-26 10:06:37,1000.0,302975
2021-05-26 10:06:37,1000.0,302975
2021-05-26 10:06:38,1000.0,303075
2021-05-26 10:06:39,999.9,303112
2021-05-26 10:06:41,999.8,303301
2021-05-26 10:06:42,999.8,303761
2021-05-26 10:06:43,1000.0,304194
2021-05-26 10:06:43,1000.0,304194
2021-05-26 10:06:44,999.8,304217
2021-05-26 10:06:46,1000.0,304242
2021-05-26 10:06:46,1000.0,304242
2021-05-26 10:06:47,1000.0,304547
2021-05-26 10:06:48,1000.0,304601
2021-05-26 10:06:50,1000.0,304601
2021-05-26 10:06:51,999.8,304626
2021-05-26 10:06:52,1000.0,304641
2021-05-26 10:06:53,999.8,304931
2021-05-26 10:06:54,999.8,304931
2021-05-26 10:06:55,1000.0,304946
2021-05-26 10:06:56,1000.8,310611
2021-05-26 10:06:57,1000.75,310776
2021-05-26 10:06:58,1000.25,310987
2021-05-26 10:06:58,1000.25,310987
2021-05-26 10:07:00,1000.7,311089
2021-05-26 10:07:00,1000.7,311089
2021-05-26 10:07:01,1000.7,311089
2021-05-26 10:07:02,1000.7,311097
2021-05-26 10:07:05,1000.3,311119
2021-05-26 10:07:06,1000.3,311154
2021-05-26 10:07:07,1000.75,311156
2021-05-26 10:07:08,1000.75,311160
2021-05-26 10:07:09,1000.5,311180
2021-05-26 10:07:10,1000.5,311190
2021-05-26 10:07:11,1000.75,311197
2021-05-26 10:07:12,1000.75,311225
2021-05-26 10:07:12,1000.75,311225
2021-05-26 10:07:13,1000.85,311310
2021-05-26 10:07:15,1000.5,311557
2021-05-26 10:07:16,1000.5,311557
2021-05-26 10:07:17,1000.5,311657
2021-05-26 10:07:19,1000.5,312360
2021-05-26 10:07:20,1000.5,312363
2021-05-26 10:07:21,1000.75,312364
2021-05-26 10:07:22,1001.0,312950
2021-05-26 10:07:23,1001.0,314011
2021-05-26 10:07:24,1001.0,314164
2021-05-26 10:07:25,1001.0,314214
2021-05-26 10:07:26,1000.5,314224
2021-05-26 10:07:27,1001.0,314362
2021-05-26 10:07:28,1000.9,314374
2021-05-26 10:07:29,1000.9,314374
2021-05-26 10:07:30,1000.95,314424
2021-05-26 10:07:31,1000.95,314424
2021-05-26 10:07:31,1000.95,314425
2021-05-26 10:07:32,1000.95,314425
2021-05-26 10:07:34,1000.95,314492
2021-05-26 10:07:34,1000.95,314503
2021-05-26 10:07:35,1001.0,314552
2021-05-26 10:07:36,1001.0,314552
2021-05-26 10:07:38,1000.95,314820
2021-05-26 10:07:38,1001.0,315111
2021-05-26 10:07:40,1000.95,315512
2021-05-26 10:07:40,1001.0,315513
2021-05-26 10:07:42,1000.95,316081
2021-05-26 10:07:43,1000.85,316157
2021-05-26 10:07:44,1000.95,316455
2021-05-26 10:07:45,1000.7,316580
2021-05-26 10:07:46,1000.8,316732
2021-05-26 10:07:47,1000.75,316932
2021-05-26 10:07:48,1000.75,316962
2021-05-26 10:07:49,1000.85,317162
2021-05-26 10:07:49,1000.85,317212
2021-05-26 10:07:51,1000.85,317212
2021-05-26 10:07:52,1000.85,317212
2021-05-26 10:07:53,1000.85,317212
2021-05-26 10:07:54,1000.65,317232
2021-05-26 10:07:55,1001.3,321465
2021-05-26 10:07:56,1001.1,321568
2021-05-26 10:07:57,1001.3,321570
2021-05-26 10:07:58,1001.0,321620
2021-05-26 10:07:59,1001.0,321620
2021-05-26 10:07:59,1001.1,321970
2021-05-26 10:08:00,1001.1,321970
2021-05-26 10:08:02,1001.1,321970
2021-05-26 10:08:03,1001.1,321970
2021-05-26 10:08:04,1001.0,321972
2021-05-26 10:08:05,1001.45,322173
2021-05-26 10:08:06,1001.0,322203
2021-05-26 10:08:07,1001.0,322253
2021-05-26 10:08:08,1001.0,322286
2021-05-26 10:08:10,1001.1,322331
2021-05-26 10:08:09,1001.0,322286
2021-05-26 10:08:11,1001.0,322506
2021-05-26 10:08:13,1001.0,326780
2021-05-26 10:08:14,1000.5,327448
2021-05-26 10:08:15,1001.0,327516
2021-05-26 10:08:15,1001.0,327516
2021-05-26 10:08:17,1001.3,327948
2021-05-26 10:08:18,1001.0,328429
2021-05-26 10:08:19,1001.4,328554
2021-05-26 10:08:20,1001.4,328554
2021-05-26 10:08:21,1001.4,328556
2021-05-26 10:08:22,1001.4,328556
2021-05-26 10:08:23,1001.4,328556
2021-05-26 10:08:23,1001.4,328556
2021-05-26 10:08:25,1001.0,328584
2021-05-26 10:08:26,1001.0,330250
2021-05-26 10:08:26,1001.0,330250
2021-05-26 10:08:28,1001.35,330253
2021-05-26 10:08:29,1001.0,330363
2021-05-26 10:08:30,1001.0,330363
2021-05-26 10:08:31,1001.0,330538
2021-05-26 10:08:32,1001.0,330538
2021-05-26 10:08:33,1001.0,330538
2021-05-26 10:08:34,1001.0,330762
2021-05-26 10:08:35,1001.2,330960
2021-05-26 10:08:36,1001.4,331062
2021-05-26 10:08:37,1001.4,331062
2021-05-26 10:08:38,1001.4,331112
2021-05-26 10:08:39,1001.45,331627
2021-05-26 10:08:40,1001.35,331811
2021-05-26 10:08:41,1001.35,332159
2021-05-26 10:08:42,1001.35,332159
2021-05-26 10:08:43,1001.9,337084
2021-05-26 10:08:44,1001.9,337084
2021-05-26 10:08:45,1001.5,337349
2021-05-26 10:08:46,1001.6,337379
2021-05-26 10:08:47,1001.6,337413
2021-05-26 10:08:47,1001.6,337413
2021-05-26 10:08:48,1002.0,337459
2021-05-26 10:08:50,1001.55,337512
2021-05-26 10:08:51,1001.55,337536
2021-05-26 10:08:52,1002.0,337631
2021-05-26 10:08:53,1002.0,337727
2021-05-26 10:08:54,1002.0,337727
2021-05-26 10:08:55,1001.6,337732
2021-05-26 10:08:56,1001.6,337732
2021-05-26 10:08:57,1002.0,337764
2021-05-26 10:08:58,1002.0,337764
2021-05-26 10:08:59,1002.0,338064
2021-05-26 10:09:01,1002.0,338224
2021-05-26 10:09:02,1002.0,338224
2021-05-26 10:09:04,1002.0,338224
2021-05-26 10:09:05,1001.9,338324
2021-05-26 10:09:06,1001.9,338324
2021-05-26 10:09:07,1001.7,338609
2021-05-26 10:09:08,1002.0,338635
2021-05-26 10:09:09,1002.0,338645
2021-05-26 10:09:10,1001.85,338704
2021-05-26 10:09:11,1002.0,338768
2021-05-26 10:09:12,1002.0,338773
2021-05-26 10:09:13,1001.85,338778
2021-05-26 10:09:14,1002.0,339179
2021-05-26 10:09:15,1002.0,339679
2021-05-26 10:09:16,1002.0,339686
2021-05-26 10:09:17,1001.65,340067
2021-05-26 10:09:18,1001.65,340067
2021-05-26 10:09:19,1002.0,340117
2021-05-26 10:09:20,1002.0,340117
2021-05-26 10:09:21,1001.65,340118
2021-05-26 10:09:22,1001.65,340122
2021-05-26 10:09:23,1001.65,340123
2021-05-26 10:09:24,1002.0,340403
2021-05-26 10:09:25,1002.0,340503
2021-05-26 10:09:26,1002.0,340603
2021-05-26 10:09:27,1001.65,340703
2021-05-26 10:09:28,1001.6,340710
2021-05-26 10:09:29,1002.0,341270
2021-05-26 10:09:30,1002.0,341270
2021-05-26 10:09:31,1001.65,341356
2021-05-26 10:09:32,1002.0,341431
2021-05-26 10:09:33,1001.65,341559
2021-05-26 10:09:34,1001.65,341559
2021-05-26 10:09:35,1001.65,341690
2021-05-26 10:09:36,1001.65,341690
2021-05-26 10:09:37,1001.95,341715
2021-05-26 10:09:38,1002.1,343959
2021-05-26 10:09:39,1002.1,344059
2021-05-26 10:09:40,1002.1,344059
2021-05-26 10:09:41,1002.1,344059
2021-05-26 10:09:42,1002.1,344059
2021-05-26 10:09:43,1002.2,344272
2021-05-26 10:09:44,1002.2,344308
2021-05-26 10:09:45,1002.0,344627
2021-05-26 10:09:46,1002.3,344802
2021-05-26 10:09:47,1002.3,344802
2021-05-26 10:09:48,1002.5,345639
2021-05-26 10:09:49,1002.55,346139
2021-05-26 10:09:50,1002.55,346139
2021-05-26 10:09:51,1002.55,346139
2021-05-26 10:09:53,1002.2,346256
2021-05-26 10:09:54,1002.0,347356
2021-05-26 10:09:56,1002.0,347379
2021-05-26 10:09:57,1002.45,347398
2021-05-26 10:09:58,1002.45,347398
2021-05-26 10:09:59,1002.0,351310
2021-05-26 10:10:00,1002.45,351315
2021-05-26 10:10:01,1002.45,352232
2021-05-26 10:10:03,1002.0,352237
2021-05-26 10:10:02,1002.0,352237
2021-05-26 10:10:04,1002.0,352687
2021-05-26 10:10:05,1002.35,352800
2021-05-26 10:10:06,1002.0,352930
2021-05-26 10:10:07,1002.0,353000
2021-05-26 10:10:08,1002.45,353041
2021-05-26 10:10:11,1002.0,355409
2021-05-26 10:10:13,1002.3,355411
2021-05-26 10:10:14,1002.3,355662
2021-05-26 10:10:15,1002.0,355937
2021-05-26 10:10:16,1002.3,355942
2021-05-26 10:10:17,1002.0,356092
2021-05-26 10:10:18,1002.0,356092
2021-05-26 10:10:19,1002.3,356202
2021-05-26 10:10:21,1002.0,356234
2021-05-26 10:10:22,1002.0,356244
2021-05-26 10:10:23,1002.0,360157
2021-05-26 10:10:24,1002.0,364192
2021-05-26 10:10:25,1001.9,364212
2021-05-26 10:10:26,1001.35,364631
2021-05-26 10:10:27,1001.35,365121
2021-05-26 10:10:28,1001.0,365373
2021-05-26 10:10:29,1001.0,365374
2021-05-26 10:10:30,1001.5,365389
2021-05-26 10:10:31,1001.0,366562
2021-05-26 10:10:32,1000.95,366662
2021-05-26 10:10:34,1000.95,366699
2021-05-26 10:10:33,1000.95,366699
2021-05-26 10:10:35,1000.5,366907
2021-05-26 10:10:36,1000.5,366907
2021-05-26 10:10:37,1000.5,366943
2021-05-26 10:10:38,1000.2,366959
2021-05-26 10:10:39,1000.2,367139
2021-05-26 10:10:40,1000.15,367226
2021-05-26 10:10:41,1000.9,367736
2021-05-26 10:10:42,1000.5,367742
2021-05-26 10:10:44,1000.3,367837
2021-05-26 10:10:45,1000.25,367909
2021-05-26 10:10:46,1000.2,367934
2021-05-26 10:10:47,1000.15,368157
2021-05-26 10:10:48,1000.15,368256
2021-05-26 10:10:49,1000.15,368256
2021-05-26 10:10:50,1000.3,368314
2021-05-26 10:10:51,1000.3,368316
2021-05-26 10:10:52,1000.5,368604
2021-05-26 10:10:53,1000.25,369104
2021-05-26 10:10:54,1000.5,369204
2021-05-26 10:10:55,1000.35,369394
2021-05-26 10:10:56,1000.35,369394
2021-05-26 10:10:57,1000.35,369394
2021-05-26 10:10:58,1000.35,369397
2021-05-26 10:10:59,1000.35,369397
2021-05-26 10:11:00,1000.8,369516
2021-05-26 10:11:01,1000.5,370068
2021-05-26 10:11:02,1000.55,370153
2021-05-26 10:11:03,1000.55,370153
2021-05-26 10:11:04,1000.55,370153
2021-05-26 10:11:06,1000.55,370153
2021-05-26 10:11:07,1000.95,370178
2021-05-26 10:11:07,1000.95,370178
2021-05-26 10:11:08,1000.95,370208
2021-05-26 10:11:09,1000.95,370218
2021-05-26 10:11:10,1000.95,370333
2021-05-26 10:11:11,1000.95,370438
2021-05-26 10:11:12,1000.65,370508
2021-05-26 10:11:14,1000.5,370518
2021-05-26 10:11:14,1000.9,370528
2021-05-26 10:11:15,1000.5,370583
2021-05-26 10:11:16,1000.5,370583
2021-05-26 10:11:18,1000.9,370589
2021-05-26 10:11:19,1000.45,370644
2021-05-26 10:11:20,1000.45,370644
2021-05-26 10:11:20,1000.3,370649
2021-05-26 10:11:21,1000.2,370713
2021-05-26 10:11:23,1000.2,370864
2021-05-26 10:11:24,1000.4,371088
2021-05-26 10:11:25,1000.4,371188
2021-05-26 10:11:26,1000.4,371193
2021-05-26 10:11:27,1000.5,371203
2021-05-26 10:11:28,1000.4,371369
2021-05-26 10:11:29,1000.4,371385
2021-05-26 10:11:31,1000.4,371385
2021-05-26 10:11:33,1000.5,371517
2021-05-26 10:11:34,1000.5,371575
2021-05-26 10:11:36,1000.5,371575
2021-05-26 10:11:36,1000.5,371575
2021-05-26 10:11:37,1000.5,371575
2021-05-26 10:11:38,1000.9,371925
2021-05-26 10:11:39,1000.7,371987
2021-05-26 10:11:40,1000.7,371987
2021-05-26 10:11:41,1000.45,372087
2021-05-26 10:11:42,1000.55,372127
2021-05-26 10:11:44,1001.0,372652
2021-05-26 10:11:44,1000.5,372702
2021-05-26 10:11:45,1000.4,372754
2021-05-26 10:11:46,1000.4,372754
2021-05-26 10:11:47,1000.8,372815
2021-05-26 10:11:48,1000.8,372831
2021-05-26 10:11:49,1000.4,372847
2021-05-26 10:11:50,1000.4,372847
2021-05-26 10:11:51,1000.8,372927
2021-05-26 10:11:52,1000.4,373032
2021-05-26 10:11:53,1000.35,373148
2021-05-26 10:11:54,1000.3,373530
2021-05-26 10:11:55,1000.2,373553
2021-05-26 10:11:56,1000.2,373553
2021-05-26 10:11:57,1000.2,373553
2021-05-26 10:11:58,1000.4,373624
2021-05-26 10:12:00,1000.3,373654
2021-05-26 10:12:00,1000.7,373666
2021-05-26 10:12:02,1000.7,373666
2021-05-26 10:12:03,1000.3,373668
2021-05-26 10:12:03,1000.3,373787
2021-05-26 10:12:04,1000.1,373858
2021-05-26 10:12:05,1000.5,374168
2021-05-26 10:12:06,1000.5,374168
2021-05-26 10:12:07,1000.0,374272
2021-05-26 10:12:08,1000.0,374476
2021-05-26 10:12:09,1000.5,374496
2021-05-26 10:12:10,1000.5,374506
2021-05-26 10:12:11,1000.05,374516
2021-05-26 10:12:12,1000.5,374556
2021-05-26 10:12:13,1000.05,374589
2021-05-26 10:12:14,1000.05,374589
2021-05-26 10:12:16,1000.0,374929
2021-05-26 10:12:16,1000.0,374932
2021-05-26 10:12:17,1000.0,375002
2021-05-26 10:12:18,1000.0,375002
2021-05-26 10:12:19,1000.0,375104
2021-05-26 10:12:20,1000.45,375105
2021-05-26 10:12:22,1000.0,375187
2021-05-26 10:12:23,1000.0,375187
2021-05-26 10:12:24,1000.0,377251
2021-05-26 10:12:26,999.7,377396
2021-05-26 10:12:26,999.7,377406
2021-05-26 10:12:27,999.7,377469
2021-05-26 10:12:28,999.8,377518
2021-05-26 10:12:29,999.8,377518
2021-05-26 10:12:30,999.8,377531
2021-05-26 10:12:31,999.8,377531
2021-05-26 10:12:33,999.8,377531
2021-05-26 10:12:34,999.8,377531
2021-05-26 10:12:35,999.45,377541
2021-05-26 10:12:36,999.45,377541
2021-05-26 10:12:37,999.45,377551
2021-05-26 10:12:38,999.45,377551
2021-05-26 10:12:39,999.45,377551
2021-05-26 10:12:40,999.6,377558
2021-05-26 10:12:41,999.8,377568
2021-05-26 10:12:42,999.8,377568
2021-05-26 10:12:44,999.9,378199
2021-05-26 10:12:44,999.95,378219
2021-05-26 10:12:46,999.8,378673
2021-05-26 10:12:47,999.8,378673
2021-05-26 10:12:47,999.5,378691
2021-05-26 10:12:48,999.5,378705
2021-05-26 10:12:49,999.5,378705
2021-05-26 10:12:50,999.5,378705
2021-05-26 10:12:51,999.5,378705
2021-05-26 10:12:52,999.5,378705
2021-05-26 10:12:53,999.5,378737
2021-05-26 10:12:54,999.5,378737
2021-05-26 10:12:55,999.45,378837
2021-05-26 10:12:56,999.45,378837
2021-05-26 10:12:57,999.45,378837
2021-05-26 10:12:58,1000.0,378890
2021-05-26 10:12:59,1000.0,378890
2021-05-26 10:13:01,999.6,378900
2021-05-26 10:13:02,999.6,378900
2021-05-26 10:13:03,999.6,378900
2021-05-26 10:13:04,999.6,378900
2021-05-26 10:13:05,999.8,379405
2021-05-26 10:13:06,999.6,379545
2021-05-26 10:13:07,999.6,379545
2021-05-26 10:13:09,999.6,379548
2021-05-26 10:13:09,999.6,379548
2021-05-26 10:13:10,1000.0,379848
2021-05-26 10:13:11,1000.0,379863
2021-05-26 10:13:12,1000.35,380075
2021-05-26 10:13:14,1000.1,380076
2021-05-26 10:13:16,1000.1,380844
2021-05-26 10:13:18,1000.65,380859
2021-05-26 10:13:19,1000.1,381330
2021-05-26 10:13:21,1000.0,381683
2021-05-26 10:13:22,1000.0,381693
2021-05-26 10:13:23,1000.5,381698
2021-05-26 10:13:24,1000.0,381843
2021-05-26 10:13:25,1000.0,381843
2021-05-26 10:13:26,1000.45,381851
2021-05-26 10:13:27,1000.45,381851
2021-05-26 10:13:28,1000.45,381851
2021-05-26 10:13:29,1000.0,381951
2021-05-26 10:13:29,1000.0,381951
2021-05-26 10:13:31,1000.05,382031
2021-05-26 10:13:32,1000.05,382031
2021-05-26 10:13:33,1000.65,382131
2021-05-26 10:13:34,1000.15,382276
2021-05-26 10:13:35,1000.15,382336
2021-05-26 10:13:36,1000.15,382336
2021-05-26 10:13:37,1000.15,382336
2021-05-26 10:13:38,1000.35,382452
2021-05-26 10:13:38,1000.35,382452
2021-05-26 10:13:40,1000.05,382646
2021-05-26 10:13:41,1000.65,382676
2021-05-26 10:13:41,1000.05,382646
2021-05-26 10:13:43,1000.45,383072
2021-05-26 10:13:43,1000.5,383002
2021-05-26 10:13:44,1000.45,383072
2021-05-26 10:13:45,1000.2,383081
2021-05-26 10:13:46,1000.2,383124
2021-05-26 10:13:47,1000.2,383124
2021-05-26 10:13:48,1000.1,383250
2021-05-26 10:13:49,1000.05,383453
2021-05-26 10:13:50,1000.05,383453
2021-05-26 10:13:51,1000.45,383473
2021-05-26 10:13:53,1000.45,383483
2021-05-26 10:13:54,1000.45,383483
2021-05-26 10:13:55,1000.45,383483
2021-05-26 10:13:56,1000.45,383538
2021-05-26 10:13:57,1000.45,383538
2021-05-26 10:13:58,1000.45,383538
2021-05-26 10:13:59,1000.25,383540
2021-05-26 10:14:00,1000.25,383540
2021-05-26 10:14:00,1000.25,383545
2021-05-26 10:14:01,1000.25,383545
2021-05-26 10:14:02,1000.2,383556
2021-05-26 10:14:03,1000.0,383946
2021-05-26 10:14:04,1000.0,383946
2021-05-26 10:14:05,1000.0,383946
2021-05-26 10:14:06,1000.4,384146
2021-05-26 10:14:07,1000.4,384146
2021-05-26 10:14:08,1000.4,384146
2021-05-26 10:14:10,1000.2,384166
2021-05-26 10:14:11,1000.2,384173
2021-05-26 10:14:11,1000.2,384173
2021-05-26 10:14:12,1000.2,384223
2021-05-26 10:14:13,1000.2,384223
2021-05-26 10:14:14,1000.5,384695
2021-05-26 10:14:15,1000.5,384695
2021-05-26 10:14:17,1000.5,384695
2021-05-26 10:14:18,1000.2,384699
2021-05-26 10:14:19,1000.2,384699
2021-05-26 10:14:20,1000.2,384699
2021-05-26 10:14:21,1000.5,385116
2021-05-26 10:14:22,1000.5,385116
2021-05-26 10:14:23,1000.5,385409
2021-05-26 10:14:24,1000.05,385479
2021-05-26 10:14:25,1000.05,385479
2021-05-26 10:14:26,1000.0,385766
2021-05-26 10:14:27,1000.0,385766
2021-05-26 10:14:28,1000.0,385766
2021-05-26 10:14:29,1000.05,385771
2021-05-26 10:14:30,1000.05,385771
2021-05-26 10:14:31,1000.0,386239
2021-05-26 10:14:32,1000.0,386239
2021-05-26 10:14:33,1000.0,386239
2021-05-26 10:14:34,1000.4,386739
2021-05-26 10:14:35,1000.0,388739
2021-05-26 10:14:36,1000.45,388805
2021-05-26 10:14:37,1000.45,389638
2021-05-26 10:14:38,1000.45,389638
2021-05-26 10:14:40,1000.55,389756
2021-05-26 10:14:41,1000.55,389756
2021-05-26 10:14:42,1000.55,389756
2021-05-26 10:14:43,1000.5,389766
2021-05-26 10:14:44,1000.2,389882
2021-05-26 10:14:44,1000.2,389882
2021-05-26 10:14:46,1000.0,392271
2021-05-26 10:14:46,1000.0,392271
2021-05-26 10:14:47,1000.45,392274
2021-05-26 10:14:48,1000.45,392278
2021-05-26 10:14:49,1000.0,392288
2021-05-26 10:14:50,1000.0,392624
2021-05-26 10:14:51,1000.0,394118
2021-05-26 10:14:53,1000.05,394418
2021-05-26 10:14:54,1000.05,394418
2021-05-26 10:14:55,1000.45,394493
2021-05-26 10:14:55,1000.45,394493
2021-05-26 10:14:56,1000.0,394596
2021-05-26 10:14:57,1000.0,394691
2021-05-26 10:14:58,1000.5,394999
2021-05-26 10:15:00,1000.5,394999
2021-05-26 10:15:01,1000.55,395031
2021-05-26 10:15:02,1000.55,395031
2021-05-26 10:15:03,1000.05,395045
2021-05-26 10:15:03,1000.05,395045
2021-05-26 10:15:05,1000.4,397241
2021-05-26 10:15:06,1000.35,397251
2021-05-26 10:15:07,1000.35,397428
2021-05-26 10:15:08,1000.45,397438
2021-05-26 10:15:08,1000.45,397438
2021-05-26 10:15:09,1000.45,397438
2021-05-26 10:15:10,1000.5,397439
2021-05-26 10:15:11,1000.45,397498
2021-05-26 10:15:12,1000.2,397522
2021-05-26 10:15:13,1000.45,397534
2021-05-26 10:15:14,1000.45,397534
2021-05-26 10:15:15,1000.45,397534
2021-05-26 10:15:16,1000.45,397534
2021-05-26 10:15:18,1000.45,397534
2021-05-26 10:15:19,1000.4,397535
2021-05-26 10:15:20,1000.4,397535
2021-05-26 10:15:20,1000.4,397535
2021-05-26 10:15:21,1000.4,397535
2021-05-26 10:15:22,1000.4,397535
2021-05-26 10:15:23,1000.4,397535
2021-05-26 10:15:24,1000.15,397598
2021-05-26 10:15:25,1000.15,397598
2021-05-26 10:15:26,1000.15,398192
2021-05-26 10:15:27,1000.65,398204
2021-05-26 10:15:29,1000.0,398298
2021-05-26 10:15:29,1000.0,398348
2021-05-26 10:15:30,1000.15,398374
2021-05-26 10:15:31,1000.15,398374
2021-05-26 10:15:33,1000.0,398389
2021-05-26 10:15:33,1000.0,398389
2021-05-26 10:15:34,1000.0,398389
2021-05-26 10:15:36,1000.15,398419
2021-05-26 10:15:37,1000.15,398419
2021-05-26 10:15:38,1000.0,398434
2021-05-26 10:15:39,1000.05,398435
2021-05-26 10:15:40,1000.15,398485
2021-05-26 10:15:41,1000.15,398485
2021-05-26 10:15:42,1000.15,398485
2021-05-26 10:15:43,1000.15,398485
2021-05-26 10:15:44,1000.6,399377
2021-05-26 10:15:45,1000.6,399377
2021-05-26 10:15:45,1000.45,399378
2021-05-26 10:15:46,1000.45,399378
2021-05-26 10:15:48,1000.45,402862
2021-05-26 10:15:49,1000.05,403835
2021-05-26 10:15:50,1000.05,403845
2021-05-26 10:15:51,1000.0,403895
2021-05-26 10:15:51,1000.0,403947
2021-05-26 10:15:52,1000.4,407038
2021-05-26 10:15:54,1000.4,408010
2021-05-26 10:15:55,1000.4,408010
2021-05-26 10:15:57,1000.4,408010
2021-05-26 10:15:58,1000.4,408010
2021-05-26 10:15:59,1000.4,408010
2021-05-26 10:16:00,1000.15,408090
2021-05-26 10:16:01,1000.15,408090
2021-05-26 10:16:01,1000.15,408090
2021-05-26 10:16:02,1000.15,408090
2021-05-26 10:16:03,1000.2,408105
2021-05-26 10:16:04,1000.2,408115
2021-05-26 10:16:06,1000.2,408251
2021-05-26 10:16:07,1000.2,408251
2021-05-26 10:16:07,1000.2,408251
2021-05-26 10:16:09,1000.2,408251
2021-05-26 10:16:10,1000.3,408253
2021-05-26 10:16:11,1000.3,408253
2021-05-26 10:16:12,1000.3,408253
2021-05-26 10:16:13,1000.3,408293
2021-05-26 10:16:14,1000.4,408361
2021-05-26 10:16:15,1000.4,408361
2021-05-26 10:16:16,1000.4,408361
2021-05-26 10:16:17,1000.4,408361
2021-05-26 10:16:18,1000.15,408411
2021-05-26 10:16:18,1000.15,408411
2021-05-26 10:16:19,1000.7,408862
2021-05-26 10:16:20,1000.7,408862
2021-05-26 10:16:22,1000.15,408872
2021-05-26 10:16:23,1000.2,408922
2021-05-26 10:16:23,1000.2,408922
2021-05-26 10:16:25,1000.15,408932
2021-05-26 10:16:26,1000.15,408932
2021-05-26 10:16:27,1000.15,408937
2021-05-26 10:16:28,1000.5,409042
2021-05-26 10:16:29,1000.5,409047
2021-05-26 10:16:30,1000.4,409057
2021-05-26 10:16:31,1000.4,409057
2021-05-26 10:16:32,1000.15,409059
2021-05-26 10:16:33,1000.15,409059
2021-05-26 10:16:34,1000.5,409084
2021-05-26 10:16:34,1000.5,409084
2021-05-26 10:16:35,1000.5,409100
2021-05-26 10:16:36,1000.15,409213
2021-05-26 10:16:37,1000.15,409213
2021-05-26 10:16:38,1000.15,409213
2021-05-26 10:16:39,1000.3,409223
2021-05-26 10:16:40,1000.3,409223
2021-05-26 10:16:42,1000.65,411433
2021-05-26 10:16:43,1000.4,411448
2021-05-26 10:16:44,1001.0,411649
2021-05-26 10:16:45,1001.0,411649
2021-05-26 10:16:46,1001.0,411658
2021-05-26 10:16:46,1001.0,411658
2021-05-26 10:16:47,1000.45,411715
2021-05-26 10:16:48,1000.45,411716
2021-05-26 10:16:49,1000.45,411721
2021-05-26 10:16:50,1000.95,411727
2021-05-26 10:16:51,1000.95,411727
2021-05-26 10:16:52,1000.35,411927
2021-05-26 10:16:53,1000.35,412027
2021-05-26 10:16:54,1000.35,412027
2021-05-26 10:16:55,1000.35,412027
2021-05-26 10:16:56,1000.95,412037
2021-05-26 10:16:57,1000.95,412037
2021-05-26 10:16:59,1000.5,412047
2021-05-26 10:17:00,1000.5,412047
2021-05-26 10:17:01,1000.5,412047
2021-05-26 10:17:02,1000.5,412047
2021-05-26 10:17:03,1000.95,412097
2021-05-26 10:17:04,1000.95,412097
2021-05-26 10:17:05,1000.95,412097
2021-05-26 10:17:06,1000.95,412097
2021-05-26 10:17:07,1000.55,412147
2021-05-26 10:17:08,1000.55,412147
2021-05-26 10:17:09,1000.55,412147
2021-05-26 10:17:10,1000.55,412147
2021-05-26 10:17:11,1000.55,412147
2021-05-26 10:17:12,1000.55,412147
2021-05-26 10:17:12,1000.75,412207
2021-05-26 10:17:13,1000.75,412207
2021-05-26 10:17:14,1001.0,412359
2021-05-26 10:17:15,1001.0,412465
2021-05-26 10:17:16,1001.15,412569
2021-05-26 10:17:18,1001.45,412694
2021-05-26 10:17:19,1001.45,412694
2021-05-26 10:17:20,1001.5,412944
2021-05-26 10:17:20,1001.5,412944
2021-05-26 10:17:21,1001.5,412954
2021-05-26 10:17:22,1001.5,412954
2021-05-26 10:17:23,1001.0,412959
2021-05-26 10:17:25,1001.0,412981
2021-05-26 10:17:26,1001.0,412981
2021-05-26 10:17:27,1001.0,412981
2021-05-26 10:17:28,1001.45,413081
2021-05-26 10:17:29,1001.45,413081
2021-05-26 10:17:30,1001.45,413081
2021-05-26 10:17:31,1001.0,413121
2021-05-26 10:17:32,1001.0,413121
2021-05-26 10:17:33,1001.0,413121
2021-05-26 10:17:34,1001.0,413121
2021-05-26 10:17:35,1001.0,413121
2021-05-26 10:17:36,1001.0,413121
2021-05-26 10:17:37,1001.0,413121
2021-05-26 10:17:38,1001.45,413132
2021-05-26 10:17:39,1001.2,413182
2021-05-26 10:17:40,1001.2,413182
2021-05-26 10:17:41,1001.2,413182
2021-05-26 10:17:42,1001.2,413182
2021-05-26 10:17:43,1001.2,413182
2021-05-26 10:17:44,1001.2,413352
2021-05-26 10:17:45,1001.45,413354
2021-05-26 10:17:46,1001.45,413354
2021-05-26 10:17:47,1001.2,413423
2021-05-26 10:17:48,1001.2,413448
2021-05-26 10:17:50,1001.2,420097
2021-05-26 10:17:51,1001.0,420161
2021-05-26 10:17:52,1001.0,420161
2021-05-26 10:17:52,1001.0,420161
2021-05-26 10:17:54,1001.2,420166
2021-05-26 10:17:56,1001.35,421891
2021-05-26 10:17:57,1001.35,421961
2021-05-26 10:17:58,1001.3,422116
2021-05-26 10:17:59,1001.3,422116
2021-05-26 10:18:00,1001.3,422116
2021-05-26 10:18:01,1001.0,422121
2021-05-26 10:18:01,1001.05,422126
2021-05-26 10:18:02,1001.05,422126
2021-05-26 10:18:03,1001.35,423562
2021-05-26 10:18:04,1001.35,423562
2021-05-26 10:18:06,1001.35,423562
2021-05-26 10:18:07,1001.35,423562
2021-05-26 10:18:08,1001.35,423562
2021-05-26 10:18:09,1001.3,423659
2021-05-26 10:18:10,1001.5,423685
2021-05-26 10:18:11,1001.1,423835
2021-05-26 10:18:12,1001.1,423886
2021-05-26 10:18:13,1001.1,423886
2021-05-26 10:18:14,1001.5,423986
2021-05-26 10:18:15,1001.5,423986
2021-05-26 10:18:16,1001.5,424011
2021-05-26 10:18:17,1001.3,424017
2021-05-26 10:18:18,1001.7,424194
2021-05-26 10:18:19,1001.7,424244
2021-05-26 10:18:20,1001.75,424395
2021-05-26 10:18:21,1001.65,424589
2021-05-26 10:18:21,1001.65,424641
2021-05-26 10:18:22,1001.65,424641
2021-05-26 10:18:23,1001.65,424641
2021-05-26 10:18:25,1001.0,425642
2021-05-26 10:18:26,1001.5,425768
2021-05-26 10:18:27,1001.5,425768
2021-05-26 10:18:28,1001.1,425774
2021-05-26 10:18:30,1001.1,425774
2021-05-26 10:18:29,1001.1,425774
2021-05-26 10:18:32,1001.65,426074
2021-05-26 10:18:33,1001.65,426139
2021-05-26 10:18:34,1001.65,426139
2021-05-26 10:18:35,1001.65,426139
2021-05-26 10:18:36,1002.0,426303
2021-05-26 10:18:37,1001.9,426814
2021-05-26 10:18:38,1001.9,426822
2021-05-26 10:18:39,1001.95,426874
2021-05-26 10:18:40,1001.9,426961
2021-05-26 10:18:41,1001.95,426968
2021-05-26 10:18:42,1001.9,426973
2021-05-26 10:18:42,1001.9,426973
2021-05-26 10:18:44,1001.9,427005
2021-05-26 10:18:45,1001.55,427024
2021-05-26 10:18:46,1001.85,427156
2021-05-26 10:18:47,1001.85,427174
2021-05-26 10:18:49,1001.85,427724
2021-05-26 10:18:49,1001.85,427724
2021-05-26 10:18:50,1002.0,427774
2021-05-26 10:18:51,1002.0,427779
2021-05-26 10:18:52,1002.0,427815
2021-05-26 10:18:54,1002.0,427999
2021-05-26 10:18:55,1002.0,427999
2021-05-26 10:18:56,1001.9,428004
2021-05-26 10:18:58,1001.9,428014
2021-05-26 10:18:59,1001.9,428014
2021-05-26 10:19:00,1001.9,428014
2021-05-26 10:19:01,1001.9,428014
2021-05-26 10:19:02,1002.0,432648
2021-05-26 10:19:03,1002.5,434116
2021-05-26 10:19:04,1002.8,434526
2021-05-26 10:19:05,1002.25,434593
2021-05-26 10:19:06,1002.3,434651
2021-05-26 10:19:07,1002.3,434802
2021-05-26 10:19:08,1002.3,434802
2021-05-26 10:19:09,1002.75,435314
2021-05-26 10:19:10,1002.75,435690
2021-05-26 10:19:11,1002.8,436521
2021-05-26 10:19:12,1002.8,436621
2021-05-26 10:19:13,1003.0,441934
2021-05-26 10:19:13,1003.4,442009
2021-05-26 10:19:14,1003.45,442017
2021-05-26 10:19:16,1003.0,442779
2021-05-26 10:19:16,1003.0,442779
2021-05-26 10:19:17,1003.6,443641
2021-05-26 10:19:18,1003.0,443643
2021-05-26 10:19:20,1003.5,443699
2021-05-26 10:19:21,1003.0,443716
2021-05-26 10:19:22,1003.0,443836
2021-05-26 10:19:23,1003.45,445579
2021-05-26 10:19:24,1003.0,446800
2021-05-26 10:19:25,1002.35,448117
2021-05-26 10:19:26,1002.75,449201
2021-05-26 10:19:27,1003.0,449216
2021-05-26 10:19:28,1003.0,450712
2021-05-26 10:19:29,1003.0,450749
2021-05-26 10:19:30,1003.0,450749
2021-05-26 10:19:31,1003.5,450900
2021-05-26 10:19:32,1003.0,450910
2021-05-26 10:19:33,1003.0,450910
2021-05-26 10:19:34,1003.0,451076
2021-05-26 10:19:35,1003.0,451096
2021-05-26 10:19:36,1003.4,452252
2021-05-26 10:19:37,1003.0,452257
2021-05-26 10:19:38,1003.45,452362
2021-05-26 10:19:39,1003.95,453372
2021-05-26 10:19:40,1003.4,453399
2021-05-26 10:19:41,1003.4,453399
2021-05-26 10:19:42,1003.45,453419
2021-05-26 10:19:43,1003.45,453718
2021-05-26 10:19:44,1003.45,453718
2021-05-26 10:19:45,1003.45,453743
2021-05-26 10:19:46,1004.0,454352
2021-05-26 10:19:47,1003.45,454386
2021-05-26 10:19:48,1004.0,454586
2021-05-26 10:19:49,1004.0,454600
2021-05-26 10:19:50,1004.0,457397
2021-05-26 10:19:51,1004.0,458877
2021-05-26 10:19:52,1004.2,459127
2021-05-26 10:19:53,1004.25,459295
2021-05-26 10:19:54,1004.0,459446
2021-05-26 10:19:56,1004.0,460450
2021-05-26 10:19:55,1004.0,459609
2021-05-26 10:19:57,1004.2,460501
2021-05-26 10:19:58,1004.0,460526
2021-05-26 10:19:59,1004.2,460627
2021-05-26 10:20:00,1004.0,460870
2021-05-26 10:20:01,1004.2,461303
2021-05-26 10:20:02,1004.25,461995
2021-05-26 10:20:03,1004.2,464169
2021-05-26 10:20:04,1004.0,464179
2021-05-26 10:20:05,1004.0,464253
2021-05-26 10:20:06,1004.2,464256
2021-05-26 10:20:07,1004.0,464868
2021-05-26 10:20:08,1004.2,464893
2021-05-26 10:20:09,1004.1,464997
2021-05-26 10:20:10,1004.2,465191
2021-05-26 10:20:11,1004.0,465691
2021-05-26 10:20:12,1004.0,466091
2021-05-26 10:20:13,1004.0,466091
2021-05-26 10:20:14,1004.2,466275
2021-05-26 10:20:15,1004.2,466275
2021-05-26 10:20:16,1004.15,470928
2021-05-26 10:20:17,1004.2,471293
2021-05-26 10:20:18,1004.0,472685
2021-05-26 10:20:19,1004.2,473100
2021-05-26 10:20:20,1004.0,473164
2021-05-26 10:20:21,1004.2,473208
2021-05-26 10:20:22,1004.0,474444
2021-05-26 10:20:23,1004.6,476504
2021-05-26 10:20:24,1004.2,476932
2021-05-26 10:20:25,1004.2,477035
2021-05-26 10:20:26,1004.55,477385
2021-05-26 10:20:27,1004.1,477395
2021-05-26 10:20:28,1004.0,477950
2021-05-26 10:20:29,1003.55,479959
2021-05-26 10:20:30,1004.2,480020
2021-05-26 10:20:31,1004.2,480020
2021-05-26 10:20:33,1003.55,480989
2021-05-26 10:20:34,1003.55,480994
2021-05-26 10:20:35,1004.0,481114
2021-05-26 10:20:36,1004.0,481114
2021-05-26 10:20:37,1003.55,481194
2021-05-26 10:20:38,1003.55,481199
2021-05-26 10:20:39,1003.75,481210
2021-05-26 10:20:40,1003.75,481210
2021-05-26 10:20:41,1003.75,481220
2021-05-26 10:20:42,1003.75,481220
2021-05-26 10:20:43,1003.75,481348
2021-05-26 10:20:44,1004.0,481375
2021-05-26 10:20:45,1003.75,481498
2021-05-26 10:20:46,1003.55,481714
2021-05-26 10:20:47,1004.0,482216
2021-05-26 10:20:48,1004.0,482266
2021-05-26 10:20:49,1003.9,482367
2021-05-26 10:20:50,1003.5,482533
2021-05-26 10:20:51,1003.5,482658
2021-05-26 10:20:52,1003.5,482830
2021-05-26 10:20:53,1003.2,482852
2021-05-26 10:20:54,1003.5,483392
2021-05-26 10:20:55,1003.5,483647
2021-05-26 10:20:56,1003.1,483879
2021-05-26 10:20:57,1003.1,483995
2021-05-26 10:20:58,1003.0,484353
2021-05-26 10:20:59,1003.4,484373
2021-05-26 10:21:00,1003.4,484423
2021-05-26 10:21:01,1003.5,484473
2021-05-26 10:21:02,1003.05,484532
2021-05-26 10:21:03,1003.0,484537
2021-05-26 10:21:04,1003.45,484544
2021-05-26 10:21:05,1003.0,485136
2021-05-26 10:21:06,1003.45,485308
2021-05-26 10:21:07,1003.45,485310
2021-05-26 10:21:08,1003.45,485310
2021-05-26 10:21:09,1003.45,485310
2021-05-26 10:21:10,1003.25,485385
2021-05-26 10:21:11,1003.5,485501
2021-05-26 10:21:12,1003.45,485658
2021-05-26 10:21:13,1003.05,485798
2021-05-26 10:21:14,1003.05,485801
2021-05-26 10:21:15,1003.05,485871
2021-05-26 10:21:16,1003.15,486230
2021-05-26 10:21:17,1003.15,486230
2021-05-26 10:21:18,1003.65,486294
2021-05-26 10:21:19,1003.25,486336
2021-05-26 10:21:20,1003.35,486386
2021-05-26 10:21:21,1003.35,486386
2021-05-26 10:21:22,1003.35,486446
2021-05-26 10:21:23,1003.1,486546
2021-05-26 10:21:24,1003.1,486560
2021-05-26 10:21:25,1003.2,486662
2021-05-26 10:21:26,1003.2,486663
2021-05-26 10:21:27,1003.05,486962
2021-05-26 10:21:28,1003.05,486962
2021-05-26 10:21:29,1003.0,491889
2021-05-26 10:21:30,1003.25,491954
2021-05-26 10:21:32,1003.05,491979
2021-05-26 10:21:32,1003.25,491954
2021-05-26 10:21:33,1003.05,492029
2021-05-26 10:21:34,1003.05,492050
2021-05-26 10:21:35,1003.05,492050
2021-05-26 10:21:36,1003.05,492076
2021-05-26 10:21:37,1003.05,492088
2021-05-26 10:21:38,1003.05,492088
2021-05-26 10:21:39,1003.05,492088
2021-05-26 10:21:40,1003.1,492138
2021-05-26 10:21:41,1003.1,492138
2021-05-26 10:21:42,1003.1,492139
2021-05-26 10:21:43,1003.1,492145
2021-05-26 10:21:44,1003.2,492155
2021-05-26 10:21:45,1003.2,492155
2021-05-26 10:21:46,1003.45,492170
2021-05-26 10:21:47,1003.45,492170
2021-05-26 10:21:48,1003.05,492270
2021-05-26 10:21:49,1003.05,492270
2021-05-26 10:21:50,1003.05,492270
2021-05-26 10:21:51,1003.4,492783
2021-05-26 10:21:52,1003.4,492783
2021-05-26 10:21:54,1003.35,492785
2021-05-26 10:21:55,1003.3,492931
2021-05-26 10:21:56,1003.3,493007
2021-05-26 10:21:57,1003.1,493028
2021-05-26 10:21:58,1003.4,493154
2021-05-26 10:21:59,1003.4,493154
2021-05-26 10:22:00,1003.3,493156
2021-05-26 10:22:01,1003.1,493756
2021-05-26 10:22:02,1003.1,493756
2021-05-26 10:22:03,1003.2,493761
2021-05-26 10:22:04,1003.2,493766
2021-05-26 10:22:05,1003.2,493766
2021-05-26 10:22:06,1003.2,493766
2021-05-26 10:22:07,1003.1,493776
2021-05-26 10:22:08,1003.1,493776
2021-05-26 10:22:10,1003.2,493789
2021-05-26 10:22:11,1003.35,496763
2021-05-26 10:22:12,1003.35,496763
2021-05-26 10:22:13,1003.0,497021
2021-05-26 10:22:14,1003.0,497021
2021-05-26 10:22:15,1003.15,498223
2021-05-26 10:22:16,1003.2,498366
2021-05-26 10:22:17,1003.2,498366
2021-05-26 10:22:18,1003.2,498386
2021-05-26 10:22:20,1003.2,498386
2021-05-26 10:22:20,1003.2,498386
2021-05-26 10:22:21,1003.2,498386
2021-05-26 10:22:22,1003.2,498386
2021-05-26 10:22:23,1003.15,498536
2021-05-26 10:22:24,1003.15,498536
2021-05-26 10:22:25,1003.15,498546
2021-05-26 10:22:26,1003.45,498606
2021-05-26 10:22:28,1003.15,498726
2021-05-26 10:22:28,1003.5,498996
2021-05-26 10:22:29,1003.5,498996
2021-05-26 10:22:30,1003.65,499096
2021-05-26 10:22:31,1003.5,499111
2021-05-26 10:22:32,1003.7,499161
2021-05-26 10:22:33,1003.7,499161
2021-05-26 10:22:35,1003.5,499761
2021-05-26 10:22:35,1003.5,499761
2021-05-26 10:22:36,1003.5,499761
2021-05-26 10:22:37,1003.5,499761
2021-05-26 10:22:38,1003.7,499793
2021-05-26 10:22:39,1003.5,502393
2021-05-26 10:22:40,1003.6,502919
2021-05-26 10:22:41,1004.0,503016
2021-05-26 10:22:42,1004.0,503016
2021-05-26 10:22:43,1004.0,503415
2021-05-26 10:22:44,1004.1,506987
2021-05-26 10:22:45,1004.2,507992
2021-05-26 10:22:46,1004.4,508142
2021-05-26 10:22:47,1004.4,508152
2021-05-26 10:22:48,1004.5,508306
2021-05-26 10:22:49,1004.05,509506
2021-05-26 10:22:50,1004.4,509707
2021-05-26 10:22:51,1004.05,509715
2021-05-26 10:22:52,1004.05,509715
2021-05-26 10:22:53,1004.4,509850
2021-05-26 10:22:54,1004.4,509973
2021-05-26 10:22:55,1004.1,509998
2021-05-26 10:22:56,1004.05,510018
2021-05-26 10:22:57,1004.05,510018
2021-05-26 10:22:58,1004.05,510018
2021-05-26 10:22:59,1004.05,510075
2021-05-26 10:23:00,1004.4,510110
2021-05-26 10:23:01,1004.05,510411
2021-05-26 10:23:02,1004.4,510416
2021-05-26 10:23:03,1004.4,510416
2021-05-26 10:23:05,1004.4,510439
2021-05-26 10:23:06,1004.4,510439
2021-05-26 10:23:07,1004.4,510439
2021-05-26 10:23:08,1004.05,510499
2021-05-26 10:23:09,1004.2,510539
2021-05-26 10:23:10,1004.2,510599
2021-05-26 10:23:11,1004.2,510599
2021-05-26 10:23:13,1004.4,510639
2021-05-26 10:23:14,1004.05,510709
2021-05-26 10:23:15,1004.05,510709
2021-05-26 10:23:16,1004.05,511016
2021-05-26 10:23:17,1004.05,511248
2021-05-26 10:23:18,1004.05,511364
2021-05-26 10:23:19,1004.2,511771
2021-05-26 10:23:20,1004.35,511806
2021-05-26 10:23:21,1004.4,511809
2021-05-26 10:23:22,1004.4,511809
2021-05-26 10:23:23,1004.4,511809
2021-05-26 10:23:24,1004.4,511874
2021-05-26 10:23:25,1004.8,515095
2021-05-26 10:23:27,1004.9,515802
2021-05-26 10:23:28,1004.5,515829
2021-05-26 10:23:29,1004.5,515864
2021-05-26 10:23:32,1004.5,516055
2021-05-26 10:23:32,1004.5,516055
2021-05-26 10:23:33,1004.5,516056
2021-05-26 10:23:34,1004.5,516395
2021-05-26 10:23:35,1004.5,516397
2021-05-26 10:23:36,1004.5,517497
2021-05-26 10:23:37,1004.5,517497
2021-05-26 10:23:38,1004.5,517497
2021-05-26 10:23:40,1004.65,517512
2021-05-26 10:23:41,1004.65,517530
2021-05-26 10:23:42,1004.9,517605
2021-05-26 10:23:42,1004.9,517605
2021-05-26 10:23:43,1004.85,517675
2021-05-26 10:23:44,1004.5,518225
2021-05-26 10:23:46,1004.85,518927
2021-05-26 10:23:47,1004.85,519012
2021-05-26 10:23:48,1004.85,519012
2021-05-26 10:23:50,1005.0,536463
2021-05-26 10:23:51,1005.0,536961
2021-05-26 10:23:52,1005.0,538842
2021-05-26 10:23:53,1005.25,538970
2021-05-26 10:23:54,1005.25,539476
2021-05-26 10:23:54,1005.25,539476
2021-05-26 10:23:55,1005.25,539576
2021-05-26 10:23:56,1005.25,539676
2021-05-26 10:23:57,1005.0,539682
2021-05-26 10:23:58,1005.0,539887
2021-05-26 10:23:59,1005.0,539912
2021-05-26 10:24:01,1005.2,540728
2021-05-26 10:24:02,1005.25,540825
2021-05-26 10:24:03,1004.6,540842
2021-05-26 10:24:03,1004.6,541102
2021-05-26 10:24:05,1005.25,541803
2021-05-26 10:24:06,1004.75,542013
2021-05-26 10:24:07,1005.25,542213
2021-05-26 10:24:07,1004.5,549254
2021-05-26 10:24:08,1004.5,550171
2021-05-26 10:24:09,1004.8,551031
2021-05-26 10:24:10,1004.8,551181
2021-05-26 10:24:11,1004.8,551181
2021-05-26 10:24:12,1004.8,551231
2021-05-26 10:24:14,1004.8,551241
2021-05-26 10:24:15,1004.8,551241
2021-05-26 10:24:16,1004.8,551876
2021-05-26 10:24:16,1004.8,551876
2021-05-26 10:24:17,1004.55,551884
2021-05-26 10:24:18,1004.75,551899
2021-05-26 10:24:19,1004.65,551909
2021-05-26 10:24:21,1004.7,552066
2021-05-26 10:24:22,1004.8,552181
2021-05-26 10:24:23,1004.5,552711
2021-05-26 10:24:24,1004.5,552711
2021-05-26 10:24:25,1004.8,552719
2021-05-26 10:24:26,1004.65,552721
2021-05-26 10:24:27,1004.55,552741
2021-05-26 10:24:27,1004.55,552741
2021-05-26 10:24:28,1004.65,553067
2021-05-26 10:24:29,1004.8,553367
2021-05-26 10:24:31,1004.8,553367
2021-05-26 10:24:32,1004.5,553495
2021-05-26 10:24:32,1004.5,553495
2021-05-26 10:24:33,1004.5,553495
2021-05-26 10:24:35,1004.55,553555
2021-05-26 10:24:36,1004.55,553555
2021-05-26 10:24:37,1004.55,553555
2021-05-26 10:24:37,1004.55,553555
2021-05-26 10:24:38,1004.55,553555
2021-05-26 10:24:41,1004.5,553870
2021-05-26 10:24:42,1004.55,558289
2021-05-26 10:24:43,1004.55,558464
2021-05-26 10:24:44,1004.5,558721
2021-05-26 10:24:44,1004.5,558721
2021-05-26 10:24:46,1004.55,558751
2021-05-26 10:24:47,1004.7,558901
2021-05-26 10:24:47,1004.7,558983
2021-05-26 10:24:48,1004.5,559017
2021-05-26 10:24:49,1004.5,559027
2021-05-26 10:24:51,1004.5,559252
2021-05-26 10:24:52,1004.5,559252
2021-05-26 10:24:52,1004.5,559252
2021-05-26 10:24:54,1004.7,559533
2021-05-26 10:24:55,1004.55,559537
2021-05-26 10:24:56,1004.55,559537
2021-05-26 10:24:56,1004.55,559547
2021-05-26 10:24:58,1004.7,559562
2021-05-26 10:24:58,1004.7,559562
2021-05-26 10:24:59,1004.55,559801
2021-05-26 10:25:00,1004.55,559801
2021-05-26 10:25:02,1004.5,559811
2021-05-26 10:25:02,1004.5,559811
2021-05-26 10:25:03,1004.55,559922
2021-05-26 10:25:05,1004.55,560122
2021-05-26 10:25:05,1004.55,560514
2021-05-26 10:25:06,1004.6,560516
2021-05-26 10:25:07,1004.7,560591
2021-05-26 10:25:08,1004.7,560591
2021-05-26 10:25:09,1004.55,560599
2021-05-26 10:25:11,1004.55,560599
2021-05-26 10:25:12,1004.95,562479
2021-05-26 10:25:12,1004.95,562479
2021-05-26 10:25:14,1005.05,562495
2021-05-26 10:25:14,1005.25,562496
2021-05-26 10:25:15,1005.1,562526
2021-05-26 10:25:16,1005.25,562536
2021-05-26 10:25:18,1005.35,564445
2021-05-26 10:25:19,1005.3,564555
2021-05-26 10:25:20,1005.25,564625
2021-05-26 10:25:20,1005.25,564625
2021-05-26 10:25:21,1005.2,565117
2021-05-26 10:25:22,1005.2,565117
2021-05-26 10:25:23,1006.0,574588
2021-05-26 10:25:24,1006.0,575182
2021-05-26 10:25:25,1006.0,575182
2021-05-26 10:25:26,1006.0,575387
2021-05-26 10:25:27,1006.05,575393
2021-05-26 10:25:28,1006.05,575393
2021-05-26 10:25:30,1006.05,579446
2021-05-26 10:25:31,1006.0,579955
2021-05-26 10:25:31,1006.0,580255
2021-05-26 10:25:33,1005.9,582568
2021-05-26 10:25:35,1005.2,582610
2021-05-26 10:25:36,1005.75,582730
2021-05-26 10:25:37,1005.85,582858
2021-05-26 10:25:39,1005.85,582888
2021-05-26 10:25:39,1005.85,582979
2021-05-26 10:25:40,1005.95,583009
2021-05-26 10:25:41,1005.95,583009
2021-05-26 10:25:42,1005.5,583214
2021-05-26 10:25:43,1005.5,583214
2021-05-26 10:25:45,1005.85,583230
2021-05-26 10:25:46,1005.9,583234
2021-05-26 10:25:47,1005.9,583344
2021-05-26 10:25:49,1005.4,583744
2021-05-26 10:25:50,1005.45,584321
2021-05-26 10:25:52,1005.85,584622
2021-05-26 10:25:53,1006.0,592613
2021-05-26 10:25:54,1006.0,597579
2021-05-26 10:25:55,1006.0,597581
2021-05-26 10:25:55,1006.0,597581
2021-05-26 10:25:57,1006.0,597768
2021-05-26 10:25:58,1006.0,597979
2021-05-26 10:25:58,1006.0,598489
2021-05-26 10:25:59,1006.0,598568
2021-05-26 10:26:01,1006.0,598818
2021-05-26 10:26:02,1006.0,598918
2021-05-26 10:26:03,1006.0,599219
2021-05-26 10:26:04,1006.0,599236
2021-05-26 10:26:05,1006.2,599341
2021-05-26 10:26:06,1006.0,599651
2021-05-26 10:26:08,1006.0,602243
2021-05-26 10:26:09,1006.05,602849
2021-05-26 10:26:11,1006.0,603026
2021-05-26 10:26:12,1006.0,603178
2021-05-26 10:26:13,1006.15,603398
2021-05-26 10:26:14,1006.0,603453
2021-05-26 10:26:15,1006.0,606581
2021-05-26 10:26:16,1006.0,606582
2021-05-26 10:26:17,1005.5,606710
2021-05-26 10:26:18,1005.5,606880
2021-05-26 10:26:18,1005.5,606880
2021-05-26 10:26:19,1006.0,606890
2021-05-26 10:26:23,1004.85,609489
2021-05-26 10:26:24,1004.85,609489
2021-05-26 10:26:25,1004.85,609590
2021-05-26 10:26:26,1005.0,609845
2021-05-26 10:26:27,1004.6,610098
2021-05-26 10:26:28,1004.6,610152
2021-05-26 10:26:29,1004.5,610167
2021-05-26 10:26:31,1004.6,610463
2021-05-26 10:26:32,1004.45,610727
2021-05-26 10:26:33,1004.85,611224
2021-05-26 10:26:34,1004.55,611248
2021-05-26 10:26:35,1004.5,611254
2021-05-26 10:26:36,1004.5,611254
2021-05-26 10:26:37,1004.5,611254
2021-05-26 10:26:38,1004.5,611264
2021-05-26 10:26:39,1004.85,611464
2021-05-26 10:26:40,1004.65,611551
2021-05-26 10:26:41,1004.65,611551
2021-05-26 10:26:42,1004.85,611562
2021-05-26 10:26:44,1004.7,611708
2021-05-26 10:26:45,1005.0,611809
2021-05-26 10:26:46,1004.6,611869
2021-05-26 10:26:46,1004.55,611969
2021-05-26 10:26:47,1004.7,611979
2021-05-26 10:26:48,1004.85,612029
2021-05-26 10:26:49,1005.0,612859
2021-05-26 10:26:50,1004.9,613120
2021-05-26 10:26:51,1004.9,613120
2021-05-26 10:26:52,1004.9,613120
2021-05-26 10:26:53,1004.9,613251
2021-05-26 10:26:54,1004.9,613251
2021-05-26 10:26:55,1004.9,613251
2021-05-26 10:26:57,1004.9,613286
2021-05-26 10:26:58,1005.3,613289
2021-05-26 10:26:59,1005.3,613289
2021-05-26 10:27:00,1005.55,614288
2021-05-26 10:27:02,1005.25,615010
2021-05-26 10:27:03,1005.85,615349
2021-05-26 10:27:04,1005.25,615907
2021-05-26 10:27:05,1005.9,615967
2021-05-26 10:27:06,1005.9,615967
2021-05-26 10:27:08,1005.9,615967
2021-05-26 10:27:09,1005.5,615998
2021-05-26 10:27:10,1005.1,616380
2021-05-26 10:27:11,1005.65,616390
2021-05-26 10:27:12,1005.35,616415
2021-05-26 10:27:13,1005.95,617028
2021-05-26 10:27:14,1005.55,617326
2021-05-26 10:27:15,1005.9,621466
2021-05-26 10:27:16,1006.35,621866
2021-05-26 10:27:17,1006.35,621866
2021-05-26 10:27:18,1006.3,622078
2021-05-26 10:27:19,1005.7,622228
2021-05-26 10:27:20,1006.0,623428
2021-05-26 10:27:21,1006.5,623813
2021-05-26 10:27:23,1006.0,623929
2021-05-26 10:27:24,1006.0,623939
2021-05-26 10:27:25,1006.0,623967
2021-05-26 10:27:26,1006.0,624177
2021-05-26 10:27:27,1006.6,625277
2021-05-26 10:27:28,1006.5,625286
2021-05-26 10:27:29,1006.0,625381
2021-05-26 10:27:30,1006.0,625391
2021-05-26 10:27:31,1006.5,625529
2021-05-26 10:27:34,1006.5,625805
2021-05-26 10:27:35,1006.6,625815
2021-05-26 10:27:36,1006.8,626115
2021-05-26 10:27:37,1006.0,626215
2021-05-26 10:27:38,1006.15,626285
2021-05-26 10:27:39,1006.35,626305
2021-05-26 10:27:39,1006.4,626340
2021-05-26 10:27:41,1006.15,626456
2021-05-26 10:27:42,1006.15,626456
2021-05-26 10:27:43,1006.2,626461
2021-05-26 10:27:43,1006.4,626486
2021-05-26 10:27:44,1006.4,626486
2021-05-26 10:27:45,1006.4,626486
2021-05-26 10:27:46,1006.25,626738
2021-05-26 10:27:47,1006.5,626934
2021-05-26 10:27:48,1006.4,626939
2021-05-26 10:27:49,1006.0,627019
2021-05-26 10:27:51,1006.25,627120
2021-05-26 10:27:52,1006.3,627130
2021-05-26 10:27:53,1006.5,627133
2021-05-26 10:27:54,1006.5,627136
2021-05-26 10:27:55,1006.5,627187
2021-05-26 10:27:56,1006.3,628264
2021-05-26 10:27:57,1006.3,628273
2021-05-26 10:27:58,1006.0,628781
2021-05-26 10:27:59,1006.6,629004
2021-05-26 10:28:00,1006.4,629065
2021-05-26 10:28:01,1006.15,629085
2021-05-26 10:28:02,1006.15,629085
2021-05-26 10:28:03,1006.15,629085
2021-05-26 10:28:04,1006.05,629318
2021-05-26 10:28:05,1006.45,629320
2021-05-26 10:28:06,1006.05,629325
2021-05-26 10:28:07,1006.05,629325
2021-05-26 10:28:08,1006.05,629325
2021-05-26 10:28:09,1006.4,629425
2021-05-26 10:28:10,1006.15,629450
2021-05-26 10:28:11,1006.4,629622
2021-05-26 10:28:12,1006.4,629622
2021-05-26 10:28:13,1006.4,629622
2021-05-26 10:28:14,1006.4,630183
2021-05-26 10:28:15,1006.4,630185
2021-05-26 10:28:16,1006.55,630459
2021-05-26 10:28:18,1006.4,630586
2021-05-26 10:28:19,1006.6,630687
2021-05-26 10:28:20,1006.0,630708
2021-05-26 10:28:21,1006.1,636484
2021-05-26 10:28:22,1006.1,636484
2021-05-26 10:28:23,1006.1,636486
2021-05-26 10:28:24,1006.1,636486
2021-05-26 10:28:25,1006.1,636496
2021-05-26 10:28:26,1006.6,637042
2021-05-26 10:28:27,1006.6,637042
2021-05-26 10:28:28,1006.05,637062
2021-05-26 10:28:29,1006.0,637112
2021-05-26 10:28:30,1006.4,637114
2021-05-26 10:28:31,1006.0,637119
2021-05-26 10:28:32,1006.5,637171
2021-05-26 10:28:32,1006.5,637196
2021-05-26 10:28:34,1006.5,637296
2021-05-26 10:28:36,1006.0,637396
2021-05-26 10:28:37,1006.0,637396
2021-05-26 10:28:38,1006.5,637448
2021-05-26 10:28:39,1006.45,637494
2021-05-26 10:28:40,1006.4,637671
2021-05-26 10:28:41,1006.2,637725
2021-05-26 10:28:42,1006.2,637736
2021-05-26 10:28:43,1006.2,637746
2021-05-26 10:28:44,1006.45,637813
2021-05-26 10:28:45,1006.0,637883
2021-05-26 10:28:46,1006.0,637887
2021-05-26 10:28:47,1006.4,637941
2021-05-26 10:28:48,1006.4,637941
2021-05-26 10:28:49,1006.4,637985
2021-05-26 10:28:50,1006.4,637985
2021-05-26 10:28:52,1006.4,638240
2021-05-26 10:28:53,1006.0,638241
2021-05-26 10:28:54,1006.4,638253
2021-05-26 10:28:55,1006.0,638323
2021-05-26 10:28:56,1006.4,638328
2021-05-26 10:28:57,1006.0,638329
2021-05-26 10:28:59,1006.0,638394
2021-05-26 10:29:00,1006.05,638495
2021-05-26 10:29:01,1006.4,638555
2021-05-26 10:29:02,1006.0,638626
2021-05-26 10:29:03,1006.0,638637
2021-05-26 10:29:04,1006.0,638638
2021-05-26 10:29:05,1006.0,638671
2021-05-26 10:29:06,1006.05,638725
2021-05-26 10:29:07,1006.4,638838
2021-05-26 10:29:08,1006.05,638839
2021-05-26 10:29:09,1006.05,638839
2021-05-26 10:29:10,1006.05,638839
2021-05-26 10:29:11,1006.2,638845
2021-05-26 10:29:12,1006.4,638905
2021-05-26 10:29:13,1006.3,639014
2021-05-26 10:29:14,1006.3,639014
2021-05-26 10:29:15,1006.0,639064
2021-05-26 10:29:16,1006.4,639066
2021-05-26 10:29:16,1006.0,639171
2021-05-26 10:29:17,1006.0,639172
2021-05-26 10:29:18,1006.4,639512
2021-05-26 10:29:19,1006.05,639522
2021-05-26 10:29:21,1006.0,645846
2021-05-26 10:29:23,1006.0,645897
2021-05-26 10:29:24,1006.3,645919
2021-05-26 10:29:25,1006.35,645934
2021-05-26 10:29:26,1006.3,645986
2021-05-26 10:29:27,1006.4,646052
2021-05-26 10:29:27,1006.4,646052
2021-05-26 10:29:29,1006.4,646068
2021-05-26 10:29:30,1006.05,646089
2021-05-26 10:29:31,1006.35,646091
2021-05-26 10:29:33,1006.35,646508
2021-05-26 10:29:35,1006.0,646610
2021-05-26 10:29:36,1006.35,647231
2021-05-26 10:29:37,1006.35,647231
2021-05-26 10:29:38,1006.0,647266
2021-05-26 10:29:39,1006.0,647278
2021-05-26 10:29:40,1006.0,647278
2021-05-26 10:29:41,1006.0,647280
2021-05-26 10:29:42,1006.0,647280
2021-05-26 10:29:43,1006.0,647330
2021-05-26 10:29:44,1006.0,647381
2021-05-26 10:29:45,1006.0,647381
2021-05-26 10:29:47,1006.25,647422
2021-05-26 10:29:48,1006.25,647422
2021-05-26 10:29:49,1006.05,647426
2021-05-26 10:29:50,1006.05,647426
2021-05-26 10:29:51,1006.05,647457
2021-05-26 10:29:52,1006.25,647471
2021-05-26 10:29:53,1006.25,647608
2021-05-26 10:29:54,1006.25,647608
2021-05-26 10:29:55,1006.0,648059
2021-05-26 10:29:56,1006.0,648669
2021-05-26 10:29:57,1006.2,648771
2021-05-26 10:30:00,1006.0,648881
2021-05-26 10:29:59,1006.0,648881
2021-05-26 10:30:01,1006.0,648881
2021-05-26 10:30:02,1006.0,648881
2021-05-26 10:30:03,1006.0,648949
2021-05-26 10:30:04,1006.0,648949
2021-05-26 10:30:05,1006.0,649149
2021-05-26 10:30:06,1006.0,649209
2021-05-26 10:30:07,1006.2,649226
2021-05-26 10:30:09,1006.0,649343
2021-05-26 10:30:10,1006.2,649403
2021-05-26 10:30:11,1006.2,649451
2021-05-26 10:30:12,1006.2,649527
2021-05-26 10:30:14,1006.0,649850
2021-05-26 10:30:15,1006.2,650056
2021-05-26 10:30:16,1006.2,650056
2021-05-26 10:30:17,1006.0,650256
2021-05-26 10:30:18,1006.2,650468
2021-05-26 10:30:19,1006.2,651990
2021-05-26 10:30:21,1006.2,652010
2021-05-26 10:30:22,1006.2,652010
2021-05-26 10:30:23,1006.2,652010
2021-05-26 10:30:24,1006.2,652010
2021-05-26 10:30:25,1006.2,652023
2021-05-26 10:30:26,1006.2,652023
2021-05-26 10:30:27,1006.2,652023
2021-05-26 10:30:28,1006.2,652043
2021-05-26 10:30:29,1006.2,652119
2021-05-26 10:30:30,1006.25,652124
2021-05-26 10:30:32,1006.2,652199
2021-05-26 10:30:34,1006.35,652243
2021-05-26 10:30:35,1006.0,653248
2021-05-26 10:30:36,1006.2,653256
2021-05-26 10:30:37,1006.2,653256
2021-05-26 10:30:38,1006.0,653270
2021-05-26 10:30:39,1006.0,653270
2021-05-26 10:30:40,1006.05,653307
2021-05-26 10:30:41,1006.05,653307
2021-05-26 10:30:42,1006.35,653342
2021-05-26 10:30:43,1006.05,653348
2021-05-26 10:30:44,1006.05,653348
2021-05-26 10:30:45,1006.05,653348
2021-05-26 10:30:46,1006.0,653398
2021-05-26 10:30:47,1006.0,664847
2021-05-26 10:30:48,1006.0,664898
2021-05-26 10:30:49,1006.0,665600
2021-05-26 10:30:50,1006.0,665600
2021-05-26 10:30:51,1006.0,665814
2021-05-26 10:30:52,1006.0,665866
2021-05-26 10:30:53,1006.0,665871
2021-05-26 10:30:54,1006.2,665956
2021-05-26 10:30:55,1006.0,666089
2021-05-26 10:30:56,1006.0,666118
2021-05-26 10:30:57,1006.0,666174
2021-05-26 10:30:58,1006.0,666174
2021-05-26 10:30:59,1006.0,666174
2021-05-26 10:31:00,1006.0,666174
2021-05-26 10:31:01,1006.0,666184
2021-05-26 10:31:02,1006.0,666204
2021-05-26 10:31:03,1006.0,666274
2021-05-26 10:31:04,1006.0,666274
2021-05-26 10:31:05,1006.0,666274
2021-05-26 10:31:06,1006.0,666274
2021-05-26 10:31:07,1006.1,666284
2021-05-26 10:31:08,1006.0,666329
2021-05-26 10:31:09,1006.0,666329
2021-05-26 10:31:10,1006.05,666434
2021-05-26 10:31:11,1006.05,666434
2021-05-26 10:31:12,1006.05,666434
2021-05-26 10:31:13,1006.0,666587
2021-05-26 10:31:14,1006.0,669350
2021-05-26 10:31:15,1006.0,669350
2021-05-26 10:31:16,1006.1,669851
2021-05-26 10:31:17,1006.5,670856
2021-05-26 10:31:18,1006.5,670856
2021-05-26 10:31:19,1006.5,670893
2021-05-26 10:31:20,1006.5,670893
2021-05-26 10:31:21,1006.5,670893
2021-05-26 10:31:22,1006.15,670903
2021-05-26 10:31:23,1006.15,670903
2021-05-26 10:31:24,1006.15,670903
2021-05-26 10:31:25,1006.35,671502
2021-05-26 10:31:26,1006.35,671960
2021-05-26 10:31:28,1006.7,671990
2021-05-26 10:31:29,1006.7,672514
2021-05-26 10:31:30,1007.0,678681
2021-05-26 10:31:31,1007.0,678681
2021-05-26 10:31:32,1007.0,678681
2021-05-26 10:31:33,1007.0,678738
2021-05-26 10:31:34,1006.55,678809
2021-05-26 10:31:36,1006.5,678873
2021-05-26 10:31:35,1006.5,678873
2021-05-26 10:31:37,1006.5,678873
2021-05-26 10:31:38,1006.85,678909
2021-05-26 10:31:40,1007.0,681560
2021-05-26 10:31:41,1007.0,681808
2021-05-26 10:31:43,1007.25,681911
2021-05-26 10:31:45,1007.0,682462
2021-05-26 10:31:46,1007.0,682502
2021-05-26 10:31:47,1007.25,682528
2021-05-26 10:31:48,1007.05,683050
2021-05-26 10:31:49,1007.4,683550
2021-05-26 10:31:50,1006.6,684725
2021-05-26 10:31:51,1006.85,685174
2021-05-26 10:31:52,1006.9,685196
2021-05-26 10:31:53,1006.9,685239
2021-05-26 10:31:54,1007.0,685369
2021-05-26 10:31:55,1007.0,685389
2021-05-26 10:31:56,1007.0,685450
2021-05-26 10:31:57,1007.0,686160
2021-05-26 10:31:58,1007.0,686160
2021-05-26 10:31:59,1006.9,686295
2021-05-26 10:32:00,1006.95,686395
2021-05-26 10:32:03,1006.95,686395
2021-05-26 10:32:04,1006.45,686551
2021-05-26 10:32:05,1006.95,686581
2021-05-26 10:32:06,1006.25,688827
2021-05-26 10:32:07,1006.25,688827
2021-05-26 10:32:08,1006.9,688928
2021-05-26 10:32:09,1006.9,688928
2021-05-26 10:32:12,1006.8,688994
2021-05-26 10:32:13,1006.8,688997
2021-05-26 10:32:14,1006.65,689513
2021-05-26 10:32:15,1006.25,689519
2021-05-26 10:32:16,1006.0,691588
2021-05-26 10:32:17,1006.3,691589
2021-05-26 10:32:18,1006.3,691589
2021-05-26 10:32:19,1006.0,691639
2021-05-26 10:32:21,1006.55,691817
2021-05-26 10:32:22,1006.05,691917
2021-05-26 10:32:23,1006.3,691934
2021-05-26 10:32:24,1006.3,692371
2021-05-26 10:32:25,1006.3,692371
2021-05-26 10:32:26,1006.05,692546
2021-05-26 10:32:27,1006.5,692796
2021-05-26 10:32:29,1006.0,693881
2021-05-26 10:32:30,1005.5,695090
2021-05-26 10:32:31,1005.05,695120
2021-05-26 10:32:32,1005.05,695240
2021-05-26 10:32:33,1005.05,695240
2021-05-26 10:32:34,1005.0,696004
2021-05-26 10:32:35,1005.0,696269
2021-05-26 10:32:36,1005.45,696279
2021-05-26 10:32:38,1005.0,696324
2021-05-26 10:32:38,1005.0,696324
2021-05-26 10:32:39,1004.4,697431
2021-05-26 10:32:40,1005.0,697472
2021-05-26 10:32:41,1004.5,697480
2021-05-26 10:32:42,1004.5,697480
2021-05-26 10:32:43,1004.85,699031
2021-05-26 10:32:44,1004.85,699031
2021-05-26 10:32:45,1004.3,699066
2021-05-26 10:32:46,1004.2,699166
2021-05-26 10:32:47,1004.5,699167
2021-05-26 10:32:48,1004.45,699172
2021-05-26 10:32:49,1004.45,699293
2021-05-26 10:32:50,1004.4,699838
2021-05-26 10:32:51,1004.35,699858
2021-05-26 10:32:52,1004.35,699910
2021-05-26 10:32:53,1004.35,699920
2021-05-26 10:32:55,1005.1,700170
2021-05-26 10:32:55,1005.1,700170
2021-05-26 10:32:56,1005.1,700170
2021-05-26 10:32:57,1004.65,700281
2021-05-26 10:32:59,1004.85,700750
2021-05-26 10:33:01,1005.5,701211
2021-05-26 10:33:02,1005.0,701261
2021-05-26 10:33:03,1004.95,701353
2021-05-26 10:33:04,1004.95,701453
2021-05-26 10:33:05,1004.95,701453
2021-05-26 10:33:06,1005.0,701608
2021-05-26 10:33:07,1005.55,702088
2021-05-26 10:33:08,1005.1,702142
2021-05-26 10:33:09,1005.5,702192
2021-05-26 10:33:11,1005.3,702252
2021-05-26 10:33:11,1005.3,702252
2021-05-26 10:33:12,1005.3,702252
2021-05-26 10:33:13,1005.45,702389
2021-05-26 10:33:14,1005.45,702389
2021-05-26 10:33:15,1005.3,702489
2021-05-26 10:33:16,1005.5,702490
2021-05-26 10:33:18,1005.5,702490
2021-05-26 10:33:18,1005.5,702490
2021-05-26 10:33:19,1005.5,702490
2021-05-26 10:33:20,1005.3,702590
2021-05-26 10:33:21,1005.3,702843
2021-05-26 10:33:23,1005.45,702944
2021-05-26 10:33:24,1005.45,702944
2021-05-26 10:33:25,1005.3,702971
2021-05-26 10:33:27,1005.0,703193
2021-05-26 10:33:27,1005.0,703193
2021-05-26 10:33:28,1005.0,703193
2021-05-26 10:33:30,1005.35,703209
2021-05-26 10:33:31,1005.0,703238
2021-05-26 10:33:32,1005.3,703243
2021-05-26 10:33:33,1005.3,703243
2021-05-26 10:33:34,1005.3,703263
2021-05-26 10:33:35,1005.0,703268
2021-05-26 10:33:36,1005.0,703303
2021-05-26 10:33:37,1005.0,703303
2021-05-26 10:33:39,1005.3,703332
2021-05-26 10:33:40,1005.3,703332
2021-05-26 10:33:40,1005.3,703332
2021-05-26 10:33:41,1005.3,703535
2021-05-26 10:33:42,1005.15,703539
2021-05-26 10:33:43,1005.3,703699
2021-05-26 10:33:44,1005.3,703699
2021-05-26 10:33:45,1005.0,703744
2021-05-26 10:33:46,1005.0,703764
2021-05-26 10:33:47,1005.0,703767
2021-05-26 10:33:48,1004.65,703859
2021-05-26 10:33:49,1005.0,703864
2021-05-26 10:33:50,1004.65,703865
2021-05-26 10:33:51,1004.65,703865
2021-05-26 10:33:52,1005.0,703890
2021-05-26 10:33:54,1005.2,704070
2021-05-26 10:33:55,1005.2,704070
2021-05-26 10:33:55,1005.2,704070
2021-05-26 10:33:56,1005.2,704070
2021-05-26 10:33:57,1005.2,704070
2021-05-26 10:33:58,1004.6,704145
2021-05-26 10:33:59,1004.6,704145
2021-05-26 10:34:00,1004.7,704173
2021-05-26 10:34:01,1005.2,704274
2021-05-26 10:34:02,1004.7,704323
2021-05-26 10:34:03,1004.7,704323
2021-05-26 10:34:05,1004.7,704449
2021-05-26 10:34:07,1005.0,704481
2021-05-26 10:34:07,1005.0,704481
2021-05-26 10:34:08,1005.0,704481
2021-05-26 10:34:09,1005.0,704481
2021-05-26 10:34:11,1004.85,704491
2021-05-26 10:34:13,1004.85,704491
2021-05-26 10:34:13,1005.0,704508
2021-05-26 10:34:14,1004.7,704513
2021-05-26 10:34:16,1005.0,704558
2021-05-26 10:34:17,1005.0,704558
2021-05-26 10:34:18,1005.0,704558
2021-05-26 10:34:19,1004.7,704563
2021-05-26 10:34:20,1005.0,704566
2021-05-26 10:34:20,1004.7,704569
2021-05-26 10:34:21,1005.0,704579
2021-05-26 10:34:22,1004.7,704629
2021-05-26 10:34:24,1004.7,704629
2021-05-26 10:34:25,1004.7,704639
2021-05-26 10:34:25,1004.85,704730
2021-05-26 10:34:27,1004.95,705231
2021-05-26 10:34:28,1004.7,705241
2021-05-26 10:34:29,1004.95,705243
2021-05-26 10:34:30,1004.8,705273
2021-05-26 10:34:31,1004.8,705373
2021-05-26 10:34:32,1004.5,707023
2021-05-26 10:34:35,1004.95,707160
2021-05-26 10:34:36,1004.95,707160
2021-05-26 10:34:37,1004.95,707160
2021-05-26 10:34:38,1004.5,707164
2021-05-26 10:34:39,1004.8,707734
2021-05-26 10:34:40,1004.8,707734
2021-05-26 10:34:42,1004.95,707744
2021-05-26 10:34:43,1004.95,707744
2021-05-26 10:34:44,1004.95,707744
2021-05-26 10:34:45,1004.7,708325
2021-05-26 10:34:47,1004.7,708325
2021-05-26 10:34:48,1005.3,709517
2021-05-26 10:34:49,1005.0,709617
2021-05-26 10:34:50,1005.0,709654
2021-05-26 10:34:50,1005.0,709654
2021-05-26 10:34:51,1005.0,709654
2021-05-26 10:34:52,1005.0,709654
2021-05-26 10:34:54,1005.5,709872
2021-05-26 10:34:54,1005.5,709887
2021-05-26 10:34:55,1005.15,709888
2021-05-26 10:34:56,1005.15,709888
2021-05-26 10:34:57,1005.15,709889
2021-05-26 10:34:58,1005.5,709949
2021-05-26 10:34:59,1005.5,709949
2021-05-26 10:35:00,1005.3,711785
2021-05-26 10:35:01,1005.3,711785
2021-05-26 10:35:02,1005.65,711840
2021-05-26 10:35:03,1005.3,711845
2021-05-26 10:35:04,1005.3,711845
2021-05-26 10:35:05,1006.0,711900
2021-05-26 10:35:06,1005.3,711910
2021-05-26 10:35:07,1005.75,711945
2021-05-26 10:35:08,1005.5,711995
2021-05-26 10:35:09,1005.85,712195
2021-05-26 10:35:10,1005.85,712385
2021-05-26 10:35:12,1005.5,712495
2021-05-26 10:35:13,1006.0,713495
2021-05-26 10:35:14,1005.15,713666
2021-05-26 10:35:15,1005.15,713666
2021-05-26 10:35:16,1005.15,713666
2021-05-26 10:35:17,1005.7,713672
2021-05-26 10:35:19,1005.7,713672
2021-05-26 10:35:20,1005.7,713672
2021-05-26 10:35:21,1005.7,713672
2021-05-26 10:35:21,1005.7,713672
2021-05-26 10:35:22,1005.7,713673
2021-05-26 10:35:23,1005.15,713703
2021-05-26 10:35:24,1005.15,713799
2021-05-26 10:35:25,1005.05,713809
2021-05-26 10:35:26,1005.6,713870
2021-05-26 10:35:27,1005.65,713950
2021-05-26 10:35:28,1005.65,713950
2021-05-26 10:35:29,1005.65,713950
2021-05-26 10:35:30,1005.2,714050
2021-05-26 10:35:31,1005.2,714050
2021-05-26 10:35:32,1005.0,714719
2021-05-26 10:35:34,1005.0,714719
2021-05-26 10:35:35,1005.5,714819
2021-05-26 10:35:36,1005.5,714950
2021-05-26 10:35:37,1005.5,715065
2021-05-26 10:35:38,1005.05,715070
2021-05-26 10:35:39,1005.05,715090
2021-05-26 10:35:40,1005.0,715120
2021-05-26 10:35:40,1005.05,715090
2021-05-26 10:35:41,1005.6,715190
2021-05-26 10:35:42,1005.6,715190
2021-05-26 10:35:44,1005.0,715191
2021-05-26 10:35:45,1005.0,715191
2021-05-26 10:35:46,1005.0,715213
2021-05-26 10:35:47,1005.0,715228
2021-05-26 10:35:48,1005.0,715238
2021-05-26 10:35:49,1005.5,715315
2021-05-26 10:35:50,1005.0,715630
2021-05-26 10:35:52,1005.0,715630
2021-05-26 10:35:53,1005.0,715905
2021-05-26 10:35:55,1005.0,715966
2021-05-26 10:35:56,1005.45,715976
2021-05-26 10:35:56,1005.0,716276
2021-05-26 10:35:57,1005.0,716277
2021-05-26 10:35:58,1005.0,716302
2021-05-26 10:35:59,1005.0,716302
2021-05-26 10:36:00,1005.45,716406
2021-05-26 10:36:01,1005.45,716406
2021-05-26 10:36:02,1005.45,716406
2021-05-26 10:36:03,1005.15,716407
2021-05-26 10:36:05,1005.0,716415
2021-05-26 10:36:07,1005.0,716415
2021-05-26 10:36:08,1005.0,716415
2021-05-26 10:36:09,1005.1,716518
2021-05-26 10:36:09,1005.1,716538
2021-05-26 10:36:10,1005.05,716553
2021-05-26 10:36:11,1005.05,716554
2021-05-26 10:36:12,1005.05,716604
2021-05-26 10:36:13,1005.5,716728
2021-05-26 10:36:14,1005.05,716740
2021-05-26 10:36:15,1005.05,716740
2021-05-26 10:36:16,1005.05,716740
2021-05-26 10:36:17,1005.1,716906
2021-05-26 10:36:19,1005.1,716906
2021-05-26 10:36:21,1005.15,716916
2021-05-26 10:36:22,1005.15,716916
2021-05-26 10:36:22,1005.15,716916
2021-05-26 10:36:23,1005.15,716923
2021-05-26 10:36:24,1005.15,716923
2021-05-26 10:36:25,1005.15,716923
2021-05-26 10:36:26,1005.05,716935
2021-05-26 10:36:27,1005.05,716935
2021-05-26 10:36:28,1005.05,716935
2021-05-26 10:36:30,1005.0,716955
2021-05-26 10:36:31,1005.05,716964
2021-05-26 10:36:32,1005.0,717004
2021-05-26 10:36:32,1005.0,717049
2021-05-26 10:36:34,1005.0,717049
2021-05-26 10:36:35,1005.0,717059
2021-05-26 10:36:36,1005.0,717059
2021-05-26 10:36:37,1005.0,717059
2021-05-26 10:36:38,1005.05,717160
2021-05-26 10:36:39,1005.1,717183
2021-05-26 10:36:40,1005.1,717183
2021-05-26 10:36:41,1005.1,717233
2021-05-26 10:36:41,1005.1,717233
2021-05-26 10:36:42,1005.0,717654
2021-05-26 10:36:44,1005.0,717654
2021-05-26 10:36:45,1005.1,717664
2021-05-26 10:36:46,1005.1,717664
2021-05-26 10:36:47,1005.1,717664
2021-05-26 10:36:48,1005.1,717664
2021-05-26 10:36:49,1004.55,718358
2021-05-26 10:36:50,1004.55,718358
2021-05-26 10:36:52,1004.55,718358
2021-05-26 10:36:53,1004.55,718358
2021-05-26 10:36:53,1004.55,718358
2021-05-26 10:36:54,1004.55,718358
2021-05-26 10:36:55,1004.55,718358
2021-05-26 10:36:56,1004.55,718388
2021-05-26 10:36:58,1004.55,718388
2021-05-26 10:36:59,1004.55,718388
2021-05-26 10:37:00,1004.95,718496
2021-05-26 10:37:01,1004.95,718496
2021-05-26 10:37:02,1004.95,718496
2021-05-26 10:37:03,1004.95,718496
2021-05-26 10:37:04,1004.95,718496
2021-05-26 10:37:06,1004.95,718498
2021-05-26 10:37:07,1004.55,718508
2021-05-26 10:37:08,1004.55,718508
2021-05-26 10:37:08,1004.55,718509
2021-05-26 10:37:11,1005.0,718521
2021-05-26 10:37:11,1005.0,718521
2021-05-26 10:37:12,1005.0,718521
2021-05-26 10:37:13,1005.0,718521
2021-05-26 10:37:14,1005.0,719582
2021-05-26 10:37:15,1004.55,720232
2021-05-26 10:37:17,1005.0,720242
2021-05-26 10:37:18,1005.0,720242
2021-05-26 10:37:19,1005.0,720242
2021-05-26 10:37:20,1004.55,720246
2021-05-26 10:37:21,1004.55,720246
2021-05-26 10:37:22,1004.55,720246
2021-05-26 10:37:23,1004.55,720246
2021-05-26 10:37:24,1004.55,720246
2021-05-26 10:37:26,1004.55,720246
2021-05-26 10:37:27,1004.55,720301
2021-05-26 10:37:28,1004.55,720401
2021-05-26 10:37:30,1004.55,720763
2021-05-26 10:37:30,1004.55,720763
2021-05-26 10:37:32,1004.3,720768
2021-05-26 10:37:34,1004.25,720778
2021-05-26 10:37:33,1004.3,720768
2021-05-26 10:37:35,1004.55,720873
2021-05-26 10:37:36,1004.25,720896
2021-05-26 10:37:37,1004.25,720896
2021-05-26 10:37:38,1004.25,720896
2021-05-26 10:37:39,1004.25,720926
2021-05-26 10:37:41,1004.3,721206
2021-05-26 10:37:41,1004.3,721206
2021-05-26 10:37:43,1004.3,721241
2021-05-26 10:37:43,1004.3,721241
2021-05-26 10:37:44,1004.3,721241
2021-05-26 10:37:46,1004.55,721256
2021-05-26 10:37:47,1004.55,721492
2021-05-26 10:37:48,1004.55,721492
2021-05-26 10:37:49,1004.75,721587
2021-05-26 10:37:50,1004.75,721589
2021-05-26 10:37:51,1004.75,721589
2021-05-26 10:37:52,1004.75,721589
2021-05-26 10:37:53,1004.35,721590
2021-05-26 10:37:54,1004.35,721590
2021-05-26 10:37:55,1004.35,721590
2021-05-26 10:37:56,1004.35,721603
2021-05-26 10:37:56,1004.35,721603
2021-05-26 10:37:57,1004.35,721603
2021-05-26 10:37:58,1004.4,721922
2021-05-26 10:37:59,1004.4,721922
2021-05-26 10:38:00,1004.4,721922
2021-05-26 10:38:01,1004.4,721922
2021-05-26 10:38:03,1004.45,721975
2021-05-26 10:38:03,1004.5,721972
2021-05-26 10:38:05,1004.45,721975
2021-05-26 10:38:06,1004.45,721975
2021-05-26 10:38:07,1005.0,722025
2021-05-26 10:38:08,1005.0,722508
2021-05-26 10:38:09,1005.0,722579
2021-05-26 10:38:10,1005.0,722579
2021-05-26 10:38:11,1004.75,722589
2021-05-26 10:38:12,1004.75,722669
2021-05-26 10:38:13,1004.6,723349
2021-05-26 10:38:13,1004.6,723349
2021-05-26 10:38:14,1005.0,723353
2021-05-26 10:38:15,1004.55,723393
2021-05-26 10:38:16,1004.55,723393
2021-05-26 10:38:17,1004.55,723404
2021-05-26 10:38:18,1004.55,723404
2021-05-26 10:38:19,1005.15,723494
2021-05-26 10:38:20,1005.0,723519
2021-05-26 10:38:21,1004.55,723719
2021-05-26 10:38:22,1004.55,723719
2021-05-26 10:38:24,1005.0,723726
2021-05-26 10:38:24,1005.0,723726
2021-05-26 10:38:26,1005.0,723726
2021-05-26 10:38:27,1005.0,723776
2021-05-26 10:38:28,1004.55,723806
2021-05-26 10:38:29,1004.55,723806
2021-05-26 10:38:30,1004.55,723861
2021-05-26 10:38:31,1004.6,723877
2021-05-26 10:38:32,1004.6,723887
2021-05-26 10:38:32,1004.6,723887
2021-05-26 10:38:33,1004.6,723887
2021-05-26 10:38:34,1004.6,723893
2021-05-26 10:38:35,1004.6,723893
2021-05-26 10:38:36,1004.55,723943
2021-05-26 10:38:38,1004.55,723993
2021-05-26 10:38:39,1004.55,723993
2021-05-26 10:38:40,1004.9,724008
2021-05-26 10:38:41,1005.0,724305
2021-05-26 10:38:42,1004.7,724410
2021-05-26 10:38:43,1004.7,724410
2021-05-26 10:38:46,1004.65,724565
2021-05-26 10:38:47,1004.65,724565
2021-05-26 10:38:47,1004.65,724565
2021-05-26 10:38:49,1005.15,724568
2021-05-26 10:38:50,1005.15,724571
2021-05-26 10:38:50,1005.15,724571
2021-05-26 10:38:51,1004.65,724592
2021-05-26 10:38:52,1005.0,724597
2021-05-26 10:38:53,1005.0,724597
2021-05-26 10:38:55,1004.65,724662
2021-05-26 10:38:55,1004.65,724662
2021-05-26 10:38:56,1004.7,724674
2021-05-26 10:38:58,1005.15,724688
2021-05-26 10:38:59,1005.15,724688
2021-05-26 10:39:00,1005.25,724788
2021-05-26 10:39:01,1005.2,724802
2021-05-26 10:39:02,1005.2,724802
2021-05-26 10:39:04,1005.2,724802
2021-05-26 10:39:05,1004.7,724906
2021-05-26 10:39:06,1004.7,724906
2021-05-26 10:39:07,1005.0,724918
2021-05-26 10:39:08,1005.0,724918
2021-05-26 10:39:09,1005.05,724970
2021-05-26 10:39:10,1005.05,724970
2021-05-26 10:39:11,1005.05,724970
2021-05-26 10:39:12,1005.05,724970
2021-05-26 10:39:13,1005.15,724988
2021-05-26 10:39:14,1005.15,725088
2021-05-26 10:39:15,1005.15,725088
2021-05-26 10:39:16,1005.15,725088
2021-05-26 10:39:17,1005.15,725088
2021-05-26 10:39:18,1005.15,725098
2021-05-26 10:39:19,1005.25,725148
2021-05-26 10:39:20,1004.7,725199
2021-05-26 10:39:21,1004.7,725199
2021-05-26 10:39:22,1004.7,725199
2021-05-26 10:39:23,1004.7,725199
2021-05-26 10:39:24,1005.3,725299
2021-05-26 10:39:25,1005.3,725299
2021-05-26 10:39:26,1005.0,725450
2021-05-26 10:39:27,1005.0,725451
2021-05-26 10:39:28,1005.0,725451
2021-05-26 10:39:29,1005.0,725471
2021-05-26 10:39:29,1005.0,725471
2021-05-26 10:39:30,1005.0,725472
2021-05-26 10:39:32,1005.0,725472
2021-05-26 10:39:33,1005.35,725650
2021-05-26 10:39:34,1005.5,726150
2021-05-26 10:39:35,1005.5,726200
2021-05-26 10:39:36,1005.0,727107
2021-05-26 10:39:37,1005.0,727107
2021-05-26 10:39:38,1005.0,727107
2021-05-26 10:39:39,1005.0,727107
2021-05-26 10:39:40,1005.6,727108
2021-05-26 10:39:41,1005.3,727112
2021-05-26 10:39:41,1005.3,727112
2021-05-26 10:39:42,1005.6,727117
2021-05-26 10:39:43,1005.6,727117
2021-05-26 10:39:45,1005.6,727413
2021-05-26 10:39:45,1005.6,727413
2021-05-26 10:39:46,1005.0,727428
2021-05-26 10:39:47,1005.0,727428
2021-05-26 10:39:48,1005.0,727428
2021-05-26 10:39:49,1005.0,727438
2021-05-26 10:39:51,1004.85,727661
2021-05-26 10:39:52,1004.9,727671
2021-05-26 10:39:53,1005.0,727672
2021-05-26 10:39:54,1005.0,727672
2021-05-26 10:39:55,1005.0,727672
2021-05-26 10:39:57,1005.0,727672
2021-05-26 10:39:58,1004.7,727722
2021-05-26 10:39:59,1004.7,727722
2021-05-26 10:40:00,1004.7,727722
2021-05-26 10:40:01,1004.7,727722
2021-05-26 10:40:02,1005.0,727732
2021-05-26 10:40:03,1005.0,727732
2021-05-26 10:40:04,1004.75,727754
2021-05-26 10:40:04,1004.75,727754
2021-05-26 10:40:05,1004.75,727754
2021-05-26 10:40:06,1004.75,727754
2021-05-26 10:40:08,1004.75,727779
2021-05-26 10:40:09,1005.0,727929
2021-05-26 10:40:10,1005.0,727929
2021-05-26 10:40:10,1005.0,727929
2021-05-26 10:40:11,1005.0,727929
2021-05-26 10:40:13,1004.8,727969
2021-05-26 10:40:14,1005.0,727994
2021-05-26 10:40:15,1005.0,727994
2021-05-26 10:40:16,1004.8,728001
2021-05-26 10:40:17,1004.8,728002
2021-05-26 10:40:18,1004.8,728022
2021-05-26 10:40:19,1004.8,728028
2021-05-26 10:40:20,1004.8,728028
2021-05-26 10:40:21,1004.8,728088
2021-05-26 10:40:22,1004.7,728093
2021-05-26 10:40:23,1004.7,728093
2021-05-26 10:40:24,1004.7,728093
2021-05-26 10:40:25,1004.7,728095
2021-05-26 10:40:27,1004.7,728095
2021-05-26 10:40:28,1004.7,728095
2021-05-26 10:40:29,1004.7,728195
2021-05-26 10:40:30,1004.7,728195
2021-05-26 10:40:30,1004.7,728195
2021-05-26 10:40:32,1004.7,728195
2021-05-26 10:40:33,1004.85,728235
2021-05-26 10:40:34,1004.85,728235
2021-05-26 10:40:35,1004.7,728435
2021-05-26 10:40:36,1004.65,728784
2021-05-26 10:40:37,1004.55,728834
2021-05-26 10:40:38,1004.85,728841
2021-05-26 10:40:39,1004.85,728841
2021-05-26 10:40:40,1004.85,728841
2021-05-26 10:40:41,1004.1,729697
2021-05-26 10:40:42,1004.1,729697
2021-05-26 10:40:43,1004.1,729697
2021-05-26 10:40:44,1004.1,729697
2021-05-26 10:40:45,1004.25,729715
2021-05-26 10:40:48,1004.75,729817
2021-05-26 10:40:49,1004.75,729817
2021-05-26 10:40:51,1004.6,729818
2021-05-26 10:40:52,1004.6,729818
2021-05-26 10:40:53,1004.6,729818
2021-05-26 10:40:54,1004.65,729823
2021-05-26 10:40:56,1004.65,729823
2021-05-26 10:40:57,1004.65,729823
2021-05-26 10:40:58,1004.95,730346
2021-05-26 10:40:59,1004.3,730400
2021-05-26 10:41:00,1004.75,730500
2021-05-26 10:41:01,1004.75,730542
2021-05-26 10:41:02,1004.3,730567
2021-05-26 10:41:03,1004.3,730567
2021-05-26 10:41:07,1004.3,730667
2021-05-26 10:41:08,1004.3,730667
2021-05-26 10:41:10,1004.65,730692
2021-05-26 10:41:11,1004.2,730707
2021-05-26 10:41:12,1004.2,730707
2021-05-26 10:41:13,1004.2,730712
2021-05-26 10:41:14,1004.2,730712
2021-05-26 10:41:15,1004.65,730772
2021-05-26 10:41:17,1004.25,730807
2021-05-26 10:41:18,1004.25,730812
2021-05-26 10:41:19,1004.25,730812
2021-05-26 10:41:20,1004.15,730942
2021-05-26 10:41:21,1004.15,730942
2021-05-26 10:41:22,1004.15,730942
2021-05-26 10:41:23,1004.15,730942
2021-05-26 10:41:24,1004.15,730942
2021-05-26 10:41:26,1004.15,730958
2021-05-26 10:41:27,1004.15,730958
2021-05-26 10:41:28,1004.15,730958
2021-05-26 10:41:29,1004.2,731004
2021-05-26 10:41:30,1004.2,731004
2021-05-26 10:41:31,1004.2,731004
2021-05-26 10:41:32,1004.15,731041
2021-05-26 10:41:33,1004.2,731049
2021-05-26 10:41:34,1004.2,731049
2021-05-26 10:41:35,1004.05,731232
2021-05-26 10:41:36,1004.05,731234
2021-05-26 10:41:37,1004.05,731254
2021-05-26 10:41:38,1004.05,731254
2021-05-26 10:41:39,1004.05,731254
2021-05-26 10:41:40,1004.05,731254
2021-05-26 10:41:41,1004.05,731264
2021-05-26 10:41:42,1004.2,732114
2021-05-26 10:41:43,1003.65,733016
2021-05-26 10:41:44,1003.7,733534
2021-05-26 10:41:45,1003.7,733534
2021-05-26 10:41:46,1003.9,733709
2021-05-26 10:41:47,1003.95,733814
2021-05-26 10:41:48,1004.0,733904
2021-05-26 10:41:49,1004.0,733904
2021-05-26 10:41:50,1004.0,733904
2021-05-26 10:41:53,1003.55,734109
2021-05-26 10:41:54,1003.6,734119
2021-05-26 10:41:55,1003.6,734120
2021-05-26 10:41:58,1003.7,734134
2021-05-26 10:41:57,1003.7,734134
2021-05-26 10:41:59,1003.5,734284
2021-05-26 10:42:00,1003.5,734285
2021-05-26 10:42:01,1003.95,734295
2021-05-26 10:42:02,1003.5,734305
2021-05-26 10:42:03,1003.5,734388
2021-05-26 10:42:04,1003.5,734388
2021-05-26 10:42:05,1003.5,734388
2021-05-26 10:42:06,1003.5,734388
2021-05-26 10:42:07,1003.5,734488
2021-05-26 10:42:08,1003.5,734577
2021-05-26 10:42:09,1003.8,734637
2021-05-26 10:42:10,1003.8,734642
2021-05-26 10:42:11,1003.8,734649
2021-05-26 10:42:12,1003.65,734751
2021-05-26 10:42:13,1003.65,734751
2021-05-26 10:42:14,1003.5,734762
2021-05-26 10:42:15,1003.25,735076
2021-05-26 10:42:16,1003.5,735077
2021-05-26 10:42:18,1003.8,735178
2021-05-26 10:42:19,1003.9,735208
2021-05-26 10:42:20,1003.3,735468
2021-05-26 10:42:21,1003.85,735518
2021-05-26 10:42:22,1003.9,737119
2021-05-26 10:42:23,1003.9,737119
2021-05-26 10:42:24,1003.9,737119
2021-05-26 10:42:25,1003.9,737119
2021-05-26 10:42:26,1003.9,737119
2021-05-26 10:42:27,1003.9,737119
2021-05-26 10:42:28,1003.4,737245
2021-05-26 10:42:29,1003.35,737316
2021-05-26 10:42:30,1003.9,737322
2021-05-26 10:42:31,1003.9,737322
2021-05-26 10:42:33,1003.9,737322
2021-05-26 10:42:34,1003.45,737341
2021-05-26 10:42:36,1003.4,737357
2021-05-26 10:42:37,1003.8,737365
2021-05-26 10:42:38,1003.4,737379
2021-05-26 10:42:40,1003.5,737403
2021-05-26 10:42:41,1003.5,737403
2021-05-26 10:42:42,1003.5,737414
2021-05-26 10:42:44,1003.6,737458
2021-05-26 10:42:45,1003.5,737658
2021-05-26 10:42:46,1003.5,737658
2021-05-26 10:42:47,1003.5,737683
2021-05-26 10:42:48,1003.5,737683
2021-05-26 10:42:49,1003.5,737683
2021-05-26 10:42:50,1003.5,737683
2021-05-26 10:42:51,1003.5,737743
2021-05-26 10:42:52,1003.9,737745
2021-05-26 10:42:53,1003.55,737795
2021-05-26 10:42:56,1003.55,737805
2021-05-26 10:42:57,1003.55,737856
2021-05-26 10:42:58,1003.9,737906
2021-05-26 10:43:00,1003.95,738076
2021-05-26 10:43:00,1003.95,738076
2021-05-26 10:43:01,1003.95,738076
2021-05-26 10:43:02,1003.95,738076
2021-05-26 10:43:03,1003.95,738076
2021-05-26 10:43:04,1003.95,738076
2021-05-26 10:43:06,1004.0,739231
2021-05-26 10:43:06,1004.0,739231
2021-05-26 10:43:07,1004.0,739231
2021-05-26 10:43:08,1004.0,739231
2021-05-26 10:43:09,1004.1,739259
2021-05-26 10:43:10,1004.1,739259
2021-05-26 10:43:11,1004.1,739259
2021-05-26 10:43:12,1004.0,739509
2021-05-26 10:43:13,1004.0,739509
2021-05-26 10:43:14,1004.0,739509
2021-05-26 10:43:15,1004.0,739509
2021-05-26 10:43:16,1004.0,739509
2021-05-26 10:43:17,1004.0,739509
2021-05-26 10:43:18,1004.0,739509
2021-05-26 10:43:19,1004.0,739509
2021-05-26 10:43:21,1004.3,739534
2021-05-26 10:43:22,1003.85,739551
2021-05-26 10:43:23,1003.85,739551
2021-05-26 10:43:24,1003.85,739551
2021-05-26 10:43:25,1003.85,739551
2021-05-26 10:43:27,1003.85,739551
2021-05-26 10:43:28,1003.85,739551
2021-05-26 10:43:29,1003.85,739551
2021-05-26 10:43:30,1003.85,739551
2021-05-26 10:43:31,1003.85,739551
2021-05-26 10:43:32,1003.85,739551
2021-05-26 10:43:33,1003.9,739560
2021-05-26 10:43:34,1003.85,739570
2021-05-26 10:43:35,1003.85,739595
2021-05-26 10:43:36,1003.95,739596
2021-05-26 10:43:37,1003.95,739596
2021-05-26 10:43:38,1003.95,739597
2021-05-26 10:43:39,1003.95,739597
2021-05-26 10:43:40,1003.95,739597
2021-05-26 10:43:41,1003.95,739606
2021-05-26 10:43:42,1003.95,739606
2021-05-26 10:43:43,1003.95,739606
2021-05-26 10:43:44,1003.95,739715
2021-05-26 10:43:45,1003.95,739715
2021-05-26 10:43:46,1003.95,739715
2021-05-26 10:43:47,1003.95,739729
2021-05-26 10:43:49,1004.0,739759
2021-05-26 10:43:49,1004.0,739759
2021-05-26 10:43:50,1004.0,739759
2021-05-26 10:43:52,1004.0,739887
2021-05-26 10:43:52,1004.0,739887
2021-05-26 10:43:54,1004.0,739887
2021-05-26 10:43:55,1004.0,739887
2021-05-26 10:43:55,1004.0,739887
2021-05-26 10:43:56,1003.95,739912
2021-05-26 10:43:57,1003.95,740027
2021-05-26 10:43:59,1004.0,740028
2021-05-26 10:43:59,1004.0,740028
2021-05-26 10:44:00,1004.0,740028
2021-05-26 10:44:01,1003.95,740030
2021-05-26 10:44:02,1003.95,740030
2021-05-26 10:44:03,1003.95,740036
2021-05-26 10:44:04,1003.95,740036
2021-05-26 10:44:06,1003.95,740036
2021-05-26 10:44:07,1003.95,740046
2021-05-26 10:44:08,1003.95,740046
2021-05-26 10:44:09,1003.95,740046
2021-05-26 10:44:10,1003.95,740125
2021-05-26 10:44:11,1003.95,740125
2021-05-26 10:44:12,1003.95,740125
2021-05-26 10:44:13,1003.95,740125
2021-05-26 10:44:14,1003.95,740198
2021-05-26 10:44:15,1003.9,740203
2021-05-26 10:44:16,1003.9,740203
2021-05-26 10:44:17,1003.85,740256
2021-05-26 10:44:19,1003.85,740256
2021-05-26 10:44:20,1003.85,740272
2021-05-26 10:44:21,1003.85,740272
2021-05-26 10:44:22,1003.55,740372
2021-05-26 10:44:23,1003.55,740373
2021-05-26 10:44:25,1003.95,740521
2021-05-26 10:44:26,1003.95,740521
2021-05-26 10:44:27,1003.95,740521
2021-05-26 10:44:27,1003.95,740521
2021-05-26 10:44:28,1003.55,740571
2021-05-26 10:44:29,1003.55,740571
2021-05-26 10:44:30,1003.55,740571
2021-05-26 10:44:31,1003.6,740572
2021-05-26 10:44:33,1003.5,740932
2021-05-26 10:44:34,1003.35,740937
2021-05-26 10:44:35,1003.35,740937
2021-05-26 10:44:36,1003.35,740937
2021-05-26 10:44:36,1003.35,740937
2021-05-26 10:44:37,1003.35,740937
2021-05-26 10:44:38,1003.35,740937
2021-05-26 10:44:39,1003.6,741154
2021-05-26 10:44:41,1003.8,741164
2021-05-26 10:44:41,1003.8,741164
2021-05-26 10:44:42,1003.8,741164
2021-05-26 10:44:43,1003.8,741164
2021-05-26 10:44:44,1003.8,741164
2021-05-26 10:44:45,1003.8,741168
2021-05-26 10:44:46,1003.4,741178
2021-05-26 10:44:47,1003.4,741178
2021-05-26 10:44:48,1003.4,741178
2021-05-26 10:44:49,1003.5,741223
2021-05-26 10:44:50,1003.5,741223
2021-05-26 10:44:51,1003.5,741223
2021-05-26 10:44:52,1003.5,741273
2021-05-26 10:44:53,1003.5,741273
2021-05-26 10:44:54,1003.5,741273
2021-05-26 10:44:55,1003.5,741278
2021-05-26 10:44:56,1003.5,741278
2021-05-26 10:44:57,1003.5,741288
2021-05-26 10:44:58,1003.5,741288
2021-05-26 10:44:59,1003.9,741301
2021-05-26 10:45:00,1003.5,741411
2021-05-26 10:45:01,1003.5,741461
2021-05-26 10:45:03,1003.5,741611
2021-05-26 10:45:04,1003.5,741620
2021-05-26 10:45:05,1003.5,741620
2021-05-26 10:45:06,1003.5,741620
2021-05-26 10:45:06,1003.5,741620
2021-05-26 10:45:07,1003.5,741620
2021-05-26 10:45:08,1003.5,741637
2021-05-26 10:45:09,1003.65,741662
2021-05-26 10:45:10,1003.65,741662
2021-05-26 10:45:11,1003.65,741662
2021-05-26 10:45:12,1003.65,741662
2021-05-26 10:45:13,1003.65,741662
2021-05-26 10:45:14,1003.9,741697
2021-05-26 10:45:15,1003.9,741697
2021-05-26 10:45:16,1004.0,741712
2021-05-26 10:45:18,1003.9,741722
2021-05-26 10:45:18,1003.9,741722
2021-05-26 10:45:19,1003.9,741722
2021-05-26 10:45:20,1003.9,741722
2021-05-26 10:45:21,1003.9,741748
2021-05-26 10:45:22,1003.55,741856
2021-05-26 10:45:23,1003.55,741856
2021-05-26 10:45:24,1003.5,741917
2021-05-26 10:45:25,1003.5,741917
2021-05-26 10:45:26,1003.5,741917
2021-05-26 10:45:28,1003.5,741917
2021-05-26 10:45:29,1003.5,741917
2021-05-26 10:45:29,1003.5,742017
2021-05-26 10:45:30,1003.65,742026
2021-05-26 10:45:32,1003.65,742027
2021-05-26 10:45:32,1003.65,742027
2021-05-26 10:45:34,1003.65,742027
2021-05-26 10:45:35,1003.65,742027
2021-05-26 10:45:35,1003.65,742027
2021-05-26 10:45:36,1003.65,742027
2021-05-26 10:45:37,1003.5,742127
2021-05-26 10:45:38,1003.5,742127
2021-05-26 10:45:39,1003.5,742127
2021-05-26 10:45:40,1003.9,742447
2021-05-26 10:45:41,1003.9,742447
2021-05-26 10:45:42,1003.9,742447
2021-05-26 10:45:43,1003.9,742447
2021-05-26 10:45:44,1004.0,742546
2021-05-26 10:45:45,1004.0,742546
2021-05-26 10:45:46,1004.0,742546
2021-05-26 10:45:47,1003.6,742571
2021-05-26 10:45:48,1003.6,742672
2021-05-26 10:45:49,1004.0,742682
2021-05-26 10:45:51,1004.0,742682
2021-05-26 10:45:52,1004.0,742682
2021-05-26 10:45:53,1004.0,742683
2021-05-26 10:45:54,1004.0,742683
2021-05-26 10:45:54,1004.0,742683
2021-05-26 10:45:55,1004.0,743057
2021-05-26 10:45:56,1003.75,743097
2021-05-26 10:45:58,1003.7,743113
2021-05-26 10:45:59,1003.7,743113
2021-05-26 10:45:59,1003.7,743113
2021-05-26 10:46:01,1003.7,743113
2021-05-26 10:46:02,1003.7,743113
2021-05-26 10:46:04,1003.7,743113
2021-05-26 10:46:05,1003.7,743113
2021-05-26 10:46:05,1003.7,743113
2021-05-26 10:46:06,1003.7,743113
2021-05-26 10:46:07,1003.7,743113
2021-05-26 10:46:08,1003.7,743116
2021-05-26 10:46:09,1003.7,743116
2021-05-26 10:46:10,1003.7,743116
2021-05-26 10:46:12,1003.85,743126
2021-05-26 10:46:11,1003.85,743126
2021-05-26 10:46:13,1003.85,743126
2021-05-26 10:46:14,1004.0,743232
2021-05-26 10:46:15,1004.0,743232
2021-05-26 10:46:16,1004.0,743232
2021-05-26 10:46:17,1004.0,743237
2021-05-26 10:46:19,1004.0,743237
2021-05-26 10:46:20,1004.0,743237
2021-05-26 10:46:21,1004.4,743447
2021-05-26 10:46:22,1004.4,743447
2021-05-26 10:46:22,1004.4,743447
2021-05-26 10:46:23,1003.75,743477
2021-05-26 10:46:24,1004.35,743478
2021-05-26 10:46:25,1003.65,743481
2021-05-26 10:46:26,1003.65,743481
2021-05-26 10:46:27,1003.65,743481
2021-05-26 10:46:29,1003.65,743481
2021-05-26 10:46:30,1003.85,743482
2021-05-26 10:46:31,1003.85,743486
2021-05-26 10:46:32,1003.85,743497
2021-05-26 10:46:33,1003.85,743497
2021-05-26 10:46:34,1003.85,743497
2021-05-26 10:46:35,1003.85,743497
2021-05-26 10:46:36,1003.85,743497
