timestamp,ltp,volume
2021-03-30 09:25:00,706.4,1006121
2021-03-30 09:25:01,706.65,1006295
2021-03-30 09:25:02,706.5,1006795
2021-03-30 09:25:03,706.75,1007763
2021-03-30 09:25:04,706.5,1007963
2021-03-30 09:25:05,706.5,1007963
2021-03-30 09:25:06,706.65,1008382
2021-03-30 09:25:07,706.45,1008425
2021-03-30 09:25:08,706.45,1008726
2021-03-30 09:25:09,706.6,1009523
2021-03-30 09:25:10,706.5,1009547
2021-03-30 09:25:11,706.5,1010034
2021-03-30 09:25:12,706.7,1010684
2021-03-30 09:25:13,706.5,1011424
2021-03-30 09:25:14,706.5,1011710
2021-03-30 09:25:15,706.5,1012310
2021-03-30 09:25:16,706.5,1012764
2021-03-30 09:25:17,706.5,1012771
2021-03-30 09:25:18,706.15,1013724
2021-03-30 09:25:19,705.6,1018289
2021-03-30 09:25:20,705.7,1018652
2021-03-30 09:25:21,705.45,1019929
2021-03-30 09:25:22,705.4,1020929
2021-03-30 09:25:23,705.35,1022706
2021-03-30 09:25:24,705.1,1023932
2021-03-30 09:25:25,705.05,1026520
2021-03-30 09:25:26,705.35,1026751
2021-03-30 09:25:27,705.25,1027076
2021-03-30 09:25:28,705.2,1029582
2021-03-30 09:25:29,704.65,1032495
2021-03-30 09:25:30,704.65,1032495
2021-03-30 09:25:31,704.5,1033385
2021-03-30 09:25:32,704.5,1035629
2021-03-30 09:25:33,704.55,1036253
2021-03-30 09:25:34,704.65,1036592
2021-03-30 09:25:35,705.1,1038062
2021-03-30 09:25:36,705.1,1038127
2021-03-30 09:25:37,705.0,1038725
2021-03-30 09:25:38,704.8,1039510
2021-03-30 09:25:39,704.8,1039560
2021-03-30 09:25:40,705.1,1040860
2021-03-30 09:25:41,705.35,1041349
2021-03-30 09:25:42,705.35,1041351
2021-03-30 09:25:43,705.2,1043314
2021-03-30 09:25:44,705.25,1044132
2021-03-30 09:25:45,705.25,1044709
2021-03-30 09:25:46,705.45,1045252
2021-03-30 09:25:47,705.55,1046434
2021-03-30 09:25:48,705.8,1047631
2021-03-30 09:25:49,705.8,1047658
2021-03-30 09:25:50,705.9,1047905
2021-03-30 09:25:51,705.8,1048817
2021-03-30 09:25:52,705.8,1048929
2021-03-30 09:25:53,705.8,1049774
2021-03-30 09:25:54,705.9,1050424
2021-03-30 09:25:55,705.9,1050567
2021-03-30 09:25:56,706.3,1050675
2021-03-30 09:25:57,705.9,1050968
2021-03-30 09:25:59,706.0,1051031
2021-03-30 09:26:00,706.0,1051356
2021-03-30 09:26:01,706.0,1051409
2021-03-30 09:26:02,706.2,1051728
2021-03-30 09:26:03,706.4,1052349
2021-03-30 09:26:04,706.45,1052605
2021-03-30 09:26:05,706.55,1054065
2021-03-30 09:26:06,706.55,1054887
2021-03-30 09:26:07,706.75,1055008
2021-03-30 09:26:08,706.9,1055110
2021-03-30 09:26:09,706.8,1056212
2021-03-30 09:26:10,706.9,1057010
2021-03-30 09:26:11,707.0,1058519
2021-03-30 09:26:13,707.0,1060300
2021-03-30 09:26:14,707.0,1061438
2021-03-30 09:26:15,706.8,1061784
2021-03-30 09:26:16,706.75,1062377
2021-03-30 09:26:17,706.6,1062922
2021-03-30 09:26:18,706.95,1063022
2021-03-30 09:26:19,707.0,1063255
2021-03-30 09:26:20,707.0,1063265
2021-03-30 09:26:21,707.0,1063265
2021-03-30 09:26:22,707.0,1063622
2021-03-30 09:26:23,706.9,1063848
2021-03-30 09:26:23,707.0,1066591
2021-03-30 09:26:24,707.1,1066666
2021-03-30 09:26:25,707.1,1066721
2021-03-30 09:26:26,707.3,1067723
2021-03-30 09:26:27,706.85,1069749
2021-03-30 09:26:28,706.8,1070029
2021-03-30 09:26:29,706.85,1070147
2021-03-30 09:26:30,706.95,1070768
2021-03-30 09:26:32,706.95,1071004
2021-03-30 09:26:33,706.95,1071490
2021-03-30 09:26:34,707.0,1071710
2021-03-30 09:26:35,706.85,1071930
2021-03-30 09:26:35,706.85,1071930
2021-03-30 09:26:36,707.0,1072006
2021-03-30 09:26:37,706.6,1072792
2021-03-30 09:26:38,706.9,1073292
2021-03-30 09:26:39,706.9,1073392
2021-03-30 09:26:40,706.85,1073875
2021-03-30 09:26:41,706.9,1075676
2021-03-30 09:26:42,706.55,1075841
2021-03-30 09:26:43,706.55,1075841
2021-03-30 09:26:45,706.55,1075923
2021-03-30 09:26:45,706.55,1075923
2021-03-30 09:26:46,706.55,1075924
2021-03-30 09:26:47,706.65,1075960
2021-03-30 09:26:48,706.65,1075960
2021-03-30 09:26:49,706.55,1076482
2021-03-30 09:26:50,706.25,1077110
2021-03-30 09:26:51,705.95,1078537
2021-03-30 09:26:52,705.85,1078768
2021-03-30 09:26:53,705.6,1078856
2021-03-30 09:26:54,705.6,1078982
2021-03-30 09:26:55,705.75,1079264
2021-03-30 09:26:56,705.8,1079467
2021-03-30 09:26:57,705.85,1080767
2021-03-30 09:26:58,705.6,1080802
2021-03-30 09:26:59,705.6,1081104
2021-03-30 09:27:00,705.9,1081347
2021-03-30 09:27:01,705.65,1081588
2021-03-30 09:27:02,705.95,1081633
2021-03-30 09:27:03,706.05,1081832
2021-03-30 09:27:04,706.5,1081962
2021-03-30 09:27:05,706.5,1082622
2021-03-30 09:27:06,706.0,1085199
2021-03-30 09:27:07,706.2,1085207
2021-03-30 09:27:08,706.2,1085426
2021-03-30 09:27:09,706.0,1085451
2021-03-30 09:27:11,706.3,1085557
2021-03-30 09:27:12,705.8,1086058
2021-03-30 09:27:13,705.8,1086058
2021-03-30 09:27:14,706.0,1086234
2021-03-30 09:27:15,706.0,1086247
2021-03-30 09:27:16,705.95,1086500
2021-03-30 09:27:17,705.65,1086818
2021-03-30 09:27:17,705.65,1086818
2021-03-30 09:27:18,705.9,1087114
2021-03-30 09:27:19,705.7,1087177
2021-03-30 09:27:20,705.7,1087544
2021-03-30 09:27:21,705.7,1087869
2021-03-30 09:27:22,705.85,1088119
2021-03-30 09:27:23,705.95,1088429
2021-03-30 09:27:24,705.9,1088451
2021-03-30 09:27:26,705.65,1089750
2021-03-30 09:27:28,705.8,1091493
2021-03-30 09:27:28,705.6,1091529
2021-03-30 09:27:29,705.6,1091988
2021-03-30 09:27:31,705.5,1093115
2021-03-30 09:27:32,705.65,1093418
2021-03-30 09:27:33,705.55,1094009
2021-03-30 09:27:34,705.5,1094713
2021-03-30 09:27:35,705.6,1094789
2021-03-30 09:27:36,705.65,1097291
2021-03-30 09:27:37,705.8,1097551
2021-03-30 09:27:38,705.6,1097629
2021-03-30 09:27:39,705.8,1097963
2021-03-30 09:27:40,705.8,1098708
2021-03-30 09:27:41,705.9,1099162
2021-03-30 09:27:42,705.75,1099236
2021-03-30 09:27:43,705.55,1100342
2021-03-30 09:27:44,705.8,1100834
2021-03-30 09:27:45,705.8,1101203
2021-03-30 09:27:46,705.95,1101445
2021-03-30 09:27:47,705.85,1101551
2021-03-30 09:27:48,705.8,1102035
2021-03-30 09:27:50,705.8,1102387
2021-03-30 09:27:51,705.65,1102467
2021-03-30 09:27:52,705.55,1103708
2021-03-30 09:27:53,705.45,1106011
2021-03-30 09:27:54,705.1,1106167
2021-03-30 09:27:55,705.35,1106330
2021-03-30 09:27:56,705.15,1106331
2021-03-30 09:27:56,705.35,1106376
2021-03-30 09:27:57,705.2,1106425
2021-03-30 09:27:58,705.15,1106593
2021-03-30 09:27:59,705.3,1106891
2021-03-30 09:28:00,705.2,1106991
2021-03-30 09:28:01,705.4,1107698
2021-03-30 09:28:02,705.2,1107728
2021-03-30 09:28:03,705.1,1107999
2021-03-30 09:28:05,705.2,1108065
2021-03-30 09:28:05,705.15,1108271
2021-03-30 09:28:06,705.2,1109212
2021-03-30 09:28:07,705.75,1109707
2021-03-30 09:28:08,705.5,1110618
2021-03-30 09:28:09,705.5,1110833
2021-03-30 09:28:10,705.75,1111164
2021-03-30 09:28:11,705.4,1111872
2021-03-30 09:28:12,705.75,1111897
2021-03-30 09:28:13,705.5,1112117
2021-03-30 09:28:14,705.55,1112118
2021-03-30 09:28:15,705.8,1113725
2021-03-30 09:28:16,705.55,1114607
2021-03-30 09:28:17,705.75,1114900
2021-03-30 09:28:18,705.5,1115174
2021-03-30 09:28:19,705.5,1115817
2021-03-30 09:28:20,705.55,1116083
2021-03-30 09:28:21,705.5,1116358
2021-03-30 09:28:22,705.55,1116408
2021-03-30 09:28:23,705.55,1116908
2021-03-30 09:28:24,705.65,1116928
2021-03-30 09:28:25,705.5,1117281
2021-03-30 09:28:26,705.3,1118584
2021-03-30 09:28:27,705.25,1118649
2021-03-30 09:28:28,705.2,1119526
2021-03-30 09:28:29,705.55,1119924
2021-03-30 09:28:30,705.25,1120226
2021-03-30 09:28:31,705.4,1120335
2021-03-30 09:28:32,705.1,1120936
2021-03-30 09:28:33,705.1,1121168
2021-03-30 09:28:34,705.3,1122883
2021-03-30 09:28:35,705.0,1131773
2021-03-30 09:28:36,704.75,1132450
2021-03-30 09:28:37,704.65,1133126
2021-03-30 09:28:39,704.65,1133476
2021-03-30 09:28:40,704.65,1134513
2021-03-30 09:28:41,704.65,1134805
2021-03-30 09:28:42,704.7,1136029
2021-03-30 09:28:43,704.7,1136029
2021-03-30 09:28:43,704.7,1136029
2021-03-30 09:28:44,705.1,1136400
2021-03-30 09:28:45,705.0,1136566
2021-03-30 09:28:46,704.9,1137116
2021-03-30 09:28:47,705.1,1137353
2021-03-30 09:28:48,704.8,1137399
2021-03-30 09:28:50,704.8,1137401
2021-03-30 09:28:51,704.9,1138231
2021-03-30 09:28:52,704.85,1138302
2021-03-30 09:28:53,704.85,1138649
2021-03-30 09:28:54,704.75,1138859
2021-03-30 09:28:54,704.75,1139078
2021-03-30 09:28:55,704.75,1139540
2021-03-30 09:28:56,704.7,1140659
2021-03-30 09:28:57,704.65,1140716
2021-03-30 09:28:58,704.85,1140818
2021-03-30 09:28:59,704.95,1141303
2021-03-30 09:29:00,704.8,1141514
2021-03-30 09:29:01,704.6,1143598
2021-03-30 09:29:02,704.5,1144214
2021-03-30 09:29:03,704.45,1145435
2021-03-30 09:29:04,704.2,1147379
2021-03-30 09:29:05,704.1,1147558
2021-03-30 09:29:06,704.45,1147932
2021-03-30 09:29:07,704.15,1149232
2021-03-30 09:29:08,704.15,1150437
2021-03-30 09:29:09,704.2,1151877
2021-03-30 09:29:11,704.5,1151883
2021-03-30 09:29:11,704.5,1151885
2021-03-30 09:29:12,704.65,1152405
2021-03-30 09:29:13,704.3,1152410
2021-03-30 09:29:14,704.45,1152513
2021-03-30 09:29:15,704.65,1153087
2021-03-30 09:29:16,704.5,1154117
2021-03-30 09:29:17,704.45,1154620
2021-03-30 09:29:18,704.35,1155563
2021-03-30 09:29:19,704.8,1155912
2021-03-30 09:29:20,704.8,1157193
2021-03-30 09:29:21,704.55,1157475
2021-03-30 09:29:22,704.65,1157588
2021-03-30 09:29:23,704.8,1157815
2021-03-30 09:29:24,704.65,1158109
2021-03-30 09:29:26,704.8,1158391
2021-03-30 09:29:26,704.65,1158382
2021-03-30 09:29:27,705.0,1159556
2021-03-30 09:29:28,704.5,1161329
2021-03-30 09:29:29,704.5,1161891
2021-03-30 09:29:30,704.5,1162005
2021-03-30 09:29:31,704.3,1162010
2021-03-30 09:29:32,704.3,1162141
2021-03-30 09:29:33,704.5,1162351
2021-03-30 09:29:34,704.5,1163152
2021-03-30 09:29:35,704.65,1163380
2021-03-30 09:29:37,704.5,1163588
2021-03-30 09:29:38,704.8,1163903
2021-03-30 09:29:38,704.8,1164028
2021-03-30 09:29:39,704.9,1164080
2021-03-30 09:29:40,704.65,1164448
2021-03-30 09:29:41,704.6,1164548
2021-03-30 09:29:44,705.0,1167939
2021-03-30 09:29:45,704.85,1168165
2021-03-30 09:29:46,704.85,1168330
2021-03-30 09:29:47,704.9,1168370
2021-03-30 09:29:48,704.85,1169251
2021-03-30 09:29:49,704.85,1170477
2021-03-30 09:29:50,704.9,1170816
2021-03-30 09:29:50,704.65,1170819
2021-03-30 09:29:51,704.75,1171120
2021-03-30 09:29:52,704.85,1171341
2021-03-30 09:29:53,704.65,1171739
2021-03-30 09:29:54,704.65,1172390
2021-03-30 09:29:55,704.65,1173372
2021-03-30 09:29:56,704.95,1173543
2021-03-30 09:29:57,704.95,1173543
2021-03-30 09:29:58,704.95,1173545
2021-03-30 09:29:59,704.95,1173595
2021-03-30 09:30:00,705.05,1175008
2021-03-30 09:30:01,705.05,1175593
2021-03-30 09:30:02,705.2,1176022
2021-03-30 09:30:03,705.2,1176280
2021-03-30 09:30:04,705.0,1176394
2021-03-30 09:30:05,704.9,1176982
2021-03-30 09:30:07,705.0,1177115
2021-03-30 09:30:08,704.85,1177766
2021-03-30 09:30:09,704.9,1178326
2021-03-30 09:30:09,705.0,1178582
2021-03-30 09:30:10,705.05,1178882
2021-03-30 09:30:11,704.9,1179659
2021-03-30 09:30:12,704.95,1179776
2021-03-30 09:30:13,704.95,1180106
2021-03-30 09:30:14,704.95,1180116
2021-03-30 09:30:15,705.0,1180618
2021-03-30 09:30:16,704.85,1180745
2021-03-30 09:30:17,704.85,1181276
2021-03-30 09:30:18,705.1,1182009
2021-03-30 09:30:19,705.0,1182840
2021-03-30 09:30:20,705.2,1184450
2021-03-30 09:30:21,705.5,1189127
2021-03-30 09:30:22,705.3,1190702
2021-03-30 09:30:23,705.0,1190791
2021-03-30 09:30:24,705.15,1192427
2021-03-30 09:30:25,705.05,1193671
2021-03-30 09:30:26,705.2,1194961
2021-03-30 09:30:27,704.85,1195950
2021-03-30 09:30:28,704.85,1196436
2021-03-30 09:30:29,705.0,1198322
2021-03-30 09:30:30,704.8,1200826
2021-03-30 09:30:32,704.6,1204827
2021-03-30 09:30:31,704.5,1203497
2021-03-30 09:30:33,704.7,1204927
2021-03-30 09:30:34,704.3,1205870
2021-03-30 09:30:35,704.3,1209833
2021-03-30 09:30:36,704.45,1210702
2021-03-30 09:30:37,705.0,1211676
2021-03-30 09:30:38,705.0,1212901
2021-03-30 09:30:39,705.0,1213251
2021-03-30 09:30:40,704.35,1214111
2021-03-30 09:30:41,704.25,1214323
2021-03-30 09:30:42,704.45,1214705
2021-03-30 09:30:43,704.35,1214949
2021-03-30 09:30:44,704.4,1215123
2021-03-30 09:30:45,704.45,1215532
2021-03-30 09:30:46,704.35,1216167
2021-03-30 09:30:47,704.35,1216731
2021-03-30 09:30:48,704.05,1237062
2021-03-30 09:30:49,703.8,1238228
2021-03-30 09:30:50,703.8,1238817
2021-03-30 09:30:51,703.8,1239383
2021-03-30 09:30:52,703.8,1242620
2021-03-30 09:30:53,703.6,1243502
2021-03-30 09:30:55,703.6,1245184
2021-03-30 09:30:55,703.3,1247056
2021-03-30 09:30:57,703.3,1248022
2021-03-30 09:30:58,703.3,1248462
2021-03-30 09:30:58,703.15,1249106
2021-03-30 09:30:59,703.15,1250949
2021-03-30 09:31:00,703.15,1252423
2021-03-30 09:31:01,702.95,1259322
2021-03-30 09:31:02,703.2,1262003
2021-03-30 09:31:03,703.3,1263627
2021-03-30 09:31:04,703.45,1264812
2021-03-30 09:31:05,703.15,1266207
2021-03-30 09:31:06,703.15,1266521
2021-03-30 09:31:07,703.15,1268602
2021-03-30 09:31:08,703.0,1269564
2021-03-30 09:31:09,703.45,1270982
2021-03-30 09:31:10,703.15,1272855
2021-03-30 09:31:11,703.1,1273331
2021-03-30 09:31:12,703.0,1277876
2021-03-30 09:31:13,702.65,1280618
2021-03-30 09:31:14,702.5,1282957
2021-03-30 09:31:15,702.5,1284389
2021-03-30 09:31:16,702.6,1285282
2021-03-30 09:31:17,702.8,1285799
2021-03-30 09:31:18,703.1,1290891
2021-03-30 09:31:19,702.75,1292803
2021-03-30 09:31:20,702.8,1292900
2021-03-30 09:31:21,702.8,1293647
2021-03-30 09:31:22,703.1,1293848
2021-03-30 09:31:23,702.85,1294216
2021-03-30 09:31:24,703.1,1295623
2021-03-30 09:31:26,703.1,1296326
2021-03-30 09:31:27,703.0,1297102
2021-03-30 09:31:28,703.3,1297383
2021-03-30 09:31:29,703.1,1297652
2021-03-30 09:31:30,703.25,1298481
2021-03-30 09:31:30,703.55,1298535
2021-03-30 09:31:31,703.25,1298555
2021-03-30 09:31:32,703.1,1299161
2021-03-30 09:31:33,703.0,1299423
2021-03-30 09:31:34,703.0,1299535
2021-03-30 09:31:35,703.1,1299983
2021-03-30 09:31:36,703.0,1300781
2021-03-30 09:31:37,703.55,1302062
2021-03-30 09:31:38,703.35,1302562
2021-03-30 09:31:39,703.5,1303122
2021-03-30 09:31:40,703.1,1303253
2021-03-30 09:31:41,703.35,1303300
2021-03-30 09:31:42,703.1,1303775
2021-03-30 09:31:43,703.35,1304214
2021-03-30 09:31:44,703.5,1304557
2021-03-30 09:31:45,703.3,1305132
2021-03-30 09:31:46,703.5,1305284
2021-03-30 09:31:47,703.5,1305314
2021-03-30 09:31:48,703.25,1306017
2021-03-30 09:31:49,703.1,1310161
2021-03-30 09:31:50,703.25,1310381
2021-03-30 09:31:51,703.3,1311523
2021-03-30 09:31:52,703.3,1311784
2021-03-30 09:31:53,703.3,1311900
2021-03-30 09:31:55,703.15,1312351
2021-03-30 09:31:56,703.3,1312888
2021-03-30 09:31:56,703.25,1313334
2021-03-30 09:31:57,703.1,1313498
2021-03-30 09:31:58,703.1,1313508
2021-03-30 09:31:59,703.25,1313808
2021-03-30 09:32:00,703.3,1313929
2021-03-30 09:32:01,703.1,1313930
2021-03-30 09:32:02,703.1,1315877
2021-03-30 09:32:03,703.55,1316897
2021-03-30 09:32:04,703.25,1316927
2021-03-30 09:32:05,703.3,1316984
2021-03-30 09:32:06,703.1,1317912
2021-03-30 09:32:07,703.4,1318245
2021-03-30 09:32:08,702.9,1324109
2021-03-30 09:32:09,703.0,1325137
2021-03-30 09:32:10,702.8,1325755
2021-03-30 09:32:11,702.9,1327533
2021-03-30 09:32:12,702.9,1327734
2021-03-30 09:32:13,702.9,1327928
2021-03-30 09:32:14,702.55,1331150
2021-03-30 09:32:15,702.6,1333191
2021-03-30 09:32:16,702.6,1333594
2021-03-30 09:32:17,702.5,1334654
2021-03-30 09:32:18,702.45,1336870
2021-03-30 09:32:19,702.6,1337333
2021-03-30 09:32:20,703.0,1338898
2021-03-30 09:32:21,702.7,1339103
2021-03-30 09:32:22,703.0,1339218
2021-03-30 09:32:23,703.05,1340948
2021-03-30 09:32:24,703.4,1341151
2021-03-30 09:32:25,703.45,1342601
2021-03-30 09:32:26,703.4,1342709
2021-03-30 09:32:27,703.4,1343973
2021-03-30 09:32:28,703.5,1344582
2021-03-30 09:32:29,704.0,1344963
2021-03-30 09:32:30,704.0,1345105
2021-03-30 09:32:31,704.0,1345755
2021-03-30 09:32:32,704.15,1346388
2021-03-30 09:32:33,704.8,1346998
2021-03-30 09:32:34,704.8,1347413
2021-03-30 09:32:35,704.45,1348475
2021-03-30 09:32:36,704.3,1349715
2021-03-30 09:32:37,704.3,1349926
2021-03-30 09:32:38,704.4,1350927
2021-03-30 09:32:39,704.5,1352853
2021-03-30 09:32:40,704.75,1354509
2021-03-30 09:32:41,705.0,1355005
2021-03-30 09:32:43,705.0,1357001
2021-03-30 09:32:43,705.0,1357001
2021-03-30 09:32:44,704.75,1358498
2021-03-30 09:32:45,704.95,1360552
2021-03-30 09:32:46,704.95,1361077
2021-03-30 09:32:47,705.0,1361638
2021-03-30 09:32:48,705.05,1363563
2021-03-30 09:32:49,705.0,1364054
2021-03-30 09:32:50,705.0,1364719
2021-03-30 09:32:51,705.0,1365082
2021-03-30 09:32:52,705.0,1366011
2021-03-30 09:32:53,705.0,1369832
2021-03-30 09:32:54,705.0,1371314
2021-03-30 09:32:55,705.35,1372734
2021-03-30 09:32:56,705.3,1374411
2021-03-30 09:32:57,705.35,1374668
2021-03-30 09:32:58,705.45,1375549
2021-03-30 09:33:00,705.45,1375912
2021-03-30 09:33:00,705.1,1376112
2021-03-30 09:33:01,705.45,1378375
2021-03-30 09:33:02,705.95,1378867
2021-03-30 09:33:03,706.0,1381696
2021-03-30 09:33:04,705.95,1381842
2021-03-30 09:33:05,706.0,1382052
2021-03-30 09:33:06,706.0,1382492
2021-03-30 09:33:07,706.05,1385355
2021-03-30 09:33:08,706.1,1386214
2021-03-30 09:33:09,706.5,1387302
2021-03-30 09:33:10,706.2,1388371
2021-03-30 09:33:11,706.6,1388615
2021-03-30 09:33:12,706.55,1390086
2021-03-30 09:33:13,706.5,1390925
2021-03-30 09:33:14,706.65,1392320
2021-03-30 09:33:15,706.3,1393389
2021-03-30 09:33:16,706.2,1397143
2021-03-30 09:33:17,706.25,1398368
2021-03-30 09:33:18,706.5,1399617
2021-03-30 09:33:19,706.0,1406327
2021-03-30 09:33:20,705.7,1406791
2021-03-30 09:33:21,706.1,1407487
2021-03-30 09:33:22,705.95,1407784
2021-03-30 09:33:23,705.5,1409795
2021-03-30 09:33:24,705.95,1410563
2021-03-30 09:33:25,705.9,1411188
2021-03-30 09:33:26,706.0,1411998
2021-03-30 09:33:27,706.15,1412780
2021-03-30 09:33:28,706.0,1413866
2021-03-30 09:33:29,705.85,1414245
2021-03-30 09:33:30,705.85,1414723
2021-03-30 09:33:31,706.0,1416436
2021-03-30 09:33:32,706.0,1416656
2021-03-30 09:33:33,705.95,1417393
2021-03-30 09:33:34,706.2,1418690
2021-03-30 09:33:35,706.25,1420344
2021-03-30 09:33:36,706.2,1422591
2021-03-30 09:33:37,706.3,1424370
2021-03-30 09:33:38,705.95,1425949
2021-03-30 09:33:39,706.15,1427771
2021-03-30 09:33:40,705.95,1430372
2021-03-30 09:33:41,706.45,1430828
2021-03-30 09:33:42,706.4,1431100
2021-03-30 09:33:43,706.0,1431951
2021-03-30 09:33:44,706.0,1432801
2021-03-30 09:33:45,706.15,1433259
2021-03-30 09:33:46,706.2,1433375
2021-03-30 09:33:47,706.4,1433522
2021-03-30 09:33:48,706.4,1433568
2021-03-30 09:33:49,706.4,1433968
2021-03-30 09:33:50,706.3,1435448
2021-03-30 09:33:51,706.5,1435823
2021-03-30 09:33:52,706.2,1436630
2021-03-30 09:33:53,706.45,1436840
2021-03-30 09:33:54,706.4,1436880
2021-03-30 09:33:55,706.4,1436895
2021-03-30 09:33:56,706.5,1437301
2021-03-30 09:33:57,706.3,1438068
2021-03-30 09:33:58,706.4,1439153
2021-03-30 09:33:59,706.5,1439339
2021-03-30 09:34:00,706.5,1439915
2021-03-30 09:34:01,706.4,1440318
2021-03-30 09:34:02,706.6,1441465
2021-03-30 09:34:03,706.4,1441866
2021-03-30 09:34:04,706.65,1444562
2021-03-30 09:34:05,706.65,1447324
2021-03-30 09:34:06,706.8,1448356
2021-03-30 09:34:07,706.75,1448416
2021-03-30 09:34:08,706.95,1450756
2021-03-30 09:34:09,707.0,1451877
2021-03-30 09:34:10,706.75,1453645
2021-03-30 09:34:11,706.75,1458428
2021-03-30 09:34:12,706.8,1459202
2021-03-30 09:34:14,707.0,1460082
2021-03-30 09:34:15,707.0,1461514
2021-03-30 09:34:16,706.8,1461758
2021-03-30 09:34:17,706.9,1463032
2021-03-30 09:34:18,707.0,1463302
2021-03-30 09:34:19,706.5,1465472
2021-03-30 09:34:20,706.55,1465994
2021-03-30 09:34:21,706.8,1466584
2021-03-30 09:34:22,706.8,1466688
2021-03-30 09:34:23,706.75,1466889
2021-03-30 09:34:24,706.75,1467061
2021-03-30 09:34:25,706.95,1467782
2021-03-30 09:34:26,706.7,1468124
2021-03-30 09:34:28,706.7,1468124
2021-03-30 09:34:29,706.8,1468565
2021-03-30 09:34:30,706.6,1468756
2021-03-30 09:34:31,706.7,1469080
2021-03-30 09:34:32,706.85,1469480
2021-03-30 09:34:33,706.85,1470153
2021-03-30 09:34:34,706.85,1470220
2021-03-30 09:34:35,706.8,1470758
2021-03-30 09:34:36,706.95,1470958
2021-03-30 09:34:37,706.85,1470996
2021-03-30 09:34:38,706.9,1471305
2021-03-30 09:34:39,706.95,1471464
2021-03-30 09:34:40,706.95,1472420
2021-03-30 09:34:41,706.8,1472799
2021-03-30 09:34:42,706.9,1473570
2021-03-30 09:34:42,706.9,1473895
2021-03-30 09:34:43,706.75,1474408
2021-03-30 09:34:44,706.95,1474608
2021-03-30 09:34:45,706.95,1474608
2021-03-30 09:34:46,706.95,1474898
2021-03-30 09:34:47,706.85,1475003
2021-03-30 09:34:48,706.8,1475350
2021-03-30 09:34:49,706.75,1476109
2021-03-30 09:34:50,706.7,1477104
2021-03-30 09:34:51,706.8,1477454
2021-03-30 09:34:52,706.8,1477538
2021-03-30 09:34:53,706.7,1477883
2021-03-30 09:34:54,706.9,1478212
2021-03-30 09:34:55,706.9,1478301
2021-03-30 09:34:56,706.75,1479662
2021-03-30 09:34:57,706.8,1479760
2021-03-30 09:34:58,706.8,1479770
2021-03-30 09:34:59,706.9,1480921
2021-03-30 09:35:00,706.8,1481063
2021-03-30 09:35:01,706.8,1481717
2021-03-30 09:35:02,706.8,1481779
2021-03-30 09:35:03,706.8,1482081
2021-03-30 09:35:04,706.95,1482549
2021-03-30 09:35:05,706.9,1484180
2021-03-30 09:35:06,707.0,1502195
2021-03-30 09:35:07,707.05,1512347
2021-03-30 09:35:08,707.25,1512687
2021-03-30 09:35:09,707.25,1513929
2021-03-30 09:35:10,707.1,1514332
2021-03-30 09:35:11,707.0,1514607
2021-03-30 09:35:12,707.2,1514762
2021-03-30 09:35:13,707.2,1515896
2021-03-30 09:35:14,707.0,1515922
2021-03-30 09:35:15,707.2,1518274
2021-03-30 09:35:16,706.6,1525427
2021-03-30 09:35:17,706.7,1526126
2021-03-30 09:35:18,706.5,1528316
2021-03-30 09:35:19,706.35,1530213
2021-03-30 09:35:20,706.15,1535256
2021-03-30 09:35:21,706.15,1535624
2021-03-30 09:35:22,706.05,1535935
2021-03-30 09:35:23,705.95,1537417
2021-03-30 09:35:24,706.15,1537649
2021-03-30 09:35:26,706.15,1537964
2021-03-30 09:35:27,706.0,1538466
2021-03-30 09:35:28,706.05,1539666
2021-03-30 09:35:28,706.3,1539822
2021-03-30 09:35:29,706.3,1540317
2021-03-30 09:35:30,706.6,1540670
2021-03-30 09:35:31,706.55,1540881
2021-03-30 09:35:32,706.65,1541210
2021-03-30 09:35:33,706.75,1542240
2021-03-30 09:35:34,706.4,1542500
2021-03-30 09:35:35,706.4,1542794
2021-03-30 09:35:36,706.8,1546061
2021-03-30 09:35:37,706.8,1546283
2021-03-30 09:35:38,706.55,1547357
2021-03-30 09:35:39,706.75,1547728
2021-03-30 09:35:40,706.5,1548876
2021-03-30 09:35:41,706.6,1549016
2021-03-30 09:35:42,706.3,1549558
2021-03-30 09:35:43,706.55,1549608
2021-03-30 09:35:44,706.6,1550916
2021-03-30 09:35:45,706.6,1550956
2021-03-30 09:35:46,706.35,1551091
2021-03-30 09:35:47,706.3,1551166
2021-03-30 09:35:48,706.45,1551729
2021-03-30 09:35:49,706.5,1551813
2021-03-30 09:35:50,706.5,1551814
2021-03-30 09:35:51,706.35,1551937
2021-03-30 09:35:52,706.35,1552471
2021-03-30 09:35:53,706.5,1552691
2021-03-30 09:35:54,706.5,1552691
2021-03-30 09:35:55,706.4,1553441
2021-03-30 09:35:57,706.5,1553454
2021-03-30 09:35:57,706.5,1553476
2021-03-30 09:35:58,706.5,1553499
2021-03-30 09:35:59,706.25,1554950
2021-03-30 09:36:00,706.2,1555739
2021-03-30 09:36:01,706.0,1557624
2021-03-30 09:36:02,706.0,1557801
2021-03-30 09:36:03,705.9,1558315
2021-03-30 09:36:04,705.9,1558873
2021-03-30 09:36:05,705.9,1559096
2021-03-30 09:36:06,706.0,1559508
2021-03-30 09:36:07,705.8,1559693
2021-03-30 09:36:08,705.95,1559819
2021-03-30 09:36:09,705.9,1561158
2021-03-30 09:36:10,705.9,1561159
2021-03-30 09:36:11,705.9,1561409
2021-03-30 09:36:12,705.6,1561812
2021-03-30 09:36:13,705.6,1561812
2021-03-30 09:36:14,705.65,1561868
2021-03-30 09:36:15,705.6,1562293
2021-03-30 09:36:16,705.9,1562445
2021-03-30 09:36:17,705.55,1562794
2021-03-30 09:36:18,705.85,1562969
2021-03-30 09:36:19,705.85,1563176
2021-03-30 09:36:20,705.85,1563176
2021-03-30 09:36:21,705.7,1564890
2021-03-30 09:36:22,705.7,1565159
2021-03-30 09:36:23,705.7,1565262
2021-03-30 09:36:24,705.9,1565802
2021-03-30 09:36:25,705.7,1565803
2021-03-30 09:36:26,705.7,1565928
2021-03-30 09:36:27,705.7,1566124
2021-03-30 09:36:28,705.8,1566263
2021-03-30 09:36:29,705.85,1566270
2021-03-30 09:36:30,705.8,1566409
2021-03-30 09:36:31,705.8,1566820
2021-03-30 09:36:32,705.75,1566831
2021-03-30 09:36:33,705.75,1566905
2021-03-30 09:36:34,705.75,1566955
2021-03-30 09:36:35,705.8,1567093
2021-03-30 09:36:36,705.7,1567632
2021-03-30 09:36:37,705.75,1569638
2021-03-30 09:36:38,705.2,1595552
2021-03-30 09:36:39,705.4,1601097
2021-03-30 09:36:40,705.35,1602117
2021-03-30 09:36:41,705.5,1602432
2021-03-30 09:36:42,705.5,1602433
2021-03-30 09:36:43,705.2,1603973
2021-03-30 09:36:44,705.2,1604398
2021-03-30 09:36:45,705.4,1604627
2021-03-30 09:36:46,705.3,1604629
2021-03-30 09:36:47,705.3,1604844
2021-03-30 09:36:48,705.4,1605132
2021-03-30 09:36:50,705.25,1605190
2021-03-30 09:36:52,705.3,1605752
2021-03-30 09:36:52,705.4,1605756
2021-03-30 09:36:54,705.3,1606106
2021-03-30 09:36:55,705.25,1606806
2021-03-30 09:36:55,705.25,1606806
2021-03-30 09:36:56,705.1,1608349
2021-03-30 09:36:57,705.25,1608511
2021-03-30 09:36:58,705.25,1608616
2021-03-30 09:36:59,705.0,1608702
2021-03-30 09:37:00,705.1,1608812
2021-03-30 09:37:01,705.15,1614016
2021-03-30 09:37:02,704.95,1614079
2021-03-30 09:37:03,704.8,1614428
2021-03-30 09:37:04,704.9,1614433
2021-03-30 09:37:05,704.8,1614699
2021-03-30 09:37:06,704.8,1615769
2021-03-30 09:37:07,704.85,1615889
2021-03-30 09:37:08,704.8,1615989
2021-03-30 09:37:09,704.7,1616486
2021-03-30 09:37:10,704.8,1616651
2021-03-30 09:37:11,704.7,1616706
2021-03-30 09:37:12,704.8,1616752
2021-03-30 09:37:13,704.95,1617345
2021-03-30 09:37:14,704.95,1617376
2021-03-30 09:37:15,705.0,1617951
2021-03-30 09:37:16,705.0,1618319
2021-03-30 09:37:17,704.9,1618612
2021-03-30 09:37:18,705.0,1619021
2021-03-30 09:37:19,705.0,1619076
2021-03-30 09:37:20,705.0,1620236
2021-03-30 09:37:21,705.1,1620417
2021-03-30 09:37:23,705.1,1621140
2021-03-30 09:37:24,705.0,1621279
2021-03-30 09:37:25,705.1,1621454
2021-03-30 09:37:26,705.0,1623365
2021-03-30 09:37:27,705.35,1624279
2021-03-30 09:37:28,705.5,1624371
2021-03-30 09:37:29,705.5,1624531
2021-03-30 09:37:30,705.75,1625113
2021-03-30 09:37:30,705.9,1625427
2021-03-30 09:37:32,705.55,1625977
2021-03-30 09:37:33,705.8,1625990
2021-03-30 09:37:33,705.8,1625990
2021-03-30 09:37:34,705.6,1626365
2021-03-30 09:37:35,705.6,1626365
2021-03-30 09:37:36,705.6,1626365
2021-03-30 09:37:37,705.9,1626375
2021-03-30 09:37:38,705.9,1626375
2021-03-30 09:37:39,705.9,1626653
2021-03-30 09:37:40,705.9,1626905
2021-03-30 09:37:41,705.9,1627040
2021-03-30 09:37:42,705.9,1627086
2021-03-30 09:37:43,705.9,1627088
2021-03-30 09:37:45,705.7,1627190
2021-03-30 09:37:46,705.85,1627290
2021-03-30 09:37:47,705.7,1627341
2021-03-30 09:37:48,705.85,1627402
2021-03-30 09:37:49,705.7,1627604
2021-03-30 09:37:49,705.7,1627604
2021-03-30 09:37:51,705.7,1627605
2021-03-30 09:37:51,705.7,1627605
2021-03-30 09:37:52,705.7,1627823
2021-03-30 09:37:53,705.8,1627833
2021-03-30 09:37:54,705.7,1627997
2021-03-30 09:37:55,705.8,1630216
2021-03-30 09:37:56,705.75,1630308
2021-03-30 09:37:57,705.75,1630308
2021-03-30 09:37:58,705.75,1630413
2021-03-30 09:37:59,705.75,1630413
2021-03-30 09:38:00,705.45,1632738
2021-03-30 09:38:01,705.1,1632860
2021-03-30 09:38:02,705.45,1632885
2021-03-30 09:38:03,705.45,1632923
2021-03-30 09:38:04,705.1,1633050
2021-03-30 09:38:05,705.3,1633131
2021-03-30 09:38:06,705.8,1633772
2021-03-30 09:38:07,705.8,1634295
2021-03-30 09:38:08,705.8,1634305
2021-03-30 09:38:09,705.8,1634615
2021-03-30 09:38:10,705.8,1634823
2021-03-30 09:38:11,705.85,1635032
2021-03-30 09:38:12,705.75,1636062
2021-03-30 09:38:13,705.75,1636217
2021-03-30 09:38:14,705.65,1636476
2021-03-30 09:38:15,705.65,1636476
2021-03-30 09:38:16,705.75,1636480
2021-03-30 09:38:17,705.75,1636480
2021-03-30 09:38:18,705.6,1637081
2021-03-30 09:38:20,705.75,1637141
2021-03-30 09:38:21,705.65,1637144
2021-03-30 09:38:22,705.65,1637295
2021-03-30 09:38:23,705.65,1637358
2021-03-30 09:38:24,705.35,1638214
2021-03-30 09:38:25,705.6,1638424
2021-03-30 09:38:26,705.35,1638536
2021-03-30 09:38:27,705.6,1638606
2021-03-30 09:38:28,705.65,1638909
2021-03-30 09:38:29,705.75,1638919
2021-03-30 09:38:30,705.7,1639179
2021-03-30 09:38:31,705.8,1639543
2021-03-30 09:38:32,705.7,1639573
2021-03-30 09:38:33,706.05,1643427
2021-03-30 09:38:34,706.05,1643642
2021-03-30 09:38:35,706.1,1644469
2021-03-30 09:38:36,706.35,1644605
2021-03-30 09:38:37,706.35,1646233
2021-03-30 09:38:37,706.5,1646298
2021-03-30 09:38:39,706.45,1647672
2021-03-30 09:38:40,706.45,1647672
2021-03-30 09:38:41,706.45,1647682
2021-03-30 09:38:42,706.45,1647682
2021-03-30 09:38:43,706.5,1647935
2021-03-30 09:38:43,706.5,1647935
2021-03-30 09:38:44,706.4,1648036
2021-03-30 09:38:45,706.5,1648086
2021-03-30 09:38:46,706.5,1648191
2021-03-30 09:38:48,706.5,1648280
2021-03-30 09:38:49,706.5,1649106
2021-03-30 09:38:50,706.5,1649114
2021-03-30 09:38:51,706.5,1650247
2021-03-30 09:38:52,706.4,1655713
2021-03-30 09:38:53,706.0,1656297
2021-03-30 09:38:54,706.0,1656368
2021-03-30 09:38:55,706.15,1656398
2021-03-30 09:38:56,706.15,1656499
2021-03-30 09:38:57,706.15,1656534
2021-03-30 09:38:58,706.15,1656534
2021-03-30 09:38:59,706.1,1656619
2021-03-30 09:39:00,706.1,1656979
2021-03-30 09:39:01,706.0,1657183
2021-03-30 09:39:02,706.1,1657285
2021-03-30 09:39:03,706.05,1657362
2021-03-30 09:39:04,706.0,1658145
2021-03-30 09:39:05,706.1,1658245
2021-03-30 09:39:06,706.1,1658748
2021-03-30 09:39:07,706.0,1658955
2021-03-30 09:39:08,706.05,1658956
2021-03-30 09:39:09,706.05,1658959
2021-03-30 09:39:10,706.0,1659599
2021-03-30 09:39:11,706.1,1659639
2021-03-30 09:39:12,706.0,1660197
2021-03-30 09:39:13,706.1,1660317
2021-03-30 09:39:14,706.0,1660367
2021-03-30 09:39:15,706.0,1660603
2021-03-30 09:39:16,706.05,1661161
2021-03-30 09:39:17,705.85,1664758
2021-03-30 09:39:18,705.6,1665160
2021-03-30 09:39:19,705.55,1665401
2021-03-30 09:39:20,705.5,1666636
2021-03-30 09:39:21,705.7,1666736
2021-03-30 09:39:22,705.7,1666756
2021-03-30 09:39:23,705.6,1666762
2021-03-30 09:39:24,705.7,1666862
2021-03-30 09:39:25,705.5,1666872
2021-03-30 09:39:26,705.7,1667072
2021-03-30 09:39:27,705.75,1667539
2021-03-30 09:39:28,705.7,1667540
2021-03-30 09:39:29,705.7,1669840
2021-03-30 09:39:30,705.5,1670042
2021-03-30 09:39:31,705.6,1670442
2021-03-30 09:39:32,705.5,1670542
2021-03-30 09:39:33,705.5,1670544
2021-03-30 09:39:35,705.5,1670644
2021-03-30 09:39:36,705.55,1670946
2021-03-30 09:39:37,705.6,1670989
2021-03-30 09:39:38,705.55,1671135
2021-03-30 09:39:39,705.55,1671136
2021-03-30 09:39:40,705.6,1671367
2021-03-30 09:39:41,705.65,1671370
2021-03-30 09:39:42,705.65,1671471
2021-03-30 09:39:43,705.8,1671899
2021-03-30 09:39:44,705.8,1671899
2021-03-30 09:39:45,706.1,1672084
2021-03-30 09:39:46,705.9,1672254
2021-03-30 09:39:47,706.1,1672272
2021-03-30 09:39:48,705.9,1672373
2021-03-30 09:39:49,705.9,1672373
2021-03-30 09:39:50,706.1,1672475
2021-03-30 09:39:51,706.1,1672745
2021-03-30 09:39:52,706.1,1672945
2021-03-30 09:39:53,706.1,1673107
2021-03-30 09:39:54,706.0,1673123
2021-03-30 09:39:54,706.0,1673123
2021-03-30 09:39:55,706.0,1673124
2021-03-30 09:39:56,705.95,1673161
2021-03-30 09:39:57,706.0,1673436
2021-03-30 09:39:58,705.95,1673450
2021-03-30 09:40:00,705.95,1674689
2021-03-30 09:40:01,705.85,1676009
2021-03-30 09:40:02,705.9,1676093
2021-03-30 09:40:03,705.8,1676456
2021-03-30 09:40:04,705.85,1676575
2021-03-30 09:40:05,705.8,1676577
2021-03-30 09:40:06,705.85,1676687
2021-03-30 09:40:07,705.85,1676690
2021-03-30 09:40:08,706.1,1678515
2021-03-30 09:40:09,706.1,1678732
2021-03-30 09:40:10,706.1,1678872
2021-03-30 09:40:11,706.1,1678887
2021-03-30 09:40:12,706.25,1678929
2021-03-30 09:40:13,706.15,1678930
2021-03-30 09:40:14,706.2,1679737
2021-03-30 09:40:15,706.2,1680298
2021-03-30 09:40:15,706.05,1680300
2021-03-30 09:40:16,706.1,1680500
2021-03-30 09:40:17,706.2,1680801
2021-03-30 09:40:18,706.0,1680804
2021-03-30 09:40:19,705.9,1680854
2021-03-30 09:40:20,705.9,1680982
2021-03-30 09:40:21,705.9,1681650
2021-03-30 09:40:22,705.9,1681650
2021-03-30 09:40:24,705.9,1681650
2021-03-30 09:40:25,706.05,1681776
2021-03-30 09:40:25,706.0,1681878
2021-03-30 09:40:27,706.0,1682145
2021-03-30 09:40:27,705.9,1682287
2021-03-30 09:40:28,705.9,1682437
2021-03-30 09:40:29,706.0,1682694
2021-03-30 09:40:30,705.8,1683525
2021-03-30 09:40:31,705.7,1683605
2021-03-30 09:40:32,705.9,1683615
2021-03-30 09:40:33,706.1,1683716
2021-03-30 09:40:35,706.0,1683788
2021-03-30 09:40:36,705.65,1684241
2021-03-30 09:40:37,705.85,1684952
2021-03-30 09:40:38,705.85,1684952
2021-03-30 09:40:39,706.15,1685102
2021-03-30 09:40:40,706.1,1685104
2021-03-30 09:40:41,706.15,1685159
2021-03-30 09:40:42,706.0,1685556
2021-03-30 09:40:42,706.0,1685556
2021-03-30 09:40:43,706.1,1685681
2021-03-30 09:40:44,706.0,1685728
2021-03-30 09:40:45,706.0,1685743
2021-03-30 09:40:46,705.9,1686186
2021-03-30 09:40:48,705.9,1686496
2021-03-30 09:40:49,706.0,1686696
2021-03-30 09:40:50,705.85,1687627
2021-03-30 09:40:51,705.75,1689349
2021-03-30 09:40:51,705.75,1689349
2021-03-30 09:40:52,705.5,1689440
2021-03-30 09:40:53,705.65,1689669
2021-03-30 09:40:54,705.65,1689672
2021-03-30 09:40:55,705.5,1689872
2021-03-30 09:40:57,705.65,1689973
2021-03-30 09:40:58,705.75,1690033
2021-03-30 09:40:59,705.5,1690143
2021-03-30 09:41:00,705.5,1690458
2021-03-30 09:41:02,705.65,1690994
2021-03-30 09:41:03,705.95,1691397
2021-03-30 09:41:04,706.0,1691792
2021-03-30 09:41:04,706.0,1691792
2021-03-30 09:41:05,705.8,1692246
2021-03-30 09:41:06,705.8,1692247
2021-03-30 09:41:07,706.0,1692251
2021-03-30 09:41:08,705.8,1692471
2021-03-30 09:41:09,706.0,1692858
2021-03-30 09:41:10,705.8,1693264
2021-03-30 09:41:11,705.8,1693264
2021-03-30 09:41:12,705.8,1693264
2021-03-30 09:41:13,706.0,1693288
2021-03-30 09:41:14,706.0,1693288
2021-03-30 09:41:15,705.8,1693783
2021-03-30 09:41:16,706.0,1693974
2021-03-30 09:41:18,705.8,1694014
2021-03-30 09:41:19,705.8,1694018
2021-03-30 09:41:20,705.95,1694043
2021-03-30 09:41:21,705.95,1694093
2021-03-30 09:41:22,705.95,1694093
2021-03-30 09:41:22,705.95,1694093
2021-03-30 09:41:23,705.95,1697037
2021-03-30 09:41:24,705.9,1697204
2021-03-30 09:41:25,705.95,1697485
2021-03-30 09:41:26,705.9,1697505
2021-03-30 09:41:27,705.95,1697515
2021-03-30 09:41:28,705.95,1697566
2021-03-30 09:41:29,705.95,1697566
2021-03-30 09:41:30,705.9,1697793
2021-03-30 09:41:31,706.0,1698018
2021-03-30 09:41:32,705.95,1698054
2021-03-30 09:41:33,705.95,1698086
2021-03-30 09:41:34,706.0,1698087
2021-03-30 09:41:36,705.95,1698090
2021-03-30 09:41:37,705.95,1698090
2021-03-30 09:41:38,705.95,1698331
2021-03-30 09:41:39,706.0,1698496
2021-03-30 09:41:40,705.95,1699672
2021-03-30 09:41:41,705.9,1700432
2021-03-30 09:41:42,706.0,1700532
2021-03-30 09:41:42,706.0,1700533
2021-03-30 09:41:43,705.9,1701043
2021-03-30 09:41:44,705.9,1702183
2021-03-30 09:41:45,705.9,1702228
2021-03-30 09:41:46,705.9,1702418
2021-03-30 09:41:47,705.95,1702438
2021-03-30 09:41:48,705.95,1702443
2021-03-30 09:41:49,705.95,1702464
2021-03-30 09:41:50,705.95,1702494
2021-03-30 09:41:51,705.9,1702503
2021-03-30 09:41:52,705.95,1702527
2021-03-30 09:41:53,705.95,1702527
2021-03-30 09:41:54,705.9,1702912
2021-03-30 09:41:55,705.9,1702912
2021-03-30 09:41:56,705.9,1702922
2021-03-30 09:41:57,705.85,1703298
2021-03-30 09:41:58,705.85,1703299
2021-03-30 09:41:59,705.85,1703299
2021-03-30 09:42:00,705.85,1703307
2021-03-30 09:42:02,705.85,1703585
2021-03-30 09:42:03,705.9,1704057
2021-03-30 09:42:04,705.8,1705619
2021-03-30 09:42:04,705.75,1706229
2021-03-30 09:42:05,705.8,1706264
2021-03-30 09:42:06,705.75,1706266
2021-03-30 09:42:07,705.7,1706301
2021-03-30 09:42:08,705.7,1706301
2021-03-30 09:42:09,705.7,1706373
2021-03-30 09:42:10,705.85,1706523
2021-03-30 09:42:11,705.85,1706709
2021-03-30 09:42:12,705.85,1706709
2021-03-30 09:42:13,705.85,1706709
2021-03-30 09:42:14,705.7,1706820
2021-03-30 09:42:15,705.8,1707245
2021-03-30 09:42:16,705.7,1707252
2021-03-30 09:42:17,705.8,1707302
2021-03-30 09:42:18,705.6,1707304
2021-03-30 09:42:19,705.8,1707524
2021-03-30 09:42:20,705.8,1707524
2021-03-30 09:42:21,705.8,1707524
2021-03-30 09:42:22,705.8,1707738
2021-03-30 09:42:23,705.7,1708135
2021-03-30 09:42:24,705.7,1708135
2021-03-30 09:42:26,705.7,1708135
2021-03-30 09:42:27,705.7,1708165
2021-03-30 09:42:27,705.7,1708165
2021-03-30 09:42:28,705.8,1708175
2021-03-30 09:42:29,705.8,1708876
2021-03-30 09:42:30,705.9,1709176
2021-03-30 09:42:31,705.75,1709193
2021-03-30 09:42:32,705.75,1709194
2021-03-30 09:42:33,705.95,1709195
2021-03-30 09:42:34,705.95,1709195
2021-03-30 09:42:35,705.95,1709325
2021-03-30 09:42:37,705.8,1709350
2021-03-30 09:42:38,705.95,1709400
2021-03-30 09:42:39,705.95,1709400
2021-03-30 09:42:40,705.8,1709501
2021-03-30 09:42:41,705.95,1709641
2021-03-30 09:42:41,705.95,1709641
2021-03-30 09:42:42,705.95,1709641
2021-03-30 09:42:43,705.95,1709641
2021-03-30 09:42:44,706.25,1721282
2021-03-30 09:42:45,706.15,1721621
2021-03-30 09:42:46,706.1,1721839
2021-03-30 09:42:47,706.1,1722164
2021-03-30 09:42:48,706.1,1722164
2021-03-30 09:42:49,706.15,1722165
2021-03-30 09:42:50,706.15,1722177
2021-03-30 09:42:51,706.15,1722177
2021-03-30 09:42:53,706.15,1722227
2021-03-30 09:42:54,706.25,1722415
2021-03-30 09:42:54,706.2,1722417
2021-03-30 09:42:55,706.2,1722417
2021-03-30 09:42:56,706.2,1722417
2021-03-30 09:42:57,706.2,1722417
2021-03-30 09:42:58,706.2,1723619
2021-03-30 09:42:59,706.2,1724996
2021-03-30 09:43:00,706.2,1725096
2021-03-30 09:43:01,706.25,1725108
2021-03-30 09:43:02,706.25,1725208
2021-03-30 09:43:04,706.35,1725392
2021-03-30 09:43:05,706.35,1725394
2021-03-30 09:43:06,706.3,1725414
2021-03-30 09:43:07,706.3,1725414
2021-03-30 09:43:08,706.35,1725415
2021-03-30 09:43:09,706.35,1725415
2021-03-30 09:43:10,706.3,1725677
2021-03-30 09:43:10,706.3,1725677
2021-03-30 09:43:11,706.3,1725677
2021-03-30 09:43:12,706.3,1727110
2021-03-30 09:43:13,706.35,1727335
2021-03-30 09:43:14,706.4,1727609
2021-03-30 09:43:15,706.2,1728682
2021-03-30 09:43:16,706.15,1728963
2021-03-30 09:43:18,706.35,1729040
2021-03-30 09:43:19,706.35,1729040
2021-03-30 09:43:19,706.15,1729425
2021-03-30 09:43:21,706.1,1729552
2021-03-30 09:43:22,706.3,1729553
2021-03-30 09:43:23,706.15,1729554
2021-03-30 09:43:23,706.15,1729554
2021-03-30 09:43:24,706.2,1729555
2021-03-30 09:43:25,706.15,1729556
2021-03-30 09:43:26,706.0,1730466
2021-03-30 09:43:28,706.0,1730466
2021-03-30 09:43:29,706.0,1730706
2021-03-30 09:43:29,706.0,1730706
2021-03-30 09:43:30,706.0,1730716
2021-03-30 09:43:31,706.15,1730724
2021-03-30 09:43:32,706.0,1730734
2021-03-30 09:43:33,706.0,1730761
2021-03-30 09:43:34,706.0,1730899
2021-03-30 09:43:35,706.0,1730927
2021-03-30 09:43:36,706.0,1731007
2021-03-30 09:43:37,706.1,1731009
2021-03-30 09:43:39,706.0,1731059
2021-03-30 09:43:40,706.0,1731342
2021-03-30 09:43:40,706.0,1731342
2021-03-30 09:43:41,706.0,1731393
2021-03-30 09:43:42,705.8,1731887
2021-03-30 09:43:43,706.0,1731935
2021-03-30 09:43:44,706.05,1732271
2021-03-30 09:43:45,705.85,1732289
2021-03-30 09:43:47,705.9,1733355
2021-03-30 09:43:48,705.8,1734200
2021-03-30 09:43:49,705.8,1734211
2021-03-30 09:43:50,705.8,1734584
2021-03-30 09:43:52,705.75,1734884
2021-03-30 09:43:53,705.7,1734885
2021-03-30 09:43:54,705.8,1734922
2021-03-30 09:43:55,705.8,1735457
2021-03-30 09:43:56,705.8,1735457
2021-03-30 09:43:57,706.0,1735620
2021-03-30 09:43:58,705.8,1736040
2021-03-30 09:43:58,705.8,1736040
2021-03-30 09:43:59,705.9,1736041
2021-03-30 09:44:00,705.7,1736182
2021-03-30 09:44:01,705.6,1736316
2021-03-30 09:44:02,705.75,1737599
2021-03-30 09:44:03,705.55,1737682
2021-03-30 09:44:04,705.7,1737697
2021-03-30 09:44:05,705.75,1737754
2021-03-30 09:44:06,705.65,1737853
2021-03-30 09:44:07,705.7,1737918
2021-03-30 09:44:08,705.7,1737918
2021-03-30 09:44:10,705.9,1738146
2021-03-30 09:44:11,705.65,1738184
2021-03-30 09:44:12,705.75,1738639
2021-03-30 09:44:13,705.85,1738654
2021-03-30 09:44:14,705.75,1738720
2021-03-30 09:44:15,705.9,1738740
2021-03-30 09:44:16,705.9,1738793
2021-03-30 09:44:17,705.9,1738793
2021-03-30 09:44:18,705.8,1738902
2021-03-30 09:44:19,705.8,1738909
2021-03-30 09:44:20,705.8,1738909
2021-03-30 09:44:21,705.8,1738909
2021-03-30 09:44:21,705.8,1738909
2021-03-30 09:44:22,705.9,1738910
2021-03-30 09:44:23,705.95,1739055
2021-03-30 09:44:24,705.8,1739305
2021-03-30 09:44:25,706.0,1739306
2021-03-30 09:44:26,705.8,1739381
2021-03-30 09:44:27,705.9,1741325
2021-03-30 09:44:28,706.05,1741535
2021-03-30 09:44:29,706.0,1742199
2021-03-30 09:44:31,706.05,1742299
2021-03-30 09:44:32,705.9,1742326
2021-03-30 09:44:33,705.9,1742326
2021-03-30 09:44:33,705.9,1742526
2021-03-30 09:44:34,706.05,1743055
2021-03-30 09:44:35,706.0,1743946
2021-03-30 09:44:37,705.95,1744941
2021-03-30 09:44:37,706.1,1744976
2021-03-30 09:44:39,706.1,1744976
2021-03-30 09:44:40,706.1,1744976
2021-03-30 09:44:41,706.1,1744976
2021-03-30 09:44:41,706.1,1744976
2021-03-30 09:44:42,705.9,1745009
2021-03-30 09:44:43,706.0,1745010
2021-03-30 09:44:44,706.0,1745015
2021-03-30 09:44:45,705.9,1745391
2021-03-30 09:44:46,706.1,1745455
2021-03-30 09:44:47,705.9,1746654
2021-03-30 09:44:48,705.9,1746809
2021-03-30 09:44:49,705.9,1746952
2021-03-30 09:44:50,705.9,1746995
2021-03-30 09:44:52,705.9,1747124
2021-03-30 09:44:52,705.9,1747124
2021-03-30 09:44:53,705.9,1747124
2021-03-30 09:44:54,706.1,1747216
2021-03-30 09:44:56,706.0,1747316
2021-03-30 09:44:57,706.0,1747461
2021-03-30 09:44:57,706.1,1747510
2021-03-30 09:44:58,706.0,1747560
2021-03-30 09:44:59,706.1,1748879
2021-03-30 09:45:01,705.95,1748970
2021-03-30 09:45:02,706.05,1749023
2021-03-30 09:45:03,706.05,1749137
2021-03-30 09:45:04,706.1,1749157
2021-03-30 09:45:05,706.1,1749401
2021-03-30 09:45:06,706.05,1750143
2021-03-30 09:45:07,706.05,1750226
2021-03-30 09:45:08,706.05,1750273
2021-03-30 09:45:09,706.05,1752763
2021-03-30 09:45:09,706.3,1753263
2021-03-30 09:45:10,706.4,1754224
2021-03-30 09:45:12,706.45,1754395
2021-03-30 09:45:13,706.5,1755508
2021-03-30 09:45:14,706.5,1769878
2021-03-30 09:45:15,706.6,1770162
2021-03-30 09:45:16,706.6,1770809
2021-03-30 09:45:17,706.7,1770990
2021-03-30 09:45:18,706.65,1771314
2021-03-30 09:45:19,706.7,1771808
2021-03-30 09:45:20,706.85,1772018
2021-03-30 09:45:21,706.8,1774931
2021-03-30 09:45:22,706.75,1775468
2021-03-30 09:45:23,707.0,1775668
2021-03-30 09:45:24,706.9,1775752
2021-03-30 09:45:25,707.0,1792941
2021-03-30 09:45:26,707.0,1793562
2021-03-30 09:45:26,706.9,1793612
2021-03-30 09:45:28,707.0,1793963
2021-03-30 09:45:28,706.95,1793993
2021-03-30 09:45:30,707.2,1794186
2021-03-30 09:45:30,706.95,1794336
2021-03-30 09:45:31,706.95,1794336
2021-03-30 09:45:32,707.15,1795651
2021-03-30 09:45:34,707.1,1796395
2021-03-30 09:45:35,707.2,1798518
2021-03-30 09:45:36,707.1,1798588
2021-03-30 09:45:37,707.2,1799092
2021-03-30 09:45:38,707.2,1799809
2021-03-30 09:45:39,707.2,1799859
2021-03-30 09:45:40,707.15,1801175
2021-03-30 09:45:41,707.15,1801272
2021-03-30 09:45:42,707.2,1801884
2021-03-30 09:45:43,707.15,1802009
2021-03-30 09:45:44,707.15,1802150
2021-03-30 09:45:45,707.15,1802150
2021-03-30 09:45:45,707.2,1802210
2021-03-30 09:45:46,707.15,1802283
2021-03-30 09:45:47,707.15,1802390
2021-03-30 09:45:48,707.15,1802984
2021-03-30 09:45:49,707.15,1803251
2021-03-30 09:45:50,707.2,1803253
2021-03-30 09:45:51,707.15,1803833
2021-03-30 09:45:52,707.1,1803963
2021-03-30 09:45:53,707.1,1804801
2021-03-30 09:45:54,707.2,1804872
2021-03-30 09:45:55,707.1,1805361
2021-03-30 09:45:56,707.1,1805762
2021-03-30 09:45:57,706.95,1807571
2021-03-30 09:45:58,706.65,1808312
2021-03-30 09:45:59,706.05,1809500
2021-03-30 09:46:00,706.05,1809607
2021-03-30 09:46:01,706.05,1809692
2021-03-30 09:46:02,706.25,1809693
2021-03-30 09:46:03,706.1,1809694
2021-03-30 09:46:04,706.25,1809866
2021-03-30 09:46:05,706.7,1809915
2021-03-30 09:46:06,706.8,1810116
2021-03-30 09:46:07,707.1,1810550
2021-03-30 09:46:08,707.0,1811595
2021-03-30 09:46:10,707.15,1811620
2021-03-30 09:46:11,706.9,1811665
2021-03-30 09:46:12,706.95,1811703
2021-03-30 09:46:13,706.95,1811830
2021-03-30 09:46:14,706.9,1812043
2021-03-30 09:46:15,706.8,1812270
2021-03-30 09:46:16,706.7,1812371
2021-03-30 09:46:16,706.95,1812404
2021-03-30 09:46:17,706.95,1812704
2021-03-30 09:46:18,706.9,1812846
2021-03-30 09:46:20,706.95,1813071
2021-03-30 09:46:21,706.9,1813306
2021-03-30 09:46:22,706.9,1813307
2021-03-30 09:46:23,706.8,1813318
2021-03-30 09:46:23,706.8,1813318
2021-03-30 09:46:24,707.1,1813432
2021-03-30 09:46:25,707.1,1813541
2021-03-30 09:46:26,706.75,1814041
2021-03-30 09:46:27,706.8,1814046
2021-03-30 09:46:28,706.9,1814109
2021-03-30 09:46:29,707.05,1814284
2021-03-30 09:46:30,706.8,1814370
2021-03-30 09:46:31,706.8,1814370
2021-03-30 09:46:32,706.75,1814713
2021-03-30 09:46:33,706.65,1815145
2021-03-30 09:46:35,706.45,1815769
2021-03-30 09:46:36,706.4,1815893
2021-03-30 09:46:37,706.5,1816088
2021-03-30 09:46:38,706.5,1816103
2021-03-30 09:46:39,706.5,1816103
2021-03-30 09:46:40,706.35,1816148
2021-03-30 09:46:40,706.35,1816148
2021-03-30 09:46:41,706.4,1816218
2021-03-30 09:46:42,706.7,1816439
2021-03-30 09:46:43,706.8,1816564
2021-03-30 09:46:44,706.8,1816564
2021-03-30 09:46:45,706.75,1816574
2021-03-30 09:46:46,706.75,1816707
2021-03-30 09:46:47,706.85,1816708
2021-03-30 09:46:48,707.0,1816823
2021-03-30 09:46:49,706.85,1816876
2021-03-30 09:46:51,707.0,1817183
2021-03-30 09:46:52,707.0,1818178
2021-03-30 09:46:53,706.9,1818190
2021-03-30 09:46:53,707.0,1818189
2021-03-30 09:46:54,706.9,1818630
2021-03-30 09:46:55,706.9,1818630
2021-03-30 09:46:56,706.9,1818730
2021-03-30 09:46:58,707.0,1818830
2021-03-30 09:46:59,706.9,1819913
2021-03-30 09:47:00,707.0,1820654
2021-03-30 09:47:01,706.8,1821423
2021-03-30 09:47:02,707.0,1821649
2021-03-30 09:47:03,706.75,1821854
2021-03-30 09:47:03,706.75,1821854
2021-03-30 09:47:04,706.75,1821933
2021-03-30 09:47:05,706.75,1821935
2021-03-30 09:47:06,706.85,1821941
2021-03-30 09:47:07,706.85,1822155
2021-03-30 09:47:08,706.85,1822208
2021-03-30 09:47:10,706.85,1822252
2021-03-30 09:47:11,706.85,1822352
2021-03-30 09:47:11,706.75,1822452
2021-03-30 09:47:12,706.75,1822452
2021-03-30 09:47:13,706.75,1822452
2021-03-30 09:47:14,706.85,1822752
2021-03-30 09:47:15,706.75,1822827
2021-03-30 09:47:17,706.75,1822832
2021-03-30 09:47:18,706.75,1823045
2021-03-30 09:47:19,706.75,1823045
2021-03-30 09:47:20,706.75,1823901
2021-03-30 09:47:21,706.75,1824121
2021-03-30 09:47:22,706.55,1824171
2021-03-30 09:47:23,706.55,1824171
2021-03-30 09:47:24,706.55,1824196
2021-03-30 09:47:24,706.75,1824199
2021-03-30 09:47:25,706.75,1824199
2021-03-30 09:47:27,706.55,1824699
2021-03-30 09:47:28,706.55,1824700
2021-03-30 09:47:29,706.55,1824700
2021-03-30 09:47:30,706.75,1824701
2021-03-30 09:47:31,706.75,1825340
2021-03-30 09:47:32,706.75,1825583
2021-03-30 09:47:33,706.75,1825640
2021-03-30 09:47:34,706.75,1825640
2021-03-30 09:47:35,707.0,1825700
2021-03-30 09:47:36,706.75,1826813
2021-03-30 09:47:37,706.65,1828256
2021-03-30 09:47:39,706.7,1828260
2021-03-30 09:47:40,706.5,1829240
2021-03-30 09:47:40,706.5,1829240
2021-03-30 09:47:41,706.5,1829591
2021-03-30 09:47:42,706.55,1829619
2021-03-30 09:47:43,706.4,1829681
2021-03-30 09:47:44,706.65,1829911
2021-03-30 09:47:45,706.6,1829973
2021-03-30 09:47:46,706.85,1829980
2021-03-30 09:47:47,706.55,1830230
2021-03-30 09:47:48,706.55,1830230
2021-03-30 09:47:49,706.85,1830308
2021-03-30 09:47:50,706.85,1830322
2021-03-30 09:47:51,706.85,1830361
2021-03-30 09:47:52,706.85,1830361
2021-03-30 09:47:53,706.85,1830515
2021-03-30 09:47:54,707.0,1831638
2021-03-30 09:47:56,707.0,1831638
2021-03-30 09:47:57,707.0,1835250
2021-03-30 09:47:58,707.05,1835696
2021-03-30 09:47:59,707.3,1851731
2021-03-30 09:47:59,707.3,1851746
2021-03-30 09:48:00,707.35,1852469
2021-03-30 09:48:01,707.3,1852698
2021-03-30 09:48:02,707.3,1853196
2021-03-30 09:48:04,707.3,1853196
2021-03-30 09:48:05,707.45,1853434
2021-03-30 09:48:06,707.35,1853444
2021-03-30 09:48:07,707.1,1855590
2021-03-30 09:48:08,706.95,1856084
2021-03-30 09:48:09,706.9,1856788
2021-03-30 09:48:10,706.9,1856940
2021-03-30 09:48:11,707.0,1857293
2021-03-30 09:48:12,707.0,1857293
2021-03-30 09:48:13,707.0,1857293
2021-03-30 09:48:14,707.0,1857293
2021-03-30 09:48:15,706.55,1858543
2021-03-30 09:48:16,707.0,1858665
2021-03-30 09:48:17,706.7,1858805
2021-03-30 09:48:18,706.85,1858845
2021-03-30 09:48:18,706.85,1858895
2021-03-30 09:48:20,706.85,1858901
2021-03-30 09:48:21,706.85,1859003
2021-03-30 09:48:22,707.0,1860542
2021-03-30 09:48:23,706.95,1860863
2021-03-30 09:48:24,706.65,1860873
2021-03-30 09:48:25,706.65,1860982
2021-03-30 09:48:26,706.65,1861175
2021-03-30 09:48:27,706.55,1861681
2021-03-30 09:48:28,706.85,1861688
2021-03-30 09:48:29,706.55,1861733
2021-03-30 09:48:30,706.8,1862043
2021-03-30 09:48:30,706.7,1862249
2021-03-30 09:48:32,706.75,1862341
2021-03-30 09:48:33,706.8,1862823
2021-03-30 09:48:34,706.8,1865582
2021-03-30 09:48:35,706.65,1865624
2021-03-30 09:48:36,706.75,1865699
2021-03-30 09:48:37,706.65,1865801
2021-03-30 09:48:38,706.65,1865801
2021-03-30 09:48:39,706.55,1865811
2021-03-30 09:48:40,706.55,1865883
2021-03-30 09:48:41,706.65,1866403
2021-03-30 09:48:42,706.65,1866403
2021-03-30 09:48:43,706.8,1866556
2021-03-30 09:48:43,706.85,1866574
2021-03-30 09:48:44,706.65,1866934
2021-03-30 09:48:45,706.95,1867034
2021-03-30 09:48:47,706.75,1867077
2021-03-30 09:48:48,706.75,1867448
2021-03-30 09:48:49,706.75,1867491
2021-03-30 09:48:50,706.75,1867491
2021-03-30 09:48:51,706.75,1868166
2021-03-30 09:48:51,706.75,1868167
2021-03-30 09:48:52,706.75,1868167
2021-03-30 09:48:54,706.95,1868197
2021-03-30 09:48:55,706.9,1868223
2021-03-30 09:48:56,706.9,1868225
2021-03-30 09:48:57,706.9,1868311
2021-03-30 09:48:58,706.9,1868311
2021-03-30 09:48:58,706.9,1868811
2021-03-30 09:49:00,706.9,1868937
2021-03-30 09:49:01,706.9,1869122
2021-03-30 09:49:02,706.9,1869386
2021-03-30 09:49:02,706.95,1869396
2021-03-30 09:49:03,706.95,1869646
2021-03-30 09:49:05,706.8,1869686
2021-03-30 09:49:06,707.0,1869911
2021-03-30 09:49:07,707.0,1869911
2021-03-30 09:49:08,707.0,1872407
2021-03-30 09:49:09,707.1,1872558
2021-03-30 09:49:10,707.3,1873103
2021-03-30 09:49:10,707.05,1873293
2021-03-30 09:49:11,707.3,1873562
2021-03-30 09:49:13,707.05,1874412
2021-03-30 09:49:14,707.05,1874412
2021-03-30 09:49:15,707.2,1874506
2021-03-30 09:49:16,707.2,1874597
2021-03-30 09:49:17,707.05,1875753
2021-03-30 09:49:18,707.05,1876053
2021-03-30 09:49:18,707.05,1876053
2021-03-30 09:49:19,707.2,1876071
2021-03-30 09:49:20,707.2,1876260
2021-03-30 09:49:21,707.3,1876814
2021-03-30 09:49:22,707.3,1876814
2021-03-30 09:49:23,707.3,1876845
2021-03-30 09:49:25,707.2,1877153
2021-03-30 09:49:26,707.2,1878820
2021-03-30 09:49:27,707.2,1879048
2021-03-30 09:49:28,707.4,1879350
2021-03-30 09:49:28,707.4,1879350
2021-03-30 09:49:29,707.05,1880346
2021-03-30 09:49:30,707.25,1880353
2021-03-30 09:49:32,707.25,1880368
2021-03-30 09:49:33,707.25,1880368
2021-03-30 09:49:34,707.35,1881143
2021-03-30 09:49:35,707.3,1881168
2021-03-30 09:49:35,707.15,1881163
2021-03-30 09:49:36,707.4,1881517
2021-03-30 09:49:37,707.4,1881722
2021-03-30 09:49:39,707.15,1882039
2021-03-30 09:49:40,707.4,1882610
2021-03-30 09:49:41,707.4,1882661
2021-03-30 09:49:41,707.4,1882641
2021-03-30 09:49:42,707.2,1882920
2021-03-30 09:49:43,707.2,1882920
2021-03-30 09:49:45,707.2,1882930
2021-03-30 09:49:46,707.2,1882931
2021-03-30 09:49:47,707.4,1883049
2021-03-30 09:49:48,707.4,1883049
2021-03-30 09:49:49,707.2,1883203
2021-03-30 09:49:50,707.2,1883230
2021-03-30 09:49:50,707.2,1883230
2021-03-30 09:49:51,707.35,1883781
2021-03-30 09:49:52,707.1,1885782
2021-03-30 09:49:53,707.1,1886110
2021-03-30 09:49:54,707.35,1886194
2021-03-30 09:49:56,707.35,1886194
2021-03-30 09:49:57,707.15,1886294
2021-03-30 09:49:58,707.15,1887323
2021-03-30 09:49:59,707.15,1887379
2021-03-30 09:50:00,707.0,1888815
2021-03-30 09:50:01,707.15,1889361
2021-03-30 09:50:02,707.0,1889813
2021-03-30 09:50:03,707.0,1889868
2021-03-30 09:50:04,707.0,1890033
2021-03-30 09:50:05,707.0,1890118
2021-03-30 09:50:06,707.15,1890619
2021-03-30 09:50:06,707.15,1890629
2021-03-30 09:50:07,707.1,1890679
2021-03-30 09:50:08,707.25,1890708
2021-03-30 09:50:09,707.35,1890779
2021-03-30 09:50:11,707.35,1891067
2021-03-30 09:50:12,707.35,1891166
2021-03-30 09:50:13,707.25,1891171
2021-03-30 09:50:14,707.35,1891361
2021-03-30 09:50:14,707.35,1891361
2021-03-30 09:50:15,707.25,1891416
2021-03-30 09:50:17,707.25,1891811
2021-03-30 09:50:18,707.25,1891861
2021-03-30 09:50:19,707.25,1892648
2021-03-30 09:50:20,707.25,1893192
2021-03-30 09:50:20,707.25,1893172
2021-03-30 09:50:21,707.95,1901139
2021-03-30 09:50:22,707.8,1905087
2021-03-30 09:50:23,707.75,1905552
2021-03-30 09:50:24,707.75,1905713
2021-03-30 09:50:25,707.65,1906050
2021-03-30 09:50:27,707.85,1906227
2021-03-30 09:50:28,707.85,1906724
2021-03-30 09:50:29,707.8,1907792
2021-03-30 09:50:29,707.8,1907793
2021-03-30 09:50:30,707.65,1908048
2021-03-30 09:50:31,707.7,1908148
2021-03-30 09:50:32,707.85,1908464
2021-03-30 09:50:33,707.7,1908981
2021-03-30 09:50:35,707.9,1909032
2021-03-30 09:50:36,707.7,1914594
2021-03-30 09:50:37,707.85,1914747
2021-03-30 09:50:37,707.85,1914956
2021-03-30 09:50:38,707.85,1915036
2021-03-30 09:50:39,707.7,1915714
2021-03-30 09:50:40,707.75,1917297
2021-03-30 09:50:42,708.0,1917813
2021-03-30 09:50:43,707.75,1918991
2021-03-30 09:50:44,707.7,1919841
2021-03-30 09:50:45,707.7,1920116
2021-03-30 09:50:45,707.75,1920184
2021-03-30 09:50:46,707.95,1921279
2021-03-30 09:50:48,707.7,1921885
2021-03-30 09:50:49,707.75,1922214
2021-03-30 09:50:50,707.7,1922938
2021-03-30 09:50:50,707.9,1922760
2021-03-30 09:50:51,707.85,1923062
2021-03-30 09:50:53,707.85,1923265
2021-03-30 09:50:54,707.75,1923320
2021-03-30 09:50:55,707.9,1923525
2021-03-30 09:50:55,707.85,1923530
2021-03-30 09:50:56,708.0,1924689
2021-03-30 09:50:58,707.9,1924806
2021-03-30 09:50:59,707.75,1925056
2021-03-30 09:51:00,707.95,1925811
2021-03-30 09:51:01,707.8,1926570
2021-03-30 09:51:01,707.8,1926571
2021-03-30 09:51:02,707.85,1926578
2021-03-30 09:51:03,708.0,1927953
2021-03-30 09:51:04,707.95,1928588
2021-03-30 09:51:06,707.85,1928944
2021-03-30 09:51:07,707.85,1929208
2021-03-30 09:51:08,708.0,1929750
2021-03-30 09:51:08,708.0,1930013
2021-03-30 09:51:09,707.8,1931675
2021-03-30 09:51:10,707.95,1931731
2021-03-30 09:51:12,707.95,1931870
2021-03-30 09:51:13,707.85,1932347
2021-03-30 09:51:14,707.85,1932352
2021-03-30 09:51:15,707.85,1935032
2021-03-30 09:51:15,707.85,1935071
2021-03-30 09:51:16,707.75,1935689
2021-03-30 09:51:17,707.85,1936741
2021-03-30 09:51:18,707.85,1936881
2021-03-30 09:51:19,707.85,1936881
2021-03-30 09:51:20,707.85,1936881
2021-03-30 09:51:21,707.85,1936965
2021-03-30 09:51:22,707.85,1937265
2021-03-30 09:51:24,707.95,1938328
2021-03-30 09:51:25,708.0,1938897
2021-03-30 09:51:26,707.7,1938992
2021-03-30 09:51:26,707.7,1938992
2021-03-30 09:51:27,707.85,1939369
2021-03-30 09:51:28,707.9,1939374
2021-03-30 09:51:29,707.7,1939515
2021-03-30 09:51:30,707.9,1940818
2021-03-30 09:51:31,707.9,1940956
2021-03-30 09:51:32,707.7,1941052
2021-03-30 09:51:34,707.7,1941053
2021-03-30 09:51:35,707.9,1941393
2021-03-30 09:51:36,707.7,1941646
2021-03-30 09:51:37,707.65,1942592
2021-03-30 09:51:38,707.7,1942902
2021-03-30 09:51:38,707.65,1942945
2021-03-30 09:51:39,707.85,1943475
2021-03-30 09:51:40,707.75,1943828
2021-03-30 09:51:42,707.9,1943848
2021-03-30 09:51:43,707.9,1943848
2021-03-30 09:51:44,707.75,1944396
2021-03-30 09:51:44,707.75,1944391
2021-03-30 09:51:45,707.9,1944892
2021-03-30 09:51:47,707.75,1946020
2021-03-30 09:51:48,707.75,1946144
2021-03-30 09:51:49,707.75,1946329
2021-03-30 09:51:49,707.75,1946329
2021-03-30 09:51:50,707.75,1946428
2021-03-30 09:51:51,707.85,1946513
2021-03-30 09:51:53,707.75,1947402
2021-03-30 09:51:54,707.75,1947753
2021-03-30 09:51:55,707.8,1947842
2021-03-30 09:51:55,707.8,1947842
2021-03-30 09:51:56,707.85,1948142
2021-03-30 09:51:58,707.8,1948498
2021-03-30 09:51:59,707.9,1949173
2021-03-30 09:52:00,707.6,1949555
2021-03-30 09:52:00,707.9,1949599
2021-03-30 09:52:01,707.85,1949653
2021-03-30 09:52:03,707.6,1949715
2021-03-30 09:52:04,707.6,1949921
2021-03-30 09:52:05,707.8,1950058
2021-03-30 09:52:05,707.8,1950058
2021-03-30 09:52:06,707.8,1950348
2021-03-30 09:52:07,707.8,1950567
2021-03-30 09:52:08,707.6,1950615
2021-03-30 09:52:09,707.5,1951273
2021-03-30 09:52:11,707.55,1951489
2021-03-30 09:52:12,707.55,1951561
2021-03-30 09:52:13,707.5,1951978
2021-03-30 09:52:14,707.55,1952085
2021-03-30 09:52:14,707.8,1952082
2021-03-30 09:52:15,707.8,1952197
2021-03-30 09:52:16,707.55,1952807
2021-03-30 09:52:18,707.5,1954164
2021-03-30 09:52:19,707.55,1954363
2021-03-30 09:52:20,707.55,1954373
2021-03-30 09:52:21,707.55,1954549
2021-03-30 09:52:21,707.55,1954549
2021-03-30 09:52:22,707.8,1954805
2021-03-30 09:52:24,707.6,1954815
2021-03-30 09:52:25,707.8,1956097
2021-03-30 09:52:26,707.8,1956275
2021-03-30 09:52:27,707.8,1956277
2021-03-30 09:52:28,707.55,1956278
2021-03-30 09:52:28,707.55,1956278
2021-03-30 09:52:29,707.6,1956420
2021-03-30 09:52:30,707.55,1956506
2021-03-30 09:52:31,707.6,1956762
2021-03-30 09:52:33,707.65,1957019
2021-03-30 09:52:34,707.6,1957029
2021-03-30 09:52:35,707.8,1957254
2021-03-30 09:52:36,707.75,1957315
2021-03-30 09:52:37,707.8,1957652
2021-03-30 09:52:37,707.75,1957753
2021-03-30 09:52:38,707.75,1958188
2021-03-30 09:52:39,707.75,1958188
2021-03-30 09:52:41,707.8,1958907
2021-03-30 09:52:42,707.8,1959001
2021-03-30 09:52:43,707.7,1959696
2021-03-30 09:52:43,707.9,1959721
2021-03-30 09:52:44,707.8,1959865
2021-03-30 09:52:46,707.8,1960014
2021-03-30 09:52:47,707.9,1960555
2021-03-30 09:52:48,707.8,1960638
2021-03-30 09:52:48,707.8,1960642
2021-03-30 09:52:49,707.8,1960853
2021-03-30 09:52:51,707.55,1961878
2021-03-30 09:52:53,707.8,1961881
2021-03-30 09:52:54,707.75,1961974
2021-03-30 09:52:55,707.8,1962107
2021-03-30 09:52:56,707.75,1962228
2021-03-30 09:52:56,707.75,1962228
2021-03-30 09:52:57,707.75,1962330
2021-03-30 09:52:59,707.8,1962481
2021-03-30 09:53:00,707.9,1962723
2021-03-30 09:53:01,707.8,1962794
2021-03-30 09:53:02,707.85,1963013
2021-03-30 09:53:02,707.85,1963013
2021-03-30 09:53:03,707.85,1963018
2021-03-30 09:53:04,707.75,1963738
2021-03-30 09:53:05,707.75,1963738
2021-03-30 09:53:07,707.9,1964881
2021-03-30 09:53:08,707.9,1964881
2021-03-30 09:53:09,707.75,1965668
2021-03-30 09:53:10,707.75,1965668
2021-03-30 09:53:10,707.95,1965673
2021-03-30 09:53:11,707.85,1965677
2021-03-30 09:53:12,708.0,1966382
2021-03-30 09:53:14,707.9,1966565
2021-03-30 09:53:15,707.9,1966733
2021-03-30 09:53:16,707.8,1967433
2021-03-30 09:53:16,707.8,1967433
2021-03-30 09:53:17,707.9,1968070
2021-03-30 09:53:18,707.85,1968172
2021-03-30 09:53:20,707.8,1968274
2021-03-30 09:53:21,707.8,1968393
2021-03-30 09:53:22,707.75,1968589
2021-03-30 09:53:23,707.75,1968758
2021-03-30 09:53:24,707.75,1974371
2021-03-30 09:53:25,707.95,1974647
2021-03-30 09:53:26,707.9,1975045
2021-03-30 09:53:27,707.75,1975601
2021-03-30 09:53:27,707.9,1975627
2021-03-30 09:53:28,707.75,1975918
2021-03-30 09:53:29,707.95,1976236
2021-03-30 09:53:30,708.0,1976252
2021-03-30 09:53:32,708.0,1976553
2021-03-30 09:53:33,707.8,1977351
2021-03-30 09:53:34,708.0,1977846
2021-03-30 09:53:34,708.0,1977846
2021-03-30 09:53:35,707.9,1977976
2021-03-30 09:53:36,707.95,1978170
2021-03-30 09:53:37,707.95,1978220
2021-03-30 09:53:38,707.95,1978410
2021-03-30 09:53:39,708.0,1978513
2021-03-30 09:53:41,707.9,1979157
2021-03-30 09:53:42,708.0,1980565
2021-03-30 09:53:43,708.0,1980814
2021-03-30 09:53:44,708.0,1980826
2021-03-30 09:53:45,708.0,1981246
2021-03-30 09:53:46,708.0,1981766
2021-03-30 09:53:46,708.0,1981766
2021-03-30 09:53:47,707.9,1981919
2021-03-30 09:53:48,708.0,1982627
2021-03-30 09:53:49,707.9,1982968
2021-03-30 09:53:50,708.0,1983038
2021-03-30 09:53:51,708.0,1983156
2021-03-30 09:53:52,707.95,1988315
2021-03-30 09:53:53,707.95,1988803
2021-03-30 09:53:55,707.8,1990962
2021-03-30 09:53:56,707.8,1991111
2021-03-30 09:53:57,707.8,1991297
2021-03-30 09:53:57,707.8,1991297
2021-03-30 09:53:58,707.95,1991797
2021-03-30 09:53:59,707.95,1991800
2021-03-30 09:54:00,707.95,1991976
2021-03-30 09:54:02,707.95,1992136
2021-03-30 09:54:03,707.95,1992929
2021-03-30 09:54:04,707.95,1992929
2021-03-30 09:54:05,707.95,1993019
2021-03-30 09:54:05,708.0,1993025
2021-03-30 09:54:06,708.0,1993124
2021-03-30 09:54:07,708.0,1993133
2021-03-30 09:54:08,708.0,1993410
2021-03-30 09:54:09,708.0,1993450
2021-03-30 09:54:11,707.95,1998358
2021-03-30 09:54:12,708.0,1998369
2021-03-30 09:54:13,708.0,1998388
2021-03-30 09:54:14,708.0,1998398
2021-03-30 09:54:15,707.95,1998747
2021-03-30 09:54:15,707.95,1998747
2021-03-30 09:54:16,707.95,1998747
2021-03-30 09:54:17,708.0,2000155
2021-03-30 09:54:19,708.0,2000401
2021-03-30 09:54:20,708.0,2000453
2021-03-30 09:54:21,708.3,2009248
2021-03-30 09:54:22,708.05,2009416
2021-03-30 09:54:23,708.2,2009510
2021-03-30 09:54:24,708.2,2010874
2021-03-30 09:54:25,708.0,2011416
2021-03-30 09:54:25,708.0,2011473
2021-03-30 09:54:26,708.2,2011974
2021-03-30 09:54:27,708.15,2013949
2021-03-30 09:54:29,708.0,2014050
2021-03-30 09:54:30,707.95,2014178
2021-03-30 09:54:31,708.0,2014274
2021-03-30 09:54:32,708.0,2014393
2021-03-30 09:54:33,708.05,2014641
2021-03-30 09:54:34,708.15,2015003
2021-03-30 09:54:34,708.15,2015003
2021-03-30 09:54:35,708.0,2015009
2021-03-30 09:54:37,708.1,2018875
2021-03-30 09:54:38,707.65,2019113
2021-03-30 09:54:39,707.7,2019227
2021-03-30 09:54:39,707.7,2019227
2021-03-30 09:54:40,707.85,2019804
2021-03-30 09:54:41,707.85,2019880
2021-03-30 09:54:42,707.8,2019930
2021-03-30 09:54:44,707.8,2020201
2021-03-30 09:54:45,707.9,2020228
2021-03-30 09:54:46,707.7,2020313
2021-03-30 09:54:47,707.7,2020329
2021-03-30 09:54:48,707.7,2020456
2021-03-30 09:54:48,707.7,2020456
2021-03-30 09:54:49,707.7,2020476
2021-03-30 09:54:50,707.75,2020489
2021-03-30 09:54:51,707.75,2020525
2021-03-30 09:54:52,707.7,2020595
2021-03-30 09:54:54,707.75,2020637
2021-03-30 09:54:55,707.75,2021026
2021-03-30 09:54:56,707.8,2021148
2021-03-30 09:54:57,707.75,2021176
2021-03-30 09:54:58,707.8,2021397
2021-03-30 09:54:59,707.8,2021492
2021-03-30 09:55:00,707.95,2021676
2021-03-30 09:55:01,707.75,2023165
2021-03-30 09:55:02,707.75,2023168
2021-03-30 09:55:03,707.75,2023168
2021-03-30 09:55:04,707.75,2023568
2021-03-30 09:55:05,707.9,2024100
2021-03-30 09:55:05,707.9,2024100
2021-03-30 09:55:06,707.6,2024535
2021-03-30 09:55:08,707.6,2024535
2021-03-30 09:55:09,707.6,2024576
2021-03-30 09:55:10,707.65,2024589
2021-03-30 09:55:11,707.75,2024740
2021-03-30 09:55:12,707.75,2024783
2021-03-30 09:55:13,707.75,2024976
2021-03-30 09:55:13,707.75,2024976
2021-03-30 09:55:14,708.0,2025396
2021-03-30 09:55:15,707.8,2025856
2021-03-30 09:55:16,707.65,2025891
2021-03-30 09:55:18,707.65,2026292
2021-03-30 09:55:19,707.85,2026506
2021-03-30 09:55:20,707.8,2026832
2021-03-30 09:55:21,707.75,2027641
2021-03-30 09:55:22,707.8,2028031
2021-03-30 09:55:23,707.8,2028394
2021-03-30 09:55:24,707.6,2028480
2021-03-30 09:55:24,707.6,2028480
2021-03-30 09:55:25,707.75,2028497
2021-03-30 09:55:26,707.6,2028531
2021-03-30 09:55:27,707.65,2028663
2021-03-30 09:55:29,707.6,2029008
2021-03-30 09:55:30,707.6,2029338
2021-03-30 09:55:31,707.8,2029727
2021-03-30 09:55:32,707.6,2029768
2021-03-30 09:55:33,707.6,2029768
2021-03-30 09:55:34,707.8,2030567
2021-03-30 09:55:35,707.6,2030570
2021-03-30 09:55:35,707.8,2030567
2021-03-30 09:55:36,707.6,2030600
2021-03-30 09:55:37,707.6,2030922
2021-03-30 09:55:39,707.8,2030927
2021-03-30 09:55:40,707.6,2030995
2021-03-30 09:55:41,707.8,2031002
2021-03-30 09:55:42,707.8,2031002
2021-03-30 09:55:43,707.8,2031662
2021-03-30 09:55:44,707.6,2032531
2021-03-30 09:55:45,707.6,2032600
2021-03-30 09:55:46,707.6,2032735
2021-03-30 09:55:47,707.6,2033196
2021-03-30 09:55:48,707.55,2033221
2021-03-30 09:55:49,707.55,2034084
2021-03-30 09:55:50,707.6,2034583
2021-03-30 09:55:51,707.6,2034583
2021-03-30 09:55:52,707.6,2034693
2021-03-30 09:55:53,707.55,2034712
2021-03-30 09:55:53,707.55,2034712
2021-03-30 09:55:54,707.5,2037193
2021-03-30 09:55:55,707.5,2037193
2021-03-30 09:55:56,707.4,2037564
2021-03-30 09:55:57,707.6,2037669
2021-03-30 09:55:58,707.5,2037795
2021-03-30 09:55:59,707.6,2037956
2021-03-30 09:56:00,707.6,2037956
2021-03-30 09:56:02,707.65,2038177
2021-03-30 09:56:03,707.4,2038269
2021-03-30 09:56:04,707.4,2038355
2021-03-30 09:56:05,707.6,2038578
2021-03-30 09:56:06,707.4,2038641
2021-03-30 09:56:07,707.4,2038827
2021-03-30 09:56:08,707.5,2038877
2021-03-30 09:56:08,707.5,2038877
2021-03-30 09:56:09,707.4,2039269
2021-03-30 09:56:10,707.5,2039275
2021-03-30 09:56:11,706.65,2048733
2021-03-30 09:56:12,706.8,2050822
2021-03-30 09:56:13,706.5,2051296
2021-03-30 09:56:14,706.5,2051802
2021-03-30 09:56:15,706.5,2052302
2021-03-30 09:56:16,706.4,2052969
2021-03-30 09:56:17,706.8,2053375
2021-03-30 09:56:19,706.5,2053585
2021-03-30 09:56:20,706.75,2053752
2021-03-30 09:56:21,706.5,2053812
2021-03-30 09:56:22,706.5,2054209
2021-03-30 09:56:23,706.75,2054271
2021-03-30 09:56:24,706.8,2054321
2021-03-30 09:56:25,706.8,2054321
2021-03-30 09:56:26,706.9,2054359
2021-03-30 09:56:27,706.9,2054975
2021-03-30 09:56:28,707.0,2055068
2021-03-30 09:56:29,706.8,2055628
2021-03-30 09:56:30,706.85,2055984
2021-03-30 09:56:31,707.05,2056363
2021-03-30 09:56:32,707.3,2056393
2021-03-30 09:56:33,707.0,2056903
2021-03-30 09:56:33,707.05,2056961
2021-03-30 09:56:34,707.4,2056967
2021-03-30 09:56:36,707.4,2057187
2021-03-30 09:56:37,707.35,2057192
2021-03-30 09:56:38,707.4,2057202
2021-03-30 09:56:39,707.3,2058885
2021-03-30 09:56:40,707.55,2059014
2021-03-30 09:56:41,708.0,2059813
2021-03-30 09:56:42,707.9,2059860
2021-03-30 09:56:43,707.9,2059907
2021-03-30 09:56:44,707.9,2060060
2021-03-30 09:56:45,708.0,2060130
2021-03-30 09:56:46,707.95,2060155
2021-03-30 09:56:47,707.9,2060321
2021-03-30 09:56:47,707.9,2060321
2021-03-30 09:56:48,708.0,2060465
2021-03-30 09:56:49,708.0,2060573
2021-03-30 09:56:51,707.85,2060593
2021-03-30 09:56:52,707.9,2060783
2021-03-30 09:56:53,707.85,2066633
2021-03-30 09:56:54,707.9,2066779
2021-03-30 09:56:55,708.0,2066921
2021-03-30 09:56:56,707.85,2067132
2021-03-30 09:56:56,708.0,2067332
2021-03-30 09:56:57,707.85,2068042
2021-03-30 09:56:58,707.85,2068097
2021-03-30 09:56:59,708.15,2068533
2021-03-30 09:57:00,707.9,2069044
2021-03-30 09:57:02,707.8,2069559
2021-03-30 09:57:03,708.2,2069946
2021-03-30 09:57:04,708.2,2070237
2021-03-30 09:57:04,708.2,2070237
2021-03-30 09:57:05,708.2,2070237
2021-03-30 09:57:06,708.0,2070432
2021-03-30 09:57:07,708.2,2070502
2021-03-30 09:57:08,708.0,2070786
2021-03-30 09:57:09,707.95,2070974
2021-03-30 09:57:11,708.2,2071511
2021-03-30 09:57:12,707.85,2071730
2021-03-30 09:57:13,708.0,2071822
2021-03-30 09:57:14,708.0,2071822
2021-03-30 09:57:15,707.85,2071894
2021-03-30 09:57:16,708.0,2071897
2021-03-30 09:57:17,708.0,2072018
2021-03-30 09:57:18,708.1,2072175
2021-03-30 09:57:19,707.8,2072566
2021-03-30 09:57:20,708.0,2072899
2021-03-30 09:57:21,708.0,2072987
2021-03-30 09:57:22,708.0,2073003
2021-03-30 09:57:23,708.0,2073182
2021-03-30 09:57:24,708.0,2073384
2021-03-30 09:57:24,708.0,2073384
2021-03-30 09:57:25,708.0,2073751
2021-03-30 09:57:26,707.9,2073887
2021-03-30 09:57:28,708.0,2075258
2021-03-30 09:57:29,707.9,2075403
2021-03-30 09:57:30,707.85,2075591
2021-03-30 09:57:31,708.0,2075790
2021-03-30 09:57:32,707.9,2077348
2021-03-30 09:57:33,707.9,2077569
2021-03-30 09:57:34,708.0,2077589
2021-03-30 09:57:35,707.9,2077732
2021-03-30 09:57:35,707.9,2077732
2021-03-30 09:57:36,707.9,2078025
2021-03-30 09:57:38,707.85,2079472
2021-03-30 09:57:39,707.85,2079890
2021-03-30 09:57:40,707.8,2080010
2021-03-30 09:57:41,707.8,2080010
2021-03-30 09:57:42,708.0,2080091
2021-03-30 09:57:43,707.8,2080210
2021-03-30 09:57:44,707.8,2080210
2021-03-30 09:57:45,707.9,2080645
2021-03-30 09:57:46,707.8,2081006
2021-03-30 09:57:47,707.95,2081374
2021-03-30 09:57:47,707.95,2081374
2021-03-30 09:57:48,707.8,2081826
2021-03-30 09:57:49,707.95,2081876
2021-03-30 09:57:50,707.8,2082089
2021-03-30 09:57:51,707.95,2082175
2021-03-30 09:57:52,707.95,2082175
2021-03-30 09:57:53,707.8,2082258
2021-03-30 09:57:55,707.8,2082269
2021-03-30 09:57:56,707.8,2083103
2021-03-30 09:57:57,707.95,2083138
2021-03-30 09:57:58,707.9,2083424
2021-03-30 09:57:58,707.9,2083424
2021-03-30 09:57:59,707.9,2083570
2021-03-30 09:58:00,707.85,2084573
2021-03-30 09:58:01,707.9,2084743
2021-03-30 09:58:03,707.9,2084743
2021-03-30 09:58:04,707.95,2085100
2021-03-30 09:58:05,707.9,2085111
2021-03-30 09:58:06,707.8,2085528
2021-03-30 09:58:07,707.95,2085531
2021-03-30 09:58:07,707.95,2085531
2021-03-30 09:58:08,707.95,2085531
2021-03-30 09:58:10,707.8,2085581
2021-03-30 09:58:11,707.8,2085585
2021-03-30 09:58:12,707.8,2085591
2021-03-30 09:58:13,707.8,2085635
2021-03-30 09:58:14,707.8,2085740
2021-03-30 09:58:15,707.9,2085857
2021-03-30 09:58:16,707.9,2085857
2021-03-30 09:58:17,707.8,2086072
2021-03-30 09:58:17,707.95,2086074
2021-03-30 09:58:18,707.95,2086129
2021-03-30 09:58:19,707.95,2086436
2021-03-30 09:58:20,707.9,2086556
2021-03-30 09:58:22,707.95,2086878
2021-03-30 09:58:23,707.95,2086888
2021-03-30 09:58:24,708.05,2092709
2021-03-30 09:58:25,708.2,2092784
2021-03-30 09:58:26,708.2,2092784
2021-03-30 09:58:27,708.05,2092839
2021-03-30 09:58:28,708.2,2093067
2021-03-30 09:58:28,708.2,2093067
2021-03-30 09:58:29,708.1,2093130
2021-03-30 09:58:30,708.3,2095464
2021-03-30 09:58:31,708.2,2095987
2021-03-30 09:58:32,708.4,2096807
2021-03-30 09:58:34,708.5,2097395
2021-03-30 09:58:35,708.5,2097395
2021-03-30 09:58:36,708.3,2100467
2021-03-30 09:58:37,708.4,2102642
2021-03-30 09:58:38,708.65,2103342
2021-03-30 09:58:39,708.5,2103481
2021-03-30 09:58:40,708.5,2103500
2021-03-30 09:58:40,708.5,2103500
2021-03-30 09:58:41,708.55,2103674
2021-03-30 09:58:42,708.7,2105765
2021-03-30 09:58:44,708.7,2107066
2021-03-30 09:58:45,708.9,2107841
2021-03-30 09:58:46,708.7,2132043
2021-03-30 09:58:47,708.65,2132507
2021-03-30 09:58:48,708.8,2132626
2021-03-30 09:58:49,708.8,2132702
2021-03-30 09:58:50,708.65,2132775
2021-03-30 09:58:51,708.8,2133181
2021-03-30 09:58:52,708.7,2133774
2021-03-30 09:58:53,708.85,2133798
2021-03-30 09:58:53,708.85,2133798
2021-03-30 09:58:54,708.85,2134009
2021-03-30 09:58:55,708.8,2134300
2021-03-30 09:58:56,708.85,2134364
2021-03-30 09:58:57,708.85,2134657
2021-03-30 09:58:59,708.8,2134845
2021-03-30 09:58:59,708.7,2134949
2021-03-30 09:59:00,708.95,2135178
2021-03-30 09:59:01,708.85,2138887
2021-03-30 09:59:02,708.6,2138997
2021-03-30 09:59:03,708.8,2139198
2021-03-30 09:59:05,708.8,2139291
2021-03-30 09:59:06,708.6,2139451
2021-03-30 09:59:07,708.55,2139750
2021-03-30 09:59:08,708.8,2140254
2021-03-30 09:59:09,708.85,2140912
2021-03-30 09:59:10,708.6,2141035
2021-03-30 09:59:11,708.8,2141193
2021-03-30 09:59:11,709.0,2141438
2021-03-30 09:59:12,709.0,2141938
2021-03-30 09:59:14,708.85,2142188
2021-03-30 09:59:15,708.95,2143073
2021-03-30 09:59:16,708.65,2143125
2021-03-30 09:59:17,708.6,2143461
2021-03-30 09:59:18,708.8,2143724
2021-03-30 09:59:19,708.6,2143817
2021-03-30 09:59:19,708.6,2143817
2021-03-30 09:59:21,708.9,2143921
2021-03-30 09:59:22,708.9,2144121
2021-03-30 09:59:23,708.7,2145165
2021-03-30 09:59:24,708.65,2145276
2021-03-30 09:59:25,708.9,2145448
2021-03-30 09:59:26,708.85,2146178
2021-03-30 09:59:26,708.85,2146178
2021-03-30 09:59:28,708.8,2146494
2021-03-30 09:59:29,708.9,2146580
2021-03-30 09:59:30,708.8,2146601
2021-03-30 09:59:31,708.9,2146621
2021-03-30 09:59:32,708.8,2146771
2021-03-30 09:59:33,708.85,2146791
2021-03-30 09:59:34,708.95,2146838
2021-03-30 09:59:35,708.95,2146994
2021-03-30 09:59:36,708.85,2147015
2021-03-30 09:59:37,708.95,2147081
2021-03-30 09:59:37,708.95,2147167
2021-03-30 09:59:39,709.0,2147688
2021-03-30 09:59:40,709.0,2147948
2021-03-30 09:59:41,708.95,2148840
2021-03-30 09:59:42,709.0,2148950
2021-03-30 09:59:43,708.95,2149136
2021-03-30 09:59:43,709.0,2149147
2021-03-30 09:59:45,708.95,2149540
2021-03-30 09:59:46,708.95,2149581
2021-03-30 09:59:47,709.0,2149877
2021-03-30 09:59:48,708.95,2149970
2021-03-30 09:59:49,709.0,2150187
2021-03-30 09:59:49,708.95,2150247
2021-03-30 09:59:50,708.95,2150610
2021-03-30 09:59:52,708.95,2153044
2021-03-30 09:59:53,709.0,2153265
2021-03-30 09:59:54,708.95,2153424
2021-03-30 09:59:55,709.0,2153429
2021-03-30 09:59:56,708.95,2153704
2021-03-30 09:59:57,709.0,2154503
2021-03-30 09:59:58,709.0,2155157
2021-03-30 09:59:59,708.95,2155437
2021-03-30 09:59:59,708.95,2155437
2021-03-30 10:00:00,709.0,2156643
2021-03-30 10:00:02,709.0,2156977
2021-03-30 10:00:03,709.3,2166781
2021-03-30 10:00:04,709.3,2168100
2021-03-30 10:00:05,709.5,2176265
2021-03-30 10:00:06,709.5,2177749
2021-03-30 10:00:06,709.45,2177715
2021-03-30 10:00:07,709.45,2178231
2021-03-30 10:00:09,709.45,2180472
2021-03-30 10:00:10,709.5,2180791
2021-03-30 10:00:11,709.5,2181939
2021-03-30 10:00:12,709.5,2182645
2021-03-30 10:00:13,709.45,2183346
2021-03-30 10:00:14,709.45,2183465
2021-03-30 10:00:14,709.45,2183565
2021-03-30 10:00:15,709.45,2183903
2021-03-30 10:00:17,709.15,2188363
2021-03-30 10:00:18,709.25,2188785
2021-03-30 10:00:19,709.2,2192557
2021-03-30 10:00:20,709.2,2192586
2021-03-30 10:00:20,709.2,2192586
2021-03-30 10:00:21,709.2,2193125
2021-03-30 10:00:23,708.95,2193846
2021-03-30 10:00:24,709.1,2194314
2021-03-30 10:00:25,709.15,2194664
2021-03-30 10:00:26,709.05,2194751
2021-03-30 10:00:27,709.05,2194768
2021-03-30 10:00:28,709.45,2196378
2021-03-30 10:00:28,709.35,2196388
2021-03-30 10:00:30,709.25,2196957
2021-03-30 10:00:31,709.2,2197369
2021-03-30 10:00:32,709.0,2197536
2021-03-30 10:00:33,709.2,2197871
2021-03-30 10:00:34,709.0,2198179
2021-03-30 10:00:34,709.2,2197879
2021-03-30 10:00:36,708.95,2198453
2021-03-30 10:00:37,709.0,2198463
2021-03-30 10:00:38,709.25,2198548
2021-03-30 10:00:39,709.3,2199098
2021-03-30 10:00:40,709.2,2199348
2021-03-30 10:00:40,709.2,2199348
2021-03-30 10:00:41,708.95,2199604
2021-03-30 10:00:43,709.2,2200806
2021-03-30 10:00:44,709.0,2201015
2021-03-30 10:00:45,709.15,2201070
2021-03-30 10:00:46,708.9,2201404
2021-03-30 10:00:47,708.9,2201919
2021-03-30 10:00:48,709.0,2204020
2021-03-30 10:00:49,709.0,2204400
2021-03-30 10:00:49,709.15,2204600
2021-03-30 10:00:50,708.75,2205322
2021-03-30 10:00:52,708.75,2205763
2021-03-30 10:00:53,709.0,2206599
2021-03-30 10:00:54,708.8,2206650
2021-03-30 10:00:55,708.75,2206933
2021-03-30 10:00:56,709.0,2206936
2021-03-30 10:00:57,708.8,2207437
2021-03-30 10:00:58,708.7,2209378
2021-03-30 10:00:59,708.7,2209378
2021-03-30 10:00:59,708.6,2209878
2021-03-30 10:01:01,708.55,2210044
2021-03-30 10:01:02,708.8,2210193
2021-03-30 10:01:03,708.8,2210193
2021-03-30 10:01:04,708.5,2210608
2021-03-30 10:01:04,708.5,2210608
2021-03-30 10:01:06,708.5,2216123
2021-03-30 10:01:07,708.85,2216201
2021-03-30 10:01:08,708.5,2216206
2021-03-30 10:01:09,708.5,2218127
2021-03-30 10:01:10,708.75,2218241
2021-03-30 10:01:10,708.75,2218241
2021-03-30 10:01:12,708.6,2218420
2021-03-30 10:01:13,708.5,2219729
2021-03-30 10:01:14,708.8,2219817
2021-03-30 10:01:15,708.45,2219967
2021-03-30 10:01:15,708.45,2219967
2021-03-30 10:01:16,708.5,2220367
2021-03-30 10:01:18,708.4,2221642
2021-03-30 10:01:19,708.5,2222046
2021-03-30 10:01:20,708.5,2223205
2021-03-30 10:01:21,708.5,2223500
2021-03-30 10:01:21,708.5,2223500
2021-03-30 10:01:23,708.5,2223805
2021-03-30 10:01:23,708.5,2223805
2021-03-30 10:01:24,708.5,2224005
2021-03-30 10:01:25,708.8,2224498
2021-03-30 10:01:26,708.5,2224617
2021-03-30 10:01:28,708.55,2224722
2021-03-30 10:01:29,708.55,2224792
2021-03-30 10:01:30,708.8,2224948
2021-03-30 10:01:31,708.8,2225031
2021-03-30 10:01:31,708.8,2225031
2021-03-30 10:01:33,708.55,2225193
2021-03-30 10:01:34,708.75,2225382
2021-03-30 10:01:35,708.55,2225566
2021-03-30 10:01:36,708.55,2225616
2021-03-30 10:01:37,708.55,2225867
2021-03-30 10:01:38,708.75,2226229
2021-03-30 10:01:39,708.5,2226290
2021-03-30 10:01:39,708.5,2226290
2021-03-30 10:01:41,708.5,2226297
2021-03-30 10:01:42,708.45,2226488
2021-03-30 10:01:43,708.75,2226811
2021-03-30 10:01:44,708.45,2227069
2021-03-30 10:01:45,708.75,2227304
2021-03-30 10:01:45,708.6,2227274
2021-03-30 10:01:46,708.7,2228641
2021-03-30 10:01:47,708.55,2228897
2021-03-30 10:01:49,708.75,2229207
2021-03-30 10:01:50,708.55,2229407
2021-03-30 10:01:51,708.75,2231844
2021-03-30 10:01:52,708.7,2232229
2021-03-30 10:01:52,708.7,2232229
2021-03-30 10:01:54,708.85,2232235
2021-03-30 10:01:55,708.7,2232290
2021-03-30 10:01:56,708.7,2232410
2021-03-30 10:01:57,708.55,2232834
2021-03-30 10:01:57,708.75,2232757
2021-03-30 10:01:58,708.55,2232839
2021-03-30 10:02:00,708.75,2233000
2021-03-30 10:02:01,708.7,2233278
2021-03-30 10:02:02,708.55,2233281
2021-03-30 10:02:03,708.55,2233291
2021-03-30 10:02:04,708.55,2233291
2021-03-30 10:02:05,708.55,2233302
2021-03-30 10:02:06,708.55,2233305
2021-03-30 10:02:07,707.95,2242958
2021-03-30 10:02:07,707.95,2242958
2021-03-30 10:02:09,707.95,2243033
2021-03-30 10:02:10,708.25,2243642
2021-03-30 10:02:11,707.95,2243744
2021-03-30 10:02:12,707.95,2243744
2021-03-30 10:02:13,707.8,2244048
2021-03-30 10:02:14,707.7,2244104
2021-03-30 10:02:15,707.8,2246138
2021-03-30 10:02:16,707.7,2246153
2021-03-30 10:02:16,707.7,2246153
2021-03-30 10:02:17,707.8,2246166
2021-03-30 10:02:19,707.8,2246285
2021-03-30 10:02:20,707.9,2246342
2021-03-30 10:02:21,707.85,2246496
2021-03-30 10:02:22,707.75,2247756
2021-03-30 10:02:23,707.75,2247794
2021-03-30 10:02:24,707.8,2247884
2021-03-30 10:02:24,707.8,2247884
2021-03-30 10:02:25,707.7,2248600
2021-03-30 10:02:27,707.8,2248987
2021-03-30 10:02:28,707.8,2249029
2021-03-30 10:02:29,707.7,2250305
2021-03-30 10:02:30,707.75,2251621
2021-03-30 10:02:31,707.7,2251710
2021-03-30 10:02:31,707.65,2251711
2021-03-30 10:02:33,707.9,2251715
2021-03-30 10:02:34,707.65,2251983
2021-03-30 10:02:35,707.65,2252109
2021-03-30 10:02:36,707.7,2252600
2021-03-30 10:02:37,708.0,2253870
2021-03-30 10:02:37,708.0,2253870
2021-03-30 10:02:38,707.65,2253949
2021-03-30 10:02:40,707.6,2254036
2021-03-30 10:02:41,707.65,2254123
2021-03-30 10:02:42,707.9,2254224
2021-03-30 10:02:43,707.9,2254224
2021-03-30 10:02:44,707.9,2254227
2021-03-30 10:02:44,707.9,2254227
2021-03-30 10:02:45,707.95,2254334
2021-03-30 10:02:47,707.8,2254374
2021-03-30 10:02:48,707.95,2254498
2021-03-30 10:02:49,707.8,2254598
2021-03-30 10:02:50,707.8,2254598
2021-03-30 10:02:51,707.8,2255626
2021-03-30 10:02:52,707.95,2255738
2021-03-30 10:02:52,707.65,2255838
2021-03-30 10:02:54,707.8,2255883
2021-03-30 10:02:55,707.85,2255947
2021-03-30 10:02:56,707.6,2256056
2021-03-30 10:02:57,707.85,2256183
2021-03-30 10:02:58,707.8,2256190
2021-03-30 10:02:59,707.8,2257136
2021-03-30 10:02:59,707.8,2257136
2021-03-30 10:03:00,707.8,2257151
2021-03-30 10:03:02,707.65,2257342
2021-03-30 10:03:03,707.8,2257594
2021-03-30 10:03:04,707.6,2257723
2021-03-30 10:03:05,707.6,2257723
2021-03-30 10:03:05,707.6,2257723
2021-03-30 10:03:06,707.8,2257724
2021-03-30 10:03:07,707.9,2257864
2021-03-30 10:03:08,707.9,2257864
2021-03-30 10:03:10,707.65,2257955
2021-03-30 10:03:11,707.8,2258056
2021-03-30 10:03:12,707.8,2258356
2021-03-30 10:03:13,707.7,2258426
2021-03-30 10:03:13,707.8,2258655
2021-03-30 10:03:14,707.7,2258778
2021-03-30 10:03:16,707.7,2258813
2021-03-30 10:03:17,707.7,2259481
2021-03-30 10:03:18,707.7,2259504
2021-03-30 10:03:19,707.7,2259789
2021-03-30 10:03:19,707.7,2259790
2021-03-30 10:03:20,707.9,2259936
2021-03-30 10:03:22,707.9,2259936
2021-03-30 10:03:23,707.9,2259937
2021-03-30 10:03:24,707.9,2259937
2021-03-30 10:03:25,707.7,2259965
2021-03-30 10:03:26,707.7,2259983
2021-03-30 10:03:27,707.9,2260058
2021-03-30 10:03:28,707.9,2260058
2021-03-30 10:03:28,707.9,2260058
2021-03-30 10:03:29,707.7,2260060
2021-03-30 10:03:31,707.9,2260339
2021-03-30 10:03:32,707.7,2260723
2021-03-30 10:03:33,707.7,2260777
2021-03-30 10:03:34,707.7,2261639
2021-03-30 10:03:34,707.9,2261362
2021-03-30 10:03:36,707.7,2262191
2021-03-30 10:03:37,707.65,2263351
2021-03-30 10:03:38,707.9,2263522
2021-03-30 10:03:39,707.65,2263695
2021-03-30 10:03:39,707.65,2263695
2021-03-30 10:03:41,707.65,2263781
2021-03-30 10:03:42,707.7,2263783
2021-03-30 10:03:43,707.7,2264065
2021-03-30 10:03:44,707.7,2264068
2021-03-30 10:03:44,707.7,2264068
2021-03-30 10:03:45,707.85,2264348
2021-03-30 10:03:47,707.85,2265061
2021-03-30 10:03:48,707.65,2265608
2021-03-30 10:03:49,707.6,2266475
2021-03-30 10:03:50,707.55,2266781
2021-03-30 10:03:50,707.6,2266783
2021-03-30 10:03:52,707.5,2268374
2021-03-30 10:03:53,707.5,2269265
2021-03-30 10:03:54,707.35,2269576
2021-03-30 10:03:55,707.35,2269973
2021-03-30 10:03:56,707.35,2270293
2021-03-30 10:03:56,707.35,2270293
2021-03-30 10:03:58,707.35,2270293
2021-03-30 10:03:59,707.25,2271093
2021-03-30 10:04:00,707.2,2271799
2021-03-30 10:04:01,707.3,2272101
2021-03-30 10:04:02,707.35,2272227
2021-03-30 10:04:02,707.15,2272232
2021-03-30 10:04:03,707.15,2272277
2021-03-30 10:04:05,707.1,2272655
2021-03-30 10:04:06,707.05,2272855
2021-03-30 10:04:07,707.05,2274845
2021-03-30 10:04:08,707.25,2274945
2021-03-30 10:04:09,707.1,2275402
2021-03-30 10:04:09,707.1,2275402
2021-03-30 10:04:11,707.1,2276180
2021-03-30 10:04:12,707.15,2276421
2021-03-30 10:04:13,707.5,2276532
2021-03-30 10:04:14,707.5,2277202
2021-03-30 10:04:15,707.6,2277266
2021-03-30 10:04:15,707.5,2277466
2021-03-30 10:04:17,707.5,2277481
2021-03-30 10:04:18,707.75,2278394
2021-03-30 10:04:19,707.6,2278445
2021-03-30 10:04:20,707.6,2278445
2021-03-30 10:04:20,707.6,2278445
2021-03-30 10:04:21,707.6,2279862
2021-03-30 10:04:23,707.65,2279893
2021-03-30 10:04:24,707.65,2279895
2021-03-30 10:04:25,707.85,2280106
2021-03-30 10:04:26,707.6,2280271
2021-03-30 10:04:27,707.6,2280484
2021-03-30 10:04:27,707.6,2280483
2021-03-30 10:04:29,707.6,2280544
2021-03-30 10:04:30,707.5,2280594
2021-03-30 10:04:31,707.6,2280619
2021-03-30 10:04:32,707.6,2280620
2021-03-30 10:04:33,707.5,2280760
2021-03-30 10:04:33,707.5,2280760
2021-03-30 10:04:34,707.5,2281404
2021-03-30 10:04:36,707.55,2281505
2021-03-30 10:04:37,707.6,2281529
2021-03-30 10:04:38,707.5,2281530
2021-03-30 10:04:39,707.5,2281590
2021-03-30 10:04:39,707.6,2281600
2021-03-30 10:04:41,707.35,2282913
2021-03-30 10:04:42,707.2,2283121
2021-03-30 10:04:43,707.2,2283228
2021-03-30 10:04:44,707.4,2283528
2021-03-30 10:04:45,707.15,2283578
2021-03-30 10:04:45,707.15,2283578
2021-03-30 10:04:47,707.4,2283606
2021-03-30 10:04:48,707.35,2283637
2021-03-30 10:04:49,707.25,2283719
2021-03-30 10:04:50,707.5,2283819
2021-03-30 10:04:51,707.25,2284349
2021-03-30 10:04:51,707.25,2284349
2021-03-30 10:04:52,707.25,2284452
2021-03-30 10:04:54,707.25,2284753
2021-03-30 10:04:55,707.45,2284774
2021-03-30 10:04:56,707.2,2284938
2021-03-30 10:04:57,707.25,2285047
2021-03-30 10:04:58,707.2,2285060
2021-03-30 10:04:58,707.25,2285079
2021-03-30 10:04:59,707.3,2285089
2021-03-30 10:05:01,707.35,2285092
2021-03-30 10:05:02,707.25,2285096
2021-03-30 10:05:03,707.35,2285098
2021-03-30 10:05:04,707.35,2285098
2021-03-30 10:05:05,707.35,2285525
2021-03-30 10:05:06,707.2,2285685
2021-03-30 10:05:07,707.45,2286296
2021-03-30 10:05:08,707.45,2286296
2021-03-30 10:05:09,707.45,2286296
2021-03-30 10:05:10,707.2,2286603
2021-03-30 10:05:11,707.2,2286603
2021-03-30 10:05:12,707.3,2286839
2021-03-30 10:05:12,707.35,2286689
2021-03-30 10:05:14,707.45,2286849
2021-03-30 10:05:15,707.3,2286869
2021-03-30 10:05:16,707.45,2286870
2021-03-30 10:05:17,707.4,2286935
2021-03-30 10:05:17,707.4,2286935
2021-03-30 10:05:18,707.2,2287941
2021-03-30 10:05:20,707.3,2288350
2021-03-30 10:05:21,707.35,2288351
2021-03-30 10:05:22,707.35,2288386
2021-03-30 10:05:23,707.3,2288741
2021-03-30 10:05:24,707.3,2289331
2021-03-30 10:05:24,707.3,2289331
2021-03-30 10:05:26,707.3,2289591
2021-03-30 10:05:27,707.25,2289601
2021-03-30 10:05:28,707.45,2289615
2021-03-30 10:05:29,707.25,2290007
2021-03-30 10:05:30,707.3,2290014
2021-03-30 10:05:31,707.3,2290155
2021-03-30 10:05:32,707.3,2290155
2021-03-30 10:05:32,707.3,2290155
2021-03-30 10:05:34,707.3,2290155
2021-03-30 10:05:35,707.4,2290160
2021-03-30 10:05:36,707.4,2290160
2021-03-30 10:05:37,707.4,2290615
2021-03-30 10:05:38,707.5,2291252
2021-03-30 10:05:39,707.25,2291256
2021-03-30 10:05:40,707.3,2291366
2021-03-30 10:05:41,707.3,2292592
2021-03-30 10:05:41,707.3,2292592
2021-03-30 10:05:43,707.25,2292692
2021-03-30 10:05:44,707.25,2292865
2021-03-30 10:05:45,707.3,2292911
2021-03-30 10:05:46,707.5,2292941
2021-03-30 10:05:47,707.25,2293191
2021-03-30 10:05:48,707.5,2293200
2021-03-30 10:05:49,707.5,2293261
2021-03-30 10:05:50,707.5,2293261
2021-03-30 10:05:51,707.5,2293367
2021-03-30 10:05:52,707.25,2294567
2021-03-30 10:05:53,707.3,2294676
2021-03-30 10:05:54,707.5,2294736
2021-03-30 10:05:55,707.5,2294736
2021-03-30 10:05:56,707.3,2294840
2021-03-30 10:05:57,707.5,2295491
2021-03-30 10:05:57,707.5,2295491
2021-03-30 10:05:58,707.3,2295552
2021-03-30 10:05:59,707.3,2295552
2021-03-30 10:06:00,707.25,2296380
2021-03-30 10:06:02,707.45,2296424
2021-03-30 10:06:03,707.45,2296488
2021-03-30 10:06:04,707.4,2296498
2021-03-30 10:06:05,707.4,2296609
2021-03-30 10:06:06,707.4,2296609
2021-03-30 10:06:07,707.4,2296660
2021-03-30 10:06:08,707.4,2296660
2021-03-30 10:06:09,707.4,2296740
2021-03-30 10:06:10,707.45,2296901
2021-03-30 10:06:12,707.45,2296953
2021-03-30 10:06:14,707.45,2296953
2021-03-30 10:06:15,707.45,2297069
2021-03-30 10:06:20,707.55,2298153
2021-03-30 10:06:20,707.55,2298153
2021-03-30 10:06:21,707.55,2298153
2021-03-30 10:06:23,707.5,2298518
2021-03-30 10:06:24,707.55,2298587
2021-03-30 10:06:24,707.55,2298587
2021-03-30 10:06:26,707.55,2299448
2021-03-30 10:06:26,707.55,2299448
2021-03-30 10:06:28,707.55,2299448
2021-03-30 10:06:29,707.5,2299473
2021-03-30 10:06:30,707.55,2299728
2021-03-30 10:06:31,707.55,2299800
2021-03-30 10:06:32,707.6,2300135
2021-03-30 10:06:32,707.6,2300135
2021-03-30 10:06:33,707.55,2300185
2021-03-30 10:06:34,707.55,2300223
2021-03-30 10:06:35,707.6,2300323
2021-03-30 10:06:37,707.6,2300587
2021-03-30 10:06:38,707.7,2301119
2021-03-30 10:06:39,707.75,2301182
2021-03-30 10:06:40,707.75,2301192
2021-03-30 10:06:41,707.6,2301632
2021-03-30 10:06:42,707.6,2301632
2021-03-30 10:06:43,707.85,2302252
2021-03-30 10:06:44,707.9,2302349
2021-03-30 10:06:45,707.9,2302383
2021-03-30 10:06:46,707.6,2302808
2021-03-30 10:06:46,707.6,2302808
2021-03-30 10:06:47,707.6,2302911
2021-03-30 10:06:48,707.8,2303317
2021-03-30 10:06:49,707.6,2303362
2021-03-30 10:06:50,707.55,2303468
2021-03-30 10:06:52,707.8,2303518
2021-03-30 10:06:53,707.75,2303524
2021-03-30 10:06:54,707.75,2303726
2021-03-30 10:06:55,707.75,2303727
2021-03-30 10:06:56,707.75,2303881
2021-03-30 10:06:56,707.75,2303906
2021-03-30 10:06:58,707.65,2304009
2021-03-30 10:06:59,707.85,2304089
2021-03-30 10:07:00,707.65,2304252
2021-03-30 10:07:01,707.85,2306253
2021-03-30 10:07:02,707.65,2306357
2021-03-30 10:07:03,707.65,2306400
2021-03-30 10:07:04,707.85,2306567
2021-03-30 10:07:04,707.85,2306618
2021-03-30 10:07:05,707.75,2306623
2021-03-30 10:07:06,707.7,2306918
2021-03-30 10:07:08,707.7,2307399
2021-03-30 10:07:09,707.65,2307499
2021-03-30 10:07:10,707.65,2307648
2021-03-30 10:07:11,707.85,2307749
2021-03-30 10:07:12,707.85,2307788
2021-03-30 10:07:12,707.9,2307858
2021-03-30 10:07:14,707.65,2307882
2021-03-30 10:07:15,707.9,2308182
2021-03-30 10:07:16,707.9,2308182
2021-03-30 10:07:17,707.85,2308183
2021-03-30 10:07:18,708.0,2308436
2021-03-30 10:07:18,707.75,2308437
2021-03-30 10:07:20,707.85,2308643
2021-03-30 10:07:21,707.75,2308656
2021-03-30 10:07:22,707.85,2308763
2021-03-30 10:07:23,707.9,2308863
2021-03-30 10:07:23,707.9,2308863
2021-03-30 10:07:25,707.9,2308863
2021-03-30 10:07:26,707.85,2308913
2021-03-30 10:07:27,707.85,2309216
2021-03-30 10:07:28,707.85,2309356
2021-03-30 10:07:29,708.0,2309506
2021-03-30 10:07:30,707.85,2309727
2021-03-30 10:07:31,707.85,2310732
2021-03-30 10:07:31,707.85,2310732
2021-03-30 10:07:34,707.85,2310821
2021-03-30 10:07:35,707.75,2312007
2021-03-30 10:07:36,707.8,2312009
2021-03-30 10:07:36,708.0,2312029
2021-03-30 10:07:37,708.0,2312039
2021-03-30 10:07:39,708.0,2312143
2021-03-30 10:07:40,707.85,2312623
2021-03-30 10:07:41,707.85,2312715
2021-03-30 10:07:42,707.9,2312832
2021-03-30 10:07:42,707.9,2312832
2021-03-30 10:07:44,707.9,2313166
2021-03-30 10:07:45,707.9,2313191
2021-03-30 10:07:46,707.85,2313446
2021-03-30 10:07:47,707.9,2314089
2021-03-30 10:07:48,707.7,2314649
2021-03-30 10:07:49,707.9,2315206
2021-03-30 10:07:50,707.85,2315306
2021-03-30 10:07:50,707.85,2315306
2021-03-30 10:07:52,707.9,2318928
2021-03-30 10:07:53,707.9,2318928
2021-03-30 10:07:54,707.6,2319029
2021-03-30 10:07:55,707.6,2319029
2021-03-30 10:07:56,707.6,2320481
2021-03-30 10:07:57,707.8,2320487
2021-03-30 10:07:57,707.55,2320987
2021-03-30 10:07:59,707.75,2321396
2021-03-30 10:08:00,707.55,2322298
2021-03-30 10:08:01,707.6,2322402
2021-03-30 10:08:02,707.5,2322528
2021-03-30 10:08:02,707.5,2322528
2021-03-30 10:08:04,707.8,2322629
2021-03-30 10:08:05,707.55,2322631
2021-03-30 10:08:06,707.75,2322665
2021-03-30 10:08:07,707.75,2322795
2021-03-30 10:08:08,707.65,2322802
2021-03-30 10:08:09,707.75,2322822
2021-03-30 10:08:10,707.85,2323033
2021-03-30 10:08:10,707.55,2322943
2021-03-30 10:08:11,707.85,2323038
2021-03-30 10:08:12,707.5,2323181
2021-03-30 10:08:13,707.5,2323652
2021-03-30 10:08:14,707.5,2323702
2021-03-30 10:08:15,707.55,2323708
2021-03-30 10:08:17,707.5,2324520
2021-03-30 10:08:18,707.75,2324525
2021-03-30 10:08:19,707.5,2324558
2021-03-30 10:08:20,707.5,2328736
2021-03-30 10:08:21,707.5,2329128
2021-03-30 10:08:21,707.5,2329128
2021-03-30 10:08:23,707.5,2329377
2021-03-30 10:08:24,707.6,2329382
2021-03-30 10:08:25,707.5,2329395
2021-03-30 10:08:26,707.6,2329396
2021-03-30 10:08:27,707.7,2329996
2021-03-30 10:08:28,707.5,2330321
2021-03-30 10:08:29,707.5,2330821
2021-03-30 10:08:29,707.5,2330821
2021-03-30 10:08:31,707.65,2330922
2021-03-30 10:08:32,707.5,2331394
2021-03-30 10:08:33,707.55,2331480
2021-03-30 10:08:34,707.55,2331480
2021-03-30 10:08:35,707.5,2332480
2021-03-30 10:08:36,707.5,2332568
2021-03-30 10:08:37,707.5,2332741
2021-03-30 10:08:37,707.5,2332741
2021-03-30 10:08:39,707.5,2333048
2021-03-30 10:08:40,707.5,2333843
2021-03-30 10:08:41,707.5,2333843
2021-03-30 10:08:42,707.5,2334679
2021-03-30 10:08:43,707.5,2334686
2021-03-30 10:08:44,707.5,2334850
2021-03-30 10:08:44,707.5,2334850
2021-03-30 10:08:45,707.7,2334885
2021-03-30 10:08:47,707.5,2334999
2021-03-30 10:08:48,707.5,2335009
2021-03-30 10:08:49,707.5,2335105
2021-03-30 10:08:50,707.5,2335500
2021-03-30 10:08:51,707.7,2335526
2021-03-30 10:08:51,707.7,2335521
2021-03-30 10:08:52,707.5,2335990
2021-03-30 10:08:54,707.5,2336411
2021-03-30 10:08:55,707.5,2336411
2021-03-30 10:08:56,707.5,2336411
2021-03-30 10:08:57,707.5,2336411
2021-03-30 10:08:58,707.5,2336607
2021-03-30 10:08:59,707.5,2336853
2021-03-30 10:09:00,707.5,2336853
2021-03-30 10:09:00,707.5,2336853
2021-03-30 10:09:02,707.5,2336857
2021-03-30 10:09:03,707.5,2337962
2021-03-30 10:09:04,707.55,2338021
2021-03-30 10:09:05,707.75,2338079
2021-03-30 10:09:06,707.55,2338636
2021-03-30 10:09:06,707.55,2338636
2021-03-30 10:09:08,707.6,2338705
2021-03-30 10:09:09,707.75,2338720
2021-03-30 10:09:10,707.75,2338720
2021-03-30 10:09:11,707.6,2338884
2021-03-30 10:09:12,707.6,2338904
2021-03-30 10:09:13,707.65,2339443
2021-03-30 10:09:13,707.65,2339308
2021-03-30 10:09:14,707.65,2339664
2021-03-30 10:09:16,707.75,2339804
2021-03-30 10:09:17,707.65,2339833
2021-03-30 10:09:18,707.65,2339839
2021-03-30 10:09:19,707.75,2340068
2021-03-30 10:09:20,707.8,2340115
2021-03-30 10:09:21,707.95,2340125
2021-03-30 10:09:22,707.85,2340304
2021-03-30 10:09:23,707.85,2340367
2021-03-30 10:09:23,708.0,2340380
2021-03-30 10:09:24,708.0,2340431
2021-03-30 10:09:26,708.05,2343043
2021-03-30 10:09:27,708.1,2343575
2021-03-30 10:09:28,708.45,2344282
2021-03-30 10:09:29,708.45,2344562
2021-03-30 10:09:30,708.2,2345129
2021-03-30 10:09:31,708.2,2345246
2021-03-30 10:09:32,708.45,2345304
2021-03-30 10:09:33,708.6,2352347
2021-03-30 10:09:33,708.25,2351173
2021-03-30 10:09:34,708.75,2352622
2021-03-30 10:09:35,708.55,2352678
2021-03-30 10:09:37,708.6,2352886
2021-03-30 10:09:38,708.85,2353486
2021-03-30 10:09:39,708.7,2353689
2021-03-30 10:09:40,708.95,2353739
2021-03-30 10:09:41,708.9,2354414
2021-03-30 10:09:42,708.7,2355059
2021-03-30 10:09:43,708.7,2355420
2021-03-30 10:09:44,708.7,2355550
2021-03-30 10:09:45,708.9,2355709
2021-03-30 10:09:46,708.9,2358214
2021-03-30 10:09:47,708.95,2359077
2021-03-30 10:09:47,709.0,2359251
2021-03-30 10:09:48,708.95,2359478
2021-03-30 10:09:50,709.0,2360624
2021-03-30 10:09:51,708.95,2361181
2021-03-30 10:09:52,708.7,2361618
2021-03-30 10:09:53,708.95,2361893
2021-03-30 10:09:53,709.0,2361948
2021-03-30 10:09:55,709.0,2362066
2021-03-30 10:09:56,708.9,2362254
2021-03-30 10:09:57,708.95,2363214
2021-03-30 10:09:58,709.0,2363525
2021-03-30 10:09:59,708.75,2363925
2021-03-30 10:10:00,709.0,2364156
2021-03-30 10:10:01,709.0,2364870
2021-03-30 10:10:02,709.05,2381402
2021-03-30 10:10:03,709.2,2387413
2021-03-30 10:10:04,709.75,2391524
2021-03-30 10:10:05,709.75,2392924
2021-03-30 10:10:05,709.5,2393564
2021-03-30 10:10:06,709.95,2396412
2021-03-30 10:10:08,709.6,2404286
2021-03-30 10:10:09,709.6,2406940
2021-03-30 10:10:10,709.65,2408311
2021-03-30 10:10:10,709.35,2408083
2021-03-30 10:10:11,709.3,2408735
2021-03-30 10:10:13,709.05,2410094
2021-03-30 10:10:14,709.15,2410460
2021-03-30 10:10:15,709.15,2410928
2021-03-30 10:10:16,709.0,2411189
2021-03-30 10:10:17,709.15,2411836
2021-03-30 10:10:18,709.05,2413377
2021-03-30 10:10:19,709.25,2413688
2021-03-30 10:10:20,709.05,2413995
2021-03-30 10:10:21,709.5,2414502
2021-03-30 10:10:22,709.5,2414603
2021-03-30 10:10:23,709.3,2414633
2021-03-30 10:10:24,709.25,2414815
2021-03-30 10:10:25,709.25,2414970
2021-03-30 10:10:26,709.1,2415142
2021-03-30 10:10:27,709.2,2415780
2021-03-30 10:10:28,709.0,2416008
2021-03-30 10:10:29,709.25,2416264
2021-03-30 10:10:30,709.2,2416404
2021-03-30 10:10:32,709.15,2417262
2021-03-30 10:10:31,709.05,2417029
2021-03-30 10:10:33,709.05,2417544
2021-03-30 10:10:34,709.05,2417602
2021-03-30 10:10:35,709.15,2417620
2021-03-30 10:10:36,709.1,2418647
2021-03-30 10:10:37,709.25,2418944
2021-03-30 10:10:38,709.45,2419029
2021-03-30 10:10:39,709.25,2419063
2021-03-30 10:10:41,709.25,2419979
2021-03-30 10:10:40,709.25,2419826
2021-03-30 10:10:42,709.2,2420331
2021-03-30 10:10:43,709.1,2421157
2021-03-30 10:10:45,709.2,2421920
2021-03-30 10:10:44,709.2,2421793
2021-03-30 10:10:46,709.25,2422401
2021-03-30 10:10:47,709.0,2429617
2021-03-30 10:10:48,709.15,2431505
2021-03-30 10:10:49,709.0,2432426
2021-03-30 10:10:50,709.2,2434016
2021-03-30 10:10:51,709.25,2434341
2021-03-30 10:10:52,709.0,2434716
2021-03-30 10:10:53,709.2,2435134
2021-03-30 10:10:54,709.2,2435408
2021-03-30 10:10:55,709.2,2435471
2021-03-30 10:10:56,709.2,2435778
2021-03-30 10:10:57,709.2,2436316
2021-03-30 10:10:58,709.0,2436678
2021-03-30 10:10:59,709.0,2436940
2021-03-30 10:11:00,709.0,2437297
2021-03-30 10:11:01,709.0,2439295
2021-03-30 10:11:02,708.7,2441655
2021-03-30 10:11:03,708.85,2443172
2021-03-30 10:11:04,708.6,2443489
2021-03-30 10:11:05,708.6,2443583
2021-03-30 10:11:06,708.8,2443601
2021-03-30 10:11:07,708.65,2443650
2021-03-30 10:11:08,708.8,2443665
2021-03-30 10:11:09,708.75,2443868
2021-03-30 10:11:10,708.85,2444052
2021-03-30 10:11:11,708.95,2444109
2021-03-30 10:11:12,708.65,2444717
2021-03-30 10:11:13,709.05,2444948
2021-03-30 10:11:14,708.8,2445062
2021-03-30 10:11:15,709.0,2445353
2021-03-30 10:11:16,709.0,2446136
2021-03-30 10:11:17,708.85,2446516
2021-03-30 10:11:18,709.0,2446619
2021-03-30 10:11:19,709.0,2446640
2021-03-30 10:11:20,708.85,2446774
2021-03-30 10:11:21,709.0,2446964
2021-03-30 10:11:22,708.85,2447009
2021-03-30 10:11:23,708.85,2447124
2021-03-30 10:11:24,709.0,2447147
2021-03-30 10:11:25,709.0,2447151
2021-03-30 10:11:26,709.0,2447197
2021-03-30 10:11:27,708.85,2447447
2021-03-30 10:11:28,708.85,2447577
2021-03-30 10:11:29,708.8,2448023
2021-03-30 10:11:30,708.75,2448213
2021-03-30 10:11:31,709.0,2449351
2021-03-30 10:11:32,708.8,2449680
2021-03-30 10:11:33,708.85,2449774
2021-03-30 10:11:34,708.95,2449908
2021-03-30 10:11:35,709.0,2449934
2021-03-30 10:11:36,709.0,2450105
2021-03-30 10:11:37,708.8,2450146
2021-03-30 10:11:38,709.0,2450156
2021-03-30 10:11:39,708.8,2450318
2021-03-30 10:11:40,709.0,2450455
2021-03-30 10:11:41,709.0,2450483
2021-03-30 10:11:42,708.8,2450618
2021-03-30 10:11:43,709.0,2450674
2021-03-30 10:11:44,709.0,2450691
2021-03-30 10:11:45,709.0,2450986
2021-03-30 10:11:46,709.0,2451075
2021-03-30 10:11:47,709.0,2451143
2021-03-30 10:11:48,708.95,2451647
2021-03-30 10:11:49,709.0,2451748
2021-03-30 10:11:50,708.9,2451875
2021-03-30 10:11:51,708.9,2452068
2021-03-30 10:11:52,708.9,2452206
2021-03-30 10:11:53,709.0,2452261
2021-03-30 10:11:54,708.85,2452558
2021-03-30 10:11:56,709.0,2452716
2021-03-30 10:11:55,709.0,2452689
2021-03-30 10:11:57,709.0,2452730
2021-03-30 10:11:58,708.85,2452744
2021-03-30 10:11:59,708.9,2452806
2021-03-30 10:12:00,709.0,2453084
2021-03-30 10:12:01,708.9,2454133
2021-03-30 10:12:02,709.0,2454904
2021-03-30 10:12:03,709.0,2455059
2021-03-30 10:12:04,708.9,2455100
2021-03-30 10:12:05,708.9,2455139
2021-03-30 10:12:06,709.0,2456331
2021-03-30 10:12:07,708.9,2456705
2021-03-30 10:12:08,709.0,2456981
2021-03-30 10:12:09,708.85,2458359
2021-03-30 10:12:10,708.95,2458868
2021-03-30 10:12:11,708.85,2459234
2021-03-30 10:12:12,708.8,2459546
2021-03-30 10:12:13,708.85,2459632
2021-03-30 10:12:14,709.0,2459649
2021-03-30 10:12:15,709.0,2459900
2021-03-30 10:12:16,708.65,2462216
2021-03-30 10:12:17,708.65,2462838
2021-03-30 10:12:18,708.95,2463213
2021-03-30 10:12:19,709.1,2468161
2021-03-30 10:12:20,709.4,2471487
2021-03-30 10:12:21,709.45,2472427
2021-03-30 10:12:22,709.3,2472915
2021-03-30 10:12:23,709.4,2473708
2021-03-30 10:12:24,709.25,2474166
2021-03-30 10:12:26,709.4,2474564
2021-03-30 10:12:25,709.25,2474498
2021-03-30 10:12:27,709.5,2474857
2021-03-30 10:12:28,709.5,2475367
2021-03-30 10:12:29,709.35,2475598
2021-03-30 10:12:30,709.4,2476006
2021-03-30 10:12:31,709.15,2476343
2021-03-30 10:12:32,709.5,2476554
2021-03-30 10:12:33,709.5,2476597
2021-03-30 10:12:34,709.5,2476620
2021-03-30 10:12:35,709.5,2476813
2021-03-30 10:12:36,709.25,2477037
2021-03-30 10:12:37,709.45,2477149
2021-03-30 10:12:38,709.25,2477344
2021-03-30 10:12:39,709.45,2477551
2021-03-30 10:12:40,709.3,2477635
2021-03-30 10:12:41,709.3,2477709
2021-03-30 10:12:42,709.45,2477724
2021-03-30 10:12:43,709.25,2477820
2021-03-30 10:12:44,709.25,2478299
2021-03-30 10:12:45,709.3,2478921
2021-03-30 10:12:46,709.3,2479049
2021-03-30 10:12:47,709.45,2479701
2021-03-30 10:12:48,709.3,2479841
2021-03-30 10:12:49,709.45,2479869
2021-03-30 10:12:50,709.3,2480239
2021-03-30 10:12:51,709.3,2480357
2021-03-30 10:12:52,709.3,2481083
2021-03-30 10:12:53,709.3,2481271
2021-03-30 10:12:54,709.3,2481558
2021-03-30 10:12:55,709.4,2481710
2021-03-30 10:12:56,709.45,2482813
2021-03-30 10:12:57,709.4,2483368
2021-03-30 10:12:58,709.5,2483479
2021-03-30 10:12:59,709.45,2483614
2021-03-30 10:13:00,709.25,2483685
2021-03-30 10:13:01,709.3,2483774
2021-03-30 10:13:02,709.35,2483838
2021-03-30 10:13:03,709.3,2484061
2021-03-30 10:13:04,709.25,2484306
2021-03-30 10:13:05,709.25,2484802
2021-03-30 10:13:06,709.25,2485452
2021-03-30 10:13:07,709.25,2486011
2021-03-30 10:13:08,709.5,2486123
2021-03-30 10:13:09,709.5,2486146
2021-03-30 10:13:10,709.3,2486152
2021-03-30 10:13:11,709.3,2486240
2021-03-30 10:13:12,709.3,2486390
2021-03-30 10:13:13,709.45,2486559
2021-03-30 10:13:14,709.25,2486985
2021-03-30 10:13:15,709.3,2487171
2021-03-30 10:13:16,709.3,2487279
2021-03-30 10:13:17,709.4,2487354
2021-03-30 10:13:18,709.3,2487639
2021-03-30 10:13:19,709.5,2487807
2021-03-30 10:13:20,709.3,2487850
2021-03-30 10:13:21,709.5,2487986
2021-03-30 10:13:22,709.5,2488263
2021-03-30 10:13:23,709.25,2488693
2021-03-30 10:13:24,709.5,2488779
2021-03-30 10:13:25,709.5,2489047
2021-03-30 10:13:26,709.25,2489125
2021-03-30 10:13:27,709.5,2489836
2021-03-30 10:13:28,709.5,2489993
2021-03-30 10:13:29,709.25,2490525
2021-03-30 10:13:30,709.25,2490843
2021-03-30 10:13:31,709.3,2490911
2021-03-30 10:13:32,709.25,2491325
2021-03-30 10:13:33,709.5,2491408
2021-03-30 10:13:34,709.5,2491957
2021-03-30 10:13:35,709.25,2492092
2021-03-30 10:13:36,709.4,2492149
2021-03-30 10:13:37,709.3,2492177
2021-03-30 10:13:38,709.4,2492302
2021-03-30 10:13:39,709.3,2492420
2021-03-30 10:13:40,709.4,2492671
2021-03-30 10:13:41,709.3,2492727
2021-03-30 10:13:42,709.3,2492763
2021-03-30 10:13:43,709.3,2493956
2021-03-30 10:13:45,709.45,2494483
