timestamp,ltp,volume
2021-05-19 09:57:10,209.2,7147669
2021-05-19 09:57:11,209.25,7148566
2021-05-19 09:57:11,209.25,7148595
2021-05-19 09:57:13,209.25,7148812
2021-05-19 09:57:15,209.2,7160175
2021-05-19 09:57:16,209.2,7160748
2021-05-19 09:57:17,209.2,7161029
2021-05-19 09:57:19,209.2,7161389
2021-05-19 09:57:20,209.2,7161479
2021-05-19 09:57:21,209.2,7162300
2021-05-19 09:57:22,209.2,7162437
2021-05-19 09:57:23,209.15,7162552
2021-05-19 09:57:24,209.2,7162558
2021-05-19 09:57:25,209.2,7163594
2021-05-19 09:57:25,209.15,7162566
2021-05-19 09:57:27,209.2,7164184
2021-05-19 09:57:28,209.2,7164184
2021-05-19 09:57:29,209.15,7164284
2021-05-19 09:57:30,209.2,7165529
2021-05-19 09:57:31,209.2,7166875
2021-05-19 09:57:32,209.2,7166984
2021-05-19 09:57:33,209.2,7167034
2021-05-19 09:57:34,209.2,7168215
2021-05-19 09:57:35,209.2,7170329
2021-05-19 09:57:36,209.2,7170365
2021-05-19 09:57:37,209.1,7170565
2021-05-19 09:57:38,209.2,7173565
2021-05-19 09:57:39,209.2,7174032
2021-05-19 09:57:40,209.1,7174617
2021-05-19 09:57:41,209.2,7174753
2021-05-19 09:57:42,209.05,7176019
2021-05-19 09:57:43,209.05,7176019
2021-05-19 09:57:44,209.15,7176119
2021-05-19 09:57:45,209.15,7176626
2021-05-19 09:57:46,209.1,7176839
2021-05-19 09:57:46,209.1,7176839
2021-05-19 09:57:48,209.05,7180856
2021-05-19 09:57:49,209.1,7180869
2021-05-19 09:57:50,209.05,7181249
2021-05-19 09:57:50,209.05,7181249
2021-05-19 09:57:51,209.05,7181749
2021-05-19 09:57:52,209.1,7182310
2021-05-19 09:57:55,208.95,7212471
2021-05-19 09:57:56,208.9,7213121
2021-05-19 09:57:57,208.9,7213171
2021-05-19 09:57:57,209.0,7213173
2021-05-19 09:57:58,209.0,7213174
2021-05-19 09:57:59,209.0,7215029
2021-05-19 09:58:01,208.9,7216063
2021-05-19 09:58:02,208.85,7216126
2021-05-19 09:58:03,208.85,7216258
2021-05-19 09:58:04,208.85,7217364
2021-05-19 09:58:04,208.9,7217564
2021-05-19 09:58:06,208.9,7217705
2021-05-19 09:58:07,208.85,7217946
2021-05-19 09:58:08,208.9,7218368
2021-05-19 09:58:09,208.9,7218378
2021-05-19 09:58:09,208.9,7218378
2021-05-19 09:58:10,208.9,7219534
2021-05-19 09:58:11,208.9,7219702
2021-05-19 09:58:14,208.9,7221582
2021-05-19 09:58:15,208.9,7221647
2021-05-19 09:58:16,208.9,7221744
2021-05-19 09:58:17,208.9,7221779
2021-05-19 09:58:17,208.9,7222790
2021-05-19 09:58:18,208.85,7222876
2021-05-19 09:58:19,208.9,7222931
2021-05-19 09:58:20,208.9,7223502
2021-05-19 09:58:22,208.85,7229019
2021-05-19 09:58:23,208.85,7232609
2021-05-19 09:58:26,208.95,7237666
2021-05-19 09:58:27,208.95,7238340
2021-05-19 09:58:28,208.85,7238343
2021-05-19 09:58:29,208.9,7238398
2021-05-19 09:58:30,208.9,7238425
2021-05-19 09:58:31,208.9,7238853
2021-05-19 09:58:32,208.9,7239055
2021-05-19 09:58:33,208.9,7239080
2021-05-19 09:58:34,208.85,7239385
2021-05-19 09:58:35,208.9,7239472
2021-05-19 09:58:36,208.9,7239748
2021-05-19 09:58:37,208.9,7239798
2021-05-19 09:58:38,208.9,7239861
2021-05-19 09:58:39,208.9,7239977
2021-05-19 09:58:40,208.9,7240047
2021-05-19 09:58:41,208.85,7240673
2021-05-19 09:58:43,208.85,7240739
2021-05-19 09:58:42,208.85,7240739
2021-05-19 09:58:44,208.9,7240823
2021-05-19 09:58:45,208.9,7240837
2021-05-19 09:58:46,208.85,7240840
2021-05-19 09:58:47,208.85,7240840
2021-05-19 09:58:48,208.9,7240924
2021-05-19 09:58:49,208.9,7241024
2021-05-19 09:58:50,208.9,7242901
2021-05-19 09:58:51,208.9,7243051
2021-05-19 09:58:52,208.9,7243564
2021-05-19 09:58:53,208.85,7244166
2021-05-19 09:58:54,208.9,7244267
2021-05-19 09:58:56,208.9,7246301
2021-05-19 09:58:57,208.9,7246301
2021-05-19 09:58:58,208.9,7246305
2021-05-19 09:58:59,208.9,7246384
2021-05-19 09:59:01,208.85,7247015
2021-05-19 09:59:02,208.9,7247144
2021-05-19 09:59:03,208.85,7248948
2021-05-19 09:59:04,208.9,7248958
2021-05-19 09:59:05,208.8,7249787
2021-05-19 09:59:06,208.9,7251953
2021-05-19 09:59:08,208.95,7252221
2021-05-19 09:59:10,208.9,7253144
2021-05-19 09:59:11,208.9,7253145
2021-05-19 09:59:12,208.9,7253160
2021-05-19 09:59:13,208.9,7253185
2021-05-19 09:59:14,208.9,7253192
2021-05-19 09:59:15,208.9,7253272
2021-05-19 09:59:16,208.9,7253776
2021-05-19 09:59:17,208.9,7253841
2021-05-19 09:59:18,208.9,7254472
2021-05-19 09:59:19,208.9,7254578
2021-05-19 09:59:20,208.9,7254884
2021-05-19 09:59:21,208.9,7254895
2021-05-19 09:59:22,208.85,7255003
2021-05-19 09:59:23,208.85,7255019
2021-05-19 09:59:24,208.9,7255219
2021-05-19 09:59:26,208.9,7255219
2021-05-19 09:59:25,208.9,7255219
2021-05-19 09:59:27,208.85,7255541
2021-05-19 09:59:28,208.9,7255782
2021-05-19 09:59:29,208.85,7255896
2021-05-19 09:59:30,208.9,7256196
2021-05-19 09:59:31,208.9,7257232
2021-05-19 09:59:32,208.9,7257363
2021-05-19 09:59:33,208.85,7258160
2021-05-19 09:59:36,208.9,7265526
2021-05-19 09:59:38,208.9,7265693
2021-05-19 09:59:39,208.9,7265880
2021-05-19 09:59:40,208.8,7266035
2021-05-19 09:59:41,208.8,7266193
2021-05-19 09:59:42,208.8,7267095
2021-05-19 09:59:43,208.95,7269111
2021-05-19 09:59:44,208.95,7269111
2021-05-19 09:59:45,208.9,7269213
2021-05-19 09:59:46,208.85,7269285
2021-05-19 09:59:47,208.9,7269336
2021-05-19 09:59:48,208.85,7270090
2021-05-19 09:59:49,208.85,7270540
2021-05-19 09:59:50,208.85,7270917
2021-05-19 09:59:51,208.85,7270917
2021-05-19 09:59:52,208.9,7270983
2021-05-19 09:59:53,208.9,7271004
2021-05-19 09:59:54,208.85,7271710
2021-05-19 09:59:55,208.9,7271712
2021-05-19 09:59:56,208.9,7271713
2021-05-19 09:59:57,208.85,7271913
2021-05-19 09:59:58,208.9,7272173
2021-05-19 09:59:59,208.9,7272173
2021-05-19 10:00:00,208.9,7272298
2021-05-19 10:00:01,208.85,7272576
2021-05-19 10:00:02,208.9,7273123
2021-05-19 10:00:03,208.8,7273189
2021-05-19 10:00:04,208.8,7273741
2021-05-19 10:00:07,208.9,7278514
2021-05-19 10:00:08,208.9,7278515
2021-05-19 10:00:09,208.9,7278685
2021-05-19 10:00:10,208.85,7279040
2021-05-19 10:00:11,208.9,7279690
2021-05-19 10:00:12,208.9,7279940
2021-05-19 10:00:13,208.85,7279952
2021-05-19 10:00:14,208.85,7279952
2021-05-19 10:00:15,208.9,7280307
2021-05-19 10:00:18,208.85,7281035
2021-05-19 10:00:20,208.9,7282476
2021-05-19 10:00:23,208.9,7283996
2021-05-19 10:00:26,208.85,7284607
2021-05-19 10:00:29,208.9,7286375
2021-05-19 10:00:32,208.9,7287591
2021-05-19 10:00:37,208.85,7288164
2021-05-19 10:00:40,208.9,7288904
2021-05-19 10:00:43,208.9,7290838
2021-05-19 10:00:45,208.85,7292179
2021-05-19 10:00:48,208.85,7338604
2021-05-19 10:00:51,208.85,7340336
2021-05-19 10:00:54,208.85,7341772
2021-05-19 10:00:57,208.85,7342427
2021-05-19 10:01:00,208.85,7342911
2021-05-19 10:01:03,208.85,7343518
2021-05-19 10:01:06,208.85,7346262
2021-05-19 10:01:09,208.85,7347104
2021-05-19 10:01:12,208.85,7347656
2021-05-19 10:01:14,208.8,7348171
2021-05-19 10:01:17,208.85,7348209
2021-05-19 10:01:20,208.85,7349092
2021-05-19 10:01:22,209.0,7384152
2021-05-19 10:01:25,209.1,7400573
2021-05-19 10:01:28,209.15,7402862
2021-05-19 10:01:30,209.0,7403839
2021-05-19 10:01:33,209.15,7404171
2021-05-19 10:01:35,209.15,7404976
2021-05-19 10:01:38,209.15,7409658
2021-05-19 10:01:40,209.2,7410593
2021-05-19 10:01:46,209.3,7416032
2021-05-19 10:01:48,209.25,7416158
2021-05-19 10:01:51,209.15,7418548
2021-05-19 10:01:54,209.2,7420028
2021-05-19 10:01:56,209.3,7423352
2021-05-19 10:01:59,209.2,7425904
2021-05-19 10:02:02,209.2,7428374
2021-05-19 10:02:04,209.2,7429251
2021-05-19 10:02:07,209.25,7430814
2021-05-19 10:02:09,209.2,7434411
2021-05-19 10:02:12,209.3,7443424
2021-05-19 10:02:15,209.3,7443443
2021-05-19 10:02:17,209.3,7449102
2021-05-19 10:02:20,209.4,7449946
2021-05-19 10:02:22,209.3,7450180
2021-05-19 10:02:25,209.4,7452464
2021-05-19 10:02:28,209.3,7452850
2021-05-19 10:02:30,209.3,7453292
2021-05-19 10:02:33,209.3,7454083
2021-05-19 10:02:35,209.4,7455799
2021-05-19 10:02:38,209.35,7456271
2021-05-19 10:02:41,209.3,7460836
2021-05-19 10:02:44,209.35,7462579
2021-05-19 10:02:46,209.35,7463843
2021-05-19 10:02:49,209.35,7463863
2021-05-19 10:02:52,209.35,7464350
2021-05-19 10:02:54,209.25,7464484
2021-05-19 10:02:57,209.3,7465514
2021-05-19 10:02:59,209.25,7465888
2021-05-19 10:03:02,209.35,7467334
2021-05-19 10:03:04,209.35,7467508
2021-05-19 10:03:07,209.25,7467999
2021-05-19 10:03:10,209.3,7468271
2021-05-19 10:03:13,209.3,7469592
2021-05-19 10:03:15,209.25,7469779
2021-05-19 10:03:18,209.3,7471913
2021-05-19 10:03:21,209.3,7472603
2021-05-19 10:03:24,209.25,7473286
2021-05-19 10:03:27,209.3,7480884
2021-05-19 10:03:29,209.3,7480910
2021-05-19 10:03:31,209.35,7481381
2021-05-19 10:03:34,209.3,7482099
2021-05-19 10:03:36,209.25,7485734
2021-05-19 10:03:39,209.35,7488823
2021-05-19 10:03:41,209.35,7488828
2021-05-19 10:03:43,209.25,7489139
2021-05-19 10:03:46,209.35,7491239
2021-05-19 10:03:48,209.25,7492030
2021-05-19 10:03:50,209.25,7492448
2021-05-19 10:03:53,209.3,7492518
2021-05-19 10:03:56,209.25,7492679
2021-05-19 10:03:59,209.25,7493042
2021-05-19 10:04:02,209.25,7494583
2021-05-19 10:04:08,209.25,7498360
2021-05-19 10:04:10,209.25,7499654
2021-05-19 10:04:13,209.3,7500010
2021-05-19 10:04:15,209.25,7500849
2021-05-19 10:04:17,209.3,7501480
2021-05-19 10:04:20,209.25,7506852
2021-05-19 10:04:25,209.35,7513070
2021-05-19 10:04:28,209.35,7514182
2021-05-19 10:04:30,209.35,7514561
2021-05-19 10:04:33,209.35,7519951
2021-05-19 10:04:36,209.35,7520486
2021-05-19 10:04:39,209.35,7522936
2021-05-19 10:04:41,209.3,7523484
2021-05-19 10:04:43,209.35,7523796
2021-05-19 10:04:45,209.35,7524565
2021-05-19 10:04:48,209.3,7525295
2021-05-19 10:04:51,209.25,7525816
2021-05-19 10:04:53,209.3,7526035
2021-05-19 10:04:56,209.35,7526294
2021-05-19 10:04:58,209.3,7526657
2021-05-19 10:05:01,209.3,7527382
2021-05-19 10:05:04,209.3,7529591
2021-05-19 10:05:07,209.25,7534115
2021-05-19 10:05:09,209.4,7535821
2021-05-19 10:05:11,209.3,7535971
2021-05-19 10:05:14,209.35,7537047
2021-05-19 10:05:15,209.4,7538310
2021-05-19 10:05:16,209.3,7539417
2021-05-19 10:05:18,209.4,7561024
2021-05-19 10:05:19,209.35,7561074
2021-05-19 10:05:20,209.35,7561076
2021-05-19 10:05:21,209.35,7561076
2021-05-19 10:05:22,209.35,7561276
2021-05-19 10:05:23,209.4,7561363
2021-05-19 10:05:24,209.35,7562363
2021-05-19 10:05:25,209.4,7562843
2021-05-19 10:05:27,209.35,7563469
2021-05-19 10:05:26,209.4,7563231
2021-05-19 10:05:28,209.4,7563481
2021-05-19 10:05:29,209.4,7563691
2021-05-19 10:05:30,209.4,7563691
2021-05-19 10:05:31,209.35,7564462
2021-05-19 10:05:32,209.4,7565023
2021-05-19 10:05:33,209.35,7565050
2021-05-19 10:05:34,209.35,7565052
2021-05-19 10:05:35,209.3,7569052
2021-05-19 10:05:35,209.4,7569056
2021-05-19 10:05:36,209.4,7569162
2021-05-19 10:05:37,209.4,7569278
2021-05-19 10:05:38,209.35,7570372
2021-05-19 10:05:39,209.35,7570372
2021-05-19 10:05:41,209.4,7572071
2021-05-19 10:05:42,209.4,7572123
2021-05-19 10:05:43,209.4,7572223
2021-05-19 10:05:44,209.4,7572424
2021-05-19 10:05:45,209.35,7572604
2021-05-19 10:05:45,209.35,7572604
2021-05-19 10:05:48,209.4,7572923
2021-05-19 10:05:50,209.4,7573131
2021-05-19 10:05:51,209.35,7573567
2021-05-19 10:05:52,209.4,7573702
2021-05-19 10:05:53,209.4,7573768
2021-05-19 10:05:54,209.4,7574540
2021-05-19 10:05:54,209.4,7574540
2021-05-19 10:05:55,209.35,7574806
2021-05-19 10:05:57,209.4,7575240
2021-05-19 10:05:59,209.4,7575376
2021-05-19 10:06:00,209.4,7575526
2021-05-19 10:06:01,209.35,7576723
2021-05-19 10:06:02,209.4,7577395
2021-05-19 10:06:02,209.4,7577917
2021-05-19 10:06:04,209.4,7577917
2021-05-19 10:06:05,209.4,7578050
2021-05-19 10:06:06,209.4,7578150
2021-05-19 10:06:07,209.4,7578614
2021-05-19 10:06:08,209.4,7578733
2021-05-19 10:06:09,209.35,7578953
2021-05-19 10:06:10,209.35,7579431
2021-05-19 10:06:14,209.4,7580309
2021-05-19 10:06:15,209.4,7580354
2021-05-19 10:06:16,209.35,7580355
2021-05-19 10:06:17,209.4,7580555
2021-05-19 10:06:18,209.4,7580564
2021-05-19 10:06:18,209.35,7580626
2021-05-19 10:06:20,209.35,7581724
2021-05-19 10:06:23,209.3,7586391
2021-05-19 10:06:24,209.3,7586391
2021-05-19 10:06:25,209.4,7586647
2021-05-19 10:06:26,209.4,7586748
2021-05-19 10:06:26,209.35,7586814
2021-05-19 10:06:27,209.4,7587034
2021-05-19 10:06:29,209.4,7587503
2021-05-19 10:06:30,209.3,7590656
2021-05-19 10:06:32,209.3,7592253
2021-05-19 10:06:33,209.3,7593058
2021-05-19 10:06:34,209.3,7593077
2021-05-19 10:06:35,209.35,7593740
2021-05-19 10:06:36,209.35,7594642
2021-05-19 10:06:36,209.3,7595142
2021-05-19 10:06:37,209.35,7595228
2021-05-19 10:06:38,209.35,7595279
2021-05-19 10:06:39,209.35,7595280
2021-05-19 10:06:40,209.3,7595553
2021-05-19 10:06:42,209.35,7595725
2021-05-19 10:06:43,209.3,7595789
2021-05-19 10:06:44,209.35,7595915
2021-05-19 10:06:45,209.3,7596100
2021-05-19 10:06:46,209.35,7599346
2021-05-19 10:06:48,209.35,7600393
2021-05-19 10:06:49,209.35,7600542
2021-05-19 10:06:50,209.3,7600544
2021-05-19 10:06:51,209.35,7604274
2021-05-19 10:06:53,209.35,7604514
2021-05-19 10:06:53,209.35,7604514
2021-05-19 10:06:54,209.35,7604519
2021-05-19 10:06:55,209.3,7604619
2021-05-19 10:06:56,209.35,7604900
2021-05-19 10:06:57,209.35,7605217
2021-05-19 10:06:59,209.3,7605297
2021-05-19 10:07:00,209.35,7605398
2021-05-19 10:07:01,209.35,7606416
2021-05-19 10:07:02,209.35,7606467
2021-05-19 10:07:03,209.35,7609592
2021-05-19 10:07:04,209.35,7610383
2021-05-19 10:07:04,209.35,7610383
2021-05-19 10:07:06,209.35,7610460
2021-05-19 10:07:07,209.35,7610723
2021-05-19 10:07:08,209.35,7610723
2021-05-19 10:07:09,209.3,7611224
2021-05-19 10:07:10,209.35,7612236
2021-05-19 10:07:11,209.3,7612497
2021-05-19 10:07:12,209.3,7612527
2021-05-19 10:07:12,209.35,7612528
2021-05-19 10:07:13,209.3,7612530
2021-05-19 10:07:15,209.35,7613596
2021-05-19 10:07:16,209.3,7613777
2021-05-19 10:07:17,209.35,7613784
2021-05-19 10:07:18,209.35,7613784
2021-05-19 10:07:19,209.35,7614504
2021-05-19 10:07:20,209.35,7614650
2021-05-19 10:07:21,209.3,7616157
2021-05-19 10:07:22,209.35,7616703
2021-05-19 10:07:24,209.35,7617071
2021-05-19 10:07:25,209.35,7617071
2021-05-19 10:07:25,209.35,7617071
2021-05-19 10:07:26,209.35,7617513
2021-05-19 10:07:28,209.35,7617721
2021-05-19 10:07:29,209.35,7617926
2021-05-19 10:07:30,209.35,7618521
2021-05-19 10:07:31,209.3,7619018
2021-05-19 10:07:32,209.3,7619132
2021-05-19 10:07:33,209.35,7619133
2021-05-19 10:07:34,209.35,7619633
2021-05-19 10:07:35,209.35,7619633
2021-05-19 10:07:36,209.35,7623905
2021-05-19 10:07:37,209.3,7623961
2021-05-19 10:07:38,209.35,7624976
2021-05-19 10:07:39,209.35,7626068
2021-05-19 10:07:39,209.35,7626073
2021-05-19 10:07:40,209.3,7626471
2021-05-19 10:07:42,209.35,7626551
2021-05-19 10:07:43,209.3,7626555
2021-05-19 10:07:44,209.35,7626665
2021-05-19 10:07:45,209.35,7629865
2021-05-19 10:07:46,209.35,7633090
2021-05-19 10:07:47,209.35,7633664
2021-05-19 10:07:48,209.35,7633664
2021-05-19 10:07:49,209.35,7634097
2021-05-19 10:07:50,209.35,7637510
2021-05-19 10:07:51,209.35,7637906
2021-05-19 10:07:52,209.3,7638166
2021-05-19 10:07:54,209.3,7638601
2021-05-19 10:07:56,209.3,7638601
2021-05-19 10:07:57,209.3,7643310
2021-05-19 10:07:58,209.3,7643420
2021-05-19 10:07:59,209.25,7646720
2021-05-19 10:08:00,209.3,7646920
2021-05-19 10:08:01,209.3,7647229
2021-05-19 10:08:02,209.25,7647279
2021-05-19 10:08:02,209.25,7647346
2021-05-19 10:08:03,209.3,7647702
2021-05-19 10:08:05,209.25,7647757
2021-05-19 10:08:06,209.3,7647906
2021-05-19 10:08:07,209.25,7653234
2021-05-19 10:08:08,209.35,7653254
2021-05-19 10:08:09,209.35,7653254
2021-05-19 10:08:10,209.25,7653301
2021-05-19 10:08:11,209.25,7653446
2021-05-19 10:08:11,209.25,7653446
2021-05-19 10:08:12,209.3,7653535
2021-05-19 10:08:14,209.25,7653796
2021-05-19 10:08:15,209.3,7654297
2021-05-19 10:08:16,209.3,7654576
2021-05-19 10:08:17,209.3,7670798
2021-05-19 10:08:18,209.3,7674098
2021-05-19 10:08:19,209.4,7674207
2021-05-19 10:08:20,209.4,7674507
2021-05-19 10:08:20,209.4,7674207
2021-05-19 10:08:21,209.3,7674518
2021-05-19 10:08:22,209.4,7674528
2021-05-19 10:08:24,209.35,7674569
2021-05-19 10:08:25,209.4,7674585
2021-05-19 10:08:27,209.4,7674757
2021-05-19 10:08:28,209.35,7674759
2021-05-19 10:08:29,209.35,7674815
2021-05-19 10:08:30,209.35,7674865
2021-05-19 10:08:31,209.3,7675157
2021-05-19 10:08:32,209.35,7675685
2021-05-19 10:08:34,209.3,7676163
2021-05-19 10:08:34,209.3,7676163
2021-05-19 10:08:35,209.35,7676464
2021-05-19 10:08:36,209.3,7676636
2021-05-19 10:08:38,209.3,7676745
2021-05-19 10:08:39,209.35,7677037
2021-05-19 10:08:40,209.35,7677078
2021-05-19 10:08:41,209.35,7677400
2021-05-19 10:08:42,209.35,7677400
2021-05-19 10:08:42,209.3,7677462
2021-05-19 10:08:44,209.3,7677845
2021-05-19 10:08:45,209.35,7678061
2021-05-19 10:08:46,209.35,7678112
2021-05-19 10:08:47,209.35,7678127
2021-05-19 10:08:48,209.35,7678127
2021-05-19 10:08:49,209.35,7678527
2021-05-19 10:08:50,209.35,7678851
2021-05-19 10:08:51,209.35,7679318
2021-05-19 10:08:52,209.35,7679318
2021-05-19 10:08:53,209.3,7679433
2021-05-19 10:08:54,209.35,7679446
2021-05-19 10:08:55,209.35,7679991
2021-05-19 10:08:55,209.35,7679991
2021-05-19 10:08:57,209.3,7679996
2021-05-19 10:08:58,209.35,7680110
2021-05-19 10:09:00,209.35,7683539
2021-05-19 10:09:01,209.35,7683847
2021-05-19 10:09:02,209.35,7684098
2021-05-19 10:09:03,209.35,7684598
2021-05-19 10:09:04,209.35,7686951
2021-05-19 10:09:05,209.35,7686954
2021-05-19 10:09:06,209.35,7687052
2021-05-19 10:09:08,209.35,7687202
2021-05-19 10:09:09,209.35,7687207
2021-05-19 10:09:10,209.35,7687241
2021-05-19 10:09:11,209.35,7687532
2021-05-19 10:09:12,209.35,7687542
2021-05-19 10:09:13,209.4,7687550
2021-05-19 10:09:14,209.4,7687550
2021-05-19 10:09:15,209.4,7687653
2021-05-19 10:09:17,209.4,7687728
2021-05-19 10:09:16,209.4,7687704
2021-05-19 10:09:18,209.35,7688356
2021-05-19 10:09:19,209.3,7688560
2021-05-19 10:09:20,209.4,7688833
2021-05-19 10:09:21,209.35,7689022
2021-05-19 10:09:22,209.3,7689023
2021-05-19 10:09:24,209.35,7689263
2021-05-19 10:09:25,209.35,7689317
2021-05-19 10:09:26,209.35,7689446
2021-05-19 10:09:27,209.3,7689466
2021-05-19 10:09:28,209.3,7689598
2021-05-19 10:09:29,209.35,7689613
2021-05-19 10:09:30,209.35,7690846
2021-05-19 10:09:31,209.3,7690856
2021-05-19 10:09:32,209.35,7691118
2021-05-19 10:09:33,209.35,7691208
2021-05-19 10:09:34,209.35,7691210
2021-05-19 10:09:35,209.3,7691221
2021-05-19 10:09:36,209.3,7691221
2021-05-19 10:09:37,209.3,7691311
2021-05-19 10:09:38,209.3,7691311
2021-05-19 10:09:40,209.35,7692380
2021-05-19 10:09:41,209.4,7693083
2021-05-19 10:09:42,209.35,7693086
2021-05-19 10:09:43,209.3,7693107
2021-05-19 10:09:44,209.3,7693107
2021-05-19 10:09:45,209.35,7693158
2021-05-19 10:09:46,209.35,7693158
2021-05-19 10:09:48,209.3,7693351
2021-05-19 10:09:49,209.35,7693497
2021-05-19 10:09:50,209.3,7693518
2021-05-19 10:09:51,209.35,7693834
2021-05-19 10:09:52,209.35,7693970
2021-05-19 10:09:54,209.35,7694011
2021-05-19 10:09:53,209.35,7694011
2021-05-19 10:09:57,209.35,7695281
2021-05-19 10:09:58,209.3,7695786
2021-05-19 10:09:59,209.35,7695788
2021-05-19 10:10:00,209.35,7695803
2021-05-19 10:10:01,209.35,7696382
2021-05-19 10:10:02,209.35,7696526
2021-05-19 10:10:03,209.35,7700598
2021-05-19 10:10:04,209.35,7700633
2021-05-19 10:10:05,209.35,7700633
2021-05-19 10:10:06,209.35,7701610
2021-05-19 10:10:07,209.35,7701745
2021-05-19 10:10:08,209.35,7702280
2021-05-19 10:10:09,209.35,7702280
2021-05-19 10:10:10,209.4,7702690
2021-05-19 10:10:11,209.4,7702932
2021-05-19 10:10:12,209.4,7703283
2021-05-19 10:10:13,209.4,7703283
2021-05-19 10:10:14,209.4,7703632
2021-05-19 10:10:15,209.4,7703814
2021-05-19 10:10:16,209.4,7704375
2021-05-19 10:10:19,209.4,7704863
2021-05-19 10:10:24,209.35,7708797
2021-05-19 10:10:26,209.35,7709832
2021-05-19 10:10:28,209.35,7710192
2021-05-19 10:10:31,209.3,7710767
2021-05-19 10:10:33,209.3,7711079
2021-05-19 10:10:36,209.35,7711353
2021-05-19 10:10:38,209.35,7712345
2021-05-19 10:10:40,209.3,7713862
2021-05-19 10:10:42,209.25,7714680
2021-05-19 10:10:45,209.3,7716107
2021-05-19 10:10:47,209.3,7717067
2021-05-19 10:10:49,209.3,7728571
2021-05-19 10:10:51,209.3,7736300
2021-05-19 10:10:53,209.25,7738631
2021-05-19 10:10:56,209.35,7739820
2021-05-19 10:10:59,209.3,7740645
2021-05-19 10:11:01,209.35,7742303
2021-05-19 10:11:04,209.3,7743771
2021-05-19 10:11:07,209.35,7744306
2021-05-19 10:11:10,209.3,7746679
2021-05-19 10:11:12,209.3,7748208
2021-05-19 10:11:14,209.25,7748839
2021-05-19 10:11:17,209.3,7749310
2021-05-19 10:11:19,209.3,7750148
2021-05-19 10:11:22,209.3,7750898
2021-05-19 10:11:25,209.25,7751298
2021-05-19 10:11:27,209.25,7752682
2021-05-19 10:11:29,209.25,7753637
2021-05-19 10:11:31,209.25,7754044
2021-05-19 10:11:34,209.25,7754239
2021-05-19 10:11:36,209.25,7754449
2021-05-19 10:11:39,209.25,7755065
2021-05-19 10:11:42,209.2,7755620
2021-05-19 10:11:44,209.25,7756939
2021-05-19 10:11:46,209.25,7758166
2021-05-19 10:11:49,209.25,7759873
2021-05-19 10:11:52,209.25,7761347
2021-05-19 10:11:54,209.15,7762498
2021-05-19 10:11:57,209.2,7766014
2021-05-19 10:11:59,209.2,7767608
2021-05-19 10:12:05,209.2,7770584
2021-05-19 10:12:08,209.1,7781742
2021-05-19 10:12:10,209.05,7786661
2021-05-19 10:12:12,209.0,7805824
2021-05-19 10:12:15,209.0,7806219
2021-05-19 10:12:18,208.95,7807647
2021-05-19 10:12:20,208.9,7808418
2021-05-19 10:12:22,209.0,7808521
2021-05-19 10:12:25,208.95,7809953
2021-05-19 10:12:27,208.9,7810575
2021-05-19 10:12:30,208.9,7811277
2021-05-19 10:12:32,208.95,7811365
2021-05-19 10:12:35,208.9,7812229
2021-05-19 10:12:37,208.95,7814336
2021-05-19 10:12:40,208.95,7814488
2021-05-19 10:12:42,208.9,7815185
2021-05-19 10:12:45,208.85,7835911
2021-05-19 10:12:47,208.85,7837218
2021-05-19 10:12:51,208.85,7859446
2021-05-19 10:12:54,208.8,7863654
2021-05-19 10:12:56,208.85,7864738
2021-05-19 10:12:59,208.85,7865031
2021-05-19 10:13:01,208.9,7895708
2021-05-19 10:13:03,208.95,7899433
2021-05-19 10:13:08,208.95,7903944
2021-05-19 10:13:11,208.95,7907008
2021-05-19 10:13:14,209.0,7907615
2021-05-19 10:13:16,209.0,7907840
2021-05-19 10:13:20,208.95,7909207
2021-05-19 10:13:23,208.95,7909409
2021-05-19 10:13:25,209.0,7910015
2021-05-19 10:13:28,209.0,7910062
2021-05-19 10:13:30,209.0,7912480
2021-05-19 10:13:32,209.0,7912907
2021-05-19 10:13:35,209.0,7913562
2021-05-19 10:13:39,209.0,7921833
2021-05-19 10:13:41,209.0,7922479
2021-05-19 10:13:44,209.05,7922885
2021-05-19 10:13:46,209.05,7924107
2021-05-19 10:13:48,209.0,7924822
2021-05-19 10:13:50,209.0,7926090
2021-05-19 10:13:52,209.05,7926685
2021-05-19 10:13:57,209.0,7927605
2021-05-19 10:14:00,209.0,7930757
2021-05-19 10:14:03,209.0,7931370
2021-05-19 10:14:06,209.0,7932924
2021-05-19 10:14:08,209.0,7933421
2021-05-19 10:14:10,208.95,7933561
2021-05-19 10:14:12,209.0,7933929
2021-05-19 10:14:15,208.95,7934040
2021-05-19 10:14:19,208.95,7936910
2021-05-19 10:14:21,208.95,7938572
2021-05-19 10:14:24,209.0,7938666
2021-05-19 10:14:26,209.0,7939214
2021-05-19 10:14:29,208.95,7939475
2021-05-19 10:14:32,209.05,7940484
2021-05-19 10:14:34,208.95,7940663
2021-05-19 10:14:37,209.05,7943107
2021-05-19 10:14:39,209.0,7943112
2021-05-19 10:14:42,208.95,7945056
2021-05-19 10:14:44,209.05,7945616
2021-05-19 10:14:49,209.05,7946659
2021-05-19 10:14:51,209.05,7947396
2021-05-19 10:14:53,209.0,7948106
2021-05-19 10:14:56,208.9,7949762
2021-05-19 10:14:58,209.0,7949876
2021-05-19 10:15:00,209.05,7951472
2021-05-19 10:15:02,209.0,7953104
2021-05-19 10:15:05,209.0,7954517
2021-05-19 10:15:08,209.0,7958090
2021-05-19 10:15:13,209.0,7960200
2021-05-19 10:15:15,209.0,7966027
2021-05-19 10:15:16,209.0,7966116
2021-05-19 10:15:18,209.0,7967157
2021-05-19 10:15:19,209.0,7967157
2021-05-19 10:15:20,208.95,7967776
2021-05-19 10:15:21,209.05,7968508
2021-05-19 10:15:22,209.0,7968570
2021-05-19 10:15:23,209.05,7969099
2021-05-19 10:15:24,208.95,7969700
2021-05-19 10:15:25,209.05,7969959
2021-05-19 10:15:26,209.05,7970761
2021-05-19 10:15:27,209.05,7970761
2021-05-19 10:15:28,208.95,7970935
2021-05-19 10:15:29,209.0,7971006
2021-05-19 10:15:30,209.05,7971326
2021-05-19 10:15:31,209.0,7971531
2021-05-19 10:15:32,209.05,7971532
2021-05-19 10:15:33,209.0,7971845
2021-05-19 10:15:34,209.0,7971947
2021-05-19 10:15:35,209.05,7972187
2021-05-19 10:15:36,209.05,7972428
2021-05-19 10:15:37,209.05,7973064
2021-05-19 10:15:38,208.95,7973277
2021-05-19 10:15:39,209.05,7973477
2021-05-19 10:15:41,208.95,7973888
2021-05-19 10:15:42,209.0,7974139
2021-05-19 10:15:43,209.05,7974349
2021-05-19 10:15:44,208.9,7977205
2021-05-19 10:15:45,209.05,7977358
2021-05-19 10:15:46,209.0,7977387
2021-05-19 10:15:46,209.0,7977387
2021-05-19 10:15:48,209.05,7979082
2021-05-19 10:15:49,209.05,7979092
2021-05-19 10:15:50,209.0,7979418
2021-05-19 10:15:52,209.05,7979993
2021-05-19 10:15:53,209.0,7980069
2021-05-19 10:15:54,209.0,7980329
2021-05-19 10:15:55,208.95,7980465
2021-05-19 10:15:55,209.05,7980514
2021-05-19 10:15:56,208.95,7980587
2021-05-19 10:15:57,209.05,7980654
2021-05-19 10:15:58,209.05,7980716
2021-05-19 10:15:59,209.05,7980763
2021-05-19 10:16:01,208.95,7981256
2021-05-19 10:16:02,209.05,7981463
2021-05-19 10:16:03,209.05,7981550
2021-05-19 10:16:04,209.0,7981590
2021-05-19 10:16:05,208.95,7981650
2021-05-19 10:16:07,209.0,7981676
2021-05-19 10:16:08,209.0,7981676
2021-05-19 10:16:08,209.0,7981676
2021-05-19 10:16:10,208.9,7984777
2021-05-19 10:16:11,209.0,7985497
2021-05-19 10:16:11,209.0,7985527
2021-05-19 10:16:13,208.95,7985634
2021-05-19 10:16:14,209.0,7986043
2021-05-19 10:16:15,209.0,7986068
2021-05-19 10:16:16,209.0,7986092
2021-05-19 10:16:17,209.0,7987651
2021-05-19 10:16:18,209.0,7988168
2021-05-19 10:16:19,209.0,7988259
2021-05-19 10:16:20,208.95,7988342
2021-05-19 10:16:21,208.9,7989144
2021-05-19 10:16:22,209.0,7989190
2021-05-19 10:16:23,209.0,7989194
2021-05-19 10:16:24,209.0,7989693
2021-05-19 10:16:25,209.0,7989694
2021-05-19 10:16:26,208.95,7989883
2021-05-19 10:16:27,209.0,7989964
2021-05-19 10:16:28,209.0,7990282
2021-05-19 10:16:30,209.0,7990328
2021-05-19 10:16:31,208.95,7990630
2021-05-19 10:16:32,209.0,7990920
2021-05-19 10:16:32,209.0,7990920
2021-05-19 10:16:34,209.0,7991512
2021-05-19 10:16:35,208.95,7991582
2021-05-19 10:16:36,209.0,7991790
2021-05-19 10:16:37,209.0,7992106
2021-05-19 10:16:37,209.0,7992158
2021-05-19 10:16:38,209.0,7992222
2021-05-19 10:16:39,209.0,7992230
2021-05-19 10:16:40,209.0,7992530
2021-05-19 10:16:41,209.0,7992842
2021-05-19 10:16:42,209.0,7993002
2021-05-19 10:16:43,209.0,7993184
2021-05-19 10:16:44,209.0,7993270
2021-05-19 10:16:45,209.0,7993399
2021-05-19 10:16:48,209.0,7993585
2021-05-19 10:16:49,209.0,7993585
2021-05-19 10:16:50,208.95,7993814
2021-05-19 10:16:51,209.0,7994348
2021-05-19 10:16:52,209.0,7994358
2021-05-19 10:16:53,209.0,7994444
2021-05-19 10:16:53,208.95,7994448
2021-05-19 10:16:54,209.0,7994593
2021-05-19 10:16:55,209.0,7994598
2021-05-19 10:16:57,208.95,7994873
2021-05-19 10:16:57,209.0,7995788
2021-05-19 10:16:58,209.0,7995788
2021-05-19 10:16:59,209.0,7996450
2021-05-19 10:17:00,208.95,7997447
2021-05-19 10:17:01,208.95,7999171
2021-05-19 10:17:02,209.0,7999232
2021-05-19 10:17:03,209.0,7999285
2021-05-19 10:17:04,208.95,8003589
2021-05-19 10:17:05,208.95,8003790
2021-05-19 10:17:07,208.95,8003923
2021-05-19 10:17:07,209.0,8004247
2021-05-19 10:17:08,208.95,8004249
2021-05-19 10:17:09,209.0,8004318
2021-05-19 10:17:10,209.0,8005139
2021-05-19 10:17:12,209.0,8005139
2021-05-19 10:17:14,209.0,8005293
2021-05-19 10:17:15,209.0,8007165
2021-05-19 10:17:16,209.0,8007425
2021-05-19 10:17:17,209.0,8007567
2021-05-19 10:17:18,209.0,8008814
2021-05-19 10:17:18,209.0,8007646
2021-05-19 10:17:19,209.0,8009575
2021-05-19 10:17:21,208.95,8010099
2021-05-19 10:17:21,209.0,8016596
2021-05-19 10:17:22,209.0,8016619
2021-05-19 10:17:23,209.0,8016688
2021-05-19 10:17:24,209.0,8016752
2021-05-19 10:17:25,209.0,8016762
2021-05-19 10:17:26,209.0,8016827
2021-05-19 10:17:27,209.0,8016831
2021-05-19 10:17:28,209.0,8016991
2021-05-19 10:17:29,209.0,8016993
2021-05-19 10:17:31,209.0,8017605
2021-05-19 10:17:32,209.0,8017624
2021-05-19 10:17:33,209.0,8017836
2021-05-19 10:17:34,209.0,8018428
2021-05-19 10:17:35,209.05,8026409
2021-05-19 10:17:37,209.0,8030102
2021-05-19 10:17:39,209.0,8032902
2021-05-19 10:17:40,209.1,8032913
2021-05-19 10:17:41,209.0,8033114
2021-05-19 10:17:42,209.1,8033159
2021-05-19 10:17:43,209.0,8033169
2021-05-19 10:17:43,209.0,8033169
2021-05-19 10:17:44,209.0,8033227
2021-05-19 10:17:45,209.1,8033241
2021-05-19 10:17:46,209.0,8033314
2021-05-19 10:17:47,209.1,8033334
2021-05-19 10:17:48,209.1,8033907
2021-05-19 10:17:49,209.05,8034115
2021-05-19 10:17:50,209.05,8034191
2021-05-19 10:17:51,209.0,8034221
2021-05-19 10:17:53,209.05,8034245
2021-05-19 10:17:54,209.0,8034250
2021-05-19 10:17:55,209.05,8034434
2021-05-19 10:17:56,209.05,8034786
2021-05-19 10:17:57,209.05,8034796
2021-05-19 10:17:58,209.1,8034921
2021-05-19 10:17:59,209.1,8034922
2021-05-19 10:18:00,209.1,8034942
2021-05-19 10:18:01,209.1,8034944
2021-05-19 10:18:02,209.0,8035156
2021-05-19 10:18:03,209.1,8035360
2021-05-19 10:18:05,209.1,8035799
2021-05-19 10:18:05,209.1,8035799
2021-05-19 10:18:06,209.1,8035803
2021-05-19 10:18:07,209.1,8035813
2021-05-19 10:18:10,209.0,8037040
2021-05-19 10:18:11,209.0,8037860
2021-05-19 10:18:12,209.0,8040075
2021-05-19 10:18:13,209.0,8043883
2021-05-19 10:18:14,209.0,8043888
2021-05-19 10:18:15,209.0,8043893
2021-05-19 10:18:15,209.0,8043893
2021-05-19 10:18:16,209.0,8044093
2021-05-19 10:18:18,209.0,8045056
2021-05-19 10:18:19,209.0,8045944
2021-05-19 10:18:20,209.0,8046199
2021-05-19 10:18:21,209.05,8049440
2021-05-19 10:18:22,209.05,8050802
2021-05-19 10:18:23,209.05,8050816
2021-05-19 10:18:24,208.95,8050853
2021-05-19 10:18:25,209.05,8050855
2021-05-19 10:18:26,209.05,8051255
2021-05-19 10:18:27,208.95,8051415
2021-05-19 10:18:28,209.05,8052375
2021-05-19 10:18:29,209.05,8052406
2021-05-19 10:18:30,209.05,8052407
2021-05-19 10:18:31,209.05,8052714
2021-05-19 10:18:32,209.05,8052781
2021-05-19 10:18:32,209.05,8052781
2021-05-19 10:18:34,209.05,8052792
2021-05-19 10:18:35,209.05,8053024
2021-05-19 10:18:36,209.05,8053634
2021-05-19 10:18:37,208.95,8056007
2021-05-19 10:18:38,209.0,8056524
2021-05-19 10:18:39,208.95,8057080
2021-05-19 10:18:39,208.95,8057080
2021-05-19 10:18:41,209.05,8062409
2021-05-19 10:18:42,208.9,8062734
2021-05-19 10:18:43,209.05,8062784
2021-05-19 10:18:45,208.9,8062934
2021-05-19 10:18:45,209.0,8063034
2021-05-19 10:18:46,209.0,8063117
2021-05-19 10:18:48,209.0,8063144
2021-05-19 10:18:50,208.95,8065694
2021-05-19 10:18:51,209.05,8066049
2021-05-19 10:18:53,208.95,8066246
2021-05-19 10:18:54,209.0,8066296
2021-05-19 10:18:55,208.95,8067055
2021-05-19 10:18:56,208.95,8067310
2021-05-19 10:18:57,208.95,8067431
2021-05-19 10:18:57,208.95,8067431
2021-05-19 10:18:58,208.95,8067565
2021-05-19 10:18:59,208.95,8067760
2021-05-19 10:19:00,209.0,8068090
2021-05-19 10:19:02,208.95,8068106
2021-05-19 10:19:03,209.0,8068204
2021-05-19 10:19:05,209.0,8073167
2021-05-19 10:19:06,209.0,8073481
2021-05-19 10:19:07,209.0,8073481
2021-05-19 10:19:09,209.0,8078487
2021-05-19 10:19:10,209.0,8078491
2021-05-19 10:19:10,209.0,8078499
2021-05-19 10:19:11,209.0,8078605
2021-05-19 10:19:12,209.0,8078757
2021-05-19 10:19:14,209.0,8078789
2021-05-19 10:19:16,209.0,8078905
2021-05-19 10:19:19,208.95,8091120
2021-05-19 10:19:20,208.95,8091620
2021-05-19 10:19:21,208.95,8091916
2021-05-19 10:19:22,208.95,8092443
2021-05-19 10:19:23,208.85,8092544
2021-05-19 10:19:24,208.85,8094484
2021-05-19 10:19:24,208.85,8092544
2021-05-19 10:19:25,208.9,8094489
2021-05-19 10:19:28,208.9,8094996
2021-05-19 10:19:29,208.9,8095013
2021-05-19 10:19:31,208.9,8098220
2021-05-19 10:19:32,208.9,8099435
2021-05-19 10:19:33,208.9,8099745
2021-05-19 10:19:34,208.9,8099745
2021-05-19 10:19:35,208.9,8100138
2021-05-19 10:19:36,208.9,8100138
2021-05-19 10:19:37,208.9,8100289
2021-05-19 10:19:38,208.9,8102188
2021-05-19 10:19:38,208.8,8102250
2021-05-19 10:19:39,208.9,8102254
2021-05-19 10:19:40,208.85,8102354
2021-05-19 10:19:41,208.85,8102369
2021-05-19 10:19:42,208.85,8102374
2021-05-19 10:19:43,208.85,8103913
2021-05-19 10:19:45,208.85,8103947
2021-05-19 10:19:46,208.85,8104581
2021-05-19 10:19:47,208.8,8104648
2021-05-19 10:19:48,208.85,8104898
2021-05-19 10:19:49,208.85,8104898
2021-05-19 10:19:50,208.8,8105599
2021-05-19 10:19:51,208.8,8105921
2021-05-19 10:19:52,208.85,8105958
2021-05-19 10:19:53,208.85,8105976
2021-05-19 10:19:54,208.8,8109140
2021-05-19 10:19:56,208.8,8109191
2021-05-19 10:19:57,208.85,8109415
2021-05-19 10:19:58,208.85,8109415
2021-05-19 10:19:59,208.85,8109451
2021-05-19 10:20:00,208.85,8109538
2021-05-19 10:20:01,208.8,8110074
2021-05-19 10:20:02,208.9,8110784
2021-05-19 10:20:03,208.9,8111603
2021-05-19 10:20:04,208.9,8111603
2021-05-19 10:20:05,208.9,8112485
2021-05-19 10:20:06,208.9,8112485
2021-05-19 10:20:07,208.85,8112606
2021-05-19 10:20:08,208.9,8113339
2021-05-19 10:20:09,208.9,8113467
2021-05-19 10:20:10,208.9,8113467
2021-05-19 10:20:11,208.8,8113595
2021-05-19 10:20:12,208.9,8113856
2021-05-19 10:20:13,208.9,8113936
2021-05-19 10:20:16,208.9,8114077
2021-05-19 10:20:19,208.85,8114406
2021-05-19 10:20:22,208.85,8114752
2021-05-19 10:20:25,208.9,8114862
2021-05-19 10:20:28,208.9,8115094
2021-05-19 10:20:31,208.85,8115250
2021-05-19 10:20:34,208.85,8118412
2021-05-19 10:20:36,208.8,8121802
2021-05-19 10:20:39,208.85,8124392
2021-05-19 10:20:41,208.85,8125207
2021-05-19 10:20:44,208.85,8128250
2021-05-19 10:20:47,208.85,8130054
2021-05-19 10:20:49,208.85,8130506
2021-05-19 10:20:51,208.85,8130857
2021-05-19 10:20:54,208.85,8131605
2021-05-19 10:20:56,208.85,8135569
2021-05-19 10:20:59,208.8,8136116
2021-05-19 10:21:01,208.8,8139439
2021-05-19 10:21:03,208.85,8139572
2021-05-19 10:21:06,208.85,8139650
2021-05-19 10:21:09,208.85,8141822
2021-05-19 10:21:12,208.6,8350640
2021-05-19 10:21:14,208.5,8377687
2021-05-19 10:21:17,208.45,8385804
2021-05-19 10:21:20,208.45,8387777
2021-05-19 10:21:22,208.45,8394917
2021-05-19 10:21:24,208.5,8397368
2021-05-19 10:21:26,208.5,8405463
2021-05-19 10:21:29,208.5,8409588
2021-05-19 10:21:34,208.5,8425112
2021-05-19 10:21:37,208.5,8429321
2021-05-19 10:21:39,208.45,8433718
2021-05-19 10:21:42,208.5,8434937
2021-05-19 10:21:45,208.45,8436340
2021-05-19 10:21:51,208.5,8443078
2021-05-19 10:21:54,208.5,8443706
2021-05-19 10:21:56,208.5,8444158
2021-05-19 10:21:58,208.5,8445153
2021-05-19 10:22:01,208.45,8446987
2021-05-19 10:22:03,208.5,8447325
2021-05-19 10:22:06,208.5,8449339
2021-05-19 10:22:12,208.55,8453434
2021-05-19 10:22:15,208.5,8454552
2021-05-19 10:22:19,208.55,8463172
2021-05-19 10:22:22,208.5,8472537
2021-05-19 10:22:25,208.45,8477746
2021-05-19 10:22:28,208.55,8480696
2021-05-19 10:22:30,208.5,8483021
2021-05-19 10:22:36,208.5,8493372
2021-05-19 10:22:38,208.5,8493506
2021-05-19 10:22:41,208.5,8494139
2021-05-19 10:22:43,208.5,8496885
2021-05-19 10:22:45,208.5,8501030
2021-05-19 10:22:48,208.45,8503715
2021-05-19 10:22:50,208.45,8511856
2021-05-19 10:22:52,208.5,8513188
2021-05-19 10:22:55,208.45,8513497
2021-05-19 10:22:57,208.45,8513596
2021-05-19 10:23:01,208.5,8518391
2021-05-19 10:23:03,208.55,8518534
2021-05-19 10:23:07,208.55,8524003
2021-05-19 10:23:09,208.55,8528069
2021-05-19 10:23:11,208.65,8528232
2021-05-19 10:23:13,208.65,8528539
2021-05-19 10:23:15,208.55,8529386
2021-05-19 10:23:18,208.6,8530209
2021-05-19 10:23:21,208.65,8531018
2021-05-19 10:23:23,208.65,8531568
2021-05-19 10:23:28,208.65,8534565
2021-05-19 10:23:30,208.65,8534852
2021-05-19 10:23:32,208.6,8535698
2021-05-19 10:23:34,208.65,8535719
2021-05-19 10:23:37,208.65,8539008
2021-05-19 10:23:39,208.65,8539565
2021-05-19 10:23:41,208.65,8539881
2021-05-19 10:23:43,208.65,8539943
2021-05-19 10:23:45,208.65,8539973
2021-05-19 10:23:47,208.65,8540316
2021-05-19 10:23:49,208.65,8540380
2021-05-19 10:23:53,208.6,8541298
2021-05-19 10:23:55,208.7,8546000
2021-05-19 10:23:57,208.65,8546742
2021-05-19 10:24:00,208.65,8547269
2021-05-19 10:24:02,208.7,8548184
2021-05-19 10:24:05,208.7,8551188
2021-05-19 10:24:07,208.7,8551618
2021-05-19 10:24:10,208.65,8552154
2021-05-19 10:24:13,208.6,8552659
2021-05-19 10:24:15,208.65,8552934
2021-05-19 10:24:17,208.6,8564117
2021-05-19 10:24:19,208.6,8564190
2021-05-19 10:24:21,208.6,8565427
2021-05-19 10:24:26,208.65,8572180
2021-05-19 10:24:28,208.75,8572305
2021-05-19 10:24:30,208.75,8572398
2021-05-19 10:24:32,208.75,8572949
2021-05-19 10:24:38,208.7,8575023
2021-05-19 10:24:41,208.7,8576655
2021-05-19 10:24:43,208.75,8580020
2021-05-19 10:24:45,208.8,8583241
2021-05-19 10:24:47,208.8,8583760
2021-05-19 10:24:49,208.75,8583814
2021-05-19 10:24:52,208.7,8584128
2021-05-19 10:24:54,208.7,8584246
2021-05-19 10:24:56,208.75,8584689
2021-05-19 10:24:58,208.7,8586351
2021-05-19 10:25:03,208.8,8587563
2021-05-19 10:25:05,208.8,8588092
2021-05-19 10:25:10,208.8,8589326
2021-05-19 10:25:13,208.8,8589851
2021-05-19 10:25:16,208.8,8592172
2021-05-19 10:25:17,208.8,8592197
2021-05-19 10:25:18,208.75,8592347
2021-05-19 10:25:19,208.8,8592382
2021-05-19 10:25:20,208.8,8592470
2021-05-19 10:25:23,208.85,8607453
2021-05-19 10:25:25,208.9,8607959
2021-05-19 10:25:25,208.9,8607959
2021-05-19 10:25:26,208.9,8610709
2021-05-19 10:25:27,208.9,8610709
2021-05-19 10:25:28,208.9,8610812
2021-05-19 10:25:29,208.85,8611212
2021-05-19 10:25:30,208.8,8612068
2021-05-19 10:25:31,208.8,8612068
2021-05-19 10:25:32,208.9,8612224
2021-05-19 10:25:33,208.9,8612653
2021-05-19 10:25:35,209.0,8613747
2021-05-19 10:25:35,208.9,8613797
2021-05-19 10:25:36,209.0,8613958
2021-05-19 10:25:37,209.0,8620436
2021-05-19 10:25:38,208.9,8620587
2021-05-19 10:25:39,208.9,8620704
2021-05-19 10:25:40,208.9,8620881
2021-05-19 10:25:41,208.85,8620961
2021-05-19 10:25:42,208.95,8621127
2021-05-19 10:25:43,208.85,8621133
2021-05-19 10:25:45,208.95,8621188
2021-05-19 10:25:46,208.9,8621441
2021-05-19 10:25:47,208.9,8622071
2021-05-19 10:25:48,208.9,8622074
2021-05-19 10:25:48,208.95,8622094
2021-05-19 10:25:50,208.95,8622464
2021-05-19 10:25:50,208.95,8622464
2021-05-19 10:25:51,208.9,8622865
2021-05-19 10:25:53,208.9,8622865
2021-05-19 10:25:54,208.95,8623065
2021-05-19 10:25:56,208.95,8623948
2021-05-19 10:25:57,208.9,8624017
2021-05-19 10:25:58,208.95,8624222
2021-05-19 10:25:59,208.95,8624300
2021-05-19 10:26:00,209.0,8624817
2021-05-19 10:26:00,209.0,8624817
2021-05-19 10:26:01,209.0,8624918
2021-05-19 10:26:02,209.0,8625428
2021-05-19 10:26:03,208.9,8625641
2021-05-19 10:26:04,208.9,8625691
2021-05-19 10:26:05,208.9,8625842
2021-05-19 10:26:06,208.9,8625842
2021-05-19 10:26:07,208.9,8627952
2021-05-19 10:26:08,208.9,8628403
2021-05-19 10:26:09,208.9,8628613
2021-05-19 10:26:10,208.95,8629044
2021-05-19 10:26:11,208.9,8629113
2021-05-19 10:26:12,208.95,8629816
2021-05-19 10:26:13,208.95,8629846
2021-05-19 10:26:14,208.9,8632415
2021-05-19 10:26:16,208.85,8632724
2021-05-19 10:26:17,208.85,8632734
2021-05-19 10:26:19,208.85,8632897
2021-05-19 10:26:20,208.85,8632897
2021-05-19 10:26:20,209.0,8632947
2021-05-19 10:26:21,209.0,8633338
2021-05-19 10:26:23,208.85,8634226
2021-05-19 10:26:24,209.0,8634246
2021-05-19 10:26:26,208.85,8634620
2021-05-19 10:26:27,208.9,8634685
2021-05-19 10:26:28,209.0,8635906
2021-05-19 10:26:30,208.95,8635953
2021-05-19 10:26:31,209.0,8636320
2021-05-19 10:26:32,209.0,8636558
2021-05-19 10:26:33,209.0,8636558
2021-05-19 10:26:34,209.0,8636558
2021-05-19 10:26:34,209.0,8636558
2021-05-19 10:26:35,208.95,8641937
2021-05-19 10:26:36,209.0,8643140
2021-05-19 10:26:37,209.0,8644140
2021-05-19 10:26:38,209.0,8644316
2021-05-19 10:26:39,209.0,8644331
2021-05-19 10:26:41,209.0,8644721
2021-05-19 10:26:42,208.95,8645776
2021-05-19 10:26:43,208.95,8645873
2021-05-19 10:26:44,209.0,8646392
2021-05-19 10:26:45,208.95,8646397
2021-05-19 10:26:46,209.0,8646752
2021-05-19 10:26:47,209.25,8673860
2021-05-19 10:26:48,209.1,8674200
2021-05-19 10:26:49,209.2,8674300
2021-05-19 10:26:50,209.2,8674438
2021-05-19 10:26:50,209.2,8674438
2021-05-19 10:26:52,209.2,8674569
2021-05-19 10:26:54,209.25,8675521
2021-05-19 10:26:55,209.25,8675557
2021-05-19 10:26:56,209.25,8676070
2021-05-19 10:26:58,209.15,8676105
2021-05-19 10:26:59,209.15,8677079
2021-05-19 10:27:00,209.2,8677104
2021-05-19 10:27:01,209.2,8677298
2021-05-19 10:27:02,209.25,8678654
2021-05-19 10:27:03,209.15,8680957
2021-05-19 10:27:05,209.15,8681393
2021-05-19 10:27:06,209.15,8681970
2021-05-19 10:27:07,209.15,8681970
2021-05-19 10:27:09,209.25,8683955
2021-05-19 10:27:10,209.15,8684266
2021-05-19 10:27:12,209.2,8684286
2021-05-19 10:27:13,209.25,8684379
2021-05-19 10:27:14,209.2,8688202
2021-05-19 10:27:15,209.2,8688488
2021-05-19 10:27:17,209.2,8689561
2021-05-19 10:27:19,209.2,8691198
2021-05-19 10:27:20,209.25,8691223
2021-05-19 10:27:20,209.2,8691592
2021-05-19 10:27:21,209.25,8692194
2021-05-19 10:27:22,209.2,8692622
2021-05-19 10:27:23,209.25,8693311
2021-05-19 10:27:24,209.25,8694261
2021-05-19 10:27:26,209.3,8695764
2021-05-19 10:27:27,209.25,8696192
2021-05-19 10:27:28,209.25,8696454
2021-05-19 10:27:29,209.25,8696695
2021-05-19 10:27:30,209.2,8696953
2021-05-19 10:27:31,209.2,8697654
2021-05-19 10:27:32,209.2,8698022
2021-05-19 10:27:33,209.2,8698436
2021-05-19 10:27:35,209.2,8698524
2021-05-19 10:27:35,209.15,8698490
2021-05-19 10:27:36,209.15,8698533
2021-05-19 10:27:37,209.25,8699469
2021-05-19 10:27:39,209.15,8699844
2021-05-19 10:27:39,209.15,8699911
2021-05-19 10:27:41,209.2,8700363
2021-05-19 10:27:42,209.2,8700819
2021-05-19 10:27:43,209.2,8700919
2021-05-19 10:27:44,209.2,8701449
2021-05-19 10:27:45,209.2,8701449
2021-05-19 10:27:46,209.25,8701660
2021-05-19 10:27:47,209.2,8701963
2021-05-19 10:27:48,209.15,8704567
2021-05-19 10:27:48,209.2,8707667
2021-05-19 10:27:49,209.15,8709592
2021-05-19 10:27:51,209.2,8711933
2021-05-19 10:27:50,209.2,8710105
2021-05-19 10:27:52,209.1,8713487
2021-05-19 10:27:53,209.15,8716742
2021-05-19 10:27:54,209.15,8720534
2021-05-19 10:27:56,209.1,8728879
2021-05-19 10:27:57,209.1,8728879
2021-05-19 10:27:58,209.05,8731167
2021-05-19 10:27:58,209.05,8731167
2021-05-19 10:27:59,209.1,8731300
2021-05-19 10:28:00,209.2,8731406
2021-05-19 10:28:01,209.2,8731736
2021-05-19 10:28:02,209.2,8735200
2021-05-19 10:28:03,209.05,8736321
2021-05-19 10:28:05,209.2,8736332
2021-05-19 10:28:07,209.2,8736548
2021-05-19 10:28:08,209.1,8736575
2021-05-19 10:28:09,209.1,8736575
2021-05-19 10:28:10,209.1,8736576
2021-05-19 10:28:11,209.1,8736930
2021-05-19 10:28:12,209.15,8737410
2021-05-19 10:28:12,209.15,8737410
2021-05-19 10:28:13,209.1,8737861
2021-05-19 10:28:15,209.15,8738126
2021-05-19 10:28:16,209.1,8738203
2021-05-19 10:28:17,209.1,8739111
2021-05-19 10:28:18,209.1,8739433
2021-05-19 10:28:19,209.15,8739705
2021-05-19 10:28:20,209.05,8740150
2021-05-19 10:28:21,209.05,8740289
2021-05-19 10:28:23,209.05,8740313
2021-05-19 10:28:24,209.15,8740557
2021-05-19 10:28:25,209.05,8740748
2021-05-19 10:28:26,209.05,8740846
2021-05-19 10:28:27,209.05,8740867
2021-05-19 10:28:28,209.15,8740977
2021-05-19 10:28:29,209.0,8745177
2021-05-19 10:28:31,209.15,8748069
2021-05-19 10:28:32,209.15,8748604
2021-05-19 10:28:33,209.0,8748621
2021-05-19 10:28:34,209.0,8748673
2021-05-19 10:28:35,209.1,8748953
2021-05-19 10:28:36,209.0,8749146
2021-05-19 10:28:38,209.1,8749585
2021-05-19 10:28:39,209.0,8749755
2021-05-19 10:28:40,209.0,8749800
2021-05-19 10:28:41,209.0,8750091
2021-05-19 10:28:42,209.0,8750215
2021-05-19 10:28:43,209.1,8750419
2021-05-19 10:28:44,209.1,8750956
2021-05-19 10:28:45,209.0,8751164
2021-05-19 10:28:46,209.0,8751164
2021-05-19 10:28:47,209.0,8751339
2021-05-19 10:28:48,209.0,8751401
2021-05-19 10:28:51,209.0,8752127
2021-05-19 10:28:51,209.1,8752244
2021-05-19 10:28:53,209.0,8752248
2021-05-19 10:28:54,209.1,8752474
2021-05-19 10:28:55,209.1,8752474
2021-05-19 10:28:56,209.1,8752994
2021-05-19 10:28:56,209.05,8753534
2021-05-19 10:28:57,209.1,8753891
2021-05-19 10:28:58,209.05,8753931
2021-05-19 10:29:00,209.05,8755041
2021-05-19 10:29:00,209.05,8755676
2021-05-19 10:29:01,209.05,8755676
2021-05-19 10:29:03,209.1,8755791
2021-05-19 10:29:04,209.05,8755991
2021-05-19 10:29:05,209.0,8757343
2021-05-19 10:29:06,209.0,8758189
2021-05-19 10:29:07,209.0,8758353
2021-05-19 10:29:08,209.05,8758876
2021-05-19 10:29:10,209.05,8768756
2021-05-19 10:29:11,209.1,8771882
2021-05-19 10:29:12,209.1,8771882
2021-05-19 10:29:13,209.15,8771918
2021-05-19 10:29:14,209.1,8772030
2021-05-19 10:29:14,209.1,8772092
2021-05-19 10:29:15,209.15,8772147
2021-05-19 10:29:16,209.1,8772460
2021-05-19 10:29:18,209.1,8772572
2021-05-19 10:29:19,209.15,8773011
2021-05-19 10:29:20,209.1,8774156
2021-05-19 10:29:21,209.15,8806706
2021-05-19 10:29:22,209.1,8817645
2021-05-19 10:29:23,209.1,8818224
2021-05-19 10:29:24,209.2,8818496
2021-05-19 10:29:25,209.25,8818503
2021-05-19 10:29:26,209.2,8818563
2021-05-19 10:29:27,209.15,8818750
2021-05-19 10:29:28,209.15,8818763
2021-05-19 10:29:29,209.2,8819026
2021-05-19 10:29:30,209.2,8819245
2021-05-19 10:29:30,209.15,8819308
2021-05-19 10:29:34,209.15,8819748
2021-05-19 10:29:35,209.2,8819989
2021-05-19 10:29:36,209.2,8819990
2021-05-19 10:29:37,209.15,8820522
2021-05-19 10:29:39,209.15,8820753
2021-05-19 10:29:40,209.1,8820790
2021-05-19 10:29:41,209.1,8821087
2021-05-19 10:29:42,209.1,8821258
2021-05-19 10:29:43,209.1,8821284
2021-05-19 10:29:44,209.15,8821520
2021-05-19 10:29:45,209.1,8824099
2021-05-19 10:29:46,209.1,8825333
2021-05-19 10:29:47,209.1,8825446
2021-05-19 10:29:48,209.15,8825596
2021-05-19 10:29:49,209.2,8825964
2021-05-19 10:29:50,209.1,8827172
2021-05-19 10:29:50,209.2,8827633
2021-05-19 10:29:51,209.2,8828355
2021-05-19 10:29:52,209.2,8829622
2021-05-19 10:29:54,209.25,8830072
2021-05-19 10:29:55,209.1,8835147
2021-05-19 10:29:56,209.2,8837756
2021-05-19 10:29:57,209.1,8838118
2021-05-19 10:29:58,209.1,8838118
2021-05-19 10:29:59,209.15,8838161
2021-05-19 10:30:00,209.1,8838763
2021-05-19 10:30:01,209.2,8839079
2021-05-19 10:30:02,209.1,8839528
2021-05-19 10:30:03,209.1,8839890
2021-05-19 10:30:04,209.1,8840001
2021-05-19 10:30:05,209.1,8840001
2021-05-19 10:30:06,209.2,8841001
2021-05-19 10:30:07,209.1,8841003
2021-05-19 10:30:09,209.1,8841436
2021-05-19 10:30:11,209.1,8841796
2021-05-19 10:30:11,209.15,8841938
2021-05-19 10:30:14,209.2,8842570
2021-05-19 10:30:15,209.1,8842735
2021-05-19 10:30:15,209.2,8842840
2021-05-19 10:30:16,209.2,8843930
2021-05-19 10:30:17,209.2,8844605
2021-05-19 10:30:18,209.1,8844767
2021-05-19 10:30:19,209.2,8848234
2021-05-19 10:30:21,209.1,8849502
2021-05-19 10:30:22,209.15,8849702
2021-05-19 10:30:23,209.1,8849795
2021-05-19 10:30:24,209.1,8850220
2021-05-19 10:30:25,209.15,8850280
2021-05-19 10:30:26,209.1,8850443
2021-05-19 10:30:27,209.1,8850543
2021-05-19 10:30:28,209.1,8851075
2021-05-19 10:30:29,209.1,8851244
2021-05-19 10:30:30,209.2,8851269
2021-05-19 10:30:31,209.2,8851800
2021-05-19 10:30:32,209.2,8851975
2021-05-19 10:30:32,209.2,8851975
2021-05-19 10:30:33,209.2,8851975
2021-05-19 10:30:36,209.2,8852316
2021-05-19 10:30:36,209.2,8852316
2021-05-19 10:30:37,209.2,8852403
2021-05-19 10:30:38,209.2,8852435
2021-05-19 10:30:39,209.15,8852544
2021-05-19 10:30:40,209.1,8852979
2021-05-19 10:30:41,209.1,8854612
2021-05-19 10:30:43,209.1,8855177
2021-05-19 10:30:44,209.1,8855199
2021-05-19 10:30:45,209.2,8855380
2021-05-19 10:30:48,209.15,8857154
2021-05-19 10:30:49,209.1,8857871
2021-05-19 10:30:50,209.1,8857924
2021-05-19 10:30:51,209.2,8858698
2021-05-19 10:30:52,209.15,8858957
2021-05-19 10:30:53,209.15,8858959
2021-05-19 10:30:54,209.2,8858992
2021-05-19 10:30:55,209.2,8858992
2021-05-19 10:30:56,209.2,8859005
2021-05-19 10:30:57,209.2,8859221
2021-05-19 10:30:58,209.15,8859312
2021-05-19 10:31:00,209.2,8859506
2021-05-19 10:31:01,209.15,8859767
2021-05-19 10:31:02,209.15,8859875
2021-05-19 10:31:03,209.15,8859875
2021-05-19 10:31:04,209.15,8859882
2021-05-19 10:31:05,209.2,8861071
2021-05-19 10:31:06,209.15,8861517
2021-05-19 10:31:07,209.25,8867523
2021-05-19 10:31:08,209.1,8867541
2021-05-19 10:31:09,209.1,8869547
2021-05-19 10:31:10,209.1,8869580
2021-05-19 10:31:11,209.1,8869580
2021-05-19 10:31:12,209.25,8869643
2021-05-19 10:31:13,209.25,8869865
2021-05-19 10:31:14,209.25,8869964
2021-05-19 10:31:15,209.15,8870048
2021-05-19 10:31:16,209.15,8871137
2021-05-19 10:31:17,209.15,8872539
2021-05-19 10:31:18,209.15,8872903
2021-05-19 10:31:19,209.25,8872929
2021-05-19 10:31:20,209.15,8872946
2021-05-19 10:31:21,209.15,8873247
2021-05-19 10:31:22,209.15,8873248
2021-05-19 10:31:24,209.25,8873792
2021-05-19 10:31:25,209.15,8873912
2021-05-19 10:31:26,209.25,8873952
2021-05-19 10:31:27,209.15,8873955
2021-05-19 10:31:28,209.25,8874710
2021-05-19 10:31:29,209.15,8878031
2021-05-19 10:31:30,209.25,8878092
2021-05-19 10:31:31,209.15,8880506
2021-05-19 10:31:32,209.15,8880562
2021-05-19 10:31:33,209.2,8881049
2021-05-19 10:31:34,209.25,8881075
2021-05-19 10:31:35,209.25,8881662
2021-05-19 10:31:36,209.25,8881662
2021-05-19 10:31:37,209.25,8881935
2021-05-19 10:31:38,209.25,8882923
2021-05-19 10:31:39,209.2,8894491
2021-05-19 10:31:40,209.2,8894491
2021-05-19 10:31:41,209.1,8898835
2021-05-19 10:31:42,209.1,8899240
2021-05-19 10:31:43,209.1,8899648
2021-05-19 10:31:44,209.1,8902504
2021-05-19 10:31:45,209.2,8904004
2021-05-19 10:31:46,209.1,8905657
2021-05-19 10:31:47,209.1,8905737
2021-05-19 10:31:48,209.2,8905873
2021-05-19 10:31:49,209.2,8905873
2021-05-19 10:31:50,209.0,8916923
2021-05-19 10:31:53,209.0,8922060
2021-05-19 10:31:54,209.05,8922162
2021-05-19 10:31:55,209.0,8923116
2021-05-19 10:31:57,209.05,8923465
2021-05-19 10:31:58,209.05,8923465
2021-05-19 10:31:59,209.0,8923480
2021-05-19 10:32:00,209.05,8923484
2021-05-19 10:32:01,209.05,8923786
2021-05-19 10:32:02,209.15,8923944
2021-05-19 10:32:03,209.15,8924080
2021-05-19 10:32:04,209.15,8924329
2021-05-19 10:32:05,209.15,8924571
2021-05-19 10:32:06,209.05,8924578
2021-05-19 10:32:07,209.05,8924712
2021-05-19 10:32:08,209.15,8924722
2021-05-19 10:32:09,209.05,8924796
2021-05-19 10:32:10,209.1,8924908
2021-05-19 10:32:11,209.05,8925320
2021-05-19 10:32:12,209.05,8925441
2021-05-19 10:32:13,209.05,8925560
2021-05-19 10:32:14,209.05,8925988
2021-05-19 10:32:15,209.05,8929118
2021-05-19 10:32:16,209.05,8931512
2021-05-19 10:32:17,209.05,8931976
2021-05-19 10:32:18,209.05,8931988
2021-05-19 10:32:19,209.05,8932153
2021-05-19 10:32:20,209.05,8932279
2021-05-19 10:32:21,209.05,8932571
2021-05-19 10:32:22,209.1,8932712
2021-05-19 10:32:23,209.05,8932719
2021-05-19 10:32:24,209.1,8932924
2021-05-19 10:32:25,209.05,8932992
2021-05-19 10:32:26,209.1,8933004
2021-05-19 10:32:27,209.05,8933066
2021-05-19 10:32:28,209.1,8933170
2021-05-19 10:32:29,209.1,8933865
2021-05-19 10:32:30,209.1,8933896
2021-05-19 10:32:31,209.1,8937127
2021-05-19 10:32:32,209.1,8939141
2021-05-19 10:32:33,209.1,8939204
2021-05-19 10:32:34,209.05,8939538
2021-05-19 10:32:35,209.05,8939644
2021-05-19 10:32:36,209.05,8939700
2021-05-19 10:32:37,209.1,8939721
2021-05-19 10:32:38,209.1,8944808
2021-05-19 10:32:39,209.05,8946512
2021-05-19 10:32:40,209.1,8946599
2021-05-19 10:32:41,209.05,8946730
2021-05-19 10:32:42,209.1,8946837
2021-05-19 10:32:43,209.05,8946927
2021-05-19 10:32:44,209.05,8947068
2021-05-19 10:32:45,209.05,8947093
2021-05-19 10:32:46,209.05,8947260
2021-05-19 10:32:47,209.05,8949397
2021-05-19 10:32:48,209.05,8949397
2021-05-19 10:32:51,209.05,8951230
2021-05-19 10:32:52,209.05,8952563
2021-05-19 10:32:53,209.05,8953128
2021-05-19 10:32:54,209.1,8953507
2021-05-19 10:32:55,209.05,8954108
2021-05-19 10:32:56,209.05,8954814
2021-05-19 10:32:58,209.15,8955530
2021-05-19 10:32:59,209.05,8955798
2021-05-19 10:33:00,209.05,8956848
2021-05-19 10:33:01,209.05,8956858
2021-05-19 10:33:02,209.15,8957217
2021-05-19 10:33:03,209.15,8957227
2021-05-19 10:33:04,209.05,8957339
2021-05-19 10:33:05,209.15,8957481
2021-05-19 10:33:06,209.15,8957481
2021-05-19 10:33:07,209.1,8957594
2021-05-19 10:33:08,209.05,8957652
2021-05-19 10:33:09,209.05,8957790
2021-05-19 10:33:10,209.05,8957833
2021-05-19 10:33:11,209.05,8958230
2021-05-19 10:33:12,209.1,8958864
2021-05-19 10:33:13,209.05,8958888
2021-05-19 10:33:14,209.05,8959476
2021-05-19 10:33:15,209.1,8959697
2021-05-19 10:33:16,209.05,8960627
2021-05-19 10:33:17,209.1,8961928
2021-05-19 10:33:18,209.1,8963942
2021-05-19 10:33:20,209.1,8965190
2021-05-19 10:33:21,209.1,8965247
2021-05-19 10:33:22,209.1,8965260
2021-05-19 10:33:23,209.1,8965326
2021-05-19 10:33:25,209.15,8965366
2021-05-19 10:33:26,209.15,8965448
2021-05-19 10:33:27,209.1,8965474
2021-05-19 10:33:30,209.1,8966449
2021-05-19 10:33:31,209.15,8966518
2021-05-19 10:33:32,209.1,8966624
2021-05-19 10:33:33,209.1,8966661
2021-05-19 10:33:34,209.15,8966666
2021-05-19 10:33:35,209.1,8966721
2021-05-19 10:33:38,209.15,8966745
2021-05-19 10:33:39,209.1,8966813
2021-05-19 10:33:40,209.1,8966850
2021-05-19 10:33:41,209.1,8967147
2021-05-19 10:33:43,209.1,8967244
2021-05-19 10:33:44,209.15,8967807
2021-05-19 10:33:45,209.15,8968115
2021-05-19 10:33:46,209.15,8973398
2021-05-19 10:33:47,209.1,8973533
2021-05-19 10:33:48,209.1,8973533
2021-05-19 10:33:49,209.1,8975400
2021-05-19 10:33:50,209.15,8975424
2021-05-19 10:33:51,209.2,8975623
2021-05-19 10:33:52,209.1,8975690
2021-05-19 10:33:53,209.2,8975721
2021-05-19 10:33:54,209.1,8975850
2021-05-19 10:33:55,209.1,8975915
2021-05-19 10:33:56,209.2,8975966
2021-05-19 10:33:57,209.15,8976480
2021-05-19 10:33:58,209.15,8977747
2021-05-19 10:33:59,209.1,8978120
2021-05-19 10:34:00,209.1,8978414
2021-05-19 10:34:01,209.1,8978511
2021-05-19 10:34:02,209.15,8978537
2021-05-19 10:34:03,209.1,8978612
2021-05-19 10:34:04,209.15,8978755
2021-05-19 10:34:05,209.1,8978795
2021-05-19 10:34:07,209.15,8978808
2021-05-19 10:34:07,209.15,8978808
2021-05-19 10:34:08,209.1,8979114
2021-05-19 10:34:09,209.1,8979124
2021-05-19 10:34:10,209.15,8979230
2021-05-19 10:34:11,209.1,8979592
2021-05-19 10:34:12,209.1,8979836
2021-05-19 10:34:13,209.1,8979928
2021-05-19 10:34:14,209.1,8982401
2021-05-19 10:34:15,209.05,8983220
2021-05-19 10:34:16,209.15,8983510
2021-05-19 10:34:17,209.05,8983910
2021-05-19 10:34:18,209.05,8984022
2021-05-19 10:34:19,209.1,8984188
2021-05-19 10:34:20,209.1,8984554
2021-05-19 10:34:21,209.15,8985952
2021-05-19 10:34:22,209.15,8990307
2021-05-19 10:34:23,209.1,8991645
2021-05-19 10:34:24,209.15,8993655
2021-05-19 10:34:25,209.15,8994322
2021-05-19 10:34:26,209.15,8994322
2021-05-19 10:34:27,209.15,8994388
2021-05-19 10:34:28,209.15,8994480
2021-05-19 10:34:29,209.15,8994508
2021-05-19 10:34:34,209.2,9037519
2021-05-19 10:34:35,209.2,9038598
2021-05-19 10:34:36,209.25,9038769
2021-05-19 10:34:37,209.2,9039385
2021-05-19 10:34:38,209.25,9041116
2021-05-19 10:34:39,209.1,9054851
2021-05-19 10:34:40,209.05,9059535
2021-05-19 10:34:41,209.25,9062719
2021-05-19 10:34:43,209.25,9069496
2021-05-19 10:34:43,209.2,9069696
2021-05-19 10:34:44,209.1,9071679
2021-05-19 10:34:45,209.1,9071703
2021-05-19 10:34:46,209.1,9071711
2021-05-19 10:34:47,209.1,9075288
2021-05-19 10:34:48,209.1,9076508
2021-05-19 10:34:49,209.15,9076523
2021-05-19 10:34:50,209.1,9076574
2021-05-19 10:34:51,209.15,9077016
2021-05-19 10:34:52,209.1,9077227
2021-05-19 10:34:53,209.1,9077450
2021-05-19 10:34:54,209.15,9077793
2021-05-19 10:34:55,209.1,9078129
2021-05-19 10:34:56,209.1,9078350
2021-05-19 10:34:57,209.1,9078705
2021-05-19 10:34:58,209.15,9080131
2021-05-19 10:34:59,209.15,9080412
2021-05-19 10:35:01,209.2,9082176
2021-05-19 10:35:02,209.1,9082712
2021-05-19 10:35:02,209.1,9082712
2021-05-19 10:35:04,209.2,9083418
2021-05-19 10:35:05,209.1,9084004
2021-05-19 10:35:06,209.15,9084016
2021-05-19 10:35:06,209.2,9084191
2021-05-19 10:35:07,209.1,9084272
2021-05-19 10:35:08,209.2,9084307
2021-05-19 10:35:09,209.1,9084488
2021-05-19 10:35:10,209.15,9084556
2021-05-19 10:35:11,209.15,9085380
2021-05-19 10:35:12,209.1,9085727
2021-05-19 10:35:13,209.1,9085760
2021-05-19 10:35:14,209.1,9086378
2021-05-19 10:35:15,209.1,9086800
2021-05-19 10:35:20,209.2,9089318
2021-05-19 10:35:22,209.15,9089745
2021-05-19 10:35:24,209.15,9089937
2021-05-19 10:35:26,209.1,9090175
2021-05-19 10:35:28,209.2,9090539
2021-05-19 10:35:30,209.15,9091836
2021-05-19 10:35:32,209.1,9092454
2021-05-19 10:35:34,209.2,9092832
2021-05-19 10:35:37,209.2,9093603
2021-05-19 10:35:39,209.2,9093998
2021-05-19 10:35:42,209.15,9094684
2021-05-19 10:35:44,209.15,9095764
2021-05-19 10:35:46,209.2,9096070
2021-05-19 10:35:48,209.15,9096291
2021-05-19 10:35:50,209.2,9096404
2021-05-19 10:35:52,209.15,9097916
2021-05-19 10:35:54,209.15,9098743
2021-05-19 10:35:56,209.2,9098956
2021-05-19 10:35:59,209.2,9099336
2021-05-19 10:36:02,209.1,9100598
2021-05-19 10:36:05,209.15,9102118
2021-05-19 10:36:07,209.15,9102811
2021-05-19 10:36:09,209.15,9102991
2021-05-19 10:36:11,209.2,9108556
2021-05-19 10:36:13,209.2,9110434
2021-05-19 10:36:15,209.2,9111007
2021-05-19 10:36:18,209.25,9111412
2021-05-19 10:36:20,209.2,9112049
2021-05-19 10:36:23,209.25,9112748
2021-05-19 10:36:25,209.2,9114495
2021-05-19 10:36:27,209.25,9115319
2021-05-19 10:36:29,209.2,9116299
2021-05-19 10:36:35,209.25,9117998
2021-05-19 10:36:38,209.25,9119369
2021-05-19 10:36:40,209.2,9121289
2021-05-19 10:36:43,209.25,9125430
2021-05-19 10:36:45,209.25,9128018
2021-05-19 10:36:47,209.2,9128493
2021-05-19 10:36:52,209.25,9131005
2021-05-19 10:36:54,209.2,9131236
2021-05-19 10:36:56,209.25,9131300
2021-05-19 10:36:58,209.2,9131671
2021-05-19 10:37:00,209.25,9132315
2021-05-19 10:37:02,209.25,9132514
2021-05-19 10:37:05,209.25,9135343
2021-05-19 10:37:07,209.2,9143785
2021-05-19 10:37:09,209.25,9146361
2021-05-19 10:37:13,209.3,9146996
2021-05-19 10:37:15,209.25,9147929
2021-05-19 10:37:17,209.25,9148188
2021-05-19 10:37:19,209.3,9149794
2021-05-19 10:37:21,209.25,9151548
2021-05-19 10:37:24,209.3,9152096
2021-05-19 10:37:26,209.3,9152299
2021-05-19 10:37:28,209.3,9152565
2021-05-19 10:37:29,209.25,9152736
2021-05-19 10:37:31,209.25,9153657
2021-05-19 10:37:33,209.3,9155328
2021-05-19 10:37:35,209.3,9156700
2021-05-19 10:37:37,209.3,9158539
2021-05-19 10:37:40,209.3,9160394
2021-05-19 10:37:42,209.3,9161214
2021-05-19 10:37:44,209.25,9161977
2021-05-19 10:37:46,209.3,9164216
2021-05-19 10:37:48,209.25,9165004
2021-05-19 10:37:49,209.3,9166392
2021-05-19 10:37:51,209.25,9168310
2021-05-19 10:37:53,209.2,9168875
2021-05-19 10:37:54,209.3,9170121
2021-05-19 10:37:56,209.3,9170837
2021-05-19 10:38:00,209.3,9171390
2021-05-19 10:38:02,209.3,9180830
2021-05-19 10:38:04,209.25,9184532
2021-05-19 10:38:06,209.25,9184797
2021-05-19 10:38:08,209.35,9185243
2021-05-19 10:38:10,209.35,9186491
2021-05-19 10:38:12,209.3,9188040
2021-05-19 10:38:15,209.3,9194868
2021-05-19 10:38:18,209.35,9195897
2021-05-19 10:38:20,209.35,9201356
2021-05-19 10:38:21,209.35,9203745
2021-05-19 10:38:23,209.35,9204250
2021-05-19 10:38:25,209.35,9204912
2021-05-19 10:38:27,209.35,9205676
2021-05-19 10:38:29,209.3,9206094
2021-05-19 10:38:31,209.35,9206583
2021-05-19 10:38:33,209.3,9207844
2021-05-19 10:38:35,209.35,9208298
2021-05-19 10:38:37,209.3,9208601
2021-05-19 10:38:39,209.3,9209299
2021-05-19 10:38:41,209.3,9211054
2021-05-19 10:38:42,209.3,9211807
2021-05-19 10:38:44,209.35,9213778
2021-05-19 10:38:45,209.3,9216877
2021-05-19 10:38:47,209.3,9217858
2021-05-19 10:38:49,209.3,9217912
2021-05-19 10:38:50,209.25,9218004
2021-05-19 10:38:52,209.4,9225526
2021-05-19 10:38:54,209.3,9228566
2021-05-19 10:38:56,209.3,9229435
2021-05-19 10:38:58,209.3,9229681
2021-05-19 10:39:00,209.35,9229790
2021-05-19 10:39:04,209.4,9232549
2021-05-19 10:39:06,209.4,9235613
2021-05-19 10:39:08,209.45,9255196
2021-05-19 10:39:09,209.35,9261540
2021-05-19 10:39:11,209.4,9261918
2021-05-19 10:39:14,209.35,9262107
2021-05-19 10:39:16,209.4,9263170
2021-05-19 10:39:18,209.35,9263612
2021-05-19 10:39:21,209.4,9267558
2021-05-19 10:39:23,209.4,9268935
2021-05-19 10:39:27,209.45,9273355
2021-05-19 10:39:30,209.45,9277037
2021-05-19 10:39:32,209.45,9281927
2021-05-19 10:39:34,209.45,9285449
2021-05-19 10:39:36,209.4,9288381
2021-05-19 10:39:39,209.45,9289225
2021-05-19 10:39:42,209.4,9289584
2021-05-19 10:39:44,209.45,9294661
2021-05-19 10:39:47,209.5,9304082
2021-05-19 10:39:49,209.4,9308145
2021-05-19 10:39:51,209.45,9309123
2021-05-19 10:39:52,209.45,9309446
2021-05-19 10:39:54,209.5,9310689
2021-05-19 10:39:56,209.45,9331308
2021-05-19 10:39:58,209.5,9338478
2021-05-19 10:40:00,209.45,9343622
2021-05-19 10:40:02,209.5,9349008
2021-05-19 10:40:04,209.45,9357719
2021-05-19 10:40:06,209.5,9360592
2021-05-19 10:40:08,209.5,9360857
2021-05-19 10:40:09,209.5,9361083
2021-05-19 10:40:11,209.5,9362798
2021-05-19 10:40:13,209.4,9363462
2021-05-19 10:40:15,209.5,9363936
2021-05-19 10:40:16,209.5,9364292
2021-05-19 10:40:16,209.4,9364326
2021-05-19 10:40:18,209.5,9365197
2021-05-19 10:40:19,209.4,9365599
2021-05-19 10:40:20,209.5,9375346
2021-05-19 10:40:20,209.5,9372619
2021-05-19 10:40:21,209.55,9379620
2021-05-19 10:40:22,209.5,9380377
2021-05-19 10:40:23,209.5,9381915
2021-05-19 10:40:25,209.5,9382633
2021-05-19 10:40:26,209.55,9383388
2021-05-19 10:40:26,209.5,9383521
2021-05-19 10:40:27,209.5,9384704
2021-05-19 10:40:29,209.55,9384844
2021-05-19 10:40:30,209.55,9385194
2021-05-19 10:40:31,209.5,9388566
2021-05-19 10:40:31,209.5,9386262
2021-05-19 10:40:32,209.5,9392709
2021-05-19 10:40:33,209.5,9398979
2021-05-19 10:40:35,209.45,9401002
2021-05-19 10:40:36,209.5,9401155
2021-05-19 10:40:37,209.5,9401801
2021-05-19 10:40:37,209.5,9404814
2021-05-19 10:40:40,209.4,9406578
2021-05-19 10:40:41,209.4,9406898
2021-05-19 10:40:42,209.4,9406958
2021-05-19 10:40:43,209.5,9407333
2021-05-19 10:40:44,209.4,9410376
2021-05-19 10:40:45,209.5,9410634
2021-05-19 10:40:46,209.35,9411770
2021-05-19 10:40:47,209.45,9411920
2021-05-19 10:40:49,209.4,9427116
2021-05-19 10:40:51,209.4,9432274
2021-05-19 10:40:52,209.4,9432526
2021-05-19 10:40:53,209.45,9432784
2021-05-19 10:40:54,209.45,9432927
2021-05-19 10:40:55,209.5,9433649
2021-05-19 10:40:56,209.4,9433902
2021-05-19 10:40:57,209.4,9434077
2021-05-19 10:40:57,209.4,9434077
2021-05-19 10:40:58,209.4,9435346
2021-05-19 10:41:00,209.5,9436984
2021-05-19 10:41:01,209.4,9437441
2021-05-19 10:41:02,209.45,9437952
2021-05-19 10:41:04,209.4,9438559
2021-05-19 10:41:05,209.45,9439075
2021-05-19 10:41:05,209.45,9439375
2021-05-19 10:41:06,209.35,9441633
2021-05-19 10:41:07,209.4,9442436
2021-05-19 10:41:08,209.4,9442501
2021-05-19 10:41:10,209.4,9442612
2021-05-19 10:41:11,209.4,9446908
2021-05-19 10:41:12,209.35,9448389
2021-05-19 10:41:13,209.35,9448410
2021-05-19 10:41:14,209.35,9448410
2021-05-19 10:41:15,209.35,9448494
2021-05-19 10:41:16,209.35,9448522
2021-05-19 10:41:17,209.35,9449246
2021-05-19 10:41:17,209.35,9449246
2021-05-19 10:41:18,209.35,9449506
2021-05-19 10:41:19,209.45,9451089
2021-05-19 10:41:20,209.4,9453376
2021-05-19 10:41:22,209.4,9453973
2021-05-19 10:41:23,209.4,9454542
2021-05-19 10:41:24,209.4,9454731
2021-05-19 10:41:25,209.45,9454756
2021-05-19 10:41:26,209.4,9454910
2021-05-19 10:41:27,209.45,9455490
2021-05-19 10:41:28,209.4,9455691
2021-05-19 10:41:29,209.4,9457266
2021-05-19 10:41:30,209.35,9457276
2021-05-19 10:41:31,209.35,9459695
2021-05-19 10:41:32,209.35,9460377
2021-05-19 10:41:33,209.35,9460811
2021-05-19 10:41:34,209.45,9461114
2021-05-19 10:41:35,209.35,9466168
2021-05-19 10:41:36,209.45,9467860
2021-05-19 10:41:37,209.45,9467860
2021-05-19 10:41:38,209.45,9468576
2021-05-19 10:41:40,209.35,9468886
2021-05-19 10:41:41,209.35,9469225
2021-05-19 10:41:42,209.35,9469782
2021-05-19 10:41:43,209.35,9470133
2021-05-19 10:41:44,209.35,9470200
2021-05-19 10:41:45,209.45,9471020
2021-05-19 10:41:46,209.35,9471294
2021-05-19 10:41:48,209.35,9473282
2021-05-19 10:41:47,209.45,9473182
2021-05-19 10:41:49,209.45,9474054
2021-05-19 10:41:50,209.45,9474806
2021-05-19 10:41:51,209.4,9475448
2021-05-19 10:41:52,209.4,9475722
2021-05-19 10:41:53,209.45,9475958
2021-05-19 10:41:54,209.4,9476173
2021-05-19 10:41:55,209.45,9476365
2021-05-19 10:41:56,209.4,9476412
2021-05-19 10:41:57,209.4,9476412
2021-05-19 10:41:58,209.4,9476472
2021-05-19 10:41:59,209.45,9476543
2021-05-19 10:42:00,209.45,9476835
2021-05-19 10:42:01,209.4,9477289
2021-05-19 10:42:02,209.4,9477460
2021-05-19 10:42:03,209.4,9477563
2021-05-19 10:42:04,209.4,9477596
2021-05-19 10:42:05,209.4,9478618
2021-05-19 10:42:06,209.4,9479008
2021-05-19 10:42:07,209.4,9479609
2021-05-19 10:42:08,209.35,9480306
2021-05-19 10:42:09,209.35,9480474
2021-05-19 10:42:10,209.35,9480474
2021-05-19 10:42:11,209.4,9480865
2021-05-19 10:42:12,209.45,9481048
2021-05-19 10:42:13,209.4,9481476
2021-05-19 10:42:14,209.4,9481632
2021-05-19 10:42:15,209.4,9481682
2021-05-19 10:42:16,209.4,9481913
2021-05-19 10:42:17,209.4,9482057
2021-05-19 10:42:18,209.4,9482057
2021-05-19 10:42:19,209.4,9482119
2021-05-19 10:42:20,209.4,9482172
2021-05-19 10:42:21,209.4,9482676
2021-05-19 10:42:22,209.45,9483115
2021-05-19 10:42:23,209.4,9483216
2021-05-19 10:42:24,209.35,9483362
2021-05-19 10:42:25,209.35,9483414
2021-05-19 10:42:26,209.35,9483417
2021-05-19 10:42:27,209.4,9483503
2021-05-19 10:42:28,209.4,9483612
2021-05-19 10:42:29,209.4,9483665
2021-05-19 10:42:30,209.35,9483810
2021-05-19 10:42:31,209.35,9484237
2021-05-19 10:42:32,209.5,9499754
2021-05-19 10:42:33,209.4,9505693
2021-05-19 10:42:34,209.5,9505981
2021-05-19 10:42:35,209.4,9506043
2021-05-19 10:42:36,209.5,9506082
2021-05-19 10:42:37,209.5,9506717
2021-05-19 10:42:38,209.45,9506722
2021-05-19 10:42:39,209.5,9507102
2021-05-19 10:42:40,209.5,9507102
2021-05-19 10:42:41,209.45,9507618
2021-05-19 10:42:42,209.4,9507841
2021-05-19 10:42:43,209.4,9508430
2021-05-19 10:42:44,209.45,9508930
2021-05-19 10:42:45,209.45,9508930
2021-05-19 10:42:46,209.45,9512271
2021-05-19 10:42:47,209.4,9513588
2021-05-19 10:42:48,209.5,9514027
2021-05-19 10:42:49,209.45,9514368
2021-05-19 10:42:50,209.45,9514448
2021-05-19 10:42:51,209.45,9514544
2021-05-19 10:42:52,209.5,9515310
2021-05-19 10:42:53,209.4,9515400
2021-05-19 10:42:54,209.4,9515403
2021-05-19 10:42:55,209.4,9515636
2021-05-19 10:42:56,209.5,9516034
2021-05-19 10:42:57,209.4,9516143
2021-05-19 10:42:58,209.4,9516143
2021-05-19 10:42:59,209.4,9516374
2021-05-19 10:43:00,209.4,9516421
2021-05-19 10:43:02,209.4,9517249
2021-05-19 10:43:05,209.5,9517517
2021-05-19 10:43:06,209.5,9517715
2021-05-19 10:43:07,209.4,9517777
2021-05-19 10:43:08,209.5,9517781
2021-05-19 10:43:09,209.45,9517882
2021-05-19 10:43:11,209.4,9518198
2021-05-19 10:43:12,209.45,9518282
2021-05-19 10:43:13,209.45,9518312
2021-05-19 10:43:14,209.4,9518686
2021-05-19 10:43:15,209.45,9521871
2021-05-19 10:43:16,209.5,9525071
2021-05-19 10:43:17,209.5,9525071
2021-05-19 10:43:19,209.5,9525309
2021-05-19 10:43:20,209.5,9525309
2021-05-19 10:43:21,209.45,9525539
2021-05-19 10:43:22,209.4,9525809
2021-05-19 10:43:23,209.4,9525972
2021-05-19 10:43:24,209.4,9526043
2021-05-19 10:43:25,209.5,9526045
2021-05-19 10:43:26,209.4,9526074
2021-05-19 10:43:27,209.45,9526122
2021-05-19 10:43:28,209.45,9526320
2021-05-19 10:43:29,209.45,9526370
2021-05-19 10:43:30,209.45,9526400
2021-05-19 10:43:31,209.5,9530106
2021-05-19 10:43:32,209.5,9530106
2021-05-19 10:43:33,209.5,9530106
2021-05-19 10:43:34,209.45,9530122
2021-05-19 10:43:35,209.45,9530122
2021-05-19 10:43:36,209.5,9530662
2021-05-19 10:43:37,209.45,9530856
2021-05-19 10:43:38,209.45,9531016
2021-05-19 10:43:39,209.45,9531178
2021-05-19 10:43:40,209.5,9531183
2021-05-19 10:43:41,209.45,9531401
2021-05-19 10:43:42,209.45,9531420
2021-05-19 10:43:43,209.4,9532057
2021-05-19 10:43:44,209.4,9532258
2021-05-19 10:43:45,209.45,9532319
2021-05-19 10:43:47,209.45,9534846
2021-05-19 10:43:47,209.45,9534846
2021-05-19 10:43:48,209.45,9534866
2021-05-19 10:43:49,209.5,9536885
2021-05-19 10:43:50,209.5,9536960
2021-05-19 10:43:51,209.45,9537210
2021-05-19 10:43:52,209.45,9537210
2021-05-19 10:43:53,209.5,9537404
2021-05-19 10:43:54,209.5,9537714
2021-05-19 10:43:55,209.45,9537802
2021-05-19 10:43:56,209.45,9538008
2021-05-19 10:43:57,209.5,9538358
2021-05-19 10:43:58,209.5,9538470
2021-05-19 10:44:00,209.5,9539301
2021-05-19 10:44:00,209.5,9539301
2021-05-19 10:44:01,209.45,9539795
2021-05-19 10:44:02,209.5,9539849
2021-05-19 10:44:03,209.45,9539915
2021-05-19 10:44:04,209.5,9539938
2021-05-19 10:44:05,209.5,9539944
2021-05-19 10:44:06,209.5,9577425
2021-05-19 10:44:07,209.5,9579682
2021-05-19 10:44:08,209.45,9580713
2021-05-19 10:44:09,209.45,9593429
2021-05-19 10:44:10,209.4,9593553
2021-05-19 10:44:11,209.5,9593701
2021-05-19 10:44:12,209.5,9593764
2021-05-19 10:44:13,209.5,9593864
2021-05-19 10:44:14,209.45,9594267
2021-05-19 10:44:15,209.45,9594267
2021-05-19 10:44:16,209.5,9594273
2021-05-19 10:44:17,209.5,9594273
2021-05-19 10:44:18,209.5,9594282
2021-05-19 10:44:20,209.45,9594564
2021-05-19 10:44:21,209.5,9596673
2021-05-19 10:44:23,209.5,9696297
2021-05-19 10:44:24,209.35,9700117
2021-05-19 10:44:24,209.5,9700119
2021-05-19 10:44:25,209.4,9716549
2021-05-19 10:44:26,209.3,9718450
2021-05-19 10:44:27,209.4,9718802
2021-05-19 10:44:28,209.4,9722350
2021-05-19 10:44:29,209.5,9725550
2021-05-19 10:44:30,209.5,9725752
2021-05-19 10:44:31,209.4,9728760
2021-05-19 10:44:32,209.45,9728765
2021-05-19 10:44:33,209.5,9728872
2021-05-19 10:44:34,209.5,9729027
2021-05-19 10:44:35,209.5,9729191
2021-05-19 10:44:36,209.5,9730816
2021-05-19 10:44:37,209.4,9731381
2021-05-19 10:44:38,209.45,9731450
2021-05-19 10:44:40,209.4,9737515
2021-05-19 10:44:40,209.5,9735711
2021-05-19 10:44:41,209.4,9737906
2021-05-19 10:44:42,209.4,9740763
2021-05-19 10:44:43,209.4,9741969
2021-05-19 10:44:44,209.4,9742413
2021-05-19 10:44:45,209.45,9742550
2021-05-19 10:44:46,209.45,9745634
2021-05-19 10:44:47,209.5,9745852
2021-05-19 10:44:48,209.4,9746887
2021-05-19 10:44:49,209.45,9746965
2021-05-19 10:44:50,209.4,9748775
2021-05-19 10:44:51,209.4,9749814
2021-05-19 10:44:52,209.4,9749978
2021-05-19 10:44:53,209.4,9749978
2021-05-19 10:44:54,209.45,9749988
2021-05-19 10:44:55,209.5,9750494
2021-05-19 10:44:56,209.4,9750994
2021-05-19 10:44:57,209.4,9752785
2021-05-19 10:44:58,209.4,9753245
2021-05-19 10:44:59,209.5,9757085
2021-05-19 10:45:00,209.45,9763584
2021-05-19 10:45:02,209.4,9765636
2021-05-19 10:45:04,209.45,9769554
2021-05-19 10:45:05,209.4,9770835
2021-05-19 10:45:06,209.4,9771117
2021-05-19 10:45:07,209.45,9771300
2021-05-19 10:45:08,209.4,9771307
2021-05-19 10:45:09,209.45,9771454
2021-05-19 10:45:11,209.4,9771869
2021-05-19 10:45:13,209.45,9772575
2021-05-19 10:45:13,209.4,9773109
2021-05-19 10:45:14,209.4,9774245
2021-05-19 10:45:16,209.4,9774594
2021-05-19 10:45:17,209.45,9776510
2021-05-19 10:45:18,209.4,9777331
2021-05-19 10:45:19,209.4,9777536
2021-05-19 10:45:20,209.4,9777693
2021-05-19 10:45:21,209.4,9778190
2021-05-19 10:45:22,209.4,9778346
2021-05-19 10:45:23,209.4,9778411
2021-05-19 10:45:24,209.4,9778433
2021-05-19 10:45:25,209.4,9778433
2021-05-19 10:45:26,209.4,9781751
2021-05-19 10:45:27,209.35,9782887
2021-05-19 10:45:28,209.4,9783087
2021-05-19 10:45:29,209.45,9783349
2021-05-19 10:45:31,209.45,9784004
2021-05-19 10:45:32,209.45,9784004
2021-05-19 10:45:33,209.45,9786635
2021-05-19 10:45:34,209.45,9786835
2021-05-19 10:45:35,209.4,9787729
2021-05-19 10:45:36,209.4,9787731
2021-05-19 10:45:37,209.4,9787759
2021-05-19 10:45:38,209.4,9787951
2021-05-19 10:45:39,209.4,9788102
2021-05-19 10:45:41,209.4,9788605
2021-05-19 10:45:41,209.4,9788605
2021-05-19 10:45:45,209.4,9789668
2021-05-19 10:45:47,209.35,9793190
2021-05-19 10:45:48,209.35,9794598
2021-05-19 10:45:48,209.35,9794598
2021-05-19 10:45:50,209.35,9795705
2021-05-19 10:45:51,209.4,9797686
2021-05-19 10:45:52,209.3,9798250
2021-05-19 10:45:52,209.3,9798250
2021-05-19 10:45:53,209.3,9798356
2021-05-19 10:45:54,209.3,9798451
2021-05-19 10:45:55,209.3,9798564
2021-05-19 10:45:56,209.3,9802224
2021-05-19 10:45:57,209.4,9803778
2021-05-19 10:45:58,209.4,9803778
2021-05-19 10:45:59,209.4,9805670
2021-05-19 10:46:00,209.4,9806629
2021-05-19 10:46:01,209.3,9807345
2021-05-19 10:46:02,209.3,9807543
2021-05-19 10:46:03,209.3,9807605
2021-05-19 10:46:04,209.4,9807855
2021-05-19 10:46:05,209.3,9807954
2021-05-19 10:46:06,209.4,9808002
2021-05-19 10:46:07,209.4,9808070
2021-05-19 10:46:08,209.3,9808734
2021-05-19 10:46:09,209.3,9808749
2021-05-19 10:46:10,209.3,9809496
2021-05-19 10:46:11,209.3,9810121
2021-05-19 10:46:12,209.35,9810549
2021-05-19 10:46:13,209.25,9814407
2021-05-19 10:46:15,209.35,9817410
2021-05-19 10:46:17,209.35,9818159
2021-05-19 10:46:18,209.35,9818362
2021-05-19 10:46:19,209.3,9818426
2021-05-19 10:46:20,209.35,9818496
2021-05-19 10:46:21,209.3,9818957
2021-05-19 10:46:22,209.35,9822308
2021-05-19 10:46:23,209.35,9823544
2021-05-19 10:46:24,209.35,9823559
2021-05-19 10:46:25,209.3,9823853
2021-05-19 10:46:28,209.35,9824551
2021-05-19 10:46:29,209.3,9825096
2021-05-19 10:46:31,209.3,9825439
2021-05-19 10:46:32,209.3,9826292
2021-05-19 10:46:32,209.35,9826293
2021-05-19 10:46:33,209.35,9826293
2021-05-19 10:46:35,209.3,9826634
2021-05-19 10:46:35,209.35,9826734
2021-05-19 10:46:37,209.3,9826987
2021-05-19 10:46:38,209.35,9828002
2021-05-19 10:46:39,209.35,9828910
2021-05-19 10:46:40,209.35,9830330
2021-05-19 10:46:41,209.3,9831118
2021-05-19 10:46:41,209.3,9831118
2021-05-19 10:46:42,209.3,9831243
2021-05-19 10:46:43,209.3,9832998
2021-05-19 10:46:44,209.3,9833709
2021-05-19 10:46:45,209.3,9833752
2021-05-19 10:46:46,209.3,9833767
2021-05-19 10:46:47,209.3,9833788
2021-05-19 10:46:48,209.3,9833793
2021-05-19 10:46:49,209.3,9833828
2021-05-19 10:46:51,209.3,9834339
2021-05-19 10:46:52,209.3,9834476
2021-05-19 10:46:54,209.35,9834517
2021-05-19 10:46:55,209.35,9834781
2021-05-19 10:46:56,209.3,9836267
2021-05-19 10:46:57,209.35,9836522
2021-05-19 10:46:58,209.35,9837040
2021-05-19 10:46:59,209.3,9837206
2021-05-19 10:47:00,209.35,9837258
2021-05-19 10:47:01,209.3,9838752
2021-05-19 10:47:02,209.3,9839782
2021-05-19 10:47:02,209.3,9838757
2021-05-19 10:47:03,209.3,9839782
2021-05-19 10:47:05,209.35,9840384
2021-05-19 10:47:04,209.35,9839969
2021-05-19 10:47:06,209.35,9840555
2021-05-19 10:47:07,209.35,9840630
2021-05-19 10:47:08,209.35,9840776
2021-05-19 10:47:10,209.35,9841017
2021-05-19 10:47:10,209.3,9841375
2021-05-19 10:47:12,209.35,9841750
2021-05-19 10:47:13,209.35,9842309
2021-05-19 10:47:13,209.35,9843055
2021-05-19 10:47:14,209.35,9843469
2021-05-19 10:47:15,209.35,9844424
2021-05-19 10:47:17,209.3,9844492
2021-05-19 10:47:17,209.3,9844812
2021-05-19 10:47:18,209.35,9844829
2021-05-19 10:47:19,209.35,9844875
2021-05-19 10:47:21,209.3,9847244
2021-05-19 10:47:22,209.25,9847394
2021-05-19 10:47:23,209.3,9848397
2021-05-19 10:47:24,209.3,9848397
2021-05-19 10:47:24,209.35,9849423
2021-05-19 10:47:25,209.25,9849723
2021-05-19 10:47:26,209.25,9850723
2021-05-19 10:47:27,209.35,9852056
2021-05-19 10:47:28,209.25,9852439
2021-05-19 10:47:29,209.25,9852439
2021-05-19 10:47:30,209.35,9853459
2021-05-19 10:47:32,209.25,9857951
2021-05-19 10:47:33,209.25,9859342
2021-05-19 10:47:33,209.25,9857951
2021-05-19 10:47:34,209.25,9859344
2021-05-19 10:47:35,209.3,9861101
2021-05-19 10:47:36,209.35,9862700
2021-05-19 10:47:38,209.35,9863048
2021-05-19 10:47:38,209.35,9863048
2021-05-19 10:47:40,209.3,9863317
2021-05-19 10:47:41,209.25,9863555
2021-05-19 10:47:42,209.3,9864314
2021-05-19 10:47:43,209.25,9864887
2021-05-19 10:47:43,209.25,9864887
2021-05-19 10:47:44,209.2,9880095
2021-05-19 10:47:45,209.2,9880116
2021-05-19 10:47:46,209.35,9901375
2021-05-19 10:47:47,209.25,9912487
2021-05-19 10:47:48,209.2,9914400
2021-05-19 10:47:49,209.3,9914474
2021-05-19 10:47:51,209.2,9917504
2021-05-19 10:47:52,209.2,9917591
2021-05-19 10:47:53,209.2,9917591
2021-05-19 10:47:54,209.25,9917620
2021-05-19 10:47:55,209.3,9917756
2021-05-19 10:47:57,209.2,9917799
2021-05-19 10:47:57,209.2,9917799
2021-05-19 10:47:58,209.2,9917899
2021-05-19 10:48:00,209.2,9918358
2021-05-19 10:48:00,209.2,9918358
2021-05-19 10:48:02,209.25,9920232
2021-05-19 10:48:03,209.2,9920299
2021-05-19 10:48:04,209.3,9921076
2021-05-19 10:48:04,209.25,9921104
2021-05-19 10:48:05,209.2,9921203
2021-05-19 10:48:06,209.2,9921787
2021-05-19 10:48:07,209.2,9922140
2021-05-19 10:48:10,209.2,9922224
2021-05-19 10:48:11,209.15,9922711
2021-05-19 10:48:12,209.15,9922872
2021-05-19 10:48:14,209.2,9923473
2021-05-19 10:48:15,209.15,9923681
2021-05-19 10:48:16,209.15,9923809
2021-05-19 10:48:17,209.15,9924091
2021-05-19 10:48:17,209.2,9924191
2021-05-19 10:48:18,209.15,9924409
2021-05-19 10:48:21,209.25,9926385
2021-05-19 10:48:22,209.25,9927215
2021-05-19 10:48:23,209.25,9928286
2021-05-19 10:48:24,209.25,9928286
2021-05-19 10:48:25,209.2,9928801
2021-05-19 10:48:25,209.2,9928801
2021-05-19 10:48:27,209.2,9929000
2021-05-19 10:48:28,209.25,9929202
2021-05-19 10:48:29,209.2,9929318
2021-05-19 10:48:30,209.2,9929320
2021-05-19 10:48:31,209.2,9929706
2021-05-19 10:48:31,209.2,9929706
2021-05-19 10:48:32,209.2,9929845
2021-05-19 10:48:33,209.25,9929863
2021-05-19 10:48:35,209.2,9930124
2021-05-19 10:48:36,209.15,9931538
2021-05-19 10:48:36,209.15,9931538
2021-05-19 10:48:37,209.2,9931982
2021-05-19 10:48:38,209.2,9932938
2021-05-19 10:48:39,209.15,9933271
2021-05-19 10:48:43,209.2,9935328
2021-05-19 10:48:44,209.1,9935814
2021-05-19 10:48:44,209.2,9936025
2021-05-19 10:48:45,209.1,9936104
2021-05-19 10:48:46,209.2,9936124
2021-05-19 10:48:47,209.2,9936171
2021-05-19 10:48:48,209.1,9936184
2021-05-19 10:48:49,209.1,9936184
2021-05-19 10:48:50,209.2,9937209
2021-05-19 10:48:51,209.1,9937908
2021-05-19 10:48:53,209.2,9949588
2021-05-19 10:48:53,209.2,9949589
2021-05-19 10:48:54,209.1,9953443
2021-05-19 10:48:55,209.2,9953488
2021-05-19 10:48:56,209.1,9954036
2021-05-19 10:48:58,209.2,9960771
2021-05-19 10:48:59,209.2,9960866
2021-05-19 10:49:00,209.1,9961367
2021-05-19 10:49:01,209.15,9961564
2021-05-19 10:49:02,209.1,9961587
2021-05-19 10:49:03,209.15,9962294
2021-05-19 10:49:04,209.2,9962914
2021-05-19 10:49:06,209.15,9963795
2021-05-19 10:49:07,209.15,9964110
2021-05-19 10:49:08,209.15,9965717
2021-05-19 10:49:09,209.1,9969616
2021-05-19 10:49:10,209.1,9969616
2021-05-19 10:49:11,209.2,9972291
2021-05-19 10:49:13,209.1,9973251
2021-05-19 10:49:14,209.1,9973516
2021-05-19 10:49:14,209.15,9974298
2021-05-19 10:49:15,209.2,9974783
2021-05-19 10:49:16,209.2,9976416
2021-05-19 10:49:18,209.2,9982161
2021-05-19 10:49:19,209.1,9983903
2021-05-19 10:49:19,209.1,9983923
2021-05-19 10:49:21,209.2,9984498
2021-05-19 10:49:22,209.1,9984687
2021-05-19 10:49:23,209.1,9984758
2021-05-19 10:49:24,209.1,9984758
2021-05-19 10:49:25,209.1,9984807
2021-05-19 10:49:26,209.1,9984818
2021-05-19 10:49:27,209.1,9984831
2021-05-19 10:49:28,209.1,9984831
2021-05-19 10:49:29,209.1,9984892
2021-05-19 10:49:30,209.1,9984913
2021-05-19 10:49:31,209.1,9985762
2021-05-19 10:49:32,209.1,9986094
2021-05-19 10:49:32,209.15,9986097
2021-05-19 10:49:33,209.15,9986097
2021-05-19 10:49:34,209.15,9986192
2021-05-19 10:49:35,209.1,9986210
2021-05-19 10:49:36,209.1,9986492
2021-05-19 10:49:37,209.1,9986565
2021-05-19 10:49:38,209.1,9986657
2021-05-19 10:49:39,209.15,9987033
2021-05-19 10:49:40,209.1,9987149
2021-05-19 10:49:41,209.15,9987480
2021-05-19 10:49:42,209.1,9988591
2021-05-19 10:49:45,209.1,9988924
2021-05-19 10:49:46,209.1,9989039
2021-05-19 10:49:47,209.1,9989101
2021-05-19 10:49:48,209.1,9989101
2021-05-19 10:49:49,209.1,9989105
2021-05-19 10:49:49,209.1,9990155
2021-05-19 10:49:50,209.1,9990483
2021-05-19 10:49:52,209.15,9990662
2021-05-19 10:49:52,209.15,9990662
2021-05-19 10:49:53,209.15,9991195
2021-05-19 10:49:54,209.05,9992055
2021-05-19 10:49:56,209.15,9992719
2021-05-19 10:49:57,209.15,9992754
2021-05-19 10:49:58,209.05,9992904
2021-05-19 10:50:00,209.05,9992926
2021-05-19 10:50:01,209.05,9993311
2021-05-19 10:50:02,209.15,9997562
2021-05-19 10:50:03,209.15,9997635
2021-05-19 10:50:04,209.15,9997799
2021-05-19 10:50:05,209.2,10001411
2021-05-19 10:50:06,209.2,10001411
2021-05-19 10:50:09,209.15,10003270
2021-05-19 10:50:10,209.15,10003270
2021-05-19 10:50:10,209.15,10003270
2021-05-19 10:50:11,209.15,10003426
2021-05-19 10:50:14,209.25,10004357
2021-05-19 10:50:15,209.25,10004357
2021-05-19 10:50:16,209.25,10004362
2021-05-19 10:50:17,209.25,10004571
2021-05-19 10:50:18,209.25,10004728
2021-05-19 10:50:19,209.2,10004792
2021-05-19 10:50:20,209.25,10005007
2021-05-19 10:50:21,209.2,10005925
2021-05-19 10:50:22,209.25,10006007
2021-05-19 10:50:23,209.2,10006017
2021-05-19 10:50:24,209.25,10006035
2021-05-19 10:50:25,209.25,10006060
2021-05-19 10:50:25,209.2,10006062
2021-05-19 10:50:26,209.25,10006213
2021-05-19 10:50:27,209.2,10007421
2021-05-19 10:50:29,209.25,10007674
2021-05-19 10:50:30,209.2,10008583
2021-05-19 10:50:31,209.2,10008956
2021-05-19 10:50:32,209.2,10009288
2021-05-19 10:50:33,209.2,10009289
2021-05-19 10:50:35,209.15,10009353
2021-05-19 10:50:36,209.15,10009403
2021-05-19 10:50:37,209.15,10010203
2021-05-19 10:50:38,209.15,10010203
2021-05-19 10:50:39,209.15,10010226
2021-05-19 10:50:40,209.2,10010285
2021-05-19 10:50:41,209.15,10010658
2021-05-19 10:50:42,209.15,10010769
2021-05-19 10:50:43,209.15,10010893
2021-05-19 10:50:44,209.2,10011957
2021-05-19 10:50:45,209.2,10011979
2021-05-19 10:50:46,209.2,10012979
2021-05-19 10:50:47,209.2,10015659
2021-05-19 10:50:48,209.2,10015879
2021-05-19 10:50:49,209.2,10015880
2021-05-19 10:50:50,209.2,10070185
2021-05-19 10:50:50,209.1,10070416
2021-05-19 10:50:51,209.2,10070559
2021-05-19 10:50:52,209.2,10070562
2021-05-19 10:50:53,209.2,10070572
2021-05-19 10:50:54,209.15,10070584
2021-05-19 10:50:55,209.2,10070985
2021-05-19 10:50:56,209.2,10071057
2021-05-19 10:50:57,209.2,10071057
2021-05-19 10:50:59,209.15,10071126
2021-05-19 10:51:00,209.2,10071426
2021-05-19 10:51:01,209.2,10071981
2021-05-19 10:51:02,209.2,10071981
2021-05-19 10:51:03,209.2,10072381
2021-05-19 10:51:04,209.1,10072887
2021-05-19 10:51:04,209.1,10072887
2021-05-19 10:51:06,209.1,10073107
2021-05-19 10:51:07,209.2,10073329
2021-05-19 10:51:08,209.1,10073341
2021-05-19 10:51:08,209.1,10073341
2021-05-19 10:51:09,209.1,10073381
2021-05-19 10:51:11,209.1,10073752
2021-05-19 10:51:12,209.1,10073903
2021-05-19 10:51:13,209.1,10073903
2021-05-19 10:51:14,209.15,10074380
2021-05-19 10:51:15,209.15,10081485
2021-05-19 10:51:16,209.15,10081485
2021-05-19 10:51:17,209.2,10082645
2021-05-19 10:51:18,209.2,10082845
2021-05-19 10:51:20,209.2,10082845
2021-05-19 10:51:21,209.15,10083428
2021-05-19 10:51:22,209.15,10083428
2021-05-19 10:51:23,209.1,10083619
2021-05-19 10:51:24,209.15,10084219
2021-05-19 10:51:26,209.2,10087726
2021-05-19 10:51:27,209.2,10087734
2021-05-19 10:51:28,209.15,10087754
2021-05-19 10:51:28,209.2,10087755
2021-05-19 10:51:29,209.2,10087855
2021-05-19 10:51:31,209.15,10087986
2021-05-19 10:51:32,209.15,10088286
2021-05-19 10:51:32,209.1,10088336
2021-05-19 10:51:33,209.15,10088337
2021-05-19 10:51:34,209.15,10088512
2021-05-19 10:51:36,209.15,10088522
2021-05-19 10:51:36,209.15,10088522
2021-05-19 10:51:37,209.15,10088525
2021-05-19 10:51:38,209.15,10088534
2021-05-19 10:51:39,209.15,10088776
2021-05-19 10:51:40,209.1,10089101
2021-05-19 10:51:42,209.1,10089181
2021-05-19 10:51:43,209.15,10089281
2021-05-19 10:51:44,209.2,10089929
2021-05-19 10:51:44,209.2,10089929
2021-05-19 10:51:45,209.1,10091130
2021-05-19 10:51:46,209.1,10091215
2021-05-19 10:51:48,209.2,10092031
2021-05-19 10:51:49,209.2,10092031
2021-05-19 10:51:50,209.2,10092252
2021-05-19 10:51:51,209.15,10092647
2021-05-19 10:51:53,209.1,10093038
2021-05-19 10:51:54,209.1,10093038
2021-05-19 10:51:54,209.1,10093100
2021-05-19 10:51:55,209.1,10093100
2021-05-19 10:51:56,209.1,10093200
2021-05-19 10:51:58,209.2,10093260
2021-05-19 10:52:00,209.2,10093294
2021-05-19 10:52:01,209.2,10093736
2021-05-19 10:52:02,209.15,10093961
2021-05-19 10:52:03,209.15,10094076
2021-05-19 10:52:04,209.2,10094088
2021-05-19 10:52:05,209.15,10094188
2021-05-19 10:52:06,209.2,10094292
2021-05-19 10:52:07,209.2,10094292
2021-05-19 10:52:08,209.2,10094363
2021-05-19 10:52:09,209.2,10094863
2021-05-19 10:52:10,209.1,10095073
2021-05-19 10:52:12,209.2,10095545
2021-05-19 10:52:13,209.1,10096044
2021-05-19 10:52:14,209.1,10096044
2021-05-19 10:52:15,209.1,10096044
2021-05-19 10:52:16,209.15,10096185
2021-05-19 10:52:17,209.15,10096186
2021-05-19 10:52:18,209.2,10096686
2021-05-19 10:52:19,209.2,10096763
2021-05-19 10:52:20,209.2,10096763
2021-05-19 10:52:21,209.2,10097579
2021-05-19 10:52:22,209.2,10097591
2021-05-19 10:52:23,209.2,10097591
2021-05-19 10:52:25,209.2,10097912
2021-05-19 10:52:26,209.2,10097962
2021-05-19 10:52:27,209.2,10098106
2021-05-19 10:52:28,209.2,10098106
2021-05-19 10:52:29,209.2,10098106
2021-05-19 10:52:30,209.2,10098133
2021-05-19 10:52:31,209.15,10098511
2021-05-19 10:52:32,209.15,10098549
2021-05-19 10:52:33,209.15,10098554
2021-05-19 10:52:35,209.25,10100498
2021-05-19 10:52:36,209.25,10100498
2021-05-19 10:52:37,209.25,10100831
2021-05-19 10:52:38,209.25,10100831
2021-05-19 10:52:39,209.2,10100956
2021-05-19 10:52:40,209.25,10102387
2021-05-19 10:52:41,209.2,10102662
2021-05-19 10:52:42,209.2,10102672
2021-05-19 10:52:43,209.2,10102846
2021-05-19 10:52:44,209.2,10102846
2021-05-19 10:52:45,209.25,10104868
2021-05-19 10:52:46,209.15,10105018
2021-05-19 10:52:47,209.15,10105118
2021-05-19 10:52:48,209.15,10105118
2021-05-19 10:52:49,209.25,10105491
2021-05-19 10:52:50,209.25,10105591
2021-05-19 10:52:51,209.2,10105918
2021-05-19 10:52:52,209.15,10105976
2021-05-19 10:52:53,209.15,10105976
2021-05-19 10:52:54,209.2,10106076
2021-05-19 10:52:55,209.2,10106216
2021-05-19 10:52:56,209.2,10106304
2021-05-19 10:52:57,209.2,10106307
2021-05-19 10:52:58,209.2,10106308
2021-05-19 10:52:59,209.2,10106520
2021-05-19 10:53:00,209.15,10106591
2021-05-19 10:53:01,209.15,10106903
2021-05-19 10:53:02,209.2,10110336
2021-05-19 10:53:03,209.25,10113849
2021-05-19 10:53:04,209.25,10113850
2021-05-19 10:53:05,209.2,10113900
2021-05-19 10:53:06,209.2,10113901
2021-05-19 10:53:08,209.25,10115093
2021-05-19 10:53:09,209.15,10116093
2021-05-19 10:53:11,209.2,10116354
2021-05-19 10:53:12,209.2,10116381
2021-05-19 10:53:13,209.2,10116381
2021-05-19 10:53:14,209.2,10116381
2021-05-19 10:53:15,209.15,10116443
2021-05-19 10:53:16,209.15,10116454
2021-05-19 10:53:17,209.2,10116497
2021-05-19 10:53:18,209.15,10117059
2021-05-19 10:53:19,209.15,10117165
2021-05-19 10:53:20,209.25,10119315
2021-05-19 10:53:21,209.25,10119315
2021-05-19 10:53:22,209.2,10119350
2021-05-19 10:53:23,209.25,10120242
2021-05-19 10:53:24,209.2,10120342
2021-05-19 10:53:25,209.25,10120407
2021-05-19 10:53:26,209.25,10120407
2021-05-19 10:53:27,209.25,10120507
2021-05-19 10:53:28,209.25,10120507
2021-05-19 10:53:29,209.2,10120510
2021-05-19 10:53:30,209.25,10120540
2021-05-19 10:53:31,209.15,10120827
2021-05-19 10:53:32,209.15,10121132
2021-05-19 10:53:33,209.15,10124882
2021-05-19 10:53:34,209.25,10125011
2021-05-19 10:53:35,209.25,10127191
2021-05-19 10:53:36,209.25,10127191
2021-05-19 10:53:37,209.25,10127407
2021-05-19 10:53:38,209.25,10127419
2021-05-19 10:53:39,209.2,10127485
2021-05-19 10:53:40,209.25,10127535
2021-05-19 10:53:41,209.2,10127770
2021-05-19 10:53:43,209.15,10128153
2021-05-19 10:53:44,209.15,10128403
2021-05-19 10:53:45,209.15,10128437
2021-05-19 10:53:46,209.15,10128448
2021-05-19 10:53:47,209.15,10128510
2021-05-19 10:53:48,209.2,10128560
2021-05-19 10:53:49,209.15,10128600
2021-05-19 10:53:50,209.15,10128802
2021-05-19 10:53:51,209.2,10129904
2021-05-19 10:53:52,209.15,10129913
2021-05-19 10:53:53,209.15,10129913
2021-05-19 10:53:54,209.15,10129913
2021-05-19 10:53:55,209.15,10129978
2021-05-19 10:53:56,209.2,10130071
2021-05-19 10:53:57,209.2,10130137
2021-05-19 10:53:58,209.2,10130240
2021-05-19 10:53:59,209.15,10134280
2021-05-19 10:54:00,209.2,10134980
2021-05-19 10:54:02,209.15,10136101
2021-05-19 10:54:03,209.15,10136163
2021-05-19 10:54:04,209.15,10136278
2021-05-19 10:54:06,209.15,10136291
2021-05-19 10:54:05,209.15,10136291
2021-05-19 10:54:07,209.15,10136511
2021-05-19 10:54:08,209.15,10137013
2021-05-19 10:54:09,209.15,10137114
2021-05-19 10:54:10,209.15,10137414
2021-05-19 10:54:11,209.15,10137808
2021-05-19 10:54:12,209.15,10137877
2021-05-19 10:54:13,209.15,10137877
2021-05-19 10:54:14,209.15,10138066
2021-05-19 10:54:15,209.15,10138099
2021-05-19 10:54:16,209.15,10138099
2021-05-19 10:54:17,209.2,10138195
2021-05-19 10:54:18,209.15,10138685
2021-05-19 10:54:19,209.1,10138854
2021-05-19 10:54:20,209.2,10138855
2021-05-19 10:54:21,209.1,10138916
2021-05-19 10:54:22,209.15,10139062
2021-05-19 10:54:25,209.1,10144084
2021-05-19 10:54:25,209.1,10144084
2021-05-19 10:54:27,209.1,10145201
2021-05-19 10:54:28,209.1,10145253
2021-05-19 10:54:28,209.1,10145255
2021-05-19 10:54:30,209.15,10146356
2021-05-19 10:54:30,209.15,10146475
2021-05-19 10:54:32,209.15,10148644
2021-05-19 10:54:33,209.2,10148646
2021-05-19 10:54:34,209.15,10148678
2021-05-19 10:54:35,209.15,10149746
2021-05-19 10:54:36,209.15,10149934
2021-05-19 10:54:37,209.2,10150061
2021-05-19 10:54:38,209.15,10150133
2021-05-19 10:54:39,209.2,10150259
2021-05-19 10:54:40,209.15,10150268
2021-05-19 10:54:42,209.15,10150370
2021-05-19 10:54:43,209.1,10150520
2021-05-19 10:54:44,209.15,10150583
2021-05-19 10:54:46,209.1,10150791
2021-05-19 10:54:46,209.1,10150791
2021-05-19 10:54:47,209.1,10150852
2021-05-19 10:54:48,209.15,10151001
2021-05-19 10:54:49,209.1,10151084
2021-05-19 10:54:51,209.15,10151578
2021-05-19 10:54:51,209.1,10151657
2021-05-19 10:54:52,209.1,10151742
2021-05-19 10:54:53,209.1,10151789
2021-05-19 10:54:54,209.15,10151929
2021-05-19 10:54:56,209.15,10152214
2021-05-19 10:54:57,209.15,10152214
2021-05-19 10:54:57,209.1,10152259
2021-05-19 10:54:58,209.15,10152788
2021-05-19 10:54:59,209.1,10152952
2021-05-19 10:55:00,209.1,10152971
2021-05-19 10:55:01,209.1,10153087
2021-05-19 10:55:02,209.15,10153204
2021-05-19 10:55:03,209.15,10153244
2021-05-19 10:55:04,209.1,10154250
2021-05-19 10:55:06,209.1,10154527
2021-05-19 10:55:07,209.2,10154736
2021-05-19 10:55:08,209.1,10154832
2021-05-19 10:55:09,209.1,10155058
2021-05-19 10:55:10,209.15,10155098
2021-05-19 10:55:11,209.1,10155468
2021-05-19 10:55:12,209.1,10155534
2021-05-19 10:55:13,209.1,10156393
2021-05-19 10:55:15,209.1,10156611
2021-05-19 10:55:16,209.1,10156627
2021-05-19 10:55:18,209.15,10156640
2021-05-19 10:55:20,209.1,10158352
2021-05-19 10:55:22,209.15,10159018
2021-05-19 10:55:25,209.15,10161865
2021-05-19 10:55:27,209.1,10162766
2021-05-19 10:55:28,209.15,10164459
2021-05-19 10:55:30,209.1,10164892
2021-05-19 10:55:32,209.15,10165414
2021-05-19 10:55:34,209.15,10166524
2021-05-19 10:55:36,209.25,10171603
2021-05-19 10:55:39,209.15,10174870
2021-05-19 10:55:40,209.15,10175743
2021-05-19 10:55:43,209.15,10175952
2021-05-19 10:55:45,209.15,10176625
2021-05-19 10:55:47,209.15,10178474
2021-05-19 10:55:49,209.2,10178882
2021-05-19 10:55:52,209.25,10179981
2021-05-19 10:55:54,209.3,10189528
2021-05-19 10:55:56,209.25,10194146
2021-05-19 10:55:58,209.25,10195342
2021-05-19 10:56:01,209.25,10196352
2021-05-19 10:56:03,209.2,10197086
2021-05-19 10:56:05,209.3,10197688
2021-05-19 10:56:07,209.3,10197910
2021-05-19 10:56:09,209.3,10199922
2021-05-19 10:56:11,209.15,10200644
2021-05-19 10:56:13,209.25,10200736
2021-05-19 10:56:16,209.25,10200941
2021-05-19 10:56:21,209.15,10201473
2021-05-19 10:56:23,209.25,10203164
2021-05-19 10:56:25,209.25,10203505
2021-05-19 10:56:27,209.2,10203587
2021-05-19 10:56:29,209.3,10204720
2021-05-19 10:56:31,209.25,10205098
2021-05-19 10:56:34,209.25,10205142
2021-05-19 10:56:36,209.25,10209410
2021-05-19 10:56:38,209.3,10210214
2021-05-19 10:56:40,209.3,10210255
2021-05-19 10:56:41,209.25,10210652
2021-05-19 10:56:48,209.25,10218108
2021-05-19 10:56:49,209.3,10218235
2021-05-19 10:56:51,209.25,10219227
2021-05-19 10:56:53,209.3,10221093
2021-05-19 10:56:55,209.3,10221649
2021-05-19 10:56:56,209.3,10222120
2021-05-19 10:56:58,209.3,10222643
2021-05-19 10:57:00,209.3,10223231
2021-05-19 10:57:02,209.3,10223818
2021-05-19 10:57:04,209.3,10223907
2021-05-19 10:57:05,209.25,10223918
2021-05-19 10:57:07,209.2,10227053
2021-05-19 10:57:09,209.25,10227807
2021-05-19 10:57:11,209.2,10228184
2021-05-19 10:57:13,209.15,10228867
2021-05-19 10:57:15,209.2,10229249
2021-05-19 10:57:17,209.2,10229707
2021-05-19 10:57:19,209.25,10229959
2021-05-19 10:57:20,209.25,10230383
2021-05-19 10:57:22,209.25,10230652
2021-05-19 10:57:25,209.25,10230763
2021-05-19 10:57:27,209.25,10231377
2021-05-19 10:57:28,209.25,10233146
2021-05-19 10:57:30,209.25,10233449
2021-05-19 10:57:32,209.2,10234623
2021-05-19 10:57:34,209.2,10235030
2021-05-19 10:57:36,209.25,10236985
2021-05-19 10:57:40,209.25,10241826
2021-05-19 10:57:42,209.15,10241919
2021-05-19 10:57:44,209.2,10242006
2021-05-19 10:57:46,209.15,10242205
2021-05-19 10:57:48,209.2,10242373
2021-05-19 10:57:49,209.2,10242422
2021-05-19 10:57:51,209.15,10242921
2021-05-19 10:57:53,209.2,10243267
2021-05-19 10:57:55,209.15,10243722
2021-05-19 10:57:57,209.2,10243884
2021-05-19 10:57:59,209.2,10243904
2021-05-19 10:58:00,209.15,10244454
2021-05-19 10:58:02,209.2,10244657
2021-05-19 10:58:04,209.15,10244740
2021-05-19 10:58:06,209.2,10244765
2021-05-19 10:58:08,209.3,10245626
2021-05-19 10:58:11,209.2,10245844
2021-05-19 10:58:12,209.2,10245856
2021-05-19 10:58:14,209.2,10245893
2021-05-19 10:58:16,209.2,10246090
2021-05-19 10:58:18,209.2,10246136
2021-05-19 10:58:19,209.25,10246210
2021-05-19 10:58:21,209.2,10246941
2021-05-19 10:58:23,209.2,10247367
2021-05-19 10:58:25,209.3,10247972
2021-05-19 10:58:27,209.2,10248777
2021-05-19 10:58:29,209.25,10248912
2021-05-19 10:58:31,209.25,10250160
2021-05-19 10:58:33,209.3,10250940
2021-05-19 10:58:35,209.2,10251215
2021-05-19 10:58:37,209.25,10251466
2021-05-19 10:58:39,209.2,10251570
2021-05-19 10:58:43,209.25,10252513
2021-05-19 10:58:44,209.2,10253209
2021-05-19 10:58:46,209.15,10253667
2021-05-19 10:58:48,209.25,10254843
2021-05-19 10:58:49,209.15,10255040
2021-05-19 10:58:51,209.25,10255409
2021-05-19 10:58:54,209.15,10256289
2021-05-19 10:58:55,209.15,10256585
2021-05-19 10:58:57,209.2,10256658
2021-05-19 10:58:59,209.15,10257751
2021-05-19 10:59:00,209.2,10258171
2021-05-19 10:59:02,209.2,10258753
2021-05-19 10:59:04,209.2,10261416
2021-05-19 10:59:05,209.25,10262048
2021-05-19 10:59:07,209.15,10262141
2021-05-19 10:59:09,209.25,10262208
2021-05-19 10:59:10,209.15,10262608
2021-05-19 10:59:12,209.2,10262939
2021-05-19 10:59:13,209.2,10263110
2021-05-19 10:59:15,209.15,10263401
2021-05-19 10:59:16,209.2,10263734
2021-05-19 10:59:18,209.25,10266965
2021-05-19 10:59:20,209.15,10268828
2021-05-19 10:59:22,209.2,10269106
2021-05-19 10:59:24,209.25,10269727
2021-05-19 10:59:25,209.3,10269837
2021-05-19 10:59:27,209.3,10269838
2021-05-19 10:59:28,209.3,10269840
2021-05-19 10:59:30,209.3,10269849
2021-05-19 10:59:32,209.2,10270327
2021-05-19 10:59:33,209.2,10271696
2021-05-19 10:59:35,209.25,10272071
2021-05-19 10:59:36,209.25,10272106
2021-05-19 10:59:38,209.25,10272329
2021-05-19 10:59:40,209.2,10272812
2021-05-19 10:59:42,209.25,10273367
2021-05-19 10:59:46,209.2,10274027
2021-05-19 10:59:48,209.2,10274248
2021-05-19 10:59:50,209.2,10274568
2021-05-19 10:59:52,209.2,10274992
2021-05-19 10:59:54,209.2,10279409
2021-05-19 10:59:56,209.15,10281849
2021-05-19 10:59:57,209.25,10282155
2021-05-19 10:59:59,209.25,10282158
2021-05-19 11:00:01,209.2,10282472
2021-05-19 11:00:03,209.2,10282671
2021-05-19 11:00:05,209.25,10285830
2021-05-19 11:00:07,209.1,10289092
2021-05-19 11:00:09,209.1,10289824
2021-05-19 11:00:11,209.15,10291465
2021-05-19 11:00:14,209.15,10292439
2021-05-19 11:00:15,209.15,10292816
2021-05-19 11:00:17,209.1,10293071
2021-05-19 11:00:19,209.1,10293174
2021-05-19 11:00:20,209.1,10293530
2021-05-19 11:00:22,209.1,10294171
2021-05-19 11:00:24,209.1,10294712
2021-05-19 11:00:27,209.1,10294856
2021-05-19 11:00:29,209.1,10294869
2021-05-19 11:00:30,209.1,10295247
2021-05-19 11:00:32,209.1,10295398
2021-05-19 11:00:34,209.1,10296174
2021-05-19 11:00:40,209.1,10297261
2021-05-19 11:00:42,209.05,10297690
2021-05-19 11:00:44,209.05,10298960
2021-05-19 11:00:47,209.1,10299735
2021-05-19 11:00:49,209.1,10299895
2021-05-19 11:00:51,209.05,10312763
2021-05-19 11:00:53,209.05,10315086
2021-05-19 11:00:55,209.0,10344787
2021-05-19 11:00:57,209.0,10345252
2021-05-19 11:00:59,208.95,10345397
2021-05-19 11:01:01,208.95,10345829
2021-05-19 11:01:03,209.0,10346867
2021-05-19 11:01:05,209.0,10358057
2021-05-19 11:01:07,209.0,10358147
2021-05-19 11:01:09,209.0,10358360
2021-05-19 11:01:13,208.95,10369431
2021-05-19 11:01:15,208.95,10369493
2021-05-19 11:01:18,209.0,10389314
2021-05-19 11:01:20,209.0,10392661
2021-05-19 11:01:22,209.0,10392684
2021-05-19 11:01:24,209.1,10394545
2021-05-19 11:01:25,209.0,10394811
2021-05-19 11:01:27,209.0,10395092
2021-05-19 11:01:29,209.0,10395294
2021-05-19 11:01:30,209.0,10395794
2021-05-19 11:01:32,209.05,10396150
2021-05-19 11:01:34,209.0,10396183
2021-05-19 11:01:36,209.0,10396874
2021-05-19 11:01:38,209.0,10399057
2021-05-19 11:01:39,208.95,10399128
2021-05-19 11:01:40,209.1,10400087
2021-05-19 11:01:42,209.0,10400088
2021-05-19 11:01:44,208.95,10400221
2021-05-19 11:01:46,209.0,10400342
2021-05-19 11:01:48,208.95,10400404
2021-05-19 11:01:50,209.0,10400567
2021-05-19 11:01:52,208.95,10401010
2021-05-19 11:01:56,209.0,10401255
2021-05-19 11:01:57,208.95,10401305
2021-05-19 11:01:59,208.95,10401305
2021-05-19 11:02:01,209.0,10401806
2021-05-19 11:02:03,209.0,10402062
2021-05-19 11:02:05,209.0,10402091
2021-05-19 11:02:07,209.0,10402179
2021-05-19 11:02:08,208.95,10405432
2021-05-19 11:02:10,209.0,10405585
2021-05-19 11:02:12,209.0,10406322
2021-05-19 11:02:14,209.0,10406913
2021-05-19 11:02:15,208.95,10419669
2021-05-19 11:02:17,209.05,10427964
2021-05-19 11:02:19,209.1,10434074
2021-05-19 11:02:21,209.1,10434077
2021-05-19 11:02:22,209.0,10434162
2021-05-19 11:02:24,209.1,10436838
2021-05-19 11:02:26,209.05,10440402
2021-05-19 11:02:28,209.1,10441580
2021-05-19 11:02:29,209.0,10443691
2021-05-19 11:02:31,209.0,10444338
2021-05-19 11:02:33,209.0,10445674
2021-05-19 11:02:34,209.1,10446625
2021-05-19 11:02:36,209.0,10447110
2021-05-19 11:02:37,209.1,10447185
2021-05-19 11:02:39,209.05,10447370
2021-05-19 11:02:41,209.0,10448924
2021-05-19 11:02:43,209.0,10449276
2021-05-19 11:02:44,209.1,10449804
2021-05-19 11:02:46,209.1,10451082
2021-05-19 11:02:48,209.0,10451291
2021-05-19 11:02:50,209.1,10451461
2021-05-19 11:02:51,209.0,10451604
2021-05-19 11:02:53,209.05,10451659
2021-05-19 11:02:55,209.0,10452185
2021-05-19 11:02:56,209.0,10452660
2021-05-19 11:02:58,209.0,10452729
2021-05-19 11:03:00,209.0,10452815
2021-05-19 11:03:01,209.0,10453436
2021-05-19 11:03:03,209.0,10453593
2021-05-19 11:03:05,209.05,10453733
2021-05-19 11:03:07,209.05,10454226
2021-05-19 11:03:08,209.1,10455111
2021-05-19 11:03:10,209.05,10457304
2021-05-19 11:03:12,209.05,10459461
2021-05-19 11:03:20,209.05,10460341
2021-05-19 11:03:22,209.1,10460818
2021-05-19 11:03:25,209.05,10461188
2021-05-19 11:03:26,209.1,10461356
2021-05-19 11:03:28,209.05,10461429
2021-05-19 11:03:29,209.05,10461638
2021-05-19 11:03:31,209.05,10462111
2021-05-19 11:03:33,209.1,10462310
2021-05-19 11:03:35,209.1,10462501
2021-05-19 11:03:36,209.05,10462739
2021-05-19 11:03:38,209.05,10464206
2021-05-19 11:03:40,209.1,10464690
2021-05-19 11:03:41,209.05,10465116
2021-05-19 11:03:45,209.0,10468071
2021-05-19 11:03:46,209.0,10468128
2021-05-19 11:03:48,209.05,10468218
2021-05-19 11:03:50,209.0,10468483
2021-05-19 11:03:51,209.0,10469083
2021-05-19 11:03:53,209.0,10469182
2021-05-19 11:03:55,209.05,10469304
2021-05-19 11:03:57,209.05,10474000
2021-05-19 11:03:59,209.0,10474971
2021-05-19 11:04:01,209.0,10475390
2021-05-19 11:04:03,209.0,10475931
2021-05-19 11:04:05,209.0,10476058
2021-05-19 11:04:06,209.05,10476145
2021-05-19 11:04:08,209.05,10476185
2021-05-19 11:04:10,209.0,10476657
2021-05-19 11:04:12,209.0,10477207
2021-05-19 11:04:14,209.0,10480003
2021-05-19 11:04:16,209.1,10480995
2021-05-19 11:04:19,209.0,10481267
2021-05-19 11:04:20,209.0,10481794
2021-05-19 11:04:23,209.1,10482226
2021-05-19 11:04:25,209.1,10482441
2021-05-19 11:04:27,209.0,10482696
2021-05-19 11:04:28,209.1,10482739
2021-05-19 11:04:30,209.0,10483920
2021-05-19 11:04:31,209.05,10484449
2021-05-19 11:04:33,209.05,10484570
2021-05-19 11:04:35,209.0,10484747
2021-05-19 11:04:36,209.1,10485833
2021-05-19 11:04:38,209.0,10486019
2021-05-19 11:04:40,209.05,10486031
2021-05-19 11:04:43,209.0,10486472
2021-05-19 11:04:45,209.05,10488404
2021-05-19 11:04:47,209.05,10488763
2021-05-19 11:04:48,209.0,10488884
2021-05-19 11:04:50,209.05,10489036
2021-05-19 11:04:51,209.0,10489415
2021-05-19 11:04:53,209.05,10489488
2021-05-19 11:04:54,209.0,10489490
2021-05-19 11:04:56,209.05,10489540
2021-05-19 11:04:58,209.0,10491284
2021-05-19 11:05:02,209.05,10491862
