timestamp,ltp,volume
2021-05-19 09:57:09,1544.2,425790
2021-05-19 09:57:10,1544.5,426083
2021-05-19 09:57:11,1544.8,426133
2021-05-19 09:57:13,1544.6,426257
2021-05-19 09:57:14,1545.0,427123
2021-05-19 09:57:15,1545.3,427273
2021-05-19 09:57:16,1545.0,427300
2021-05-19 09:57:17,1544.65,427328
2021-05-19 09:57:18,1544.65,427328
2021-05-19 09:57:19,1544.6,427437
2021-05-19 09:57:20,1544.6,427455
2021-05-19 09:57:21,1545.0,427472
2021-05-19 09:57:22,1544.65,427486
2021-05-19 09:57:23,1545.6,427543
2021-05-19 09:57:24,1545.05,427552
2021-05-19 09:57:25,1545.55,427588
2021-05-19 09:57:26,1545.65,427830
2021-05-19 09:57:27,1545.0,428066
2021-05-19 09:57:28,1545.0,428111
2021-05-19 09:57:30,1545.05,429201
2021-05-19 09:57:32,1544.65,429393
2021-05-19 09:57:32,1544.65,429398
2021-05-19 09:57:33,1544.65,429403
2021-05-19 09:57:34,1545.1,429483
2021-05-19 09:57:37,1543.4,430543
2021-05-19 09:57:40,1543.8,430626
2021-05-19 09:57:40,1543.3,430699
2021-05-19 09:57:42,1543.7,430711
2021-05-19 09:57:43,1543.4,430712
2021-05-19 09:57:44,1543.6,430751
2021-05-19 09:57:45,1543.9,430966
2021-05-19 09:57:46,1543.4,430974
2021-05-19 09:57:47,1543.3,430976
2021-05-19 09:57:48,1543.3,430976
2021-05-19 09:57:48,1543.3,430976
2021-05-19 09:57:49,1544.0,431475
2021-05-19 09:57:50,1544.55,432617
2021-05-19 09:57:51,1543.2,432759
2021-05-19 09:57:53,1543.0,433217
2021-05-19 09:57:54,1543.0,433285
2021-05-19 09:57:55,1542.75,433394
2021-05-19 09:57:56,1542.5,433539
2021-05-19 09:57:57,1542.5,433561
2021-05-19 09:57:58,1543.2,433614
2021-05-19 09:58:00,1543.0,433623
2021-05-19 09:58:00,1543.0,433623
2021-05-19 09:58:01,1543.0,433623
2021-05-19 09:58:02,1543.4,433638
2021-05-19 09:58:05,1543.0,433786
2021-05-19 09:58:07,1542.65,433788
2021-05-19 09:58:08,1543.0,433799
2021-05-19 09:58:09,1542.55,433800
2021-05-19 09:58:10,1543.65,433870
2021-05-19 09:58:11,1542.95,433882
2021-05-19 09:58:11,1543.0,433983
2021-05-19 09:58:12,1543.4,433989
2021-05-19 09:58:13,1543.4,433989
2021-05-19 09:58:14,1543.4,433989
2021-05-19 09:58:15,1543.4,433989
2021-05-19 09:58:16,1542.95,433994
2021-05-19 09:58:18,1543.0,434015
2021-05-19 09:58:19,1543.5,434045
2021-05-19 09:58:20,1543.0,434049
2021-05-19 09:58:21,1543.5,434051
2021-05-19 09:58:22,1543.45,434064
2021-05-19 09:58:22,1543.45,434067
2021-05-19 09:58:23,1543.45,434067
2021-05-19 09:58:24,1543.4,434094
2021-05-19 09:58:25,1543.4,434117
2021-05-19 09:58:27,1543.2,434156
2021-05-19 09:58:28,1543.4,434175
2021-05-19 09:58:29,1543.0,434196
2021-05-19 09:58:29,1543.5,434224
2021-05-19 09:58:30,1543.0,434228
2021-05-19 09:58:32,1543.0,434229
2021-05-19 09:58:33,1543.15,434254
2021-05-19 09:58:34,1543.2,434358
2021-05-19 09:58:35,1543.15,434376
2021-05-19 09:58:35,1543.5,434428
2021-05-19 09:58:36,1543.1,434486
2021-05-19 09:58:37,1543.65,435008
2021-05-19 09:58:38,1543.2,435171
2021-05-19 09:58:40,1543.2,435201
2021-05-19 09:58:40,1543.45,435205
2021-05-19 09:58:42,1543.65,435302
2021-05-19 09:58:43,1543.6,435316
2021-05-19 09:58:44,1544.0,435338
2021-05-19 09:58:44,1544.0,435342
2021-05-19 09:58:45,1544.5,435353
2021-05-19 09:58:46,1543.85,435355
2021-05-19 09:58:47,1544.9,435455
2021-05-19 09:58:48,1544.85,435471
2021-05-19 09:58:50,1544.8,435494
2021-05-19 09:58:51,1544.2,435503
2021-05-19 09:58:52,1544.4,435525
2021-05-19 09:58:52,1543.65,435529
2021-05-19 09:58:54,1544.35,435580
2021-05-19 09:58:55,1544.0,435588
2021-05-19 09:58:57,1544.8,435599
2021-05-19 09:58:58,1544.25,435677
2021-05-19 09:58:59,1543.7,435698
2021-05-19 09:59:00,1544.0,435704
2021-05-19 09:59:00,1544.05,435709
2021-05-19 09:59:01,1544.05,435709
2021-05-19 09:59:03,1544.05,435709
2021-05-19 09:59:03,1544.45,435711
2021-05-19 09:59:04,1544.45,435711
2021-05-19 09:59:05,1544.65,435742
2021-05-19 09:59:06,1544.2,435778
2021-05-19 09:59:08,1543.8,435783
2021-05-19 09:59:09,1543.9,435784
2021-05-19 09:59:09,1543.9,435784
2021-05-19 09:59:10,1543.05,436785
2021-05-19 09:59:11,1543.05,436935
2021-05-19 09:59:12,1542.65,436958
2021-05-19 09:59:14,1542.65,436962
2021-05-19 09:59:15,1542.65,436963
2021-05-19 09:59:16,1542.65,436963
2021-05-19 09:59:16,1542.65,436963
2021-05-19 09:59:17,1542.65,436963
2021-05-19 09:59:18,1542.1,437975
2021-05-19 09:59:20,1542.3,438062
2021-05-19 09:59:20,1542.3,438076
2021-05-19 09:59:22,1542.1,438123
2021-05-19 09:59:24,1542.0,439460
2021-05-19 09:59:24,1542.0,439508
2021-05-19 09:59:25,1542.0,439516
2021-05-19 09:59:26,1542.3,439599
2021-05-19 09:59:27,1542.0,439611
2021-05-19 09:59:28,1542.3,439743
2021-05-19 09:59:30,1542.0,439789
2021-05-19 09:59:31,1542.25,439891
2021-05-19 09:59:32,1542.25,439906
2021-05-19 09:59:32,1542.25,439908
2021-05-19 09:59:34,1542.3,439948
2021-05-19 09:59:35,1542.2,439955
2021-05-19 09:59:36,1542.2,439956
2021-05-19 09:59:37,1542.25,440007
2021-05-19 09:59:38,1542.25,440014
2021-05-19 09:59:39,1542.95,440025
2021-05-19 09:59:40,1542.3,440027
2021-05-19 09:59:41,1542.3,440027
2021-05-19 09:59:42,1542.3,440027
2021-05-19 09:59:43,1542.3,440027
2021-05-19 09:59:44,1542.3,440027
2021-05-19 09:59:45,1542.3,440027
2021-05-19 09:59:46,1543.1,440288
2021-05-19 09:59:47,1542.35,440362
2021-05-19 09:59:48,1542.3,440384
2021-05-19 09:59:49,1542.3,440387
2021-05-19 09:59:50,1542.3,440387
2021-05-19 09:59:51,1542.65,440403
2021-05-19 09:59:52,1542.65,440406
2021-05-19 09:59:53,1542.65,440406
2021-05-19 09:59:54,1543.0,440408
2021-05-19 09:59:55,1543.0,440408
2021-05-19 09:59:56,1542.3,440426
2021-05-19 09:59:57,1543.0,440433
2021-05-19 09:59:58,1542.7,440440
2021-05-19 09:59:59,1542.7,440441
2021-05-19 10:00:00,1542.7,440441
2021-05-19 10:00:01,1542.95,440476
2021-05-19 10:00:02,1542.3,440481
2021-05-19 10:00:03,1542.3,440561
2021-05-19 10:00:04,1542.3,440573
2021-05-19 10:00:05,1542.6,440576
2021-05-19 10:00:06,1542.9,440598
2021-05-19 10:00:07,1542.3,440627
2021-05-19 10:00:08,1542.3,440631
2021-05-19 10:00:08,1543.1,440732
2021-05-19 10:00:09,1542.5,440797
2021-05-19 10:00:11,1542.55,440847
2021-05-19 10:00:12,1542.55,440854
2021-05-19 10:00:13,1542.8,440855
2021-05-19 10:00:14,1543.05,440865
2021-05-19 10:00:15,1542.55,440912
2021-05-19 10:00:16,1542.55,440922
2021-05-19 10:00:17,1543.1,440973
2021-05-19 10:00:18,1542.85,441006
2021-05-19 10:00:19,1542.85,441011
2021-05-19 10:00:20,1543.15,441017
2021-05-19 10:00:21,1543.25,441218
2021-05-19 10:00:22,1542.55,441248
2021-05-19 10:00:23,1542.8,441657
2021-05-19 10:00:24,1542.55,441720
2021-05-19 10:00:25,1542.25,441856
2021-05-19 10:00:26,1542.55,441910
2021-05-19 10:00:27,1542.1,441918
2021-05-19 10:00:27,1542.1,441921
2021-05-19 10:00:29,1542.1,442045
2021-05-19 10:00:30,1542.0,442064
2021-05-19 10:00:31,1542.0,442067
2021-05-19 10:00:32,1542.3,442076
2021-05-19 10:00:33,1542.0,442217
2021-05-19 10:00:34,1542.0,442238
2021-05-19 10:00:34,1542.0,442241
2021-05-19 10:00:35,1542.0,442275
2021-05-19 10:00:37,1542.1,442288
2021-05-19 10:00:37,1542.65,442339
2021-05-19 10:00:38,1542.1,442452
2021-05-19 10:00:40,1542.55,442479
2021-05-19 10:00:41,1542.55,442485
2021-05-19 10:00:43,1542.0,442516
2021-05-19 10:00:42,1542.1,442486
2021-05-19 10:00:45,1542.0,442521
2021-05-19 10:00:46,1542.5,442641
2021-05-19 10:00:47,1542.3,443141
2021-05-19 10:00:48,1542.0,443216
2021-05-19 10:00:49,1542.0,443228
2021-05-19 10:00:50,1542.5,443269
2021-05-19 10:00:51,1542.75,443503
2021-05-19 10:00:51,1542.1,443538
2021-05-19 10:00:52,1542.15,443546
2021-05-19 10:00:54,1542.65,443603
2021-05-19 10:00:54,1542.1,443617
2021-05-19 10:00:55,1542.1,443619
2021-05-19 10:00:56,1542.1,443620
2021-05-19 10:00:57,1542.1,443625
2021-05-19 10:00:59,1542.1,443631
2021-05-19 10:01:00,1542.1,443632
2021-05-19 10:01:01,1542.1,443632
2021-05-19 10:01:02,1542.1,443632
2021-05-19 10:01:03,1542.7,443642
2021-05-19 10:01:04,1542.7,443659
2021-05-19 10:01:05,1542.7,443940
2021-05-19 10:01:06,1542.1,443982
2021-05-19 10:01:07,1542.15,443989
2021-05-19 10:01:08,1542.45,444011
2021-05-19 10:01:09,1542.45,444015
2021-05-19 10:01:10,1542.45,444016
2021-05-19 10:01:11,1542.45,444016
2021-05-19 10:01:12,1542.75,444019
2021-05-19 10:01:13,1542.75,444019
2021-05-19 10:01:14,1542.75,444019
2021-05-19 10:01:14,1542.45,444021
2021-05-19 10:01:15,1542.7,444023
2021-05-19 10:01:16,1542.7,444034
2021-05-19 10:01:18,1542.0,444111
2021-05-19 10:01:19,1542.0,444122
2021-05-19 10:01:21,1542.0,444124
2021-05-19 10:01:23,1542.25,444304
2021-05-19 10:01:24,1542.0,444493
2021-05-19 10:01:25,1542.0,444584
2021-05-19 10:01:26,1541.75,445202
2021-05-19 10:01:27,1542.1,445294
2021-05-19 10:01:28,1542.5,445318
2021-05-19 10:01:29,1542.3,445322
2021-05-19 10:01:30,1542.1,445350
2021-05-19 10:01:31,1540.45,447471
2021-05-19 10:01:32,1541.5,447833
2021-05-19 10:01:34,1540.95,447841
2021-05-19 10:01:35,1540.7,447922
2021-05-19 10:01:36,1540.05,448410
2021-05-19 10:01:38,1538.1,452761
2021-05-19 10:01:39,1538.1,454121
2021-05-19 10:01:40,1538.55,454797
2021-05-19 10:01:41,1539.65,455397
2021-05-19 10:01:42,1539.15,455574
2021-05-19 10:01:43,1538.75,455827
2021-05-19 10:01:44,1538.65,455895
2021-05-19 10:01:45,1538.0,456128
2021-05-19 10:01:46,1539.35,456378
2021-05-19 10:01:47,1539.0,456424
2021-05-19 10:01:48,1539.05,456597
2021-05-19 10:01:49,1539.05,456629
2021-05-19 10:01:50,1539.05,456634
2021-05-19 10:01:51,1539.05,456634
2021-05-19 10:01:52,1538.6,457004
2021-05-19 10:01:53,1539.0,457135
2021-05-19 10:01:54,1538.2,457302
2021-05-19 10:01:55,1539.35,457427
2021-05-19 10:01:56,1538.4,457875
2021-05-19 10:01:57,1539.35,457972
2021-05-19 10:01:58,1539.25,457996
2021-05-19 10:01:59,1538.25,458129
2021-05-19 10:02:00,1538.2,458212
2021-05-19 10:02:01,1539.55,459224
2021-05-19 10:02:02,1538.8,459496
2021-05-19 10:02:03,1538.25,459587
2021-05-19 10:02:04,1538.0,459679
2021-05-19 10:02:05,1538.0,459714
2021-05-19 10:02:06,1538.3,459789
2021-05-19 10:02:07,1538.0,460080
2021-05-19 10:02:08,1538.0,460123
2021-05-19 10:02:09,1538.3,460316
2021-05-19 10:02:10,1538.25,460525
2021-05-19 10:02:11,1538.2,460717
2021-05-19 10:02:12,1539.0,461165
2021-05-19 10:02:13,1538.2,461235
2021-05-19 10:02:14,1538.2,461340
2021-05-19 10:02:15,1538.3,461356
2021-05-19 10:02:16,1538.3,461358
2021-05-19 10:02:17,1538.35,461381
2021-05-19 10:02:18,1538.95,461552
2021-05-19 10:02:19,1538.85,461639
2021-05-19 10:02:20,1538.05,461842
2021-05-19 10:02:21,1538.95,461933
2021-05-19 10:02:22,1538.0,461986
2021-05-19 10:02:23,1538.05,462084
2021-05-19 10:02:24,1538.05,462099
2021-05-19 10:02:25,1538.0,462326
2021-05-19 10:02:26,1538.0,462360
2021-05-19 10:02:27,1538.8,462379
2021-05-19 10:02:28,1538.0,462382
2021-05-19 10:02:29,1538.8,462492
2021-05-19 10:02:30,1538.0,462863
2021-05-19 10:02:31,1538.4,462969
2021-05-19 10:02:32,1538.05,462985
2021-05-19 10:02:33,1538.45,463772
2021-05-19 10:02:34,1539.15,463941
2021-05-19 10:02:35,1539.0,464027
2021-05-19 10:02:36,1538.3,464453
2021-05-19 10:02:37,1538.3,464617
2021-05-19 10:02:38,1538.3,464679
2021-05-19 10:02:39,1538.35,464721
2021-05-19 10:02:40,1538.3,464833
2021-05-19 10:02:41,1538.85,464888
2021-05-19 10:02:42,1539.05,464932
2021-05-19 10:02:44,1539.75,466811
2021-05-19 10:02:45,1539.0,467547
2021-05-19 10:02:46,1539.45,467958
2021-05-19 10:02:47,1539.35,468070
2021-05-19 10:02:48,1538.45,468114
2021-05-19 10:02:49,1539.4,468176
2021-05-19 10:02:50,1539.65,468227
2021-05-19 10:02:51,1539.65,468255
2021-05-19 10:02:52,1539.05,468260
2021-05-19 10:02:53,1539.05,468260
2021-05-19 10:02:54,1539.8,468303
2021-05-19 10:02:55,1538.8,468626
2021-05-19 10:02:56,1538.2,468674
2021-05-19 10:02:57,1538.2,468785
2021-05-19 10:02:58,1538.2,468801
2021-05-19 10:02:59,1538.25,468804
2021-05-19 10:03:00,1538.55,468805
2021-05-19 10:03:01,1538.6,469209
2021-05-19 10:03:02,1539.4,469342
2021-05-19 10:03:03,1538.55,469344
2021-05-19 10:03:04,1538.55,469362
2021-05-19 10:03:05,1539.1,469372
2021-05-19 10:03:06,1539.4,469384
2021-05-19 10:03:07,1539.7,469389
2021-05-19 10:03:08,1539.7,469490
2021-05-19 10:03:09,1539.7,471062
2021-05-19 10:03:10,1539.65,471092
2021-05-19 10:03:11,1539.3,471096
2021-05-19 10:03:12,1539.3,471097
2021-05-19 10:03:13,1539.3,471167
2021-05-19 10:03:14,1539.4,471187
2021-05-19 10:03:15,1539.1,471214
2021-05-19 10:03:16,1538.3,471790
2021-05-19 10:03:17,1538.65,471951
2021-05-19 10:03:18,1538.65,472090
2021-05-19 10:03:19,1538.25,472111
2021-05-19 10:03:21,1538.3,472282
2021-05-19 10:03:22,1538.0,472340
2021-05-19 10:03:23,1538.0,472932
2021-05-19 10:03:24,1538.0,473024
2021-05-19 10:03:25,1538.0,473186
2021-05-19 10:03:26,1538.0,473211
2021-05-19 10:03:27,1538.4,473561
2021-05-19 10:03:28,1538.0,473608
2021-05-19 10:03:29,1538.0,473715
2021-05-19 10:03:30,1538.05,473759
2021-05-19 10:03:31,1538.0,474445
2021-05-19 10:03:32,1536.8,476766
2021-05-19 10:03:33,1536.25,476998
2021-05-19 10:03:34,1536.25,477101
2021-05-19 10:03:35,1537.45,478118
2021-05-19 10:03:36,1535.0,480141
2021-05-19 10:03:37,1535.15,480729
2021-05-19 10:03:38,1535.0,481027
2021-05-19 10:03:39,1535.0,481637
2021-05-19 10:03:40,1535.0,481843
2021-05-19 10:03:41,1535.0,482096
2021-05-19 10:03:42,1535.0,482317
2021-05-19 10:03:43,1535.0,482566
2021-05-19 10:03:44,1535.25,482696
2021-05-19 10:03:45,1535.5,482967
2021-05-19 10:03:46,1535.0,483177
2021-05-19 10:03:47,1535.0,483409
2021-05-19 10:03:49,1535.25,483685
2021-05-19 10:03:49,1535.95,483637
2021-05-19 10:03:50,1535.0,484042
2021-05-19 10:03:51,1534.45,484375
2021-05-19 10:03:53,1535.0,484476
2021-05-19 10:03:52,1534.5,484442
2021-05-19 10:03:54,1535.15,484663
2021-05-19 10:03:55,1535.15,484697
2021-05-19 10:03:56,1535.45,484966
2021-05-19 10:03:57,1536.05,485337
2021-05-19 10:03:58,1536.7,485429
2021-05-19 10:03:59,1536.8,485503
2021-05-19 10:04:00,1537.35,486650
2021-05-19 10:04:01,1537.0,486837
2021-05-19 10:04:02,1536.65,486891
2021-05-19 10:04:04,1536.1,486960
2021-05-19 10:04:04,1536.05,486951
2021-05-19 10:04:05,1536.1,486972
2021-05-19 10:04:06,1536.1,487073
2021-05-19 10:04:07,1536.05,487120
2021-05-19 10:04:08,1536.2,487177
2021-05-19 10:04:09,1536.1,487190
2021-05-19 10:04:10,1536.4,487201
2021-05-19 10:04:11,1536.0,487293
2021-05-19 10:04:12,1536.05,487307
2021-05-19 10:04:13,1536.05,487309
2021-05-19 10:04:14,1536.65,487384
2021-05-19 10:04:15,1536.15,487485
2021-05-19 10:04:16,1536.1,487510
2021-05-19 10:04:17,1536.95,487515
2021-05-19 10:04:18,1536.2,487516
2021-05-19 10:04:19,1537.0,487592
2021-05-19 10:04:20,1536.25,487604
2021-05-19 10:04:21,1537.65,487863
2021-05-19 10:04:22,1536.8,488219
2021-05-19 10:04:23,1536.8,488272
2021-05-19 10:04:24,1538.45,489284
2021-05-19 10:04:25,1537.85,490336
2021-05-19 10:04:26,1537.25,490494
2021-05-19 10:04:27,1537.1,490517
2021-05-19 10:04:28,1537.5,490754
2021-05-19 10:04:29,1536.9,490792
2021-05-19 10:04:30,1537.2,490848
2021-05-19 10:04:31,1537.5,491055
2021-05-19 10:04:32,1537.9,491130
2021-05-19 10:04:33,1537.5,491351
2021-05-19 10:04:34,1537.2,491385
2021-05-19 10:04:35,1537.8,491443
2021-05-19 10:04:36,1537.2,491452
2021-05-19 10:04:37,1537.5,491483
2021-05-19 10:04:38,1537.5,491538
2021-05-19 10:04:39,1537.25,491567
2021-05-19 10:04:40,1537.25,491621
2021-05-19 10:04:41,1537.5,491634
2021-05-19 10:04:42,1537.0,491639
2021-05-19 10:04:43,1537.0,491640
2021-05-19 10:04:44,1537.0,491640
2021-05-19 10:04:45,1537.5,491786
2021-05-19 10:04:46,1537.4,492009
2021-05-19 10:04:47,1537.1,492103
2021-05-19 10:04:48,1537.1,492143
2021-05-19 10:04:49,1537.5,492150
2021-05-19 10:04:50,1537.55,492169
2021-05-19 10:04:51,1537.9,492206
2021-05-19 10:04:52,1538.3,492591
2021-05-19 10:04:53,1537.7,492708
2021-05-19 10:04:54,1538.15,492764
2021-05-19 10:04:55,1538.0,492810
2021-05-19 10:04:56,1537.25,492817
2021-05-19 10:04:57,1537.25,493058
2021-05-19 10:04:59,1537.15,493121
2021-05-19 10:04:59,1537.7,493113
2021-05-19 10:05:00,1537.15,493122
2021-05-19 10:05:01,1537.25,493128
2021-05-19 10:05:03,1537.35,493137
2021-05-19 10:05:05,1537.35,493138
2021-05-19 10:05:05,1537.35,493138
2021-05-19 10:05:06,1537.95,493150
2021-05-19 10:05:07,1537.6,493152
2021-05-19 10:05:08,1537.6,493154
2021-05-19 10:05:09,1538.0,493254
2021-05-19 10:05:10,1538.0,493285
2021-05-19 10:05:11,1537.55,493290
2021-05-19 10:05:12,1538.25,493345
2021-05-19 10:05:13,1537.95,493359
2021-05-19 10:05:14,1539.0,493570
2021-05-19 10:05:15,1538.6,493601
2021-05-19 10:05:16,1538.6,493636
2021-05-19 10:05:17,1538.6,493641
2021-05-19 10:05:19,1539.2,493736
2021-05-19 10:05:19,1538.75,493750
2021-05-19 10:05:20,1540.15,495370
2021-05-19 10:05:21,1539.6,495371
2021-05-19 10:05:22,1539.55,495555
2021-05-19 10:05:23,1539.55,495591
2021-05-19 10:05:24,1540.15,495771
2021-05-19 10:05:26,1539.7,495798
2021-05-19 10:05:27,1538.8,496328
2021-05-19 10:05:28,1538.9,496398
2021-05-19 10:05:29,1539.1,496439
2021-05-19 10:05:31,1538.25,496445
2021-05-19 10:05:31,1538.4,496446
2021-05-19 10:05:32,1539.1,496454
2021-05-19 10:05:35,1539.05,496473
2021-05-19 10:05:36,1539.25,496479
2021-05-19 10:05:37,1539.2,496564
2021-05-19 10:05:39,1539.25,496577
2021-05-19 10:05:39,1539.6,496606
2021-05-19 10:05:40,1539.3,496611
2021-05-19 10:05:41,1539.3,496642
2021-05-19 10:05:42,1539.3,496643
2021-05-19 10:05:43,1540.0,496858
2021-05-19 10:05:45,1540.15,496936
2021-05-19 10:05:45,1539.6,496948
2021-05-19 10:05:46,1539.6,496961
2021-05-19 10:05:47,1539.25,497163
2021-05-19 10:05:48,1539.9,497202
2021-05-19 10:05:49,1539.25,497217
2021-05-19 10:05:50,1539.6,497289
2021-05-19 10:05:52,1539.2,497355
2021-05-19 10:05:53,1539.2,497364
2021-05-19 10:05:53,1539.25,497366
2021-05-19 10:05:54,1539.5,497403
2021-05-19 10:05:55,1539.9,497523
2021-05-19 10:05:58,1539.3,497544
2021-05-19 10:05:59,1539.9,497555
2021-05-19 10:05:59,1539.3,497545
2021-05-19 10:06:01,1539.3,497556
2021-05-19 10:06:03,1540.3,497666
2021-05-19 10:06:04,1539.65,497683
2021-05-19 10:06:05,1539.5,497903
2021-05-19 10:06:05,1539.3,497909
2021-05-19 10:06:07,1539.3,497936
2021-05-19 10:06:10,1539.8,498559
2021-05-19 10:06:11,1539.2,498618
2021-05-19 10:06:12,1539.2,498647
2021-05-19 10:06:13,1539.05,498669
2021-05-19 10:06:13,1539.25,498666
2021-05-19 10:06:14,1539.05,498669
2021-05-19 10:06:15,1539.25,498891
2021-05-19 10:06:17,1539.25,499008
2021-05-19 10:06:18,1539.25,499027
2021-05-19 10:06:18,1539.0,499030
2021-05-19 10:06:19,1539.0,499081
2021-05-19 10:06:20,1538.8,499540
2021-05-19 10:06:21,1538.35,499578
2021-05-19 10:06:23,1538.35,499605
2021-05-19 10:06:24,1537.95,499909
2021-05-19 10:06:25,1537.95,500007
2021-05-19 10:06:26,1537.8,500132
2021-05-19 10:06:26,1537.75,500151
2021-05-19 10:06:27,1537.75,500154
2021-05-19 10:06:28,1538.9,500259
2021-05-19 10:06:29,1538.8,500277
2021-05-19 10:06:31,1538.4,500290
2021-05-19 10:06:33,1538.4,500318
2021-05-19 10:06:33,1538.4,500318
2021-05-19 10:06:34,1538.4,500319
2021-05-19 10:06:35,1538.4,500319
2021-05-19 10:06:38,1538.7,500392
2021-05-19 10:06:39,1538.7,500393
2021-05-19 10:06:39,1538.7,500394
2021-05-19 10:06:40,1538.7,500394
2021-05-19 10:06:41,1538.7,500394
2021-05-19 10:06:43,1538.7,500394
2021-05-19 10:06:44,1538.7,500473
2021-05-19 10:06:44,1538.45,500485
2021-05-19 10:06:45,1538.7,500519
2021-05-19 10:06:46,1538.55,500552
2021-05-19 10:06:47,1538.6,500557
2021-05-19 10:06:49,1539.5,500657
2021-05-19 10:06:50,1539.45,501037
2021-05-19 10:06:51,1539.3,501095
2021-05-19 10:06:52,1538.6,501104
2021-05-19 10:06:53,1538.7,501129
2021-05-19 10:06:53,1538.65,501125
2021-05-19 10:06:54,1538.7,501129
2021-05-19 10:06:55,1538.7,501129
2021-05-19 10:06:56,1538.7,501129
2021-05-19 10:06:58,1538.7,501129
2021-05-19 10:06:59,1539.0,501218
2021-05-19 10:07:00,1539.0,501232
2021-05-19 10:07:00,1538.9,501234
2021-05-19 10:07:01,1538.9,501234
2021-05-19 10:07:02,1538.9,501234
2021-05-19 10:07:03,1538.9,501234
2021-05-19 10:07:05,1539.2,501237
2021-05-19 10:07:06,1539.2,501237
2021-05-19 10:07:06,1539.2,501237
2021-05-19 10:07:07,1539.2,501237
2021-05-19 10:07:08,1539.45,501257
2021-05-19 10:07:09,1539.5,501272
2021-05-19 10:07:10,1538.95,501375
2021-05-19 10:07:12,1539.0,501390
2021-05-19 10:07:13,1539.2,501402
2021-05-19 10:07:15,1539.45,501456
2021-05-19 10:07:16,1539.2,501672
2021-05-19 10:07:17,1539.2,501705
2021-05-19 10:07:19,1539.55,501714
2021-05-19 10:07:20,1539.85,501722
2021-05-19 10:07:21,1539.85,501724
2021-05-19 10:07:21,1539.85,501724
2021-05-19 10:07:22,1540.0,501955
2021-05-19 10:07:23,1539.25,501967
2021-05-19 10:07:24,1539.85,502001
2021-05-19 10:07:26,1539.55,502011
2021-05-19 10:07:27,1539.2,502215
2021-05-19 10:07:28,1539.2,502246
2021-05-19 10:07:28,1539.2,502250
2021-05-19 10:07:30,1539.2,502251
2021-05-19 10:07:31,1539.2,502251
2021-05-19 10:07:32,1539.2,502251
2021-05-19 10:07:34,1539.8,502253
2021-05-19 10:07:35,1539.8,502253
2021-05-19 10:07:36,1540.0,502265
2021-05-19 10:07:36,1539.95,502267
2021-05-19 10:07:37,1539.95,502282
2021-05-19 10:07:38,1540.0,502388
2021-05-19 10:07:39,1540.0,502407
2021-05-19 10:07:40,1539.55,502415
2021-05-19 10:07:42,1539.55,502416
2021-05-19 10:07:43,1539.6,502617
2021-05-19 10:07:43,1539.0,502647
2021-05-19 10:07:44,1539.6,502653
2021-05-19 10:07:45,1539.0,502654
2021-05-19 10:07:46,1539.45,502678
2021-05-19 10:07:48,1539.85,502782
2021-05-19 10:07:49,1539.7,502792
2021-05-19 10:07:49,1539.65,502844
2021-05-19 10:07:50,1539.25,502851
2021-05-19 10:07:51,1539.0,502898
2021-05-19 10:07:53,1539.0,502918
2021-05-19 10:07:54,1538.75,502927
2021-05-19 10:07:55,1538.85,502929
2021-05-19 10:07:56,1538.85,502929
2021-05-19 10:07:56,1538.85,502929
2021-05-19 10:07:57,1539.0,502996
2021-05-19 10:07:58,1539.0,503013
2021-05-19 10:07:59,1538.55,503029
2021-05-19 10:08:00,1538.8,503056
2021-05-19 10:08:02,1538.7,503068
2021-05-19 10:08:03,1538.9,503070
2021-05-19 10:08:04,1538.9,503070
2021-05-19 10:08:05,1538.9,503070
2021-05-19 10:08:06,1538.7,503130
2021-05-19 10:08:07,1538.7,503139
2021-05-19 10:08:08,1538.95,503142
2021-05-19 10:08:08,1538.95,503142
2021-05-19 10:08:09,1538.95,503142
2021-05-19 10:08:10,1538.95,503146
2021-05-19 10:08:12,1539.0,503178
2021-05-19 10:08:13,1538.7,503186
2021-05-19 10:08:14,1538.7,503188
2021-05-19 10:08:15,1538.7,503188
2021-05-19 10:08:16,1538.7,503188
2021-05-19 10:08:17,1538.7,503188
2021-05-19 10:08:17,1539.0,503189
2021-05-19 10:08:18,1539.0,503226
2021-05-19 10:08:19,1538.85,503232
2021-05-19 10:08:21,1538.85,503233
2021-05-19 10:08:23,1538.95,503359
2021-05-19 10:08:24,1539.0,503547
2021-05-19 10:08:27,1538.7,503579
2021-05-19 10:08:28,1538.7,503580
2021-05-19 10:08:29,1538.7,503580
2021-05-19 10:08:30,1538.7,503580
2021-05-19 10:08:31,1538.7,503580
2021-05-19 10:08:31,1538.5,503780
2021-05-19 10:08:32,1538.5,503810
2021-05-19 10:08:34,1538.5,503815
2021-05-19 10:08:35,1539.0,503829
2021-05-19 10:08:37,1538.65,503931
2021-05-19 10:08:38,1538.55,503946
2021-05-19 10:08:39,1539.0,503954
2021-05-19 10:08:40,1538.5,504255
2021-05-19 10:08:41,1538.65,504307
2021-05-19 10:08:41,1538.6,504300
2021-05-19 10:08:42,1538.75,504338
2021-05-19 10:08:43,1538.55,504368
2021-05-19 10:08:45,1538.45,504373
2021-05-19 10:08:46,1538.45,504374
2021-05-19 10:08:47,1538.45,504379
2021-05-19 10:08:48,1538.5,504380
2021-05-19 10:08:49,1538.95,504386
2021-05-19 10:08:50,1538.55,504387
2021-05-19 10:08:51,1538.95,504412
2021-05-19 10:08:52,1538.75,504431
2021-05-19 10:08:55,1538.95,504443
2021-05-19 10:08:56,1539.0,504486
2021-05-19 10:08:57,1538.55,504492
2021-05-19 10:08:58,1538.55,504493
2021-05-19 10:08:58,1538.55,504493
2021-05-19 10:08:59,1538.55,504493
2021-05-19 10:09:00,1539.0,504546
2021-05-19 10:09:01,1539.0,504709
2021-05-19 10:09:02,1538.55,504734
2021-05-19 10:09:03,1538.6,504737
2021-05-19 10:09:05,1538.8,504745
2021-05-19 10:09:06,1538.95,504761
2021-05-19 10:09:07,1539.0,504804
2021-05-19 10:09:08,1538.55,504819
2021-05-19 10:09:09,1538.55,504822
2021-05-19 10:09:10,1539.0,504829
2021-05-19 10:09:10,1538.8,504830
2021-05-19 10:09:11,1538.8,504830
2021-05-19 10:09:12,1539.0,504836
2021-05-19 10:09:13,1539.0,504873
2021-05-19 10:09:14,1538.55,504879
2021-05-19 10:09:16,1539.0,504980
2021-05-19 10:09:17,1538.6,504995
2021-05-19 10:09:18,1538.85,505012
2021-05-19 10:09:18,1538.85,505014
2021-05-19 10:09:19,1538.8,505015
2021-05-19 10:09:20,1538.55,505115
2021-05-19 10:09:21,1538.55,505130
2021-05-19 10:09:22,1539.0,505182
2021-05-19 10:09:24,1538.55,505190
2021-05-19 10:09:25,1538.55,505291
2021-05-19 10:09:26,1538.5,505306
2021-05-19 10:09:27,1538.55,505312
2021-05-19 10:09:28,1538.55,505318
2021-05-19 10:09:29,1539.0,505323
2021-05-19 10:09:30,1539.0,505325
2021-05-19 10:09:31,1538.55,505350
2021-05-19 10:09:32,1539.0,505355
2021-05-19 10:09:32,1538.8,505356
2021-05-19 10:09:33,1538.6,505466
2021-05-19 10:09:34,1538.3,505933
2021-05-19 10:09:35,1538.55,506007
2021-05-19 10:09:36,1538.55,506018
2021-05-19 10:09:38,1538.6,506023
2021-05-19 10:09:39,1538.6,506023
2021-05-19 10:09:41,1538.95,506031
2021-05-19 10:09:42,1539.0,506065
2021-05-19 10:09:43,1538.95,506070
2021-05-19 10:09:43,1538.95,506071
2021-05-19 10:09:44,1539.2,506140
2021-05-19 10:09:45,1539.25,506198
2021-05-19 10:09:47,1539.2,506212
2021-05-19 10:09:48,1539.2,506214
2021-05-19 10:09:49,1539.2,506215
2021-05-19 10:09:50,1539.2,506215
2021-05-19 10:09:51,1539.25,506219
2021-05-19 10:09:52,1539.25,506250
2021-05-19 10:09:53,1539.25,506252
2021-05-19 10:09:54,1539.25,506252
2021-05-19 10:09:56,1539.25,506255
2021-05-19 10:09:57,1539.2,506371
2021-05-19 10:09:59,1539.25,506420
2021-05-19 10:09:59,1539.25,506421
2021-05-19 10:10:01,1539.25,506422
2021-05-19 10:10:02,1539.25,506422
2021-05-19 10:10:03,1539.25,506422
2021-05-19 10:10:04,1539.3,506429
2021-05-19 10:10:05,1539.3,506431
2021-05-19 10:10:06,1540.0,507232
2021-05-19 10:10:06,1539.5,507352
2021-05-19 10:10:07,1540.0,507400
2021-05-19 10:10:09,1540.0,507430
2021-05-19 10:10:09,1539.95,507434
2021-05-19 10:10:11,1540.0,507467
2021-05-19 10:10:12,1540.0,507482
2021-05-19 10:10:13,1539.6,507490
2021-05-19 10:10:14,1539.6,507491
2021-05-19 10:10:15,1539.6,507491
2021-05-19 10:10:15,1539.95,507496
2021-05-19 10:10:16,1540.0,507606
2021-05-19 10:10:18,1540.0,507736
2021-05-19 10:10:19,1540.0,508257
2021-05-19 10:10:20,1540.0,508414
2021-05-19 10:10:21,1540.0,508444
2021-05-19 10:10:22,1540.0,508449
2021-05-19 10:10:23,1540.0,508449
2021-05-19 10:10:24,1540.5,508491
2021-05-19 10:10:25,1540.0,508591
2021-05-19 10:10:26,1540.0,508634
2021-05-19 10:10:27,1540.45,508651
2021-05-19 10:10:28,1540.0,508803
2021-05-19 10:10:29,1540.0,508995
2021-05-19 10:10:30,1539.5,509024
2021-05-19 10:10:31,1539.5,509028
2021-05-19 10:10:32,1539.5,509044
2021-05-19 10:10:33,1539.5,509046
2021-05-19 10:10:34,1539.5,509047
2021-05-19 10:10:35,1540.0,509072
2021-05-19 10:10:36,1539.95,509076
2021-05-19 10:10:37,1540.0,509112
2021-05-19 10:10:38,1540.0,509126
2021-05-19 10:10:39,1540.0,509130
2021-05-19 10:10:40,1540.3,509830
2021-05-19 10:10:41,1539.6,509934
2021-05-19 10:10:42,1539.5,509950
2021-05-19 10:10:43,1539.5,509960
2021-05-19 10:10:44,1540.15,509964
2021-05-19 10:10:45,1540.15,509964
2021-05-19 10:10:46,1540.0,509969
2021-05-19 10:10:47,1539.5,509970
2021-05-19 10:10:48,1539.5,510045
2021-05-19 10:10:49,1539.5,510056
2021-05-19 10:10:50,1540.0,510060
2021-05-19 10:10:51,1539.5,510071
2021-05-19 10:10:52,1539.5,510072
2021-05-19 10:10:53,1539.5,510072
2021-05-19 10:10:55,1540.0,510087
2021-05-19 10:10:56,1539.55,510090
2021-05-19 10:10:57,1540.0,510091
2021-05-19 10:10:58,1539.95,510101
2021-05-19 10:10:59,1539.95,510103
2021-05-19 10:11:00,1540.0,510134
2021-05-19 10:11:01,1539.5,510139
2021-05-19 10:11:02,1539.5,510140
2021-05-19 10:11:03,1539.5,510140
2021-05-19 10:11:04,1539.5,510140
2021-05-19 10:11:05,1539.5,510140
2021-05-19 10:11:06,1540.0,510179
2021-05-19 10:11:07,1540.0,510190
2021-05-19 10:11:08,1539.5,510192
2021-05-19 10:11:09,1539.55,510210
2021-05-19 10:11:10,1539.55,510213
2021-05-19 10:11:11,1540.0,510218
2021-05-19 10:11:12,1540.0,510237
2021-05-19 10:11:13,1539.95,510240
2021-05-19 10:11:14,1540.0,510255
2021-05-19 10:11:15,1540.0,510264
2021-05-19 10:11:16,1539.8,510265
2021-05-19 10:11:17,1539.8,510265
2021-05-19 10:11:18,1540.0,510365
2021-05-19 10:11:19,1539.9,510480
2021-05-19 10:11:19,1539.9,510497
2021-05-19 10:11:21,1539.5,510980
2021-05-19 10:11:23,1539.65,511048
2021-05-19 10:11:24,1539.65,511060
2021-05-19 10:11:25,1540.0,511097
2021-05-19 10:11:26,1539.8,511102
2021-05-19 10:11:27,1539.95,511103
2021-05-19 10:11:28,1540.0,511120
2021-05-19 10:11:29,1539.55,511124
2021-05-19 10:11:29,1539.6,511125
2021-05-19 10:11:30,1539.6,511125
2021-05-19 10:11:31,1540.0,511179
2021-05-19 10:11:32,1540.0,511287
2021-05-19 10:11:33,1540.65,511328
2021-05-19 10:11:34,1540.5,511345
2021-05-19 10:11:35,1540.5,511348
2021-05-19 10:11:36,1540.65,511349
2021-05-19 10:11:37,1540.7,511350
2021-05-19 10:11:38,1540.7,511485
2021-05-19 10:11:39,1540.7,511527
2021-05-19 10:11:40,1540.05,511636
2021-05-19 10:11:41,1540.0,511657
2021-05-19 10:11:42,1540.05,511660
2021-05-19 10:11:44,1540.4,511675
2021-05-19 10:11:44,1540.4,511678
2021-05-19 10:11:45,1540.05,511736
2021-05-19 10:11:47,1540.0,511755
2021-05-19 10:11:49,1540.05,511756
2021-05-19 10:11:50,1540.05,511756
2021-05-19 10:11:53,1540.4,511760
2021-05-19 10:11:54,1540.6,511764
2021-05-19 10:11:55,1540.4,511805
2021-05-19 10:11:56,1540.05,511811
2021-05-19 10:11:57,1540.5,511917
2021-05-19 10:11:58,1540.1,511933
2021-05-19 10:11:59,1540.4,511975
2021-05-19 10:12:00,1540.4,511981
2021-05-19 10:12:01,1540.45,511982
2021-05-19 10:12:03,1540.5,512083
2021-05-19 10:12:03,1540.4,512094
2021-05-19 10:12:04,1540.4,512321
2021-05-19 10:12:05,1540.8,512556
2021-05-19 10:12:06,1540.4,512591
2021-05-19 10:12:07,1540.4,512597
2021-05-19 10:12:08,1540.4,512598
2021-05-19 10:12:11,1539.95,512955
2021-05-19 10:12:12,1539.85,513095
2021-05-19 10:12:13,1540.15,513396
2021-05-19 10:12:14,1540.1,513491
2021-05-19 10:12:15,1540.0,513522
2021-05-19 10:12:17,1539.5,513590
2021-05-19 10:12:18,1539.5,513591
2021-05-19 10:12:19,1539.55,513592
2021-05-19 10:12:20,1540.2,513668
2021-05-19 10:12:21,1539.6,513671
2021-05-19 10:12:24,1540.6,513806
2021-05-19 10:12:23,1540.0,513685
2021-05-19 10:12:25,1540.45,513924
2021-05-19 10:12:26,1540.3,513946
2021-05-19 10:12:27,1540.3,513949
2021-05-19 10:12:28,1540.55,513980
2021-05-19 10:12:29,1540.4,514004
2021-05-19 10:12:30,1540.0,514007
2021-05-19 10:12:31,1540.4,514059
2021-05-19 10:12:33,1540.0,514067
2021-05-19 10:12:32,1540.0,514066
2021-05-19 10:12:34,1539.6,514218
2021-05-19 10:12:35,1539.7,514240
2021-05-19 10:12:36,1539.6,514242
2021-05-19 10:12:37,1539.6,514242
2021-05-19 10:12:38,1539.6,514242
2021-05-19 10:12:40,1539.55,514246
2021-05-19 10:12:41,1539.55,514247
2021-05-19 10:12:42,1539.9,514280
2021-05-19 10:12:43,1539.55,514285
2021-05-19 10:12:44,1540.8,515786
2021-05-19 10:12:45,1539.7,515885
2021-05-19 10:12:46,1539.5,515991
2021-05-19 10:12:47,1539.4,516565
2021-05-19 10:12:48,1539.0,516651
2021-05-19 10:12:49,1539.0,516664
2021-05-19 10:12:50,1539.0,517089
2021-05-19 10:12:51,1539.0,517179
2021-05-19 10:12:52,1539.0,517192
2021-05-19 10:12:53,1539.0,517194
2021-05-19 10:12:54,1539.2,517233
2021-05-19 10:12:55,1539.0,517271
2021-05-19 10:12:56,1539.45,517291
2021-05-19 10:12:57,1539.45,517412
2021-05-19 10:12:58,1539.0,517430
2021-05-19 10:12:59,1539.0,517433
2021-05-19 10:13:00,1539.0,517434
2021-05-19 10:13:01,1539.0,517434
2021-05-19 10:13:02,1539.0,517722
2021-05-19 10:13:03,1539.5,517780
2021-05-19 10:13:04,1539.1,518473
2021-05-19 10:13:05,1538.55,518570
2021-05-19 10:13:06,1538.5,518595
2021-05-19 10:13:07,1538.5,518598
2021-05-19 10:13:08,1538.95,518709
2021-05-19 10:13:09,1538.5,518726
2021-05-19 10:13:10,1538.5,518747
2021-05-19 10:13:11,1538.5,518751
2021-05-19 10:13:12,1538.5,518751
2021-05-19 10:13:13,1538.5,518751
2021-05-19 10:13:14,1538.5,518752
2021-05-19 10:13:15,1538.55,518787
2021-05-19 10:13:16,1538.5,518811
2021-05-19 10:13:17,1538.5,518814
2021-05-19 10:13:18,1538.95,518915
2021-05-19 10:13:19,1538.5,518934
2021-05-19 10:13:20,1538.0,519049
2021-05-19 10:13:21,1538.7,519466
2021-05-19 10:13:22,1538.1,519528
2021-05-19 10:13:23,1538.5,519541
2021-05-19 10:13:24,1538.95,519765
2021-05-19 10:13:25,1538.5,519798
2021-05-19 10:13:26,1538.5,519823
2021-05-19 10:13:28,1538.5,520150
2021-05-19 10:13:29,1538.0,520193
2021-05-19 10:13:30,1538.55,520203
2021-05-19 10:13:31,1538.3,520204
2021-05-19 10:13:32,1538.5,520234
2021-05-19 10:13:33,1538.1,520238
2021-05-19 10:13:34,1538.0,520372
2021-05-19 10:13:35,1538.0,520414
2021-05-19 10:13:36,1538.05,520422
2021-05-19 10:13:37,1538.3,520428
2021-05-19 10:13:39,1538.1,520494
2021-05-19 10:13:40,1538.45,520516
2021-05-19 10:13:41,1538.1,520519
2021-05-19 10:13:42,1538.1,520519
2021-05-19 10:13:43,1538.1,520519
2021-05-19 10:13:44,1538.1,520569
2021-05-19 10:13:45,1538.1,520590
2021-05-19 10:13:46,1538.3,520668
2021-05-19 10:13:47,1538.1,520680
2021-05-19 10:13:48,1538.1,520682
2021-05-19 10:13:49,1537.75,521643
2021-05-19 10:13:50,1537.75,521891
2021-05-19 10:13:51,1537.65,521908
2021-05-19 10:13:52,1537.45,521910
2021-05-19 10:13:53,1537.1,521972
2021-05-19 10:13:54,1537.1,522032
2021-05-19 10:13:55,1537.0,522141
2021-05-19 10:13:56,1536.3,522209
2021-05-19 10:13:57,1536.7,522219
2021-05-19 10:13:58,1536.45,522322
2021-05-19 10:13:59,1536.4,522351
2021-05-19 10:14:00,1537.0,522433
2021-05-19 10:14:01,1536.35,522451
2021-05-19 10:14:02,1536.25,522654
2021-05-19 10:14:03,1536.25,522685
2021-05-19 10:14:04,1536.3,522689
2021-05-19 10:14:05,1536.1,522915
2021-05-19 10:14:06,1536.05,522964
2021-05-19 10:14:07,1536.05,522971
2021-05-19 10:14:08,1535.85,523372
2021-05-19 10:14:09,1535.95,523538
2021-05-19 10:14:10,1535.9,523563
2021-05-19 10:14:11,1536.1,523637
2021-05-19 10:14:12,1536.1,523648
2021-05-19 10:14:13,1536.1,523850
2021-05-19 10:14:14,1536.1,523985
2021-05-19 10:14:15,1536.65,524050
2021-05-19 10:14:16,1535.5,524056
2021-05-19 10:14:17,1535.95,524063
2021-05-19 10:14:18,1536.3,524074
2021-05-19 10:14:19,1535.55,524188
2021-05-19 10:14:20,1536.2,524229
2021-05-19 10:14:21,1536.0,524437
2021-05-19 10:14:22,1536.0,524657
2021-05-19 10:14:23,1535.5,524694
2021-05-19 10:14:24,1536.0,524710
2021-05-19 10:14:25,1535.5,526224
2021-05-19 10:14:26,1535.6,526480
2021-05-19 10:14:27,1536.0,526520
2021-05-19 10:14:29,1536.3,526777
2021-05-19 10:14:31,1535.55,527119
2021-05-19 10:14:32,1535.3,527251
2021-05-19 10:14:33,1536.25,527584
2021-05-19 10:14:35,1536.0,528800
2021-05-19 10:14:36,1535.0,530665
2021-05-19 10:14:38,1534.6,530993
2021-05-19 10:14:39,1535.3,531110
2021-05-19 10:14:40,1535.3,531384
2021-05-19 10:14:41,1535.05,531442
2021-05-19 10:14:42,1534.85,531455
2021-05-19 10:14:43,1535.0,531472
2021-05-19 10:14:44,1534.8,531496
2021-05-19 10:14:45,1534.8,531500
2021-05-19 10:14:46,1535.0,531605
2021-05-19 10:14:47,1535.0,531805
2021-05-19 10:14:48,1534.55,531862
2021-05-19 10:14:49,1535.0,532158
2021-05-19 10:14:50,1535.0,532168
2021-05-19 10:14:51,1535.0,532168
2021-05-19 10:14:52,1534.5,532173
2021-05-19 10:14:53,1534.55,532176
2021-05-19 10:14:54,1535.45,532476
2021-05-19 10:14:55,1535.45,532476
2021-05-19 10:14:56,1535.3,532501
2021-05-19 10:14:57,1535.6,532581
2021-05-19 10:14:59,1535.45,532596
2021-05-19 10:14:58,1535.55,532591
2021-05-19 10:15:01,1535.5,532633
2021-05-19 10:15:02,1535.5,532633
2021-05-19 10:15:03,1535.5,532633
2021-05-19 10:15:04,1535.6,532940
2021-05-19 10:15:05,1536.0,532949
2021-05-19 10:15:06,1536.0,532954
2021-05-19 10:15:07,1535.5,533018
2021-05-19 10:15:08,1536.15,533047
2021-05-19 10:15:09,1536.15,533047
2021-05-19 10:15:10,1536.05,533065
2021-05-19 10:15:11,1536.05,533065
2021-05-19 10:15:12,1536.1,533071
2021-05-19 10:15:13,1536.1,533071
2021-05-19 10:15:14,1535.9,533072
2021-05-19 10:15:15,1535.9,533177
2021-05-19 10:15:16,1536.1,533303
2021-05-19 10:15:17,1535.9,533322
2021-05-19 10:15:19,1535.9,533325
2021-05-19 10:15:19,1535.9,533325
2021-05-19 10:15:20,1537.0,534079
2021-05-19 10:15:21,1537.3,534100
2021-05-19 10:15:22,1537.2,534122
2021-05-19 10:15:23,1537.2,534155
2021-05-19 10:15:24,1537.3,534161
2021-05-19 10:15:25,1537.4,534363
2021-05-19 10:15:26,1537.05,534454
2021-05-19 10:15:27,1536.95,534534
2021-05-19 10:15:28,1536.95,534596
2021-05-19 10:15:29,1537.05,534605
2021-05-19 10:15:30,1537.3,534610
2021-05-19 10:15:31,1537.05,534611
2021-05-19 10:15:32,1537.05,534611
2021-05-19 10:15:33,1537.3,534612
2021-05-19 10:15:34,1537.2,534725
2021-05-19 10:15:36,1537.55,534745
2021-05-19 10:15:37,1538.0,534770
2021-05-19 10:15:38,1537.95,534805
2021-05-19 10:15:39,1537.95,534960
2021-05-19 10:15:40,1537.9,535036
2021-05-19 10:15:41,1537.35,535071
2021-05-19 10:15:42,1537.95,535078
2021-05-19 10:15:43,1537.7,535079
2021-05-19 10:15:44,1537.7,535079
2021-05-19 10:15:45,1537.7,535079
2021-05-19 10:15:46,1538.0,535115
2021-05-19 10:15:48,1536.55,536390
2021-05-19 10:15:49,1536.65,536667
2021-05-19 10:15:50,1536.5,536709
2021-05-19 10:15:51,1536.95,536747
2021-05-19 10:15:53,1536.15,536763
2021-05-19 10:15:54,1536.15,536763
2021-05-19 10:15:55,1536.15,536763
2021-05-19 10:15:56,1536.15,536763
2021-05-19 10:15:57,1536.35,536774
2021-05-19 10:15:58,1536.75,536801
2021-05-19 10:15:59,1536.2,536931
2021-05-19 10:16:00,1535.9,536941
2021-05-19 10:16:01,1535.6,536946
2021-05-19 10:16:02,1535.6,536947
2021-05-19 10:16:03,1535.6,536947
2021-05-19 10:16:04,1535.75,536955
2021-05-19 10:16:06,1536.15,537061
2021-05-19 10:16:07,1536.1,537076
2021-05-19 10:16:08,1536.4,537144
2021-05-19 10:16:09,1535.9,537186
2021-05-19 10:16:10,1535.9,537192
2021-05-19 10:16:11,1535.9,537193
2021-05-19 10:16:13,1535.95,537219
2021-05-19 10:16:14,1536.0,537229
2021-05-19 10:16:15,1536.0,537231
2021-05-19 10:16:16,1536.0,537233
2021-05-19 10:16:17,1536.0,537233
2021-05-19 10:16:18,1536.25,537261
2021-05-19 10:16:19,1536.25,537280
2021-05-19 10:16:20,1536.6,537383
2021-05-19 10:16:21,1536.25,537398
2021-05-19 10:16:22,1536.25,537401
2021-05-19 10:16:23,1536.25,537402
2021-05-19 10:16:24,1536.45,537440
2021-05-19 10:16:25,1536.25,537446
2021-05-19 10:16:26,1536.25,537447
2021-05-19 10:16:27,1536.25,537447
2021-05-19 10:16:28,1536.25,537447
2021-05-19 10:16:29,1536.25,537447
2021-05-19 10:16:30,1536.25,537447
2021-05-19 10:16:31,1536.25,537447
2021-05-19 10:16:32,1536.25,537447
2021-05-19 10:16:33,1536.4,537451
2021-05-19 10:16:34,1536.35,537452
2021-05-19 10:16:35,1536.4,537462
2021-05-19 10:16:37,1536.25,537504
2021-05-19 10:16:37,1536.4,537498
2021-05-19 10:16:38,1536.3,537505
2021-05-19 10:16:39,1536.5,537538
2021-05-19 10:16:40,1536.75,537577
2021-05-19 10:16:41,1536.25,537583
2021-05-19 10:16:42,1536.25,537584
2021-05-19 10:16:43,1536.75,537585
2021-05-19 10:16:44,1536.8,537588
2021-05-19 10:16:45,1536.8,537588
2021-05-19 10:16:46,1536.8,537590
2021-05-19 10:16:47,1536.55,537591
2021-05-19 10:16:48,1536.25,537641
2021-05-19 10:16:50,1536.25,537655
2021-05-19 10:16:51,1536.1,537656
2021-05-19 10:16:52,1536.15,537657
2021-05-19 10:16:54,1537.0,537917
2021-05-19 10:16:55,1536.2,537953
2021-05-19 10:16:56,1536.05,537970
2021-05-19 10:16:57,1536.05,537972
2021-05-19 10:16:58,1536.05,537972
2021-05-19 10:16:59,1536.75,537997
2021-05-19 10:17:00,1536.1,538001
2021-05-19 10:17:01,1536.7,538022
2021-05-19 10:17:02,1536.65,538055
2021-05-19 10:17:03,1536.55,538085
2021-05-19 10:17:05,1536.05,538089
2021-05-19 10:17:06,1536.05,538110
2021-05-19 10:17:07,1536.3,538113
2021-05-19 10:17:08,1536.05,538167
2021-05-19 10:17:08,1536.05,538175
2021-05-19 10:17:09,1536.05,538176
2021-05-19 10:17:10,1536.05,538176
2021-05-19 10:17:11,1536.05,538177
2021-05-19 10:17:13,1536.55,538186
2021-05-19 10:17:14,1536.65,538288
2021-05-19 10:17:15,1536.35,538303
2021-05-19 10:17:17,1536.35,538365
2021-05-19 10:17:18,1536.35,538375
2021-05-19 10:17:19,1536.35,538377
2021-05-19 10:17:20,1536.35,538377
2021-05-19 10:17:21,1536.35,538377
2021-05-19 10:17:21,1536.35,538377
2021-05-19 10:17:22,1536.95,538414
2021-05-19 10:17:23,1536.35,538420
2021-05-19 10:17:25,1536.9,538426
2021-05-19 10:17:27,1536.35,538427
2021-05-19 10:17:28,1536.35,538427
2021-05-19 10:17:29,1536.6,538488
2021-05-19 10:17:30,1536.35,538490
2021-05-19 10:17:32,1536.35,538490
2021-05-19 10:17:33,1536.35,538490
2021-05-19 10:17:33,1536.35,538490
2021-05-19 10:17:35,1536.1,538535
2021-05-19 10:17:35,1536.0,538720
2021-05-19 10:17:36,1536.1,538788
2021-05-19 10:17:38,1535.55,539498
2021-05-19 10:17:39,1535.7,539569
2021-05-19 10:17:40,1535.55,539580
2021-05-19 10:17:41,1535.55,539582
2021-05-19 10:17:42,1535.7,539617
2021-05-19 10:17:43,1536.05,539647
2021-05-19 10:17:43,1535.65,539652
2021-05-19 10:17:44,1536.1,539713
2021-05-19 10:17:45,1535.5,539823
2021-05-19 10:17:46,1535.5,539839
2021-05-19 10:17:47,1535.5,539841
2021-05-19 10:17:48,1536.25,539852
2021-05-19 10:17:50,1536.2,539889
2021-05-19 10:17:51,1536.35,540295
2021-05-19 10:17:52,1536.0,540356
2021-05-19 10:17:52,1536.0,540366
2021-05-19 10:17:53,1536.0,540368
2021-05-19 10:17:54,1536.05,540369
2021-05-19 10:17:55,1536.05,540370
2021-05-19 10:17:56,1536.05,540390
2021-05-19 10:17:57,1536.2,540394
2021-05-19 10:17:58,1536.3,540405
2021-05-19 10:17:59,1536.5,540517
2021-05-19 10:18:00,1536.25,540535
2021-05-19 10:18:01,1536.25,540538
2021-05-19 10:18:02,1536.5,540544
2021-05-19 10:18:03,1536.25,540587
2021-05-19 10:18:05,1536.0,540593
2021-05-19 10:18:06,1536.0,540594
2021-05-19 10:18:06,1536.0,540600
2021-05-19 10:18:07,1536.0,540606
2021-05-19 10:18:08,1536.45,540618
2021-05-19 10:18:09,1536.05,540633
2021-05-19 10:18:11,1536.2,540808
2021-05-19 10:18:12,1536.45,540835
2021-05-19 10:18:13,1536.0,540839
2021-05-19 10:18:14,1536.0,540839
2021-05-19 10:18:15,1536.45,540843
2021-05-19 10:18:16,1536.55,540907
2021-05-19 10:18:17,1536.05,540917
2021-05-19 10:18:18,1536.05,540919
2021-05-19 10:18:19,1536.05,540919
2021-05-19 10:18:21,1536.45,540995
2021-05-19 10:18:22,1536.5,541037
2021-05-19 10:18:23,1536.05,541044
2021-05-19 10:18:24,1536.5,541258
2021-05-19 10:18:25,1536.05,541302
2021-05-19 10:18:26,1536.0,541309
2021-05-19 10:18:27,1536.0,541310
2021-05-19 10:18:28,1536.05,541312
2021-05-19 10:18:31,1536.05,541317
2021-05-19 10:18:32,1536.05,541317
2021-05-19 10:18:33,1536.4,541320
2021-05-19 10:18:34,1536.4,541328
2021-05-19 10:18:36,1536.0,541354
2021-05-19 10:18:37,1536.0,541354
2021-05-19 10:18:38,1536.1,541391
2021-05-19 10:18:39,1536.0,541404
2021-05-19 10:18:40,1536.0,541580
2021-05-19 10:18:41,1535.55,541606
2021-05-19 10:18:42,1535.5,541710
2021-05-19 10:18:42,1536.0,541747
2021-05-19 10:18:43,1535.55,541752
2021-05-19 10:18:45,1536.0,541908
2021-05-19 10:18:46,1535.8,541932
2021-05-19 10:18:46,1535.55,541945
2021-05-19 10:18:47,1536.0,541968
2021-05-19 10:18:49,1536.0,542008
2021-05-19 10:18:49,1535.55,541993
2021-05-19 10:18:50,1536.0,542060
2021-05-19 10:18:51,1535.6,542068
2021-05-19 10:18:52,1535.6,542079
2021-05-19 10:18:53,1536.0,542166
2021-05-19 10:18:54,1535.8,542739
2021-05-19 10:18:55,1535.0,543379
2021-05-19 10:18:57,1535.25,543476
2021-05-19 10:18:58,1535.0,543490
2021-05-19 10:18:59,1535.15,543492
2021-05-19 10:19:00,1535.15,543527
2021-05-19 10:19:01,1535.15,543533
2021-05-19 10:19:02,1535.0,543534
2021-05-19 10:19:03,1535.0,543534
2021-05-19 10:19:04,1535.15,543575
2021-05-19 10:19:06,1535.05,543600
2021-05-19 10:19:07,1535.6,543603
2021-05-19 10:19:08,1535.6,543603
2021-05-19 10:19:09,1535.55,543607
2021-05-19 10:19:10,1535.6,544207
2021-05-19 10:19:11,1535.0,544376
2021-05-19 10:19:12,1535.05,544413
2021-05-19 10:19:13,1535.25,544420
2021-05-19 10:19:13,1535.0,544466
2021-05-19 10:19:16,1535.0,544505
2021-05-19 10:19:17,1535.0,544564
2021-05-19 10:19:18,1535.4,544623
2021-05-19 10:19:19,1535.05,544633
2021-05-19 10:19:20,1535.05,544634
2021-05-19 10:19:21,1535.25,544635
2021-05-19 10:19:22,1534.8,544754
2021-05-19 10:19:23,1534.8,544773
2021-05-19 10:19:24,1534.8,544775
2021-05-19 10:19:25,1534.8,544921
2021-05-19 10:19:26,1534.8,544980
2021-05-19 10:19:27,1534.75,544989
2021-05-19 10:19:27,1534.8,545000
2021-05-19 10:19:28,1534.7,545469
2021-05-19 10:19:29,1534.15,545722
2021-05-19 10:19:30,1534.15,545780
2021-05-19 10:19:32,1534.15,546393
2021-05-19 10:19:33,1534.15,546486
2021-05-19 10:19:34,1534.1,546518
2021-05-19 10:19:35,1534.1,546524
2021-05-19 10:19:36,1534.0,547022
2021-05-19 10:19:36,1534.05,547053
2021-05-19 10:19:37,1534.0,547101
2021-05-19 10:19:38,1534.0,547307
2021-05-19 10:19:40,1534.0,547674
2021-05-19 10:19:41,1533.8,547731
2021-05-19 10:19:42,1533.8,547746
2021-05-19 10:19:43,1533.8,547763
2021-05-19 10:19:43,1533.85,547791
2021-05-19 10:19:44,1533.8,547797
2021-05-19 10:19:45,1534.0,547879
2021-05-19 10:19:46,1533.95,547921
2021-05-19 10:19:47,1533.95,547971
2021-05-19 10:19:48,1533.85,548055
2021-05-19 10:19:49,1534.0,548231
2021-05-19 10:19:50,1533.9,548261
2021-05-19 10:19:51,1534.0,548301
2021-05-19 10:19:52,1533.95,548356
2021-05-19 10:19:53,1533.95,548420
2021-05-19 10:19:54,1534.0,548871
2021-05-19 10:19:55,1533.8,549006
2021-05-19 10:19:56,1533.7,549033
2021-05-19 10:19:58,1533.65,549041
2021-05-19 10:19:59,1533.6,549044
2021-05-19 10:20:00,1533.55,549175
2021-05-19 10:20:00,1533.45,549225
2021-05-19 10:20:01,1533.45,549259
2021-05-19 10:20:03,1533.3,549359
2021-05-19 10:20:04,1533.8,549386
2021-05-19 10:20:05,1533.65,551254
2021-05-19 10:20:06,1532.9,552163
2021-05-19 10:20:06,1532.95,552462
2021-05-19 10:20:08,1532.65,552627
2021-05-19 10:20:11,1532.0,554037
2021-05-19 10:20:10,1532.0,553942
2021-05-19 10:20:12,1532.0,554062
2021-05-19 10:20:14,1531.9,554142
2021-05-19 10:20:15,1531.9,554246
2021-05-19 10:20:16,1532.6,554835
2021-05-19 10:20:17,1531.95,554923
2021-05-19 10:20:18,1532.6,555575
2021-05-19 10:20:19,1532.1,555743
2021-05-19 10:20:20,1532.5,555991
2021-05-19 10:20:21,1532.35,556099
2021-05-19 10:20:22,1532.6,556137
2021-05-19 10:20:22,1532.6,556152
2021-05-19 10:20:23,1532.3,556576
2021-05-19 10:20:24,1533.5,556702
2021-05-19 10:20:25,1532.7,556723
2021-05-19 10:20:27,1533.55,556765
2021-05-19 10:20:28,1533.95,556791
2021-05-19 10:20:30,1533.35,556796
2021-05-19 10:20:31,1533.1,557099
2021-05-19 10:20:33,1534.3,557780
2021-05-19 10:20:34,1533.25,557855
2021-05-19 10:20:36,1533.5,557959
2021-05-19 10:20:38,1533.3,557999
2021-05-19 10:20:40,1533.5,559578
2021-05-19 10:20:42,1532.1,560738
2021-05-19 10:20:42,1533.05,560776
2021-05-19 10:20:43,1532.45,560796
2021-05-19 10:20:44,1532.45,560879
2021-05-19 10:20:45,1532.1,560958
2021-05-19 10:20:46,1532.85,561071
2021-05-19 10:20:47,1532.1,561097
2021-05-19 10:20:52,1532.1,561323
2021-05-19 10:20:55,1532.8,561553
2021-05-19 10:20:56,1532.8,561580
2021-05-19 10:20:57,1532.05,561634
2021-05-19 10:20:58,1532.1,561849
2021-05-19 10:20:59,1532.1,561881
2021-05-19 10:21:00,1532.2,562297
2021-05-19 10:21:01,1532.2,562360
2021-05-19 10:21:02,1532.1,562373
2021-05-19 10:21:04,1533.45,564339
2021-05-19 10:21:05,1532.6,564406
2021-05-19 10:21:06,1533.3,564438
2021-05-19 10:21:07,1533.15,564852
2021-05-19 10:21:08,1533.15,564961
2021-05-19 10:21:09,1533.8,565005
2021-05-19 10:21:11,1533.15,565039
2021-05-19 10:21:12,1534.25,565141
2021-05-19 10:21:13,1533.7,565157
2021-05-19 10:21:14,1533.85,565235
2021-05-19 10:21:15,1532.7,565307
2021-05-19 10:21:16,1533.15,565446
2021-05-19 10:21:17,1533.0,565468
2021-05-19 10:21:18,1533.0,565476
2021-05-19 10:21:22,1533.75,565670
2021-05-19 10:21:23,1532.9,565697
2021-05-19 10:21:24,1533.25,565821
2021-05-19 10:21:25,1533.3,565840
2021-05-19 10:21:28,1533.0,566156
2021-05-19 10:21:29,1532.95,566175
2021-05-19 10:21:30,1533.75,566186
2021-05-19 10:21:31,1532.95,566187
2021-05-19 10:21:32,1533.9,566244
2021-05-19 10:21:33,1533.35,566257
2021-05-19 10:21:34,1533.05,566449
2021-05-19 10:21:35,1533.05,566478
2021-05-19 10:21:36,1533.0,566642
2021-05-19 10:21:37,1533.0,566660
2021-05-19 10:21:39,1533.85,566942
2021-05-19 10:21:40,1533.85,567026
2021-05-19 10:21:41,1533.85,567031
2021-05-19 10:21:42,1533.85,567031
2021-05-19 10:21:43,1533.2,567086
2021-05-19 10:21:44,1533.4,567095
2021-05-19 10:21:45,1533.9,567128
2021-05-19 10:21:46,1533.15,567133
2021-05-19 10:21:47,1533.5,567149
2021-05-19 10:21:48,1533.75,567177
2021-05-19 10:21:49,1533.75,567186
2021-05-19 10:21:51,1533.75,567396
2021-05-19 10:21:52,1533.05,567461
2021-05-19 10:21:53,1533.1,567472
2021-05-19 10:21:54,1533.9,567566
2021-05-19 10:21:55,1533.1,567780
2021-05-19 10:21:56,1533.85,567822
2021-05-19 10:21:57,1533.8,567883
2021-05-19 10:21:58,1533.0,567893
2021-05-19 10:21:59,1533.8,567908
2021-05-19 10:22:00,1533.85,567920
2021-05-19 10:22:01,1533.5,567922
2021-05-19 10:22:08,1533.5,568056
2021-05-19 10:22:10,1533.5,568063
2021-05-19 10:22:11,1533.5,568063
2021-05-19 10:22:12,1533.85,568143
2021-05-19 10:22:13,1534.0,568182
2021-05-19 10:22:14,1534.15,568271
2021-05-19 10:22:15,1533.9,568285
2021-05-19 10:22:16,1534.0,568350
2021-05-19 10:22:17,1533.75,568360
2021-05-19 10:22:18,1533.75,568391
2021-05-19 10:22:19,1533.7,568540
2021-05-19 10:22:20,1534.15,568610
2021-05-19 10:22:21,1534.75,568628
2021-05-19 10:22:22,1533.9,569043
2021-05-19 10:22:23,1534.45,569080
2021-05-19 10:22:24,1533.8,569085
2021-05-19 10:22:26,1533.65,569115
2021-05-19 10:22:28,1534.9,569120
2021-05-19 10:22:29,1534.4,569127
2021-05-19 10:22:30,1534.3,569259
2021-05-19 10:22:31,1534.5,569339
2021-05-19 10:22:32,1533.8,569361
2021-05-19 10:22:33,1533.8,569364
2021-05-19 10:22:35,1533.4,570571
2021-05-19 10:22:37,1533.9,570595
2021-05-19 10:22:37,1534.4,570628
2021-05-19 10:22:39,1534.75,572058
2021-05-19 10:22:40,1534.05,572182
2021-05-19 10:22:41,1534.05,572202
2021-05-19 10:22:42,1533.95,572225
2021-05-19 10:22:43,1534.05,572310
2021-05-19 10:22:44,1534.0,572323
2021-05-19 10:22:45,1533.9,572332
2021-05-19 10:22:46,1533.9,572343
2021-05-19 10:22:47,1533.9,572355
2021-05-19 10:22:48,1533.9,572357
2021-05-19 10:22:49,1533.9,572357
2021-05-19 10:22:50,1534.3,572395
2021-05-19 10:22:51,1534.0,572401
2021-05-19 10:22:52,1534.55,572409
2021-05-19 10:22:53,1534.0,572410
2021-05-19 10:22:54,1534.65,572511
2021-05-19 10:22:55,1534.05,572526
2021-05-19 10:22:56,1534.5,572535
2021-05-19 10:22:57,1534.5,572536
2021-05-19 10:22:58,1534.85,572576
2021-05-19 10:23:00,1534.35,572583
2021-05-19 10:23:01,1534.3,572593
2021-05-19 10:23:02,1534.3,572595
2021-05-19 10:23:03,1534.35,572612
2021-05-19 10:23:04,1534.35,572615
2021-05-19 10:23:06,1535.0,573085
2021-05-19 10:23:07,1534.4,573140
2021-05-19 10:23:08,1534.35,573149
2021-05-19 10:23:09,1535.0,573250
2021-05-19 10:23:10,1534.7,573277
2021-05-19 10:23:11,1535.0,573291
2021-05-19 10:23:12,1534.95,573322
2021-05-19 10:23:13,1534.35,573327
2021-05-19 10:23:14,1534.7,573330
2021-05-19 10:23:15,1534.7,573520
2021-05-19 10:23:16,1534.05,573549
2021-05-19 10:23:17,1534.1,573553
2021-05-19 10:23:19,1534.1,573671
2021-05-19 10:23:21,1534.1,573678
2021-05-19 10:23:22,1534.1,573938
2021-05-19 10:23:23,1534.15,573939
2021-05-19 10:23:24,1534.15,573977
2021-05-19 10:23:25,1534.15,574023
2021-05-19 10:23:26,1534.15,574029
2021-05-19 10:23:27,1534.15,574030
2021-05-19 10:23:28,1534.15,574031
2021-05-19 10:23:29,1534.15,574031
2021-05-19 10:23:32,1534.5,574069
2021-05-19 10:23:33,1534.1,574072
2021-05-19 10:23:35,1534.15,574076
2021-05-19 10:23:36,1534.15,574077
2021-05-19 10:23:37,1534.15,574077
2021-05-19 10:23:39,1534.15,574121
2021-05-19 10:23:40,1534.15,574130
2021-05-19 10:23:41,1534.1,574146
2021-05-19 10:23:42,1534.1,574248
2021-05-19 10:23:43,1534.1,574264
2021-05-19 10:23:44,1534.1,574266
2021-05-19 10:23:45,1534.1,574266
2021-05-19 10:23:46,1534.75,574304
2021-05-19 10:23:47,1533.4,575590
2021-05-19 10:23:48,1533.65,575824
2021-05-19 10:23:49,1533.05,575854
2021-05-19 10:23:50,1533.05,575858
2021-05-19 10:23:51,1533.0,575979
2021-05-19 10:23:52,1533.15,576012
2021-05-19 10:23:53,1533.1,576017
2021-05-19 10:23:54,1533.1,576024
2021-05-19 10:23:55,1533.7,576026
2021-05-19 10:23:56,1533.75,576058
2021-05-19 10:23:58,1533.0,576371
2021-05-19 10:23:59,1533.15,576408
2021-05-19 10:24:00,1533.15,576422
2021-05-19 10:24:01,1533.2,578057
2021-05-19 10:24:02,1533.2,578122
2021-05-19 10:24:03,1533.0,578133
2021-05-19 10:24:04,1533.15,578286
2021-05-19 10:24:05,1533.0,578472
2021-05-19 10:24:06,1533.0,578538
2021-05-19 10:24:07,1533.0,578688
2021-05-19 10:24:08,1533.0,578711
2021-05-19 10:24:09,1532.05,579669
2021-05-19 10:24:10,1532.0,579816
2021-05-19 10:24:12,1532.0,579841
2021-05-19 10:24:13,1532.05,579842
2021-05-19 10:24:14,1532.0,579931
2021-05-19 10:24:15,1532.6,580046
2021-05-19 10:24:16,1532.6,580114
2021-05-19 10:24:17,1532.0,580124
2021-05-19 10:24:18,1532.0,580125
2021-05-19 10:24:19,1532.6,580136
2021-05-19 10:24:20,1532.75,580158
2021-05-19 10:24:22,1532.4,580164
2021-05-19 10:24:24,1532.4,580206
2021-05-19 10:24:25,1532.0,580207
2021-05-19 10:24:26,1533.0,580307
2021-05-19 10:24:27,1532.2,580322
2021-05-19 10:24:29,1532.5,580342
2021-05-19 10:24:30,1532.5,580344
2021-05-19 10:24:32,1532.2,580384
2021-05-19 10:24:33,1532.6,580447
2021-05-19 10:24:34,1532.25,580456
2021-05-19 10:24:35,1532.45,580459
2021-05-19 10:24:36,1532.55,580504
2021-05-19 10:24:37,1532.2,580511
2021-05-19 10:24:38,1532.55,580513
2021-05-19 10:24:39,1532.55,580513
2021-05-19 10:24:42,1532.5,581025
2021-05-19 10:24:43,1532.5,581027
2021-05-19 10:24:44,1532.5,581028
2021-05-19 10:24:45,1532.95,581087
2021-05-19 10:24:47,1532.6,582094
2021-05-19 10:24:48,1533.9,582955
2021-05-19 10:24:49,1533.05,582963
2021-05-19 10:24:50,1532.9,582964
2021-05-19 10:24:51,1532.85,582970
2021-05-19 10:24:52,1532.75,583021
2021-05-19 10:24:53,1532.45,583028
2021-05-19 10:24:54,1532.45,583134
2021-05-19 10:24:55,1532.45,583159
2021-05-19 10:24:56,1532.45,583213
2021-05-19 10:24:57,1532.15,583221
2021-05-19 10:24:58,1532.15,583227
2021-05-19 10:24:59,1532.4,583256
2021-05-19 10:25:01,1533.0,583295
2021-05-19 10:25:02,1532.75,583308
2021-05-19 10:25:03,1532.75,583314
2021-05-19 10:25:04,1532.95,583325
2021-05-19 10:25:05,1532.95,583327
2021-05-19 10:25:06,1533.5,583427
2021-05-19 10:25:07,1532.5,583458
2021-05-19 10:25:09,1533.4,583841
2021-05-19 10:25:08,1533.5,583763
2021-05-19 10:25:10,1534.0,583877
2021-05-19 10:25:11,1533.1,583893
2021-05-19 10:25:12,1532.85,583996
2021-05-19 10:25:13,1532.65,584056
2021-05-19 10:25:14,1532.65,584065
2021-05-19 10:25:15,1532.55,584066
2021-05-19 10:25:16,1534.0,584217
2021-05-19 10:25:17,1534.0,584319
2021-05-19 10:25:18,1533.1,584537
2021-05-19 10:25:19,1533.15,584570
2021-05-19 10:25:20,1532.8,584575
2021-05-19 10:25:22,1532.8,584575
2021-05-19 10:25:23,1532.85,584626
2021-05-19 10:25:23,1532.85,584634
2021-05-19 10:25:24,1532.85,584640
2021-05-19 10:25:25,1533.7,584731
2021-05-19 10:25:26,1533.05,584745
2021-05-19 10:25:27,1533.65,584756
2021-05-19 10:25:28,1534.0,584760
2021-05-19 10:25:30,1533.15,584765
2021-05-19 10:25:30,1534.05,584766
2021-05-19 10:25:31,1534.05,584766
2021-05-19 10:25:32,1534.05,584766
2021-05-19 10:25:33,1534.5,584890
2021-05-19 10:25:34,1533.7,584910
2021-05-19 10:25:35,1533.7,584913
2021-05-19 10:25:36,1533.7,584913
2021-05-19 10:25:37,1533.7,584913
2021-05-19 10:25:39,1534.1,584923
2021-05-19 10:25:40,1533.75,585024
2021-05-19 10:25:41,1533.9,585042
2021-05-19 10:25:42,1533.7,585049
2021-05-19 10:25:43,1533.7,585050
2021-05-19 10:25:44,1533.7,585050
2021-05-19 10:25:45,1533.95,585052
2021-05-19 10:25:46,1533.95,585052
2021-05-19 10:25:47,1533.95,585052
2021-05-19 10:25:48,1534.0,585088
2021-05-19 10:25:49,1533.7,585094
2021-05-19 10:25:50,1533.7,585105
2021-05-19 10:25:51,1533.7,585106
2021-05-19 10:25:52,1533.7,585106
2021-05-19 10:25:53,1533.7,585106
2021-05-19 10:25:54,1533.95,585113
2021-05-19 10:25:55,1534.0,585281
2021-05-19 10:25:56,1534.1,585311
2021-05-19 10:25:58,1534.3,585340
2021-05-19 10:25:58,1534.1,585319
2021-05-19 10:25:59,1534.3,585343
2021-05-19 10:26:00,1534.45,585377
2021-05-19 10:26:01,1534.0,585384
2021-05-19 10:26:02,1533.7,585395
2021-05-19 10:26:04,1533.7,585397
2021-05-19 10:26:05,1533.7,585397
2021-05-19 10:26:07,1534.2,585429
2021-05-19 10:26:08,1534.2,585462
2021-05-19 10:26:09,1533.7,585467
2021-05-19 10:26:10,1534.2,585558
2021-05-19 10:26:11,1533.8,585583
2021-05-19 10:26:12,1534.15,585588
2021-05-19 10:26:13,1534.15,585659
2021-05-19 10:26:14,1534.45,585673
2021-05-19 10:26:15,1534.5,585677
2021-05-19 10:26:16,1533.85,585678
2021-05-19 10:26:18,1534.6,585828
2021-05-19 10:26:18,1533.85,585678
2021-05-19 10:26:19,1533.95,585861
2021-05-19 10:26:20,1534.95,586117
2021-05-19 10:26:21,1534.3,586155
2021-05-19 10:26:22,1533.85,586161
2021-05-19 10:26:23,1533.75,586162
2021-05-19 10:26:24,1535.0,586582
2021-05-19 10:26:25,1533.9,586649
2021-05-19 10:26:26,1534.0,586659
2021-05-19 10:26:27,1533.95,586660
2021-05-19 10:26:29,1533.9,586668
2021-05-19 10:26:29,1533.9,586669
2021-05-19 10:26:30,1534.5,586714
2021-05-19 10:26:31,1534.9,586791
2021-05-19 10:26:32,1534.05,586829
2021-05-19 10:26:33,1534.1,586835
2021-05-19 10:26:34,1534.5,586840
2021-05-19 10:26:35,1534.5,586853
2021-05-19 10:26:36,1534.1,586955
2021-05-19 10:26:37,1534.8,587001
2021-05-19 10:26:39,1534.3,587009
2021-05-19 10:26:40,1534.3,587009
2021-05-19 10:26:41,1534.3,587009
2021-05-19 10:26:42,1534.3,587009
2021-05-19 10:26:44,1534.25,587113
2021-05-19 10:26:45,1534.5,587129
2021-05-19 10:26:46,1534.8,587134
2021-05-19 10:26:47,1534.55,587137
2021-05-19 10:26:48,1534.55,587137
2021-05-19 10:26:50,1534.75,587173
2021-05-19 10:26:50,1534.5,587179
2021-05-19 10:26:51,1534.5,587179
2021-05-19 10:26:52,1535.0,587279
2021-05-19 10:26:53,1534.5,587294
2021-05-19 10:26:54,1534.55,587297
2021-05-19 10:26:55,1535.0,587317
2021-05-19 10:26:56,1534.95,587330
2021-05-19 10:26:57,1534.95,588021
2021-05-19 10:26:58,1534.95,588035
2021-05-19 10:26:59,1534.95,588040
2021-05-19 10:27:00,1534.75,588041
2021-05-19 10:27:01,1535.0,588541
2021-05-19 10:27:03,1534.65,588616
2021-05-19 10:27:04,1535.0,588638
2021-05-19 10:27:05,1534.6,588641
2021-05-19 10:27:06,1534.6,588642
2021-05-19 10:27:07,1534.6,588642
2021-05-19 10:27:08,1534.65,588657
2021-05-19 10:27:09,1534.65,588659
2021-05-19 10:27:10,1535.6,589141
2021-05-19 10:27:10,1535.6,589194
2021-05-19 10:27:11,1535.6,589212
2021-05-19 10:27:12,1535.9,589229
2021-05-19 10:27:13,1535.9,589246
2021-05-19 10:27:14,1535.9,589286
2021-05-19 10:27:15,1536.0,589326
2021-05-19 10:27:16,1536.0,589334
2021-05-19 10:27:19,1536.0,589385
2021-05-19 10:27:20,1536.0,589438
2021-05-19 10:27:21,1536.55,589550
2021-05-19 10:27:22,1536.75,589579
2021-05-19 10:27:22,1536.4,589584
2021-05-19 10:27:23,1536.05,589796
2021-05-19 10:27:24,1537.0,589838
2021-05-19 10:27:25,1536.1,589844
2021-05-19 10:27:26,1536.95,590147
2021-05-19 10:27:27,1536.1,590192
2021-05-19 10:27:28,1536.0,590259
2021-05-19 10:27:29,1535.95,590262
2021-05-19 10:27:30,1536.0,590307
2021-05-19 10:27:31,1536.35,590514
2021-05-19 10:27:33,1535.5,590518
2021-05-19 10:27:34,1536.45,590572
2021-05-19 10:27:35,1536.65,590590
2021-05-19 10:27:36,1535.85,590593
2021-05-19 10:27:37,1536.25,590602
2021-05-19 10:27:38,1536.7,590631
2021-05-19 10:27:39,1535.95,590636
2021-05-19 10:27:40,1536.65,590638
2021-05-19 10:27:42,1536.6,590639
2021-05-19 10:27:43,1536.6,590661
2021-05-19 10:27:44,1536.0,590664
2021-05-19 10:27:46,1536.45,590697
2021-05-19 10:27:47,1536.0,590699
2021-05-19 10:27:48,1535.95,590700
2021-05-19 10:27:49,1536.3,590702
2021-05-19 10:27:50,1536.3,590702
2021-05-19 10:27:51,1536.5,590712
2021-05-19 10:27:52,1536.5,590750
2021-05-19 10:27:53,1536.0,590755
2021-05-19 10:27:54,1536.85,591256
2021-05-19 10:27:56,1536.75,591382
2021-05-19 10:27:57,1535.95,591405
2021-05-19 10:27:58,1536.7,591430
2021-05-19 10:27:59,1536.6,591474
2021-05-19 10:28:01,1536.0,591482
2021-05-19 10:28:02,1536.0,591529
2021-05-19 10:28:03,1535.8,591542
2021-05-19 10:28:04,1535.4,591639
2021-05-19 10:28:04,1535.4,591627
2021-05-19 10:28:05,1535.4,591671
2021-05-19 10:28:06,1535.4,591676
2021-05-19 10:28:07,1535.1,591677
2021-05-19 10:28:08,1535.65,591684
2021-05-19 10:28:09,1535.0,591685
2021-05-19 10:28:10,1535.0,591685
2021-05-19 10:28:11,1535.0,591889
2021-05-19 10:28:12,1535.0,591924
2021-05-19 10:28:13,1535.0,591929
2021-05-19 10:28:14,1534.95,593314
2021-05-19 10:28:15,1534.0,593570
2021-05-19 10:28:16,1533.7,593595
2021-05-19 10:28:17,1533.5,593599
2021-05-19 10:28:18,1535.05,594600
2021-05-19 10:28:19,1534.1,594683
2021-05-19 10:28:21,1534.05,594695
2021-05-19 10:28:22,1534.1,594733
2021-05-19 10:28:23,1534.05,594766
2021-05-19 10:28:24,1533.5,594892
2021-05-19 10:28:24,1533.55,594923
2021-05-19 10:28:26,1533.3,594933
2021-05-19 10:28:27,1533.4,594936
2021-05-19 10:28:28,1534.3,594957
2021-05-19 10:28:29,1533.8,594960
2021-05-19 10:28:30,1533.8,594961
2021-05-19 10:28:31,1533.8,594961
2021-05-19 10:28:32,1534.2,594998
2021-05-19 10:28:34,1533.8,595003
2021-05-19 10:28:35,1534.05,595004
2021-05-19 10:28:36,1534.05,595004
2021-05-19 10:28:37,1534.05,595004
2021-05-19 10:28:38,1534.05,595004
2021-05-19 10:28:39,1534.05,595004
2021-05-19 10:28:40,1534.05,595004
2021-05-19 10:28:41,1534.05,595004
2021-05-19 10:28:42,1534.05,595004
2021-05-19 10:28:43,1534.05,595004
2021-05-19 10:28:44,1534.3,595005
2021-05-19 10:28:45,1534.3,595005
2021-05-19 10:28:46,1534.9,595042
2021-05-19 10:28:48,1534.6,595081
2021-05-19 10:28:49,1534.95,595087
2021-05-19 10:28:50,1535.0,595643
2021-05-19 10:28:51,1534.95,595694
2021-05-19 10:28:53,1534.55,595938
2021-05-19 10:28:54,1534.35,595973
2021-05-19 10:28:55,1534.45,596011
2021-05-19 10:28:56,1534.55,596080
2021-05-19 10:28:57,1534.3,596090
2021-05-19 10:28:58,1534.15,596092
2021-05-19 10:28:59,1535.0,596293
2021-05-19 10:29:00,1534.35,596323
2021-05-19 10:29:01,1534.75,596327
2021-05-19 10:29:02,1534.75,596328
2021-05-19 10:29:04,1535.35,596361
2021-05-19 10:29:05,1534.4,596366
2021-05-19 10:29:06,1535.0,596367
2021-05-19 10:29:07,1535.0,596367
2021-05-19 10:29:07,1534.5,596467
2021-05-19 10:29:08,1534.25,596482
2021-05-19 10:29:09,1534.1,596484
2021-05-19 10:29:10,1534.1,596484
2021-05-19 10:29:11,1534.6,596502
2021-05-19 10:29:12,1534.05,596503
2021-05-19 10:29:13,1534.6,596523
2021-05-19 10:29:14,1534.05,596526
2021-05-19 10:29:15,1534.3,596527
2021-05-19 10:29:19,1534.05,596567
2021-05-19 10:29:20,1534.05,596567
2021-05-19 10:29:21,1534.05,596567
2021-05-19 10:29:22,1534.95,596767
2021-05-19 10:29:24,1534.95,596900
2021-05-19 10:29:25,1534.95,596920
2021-05-19 10:29:26,1535.05,596935
2021-05-19 10:29:28,1534.95,597068
2021-05-19 10:29:28,1535.2,597075
2021-05-19 10:29:29,1535.5,597096
2021-05-19 10:29:30,1535.0,597322
2021-05-19 10:29:31,1534.9,597356
2021-05-19 10:29:32,1534.85,597363
2021-05-19 10:29:33,1534.85,597364
2021-05-19 10:29:34,1534.85,597364
2021-05-19 10:29:36,1535.2,597365
2021-05-19 10:29:37,1534.65,597366
2021-05-19 10:29:38,1534.85,597368
2021-05-19 10:29:39,1535.2,597869
2021-05-19 10:29:40,1535.0,597944
2021-05-19 10:29:41,1535.6,597980
2021-05-19 10:29:42,1534.95,597989
2021-05-19 10:29:43,1535.25,598021
2021-05-19 10:29:44,1535.5,598027
2021-05-19 10:29:45,1534.55,598028
2021-05-19 10:29:46,1535.2,598029
2021-05-19 10:29:47,1535.65,598629
2021-05-19 10:29:48,1535.2,598668
2021-05-19 10:29:49,1535.2,598684
2021-05-19 10:29:51,1534.7,598686
2021-05-19 10:29:52,1534.7,598687
2021-05-19 10:29:53,1534.75,598741
2021-05-19 10:29:54,1534.75,598750
2021-05-19 10:29:54,1534.75,598752
2021-05-19 10:29:55,1534.75,598752
2021-05-19 10:29:56,1535.2,598762
2021-05-19 10:29:57,1534.95,598764
2021-05-19 10:29:59,1534.95,598787
2021-05-19 10:30:01,1535.2,598815
2021-05-19 10:30:02,1534.7,598829
2021-05-19 10:30:03,1534.7,598831
2021-05-19 10:30:04,1534.7,598831
2021-05-19 10:30:05,1534.4,599232
2021-05-19 10:30:07,1534.4,599302
2021-05-19 10:30:08,1534.4,599304
2021-05-19 10:30:09,1534.6,599322
2021-05-19 10:30:10,1534.3,599354
2021-05-19 10:30:10,1534.5,599359
2021-05-19 10:30:11,1534.95,599390
2021-05-19 10:30:12,1534.9,599399
2021-05-19 10:30:13,1534.5,599652
2021-05-19 10:30:14,1534.5,603510
2021-05-19 10:30:16,1534.5,604576
2021-05-19 10:30:16,1534.5,604617
2021-05-19 10:30:17,1534.1,604623
2021-05-19 10:30:18,1534.1,604624
2021-05-19 10:30:19,1534.1,604624
2021-05-19 10:30:21,1534.1,604624
2021-05-19 10:30:22,1533.6,606767
2021-05-19 10:30:23,1533.55,606772
2021-05-19 10:30:24,1533.55,606810
2021-05-19 10:30:25,1533.5,606849
2021-05-19 10:30:27,1533.25,606899
2021-05-19 10:30:28,1533.2,606910
2021-05-19 10:30:28,1533.2,606927
2021-05-19 10:30:30,1533.0,606929
2021-05-19 10:30:31,1533.0,606930
2021-05-19 10:30:32,1533.0,606992
2021-05-19 10:30:33,1533.0,607001
2021-05-19 10:30:36,1533.0,607042
2021-05-19 10:30:37,1533.0,607303
2021-05-19 10:30:38,1533.1,607342
2021-05-19 10:30:39,1533.5,607348
2021-05-19 10:30:40,1534.1,607352
2021-05-19 10:30:41,1534.25,607553
2021-05-19 10:30:43,1534.1,607579
2021-05-19 10:30:44,1533.4,607583
2021-05-19 10:30:46,1533.45,607586
2021-05-19 10:30:47,1533.8,607590
2021-05-19 10:30:48,1533.8,607611
2021-05-19 10:30:49,1534.25,607614
2021-05-19 10:30:50,1534.3,607621
2021-05-19 10:30:50,1533.65,607622
2021-05-19 10:30:51,1533.65,607622
2021-05-19 10:30:52,1534.3,607637
2021-05-19 10:30:54,1534.0,607760
2021-05-19 10:30:55,1534.25,607775
2021-05-19 10:30:56,1533.8,607777
2021-05-19 10:30:57,1533.75,607778
2021-05-19 10:30:59,1533.8,607781
2021-05-19 10:31:00,1533.8,607781
2021-05-19 10:31:02,1534.2,607924
2021-05-19 10:31:02,1534.15,607955
2021-05-19 10:31:03,1533.95,607960
2021-05-19 10:31:04,1534.6,607993
2021-05-19 10:31:05,1533.85,607997
2021-05-19 10:31:06,1534.85,608003
2021-05-19 10:31:07,1534.25,608011
2021-05-19 10:31:09,1534.6,608071
2021-05-19 10:31:10,1533.95,608081
2021-05-19 10:31:11,1533.95,608082
2021-05-19 10:31:12,1533.95,608082
2021-05-19 10:31:13,1533.95,608082
2021-05-19 10:31:14,1534.25,608083
2021-05-19 10:31:15,1534.25,608083
2021-05-19 10:31:16,1534.25,608083
2021-05-19 10:31:17,1534.25,608083
2021-05-19 10:31:18,1534.25,608083
2021-05-19 10:31:19,1534.95,608120
2021-05-19 10:31:20,1534.95,608231
2021-05-19 10:31:21,1534.95,608298
2021-05-19 10:31:22,1534.6,608308
2021-05-19 10:31:24,1534.9,608335
2021-05-19 10:31:25,1534.25,608336
2021-05-19 10:31:26,1534.25,608336
2021-05-19 10:31:27,1534.25,608341
2021-05-19 10:31:28,1534.25,608341
2021-05-19 10:31:29,1534.25,608341
2021-05-19 10:31:30,1535.0,608401
2021-05-19 10:31:31,1534.95,608410
2021-05-19 10:31:32,1535.0,608433
2021-05-19 10:31:33,1535.0,608436
2021-05-19 10:31:34,1535.2,608438
2021-05-19 10:31:35,1535.2,608439
2021-05-19 10:31:36,1535.2,608440
2021-05-19 10:31:37,1535.2,608440
2021-05-19 10:31:38,1535.3,608512
2021-05-19 10:31:38,1534.9,608523
2021-05-19 10:31:39,1534.9,608525
2021-05-19 10:31:40,1534.9,608525
2021-05-19 10:31:42,1534.9,608525
2021-05-19 10:31:44,1535.45,608570
2021-05-19 10:31:45,1535.1,608587
2021-05-19 10:31:46,1535.45,608616
2021-05-19 10:31:47,1535.35,608627
2021-05-19 10:31:48,1535.35,608648
2021-05-19 10:31:49,1534.95,608652
2021-05-19 10:31:50,1535.5,608654
2021-05-19 10:31:51,1535.65,608713
2021-05-19 10:31:52,1535.45,608753
2021-05-19 10:31:53,1534.55,608759
2021-05-19 10:31:54,1534.55,608760
2021-05-19 10:31:55,1534.55,608760
2021-05-19 10:31:56,1534.55,608760
2021-05-19 10:31:57,1534.55,608760
2021-05-19 10:31:58,1534.55,608760
2021-05-19 10:31:59,1535.25,608765
2021-05-19 10:32:00,1535.75,608849
2021-05-19 10:32:01,1535.75,608874
2021-05-19 10:32:03,1535.1,608877
2021-05-19 10:32:04,1535.5,608881
2021-05-19 10:32:05,1535.5,608881
2021-05-19 10:32:06,1536.0,608943
2021-05-19 10:32:07,1535.5,608953
2021-05-19 10:32:08,1535.5,608954
2021-05-19 10:32:09,1535.5,608954
2021-05-19 10:32:10,1535.55,608955
2021-05-19 10:32:11,1535.75,608956
2021-05-19 10:32:12,1535.95,608992
2021-05-19 10:32:13,1535.35,608998
2021-05-19 10:32:15,1535.35,608998
2021-05-19 10:32:16,1535.35,608998
2021-05-19 10:32:17,1535.6,609009
2021-05-19 10:32:18,1535.6,609010
2021-05-19 10:32:19,1535.9,609012
2021-05-19 10:32:20,1535.9,609012
2021-05-19 10:32:21,1536.0,611065
2021-05-19 10:32:22,1535.9,611127
2021-05-19 10:32:23,1535.95,611174
2021-05-19 10:32:24,1535.9,611440
2021-05-19 10:32:25,1535.6,611467
2021-05-19 10:32:27,1535.65,611472
2021-05-19 10:32:28,1535.65,611472
2021-05-19 10:32:29,1535.7,611505
2021-05-19 10:32:30,1535.55,611510
2021-05-19 10:32:31,1535.1,612510
2021-05-19 10:32:32,1535.0,612655
2021-05-19 10:32:34,1535.45,612777
2021-05-19 10:32:35,1534.65,612795
2021-05-19 10:32:36,1534.55,612798
2021-05-19 10:32:37,1534.6,612799
2021-05-19 10:32:38,1534.65,612815
2021-05-19 10:32:40,1534.6,612824
2021-05-19 10:32:41,1535.0,612836
2021-05-19 10:32:42,1534.55,612838
2021-05-19 10:32:43,1534.5,613181
2021-05-19 10:32:44,1534.0,613244
2021-05-19 10:32:45,1534.35,613254
2021-05-19 10:32:46,1534.35,613271
2021-05-19 10:32:47,1534.35,613289
2021-05-19 10:32:48,1533.8,613292
2021-05-19 10:32:49,1533.8,613292
2021-05-19 10:32:50,1533.8,613307
2021-05-19 10:32:50,1533.85,613309
2021-05-19 10:32:51,1533.85,613310
2021-05-19 10:32:53,1533.85,613310
2021-05-19 10:32:54,1533.85,613310
2021-05-19 10:32:55,1533.85,613310
2021-05-19 10:32:56,1533.85,613310
2021-05-19 10:32:57,1533.8,613370
2021-05-19 10:32:58,1534.35,613389
2021-05-19 10:32:59,1533.85,613392
2021-05-19 10:33:00,1533.85,613392
2021-05-19 10:33:01,1534.3,613425
2021-05-19 10:33:02,1533.8,613430
2021-05-19 10:33:03,1533.8,613431
2021-05-19 10:33:04,1533.8,613431
2021-05-19 10:33:05,1534.3,613441
2021-05-19 10:33:06,1533.8,613495
2021-05-19 10:33:07,1533.8,613507
2021-05-19 10:33:08,1533.8,613509
2021-05-19 10:33:09,1533.8,613514
2021-05-19 10:33:10,1533.8,613515
2021-05-19 10:33:11,1533.85,613620
2021-05-19 10:33:11,1533.85,613636
2021-05-19 10:33:12,1534.35,613658
2021-05-19 10:33:14,1534.1,613661
2021-05-19 10:33:15,1534.35,613663
2021-05-19 10:33:16,1534.55,613673
2021-05-19 10:33:17,1534.0,613684
2021-05-19 10:33:19,1534.0,613685
2021-05-19 10:33:20,1534.0,613685
2021-05-19 10:33:21,1534.0,613685
2021-05-19 10:33:22,1534.0,613685
2021-05-19 10:33:23,1533.95,613686
2021-05-19 10:33:24,1534.4,613722
2021-05-19 10:33:25,1533.9,613727
2021-05-19 10:33:26,1534.15,613730
2021-05-19 10:33:27,1534.15,613731
2021-05-19 10:33:28,1534.15,613731
2021-05-19 10:33:29,1534.15,613731
2021-05-19 10:33:30,1534.55,613742
2021-05-19 10:33:31,1535.45,613894
2021-05-19 10:33:34,1534.7,613947
2021-05-19 10:33:33,1534.7,613946
2021-05-19 10:33:35,1535.0,613948
2021-05-19 10:33:36,1534.7,614019
2021-05-19 10:33:37,1534.65,614042
2021-05-19 10:33:38,1534.65,614046
2021-05-19 10:33:39,1534.65,614047
2021-05-19 10:33:40,1534.65,614047
2021-05-19 10:33:41,1534.65,614047
2021-05-19 10:33:42,1535.15,614052
2021-05-19 10:33:43,1535.15,614083
2021-05-19 10:33:44,1535.15,614084
2021-05-19 10:33:45,1534.65,614085
2021-05-19 10:33:46,1534.65,614090
2021-05-19 10:33:47,1534.7,614125
2021-05-19 10:33:48,1534.7,614128
2021-05-19 10:33:49,1534.65,614129
2021-05-19 10:33:50,1534.65,614129
2021-05-19 10:33:51,1534.65,614129
2021-05-19 10:33:52,1534.65,614129
2021-05-19 10:33:53,1534.7,614136
2021-05-19 10:33:54,1534.7,614137
2021-05-19 10:33:55,1534.7,614137
2021-05-19 10:33:56,1534.95,614140
2021-05-19 10:33:57,1535.3,614170
2021-05-19 10:33:58,1534.95,614201
2021-05-19 10:33:59,1534.95,614204
2021-05-19 10:34:00,1534.7,614205
2021-05-19 10:34:01,1534.7,614205
2021-05-19 10:34:02,1534.7,614205
2021-05-19 10:34:03,1534.7,614205
2021-05-19 10:34:04,1534.75,614206
2021-05-19 10:34:05,1534.75,614206
2021-05-19 10:34:06,1535.4,614275
2021-05-19 10:34:07,1534.7,614285
2021-05-19 10:34:08,1534.75,614287
2021-05-19 10:34:09,1535.4,614327
2021-05-19 10:34:10,1535.0,614333
2021-05-19 10:34:11,1535.6,614345
2021-05-19 10:34:12,1535.45,614367
2021-05-19 10:34:13,1534.7,614370
2021-05-19 10:34:14,1534.7,614371
2021-05-19 10:34:15,1534.7,614371
2021-05-19 10:34:16,1534.75,614372
2021-05-19 10:34:17,1535.65,614387
2021-05-19 10:34:18,1535.05,614389
2021-05-19 10:34:19,1535.6,614393
2021-05-19 10:34:20,1535.6,614394
2021-05-19 10:34:21,1535.65,614423
2021-05-19 10:34:22,1535.25,614431
2021-05-19 10:34:23,1535.25,614433
2021-05-19 10:34:24,1535.25,614433
2021-05-19 10:34:25,1535.65,614434
2021-05-19 10:34:26,1535.65,614441
2021-05-19 10:34:27,1535.65,614442
2021-05-19 10:34:28,1536.0,614465
2021-05-19 10:34:29,1535.7,614469
2021-05-19 10:34:30,1535.7,614469
2021-05-19 10:34:31,1536.0,614519
2021-05-19 10:34:32,1535.35,614554
2021-05-19 10:34:33,1535.35,614563
2021-05-19 10:34:34,1535.35,614565
2021-05-19 10:34:35,1535.35,614565
2021-05-19 10:34:36,1535.35,614565
2021-05-19 10:34:37,1535.6,614569
2021-05-19 10:34:38,1535.6,614575
2021-05-19 10:34:39,1535.85,614582
2021-05-19 10:34:40,1534.8,615104
2021-05-19 10:34:41,1534.7,615182
2021-05-19 10:34:42,1534.7,615194
2021-05-19 10:34:43,1534.7,615326
2021-05-19 10:34:44,1534.7,615345
2021-05-19 10:34:45,1535.45,615848
2021-05-19 10:34:46,1534.7,615924
2021-05-19 10:34:47,1534.7,616455
2021-05-19 10:34:48,1535.4,616542
2021-05-19 10:34:49,1534.55,616543
2021-05-19 10:34:50,1535.3,616655
2021-05-19 10:34:51,1534.7,616673
2021-05-19 10:34:52,1535.25,616709
2021-05-19 10:34:53,1534.7,616715
2021-05-19 10:34:54,1534.7,616716
2021-05-19 10:34:55,1534.7,616739
2021-05-19 10:34:56,1534.15,616762
2021-05-19 10:34:57,1534.2,616765
2021-05-19 10:34:58,1534.95,616776
2021-05-19 10:34:59,1534.25,617027
2021-05-19 10:35:00,1534.3,617065
2021-05-19 10:35:02,1534.5,617072
2021-05-19 10:35:03,1534.5,617072
2021-05-19 10:35:04,1534.7,617073
2021-05-19 10:35:05,1534.5,617165
2021-05-19 10:35:06,1534.2,617184
2021-05-19 10:35:07,1534.2,617187
2021-05-19 10:35:08,1534.2,617187
2021-05-19 10:35:09,1534.2,617187
2021-05-19 10:35:10,1534.2,617187
2021-05-19 10:35:11,1534.2,617187
2021-05-19 10:35:12,1534.2,617187
2021-05-19 10:35:13,1534.45,617224
2021-05-19 10:35:14,1534.2,617230
2021-05-19 10:35:15,1534.6,617246
2021-05-19 10:35:16,1534.2,617248
2021-05-19 10:35:17,1534.0,617288
2021-05-19 10:35:18,1534.25,617294
2021-05-19 10:35:19,1534.3,617295
2021-05-19 10:35:20,1534.3,617295
2021-05-19 10:35:21,1534.3,617295
2021-05-19 10:35:22,1534.7,617326
2021-05-19 10:35:25,1534.0,617332
2021-05-19 10:35:26,1534.0,617332
2021-05-19 10:35:27,1534.0,617332
2021-05-19 10:35:28,1534.0,617332
2021-05-19 10:35:29,1534.5,617342
2021-05-19 10:35:30,1533.35,618289
2021-05-19 10:35:31,1533.4,618433
2021-05-19 10:35:32,1533.3,618443
2021-05-19 10:35:33,1533.05,618485
2021-05-19 10:35:34,1533.25,618508
2021-05-19 10:35:35,1533.25,618515
2021-05-19 10:35:36,1534.1,618617
2021-05-19 10:35:37,1533.5,618632
2021-05-19 10:35:38,1533.55,618635
2021-05-19 10:35:39,1533.55,618637
2021-05-19 10:35:40,1533.55,618637
2021-05-19 10:35:42,1533.55,618637
2021-05-19 10:35:42,1533.95,618661
2021-05-19 10:35:43,1533.95,618772
2021-05-19 10:35:44,1533.15,618788
2021-05-19 10:35:45,1533.15,618791
2021-05-19 10:35:46,1533.15,618791
2021-05-19 10:35:47,1533.15,618791
2021-05-19 10:35:48,1533.15,618791
2021-05-19 10:35:49,1534.2,618891
2021-05-19 10:35:50,1534.35,618929
2021-05-19 10:35:51,1533.65,618935
2021-05-19 10:35:52,1533.65,618936
2021-05-19 10:35:53,1533.65,618936
2021-05-19 10:35:54,1533.65,618936
2021-05-19 10:35:56,1534.0,618993
2021-05-19 10:35:58,1534.4,618996
2021-05-19 10:35:58,1534.0,619076
2021-05-19 10:35:59,1533.5,619088
2021-05-19 10:36:00,1533.8,619140
2021-05-19 10:36:01,1534.05,619402
2021-05-19 10:36:02,1533.65,619477
2021-05-19 10:36:03,1533.65,619488
2021-05-19 10:36:04,1533.65,619490
2021-05-19 10:36:06,1533.65,619625
2021-05-19 10:36:06,1533.4,619649
2021-05-19 10:36:07,1533.4,619854
2021-05-19 10:36:09,1533.8,619889
2021-05-19 10:36:10,1534.25,619911
2021-05-19 10:36:11,1533.35,619914
2021-05-19 10:36:12,1534.25,620065
2021-05-19 10:36:13,1533.75,620088
2021-05-19 10:36:15,1533.8,620091
2021-05-19 10:36:15,1534.0,620092
2021-05-19 10:36:16,1534.5,620113
2021-05-19 10:36:17,1534.35,620117
2021-05-19 10:36:18,1534.5,620125
2021-05-19 10:36:19,1534.25,620126
2021-05-19 10:36:20,1534.25,620126
2021-05-19 10:36:22,1534.35,620144
2021-05-19 10:36:23,1534.45,620147
2021-05-19 10:36:24,1534.5,620188
2021-05-19 10:36:25,1534.5,620194
2021-05-19 10:36:27,1534.5,620248
2021-05-19 10:36:27,1534.5,620241
2021-05-19 10:36:28,1534.55,620287
2021-05-19 10:36:29,1534.55,620362
2021-05-19 10:36:30,1534.25,620456
2021-05-19 10:36:31,1533.8,620466
2021-05-19 10:36:32,1533.8,620472
2021-05-19 10:36:33,1533.65,620473
2021-05-19 10:36:35,1533.7,620478
2021-05-19 10:36:36,1534.3,620483
2021-05-19 10:36:37,1534.0,620484
2021-05-19 10:36:38,1534.0,620484
2021-05-19 10:36:39,1534.0,620484
2021-05-19 10:36:41,1534.4,620537
2021-05-19 10:36:41,1534.5,620763
2021-05-19 10:36:42,1533.7,620797
2021-05-19 10:36:43,1534.05,620802
2021-05-19 10:36:44,1534.45,620891
2021-05-19 10:36:45,1534.4,620905
2021-05-19 10:36:46,1534.7,620949
2021-05-19 10:36:47,1534.25,620956
2021-05-19 10:36:48,1534.3,620987
2021-05-19 10:36:49,1534.55,621041
2021-05-19 10:36:50,1534.55,621054
2021-05-19 10:36:52,1534.55,621056
2021-05-19 10:36:53,1534.8,621098
2021-05-19 10:36:54,1534.8,621104
2021-05-19 10:36:55,1534.8,621105
2021-05-19 10:36:57,1535.0,621109
2021-05-19 10:36:58,1535.0,621129
2021-05-19 10:36:59,1535.0,621286
2021-05-19 10:37:00,1535.0,621325
2021-05-19 10:37:01,1534.55,621331
2021-05-19 10:37:02,1534.55,621332
2021-05-19 10:37:03,1534.55,621332
2021-05-19 10:37:04,1534.55,621332
2021-05-19 10:37:05,1535.0,621357
2021-05-19 10:37:06,1534.8,621361
2021-05-19 10:37:08,1535.0,621487
2021-05-19 10:37:08,1534.8,621506
2021-05-19 10:37:09,1535.0,621526
2021-05-19 10:37:10,1535.0,621529
2021-05-19 10:37:11,1535.0,621529
2021-05-19 10:37:12,1535.3,621530
2021-05-19 10:37:13,1535.3,621530
2021-05-19 10:37:14,1535.35,621603
2021-05-19 10:37:15,1535.35,621614
2021-05-19 10:37:16,1535.55,621778
2021-05-19 10:37:17,1535.6,621804
2021-05-19 10:37:18,1535.0,621819
2021-05-19 10:37:19,1535.0,621821
2021-05-19 10:37:20,1535.0,621821
2021-05-19 10:37:21,1535.0,621821
2021-05-19 10:37:22,1535.0,621821
2021-05-19 10:37:23,1535.0,621871
2021-05-19 10:37:24,1535.25,621885
2021-05-19 10:37:25,1535.45,621889
2021-05-19 10:37:26,1535.55,621893
2021-05-19 10:37:27,1535.55,621894
2021-05-19 10:37:28,1535.7,622032
2021-05-19 10:37:29,1535.75,622467
2021-05-19 10:37:30,1535.6,622533
2021-05-19 10:37:32,1535.95,622548
2021-05-19 10:37:33,1535.95,622549
2021-05-19 10:37:36,1535.65,622599
2021-05-19 10:37:36,1535.65,622607
2021-05-19 10:37:38,1535.8,622623
2021-05-19 10:37:38,1535.85,622627
2021-05-19 10:37:39,1535.85,622628
2021-05-19 10:37:40,1535.95,622631
2021-05-19 10:37:41,1535.95,622632
2021-05-19 10:37:42,1536.0,622660
2021-05-19 10:37:43,1535.95,622664
2021-05-19 10:37:44,1536.0,622836
2021-05-19 10:37:45,1535.95,622838
2021-05-19 10:37:46,1535.95,622840
2021-05-19 10:37:47,1535.95,622840
2021-05-19 10:37:48,1535.5,623286
2021-05-19 10:37:49,1535.5,623353
2021-05-19 10:37:50,1535.5,623363
2021-05-19 10:37:53,1536.05,623415
2021-05-19 10:37:54,1535.0,623441
2021-05-19 10:37:54,1535.6,623468
2021-05-19 10:37:55,1534.5,623672
2021-05-19 10:37:56,1535.1,623824
2021-05-19 10:37:57,1534.5,623847
2021-05-19 10:37:58,1534.5,623850
2021-05-19 10:37:59,1535.25,623901
2021-05-19 10:38:00,1534.55,623909
2021-05-19 10:38:01,1534.95,623910
2021-05-19 10:38:02,1535.4,624005
2021-05-19 10:38:03,1534.75,624019
2021-05-19 10:38:04,1535.25,624032
2021-05-19 10:38:05,1535.25,624034
2021-05-19 10:38:06,1535.3,624035
2021-05-19 10:38:07,1535.3,624035
2021-05-19 10:38:09,1536.0,624131
2021-05-19 10:38:10,1535.45,624148
2021-05-19 10:38:10,1535.45,624187
2021-05-19 10:38:11,1535.45,624193
2021-05-19 10:38:12,1536.2,624213
2021-05-19 10:38:14,1536.4,624720
2021-05-19 10:38:13,1536.3,624293
2021-05-19 10:38:15,1536.2,624738
2021-05-19 10:38:16,1535.7,624745
2021-05-19 10:38:17,1536.2,624749
2021-05-19 10:38:18,1535.7,624750
2021-05-19 10:38:19,1535.45,624809
2021-05-19 10:38:20,1535.55,624825
2021-05-19 10:38:22,1535.45,624886
2021-05-19 10:38:23,1535.35,624897
2021-05-19 10:38:24,1535.35,624899
2021-05-19 10:38:24,1535.35,624899
2021-05-19 10:38:25,1536.15,624908
2021-05-19 10:38:26,1535.6,624910
2021-05-19 10:38:27,1535.65,624913
2021-05-19 10:38:28,1535.65,624913
2021-05-19 10:38:29,1536.25,624944
2021-05-19 10:38:31,1536.3,625006
2021-05-19 10:38:32,1536.3,625020
2021-05-19 10:38:33,1536.3,625022
2021-05-19 10:38:35,1536.3,625118
2021-05-19 10:38:36,1536.15,625136
2021-05-19 10:38:37,1535.65,625140
2021-05-19 10:38:38,1535.65,625141
2021-05-19 10:38:39,1535.65,625141
2021-05-19 10:38:40,1535.65,625141
2021-05-19 10:38:41,1535.65,625141
2021-05-19 10:38:42,1536.0,625142
2021-05-19 10:38:43,1536.0,625142
2021-05-19 10:38:44,1536.0,625142
2021-05-19 10:38:45,1536.0,625142
2021-05-19 10:38:46,1536.25,626749
2021-05-19 10:38:48,1536.25,627021
2021-05-19 10:38:49,1536.25,627033
2021-05-19 10:38:50,1536.25,627035
2021-05-19 10:38:51,1536.25,627035
2021-05-19 10:38:52,1536.25,627035
2021-05-19 10:38:53,1536.25,627035
2021-05-19 10:38:54,1536.8,627078
2021-05-19 10:38:55,1536.6,627085
2021-05-19 10:38:56,1536.8,627091
2021-05-19 10:38:57,1536.7,627118
2021-05-19 10:38:58,1536.55,627122
2021-05-19 10:38:59,1536.55,627123
2021-05-19 10:39:00,1536.55,627123
2021-05-19 10:39:01,1536.55,627123
2021-05-19 10:39:03,1536.8,627152
2021-05-19 10:39:04,1536.7,627156
2021-05-19 10:39:05,1536.85,627157
2021-05-19 10:39:05,1536.9,627164
2021-05-19 10:39:06,1537.0,627192
2021-05-19 10:39:07,1536.85,627196
2021-05-19 10:39:08,1536.9,627202
2021-05-19 10:39:09,1536.9,627331
2021-05-19 10:39:10,1536.9,627350
2021-05-19 10:39:11,1537.75,629150
2021-05-19 10:39:12,1537.55,629268
2021-05-19 10:39:13,1537.55,629447
2021-05-19 10:39:14,1538.5,629775
2021-05-19 10:39:16,1538.6,629924
2021-05-19 10:39:17,1538.1,630062
2021-05-19 10:39:18,1537.55,630083
2021-05-19 10:39:19,1537.55,630086
2021-05-19 10:39:20,1538.1,630095
2021-05-19 10:39:21,1537.55,630096
2021-05-19 10:39:21,1537.55,630097
2021-05-19 10:39:22,1537.55,630097
2021-05-19 10:39:23,1537.55,630097
2021-05-19 10:39:24,1537.85,630294
2021-05-19 10:39:26,1537.85,630324
2021-05-19 10:39:26,1537.55,630329
2021-05-19 10:39:27,1537.55,630330
2021-05-19 10:39:28,1537.9,630440
2021-05-19 10:39:29,1537.55,630456
2021-05-19 10:39:30,1537.9,630489
2021-05-19 10:39:31,1538.0,630594
2021-05-19 10:39:33,1538.0,630626
2021-05-19 10:39:34,1537.55,630631
2021-05-19 10:39:34,1537.55,630636
2021-05-19 10:39:35,1537.55,630637
2021-05-19 10:39:36,1537.8,630639
2021-05-19 10:39:37,1537.5,630738
2021-05-19 10:39:38,1537.55,630763
2021-05-19 10:39:39,1537.55,630797
2021-05-19 10:39:40,1537.1,630801
2021-05-19 10:39:41,1536.8,630802
2021-05-19 10:39:42,1536.8,630803
2021-05-19 10:39:43,1536.8,630804
2021-05-19 10:39:45,1537.05,630805
2021-05-19 10:39:46,1537.05,630806
2021-05-19 10:39:47,1538.0,630982
2021-05-19 10:39:48,1537.2,631008
2021-05-19 10:39:49,1538.0,631104
2021-05-19 10:39:50,1537.25,631111
2021-05-19 10:39:51,1537.25,631114
2021-05-19 10:39:52,1537.15,631115
2021-05-19 10:39:53,1537.3,631170
2021-05-19 10:39:53,1537.25,631180
2021-05-19 10:39:54,1537.7,631191
2021-05-19 10:39:55,1537.7,631297
2021-05-19 10:39:56,1537.7,631302
2021-05-19 10:39:58,1537.3,631309
2021-05-19 10:39:59,1537.35,631310
2021-05-19 10:40:00,1537.7,631311
2021-05-19 10:40:01,1537.7,631319
2021-05-19 10:40:02,1537.65,631320
2021-05-19 10:40:03,1538.4,631355
2021-05-19 10:40:04,1537.9,631371
2021-05-19 10:40:06,1537.9,631385
2021-05-19 10:40:07,1538.05,631388
2021-05-19 10:40:08,1538.05,631389
2021-05-19 10:40:09,1538.2,631656
2021-05-19 10:40:10,1537.8,631702
2021-05-19 10:40:10,1537.8,631696
2021-05-19 10:40:11,1537.8,631703
2021-05-19 10:40:12,1537.8,631703
2021-05-19 10:40:13,1538.7,631753
2021-05-19 10:40:14,1538.6,631794
2021-05-19 10:40:15,1538.65,631880
2021-05-19 10:40:16,1537.9,631893
2021-05-19 10:40:17,1537.85,632286
2021-05-19 10:40:18,1537.85,632345
2021-05-19 10:40:19,1537.9,632354
2021-05-19 10:40:20,1537.9,632355
2021-05-19 10:40:21,1537.9,632355
2021-05-19 10:40:22,1538.35,632437
2021-05-19 10:40:23,1537.8,632449
2021-05-19 10:40:25,1538.6,632553
2021-05-19 10:40:25,1539.95,633884
2021-05-19 10:40:27,1540.1,636222
2021-05-19 10:40:28,1539.75,636538
2021-05-19 10:40:29,1540.0,636671
2021-05-19 10:40:31,1539.95,636764
2021-05-19 10:40:31,1538.7,637010
2021-05-19 10:40:32,1538.6,637049
2021-05-19 10:40:33,1538.6,637081
2021-05-19 10:40:34,1539.1,637358
2021-05-19 10:40:35,1538.95,637523
2021-05-19 10:40:36,1539.7,637698
2021-05-19 10:40:37,1538.5,638167
2021-05-19 10:40:38,1538.05,638240
2021-05-19 10:40:39,1538.05,638351
2021-05-19 10:40:40,1538.05,638725
2021-05-19 10:40:41,1537.9,639065
2021-05-19 10:40:43,1537.0,639132
2021-05-19 10:40:44,1537.0,639142
2021-05-19 10:40:45,1537.55,639263
2021-05-19 10:40:46,1537.0,639281
2021-05-19 10:40:47,1537.05,639294
2021-05-19 10:40:48,1537.05,639296
2021-05-19 10:40:49,1537.05,639297
2021-05-19 10:40:50,1537.7,639347
2021-05-19 10:40:51,1537.8,639370
2021-05-19 10:40:52,1537.05,639374
2021-05-19 10:40:53,1537.4,639376
2021-05-19 10:40:54,1537.4,639376
2021-05-19 10:40:54,1537.4,639376
2021-05-19 10:40:55,1537.4,639376
2021-05-19 10:40:56,1538.05,639414
2021-05-19 10:40:57,1537.4,639415
2021-05-19 10:40:58,1537.4,639420
2021-05-19 10:41:00,1537.55,639421
2021-05-19 10:41:01,1537.55,639421
2021-05-19 10:41:02,1537.55,639421
2021-05-19 10:41:03,1537.55,639421
2021-05-19 10:41:04,1538.35,639458
2021-05-19 10:41:05,1537.35,639478
2021-05-19 10:41:06,1537.35,639481
2021-05-19 10:41:07,1537.35,639481
2021-05-19 10:41:07,1537.9,639486
2021-05-19 10:41:08,1537.4,639487
2021-05-19 10:41:09,1538.0,639488
2021-05-19 10:41:10,1537.95,639507
2021-05-19 10:41:11,1537.95,639524
2021-05-19 10:41:12,1537.5,639539
2021-05-19 10:41:13,1537.5,639542
2021-05-19 10:41:15,1537.5,639542
2021-05-19 10:41:16,1537.55,639543
2021-05-19 10:41:17,1538.25,640043
2021-05-19 10:41:18,1537.75,640080
2021-05-19 10:41:19,1537.5,640084
2021-05-19 10:41:20,1537.5,640084
2021-05-19 10:41:21,1537.4,640153
2021-05-19 10:41:21,1537.4,640160
2021-05-19 10:41:22,1537.4,640203
2021-05-19 10:41:23,1537.4,640211
2021-05-19 10:41:24,1537.4,640215
2021-05-19 10:41:25,1537.9,640228
2021-05-19 10:41:26,1537.4,640230
2021-05-19 10:41:27,1537.9,640280
2021-05-19 10:41:28,1537.4,640288
2021-05-19 10:41:29,1538.6,641289
2021-05-19 10:41:30,1537.55,641376
2021-05-19 10:41:31,1537.4,641389
2021-05-19 10:41:32,1537.5,641391
2021-05-19 10:41:33,1537.5,641391
2021-05-19 10:41:35,1537.5,641399
2021-05-19 10:41:36,1537.45,641408
2021-05-19 10:41:37,1537.5,641464
2021-05-19 10:41:38,1537.55,641472
2021-05-19 10:41:39,1537.55,641474
2021-05-19 10:41:40,1537.9,641477
2021-05-19 10:41:41,1537.55,641508
2021-05-19 10:41:42,1537.55,641513
2021-05-19 10:41:43,1537.6,641514
2021-05-19 10:41:44,1537.6,641514
2021-05-19 10:41:44,1537.6,641514
2021-05-19 10:41:46,1537.75,641522
2021-05-19 10:41:47,1537.9,641551
2021-05-19 10:41:48,1537.6,641562
2021-05-19 10:41:49,1537.6,641562
2021-05-19 10:41:50,1537.6,641562
2021-05-19 10:41:51,1537.6,641562
2021-05-19 10:41:52,1537.6,641562
2021-05-19 10:41:53,1537.6,641562
2021-05-19 10:41:55,1537.95,641599
2021-05-19 10:41:56,1537.95,641720
2021-05-19 10:41:57,1538.0,641764
2021-05-19 10:41:59,1537.65,641775
2021-05-19 10:42:01,1537.65,641775
2021-05-19 10:42:02,1537.65,641775
2021-05-19 10:42:03,1537.65,641775
2021-05-19 10:42:04,1537.65,641775
2021-05-19 10:42:05,1537.65,641775
2021-05-19 10:42:06,1538.0,641799
2021-05-19 10:42:07,1537.8,641803
2021-05-19 10:42:08,1538.0,641837
2021-05-19 10:42:09,1537.75,641853
2021-05-19 10:42:09,1537.75,641855
2021-05-19 10:42:10,1537.75,641855
2021-05-19 10:42:11,1537.75,641855
2021-05-19 10:42:12,1538.0,641954
2021-05-19 10:42:14,1538.8,642008
2021-05-19 10:42:15,1538.05,642016
2021-05-19 10:42:15,1538.05,642117
2021-05-19 10:42:16,1537.95,642133
2021-05-19 10:42:17,1538.6,642137
2021-05-19 10:42:18,1538.25,642138
2021-05-19 10:42:19,1538.25,642138
2021-05-19 10:42:22,1538.25,642138
2021-05-19 10:42:24,1538.9,642179
2021-05-19 10:42:25,1538.25,642290
2021-05-19 10:42:26,1538.3,642311
2021-05-19 10:42:27,1538.3,642314
2021-05-19 10:42:28,1538.3,642337
2021-05-19 10:42:28,1538.95,642334
2021-05-19 10:42:30,1538.3,642338
2021-05-19 10:42:31,1538.95,642363
2021-05-19 10:42:31,1539.25,642411
2021-05-19 10:42:32,1539.35,642469
2021-05-19 10:42:33,1539.0,642477
2021-05-19 10:42:34,1539.0,642567
2021-05-19 10:42:36,1539.4,642611
2021-05-19 10:42:37,1539.4,642649
2021-05-19 10:42:38,1539.0,642654
2021-05-19 10:42:39,1539.3,642658
2021-05-19 10:42:40,1539.25,642659
2021-05-19 10:42:41,1539.25,642666
2021-05-19 10:42:42,1539.25,642667
2021-05-19 10:42:43,1539.25,642681
2021-05-19 10:42:44,1539.25,642683
2021-05-19 10:42:45,1539.3,642901
2021-05-19 10:42:46,1539.0,642945
2021-05-19 10:42:47,1539.0,642977
2021-05-19 10:42:47,1538.35,642982
2021-05-19 10:42:48,1538.3,642983
2021-05-19 10:42:49,1538.3,643008
2021-05-19 10:42:50,1539.0,643015
2021-05-19 10:42:51,1538.3,643016
2021-05-19 10:42:52,1538.3,643016
2021-05-19 10:42:53,1539.2,643048
2021-05-19 10:42:54,1538.7,643053
2021-05-19 10:42:55,1538.7,643053
2021-05-19 10:42:56,1539.1,643057
2021-05-19 10:42:57,1539.15,643058
2021-05-19 10:42:59,1539.2,643090
2021-05-19 10:43:00,1538.95,643230
2021-05-19 10:43:02,1538.75,643505
2021-05-19 10:43:02,1538.0,643612
2021-05-19 10:43:03,1538.0,643628
2021-05-19 10:43:04,1538.0,643633
2021-05-19 10:43:05,1538.65,643634
2021-05-19 10:43:07,1538.65,643634
2021-05-19 10:43:08,1538.65,643634
2021-05-19 10:43:09,1538.35,643641
2021-05-19 10:43:09,1538.35,643642
2021-05-19 10:43:11,1538.6,643648
2021-05-19 10:43:12,1538.55,643684
2021-05-19 10:43:12,1538.0,643689
2021-05-19 10:43:13,1538.0,643690
2021-05-19 10:43:14,1538.3,643727
2021-05-19 10:43:15,1538.3,643747
2021-05-19 10:43:16,1538.0,643750
2021-05-19 10:43:17,1538.0,643751
2021-05-19 10:43:18,1538.0,643751
2021-05-19 10:43:19,1538.0,643851
2021-05-19 10:43:22,1538.3,643875
2021-05-19 10:43:23,1538.3,643877
2021-05-19 10:43:24,1538.3,643877
2021-05-19 10:43:25,1538.85,643880
2021-05-19 10:43:26,1538.95,643965
2021-05-19 10:43:27,1538.9,643979
2021-05-19 10:43:28,1539.0,644076
2021-05-19 10:43:29,1538.6,644091
2021-05-19 10:43:30,1538.9,644095
2021-05-19 10:43:31,1538.9,644096
2021-05-19 10:43:32,1538.95,644099
2021-05-19 10:43:33,1538.95,644164
2021-05-19 10:43:34,1538.3,644174
2021-05-19 10:43:35,1538.35,644176
2021-05-19 10:43:36,1539.0,644426
2021-05-19 10:43:37,1538.65,644462
2021-05-19 10:43:38,1538.3,644468
2021-05-19 10:43:39,1538.65,644470
2021-05-19 10:43:40,1538.65,644470
2021-05-19 10:43:41,1538.95,644488
2021-05-19 10:43:43,1538.7,644496
2021-05-19 10:43:44,1538.8,644509
2021-05-19 10:43:45,1538.8,644511
2021-05-19 10:43:46,1538.95,644517
2021-05-19 10:43:47,1538.95,644526
2021-05-19 10:43:48,1538.95,644533
2021-05-19 10:43:49,1538.85,644534
2021-05-19 10:43:50,1538.85,644534
2021-05-19 10:43:51,1538.95,644538
2021-05-19 10:43:52,1539.0,644541
2021-05-19 10:43:54,1539.0,644571
2021-05-19 10:43:55,1539.0,644592
2021-05-19 10:43:56,1539.35,644695
2021-05-19 10:43:57,1539.0,644710
2021-05-19 10:43:58,1538.4,644852
2021-05-19 10:43:59,1538.55,644875
2021-05-19 10:44:00,1539.35,644888
2021-05-19 10:44:01,1538.55,644890
2021-05-19 10:44:02,1538.55,644890
2021-05-19 10:44:03,1539.25,645061
2021-05-19 10:44:04,1538.95,645071
2021-05-19 10:44:05,1538.9,645131
2021-05-19 10:44:06,1538.3,645140
2021-05-19 10:44:07,1538.3,645141
2021-05-19 10:44:08,1538.3,645141
2021-05-19 10:44:09,1538.35,645411
2021-05-19 10:44:10,1538.3,645474
2021-05-19 10:44:11,1538.35,645484
2021-05-19 10:44:12,1538.1,645486
2021-05-19 10:44:14,1538.2,645489
2021-05-19 10:44:15,1538.2,645492
2021-05-19 10:44:16,1538.1,645493
2021-05-19 10:44:17,1538.3,645506
2021-05-19 10:44:18,1538.1,645508
2021-05-19 10:44:19,1538.1,645508
2021-05-19 10:44:20,1538.25,645510
2021-05-19 10:44:21,1538.55,645521
2021-05-19 10:44:22,1538.6,645552
2021-05-19 10:44:23,1538.1,645620
2021-05-19 10:44:24,1538.1,645631
2021-05-19 10:44:25,1538.15,645632
2021-05-19 10:44:26,1538.15,645632
2021-05-19 10:44:27,1538.9,645633
2021-05-19 10:44:28,1538.5,645634
2021-05-19 10:44:29,1538.5,645634
2021-05-19 10:44:30,1538.9,645670
2021-05-19 10:44:31,1538.95,645676
2021-05-19 10:44:32,1538.55,645677
2021-05-19 10:44:33,1538.55,645677
2021-05-19 10:44:34,1538.75,645710
2021-05-19 10:44:36,1538.3,645716
2021-05-19 10:44:37,1538.3,646216
2021-05-19 10:44:38,1538.15,646270
2021-05-19 10:44:39,1538.1,646276
2021-05-19 10:44:40,1538.1,646299
2021-05-19 10:44:41,1538.05,646302
2021-05-19 10:44:42,1538.05,646307
2021-05-19 10:44:44,1538.05,646341
2021-05-19 10:44:45,1538.0,646342
2021-05-19 10:44:46,1538.15,646343
2021-05-19 10:44:47,1538.15,646343
2021-05-19 10:44:48,1538.15,646343
2021-05-19 10:44:49,1538.9,646380
2021-05-19 10:44:50,1538.3,646385
2021-05-19 10:44:51,1538.95,646387
2021-05-19 10:44:52,1538.6,646397
2021-05-19 10:44:53,1538.6,646399
2021-05-19 10:44:54,1538.85,646427
2021-05-19 10:44:55,1538.25,646431
2021-05-19 10:44:56,1538.3,646432
2021-05-19 10:44:57,1538.3,646432
2021-05-19 10:44:58,1538.3,646432
2021-05-19 10:44:59,1538.3,646432
2021-05-19 10:45:00,1539.0,646535
2021-05-19 10:45:01,1538.65,646551
2021-05-19 10:45:02,1538.95,646558
2021-05-19 10:45:03,1539.35,646760
2021-05-19 10:45:04,1538.9,646776
2021-05-19 10:45:05,1538.65,646779
2021-05-19 10:45:06,1539.2,646843
2021-05-19 10:45:07,1539.4,646935
2021-05-19 10:45:08,1539.45,646972
2021-05-19 10:45:09,1538.5,646977
2021-05-19 10:45:10,1538.4,646978
2021-05-19 10:45:11,1538.5,647010
2021-05-19 10:45:12,1538.5,647014
2021-05-19 10:45:13,1538.65,647015
2021-05-19 10:45:14,1538.7,647053
2021-05-19 10:45:15,1538.7,647060
2021-05-19 10:45:16,1538.25,647172
2021-05-19 10:45:17,1538.35,647189
2021-05-19 10:45:18,1538.6,647191
2021-05-19 10:45:19,1538.6,647195
2021-05-19 10:45:20,1538.6,647195
2021-05-19 10:45:21,1538.6,647195
2021-05-19 10:45:22,1538.6,647195
2021-05-19 10:45:23,1538.6,647195
2021-05-19 10:45:24,1538.85,647199
2021-05-19 10:45:25,1538.85,647200
2021-05-19 10:45:26,1538.85,647220
2021-05-19 10:45:27,1539.0,647242
2021-05-19 10:45:28,1538.9,647245
2021-05-19 10:45:29,1538.5,647446
2021-05-19 10:45:31,1538.55,647480
2021-05-19 10:45:32,1538.55,647482
2021-05-19 10:45:33,1539.0,647495
2021-05-19 10:45:34,1538.6,647502
2021-05-19 10:45:35,1538.8,647503
2021-05-19 10:45:36,1538.8,647503
2021-05-19 10:45:37,1538.8,647503
2021-05-19 10:45:38,1539.0,647544
2021-05-19 10:45:39,1538.9,647549
2021-05-19 10:45:40,1538.55,647550
2021-05-19 10:45:43,1538.7,647569
2021-05-19 10:45:44,1538.7,647570
2021-05-19 10:45:45,1538.7,647570
2021-05-19 10:45:46,1539.0,647614
2021-05-19 10:45:47,1539.5,648280
2021-05-19 10:45:48,1539.15,648380
2021-05-19 10:45:49,1539.5,648454
2021-05-19 10:45:50,1539.05,648465
2021-05-19 10:45:51,1539.5,648468
2021-05-19 10:45:52,1539.0,648479
2021-05-19 10:45:53,1539.05,648483
2021-05-19 10:45:54,1539.1,648494
2021-05-19 10:45:55,1539.5,649041
2021-05-19 10:45:56,1539.2,649123
2021-05-19 10:45:57,1539.05,649136
2021-05-19 10:45:58,1539.3,649138
2021-05-19 10:45:59,1539.45,649169
2021-05-19 10:46:00,1539.45,649184
2021-05-19 10:46:01,1538.9,649187
2021-05-19 10:46:02,1539.2,649307
2021-05-19 10:46:03,1539.35,649327
2021-05-19 10:46:04,1538.65,649330
2021-05-19 10:46:05,1538.65,649331
2021-05-19 10:46:06,1538.65,649334
2021-05-19 10:46:08,1538.65,649334
2021-05-19 10:46:09,1538.7,649338
2021-05-19 10:46:11,1538.7,649339
2021-05-19 10:46:11,1538.7,649339
2021-05-19 10:46:12,1538.7,649339
2021-05-19 10:46:13,1538.7,649339
2021-05-19 10:46:14,1539.5,649442
2021-05-19 10:46:15,1539.35,649574
2021-05-19 10:46:17,1538.7,649595
2021-05-19 10:46:18,1538.7,649595
2021-05-19 10:46:19,1538.7,649595
2021-05-19 10:46:20,1538.7,649595
2021-05-19 10:46:21,1539.05,649597
2021-05-19 10:46:22,1539.05,649648
2021-05-19 10:46:23,1539.1,649655
2021-05-19 10:46:24,1539.1,649656
2021-05-19 10:46:25,1539.1,649657
2021-05-19 10:46:26,1538.9,649673
2021-05-19 10:46:27,1539.45,649688
2021-05-19 10:46:28,1539.45,649691
2021-05-19 10:46:29,1539.45,649692
2021-05-19 10:46:30,1539.5,649890
2021-05-19 10:46:31,1539.4,649920
2021-05-19 10:46:32,1539.45,649926
2021-05-19 10:46:33,1539.4,649927
2021-05-19 10:46:34,1539.4,649929
2021-05-19 10:46:35,1539.4,649930
2021-05-19 10:46:36,1539.4,649931
2021-05-19 10:46:37,1539.45,649959
2021-05-19 10:46:38,1538.8,650063
2021-05-19 10:46:39,1539.5,650080
2021-05-19 10:46:40,1538.95,650082
2021-05-19 10:46:41,1538.95,650083
2021-05-19 10:46:42,1538.95,650083
2021-05-19 10:46:43,1539.35,650183
2021-05-19 10:46:45,1539.45,650210
2021-05-19 10:46:46,1539.15,650212
2021-05-19 10:46:47,1539.15,650212
2021-05-19 10:46:48,1539.45,650295
2021-05-19 10:46:49,1539.0,650310
2021-05-19 10:46:50,1539.0,650312
2021-05-19 10:46:51,1539.5,650313
2021-05-19 10:46:52,1539.5,650313
2021-05-19 10:46:54,1539.5,650313
2021-05-19 10:46:55,1539.5,650363
2021-05-19 10:46:55,1539.4,650371
2021-05-19 10:46:56,1539.5,650976
2021-05-19 10:46:57,1539.4,651067
2021-05-19 10:46:58,1539.65,651080
2021-05-19 10:46:59,1539.95,651088
2021-05-19 10:47:01,1539.9,651114
2021-05-19 10:47:02,1539.05,651117
2021-05-19 10:47:03,1539.4,651119
2021-05-19 10:47:05,1539.05,651124
2021-05-19 10:47:05,1539.05,651125
2021-05-19 10:47:07,1539.25,651137
2021-05-19 10:47:08,1539.35,651163
2021-05-19 10:47:10,1539.1,651387
2021-05-19 10:47:12,1539.55,651447
2021-05-19 10:47:11,1539.1,651405
2021-05-19 10:47:13,1539.05,651453
2021-05-19 10:47:14,1539.05,651454
2021-05-19 10:47:15,1539.6,651455
2021-05-19 10:47:16,1539.6,651455
2021-05-19 10:47:17,1539.6,651455
2021-05-19 10:47:18,1538.7,651705
2021-05-19 10:47:19,1538.75,651746
2021-05-19 10:47:20,1538.7,651752
2021-05-19 10:47:21,1538.7,651753
2021-05-19 10:47:22,1538.7,651753
2021-05-19 10:47:23,1538.7,651753
2021-05-19 10:47:24,1539.35,651754
2021-05-19 10:47:25,1539.35,651754
2021-05-19 10:47:26,1539.35,651754
2021-05-19 10:47:27,1539.35,651755
2021-05-19 10:47:28,1539.35,651757
2021-05-19 10:47:29,1539.4,651819
2021-05-19 10:47:30,1539.55,651904
2021-05-19 10:47:31,1539.55,651950
2021-05-19 10:47:32,1539.45,651984
2021-05-19 10:47:33,1540.0,652390
2021-05-19 10:47:36,1540.0,652471
2021-05-19 10:47:37,1540.0,652478
2021-05-19 10:47:38,1540.0,652496
2021-05-19 10:47:39,1540.0,652499
2021-05-19 10:47:41,1539.95,652655
2021-05-19 10:47:41,1539.9,652692
2021-05-19 10:47:42,1539.95,652698
2021-05-19 10:47:43,1539.55,652699
2021-05-19 10:47:44,1540.0,652960
2021-05-19 10:47:45,1540.0,653205
2021-05-19 10:47:46,1540.0,653442
2021-05-19 10:47:48,1539.6,653477
2021-05-19 10:47:48,1539.6,653479
2021-05-19 10:47:50,1539.25,653480
2021-05-19 10:47:50,1539.25,653480
2021-05-19 10:47:51,1539.6,653482
2021-05-19 10:47:52,1539.95,653581
2021-05-19 10:47:53,1539.45,653596
2021-05-19 10:47:55,1540.0,653617
2021-05-19 10:47:56,1539.7,653628
2021-05-19 10:47:57,1540.0,653634
2021-05-19 10:47:58,1540.0,653657
2021-05-19 10:47:59,1540.0,653961
2021-05-19 10:48:00,1539.6,654011
2021-05-19 10:48:01,1539.65,654018
2021-05-19 10:48:02,1539.65,654019
2021-05-19 10:48:03,1539.9,654021
2021-05-19 10:48:04,1539.9,654021
2021-05-19 10:48:05,1539.9,654021
2021-05-19 10:48:07,1539.7,654155
2021-05-19 10:48:08,1539.9,654160
2021-05-19 10:48:09,1539.8,654165
2021-05-19 10:48:10,1539.25,654666
2021-05-19 10:48:11,1539.9,654841
2021-05-19 10:48:12,1539.75,654842
2021-05-19 10:48:13,1539.75,654842
2021-05-19 10:48:14,1539.9,654893
2021-05-19 10:48:16,1539.9,655826
2021-05-19 10:48:16,1539.65,655855
2021-05-19 10:48:17,1539.6,655860
2021-05-19 10:48:18,1539.6,655861
2021-05-19 10:48:19,1539.65,655890
2021-05-19 10:48:21,1539.3,655930
2021-05-19 10:48:22,1539.25,655935
2021-05-19 10:48:23,1539.3,655945
2021-05-19 10:48:24,1539.05,655948
2021-05-19 10:48:25,1539.3,655956
2021-05-19 10:48:26,1539.05,655957
2021-05-19 10:48:27,1539.05,655968
2021-05-19 10:48:28,1539.0,656390
2021-05-19 10:48:29,1539.0,656453
2021-05-19 10:48:31,1539.0,656483
2021-05-19 10:48:32,1539.0,656487
2021-05-19 10:48:32,1539.7,656508
2021-05-19 10:48:33,1539.35,656509
2021-05-19 10:48:34,1539.35,656509
2021-05-19 10:48:35,1539.35,656509
2021-05-19 10:48:36,1539.35,656510
2021-05-19 10:48:37,1539.3,656511
2021-05-19 10:48:38,1539.3,656511
2021-05-19 10:48:39,1539.9,656512
2021-05-19 10:48:40,1539.35,656574
2021-05-19 10:48:41,1539.35,656583
2021-05-19 10:48:42,1539.8,656589
2021-05-19 10:48:43,1539.8,656619
2021-05-19 10:48:45,1539.65,656625
2021-05-19 10:48:46,1539.65,656631
2021-05-19 10:48:48,1539.65,656632
2021-05-19 10:48:48,1539.8,656661
2021-05-19 10:48:50,1539.4,656827
2021-05-19 10:48:51,1539.9,656854
2021-05-19 10:48:52,1539.9,659516
2021-05-19 10:48:53,1539.35,659803
2021-05-19 10:48:53,1539.35,659825
2021-05-19 10:48:54,1539.1,659828
2021-05-19 10:48:55,1539.1,659838
2021-05-19 10:48:57,1539.2,659861
2021-05-19 10:48:58,1539.2,659889
2021-05-19 10:48:59,1539.05,659921
2021-05-19 10:49:00,1539.05,659925
2021-05-19 10:49:01,1538.85,660226
2021-05-19 10:49:02,1539.2,660278
2021-05-19 10:49:02,1538.85,660379
