timestamp,ltp,volume
2021-04-07 09:16:29,3610.75,8812
2021-04-07 09:16:33,3611.0,8906
2021-04-07 09:16:38,3612.7,9135
2021-04-07 09:16:42,3611.2,9198
2021-04-07 09:16:46,3611.45,9276
2021-04-07 09:16:51,3612.9,9330
2021-04-07 09:16:55,3613.75,9399
2021-04-07 09:17:00,3611.2,9549
2021-04-07 09:17:04,3611.2,9637
2021-04-07 09:17:08,3609.75,9638
2021-04-07 09:17:13,3613.7,9648
2021-04-07 09:17:17,3615.75,9893
2021-04-07 09:17:22,3615.85,9913
2021-04-07 09:17:26,3615.65,9928
2021-04-07 09:17:30,3615.55,10011
2021-04-07 09:17:34,3618.45,10097
2021-04-07 09:17:38,3620.0,10137
2021-04-07 09:17:43,3620.15,10206
2021-04-07 09:17:47,3622.65,10282
2021-04-07 09:17:51,3622.65,10282
2021-04-07 09:17:55,3626.1,10766
2021-04-07 09:17:59,3627.4,10985
2021-04-07 09:18:04,3625.85,11191
2021-04-07 09:18:08,3626.1,11413
2021-04-07 09:18:12,3632.35,11725
2021-04-07 09:18:16,3628.6,11896
2021-04-07 09:18:20,3633.45,12427
2021-04-07 09:18:25,3631.65,13086
2021-04-07 09:18:29,3632.0,13135
2021-04-07 09:18:33,3635.0,13363
2021-04-07 09:18:37,3635.0,13524
2021-04-07 09:18:42,3632.3,13835
2021-04-07 09:18:46,3635.8,14134
2021-04-07 09:18:50,3636.3,14289
2021-04-07 09:18:54,3633.05,14520
2021-04-07 09:18:58,3635.25,14550
2021-04-07 09:19:02,3633.7,14669
2021-04-07 09:19:06,3634.0,14673
2021-04-07 09:19:11,3627.65,15800
2021-04-07 09:19:15,3628.85,15863
2021-04-07 09:19:19,3627.7,15920
2021-04-07 09:19:23,3625.8,16020
2021-04-07 09:19:27,3627.35,16027
2021-04-07 09:19:31,3625.7,16090
2021-04-07 09:19:35,3627.35,16103
2021-04-07 09:19:39,3625.85,16128
2021-04-07 09:19:44,3625.7,16486
2021-04-07 09:19:48,3626.05,16625
2021-04-07 09:19:52,3628.25,16687
2021-04-07 09:19:56,3627.35,16698
2021-04-07 09:20:00,3627.35,16728
2021-04-07 09:20:04,3630.35,17121
2021-04-07 09:20:08,3630.05,17132
2021-04-07 09:20:12,3629.0,17418
2021-04-07 09:20:16,3628.5,17430
2021-04-07 09:20:20,3629.3,17623
2021-04-07 09:20:23,3624.05,18500
2021-04-07 09:20:27,3624.0,18568
2021-04-07 09:20:31,3623.1,18608
2021-04-07 09:20:35,3624.9,18643
2021-04-07 09:20:38,3622.8,18862
2021-04-07 09:20:43,3624.9,19155
2021-04-07 09:20:47,3624.35,19243
2021-04-07 09:20:50,3624.9,19253
2021-04-07 09:20:54,3624.9,19416
2021-04-07 09:20:58,3623.3,19428
2021-04-07 09:21:02,3626.95,19429
2021-04-07 09:21:05,3624.0,19461
2021-04-07 09:21:09,3624.85,19489
2021-04-07 09:21:13,3624.0,19566
2021-04-07 09:21:17,3626.6,19621
2021-04-07 09:21:21,3627.65,19756
2021-04-07 09:21:24,3632.1,19989
2021-04-07 09:21:28,3630.0,20499
2021-04-07 09:21:32,3630.45,21084
2021-04-07 09:21:36,3631.15,21407
2021-04-07 09:21:39,3631.25,21479
2021-04-07 09:21:42,3634.5,21626
2021-04-07 09:21:46,3634.15,21779
2021-04-07 09:21:46,3631.85,22052
2021-04-07 09:21:47,3632.1,22065
2021-04-07 09:21:48,3632.1,22070
2021-04-07 09:21:49,3632.1,22075
2021-04-07 09:21:51,3633.85,22090
2021-04-07 09:21:52,3632.0,22098
2021-04-07 09:21:53,3633.4,22140
2021-04-07 09:21:54,3634.0,22380
2021-04-07 09:21:55,3634.95,22460
2021-04-07 09:21:56,3634.95,22460
2021-04-07 09:21:57,3634.95,22460
2021-04-07 09:21:59,3634.95,22460
2021-04-07 09:22:00,3634.95,22460
2021-04-07 09:22:00,3634.95,22460
2021-04-07 09:22:01,3634.95,22460
2021-04-07 09:22:02,3633.4,22490
2021-04-07 09:22:03,3634.0,22491
2021-04-07 09:22:04,3633.4,22529
2021-04-07 09:22:06,3634.0,22579
2021-04-07 09:22:07,3632.55,22582
2021-04-07 09:22:07,3632.55,22611
2021-04-07 09:22:08,3633.0,22698
2021-04-07 09:22:09,3633.0,22698
2021-04-07 09:22:10,3635.0,23343
2021-04-07 09:22:12,3633.4,23531
2021-04-07 09:22:13,3634.4,23637
2021-04-07 09:22:14,3634.4,23637
2021-04-07 09:22:15,3633.45,23641
2021-04-07 09:22:15,3633.45,23641
2021-04-07 09:22:17,3635.25,23677
2021-04-07 09:22:18,3635.25,23677
2021-04-07 09:22:19,3635.25,23677
2021-04-07 09:22:21,3633.0,23681
2021-04-07 09:22:22,3633.0,23681
2021-04-07 09:22:22,3632.5,23686
2021-04-07 09:22:23,3633.15,23885
2021-04-07 09:22:24,3633.0,24302
2021-04-07 09:22:25,3634.25,24408
2021-04-07 09:22:26,3632.45,24438
2021-04-07 09:22:27,3632.45,24490
2021-04-07 09:22:28,3634.4,24510
2021-04-07 09:22:29,3632.5,24532
2021-04-07 09:22:31,3632.0,24534
2021-04-07 09:22:32,3633.85,24536
2021-04-07 09:22:33,3633.85,24537
2021-04-07 09:22:33,3633.85,24537
2021-04-07 09:22:35,3633.75,24538
2021-04-07 09:22:36,3630.05,25017
2021-04-07 09:22:37,3630.05,25017
2021-04-07 09:22:38,3630.05,25017
2021-04-07 09:22:39,3632.0,25142
2021-04-07 09:22:41,3630.35,25192
2021-04-07 09:22:42,3629.0,26060
2021-04-07 09:22:43,3629.0,26060
2021-04-07 09:22:44,3630.2,26155
2021-04-07 09:22:45,3630.8,26255
2021-04-07 09:22:45,3630.8,26255
2021-04-07 09:22:46,3631.05,26382
2021-04-07 09:22:48,3631.45,26432
2021-04-07 09:22:49,3631.45,26432
2021-04-07 09:22:50,3631.45,26432
2021-04-07 09:22:51,3630.05,26442
2021-04-07 09:22:51,3630.0,26492
2021-04-07 09:22:52,3631.8,26512
2021-04-07 09:22:54,3631.8,26518
2021-04-07 09:22:55,3631.8,26518
2021-04-07 09:22:56,3631.8,26518
2021-04-07 09:22:57,3632.0,26543
2021-04-07 09:22:58,3632.0,26543
2021-04-07 09:22:59,3631.95,26563
2021-04-07 09:23:00,3631.95,26563
2021-04-07 09:23:01,3631.95,26563
2021-04-07 09:23:03,3632.35,26568
2021-04-07 09:23:04,3632.1,26570
2021-04-07 09:23:05,3632.1,26570
2021-04-07 09:23:06,3632.1,26570
2021-04-07 09:23:07,3632.1,26570
2021-04-07 09:23:08,3632.1,26570
2021-04-07 09:23:09,3632.5,26620
2021-04-07 09:23:10,3632.5,26620
2021-04-07 09:23:11,3631.15,26672
2021-04-07 09:23:12,3630.35,26693
2021-04-07 09:23:13,3632.35,26696
2021-04-07 09:23:14,3632.35,26696
2021-04-07 09:23:15,3630.1,26871
2021-04-07 09:23:17,3629.0,26896
2021-04-07 09:23:18,3629.95,26897
2021-04-07 09:23:19,3629.95,26897
2021-04-07 09:23:20,3629.95,26897
2021-04-07 09:23:21,3629.95,26897
2021-04-07 09:23:22,3629.95,26898
2021-04-07 09:23:24,3629.95,26898
2021-04-07 09:23:25,3629.95,26898
2021-04-07 09:23:26,3630.2,26899
2021-04-07 09:23:27,3630.2,26899
2021-04-07 09:23:28,3630.2,26908
2021-04-07 09:23:29,3630.2,26908
2021-04-07 09:23:30,3630.2,26908
2021-04-07 09:23:31,3630.35,26918
2021-04-07 09:23:32,3630.35,26918
2021-04-07 09:23:33,3630.35,26918
2021-04-07 09:23:34,3630.2,26931
2021-04-07 09:23:35,3630.2,26935
2021-04-07 09:23:36,3630.2,26940
2021-04-07 09:23:37,3630.2,26940
2021-04-07 09:23:38,3630.2,26940
2021-04-07 09:23:40,3630.25,26951
2021-04-07 09:23:41,3630.25,26951
2021-04-07 09:23:42,3630.25,26951
2021-04-07 09:23:42,3630.25,26951
2021-04-07 09:23:43,3630.0,27001
2021-04-07 09:23:45,3630.0,27001
2021-04-07 09:23:46,3630.0,27001
2021-04-07 09:23:46,3630.0,27001
2021-04-07 09:23:47,3630.0,27001
2021-04-07 09:23:48,3630.0,27001
2021-04-07 09:23:50,3630.0,27011
2021-04-07 09:23:51,3630.9,27089
2021-04-07 09:23:52,3630.8,27103
2021-04-07 09:23:52,3630.3,27135
2021-04-07 09:23:53,3630.3,27135
2021-04-07 09:23:54,3630.3,27135
2021-04-07 09:23:55,3630.1,27145
2021-04-07 09:23:56,3630.0,27199
2021-04-07 09:23:58,3630.0,27199
2021-04-07 09:23:59,3630.0,27199
2021-04-07 09:24:00,3630.15,27203
2021-04-07 09:24:00,3630.15,27208
2021-04-07 09:24:01,3630.15,27208
2021-04-07 09:24:02,3630.15,27208
2021-04-07 09:24:03,3630.15,27208
2021-04-07 09:24:05,3630.0,27412
2021-04-07 09:24:06,3630.0,27412
2021-04-07 09:24:07,3630.0,27415
2021-04-07 09:24:09,3630.0,27415
2021-04-07 09:24:10,3630.0,27415
2021-04-07 09:24:11,3630.25,27522
2021-04-07 09:24:12,3630.0,27625
2021-04-07 09:24:14,3628.05,27685
2021-04-07 09:24:15,3628.05,27685
2021-04-07 09:24:16,3630.05,27686
2021-04-07 09:24:17,3630.05,27686
2021-04-07 09:24:18,3630.05,27686
2021-04-07 09:24:19,3626.2,27876
2021-04-07 09:24:20,3626.2,27876
2021-04-07 09:24:20,3626.2,27876
2021-04-07 09:24:21,3628.75,27917
2021-04-07 09:24:23,3628.1,28067
2021-04-07 09:24:24,3628.1,28067
2021-04-07 09:24:25,3628.1,28067
2021-04-07 09:24:26,3628.1,28067
2021-04-07 09:24:27,3628.55,28192
2021-04-07 09:24:27,3628.55,28192
2021-04-07 09:24:28,3628.55,28192
2021-04-07 09:24:29,3628.55,28192
2021-04-07 09:24:31,3628.55,28192
2021-04-07 09:24:32,3628.55,28192
2021-04-07 09:24:33,3628.1,28249
2021-04-07 09:24:34,3626.15,28299
2021-04-07 09:24:35,3626.15,28299
2021-04-07 09:24:36,3626.15,28299
2021-04-07 09:24:37,3626.3,28329
2021-04-07 09:24:38,3628.1,28344
2021-04-07 09:24:40,3628.0,28348
2021-04-07 09:24:41,3627.9,28452
2021-04-07 09:24:42,3627.9,28452
2021-04-07 09:24:42,3627.9,28452
2021-04-07 09:24:43,3627.05,28555
2021-04-07 09:24:44,3627.9,28557
2021-04-07 09:24:45,3625.25,28857
2021-04-07 09:24:47,3628.0,28933
2021-04-07 09:24:48,3628.0,28933
2021-04-07 09:24:49,3628.0,28933
2021-04-07 09:24:51,3628.0,28934
2021-04-07 09:24:52,3629.7,29256
2021-04-07 09:24:52,3629.7,29256
2021-04-07 09:24:54,3629.7,29256
2021-04-07 09:24:55,3629.7,29256
2021-04-07 09:24:56,3630.0,29266
2021-04-07 09:24:57,3627.4,29284
2021-04-07 09:24:58,3629.45,29294
2021-04-07 09:24:59,3629.45,29294
2021-04-07 09:25:00,3629.45,29294
2021-04-07 09:25:01,3629.45,29294
2021-04-07 09:25:02,3629.45,29294
2021-04-07 09:25:03,3629.45,29294
2021-04-07 09:25:04,3630.0,29296
2021-04-07 09:25:05,3632.0,29430
2021-04-07 09:25:07,3632.85,29582
2021-04-07 09:25:08,3633.0,29583
2021-04-07 09:25:09,3630.9,29683
2021-04-07 09:25:10,3632.85,29688
2021-04-07 09:25:11,3632.85,29688
2021-04-07 09:25:11,3632.85,29688
2021-04-07 09:25:13,3632.85,29688
2021-04-07 09:25:14,3632.85,29849
2021-04-07 09:25:15,3632.1,29885
2021-04-07 09:25:16,3632.55,29886
2021-04-07 09:25:17,3632.55,29886
2021-04-07 09:25:18,3630.0,29941
2021-04-07 09:25:18,3630.0,29961
2021-04-07 09:25:19,3630.0,29961
2021-04-07 09:25:21,3632.25,29962
2021-04-07 09:25:22,3632.25,29962
2021-04-07 09:25:23,3632.75,29967
2021-04-07 09:25:24,3632.75,29967
2021-04-07 09:25:25,3632.85,29981
2021-04-07 09:25:26,3633.0,29991
2021-04-07 09:25:27,3633.0,29991
2021-04-07 09:25:28,3633.0,29997
2021-04-07 09:25:29,3634.0,30066
2021-04-07 09:25:30,3634.0,30070
2021-04-07 09:25:31,3634.0,30070
2021-04-07 09:25:32,3634.0,30070
2021-04-07 09:25:32,3634.0,30070
2021-04-07 09:25:33,3634.0,30070
2021-04-07 09:25:35,3635.5,30728
2021-04-07 09:25:36,3634.9,30740
2021-04-07 09:25:37,3634.9,30743
2021-04-07 09:25:38,3634.9,30766
2021-04-07 09:25:39,3634.9,30773
2021-04-07 09:25:40,3635.95,30779
2021-04-07 09:25:41,3635.95,30779
2021-04-07 09:25:41,3635.95,30779
2021-04-07 09:25:42,3635.95,30779
2021-04-07 09:25:44,3634.9,30783
2021-04-07 09:25:45,3634.9,30785
2021-04-07 09:25:46,3634.9,30901
2021-04-07 09:25:47,3635.5,30951
2021-04-07 09:25:48,3635.5,30951
2021-04-07 09:25:50,3635.0,30959
2021-04-07 09:25:51,3635.0,30959
2021-04-07 09:25:52,3636.0,31060
2021-04-07 09:25:54,3636.0,31061
2021-04-07 09:25:55,3633.4,31486
2021-04-07 09:25:56,3633.4,31486
2021-04-07 09:25:57,3633.4,31582
2021-04-07 09:25:58,3634.0,31583
2021-04-07 09:25:59,3634.0,31583
2021-04-07 09:26:01,3635.0,31594
2021-04-07 09:26:02,3635.0,31697
2021-04-07 09:26:02,3635.0,31697
2021-04-07 09:26:03,3634.0,31702
2021-04-07 09:26:05,3634.0,31704
2021-04-07 09:26:06,3634.0,31704
2021-04-07 09:26:08,3634.0,31704
2021-04-07 09:26:10,3634.0,31704
2021-04-07 09:26:11,3634.0,31704
2021-04-07 09:26:12,3633.5,31709
2021-04-07 09:26:13,3635.0,31719
2021-04-07 09:26:14,3635.0,31719
2021-04-07 09:26:15,3634.0,31729
2021-04-07 09:26:16,3634.0,31729
2021-04-07 09:26:17,3634.0,31729
2021-04-07 09:26:18,3634.0,31729
2021-04-07 09:26:18,3634.0,31729
2021-04-07 09:26:19,3634.0,31731
2021-04-07 09:26:21,3635.0,31736
2021-04-07 09:26:22,3633.0,31987
2021-04-07 09:26:23,3633.0,31987
2021-04-07 09:26:24,3633.0,31987
2021-04-07 09:26:24,3633.0,31987
2021-04-07 09:26:26,3633.0,31987
2021-04-07 09:26:27,3630.45,32124
2021-04-07 09:26:28,3630.45,32124
2021-04-07 09:26:30,3630.45,32124
2021-04-07 09:26:31,3630.0,32251
2021-04-07 09:26:32,3630.0,32251
2021-04-07 09:26:33,3630.0,32251
2021-04-07 09:26:34,3630.0,32251
2021-04-07 09:26:35,3630.0,32251
2021-04-07 09:26:36,3630.0,32251
2021-04-07 09:26:37,3630.0,32251
2021-04-07 09:26:38,3630.0,32251
2021-04-07 09:26:39,3630.0,32251
2021-04-07 09:26:40,3630.0,32251
2021-04-07 09:26:41,3629.2,32262
2021-04-07 09:26:41,3629.2,32262
2021-04-07 09:26:43,3628.95,32263
2021-04-07 09:26:44,3629.65,32265
2021-04-07 09:26:45,3629.05,32295
2021-04-07 09:26:47,3629.1,32298
2021-04-07 09:26:48,3629.1,32299
2021-04-07 09:26:49,3629.1,32299
2021-04-07 09:26:50,3629.1,32299
2021-04-07 09:26:51,3629.1,32299
2021-04-07 09:26:52,3629.1,32299
2021-04-07 09:26:53,3629.1,32299
2021-04-07 09:26:54,3628.8,32309
2021-04-07 09:26:55,3628.8,32309
2021-04-07 09:26:56,3628.8,32309
2021-04-07 09:26:58,3630.45,32310
2021-04-07 09:27:00,3629.0,32311
2021-04-07 09:27:01,3629.0,32311
2021-04-07 09:27:02,3629.05,32321
2021-04-07 09:27:03,3629.05,32321
2021-04-07 09:27:04,3629.05,32321
2021-04-07 09:27:05,3629.05,32321
2021-04-07 09:27:06,3628.95,32371
2021-04-07 09:27:07,3628.95,32371
2021-04-07 09:27:08,3628.95,32371
2021-04-07 09:27:09,3628.95,32371
2021-04-07 09:27:10,3630.4,32422
2021-04-07 09:27:11,3628.85,32427
2021-04-07 09:27:12,3628.85,32427
2021-04-07 09:27:13,3628.85,32427
2021-04-07 09:27:14,3628.85,32427
2021-04-07 09:27:15,3628.8,32432
2021-04-07 09:27:16,3630.0,32496
2021-04-07 09:27:17,3630.0,32496
2021-04-07 09:27:18,3630.4,32546
2021-04-07 09:27:21,3630.0,32602
2021-04-07 09:27:22,3630.0,32602
2021-04-07 09:27:23,3630.0,32602
2021-04-07 09:27:24,3628.95,33107
2021-04-07 09:27:25,3628.95,33107
2021-04-07 09:27:27,3628.8,33127
2021-04-07 09:27:28,3628.75,33129
2021-04-07 09:27:29,3628.75,33129
2021-04-07 09:27:30,3628.75,33129
2021-04-07 09:27:31,3628.75,33149
2021-04-07 09:27:32,3628.75,33149
2021-04-07 09:27:33,3628.75,33149
2021-04-07 09:27:34,3628.7,33168
2021-04-07 09:27:35,3628.0,33238
2021-04-07 09:27:36,3628.0,33238
2021-04-07 09:27:38,3626.55,33259
2021-04-07 09:27:39,3628.4,33509
2021-04-07 09:27:40,3628.4,33509
2021-04-07 09:27:41,3626.0,33539
2021-04-07 09:27:43,3627.05,33575
2021-04-07 09:27:44,3627.05,33575
2021-04-07 09:27:45,3627.8,33585
2021-04-07 09:27:46,3627.8,33590
2021-04-07 09:27:47,3627.8,33590
2021-04-07 09:27:48,3627.8,33592
2021-04-07 09:27:49,3626.0,33647
2021-04-07 09:27:50,3626.0,33647
2021-04-07 09:27:51,3626.0,33647
2021-04-07 09:27:52,3627.8,33654
2021-04-07 09:27:53,3627.8,33654
2021-04-07 09:27:54,3627.8,33654
2021-04-07 09:27:55,3627.8,33692
2021-04-07 09:27:56,3627.8,33694
2021-04-07 09:27:57,3625.25,34075
2021-04-07 09:27:58,3625.25,34075
2021-04-07 09:27:59,3625.15,34078
2021-04-07 09:28:00,3625.0,34107
2021-04-07 09:28:02,3625.0,34276
2021-04-07 09:28:03,3622.5,34503
2021-04-07 09:28:04,3621.45,34528
2021-04-07 09:28:05,3621.45,34528
2021-04-07 09:28:06,3621.5,34529
2021-04-07 09:28:07,3621.6,34548
2021-04-07 09:28:08,3623.05,34553
2021-04-07 09:28:09,3621.45,34554
2021-04-07 09:28:10,3620.0,34739
2021-04-07 09:28:11,3622.0,34778
2021-04-07 09:28:12,3622.0,34778
2021-04-07 09:28:13,3624.2,34779
2021-04-07 09:28:14,3621.3,34839
2021-04-07 09:28:15,3621.3,34839
2021-04-07 09:28:16,3621.3,34839
2021-04-07 09:28:17,3621.75,34849
2021-04-07 09:28:18,3621.75,34849
2021-04-07 09:28:19,3621.75,34849
2021-04-07 09:28:20,3623.25,34862
2021-04-07 09:28:21,3623.25,34862
2021-04-07 09:28:23,3623.25,34862
2021-04-07 09:28:24,3623.25,34862
2021-04-07 09:28:25,3623.25,34862
2021-04-07 09:28:26,3623.15,34872
2021-04-07 09:28:28,3623.15,34872
2021-04-07 09:28:29,3623.05,34897
2021-04-07 09:28:30,3623.05,34897
2021-04-07 09:28:31,3623.05,34897
2021-04-07 09:28:32,3623.05,34897
2021-04-07 09:28:33,3623.5,34948
2021-04-07 09:28:34,3624.9,34968
2021-04-07 09:28:35,3623.55,34990
2021-04-07 09:28:36,3623.55,34990
2021-04-07 09:28:37,3623.55,34990
2021-04-07 09:28:38,3623.55,34990
2021-04-07 09:28:39,3623.55,34990
2021-04-07 09:28:40,3624.9,34991
2021-04-07 09:28:41,3624.9,34991
2021-04-07 09:28:42,3624.9,34991
2021-04-07 09:28:43,3624.9,34991
2021-04-07 09:28:44,3624.9,34991
2021-04-07 09:28:45,3624.9,34991
2021-04-07 09:28:46,3624.9,34996
2021-04-07 09:28:47,3624.9,34996
2021-04-07 09:28:48,3624.9,34998
2021-04-07 09:28:49,3624.9,34998
2021-04-07 09:28:50,3624.9,34998
2021-04-07 09:28:51,3624.9,34998
2021-04-07 09:28:52,3624.9,34998
2021-04-07 09:28:54,3624.9,35003
2021-04-07 09:28:55,3624.9,35003
2021-04-07 09:28:57,3624.9,35026
2021-04-07 09:28:57,3624.9,35026
2021-04-07 09:28:58,3624.9,35026
2021-04-07 09:28:59,3624.9,35031
2021-04-07 09:29:00,3624.9,35031
2021-04-07 09:29:01,3624.9,35031
2021-04-07 09:29:02,3624.9,35081
2021-04-07 09:29:03,3624.9,35081
2021-04-07 09:29:04,3624.9,35081
2021-04-07 09:29:05,3624.9,35081
2021-04-07 09:29:06,3624.9,35091
2021-04-07 09:29:07,3624.9,35091
2021-04-07 09:29:08,3624.9,35091
2021-04-07 09:29:09,3624.0,35092
2021-04-07 09:29:10,3624.0,35092
2021-04-07 09:29:11,3624.0,35092
2021-04-07 09:29:12,3624.0,35092
2021-04-07 09:29:13,3624.0,35092
2021-04-07 09:29:14,3624.9,35117
2021-04-07 09:29:16,3624.9,35117
2021-04-07 09:29:17,3624.9,35117
2021-04-07 09:29:18,3624.9,35117
2021-04-07 09:29:19,3624.85,35147
2021-04-07 09:29:21,3623.7,35215
2021-04-07 09:29:22,3623.7,35225
2021-04-07 09:29:23,3623.7,35225
2021-04-07 09:29:24,3623.7,35225
2021-04-07 09:29:25,3623.7,35225
2021-04-07 09:29:26,3623.7,35228
2021-04-07 09:29:27,3623.7,35228
2021-04-07 09:29:28,3624.5,35243
2021-04-07 09:29:29,3624.5,35243
2021-04-07 09:29:30,3624.5,35243
2021-04-07 09:29:31,3623.05,35270
2021-04-07 09:29:32,3623.05,35270
2021-04-07 09:29:33,3623.7,35280
2021-04-07 09:29:35,3623.7,35280
2021-04-07 09:29:36,3623.7,35280
2021-04-07 09:29:36,3623.7,35280
2021-04-07 09:29:37,3624.0,35281
2021-04-07 09:29:38,3624.0,35281
2021-04-07 09:29:39,3624.0,35286
2021-04-07 09:29:41,3624.0,35286
2021-04-07 09:29:41,3624.0,35286
2021-04-07 09:29:42,3624.0,35286
2021-04-07 09:29:43,3623.9,35328
2021-04-07 09:29:44,3623.9,35328
2021-04-07 09:29:45,3624.0,35330
2021-04-07 09:29:46,3623.0,35334
2021-04-07 09:29:47,3621.45,35405
2021-04-07 09:29:48,3621.45,35405
2021-04-07 09:29:49,3623.2,35455
2021-04-07 09:29:50,3622.05,35463
2021-04-07 09:29:51,3622.45,35467
2021-04-07 09:29:52,3622.45,35467
2021-04-07 09:29:53,3622.45,35467
2021-04-07 09:29:54,3622.15,35472
2021-04-07 09:29:55,3622.4,35476
2021-04-07 09:29:56,3622.4,35476
2021-04-07 09:29:57,3621.8,35517
2021-04-07 09:29:58,3621.2,35520
2021-04-07 09:29:59,3623.0,35577
2021-04-07 09:30:00,3623.0,35577
2021-04-07 09:30:01,3621.3,35581
2021-04-07 09:30:02,3621.15,35651
2021-04-07 09:30:03,3623.25,35656
2021-04-07 09:30:04,3623.25,35656
2021-04-07 09:30:05,3621.3,35659
2021-04-07 09:30:07,3622.5,35667
2021-04-07 09:30:08,3622.5,35667
2021-04-07 09:30:09,3622.5,35667
2021-04-07 09:30:10,3622.5,35667
2021-04-07 09:30:11,3622.5,35667
2021-04-07 09:30:12,3622.5,35667
2021-04-07 09:30:13,3622.5,35667
2021-04-07 09:30:14,3621.2,35767
2021-04-07 09:30:16,3621.2,35767
2021-04-07 09:30:17,3621.3,35768
2021-04-07 09:30:18,3621.3,35768
2021-04-07 09:30:19,3621.3,35768
2021-04-07 09:30:20,3621.3,35768
2021-04-07 09:30:22,3621.2,35778
2021-04-07 09:30:23,3621.2,35778
2021-04-07 09:30:24,3621.2,35778
2021-04-07 09:30:25,3621.2,35778
2021-04-07 09:30:26,3621.2,35778
2021-04-07 09:30:27,3622.0,35792
2021-04-07 09:30:28,3622.5,35828
2021-04-07 09:30:29,3622.0,35847
2021-04-07 09:30:30,3621.2,35851
2021-04-07 09:30:31,3623.3,35928
2021-04-07 09:30:32,3623.3,35928
2021-04-07 09:30:33,3623.3,35928
2021-04-07 09:30:34,3623.3,35928
2021-04-07 09:30:35,3623.3,35928
2021-04-07 09:30:37,3623.3,36019
2021-04-07 09:30:38,3621.3,36079
2021-04-07 09:30:39,3621.3,36079
2021-04-07 09:30:40,3621.3,36079
2021-04-07 09:30:41,3621.3,36079
2021-04-07 09:30:42,3623.3,36093
2021-04-07 09:30:44,3623.3,36093
2021-04-07 09:30:44,3623.3,36093
2021-04-07 09:30:45,3623.3,36093
2021-04-07 09:30:46,3623.3,36093
2021-04-07 09:30:47,3623.3,36093
2021-04-07 09:30:48,3623.3,36093
2021-04-07 09:30:49,3622.3,36097
2021-04-07 09:30:50,3621.8,36117
2021-04-07 09:30:52,3621.3,36126
2021-04-07 09:30:53,3621.3,36126
2021-04-07 09:30:55,3621.3,36126
2021-04-07 09:30:56,3623.5,36237
2021-04-07 09:30:57,3623.5,36237
2021-04-07 09:30:58,3622.25,36240
2021-04-07 09:30:59,3622.25,36240
2021-04-07 09:31:00,3622.25,36240
2021-04-07 09:31:01,3622.25,36240
2021-04-07 09:31:03,3622.25,36240
2021-04-07 09:31:04,3622.55,36250
2021-04-07 09:31:04,3622.55,36250
2021-04-07 09:31:06,3622.55,36250
2021-04-07 09:31:06,3623.0,36281
2021-04-07 09:31:07,3623.0,36281
2021-04-07 09:31:08,3623.0,36281
2021-04-07 09:31:09,3623.0,36281
2021-04-07 09:31:10,3623.9,36291
2021-04-07 09:31:12,3623.0,36301
2021-04-07 09:31:13,3623.0,36316
2021-04-07 09:31:14,3623.0,36316
2021-04-07 09:31:14,3623.0,36316
2021-04-07 09:31:16,3623.0,36316
2021-04-07 09:31:17,3623.0,36316
2021-04-07 09:31:18,3623.95,36326
2021-04-07 09:31:19,3623.0,36341
2021-04-07 09:31:20,3623.0,36341
2021-04-07 09:31:22,3623.0,36341
2021-04-07 09:31:22,3623.7,36358
2021-04-07 09:31:23,3623.95,36413
2021-04-07 09:31:24,3626.4,36533
2021-04-07 09:31:25,3626.95,36582
2021-04-07 09:31:26,3626.95,36582
2021-04-07 09:31:27,3627.95,36632
2021-04-07 09:31:28,3627.95,36632
2021-04-07 09:31:30,3628.35,36882
2021-04-07 09:31:31,3628.35,36882
2021-04-07 09:31:32,3628.35,36882
2021-04-07 09:31:33,3628.3,37100
2021-04-07 09:31:34,3628.35,37134
2021-04-07 09:31:34,3628.35,37134
2021-04-07 09:31:35,3628.9,37199
2021-04-07 09:31:36,3628.9,37199
2021-04-07 09:31:37,3628.9,37199
2021-04-07 09:31:38,3629.5,37345
2021-04-07 09:31:39,3629.0,37352
2021-04-07 09:31:40,3629.25,37354
2021-04-07 09:31:41,3629.25,37354
2021-04-07 09:31:42,3629.25,37363
2021-04-07 09:31:43,3629.25,37364
2021-04-07 09:31:45,3629.25,37364
2021-04-07 09:31:46,3628.35,37382
2021-04-07 09:31:46,3628.35,37382
2021-04-07 09:31:47,3628.35,37382
2021-04-07 09:31:49,3628.8,37415
2021-04-07 09:31:49,3628.8,37415
2021-04-07 09:31:50,3628.35,37515
2021-04-07 09:31:51,3628.35,37515
2021-04-07 09:31:52,3626.95,37530
2021-04-07 09:31:53,3629.75,37680
2021-04-07 09:31:54,3629.0,37685
2021-04-07 09:31:55,3629.0,37685
2021-04-07 09:31:56,3629.0,37685
2021-04-07 09:31:57,3629.0,37685
2021-04-07 09:31:59,3630.6,37705
2021-04-07 09:32:00,3630.6,37705
2021-04-07 09:32:01,3630.0,37738
2021-04-07 09:32:02,3630.0,37738
2021-04-07 09:32:04,3630.0,37739
2021-04-07 09:32:05,3630.0,37739
2021-04-07 09:32:06,3629.0,37839
2021-04-07 09:32:07,3629.0,37890
2021-04-07 09:32:08,3629.0,37891
2021-04-07 09:32:09,3629.0,37891
2021-04-07 09:32:10,3629.0,37992
2021-04-07 09:32:11,3629.0,38042
2021-04-07 09:32:12,3629.0,38042
2021-04-07 09:32:13,3629.0,38042
2021-04-07 09:32:14,3629.0,38042
2021-04-07 09:32:15,3629.0,38042
2021-04-07 09:32:16,3627.05,38259
2021-04-07 09:32:17,3626.45,38325
2021-04-07 09:32:18,3626.45,38325
2021-04-07 09:32:19,3626.45,38325
2021-04-07 09:32:20,3626.55,38340
2021-04-07 09:32:21,3626.85,38357
2021-04-07 09:32:23,3626.85,38357
2021-04-07 09:32:24,3626.85,38357
2021-04-07 09:32:24,3626.85,38357
2021-04-07 09:32:25,3626.85,38357
2021-04-07 09:32:26,3626.85,38357
2021-04-07 09:32:27,3626.85,38357
2021-04-07 09:32:28,3626.85,38357
2021-04-07 09:32:29,3627.3,38358
2021-04-07 09:32:30,3627.3,38358
2021-04-07 09:32:32,3628.3,38426
2021-04-07 09:32:33,3628.3,38426
2021-04-07 09:32:34,3627.7,38431
2021-04-07 09:32:35,3626.4,38436
2021-04-07 09:32:36,3626.2,38440
2021-04-07 09:32:37,3626.4,38445
2021-04-07 09:32:38,3626.4,38445
2021-04-07 09:32:39,3626.5,38455
2021-04-07 09:32:40,3626.5,38455
2021-04-07 09:32:41,3626.5,38455
2021-04-07 09:32:42,3626.5,38455
2021-04-07 09:32:44,3626.4,38457
2021-04-07 09:32:45,3627.7,38477
2021-04-07 09:32:45,3627.7,38477
2021-04-07 09:32:47,3629.55,39065
2021-04-07 09:32:48,3629.55,39065
2021-04-07 09:32:49,3629.55,39065
2021-04-07 09:32:50,3626.5,39069
2021-04-07 09:32:51,3626.5,39084
2021-04-07 09:32:53,3626.5,39167
2021-04-07 09:32:54,3626.5,39167
2021-04-07 09:32:54,3626.5,39167
2021-04-07 09:32:55,3626.5,39167
2021-04-07 09:32:56,3626.5,39167
2021-04-07 09:32:57,3627.25,39188
2021-04-07 09:32:58,3627.25,39188
2021-04-07 09:32:59,3627.3,39200
2021-04-07 09:33:00,3627.3,39201
2021-04-07 09:33:01,3627.3,39201
2021-04-07 09:33:02,3627.3,39201
2021-04-07 09:33:03,3627.3,39201
2021-04-07 09:33:05,3627.3,39201
2021-04-07 09:33:06,3627.3,39201
2021-04-07 09:33:07,3627.3,39212
2021-04-07 09:33:08,3627.3,39213
2021-04-07 09:33:10,3626.4,39313
2021-04-07 09:33:11,3627.3,39314
2021-04-07 09:33:12,3627.3,39314
2021-04-07 09:33:13,3627.3,39314
2021-04-07 09:33:14,3627.3,39314
2021-04-07 09:33:16,3627.3,39314
2021-04-07 09:33:18,3624.75,39401
2021-04-07 09:33:19,3624.75,39401
2021-04-07 09:33:20,3626.65,39471
2021-04-07 09:33:21,3624.9,39475
2021-04-07 09:33:22,3624.55,39480
2021-04-07 09:33:22,3624.55,39480
2021-04-07 09:33:23,3624.55,39480
2021-04-07 09:33:24,3626.65,39530
2021-04-07 09:33:25,3626.65,39531
2021-04-07 09:33:26,3626.65,39531
2021-04-07 09:33:27,3626.65,39531
2021-04-07 09:33:28,3626.65,39531
2021-04-07 09:33:29,3626.65,39531
2021-04-07 09:33:30,3626.65,39531
2021-04-07 09:33:31,3626.65,39531
2021-04-07 09:33:32,3626.65,39531
2021-04-07 09:33:34,3626.65,39531
2021-04-07 09:33:35,3624.4,39653
2021-04-07 09:33:36,3624.4,39653
2021-04-07 09:33:37,3624.4,39653
2021-04-07 09:33:38,3624.4,39653
2021-04-07 09:33:39,3625.25,39654
2021-04-07 09:33:41,3625.25,39654
2021-04-07 09:33:42,3624.85,39655
2021-04-07 09:33:43,3624.85,39655
2021-04-07 09:33:43,3624.85,39655
2021-04-07 09:33:44,3625.25,39687
2021-04-07 09:33:45,3625.25,39739
2021-04-07 09:33:46,3625.25,39739
2021-04-07 09:33:47,3625.25,39739
2021-04-07 09:33:48,3625.25,39740
2021-04-07 09:33:50,3626.0,39741
2021-04-07 09:33:51,3626.0,39741
2021-04-07 09:33:52,3626.0,39873
2021-04-07 09:33:53,3626.0,39873
2021-04-07 09:33:54,3626.0,39874
2021-04-07 09:33:55,3626.0,40075
2021-04-07 09:33:56,3626.0,40075
2021-04-07 09:33:58,3625.25,40166
2021-04-07 09:33:59,3625.25,40166
2021-04-07 09:34:00,3625.25,40166
2021-04-07 09:34:01,3625.25,40166
2021-04-07 09:34:01,3625.25,40207
2021-04-07 09:34:02,3625.25,40208
2021-04-07 09:34:03,3625.25,40208
2021-04-07 09:34:04,3625.25,40208
2021-04-07 09:34:05,3625.25,40258
2021-04-07 09:34:06,3625.25,40258
2021-04-07 09:34:07,3625.25,40259
2021-04-07 09:34:08,3625.25,40259
2021-04-07 09:34:09,3625.65,40359
2021-04-07 09:34:10,3624.85,40429
2021-04-07 09:34:12,3624.85,40429
2021-04-07 09:34:13,3624.85,40429
2021-04-07 09:34:14,3625.65,40434
2021-04-07 09:34:15,3625.65,40434
2021-04-07 09:34:16,3625.65,40434
2021-04-07 09:34:16,3625.65,40434
2021-04-07 09:34:17,3625.65,40434
2021-04-07 09:34:18,3625.65,40434
2021-04-07 09:34:19,3625.65,40434
2021-04-07 09:34:20,3624.85,40435
2021-04-07 09:34:21,3625.65,40437
2021-04-07 09:34:23,3625.65,40437
2021-04-07 09:34:23,3625.65,40437
2021-04-07 09:34:25,3625.65,40437
2021-04-07 09:34:26,3625.65,40437
2021-04-07 09:34:27,3625.65,40437
2021-04-07 09:34:29,3624.0,40588
2021-04-07 09:34:29,3625.65,40593
2021-04-07 09:34:30,3625.65,40596
2021-04-07 09:34:31,3625.65,40596
2021-04-07 09:34:33,3625.65,40596
2021-04-07 09:34:34,3625.65,40596
2021-04-07 09:34:35,3624.4,40610
2021-04-07 09:34:36,3624.0,40674
2021-04-07 09:34:37,3622.0,41629
2021-04-07 09:34:38,3622.0,41629
2021-04-07 09:34:39,3623.95,41829
2021-04-07 09:34:40,3623.95,41829
2021-04-07 09:34:42,3622.5,41865
2021-04-07 09:34:42,3624.65,41880
2021-04-07 09:34:43,3624.65,41880
2021-04-07 09:34:44,3624.85,41933
2021-04-07 09:34:46,3624.85,41933
2021-04-07 09:34:47,3624.85,41933
2021-04-07 09:34:48,3625.5,42040
2021-04-07 09:34:49,3625.6,42041
2021-04-07 09:34:50,3625.6,42041
2021-04-07 09:34:51,3625.6,42041
2021-04-07 09:34:52,3625.6,42041
2021-04-07 09:34:53,3625.6,42041
2021-04-07 09:34:54,3624.9,42061
2021-04-07 09:34:55,3624.9,42061
2021-04-07 09:34:56,3624.9,42061
2021-04-07 09:34:57,3624.9,42061
2021-04-07 09:34:58,3624.9,42061
2021-04-07 09:34:58,3624.9,42063
2021-04-07 09:34:59,3624.9,42063
2021-04-07 09:35:00,3624.9,42063
2021-04-07 09:35:02,3624.9,42063
2021-04-07 09:35:03,3625.6,42064
2021-04-07 09:35:04,3625.6,42064
2021-04-07 09:35:04,3624.85,42094
2021-04-07 09:35:05,3625.4,42119
2021-04-07 09:35:06,3626.2,42468
2021-04-07 09:35:07,3625.4,42518
2021-04-07 09:35:08,3625.4,42518
2021-04-07 09:35:10,3625.4,42518
2021-04-07 09:35:11,3625.4,42518
2021-04-07 09:35:12,3625.2,42529
2021-04-07 09:35:13,3625.5,42530
2021-04-07 09:35:14,3625.5,42530
2021-04-07 09:35:15,3625.5,42530
2021-04-07 09:35:15,3625.5,42530
2021-04-07 09:35:16,3625.5,42530
2021-04-07 09:35:18,3625.5,42531
2021-04-07 09:35:20,3625.5,42551
2021-04-07 09:35:21,3627.75,42624
2021-04-07 09:35:22,3626.5,42625
2021-04-07 09:35:23,3626.5,42625
2021-04-07 09:35:24,3626.5,42625
2021-04-07 09:35:25,3626.5,42625
2021-04-07 09:35:27,3626.5,42625
2021-04-07 09:35:27,3626.5,42625
2021-04-07 09:35:29,3626.5,42625
2021-04-07 09:35:30,3626.5,42625
2021-04-07 09:35:31,3627.95,42626
2021-04-07 09:35:32,3627.95,42626
2021-04-07 09:35:34,3627.95,42626
2021-04-07 09:35:35,3627.95,42626
2021-04-07 09:35:36,3627.95,42626
2021-04-07 09:35:37,3627.95,42626
2021-04-07 09:35:38,3627.9,42643
2021-04-07 09:35:39,3627.9,42643
2021-04-07 09:35:40,3627.95,42766
2021-04-07 09:35:41,3627.95,42766
2021-04-07 09:35:42,3626.0,42780
2021-04-07 09:35:42,3625.75,42786
2021-04-07 09:35:43,3627.8,42787
2021-04-07 09:35:44,3627.8,42787
2021-04-07 09:35:46,3627.8,42788
2021-04-07 09:35:47,3627.8,42788
2021-04-07 09:35:48,3627.8,42788
2021-04-07 09:35:49,3627.8,42788
2021-04-07 09:35:50,3627.8,42788
2021-04-07 09:35:52,3627.8,42788
2021-04-07 09:35:53,3627.8,42788
2021-04-07 09:35:54,3627.8,42788
2021-04-07 09:35:55,3627.8,42788
2021-04-07 09:35:56,3627.8,42788
2021-04-07 09:35:57,3627.8,42788
2021-04-07 09:35:58,3627.8,42788
2021-04-07 09:35:59,3627.8,42788
2021-04-07 09:36:00,3627.3,42790
2021-04-07 09:36:01,3627.3,42790
2021-04-07 09:36:02,3627.3,42790
2021-04-07 09:36:02,3627.2,42828
2021-04-07 09:36:04,3627.3,42872
2021-04-07 09:36:05,3627.3,42872
2021-04-07 09:36:06,3627.3,42872
2021-04-07 09:36:07,3627.3,42872
2021-04-07 09:36:09,3627.3,42872
2021-04-07 09:36:10,3628.85,43055
2021-04-07 09:36:11,3628.85,43055
2021-04-07 09:36:12,3627.2,43056
2021-04-07 09:36:12,3627.2,43056
2021-04-07 09:36:14,3629.0,43631
2021-04-07 09:36:15,3626.9,43684
2021-04-07 09:36:16,3626.45,43706
2021-04-07 09:36:17,3626.45,43706
2021-04-07 09:36:18,3626.45,43706
2021-04-07 09:36:20,3626.45,43706
2021-04-07 09:36:21,3626.45,43706
2021-04-07 09:36:22,3626.45,43706
2021-04-07 09:36:23,3626.45,43706
2021-04-07 09:36:24,3626.45,43706
2021-04-07 09:36:25,3626.45,43706
2021-04-07 09:36:26,3626.45,43706
2021-04-07 09:36:27,3627.9,43717
2021-04-07 09:36:28,3627.9,43717
2021-04-07 09:36:29,3628.6,43770
2021-04-07 09:36:30,3628.6,43770
2021-04-07 09:36:32,3629.8,43815
2021-04-07 09:36:33,3629.8,43815
2021-04-07 09:36:34,3629.8,43815
2021-04-07 09:36:35,3629.8,43815
2021-04-07 09:36:36,3629.8,43815
2021-04-07 09:36:37,3629.8,43815
2021-04-07 09:36:38,3629.8,43815
2021-04-07 09:36:40,3629.85,43825
2021-04-07 09:36:41,3629.85,43826
2021-04-07 09:36:42,3629.85,43826
2021-04-07 09:36:43,3627.7,43936
2021-04-07 09:36:44,3627.7,43936
2021-04-07 09:36:45,3627.7,43936
2021-04-07 09:36:47,3627.7,43936
2021-04-07 09:36:48,3627.7,43936
2021-04-07 09:36:49,3627.7,43936
2021-04-07 09:36:50,3629.9,44016
2021-04-07 09:36:51,3629.9,44016
2021-04-07 09:36:52,3627.8,44086
2021-04-07 09:36:53,3627.8,44086
2021-04-07 09:36:54,3627.8,44086
2021-04-07 09:36:55,3627.8,44086
2021-04-07 09:36:56,3629.9,44087
2021-04-07 09:36:57,3629.9,44087
2021-04-07 09:36:58,3629.85,44088
2021-04-07 09:36:59,3629.85,44088
2021-04-07 09:37:00,3629.85,44088
2021-04-07 09:37:01,3632.35,45740
2021-04-07 09:37:02,3632.35,45740
2021-04-07 09:37:03,3632.35,45740
2021-04-07 09:37:04,3632.35,45740
2021-04-07 09:37:05,3632.35,45740
2021-04-07 09:37:05,3632.35,45740
2021-04-07 09:37:06,3631.8,45771
2021-04-07 09:37:08,3629.65,45808
2021-04-07 09:37:09,3629.65,45808
2021-04-07 09:37:10,3629.65,45808
2021-04-07 09:37:11,3629.85,45813
2021-04-07 09:37:12,3629.85,45813
2021-04-07 09:37:13,3630.75,45814
2021-04-07 09:37:14,3628.3,46314
2021-04-07 09:37:15,3628.3,46314
2021-04-07 09:37:17,3628.3,46314
2021-04-07 09:37:18,3628.5,46327
2021-04-07 09:37:19,3630.45,46337
2021-04-07 09:37:20,3630.45,46337
2021-04-07 09:37:21,3630.45,46337
2021-04-07 09:37:22,3630.45,46337
2021-04-07 09:37:23,3630.45,46337
2021-04-07 09:37:24,3630.45,46337
2021-04-07 09:37:25,3630.45,46337
2021-04-07 09:37:26,3630.45,46338
2021-04-07 09:37:27,3629.85,46340
2021-04-07 09:37:28,3629.6,46355
2021-04-07 09:37:29,3629.6,46355
2021-04-07 09:37:30,3629.6,46355
2021-04-07 09:37:31,3628.95,46364
2021-04-07 09:37:32,3627.8,46383
2021-04-07 09:37:33,3627.8,46383
2021-04-07 09:37:34,3627.8,46383
2021-04-07 09:37:35,3627.8,46383
2021-04-07 09:37:36,3627.8,46383
2021-04-07 09:37:39,3627.8,46383
2021-04-07 09:37:40,3627.8,46383
2021-04-07 09:37:41,3627.85,46392
2021-04-07 09:37:42,3627.85,46392
2021-04-07 09:37:43,3627.85,46392
2021-04-07 09:37:44,3629.6,46552
2021-04-07 09:37:45,3628.55,46607
2021-04-07 09:37:46,3628.55,46607
2021-04-07 09:37:47,3628.55,46607
2021-04-07 09:37:48,3628.55,46607
2021-04-07 09:37:49,3628.55,46607
2021-04-07 09:37:50,3629.7,46707
2021-04-07 09:37:51,3629.7,46707
2021-04-07 09:37:52,3630.45,46708
2021-04-07 09:37:53,3630.45,46708
2021-04-07 09:37:55,3630.8,46743
2021-04-07 09:37:54,3630.45,46708
2021-04-07 09:37:56,3629.95,46745
2021-04-07 09:37:57,3629.95,46745
2021-04-07 09:37:58,3629.95,46745
2021-04-07 09:37:59,3630.8,46805
2021-04-07 09:38:00,3630.8,46805
2021-04-07 09:38:01,3631.35,46838
2021-04-07 09:38:02,3631.35,46838
2021-04-07 09:38:03,3631.35,46838
2021-04-07 09:38:05,3631.35,46838
2021-04-07 09:38:04,3631.35,46838
2021-04-07 09:38:06,3631.35,46838
2021-04-07 09:38:07,3631.35,46838
2021-04-07 09:38:08,3631.35,46838
2021-04-07 09:38:09,3631.35,46838
2021-04-07 09:38:11,3629.35,46888
2021-04-07 09:38:12,3629.0,46902
2021-04-07 09:38:13,3629.0,46902
2021-04-07 09:38:15,3629.0,46902
2021-04-07 09:38:16,3630.65,46981
2021-04-07 09:38:17,3630.65,46981
2021-04-07 09:38:18,3630.65,46981
2021-04-07 09:38:19,3630.65,46981
2021-04-07 09:38:20,3630.65,46981
2021-04-07 09:38:21,3629.2,46983
2021-04-07 09:38:22,3629.2,46983
2021-04-07 09:38:23,3629.2,46983
2021-04-07 09:38:24,3629.2,46983
2021-04-07 09:38:25,3629.2,46983
2021-04-07 09:38:26,3629.2,46983
2021-04-07 09:38:27,3630.65,46985
2021-04-07 09:38:28,3630.65,46985
2021-04-07 09:38:29,3629.1,46989
2021-04-07 09:38:30,3629.1,46989
2021-04-07 09:38:31,3629.0,46992
2021-04-07 09:38:32,3629.0,46992
2021-04-07 09:38:33,3629.0,47001
2021-04-07 09:38:34,3629.0,47001
2021-04-07 09:38:35,3629.0,47019
2021-04-07 09:38:36,3629.0,47019
2021-04-07 09:38:37,3629.0,47019
2021-04-07 09:38:38,3629.0,47019
2021-04-07 09:38:39,3629.0,47019
2021-04-07 09:38:40,3629.0,47019
2021-04-07 09:38:42,3629.0,47019
2021-04-07 09:38:43,3630.25,47069
2021-04-07 09:38:44,3630.25,47069
2021-04-07 09:38:45,3630.25,47069
2021-04-07 09:38:46,3630.25,47074
2021-04-07 09:38:47,3630.25,47074
2021-04-07 09:38:48,3630.0,47076
2021-04-07 09:38:49,3630.0,47076
2021-04-07 09:38:50,3630.0,47101
2021-04-07 09:38:51,3630.0,47101
2021-04-07 09:38:52,3629.0,47106
2021-04-07 09:38:53,3629.0,47106
2021-04-07 09:38:54,3629.0,47111
2021-04-07 09:38:55,3629.0,47111
2021-04-07 09:38:57,3628.4,47175
2021-04-07 09:38:58,3628.4,47175
2021-04-07 09:38:59,3628.4,47175
2021-04-07 09:39:00,3628.15,47181
2021-04-07 09:39:01,3628.15,47181
2021-04-07 09:39:02,3628.15,47181
2021-04-07 09:39:03,3628.1,47192
2021-04-07 09:39:04,3628.1,47192
2021-04-07 09:39:07,3629.0,47269
2021-04-07 09:39:08,3629.0,47288
2021-04-07 09:39:09,3629.0,47288
2021-04-07 09:39:10,3629.0,47288
2021-04-07 09:39:11,3629.0,47288
2021-04-07 09:39:13,3629.0,47289
2021-04-07 09:39:14,3629.0,47289
2021-04-07 09:39:15,3629.0,47289
2021-04-07 09:39:16,3629.0,47289
2021-04-07 09:39:17,3630.0,47450
2021-04-07 09:39:18,3630.0,47450
2021-04-07 09:39:19,3630.0,47450
2021-04-07 09:39:20,3630.0,47460
2021-04-07 09:39:21,3630.0,47460
2021-04-07 09:39:22,3630.25,47498
2021-04-07 09:39:23,3630.25,47498
2021-04-07 09:39:24,3630.0,47525
2021-04-07 09:39:25,3630.0,47525
2021-04-07 09:39:26,3630.0,47525
2021-04-07 09:39:27,3630.0,47525
2021-04-07 09:39:28,3630.0,47525
2021-04-07 09:39:29,3630.0,47525
2021-04-07 09:39:30,3630.0,47549
2021-04-07 09:39:32,3630.0,47549
2021-04-07 09:39:32,3630.25,47562
2021-04-07 09:39:33,3630.25,47562
2021-04-07 09:39:34,3630.25,47562
2021-04-07 09:39:35,3630.25,47581
2021-04-07 09:39:36,3630.4,47585
2021-04-07 09:39:37,3630.4,47585
2021-04-07 09:39:38,3630.5,47685
2021-04-07 09:39:39,3630.5,47685
2021-04-07 09:39:40,3630.4,47687
2021-04-07 09:39:41,3630.4,47705
2021-04-07 09:39:42,3630.4,47705
2021-04-07 09:39:43,3630.4,47705
2021-04-07 09:39:44,3630.4,47705
2021-04-07 09:39:45,3630.55,47722
2021-04-07 09:39:46,3630.55,47722
2021-04-07 09:39:47,3630.55,47722
2021-04-07 09:39:48,3634.0,48161
2021-04-07 09:39:49,3634.0,48161
2021-04-07 09:39:50,3634.0,48161
2021-04-07 09:39:51,3634.0,48162
2021-04-07 09:39:52,3634.0,48190
2021-04-07 09:39:53,3634.0,48190
2021-04-07 09:39:55,3634.9,48221
2021-04-07 09:39:55,3634.9,48221
2021-04-07 09:39:56,3634.9,48221
2021-04-07 09:39:57,3634.9,48221
2021-04-07 09:39:58,3634.0,48498
2021-04-07 09:39:59,3634.0,48501
2021-04-07 09:40:00,3634.0,48501
2021-04-07 09:40:01,3634.0,48501
2021-04-07 09:40:02,3634.0,48501
2021-04-07 09:40:03,3634.0,48501
2021-04-07 09:40:04,3634.0,48501
2021-04-07 09:40:06,3635.0,48530
2021-04-07 09:40:06,3635.0,48530
2021-04-07 09:40:07,3634.0,48630
2021-04-07 09:40:08,3634.0,48680
2021-04-07 09:40:09,3634.0,48680
2021-04-07 09:40:10,3633.75,49209
2021-04-07 09:40:11,3633.75,49209
2021-04-07 09:40:12,3633.75,49209
2021-04-07 09:40:13,3633.6,49262
2021-04-07 09:40:14,3630.95,49312
2021-04-07 09:40:15,3630.95,49312
2021-04-07 09:40:16,3630.95,49315
2021-04-07 09:40:17,3633.1,49335
2021-04-07 09:40:18,3633.1,49335
2021-04-07 09:40:19,3633.1,49341
2021-04-07 09:40:20,3631.6,49342
2021-04-07 09:40:21,3633.1,49412
2021-04-07 09:40:22,3633.1,49412
2021-04-07 09:40:24,3633.1,49412
2021-04-07 09:40:24,3633.1,49415
2021-04-07 09:40:25,3633.1,49426
2021-04-07 09:40:26,3633.45,49427
2021-04-07 09:40:27,3633.1,49440
2021-04-07 09:40:28,3633.1,49440
2021-04-07 09:40:29,3631.3,49446
2021-04-07 09:40:30,3631.3,49446
2021-04-07 09:40:31,3631.3,49446
2021-04-07 09:40:32,3630.7,49451
2021-04-07 09:40:33,3632.25,49456
2021-04-07 09:40:34,3632.25,49456
2021-04-07 09:40:36,3630.7,49485
2021-04-07 09:40:36,3630.7,49485
2021-04-07 09:40:37,3630.7,49485
2021-04-07 09:40:38,3630.7,49485
2021-04-07 09:40:39,3632.1,49504
2021-04-07 09:40:41,3630.9,49521
2021-04-07 09:40:42,3630.7,49526
2021-04-07 09:40:44,3633.0,49726
2021-04-07 09:40:45,3633.0,49726
2021-04-07 09:40:46,3633.0,49726
2021-04-07 09:40:47,3633.0,49726
2021-04-07 09:40:48,3633.0,49726
2021-04-07 09:40:49,3633.0,49726
2021-04-07 09:40:50,3632.4,49752
2021-04-07 09:40:51,3632.4,49752
2021-04-07 09:40:52,3632.4,49752
2021-04-07 09:40:53,3632.4,49752
2021-04-07 09:40:54,3632.4,49754
2021-04-07 09:40:55,3632.4,49754
2021-04-07 09:40:56,3632.4,49754
2021-04-07 09:40:57,3631.25,49759
2021-04-07 09:40:59,3631.2,49763
2021-04-07 09:41:00,3632.0,49843
2021-04-07 09:41:01,3632.4,49853
2021-04-07 09:41:02,3633.0,49863
2021-04-07 09:41:03,3633.0,49863
2021-04-07 09:41:04,3633.0,49863
2021-04-07 09:41:05,3633.7,49963
2021-04-07 09:41:06,3633.9,49994
2021-04-07 09:41:07,3633.9,49994
2021-04-07 09:41:08,3633.9,49994
2021-04-07 09:41:09,3633.9,49994
2021-04-07 09:41:10,3632.4,50031
2021-04-07 09:41:11,3633.85,50062
2021-04-07 09:41:12,3633.85,50062
2021-04-07 09:41:14,3632.0,50080
2021-04-07 09:41:14,3633.65,50081
2021-04-07 09:41:16,3633.65,50081
2021-04-07 09:41:16,3633.65,50081
2021-04-07 09:41:17,3634.2,50131
2021-04-07 09:41:18,3634.2,50131
2021-04-07 09:41:19,3634.2,50131
2021-04-07 09:41:20,3634.2,50131
2021-04-07 09:41:21,3634.2,50131
2021-04-07 09:41:22,3634.2,50131
2021-04-07 09:41:23,3634.2,50131
2021-04-07 09:41:24,3633.95,50132
2021-04-07 09:41:25,3633.95,50132
2021-04-07 09:41:26,3633.95,50132
2021-04-07 09:41:27,3633.95,50132
2021-04-07 09:41:28,3633.95,50132
2021-04-07 09:41:29,3633.95,50132
2021-04-07 09:41:30,3634.2,50242
2021-04-07 09:41:31,3634.2,50242
2021-04-07 09:41:32,3634.2,50242
2021-04-07 09:41:33,3634.2,50242
2021-04-07 09:41:34,3631.6,50642
2021-04-07 09:41:35,3631.1,50646
2021-04-07 09:41:36,3631.3,50652
2021-04-07 09:41:38,3631.3,50652
2021-04-07 09:41:39,3631.25,50656
2021-04-07 09:41:40,3631.25,50656
2021-04-07 09:41:41,3633.3,50756
2021-04-07 09:41:42,3631.35,50761
2021-04-07 09:41:43,3633.25,50771
2021-04-07 09:41:44,3633.25,50771
2021-04-07 09:41:45,3631.35,50775
2021-04-07 09:41:46,3631.25,50871
2021-04-07 09:41:47,3631.25,50871
2021-04-07 09:41:48,3631.25,50871
2021-04-07 09:41:49,3631.25,50871
2021-04-07 09:41:51,3632.7,50876
2021-04-07 09:41:51,3632.7,50876
2021-04-07 09:41:52,3632.7,50876
2021-04-07 09:41:53,3632.7,50876
2021-04-07 09:41:54,3632.7,50876
2021-04-07 09:41:55,3632.7,50876
2021-04-07 09:41:56,3632.7,50877
2021-04-07 09:41:57,3632.7,50877
2021-04-07 09:41:59,3632.7,50877
2021-04-07 09:41:59,3632.7,50877
2021-04-07 09:42:00,3632.7,50877
2021-04-07 09:42:01,3631.1,50880
2021-04-07 09:42:02,3631.1,50880
2021-04-07 09:42:03,3631.1,50882
2021-04-07 09:42:05,3631.1,50890
2021-04-07 09:42:06,3631.1,50890
2021-04-07 09:42:07,3631.1,50890
2021-04-07 09:42:08,3631.1,50890
2021-04-07 09:42:08,3631.1,50890
2021-04-07 09:42:09,3632.7,50891
2021-04-07 09:42:10,3632.7,50891
2021-04-07 09:42:11,3632.7,50891
2021-04-07 09:42:12,3632.7,50891
2021-04-07 09:42:13,3632.7,50891
2021-04-07 09:42:14,3632.7,50891
2021-04-07 09:42:15,3632.7,50891
2021-04-07 09:42:17,3632.7,50891
2021-04-07 09:42:17,3632.7,50891
2021-04-07 09:42:18,3631.1,50894
2021-04-07 09:42:20,3631.1,50894
2021-04-07 09:42:21,3631.1,50894
2021-04-07 09:42:22,3631.1,50894
2021-04-07 09:42:23,3631.1,50894
2021-04-07 09:42:24,3631.1,50894
2021-04-07 09:42:25,3631.1,50894
2021-04-07 09:42:26,3631.1,50894
2021-04-07 09:42:27,3631.1,50894
2021-04-07 09:42:27,3631.1,50934
2021-04-07 09:42:28,3631.1,50934
2021-04-07 09:42:29,3632.5,50935
2021-04-07 09:42:30,3632.5,50935
2021-04-07 09:42:31,3632.5,50935
2021-04-07 09:42:32,3631.3,50936
2021-04-07 09:42:33,3631.3,50936
2021-04-07 09:42:34,3631.3,50936
2021-04-07 09:42:35,3631.3,50936
2021-04-07 09:42:36,3631.1,50940
2021-04-07 09:42:37,3631.0,51016
2021-04-07 09:42:38,3631.0,51016
2021-04-07 09:42:39,3631.0,51016
2021-04-07 09:42:40,3630.7,51020
2021-04-07 09:42:41,3630.7,51022
2021-04-07 09:42:42,3630.7,51028
2021-04-07 09:42:43,3630.7,51028
2021-04-07 09:42:44,3630.7,51030
2021-04-07 09:42:46,3630.7,51030
2021-04-07 09:42:46,3630.7,51030
2021-04-07 09:42:47,3630.7,51030
2021-04-07 09:42:49,3631.3,51034
2021-04-07 09:42:50,3631.3,51034
2021-04-07 09:42:51,3630.7,51035
2021-04-07 09:42:52,3630.7,51035
2021-04-07 09:42:54,3630.7,51035
2021-04-07 09:42:55,3630.7,51035
2021-04-07 09:42:56,3630.7,51035
2021-04-07 09:42:57,3630.7,51035
2021-04-07 09:42:58,3630.7,51035
2021-04-07 09:42:59,3630.7,51035
2021-04-07 09:43:02,3630.65,51157
2021-04-07 09:43:03,3630.1,51181
2021-04-07 09:43:04,3631.3,51190
2021-04-07 09:43:05,3630.0,51191
2021-04-07 09:43:07,3630.0,51191
2021-04-07 09:43:08,3630.0,51191
2021-04-07 09:43:09,3630.0,51191
2021-04-07 09:43:10,3631.0,51241
2021-04-07 09:43:11,3631.0,51241
2021-04-07 09:43:12,3630.0,51325
2021-04-07 09:43:13,3630.0,51358
2021-04-07 09:43:14,3630.0,51358
2021-04-07 09:43:15,3630.0,51358
2021-04-07 09:43:17,3630.0,51358
2021-04-07 09:43:18,3630.0,51358
2021-04-07 09:43:19,3630.75,51408
2021-04-07 09:43:20,3630.0,51434
2021-04-07 09:43:20,3630.0,51434
2021-04-07 09:43:21,3630.0,51434
2021-04-07 09:43:22,3630.0,51434
2021-04-07 09:43:23,3630.0,51434
2021-04-07 09:43:24,3629.4,51446
2021-04-07 09:43:25,3629.4,51449
2021-04-07 09:43:26,3629.4,51449
2021-04-07 09:43:27,3629.05,51455
2021-04-07 09:43:28,3630.4,51848
2021-04-07 09:43:29,3630.4,51848
2021-04-07 09:43:30,3630.0,51850
2021-04-07 09:43:32,3630.0,51850
2021-04-07 09:43:33,3629.15,51854
2021-04-07 09:43:34,3628.8,51899
2021-04-07 09:43:35,3628.8,51945
2021-04-07 09:43:36,3628.8,51945
2021-04-07 09:43:38,3628.8,51945
2021-04-07 09:43:39,3628.15,51955
2021-04-07 09:43:40,3628.15,51955
2021-04-07 09:43:41,3628.15,51955
2021-04-07 09:43:41,3628.1,52003
2021-04-07 09:43:42,3628.1,52003
2021-04-07 09:43:43,3628.1,52003
2021-04-07 09:43:44,3628.1,52003
2021-04-07 09:43:45,3628.1,52003
2021-04-07 09:43:46,3629.0,52008
2021-04-07 09:43:47,3628.15,52149
2021-04-07 09:43:49,3628.15,52149
2021-04-07 09:43:50,3628.15,52149
2021-04-07 09:43:51,3628.15,52149
2021-04-07 09:43:52,3628.15,52149
2021-04-07 09:43:55,3629.0,52150
2021-04-07 09:43:56,3629.0,52150
2021-04-07 09:43:57,3629.0,52175
2021-04-07 09:43:58,3629.0,52185
2021-04-07 09:43:58,3629.0,52185
2021-04-07 09:43:59,3629.0,52185
2021-04-07 09:44:00,3628.5,52186
2021-04-07 09:44:01,3628.5,52219
2021-04-07 09:44:03,3629.0,52220
2021-04-07 09:44:04,3629.0,52229
2021-04-07 09:44:05,3629.0,52229
2021-04-07 09:44:05,3628.5,52289
2021-04-07 09:44:06,3628.5,52289
2021-04-07 09:44:07,3628.5,52289
2021-04-07 09:44:09,3628.2,52294
2021-04-07 09:44:09,3628.2,52294
2021-04-07 09:44:10,3628.2,52294
2021-04-07 09:44:11,3628.2,52294
2021-04-07 09:44:12,3628.2,52294
2021-04-07 09:44:13,3628.2,52294
2021-04-07 09:44:15,3628.2,52296
2021-04-07 09:44:16,3628.2,52296
2021-04-07 09:44:17,3628.2,52296
2021-04-07 09:44:18,3628.2,52296
2021-04-07 09:44:19,3628.2,52296
2021-04-07 09:44:20,3628.2,52296
2021-04-07 09:44:21,3629.0,52349
2021-04-07 09:44:23,3628.2,52356
2021-04-07 09:44:24,3628.2,52356
2021-04-07 09:44:25,3628.2,52356
2021-04-07 09:44:26,3628.2,52358
2021-04-07 09:44:27,3628.2,52358
2021-04-07 09:44:28,3628.2,52358
2021-04-07 09:44:29,3628.25,52364
2021-04-07 09:44:30,3628.25,52371
2021-04-07 09:44:31,3628.25,52408
2021-04-07 09:44:32,3629.0,52413
2021-04-07 09:44:33,3629.0,52413
2021-04-07 09:44:34,3629.0,52413
2021-04-07 09:44:35,3628.2,52415
2021-04-07 09:44:36,3628.2,52415
2021-04-07 09:44:37,3628.2,52415
2021-04-07 09:44:40,3628.2,52415
2021-04-07 09:44:41,3628.2,52415
2021-04-07 09:44:42,3628.1,52420
2021-04-07 09:44:43,3628.1,52420
2021-04-07 09:44:44,3628.1,52420
2021-04-07 09:44:45,3628.1,52420
2021-04-07 09:44:46,3628.1,52420
2021-04-07 09:44:47,3628.8,52434
2021-04-07 09:44:48,3628.1,52444
2021-04-07 09:44:49,3628.1,52444
2021-04-07 09:44:50,3628.1,52444
2021-04-07 09:44:51,3628.1,52444
2021-04-07 09:44:51,3628.1,52444
2021-04-07 09:44:53,3628.2,52515
2021-04-07 09:44:54,3628.2,52515
2021-04-07 09:44:55,3628.2,52515
2021-04-07 09:44:56,3628.2,52515
2021-04-07 09:44:56,3628.2,52515
2021-04-07 09:44:58,3629.0,52590
2021-04-07 09:44:59,3629.0,52590
2021-04-07 09:45:00,3629.0,52590
2021-04-07 09:45:01,3629.4,52592
2021-04-07 09:45:02,3628.5,52600
2021-04-07 09:45:03,3629.4,52620
2021-04-07 09:45:04,3629.4,52620
2021-04-07 09:45:05,3629.4,52631
2021-04-07 09:45:07,3631.2,52699
2021-04-07 09:45:08,3631.2,52699
2021-04-07 09:45:09,3631.75,52915
2021-04-07 09:45:10,3631.4,52924
2021-04-07 09:45:11,3631.4,52935
2021-04-07 09:45:12,3632.95,52963
2021-04-07 09:45:13,3631.5,52968
2021-04-07 09:45:14,3631.45,52973
2021-04-07 09:45:15,3631.45,52973
2021-04-07 09:45:17,3631.8,53011
2021-04-07 09:45:18,3631.85,53025
2021-04-07 09:45:19,3631.9,53050
2021-04-07 09:45:20,3632.7,53054
2021-04-07 09:45:21,3631.75,53154
2021-04-07 09:45:22,3631.75,53163
2021-04-07 09:45:23,3633.8,53173
2021-04-07 09:45:23,3631.85,53178
2021-04-07 09:45:25,3631.75,53307
2021-04-07 09:45:25,3631.75,53307
2021-04-07 09:45:26,3631.75,53307
2021-04-07 09:45:27,3631.75,53307
2021-04-07 09:45:29,3634.25,53539
2021-04-07 09:45:30,3634.25,53539
2021-04-07 09:45:31,3633.8,53544
2021-04-07 09:45:32,3633.8,53639
2021-04-07 09:45:33,3632.2,53645
2021-04-07 09:45:34,3633.9,53669
2021-04-07 09:45:35,3633.9,53669
2021-04-07 09:45:36,3633.9,53669
2021-04-07 09:45:37,3633.9,53669
2021-04-07 09:45:38,3633.05,53675
2021-04-07 09:45:39,3632.3,53725
2021-04-07 09:45:40,3631.6,53728
2021-04-07 09:45:41,3631.6,53728
2021-04-07 09:45:42,3631.6,53728
2021-04-07 09:45:43,3634.35,53766
2021-04-07 09:45:44,3635.0,53836
2021-04-07 09:45:46,3632.6,53841
2021-04-07 09:45:47,3632.45,53845
2021-04-07 09:45:48,3633.8,53855
2021-04-07 09:45:49,3633.6,53859
2021-04-07 09:45:51,3633.6,53868
2021-04-07 09:45:52,3633.6,53873
2021-04-07 09:45:53,3633.6,53877
2021-04-07 09:45:54,3633.6,53877
2021-04-07 09:45:55,3633.6,53881
2021-04-07 09:45:56,3633.6,53881
2021-04-07 09:45:56,3631.45,53981
2021-04-07 09:45:58,3631.45,53985
2021-04-07 09:45:59,3631.45,53985
2021-04-07 09:46:00,3631.75,54226
2021-04-07 09:46:01,3631.75,54226
2021-04-07 09:46:02,3631.75,54226
2021-04-07 09:46:02,3633.1,54265
2021-04-07 09:46:03,3633.1,54265
2021-04-07 09:46:04,3633.25,54266
2021-04-07 09:46:05,3633.25,54266
2021-04-07 09:46:07,3633.25,54266
2021-04-07 09:46:08,3633.25,54266
2021-04-07 09:46:09,3631.75,54267
2021-04-07 09:46:10,3631.75,54267
2021-04-07 09:46:11,3631.75,54267
2021-04-07 09:46:12,3633.0,54270
2021-04-07 09:46:13,3633.0,54270
2021-04-07 09:46:14,3631.75,54296
2021-04-07 09:46:15,3631.75,54296
2021-04-07 09:46:16,3631.75,54296
2021-04-07 09:46:17,3631.0,54323
2021-04-07 09:46:17,3631.0,54323
2021-04-07 09:46:18,3630.0,54501
2021-04-07 09:46:20,3629.0,54528
2021-04-07 09:46:21,3629.0,54528
2021-04-07 09:46:22,3629.0,54528
2021-04-07 09:46:22,3629.0,54528
2021-04-07 09:46:24,3629.0,54528
2021-04-07 09:46:25,3629.0,54528
2021-04-07 09:46:26,3629.0,54528
2021-04-07 09:46:27,3629.05,54591
2021-04-07 09:46:28,3629.0,54595
2021-04-07 09:46:29,3629.0,54595
2021-04-07 09:46:29,3629.0,54596
2021-04-07 09:46:31,3629.0,54596
2021-04-07 09:46:32,3629.0,54596
2021-04-07 09:46:33,3629.0,54596
2021-04-07 09:46:34,3631.2,54666
2021-04-07 09:46:35,3631.2,54666
2021-04-07 09:46:36,3631.2,54666
2021-04-07 09:46:37,3631.2,54666
2021-04-07 09:46:38,3631.2,54666
2021-04-07 09:46:39,3631.2,54666
2021-04-07 09:46:40,3631.2,54666
2021-04-07 09:46:41,3631.2,54666
2021-04-07 09:46:42,3630.8,54766
2021-04-07 09:46:43,3630.55,54883
2021-04-07 09:46:44,3632.55,54884
2021-04-07 09:46:45,3632.55,54884
2021-04-07 09:46:46,3630.6,54885
2021-04-07 09:46:47,3630.6,54885
2021-04-07 09:46:48,3630.95,54958
2021-04-07 09:46:49,3630.95,54958
2021-04-07 09:46:49,3630.95,54958
2021-04-07 09:46:50,3630.95,54958
2021-04-07 09:46:51,3630.95,54958
2021-04-07 09:46:52,3630.95,54958
2021-04-07 09:46:53,3630.95,54958
2021-04-07 09:46:55,3630.95,54958
2021-04-07 09:46:56,3630.95,54958
2021-04-07 09:46:57,3630.95,54958
2021-04-07 09:46:58,3629.55,55087
2021-04-07 09:46:59,3629.55,55087
2021-04-07 09:46:59,3629.55,55087
2021-04-07 09:47:01,3630.95,55137
2021-04-07 09:47:02,3630.95,55137
2021-04-07 09:47:04,3630.95,55137
2021-04-07 09:47:05,3630.95,55137
2021-04-07 09:47:07,3631.65,55160
2021-04-07 09:47:07,3631.65,55160
2021-04-07 09:47:09,3631.65,55160
2021-04-07 09:47:10,3631.65,55160
2021-04-07 09:47:11,3631.65,55160
2021-04-07 09:47:12,3631.65,55160
2021-04-07 09:47:13,3630.6,55205
2021-04-07 09:47:14,3630.6,55205
2021-04-07 09:47:15,3630.6,55205
2021-04-07 09:47:17,3631.0,55207
2021-04-07 09:47:18,3632.85,55217
2021-04-07 09:47:19,3632.85,55217
2021-04-07 09:47:20,3633.45,55317
2021-04-07 09:47:20,3633.45,55317
2021-04-07 09:47:22,3633.45,55317
2021-04-07 09:47:23,3633.45,55317
2021-04-07 09:47:24,3633.45,55317
2021-04-07 09:47:25,3634.0,55342
2021-04-07 09:47:26,3632.15,55354
2021-04-07 09:47:26,3632.15,55354
2021-04-07 09:47:27,3632.15,55354
2021-04-07 09:47:29,3631.5,55363
2021-04-07 09:47:30,3631.5,55363
2021-04-07 09:47:30,3631.5,55363
2021-04-07 09:47:31,3631.5,55363
2021-04-07 09:47:33,3631.5,55363
2021-04-07 09:47:34,3632.15,55373
2021-04-07 09:47:35,3632.15,55373
2021-04-07 09:47:36,3632.15,55393
2021-04-07 09:47:37,3632.15,55393
2021-04-07 09:47:38,3632.15,55397
2021-04-07 09:47:39,3632.15,55407
2021-04-07 09:47:40,3631.1,55416
2021-04-07 09:47:42,3631.0,55423
2021-04-07 09:47:43,3631.25,55424
2021-04-07 09:47:44,3631.25,55424
2021-04-07 09:47:45,3632.8,55425
2021-04-07 09:47:46,3632.8,55425
2021-04-07 09:47:47,3631.25,55465
2021-04-07 09:47:48,3631.25,55465
2021-04-07 09:47:49,3631.25,55465
2021-04-07 09:47:50,3631.25,55465
2021-04-07 09:47:51,3631.25,55465
2021-04-07 09:47:52,3631.25,55465
2021-04-07 09:47:54,3631.25,55465
2021-04-07 09:47:55,3631.25,55465
2021-04-07 09:47:56,3632.75,55466
2021-04-07 09:47:56,3632.75,55466
2021-04-07 09:47:57,3632.75,55474
2021-04-07 09:47:59,3632.75,55474
2021-04-07 09:48:00,3632.75,55474
2021-04-07 09:48:01,3632.75,55474
2021-04-07 09:48:02,3631.3,55479
2021-04-07 09:48:03,3631.3,55479
2021-04-07 09:48:04,3631.25,55481
2021-04-07 09:48:05,3631.25,55502
2021-04-07 09:48:06,3631.25,55502
2021-04-07 09:48:07,3631.25,55502
2021-04-07 09:48:08,3631.25,55502
2021-04-07 09:48:09,3632.75,55515
2021-04-07 09:48:10,3632.75,55515
2021-04-07 09:48:11,3633.0,55557
2021-04-07 09:48:12,3633.0,55557
2021-04-07 09:48:13,3633.0,55557
2021-04-07 09:48:14,3633.0,55557
2021-04-07 09:48:15,3631.25,55559
2021-04-07 09:48:16,3631.25,55559
2021-04-07 09:48:17,3631.25,55559
2021-04-07 09:48:18,3631.25,55562
2021-04-07 09:48:19,3631.25,55562
2021-04-07 09:48:20,3631.25,55562
2021-04-07 09:48:21,3631.25,55562
2021-04-07 09:48:22,3632.0,55569
2021-04-07 09:48:23,3632.0,55569
2021-04-07 09:48:24,3631.5,55571
2021-04-07 09:48:25,3631.25,55680
2021-04-07 09:48:26,3631.25,55681
2021-04-07 09:48:27,3631.25,55687
2021-04-07 09:48:28,3631.25,55697
2021-04-07 09:48:29,3631.25,55697
2021-04-07 09:48:30,3631.25,55697
2021-04-07 09:48:31,3631.25,55697
2021-04-07 09:48:32,3631.25,55697
2021-04-07 09:48:33,3631.25,55698
2021-04-07 09:48:34,3631.25,55698
2021-04-07 09:48:35,3631.25,55698
2021-04-07 09:48:37,3631.25,55700
2021-04-07 09:48:38,3631.25,55700
2021-04-07 09:48:39,3631.25,55700
2021-04-07 09:48:40,3631.25,55702
2021-04-07 09:48:41,3631.25,55702
2021-04-07 09:48:42,3632.0,55730
2021-04-07 09:48:43,3631.25,55736
2021-04-07 09:48:44,3639.0,58130
2021-04-07 09:48:45,3638.6,58306
2021-04-07 09:48:46,3638.9,58462
2021-04-07 09:48:47,3638.0,58488
2021-04-07 09:48:48,3636.4,58592
2021-04-07 09:48:49,3636.4,58596
2021-04-07 09:48:50,3636.65,58640
2021-04-07 09:48:51,3636.0,58747
2021-04-07 09:48:52,3635.95,58751
2021-04-07 09:48:53,3632.7,59087
2021-04-07 09:48:54,3632.0,59091
2021-04-07 09:48:55,3632.0,59139
2021-04-07 09:48:56,3631.55,59243
2021-04-07 09:48:57,3631.55,59243
2021-04-07 09:48:58,3631.0,59343
2021-04-07 09:48:59,3631.0,59343
2021-04-07 09:49:00,3631.0,59343
2021-04-07 09:49:01,3631.5,59348
2021-04-07 09:49:03,3631.0,59389
2021-04-07 09:49:04,3631.0,59394
2021-04-07 09:49:05,3631.25,59399
2021-04-07 09:49:06,3631.25,59399
2021-04-07 09:49:07,3631.25,59399
2021-04-07 09:49:08,3631.25,59399
2021-04-07 09:49:09,3631.0,59400
2021-04-07 09:49:10,3631.0,59400
2021-04-07 09:49:11,3631.0,59400
2021-04-07 09:49:12,3633.2,59735
2021-04-07 09:49:13,3633.2,59735
2021-04-07 09:49:14,3635.0,59763
2021-04-07 09:49:15,3635.0,59763
2021-04-07 09:49:16,3635.0,59764
2021-04-07 09:49:17,3633.2,59842
2021-04-07 09:49:18,3633.2,59842
2021-04-07 09:49:19,3634.5,59844
2021-04-07 09:49:20,3634.45,59864
2021-04-07 09:49:21,3634.45,59864
2021-04-07 09:49:22,3635.0,59934
2021-04-07 09:49:23,3635.0,59934
2021-04-07 09:49:24,3635.0,59934
2021-04-07 09:49:25,3634.9,59939
2021-04-07 09:49:26,3634.9,59939
2021-04-07 09:49:27,3634.8,59964
2021-04-07 09:49:28,3634.8,59964
2021-04-07 09:49:29,3634.8,59964
2021-04-07 09:49:30,3634.8,59964
2021-04-07 09:49:31,3634.8,59964
2021-04-07 09:49:32,3635.0,59984
2021-04-07 09:49:33,3635.0,59984
2021-04-07 09:49:34,3635.0,59984
2021-04-07 09:49:35,3632.25,60084
2021-04-07 09:49:37,3632.25,60084
2021-04-07 09:49:38,3632.25,60084
2021-04-07 09:49:39,3632.25,60084
2021-04-07 09:49:40,3634.25,60200
2021-04-07 09:49:41,3634.25,60200
2021-04-07 09:49:42,3634.25,60200
2021-04-07 09:49:43,3634.25,60202
2021-04-07 09:49:44,3634.25,60202
2021-04-07 09:49:45,3632.0,60242
2021-04-07 09:49:46,3632.0,60242
2021-04-07 09:49:47,3632.0,60242
2021-04-07 09:49:48,3634.25,60292
2021-04-07 09:49:49,3634.6,60317
2021-04-07 09:49:50,3634.6,60317
2021-04-07 09:49:51,3634.6,60317
2021-04-07 09:49:52,3634.2,60319
2021-04-07 09:49:53,3634.2,60319
2021-04-07 09:49:54,3634.2,60319
2021-04-07 09:49:55,3634.65,60337
2021-04-07 09:49:56,3634.65,60338
2021-04-07 09:49:57,3634.65,60338
2021-04-07 09:49:58,3634.65,60339
2021-04-07 09:49:59,3634.65,60339
2021-04-07 09:50:00,3632.9,60380
2021-04-07 09:50:01,3632.9,60380
2021-04-07 09:50:02,3632.9,60380
2021-04-07 09:50:03,3634.65,60404
2021-04-07 09:50:04,3634.65,60404
2021-04-07 09:50:06,3634.65,60404
2021-04-07 09:50:07,3634.6,60464
2021-04-07 09:50:08,3634.6,60464
2021-04-07 09:50:09,3634.25,60477
2021-04-07 09:50:10,3634.25,60477
2021-04-07 09:50:11,3634.25,60477
2021-04-07 09:50:12,3634.25,60477
2021-04-07 09:50:13,3635.0,60522
2021-04-07 09:50:14,3635.0,60522
2021-04-07 09:50:15,3635.0,60522
2021-04-07 09:50:16,3635.0,60522
2021-04-07 09:50:17,3635.0,60522
2021-04-07 09:50:18,3635.0,60522
2021-04-07 09:50:20,3632.5,60545
2021-04-07 09:50:21,3632.5,60545
2021-04-07 09:50:22,3632.5,60545
2021-04-07 09:50:23,3634.6,60576
2021-04-07 09:50:24,3632.65,60598
2021-04-07 09:50:25,3632.65,60598
2021-04-07 09:50:26,3632.7,60600
2021-04-07 09:50:27,3632.7,60600
2021-04-07 09:50:28,3632.7,60600
2021-04-07 09:50:29,3632.7,60600
2021-04-07 09:50:30,3634.5,60605
2021-04-07 09:50:31,3634.5,60605
2021-04-07 09:50:33,3632.75,60632
2021-04-07 09:50:33,3632.75,60632
2021-04-07 09:50:34,3632.75,60632
2021-04-07 09:50:35,3632.75,60632
2021-04-07 09:50:36,3632.8,60644
2021-04-07 09:50:37,3632.8,60644
2021-04-07 09:50:38,3634.8,60649
2021-04-07 09:50:39,3634.8,60649
2021-04-07 09:50:40,3634.8,60649
2021-04-07 09:50:41,3634.8,60649
2021-04-07 09:50:42,3635.0,60659
2021-04-07 09:50:43,3635.0,60659
2021-04-07 09:50:44,3635.0,60662
2021-04-07 09:50:45,3635.4,60669
2021-04-07 09:50:46,3635.0,60670
2021-04-07 09:50:47,3635.4,60718
2021-04-07 09:50:48,3635.4,60718
2021-04-07 09:50:49,3635.4,60718
2021-04-07 09:50:50,3633.45,60819
2021-04-07 09:50:51,3633.45,60875
2021-04-07 09:50:52,3633.45,60875
2021-04-07 09:50:53,3633.45,60875
2021-04-07 09:50:54,3633.45,60875
2021-04-07 09:50:55,3633.45,60875
2021-04-07 09:50:56,3634.05,60881
2021-04-07 09:50:57,3634.05,60881
2021-04-07 09:50:58,3634.05,60881
2021-04-07 09:50:59,3634.05,60882
2021-04-07 09:51:00,3634.05,60882
2021-04-07 09:51:01,3634.05,60882
2021-04-07 09:51:02,3634.05,60882
2021-04-07 09:51:03,3634.05,60882
2021-04-07 09:51:04,3634.05,60882
2021-04-07 09:51:05,3634.05,60882
2021-04-07 09:51:06,3634.05,60882
2021-04-07 09:51:07,3634.05,60882
2021-04-07 09:51:08,3633.45,60884
2021-04-07 09:51:09,3633.45,60884
2021-04-07 09:51:11,3634.0,60889
2021-04-07 09:51:11,3634.0,60889
2021-04-07 09:51:12,3634.0,60889
2021-04-07 09:51:13,3634.0,60889
2021-04-07 09:51:14,3634.0,60889
2021-04-07 09:51:15,3634.0,60889
2021-04-07 09:51:16,3634.0,60889
2021-04-07 09:51:17,3633.0,61063
2021-04-07 09:51:18,3632.0,61491
2021-04-07 09:51:19,3634.0,61599
2021-04-07 09:51:21,3634.0,61600
2021-04-07 09:51:22,3634.0,61600
2021-04-07 09:51:23,3634.0,61600
2021-04-07 09:51:24,3634.0,61600
2021-04-07 09:51:25,3632.4,61605
2021-04-07 09:51:26,3632.4,61705
2021-04-07 09:51:27,3632.0,61785
2021-04-07 09:51:28,3632.0,61785
2021-04-07 09:51:29,3632.0,61785
2021-04-07 09:51:30,3632.0,61785
2021-04-07 09:51:32,3632.0,61785
2021-04-07 09:51:32,3632.0,61785
2021-04-07 09:51:33,3631.0,61838
2021-04-07 09:51:34,3632.0,61864
2021-04-07 09:51:35,3632.0,61864
2021-04-07 09:51:36,3632.0,61864
2021-04-07 09:51:37,3632.0,61864
2021-04-07 09:51:38,3632.0,61864
2021-04-07 09:51:40,3630.05,61923
2021-04-07 09:51:41,3631.9,61927
2021-04-07 09:51:41,3631.9,61927
2021-04-07 09:51:42,3631.9,61927
2021-04-07 09:51:43,3631.9,61927
2021-04-07 09:51:44,3631.9,61927
2021-04-07 09:51:45,3631.9,61927
2021-04-07 09:51:46,3630.0,61957
2021-04-07 09:51:47,3630.0,61988
2021-04-07 09:51:49,3630.0,61988
2021-04-07 09:51:50,3630.0,61988
2021-04-07 09:51:52,3630.0,61988
2021-04-07 09:51:53,3630.0,61988
2021-04-07 09:51:53,3630.0,61988
2021-04-07 09:51:54,3630.0,61988
2021-04-07 09:51:56,3630.0,61988
2021-04-07 09:51:56,3630.0,61988
2021-04-07 09:51:57,3630.0,61988
2021-04-07 09:51:58,3630.0,61988
2021-04-07 09:51:59,3630.0,61988
2021-04-07 09:52:01,3630.0,61988
2021-04-07 09:52:02,3630.0,61988
2021-04-07 09:52:02,3630.0,61988
2021-04-07 09:52:03,3630.0,61988
2021-04-07 09:52:04,3630.0,61988
2021-04-07 09:52:05,3630.0,61988
2021-04-07 09:52:06,3630.0,61988
2021-04-07 09:52:07,3630.0,61988
2021-04-07 09:52:09,3630.0,61988
2021-04-07 09:52:10,3630.0,61988
2021-04-07 09:52:11,3630.0,61988
2021-04-07 09:52:11,3632.45,62120
2021-04-07 09:52:12,3632.45,62120
2021-04-07 09:52:13,3632.45,62120
2021-04-07 09:52:14,3632.45,62120
2021-04-07 09:52:15,3632.45,62120
2021-04-07 09:52:16,3632.45,62120
2021-04-07 09:52:17,3632.45,62120
2021-04-07 09:52:18,3632.45,62120
2021-04-07 09:52:19,3632.45,62120
2021-04-07 09:52:20,3632.45,62120
2021-04-07 09:52:22,3632.45,62120
2021-04-07 09:52:23,3632.45,62120
2021-04-07 09:52:24,3632.65,62150
2021-04-07 09:52:25,3632.65,62150
2021-04-07 09:52:26,3632.65,62150
2021-04-07 09:52:27,3632.65,62150
2021-04-07 09:52:29,3632.65,62150
2021-04-07 09:52:30,3632.65,62150
2021-04-07 09:52:31,3632.65,62150
2021-04-07 09:52:32,3632.65,62150
2021-04-07 09:52:33,3632.65,62150
2021-04-07 09:52:34,3632.9,62253
2021-04-07 09:52:35,3632.9,62253
2021-04-07 09:52:37,3632.9,62253
2021-04-07 09:52:37,3632.9,62253
2021-04-07 09:52:39,3633.95,62263
2021-04-07 09:52:40,3633.95,62271
2021-04-07 09:52:41,3633.95,62271
2021-04-07 09:52:42,3633.95,62271
2021-04-07 09:52:42,3633.95,62271
2021-04-07 09:52:43,3633.95,62271
2021-04-07 09:52:44,3633.95,62271
2021-04-07 09:52:46,3633.95,62271
2021-04-07 09:52:47,3633.95,62271
2021-04-07 09:52:48,3633.95,62271
2021-04-07 09:52:48,3633.95,62271
2021-04-07 09:52:49,3633.95,62271
2021-04-07 09:52:50,3633.95,62271
2021-04-07 09:52:51,3633.95,62271
2021-04-07 09:52:52,3633.95,62271
2021-04-07 09:52:53,3633.95,62271
2021-04-07 09:52:54,3633.95,62271
2021-04-07 09:52:55,3633.95,62271
2021-04-07 09:52:56,3633.95,62271
2021-04-07 09:52:57,3633.95,62271
2021-04-07 09:52:58,3633.95,62271
2021-04-07 09:53:00,3633.95,62271
2021-04-07 09:53:01,3634.0,62280
2021-04-07 09:53:01,3634.0,62280
2021-04-07 09:53:02,3634.0,62280
2021-04-07 09:53:03,3634.8,62290
2021-04-07 09:53:04,3634.8,62290
2021-04-07 09:53:05,3634.8,62290
2021-04-07 09:53:06,3635.0,62293
2021-04-07 09:53:07,3635.0,62294
2021-04-07 09:53:08,3635.15,62393
2021-04-07 09:53:09,3635.15,62393
2021-04-07 09:53:10,3635.15,62393
2021-04-07 09:53:12,3637.1,62403
2021-04-07 09:53:14,3635.5,62408
2021-04-07 09:53:15,3635.4,62508
2021-04-07 09:53:16,3635.05,62517
2021-04-07 09:53:17,3635.05,62519
2021-04-07 09:53:17,3635.05,62519
2021-04-07 09:53:18,3635.05,62519
2021-04-07 09:53:19,3637.05,62522
2021-04-07 09:53:20,3637.05,62522
2021-04-07 09:53:21,3637.05,62527
2021-04-07 09:53:22,3637.05,62527
2021-04-07 09:53:23,3635.2,62645
2021-04-07 09:53:25,3635.05,62646
2021-04-07 09:53:27,3635.05,62648
2021-04-07 09:53:28,3635.0,62650
2021-04-07 09:53:29,3635.0,62650
2021-04-07 09:53:30,3635.0,62650
2021-04-07 09:53:31,3635.0,62650
2021-04-07 09:53:31,3635.0,62650
2021-04-07 09:53:32,3635.0,62650
2021-04-07 09:53:34,3635.0,62650
2021-04-07 09:53:35,3635.0,62654
2021-04-07 09:53:36,3635.0,62663
2021-04-07 09:53:36,3635.0,62663
2021-04-07 09:53:37,3635.0,62663
2021-04-07 09:53:38,3635.0,62663
2021-04-07 09:53:39,3635.0,62663
2021-04-07 09:53:40,3635.0,62663
2021-04-07 09:53:41,3635.0,62663
2021-04-07 09:53:42,3635.0,62681
2021-04-07 09:53:43,3635.0,62681
2021-04-07 09:53:46,3634.8,62708
2021-04-07 09:53:47,3634.8,62708
2021-04-07 09:53:48,3635.0,62758
2021-04-07 09:53:49,3635.0,62760
2021-04-07 09:53:50,3635.0,62760
2021-04-07 09:53:51,3635.0,62760
2021-04-07 09:53:53,3635.0,62769
2021-04-07 09:53:53,3635.0,62770
2021-04-07 09:53:54,3634.8,62780
2021-04-07 09:53:56,3635.0,62781
2021-04-07 09:53:56,3635.0,62781
2021-04-07 09:53:58,3635.0,62781
2021-04-07 09:53:58,3635.0,62781
2021-04-07 09:54:00,3635.0,62781
2021-04-07 09:54:00,3635.0,62781
2021-04-07 09:54:01,3635.0,62795
2021-04-07 09:54:02,3635.0,62795
2021-04-07 09:54:03,3635.0,62795
2021-04-07 09:54:04,3635.0,62795
2021-04-07 09:54:06,3635.05,62800
2021-04-07 09:54:07,3635.05,62800
2021-04-07 09:54:08,3635.05,62800
2021-04-07 09:54:09,3635.05,62831
2021-04-07 09:54:10,3634.8,62834
2021-04-07 09:54:11,3634.8,63060
2021-04-07 09:54:11,3634.8,63060
2021-04-07 09:54:12,3634.8,63060
2021-04-07 09:54:14,3634.8,63060
2021-04-07 09:54:15,3634.8,63060
2021-04-07 09:54:16,3634.8,63060
2021-04-07 09:54:17,3634.8,63060
2021-04-07 09:54:18,3634.8,63060
2021-04-07 09:54:19,3634.8,63060
2021-04-07 09:54:20,3634.8,63060
2021-04-07 09:54:21,3634.8,63060
2021-04-07 09:54:22,3634.8,63060
2021-04-07 09:54:23,3634.8,63140
2021-04-07 09:54:24,3634.8,63140
2021-04-07 09:54:25,3634.8,63150
2021-04-07 09:54:27,3635.25,63250
2021-04-07 09:54:28,3635.25,63250
2021-04-07 09:54:29,3633.7,63252
2021-04-07 09:54:29,3633.7,63252
2021-04-07 09:54:31,3633.7,63252
2021-04-07 09:54:32,3633.7,63252
2021-04-07 09:54:33,3633.2,63302
2021-04-07 09:54:34,3633.2,63302
2021-04-07 09:54:34,3634.35,63312
2021-04-07 09:54:35,3634.35,63312
2021-04-07 09:54:37,3634.35,63312
2021-04-07 09:54:38,3634.35,63312
2021-04-07 09:54:40,3634.35,63312
2021-04-07 09:54:41,3634.35,63312
2021-04-07 09:54:42,3634.35,63312
2021-04-07 09:54:43,3634.35,63312
2021-04-07 09:54:44,3634.35,63312
2021-04-07 09:54:45,3634.35,63312
2021-04-07 09:54:48,3634.35,63312
2021-04-07 09:54:49,3634.35,63312
2021-04-07 09:54:50,3634.35,63312
2021-04-07 09:54:51,3634.35,63312
2021-04-07 09:54:53,3634.05,63328
2021-04-07 09:54:54,3634.05,63328
2021-04-07 09:54:55,3633.9,63353
2021-04-07 09:54:56,3633.9,63354
2021-04-07 09:54:57,3634.05,63362
2021-04-07 09:54:58,3634.05,63362
2021-04-07 09:54:59,3634.05,63362
2021-04-07 09:55:00,3634.05,63362
2021-04-07 09:55:01,3634.05,63362
2021-04-07 09:55:02,3634.05,63362
2021-04-07 09:55:03,3634.05,63362
2021-04-07 09:55:04,3634.05,63362
2021-04-07 09:55:04,3634.45,63363
2021-04-07 09:55:05,3634.45,63363
2021-04-07 09:55:06,3634.45,63381
2021-04-07 09:55:07,3634.45,63381
2021-04-07 09:55:09,3635.55,63471
2021-04-07 09:55:10,3635.55,63471
2021-04-07 09:55:11,3635.55,63471
2021-04-07 09:55:12,3635.95,63521
2021-04-07 09:55:14,3634.45,63526
2021-04-07 09:55:16,3634.45,63526
2021-04-07 09:55:17,3634.45,63526
2021-04-07 09:55:18,3634.45,63526
2021-04-07 09:55:18,3634.45,63526
2021-04-07 09:55:20,3634.45,63526
2021-04-07 09:55:21,3634.45,63526
2021-04-07 09:55:22,3634.45,63526
2021-04-07 09:55:23,3636.0,63626
2021-04-07 09:55:25,3636.0,63626
2021-04-07 09:55:26,3636.0,63626
2021-04-07 09:55:26,3636.0,63626
2021-04-07 09:55:28,3636.0,63626
2021-04-07 09:55:28,3636.0,63626
2021-04-07 09:55:30,3636.0,63626
2021-04-07 09:55:31,3636.0,63626
2021-04-07 09:55:32,3636.0,63626
2021-04-07 09:55:33,3636.0,63626
2021-04-07 09:55:34,3635.95,63631
2021-04-07 09:55:35,3635.95,63631
2021-04-07 09:55:36,3635.95,63631
2021-04-07 09:55:37,3635.95,63631
2021-04-07 09:55:38,3635.95,63631
2021-04-07 09:55:39,3634.45,63702
2021-04-07 09:55:40,3634.45,63802
2021-04-07 09:55:41,3634.45,63802
2021-04-07 09:55:42,3634.45,63802
2021-04-07 09:55:43,3634.45,63802
2021-04-07 09:55:44,3634.45,63802
2021-04-07 09:55:45,3634.45,63802
2021-04-07 09:55:47,3634.45,63802
2021-04-07 09:55:48,3635.95,63803
2021-04-07 09:55:49,3635.95,63803
2021-04-07 09:55:50,3635.95,63803
2021-04-07 09:55:52,3635.95,63873
2021-04-07 09:55:53,3635.95,63873
2021-04-07 09:55:54,3635.95,63903
2021-04-07 09:55:55,3635.95,63903
2021-04-07 09:55:56,3635.95,63903
2021-04-07 09:55:57,3635.95,63903
2021-04-07 09:55:58,3635.95,63903
2021-04-07 09:55:59,3635.95,63903
2021-04-07 09:56:00,3635.95,63903
2021-04-07 09:56:01,3635.7,63914
2021-04-07 09:56:02,3634.45,63919
2021-04-07 09:56:02,3634.45,63919
2021-04-07 09:56:03,3634.45,63919
2021-04-07 09:56:04,3634.45,63943
2021-04-07 09:56:05,3634.45,63945
2021-04-07 09:56:06,3634.45,63945
2021-04-07 09:56:07,3634.45,63945
2021-04-07 09:56:08,3634.45,63950
2021-04-07 09:56:09,3634.45,63950
2021-04-07 09:56:11,3634.45,63950
2021-04-07 09:56:12,3634.45,63950
2021-04-07 09:56:13,3634.45,63950
2021-04-07 09:56:14,3634.45,63951
2021-04-07 09:56:15,3634.45,63951
2021-04-07 09:56:16,3635.8,64031
2021-04-07 09:56:17,3635.8,64031
2021-04-07 09:56:18,3635.8,64031
2021-04-07 09:56:19,3635.8,64031
2021-04-07 09:56:20,3635.8,64031
2021-04-07 09:56:22,3635.8,64031
2021-04-07 09:56:22,3635.8,64031
2021-04-07 09:56:24,3635.8,64031
2021-04-07 09:56:25,3635.8,64031
2021-04-07 09:56:25,3635.8,64031
2021-04-07 09:56:26,3635.8,64031
2021-04-07 09:56:28,3635.8,64031
2021-04-07 09:56:29,3635.8,64031
2021-04-07 09:56:30,3635.8,64031
2021-04-07 09:56:31,3635.8,64031
2021-04-07 09:56:32,3635.8,64031
2021-04-07 09:56:33,3635.8,64031
2021-04-07 09:56:33,3635.0,64049
2021-04-07 09:56:34,3635.0,64049
2021-04-07 09:56:35,3635.0,64049
2021-04-07 09:56:36,3635.0,64049
2021-04-07 09:56:38,3634.45,64093
2021-04-07 09:56:39,3634.45,64093
2021-04-07 09:56:40,3634.45,64093
2021-04-07 09:56:41,3636.0,64105
2021-04-07 09:56:42,3636.0,64105
2021-04-07 09:56:43,3636.0,64105
2021-04-07 09:56:44,3636.0,64105
2021-04-07 09:56:45,3636.0,64105
2021-04-07 09:56:46,3636.0,64105
2021-04-07 09:56:47,3635.55,64113
2021-04-07 09:56:49,3635.55,64113
2021-04-07 09:56:50,3635.55,64113
2021-04-07 09:56:51,3635.55,64113
2021-04-07 09:56:51,3635.55,64113
2021-04-07 09:56:53,3635.55,64113
2021-04-07 09:56:54,3635.55,64113
2021-04-07 09:56:55,3635.55,64113
2021-04-07 09:56:56,3635.55,64113
2021-04-07 09:56:57,3635.55,64113
2021-04-07 09:56:58,3636.2,64280
2021-04-07 09:56:58,3636.2,64280
2021-04-07 09:56:59,3636.2,64281
2021-04-07 09:57:00,3636.2,64281
2021-04-07 09:57:01,3636.2,64281
2021-04-07 09:57:04,3634.55,64336
2021-04-07 09:57:05,3634.55,64336
2021-04-07 09:57:06,3634.55,64336
2021-04-07 09:57:07,3634.55,64336
2021-04-07 09:57:07,3634.55,64336
2021-04-07 09:57:09,3634.55,64336
2021-04-07 09:57:09,3634.15,64341
2021-04-07 09:57:11,3634.15,64341
2021-04-07 09:57:12,3634.15,64341
2021-04-07 09:57:13,3634.15,64341
2021-04-07 09:57:14,3634.15,64341
2021-04-07 09:57:15,3634.55,64342
2021-04-07 09:57:16,3634.55,64342
2021-04-07 09:57:17,3634.55,64351
2021-04-07 09:57:18,3634.55,64351
2021-04-07 09:57:18,3634.55,64351
2021-04-07 09:57:19,3634.55,64351
2021-04-07 09:57:21,3635.0,64354
2021-04-07 09:57:22,3635.0,64354
2021-04-07 09:57:23,3635.0,64354
2021-04-07 09:57:24,3635.0,64354
2021-04-07 09:57:25,3635.0,64354
2021-04-07 09:57:26,3635.0,64354
2021-04-07 09:57:27,3635.0,64354
2021-04-07 09:57:28,3635.0,64354
2021-04-07 09:57:29,3635.0,64354
2021-04-07 09:57:30,3635.0,64354
2021-04-07 09:57:31,3635.0,64354
2021-04-07 09:57:32,3635.0,64376
2021-04-07 09:57:33,3635.0,64376
2021-04-07 09:57:34,3634.15,64401
2021-04-07 09:57:35,3634.15,64401
2021-04-07 09:57:36,3634.15,64401
2021-04-07 09:57:37,3634.15,64401
2021-04-07 09:57:38,3634.15,64401
2021-04-07 09:57:39,3634.15,64401
2021-04-07 09:57:40,3634.15,64401
2021-04-07 09:57:41,3634.15,64401
2021-04-07 09:57:42,3634.15,64401
2021-04-07 09:57:43,3635.0,64406
2021-04-07 09:57:46,3635.0,64406
2021-04-07 09:57:47,3634.0,64420
2021-04-07 09:57:48,3634.0,64420
2021-04-07 09:57:48,3634.0,64420
2021-04-07 09:57:49,3634.0,64420
2021-04-07 09:57:52,3634.0,64420
2021-04-07 09:57:53,3634.0,64420
2021-04-07 09:57:54,3635.1,64530
2021-04-07 09:57:55,3632.9,64570
2021-04-07 09:57:56,3634.9,64574
2021-04-07 09:57:57,3634.0,64583
2021-04-07 09:57:58,3634.0,64583
2021-04-07 09:57:59,3634.0,64583
2021-04-07 09:58:00,3634.0,64583
2021-04-07 09:58:01,3634.0,64583
2021-04-07 09:58:02,3634.0,64583
2021-04-07 09:58:03,3634.0,64583
2021-04-07 09:58:04,3634.9,64593
2021-04-07 09:58:05,3634.0,64599
2021-04-07 09:58:06,3634.0,64599
2021-04-07 09:58:07,3634.0,64599
2021-04-07 09:58:08,3634.0,64599
2021-04-07 09:58:09,3634.0,64599
2021-04-07 09:58:11,3634.9,64638
2021-04-07 09:58:12,3634.9,64638
2021-04-07 09:58:13,3634.9,64638
2021-04-07 09:58:15,3635.4,64688
2021-04-07 09:58:16,3635.4,64688
2021-04-07 09:58:17,3635.4,64688
2021-04-07 09:58:18,3635.4,64688
2021-04-07 09:58:19,3635.4,64688
2021-04-07 09:58:20,3635.4,64688
2021-04-07 09:58:21,3635.4,64688
2021-04-07 09:58:22,3635.4,64688
2021-04-07 09:58:23,3635.4,64688
2021-04-07 09:58:24,3635.4,64688
2021-04-07 09:58:25,3635.4,64688
2021-04-07 09:58:26,3635.4,64688
2021-04-07 09:58:27,3636.0,64689
2021-04-07 09:58:28,3636.0,64689
2021-04-07 09:58:29,3636.0,64690
2021-04-07 09:58:30,3636.0,64690
2021-04-07 09:58:31,3636.0,64690
2021-04-07 09:58:32,3635.0,64692
2021-04-07 09:58:33,3635.0,64692
2021-04-07 09:58:34,3635.0,64692
2021-04-07 09:58:35,3635.0,64692
2021-04-07 09:58:36,3636.0,64704
2021-04-07 09:58:37,3636.0,64704
2021-04-07 09:58:38,3636.0,64704
2021-04-07 09:58:40,3636.0,64704
2021-04-07 09:58:39,3636.0,64704
2021-04-07 09:58:41,3636.0,64704
2021-04-07 09:58:42,3636.0,64704
2021-04-07 09:58:43,3636.0,64704
2021-04-07 09:58:44,3636.0,64704
2021-04-07 09:58:45,3636.0,64704
2021-04-07 09:58:46,3636.0,64704
2021-04-07 09:58:47,3636.0,64704
2021-04-07 09:58:48,3636.0,64704
2021-04-07 09:58:49,3636.0,64704
2021-04-07 09:58:50,3636.0,64704
2021-04-07 09:58:51,3636.0,64761
2021-04-07 09:58:52,3636.0,64761
2021-04-07 09:58:53,3636.0,64761
2021-04-07 09:58:54,3636.0,64763
2021-04-07 09:58:55,3635.05,64766
2021-04-07 09:58:56,3635.05,64766
2021-04-07 09:58:57,3636.4,64901
2021-04-07 09:58:58,3636.4,64901
2021-04-07 09:58:59,3636.4,64901
2021-04-07 09:59:01,3636.4,64901
2021-04-07 09:59:02,3636.4,64901
2021-04-07 09:59:03,3636.4,64901
2021-04-07 09:59:04,3636.4,64901
2021-04-07 09:59:05,3636.4,64901
2021-04-07 09:59:07,3636.4,64901
2021-04-07 09:59:08,3636.4,64901
2021-04-07 09:59:09,3636.4,64901
2021-04-07 09:59:10,3636.4,64901
2021-04-07 09:59:11,3636.4,64901
2021-04-07 09:59:12,3636.4,64901
2021-04-07 09:59:13,3636.55,64945
2021-04-07 09:59:15,3636.55,64945
2021-04-07 09:59:14,3636.55,64945
2021-04-07 09:59:16,3636.55,64945
2021-04-07 09:59:17,3636.55,64945
2021-04-07 09:59:18,3636.9,64950
2021-04-07 09:59:19,3636.9,64950
2021-04-07 09:59:20,3636.6,64960
2021-04-07 09:59:21,3637.0,65242
2021-04-07 09:59:22,3637.0,65242
2021-04-07 09:59:23,3637.0,65242
2021-04-07 09:59:24,3636.9,65244
2021-04-07 09:59:25,3636.9,65250
2021-04-07 09:59:26,3636.9,65280
2021-04-07 09:59:27,3637.4,65299
2021-04-07 09:59:28,3637.4,65299
2021-04-07 09:59:29,3637.4,65299
2021-04-07 09:59:30,3637.4,65299
2021-04-07 09:59:31,3637.8,65347
2021-04-07 09:59:32,3638.0,65497
2021-04-07 09:59:33,3638.6,65508
2021-04-07 09:59:34,3638.6,65508
2021-04-07 09:59:35,3638.65,65522
2021-04-07 09:59:36,3636.6,65622
2021-04-07 09:59:37,3636.6,65622
2021-04-07 09:59:38,3636.6,65622
2021-04-07 09:59:39,3638.3,65623
2021-04-07 09:59:40,3638.0,65625
2021-04-07 09:59:41,3638.0,65625
2021-04-07 09:59:42,3638.0,65625
2021-04-07 09:59:44,3636.45,65640
2021-04-07 09:59:45,3636.45,65640
2021-04-07 09:59:46,3638.0,65642
2021-04-07 09:59:47,3638.0,65642
2021-04-07 09:59:48,3638.0,65642
2021-04-07 09:59:49,3638.0,65652
2021-04-07 09:59:50,3638.0,65652
2021-04-07 09:59:51,3638.0,65652
2021-04-07 09:59:52,3638.0,65652
2021-04-07 09:59:53,3638.0,65652
2021-04-07 09:59:54,3638.0,65652
2021-04-07 09:59:55,3638.0,65652
2021-04-07 09:59:56,3638.0,65653
2021-04-07 09:59:57,3638.0,65653
2021-04-07 09:59:58,3636.6,65654
2021-04-07 09:59:59,3636.5,65675
2021-04-07 10:00:00,3636.5,65675
2021-04-07 10:00:01,3637.95,65676
2021-04-07 10:00:02,3637.95,65676
2021-04-07 10:00:04,3637.95,65676
2021-04-07 10:00:03,3637.95,65676
2021-04-07 10:00:05,3637.95,65676
2021-04-07 10:00:06,3637.95,65676
2021-04-07 10:00:07,3637.95,65676
2021-04-07 10:00:08,3636.0,65776
2021-04-07 10:00:09,3636.0,65776
2021-04-07 10:00:10,3636.0,65776
2021-04-07 10:00:11,3636.0,65776
2021-04-07 10:00:12,3636.0,65776
2021-04-07 10:00:13,3636.0,65776
2021-04-07 10:00:14,3636.0,65776
2021-04-07 10:00:15,3637.9,65836
2021-04-07 10:00:16,3637.9,65836
2021-04-07 10:00:17,3637.9,65836
2021-04-07 10:00:18,3637.9,65837
2021-04-07 10:00:19,3637.9,65837
2021-04-07 10:00:20,3637.9,65879
2021-04-07 10:00:21,3637.9,65879
2021-04-07 10:00:22,3637.9,65879
2021-04-07 10:00:23,3637.9,65879
2021-04-07 10:00:24,3637.9,65879
2021-04-07 10:00:25,3637.9,65879
2021-04-07 10:00:26,3637.9,65899
2021-04-07 10:00:27,3638.0,65999
2021-04-07 10:00:28,3638.0,66019
2021-04-07 10:00:29,3638.0,66019
2021-04-07 10:00:30,3638.0,66019
2021-04-07 10:00:31,3638.0,66019
2021-04-07 10:00:32,3638.0,66019
2021-04-07 10:00:33,3638.0,66021
2021-04-07 10:00:34,3638.0,66021
2021-04-07 10:00:35,3638.0,66021
2021-04-07 10:00:37,3636.5,66361
2021-04-07 10:00:38,3636.95,66400
2021-04-07 10:00:40,3636.5,66460
2021-04-07 10:00:41,3636.5,66460
2021-04-07 10:00:42,3637.3,66461
2021-04-07 10:00:43,3637.3,66461
2021-04-07 10:00:44,3637.3,66461
2021-04-07 10:00:45,3637.3,66461
2021-04-07 10:00:46,3637.3,66461
2021-04-07 10:00:47,3637.3,66461
2021-04-07 10:00:48,3637.3,66461
2021-04-07 10:00:49,3637.3,66461
2021-04-07 10:00:50,3637.3,66461
2021-04-07 10:00:51,3637.3,66461
2021-04-07 10:00:52,3637.3,66461
2021-04-07 10:00:53,3637.3,66461
2021-04-07 10:00:54,3637.3,66461
2021-04-07 10:00:55,3637.3,66461
2021-04-07 10:00:56,3637.3,66461
2021-04-07 10:00:57,3637.2,66463
2021-04-07 10:00:58,3637.2,66463
2021-04-07 10:00:59,3637.2,66463
2021-04-07 10:01:00,3637.2,66463
2021-04-07 10:01:01,3637.0,66464
2021-04-07 10:01:03,3637.0,66464
2021-04-07 10:01:05,3637.0,66464
2021-04-07 10:01:06,3637.2,66494
2021-04-07 10:01:07,3637.6,66594
2021-04-07 10:01:08,3637.6,66594
2021-04-07 10:01:09,3637.6,66594
2021-04-07 10:01:10,3637.6,66594
2021-04-07 10:01:12,3637.6,66594
2021-04-07 10:01:13,3637.6,66594
2021-04-07 10:01:13,3637.6,66594
2021-04-07 10:01:14,3637.6,66594
2021-04-07 10:01:15,3637.6,66594
2021-04-07 10:01:16,3637.6,66594
2021-04-07 10:01:17,3637.6,66594
2021-04-07 10:01:18,3637.6,66594
2021-04-07 10:01:20,3637.5,66614
2021-04-07 10:01:21,3637.5,66614
2021-04-07 10:01:22,3637.5,66614
2021-04-07 10:01:23,3637.5,66614
2021-04-07 10:01:24,3637.5,66615
2021-04-07 10:01:25,3637.5,66615
2021-04-07 10:01:26,3637.5,66615
2021-04-07 10:01:27,3637.6,66665
2021-04-07 10:01:28,3637.6,66665
2021-04-07 10:01:29,3636.9,66670
2021-04-07 10:01:30,3636.9,66670
2021-04-07 10:01:31,3636.9,66670
2021-04-07 10:01:32,3636.9,66670
2021-04-07 10:01:34,3636.9,66670
2021-04-07 10:01:35,3636.9,66670
2021-04-07 10:01:36,3636.9,66670
2021-04-07 10:01:37,3636.9,66670
2021-04-07 10:01:38,3636.9,66670
2021-04-07 10:01:40,3637.5,66674
2021-04-07 10:01:40,3637.5,66674
2021-04-07 10:01:42,3637.5,66674
2021-04-07 10:01:42,3637.5,66674
2021-04-07 10:01:43,3637.5,66674
2021-04-07 10:01:44,3637.5,66674
2021-04-07 10:01:46,3637.5,66674
2021-04-07 10:01:47,3637.5,66674
2021-04-07 10:01:48,3637.5,66674
2021-04-07 10:01:50,3637.5,66674
2021-04-07 10:01:51,3637.5,66674
2021-04-07 10:01:52,3637.0,66675
2021-04-07 10:01:53,3638.0,66925
2021-04-07 10:01:54,3638.0,66925
2021-04-07 10:01:55,3638.0,66925
2021-04-07 10:01:56,3638.0,66925
2021-04-07 10:01:59,3638.0,66925
2021-04-07 10:01:59,3637.1,66931
2021-04-07 10:02:00,3637.1,66931
2021-04-07 10:02:01,3637.1,66931
2021-04-07 10:02:02,3637.1,66931
2021-04-07 10:02:03,3637.1,66931
2021-04-07 10:02:04,3638.0,66976
2021-04-07 10:02:06,3638.0,66987
2021-04-07 10:02:07,3638.0,66987
2021-04-07 10:02:08,3638.0,66987
2021-04-07 10:02:09,3638.0,67012
2021-04-07 10:02:10,3638.0,67012
2021-04-07 10:02:11,3641.55,68864
2021-04-07 10:02:12,3641.0,68920
2021-04-07 10:02:13,3641.0,68920
2021-04-07 10:02:15,3641.05,68966
2021-04-07 10:02:16,3641.05,68966
2021-04-07 10:02:17,3641.3,68967
2021-04-07 10:02:18,3641.3,68978
2021-04-07 10:02:19,3641.3,68978
2021-04-07 10:02:20,3641.4,69186
2021-04-07 10:02:21,3641.4,69186
2021-04-07 10:02:22,3643.0,69248
2021-04-07 10:02:23,3643.0,69259
2021-04-07 10:02:25,3643.0,69259
2021-04-07 10:02:25,3643.0,69291
2021-04-07 10:02:26,3644.0,69326
2021-04-07 10:02:27,3643.9,69327
2021-04-07 10:02:28,3643.9,69327
2021-04-07 10:02:29,3642.35,69328
2021-04-07 10:02:30,3642.35,69338
2021-04-07 10:02:32,3643.5,69343
2021-04-07 10:02:33,3644.0,69355
2021-04-07 10:02:34,3644.0,69355
2021-04-07 10:02:35,3644.0,69356
2021-04-07 10:02:37,3644.0,69356
2021-04-07 10:02:38,3644.8,69466
2021-04-07 10:02:40,3644.0,69487
2021-04-07 10:02:41,3644.0,69488
2021-04-07 10:02:42,3644.0,69508
2021-04-07 10:02:43,3644.75,69583
2021-04-07 10:02:44,3644.75,69591
2021-04-07 10:02:45,3644.75,69591
2021-04-07 10:02:47,3644.8,69692
2021-04-07 10:02:48,3644.8,69692
2021-04-07 10:02:49,3644.8,69692
2021-04-07 10:02:50,3644.0,69732
2021-04-07 10:02:52,3644.75,69757
2021-04-07 10:02:52,3644.0,69817
2021-04-07 10:02:53,3644.0,69853
2021-04-07 10:02:54,3644.0,69853
2021-04-07 10:02:55,3643.95,70135
2021-04-07 10:02:56,3643.95,70138
2021-04-07 10:02:58,3643.95,70138
2021-04-07 10:02:59,3643.95,70161
2021-04-07 10:02:59,3643.95,70161
2021-04-07 10:03:00,3642.4,70163
2021-04-07 10:03:01,3643.95,70194
2021-04-07 10:03:02,3643.95,70194
2021-04-07 10:03:03,3643.95,70194
2021-04-07 10:03:04,3643.95,70194
2021-04-07 10:03:06,3643.95,70194
2021-04-07 10:03:07,3643.95,70194
2021-04-07 10:03:08,3643.9,70214
2021-04-07 10:03:09,3643.9,70229
2021-04-07 10:03:10,3643.9,70229
2021-04-07 10:03:12,3642.35,70310
2021-04-07 10:03:13,3642.0,70390
2021-04-07 10:03:14,3642.75,70405
2021-04-07 10:03:15,3642.75,70405
2021-04-07 10:03:16,3642.0,70406
2021-04-07 10:03:16,3642.0,70406
2021-04-07 10:03:17,3640.5,70420
2021-04-07 10:03:18,3640.5,70420
2021-04-07 10:03:19,3642.5,70430
2021-04-07 10:03:20,3640.6,70480
2021-04-07 10:03:21,3640.6,70480
2021-04-07 10:03:23,3640.5,70484
2021-04-07 10:03:23,3640.5,70484
2021-04-07 10:03:25,3642.55,70486
2021-04-07 10:03:26,3640.75,70536
2021-04-07 10:03:27,3642.75,70546
2021-04-07 10:03:28,3643.9,70604
2021-04-07 10:03:30,3643.9,70604
2021-04-07 10:03:31,3643.9,70604
2021-04-07 10:03:32,3642.75,70654
2021-04-07 10:03:32,3642.75,70654
2021-04-07 10:03:34,3641.25,70690
2021-04-07 10:03:35,3641.25,70690
2021-04-07 10:03:36,3642.6,70700
2021-04-07 10:03:37,3642.35,70725
2021-04-07 10:03:38,3642.35,70725
2021-04-07 10:03:39,3642.35,70725
2021-04-07 10:03:41,3640.5,70825
2021-04-07 10:03:42,3640.5,70855
2021-04-07 10:03:43,3640.5,70855
2021-04-07 10:03:44,3640.5,70855
2021-04-07 10:03:45,3640.5,70855
2021-04-07 10:03:46,3640.5,70855
2021-04-07 10:03:47,3640.65,70856
2021-04-07 10:03:48,3640.65,70863
2021-04-07 10:03:49,3641.05,70893
2021-04-07 10:03:50,3641.05,70893
2021-04-07 10:03:52,3642.6,70913
2021-04-07 10:03:53,3642.6,70913
2021-04-07 10:03:53,3642.75,70918
2021-04-07 10:03:54,3642.75,70918
2021-04-07 10:03:56,3642.75,70918
2021-04-07 10:03:56,3642.75,70918
2021-04-07 10:03:57,3642.75,70918
2021-04-07 10:03:58,3641.0,70938
2021-04-07 10:04:00,3641.0,70938
2021-04-07 10:04:01,3640.95,71038
2021-04-07 10:04:02,3640.95,71038
2021-04-07 10:04:04,3640.95,71038
2021-04-07 10:04:05,3640.95,71038
2021-04-07 10:04:06,3640.7,71063
2021-04-07 10:04:08,3640.6,71073
2021-04-07 10:04:10,3640.6,71073
2021-04-07 10:04:11,3640.6,71073
2021-04-07 10:04:13,3640.6,71073
2021-04-07 10:04:15,3640.6,71073
2021-04-07 10:04:16,3641.05,71094
2021-04-07 10:04:17,3641.05,71094
2021-04-07 10:04:19,3641.05,71094
2021-04-07 10:04:20,3641.05,71094
2021-04-07 10:04:21,3641.05,71094
2021-04-07 10:04:22,3640.95,71108
2021-04-07 10:04:23,3640.95,71108
2021-04-07 10:04:24,3640.95,71108
2021-04-07 10:04:25,3641.0,71123
2021-04-07 10:04:26,3641.0,71123
2021-04-07 10:04:27,3640.6,71126
2021-04-07 10:04:29,3640.6,71126
2021-04-07 10:04:30,3642.75,71226
2021-04-07 10:04:30,3642.75,71226
2021-04-07 10:04:31,3642.75,71226
2021-04-07 10:04:33,3642.75,71226
2021-04-07 10:04:33,3642.75,71226
2021-04-07 10:04:34,3642.75,71226
2021-04-07 10:04:35,3641.2,71236
2021-04-07 10:04:37,3642.75,71238
2021-04-07 10:04:37,3642.75,71238
2021-04-07 10:04:38,3641.45,71239
2021-04-07 10:04:40,3641.45,71240
2021-04-07 10:04:41,3642.95,71280
2021-04-07 10:04:42,3642.95,71280
2021-04-07 10:04:44,3642.95,71280
2021-04-07 10:04:45,3642.75,71281
2021-04-07 10:04:48,3642.75,71281
2021-04-07 10:04:49,3642.75,71281
2021-04-07 10:04:50,3642.95,71284
2021-04-07 10:04:50,3642.95,71292
2021-04-07 10:04:51,3642.95,71292
2021-04-07 10:04:52,3642.75,71297
2021-04-07 10:04:53,3642.95,71357
2021-04-07 10:04:54,3642.95,71357
2021-04-07 10:04:55,3642.95,71357
2021-04-07 10:04:56,3642.95,71358
2021-04-07 10:04:58,3642.95,71402
2021-04-07 10:04:59,3643.15,71404
2021-04-07 10:05:00,3643.15,71404
2021-04-07 10:05:01,3643.15,71404
2021-04-07 10:05:02,3643.15,71409
2021-04-07 10:05:03,3643.15,71434
2021-04-07 10:05:04,3643.15,71434
2021-04-07 10:05:05,3643.2,71454
2021-04-07 10:05:06,3643.5,71464
2021-04-07 10:05:07,3643.85,71504
2021-04-07 10:05:08,3643.0,71514
2021-04-07 10:05:09,3643.95,71564
2021-04-07 10:05:10,3643.0,71574
2021-04-07 10:05:11,3643.0,71574
2021-04-07 10:05:12,3643.0,71574
2021-04-07 10:05:13,3643.8,71663
2021-04-07 10:05:13,3643.8,71663
2021-04-07 10:05:15,3642.15,71668
2021-04-07 10:05:16,3642.15,71668
2021-04-07 10:05:17,3643.1,71669
2021-04-07 10:05:18,3643.1,71669
2021-04-07 10:05:19,3643.1,71669
2021-04-07 10:05:20,3643.1,71669
2021-04-07 10:05:21,3643.7,71679
2021-04-07 10:05:22,3643.7,71679
2021-04-07 10:05:23,3643.1,71689
2021-04-07 10:05:23,3643.1,71689
2021-04-07 10:05:24,3643.7,71699
2021-04-07 10:05:25,3643.7,71699
2021-04-07 10:05:26,3643.95,71746
2021-04-07 10:05:27,3643.95,71746
2021-04-07 10:05:28,3643.95,71746
2021-04-07 10:05:30,3643.1,71756
2021-04-07 10:05:30,3643.1,71756
2021-04-07 10:05:31,3643.1,71787
2021-04-07 10:05:32,3643.7,71788
2021-04-07 10:05:33,3643.7,71788
2021-04-07 10:05:34,3643.7,71788
2021-04-07 10:05:35,3643.7,71788
2021-04-07 10:05:37,3643.7,71788
2021-04-07 10:05:38,3643.7,71822
2021-04-07 10:05:39,3643.6,72098
2021-04-07 10:05:40,3643.6,72098
2021-04-07 10:05:41,3643.7,72101
2021-04-07 10:05:42,3643.7,72111
2021-04-07 10:05:43,3643.7,72111
2021-04-07 10:05:44,3643.7,72187
2021-04-07 10:05:45,3643.7,72187
2021-04-07 10:05:46,3643.7,72194
2021-04-07 10:05:47,3643.0,72276
2021-04-07 10:05:48,3643.0,72276
2021-04-07 10:05:49,3643.0,72276
2021-04-07 10:05:50,3644.0,72278
2021-04-07 10:05:51,3644.0,72280
2021-04-07 10:05:53,3643.0,72295
2021-04-07 10:05:54,3643.0,72295
2021-04-07 10:05:55,3644.3,72506
2021-04-07 10:05:56,3644.3,72506
2021-04-07 10:05:57,3643.0,72556
2021-04-07 10:05:57,3644.25,72559
2021-04-07 10:05:58,3644.25,72559
2021-04-07 10:05:59,3644.25,72559
2021-04-07 10:06:01,3643.1,72642
2021-04-07 10:06:01,3643.0,72646
2021-04-07 10:06:03,3643.1,72653
2021-04-07 10:06:06,3643.0,72712
2021-04-07 10:06:07,3643.0,72712
2021-04-07 10:06:08,3643.0,72712
2021-04-07 10:06:09,3643.1,72717
2021-04-07 10:06:10,3643.1,72717
2021-04-07 10:06:11,3643.1,72717
2021-04-07 10:06:12,3643.1,72717
2021-04-07 10:06:13,3643.0,72721
2021-04-07 10:06:14,3643.0,72721
2021-04-07 10:06:15,3643.0,72726
2021-04-07 10:06:16,3643.0,72727
2021-04-07 10:06:18,3643.0,72727
2021-04-07 10:06:18,3643.0,72727
2021-04-07 10:06:19,3643.0,72727
2021-04-07 10:06:20,3643.0,72727
2021-04-07 10:06:22,3643.0,72832
2021-04-07 10:06:23,3643.0,72848
2021-04-07 10:06:24,3643.0,72848
2021-04-07 10:06:25,3643.0,72848
2021-04-07 10:06:26,3643.0,72848
2021-04-07 10:06:26,3643.0,72848
2021-04-07 10:06:28,3643.0,72848
2021-04-07 10:06:29,3643.0,72848
2021-04-07 10:06:29,3643.0,72848
2021-04-07 10:06:31,3643.0,72848
2021-04-07 10:06:32,3643.1,72849
2021-04-07 10:06:33,3643.1,72849
2021-04-07 10:06:34,3643.1,72849
2021-04-07 10:06:35,3643.1,72849
2021-04-07 10:06:35,3643.0,72855
2021-04-07 10:06:37,3643.0,72862
2021-04-07 10:06:38,3643.1,72892
2021-04-07 10:06:39,3643.0,72899
2021-04-07 10:06:40,3642.9,73299
2021-04-07 10:06:41,3643.0,73396
2021-04-07 10:06:42,3643.1,73406
2021-04-07 10:06:43,3642.15,73411
2021-04-07 10:06:43,3642.15,73411
2021-04-07 10:06:44,3643.1,73413
2021-04-07 10:06:45,3643.1,73413
2021-04-07 10:06:48,3642.15,73441
2021-04-07 10:06:51,3643.0,73442
2021-04-07 10:06:54,3643.0,73542
2021-04-07 10:06:57,3642.95,73547
2021-04-07 10:07:00,3642.15,73608
2021-04-07 10:07:03,3642.15,73608
2021-04-07 10:07:05,3642.15,73608
2021-04-07 10:07:08,3642.15,73608
2021-04-07 10:07:11,3642.15,73608
2021-04-07 10:07:14,3641.3,74331
2021-04-07 10:07:17,3640.5,74502
2021-04-07 10:07:20,3641.1,74503
2021-04-07 10:07:23,3641.1,74503
2021-04-07 10:07:25,3641.1,74503
2021-04-07 10:07:28,3641.1,74503
2021-04-07 10:07:31,3641.1,74533
2021-04-07 10:07:34,3641.1,74533
2021-04-07 10:07:36,3640.5,74546
2021-04-07 10:07:38,3640.5,74546
2021-04-07 10:07:42,3640.5,74546
2021-04-07 10:07:45,3641.1,74552
2021-04-07 10:07:47,3641.1,74552
2021-04-07 10:07:50,3640.2,74585
2021-04-07 10:07:53,3641.1,74606
2021-04-07 10:07:56,3641.1,74606
2021-04-07 10:07:58,3641.1,74606
2021-04-07 10:08:00,3641.1,74606
2021-04-07 10:08:02,3640.2,74611
2021-04-07 10:08:04,3640.2,74611
2021-04-07 10:08:06,3640.2,74611
2021-04-07 10:08:09,3640.2,74611
2021-04-07 10:08:11,3640.2,74611
2021-04-07 10:08:14,3640.2,74611
2021-04-07 10:08:16,3640.0,74731
2021-04-07 10:08:19,3640.0,74731
2021-04-07 10:08:21,3640.0,74731
2021-04-07 10:08:22,3640.0,74731
2021-04-07 10:08:25,3640.0,75313
2021-04-07 10:08:27,3640.0,75317
2021-04-07 10:08:30,3641.0,75327
2021-04-07 10:08:32,3641.0,75349
2021-04-07 10:08:34,3641.0,75349
2021-04-07 10:08:37,3641.0,75389
2021-04-07 10:08:40,3641.0,75389
2021-04-07 10:08:42,3641.0,75389
2021-04-07 10:08:45,3641.0,75390
2021-04-07 10:08:47,3641.0,75390
2021-04-07 10:08:50,3640.95,75400
2021-04-07 10:08:53,3640.0,75431
2021-04-07 10:08:55,3640.0,75604
2021-04-07 10:08:57,3640.0,75604
2021-04-07 10:08:59,3640.0,75922
2021-04-07 10:09:00,3640.0,75922
2021-04-07 10:09:03,3640.2,75923
2021-04-07 10:09:05,3640.2,75923
2021-04-07 10:09:08,3640.0,75925
2021-04-07 10:09:11,3640.6,76173
2021-04-07 10:09:14,3642.6,76531
2021-04-07 10:09:17,3643.1,76575
2021-04-07 10:09:19,3643.1,76575
2021-04-07 10:09:22,3643.8,76596
2021-04-07 10:09:24,3643.8,76601
2021-04-07 10:09:27,3643.8,76607
2021-04-07 10:09:30,3643.8,76607
2021-04-07 10:09:32,3643.8,76607
2021-04-07 10:09:33,3641.15,76619
2021-04-07 10:09:36,3643.2,76628
2021-04-07 10:09:39,3642.15,76643
2021-04-07 10:09:42,3642.15,76643
2021-04-07 10:09:44,3642.15,76643
2021-04-07 10:09:45,3643.6,76653
2021-04-07 10:09:48,3642.05,76654
2021-04-07 10:09:50,3644.0,76679
2021-04-07 10:09:52,3644.0,76694
2021-04-07 10:09:54,3644.0,76722
2021-04-07 10:09:57,3642.0,77122
2021-04-07 10:10:00,3642.0,77122
2021-04-07 10:10:03,3641.4,77136
2021-04-07 10:10:06,3642.0,77237
2021-04-07 10:10:09,3642.0,77237
2021-04-07 10:10:10,3642.0,77237
2021-04-07 10:10:13,3642.0,77237
2021-04-07 10:10:15,3641.0,77238
2021-04-07 10:10:18,3641.0,77238
2021-04-07 10:10:20,3641.0,77238
2021-04-07 10:10:23,3642.3,77289
2021-04-07 10:10:26,3642.3,77289
2021-04-07 10:10:28,3641.0,77389
2021-04-07 10:10:31,3641.0,77392
2021-04-07 10:10:33,3641.0,77393
2021-04-07 10:10:37,3642.75,77418
2021-04-07 10:10:39,3641.1,77420
2021-04-07 10:10:42,3641.1,77420
2021-04-07 10:10:44,3641.1,77420
2021-04-07 10:10:46,3641.1,77422
2021-04-07 10:10:49,3641.1,77422
2021-04-07 10:10:51,3641.1,77422
2021-04-07 10:10:53,3641.0,77449
2021-04-07 10:10:56,3641.0,77454
2021-04-07 10:10:59,3641.0,77457
2021-04-07 10:11:00,3641.0,77457
2021-04-07 10:11:02,3639.0,78005
2021-04-07 10:11:05,3639.0,78005
2021-04-07 10:11:09,3639.0,78005
2021-04-07 10:11:12,3639.0,78005
2021-04-07 10:11:15,3639.0,78041
2021-04-07 10:11:18,3637.1,78091
2021-04-07 10:11:21,3636.25,78222
2021-04-07 10:11:23,3636.25,78222
2021-04-07 10:11:25,3635.55,78538
2021-04-07 10:11:27,3635.55,78538
2021-04-07 10:11:29,3636.25,78569
2021-04-07 10:11:31,3637.0,78598
2021-04-07 10:11:33,3637.0,78598
2021-04-07 10:11:35,3637.0,78598
2021-04-07 10:11:38,3637.1,78599
2021-04-07 10:11:41,3636.25,78699
2021-04-07 10:11:43,3636.25,78699
2021-04-07 10:11:45,3636.25,78732
2021-04-07 10:11:48,3636.3,78876
2021-04-07 10:11:51,3636.3,78876
2021-04-07 10:11:54,3636.25,78896
2021-04-07 10:11:57,3636.25,78913
2021-04-07 10:11:59,3637.0,78964
2021-04-07 10:12:01,3637.0,78964
2021-04-07 10:12:03,3637.0,78964
2021-04-07 10:12:06,3637.0,78964
2021-04-07 10:12:08,3637.0,78964
2021-04-07 10:12:10,3636.25,79019
2021-04-07 10:12:12,3637.5,79104
2021-04-07 10:12:14,3636.25,79107
2021-04-07 10:12:17,3636.25,79119
2021-04-07 10:12:19,3636.25,79119
2021-04-07 10:12:21,3636.25,79119
2021-04-07 10:12:23,3636.25,79119
2021-04-07 10:12:26,3636.0,79123
2021-04-07 10:12:28,3636.0,79123
2021-04-07 10:12:30,3636.0,79161
2021-04-07 10:12:32,3636.0,79161
2021-04-07 10:12:35,3635.2,79236
2021-04-07 10:12:38,3635.2,79246
2021-04-07 10:12:41,3635.0,79332
2021-04-07 10:12:43,3635.0,79347
2021-04-07 10:12:46,3635.0,79347
2021-04-07 10:12:49,3635.9,79348
2021-04-07 10:12:51,3635.9,79349
2021-04-07 10:12:53,3635.0,79353
2021-04-07 10:12:55,3635.9,79354
2021-04-07 10:12:57,3635.9,79354
2021-04-07 10:12:59,3635.9,79354
2021-04-07 10:13:02,3635.9,79355
2021-04-07 10:13:04,3635.0,79367
2021-04-07 10:13:07,3635.0,79369
2021-04-07 10:13:09,3635.0,79369
2021-04-07 10:13:11,3635.0,79369
2021-04-07 10:13:14,3635.9,79413
2021-04-07 10:13:16,3635.9,79413
2021-04-07 10:13:18,3635.0,79914
2021-04-07 10:13:20,3635.0,79914
2021-04-07 10:13:22,3634.5,79943
2021-04-07 10:13:24,3635.35,79944
2021-04-07 10:13:26,3634.05,79994
2021-04-07 10:13:29,3634.0,80029
2021-04-07 10:13:31,3634.0,80029
2021-04-07 10:13:33,3634.0,80029
2021-04-07 10:13:35,3634.5,80129
2021-04-07 10:13:37,3634.5,80129
2021-04-07 10:13:39,3634.5,80134
2021-04-07 10:13:43,3634.5,80135
2021-04-07 10:13:46,3634.5,80135
2021-04-07 10:13:48,3634.5,80135
2021-04-07 10:13:51,3634.0,80139
2021-04-07 10:13:53,3634.0,80139
2021-04-07 10:13:56,3634.5,80142
2021-04-07 10:13:58,3634.5,80170
2021-04-07 10:14:01,3634.0,80233
2021-04-07 10:14:03,3634.0,80233
2021-04-07 10:14:05,3634.0,80233
2021-04-07 10:14:07,3634.5,80319
2021-04-07 10:14:10,3636.4,80393
2021-04-07 10:14:12,3635.15,80394
2021-04-07 10:14:15,3635.15,80394
2021-04-07 10:14:17,3635.15,80394
2021-04-07 10:14:20,3636.2,80454
2021-04-07 10:14:23,3636.4,80484
2021-04-07 10:14:26,3634.9,80487
2021-04-07 10:14:29,3634.9,80487
2021-04-07 10:14:31,3634.9,80487
2021-04-07 10:14:34,3640.05,80744
2021-04-07 10:14:37,3641.0,80782
2021-04-07 10:14:40,3641.0,80787
2021-04-07 10:14:43,3641.0,80807
2021-04-07 10:14:45,3641.0,80807
2021-04-07 10:14:47,3641.0,80807
2021-04-07 10:14:50,3641.0,80807
2021-04-07 10:14:52,3641.9,80826
2021-04-07 10:14:53,3641.9,80826
2021-04-07 10:14:54,3641.25,80960
2021-04-07 10:14:58,3641.75,80980
2021-04-07 10:15:01,3641.75,80980
2021-04-07 10:15:04,3641.75,80980
2021-04-07 10:15:08,3642.3,80995
2021-04-07 10:15:11,3642.95,81025
2021-04-07 10:15:14,3641.75,81030
2021-04-07 10:15:16,3641.75,81030
2021-04-07 10:15:18,3641.75,81033
2021-04-07 10:15:20,3641.75,81033
2021-04-07 10:15:23,3643.0,81233
2021-04-07 10:15:26,3643.0,81233
2021-04-07 10:15:28,3643.0,81238
2021-04-07 10:15:30,3643.0,81238
2021-04-07 10:15:32,3643.0,81238
2021-04-07 10:15:35,3642.95,81303
2021-04-07 10:15:37,3642.95,81303
2021-04-07 10:15:40,3643.0,81323
2021-04-07 10:15:43,3643.0,81323
2021-04-07 10:15:44,3641.75,81324
2021-04-07 10:15:46,3641.75,81324
2021-04-07 10:15:49,3641.75,81359
2021-04-07 10:15:52,3641.75,81359
2021-04-07 10:15:54,3641.75,81359
2021-04-07 10:15:56,3641.75,81359
2021-04-07 10:15:59,3641.75,81359
2021-04-07 10:16:01,3641.75,81359
2021-04-07 10:16:03,3641.75,81359
2021-04-07 10:16:05,3641.75,81409
2021-04-07 10:16:08,3641.6,81886
2021-04-07 10:16:10,3641.6,81886
2021-04-07 10:16:13,3641.6,81886
2021-04-07 10:16:16,3641.6,81886
2021-04-07 10:16:18,3641.6,81886
2021-04-07 10:16:21,3638.7,81896
2021-04-07 10:16:24,3639.85,81912
2021-04-07 10:16:27,3639.6,81916
2021-04-07 10:16:30,3638.1,81920
2021-04-07 10:16:33,3635.5,81940
2021-04-07 10:16:35,3635.5,81940
2021-04-07 10:16:39,3637.75,81944
2021-04-07 10:16:42,3637.7,81977
2021-04-07 10:16:45,3637.7,81977
2021-04-07 10:16:46,3637.7,81977
2021-04-07 10:16:47,3637.75,81992
2021-04-07 10:16:48,3637.75,81992
2021-04-07 10:16:49,3637.75,81992
2021-04-07 10:16:50,3637.75,81992
2021-04-07 10:16:52,3637.75,81992
2021-04-07 10:16:53,3637.75,81992
2021-04-07 10:16:54,3637.75,81992
2021-04-07 10:16:55,3637.75,81992
2021-04-07 10:16:55,3637.75,81992
2021-04-07 10:16:56,3637.75,81992
2021-04-07 10:16:58,3637.75,81992
2021-04-07 10:16:59,3637.75,81992
2021-04-07 10:17:00,3637.75,81992
2021-04-07 10:17:01,3637.75,81992
2021-04-07 10:17:02,3637.75,81992
2021-04-07 10:17:03,3637.7,82044
2021-04-07 10:17:04,3634.8,82104
2021-04-07 10:17:04,3634.8,82104
2021-04-07 10:17:05,3634.8,82104
2021-04-07 10:17:06,3635.35,82105
2021-04-07 10:17:07,3635.35,82105
2021-04-07 10:17:09,3634.55,82123
2021-04-07 10:17:10,3635.35,82124
2021-04-07 10:17:11,3635.35,82124
2021-04-07 10:17:12,3635.35,82124
2021-04-07 10:17:13,3633.85,82148
2021-04-07 10:17:14,3633.85,82148
2021-04-07 10:17:14,3633.85,82148
2021-04-07 10:17:15,3633.85,82148
2021-04-07 10:17:16,3633.85,82148
2021-04-07 10:17:17,3633.85,82148
2021-04-07 10:17:19,3633.85,82148
2021-04-07 10:17:20,3633.85,82148
2021-04-07 10:17:21,3633.85,82148
2021-04-07 10:17:22,3633.85,82148
2021-04-07 10:17:23,3633.85,82148
2021-04-07 10:17:23,3633.3,82263
2021-04-07 10:17:24,3633.3,82263
2021-04-07 10:17:25,3633.3,82263
2021-04-07 10:17:27,3633.3,82263
2021-04-07 10:17:28,3633.3,82263
2021-04-07 10:17:29,3633.3,82263
2021-04-07 10:17:30,3633.3,82263
2021-04-07 10:17:32,3633.7,82313
2021-04-07 10:17:33,3633.7,82313
2021-04-07 10:17:34,3635.25,82343
2021-04-07 10:17:35,3635.25,82343
2021-04-07 10:17:36,3633.65,82347
2021-04-07 10:17:37,3633.65,82347
2021-04-07 10:17:38,3635.25,82348
2021-04-07 10:17:39,3635.25,82348
2021-04-07 10:17:39,3635.25,82348
2021-04-07 10:17:40,3634.05,82388
2021-04-07 10:17:41,3634.05,82388
2021-04-07 10:17:42,3635.25,82412
2021-04-07 10:17:44,3635.25,82412
2021-04-07 10:17:45,3635.25,82416
2021-04-07 10:17:46,3635.25,82416
2021-04-07 10:17:47,3635.25,82416
2021-04-07 10:17:47,3635.25,82416
2021-04-07 10:17:49,3635.25,82416
2021-04-07 10:17:50,3635.25,82416
2021-04-07 10:17:51,3635.25,82416
2021-04-07 10:17:52,3635.25,82416
2021-04-07 10:17:53,3635.25,82417
2021-04-07 10:17:53,3635.25,82417
2021-04-07 10:17:55,3635.75,82575
2021-04-07 10:17:56,3636.6,82588
2021-04-07 10:17:57,3636.6,82588
2021-04-07 10:17:58,3637.65,82590
2021-04-07 10:17:59,3637.75,82640
2021-04-07 10:18:00,3639.85,82642
2021-04-07 10:18:01,3638.0,82692
2021-04-07 10:18:02,3638.0,82692
2021-04-07 10:18:03,3638.0,82692
2021-04-07 10:18:04,3638.0,82692
2021-04-07 10:18:06,3638.35,82894
2021-04-07 10:18:07,3638.35,82894
2021-04-07 10:18:07,3638.35,82894
2021-04-07 10:18:08,3638.35,82894
2021-04-07 10:18:10,3638.35,82894
2021-04-07 10:18:11,3635.85,82899
2021-04-07 10:18:12,3635.85,82899
2021-04-07 10:18:13,3635.85,82899
2021-04-07 10:18:14,3635.85,82899
2021-04-07 10:18:15,3635.85,82899
2021-04-07 10:18:16,3635.85,82899
2021-04-07 10:18:17,3635.85,82899
2021-04-07 10:18:18,3636.6,82904
2021-04-07 10:18:20,3637.75,82940
2021-04-07 10:18:20,3636.75,82970
2021-04-07 10:18:23,3637.1,82989
2021-04-07 10:18:24,3637.1,82989
2021-04-07 10:18:24,3637.1,82989
2021-04-07 10:18:25,3637.1,82989
2021-04-07 10:18:26,3637.1,82989
2021-04-07 10:18:27,3637.1,82989
2021-04-07 10:18:29,3637.1,82989
2021-04-07 10:18:29,3637.1,82989
2021-04-07 10:18:30,3637.1,82989
2021-04-07 10:18:31,3637.1,82989
2021-04-07 10:18:33,3637.75,82993
2021-04-07 10:18:34,3637.75,82993
2021-04-07 10:18:35,3637.75,82993
2021-04-07 10:18:36,3637.75,82993
2021-04-07 10:18:37,3637.75,82993
2021-04-07 10:18:39,3637.75,82993
2021-04-07 10:18:40,3637.75,82993
2021-04-07 10:18:41,3637.75,82993
2021-04-07 10:18:42,3637.75,82993
2021-04-07 10:18:43,3637.75,82993
2021-04-07 10:18:44,3637.5,82994
2021-04-07 10:18:45,3637.5,82994
2021-04-07 10:18:46,3637.5,82994
2021-04-07 10:18:47,3636.0,83001
2021-04-07 10:18:48,3636.05,83002
2021-04-07 10:18:49,3636.05,83002
2021-04-07 10:18:50,3636.05,83002
2021-04-07 10:18:51,3636.05,83002
2021-04-07 10:18:52,3636.05,83002
2021-04-07 10:18:53,3636.05,83002
2021-04-07 10:18:55,3636.05,83002
2021-04-07 10:18:56,3636.6,83032
2021-04-07 10:18:58,3636.6,83032
2021-04-07 10:18:59,3636.6,83032
2021-04-07 10:19:00,3636.6,83032
2021-04-07 10:19:01,3636.6,83032
2021-04-07 10:19:02,3636.6,83032
2021-04-07 10:19:03,3636.6,83032
2021-04-07 10:19:04,3636.6,83032
2021-04-07 10:19:06,3636.6,83032
2021-04-07 10:19:08,3636.6,83032
2021-04-07 10:19:09,3636.75,83062
2021-04-07 10:19:11,3636.75,83062
2021-04-07 10:19:12,3636.75,83062
2021-04-07 10:19:13,3636.75,83062
2021-04-07 10:19:14,3636.75,83062
2021-04-07 10:19:15,3636.75,83062
2021-04-07 10:19:16,3636.75,83062
2021-04-07 10:19:16,3636.75,83062
