timestamp,ltp,volume
2021-04-07 09:16:31,1032.9,62079
2021-04-07 09:16:32,1033.0,62280
2021-04-07 09:16:33,1033.65,63832
2021-04-07 09:16:34,1033.45,63917
2021-04-07 09:16:35,1033.2,64234
2021-04-07 09:16:36,1033.25,64380
2021-04-07 09:16:37,1033.9,64618
2021-04-07 09:16:38,1033.85,64644
2021-04-07 09:16:39,1033.85,64663
2021-04-07 09:16:40,1033.55,64664
2021-04-07 09:16:41,1034.0,65394
2021-04-07 09:16:42,1033.5,67517
2021-04-07 09:16:44,1032.9,71691
2021-04-07 09:16:45,1032.5,72234
2021-04-07 09:16:46,1032.5,72791
2021-04-07 09:16:47,1032.5,74185
2021-04-07 09:16:48,1033.2,75205
2021-04-07 09:16:49,1033.3,76757
2021-04-07 09:16:50,1033.1,76884
2021-04-07 09:16:51,1032.9,77413
2021-04-07 09:16:52,1033.4,77719
2021-04-07 09:16:53,1033.45,77919
2021-04-07 09:16:54,1032.45,78965
2021-04-07 09:16:55,1032.65,78980
2021-04-07 09:16:56,1032.9,79087
2021-04-07 09:16:57,1033.4,80686
2021-04-07 09:16:58,1033.0,81347
2021-04-07 09:16:59,1032.55,81406
2021-04-07 09:17:00,1032.95,81408
2021-04-07 09:17:01,1032.9,81508
2021-04-07 09:17:02,1032.5,82711
2021-04-07 09:17:03,1032.75,82721
2021-04-07 09:17:04,1032.05,82896
2021-04-07 09:17:05,1032.15,84491
2021-04-07 09:17:06,1032.2,84969
2021-04-07 09:17:07,1032.1,85037
2021-04-07 09:17:08,1032.15,85337
2021-04-07 09:17:09,1032.15,85412
2021-04-07 09:17:10,1032.05,85492
2021-04-07 09:17:11,1032.1,85512
2021-04-07 09:17:12,1031.75,85782
2021-04-07 09:17:13,1031.8,85857
2021-04-07 09:17:14,1031.8,85947
2021-04-07 09:17:15,1031.95,86432
2021-04-07 09:17:16,1032.05,87412
2021-04-07 09:17:17,1032.05,87412
2021-04-07 09:17:18,1032.15,87450
2021-04-07 09:17:19,1032.45,87526
2021-04-07 09:17:20,1032.45,87526
2021-04-07 09:17:21,1032.4,87671
2021-04-07 09:17:22,1032.4,87671
2021-04-07 09:17:23,1032.4,87671
2021-04-07 09:17:24,1032.35,87732
2021-04-07 09:17:25,1032.35,87733
2021-04-07 09:17:26,1032.4,87917
2021-04-07 09:17:27,1032.4,88108
2021-04-07 09:17:28,1031.85,89569
2021-04-07 09:17:29,1032.05,89962
2021-04-07 09:17:30,1032.05,89962
2021-04-07 09:17:31,1032.1,89992
2021-04-07 09:17:32,1032.1,90503
2021-04-07 09:17:33,1031.7,90541
2021-04-07 09:17:34,1031.7,90615
2021-04-07 09:17:35,1032.05,91116
2021-04-07 09:17:36,1032.4,91946
2021-04-07 09:17:37,1032.0,92123
2021-04-07 09:17:38,1031.95,92459
2021-04-07 09:17:39,1032.05,92576
2021-04-07 09:17:40,1032.3,92603
2021-04-07 09:17:41,1031.9,92606
2021-04-07 09:17:42,1032.05,93063
2021-04-07 09:17:43,1032.05,93078
2021-04-07 09:17:44,1032.1,93159
2021-04-07 09:17:45,1032.1,93159
2021-04-07 09:17:46,1032.1,93159
2021-04-07 09:17:47,1032.35,93274
2021-04-07 09:17:48,1032.15,93503
2021-04-07 09:17:49,1031.55,93956
2021-04-07 09:17:50,1032.15,94176
2021-04-07 09:17:51,1031.85,95240
2021-04-07 09:17:52,1031.8,95334
2021-04-07 09:17:53,1031.5,95408
2021-04-07 09:17:54,1031.95,95433
2021-04-07 09:17:55,1031.95,95433
2021-04-07 09:17:56,1031.95,95702
2021-04-07 09:17:57,1031.65,95739
2021-04-07 09:17:58,1031.95,95944
2021-04-07 09:17:59,1031.95,96194
2021-04-07 09:18:00,1031.95,96556
2021-04-07 09:18:01,1031.95,96752
2021-04-07 09:18:02,1031.95,96754
2021-04-07 09:18:03,1031.95,96778
2021-04-07 09:18:04,1032.0,96780
2021-04-07 09:18:05,1032.0,96780
2021-04-07 09:18:06,1032.0,96826
2021-04-07 09:18:07,1031.95,98689
2021-04-07 09:18:09,1031.95,98729
2021-04-07 09:18:09,1031.95,98729
2021-04-07 09:18:11,1032.4,98934
2021-04-07 09:18:12,1032.05,99052
2021-04-07 09:18:12,1032.05,99052
2021-04-07 09:18:14,1032.05,99052
2021-04-07 09:18:14,1032.05,99297
2021-04-07 09:18:15,1032.4,99944
2021-04-07 09:18:16,1032.25,99951
2021-04-07 09:18:17,1032.0,99961
2021-04-07 09:18:18,1032.4,100561
2021-04-07 09:18:19,1032.55,101022
2021-04-07 09:18:20,1032.25,101027
2021-04-07 09:18:21,1032.55,101072
2021-04-07 09:18:22,1032.55,101072
2021-04-07 09:18:23,1032.5,101178
2021-04-07 09:18:24,1032.85,101188
2021-04-07 09:18:25,1032.5,101423
2021-04-07 09:18:26,1033.0,101513
2021-04-07 09:18:27,1033.0,101538
2021-04-07 09:18:28,1033.0,101644
2021-04-07 09:18:29,1033.0,101664
2021-04-07 09:18:30,1033.0,101690
2021-04-07 09:18:32,1033.0,102219
2021-04-07 09:18:33,1033.0,102219
2021-04-07 09:18:34,1033.0,102404
2021-04-07 09:18:35,1033.0,102404
2021-04-07 09:18:36,1033.0,102699
2021-04-07 09:18:37,1033.0,103403
2021-04-07 09:18:38,1032.95,103709
2021-04-07 09:18:39,1032.95,103794
2021-04-07 09:18:40,1032.9,103995
2021-04-07 09:18:41,1032.9,104000
2021-04-07 09:18:42,1032.95,104151
2021-04-07 09:18:43,1032.95,104171
2021-04-07 09:18:44,1032.95,104171
2021-04-07 09:18:45,1032.95,104221
2021-04-07 09:18:46,1032.95,104221
2021-04-07 09:18:47,1032.95,104253
2021-04-07 09:18:49,1032.5,104509
2021-04-07 09:18:49,1032.5,104509
2021-04-07 09:18:50,1032.45,104733
2021-04-07 09:18:52,1032.2,104860
2021-04-07 09:18:52,1032.2,104860
2021-04-07 09:18:53,1032.1,104929
2021-04-07 09:18:54,1032.25,104945
2021-04-07 09:18:55,1032.15,104965
2021-04-07 09:18:57,1032.25,105308
2021-04-07 09:18:58,1032.25,105324
2021-04-07 09:18:59,1032.25,105362
2021-04-07 09:19:00,1032.25,105367
2021-04-07 09:19:01,1032.25,105378
2021-04-07 09:19:02,1032.25,105378
2021-04-07 09:19:03,1032.25,105398
2021-04-07 09:19:04,1032.05,105746
2021-04-07 09:19:05,1032.05,105965
2021-04-07 09:19:06,1032.05,107199
2021-04-07 09:19:07,1031.35,108114
2021-04-07 09:19:08,1031.5,108158
2021-04-07 09:19:09,1031.35,108220
2021-04-07 09:19:10,1031.3,108565
2021-04-07 09:19:11,1031.05,109244
2021-04-07 09:19:12,1031.0,109500
2021-04-07 09:19:13,1031.3,109640
2021-04-07 09:19:14,1031.3,109641
2021-04-07 09:19:15,1031.3,109683
2021-04-07 09:19:16,1031.0,109757
2021-04-07 09:19:17,1031.0,111275
2021-04-07 09:19:18,1030.45,111545
2021-04-07 09:19:19,1031.15,111645
2021-04-07 09:19:21,1031.2,111832
2021-04-07 09:19:22,1031.2,111832
2021-04-07 09:19:23,1031.1,111991
2021-04-07 09:19:24,1031.05,113048
2021-04-07 09:19:26,1031.05,113049
2021-04-07 09:19:26,1031.0,113072
2021-04-07 09:19:27,1030.6,113296
2021-04-07 09:19:29,1030.4,113419
2021-04-07 09:19:29,1030.4,113419
2021-04-07 09:19:30,1030.75,113595
2021-04-07 09:19:31,1030.75,113637
2021-04-07 09:19:32,1030.4,113939
2021-04-07 09:19:34,1030.4,114014
2021-04-07 09:19:34,1030.4,114014
2021-04-07 09:19:36,1030.75,114019
2021-04-07 09:19:36,1030.75,114019
2021-04-07 09:19:38,1030.75,114019
2021-04-07 09:19:39,1030.75,114101
2021-04-07 09:19:39,1030.75,114101
2021-04-07 09:19:40,1030.55,114110
2021-04-07 09:19:41,1030.55,114116
2021-04-07 09:19:42,1030.75,114216
2021-04-07 09:19:44,1030.8,115782
2021-04-07 09:19:45,1031.5,116123
2021-04-07 09:19:46,1032.0,116267
2021-04-07 09:19:46,1032.0,116267
2021-04-07 09:19:47,1031.6,116340
2021-04-07 09:19:48,1031.35,116408
2021-04-07 09:19:49,1031.6,116409
2021-04-07 09:19:50,1031.6,116409
2021-04-07 09:19:51,1031.65,116454
2021-04-07 09:19:52,1031.3,116495
2021-04-07 09:19:53,1031.3,116495
2021-04-07 09:19:54,1031.3,116591
2021-04-07 09:19:55,1030.95,117063
2021-04-07 09:19:56,1031.2,117157
2021-04-07 09:19:57,1031.2,117177
2021-04-07 09:19:58,1031.2,117177
2021-04-07 09:19:59,1031.3,117351
2021-04-07 09:20:01,1031.3,118067
2021-04-07 09:20:01,1031.3,118067
2021-04-07 09:20:02,1031.05,118778
2021-04-07 09:20:03,1031.1,118978
2021-04-07 09:20:04,1031.1,118978
2021-04-07 09:20:05,1031.5,119065
2021-04-07 09:20:06,1031.75,119224
2021-04-07 09:20:07,1031.5,119226
2021-04-07 09:20:08,1031.3,119426
2021-04-07 09:20:09,1031.5,119520
2021-04-07 09:20:10,1031.5,119520
2021-04-07 09:20:11,1031.35,119545
2021-04-07 09:20:12,1031.3,119558
2021-04-07 09:20:14,1031.2,119566
2021-04-07 09:20:15,1031.25,119575
2021-04-07 09:20:16,1031.25,119889
2021-04-07 09:20:17,1031.25,119922
2021-04-07 09:20:19,1031.25,119922
2021-04-07 09:20:20,1031.25,120138
2021-04-07 09:20:20,1031.7,120451
2021-04-07 09:20:22,1031.35,120528
2021-04-07 09:20:23,1031.35,120717
2021-04-07 09:20:24,1031.7,121831
2021-04-07 09:20:25,1031.2,122019
2021-04-07 09:20:26,1031.35,122356
2021-04-07 09:20:27,1031.35,122356
2021-04-07 09:20:28,1031.35,122450
2021-04-07 09:20:29,1031.35,122570
2021-04-07 09:20:30,1031.3,122706
2021-04-07 09:20:31,1031.4,123210
2021-04-07 09:20:32,1031.75,123824
2021-04-07 09:20:33,1031.7,123892
2021-04-07 09:20:34,1031.7,124147
2021-04-07 09:20:35,1031.2,124450
2021-04-07 09:20:36,1031.2,124450
2021-04-07 09:20:37,1031.3,124598
2021-04-07 09:20:39,1031.65,126977
2021-04-07 09:20:40,1032.15,127521
2021-04-07 09:20:41,1032.15,127521
2021-04-07 09:20:42,1032.0,127523
2021-04-07 09:20:43,1032.0,127605
2021-04-07 09:20:44,1032.1,127782
2021-04-07 09:20:45,1031.9,127784
2021-04-07 09:20:46,1031.9,127935
2021-04-07 09:20:47,1031.8,127956
2021-04-07 09:20:49,1032.15,127967
2021-04-07 09:20:50,1031.8,128096
2021-04-07 09:20:51,1032.0,128194
2021-04-07 09:20:52,1032.6,128916
2021-04-07 09:20:52,1032.6,128916
2021-04-07 09:20:53,1032.15,129043
2021-04-07 09:20:54,1032.75,129048
2021-04-07 09:20:55,1033.15,132197
2021-04-07 09:20:56,1032.9,133462
2021-04-07 09:20:58,1033.05,133816
2021-04-07 09:20:59,1033.05,133816
2021-04-07 09:21:00,1033.05,133816
2021-04-07 09:21:00,1033.05,133816
2021-04-07 09:21:01,1033.8,134262
2021-04-07 09:21:02,1033.55,134477
2021-04-07 09:21:03,1033.75,134703
2021-04-07 09:21:04,1034.0,134706
2021-04-07 09:21:05,1033.9,134726
2021-04-07 09:21:08,1034.0,135670
2021-04-07 09:21:09,1034.1,135725
2021-04-07 09:21:10,1034.3,136280
2021-04-07 09:21:10,1033.95,136295
2021-04-07 09:21:11,1034.35,136638
2021-04-07 09:21:12,1034.4,136839
2021-04-07 09:21:14,1033.95,137709
2021-04-07 09:21:15,1034.5,137962
2021-04-07 09:21:16,1034.5,137962
2021-04-07 09:21:17,1034.5,138132
2021-04-07 09:21:18,1034.0,138192
2021-04-07 09:21:19,1033.9,138197
2021-04-07 09:21:20,1033.95,138539
2021-04-07 09:21:21,1034.8,140139
2021-04-07 09:21:22,1034.0,140220
2021-04-07 09:21:22,1034.1,140223
2021-04-07 09:21:23,1034.1,140306
2021-04-07 09:21:24,1034.1,140330
2021-04-07 09:21:25,1033.0,140942
2021-04-07 09:21:26,1033.95,141474
2021-04-07 09:21:27,1033.95,141498
2021-04-07 09:21:28,1034.1,141850
2021-04-07 09:21:29,1033.6,141984
2021-04-07 09:21:30,1034.0,142084
2021-04-07 09:21:31,1034.0,142091
2021-04-07 09:21:32,1033.65,142849
2021-04-07 09:21:34,1033.6,142899
2021-04-07 09:21:34,1033.8,142983
2021-04-07 09:21:35,1034.0,143008
2021-04-07 09:21:36,1033.95,143063
2021-04-07 09:21:37,1034.2,143279
2021-04-07 09:21:38,1034.45,143567
2021-04-07 09:21:40,1034.4,143819
2021-04-07 09:21:39,1033.95,143808
2021-04-07 09:21:41,1034.0,143992
2021-04-07 09:21:42,1034.0,144039
2021-04-07 09:21:43,1034.45,144059
2021-04-07 09:21:44,1034.0,144143
2021-04-07 09:21:45,1034.05,144153
2021-04-07 09:21:46,1034.0,144460
2021-04-07 09:21:47,1034.0,144548
2021-04-07 09:21:48,1034.1,144593
2021-04-07 09:21:49,1034.1,144595
2021-04-07 09:21:50,1034.05,144635
2021-04-07 09:21:52,1034.05,144745
2021-04-07 09:21:53,1034.1,144794
2021-04-07 09:21:54,1034.1,145107
2021-04-07 09:21:55,1034.1,145107
2021-04-07 09:21:56,1034.1,145107
2021-04-07 09:21:57,1034.7,145330
2021-04-07 09:21:58,1034.1,145534
2021-04-07 09:21:59,1035.0,146664
2021-04-07 09:22:00,1034.4,146950
2021-04-07 09:22:01,1035.0,147526
2021-04-07 09:22:02,1035.0,147827
2021-04-07 09:22:03,1035.0,147827
2021-04-07 09:22:04,1035.0,147829
2021-04-07 09:22:05,1035.0,148064
2021-04-07 09:22:06,1035.0,148141
2021-04-07 09:22:07,1034.7,148992
2021-04-07 09:22:08,1034.95,149019
2021-04-07 09:22:08,1035.0,149017
2021-04-07 09:22:09,1035.1,151845
2021-04-07 09:22:10,1035.1,151845
2021-04-07 09:22:11,1035.3,151954
2021-04-07 09:22:12,1035.3,151954
2021-04-07 09:22:14,1035.3,152079
2021-04-07 09:22:15,1035.5,152689
2021-04-07 09:22:15,1035.5,152689
2021-04-07 09:22:16,1035.1,153780
2021-04-07 09:22:17,1035.1,153780
2021-04-07 09:22:18,1035.4,153781
2021-04-07 09:22:19,1034.75,154050
2021-04-07 09:22:20,1034.45,154516
2021-04-07 09:22:22,1034.9,154562
2021-04-07 09:22:23,1034.55,154708
2021-04-07 09:22:23,1034.55,154708
2021-04-07 09:22:24,1033.25,158111
2021-04-07 09:22:25,1033.8,158586
2021-04-07 09:22:26,1033.25,158596
2021-04-07 09:22:27,1033.25,158600
2021-04-07 09:22:29,1033.8,158639
2021-04-07 09:22:30,1033.8,158644
2021-04-07 09:22:31,1033.15,159119
2021-04-07 09:22:32,1033.15,159130
2021-04-07 09:22:33,1033.5,159140
2021-04-07 09:22:34,1033.5,159140
2021-04-07 09:22:35,1033.05,159177
2021-04-07 09:22:36,1033.45,159426
2021-04-07 09:22:37,1033.45,159426
2021-04-07 09:22:38,1033.3,159469
2021-04-07 09:22:39,1033.0,159494
2021-04-07 09:22:39,1033.0,159494
2021-04-07 09:22:40,1033.45,159707
2021-04-07 09:22:42,1033.45,159723
2021-04-07 09:22:43,1033.35,159935
2021-04-07 09:22:44,1033.35,159945
2021-04-07 09:22:45,1033.35,159945
2021-04-07 09:22:46,1033.8,160199
2021-04-07 09:22:46,1033.8,160199
2021-04-07 09:22:47,1033.8,160199
2021-04-07 09:22:49,1033.75,160415
2021-04-07 09:22:50,1034.0,160433
2021-04-07 09:22:51,1035.0,161117
2021-04-07 09:22:52,1035.0,161117
2021-04-07 09:22:53,1034.35,161280
2021-04-07 09:22:54,1034.9,161290
2021-04-07 09:22:55,1034.45,161294
2021-04-07 09:22:55,1034.45,161294
2021-04-07 09:22:56,1034.45,161577
2021-04-07 09:22:57,1034.85,161583
2021-04-07 09:22:58,1034.85,161583
2021-04-07 09:22:59,1034.45,161704
2021-04-07 09:23:01,1034.8,161881
2021-04-07 09:23:02,1034.45,161894
2021-04-07 09:23:03,1034.45,162117
2021-04-07 09:23:04,1034.45,162117
2021-04-07 09:23:04,1034.45,162117
2021-04-07 09:23:05,1034.85,162122
2021-04-07 09:23:06,1034.5,162224
2021-04-07 09:23:08,1034.5,162244
2021-04-07 09:23:09,1034.5,162249
2021-04-07 09:23:10,1034.5,162249
2021-04-07 09:23:11,1034.45,162382
2021-04-07 09:23:12,1034.45,162445
2021-04-07 09:23:13,1034.45,162470
2021-04-07 09:23:13,1034.45,162470
2021-04-07 09:23:14,1034.5,162530
2021-04-07 09:23:16,1034.05,162619
2021-04-07 09:23:17,1034.05,162848
2021-04-07 09:23:18,1034.0,162965
2021-04-07 09:23:18,1034.0,162965
2021-04-07 09:23:19,1034.05,162991
2021-04-07 09:23:21,1034.05,163001
2021-04-07 09:23:22,1034.05,163001
2021-04-07 09:23:23,1034.05,163003
2021-04-07 09:23:24,1034.0,163091
2021-04-07 09:23:25,1034.05,163137
2021-04-07 09:23:26,1033.5,163397
2021-04-07 09:23:27,1034.0,163417
2021-04-07 09:23:28,1034.0,163417
2021-04-07 09:23:29,1033.55,163432
2021-04-07 09:23:30,1033.7,164013
2021-04-07 09:23:31,1034.5,164309
2021-04-07 09:23:32,1034.0,164313
2021-04-07 09:23:33,1034.0,164313
2021-04-07 09:23:34,1034.0,164313
2021-04-07 09:23:34,1033.95,164387
2021-04-07 09:23:35,1033.95,164527
2021-04-07 09:23:36,1033.95,164527
2021-04-07 09:23:38,1033.95,164854
2021-04-07 09:23:39,1033.85,165065
2021-04-07 09:23:40,1033.95,165085
2021-04-07 09:23:40,1033.95,165085
2021-04-07 09:23:41,1033.95,165085
2021-04-07 09:23:42,1033.95,165411
2021-04-07 09:23:43,1033.95,165421
2021-04-07 09:23:45,1033.95,165422
2021-04-07 09:23:46,1033.95,165632
2021-04-07 09:23:47,1033.95,165632
2021-04-07 09:23:48,1033.95,165632
2021-04-07 09:23:49,1034.0,165692
2021-04-07 09:23:50,1034.0,165702
2021-04-07 09:23:51,1033.95,165891
2021-04-07 09:23:52,1033.85,165908
2021-04-07 09:23:53,1033.55,166445
2021-04-07 09:23:54,1033.6,166456
2021-04-07 09:23:55,1033.6,166466
2021-04-07 09:23:56,1034.0,167018
2021-04-07 09:23:56,1034.0,167018
2021-04-07 09:23:57,1033.45,167355
2021-04-07 09:23:58,1033.5,167399
2021-04-07 09:23:59,1033.6,167504
2021-04-07 09:24:00,1033.6,167510
2021-04-07 09:24:01,1033.6,167538
2021-04-07 09:24:02,1033.35,167540
2021-04-07 09:24:03,1033.35,167540
2021-04-07 09:24:04,1033.35,167578
2021-04-07 09:24:05,1034.1,168779
2021-04-07 09:24:06,1034.0,169897
2021-04-07 09:24:07,1033.95,169918
2021-04-07 09:24:09,1034.0,170084
2021-04-07 09:24:10,1034.0,170286
2021-04-07 09:24:11,1033.9,170421
2021-04-07 09:24:12,1032.5,175729
2021-04-07 09:24:12,1032.0,175803
2021-04-07 09:24:13,1032.35,176548
2021-04-07 09:24:14,1032.4,177048
2021-04-07 09:24:15,1032.4,177048
2021-04-07 09:24:16,1032.3,177176
2021-04-07 09:24:17,1032.4,177621
2021-04-07 09:24:18,1032.7,177622
2021-04-07 09:24:20,1032.65,177856
2021-04-07 09:24:21,1032.15,177877
2021-04-07 09:24:22,1032.1,177917
2021-04-07 09:24:23,1032.0,178130
2021-04-07 09:24:24,1032.0,178130
2021-04-07 09:24:25,1032.0,178140
2021-04-07 09:24:26,1032.7,178242
2021-04-07 09:24:27,1032.25,178272
2021-04-07 09:24:27,1032.25,178272
2021-04-07 09:24:28,1032.1,178273
2021-04-07 09:24:29,1032.4,178309
2021-04-07 09:24:30,1032.5,178316
2021-04-07 09:24:32,1032.1,178376
2021-04-07 09:24:33,1032.05,178427
2021-04-07 09:24:34,1032.1,179432
2021-04-07 09:24:35,1032.5,179632
2021-04-07 09:24:36,1032.5,179672
2021-04-07 09:24:37,1032.5,179672
2021-04-07 09:24:38,1032.5,179849
2021-04-07 09:24:39,1032.1,179954
2021-04-07 09:24:40,1032.6,179979
2021-04-07 09:24:41,1032.0,180469
2021-04-07 09:24:42,1032.1,180470
2021-04-07 09:24:43,1032.0,180489
2021-04-07 09:24:43,1032.0,180489
2021-04-07 09:24:45,1032.3,180662
2021-04-07 09:24:46,1032.0,180861
2021-04-07 09:24:47,1032.0,180861
2021-04-07 09:24:48,1032.0,180872
2021-04-07 09:24:49,1032.0,181002
2021-04-07 09:24:50,1032.0,181002
2021-04-07 09:24:51,1032.3,181026
2021-04-07 09:24:52,1032.3,181076
2021-04-07 09:24:53,1032.3,181076
2021-04-07 09:24:54,1032.3,181086
2021-04-07 09:24:55,1032.3,181086
2021-04-07 09:24:56,1032.3,181186
2021-04-07 09:24:57,1032.3,181186
2021-04-07 09:24:58,1032.0,181201
2021-04-07 09:24:59,1032.0,181377
2021-04-07 09:25:00,1032.0,181377
2021-04-07 09:25:01,1032.0,181658
2021-04-07 09:25:02,1032.0,181658
2021-04-07 09:25:03,1032.0,181916
2021-04-07 09:25:03,1032.0,181916
2021-04-07 09:25:05,1032.2,182322
2021-04-07 09:25:06,1032.2,182322
2021-04-07 09:25:07,1032.15,182617
2021-04-07 09:25:08,1032.15,182617
2021-04-07 09:25:09,1032.15,182617
2021-04-07 09:25:10,1032.75,182692
2021-04-07 09:25:11,1032.75,182692
2021-04-07 09:25:12,1032.75,182692
2021-04-07 09:25:13,1032.75,182692
2021-04-07 09:25:14,1032.25,182767
2021-04-07 09:25:15,1032.25,182767
2021-04-07 09:25:16,1032.2,182768
2021-04-07 09:25:17,1032.35,182868
2021-04-07 09:25:18,1032.35,183018
2021-04-07 09:25:19,1032.35,183018
2021-04-07 09:25:20,1032.35,183162
2021-04-07 09:25:21,1032.3,183182
2021-04-07 09:25:22,1032.35,183236
2021-04-07 09:25:23,1032.35,183241
2021-04-07 09:25:24,1032.35,183243
2021-04-07 09:25:25,1033.1,183484
2021-04-07 09:25:26,1033.1,183484
2021-04-07 09:25:27,1033.1,183484
2021-04-07 09:25:28,1032.7,183485
2021-04-07 09:25:29,1032.7,183581
2021-04-07 09:25:30,1032.7,183581
2021-04-07 09:25:31,1032.45,183594
2021-04-07 09:25:32,1032.5,183688
2021-04-07 09:25:33,1032.5,183692
2021-04-07 09:25:34,1032.9,183742
2021-04-07 09:25:35,1032.9,183742
2021-04-07 09:25:36,1032.5,183798
2021-04-07 09:25:36,1032.5,183838
2021-04-07 09:25:37,1032.4,183970
2021-04-07 09:25:39,1032.35,184042
2021-04-07 09:25:40,1032.35,184042
2021-04-07 09:25:41,1032.35,184042
2021-04-07 09:25:42,1032.7,184044
2021-04-07 09:25:43,1032.75,184266
2021-04-07 09:25:44,1032.35,184405
2021-04-07 09:25:45,1031.2,185638
2021-04-07 09:25:46,1031.8,185941
2021-04-07 09:25:47,1031.8,185941
2021-04-07 09:25:48,1031.2,186039
2021-04-07 09:25:49,1031.25,186063
2021-04-07 09:25:50,1031.45,186211
2021-04-07 09:25:51,1031.45,186211
2021-04-07 09:25:52,1031.55,187211
2021-04-07 09:25:53,1031.55,187211
2021-04-07 09:25:54,1031.75,187365
2021-04-07 09:25:54,1031.75,187365
2021-04-07 09:25:55,1031.9,187585
2021-04-07 09:25:56,1032.0,188085
2021-04-07 09:25:57,1032.0,188134
2021-04-07 09:25:58,1032.0,188164
2021-04-07 09:25:59,1031.7,188224
2021-04-07 09:26:00,1031.7,188224
2021-04-07 09:26:01,1031.7,188224
2021-04-07 09:26:02,1032.15,188269
2021-04-07 09:26:03,1031.45,188336
2021-04-07 09:26:05,1032.1,188351
2021-04-07 09:26:06,1032.1,188351
2021-04-07 09:26:07,1031.6,188425
2021-04-07 09:26:08,1031.55,188446
2021-04-07 09:26:09,1032.15,188651
2021-04-07 09:26:10,1031.45,188661
2021-04-07 09:26:11,1031.45,188663
2021-04-07 09:26:12,1032.05,188664
2021-04-07 09:26:13,1032.05,188847
2021-04-07 09:26:13,1032.05,188847
2021-04-07 09:26:15,1032.05,188847
2021-04-07 09:26:16,1031.95,188877
2021-04-07 09:26:17,1031.95,188877
2021-04-07 09:26:18,1032.0,188896
2021-04-07 09:26:19,1032.25,188906
2021-04-07 09:26:20,1032.25,188906
2021-04-07 09:26:20,1032.0,188996
2021-04-07 09:26:21,1032.0,188996
2021-04-07 09:26:22,1032.0,189012
2021-04-07 09:26:23,1032.4,189013
2021-04-07 09:26:24,1032.0,189183
2021-04-07 09:26:25,1032.25,189274
2021-04-07 09:26:26,1032.25,189339
2021-04-07 09:26:27,1032.35,189439
2021-04-07 09:26:28,1032.35,189544
2021-04-07 09:26:30,1032.25,189956
2021-04-07 09:26:31,1032.0,190057
2021-04-07 09:26:32,1031.95,190407
2021-04-07 09:26:33,1032.0,190422
2021-04-07 09:26:34,1032.0,190422
2021-04-07 09:26:35,1032.0,190422
2021-04-07 09:26:36,1032.15,190432
2021-04-07 09:26:36,1032.15,190432
2021-04-07 09:26:37,1032.0,190442
2021-04-07 09:26:39,1032.15,190577
2021-04-07 09:26:40,1031.95,190785
2021-04-07 09:26:41,1032.0,190886
2021-04-07 09:26:42,1032.1,190896
2021-04-07 09:26:43,1032.1,190901
2021-04-07 09:26:43,1032.1,190901
2021-04-07 09:26:45,1032.0,190999
2021-04-07 09:26:46,1031.95,191004
2021-04-07 09:26:47,1032.0,191060
2021-04-07 09:26:48,1031.95,191095
2021-04-07 09:26:49,1032.0,191168
2021-04-07 09:26:50,1031.9,191257
2021-04-07 09:26:51,1031.9,191257
2021-04-07 09:26:52,1031.9,191257
2021-04-07 09:26:53,1031.9,191258
2021-04-07 09:26:54,1032.0,191468
2021-04-07 09:26:55,1032.0,191468
2021-04-07 09:26:56,1031.75,191470
2021-04-07 09:26:57,1031.75,191470
2021-04-07 09:26:58,1031.75,191470
2021-04-07 09:26:59,1031.75,191483
2021-04-07 09:27:00,1031.9,191503
2021-04-07 09:27:01,1031.75,191514
2021-04-07 09:27:02,1031.75,191714
2021-04-07 09:27:03,1031.75,191755
2021-04-07 09:27:04,1031.75,191828
2021-04-07 09:27:05,1031.75,191828
2021-04-07 09:27:06,1031.9,192028
2021-04-07 09:27:07,1031.75,192128
2021-04-07 09:27:08,1031.9,192333
2021-04-07 09:27:09,1031.75,192373
2021-04-07 09:27:10,1031.9,192406
2021-04-07 09:27:11,1031.9,192412
2021-04-07 09:27:12,1031.7,192442
2021-04-07 09:27:13,1031.7,192442
2021-04-07 09:27:14,1031.7,192442
2021-04-07 09:27:15,1031.7,192500
2021-04-07 09:27:17,1031.7,192500
2021-04-07 09:27:19,1031.7,192500
2021-04-07 09:27:18,1031.7,192500
2021-04-07 09:27:20,1031.9,192510
2021-04-07 09:27:21,1031.85,192534
2021-04-07 09:27:22,1031.5,192691
2021-04-07 09:27:23,1031.5,192710
2021-04-07 09:27:24,1031.5,192710
2021-04-07 09:27:25,1031.5,192710
2021-04-07 09:27:26,1031.45,192752
2021-04-07 09:27:27,1031.35,192768
2021-04-07 09:27:28,1031.65,192868
2021-04-07 09:27:29,1031.65,192868
2021-04-07 09:27:30,1031.7,192878
2021-04-07 09:27:31,1031.7,192878
2021-04-07 09:27:32,1031.25,192882
2021-04-07 09:27:33,1031.25,192900
2021-04-07 09:27:34,1031.65,192905
2021-04-07 09:27:35,1031.25,192915
2021-04-07 09:27:36,1031.25,192915
2021-04-07 09:27:37,1031.65,192940
2021-04-07 09:27:38,1031.65,192965
2021-04-07 09:27:40,1031.65,192965
2021-04-07 09:27:39,1031.65,192965
2021-04-07 09:27:41,1031.65,192965
2021-04-07 09:27:42,1031.65,193069
2021-04-07 09:27:43,1031.65,193071
2021-04-07 09:27:44,1031.4,193093
2021-04-07 09:27:45,1031.2,193393
2021-04-07 09:27:46,1031.25,193418
2021-04-07 09:27:47,1031.25,193418
2021-04-07 09:27:48,1031.25,193418
2021-04-07 09:27:49,1031.5,193427
2021-04-07 09:27:50,1031.5,193449
2021-04-07 09:27:52,1031.5,193451
2021-04-07 09:27:53,1031.25,193514
2021-04-07 09:27:54,1031.25,193514
2021-04-07 09:27:55,1031.25,193569
2021-04-07 09:27:56,1031.25,193569
2021-04-07 09:27:57,1031.25,193569
2021-04-07 09:27:58,1031.25,193569
2021-04-07 09:27:59,1031.2,194008
2021-04-07 09:28:00,1031.15,194142
2021-04-07 09:28:01,1031.25,194152
2021-04-07 09:28:02,1031.5,194252
2021-04-07 09:28:03,1031.2,194287
2021-04-07 09:28:04,1031.2,194317
2021-04-07 09:28:05,1031.0,195429
2021-04-07 09:28:06,1031.2,195431
2021-04-07 09:28:07,1031.0,196451
2021-04-07 09:28:08,1031.0,196511
2021-04-07 09:28:09,1031.0,196511
2021-04-07 09:28:10,1031.0,196511
2021-04-07 09:28:11,1031.0,196511
2021-04-07 09:28:12,1031.0,196516
2021-04-07 09:28:13,1031.2,196521
2021-04-07 09:28:14,1031.2,196521
2021-04-07 09:28:15,1031.2,196574
2021-04-07 09:28:16,1031.2,196574
2021-04-07 09:28:17,1031.2,196574
2021-04-07 09:28:18,1031.0,196584
2021-04-07 09:28:19,1031.2,196585
2021-04-07 09:28:20,1031.0,196625
2021-04-07 09:28:21,1031.0,196630
2021-04-07 09:28:22,1031.0,196630
2021-04-07 09:28:23,1031.1,196721
2021-04-07 09:28:24,1031.0,196779
2021-04-07 09:28:25,1031.0,197888
2021-04-07 09:28:26,1031.0,197926
2021-04-07 09:28:27,1030.8,197928
2021-04-07 09:28:28,1031.05,197933
2021-04-07 09:28:29,1031.05,197933
2021-04-07 09:28:30,1031.05,197933
2021-04-07 09:28:31,1030.8,198008
2021-04-07 09:28:32,1030.95,198058
2021-04-07 09:28:33,1030.95,198073
2021-04-07 09:28:34,1030.95,198073
2021-04-07 09:28:35,1030.95,198341
2021-04-07 09:28:36,1030.95,198440
2021-04-07 09:28:37,1030.95,198490
2021-04-07 09:28:38,1030.65,198517
2021-04-07 09:28:39,1030.65,198537
2021-04-07 09:28:40,1030.55,198563
2021-04-07 09:28:41,1030.55,198563
2021-04-07 09:28:42,1030.55,198563
2021-04-07 09:28:43,1030.95,198664
2021-04-07 09:28:44,1030.55,198684
2021-04-07 09:28:45,1030.65,198689
2021-04-07 09:28:46,1030.65,198714
2021-04-07 09:28:47,1030.65,198714
2021-04-07 09:28:48,1030.65,198714
2021-04-07 09:28:49,1030.5,199299
2021-04-07 09:28:50,1030.5,199299
2021-04-07 09:28:51,1030.7,201078
2021-04-07 09:28:52,1030.7,201115
2021-04-07 09:28:53,1030.7,201153
2021-04-07 09:28:55,1031.0,201158
2021-04-07 09:28:54,1031.0,201157
2021-04-07 09:28:57,1031.0,201179
2021-04-07 09:28:56,1031.0,201179
2021-04-07 09:28:58,1030.55,201429
2021-04-07 09:28:59,1031.0,201461
2021-04-07 09:29:00,1030.7,201462
2021-04-07 09:29:02,1030.7,201462
2021-04-07 09:29:03,1030.7,201464
2021-04-07 09:29:03,1030.7,201464
2021-04-07 09:29:04,1030.8,201563
2021-04-07 09:29:05,1031.0,201663
2021-04-07 09:29:06,1031.0,201840
2021-04-07 09:29:08,1031.2,202661
2021-04-07 09:29:08,1031.0,202736
2021-04-07 09:29:09,1031.0,202766
2021-04-07 09:29:10,1031.0,202766
2021-04-07 09:29:11,1031.0,202831
2021-04-07 09:29:12,1030.8,202881
2021-04-07 09:29:14,1031.05,202896
2021-04-07 09:29:15,1030.8,202907
2021-04-07 09:29:16,1030.7,202917
2021-04-07 09:29:17,1030.7,202991
2021-04-07 09:29:18,1031.0,203172
2021-04-07 09:29:20,1030.8,203224
2021-04-07 09:29:21,1030.8,203224
2021-04-07 09:29:21,1030.8,203224
2021-04-07 09:29:22,1030.9,203268
2021-04-07 09:29:23,1030.9,203273
2021-04-07 09:29:24,1030.65,203291
2021-04-07 09:29:26,1030.65,203291
2021-04-07 09:29:26,1030.65,203291
2021-04-07 09:29:27,1030.65,203291
2021-04-07 09:29:28,1030.9,203321
2021-04-07 09:29:29,1030.9,203321
2021-04-07 09:29:30,1030.7,203322
2021-04-07 09:29:31,1030.9,203323
2021-04-07 09:29:32,1030.9,203324
2021-04-07 09:29:33,1030.8,203383
2021-04-07 09:29:35,1030.8,203383
2021-04-07 09:29:35,1030.9,203433
2021-04-07 09:29:36,1030.8,203472
2021-04-07 09:29:37,1030.7,203511
2021-04-07 09:29:38,1030.8,203516
2021-04-07 09:29:39,1030.9,203716
2021-04-07 09:29:40,1030.9,203716
2021-04-07 09:29:42,1030.8,203718
2021-04-07 09:29:42,1030.8,203718
2021-04-07 09:29:43,1030.8,203718
2021-04-07 09:29:44,1030.8,203719
2021-04-07 09:29:45,1030.8,203719
2021-04-07 09:29:47,1030.65,203985
2021-04-07 09:29:47,1030.65,203985
2021-04-07 09:29:48,1030.7,204492
2021-04-07 09:29:49,1030.7,204492
2021-04-07 09:29:50,1030.55,204567
2021-04-07 09:29:51,1030.7,204572
2021-04-07 09:29:52,1030.7,204572
2021-04-07 09:29:54,1030.5,204727
2021-04-07 09:29:54,1030.5,204797
2021-04-07 09:29:55,1030.15,204862
2021-04-07 09:29:56,1030.15,204906
2021-04-07 09:29:57,1030.1,205030
2021-04-07 09:29:58,1030.1,205105
2021-04-07 09:30:00,1030.0,206124
2021-04-07 09:30:00,1030.0,206124
2021-04-07 09:30:01,1029.85,211655
2021-04-07 09:30:02,1030.0,211760
2021-04-07 09:30:03,1030.0,211760
2021-04-07 09:30:04,1030.0,211792
2021-04-07 09:30:06,1029.75,211842
2021-04-07 09:30:07,1029.75,211842
2021-04-07 09:30:08,1029.75,211895
2021-04-07 09:30:08,1029.75,211895
2021-04-07 09:30:09,1029.75,211895
2021-04-07 09:30:10,1029.0,215454
2021-04-07 09:30:11,1029.35,215552
2021-04-07 09:30:13,1029.35,215552
2021-04-07 09:30:14,1029.35,215737
2021-04-07 09:30:15,1029.0,215747
2021-04-07 09:30:15,1029.0,215747
2021-04-07 09:30:16,1029.0,217380
2021-04-07 09:30:17,1029.0,217380
2021-04-07 09:30:18,1028.95,217555
2021-04-07 09:30:19,1028.95,217705
2021-04-07 09:30:20,1028.95,217720
2021-04-07 09:30:21,1028.5,218274
2021-04-07 09:30:22,1028.8,218324
2021-04-07 09:30:23,1028.8,218374
2021-04-07 09:30:25,1028.8,219156
2021-04-07 09:30:26,1028.8,219156
2021-04-07 09:30:26,1028.8,219156
2021-04-07 09:30:27,1028.8,219386
2021-04-07 09:30:28,1028.5,219397
2021-04-07 09:30:29,1028.45,219426
2021-04-07 09:30:30,1028.45,219426
2021-04-07 09:30:32,1028.45,219485
2021-04-07 09:30:32,1028.5,219585
2021-04-07 09:30:33,1028.9,221527
2021-04-07 09:30:34,1028.95,221627
2021-04-07 09:30:35,1028.9,221682
2021-04-07 09:30:36,1028.7,221697
2021-04-07 09:30:37,1028.7,221697
2021-04-07 09:30:39,1028.8,221727
2021-04-07 09:30:40,1028.5,224270
2021-04-07 09:30:40,1028.0,224154
2021-04-07 09:30:41,1028.6,224367
2021-04-07 09:30:42,1028.75,224417
2021-04-07 09:30:43,1029.7,225999
2021-04-07 09:30:45,1029.0,226357
2021-04-07 09:30:46,1028.85,226963
2021-04-07 09:30:46,1028.85,226998
2021-04-07 09:30:47,1028.95,227250
2021-04-07 09:30:48,1028.5,227515
2021-04-07 09:30:49,1028.7,227747
2021-04-07 09:30:51,1028.5,227879
2021-04-07 09:30:51,1028.5,227879
2021-04-07 09:30:52,1029.0,228428
2021-04-07 09:30:53,1028.95,228469
2021-04-07 09:30:54,1029.2,228691
2021-04-07 09:30:55,1029.65,228791
2021-04-07 09:30:57,1029.4,228795
2021-04-07 09:30:57,1029.4,228795
2021-04-07 09:30:58,1029.45,229378
2021-04-07 09:30:59,1029.45,229378
2021-04-07 09:31:00,1029.4,229406
2021-04-07 09:31:01,1030.0,229652
2021-04-07 09:31:03,1029.45,229657
2021-04-07 09:31:04,1030.0,229672
2021-04-07 09:31:04,1030.0,229672
2021-04-07 09:31:05,1029.5,229677
2021-04-07 09:31:07,1029.8,230802
2021-04-07 09:31:09,1029.75,231402
2021-04-07 09:31:09,1029.75,231402
2021-04-07 09:31:10,1029.75,231402
2021-04-07 09:31:11,1029.45,231486
2021-04-07 09:31:12,1029.65,231521
2021-04-07 09:31:14,1027.5,239722
2021-04-07 09:31:15,1028.2,241032
2021-04-07 09:31:16,1027.65,241575
2021-04-07 09:31:17,1028.2,241977
2021-04-07 09:31:18,1028.25,241988
2021-04-07 09:31:18,1028.0,241989
2021-04-07 09:31:19,1028.6,242743
2021-04-07 09:31:20,1028.75,242900
2021-04-07 09:31:21,1028.75,242920
2021-04-07 09:31:23,1028.9,243376
2021-04-07 09:31:24,1028.9,243376
2021-04-07 09:31:25,1028.75,243389
2021-04-07 09:31:25,1028.75,243389
2021-04-07 09:31:26,1028.8,243532
2021-04-07 09:31:27,1028.75,243550
2021-04-07 09:31:29,1028.25,243918
2021-04-07 09:31:30,1028.25,243992
2021-04-07 09:31:30,1028.25,243992
2021-04-07 09:31:31,1028.4,244146
2021-04-07 09:31:32,1028.4,244221
2021-04-07 09:31:33,1028.4,244531
2021-04-07 09:31:35,1028.3,245099
2021-04-07 09:31:36,1028.2,245107
2021-04-07 09:31:37,1027.2,248160
2021-04-07 09:31:38,1027.05,248491
2021-04-07 09:31:39,1027.35,248803
2021-04-07 09:31:39,1027.55,248833
2021-04-07 09:31:40,1027.9,249791
2021-04-07 09:31:41,1027.65,250024
2021-04-07 09:31:42,1027.55,250224
2021-04-07 09:31:44,1028.1,250244
2021-04-07 09:31:45,1027.6,250545
2021-04-07 09:31:46,1027.55,250672
2021-04-07 09:31:46,1027.55,250672
2021-04-07 09:31:47,1027.85,250677
2021-04-07 09:31:48,1027.6,250751
2021-04-07 09:31:49,1028.0,252728
2021-04-07 09:31:50,1028.3,252733
2021-04-07 09:31:52,1027.8,253360
2021-04-07 09:31:53,1028.1,253361
2021-04-07 09:31:53,1028.1,253361
2021-04-07 09:31:55,1028.0,253382
2021-04-07 09:31:56,1028.0,253382
2021-04-07 09:31:57,1028.0,253412
2021-04-07 09:31:58,1028.0,253436
2021-04-07 09:31:59,1027.55,256526
2021-04-07 09:32:00,1027.5,256529
2021-04-07 09:32:01,1027.15,258103
2021-04-07 09:32:01,1027.2,258113
2021-04-07 09:32:02,1027.2,258675
2021-04-07 09:32:03,1027.2,258708
2021-04-07 09:32:04,1027.0,258808
2021-04-07 09:32:06,1027.6,259835
2021-04-07 09:32:06,1027.6,259835
2021-04-07 09:32:07,1027.6,259835
2021-04-07 09:32:09,1027.2,259921
2021-04-07 09:32:10,1027.2,260026
2021-04-07 09:32:11,1027.2,260051
2021-04-07 09:32:12,1027.65,261961
2021-04-07 09:32:13,1027.3,262041
2021-04-07 09:32:13,1027.3,262041
2021-04-07 09:32:14,1027.3,262042
2021-04-07 09:32:15,1027.65,262217
2021-04-07 09:32:16,1027.65,262217
2021-04-07 09:32:17,1027.65,262217
2021-04-07 09:32:18,1027.5,262341
2021-04-07 09:32:19,1027.5,262361
2021-04-07 09:32:21,1027.2,262493
2021-04-07 09:32:22,1027.25,262552
2021-04-07 09:32:23,1027.25,262552
2021-04-07 09:32:24,1027.2,262833
2021-04-07 09:32:24,1027.2,262833
2021-04-07 09:32:25,1027.2,262833
2021-04-07 09:32:26,1027.2,262933
2021-04-07 09:32:27,1027.15,263012
2021-04-07 09:32:28,1027.0,263612
2021-04-07 09:32:29,1027.2,263980
2021-04-07 09:32:30,1027.2,264681
2021-04-07 09:32:31,1027.85,265306
2021-04-07 09:32:32,1027.65,265316
2021-04-07 09:32:33,1027.55,265392
2021-04-07 09:32:34,1027.5,265493
2021-04-07 09:32:36,1027.4,265688
2021-04-07 09:32:37,1027.2,266188
2021-04-07 09:32:38,1027.5,266198
2021-04-07 09:32:39,1027.75,266353
2021-04-07 09:32:39,1027.45,266355
2021-04-07 09:32:40,1027.75,266465
2021-04-07 09:32:41,1027.85,266578
2021-04-07 09:32:42,1027.9,266878
2021-04-07 09:32:43,1027.6,267231
2021-04-07 09:32:45,1027.6,267231
2021-04-07 09:32:46,1027.5,267436
2021-04-07 09:32:46,1027.5,267436
2021-04-07 09:32:47,1027.95,267453
2021-04-07 09:32:49,1027.95,267456
2021-04-07 09:32:50,1027.9,267545
2021-04-07 09:32:50,1027.9,267545
2021-04-07 09:32:51,1027.6,267709
2021-04-07 09:32:52,1027.6,267759
2021-04-07 09:32:53,1027.6,267834
2021-04-07 09:32:54,1027.6,268063
2021-04-07 09:32:55,1027.55,268143
2021-04-07 09:32:56,1027.9,268193
2021-04-07 09:32:57,1027.55,268203
2021-04-07 09:32:59,1027.95,268264
2021-04-07 09:33:00,1028.0,268284
2021-04-07 09:33:01,1027.75,268484
2021-04-07 09:33:02,1027.75,268484
2021-04-07 09:33:03,1027.75,268585
2021-04-07 09:33:04,1027.95,268610
2021-04-07 09:33:05,1027.9,269192
2021-04-07 09:33:06,1027.75,269306
2021-04-07 09:33:06,1027.9,269356
2021-04-07 09:33:08,1027.9,269467
2021-04-07 09:33:08,1027.75,269477
2021-04-07 09:33:09,1027.9,269579
2021-04-07 09:33:10,1027.9,269579
2021-04-07 09:33:11,1027.9,269579
2021-04-07 09:33:12,1027.9,269579
2021-04-07 09:33:13,1027.9,269580
2021-04-07 09:33:14,1027.9,269743
2021-04-07 09:33:15,1027.9,269888
2021-04-07 09:33:16,1027.8,271358
2021-04-07 09:33:17,1027.8,271358
2021-04-07 09:33:18,1027.9,271359
2021-04-07 09:33:19,1027.75,271654
2021-04-07 09:33:21,1027.3,273295
2021-04-07 09:33:22,1027.3,273295
2021-04-07 09:33:23,1027.55,273296
2021-04-07 09:33:24,1027.6,273470
2021-04-07 09:33:25,1027.6,273510
2021-04-07 09:33:26,1027.6,273560
2021-04-07 09:33:27,1027.6,273560
2021-04-07 09:33:28,1027.55,273702
2021-04-07 09:33:29,1027.25,273704
2021-04-07 09:33:30,1027.25,273704
2021-04-07 09:33:31,1027.25,273704
2021-04-07 09:33:32,1027.25,273706
2021-04-07 09:33:33,1027.55,273938
2021-04-07 09:33:33,1027.55,273938
2021-04-07 09:33:35,1026.5,280427
2021-04-07 09:33:36,1026.05,280675
2021-04-07 09:33:37,1026.0,280933
2021-04-07 09:33:38,1026.5,280946
2021-04-07 09:33:39,1026.5,281002
2021-04-07 09:33:40,1026.5,281005
2021-04-07 09:33:41,1026.5,281026
2021-04-07 09:33:42,1026.5,281126
2021-04-07 09:33:42,1026.0,281199
2021-04-07 09:33:44,1026.4,281423
2021-04-07 09:33:45,1026.1,281513
2021-04-07 09:33:46,1026.1,281523
2021-04-07 09:33:47,1026.5,281818
2021-04-07 09:33:48,1026.5,281818
2021-04-07 09:33:49,1026.5,281824
2021-04-07 09:33:50,1026.2,281935
2021-04-07 09:33:50,1026.5,281835
2021-04-07 09:33:52,1026.5,282236
2021-04-07 09:33:53,1026.5,282241
2021-04-07 09:33:53,1026.5,282241
2021-04-07 09:33:54,1027.0,282703
2021-04-07 09:33:55,1027.0,282703
2021-04-07 09:33:56,1027.2,282848
2021-04-07 09:33:57,1027.2,282848
2021-04-07 09:33:58,1027.15,282860
2021-04-07 09:34:00,1027.05,282867
2021-04-07 09:34:01,1026.95,282948
2021-04-07 09:34:02,1026.95,282948
2021-04-07 09:34:03,1026.95,282973
2021-04-07 09:34:04,1026.95,282973
2021-04-07 09:34:05,1027.0,283010
2021-04-07 09:34:06,1027.0,283010
2021-04-07 09:34:07,1026.95,283019
2021-04-07 09:34:09,1026.95,283032
2021-04-07 09:34:10,1027.0,283117
2021-04-07 09:34:11,1027.0,283118
2021-04-07 09:34:11,1027.0,283118
2021-04-07 09:34:13,1027.4,283302
2021-04-07 09:34:13,1027.4,283302
2021-04-07 09:34:14,1027.0,283322
2021-04-07 09:34:16,1027.1,283358
2021-04-07 09:34:16,1027.1,283358
2021-04-07 09:34:17,1026.95,283558
2021-04-07 09:34:18,1027.0,283603
2021-04-07 09:34:20,1026.6,283684
2021-04-07 09:34:21,1026.6,283689
2021-04-07 09:34:22,1026.6,283689
2021-04-07 09:34:23,1026.5,283768
2021-04-07 09:34:24,1026.6,283821
2021-04-07 09:34:25,1026.6,283846
2021-04-07 09:34:26,1026.6,283848
2021-04-07 09:34:27,1026.95,284148
2021-04-07 09:34:28,1026.95,284148
2021-04-07 09:34:29,1026.95,284176
2021-04-07 09:34:29,1026.95,284186
2021-04-07 09:34:31,1026.5,284199
2021-04-07 09:34:32,1026.5,284199
2021-04-07 09:34:33,1026.5,284199
2021-04-07 09:34:34,1026.5,284250
2021-04-07 09:34:35,1026.5,284585
2021-04-07 09:34:36,1026.5,284585
2021-04-07 09:34:37,1026.8,284606
2021-04-07 09:34:38,1026.6,284717
2021-04-07 09:34:38,1026.6,284717
2021-04-07 09:34:39,1026.5,284827
2021-04-07 09:34:41,1026.5,284864
2021-04-07 09:34:42,1026.55,284884
2021-04-07 09:34:43,1026.55,284884
2021-04-07 09:34:44,1026.2,284945
2021-04-07 09:34:45,1026.2,284945
2021-04-07 09:34:46,1026.4,285291
2021-04-07 09:34:47,1026.8,285351
2021-04-07 09:34:47,1026.8,285351
2021-04-07 09:34:48,1026.8,285351
2021-04-07 09:34:50,1026.7,285374
2021-04-07 09:34:51,1026.55,285477
2021-04-07 09:34:51,1026.55,285477
2021-04-07 09:34:52,1026.55,285477
2021-04-07 09:34:53,1026.5,285482
2021-04-07 09:34:54,1026.5,285482
2021-04-07 09:34:55,1026.75,285689
2021-04-07 09:34:56,1026.75,285705
2021-04-07 09:34:58,1026.5,285734
2021-04-07 09:34:59,1026.5,285777
2021-04-07 09:35:00,1026.5,285812
2021-04-07 09:35:01,1026.5,285854
2021-04-07 09:35:02,1026.5,285854
2021-04-07 09:35:03,1026.5,285912
2021-04-07 09:35:04,1026.5,285975
2021-04-07 09:35:05,1026.55,286049
2021-04-07 09:35:07,1026.75,286194
2021-04-07 09:35:08,1026.75,286194
2021-04-07 09:35:09,1026.85,286239
2021-04-07 09:35:10,1026.4,286535
2021-04-07 09:35:11,1026.4,286607
2021-04-07 09:35:11,1026.4,286635
2021-04-07 09:35:13,1026.65,286970
2021-04-07 09:35:14,1025.0,294056
2021-04-07 09:35:14,1025.0,294056
2021-04-07 09:35:15,1025.0,294412
2021-04-07 09:35:16,1025.0,294429
2021-04-07 09:35:17,1025.0,294555
2021-04-07 09:35:18,1025.0,294555
2021-04-07 09:35:19,1025.0,294883
2021-04-07 09:35:20,1025.45,296158
2021-04-07 09:35:22,1025.0,296159
2021-04-07 09:35:22,1025.0,296274
2021-04-07 09:35:23,1025.45,296284
2021-04-07 09:35:25,1025.05,296294
2021-04-07 09:35:26,1025.35,296411
2021-04-07 09:35:26,1025.05,296511
2021-04-07 09:35:27,1025.05,296511
2021-04-07 09:35:28,1025.1,296535
2021-04-07 09:35:29,1025.3,296707
2021-04-07 09:35:31,1025.3,296709
2021-04-07 09:35:32,1025.05,296789
2021-04-07 09:35:33,1025.05,296789
2021-04-07 09:35:34,1025.05,296876
2021-04-07 09:35:35,1025.3,296891
2021-04-07 09:35:36,1025.3,296896
2021-04-07 09:35:37,1025.15,296996
2021-04-07 09:35:38,1025.3,297065
2021-04-07 09:35:39,1025.3,297159
2021-04-07 09:35:40,1025.45,297232
2021-04-07 09:35:40,1025.6,297357
2021-04-07 09:35:41,1025.35,297558
2021-04-07 09:35:42,1025.45,297561
2021-04-07 09:35:44,1025.45,297611
2021-04-07 09:35:45,1025.35,297651
2021-04-07 09:35:46,1025.15,297681
2021-04-07 09:35:47,1025.45,297789
2021-04-07 09:35:48,1025.45,297790
2021-04-07 09:35:49,1025.45,297811
2021-04-07 09:35:50,1025.35,297889
2021-04-07 09:35:51,1025.45,297899
2021-04-07 09:35:52,1025.45,297949
2021-04-07 09:35:53,1025.5,297958
2021-04-07 09:35:54,1025.5,297958
2021-04-07 09:35:56,1025.3,298297
2021-04-07 09:35:57,1025.45,298389
2021-04-07 09:35:58,1025.6,299340
2021-04-07 09:35:59,1026.0,299930
2021-04-07 09:36:00,1025.55,299960
2021-04-07 09:36:01,1025.6,299970
2021-04-07 09:36:02,1025.6,299974
2021-04-07 09:36:02,1025.6,299974
2021-04-07 09:36:03,1025.9,300128
2021-04-07 09:36:05,1026.0,300232
2021-04-07 09:36:05,1026.0,300848
2021-04-07 09:36:07,1026.0,300848
2021-04-07 09:36:07,1026.25,301348
2021-04-07 09:36:09,1026.2,301450
2021-04-07 09:36:10,1026.0,301769
2021-04-07 09:36:11,1026.0,301873
2021-04-07 09:36:12,1026.0,301873
2021-04-07 09:36:13,1025.9,301883
2021-04-07 09:36:14,1025.9,301883
2021-04-07 09:36:15,1026.2,302057
2021-04-07 09:36:16,1026.2,302057
2021-04-07 09:36:17,1026.05,302092
2021-04-07 09:36:17,1026.05,302067
2021-04-07 09:36:19,1026.05,302237
2021-04-07 09:36:19,1026.25,302241
2021-04-07 09:36:20,1026.55,303122
2021-04-07 09:36:22,1026.15,303165
2021-04-07 09:36:23,1026.15,303165
2021-04-07 09:36:24,1026.2,303181
2021-04-07 09:36:25,1026.2,303181
2021-04-07 09:36:26,1026.3,303190
2021-04-07 09:36:27,1026.55,303321
2021-04-07 09:36:28,1026.5,303366
2021-04-07 09:36:29,1026.55,303464
2021-04-07 09:36:30,1026.85,303489
2021-04-07 09:36:31,1026.55,303614
2021-04-07 09:36:32,1026.35,304755
2021-04-07 09:36:33,1026.35,304930
2021-04-07 09:36:34,1026.3,305004
2021-04-07 09:36:34,1026.3,305004
2021-04-07 09:36:35,1026.3,305245
2021-04-07 09:36:37,1026.3,305945
2021-04-07 09:36:38,1026.3,305945
2021-04-07 09:36:39,1026.3,305960
2021-04-07 09:36:40,1026.5,305962
2021-04-07 09:36:41,1026.3,306654
2021-04-07 09:36:42,1026.5,306781
2021-04-07 09:36:42,1026.5,306781
2021-04-07 09:36:43,1026.3,306782
2021-04-07 09:36:44,1026.25,306783
2021-04-07 09:36:46,1026.3,306787
2021-04-07 09:36:47,1026.5,306798
2021-04-07 09:36:48,1026.5,306798
2021-04-07 09:36:49,1026.5,306801
2021-04-07 09:36:49,1026.5,306801
2021-04-07 09:36:51,1026.35,306837
2021-04-07 09:36:52,1026.35,306837
2021-04-07 09:36:53,1026.35,306910
2021-04-07 09:36:53,1026.65,308095
2021-04-07 09:36:54,1026.5,308116
2021-04-07 09:36:55,1026.8,308192
2021-04-07 09:36:56,1026.8,308285
2021-04-07 09:36:57,1026.8,308285
2021-04-07 09:36:59,1026.8,308313
2021-04-07 09:37:00,1027.0,308497
2021-04-07 09:37:01,1027.0,309455
2021-04-07 09:37:02,1027.1,309558
2021-04-07 09:37:03,1027.4,309568
2021-04-07 09:37:04,1027.35,310021
2021-04-07 09:37:05,1027.4,310035
2021-04-07 09:37:06,1027.4,310035
2021-04-07 09:37:07,1027.05,311204
2021-04-07 09:37:08,1027.05,311284
2021-04-07 09:37:09,1027.05,311284
2021-04-07 09:37:10,1027.05,311284
2021-04-07 09:37:11,1027.05,311451
2021-04-07 09:37:12,1027.05,311555
2021-04-07 09:37:13,1027.4,311760
2021-04-07 09:37:13,1027.25,311785
2021-04-07 09:37:14,1027.25,311786
2021-04-07 09:37:15,1027.25,311786
2021-04-07 09:37:17,1026.95,312337
2021-04-07 09:37:18,1026.95,312337
2021-04-07 09:37:19,1027.25,312347
2021-04-07 09:37:20,1027.05,312385
2021-04-07 09:37:21,1027.05,312860
2021-04-07 09:37:22,1027.05,312860
2021-04-07 09:37:23,1026.95,313010
2021-04-07 09:37:24,1026.95,313020
2021-04-07 09:37:25,1027.05,313041
2021-04-07 09:37:26,1027.05,313066
2021-04-07 09:37:27,1027.05,313081
2021-04-07 09:37:28,1027.05,313081
2021-04-07 09:37:30,1026.9,313186
2021-04-07 09:37:31,1026.8,313359
2021-04-07 09:37:32,1026.85,313360
2021-04-07 09:37:33,1026.8,313364
2021-04-07 09:37:34,1026.8,313411
2021-04-07 09:37:34,1026.7,313511
2021-04-07 09:37:36,1026.7,313511
2021-04-07 09:37:37,1026.7,313511
2021-04-07 09:37:38,1026.5,313529
2021-04-07 09:37:39,1026.8,313799
2021-04-07 09:37:40,1026.65,313899
2021-04-07 09:37:41,1027.0,314220
2021-04-07 09:37:42,1026.55,315120
2021-04-07 09:37:43,1026.55,315120
2021-04-07 09:37:44,1027.05,315290
2021-04-07 09:37:45,1027.05,315290
2021-04-07 09:37:46,1027.05,315290
2021-04-07 09:37:47,1027.05,315320
2021-04-07 09:37:48,1027.05,315435
2021-04-07 09:37:49,1026.85,315455
2021-04-07 09:37:50,1026.95,315479
2021-04-07 09:37:51,1027.1,315592
2021-04-07 09:37:52,1027.1,315592
2021-04-07 09:37:53,1026.75,315742
2021-04-07 09:37:54,1026.95,315874
2021-04-07 09:37:55,1027.4,315935
2021-04-07 09:37:56,1026.9,316055
2021-04-07 09:37:57,1027.0,316066
2021-04-07 09:37:58,1027.0,316066
2021-04-07 09:37:59,1027.0,316102
2021-04-07 09:38:00,1027.4,316170
2021-04-07 09:38:01,1027.4,316170
2021-04-07 09:38:02,1027.35,316272
2021-04-07 09:38:03,1027.5,316273
2021-04-07 09:38:04,1027.35,316274
2021-04-07 09:38:05,1027.5,318736
2021-04-07 09:38:06,1027.15,319821
2021-04-07 09:38:07,1027.2,319941
2021-04-07 09:38:08,1027.45,320041
2021-04-07 09:38:09,1027.2,320115
2021-04-07 09:38:10,1027.2,320117
2021-04-07 09:38:11,1027.4,320271
2021-04-07 09:38:12,1027.4,320271
2021-04-07 09:38:13,1027.4,320271
2021-04-07 09:38:14,1027.4,320271
2021-04-07 09:38:15,1027.4,320376
2021-04-07 09:38:16,1027.4,320381
2021-04-07 09:38:17,1027.7,320912
2021-04-07 09:38:18,1027.95,321289
2021-04-07 09:38:19,1027.95,321511
2021-04-07 09:38:20,1027.8,321714
2021-04-07 09:38:21,1028.3,321773
2021-04-07 09:38:22,1028.45,322282
2021-04-07 09:38:23,1028.25,322378
2021-04-07 09:38:24,1028.7,322578
2021-04-07 09:38:25,1028.65,322580
2021-04-07 09:38:26,1028.65,322580
2021-04-07 09:38:27,1028.5,322653
2021-04-07 09:38:28,1028.5,322663
2021-04-07 09:38:29,1028.65,322752
2021-04-07 09:38:30,1028.65,322752
2021-04-07 09:38:31,1028.5,322777
2021-04-07 09:38:32,1028.3,323294
2021-04-07 09:38:33,1028.65,323434
2021-04-07 09:38:34,1028.65,323434
2021-04-07 09:38:35,1028.15,323439
2021-04-07 09:38:36,1028.5,323474
2021-04-07 09:38:37,1028.65,323494
2021-04-07 09:38:38,1028.65,323514
2021-04-07 09:38:39,1028.65,323514
2021-04-07 09:38:40,1028.5,323577
2021-04-07 09:38:41,1028.5,323577
2021-04-07 09:38:42,1028.5,323577
2021-04-07 09:38:43,1028.5,323577
2021-04-07 09:38:44,1028.65,323727
2021-04-07 09:38:45,1028.65,323781
2021-04-07 09:38:46,1028.5,323884
2021-04-07 09:38:47,1028.5,323958
2021-04-07 09:38:48,1028.65,323990
2021-04-07 09:38:49,1028.6,324014
2021-04-07 09:38:50,1028.6,324014
2021-04-07 09:38:51,1028.5,324214
2021-04-07 09:38:53,1028.6,324299
2021-04-07 09:38:54,1028.6,324299
2021-04-07 09:38:55,1028.6,324300
2021-04-07 09:38:56,1028.6,324307
2021-04-07 09:38:57,1028.5,324357
2021-04-07 09:38:58,1028.5,324372
2021-04-07 09:38:59,1028.6,324402
2021-04-07 09:39:00,1028.6,324402
2021-04-07 09:39:01,1028.6,324402
2021-04-07 09:39:03,1028.15,324949
2021-04-07 09:39:02,1028.15,324949
2021-04-07 09:39:04,1028.45,324978
2021-04-07 09:39:05,1028.45,324988
2021-04-07 09:39:07,1028.45,325221
2021-04-07 09:39:08,1028.05,325238
2021-04-07 09:39:09,1028.05,325238
2021-04-07 09:39:10,1028.45,325353
2021-04-07 09:39:11,1028.6,325431
2021-04-07 09:39:12,1028.25,325956
2021-04-07 09:39:13,1028.5,326117
2021-04-07 09:39:14,1028.25,326699
2021-04-07 09:39:15,1028.25,326699
2021-04-07 09:39:16,1028.25,326699
2021-04-07 09:39:17,1028.05,326703
2021-04-07 09:39:18,1028.05,326703
2021-04-07 09:39:19,1028.05,326728
2021-04-07 09:39:20,1028.3,326733
2021-04-07 09:39:21,1028.3,326733
2021-04-07 09:39:22,1028.3,326733
2021-04-07 09:39:23,1028.35,326780
2021-04-07 09:39:24,1028.3,326796
2021-04-07 09:39:25,1028.0,326853
2021-04-07 09:39:26,1028.0,326853
2021-04-07 09:39:27,1027.95,327103
2021-04-07 09:39:28,1028.35,327113
2021-04-07 09:39:29,1028.35,327113
2021-04-07 09:39:30,1027.85,327183
2021-04-07 09:39:31,1027.85,327193
2021-04-07 09:39:32,1028.35,327203
2021-04-07 09:39:33,1028.35,327203
2021-04-07 09:39:34,1028.45,327218
2021-04-07 09:39:35,1028.0,327238
2021-04-07 09:39:36,1028.0,327243
2021-04-07 09:39:37,1028.0,327243
2021-04-07 09:39:38,1028.0,327243
2021-04-07 09:39:39,1028.0,327243
2021-04-07 09:39:40,1027.85,327491
2021-04-07 09:39:41,1027.85,327494
2021-04-07 09:39:42,1027.85,327494
2021-04-07 09:39:43,1028.3,327503
2021-04-07 09:39:44,1027.85,327577
2021-04-07 09:39:45,1027.85,327577
2021-04-07 09:39:46,1028.3,327727
2021-04-07 09:39:47,1028.3,327727
2021-04-07 09:39:48,1028.05,327732
2021-04-07 09:39:49,1028.05,327732
2021-04-07 09:39:50,1028.05,327732
2021-04-07 09:39:51,1028.2,327735
2021-04-07 09:39:53,1028.3,327740
2021-04-07 09:39:52,1028.3,327740
2021-04-07 09:39:54,1028.3,327740
2021-04-07 09:39:55,1028.3,327745
2021-04-07 09:39:56,1027.85,328345
2021-04-07 09:39:57,1027.85,328345
2021-04-07 09:39:58,1027.6,329231
2021-04-07 09:39:59,1027.6,329231
2021-04-07 09:40:01,1027.6,329400
2021-04-07 09:40:02,1027.6,329400
2021-04-07 09:40:03,1027.5,329423
2021-04-07 09:40:04,1027.5,329448
2021-04-07 09:40:05,1027.5,329475
2021-04-07 09:40:06,1027.5,329475
2021-04-07 09:40:07,1027.6,329485
2021-04-07 09:40:09,1027.2,329499
2021-04-07 09:40:10,1027.7,329599
2021-04-07 09:40:11,1027.7,329599
2021-04-07 09:40:12,1027.7,329599
2021-04-07 09:40:13,1027.7,329599
2021-04-07 09:40:14,1027.55,329602
2021-04-07 09:40:15,1027.55,329602
2021-04-07 09:40:16,1027.55,329602
2021-04-07 09:40:17,1027.55,329603
2021-04-07 09:40:18,1027.3,329792
2021-04-07 09:40:19,1027.5,329950
2021-04-07 09:40:20,1027.5,329950
2021-04-07 09:40:21,1027.5,330115
2021-04-07 09:40:22,1027.3,330161
2021-04-07 09:40:23,1027.3,330161
2021-04-07 09:40:24,1027.3,330161
2021-04-07 09:40:25,1027.3,330161
2021-04-07 09:40:26,1027.3,330161
2021-04-07 09:40:27,1027.65,330162
2021-04-07 09:40:28,1027.65,330212
2021-04-07 09:40:30,1027.65,330463
2021-04-07 09:40:30,1027.65,330463
2021-04-07 09:40:31,1027.65,330463
2021-04-07 09:40:32,1027.4,330538
2021-04-07 09:40:33,1027.55,330553
2021-04-07 09:40:35,1027.55,330604
2021-04-07 09:40:36,1027.55,330606
2021-04-07 09:40:37,1027.2,330791
2021-04-07 09:40:37,1027.2,330791
2021-04-07 09:40:38,1027.55,332103
2021-04-07 09:40:39,1027.8,332476
2021-04-07 09:40:40,1027.8,338895
2021-04-07 09:40:42,1028.15,339383
2021-04-07 09:40:41,1028.05,339363
2021-04-07 09:40:43,1028.1,341656
2021-04-07 09:40:44,1028.55,341666
2021-04-07 09:40:45,1028.4,343012
2021-04-07 09:40:46,1028.25,343088
2021-04-07 09:40:47,1028.25,343088
2021-04-07 09:40:49,1028.3,343156
2021-04-07 09:40:50,1028.4,343168
2021-04-07 09:40:50,1028.4,343171
2021-04-07 09:40:52,1028.4,343176
2021-04-07 09:40:52,1028.4,343176
2021-04-07 09:40:53,1028.35,343182
2021-04-07 09:40:54,1028.35,343182
2021-04-07 09:40:55,1028.35,343182
2021-04-07 09:40:56,1028.4,343252
2021-04-07 09:40:58,1028.4,343261
2021-04-07 09:40:58,1028.4,343261
2021-04-07 09:40:59,1028.35,343642
2021-04-07 09:41:00,1028.35,343642
2021-04-07 09:41:02,1028.3,343863
2021-04-07 09:41:03,1028.35,343864
2021-04-07 09:41:04,1028.35,343870
2021-04-07 09:41:05,1028.35,343870
2021-04-07 09:41:05,1028.35,343870
2021-04-07 09:41:06,1028.35,343939
2021-04-07 09:41:07,1028.35,344232
2021-04-07 09:41:09,1028.35,344232
2021-04-07 09:41:10,1028.35,344232
2021-04-07 09:41:10,1028.35,344232
2021-04-07 09:41:12,1028.3,344270
2021-04-07 09:41:13,1028.3,344308
2021-04-07 09:41:14,1028.3,344308
2021-04-07 09:41:14,1028.4,344309
2021-04-07 09:41:15,1028.4,344344
2021-04-07 09:41:16,1028.4,344344
2021-04-07 09:41:17,1028.4,344404
2021-04-07 09:41:18,1028.3,344478
2021-04-07 09:41:19,1028.5,344505
2021-04-07 09:41:20,1028.35,344515
2021-04-07 09:41:21,1028.35,344523
2021-04-07 09:41:22,1028.35,344523
2021-04-07 09:41:24,1028.35,344523
2021-04-07 09:41:24,1028.35,344523
2021-04-07 09:41:25,1028.65,344553
2021-04-07 09:41:26,1028.35,344557
2021-04-07 09:41:27,1028.35,344557
2021-04-07 09:41:28,1028.35,344557
2021-04-07 09:41:29,1028.75,344558
2021-04-07 09:41:30,1028.7,344559
2021-04-07 09:41:31,1028.75,344575
2021-04-07 09:41:32,1028.65,344906
2021-04-07 09:41:33,1028.65,344944
2021-04-07 09:41:34,1028.65,345343
2021-04-07 09:41:35,1028.6,345625
2021-04-07 09:41:36,1028.55,345671
2021-04-07 09:41:37,1028.5,345712
2021-04-07 09:41:38,1028.5,345712
2021-04-07 09:41:39,1028.5,345724
2021-04-07 09:41:40,1028.45,345791
2021-04-07 09:41:41,1028.8,345811
2021-04-07 09:41:42,1028.5,346885
2021-04-07 09:41:43,1028.35,346886
2021-04-07 09:41:44,1028.55,347021
2021-04-07 09:41:45,1028.3,347059
2021-04-07 09:41:47,1028.35,347152
2021-04-07 09:41:48,1028.35,347152
2021-04-07 09:41:49,1028.45,347176
2021-04-07 09:41:50,1028.6,347257
2021-04-07 09:41:51,1028.6,347257
2021-04-07 09:41:52,1028.4,347277
2021-04-07 09:41:53,1028.4,347277
2021-04-07 09:41:54,1028.4,347277
2021-04-07 09:41:55,1028.4,347277
2021-04-07 09:41:56,1028.4,347297
2021-04-07 09:41:57,1028.4,347371
2021-04-07 09:41:58,1028.4,347371
2021-04-07 09:41:59,1028.3,347615
2021-04-07 09:42:00,1028.3,347615
2021-04-07 09:42:03,1028.3,347794
2021-04-07 09:42:04,1028.3,347813
2021-04-07 09:42:05,1028.3,347854
2021-04-07 09:42:06,1028.4,347954
2021-04-07 09:42:07,1028.4,347954
2021-04-07 09:42:08,1028.4,348154
2021-04-07 09:42:09,1028.4,348640
2021-04-07 09:42:10,1028.4,348640
2021-04-07 09:42:11,1028.4,348757
2021-04-07 09:42:12,1028.4,348757
2021-04-07 09:42:13,1028.6,348787
2021-04-07 09:42:14,1028.35,348897
2021-04-07 09:42:15,1028.35,348899
2021-04-07 09:42:16,1028.25,348973
2021-04-07 09:42:17,1028.25,348973
2021-04-07 09:42:18,1028.6,349057
2021-04-07 09:42:19,1028.25,349100
2021-04-07 09:42:19,1028.55,349110
2021-04-07 09:42:20,1028.6,349133
2021-04-07 09:42:21,1028.6,349143
2021-04-07 09:42:22,1028.25,349299
2021-04-07 09:42:23,1028.5,349349
2021-04-07 09:42:24,1028.4,349379
2021-04-07 09:42:25,1028.5,349563
2021-04-07 09:42:26,1028.6,349587
2021-04-07 09:42:27,1028.6,349587
2021-04-07 09:42:28,1028.75,349833
2021-04-07 09:42:29,1028.4,349844
2021-04-07 09:42:30,1028.9,349850
2021-04-07 09:42:31,1028.9,349850
2021-04-07 09:42:32,1028.8,349938
2021-04-07 09:42:33,1028.9,349943
2021-04-07 09:42:34,1028.8,349946
2021-04-07 09:42:35,1028.8,350000
2021-04-07 09:42:37,1028.45,350180
2021-04-07 09:42:37,1028.8,350199
2021-04-07 09:42:38,1028.8,350232
2021-04-07 09:42:40,1028.8,350232
2021-04-07 09:42:41,1028.45,350270
2021-04-07 09:42:42,1028.75,350296
2021-04-07 09:42:43,1028.85,350297
2021-04-07 09:42:44,1028.4,350316
2021-04-07 09:42:45,1028.4,350316
2021-04-07 09:42:45,1028.7,350317
2021-04-07 09:42:46,1028.7,350317
2021-04-07 09:42:47,1028.75,350367
2021-04-07 09:42:48,1028.4,350386
2021-04-07 09:42:49,1028.6,350420
2021-04-07 09:42:50,1028.6,350420
2021-04-07 09:42:52,1028.65,350430
2021-04-07 09:42:52,1028.65,350431
2021-04-07 09:42:53,1028.65,350431
2021-04-07 09:42:54,1028.4,350609
2021-04-07 09:42:55,1028.35,350619
2021-04-07 09:42:56,1028.35,350619
2021-04-07 09:42:58,1028.75,350649
2021-04-07 09:42:59,1028.75,350649
2021-04-07 09:43:00,1028.75,350651
2021-04-07 09:43:01,1028.4,350700
2021-04-07 09:43:02,1028.35,350880
2021-04-07 09:43:03,1028.75,350895
2021-04-07 09:43:04,1028.35,350983
2021-04-07 09:43:05,1028.25,351134
2021-04-07 09:43:07,1028.55,351146
2021-04-07 09:43:08,1028.55,351146
2021-04-07 09:43:09,1028.55,351146
2021-04-07 09:43:10,1028.55,351146
2021-04-07 09:43:11,1028.55,351146
2021-04-07 09:43:12,1028.75,353560
2021-04-07 09:43:13,1028.8,355236
2021-04-07 09:43:14,1028.95,355254
2021-04-07 09:43:15,1028.8,355258
2021-04-07 09:43:16,1028.8,355258
2021-04-07 09:43:17,1029.3,356975
2021-04-07 09:43:18,1029.35,357076
2021-04-07 09:43:19,1029.35,357078
2021-04-07 09:43:20,1029.7,357113
2021-04-07 09:43:21,1029.55,357115
2021-04-07 09:43:22,1029.7,357215
2021-04-07 09:43:23,1029.55,357240
2021-04-07 09:43:24,1029.7,357345
2021-04-07 09:43:25,1029.55,357346
2021-04-07 09:43:26,1029.55,357366
2021-04-07 09:43:27,1029.55,357381
2021-04-07 09:43:28,1029.55,357381
2021-04-07 09:43:29,1029.65,357384
2021-04-07 09:43:30,1029.7,357388
2021-04-07 09:43:32,1029.5,357682
2021-04-07 09:43:33,1029.9,357793
2021-04-07 09:43:34,1029.5,357830
2021-04-07 09:43:35,1029.95,357839
2021-04-07 09:43:36,1029.55,357844
2021-04-07 09:43:37,1030.0,358550
2021-04-07 09:43:38,1030.0,358570
2021-04-07 09:43:39,1030.0,359060
2021-04-07 09:43:40,1029.5,359468
2021-04-07 09:43:41,1029.5,359468
2021-04-07 09:43:42,1029.5,359468
2021-04-07 09:43:43,1030.0,359471
2021-04-07 09:43:44,1029.95,359573
2021-04-07 09:43:45,1029.55,359623
2021-04-07 09:43:46,1029.55,359623
2021-04-07 09:43:47,1029.95,359732
2021-04-07 09:43:48,1029.95,359745
2021-04-07 09:43:50,1029.8,359784
2021-04-07 09:43:50,1030.0,360285
2021-04-07 09:43:51,1030.0,360362
2021-04-07 09:43:52,1030.0,360362
2021-04-07 09:43:53,1030.0,360362
2021-04-07 09:43:54,1030.0,360362
2021-04-07 09:43:55,1030.0,360362
2021-04-07 09:43:56,1030.0,360397
2021-04-07 09:43:57,1029.85,360423
2021-04-07 09:43:58,1029.85,360423
2021-04-07 09:43:59,1029.85,360423
2021-04-07 09:44:00,1029.85,360423
2021-04-07 09:44:01,1030.0,360448
2021-04-07 09:44:02,1029.95,360457
2021-04-07 09:44:03,1029.95,360481
2021-04-07 09:44:04,1030.0,360581
2021-04-07 09:44:05,1029.95,360597
2021-04-07 09:44:06,1029.95,360597
2021-04-07 09:44:07,1029.95,360597
2021-04-07 09:44:08,1030.0,360777
2021-04-07 09:44:09,1030.0,360986
2021-04-07 09:44:10,1030.0,361551
2021-04-07 09:44:11,1030.0,361683
2021-04-07 09:44:12,1030.0,361740
2021-04-07 09:44:13,1030.0,361762
2021-04-07 09:44:14,1030.0,362315
2021-04-07 09:44:15,1030.25,362721
2021-04-07 09:44:16,1030.0,362781
2021-04-07 09:44:17,1030.25,362866
2021-04-07 09:44:18,1030.0,362904
2021-04-07 09:44:21,1029.65,363914
2021-04-07 09:44:22,1028.9,365498
2021-04-07 09:44:23,1029.35,365986
2021-04-07 09:44:24,1029.1,366034
2021-04-07 09:44:25,1029.3,366041
2021-04-07 09:44:26,1028.95,366060
2021-04-07 09:44:27,1029.3,366130
2021-04-07 09:44:28,1029.5,366230
2021-04-07 09:44:29,1028.85,366398
2021-04-07 09:44:30,1028.85,366417
2021-04-07 09:44:31,1028.75,366457
2021-04-07 09:44:32,1028.65,366757
2021-04-07 09:44:33,1029.1,366822
2021-04-07 09:44:34,1029.1,366822
2021-04-07 09:44:35,1029.1,366822
2021-04-07 09:44:36,1028.85,366849
2021-04-07 09:44:37,1028.6,366949
2021-04-07 09:44:37,1028.6,366949
2021-04-07 09:44:39,1028.65,366974
2021-04-07 09:44:40,1028.85,366985
2021-04-07 09:44:41,1029.0,367186
2021-04-07 09:44:42,1028.85,367187
2021-04-07 09:44:43,1028.85,367299
2021-04-07 09:44:43,1028.85,367299
2021-04-07 09:44:44,1028.85,367300
2021-04-07 09:44:45,1028.85,367300
2021-04-07 09:44:46,1028.65,367385
2021-04-07 09:44:47,1028.65,367497
2021-04-07 09:44:48,1028.65,367497
2021-04-07 09:44:49,1028.8,367500
2021-04-07 09:44:50,1028.85,367513
2021-04-07 09:44:51,1028.85,367515
2021-04-07 09:44:52,1028.8,367525
2021-04-07 09:44:53,1028.8,367525
2021-04-07 09:44:54,1028.8,367532
2021-04-07 09:44:55,1028.8,367542
2021-04-07 09:44:57,1028.65,368326
2021-04-07 09:44:58,1028.7,368411
2021-04-07 09:44:59,1028.1,368511
2021-04-07 09:44:59,1028.1,368511
2021-04-07 09:45:00,1028.05,369244
2021-04-07 09:45:01,1028.05,369244
2021-04-07 09:45:02,1028.7,369246
2021-04-07 09:45:03,1028.7,369250
2021-04-07 09:45:04,1028.35,369260
2021-04-07 09:45:05,1028.8,369739
2021-04-07 09:45:06,1028.5,369812
2021-04-07 09:45:07,1028.5,369812
2021-04-07 09:45:08,1028.5,369812
2021-04-07 09:45:09,1028.5,369812
2021-04-07 09:45:10,1028.5,369945
2021-04-07 09:45:11,1028.45,370085
2021-04-07 09:45:12,1028.5,370088
2021-04-07 09:45:13,1028.45,370164
2021-04-07 09:45:14,1028.85,370343
2021-04-07 09:45:15,1028.35,370418
2021-04-07 09:45:16,1028.35,370494
2021-04-07 09:45:17,1028.7,370511
2021-04-07 09:45:18,1028.3,370549
2021-04-07 09:45:19,1028.3,370744
2021-04-07 09:45:20,1028.25,370889
2021-04-07 09:45:21,1028.3,370921
2021-04-07 09:45:22,1028.3,370921
2021-04-07 09:45:23,1028.0,370997
2021-04-07 09:45:24,1028.0,370997
2021-04-07 09:45:25,1028.0,371096
2021-04-07 09:45:26,1028.0,371096
2021-04-07 09:45:27,1028.0,371096
2021-04-07 09:45:28,1028.0,371096
2021-04-07 09:45:29,1028.45,371106
2021-04-07 09:45:31,1028.0,371189
2021-04-07 09:45:33,1027.6,372225
2021-04-07 09:45:34,1027.5,372309
2021-04-07 09:45:35,1027.5,372388
2021-04-07 09:45:36,1027.5,372388
2021-04-07 09:45:36,1027.5,372398
2021-04-07 09:45:37,1027.5,372428
2021-04-07 09:45:38,1027.5,372428
2021-04-07 09:45:39,1027.5,372465
2021-04-07 09:45:40,1027.5,372536
2021-04-07 09:45:42,1027.5,372601
2021-04-07 09:45:43,1027.5,372601
2021-04-07 09:45:44,1027.5,372613
2021-04-07 09:45:45,1028.0,372724
2021-04-07 09:45:46,1027.9,372914
2021-04-07 09:45:47,1027.9,372914
2021-04-07 09:45:48,1027.5,372951
2021-04-07 09:45:49,1027.85,373051
2021-04-07 09:45:50,1027.85,373051
2021-04-07 09:45:51,1027.35,373088
2021-04-07 09:45:52,1027.4,373136
2021-04-07 09:45:53,1027.9,373223
2021-04-07 09:45:54,1027.85,373275
2021-04-07 09:45:55,1027.25,373356
2021-04-07 09:45:56,1027.0,373800
2021-04-07 09:45:56,1027.0,373800
2021-04-07 09:45:58,1027.0,373988
2021-04-07 09:45:59,1026.65,374111
2021-04-07 09:46:00,1026.65,374111
2021-04-07 09:46:01,1026.65,374149
2021-04-07 09:46:02,1026.65,374228
2021-04-07 09:46:03,1026.65,374228
2021-04-07 09:46:04,1027.0,374307
2021-04-07 09:46:04,1027.0,374307
2021-04-07 09:46:05,1027.0,374308
2021-04-07 09:46:06,1027.0,374308
2021-04-07 09:46:07,1026.65,374313
2021-04-07 09:46:08,1026.65,374353
2021-04-07 09:46:09,1026.65,374353
2021-04-07 09:46:10,1027.0,374403
2021-04-07 09:46:11,1027.0,374403
2021-04-07 09:46:12,1027.0,374403
2021-04-07 09:46:13,1027.0,374412
2021-04-07 09:46:14,1027.0,375282
2021-04-07 09:46:15,1027.0,375289
2021-04-07 09:46:16,1027.0,375383
2021-04-07 09:46:18,1027.0,375468
2021-04-07 09:46:18,1027.0,375470
2021-04-07 09:46:19,1027.0,375470
2021-04-07 09:46:20,1027.0,375470
2021-04-07 09:46:21,1027.0,375470
2021-04-07 09:46:22,1026.85,375493
2021-04-07 09:46:23,1027.0,375793
2021-04-07 09:46:24,1027.0,375793
2021-04-07 09:46:25,1026.65,375843
2021-04-07 09:46:26,1026.65,375969
2021-04-07 09:46:27,1027.0,376169
2021-04-07 09:46:28,1027.0,376175
2021-04-07 09:46:29,1027.0,376227
2021-04-07 09:46:30,1027.0,376227
2021-04-07 09:46:31,1027.0,376227
2021-04-07 09:46:32,1027.0,376227
2021-04-07 09:46:33,1027.0,376252
2021-04-07 09:46:34,1026.65,376773
2021-04-07 09:46:35,1026.65,376773
2021-04-07 09:46:36,1027.0,376798
2021-04-07 09:46:37,1026.7,376800
2021-04-07 09:46:38,1026.7,376800
2021-04-07 09:46:39,1026.7,376804
2021-04-07 09:46:40,1027.0,376944
2021-04-07 09:46:41,1026.9,377010
2021-04-07 09:46:42,1027.0,377060
2021-04-07 09:46:43,1026.8,377100
2021-04-07 09:46:44,1026.8,377100
2021-04-07 09:46:45,1026.8,377155
2021-04-07 09:46:47,1026.8,377155
2021-04-07 09:46:48,1027.0,378215
2021-04-07 09:46:49,1027.0,378215
2021-04-07 09:46:50,1026.9,378317
2021-04-07 09:46:51,1026.9,378317
2021-04-07 09:46:52,1027.0,378327
2021-04-07 09:46:53,1026.9,378545
2021-04-07 09:46:53,1026.9,378545
2021-04-07 09:46:54,1026.9,378545
2021-04-07 09:46:55,1027.0,378595
2021-04-07 09:46:57,1027.0,378645
2021-04-07 09:46:58,1027.0,378645
2021-04-07 09:46:59,1027.0,378645
2021-04-07 09:47:00,1026.9,378675
2021-04-07 09:47:01,1027.0,379724
2021-04-07 09:47:02,1027.0,379724
2021-04-07 09:47:03,1027.0,379724
2021-04-07 09:47:04,1026.9,379787
2021-04-07 09:47:04,1026.9,379725
2021-04-07 09:47:06,1026.9,379787
2021-04-07 09:47:07,1026.5,380949
2021-04-07 09:47:08,1026.75,381088
2021-04-07 09:47:09,1026.4,381098
2021-04-07 09:47:10,1026.4,381098
2021-04-07 09:47:11,1026.4,381108
2021-04-07 09:47:12,1026.4,381108
2021-04-07 09:47:13,1026.5,381109
2021-04-07 09:47:14,1026.5,381109
2021-04-07 09:47:15,1026.5,381109
2021-04-07 09:47:16,1026.5,381109
2021-04-07 09:47:16,1026.5,381109
2021-04-07 09:47:18,1026.5,381109
2021-04-07 09:47:19,1026.75,381119
2021-04-07 09:47:20,1026.5,381192
2021-04-07 09:47:21,1026.7,381242
2021-04-07 09:47:22,1026.7,381242
2021-04-07 09:47:23,1026.7,381292
2021-04-07 09:47:23,1026.7,381292
2021-04-07 09:47:25,1026.4,381457
2021-04-07 09:47:26,1026.4,381457
2021-04-07 09:47:27,1026.1,381954
2021-04-07 09:47:28,1026.2,381964
2021-04-07 09:47:29,1026.2,382235
2021-04-07 09:47:30,1026.05,382393
2021-04-07 09:47:31,1026.4,382419
2021-04-07 09:47:31,1026.4,382419
2021-04-07 09:47:33,1026.05,382471
2021-04-07 09:47:34,1026.4,382502
2021-04-07 09:47:35,1026.15,382512
2021-04-07 09:47:36,1026.15,382612
2021-04-07 09:47:37,1026.15,382612
2021-04-07 09:47:37,1026.15,383052
2021-04-07 09:47:38,1026.0,383987
2021-04-07 09:47:39,1026.0,384174
2021-04-07 09:47:41,1025.8,386841
2021-04-07 09:47:42,1025.35,386898
2021-04-07 09:47:43,1025.35,386932
2021-04-07 09:47:44,1025.35,387132
2021-04-07 09:47:45,1025.35,387132
2021-04-07 09:47:46,1025.35,387132
2021-04-07 09:47:47,1025.35,387132
2021-04-07 09:47:48,1025.75,387233
2021-04-07 09:47:49,1025.75,387333
2021-04-07 09:47:49,1025.75,387333
2021-04-07 09:47:50,1025.75,387333
2021-04-07 09:47:52,1025.35,387458
2021-04-07 09:47:53,1025.35,387458
2021-04-07 09:47:54,1025.7,387558
2021-04-07 09:47:55,1025.35,387858
2021-04-07 09:47:56,1025.35,387924
2021-04-07 09:47:57,1025.35,387934
2021-04-07 09:47:58,1025.6,388018
2021-04-07 09:47:59,1025.6,388020
2021-04-07 09:48:00,1025.35,388084
2021-04-07 09:48:01,1025.6,388544
2021-04-07 09:48:01,1025.6,388544
2021-04-07 09:48:03,1025.75,388874
2021-04-07 09:48:04,1025.75,388904
2021-04-07 09:48:05,1025.35,388944
2021-04-07 09:48:06,1025.35,389244
2021-04-07 09:48:07,1025.35,389505
2021-04-07 09:48:08,1025.75,389515
2021-04-07 09:48:09,1025.75,389515
2021-04-07 09:48:10,1025.75,389538
2021-04-07 09:48:10,1025.75,389538
2021-04-07 09:48:12,1025.35,389588
2021-04-07 09:48:13,1025.4,389657
2021-04-07 09:48:14,1025.75,389666
2021-04-07 09:48:15,1025.75,389676
2021-04-07 09:48:15,1025.75,389676
2021-04-07 09:48:17,1025.4,389767
2021-04-07 09:48:18,1025.7,389768
2021-04-07 09:48:19,1025.45,390088
2021-04-07 09:48:20,1025.45,390108
2021-04-07 09:48:21,1025.35,390120
2021-04-07 09:48:22,1025.45,390185
2021-04-07 09:48:23,1025.2,391973
2021-04-07 09:48:23,1025.2,391973
2021-04-07 09:48:25,1025.35,392941
2021-04-07 09:48:26,1025.35,393706
2021-04-07 09:48:27,1025.4,393804
2021-04-07 09:48:28,1025.35,394093
2021-04-07 09:48:29,1025.35,394093
2021-04-07 09:48:29,1025.4,394169
2021-04-07 09:48:30,1025.3,394269
2021-04-07 09:48:31,1025.3,394269
2021-04-07 09:48:33,1025.3,394279
2021-04-07 09:48:34,1025.3,394279
2021-04-07 09:48:35,1025.45,394530
2021-04-07 09:48:36,1025.3,395397
2021-04-07 09:48:37,1025.0,395429
2021-04-07 09:48:38,1025.0,396903
2021-04-07 09:48:39,1025.3,396973
2021-04-07 09:48:40,1025.0,398293
2021-04-07 09:48:42,1025.0,398441
2021-04-07 09:48:41,1025.25,398393
2021-04-07 09:48:43,1025.0,398616
2021-04-07 09:48:44,1025.3,398661
2021-04-07 09:48:45,1025.0,398811
2021-04-07 09:48:46,1025.1,398960
2021-04-07 09:48:47,1025.1,399228
2021-04-07 09:48:48,1025.1,399428
2021-04-07 09:48:49,1025.25,399538
2021-04-07 09:48:50,1025.25,399538
2021-04-07 09:48:51,1025.1,399595
2021-04-07 09:48:52,1025.25,399733
2021-04-07 09:48:53,1025.1,399888
2021-04-07 09:48:54,1025.0,400186
2021-04-07 09:48:55,1025.25,400526
2021-04-07 09:48:56,1025.0,400571
2021-04-07 09:48:57,1025.0,400573
2021-04-07 09:48:58,1025.0,400882
2021-04-07 09:48:59,1025.0,400882
2021-04-07 09:49:00,1025.25,401874
2021-04-07 09:49:01,1025.25,402039
2021-04-07 09:49:02,1024.85,402214
2021-04-07 09:49:03,1025.4,402704
2021-04-07 09:49:04,1025.0,402742
2021-04-07 09:49:05,1025.0,402946
2021-04-07 09:49:06,1025.0,402946
2021-04-07 09:49:07,1025.0,402952
2021-04-07 09:49:08,1025.0,402952
2021-04-07 09:49:09,1025.1,402978
2021-04-07 09:49:10,1025.1,402993
2021-04-07 09:49:11,1025.1,402993
2021-04-07 09:49:12,1025.1,402993
2021-04-07 09:49:13,1025.3,403328
2021-04-07 09:49:14,1025.3,403328
2021-04-07 09:49:15,1025.3,403358
2021-04-07 09:49:16,1025.3,403358
2021-04-07 09:49:17,1025.3,403358
2021-04-07 09:49:18,1025.75,403475
2021-04-07 09:49:19,1025.45,403480
2021-04-07 09:49:20,1025.75,403580
2021-04-07 09:49:21,1025.6,403600
2021-04-07 09:49:22,1025.6,403600
2021-04-07 09:49:23,1025.6,403600
2021-04-07 09:49:24,1025.6,403600
2021-04-07 09:49:25,1025.8,403930
2021-04-07 09:49:26,1025.8,403930
2021-04-07 09:49:27,1025.75,403940
2021-04-07 09:49:28,1025.75,403969
2021-04-07 09:49:29,1025.75,404119
2021-04-07 09:49:30,1025.75,404319
2021-04-07 09:49:31,1026.0,404320
2021-04-07 09:49:32,1026.0,404471
2021-04-07 09:49:33,1026.0,404596
2021-04-07 09:49:34,1025.75,404726
2021-04-07 09:49:35,1025.75,404817
2021-04-07 09:49:36,1025.75,404817
2021-04-07 09:49:37,1025.75,404817
2021-04-07 09:49:38,1025.75,404892
2021-04-07 09:49:39,1025.75,404892
2021-04-07 09:49:40,1025.75,404893
2021-04-07 09:49:41,1025.75,405020
2021-04-07 09:49:42,1025.9,405045
2021-04-07 09:49:43,1025.65,405055
2021-04-07 09:49:44,1025.65,405105
2021-04-07 09:49:45,1025.65,405105
2021-04-07 09:49:46,1025.65,405105
2021-04-07 09:49:47,1025.9,405155
2021-04-07 09:49:48,1025.9,405364
2021-04-07 09:49:50,1025.9,405470
2021-04-07 09:49:51,1025.9,405558
2021-04-07 09:49:52,1025.9,405574
2021-04-07 09:49:53,1026.0,406274
2021-04-07 09:49:54,1025.65,406323
2021-04-07 09:49:55,1025.65,406323
2021-04-07 09:49:56,1026.3,406324
2021-04-07 09:49:57,1025.85,406334
2021-04-07 09:49:58,1025.85,406334
2021-04-07 09:49:59,1025.85,406344
2021-04-07 09:50:00,1026.0,406354
2021-04-07 09:50:01,1025.85,406379
2021-04-07 09:50:02,1025.85,406379
2021-04-07 09:50:03,1025.85,406379
2021-04-07 09:50:04,1026.0,406499
2021-04-07 09:50:05,1026.0,406499
2021-04-07 09:50:07,1026.0,406578
2021-04-07 09:50:08,1026.0,406578
2021-04-07 09:50:09,1026.0,407328
2021-04-07 09:50:10,1026.0,407328
2021-04-07 09:50:11,1026.2,407417
2021-04-07 09:50:12,1026.4,407917
2021-04-07 09:50:13,1026.0,407918
2021-04-07 09:50:14,1026.0,407918
2021-04-07 09:50:15,1026.0,407918
2021-04-07 09:50:16,1026.55,408998
2021-04-07 09:50:17,1026.45,409008
2021-04-07 09:50:18,1026.05,409026
2021-04-07 09:50:19,1026.25,409036
2021-04-07 09:50:20,1026.25,409036
2021-04-07 09:50:21,1026.05,409105
2021-04-07 09:50:22,1026.25,409106
2021-04-07 09:50:23,1026.05,409109
2021-04-07 09:50:24,1026.05,409114
2021-04-07 09:50:25,1026.25,409320
2021-04-07 09:50:26,1026.25,409320
2021-04-07 09:50:27,1026.25,409320
2021-04-07 09:50:28,1026.25,409320
2021-04-07 09:50:29,1026.25,409320
2021-04-07 09:50:30,1026.25,409444
2021-04-07 09:50:31,1026.25,409452
2021-04-07 09:50:32,1026.25,409465
2021-04-07 09:50:34,1026.25,409465
2021-04-07 09:50:33,1026.25,409465
2021-04-07 09:50:35,1026.5,410121
2021-04-07 09:50:36,1026.45,410279
2021-04-07 09:50:37,1026.2,410608
2021-04-07 09:50:38,1026.2,410608
2021-04-07 09:50:39,1026.2,410644
2021-04-07 09:50:40,1026.4,410645
2021-04-07 09:50:41,1026.25,410745
2021-04-07 09:50:43,1026.4,410886
2021-04-07 09:50:44,1026.4,410886
2021-04-07 09:50:45,1026.4,410886
2021-04-07 09:50:46,1026.4,410951
2021-04-07 09:50:47,1026.3,411032
2021-04-07 09:50:48,1025.65,412937
2021-04-07 09:50:50,1025.65,413020
2021-04-07 09:50:50,1025.65,413020
2021-04-07 09:50:51,1026.0,413050
2021-04-07 09:50:52,1026.0,413160
2021-04-07 09:50:53,1025.6,413830
2021-04-07 09:50:55,1025.6,413830
2021-04-07 09:50:55,1025.6,413830
2021-04-07 09:50:56,1025.95,413840
2021-04-07 09:50:57,1025.65,413843
2021-04-07 09:50:58,1025.65,413843
2021-04-07 09:50:59,1025.65,413843
2021-04-07 09:51:00,1025.95,413903
2021-04-07 09:51:01,1025.95,413928
2021-04-07 09:51:02,1025.95,413956
2021-04-07 09:51:04,1025.95,413956
2021-04-07 09:51:04,1025.95,413956
2021-04-07 09:51:05,1025.55,414511
2021-04-07 09:51:06,1025.5,415009
2021-04-07 09:51:07,1025.65,415129
2021-04-07 09:51:08,1025.5,415422
2021-04-07 09:51:10,1025.5,415521
2021-04-07 09:51:10,1025.5,415521
2021-04-07 09:51:11,1025.5,415521
2021-04-07 09:51:12,1025.55,415575
2021-04-07 09:51:13,1025.55,415575
2021-04-07 09:51:14,1025.55,415600
2021-04-07 09:51:15,1025.55,415663
2021-04-07 09:51:16,1025.95,415742
2021-04-07 09:51:17,1025.55,415950
2021-04-07 09:51:18,1025.55,415951
2021-04-07 09:51:19,1025.55,415951
2021-04-07 09:51:20,1025.55,415951
2021-04-07 09:51:21,1025.9,416124
2021-04-07 09:51:22,1025.9,416198
2021-04-07 09:51:24,1025.8,416298
2021-04-07 09:51:25,1025.8,416808
2021-04-07 09:51:26,1025.95,416824
2021-04-07 09:51:26,1025.8,416823
2021-04-07 09:51:27,1025.8,416897
2021-04-07 09:51:28,1025.8,416898
2021-04-07 09:51:29,1025.8,416942
2021-04-07 09:51:30,1025.75,417158
2021-04-07 09:51:31,1025.75,417158
2021-04-07 09:51:32,1025.55,417235
2021-04-07 09:51:34,1025.45,417726
2021-04-07 09:51:34,1025.5,417728
2021-04-07 09:51:35,1025.25,417737
2021-04-07 09:51:36,1025.2,417742
2021-04-07 09:51:37,1025.2,417742
2021-04-07 09:51:38,1025.2,417742
2021-04-07 09:51:40,1025.2,417742
2021-04-07 09:51:41,1025.2,417767
2021-04-07 09:51:42,1025.75,418267
2021-04-07 09:51:43,1025.75,418267
2021-04-07 09:51:45,1025.2,418270
2021-04-07 09:51:45,1025.5,418321
2021-04-07 09:51:46,1025.15,418324
2021-04-07 09:51:47,1025.15,418396
2021-04-07 09:51:48,1025.15,418396
2021-04-07 09:51:49,1025.2,418397
2021-04-07 09:51:50,1025.2,418409
2021-04-07 09:51:51,1025.2,418426
2021-04-07 09:51:52,1025.2,418426
2021-04-07 09:51:53,1025.2,418426
2021-04-07 09:51:54,1025.15,418520
2021-04-07 09:51:55,1025.2,418545
2021-04-07 09:51:56,1025.45,418608
2021-04-07 09:51:57,1025.05,418808
2021-04-07 09:51:58,1025.05,418837
2021-04-07 09:51:59,1025.25,418847
2021-04-07 09:52:00,1025.2,418877
2021-04-07 09:52:01,1025.2,418877
2021-04-07 09:52:02,1025.25,418951
2021-04-07 09:52:04,1025.25,418951
2021-04-07 09:52:04,1025.6,420094
2021-04-07 09:52:05,1025.4,420271
2021-04-07 09:52:06,1025.8,420451
2021-04-07 09:52:07,1025.8,420530
2021-04-07 09:52:08,1025.65,420555
2021-04-07 09:52:09,1025.7,420590
2021-04-07 09:52:10,1026.1,421138
2021-04-07 09:52:11,1026.35,421173
2021-04-07 09:52:13,1026.4,421438
2021-04-07 09:52:14,1026.75,421448
2021-04-07 09:52:15,1026.3,421498
2021-04-07 09:52:16,1026.3,421498
2021-04-07 09:52:17,1026.3,421498
2021-04-07 09:52:18,1026.3,421498
2021-04-07 09:52:19,1026.3,421498
2021-04-07 09:52:21,1026.6,421500
2021-04-07 09:52:23,1026.9,421555
2021-04-07 09:52:23,1026.9,421555
2021-04-07 09:52:24,1026.9,421824
2021-04-07 09:52:25,1026.9,421824
2021-04-07 09:52:26,1026.9,421824
2021-04-07 09:52:27,1026.8,421847
2021-04-07 09:52:28,1026.95,421849
2021-04-07 09:52:29,1026.95,421879
2021-04-07 09:52:30,1026.95,421881
2021-04-07 09:52:31,1027.25,422486
2021-04-07 09:52:32,1026.9,422491
2021-04-07 09:52:33,1027.3,422592
2021-04-07 09:52:35,1027.3,422592
2021-04-07 09:52:36,1026.95,422602
2021-04-07 09:52:37,1026.95,422902
2021-04-07 09:52:38,1026.95,422902
2021-04-07 09:52:39,1026.95,422902
2021-04-07 09:52:40,1026.95,422942
2021-04-07 09:52:41,1026.95,422947
2021-04-07 09:52:42,1026.95,422947
2021-04-07 09:52:43,1026.95,423201
2021-04-07 09:52:44,1026.95,423201
2021-04-07 09:52:45,1026.95,423311
2021-04-07 09:52:46,1026.95,423311
2021-04-07 09:52:47,1026.95,423311
2021-04-07 09:52:48,1026.95,423311
2021-04-07 09:52:49,1027.0,423335
2021-04-07 09:52:50,1026.95,423710
2021-04-07 09:52:51,1026.7,424151
2021-04-07 09:52:52,1026.7,424151
2021-04-07 09:52:53,1026.7,424151
2021-04-07 09:52:54,1026.7,424151
2021-04-07 09:52:55,1026.7,424151
2021-04-07 09:52:56,1026.7,424161
2021-04-07 09:52:57,1026.5,424171
2021-04-07 09:52:58,1026.7,424173
2021-04-07 09:52:59,1026.45,424292
2021-04-07 09:53:00,1026.45,424292
2021-04-07 09:53:02,1026.4,424465
2021-04-07 09:53:02,1026.4,424465
2021-04-07 09:53:04,1026.7,424612
2021-04-07 09:53:04,1026.7,424612
2021-04-07 09:53:05,1026.7,424612
2021-04-07 09:53:06,1026.7,424612
2021-04-07 09:53:07,1026.4,424622
2021-04-07 09:53:08,1026.7,424648
2021-04-07 09:53:10,1026.7,424690
2021-04-07 09:53:11,1026.4,424695
2021-04-07 09:53:12,1026.6,424696
2021-04-07 09:53:13,1026.6,424746
2021-04-07 09:53:14,1026.45,424866
2021-04-07 09:53:15,1026.45,424866
2021-04-07 09:53:15,1026.45,424866
2021-04-07 09:53:16,1026.5,425351
2021-04-07 09:53:17,1026.6,425356
2021-04-07 09:53:18,1026.9,425377
2021-04-07 09:53:19,1027.0,425401
2021-04-07 09:53:20,1026.9,425518
2021-04-07 09:53:21,1026.9,425530
2021-04-07 09:53:22,1026.9,425530
2021-04-07 09:53:24,1026.6,426375
2021-04-07 09:53:25,1026.4,426666
2021-04-07 09:53:26,1026.4,426666
2021-04-07 09:53:27,1026.55,426684
2021-04-07 09:53:28,1026.55,426684
2021-04-07 09:53:29,1026.55,426684
2021-04-07 09:53:30,1026.3,426699
2021-04-07 09:53:30,1026.7,426709
2021-04-07 09:53:31,1026.7,426709
2021-04-07 09:53:32,1026.7,426709
2021-04-07 09:53:33,1026.7,426709
2021-04-07 09:53:34,1026.45,426822
2021-04-07 09:53:35,1027.0,426847
2021-04-07 09:53:36,1027.25,427247
2021-04-07 09:53:37,1026.6,427439
2021-04-07 09:53:38,1026.4,427477
2021-04-07 09:53:39,1026.55,427551
2021-04-07 09:53:41,1026.6,427596
2021-04-07 09:53:43,1026.6,427733
2021-04-07 09:53:44,1026.55,427743
2021-04-07 09:53:46,1026.4,427812
2021-04-07 09:53:46,1026.4,427820
2021-04-07 09:53:47,1026.4,427965
2021-04-07 09:53:48,1026.4,428005
2021-04-07 09:53:50,1026.4,428005
2021-04-07 09:53:51,1026.55,428010
2021-04-07 09:53:52,1026.55,428010
2021-04-07 09:53:53,1026.35,428110
2021-04-07 09:53:54,1026.55,428161
2021-04-07 09:53:55,1026.3,428261
2021-04-07 09:53:56,1026.55,428263
2021-04-07 09:53:57,1026.55,428337
2021-04-07 09:53:58,1026.55,428337
2021-04-07 09:53:59,1026.65,428415
2021-04-07 09:54:00,1026.9,428621
2021-04-07 09:54:01,1026.9,428621
2021-04-07 09:54:02,1026.35,428721
2021-04-07 09:54:03,1026.65,428722
2021-04-07 09:54:04,1026.65,428822
2021-04-07 09:54:05,1026.65,428822
2021-04-07 09:54:06,1026.75,428852
2021-04-07 09:54:07,1027.0,429152
2021-04-07 09:54:08,1026.2,429431
2021-04-07 09:54:09,1026.8,429471
2021-04-07 09:54:10,1026.4,429481
2021-04-07 09:54:11,1026.4,429499
2021-04-07 09:54:12,1026.4,429499
2021-04-07 09:54:14,1026.8,429521
2021-04-07 09:54:15,1026.9,429712
2021-04-07 09:54:16,1027.0,430387
2021-04-07 09:54:17,1026.9,430487
2021-04-07 09:54:17,1026.9,430487
2021-04-07 09:54:18,1027.0,430667
2021-04-07 09:54:19,1027.15,430676
2021-04-07 09:54:20,1027.15,430682
2021-04-07 09:54:21,1027.15,430682
2021-04-07 09:54:22,1027.15,430682
2021-04-07 09:54:23,1027.05,430707
2021-04-07 09:54:24,1027.25,430708
2021-04-07 09:54:26,1027.25,430708
2021-04-07 09:54:26,1027.25,430708
2021-04-07 09:54:27,1027.25,430708
2021-04-07 09:54:28,1027.3,430974
2021-04-07 09:54:30,1027.3,430976
2021-04-07 09:54:30,1027.3,430976
2021-04-07 09:54:31,1026.8,431476
2021-04-07 09:54:32,1026.8,431476
2021-04-07 09:54:33,1026.85,431481
2021-04-07 09:54:34,1027.55,432584
2021-04-07 09:54:35,1027.55,432634
2021-04-07 09:54:36,1027.0,432708
2021-04-07 09:54:37,1027.0,432708
2021-04-07 09:54:38,1027.55,432713
2021-04-07 09:54:39,1026.9,433113
2021-04-07 09:54:40,1027.45,433163
2021-04-07 09:54:41,1027.4,433265
2021-04-07 09:54:42,1027.4,433265
2021-04-07 09:54:43,1027.0,433283
2021-04-07 09:54:44,1027.0,433283
2021-04-07 09:54:45,1027.3,433308
2021-04-07 09:54:46,1027.3,433330
2021-04-07 09:54:47,1027.0,433830
2021-04-07 09:54:48,1026.9,433848
2021-04-07 09:54:49,1027.3,434263
2021-04-07 09:54:50,1027.3,434265
2021-04-07 09:54:52,1027.1,434323
2021-04-07 09:54:52,1027.1,434341
2021-04-07 09:54:53,1027.1,434341
2021-04-07 09:54:54,1027.1,434341
2021-04-07 09:54:55,1027.1,434414
2021-04-07 09:54:57,1027.0,435700
2021-04-07 09:54:58,1027.0,435700
2021-04-07 09:54:59,1027.1,435729
2021-04-07 09:55:00,1026.85,435829
2021-04-07 09:55:01,1027.0,435830
2021-04-07 09:55:02,1027.0,435830
2021-04-07 09:55:03,1026.8,435930
2021-04-07 09:55:03,1026.8,435981
2021-04-07 09:55:04,1026.95,435991
2021-04-07 09:55:05,1026.95,435992
2021-04-07 09:55:06,1026.95,436098
2021-04-07 09:55:07,1026.95,436108
2021-04-07 09:55:09,1026.9,436118
2021-04-07 09:55:09,1026.9,436118
2021-04-07 09:55:10,1026.8,436505
2021-04-07 09:55:11,1026.8,436505
2021-04-07 09:55:12,1026.8,436505
2021-04-07 09:55:13,1026.8,436505
2021-04-07 09:55:15,1026.6,436567
2021-04-07 09:55:16,1026.4,436603
2021-04-07 09:55:17,1025.85,437018
2021-04-07 09:55:18,1025.85,437018
2021-04-07 09:55:19,1026.0,437020
2021-04-07 09:55:19,1025.8,437057
2021-04-07 09:55:21,1025.85,437173
2021-04-07 09:55:22,1025.7,437359
2021-04-07 09:55:23,1025.8,437451
2021-04-07 09:55:24,1025.55,437558
2021-04-07 09:55:24,1025.55,437558
2021-04-07 09:55:25,1025.55,437558
2021-04-07 09:55:26,1025.55,437558
2021-04-07 09:55:27,1025.85,437724
2021-04-07 09:55:28,1025.8,437728
2021-04-07 09:55:30,1025.8,438003
2021-04-07 09:55:31,1026.1,438754
2021-04-07 09:55:32,1026.6,438799
2021-04-07 09:55:33,1026.6,438799
2021-04-07 09:55:33,1026.2,438972
2021-04-07 09:55:34,1026.6,438990
2021-04-07 09:55:35,1026.15,439005
2021-04-07 09:55:37,1026.2,439025
2021-04-07 09:55:38,1026.15,439050
2021-04-07 09:55:38,1026.15,439050
2021-04-07 09:55:39,1026.15,439071
2021-04-07 09:55:40,1026.15,439071
2021-04-07 09:55:41,1026.15,439075
2021-04-07 09:55:42,1026.15,439105
2021-04-07 09:55:43,1026.65,439106
2021-04-07 09:55:44,1026.65,439106
2021-04-07 09:55:45,1026.15,439112
2021-04-07 09:55:46,1026.6,439182
2021-04-07 09:55:47,1026.6,439184
2021-04-07 09:55:48,1026.6,439224
2021-04-07 09:55:49,1026.6,439349
2021-04-07 09:55:50,1026.6,439349
2021-04-07 09:55:51,1026.15,439699
2021-04-07 09:55:52,1026.15,439914
2021-04-07 09:55:53,1026.0,440187
2021-04-07 09:55:54,1026.0,440187
2021-04-07 09:55:56,1025.7,449558
2021-04-07 09:55:56,1026.05,450700
2021-04-07 09:55:57,1026.05,450700
2021-04-07 09:55:59,1026.05,450720
2021-04-07 09:56:00,1026.05,450731
2021-04-07 09:56:01,1026.05,450828
2021-04-07 09:56:02,1025.2,451225
2021-04-07 09:56:02,1025.2,451225
2021-04-07 09:56:03,1025.2,451225
2021-04-07 09:56:04,1025.4,451262
2021-04-07 09:56:05,1025.7,451766
2021-04-07 09:56:06,1025.7,451786
2021-04-07 09:56:07,1025.7,451786
2021-04-07 09:56:09,1025.35,451907
2021-04-07 09:56:10,1025.7,451908
2021-04-07 09:56:11,1025.7,452008
2021-04-07 09:56:12,1025.35,452025
2021-04-07 09:56:13,1025.35,452025
2021-04-07 09:56:14,1025.65,452084
2021-04-07 09:56:15,1025.65,452084
2021-04-07 09:56:16,1025.65,452084
2021-04-07 09:56:18,1025.25,452187
2021-04-07 09:56:19,1025.35,452282
2021-04-07 09:56:20,1025.35,452306
2021-04-07 09:56:21,1025.35,452357
2021-04-07 09:56:21,1025.35,452357
2021-04-07 09:56:22,1025.35,452357
2021-04-07 09:56:24,1025.35,452457
2021-04-07 09:56:25,1025.35,452465
2021-04-07 09:56:25,1025.35,452465
2021-04-07 09:56:26,1025.35,452465
2021-04-07 09:56:27,1025.35,452585
2021-04-07 09:56:28,1025.35,452585
2021-04-07 09:56:29,1025.35,452585
2021-04-07 09:56:31,1025.15,453014
2021-04-07 09:56:32,1025.35,453082
2021-04-07 09:56:33,1025.2,453382
2021-04-07 09:56:34,1025.3,453400
2021-04-07 09:56:35,1025.3,453409
2021-04-07 09:56:36,1025.3,453409
2021-04-07 09:56:37,1025.3,453409
2021-04-07 09:56:38,1025.3,453409
2021-04-07 09:56:39,1025.3,453459
2021-04-07 09:56:39,1025.3,453509
2021-04-07 09:56:40,1025.3,453509
2021-04-07 09:56:41,1025.3,453514
2021-04-07 09:56:42,1025.3,453514
2021-04-07 09:56:43,1025.15,453551
2021-04-07 09:56:44,1025.3,453553
2021-04-07 09:56:45,1025.3,453553
2021-04-07 09:56:46,1025.3,453553
2021-04-07 09:56:48,1025.3,453553
2021-04-07 09:56:48,1025.35,453735
2021-04-07 09:56:50,1025.1,453809
2021-04-07 09:56:51,1025.4,453923
2021-04-07 09:56:52,1025.4,453923
2021-04-07 09:56:53,1025.3,454073
2021-04-07 09:56:54,1025.3,454073
2021-04-07 09:56:55,1025.35,454083
2021-04-07 09:56:55,1025.35,454083
2021-04-07 09:56:56,1025.35,454083
2021-04-07 09:56:57,1025.35,454083
2021-04-07 09:56:58,1025.3,454238
2021-04-07 09:57:00,1025.3,454419
2021-04-07 09:57:01,1025.3,454629
2021-04-07 09:57:02,1025.2,454654
2021-04-07 09:57:03,1025.15,454669
2021-04-07 09:57:04,1025.15,454669
2021-04-07 09:57:05,1025.3,455038
2021-04-07 09:57:06,1025.3,455038
2021-04-07 09:57:06,1025.3,455038
2021-04-07 09:57:07,1025.3,455038
2021-04-07 09:57:09,1025.3,455126
2021-04-07 09:57:10,1025.3,455126
2021-04-07 09:57:11,1025.3,455126
2021-04-07 09:57:12,1025.3,455132
2021-04-07 09:57:13,1025.35,455137
2021-04-07 09:57:14,1025.3,455187
2021-04-07 09:57:15,1025.3,455187
2021-04-07 09:57:16,1025.3,455187
2021-04-07 09:57:16,1025.3,455187
2021-04-07 09:57:18,1025.3,455187
2021-04-07 09:57:19,1025.4,455397
2021-04-07 09:57:20,1025.4,455397
2021-04-07 09:57:21,1025.4,455397
2021-04-07 09:57:22,1025.4,455397
2021-04-07 09:57:23,1025.7,455409
2021-04-07 09:57:23,1025.7,455409
2021-04-07 09:57:24,1025.7,455409
2021-04-07 09:57:25,1025.7,455409
2021-04-07 09:57:26,1025.7,455459
2021-04-07 09:57:27,1025.55,455550
2021-04-07 09:57:30,1025.55,455708
2021-04-07 09:57:31,1025.7,455926
2021-04-07 09:57:32,1025.7,455926
2021-04-07 09:57:33,1025.7,455926
2021-04-07 09:57:34,1025.7,455926
2021-04-07 09:57:35,1025.75,455949
2021-04-07 09:57:36,1025.75,455949
2021-04-07 09:57:37,1025.95,456334
2021-04-07 09:57:38,1025.95,456343
2021-04-07 09:57:38,1025.95,456343
2021-04-07 09:57:39,1026.25,456845
2021-04-07 09:57:41,1026.0,456859
2021-04-07 09:57:42,1026.1,456918
2021-04-07 09:57:43,1026.1,456918
2021-04-07 09:57:44,1026.1,456918
2021-04-07 09:57:45,1026.1,456918
2021-04-07 09:57:46,1026.25,456968
2021-04-07 09:57:47,1026.1,457042
2021-04-07 09:57:47,1026.25,457047
2021-04-07 09:57:48,1026.1,457069
2021-04-07 09:57:50,1026.1,457069
2021-04-07 09:57:51,1026.05,457592
2021-04-07 09:57:52,1026.05,457592
2021-04-07 09:57:53,1026.05,457592
2021-04-07 09:57:54,1026.05,457592
2021-04-07 09:57:55,1025.75,457611
2021-04-07 09:57:55,1025.75,457611
2021-04-07 09:57:57,1025.65,457863
2021-04-07 09:57:58,1025.65,457863
2021-04-07 09:57:59,1025.65,457863
2021-04-07 09:58:00,1025.65,457863
2021-04-07 09:58:01,1025.65,457863
2021-04-07 09:58:01,1025.65,457863
2021-04-07 09:58:02,1025.65,457863
2021-04-07 09:58:05,1025.95,457913
2021-04-07 09:58:06,1025.75,458043
2021-04-07 09:58:07,1025.75,458043
2021-04-07 09:58:07,1025.75,458043
2021-04-07 09:58:08,1025.75,458043
2021-04-07 09:58:09,1025.95,458063
2021-04-07 09:58:11,1025.75,458208
2021-04-07 09:58:12,1025.75,458208
2021-04-07 09:58:13,1025.75,458228
2021-04-07 09:58:14,1025.75,458228
2021-04-07 09:58:15,1025.75,458238
2021-04-07 09:58:16,1025.75,458238
2021-04-07 09:58:16,1025.7,458458
2021-04-07 09:58:17,1025.65,458508
2021-04-07 09:58:18,1025.7,458598
2021-04-07 09:58:19,1025.7,458622
2021-04-07 09:58:21,1025.7,458623
2021-04-07 09:58:22,1025.7,458623
2021-04-07 09:58:23,1025.7,458673
2021-04-07 09:58:24,1025.65,458676
2021-04-07 09:58:24,1025.65,458678
2021-04-07 09:58:26,1025.65,458752
2021-04-07 09:58:27,1025.65,458832
2021-04-07 09:58:28,1025.7,459032
2021-04-07 09:58:29,1026.0,459216
2021-04-07 09:58:29,1025.8,459236
2021-04-07 09:58:30,1026.4,459519
2021-04-07 09:58:32,1025.8,460409
2021-04-07 09:58:33,1026.6,460509
2021-04-07 09:58:34,1026.0,460529
2021-04-07 09:58:35,1026.0,460529
2021-04-07 09:58:37,1026.1,460987
2021-04-07 09:58:38,1026.1,460987
2021-04-07 09:58:39,1026.1,460987
2021-04-07 09:58:40,1026.1,460987
2021-04-07 09:58:40,1026.1,460987
2021-04-07 09:58:41,1026.1,460987
2021-04-07 09:58:43,1026.35,461019
2021-04-07 09:58:44,1026.1,461038
2021-04-07 09:58:45,1026.1,461050
2021-04-07 09:58:46,1026.1,461850
2021-04-07 09:58:47,1026.0,461872
2021-04-07 09:58:48,1026.0,461872
2021-04-07 09:58:49,1026.0,461975
2021-04-07 09:58:50,1025.9,461985
2021-04-07 09:58:51,1025.9,461985
2021-04-07 09:58:51,1025.9,461985
2021-04-07 09:58:52,1025.9,461985
2021-04-07 09:58:53,1025.9,461985
2021-04-07 09:58:54,1025.7,462120
2021-04-07 09:58:55,1025.7,462120
2021-04-07 09:58:56,1025.85,462152
2021-04-07 09:58:57,1025.85,462681
2021-04-07 09:58:59,1025.85,462685
2021-04-07 09:59:00,1025.85,462685
2021-04-07 09:59:01,1025.85,462685
2021-04-07 09:59:02,1025.85,462685
2021-04-07 09:59:03,1025.65,462810
2021-04-07 09:59:04,1025.65,462810
2021-04-07 09:59:05,1025.65,462810
2021-04-07 09:59:06,1025.65,462810
2021-04-07 09:59:07,1025.65,462810
2021-04-07 09:59:07,1025.65,462810
2021-04-07 09:59:08,1025.65,462810
2021-04-07 09:59:09,1025.7,462820
2021-04-07 09:59:11,1025.7,462870
2021-04-07 09:59:12,1025.65,462999
2021-04-07 09:59:12,1025.65,462999
2021-04-07 09:59:13,1025.65,462999
2021-04-07 09:59:15,1025.65,463131
2021-04-07 09:59:16,1025.65,463131
2021-04-07 09:59:17,1025.8,463132
2021-04-07 09:59:18,1025.65,463182
2021-04-07 09:59:19,1025.8,463282
2021-04-07 09:59:20,1025.8,463282
2021-04-07 09:59:21,1025.75,463334
2021-04-07 09:59:22,1025.65,463339
2021-04-07 09:59:22,1025.6,463361
2021-04-07 09:59:24,1025.8,463413
2021-04-07 09:59:24,1025.8,463413
2021-04-07 09:59:26,1025.8,463438
2021-04-07 09:59:27,1025.8,463438
2021-04-07 09:59:28,1025.8,463438
2021-04-07 09:59:29,1025.8,463438
2021-04-07 09:59:30,1025.8,463438
2021-04-07 09:59:31,1025.8,463438
2021-04-07 09:59:32,1025.7,463441
2021-04-07 09:59:33,1025.7,463441
2021-04-07 09:59:34,1025.7,463441
2021-04-07 09:59:35,1025.7,463441
2021-04-07 09:59:36,1025.8,463541
2021-04-07 09:59:37,1025.8,463542
2021-04-07 09:59:38,1025.8,463542
2021-04-07 09:59:40,1025.8,463547
2021-04-07 09:59:39,1025.8,463547
2021-04-07 09:59:41,1025.7,463581
2021-04-07 09:59:42,1025.7,463581
2021-04-07 09:59:43,1025.7,463581
2021-04-07 09:59:44,1025.7,463655
2021-04-07 09:59:45,1025.7,463672
2021-04-07 09:59:46,1025.7,463672
2021-04-07 09:59:47,1025.7,463673
2021-04-07 09:59:48,1025.7,463673
2021-04-07 09:59:49,1025.7,463673
2021-04-07 09:59:50,1025.65,463707
2021-04-07 09:59:51,1025.6,463770
2021-04-07 09:59:52,1025.65,463771
2021-04-07 09:59:53,1025.65,463771
2021-04-07 09:59:54,1025.6,463781
2021-04-07 09:59:55,1025.65,463799
2021-04-07 09:59:56,1025.6,463819
2021-04-07 09:59:57,1025.6,463820
2021-04-07 09:59:58,1025.6,463820
2021-04-07 09:59:59,1025.65,463862
2021-04-07 10:00:00,1025.55,463904
2021-04-07 10:00:01,1025.55,463974
2021-04-07 10:00:02,1025.3,464001
2021-04-07 10:00:03,1025.3,464001
2021-04-07 10:00:04,1025.3,464130
2021-04-07 10:00:05,1025.55,464146
2021-04-07 10:00:06,1025.55,464146
2021-04-07 10:00:07,1025.3,464219
2021-04-07 10:00:08,1025.5,464270
2021-04-07 10:00:09,1025.5,464270
2021-04-07 10:00:10,1025.45,464273
2021-04-07 10:00:11,1025.45,464273
2021-04-07 10:00:12,1025.5,464573
2021-04-07 10:00:13,1025.5,464574
2021-04-07 10:00:14,1025.4,464579
2021-04-07 10:00:15,1025.4,464584
2021-04-07 10:00:16,1025.4,464584
2021-04-07 10:00:17,1025.4,464584
2021-04-07 10:00:18,1025.35,464632
2021-04-07 10:00:19,1025.3,464661
2021-04-07 10:00:20,1025.3,464675
2021-04-07 10:00:21,1025.45,464676
2021-04-07 10:00:22,1025.45,464676
2021-04-07 10:00:23,1025.45,464678
2021-04-07 10:00:25,1025.45,464682
2021-04-07 10:00:26,1025.45,464682
2021-04-07 10:00:29,1025.3,464703
2021-04-07 10:00:28,1025.3,464703
2021-04-07 10:00:30,1025.3,464708
2021-04-07 10:00:31,1025.3,464708
2021-04-07 10:00:32,1025.3,464708
2021-04-07 10:00:33,1025.45,464728
2021-04-07 10:00:34,1025.45,464749
2021-04-07 10:00:36,1025.45,464795
2021-04-07 10:00:37,1025.45,464801
2021-04-07 10:00:38,1025.45,464965
2021-04-07 10:00:39,1025.25,465088
2021-04-07 10:00:40,1025.45,465549
2021-04-07 10:00:41,1025.45,465549
2021-04-07 10:00:42,1025.45,465549
2021-04-07 10:00:43,1025.45,465619
2021-04-07 10:00:44,1025.45,466429
2021-04-07 10:00:45,1025.2,466474
2021-04-07 10:00:46,1025.45,466494
2021-04-07 10:00:47,1025.45,466494
2021-04-07 10:00:48,1025.45,466494
2021-04-07 10:00:49,1025.45,466494
2021-04-07 10:00:50,1025.45,466494
2021-04-07 10:00:51,1025.45,466604
2021-04-07 10:00:52,1025.45,466604
2021-04-07 10:00:53,1025.45,466604
2021-04-07 10:00:54,1025.7,467638
2021-04-07 10:00:55,1025.7,467638
2021-04-07 10:00:56,1025.7,467638
2021-04-07 10:00:57,1025.55,467712
2021-04-07 10:00:58,1025.55,467712
2021-04-07 10:00:59,1025.55,467712
2021-04-07 10:01:00,1025.55,467712
2021-04-07 10:01:01,1025.55,467712
2021-04-07 10:01:02,1025.55,467713
2021-04-07 10:01:03,1025.7,467714
2021-04-07 10:01:04,1025.75,467868
2021-04-07 10:01:05,1025.75,467868
2021-04-07 10:01:08,1025.85,467877
2021-04-07 10:01:09,1025.7,467882
2021-04-07 10:01:10,1025.7,467882
2021-04-07 10:01:11,1025.85,467895
2021-04-07 10:01:12,1025.85,467895
2021-04-07 10:01:14,1025.85,467934
2021-04-07 10:01:15,1025.85,467934
2021-04-07 10:01:16,1025.7,468007
2021-04-07 10:01:17,1025.85,468017
2021-04-07 10:01:19,1025.85,468017
2021-04-07 10:01:18,1025.85,468017
2021-04-07 10:01:20,1025.85,468017
2021-04-07 10:01:21,1025.85,468017
2021-04-07 10:01:22,1025.85,468017
2021-04-07 10:01:23,1025.85,468017
2021-04-07 10:01:24,1025.85,468017
2021-04-07 10:01:25,1025.8,468067
2021-04-07 10:01:26,1025.85,468077
2021-04-07 10:01:27,1025.85,468077
2021-04-07 10:01:28,1025.8,468087
2021-04-07 10:01:30,1025.85,468143
2021-04-07 10:01:29,1025.85,468143
2021-04-07 10:01:31,1025.85,468171
2021-04-07 10:01:32,1025.85,468172
2021-04-07 10:01:33,1025.85,468172
2021-04-07 10:01:34,1025.8,468314
2021-04-07 10:01:35,1026.55,470785
2021-04-07 10:01:36,1026.55,470785
2021-04-07 10:01:38,1026.3,470950
2021-04-07 10:01:38,1026.3,470950
2021-04-07 10:01:39,1026.3,470950
2021-04-07 10:01:40,1026.3,470950
2021-04-07 10:01:41,1026.95,471050
2021-04-07 10:01:42,1026.95,471050
2021-04-07 10:01:43,1026.3,471169
2021-04-07 10:01:44,1026.3,471169
2021-04-07 10:01:46,1026.3,471178
2021-04-07 10:01:46,1026.3,471178
2021-04-07 10:01:47,1026.3,471178
2021-04-07 10:01:48,1026.3,471178
2021-04-07 10:01:49,1026.35,471232
2021-04-07 10:01:50,1026.35,471232
2021-04-07 10:01:51,1026.3,471727
2021-04-07 10:01:52,1026.25,471837
2021-04-07 10:01:53,1026.25,471837
2021-04-07 10:01:54,1026.1,472184
2021-04-07 10:01:55,1026.25,472335
2021-04-07 10:01:56,1026.1,472385
2021-04-07 10:01:57,1026.1,472387
2021-04-07 10:01:58,1026.0,472412
2021-04-07 10:01:59,1026.0,472412
2021-04-07 10:02:00,1026.0,472412
2021-04-07 10:02:01,1026.0,472412
2021-04-07 10:02:02,1026.0,472412
2021-04-07 10:02:03,1026.1,472512
2021-04-07 10:02:04,1026.0,472518
2021-04-07 10:02:05,1026.35,472924
2021-04-07 10:02:06,1026.35,472924
2021-04-07 10:02:07,1026.35,472924
2021-04-07 10:02:09,1026.35,472924
2021-04-07 10:02:09,1026.35,472924
2021-04-07 10:02:10,1026.1,473284
2021-04-07 10:02:11,1026.1,473284
2021-04-07 10:02:12,1026.2,473357
2021-04-07 10:02:14,1026.2,473357
2021-04-07 10:02:14,1026.2,473357
2021-04-07 10:02:15,1026.2,473357
2021-04-07 10:02:16,1026.2,473357
2021-04-07 10:02:17,1026.2,473357
2021-04-07 10:02:18,1026.5,473567
2021-04-07 10:02:19,1026.5,473567
2021-04-07 10:02:20,1026.5,473567
2021-04-07 10:02:21,1026.5,473567
2021-04-07 10:02:22,1026.5,473567
2021-04-07 10:02:23,1026.5,473567
2021-04-07 10:02:24,1026.9,473594
2021-04-07 10:02:25,1026.75,473600
2021-04-07 10:02:26,1026.75,473601
2021-04-07 10:02:27,1026.9,473602
2021-04-07 10:02:28,1026.75,473613
2021-04-07 10:02:30,1026.75,473613
2021-04-07 10:02:30,1026.75,473642
2021-04-07 10:02:31,1026.75,473642
2021-04-07 10:02:32,1026.95,473889
2021-04-07 10:02:33,1026.85,473891
2021-04-07 10:02:34,1027.15,474774
2021-04-07 10:02:35,1027.15,474774
2021-04-07 10:02:36,1027.15,474774
2021-04-07 10:02:37,1027.15,474774
2021-04-07 10:02:38,1027.15,474774
2021-04-07 10:02:39,1027.15,474774
2021-04-07 10:02:40,1027.6,474939
2021-04-07 10:02:41,1027.6,474940
2021-04-07 10:02:43,1027.6,474940
2021-04-07 10:02:43,1027.6,474941
2021-04-07 10:02:44,1027.4,475174
2021-04-07 10:02:45,1027.6,475497
2021-04-07 10:02:46,1027.6,475497
2021-04-07 10:02:47,1027.6,475550
2021-04-07 10:02:48,1027.45,475757
2021-04-07 10:02:49,1027.65,475777
2021-04-07 10:02:50,1027.6,475965
2021-04-07 10:02:51,1028.2,476780
2021-04-07 10:02:52,1028.2,476780
2021-04-07 10:02:53,1028.2,476780
2021-04-07 10:02:54,1027.35,477482
2021-04-07 10:02:56,1027.15,477770
2021-04-07 10:02:56,1027.15,477859
2021-04-07 10:02:57,1027.2,477869
2021-04-07 10:02:58,1027.15,477870
2021-04-07 10:02:59,1027.15,477870
2021-04-07 10:03:00,1027.15,477870
2021-04-07 10:03:01,1026.7,478124
2021-04-07 10:03:02,1026.7,478124
2021-04-07 10:03:03,1026.7,478124
2021-04-07 10:03:04,1026.95,478126
2021-04-07 10:03:05,1026.95,478126
2021-04-07 10:03:06,1026.95,478126
2021-04-07 10:03:07,1026.95,478126
2021-04-07 10:03:08,1026.95,478126
2021-04-07 10:03:09,1026.95,478126
2021-04-07 10:03:10,1026.6,478330
2021-04-07 10:03:11,1026.6,478330
2021-04-07 10:03:12,1026.45,478584
2021-04-07 10:03:13,1026.45,478584
2021-04-07 10:03:14,1026.4,478684
2021-04-07 10:03:15,1026.85,478784
2021-04-07 10:03:16,1026.85,478784
2021-04-07 10:03:17,1026.85,478784
2021-04-07 10:03:18,1026.45,478814
2021-04-07 10:03:19,1026.8,478815
2021-04-07 10:03:21,1026.8,478825
2021-04-07 10:03:21,1026.8,478825
2021-04-07 10:03:22,1026.8,478825
2021-04-07 10:03:23,1026.85,479325
2021-04-07 10:03:24,1026.85,479325
2021-04-07 10:03:25,1026.85,479325
2021-04-07 10:03:26,1026.85,479325
2021-04-07 10:03:27,1026.85,479325
2021-04-07 10:03:28,1026.8,479375
2021-04-07 10:03:29,1026.8,479461
2021-04-07 10:03:30,1026.4,479539
2021-04-07 10:03:31,1026.4,479539
2021-04-07 10:03:32,1026.4,479539
2021-04-07 10:03:33,1026.3,479569
2021-04-07 10:03:34,1026.3,479569
2021-04-07 10:03:35,1026.55,479603
2021-04-07 10:03:37,1026.1,479608
2021-04-07 10:03:38,1026.1,479608
2021-04-07 10:03:39,1026.1,479608
2021-04-07 10:03:40,1026.1,479608
2021-04-07 10:03:41,1026.1,479608
2021-04-07 10:03:42,1026.1,479608
2021-04-07 10:03:43,1026.1,479608
2021-04-07 10:03:44,1026.5,479613
2021-04-07 10:03:46,1026.5,479613
2021-04-07 10:03:46,1026.5,479614
2021-04-07 10:03:47,1026.1,479694
2021-04-07 10:03:48,1026.05,479830
2021-04-07 10:03:49,1026.1,479854
2021-04-07 10:03:50,1026.1,479916
2021-04-07 10:03:51,1026.1,479916
2021-04-07 10:03:52,1026.1,479916
2021-04-07 10:03:54,1026.0,480654
2021-04-07 10:03:54,1026.0,480654
2021-04-07 10:03:56,1026.0,480654
2021-04-07 10:03:57,1025.95,480781
2021-04-07 10:03:58,1025.95,480816
2021-04-07 10:03:59,1025.95,480816
2021-04-07 10:03:59,1025.95,480817
2021-04-07 10:04:00,1025.95,480817
2021-04-07 10:04:02,1025.95,480817
2021-04-07 10:04:03,1025.95,480830
2021-04-07 10:04:04,1025.55,480839
2021-04-07 10:04:04,1025.55,480839
2021-04-07 10:04:05,1025.55,480839
2021-04-07 10:04:06,1025.55,480839
2021-04-07 10:04:07,1025.55,480913
2021-04-07 10:04:08,1025.9,481013
2021-04-07 10:04:09,1025.55,481048
2021-04-07 10:04:10,1025.55,481048
2021-04-07 10:04:12,1025.9,481109
2021-04-07 10:04:13,1025.75,481119
2021-04-07 10:04:14,1025.75,481119
2021-04-07 10:04:15,1025.75,481119
2021-04-07 10:04:16,1025.75,481119
2021-04-07 10:04:17,1025.75,481119
2021-04-07 10:04:18,1025.55,481521
2021-04-07 10:04:19,1025.85,481531
2021-04-07 10:04:20,1025.85,481531
2021-04-07 10:04:21,1025.85,481556
2021-04-07 10:04:21,1025.5,481856
2021-04-07 10:04:22,1025.5,481856
2021-04-07 10:04:23,1025.5,481905
2021-04-07 10:04:24,1025.85,481930
2021-04-07 10:04:25,1025.5,482015
2021-04-07 10:04:26,1025.5,482065
2021-04-07 10:04:27,1025.5,482065
2021-04-07 10:04:28,1025.5,482065
2021-04-07 10:04:29,1025.5,482065
2021-04-07 10:04:30,1025.5,482065
2021-04-07 10:04:31,1025.5,482065
2021-04-07 10:04:32,1025.5,482295
2021-04-07 10:04:33,1025.85,482299
2021-04-07 10:04:34,1025.55,482389
2021-04-07 10:04:35,1025.55,482389
2021-04-07 10:04:36,1025.85,482394
2021-04-07 10:04:38,1025.8,482395
2021-04-07 10:04:39,1025.8,482420
2021-04-07 10:04:40,1025.8,482420
2021-04-07 10:04:41,1025.8,482420
2021-04-07 10:04:41,1025.8,482440
2021-04-07 10:04:42,1025.8,482558
2021-04-07 10:04:43,1025.55,482559
2021-04-07 10:04:44,1025.55,482633
2021-04-07 10:04:45,1025.55,482683
2021-04-07 10:04:46,1025.55,482688
2021-04-07 10:04:47,1025.55,482688
2021-04-07 10:04:48,1025.8,482693
2021-04-07 10:04:49,1025.8,482693
2021-04-07 10:04:50,1025.8,482693
2021-04-07 10:04:51,1025.8,482693
2021-04-07 10:04:52,1025.8,482693
2021-04-07 10:04:53,1025.8,482693
2021-04-07 10:04:54,1025.6,482793
2021-04-07 10:04:56,1025.6,482793
2021-04-07 10:04:57,1025.8,482795
2021-04-07 10:04:58,1025.95,483430
2021-04-07 10:04:59,1025.95,483430
2021-04-07 10:04:59,1025.95,483430
2021-04-07 10:05:00,1025.95,483430
2021-04-07 10:05:01,1025.95,483430
2021-04-07 10:05:02,1026.0,483443
2021-04-07 10:05:03,1025.8,483555
2021-04-07 10:05:04,1026.0,483571
2021-04-07 10:05:05,1026.0,483571
2021-04-07 10:05:06,1026.0,484071
2021-04-07 10:05:08,1026.0,484071
2021-04-07 10:05:09,1026.0,484267
2021-04-07 10:05:10,1026.0,484267
2021-04-07 10:05:11,1026.5,484268
2021-04-07 10:05:12,1026.0,484369
2021-04-07 10:05:13,1026.0,484369
2021-04-07 10:05:13,1026.0,484369
2021-04-07 10:05:14,1026.0,484369
2021-04-07 10:05:15,1026.05,484389
2021-04-07 10:05:16,1026.05,484389
2021-04-07 10:05:17,1025.9,484939
2021-04-07 10:05:18,1026.4,485079
2021-04-07 10:05:19,1026.05,485080
2021-04-07 10:05:20,1026.05,485080
2021-04-07 10:05:21,1026.45,485110
2021-04-07 10:05:22,1026.45,485110
2021-04-07 10:05:23,1026.25,485183
2021-04-07 10:05:24,1026.25,485183
2021-04-07 10:05:25,1026.25,485283
2021-04-07 10:05:26,1026.25,485283
2021-04-07 10:05:27,1026.45,485346
2021-04-07 10:05:29,1026.45,485346
2021-04-07 10:05:30,1026.45,485346
2021-04-07 10:05:31,1026.45,485726
2021-04-07 10:05:32,1026.45,485726
2021-04-07 10:05:33,1026.45,485726
2021-04-07 10:05:34,1026.45,485726
2021-04-07 10:05:35,1026.45,485736
2021-04-07 10:05:36,1026.45,485889
2021-04-07 10:05:37,1026.2,485902
2021-04-07 10:05:38,1026.45,485927
2021-04-07 10:05:39,1026.45,485927
2021-04-07 10:05:40,1026.15,485947
2021-04-07 10:05:41,1026.15,485986
2021-04-07 10:05:42,1026.15,485986
2021-04-07 10:05:43,1026.15,486022
2021-04-07 10:05:44,1026.45,486072
2021-04-07 10:05:45,1026.8,486387
2021-04-07 10:05:46,1026.8,486387
2021-04-07 10:05:47,1026.8,486387
2021-04-07 10:05:48,1026.85,486469
2021-04-07 10:05:50,1026.55,486470
