timestamp,ltp,volume
2021-04-07 09:16:31,1759.6,145529
2021-04-07 09:16:32,1760.45,145794
2021-04-07 09:16:33,1760.45,145804
2021-04-07 09:16:34,1760.85,145808
2021-04-07 09:16:35,1761.15,145853
2021-04-07 09:16:36,1760.95,145935
2021-04-07 09:16:37,1760.2,146228
2021-04-07 09:16:38,1761.1,146506
2021-04-07 09:16:39,1761.15,146507
2021-04-07 09:16:40,1760.0,146675
2021-04-07 09:16:42,1758.65,147213
2021-04-07 09:16:41,1760.0,146675
2021-04-07 09:16:43,1759.55,147317
2021-04-07 09:16:44,1759.4,147342
2021-04-07 09:16:45,1759.5,147492
2021-04-07 09:16:46,1758.95,147635
2021-04-07 09:16:47,1758.25,147672
2021-04-07 09:16:49,1757.75,147678
2021-04-07 09:16:48,1757.75,147678
2021-04-07 09:16:50,1758.65,147798
2021-04-07 09:16:51,1756.7,148742
2021-04-07 09:16:52,1756.7,148864
2021-04-07 09:16:53,1756.75,148899
2021-04-07 09:16:54,1757.55,148991
2021-04-07 09:16:55,1757.7,149145
2021-04-07 09:16:56,1757.7,149145
2021-04-07 09:16:57,1757.0,149195
2021-04-07 09:16:58,1757.0,149662
2021-04-07 09:16:59,1756.85,150810
2021-04-07 09:17:00,1756.05,151162
2021-04-07 09:17:01,1755.05,151524
2021-04-07 09:17:02,1755.0,153390
2021-04-07 09:17:03,1755.6,153700
2021-04-07 09:17:04,1755.6,153700
2021-04-07 09:17:05,1755.5,153903
2021-04-07 09:17:06,1755.75,154722
2021-04-07 09:17:07,1755.95,154980
2021-04-07 09:17:08,1755.95,155015
2021-04-07 09:17:09,1755.5,155681
2021-04-07 09:17:10,1756.4,155747
2021-04-07 09:17:11,1756.45,155748
2021-04-07 09:17:12,1756.05,155954
2021-04-07 09:17:13,1757.3,155984
2021-04-07 09:17:14,1757.05,156068
2021-04-07 09:17:15,1757.35,156219
2021-04-07 09:17:16,1756.5,156254
2021-04-07 09:17:19,1756.6,156269
2021-04-07 09:17:20,1757.4,156286
2021-04-07 09:17:21,1757.4,156338
2021-04-07 09:17:22,1757.9,157361
2021-04-07 09:17:23,1758.7,157395
2021-04-07 09:17:24,1758.7,157395
2021-04-07 09:17:25,1759.4,157687
2021-04-07 09:17:26,1759.4,157687
2021-04-07 09:17:27,1759.75,157946
2021-04-07 09:17:28,1760.7,158008
2021-04-07 09:17:29,1760.8,158063
2021-04-07 09:17:30,1761.8,158321
2021-04-07 09:17:31,1762.8,158621
2021-04-07 09:17:32,1762.0,158636
2021-04-07 09:17:33,1762.0,158636
2021-04-07 09:17:34,1762.0,158636
2021-04-07 09:17:35,1759.7,159664
2021-04-07 09:17:36,1761.75,159819
2021-04-07 09:17:37,1759.7,162116
2021-04-07 09:17:38,1758.5,162282
2021-04-07 09:17:39,1758.85,162335
2021-04-07 09:17:40,1758.9,162786
2021-04-07 09:17:41,1758.9,162786
2021-04-07 09:17:42,1758.45,162806
2021-04-07 09:17:43,1758.45,162840
2021-04-07 09:17:44,1758.6,162844
2021-04-07 09:17:45,1758.6,162896
2021-04-07 09:17:46,1758.6,162896
2021-04-07 09:17:47,1759.1,162998
2021-04-07 09:17:48,1758.6,163064
2021-04-07 09:17:49,1758.6,163070
2021-04-07 09:17:50,1759.15,163517
2021-04-07 09:17:51,1758.25,163867
2021-04-07 09:17:52,1758.25,163873
2021-04-07 09:17:53,1758.9,164015
2021-04-07 09:17:54,1758.95,164020
2021-04-07 09:17:55,1759.35,164219
2021-04-07 09:17:56,1759.35,164219
2021-04-07 09:17:57,1758.7,164399
2021-04-07 09:17:58,1758.05,164439
2021-04-07 09:17:59,1758.05,164439
2021-04-07 09:18:00,1759.1,164449
2021-04-07 09:18:01,1759.1,164449
2021-04-07 09:18:03,1758.2,164475
2021-04-07 09:18:03,1758.2,164580
2021-04-07 09:18:04,1758.2,164750
2021-04-07 09:18:05,1758.5,164988
2021-04-07 09:18:06,1757.8,165033
2021-04-07 09:18:07,1757.4,165369
2021-04-07 09:18:09,1757.65,165561
2021-04-07 09:18:10,1757.5,165766
2021-04-07 09:18:11,1756.8,165811
2021-04-07 09:18:12,1757.9,166406
2021-04-07 09:18:13,1758.35,166591
2021-04-07 09:18:14,1757.2,166607
2021-04-07 09:18:15,1757.05,166680
2021-04-07 09:18:16,1757.05,166698
2021-04-07 09:18:17,1756.85,166829
2021-04-07 09:18:19,1756.85,166829
2021-04-07 09:18:19,1756.5,166836
2021-04-07 09:18:20,1756.6,166945
2021-04-07 09:18:21,1757.6,167010
2021-04-07 09:18:22,1755.6,167181
2021-04-07 09:18:25,1756.75,167214
2021-04-07 09:18:25,1756.75,167214
2021-04-07 09:18:26,1755.9,167244
2021-04-07 09:18:27,1756.85,167248
2021-04-07 09:18:28,1758.0,167362
2021-04-07 09:18:29,1757.75,167382
2021-04-07 09:18:30,1757.8,167494
2021-04-07 09:18:31,1757.8,167494
2021-04-07 09:18:32,1757.85,167495
2021-04-07 09:18:33,1757.15,167889
2021-04-07 09:18:35,1756.55,168141
2021-04-07 09:18:35,1756.55,168141
2021-04-07 09:18:36,1757.55,168143
2021-04-07 09:18:37,1756.6,168153
2021-04-07 09:18:38,1756.6,168153
2021-04-07 09:18:39,1756.7,168328
2021-04-07 09:18:41,1757.7,168334
2021-04-07 09:18:41,1757.7,168334
2021-04-07 09:18:42,1757.45,168390
2021-04-07 09:18:43,1756.5,168652
2021-04-07 09:18:45,1757.2,169674
2021-04-07 09:18:45,1757.2,169674
2021-04-07 09:18:46,1756.1,169751
2021-04-07 09:18:47,1756.25,169752
2021-04-07 09:18:48,1756.55,169772
2021-04-07 09:18:49,1756.55,169849
2021-04-07 09:18:51,1757.65,169920
2021-04-07 09:18:52,1756.85,169944
2021-04-07 09:18:53,1757.35,170010
2021-04-07 09:18:54,1756.95,170072
2021-04-07 09:18:55,1757.65,170184
2021-04-07 09:18:56,1757.65,170211
2021-04-07 09:18:57,1756.6,170317
2021-04-07 09:18:58,1756.9,170400
2021-04-07 09:18:59,1756.85,170471
2021-04-07 09:19:01,1756.75,170511
2021-04-07 09:19:01,1756.75,170548
2021-04-07 09:19:02,1756.85,170603
2021-04-07 09:19:03,1756.75,170628
2021-04-07 09:19:05,1757.55,170670
2021-04-07 09:19:05,1757.55,170670
2021-04-07 09:19:06,1757.8,170770
2021-04-07 09:19:07,1757.8,171114
2021-04-07 09:19:08,1757.65,171198
2021-04-07 09:19:09,1758.5,171259
2021-04-07 09:19:10,1758.45,171385
2021-04-07 09:19:11,1758.4,171441
2021-04-07 09:19:12,1758.15,171464
2021-04-07 09:19:13,1758.45,171557
2021-04-07 09:19:14,1758.9,171928
2021-04-07 09:19:15,1758.55,172072
2021-04-07 09:19:17,1758.65,172132
2021-04-07 09:19:18,1759.25,172251
2021-04-07 09:19:18,1759.25,172251
2021-04-07 09:19:19,1758.65,172378
2021-04-07 09:19:20,1758.65,172707
2021-04-07 09:19:21,1759.05,173257
2021-04-07 09:19:22,1758.85,173453
2021-04-07 09:19:23,1758.9,173789
2021-04-07 09:19:24,1758.9,173916
2021-04-07 09:19:25,1759.75,174013
2021-04-07 09:19:27,1759.7,174648
2021-04-07 09:19:27,1759.65,174709
2021-04-07 09:19:28,1759.85,175033
2021-04-07 09:19:29,1760.0,175143
2021-04-07 09:19:30,1760.15,175380
2021-04-07 09:19:32,1759.8,175802
2021-04-07 09:19:32,1760.1,175804
2021-04-07 09:19:34,1760.1,177043
2021-04-07 09:19:34,1760.0,177243
2021-04-07 09:19:35,1760.65,177569
2021-04-07 09:19:36,1761.25,178218
2021-04-07 09:19:37,1761.05,178690
2021-04-07 09:19:38,1761.9,178797
2021-04-07 09:19:39,1761.05,179909
2021-04-07 09:19:40,1761.0,180506
2021-04-07 09:19:42,1760.95,180585
2021-04-07 09:19:42,1760.7,181196
2021-04-07 09:19:43,1761.3,181755
2021-04-07 09:19:44,1761.8,181863
2021-04-07 09:19:45,1761.85,182008
2021-04-07 09:19:46,1761.1,182135
2021-04-07 09:19:47,1761.0,182702
2021-04-07 09:19:48,1760.3,183538
2021-04-07 09:19:49,1760.35,183960
2021-04-07 09:19:51,1760.85,184474
2021-04-07 09:19:51,1761.6,184414
2021-04-07 09:19:52,1761.7,184575
2021-04-07 09:19:53,1760.6,184735
2021-04-07 09:19:54,1761.0,184795
2021-04-07 09:19:55,1761.0,185034
2021-04-07 09:19:57,1761.3,185829
2021-04-07 09:19:58,1760.95,185879
2021-04-07 09:19:59,1760.9,185880
2021-04-07 09:20:00,1759.5,187535
2021-04-07 09:20:01,1760.9,187585
2021-04-07 09:20:02,1760.45,187645
2021-04-07 09:20:03,1761.35,187745
2021-04-07 09:20:05,1761.35,187745
2021-04-07 09:20:05,1761.4,188044
2021-04-07 09:20:06,1761.0,188280
2021-04-07 09:20:07,1761.0,188280
2021-04-07 09:20:08,1761.95,188341
2021-04-07 09:20:09,1761.0,188585
2021-04-07 09:20:10,1761.0,188585
2021-04-07 09:20:12,1760.5,188747
2021-04-07 09:20:12,1760.4,188882
2021-04-07 09:20:13,1760.4,188897
2021-04-07 09:20:15,1760.4,189110
2021-04-07 09:20:15,1760.4,189110
2021-04-07 09:20:16,1760.4,189221
2021-04-07 09:20:17,1761.0,189272
2021-04-07 09:20:18,1760.4,189322
2021-04-07 09:20:19,1760.35,189644
2021-04-07 09:20:21,1761.9,189912
2021-04-07 09:20:22,1762.3,190610
2021-04-07 09:20:22,1761.65,190665
2021-04-07 09:20:23,1761.0,190956
2021-04-07 09:20:24,1759.75,191241
2021-04-07 09:20:25,1760.85,191562
2021-04-07 09:20:27,1760.05,191624
2021-04-07 09:20:28,1761.0,192048
2021-04-07 09:20:29,1760.85,192104
2021-04-07 09:20:30,1759.0,192573
2021-04-07 09:20:32,1759.6,192851
2021-04-07 09:20:33,1759.9,193864
2021-04-07 09:20:33,1759.9,193864
2021-04-07 09:20:34,1759.05,193876
2021-04-07 09:20:35,1758.85,194031
2021-04-07 09:20:36,1758.7,194475
2021-04-07 09:20:38,1757.65,194685
2021-04-07 09:20:39,1757.0,194835
2021-04-07 09:20:40,1758.55,195053
2021-04-07 09:20:40,1758.55,195053
2021-04-07 09:20:41,1758.55,195053
2021-04-07 09:20:42,1758.35,195183
2021-04-07 09:20:44,1758.25,195218
2021-04-07 09:20:45,1758.0,195536
2021-04-07 09:20:46,1757.8,195559
2021-04-07 09:20:47,1757.2,195719
2021-04-07 09:20:48,1757.2,195719
2021-04-07 09:20:49,1758.4,195885
2021-04-07 09:20:50,1757.2,195963
2021-04-07 09:20:51,1757.55,196276
2021-04-07 09:20:53,1756.85,197955
2021-04-07 09:20:54,1756.85,197955
2021-04-07 09:20:55,1757.2,198155
2021-04-07 09:20:56,1757.35,198238
2021-04-07 09:20:57,1757.1,198358
2021-04-07 09:20:58,1757.95,198398
2021-04-07 09:20:59,1757.95,198413
2021-04-07 09:21:00,1759.8,199194
2021-04-07 09:21:01,1759.8,199194
2021-04-07 09:21:03,1758.65,199277
2021-04-07 09:21:04,1758.6,199279
2021-04-07 09:21:05,1758.3,199301
2021-04-07 09:21:06,1758.65,199576
2021-04-07 09:21:08,1758.65,199576
2021-04-07 09:21:09,1758.65,199670
2021-04-07 09:21:10,1758.65,199803
2021-04-07 09:21:10,1758.65,199803
2021-04-07 09:21:11,1759.2,200303
2021-04-07 09:21:12,1758.65,200408
2021-04-07 09:21:13,1757.55,200644
2021-04-07 09:21:15,1757.9,200758
2021-04-07 09:21:16,1757.35,200841
2021-04-07 09:21:17,1757.4,200890
2021-04-07 09:21:17,1757.4,200890
2021-04-07 09:21:18,1758.1,200941
2021-04-07 09:21:19,1758.1,200949
2021-04-07 09:21:20,1757.4,200999
2021-04-07 09:21:22,1758.6,201250
2021-04-07 09:21:23,1758.6,201250
2021-04-07 09:21:24,1758.1,201320
2021-04-07 09:21:24,1758.1,201320
2021-04-07 09:21:25,1757.7,201504
2021-04-07 09:21:27,1758.05,201714
2021-04-07 09:21:28,1758.05,201720
2021-04-07 09:21:28,1758.05,201720
2021-04-07 09:21:29,1757.3,201980
2021-04-07 09:21:30,1758.15,202186
2021-04-07 09:21:31,1758.15,202186
2021-04-07 09:21:32,1757.4,202567
2021-04-07 09:21:33,1757.5,204275
2021-04-07 09:21:35,1757.55,204396
2021-04-07 09:21:36,1756.85,204788
2021-04-07 09:21:37,1757.35,204978
2021-04-07 09:21:38,1755.9,205540
2021-04-07 09:21:39,1757.95,406074
2021-04-07 09:21:40,1757.95,406074
2021-04-07 09:21:41,1757.05,409362
2021-04-07 09:21:42,1757.05,409362
2021-04-07 09:21:43,1757.05,409408
2021-04-07 09:21:45,1756.1,410174
2021-04-07 09:21:46,1760.0,434543
2021-04-07 09:21:46,1760.0,434543
2021-04-07 09:21:47,1757.15,437284
2021-04-07 09:21:48,1757.2,437309
2021-04-07 09:21:49,1757.05,437478
2021-04-07 09:21:50,1757.25,437611
2021-04-07 09:21:51,1758.0,437672
2021-04-07 09:21:53,1757.45,437679
2021-04-07 09:21:54,1757.0,437760
2021-04-07 09:21:55,1757.0,437831
2021-04-07 09:21:56,1756.75,437951
2021-04-07 09:21:57,1756.25,437981
2021-04-07 09:21:58,1756.75,438001
2021-04-07 09:21:58,1757.1,438452
2021-04-07 09:21:59,1757.0,438457
2021-04-07 09:22:00,1756.6,438647
2021-04-07 09:22:01,1756.75,438832
2021-04-07 09:22:02,1756.25,438853
2021-04-07 09:22:03,1756.0,438932
2021-04-07 09:22:04,1757.1,439286
2021-04-07 09:22:05,1756.05,439399
2021-04-07 09:22:06,1756.0,439459
2021-04-07 09:22:08,1755.15,439692
2021-04-07 09:22:09,1755.5,439752
2021-04-07 09:22:10,1756.95,440239
2021-04-07 09:22:11,1756.45,440865
2021-04-07 09:22:12,1756.45,440902
2021-04-07 09:22:13,1756.45,440905
2021-04-07 09:22:13,1756.45,440905
2021-04-07 09:22:14,1755.6,441017
2021-04-07 09:22:16,1754.75,443540
2021-04-07 09:22:17,1754.55,443705
2021-04-07 09:22:18,1754.3,443788
2021-04-07 09:22:19,1754.05,444039
2021-04-07 09:22:20,1754.75,444312
2021-04-07 09:22:21,1754.75,444312
2021-04-07 09:22:21,1753.9,444655
2021-04-07 09:22:22,1754.75,444690
2021-04-07 09:22:24,1753.05,445581
2021-04-07 09:22:25,1752.3,446054
2021-04-07 09:22:26,1752.85,446304
2021-04-07 09:22:27,1753.05,446910
2021-04-07 09:22:28,1752.25,448419
2021-04-07 09:22:29,1752.3,448454
2021-04-07 09:22:30,1752.75,448535
2021-04-07 09:22:31,1752.0,449755
2021-04-07 09:22:32,1752.0,449877
2021-04-07 09:22:33,1751.95,449945
2021-04-07 09:22:34,1751.95,449945
2021-04-07 09:22:36,1751.4,450340
2021-04-07 09:22:37,1752.0,450572
2021-04-07 09:22:38,1751.95,450591
2021-04-07 09:22:39,1752.0,451821
2021-04-07 09:22:40,1752.0,451821
2021-04-07 09:22:43,1752.1,452184
2021-04-07 09:22:44,1752.0,452345
2021-04-07 09:22:45,1752.55,452346
2021-04-07 09:22:46,1752.35,452475
2021-04-07 09:22:47,1753.2,452605
2021-04-07 09:22:48,1752.3,452664
2021-04-07 09:22:49,1752.1,452754
2021-04-07 09:22:50,1752.1,452754
2021-04-07 09:22:51,1752.0,452865
2021-04-07 09:22:52,1752.0,452880
2021-04-07 09:22:53,1752.0,452940
2021-04-07 09:22:54,1752.6,453550
2021-04-07 09:22:55,1752.6,453550
2021-04-07 09:22:57,1753.4,453654
2021-04-07 09:22:58,1752.45,453866
2021-04-07 09:22:59,1752.7,454002
2021-04-07 09:23:00,1752.6,454062
2021-04-07 09:23:03,1752.55,454146
2021-04-07 09:23:04,1753.95,454245
2021-04-07 09:23:05,1754.05,454286
2021-04-07 09:23:06,1753.35,454791
2021-04-07 09:23:07,1754.25,454793
2021-04-07 09:23:08,1754.3,454794
2021-04-07 09:23:09,1755.0,455140
2021-04-07 09:23:10,1754.0,455175
2021-04-07 09:23:11,1753.85,455237
2021-04-07 09:23:12,1754.4,455247
2021-04-07 09:23:13,1753.4,455289
2021-04-07 09:23:14,1753.35,455317
2021-04-07 09:23:15,1753.6,455417
2021-04-07 09:23:16,1752.8,455519
2021-04-07 09:23:17,1753.35,455606
2021-04-07 09:23:18,1751.95,457281
2021-04-07 09:23:19,1752.4,457296
2021-04-07 09:23:20,1752.4,457296
2021-04-07 09:23:21,1753.05,457456
2021-04-07 09:23:22,1752.1,457469
2021-04-07 09:23:24,1752.9,457517
2021-04-07 09:23:25,1752.9,457517
2021-04-07 09:23:26,1752.95,457560
2021-04-07 09:23:27,1752.35,457565
2021-04-07 09:23:28,1753.35,457665
2021-04-07 09:23:29,1753.8,458134
2021-04-07 09:23:30,1754.65,458150
2021-04-07 09:23:31,1754.65,458150
2021-04-07 09:23:31,1754.25,458577
2021-04-07 09:23:32,1755.3,458594
2021-04-07 09:23:33,1756.3,458642
2021-04-07 09:23:34,1756.3,458642
2021-04-07 09:23:35,1754.1,458693
2021-04-07 09:23:37,1753.95,458812
2021-04-07 09:23:38,1753.85,458847
2021-04-07 09:23:39,1754.55,458912
2021-04-07 09:23:40,1753.8,458988
2021-04-07 09:23:41,1754.05,458993
2021-04-07 09:23:41,1754.25,459050
2021-04-07 09:23:42,1755.1,459078
2021-04-07 09:23:43,1754.55,459105
2021-04-07 09:23:44,1754.55,459105
2021-04-07 09:23:45,1754.55,459110
2021-04-07 09:23:47,1755.05,459330
2021-04-07 09:23:48,1754.95,459390
2021-04-07 09:23:49,1755.1,459424
2021-04-07 09:23:50,1755.1,459426
2021-04-07 09:23:51,1754.6,459549
2021-04-07 09:23:52,1754.6,459549
2021-04-07 09:23:53,1754.5,459794
2021-04-07 09:23:54,1754.5,459836
2021-04-07 09:23:55,1753.85,459858
2021-04-07 09:23:56,1753.85,459858
2021-04-07 09:23:58,1754.05,459950
2021-04-07 09:23:59,1755.5,459963
2021-04-07 09:24:00,1755.2,460092
2021-04-07 09:24:01,1755.5,460260
2021-04-07 09:24:02,1755.55,460303
2021-04-07 09:24:03,1755.55,460303
2021-04-07 09:24:04,1755.4,460391
2021-04-07 09:24:05,1756.3,460473
2021-04-07 09:24:06,1755.75,460673
2021-04-07 09:24:07,1755.5,460935
2021-04-07 09:24:09,1757.5,461278
2021-04-07 09:24:10,1757.95,461290
2021-04-07 09:24:11,1757.0,461366
2021-04-07 09:24:12,1756.9,462154
2021-04-07 09:24:13,1756.5,462699
2021-04-07 09:24:14,1756.4,462771
2021-04-07 09:24:15,1755.4,462947
2021-04-07 09:24:16,1756.15,463207
2021-04-07 09:24:17,1756.4,463614
2021-04-07 09:24:18,1756.45,463828
2021-04-07 09:24:19,1756.55,463869
2021-04-07 09:24:20,1756.45,463961
2021-04-07 09:24:21,1756.85,464077
2021-04-07 09:24:22,1756.7,464079
2021-04-07 09:24:23,1756.6,464113
2021-04-07 09:24:24,1756.4,464237
2021-04-07 09:24:25,1756.45,464313
2021-04-07 09:24:26,1756.05,464372
2021-04-07 09:24:27,1756.85,464406
2021-04-07 09:24:28,1756.9,464421
2021-04-07 09:24:29,1756.1,464446
2021-04-07 09:24:30,1756.95,464479
2021-04-07 09:24:31,1757.2,465720
2021-04-07 09:24:32,1757.9,465814
2021-04-07 09:24:33,1758.0,466062
2021-04-07 09:24:34,1756.8,466168
2021-04-07 09:24:35,1756.8,466216
2021-04-07 09:24:36,1756.75,466218
2021-04-07 09:24:37,1757.0,466219
2021-04-07 09:24:38,1756.85,466221
2021-04-07 09:24:40,1757.15,466310
2021-04-07 09:24:41,1756.9,466346
2021-04-07 09:24:42,1756.75,466348
2021-04-07 09:24:43,1756.55,466379
2021-04-07 09:24:44,1756.7,466383
2021-04-07 09:24:45,1756.7,466384
2021-04-07 09:24:47,1756.8,466401
2021-04-07 09:24:48,1758.0,466605
2021-04-07 09:24:49,1758.0,466648
2021-04-07 09:24:50,1758.0,466649
2021-04-07 09:24:51,1757.6,467054
2021-04-07 09:24:52,1758.25,467081
2021-04-07 09:24:52,1758.45,467126
2021-04-07 09:24:53,1758.0,467143
2021-04-07 09:24:54,1758.45,467149
2021-04-07 09:24:56,1758.0,467159
2021-04-07 09:24:57,1758.0,467159
2021-04-07 09:24:58,1757.55,467872
2021-04-07 09:24:59,1756.9,468014
2021-04-07 09:25:00,1756.65,468090
2021-04-07 09:25:01,1757.5,468101
2021-04-07 09:25:02,1757.5,468101
2021-04-07 09:25:03,1757.5,468106
2021-04-07 09:25:04,1758.0,468330
2021-04-07 09:25:05,1758.0,468335
2021-04-07 09:25:06,1758.05,468598
2021-04-07 09:25:07,1757.85,468779
2021-04-07 09:25:08,1758.95,469614
2021-04-07 09:25:09,1758.9,469734
2021-04-07 09:25:10,1758.4,470295
2021-04-07 09:25:11,1759.85,470357
2021-04-07 09:25:12,1759.9,470533
2021-04-07 09:25:13,1759.9,470554
2021-04-07 09:25:14,1759.05,470583
2021-04-07 09:25:16,1758.9,471365
2021-04-07 09:25:17,1759.8,471500
2021-04-07 09:25:18,1758.9,471535
2021-04-07 09:25:19,1758.9,471535
2021-04-07 09:25:21,1759.75,471731
2021-04-07 09:25:22,1759.9,471791
2021-04-07 09:25:23,1759.2,471983
2021-04-07 09:25:24,1760.0,472332
2021-04-07 09:25:25,1760.0,472391
2021-04-07 09:25:26,1759.95,472399
2021-04-07 09:25:27,1759.9,472636
2021-04-07 09:25:28,1760.0,472839
2021-04-07 09:25:29,1760.0,472840
2021-04-07 09:25:30,1760.5,474239
2021-04-07 09:25:31,1760.45,474484
2021-04-07 09:25:32,1760.5,475470
2021-04-07 09:25:33,1760.7,476488
2021-04-07 09:25:35,1760.0,476843
2021-04-07 09:25:36,1759.25,476931
2021-04-07 09:25:37,1760.2,477476
2021-04-07 09:25:38,1760.2,477724
2021-04-07 09:25:39,1759.55,477836
2021-04-07 09:25:40,1759.4,478028
2021-04-07 09:25:41,1760.5,478086
2021-04-07 09:25:42,1760.5,478086
2021-04-07 09:25:43,1759.5,478385
2021-04-07 09:25:44,1760.0,478494
2021-04-07 09:25:45,1759.25,478719
2021-04-07 09:25:45,1759.25,478719
2021-04-07 09:25:47,1758.85,479207
2021-04-07 09:25:48,1759.45,479293
2021-04-07 09:25:49,1759.45,479293
2021-04-07 09:25:50,1759.65,479302
2021-04-07 09:25:51,1759.65,479302
2021-04-07 09:25:52,1759.65,479541
2021-04-07 09:25:53,1759.65,480556
2021-04-07 09:25:54,1759.65,480563
2021-04-07 09:25:55,1760.0,480759
2021-04-07 09:25:57,1759.55,481041
2021-04-07 09:25:58,1760.0,481314
2021-04-07 09:25:59,1760.5,481344
2021-04-07 09:26:00,1760.7,481667
2021-04-07 09:26:01,1760.05,481765
2021-04-07 09:26:02,1759.65,481890
2021-04-07 09:26:03,1759.55,481946
2021-04-07 09:26:04,1760.15,482130
2021-04-07 09:26:05,1760.2,482210
2021-04-07 09:26:06,1759.95,482215
2021-04-07 09:26:07,1759.95,482247
2021-04-07 09:26:08,1759.55,482287
2021-04-07 09:26:10,1759.55,482287
2021-04-07 09:26:11,1760.0,482605
2021-04-07 09:26:12,1759.9,482610
2021-04-07 09:26:13,1759.25,482681
2021-04-07 09:26:14,1760.5,483207
2021-04-07 09:26:15,1760.65,483765
2021-04-07 09:26:16,1760.5,484108
2021-04-07 09:26:17,1760.5,484180
2021-04-07 09:26:18,1760.5,486252
2021-04-07 09:26:19,1760.2,486652
2021-04-07 09:26:20,1759.65,487023
2021-04-07 09:26:21,1760.5,487096
2021-04-07 09:26:23,1760.4,487143
2021-04-07 09:26:24,1759.35,487494
2021-04-07 09:26:24,1759.35,487494
2021-04-07 09:26:25,1759.2,487602
2021-04-07 09:26:27,1760.0,487677
2021-04-07 09:26:28,1760.2,487727
2021-04-07 09:26:29,1759.1,487919
2021-04-07 09:26:30,1759.3,488081
2021-04-07 09:26:31,1760.05,488293
2021-04-07 09:26:32,1760.05,488293
2021-04-07 09:26:33,1760.0,488421
2021-04-07 09:26:34,1760.0,488447
2021-04-07 09:26:35,1760.0,488447
2021-04-07 09:26:36,1759.9,488484
2021-04-07 09:26:37,1760.0,488653
2021-04-07 09:26:39,1760.25,488977
2021-04-07 09:26:40,1759.55,488998
2021-04-07 09:26:41,1759.35,489190
2021-04-07 09:26:42,1759.35,489190
2021-04-07 09:26:43,1759.35,489190
2021-04-07 09:26:44,1759.35,489190
2021-04-07 09:26:45,1760.5,489691
2021-04-07 09:26:46,1760.5,489691
2021-04-07 09:26:47,1760.5,489916
2021-04-07 09:26:48,1760.05,490824
2021-04-07 09:26:49,1760.5,491065
2021-04-07 09:26:50,1760.1,491127
2021-04-07 09:26:51,1760.5,491419
2021-04-07 09:26:52,1760.5,491419
2021-04-07 09:26:53,1760.5,491469
2021-04-07 09:26:54,1760.0,491558
2021-04-07 09:26:55,1760.2,491559
2021-04-07 09:26:56,1760.35,491684
2021-04-07 09:26:57,1759.9,491718
2021-04-07 09:26:58,1759.9,491718
2021-04-07 09:26:59,1759.9,491718
2021-04-07 09:27:00,1760.25,491769
2021-04-07 09:27:01,1760.5,491867
2021-04-07 09:27:02,1760.5,491867
2021-04-07 09:27:03,1760.5,491867
2021-04-07 09:27:04,1760.5,492867
2021-04-07 09:27:05,1760.5,493457
2021-04-07 09:27:06,1760.5,493457
2021-04-07 09:27:07,1760.5,493783
2021-04-07 09:27:08,1760.5,493783
2021-04-07 09:27:09,1760.25,493854
2021-04-07 09:27:10,1760.4,493856
2021-04-07 09:27:12,1760.4,493856
2021-04-07 09:27:14,1760.4,493866
2021-04-07 09:27:15,1760.4,493877
2021-04-07 09:27:16,1760.0,494869
2021-04-07 09:27:17,1760.15,495241
2021-04-07 09:27:18,1760.2,495345
2021-04-07 09:27:19,1759.5,495545
2021-04-07 09:27:20,1760.25,495641
2021-04-07 09:27:21,1759.8,496789
2021-04-07 09:27:22,1759.8,496984
2021-04-07 09:27:23,1759.8,497069
2021-04-07 09:27:24,1759.7,497118
2021-04-07 09:27:25,1759.7,497119
2021-04-07 09:27:27,1759.75,497411
2021-04-07 09:27:28,1759.8,497522
2021-04-07 09:27:29,1759.8,497527
2021-04-07 09:27:30,1760.5,498899
2021-04-07 09:27:31,1760.5,499141
2021-04-07 09:27:32,1760.0,499191
2021-04-07 09:27:33,1760.35,499248
2021-04-07 09:27:34,1760.45,499358
2021-04-07 09:27:35,1759.8,499570
2021-04-07 09:27:36,1760.45,499650
2021-04-07 09:27:38,1760.45,499650
2021-04-07 09:27:39,1760.45,499650
2021-04-07 09:27:40,1760.5,500071
2021-04-07 09:27:41,1759.55,500298
2021-04-07 09:27:42,1759.55,500298
2021-04-07 09:27:43,1759.55,500298
2021-04-07 09:27:44,1759.55,500298
2021-04-07 09:27:45,1758.7,500450
2021-04-07 09:27:46,1759.5,500581
2021-04-07 09:27:47,1759.45,500775
2021-04-07 09:27:48,1759.45,500775
2021-04-07 09:27:49,1759.45,500775
2021-04-07 09:27:50,1759.45,500839
2021-04-07 09:27:51,1759.45,500963
2021-04-07 09:27:52,1759.85,501175
2021-04-07 09:27:53,1759.85,501177
2021-04-07 09:27:54,1760.1,501227
2021-04-07 09:27:55,1759.85,501228
2021-04-07 09:27:56,1759.6,501323
2021-04-07 09:27:57,1760.0,501364
2021-04-07 09:27:58,1759.45,501365
2021-04-07 09:27:59,1759.45,501365
2021-04-07 09:28:00,1759.2,501448
2021-04-07 09:28:01,1759.2,501448
2021-04-07 09:28:02,1759.2,501448
2021-04-07 09:28:03,1759.2,501448
2021-04-07 09:28:04,1759.85,501518
2021-04-07 09:28:05,1758.7,501811
2021-04-07 09:28:06,1758.7,501811
2021-04-07 09:28:07,1758.7,501811
2021-04-07 09:28:08,1758.7,501811
2021-04-07 09:28:09,1758.7,501811
2021-04-07 09:28:10,1759.85,501821
2021-04-07 09:28:11,1760.0,502087
2021-04-07 09:28:12,1759.6,502387
2021-04-07 09:28:13,1758.75,502930
2021-04-07 09:28:14,1759.85,503090
2021-04-07 09:28:15,1759.9,503352
2021-04-07 09:28:16,1759.5,503362
2021-04-07 09:28:17,1759.9,503382
2021-04-07 09:28:18,1759.5,503529
2021-04-07 09:28:19,1759.5,503529
2021-04-07 09:28:20,1760.2,503695
2021-04-07 09:28:21,1759.75,504707
2021-04-07 09:28:22,1760.5,504928
2021-04-07 09:28:23,1760.5,505110
2021-04-07 09:28:24,1760.5,505319
2021-04-07 09:28:25,1759.85,505379
2021-04-07 09:28:26,1760.1,505439
2021-04-07 09:28:28,1760.5,505632
2021-04-07 09:28:29,1760.5,505633
2021-04-07 09:28:30,1760.5,506440
2021-04-07 09:28:31,1759.85,506801
2021-04-07 09:28:32,1759.85,506801
2021-04-07 09:28:33,1759.85,506801
2021-04-07 09:28:34,1760.5,506985
2021-04-07 09:28:35,1760.75,507189
2021-04-07 09:28:36,1760.5,507254
2021-04-07 09:28:37,1760.5,507254
2021-04-07 09:28:38,1759.85,507439
2021-04-07 09:28:39,1760.5,507458
2021-04-07 09:28:40,1760.5,507468
2021-04-07 09:28:41,1760.5,507698
2021-04-07 09:28:42,1760.5,507798
2021-04-07 09:28:43,1760.5,507798
2021-04-07 09:28:44,1760.5,507800
2021-04-07 09:28:45,1760.5,507800
2021-04-07 09:28:46,1760.5,507844
2021-04-07 09:28:47,1760.5,507844
2021-04-07 09:28:48,1760.5,507845
2021-04-07 09:28:49,1760.5,507964
2021-04-07 09:28:50,1760.5,507964
2021-04-07 09:28:51,1760.5,508026
2021-04-07 09:28:52,1760.5,508026
2021-04-07 09:28:53,1760.0,510051
2021-04-07 09:28:54,1759.5,510541
2021-04-07 09:28:55,1759.5,510564
2021-04-07 09:28:56,1759.5,510647
2021-04-07 09:28:57,1759.0,510839
2021-04-07 09:28:58,1759.5,510842
2021-04-07 09:28:59,1759.5,510842
2021-04-07 09:29:00,1759.5,511030
2021-04-07 09:29:01,1760.0,511207
2021-04-07 09:29:02,1759.85,511222
2021-04-07 09:29:03,1760.0,511232
2021-04-07 09:29:04,1759.25,511369
2021-04-07 09:29:05,1759.25,511369
2021-04-07 09:29:07,1759.25,511369
2021-04-07 09:29:08,1760.0,511431
2021-04-07 09:29:09,1759.5,511568
2021-04-07 09:29:10,1760.0,511618
2021-04-07 09:29:11,1760.0,511684
2021-04-07 09:29:12,1760.0,511688
2021-04-07 09:29:13,1760.0,511688
2021-04-07 09:29:14,1760.0,511693
2021-04-07 09:29:15,1759.7,511736
2021-04-07 09:29:17,1759.5,511928
2021-04-07 09:29:18,1759.5,511928
2021-04-07 09:29:19,1760.0,514148
2021-04-07 09:29:20,1760.0,514612
2021-04-07 09:29:20,1760.0,514148
2021-04-07 09:29:21,1760.0,514615
2021-04-07 09:29:22,1759.2,514648
2021-04-07 09:29:23,1760.0,515148
2021-04-07 09:29:24,1759.0,515340
2021-04-07 09:29:25,1760.0,519161
2021-04-07 09:29:26,1760.05,520064
2021-04-07 09:29:27,1760.0,520081
2021-04-07 09:29:28,1760.5,520088
2021-04-07 09:29:29,1759.7,520613
2021-04-07 09:29:30,1760.1,520614
2021-04-07 09:29:31,1760.5,520956
2021-04-07 09:29:32,1760.5,520961
2021-04-07 09:29:33,1759.85,521083
2021-04-07 09:29:34,1760.0,521117
2021-04-07 09:29:35,1759.7,521186
2021-04-07 09:29:36,1760.0,521196
2021-04-07 09:29:37,1760.0,521481
2021-04-07 09:29:38,1760.45,521582
2021-04-07 09:29:40,1760.45,521582
2021-04-07 09:29:40,1760.45,521582
2021-04-07 09:29:41,1760.5,521583
2021-04-07 09:29:42,1760.05,521644
2021-04-07 09:29:43,1759.8,521799
2021-04-07 09:29:44,1759.8,521799
2021-04-07 09:29:46,1760.1,521875
2021-04-07 09:29:47,1760.0,521903
2021-04-07 09:29:48,1760.0,521903
2021-04-07 09:29:49,1760.0,521903
2021-04-07 09:29:50,1760.0,522027
2021-04-07 09:29:51,1760.0,522066
2021-04-07 09:29:52,1760.0,522066
2021-04-07 09:29:53,1760.5,522466
2021-04-07 09:29:55,1760.5,522569
2021-04-07 09:29:55,1760.5,522569
2021-04-07 09:29:56,1760.5,523065
2021-04-07 09:29:57,1760.1,523228
2021-04-07 09:29:58,1759.95,523739
2021-04-07 09:29:59,1759.75,524834
2021-04-07 09:30:00,1759.75,524834
2021-04-07 09:30:01,1759.25,526030
2021-04-07 09:30:02,1760.0,526157
2021-04-07 09:30:03,1760.25,526165
2021-04-07 09:30:05,1760.05,526328
2021-04-07 09:30:05,1759.8,526408
2021-04-07 09:30:06,1759.65,526468
2021-04-07 09:30:07,1759.65,526468
2021-04-07 09:30:08,1760.3,526481
2021-04-07 09:30:09,1759.75,526666
2021-04-07 09:30:10,1759.75,526666
2021-04-07 09:30:11,1760.0,526736
2021-04-07 09:30:12,1760.5,526854
2021-04-07 09:30:14,1760.5,526854
2021-04-07 09:30:15,1760.5,526869
2021-04-07 09:30:15,1760.5,526869
2021-04-07 09:30:16,1760.05,526870
2021-04-07 09:30:17,1759.85,527062
2021-04-07 09:30:18,1759.85,527062
2021-04-07 09:30:20,1759.85,527077
2021-04-07 09:30:21,1759.85,527077
2021-04-07 09:30:22,1760.5,527434
2021-04-07 09:30:23,1760.5,527434
2021-04-07 09:30:24,1760.45,527489
2021-04-07 09:30:25,1760.45,527494
2021-04-07 09:30:26,1759.85,527496
2021-04-07 09:30:27,1759.65,527688
2021-04-07 09:30:28,1759.65,527739
2021-04-07 09:30:29,1759.65,527739
2021-04-07 09:30:30,1759.6,527789
2021-04-07 09:30:31,1759.2,528241
2021-04-07 09:30:33,1759.35,528255
2021-04-07 09:30:34,1759.3,529625
2021-04-07 09:30:35,1758.4,529903
2021-04-07 09:30:36,1758.45,529963
2021-04-07 09:30:37,1757.55,530213
2021-04-07 09:30:39,1758.5,530214
2021-04-07 09:30:40,1758.5,530215
2021-04-07 09:30:41,1757.55,530467
2021-04-07 09:30:42,1757.55,530467
2021-04-07 09:30:43,1757.75,530511
2021-04-07 09:30:44,1757.65,530647
2021-04-07 09:30:45,1758.2,530693
2021-04-07 09:30:46,1758.1,530847
2021-04-07 09:30:47,1757.55,530872
2021-04-07 09:30:48,1757.55,530872
2021-04-07 09:30:50,1757.6,531126
2021-04-07 09:30:50,1757.6,531126
2021-04-07 09:30:52,1756.2,532681
2021-04-07 09:30:53,1756.4,533103
2021-04-07 09:30:54,1757.85,533209
2021-04-07 09:30:55,1758.15,533519
2021-04-07 09:30:56,1757.9,533524
2021-04-07 09:30:57,1758.55,533756
2021-04-07 09:30:58,1758.65,533784
2021-04-07 09:30:59,1758.6,533864
2021-04-07 09:31:00,1759.35,533916
2021-04-07 09:31:01,1759.35,533916
2021-04-07 09:31:02,1759.35,533916
2021-04-07 09:31:03,1759.35,533916
2021-04-07 09:31:04,1760.5,534388
2021-04-07 09:31:05,1760.5,534770
2021-04-07 09:31:06,1760.5,534862
2021-04-07 09:31:07,1760.5,534862
2021-04-07 09:31:08,1760.5,534862
2021-04-07 09:31:10,1760.5,534862
2021-04-07 09:31:10,1760.5,534862
2021-04-07 09:31:11,1760.5,537446
2021-04-07 09:31:12,1760.5,537972
2021-04-07 09:31:13,1760.15,538205
2021-04-07 09:31:14,1760.95,538391
2021-04-07 09:31:15,1760.4,538466
2021-04-07 09:31:17,1761.05,539644
2021-04-07 09:31:18,1760.5,541223
2021-04-07 09:31:19,1760.0,541784
2021-04-07 09:31:20,1760.0,541844
2021-04-07 09:31:21,1760.5,541909
2021-04-07 09:31:22,1760.5,541909
2021-04-07 09:31:22,1760.5,541924
2021-04-07 09:31:23,1760.35,541937
2021-04-07 09:31:24,1760.35,541938
2021-04-07 09:31:25,1760.35,541938
2021-04-07 09:31:27,1760.45,542281
2021-04-07 09:31:28,1761.35,542686
2021-04-07 09:31:28,1760.45,542281
2021-04-07 09:31:30,1761.65,546129
2021-04-07 09:31:31,1761.65,546129
2021-04-07 09:31:32,1760.5,547946
2021-04-07 09:31:33,1760.5,548379
2021-04-07 09:31:35,1760.35,548432
2021-04-07 09:31:36,1760.95,548956
2021-04-07 09:31:37,1760.95,548956
2021-04-07 09:31:38,1759.7,549127
2021-04-07 09:31:39,1760.7,549147
2021-04-07 09:31:40,1760.7,549209
2021-04-07 09:31:41,1760.7,549209
2021-04-07 09:31:41,1760.7,549209
2021-04-07 09:31:42,1760.85,549219
2021-04-07 09:31:43,1760.8,549438
2021-04-07 09:31:44,1760.5,549488
2021-04-07 09:31:46,1760.0,549659
2021-04-07 09:31:47,1760.2,549692
2021-04-07 09:31:48,1760.2,549692
2021-04-07 09:31:49,1760.2,549711
2021-04-07 09:31:50,1760.5,549726
2021-04-07 09:31:51,1760.5,549726
2021-04-07 09:31:52,1760.2,549907
2021-04-07 09:31:52,1760.2,549907
2021-04-07 09:31:53,1759.4,549998
2021-04-07 09:31:54,1759.4,549998
2021-04-07 09:31:55,1760.0,550128
2021-04-07 09:31:56,1760.0,550128
2021-04-07 09:31:57,1760.0,550128
2021-04-07 09:31:58,1760.0,550128
2021-04-07 09:31:59,1759.95,550168
2021-04-07 09:32:00,1759.95,550170
2021-04-07 09:32:01,1760.0,550327
2021-04-07 09:32:02,1759.45,550330
2021-04-07 09:32:03,1759.45,550330
2021-04-07 09:32:04,1759.35,550443
2021-04-07 09:32:05,1759.85,550493
2021-04-07 09:32:06,1760.3,550514
2021-04-07 09:32:08,1760.0,550521
2021-04-07 09:32:09,1760.1,550529
2021-04-07 09:32:10,1760.1,550549
2021-04-07 09:32:10,1760.1,550549
2021-04-07 09:32:11,1760.0,550554
2021-04-07 09:32:12,1760.0,550554
2021-04-07 09:32:13,1760.0,550554
2021-04-07 09:32:14,1760.35,550562
2021-04-07 09:32:15,1760.35,550562
2021-04-07 09:32:16,1760.35,550562
2021-04-07 09:32:17,1759.6,550632
2021-04-07 09:32:18,1760.35,550648
2021-04-07 09:32:20,1760.5,550744
2021-04-07 09:32:21,1760.5,550950
2021-04-07 09:32:22,1760.5,550950
2021-04-07 09:32:23,1760.5,550952
2021-04-07 09:32:24,1760.5,550952
2021-04-07 09:32:25,1760.5,550952
2021-04-07 09:32:27,1760.5,551988
2021-04-07 09:32:28,1760.5,552119
2021-04-07 09:32:29,1760.5,552705
2021-04-07 09:32:31,1760.5,552705
2021-04-07 09:32:32,1760.5,552705
2021-04-07 09:32:33,1760.65,554089
2021-04-07 09:32:34,1760.65,554443
2021-04-07 09:32:35,1760.65,554443
2021-04-07 09:32:36,1760.65,554545
2021-04-07 09:32:37,1760.5,555079
2021-04-07 09:32:38,1760.5,555097
2021-04-07 09:32:39,1760.05,555307
2021-04-07 09:32:40,1760.5,555327
2021-04-07 09:32:41,1760.6,555582
2021-04-07 09:32:42,1760.65,556519
2021-04-07 09:32:43,1760.65,556519
2021-04-07 09:32:44,1760.5,558218
2021-04-07 09:32:45,1761.25,558260
2021-04-07 09:32:46,1761.45,558322
2021-04-07 09:32:48,1761.5,563140
2021-04-07 09:32:49,1761.55,564954
2021-04-07 09:32:49,1761.55,564954
2021-04-07 09:32:51,1760.0,565528
2021-04-07 09:32:52,1760.0,565528
2021-04-07 09:32:52,1760.4,565874
2021-04-07 09:32:53,1760.4,565874
2021-04-07 09:32:54,1760.15,565897
2021-04-07 09:32:55,1760.05,566015
2021-04-07 09:32:56,1760.05,566062
2021-04-07 09:32:57,1760.0,566180
2021-04-07 09:32:59,1760.35,566242
2021-04-07 09:33:00,1760.5,566342
2021-04-07 09:33:01,1760.75,566343
2021-04-07 09:33:02,1760.2,566397
2021-04-07 09:33:03,1760.5,566582
2021-04-07 09:33:04,1760.5,566608
2021-04-07 09:33:04,1760.5,566608
2021-04-07 09:33:05,1760.5,566608
2021-04-07 09:33:06,1760.5,566608
2021-04-07 09:33:07,1760.9,567858
2021-04-07 09:33:08,1760.55,567936
2021-04-07 09:33:09,1760.55,567983
2021-04-07 09:33:11,1761.25,568148
2021-04-07 09:33:12,1761.45,568423
2021-04-07 09:33:13,1761.4,568738
2021-04-07 09:33:14,1761.3,568932
2021-04-07 09:33:15,1760.5,569092
2021-04-07 09:33:16,1760.2,569231
2021-04-07 09:33:17,1760.2,569231
2021-04-07 09:33:18,1760.5,569382
2021-04-07 09:33:19,1760.5,569405
2021-04-07 09:33:20,1760.0,569577
2021-04-07 09:33:21,1760.0,569577
2021-04-07 09:33:23,1760.25,569950
2021-04-07 09:33:24,1759.3,570175
2021-04-07 09:33:25,1759.3,570175
2021-04-07 09:33:26,1759.3,570175
2021-04-07 09:33:27,1759.3,570175
2021-04-07 09:33:28,1759.3,570175
2021-04-07 09:33:29,1759.3,570175
2021-04-07 09:33:30,1760.0,570514
2021-04-07 09:33:31,1760.0,570529
2021-04-07 09:33:32,1760.0,570529
2021-04-07 09:33:33,1760.0,570529
2021-04-07 09:33:34,1760.0,570529
2021-04-07 09:33:35,1759.55,570633
2021-04-07 09:33:36,1759.65,570670
2021-04-07 09:33:37,1759.5,570729
2021-04-07 09:33:39,1760.1,570905
2021-04-07 09:33:40,1760.4,571005
2021-04-07 09:33:41,1760.5,571018
2021-04-07 09:33:42,1760.3,571078
2021-04-07 09:33:43,1760.35,571080
2021-04-07 09:33:44,1760.35,571080
2021-04-07 09:33:46,1760.1,571081
2021-04-07 09:33:47,1760.1,571082
2021-04-07 09:33:48,1760.1,571082
2021-04-07 09:33:49,1760.15,571088
2021-04-07 09:33:50,1760.15,571088
2021-04-07 09:33:51,1760.05,571089
2021-04-07 09:33:52,1760.05,571089
2021-04-07 09:33:54,1760.15,571090
2021-04-07 09:33:55,1760.15,571090
2021-04-07 09:33:55,1760.45,571340
2021-04-07 09:33:56,1760.45,571340
2021-04-07 09:33:58,1760.25,571835
2021-04-07 09:33:59,1760.5,571838
2021-04-07 09:34:00,1760.7,571843
2021-04-07 09:34:01,1760.65,572567
2021-04-07 09:34:02,1760.8,572989
2021-04-07 09:34:03,1761.0,573325
2021-04-07 09:34:04,1760.8,573374
2021-04-07 09:34:06,1760.9,573416
2021-04-07 09:34:07,1760.8,573539
2021-04-07 09:34:08,1760.55,573758
2021-04-07 09:34:09,1761.4,573963
2021-04-07 09:34:10,1760.5,574437
2021-04-07 09:34:12,1760.6,574646
2021-04-07 09:34:13,1760.45,574661
2021-04-07 09:34:14,1760.45,574661
2021-04-07 09:34:15,1760.45,574661
2021-04-07 09:34:16,1760.45,574661
2021-04-07 09:34:16,1760.5,574663
2021-04-07 09:34:17,1760.75,574664
2021-04-07 09:34:18,1760.25,574806
2021-04-07 09:34:19,1760.25,574812
2021-04-07 09:34:21,1760.3,574930
2021-04-07 09:34:22,1760.5,575328
2021-04-07 09:34:23,1760.5,575354
2021-04-07 09:34:24,1760.5,575354
2021-04-07 09:34:25,1760.7,575504
2021-04-07 09:34:25,1760.7,575504
2021-04-07 09:34:26,1760.55,575566
2021-04-07 09:34:27,1760.55,575578
2021-04-07 09:34:29,1760.5,575604
2021-04-07 09:34:30,1760.5,575844
2021-04-07 09:34:31,1760.5,576010
2021-04-07 09:34:32,1760.5,576026
2021-04-07 09:34:32,1760.5,576076
2021-04-07 09:34:33,1760.5,576076
2021-04-07 09:34:35,1760.45,576178
2021-04-07 09:34:36,1760.45,576401
2021-04-07 09:34:37,1760.5,576906
2021-04-07 09:34:37,1760.5,576906
2021-04-07 09:34:38,1760.5,577029
2021-04-07 09:34:39,1760.5,577036
2021-04-07 09:34:41,1760.5,577092
2021-04-07 09:34:42,1760.35,577098
2021-04-07 09:34:43,1760.35,577190
2021-04-07 09:34:44,1760.5,577220
2021-04-07 09:34:44,1760.5,577220
2021-04-07 09:34:45,1760.5,577312
2021-04-07 09:34:47,1760.5,581609
2021-04-07 09:34:48,1760.5,581686
2021-04-07 09:34:49,1760.85,581687
2021-04-07 09:34:50,1760.5,582449
2021-04-07 09:34:51,1760.5,582494
2021-04-07 09:34:51,1760.5,582494
2021-04-07 09:34:52,1760.5,582494
2021-04-07 09:34:53,1760.9,582514
2021-04-07 09:34:54,1760.9,582514
2021-04-07 09:34:55,1760.9,582514
2021-04-07 09:34:57,1760.05,582741
2021-04-07 09:34:58,1760.05,582741
2021-04-07 09:34:59,1759.9,583081
2021-04-07 09:35:00,1760.25,583153
2021-04-07 09:35:01,1760.3,583253
2021-04-07 09:35:01,1760.3,583253
2021-04-07 09:35:02,1760.45,583343
2021-04-07 09:35:04,1760.45,583343
2021-04-07 09:35:05,1760.45,583343
2021-04-07 09:35:06,1760.5,583843
2021-04-07 09:35:07,1760.5,583843
2021-04-07 09:35:08,1760.5,583843
2021-04-07 09:35:09,1760.5,583843
2021-04-07 09:35:09,1760.95,583849
2021-04-07 09:35:10,1760.95,583849
2021-04-07 09:35:11,1760.25,584152
2021-04-07 09:35:13,1760.5,584256
2021-04-07 09:35:13,1760.5,584256
2021-04-07 09:35:14,1760.5,584256
2021-04-07 09:35:16,1760.5,584280
2021-04-07 09:35:17,1760.5,584293
2021-04-07 09:35:18,1760.5,584293
2021-04-07 09:35:18,1760.5,584293
2021-04-07 09:35:19,1760.5,584299
2021-04-07 09:35:20,1760.5,584325
2021-04-07 09:35:21,1760.45,584330
2021-04-07 09:35:22,1760.45,584330
2021-04-07 09:35:24,1760.5,584339
2021-04-07 09:35:26,1760.5,584491
2021-04-07 09:35:27,1760.5,584491
2021-04-07 09:35:29,1760.5,584501
2021-04-07 09:35:30,1760.5,584723
2021-04-07 09:35:31,1760.5,584723
2021-04-07 09:35:32,1760.5,584723
2021-04-07 09:35:33,1760.5,584724
2021-04-07 09:35:35,1760.5,584786
2021-04-07 09:35:36,1760.5,584786
2021-04-07 09:35:37,1760.5,584791
2021-04-07 09:35:38,1760.4,584869
2021-04-07 09:35:39,1760.5,584936
2021-04-07 09:35:40,1760.5,584938
2021-04-07 09:35:40,1760.5,584938
2021-04-07 09:35:41,1760.25,585082
2021-04-07 09:35:43,1759.75,585597
2021-04-07 09:35:44,1759.75,585597
2021-04-07 09:35:45,1759.1,585598
2021-04-07 09:35:46,1759.1,585598
2021-04-07 09:35:47,1759.1,585598
2021-04-07 09:35:48,1759.1,585598
2021-04-07 09:35:49,1759.7,585618
2021-04-07 09:35:50,1759.7,585618
2021-04-07 09:35:51,1759.7,585618
2021-04-07 09:35:52,1759.0,585800
2021-04-07 09:35:53,1759.7,585823
2021-04-07 09:35:54,1759.75,585834
2021-04-07 09:35:55,1759.75,585835
2021-04-07 09:35:56,1760.1,586084
2021-04-07 09:35:56,1760.1,586084
2021-04-07 09:35:58,1760.1,586094
2021-04-07 09:35:59,1760.1,586099
2021-04-07 09:36:00,1760.1,586104
2021-04-07 09:36:01,1760.1,586175
2021-04-07 09:36:03,1760.1,586175
2021-04-07 09:36:04,1759.85,586726
2021-04-07 09:36:05,1759.85,586746
2021-04-07 09:36:06,1760.1,586757
2021-04-07 09:36:07,1759.7,586808
2021-04-07 09:36:08,1759.45,587095
2021-04-07 09:36:09,1759.45,587155
2021-04-07 09:36:10,1759.0,587269
2021-04-07 09:36:10,1759.0,587269
2021-04-07 09:36:11,1759.45,587270
2021-04-07 09:36:13,1759.45,587273
2021-04-07 09:36:14,1759.45,587283
2021-04-07 09:36:15,1759.45,587283
2021-04-07 09:36:16,1759.45,587283
2021-04-07 09:36:17,1759.45,587288
2021-04-07 09:36:17,1759.45,587288
2021-04-07 09:36:18,1759.45,587288
2021-04-07 09:36:19,1759.45,587430
2021-04-07 09:36:21,1760.0,587441
2021-04-07 09:36:22,1760.0,587441
2021-04-07 09:36:23,1760.0,587441
2021-04-07 09:36:24,1760.0,587441
2021-04-07 09:36:25,1760.0,587441
2021-04-07 09:36:26,1759.9,587541
2021-04-07 09:36:28,1760.0,587644
2021-04-07 09:36:29,1760.0,587675
2021-04-07 09:36:30,1759.8,587695
2021-04-07 09:36:31,1760.1,587749
2021-04-07 09:36:32,1760.1,587767
2021-04-07 09:36:32,1760.1,587767
2021-04-07 09:36:33,1760.1,587767
2021-04-07 09:36:35,1760.1,587768
2021-04-07 09:36:36,1760.05,587994
2021-04-07 09:36:37,1760.1,588054
2021-04-07 09:36:38,1760.1,588054
2021-04-07 09:36:38,1760.1,588054
2021-04-07 09:36:40,1760.05,588068
2021-04-07 09:36:41,1760.05,588068
2021-04-07 09:36:42,1760.1,588083
2021-04-07 09:36:43,1760.1,588083
2021-04-07 09:36:44,1760.1,588216
2021-04-07 09:36:45,1760.5,589531
2021-04-07 09:36:46,1760.5,589668
2021-04-07 09:36:47,1760.5,589673
2021-04-07 09:36:47,1760.5,589674
2021-04-07 09:36:48,1760.5,589704
2021-04-07 09:36:49,1760.5,589710
2021-04-07 09:36:50,1760.5,590019
2021-04-07 09:36:51,1760.5,590019
2021-04-07 09:36:52,1761.05,590292
2021-04-07 09:36:53,1761.05,590292
2021-04-07 09:36:55,1761.35,590334
2021-04-07 09:36:56,1760.5,590517
2021-04-07 09:36:57,1760.5,590517
2021-04-07 09:36:58,1760.45,590520
2021-04-07 09:36:59,1760.5,590521
2021-04-07 09:37:01,1760.5,590521
2021-04-07 09:37:02,1760.5,591071
2021-04-07 09:37:03,1761.45,591192
2021-04-07 09:37:04,1760.6,591445
2021-04-07 09:37:05,1760.5,591629
2021-04-07 09:37:08,1760.35,592045
2021-04-07 09:37:09,1760.35,592045
2021-04-07 09:37:10,1760.35,592045
2021-04-07 09:37:11,1759.4,592492
2021-04-07 09:37:12,1759.4,592492
2021-04-07 09:37:13,1759.4,592492
2021-04-07 09:37:14,1759.5,592537
2021-04-07 09:37:15,1759.5,592597
2021-04-07 09:37:16,1759.5,592597
2021-04-07 09:37:17,1759.8,592717
2021-04-07 09:37:18,1759.1,592858
2021-04-07 09:37:19,1759.1,592858
2021-04-07 09:37:20,1759.1,592858
2021-04-07 09:37:20,1759.1,592858
2021-04-07 09:37:22,1759.8,592868
2021-04-07 09:37:22,1759.8,592869
2021-04-07 09:37:24,1760.2,592929
2021-04-07 09:37:25,1760.2,592929
2021-04-07 09:37:26,1760.0,592939
2021-04-07 09:37:27,1760.0,592939
2021-04-07 09:37:27,1760.0,592939
2021-04-07 09:37:29,1759.8,592940
2021-04-07 09:37:30,1759.6,593002
2021-04-07 09:37:31,1759.5,593152
2021-04-07 09:37:32,1758.0,594570
2021-04-07 09:37:34,1759.1,595102
2021-04-07 09:37:35,1758.6,595305
2021-04-07 09:37:36,1758.65,595420
2021-04-07 09:37:36,1758.65,595420
2021-04-07 09:37:38,1758.9,595687
2021-04-07 09:37:39,1758.9,595687
2021-04-07 09:37:40,1758.4,595851
2021-04-07 09:37:42,1758.45,596709
2021-04-07 09:37:42,1758.7,596809
2021-04-07 09:37:44,1758.7,596809
2021-04-07 09:37:45,1759.15,596909
2021-04-07 09:37:46,1759.15,596909
2021-04-07 09:37:47,1759.15,596909
2021-04-07 09:37:48,1759.15,596909
2021-04-07 09:37:49,1759.6,596921
2021-04-07 09:37:50,1759.2,596936
2021-04-07 09:37:51,1759.2,596936
2021-04-07 09:37:52,1758.9,596990
2021-04-07 09:37:53,1759.55,596995
2021-04-07 09:37:54,1758.75,597145
2021-04-07 09:37:55,1758.75,597145
2021-04-07 09:37:57,1758.95,597313
2021-04-07 09:37:58,1759.05,597319
2021-04-07 09:37:59,1759.05,597319
2021-04-07 09:38:00,1759.1,597321
2021-04-07 09:38:01,1759.1,597502
2021-04-07 09:38:02,1759.15,597512
2021-04-07 09:38:04,1758.3,597572
2021-04-07 09:38:05,1758.3,597572
2021-04-07 09:38:06,1759.6,597677
2021-04-07 09:38:07,1759.55,597680
2021-04-07 09:38:08,1759.55,597680
2021-04-07 09:38:09,1758.25,598242
2021-04-07 09:38:10,1758.25,598242
2021-04-07 09:38:11,1758.95,598267
2021-04-07 09:38:12,1758.8,598524
2021-04-07 09:38:13,1758.9,598622
2021-04-07 09:38:15,1758.8,598700
2021-04-07 09:38:16,1758.55,598760
2021-04-07 09:38:17,1758.55,598760
2021-04-07 09:38:18,1758.55,598760
2021-04-07 09:38:19,1758.55,598760
2021-04-07 09:38:20,1759.05,598771
2021-04-07 09:38:21,1759.05,598791
2021-04-07 09:38:22,1759.8,599105
2021-04-07 09:38:23,1759.8,599105
2021-04-07 09:38:24,1759.8,599105
2021-04-07 09:38:25,1760.0,599165
2021-04-07 09:38:26,1760.0,599176
2021-04-07 09:38:27,1760.0,599176
2021-04-07 09:38:28,1759.25,599226
2021-04-07 09:38:29,1760.0,599236
2021-04-07 09:38:30,1760.0,599241
2021-04-07 09:38:31,1760.0,599241
2021-04-07 09:38:32,1759.3,599254
2021-04-07 09:38:33,1759.2,599366
2021-04-07 09:38:34,1759.2,599366
2021-04-07 09:38:35,1759.25,599388
2021-04-07 09:38:36,1759.25,599398
2021-04-07 09:38:37,1760.0,599491
2021-04-07 09:38:38,1760.05,599843
2021-04-07 09:38:39,1760.1,599870
2021-04-07 09:38:40,1760.2,599871
2021-04-07 09:38:41,1760.2,599871
2021-04-07 09:38:42,1760.2,599880
2021-04-07 09:38:43,1760.2,599880
2021-04-07 09:38:44,1760.5,600469
2021-04-07 09:38:45,1760.15,600674
2021-04-07 09:38:46,1760.5,600675
2021-04-07 09:38:47,1760.5,600675
2021-04-07 09:38:48,1760.5,600675
2021-04-07 09:38:49,1760.5,600675
2021-04-07 09:38:50,1760.5,600696
2021-04-07 09:38:51,1760.5,600696
2021-04-07 09:38:52,1760.5,600717
2021-04-07 09:38:53,1760.5,600717
2021-04-07 09:38:54,1760.5,600783
2021-04-07 09:38:55,1760.0,600883
2021-04-07 09:38:56,1760.0,600883
2021-04-07 09:38:57,1760.5,600888
2021-04-07 09:38:58,1760.5,600888
2021-04-07 09:38:59,1760.5,600890
2021-04-07 09:39:00,1760.5,600941
2021-04-07 09:39:01,1760.5,600941
2021-04-07 09:39:02,1760.5,600955
2021-04-07 09:39:03,1760.5,600955
2021-04-07 09:39:04,1760.3,600968
2021-04-07 09:39:05,1760.3,600968
2021-04-07 09:39:06,1760.25,601100
2021-04-07 09:39:07,1760.25,602849
2021-04-07 09:39:08,1760.3,602977
2021-04-07 09:39:09,1760.5,603752
2021-04-07 09:39:10,1760.65,604048
2021-04-07 09:39:11,1760.65,604048
2021-04-07 09:39:12,1761.0,604668
2021-04-07 09:39:13,1760.55,604777
2021-04-07 09:39:14,1760.5,605333
2021-04-07 09:39:15,1761.0,605876
2021-04-07 09:39:16,1760.55,606062
2021-04-07 09:39:17,1760.55,606331
2021-04-07 09:39:18,1761.0,606581
2021-04-07 09:39:19,1761.0,606814
2021-04-07 09:39:20,1761.0,606890
2021-04-07 09:39:21,1760.5,607763
2021-04-07 09:39:22,1761.1,607902
2021-04-07 09:39:23,1761.1,607902
2021-04-07 09:39:24,1760.95,608217
2021-04-07 09:39:25,1760.85,608250
2021-04-07 09:39:26,1760.95,608521
2021-04-07 09:39:27,1760.9,608587
2021-04-07 09:39:28,1760.8,608641
2021-04-07 09:39:29,1761.0,610171
2021-04-07 09:39:30,1760.8,610190
2021-04-07 09:39:31,1761.0,610312
2021-04-07 09:39:32,1760.5,610918
2021-04-07 09:39:33,1760.5,610918
2021-04-07 09:39:34,1760.75,610941
2021-04-07 09:39:35,1760.75,610975
2021-04-07 09:39:36,1760.75,611009
2021-04-07 09:39:37,1760.95,611158
2021-04-07 09:39:38,1760.8,611179
2021-04-07 09:39:39,1760.75,611201
2021-04-07 09:39:40,1760.8,611238
2021-04-07 09:39:41,1760.75,611316
2021-04-07 09:39:42,1760.5,611336
2021-04-07 09:39:43,1760.5,611336
2021-04-07 09:39:44,1760.5,611337
2021-04-07 09:39:45,1760.5,611337
2021-04-07 09:39:46,1760.7,612114
2021-04-07 09:39:47,1760.5,612388
2021-04-07 09:39:48,1760.5,612388
2021-04-07 09:39:49,1760.7,612389
2021-04-07 09:39:50,1760.65,612491
2021-04-07 09:39:51,1760.65,612491
2021-04-07 09:39:53,1760.65,612491
2021-04-07 09:39:54,1760.45,612511
2021-04-07 09:39:56,1760.45,612512
2021-04-07 09:39:56,1760.45,612512
2021-04-07 09:39:57,1760.35,612697
2021-04-07 09:39:58,1760.5,613202
2021-04-07 09:40:00,1760.5,613258
2021-04-07 09:40:01,1760.5,613258
2021-04-07 09:40:03,1760.5,613258
2021-04-07 09:40:03,1760.5,613268
2021-04-07 09:40:04,1760.5,613269
2021-04-07 09:40:05,1760.5,613274
2021-04-07 09:40:06,1760.5,613275
2021-04-07 09:40:07,1760.45,613297
2021-04-07 09:40:08,1760.5,613299
2021-04-07 09:40:09,1760.5,613299
2021-04-07 09:40:11,1760.45,613389
2021-04-07 09:40:12,1760.45,613389
2021-04-07 09:40:13,1760.5,613500
2021-04-07 09:40:14,1760.5,613500
2021-04-07 09:40:15,1760.5,613500
2021-04-07 09:40:16,1760.5,613500
2021-04-07 09:40:17,1760.45,613520
2021-04-07 09:40:18,1760.45,613521
2021-04-07 09:40:19,1760.45,613553
2021-04-07 09:40:20,1760.45,613554
2021-04-07 09:40:21,1760.5,613854
2021-04-07 09:40:22,1760.4,613954
2021-04-07 09:40:23,1760.4,613954
2021-04-07 09:40:24,1760.35,613964
2021-04-07 09:40:25,1760.35,613964
2021-04-07 09:40:26,1760.35,613964
2021-04-07 09:40:27,1760.45,614095
2021-04-07 09:40:28,1760.45,614157
2021-04-07 09:40:29,1760.35,614233
2021-04-07 09:40:30,1760.35,614233
2021-04-07 09:40:31,1760.35,614233
2021-04-07 09:40:32,1760.35,614335
2021-04-07 09:40:34,1760.5,614350
2021-04-07 09:40:35,1760.5,614385
2021-04-07 09:40:36,1760.4,614448
2021-04-07 09:40:37,1760.4,614448
2021-04-07 09:40:38,1760.5,614451
2021-04-07 09:40:39,1760.5,614451
2021-04-07 09:40:40,1760.45,614761
2021-04-07 09:40:41,1760.4,614771
2021-04-07 09:40:42,1760.4,614771
2021-04-07 09:40:44,1760.6,615183
2021-04-07 09:40:45,1760.6,615183
2021-04-07 09:40:46,1760.6,615183
2021-04-07 09:40:47,1760.6,615451
2021-04-07 09:40:47,1760.6,615183
2021-04-07 09:40:48,1762.0,617450
2021-04-07 09:40:49,1762.0,617597
2021-04-07 09:40:50,1761.0,619577
2021-04-07 09:40:51,1761.0,620759
2021-04-07 09:40:52,1761.8,621244
2021-04-07 09:40:54,1761.0,622342
2021-04-07 09:40:55,1761.0,622970
2021-04-07 09:40:55,1761.0,623207
2021-04-07 09:40:56,1761.0,623965
2021-04-07 09:40:57,1761.6,624384
2021-04-07 09:40:58,1761.7,625000
2021-04-07 09:41:00,1761.6,625641
2021-04-07 09:41:01,1762.5,626494
2021-04-07 09:41:02,1762.65,626806
2021-04-07 09:41:03,1761.9,627282
2021-04-07 09:41:04,1763.25,629569
2021-04-07 09:41:05,1761.85,631131
2021-04-07 09:41:06,1762.05,631625
2021-04-07 09:41:07,1762.05,631625
2021-04-07 09:41:08,1762.05,631625
2021-04-07 09:41:10,1762.0,632371
2021-04-07 09:41:11,1762.0,632505
2021-04-07 09:41:12,1761.6,632617
2021-04-07 09:41:13,1761.0,639038
2021-04-07 09:41:14,1761.0,639053
2021-04-07 09:41:15,1762.0,639136
2021-04-07 09:41:17,1762.65,639721
2021-04-07 09:41:18,1762.65,639760
2021-04-07 09:41:19,1763.25,639796
2021-04-07 09:41:20,1763.25,639826
2021-04-07 09:41:21,1763.45,639827
2021-04-07 09:41:22,1763.05,640038
2021-04-07 09:41:23,1763.6,640138
2021-04-07 09:41:24,1763.55,640140
2021-04-07 09:41:25,1763.55,640140
2021-04-07 09:41:26,1763.85,640160
2021-04-07 09:41:27,1763.1,640161
2021-04-07 09:41:28,1763.8,640186
2021-04-07 09:41:29,1763.0,640386
2021-04-07 09:41:30,1763.0,641697
2021-04-07 09:41:31,1763.0,641697
2021-04-07 09:41:32,1763.9,641707
2021-04-07 09:41:33,1763.55,641757
2021-04-07 09:41:34,1763.55,641817
2021-04-07 09:41:36,1763.55,642020
2021-04-07 09:41:37,1763.55,642020
2021-04-07 09:41:39,1763.65,642221
2021-04-07 09:41:40,1764.0,642223
2021-04-07 09:41:41,1764.0,642223
2021-04-07 09:41:42,1763.65,642274
2021-04-07 09:41:42,1763.65,642274
2021-04-07 09:41:43,1763.65,642274
2021-04-07 09:41:44,1763.9,642329
2021-04-07 09:41:45,1763.65,642380
2021-04-07 09:41:46,1763.2,643595
2021-04-07 09:41:47,1763.45,643699
2021-04-07 09:41:48,1763.45,643699
2021-04-07 09:41:49,1763.55,643791
2021-04-07 09:41:50,1763.9,643901
2021-04-07 09:41:51,1764.45,644635
2021-04-07 09:41:52,1764.4,644639
2021-04-07 09:41:53,1764.4,644639
2021-04-07 09:41:55,1764.45,645048
2021-04-07 09:41:55,1764.45,645048
2021-04-07 09:41:56,1764.45,645068
2021-04-07 09:41:57,1764.4,645078
2021-04-07 09:41:58,1764.4,645102
2021-04-07 09:41:59,1764.4,645107
2021-04-07 09:42:00,1764.85,645315
2021-04-07 09:42:02,1764.55,645629
2021-04-07 09:42:02,1764.5,646029
2021-04-07 09:42:03,1764.0,647497
2021-04-07 09:42:04,1764.1,647694
2021-04-07 09:42:05,1764.2,647746
2021-04-07 09:42:06,1764.2,647746
2021-04-07 09:42:07,1764.65,647816
2021-04-07 09:42:09,1764.65,647816
2021-04-07 09:42:10,1765.0,647857
2021-04-07 09:42:11,1765.4,648357
2021-04-07 09:42:12,1764.85,648368
2021-04-07 09:42:13,1765.4,648393
2021-04-07 09:42:15,1765.85,648434
2021-04-07 09:42:16,1765.8,648439
2021-04-07 09:42:17,1765.8,648440
2021-04-07 09:42:17,1765.8,648440
2021-04-07 09:42:18,1765.7,648445
2021-04-07 09:42:19,1764.7,648570
2021-04-07 09:42:20,1765.0,648575
2021-04-07 09:42:21,1765.0,648575
2021-04-07 09:42:22,1765.0,649570
2021-04-07 09:42:23,1765.4,649696
2021-04-07 09:42:25,1765.4,649696
2021-04-07 09:42:26,1765.15,649746
2021-04-07 09:42:27,1765.15,649923
2021-04-07 09:42:28,1765.8,649933
2021-04-07 09:42:29,1765.8,649933
2021-04-07 09:42:30,1765.8,649933
2021-04-07 09:42:31,1765.45,649943
2021-04-07 09:42:32,1765.2,650119
2021-04-07 09:42:33,1765.7,650132
2021-04-07 09:42:34,1765.2,650233
2021-04-07 09:42:35,1765.8,650274
2021-04-07 09:42:36,1765.8,650274
2021-04-07 09:42:38,1765.45,650275
2021-04-07 09:42:39,1765.45,650275
2021-04-07 09:42:39,1765.8,650283
2021-04-07 09:42:40,1765.2,650335
2021-04-07 09:42:41,1765.2,650370
2021-04-07 09:42:43,1765.45,650426
2021-04-07 09:42:44,1765.45,650426
2021-04-07 09:42:45,1765.55,650453
2021-04-07 09:42:45,1765.55,650453
2021-04-07 09:42:46,1765.8,650454
2021-04-07 09:42:47,1765.9,650567
2021-04-07 09:42:48,1765.9,650567
2021-04-07 09:42:50,1766.95,651484
2021-04-07 09:42:50,1766.95,651484
2021-04-07 09:42:51,1766.95,652533
2021-04-07 09:42:52,1767.7,652668
2021-04-07 09:42:53,1767.8,654515
2021-04-07 09:42:54,1767.9,654739
2021-04-07 09:42:56,1767.9,654743
2021-04-07 09:42:57,1767.9,654743
2021-04-07 09:42:58,1768.5,654762
2021-04-07 09:42:59,1768.45,655318
2021-04-07 09:43:00,1768.85,655641
2021-04-07 09:43:02,1769.0,655979
2021-04-07 09:43:02,1769.0,656129
2021-04-07 09:43:03,1769.9,656258
2021-04-07 09:43:04,1769.9,656328
2021-04-07 09:43:05,1769.9,656448
2021-04-07 09:43:07,1769.15,656761
2021-04-07 09:43:08,1769.85,656771
2021-04-07 09:43:09,1769.15,657038
2021-04-07 09:43:09,1769.9,657048
2021-04-07 09:43:10,1769.8,657178
2021-04-07 09:43:11,1769.0,657235
2021-04-07 09:43:12,1769.2,657418
2021-04-07 09:43:14,1769.45,657568
2021-04-07 09:43:15,1769.0,657824
2021-04-07 09:43:15,1769.85,658324
2021-04-07 09:43:16,1769.6,658469
2021-04-07 09:43:17,1771.35,663188
2021-04-07 09:43:18,1771.35,663188
2021-04-07 09:43:19,1771.35,663188
2021-04-07 09:43:21,1772.4,666432
2021-04-07 09:43:22,1773.05,668243
2021-04-07 09:43:23,1773.35,668749
2021-04-07 09:43:24,1773.35,668873
2021-04-07 09:43:24,1772.9,669600
2021-04-07 09:43:25,1772.9,670641
2021-04-07 09:43:26,1773.15,671077
2021-04-07 09:43:27,1773.3,671509
2021-04-07 09:43:28,1773.6,671534
2021-04-07 09:43:30,1772.4,672247
2021-04-07 09:43:31,1773.2,672717
2021-04-07 09:43:32,1772.8,673320
2021-04-07 09:43:32,1773.55,673382
2021-04-07 09:43:33,1772.05,673957
2021-04-07 09:43:34,1773.3,674381
2021-04-07 09:43:35,1773.3,674381
2021-04-07 09:43:37,1773.95,675088
2021-04-07 09:43:38,1773.15,675170
2021-04-07 09:43:39,1773.35,675500
2021-04-07 09:43:40,1773.35,675582
2021-04-07 09:43:41,1772.3,676128
2021-04-07 09:43:42,1773.0,676148
2021-04-07 09:43:43,1772.9,676347
2021-04-07 09:43:44,1773.7,676546
2021-04-07 09:43:46,1773.5,676608
2021-04-07 09:43:47,1772.45,677219
2021-04-07 09:43:48,1773.7,677421
2021-04-07 09:43:49,1773.5,677527
2021-04-07 09:43:49,1773.5,677527
2021-04-07 09:43:50,1773.9,677632
2021-04-07 09:43:51,1774.0,677676
2021-04-07 09:43:52,1774.0,677676
2021-04-07 09:43:53,1774.0,677821
2021-04-07 09:43:55,1774.0,677884
2021-04-07 09:43:56,1773.75,677899
2021-04-07 09:43:57,1774.0,677911
2021-04-07 09:43:58,1773.8,677912
2021-04-07 09:43:59,1773.75,678112
2021-04-07 09:43:59,1773.75,678112
2021-04-07 09:44:00,1774.85,679207
2021-04-07 09:44:01,1775.0,680247
2021-04-07 09:44:03,1774.45,681071
2021-04-07 09:44:04,1774.5,681339
2021-04-07 09:44:04,1775.0,681365
2021-04-07 09:44:05,1774.95,681571
2021-04-07 09:44:06,1775.75,681600
2021-04-07 09:44:07,1775.95,681640
2021-04-07 09:44:08,1775.1,681680
2021-04-07 09:44:10,1775.0,681793
2021-04-07 09:44:11,1775.95,681800
2021-04-07 09:44:12,1775.4,682062
2021-04-07 09:44:12,1775.4,682062
2021-04-07 09:44:13,1776.3,682072
2021-04-07 09:44:15,1777.3,682707
2021-04-07 09:44:15,1777.3,682707
2021-04-07 09:44:16,1776.55,682875
2021-04-07 09:44:18,1776.35,682986
2021-04-07 09:44:19,1776.25,683039
2021-04-07 09:44:20,1775.25,683291
2021-04-07 09:44:21,1775.4,683478
2021-04-07 09:44:22,1775.5,683498
2021-04-07 09:44:22,1777.0,684740
2021-04-07 09:44:23,1776.85,685056
2021-04-07 09:44:24,1776.6,687121
2021-04-07 09:44:25,1776.7,687204
2021-04-07 09:44:26,1776.7,687681
2021-04-07 09:44:28,1776.05,687821
2021-04-07 09:44:28,1776.05,687949
2021-04-07 09:44:30,1776.1,688118
2021-04-07 09:44:31,1776.7,688124
2021-04-07 09:44:32,1776.55,688171
2021-04-07 09:44:33,1776.8,688212
2021-04-07 09:44:34,1776.8,688215
2021-04-07 09:44:34,1776.8,688215
2021-04-07 09:44:35,1776.05,688336
2021-04-07 09:44:37,1776.75,688452
2021-04-07 09:44:38,1776.75,688464
2021-04-07 09:44:39,1776.75,688464
2021-04-07 09:44:39,1776.5,688585
2021-04-07 09:44:40,1776.8,688590
2021-04-07 09:44:41,1777.0,688863
2021-04-07 09:44:43,1777.0,688863
2021-04-07 09:44:44,1777.0,688908
2021-04-07 09:44:45,1776.7,688978
2021-04-07 09:44:46,1776.5,689199
2021-04-07 09:44:46,1776.5,689250
2021-04-07 09:44:47,1776.55,689502
2021-04-07 09:44:49,1776.9,689552
2021-04-07 09:44:50,1776.95,689842
2021-04-07 09:44:51,1776.6,690260
2021-04-07 09:44:51,1776.9,690160
2021-04-07 09:44:52,1776.6,690280
2021-04-07 09:44:53,1776.6,690317
2021-04-07 09:44:54,1776.7,690370
2021-04-07 09:44:55,1777.0,690420
2021-04-07 09:44:57,1776.7,690430
2021-04-07 09:44:58,1777.0,690861
2021-04-07 09:44:59,1777.0,690887
2021-04-07 09:44:59,1777.0,690887
2021-04-07 09:45:00,1777.0,690887
2021-04-07 09:45:01,1776.75,690957
2021-04-07 09:45:02,1776.75,690957
2021-04-07 09:45:04,1777.0,691057
2021-04-07 09:45:05,1777.0,691157
2021-04-07 09:45:06,1777.15,691692
2021-04-07 09:45:07,1778.0,691695
2021-04-07 09:45:08,1778.0,691695
2021-04-07 09:45:09,1777.4,691929
2021-04-07 09:45:11,1777.8,692601
2021-04-07 09:45:12,1777.95,692931
2021-04-07 09:45:13,1777.1,693199
2021-04-07 09:45:14,1777.1,693417
2021-04-07 09:45:15,1777.1,693434
2021-04-07 09:45:16,1777.05,694709
2021-04-07 09:45:17,1777.9,694744
2021-04-07 09:45:18,1777.05,695346
2021-04-07 09:45:19,1777.0,695465
2021-04-07 09:45:21,1776.95,697262
2021-04-07 09:45:22,1776.95,697262
2021-04-07 09:45:22,1776.95,697262
2021-04-07 09:45:23,1776.7,697837
2021-04-07 09:45:24,1777.05,698048
2021-04-07 09:45:25,1777.45,698148
2021-04-07 09:45:26,1777.6,698173
2021-04-07 09:45:27,1777.6,698173
2021-04-07 09:45:29,1777.55,698193
2021-04-07 09:45:30,1777.05,698343
2021-04-07 09:45:31,1776.5,698457
2021-04-07 09:45:32,1776.5,699518
2021-04-07 09:45:33,1777.15,699771
2021-04-07 09:45:33,1776.85,700227
2021-04-07 09:45:34,1777.45,700242
2021-04-07 09:45:36,1778.0,700505
2021-04-07 09:45:37,1777.55,700616
2021-04-07 09:45:38,1777.55,700616
2021-04-07 09:45:39,1777.55,701126
2021-04-07 09:45:40,1777.85,701127
2021-04-07 09:45:41,1777.55,701428
2021-04-07 09:45:42,1777.55,701428
2021-04-07 09:45:42,1777.55,701428
2021-04-07 09:45:43,1778.0,701729
2021-04-07 09:45:45,1778.0,701931
2021-04-07 09:45:46,1778.0,702096
2021-04-07 09:45:47,1778.0,702226
2021-04-07 09:45:48,1778.6,704106
2021-04-07 09:45:50,1779.45,705206
2021-04-07 09:45:51,1779.75,705733
2021-04-07 09:45:51,1779.75,705733
2021-04-07 09:45:52,1778.95,706893
2021-04-07 09:45:53,1779.05,706913
2021-04-07 09:45:54,1778.9,707096
2021-04-07 09:45:55,1778.9,707197
2021-04-07 09:45:57,1778.9,707523
2021-04-07 09:45:58,1778.9,707864
2021-04-07 09:45:59,1778.0,707996
2021-04-07 09:46:00,1778.25,708199
2021-04-07 09:46:01,1778.15,708629
2021-04-07 09:46:02,1778.15,708629
2021-04-07 09:46:03,1778.7,709748
2021-04-07 09:46:04,1778.75,709792
2021-04-07 09:46:05,1778.75,709991
2021-04-07 09:46:06,1778.0,711404
2021-04-07 09:46:07,1778.9,711511
2021-04-07 09:46:07,1778.9,711511
2021-04-07 09:46:08,1778.7,711718
2021-04-07 09:46:09,1778.7,711820
2021-04-07 09:46:10,1778.8,711880
2021-04-07 09:46:12,1778.7,711912
2021-04-07 09:46:13,1778.0,713000
2021-04-07 09:46:14,1778.0,713199
2021-04-07 09:46:15,1778.0,713701
2021-04-07 09:46:15,1778.0,713701
2021-04-07 09:46:16,1777.35,713846
2021-04-07 09:46:18,1777.35,713972
2021-04-07 09:46:19,1777.35,713972
2021-04-07 09:46:20,1777.95,714168
2021-04-07 09:46:21,1777.95,714319
2021-04-07 09:46:22,1778.6,715202
2021-04-07 09:46:23,1778.95,716103
2021-04-07 09:46:23,1778.65,717312
2021-04-07 09:46:25,1779.0,717519
2021-04-07 09:46:26,1779.4,717586
2021-04-07 09:46:27,1779.45,718280
2021-04-07 09:46:28,1779.4,718459
2021-04-07 09:46:30,1778.65,718538
2021-04-07 09:46:31,1778.0,718695
2021-04-07 09:46:32,1778.2,718704
2021-04-07 09:46:33,1778.45,718792
2021-04-07 09:46:34,1778.8,718944
2021-04-07 09:46:35,1778.35,719997
2021-04-07 09:46:35,1779.4,719963
2021-04-07 09:46:37,1779.1,720179
2021-04-07 09:46:38,1778.4,720224
2021-04-07 09:46:39,1778.4,720235
2021-04-07 09:46:41,1778.4,720729
2021-04-07 09:46:42,1778.95,720827
2021-04-07 09:46:44,1778.0,721468
2021-04-07 09:46:45,1778.55,721537
2021-04-07 09:46:46,1778.65,721557
2021-04-07 09:46:47,1778.6,721846
2021-04-07 09:46:49,1779.0,721949
2021-04-07 09:46:50,1778.95,721955
2021-04-07 09:46:51,1778.7,722015
2021-04-07 09:46:52,1778.95,722127
2021-04-07 09:46:53,1778.9,722156
2021-04-07 09:46:53,1778.9,722156
2021-04-07 09:46:55,1778.9,722258
2021-04-07 09:46:56,1778.65,722446
2021-04-07 09:46:57,1779.0,722834
2021-04-07 09:46:58,1779.0,722903
2021-04-07 09:46:59,1779.0,722906
2021-04-07 09:46:59,1778.7,722931
2021-04-07 09:47:01,1778.8,724434
2021-04-07 09:47:02,1779.0,724951
2021-04-07 09:47:03,1779.55,725332
2021-04-07 09:47:04,1778.9,725407
2021-04-07 09:47:05,1779.0,725472
2021-04-07 09:47:06,1779.6,725575
2021-04-07 09:47:06,1779.6,725575
2021-04-07 09:47:08,1778.9,725677
2021-04-07 09:47:09,1778.7,725877
2021-04-07 09:47:10,1778.7,725877
2021-04-07 09:47:11,1779.75,725915
2021-04-07 09:47:12,1779.5,725916
2021-04-07 09:47:12,1779.2,725924
2021-04-07 09:47:13,1779.35,725978
2021-04-07 09:47:15,1779.15,725981
2021-04-07 09:47:16,1779.1,726430
2021-04-07 09:47:17,1779.45,726708
2021-04-07 09:47:17,1778.75,726709
2021-04-07 09:47:19,1779.1,726719
2021-04-07 09:47:20,1779.0,727200
2021-04-07 09:47:21,1779.15,728169
2021-04-07 09:47:22,1779.5,728174
2021-04-07 09:47:22,1779.8,728258
2021-04-07 09:47:23,1779.9,728365
2021-04-07 09:47:25,1779.85,728391
2021-04-07 09:47:26,1779.85,728493
2021-04-07 09:47:27,1779.85,728625
2021-04-07 09:47:28,1779.9,729239
2021-04-07 09:47:29,1779.9,729405
2021-04-07 09:47:29,1779.9,729405
2021-04-07 09:47:31,1779.9,729519
2021-04-07 09:47:32,1779.9,729519
2021-04-07 09:47:33,1779.95,729720
2021-04-07 09:47:34,1780.35,732556
2021-04-07 09:47:35,1780.4,732685
2021-04-07 09:47:36,1780.5,732790
2021-04-07 09:47:36,1780.55,732875
2021-04-07 09:47:38,1781.0,733275
2021-04-07 09:47:39,1780.7,733326
2021-04-07 09:47:40,1780.7,734797
2021-04-07 09:47:41,1780.7,735587
2021-04-07 09:47:42,1781.2,735597
2021-04-07 09:47:44,1780.7,736211
2021-04-07 09:47:45,1780.7,736428
2021-04-07 09:47:46,1780.7,736483
2021-04-07 09:47:47,1780.75,737042
2021-04-07 09:47:48,1781.45,737174
2021-04-07 09:47:49,1781.25,738238
2021-04-07 09:47:49,1781.3,738240
2021-04-07 09:47:51,1783.1,740831
2021-04-07 09:47:52,1783.4,741106
2021-04-07 09:47:53,1783.4,741106
2021-04-07 09:47:54,1783.15,741808
2021-04-07 09:47:54,1783.15,741808
2021-04-07 09:47:56,1782.05,742044
2021-04-07 09:47:57,1782.2,742162
2021-04-07 09:47:58,1782.85,742203
2021-04-07 09:47:59,1782.65,744030
2021-04-07 09:48:00,1782.95,745128
2021-04-07 09:48:02,1782.95,745193
2021-04-07 09:48:03,1783.4,745313
2021-04-07 09:48:04,1782.0,749709
2021-04-07 09:48:05,1781.95,749893
2021-04-07 09:48:06,1782.15,750018
2021-04-07 09:48:07,1783.05,750218
2021-04-07 09:48:08,1782.25,750876
2021-04-07 09:48:09,1783.15,750915
2021-04-07 09:48:10,1782.3,751035
2021-04-07 09:48:11,1782.3,751045
2021-04-07 09:48:12,1783.0,751156
2021-04-07 09:48:13,1782.7,751267
2021-04-07 09:48:14,1782.9,751558
2021-04-07 09:48:14,1783.0,751608
2021-04-07 09:48:16,1783.0,751623
2021-04-07 09:48:17,1782.95,751783
2021-04-07 09:48:18,1782.65,751867
2021-04-07 09:48:19,1782.65,752008
2021-04-07 09:48:20,1782.95,752154
2021-04-07 09:48:20,1783.0,752152
2021-04-07 09:48:21,1782.3,752206
2021-04-07 09:48:22,1782.0,753230
2021-04-07 09:48:23,1782.95,753409
2021-04-07 09:48:25,1782.35,753625
2021-04-07 09:48:26,1782.0,753988
2021-04-07 09:48:27,1781.75,754039
2021-04-07 09:48:29,1780.55,754670
2021-04-07 09:48:30,1780.55,754670
2021-04-07 09:48:31,1781.7,754790
2021-04-07 09:48:31,1781.7,754790
2021-04-07 09:48:33,1781.5,754791
2021-04-07 09:48:34,1781.55,754841
2021-04-07 09:48:35,1781.75,754891
2021-04-07 09:48:36,1781.6,754913
2021-04-07 09:48:37,1781.8,754998
2021-04-07 09:48:38,1782.85,755058
2021-04-07 09:48:39,1782.05,755184
2021-04-07 09:48:40,1782.05,755335
2021-04-07 09:48:41,1782.05,755335
2021-04-07 09:48:42,1782.05,755387
2021-04-07 09:48:43,1782.05,755545
2021-04-07 09:48:44,1782.65,755605
2021-04-07 09:48:45,1782.55,755642
2021-04-07 09:48:46,1782.55,755879
2021-04-07 09:48:47,1782.3,755944
2021-04-07 09:48:48,1782.3,755944
2021-04-07 09:48:49,1782.3,755995
2021-04-07 09:48:50,1782.05,756214
2021-04-07 09:48:51,1782.05,756714
2021-04-07 09:48:52,1782.05,757183
2021-04-07 09:48:53,1782.05,757399
2021-04-07 09:48:55,1782.45,757584
2021-04-07 09:48:56,1782.0,758107
2021-04-07 09:48:57,1782.0,758208
2021-04-07 09:48:58,1782.0,758411
2021-04-07 09:48:59,1781.7,758416
2021-04-07 09:49:00,1781.7,758417
2021-04-07 09:49:01,1781.7,758579
2021-04-07 09:49:03,1781.7,758673
2021-04-07 09:49:04,1780.45,758790
2021-04-07 09:49:05,1781.3,758793
2021-04-07 09:49:06,1781.3,758793
2021-04-07 09:49:07,1781.6,758916
2021-04-07 09:49:08,1780.75,758928
2021-04-07 09:49:09,1781.65,758942
2021-04-07 09:49:10,1781.8,758943
2021-04-07 09:49:11,1781.65,758954
2021-04-07 09:49:12,1781.65,758954
2021-04-07 09:49:13,1782.0,759015
2021-04-07 09:49:14,1781.25,759051
2021-04-07 09:49:15,1781.65,759056
2021-04-07 09:49:16,1780.8,759266
2021-04-07 09:49:17,1780.8,759266
2021-04-07 09:49:18,1781.75,759281
2021-04-07 09:49:19,1781.5,759332
2021-04-07 09:49:20,1781.25,759349
2021-04-07 09:49:21,1781.6,759532
2021-04-07 09:49:22,1781.65,759542
2021-04-07 09:49:23,1780.8,759562
2021-04-07 09:49:24,1780.8,759664
2021-04-07 09:49:25,1780.75,759679
2021-04-07 09:49:26,1781.75,759722
2021-04-07 09:49:27,1781.7,759900
2021-04-07 09:49:29,1781.2,759927
2021-04-07 09:49:30,1781.2,759928
2021-04-07 09:49:31,1781.2,759934
2021-04-07 09:49:33,1781.2,759949
2021-04-07 09:49:32,1781.2,759949
2021-04-07 09:49:34,1780.75,760026
2021-04-07 09:49:35,1781.45,760058
2021-04-07 09:49:36,1780.6,760068
2021-04-07 09:49:37,1780.6,760387
2021-04-07 09:49:39,1780.1,760651
2021-04-07 09:49:40,1780.95,760786
2021-04-07 09:49:41,1781.45,760825
2021-04-07 09:49:42,1780.2,761370
2021-04-07 09:49:43,1781.1,761379
2021-04-07 09:49:44,1781.1,761379
2021-04-07 09:49:45,1780.35,761611
2021-04-07 09:49:46,1780.3,761666
2021-04-07 09:49:47,1780.55,762016
2021-04-07 09:49:48,1781.4,762072
2021-04-07 09:49:49,1780.8,762097
2021-04-07 09:49:50,1780.95,762153
2021-04-07 09:49:51,1781.0,762203
2021-04-07 09:49:52,1780.25,762635
2021-04-07 09:49:53,1781.2,762637
2021-04-07 09:49:54,1781.0,762647
2021-04-07 09:49:55,1781.0,762647
2021-04-07 09:49:56,1781.0,762648
2021-04-07 09:49:57,1781.4,762676
2021-04-07 09:49:58,1781.4,762676
2021-04-07 09:49:59,1781.4,762679
2021-04-07 09:50:00,1781.4,762679
2021-04-07 09:50:01,1781.05,763070
2021-04-07 09:50:02,1780.9,764028
2021-04-07 09:50:03,1781.5,764201
2021-04-07 09:50:04,1781.5,764326
2021-04-07 09:50:05,1781.75,764432
2021-04-07 09:50:06,1781.75,764538
2021-04-07 09:50:07,1782.4,765674
2021-04-07 09:50:08,1782.05,766099
2021-04-07 09:50:09,1782.1,766165
2021-04-07 09:50:10,1783.0,766277
2021-04-07 09:50:11,1783.0,766277
2021-04-07 09:50:12,1782.9,766466
2021-04-07 09:50:14,1782.9,766466
2021-04-07 09:50:13,1782.9,766466
2021-04-07 09:50:15,1782.7,766486
2021-04-07 09:50:16,1782.7,766688
2021-04-07 09:50:17,1783.0,766854
2021-04-07 09:50:18,1782.85,766966
2021-04-07 09:50:19,1782.85,766966
2021-04-07 09:50:20,1782.05,767549
2021-04-07 09:50:21,1782.05,767549
2021-04-07 09:50:22,1782.6,767574
2021-04-07 09:50:23,1782.3,767575
2021-04-07 09:50:24,1782.3,767575
2021-04-07 09:50:25,1782.3,767575
2021-04-07 09:50:26,1782.7,767733
2021-04-07 09:50:27,1782.55,767936
2021-04-07 09:50:28,1782.8,768040
2021-04-07 09:50:29,1782.55,768056
2021-04-07 09:50:30,1782.55,768098
2021-04-07 09:50:31,1783.1,769123
2021-04-07 09:50:32,1783.1,769242
2021-04-07 09:50:33,1782.3,769472
2021-04-07 09:50:34,1782.8,769654
2021-04-07 09:50:35,1781.9,769775
2021-04-07 09:50:36,1782.5,770101
2021-04-07 09:50:37,1782.5,770101
2021-04-07 09:50:38,1782.5,770101
2021-04-07 09:50:40,1782.45,770163
2021-04-07 09:50:39,1782.45,770153
2021-04-07 09:50:41,1782.45,770164
2021-04-07 09:50:42,1782.45,770169
2021-04-07 09:50:43,1782.5,770270
2021-04-07 09:50:44,1782.5,770280
2021-04-07 09:50:45,1782.0,770281
2021-04-07 09:50:46,1782.05,770289
2021-04-07 09:50:48,1782.5,770290
2021-04-07 09:50:48,1782.5,770290
2021-04-07 09:50:49,1782.5,770290
2021-04-07 09:50:50,1782.0,770427
2021-04-07 09:50:51,1782.45,770454
2021-04-07 09:50:52,1782.05,770691
2021-04-07 09:50:54,1782.55,770724
2021-04-07 09:50:54,1782.05,770730
2021-04-07 09:50:55,1782.05,770730
2021-04-07 09:50:56,1782.45,770852
2021-04-07 09:50:57,1782.45,770871
2021-04-07 09:50:58,1782.5,770979
2021-04-07 09:51:00,1782.45,771047
2021-04-07 09:51:00,1782.45,771047
2021-04-07 09:51:01,1782.1,771069
2021-04-07 09:51:02,1781.7,773139
2021-04-07 09:51:03,1782.0,773161
2021-04-07 09:51:04,1782.45,773213
2021-04-07 09:51:06,1782.5,773375
2021-04-07 09:51:06,1782.5,773375
2021-04-07 09:51:07,1782.5,773389
2021-04-07 09:51:08,1782.45,773514
2021-04-07 09:51:09,1782.5,773537
2021-04-07 09:51:10,1782.0,773892
2021-04-07 09:51:11,1782.35,773930
2021-04-07 09:51:12,1782.0,773977
2021-04-07 09:51:14,1782.0,773997
2021-04-07 09:51:15,1782.45,774008
2021-04-07 09:51:15,1782.45,774018
2021-04-07 09:51:16,1782.0,774132
2021-04-07 09:51:17,1782.0,774134
2021-04-07 09:51:18,1782.0,775997
2021-04-07 09:51:19,1781.75,776041
2021-04-07 09:51:20,1781.7,776448
2021-04-07 09:51:21,1782.0,776508
2021-04-07 09:51:23,1782.25,776567
2021-04-07 09:51:24,1781.2,776635
2021-04-07 09:51:25,1781.5,776660
2021-04-07 09:51:26,1782.05,776779
2021-04-07 09:51:27,1781.25,776880
2021-04-07 09:51:28,1782.0,777155
2021-04-07 09:51:29,1781.6,777201
2021-04-07 09:51:31,1781.1,777392
2021-04-07 09:51:31,1781.1,777392
2021-04-07 09:51:32,1781.5,777426
2021-04-07 09:51:33,1780.1,777906
2021-04-07 09:51:34,1781.0,777924
2021-04-07 09:51:35,1780.45,778050
2021-04-07 09:51:37,1781.0,778110
2021-04-07 09:51:37,1781.0,778110
2021-04-07 09:51:38,1781.0,778115
2021-04-07 09:51:39,1780.3,778125
2021-04-07 09:51:40,1780.6,778138
2021-04-07 09:51:41,1781.15,778139
2021-04-07 09:51:42,1781.15,778140
2021-04-07 09:51:43,1781.15,778140
2021-04-07 09:51:44,1781.15,778141
2021-04-07 09:51:45,1780.35,778203
2021-04-07 09:51:46,1780.0,779043
2021-04-07 09:51:47,1780.65,779389
2021-04-07 09:51:48,1780.55,779640
2021-04-07 09:51:49,1777.6,782845
2021-04-07 09:51:50,1778.95,782965
2021-04-07 09:51:51,1778.9,783553
2021-04-07 09:51:52,1778.25,783783
2021-04-07 09:51:53,1778.25,783834
2021-04-07 09:51:54,1777.85,784681
2021-04-07 09:51:55,1778.75,784834
2021-04-07 09:51:56,1778.0,785272
2021-04-07 09:51:57,1779.95,785465
2021-04-07 09:51:58,1779.55,785478
2021-04-07 09:51:59,1779.55,785478
2021-04-07 09:52:01,1780.0,785498
2021-04-07 09:52:02,1780.0,785544
2021-04-07 09:52:03,1779.6,785545
2021-04-07 09:52:03,1779.6,785545
2021-04-07 09:52:04,1780.0,785648
2021-04-07 09:52:05,1779.15,786166
2021-04-07 09:52:06,1779.15,786254
2021-04-07 09:52:07,1778.3,786255
2021-04-07 09:52:08,1778.3,786255
2021-04-07 09:52:09,1778.3,786255
2021-04-07 09:52:10,1778.3,786255
2021-04-07 09:52:12,1779.15,786341
2021-04-07 09:52:13,1779.15,786356
2021-04-07 09:52:14,1779.15,786378
2021-04-07 09:52:15,1779.15,786428
2021-04-07 09:52:16,1778.75,786621
2021-04-07 09:52:17,1779.5,786657
2021-04-07 09:52:18,1779.0,786941
2021-04-07 09:52:19,1779.3,786992
2021-04-07 09:52:20,1779.0,787042
2021-04-07 09:52:21,1779.0,787044
2021-04-07 09:52:22,1779.0,787097
2021-04-07 09:52:23,1778.6,787168
2021-04-07 09:52:24,1778.15,787568
2021-04-07 09:52:26,1779.85,787688
2021-04-07 09:52:26,1779.85,787688
2021-04-07 09:52:27,1779.85,787704
2021-04-07 09:52:28,1778.85,788259
2021-04-07 09:52:29,1779.5,788364
2021-04-07 09:52:30,1778.85,788439
2021-04-07 09:52:31,1779.4,788471
2021-04-07 09:52:32,1778.85,788536
2021-04-07 09:52:33,1778.85,788550
2021-04-07 09:52:35,1778.0,788671
2021-04-07 09:52:36,1778.6,788676
2021-04-07 09:52:37,1778.6,788753
2021-04-07 09:52:38,1778.6,788772
2021-04-07 09:52:39,1778.6,788772
2021-04-07 09:52:40,1778.1,788775
2021-04-07 09:52:41,1777.6,789275
2021-04-07 09:52:42,1778.6,789294
2021-04-07 09:52:43,1778.7,789296
2021-04-07 09:52:44,1778.7,789298
2021-04-07 09:52:45,1778.7,789300
2021-04-07 09:52:46,1778.7,789300
2021-04-07 09:52:47,1778.7,789310
2021-04-07 09:52:49,1778.85,789315
2021-04-07 09:52:49,1778.85,789315
2021-04-07 09:52:50,1778.85,789405
2021-04-07 09:52:51,1778.7,789706
2021-04-07 09:52:53,1778.95,789851
2021-04-07 09:52:53,1779.0,789860
2021-04-07 09:52:54,1778.95,790372
2021-04-07 09:52:55,1779.0,790452
2021-04-07 09:52:57,1778.7,790494
2021-04-07 09:52:58,1778.7,790494
2021-04-07 09:52:58,1778.7,790494
2021-04-07 09:52:59,1778.7,790494
2021-04-07 09:53:00,1779.0,790594
2021-04-07 09:53:01,1779.0,790621
2021-04-07 09:53:02,1779.0,790621
2021-04-07 09:53:04,1779.0,790713
2021-04-07 09:53:05,1779.5,790730
2021-04-07 09:53:06,1779.6,790844
2021-04-07 09:53:07,1780.0,791660
2021-04-07 09:53:08,1780.3,791733
2021-04-07 09:53:09,1779.8,792829
2021-04-07 09:53:10,1781.35,793274
2021-04-07 09:53:11,1781.2,793333
2021-04-07 09:53:13,1781.2,793544
2021-04-07 09:53:14,1781.6,793701
2021-04-07 09:53:15,1780.45,793776
2021-04-07 09:53:16,1781.0,793786
2021-04-07 09:53:17,1780.45,793838
2021-04-07 09:53:18,1780.45,793838
2021-04-07 09:53:20,1781.35,794047
2021-04-07 09:53:21,1782.0,794158
2021-04-07 09:53:21,1782.0,794218
2021-04-07 09:53:22,1781.8,794276
2021-04-07 09:53:23,1781.8,794335
2021-04-07 09:53:24,1781.8,794487
2021-04-07 09:53:25,1781.8,794717
2021-04-07 09:53:26,1781.75,794767
2021-04-07 09:53:27,1781.75,794882
2021-04-07 09:53:28,1781.75,794921
2021-04-07 09:53:30,1781.0,795235
2021-04-07 09:53:29,1781.0,795049
2021-04-07 09:53:31,1781.8,796087
2021-04-07 09:53:32,1781.7,796165
2021-04-07 09:53:34,1781.8,796261
2021-04-07 09:53:34,1781.8,796261
2021-04-07 09:53:35,1781.95,796281
2021-04-07 09:53:36,1782.0,796528
2021-04-07 09:53:37,1782.0,796580
2021-04-07 09:53:38,1781.8,796606
2021-04-07 09:53:40,1781.8,796606
2021-04-07 09:53:42,1781.35,796716
2021-04-07 09:53:42,1781.35,796716
2021-04-07 09:53:43,1781.2,796766
2021-04-07 09:53:44,1781.75,797072
2021-04-07 09:53:45,1781.0,797225
2021-04-07 09:53:46,1781.35,797379
2021-04-07 09:53:48,1781.35,797383
2021-04-07 09:53:49,1781.55,797476
2021-04-07 09:53:50,1781.2,797488
2021-04-07 09:53:51,1781.35,797588
2021-04-07 09:53:52,1782.0,797803
2021-04-07 09:53:53,1782.0,797870
2021-04-07 09:53:54,1782.0,797870
2021-04-07 09:53:55,1782.25,797908
2021-04-07 09:53:57,1782.45,798009
2021-04-07 09:53:58,1782.2,798041
2021-04-07 09:53:58,1782.1,798037
2021-04-07 09:53:59,1782.0,798069
2021-04-07 09:54:00,1782.0,798069
2021-04-07 09:54:01,1782.15,798074
2021-04-07 09:54:02,1782.15,798161
2021-04-07 09:54:03,1782.45,798571
2021-04-07 09:54:04,1782.45,798592
2021-04-07 09:54:06,1782.45,798722
2021-04-07 09:54:07,1782.15,798757
2021-04-07 09:54:07,1782.15,798757
2021-04-07 09:54:08,1782.15,798757
2021-04-07 09:54:09,1782.45,798807
2021-04-07 09:54:10,1782.45,798807
2021-04-07 09:54:12,1782.45,798807
2021-04-07 09:54:13,1782.5,799449
2021-04-07 09:54:14,1783.9,800266
2021-04-07 09:54:14,1783.9,800374
2021-04-07 09:54:15,1784.0,800634
2021-04-07 09:54:16,1783.85,801355
2021-04-07 09:54:17,1783.85,801558
2021-04-07 09:54:18,1784.0,801575
2021-04-07 09:54:20,1784.6,801788
2021-04-07 09:54:21,1784.0,801892
2021-04-07 09:54:22,1784.3,802023
2021-04-07 09:54:22,1784.3,802023
2021-04-07 09:54:23,1784.55,802039
2021-04-07 09:54:24,1784.6,802091
2021-04-07 09:54:25,1784.55,802491
2021-04-07 09:54:27,1784.75,802791
2021-04-07 09:54:27,1784.9,802811
2021-04-07 09:54:28,1784.65,802856
2021-04-07 09:54:30,1784.9,803907
2021-04-07 09:54:31,1784.7,804267
2021-04-07 09:54:32,1784.8,804270
2021-04-07 09:54:33,1785.5,806150
2021-04-07 09:54:34,1785.5,806323
2021-04-07 09:54:35,1785.95,806328
2021-04-07 09:54:36,1785.6,806350
2021-04-07 09:54:38,1786.0,806725
2021-04-07 09:54:38,1785.75,806867
2021-04-07 09:54:39,1785.75,806928
2021-04-07 09:54:41,1785.3,807190
2021-04-07 09:54:42,1785.75,807251
2021-04-07 09:54:42,1785.75,807251
2021-04-07 09:54:43,1785.6,807356
2021-04-07 09:54:44,1785.6,807362
2021-04-07 09:54:45,1785.6,807371
2021-04-07 09:54:46,1785.45,807460
2021-04-07 09:54:47,1785.45,807460
2021-04-07 09:54:49,1785.75,807490
2021-04-07 09:54:50,1785.75,807570
2021-04-07 09:54:51,1785.35,807700
2021-04-07 09:54:52,1785.6,807830
2021-04-07 09:54:53,1785.6,807881
2021-04-07 09:54:54,1785.95,808086
2021-04-07 09:54:55,1785.55,808149
2021-04-07 09:54:56,1786.0,808152
2021-04-07 09:54:57,1785.5,808256
2021-04-07 09:54:58,1785.35,808377
2021-04-07 09:55:00,1785.35,808609
2021-04-07 09:55:01,1785.05,808690
2021-04-07 09:55:01,1785.45,808694
2021-04-07 09:55:02,1785.45,808702
2021-04-07 09:55:03,1785.45,808702
2021-04-07 09:55:05,1785.45,808702
2021-04-07 09:55:06,1785.4,808704
2021-04-07 09:55:07,1785.45,808819
2021-04-07 09:55:07,1785.4,808845
2021-04-07 09:55:09,1786.1,809047
2021-04-07 09:55:10,1785.4,809229
2021-04-07 09:55:12,1785.35,809556
2021-04-07 09:55:13,1785.25,809630
2021-04-07 09:55:14,1785.5,809760
2021-04-07 09:55:15,1785.4,810334
2021-04-07 09:55:16,1785.6,810385
2021-04-07 09:55:17,1785.6,810513
2021-04-07 09:55:18,1785.6,810521
2021-04-07 09:55:19,1785.25,810621
2021-04-07 09:55:19,1785.6,810521
2021-04-07 09:55:20,1785.45,810626
2021-04-07 09:55:22,1785.45,810626
2021-04-07 09:55:24,1784.6,811156
2021-04-07 09:55:24,1785.0,811203
2021-04-07 09:55:25,1784.2,811352
2021-04-07 09:55:27,1785.1,811360
2021-04-07 09:55:28,1784.75,811427
2021-04-07 09:55:29,1784.75,811430
2021-04-07 09:55:30,1783.75,811731
2021-04-07 09:55:32,1784.95,811746
2021-04-07 09:55:33,1784.95,811746
2021-04-07 09:55:33,1785.1,812274
2021-04-07 09:55:34,1785.2,812303
2021-04-07 09:55:36,1785.6,812319
2021-04-07 09:55:37,1785.6,812457
2021-04-07 09:55:38,1785.0,812554
2021-04-07 09:55:39,1785.1,812609
2021-04-07 09:55:39,1785.6,812611
2021-04-07 09:55:40,1785.6,812772
2021-04-07 09:55:41,1785.6,812780
2021-04-07 09:55:42,1785.6,812780
2021-04-07 09:55:44,1785.6,813123
2021-04-07 09:55:45,1786.1,813420
2021-04-07 09:55:46,1786.3,813470
2021-04-07 09:55:47,1785.75,813817
2021-04-07 09:55:48,1786.3,813874
2021-04-07 09:55:49,1786.45,813918
2021-04-07 09:55:49,1786.45,813920
2021-04-07 09:55:50,1786.35,813932
2021-04-07 09:55:51,1785.85,814133
2021-04-07 09:55:52,1786.5,814208
2021-04-07 09:55:54,1786.1,814304
2021-04-07 09:55:55,1785.95,814310
2021-04-07 09:55:56,1786.0,814326
2021-04-07 09:55:57,1786.6,814406
2021-04-07 09:55:58,1786.65,814410
2021-04-07 09:55:59,1786.9,814412
2021-04-07 09:56:00,1786.9,814417
2021-04-07 09:56:01,1785.75,814618
2021-04-07 09:56:02,1786.5,814628
2021-04-07 09:56:04,1786.5,814628
2021-04-07 09:56:05,1786.0,814778
2021-04-07 09:56:06,1785.35,815136
2021-04-07 09:56:07,1785.8,815154
2021-04-07 09:56:08,1785.55,815206
2021-04-07 09:56:09,1785.55,815295
2021-04-07 09:56:11,1785.4,815565
2021-04-07 09:56:12,1785.45,815603
2021-04-07 09:56:13,1785.6,815605
2021-04-07 09:56:14,1785.75,815860
2021-04-07 09:56:15,1786.45,815878
2021-04-07 09:56:15,1786.85,815879
2021-04-07 09:56:16,1786.45,815976
2021-04-07 09:56:18,1785.4,816027
2021-04-07 09:56:18,1785.35,816034
2021-04-07 09:56:19,1786.0,816095
2021-04-07 09:56:21,1785.35,816112
2021-04-07 09:56:22,1786.5,816613
2021-04-07 09:56:23,1786.3,816645
2021-04-07 09:56:24,1785.3,816948
2021-04-07 09:56:25,1785.35,817018
2021-04-07 09:56:26,1785.2,817122
2021-04-07 09:56:27,1785.85,817177
2021-04-07 09:56:28,1785.8,817205
2021-04-07 09:56:30,1785.8,817206
2021-04-07 09:56:30,1785.8,817221
2021-04-07 09:56:32,1785.0,817373
2021-04-07 09:56:33,1785.85,817381
2021-04-07 09:56:33,1785.85,817383
2021-04-07 09:56:34,1785.8,817393
2021-04-07 09:56:35,1785.8,817395
2021-04-07 09:56:37,1785.8,817412
2021-04-07 09:56:38,1785.0,817465
2021-04-07 09:56:40,1785.0,817582
2021-04-07 09:56:41,1785.8,818118
2021-04-07 09:56:42,1784.7,818281
2021-04-07 09:56:43,1785.75,818309
2021-04-07 09:56:44,1785.75,818309
2021-04-07 09:56:45,1785.6,818412
2021-04-07 09:56:47,1784.55,818576
2021-04-07 09:56:48,1783.5,818735
2021-04-07 09:56:49,1783.85,821993
2021-04-07 09:56:49,1783.8,821838
2021-04-07 09:56:50,1784.25,822819
2021-04-07 09:56:51,1783.8,822914
2021-04-07 09:56:52,1784.55,822919
2021-04-07 09:56:53,1784.05,823123
2021-04-07 09:56:55,1784.2,823177
2021-04-07 09:56:56,1784.0,823186
2021-04-07 09:56:57,1784.55,823187
2021-04-07 09:56:58,1784.55,823187
2021-04-07 09:56:59,1783.55,823696
2021-04-07 09:57:00,1782.95,823868
2021-04-07 09:57:01,1782.9,823948
2021-04-07 09:57:02,1782.4,823998
2021-04-07 09:57:03,1782.35,824014
2021-04-07 09:57:05,1783.15,824175
2021-04-07 09:57:06,1782.95,824230
2021-04-07 09:57:07,1782.9,824233
2021-04-07 09:57:07,1782.9,824233
2021-04-07 09:57:08,1782.5,824299
2021-04-07 09:57:09,1782.95,824324
2021-04-07 09:57:11,1783.5,824325
2021-04-07 09:57:12,1782.5,824431
2021-04-07 09:57:13,1782.5,824465
2021-04-07 09:57:14,1783.0,824466
2021-04-07 09:57:16,1783.3,824486
2021-04-07 09:57:17,1783.55,824487
2021-04-07 09:57:18,1783.55,824487
2021-04-07 09:57:19,1783.0,824509
2021-04-07 09:57:20,1782.85,824577
2021-04-07 09:57:21,1782.45,824689
2021-04-07 09:57:21,1782.1,824684
2021-04-07 09:57:22,1782.45,824722
2021-04-07 09:57:23,1782.45,824738
2021-04-07 09:57:24,1782.45,824774
2021-04-07 09:57:25,1782.45,824776
2021-04-07 09:57:26,1782.45,824776
2021-04-07 09:57:27,1782.45,824788
2021-04-07 09:57:29,1782.45,824814
2021-04-07 09:57:30,1782.5,824816
2021-04-07 09:57:31,1782.3,824824
2021-04-07 09:57:32,1782.4,824846
2021-04-07 09:57:33,1782.4,824847
2021-04-07 09:57:34,1782.4,824847
2021-04-07 09:57:36,1782.25,824884
2021-04-07 09:57:37,1782.85,824992
2021-04-07 09:57:38,1782.85,825024
2021-04-07 09:57:40,1782.85,825054
2021-04-07 09:57:41,1782.85,825057
2021-04-07 09:57:42,1782.85,825057
2021-04-07 09:57:43,1782.85,825057
2021-04-07 09:57:44,1782.75,825058
2021-04-07 09:57:45,1782.25,825654
2021-04-07 09:57:46,1781.45,825840
2021-04-07 09:57:47,1781.4,825986
2021-04-07 09:57:48,1781.4,826035
2021-04-07 09:57:49,1781.95,826063
2021-04-07 09:57:49,1781.4,826075
2021-04-07 09:57:50,1781.95,826087
2021-04-07 09:57:52,1781.1,826187
2021-04-07 09:57:53,1781.4,826216
2021-04-07 09:57:54,1781.15,826545
2021-04-07 09:57:55,1781.15,826569
2021-04-07 09:57:56,1781.1,826670
2021-04-07 09:57:57,1781.95,826687
2021-04-07 09:57:58,1781.95,826704
2021-04-07 09:57:58,1781.0,827741
2021-04-07 09:57:59,1782.25,827923
2021-04-07 09:58:01,1782.85,827964
2021-04-07 09:58:02,1783.0,827998
2021-04-07 09:58:03,1783.4,828113
2021-04-07 09:58:03,1783.4,828108
2021-04-07 09:58:05,1783.0,828171
2021-04-07 09:58:06,1781.65,828726
2021-04-07 09:58:07,1782.45,828866
2021-04-07 09:58:08,1782.45,828873
2021-04-07 09:58:09,1782.5,828874
2021-04-07 09:58:10,1782.5,828874
2021-04-07 09:58:11,1782.5,828874
2021-04-07 09:58:12,1782.05,828878
2021-04-07 09:58:13,1782.05,828878
2021-04-07 09:58:14,1782.05,828888
2021-04-07 09:58:15,1782.5,828899
2021-04-07 09:58:17,1782.5,828901
2021-04-07 09:58:18,1782.5,828941
2021-04-07 09:58:19,1783.0,828943
2021-04-07 09:58:20,1782.6,828944
2021-04-07 09:58:21,1782.6,828944
2021-04-07 09:58:22,1782.55,828984
2021-04-07 09:58:23,1782.95,828994
2021-04-07 09:58:24,1783.0,828995
2021-04-07 09:58:25,1783.0,828995
2021-04-07 09:58:26,1781.6,829018
2021-04-07 09:58:27,1782.35,829019
2021-04-07 09:58:28,1782.35,829019
2021-04-07 09:58:29,1782.35,829019
2021-04-07 09:58:30,1781.95,829022
2021-04-07 09:58:31,1781.4,829024
2021-04-07 09:58:32,1782.0,829034
2021-04-07 09:58:33,1781.45,829076
2021-04-07 09:58:33,1782.0,829092
2021-04-07 09:58:34,1782.0,829093
2021-04-07 09:58:35,1782.0,829093
2021-04-07 09:58:36,1782.0,829094
2021-04-07 09:58:38,1782.55,829391
2021-04-07 09:58:39,1782.05,829509
2021-04-07 09:58:40,1782.0,829522
2021-04-07 09:58:41,1782.55,829604
2021-04-07 09:58:42,1782.55,829652
2021-04-07 09:58:43,1782.45,829658
2021-04-07 09:58:44,1782.45,829658
2021-04-07 09:58:45,1782.45,829658
2021-04-07 09:58:46,1782.45,829658
2021-04-07 09:58:47,1782.0,829672
2021-04-07 09:58:48,1781.95,829697
2021-04-07 09:58:48,1782.0,829695
2021-04-07 09:58:49,1782.5,829712
2021-04-07 09:58:50,1782.2,830233
2021-04-07 09:58:51,1783.0,830417
2021-04-07 09:58:52,1783.35,830611
2021-04-07 09:58:54,1783.85,830687
2021-04-07 09:58:55,1783.8,830736
2021-04-07 09:58:56,1783.75,830816
2021-04-07 09:58:56,1783.05,830812
2021-04-07 09:58:58,1783.75,830831
2021-04-07 09:58:59,1783.75,830832
2021-04-07 09:59:00,1783.35,830907
2021-04-07 09:59:01,1782.0,831151
2021-04-07 09:59:02,1782.4,831330
2021-04-07 09:59:03,1782.0,831394
2021-04-07 09:59:03,1782.8,831397
2021-04-07 09:59:05,1782.8,831397
2021-04-07 09:59:07,1782.8,831397
2021-04-07 09:59:08,1782.6,831398
2021-04-07 09:59:09,1782.6,831398
2021-04-07 09:59:10,1782.6,831406
2021-04-07 09:59:11,1782.05,831417
2021-04-07 09:59:12,1782.6,831419
2021-04-07 09:59:13,1783.8,831630
2021-04-07 09:59:14,1783.0,831705
2021-04-07 09:59:14,1783.0,831723
2021-04-07 09:59:15,1783.65,831724
2021-04-07 09:59:16,1783.65,831724
2021-04-07 09:59:17,1783.65,831724
2021-04-07 09:59:18,1783.65,831724
2021-04-07 09:59:20,1783.3,831744
2021-04-07 09:59:21,1783.6,831764
2021-04-07 09:59:22,1783.8,831765
2021-04-07 09:59:23,1783.8,831770
2021-04-07 09:59:24,1783.8,831771
2021-04-07 09:59:24,1783.8,831771
2021-04-07 09:59:26,1783.8,831773
2021-04-07 09:59:27,1783.65,832060
2021-04-07 09:59:28,1784.15,832213
2021-04-07 09:59:29,1783.65,832244
2021-04-07 09:59:30,1782.95,832266
2021-04-07 09:59:31,1782.8,832304
2021-04-07 09:59:32,1782.1,832516
2021-04-07 09:59:34,1781.5,832713
2021-04-07 09:59:33,1781.55,832623
2021-04-07 09:59:35,1782.2,832806
2021-04-07 09:59:36,1781.5,832839
2021-04-07 09:59:37,1781.5,832843
2021-04-07 09:59:38,1782.0,832872
2021-04-07 09:59:39,1782.15,832935
2021-04-07 09:59:40,1782.3,832964
2021-04-07 09:59:41,1782.05,832977
2021-04-07 09:59:42,1782.1,833006
2021-04-07 09:59:43,1782.45,833007
2021-04-07 09:59:44,1782.45,833023
2021-04-07 09:59:45,1782.45,833024
2021-04-07 09:59:47,1782.3,833180
2021-04-07 09:59:48,1782.3,833199
2021-04-07 09:59:49,1782.5,833711
2021-04-07 09:59:50,1781.7,833862
2021-04-07 09:59:52,1783.0,833990
2021-04-07 09:59:53,1783.3,833993
2021-04-07 09:59:54,1783.35,834000
2021-04-07 09:59:55,1783.2,834209
2021-04-07 09:59:56,1782.05,834357
2021-04-07 09:59:57,1782.7,834410
2021-04-07 09:59:58,1782.3,834434
2021-04-07 09:59:59,1783.0,834448
2021-04-07 10:00:00,1783.85,834505
2021-04-07 10:00:01,1783.3,834532
2021-04-07 10:00:02,1783.7,834534
2021-04-07 10:00:03,1784.0,834646
2021-04-07 10:00:04,1783.9,834697
2021-04-07 10:00:05,1783.9,834700
2021-04-07 10:00:06,1783.9,834700
2021-04-07 10:00:07,1783.9,834700
2021-04-07 10:00:08,1783.7,834701
2021-04-07 10:00:09,1783.35,834707
2021-04-07 10:00:10,1783.35,834707
2021-04-07 10:00:11,1783.7,834724
2021-04-07 10:00:12,1783.55,834738
2021-04-07 10:00:13,1783.55,834739
2021-04-07 10:00:14,1783.55,834739
2021-04-07 10:00:16,1783.55,834739
2021-04-07 10:00:17,1783.4,834788
2021-04-07 10:00:18,1783.15,834803
2021-04-07 10:00:19,1783.4,834804
2021-04-07 10:00:20,1782.9,834807
2021-04-07 10:00:21,1782.9,834807
2021-04-07 10:00:22,1783.35,834810
2021-04-07 10:00:23,1782.5,834814
2021-04-07 10:00:24,1782.75,834824
2021-04-07 10:00:25,1782.75,834829
2021-04-07 10:00:26,1782.75,834829
2021-04-07 10:00:27,1782.75,834832
2021-04-07 10:00:28,1782.75,834833
2021-04-07 10:00:29,1782.75,834837
2021-04-07 10:00:30,1782.75,834838
2021-04-07 10:00:31,1782.75,834838
2021-04-07 10:00:32,1782.75,834838
2021-04-07 10:00:33,1782.75,834838
2021-04-07 10:00:34,1782.75,834838
2021-04-07 10:00:35,1782.75,834838
2021-04-07 10:00:36,1782.1,834844
2021-04-07 10:00:37,1781.15,835092
2021-04-07 10:00:38,1781.1,835183
2021-04-07 10:00:39,1780.25,835327
2021-04-07 10:00:40,1780.2,835571
2021-04-07 10:00:41,1780.1,835953
2021-04-07 10:00:42,1780.1,836004
2021-04-07 10:00:43,1780.45,836133
2021-04-07 10:00:44,1777.85,838393
2021-04-07 10:00:45,1777.85,838393
2021-04-07 10:00:46,1777.8,839756
2021-04-07 10:00:47,1780.1,843654
2021-04-07 10:00:48,1780.05,844987
2021-04-07 10:00:49,1780.45,845424
2021-04-07 10:00:50,1780.45,845603
2021-04-07 10:00:51,1780.65,845757
2021-04-07 10:00:52,1781.65,846145
2021-04-07 10:00:53,1781.7,846462
2021-04-07 10:00:54,1782.55,846771
2021-04-07 10:00:55,1782.05,847124
2021-04-07 10:00:56,1782.1,847327
2021-04-07 10:00:57,1782.1,847338
2021-04-07 10:00:58,1782.1,847339
2021-04-07 10:00:59,1782.1,847364
2021-04-07 10:01:00,1782.1,847419
2021-04-07 10:01:01,1782.6,847422
2021-04-07 10:01:02,1782.1,847442
2021-04-07 10:01:03,1782.75,847463
2021-04-07 10:01:04,1782.75,847464
2021-04-07 10:01:05,1782.2,847479
2021-04-07 10:01:06,1782.0,848290
2021-04-07 10:01:07,1781.75,848505
2021-04-07 10:01:08,1781.65,848663
2021-04-07 10:01:09,1782.0,848671
2021-04-07 10:01:10,1781.85,848672
2021-04-07 10:01:11,1781.85,848672
2021-04-07 10:01:12,1781.85,848689
2021-04-07 10:01:13,1780.95,848808
2021-04-07 10:01:14,1781.0,848890
2021-04-07 10:01:15,1781.65,848895
2021-04-07 10:01:16,1781.65,848895
2021-04-07 10:01:17,1781.15,848898
2021-04-07 10:01:18,1781.15,848898
2021-04-07 10:01:19,1781.15,848898
2021-04-07 10:01:20,1781.15,848898
2021-04-07 10:01:21,1781.05,849079
2021-04-07 10:01:22,1780.2,849105
2021-04-07 10:01:23,1780.15,849109
2021-04-07 10:01:24,1780.1,849111
2021-04-07 10:01:25,1780.05,849149
2021-04-07 10:01:26,1780.0,849198
2021-04-07 10:01:27,1779.0,850599
2021-04-07 10:01:28,1778.2,850905
2021-04-07 10:01:29,1778.9,850920
2021-04-07 10:01:30,1778.3,850941
2021-04-07 10:01:31,1778.9,850973
2021-04-07 10:01:32,1778.85,851043
2021-04-07 10:01:33,1778.85,851043
2021-04-07 10:01:34,1780.05,851097
2021-04-07 10:01:35,1780.05,851100
2021-04-07 10:01:36,1781.0,851123
2021-04-07 10:01:37,1780.6,852627
2021-04-07 10:01:38,1780.0,852717
2021-04-07 10:01:39,1779.35,852802
2021-04-07 10:01:41,1779.3,852812
2021-04-07 10:01:42,1778.1,852819
2021-04-07 10:01:43,1778.0,852834
2021-04-07 10:01:44,1779.5,853083
2021-04-07 10:01:45,1779.0,853778
2021-04-07 10:01:46,1780.15,854214
2021-04-07 10:01:47,1780.75,854236
2021-04-07 10:01:48,1780.15,854261
2021-04-07 10:01:49,1780.25,854262
2021-04-07 10:01:50,1779.8,854348
2021-04-07 10:01:51,1779.6,854356
2021-04-07 10:01:52,1779.6,854357
2021-04-07 10:01:53,1779.6,854357
2021-04-07 10:01:54,1779.6,854357
2021-04-07 10:01:55,1779.6,854357
2021-04-07 10:01:56,1779.6,854357
2021-04-07 10:01:57,1780.0,854606
2021-04-07 10:01:59,1780.3,855360
2021-04-07 10:02:00,1780.0,855623
2021-04-07 10:02:00,1780.25,855636
2021-04-07 10:02:01,1780.0,855638
2021-04-07 10:02:02,1779.6,855831
2021-04-07 10:02:03,1779.15,855849
2021-04-07 10:02:04,1779.1,855875
2021-04-07 10:02:05,1779.75,856150
2021-04-07 10:02:07,1780.0,856232
2021-04-07 10:02:08,1780.0,856458
2021-04-07 10:02:08,1779.25,856488
2021-04-07 10:02:10,1780.0,856489
2021-04-07 10:02:10,1780.0,856489
2021-04-07 10:02:11,1780.0,856489
2021-04-07 10:02:12,1780.0,856754
2021-04-07 10:02:13,1779.65,856776
2021-04-07 10:02:14,1779.65,856776
2021-04-07 10:02:16,1781.9,857918
2021-04-07 10:02:16,1780.95,858075
2021-04-07 10:02:17,1780.65,859724
2021-04-07 10:02:18,1780.6,860148
2021-04-07 10:02:20,1781.65,860625
2021-04-07 10:02:21,1781.0,860966
2021-04-07 10:02:21,1781.0,861049
2021-04-07 10:02:22,1780.8,861091
2021-04-07 10:02:23,1782.5,862044
2021-04-07 10:02:24,1781.8,862220
2021-04-07 10:02:25,1782.1,863077
2021-04-07 10:02:26,1782.6,864297
2021-04-07 10:02:27,1783.65,865580
2021-04-07 10:02:28,1783.05,866052
2021-04-07 10:02:29,1783.05,866207
2021-04-07 10:02:30,1782.6,866286
2021-04-07 10:02:31,1782.1,866429
2021-04-07 10:02:32,1782.2,866593
2021-04-07 10:02:34,1783.05,867116
2021-04-07 10:02:35,1783.05,867116
2021-04-07 10:02:36,1784.1,869170
2021-04-07 10:02:37,1783.9,869927
2021-04-07 10:02:38,1785.7,871307
2021-04-07 10:02:40,1784.25,872601
2021-04-07 10:02:41,1785.45,874536
2021-04-07 10:02:42,1785.45,874761
2021-04-07 10:02:43,1785.6,875360
2021-04-07 10:02:45,1786.6,876788
2021-04-07 10:02:46,1786.25,877180
2021-04-07 10:02:46,1787.8,878855
2021-04-07 10:02:47,1787.25,879562
2021-04-07 10:02:48,1787.8,879597
2021-04-07 10:02:49,1787.2,880029
2021-04-07 10:02:50,1785.65,880250
2021-04-07 10:02:52,1785.65,880275
2021-04-07 10:02:53,1784.5,880442
2021-04-07 10:02:54,1784.0,880485
2021-04-07 10:02:56,1783.3,880749
2021-04-07 10:02:56,1782.75,881330
2021-04-07 10:02:57,1783.8,882095
2021-04-07 10:02:58,1786.05,882404
2021-04-07 10:02:59,1786.05,882404
2021-04-07 10:03:00,1787.55,882581
2021-04-07 10:03:01,1785.7,883043
2021-04-07 10:03:02,1786.35,883259
2021-04-07 10:03:03,1786.35,883498
2021-04-07 10:03:04,1786.25,883559
2021-04-07 10:03:06,1786.35,883628
2021-04-07 10:03:07,1786.9,884196
2021-04-07 10:03:07,1786.55,884151
2021-04-07 10:03:08,1786.6,884381
2021-04-07 10:03:09,1787.65,884543
2021-04-07 10:03:10,1788.25,885578
2021-04-07 10:03:12,1787.0,886656
2021-04-07 10:03:13,1788.4,886710
2021-04-07 10:03:14,1787.45,887255
2021-04-07 10:03:15,1787.9,888104
2021-04-07 10:03:16,1788.25,888368
2021-04-07 10:03:17,1788.1,888413
2021-04-07 10:03:18,1787.8,888660
2021-04-07 10:03:19,1787.2,888758
2021-04-07 10:03:20,1787.3,888787
2021-04-07 10:03:21,1787.8,888815
2021-04-07 10:03:23,1788.2,889408
2021-04-07 10:03:23,1787.15,889631
2021-04-07 10:03:25,1787.6,889705
2021-04-07 10:03:25,1787.15,889971
2021-04-07 10:03:26,1787.5,890081
2021-04-07 10:03:27,1786.85,890088
2021-04-07 10:03:28,1786.85,890088
2021-04-07 10:03:29,1786.85,890088
2021-04-07 10:03:30,1786.95,890210
2021-04-07 10:03:31,1786.9,890239
2021-04-07 10:03:32,1786.6,890240
2021-04-07 10:03:33,1786.6,890258
2021-04-07 10:03:34,1786.6,890269
2021-04-07 10:03:35,1786.6,890269
2021-04-07 10:03:36,1785.25,890407
2021-04-07 10:03:37,1785.35,890444
2021-04-07 10:03:39,1784.9,890878
2021-04-07 10:03:39,1784.35,890952
2021-04-07 10:03:42,1785.3,891271
2021-04-07 10:03:43,1784.9,891688
2021-04-07 10:03:44,1784.35,891761
2021-04-07 10:03:45,1784.95,891829
2021-04-07 10:03:46,1784.95,891832
2021-04-07 10:03:47,1784.95,891832
2021-04-07 10:03:48,1784.9,891927
2021-04-07 10:03:49,1784.0,892401
2021-04-07 10:03:50,1783.3,892494
2021-04-07 10:03:52,1783.3,892573
2021-04-07 10:03:53,1783.6,892701
2021-04-07 10:03:53,1783.85,892707
2021-04-07 10:03:54,1783.85,892720
2021-04-07 10:03:55,1783.5,892801
2021-04-07 10:03:56,1784.0,892815
2021-04-07 10:03:58,1784.0,892816
2021-04-07 10:03:59,1784.0,892817
2021-04-07 10:03:59,1784.25,893047
2021-04-07 10:04:00,1784.25,893084
2021-04-07 10:04:01,1784.2,893096
2021-04-07 10:04:02,1784.2,893147
2021-04-07 10:04:03,1783.55,893150
2021-04-07 10:04:05,1783.3,893492
2021-04-07 10:04:06,1782.0,895511
2021-04-07 10:04:07,1782.0,896546
2021-04-07 10:04:07,1782.0,897075
2021-04-07 10:04:08,1782.95,897419
2021-04-07 10:04:09,1783.25,897532
2021-04-07 10:04:10,1783.75,897611
2021-04-07 10:04:13,1785.05,897671
2021-04-07 10:04:14,1785.35,897734
2021-04-07 10:04:15,1785.4,897750
2021-04-07 10:04:16,1786.2,897923
2021-04-07 10:04:17,1785.3,897957
2021-04-07 10:04:19,1784.85,898180
2021-04-07 10:04:20,1784.75,898219
2021-04-07 10:04:20,1784.7,898221
2021-04-07 10:04:21,1784.7,898221
2021-04-07 10:04:22,1784.7,898221
2021-04-07 10:04:24,1784.3,898239
2021-04-07 10:04:25,1784.65,898243
2021-04-07 10:04:26,1784.75,898253
2021-04-07 10:04:26,1784.25,898355
2021-04-07 10:04:27,1784.5,898377
2021-04-07 10:04:28,1784.75,898429
2021-04-07 10:04:31,1784.75,898441
2021-04-07 10:04:32,1784.75,898441
2021-04-07 10:04:32,1784.75,898441
2021-04-07 10:04:33,1784.65,898523
2021-04-07 10:04:34,1784.75,898561
2021-04-07 10:04:35,1784.85,898633
2021-04-07 10:04:36,1785.0,899574
2021-04-07 10:04:37,1786.35,899866
2021-04-07 10:04:38,1785.65,899921
2021-04-07 10:04:39,1786.85,899936
2021-04-07 10:04:41,1786.0,900008
2021-04-07 10:04:42,1786.1,900026
2021-04-07 10:04:43,1786.45,900027
2021-04-07 10:04:44,1785.7,900065
2021-04-07 10:04:45,1785.8,900108
2021-04-07 10:04:45,1785.7,900106
2021-04-07 10:04:46,1785.25,900116
2021-04-07 10:04:48,1785.95,900138
2021-04-07 10:04:49,1785.8,900141
2021-04-07 10:04:50,1786.6,901173
2021-04-07 10:04:50,1787.2,901235
2021-04-07 10:04:51,1786.55,901461
2021-04-07 10:04:52,1786.45,901508
2021-04-07 10:04:53,1786.45,901515
2021-04-07 10:04:54,1786.35,901643
2021-04-07 10:04:55,1786.2,901783
2021-04-07 10:04:56,1786.0,901913
2021-04-07 10:04:58,1786.2,902036
2021-04-07 10:04:59,1786.15,902063
2021-04-07 10:05:00,1786.05,902074
2021-04-07 10:05:01,1786.0,902100
2021-04-07 10:05:02,1786.2,902231
2021-04-07 10:05:02,1785.35,902201
2021-04-07 10:05:03,1785.95,902302
2021-04-07 10:05:04,1785.8,902307
2021-04-07 10:05:05,1785.25,902325
2021-04-07 10:05:06,1785.8,902328
2021-04-07 10:05:07,1785.2,902347
2021-04-07 10:05:08,1785.8,902348
2021-04-07 10:05:09,1785.8,902459
2021-04-07 10:05:10,1785.0,902581
2021-04-07 10:05:11,1783.55,904939
2021-04-07 10:05:12,1783.55,904939
2021-04-07 10:05:13,1783.3,905504
2021-04-07 10:05:14,1783.25,905588
2021-04-07 10:05:15,1783.2,905597
2021-04-07 10:05:16,1783.1,905645
2021-04-07 10:05:17,1782.5,905903
2021-04-07 10:05:19,1782.45,906158
2021-04-07 10:05:19,1782.25,906274
2021-04-07 10:05:21,1782.05,906414
2021-04-07 10:05:22,1782.2,906437
2021-04-07 10:05:22,1782.0,906646
2021-04-07 10:05:23,1782.2,906719
2021-04-07 10:05:24,1782.15,906853
2021-04-07 10:05:25,1782.5,906860
2021-04-07 10:05:26,1782.1,906900
2021-04-07 10:05:28,1782.5,906902
2021-04-07 10:05:29,1782.15,906912
2021-04-07 10:05:29,1782.2,906943
2021-04-07 10:05:30,1782.35,906953
2021-04-07 10:05:31,1782.95,907396
2021-04-07 10:05:32,1782.1,907895
2021-04-07 10:05:33,1782.0,907989
2021-04-07 10:05:34,1782.1,908261
2021-04-07 10:05:35,1782.15,908417
2021-04-07 10:05:37,1782.15,908434
2021-04-07 10:05:38,1782.1,908438
2021-04-07 10:05:38,1782.1,908438
2021-04-07 10:05:39,1782.15,908484
2021-04-07 10:05:40,1782.3,908502
2021-04-07 10:05:41,1782.5,908802
2021-04-07 10:05:42,1783.0,908904
2021-04-07 10:05:43,1783.0,908935
2021-04-07 10:05:44,1783.4,909258
2021-04-07 10:05:45,1783.4,909328
2021-04-07 10:05:46,1783.4,909351
2021-04-07 10:05:48,1783.4,909495
2021-04-07 10:05:49,1783.75,909569
2021-04-07 10:05:50,1783.95,909610
2021-04-07 10:05:52,1783.95,909678
2021-04-07 10:05:53,1783.7,909920
2021-04-07 10:05:53,1784.15,909940
2021-04-07 10:05:54,1785.0,910065
2021-04-07 10:05:55,1784.15,910135
2021-04-07 10:05:56,1784.0,910215
2021-04-07 10:05:57,1784.0,910256
2021-04-07 10:05:58,1784.4,910366
2021-04-07 10:06:00,1784.35,910558
2021-04-07 10:06:01,1783.95,910646
2021-04-07 10:06:02,1783.0,910830
2021-04-07 10:06:02,1782.4,910954
2021-04-07 10:06:04,1782.9,911233
2021-04-07 10:06:05,1782.25,911487
2021-04-07 10:06:05,1782.9,911576
2021-04-07 10:06:06,1783.05,911607
2021-04-07 10:06:07,1783.0,911629
2021-04-07 10:06:08,1783.05,911654
2021-04-07 10:06:09,1783.0,911791
2021-04-07 10:06:10,1783.75,911845
2021-04-07 10:06:12,1783.75,911876
2021-04-07 10:06:13,1783.65,911945
2021-04-07 10:06:14,1783.2,912070
2021-04-07 10:06:14,1783.55,912077
2021-04-07 10:06:15,1783.35,912092
2021-04-07 10:06:16,1783.7,912131
2021-04-07 10:06:17,1783.35,912159
2021-04-07 10:06:19,1782.15,912670
2021-04-07 10:06:20,1783.0,912796
2021-04-07 10:06:21,1782.65,912930
2021-04-07 10:06:22,1783.7,912937
2021-04-07 10:06:23,1783.7,913031
2021-04-07 10:06:24,1783.1,913119
2021-04-07 10:06:24,1783.7,913056
2021-04-07 10:06:25,1783.7,913122
2021-04-07 10:06:26,1783.7,913180
2021-04-07 10:06:27,1783.75,913190
2021-04-07 10:06:28,1783.75,913200
2021-04-07 10:06:29,1783.7,913201
2021-04-07 10:06:30,1783.9,913211
2021-04-07 10:06:31,1783.9,913241
2021-04-07 10:06:33,1784.45,913272
2021-04-07 10:06:34,1784.95,913282
2021-04-07 10:06:35,1784.55,913333
2021-04-07 10:06:36,1784.45,913495
2021-04-07 10:06:37,1784.0,913669
2021-04-07 10:06:39,1783.35,913841
2021-04-07 10:06:40,1783.0,913999
2021-04-07 10:06:41,1783.1,914008
2021-04-07 10:06:42,1783.5,914108
2021-04-07 10:06:42,1783.5,914175
2021-04-07 10:06:43,1783.75,914413
2021-04-07 10:06:44,1784.25,914553
2021-04-07 10:06:45,1784.2,914622
2021-04-07 10:06:46,1784.2,914632
2021-04-07 10:06:47,1784.0,914847
2021-04-07 10:06:49,1784.35,914869
2021-04-07 10:06:50,1784.0,914930
2021-04-07 10:06:51,1784.35,914934
2021-04-07 10:06:52,1784.35,914970
2021-04-07 10:06:52,1784.85,914972
2021-04-07 10:06:54,1784.45,915014
2021-04-07 10:06:55,1784.45,915051
2021-04-07 10:06:55,1784.8,915053
2021-04-07 10:06:56,1784.8,915078
2021-04-07 10:06:57,1784.8,915110
2021-04-07 10:06:58,1784.8,915122
2021-04-07 10:07:00,1785.6,915322
2021-04-07 10:07:01,1785.15,915353
2021-04-07 10:07:02,1785.55,915355
2021-04-07 10:07:03,1785.55,915355
2021-04-07 10:07:04,1785.55,915463
2021-04-07 10:07:05,1785.65,915507
2021-04-07 10:07:06,1785.6,915571
2021-04-07 10:07:06,1785.7,915579
