timestamp,ltp,volume
2021-04-07 09:16:31,6821.3,20936
2021-04-07 09:16:32,6819.0,21061
2021-04-07 09:16:33,6819.05,21195
2021-04-07 09:16:34,6819.0,21434
2021-04-07 09:16:35,6822.2,21529
2021-04-07 09:16:36,6821.0,21592
2021-04-07 09:16:37,6822.3,21754
2021-04-07 09:16:38,6822.3,21764
2021-04-07 09:16:39,6824.45,21899
2021-04-07 09:16:40,6822.15,22563
2021-04-07 09:16:41,6822.25,22598
2021-04-07 09:16:42,6822.15,22806
2021-04-07 09:16:43,6824.8,22860
2021-04-07 09:16:44,6820.4,22861
2021-04-07 09:16:46,6821.5,23103
2021-04-07 09:16:47,6823.8,23123
2021-04-07 09:16:48,6824.8,23452
2021-04-07 09:16:49,6821.65,23882
2021-04-07 09:16:50,6820.95,24188
2021-04-07 09:16:51,6820.95,24188
2021-04-07 09:16:52,6824.7,24224
2021-04-07 09:16:53,6820.65,24354
2021-04-07 09:16:54,6822.25,24573
2021-04-07 09:16:55,6821.5,24654
2021-04-07 09:16:56,6820.7,24720
2021-04-07 09:16:57,6824.0,24757
2021-04-07 09:16:58,6814.75,26789
2021-04-07 09:16:59,6811.05,27019
2021-04-07 09:17:00,6813.9,27048
2021-04-07 09:17:01,6813.0,27197
2021-04-07 09:17:02,6816.8,27305
2021-04-07 09:17:03,6816.85,27356
2021-04-07 09:17:04,6816.85,27392
2021-04-07 09:17:05,6816.85,27457
2021-04-07 09:17:06,6812.9,27748
2021-04-07 09:17:07,6814.95,27802
2021-04-07 09:17:08,6814.55,27911
2021-04-07 09:17:09,6814.55,27911
2021-04-07 09:17:10,6816.55,28019
2021-04-07 09:17:11,6815.7,28049
2021-04-07 09:17:12,6819.8,28061
2021-04-07 09:17:14,6819.8,28132
2021-04-07 09:17:13,6819.8,28132
2021-04-07 09:17:15,6816.2,28171
2021-04-07 09:17:16,6819.8,28177
2021-04-07 09:17:17,6815.95,28265
2021-04-07 09:17:19,6815.9,29390
2021-04-07 09:17:20,6816.1,29539
2021-04-07 09:17:21,6816.1,29539
2021-04-07 09:17:22,6819.75,29573
2021-04-07 09:17:23,6819.95,29796
2021-04-07 09:17:24,6820.75,30172
2021-04-07 09:17:25,6819.8,30238
2021-04-07 09:17:27,6824.0,30609
2021-04-07 09:17:28,6822.05,30785
2021-04-07 09:17:29,6822.1,30905
2021-04-07 09:17:30,6822.1,30915
2021-04-07 09:17:31,6824.7,31070
2021-04-07 09:17:32,6822.15,31116
2021-04-07 09:17:33,6824.2,31848
2021-04-07 09:17:34,6823.5,31893
2021-04-07 09:17:35,6827.05,31940
2021-04-07 09:17:36,6823.5,31992
2021-04-07 09:17:37,6823.5,31992
2021-04-07 09:17:38,6824.0,31998
2021-04-07 09:17:39,6823.5,32042
2021-04-07 09:17:40,6824.0,32043
2021-04-07 09:17:41,6823.5,32145
2021-04-07 09:17:42,6824.0,32161
2021-04-07 09:17:43,6824.0,32161
2021-04-07 09:17:44,6823.5,32323
2021-04-07 09:17:45,6823.5,32402
2021-04-07 09:17:46,6823.5,32402
2021-04-07 09:17:47,6823.5,32460
2021-04-07 09:17:48,6823.5,32484
2021-04-07 09:17:49,6823.5,32606
2021-04-07 09:17:50,6823.1,35244
2021-04-07 09:17:51,6823.4,35435
2021-04-07 09:17:52,6824.7,35674
2021-04-07 09:17:53,6826.9,35739
2021-04-07 09:17:54,6823.5,35741
2021-04-07 09:17:55,6825.0,35949
2021-04-07 09:17:56,6823.8,35996
2021-04-07 09:17:57,6827.7,36107
2021-04-07 09:17:58,6827.7,36107
2021-04-07 09:17:59,6824.6,36192
2021-04-07 09:18:00,6828.0,36229
2021-04-07 09:18:01,6828.8,36344
2021-04-07 09:18:02,6828.75,36460
2021-04-07 09:18:03,6828.75,36496
2021-04-07 09:18:04,6825.1,37073
2021-04-07 09:18:06,6825.65,37208
2021-04-07 09:18:07,6825.7,37275
2021-04-07 09:18:07,6828.0,37289
2021-04-07 09:18:08,6825.4,37363
2021-04-07 09:18:09,6828.0,37376
2021-04-07 09:18:10,6827.35,38307
2021-04-07 09:18:11,6833.95,38380
2021-04-07 09:18:12,6829.15,38599
2021-04-07 09:18:13,6829.2,38604
2021-04-07 09:18:14,6829.95,38629
2021-04-07 09:18:16,6833.45,38679
2021-04-07 09:18:17,6833.45,38705
2021-04-07 09:18:18,6833.45,38719
2021-04-07 09:18:19,6830.0,38756
2021-04-07 09:18:21,6830.05,38869
2021-04-07 09:18:21,6830.0,38929
2021-04-07 09:18:22,6830.2,38940
2021-04-07 09:18:23,6830.2,39010
2021-04-07 09:18:24,6830.2,39025
2021-04-07 09:18:25,6831.0,39036
2021-04-07 09:18:26,6830.2,39156
2021-04-07 09:18:27,6831.95,39173
2021-04-07 09:18:28,6830.2,39219
2021-04-07 09:18:30,6831.95,39321
2021-04-07 09:18:30,6833.0,39404
2021-04-07 09:18:31,6833.0,39446
2021-04-07 09:18:32,6830.4,39522
2021-04-07 09:18:33,6832.0,39583
2021-04-07 09:18:34,6834.75,39618
2021-04-07 09:18:35,6834.7,39619
2021-04-07 09:18:36,6831.95,39920
2021-04-07 09:18:38,6832.0,40019
2021-04-07 09:18:38,6832.0,40019
2021-04-07 09:18:39,6834.7,40047
2021-04-07 09:18:40,6835.0,40076
2021-04-07 09:18:41,6834.75,40077
2021-04-07 09:18:42,6832.0,40107
2021-04-07 09:18:43,6834.75,40109
2021-04-07 09:18:44,6833.0,40139
2021-04-07 09:18:45,6833.05,40329
2021-04-07 09:18:46,6834.95,40512
2021-04-07 09:18:47,6833.05,40542
2021-04-07 09:18:48,6834.95,40793
2021-04-07 09:18:50,6834.95,40797
2021-04-07 09:18:50,6835.0,40913
2021-04-07 09:18:51,6835.0,41044
2021-04-07 09:18:52,6834.95,41065
2021-04-07 09:18:53,6834.95,41097
2021-04-07 09:18:55,6834.95,41105
2021-04-07 09:18:55,6834.95,41105
2021-04-07 09:18:56,6834.95,41132
2021-04-07 09:18:57,6834.95,41233
2021-04-07 09:18:59,6833.4,41703
2021-04-07 09:19:00,6833.4,41740
2021-04-07 09:19:01,6833.4,42016
2021-04-07 09:19:02,6833.4,42016
2021-04-07 09:19:03,6833.55,43041
2021-04-07 09:19:04,6833.45,43266
2021-04-07 09:19:05,6833.35,44653
2021-04-07 09:19:06,6833.45,45054
2021-04-07 09:19:08,6834.0,45120
2021-04-07 09:19:08,6834.0,45120
2021-04-07 09:19:09,6835.0,45156
2021-04-07 09:19:10,6835.0,45188
2021-04-07 09:19:12,6834.95,45201
2021-04-07 09:19:12,6834.0,45202
2021-04-07 09:19:13,6834.95,45217
2021-04-07 09:19:14,6834.0,45233
2021-04-07 09:19:15,6834.95,45243
2021-04-07 09:19:16,6834.95,45248
2021-04-07 09:19:17,6833.6,45452
2021-04-07 09:19:18,6834.9,45510
2021-04-07 09:19:19,6834.55,45521
2021-04-07 09:19:21,6834.15,46063
2021-04-07 09:19:21,6825.5,46342
2021-04-07 09:19:22,6818.8,47171
2021-04-07 09:19:23,6820.55,47191
2021-04-07 09:19:24,6824.95,47247
2021-04-07 09:19:25,6824.0,47340
2021-04-07 09:19:26,6825.4,47621
2021-04-07 09:19:27,6826.75,47653
2021-04-07 09:19:28,6824.95,47686
2021-04-07 09:19:29,6826.85,47692
2021-04-07 09:19:30,6826.85,47692
2021-04-07 09:19:31,6827.45,47715
2021-04-07 09:19:32,6827.55,47740
2021-04-07 09:19:33,6824.8,47772
2021-04-07 09:19:34,6827.7,48069
2021-04-07 09:19:35,6826.0,48162
2021-04-07 09:19:37,6825.25,48211
2021-04-07 09:19:37,6825.25,48211
2021-04-07 09:19:38,6829.45,48212
2021-04-07 09:19:39,6827.45,48213
2021-04-07 09:19:40,6827.45,48213
2021-04-07 09:19:41,6829.55,48219
2021-04-07 09:19:42,6827.45,48225
2021-04-07 09:19:43,6829.1,48253
2021-04-07 09:19:44,6825.05,48254
2021-04-07 09:19:46,6827.45,48274
2021-04-07 09:19:46,6827.45,48274
2021-04-07 09:19:47,6830.0,48356
2021-04-07 09:19:48,6829.6,48365
2021-04-07 09:19:49,6827.45,48401
2021-04-07 09:19:50,6827.45,48403
2021-04-07 09:19:51,6827.15,48420
2021-04-07 09:19:52,6827.15,48492
2021-04-07 09:19:53,6827.45,48518
2021-04-07 09:19:55,6824.9,48839
2021-04-07 09:19:55,6827.15,48581
2021-04-07 09:19:56,6826.45,49074
2021-04-07 09:19:57,6825.0,49094
2021-04-07 09:19:58,6825.4,49208
2021-04-07 09:19:59,6825.55,49239
2021-04-07 09:20:00,6825.5,49284
2021-04-07 09:20:01,6825.5,49284
2021-04-07 09:20:02,6823.75,49456
2021-04-07 09:20:03,6825.8,49473
2021-04-07 09:20:04,6827.15,49490
2021-04-07 09:20:05,6825.0,49651
2021-04-07 09:20:06,6825.0,49651
2021-04-07 09:20:08,6825.8,49667
2021-04-07 09:20:08,6827.0,50016
2021-04-07 09:20:09,6827.0,50034
2021-04-07 09:20:10,6826.45,50060
2021-04-07 09:20:11,6827.0,50063
2021-04-07 09:20:12,6826.75,50092
2021-04-07 09:20:13,6826.45,50097
2021-04-07 09:20:14,6827.0,50142
2021-04-07 09:20:15,6826.45,50148
2021-04-07 09:20:17,6827.0,50318
2021-04-07 09:20:18,6827.0,50323
2021-04-07 09:20:19,6827.0,50335
2021-04-07 09:20:20,6827.0,50335
2021-04-07 09:20:21,6826.4,50580
2021-04-07 09:20:22,6828.7,50625
2021-04-07 09:20:24,6826.35,50657
2021-04-07 09:20:25,6828.6,50814
2021-04-07 09:20:25,6828.75,50800
2021-04-07 09:20:26,6828.6,50814
2021-04-07 09:20:27,6828.6,50814
2021-04-07 09:20:29,6826.35,50841
2021-04-07 09:20:30,6826.35,50878
2021-04-07 09:20:30,6826.35,50878
2021-04-07 09:20:31,6825.8,51151
2021-04-07 09:20:32,6828.25,51214
2021-04-07 09:20:33,6828.6,51216
2021-04-07 09:20:35,6827.0,51263
2021-04-07 09:20:37,6826.0,51653
2021-04-07 09:20:38,6824.1,51743
2021-04-07 09:20:39,6824.1,51743
2021-04-07 09:20:41,6821.15,51860
2021-04-07 09:20:42,6825.05,52091
2021-04-07 09:20:42,6825.05,52091
2021-04-07 09:20:43,6822.35,52112
2021-04-07 09:20:44,6824.7,52132
2021-04-07 09:20:45,6825.5,52309
2021-04-07 09:20:46,6825.5,52314
2021-04-07 09:20:47,6826.35,52414
2021-04-07 09:20:49,6826.35,52428
2021-04-07 09:20:50,6825.5,52429
2021-04-07 09:20:51,6823.45,52437
2021-04-07 09:20:52,6823.45,52437
2021-04-07 09:20:53,6825.0,52678
2021-04-07 09:20:55,6822.9,52679
2021-04-07 09:20:56,6823.5,52680
2021-04-07 09:20:57,6822.9,52707
2021-04-07 09:20:58,6822.9,52707
2021-04-07 09:21:00,6822.9,52707
2021-04-07 09:21:01,6822.9,52707
2021-04-07 09:21:01,6822.9,52707
2021-04-07 09:21:02,6823.8,52774
2021-04-07 09:21:03,6823.0,52777
2021-04-07 09:21:04,6823.45,52817
2021-04-07 09:21:05,6823.45,52817
2021-04-07 09:21:06,6823.8,52998
2021-04-07 09:21:07,6823.8,52998
2021-04-07 09:21:08,6823.0,53504
2021-04-07 09:21:09,6822.9,53515
2021-04-07 09:21:10,6824.95,53567
2021-04-07 09:21:12,6823.0,53578
2021-04-07 09:21:13,6823.0,53587
2021-04-07 09:21:13,6823.0,53587
2021-04-07 09:21:14,6823.0,53588
2021-04-07 09:21:15,6823.0,53589
2021-04-07 09:21:16,6823.0,53680
2021-04-07 09:21:18,6825.0,53727
2021-04-07 09:21:19,6825.0,53738
2021-04-07 09:21:20,6823.0,53756
2021-04-07 09:21:21,6822.6,53864
2021-04-07 09:21:22,6822.6,53864
2021-04-07 09:21:23,6825.0,53899
2021-04-07 09:21:25,6825.5,54041
2021-04-07 09:21:26,6824.45,54309
2021-04-07 09:21:26,6825.0,54329
2021-04-07 09:21:27,6825.9,54359
2021-04-07 09:21:28,6823.75,54364
2021-04-07 09:21:29,6827.0,54379
2021-04-07 09:21:30,6823.95,54421
2021-04-07 09:21:32,6823.8,54448
2021-04-07 09:21:33,6826.9,54470
2021-04-07 09:21:34,6825.0,54496
2021-04-07 09:21:35,6825.0,54496
2021-04-07 09:21:36,6825.0,54499
2021-04-07 09:21:37,6825.0,54530
2021-04-07 09:21:39,6826.65,54572
2021-04-07 09:21:38,6825.0,54534
2021-04-07 09:21:40,6826.65,54572
2021-04-07 09:21:42,6825.0,54625
2021-04-07 09:21:43,6825.0,54652
2021-04-07 09:21:44,6825.0,54652
2021-04-07 09:21:44,6826.75,54716
2021-04-07 09:21:45,6826.75,54728
2021-04-07 09:21:47,6825.0,54833
2021-04-07 09:21:48,6825.0,54836
2021-04-07 09:21:49,6825.0,54836
2021-04-07 09:21:50,6825.8,54883
2021-04-07 09:21:50,6825.8,54899
2021-04-07 09:21:51,6825.0,54951
2021-04-07 09:21:52,6825.0,54987
2021-04-07 09:21:53,6825.0,55022
2021-04-07 09:21:54,6825.0,55051
2021-04-07 09:21:55,6825.0,55100
2021-04-07 09:21:56,6825.0,55117
2021-04-07 09:21:57,6825.0,55117
2021-04-07 09:21:59,6824.85,55153
2021-04-07 09:22:00,6825.0,55155
2021-04-07 09:22:01,6825.0,55159
2021-04-07 09:22:02,6825.0,55205
2021-04-07 09:22:03,6824.85,55380
2021-04-07 09:22:04,6824.85,55381
2021-04-07 09:22:05,6825.0,55433
2021-04-07 09:22:06,6825.0,55439
2021-04-07 09:22:07,6825.0,55453
2021-04-07 09:22:07,6825.8,55526
2021-04-07 09:22:08,6826.9,55732
2021-04-07 09:22:09,6825.05,55743
2021-04-07 09:22:11,6827.0,55801
2021-04-07 09:22:12,6828.0,55875
2021-04-07 09:22:13,6828.25,55883
2021-04-07 09:22:14,6828.25,55883
2021-04-07 09:22:15,6826.25,55888
2021-04-07 09:22:15,6826.25,55928
2021-04-07 09:22:16,6829.0,55941
2021-04-07 09:22:17,6828.7,56024
2021-04-07 09:22:18,6829.0,56037
2021-04-07 09:22:19,6829.0,56037
2021-04-07 09:22:20,6829.0,56037
2021-04-07 09:22:22,6826.15,56047
2021-04-07 09:22:23,6826.15,56047
2021-04-07 09:22:23,6825.6,56498
2021-04-07 09:22:24,6824.6,56527
2021-04-07 09:22:26,6822.0,56670
2021-04-07 09:22:27,6822.0,56670
2021-04-07 09:22:28,6824.3,56673
2021-04-07 09:22:29,6824.0,56698
2021-04-07 09:22:30,6824.35,56718
2021-04-07 09:22:31,6821.05,56774
2021-04-07 09:22:32,6822.0,56775
2021-04-07 09:22:33,6824.35,56780
2021-04-07 09:22:34,6821.4,56781
2021-04-07 09:22:35,6821.35,56811
2021-04-07 09:22:36,6824.0,56838
2021-04-07 09:22:37,6821.35,56863
2021-04-07 09:22:39,6824.0,56880
2021-04-07 09:22:40,6824.0,56880
2021-04-07 09:22:41,6821.3,56890
2021-04-07 09:22:42,6821.3,56896
2021-04-07 09:22:44,6821.3,56897
2021-04-07 09:22:45,6821.35,56907
2021-04-07 09:22:46,6821.35,56919
2021-04-07 09:22:47,6821.35,56948
2021-04-07 09:22:48,6821.35,56948
2021-04-07 09:22:49,6821.35,56948
2021-04-07 09:22:50,6821.35,56948
2021-04-07 09:22:51,6821.3,56982
2021-04-07 09:22:52,6821.3,56990
2021-04-07 09:22:53,6822.35,56993
2021-04-07 09:22:54,6822.35,56993
2021-04-07 09:22:55,6821.3,57043
2021-04-07 09:22:56,6822.35,57055
2021-04-07 09:22:57,6822.35,57140
2021-04-07 09:22:58,6821.35,57141
2021-04-07 09:23:00,6821.35,57141
2021-04-07 09:23:01,6822.35,57143
2021-04-07 09:23:02,6822.0,57144
2021-04-07 09:23:03,6821.9,57148
2021-04-07 09:23:04,6821.9,57169
2021-04-07 09:23:05,6821.9,57177
2021-04-07 09:23:06,6818.0,57761
2021-04-07 09:23:07,6818.15,57794
2021-04-07 09:23:08,6818.0,57886
2021-04-07 09:23:09,6818.9,57901
2021-04-07 09:23:10,6818.9,57901
2021-04-07 09:23:11,6818.4,57961
2021-04-07 09:23:12,6818.4,57961
2021-04-07 09:23:13,6818.05,57996
2021-04-07 09:23:14,6818.05,58017
2021-04-07 09:23:15,6810.0,58765
2021-04-07 09:23:16,6810.85,58879
2021-04-07 09:23:17,6813.25,58881
2021-04-07 09:23:18,6813.25,58918
2021-04-07 09:23:19,6811.55,58919
2021-04-07 09:23:20,6814.6,59142
2021-04-07 09:23:21,6816.0,59148
2021-04-07 09:23:22,6816.9,59215
2021-04-07 09:23:23,6817.0,59216
2021-04-07 09:23:24,6812.4,59236
2021-04-07 09:23:25,6813.65,59444
2021-04-07 09:23:27,6816.55,59469
2021-04-07 09:23:28,6816.55,59469
2021-04-07 09:23:29,6817.0,59496
2021-04-07 09:23:30,6816.9,59567
2021-04-07 09:23:31,6818.0,59681
2021-04-07 09:23:32,6816.05,59728
2021-04-07 09:23:33,6818.0,59753
2021-04-07 09:23:34,6818.0,59753
2021-04-07 09:23:35,6816.0,59771
2021-04-07 09:23:36,6816.05,59920
2021-04-07 09:23:37,6816.05,59920
2021-04-07 09:23:38,6817.9,59931
2021-04-07 09:23:39,6816.05,59941
2021-04-07 09:23:40,6816.05,59941
2021-04-07 09:23:42,6816.05,59941
2021-04-07 09:23:43,6817.0,59987
2021-04-07 09:23:44,6816.0,59988
2021-04-07 09:23:45,6816.05,59993
2021-04-07 09:23:46,6816.05,60019
2021-04-07 09:23:47,6817.0,60031
2021-04-07 09:23:48,6817.0,60036
2021-04-07 09:23:49,6816.05,60087
2021-04-07 09:23:50,6816.55,60123
2021-04-07 09:23:51,6817.9,60302
2021-04-07 09:23:52,6817.9,60329
2021-04-07 09:23:53,6817.45,60419
2021-04-07 09:23:55,6817.45,60472
2021-04-07 09:23:56,6817.0,60474
2021-04-07 09:23:58,6819.65,60515
2021-04-07 09:23:59,6819.6,60526
2021-04-07 09:24:00,6816.55,60574
2021-04-07 09:24:01,6816.55,60603
2021-04-07 09:24:02,6819.8,60653
2021-04-07 09:24:03,6817.9,60661
2021-04-07 09:24:04,6813.0,60984
2021-04-07 09:24:05,6816.3,61327
2021-04-07 09:24:06,6816.3,61327
2021-04-07 09:24:07,6818.9,61427
2021-04-07 09:24:08,6818.9,61443
2021-04-07 09:24:09,6818.9,61443
2021-04-07 09:24:10,6820.0,61660
2021-04-07 09:24:12,6816.6,61830
2021-04-07 09:24:13,6816.6,61844
2021-04-07 09:24:14,6816.6,61869
2021-04-07 09:24:15,6816.6,61904
2021-04-07 09:24:16,6816.6,61904
2021-04-07 09:24:17,6816.6,61915
2021-04-07 09:24:18,6816.5,62010
2021-04-07 09:24:19,6816.5,62074
2021-04-07 09:24:20,6816.5,62074
2021-04-07 09:24:21,6816.45,62083
2021-04-07 09:24:22,6816.45,62083
2021-04-07 09:24:23,6816.45,62083
2021-04-07 09:24:24,6816.5,62094
2021-04-07 09:24:25,6816.45,62115
2021-04-07 09:24:26,6816.45,62115
2021-04-07 09:24:27,6816.45,62118
2021-04-07 09:24:28,6816.45,62118
2021-04-07 09:24:29,6816.0,62234
2021-04-07 09:24:30,6816.5,62244
2021-04-07 09:24:31,6813.05,62289
2021-04-07 09:24:32,6813.0,62336
2021-04-07 09:24:33,6816.0,62658
2021-04-07 09:24:34,6816.0,62686
2021-04-07 09:24:35,6816.0,62705
2021-04-07 09:24:36,6815.25,62713
2021-04-07 09:24:37,6815.0,62717
2021-04-07 09:24:38,6813.25,62730
2021-04-07 09:24:39,6813.25,62750
2021-04-07 09:24:39,6813.25,62780
2021-04-07 09:24:40,6816.45,62834
2021-04-07 09:24:42,6813.3,62848
2021-04-07 09:24:43,6813.3,62849
2021-04-07 09:24:44,6815.6,62892
2021-04-07 09:24:45,6815.6,62892
2021-04-07 09:24:46,6815.6,62892
2021-04-07 09:24:47,6820.0,63409
2021-04-07 09:24:48,6819.9,63412
2021-04-07 09:24:49,6819.9,63412
2021-04-07 09:24:50,6819.9,63412
2021-04-07 09:24:51,6816.1,63440
2021-04-07 09:24:52,6815.5,63650
2021-04-07 09:24:53,6816.6,63664
2021-04-07 09:24:55,6815.5,63704
2021-04-07 09:24:56,6815.5,63724
2021-04-07 09:24:57,6815.5,63738
2021-04-07 09:24:58,6818.05,63778
2021-04-07 09:24:59,6818.0,63780
2021-04-07 09:25:00,6817.85,63945
2021-04-07 09:25:01,6817.85,63945
2021-04-07 09:25:02,6817.85,63945
2021-04-07 09:25:04,6817.85,63971
2021-04-07 09:25:05,6818.0,63972
2021-04-07 09:25:06,6820.95,64449
2021-04-07 09:25:07,6820.95,64450
2021-04-07 09:25:08,6821.9,64515
2021-04-07 09:25:09,6821.9,64536
2021-04-07 09:25:10,6822.05,64576
2021-04-07 09:25:11,6822.05,64576
2021-04-07 09:25:12,6824.25,64589
2021-04-07 09:25:13,6824.6,64592
2021-04-07 09:25:14,6822.0,64597
2021-04-07 09:25:15,6821.8,64600
2021-04-07 09:25:15,6823.35,64664
2021-04-07 09:25:16,6823.35,64674
2021-04-07 09:25:18,6825.0,64815
2021-04-07 09:25:19,6825.8,64824
2021-04-07 09:25:20,6822.4,65029
2021-04-07 09:25:21,6825.75,65042
2021-04-07 09:25:21,6823.65,65043
2021-04-07 09:25:22,6823.65,65045
2021-04-07 09:25:23,6823.2,65082
2021-04-07 09:25:24,6826.5,65135
2021-04-07 09:25:25,6825.45,65185
2021-04-07 09:25:26,6825.6,65248
2021-04-07 09:25:27,6826.35,65258
2021-04-07 09:25:28,6825.0,65273
2021-04-07 09:25:29,6825.0,65273
2021-04-07 09:25:30,6825.0,65300
2021-04-07 09:25:31,6825.0,65479
2021-04-07 09:25:33,6825.35,65547
2021-04-07 09:25:34,6825.35,65547
2021-04-07 09:25:35,6824.95,65557
2021-04-07 09:25:36,6824.9,65567
2021-04-07 09:25:37,6824.9,65572
2021-04-07 09:25:38,6824.9,65609
2021-04-07 09:25:39,6824.85,65721
2021-04-07 09:25:40,6825.0,65740
2021-04-07 09:25:41,6824.85,65764
2021-04-07 09:25:42,6825.0,65769
2021-04-07 09:25:43,6825.0,65774
2021-04-07 09:25:44,6825.0,65782
2021-04-07 09:25:45,6824.85,65784
2021-04-07 09:25:46,6824.4,66176
2021-04-07 09:25:47,6825.65,66276
2021-04-07 09:25:48,6825.0,66281
2021-04-07 09:25:50,6822.65,66311
2021-04-07 09:25:51,6822.65,66311
2021-04-07 09:25:52,6825.0,66451
2021-04-07 09:25:53,6825.6,66501
2021-04-07 09:25:54,6825.6,66501
2021-04-07 09:25:56,6824.85,66522
2021-04-07 09:25:57,6824.85,66522
2021-04-07 09:25:58,6824.85,66523
2021-04-07 09:25:59,6822.65,66527
2021-04-07 09:26:00,6822.65,66527
2021-04-07 09:26:01,6822.65,66541
2021-04-07 09:26:02,6822.6,66543
2021-04-07 09:26:03,6822.6,66543
2021-04-07 09:26:04,6822.6,66545
2021-04-07 09:26:05,6822.6,66574
2021-04-07 09:26:06,6822.6,66581
2021-04-07 09:26:07,6822.65,66587
2021-04-07 09:26:08,6822.65,66587
2021-04-07 09:26:09,6822.65,66587
2021-04-07 09:26:10,6824.75,66617
2021-04-07 09:26:11,6822.65,66642
2021-04-07 09:26:13,6822.65,66643
2021-04-07 09:26:14,6822.65,66643
2021-04-07 09:26:15,6822.65,66651
2021-04-07 09:26:16,6822.65,66653
2021-04-07 09:26:17,6822.65,66653
2021-04-07 09:26:18,6820.0,66742
2021-04-07 09:26:19,6820.0,66876
2021-04-07 09:26:20,6819.3,66911
2021-04-07 09:26:21,6817.95,67040
2021-04-07 09:26:22,6818.15,67049
2021-04-07 09:26:23,6818.05,67082
2021-04-07 09:26:24,6818.15,67083
2021-04-07 09:26:25,6818.15,67087
2021-04-07 09:26:26,6816.0,67094
2021-04-07 09:26:27,6816.0,67094
2021-04-07 09:26:28,6818.15,67095
2021-04-07 09:26:28,6818.15,67095
2021-04-07 09:26:30,6818.15,67095
2021-04-07 09:26:31,6816.0,67123
2021-04-07 09:26:32,6818.15,67134
2021-04-07 09:26:32,6818.15,67134
2021-04-07 09:26:34,6815.05,67236
2021-04-07 09:26:35,6818.1,67239
2021-04-07 09:26:36,6815.0,67266
2021-04-07 09:26:37,6815.0,67266
2021-04-07 09:26:38,6815.0,67266
2021-04-07 09:26:39,6815.0,67266
2021-04-07 09:26:40,6815.0,67266
2021-04-07 09:26:42,6818.1,67333
2021-04-07 09:26:43,6818.1,67333
2021-04-07 09:26:44,6815.0,67360
2021-04-07 09:26:45,6815.0,67664
2021-04-07 09:26:46,6815.0,67688
2021-04-07 09:26:47,6815.0,67688
2021-04-07 09:26:48,6815.0,67688
2021-04-07 09:26:49,6817.75,67722
2021-04-07 09:26:50,6814.6,67746
2021-04-07 09:26:51,6814.05,67797
2021-04-07 09:26:52,6817.1,67806
2021-04-07 09:26:53,6815.1,67826
2021-04-07 09:26:54,6815.0,67829
2021-04-07 09:26:55,6814.0,67830
2021-04-07 09:26:56,6814.0,67830
2021-04-07 09:26:57,6814.0,67830
2021-04-07 09:26:58,6815.0,67840
2021-04-07 09:26:59,6815.0,67840
2021-04-07 09:27:00,6815.0,67840
2021-04-07 09:27:01,6815.0,67840
2021-04-07 09:27:02,6814.0,67981
2021-04-07 09:27:03,6814.0,67981
2021-04-07 09:27:04,6813.9,67982
2021-04-07 09:27:05,6813.9,68114
2021-04-07 09:27:06,6813.9,68134
2021-04-07 09:27:07,6814.0,68135
2021-04-07 09:27:08,6814.0,68135
2021-04-07 09:27:10,6812.0,68948
2021-04-07 09:27:11,6811.2,68952
2021-04-07 09:27:12,6813.45,68953
2021-04-07 09:27:14,6810.05,69011
2021-04-07 09:27:15,6810.05,69011
2021-04-07 09:27:16,6812.0,69014
2021-04-07 09:27:17,6812.0,69014
2021-04-07 09:27:18,6812.0,69014
2021-04-07 09:27:19,6812.0,69014
2021-04-07 09:27:20,6810.1,69015
2021-04-07 09:27:21,6810.1,69061
2021-04-07 09:27:22,6810.1,69061
2021-04-07 09:27:23,6810.1,69069
2021-04-07 09:27:24,6810.1,69069
2021-04-07 09:27:25,6810.1,69069
2021-04-07 09:27:26,6811.2,69082
2021-04-07 09:27:27,6811.2,69082
2021-04-07 09:27:28,6811.2,69082
2021-04-07 09:27:29,6811.2,69082
2021-04-07 09:27:30,6810.4,69084
2021-04-07 09:27:31,6812.6,69129
2021-04-07 09:27:32,6812.6,69133
2021-04-07 09:27:33,6811.2,69138
2021-04-07 09:27:34,6811.2,69138
2021-04-07 09:27:35,6811.2,69143
2021-04-07 09:27:36,6811.2,69146
2021-04-07 09:27:37,6811.2,69146
2021-04-07 09:27:38,6812.6,69157
2021-04-07 09:27:40,6811.2,69270
2021-04-07 09:27:41,6811.2,69270
2021-04-07 09:27:42,6813.0,69296
2021-04-07 09:27:43,6813.0,69296
2021-04-07 09:27:45,6811.2,69401
2021-04-07 09:27:46,6811.1,69532
2021-04-07 09:27:47,6811.1,69532
2021-04-07 09:27:48,6811.1,69532
2021-04-07 09:27:49,6811.1,69533
2021-04-07 09:27:50,6813.45,69590
2021-04-07 09:27:51,6813.45,69590
2021-04-07 09:27:52,6811.0,69600
2021-04-07 09:27:53,6813.35,69607
2021-04-07 09:27:54,6813.35,69607
2021-04-07 09:27:55,6813.35,69607
2021-04-07 09:27:56,6811.2,69617
2021-04-07 09:27:57,6811.2,69618
2021-04-07 09:27:58,6811.2,69619
2021-04-07 09:27:59,6812.95,69620
2021-04-07 09:28:00,6812.95,69620
2021-04-07 09:28:01,6812.95,69620
2021-04-07 09:28:02,6812.95,69620
2021-04-07 09:28:03,6812.95,69690
2021-04-07 09:28:04,6812.95,69690
2021-04-07 09:28:05,6812.95,69690
2021-04-07 09:28:06,6812.0,69692
2021-04-07 09:28:07,6812.0,69692
2021-04-07 09:28:08,6813.0,69700
2021-04-07 09:28:09,6813.0,69700
2021-04-07 09:28:10,6813.0,69720
2021-04-07 09:28:11,6812.0,69730
2021-04-07 09:28:12,6812.0,69730
2021-04-07 09:28:13,6812.0,69730
2021-04-07 09:28:14,6812.0,69730
2021-04-07 09:28:15,6812.0,69730
2021-04-07 09:28:16,6812.0,69750
2021-04-07 09:28:17,6812.0,69750
2021-04-07 09:28:18,6813.0,69882
2021-04-07 09:28:19,6813.0,69882
2021-04-07 09:28:20,6815.0,70061
2021-04-07 09:28:21,6815.0,70061
2021-04-07 09:28:23,6816.0,70073
2021-04-07 09:28:24,6815.85,70093
2021-04-07 09:28:25,6815.8,70122
2021-04-07 09:28:26,6815.7,70527
2021-04-07 09:28:27,6815.7,70527
2021-04-07 09:28:28,6814.45,70556
2021-04-07 09:28:29,6815.2,70656
2021-04-07 09:28:30,6818.15,70702
2021-04-07 09:28:31,6818.05,70712
2021-04-07 09:28:32,6818.05,70712
2021-04-07 09:28:33,6817.95,70738
2021-04-07 09:28:34,6818.05,70758
2021-04-07 09:28:35,6818.25,70851
2021-04-07 09:28:36,6818.5,70909
2021-04-07 09:28:37,6818.5,70909
2021-04-07 09:28:38,6820.0,71013
2021-04-07 09:28:39,6815.8,71378
2021-04-07 09:28:40,6815.8,71445
2021-04-07 09:28:41,6818.4,71463
2021-04-07 09:28:42,6818.4,71475
2021-04-07 09:28:43,6818.4,71475
2021-04-07 09:28:44,6818.4,71475
2021-04-07 09:28:45,6818.4,71712
2021-04-07 09:28:46,6821.0,71791
2021-04-07 09:28:47,6820.0,71796
2021-04-07 09:28:48,6820.0,71807
2021-04-07 09:28:49,6821.45,71929
2021-04-07 09:28:50,6821.45,71929
2021-04-07 09:28:51,6818.6,71932
2021-04-07 09:28:52,6818.6,71932
2021-04-07 09:28:54,6820.85,71953
2021-04-07 09:28:55,6820.85,71969
2021-04-07 09:28:56,6820.85,71969
2021-04-07 09:28:57,6818.5,71979
2021-04-07 09:28:58,6818.5,71980
2021-04-07 09:28:59,6818.5,71980
2021-04-07 09:29:00,6820.85,71981
2021-04-07 09:29:02,6820.85,71981
2021-04-07 09:29:03,6820.0,71983
2021-04-07 09:29:04,6820.85,72033
2021-04-07 09:29:05,6820.0,72044
2021-04-07 09:29:06,6820.0,72044
2021-04-07 09:29:07,6819.0,72072
2021-04-07 09:29:08,6819.0,72077
2021-04-07 09:29:09,6819.0,72077
2021-04-07 09:29:10,6819.0,72077
2021-04-07 09:29:11,6820.0,72082
2021-04-07 09:29:12,6820.0,72082
2021-04-07 09:29:14,6820.0,72095
2021-04-07 09:29:15,6820.95,72105
2021-04-07 09:29:16,6820.95,72105
2021-04-07 09:29:17,6820.95,72105
2021-04-07 09:29:18,6820.95,72106
2021-04-07 09:29:19,6820.95,72107
2021-04-07 09:29:21,6819.05,72130
2021-04-07 09:29:22,6819.05,72133
2021-04-07 09:29:23,6819.1,72135
2021-04-07 09:29:25,6819.1,72236
2021-04-07 09:29:25,6819.1,72236
2021-04-07 09:29:26,6820.75,72286
2021-04-07 09:29:27,6820.75,72295
2021-04-07 09:29:28,6820.75,72295
2021-04-07 09:29:29,6820.75,72295
2021-04-07 09:29:30,6819.0,72306
2021-04-07 09:29:31,6820.0,72309
2021-04-07 09:29:32,6820.0,72310
2021-04-07 09:29:33,6820.0,72345
2021-04-07 09:29:34,6820.0,72350
2021-04-07 09:29:35,6820.0,72355
2021-04-07 09:29:36,6819.0,72361
2021-04-07 09:29:37,6819.0,72374
2021-04-07 09:29:38,6820.0,72389
2021-04-07 09:29:39,6820.0,72389
2021-04-07 09:29:40,6819.0,72400
2021-04-07 09:29:41,6819.0,72421
2021-04-07 09:29:42,6819.0,72421
2021-04-07 09:29:43,6820.0,72435
2021-04-07 09:29:45,6819.0,72436
2021-04-07 09:29:46,6818.0,72742
2021-04-07 09:29:47,6817.2,74053
2021-04-07 09:29:48,6817.45,74154
2021-04-07 09:29:50,6816.9,74160
2021-04-07 09:29:51,6816.6,74181
2021-04-07 09:29:52,6819.0,74196
2021-04-07 09:29:52,6819.0,74196
2021-04-07 09:29:53,6819.4,74201
2021-04-07 09:29:54,6816.6,74211
2021-04-07 09:29:56,6816.6,74211
2021-04-07 09:29:57,6816.9,74238
2021-04-07 09:29:58,6816.8,74241
2021-04-07 09:29:59,6816.75,74285
2021-04-07 09:30:00,6816.75,74285
2021-04-07 09:30:01,6816.0,74406
2021-04-07 09:30:02,6812.15,74627
2021-04-07 09:30:03,6812.15,74627
2021-04-07 09:30:04,6812.15,74627
2021-04-07 09:30:05,6812.4,74656
2021-04-07 09:30:06,6812.25,74667
2021-04-07 09:30:07,6812.25,74667
2021-04-07 09:30:08,6815.1,74673
2021-04-07 09:30:09,6815.1,74673
2021-04-07 09:30:10,6813.1,74678
2021-04-07 09:30:11,6815.15,74679
2021-04-07 09:30:12,6815.15,74679
2021-04-07 09:30:14,6815.15,74696
2021-04-07 09:30:15,6815.0,74716
2021-04-07 09:30:16,6817.6,74756
2021-04-07 09:30:17,6817.6,74756
2021-04-07 09:30:19,6815.15,74766
2021-04-07 09:30:20,6815.25,74783
2021-04-07 09:30:20,6815.3,74784
2021-04-07 09:30:21,6815.3,74784
2021-04-07 09:30:22,6817.5,74785
2021-04-07 09:30:24,6817.55,74794
2021-04-07 09:30:25,6817.55,74794
2021-04-07 09:30:26,6817.55,74794
2021-04-07 09:30:27,6815.15,74844
2021-04-07 09:30:28,6815.15,74874
2021-04-07 09:30:28,6815.15,74874
2021-04-07 09:30:29,6813.7,74940
2021-04-07 09:30:30,6815.2,74945
2021-04-07 09:30:31,6815.2,74945
2021-04-07 09:30:32,6815.0,74958
2021-04-07 09:30:33,6812.75,74993
2021-04-07 09:30:34,6812.75,74993
2021-04-07 09:30:36,6812.4,75139
2021-04-07 09:30:37,6812.4,75144
2021-04-07 09:30:38,6815.2,75194
2021-04-07 09:30:39,6815.0,75216
2021-04-07 09:30:40,6815.0,75216
2021-04-07 09:30:42,6813.7,75239
2021-04-07 09:30:43,6815.0,75257
2021-04-07 09:30:44,6813.7,75271
2021-04-07 09:30:45,6815.2,75272
2021-04-07 09:30:45,6815.2,75272
2021-04-07 09:30:46,6815.2,75272
2021-04-07 09:30:47,6813.7,75303
2021-04-07 09:30:48,6815.2,75320
2021-04-07 09:30:49,6815.2,75320
2021-04-07 09:30:50,6813.65,75328
2021-04-07 09:30:51,6812.4,75488
2021-04-07 09:30:52,6813.0,75499
2021-04-07 09:30:53,6813.0,75548
2021-04-07 09:30:54,6813.0,75561
2021-04-07 09:30:55,6813.0,75586
2021-04-07 09:30:56,6813.0,75586
2021-04-07 09:30:57,6813.0,75586
2021-04-07 09:30:58,6813.0,75640
2021-04-07 09:30:59,6813.0,75644
2021-04-07 09:31:00,6812.05,75706
2021-04-07 09:31:01,6812.05,75720
2021-04-07 09:31:02,6812.05,75720
2021-04-07 09:31:04,6813.0,75783
2021-04-07 09:31:05,6813.0,75785
2021-04-07 09:31:06,6813.0,76024
2021-04-07 09:31:07,6813.0,76024
2021-04-07 09:31:08,6815.0,76029
2021-04-07 09:31:09,6815.0,76029
2021-04-07 09:31:10,6815.0,76029
2021-04-07 09:31:12,6815.0,76044
2021-04-07 09:31:13,6813.0,76060
2021-04-07 09:31:14,6813.0,76060
2021-04-07 09:31:15,6813.0,76135
2021-04-07 09:31:16,6813.0,76135
2021-04-07 09:31:16,6813.0,76157
2021-04-07 09:31:17,6813.0,76157
2021-04-07 09:31:18,6813.0,76157
2021-04-07 09:31:19,6813.0,76173
2021-04-07 09:31:20,6813.0,76173
2021-04-07 09:31:21,6813.0,76174
2021-04-07 09:31:23,6816.25,76234
2021-04-07 09:31:24,6813.0,76254
2021-04-07 09:31:25,6813.45,76255
2021-04-07 09:31:26,6813.45,76255
2021-04-07 09:31:26,6813.45,76255
2021-04-07 09:31:27,6813.0,76315
2021-04-07 09:31:28,6815.0,76335
2021-04-07 09:31:30,6816.0,76337
2021-04-07 09:31:31,6816.0,76340
2021-04-07 09:31:32,6816.0,76362
2021-04-07 09:31:33,6816.0,76413
2021-04-07 09:31:34,6816.0,76413
2021-04-07 09:31:34,6816.0,76413
2021-04-07 09:31:35,6816.0,76413
2021-04-07 09:31:36,6816.0,76413
2021-04-07 09:31:37,6815.95,76414
2021-04-07 09:31:38,6815.95,76430
2021-04-07 09:31:39,6816.25,76431
2021-04-07 09:31:40,6816.25,76431
2021-04-07 09:31:42,6819.0,76524
2021-04-07 09:31:43,6818.95,76607
2021-04-07 09:31:44,6816.2,76659
2021-04-07 09:31:45,6817.0,76679
2021-04-07 09:31:45,6817.0,76679
2021-04-07 09:31:46,6816.25,76717
2021-04-07 09:31:48,6817.0,76718
2021-04-07 09:31:48,6816.25,76723
2021-04-07 09:31:49,6817.0,76733
2021-04-07 09:31:50,6817.0,76734
2021-04-07 09:31:51,6817.0,76734
2021-04-07 09:31:52,6817.0,76755
2021-04-07 09:31:53,6817.0,76755
2021-04-07 09:31:54,6816.25,76758
2021-04-07 09:31:55,6817.0,76783
2021-04-07 09:31:56,6818.7,76793
2021-04-07 09:31:57,6818.7,76793
2021-04-07 09:31:59,6816.25,76798
2021-04-07 09:32:01,6817.0,77091
2021-04-07 09:32:02,6817.0,77091
2021-04-07 09:32:03,6817.0,77091
2021-04-07 09:32:04,6817.0,77094
2021-04-07 09:32:05,6815.0,77115
2021-04-07 09:32:06,6815.0,77115
2021-04-07 09:32:08,6814.95,77139
2021-04-07 09:32:09,6814.95,77332
2021-04-07 09:32:10,6818.95,77441
2021-04-07 09:32:10,6818.95,77441
2021-04-07 09:32:11,6818.95,77441
2021-04-07 09:32:12,6817.65,77498
2021-04-07 09:32:13,6817.65,77498
2021-04-07 09:32:14,6818.75,77499
2021-04-07 09:32:15,6816.95,77622
2021-04-07 09:32:16,6816.95,77622
2021-04-07 09:32:17,6816.95,77622
2021-04-07 09:32:18,6816.95,77622
2021-04-07 09:32:20,6818.75,77625
2021-04-07 09:32:21,6816.95,77641
2021-04-07 09:32:22,6816.95,77641
2021-04-07 09:32:23,6816.9,77651
2021-04-07 09:32:24,6819.0,77751
2021-04-07 09:32:25,6819.0,77751
2021-04-07 09:32:27,6819.0,77751
2021-04-07 09:32:28,6819.0,77751
2021-04-07 09:32:29,6819.0,77752
2021-04-07 09:32:30,6819.0,77807
2021-04-07 09:32:31,6816.95,77812
2021-04-07 09:32:32,6816.95,77812
2021-04-07 09:32:33,6816.9,77821
2021-04-07 09:32:35,6816.9,77826
2021-04-07 09:32:36,6816.9,77863
2021-04-07 09:32:37,6816.9,77866
2021-04-07 09:32:38,6816.9,77866
2021-04-07 09:32:39,6816.9,77866
2021-04-07 09:32:40,6816.9,77866
2021-04-07 09:32:41,6819.0,77877
2021-04-07 09:32:42,6819.0,77892
2021-04-07 09:32:43,6819.0,77917
2021-04-07 09:32:44,6819.0,77942
2021-04-07 09:32:45,6816.85,77945
2021-04-07 09:32:46,6819.0,77969
2021-04-07 09:32:48,6819.0,79358
2021-04-07 09:32:49,6817.5,79375
2021-04-07 09:32:50,6817.5,79380
2021-04-07 09:32:51,6817.5,79471
2021-04-07 09:32:52,6817.45,79472
2021-04-07 09:32:53,6816.85,79583
2021-04-07 09:32:54,6816.85,79587
2021-04-07 09:32:55,6816.85,79587
2021-04-07 09:32:56,6816.8,79797
2021-04-07 09:32:57,6819.0,79863
2021-04-07 09:32:59,6816.9,79866
2021-04-07 09:33:00,6819.0,79871
2021-04-07 09:33:01,6819.0,79871
2021-04-07 09:33:02,6819.0,79871
2021-04-07 09:33:03,6819.0,79872
2021-04-07 09:33:04,6819.0,79872
2021-04-07 09:33:05,6819.0,79872
2021-04-07 09:33:06,6817.45,79890
2021-04-07 09:33:07,6817.45,79890
2021-04-07 09:33:09,6817.45,79890
2021-04-07 09:33:09,6819.0,79892
2021-04-07 09:33:11,6819.3,79918
2021-04-07 09:33:12,6819.3,79918
2021-04-07 09:33:13,6820.0,79974
2021-04-07 09:33:14,6820.0,79974
2021-04-07 09:33:15,6820.0,79974
2021-04-07 09:33:16,6820.0,79974
2021-04-07 09:33:17,6819.0,79979
2021-04-07 09:33:18,6819.0,79998
2021-04-07 09:33:19,6819.0,79998
2021-04-07 09:33:20,6819.0,80007
2021-04-07 09:33:22,6819.0,80146
2021-04-07 09:33:23,6819.0,80146
2021-04-07 09:33:24,6820.0,80151
2021-04-07 09:33:25,6820.0,80151
2021-04-07 09:33:26,6819.0,80207
2021-04-07 09:33:26,6819.0,80207
2021-04-07 09:33:28,6819.9,80262
2021-04-07 09:33:29,6819.0,80327
2021-04-07 09:33:30,6819.0,80327
2021-04-07 09:33:31,6820.0,80428
2021-04-07 09:33:32,6819.0,80438
2021-04-07 09:33:33,6819.0,80438
2021-04-07 09:33:34,6819.9,80439
2021-04-07 09:33:34,6819.9,80439
2021-04-07 09:33:35,6819.0,80443
2021-04-07 09:33:36,6819.05,80470
2021-04-07 09:33:37,6820.0,80471
2021-04-07 09:33:39,6822.0,80894
2021-04-07 09:33:40,6822.0,80894
2021-04-07 09:33:40,6820.45,80931
2021-04-07 09:33:41,6820.45,80931
2021-04-07 09:33:42,6820.45,80931
2021-04-07 09:33:43,6822.7,80932
2021-04-07 09:33:44,6822.7,80932
2021-04-07 09:33:46,6822.25,81107
2021-04-07 09:33:47,6822.25,81124
2021-04-07 09:33:48,6822.25,81124
2021-04-07 09:33:49,6822.25,81134
2021-04-07 09:33:50,6822.1,81152
2021-04-07 09:33:53,6822.1,81160
2021-04-07 09:33:54,6822.1,81160
2021-04-07 09:33:54,6822.1,81160
2021-04-07 09:33:55,6822.05,81165
2021-04-07 09:33:56,6822.25,81190
2021-04-07 09:33:58,6822.25,81195
2021-04-07 09:33:59,6824.4,81285
2021-04-07 09:34:00,6822.1,81287
2021-04-07 09:34:01,6821.3,81297
2021-04-07 09:34:01,6821.3,81313
2021-04-07 09:34:02,6822.1,81319
2021-04-07 09:34:04,6822.1,81339
2021-04-07 09:34:05,6822.1,81339
2021-04-07 09:34:06,6822.1,81406
2021-04-07 09:34:07,6821.25,81415
2021-04-07 09:34:08,6822.1,81420
2021-04-07 09:34:09,6822.1,81454
2021-04-07 09:34:09,6822.1,81454
2021-04-07 09:34:10,6822.1,81454
2021-04-07 09:34:12,6822.1,81550
2021-04-07 09:34:13,6822.1,81565
2021-04-07 09:34:14,6822.25,81566
2021-04-07 09:34:14,6822.25,81566
2021-04-07 09:34:15,6822.25,81566
2021-04-07 09:34:16,6825.0,81671
2021-04-07 09:34:17,6825.0,81671
2021-04-07 09:34:18,6825.0,81671
2021-04-07 09:34:19,6825.25,82000
2021-04-07 09:34:21,6825.25,82000
2021-04-07 09:34:22,6825.6,82001
2021-04-07 09:34:23,6824.8,82002
2021-04-07 09:34:24,6823.35,82005
2021-04-07 09:34:24,6823.35,82005
2021-04-07 09:34:25,6824.8,82007
2021-04-07 09:34:26,6824.8,82008
2021-04-07 09:34:27,6825.6,82281
2021-04-07 09:34:29,6824.8,82288
2021-04-07 09:34:30,6824.8,82297
2021-04-07 09:34:31,6824.8,82297
2021-04-07 09:34:32,6824.8,82297
2021-04-07 09:34:32,6824.8,82297
2021-04-07 09:34:33,6823.35,82324
2021-04-07 09:34:35,6823.35,82336
2021-04-07 09:34:36,6822.6,82847
2021-04-07 09:34:37,6823.35,82849
2021-04-07 09:34:37,6823.35,82849
2021-04-07 09:34:38,6823.35,82849
2021-04-07 09:34:40,6823.35,82849
2021-04-07 09:34:41,6823.35,82875
2021-04-07 09:34:42,6823.35,82875
2021-04-07 09:34:43,6824.0,82903
2021-04-07 09:34:44,6824.8,82957
2021-04-07 09:34:45,6827.5,83104
2021-04-07 09:34:47,6825.0,83109
2021-04-07 09:34:48,6825.0,83109
2021-04-07 09:34:49,6825.0,83109
2021-04-07 09:34:50,6823.65,83159
2021-04-07 09:34:51,6826.35,83278
2021-04-07 09:34:51,6826.35,83278
2021-04-07 09:34:52,6825.0,83283
2021-04-07 09:34:53,6826.4,83308
2021-04-07 09:34:54,6826.4,83315
2021-04-07 09:34:56,6826.85,83336
2021-04-07 09:34:57,6826.85,83336
2021-04-07 09:34:58,6826.85,83336
2021-04-07 09:35:00,6824.9,83492
2021-04-07 09:35:01,6824.9,83492
2021-04-07 09:35:02,6827.0,83527
2021-04-07 09:35:04,6824.95,83533
2021-04-07 09:35:05,6826.0,83534
2021-04-07 09:35:06,6826.0,83534
2021-04-07 09:35:07,6826.0,83534
2021-04-07 09:35:08,6826.0,83541
2021-04-07 09:35:10,6827.0,83596
2021-04-07 09:35:11,6826.0,83606
2021-04-07 09:35:12,6826.0,83622
2021-04-07 09:35:13,6826.0,83650
2021-04-07 09:35:13,6826.0,83650
2021-04-07 09:35:14,6826.0,83650
2021-04-07 09:35:16,6826.9,83885
2021-04-07 09:35:17,6826.0,83912
2021-04-07 09:35:18,6826.9,83937
2021-04-07 09:35:18,6826.9,83937
2021-04-07 09:35:19,6826.9,83938
2021-04-07 09:35:20,6827.0,83980
2021-04-07 09:35:21,6827.0,84174
2021-04-07 09:35:23,6827.0,84175
2021-04-07 09:35:24,6827.0,84175
2021-04-07 09:35:25,6827.0,84195
2021-04-07 09:35:26,6825.0,84368
2021-04-07 09:35:27,6825.0,84368
2021-04-07 09:35:29,6828.0,84511
2021-04-07 09:35:30,6826.0,84519
2021-04-07 09:35:31,6826.05,84539
2021-04-07 09:35:32,6826.05,84539
2021-04-07 09:35:33,6826.1,84540
2021-04-07 09:35:33,6826.1,84540
2021-04-07 09:35:35,6826.1,84540
2021-04-07 09:35:36,6826.05,84552
2021-04-07 09:35:37,6826.95,84556
2021-04-07 09:35:38,6826.0,84617
2021-04-07 09:35:39,6825.25,84649
2021-04-07 09:35:41,6825.25,84650
2021-04-07 09:35:42,6825.25,84664
2021-04-07 09:35:43,6822.1,84782
2021-04-07 09:35:44,6822.1,84782
2021-04-07 09:35:45,6824.05,84812
2021-04-07 09:35:46,6824.05,84812
2021-04-07 09:35:47,6822.0,84866
2021-04-07 09:35:48,6822.0,84866
2021-04-07 09:35:49,6822.0,84866
2021-04-07 09:35:50,6822.0,84866
2021-04-07 09:35:51,6820.65,84980
2021-04-07 09:35:52,6819.05,85039
2021-04-07 09:35:53,6820.6,85040
2021-04-07 09:35:54,6820.6,85043
2021-04-07 09:35:55,6820.6,85043
2021-04-07 09:35:56,6819.0,85061
2021-04-07 09:35:56,6819.0,85061
2021-04-07 09:35:58,6820.0,85062
2021-04-07 09:35:59,6819.0,85085
2021-04-07 09:36:00,6819.0,85085
2021-04-07 09:36:01,6819.0,85602
2021-04-07 09:36:03,6819.0,85602
2021-04-07 09:36:04,6819.0,85602
2021-04-07 09:36:05,6819.0,85602
2021-04-07 09:36:06,6819.0,85668
2021-04-07 09:36:07,6818.05,85678
2021-04-07 09:36:08,6818.0,85870
2021-04-07 09:36:09,6819.0,85992
2021-04-07 09:36:11,6819.0,86047
2021-04-07 09:36:12,6820.0,86050
2021-04-07 09:36:13,6818.95,86715
2021-04-07 09:36:14,6818.0,86786
2021-04-07 09:36:15,6819.0,86891
2021-04-07 09:36:15,6819.0,86891
2021-04-07 09:36:16,6819.0,86907
2021-04-07 09:36:17,6818.0,86913
2021-04-07 09:36:18,6818.0,86913
2021-04-07 09:36:20,6818.0,86914
2021-04-07 09:36:21,6818.0,86927
2021-04-07 09:36:22,6819.0,86928
2021-04-07 09:36:23,6819.0,86928
2021-04-07 09:36:24,6819.0,86930
2021-04-07 09:36:25,6818.0,86933
2021-04-07 09:36:27,6819.0,86992
2021-04-07 09:36:28,6819.0,86992
2021-04-07 09:36:29,6819.0,87002
2021-04-07 09:36:30,6816.0,87143
2021-04-07 09:36:31,6816.0,87157
2021-04-07 09:36:31,6816.0,87157
2021-04-07 09:36:32,6818.0,87171
2021-04-07 09:36:33,6818.0,87171
2021-04-07 09:36:35,6818.0,87171
2021-04-07 09:36:36,6818.0,87172
2021-04-07 09:36:37,6816.0,87270
2021-04-07 09:36:38,6816.0,87270
2021-04-07 09:36:40,6815.65,87353
2021-04-07 09:36:41,6815.65,87353
2021-04-07 09:36:42,6818.6,87355
2021-04-07 09:36:43,6818.6,87355
2021-04-07 09:36:44,6818.6,87355
2021-04-07 09:36:45,6818.0,87384
2021-04-07 09:36:46,6818.85,87419
2021-04-07 09:36:48,6818.85,87419
2021-04-07 09:36:49,6818.85,87419
2021-04-07 09:36:50,6818.85,87532
2021-04-07 09:36:51,6818.85,87532
2021-04-07 09:36:52,6818.85,87532
2021-04-07 09:36:53,6818.85,87532
2021-04-07 09:36:54,6818.85,87532
2021-04-07 09:36:55,6818.45,87534
2021-04-07 09:36:56,6818.9,88367
2021-04-07 09:36:57,6818.9,88367
2021-04-07 09:36:58,6820.0,88427
2021-04-07 09:37:00,6820.0,88539
2021-04-07 09:37:01,6819.9,88600
2021-04-07 09:37:02,6819.9,88600
2021-04-07 09:37:03,6822.3,88672
2021-04-07 09:37:04,6822.3,88672
2021-04-07 09:37:05,6820.4,88673
2021-04-07 09:37:07,6819.05,88873
2021-04-07 09:37:08,6823.5,89096
2021-04-07 09:37:09,6823.5,89096
2021-04-07 09:37:10,6822.6,89097
2021-04-07 09:37:11,6820.35,89102
2021-04-07 09:37:13,6820.35,89102
2021-04-07 09:37:14,6820.35,89112
2021-04-07 09:37:15,6820.3,89162
2021-04-07 09:37:16,6820.35,89163
2021-04-07 09:37:17,6820.35,89173
2021-04-07 09:37:18,6820.35,89176
2021-04-07 09:37:19,6820.35,89179
2021-04-07 09:37:21,6820.3,89184
2021-04-07 09:37:20,6820.3,89180
2021-04-07 09:37:22,6820.3,89394
2021-04-07 09:37:23,6820.3,89394
2021-04-07 09:37:24,6820.3,89595
2021-04-07 09:37:25,6820.3,89595
2021-04-07 09:37:26,6820.3,89595
2021-04-07 09:37:27,6822.8,89637
2021-04-07 09:37:27,6822.8,89637
2021-04-07 09:37:29,6821.3,89662
2021-04-07 09:37:30,6821.3,89662
2021-04-07 09:37:31,6821.55,89676
2021-04-07 09:37:32,6821.55,89677
2021-04-07 09:37:33,6821.5,89687
2021-04-07 09:37:34,6821.5,89687
2021-04-07 09:37:35,6821.55,89708
2021-04-07 09:37:36,6821.55,89709
2021-04-07 09:37:37,6821.95,89710
2021-04-07 09:37:38,6821.95,89710
2021-04-07 09:37:39,6821.95,89710
2021-04-07 09:37:40,6821.95,89710
2021-04-07 09:37:41,6825.0,89961
2021-04-07 09:37:42,6822.1,89974
2021-04-07 09:37:43,6822.3,90001
2021-04-07 09:37:44,6822.3,90027
2021-04-07 09:37:45,6825.0,90030
2021-04-07 09:37:46,6825.0,90053
2021-04-07 09:37:47,6824.15,90054
2021-04-07 09:37:48,6825.0,90057
2021-04-07 09:37:49,6825.0,90057
2021-04-07 09:37:51,6824.05,90060
2021-04-07 09:37:52,6825.0,90120
2021-04-07 09:37:53,6825.0,90120
2021-04-07 09:37:54,6825.0,90121
2021-04-07 09:37:55,6825.0,90121
2021-04-07 09:37:56,6825.0,90121
2021-04-07 09:37:57,6825.0,90132
2021-04-07 09:37:58,6826.2,90136
2021-04-07 09:37:59,6825.0,90174
2021-04-07 09:38:00,6825.0,90174
2021-04-07 09:38:02,6822.0,90816
2021-04-07 09:38:01,6822.0,90753
2021-04-07 09:38:04,6824.75,90968
2021-04-07 09:38:05,6824.75,90968
2021-04-07 09:38:06,6824.75,90968
2021-04-07 09:38:07,6824.75,90968
2021-04-07 09:38:08,6824.75,90968
2021-04-07 09:38:09,6824.0,90978
2021-04-07 09:38:10,6824.0,90978
2021-04-07 09:38:11,6822.15,90983
2021-04-07 09:38:12,6822.15,91037
2021-04-07 09:38:13,6822.1,91247
2021-04-07 09:38:14,6822.1,91247
2021-04-07 09:38:15,6822.1,91290
2021-04-07 09:38:16,6824.15,91317
2021-04-07 09:38:17,6824.55,91343
2021-04-07 09:38:20,6822.55,91350
2021-04-07 09:38:21,6822.1,91403
2021-04-07 09:38:22,6822.85,91404
2021-04-07 09:38:23,6822.85,91404
2021-04-07 09:38:24,6822.85,91436
2021-04-07 09:38:25,6825.0,91641
2021-04-07 09:38:26,6825.0,91641
2021-04-07 09:38:27,6822.95,91666
2021-04-07 09:38:28,6825.0,91711
2021-04-07 09:38:29,6825.0,91711
2021-04-07 09:38:30,6825.0,91711
2021-04-07 09:38:31,6825.0,91711
2021-04-07 09:38:32,6822.95,91713
2021-04-07 09:38:34,6822.95,91784
2021-04-07 09:38:35,6822.95,91784
2021-04-07 09:38:36,6822.95,91791
2021-04-07 09:38:37,6822.95,91792
2021-04-07 09:38:38,6822.95,91792
2021-04-07 09:38:39,6822.95,91802
2021-04-07 09:38:40,6822.85,91830
2021-04-07 09:38:41,6823.0,91840
2021-04-07 09:38:42,6824.0,91843
2021-04-07 09:38:43,6823.0,91844
2021-04-07 09:38:44,6823.0,91885
2021-04-07 09:38:45,6822.1,91889
2021-04-07 09:38:46,6824.75,92538
2021-04-07 09:38:47,6825.2,92719
2021-04-07 09:38:48,6825.2,92777
2021-04-07 09:38:49,6825.2,92777
2021-04-07 09:38:50,6827.0,92778
2021-04-07 09:38:51,6827.0,92778
2021-04-07 09:38:52,6825.9,92779
2021-04-07 09:38:53,6825.9,92779
2021-04-07 09:38:54,6825.9,92782
2021-04-07 09:38:55,6825.9,92782
2021-04-07 09:38:56,6828.0,92828
2021-04-07 09:38:57,6828.0,92828
2021-04-07 09:38:58,6828.0,92828
2021-04-07 09:38:59,6828.0,92828
2021-04-07 09:39:00,6828.0,92828
2021-04-07 09:39:01,6828.0,92828
2021-04-07 09:39:02,6825.25,92829
2021-04-07 09:39:03,6825.9,92837
2021-04-07 09:39:04,6825.25,92867
2021-04-07 09:39:05,6825.25,92897
2021-04-07 09:39:07,6825.9,93084
2021-04-07 09:39:08,6825.25,93091
2021-04-07 09:39:09,6825.25,93091
2021-04-07 09:39:10,6825.25,93091
2021-04-07 09:39:11,6825.25,93091
2021-04-07 09:39:12,6827.95,93116
2021-04-07 09:39:13,6825.45,93117
2021-04-07 09:39:14,6828.0,93167
2021-04-07 09:39:15,6825.55,93169
2021-04-07 09:39:16,6828.0,93188
2021-04-07 09:39:17,6825.6,93203
2021-04-07 09:39:18,6828.0,93204
2021-04-07 09:39:19,6828.0,93204
2021-04-07 09:39:20,6825.7,93205
2021-04-07 09:39:21,6825.7,93205
2021-04-07 09:39:22,6825.7,93205
2021-04-07 09:39:23,6825.65,93211
2021-04-07 09:39:24,6825.65,93211
2021-04-07 09:39:25,6825.65,93211
2021-04-07 09:39:26,6825.65,93216
2021-04-07 09:39:27,6825.65,93216
2021-04-07 09:39:28,6827.9,93242
2021-04-07 09:39:29,6825.65,93253
2021-04-07 09:39:30,6825.65,93253
2021-04-07 09:39:31,6825.65,93253
2021-04-07 09:39:32,6825.65,93297
2021-04-07 09:39:33,6825.65,93297
2021-04-07 09:39:34,6827.8,93302
2021-04-07 09:39:35,6826.0,93412
2021-04-07 09:39:36,6825.65,93423
2021-04-07 09:39:37,6827.75,93431
2021-04-07 09:39:38,6827.75,93431
2021-04-07 09:39:39,6825.0,93481
2021-04-07 09:39:40,6825.0,93483
2021-04-07 09:39:41,6825.0,93483
2021-04-07 09:39:42,6825.0,93484
2021-04-07 09:39:43,6825.0,93484
2021-04-07 09:39:44,6826.0,93490
2021-04-07 09:39:45,6827.7,93493
2021-04-07 09:39:46,6827.5,93503
2021-04-07 09:39:47,6827.5,93503
2021-04-07 09:39:48,6827.5,93503
2021-04-07 09:39:49,6827.5,93503
2021-04-07 09:39:50,6826.05,93514
2021-04-07 09:39:51,6826.05,93516
2021-04-07 09:39:52,6826.05,93517
2021-04-07 09:39:53,6826.05,93519
2021-04-07 09:39:54,6826.05,93529
2021-04-07 09:39:56,6826.05,93529
2021-04-07 09:39:57,6826.05,93529
2021-04-07 09:39:59,6826.15,93571
2021-04-07 09:40:00,6826.15,93571
2021-04-07 09:40:00,6826.0,93572
2021-04-07 09:40:02,6826.0,93572
2021-04-07 09:40:02,6826.0,93572
2021-04-07 09:40:03,6826.0,93572
2021-04-07 09:40:04,6826.0,93572
2021-04-07 09:40:05,6825.8,93573
2021-04-07 09:40:06,6825.8,93594
2021-04-07 09:40:07,6825.8,93594
2021-04-07 09:40:08,6825.8,93594
2021-04-07 09:40:09,6825.8,93599
2021-04-07 09:40:11,6825.8,93614
2021-04-07 09:40:12,6825.8,93615
2021-04-07 09:40:13,6825.8,93619
2021-04-07 09:40:14,6825.8,93628
2021-04-07 09:40:15,6825.8,93628
2021-04-07 09:40:16,6825.8,93650
2021-04-07 09:40:17,6825.8,93654
2021-04-07 09:40:18,6825.8,93654
2021-04-07 09:40:19,6826.0,93659
2021-04-07 09:40:20,6826.0,93737
2021-04-07 09:40:22,6825.8,93738
2021-04-07 09:40:22,6825.85,93740
2021-04-07 09:40:23,6825.85,93740
2021-04-07 09:40:25,6825.8,93767
2021-04-07 09:40:25,6825.8,93767
2021-04-07 09:40:26,6825.8,93817
2021-04-07 09:40:27,6825.8,93817
2021-04-07 09:40:28,6825.8,93817
2021-04-07 09:40:29,6825.8,93852
2021-04-07 09:40:30,6825.8,93852
2021-04-07 09:40:31,6825.8,93873
2021-04-07 09:40:32,6825.8,93930
2021-04-07 09:40:34,6825.8,93949
2021-04-07 09:40:35,6823.0,94241
2021-04-07 09:40:36,6824.0,94254
2021-04-07 09:40:37,6824.0,94258
2021-04-07 09:40:39,6824.0,94258
2021-04-07 09:40:41,6822.0,94840
2021-04-07 09:40:42,6822.0,94840
2021-04-07 09:40:42,6822.0,94841
2021-04-07 09:40:44,6822.0,94842
2021-04-07 09:40:45,6823.75,94843
2021-04-07 09:40:46,6823.75,94843
2021-04-07 09:40:47,6823.75,94843
2021-04-07 09:40:48,6822.0,94844
2021-04-07 09:40:50,6822.0,94844
2021-04-07 09:40:50,6822.0,94868
2021-04-07 09:40:51,6822.0,94868
2021-04-07 09:40:53,6822.0,94878
2021-04-07 09:40:53,6822.0,94878
2021-04-07 09:40:54,6822.0,94878
2021-04-07 09:40:55,6822.0,94878
2021-04-07 09:40:56,6822.0,94878
2021-04-07 09:40:57,6821.55,94884
2021-04-07 09:41:00,6822.0,94906
2021-04-07 09:41:01,6822.0,94906
2021-04-07 09:41:02,6821.55,95115
2021-04-07 09:41:03,6821.55,95136
2021-04-07 09:41:05,6818.9,95237
2021-04-07 09:41:06,6818.85,95245
2021-04-07 09:41:07,6818.85,95245
2021-04-07 09:41:08,6818.45,95259
2021-04-07 09:41:08,6815.65,95374
2021-04-07 09:41:10,6818.85,95394
2021-04-07 09:41:11,6820.0,95451
2021-04-07 09:41:12,6817.95,95496
2021-04-07 09:41:13,6818.25,95501
2021-04-07 09:41:14,6820.2,95503
2021-04-07 09:41:16,6820.2,95503
2021-04-07 09:41:17,6820.2,95503
2021-04-07 09:41:18,6820.2,95503
2021-04-07 09:41:19,6820.2,95503
2021-04-07 09:41:20,6820.2,95503
2021-04-07 09:41:21,6818.85,95504
2021-04-07 09:41:22,6818.0,95505
2021-04-07 09:41:23,6818.0,95505
2021-04-07 09:41:24,6818.0,95505
2021-04-07 09:41:25,6818.85,95525
2021-04-07 09:41:26,6818.0,95530
2021-04-07 09:41:27,6818.05,95556
2021-04-07 09:41:28,6818.05,95556
2021-04-07 09:41:29,6820.0,95558
2021-04-07 09:41:31,6818.1,95560
2021-04-07 09:41:31,6818.1,95560
2021-04-07 09:41:32,6818.1,95560
2021-04-07 09:41:33,6818.1,95658
2021-04-07 09:41:34,6818.1,95658
2021-04-07 09:41:36,6819.0,95668
2021-04-07 09:41:37,6819.0,95668
2021-04-07 09:41:39,6819.0,95689
2021-04-07 09:41:40,6819.0,95694
2021-04-07 09:41:41,6818.1,95697
2021-04-07 09:41:42,6818.05,95701
2021-04-07 09:41:43,6818.05,95701
2021-04-07 09:41:44,6818.1,95712
2021-04-07 09:41:45,6818.0,95734
2021-04-07 09:41:46,6818.0,95754
2021-04-07 09:41:48,6819.05,95764
2021-04-07 09:41:49,6819.05,95764
2021-04-07 09:41:49,6819.05,95764
2021-04-07 09:41:50,6819.05,95764
2021-04-07 09:41:51,6819.05,95764
2021-04-07 09:41:52,6819.05,95764
2021-04-07 09:41:53,6819.05,95764
2021-04-07 09:41:54,6819.05,95764
2021-04-07 09:41:56,6819.0,95765
2021-04-07 09:41:57,6819.0,95765
2021-04-07 09:41:57,6819.0,95765
2021-04-07 09:41:58,6819.1,95770
2021-04-07 09:41:59,6819.0,95775
2021-04-07 09:42:00,6818.0,95875
2021-04-07 09:42:01,6819.0,95905
2021-04-07 09:42:03,6819.0,95905
2021-04-07 09:42:04,6818.65,95915
2021-04-07 09:42:05,6819.05,96083
2021-04-07 09:42:06,6819.05,96083
2021-04-07 09:42:06,6819.05,96093
2021-04-07 09:42:07,6819.05,96093
2021-04-07 09:42:08,6819.05,96093
2021-04-07 09:42:10,6819.05,96093
2021-04-07 09:42:11,6819.05,96094
2021-04-07 09:42:12,6821.0,96192
2021-04-07 09:42:12,6821.0,96192
2021-04-07 09:42:13,6822.0,96221
2021-04-07 09:42:14,6823.0,96343
2021-04-07 09:42:15,6823.0,96343
2021-04-07 09:42:16,6822.0,96611
2021-04-07 09:42:18,6822.0,96611
2021-04-07 09:42:19,6822.1,96614
2021-04-07 09:42:20,6822.1,96614
2021-04-07 09:42:21,6822.1,96614
2021-04-07 09:42:22,6822.1,96614
2021-04-07 09:42:22,6822.15,96615
2021-04-07 09:42:23,6822.15,96615
2021-04-07 09:42:24,6822.35,96616
2021-04-07 09:42:25,6822.35,96616
2021-04-07 09:42:26,6825.65,96642
2021-04-07 09:42:27,6825.65,96642
2021-04-07 09:42:28,6825.65,96642
2021-04-07 09:42:30,6823.0,96649
2021-04-07 09:42:31,6823.5,96670
2021-04-07 09:42:32,6823.55,96680
2021-04-07 09:42:33,6823.55,96680
2021-04-07 09:42:34,6823.55,96680
2021-04-07 09:42:35,6823.55,96680
2021-04-07 09:42:35,6823.55,96680
2021-04-07 09:42:36,6823.55,96680
2021-04-07 09:42:37,6825.65,96681
2021-04-07 09:42:38,6825.65,96682
2021-04-07 09:42:40,6827.9,97826
2021-04-07 09:42:41,6825.65,97851
2021-04-07 09:42:41,6825.65,97853
2021-04-07 09:42:42,6825.65,97864
2021-04-07 09:42:43,6825.65,97864
2021-04-07 09:42:44,6825.65,97866
2021-04-07 09:42:46,6826.3,97933
2021-04-07 09:42:47,6828.95,98099
2021-04-07 09:42:47,6828.95,98099
2021-04-07 09:42:48,6828.95,98099
2021-04-07 09:42:49,6826.05,98105
2021-04-07 09:42:51,6828.95,98150
2021-04-07 09:42:52,6828.95,98150
2021-04-07 09:42:52,6828.5,98165
2021-04-07 09:42:53,6828.95,98203
2021-04-07 09:42:54,6828.9,98223
2021-04-07 09:42:55,6828.9,98223
2021-04-07 09:42:56,6828.9,98223
2021-04-07 09:42:58,6828.75,98225
2021-04-07 09:42:59,6826.3,98247
2021-04-07 09:42:59,6826.3,98247
2021-04-07 09:43:00,6826.3,98247
2021-04-07 09:43:01,6826.3,98247
2021-04-07 09:43:03,6822.65,99289
2021-04-07 09:43:04,6822.65,99289
2021-04-07 09:43:05,6824.2,99294
2021-04-07 09:43:06,6824.2,99294
2021-04-07 09:43:08,6822.9,99465
2021-04-07 09:43:09,6822.9,99465
2021-04-07 09:43:10,6822.9,99465
2021-04-07 09:43:10,6822.9,99465
2021-04-07 09:43:11,6822.9,99465
2021-04-07 09:43:12,6822.8,99469
2021-04-07 09:43:13,6824.65,99490
2021-04-07 09:43:14,6824.65,99490
2021-04-07 09:43:16,6822.75,99495
2021-04-07 09:43:17,6824.55,99515
2021-04-07 09:43:18,6824.55,99515
2021-04-07 09:43:19,6823.55,99531
2021-04-07 09:43:20,6823.55,99531
2021-04-07 09:43:21,6823.55,99531
2021-04-07 09:43:22,6824.55,99535
2021-04-07 09:43:23,6824.55,99535
2021-04-07 09:43:25,6824.55,99535
2021-04-07 09:43:26,6824.55,99536
2021-04-07 09:43:26,6824.55,99536
2021-04-07 09:43:27,6824.55,99536
2021-04-07 09:43:28,6825.6,99539
2021-04-07 09:43:29,6825.6,99539
2021-04-07 09:43:30,6828.0,99614
2021-04-07 09:43:31,6827.4,99615
2021-04-07 09:43:33,6828.55,99826
2021-04-07 09:43:34,6824.6,99830
2021-04-07 09:43:34,6824.6,99830
2021-04-07 09:43:35,6824.6,99830
2021-04-07 09:43:37,6827.4,99836
2021-04-07 09:43:38,6827.4,99837
2021-04-07 09:43:39,6827.4,99838
2021-04-07 09:43:40,6827.4,99864
2021-04-07 09:43:41,6825.65,99920
2021-04-07 09:43:42,6827.0,99925
2021-04-07 09:43:43,6825.65,99934
2021-04-07 09:43:43,6825.65,99934
2021-04-07 09:43:44,6825.65,99935
2021-04-07 09:43:45,6825.65,99953
2021-04-07 09:43:46,6825.65,99965
2021-04-07 09:43:47,6825.65,99965
2021-04-07 09:43:48,6825.65,99965
2021-04-07 09:43:50,6827.0,99993
2021-04-07 09:43:51,6827.0,99993
2021-04-07 09:43:52,6827.0,100018
2021-04-07 09:43:53,6827.0,100018
2021-04-07 09:43:54,6827.0,100018
2021-04-07 09:43:55,6827.0,100018
2021-04-07 09:43:56,6827.0,100018
2021-04-07 09:43:57,6827.0,100018
2021-04-07 09:43:58,6827.0,100018
2021-04-07 09:44:00,6827.0,100023
2021-04-07 09:44:01,6827.0,100023
2021-04-07 09:44:01,6827.0,100023
2021-04-07 09:44:03,6827.0,100026
2021-04-07 09:44:04,6827.0,100026
2021-04-07 09:44:05,6827.0,100026
2021-04-07 09:44:06,6826.55,100041
2021-04-07 09:44:06,6826.55,100041
2021-04-07 09:44:07,6826.55,100041
2021-04-07 09:44:08,6826.55,100046
2021-04-07 09:44:09,6826.55,100046
2021-04-07 09:44:10,6827.0,100047
2021-04-07 09:44:12,6826.55,100143
2021-04-07 09:44:13,6827.0,100145
2021-04-07 09:44:14,6827.0,100189
2021-04-07 09:44:15,6826.55,100223
2021-04-07 09:44:17,6826.85,100487
2021-04-07 09:44:17,6826.55,100588
2021-04-07 09:44:18,6826.55,100588
2021-04-07 09:44:20,6829.0,100708
2021-04-07 09:44:21,6826.55,100720
2021-04-07 09:44:22,6826.55,100720
2021-04-07 09:44:23,6829.0,100731
2021-04-07 09:44:24,6829.0,100731
2021-04-07 09:44:24,6829.0,100731
2021-04-07 09:44:25,6829.0,100760
2021-04-07 09:44:27,6829.0,100760
2021-04-07 09:44:28,6827.1,100781
2021-04-07 09:44:29,6829.0,100792
2021-04-07 09:44:30,6827.1,100794
2021-04-07 09:44:32,6827.1,100809
2021-04-07 09:44:33,6829.0,100821
2021-04-07 09:44:34,6829.0,100831
2021-04-07 09:44:35,6827.2,100835
2021-04-07 09:44:35,6827.2,100837
2021-04-07 09:44:36,6827.2,100837
2021-04-07 09:44:38,6827.2,100837
2021-04-07 09:44:39,6827.2,100837
2021-04-07 09:44:39,6827.2,100837
2021-04-07 09:44:40,6833.6,101844
2021-04-07 09:44:41,6833.6,101844
2021-04-07 09:44:42,6834.0,102040
2021-04-07 09:44:43,6834.0,102040
2021-04-07 09:44:45,6835.0,102307
2021-04-07 09:44:46,6831.65,102451
2021-04-07 09:44:47,6835.0,102576
2021-04-07 09:44:48,6835.0,102839
2021-04-07 09:44:48,6835.0,102839
2021-04-07 09:44:49,6835.0,102839
2021-04-07 09:44:51,6835.0,102869
2021-04-07 09:44:52,6837.0,104141
2021-04-07 09:44:53,6836.9,104252
2021-04-07 09:44:54,6839.75,104298
2021-04-07 09:44:54,6839.75,104298
2021-04-07 09:44:56,6837.05,104350
2021-04-07 09:44:56,6837.05,104423
2021-04-07 09:44:58,6837.05,104423
2021-04-07 09:44:59,6839.9,104437
2021-04-07 09:45:00,6839.9,104472
2021-04-07 09:45:01,6837.05,104589
2021-04-07 09:45:02,6837.1,104641
2021-04-07 09:45:03,6840.0,104868
2021-04-07 09:45:05,6840.0,105069
2021-04-07 09:45:06,6837.35,105107
2021-04-07 09:45:07,6837.9,105130
2021-04-07 09:45:08,6837.9,105130
2021-04-07 09:45:09,6840.0,105190
2021-04-07 09:45:11,6838.0,105227
2021-04-07 09:45:12,6839.9,105254
2021-04-07 09:45:13,6838.0,105329
2021-04-07 09:45:14,6838.0,105418
2021-04-07 09:45:15,6838.0,105433
2021-04-07 09:45:16,6838.95,105562
2021-04-07 09:45:17,6840.0,105625
2021-04-07 09:45:18,6842.5,106786
2021-04-07 09:45:19,6839.85,106806
2021-04-07 09:45:19,6839.85,106806
2021-04-07 09:45:20,6842.0,106820
2021-04-07 09:45:21,6840.0,106821
2021-04-07 09:45:23,6839.85,106831
2021-04-07 09:45:24,6839.9,106844
2021-04-07 09:45:24,6839.9,106844
2021-04-07 09:45:25,6839.9,106844
2021-04-07 09:45:26,6840.0,106894
2021-04-07 09:45:27,6840.0,106899
2021-04-07 09:45:28,6839.85,107110
2021-04-07 09:45:29,6840.0,107111
2021-04-07 09:45:31,6839.8,107233
2021-04-07 09:45:32,6839.8,107305
2021-04-07 09:45:33,6839.85,107312
2021-04-07 09:45:34,6839.85,107315
2021-04-07 09:45:35,6839.8,107479
2021-04-07 09:45:35,6839.75,107517
2021-04-07 09:45:36,6839.8,107568
2021-04-07 09:45:37,6839.8,107568
2021-04-07 09:45:38,6839.8,107568
2021-04-07 09:45:40,6839.85,107581
2021-04-07 09:45:41,6839.85,107583
2021-04-07 09:45:42,6839.8,107593
2021-04-07 09:45:43,6839.8,107784
2021-04-07 09:45:43,6839.8,107805
2021-04-07 09:45:44,6839.8,107820
2021-04-07 09:45:45,6839.8,107995
2021-04-07 09:45:47,6837.9,108135
2021-04-07 09:45:48,6839.55,108147
2021-04-07 09:45:49,6839.7,108168
2021-04-07 09:45:50,6839.7,108168
2021-04-07 09:45:51,6836.2,108318
2021-04-07 09:45:52,6837.35,108322
2021-04-07 09:45:53,6835.35,108360
2021-04-07 09:45:53,6835.35,108360
2021-04-07 09:45:54,6835.35,108360
2021-04-07 09:45:55,6835.0,108365
2021-04-07 09:45:57,6835.0,108374
2021-04-07 09:45:58,6835.0,108404
2021-04-07 09:45:59,6835.0,108404
2021-04-07 09:46:00,6833.1,108651
2021-04-07 09:46:01,6833.1,108687
2021-04-07 09:46:02,6833.0,108697
2021-04-07 09:46:04,6830.25,108702
2021-04-07 09:46:05,6830.25,108702
2021-04-07 09:46:06,6830.25,108702
2021-04-07 09:46:07,6830.2,108703
2021-04-07 09:46:08,6830.2,108891
2021-04-07 09:46:09,6830.2,108898
2021-04-07 09:46:10,6830.2,108898
2021-04-07 09:46:11,6830.25,108903
2021-04-07 09:46:11,6830.25,108903
2021-04-07 09:46:12,6830.25,108904
2021-04-07 09:46:14,6830.2,108919
2021-04-07 09:46:15,6830.2,108919
2021-04-07 09:46:16,6830.2,108936
2021-04-07 09:46:17,6830.2,108954
2021-04-07 09:46:17,6830.2,108964
2021-04-07 09:46:18,6830.25,108989
2021-04-07 09:46:19,6830.2,108990
2021-04-07 09:46:21,6830.25,108993
2021-04-07 09:46:22,6827.35,109186
2021-04-07 09:46:23,6829.7,109187
2021-04-07 09:46:24,6827.1,109204
2021-04-07 09:46:24,6827.1,109204
2021-04-07 09:46:25,6829.6,109211
2021-04-07 09:46:27,6827.4,109221
2021-04-07 09:46:28,6827.4,109221
2021-04-07 09:46:29,6827.4,109221
2021-04-07 09:46:30,6827.4,109221
2021-04-07 09:46:31,6827.1,109259
2021-04-07 09:46:32,6827.1,109259
2021-04-07 09:46:33,6827.1,109259
2021-04-07 09:46:34,6827.05,109260
2021-04-07 09:46:35,6827.1,109405
2021-04-07 09:46:36,6836.85,109898
2021-04-07 09:46:36,6833.1,109899
2021-04-07 09:46:38,6833.05,110187
2021-04-07 09:46:39,6829.75,110203
2021-04-07 09:46:40,6829.75,110203
2021-04-07 09:46:41,6829.75,110223
2021-04-07 09:46:42,6829.75,110223
2021-04-07 09:46:43,6829.75,110223
2021-04-07 09:46:43,6829.75,110223
2021-04-07 09:46:44,6830.0,110248
2021-04-07 09:46:45,6830.0,110251
2021-04-07 09:46:47,6830.0,110251
2021-04-07 09:46:47,6830.0,110258
2021-04-07 09:46:49,6830.0,110278
2021-04-07 09:46:50,6830.0,110278
2021-04-07 09:46:51,6829.75,110294
2021-04-07 09:46:52,6831.0,110345
2021-04-07 09:46:52,6831.0,110379
2021-04-07 09:46:54,6833.0,110380
2021-04-07 09:46:55,6833.0,110380
2021-04-07 09:46:56,6834.2,110385
2021-04-07 09:46:57,6831.35,110388
2021-04-07 09:46:58,6831.0,110489
2021-04-07 09:46:58,6831.0,110489
2021-04-07 09:47:00,6834.1,110505
2021-04-07 09:47:01,6834.1,110505
2021-04-07 09:47:02,6834.1,110505
2021-04-07 09:47:03,6832.0,110520
2021-04-07 09:47:04,6831.4,110530
2021-04-07 09:47:04,6831.4,110530
2021-04-07 09:47:05,6831.4,110543
2021-04-07 09:47:07,6831.4,110546
2021-04-07 09:47:08,6831.5,110587
2021-04-07 09:47:09,6831.35,110588
2021-04-07 09:47:10,6831.6,110648
2021-04-07 09:47:11,6835.0,110828
2021-04-07 09:47:11,6835.0,110828
2021-04-07 09:47:12,6836.0,110834
2021-04-07 09:47:14,6836.0,110835
2021-04-07 09:47:15,6835.0,110837
2021-04-07 09:47:16,6835.0,110837
2021-04-07 09:47:18,6835.0,110901
2021-04-07 09:47:19,6834.6,110905
2021-04-07 09:47:20,6839.95,111606
2021-04-07 09:47:21,6837.4,111617
2021-04-07 09:47:21,6839.0,111616
2021-04-07 09:47:23,6837.4,111617
2021-04-07 09:47:24,6837.4,111617
2021-04-07 09:47:25,6841.1,112117
2021-04-07 09:47:26,6841.1,112117
2021-04-07 09:47:27,6841.1,112117
2021-04-07 09:47:28,6839.7,112162
2021-04-07 09:47:28,6837.5,112174
2021-04-07 09:47:30,6837.45,112204
2021-04-07 09:47:31,6839.15,112322
2021-04-07 09:47:32,6837.4,112629
2021-04-07 09:47:33,6837.4,112629
2021-04-07 09:47:34,6837.4,112637
2021-04-07 09:47:35,6837.5,112704
2021-04-07 09:47:37,6837.5,112704
2021-04-07 09:47:38,6837.45,112709
2021-04-07 09:47:39,6837.5,112728
2021-04-07 09:47:40,6837.5,112738
2021-04-07 09:47:42,6837.45,112766
2021-04-07 09:47:43,6837.45,112767
2021-04-07 09:47:44,6837.45,112768
2021-04-07 09:47:45,6839.45,112898
2021-04-07 09:47:46,6837.9,113004
2021-04-07 09:47:47,6837.9,113005
2021-04-07 09:47:48,6837.7,113044
2021-04-07 09:47:48,6837.7,113044
2021-04-07 09:47:50,6839.0,113049
2021-04-07 09:47:51,6839.0,113050
2021-04-07 09:47:52,6839.0,113051
2021-04-07 09:47:53,6839.0,113052
2021-04-07 09:47:55,6839.0,113052
2021-04-07 09:47:56,6839.0,113077
2021-04-07 09:47:57,6839.0,113077
2021-04-07 09:47:58,6843.95,116037
2021-04-07 09:47:58,6843.95,116037
2021-04-07 09:47:59,6841.05,116392
2021-04-07 09:48:00,6841.05,116392
2021-04-07 09:48:02,6841.35,116513
2021-04-07 09:48:03,6841.45,116516
2021-04-07 09:48:04,6841.45,116516
2021-04-07 09:48:04,6841.3,116606
2021-04-07 09:48:05,6841.3,116961
2021-04-07 09:48:06,6841.3,116979
2021-04-07 09:48:08,6844.9,117029
2021-04-07 09:48:09,6841.3,117129
2021-04-07 09:48:10,6841.55,117135
2021-04-07 09:48:11,6841.3,117257
2021-04-07 09:48:12,6843.9,117315
2021-04-07 09:48:13,6843.3,117318
2021-04-07 09:48:13,6844.9,117515
2021-04-07 09:48:15,6843.45,117708
2021-04-07 09:48:16,6839.65,117758
2021-04-07 09:48:17,6842.15,117763
2021-04-07 09:48:18,6842.2,117822
2021-04-07 09:48:19,6842.15,117832
2021-04-07 09:48:19,6842.15,117832
2021-04-07 09:48:21,6841.4,117835
2021-04-07 09:48:22,6839.65,117841
2021-04-07 09:48:23,6839.65,117841
2021-04-07 09:48:24,6839.65,117845
2021-04-07 09:48:25,6841.9,117992
2021-04-07 09:48:26,6839.1,118010
2021-04-07 09:48:27,6839.1,118010
2021-04-07 09:48:28,6837.4,118175
2021-04-07 09:48:29,6836.85,118274
2021-04-07 09:48:30,6839.65,118324
2021-04-07 09:48:30,6839.65,118324
2021-04-07 09:48:32,6839.65,118331
2021-04-07 09:48:33,6839.65,118344
2021-04-07 09:48:34,6839.65,118344
2021-04-07 09:48:35,6837.7,118544
2021-04-07 09:48:36,6837.7,118544
2021-04-07 09:48:37,6839.65,118560
2021-04-07 09:48:38,6838.15,118562
2021-04-07 09:48:40,6838.15,118564
2021-04-07 09:48:39,6838.15,118564
2021-04-07 09:48:41,6838.1,118577
2021-04-07 09:48:42,6837.9,118612
2021-04-07 09:48:43,6836.85,118625
2021-04-07 09:48:44,6837.9,118630
2021-04-07 09:48:45,6836.05,118639
2021-04-07 09:48:46,6836.0,118649
2021-04-07 09:48:47,6836.0,118649
2021-04-07 09:48:48,6836.05,118654
2021-04-07 09:48:49,6835.65,118669
2021-04-07 09:48:50,6835.5,118681
2021-04-07 09:48:51,6835.5,118760
2021-04-07 09:48:53,6833.3,119410
2021-04-07 09:48:54,6830.2,119419
2021-04-07 09:48:55,6830.35,119424
2021-04-07 09:48:56,6831.15,119429
2021-04-07 09:48:57,6834.1,119474
2021-04-07 09:48:58,6834.1,119474
2021-04-07 09:48:59,6832.55,119496
2021-04-07 09:49:00,6834.0,119514
2021-04-07 09:49:01,6834.0,119514
2021-04-07 09:49:02,6831.75,119518
2021-04-07 09:49:03,6831.75,119533
2021-04-07 09:49:04,6831.75,119542
2021-04-07 09:49:06,6834.0,119543
2021-04-07 09:49:07,6831.7,119557
2021-04-07 09:49:08,6831.7,119557
2021-04-07 09:49:09,6832.9,119558
2021-04-07 09:49:10,6832.95,119578
2021-04-07 09:49:11,6832.95,119578
2021-04-07 09:49:12,6832.55,119599
2021-04-07 09:49:13,6833.6,119606
2021-04-07 09:49:14,6833.6,119606
2021-04-07 09:49:15,6833.6,119606
2021-04-07 09:49:16,6833.6,119606
2021-04-07 09:49:17,6833.6,119607
2021-04-07 09:49:18,6833.6,119607
2021-04-07 09:49:19,6833.6,119613
2021-04-07 09:49:20,6833.05,119634
2021-04-07 09:49:21,6833.05,119634
2021-04-07 09:49:22,6833.6,119635
2021-04-07 09:49:23,6833.6,119635
2021-04-07 09:49:24,6833.6,119635
2021-04-07 09:49:25,6833.6,119640
2021-04-07 09:49:26,6833.6,119641
2021-04-07 09:49:27,6833.6,119641
2021-04-07 09:49:28,6833.6,119641
2021-04-07 09:49:29,6833.6,119641
2021-04-07 09:49:30,6833.6,119641
2021-04-07 09:49:32,6833.0,119647
2021-04-07 09:49:33,6833.0,119647
2021-04-07 09:49:34,6833.0,119647
2021-04-07 09:49:35,6838.1,119917
2021-04-07 09:49:36,6838.1,119917
2021-04-07 09:49:37,6836.1,119947
2021-04-07 09:49:39,6833.6,119957
2021-04-07 09:49:40,6833.6,119957
2021-04-07 09:49:41,6833.15,119978
2021-04-07 09:49:42,6835.15,119979
2021-04-07 09:49:44,6833.6,120006
2021-04-07 09:49:43,6833.6,120006
2021-04-07 09:49:45,6833.15,120011
2021-04-07 09:49:46,6833.15,120039
2021-04-07 09:49:47,6835.7,120072
2021-04-07 09:49:48,6835.7,120072
2021-04-07 09:49:49,6833.15,120080
2021-04-07 09:49:50,6833.15,120080
2021-04-07 09:49:51,6833.15,120080
2021-04-07 09:49:52,6833.2,120081
2021-04-07 09:49:53,6834.0,120161
2021-04-07 09:49:54,6834.0,120161
2021-04-07 09:49:55,6834.0,120161
2021-04-07 09:49:56,6835.55,120164
2021-04-07 09:49:57,6835.55,120164
2021-04-07 09:49:58,6833.85,120167
2021-04-07 09:49:59,6833.85,120167
2021-04-07 09:50:00,6833.85,120167
2021-04-07 09:50:01,6834.4,120184
2021-04-07 09:50:02,6833.9,120237
2021-04-07 09:50:03,6837.0,120337
2021-04-07 09:50:04,6834.35,120357
2021-04-07 09:50:05,6834.35,120357
2021-04-07 09:50:06,6834.35,120357
2021-04-07 09:50:07,6834.6,120562
2021-04-07 09:50:08,6834.6,120562
2021-04-07 09:50:09,6834.0,120572
2021-04-07 09:50:10,6835.0,120582
2021-04-07 09:50:11,6835.0,120591
2021-04-07 09:50:12,6836.95,120637
2021-04-07 09:50:13,6837.0,120647
2021-04-07 09:50:14,6837.95,120685
2021-04-07 09:50:15,6835.2,120706
2021-04-07 09:50:16,6835.2,120723
2021-04-07 09:50:17,6837.0,120727
2021-04-07 09:50:18,6835.15,120827
2021-04-07 09:50:20,6835.15,121066
2021-04-07 09:50:21,6835.1,121098
2021-04-07 09:50:22,6835.1,121098
2021-04-07 09:50:23,6835.1,121098
2021-04-07 09:50:24,6835.2,121136
2021-04-07 09:50:26,6836.95,121146
2021-04-07 09:50:25,6836.95,121146
2021-04-07 09:50:27,6836.95,121146
2021-04-07 09:50:28,6835.15,121147
2021-04-07 09:50:30,6835.15,121147
2021-04-07 09:50:31,6835.15,121147
2021-04-07 09:50:32,6835.15,121147
2021-04-07 09:50:33,6835.15,121147
2021-04-07 09:50:34,6835.15,121159
2021-04-07 09:50:35,6835.1,121166
2021-04-07 09:50:36,6833.0,121263
2021-04-07 09:50:37,6833.0,121263
2021-04-07 09:50:38,6835.1,121266
2021-04-07 09:50:39,6835.1,121266
2021-04-07 09:50:40,6835.5,121316
2021-04-07 09:50:41,6836.95,121416
2021-04-07 09:50:42,6836.95,121416
2021-04-07 09:50:43,6836.95,121416
2021-04-07 09:50:44,6833.7,121421
2021-04-07 09:50:45,6833.7,121421
2021-04-07 09:50:47,6834.1,121438
2021-04-07 09:50:47,6834.1,121438
2021-04-07 09:50:48,6834.1,121438
2021-04-07 09:50:50,6836.25,121442
2021-04-07 09:50:50,6836.25,121442
2021-04-07 09:50:51,6834.15,121456
2021-04-07 09:50:53,6834.15,121600
2021-04-07 09:50:53,6834.15,121600
2021-04-07 09:50:54,6833.0,121612
2021-04-07 09:50:55,6834.0,121691
2021-04-07 09:50:56,6832.3,121692
2021-04-07 09:50:57,6832.3,121692
2021-04-07 09:50:59,6832.3,121692
2021-04-07 09:50:59,6832.3,121692
2021-04-07 09:51:00,6834.05,121694
2021-04-07 09:51:01,6834.05,121694
2021-04-07 09:51:02,6832.45,121695
2021-04-07 09:51:03,6832.45,121724
2021-04-07 09:51:05,6832.45,121724
2021-04-07 09:51:05,6832.45,121724
2021-04-07 09:51:06,6831.45,121727
2021-04-07 09:51:07,6831.45,121727
2021-04-07 09:51:08,6828.0,121937
2021-04-07 09:51:09,6827.55,122012
2021-04-07 09:51:11,6827.7,122106
2021-04-07 09:51:11,6827.7,122106
2021-04-07 09:51:13,6827.7,122106
2021-04-07 09:51:13,6827.7,122106
2021-04-07 09:51:14,6827.7,122107
2021-04-07 09:51:15,6827.7,122107
2021-04-07 09:51:16,6830.0,122128
2021-04-07 09:51:17,6828.6,122261
2021-04-07 09:51:18,6825.5,122356
2021-04-07 09:51:19,6825.5,122392
2021-04-07 09:51:21,6825.55,122402
2021-04-07 09:51:22,6825.55,122412
2021-04-07 09:51:22,6825.5,122480
2021-04-07 09:51:23,6827.8,122507
2021-04-07 09:51:24,6825.5,122543
2021-04-07 09:51:25,6825.5,122549
2021-04-07 09:51:26,6827.95,122597
2021-04-07 09:51:27,6827.95,122597
2021-04-07 09:51:28,6827.95,122597
2021-04-07 09:51:30,6827.8,122702
2021-04-07 09:51:30,6827.8,122702
2021-04-07 09:51:31,6827.85,122704
2021-04-07 09:51:32,6827.85,122704
2021-04-07 09:51:33,6827.1,122854
2021-04-07 09:51:34,6827.1,122854
2021-04-07 09:51:36,6823.5,123085
2021-04-07 09:51:36,6825.4,122889
2021-04-07 09:51:37,6824.05,123134
2021-04-07 09:51:38,6822.1,123244
2021-04-07 09:51:39,6822.1,123244
2021-04-07 09:51:40,6822.1,123244
2021-04-07 09:51:41,6823.0,123255
2021-04-07 09:51:42,6823.0,123255
2021-04-07 09:51:44,6822.25,123275
2021-04-07 09:51:44,6822.25,123275
2021-04-07 09:51:45,6822.25,123275
2021-04-07 09:51:46,6824.55,123292
2021-04-07 09:51:47,6823.0,123392
2021-04-07 09:51:48,6823.0,123442
2021-04-07 09:51:49,6823.0,123442
2021-04-07 09:51:50,6823.0,123452
2021-04-07 09:51:51,6823.0,123452
2021-04-07 09:51:52,6823.0,123452
2021-04-07 09:51:54,6823.0,123452
2021-04-07 09:51:55,6824.75,123490
2021-04-07 09:51:56,6824.75,123490
2021-04-07 09:51:57,6824.75,123490
2021-04-07 09:51:58,6824.75,123490
2021-04-07 09:51:59,6824.75,123490
2021-04-07 09:52:00,6824.75,123490
2021-04-07 09:52:01,6824.45,123500
2021-04-07 09:52:02,6824.45,123500
2021-04-07 09:52:03,6822.0,123636
2021-04-07 09:52:04,6822.0,123636
2021-04-07 09:52:05,6822.0,123636
2021-04-07 09:52:06,6822.0,123649
2021-04-07 09:52:08,6822.8,123774
2021-04-07 09:52:08,6822.8,123774
2021-04-07 09:52:09,6824.0,123780
2021-04-07 09:52:10,6824.75,123795
2021-04-07 09:52:11,6824.75,123795
2021-04-07 09:52:12,6824.75,123795
2021-04-07 09:52:13,6824.75,123795
2021-04-07 09:52:14,6825.0,123796
2021-04-07 09:52:15,6825.0,123810
2021-04-07 09:52:16,6825.0,123810
2021-04-07 09:52:17,6825.0,123835
2021-04-07 09:52:18,6824.95,123935
2021-04-07 09:52:19,6824.95,123935
2021-04-07 09:52:20,6824.95,123935
2021-04-07 09:52:21,6827.0,123936
2021-04-07 09:52:22,6826.0,123971
2021-04-07 09:52:23,6828.5,123972
2021-04-07 09:52:24,6826.25,123982
2021-04-07 09:52:25,6826.25,123982
2021-04-07 09:52:26,6826.25,123982
2021-04-07 09:52:28,6827.0,123983
2021-04-07 09:52:29,6827.0,123983
2021-04-07 09:52:29,6827.0,123983
2021-04-07 09:52:30,6827.0,123983
2021-04-07 09:52:31,6828.6,124003
2021-04-07 09:52:32,6828.6,124003
2021-04-07 09:52:33,6828.6,124003
2021-04-07 09:52:34,6828.6,124003
2021-04-07 09:52:35,6826.5,124056
2021-04-07 09:52:37,6828.6,124154
2021-04-07 09:52:37,6828.65,124194
2021-04-07 09:52:39,6828.65,124194
2021-04-07 09:52:39,6828.65,124194
2021-04-07 09:52:40,6828.7,124195
2021-04-07 09:52:41,6828.6,124196
2021-04-07 09:52:42,6828.6,124196
2021-04-07 09:52:43,6828.6,124196
2021-04-07 09:52:44,6828.6,124196
2021-04-07 09:52:45,6828.6,124196
2021-04-07 09:52:46,6828.6,124200
2021-04-07 09:52:47,6828.6,124200
2021-04-07 09:52:48,6828.6,124200
2021-04-07 09:52:49,6828.6,124200
2021-04-07 09:52:50,6828.0,124205
2021-04-07 09:52:51,6827.0,124211
2021-04-07 09:52:52,6827.0,124211
2021-04-07 09:52:54,6827.0,124211
2021-04-07 09:52:55,6827.0,124212
2021-04-07 09:52:55,6826.9,124236
2021-04-07 09:52:56,6825.0,124240
2021-04-07 09:52:57,6825.0,124240
2021-04-07 09:52:58,6825.0,124240
2021-04-07 09:53:00,6824.95,124241
2021-04-07 09:53:01,6824.8,124251
2021-04-07 09:53:02,6824.95,124263
2021-04-07 09:53:03,6825.05,124276
2021-04-07 09:53:04,6825.05,124276
2021-04-07 09:53:05,6825.05,124276
2021-04-07 09:53:06,6828.0,124329
2021-04-07 09:53:07,6828.6,124344
2021-04-07 09:53:09,6828.6,124358
2021-04-07 09:53:09,6829.5,124359
2021-04-07 09:53:11,6829.5,124359
2021-04-07 09:53:12,6829.5,124359
2021-04-07 09:53:12,6829.5,124359
2021-04-07 09:53:13,6830.0,124362
2021-04-07 09:53:15,6830.0,124366
2021-04-07 09:53:16,6830.0,124366
2021-04-07 09:53:16,6830.0,124366
2021-04-07 09:53:17,6830.0,124434
2021-04-07 09:53:18,6830.0,124434
2021-04-07 09:53:19,6830.0,124476
2021-04-07 09:53:20,6830.0,124481
2021-04-07 09:53:21,6829.1,124491
2021-04-07 09:53:23,6829.1,124491
2021-04-07 09:53:24,6829.1,124496
2021-04-07 09:53:24,6829.1,124496
2021-04-07 09:53:25,6828.95,124594
2021-04-07 09:53:26,6828.95,124594
2021-04-07 09:53:27,6828.9,124626
2021-04-07 09:53:28,6828.9,124626
2021-04-07 09:53:29,6828.9,124626
2021-04-07 09:53:31,6828.9,124655
2021-04-07 09:53:32,6830.0,124657
2021-04-07 09:53:32,6830.0,124657
2021-04-07 09:53:33,6830.0,124657
2021-04-07 09:53:34,6831.8,124757
2021-04-07 09:53:36,6830.0,124762
2021-04-07 09:53:37,6830.0,124762
2021-04-07 09:53:37,6830.0,124762
2021-04-07 09:53:39,6830.75,124771
2021-04-07 09:53:40,6828.85,124789
2021-04-07 09:53:41,6828.85,124789
2021-04-07 09:53:42,6828.85,124789
2021-04-07 09:53:44,6829.4,125094
2021-04-07 09:53:45,6829.4,125094
2021-04-07 09:53:46,6827.4,125109
2021-04-07 09:53:47,6827.4,125109
2021-04-07 09:53:49,6827.4,125124
2021-04-07 09:53:49,6827.4,125124
2021-04-07 09:53:51,6827.4,125124
2021-04-07 09:53:52,6827.4,125124
2021-04-07 09:53:53,6827.35,125238
2021-04-07 09:53:54,6827.35,125238
2021-04-07 09:53:55,6827.35,125238
2021-04-07 09:53:55,6827.35,125249
2021-04-07 09:53:56,6829.7,125250
2021-04-07 09:53:57,6827.35,125293
2021-04-07 09:53:59,6827.2,125298
2021-04-07 09:54:00,6827.0,125299
2021-04-07 09:54:01,6827.0,125299
2021-04-07 09:54:02,6827.0,125299
2021-04-07 09:54:03,6827.0,125299
2021-04-07 09:54:04,6827.0,125331
2021-04-07 09:54:05,6827.0,125331
2021-04-07 09:54:06,6825.05,125338
2021-04-07 09:54:08,6825.0,125341
2021-04-07 09:54:09,6827.15,125391
2021-04-07 09:54:10,6826.95,125393
2021-04-07 09:54:10,6823.5,125493
2021-04-07 09:54:11,6825.0,125505
2021-04-07 09:54:12,6823.0,125506
2021-04-07 09:54:13,6823.0,125506
2021-04-07 09:54:14,6825.5,125534
2021-04-07 09:54:16,6825.5,125534
2021-04-07 09:54:17,6825.5,125534
2021-04-07 09:54:18,6825.0,125539
2021-04-07 09:54:19,6825.0,125539
2021-04-07 09:54:20,6827.35,125589
2021-04-07 09:54:21,6825.0,125590
2021-04-07 09:54:22,6825.0,125590
2021-04-07 09:54:24,6825.0,125633
2021-04-07 09:54:25,6825.0,125633
2021-04-07 09:54:26,6824.2,125745
2021-04-07 09:54:26,6824.2,125745
2021-04-07 09:54:27,6824.2,125745
2021-04-07 09:54:28,6824.2,125745
2021-04-07 09:54:29,6824.2,125745
2021-04-07 09:54:30,6824.2,125745
2021-04-07 09:54:31,6824.75,125757
2021-04-07 09:54:33,6826.95,125758
2021-04-07 09:54:35,6826.95,125758
2021-04-07 09:54:36,6826.95,125758
2021-04-07 09:54:38,6824.75,125826
2021-04-07 09:54:39,6824.75,125826
2021-04-07 09:54:40,6825.0,125829
2021-04-07 09:54:41,6826.95,125831
2021-04-07 09:54:42,6826.95,125831
2021-04-07 09:54:43,6826.95,125831
2021-04-07 09:54:45,6826.95,125833
2021-04-07 09:54:46,6826.95,125840
2021-04-07 09:54:46,6826.95,125833
2021-04-07 09:54:47,6826.95,125840
2021-04-07 09:54:48,6826.95,125840
2021-04-07 09:54:50,6826.95,125868
2021-04-07 09:54:50,6825.0,125875
2021-04-07 09:54:51,6825.0,125875
2021-04-07 09:54:53,6825.1,125882
2021-04-07 09:54:54,6825.1,125882
2021-04-07 09:54:55,6825.1,125882
2021-04-07 09:54:56,6825.1,125882
2021-04-07 09:54:57,6825.1,125882
2021-04-07 09:54:57,6825.1,125882
2021-04-07 09:54:58,6825.1,125882
2021-04-07 09:54:59,6825.1,125882
2021-04-07 09:55:00,6825.1,125882
2021-04-07 09:55:01,6825.15,125897
2021-04-07 09:55:03,6825.15,125897
2021-04-07 09:55:04,6825.15,125897
2021-04-07 09:55:05,6827.0,125916
2021-04-07 09:55:06,6825.15,125942
2021-04-07 09:55:07,6825.15,125942
2021-04-07 09:55:09,6827.0,126012
2021-04-07 09:55:10,6827.0,126012
2021-04-07 09:55:11,6825.15,126037
2021-04-07 09:55:12,6825.15,126037
2021-04-07 09:55:12,6825.15,126037
2021-04-07 09:55:13,6825.15,126037
2021-04-07 09:55:14,6825.15,126037
2021-04-07 09:55:15,6827.0,126038
2021-04-07 09:55:16,6825.2,126045
2021-04-07 09:55:18,6825.15,126117
2021-04-07 09:55:18,6825.15,126117
2021-04-07 09:55:21,6825.25,126119
2021-04-07 09:55:22,6825.0,126200
2021-04-07 09:55:23,6825.0,126200
2021-04-07 09:55:25,6825.0,126224
2021-04-07 09:55:26,6824.7,126315
2021-04-07 09:55:26,6824.7,126315
2021-04-07 09:55:28,6823.85,126335
2021-04-07 09:55:29,6823.85,126335
2021-04-07 09:55:30,6823.85,126335
2021-04-07 09:55:31,6825.0,126386
2021-04-07 09:55:31,6825.0,126386
2021-04-07 09:55:32,6825.0,126386
2021-04-07 09:55:33,6825.0,126386
2021-04-07 09:55:34,6825.0,126386
2021-04-07 09:55:35,6824.7,126390
2021-04-07 09:55:36,6824.7,126477
2021-04-07 09:55:38,6824.7,126477
2021-04-07 09:55:39,6824.7,126479
2021-04-07 09:55:40,6824.75,126509
2021-04-07 09:55:41,6824.7,126625
2021-04-07 09:55:42,6824.7,126635
2021-04-07 09:55:43,6824.7,126635
2021-04-07 09:55:43,6824.7,126635
2021-04-07 09:55:44,6824.7,126635
2021-04-07 09:55:45,6823.0,126649
2021-04-07 09:55:46,6823.0,126664
2021-04-07 09:55:47,6823.0,126664
2021-04-07 09:55:48,6822.95,126668
2021-04-07 09:55:50,6822.95,126668
2021-04-07 09:55:51,6822.9,126669
2021-04-07 09:55:52,6822.9,126669
2021-04-07 09:55:53,6823.0,126677
2021-04-07 09:55:53,6823.0,126677
2021-04-07 09:55:54,6823.0,126677
2021-04-07 09:55:55,6823.0,126720
2021-04-07 09:55:56,6823.0,126830
2021-04-07 09:55:58,6823.0,126830
2021-04-07 09:55:59,6823.0,126830
2021-04-07 09:56:00,6826.4,127085
2021-04-07 09:56:01,6824.1,127450
2021-04-07 09:56:02,6824.1,127458
2021-04-07 09:56:03,6824.1,127458
2021-04-07 09:56:03,6824.1,127458
2021-04-07 09:56:04,6822.9,127462
2021-04-07 09:56:05,6822.9,127462
2021-04-07 09:56:06,6826.1,127494
2021-04-07 09:56:07,6822.85,127544
2021-04-07 09:56:08,6823.1,127549
2021-04-07 09:56:09,6823.1,127549
2021-04-07 09:56:11,6825.0,127651
2021-04-07 09:56:12,6825.0,127897
2021-04-07 09:56:14,6825.0,127980
2021-04-07 09:56:15,6825.0,127985
2021-04-07 09:56:16,6825.0,128001
2021-04-07 09:56:17,6825.0,128001
2021-04-07 09:56:17,6825.0,128001
2021-04-07 09:56:19,6825.0,128001
2021-04-07 09:56:20,6825.0,128001
2021-04-07 09:56:21,6825.5,128042
2021-04-07 09:56:22,6825.5,128042
2021-04-07 09:56:24,6825.5,128042
2021-04-07 09:56:25,6825.5,128042
2021-04-07 09:56:26,6825.05,128087
2021-04-07 09:56:27,6825.05,128087
2021-04-07 09:56:28,6825.05,128087
2021-04-07 09:56:29,6825.05,128087
2021-04-07 09:56:31,6825.45,128107
2021-04-07 09:56:31,6825.55,128120
2021-04-07 09:56:32,6825.55,128120
2021-04-07 09:56:34,6825.55,128120
2021-04-07 09:56:35,6825.55,128120
2021-04-07 09:56:36,6825.55,128120
2021-04-07 09:56:37,6825.55,128120
2021-04-07 09:56:38,6825.55,128120
2021-04-07 09:56:39,6825.55,128120
2021-04-07 09:56:40,6825.55,128120
2021-04-07 09:56:41,6825.55,128120
2021-04-07 09:56:42,6825.55,128120
2021-04-07 09:56:43,6825.55,128120
2021-04-07 09:56:45,6825.45,128170
2021-04-07 09:56:46,6825.45,128186
2021-04-07 09:56:47,6825.55,128187
2021-04-07 09:56:47,6825.55,128187
2021-04-07 09:56:49,6825.55,128187
2021-04-07 09:56:50,6825.55,128198
2021-04-07 09:56:51,6825.55,128198
2021-04-07 09:56:51,6825.55,128198
2021-04-07 09:56:52,6825.55,128198
2021-04-07 09:56:53,6825.55,128198
2021-04-07 09:56:55,6825.55,128198
2021-04-07 09:56:56,6825.45,128208
2021-04-07 09:56:57,6823.15,128258
2021-04-07 09:56:58,6825.55,128271
2021-04-07 09:56:59,6825.55,128281
2021-04-07 09:57:00,6825.65,128311
2021-04-07 09:57:01,6823.0,128361
2021-04-07 09:57:03,6823.0,128361
2021-04-07 09:57:04,6823.0,128361
2021-04-07 09:57:05,6823.25,128366
2021-04-07 09:57:06,6823.25,128366
2021-04-07 09:57:08,6823.0,128396
2021-04-07 09:57:09,6823.0,128396
2021-04-07 09:57:10,6825.0,128418
2021-04-07 09:57:10,6825.0,128418
2021-04-07 09:57:11,6825.0,128418
2021-04-07 09:57:12,6825.0,128418
2021-04-07 09:57:14,6822.85,128429
2021-04-07 09:57:15,6825.0,128439
2021-04-07 09:57:17,6825.0,128440
2021-04-07 09:57:18,6825.0,128440
2021-04-07 09:57:20,6825.0,128447
2021-04-07 09:57:21,6822.85,128711
2021-04-07 09:57:22,6824.85,128712
2021-04-07 09:57:23,6824.85,128712
2021-04-07 09:57:24,6824.85,128712
2021-04-07 09:57:25,6824.85,128712
2021-04-07 09:57:26,6824.85,128712
2021-04-07 09:57:27,6824.85,128712
2021-04-07 09:57:28,6823.0,128756
2021-04-07 09:57:29,6823.0,128756
2021-04-07 09:57:29,6824.95,128816
2021-04-07 09:57:30,6824.95,128816
2021-04-07 09:57:31,6824.95,128816
2021-04-07 09:57:32,6824.95,128816
2021-04-07 09:57:34,6824.95,128816
2021-04-07 09:57:35,6824.95,128816
2021-04-07 09:57:36,6823.0,128830
2021-04-07 09:57:37,6823.0,128830
2021-04-07 09:57:38,6824.85,128833
2021-04-07 09:57:39,6824.85,128833
2021-04-07 09:57:40,6824.85,128834
2021-04-07 09:57:41,6824.85,128834
2021-04-07 09:57:41,6824.85,128834
2021-04-07 09:57:42,6824.85,128834
2021-04-07 09:57:43,6824.85,128834
2021-04-07 09:57:44,6824.85,128834
2021-04-07 09:57:45,6823.05,128837
2021-04-07 09:57:47,6823.0,128951
2021-04-07 09:57:48,6824.8,128952
2021-04-07 09:57:49,6824.8,128952
2021-04-07 09:57:50,6823.0,128964
2021-04-07 09:57:51,6823.0,128964
2021-04-07 09:57:52,6823.0,128964
2021-04-07 09:57:52,6823.0,128964
2021-04-07 09:57:53,6823.0,128964
2021-04-07 09:57:55,6823.0,128964
2021-04-07 09:57:56,6823.0,128964
2021-04-07 09:57:57,6823.0,128964
2021-04-07 09:57:58,6824.8,128967
2021-04-07 09:58:00,6823.0,128998
2021-04-07 09:58:02,6823.1,129056
2021-04-07 09:58:03,6823.1,129056
2021-04-07 09:58:04,6823.0,129095
2021-04-07 09:58:05,6824.4,129105
2021-04-07 09:58:06,6824.4,129110
2021-04-07 09:58:07,6824.75,129130
2021-04-07 09:58:08,6823.0,129135
2021-04-07 09:58:09,6822.0,129306
2021-04-07 09:58:10,6822.0,129306
2021-04-07 09:58:11,6822.0,129306
2021-04-07 09:58:12,6822.0,129306
2021-04-07 09:58:13,6822.0,129306
2021-04-07 09:58:15,6823.0,129313
2021-04-07 09:58:16,6824.2,129328
2021-04-07 09:58:17,6823.0,129478
2021-04-07 09:58:18,6823.0,129478
2021-04-07 09:58:18,6823.0,129479
2021-04-07 09:58:19,6823.0,129479
2021-04-07 09:58:21,6824.0,129507
2021-04-07 09:58:21,6824.0,129507
2021-04-07 09:58:22,6823.05,129517
2021-04-07 09:58:24,6823.05,129517
2021-04-07 09:58:25,6823.05,129517
2021-04-07 09:58:26,6823.05,129517
2021-04-07 09:58:27,6823.05,129517
2021-04-07 09:58:28,6824.0,129547
2021-04-07 09:58:30,6824.0,129547
2021-04-07 09:58:31,6824.0,129547
2021-04-07 09:58:32,6823.0,129557
2021-04-07 09:58:33,6823.0,129557
2021-04-07 09:58:34,6824.0,129559
2021-04-07 09:58:35,6823.0,129570
2021-04-07 09:58:36,6824.75,129587
2021-04-07 09:58:37,6824.75,129587
2021-04-07 09:58:38,6824.75,129587
2021-04-07 09:58:39,6823.05,129588
2021-04-07 09:58:39,6823.05,129588
2021-04-07 09:58:41,6823.05,129590
2021-04-07 09:58:43,6824.0,129602
2021-04-07 09:58:44,6824.0,129602
2021-04-07 09:58:45,6823.05,129627
2021-04-07 09:58:46,6823.05,129640
2021-04-07 09:58:47,6823.05,129640
2021-04-07 09:58:48,6823.05,129665
2021-04-07 09:58:49,6823.05,129665
2021-04-07 09:58:50,6823.1,129668
2021-04-07 09:58:51,6824.75,129671
2021-04-07 09:58:52,6823.25,129689
2021-04-07 09:58:53,6823.25,129689
2021-04-07 09:58:55,6823.25,129689
2021-04-07 09:58:56,6823.25,129689
2021-04-07 09:58:57,6829.0,130379
2021-04-07 09:58:58,6826.3,130404
2021-04-07 09:58:59,6826.6,130412
2021-04-07 09:58:59,6826.6,130412
2021-04-07 09:59:01,6826.7,130425
2021-04-07 09:59:02,6826.7,130590
2021-04-07 09:59:03,6826.7,130616
2021-04-07 09:59:04,6826.7,130616
2021-04-07 09:59:05,6826.7,130616
2021-04-07 09:59:06,6826.7,130616
2021-04-07 09:59:07,6826.7,130616
2021-04-07 09:59:07,6826.7,130616
2021-04-07 09:59:09,6829.5,130628
2021-04-07 09:59:09,6829.5,130628
2021-04-07 09:59:11,6829.5,130628
2021-04-07 09:59:12,6829.5,130628
2021-04-07 09:59:13,6829.5,130628
2021-04-07 09:59:14,6829.5,130628
2021-04-07 09:59:15,6829.5,130628
2021-04-07 09:59:16,6829.5,130628
2021-04-07 09:59:17,6829.5,130628
2021-04-07 09:59:18,6829.5,130634
2021-04-07 09:59:19,6829.5,130634
2021-04-07 09:59:20,6826.8,130684
2021-04-07 09:59:22,6826.9,130717
2021-04-07 09:59:23,6826.8,130722
2021-04-07 09:59:24,6826.8,130722
2021-04-07 09:59:25,6829.5,130733
2021-04-07 09:59:26,6829.5,130733
2021-04-07 09:59:26,6829.5,130733
2021-04-07 09:59:27,6829.5,130742
2021-04-07 09:59:28,6829.5,130742
2021-04-07 09:59:30,6827.35,130743
2021-04-07 09:59:31,6827.35,130756
2021-04-07 09:59:32,6827.35,130756
2021-04-07 09:59:33,6827.35,130756
2021-04-07 09:59:34,6827.35,130756
2021-04-07 09:59:35,6827.35,130756
2021-04-07 09:59:36,6827.35,130756
2021-04-07 09:59:37,6827.35,130756
2021-04-07 09:59:38,6829.5,130775
2021-04-07 09:59:39,6829.5,130775
2021-04-07 09:59:40,6829.5,130815
2021-04-07 09:59:41,6830.0,130859
2021-04-07 09:59:42,6829.5,130870
2021-04-07 09:59:43,6829.5,130870
2021-04-07 09:59:44,6830.5,130871
2021-04-07 09:59:45,6830.5,130871
2021-04-07 09:59:46,6830.5,130871
2021-04-07 09:59:47,6830.5,130871
2021-04-07 09:59:48,6831.0,130921
2021-04-07 09:59:49,6830.0,130923
2021-04-07 09:59:50,6831.0,130933
2021-04-07 09:59:51,6831.0,131071
2021-04-07 09:59:52,6831.0,131071
2021-04-07 09:59:53,6831.0,131071
2021-04-07 09:59:54,6831.0,131071
2021-04-07 09:59:55,6831.25,131081
2021-04-07 09:59:56,6831.0,131098
2021-04-07 09:59:57,6831.0,131098
2021-04-07 09:59:58,6831.0,131098
2021-04-07 09:59:59,6831.0,131098
2021-04-07 10:00:00,6831.0,131098
2021-04-07 10:00:01,6831.25,131114
2021-04-07 10:00:02,6831.05,131115
2021-04-07 10:00:03,6831.0,131122
2021-04-07 10:00:04,6831.0,131122
2021-04-07 10:00:05,6831.0,131123
2021-04-07 10:00:06,6831.0,131123
2021-04-07 10:00:07,6831.0,131123
2021-04-07 10:00:08,6831.25,131130
2021-04-07 10:00:09,6829.5,131141
2021-04-07 10:00:10,6831.25,131291
2021-04-07 10:00:11,6830.0,131292
2021-04-07 10:00:12,6830.0,131295
2021-04-07 10:00:13,6830.0,131298
2021-04-07 10:00:14,6830.0,131298
2021-04-07 10:00:15,6830.0,131313
2021-04-07 10:00:16,6831.0,131338
2021-04-07 10:00:17,6831.0,131339
2021-04-07 10:00:18,6831.0,131339
2021-04-07 10:00:19,6831.0,131339
2021-04-07 10:00:20,6830.5,131369
2021-04-07 10:00:21,6831.35,131374
2021-04-07 10:00:22,6831.35,131374
2021-04-07 10:00:24,6830.0,131474
2021-04-07 10:00:25,6830.0,131474
2021-04-07 10:00:26,6830.0,131474
2021-04-07 10:00:27,6831.5,131479
2021-04-07 10:00:28,6831.5,131479
2021-04-07 10:00:29,6831.5,131479
2021-04-07 10:00:30,6831.5,131479
2021-04-07 10:00:31,6831.5,131479
2021-04-07 10:00:32,6831.5,131479
2021-04-07 10:00:33,6831.5,131479
2021-04-07 10:00:34,6831.5,131479
2021-04-07 10:00:35,6831.5,131479
2021-04-07 10:00:36,6831.5,131479
2021-04-07 10:00:37,6829.5,131745
2021-04-07 10:00:38,6830.0,131749
2021-04-07 10:00:40,6827.3,131789
2021-04-07 10:00:41,6829.45,131790
2021-04-07 10:00:42,6827.3,131893
2021-04-07 10:00:43,6829.2,131894
2021-04-07 10:00:44,6829.2,131895
2021-04-07 10:00:45,6827.3,131896
2021-04-07 10:00:46,6827.3,131896
2021-04-07 10:00:47,6827.3,131896
2021-04-07 10:00:48,6827.3,131896
2021-04-07 10:00:49,6827.3,131946
2021-04-07 10:00:50,6827.4,131950
2021-04-07 10:00:51,6828.6,131957
2021-04-07 10:00:53,6828.6,131958
2021-04-07 10:00:54,6828.6,131958
2021-04-07 10:00:55,6828.6,131958
2021-04-07 10:00:56,6828.6,131958
2021-04-07 10:00:57,6825.0,132158
2021-04-07 10:00:58,6827.45,132168
2021-04-07 10:00:59,6827.45,132168
2021-04-07 10:01:00,6827.45,132168
2021-04-07 10:01:01,6827.45,132169
2021-04-07 10:01:02,6826.05,132189
2021-04-07 10:01:03,6825.55,132204
2021-04-07 10:01:04,6827.25,132217
2021-04-07 10:01:05,6825.3,132237
2021-04-07 10:01:06,6825.5,132256
2021-04-07 10:01:07,6827.25,132263
2021-04-07 10:01:08,6827.25,132263
2021-04-07 10:01:09,6827.25,132263
2021-04-07 10:01:11,6825.45,132270
2021-04-07 10:01:10,6825.45,132270
2021-04-07 10:01:12,6827.25,132272
2021-04-07 10:01:13,6825.4,132280
2021-04-07 10:01:14,6825.4,132280
2021-04-07 10:01:15,6827.25,132331
2021-04-07 10:01:17,6827.25,132331
2021-04-07 10:01:16,6827.25,132331
2021-04-07 10:01:18,6827.25,132331
2021-04-07 10:01:19,6827.25,132331
2021-04-07 10:01:20,6825.35,132342
2021-04-07 10:01:21,6825.35,132395
2021-04-07 10:01:22,6825.35,132395
2021-04-07 10:01:23,6825.35,132395
2021-04-07 10:01:24,6825.35,132437
2021-04-07 10:01:25,6825.35,132437
2021-04-07 10:01:26,6825.35,132437
2021-04-07 10:01:27,6825.35,132437
2021-04-07 10:01:28,6824.5,132489
2021-04-07 10:01:29,6824.0,132494
2021-04-07 10:01:30,6824.0,132494
2021-04-07 10:01:31,6824.0,132494
2021-04-07 10:01:32,6824.0,132494
2021-04-07 10:01:33,6824.0,132494
2021-04-07 10:01:34,6823.2,132546
2021-04-07 10:01:35,6823.2,132546
2021-04-07 10:01:36,6823.2,132546
2021-04-07 10:01:37,6823.2,132546
2021-04-07 10:01:39,6823.5,132547
2021-04-07 10:01:40,6823.0,132567
2021-04-07 10:01:41,6823.0,132567
2021-04-07 10:01:43,6824.0,132582
2021-04-07 10:01:43,6825.5,132583
2021-04-07 10:01:44,6825.5,132583
2021-04-07 10:01:46,6824.0,132585
2021-04-07 10:01:47,6824.0,132585
2021-04-07 10:01:48,6824.0,132585
2021-04-07 10:01:49,6824.0,132585
2021-04-07 10:01:50,6824.0,132585
2021-04-07 10:01:51,6824.0,132591
2021-04-07 10:01:52,6823.0,132598
2021-04-07 10:01:53,6825.5,132610
2021-04-07 10:01:54,6826.55,132662
2021-04-07 10:01:55,6826.55,132662
2021-04-07 10:01:57,6826.55,132662
2021-04-07 10:01:58,6826.55,132662
2021-04-07 10:02:00,6826.55,132662
2021-04-07 10:02:00,6826.55,132662
2021-04-07 10:02:01,6826.55,132662
2021-04-07 10:02:02,6826.55,132662
2021-04-07 10:02:04,6826.55,132662
2021-04-07 10:02:04,6826.55,132662
2021-04-07 10:02:05,6826.55,132662
2021-04-07 10:02:06,6825.75,132674
2021-04-07 10:02:07,6824.0,132689
2021-04-07 10:02:08,6824.0,132689
2021-04-07 10:02:09,6825.75,132691
2021-04-07 10:02:10,6825.75,132691
2021-04-07 10:02:12,6825.75,132691
2021-04-07 10:02:13,6825.75,132691
2021-04-07 10:02:14,6825.75,132691
2021-04-07 10:02:15,6825.75,132697
2021-04-07 10:02:16,6825.75,132699
2021-04-07 10:02:17,6825.75,132699
2021-04-07 10:02:18,6825.75,132714
2021-04-07 10:02:20,6827.25,132878
2021-04-07 10:02:21,6827.25,132878
2021-04-07 10:02:22,6827.25,132878
2021-04-07 10:02:23,6829.5,133059
2021-04-07 10:02:24,6829.5,133059
2021-04-07 10:02:26,6830.0,133161
2021-04-07 10:02:27,6829.35,133178
2021-04-07 10:02:28,6830.0,133378
2021-04-07 10:02:29,6829.95,133412
2021-04-07 10:02:29,6829.95,133422
2021-04-07 10:02:30,6829.95,133422
2021-04-07 10:02:31,6830.35,133437
2021-04-07 10:02:32,6830.4,133451
2021-04-07 10:02:33,6830.45,133458
2021-04-07 10:02:34,6830.45,133458
2021-04-07 10:02:36,6833.7,133573
2021-04-07 10:02:37,6831.45,133578
2021-04-07 10:02:38,6831.45,133578
2021-04-07 10:02:38,6831.45,133578
2021-04-07 10:02:39,6831.45,133578
2021-04-07 10:02:40,6831.8,133588
2021-04-07 10:02:41,6834.0,133590
2021-04-07 10:02:42,6834.0,133590
2021-04-07 10:02:43,6834.0,133595
2021-04-07 10:02:45,6831.65,133596
2021-04-07 10:02:45,6831.65,133596
2021-04-07 10:02:47,6834.0,133720
2021-04-07 10:02:48,6834.0,133720
2021-04-07 10:02:49,6834.15,133744
2021-04-07 10:02:50,6834.15,133744
2021-04-07 10:02:51,6831.85,133759
2021-04-07 10:02:53,6834.05,133812
2021-04-07 10:02:54,6834.05,133812
2021-04-07 10:02:54,6834.05,133812
2021-04-07 10:02:55,6829.95,133944
2021-04-07 10:02:56,6826.0,133976
2021-04-07 10:02:57,6828.9,133978
2021-04-07 10:02:59,6828.9,133978
2021-04-07 10:02:59,6828.9,133978
2021-04-07 10:03:00,6828.9,133978
2021-04-07 10:03:01,6825.95,134160
2021-04-07 10:03:02,6825.95,134160
2021-04-07 10:03:03,6829.2,134161
2021-04-07 10:03:04,6829.2,134170
2021-04-07 10:03:06,6826.25,134283
2021-04-07 10:03:07,6828.9,134288
2021-04-07 10:03:07,6826.25,134319
2021-04-07 10:03:08,6829.45,134323
2021-04-07 10:03:09,6826.25,134341
2021-04-07 10:03:10,6826.25,134341
2021-04-07 10:03:12,6829.5,134351
2021-04-07 10:03:13,6829.2,134446
2021-04-07 10:03:13,6829.5,134351
2021-04-07 10:03:14,6829.2,134446
2021-04-07 10:03:15,6829.2,134446
2021-04-07 10:03:16,6829.2,134446
2021-04-07 10:03:17,6829.2,134451
2021-04-07 10:03:18,6829.2,134451
2021-04-07 10:03:19,6829.2,134452
2021-04-07 10:03:20,6829.2,134457
2021-04-07 10:03:21,6825.9,134518
2021-04-07 10:03:23,6825.9,134518
2021-04-07 10:03:24,6825.9,134518
2021-04-07 10:03:24,6825.9,134518
2021-04-07 10:03:26,6825.9,134518
2021-04-07 10:03:26,6825.9,134518
2021-04-07 10:03:27,6825.9,134518
2021-04-07 10:03:28,6825.9,134518
2021-04-07 10:03:29,6825.9,134518
2021-04-07 10:03:30,6825.65,134520
2021-04-07 10:03:31,6825.65,134534
2021-04-07 10:03:33,6825.65,134542
2021-04-07 10:03:33,6825.7,134634
2021-04-07 10:03:35,6825.7,134634
2021-04-07 10:03:36,6825.55,134635
2021-04-07 10:03:37,6825.5,134638
2021-04-07 10:03:38,6825.5,134638
2021-04-07 10:03:39,6827.9,134639
2021-04-07 10:03:40,6827.9,134639
2021-04-07 10:03:41,6827.9,134639
2021-04-07 10:03:42,6827.9,134639
2021-04-07 10:03:43,6825.3,134649
2021-04-07 10:03:44,6825.3,134649
2021-04-07 10:03:46,6825.9,134676
2021-04-07 10:03:47,6825.85,134678
2021-04-07 10:03:48,6825.85,134678
2021-04-07 10:03:49,6825.9,134693
2021-04-07 10:03:50,6825.9,134693
2021-04-07 10:03:51,6825.9,134693
2021-04-07 10:03:52,6825.9,134693
2021-04-07 10:03:54,6825.9,134693
2021-04-07 10:03:54,6825.9,134693
2021-04-07 10:03:55,6823.7,134838
2021-04-07 10:03:57,6825.5,134842
2021-04-07 10:03:58,6825.5,134945
2021-04-07 10:03:59,6825.5,134945
2021-04-07 10:04:00,6825.5,134946
2021-04-07 10:04:01,6825.5,134946
2021-04-07 10:04:02,6825.5,134946
2021-04-07 10:04:04,6825.5,134946
2021-04-07 10:04:05,6825.5,134946
2021-04-07 10:04:06,6824.5,134976
2021-04-07 10:04:08,6824.5,134976
2021-04-07 10:04:08,6824.5,134976
2021-04-07 10:04:10,6824.75,135140
2021-04-07 10:04:11,6824.75,135140
2021-04-07 10:04:13,6824.75,135140
2021-04-07 10:04:15,6824.75,135140
2021-04-07 10:04:15,6826.15,135142
2021-04-07 10:04:16,6826.15,135161
2021-04-07 10:04:18,6826.1,135162
2021-04-07 10:04:19,6828.6,135164
2021-04-07 10:04:20,6828.6,135164
2021-04-07 10:04:20,6828.6,135164
2021-04-07 10:04:21,6828.6,135164
2021-04-07 10:04:22,6828.6,135164
2021-04-07 10:04:23,6828.6,135164
2021-04-07 10:04:24,6828.6,135225
2021-04-07 10:04:25,6828.6,135225
2021-04-07 10:04:26,6828.6,135225
2021-04-07 10:04:27,6825.5,135254
2021-04-07 10:04:28,6825.5,135254
2021-04-07 10:04:29,6825.2,135259
2021-04-07 10:04:30,6825.2,135259
2021-04-07 10:04:32,6825.2,135274
2021-04-07 10:04:33,6825.2,135274
2021-04-07 10:04:34,6825.2,135274
2021-04-07 10:04:34,6825.2,135274
2021-04-07 10:04:35,6825.2,135274
2021-04-07 10:04:36,6825.2,135274
2021-04-07 10:04:37,6825.15,135276
2021-04-07 10:04:38,6825.15,135276
2021-04-07 10:04:39,6825.15,135276
2021-04-07 10:04:40,6825.15,135276
2021-04-07 10:04:41,6825.15,135276
2021-04-07 10:04:42,6825.1,135281
2021-04-07 10:04:43,6825.1,135281
2021-04-07 10:04:44,6825.1,135281
2021-04-07 10:04:45,6825.1,135292
2021-04-07 10:04:46,6825.1,135292
2021-04-07 10:04:48,6828.0,135297
2021-04-07 10:04:49,6828.0,135297
2021-04-07 10:04:50,6828.0,135297
2021-04-07 10:04:51,6828.0,135297
2021-04-07 10:04:52,6828.0,135297
2021-04-07 10:04:53,6828.0,135347
2021-04-07 10:04:54,6828.0,135348
2021-04-07 10:04:55,6828.0,135348
2021-04-07 10:04:56,6825.25,135381
2021-04-07 10:04:57,6825.25,135381
2021-04-07 10:04:58,6825.25,135381
2021-04-07 10:04:59,6825.25,135381
2021-04-07 10:05:00,6825.25,135396
2021-04-07 10:05:01,6825.25,135396
2021-04-07 10:05:02,6825.25,135396
2021-04-07 10:05:03,6825.25,135396
2021-04-07 10:05:04,6828.0,135400
2021-04-07 10:05:05,6829.55,135500
2021-04-07 10:05:06,6827.7,135640
2021-04-07 10:05:07,6827.7,135640
2021-04-07 10:05:08,6827.7,135640
2021-04-07 10:05:09,6827.7,135640
2021-04-07 10:05:10,6827.7,135640
2021-04-07 10:05:11,6827.7,135640
2021-04-07 10:05:13,6827.7,135640
2021-04-07 10:05:14,6827.7,135640
2021-04-07 10:05:15,6827.7,135640
2021-04-07 10:05:16,6827.7,135640
2021-04-07 10:05:17,6827.7,135640
2021-04-07 10:05:18,6827.7,135640
2021-04-07 10:05:19,6827.7,135640
2021-04-07 10:05:20,6827.7,135640
2021-04-07 10:05:21,6825.55,135651
2021-04-07 10:05:22,6825.55,135677
2021-04-07 10:05:23,6825.55,135677
2021-04-07 10:05:24,6825.55,135677
2021-04-07 10:05:25,6825.55,135677
2021-04-07 10:05:26,6825.55,135677
2021-04-07 10:05:27,6828.0,135682
2021-04-07 10:05:28,6825.9,135690
2021-04-07 10:05:29,6825.9,135690
2021-04-07 10:05:30,6825.9,135690
2021-04-07 10:05:31,6825.9,135737
2021-04-07 10:05:32,6828.0,135745
2021-04-07 10:05:33,6828.95,135763
2021-04-07 10:05:34,6828.95,135763
2021-04-07 10:05:35,6828.95,135763
2021-04-07 10:05:36,6831.0,135768
2021-04-07 10:05:37,6831.0,135768
2021-04-07 10:05:38,6831.0,135768
2021-04-07 10:05:39,6831.0,135768
2021-04-07 10:05:40,6831.0,135768
2021-04-07 10:05:41,6828.9,135770
2021-04-07 10:05:42,6831.5,135771
2021-04-07 10:05:43,6831.5,135772
2021-04-07 10:05:44,6831.5,135772
2021-04-07 10:05:45,6831.5,135772
2021-04-07 10:05:48,6830.55,135783
2021-04-07 10:05:49,6830.55,135783
2021-04-07 10:05:50,6830.55,135783
2021-04-07 10:05:51,6830.6,135792
2021-04-07 10:05:52,6829.15,135809
2021-04-07 10:05:52,6829.15,135809
2021-04-07 10:05:53,6829.15,135809
2021-04-07 10:05:54,6829.15,135809
2021-04-07 10:05:56,6831.0,135831
2021-04-07 10:05:57,6828.85,135832
2021-04-07 10:05:57,6828.85,135832
2021-04-07 10:05:58,6828.85,135832
2021-04-07 10:05:59,6829.15,135834
2021-04-07 10:06:00,6831.0,135835
2021-04-07 10:06:01,6828.15,135939
2021-04-07 10:06:03,6827.65,135945
2021-04-07 10:06:04,6827.15,135954
2021-04-07 10:06:06,6827.15,135982
2021-04-07 10:06:06,6827.15,135986
2021-04-07 10:06:07,6827.15,135986
2021-04-07 10:06:09,6829.8,136036
2021-04-07 10:06:09,6829.8,136036
2021-04-07 10:06:10,6829.8,136036
2021-04-07 10:06:12,6829.8,136036
2021-04-07 10:06:13,6829.8,136036
2021-04-07 10:06:14,6827.15,136050
2021-04-07 10:06:15,6827.15,136050
2021-04-07 10:06:16,6829.75,136152
2021-04-07 10:06:17,6829.75,136152
2021-04-07 10:06:18,6829.75,136152
2021-04-07 10:06:19,6829.75,136152
2021-04-07 10:06:19,6829.75,136152
2021-04-07 10:06:20,6829.75,136154
2021-04-07 10:06:21,6827.3,136164
2021-04-07 10:06:22,6827.3,136164
2021-04-07 10:06:23,6827.35,136172
2021-04-07 10:06:24,6827.35,136172
2021-04-07 10:06:25,6827.35,136172
2021-04-07 10:06:26,6827.35,136172
2021-04-07 10:06:27,6827.35,136172
2021-04-07 10:06:28,6828.0,136186
2021-04-07 10:06:29,6830.0,136236
2021-04-07 10:06:30,6827.45,136239
2021-04-07 10:06:31,6827.7,136251
2021-04-07 10:06:33,6830.0,136562
2021-04-07 10:06:34,6831.05,136640
2021-04-07 10:06:35,6833.0,136650
2021-04-07 10:06:36,6833.5,136739
2021-04-07 10:06:36,6833.5,136739
2021-04-07 10:06:37,6833.0,136746
2021-04-07 10:06:38,6833.0,136778
2021-04-07 10:06:39,6831.05,136791
2021-04-07 10:06:40,6833.4,136793
2021-04-07 10:06:41,6833.4,136797
2021-04-07 10:06:42,6831.05,136838
2021-04-07 10:06:43,6831.05,136838
2021-04-07 10:06:44,6833.2,136859
2021-04-07 10:06:46,6833.2,136862
2021-04-07 10:06:47,6833.2,136862
2021-04-07 10:06:47,6831.15,136869
2021-04-07 10:06:49,6831.05,136896
2021-04-07 10:06:50,6831.05,136896
2021-04-07 10:06:51,6831.05,136902
2021-04-07 10:06:51,6833.2,136986
2021-04-07 10:06:53,6833.2,136986
2021-04-07 10:06:54,6831.05,136991
2021-04-07 10:06:55,6831.05,136991
2021-04-07 10:06:56,6831.05,136991
2021-04-07 10:06:56,6832.8,136992
2021-04-07 10:06:57,6832.5,136993
2021-04-07 10:06:58,6832.5,136993
2021-04-07 10:06:59,6832.5,136993
2021-04-07 10:07:00,6831.05,137021
2021-04-07 10:07:02,6831.05,137021
2021-04-07 10:07:03,6831.05,137021
2021-04-07 10:07:04,6831.1,137022
2021-04-07 10:07:05,6832.7,137029
2021-04-07 10:07:06,6831.1,137062
2021-04-07 10:07:07,6831.1,137062
2021-04-07 10:07:07,6831.1,137062
2021-04-07 10:07:08,6831.1,137062
2021-04-07 10:07:09,6831.1,137062
2021-04-07 10:07:11,6831.1,137062
2021-04-07 10:07:12,6831.1,137062
2021-04-07 10:07:13,6831.1,137095
2021-04-07 10:07:14,6831.1,137095
2021-04-07 10:07:15,6831.6,137224
2021-04-07 10:07:16,6831.6,137234
2021-04-07 10:07:17,6830.0,137249
2021-04-07 10:07:18,6830.0,137249
2021-04-07 10:07:18,6830.0,137249
2021-04-07 10:07:19,6830.0,137249
2021-04-07 10:07:20,6830.0,137256
2021-04-07 10:07:21,6830.0,137256
2021-04-07 10:07:22,6830.0,137266
2021-04-07 10:07:24,6830.0,137275
2021-04-07 10:07:25,6830.0,137275
2021-04-07 10:07:26,6830.0,137276
2021-04-07 10:07:26,6830.0,137279
2021-04-07 10:07:27,6830.0,137281
2021-04-07 10:07:29,6830.0,137281
2021-04-07 10:07:30,6830.0,137286
2021-04-07 10:07:31,6830.0,137287
2021-04-07 10:07:32,6830.0,137287
2021-04-07 10:07:33,6830.0,137287
2021-04-07 10:07:34,6830.0,137287
2021-04-07 10:07:35,6830.0,137287
2021-04-07 10:07:36,6828.15,137300
2021-04-07 10:07:37,6828.15,137300
2021-04-07 10:07:38,6828.15,137300
2021-04-07 10:07:39,6828.15,137300
2021-04-07 10:07:40,6828.15,137300
2021-04-07 10:07:41,6828.15,137300
2021-04-07 10:07:42,6828.15,137300
2021-04-07 10:07:43,6828.15,137300
2021-04-07 10:07:44,6828.15,137300
2021-04-07 10:07:45,6828.15,137300
2021-04-07 10:07:46,6828.2,137313
2021-04-07 10:07:47,6828.2,137313
2021-04-07 10:07:48,6828.2,137313
2021-04-07 10:07:49,6828.2,137313
2021-04-07 10:07:50,6828.2,137313
2021-04-07 10:07:51,6831.1,137413
2021-04-07 10:07:52,6831.1,137413
2021-04-07 10:07:53,6830.0,137416
2021-04-07 10:07:54,6830.0,137416
2021-04-07 10:07:55,6827.35,137516
2021-04-07 10:07:56,6827.35,137516
2021-04-07 10:07:57,6827.35,137516
2021-04-07 10:07:58,6828.6,137521
2021-04-07 10:07:59,6828.6,137521
2021-04-07 10:08:00,6828.6,137521
2021-04-07 10:08:01,6828.6,137534
2021-04-07 10:08:01,6828.6,137534
2021-04-07 10:08:02,6828.65,137535
2021-04-07 10:08:03,6828.65,137535
2021-04-07 10:08:04,6828.65,137535
2021-04-07 10:08:06,6829.85,137537
2021-04-07 10:08:07,6829.85,137537
2021-04-07 10:08:08,6829.85,137537
2021-04-07 10:08:09,6829.85,137537
2021-04-07 10:08:10,6829.85,137553
2021-04-07 10:08:11,6829.85,137553
2021-04-07 10:08:12,6829.85,137553
2021-04-07 10:08:12,6829.85,137553
2021-04-07 10:08:14,6829.85,137553
