timestamp,ltp,volume
2021-04-07 09:16:28,783.15,98026
2021-04-07 09:16:34,782.9,99969
2021-04-07 09:16:39,783.25,101814
2021-04-07 09:16:45,782.95,103298
2021-04-07 09:16:50,783.0,103982
2021-04-07 09:16:55,783.25,104554
2021-04-07 09:17:01,783.25,105465
2021-04-07 09:17:06,783.25,106446
2021-04-07 09:17:12,783.25,106985
2021-04-07 09:17:17,783.05,107746
2021-04-07 09:17:22,783.25,109119
2021-04-07 09:17:27,783.5,110328
2021-04-07 09:17:32,783.8,110973
2021-04-07 09:17:38,784.0,111220
2021-04-07 09:17:43,783.8,111762
2021-04-07 09:17:49,783.5,113726
2021-04-07 09:17:54,783.7,114620
2021-04-07 09:17:59,784.0,116593
2021-04-07 09:18:04,784.3,117269
2021-04-07 09:18:10,784.3,117535
2021-04-07 09:18:15,784.4,120096
2021-04-07 09:18:20,784.05,120930
2021-04-07 09:18:25,784.4,121430
2021-04-07 09:18:30,784.5,122437
2021-04-07 09:18:36,784.05,123887
2021-04-07 09:18:41,784.05,126070
2021-04-07 09:18:46,783.95,126567
2021-04-07 09:18:51,783.9,128507
2021-04-07 09:18:56,783.6,129271
2021-04-07 09:19:02,783.2,134412
2021-04-07 09:19:07,783.45,134764
2021-04-07 09:19:12,783.5,135512
2021-04-07 09:19:16,783.5,135594
2021-04-07 09:19:22,783.25,136211
2021-04-07 09:19:27,783.5,136305
2021-04-07 09:19:32,783.7,136594
2021-04-07 09:19:37,783.5,137254
2021-04-07 09:19:42,783.4,137442
2021-04-07 09:19:47,783.7,137645
2021-04-07 09:19:53,783.95,137817
2021-04-07 09:19:58,783.5,138024
2021-04-07 09:20:02,783.7,138056
2021-04-07 09:20:07,783.95,138415
2021-04-07 09:20:12,783.6,138585
2021-04-07 09:20:18,783.9,138873
2021-04-07 09:20:23,783.65,139201
2021-04-07 09:20:27,783.85,140965
2021-04-07 09:20:33,783.55,141356
2021-04-07 09:20:37,783.65,141792
2021-04-07 09:20:42,783.55,143459
2021-04-07 09:20:47,783.55,143664
2021-04-07 09:20:51,783.4,143860
2021-04-07 09:20:55,783.4,144283
2021-04-07 09:21:00,783.4,144559
2021-04-07 09:21:05,783.7,144955
2021-04-07 09:21:10,783.75,145017
2021-04-07 09:21:14,783.4,145242
2021-04-07 09:21:19,783.5,145264
2021-04-07 09:21:23,783.95,148406
2021-04-07 09:21:28,783.85,148703
2021-04-07 09:21:32,783.85,148841
2021-04-07 09:21:37,784.4,149556
2021-04-07 09:21:42,784.5,149805
2021-04-07 09:21:46,784.9,153184
2021-04-07 09:21:47,784.15,153401
2021-04-07 09:21:48,784.55,153487
2021-04-07 09:21:49,784.55,153487
2021-04-07 09:21:50,784.55,153546
2021-04-07 09:21:51,784.55,153546
2021-04-07 09:21:52,784.25,153563
2021-04-07 09:21:53,784.55,153572
2021-04-07 09:21:54,784.55,153572
2021-04-07 09:21:55,784.55,153673
2021-04-07 09:21:56,784.5,153725
2021-04-07 09:21:57,784.5,153825
2021-04-07 09:21:59,784.9,154144
2021-04-07 09:22:00,784.9,154144
2021-04-07 09:22:01,784.9,154144
2021-04-07 09:22:02,784.5,154154
2021-04-07 09:22:03,784.8,154174
2021-04-07 09:22:04,784.45,154178
2021-04-07 09:22:05,784.45,154178
2021-04-07 09:22:06,784.9,154478
2021-04-07 09:22:07,784.5,154577
2021-04-07 09:22:07,784.5,154577
2021-04-07 09:22:08,784.5,154803
2021-04-07 09:22:09,784.8,154813
2021-04-07 09:22:10,784.45,154828
2021-04-07 09:22:12,783.9,181009
2021-04-07 09:22:13,783.85,181109
2021-04-07 09:22:14,783.45,181142
2021-04-07 09:22:16,783.8,181332
2021-04-07 09:22:17,784.2,183789
2021-04-07 09:22:18,784.6,184309
2021-04-07 09:22:19,784.6,184309
2021-04-07 09:22:20,784.6,184309
2021-04-07 09:22:21,784.4,184491
2021-04-07 09:22:22,784.4,184491
2021-04-07 09:22:24,784.3,184859
2021-04-07 09:22:26,784.2,185069
2021-04-07 09:22:28,784.05,185389
2021-04-07 09:22:29,784.05,185389
2021-04-07 09:22:30,784.2,185470
2021-04-07 09:22:31,784.2,185470
2021-04-07 09:22:32,784.2,185470
2021-04-07 09:22:33,784.2,185470
2021-04-07 09:22:34,784.2,185470
2021-04-07 09:22:35,784.45,185720
2021-04-07 09:22:36,784.45,185720
2021-04-07 09:22:37,784.15,185730
2021-04-07 09:22:39,784.2,185820
2021-04-07 09:22:40,784.2,185820
2021-04-07 09:22:40,784.25,185838
2021-04-07 09:22:41,784.25,185838
2021-04-07 09:22:42,784.2,185839
2021-04-07 09:22:44,783.7,187272
2021-04-07 09:22:45,783.7,187272
2021-04-07 09:22:46,783.7,187272
2021-04-07 09:22:47,784.0,187281
2021-04-07 09:22:48,784.0,187281
2021-04-07 09:22:49,784.15,187361
2021-04-07 09:22:50,784.15,187361
2021-04-07 09:22:51,784.15,187371
2021-04-07 09:22:52,784.15,187371
2021-04-07 09:22:53,784.15,187371
2021-04-07 09:22:54,784.0,187383
2021-04-07 09:22:55,784.3,187783
2021-04-07 09:22:56,784.3,187783
2021-04-07 09:22:57,784.0,187907
2021-04-07 09:22:59,784.0,187912
2021-04-07 09:23:00,783.8,187937
2021-04-07 09:23:01,783.6,187939
2021-04-07 09:23:02,783.6,187939
2021-04-07 09:23:03,784.0,189164
2021-04-07 09:23:04,783.65,189226
2021-04-07 09:23:05,783.65,189226
2021-04-07 09:23:06,784.0,189236
2021-04-07 09:23:07,784.0,189386
2021-04-07 09:23:08,784.0,189386
2021-04-07 09:23:09,784.0,189386
2021-04-07 09:23:10,784.0,190010
2021-04-07 09:23:11,784.0,190010
2021-04-07 09:23:12,783.65,190035
2021-04-07 09:23:13,783.95,190039
2021-04-07 09:23:14,783.55,190510
2021-04-07 09:23:15,783.55,190510
2021-04-07 09:23:16,783.6,190560
2021-04-07 09:23:18,783.6,191758
2021-04-07 09:23:19,784.0,191808
2021-04-07 09:23:20,784.0,191813
2021-04-07 09:23:21,784.0,191818
2021-04-07 09:23:22,784.0,191820
2021-04-07 09:23:23,784.0,191820
2021-04-07 09:23:23,784.0,191820
2021-04-07 09:23:24,784.0,191820
2021-04-07 09:23:25,784.0,191832
2021-04-07 09:23:26,784.0,191832
2021-04-07 09:23:27,784.0,191832
2021-04-07 09:23:28,783.8,191919
2021-04-07 09:23:29,783.8,191919
2021-04-07 09:23:31,784.0,191929
2021-04-07 09:23:32,784.0,191930
2021-04-07 09:23:33,784.0,191930
2021-04-07 09:23:34,784.0,191933
2021-04-07 09:23:35,783.8,192066
2021-04-07 09:23:36,784.0,192101
2021-04-07 09:23:37,784.0,192101
2021-04-07 09:23:38,784.0,194999
2021-04-07 09:23:39,784.0,195099
2021-04-07 09:23:40,784.0,195099
2021-04-07 09:23:42,784.25,195164
2021-04-07 09:23:43,784.25,195164
2021-04-07 09:23:44,784.3,195194
2021-04-07 09:23:45,784.3,195194
2021-04-07 09:23:46,784.3,195194
2021-04-07 09:23:47,784.9,197759
2021-04-07 09:23:48,784.9,197759
2021-04-07 09:23:49,784.9,197759
2021-04-07 09:23:50,784.65,197909
2021-04-07 09:23:51,784.7,198009
2021-04-07 09:23:52,784.7,198009
2021-04-07 09:23:53,784.7,198270
2021-04-07 09:23:54,784.7,198270
2021-04-07 09:23:56,784.7,198307
2021-04-07 09:23:56,784.7,198307
2021-04-07 09:23:58,784.7,198307
2021-04-07 09:23:59,784.4,198374
2021-04-07 09:24:00,784.4,198374
2021-04-07 09:24:01,784.4,198375
2021-04-07 09:24:02,784.4,198691
2021-04-07 09:24:02,784.4,198691
2021-04-07 09:24:03,784.7,198692
2021-04-07 09:24:05,784.45,198826
2021-04-07 09:24:06,784.7,198902
2021-04-07 09:24:07,784.5,198923
2021-04-07 09:24:08,784.95,199023
2021-04-07 09:24:08,784.45,199223
2021-04-07 09:24:09,784.45,199223
2021-04-07 09:24:10,784.45,199248
2021-04-07 09:24:11,784.45,199248
2021-04-07 09:24:12,784.45,199330
2021-04-07 09:24:13,784.45,199355
2021-04-07 09:24:14,784.85,200728
2021-04-07 09:24:15,784.85,200728
2021-04-07 09:24:16,784.35,201904
2021-04-07 09:24:17,784.45,201955
2021-04-07 09:24:18,784.45,201955
2021-04-07 09:24:19,784.4,202025
2021-04-07 09:24:20,784.4,202125
2021-04-07 09:24:21,784.4,202131
2021-04-07 09:24:22,784.4,202131
2021-04-07 09:24:23,784.4,202131
2021-04-07 09:24:24,784.4,202132
2021-04-07 09:24:25,784.4,202144
2021-04-07 09:24:26,784.4,202145
2021-04-07 09:24:27,784.4,202145
2021-04-07 09:24:28,784.4,202145
2021-04-07 09:24:29,784.4,202230
2021-04-07 09:24:30,784.4,202290
2021-04-07 09:24:31,784.4,202390
2021-04-07 09:24:32,784.4,202563
2021-04-07 09:24:33,784.4,202563
2021-04-07 09:24:34,784.4,202569
2021-04-07 09:24:35,784.65,203584
2021-04-07 09:24:36,784.25,203616
2021-04-07 09:24:37,784.25,203616
2021-04-07 09:24:38,784.75,203618
2021-04-07 09:24:40,784.3,203713
2021-04-07 09:24:40,784.3,203713
2021-04-07 09:24:42,784.3,203922
2021-04-07 09:24:43,784.7,203932
2021-04-07 09:24:44,784.3,203949
2021-04-07 09:24:45,784.3,203949
2021-04-07 09:24:46,784.3,203949
2021-04-07 09:24:47,784.7,203950
2021-04-07 09:24:47,784.45,204297
2021-04-07 09:24:48,784.45,204297
2021-04-07 09:24:49,784.4,204347
2021-04-07 09:24:51,784.4,204372
2021-04-07 09:24:52,784.85,204382
2021-04-07 09:24:53,784.35,204407
2021-04-07 09:24:54,784.85,204457
2021-04-07 09:24:55,784.9,204472
2021-04-07 09:24:56,784.9,204472
2021-04-07 09:24:57,784.9,204472
2021-04-07 09:24:58,784.3,204955
2021-04-07 09:24:59,784.3,205415
2021-04-07 09:25:00,784.3,205415
2021-04-07 09:25:01,784.9,205422
2021-04-07 09:25:02,784.9,205422
2021-04-07 09:25:03,784.5,205442
2021-04-07 09:25:04,784.9,205452
2021-04-07 09:25:05,785.7,209381
2021-04-07 09:25:07,785.7,209502
2021-04-07 09:25:08,785.7,210090
2021-04-07 09:25:09,785.8,210593
2021-04-07 09:25:10,785.8,210692
2021-04-07 09:25:11,786.0,211541
2021-04-07 09:25:12,785.7,211691
2021-04-07 09:25:13,786.0,211692
2021-04-07 09:25:14,785.85,212325
2021-04-07 09:25:15,786.0,213096
2021-04-07 09:25:16,786.0,213185
2021-04-07 09:25:18,785.7,213386
2021-04-07 09:25:19,785.8,213486
2021-04-07 09:25:20,785.8,213517
2021-04-07 09:25:21,786.0,213680
2021-04-07 09:25:21,786.0,213680
2021-04-07 09:25:22,786.15,213741
2021-04-07 09:25:23,786.15,213760
2021-04-07 09:25:24,786.15,213760
2021-04-07 09:25:26,785.9,214949
2021-04-07 09:25:27,786.3,215027
2021-04-07 09:25:28,786.25,215087
2021-04-07 09:25:31,786.4,215427
2021-04-07 09:25:32,786.4,215427
2021-04-07 09:25:33,786.15,215462
2021-04-07 09:25:34,786.0,215467
2021-04-07 09:25:35,786.4,215647
2021-04-07 09:25:36,786.3,215881
2021-04-07 09:25:37,786.3,215954
2021-04-07 09:25:39,786.15,217233
2021-04-07 09:25:40,786.15,217293
2021-04-07 09:25:41,786.1,217593
2021-04-07 09:25:42,786.1,217843
2021-04-07 09:25:43,785.7,218193
2021-04-07 09:25:44,786.0,218426
2021-04-07 09:25:45,785.7,218442
2021-04-07 09:25:46,786.0,218625
2021-04-07 09:25:47,786.0,218675
2021-04-07 09:25:48,786.0,218675
2021-04-07 09:25:49,786.0,218675
2021-04-07 09:25:50,786.1,218692
2021-04-07 09:25:51,785.7,218717
2021-04-07 09:25:52,785.7,218717
2021-04-07 09:25:52,785.7,218717
2021-04-07 09:25:53,786.1,218718
2021-04-07 09:25:55,786.25,219423
2021-04-07 09:25:56,785.9,219434
2021-04-07 09:25:57,785.9,219434
2021-04-07 09:25:58,786.35,219494
2021-04-07 09:25:59,786.35,219495
2021-04-07 09:26:00,786.0,219605
2021-04-07 09:26:01,786.0,219610
2021-04-07 09:26:02,785.95,219626
2021-04-07 09:26:03,785.95,219717
2021-04-07 09:26:05,786.2,220428
2021-04-07 09:26:06,786.2,220448
2021-04-07 09:26:07,786.2,220464
2021-04-07 09:26:08,786.2,220464
2021-04-07 09:26:09,786.2,220465
2021-04-07 09:26:10,786.2,220490
2021-04-07 09:26:11,786.1,220585
2021-04-07 09:26:11,786.1,220585
2021-04-07 09:26:13,785.9,222146
2021-04-07 09:26:14,785.9,222196
2021-04-07 09:26:15,785.55,223475
2021-04-07 09:26:16,785.5,223585
2021-04-07 09:26:17,786.0,223588
2021-04-07 09:26:18,785.55,223717
2021-04-07 09:26:19,785.55,223717
2021-04-07 09:26:20,785.4,224619
2021-04-07 09:26:21,785.4,224619
2021-04-07 09:26:22,785.1,224719
2021-04-07 09:26:23,785.6,224919
2021-04-07 09:26:24,785.6,224939
2021-04-07 09:26:25,785.55,225039
2021-04-07 09:26:26,785.1,225055
2021-04-07 09:26:27,785.5,225060
2021-04-07 09:26:28,785.1,225091
2021-04-07 09:26:29,785.5,225241
2021-04-07 09:26:31,785.5,225561
2021-04-07 09:26:32,785.15,225571
2021-04-07 09:26:33,785.15,225571
2021-04-07 09:26:34,785.15,225601
2021-04-07 09:26:35,785.5,225641
2021-04-07 09:26:36,785.2,225650
2021-04-07 09:26:37,785.5,225869
2021-04-07 09:26:38,785.5,225869
2021-04-07 09:26:39,785.5,225919
2021-04-07 09:26:40,785.5,225919
2021-04-07 09:26:41,785.7,226419
2021-04-07 09:26:42,785.7,226419
2021-04-07 09:26:43,785.5,226421
2021-04-07 09:26:44,785.5,226421
2021-04-07 09:26:45,785.8,226521
2021-04-07 09:26:46,785.8,226521
2021-04-07 09:26:47,785.75,226531
2021-04-07 09:26:48,785.7,226532
2021-04-07 09:26:49,785.85,226680
2021-04-07 09:26:50,786.25,227170
2021-04-07 09:26:51,785.85,227970
2021-04-07 09:26:52,786.35,228021
2021-04-07 09:26:53,786.35,228021
2021-04-07 09:26:54,785.85,228029
2021-04-07 09:26:55,785.85,228029
2021-04-07 09:26:56,785.8,228129
2021-04-07 09:26:57,786.0,228679
2021-04-07 09:26:58,786.0,228679
2021-04-07 09:26:59,786.15,228794
2021-04-07 09:27:00,786.05,228905
2021-04-07 09:27:01,786.05,228907
2021-04-07 09:27:02,786.2,229317
2021-04-07 09:27:04,786.2,229487
2021-04-07 09:27:05,786.2,229487
2021-04-07 09:27:06,786.2,229540
2021-04-07 09:27:07,786.2,229541
2021-04-07 09:27:08,786.2,229541
2021-04-07 09:27:09,786.2,229541
2021-04-07 09:27:10,786.2,229801
2021-04-07 09:27:11,786.2,229802
2021-04-07 09:27:12,786.4,229830
2021-04-07 09:27:14,786.2,230115
2021-04-07 09:27:17,786.5,230270
2021-04-07 09:27:18,786.4,230310
2021-04-07 09:27:19,786.4,230368
2021-04-07 09:27:20,786.4,230368
2021-04-07 09:27:21,786.0,231069
2021-04-07 09:27:22,786.0,231089
2021-04-07 09:27:23,786.0,231089
2021-04-07 09:27:24,786.3,231139
2021-04-07 09:27:25,785.9,232576
2021-04-07 09:27:26,785.55,232602
2021-04-07 09:27:27,785.55,232602
2021-04-07 09:27:28,785.85,232722
2021-04-07 09:27:29,785.85,232722
2021-04-07 09:27:30,785.95,232822
2021-04-07 09:27:31,785.55,232949
2021-04-07 09:27:33,785.9,233454
2021-04-07 09:27:32,785.55,232949
2021-04-07 09:27:34,786.0,233704
2021-04-07 09:27:35,786.0,233704
2021-04-07 09:27:36,786.0,233704
2021-04-07 09:27:37,786.0,233704
2021-04-07 09:27:38,786.0,233719
2021-04-07 09:27:39,786.0,233719
2021-04-07 09:27:40,785.7,233838
2021-04-07 09:27:41,785.7,233988
2021-04-07 09:27:42,785.7,233988
2021-04-07 09:27:43,785.7,233989
2021-04-07 09:27:45,786.0,234856
2021-04-07 09:27:46,785.95,234862
2021-04-07 09:27:47,785.95,234862
2021-04-07 09:27:48,785.7,234863
2021-04-07 09:27:49,785.85,234868
2021-04-07 09:27:50,785.85,234868
2021-04-07 09:27:51,785.85,234868
2021-04-07 09:27:52,785.85,234868
2021-04-07 09:27:53,785.85,234868
2021-04-07 09:27:54,785.85,234868
2021-04-07 09:27:55,785.85,234868
2021-04-07 09:27:56,785.7,234913
2021-04-07 09:27:57,785.7,234913
2021-04-07 09:27:58,785.7,234913
2021-04-07 09:27:59,785.7,234913
2021-04-07 09:28:00,785.6,235144
2021-04-07 09:28:01,785.6,235144
2021-04-07 09:28:02,785.85,235394
2021-04-07 09:28:03,785.65,235396
2021-04-07 09:28:04,785.6,235676
2021-04-07 09:28:05,785.6,235676
2021-04-07 09:28:06,785.6,235676
2021-04-07 09:28:07,785.6,235676
2021-04-07 09:28:08,786.0,236256
2021-04-07 09:28:09,785.7,236263
2021-04-07 09:28:10,785.7,236263
2021-04-07 09:28:11,785.6,236273
2021-04-07 09:28:12,785.6,236273
2021-04-07 09:28:13,786.0,236274
2021-04-07 09:28:14,786.0,236440
2021-04-07 09:28:15,785.7,236555
2021-04-07 09:28:16,785.7,236555
2021-04-07 09:28:17,785.7,236565
2021-04-07 09:28:18,785.45,237741
2021-04-07 09:28:19,785.45,237741
2021-04-07 09:28:20,785.4,237750
2021-04-07 09:28:21,785.4,237751
2021-04-07 09:28:22,785.4,237801
2021-04-07 09:28:23,785.4,237930
2021-04-07 09:28:24,785.5,237980
2021-04-07 09:28:25,785.5,237980
2021-04-07 09:28:26,785.5,237980
2021-04-07 09:28:27,785.5,237982
2021-04-07 09:28:28,785.5,237982
2021-04-07 09:28:29,785.4,237992
2021-04-07 09:28:30,785.4,238023
2021-04-07 09:28:31,785.4,238024
2021-04-07 09:28:32,785.05,246962
2021-04-07 09:28:33,785.05,247012
2021-04-07 09:28:35,785.5,247099
2021-04-07 09:28:36,785.5,247099
2021-04-07 09:28:37,785.3,247115
2021-04-07 09:28:38,785.3,247115
2021-04-07 09:28:39,785.3,247115
2021-04-07 09:28:40,785.5,247165
2021-04-07 09:28:41,785.5,247165
2021-04-07 09:28:42,785.5,247165
2021-04-07 09:28:43,785.5,247165
2021-04-07 09:28:44,785.5,247165
2021-04-07 09:28:45,785.5,247165
2021-04-07 09:28:46,785.5,247165
2021-04-07 09:28:47,785.5,247165
2021-04-07 09:28:48,785.1,247430
2021-04-07 09:28:49,785.1,247430
2021-04-07 09:28:50,785.1,247430
2021-04-07 09:28:51,785.1,247441
2021-04-07 09:28:52,785.0,249941
2021-04-07 09:28:53,785.0,249941
2021-04-07 09:28:54,785.3,250050
2021-04-07 09:28:55,784.8,250090
2021-04-07 09:28:56,784.8,250090
2021-04-07 09:28:57,784.8,250090
2021-04-07 09:28:58,784.8,250090
2021-04-07 09:29:00,784.8,250090
2021-04-07 09:29:02,785.25,250100
2021-04-07 09:29:03,785.25,250100
2021-04-07 09:29:04,785.25,250100
2021-04-07 09:29:05,785.0,250200
2021-04-07 09:29:06,785.0,250200
2021-04-07 09:29:07,785.2,250212
2021-04-07 09:29:08,785.2,250212
2021-04-07 09:29:09,785.2,250212
2021-04-07 09:29:10,785.2,250249
2021-04-07 09:29:11,785.2,250249
2021-04-07 09:29:12,785.2,250249
2021-04-07 09:29:14,785.15,250399
2021-04-07 09:29:15,785.15,250449
2021-04-07 09:29:16,785.15,250449
2021-04-07 09:29:17,785.15,250449
2021-04-07 09:29:18,785.15,250449
2021-04-07 09:29:20,785.05,251495
2021-04-07 09:29:21,785.05,251495
2021-04-07 09:29:22,784.9,251512
2021-04-07 09:29:23,784.8,252380
2021-04-07 09:29:24,784.8,252381
2021-04-07 09:29:25,784.65,252385
2021-04-07 09:29:26,784.65,252385
2021-04-07 09:29:27,784.65,252385
2021-04-07 09:29:28,784.65,252385
2021-04-07 09:29:29,784.5,252530
2021-04-07 09:29:30,784.5,252535
2021-04-07 09:29:31,784.8,252537
2021-04-07 09:29:32,784.8,252537
2021-04-07 09:29:33,784.8,252547
2021-04-07 09:29:34,784.8,252547
2021-04-07 09:29:35,784.8,252547
2021-04-07 09:29:37,784.8,252547
2021-04-07 09:29:38,784.8,252547
2021-04-07 09:29:39,784.8,252562
2021-04-07 09:29:39,784.8,252562
2021-04-07 09:29:40,784.8,252632
2021-04-07 09:29:42,784.8,252632
2021-04-07 09:29:43,784.8,252657
2021-04-07 09:29:44,784.8,252710
2021-04-07 09:29:45,784.8,252711
2021-04-07 09:29:46,784.7,252744
2021-04-07 09:29:47,784.6,253282
2021-04-07 09:29:48,784.6,253364
2021-04-07 09:29:49,784.8,253403
2021-04-07 09:29:50,784.8,253469
2021-04-07 09:29:51,784.8,253469
2021-04-07 09:29:52,784.8,253469
2021-04-07 09:29:53,784.8,253469
2021-04-07 09:29:54,784.8,253615
2021-04-07 09:29:55,784.8,253615
2021-04-07 09:29:56,784.95,253707
2021-04-07 09:29:57,784.7,254006
2021-04-07 09:29:58,784.7,254023
2021-04-07 09:29:59,784.7,254072
2021-04-07 09:30:00,784.7,254072
2021-04-07 09:30:01,784.7,254471
2021-04-07 09:30:02,784.8,254507
2021-04-07 09:30:03,784.8,254507
2021-04-07 09:30:04,784.8,254507
2021-04-07 09:30:05,784.7,254553
2021-04-07 09:30:06,784.7,254553
2021-04-07 09:30:08,784.8,254563
2021-04-07 09:30:09,785.0,254966
2021-04-07 09:30:11,785.0,255607
2021-04-07 09:30:12,784.65,255883
2021-04-07 09:30:13,785.0,256036
2021-04-07 09:30:14,785.0,256038
2021-04-07 09:30:15,785.0,256047
2021-04-07 09:30:17,785.0,256893
2021-04-07 09:30:18,784.8,256913
2021-04-07 09:30:19,784.8,256933
2021-04-07 09:30:20,785.0,257234
2021-04-07 09:30:22,785.05,257374
2021-04-07 09:30:23,785.05,257374
2021-04-07 09:30:24,785.05,257485
2021-04-07 09:30:25,785.15,257543
2021-04-07 09:30:26,785.15,257544
2021-04-07 09:30:27,785.15,257544
2021-04-07 09:30:28,785.15,257544
2021-04-07 09:30:29,785.15,257544
2021-04-07 09:30:30,785.45,257797
2021-04-07 09:30:31,785.05,257897
2021-04-07 09:30:32,785.05,257897
2021-04-07 09:30:33,785.05,257977
2021-04-07 09:30:34,785.05,257977
2021-04-07 09:30:35,785.05,257987
2021-04-07 09:30:36,785.05,258436
2021-04-07 09:30:37,785.05,258436
2021-04-07 09:30:39,785.05,258436
2021-04-07 09:30:40,785.0,259444
2021-04-07 09:30:41,785.0,259744
2021-04-07 09:30:42,785.0,259744
2021-04-07 09:30:43,785.2,259924
2021-04-07 09:30:44,785.2,259924
2021-04-07 09:30:45,785.05,259927
2021-04-07 09:30:46,785.05,259927
2021-04-07 09:30:47,785.05,259927
2021-04-07 09:30:48,785.2,259977
2021-04-07 09:30:49,785.2,259977
2021-04-07 09:30:50,785.0,260143
2021-04-07 09:30:52,785.0,260919
2021-04-07 09:30:53,784.8,261019
2021-04-07 09:30:54,784.8,261019
2021-04-07 09:30:55,784.8,261038
2021-04-07 09:30:56,784.8,261040
2021-04-07 09:30:57,784.8,261040
2021-04-07 09:30:59,785.15,261238
2021-04-07 09:31:00,785.15,261238
2021-04-07 09:31:00,785.2,261288
2021-04-07 09:31:01,785.2,261288
2021-04-07 09:31:02,785.25,261388
2021-04-07 09:31:04,785.1,261540
2021-04-07 09:31:05,785.1,261540
2021-04-07 09:31:06,785.45,261550
2021-04-07 09:31:07,785.45,261550
2021-04-07 09:31:09,785.45,261550
2021-04-07 09:31:10,785.35,261551
2021-04-07 09:31:11,785.2,261695
2021-04-07 09:31:12,785.2,261695
2021-04-07 09:31:13,785.2,261807
2021-04-07 09:31:15,785.2,261807
2021-04-07 09:31:16,785.2,261807
2021-04-07 09:31:17,785.2,261807
2021-04-07 09:31:18,785.2,261807
2021-04-07 09:31:19,785.2,261919
2021-04-07 09:31:20,785.2,261919
2021-04-07 09:31:21,785.2,261919
2021-04-07 09:31:22,785.2,261920
2021-04-07 09:31:23,785.2,261920
2021-04-07 09:31:24,785.2,261920
2021-04-07 09:31:25,785.3,261951
2021-04-07 09:31:26,785.3,261951
2021-04-07 09:31:27,785.3,261961
2021-04-07 09:31:28,785.45,261985
2021-04-07 09:31:30,785.2,262126
2021-04-07 09:31:31,785.2,262126
2021-04-07 09:31:32,785.2,262126
2021-04-07 09:31:33,785.45,262403
2021-04-07 09:31:34,785.45,262403
2021-04-07 09:31:34,785.45,262403
2021-04-07 09:31:35,785.45,262403
2021-04-07 09:31:36,785.7,262503
2021-04-07 09:31:37,785.7,263503
2021-04-07 09:31:38,785.2,263615
2021-04-07 09:31:39,785.2,263635
2021-04-07 09:31:40,785.2,263824
2021-04-07 09:31:41,785.3,263844
2021-04-07 09:31:42,785.3,263844
2021-04-07 09:31:43,785.2,263995
2021-04-07 09:31:44,785.2,263995
2021-04-07 09:31:45,785.05,265925
2021-04-07 09:31:46,785.05,265925
2021-04-07 09:31:47,783.6,269803
2021-04-07 09:31:48,783.6,269803
2021-04-07 09:31:50,783.5,272019
2021-04-07 09:31:52,783.0,272133
2021-04-07 09:31:53,783.0,273753
2021-04-07 09:31:54,783.0,273753
2021-04-07 09:31:55,783.25,273773
2021-04-07 09:31:56,782.6,274025
2021-04-07 09:31:56,782.6,274025
2021-04-07 09:31:57,782.6,274025
2021-04-07 09:31:58,782.6,274025
2021-04-07 09:31:59,783.0,274045
2021-04-07 09:32:01,783.0,274045
2021-04-07 09:32:02,783.0,274045
2021-04-07 09:32:03,783.0,274045
2021-04-07 09:32:03,782.95,274051
2021-04-07 09:32:04,782.95,274051
2021-04-07 09:32:05,783.0,274551
2021-04-07 09:32:06,783.0,274551
2021-04-07 09:32:07,783.0,274551
2021-04-07 09:32:09,783.0,275063
2021-04-07 09:32:10,783.0,275066
2021-04-07 09:32:11,783.0,275066
2021-04-07 09:32:12,782.15,276269
2021-04-07 09:32:13,782.0,276515
2021-04-07 09:32:14,782.6,276551
2021-04-07 09:32:15,782.2,276755
2021-04-07 09:32:16,782.85,276809
2021-04-07 09:32:17,782.25,276819
2021-04-07 09:32:18,782.25,276819
2021-04-07 09:32:19,782.25,276819
2021-04-07 09:32:20,782.75,277240
2021-04-07 09:32:21,783.1,277346
2021-04-07 09:32:22,783.1,277347
2021-04-07 09:32:23,783.1,277347
2021-04-07 09:32:24,782.6,277467
2021-04-07 09:32:25,782.95,277517
2021-04-07 09:32:27,782.95,277537
2021-04-07 09:32:28,782.95,277537
2021-04-07 09:32:28,782.95,277537
2021-04-07 09:32:29,782.95,277538
2021-04-07 09:32:30,782.95,277606
2021-04-07 09:32:32,782.95,277606
2021-04-07 09:32:33,783.5,277954
2021-04-07 09:32:34,783.2,278020
2021-04-07 09:32:35,783.2,278022
2021-04-07 09:32:36,782.85,278114
2021-04-07 09:32:37,783.0,278134
2021-04-07 09:32:38,783.35,278160
2021-04-07 09:32:39,783.35,278162
2021-04-07 09:32:40,783.35,278162
2021-04-07 09:32:41,783.05,278367
2021-04-07 09:32:42,783.35,278420
2021-04-07 09:32:43,783.35,278420
2021-04-07 09:32:45,783.1,278470
2021-04-07 09:32:46,783.1,279061
2021-04-07 09:32:47,783.35,279176
2021-04-07 09:32:48,783.25,279236
2021-04-07 09:32:49,783.25,279236
2021-04-07 09:32:51,782.6,279419
2021-04-07 09:32:52,783.0,279520
2021-04-07 09:32:53,783.0,279523
2021-04-07 09:32:54,782.75,279524
2021-04-07 09:32:55,782.75,279525
2021-04-07 09:32:57,783.0,279710
2021-04-07 09:32:58,783.0,279715
2021-04-07 09:32:59,783.2,279727
2021-04-07 09:32:59,783.2,279717
2021-04-07 09:33:01,783.25,279760
2021-04-07 09:33:02,783.0,279761
2021-04-07 09:33:04,783.0,279881
2021-04-07 09:33:05,783.0,279881
2021-04-07 09:33:06,783.25,279906
2021-04-07 09:33:07,782.9,281041
2021-04-07 09:33:08,782.9,281041
2021-04-07 09:33:09,783.0,281052
2021-04-07 09:33:10,783.0,281052
2021-04-07 09:33:11,783.0,281309
2021-04-07 09:33:12,783.0,281309
2021-04-07 09:33:13,783.0,281309
2021-04-07 09:33:15,783.0,281309
2021-04-07 09:33:16,783.0,281309
2021-04-07 09:33:17,783.05,281342
2021-04-07 09:33:18,783.0,281445
2021-04-07 09:33:19,783.3,281783
2021-04-07 09:33:20,782.9,281849
2021-04-07 09:33:22,783.0,282149
2021-04-07 09:33:23,783.0,282149
2021-04-07 09:33:24,783.0,282149
2021-04-07 09:33:24,783.0,282191
2021-04-07 09:33:25,783.0,282191
2021-04-07 09:33:26,783.0,282191
2021-04-07 09:33:28,783.0,282191
2021-04-07 09:33:29,783.3,282193
2021-04-07 09:33:30,783.3,282222
2021-04-07 09:33:30,783.05,282221
2021-04-07 09:33:32,783.3,282322
2021-04-07 09:33:32,783.3,282322
2021-04-07 09:33:33,783.05,282397
2021-04-07 09:33:34,783.05,282453
2021-04-07 09:33:35,782.6,285655
2021-04-07 09:33:38,782.6,285786
2021-04-07 09:33:39,782.65,286286
2021-04-07 09:33:40,782.9,286375
2021-04-07 09:33:42,782.9,286381
2021-04-07 09:33:43,782.9,286381
2021-04-07 09:33:43,782.9,286381
2021-04-07 09:33:44,782.9,286381
2021-04-07 09:33:45,782.5,286581
2021-04-07 09:33:47,782.5,286581
2021-04-07 09:33:47,782.5,286581
2021-04-07 09:33:48,782.5,286581
2021-04-07 09:33:50,782.85,286582
2021-04-07 09:33:51,782.85,286587
2021-04-07 09:33:52,782.85,286587
2021-04-07 09:33:53,782.5,286588
2021-04-07 09:33:55,782.5,286723
2021-04-07 09:33:57,782.5,286723
2021-04-07 09:33:58,782.95,287023
2021-04-07 09:33:59,782.85,287025
2021-04-07 09:34:00,782.5,287050
2021-04-07 09:34:01,782.85,287056
2021-04-07 09:34:01,782.85,287072
2021-04-07 09:34:02,782.5,287172
2021-04-07 09:34:04,782.8,287181
2021-04-07 09:34:05,782.8,287186
2021-04-07 09:34:05,782.8,287186
2021-04-07 09:34:06,782.8,287186
2021-04-07 09:34:07,782.8,287187
2021-04-07 09:34:08,782.8,287287
2021-04-07 09:34:09,782.5,287313
2021-04-07 09:34:10,782.5,287333
2021-04-07 09:34:12,782.75,287335
2021-04-07 09:34:13,782.75,287335
2021-04-07 09:34:13,782.75,287335
2021-04-07 09:34:14,782.75,287335
2021-04-07 09:34:15,782.8,287509
2021-04-07 09:34:16,782.85,287609
2021-04-07 09:34:18,782.85,287609
2021-04-07 09:34:20,782.8,287611
2021-04-07 09:34:19,782.8,287611
2021-04-07 09:34:21,782.8,287611
2021-04-07 09:34:22,782.8,287612
2021-04-07 09:34:23,782.8,287612
2021-04-07 09:34:24,782.8,287615
2021-04-07 09:34:25,782.7,287690
2021-04-07 09:34:26,782.7,287782
2021-04-07 09:34:27,782.7,287782
2021-04-07 09:34:28,782.7,287782
2021-04-07 09:34:29,782.8,287871
2021-04-07 09:34:29,782.8,287871
2021-04-07 09:34:30,782.8,287871
2021-04-07 09:34:31,782.8,287872
2021-04-07 09:34:32,782.8,287969
2021-04-07 09:34:33,782.9,288069
2021-04-07 09:34:35,782.9,288069
2021-04-07 09:34:36,782.05,291204
2021-04-07 09:34:37,781.75,294309
2021-04-07 09:34:38,781.75,294309
2021-04-07 09:34:39,781.45,294797
2021-04-07 09:34:39,781.45,294797
2021-04-07 09:34:41,781.45,294797
2021-04-07 09:34:42,781.45,294797
2021-04-07 09:34:43,781.85,294881
2021-04-07 09:34:44,781.45,294903
2021-04-07 09:34:45,781.45,294903
2021-04-07 09:34:47,782.25,295650
2021-04-07 09:34:48,781.7,295670
2021-04-07 09:34:49,782.15,295671
2021-04-07 09:34:50,782.0,295721
2021-04-07 09:34:50,782.0,295721
2021-04-07 09:34:51,781.55,296241
2021-04-07 09:34:52,782.1,296251
2021-04-07 09:34:53,781.45,296346
2021-04-07 09:34:54,781.55,296377
2021-04-07 09:34:55,781.55,296386
2021-04-07 09:34:56,781.55,296386
2021-04-07 09:34:57,781.55,296386
2021-04-07 09:34:59,781.9,296598
2021-04-07 09:35:00,781.8,296603
2021-04-07 09:35:01,781.55,296618
2021-04-07 09:35:02,781.8,296628
2021-04-07 09:35:02,781.55,296633
2021-04-07 09:35:04,781.8,296634
2021-04-07 09:35:05,782.0,296834
2021-04-07 09:35:06,782.0,296886
2021-04-07 09:35:07,782.0,296886
2021-04-07 09:35:08,782.05,298037
2021-04-07 09:35:09,782.05,298037
2021-04-07 09:35:10,781.85,298302
2021-04-07 09:35:11,781.85,298333
2021-04-07 09:35:13,781.8,298449
2021-04-07 09:35:14,781.8,298461
2021-04-07 09:35:15,782.25,298561
2021-04-07 09:35:16,782.0,298562
2021-04-07 09:35:17,782.0,298562
2021-04-07 09:35:17,782.0,298562
2021-04-07 09:35:18,782.0,298562
2021-04-07 09:35:20,782.4,298564
2021-04-07 09:35:21,782.45,298565
2021-04-07 09:35:22,782.25,298566
2021-04-07 09:35:23,782.25,298616
2021-04-07 09:35:24,782.25,298616
2021-04-07 09:35:25,782.25,298616
2021-04-07 09:35:26,782.8,298816
2021-04-07 09:35:27,782.8,298816
2021-04-07 09:35:30,783.15,300390
2021-04-07 09:35:31,783.5,300425
2021-04-07 09:35:32,783.5,300425
2021-04-07 09:35:33,783.6,300625
2021-04-07 09:35:35,783.6,300625
2021-04-07 09:35:36,783.75,300760
2021-04-07 09:35:37,783.75,300760
2021-04-07 09:35:38,783.5,300782
2021-04-07 09:35:39,783.5,300782
2021-04-07 09:35:40,783.75,300812
2021-04-07 09:35:41,783.75,300813
2021-04-07 09:35:42,783.5,300912
2021-04-07 09:35:43,783.5,301072
2021-04-07 09:35:44,783.5,301072
2021-04-07 09:35:45,783.5,301083
2021-04-07 09:35:45,783.5,301083
2021-04-07 09:35:46,783.5,301083
2021-04-07 09:35:48,783.55,301085
2021-04-07 09:35:49,783.6,301157
2021-04-07 09:35:50,783.5,301257
2021-04-07 09:35:51,783.5,301429
2021-04-07 09:35:52,783.5,301429
2021-04-07 09:35:54,783.4,301439
2021-04-07 09:35:55,783.4,301439
2021-04-07 09:35:56,783.4,301439
2021-04-07 09:35:57,783.4,301439
2021-04-07 09:35:58,783.4,301439
2021-04-07 09:35:59,783.5,301449
2021-04-07 09:35:59,783.5,301449
2021-04-07 09:36:00,783.35,301508
2021-04-07 09:36:02,783.65,302108
2021-04-07 09:36:03,783.65,302108
2021-04-07 09:36:03,783.65,302108
2021-04-07 09:36:04,783.5,302118
2021-04-07 09:36:06,783.25,303488
2021-04-07 09:36:07,783.4,303572
2021-04-07 09:36:08,783.4,303572
2021-04-07 09:36:09,783.65,303573
2021-04-07 09:36:10,783.65,303598
2021-04-07 09:36:11,783.65,303598
2021-04-07 09:36:12,783.65,303598
2021-04-07 09:36:13,783.55,303695
2021-04-07 09:36:14,783.55,303695
2021-04-07 09:36:15,783.55,303695
2021-04-07 09:36:16,783.6,303795
2021-04-07 09:36:17,783.6,303795
2021-04-07 09:36:18,783.6,303795
2021-04-07 09:36:19,783.6,303795
2021-04-07 09:36:20,784.0,306044
2021-04-07 09:36:21,784.0,306044
2021-04-07 09:36:22,784.0,306044
2021-04-07 09:36:23,784.0,306044
2021-04-07 09:36:25,784.5,306069
2021-04-07 09:36:26,784.1,306076
2021-04-07 09:36:27,784.1,306076
2021-04-07 09:36:28,784.25,306086
2021-04-07 09:36:29,784.1,306092
2021-04-07 09:36:30,784.1,306092
2021-04-07 09:36:30,784.1,306092
2021-04-07 09:36:31,784.1,306142
2021-04-07 09:36:32,784.1,306142
2021-04-07 09:36:33,784.05,306192
2021-04-07 09:36:35,784.2,306323
2021-04-07 09:36:36,784.2,306323
2021-04-07 09:36:37,784.2,306323
2021-04-07 09:36:38,784.2,306323
2021-04-07 09:36:39,784.2,306325
2021-04-07 09:36:40,784.1,306340
2021-04-07 09:36:41,784.1,306375
2021-04-07 09:36:43,784.35,306476
2021-04-07 09:36:44,784.0,306576
2021-04-07 09:36:45,784.0,306576
2021-04-07 09:36:46,784.0,306576
2021-04-07 09:36:46,784.4,306636
2021-04-07 09:36:48,784.4,306636
2021-04-07 09:36:48,784.4,306636
2021-04-07 09:36:49,784.4,306637
2021-04-07 09:36:51,784.4,306637
2021-04-07 09:36:52,784.25,306639
2021-04-07 09:36:53,784.25,306639
2021-04-07 09:36:55,784.45,307108
2021-04-07 09:36:56,784.35,307113
2021-04-07 09:36:57,784.35,307113
2021-04-07 09:36:58,784.95,307319
2021-04-07 09:36:59,784.45,307369
2021-04-07 09:37:01,784.9,307373
2021-04-07 09:37:02,784.9,307423
2021-04-07 09:37:03,784.9,307423
2021-04-07 09:37:04,784.9,307423
2021-04-07 09:37:05,784.5,308223
2021-04-07 09:37:07,784.7,308379
2021-04-07 09:37:08,784.7,308499
2021-04-07 09:37:09,784.7,308499
2021-04-07 09:37:10,784.7,308499
2021-04-07 09:37:11,784.7,308568
2021-04-07 09:37:13,784.7,308568
2021-04-07 09:37:14,784.7,308637
2021-04-07 09:37:15,784.7,308637
2021-04-07 09:37:16,784.85,308663
2021-04-07 09:37:17,784.7,309291
2021-04-07 09:37:18,785.0,309303
2021-04-07 09:37:19,784.75,309328
2021-04-07 09:37:21,784.65,309817
2021-04-07 09:37:20,784.75,309328
2021-04-07 09:37:22,784.65,309817
2021-04-07 09:37:23,784.75,309849
2021-04-07 09:37:24,784.75,309849
2021-04-07 09:37:25,784.75,309849
2021-04-07 09:37:26,784.75,309854
2021-04-07 09:37:27,784.75,309854
2021-04-07 09:37:27,784.65,309857
2021-04-07 09:37:29,784.65,310120
2021-04-07 09:37:30,784.65,310120
2021-04-07 09:37:31,784.6,310946
2021-04-07 09:37:32,784.5,312308
2021-04-07 09:37:33,784.5,312308
2021-04-07 09:37:34,784.5,312308
2021-04-07 09:37:35,784.5,312328
2021-04-07 09:37:36,784.5,312578
2021-04-07 09:37:38,784.5,312578
2021-04-07 09:37:39,784.5,312578
2021-04-07 09:37:40,784.55,312581
2021-04-07 09:37:41,784.3,312763
2021-04-07 09:37:42,784.65,312768
2021-04-07 09:37:43,785.25,318389
2021-04-07 09:37:44,785.5,318537
2021-04-07 09:37:45,785.35,318716
2021-04-07 09:37:46,785.6,318732
2021-04-07 09:37:47,785.55,318752
2021-04-07 09:37:48,785.55,318752
2021-04-07 09:37:49,785.55,318752
2021-04-07 09:37:51,785.55,318752
2021-04-07 09:37:52,785.55,318752
2021-04-07 09:37:53,784.8,318852
2021-04-07 09:37:54,784.8,318852
2021-04-07 09:37:55,784.8,318852
2021-04-07 09:37:57,784.95,319342
2021-04-07 09:37:58,784.95,319342
2021-04-07 09:37:59,784.95,319342
2021-04-07 09:38:00,784.95,319342
2021-04-07 09:38:01,784.95,319342
2021-04-07 09:38:02,784.95,319342
2021-04-07 09:38:04,784.95,319342
2021-04-07 09:38:05,784.95,319342
2021-04-07 09:38:06,784.95,319342
2021-04-07 09:38:07,784.95,319342
2021-04-07 09:38:08,784.95,319342
2021-04-07 09:38:09,785.0,319345
2021-04-07 09:38:10,785.0,319345
2021-04-07 09:38:11,785.0,319345
2021-04-07 09:38:12,784.45,320117
2021-04-07 09:38:13,784.6,320127
2021-04-07 09:38:15,784.6,320127
2021-04-07 09:38:16,784.6,320127
2021-04-07 09:38:17,784.45,320262
2021-04-07 09:38:18,784.55,320264
2021-04-07 09:38:20,784.9,320386
2021-04-07 09:38:21,784.95,320389
2021-04-07 09:38:22,785.0,320506
2021-04-07 09:38:23,785.0,320506
2021-04-07 09:38:24,785.45,320514
2021-04-07 09:38:25,785.45,320514
2021-04-07 09:38:26,785.3,320519
2021-04-07 09:38:27,785.3,320519
2021-04-07 09:38:28,785.1,320573
2021-04-07 09:38:29,785.1,320573
2021-04-07 09:38:30,785.1,320573
2021-04-07 09:38:31,785.4,320574
2021-04-07 09:38:32,785.4,320574
2021-04-07 09:38:34,785.05,320641
2021-04-07 09:38:35,785.05,320641
2021-04-07 09:38:36,785.05,320641
2021-04-07 09:38:37,785.05,320641
2021-04-07 09:38:38,785.05,320641
2021-04-07 09:38:39,785.0,320666
2021-04-07 09:38:40,785.0,320666
2021-04-07 09:38:41,785.0,320666
2021-04-07 09:38:42,785.0,320666
2021-04-07 09:38:43,785.0,320666
2021-04-07 09:38:44,785.4,320705
2021-04-07 09:38:45,785.4,320705
2021-04-07 09:38:46,785.4,320713
2021-04-07 09:38:47,785.4,320713
2021-04-07 09:38:48,785.4,320713
2021-04-07 09:38:49,785.4,320713
2021-04-07 09:38:50,785.4,320853
2021-04-07 09:38:51,785.6,320916
2021-04-07 09:38:52,785.6,320921
2021-04-07 09:38:53,785.6,320921
2021-04-07 09:38:54,785.3,320951
2021-04-07 09:38:55,785.3,320981
2021-04-07 09:38:56,785.3,321906
2021-04-07 09:38:57,785.0,321928
2021-04-07 09:38:58,785.3,321938
2021-04-07 09:38:59,785.3,321938
2021-04-07 09:39:00,785.3,321938
2021-04-07 09:39:01,785.3,321938
2021-04-07 09:39:02,785.3,321938
2021-04-07 09:39:03,785.3,321938
2021-04-07 09:39:04,784.95,322453
2021-04-07 09:39:05,784.45,322703
2021-04-07 09:39:07,784.45,322717
2021-04-07 09:39:08,784.45,322717
2021-04-07 09:39:09,784.45,322717
2021-04-07 09:39:10,784.45,322717
2021-04-07 09:39:11,784.45,322717
2021-04-07 09:39:12,784.45,322717
2021-04-07 09:39:13,784.45,322717
2021-04-07 09:39:14,784.75,322757
2021-04-07 09:39:15,784.75,322788
2021-04-07 09:39:16,784.75,322788
2021-04-07 09:39:17,784.75,322788
2021-04-07 09:39:18,785.2,322891
2021-04-07 09:39:19,785.2,322891
2021-04-07 09:39:20,784.65,322924
2021-04-07 09:39:21,784.65,322924
2021-04-07 09:39:22,784.65,322924
2021-04-07 09:39:23,784.65,322924
2021-04-07 09:39:24,784.65,322924
2021-04-07 09:39:25,784.65,322924
2021-04-07 09:39:26,784.65,322924
2021-04-07 09:39:27,784.65,322924
2021-04-07 09:39:28,784.65,322924
2021-04-07 09:39:29,784.65,322924
2021-04-07 09:39:31,784.65,322924
2021-04-07 09:39:32,784.75,322925
2021-04-07 09:39:33,784.75,322925
2021-04-07 09:39:34,784.65,322930
2021-04-07 09:39:35,784.65,322931
2021-04-07 09:39:36,784.65,322931
2021-04-07 09:39:37,784.95,322981
2021-04-07 09:39:38,784.95,322992
2021-04-07 09:39:39,784.65,323071
2021-04-07 09:39:40,784.55,323103
2021-04-07 09:39:41,784.55,323105
2021-04-07 09:39:42,784.45,323111
2021-04-07 09:39:43,784.45,323219
2021-04-07 09:39:44,784.45,323241
2021-04-07 09:39:45,784.65,323245
2021-04-07 09:39:46,784.65,323256
2021-04-07 09:39:47,784.65,323258
2021-04-07 09:39:48,784.95,323259
2021-04-07 09:39:49,784.65,323260
2021-04-07 09:39:50,784.65,323260
2021-04-07 09:39:51,784.65,323260
2021-04-07 09:39:53,784.65,323260
2021-04-07 09:39:54,784.65,323260
2021-04-07 09:39:56,784.65,323262
2021-04-07 09:39:57,784.65,323383
2021-04-07 09:39:59,784.55,324208
2021-04-07 09:40:00,784.55,324645
2021-04-07 09:40:02,784.55,324645
2021-04-07 09:40:02,784.55,324645
2021-04-07 09:40:03,784.55,324645
2021-04-07 09:40:04,784.55,324645
2021-04-07 09:40:05,784.7,324758
2021-04-07 09:40:06,784.6,324778
2021-04-07 09:40:07,784.6,324778
2021-04-07 09:40:08,784.6,324778
2021-04-07 09:40:09,784.6,324778
2021-04-07 09:40:11,785.0,325986
2021-04-07 09:40:12,785.0,325986
2021-04-07 09:40:13,785.0,325986
2021-04-07 09:40:14,785.1,325991
2021-04-07 09:40:15,785.4,326083
2021-04-07 09:40:16,785.4,326088
2021-04-07 09:40:17,785.4,326319
2021-04-07 09:40:18,785.05,326339
2021-04-07 09:40:19,785.05,326339
2021-04-07 09:40:20,785.4,326359
2021-04-07 09:40:21,785.1,326367
2021-04-07 09:40:22,785.1,326397
2021-04-07 09:40:23,785.5,326697
2021-04-07 09:40:24,785.25,326701
2021-04-07 09:40:25,785.3,327212
2021-04-07 09:40:26,785.3,327212
2021-04-07 09:40:27,785.3,327212
2021-04-07 09:40:28,785.2,327224
2021-04-07 09:40:29,785.2,327294
2021-04-07 09:40:30,785.2,327294
2021-04-07 09:40:31,785.5,327295
2021-04-07 09:40:32,785.15,327361
2021-04-07 09:40:34,785.1,327505
2021-04-07 09:40:35,785.1,328044
2021-04-07 09:40:36,785.1,328131
2021-04-07 09:40:37,785.1,328131
2021-04-07 09:40:39,785.4,328163
2021-04-07 09:40:40,785.05,328230
2021-04-07 09:40:41,785.05,328230
2021-04-07 09:40:42,785.05,328230
2021-04-07 09:40:44,785.25,328295
2021-04-07 09:40:45,785.25,328295
2021-04-07 09:40:46,784.7,328645
2021-04-07 09:40:47,785.2,328654
2021-04-07 09:40:47,785.2,328654
2021-04-07 09:40:48,785.25,328754
2021-04-07 09:40:49,785.45,328809
2021-04-07 09:40:50,785.5,328909
2021-04-07 09:40:51,785.5,328989
2021-04-07 09:40:52,785.0,329085
2021-04-07 09:40:54,785.5,329205
2021-04-07 09:40:55,785.5,329340
2021-04-07 09:40:55,785.5,329340
2021-04-07 09:40:56,785.5,329340
2021-04-07 09:40:57,785.5,329340
2021-04-07 09:41:00,785.2,329417
2021-04-07 09:41:01,785.2,329608
2021-04-07 09:41:02,784.8,329628
2021-04-07 09:41:03,784.8,329628
2021-04-07 09:41:04,785.25,329629
2021-04-07 09:41:05,785.25,329629
2021-04-07 09:41:06,785.25,329629
2021-04-07 09:41:07,785.25,329629
2021-04-07 09:41:08,785.5,329699
2021-04-07 09:41:10,785.5,329699
2021-04-07 09:41:11,785.1,329700
2021-04-07 09:41:12,785.1,329733
2021-04-07 09:41:13,785.1,329767
2021-04-07 09:41:14,785.1,329767
2021-04-07 09:41:16,785.1,329767
2021-04-07 09:41:17,785.1,329767
2021-04-07 09:41:18,785.1,329767
2021-04-07 09:41:19,785.1,329767
2021-04-07 09:41:20,785.1,329775
2021-04-07 09:41:21,785.1,329775
2021-04-07 09:41:22,785.1,329775
2021-04-07 09:41:23,785.1,329775
2021-04-07 09:41:24,785.1,329775
2021-04-07 09:41:25,785.1,329775
2021-04-07 09:41:26,785.05,330025
2021-04-07 09:41:27,785.45,330035
2021-04-07 09:41:28,785.45,330035
2021-04-07 09:41:29,785.45,330035
2021-04-07 09:41:30,785.45,330035
2021-04-07 09:41:31,785.5,330335
2021-04-07 09:41:32,785.5,330349
2021-04-07 09:41:33,785.5,330349
2021-04-07 09:41:34,785.9,332560
2021-04-07 09:41:36,785.6,332626
2021-04-07 09:41:37,785.6,332626
2021-04-07 09:41:39,785.6,332707
2021-04-07 09:41:40,785.6,332707
2021-04-07 09:41:41,785.85,332817
2021-04-07 09:41:42,785.6,332850
2021-04-07 09:41:43,785.6,332850
2021-04-07 09:41:44,785.95,333494
2021-04-07 09:41:45,785.6,333528
2021-04-07 09:41:46,785.95,333543
2021-04-07 09:41:47,785.5,333927
2021-04-07 09:41:48,785.5,333927
2021-04-07 09:41:49,785.8,333961
2021-04-07 09:41:50,785.8,333961
2021-04-07 09:41:51,785.8,333961
2021-04-07 09:41:52,785.5,333981
2021-04-07 09:41:53,785.5,333981
2021-04-07 09:41:54,785.5,333981
2021-04-07 09:41:55,785.5,333986
2021-04-07 09:41:56,785.8,333996
2021-04-07 09:41:57,785.5,334046
2021-04-07 09:41:58,785.5,334046
2021-04-07 09:41:59,785.5,334087
2021-04-07 09:42:01,785.8,334375
2021-04-07 09:42:01,785.8,334375
2021-04-07 09:42:02,785.55,334392
2021-04-07 09:42:03,785.95,334393
2021-04-07 09:42:04,785.5,334454
2021-04-07 09:42:06,785.5,334454
2021-04-07 09:42:06,785.5,334454
2021-04-07 09:42:07,785.5,334454
2021-04-07 09:42:08,785.5,334454
2021-04-07 09:42:10,786.0,334734
2021-04-07 09:42:11,786.0,334734
2021-04-07 09:42:11,786.0,334734
2021-04-07 09:42:12,786.0,334735
2021-04-07 09:42:13,786.0,334735
2021-04-07 09:42:15,786.0,334735
2021-04-07 09:42:16,786.0,334856
2021-04-07 09:42:17,786.0,334856
2021-04-07 09:42:18,786.0,334856
2021-04-07 09:42:19,785.8,334872
2021-04-07 09:42:19,785.8,334872
2021-04-07 09:42:21,786.0,335023
2021-04-07 09:42:21,786.0,335023
2021-04-07 09:42:22,786.0,335023
2021-04-07 09:42:23,786.0,335023
2021-04-07 09:42:24,786.0,335023
2021-04-07 09:42:25,786.4,336450
2021-04-07 09:42:26,786.25,336465
2021-04-07 09:42:27,786.25,336465
2021-04-07 09:42:28,786.25,336465
2021-04-07 09:42:30,786.25,336815
2021-04-07 09:42:31,786.25,336890
2021-04-07 09:42:32,786.2,336938
2021-04-07 09:42:33,786.2,336938
2021-04-07 09:42:34,786.2,337013
2021-04-07 09:42:34,786.2,337013
2021-04-07 09:42:35,786.2,337013
2021-04-07 09:42:36,786.2,337013
2021-04-07 09:42:37,786.2,338020
2021-04-07 09:42:38,786.15,339022
2021-04-07 09:42:39,786.5,339023
2021-04-07 09:42:40,786.2,339577
2021-04-07 09:42:41,786.15,339593
2021-04-07 09:42:43,786.25,339693
2021-04-07 09:42:43,786.65,340236
2021-04-07 09:42:45,786.65,340326
2021-04-07 09:42:46,786.8,340499
2021-04-07 09:42:47,786.4,340884
2021-04-07 09:42:48,786.4,340884
2021-04-07 09:42:48,786.45,342501
2021-04-07 09:42:49,786.45,342501
2021-04-07 09:42:50,786.8,342651
2021-04-07 09:42:51,786.4,342706
2021-04-07 09:42:52,786.4,342716
2021-04-07 09:42:54,786.65,342817
2021-04-07 09:42:54,786.65,342817
2021-04-07 09:42:55,786.45,342958
2021-04-07 09:42:56,786.95,344258
2021-04-07 09:42:58,786.9,344358
2021-04-07 09:42:58,786.45,344362
2021-04-07 09:42:59,786.4,344707
2021-04-07 09:43:00,786.4,344707
2021-04-07 09:43:02,786.65,344807
2021-04-07 09:43:03,786.7,344958
2021-04-07 09:43:04,786.7,344958
2021-04-07 09:43:05,786.75,345150
2021-04-07 09:43:06,786.75,345150
2021-04-07 09:43:07,786.75,345150
2021-04-07 09:43:08,786.95,345510
2021-04-07 09:43:09,786.95,345510
2021-04-07 09:43:10,786.95,345710
2021-04-07 09:43:11,786.95,345823
2021-04-07 09:43:12,786.75,346172
2021-04-07 09:43:13,786.75,346272
2021-04-07 09:43:14,786.75,346272
2021-04-07 09:43:15,786.8,346302
2021-04-07 09:43:16,786.8,346302
2021-04-07 09:43:17,786.8,346302
2021-04-07 09:43:20,786.5,347684
2021-04-07 09:43:20,786.4,347703
2021-04-07 09:43:22,786.4,347703
2021-04-07 09:43:23,786.4,347703
2021-04-07 09:43:24,786.55,347753
2021-04-07 09:43:25,786.0,349082
2021-04-07 09:43:26,785.95,349090
2021-04-07 09:43:26,785.95,349090
2021-04-07 09:43:27,785.95,349090
2021-04-07 09:43:29,785.95,349090
2021-04-07 09:43:30,785.95,349090
2021-04-07 09:43:31,785.8,349122
2021-04-07 09:43:31,785.8,349122
2021-04-07 09:43:32,785.8,349156
2021-04-07 09:43:33,785.5,349259
2021-04-07 09:43:34,785.5,349259
2021-04-07 09:43:35,785.5,349259
2021-04-07 09:43:37,785.8,349360
2021-04-07 09:43:38,785.8,349360
2021-04-07 09:43:39,785.8,349360
2021-04-07 09:43:40,785.8,349360
2021-04-07 09:43:41,785.35,349720
2021-04-07 09:43:42,785.8,349752
2021-04-07 09:43:43,785.8,349802
2021-04-07 09:43:44,785.8,349802
2021-04-07 09:43:45,785.3,350042
2021-04-07 09:43:46,785.3,350042
2021-04-07 09:43:46,785.55,350043
2021-04-07 09:43:47,785.55,350043
2021-04-07 09:43:48,785.55,350068
2021-04-07 09:43:49,785.55,350101
2021-04-07 09:43:50,785.55,350154
2021-04-07 09:43:51,785.55,350154
2021-04-07 09:43:52,785.55,350154
2021-04-07 09:43:54,785.55,350154
2021-04-07 09:43:54,785.55,350154
2021-04-07 09:43:55,785.55,350154
2021-04-07 09:43:56,785.55,350154
2021-04-07 09:43:57,785.8,350157
2021-04-07 09:43:58,785.8,350167
2021-04-07 09:43:59,785.8,350167
2021-04-07 09:44:00,785.8,350167
2021-04-07 09:44:01,785.8,350167
2021-04-07 09:44:03,785.8,350197
2021-04-07 09:44:03,785.8,350197
2021-04-07 09:44:05,785.8,350217
2021-04-07 09:44:05,785.8,350217
2021-04-07 09:44:07,785.8,350267
2021-04-07 09:44:08,785.5,350770
2021-04-07 09:44:09,785.5,350770
2021-04-07 09:44:10,785.8,350810
2021-04-07 09:44:10,785.8,350810
2021-04-07 09:44:11,785.8,350810
2021-04-07 09:44:12,785.8,350830
2021-04-07 09:44:13,785.8,350830
2021-04-07 09:44:14,785.6,350887
2021-04-07 09:44:16,785.85,350953
2021-04-07 09:44:17,785.85,350953
2021-04-07 09:44:18,786.0,351074
2021-04-07 09:44:20,785.75,351075
2021-04-07 09:44:21,785.6,351349
2021-04-07 09:44:22,785.6,351349
2021-04-07 09:44:23,786.0,351359
2021-04-07 09:44:24,786.0,351359
2021-04-07 09:44:24,786.0,351359
2021-04-07 09:44:25,785.8,351376
2021-04-07 09:44:26,786.2,351656
2021-04-07 09:44:28,786.0,351657
2021-04-07 09:44:30,786.0,351806
2021-04-07 09:44:31,786.45,351856
2021-04-07 09:44:32,786.45,351856
2021-04-07 09:44:32,786.45,351856
2021-04-07 09:44:34,786.4,351873
2021-04-07 09:44:34,786.4,351873
2021-04-07 09:44:35,786.1,351889
2021-04-07 09:44:36,786.1,351889
2021-04-07 09:44:38,786.1,351889
2021-04-07 09:44:38,786.1,351889
2021-04-07 09:44:39,786.1,351889
2021-04-07 09:44:40,786.1,351890
2021-04-07 09:44:41,786.5,351940
2021-04-07 09:44:42,786.1,351942
2021-04-07 09:44:44,786.1,352026
2021-04-07 09:44:45,786.5,352031
2021-04-07 09:44:46,786.5,352031
2021-04-07 09:44:47,786.5,352123
2021-04-07 09:44:48,786.2,352156
2021-04-07 09:44:48,786.2,352156
2021-04-07 09:44:49,786.2,352156
2021-04-07 09:44:50,786.2,352156
2021-04-07 09:44:51,786.5,352259
2021-04-07 09:44:52,786.8,353238
2021-04-07 09:44:53,786.8,353258
2021-04-07 09:44:54,786.8,353299
2021-04-07 09:44:55,786.8,353299
2021-04-07 09:44:56,786.8,353299
2021-04-07 09:44:58,786.8,353399
2021-04-07 09:44:59,786.8,353399
2021-04-07 09:45:00,786.8,353403
2021-04-07 09:45:01,786.95,354053
2021-04-07 09:45:02,786.95,354053
2021-04-07 09:45:03,787.0,354483
2021-04-07 09:45:04,786.8,354488
2021-04-07 09:45:05,786.8,354488
2021-04-07 09:45:07,786.8,354488
2021-04-07 09:45:08,786.8,354578
2021-04-07 09:45:09,786.85,356237
2021-04-07 09:45:10,786.85,356237
2021-04-07 09:45:10,786.75,356454
2021-04-07 09:45:11,786.4,357037
2021-04-07 09:45:12,786.85,357047
2021-04-07 09:45:13,787.0,358340
2021-04-07 09:45:15,787.0,358406
2021-04-07 09:45:17,787.3,359153
2021-04-07 09:45:18,786.9,359211
2021-04-07 09:45:19,786.9,359375
2021-04-07 09:45:19,787.25,359385
2021-04-07 09:45:20,786.9,359755
2021-04-07 09:45:21,786.9,359755
2021-04-07 09:45:23,787.0,359857
2021-04-07 09:45:24,787.4,360057
2021-04-07 09:45:25,787.4,360170
2021-04-07 09:45:26,787.4,360170
2021-04-07 09:45:27,787.4,360170
2021-04-07 09:45:28,787.45,360175
2021-04-07 09:45:29,787.5,360270
2021-04-07 09:45:30,787.4,360280
2021-04-07 09:45:31,787.4,360347
2021-04-07 09:45:32,787.3,360488
2021-04-07 09:45:33,787.45,360489
2021-04-07 09:45:34,787.45,360489
2021-04-07 09:45:35,787.3,360828
2021-04-07 09:45:36,787.3,360834
2021-04-07 09:45:37,787.3,360834
2021-04-07 09:45:37,787.3,360834
2021-04-07 09:45:38,787.3,360839
2021-04-07 09:45:39,787.3,360839
2021-04-07 09:45:40,787.3,360839
2021-04-07 09:45:41,787.35,361227
2021-04-07 09:45:42,787.3,361552
2021-04-07 09:45:43,787.7,361583
2021-04-07 09:45:45,787.7,361588
2021-04-07 09:45:46,787.3,361655
2021-04-07 09:45:47,787.65,361656
2021-04-07 09:45:48,787.3,361699
2021-04-07 09:45:50,787.3,361798
2021-04-07 09:45:51,787.3,361865
2021-04-07 09:45:52,787.3,361897
2021-04-07 09:45:52,787.3,361897
2021-04-07 09:45:53,787.3,361897
2021-04-07 09:45:54,787.3,361947
2021-04-07 09:45:55,787.3,361980
2021-04-07 09:45:57,787.5,362725
2021-04-07 09:45:58,787.35,362726
2021-04-07 09:45:59,787.25,362965
2021-04-07 09:46:00,786.85,365252
2021-04-07 09:46:01,787.25,365267
2021-04-07 09:46:04,786.65,365409
2021-04-07 09:46:04,786.65,365409
2021-04-07 09:46:06,787.1,365519
2021-04-07 09:46:06,787.1,365519
2021-04-07 09:46:07,787.25,365552
2021-04-07 09:46:08,787.3,365553
2021-04-07 09:46:09,787.1,365598
2021-04-07 09:46:10,787.3,365608
2021-04-07 09:46:11,787.3,365608
2021-04-07 09:46:12,787.3,365615
2021-04-07 09:46:13,787.3,365715
2021-04-07 09:46:14,787.3,365715
2021-04-07 09:46:16,787.1,365720
2021-04-07 09:46:17,787.3,365741
2021-04-07 09:46:18,786.75,366007
2021-04-07 09:46:19,786.75,366007
2021-04-07 09:46:20,786.75,366007
2021-04-07 09:46:20,786.7,366214
2021-04-07 09:46:22,786.9,366215
2021-04-07 09:46:22,786.95,366225
2021-04-07 09:46:24,786.95,366225
2021-04-07 09:46:25,786.95,366325
2021-04-07 09:46:26,786.95,366325
2021-04-07 09:46:27,786.5,366447
2021-04-07 09:46:27,786.5,366447
2021-04-07 09:46:30,786.6,366755
2021-04-07 09:46:31,786.6,366755
2021-04-07 09:46:32,786.15,366955
2021-04-07 09:46:33,786.7,366985
2021-04-07 09:46:34,786.7,366985
2021-04-07 09:46:35,786.25,367005
2021-04-07 09:46:36,786.3,367055
2021-04-07 09:46:36,786.3,367055
2021-04-07 09:46:37,786.3,367055
2021-04-07 09:46:38,786.65,367057
2021-04-07 09:46:39,786.65,367057
2021-04-07 09:46:40,786.65,367057
2021-04-07 09:46:42,786.4,367142
2021-04-07 09:46:43,786.4,367142
2021-04-07 09:46:44,786.9,367145
2021-04-07 09:46:45,786.65,367190
2021-04-07 09:46:46,786.65,367190
2021-04-07 09:46:47,787.1,367405
2021-04-07 09:46:48,787.0,367430
2021-04-07 09:46:48,787.3,367630
2021-04-07 09:46:49,787.0,367730
2021-04-07 09:46:50,787.0,367750
2021-04-07 09:46:51,787.35,368750
2021-04-07 09:46:53,786.95,369255
2021-04-07 09:46:54,786.9,369382
2021-04-07 09:46:55,786.9,369382
2021-04-07 09:46:56,786.9,369382
2021-04-07 09:46:57,786.9,369386
2021-04-07 09:46:58,787.45,371387
2021-04-07 09:46:59,787.45,371387
2021-04-07 09:47:00,787.0,371407
2021-04-07 09:47:01,787.45,371507
2021-04-07 09:47:02,787.1,371528
2021-04-07 09:47:03,787.45,371578
2021-04-07 09:47:04,787.5,371583
2021-04-07 09:47:06,787.5,371583
2021-04-07 09:47:07,787.0,371683
2021-04-07 09:47:07,787.0,371683
2021-04-07 09:47:09,787.6,372683
2021-04-07 09:47:09,787.15,372891
2021-04-07 09:47:10,787.15,372931
2021-04-07 09:47:12,787.15,372941
2021-04-07 09:47:13,787.15,372941
2021-04-07 09:47:14,787.15,372941
2021-04-07 09:47:15,787.15,373161
2021-04-07 09:47:16,787.15,373161
2021-04-07 09:47:17,787.9,376161
2021-04-07 09:47:17,787.2,376273
2021-04-07 09:47:18,787.6,376323
2021-04-07 09:47:19,787.6,376323
2021-04-07 09:47:20,787.5,376359
2021-04-07 09:47:21,787.5,376360
2021-04-07 09:47:23,787.5,376360
2021-04-07 09:47:24,787.5,376410
2021-04-07 09:47:25,787.5,376410
2021-04-07 09:47:26,787.5,376421
2021-04-07 09:47:27,787.5,376446
2021-04-07 09:47:28,787.5,376446
2021-04-07 09:47:29,787.5,376446
2021-04-07 09:47:30,787.5,376446
2021-04-07 09:47:31,787.5,376476
2021-04-07 09:47:32,787.5,376476
2021-04-07 09:47:33,787.5,376476
2021-04-07 09:47:34,787.25,376581
2021-04-07 09:47:36,787.2,376626
2021-04-07 09:47:37,787.2,376626
2021-04-07 09:47:38,787.2,376707
2021-04-07 09:47:39,787.0,377034
2021-04-07 09:47:40,786.9,377459
2021-04-07 09:47:42,786.7,377841
2021-04-07 09:47:43,786.7,377841
2021-04-07 09:47:44,786.7,377851
2021-04-07 09:47:45,786.7,377851
2021-04-07 09:47:46,786.7,377851
2021-04-07 09:47:47,786.7,377851
2021-04-07 09:47:48,786.7,377851
2021-04-07 09:47:49,786.7,378641
2021-04-07 09:47:50,786.7,378661
2021-04-07 09:47:51,786.7,378671
2021-04-07 09:47:52,786.7,378671
2021-04-07 09:47:54,786.75,379287
2021-04-07 09:47:55,786.75,379480
2021-04-07 09:47:56,786.7,379489
2021-04-07 09:47:57,786.7,379510
2021-04-07 09:47:58,786.7,379510
2021-04-07 09:47:59,786.7,379510
2021-04-07 09:48:00,786.6,379996
2021-04-07 09:48:01,786.7,380016
2021-04-07 09:48:02,786.5,380033
2021-04-07 09:48:04,786.5,380033
2021-04-07 09:48:04,786.15,381491
2021-04-07 09:48:05,786.15,381491
2021-04-07 09:48:06,786.45,381492
2021-04-07 09:48:08,786.45,381492
2021-04-07 09:48:09,786.45,381492
2021-04-07 09:48:10,786.05,381719
2021-04-07 09:48:11,786.05,381719
2021-04-07 09:48:12,786.05,381719
2021-04-07 09:48:13,786.0,381743
2021-04-07 09:48:14,786.25,381767
2021-04-07 09:48:15,786.25,381767
2021-04-07 09:48:16,786.4,381917
2021-04-07 09:48:17,786.1,381988
2021-04-07 09:48:18,786.1,381988
2021-04-07 09:48:19,786.4,382008
2021-04-07 09:48:20,786.35,382061
2021-04-07 09:48:21,786.35,382061
2021-04-07 09:48:22,786.0,382111
2021-04-07 09:48:22,786.0,382111
2021-04-07 09:48:23,785.8,382387
2021-04-07 09:48:24,785.8,382488
2021-04-07 09:48:25,786.2,382513
2021-04-07 09:48:26,785.75,382563
2021-04-07 09:48:29,786.0,382756
2021-04-07 09:48:30,785.6,382856
2021-04-07 09:48:31,785.6,382866
2021-04-07 09:48:32,785.6,382866
2021-04-07 09:48:33,785.6,382866
2021-04-07 09:48:34,786.1,382906
2021-04-07 09:48:35,786.1,382906
2021-04-07 09:48:36,786.1,382906
2021-04-07 09:48:37,785.65,382932
2021-04-07 09:48:38,785.65,382932
2021-04-07 09:48:39,786.0,383048
2021-04-07 09:48:40,786.0,383048
2021-04-07 09:48:41,785.7,383073
2021-04-07 09:48:42,785.6,383140
2021-04-07 09:48:43,785.5,383217
2021-04-07 09:48:44,785.5,383217
2021-04-07 09:48:45,785.5,383217
2021-04-07 09:48:46,785.5,384197
2021-04-07 09:48:47,785.15,384231
2021-04-07 09:48:48,785.3,384277
2021-04-07 09:48:49,785.0,384974
2021-04-07 09:48:50,785.0,385025
2021-04-07 09:48:51,785.0,385058
2021-04-07 09:48:52,784.65,385219
2021-04-07 09:48:53,784.65,385219
2021-04-07 09:48:54,784.5,386685
2021-04-07 09:48:55,784.4,386718
2021-04-07 09:48:56,784.4,386752
2021-04-07 09:48:57,784.4,386752
2021-04-07 09:48:58,784.4,386792
2021-04-07 09:48:59,784.4,386792
2021-04-07 09:49:00,784.9,386892
2021-04-07 09:49:01,784.9,386892
2021-04-07 09:49:02,784.5,386925
2021-04-07 09:49:03,784.3,387068
2021-04-07 09:49:04,784.3,387102
2021-04-07 09:49:05,784.4,387132
2021-04-07 09:49:06,784.4,387132
2021-04-07 09:49:07,784.75,388032
2021-04-07 09:49:08,784.75,388032
2021-04-07 09:49:10,784.75,388032
2021-04-07 09:49:11,784.75,388032
2021-04-07 09:49:12,784.65,388232
2021-04-07 09:49:13,784.65,388232
2021-04-07 09:49:14,784.65,388232
2021-04-07 09:49:15,784.65,388232
2021-04-07 09:49:16,784.3,388782
2021-04-07 09:49:17,784.65,388873
2021-04-07 09:49:18,784.65,388873
2021-04-07 09:49:19,784.65,388873
2021-04-07 09:49:20,784.65,388873
2021-04-07 09:49:21,784.65,388873
2021-04-07 09:49:22,784.7,389094
2021-04-07 09:49:23,784.7,389094
2021-04-07 09:49:24,784.7,389094
2021-04-07 09:49:25,784.65,389194
2021-04-07 09:49:26,784.5,389244
2021-04-07 09:49:27,784.6,389259
2021-04-07 09:49:29,784.6,389260
2021-04-07 09:49:30,784.6,389260
2021-04-07 09:49:31,784.6,389260
2021-04-07 09:49:32,784.5,389298
2021-04-07 09:49:33,784.5,389298
2021-04-07 09:49:34,784.5,389298
2021-04-07 09:49:35,784.5,389298
2021-04-07 09:49:37,784.5,389898
2021-04-07 09:49:36,784.5,389433
2021-04-07 09:49:38,784.5,389898
2021-04-07 09:49:39,784.4,390048
2021-04-07 09:49:40,784.4,390048
2021-04-07 09:49:41,784.55,390078
2021-04-07 09:49:42,784.55,390078
2021-04-07 09:49:43,784.6,390156
2021-04-07 09:49:44,784.6,390156
2021-04-07 09:49:45,784.5,390216
2021-04-07 09:49:46,784.55,390226
2021-04-07 09:49:47,784.55,390227
2021-04-07 09:49:48,784.55,390247
2021-04-07 09:49:49,784.55,390247
2021-04-07 09:49:50,784.6,390457
2021-04-07 09:49:51,784.6,390457
2021-04-07 09:49:52,784.6,390457
2021-04-07 09:49:53,784.55,390458
2021-04-07 09:49:54,784.55,390458
2021-04-07 09:49:55,784.55,390537
2021-04-07 09:49:56,784.6,390650
2021-04-07 09:49:57,785.0,390728
2021-04-07 09:49:58,784.65,390920
2021-04-07 09:49:59,784.65,390920
2021-04-07 09:50:00,784.65,390920
2021-04-07 09:50:01,784.65,390920
2021-04-07 09:50:02,784.65,390920
2021-04-07 09:50:03,784.65,390920
2021-04-07 09:50:04,784.95,390938
2021-04-07 09:50:05,784.95,390938
2021-04-07 09:50:06,784.95,390952
2021-04-07 09:50:07,784.75,390969
2021-04-07 09:50:08,784.95,391019
2021-04-07 09:50:09,784.95,391019
2021-04-07 09:50:10,784.75,391197
2021-04-07 09:50:12,784.75,391197
2021-04-07 09:50:11,784.75,391197
2021-04-07 09:50:13,784.75,391211
2021-04-07 09:50:14,785.0,391711
2021-04-07 09:50:15,785.0,391711
2021-04-07 09:50:16,784.75,391713
2021-04-07 09:50:17,784.7,391822
2021-04-07 09:50:18,784.5,398231
2021-04-07 09:50:20,784.4,398298
2021-04-07 09:50:21,784.25,398509
2021-04-07 09:50:22,784.25,398509
2021-04-07 09:50:23,784.25,398509
2021-04-07 09:50:24,784.45,398609
2021-04-07 09:50:25,784.45,398609
2021-04-07 09:50:26,784.45,398609
2021-04-07 09:50:27,784.45,398617
2021-04-07 09:50:28,784.45,398617
2021-04-07 09:50:29,784.45,398617
2021-04-07 09:50:30,783.7,400889
2021-04-07 09:50:31,783.85,402411
2021-04-07 09:50:32,783.85,402447
2021-04-07 09:50:33,783.85,402489
2021-04-07 09:50:34,783.85,402490
2021-04-07 09:50:35,783.85,402490
2021-04-07 09:50:36,783.85,403203
2021-04-07 09:50:37,783.85,403203
2021-04-07 09:50:38,783.85,403203
2021-04-07 09:50:39,783.6,403208
2021-04-07 09:50:40,783.6,403208
2021-04-07 09:50:41,783.6,403208
2021-04-07 09:50:42,784.0,405526
2021-04-07 09:50:43,784.0,405799
2021-04-07 09:50:44,784.4,406429
2021-04-07 09:50:45,784.4,406429
2021-04-07 09:50:46,784.0,406544
2021-04-07 09:50:47,784.0,406544
2021-04-07 09:50:48,784.4,406594
2021-04-07 09:50:50,784.3,406916
2021-04-07 09:50:51,784.3,406916
2021-04-07 09:50:52,784.3,406916
2021-04-07 09:50:53,784.3,406916
2021-04-07 09:50:55,784.3,406916
2021-04-07 09:50:56,784.3,406916
2021-04-07 09:50:57,784.2,406932
2021-04-07 09:50:57,784.3,407032
2021-04-07 09:50:58,784.3,407032
2021-04-07 09:50:59,784.1,407132
2021-04-07 09:51:00,784.4,407682
2021-04-07 09:51:01,784.4,407682
2021-04-07 09:51:02,784.4,407682
2021-04-07 09:51:03,784.4,407682
2021-04-07 09:51:04,784.45,407777
2021-04-07 09:51:05,784.45,407777
2021-04-07 09:51:06,784.45,407777
2021-04-07 09:51:08,784.3,407868
2021-04-07 09:51:09,784.3,407905
2021-04-07 09:51:10,784.3,407905
2021-04-07 09:51:11,784.3,407905
2021-04-07 09:51:12,784.3,407905
2021-04-07 09:51:13,784.2,407945
2021-04-07 09:51:14,784.2,407945
2021-04-07 09:51:15,784.2,407945
2021-04-07 09:51:16,784.2,407945
2021-04-07 09:51:18,783.7,408814
2021-04-07 09:51:19,783.7,408814
2021-04-07 09:51:20,783.7,408814
2021-04-07 09:51:21,783.7,408814
2021-04-07 09:51:22,783.5,408904
2021-04-07 09:51:23,783.5,408904
2021-04-07 09:51:24,783.5,408904
2021-04-07 09:51:25,783.5,408904
2021-04-07 09:51:26,783.5,408904
2021-04-07 09:51:28,783.5,409044
2021-04-07 09:51:28,783.5,409044
2021-04-07 09:51:29,783.5,409044
2021-04-07 09:51:30,783.5,409064
2021-04-07 09:51:31,783.5,409077
2021-04-07 09:51:32,783.5,409077
2021-04-07 09:51:33,783.5,409604
2021-04-07 09:51:34,783.65,409955
2021-04-07 09:51:35,783.65,409955
2021-04-07 09:51:36,783.05,410145
2021-04-07 09:51:38,783.2,410255
2021-04-07 09:51:39,783.05,410455
2021-04-07 09:51:40,783.05,410455
2021-04-07 09:51:41,783.05,410455
2021-04-07 09:51:41,783.05,410455
2021-04-07 09:51:42,783.6,410457
2021-04-07 09:51:43,783.1,410458
2021-04-07 09:51:44,783.55,410548
2021-04-07 09:51:46,783.55,410548
2021-04-07 09:51:46,783.5,410693
2021-04-07 09:51:47,783.5,410693
2021-04-07 09:51:48,783.5,410693
2021-04-07 09:51:49,783.5,410693
2021-04-07 09:51:50,783.5,410693
2021-04-07 09:51:51,783.5,410703
2021-04-07 09:51:52,783.1,410753
2021-04-07 09:51:53,783.5,410823
2021-04-07 09:51:54,783.1,410835
2021-04-07 09:51:55,783.1,410835
2021-04-07 09:51:56,783.5,411085
2021-04-07 09:51:57,783.5,411085
2021-04-07 09:51:58,783.25,411105
2021-04-07 09:51:59,783.25,411105
2021-04-07 09:52:01,783.5,411114
2021-04-07 09:52:02,783.5,411114
2021-04-07 09:52:03,783.5,411114
2021-04-07 09:52:04,783.25,411264
2021-04-07 09:52:04,783.25,411264
2021-04-07 09:52:05,783.25,411264
2021-04-07 09:52:06,783.65,411288
2021-04-07 09:52:07,783.65,411288
2021-04-07 09:52:08,783.65,411289
2021-04-07 09:52:09,783.65,411289
2021-04-07 09:52:10,783.85,411706
2021-04-07 09:52:12,783.85,411706
2021-04-07 09:52:13,783.85,411706
2021-04-07 09:52:14,783.85,411706
2021-04-07 09:52:14,783.85,411706
2021-04-07 09:52:15,783.85,411706
2021-04-07 09:52:16,784.0,411708
2021-04-07 09:52:17,784.0,411708
2021-04-07 09:52:18,784.0,411708
2021-04-07 09:52:19,784.0,411713
2021-04-07 09:52:20,784.0,411713
2021-04-07 09:52:21,784.0,411728
2021-04-07 09:52:22,784.0,411728
2021-04-07 09:52:23,784.0,411928
2021-04-07 09:52:24,784.0,411938
2021-04-07 09:52:25,784.0,412178
2021-04-07 09:52:26,784.0,412178
2021-04-07 09:52:28,784.0,412178
2021-04-07 09:52:28,783.9,412678
2021-04-07 09:52:30,783.9,412680
2021-04-07 09:52:30,783.9,412680
2021-04-07 09:52:31,783.9,412680
2021-04-07 09:52:32,783.9,412680
2021-04-07 09:52:33,783.9,412680
2021-04-07 09:52:35,784.3,412730
2021-04-07 09:52:36,784.3,412730
2021-04-07 09:52:37,783.95,413230
2021-04-07 09:52:38,783.95,413230
2021-04-07 09:52:39,783.9,413250
2021-04-07 09:52:40,783.9,413250
2021-04-07 09:52:41,783.9,413250
2021-04-07 09:52:42,783.9,413250
2021-04-07 09:52:43,784.35,413265
2021-04-07 09:52:44,784.35,413265
2021-04-07 09:52:45,784.35,413265
2021-04-07 09:52:46,784.35,413265
2021-04-07 09:52:47,784.35,413265
2021-04-07 09:52:48,784.35,413265
2021-04-07 09:52:49,784.35,413265
2021-04-07 09:52:50,784.35,413265
2021-04-07 09:52:51,784.0,413266
2021-04-07 09:52:52,784.0,413266
2021-04-07 09:52:53,784.2,413374
2021-04-07 09:52:55,784.2,413374
2021-04-07 09:52:56,784.2,413374
2021-04-07 09:52:57,784.2,413374
2021-04-07 09:52:58,784.2,413374
2021-04-07 09:52:59,784.2,413424
2021-04-07 09:52:59,784.2,413424
2021-04-07 09:53:00,784.2,413424
2021-04-07 09:53:01,784.2,413537
2021-04-07 09:53:02,784.2,413537
2021-04-07 09:53:03,784.4,415216
2021-04-07 09:53:05,784.45,415269
2021-04-07 09:53:06,784.45,415269
2021-04-07 09:53:07,784.95,415292
2021-04-07 09:53:08,784.95,415292
2021-04-07 09:53:09,784.95,415315
2021-04-07 09:53:09,784.95,415315
2021-04-07 09:53:10,784.6,415317
2021-04-07 09:53:11,784.6,415317
2021-04-07 09:53:12,784.6,415317
2021-04-07 09:53:13,784.6,415317
2021-04-07 09:53:14,784.65,415350
2021-04-07 09:53:15,784.65,415350
2021-04-07 09:53:17,784.65,415351
2021-04-07 09:53:17,784.65,415351
2021-04-07 09:53:18,784.65,415351
2021-04-07 09:53:19,784.95,415374
2021-04-07 09:53:20,784.95,415374
2021-04-07 09:53:21,784.95,415374
2021-04-07 09:53:22,784.95,415394
2021-04-07 09:53:23,784.95,415417
2021-04-07 09:53:24,784.7,415517
2021-04-07 09:53:26,784.55,416518
2021-04-07 09:53:27,784.55,416518
2021-04-07 09:53:28,784.55,416572
2021-04-07 09:53:29,784.55,416577
2021-04-07 09:53:30,784.55,416577
2021-04-07 09:53:31,784.7,416612
2021-04-07 09:53:32,784.7,416612
2021-04-07 09:53:33,784.7,416614
2021-04-07 09:53:34,784.7,416614
2021-04-07 09:53:35,784.7,416648
2021-04-07 09:53:36,784.7,416648
2021-04-07 09:53:37,784.75,416798
2021-04-07 09:53:40,784.85,416803
2021-04-07 09:53:40,784.85,416803
2021-04-07 09:53:41,784.85,416803
2021-04-07 09:53:42,784.85,416803
2021-04-07 09:53:43,784.85,416803
2021-04-07 09:53:44,784.85,416803
2021-04-07 09:53:45,784.85,416803
2021-04-07 09:53:47,784.55,417001
2021-04-07 09:53:48,784.55,417001
2021-04-07 09:53:49,784.55,417001
2021-04-07 09:53:50,784.55,417001
2021-04-07 09:53:51,784.55,417001
2021-04-07 09:53:52,784.55,417001
2021-04-07 09:53:52,784.55,417001
2021-04-07 09:53:53,784.55,417001
2021-04-07 09:53:54,784.55,417001
2021-04-07 09:53:55,784.85,417004
2021-04-07 09:53:57,784.85,417004
2021-04-07 09:53:58,784.85,417004
2021-04-07 09:53:59,784.85,417004
2021-04-07 09:53:59,784.85,417004
2021-04-07 09:54:00,784.85,417004
2021-04-07 09:54:01,784.85,417328
2021-04-07 09:54:02,784.55,417338
2021-04-07 09:54:03,784.55,417338
2021-04-07 09:54:04,784.55,417338
2021-04-07 09:54:05,784.55,417338
2021-04-07 09:54:06,784.55,417338
2021-04-07 09:54:07,784.75,417339
2021-04-07 09:54:08,784.75,417339
2021-04-07 09:54:09,784.55,417389
2021-04-07 09:54:11,784.55,417389
2021-04-07 09:54:12,784.55,417389
2021-04-07 09:54:13,784.55,417389
2021-04-07 09:54:14,784.55,417389
2021-04-07 09:54:15,784.55,417389
2021-04-07 09:54:16,784.55,417389
2021-04-07 09:54:17,784.55,417589
2021-04-07 09:54:18,784.55,417589
2021-04-07 09:54:19,784.55,417589
2021-04-07 09:54:20,784.55,417589
2021-04-07 09:54:21,784.85,417611
2021-04-07 09:54:22,784.85,417611
2021-04-07 09:54:23,784.9,417630
2021-04-07 09:54:24,784.9,417630
2021-04-07 09:54:26,784.9,417630
2021-04-07 09:54:27,784.9,417680
2021-04-07 09:54:28,784.9,417680
2021-04-07 09:54:29,784.9,417680
2021-04-07 09:54:30,784.9,417687
2021-04-07 09:54:31,784.9,417687
2021-04-07 09:54:32,784.9,417687
2021-04-07 09:54:33,784.9,417687
2021-04-07 09:54:34,784.95,417762
2021-04-07 09:54:35,784.95,417762
2021-04-07 09:54:36,784.95,417762
2021-04-07 09:54:38,784.95,417762
2021-04-07 09:54:39,784.95,417762
2021-04-07 09:54:39,784.95,417762
2021-04-07 09:54:40,784.95,417762
2021-04-07 09:54:41,784.95,417762
2021-04-07 09:54:42,784.95,417762
2021-04-07 09:54:43,784.55,417862
2021-04-07 09:54:44,784.55,417862
2021-04-07 09:54:45,784.55,417862
2021-04-07 09:54:46,784.55,418082
2021-04-07 09:54:47,784.55,418082
2021-04-07 09:54:48,784.55,418082
2021-04-07 09:54:49,784.55,418082
2021-04-07 09:54:50,784.55,418082
2021-04-07 09:54:51,784.55,418082
2021-04-07 09:54:53,784.55,418133
2021-04-07 09:54:53,784.55,418133
2021-04-07 09:54:54,784.55,418133
2021-04-07 09:54:55,784.55,418133
2021-04-07 09:54:56,784.8,418134
2021-04-07 09:54:57,784.8,418135
2021-04-07 09:54:58,784.8,418135
2021-04-07 09:54:59,784.8,418135
2021-04-07 09:55:00,784.8,418135
2021-04-07 09:55:01,784.8,418135
2021-04-07 09:55:03,784.8,418135
2021-04-07 09:55:05,784.8,418135
2021-04-07 09:55:06,784.8,418135
2021-04-07 09:55:07,784.8,418135
2021-04-07 09:55:07,784.8,418135
2021-04-07 09:55:08,784.8,418466
2021-04-07 09:55:09,784.8,418510
2021-04-07 09:55:11,784.8,418517
2021-04-07 09:55:12,784.6,418527
2021-04-07 09:55:13,784.8,418554
2021-04-07 09:55:14,784.8,418606
2021-04-07 09:55:15,784.8,418606
2021-04-07 09:55:16,784.55,418806
2021-04-07 09:55:17,784.55,418806
2021-04-07 09:55:20,784.8,418917
2021-04-07 09:55:21,784.8,418917
2021-04-07 09:55:22,784.55,418983
2021-04-07 09:55:23,784.8,419083
2021-04-07 09:55:24,784.8,419083
2021-04-07 09:55:26,784.8,419083
2021-04-07 09:55:28,784.8,419083
2021-04-07 09:55:28,784.55,419113
2021-04-07 09:55:30,784.55,419113
2021-04-07 09:55:31,784.55,419113
2021-04-07 09:55:32,784.55,419113
2021-04-07 09:55:33,784.55,419113
2021-04-07 09:55:33,784.55,419113
2021-04-07 09:55:34,784.55,419113
2021-04-07 09:55:36,784.8,419118
2021-04-07 09:55:37,784.8,419128
2021-04-07 09:55:38,784.45,420128
2021-04-07 09:55:39,784.45,420128
2021-04-07 09:55:40,784.7,420130
2021-04-07 09:55:41,784.7,420130
2021-04-07 09:55:41,784.7,420140
2021-04-07 09:55:42,784.7,420140
2021-04-07 09:55:43,784.7,420140
2021-04-07 09:55:44,784.7,420227
2021-04-07 09:55:45,784.7,420227
2021-04-07 09:55:46,784.7,420227
2021-04-07 09:55:47,784.8,420242
2021-04-07 09:55:48,784.25,422321
2021-04-07 09:55:49,784.25,422321
2021-04-07 09:55:51,784.25,422321
2021-04-07 09:55:51,784.3,422346
2021-04-07 09:55:52,784.3,422346
2021-04-07 09:55:53,784.55,424517
2021-04-07 09:55:54,784.55,424517
2021-04-07 09:55:55,784.55,424517
2021-04-07 09:55:56,784.55,424517
2021-04-07 09:55:57,784.55,424517
2021-04-07 09:55:58,784.55,424517
2021-04-07 09:55:59,784.55,424517
2021-04-07 09:56:00,784.55,424517
2021-04-07 09:56:01,784.15,424686
2021-04-07 09:56:02,784.65,425061
2021-04-07 09:56:03,784.15,425076
2021-04-07 09:56:05,784.15,425109
2021-04-07 09:56:06,784.15,425126
2021-04-07 09:56:07,784.15,425126
2021-04-07 09:56:08,784.15,425159
2021-04-07 09:56:08,784.7,425162
2021-04-07 09:56:09,784.7,425172
2021-04-07 09:56:11,784.7,425172
2021-04-07 09:56:12,784.2,425184
2021-04-07 09:56:12,784.55,425174
2021-04-07 09:56:13,784.2,425184
2021-04-07 09:56:14,784.7,425185
2021-04-07 09:56:15,784.7,425185
2021-04-07 09:56:16,784.7,425185
2021-04-07 09:56:18,784.7,425185
2021-04-07 09:56:18,784.2,425235
2021-04-07 09:56:19,784.2,425235
2021-04-07 09:56:20,784.2,425235
2021-04-07 09:56:21,784.2,425235
2021-04-07 09:56:22,784.2,425235
2021-04-07 09:56:24,784.2,425235
2021-04-07 09:56:25,784.2,425235
2021-04-07 09:56:26,784.2,425235
2021-04-07 09:56:27,784.2,425235
2021-04-07 09:56:28,784.2,425235
2021-04-07 09:56:29,784.2,425235
2021-04-07 09:56:31,784.2,425235
2021-04-07 09:56:32,784.2,425235
2021-04-07 09:56:33,784.2,425235
2021-04-07 09:56:33,784.2,425235
2021-04-07 09:56:35,784.2,425235
2021-04-07 09:56:36,784.2,425235
2021-04-07 09:56:37,784.2,425235
2021-04-07 09:56:37,784.2,425235
2021-04-07 09:56:38,784.2,425245
2021-04-07 09:56:39,784.2,425245
2021-04-07 09:56:41,784.2,425245
2021-04-07 09:56:42,784.2,425245
2021-04-07 09:56:43,784.2,425245
2021-04-07 09:56:44,784.2,425245
2021-04-07 09:56:45,784.2,425246
2021-04-07 09:56:46,784.2,425246
2021-04-07 09:56:46,784.2,425246
2021-04-07 09:56:47,784.2,425246
2021-04-07 09:56:48,784.2,425246
2021-04-07 09:56:49,784.2,425246
2021-04-07 09:56:51,784.2,425246
2021-04-07 09:56:52,784.2,425246
2021-04-07 09:56:53,784.2,425268
2021-04-07 09:56:55,784.2,425268
2021-04-07 09:56:56,784.2,425268
2021-04-07 09:56:57,784.2,425268
2021-04-07 09:56:58,784.7,425273
2021-04-07 09:56:59,784.3,425292
2021-04-07 09:57:01,784.3,425292
2021-04-07 09:57:04,784.3,425292
2021-04-07 09:57:05,784.3,425392
2021-04-07 09:57:06,784.7,425492
2021-04-07 09:57:07,784.7,425492
2021-04-07 09:57:08,784.7,425942
2021-04-07 09:57:09,784.7,425942
2021-04-07 09:57:10,784.7,425942
2021-04-07 09:57:11,784.7,425942
2021-04-07 09:57:11,785.0,427391
2021-04-07 09:57:13,785.0,427391
2021-04-07 09:57:14,785.0,427391
2021-04-07 09:57:15,785.0,427391
2021-04-07 09:57:20,785.0,427391
2021-04-07 09:57:21,785.0,427491
2021-04-07 09:57:22,785.0,427491
2021-04-07 09:57:23,785.0,427491
2021-04-07 09:57:25,785.0,427491
2021-04-07 09:57:26,785.0,427491
2021-04-07 09:57:27,785.0,427491
2021-04-07 09:57:28,785.0,427496
2021-04-07 09:57:29,785.0,427496
2021-04-07 09:57:30,785.0,427496
2021-04-07 09:57:31,785.0,427546
2021-04-07 09:57:31,785.0,427546
2021-04-07 09:57:32,785.0,427546
2021-04-07 09:57:33,785.0,427546
2021-04-07 09:57:34,785.0,427546
2021-04-07 09:57:35,785.0,427546
2021-04-07 09:57:36,785.0,427546
2021-04-07 09:57:38,785.0,427546
2021-04-07 09:57:39,785.0,427601
2021-04-07 09:57:40,785.0,427651
2021-04-07 09:57:41,785.0,427656
2021-04-07 09:57:42,785.0,427656
2021-04-07 09:57:43,785.0,427656
2021-04-07 09:57:44,785.0,427656
2021-04-07 09:57:45,785.0,427656
2021-04-07 09:57:46,785.0,427656
2021-04-07 09:57:47,785.0,427656
2021-04-07 09:57:48,785.0,427656
2021-04-07 09:57:49,785.0,427656
2021-04-07 09:57:50,785.0,427656
2021-04-07 09:57:51,785.0,427761
2021-04-07 09:57:52,785.0,427761
2021-04-07 09:57:53,785.0,427765
2021-04-07 09:57:54,785.0,427765
2021-04-07 09:57:55,785.0,427765
2021-04-07 09:57:56,785.0,427765
2021-04-07 09:57:57,785.2,428286
2021-04-07 09:57:58,785.2,428286
2021-04-07 09:57:59,785.2,428286
2021-04-07 09:58:00,785.2,428286
2021-04-07 09:58:01,785.1,428702
2021-04-07 09:58:03,785.3,428802
2021-04-07 09:58:04,785.3,428802
2021-04-07 09:58:05,785.3,428802
2021-04-07 09:58:06,785.3,428802
2021-04-07 09:58:07,785.3,428802
2021-04-07 09:58:08,785.3,428802
2021-04-07 09:58:09,785.3,428842
2021-04-07 09:58:10,785.3,428842
2021-04-07 09:58:11,785.5,429361
2021-04-07 09:58:12,785.5,429361
2021-04-07 09:58:13,785.5,429361
2021-04-07 09:58:14,785.5,429361
2021-04-07 09:58:15,785.7,429882
2021-04-07 09:58:16,785.45,429884
2021-04-07 09:58:17,785.45,429884
2021-04-07 09:58:18,785.45,429884
2021-04-07 09:58:19,785.45,429884
2021-04-07 09:58:20,785.45,429884
2021-04-07 09:58:20,785.45,429884
2021-04-07 09:58:22,785.15,430014
2021-04-07 09:58:23,785.15,430014
2021-04-07 09:58:24,785.15,430014
2021-04-07 09:58:25,785.15,430014
2021-04-07 09:58:26,785.15,430014
2021-04-07 09:58:27,785.15,430014
2021-04-07 09:58:28,785.15,430014
2021-04-07 09:58:29,785.15,430014
2021-04-07 09:58:30,785.15,430014
2021-04-07 09:58:31,785.5,430045
2021-04-07 09:58:31,785.5,430045
2021-04-07 09:58:32,785.5,430045
2021-04-07 09:58:33,785.5,430045
2021-04-07 09:58:35,785.65,430072
2021-04-07 09:58:36,785.65,430162
2021-04-07 09:58:37,785.65,430162
2021-04-07 09:58:38,785.65,430162
2021-04-07 09:58:40,785.65,430162
2021-04-07 09:58:41,785.65,430162
2021-04-07 09:58:42,785.65,430162
2021-04-07 09:58:43,785.65,430162
2021-04-07 09:58:44,785.5,430167
2021-04-07 09:58:45,785.5,430167
2021-04-07 09:58:46,785.5,430167
2021-04-07 09:58:46,785.5,430167
2021-04-07 09:58:48,785.5,430167
2021-04-07 09:58:49,785.45,430168
2021-04-07 09:58:50,785.5,430188
2021-04-07 09:58:51,785.75,430257
2021-04-07 09:58:52,785.5,430287
2021-04-07 09:58:53,785.55,430397
2021-04-07 09:58:54,785.55,430397
2021-04-07 09:58:55,785.55,430406
2021-04-07 09:58:56,785.55,430406
2021-04-07 09:58:57,785.55,430426
2021-04-07 09:58:58,785.55,430426
2021-04-07 09:58:59,785.95,430436
2021-04-07 09:59:00,785.95,430436
2021-04-07 09:59:01,785.95,430554
2021-04-07 09:59:02,785.95,430561
2021-04-07 09:59:04,786.0,430862
2021-04-07 09:59:05,786.0,430862
2021-04-07 09:59:06,786.0,431172
2021-04-07 09:59:07,786.0,431172
2021-04-07 09:59:08,786.0,431172
2021-04-07 09:59:09,786.0,431172
2021-04-07 09:59:10,786.0,431172
2021-04-07 09:59:11,786.1,431236
2021-04-07 09:59:12,786.0,431314
2021-04-07 09:59:13,786.0,431314
2021-04-07 09:59:14,786.0,431416
2021-04-07 09:59:15,786.0,431417
2021-04-07 09:59:16,786.0,431417
2021-04-07 09:59:17,786.1,431432
2021-04-07 09:59:18,786.1,431432
2021-04-07 09:59:19,786.4,431442
2021-04-07 09:59:20,786.4,431442
2021-04-07 09:59:21,786.4,431442
2021-04-07 09:59:22,786.4,431442
2021-04-07 09:59:23,786.4,431542
2021-04-07 09:59:24,786.4,431542
2021-04-07 09:59:25,786.4,431554
2021-04-07 09:59:26,786.4,431554
2021-04-07 09:59:27,786.4,431557
2021-04-07 09:59:28,786.0,431957
2021-04-07 09:59:29,786.0,431957
2021-04-07 09:59:30,786.0,431957
2021-04-07 09:59:31,786.35,431959
2021-04-07 09:59:32,786.35,431959
2021-04-07 09:59:33,786.35,431959
2021-04-07 09:59:35,786.35,431959
2021-04-07 09:59:34,786.35,431959
2021-04-07 09:59:36,786.0,432009
2021-04-07 09:59:37,786.0,432009
2021-04-07 09:59:38,786.0,432009
2021-04-07 09:59:39,786.35,432509
2021-04-07 09:59:40,786.35,432509
2021-04-07 09:59:41,786.35,432513
2021-04-07 09:59:42,786.35,432513
2021-04-07 09:59:43,786.35,432513
2021-04-07 09:59:44,786.35,432533
2021-04-07 09:59:45,786.35,432533
2021-04-07 09:59:46,786.35,432533
2021-04-07 09:59:47,786.35,432533
2021-04-07 09:59:48,786.35,432533
2021-04-07 09:59:49,786.35,432533
2021-04-07 09:59:50,786.35,432533
2021-04-07 09:59:51,786.35,432533
2021-04-07 09:59:52,786.35,432533
2021-04-07 09:59:53,786.35,432533
2021-04-07 09:59:54,786.35,432533
2021-04-07 09:59:55,786.0,432534
2021-04-07 09:59:56,786.0,432534
2021-04-07 09:59:57,786.3,432593
2021-04-07 09:59:58,786.3,432593
2021-04-07 09:59:59,786.3,432593
2021-04-07 10:00:00,786.3,432593
2021-04-07 10:00:01,786.3,432594
2021-04-07 10:00:02,786.3,432594
2021-04-07 10:00:03,786.3,432594
2021-04-07 10:00:04,786.3,432594
2021-04-07 10:00:05,786.3,432594
2021-04-07 10:00:06,786.3,432594
2021-04-07 10:00:07,786.3,432594
2021-04-07 10:00:08,786.0,432719
2021-04-07 10:00:09,786.0,432719
2021-04-07 10:00:10,786.0,432719
2021-04-07 10:00:11,786.0,432719
2021-04-07 10:00:12,786.0,432769
2021-04-07 10:00:13,786.0,432769
2021-04-07 10:00:14,786.0,432769
2021-04-07 10:00:15,786.0,432769
2021-04-07 10:00:16,786.0,432769
2021-04-07 10:00:17,786.0,432769
2021-04-07 10:00:18,786.0,432769
2021-04-07 10:00:19,786.0,432769
2021-04-07 10:00:20,786.0,432769
2021-04-07 10:00:21,786.0,432769
2021-04-07 10:00:22,786.0,432819
2021-04-07 10:00:24,786.0,432820
2021-04-07 10:00:25,786.0,432820
2021-04-07 10:00:26,786.0,432820
2021-04-07 10:00:27,786.0,432820
2021-04-07 10:00:28,786.0,432820
2021-04-07 10:00:29,786.0,432940
2021-04-07 10:00:30,786.0,432945
2021-04-07 10:00:31,786.0,432945
2021-04-07 10:00:32,786.0,432950
2021-04-07 10:00:33,786.0,432950
2021-04-07 10:00:34,786.0,432950
2021-04-07 10:00:35,786.0,432950
2021-04-07 10:00:36,786.0,432950
2021-04-07 10:00:37,786.15,434609
2021-04-07 10:00:38,785.9,434664
2021-04-07 10:00:39,786.0,435650
2021-04-07 10:00:40,785.85,437094
2021-04-07 10:00:41,785.85,437094
2021-04-07 10:00:43,785.85,437094
2021-04-07 10:00:44,785.85,437264
2021-04-07 10:00:45,785.85,437264
2021-04-07 10:00:46,785.85,437314
2021-04-07 10:00:47,786.0,437416
2021-04-07 10:00:48,786.0,437466
2021-04-07 10:00:49,786.0,437467
2021-04-07 10:00:50,786.0,437496
2021-04-07 10:00:51,786.0,437496
2021-04-07 10:00:52,786.2,437646
2021-04-07 10:00:53,786.2,437646
2021-04-07 10:00:54,786.2,437646
2021-04-07 10:00:55,786.2,437646
2021-04-07 10:00:56,785.9,437649
2021-04-07 10:00:57,785.9,437649
2021-04-07 10:00:58,785.9,437649
2021-04-07 10:00:59,785.9,437674
2021-04-07 10:01:00,785.9,437674
2021-04-07 10:01:01,785.9,437674
2021-04-07 10:01:02,786.25,437814
2021-04-07 10:01:03,786.25,437814
2021-04-07 10:01:04,786.25,437814
2021-04-07 10:01:05,786.3,438283
2021-04-07 10:01:06,786.35,438284
2021-04-07 10:01:07,786.35,438284
2021-04-07 10:01:08,786.6,440411
2021-04-07 10:01:09,786.5,440452
2021-04-07 10:01:10,786.5,440467
2021-04-07 10:01:11,786.5,440477
2021-04-07 10:01:12,786.5,440477
2021-04-07 10:01:13,786.5,440477
2021-04-07 10:01:14,786.5,440477
2021-04-07 10:01:15,786.5,440477
2021-04-07 10:01:16,786.5,440477
2021-04-07 10:01:18,786.5,442645
2021-04-07 10:01:19,786.5,442645
2021-04-07 10:01:20,786.5,442650
2021-04-07 10:01:21,786.5,442650
2021-04-07 10:01:22,786.5,442656
2021-04-07 10:01:24,786.5,442938
2021-04-07 10:01:25,786.4,442955
2021-04-07 10:01:26,786.4,442955
2021-04-07 10:01:27,786.4,442955
2021-04-07 10:01:28,785.9,443125
2021-04-07 10:01:29,786.0,443130
2021-04-07 10:01:30,786.0,443130
2021-04-07 10:01:31,786.0,443230
2021-04-07 10:01:34,786.0,443230
2021-04-07 10:01:35,786.0,443231
2021-04-07 10:01:36,786.0,443679
2021-04-07 10:01:37,786.0,443879
2021-04-07 10:01:38,786.0,443879
2021-04-07 10:01:39,786.0,443879
2021-04-07 10:01:41,785.85,444003
2021-04-07 10:01:42,786.15,444316
2021-04-07 10:01:43,786.15,444316
2021-04-07 10:01:44,785.75,444366
2021-04-07 10:01:45,785.75,444366
2021-04-07 10:01:46,785.75,444366
2021-04-07 10:01:48,786.0,444376
2021-04-07 10:01:48,786.0,444376
2021-04-07 10:01:50,785.65,444406
2021-04-07 10:01:50,785.65,444406
2021-04-07 10:01:51,785.65,444406
2021-04-07 10:01:52,785.9,444416
2021-04-07 10:01:53,785.9,444416
2021-04-07 10:01:54,785.65,444544
2021-04-07 10:01:55,785.65,444544
2021-04-07 10:01:56,785.65,444544
2021-04-07 10:01:57,785.65,444544
2021-04-07 10:01:58,785.65,444544
2021-04-07 10:01:59,785.65,444544
2021-04-07 10:02:00,785.65,444544
2021-04-07 10:02:01,785.65,444544
2021-04-07 10:02:02,785.65,444544
2021-04-07 10:02:03,785.65,444544
2021-04-07 10:02:05,785.65,444547
2021-04-07 10:02:06,785.85,444628
2021-04-07 10:02:07,785.85,444633
2021-04-07 10:02:08,785.65,444852
2021-04-07 10:02:09,785.9,445307
2021-04-07 10:02:10,785.9,445307
2021-04-07 10:02:11,785.9,445307
2021-04-07 10:02:12,785.9,445307
2021-04-07 10:02:13,785.9,445307
2021-04-07 10:02:14,785.9,445307
2021-04-07 10:02:15,785.9,445357
2021-04-07 10:02:16,785.9,445357
2021-04-07 10:02:17,786.0,447076
2021-04-07 10:02:18,786.2,447116
2021-04-07 10:02:20,786.2,447116
2021-04-07 10:02:21,786.2,447116
2021-04-07 10:02:21,786.2,447116
2021-04-07 10:02:22,786.2,447116
2021-04-07 10:02:23,786.35,447153
2021-04-07 10:02:24,786.3,447193
2021-04-07 10:02:25,786.95,448362
2021-04-07 10:02:26,786.95,448362
2021-04-07 10:02:27,786.95,448362
2021-04-07 10:02:28,786.95,448362
2021-04-07 10:02:29,786.95,448362
2021-04-07 10:02:30,786.95,448362
2021-04-07 10:02:31,786.95,448362
2021-04-07 10:02:32,786.95,448440
2021-04-07 10:02:33,786.95,448847
2021-04-07 10:02:34,786.9,448848
2021-04-07 10:02:35,787.45,450370
2021-04-07 10:02:36,787.5,450665
2021-04-07 10:02:37,787.5,450665
2021-04-07 10:02:39,787.5,450785
2021-04-07 10:02:40,787.5,450785
2021-04-07 10:02:41,787.5,450785
2021-04-07 10:02:42,787.45,450786
2021-04-07 10:02:43,787.45,450786
2021-04-07 10:02:44,787.45,450942
2021-04-07 10:02:45,787.45,450942
2021-04-07 10:02:47,787.45,451042
2021-04-07 10:02:48,787.45,451042
2021-04-07 10:02:49,787.45,451042
2021-04-07 10:02:50,787.4,451068
2021-04-07 10:02:51,787.3,452661
2021-04-07 10:02:52,787.15,452860
2021-04-07 10:02:53,787.15,452895
2021-04-07 10:02:55,787.15,452895
2021-04-07 10:02:55,786.95,452995
2021-04-07 10:02:56,786.25,453219
2021-04-07 10:02:57,786.7,453229
2021-04-07 10:02:59,786.7,453232
2021-04-07 10:03:00,786.7,453232
2021-04-07 10:03:01,786.4,453456
2021-04-07 10:03:02,786.4,453456
2021-04-07 10:03:03,785.8,456476
2021-04-07 10:03:04,785.8,456476
2021-04-07 10:03:05,785.8,456476
2021-04-07 10:03:06,786.2,456595
2021-04-07 10:03:08,786.2,456595
2021-04-07 10:03:09,786.55,456615
2021-04-07 10:03:10,786.55,456615
2021-04-07 10:03:11,786.4,456915
2021-04-07 10:03:12,786.4,456915
2021-04-07 10:03:14,786.0,457787
2021-04-07 10:03:15,786.0,457787
2021-04-07 10:03:16,785.55,457838
2021-04-07 10:03:17,785.55,457838
2021-04-07 10:03:18,785.7,457865
2021-04-07 10:03:19,785.7,457865
2021-04-07 10:03:20,785.7,457865
2021-04-07 10:03:21,785.9,457885
2021-04-07 10:03:22,785.95,457990
2021-04-07 10:03:23,785.95,457990
2021-04-07 10:03:24,785.95,457990
2021-04-07 10:03:25,785.8,458015
2021-04-07 10:03:26,785.8,458015
2021-04-07 10:03:27,786.2,458065
2021-04-07 10:03:28,786.05,458117
2021-04-07 10:03:29,786.05,458117
2021-04-07 10:03:30,786.0,458118
2021-04-07 10:03:31,786.5,458129
2021-04-07 10:03:32,786.5,458229
2021-04-07 10:03:33,785.0,465729
2021-04-07 10:03:34,785.0,465729
2021-04-07 10:03:36,784.95,465799
2021-04-07 10:03:37,784.5,465819
2021-04-07 10:03:38,784.3,465834
2021-04-07 10:03:38,784.65,465844
2021-04-07 10:03:39,784.65,465844
2021-04-07 10:03:40,784.65,465849
2021-04-07 10:03:42,784.65,465849
2021-04-07 10:03:43,784.7,465856
2021-04-07 10:03:44,784.7,465856
2021-04-07 10:03:45,784.7,465858
2021-04-07 10:03:47,784.7,465858
2021-04-07 10:03:48,784.7,465862
2021-04-07 10:03:49,784.7,465862
2021-04-07 10:03:50,784.7,465862
2021-04-07 10:03:51,784.7,465901
2021-04-07 10:03:52,784.7,465901
2021-04-07 10:03:53,784.7,465901
2021-04-07 10:03:54,784.7,465901
2021-04-07 10:03:55,784.7,465901
2021-04-07 10:03:56,784.7,465901
2021-04-07 10:03:57,784.7,465901
2021-04-07 10:03:59,784.7,465901
2021-04-07 10:04:00,784.7,465901
2021-04-07 10:04:01,784.85,466347
2021-04-07 10:04:02,784.85,466347
2021-04-07 10:04:03,784.85,466347
2021-04-07 10:04:04,784.85,466347
2021-04-07 10:04:05,784.85,466347
2021-04-07 10:04:06,784.7,466454
2021-04-07 10:04:07,784.7,466454
2021-04-07 10:04:08,784.7,466454
2021-04-07 10:04:09,784.7,466454
2021-04-07 10:04:11,785.05,467231
2021-04-07 10:04:13,785.75,467234
2021-04-07 10:04:14,785.75,467234
2021-04-07 10:04:15,785.3,467734
2021-04-07 10:04:16,785.75,467774
2021-04-07 10:04:17,785.35,467824
2021-04-07 10:04:19,785.35,467824
2021-04-07 10:04:20,785.35,467824
2021-04-07 10:04:21,785.35,467824
2021-04-07 10:04:21,785.35,467824
2021-04-07 10:04:22,785.35,467824
2021-04-07 10:04:23,785.2,468287
2021-04-07 10:04:24,785.2,468287
2021-04-07 10:04:25,785.2,468287
2021-04-07 10:04:26,785.55,468357
2021-04-07 10:04:27,785.55,468357
2021-04-07 10:04:28,785.55,468357
2021-04-07 10:04:29,785.55,468357
2021-04-07 10:04:30,785.55,468357
2021-04-07 10:04:31,785.7,469104
2021-04-07 10:04:32,785.7,469104
2021-04-07 10:04:34,785.35,469114
2021-04-07 10:04:35,785.75,469118
2021-04-07 10:04:35,785.75,469118
2021-04-07 10:04:36,786.0,469138
2021-04-07 10:04:37,786.0,469138
2021-04-07 10:04:38,786.0,469138
2021-04-07 10:04:39,785.7,469618
2021-04-07 10:04:40,785.7,469618
2021-04-07 10:04:41,786.2,469643
2021-04-07 10:04:42,786.2,469683
2021-04-07 10:04:43,785.85,469688
2021-04-07 10:04:44,786.2,469689
2021-04-07 10:04:45,786.2,469689
2021-04-07 10:04:46,786.15,469789
2021-04-07 10:04:48,786.2,469790
2021-04-07 10:04:49,785.85,469840
2021-04-07 10:04:50,785.85,469840
2021-04-07 10:04:51,786.2,469948
2021-04-07 10:04:51,786.2,469948
2021-04-07 10:04:52,786.2,469948
2021-04-07 10:04:53,786.2,469948
2021-04-07 10:04:54,786.15,470048
2021-04-07 10:04:55,786.15,470048
2021-04-07 10:04:56,786.2,470478
2021-04-07 10:04:57,785.9,470528
2021-04-07 10:04:58,786.0,470628
2021-04-07 10:04:59,786.0,470628
2021-04-07 10:05:00,786.0,470628
2021-04-07 10:05:01,786.0,470628
2021-04-07 10:05:02,786.0,470628
2021-04-07 10:05:03,786.6,470633
2021-04-07 10:05:04,786.6,470633
2021-04-07 10:05:05,786.6,470633
2021-04-07 10:05:06,786.6,470633
2021-04-07 10:05:07,786.6,470633
2021-04-07 10:05:08,786.6,470633
2021-04-07 10:05:09,786.6,470633
2021-04-07 10:05:10,786.6,470683
2021-04-07 10:05:11,786.6,470683
2021-04-07 10:05:13,786.6,470683
2021-04-07 10:05:14,786.6,470708
2021-04-07 10:05:15,786.6,470708
2021-04-07 10:05:16,786.6,470708
2021-04-07 10:05:17,786.6,470708
2021-04-07 10:05:18,786.55,472118
2021-04-07 10:05:19,786.55,472118
2021-04-07 10:05:20,786.55,472118
2021-04-07 10:05:21,786.2,475143
2021-04-07 10:05:22,786.2,475143
2021-04-07 10:05:23,786.2,475143
2021-04-07 10:05:24,786.1,475144
2021-04-07 10:05:25,786.1,475144
2021-04-07 10:05:26,786.35,475169
2021-04-07 10:05:27,785.95,475231
2021-04-07 10:05:28,785.95,475231
2021-04-07 10:05:29,786.4,475241
2021-04-07 10:05:30,786.4,475241
2021-04-07 10:05:31,786.05,475486
2021-04-07 10:05:32,786.05,475486
2021-04-07 10:05:33,786.05,475736
2021-04-07 10:05:34,786.1,476437
2021-04-07 10:05:35,786.1,476437
2021-04-07 10:05:36,786.1,476437
2021-04-07 10:05:37,786.1,476437
2021-04-07 10:05:38,786.1,476437
2021-04-07 10:05:39,786.2,476447
2021-04-07 10:05:40,786.2,476447
2021-04-07 10:05:41,786.2,476447
2021-04-07 10:05:42,786.2,476447
2021-04-07 10:05:43,786.2,476447
2021-04-07 10:05:44,786.2,476447
2021-04-07 10:05:45,786.2,476447
2021-04-07 10:05:46,786.45,476541
2021-04-07 10:05:48,786.45,476541
2021-04-07 10:05:48,786.55,476550
2021-04-07 10:05:49,786.55,476550
2021-04-07 10:05:50,786.55,476550
2021-04-07 10:05:52,786.55,476551
2021-04-07 10:05:53,786.6,477167
2021-04-07 10:05:53,786.6,477167
2021-04-07 10:05:54,786.6,477167
2021-04-07 10:05:55,786.6,477167
2021-04-07 10:05:57,786.6,477167
2021-04-07 10:05:57,786.6,477167
2021-04-07 10:05:58,786.65,477169
2021-04-07 10:05:59,786.65,477169
2021-04-07 10:06:00,786.65,477169
2021-04-07 10:06:01,786.1,477502
2021-04-07 10:06:03,786.0,477546
2021-04-07 10:06:04,786.0,477546
2021-04-07 10:06:04,786.0,477592
2021-04-07 10:06:05,786.0,477658
2021-04-07 10:06:06,786.0,477658
2021-04-07 10:06:07,786.0,477658
2021-04-07 10:06:09,786.0,477658
2021-04-07 10:06:10,786.0,477658
2021-04-07 10:06:11,786.05,477673
2021-04-07 10:06:12,786.4,477683
2021-04-07 10:06:13,786.05,477717
2021-04-07 10:06:14,786.05,477850
2021-04-07 10:06:16,786.05,477850
2021-04-07 10:06:17,786.05,477850
2021-04-07 10:06:17,786.05,477850
2021-04-07 10:06:18,786.05,477850
2021-04-07 10:06:19,786.05,477850
2021-04-07 10:06:20,786.05,477850
2021-04-07 10:06:21,786.05,477850
2021-04-07 10:06:22,786.05,477850
2021-04-07 10:06:23,786.15,477880
2021-04-07 10:06:24,786.4,477890
2021-04-07 10:06:25,786.4,477890
2021-04-07 10:06:26,786.4,477890
2021-04-07 10:06:27,786.4,477895
2021-04-07 10:06:28,786.4,478145
2021-04-07 10:06:29,786.4,478145
2021-04-07 10:06:30,786.45,478177
2021-04-07 10:06:31,786.05,478182
2021-04-07 10:06:32,786.05,478227
2021-04-07 10:06:34,786.2,478257
2021-04-07 10:06:35,786.2,478257
2021-04-07 10:06:36,786.2,478306
2021-04-07 10:06:37,786.2,478356
2021-04-07 10:06:38,786.2,478406
2021-04-07 10:06:38,786.2,478456
2021-04-07 10:06:39,786.5,478494
2021-04-07 10:06:40,786.5,478494
2021-04-07 10:06:41,786.5,478494
2021-04-07 10:06:42,786.2,478514
2021-04-07 10:06:43,786.2,478514
2021-04-07 10:06:44,786.2,478514
2021-04-07 10:06:45,786.2,478514
2021-04-07 10:06:46,786.2,478514
2021-04-07 10:06:48,786.05,478613
2021-04-07 10:06:49,786.05,478613
2021-04-07 10:06:49,786.05,478613
2021-04-07 10:06:50,786.45,478623
2021-04-07 10:06:52,786.45,478623
2021-04-07 10:06:53,786.45,478623
2021-04-07 10:06:54,786.45,478623
2021-04-07 10:06:55,786.45,478624
2021-04-07 10:06:56,786.45,478624
2021-04-07 10:06:57,786.45,478624
2021-04-07 10:06:58,786.05,478634
2021-04-07 10:06:58,786.05,478634
2021-04-07 10:06:59,786.45,478684
2021-04-07 10:07:01,786.6,478755
2021-04-07 10:07:02,786.6,478760
2021-04-07 10:07:03,786.65,478762
2021-04-07 10:07:04,786.65,478762
2021-04-07 10:07:05,786.65,478762
2021-04-07 10:07:05,786.65,478762
2021-04-07 10:07:06,786.65,478762
2021-04-07 10:07:08,786.65,478762
2021-04-07 10:07:09,786.15,478772
2021-04-07 10:07:10,786.2,478774
2021-04-07 10:07:11,786.2,478774
2021-04-07 10:07:12,786.3,478874
2021-04-07 10:07:13,786.3,478874
2021-04-07 10:07:14,786.4,478894
2021-04-07 10:07:15,786.0,478977
2021-04-07 10:07:16,786.0,479077
2021-04-07 10:07:17,786.0,479077
2021-04-07 10:07:18,786.2,479078
2021-04-07 10:07:19,786.35,479083
2021-04-07 10:07:20,786.35,479085
2021-04-07 10:07:21,786.35,479110
2021-04-07 10:07:22,786.4,479142
2021-04-07 10:07:23,786.4,479142
2021-04-07 10:07:24,786.05,479149
2021-04-07 10:07:25,786.05,479149
2021-04-07 10:07:25,786.55,479294
2021-04-07 10:07:27,786.55,479294
2021-04-07 10:07:28,786.55,479294
2021-04-07 10:07:29,786.7,479394
2021-04-07 10:07:29,786.7,479394
2021-04-07 10:07:30,786.7,479394
2021-04-07 10:07:32,786.8,479397
2021-04-07 10:07:33,786.8,479397
2021-04-07 10:07:34,786.8,479397
2021-04-07 10:07:35,786.3,479511
2021-04-07 10:07:35,786.3,479511
2021-04-07 10:07:36,786.3,479511
2021-04-07 10:07:37,786.75,479512
2021-04-07 10:07:38,786.75,479512
2021-04-07 10:07:39,786.75,479512
2021-04-07 10:07:40,786.75,479512
2021-04-07 10:07:42,786.2,480112
2021-04-07 10:07:43,786.2,480112
2021-04-07 10:07:44,786.2,480112
2021-04-07 10:07:45,786.2,480112
2021-04-07 10:07:46,786.2,480112
2021-04-07 10:07:47,786.2,480112
2021-04-07 10:07:48,786.2,480112
2021-04-07 10:07:49,786.2,480112
2021-04-07 10:07:50,786.3,480113
2021-04-07 10:07:51,786.3,480113
2021-04-07 10:07:52,786.3,480113
2021-04-07 10:07:53,786.3,480113
2021-04-07 10:07:54,786.3,480113
2021-04-07 10:07:55,786.2,480117
2021-04-07 10:07:56,786.4,480213
2021-04-07 10:07:56,786.4,480213
2021-04-07 10:07:57,786.4,480213
2021-04-07 10:07:58,786.45,480221
2021-04-07 10:07:59,786.45,480221
2021-04-07 10:08:00,786.5,480351
2021-04-07 10:08:02,786.1,480384
2021-04-07 10:08:03,786.1,480384
2021-04-07 10:08:04,786.1,480384
2021-04-07 10:08:05,786.3,480391
2021-04-07 10:08:06,786.3,480391
2021-04-07 10:08:07,786.3,480391
2021-04-07 10:08:07,786.1,480392
2021-04-07 10:08:08,786.1,480392
2021-04-07 10:08:09,786.1,480392
2021-04-07 10:08:10,786.1,480442
2021-04-07 10:08:11,786.3,480444
2021-04-07 10:08:13,786.3,480454
2021-04-07 10:08:14,786.3,480454
2021-04-07 10:08:15,786.3,480454
2021-04-07 10:08:16,786.3,480454
2021-04-07 10:08:17,786.3,480454
2021-04-07 10:08:18,786.3,480454
2021-04-07 10:08:19,786.3,480454
2021-04-07 10:08:19,786.3,480454
2021-04-07 10:08:20,786.3,480459
2021-04-07 10:08:22,786.3,480476
2021-04-07 10:08:23,786.3,480476
2021-04-07 10:08:24,786.3,480476
2021-04-07 10:08:25,786.3,480476
2021-04-07 10:08:26,786.3,480486
2021-04-07 10:08:26,786.3,480486
2021-04-07 10:08:27,786.3,480486
2021-04-07 10:08:28,786.1,480508
2021-04-07 10:08:29,786.1,480508
2021-04-07 10:08:30,786.1,480508
2021-04-07 10:08:32,786.3,480509
2021-04-07 10:08:33,786.3,480568
2021-04-07 10:08:34,786.3,480568
2021-04-07 10:08:35,786.3,480568
2021-04-07 10:08:36,786.3,480568
2021-04-07 10:08:37,786.1,480571
2021-04-07 10:08:38,786.1,480572
2021-04-07 10:08:39,786.3,480582
2021-04-07 10:08:40,786.3,480834
2021-04-07 10:08:41,786.3,480834
2021-04-07 10:08:43,786.45,480844
2021-04-07 10:08:44,786.45,480844
2021-04-07 10:08:45,786.45,480844
2021-04-07 10:08:46,786.45,480844
2021-04-07 10:08:47,786.45,480847
2021-04-07 10:08:48,786.45,480847
2021-04-07 10:08:49,786.45,480847
2021-04-07 10:08:50,786.45,480847
2021-04-07 10:08:51,786.5,480897
2021-04-07 10:08:52,786.5,480897
2021-04-07 10:08:53,786.5,480897
2021-04-07 10:08:54,786.5,480897
2021-04-07 10:08:55,786.5,480897
2021-04-07 10:08:56,786.5,480897
2021-04-07 10:08:57,786.45,480899
2021-04-07 10:09:00,786.45,480899
2021-04-07 10:09:01,786.45,480899
2021-04-07 10:09:02,786.45,480899
2021-04-07 10:09:03,786.4,480900
2021-04-07 10:09:04,786.2,480945
2021-04-07 10:09:05,786.2,480945
2021-04-07 10:09:06,786.2,480945
2021-04-07 10:09:07,786.2,480945
2021-04-07 10:09:08,786.2,480954
2021-04-07 10:09:09,786.2,480954
2021-04-07 10:09:10,786.2,480954
2021-04-07 10:09:11,786.4,480959
2021-04-07 10:09:12,787.0,482913
2021-04-07 10:09:13,787.0,482914
2021-04-07 10:09:14,787.0,482914
2021-04-07 10:09:15,786.8,482974
2021-04-07 10:09:16,786.8,482974
2021-04-07 10:09:16,786.8,482974
2021-04-07 10:09:17,786.8,482974
2021-04-07 10:09:18,786.8,482974
2021-04-07 10:09:20,787.0,483074
2021-04-07 10:09:21,787.0,483075
2021-04-07 10:09:22,787.0,483076
2021-04-07 10:09:23,787.0,483076
2021-04-07 10:09:24,787.0,483111
2021-04-07 10:09:25,787.0,483111
2021-04-07 10:09:26,787.0,483146
2021-04-07 10:09:27,787.0,483146
2021-04-07 10:09:28,787.0,483146
2021-04-07 10:09:28,786.8,483166
2021-04-07 10:09:29,786.8,483266
2021-04-07 10:09:31,786.8,483266
2021-04-07 10:09:32,787.0,483292
2021-04-07 10:09:33,786.95,483355
2021-04-07 10:09:34,786.7,483385
2021-04-07 10:09:35,786.7,483385
2021-04-07 10:09:36,787.0,483403
2021-04-07 10:09:37,787.0,483403
2021-04-07 10:09:38,786.7,483503
2021-04-07 10:09:38,786.7,483503
2021-04-07 10:09:39,786.7,483503
2021-04-07 10:09:41,787.0,483571
2021-04-07 10:09:42,787.0,483571
2021-04-07 10:09:43,787.0,483713
2021-04-07 10:09:44,787.0,483713
2021-04-07 10:09:45,786.95,483714
2021-04-07 10:09:46,786.95,483714
2021-04-07 10:09:48,786.7,483854
2021-04-07 10:09:49,786.7,483854
2021-04-07 10:09:50,786.95,483898
2021-04-07 10:09:51,786.95,483898
2021-04-07 10:09:52,787.0,483923
2021-04-07 10:09:53,787.0,483923
2021-04-07 10:09:54,787.0,483923
2021-04-07 10:09:56,786.65,486137
2021-04-07 10:09:57,786.75,486141
2021-04-07 10:09:57,786.85,486142
2021-04-07 10:09:58,786.85,486142
2021-04-07 10:10:00,786.85,486142
2021-04-07 10:10:01,786.85,486162
2021-04-07 10:10:02,786.85,486162
2021-04-07 10:10:03,786.7,486468
2021-04-07 10:10:04,786.7,486468
2021-04-07 10:10:05,787.0,486484
2021-04-07 10:10:07,786.7,486559
2021-04-07 10:10:08,786.7,486559
2021-04-07 10:10:09,786.65,486660
2021-04-07 10:10:10,786.65,487010
2021-04-07 10:10:11,786.65,487010
2021-04-07 10:10:12,786.95,487071
2021-04-07 10:10:13,786.95,487071
2021-04-07 10:10:14,787.0,487073
2021-04-07 10:10:15,787.0,487073
2021-04-07 10:10:16,786.65,487097
2021-04-07 10:10:17,786.65,487097
2021-04-07 10:10:18,786.65,487097
2021-04-07 10:10:19,786.65,487097
2021-04-07 10:10:20,787.0,487183
2021-04-07 10:10:21,787.0,487183
2021-04-07 10:10:22,786.95,487187
2021-04-07 10:10:24,786.95,487187
2021-04-07 10:10:25,786.95,487187
2021-04-07 10:10:26,787.0,487392
2021-04-07 10:10:28,787.0,487392
2021-04-07 10:10:29,786.65,487395
2021-04-07 10:10:30,786.65,487395
2021-04-07 10:10:31,786.65,487395
2021-04-07 10:10:32,786.65,487395
2021-04-07 10:10:33,786.65,487395
2021-04-07 10:10:34,786.65,487395
2021-04-07 10:10:35,786.65,487395
2021-04-07 10:10:36,786.95,487400
2021-04-07 10:10:37,786.95,487404
2021-04-07 10:10:38,786.95,487404
2021-04-07 10:10:39,786.95,487404
2021-04-07 10:10:40,786.5,488094
2021-04-07 10:10:41,786.5,488094
2021-04-07 10:10:43,786.6,488127
2021-04-07 10:10:42,786.6,488127
2021-04-07 10:10:44,786.7,489227
2021-04-07 10:10:45,786.7,489227
2021-04-07 10:10:46,786.6,490006
2021-04-07 10:10:47,786.6,490006
2021-04-07 10:10:48,786.15,490056
2021-04-07 10:10:49,786.45,490090
2021-04-07 10:10:50,786.45,490090
2021-04-07 10:10:51,786.05,490240
2021-04-07 10:10:52,786.0,490407
2021-04-07 10:10:53,786.0,490407
2021-04-07 10:10:55,786.0,490540
2021-04-07 10:10:56,786.0,490573
2021-04-07 10:10:57,786.0,491073
2021-04-07 10:10:58,785.5,491639
2021-04-07 10:10:59,785.5,491639
2021-04-07 10:11:00,785.5,491639
2021-04-07 10:11:01,785.5,491639
2021-04-07 10:11:02,785.5,491653
2021-04-07 10:11:03,785.5,491653
2021-04-07 10:11:04,785.5,491653
2021-04-07 10:11:06,785.5,491653
2021-04-07 10:11:07,785.75,491673
2021-04-07 10:11:08,785.55,491676
2021-04-07 10:11:09,785.55,491676
2021-04-07 10:11:10,785.55,491676
2021-04-07 10:11:11,785.55,491676
2021-04-07 10:11:12,785.75,491679
2021-04-07 10:11:13,785.75,491679
2021-04-07 10:11:14,785.75,491679
2021-04-07 10:11:15,785.75,491682
2021-04-07 10:11:16,785.55,491702
2021-04-07 10:11:17,785.55,491702
2021-04-07 10:11:18,785.55,491702
2021-04-07 10:11:19,785.45,491729
2021-04-07 10:11:20,785.7,492127
2021-04-07 10:11:21,785.7,492127
2021-04-07 10:11:23,785.65,492157
2021-04-07 10:11:22,785.65,492157
2021-04-07 10:11:24,785.65,492157
2021-04-07 10:11:25,785.65,492157
2021-04-07 10:11:26,785.65,492157
2021-04-07 10:11:27,785.75,492557
2021-04-07 10:11:28,785.75,492557
2021-04-07 10:11:29,785.7,492567
2021-04-07 10:11:30,785.7,492567
2021-04-07 10:11:31,785.7,492567
2021-04-07 10:11:32,785.7,492567
2021-04-07 10:11:33,785.7,492567
2021-04-07 10:11:34,785.7,492567
2021-04-07 10:11:35,785.7,492567
2021-04-07 10:11:36,785.4,492637
2021-04-07 10:11:37,785.4,492637
2021-04-07 10:11:38,785.7,492638
2021-04-07 10:11:39,785.7,492638
2021-04-07 10:11:40,785.75,492686
2021-04-07 10:11:41,785.4,492696
2021-04-07 10:11:42,785.4,492696
2021-04-07 10:11:44,785.45,492770
2021-04-07 10:11:45,785.45,492770
2021-04-07 10:11:46,785.75,493023
2021-04-07 10:11:47,785.95,493603
2021-04-07 10:11:51,786.0,493657
2021-04-07 10:11:54,785.75,493710
2021-04-07 10:11:58,786.0,493712
2021-04-07 10:12:00,786.0,493715
2021-04-07 10:12:03,786.0,493716
2021-04-07 10:12:06,785.75,493730
2021-04-07 10:12:08,785.75,493913
2021-04-07 10:12:11,785.75,493913
2021-04-07 10:12:14,785.75,493913
2021-04-07 10:12:17,785.95,493920
2021-04-07 10:12:20,785.65,493923
2021-04-07 10:12:23,785.75,493953
2021-04-07 10:12:26,786.0,493978
2021-04-07 10:12:29,785.65,494137
2021-04-07 10:12:32,785.65,494137
2021-04-07 10:12:34,785.55,494249
2021-04-07 10:12:38,785.55,496605
2021-04-07 10:12:42,785.9,497429
2021-04-07 10:12:45,786.0,497534
2021-04-07 10:12:48,785.65,497540
2021-04-07 10:12:51,785.75,497557
2021-04-07 10:12:54,785.65,497575
2021-04-07 10:12:56,785.65,497575
2021-04-07 10:12:59,785.65,497575
2021-04-07 10:13:01,785.75,497585
2021-04-07 10:13:04,785.45,497630
2021-04-07 10:13:08,785.75,497641
2021-04-07 10:13:11,785.7,497651
2021-04-07 10:13:14,785.3,497653
2021-04-07 10:13:16,785.75,498353
2021-04-07 10:13:19,785.75,498453
2021-04-07 10:13:21,785.75,498578
2021-04-07 10:13:24,785.75,498603
2021-04-07 10:13:26,785.4,498604
2021-04-07 10:13:29,785.4,498604
2021-04-07 10:13:32,785.3,498998
2021-04-07 10:13:35,785.15,499023
2021-04-07 10:13:38,785.25,499073
2021-04-07 10:13:41,785.95,499401
2021-04-07 10:13:45,785.35,499451
2021-04-07 10:13:49,785.5,499661
2021-04-07 10:13:52,785.5,499691
2021-04-07 10:13:54,785.5,499791
2021-04-07 10:13:57,785.5,499791
2021-04-07 10:14:00,785.5,499991
2021-04-07 10:14:03,785.5,499991
2021-04-07 10:14:06,785.5,500016
2021-04-07 10:14:09,785.6,500566
2021-04-07 10:14:12,786.0,500581
2021-04-07 10:14:15,786.0,500581
2021-04-07 10:14:19,786.0,500581
2021-04-07 10:14:22,785.6,500607
2021-04-07 10:14:25,785.6,500633
2021-04-07 10:14:29,785.55,500733
2021-04-07 10:14:31,785.6,501133
2021-04-07 10:14:34,785.6,501223
2021-04-07 10:14:37,786.1,503568
2021-04-07 10:14:41,786.7,505420
2021-04-07 10:14:44,786.2,505445
2021-04-07 10:14:47,786.1,505545
2021-04-07 10:14:50,786.1,505569
2021-04-07 10:14:53,786.0,505929
2021-04-07 10:14:57,786.0,505929
2021-04-07 10:15:01,786.2,505931
2021-04-07 10:15:05,786.0,506336
2021-04-07 10:15:08,786.35,506428
2021-04-07 10:15:12,786.35,506430
2021-04-07 10:15:15,786.35,506431
2021-04-07 10:15:18,785.9,506582
2021-04-07 10:15:21,785.9,506582
2021-04-07 10:15:24,785.95,506583
2021-04-07 10:15:28,786.25,506586
2021-04-07 10:15:31,786.25,506586
2021-04-07 10:15:34,786.25,506586
2021-04-07 10:15:37,786.0,506619
2021-04-07 10:15:40,786.0,506623
2021-04-07 10:15:43,786.0,506629
2021-04-07 10:15:46,785.8,508427
2021-04-07 10:15:49,785.65,508465
2021-04-07 10:15:53,785.7,508590
2021-04-07 10:15:56,785.5,508601
2021-04-07 10:15:59,785.5,508713
2021-04-07 10:16:02,785.5,508778
2021-04-07 10:16:05,785.35,508834
2021-04-07 10:16:08,785.0,510270
2021-04-07 10:16:11,785.0,510270
2021-04-07 10:16:15,785.0,510275
2021-04-07 10:16:18,785.0,510275
2021-04-07 10:16:20,784.5,510445
2021-04-07 10:16:24,784.75,510446
2021-04-07 10:16:28,784.5,514844
2021-04-07 10:16:32,784.3,514897
2021-04-07 10:16:35,784.6,515049
