timestamp,ltp,volume
2021-04-07 09:16:31,350.7,1143308
2021-04-07 09:16:32,350.7,1146847
2021-04-07 09:16:33,350.8,1148812
2021-04-07 09:16:34,350.8,1152440
2021-04-07 09:16:35,350.75,1168225
2021-04-07 09:16:37,350.8,1176164
2021-04-07 09:16:37,350.9,1175554
2021-04-07 09:16:38,351.0,1177614
2021-04-07 09:16:39,351.1,1194263
2021-04-07 09:16:40,351.05,1196593
2021-04-07 09:16:41,351.05,1202728
2021-04-07 09:16:42,351.1,1205918
2021-04-07 09:16:44,351.0,1209773
2021-04-07 09:16:44,351.2,1209673
2021-04-07 09:16:45,351.15,1215274
2021-04-07 09:16:46,350.8,1251124
2021-04-07 09:16:47,351.15,1254805
2021-04-07 09:16:48,351.15,1256424
2021-04-07 09:16:50,351.25,1258638
2021-04-07 09:16:50,351.0,1261220
2021-04-07 09:16:51,351.05,1266723
2021-04-07 09:16:52,351.35,1271672
2021-04-07 09:16:53,351.1,1273375
2021-04-07 09:16:54,351.3,1277542
2021-04-07 09:16:55,351.2,1279005
2021-04-07 09:16:57,351.35,1286918
2021-04-07 09:16:57,351.2,1289499
2021-04-07 09:16:58,351.3,1292260
2021-04-07 09:16:59,351.1,1299820
2021-04-07 09:17:00,351.5,1336914
2021-04-07 09:17:02,351.5,1350850
2021-04-07 09:17:02,351.6,1351277
2021-04-07 09:17:03,351.55,1355228
2021-04-07 09:17:04,351.65,1357055
2021-04-07 09:17:05,351.55,1372552
2021-04-07 09:17:07,351.5,1375907
2021-04-07 09:17:07,351.6,1376327
2021-04-07 09:17:08,351.55,1379094
2021-04-07 09:17:09,351.75,1384235
2021-04-07 09:17:10,351.55,1392816
2021-04-07 09:17:11,351.75,1393540
2021-04-07 09:17:13,351.75,1399566
2021-04-07 09:17:13,351.75,1399356
2021-04-07 09:17:14,351.75,1415268
2021-04-07 09:17:15,351.7,1417977
2021-04-07 09:17:17,351.7,1420708
2021-04-07 09:17:18,351.9,1422106
2021-04-07 09:17:19,351.9,1425039
2021-04-07 09:17:19,351.9,1425154
2021-04-07 09:17:20,351.9,1439841
2021-04-07 09:17:21,351.9,1445033
2021-04-07 09:17:23,351.8,1448162
2021-04-07 09:17:24,351.9,1458104
2021-04-07 09:17:24,351.85,1458115
2021-04-07 09:17:25,351.9,1461193
2021-04-07 09:17:26,352.0,1474432
2021-04-07 09:17:27,352.15,1509904
2021-04-07 09:17:29,351.9,1513933
2021-04-07 09:17:30,352.1,1515979
2021-04-07 09:17:30,352.1,1515256
2021-04-07 09:17:31,352.3,1519740
2021-04-07 09:17:32,352.15,1532476
2021-04-07 09:17:33,352.3,1533937
2021-04-07 09:17:35,352.2,1546877
2021-04-07 09:17:36,352.3,1555817
2021-04-07 09:17:36,352.1,1560917
2021-04-07 09:17:37,352.0,1598365
2021-04-07 09:17:38,351.95,1607345
2021-04-07 09:17:39,351.7,1610213
2021-04-07 09:17:42,351.6,1623660
2021-04-07 09:17:42,351.85,1614957
2021-04-07 09:17:43,351.65,1631436
2021-04-07 09:17:44,351.75,1635112
2021-04-07 09:17:46,351.7,1638461
2021-04-07 09:17:47,351.5,1640792
2021-04-07 09:17:48,351.6,1657475
2021-04-07 09:17:48,351.8,1657560
2021-04-07 09:17:49,351.85,1662437
2021-04-07 09:17:50,351.8,1665709
2021-04-07 09:17:52,351.95,1671387
2021-04-07 09:17:53,352.15,1692917
2021-04-07 09:17:53,352.15,1694015
2021-04-07 09:17:54,352.15,1696820
2021-04-07 09:17:55,352.25,1697936
2021-04-07 09:17:56,352.15,1700796
2021-04-07 09:17:58,352.3,1705716
2021-04-07 09:17:59,352.35,1714361
2021-04-07 09:17:59,352.35,1714086
2021-04-07 09:18:00,352.5,1733661
2021-04-07 09:18:01,352.5,1734643
2021-04-07 09:18:02,352.5,1740252
2021-04-07 09:18:03,352.5,1742878
2021-04-07 09:18:05,352.7,1744049
2021-04-07 09:18:06,352.65,1751440
2021-04-07 09:18:06,352.7,1752062
2021-04-07 09:18:07,352.6,1758981
2021-04-07 09:18:08,352.65,1768704
2021-04-07 09:18:10,352.7,1780892
2021-04-07 09:18:11,352.7,1787000
2021-04-07 09:18:11,352.7,1788894
2021-04-07 09:18:13,352.75,1792745
2021-04-07 09:18:13,352.75,1799260
2021-04-07 09:18:14,352.95,1804643
2021-04-07 09:18:15,352.75,1809148
2021-04-07 09:18:16,352.8,1818700
2021-04-07 09:18:18,352.8,1830440
2021-04-07 09:18:19,352.85,1839561
2021-04-07 09:18:19,352.75,1841353
2021-04-07 09:18:20,352.6,1848838
2021-04-07 09:18:21,352.6,1853039
2021-04-07 09:18:23,352.7,1858268
2021-04-07 09:18:24,352.7,1862966
2021-04-07 09:18:24,352.6,1863627
2021-04-07 09:18:25,352.75,1872035
2021-04-07 09:18:26,352.9,1874174
2021-04-07 09:18:28,352.9,1876902
2021-04-07 09:18:29,352.85,1889435
2021-04-07 09:18:29,352.85,1890755
2021-04-07 09:18:31,353.0,1904164
2021-04-07 09:18:32,352.9,1925760
2021-04-07 09:18:32,352.9,1927031
2021-04-07 09:18:33,352.9,1931361
2021-04-07 09:18:34,353.0,1934594
2021-04-07 09:18:35,353.15,1946063
2021-04-07 09:18:36,353.1,1950180
2021-04-07 09:18:38,353.1,1959850
2021-04-07 09:18:39,353.0,1965873
2021-04-07 09:18:39,353.0,1965873
2021-04-07 09:18:40,353.0,1979831
2021-04-07 09:18:41,353.0,1986320
2021-04-07 09:18:42,353.0,1992946
2021-04-07 09:18:44,353.0,1999779
2021-04-07 09:18:45,353.05,2004812
2021-04-07 09:18:46,353.0,2006786
2021-04-07 09:18:46,353.0,2006871
2021-04-07 09:18:47,353.0,2011223
2021-04-07 09:18:48,353.15,2014067
2021-04-07 09:18:49,353.2,2017149
2021-04-07 09:18:50,353.05,2024832
2021-04-07 09:18:51,353.0,2029294
2021-04-07 09:18:53,353.1,2030416
2021-04-07 09:18:54,353.0,2032384
2021-04-07 09:18:54,353.05,2033161
2021-04-07 09:18:55,353.1,2035174
2021-04-07 09:18:56,353.1,2036402
2021-04-07 09:18:57,353.0,2037000
2021-04-07 09:18:58,353.05,2047565
2021-04-07 09:19:00,353.1,2052061
2021-04-07 09:19:01,352.95,2055371
2021-04-07 09:19:01,353.0,2056377
2021-04-07 09:19:02,353.0,2061358
2021-04-07 09:19:03,353.0,2064380
2021-04-07 09:19:05,352.95,2068691
2021-04-07 09:19:06,353.05,2074601
2021-04-07 09:19:07,353.0,2076071
2021-04-07 09:19:07,353.0,2076397
2021-04-07 09:19:08,353.1,2082417
2021-04-07 09:19:09,353.0,2085924
2021-04-07 09:19:11,353.0,2088094
2021-04-07 09:19:12,353.05,2093482
2021-04-07 09:19:12,353.05,2093482
2021-04-07 09:19:13,353.05,2093914
2021-04-07 09:19:14,353.1,2095739
2021-04-07 09:19:15,353.0,2097265
2021-04-07 09:19:16,353.15,2102208
2021-04-07 09:19:18,352.95,2107255
2021-04-07 09:19:19,353.1,2110444
2021-04-07 09:19:20,352.9,2123497
2021-04-07 09:19:21,353.1,2127119
2021-04-07 09:19:21,353.1,2126989
2021-04-07 09:19:22,352.95,2129080
2021-04-07 09:19:24,352.9,2134436
2021-04-07 09:19:24,353.05,2134411
2021-04-07 09:19:25,353.0,2135981
2021-04-07 09:19:26,352.85,2137274
2021-04-07 09:19:28,352.95,2139274
2021-04-07 09:19:29,352.9,2141169
2021-04-07 09:19:30,352.9,2143949
2021-04-07 09:19:31,352.8,2146981
2021-04-07 09:19:31,352.8,2147076
2021-04-07 09:19:32,352.8,2147765
2021-04-07 09:19:33,352.9,2150072
2021-04-07 09:19:35,352.9,2151707
2021-04-07 09:19:36,353.0,2153655
2021-04-07 09:19:37,352.9,2154878
2021-04-07 09:19:37,353.0,2155139
2021-04-07 09:19:38,352.85,2164801
2021-04-07 09:19:40,353.0,2167425
2021-04-07 09:19:41,352.95,2180425
2021-04-07 09:19:42,353.05,2185344
2021-04-07 09:19:43,352.95,2187219
2021-04-07 09:19:44,353.1,2204266
2021-04-07 09:19:44,353.2,2204272
2021-04-07 09:19:45,353.2,2227120
2021-04-07 09:19:46,353.3,2232063
2021-04-07 09:19:48,353.2,2233760
2021-04-07 09:19:49,353.2,2235787
2021-04-07 09:19:50,353.15,2237520
2021-04-07 09:19:51,353.2,2238535
2021-04-07 09:19:52,353.3,2239267
2021-04-07 09:19:52,353.2,2239823
2021-04-07 09:19:53,353.4,2243630
2021-04-07 09:19:55,353.2,2245703
2021-04-07 09:19:56,353.3,2248316
2021-04-07 09:19:57,353.2,2254154
2021-04-07 09:19:57,353.3,2254165
2021-04-07 09:19:58,353.1,2258276
2021-04-07 09:19:59,353.1,2260406
2021-04-07 09:20:01,353.3,2264868
2021-04-07 09:20:02,353.2,2276657
2021-04-07 09:20:03,353.05,2280059
2021-04-07 09:20:04,353.2,2282182
2021-04-07 09:20:05,353.2,2283325
2021-04-07 09:20:05,353.2,2283455
2021-04-07 09:20:06,353.2,2285615
2021-04-07 09:20:08,353.2,2286638
2021-04-07 09:20:09,353.2,2288544
2021-04-07 09:20:10,353.25,2293403
2021-04-07 09:20:10,353.15,2292889
2021-04-07 09:20:11,353.3,2294224
2021-04-07 09:20:12,353.25,2295820
2021-04-07 09:20:13,353.3,2296581
2021-04-07 09:20:15,353.2,2298789
2021-04-07 09:20:16,353.3,2299607
2021-04-07 09:20:17,353.3,2299783
2021-04-07 09:20:17,353.2,2299983
2021-04-07 09:20:18,353.4,2308017
2021-04-07 09:20:20,353.4,2310554
2021-04-07 09:20:21,353.5,2314066
2021-04-07 09:20:22,353.5,2318560
2021-04-07 09:20:22,353.3,2318723
2021-04-07 09:20:23,353.45,2320283
2021-04-07 09:20:24,353.4,2324005
2021-04-07 09:20:26,353.3,2326369
2021-04-07 09:20:27,353.4,2330507
2021-04-07 09:20:28,353.4,2332734
2021-04-07 09:20:28,353.4,2332774
2021-04-07 09:20:29,353.5,2333624
2021-04-07 09:20:30,353.45,2334982
2021-04-07 09:20:31,353.45,2335838
2021-04-07 09:20:33,353.4,2336249
2021-04-07 09:20:34,353.5,2338558
2021-04-07 09:20:35,353.4,2346076
2021-04-07 09:20:35,353.4,2347098
2021-04-07 09:20:36,353.3,2350696
2021-04-07 09:20:37,353.3,2359344
2021-04-07 09:20:39,353.3,2359640
2021-04-07 09:20:40,353.2,2360711
2021-04-07 09:20:41,353.1,2366254
2021-04-07 09:20:41,353.1,2366154
2021-04-07 09:20:42,353.15,2368931
2021-04-07 09:20:43,353.25,2370316
2021-04-07 09:20:44,353.25,2372442
2021-04-07 09:20:45,353.2,2372888
2021-04-07 09:20:47,353.25,2374502
2021-04-07 09:20:48,353.15,2375708
2021-04-07 09:20:49,353.1,2379096
2021-04-07 09:20:49,353.25,2377574
2021-04-07 09:20:50,353.15,2380161
2021-04-07 09:20:52,352.9,2435212
2021-04-07 09:20:53,353.0,2441928
2021-04-07 09:20:54,352.95,2443585
2021-04-07 09:20:54,352.95,2443516
2021-04-07 09:20:55,352.95,2445273
2021-04-07 09:20:56,353.05,2450154
2021-04-07 09:20:58,353.05,2454198
2021-04-07 09:20:59,353.05,2456002
2021-04-07 09:21:00,353.3,2462486
2021-04-07 09:21:00,353.3,2462486
2021-04-07 09:21:01,353.4,2463647
2021-04-07 09:21:02,353.1,2467334
2021-04-07 09:21:03,353.25,2468905
2021-04-07 09:21:04,353.15,2479941
2021-04-07 09:21:05,353.2,2480679
2021-04-07 09:21:07,353.05,2481279
2021-04-07 09:21:08,353.15,2483164
2021-04-07 09:21:09,353.0,2486323
2021-04-07 09:21:09,353.1,2486478
2021-04-07 09:21:10,353.0,2486923
2021-04-07 09:21:12,352.9,2498171
2021-04-07 09:21:13,353.1,2499014
2021-04-07 09:21:14,352.95,2503211
2021-04-07 09:21:14,353.0,2504772
2021-04-07 09:21:15,353.0,2506101
2021-04-07 09:21:17,353.0,2510348
2021-04-07 09:21:18,353.0,2513808
2021-04-07 09:21:19,353.0,2515139
2021-04-07 09:21:20,352.85,2519204
2021-04-07 09:21:20,352.85,2519204
2021-04-07 09:21:21,352.9,2519306
2021-04-07 09:21:22,353.1,2528504
2021-04-07 09:21:24,353.05,2529403
2021-04-07 09:21:25,352.95,2531090
2021-04-07 09:21:26,353.0,2534382
2021-04-07 09:21:26,353.0,2535122
2021-04-07 09:21:28,353.1,2536480
2021-04-07 09:21:29,353.15,2552729
2021-04-07 09:21:30,352.95,2553544
2021-04-07 09:21:31,353.1,2553932
2021-04-07 09:21:31,353.0,2554866
2021-04-07 09:21:33,353.0,2560794
2021-04-07 09:21:35,353.1,2562250
2021-04-07 09:21:36,353.1,2562807
2021-04-07 09:21:37,353.15,2566421
2021-04-07 09:21:38,353.05,2570118
2021-04-07 09:21:38,353.1,2570199
2021-04-07 09:21:40,353.05,2572919
2021-04-07 09:21:41,353.1,2575339
2021-04-07 09:21:42,353.2,2579229
2021-04-07 09:21:43,353.25,2587937
2021-04-07 09:21:43,353.1,2591018
2021-04-07 09:21:45,353.25,2591935
2021-04-07 09:21:46,353.3,2611355
2021-04-07 09:21:47,353.3,2611740
2021-04-07 09:21:48,353.15,2612202
2021-04-07 09:21:49,353.4,2612960
2021-04-07 09:21:50,353.25,2614806
2021-04-07 09:21:51,353.2,2615827
2021-04-07 09:21:52,353.2,2616420
2021-04-07 09:21:53,353.2,2617841
2021-04-07 09:21:53,353.2,2617896
2021-04-07 09:21:55,353.25,2618699
2021-04-07 09:21:56,353.3,2620089
2021-04-07 09:21:57,353.3,2621732
2021-04-07 09:21:58,353.3,2623430
2021-04-07 09:21:58,353.25,2623420
2021-04-07 09:22:00,353.2,2625725
2021-04-07 09:22:01,353.1,2628313
2021-04-07 09:22:02,353.1,2629767
2021-04-07 09:22:03,353.1,2630197
2021-04-07 09:22:03,353.2,2630231
2021-04-07 09:22:05,353.1,2634042
2021-04-07 09:22:06,353.2,2634813
2021-04-07 09:22:07,353.1,2636139
2021-04-07 09:22:08,353.1,2636367
2021-04-07 09:22:09,353.1,2654259
2021-04-07 09:22:10,353.15,2654968
2021-04-07 09:22:11,353.1,2656019
2021-04-07 09:22:12,353.2,2657948
2021-04-07 09:22:12,353.2,2658448
2021-04-07 09:22:13,353.2,2658651
2021-04-07 09:22:15,353.1,2661381
2021-04-07 09:22:16,353.0,2662581
2021-04-07 09:22:17,353.1,2672230
2021-04-07 09:22:18,353.1,2673623
2021-04-07 09:22:18,353.1,2673653
2021-04-07 09:22:20,353.1,2674906
2021-04-07 09:22:21,353.1,2677850
2021-04-07 09:22:22,353.0,2680057
2021-04-07 09:22:23,353.0,2681897
2021-04-07 09:22:24,352.85,2692549
2021-04-07 09:22:25,352.75,2695132
2021-04-07 09:22:26,352.8,2695591
2021-04-07 09:22:27,352.8,2697540
2021-04-07 09:22:28,352.75,2702627
2021-04-07 09:22:28,352.65,2702878
2021-04-07 09:22:30,352.65,2706572
2021-04-07 09:22:31,352.65,2707804
2021-04-07 09:22:32,352.7,2708700
2021-04-07 09:22:33,352.7,2715788
2021-04-07 09:22:34,352.8,2716833
2021-04-07 09:22:35,352.6,2720511
2021-04-07 09:22:36,352.65,2721662
2021-04-07 09:22:37,352.65,2723033
2021-04-07 09:22:38,352.6,2723935
2021-04-07 09:22:38,352.6,2723885
2021-04-07 09:22:40,352.7,2725869
2021-04-07 09:22:41,352.7,2728257
2021-04-07 09:22:42,352.9,2728648
2021-04-07 09:22:43,352.9,2730534
2021-04-07 09:22:44,352.75,2733908
2021-04-07 09:22:45,352.95,2737697
2021-04-07 09:22:46,353.0,2742937
2021-04-07 09:22:47,353.0,2743620
2021-04-07 09:22:48,353.0,2748881
2021-04-07 09:22:49,353.1,2749400
2021-04-07 09:22:49,353.1,2749470
2021-04-07 09:22:51,353.0,2752632
2021-04-07 09:22:52,353.05,2754850
2021-04-07 09:22:53,353.15,2760241
2021-04-07 09:22:54,353.25,2761927
2021-04-07 09:22:54,353.1,2761777
2021-04-07 09:22:56,353.3,2770553
2021-04-07 09:22:57,353.3,2772800
2021-04-07 09:22:58,353.4,2774025
2021-04-07 09:22:59,353.25,2775670
2021-04-07 09:22:59,353.2,2776170
2021-04-07 09:23:00,353.3,2779128
2021-04-07 09:23:01,353.4,2779505
2021-04-07 09:23:02,353.6,2828960
2021-04-07 09:23:03,353.6,2832203
2021-04-07 09:23:05,353.6,2832872
2021-04-07 09:23:06,353.55,2836204
2021-04-07 09:23:07,353.5,2837632
2021-04-07 09:23:08,353.5,2838356
2021-04-07 09:23:09,353.5,2839520
2021-04-07 09:23:09,353.5,2839810
2021-04-07 09:23:11,353.35,2843451
2021-04-07 09:23:12,353.35,2848037
2021-04-07 09:23:13,353.5,2850621
2021-04-07 09:23:14,353.3,2851820
2021-04-07 09:23:15,353.2,2853676
2021-04-07 09:23:16,353.25,2857046
2021-04-07 09:23:17,353.15,2861258
2021-04-07 09:23:18,353.0,2874208
2021-04-07 09:23:19,352.95,2878912
2021-04-07 09:23:20,352.95,2881553
2021-04-07 09:23:21,352.95,2881924
2021-04-07 09:23:22,353.05,2883813
2021-04-07 09:23:22,352.75,2884803
2021-04-07 09:23:23,352.9,2885887
2021-04-07 09:23:24,352.9,2887464
2021-04-07 09:23:26,352.7,2893401
2021-04-07 09:23:27,352.75,2896564
2021-04-07 09:23:28,352.8,2901616
2021-04-07 09:23:29,352.9,2903368
2021-04-07 09:23:29,352.9,2903388
2021-04-07 09:23:30,353.15,2907789
2021-04-07 09:23:31,353.15,2909211
2021-04-07 09:23:32,353.0,2909846
2021-04-07 09:23:33,353.15,2910727
2021-04-07 09:23:35,353.0,2911677
2021-04-07 09:23:36,353.15,2912495
2021-04-07 09:23:37,353.1,2914441
2021-04-07 09:23:38,353.25,2914777
2021-04-07 09:23:39,353.15,2916147
2021-04-07 09:23:40,353.25,2916745
2021-04-07 09:23:41,353.25,2917027
2021-04-07 09:23:42,353.25,2917349
2021-04-07 09:23:43,353.3,2918708
2021-04-07 09:23:44,353.2,2919745
2021-04-07 09:23:45,353.25,2926609
2021-04-07 09:23:46,353.25,2927309
2021-04-07 09:23:47,353.25,2928848
2021-04-07 09:23:48,353.3,2929866
2021-04-07 09:23:49,353.35,2930637
2021-04-07 09:23:50,353.6,2961470
2021-04-07 09:23:51,353.8,3017835
2021-04-07 09:23:52,353.5,3022077
2021-04-07 09:23:53,353.6,3024156
2021-04-07 09:23:54,353.7,3025721
2021-04-07 09:23:55,353.55,3025888
2021-04-07 09:23:56,353.65,3026648
2021-04-07 09:23:57,353.75,3029860
2021-04-07 09:23:58,353.75,3030411
2021-04-07 09:23:59,353.6,3032882
2021-04-07 09:24:00,353.45,3035735
2021-04-07 09:24:01,353.6,3036513
2021-04-07 09:24:02,353.6,3037051
2021-04-07 09:24:03,353.6,3037893
2021-04-07 09:24:04,353.6,3037893
2021-04-07 09:24:05,353.7,3039008
2021-04-07 09:24:06,353.7,3042541
2021-04-07 09:24:07,353.7,3044073
2021-04-07 09:24:08,353.85,3045063
2021-04-07 09:24:09,353.7,3045429
2021-04-07 09:24:10,353.7,3047427
2021-04-07 09:24:11,353.85,3058886
2021-04-07 09:24:12,353.85,3062540
2021-04-07 09:24:13,353.95,3065042
2021-04-07 09:24:14,353.85,3065197
2021-04-07 09:24:15,353.85,3066055
2021-04-07 09:24:16,353.7,3069167
2021-04-07 09:24:17,353.8,3071751
2021-04-07 09:24:18,353.6,3074678
2021-04-07 09:24:19,353.8,3075458
2021-04-07 09:24:21,353.75,3076470
2021-04-07 09:24:20,353.6,3076460
2021-04-07 09:24:22,353.6,3077728
2021-04-07 09:24:23,353.8,3079374
2021-04-07 09:24:24,353.7,3082272
2021-04-07 09:24:25,353.65,3085384
2021-04-07 09:24:26,353.75,3087875
2021-04-07 09:24:27,353.8,3088507
2021-04-07 09:24:28,353.65,3089603
2021-04-07 09:24:29,353.8,3090292
2021-04-07 09:24:30,353.8,3091496
2021-04-07 09:24:31,353.7,3101820
2021-04-07 09:24:32,353.8,3103632
2021-04-07 09:24:33,353.85,3103805
2021-04-07 09:24:34,353.8,3105367
2021-04-07 09:24:35,353.75,3106632
2021-04-07 09:24:36,353.75,3111025
2021-04-07 09:24:37,353.65,3121094
2021-04-07 09:24:38,353.65,3121094
2021-04-07 09:24:39,353.85,3121417
2021-04-07 09:24:40,353.7,3122550
2021-04-07 09:24:41,353.65,3125316
2021-04-07 09:24:42,353.8,3126028
2021-04-07 09:24:43,353.7,3128542
2021-04-07 09:24:44,353.8,3129618
2021-04-07 09:24:46,353.85,3138299
2021-04-07 09:24:47,353.9,3140967
2021-04-07 09:24:48,354.2,3271882
2021-04-07 09:24:49,354.3,3278360
2021-04-07 09:24:50,354.3,3280059
2021-04-07 09:24:51,354.05,3282311
2021-04-07 09:24:52,354.05,3284940
2021-04-07 09:24:53,354.1,3285177
2021-04-07 09:24:54,354.1,3285971
2021-04-07 09:24:55,354.15,3287245
2021-04-07 09:24:56,354.0,3288710
2021-04-07 09:24:57,354.05,3291986
2021-04-07 09:24:58,354.05,3292664
2021-04-07 09:24:59,354.0,3294965
2021-04-07 09:25:00,354.0,3296501
2021-04-07 09:25:01,354.1,3298410
2021-04-07 09:25:02,353.9,3299416
2021-04-07 09:25:03,354.0,3301932
2021-04-07 09:25:04,354.0,3303592
2021-04-07 09:25:05,354.15,3306725
2021-04-07 09:25:06,354.15,3312048
2021-04-07 09:25:07,354.25,3318178
2021-04-07 09:25:08,354.2,3318484
2021-04-07 09:25:09,354.3,3320866
2021-04-07 09:25:10,354.2,3322485
2021-04-07 09:25:11,354.25,3330685
2021-04-07 09:25:12,354.4,3382525
2021-04-07 09:25:13,354.4,3387052
2021-04-07 09:25:14,354.3,3388874
2021-04-07 09:25:15,354.25,3404385
2021-04-07 09:25:16,354.45,3407769
2021-04-07 09:25:17,354.25,3408321
2021-04-07 09:25:18,354.2,3409001
2021-04-07 09:25:19,354.3,3413020
2021-04-07 09:25:20,354.45,3414573
2021-04-07 09:25:21,354.45,3417542
2021-04-07 09:25:22,354.45,3417542
2021-04-07 09:25:23,354.45,3418478
2021-04-07 09:25:24,354.4,3426526
2021-04-07 09:25:25,354.4,3428678
2021-04-07 09:25:26,354.25,3432663
2021-04-07 09:25:27,354.45,3437117
2021-04-07 09:25:28,354.3,3438012
2021-04-07 09:25:29,354.25,3440059
2021-04-07 09:25:30,354.2,3445890
2021-04-07 09:25:31,354.3,3448185
2021-04-07 09:25:32,354.35,3450613
2021-04-07 09:25:33,353.9,3474228
2021-04-07 09:25:34,354.1,3477945
2021-04-07 09:25:35,354.05,3484606
2021-04-07 09:25:37,354.05,3485184
2021-04-07 09:25:36,354.05,3485159
2021-04-07 09:25:38,354.05,3486257
2021-04-07 09:25:39,354.1,3487805
2021-04-07 09:25:40,354.05,3492461
2021-04-07 09:25:41,354.2,3493328
2021-04-07 09:25:42,354.05,3501210
2021-04-07 09:25:43,354.0,3501804
2021-04-07 09:25:44,353.85,3506955
2021-04-07 09:25:45,354.05,3529082
2021-04-07 09:25:46,353.95,3538573
2021-04-07 09:25:47,354.0,3555155
2021-04-07 09:25:48,354.0,3560719
2021-04-07 09:25:49,353.8,3574564
2021-04-07 09:25:51,354.0,3588858
2021-04-07 09:25:52,354.0,3589710
2021-04-07 09:25:53,354.1,3593439
2021-04-07 09:25:54,354.15,3594737
2021-04-07 09:25:55,354.1,3595742
2021-04-07 09:25:55,354.05,3595745
2021-04-07 09:25:56,354.1,3596251
2021-04-07 09:25:57,354.1,3597166
2021-04-07 09:25:58,354.15,3597447
2021-04-07 09:25:59,354.2,3598853
2021-04-07 09:26:01,354.2,3601810
2021-04-07 09:26:02,354.15,3604925
2021-04-07 09:26:02,354.2,3604820
2021-04-07 09:26:03,354.1,3607044
2021-04-07 09:26:04,354.05,3608275
2021-04-07 09:26:05,354.15,3608485
2021-04-07 09:26:06,354.2,3608735
2021-04-07 09:26:07,354.25,3609351
2021-04-07 09:26:08,354.25,3611063
2021-04-07 09:26:09,354.15,3614758
2021-04-07 09:26:10,354.2,3615500
2021-04-07 09:26:12,354.2,3616292
2021-04-07 09:26:12,354.2,3616407
2021-04-07 09:26:13,354.15,3623345
2021-04-07 09:26:14,354.1,3623582
2021-04-07 09:26:15,354.0,3626623
2021-04-07 09:26:17,354.15,3627400
2021-04-07 09:26:17,354.1,3626809
2021-04-07 09:26:18,354.15,3630267
2021-04-07 09:26:19,354.1,3632004
2021-04-07 09:26:20,354.1,3633039
2021-04-07 09:26:22,354.1,3633637
2021-04-07 09:26:22,354.15,3633481
2021-04-07 09:26:23,354.15,3634468
2021-04-07 09:26:24,354.15,3635666
2021-04-07 09:26:25,354.1,3637298
2021-04-07 09:26:26,354.15,3638877
2021-04-07 09:26:28,354.15,3639487
2021-04-07 09:26:28,354.15,3639487
2021-04-07 09:26:29,354.1,3640479
2021-04-07 09:26:30,354.0,3655462
2021-04-07 09:26:31,354.2,3659288
2021-04-07 09:26:33,354.15,3660208
2021-04-07 09:26:33,354.15,3660337
2021-04-07 09:26:34,354.05,3663742
2021-04-07 09:26:35,354.0,3664398
2021-04-07 09:26:36,354.1,3665488
2021-04-07 09:26:38,354.0,3668128
2021-04-07 09:26:38,354.1,3673423
2021-04-07 09:26:39,354.05,3674279
2021-04-07 09:26:40,354.05,3677963
2021-04-07 09:26:41,354.0,3678755
2021-04-07 09:26:42,354.1,3680733
2021-04-07 09:26:44,354.1,3686370
2021-04-07 09:26:44,354.1,3686370
2021-04-07 09:26:45,354.15,3699299
2021-04-07 09:26:46,354.3,3701357
2021-04-07 09:26:47,354.2,3705576
2021-04-07 09:26:48,354.2,3707868
2021-04-07 09:26:49,354.25,3720402
2021-04-07 09:26:50,354.25,3720617
2021-04-07 09:26:51,354.25,3723713
2021-04-07 09:26:52,354.35,3724214
2021-04-07 09:26:53,354.2,3726257
2021-04-07 09:26:54,354.3,3726587
2021-04-07 09:26:56,354.2,3726945
2021-04-07 09:26:57,354.25,3727695
2021-04-07 09:26:57,354.2,3728196
2021-04-07 09:26:58,354.15,3728675
2021-04-07 09:26:59,354.15,3729042
2021-04-07 09:27:00,354.25,3732573
2021-04-07 09:27:01,354.25,3733005
2021-04-07 09:27:02,354.15,3734273
2021-04-07 09:27:03,354.25,3734786
2021-04-07 09:27:04,354.2,3734949
2021-04-07 09:27:05,354.2,3735509
2021-04-07 09:27:06,354.25,3735666
2021-04-07 09:27:08,354.1,3740588
2021-04-07 09:27:08,354.15,3740632
2021-04-07 09:27:09,354.1,3740852
2021-04-07 09:27:10,354.1,3742444
2021-04-07 09:27:11,354.0,3742996
2021-04-07 09:27:12,354.05,3743556
2021-04-07 09:27:13,354.0,3743889
2021-04-07 09:27:14,353.95,3767321
2021-04-07 09:27:15,354.05,3770464
2021-04-07 09:27:16,354.0,3770638
2021-04-07 09:27:17,354.05,3771180
2021-04-07 09:27:19,353.95,3777805
2021-04-07 09:27:20,353.95,3818847
2021-04-07 09:27:21,354.05,3831016
2021-04-07 09:27:22,354.05,3833081
2021-04-07 09:27:23,354.0,3833511
2021-04-07 09:27:23,354.05,3833611
2021-04-07 09:27:24,354.0,3837733
2021-04-07 09:27:25,354.05,3845889
2021-04-07 09:27:26,354.1,3846379
2021-04-07 09:27:27,354.1,3847467
2021-04-07 09:27:28,354.05,3847706
2021-04-07 09:27:29,354.05,3848801
2021-04-07 09:27:31,354.15,3849059
2021-04-07 09:27:32,354.0,3850196
2021-04-07 09:27:33,354.1,3850264
2021-04-07 09:27:33,354.05,3850529
2021-04-07 09:27:34,354.0,3853665
2021-04-07 09:27:35,354.1,3854417
2021-04-07 09:27:36,354.05,3855044
2021-04-07 09:27:37,354.0,3855506
2021-04-07 09:27:38,354.0,3862295
2021-04-07 09:27:39,354.0,3864660
2021-04-07 09:27:40,354.0,3866840
2021-04-07 09:27:41,354.1,3867381
2021-04-07 09:27:43,354.0,3868727
2021-04-07 09:27:44,354.05,3871565
2021-04-07 09:27:45,353.95,3878855
2021-04-07 09:27:46,354.05,3891818
2021-04-07 09:27:46,354.2,3902098
2021-04-07 09:27:47,353.9,3907209
2021-04-07 09:27:48,353.95,3908608
2021-04-07 09:27:49,354.0,3919062
2021-04-07 09:27:50,354.05,3930531
2021-04-07 09:27:51,354.0,3934072
2021-04-07 09:27:53,353.9,3936019
2021-04-07 09:27:54,353.95,3937339
2021-04-07 09:27:55,353.95,3938098
2021-04-07 09:27:55,354.05,3937778
2021-04-07 09:27:56,354.0,3938743
2021-04-07 09:27:57,354.0,3962969
2021-04-07 09:27:59,354.1,3967854
2021-04-07 09:28:00,354.0,3968554
2021-04-07 09:28:01,354.25,3983117
2021-04-07 09:28:01,354.5,4046497
2021-04-07 09:28:02,354.4,4050858
2021-04-07 09:28:03,354.35,4051818
2021-04-07 09:28:04,354.35,4052093
2021-04-07 09:28:05,354.5,4052544
2021-04-07 09:28:06,354.5,4053067
2021-04-07 09:28:07,354.5,4053819
2021-04-07 09:28:08,354.45,4054169
2021-04-07 09:28:10,354.45,4073121
2021-04-07 09:28:11,354.45,4075770
2021-04-07 09:28:11,354.5,4075768
2021-04-07 09:28:12,354.5,4080310
2021-04-07 09:28:13,354.25,4082687
2021-04-07 09:28:15,354.45,4083133
2021-04-07 09:28:16,354.1,4085558
2021-04-07 09:28:16,354.2,4085833
2021-04-07 09:28:17,354.3,4087699
2021-04-07 09:28:18,354.1,4087949
2021-04-07 09:28:20,354.35,4089531
2021-04-07 09:28:20,354.4,4091613
2021-04-07 09:28:22,354.4,4092215
2021-04-07 09:28:23,354.25,4095770
2021-04-07 09:28:24,354.35,4096042
2021-04-07 09:28:26,354.15,4096366
2021-04-07 09:28:27,354.05,4114927
2021-04-07 09:28:28,354.0,4115817
2021-04-07 09:28:29,354.2,4115927
2021-04-07 09:28:30,354.1,4116234
2021-04-07 09:28:31,354.0,4119097
2021-04-07 09:28:31,354.0,4119097
2021-04-07 09:28:32,354.15,4119380
2021-04-07 09:28:33,354.2,4122000
2021-04-07 09:28:35,354.15,4122631
2021-04-07 09:28:36,354.1,4175316
2021-04-07 09:28:36,354.25,4175816
2021-04-07 09:28:37,354.1,4180099
2021-04-07 09:28:38,354.1,4181131
2021-04-07 09:28:39,354.2,4181486
2021-04-07 09:28:40,354.2,4181763
2021-04-07 09:28:42,354.25,4182611
2021-04-07 09:28:43,354.15,4183118
2021-04-07 09:28:44,354.15,4184292
2021-04-07 09:28:45,354.25,4185422
2021-04-07 09:28:45,354.3,4185542
2021-04-07 09:28:46,354.15,4187505
2021-04-07 09:28:47,354.15,4188154
2021-04-07 09:28:48,354.2,4188616
2021-04-07 09:28:49,354.25,4189355
2021-04-07 09:28:51,354.25,4190209
2021-04-07 09:28:52,354.25,4191007
2021-04-07 09:28:52,354.25,4191007
2021-04-07 09:28:53,354.2,4191108
2021-04-07 09:28:54,354.2,4191192
2021-04-07 09:28:55,354.2,4191924
2021-04-07 09:28:56,354.25,4193539
2021-04-07 09:28:58,354.2,4194025
2021-04-07 09:28:59,354.2,4197830
2021-04-07 09:29:00,354.15,4197867
2021-04-07 09:29:01,354.1,4198989
2021-04-07 09:29:01,354.2,4199105
2021-04-07 09:29:03,354.0,4204948
2021-04-07 09:29:03,354.0,4205003
2021-04-07 09:29:04,354.2,4205444
2021-04-07 09:29:05,354.15,4205748
2021-04-07 09:29:07,354.05,4205942
2021-04-07 09:29:08,354.15,4209053
2021-04-07 09:29:09,354.2,4209305
2021-04-07 09:29:10,354.15,4209497
2021-04-07 09:29:11,354.15,4209705
2021-04-07 09:29:12,354.2,4209728
2021-04-07 09:29:13,354.25,4219646
2021-04-07 09:29:13,354.15,4224856
2021-04-07 09:29:14,354.15,4227406
2021-04-07 09:29:15,354.15,4227474
2021-04-07 09:29:16,354.2,4227890
2021-04-07 09:29:18,354.2,4228593
2021-04-07 09:29:19,354.2,4229530
2021-04-07 09:29:20,354.15,4229992
2021-04-07 09:29:21,354.15,4233739
2021-04-07 09:29:23,354.15,4234144
2021-04-07 09:29:24,354.0,4237138
2021-04-07 09:29:25,354.1,4237287
2021-04-07 09:29:26,354.1,4237455
2021-04-07 09:29:27,354.0,4238326
2021-04-07 09:29:27,354.0,4238356
2021-04-07 09:29:28,354.1,4238392
2021-04-07 09:29:29,354.0,4241755
2021-04-07 09:29:31,354.0,4250092
2021-04-07 09:29:32,354.0,4252045
2021-04-07 09:29:33,354.1,4252507
2021-04-07 09:29:33,354.1,4252507
2021-04-07 09:29:34,354.0,4253561
2021-04-07 09:29:35,354.15,4255165
2021-04-07 09:29:36,354.2,4255541
2021-04-07 09:29:37,354.2,4256868
2021-04-07 09:29:38,354.15,4257779
2021-04-07 09:29:39,354.2,4258249
2021-04-07 09:29:41,354.2,4258279
2021-04-07 09:29:42,354.2,4261472
2021-04-07 09:29:43,354.25,4262695
2021-04-07 09:29:44,354.2,4267325
2021-04-07 09:29:44,354.2,4267325
2021-04-07 09:29:45,354.15,4268662
2021-04-07 09:29:46,354.0,4272216
2021-04-07 09:29:48,354.15,4272618
2021-04-07 09:29:49,354.2,4273022
2021-04-07 09:29:49,354.2,4273022
2021-04-07 09:29:50,354.1,4274736
2021-04-07 09:29:52,354.1,4275801
2021-04-07 09:29:53,354.2,4279026
2021-04-07 09:29:53,354.2,4278926
2021-04-07 09:29:54,354.25,4282372
2021-04-07 09:29:55,354.4,4291505
2021-04-07 09:29:56,354.4,4293249
2021-04-07 09:29:58,354.3,4293727
2021-04-07 09:29:59,354.3,4294249
2021-04-07 09:30:00,354.3,4294335
2021-04-07 09:30:01,354.05,4296078
2021-04-07 09:30:02,354.1,4296944
2021-04-07 09:30:03,354.25,4297467
2021-04-07 09:30:04,354.3,4297780
2021-04-07 09:30:04,354.2,4297790
2021-04-07 09:30:05,354.3,4298523
2021-04-07 09:30:06,354.3,4298647
2021-04-07 09:30:07,354.3,4298851
2021-04-07 09:30:08,354.35,4299498
2021-04-07 09:30:09,354.25,4299730
2021-04-07 09:30:11,354.2,4301700
2021-04-07 09:30:12,354.2,4302263
2021-04-07 09:30:13,354.2,4302355
2021-04-07 09:30:13,354.15,4302360
2021-04-07 09:30:14,354.4,4303862
2021-04-07 09:30:15,354.3,4304065
2021-04-07 09:30:16,354.15,4304400
2021-04-07 09:30:18,354.2,4304715
2021-04-07 09:30:19,354.35,4304955
2021-04-07 09:30:20,354.3,4305183
2021-04-07 09:30:21,354.25,4306255
2021-04-07 09:30:22,354.25,4306974
2021-04-07 09:30:22,354.25,4306974
2021-04-07 09:30:23,354.3,4307747
2021-04-07 09:30:24,354.35,4322931
2021-04-07 09:30:26,354.35,4322968
2021-04-07 09:30:27,354.2,4324406
2021-04-07 09:30:28,354.35,4325316
2021-04-07 09:30:29,354.3,4325656
2021-04-07 09:30:30,354.3,4326149
2021-04-07 09:30:31,354.2,4337075
2021-04-07 09:30:32,354.0,4376847
2021-04-07 09:30:32,354.0,4376847
2021-04-07 09:30:33,354.05,4376992
2021-04-07 09:30:34,354.05,4377511
2021-04-07 09:30:35,354.05,4379091
2021-04-07 09:30:36,354.0,4379570
2021-04-07 09:30:37,353.95,4382228
2021-04-07 09:30:38,354.05,4382779
2021-04-07 09:30:40,353.8,4384625
2021-04-07 09:30:41,354.05,4395494
2021-04-07 09:30:42,354.05,4395870
2021-04-07 09:30:43,354.1,4396943
2021-04-07 09:30:43,354.05,4397043
2021-04-07 09:30:44,354.15,4399287
2021-04-07 09:30:45,354.0,4400204
2021-04-07 09:30:46,354.15,4400858
2021-04-07 09:30:48,354.0,4404629
2021-04-07 09:30:49,354.05,4404671
2021-04-07 09:30:50,353.8,4405669
2021-04-07 09:30:51,354.0,4416134
2021-04-07 09:30:52,354.0,4416635
2021-04-07 09:30:53,354.0,4417846
2021-04-07 09:30:54,354.05,4418659
2021-04-07 09:30:55,354.05,4421335
2021-04-07 09:30:56,354.05,4421380
2021-04-07 09:30:56,354.05,4421630
2021-04-07 09:30:57,354.15,4436793
2021-04-07 09:30:58,354.15,4441855
2021-04-07 09:30:59,354.15,4443885
2021-04-07 09:31:00,354.2,4446077
2021-04-07 09:31:02,354.2,4446954
2021-04-07 09:31:03,354.3,4452187
2021-04-07 09:31:04,354.35,4463752
2021-04-07 09:31:05,354.2,4464861
2021-04-07 09:31:06,354.15,4467016
2021-04-07 09:31:06,354.2,4467018
2021-04-07 09:31:07,354.2,4467722
2021-04-07 09:31:09,354.2,4469501
2021-04-07 09:31:11,354.2,4471364
2021-04-07 09:31:10,354.2,4471300
2021-04-07 09:31:12,354.25,4471734
2021-04-07 09:31:13,354.2,4474028
2021-04-07 09:31:14,354.45,4487982
2021-04-07 09:31:15,354.35,4489824
2021-04-07 09:31:16,354.35,4490429
2021-04-07 09:31:16,354.5,4490529
2021-04-07 09:31:17,354.35,4491004
2021-04-07 09:31:18,354.3,4493420
2021-04-07 09:31:20,354.5,4497093
2021-04-07 09:31:21,354.5,4497901
2021-04-07 09:31:22,354.35,4500407
2021-04-07 09:31:22,354.5,4500707
2021-04-07 09:31:24,354.35,4501059
2021-04-07 09:31:24,354.4,4501084
2021-04-07 09:31:25,354.4,4503424
2021-04-07 09:31:26,354.5,4504604
2021-04-07 09:31:27,354.5,4504939
2021-04-07 09:31:29,354.6,4563225
2021-04-07 09:31:30,354.6,4564298
2021-04-07 09:31:31,354.7,4565501
2021-04-07 09:31:31,354.8,4566331
2021-04-07 09:31:32,354.7,4576188
2021-04-07 09:31:33,354.8,4576637
2021-04-07 09:31:34,354.55,4580021
2021-04-07 09:31:35,354.65,4580267
2021-04-07 09:31:37,354.65,4580997
2021-04-07 09:31:38,354.55,4581726
2021-04-07 09:31:39,354.55,4581929
2021-04-07 09:31:40,354.8,4582764
2021-04-07 09:31:41,354.8,4582935
2021-04-07 09:31:42,354.8,4585965
2021-04-07 09:31:43,354.75,4586626
2021-04-07 09:31:44,354.75,4589852
2021-04-07 09:31:44,354.55,4589441
2021-04-07 09:31:45,354.65,4597691
2021-04-07 09:31:46,354.75,4602309
2021-04-07 09:31:48,354.7,4603760
2021-04-07 09:31:49,354.65,4604061
2021-04-07 09:31:50,354.75,4605595
2021-04-07 09:31:50,354.75,4605599
2021-04-07 09:31:51,354.75,4606666
2021-04-07 09:31:53,354.55,4607571
2021-04-07 09:31:54,354.7,4608701
2021-04-07 09:31:55,354.75,4608923
2021-04-07 09:31:55,354.75,4608923
2021-04-07 09:31:56,354.6,4610391
2021-04-07 09:31:57,354.6,4610519
2021-04-07 09:31:58,354.55,4611520
2021-04-07 09:31:59,354.4,4616663
2021-04-07 09:32:01,354.5,4617514
2021-04-07 09:32:02,354.4,4618668
2021-04-07 09:32:03,354.4,4623833
2021-04-07 09:32:04,354.5,4624773
2021-04-07 09:32:05,354.4,4625045
2021-04-07 09:32:06,354.5,4625320
2021-04-07 09:32:07,354.4,4626324
2021-04-07 09:32:08,354.35,4626615
2021-04-07 09:32:09,354.6,4629406
2021-04-07 09:32:09,354.55,4629224
2021-04-07 09:32:11,354.5,4629936
2021-04-07 09:32:12,354.5,4630175
2021-04-07 09:32:13,354.5,4632445
2021-04-07 09:32:14,354.5,4634687
2021-04-07 09:32:15,354.55,4638552
2021-04-07 09:32:16,354.5,4638858
2021-04-07 09:32:17,354.45,4640756
2021-04-07 09:32:18,354.45,4642211
2021-04-07 09:32:19,354.45,4642822
2021-04-07 09:32:19,354.45,4642843
2021-04-07 09:32:21,354.45,4643469
2021-04-07 09:32:22,354.45,4644398
2021-04-07 09:32:23,354.45,4645010
2021-04-07 09:32:24,354.45,4645494
2021-04-07 09:32:25,354.4,4648437
2021-04-07 09:32:25,354.4,4648920
2021-04-07 09:32:27,354.45,4649199
2021-04-07 09:32:28,354.45,4662128
2021-04-07 09:32:29,354.45,4663244
2021-04-07 09:32:30,354.4,4663359
2021-04-07 09:32:31,354.4,4664651
2021-04-07 09:32:32,354.4,4665715
2021-04-07 09:32:33,354.45,4667505
2021-04-07 09:32:33,354.45,4668110
2021-04-07 09:32:34,354.4,4668535
2021-04-07 09:32:35,354.4,4668937
2021-04-07 09:32:36,354.4,4668954
2021-04-07 09:32:37,354.4,4669679
2021-04-07 09:32:39,354.4,4670487
2021-04-07 09:32:40,354.45,4678095
2021-04-07 09:32:41,354.45,4679666
2021-04-07 09:32:42,354.4,4684017
2021-04-07 09:32:43,354.45,4684882
2021-04-07 09:32:44,354.45,4685720
2021-04-07 09:32:45,354.4,4686100
2021-04-07 09:32:46,354.4,4691623
2021-04-07 09:32:47,354.45,4691777
2021-04-07 09:32:48,354.45,4692157
2021-04-07 09:32:49,354.45,4692197
2021-04-07 09:32:50,354.35,4692822
2021-04-07 09:32:51,354.3,4697517
2021-04-07 09:32:52,354.35,4698221
2021-04-07 09:32:53,354.35,4702817
2021-04-07 09:32:54,354.4,4702978
2021-04-07 09:32:55,354.25,4706893
2021-04-07 09:32:56,354.35,4708463
2021-04-07 09:32:57,354.35,4708604
2021-04-07 09:32:57,354.25,4708614
2021-04-07 09:32:58,354.3,4710482
2021-04-07 09:32:59,354.35,4711169
2021-04-07 09:33:00,354.35,4711585
2021-04-07 09:33:01,354.4,4712469
2021-04-07 09:33:02,354.25,4712868
2021-04-07 09:33:03,354.4,4713314
2021-04-07 09:33:04,354.35,4716202
2021-04-07 09:33:06,354.35,4716994
2021-04-07 09:33:07,354.3,4717136
2021-04-07 09:33:08,354.2,4717912
2021-04-07 09:33:09,354.35,4718179
2021-04-07 09:33:10,354.35,4718302
2021-04-07 09:33:11,354.35,4718371
2021-04-07 09:33:12,354.35,4718498
2021-04-07 09:33:13,354.3,4718524
2021-04-07 09:33:14,354.35,4721328
2021-04-07 09:33:15,354.2,4721344
2021-04-07 09:33:16,354.25,4721675
2021-04-07 09:33:17,354.2,4721952
2021-04-07 09:33:17,354.2,4721952
2021-04-07 09:33:19,354.25,4723057
2021-04-07 09:33:20,354.25,4723203
2021-04-07 09:33:21,354.05,4751043
2021-04-07 09:33:22,354.05,4751151
2021-04-07 09:33:23,354.05,4754103
2021-04-07 09:33:24,354.05,4755454
2021-04-07 09:33:25,354.0,4755606
2021-04-07 09:33:26,354.0,4756476
2021-04-07 09:33:27,354.2,4757913
2021-04-07 09:33:28,354.2,4759014
2021-04-07 09:33:29,354.25,4759264
2021-04-07 09:33:30,354.2,4761424
2021-04-07 09:33:31,354.2,4762749
2021-04-07 09:33:32,354.05,4762938
2021-04-07 09:33:33,354.05,4763289
2021-04-07 09:33:34,354.2,4763465
2021-04-07 09:33:35,354.05,4773334
2021-04-07 09:33:36,354.05,4773489
2021-04-07 09:33:37,354.0,4777491
2021-04-07 09:33:38,354.05,4777930
2021-04-07 09:33:39,354.05,4778056
2021-04-07 09:33:40,354.2,4780157
2021-04-07 09:33:41,354.0,4780371
2021-04-07 09:33:42,354.0,4780672
2021-04-07 09:33:43,354.05,4781278
2021-04-07 09:33:43,354.05,4781278
2021-04-07 09:33:44,354.1,4781920
2021-04-07 09:33:45,354.0,4782937
2021-04-07 09:33:46,354.0,4786457
2021-04-07 09:33:47,354.0,4792395
2021-04-07 09:33:49,354.05,4792464
2021-04-07 09:33:50,354.0,4792766
2021-04-07 09:33:50,354.0,4793638
2021-04-07 09:33:51,354.05,4794144
2021-04-07 09:33:53,354.0,4795275
2021-04-07 09:33:53,354.05,4795818
2021-04-07 09:33:54,354.0,4799405
2021-04-07 09:33:56,354.05,4801210
2021-04-07 09:33:56,354.05,4801449
2021-04-07 09:33:57,354.05,4804756
2021-04-07 09:33:59,354.05,4806651
2021-04-07 09:34:00,354.05,4810643
2021-04-07 09:34:01,354.05,4814351
2021-04-07 09:34:02,353.95,4815579
2021-04-07 09:34:03,354.0,4818395
2021-04-07 09:34:04,354.0,4818635
2021-04-07 09:34:05,354.0,4818737
2021-04-07 09:34:06,354.05,4824532
2021-04-07 09:34:07,354.15,4824968
2021-04-07 09:34:08,354.15,4826198
2021-04-07 09:34:09,354.25,4844342
2021-04-07 09:34:10,354.35,4845751
2021-04-07 09:34:11,354.35,4858273
2021-04-07 09:34:12,354.45,4861209
2021-04-07 09:34:13,354.5,4865864
2021-04-07 09:34:14,354.55,4881084
2021-04-07 09:34:15,354.55,4884537
2021-04-07 09:34:16,354.55,4884537
2021-04-07 09:34:17,354.55,4885032
2021-04-07 09:34:18,354.35,4885778
2021-04-07 09:34:19,354.3,4886230
2021-04-07 09:34:20,354.3,4886455
2021-04-07 09:34:21,354.2,4886473
2021-04-07 09:34:22,354.35,4887623
2021-04-07 09:34:23,354.4,4888415
2021-04-07 09:34:24,354.3,4889075
2021-04-07 09:34:25,354.3,4890360
2021-04-07 09:34:26,354.45,4890802
2021-04-07 09:34:27,354.35,4891203
2021-04-07 09:34:28,354.35,4891214
2021-04-07 09:34:29,354.45,4891741
2021-04-07 09:34:30,354.35,4891808
2021-04-07 09:34:31,354.45,4892247
2021-04-07 09:34:32,354.45,4892247
2021-04-07 09:34:33,354.45,4892350
2021-04-07 09:34:34,354.45,4893473
2021-04-07 09:34:35,354.25,4895617
2021-04-07 09:34:36,354.25,4895842
2021-04-07 09:34:37,354.15,4896486
2021-04-07 09:34:38,354.3,4897605
2021-04-07 09:34:39,354.15,4897749
2021-04-07 09:34:40,354.3,4897750
2021-04-07 09:34:41,354.3,4897932
2021-04-07 09:34:42,354.3,4898238
2021-04-07 09:34:43,354.15,4898812
2021-04-07 09:34:44,354.3,4899187
2021-04-07 09:34:45,354.35,4900620
2021-04-07 09:34:46,354.25,4903670
2021-04-07 09:34:47,354.25,4903741
2021-04-07 09:34:48,354.25,4903859
2021-04-07 09:34:49,354.3,4903881
2021-04-07 09:34:50,354.25,4904585
2021-04-07 09:34:52,354.25,4904953
2021-04-07 09:34:51,354.3,4904938
2021-04-07 09:34:53,354.15,4905987
2021-04-07 09:34:54,354.2,4906137
2021-04-07 09:34:55,354.2,4906837
2021-04-07 09:34:56,354.2,4907538
2021-04-07 09:34:57,354.15,4908367
2021-04-07 09:34:58,354.15,4908679
2021-04-07 09:34:59,354.15,4909095
2021-04-07 09:35:00,354.1,4909409
2021-04-07 09:35:01,354.1,4909529
2021-04-07 09:35:02,354.15,4909939
2021-04-07 09:35:03,354.2,4910943
2021-04-07 09:35:04,354.15,4911453
2021-04-07 09:35:05,354.05,4911694
2021-04-07 09:35:06,354.1,4911764
2021-04-07 09:35:07,354.15,4911793
2021-04-07 09:35:08,354.15,4913110
2021-04-07 09:35:09,354.25,4913359
2021-04-07 09:35:10,354.1,4916789
2021-04-07 09:35:11,354.2,4917206
2021-04-07 09:35:12,354.05,4917921
2021-04-07 09:35:13,354.2,4918005
2021-04-07 09:35:14,354.2,4918107
2021-04-07 09:35:15,354.15,4918457
2021-04-07 09:35:16,354.2,4919213
2021-04-07 09:35:17,354.2,4919460
2021-04-07 09:35:18,354.1,4920246
2021-04-07 09:35:20,354.1,4920531
2021-04-07 09:35:19,354.2,4920327
2021-04-07 09:35:21,354.25,4921099
2021-04-07 09:35:22,354.15,4921413
2021-04-07 09:35:23,354.15,4921824
2021-04-07 09:35:24,354.25,4922470
2021-04-07 09:35:25,354.25,4923167
2021-04-07 09:35:26,354.3,4933088
2021-04-07 09:35:27,354.3,4933124
2021-04-07 09:35:28,354.3,4933146
2021-04-07 09:35:29,354.4,4933552
2021-04-07 09:35:30,354.3,4934003
2021-04-07 09:35:31,354.3,4934138
2021-04-07 09:35:32,354.45,4935059
2021-04-07 09:35:33,354.45,4935240
2021-04-07 09:35:34,354.45,4935240
2021-04-07 09:35:35,354.45,4935684
2021-04-07 09:35:36,354.4,4935801
2021-04-07 09:35:37,354.25,4937303
2021-04-07 09:35:38,354.2,4938009
2021-04-07 09:35:39,354.3,4938141
2021-04-07 09:35:40,354.3,4938192
2021-04-07 09:35:41,354.2,4938957
2021-04-07 09:35:42,354.25,4939007
2021-04-07 09:35:43,354.25,4940111
2021-04-07 09:35:44,354.2,4940337
2021-04-07 09:35:45,354.2,4940363
2021-04-07 09:35:46,354.3,4940785
2021-04-07 09:35:47,354.2,4942116
2021-04-07 09:35:48,354.3,4942119
2021-04-07 09:35:49,354.25,4942150
2021-04-07 09:35:50,354.15,4948783
2021-04-07 09:35:51,354.15,4950697
2021-04-07 09:35:52,354.05,4950798
2021-04-07 09:35:53,354.2,4951378
2021-04-07 09:35:54,354.2,4951380
2021-04-07 09:35:55,354.2,4951572
2021-04-07 09:35:56,354.1,4955141
2021-04-07 09:35:57,354.1,4955171
2021-04-07 09:35:58,354.2,4955181
2021-04-07 09:35:59,354.15,4955252
2021-04-07 09:36:00,354.15,4956257
2021-04-07 09:36:01,354.15,4956542
2021-04-07 09:36:02,354.1,4956566
2021-04-07 09:36:03,354.25,4956695
2021-04-07 09:36:04,354.2,4956775
2021-04-07 09:36:05,354.1,4957112
2021-04-07 09:36:06,354.2,4957367
2021-04-07 09:36:07,354.15,4959153
2021-04-07 09:36:08,354.15,4959333
2021-04-07 09:36:09,354.15,4959600
2021-04-07 09:36:10,354.1,4959844
2021-04-07 09:36:11,354.2,4963237
2021-04-07 09:36:12,354.2,4963372
2021-04-07 09:36:13,354.1,4965257
2021-04-07 09:36:14,354.15,4965567
2021-04-07 09:36:15,354.2,4965645
2021-04-07 09:36:17,354.2,4965851
2021-04-07 09:36:17,354.2,4965901
2021-04-07 09:36:18,354.2,4968427
2021-04-07 09:36:19,354.1,4968529
2021-04-07 09:36:20,354.15,4969315
2021-04-07 09:36:22,354.2,4969339
2021-04-07 09:36:22,354.2,4969394
2021-04-07 09:36:23,354.0,4977521
2021-04-07 09:36:24,354.1,4977857
2021-04-07 09:36:25,354.05,4979671
2021-04-07 09:36:26,354.1,4980365
2021-04-07 09:36:27,354.1,4980671
2021-04-07 09:36:28,354.0,5010011
2021-04-07 09:36:29,354.0,5010058
2021-04-07 09:36:30,354.15,5011694
2021-04-07 09:36:31,354.15,5011936
2021-04-07 09:36:33,354.0,5012347
2021-04-07 09:36:33,354.15,5012397
2021-04-07 09:36:34,354.1,5013359
2021-04-07 09:36:35,353.95,5013512
2021-04-07 09:36:36,353.95,5014174
2021-04-07 09:36:37,354.0,5014652
2021-04-07 09:36:39,353.95,5014966
2021-04-07 09:36:40,354.05,5016508
2021-04-07 09:36:40,354.0,5015262
2021-04-07 09:36:41,354.1,5016922
2021-04-07 09:36:42,354.0,5017185
2021-04-07 09:36:43,354.15,5017293
2021-04-07 09:36:44,354.1,5018501
2021-04-07 09:36:45,354.2,5019229
2021-04-07 09:36:46,354.2,5019807
2021-04-07 09:36:47,354.15,5019850
2021-04-07 09:36:48,354.2,5024367
2021-04-07 09:36:49,354.25,5024470
2021-04-07 09:36:50,354.2,5025398
2021-04-07 09:36:51,354.2,5025888
2021-04-07 09:36:52,354.2,5026110
2021-04-07 09:36:53,354.3,5029651
2021-04-07 09:36:54,354.3,5031356
2021-04-07 09:36:56,354.4,5035561
2021-04-07 09:36:56,354.45,5035589
2021-04-07 09:36:57,354.5,5064649
2021-04-07 09:36:58,354.55,5067576
2021-04-07 09:36:59,354.55,5069783
2021-04-07 09:37:00,354.6,5084948
2021-04-07 09:37:01,354.7,5096501
2021-04-07 09:37:02,354.75,5114599
2021-04-07 09:37:03,354.75,5116308
2021-04-07 09:37:04,354.75,5116883
2021-04-07 09:37:05,354.7,5117245
2021-04-07 09:37:06,354.75,5117535
2021-04-07 09:37:07,354.55,5118410
2021-04-07 09:37:08,354.5,5119675
2021-04-07 09:37:09,354.65,5120582
2021-04-07 09:37:10,354.5,5121024
2021-04-07 09:37:11,354.5,5121551
2021-04-07 09:37:12,354.45,5122356
2021-04-07 09:37:13,354.5,5122863
2021-04-07 09:37:14,354.6,5123664
2021-04-07 09:37:15,354.4,5123854
2021-04-07 09:37:16,354.6,5124155
2021-04-07 09:37:18,354.6,5124720
2021-04-07 09:37:18,354.6,5124722
2021-04-07 09:37:19,354.5,5126964
2021-04-07 09:37:20,354.45,5128139
2021-04-07 09:37:21,354.6,5128789
2021-04-07 09:37:22,354.65,5130843
2021-04-07 09:37:23,354.65,5131007
2021-04-07 09:37:24,354.55,5132372
2021-04-07 09:37:25,354.5,5133017
2021-04-07 09:37:26,354.6,5133271
2021-04-07 09:37:27,354.55,5133398
2021-04-07 09:37:29,354.55,5134579
2021-04-07 09:37:29,354.6,5134679
2021-04-07 09:37:30,354.45,5135413
2021-04-07 09:37:31,354.35,5145745
2021-04-07 09:37:32,354.35,5146111
2021-04-07 09:37:33,354.3,5146197
2021-04-07 09:37:34,354.2,5147492
2021-04-07 09:37:35,354.3,5147810
2021-04-07 09:37:36,354.35,5149239
2021-04-07 09:37:37,354.35,5149335
2021-04-07 09:37:38,354.35,5149917
2021-04-07 09:37:39,354.4,5151247
2021-04-07 09:37:40,354.4,5152769
2021-04-07 09:37:41,354.35,5153175
2021-04-07 09:37:42,354.4,5158114
2021-04-07 09:37:43,354.4,5159326
2021-04-07 09:37:44,354.45,5159527
2021-04-07 09:37:45,354.45,5160219
2021-04-07 09:37:46,354.6,5160586
2021-04-07 09:37:47,354.4,5161112
2021-04-07 09:37:48,354.35,5161246
2021-04-07 09:37:49,354.4,5162598
2021-04-07 09:37:50,354.4,5163409
2021-04-07 09:37:51,354.35,5164144
2021-04-07 09:37:52,354.4,5164540
2021-04-07 09:37:53,354.4,5166882
2021-04-07 09:37:54,354.45,5167174
2021-04-07 09:37:55,354.2,5171253
2021-04-07 09:37:57,354.35,5171562
2021-04-07 09:37:57,354.35,5171622
2021-04-07 09:37:58,354.2,5172335
2021-04-07 09:37:59,354.35,5173045
2021-04-07 09:38:00,354.35,5173707
2021-04-07 09:38:01,354.2,5174138
2021-04-07 09:38:02,354.2,5174593
2021-04-07 09:38:03,354.35,5175713
2021-04-07 09:38:04,354.35,5176209
2021-04-07 09:38:05,354.2,5176584
2021-04-07 09:38:06,354.25,5177216
2021-04-07 09:38:07,354.25,5177870
2021-04-07 09:38:08,354.2,5178366
2021-04-07 09:38:09,354.2,5179870
2021-04-07 09:38:10,354.1,5187984
2021-04-07 09:38:11,354.0,5191338
2021-04-07 09:38:13,354.05,5191742
2021-04-07 09:38:13,354.1,5194003
2021-04-07 09:38:14,354.4,5195518
2021-04-07 09:38:15,354.3,5196519
2021-04-07 09:38:16,354.35,5196749
2021-04-07 09:38:17,354.2,5197051
2021-04-07 09:38:18,354.35,5197347
2021-04-07 09:38:19,354.4,5201229
2021-04-07 09:38:20,354.35,5203112
2021-04-07 09:38:21,354.2,5204086
2021-04-07 09:38:23,354.3,5204671
2021-04-07 09:38:24,354.25,5205297
2021-04-07 09:38:25,354.3,5205934
2021-04-07 09:38:25,354.25,5205909
2021-04-07 09:38:26,354.35,5206441
2021-04-07 09:38:27,354.35,5207052
2021-04-07 09:38:28,354.3,5207305
2021-04-07 09:38:29,354.35,5208454
2021-04-07 09:38:30,354.4,5209428
2021-04-07 09:38:31,354.25,5210689
2021-04-07 09:38:33,354.35,5212108
2021-04-07 09:38:34,354.35,5212384
2021-04-07 09:38:35,354.3,5215158
2021-04-07 09:38:35,354.3,5215158
2021-04-07 09:38:36,354.3,5215886
2021-04-07 09:38:37,354.3,5216175
2021-04-07 09:38:38,354.35,5216383
2021-04-07 09:38:40,354.35,5216945
2021-04-07 09:38:41,354.3,5221998
2021-04-07 09:38:41,354.35,5222018
2021-04-07 09:38:42,354.35,5223738
2021-04-07 09:38:43,354.35,5224234
2021-04-07 09:38:44,354.3,5224847
2021-04-07 09:38:45,354.35,5226928
2021-04-07 09:38:46,354.3,5227804
2021-04-07 09:38:47,354.35,5228304
2021-04-07 09:38:48,354.25,5230042
2021-04-07 09:38:49,354.3,5230361
2021-04-07 09:38:50,354.25,5232566
2021-04-07 09:38:52,354.3,5233464
2021-04-07 09:38:52,354.25,5233964
2021-04-07 09:38:53,354.4,5237239
2021-04-07 09:38:54,354.3,5237756
2021-04-07 09:38:55,354.4,5238448
2021-04-07 09:38:56,354.35,5238824
2021-04-07 09:38:57,354.4,5239274
2021-04-07 09:38:58,354.4,5239275
2021-04-07 09:38:59,354.4,5240309
2021-04-07 09:39:00,354.4,5240645
2021-04-07 09:39:01,354.35,5241234
2021-04-07 09:39:02,354.4,5242679
2021-04-07 09:39:03,354.4,5243054
2021-04-07 09:39:04,354.4,5243074
2021-04-07 09:39:06,354.4,5243634
2021-04-07 09:39:07,354.35,5244859
2021-04-07 09:39:08,354.4,5244861
2021-04-07 09:39:09,354.35,5245053
2021-04-07 09:39:09,354.4,5245253
2021-04-07 09:39:10,354.35,5245779
2021-04-07 09:39:11,354.45,5247067
2021-04-07 09:39:12,354.5,5247501
2021-04-07 09:39:13,354.5,5264810
2021-04-07 09:39:14,354.55,5268883
2021-04-07 09:39:15,354.65,5283596
2021-04-07 09:39:16,354.75,5297339
2021-04-07 09:39:17,354.8,5299016
2021-04-07 09:39:18,354.7,5299177
2021-04-07 09:39:19,354.7,5300077
2021-04-07 09:39:20,354.7,5300811
2021-04-07 09:39:22,354.8,5301527
2021-04-07 09:39:23,354.75,5301766
2021-04-07 09:39:24,354.8,5302059
2021-04-07 09:39:25,354.6,5302973
2021-04-07 09:39:25,354.75,5302993
2021-04-07 09:39:26,354.7,5305613
2021-04-07 09:39:27,354.8,5307414
2021-04-07 09:39:28,354.8,5309115
2021-04-07 09:39:29,354.7,5309594
2021-04-07 09:39:31,354.65,5312396
2021-04-07 09:39:32,354.6,5312827
2021-04-07 09:39:33,354.7,5313546
2021-04-07 09:39:34,354.7,5313827
2021-04-07 09:39:34,354.7,5313827
2021-04-07 09:39:36,354.6,5316717
2021-04-07 09:39:36,354.6,5317587
2021-04-07 09:39:38,354.65,5319177
2021-04-07 09:39:39,354.7,5319677
2021-04-07 09:39:40,354.65,5320098
2021-04-07 09:39:41,354.65,5320850
2021-04-07 09:39:41,354.7,5320257
2021-04-07 09:39:42,354.7,5321211
2021-04-07 09:39:43,354.65,5322415
2021-04-07 09:39:44,354.65,5323589
2021-04-07 09:39:45,354.65,5324984
2021-04-07 09:39:46,354.65,5325044
2021-04-07 09:39:47,354.6,5325634
2021-04-07 09:39:48,354.7,5326265
2021-04-07 09:39:49,354.65,5327515
2021-04-07 09:39:50,354.55,5328261
2021-04-07 09:39:51,354.7,5328613
2021-04-07 09:39:52,354.6,5329279
2021-04-07 09:39:53,354.7,5329789
2021-04-07 09:39:54,354.7,5330122
2021-04-07 09:39:55,354.6,5330868
2021-04-07 09:39:56,354.65,5331523
2021-04-07 09:39:58,354.6,5333932
2021-04-07 09:39:59,354.6,5334122
2021-04-07 09:40:00,354.6,5336247
2021-04-07 09:40:00,354.55,5336379
2021-04-07 09:40:02,354.6,5338555
2021-04-07 09:40:03,354.6,5338868
2021-04-07 09:40:04,354.65,5341093
2021-04-07 09:40:05,354.6,5343770
2021-04-07 09:40:05,354.55,5343990
2021-04-07 09:40:06,354.6,5344707
2021-04-07 09:40:08,354.65,5345068
2021-04-07 09:40:08,354.6,5346127
2021-04-07 09:40:10,354.6,5346287
2021-04-07 09:40:11,354.7,5350798
2021-04-07 09:40:11,354.7,5350798
2021-04-07 09:40:12,354.55,5350802
2021-04-07 09:40:14,354.7,5353367
2021-04-07 09:40:15,354.6,5354792
2021-04-07 09:40:15,354.7,5354793
2021-04-07 09:40:16,354.7,5354877
2021-04-07 09:40:17,354.65,5354927
2021-04-07 09:40:18,354.65,5355610
2021-04-07 09:40:19,354.7,5355917
2021-04-07 09:40:21,354.7,5356329
2021-04-07 09:40:22,354.7,5357029
2021-04-07 09:40:22,354.7,5357030
2021-04-07 09:40:23,354.6,5357190
2021-04-07 09:40:24,354.7,5357451
2021-04-07 09:40:25,354.6,5358070
2021-04-07 09:40:26,354.55,5358764
2021-04-07 09:40:27,354.65,5359438
2021-04-07 09:40:28,354.7,5359663
2021-04-07 09:40:29,354.6,5359984
2021-04-07 09:40:30,354.7,5361193
2021-04-07 09:40:32,354.6,5361797
2021-04-07 09:40:33,354.55,5365675
2021-04-07 09:40:33,354.55,5367512
2021-04-07 09:40:34,354.55,5370825
2021-04-07 09:40:35,354.5,5374117
2021-04-07 09:40:37,354.5,5374236
2021-04-07 09:40:38,354.5,5374885
2021-04-07 09:40:39,354.5,5375210
2021-04-07 09:40:40,354.2,5393503
2021-04-07 09:40:40,354.1,5393638
2021-04-07 09:40:42,354.2,5394157
2021-04-07 09:40:43,354.5,5394721
2021-04-07 09:40:44,354.25,5396391
2021-04-07 09:40:45,354.3,5396761
2021-04-07 09:40:46,354.3,5396989
2021-04-07 09:40:47,354.4,5398329
2021-04-07 09:40:48,354.4,5398390
2021-04-07 09:40:49,354.5,5399433
2021-04-07 09:40:50,354.45,5400615
2021-04-07 09:40:51,354.5,5400771
2021-04-07 09:40:52,354.55,5401338
2021-04-07 09:40:53,354.55,5401582
2021-04-07 09:40:54,354.5,5402117
2021-04-07 09:40:55,354.65,5402230
2021-04-07 09:40:56,354.5,5402423
2021-04-07 09:40:57,354.5,5402540
2021-04-07 09:40:58,354.5,5402671
2021-04-07 09:40:59,354.25,5411454
2021-04-07 09:40:59,354.4,5411954
2021-04-07 09:41:00,354.4,5412258
2021-04-07 09:41:02,354.5,5412550
2021-04-07 09:41:03,354.5,5412658
2021-04-07 09:41:04,354.35,5413079
2021-04-07 09:41:05,354.5,5413303
2021-04-07 09:41:06,354.45,5413420
2021-04-07 09:41:07,354.5,5413891
2021-04-07 09:41:07,354.5,5413911
2021-04-07 09:41:08,354.5,5414394
2021-04-07 09:41:09,354.5,5415026
2021-04-07 09:41:10,354.5,5421220
2021-04-07 09:41:12,354.35,5424967
2021-04-07 09:41:13,354.45,5425223
2021-04-07 09:41:14,354.5,5426307
2021-04-07 09:41:15,354.5,5426584
2021-04-07 09:41:16,354.4,5426959
2021-04-07 09:41:17,354.5,5427968
2021-04-07 09:41:18,354.6,5428657
2021-04-07 09:41:19,354.6,5429160
2021-04-07 09:41:19,354.5,5429210
2021-04-07 09:41:20,354.6,5429460
2021-04-07 09:41:21,354.6,5433065
2021-04-07 09:41:22,354.55,5433739
2021-04-07 09:41:23,354.65,5434507
2021-04-07 09:41:25,354.7,5437483
2021-04-07 09:41:26,354.7,5439459
2021-04-07 09:41:27,354.65,5444051
2021-04-07 09:41:28,354.6,5445318
2021-04-07 09:41:29,354.6,5446868
2021-04-07 09:41:30,354.7,5449108
2021-04-07 09:41:31,354.7,5449972
2021-04-07 09:41:32,354.7,5450598
2021-04-07 09:41:32,354.8,5451752
2021-04-07 09:41:33,354.9,5498037
2021-04-07 09:41:34,354.9,5499060
2021-04-07 09:41:35,354.7,5499666
2021-04-07 09:41:36,354.8,5499798
2021-04-07 09:41:38,354.65,5500092
2021-04-07 09:41:39,354.65,5500242
2021-04-07 09:41:39,354.7,5500719
2021-04-07 09:41:40,354.65,5501879
2021-04-07 09:41:41,354.75,5502788
2021-04-07 09:41:42,354.7,5503394
2021-04-07 09:41:44,354.6,5503450
2021-04-07 09:41:45,354.6,5503894
2021-04-07 09:41:46,354.6,5504184
2021-04-07 09:41:46,354.65,5504360
2021-04-07 09:41:47,354.6,5506839
2021-04-07 09:41:48,354.6,5507303
2021-04-07 09:41:49,354.6,5507933
2021-04-07 09:41:51,354.6,5508173
2021-04-07 09:41:51,354.6,5508484
2021-04-07 09:41:52,354.6,5508487
2021-04-07 09:41:53,354.6,5509101
2021-04-07 09:41:55,354.7,5509532
2021-04-07 09:41:56,354.7,5511442
2021-04-07 09:41:57,354.7,5511843
2021-04-07 09:41:58,354.7,5512853
2021-04-07 09:41:59,354.55,5513923
2021-04-07 09:42:00,354.65,5514374
2021-04-07 09:42:01,354.65,5514515
2021-04-07 09:42:02,354.7,5515812
2021-04-07 09:42:03,354.7,5517744
2021-04-07 09:42:04,354.55,5519726
2021-04-07 09:42:05,354.7,5520386
2021-04-07 09:42:05,354.7,5520356
2021-04-07 09:42:06,354.7,5521817
2021-04-07 09:42:07,354.65,5522209
2021-04-07 09:42:08,354.55,5522211
2021-04-07 09:42:09,354.7,5523857
2021-04-07 09:42:10,354.7,5524113
2021-04-07 09:42:11,354.6,5525678
2021-04-07 09:42:12,354.65,5526682
2021-04-07 09:42:13,354.65,5529231
2021-04-07 09:42:14,354.8,5529351
2021-04-07 09:42:15,354.7,5530214
2021-04-07 09:42:16,354.7,5531809
2021-04-07 09:42:17,354.6,5532954
2021-04-07 09:42:18,354.7,5533187
2021-04-07 09:42:19,354.6,5533449
2021-04-07 09:42:20,354.7,5534585
2021-04-07 09:42:22,354.75,5536484
2021-04-07 09:42:23,354.6,5537384
2021-04-07 09:42:24,354.8,5537742
2021-04-07 09:42:25,354.65,5537995
2021-04-07 09:42:26,354.7,5538986
2021-04-07 09:42:27,354.8,5539498
2021-04-07 09:42:27,354.8,5539563
2021-04-07 09:42:28,354.7,5539666
2021-04-07 09:42:29,354.8,5539974
2021-04-07 09:42:30,354.8,5540599
2021-04-07 09:42:31,354.6,5542699
2021-04-07 09:42:32,354.7,5543137
2021-04-07 09:42:33,354.7,5544412
2021-04-07 09:42:34,354.8,5544572
2021-04-07 09:42:35,354.8,5547414
2021-04-07 09:42:36,354.7,5547464
2021-04-07 09:42:37,354.8,5547889
2021-04-07 09:42:38,354.8,5548299
2021-04-07 09:42:39,354.7,5548627
2021-04-07 09:42:40,354.8,5550272
2021-04-07 09:42:41,354.7,5550387
2021-04-07 09:42:42,354.8,5552601
2021-04-07 09:42:43,354.8,5552977
2021-04-07 09:42:44,354.7,5553409
2021-04-07 09:42:45,354.7,5555315
2021-04-07 09:42:48,354.8,5558161
2021-04-07 09:42:49,354.9,5559108
2021-04-07 09:42:50,354.9,5559780
2021-04-07 09:42:51,354.9,5574100
2021-04-07 09:42:52,354.8,5576880
2021-04-07 09:42:53,354.85,5580978
2021-04-07 09:42:54,354.95,5581767
2021-04-07 09:42:55,354.95,5582242
2021-04-07 09:42:56,354.9,5584149
2021-04-07 09:42:57,355.0,5618597
2021-04-07 09:42:58,355.0,5625432
2021-04-07 09:42:59,355.0,5626018
2021-04-07 09:43:00,355.35,5790059
2021-04-07 09:43:00,355.35,5790601
2021-04-07 09:43:01,355.5,5796381
2021-04-07 09:43:02,355.55,5804050
2021-04-07 09:43:03,355.45,5804880
2021-04-07 09:43:04,355.45,5806006
2021-04-07 09:43:05,355.5,5816157
2021-04-07 09:43:06,355.55,5817006
2021-04-07 09:43:08,355.5,5817617
2021-04-07 09:43:09,355.55,5819613
2021-04-07 09:43:09,355.5,5829317
2021-04-07 09:43:11,355.5,5832834
2021-04-07 09:43:12,355.35,5836801
2021-04-07 09:43:13,355.3,5839510
2021-04-07 09:43:14,355.4,5841599
2021-04-07 09:43:15,355.4,5842916
2021-04-07 09:43:16,355.5,5861265
2021-04-07 09:43:17,355.7,5862883
2021-04-07 09:43:18,355.75,5873735
2021-04-07 09:43:19,355.65,5878368
2021-04-07 09:43:20,355.6,5878932
2021-04-07 09:43:21,355.65,5886188
2021-04-07 09:43:22,355.8,5893375
2021-04-07 09:43:23,355.6,5894634
2021-04-07 09:43:24,355.6,5897086
2021-04-07 09:43:25,355.75,5899607
2021-04-07 09:43:26,355.75,5899865
2021-04-07 09:43:27,355.75,5901505
2021-04-07 09:43:28,355.7,5906779
2021-04-07 09:43:29,355.7,5907950
2021-04-07 09:43:30,355.8,5910096
2021-04-07 09:43:30,355.8,5910297
2021-04-07 09:43:31,355.75,5913382
2021-04-07 09:43:32,355.7,5917489
2021-04-07 09:43:34,355.75,5920620
2021-04-07 09:43:35,355.7,5922502
2021-04-07 09:43:36,355.6,5922901
2021-04-07 09:43:37,355.75,5924321
2021-04-07 09:43:38,355.7,5925895
2021-04-07 09:43:39,355.7,5928150
2021-04-07 09:43:40,355.7,5930199
2021-04-07 09:43:41,355.6,5933633
2021-04-07 09:43:42,355.5,5939690
2021-04-07 09:43:43,355.45,5946733
2021-04-07 09:43:43,355.55,5947132
2021-04-07 09:43:44,355.65,5953451
2021-04-07 09:43:45,355.7,5958024
2021-04-07 09:43:46,355.5,5959162
2021-04-07 09:43:48,355.5,5960646
2021-04-07 09:43:49,355.6,5961434
2021-04-07 09:43:50,355.55,5962162
2021-04-07 09:43:51,355.5,5964097
2021-04-07 09:43:52,355.55,5965611
2021-04-07 09:43:53,355.55,5966246
2021-04-07 09:43:54,355.6,5969480
2021-04-07 09:43:55,355.55,5970547
2021-04-07 09:43:56,355.45,5973885
2021-04-07 09:43:57,355.5,5976521
2021-04-07 09:43:58,355.5,5977867
2021-04-07 09:43:59,355.5,5985087
2021-04-07 09:43:59,355.4,5986348
2021-04-07 09:44:00,355.5,5988162
2021-04-07 09:44:02,355.5,5991022
2021-04-07 09:44:03,355.5,5992591
2021-04-07 09:44:04,355.3,5992952
2021-04-07 09:44:05,355.5,6001065
2021-04-07 09:44:06,355.5,6003429
2021-04-07 09:44:07,355.45,6004169
2021-04-07 09:44:08,355.25,6005519
2021-04-07 09:44:09,355.3,6008150
2021-04-07 09:44:10,355.3,6008752
2021-04-07 09:44:11,355.45,6010290
2021-04-07 09:44:12,355.35,6010323
2021-04-07 09:44:13,355.45,6011462
2021-04-07 09:44:14,355.45,6012879
2021-04-07 09:44:15,355.7,6045387
2021-04-07 09:44:16,355.75,6047393
2021-04-07 09:44:17,355.45,6076515
2021-04-07 09:44:18,355.5,6077765
2021-04-07 09:44:19,355.55,6079624
2021-04-07 09:44:20,355.55,6080733
2021-04-07 09:44:21,355.45,6081553
2021-04-07 09:44:22,355.35,6082372
2021-04-07 09:44:23,355.6,6083570
2021-04-07 09:44:24,355.6,6085276
2021-04-07 09:44:25,355.55,6086294
2021-04-07 09:44:26,355.65,6086998
2021-04-07 09:44:27,355.5,6090776
2021-04-07 09:44:28,355.65,6091825
2021-04-07 09:44:29,355.6,6093508
2021-04-07 09:44:30,355.6,6094808
2021-04-07 09:44:31,355.5,6095426
2021-04-07 09:44:32,355.65,6095776
2021-04-07 09:44:33,355.65,6098294
2021-04-07 09:44:34,355.6,6099609
2021-04-07 09:44:35,355.6,6100367
2021-04-07 09:44:36,355.6,6101230
2021-04-07 09:44:37,355.55,6101854
2021-04-07 09:44:38,355.6,6102713
2021-04-07 09:44:39,355.55,6103776
2021-04-07 09:44:40,355.65,6108464
2021-04-07 09:44:41,355.55,6110087
2021-04-07 09:44:42,355.6,6112695
2021-04-07 09:44:42,355.6,6113010
2021-04-07 09:44:43,355.65,6113405
2021-04-07 09:44:45,355.6,6119404
2021-04-07 09:44:47,355.6,6124552
2021-04-07 09:44:46,355.6,6123435
2021-04-07 09:44:48,355.6,6125998
2021-04-07 09:44:49,355.65,6127480
2021-04-07 09:44:50,355.7,6137820
2021-04-07 09:44:51,355.65,6138373
2021-04-07 09:44:52,355.7,6141876
2021-04-07 09:44:53,355.65,6143237
2021-04-07 09:44:54,355.8,6154571
2021-04-07 09:44:55,355.75,6158954
2021-04-07 09:44:56,355.75,6165255
2021-04-07 09:44:57,355.75,6166645
2021-04-07 09:44:58,355.8,6167580
2021-04-07 09:44:59,355.6,6176156
2021-04-07 09:45:00,355.75,6177648
2021-04-07 09:45:01,355.75,6182716
2021-04-07 09:45:02,355.8,6186909
2021-04-07 09:45:03,355.8,6191148
2021-04-07 09:45:04,355.9,6197158
2021-04-07 09:45:05,355.95,6208246
2021-04-07 09:45:06,356.0,6219956
2021-04-07 09:45:07,355.95,6222655
2021-04-07 09:45:08,355.95,6228893
2021-04-07 09:45:09,356.0,6231079
2021-04-07 09:45:10,355.9,6235199
2021-04-07 09:45:11,356.0,6239982
2021-04-07 09:45:12,356.0,6240403
2021-04-07 09:45:13,355.9,6243606
2021-04-07 09:45:14,355.9,6245846
2021-04-07 09:45:15,355.9,6249538
2021-04-07 09:45:16,355.9,6251394
2021-04-07 09:45:17,356.0,6253324
2021-04-07 09:45:18,356.0,6254119
2021-04-07 09:45:19,355.9,6256722
2021-04-07 09:45:20,355.95,6259983
2021-04-07 09:45:21,355.9,6262023
2021-04-07 09:45:22,356.0,6263725
2021-04-07 09:45:23,355.95,6264974
2021-04-07 09:45:24,356.0,6265494
2021-04-07 09:45:25,356.0,6268388
2021-04-07 09:45:26,356.0,6269984
2021-04-07 09:45:27,355.9,6271124
2021-04-07 09:45:28,356.0,6276537
2021-04-07 09:45:29,356.0,6280294
2021-04-07 09:45:30,356.0,6281530
2021-04-07 09:45:31,356.0,6286202
2021-04-07 09:45:32,356.0,6287955
2021-04-07 09:45:33,355.95,6291029
2021-04-07 09:45:34,355.95,6301577
2021-04-07 09:45:35,355.95,6328436
2021-04-07 09:45:36,356.0,6340368
2021-04-07 09:45:37,356.15,6345434
2021-04-07 09:45:38,356.15,6347503
2021-04-07 09:45:39,356.0,6350400
2021-04-07 09:45:40,356.05,6355322
2021-04-07 09:45:41,356.0,6355765
2021-04-07 09:45:42,356.15,6357661
2021-04-07 09:45:43,356.05,6358577
2021-04-07 09:45:44,356.2,6359467
2021-04-07 09:45:45,356.25,6362671
2021-04-07 09:45:46,356.1,6365906
2021-04-07 09:45:47,356.15,6370990
2021-04-07 09:45:48,356.15,6373697
2021-04-07 09:45:49,356.2,6374957
2021-04-07 09:45:50,356.2,6376748
2021-04-07 09:45:51,356.15,6377508
2021-04-07 09:45:52,356.15,6377819
2021-04-07 09:45:53,356.25,6392878
2021-04-07 09:45:54,356.1,6395497
2021-04-07 09:45:55,356.15,6397887
2021-04-07 09:45:56,356.1,6399150
2021-04-07 09:45:57,356.15,6400046
2021-04-07 09:45:58,355.75,6436728
2021-04-07 09:45:59,355.8,6438577
2021-04-07 09:46:00,355.65,6440953
2021-04-07 09:46:01,355.75,6443015
2021-04-07 09:46:02,355.95,6444600
2021-04-07 09:46:03,356.05,6447171
2021-04-07 09:46:04,356.05,6447171
2021-04-07 09:46:05,355.95,6449238
2021-04-07 09:46:06,356.0,6450613
2021-04-07 09:46:07,356.0,6450834
2021-04-07 09:46:08,356.0,6456466
2021-04-07 09:46:09,355.95,6460699
2021-04-07 09:46:10,355.8,6463524
2021-04-07 09:46:11,355.95,6467447
2021-04-07 09:46:12,355.9,6468449
2021-04-07 09:46:13,355.95,6468939
2021-04-07 09:46:14,355.95,6469297
2021-04-07 09:46:15,355.8,6472256
2021-04-07 09:46:16,355.9,6474255
2021-04-07 09:46:17,355.9,6477008
2021-04-07 09:46:18,355.85,6479277
2021-04-07 09:46:19,355.85,6479943
2021-04-07 09:46:20,355.65,6484738
2021-04-07 09:46:21,355.8,6485997
2021-04-07 09:46:22,355.85,6489253
2021-04-07 09:46:23,355.65,6489707
2021-04-07 09:46:24,355.85,6490050
2021-04-07 09:46:25,355.8,6491551
2021-04-07 09:46:26,355.8,6493620
2021-04-07 09:46:27,355.8,6495263
2021-04-07 09:46:28,355.6,6499737
2021-04-07 09:46:29,355.8,6504233
2021-04-07 09:46:30,355.85,6507087
2021-04-07 09:46:31,355.7,6508157
2021-04-07 09:46:32,355.8,6519206
2021-04-07 09:46:33,355.9,6520521
2021-04-07 09:46:34,355.7,6522656
2021-04-07 09:46:35,355.8,6523278
2021-04-07 09:46:36,355.8,6523737
2021-04-07 09:46:37,355.85,6526602
2021-04-07 09:46:38,355.65,6528265
2021-04-07 09:46:39,355.75,6532566
2021-04-07 09:46:40,355.9,6538809
2021-04-07 09:46:41,355.7,6541039
2021-04-07 09:46:42,355.8,6544384
2021-04-07 09:46:43,355.85,6547234
2021-04-07 09:46:44,355.9,6549307
2021-04-07 09:46:45,355.75,6550092
2021-04-07 09:46:46,355.8,6552314
2021-04-07 09:46:47,355.8,6554363
2021-04-07 09:46:48,355.9,6555018
2021-04-07 09:46:49,355.8,6557178
2021-04-07 09:46:50,355.9,6558124
2021-04-07 09:46:51,355.95,6560061
2021-04-07 09:46:52,356.0,6561912
2021-04-07 09:46:54,355.9,6564376
2021-04-07 09:46:54,355.8,6565956
2021-04-07 09:46:56,355.85,6568786
2021-04-07 09:46:56,355.85,6569286
2021-04-07 09:46:57,355.9,6569761
2021-04-07 09:46:58,355.9,6570193
2021-04-07 09:46:59,355.9,6571198
2021-04-07 09:47:01,355.85,6572631
2021-04-07 09:47:01,355.9,6572751
2021-04-07 09:47:02,355.85,6572839
2021-04-07 09:47:03,355.9,6573606
2021-04-07 09:47:04,355.85,6574906
2021-04-07 09:47:06,355.85,6575642
2021-04-07 09:47:06,355.95,6575684
2021-04-07 09:47:07,355.9,6578598
2021-04-07 09:47:08,355.9,6579352
2021-04-07 09:47:09,355.85,6580299
2021-04-07 09:47:10,356.0,6581760
2021-04-07 09:47:12,356.0,6582806
2021-04-07 09:47:12,356.0,6582673
2021-04-07 09:47:13,355.85,6584894
2021-04-07 09:47:14,355.95,6585167
2021-04-07 09:47:15,355.8,6593883
2021-04-07 09:47:16,355.85,6594309
2021-04-07 09:47:17,355.8,6595535
2021-04-07 09:47:18,355.95,6597526
2021-04-07 09:47:20,355.9,6598383
2021-04-07 09:47:20,355.85,6598567
2021-04-07 09:47:21,355.85,6600784
2021-04-07 09:47:22,355.8,6603134
2021-04-07 09:47:23,355.95,6605419
2021-04-07 09:47:24,355.8,6612749
2021-04-07 09:47:26,355.95,6615748
2021-04-07 09:47:26,355.95,6615549
2021-04-07 09:47:27,355.8,6616458
2021-04-07 09:47:28,355.8,6619237
2021-04-07 09:47:29,355.95,6620847
2021-04-07 09:47:30,355.9,6621868
2021-04-07 09:47:32,355.95,6623227
2021-04-07 09:47:32,355.85,6623010
2021-04-07 09:47:33,355.95,6625862
2021-04-07 09:47:34,355.85,6626683
2021-04-07 09:47:35,355.95,6626811
2021-04-07 09:47:36,355.85,6627672
2021-04-07 09:47:38,355.8,6632535
2021-04-07 09:47:38,355.95,6628004
2021-04-07 09:47:39,355.85,6633273
2021-04-07 09:47:40,355.75,6634460
2021-04-07 09:47:41,355.75,6636185
2021-04-07 09:47:42,355.8,6636618
2021-04-07 09:47:43,355.8,6636733
2021-04-07 09:47:44,355.7,6650152
2021-04-07 09:47:46,355.85,6650579
2021-04-07 09:47:46,355.85,6650589
2021-04-07 09:47:47,355.85,6651023
2021-04-07 09:47:48,355.8,6651371
2021-04-07 09:47:49,355.85,6651608
2021-04-07 09:47:50,355.75,6655062
2021-04-07 09:47:52,355.85,6655704
2021-04-07 09:47:52,355.85,6655714
2021-04-07 09:47:53,355.9,6683282
2021-04-07 09:47:54,355.95,6685034
2021-04-07 09:47:55,355.9,6686468
2021-04-07 09:47:57,355.9,6687186
2021-04-07 09:47:57,355.9,6687186
2021-04-07 09:47:58,355.85,6688247
2021-04-07 09:47:59,355.85,6689082
2021-04-07 09:48:00,355.8,6690476
2021-04-07 09:48:01,355.85,6690712
2021-04-07 09:48:03,355.95,6702210
2021-04-07 09:48:03,355.95,6702211
2021-04-07 09:48:04,355.95,6702463
2021-04-07 09:48:05,355.95,6703166
2021-04-07 09:48:06,356.0,6705611
2021-04-07 09:48:08,355.95,6707363
2021-04-07 09:48:08,355.95,6707935
2021-04-07 09:48:09,355.95,6709030
2021-04-07 09:48:10,356.0,6710444
2021-04-07 09:48:11,355.95,6710686
2021-04-07 09:48:12,356.0,6710938
2021-04-07 09:48:13,355.9,6712486
2021-04-07 09:48:14,356.0,6713480
2021-04-07 09:48:15,356.0,6717224
2021-04-07 09:48:16,356.0,6717279
2021-04-07 09:48:18,356.0,6719393
2021-04-07 09:48:18,356.0,6719493
2021-04-07 09:48:19,355.85,6723274
2021-04-07 09:48:20,355.85,6725522
2021-04-07 09:48:21,356.0,6725874
2021-04-07 09:48:22,355.9,6726138
2021-04-07 09:48:23,355.9,6727898
2021-04-07 09:48:25,356.0,6729495
2021-04-07 09:48:26,356.0,6735521
2021-04-07 09:48:27,355.9,6736064
2021-04-07 09:48:28,355.85,6736542
2021-04-07 09:48:29,355.85,6737484
2021-04-07 09:48:30,355.95,6740420
2021-04-07 09:48:32,355.9,6742965
2021-04-07 09:48:32,355.9,6743015
2021-04-07 09:48:33,355.85,6744325
2021-04-07 09:48:34,355.9,6746035
2021-04-07 09:48:35,355.95,6746200
2021-04-07 09:48:36,355.9,6746889
2021-04-07 09:48:37,355.95,6747180
2021-04-07 09:48:38,356.0,6747834
2021-04-07 09:48:40,356.0,6759425
2021-04-07 09:48:40,355.95,6759853
2021-04-07 09:48:41,356.0,6766181
2021-04-07 09:48:42,355.95,6773170
2021-04-07 09:48:43,356.0,6774208
2021-04-07 09:48:45,356.0,6774832
2021-04-07 09:48:45,356.0,6774832
2021-04-07 09:48:46,356.0,6784064
2021-04-07 09:48:47,356.0,6784796
2021-04-07 09:48:48,356.0,6786412
2021-04-07 09:48:49,356.0,6790968
2021-04-07 09:48:50,356.0,6792187
2021-04-07 09:48:52,355.95,6799532
2021-04-07 09:48:53,355.9,6807519
2021-04-07 09:48:54,356.0,6809249
2021-04-07 09:48:55,355.9,6810085
2021-04-07 09:48:55,356.0,6809582
2021-04-07 09:48:56,355.9,6810545
2021-04-07 09:48:57,356.0,6810797
2021-04-07 09:48:58,356.0,6811185
2021-04-07 09:49:00,356.1,6814824
2021-04-07 09:49:01,356.0,6815153
2021-04-07 09:49:01,356.0,6815853
2021-04-07 09:49:02,355.9,6816178
2021-04-07 09:49:03,356.0,6816467
2021-04-07 09:49:04,355.95,6821144
2021-04-07 09:49:05,355.9,6839717
2021-04-07 09:49:07,355.9,6841716
2021-04-07 09:49:08,355.95,6844121
2021-04-07 09:49:08,355.95,6844141
2021-04-07 09:49:09,355.9,6845028
2021-04-07 09:49:10,355.95,6846248
2021-04-07 09:49:11,356.0,6846969
2021-04-07 09:49:12,356.1,6852042
2021-04-07 09:49:14,356.0,6853670
2021-04-07 09:49:15,356.1,6854840
2021-04-07 09:49:15,356.0,6855050
2021-04-07 09:49:16,356.0,6857395
2021-04-07 09:49:17,356.0,6860003
2021-04-07 09:49:18,356.0,6861659
2021-04-07 09:49:19,356.0,6863352
2021-04-07 09:49:20,356.0,6867676
2021-04-07 09:49:21,355.9,6868633
2021-04-07 09:49:22,356.0,6870660
2021-04-07 09:49:23,355.9,6871055
2021-04-07 09:49:24,355.9,6872887
2021-04-07 09:49:26,355.95,6872926
2021-04-07 09:49:27,355.9,6873375
2021-04-07 09:49:27,355.95,6873715
2021-04-07 09:49:28,355.9,6873853
2021-04-07 09:49:29,355.95,6875499
2021-04-07 09:49:30,356.0,6879799
2021-04-07 09:49:32,355.95,6880722
2021-04-07 09:49:33,356.0,6880892
2021-04-07 09:49:34,356.0,6882564
2021-04-07 09:49:34,356.0,6882898
2021-04-07 09:49:35,355.95,6884811
2021-04-07 09:49:36,356.0,6886331
2021-04-07 09:49:38,355.85,6892190
2021-04-07 09:49:39,355.9,6899194
2021-04-07 09:49:40,356.0,6903202
2021-04-07 09:49:40,356.0,6903202
2021-04-07 09:49:41,355.9,6903352
2021-04-07 09:49:42,355.8,6904339
2021-04-07 09:49:43,355.8,6904898
2021-04-07 09:49:45,355.9,6905773
2021-04-07 09:49:46,355.85,6906208
2021-04-07 09:49:47,355.9,6906464
2021-04-07 09:49:48,355.9,6908143
2021-04-07 09:49:48,355.85,6908252
2021-04-07 09:49:49,356.0,6908639
2021-04-07 09:49:50,355.95,6909829
2021-04-07 09:49:51,355.85,6910673
2021-04-07 09:49:52,356.0,6911881
2021-04-07 09:49:54,355.85,6915218
2021-04-07 09:49:55,355.95,6916016
2021-04-07 09:49:55,355.85,6915761
2021-04-07 09:49:57,355.95,6919320
2021-04-07 09:49:57,355.95,6919320
2021-04-07 09:49:58,355.9,6919457
2021-04-07 09:49:59,355.95,6920107
2021-04-07 09:50:00,355.95,6920819
2021-04-07 09:50:01,355.85,6921416
2021-04-07 09:50:03,355.95,6922958
2021-04-07 09:50:04,355.9,6923434
2021-04-07 09:50:04,355.85,6923959
2021-04-07 09:50:05,355.95,6929436
2021-04-07 09:50:06,356.0,6930191
2021-04-07 09:50:07,355.95,6932082
2021-04-07 09:50:09,355.9,6932789
2021-04-07 09:50:10,356.0,6933037
2021-04-07 09:50:11,356.0,6933644
2021-04-07 09:50:12,355.95,6934047
2021-04-07 09:50:12,355.95,6934097
2021-04-07 09:50:13,356.0,6934326
2021-04-07 09:50:14,356.0,6934775
2021-04-07 09:50:15,356.0,6936196
2021-04-07 09:50:17,356.0,6936211
2021-04-07 09:50:18,355.95,6936676
2021-04-07 09:50:19,355.95,6937147
2021-04-07 09:50:19,355.95,6937238
2021-04-07 09:50:20,355.95,6938070
2021-04-07 09:50:21,355.9,6939249
2021-04-07 09:50:23,355.9,6942860
2021-04-07 09:50:24,355.9,6943021
2021-04-07 09:50:24,355.9,6943076
2021-04-07 09:50:25,355.9,6944141
2021-04-07 09:50:26,355.8,6946011
2021-04-07 09:50:28,355.8,6947398
2021-04-07 09:50:29,355.75,6956339
2021-04-07 09:50:29,355.75,6957194
2021-04-07 09:50:30,355.75,6958947
2021-04-07 09:50:31,355.8,6959258
2021-04-07 09:50:32,355.85,6960259
2021-04-07 09:50:33,355.8,6971713
2021-04-07 09:50:34,355.7,6973546
2021-04-07 09:50:36,355.6,6982032
2021-04-07 09:50:37,355.6,6985814
2021-04-07 09:50:37,355.6,6985814
2021-04-07 09:50:38,355.65,6986611
2021-04-07 09:50:39,355.65,6987490
2021-04-07 09:50:40,355.65,6988045
2021-04-07 09:50:42,355.65,6989895
2021-04-07 09:50:43,355.5,6991089
2021-04-07 09:50:43,355.55,6991325
2021-04-07 09:50:44,355.5,6992185
2021-04-07 09:50:45,355.5,6992485
2021-04-07 09:50:46,355.65,6992805
2021-04-07 09:50:48,355.5,7003581
2021-04-07 09:50:49,355.3,7020127
2021-04-07 09:50:49,355.3,7020327
2021-04-07 09:50:50,355.5,7034018
2021-04-07 09:50:51,355.35,7034878
2021-04-07 09:50:53,355.4,7035253
2021-04-07 09:50:54,355.5,7042507
2021-04-07 09:50:54,355.45,7041707
2021-04-07 09:50:55,355.45,7045716
2021-04-07 09:50:56,355.4,7046457
2021-04-07 09:50:57,355.45,7047195
2021-04-07 09:50:58,355.45,7048009
2021-04-07 09:50:59,355.45,7048578
2021-04-07 09:51:00,355.5,7051178
2021-04-07 09:51:02,355.5,7052059
2021-04-07 09:51:03,355.5,7053125
2021-04-07 09:51:04,355.45,7054474
2021-04-07 09:51:04,355.45,7054474
2021-04-07 09:51:05,355.45,7055870
2021-04-07 09:51:07,355.45,7058415
2021-04-07 09:51:08,355.4,7058896
2021-04-07 09:51:09,355.3,7061305
2021-04-07 09:51:09,355.3,7061305
2021-04-07 09:51:10,355.25,7075071
2021-04-07 09:51:12,355.35,7076548
2021-04-07 09:51:13,355.2,7078344
2021-04-07 09:51:14,355.2,7078499
2021-04-07 09:51:15,355.2,7079234
2021-04-07 09:51:16,355.15,7091334
2021-04-07 09:51:17,355.15,7109580
2021-04-07 09:51:17,355.0,7109985
2021-04-07 09:51:18,355.1,7163677
2021-04-07 09:51:19,355.1,7167293
2021-04-07 09:51:21,355.15,7173250
2021-04-07 09:51:22,355.3,7175194
2021-04-07 09:51:23,355.35,7182179
2021-04-07 09:51:24,355.4,7184279
2021-04-07 09:51:24,355.4,7184289
2021-04-07 09:51:25,355.35,7184781
2021-04-07 09:51:26,355.35,7185278
2021-04-07 09:51:27,355.3,7186439
2021-04-07 09:51:28,355.2,7191196
2021-04-07 09:51:29,355.4,7191814
2021-04-07 09:51:31,355.25,7194467
2021-04-07 09:51:32,355.25,7195862
2021-04-07 09:51:33,355.25,7195930
2021-04-07 09:51:34,355.35,7196058
2021-04-07 09:51:35,355.35,7196869
2021-04-07 09:51:36,355.35,7197581
2021-04-07 09:51:37,355.35,7198341
2021-04-07 09:51:37,355.25,7198591
2021-04-07 09:51:38,355.4,7201531
2021-04-07 09:51:39,355.4,7210614
2021-04-07 09:51:40,355.4,7210959
2021-04-07 09:51:42,355.35,7211474
2021-04-07 09:51:43,355.25,7211799
2021-04-07 09:51:44,355.3,7212429
2021-04-07 09:51:45,355.15,7214608
2021-04-07 09:51:45,355.35,7215261
2021-04-07 09:51:46,355.3,7216115
2021-04-07 09:51:47,355.2,7217447
2021-04-07 09:51:49,355.35,7220735
2021-04-07 09:51:50,355.35,7223756
2021-04-07 09:51:51,355.15,7224813
2021-04-07 09:51:51,355.15,7224874
2021-04-07 09:51:52,355.2,7228052
2021-04-07 09:51:54,355.1,7233683
2021-04-07 09:51:55,355.15,7235461
2021-04-07 09:51:56,355.2,7238203
2021-04-07 09:51:56,355.15,7238703
2021-04-07 09:51:57,355.2,7238785
2021-04-07 09:51:58,355.15,7239952
2021-04-07 09:51:59,355.2,7241825
2021-04-07 09:52:01,355.3,7242840
2021-04-07 09:52:02,355.3,7246363
2021-04-07 09:52:03,355.25,7249373
2021-04-07 09:52:04,355.1,7250740
2021-04-07 09:52:05,355.2,7251740
2021-04-07 09:52:05,355.2,7251840
2021-04-07 09:52:06,355.15,7253422
2021-04-07 09:52:07,355.2,7254627
2021-04-07 09:52:09,355.2,7255226
2021-04-07 09:52:10,355.2,7257029
2021-04-07 09:52:11,355.2,7257247
2021-04-07 09:52:12,355.25,7257472
2021-04-07 09:52:13,355.25,7258240
2021-04-07 09:52:14,355.2,7258496
2021-04-07 09:52:15,355.25,7258643
2021-04-07 09:52:16,355.25,7258693
2021-04-07 09:52:17,355.2,7258893
2021-04-07 09:52:18,355.2,7259341
2021-04-07 09:52:19,355.25,7260008
2021-04-07 09:52:19,355.25,7260573
2021-04-07 09:52:20,355.15,7261830
2021-04-07 09:52:21,355.2,7262374
2021-04-07 09:52:22,355.25,7263810
2021-04-07 09:52:23,355.2,7263980
2021-04-07 09:52:24,355.2,7265563
2021-04-07 09:52:25,355.25,7268767
2021-04-07 09:52:26,355.3,7275166
2021-04-07 09:52:27,355.3,7280748
2021-04-07 09:52:29,355.4,7289329
2021-04-07 09:52:30,355.45,7290616
2021-04-07 09:52:31,355.3,7290994
2021-04-07 09:52:32,355.3,7291401
2021-04-07 09:52:33,355.25,7291634
2021-04-07 09:52:33,355.25,7291634
2021-04-07 09:52:34,355.3,7293281
2021-04-07 09:52:36,355.25,7294021
2021-04-07 09:52:37,355.4,7294468
2021-04-07 09:52:37,355.4,7295273
2021-04-07 09:52:39,355.1,7320546
2021-04-07 09:52:40,355.2,7321238
2021-04-07 09:52:41,355.25,7323508
2021-04-07 09:52:42,355.3,7324784
2021-04-07 09:52:43,355.35,7326278
2021-04-07 09:52:44,355.25,7329333
2021-04-07 09:52:45,355.25,7329363
2021-04-07 09:52:46,355.25,7329840
2021-04-07 09:52:47,355.3,7330005
2021-04-07 09:52:48,355.4,7332788
2021-04-07 09:52:48,355.4,7332788
2021-04-07 09:52:49,355.4,7332792
2021-04-07 09:52:50,355.3,7332853
2021-04-07 09:52:51,355.25,7333255
2021-04-07 09:52:52,355.4,7334115
2021-04-07 09:52:53,355.2,7335351
2021-04-07 09:52:55,355.4,7335758
2021-04-07 09:52:56,355.25,7336870
2021-04-07 09:52:57,355.3,7338131
2021-04-07 09:52:58,355.3,7338778
2021-04-07 09:52:59,355.3,7339436
2021-04-07 09:52:59,355.4,7339601
2021-04-07 09:53:00,355.3,7339729
2021-04-07 09:53:02,355.35,7340292
2021-04-07 09:53:03,355.4,7340649
2021-04-07 09:53:04,355.3,7341272
2021-04-07 09:53:05,355.25,7344303
2021-04-07 09:53:06,355.35,7344878
2021-04-07 09:53:07,355.35,7344991
2021-04-07 09:53:08,355.3,7346517
2021-04-07 09:53:08,355.3,7346719
2021-04-07 09:53:10,355.3,7347005
2021-04-07 09:53:11,355.35,7347349
2021-04-07 09:53:12,355.4,7348589
2021-04-07 09:53:13,355.4,7349741
2021-04-07 09:53:14,355.6,7369718
2021-04-07 09:53:15,355.7,7374390
2021-04-07 09:53:16,355.75,7375296
2021-04-07 09:53:17,355.85,7379078
2021-04-07 09:53:17,355.9,7379559
2021-04-07 09:53:19,356.2,7497363
2021-04-07 09:53:20,356.25,7512318
2021-04-07 09:53:21,356.25,7516536
2021-04-07 09:53:22,356.15,7519644
2021-04-07 09:53:23,356.15,7522551
2021-04-07 09:53:24,355.95,7524706
2021-04-07 09:53:25,355.7,7526011
2021-04-07 09:53:26,356.0,7528590
2021-04-07 09:53:27,356.0,7529015
2021-04-07 09:53:27,356.0,7529057
2021-04-07 09:53:29,356.2,7531423
2021-04-07 09:53:30,356.1,7533467
2021-04-07 09:53:31,356.2,7534788
2021-04-07 09:53:32,356.2,7535408
2021-04-07 09:53:33,356.2,7542250
2021-04-07 09:53:34,356.2,7548174
2021-04-07 09:53:34,356.3,7548331
2021-04-07 09:53:36,356.2,7548937
2021-04-07 09:53:37,356.25,7553057
2021-04-07 09:53:38,356.3,7555849
2021-04-07 09:53:39,356.1,7557379
2021-04-07 09:53:40,356.2,7558292
2021-04-07 09:53:40,356.2,7558386
2021-04-07 09:53:42,356.25,7559442
2021-04-07 09:53:43,356.3,7560388
2021-04-07 09:53:44,356.25,7562750
2021-04-07 09:53:45,356.3,7564404
2021-04-07 09:53:46,356.3,7591078
2021-04-07 09:53:47,356.3,7593466
2021-04-07 09:53:47,356.3,7593705
2021-04-07 09:53:49,356.25,7595761
2021-04-07 09:53:50,356.2,7599154
2021-04-07 09:53:51,356.2,7601327
2021-04-07 09:53:52,356.15,7615526
2021-04-07 09:53:52,356.2,7610874
2021-04-07 09:53:54,356.3,7616716
2021-04-07 09:53:55,356.15,7616949
2021-04-07 09:53:56,356.1,7620371
2021-04-07 09:53:57,356.15,7622337
2021-04-07 09:53:58,356.15,7623051
2021-04-07 09:53:59,356.05,7624342
2021-04-07 09:54:00,356.15,7625185
2021-04-07 09:54:01,356.15,7625507
2021-04-07 09:54:01,356.15,7625396
2021-04-07 09:54:03,356.05,7626449
2021-04-07 09:54:04,356.0,7628880
2021-04-07 09:54:05,356.15,7629726
2021-04-07 09:54:06,356.15,7630028
2021-04-07 09:54:07,356.15,7631929
2021-04-07 09:54:07,356.15,7632142
2021-04-07 09:54:08,356.05,7632780
2021-04-07 09:54:10,356.05,7636477
2021-04-07 09:54:11,356.15,7638160
2021-04-07 09:54:12,356.15,7638240
2021-04-07 09:54:13,356.15,7640322
2021-04-07 09:54:14,356.15,7642245
2021-04-07 09:54:15,356.05,7648960
2021-04-07 09:54:16,356.15,7650027
2021-04-07 09:54:17,356.15,7651585
2021-04-07 09:54:18,356.15,7652361
2021-04-07 09:54:19,356.25,7685141
2021-04-07 09:54:20,356.3,7686060
2021-04-07 09:54:21,356.3,7688653
2021-04-07 09:54:21,356.25,7689062
2021-04-07 09:54:23,356.3,7689689
2021-04-07 09:54:24,356.3,7691692
2021-04-07 09:54:25,356.3,7693742
2021-04-07 09:54:26,356.2,7699002
2021-04-07 09:54:26,356.35,7700527
2021-04-07 09:54:28,356.3,7701083
2021-04-07 09:54:29,356.4,7701362
2021-04-07 09:54:30,356.35,7701751
2021-04-07 09:54:31,356.3,7703835
2021-04-07 09:54:32,356.3,7705135
2021-04-07 09:54:33,356.4,7706593
2021-04-07 09:54:33,356.4,7706369
2021-04-07 09:54:35,356.4,7707905
2021-04-07 09:54:36,356.3,7708597
2021-04-07 09:54:37,356.5,7719788
2021-04-07 09:54:38,356.5,7721044
2021-04-07 09:54:39,356.45,7722042
2021-04-07 09:54:40,356.5,7725739
2021-04-07 09:54:41,356.35,7729678
2021-04-07 09:54:42,356.45,7731035
2021-04-07 09:54:42,356.45,7731060
2021-04-07 09:54:44,356.5,7732289
2021-04-07 09:54:45,356.55,7802814
2021-04-07 09:54:46,356.6,7813410
2021-04-07 09:54:47,356.55,7816173
2021-04-07 09:54:48,356.5,7819245
2021-04-07 09:54:48,356.6,7820506
2021-04-07 09:54:50,356.55,7824661
2021-04-07 09:54:51,356.45,7830743
2021-04-07 09:54:52,356.45,7832812
2021-04-07 09:54:53,356.5,7845343
2021-04-07 09:54:54,356.4,7849333
2021-04-07 09:54:54,356.45,7853072
2021-04-07 09:54:56,356.4,7857207
2021-04-07 09:54:57,356.5,7858811
2021-04-07 09:54:58,356.3,7863082
2021-04-07 09:54:59,356.4,7863946
2021-04-07 09:55:00,356.4,7865175
2021-04-07 09:55:00,356.45,7867393
2021-04-07 09:55:02,356.55,7869797
2021-04-07 09:55:03,356.5,7871841
2021-04-07 09:55:04,356.6,7883497
2021-04-07 09:55:05,356.75,7906247
2021-04-07 09:55:06,356.6,7910823
2021-04-07 09:55:06,356.75,7911366
2021-04-07 09:55:08,356.8,7913911
2021-04-07 09:55:08,356.8,7914366
2021-04-07 09:55:09,356.7,7917131
2021-04-07 09:55:11,356.65,7931512
2021-04-07 09:55:12,356.65,7934418
2021-04-07 09:55:13,356.65,7940727
2021-04-07 09:55:14,356.55,7943623
2021-04-07 09:55:15,356.65,7945159
2021-04-07 09:55:16,356.55,7945324
2021-04-07 09:55:17,356.6,7947235
2021-04-07 09:55:18,356.4,7949880
2021-04-07 09:55:19,356.45,7953202
2021-04-07 09:55:20,356.35,7956750
2021-04-07 09:55:21,356.25,7970415
2021-04-07 09:55:22,356.25,7975144
2021-04-07 09:55:23,356.25,7975667
2021-04-07 09:55:24,356.25,7977340
2021-04-07 09:55:25,356.3,7978074
2021-04-07 09:55:26,356.3,7978576
2021-04-07 09:55:27,356.2,7979075
2021-04-07 09:55:28,356.3,7979999
2021-04-07 09:55:29,356.3,7980407
2021-04-07 09:55:30,356.3,7980831
2021-04-07 09:55:31,356.25,7981299
2021-04-07 09:55:32,356.35,7983996
2021-04-07 09:55:33,356.25,7986472
2021-04-07 09:55:34,356.45,7987164
2021-04-07 09:55:35,356.3,7988614
2021-04-07 09:55:36,356.35,7989179
2021-04-07 09:55:37,356.3,7989507
2021-04-07 09:55:38,356.3,7990756
2021-04-07 09:55:39,356.3,7993011
2021-04-07 09:55:40,356.3,7993548
2021-04-07 09:55:41,356.4,7995970
2021-04-07 09:55:42,356.35,7996830
2021-04-07 09:55:44,356.35,7997242
2021-04-07 09:55:43,356.45,7997124
2021-04-07 09:55:45,356.45,7997917
2021-04-07 09:55:46,356.4,7999316
2021-04-07 09:55:47,356.45,8000634
2021-04-07 09:55:48,356.45,8006930
2021-04-07 09:55:49,356.45,8007939
2021-04-07 09:55:50,356.5,8008987
2021-04-07 09:55:51,356.4,8009525
2021-04-07 09:55:52,356.45,8009779
2021-04-07 09:55:53,356.45,8011799
2021-04-07 09:55:54,356.5,8013042
2021-04-07 09:55:55,356.5,8015239
2021-04-07 09:55:56,356.45,8019331
2021-04-07 09:55:58,356.35,8023303
2021-04-07 09:55:57,356.35,8023303
2021-04-07 09:55:59,356.45,8024848
2021-04-07 09:56:00,356.45,8026002
2021-04-07 09:56:01,356.45,8030086
2021-04-07 09:56:02,356.45,8032037
2021-04-07 09:56:03,356.35,8032733
2021-04-07 09:56:04,356.35,8034896
2021-04-07 09:56:05,356.45,8034992
2021-04-07 09:56:06,356.4,8038048
2021-04-07 09:56:07,356.35,8039135
2021-04-07 09:56:08,356.35,8040463
2021-04-07 09:56:09,356.3,8043645
2021-04-07 09:56:10,356.3,8055833
2021-04-07 09:56:11,356.35,8058376
2021-04-07 09:56:12,356.25,8059135
2021-04-07 09:56:13,356.3,8060184
2021-04-07 09:56:14,356.35,8062988
2021-04-07 09:56:15,356.3,8063795
2021-04-07 09:56:16,356.35,8065643
2021-04-07 09:56:17,356.25,8072564
2021-04-07 09:56:18,356.35,8076433
2021-04-07 09:56:19,356.35,8076821
2021-04-07 09:56:20,356.15,8078135
2021-04-07 09:56:21,356.2,8078383
2021-04-07 09:56:22,356.3,8079279
2021-04-07 09:56:23,356.2,8081381
2021-04-07 09:56:24,356.25,8084932
2021-04-07 09:56:25,356.2,8086354
2021-04-07 09:56:26,356.35,8086706
2021-04-07 09:56:27,356.35,8086741
2021-04-07 09:56:28,356.15,8087436
2021-04-07 09:56:29,356.3,8087975
2021-04-07 09:56:30,356.2,8088596
2021-04-07 09:56:31,356.2,8089354
2021-04-07 09:56:32,356.15,8090810
2021-04-07 09:56:34,356.15,8091474
2021-04-07 09:56:33,356.2,8091159
2021-04-07 09:56:35,356.2,8091937
2021-04-07 09:56:36,356.2,8094090
2021-04-07 09:56:37,356.25,8095624
2021-04-07 09:56:38,356.3,8096535
2021-04-07 09:56:39,356.3,8097278
2021-04-07 09:56:40,356.25,8101204
2021-04-07 09:56:41,356.1,8102484
2021-04-07 09:56:43,356.2,8104971
2021-04-07 09:56:44,356.1,8109597
2021-04-07 09:56:45,356.1,8110566
2021-04-07 09:56:46,356.25,8112461
2021-04-07 09:56:47,356.0,8117227
2021-04-07 09:56:48,356.15,8120999
2021-04-07 09:56:49,356.0,8121981
2021-04-07 09:56:51,356.15,8126259
2021-04-07 09:56:50,356.0,8125870
2021-04-07 09:56:52,356.15,8127338
2021-04-07 09:56:53,356.2,8131334
2021-04-07 09:56:54,356.15,8132708
2021-04-07 09:56:55,356.2,8133571
2021-04-07 09:56:56,356.05,8134144
2021-04-07 09:56:57,356.15,8134388
2021-04-07 09:56:58,356.2,8134624
2021-04-07 09:56:59,356.1,8136971
2021-04-07 09:57:00,356.05,8137306
2021-04-07 09:57:01,356.0,8140474
2021-04-07 09:57:02,356.1,8141163
2021-04-07 09:57:03,356.0,8141572
2021-04-07 09:57:04,356.15,8142697
2021-04-07 09:57:05,356.0,8143867
2021-04-07 09:57:06,356.0,8143957
2021-04-07 09:57:07,356.05,8144353
2021-04-07 09:57:08,356.0,8144631
2021-04-07 09:57:09,356.1,8145924
2021-04-07 09:57:10,356.0,8146558
2021-04-07 09:57:11,356.15,8146904
2021-04-07 09:57:12,356.1,8147368
2021-04-07 09:57:13,356.15,8147414
2021-04-07 09:57:14,356.0,8153486
2021-04-07 09:57:15,356.1,8154364
2021-04-07 09:57:16,356.1,8154742
2021-04-07 09:57:17,356.0,8155479
2021-04-07 09:57:18,356.05,8156258
2021-04-07 09:57:19,356.0,8157035
2021-04-07 09:57:20,356.0,8160640
2021-04-07 09:57:21,356.05,8161616
2021-04-07 09:57:22,356.05,8162730
2021-04-07 09:57:24,356.1,8163170
2021-04-07 09:57:24,356.0,8163414
2021-04-07 09:57:25,356.05,8164030
2021-04-07 09:57:26,356.0,8165111
2021-04-07 09:57:27,356.0,8166141
2021-04-07 09:57:28,356.0,8166979
2021-04-07 09:57:30,356.1,8167523
2021-04-07 09:57:30,356.15,8167577
2021-04-07 09:57:31,356.15,8168108
2021-04-07 09:57:32,356.0,8173841
2021-04-07 09:57:33,356.05,8175170
2021-04-07 09:57:35,356.1,8175369
2021-04-07 09:57:35,356.05,8175351
2021-04-07 09:57:36,356.1,8175527
2021-04-07 09:57:37,356.15,8176932
2021-04-07 09:57:38,356.05,8178179
2021-04-07 09:57:39,356.05,8178305
2021-04-07 09:57:40,356.0,8182207
2021-04-07 09:57:41,356.05,8182625
2021-04-07 09:57:42,356.15,8183797
2021-04-07 09:57:43,356.15,8184733
2021-04-07 09:57:45,356.0,8185544
2021-04-07 09:57:45,356.15,8185625
2021-04-07 09:57:46,356.0,8226685
2021-04-07 09:57:47,356.05,8228575
2021-04-07 09:57:48,356.05,8229631
2021-04-07 09:57:49,356.05,8230394
2021-04-07 09:57:50,356.15,8230775
2021-04-07 09:57:51,356.1,8233074
2021-04-07 09:57:52,356.1,8233304
2021-04-07 09:57:53,355.95,8241840
2021-04-07 09:57:54,356.1,8242262
2021-04-07 09:57:55,355.95,8244782
2021-04-07 09:57:56,356.1,8245294
2021-04-07 09:57:57,356.0,8245515
2021-04-07 09:57:58,356.0,8245890
2021-04-07 09:57:59,355.95,8246573
2021-04-07 09:58:00,356.0,8247642
2021-04-07 09:58:01,356.15,8254001
2021-04-07 09:58:02,356.0,8255339
2021-04-07 09:58:03,356.0,8255632
2021-04-07 09:58:04,356.1,8257156
2021-04-07 09:58:05,356.0,8257406
2021-04-07 09:58:06,356.0,8258242
2021-04-07 09:58:07,356.0,8258892
2021-04-07 09:58:09,356.1,8259592
2021-04-07 09:58:09,356.1,8259672
2021-04-07 09:58:10,356.15,8269251
2021-04-07 09:58:11,356.15,8271906
2021-04-07 09:58:12,356.25,8277928
2021-04-07 09:58:13,356.25,8278871
2021-04-07 09:58:14,356.3,8279299
2021-04-07 09:58:16,356.25,8290922
2021-04-07 09:58:16,356.25,8292384
2021-04-07 09:58:17,356.25,8294031
2021-04-07 09:58:18,356.25,8294358
2021-04-07 09:58:19,356.25,8294518
2021-04-07 09:58:20,356.4,8296163
2021-04-07 09:58:21,356.25,8297624
2021-04-07 09:58:23,356.4,8298955
2021-04-07 09:58:24,356.3,8302321
2021-04-07 09:58:24,356.3,8302658
2021-04-07 09:58:25,356.25,8303652
2021-04-07 09:58:26,356.35,8304987
2021-04-07 09:58:27,356.3,8305325
2021-04-07 09:58:28,356.25,8305489
2021-04-07 09:58:29,356.15,8306566
2021-04-07 09:58:30,356.15,8307285
2021-04-07 09:58:31,356.35,8307717
2021-04-07 09:58:32,356.25,8308286
2021-04-07 09:58:33,356.3,8308604
2021-04-07 09:58:34,356.35,8308929
2021-04-07 09:58:35,356.2,8309640
2021-04-07 09:58:36,356.35,8311252
2021-04-07 09:58:37,356.25,8311871
2021-04-07 09:58:38,356.4,8312059
2021-04-07 09:58:39,356.2,8312413
2021-04-07 09:58:40,356.35,8312976
2021-04-07 09:58:41,356.35,8313474
2021-04-07 09:58:43,356.2,8313869
2021-04-07 09:58:43,356.2,8313869
2021-04-07 09:58:44,356.2,8314409
2021-04-07 09:58:45,356.35,8314833
2021-04-07 09:58:46,356.35,8318707
2021-04-07 09:58:47,356.2,8319066
2021-04-07 09:58:48,356.2,8319276
2021-04-07 09:58:49,356.3,8319954
2021-04-07 09:58:50,356.3,8320352
2021-04-07 09:58:51,356.3,8322167
2021-04-07 09:58:52,356.4,8325325
2021-04-07 09:58:54,356.25,8329730
2021-04-07 09:58:54,356.3,8330047
2021-04-07 09:58:55,356.35,8330955
2021-04-07 09:58:56,356.3,8331082
2021-04-07 09:58:57,356.35,8331755
2021-04-07 09:58:58,356.4,8331924
2021-04-07 09:58:59,356.15,8342088
2021-04-07 09:59:00,356.35,8343144
2021-04-07 09:59:02,356.35,8343418
2021-04-07 09:59:02,356.35,8343552
2021-04-07 09:59:04,356.35,8345542
2021-04-07 09:59:04,356.3,8345791
2021-04-07 09:59:05,356.3,8346783
2021-04-07 09:59:06,356.3,8347020
2021-04-07 09:59:07,356.3,8347413
2021-04-07 09:59:08,356.35,8347755
2021-04-07 09:59:09,356.2,8348749
2021-04-07 09:59:10,356.25,8349279
2021-04-07 09:59:11,356.25,8349448
2021-04-07 09:59:12,356.3,8350014
2021-04-07 09:59:13,356.35,8350434
2021-04-07 09:59:14,356.3,8350932
2021-04-07 09:59:15,356.3,8352412
2021-04-07 09:59:16,356.25,8352900
2021-04-07 09:59:17,356.3,8353452
2021-04-07 09:59:18,356.3,8354072
2021-04-07 09:59:19,356.35,8354322
2021-04-07 09:59:20,356.35,8354490
2021-04-07 09:59:21,356.3,8355108
2021-04-07 09:59:23,356.3,8356118
2021-04-07 09:59:23,356.3,8356594
2021-04-07 09:59:25,356.35,8357238
2021-04-07 09:59:25,356.35,8357238
2021-04-07 09:59:26,356.35,8360570
2021-04-07 09:59:27,356.35,8360785
2021-04-07 09:59:28,356.3,8363300
2021-04-07 09:59:29,356.25,8369204
2021-04-07 09:59:30,356.25,8370717
2021-04-07 09:59:31,356.1,8371048
2021-04-07 09:59:32,356.25,8371183
2021-04-07 09:59:34,356.25,8371462
2021-04-07 09:59:35,356.25,8371610
2021-04-07 09:59:35,356.25,8371596
2021-04-07 09:59:36,356.3,8372338
2021-04-07 09:59:37,356.1,8373394
2021-04-07 09:59:38,356.25,8374345
2021-04-07 09:59:39,356.25,8374740
2021-04-07 09:59:41,356.1,8375237
2021-04-07 09:59:42,356.25,8375458
2021-04-07 09:59:43,356.1,8376258
2021-04-07 09:59:44,356.25,8376833
2021-04-07 09:59:45,356.15,8377483
2021-04-07 09:59:46,356.15,8377548
2021-04-07 09:59:47,356.1,8377857
2021-04-07 09:59:48,356.1,8379289
2021-04-07 09:59:48,356.1,8379417
2021-04-07 09:59:49,356.25,8379460
2021-04-07 09:59:50,356.25,8379545
2021-04-07 09:59:51,356.1,8380363
2021-04-07 09:59:52,356.25,8380543
2021-04-07 09:59:53,356.25,8380883
2021-04-07 09:59:54,356.05,8382812
2021-04-07 09:59:56,356.05,8383836
2021-04-07 09:59:57,356.0,8385984
2021-04-07 09:59:58,356.0,8386096
2021-04-07 09:59:58,356.15,8387119
2021-04-07 09:59:59,356.0,8387379
2021-04-07 10:00:00,356.05,8387576
2021-04-07 10:00:01,356.1,8388095
2021-04-07 10:00:02,356.25,8390697
2021-04-07 10:00:03,356.25,8390992
2021-04-07 10:00:04,356.1,8391045
2021-04-07 10:00:06,356.05,8392468
2021-04-07 10:00:07,356.05,8392745
2021-04-07 10:00:08,356.15,8395261
2021-04-07 10:00:09,356.1,8396659
2021-04-07 10:00:09,356.25,8396809
2021-04-07 10:00:10,356.2,8396999
2021-04-07 10:00:11,356.2,8398482
2021-04-07 10:00:12,356.15,8398833
2021-04-07 10:00:14,356.2,8398981
2021-04-07 10:00:15,356.15,8399551
2021-04-07 10:00:16,356.25,8399693
2021-04-07 10:00:16,356.2,8399680
2021-04-07 10:00:17,356.15,8401042
2021-04-07 10:00:18,356.15,8402224
2021-04-07 10:00:19,356.2,8402840
2021-04-07 10:00:20,356.2,8403141
2021-04-07 10:00:21,356.25,8404754
2021-04-07 10:00:22,356.2,8405591
2021-04-07 10:00:24,356.2,8406527
2021-04-07 10:00:25,356.2,8407633
2021-04-07 10:00:25,356.2,8407972
2021-04-07 10:00:26,356.2,8408871
2021-04-07 10:00:27,356.2,8408952
2021-04-07 10:00:28,356.1,8410204
2021-04-07 10:00:29,356.2,8410480
2021-04-07 10:00:30,356.15,8410894
2021-04-07 10:00:31,356.15,8411418
2021-04-07 10:00:32,356.25,8414225
2021-04-07 10:00:33,356.15,8414977
2021-04-07 10:00:35,356.15,8415684
2021-04-07 10:00:36,355.95,8438202
2021-04-07 10:00:37,356.0,8441527
2021-04-07 10:00:37,356.05,8449770
2021-04-07 10:00:38,356.0,8451648
2021-04-07 10:00:39,355.95,8454395
2021-04-07 10:00:40,355.85,8455873
2021-04-07 10:00:41,355.7,8463640
2021-04-07 10:00:43,355.85,8465386
2021-04-07 10:00:44,355.4,8493830
2021-04-07 10:00:45,355.6,8495108
2021-04-07 10:00:46,355.6,8495993
2021-04-07 10:00:47,355.7,8496628
2021-04-07 10:00:48,355.7,8497503
2021-04-07 10:00:49,355.7,8499162
2021-04-07 10:00:50,355.7,8502363
2021-04-07 10:00:51,355.9,8504119
2021-04-07 10:00:52,355.85,8504724
2021-04-07 10:00:52,356.0,8504794
2021-04-07 10:00:53,355.95,8505834
2021-04-07 10:00:54,355.95,8512068
2021-04-07 10:00:55,356.0,8513925
2021-04-07 10:00:57,355.75,8518313
2021-04-07 10:00:58,355.8,8519488
2021-04-07 10:00:59,355.65,8527711
2021-04-07 10:01:00,355.8,8536638
2021-04-07 10:01:01,355.7,8539111
2021-04-07 10:01:01,355.8,8539394
2021-04-07 10:01:02,355.95,8540143
2021-04-07 10:01:04,356.0,8552726
2021-04-07 10:01:04,356.05,8553789
2021-04-07 10:01:05,356.1,8557925
2021-04-07 10:01:06,356.1,8561774
2021-04-07 10:01:07,356.1,8570404
2021-04-07 10:01:08,356.1,8571938
2021-04-07 10:01:09,356.25,8572865
2021-04-07 10:01:11,356.05,8573689
2021-04-07 10:01:12,356.2,8574267
2021-04-07 10:01:13,356.1,8575170
2021-04-07 10:01:13,356.2,8575261
2021-04-07 10:01:14,356.0,8575863
2021-04-07 10:01:15,356.0,8577152
2021-04-07 10:01:17,356.0,8580574
2021-04-07 10:01:18,356.0,8582070
2021-04-07 10:01:18,356.0,8581630
2021-04-07 10:01:19,356.0,8584190
2021-04-07 10:01:20,356.05,8585437
2021-04-07 10:01:21,355.75,8593139
2021-04-07 10:01:23,356.0,8597717
2021-04-07 10:01:24,355.85,8600232
2021-04-07 10:01:24,355.8,8599895
2021-04-07 10:01:25,355.85,8600387
2021-04-07 10:01:26,355.75,8603052
2021-04-07 10:01:27,355.9,8603840
2021-04-07 10:01:28,355.9,8605811
2021-04-07 10:01:29,355.85,8607174
2021-04-07 10:01:30,355.85,8607991
2021-04-07 10:01:31,356.0,8610533
2021-04-07 10:01:33,355.95,8613909
2021-04-07 10:01:34,356.05,8618750
2021-04-07 10:01:35,356.1,8622222
2021-04-07 10:01:36,356.15,8623415
2021-04-07 10:01:37,356.05,8630115
2021-04-07 10:01:38,356.0,8631046
2021-04-07 10:01:39,356.0,8632619
2021-04-07 10:01:39,356.15,8632959
2021-04-07 10:01:40,355.9,8633988
2021-04-07 10:01:41,356.05,8634313
2021-04-07 10:01:42,356.05,8635813
2021-04-07 10:01:43,356.1,8636578
2021-04-07 10:01:44,356.2,8640575
2021-04-07 10:01:45,356.2,8645713
2021-04-07 10:01:46,356.1,8672789
2021-04-07 10:01:48,356.1,8673703
2021-04-07 10:01:49,356.0,8675061
2021-04-07 10:01:50,356.05,8675447
2021-04-07 10:01:51,356.1,8676696
2021-04-07 10:01:51,356.0,8676815
2021-04-07 10:01:52,356.0,8677855
2021-04-07 10:01:54,356.1,8678458
2021-04-07 10:01:55,356.05,8679513
2021-04-07 10:01:56,356.05,8680713
2021-04-07 10:01:57,356.25,8702004
2021-04-07 10:01:58,356.15,8704157
2021-04-07 10:01:59,356.2,8704872
2021-04-07 10:01:59,356.2,8704872
2021-04-07 10:02:00,356.3,8707419
2021-04-07 10:02:01,356.15,8709866
2021-04-07 10:02:02,356.1,8710317
2021-04-07 10:02:03,356.2,8711534
2021-04-07 10:02:04,356.2,8711838
2021-04-07 10:02:06,356.3,8712983
2021-04-07 10:02:07,356.3,8713360
2021-04-07 10:02:08,356.15,8715470
2021-04-07 10:02:09,356.3,8719511
2021-04-07 10:02:10,356.15,8721080
2021-04-07 10:02:10,356.3,8720080
2021-04-07 10:02:11,356.35,8723913
2021-04-07 10:02:13,356.45,8742929
2021-04-07 10:02:14,356.6,8804443
2021-04-07 10:02:15,356.75,8806693
2021-04-07 10:02:16,356.75,8811482
2021-04-07 10:02:17,356.95,8852323
2021-04-07 10:02:18,356.95,8888572
2021-04-07 10:02:19,356.9,8893892
2021-04-07 10:02:20,356.95,8900137
2021-04-07 10:02:21,357.0,8903391
2021-04-07 10:02:22,357.0,8905109
2021-04-07 10:02:22,357.0,8908141
2021-04-07 10:02:23,357.0,8919687
2021-04-07 10:02:25,357.15,9019310
2021-04-07 10:02:26,357.25,9034212
2021-04-07 10:02:27,357.5,9060027
2021-04-07 10:02:28,357.5,9071871
2021-04-07 10:02:29,357.3,9078432
2021-04-07 10:02:30,357.3,9086790
2021-04-07 10:02:31,357.1,9093064
2021-04-07 10:02:32,357.25,9102032
2021-04-07 10:02:33,357.55,9113454
2021-04-07 10:02:33,357.65,9130514
2021-04-07 10:02:34,357.6,9139343
2021-04-07 10:02:35,357.5,9143327
2021-04-07 10:02:36,357.6,9149171
2021-04-07 10:02:37,357.65,9165392
2021-04-07 10:02:38,357.65,9185169
2021-04-07 10:02:39,357.7,9191987
2021-04-07 10:02:40,357.65,9204122
2021-04-07 10:02:41,357.8,9216208
2021-04-07 10:02:43,357.7,9224490
2021-04-07 10:02:44,357.7,9242261
2021-04-07 10:02:45,357.8,9252561
2021-04-07 10:02:46,357.8,9262593
2021-04-07 10:02:47,357.8,9267261
2021-04-07 10:02:48,357.9,9280142
2021-04-07 10:02:48,357.8,9285164
2021-04-07 10:02:49,357.9,9289409
2021-04-07 10:02:50,357.75,9305681
2021-04-07 10:02:51,357.7,9319449
2021-04-07 10:02:52,357.7,9334000
2021-04-07 10:02:54,357.65,9349628
2021-04-07 10:02:55,357.6,9352426
2021-04-07 10:02:56,357.6,9359171
2021-04-07 10:02:57,357.5,9366955
2021-04-07 10:02:58,357.55,9370410
2021-04-07 10:02:59,357.65,9377446
2021-04-07 10:02:59,357.55,9378012
2021-04-07 10:03:00,357.35,9395839
2021-04-07 10:03:01,357.2,9403947
2021-04-07 10:03:03,357.35,9406857
2021-04-07 10:03:04,357.3,9412767
2021-04-07 10:03:05,357.35,9415932
2021-04-07 10:03:06,357.25,9421671
2021-04-07 10:03:07,357.3,9426376
2021-04-07 10:03:07,357.3,9426356
2021-04-07 10:03:08,357.3,9430129
2021-04-07 10:03:09,357.35,9432894
2021-04-07 10:03:11,357.35,9439364
2021-04-07 10:03:12,357.3,9446036
2021-04-07 10:03:13,357.3,9447675
2021-04-07 10:03:14,357.3,9449609
2021-04-07 10:03:15,357.35,9451981
2021-04-07 10:03:16,357.3,9454997
2021-04-07 10:03:16,357.3,9455098
2021-04-07 10:03:17,357.35,9456562
2021-04-07 10:03:19,357.35,9459630
2021-04-07 10:03:20,357.25,9467168
2021-04-07 10:03:21,357.2,9495612
2021-04-07 10:03:22,357.25,9505080
2021-04-07 10:03:23,357.25,9511199
2021-04-07 10:03:24,357.05,9516992
2021-04-07 10:03:25,357.2,9529688
2021-04-07 10:03:26,357.25,9530569
2021-04-07 10:03:27,357.05,9534970
2021-04-07 10:03:27,357.1,9534975
2021-04-07 10:03:28,357.2,9536315
2021-04-07 10:03:29,357.25,9537388
2021-04-07 10:03:31,357.05,9539915
2021-04-07 10:03:32,357.2,9540804
2021-04-07 10:03:33,357.15,9545619
2021-04-07 10:03:33,357.15,9544944
2021-04-07 10:03:34,357.0,9553902
2021-04-07 10:03:35,356.85,9579359
2021-04-07 10:03:36,356.95,9579926
2021-04-07 10:03:38,356.8,9583818
2021-04-07 10:03:39,357.0,9588207
2021-04-07 10:03:40,357.05,9590260
2021-04-07 10:03:41,356.95,9592181
2021-04-07 10:03:42,357.0,9594818
2021-04-07 10:03:43,356.95,9595370
2021-04-07 10:03:44,356.9,9598046
2021-04-07 10:03:45,356.95,9599639
2021-04-07 10:03:46,356.95,9601651
2021-04-07 10:03:46,357.0,9601551
2021-04-07 10:03:48,357.0,9603195
2021-04-07 10:03:49,356.95,9610496
2021-04-07 10:03:50,356.8,9611758
2021-04-07 10:03:51,356.7,9614061
2021-04-07 10:03:52,357.0,9618318
2021-04-07 10:03:53,357.0,9619637
2021-04-07 10:03:53,356.9,9619852
2021-04-07 10:03:55,356.85,9621110
2021-04-07 10:03:56,356.95,9622381
2021-04-07 10:03:57,356.95,9624196
2021-04-07 10:03:58,356.8,9624824
2021-04-07 10:03:59,356.9,9626031
2021-04-07 10:04:00,356.85,9626513
2021-04-07 10:04:01,356.9,9627729
2021-04-07 10:04:02,356.85,9629088
2021-04-07 10:04:03,356.75,9630832
2021-04-07 10:04:04,356.25,9648871
2021-04-07 10:04:04,356.7,9635945
2021-04-07 10:04:06,356.45,9652787
2021-04-07 10:04:07,356.1,9656063
2021-04-07 10:04:08,356.05,9661763
2021-04-07 10:04:09,356.25,9663330
2021-04-07 10:04:10,356.25,9668350
2021-04-07 10:04:11,356.15,9686509
2021-04-07 10:04:11,356.15,9687134
2021-04-07 10:04:12,356.15,9689461
2021-04-07 10:04:14,356.25,9695198
2021-04-07 10:04:15,356.25,9700428
2021-04-07 10:04:16,356.25,9702049
2021-04-07 10:04:17,356.45,9705940
2021-04-07 10:04:18,356.35,9709109
2021-04-07 10:04:18,356.25,9709216
2021-04-07 10:04:20,356.4,9709310
2021-04-07 10:04:21,356.25,9710111
2021-04-07 10:04:22,356.35,9712521
2021-04-07 10:04:23,356.35,9713295
2021-04-07 10:04:24,356.25,9726074
2021-04-07 10:04:24,356.25,9726074
2021-04-07 10:04:26,356.35,9726908
2021-04-07 10:04:27,356.35,9727273
2021-04-07 10:04:28,356.3,9728147
2021-04-07 10:04:29,356.4,9729200
2021-04-07 10:04:30,356.45,9731520
2021-04-07 10:04:31,356.5,9732237
2021-04-07 10:04:32,356.45,9732922
2021-04-07 10:04:33,356.6,9738989
2021-04-07 10:04:34,356.45,9741869
2021-04-07 10:04:35,356.7,9742818
2021-04-07 10:04:36,356.7,9742825
2021-04-07 10:04:37,356.6,9743739
2021-04-07 10:04:38,356.7,9744939
2021-04-07 10:04:39,356.55,9746457
2021-04-07 10:04:39,356.6,9746535
2021-04-07 10:04:40,356.8,9747587
2021-04-07 10:04:42,356.65,9748028
2021-04-07 10:04:43,356.75,9749295
2021-04-07 10:04:44,356.7,9751515
2021-04-07 10:04:45,356.75,9752409
2021-04-07 10:04:46,356.8,9759174
2021-04-07 10:04:47,356.85,9761108
2021-04-07 10:04:48,356.85,9761339
2021-04-07 10:04:49,356.7,9762259
2021-04-07 10:04:49,356.8,9761709
2021-04-07 10:04:51,356.85,9763514
2021-04-07 10:04:52,356.85,9763529
2021-04-07 10:04:53,356.85,9764755
2021-04-07 10:04:54,356.75,9764952
2021-04-07 10:04:55,356.85,9765728
2021-04-07 10:04:56,356.85,9766549
2021-04-07 10:04:57,356.85,9766624
2021-04-07 10:04:58,356.8,9767911
2021-04-07 10:04:58,356.8,9767971
2021-04-07 10:04:59,356.75,9769186
2021-04-07 10:05:01,356.85,9769697
2021-04-07 10:05:02,356.8,9770353
2021-04-07 10:05:03,356.85,9771835
2021-04-07 10:05:04,356.75,9772918
2021-04-07 10:05:05,356.75,9773604
2021-04-07 10:05:06,356.85,9774065
