timestamp,ltp,volume
2021-06-10 09:20:13,733.35,422723
2021-06-10 09:20:14,733.5,423042
2021-06-10 09:20:15,733.7,423557
2021-06-10 09:20:17,733.55,423789
2021-06-10 09:20:18,733.9,424386
2021-06-10 09:20:19,733.85,424513
2021-06-10 09:20:20,733.7,424524
2021-06-10 09:20:21,733.7,424526
2021-06-10 09:20:22,733.2,427215
2021-06-10 09:20:23,733.25,427594
2021-06-10 09:20:23,733.25,427897
2021-06-10 09:20:25,733.25,428507
2021-06-10 09:20:26,733.15,429349
2021-06-10 09:20:28,733.65,430289
2021-06-10 09:20:29,733.7,430894
2021-06-10 09:20:30,733.75,431867
2021-06-10 09:20:30,733.7,431872
2021-06-10 09:20:32,733.75,432380
2021-06-10 09:20:33,733.65,433079
2021-06-10 09:20:34,734.0,434380
2021-06-10 09:20:35,734.05,437782
2021-06-10 09:20:36,733.95,438182
2021-06-10 09:20:37,734.0,438766
2021-06-10 09:20:38,734.35,439016
2021-06-10 09:20:39,734.1,439755
2021-06-10 09:20:40,734.4,439780
2021-06-10 09:20:41,734.4,439792
2021-06-10 09:20:43,734.05,441152
2021-06-10 09:20:44,733.95,442467
2021-06-10 09:20:46,734.0,443803
2021-06-10 09:20:47,734.0,444333
2021-06-10 09:20:48,734.0,444414
2021-06-10 09:20:49,734.0,444600
2021-06-10 09:20:50,734.1,444926
2021-06-10 09:20:51,734.1,444955
2021-06-10 09:20:52,734.1,444962
2021-06-10 09:20:52,734.0,445106
2021-06-10 09:20:54,734.1,445131
2021-06-10 09:20:55,734.0,445160
2021-06-10 09:20:56,734.1,445221
2021-06-10 09:20:57,734.2,445291
2021-06-10 09:20:58,734.05,445905
2021-06-10 09:20:59,734.2,446056
2021-06-10 09:21:00,734.1,446159
2021-06-10 09:21:01,734.1,446369
2021-06-10 09:21:02,734.1,446369
2021-06-10 09:21:03,734.2,446696
2021-06-10 09:21:04,734.2,446892
2021-06-10 09:21:05,734.1,447126
2021-06-10 09:21:06,734.4,448061
2021-06-10 09:21:07,734.35,448071
2021-06-10 09:21:08,734.35,448081
2021-06-10 09:21:09,734.35,448181
2021-06-10 09:21:10,734.35,448181
2021-06-10 09:21:11,734.35,448202
2021-06-10 09:21:12,734.5,448498
2021-06-10 09:21:13,734.25,449193
2021-06-10 09:21:14,734.45,449391
2021-06-10 09:21:15,734.4,449423
2021-06-10 09:21:16,734.45,450490
2021-06-10 09:21:17,734.4,450690
2021-06-10 09:21:18,734.45,450817
2021-06-10 09:21:19,734.45,451712
2021-06-10 09:21:20,734.5,452024
2021-06-10 09:21:21,734.5,452418
2021-06-10 09:21:22,734.4,452568
2021-06-10 09:21:23,734.4,452568
2021-06-10 09:21:24,734.5,453984
2021-06-10 09:21:25,734.55,454153
2021-06-10 09:21:26,734.55,454441
2021-06-10 09:21:27,734.7,454873
2021-06-10 09:21:28,734.85,454963
2021-06-10 09:21:29,735.0,455252
2021-06-10 09:21:30,735.0,455261
2021-06-10 09:21:31,735.0,456630
2021-06-10 09:21:32,734.95,457190
2021-06-10 09:21:33,734.95,457434
2021-06-10 09:21:34,734.95,457709
2021-06-10 09:21:35,734.95,457865
2021-06-10 09:21:36,734.95,457865
2021-06-10 09:21:37,734.95,457962
2021-06-10 09:21:38,735.0,457977
2021-06-10 09:21:39,735.0,458452
2021-06-10 09:21:40,734.9,459968
2021-06-10 09:21:41,734.9,460354
2021-06-10 09:21:42,734.9,460729
2021-06-10 09:21:43,734.95,461052
2021-06-10 09:21:44,735.0,461186
2021-06-10 09:21:45,734.95,461385
2021-06-10 09:21:46,734.95,462169
2021-06-10 09:21:47,734.75,464995
2021-06-10 09:21:48,734.65,466677
2021-06-10 09:21:49,734.6,468225
2021-06-10 09:21:50,734.5,468275
2021-06-10 09:21:51,734.45,471398
2021-06-10 09:21:52,734.75,472004
2021-06-10 09:21:53,734.75,472004
2021-06-10 09:21:54,734.75,472517
2021-06-10 09:21:55,734.7,472948
2021-06-10 09:21:56,734.55,472992
2021-06-10 09:21:57,734.75,473544
2021-06-10 09:21:58,734.0,486145
2021-06-10 09:21:59,734.0,487409
2021-06-10 09:22:00,734.0,487579
2021-06-10 09:22:02,733.7,491278
2021-06-10 09:22:03,733.8,491638
2021-06-10 09:22:04,733.8,491727
2021-06-10 09:22:05,733.8,491727
2021-06-10 09:22:06,733.8,491762
2021-06-10 09:22:07,733.8,492816
2021-06-10 09:22:08,733.9,495606
2021-06-10 09:22:09,733.9,496297
2021-06-10 09:22:10,733.9,496297
2021-06-10 09:22:11,733.95,496337
2021-06-10 09:22:12,733.8,496338
2021-06-10 09:22:13,733.8,496338
2021-06-10 09:22:14,733.8,496992
2021-06-10 09:22:15,733.95,496997
2021-06-10 09:22:16,733.8,497472
2021-06-10 09:22:17,733.95,499326
2021-06-10 09:22:18,733.7,501991
2021-06-10 09:22:19,733.9,502920
2021-06-10 09:22:20,733.95,502980
2021-06-10 09:22:21,733.7,503248
2021-06-10 09:22:22,733.95,503402
2021-06-10 09:22:24,734.0,505829
2021-06-10 09:22:25,733.9,505867
2021-06-10 09:22:26,733.9,505867
2021-06-10 09:22:27,733.7,506153
2021-06-10 09:22:28,734.0,507612
2021-06-10 09:22:29,733.8,507930
2021-06-10 09:22:30,734.0,508115
2021-06-10 09:22:33,733.85,508400
2021-06-10 09:22:34,733.8,508491
2021-06-10 09:22:35,734.0,508492
2021-06-10 09:22:36,734.0,508608
2021-06-10 09:22:37,734.0,508658
2021-06-10 09:22:38,734.0,508909
2021-06-10 09:22:39,734.0,509735
2021-06-10 09:22:40,734.0,512477
2021-06-10 09:22:41,734.0,513777
2021-06-10 09:22:42,734.0,514024
2021-06-10 09:22:43,734.0,514268
2021-06-10 09:22:44,733.95,514485
2021-06-10 09:22:45,734.0,514535
2021-06-10 09:22:46,734.0,514585
2021-06-10 09:22:47,734.0,516807
2021-06-10 09:22:48,733.95,517051
2021-06-10 09:22:49,734.0,517669
2021-06-10 09:22:50,734.0,520424
2021-06-10 09:22:51,734.0,521450
2021-06-10 09:22:52,734.15,521701
2021-06-10 09:22:53,734.0,521801
2021-06-10 09:22:54,734.0,522129
2021-06-10 09:22:55,734.0,522183
2021-06-10 09:22:56,734.15,522269
2021-06-10 09:22:57,734.15,522269
2021-06-10 09:22:58,734.15,522272
2021-06-10 09:22:59,734.15,522292
2021-06-10 09:23:00,734.15,524046
2021-06-10 09:23:01,734.35,524385
2021-06-10 09:23:02,734.15,524874
2021-06-10 09:23:03,734.15,524874
2021-06-10 09:23:07,734.35,525884
2021-06-10 09:23:08,734.35,526080
2021-06-10 09:23:10,734.75,527425
2021-06-10 09:23:11,734.7,527725
2021-06-10 09:23:12,734.45,527900
2021-06-10 09:23:13,734.6,529613
2021-06-10 09:23:14,734.35,529825
2021-06-10 09:23:15,734.25,532352
2021-06-10 09:23:16,734.45,532418
2021-06-10 09:23:17,734.35,533064
2021-06-10 09:23:18,734.35,533492
2021-06-10 09:23:19,734.25,534882
2021-06-10 09:23:20,734.25,534882
2021-06-10 09:23:21,734.5,535143
2021-06-10 09:23:22,734.55,535372
2021-06-10 09:23:23,734.45,535463
2021-06-10 09:23:24,734.6,535552
2021-06-10 09:23:25,734.6,535552
2021-06-10 09:23:26,734.6,535818
2021-06-10 09:23:27,734.75,536009
2021-06-10 09:23:28,734.75,536112
2021-06-10 09:23:29,734.45,537257
2021-06-10 09:23:31,734.45,537257
2021-06-10 09:23:31,734.45,537257
2021-06-10 09:23:32,734.75,537429
2021-06-10 09:23:33,734.75,537534
2021-06-10 09:23:34,734.7,537544
2021-06-10 09:23:35,734.75,537696
2021-06-10 09:23:36,734.75,538736
2021-06-10 09:23:37,734.75,539965
2021-06-10 09:23:38,734.5,540015
2021-06-10 09:23:40,734.75,540304
2021-06-10 09:23:41,734.75,540330
2021-06-10 09:23:41,734.75,540355
2021-06-10 09:23:42,734.75,540855
2021-06-10 09:23:43,734.75,541066
2021-06-10 09:23:44,734.75,541175
2021-06-10 09:23:45,734.7,541315
2021-06-10 09:23:46,734.75,542151
2021-06-10 09:23:47,734.75,542455
2021-06-10 09:23:48,734.4,546707
2021-06-10 09:23:49,734.45,548439
2021-06-10 09:23:50,734.45,548445
2021-06-10 09:23:51,734.65,548700
2021-06-10 09:23:52,734.7,549068
2021-06-10 09:23:53,734.65,549071
2021-06-10 09:23:54,734.7,549131
2021-06-10 09:23:55,734.75,549169
2021-06-10 09:23:57,734.75,549199
2021-06-10 09:23:58,734.75,549266
2021-06-10 09:23:59,734.75,549369
2021-06-10 09:24:00,734.65,549912
2021-06-10 09:24:01,734.75,550251
2021-06-10 09:24:02,734.65,550261
2021-06-10 09:24:03,734.75,550275
2021-06-10 09:24:04,734.65,553873
2021-06-10 09:24:05,734.75,554498
2021-06-10 09:24:06,734.75,554603
2021-06-10 09:24:07,734.75,554773
2021-06-10 09:24:08,734.65,554803
2021-06-10 09:24:09,734.75,554902
2021-06-10 09:24:10,734.95,555246
2021-06-10 09:24:11,734.75,555257
2021-06-10 09:24:12,735.2,561083
2021-06-10 09:24:13,735.15,562015
2021-06-10 09:24:14,735.3,562260
2021-06-10 09:24:15,735.3,562260
2021-06-10 09:24:16,735.0,562420
2021-06-10 09:24:17,735.0,562420
2021-06-10 09:24:18,734.85,564330
2021-06-10 09:24:19,735.0,564740
2021-06-10 09:24:21,735.3,564944
2021-06-10 09:24:22,735.3,565215
2021-06-10 09:24:23,735.3,565272
2021-06-10 09:24:23,735.3,565357
2021-06-10 09:24:24,735.1,565392
2021-06-10 09:24:25,734.85,569027
2021-06-10 09:24:26,735.0,569087
2021-06-10 09:24:27,734.9,570533
2021-06-10 09:24:28,735.0,570744
2021-06-10 09:24:29,735.25,571188
2021-06-10 09:24:30,735.0,571199
2021-06-10 09:24:31,735.15,571941
2021-06-10 09:24:32,734.9,573001
2021-06-10 09:24:33,735.25,573172
2021-06-10 09:24:34,735.4,573799
2021-06-10 09:24:35,735.4,573800
2021-06-10 09:24:36,735.2,573884
2021-06-10 09:24:38,735.25,574042
2021-06-10 09:24:39,735.4,576202
2021-06-10 09:24:40,735.25,579266
2021-06-10 09:24:41,735.1,579574
2021-06-10 09:24:42,735.35,582137
2021-06-10 09:24:43,735.2,582456
2021-06-10 09:24:46,735.2,582532
2021-06-10 09:24:48,735.4,583223
2021-06-10 09:24:49,735.55,583575
2021-06-10 09:24:50,735.3,583753
2021-06-10 09:24:51,735.6,589864
2021-06-10 09:24:51,735.6,589864
2021-06-10 09:24:52,735.6,590073
2021-06-10 09:24:53,735.8,590800
2021-06-10 09:24:54,735.55,593220
2021-06-10 09:24:55,735.7,593604
2021-06-10 09:24:56,735.45,594064
2021-06-10 09:24:57,735.5,594379
2021-06-10 09:24:58,735.5,594464
2021-06-10 09:24:59,735.7,595193
2021-06-10 09:25:00,735.7,595384
2021-06-10 09:25:01,735.7,595409
2021-06-10 09:25:02,735.7,595479
2021-06-10 09:25:03,735.8,595722
2021-06-10 09:25:04,735.8,596044
2021-06-10 09:25:05,735.5,596354
2021-06-10 09:25:06,735.8,596766
2021-06-10 09:25:07,735.7,596947
2021-06-10 09:25:08,735.75,597368
2021-06-10 09:25:13,735.65,598625
2021-06-10 09:25:14,735.9,598869
2021-06-10 09:25:14,735.9,598869
2021-06-10 09:25:15,735.75,598960
2021-06-10 09:25:16,735.85,598962
2021-06-10 09:25:17,735.8,598972
2021-06-10 09:25:18,735.7,602345
2021-06-10 09:25:20,735.8,603119
2021-06-10 09:25:21,735.5,604450
2021-06-10 09:25:22,735.55,605263
2021-06-10 09:25:24,735.45,605903
2021-06-10 09:25:25,735.5,607004
2021-06-10 09:25:26,735.6,607306
2021-06-10 09:25:28,735.6,607493
2021-06-10 09:25:29,735.6,607493
2021-06-10 09:25:30,735.2,607693
2021-06-10 09:25:31,735.5,607973
2021-06-10 09:25:32,735.5,608124
2021-06-10 09:25:33,735.25,608405
2021-06-10 09:25:34,735.4,608420
2021-06-10 09:25:36,735.15,608541
2021-06-10 09:25:36,735.45,608552
2021-06-10 09:25:37,735.4,608557
2021-06-10 09:25:38,735.15,608757
2021-06-10 09:25:39,735.4,610825
2021-06-10 09:25:41,735.5,611116
2021-06-10 09:25:42,735.2,612241
2021-06-10 09:25:44,735.55,612386
2021-06-10 09:25:46,735.6,612521
2021-06-10 09:25:47,735.4,612523
2021-06-10 09:25:48,735.4,612523
2021-06-10 09:25:49,735.4,613067
2021-06-10 09:25:50,735.35,613581
2021-06-10 09:25:51,735.35,615373
2021-06-10 09:25:52,735.05,615517
2021-06-10 09:25:53,735.35,616419
2021-06-10 09:25:54,735.2,617461
2021-06-10 09:25:55,735.05,617982
2021-06-10 09:25:56,735.0,619570
2021-06-10 09:25:57,734.95,621341
2021-06-10 09:25:58,734.55,621651
2021-06-10 09:25:59,734.45,622639
2021-06-10 09:26:00,734.65,623063
2021-06-10 09:26:01,734.1,625327
2021-06-10 09:26:02,734.35,625567
2021-06-10 09:26:03,733.5,636422
2021-06-10 09:26:04,733.6,638128
2021-06-10 09:26:05,733.7,638620
2021-06-10 09:26:06,733.65,638679
2021-06-10 09:26:10,733.4,639941
2021-06-10 09:26:11,733.4,639941
2021-06-10 09:26:13,734.2,661809
2021-06-10 09:26:14,734.4,663013
2021-06-10 09:26:15,734.55,663363
2021-06-10 09:26:16,734.3,663463
2021-06-10 09:26:17,734.3,663498
2021-06-10 09:26:18,734.45,663603
2021-06-10 09:26:19,734.3,663857
2021-06-10 09:26:20,734.45,663917
2021-06-10 09:26:21,734.45,664071
2021-06-10 09:26:22,734.45,664571
2021-06-10 09:26:23,734.3,664676
2021-06-10 09:26:24,734.15,664976
2021-06-10 09:26:25,734.35,665742
2021-06-10 09:26:26,734.15,665847
2021-06-10 09:26:27,734.15,666038
2021-06-10 09:26:28,734.15,666388
2021-06-10 09:26:29,734.2,666699
2021-06-10 09:26:30,734.15,666894
2021-06-10 09:26:31,734.2,667064
2021-06-10 09:26:32,734.2,667990
2021-06-10 09:26:34,734.1,670581
2021-06-10 09:26:35,733.85,677972
2021-06-10 09:26:36,734.0,679304
2021-06-10 09:26:37,734.0,679324
2021-06-10 09:26:38,734.0,679324
2021-06-10 09:26:38,734.0,681718
2021-06-10 09:26:39,733.85,682343
2021-06-10 09:26:40,734.0,682393
2021-06-10 09:26:41,734.0,682408
2021-06-10 09:26:42,734.0,682683
2021-06-10 09:26:43,734.05,682719
2021-06-10 09:26:44,734.05,682719
2021-06-10 09:26:45,734.4,682854
2021-06-10 09:26:46,734.1,682941
2021-06-10 09:26:47,734.1,683228
2021-06-10 09:26:48,734.0,684533
2021-06-10 09:26:49,733.85,685374
2021-06-10 09:26:51,733.95,688710
2021-06-10 09:26:53,733.85,689971
2021-06-10 09:26:54,734.05,690605
2021-06-10 09:26:55,733.85,693909
2021-06-10 09:26:56,734.05,694244
2021-06-10 09:26:57,734.05,694654
2021-06-10 09:26:59,733.85,695001
2021-06-10 09:27:00,733.85,696839
2021-06-10 09:27:01,733.85,698225
2021-06-10 09:27:02,733.7,700966
2021-06-10 09:27:03,733.4,702695
2021-06-10 09:27:03,733.4,702652
2021-06-10 09:27:04,733.5,724752
2021-06-10 09:27:05,733.35,725770
2021-06-10 09:27:06,733.9,726264
2021-06-10 09:27:07,733.6,726437
2021-06-10 09:27:08,734.05,726507
2021-06-10 09:27:09,734.2,726843
2021-06-10 09:27:10,734.15,727142
2021-06-10 09:27:11,734.5,727781
2021-06-10 09:27:12,734.3,727786
2021-06-10 09:27:13,734.5,730338
2021-06-10 09:27:15,734.55,731003
2021-06-10 09:27:16,734.0,734848
2021-06-10 09:27:17,734.25,736422
2021-06-10 09:27:18,734.05,736727
2021-06-10 09:27:19,734.5,736742
2021-06-10 09:27:20,734.5,736752
2021-06-10 09:27:21,734.2,736753
2021-06-10 09:27:22,734.5,737049
2021-06-10 09:27:23,734.25,737800
2021-06-10 09:27:24,734.25,737800
2021-06-10 09:27:26,734.45,738134
2021-06-10 09:27:27,734.45,738134
2021-06-10 09:27:28,734.4,738185
2021-06-10 09:27:29,734.3,738285
2021-06-10 09:27:30,734.15,738325
2021-06-10 09:27:32,734.1,738725
2021-06-10 09:27:33,734.1,738725
2021-06-10 09:27:34,734.25,739770
2021-06-10 09:27:35,734.6,740117
2021-06-10 09:27:36,734.15,740354
2021-06-10 09:27:37,734.5,740454
2021-06-10 09:27:38,734.55,740554
2021-06-10 09:27:39,734.4,740817
2021-06-10 09:27:40,734.6,740867
2021-06-10 09:27:40,734.6,740867
2021-06-10 09:27:41,734.4,740882
2021-06-10 09:27:42,734.5,740992
2021-06-10 09:27:43,734.5,741108
2021-06-10 09:27:44,734.5,741108
2021-06-10 09:27:45,734.55,741290
2021-06-10 09:27:46,734.5,741310
2021-06-10 09:27:47,734.45,741702
2021-06-10 09:27:48,734.6,741714
2021-06-10 09:27:49,734.65,741721
2021-06-10 09:27:51,734.7,742540
2021-06-10 09:27:53,734.45,742878
2021-06-10 09:27:53,734.6,742988
2021-06-10 09:27:54,734.6,743073
2021-06-10 09:27:55,734.5,743286
2021-06-10 09:27:56,734.45,743356
2021-06-10 09:27:57,734.4,744720
2021-06-10 09:27:58,734.35,745073
2021-06-10 09:27:59,733.95,748540
2021-06-10 09:28:00,734.05,749148
2021-06-10 09:28:01,734.05,749148
2021-06-10 09:28:02,734.35,750079
2021-06-10 09:28:03,734.35,750085
2021-06-10 09:28:04,734.25,750086
2021-06-10 09:28:05,734.35,750123
2021-06-10 09:28:06,734.35,750625
2021-06-10 09:28:08,734.45,751485
2021-06-10 09:28:09,734.45,751532
2021-06-10 09:28:10,734.45,752817
2021-06-10 09:28:11,734.7,755187
2021-06-10 09:28:12,734.7,755475
2021-06-10 09:28:14,734.35,755489
2021-06-10 09:28:15,734.35,755489
2021-06-10 09:28:16,734.5,755727
2021-06-10 09:28:17,734.35,755827
2021-06-10 09:28:18,734.6,755829
2021-06-10 09:28:19,734.6,756878
2021-06-10 09:28:20,734.6,757297
2021-06-10 09:28:20,734.6,757297
2021-06-10 09:28:21,734.6,757297
2021-06-10 09:28:22,734.3,757802
2021-06-10 09:28:23,734.65,758058
2021-06-10 09:28:24,734.6,758059
2021-06-10 09:28:25,734.5,758122
2021-06-10 09:28:26,734.45,758123
2021-06-10 09:28:27,734.45,758223
2021-06-10 09:28:28,734.35,758833
2021-06-10 09:28:30,733.9,761372
2021-06-10 09:28:31,733.85,762626
2021-06-10 09:28:32,733.95,763102
2021-06-10 09:28:33,734.05,763104
2021-06-10 09:28:34,733.95,764314
2021-06-10 09:28:35,733.7,764417
2021-06-10 09:28:36,734.05,764500
2021-06-10 09:28:37,733.75,764550
2021-06-10 09:28:37,733.75,764550
2021-06-10 09:28:38,733.85,765075
2021-06-10 09:28:40,733.6,765805
2021-06-10 09:28:41,733.7,765810
2021-06-10 09:28:42,733.55,766080
2021-06-10 09:28:43,733.8,766163
2021-06-10 09:28:43,733.8,766163
2021-06-10 09:28:44,733.8,766163
2021-06-10 09:28:46,733.75,766208
2021-06-10 09:28:47,733.75,766208
2021-06-10 09:28:48,733.6,766358
2021-06-10 09:28:50,734.05,768515
2021-06-10 09:28:51,734.25,768566
2021-06-10 09:28:52,734.25,768566
2021-06-10 09:28:53,734.05,768577
2021-06-10 09:28:54,733.9,768677
2021-06-10 09:28:56,734.2,768866
2021-06-10 09:28:57,733.9,769023
2021-06-10 09:28:58,734.25,769087
2021-06-10 09:28:59,734.3,769112
2021-06-10 09:29:00,734.0,769217
2021-06-10 09:29:01,734.3,769262
2021-06-10 09:29:02,734.35,769268
2021-06-10 09:29:03,734.0,769319
2021-06-10 09:29:03,734.3,769449
2021-06-10 09:29:04,734.3,769449
2021-06-10 09:29:05,734.25,770532
2021-06-10 09:29:06,734.0,770533
2021-06-10 09:29:07,734.0,770576
2021-06-10 09:29:09,734.25,770600
2021-06-10 09:29:10,734.25,770600
2021-06-10 09:29:12,734.0,770606
2021-06-10 09:29:14,734.25,770616
2021-06-10 09:29:16,734.3,770971
2021-06-10 09:29:17,734.3,771134
2021-06-10 09:29:18,734.4,771478
2021-06-10 09:29:19,734.25,772193
2021-06-10 09:29:20,734.5,772462
2021-06-10 09:29:21,734.3,772647
2021-06-10 09:29:22,734.3,772647
2021-06-10 09:29:23,734.3,772647
2021-06-10 09:29:23,734.3,772647
2021-06-10 09:29:24,734.35,772714
2021-06-10 09:29:25,734.7,773750
2021-06-10 09:29:26,734.8,773944
2021-06-10 09:29:27,734.55,773984
2021-06-10 09:29:28,734.8,774115
2021-06-10 09:29:29,734.9,774287
2021-06-10 09:29:30,735.0,775140
2021-06-10 09:29:31,735.0,775286
2021-06-10 09:29:33,734.7,776117
2021-06-10 09:29:34,734.6,777267
2021-06-10 09:29:35,734.75,778389
2021-06-10 09:29:36,734.8,779508
2021-06-10 09:29:37,734.7,780143
2021-06-10 09:29:38,735.0,780257
2021-06-10 09:29:39,735.0,780272
2021-06-10 09:29:40,734.95,780362
2021-06-10 09:29:41,735.0,780412
2021-06-10 09:29:41,734.95,780640
2021-06-10 09:29:42,734.95,780715
2021-06-10 09:29:43,734.95,780817
2021-06-10 09:29:45,735.0,781008
2021-06-10 09:29:46,735.0,781043
2021-06-10 09:29:47,734.8,781151
2021-06-10 09:29:48,734.8,781151
2021-06-10 09:29:49,735.0,781201
2021-06-10 09:29:50,734.75,781226
2021-06-10 09:29:51,735.0,781546
2021-06-10 09:29:52,735.0,781548
2021-06-10 09:29:53,735.0,781548
2021-06-10 09:29:54,735.0,781558
2021-06-10 09:29:55,734.8,781565
2021-06-10 09:29:56,735.0,781852
2021-06-10 09:29:57,735.0,781852
2021-06-10 09:29:58,735.0,782568
2021-06-10 09:29:59,734.75,782622
2021-06-10 09:30:00,734.75,783197
2021-06-10 09:30:01,734.75,783356
2021-06-10 09:30:01,734.75,783331
2021-06-10 09:30:03,734.8,784881
2021-06-10 09:30:04,735.0,785972
2021-06-10 09:30:05,735.3,787116
2021-06-10 09:30:06,735.2,787270
2021-06-10 09:30:06,735.2,787270
2021-06-10 09:30:09,735.35,787606
2021-06-10 09:30:10,735.35,787619
2021-06-10 09:30:11,735.5,787737
2021-06-10 09:30:12,735.5,788389
2021-06-10 09:30:13,735.7,788558
2021-06-10 09:30:14,735.35,789329
2021-06-10 09:30:15,735.65,790463
2021-06-10 09:30:16,735.8,790762
2021-06-10 09:30:17,735.5,790901
2021-06-10 09:30:18,736.6,813083
2021-06-10 09:30:19,736.05,842067
2021-06-10 09:30:21,736.45,843888
2021-06-10 09:30:22,736.35,844056
2021-06-10 09:30:23,736.35,844340
2021-06-10 09:30:24,736.0,844370
2021-06-10 09:30:25,736.15,844992
2021-06-10 09:30:26,735.9,845289
2021-06-10 09:30:27,736.0,846124
2021-06-10 09:30:28,736.5,846345
2021-06-10 09:30:29,736.8,852939
2021-06-10 09:30:30,736.5,858207
2021-06-10 09:30:31,736.85,859184
2021-06-10 09:30:32,736.55,859635
2021-06-10 09:30:34,736.55,860505
2021-06-10 09:30:35,736.65,860865
2021-06-10 09:30:36,736.0,862240
2021-06-10 09:30:39,736.45,863871
2021-06-10 09:30:40,736.4,863958
2021-06-10 09:30:42,736.7,866576
2021-06-10 09:30:43,736.75,867733
2021-06-10 09:30:44,736.6,867774
2021-06-10 09:30:45,736.45,868728
2021-06-10 09:30:46,736.4,868936
2021-06-10 09:30:47,736.45,868946
2021-06-10 09:30:48,736.45,868946
2021-06-10 09:30:49,736.6,869646
2021-06-10 09:30:50,736.4,869916
2021-06-10 09:30:51,736.7,870487
2021-06-10 09:30:52,736.75,871431
2021-06-10 09:30:53,736.7,871656
2021-06-10 09:30:54,736.6,871850
2021-06-10 09:30:55,736.7,872852
2021-06-10 09:30:58,736.4,874307
2021-06-10 09:30:59,736.35,875033
2021-06-10 09:31:00,736.05,875037
2021-06-10 09:31:01,736.5,875979
2021-06-10 09:31:01,736.5,876079
2021-06-10 09:31:02,736.5,876343
2021-06-10 09:31:04,736.5,876344
2021-06-10 09:31:05,736.1,876727
2021-06-10 09:31:06,736.45,877007
2021-06-10 09:31:07,736.45,877152
2021-06-10 09:31:08,736.5,877253
2021-06-10 09:31:09,736.6,878042
2021-06-10 09:31:10,736.6,878052
2021-06-10 09:31:11,736.5,878089
2021-06-10 09:31:12,736.5,878154
2021-06-10 09:31:14,736.5,878311
2021-06-10 09:31:16,736.7,880320
2021-06-10 09:31:17,736.8,885904
2021-06-10 09:31:20,736.75,887519
2021-06-10 09:31:22,736.75,887872
2021-06-10 09:31:23,736.9,887882
2021-06-10 09:31:24,736.95,888643
2021-06-10 09:31:25,737.0,889273
2021-06-10 09:31:26,737.0,889274
2021-06-10 09:31:27,737.0,889374
2021-06-10 09:31:28,737.1,893385
2021-06-10 09:31:29,737.3,894073
2021-06-10 09:31:30,737.1,894715
2021-06-10 09:31:31,736.9,894847
2021-06-10 09:31:32,736.85,895726
2021-06-10 09:31:33,737.1,896230
2021-06-10 09:31:34,736.9,896417
2021-06-10 09:31:35,737.0,896572
2021-06-10 09:31:36,737.0,896671
2021-06-10 09:31:37,737.1,896692
2021-06-10 09:31:38,736.9,897260
2021-06-10 09:31:39,736.95,897950
2021-06-10 09:31:40,736.95,898360
2021-06-10 09:31:41,737.1,898609
2021-06-10 09:31:42,737.0,898649
2021-06-10 09:31:43,737.0,899230
2021-06-10 09:31:44,736.9,899390
2021-06-10 09:31:45,737.0,899500
2021-06-10 09:31:46,737.0,900604
2021-06-10 09:31:47,737.0,900604
2021-06-10 09:31:48,737.1,901011
2021-06-10 09:31:49,737.15,901170
2021-06-10 09:31:50,737.0,901389
2021-06-10 09:31:53,737.0,901720
2021-06-10 09:31:55,737.1,901820
2021-06-10 09:31:56,737.0,901968
2021-06-10 09:31:57,736.95,902920
2021-06-10 09:31:58,737.1,903264
2021-06-10 09:31:59,737.0,903336
2021-06-10 09:32:00,737.0,903389
2021-06-10 09:32:01,737.1,903588
2021-06-10 09:32:02,737.1,903983
2021-06-10 09:32:03,737.25,904471
2021-06-10 09:32:04,737.2,904994
2021-06-10 09:32:05,737.25,905137
2021-06-10 09:32:06,737.25,905842
2021-06-10 09:32:07,737.2,908610
2021-06-10 09:32:08,737.2,909010
2021-06-10 09:32:09,737.1,909523
2021-06-10 09:32:10,737.25,909959
2021-06-10 09:32:11,737.2,910259
2021-06-10 09:32:12,737.3,910438
2021-06-10 09:32:13,737.25,910528
2021-06-10 09:32:14,737.1,910768
2021-06-10 09:32:15,737.25,910918
2021-06-10 09:32:16,737.25,910968
2021-06-10 09:32:17,737.1,911083
2021-06-10 09:32:18,737.25,911243
2021-06-10 09:32:19,737.2,911248
2021-06-10 09:32:20,737.2,911248
2021-06-10 09:32:21,737.25,914809
2021-06-10 09:32:22,737.05,915660
2021-06-10 09:32:24,737.3,917208
2021-06-10 09:32:23,737.05,916142
2021-06-10 09:32:25,737.45,918208
2021-06-10 09:32:26,737.45,918521
2021-06-10 09:32:27,737.35,918772
2021-06-10 09:32:28,737.75,923109
2021-06-10 09:32:29,737.8,923409
2021-06-10 09:32:30,737.95,924335
2021-06-10 09:32:31,737.7,924605
2021-06-10 09:32:32,737.75,925128
2021-06-10 09:32:33,737.8,925288
2021-06-10 09:32:34,737.8,925523
2021-06-10 09:32:35,737.85,926016
2021-06-10 09:32:36,737.75,926242
2021-06-10 09:32:37,737.75,926293
2021-06-10 09:32:38,737.75,926443
2021-06-10 09:32:39,737.75,926786
2021-06-10 09:32:40,737.95,926995
2021-06-10 09:32:41,737.95,927045
2021-06-10 09:32:42,737.95,927194
2021-06-10 09:32:43,737.95,927470
2021-06-10 09:32:44,737.85,928568
2021-06-10 09:32:45,737.75,928803
2021-06-10 09:32:46,737.95,929047
2021-06-10 09:32:47,737.75,929863
2021-06-10 09:32:48,738.0,935113
2021-06-10 09:32:49,737.95,935863
2021-06-10 09:32:50,737.95,935988
2021-06-10 09:32:51,737.7,936013
2021-06-10 09:32:52,737.7,936350
2021-06-10 09:32:54,737.9,936699
2021-06-10 09:32:53,737.9,936555
2021-06-10 09:32:55,737.6,938607
2021-06-10 09:32:56,737.8,939327
2021-06-10 09:32:57,737.8,939666
2021-06-10 09:32:59,737.6,939741
2021-06-10 09:33:00,737.6,939759
2021-06-10 09:33:01,737.75,939798
2021-06-10 09:33:02,737.7,940374
2021-06-10 09:33:03,737.7,940379
2021-06-10 09:33:04,737.7,940389
2021-06-10 09:33:05,737.8,940399
2021-06-10 09:33:06,737.95,941587
2021-06-10 09:33:07,737.95,942159
2021-06-10 09:33:08,737.95,942646
2021-06-10 09:33:09,737.7,942951
2021-06-10 09:33:10,737.7,943254
2021-06-10 09:33:11,737.75,943261
2021-06-10 09:33:12,737.85,943406
2021-06-10 09:33:13,737.8,943411
2021-06-10 09:33:14,737.8,943411
2021-06-10 09:33:15,737.8,943412
2021-06-10 09:33:16,737.8,943412
2021-06-10 09:33:17,737.9,943528
2021-06-10 09:33:18,737.9,943782
2021-06-10 09:33:19,737.9,943782
2021-06-10 09:33:20,737.8,943882
2021-06-10 09:33:21,737.8,944014
2021-06-10 09:33:22,737.9,944026
2021-06-10 09:33:23,737.8,944581
2021-06-10 09:33:24,737.8,944681
2021-06-10 09:33:25,737.8,944701
2021-06-10 09:33:26,737.9,945312
2021-06-10 09:33:27,737.9,945966
2021-06-10 09:33:29,737.8,946316
2021-06-10 09:33:28,737.8,946316
2021-06-10 09:33:30,737.85,946747
2021-06-10 09:33:31,737.85,947081
2021-06-10 09:33:32,737.8,947311
2021-06-10 09:33:33,737.45,951673
2021-06-10 09:33:34,737.8,952553
2021-06-10 09:33:35,737.8,952553
2021-06-10 09:33:36,737.85,952805
2021-06-10 09:33:37,737.8,952840
2021-06-10 09:33:38,737.8,953115
2021-06-10 09:33:39,737.8,953360
2021-06-10 09:33:40,737.5,953557
2021-06-10 09:33:41,737.25,963275
2021-06-10 09:33:42,737.0,964903
2021-06-10 09:33:43,737.1,965792
2021-06-10 09:33:44,737.1,965852
2021-06-10 09:33:45,737.0,965862
2021-06-10 09:33:46,736.95,966747
2021-06-10 09:33:47,736.85,967246
2021-06-10 09:33:48,736.6,967425
2021-06-10 09:33:49,736.9,967794
2021-06-10 09:33:50,736.9,967915
2021-06-10 09:33:51,736.85,968159
2021-06-10 09:33:52,736.85,968165
2021-06-10 09:33:53,736.7,968625
2021-06-10 09:33:54,736.6,968720
2021-06-10 09:33:55,736.85,968740
2021-06-10 09:33:56,736.95,969084
2021-06-10 09:33:58,737.0,971292
2021-06-10 09:33:59,737.05,971730
2021-06-10 09:34:00,737.0,971867
2021-06-10 09:34:02,737.1,971911
2021-06-10 09:34:03,737.4,972126
2021-06-10 09:34:04,737.5,972635
2021-06-10 09:34:06,737.4,972735
2021-06-10 09:34:06,737.5,972756
2021-06-10 09:34:07,737.4,972881
2021-06-10 09:34:08,737.5,972906
2021-06-10 09:34:09,737.5,973163
2021-06-10 09:34:10,737.5,973635
2021-06-10 09:34:11,737.5,974246
2021-06-10 09:34:12,737.75,974550
2021-06-10 09:34:14,737.5,974865
2021-06-10 09:34:15,737.85,985818
2021-06-10 09:34:16,737.9,986474
2021-06-10 09:34:17,737.95,986906
2021-06-10 09:34:18,738.0,987333
2021-06-10 09:34:18,738.0,987418
2021-06-10 09:34:19,738.0,987551
2021-06-10 09:34:20,738.0,988807
2021-06-10 09:34:21,738.0,988807
2021-06-10 09:34:22,738.0,989146
2021-06-10 09:34:23,737.75,989299
2021-06-10 09:34:24,737.75,989397
2021-06-10 09:34:25,738.0,995397
2021-06-10 09:34:26,737.95,996099
2021-06-10 09:34:27,737.8,996546
2021-06-10 09:34:28,737.7,997233
2021-06-10 09:34:29,737.95,997283
2021-06-10 09:34:30,737.75,997696
2021-06-10 09:34:31,737.65,1001502
2021-06-10 09:34:32,737.65,1003042
2021-06-10 09:34:33,737.5,1003353
2021-06-10 09:34:34,737.7,1004038
2021-06-10 09:34:35,737.7,1004212
2021-06-10 09:34:36,737.4,1005412
2021-06-10 09:34:37,737.5,1005987
2021-06-10 09:34:38,737.5,1006032
2021-06-10 09:34:39,737.0,1009109
2021-06-10 09:34:40,737.5,1009541
2021-06-10 09:34:41,737.2,1010626
2021-06-10 09:34:42,737.5,1010775
2021-06-10 09:34:43,737.5,1010781
2021-06-10 09:34:44,737.2,1010790
2021-06-10 09:34:45,737.5,1011790
2021-06-10 09:34:46,737.35,1011800
2021-06-10 09:34:47,737.55,1012234
2021-06-10 09:34:48,737.2,1012235
2021-06-10 09:34:50,737.2,1012242
2021-06-10 09:34:50,737.2,1012242
2021-06-10 09:34:51,737.5,1012244
2021-06-10 09:34:52,737.2,1012286
2021-06-10 09:34:53,737.2,1012410
2021-06-10 09:34:54,737.2,1012410
2021-06-10 09:34:55,737.4,1012781
2021-06-10 09:34:56,737.4,1012808
2021-06-10 09:34:58,737.4,1012808
2021-06-10 09:34:59,737.3,1012878
2021-06-10 09:35:00,737.25,1015078
2021-06-10 09:35:01,737.3,1015955
2021-06-10 09:35:02,737.3,1016387
2021-06-10 09:35:03,737.25,1016419
2021-06-10 09:35:04,737.0,1017501
2021-06-10 09:35:05,737.0,1018801
2021-06-10 09:35:07,737.15,1019394
2021-06-10 09:35:07,737.0,1019401
2021-06-10 09:35:08,737.0,1021646
2021-06-10 09:35:09,737.0,1021646
2021-06-10 09:35:10,736.9,1021967
2021-06-10 09:35:11,737.15,1022481
2021-06-10 09:35:13,737.2,1022768
2021-06-10 09:35:14,736.8,1023648
2021-06-10 09:35:15,737.2,1024292
2021-06-10 09:35:16,737.1,1024550
2021-06-10 09:35:18,737.15,1024552
2021-06-10 09:35:18,737.15,1024555
2021-06-10 09:35:19,737.15,1024765
2021-06-10 09:35:20,737.0,1025187
2021-06-10 09:35:21,737.05,1025590
2021-06-10 09:35:22,737.1,1025790
2021-06-10 09:35:25,737.05,1025874
2021-06-10 09:35:25,736.75,1026074
2021-06-10 09:35:26,736.75,1026074
2021-06-10 09:35:27,736.95,1026084
2021-06-10 09:35:28,736.95,1026537
2021-06-10 09:35:29,736.95,1026537
2021-06-10 09:35:30,737.0,1026637
2021-06-10 09:35:32,737.0,1026775
2021-06-10 09:35:33,737.0,1026775
2021-06-10 09:35:34,736.8,1026828
2021-06-10 09:35:34,736.8,1026828
2021-06-10 09:35:35,736.8,1027033
2021-06-10 09:35:36,736.8,1027033
2021-06-10 09:35:37,737.1,1028119
2021-06-10 09:35:38,737.1,1028364
2021-06-10 09:35:39,737.0,1028389
2021-06-10 09:35:40,737.1,1028480
2021-06-10 09:35:41,737.0,1028745
2021-06-10 09:35:42,736.95,1030000
2021-06-10 09:35:43,736.95,1030020
2021-06-10 09:35:44,737.0,1030266
2021-06-10 09:35:46,737.0,1030516
2021-06-10 09:35:47,736.95,1030526
2021-06-10 09:35:48,736.95,1030526
2021-06-10 09:35:49,736.95,1030547
2021-06-10 09:35:50,737.0,1031052
2021-06-10 09:35:51,736.95,1031072
2021-06-10 09:35:52,736.95,1034171
2021-06-10 09:35:54,736.95,1034171
2021-06-10 09:35:54,737.0,1034211
2021-06-10 09:35:55,737.15,1034917
2021-06-10 09:35:56,737.15,1034917
2021-06-10 09:35:57,737.15,1035717
2021-06-10 09:35:59,737.05,1035727
2021-06-10 09:36:00,737.05,1035874
2021-06-10 09:36:01,737.05,1035874
2021-06-10 09:36:02,737.05,1036632
2021-06-10 09:36:03,737.3,1037761
2021-06-10 09:36:04,737.3,1037761
2021-06-10 09:36:05,737.25,1038082
2021-06-10 09:36:05,737.4,1038187
2021-06-10 09:36:06,737.4,1038239
2021-06-10 09:36:07,737.45,1038306
2021-06-10 09:36:08,737.45,1038332
2021-06-10 09:36:10,737.45,1038332
2021-06-10 09:36:11,737.5,1038382
2021-06-10 09:36:11,737.5,1038362
2021-06-10 09:36:12,737.5,1038382
2021-06-10 09:36:13,737.5,1038482
2021-06-10 09:36:15,737.5,1038613
2021-06-10 09:36:16,737.3,1038891
2021-06-10 09:36:17,737.6,1039273
2021-06-10 09:36:18,737.5,1039276
2021-06-10 09:36:19,737.5,1039276
2021-06-10 09:36:20,737.45,1039499
2021-06-10 09:36:21,737.5,1043461
2021-06-10 09:36:22,737.5,1044037
2021-06-10 09:36:23,737.5,1045347
2021-06-10 09:36:24,737.45,1045476
2021-06-10 09:36:26,737.45,1045620
2021-06-10 09:36:27,737.3,1045635
2021-06-10 09:36:27,737.3,1045700
2021-06-10 09:36:28,737.3,1045852
2021-06-10 09:36:30,737.45,1045892
2021-06-10 09:36:31,737.35,1046492
2021-06-10 09:36:33,737.3,1046728
2021-06-10 09:36:34,737.45,1046903
2021-06-10 09:36:35,737.45,1046903
2021-06-10 09:36:36,737.45,1046903
2021-06-10 09:36:37,737.45,1046925
2021-06-10 09:36:38,737.3,1047325
2021-06-10 09:36:39,737.45,1047470
2021-06-10 09:36:40,737.25,1048820
2021-06-10 09:36:41,737.4,1049078
2021-06-10 09:36:43,737.25,1049785
2021-06-10 09:36:44,737.25,1050469
2021-06-10 09:36:45,737.25,1050517
2021-06-10 09:36:45,737.25,1050517
2021-06-10 09:36:46,737.2,1050942
2021-06-10 09:36:47,737.2,1050963
2021-06-10 09:36:49,737.35,1050964
2021-06-10 09:36:51,737.35,1050990
2021-06-10 09:36:52,737.2,1051152
2021-06-10 09:36:53,737.2,1051222
2021-06-10 09:36:53,737.2,1051222
2021-06-10 09:36:54,737.2,1051242
2021-06-10 09:36:55,737.2,1051292
2021-06-10 09:36:56,737.2,1051292
2021-06-10 09:36:57,737.05,1053895
2021-06-10 09:36:58,737.0,1055046
2021-06-10 09:36:59,737.0,1055360
2021-06-10 09:37:01,736.9,1055580
2021-06-10 09:37:02,736.9,1055580
2021-06-10 09:37:05,736.95,1056027
2021-06-10 09:37:06,736.95,1056900
2021-06-10 09:37:06,736.9,1056930
2021-06-10 09:37:07,737.0,1059126
2021-06-10 09:37:08,737.0,1059584
2021-06-10 09:37:09,736.9,1063338
2021-06-10 09:37:11,736.8,1065403
2021-06-10 09:37:12,736.8,1066201
2021-06-10 09:37:13,736.9,1066231
2021-06-10 09:37:13,736.9,1066231
2021-06-10 09:37:14,736.9,1066236
2021-06-10 09:37:15,736.9,1066256
2021-06-10 09:37:16,736.9,1066332
2021-06-10 09:37:18,736.9,1066628
2021-06-10 09:37:19,736.9,1067344
2021-06-10 09:37:19,736.9,1067394
2021-06-10 09:37:20,737.0,1067924
2021-06-10 09:37:21,736.6,1068940
2021-06-10 09:37:23,736.9,1069228
2021-06-10 09:37:24,736.65,1069231
2021-06-10 09:37:24,736.65,1069231
2021-06-10 09:37:25,736.6,1069745
2021-06-10 09:37:26,736.6,1069920
2021-06-10 09:37:27,736.6,1075252
2021-06-10 09:37:28,736.6,1076884
2021-06-10 09:37:30,736.6,1080521
2021-06-10 09:37:32,736.6,1081569
2021-06-10 09:37:33,736.5,1081629
2021-06-10 09:37:34,736.5,1082139
2021-06-10 09:37:36,736.6,1082153
2021-06-10 09:37:37,736.6,1082403
2021-06-10 09:37:38,736.6,1082545
2021-06-10 09:37:38,736.6,1082545
2021-06-10 09:37:39,736.6,1082545
2021-06-10 09:37:40,736.6,1082596
2021-06-10 09:37:41,736.6,1082597
2021-06-10 09:37:43,736.6,1082604
2021-06-10 09:37:44,736.6,1082604
2021-06-10 09:37:44,736.6,1082604
2021-06-10 09:37:45,736.5,1083617
2021-06-10 09:37:46,736.6,1083761
2021-06-10 09:37:47,736.6,1083803
2021-06-10 09:37:48,736.6,1083813
2021-06-10 09:37:50,736.5,1083820
2021-06-10 09:37:50,736.5,1083820
2021-06-10 09:37:51,736.5,1083870
2021-06-10 09:37:52,736.6,1084075
2021-06-10 09:37:54,736.6,1084075
2021-06-10 09:37:55,736.6,1084215
2021-06-10 09:37:56,736.6,1084400
2021-06-10 09:37:57,736.6,1084619
2021-06-10 09:37:57,736.6,1084619
2021-06-10 09:37:58,736.6,1084629
2021-06-10 09:38:00,736.45,1084702
2021-06-10 09:38:00,736.6,1084727
2021-06-10 09:38:02,736.6,1084792
2021-06-10 09:38:03,736.5,1084909
2021-06-10 09:38:04,736.45,1085579
2021-06-10 09:38:05,736.5,1085580
2021-06-10 09:38:07,736.5,1086388
2021-06-10 09:38:07,736.5,1085590
2021-06-10 09:38:09,736.45,1086463
2021-06-10 09:38:09,736.5,1086468
2021-06-10 09:38:11,736.45,1087577
2021-06-10 09:38:12,736.6,1088515
2021-06-10 09:38:15,736.6,1088683
2021-06-10 09:38:15,736.5,1088688
2021-06-10 09:38:16,736.5,1088688
2021-06-10 09:38:17,736.5,1088688
2021-06-10 09:38:19,736.5,1088688
2021-06-10 09:38:20,736.6,1089203
2021-06-10 09:38:21,736.6,1089453
2021-06-10 09:38:21,736.6,1089453
2021-06-10 09:38:22,736.5,1089853
2021-06-10 09:38:23,736.5,1089868
2021-06-10 09:38:24,736.5,1089868
2021-06-10 09:38:25,736.6,1091335
2021-06-10 09:38:26,736.75,1091778
2021-06-10 09:38:27,736.65,1092223
2021-06-10 09:38:28,736.75,1092224
2021-06-10 09:38:29,736.75,1092224
2021-06-10 09:38:30,736.85,1092236
2021-06-10 09:38:31,736.65,1092241
2021-06-10 09:38:32,736.65,1092241
2021-06-10 09:38:33,736.85,1092341
2021-06-10 09:38:35,736.65,1092677
2021-06-10 09:38:35,736.65,1092677
2021-06-10 09:38:36,736.65,1092677
2021-06-10 09:38:37,737.0,1093977
2021-06-10 09:38:39,736.8,1094819
2021-06-10 09:38:40,736.8,1094969
2021-06-10 09:38:41,737.0,1098247
2021-06-10 09:38:42,737.0,1098550
2021-06-10 09:38:43,737.1,1098659
2021-06-10 09:38:44,737.2,1099320
2021-06-10 09:38:45,737.4,1099464
2021-06-10 09:38:46,737.4,1099474
2021-06-10 09:38:47,737.4,1099474
2021-06-10 09:38:48,737.5,1099840
2021-06-10 09:38:49,737.3,1100845
2021-06-10 09:38:50,737.3,1103090
2021-06-10 09:38:51,737.35,1103103
2021-06-10 09:38:52,737.35,1103859
2021-06-10 09:38:53,737.35,1103859
2021-06-10 09:38:54,737.3,1104118
2021-06-10 09:38:55,737.3,1104118
2021-06-10 09:38:56,737.35,1104313
2021-06-10 09:38:57,737.5,1106313
2021-06-10 09:38:58,737.3,1106948
2021-06-10 09:38:59,737.5,1107394
2021-06-10 09:39:00,737.3,1107398
2021-06-10 09:39:01,737.3,1107398
2021-06-10 09:39:02,737.5,1107698
2021-06-10 09:39:03,737.5,1108318
2021-06-10 09:39:03,737.5,1108318
2021-06-10 09:39:04,737.45,1108469
2021-06-10 09:39:05,737.45,1108499
2021-06-10 09:39:07,737.5,1108520
2021-06-10 09:39:08,737.5,1108771
2021-06-10 09:39:09,737.5,1108771
2021-06-10 09:39:10,737.5,1108971
2021-06-10 09:39:11,737.5,1109191
2021-06-10 09:39:12,737.35,1109691
2021-06-10 09:39:13,737.45,1109829
2021-06-10 09:39:14,737.45,1109829
2021-06-10 09:39:15,737.5,1110344
2021-06-10 09:39:16,737.5,1110354
2021-06-10 09:39:17,737.5,1110360
2021-06-10 09:39:17,737.5,1110360
2021-06-10 09:39:18,737.5,1116543
2021-06-10 09:39:19,737.45,1116548
2021-06-10 09:39:20,737.5,1117224
2021-06-10 09:39:21,737.45,1117375
2021-06-10 09:39:22,737.45,1117962
2021-06-10 09:39:23,737.5,1117985
2021-06-10 09:39:24,737.45,1118415
2021-06-10 09:39:25,737.5,1118462
2021-06-10 09:39:26,737.5,1118704
2021-06-10 09:39:27,737.45,1118705
2021-06-10 09:39:28,737.45,1118955
2021-06-10 09:39:29,737.5,1119367
2021-06-10 09:39:30,737.5,1119387
2021-06-10 09:39:31,737.5,1119487
2021-06-10 09:39:32,737.5,1119518
2021-06-10 09:39:33,737.5,1119623
2021-06-10 09:39:34,737.45,1120168
2021-06-10 09:39:35,737.45,1121050
2021-06-10 09:39:36,737.35,1121405
2021-06-10 09:39:37,737.45,1122032
2021-06-10 09:39:38,737.45,1122032
2021-06-10 09:39:40,737.5,1122141
2021-06-10 09:39:41,737.5,1122142
2021-06-10 09:39:41,737.5,1122142
2021-06-10 09:39:42,737.25,1122707
2021-06-10 09:39:43,737.45,1122807
2021-06-10 09:39:45,737.45,1122850
2021-06-10 09:39:46,737.45,1122850
2021-06-10 09:39:47,737.45,1123211
2021-06-10 09:39:48,737.45,1123211
2021-06-10 09:39:49,737.5,1123286
2021-06-10 09:39:49,737.25,1123288
2021-06-10 09:39:50,737.45,1123533
2021-06-10 09:39:51,737.45,1123552
2021-06-10 09:39:52,737.45,1123552
2021-06-10 09:39:53,737.15,1123717
2021-06-10 09:39:54,737.4,1123727
2021-06-10 09:39:55,737.45,1123792
2021-06-10 09:39:56,737.15,1123962
2021-06-10 09:39:57,737.45,1124085
2021-06-10 09:39:58,737.45,1124113
2021-06-10 09:39:59,737.25,1124114
2021-06-10 09:40:01,737.25,1124192
2021-06-10 09:40:02,737.25,1124201
2021-06-10 09:40:03,737.4,1124305
2021-06-10 09:40:04,737.4,1124305
2021-06-10 09:40:05,737.2,1124805
2021-06-10 09:40:06,737.45,1125255
2021-06-10 09:40:07,737.45,1125255
2021-06-10 09:40:09,737.25,1125558
2021-06-10 09:40:10,737.05,1128678
2021-06-10 09:40:11,737.0,1129478
2021-06-10 09:40:13,736.95,1129676
2021-06-10 09:40:14,737.0,1129816
2021-06-10 09:40:14,737.0,1129816
2021-06-10 09:40:16,736.75,1130168
2021-06-10 09:40:17,737.0,1130223
2021-06-10 09:40:17,737.0,1130223
2021-06-10 09:40:18,736.7,1130258
2021-06-10 09:40:20,736.7,1130278
2021-06-10 09:40:21,737.2,1130280
2021-06-10 09:40:22,737.25,1130290
2021-06-10 09:40:23,737.25,1130290
2021-06-10 09:40:24,737.25,1130290
2021-06-10 09:40:25,737.25,1130290
2021-06-10 09:40:25,737.25,1130290
2021-06-10 09:40:26,737.15,1130303
2021-06-10 09:40:27,736.9,1130415
2021-06-10 09:40:28,736.9,1131220
2021-06-10 09:40:30,737.0,1131232
2021-06-10 09:40:30,737.0,1131232
2021-06-10 09:40:32,736.95,1131970
2021-06-10 09:40:33,737.25,1132038
2021-06-10 09:40:34,737.25,1132068
2021-06-10 09:40:35,737.25,1132782
2021-06-10 09:40:35,737.25,1132782
2021-06-10 09:40:36,737.2,1132792
2021-06-10 09:40:37,736.95,1132793
2021-06-10 09:40:39,737.2,1132863
2021-06-10 09:40:40,737.2,1132863
2021-06-10 09:40:41,737.2,1132866
2021-06-10 09:40:42,737.25,1132966
2021-06-10 09:40:43,737.25,1132966
2021-06-10 09:40:44,737.0,1133301
2021-06-10 09:40:44,737.0,1133301
2021-06-10 09:40:45,736.95,1133311
2021-06-10 09:40:46,736.95,1133498
2021-06-10 09:40:48,737.1,1133703
2021-06-10 09:40:49,736.95,1135209
2021-06-10 09:40:50,736.95,1135209
2021-06-10 09:40:51,736.9,1135217
2021-06-10 09:40:52,737.15,1135262
2021-06-10 09:40:52,737.15,1135262
2021-06-10 09:40:53,736.95,1135263
2021-06-10 09:40:54,737.1,1135425
2021-06-10 09:40:55,736.9,1135455
2021-06-10 09:40:56,736.8,1138657
2021-06-10 09:40:58,736.8,1138727
2021-06-10 09:40:59,736.5,1139927
2021-06-10 09:41:01,736.75,1140030
2021-06-10 09:41:02,736.75,1140038
2021-06-10 09:41:03,736.75,1140038
2021-06-10 09:41:04,736.75,1140042
2021-06-10 09:41:05,736.75,1140148
2021-06-10 09:41:06,736.65,1140245
2021-06-10 09:41:07,736.6,1140251
2021-06-10 09:41:07,736.6,1140251
2021-06-10 09:41:08,736.75,1140567
2021-06-10 09:41:09,736.6,1140568
2021-06-10 09:41:10,736.5,1140672
2021-06-10 09:41:11,736.75,1140887
2021-06-10 09:41:13,736.5,1141204
2021-06-10 09:41:14,736.6,1141205
2021-06-10 09:41:15,736.75,1141230
2021-06-10 09:41:16,736.8,1141649
2021-06-10 09:41:17,736.5,1141699
2021-06-10 09:41:18,736.75,1141749
2021-06-10 09:41:19,736.5,1141760
2021-06-10 09:41:20,736.75,1141863
2021-06-10 09:41:21,736.75,1141863
2021-06-10 09:41:22,736.85,1141872
2021-06-10 09:41:22,736.85,1141878
2021-06-10 09:41:23,736.85,1141878
2021-06-10 09:41:24,736.85,1141878
2021-06-10 09:41:26,736.75,1141884
2021-06-10 09:41:27,736.75,1142224
2021-06-10 09:41:28,736.75,1142284
2021-06-10 09:41:28,736.75,1143529
2021-06-10 09:41:29,736.75,1143567
2021-06-10 09:41:30,736.8,1143667
2021-06-10 09:41:31,736.8,1143667
2021-06-10 09:41:33,736.8,1144367
2021-06-10 09:41:34,736.75,1145467
2021-06-10 09:41:35,736.75,1145467
2021-06-10 09:41:36,736.8,1145567
2021-06-10 09:41:37,736.8,1145567
2021-06-10 09:41:38,736.5,1147568
2021-06-10 09:41:39,736.6,1147578
2021-06-10 09:41:40,736.6,1148178
2021-06-10 09:41:41,736.6,1148178
2021-06-10 09:41:42,736.6,1148178
2021-06-10 09:41:43,736.35,1150378
2021-06-10 09:41:44,736.35,1150378
2021-06-10 09:41:45,736.35,1150378
2021-06-10 09:41:46,736.3,1150507
2021-06-10 09:41:47,736.3,1150507
2021-06-10 09:41:48,736.35,1150927
2021-06-10 09:41:49,736.35,1150927
2021-06-10 09:41:50,736.35,1151182
2021-06-10 09:41:51,736.3,1151641
2021-06-10 09:41:52,736.3,1151746
2021-06-10 09:41:53,736.35,1151780
2021-06-10 09:41:54,736.35,1151904
2021-06-10 09:41:55,736.0,1154354
2021-06-10 09:41:55,736.05,1154355
2021-06-10 09:41:56,736.0,1154622
2021-06-10 09:41:58,736.0,1154622
2021-06-10 09:41:59,736.05,1154820
2021-06-10 09:42:00,736.15,1156212
2021-06-10 09:42:01,736.1,1156217
2021-06-10 09:42:02,736.1,1156227
2021-06-10 09:42:03,736.45,1156727
2021-06-10 09:42:04,736.45,1156727
2021-06-10 09:42:05,736.15,1156878
2021-06-10 09:42:06,736.1,1157378
2021-06-10 09:42:06,736.1,1157378
2021-06-10 09:42:07,736.4,1157515
2021-06-10 09:42:08,736.4,1157670
2021-06-10 09:42:10,736.35,1157970
2021-06-10 09:42:11,736.35,1157977
2021-06-10 09:42:12,736.45,1160007
2021-06-10 09:42:13,736.25,1160052
2021-06-10 09:42:14,736.35,1160362
2021-06-10 09:42:15,736.35,1160372
2021-06-10 09:42:16,736.35,1160377
2021-06-10 09:42:17,736.35,1160377
2021-06-10 09:42:18,736.2,1160449
2021-06-10 09:42:18,736.2,1160449
2021-06-10 09:42:19,736.35,1161030
2021-06-10 09:42:20,736.2,1161130
2021-06-10 09:42:21,736.2,1161130
2021-06-10 09:42:23,736.2,1161230
2021-06-10 09:42:24,736.2,1161230
2021-06-10 09:42:25,736.2,1161280
2021-06-10 09:42:26,736.35,1161398
2021-06-10 09:42:27,736.2,1161636
2021-06-10 09:42:28,736.2,1161636
2021-06-10 09:42:29,736.25,1161862
2021-06-10 09:42:31,736.25,1161977
2021-06-10 09:42:32,736.25,1161977
2021-06-10 09:42:33,736.25,1163100
2021-06-10 09:42:34,736.25,1163400
2021-06-10 09:42:36,736.25,1163621
2021-06-10 09:42:35,736.25,1163621
2021-06-10 09:42:37,736.25,1164021
2021-06-10 09:42:38,736.15,1164246
2021-06-10 09:42:39,736.15,1164467
2021-06-10 09:42:40,736.15,1164467
2021-06-10 09:42:41,736.45,1165142
2021-06-10 09:42:42,736.5,1165148
2021-06-10 09:42:43,736.5,1165148
2021-06-10 09:42:44,736.3,1165178
2021-06-10 09:42:45,736.3,1165178
2021-06-10 09:42:46,736.5,1165253
2021-06-10 09:42:47,736.5,1165253
2021-06-10 09:42:48,736.5,1165263
2021-06-10 09:42:49,736.5,1165275
2021-06-10 09:42:50,736.65,1165475
2021-06-10 09:42:51,736.65,1165475
2021-06-10 09:42:52,736.65,1165475
2021-06-10 09:42:53,736.35,1165530
2021-06-10 09:42:54,736.35,1165530
2021-06-10 09:42:55,736.5,1165584
2021-06-10 09:42:56,736.7,1167109
2021-06-10 09:42:57,736.7,1167237
2021-06-10 09:42:58,736.5,1167238
2021-06-10 09:42:59,736.5,1167238
2021-06-10 09:43:00,736.35,1167349
2021-06-10 09:43:01,736.35,1167349
2021-06-10 09:43:02,736.55,1168109
2021-06-10 09:43:03,736.55,1168109
2021-06-10 09:43:04,736.55,1168109
2021-06-10 09:43:05,736.6,1168144
2021-06-10 09:43:06,736.6,1168144
2021-06-10 09:43:07,736.35,1168145
2021-06-10 09:43:08,736.35,1168597
2021-06-10 09:43:09,736.6,1168648
2021-06-10 09:43:10,736.35,1170022
2021-06-10 09:43:11,736.45,1170073
2021-06-10 09:43:12,736.45,1170073
2021-06-10 09:43:14,736.35,1170223
2021-06-10 09:43:15,736.35,1170223
2021-06-10 09:43:16,736.45,1170323
2021-06-10 09:43:17,736.45,1170823
2021-06-10 09:43:19,736.4,1170828
2021-06-10 09:43:20,736.15,1174944
2021-06-10 09:43:21,736.15,1175923
2021-06-10 09:43:22,736.15,1175923
2021-06-10 09:43:23,736.15,1175966
2021-06-10 09:43:24,736.15,1175966
2021-06-10 09:43:25,736.15,1175966
2021-06-10 09:43:26,736.05,1176591
2021-06-10 09:43:27,736.15,1177385
2021-06-10 09:43:28,736.0,1177415
2021-06-10 09:43:29,736.0,1178616
2021-06-10 09:43:31,736.0,1178974
2021-06-10 09:43:32,736.0,1179049
2021-06-10 09:43:34,736.0,1179099
2021-06-10 09:43:33,736.0,1179099
2021-06-10 09:43:36,736.15,1179205
2021-06-10 09:43:37,736.0,1179230
2021-06-10 09:43:38,736.0,1179232
2021-06-10 09:43:39,736.1,1179242
2021-06-10 09:43:40,735.5,1195388
2021-06-10 09:43:41,735.7,1195711
2021-06-10 09:43:43,735.75,1198220
2021-06-10 09:43:45,735.75,1198230
2021-06-10 09:43:46,735.5,1198240
2021-06-10 09:43:47,735.7,1198340
2021-06-10 09:43:48,735.75,1198394
2021-06-10 09:43:49,735.7,1198428
2021-06-10 09:43:50,735.5,1198438
2021-06-10 09:43:51,735.5,1198448
2021-06-10 09:43:52,735.6,1198449
2021-06-10 09:43:53,735.5,1198499
2021-06-10 09:43:54,735.5,1199529
2021-06-10 09:43:55,735.5,1199631
2021-06-10 09:43:56,735.5,1199631
2021-06-10 09:43:57,735.5,1199631
2021-06-10 09:43:58,735.5,1199631
2021-06-10 09:44:00,735.5,1199777
2021-06-10 09:44:01,735.5,1199777
2021-06-10 09:44:02,735.6,1199858
2021-06-10 09:44:03,735.6,1199858
2021-06-10 09:44:04,735.5,1199968
2021-06-10 09:44:05,735.45,1199998
2021-06-10 09:44:06,735.65,1200498
2021-06-10 09:44:10,735.65,1200788
2021-06-10 09:44:12,735.65,1201139
2021-06-10 09:44:11,735.55,1200989
2021-06-10 09:44:13,735.5,1201159
2021-06-10 09:44:14,735.5,1201159
2021-06-10 09:44:16,735.7,1201204
2021-06-10 09:44:15,735.7,1201204
2021-06-10 09:44:18,735.65,1201249
2021-06-10 09:44:19,735.65,1201259
2021-06-10 09:44:20,735.7,1201304
2021-06-10 09:44:21,735.7,1201374
2021-06-10 09:44:22,735.9,1201384
2021-06-10 09:44:23,735.8,1202498
2021-06-10 09:44:24,735.65,1204642
2021-06-10 09:44:25,735.65,1204642
2021-06-10 09:44:26,735.9,1205152
2021-06-10 09:44:28,735.55,1205864
2021-06-10 09:44:29,735.55,1205895
2021-06-10 09:44:30,735.65,1205917
2021-06-10 09:44:31,735.65,1205917
2021-06-10 09:44:32,735.65,1205917
2021-06-10 09:44:33,735.65,1205917
2021-06-10 09:44:34,735.65,1205917
2021-06-10 09:44:35,735.6,1205938
2021-06-10 09:44:36,735.55,1206111
2021-06-10 09:44:37,735.65,1206116
2021-06-10 09:44:38,735.65,1206119
2021-06-10 09:44:39,735.65,1206119
2021-06-10 09:44:40,735.55,1206133
2021-06-10 09:44:41,735.65,1206243
2021-06-10 09:44:42,735.65,1206243
2021-06-10 09:44:44,735.65,1206243
2021-06-10 09:44:44,735.65,1206243
2021-06-10 09:44:45,735.65,1206385
2021-06-10 09:44:47,735.55,1207517
2021-06-10 09:44:47,735.65,1206517
2021-06-10 09:44:48,735.65,1207592
2021-06-10 09:44:49,735.65,1207596
2021-06-10 09:44:50,735.65,1207596
2021-06-10 09:44:51,735.55,1207716
2021-06-10 09:44:52,735.65,1207751
2021-06-10 09:44:53,735.55,1207761
2021-06-10 09:44:55,735.65,1207881
2021-06-10 09:44:56,735.65,1207891
2021-06-10 09:44:57,735.65,1207891
2021-06-10 09:44:58,735.65,1207951
2021-06-10 09:44:59,735.65,1207957
2021-06-10 09:45:00,735.65,1208011
2021-06-10 09:45:02,735.65,1208011
2021-06-10 09:45:03,735.65,1208434
2021-06-10 09:45:04,735.6,1208445
2021-06-10 09:45:06,735.6,1208450
2021-06-10 09:45:07,735.6,1208755
2021-06-10 09:45:09,735.6,1208755
2021-06-10 09:45:09,735.6,1208755
2021-06-10 09:45:10,735.55,1208759
2021-06-10 09:45:11,735.75,1210115
2021-06-10 09:45:12,736.1,1215615
2021-06-10 09:45:13,736.1,1216136
2021-06-10 09:45:14,736.1,1216835
2021-06-10 09:45:15,736.1,1216835
2021-06-10 09:45:16,735.9,1216885
2021-06-10 09:45:17,736.1,1216887
2021-06-10 09:45:18,736.5,1218309
2021-06-10 09:45:19,736.1,1218389
2021-06-10 09:45:20,736.4,1218395
2021-06-10 09:45:21,736.4,1218395
2021-06-10 09:45:22,736.4,1218395
2021-06-10 09:45:23,736.4,1218423
2021-06-10 09:45:24,736.3,1218448
2021-06-10 09:45:25,736.6,1218698
2021-06-10 09:45:27,736.65,1219006
2021-06-10 09:45:28,736.7,1219156
2021-06-10 09:45:28,736.7,1219156
2021-06-10 09:45:29,736.7,1219156
2021-06-10 09:45:31,736.35,1227460
2021-06-10 09:45:31,736.2,1228628
2021-06-10 09:45:32,736.35,1229153
2021-06-10 09:45:34,735.8,1229531
2021-06-10 09:45:35,736.0,1229536
2021-06-10 09:45:35,735.7,1229636
2021-06-10 09:45:36,735.7,1229636
2021-06-10 09:45:38,735.7,1229639
2021-06-10 09:45:39,735.7,1229639
2021-06-10 09:45:40,735.85,1229640
2021-06-10 09:45:42,735.9,1230175
2021-06-10 09:45:43,735.9,1230175
2021-06-10 09:45:44,735.85,1230585
2021-06-10 09:45:45,735.95,1230625
2021-06-10 09:45:46,735.95,1230625
2021-06-10 09:45:47,735.95,1230625
2021-06-10 09:45:49,735.6,1230728
2021-06-10 09:45:49,735.6,1230828
2021-06-10 09:45:50,735.6,1230838
2021-06-10 09:45:51,735.6,1230838
2021-06-10 09:45:52,735.6,1230989
2021-06-10 09:45:53,735.6,1231089
2021-06-10 09:45:54,735.65,1231291
2021-06-10 09:45:55,735.8,1231367
2021-06-10 09:45:56,736.0,1231867
2021-06-10 09:45:57,736.0,1231877
2021-06-10 09:45:58,736.0,1231877
2021-06-10 09:45:59,736.0,1231877
2021-06-10 09:46:01,735.85,1232320
2021-06-10 09:46:02,736.15,1232620
2021-06-10 09:46:03,736.15,1232620
2021-06-10 09:46:04,736.0,1232768
2021-06-10 09:46:05,736.0,1232827
2021-06-10 09:46:06,736.0,1232827
2021-06-10 09:46:07,736.0,1232827
2021-06-10 09:46:09,736.15,1232871
2021-06-10 09:46:11,736.15,1232871
2021-06-10 09:46:11,736.4,1233011
2021-06-10 09:46:13,736.4,1233022
2021-06-10 09:46:13,736.4,1233022
2021-06-10 09:46:15,736.3,1233192
2021-06-10 09:46:16,736.5,1233252
2021-06-10 09:46:17,736.5,1233252
2021-06-10 09:46:18,736.3,1233272
2021-06-10 09:46:19,736.3,1234046
2021-06-10 09:46:20,736.3,1234046
2021-06-10 09:46:22,736.5,1234348
2021-06-10 09:46:22,736.3,1234047
2021-06-10 09:46:23,736.2,1235087
2021-06-10 09:46:24,736.2,1235087
2021-06-10 09:46:26,736.3,1235094
2021-06-10 09:46:26,736.3,1235112
2021-06-10 09:46:28,736.4,1235372
2021-06-10 09:46:30,736.4,1235372
2021-06-10 09:46:31,736.4,1235372
2021-06-10 09:46:32,736.4,1235372
2021-06-10 09:46:33,736.4,1235372
2021-06-10 09:46:34,736.4,1235443
2021-06-10 09:46:35,736.45,1235722
2021-06-10 09:46:37,736.25,1236292
2021-06-10 09:46:38,736.4,1236727
2021-06-10 09:46:38,736.4,1236827
2021-06-10 09:46:39,736.4,1236937
2021-06-10 09:46:40,736.4,1236942
2021-06-10 09:46:41,736.35,1236973
2021-06-10 09:46:42,736.2,1238173
2021-06-10 09:46:44,736.2,1238206
2021-06-10 09:46:45,736.35,1238306
2021-06-10 09:46:46,736.35,1238317
2021-06-10 09:46:47,736.35,1238352
2021-06-10 09:46:48,736.35,1238360
2021-06-10 09:46:48,736.35,1238360
2021-06-10 09:46:49,736.35,1238470
2021-06-10 09:46:50,736.35,1238470
2021-06-10 09:46:51,736.35,1238474
2021-06-10 09:46:52,736.35,1238474
2021-06-10 09:46:53,736.25,1238506
2021-06-10 09:46:54,736.35,1238526
2021-06-10 09:46:55,736.3,1238527
2021-06-10 09:46:57,736.35,1238657
2021-06-10 09:46:58,736.25,1238667
2021-06-10 09:46:59,736.25,1238818
2021-06-10 09:47:00,736.25,1238870
2021-06-10 09:47:00,736.25,1238870
2021-06-10 09:47:01,736.35,1238871
2021-06-10 09:47:02,736.35,1238871
2021-06-10 09:47:03,736.35,1238921
2021-06-10 09:47:04,736.35,1238921
2021-06-10 09:47:05,736.4,1239110
2021-06-10 09:47:06,736.4,1239111
2021-06-10 09:47:07,736.4,1239111
2021-06-10 09:47:08,736.4,1239337
2021-06-10 09:47:09,736.4,1239352
2021-06-10 09:47:11,736.4,1239359
2021-06-10 09:47:12,736.4,1239359
2021-06-10 09:47:13,736.4,1239426
2021-06-10 09:47:14,736.4,1239713
2021-06-10 09:47:14,736.7,1244713
2021-06-10 09:47:15,736.5,1245172
2021-06-10 09:47:16,736.8,1245672
2021-06-10 09:47:17,736.8,1245692
2021-06-10 09:47:18,736.8,1245854
2021-06-10 09:47:19,736.8,1245854
2021-06-10 09:47:20,736.8,1245854
2021-06-10 09:47:21,736.8,1245854
2021-06-10 09:47:22,736.85,1246115
2021-06-10 09:47:24,736.8,1246381
2021-06-10 09:47:26,736.85,1246416
2021-06-10 09:47:27,736.85,1246436
2021-06-10 09:47:28,736.85,1246481
2021-06-10 09:47:29,737.0,1247482
2021-06-10 09:47:29,737.0,1247482
2021-06-10 09:47:30,737.0,1247854
2021-06-10 09:47:31,737.0,1247854
2021-06-10 09:47:32,736.8,1247934
2021-06-10 09:47:33,737.0,1248034
2021-06-10 09:47:34,736.85,1248069
2021-06-10 09:47:35,737.0,1248314
2021-06-10 09:47:37,737.0,1248564
2021-06-10 09:47:37,737.0,1249341
2021-06-10 09:47:39,736.95,1249371
2021-06-10 09:47:40,736.85,1249993
2021-06-10 09:47:41,736.85,1250068
2021-06-10 09:47:42,737.0,1250392
2021-06-10 09:47:43,736.95,1250543
2021-06-10 09:47:44,736.95,1250573
2021-06-10 09:47:45,737.0,1250854
2021-06-10 09:47:46,737.0,1251437
2021-06-10 09:47:46,737.0,1251547
2021-06-10 09:47:47,737.0,1251547
2021-06-10 09:47:49,736.95,1251797
2021-06-10 09:47:50,737.0,1252041
2021-06-10 09:47:51,737.0,1252041
2021-06-10 09:47:52,737.0,1252056
2021-06-10 09:47:53,737.0,1252156
2021-06-10 09:47:54,737.0,1252409
2021-06-10 09:47:56,737.2,1252845
2021-06-10 09:47:57,737.1,1253279
2021-06-10 09:47:57,737.1,1253279
2021-06-10 09:47:58,737.25,1253465
2021-06-10 09:47:59,737.0,1254696
2021-06-10 09:48:00,737.2,1255281
2021-06-10 09:48:01,737.2,1255511
2021-06-10 09:48:02,737.2,1255526
2021-06-10 09:48:04,737.15,1256185
2021-06-10 09:48:05,737.2,1256410
2021-06-10 09:48:07,737.2,1256540
2021-06-10 09:48:08,737.2,1256540
2021-06-10 09:48:09,737.0,1256690
2021-06-10 09:48:10,737.2,1256738
2021-06-10 09:48:11,737.3,1257348
2021-06-10 09:48:12,737.45,1257575
2021-06-10 09:48:12,737.45,1257575
2021-06-10 09:48:14,737.35,1257599
2021-06-10 09:48:14,737.15,1257649
2021-06-10 09:48:15,737.15,1257649
2021-06-10 09:48:16,737.3,1257657
2021-06-10 09:48:17,737.3,1257717
2021-06-10 09:48:18,737.3,1257717
2021-06-10 09:48:19,737.2,1257934
2021-06-10 09:48:21,737.15,1257936
2021-06-10 09:48:22,737.25,1258063
2021-06-10 09:48:23,737.3,1258313
2021-06-10 09:48:24,737.3,1258313
2021-06-10 09:48:26,737.1,1265139
2021-06-10 09:48:26,737.1,1265139
2021-06-10 09:48:27,737.1,1265139
2021-06-10 09:48:28,737.2,1265240
2021-06-10 09:48:29,737.0,1265243
2021-06-10 09:48:31,737.15,1265306
2021-06-10 09:48:32,737.25,1265440
2021-06-10 09:48:33,737.25,1265443
2021-06-10 09:48:34,737.2,1265617
2021-06-10 09:48:35,737.2,1265727
2021-06-10 09:48:37,737.2,1265820
2021-06-10 09:48:38,737.15,1265872
2021-06-10 09:48:38,737.15,1266030
2021-06-10 09:48:40,737.2,1266150
2021-06-10 09:48:41,737.2,1266250
2021-06-10 09:48:42,737.15,1267495
2021-06-10 09:48:43,737.25,1267500
2021-06-10 09:48:43,737.25,1267505
2021-06-10 09:48:44,737.1,1267575
2021-06-10 09:48:45,737.25,1268160
2021-06-10 09:48:46,737.25,1268160
2021-06-10 09:48:47,737.2,1268175
2021-06-10 09:48:48,737.05,1268834
2021-06-10 09:48:49,737.1,1268864
2021-06-10 09:48:50,737.1,1268914
2021-06-10 09:48:51,737.0,1270114
2021-06-10 09:48:52,737.2,1270669
2021-06-10 09:48:54,737.0,1270670
2021-06-10 09:48:55,737.0,1270670
2021-06-10 09:48:56,737.15,1272020
2021-06-10 09:48:57,737.15,1272151
2021-06-10 09:48:59,737.0,1273401
2021-06-10 09:48:59,737.0,1273401
2021-06-10 09:49:00,737.0,1273624
2021-06-10 09:49:01,736.9,1277606
2021-06-10 09:49:02,736.8,1277706
2021-06-10 09:49:03,736.9,1277806
2021-06-10 09:49:04,736.6,1279006
2021-06-10 09:49:06,736.6,1279573
2021-06-10 09:49:07,736.6,1279604
2021-06-10 09:49:09,736.6,1279604
2021-06-10 09:49:10,736.6,1279629
2021-06-10 09:49:10,736.5,1279824
2021-06-10 09:49:11,736.5,1279884
2021-06-10 09:49:12,736.4,1279906
2021-06-10 09:49:14,736.5,1279941
2021-06-10 09:49:15,736.4,1279973
2021-06-10 09:49:15,736.5,1279962
2021-06-10 09:49:17,736.4,1279973
2021-06-10 09:49:18,736.4,1279973
2021-06-10 09:49:19,736.5,1279988
2021-06-10 09:49:20,736.5,1279988
2021-06-10 09:49:21,736.5,1279991
2021-06-10 09:49:22,736.5,1280746
2021-06-10 09:49:22,736.5,1280746
2021-06-10 09:49:23,736.5,1280766
2021-06-10 09:49:25,736.45,1280774
2021-06-10 09:49:25,736.45,1280774
2021-06-10 09:49:27,736.45,1280834
2021-06-10 09:49:28,736.5,1280950
2021-06-10 09:49:29,736.3,1280979
2021-06-10 09:49:30,736.5,1281009
2021-06-10 09:49:30,736.5,1281009
2021-06-10 09:49:31,736.5,1281019
2021-06-10 09:49:32,736.45,1281179
2021-06-10 09:49:33,736.35,1281265
2021-06-10 09:49:34,736.3,1281329
2021-06-10 09:49:36,736.5,1281340
2021-06-10 09:49:37,736.45,1281492
2021-06-10 09:49:38,736.45,1281492
2021-06-10 09:49:39,736.45,1283156
2021-06-10 09:49:39,736.3,1283161
2021-06-10 09:49:41,736.3,1284748
2021-06-10 09:49:42,736.4,1284858
2021-06-10 09:49:43,736.3,1284981
2021-06-10 09:49:44,736.3,1285181
2021-06-10 09:49:45,736.3,1285281
2021-06-10 09:49:45,736.3,1285281
2021-06-10 09:49:46,736.3,1285281
2021-06-10 09:49:48,736.3,1285331
2021-06-10 09:49:49,736.5,1286962
2021-06-10 09:49:50,736.6,1287422
2021-06-10 09:49:51,736.6,1287422
2021-06-10 09:49:52,736.6,1287422
2021-06-10 09:49:53,736.6,1287422
2021-06-10 09:49:54,736.6,1287422
2021-06-10 09:49:55,736.6,1287432
2021-06-10 09:49:56,736.45,1288037
2021-06-10 09:49:56,736.45,1288037
2021-06-10 09:49:57,736.4,1289237
2021-06-10 09:49:59,736.55,1289318
2021-06-10 09:49:59,736.55,1289318
2021-06-10 09:50:01,736.45,1289322
2021-06-10 09:50:02,736.45,1289342
2021-06-10 09:50:03,736.45,1289402
2021-06-10 09:50:04,736.65,1289677
2021-06-10 09:50:05,736.45,1289787
2021-06-10 09:50:06,736.45,1289787
2021-06-10 09:50:07,736.45,1289792
2021-06-10 09:50:08,736.5,1289856
2021-06-10 09:50:09,736.5,1289861
2021-06-10 09:50:09,736.5,1289861
2021-06-10 09:50:10,736.5,1289961
2021-06-10 09:50:11,736.5,1289961
2021-06-10 09:50:12,736.5,1289961
2021-06-10 09:50:13,736.65,1290558
2021-06-10 09:50:15,737.0,1290704
2021-06-10 09:50:15,737.0,1290704
2021-06-10 09:50:16,736.75,1290849
2021-06-10 09:50:17,736.75,1290849
2021-06-10 09:50:18,737.0,1290855
2021-06-10 09:50:19,737.0,1290855
2021-06-10 09:50:20,737.0,1290857
2021-06-10 09:50:21,737.0,1290857
2021-06-10 09:50:23,736.95,1290877
2021-06-10 09:50:24,736.75,1291033
2021-06-10 09:50:26,737.0,1291035
2021-06-10 09:50:27,737.0,1291065
2021-06-10 09:50:28,737.0,1291116
2021-06-10 09:50:29,737.0,1291160
2021-06-10 09:50:30,737.0,1291160
2021-06-10 09:50:31,737.0,1291171
2021-06-10 09:50:32,736.7,1291239
2021-06-10 09:50:33,736.7,1291239
2021-06-10 09:50:33,736.7,1291398
2021-06-10 09:50:34,736.95,1291408
2021-06-10 09:50:35,737.0,1291525
2021-06-10 09:50:36,736.7,1291726
2021-06-10 09:50:38,737.0,1291743
2021-06-10 09:50:39,737.0,1291758
2021-06-10 09:50:40,737.0,1291761
2021-06-10 09:50:41,736.95,1291801
2021-06-10 09:50:42,737.0,1291803
2021-06-10 09:50:43,736.95,1291830
2021-06-10 09:50:44,736.95,1291830
2021-06-10 09:50:45,737.0,1292419
2021-06-10 09:50:46,737.0,1292419
2021-06-10 09:50:47,737.0,1292486
2021-06-10 09:50:49,736.95,1292894
2021-06-10 09:50:48,736.95,1292894
2021-06-10 09:50:50,737.0,1292896
2021-06-10 09:50:51,737.0,1292896
2021-06-10 09:50:52,737.0,1293067
2021-06-10 09:50:53,737.0,1293229
2021-06-10 09:50:54,737.0,1293309
2021-06-10 09:50:55,736.7,1293326
2021-06-10 09:50:55,736.7,1293326
2021-06-10 09:50:56,736.7,1293337
2021-06-10 09:50:57,736.8,1293447
2021-06-10 09:50:58,736.8,1293462
2021-06-10 09:50:59,736.8,1293487
2021-06-10 09:51:01,736.7,1293743
2021-06-10 09:51:02,736.95,1293768
2021-06-10 09:51:03,736.95,1293783
2021-06-10 09:51:04,736.95,1293783
2021-06-10 09:51:05,736.7,1294283
2021-06-10 09:51:06,736.9,1294293
2021-06-10 09:51:07,736.9,1294293
2021-06-10 09:51:08,737.0,1294393
2021-06-10 09:51:09,737.0,1294393
2021-06-10 09:51:10,737.0,1294793
2021-06-10 09:51:11,737.0,1294793
2021-06-10 09:51:11,737.0,1294793
2021-06-10 09:51:13,736.95,1294958
2021-06-10 09:51:14,736.95,1294958
2021-06-10 09:51:15,736.95,1295063
2021-06-10 09:51:16,737.0,1295141
2021-06-10 09:51:17,736.95,1295347
2021-06-10 09:51:18,737.0,1295546
2021-06-10 09:51:19,737.0,1295586
2021-06-10 09:51:19,737.0,1296186
2021-06-10 09:51:20,737.0,1296188
2021-06-10 09:51:21,736.95,1296191
2021-06-10 09:51:22,736.75,1297391
2021-06-10 09:51:24,736.75,1297391
2021-06-10 09:51:25,736.75,1297391
2021-06-10 09:51:26,736.8,1297519
2021-06-10 09:51:27,736.9,1297520
2021-06-10 09:51:28,736.95,1297987
2021-06-10 09:51:28,736.95,1297987
2021-06-10 09:51:30,736.9,1298537
2021-06-10 09:51:31,736.75,1298793
2021-06-10 09:51:33,736.75,1298893
2021-06-10 09:51:32,736.75,1298793
2021-06-10 09:51:34,736.9,1298923
2021-06-10 09:51:35,736.9,1298923
2021-06-10 09:51:36,736.8,1298924
2021-06-10 09:51:37,736.8,1298924
2021-06-10 09:51:38,736.8,1298924
2021-06-10 09:51:39,736.8,1298925
2021-06-10 09:51:40,736.8,1298925
2021-06-10 09:51:41,736.8,1298925
2021-06-10 09:51:42,737.0,1299926
2021-06-10 09:51:43,737.0,1299926
2021-06-10 09:51:45,737.0,1299976
2021-06-10 09:51:46,737.0,1299976
2021-06-10 09:51:47,736.75,1300294
2021-06-10 09:51:48,736.75,1300294
2021-06-10 09:51:50,736.75,1300294
2021-06-10 09:51:51,736.75,1300294
2021-06-10 09:51:52,736.9,1300369
2021-06-10 09:51:52,736.9,1300319
2021-06-10 09:51:54,736.9,1300399
2021-06-10 09:51:55,736.9,1300399
2021-06-10 09:51:56,736.95,1300899
2021-06-10 09:51:57,736.8,1300900
2021-06-10 09:51:58,736.75,1300920
2021-06-10 09:51:59,736.95,1300947
2021-06-10 09:52:00,736.75,1300950
2021-06-10 09:52:01,736.75,1300950
2021-06-10 09:52:03,736.9,1302398
2021-06-10 09:52:02,736.8,1302250
2021-06-10 09:52:04,737.0,1302644
2021-06-10 09:52:05,737.0,1302751
2021-06-10 09:52:07,737.0,1302751
2021-06-10 09:52:08,737.0,1303191
2021-06-10 09:52:09,736.8,1305232
2021-06-10 09:52:10,736.8,1305232
2021-06-10 09:52:12,736.8,1306532
2021-06-10 09:52:12,736.75,1306682
2021-06-10 09:52:14,736.7,1310001
2021-06-10 09:52:15,736.45,1311201
2021-06-10 09:52:16,736.75,1311341
2021-06-10 09:52:17,736.75,1311341
2021-06-10 09:52:18,736.75,1311341
2021-06-10 09:52:19,736.65,1311346
2021-06-10 09:52:20,736.6,1311357
2021-06-10 09:52:21,736.5,1312417
2021-06-10 09:52:21,736.5,1312411
2021-06-10 09:52:22,736.4,1312844
2021-06-10 09:52:23,736.4,1312844
2021-06-10 09:52:25,736.4,1313005
2021-06-10 09:52:26,736.0,1314210
2021-06-10 09:52:27,736.05,1314310
2021-06-10 09:52:28,736.0,1314560
2021-06-10 09:52:29,736.3,1314660
2021-06-10 09:52:30,736.0,1314670
2021-06-10 09:52:31,736.4,1314680
2021-06-10 09:52:32,736.15,1314706
2021-06-10 09:52:33,736.5,1314886
2021-06-10 09:52:34,736.5,1314886
2021-06-10 09:52:35,736.4,1315011
2021-06-10 09:52:36,736.4,1315011
2021-06-10 09:52:37,736.75,1315461
2021-06-10 09:52:38,736.75,1315461
2021-06-10 09:52:39,736.8,1315468
2021-06-10 09:52:40,736.8,1315468
2021-06-10 09:52:41,736.5,1315474
2021-06-10 09:52:42,736.8,1315484
2021-06-10 09:52:43,736.8,1315519
2021-06-10 09:52:43,736.8,1315519
2021-06-10 09:52:44,736.8,1315519
2021-06-10 09:52:46,736.8,1315772
2021-06-10 09:52:47,736.8,1315816
2021-06-10 09:52:48,736.45,1317106
2021-06-10 09:52:49,736.45,1317106
2021-06-10 09:52:50,736.45,1317106
2021-06-10 09:52:51,736.45,1317106
2021-06-10 09:52:52,736.6,1317137
2021-06-10 09:52:53,736.5,1317267
2021-06-10 09:52:54,736.5,1317317
2021-06-10 09:52:55,736.5,1317317
2021-06-10 09:52:56,736.4,1317570
2021-06-10 09:52:57,736.7,1317620
2021-06-10 09:52:58,736.75,1317670
2021-06-10 09:52:59,736.5,1317730
2021-06-10 09:52:59,736.5,1317730
2021-06-10 09:53:00,736.5,1317733
2021-06-10 09:53:01,736.5,1317733
2021-06-10 09:53:03,736.8,1317850
2021-06-10 09:53:04,736.5,1317870
2021-06-10 09:53:05,736.55,1317885
2021-06-10 09:53:06,736.55,1317885
2021-06-10 09:53:07,736.55,1317885
2021-06-10 09:53:08,736.75,1318155
2021-06-10 09:53:09,736.75,1318155
2021-06-10 09:53:10,736.6,1318180
2021-06-10 09:53:12,736.6,1318180
2021-06-10 09:53:13,736.6,1318180
2021-06-10 09:53:14,736.8,1318200
2021-06-10 09:53:15,736.8,1318220
2021-06-10 09:53:16,736.85,1318797
2021-06-10 09:53:17,736.6,1318997
2021-06-10 09:53:18,736.8,1319033
2021-06-10 09:53:19,736.8,1319033
2021-06-10 09:53:20,737.0,1319189
2021-06-10 09:53:21,737.0,1319189
2021-06-10 09:53:22,736.65,1319199
2021-06-10 09:53:23,736.65,1319199
2021-06-10 09:53:24,736.6,1319399
2021-06-10 09:53:25,736.8,1319403
2021-06-10 09:53:26,736.8,1319598
2021-06-10 09:53:27,736.8,1319598
2021-06-10 09:53:28,736.6,1319664
2021-06-10 09:53:29,736.85,1319676
2021-06-10 09:53:30,736.85,1319701
2021-06-10 09:53:31,736.85,1319701
2021-06-10 09:53:32,736.85,1319701
2021-06-10 09:53:33,736.6,1319727
2021-06-10 09:53:34,736.6,1319727
2021-06-10 09:53:35,736.6,1319727
2021-06-10 09:53:37,736.8,1319753
2021-06-10 09:53:38,736.8,1319753
2021-06-10 09:53:40,736.8,1319853
2021-06-10 09:53:41,736.6,1319863
2021-06-10 09:53:42,736.6,1320747
2021-06-10 09:53:43,736.6,1320779
2021-06-10 09:53:44,736.7,1321325
2021-06-10 09:53:45,736.6,1321330
2021-06-10 09:53:46,736.7,1322121
2021-06-10 09:53:47,736.7,1322121
2021-06-10 09:53:48,736.6,1322126
2021-06-10 09:53:49,736.6,1322126
2021-06-10 09:53:50,736.6,1322277
2021-06-10 09:53:51,736.6,1322278
2021-06-10 09:53:52,736.6,1322478
2021-06-10 09:53:53,736.7,1322630
2021-06-10 09:53:54,736.7,1322630
2021-06-10 09:53:55,736.7,1322640
2021-06-10 09:53:56,736.8,1322775
2021-06-10 09:53:57,736.8,1322775
2021-06-10 09:53:58,736.85,1323025
2021-06-10 09:53:59,736.65,1323525
2021-06-10 09:54:00,737.0,1324458
2021-06-10 09:54:01,737.0,1324458
2021-06-10 09:54:02,736.65,1324488
2021-06-10 09:54:03,736.65,1324488
2021-06-10 09:54:04,736.8,1324989
2021-06-10 09:54:05,736.8,1324989
2021-06-10 09:54:06,736.8,1326288
2021-06-10 09:54:07,736.8,1326288
2021-06-10 09:54:08,736.65,1326303
2021-06-10 09:54:09,736.8,1326304
2021-06-10 09:54:10,736.8,1326304
2021-06-10 09:54:11,736.6,1326308
2021-06-10 09:54:12,736.6,1326311
2021-06-10 09:54:13,736.6,1326361
2021-06-10 09:54:16,736.85,1326719
2021-06-10 09:54:15,736.6,1326709
2021-06-10 09:54:17,736.8,1326762
2021-06-10 09:54:18,736.85,1327199
2021-06-10 09:54:19,736.85,1327199
2021-06-10 09:54:20,736.85,1327199
2021-06-10 09:54:21,736.85,1327199
2021-06-10 09:54:22,736.85,1327199
2021-06-10 09:54:23,736.8,1327208
2021-06-10 09:54:24,736.8,1327208
2021-06-10 09:54:25,736.75,1327408
2021-06-10 09:54:26,736.8,1327525
2021-06-10 09:54:27,736.8,1327526
2021-06-10 09:54:28,736.8,1327526
2021-06-10 09:54:29,736.8,1327526
2021-06-10 09:54:30,736.8,1327526
2021-06-10 09:54:31,736.8,1327526
2021-06-10 09:54:32,736.8,1327526
2021-06-10 09:54:33,736.7,1327533
2021-06-10 09:54:34,736.7,1327633
2021-06-10 09:54:36,736.7,1327838
2021-06-10 09:54:37,736.7,1327838
2021-06-10 09:54:38,736.8,1327913
2021-06-10 09:54:39,736.8,1327913
2021-06-10 09:54:40,736.7,1327918
2021-06-10 09:54:41,736.8,1327929
2021-06-10 09:54:42,736.7,1328154
2021-06-10 09:54:43,736.7,1328279
2021-06-10 09:54:44,736.7,1328279
2021-06-10 09:54:45,736.7,1328279
2021-06-10 09:54:46,736.7,1328379
2021-06-10 09:54:47,736.65,1328879
2021-06-10 09:54:48,736.8,1328885
2021-06-10 09:54:49,736.8,1328908
2021-06-10 09:54:50,736.65,1328963
2021-06-10 09:54:51,737.0,1329473
2021-06-10 09:54:52,737.0,1329473
2021-06-10 09:54:53,737.0,1329473
2021-06-10 09:54:54,736.65,1329474
2021-06-10 09:54:55,736.65,1329474
2021-06-10 09:54:56,736.65,1329479
2021-06-10 09:54:57,736.55,1330279
2021-06-10 09:54:58,736.55,1330279
2021-06-10 09:54:59,736.8,1330280
2021-06-10 09:55:00,736.55,1330284
2021-06-10 09:55:01,736.55,1330284
2021-06-10 09:55:02,736.65,1330289
2021-06-10 09:55:03,736.75,1330319
2021-06-10 09:55:04,736.75,1330319
2021-06-10 09:55:05,736.75,1330319
2021-06-10 09:55:06,736.75,1330468
2021-06-10 09:55:07,736.75,1330468
2021-06-10 09:55:08,736.75,1330468
2021-06-10 09:55:09,736.75,1330468
2021-06-10 09:55:10,736.75,1330468
2021-06-10 09:55:11,736.75,1330599
2021-06-10 09:55:12,736.75,1330967
2021-06-10 09:55:14,736.75,1330967
2021-06-10 09:55:15,736.6,1330977
2021-06-10 09:55:16,736.6,1332177
2021-06-10 09:55:17,736.75,1332187
2021-06-10 09:55:18,736.75,1332187
2021-06-10 09:55:19,736.75,1332187
2021-06-10 09:55:20,736.75,1332187
2021-06-10 09:55:23,736.75,1333187
2021-06-10 09:55:24,736.6,1333442
2021-06-10 09:55:25,736.8,1333497
2021-06-10 09:55:26,736.8,1333497
2021-06-10 09:55:27,736.6,1333502
2021-06-10 09:55:28,736.85,1333504
2021-06-10 09:55:29,736.6,1333517
2021-06-10 09:55:30,736.85,1333618
2021-06-10 09:55:31,736.85,1333618
2021-06-10 09:55:32,736.85,1333618
2021-06-10 09:55:33,736.85,1333618
2021-06-10 09:55:34,736.75,1333948
2021-06-10 09:55:35,736.85,1333975
2021-06-10 09:55:36,736.85,1334983
2021-06-10 09:55:37,736.8,1335488
2021-06-10 09:55:39,736.85,1335533
2021-06-10 09:55:40,736.8,1336082
2021-06-10 09:55:41,736.95,1336626
2021-06-10 09:55:42,736.85,1336777
2021-06-10 09:55:43,736.95,1336918
2021-06-10 09:55:44,736.8,1336993
2021-06-10 09:55:45,736.8,1336999
2021-06-10 09:55:46,736.8,1337043
2021-06-10 09:55:48,736.8,1337090
2021-06-10 09:55:48,736.8,1337106
2021-06-10 09:55:50,736.8,1337112
2021-06-10 09:55:50,736.8,1337112
2021-06-10 09:55:51,736.8,1337112
2021-06-10 09:55:52,736.8,1337112
2021-06-10 09:55:53,736.8,1337355
2021-06-10 09:55:54,736.8,1337888
2021-06-10 09:55:55,736.8,1337930
2021-06-10 09:55:56,736.75,1338246
2021-06-10 09:55:57,736.75,1338271
2021-06-10 09:55:58,736.8,1338313
2021-06-10 09:55:59,736.75,1338495
2021-06-10 09:56:00,736.8,1338565
2021-06-10 09:56:04,736.85,1339017
2021-06-10 09:56:04,736.85,1339017
2021-06-10 09:56:05,736.7,1339122
2021-06-10 09:56:06,736.6,1340412
2021-06-10 09:56:07,736.6,1340470
2021-06-10 09:56:08,736.6,1340470
2021-06-10 09:56:09,736.5,1341470
2021-06-10 09:56:10,736.5,1341550
2021-06-10 09:56:11,736.55,1341560
2021-06-10 09:56:12,736.5,1341763
2021-06-10 09:56:13,736.55,1341789
2021-06-10 09:56:14,736.55,1341910
2021-06-10 09:56:15,736.5,1341930
2021-06-10 09:56:16,736.35,1341980
2021-06-10 09:56:17,736.35,1341984
2021-06-10 09:56:18,736.5,1342089
2021-06-10 09:56:19,736.35,1342104
2021-06-10 09:56:21,736.55,1342507
2021-06-10 09:56:21,736.35,1342129
2021-06-10 09:56:22,736.35,1342557
2021-06-10 09:56:23,736.35,1342561
2021-06-10 09:56:24,736.25,1343761
2021-06-10 09:56:25,736.5,1343887
2021-06-10 09:56:26,736.25,1343918
2021-06-10 09:56:27,736.45,1343947
2021-06-10 09:56:28,736.4,1343984
2021-06-10 09:56:29,736.4,1343984
2021-06-10 09:56:30,736.25,1343994
2021-06-10 09:56:32,736.25,1343996
2021-06-10 09:56:33,736.25,1344000
2021-06-10 09:56:34,736.45,1344100
2021-06-10 09:56:35,736.45,1344100
2021-06-10 09:56:36,736.25,1344205
2021-06-10 09:56:37,736.25,1344313
2021-06-10 09:56:39,736.25,1344323
2021-06-10 09:56:40,736.25,1344381
2021-06-10 09:56:41,736.25,1344385
2021-06-10 09:56:42,736.25,1344386
2021-06-10 09:56:43,736.25,1344386
2021-06-10 09:56:44,736.4,1344608
2021-06-10 09:56:45,736.4,1344608
2021-06-10 09:56:47,736.25,1344995
2021-06-10 09:56:47,736.25,1345007
2021-06-10 09:56:48,736.3,1345032
2021-06-10 09:56:49,736.3,1345032
2021-06-10 09:56:50,736.3,1345054
2021-06-10 09:56:51,736.25,1345067
2021-06-10 09:56:52,736.25,1345068
2021-06-10 09:56:53,736.25,1345068
2021-06-10 09:56:54,736.25,1345070
2021-06-10 09:56:55,736.3,1345170
2021-06-10 09:56:56,736.4,1345210
2021-06-10 09:56:57,736.4,1345210
2021-06-10 09:56:58,736.35,1345310
2021-06-10 09:56:59,736.35,1345323
2021-06-10 09:57:00,736.35,1345327
2021-06-10 09:57:01,736.35,1345348
2021-06-10 09:57:02,736.35,1345352
2021-06-10 09:57:03,736.35,1345527
2021-06-10 09:57:04,736.35,1345541
2021-06-10 09:57:05,736.35,1345542
2021-06-10 09:57:06,736.4,1345556
2021-06-10 09:57:07,736.4,1345556
2021-06-10 09:57:08,736.4,1345556
2021-06-10 09:57:09,736.35,1345656
2021-06-10 09:57:10,736.35,1345664
2021-06-10 09:57:11,736.3,1349165
2021-06-10 09:57:12,736.0,1354336
2021-06-10 09:57:13,736.2,1354770
2021-06-10 09:57:14,736.0,1354787
2021-06-10 09:57:15,736.2,1354840
2021-06-10 09:57:16,736.0,1355049
2021-06-10 09:57:17,736.0,1355066
2021-06-10 09:57:18,736.0,1355302
2021-06-10 09:57:19,736.0,1355321
2021-06-10 09:57:20,736.0,1355336
2021-06-10 09:57:22,736.0,1355337
2021-06-10 09:57:22,736.0,1355338
2021-06-10 09:57:23,736.0,1355788
2021-06-10 09:57:24,736.0,1355824
2021-06-10 09:57:25,736.0,1355852
2021-06-10 09:57:26,736.0,1355854
2021-06-10 09:57:27,736.15,1356067
2021-06-10 09:57:28,736.15,1356067
2021-06-10 09:57:29,736.15,1356067
2021-06-10 09:57:30,735.95,1358751
2021-06-10 09:57:31,736.0,1359452
2021-06-10 09:57:32,736.0,1359452
2021-06-10 09:57:33,735.9,1359462
2021-06-10 09:57:35,735.7,1360260
2021-06-10 09:57:36,735.7,1360260
2021-06-10 09:57:37,735.6,1360746
2021-06-10 09:57:38,735.7,1360846
2021-06-10 09:57:39,735.55,1360866
2021-06-10 09:57:41,735.55,1360943
2021-06-10 09:57:42,735.55,1360948
2021-06-10 09:57:43,735.5,1360968
2021-06-10 09:57:43,735.5,1360970
2021-06-10 09:57:44,735.5,1361009
2021-06-10 09:57:45,735.5,1361135
2021-06-10 09:57:46,735.5,1361445
2021-06-10 09:57:47,735.85,1361596
2021-06-10 09:57:48,735.6,1361626
2021-06-10 09:57:49,735.6,1361629
2021-06-10 09:57:50,735.6,1362254
2021-06-10 09:57:52,735.5,1362352
2021-06-10 09:57:53,735.5,1362419
2021-06-10 09:57:54,735.5,1362543
2021-06-10 09:57:55,735.5,1362553
2021-06-10 09:57:56,735.9,1362978
2021-06-10 09:57:57,735.9,1362978
2021-06-10 09:57:58,735.9,1362978
2021-06-10 09:57:59,735.6,1363064
2021-06-10 09:58:00,735.55,1363129
2021-06-10 09:58:01,735.75,1363171
2021-06-10 09:58:03,735.75,1363171
2021-06-10 09:58:04,735.55,1363345
2021-06-10 09:58:05,735.75,1363452
2021-06-10 09:58:06,735.6,1363925
2021-06-10 09:58:07,735.55,1363949
2021-06-10 09:58:08,735.55,1364335
2021-06-10 09:58:09,735.6,1364367
2021-06-10 09:58:10,735.55,1364375
2021-06-10 09:58:11,735.55,1364378
2021-06-10 09:58:12,735.6,1364513
2021-06-10 09:58:14,735.55,1364624
2021-06-10 09:58:15,735.55,1364654
2021-06-10 09:58:16,735.55,1364677
2021-06-10 09:58:17,735.6,1364729
2021-06-10 09:58:18,735.65,1364735
2021-06-10 09:58:20,735.65,1364807
2021-06-10 09:58:21,735.65,1364808
2021-06-10 09:58:23,735.65,1364808
2021-06-10 09:58:24,735.6,1364956
2021-06-10 09:58:25,735.6,1364967
2021-06-10 09:58:26,735.6,1364968
2021-06-10 09:58:27,735.6,1364968
2021-06-10 09:58:28,735.6,1364968
2021-06-10 09:58:30,735.75,1364970
2021-06-10 09:58:31,735.75,1364970
2021-06-10 09:58:31,735.65,1365072
2021-06-10 09:58:32,735.65,1365072
2021-06-10 09:58:34,735.95,1365425
2021-06-10 09:58:35,736.0,1365495
2021-06-10 09:58:35,736.0,1365495
2021-06-10 09:58:36,736.0,1365645
2021-06-10 09:58:37,735.65,1366530
2021-06-10 09:58:38,735.7,1366600
2021-06-10 09:58:39,735.7,1366674
2021-06-10 09:58:40,735.7,1366788
2021-06-10 09:58:42,735.7,1366817
2021-06-10 09:58:42,735.7,1366820
2021-06-10 09:58:43,735.7,1366821
2021-06-10 09:58:44,736.0,1366893
2021-06-10 09:58:45,736.0,1366893
2021-06-10 09:58:47,736.0,1366893
2021-06-10 09:58:48,736.0,1367895
2021-06-10 09:58:48,736.0,1367895
2021-06-10 09:58:49,735.75,1367901
2021-06-10 09:58:50,735.75,1367902
2021-06-10 09:58:52,736.0,1367952
2021-06-10 09:58:53,736.0,1367952
2021-06-10 09:58:54,736.0,1368450
2021-06-10 09:58:54,736.0,1368450
2021-06-10 09:58:55,736.0,1368490
2021-06-10 09:58:56,736.0,1368490
2021-06-10 09:58:57,735.75,1368494
2021-06-10 09:58:58,736.0,1368807
2021-06-10 09:58:59,736.0,1368849
2021-06-10 09:59:00,736.0,1369792
2021-06-10 09:59:01,735.95,1369793
2021-06-10 09:59:03,735.95,1369836
2021-06-10 09:59:04,735.95,1370218
2021-06-10 09:59:04,735.95,1371335
2021-06-10 09:59:05,736.0,1371456
2021-06-10 09:59:08,736.0,1371981
2021-06-10 09:59:09,735.9,1372011
2021-06-10 09:59:10,736.0,1372016
2021-06-10 09:59:11,735.8,1372018
2021-06-10 09:59:12,735.8,1372108
2021-06-10 09:59:13,735.8,1372140
2021-06-10 09:59:13,735.8,1372143
2021-06-10 09:59:14,735.8,1372143
2021-06-10 09:59:15,735.8,1372264
2021-06-10 09:59:16,735.8,1372311
2021-06-10 09:59:17,735.8,1372314
2021-06-10 09:59:18,735.8,1372433
2021-06-10 09:59:19,735.8,1372442
2021-06-10 09:59:20,736.0,1372488
2021-06-10 09:59:21,736.0,1372738
2021-06-10 09:59:22,736.0,1372788
2021-06-10 09:59:23,736.0,1372789
2021-06-10 09:59:25,736.0,1372911
2021-06-10 09:59:26,735.8,1372912
2021-06-10 09:59:26,736.0,1373012
2021-06-10 09:59:28,735.8,1373024
2021-06-10 09:59:29,735.8,1373025
2021-06-10 09:59:30,736.0,1373027
2021-06-10 09:59:31,735.85,1373178
2021-06-10 09:59:32,736.0,1373247
2021-06-10 09:59:33,736.1,1373757
2021-06-10 09:59:35,736.1,1373775
2021-06-10 09:59:36,736.1,1373775
2021-06-10 09:59:37,736.1,1373775
2021-06-10 09:59:37,736.1,1373775
2021-06-10 09:59:39,736.15,1373802
2021-06-10 09:59:41,736.15,1373802
2021-06-10 09:59:40,736.15,1373802
2021-06-10 09:59:42,736.15,1373802
2021-06-10 09:59:43,736.15,1373802
2021-06-10 09:59:43,736.15,1373802
2021-06-10 09:59:45,735.85,1373854
2021-06-10 09:59:46,736.1,1373859
2021-06-10 09:59:47,736.1,1373859
2021-06-10 09:59:48,736.1,1373859
2021-06-10 09:59:49,736.1,1373874
2021-06-10 09:59:50,736.1,1373874
2021-06-10 09:59:52,736.1,1373874
2021-06-10 09:59:52,736.1,1373874
2021-06-10 09:59:54,736.1,1373974
2021-06-10 09:59:55,736.05,1374003
2021-06-10 09:59:56,736.1,1374342
2021-06-10 09:59:56,736.1,1374342
2021-06-10 09:59:57,736.05,1374367
2021-06-10 09:59:58,736.1,1374545
2021-06-10 10:00:00,736.05,1374601
2021-06-10 10:00:00,736.05,1374605
2021-06-10 10:00:02,736.1,1375146
2021-06-10 10:00:02,736.1,1375046
2021-06-10 10:00:03,736.1,1375176
2021-06-10 10:00:04,736.1,1375201
2021-06-10 10:00:05,736.1,1375207
2021-06-10 10:00:06,736.1,1375232
2021-06-10 10:00:08,736.0,1375275
2021-06-10 10:00:09,736.0,1375343
2021-06-10 10:00:10,736.0,1375351
2021-06-10 10:00:11,736.0,1375597
2021-06-10 10:00:12,736.0,1375646
2021-06-10 10:00:13,736.0,1375651
2021-06-10 10:00:14,736.05,1375661
2021-06-10 10:00:15,736.05,1375665
2021-06-10 10:00:17,736.15,1376167
2021-06-10 10:00:18,736.15,1376167
2021-06-10 10:00:19,736.05,1376351
2021-06-10 10:00:20,736.05,1376475
2021-06-10 10:00:21,736.15,1376490
2021-06-10 10:00:22,736.05,1376526
2021-06-10 10:00:23,736.05,1376529
2021-06-10 10:00:24,736.05,1376530
2021-06-10 10:00:25,736.05,1376530
2021-06-10 10:00:26,736.05,1376530
2021-06-10 10:00:27,736.05,1376531
2021-06-10 10:00:28,736.25,1376532
2021-06-10 10:00:29,736.35,1376924
2021-06-10 10:00:30,736.35,1377138
2021-06-10 10:00:31,736.35,1377140
2021-06-10 10:00:32,736.35,1377140
2021-06-10 10:00:33,736.35,1377140
2021-06-10 10:00:34,736.15,1377191
2021-06-10 10:00:35,736.45,1377695
2021-06-10 10:00:36,736.45,1377695
2021-06-10 10:00:37,736.45,1377891
2021-06-10 10:00:38,736.15,1378013
2021-06-10 10:00:39,736.15,1378023
2021-06-10 10:00:40,736.4,1378634
2021-06-10 10:00:41,736.35,1378653
2021-06-10 10:00:42,736.15,1378669
2021-06-10 10:00:43,736.15,1378781
2021-06-10 10:00:45,736.35,1378801
2021-06-10 10:00:46,736.15,1378860
2021-06-10 10:00:47,736.4,1379191
2021-06-10 10:00:48,736.4,1379284
2021-06-10 10:00:49,736.5,1379480
2021-06-10 10:00:50,736.5,1379522
2021-06-10 10:00:52,736.5,1379522
2021-06-10 10:00:53,736.5,1379577
2021-06-10 10:00:54,736.4,1379587
2021-06-10 10:00:55,736.5,1379655
2021-06-10 10:00:57,736.5,1380018
2021-06-10 10:00:58,736.5,1380058
2021-06-10 10:00:59,736.5,1380058
2021-06-10 10:00:59,736.5,1380058
2021-06-10 10:01:00,736.45,1380063
2021-06-10 10:01:02,736.6,1380195
2021-06-10 10:01:03,736.6,1380195
2021-06-10 10:01:04,736.6,1380227
2021-06-10 10:01:05,736.6,1380272
2021-06-10 10:01:06,736.6,1380272
2021-06-10 10:01:07,736.7,1380472
2021-06-10 10:01:08,736.7,1380658
2021-06-10 10:01:10,736.7,1380709
2021-06-10 10:01:10,736.5,1380727
2021-06-10 10:01:12,736.6,1380753
2021-06-10 10:01:12,736.6,1380771
2021-06-10 10:01:13,736.6,1380824
2021-06-10 10:01:14,736.0,1386089
2021-06-10 10:01:15,736.0,1386391
2021-06-10 10:01:17,736.2,1386969
2021-06-10 10:01:18,736.2,1386969
2021-06-10 10:01:19,736.25,1387515
2021-06-10 10:01:20,736.2,1387517
2021-06-10 10:01:22,736.2,1387619
2021-06-10 10:01:23,736.2,1387619
2021-06-10 10:01:24,736.05,1387663
2021-06-10 10:01:25,736.05,1387666
2021-06-10 10:01:27,736.35,1387949
2021-06-10 10:01:28,736.0,1387954
2021-06-10 10:01:29,736.0,1388055
2021-06-10 10:01:30,736.15,1388168
2021-06-10 10:01:32,736.45,1388351
2021-06-10 10:01:33,736.45,1388351
2021-06-10 10:01:34,736.35,1388621
2021-06-10 10:01:35,736.35,1388821
2021-06-10 10:01:36,736.35,1388949
2021-06-10 10:01:37,736.25,1388950
2021-06-10 10:01:38,736.25,1388965
2021-06-10 10:01:39,736.35,1389001
2021-06-10 10:01:40,736.25,1389008
2021-06-10 10:01:41,736.15,1389019
2021-06-10 10:01:42,736.15,1389020
2021-06-10 10:01:42,736.15,1389020
2021-06-10 10:01:43,736.2,1389021
2021-06-10 10:01:44,736.25,1389419
2021-06-10 10:01:45,736.15,1389430
2021-06-10 10:01:46,736.15,1389435
2021-06-10 10:01:47,736.2,1389736
2021-06-10 10:01:49,736.2,1389736
2021-06-10 10:01:50,736.15,1389768
2021-06-10 10:01:51,736.2,1389842
2021-06-10 10:01:52,736.1,1390670
2021-06-10 10:01:53,736.1,1390761
2021-06-10 10:01:54,736.1,1390768
2021-06-10 10:01:55,736.2,1390780
2021-06-10 10:01:56,736.1,1390803
2021-06-10 10:01:57,736.1,1390810
2021-06-10 10:01:58,736.1,1390810
2021-06-10 10:01:59,736.2,1390827
2021-06-10 10:02:01,736.1,1390831
2021-06-10 10:02:02,736.2,1390836
2021-06-10 10:02:03,735.6,1401222
2021-06-10 10:02:04,735.6,1402019
2021-06-10 10:02:05,735.6,1402145
2021-06-10 10:02:06,735.5,1402185
2021-06-10 10:02:07,735.35,1403139
2021-06-10 10:02:08,735.25,1404129
2021-06-10 10:02:09,735.25,1404854
2021-06-10 10:02:10,735.05,1405581
2021-06-10 10:02:11,735.3,1409183
2021-06-10 10:02:12,735.3,1409184
2021-06-10 10:02:14,735.0,1409336
2021-06-10 10:02:15,735.25,1409990
2021-06-10 10:02:16,735.25,1410156
2021-06-10 10:02:17,735.0,1411405
2021-06-10 10:02:18,735.0,1411774
2021-06-10 10:02:19,735.3,1412393
2021-06-10 10:02:20,735.0,1412478
2021-06-10 10:02:21,735.0,1412888
2021-06-10 10:02:22,735.0,1413051
2021-06-10 10:02:23,735.3,1413094
2021-06-10 10:02:24,735.3,1413094
2021-06-10 10:02:25,735.3,1413140
2021-06-10 10:02:26,735.0,1413218
2021-06-10 10:02:29,735.0,1413288
2021-06-10 10:02:29,735.0,1413288
2021-06-10 10:02:31,735.45,1413345
2021-06-10 10:02:32,735.45,1413374
2021-06-10 10:02:33,735.45,1413375
2021-06-10 10:02:34,735.45,1413387
2021-06-10 10:02:34,735.45,1413387
2021-06-10 10:02:37,735.3,1413398
2021-06-10 10:02:38,735.5,1413653
2021-06-10 10:02:39,735.5,1413653
2021-06-10 10:02:40,735.5,1413653
2021-06-10 10:02:41,735.45,1413814
2021-06-10 10:02:42,735.45,1413814
2021-06-10 10:02:43,735.1,1413951
2021-06-10 10:02:44,735.3,1414464
2021-06-10 10:02:45,735.1,1414673
2021-06-10 10:02:45,735.3,1414565
2021-06-10 10:02:46,735.1,1414759
2021-06-10 10:02:47,735.15,1414771
2021-06-10 10:02:48,735.2,1414772
2021-06-10 10:02:49,735.0,1421074
2021-06-10 10:02:51,735.3,1421631
2021-06-10 10:02:52,735.3,1421631
2021-06-10 10:02:53,735.3,1421631
2021-06-10 10:02:54,735.1,1421648
2021-06-10 10:02:55,735.0,1421850
2021-06-10 10:02:57,735.0,1422077
2021-06-10 10:02:58,735.25,1422092
2021-06-10 10:02:59,735.0,1422169
2021-06-10 10:03:00,735.25,1423175
2021-06-10 10:03:01,735.0,1423190
2021-06-10 10:03:02,735.15,1423216
2021-06-10 10:03:04,735.05,1424938
2021-06-10 10:03:05,734.8,1425019
2021-06-10 10:03:06,734.8,1425056
2021-06-10 10:03:07,734.55,1426997
2021-06-10 10:03:08,734.4,1430488
2021-06-10 10:03:09,734.35,1431028
2021-06-10 10:03:10,734.35,1431039
2021-06-10 10:03:11,734.2,1431040
2021-06-10 10:03:12,734.2,1431040
2021-06-10 10:03:13,734.2,1431074
2021-06-10 10:03:14,734.35,1431387
2021-06-10 10:03:15,734.4,1432128
2021-06-10 10:03:16,734.4,1432412
2021-06-10 10:03:17,734.55,1432612
2021-06-10 10:03:18,734.55,1432642
2021-06-10 10:03:19,734.55,1432653
2021-06-10 10:03:20,734.35,1433202
2021-06-10 10:03:21,734.1,1433603
2021-06-10 10:03:22,734.35,1433670
2021-06-10 10:03:23,734.45,1433780
2021-06-10 10:03:24,734.4,1434487
2021-06-10 10:03:25,734.5,1434624
2021-06-10 10:03:26,734.8,1435394
2021-06-10 10:03:28,735.0,1435778
2021-06-10 10:03:29,735.0,1435816
2021-06-10 10:03:30,734.8,1435818
2021-06-10 10:03:31,734.6,1438966
2021-06-10 10:03:32,735.0,1439243
2021-06-10 10:03:33,734.7,1439340
2021-06-10 10:03:34,734.7,1439348
2021-06-10 10:03:35,734.5,1439365
2021-06-10 10:03:36,734.95,1439424
2021-06-10 10:03:37,734.95,1439449
2021-06-10 10:03:38,734.8,1439574
2021-06-10 10:03:39,734.6,1439824
2021-06-10 10:03:40,734.55,1440844
2021-06-10 10:03:41,734.5,1441055
2021-06-10 10:03:42,734.8,1441077
2021-06-10 10:03:43,734.55,1441078
2021-06-10 10:03:44,734.55,1441086
2021-06-10 10:03:45,735.0,1441727
2021-06-10 10:03:46,735.0,1441727
2021-06-10 10:03:47,735.0,1441777
2021-06-10 10:03:48,734.8,1441778
2021-06-10 10:03:49,734.8,1441778
2021-06-10 10:03:49,734.8,1441819
2021-06-10 10:03:50,734.55,1441900
2021-06-10 10:03:51,734.8,1441912
2021-06-10 10:03:53,734.55,1442117
2021-06-10 10:03:55,734.95,1442321
2021-06-10 10:03:57,734.85,1442543
2021-06-10 10:03:58,734.95,1442663
2021-06-10 10:03:59,734.95,1442763
2021-06-10 10:04:00,734.8,1442773
2021-06-10 10:04:02,734.7,1443421
2021-06-10 10:04:03,734.7,1443432
2021-06-10 10:04:04,734.7,1443443
2021-06-10 10:04:05,735.0,1443461
2021-06-10 10:04:06,734.8,1443550
2021-06-10 10:04:07,734.8,1443587
2021-06-10 10:04:08,734.8,1443590
2021-06-10 10:04:09,734.8,1443761
2021-06-10 10:04:10,734.8,1443877
2021-06-10 10:04:11,734.8,1443891
2021-06-10 10:04:12,734.8,1443892
2021-06-10 10:04:13,734.8,1443904
2021-06-10 10:04:14,734.8,1443905
2021-06-10 10:04:15,734.85,1443906
2021-06-10 10:04:16,735.0,1443949
2021-06-10 10:04:20,734.85,1444063
2021-06-10 10:04:21,734.85,1444154
2021-06-10 10:04:22,734.85,1444160
2021-06-10 10:04:23,735.0,1444195
2021-06-10 10:04:26,735.0,1444432
2021-06-10 10:04:27,735.0,1444432
2021-06-10 10:04:28,735.0,1444652
2021-06-10 10:04:29,734.8,1444892
2021-06-10 10:04:30,734.8,1444910
2021-06-10 10:04:31,735.0,1444920
2021-06-10 10:04:32,734.85,1445118
2021-06-10 10:04:33,734.95,1445504
2021-06-10 10:04:34,734.85,1445560
2021-06-10 10:04:35,734.85,1445561
2021-06-10 10:04:36,734.95,1445747
2021-06-10 10:04:37,734.95,1445852
2021-06-10 10:04:38,734.95,1445925
2021-06-10 10:04:39,734.95,1445925
2021-06-10 10:04:40,734.95,1445925
2021-06-10 10:04:41,734.8,1446026
2021-06-10 10:04:42,734.8,1446158
2021-06-10 10:04:43,734.8,1446167
2021-06-10 10:04:44,735.0,1447167
2021-06-10 10:04:45,735.0,1447167
2021-06-10 10:04:46,734.8,1447208
2021-06-10 10:04:47,734.95,1447536
2021-06-10 10:04:48,735.1,1453489
2021-06-10 10:04:49,735.1,1454106
2021-06-10 10:04:51,735.1,1454163
2021-06-10 10:04:52,735.2,1454164
2021-06-10 10:04:53,735.2,1454182
2021-06-10 10:04:54,735.4,1454310
2021-06-10 10:04:56,735.5,1454519
2021-06-10 10:04:57,735.35,1454656
2021-06-10 10:04:58,735.4,1454682
2021-06-10 10:04:59,735.4,1454688
2021-06-10 10:05:02,735.35,1454710
2021-06-10 10:05:03,735.5,1454740
2021-06-10 10:05:04,735.5,1454740
2021-06-10 10:05:05,735.45,1455212
2021-06-10 10:05:06,735.5,1455246
2021-06-10 10:05:07,735.5,1455346
2021-06-10 10:05:08,735.4,1455350
2021-06-10 10:05:09,735.5,1455469
2021-06-10 10:05:10,735.5,1455494
2021-06-10 10:05:11,735.4,1455567
2021-06-10 10:05:12,735.4,1455580
2021-06-10 10:05:13,735.4,1455606
2021-06-10 10:05:15,735.65,1456027
2021-06-10 10:05:16,735.55,1456717
2021-06-10 10:05:17,735.9,1456776
2021-06-10 10:05:18,735.55,1456786
2021-06-10 10:05:19,735.9,1456788
2021-06-10 10:05:20,735.55,1456894
2021-06-10 10:05:21,735.6,1456955
2021-06-10 10:05:22,735.6,1456963
2021-06-10 10:05:23,735.9,1456966
2021-06-10 10:05:24,735.85,1456996
2021-06-10 10:05:26,735.9,1457369
2021-06-10 10:05:27,735.9,1457369
2021-06-10 10:05:29,735.9,1457399
2021-06-10 10:05:28,735.9,1457399
2021-06-10 10:05:30,735.9,1457399
2021-06-10 10:05:31,735.9,1457399
2021-06-10 10:05:32,735.6,1457898
2021-06-10 10:05:33,735.75,1458020
2021-06-10 10:05:34,735.55,1458137
2021-06-10 10:05:35,735.55,1458404
2021-06-10 10:05:36,735.5,1458829
2021-06-10 10:05:38,735.7,1458884
2021-06-10 10:05:39,735.5,1459384
2021-06-10 10:05:40,735.4,1459666
2021-06-10 10:05:41,735.4,1459686
2021-06-10 10:05:42,735.4,1460265
2021-06-10 10:05:43,735.4,1460310
2021-06-10 10:05:44,735.4,1460313
2021-06-10 10:05:45,735.35,1461495
2021-06-10 10:05:46,735.35,1461497
2021-06-10 10:05:47,735.3,1461499
2021-06-10 10:05:48,735.3,1461601
2021-06-10 10:05:49,735.3,1461733
2021-06-10 10:05:50,735.1,1461814
2021-06-10 10:05:51,735.1,1461820
2021-06-10 10:05:52,735.1,1461960
2021-06-10 10:05:53,735.3,1461981
2021-06-10 10:05:54,735.1,1461990
2021-06-10 10:05:55,735.1,1462345
2021-06-10 10:05:56,735.0,1464374
2021-06-10 10:05:57,735.0,1464414
2021-06-10 10:05:58,734.85,1464415
2021-06-10 10:05:59,734.85,1464415
2021-06-10 10:06:00,734.85,1464418
2021-06-10 10:06:01,734.85,1464444
2021-06-10 10:06:02,734.85,1464748
2021-06-10 10:06:03,734.8,1464963
2021-06-10 10:06:05,734.85,1465048
2021-06-10 10:06:06,734.85,1465091
2021-06-10 10:06:07,734.6,1465141
2021-06-10 10:06:08,734.85,1465534
2021-06-10 10:06:09,734.85,1465634
2021-06-10 10:06:10,734.8,1465829
2021-06-10 10:06:11,734.65,1465854
2021-06-10 10:06:13,735.0,1465899
2021-06-10 10:06:14,734.9,1466005
2021-06-10 10:06:15,734.9,1466013
2021-06-10 10:06:17,735.0,1466021
2021-06-10 10:06:18,734.9,1466202
2021-06-10 10:06:19,735.15,1466217
2021-06-10 10:06:20,734.85,1466467
2021-06-10 10:06:22,735.0,1466615
2021-06-10 10:06:23,735.0,1466745
2021-06-10 10:06:25,734.8,1466855
2021-06-10 10:06:25,734.8,1466848
2021-06-10 10:06:26,735.0,1466903
2021-06-10 10:06:27,734.75,1467005
2021-06-10 10:06:28,734.8,1467022
2021-06-10 10:06:29,734.75,1467032
2021-06-10 10:06:30,734.55,1469768
2021-06-10 10:06:31,734.7,1469963
2021-06-10 10:06:32,734.7,1469977
2021-06-10 10:06:33,734.85,1469988
2021-06-10 10:06:35,734.8,1470086
2021-06-10 10:06:36,735.0,1470125
2021-06-10 10:06:37,734.75,1470280
2021-06-10 10:06:38,735.0,1470293
2021-06-10 10:06:39,734.8,1470344
2021-06-10 10:06:40,735.0,1470548
2021-06-10 10:06:41,735.0,1470549
2021-06-10 10:06:42,735.0,1470553
2021-06-10 10:06:44,735.1,1472030
2021-06-10 10:06:45,735.05,1472191
2021-06-10 10:06:47,735.05,1472200
2021-06-10 10:06:48,735.1,1472215
2021-06-10 10:06:48,735.3,1472211
2021-06-10 10:06:49,735.0,1475812
2021-06-10 10:06:50,734.9,1475922
2021-06-10 10:06:51,735.0,1476064
2021-06-10 10:06:52,735.0,1476114
2021-06-10 10:06:53,735.0,1476114
2021-06-10 10:06:54,735.0,1476564
2021-06-10 10:06:55,735.0,1476919
2021-06-10 10:06:56,735.0,1476959
2021-06-10 10:06:57,735.0,1477171
2021-06-10 10:06:58,734.7,1477181
2021-06-10 10:07:00,734.8,1477315
2021-06-10 10:06:59,735.0,1477312
2021-06-10 10:07:01,735.0,1477342
2021-06-10 10:07:02,734.8,1477396
2021-06-10 10:07:03,734.8,1477396
2021-06-10 10:07:04,734.75,1477398
2021-06-10 10:07:05,734.7,1477780
2021-06-10 10:07:06,735.0,1477850
2021-06-10 10:07:07,734.7,1477987
2021-06-10 10:07:08,734.7,1478005
2021-06-10 10:07:09,734.7,1478006
2021-06-10 10:07:10,734.7,1478006
2021-06-10 10:07:11,735.0,1478007
2021-06-10 10:07:12,734.9,1478012
2021-06-10 10:07:13,735.0,1478016
2021-06-10 10:07:14,735.0,1478217
2021-06-10 10:07:16,735.0,1478257
2021-06-10 10:07:17,735.0,1478257
2021-06-10 10:07:17,735.0,1478257
2021-06-10 10:07:19,735.0,1478268
2021-06-10 10:07:19,735.0,1478270
2021-06-10 10:07:20,734.8,1478289
2021-06-10 10:07:22,734.8,1478294
2021-06-10 10:07:23,734.8,1478294
2021-06-10 10:07:24,734.8,1478295
2021-06-10 10:07:25,734.8,1478347
2021-06-10 10:07:26,734.95,1478490
2021-06-10 10:07:27,734.95,1478490
2021-06-10 10:07:28,734.95,1478490
2021-06-10 10:07:29,734.85,1478740
2021-06-10 10:07:30,734.85,1478801
2021-06-10 10:07:31,734.85,1478806
2021-06-10 10:07:32,734.85,1478806
2021-06-10 10:07:33,734.85,1478806
2021-06-10 10:07:34,734.9,1479431
2021-06-10 10:07:35,734.9,1479475
2021-06-10 10:07:36,734.9,1479553
2021-06-10 10:07:37,734.9,1479559
2021-06-10 10:07:38,735.0,1479561
2021-06-10 10:07:39,735.0,1479567
2021-06-10 10:07:40,735.0,1479567
2021-06-10 10:07:41,735.0,1480037
2021-06-10 10:07:42,735.0,1480043
2021-06-10 10:07:43,734.9,1480060
2021-06-10 10:07:44,734.9,1480062
2021-06-10 10:07:45,735.0,1480227
2021-06-10 10:07:46,734.85,1480327
2021-06-10 10:07:47,734.85,1480361
2021-06-10 10:07:49,735.0,1480709
2021-06-10 10:07:50,735.0,1480709
2021-06-10 10:07:51,734.8,1482434
2021-06-10 10:07:52,734.8,1482555
2021-06-10 10:07:53,734.75,1483061
2021-06-10 10:07:54,734.7,1483067
2021-06-10 10:07:55,734.75,1483156
2021-06-10 10:07:56,734.75,1483156
2021-06-10 10:07:57,734.75,1483185
2021-06-10 10:07:59,734.7,1483868
2021-06-10 10:07:59,734.65,1483821
2021-06-10 10:08:00,734.55,1484067
2021-06-10 10:08:01,734.55,1484468
2021-06-10 10:08:02,734.55,1484592
2021-06-10 10:08:03,734.5,1485020
2021-06-10 10:08:04,734.55,1485924
2021-06-10 10:08:05,734.55,1486477
2021-06-10 10:08:06,734.6,1486909
2021-06-10 10:08:08,734.25,1487559
2021-06-10 10:08:09,734.15,1487621
2021-06-10 10:08:10,734.1,1490464
2021-06-10 10:08:11,734.1,1490663
2021-06-10 10:08:11,734.1,1490663
2021-06-10 10:08:13,734.1,1491634
2021-06-10 10:08:14,734.0,1499175
2021-06-10 10:08:15,734.0,1500919
2021-06-10 10:08:16,734.1,1501480
2021-06-10 10:08:19,734.2,1501597
2021-06-10 10:08:19,734.35,1501598
2021-06-10 10:08:20,734.35,1501598
2021-06-10 10:08:21,734.5,1501648
2021-06-10 10:08:22,734.5,1501898
2021-06-10 10:08:23,734.5,1501906
2021-06-10 10:08:24,734.1,1502206
2021-06-10 10:08:26,734.2,1502268
2021-06-10 10:08:27,734.5,1502285
2021-06-10 10:08:29,734.25,1502368
2021-06-10 10:08:30,734.35,1502377
2021-06-10 10:08:31,734.35,1502377
2021-06-10 10:08:33,734.45,1507164
2021-06-10 10:08:34,734.45,1507164
2021-06-10 10:08:35,734.45,1507165
2021-06-10 10:08:35,734.45,1507165
2021-06-10 10:08:36,734.45,1507204
2021-06-10 10:08:37,734.45,1507346
2021-06-10 10:08:38,734.75,1508602
2021-06-10 10:08:39,734.9,1508746
2021-06-10 10:08:41,734.65,1508847
2021-06-10 10:08:41,734.65,1508854
2021-06-10 10:08:42,734.65,1508855
2021-06-10 10:08:43,734.65,1508955
2021-06-10 10:08:44,734.65,1508962
2021-06-10 10:08:45,734.8,1509002
2021-06-10 10:08:46,734.85,1509122
2021-06-10 10:08:48,734.85,1509129
2021-06-10 10:08:48,734.85,1509129
2021-06-10 10:08:50,734.85,1509129
2021-06-10 10:08:51,734.85,1509129
2021-06-10 10:08:52,734.8,1509140
2021-06-10 10:08:53,734.8,1509142
2021-06-10 10:08:54,734.8,1509142
2021-06-10 10:08:55,734.85,1509147
2021-06-10 10:08:56,734.7,1510158
2021-06-10 10:08:57,734.7,1510158
2021-06-10 10:08:58,734.65,1510423
2021-06-10 10:08:58,734.65,1510408
2021-06-10 10:09:00,734.5,1510549
2021-06-10 10:09:01,734.5,1510562
2021-06-10 10:09:02,734.75,1510603
2021-06-10 10:09:02,734.75,1510603
2021-06-10 10:09:03,734.75,1510603
2021-06-10 10:09:04,734.75,1510603
2021-06-10 10:09:05,734.75,1510671
2021-06-10 10:09:06,734.75,1510706
2021-06-10 10:09:08,734.75,1510825
2021-06-10 10:09:09,734.75,1510830
2021-06-10 10:09:10,734.75,1510830
2021-06-10 10:09:11,734.65,1510880
2021-06-10 10:09:12,734.65,1511508
2021-06-10 10:09:12,734.65,1511508
2021-06-10 10:09:13,734.65,1511562
2021-06-10 10:09:14,734.65,1511573
2021-06-10 10:09:15,734.7,1511711
2021-06-10 10:09:16,734.7,1511739
2021-06-10 10:09:18,734.7,1511739
2021-06-10 10:09:19,734.7,1511739
2021-06-10 10:09:20,734.7,1511740
2021-06-10 10:09:21,734.5,1511990
2021-06-10 10:09:22,734.5,1512063
2021-06-10 10:09:22,734.5,1512068
2021-06-10 10:09:23,734.7,1512119
2021-06-10 10:09:24,734.7,1512119
2021-06-10 10:09:25,734.7,1512159
2021-06-10 10:09:26,734.7,1512259
2021-06-10 10:09:27,734.7,1512309
2021-06-10 10:09:28,734.85,1515562
2021-06-10 10:09:30,734.85,1515563
2021-06-10 10:09:31,734.65,1515573
2021-06-10 10:09:32,734.6,1515583
2021-06-10 10:09:33,734.6,1515584
2021-06-10 10:09:34,734.6,1515621
2021-06-10 10:09:34,734.6,1515621
2021-06-10 10:09:35,734.9,1516000
2021-06-10 10:09:38,734.9,1516323
2021-06-10 10:09:39,734.9,1516323
2021-06-10 10:09:40,734.9,1516323
2021-06-10 10:09:41,734.8,1516400
2021-06-10 10:09:42,734.8,1516409
2021-06-10 10:09:43,735.0,1517496
2021-06-10 10:09:43,735.0,1517496
2021-06-10 10:09:44,735.0,1517548
2021-06-10 10:09:45,735.0,1517786
2021-06-10 10:09:47,735.0,1518151
2021-06-10 10:09:48,734.8,1518228
2021-06-10 10:09:50,734.8,1518995
2021-06-10 10:09:51,734.7,1519062
2021-06-10 10:09:52,734.8,1519117
2021-06-10 10:09:52,734.8,1519117
2021-06-10 10:09:53,734.7,1519144
2021-06-10 10:09:54,734.85,1519494
2021-06-10 10:09:55,734.85,1519594
2021-06-10 10:09:56,734.85,1519594
2021-06-10 10:09:57,734.85,1519681
2021-06-10 10:09:59,734.8,1519774
2021-06-10 10:10:02,734.65,1519985
2021-06-10 10:10:02,734.8,1519992
2021-06-10 10:10:03,734.65,1520009
2021-06-10 10:10:04,734.65,1520082
2021-06-10 10:10:05,734.8,1520154
2021-06-10 10:10:06,734.6,1520166
2021-06-10 10:10:08,734.6,1520167
2021-06-10 10:10:09,734.75,1520668
2021-06-10 10:10:10,734.75,1520668
2021-06-10 10:10:10,734.75,1520668
2021-06-10 10:10:11,734.75,1520688
2021-06-10 10:10:12,734.75,1520690
2021-06-10 10:10:13,734.7,1520691
2021-06-10 10:10:14,734.45,1520709
2021-06-10 10:10:16,734.75,1520763
2021-06-10 10:10:17,734.75,1520763
2021-06-10 10:10:18,734.75,1520770
2021-06-10 10:10:18,734.75,1520770
2021-06-10 10:10:19,734.75,1520770
2021-06-10 10:10:20,734.75,1520944
2021-06-10 10:10:22,734.75,1521031
2021-06-10 10:10:23,734.75,1521114
2021-06-10 10:10:24,734.55,1521432
2021-06-10 10:10:25,734.75,1521897
2021-06-10 10:10:26,734.85,1522288
2021-06-10 10:10:27,734.75,1522376
2021-06-10 10:10:28,734.85,1522476
2021-06-10 10:10:29,734.85,1522476
2021-06-10 10:10:30,734.85,1522476
2021-06-10 10:10:31,734.85,1522476
2021-06-10 10:10:32,734.7,1522618
2021-06-10 10:10:33,734.7,1522626
2021-06-10 10:10:34,734.8,1522833
2021-06-10 10:10:34,734.8,1522833
2021-06-10 10:10:35,734.5,1524279
2021-06-10 10:10:37,734.5,1524429
2021-06-10 10:10:38,734.5,1524429
2021-06-10 10:10:39,734.5,1524562
2021-06-10 10:10:40,734.5,1524585
2021-06-10 10:10:42,734.5,1525307
2021-06-10 10:10:44,734.5,1525707
2021-06-10 10:10:45,734.35,1525807
2021-06-10 10:10:46,734.5,1525876
2021-06-10 10:10:48,734.7,1526005
2021-06-10 10:10:48,734.7,1526005
2021-06-10 10:10:49,734.7,1526092
2021-06-10 10:10:50,734.7,1526092
2021-06-10 10:10:51,734.7,1526339
2021-06-10 10:10:53,734.7,1526340
2021-06-10 10:10:54,734.5,1526370
2021-06-10 10:10:55,734.6,1526561
2021-06-10 10:10:56,734.75,1526622
2021-06-10 10:10:57,734.8,1526657
2021-06-10 10:10:58,734.8,1526660
2021-06-10 10:10:58,734.8,1526660
2021-06-10 10:10:59,734.75,1526721
2021-06-10 10:11:00,734.7,1526725
2021-06-10 10:11:01,734.55,1526727
2021-06-10 10:11:03,734.55,1526752
2021-06-10 10:11:04,734.55,1526764
2021-06-10 10:11:05,734.55,1526768
2021-06-10 10:11:06,734.9,1526809
2021-06-10 10:11:07,734.9,1526819
2021-06-10 10:11:08,734.9,1526837
2021-06-10 10:11:08,734.75,1526835
2021-06-10 10:11:09,734.9,1526837
2021-06-10 10:11:10,735.0,1527266
2021-06-10 10:11:11,735.0,1527268
2021-06-10 10:11:12,734.9,1527278
2021-06-10 10:11:13,734.9,1527279
2021-06-10 10:11:14,735.0,1527284
2021-06-10 10:11:15,735.0,1527353
2021-06-10 10:11:16,735.0,1527353
2021-06-10 10:11:17,735.0,1527353
2021-06-10 10:11:18,735.0,1531486
2021-06-10 10:11:20,734.95,1531586
2021-06-10 10:11:21,734.95,1531593
2021-06-10 10:11:22,734.95,1531599
2021-06-10 10:11:22,735.15,1531929
2021-06-10 10:11:23,735.3,1532151
2021-06-10 10:11:24,735.3,1532153
2021-06-10 10:11:25,735.3,1532153
2021-06-10 10:11:28,735.35,1532453
2021-06-10 10:11:29,735.2,1532454
2021-06-10 10:11:30,735.5,1532733
2021-06-10 10:11:31,735.5,1532733
2021-06-10 10:11:32,735.5,1532983
2021-06-10 10:11:33,735.5,1532983
2021-06-10 10:11:34,735.5,1532983
2021-06-10 10:11:35,735.25,1533003
2021-06-10 10:11:35,735.25,1533003
2021-06-10 10:11:38,735.2,1533187
2021-06-10 10:11:39,735.25,1533202
2021-06-10 10:11:40,735.25,1533208
2021-06-10 10:11:41,735.2,1533301
2021-06-10 10:11:42,735.25,1533732
2021-06-10 10:11:43,735.25,1533773
2021-06-10 10:11:44,735.25,1533776
2021-06-10 10:11:45,735.25,1534613
2021-06-10 10:11:46,735.15,1535240
2021-06-10 10:11:47,734.95,1536287
2021-06-10 10:11:48,735.0,1536457
2021-06-10 10:11:48,735.0,1536457
2021-06-10 10:11:49,735.0,1536755
2021-06-10 10:11:50,734.9,1536773
2021-06-10 10:11:51,734.9,1536783
2021-06-10 10:11:52,735.0,1538014
2021-06-10 10:11:53,735.0,1538064
2021-06-10 10:11:54,735.0,1538068
2021-06-10 10:11:55,735.0,1538121
2021-06-10 10:11:57,735.0,1538121
2021-06-10 10:11:58,734.8,1538194
2021-06-10 10:12:00,734.75,1538210
2021-06-10 10:12:01,734.75,1538214
2021-06-10 10:12:02,734.75,1538214
2021-06-10 10:12:03,734.75,1538214
2021-06-10 10:12:04,734.75,1538294
2021-06-10 10:12:04,734.75,1538300
2021-06-10 10:12:05,734.75,1538300
2021-06-10 10:12:07,734.75,1538300
2021-06-10 10:12:08,734.75,1538300
2021-06-10 10:12:09,734.75,1538300
2021-06-10 10:12:10,735.0,1538310
2021-06-10 10:12:11,735.0,1538311
2021-06-10 10:12:12,735.0,1538311
2021-06-10 10:12:13,735.1,1538611
