timestamp,ltp,volume
2021-06-10 09:16:08,157.55,205314
2021-06-10 09:16:15,157.4,216331
2021-06-10 09:16:26,157.45,226248
2021-06-10 09:16:31,157.4,235787
2021-06-10 09:16:36,157.45,253637
2021-06-10 09:16:42,157.45,256188
2021-06-10 09:16:52,157.55,270157
2021-06-10 09:16:57,157.55,276664
2021-06-10 09:17:02,157.55,281478
2021-06-10 09:17:13,157.5,298609
2021-06-10 09:17:18,157.55,340730
2021-06-10 09:17:23,157.65,343287
2021-06-10 09:17:28,157.75,350985
2021-06-10 09:17:32,157.9,362586
2021-06-10 09:17:38,157.85,365443
2021-06-10 09:17:43,157.8,393835
2021-06-10 09:17:48,157.65,420482
2021-06-10 09:17:53,157.45,460307
2021-06-10 09:18:09,157.4,484316
2021-06-10 09:18:14,157.35,510135
2021-06-10 09:18:19,157.3,519901
2021-06-10 09:18:24,157.05,550646
2021-06-10 09:18:29,157.3,570063
2021-06-10 09:18:34,157.05,619533
2021-06-10 09:18:39,157.15,622586
2021-06-10 09:18:44,157.05,627890
2021-06-10 09:18:49,157.05,631540
2021-06-10 09:19:10,157.05,662882
2021-06-10 09:19:35,157.1,676657
2021-06-10 09:19:40,157.1,680168
2021-06-10 09:19:45,157.05,682113
2021-06-10 09:19:50,157.05,705061
2021-06-10 09:19:55,157.1,706095
2021-06-10 09:20:00,157.05,714586
2021-06-10 09:20:05,157.0,735028
2021-06-10 09:20:10,157.05,740035
2021-06-10 09:20:15,156.95,743707
2021-06-10 09:20:20,157.05,744732
2021-06-10 09:20:25,156.95,750531
2021-06-10 09:20:30,156.95,763133
2021-06-10 09:20:35,156.85,843986
2021-06-10 09:20:40,156.85,946966
2021-06-10 09:20:45,156.95,957990
2021-06-10 09:20:49,156.95,962411
2021-06-10 09:20:54,156.95,963244
2021-06-10 09:20:59,156.95,964291
2021-06-10 09:21:04,157.0,964589
2021-06-10 09:21:09,157.1,974721
2021-06-10 09:21:13,157.15,991994
2021-06-10 09:21:18,157.3,993714
2021-06-10 09:21:23,157.25,998837
2021-06-10 09:21:28,157.25,1000837
2021-06-10 09:21:33,157.3,1001397
2021-06-10 09:21:38,157.3,1006515
2021-06-10 09:21:43,157.25,1013387
2021-06-10 09:21:53,157.3,1033156
2021-06-10 09:21:57,157.45,1033638
2021-06-10 09:22:02,157.5,1046243
2021-06-10 09:22:07,157.5,1047675
2021-06-10 09:22:12,157.45,1053325
2021-06-10 09:22:17,157.5,1053884
2021-06-10 09:22:22,157.55,1056443
2021-06-10 09:22:27,157.55,1060159
2021-06-10 09:22:31,157.5,1062887
2021-06-10 09:22:36,157.7,1084297
2021-06-10 09:22:41,157.65,1092795
2021-06-10 09:22:46,157.65,1094711
2021-06-10 09:22:50,157.6,1103770
2021-06-10 09:23:00,157.65,1107892
2021-06-10 09:23:05,157.65,1110100
2021-06-10 09:23:10,157.75,1110875
2021-06-10 09:23:15,157.85,1113278
2021-06-10 09:23:19,157.9,1115286
2021-06-10 09:23:24,157.9,1121452
2021-06-10 09:23:29,157.8,1132708
2021-06-10 09:23:33,157.9,1136234
2021-06-10 09:23:38,157.8,1138936
2021-06-10 09:23:43,157.85,1150202
2021-06-10 09:23:48,157.9,1151130
2021-06-10 09:23:52,157.9,1151931
2021-06-10 09:23:57,157.9,1155220
2021-06-10 09:24:02,157.9,1161450
2021-06-10 09:24:07,157.8,1168322
2021-06-10 09:24:16,157.9,1168622
2021-06-10 09:24:21,157.85,1169023
2021-06-10 09:24:26,157.85,1173399
2021-06-10 09:24:30,157.65,1188025
2021-06-10 09:24:35,157.75,1193205
2021-06-10 09:24:39,157.65,1195792
2021-06-10 09:24:44,157.45,1205179
2021-06-10 09:24:49,157.5,1206678
2021-06-10 09:24:53,157.45,1228346
2021-06-10 09:24:58,157.45,1230668
2021-06-10 09:25:02,157.45,1236810
2021-06-10 09:25:07,157.55,1251278
2021-06-10 09:25:16,157.3,1263869
2021-06-10 09:25:21,157.4,1264910
2021-06-10 09:25:26,157.4,1269362
2021-06-10 09:25:30,157.3,1270970
2021-06-10 09:25:35,157.3,1271457
2021-06-10 09:25:39,157.15,1282341
2021-06-10 09:25:49,157.05,1290157
2021-06-10 09:25:53,157.1,1298835
2021-06-10 09:25:58,157.0,1308926
2021-06-10 09:26:03,157.0,1337962
2021-06-10 09:26:08,157.0,1343114
2021-06-10 09:26:12,157.0,1344346
2021-06-10 09:26:17,156.85,1351433
2021-06-10 09:26:22,157.0,1354676
2021-06-10 09:26:27,156.85,1358911
2021-06-10 09:26:32,156.85,1359040
2021-06-10 09:26:37,156.9,1359823
2021-06-10 09:26:41,156.85,1362613
2021-06-10 09:26:46,156.7,1384976
2021-06-10 09:26:55,156.6,1395905
2021-06-10 09:27:00,156.6,1397864
2021-06-10 09:27:05,156.65,1404608
2021-06-10 09:27:10,156.7,1405833
2021-06-10 09:27:14,156.7,1412843
2021-06-10 09:27:19,156.8,1413344
2021-06-10 09:27:24,156.8,1424003
2021-06-10 09:27:29,156.8,1425086
2021-06-10 09:27:34,156.9,1428996
2021-06-10 09:27:38,157.0,1429586
2021-06-10 09:27:43,156.95,1431117
2021-06-10 09:27:48,156.8,1505066
2021-06-10 09:27:52,156.8,1507779
2021-06-10 09:27:54,156.85,1507842
2021-06-10 09:27:54,156.85,1507842
2021-06-10 09:27:56,156.75,1531006
2021-06-10 09:27:57,156.75,1531006
2021-06-10 09:27:58,156.65,1532981
2021-06-10 09:28:01,156.65,1534383
2021-06-10 09:28:02,156.75,1535013
2021-06-10 09:28:03,156.75,1535581
2021-06-10 09:28:04,156.75,1535581
2021-06-10 09:28:05,156.75,1535581
2021-06-10 09:28:06,156.7,1535881
2021-06-10 09:28:07,156.75,1537744
2021-06-10 09:28:07,156.75,1537744
2021-06-10 09:28:08,156.75,1537744
2021-06-10 09:28:09,156.75,1537844
2021-06-10 09:28:10,156.75,1538414
2021-06-10 09:28:11,156.75,1538429
2021-06-10 09:28:13,156.75,1539754
2021-06-10 09:28:14,156.85,1540003
2021-06-10 09:28:16,156.85,1543683
2021-06-10 09:28:18,156.85,1546021
2021-06-10 09:28:19,156.85,1546068
2021-06-10 09:28:20,156.85,1546088
2021-06-10 09:28:21,156.95,1546351
2021-06-10 09:28:22,156.85,1546361
2021-06-10 09:28:23,156.95,1547631
2021-06-10 09:28:24,156.75,1597926
2021-06-10 09:28:26,156.8,1598426
2021-06-10 09:28:26,156.7,1598678
2021-06-10 09:28:28,156.7,1598679
2021-06-10 09:28:28,156.7,1598679
2021-06-10 09:28:30,156.75,1601804
2021-06-10 09:28:31,156.65,1603153
2021-06-10 09:28:31,156.7,1604504
2021-06-10 09:28:33,156.65,1604788
2021-06-10 09:28:33,156.7,1606438
2021-06-10 09:28:34,156.7,1606542
2021-06-10 09:28:35,156.7,1606590
2021-06-10 09:28:36,156.7,1606590
2021-06-10 09:28:38,156.7,1606590
2021-06-10 09:28:39,156.65,1606965
2021-06-10 09:28:40,156.7,1607027
2021-06-10 09:28:40,156.7,1607027
2021-06-10 09:28:42,156.7,1607038
2021-06-10 09:28:43,156.65,1607153
2021-06-10 09:28:44,156.75,1623947
2021-06-10 09:28:45,156.65,1643820
2021-06-10 09:28:47,156.6,1645271
2021-06-10 09:28:46,156.65,1645121
2021-06-10 09:28:47,156.65,1645315
2021-06-10 09:28:48,156.6,1645369
2021-06-10 09:28:49,156.6,1645669
2021-06-10 09:28:50,156.65,1647618
2021-06-10 09:28:51,156.65,1648020
2021-06-10 09:28:52,156.65,1648588
2021-06-10 09:28:53,156.65,1648738
2021-06-10 09:28:54,156.65,1648738
2021-06-10 09:28:55,156.7,1649190
2021-06-10 09:28:56,156.65,1650614
2021-06-10 09:28:57,156.75,1656622
2021-06-10 09:28:58,156.75,1656952
2021-06-10 09:29:00,156.55,1667293
2021-06-10 09:29:01,156.55,1667293
2021-06-10 09:29:02,156.6,1667784
2021-06-10 09:29:03,156.65,1668084
2021-06-10 09:29:04,156.65,1668184
2021-06-10 09:29:05,156.6,1668574
2021-06-10 09:29:06,156.55,1668624
2021-06-10 09:29:07,156.6,1672107
2021-06-10 09:29:08,156.6,1672652
2021-06-10 09:29:09,156.6,1672652
2021-06-10 09:29:10,156.7,1684015
2021-06-10 09:29:12,156.7,1684215
2021-06-10 09:29:14,156.7,1684326
2021-06-10 09:29:16,156.7,1684561
2021-06-10 09:29:17,156.7,1684937
2021-06-10 09:29:18,156.75,1685337
2021-06-10 09:29:19,156.7,1685766
2021-06-10 09:29:20,156.7,1685914
2021-06-10 09:29:21,156.75,1685923
2021-06-10 09:29:22,156.75,1689694
2021-06-10 09:29:23,156.85,1689834
2021-06-10 09:29:24,156.75,1690834
2021-06-10 09:29:25,156.75,1690834
2021-06-10 09:29:26,156.85,1691937
2021-06-10 09:29:27,156.75,1692117
2021-06-10 09:29:28,156.85,1692367
2021-06-10 09:29:29,156.85,1692367
2021-06-10 09:29:30,156.75,1692416
2021-06-10 09:29:31,156.85,1692417
2021-06-10 09:29:32,156.9,1692771
2021-06-10 09:29:33,156.95,1693022
2021-06-10 09:29:34,156.95,1693036
2021-06-10 09:29:35,156.95,1693701
2021-06-10 09:29:36,156.9,1693702
2021-06-10 09:29:37,156.95,1693964
2021-06-10 09:29:38,156.95,1693964
2021-06-10 09:29:38,156.95,1696518
2021-06-10 09:29:39,156.9,1696559
2021-06-10 09:29:42,157.0,1696715
2021-06-10 09:29:43,156.9,1700215
2021-06-10 09:29:44,157.0,1700785
2021-06-10 09:29:45,157.0,1700835
2021-06-10 09:29:46,157.0,1717286
2021-06-10 09:29:47,157.05,1717436
2021-06-10 09:29:48,157.05,1717790
2021-06-10 09:29:48,157.05,1717890
2021-06-10 09:29:49,157.1,1718390
2021-06-10 09:29:50,157.1,1722650
2021-06-10 09:29:51,157.1,1722650
2021-06-10 09:29:52,157.15,1722706
2021-06-10 09:29:53,157.15,1722706
2021-06-10 09:29:54,157.2,1722921
2021-06-10 09:29:55,157.15,1723425
2021-06-10 09:29:56,157.3,1724682
2021-06-10 09:29:57,157.3,1724682
2021-06-10 09:29:58,157.2,1727807
2021-06-10 09:29:59,157.2,1727807
2021-06-10 09:30:01,157.2,1728307
2021-06-10 09:30:02,157.25,1728476
2021-06-10 09:30:02,157.25,1728476
2021-06-10 09:30:03,157.15,1728799
2021-06-10 09:30:04,157.25,1729349
2021-06-10 09:30:05,157.25,1729349
2021-06-10 09:30:07,157.2,1729779
2021-06-10 09:30:08,157.3,1729830
2021-06-10 09:30:09,157.25,1729855
2021-06-10 09:30:10,157.35,1739596
2021-06-10 09:30:10,157.25,1739642
2021-06-10 09:30:11,157.25,1739642
2021-06-10 09:30:12,157.25,1739642
2021-06-10 09:30:13,157.25,1739672
2021-06-10 09:30:14,157.35,1739678
2021-06-10 09:30:16,157.25,1741354
2021-06-10 09:30:16,157.2,1810589
2021-06-10 09:30:17,157.25,1811889
2021-06-10 09:30:18,157.2,1812071
2021-06-10 09:30:19,157.15,1812748
2021-06-10 09:30:20,157.15,1813249
2021-06-10 09:30:21,157.05,1817508
2021-06-10 09:30:22,157.05,1817508
2021-06-10 09:30:23,157.15,1817709
2021-06-10 09:30:24,157.15,1817709
2021-06-10 09:30:25,157.05,1836023
2021-06-10 09:30:26,157.0,1836168
2021-06-10 09:30:27,157.05,1837350
2021-06-10 09:30:28,157.05,1837380
2021-06-10 09:30:29,157.0,1837710
2021-06-10 09:30:31,157.0,1838047
2021-06-10 09:30:32,157.05,1838107
2021-06-10 09:30:34,157.05,1838143
2021-06-10 09:30:35,157.05,1838225
2021-06-10 09:30:36,157.05,1839504
2021-06-10 09:30:39,157.05,1850311
2021-06-10 09:30:40,156.95,1850560
2021-06-10 09:30:42,156.95,1850560
2021-06-10 09:30:43,157.0,1851135
2021-06-10 09:30:44,157.05,1858855
2021-06-10 09:30:45,157.15,1858885
2021-06-10 09:30:46,157.15,1858965
2021-06-10 09:30:47,157.05,1863286
2021-06-10 09:30:48,157.05,1863286
2021-06-10 09:30:49,157.05,1863286
2021-06-10 09:30:50,157.05,1863536
2021-06-10 09:30:51,157.15,1865490
2021-06-10 09:30:52,157.3,1873383
2021-06-10 09:30:53,157.3,1873553
2021-06-10 09:30:54,157.2,1873834
2021-06-10 09:30:55,157.2,1873834
2021-06-10 09:30:56,157.2,1874081
2021-06-10 09:30:57,157.2,1874081
2021-06-10 09:30:58,157.3,1874119
2021-06-10 09:30:59,157.25,1874169
2021-06-10 09:31:00,157.25,1874169
2021-06-10 09:31:02,157.3,1878436
2021-06-10 09:31:02,157.3,1878436
2021-06-10 09:31:04,157.2,1879106
2021-06-10 09:31:04,157.25,1879118
2021-06-10 09:31:05,157.25,1879118
2021-06-10 09:31:06,157.25,1879617
2021-06-10 09:31:07,157.25,1879627
2021-06-10 09:31:08,157.3,1879642
2021-06-10 09:31:09,157.3,1879677
2021-06-10 09:31:10,157.2,1881177
2021-06-10 09:31:11,157.3,1898895
2021-06-10 09:31:12,157.3,1899690
2021-06-10 09:31:13,157.3,1899690
2021-06-10 09:31:14,157.35,1899701
2021-06-10 09:31:16,157.3,1900297
2021-06-10 09:31:17,157.35,1900335
2021-06-10 09:31:18,157.4,1903746
2021-06-10 09:31:20,157.5,1904326
2021-06-10 09:31:21,157.5,1906376
2021-06-10 09:31:22,157.5,1906387
2021-06-10 09:31:23,157.5,1908311
2021-06-10 09:31:24,157.4,1908321
2021-06-10 09:31:25,157.5,1908344
2021-06-10 09:31:26,157.45,1908605
2021-06-10 09:31:27,157.55,1908853
2021-06-10 09:31:28,157.55,1909237
2021-06-10 09:31:29,157.45,1909774
2021-06-10 09:31:30,157.45,1910385
2021-06-10 09:31:31,157.55,1910851
2021-06-10 09:31:32,157.45,1911004
2021-06-10 09:31:33,157.6,1911093
2021-06-10 09:31:34,157.5,1911343
2021-06-10 09:31:35,157.65,1917823
2021-06-10 09:31:36,157.65,1917823
2021-06-10 09:31:37,157.65,1918202
2021-06-10 09:31:38,157.65,1918202
2021-06-10 09:31:39,157.7,1918281
2021-06-10 09:31:40,157.7,1919283
2021-06-10 09:31:41,157.7,1919363
2021-06-10 09:31:42,157.7,1919763
2021-06-10 09:31:44,157.65,1920781
2021-06-10 09:31:45,157.75,1921782
2021-06-10 09:31:46,157.65,1922352
2021-06-10 09:31:47,157.7,1926259
2021-06-10 09:31:48,157.7,1926284
2021-06-10 09:31:49,157.7,1926284
2021-06-10 09:31:50,157.7,1927784
2021-06-10 09:31:52,157.6,1929944
2021-06-10 09:31:51,157.7,1929744
2021-06-10 09:31:53,157.65,1930781
2021-06-10 09:31:54,157.65,1930781
2021-06-10 09:31:55,157.7,1931584
2021-06-10 09:31:56,157.65,1932297
2021-06-10 09:31:57,157.65,1932387
2021-06-10 09:31:58,157.7,1942467
2021-06-10 09:31:59,157.65,1943755
2021-06-10 09:32:00,157.65,1946938
2021-06-10 09:32:01,157.55,1949556
2021-06-10 09:32:02,157.7,1961780
2021-06-10 09:32:03,157.5,1971071
2021-06-10 09:32:04,157.5,1971481
2021-06-10 09:32:05,157.5,1971617
2021-06-10 09:32:06,157.45,1977429
2021-06-10 09:32:07,157.5,1977484
2021-06-10 09:32:08,157.5,1977534
2021-06-10 09:32:09,157.5,1977624
2021-06-10 09:32:10,157.65,1983191
2021-06-10 09:32:11,157.7,1983863
2021-06-10 09:32:12,157.65,1984108
2021-06-10 09:32:13,157.65,1984161
2021-06-10 09:32:14,157.65,1984871
2021-06-10 09:32:15,157.65,1985151
2021-06-10 09:32:16,157.6,1985932
2021-06-10 09:32:17,157.65,1986964
2021-06-10 09:32:18,157.7,1988964
2021-06-10 09:32:19,157.95,2310346
2021-06-10 09:32:20,158.0,2315082
2021-06-10 09:32:21,158.1,2315232
2021-06-10 09:32:22,158.05,2316562
2021-06-10 09:32:23,158.05,2316688
2021-06-10 09:32:24,158.1,2317085
2021-06-10 09:32:25,158.1,2317333
2021-06-10 09:32:26,158.15,2317858
2021-06-10 09:32:27,158.05,2319047
2021-06-10 09:32:28,158.1,2323767
2021-06-10 09:32:29,158.1,2324537
2021-06-10 09:32:30,158.15,2325191
2021-06-10 09:32:31,158.1,2325347
2021-06-10 09:32:32,158.15,2328325
2021-06-10 09:32:33,158.2,2328477
2021-06-10 09:32:34,158.15,2331140
2021-06-10 09:32:35,158.15,2331652
2021-06-10 09:32:36,158.15,2334101
2021-06-10 09:32:37,158.0,2347884
2021-06-10 09:32:38,158.1,2348102
2021-06-10 09:32:40,158.1,2356050
2021-06-10 09:32:41,158.1,2361237
2021-06-10 09:32:42,158.15,2361238
2021-06-10 09:32:43,158.0,2362588
2021-06-10 09:32:44,158.0,2362673
2021-06-10 09:32:45,158.0,2362888
2021-06-10 09:32:46,158.1,2363188
2021-06-10 09:32:47,158.0,2365846
2021-06-10 09:32:48,158.05,2366349
2021-06-10 09:32:49,158.0,2368949
2021-06-10 09:32:50,158.05,2369600
2021-06-10 09:32:51,157.95,2370106
2021-06-10 09:32:53,158.0,2394838
2021-06-10 09:32:54,158.05,2429291
2021-06-10 09:32:55,158.1,2456469
2021-06-10 09:32:56,158.05,2456520
2021-06-10 09:32:57,158.05,2456570
2021-06-10 09:32:59,158.1,2464615
2021-06-10 09:33:00,158.1,2465290
2021-06-10 09:33:01,158.1,2465290
2021-06-10 09:33:02,158.05,2465410
2021-06-10 09:33:03,158.05,2465420
2021-06-10 09:33:04,158.1,2465431
2021-06-10 09:33:05,158.05,2467410
2021-06-10 09:33:06,158.05,2469167
2021-06-10 09:33:07,158.0,2472391
2021-06-10 09:33:08,158.0,2472396
2021-06-10 09:33:09,158.05,2472466
2021-06-10 09:33:10,158.0,2500149
2021-06-10 09:33:11,158.0,2500329
2021-06-10 09:33:12,158.0,2501680
2021-06-10 09:33:14,158.05,2507236
2021-06-10 09:33:13,158.0,2506845
2021-06-10 09:33:15,158.1,2508767
2021-06-10 09:33:16,158.05,2508768
2021-06-10 09:33:17,158.2,2547754
2021-06-10 09:33:18,158.25,2572236
2021-06-10 09:33:19,158.25,2573306
2021-06-10 09:33:20,158.05,2594956
2021-06-10 09:33:21,158.2,2597009
2021-06-10 09:33:22,158.2,2597109
2021-06-10 09:33:23,158.25,2597939
2021-06-10 09:33:24,158.3,2601270
2021-06-10 09:33:25,158.35,2601811
2021-06-10 09:33:26,158.3,2602046
2021-06-10 09:33:27,158.3,2602149
2021-06-10 09:33:28,158.35,2603433
2021-06-10 09:33:29,158.4,2603616
2021-06-10 09:33:30,158.4,2604294
2021-06-10 09:33:31,158.35,2604635
2021-06-10 09:33:32,158.35,2605247
2021-06-10 09:33:33,158.35,2618648
2021-06-10 09:33:34,158.3,2619122
2021-06-10 09:33:35,158.3,2619140
2021-06-10 09:33:37,158.25,2621828
2021-06-10 09:33:38,158.25,2622078
2021-06-10 09:33:39,158.3,2622428
2021-06-10 09:33:40,158.3,2622979
2021-06-10 09:33:41,158.3,2623088
2021-06-10 09:33:42,158.3,2629413
2021-06-10 09:33:43,158.3,2629513
2021-06-10 09:33:44,158.2,2629838
2021-06-10 09:33:45,158.3,2630214
2021-06-10 09:33:46,158.2,2630264
2021-06-10 09:33:47,158.3,2631745
2021-06-10 09:33:48,158.25,2632209
2021-06-10 09:33:49,158.25,2633506
2021-06-10 09:33:50,158.25,2635248
2021-06-10 09:33:52,158.3,2636248
2021-06-10 09:33:53,158.25,2637350
2021-06-10 09:33:54,158.25,2637709
2021-06-10 09:33:55,158.25,2637767
2021-06-10 09:33:56,158.25,2637845
2021-06-10 09:33:57,158.25,2637893
2021-06-10 09:33:58,158.2,2638755
2021-06-10 09:33:59,158.2,2638960
2021-06-10 09:34:00,158.2,2640526
2021-06-10 09:34:01,158.2,2641656
2021-06-10 09:34:03,158.3,2649431
2021-06-10 09:34:04,158.3,2649481
2021-06-10 09:34:04,158.35,2651306
2021-06-10 09:34:06,158.4,2653241
2021-06-10 09:34:07,158.35,2654542
2021-06-10 09:34:06,158.4,2653259
2021-06-10 09:34:08,158.35,2654677
2021-06-10 09:34:09,158.4,2658242
2021-06-10 09:34:10,158.4,2658707
2021-06-10 09:34:11,158.45,2659647
2021-06-10 09:34:12,158.4,2660445
2021-06-10 09:34:13,158.45,2662562
2021-06-10 09:34:14,158.5,2670097
2021-06-10 09:34:15,158.5,2671027
2021-06-10 09:34:16,158.5,2671277
2021-06-10 09:34:17,158.5,2678650
2021-06-10 09:34:18,158.5,2680351
2021-06-10 09:34:19,158.55,2681455
2021-06-10 09:34:20,158.5,2682462
2021-06-10 09:34:21,158.6,2684320
2021-06-10 09:34:22,158.5,2689220
2021-06-10 09:34:23,158.6,2691272
2021-06-10 09:34:24,158.5,2693950
2021-06-10 09:34:25,158.5,2694759
2021-06-10 09:34:26,158.45,2698199
2021-06-10 09:34:27,158.5,2699049
2021-06-10 09:34:28,158.35,2700572
2021-06-10 09:34:29,158.35,2700573
2021-06-10 09:34:30,158.45,2700623
2021-06-10 09:34:31,158.35,2701994
2021-06-10 09:34:32,158.4,2702252
2021-06-10 09:34:33,158.4,2702988
2021-06-10 09:34:34,158.4,2703288
2021-06-10 09:34:35,158.35,2704884
2021-06-10 09:34:36,158.4,2705214
2021-06-10 09:34:38,158.35,2705218
2021-06-10 09:34:39,158.4,2705226
2021-06-10 09:34:40,158.4,2705226
2021-06-10 09:34:41,158.4,2708000
2021-06-10 09:34:42,158.4,2708054
2021-06-10 09:34:43,158.4,2708064
2021-06-10 09:34:45,158.45,2708934
2021-06-10 09:34:45,158.45,2708934
2021-06-10 09:34:46,158.45,2711060
2021-06-10 09:34:48,158.4,2711871
2021-06-10 09:34:49,158.5,2712116
2021-06-10 09:34:49,158.45,2712121
2021-06-10 09:34:50,158.45,2712220
2021-06-10 09:34:51,158.4,2717670
2021-06-10 09:34:52,158.5,2717720
2021-06-10 09:34:54,158.5,2722215
2021-06-10 09:34:54,158.45,2722271
2021-06-10 09:34:56,158.4,2722477
2021-06-10 09:34:57,158.4,2723257
2021-06-10 09:34:59,158.4,2726460
2021-06-10 09:34:59,158.4,2726480
2021-06-10 09:35:00,158.4,2726550
2021-06-10 09:35:01,158.4,2734623
2021-06-10 09:35:02,158.45,2735203
2021-06-10 09:35:03,158.35,2736228
2021-06-10 09:35:04,158.4,2736233
2021-06-10 09:35:05,158.4,2761790
2021-06-10 09:35:06,158.3,2764485
2021-06-10 09:35:07,158.25,2765865
2021-06-10 09:35:09,158.15,2769644
2021-06-10 09:35:09,158.15,2769644
2021-06-10 09:35:10,158.2,2769647
2021-06-10 09:35:11,158.2,2769697
2021-06-10 09:35:12,158.15,2773557
2021-06-10 09:35:13,158.25,2773866
2021-06-10 09:35:14,158.3,2783743
2021-06-10 09:35:15,158.15,2784878
2021-06-10 09:35:16,158.3,2786318
2021-06-10 09:35:17,158.2,2789573
2021-06-10 09:35:18,158.3,2790588
2021-06-10 09:35:19,158.3,2790588
2021-06-10 09:35:21,158.25,2790883
2021-06-10 09:35:22,158.25,2791766
2021-06-10 09:35:25,158.3,2793541
2021-06-10 09:35:25,158.3,2793541
2021-06-10 09:35:26,158.3,2793571
2021-06-10 09:35:27,158.25,2794180
2021-06-10 09:35:28,158.3,2794205
2021-06-10 09:35:30,158.25,2796088
2021-06-10 09:35:30,158.25,2796088
2021-06-10 09:35:31,158.25,2796091
2021-06-10 09:35:32,158.25,2796223
2021-06-10 09:35:34,158.2,2796866
2021-06-10 09:35:35,158.2,2796867
2021-06-10 09:35:36,158.2,2796871
2021-06-10 09:35:37,158.2,2796872
2021-06-10 09:35:38,158.2,2797921
2021-06-10 09:35:39,158.2,2798241
2021-06-10 09:35:40,158.2,2798961
2021-06-10 09:35:41,158.2,2798964
2021-06-10 09:35:42,158.15,2799829
2021-06-10 09:35:43,158.15,2800096
2021-06-10 09:35:44,158.15,2804216
2021-06-10 09:35:45,158.15,2819167
2021-06-10 09:35:46,158.2,2823553
2021-06-10 09:35:47,158.2,2827362
2021-06-10 09:35:48,158.2,2827362
2021-06-10 09:35:49,158.15,2827769
2021-06-10 09:35:50,158.2,2834628
2021-06-10 09:35:51,158.2,2835128
2021-06-10 09:35:52,158.25,2854012
2021-06-10 09:35:53,158.25,2859012
2021-06-10 09:35:54,158.3,2859027
2021-06-10 09:35:55,158.35,2859738
2021-06-10 09:35:57,158.25,2863350
2021-06-10 09:35:57,158.4,2864575
2021-06-10 09:35:58,158.3,2867686
2021-06-10 09:35:59,158.35,2867796
2021-06-10 09:36:00,158.35,2868297
2021-06-10 09:36:01,158.35,2868560
2021-06-10 09:36:03,158.35,2869061
2021-06-10 09:36:04,158.3,2869077
2021-06-10 09:36:04,158.3,2870339
2021-06-10 09:36:06,158.3,2873377
2021-06-10 09:36:07,158.35,2873388
2021-06-10 09:36:08,158.35,2873498
2021-06-10 09:36:09,158.3,2874010
2021-06-10 09:36:09,158.3,2874010
2021-06-10 09:36:10,158.3,2874390
2021-06-10 09:36:11,158.3,2874390
2021-06-10 09:36:12,158.35,2874450
2021-06-10 09:36:14,158.3,2875040
2021-06-10 09:36:15,158.3,2875040
2021-06-10 09:36:17,158.3,2875461
2021-06-10 09:36:16,158.3,2875140
2021-06-10 09:36:19,158.3,2875466
2021-06-10 09:36:20,158.3,2877421
2021-06-10 09:36:21,158.3,2877421
2021-06-10 09:36:23,158.35,2878029
2021-06-10 09:36:24,158.3,2878368
2021-06-10 09:36:25,158.3,2879351
2021-06-10 09:36:26,158.3,2879551
2021-06-10 09:36:27,158.3,2879562
2021-06-10 09:36:28,158.3,2879672
2021-06-10 09:36:29,158.35,2881072
2021-06-10 09:36:31,158.25,2881103
2021-06-10 09:36:32,158.3,2881104
2021-06-10 09:36:33,158.3,2881217
2021-06-10 09:36:33,158.3,2881218
2021-06-10 09:36:34,158.35,2881533
2021-06-10 09:36:35,158.25,2881800
2021-06-10 09:36:36,158.3,2882811
2021-06-10 09:36:37,158.3,2882862
2021-06-10 09:36:38,158.25,2884882
2021-06-10 09:36:39,158.25,2884892
2021-06-10 09:36:40,158.25,2885092
2021-06-10 09:36:41,158.3,2885697
2021-06-10 09:36:42,158.3,2885697
2021-06-10 09:36:43,158.25,2886757
2021-06-10 09:36:45,158.25,2886846
2021-06-10 09:36:46,158.25,2887347
2021-06-10 09:36:47,158.25,2887573
2021-06-10 09:36:48,158.2,2889927
2021-06-10 09:36:48,158.2,2889927
2021-06-10 09:36:51,158.2,2891344
2021-06-10 09:36:52,158.25,2892549
2021-06-10 09:36:52,158.25,2892774
2021-06-10 09:36:55,158.15,2893231
2021-06-10 09:36:56,158.4,2935962
2021-06-10 09:36:56,158.4,2936062
2021-06-10 09:36:58,158.4,2936572
2021-06-10 09:36:59,158.45,2936921
2021-06-10 09:37:01,158.45,2941585
2021-06-10 09:37:02,158.5,2958736
2021-06-10 09:37:03,158.5,2958741
2021-06-10 09:37:05,158.35,2971797
2021-06-10 09:37:05,158.35,2971808
2021-06-10 09:37:06,158.4,2971828
2021-06-10 09:37:07,158.4,2971828
2021-06-10 09:37:08,158.4,2972836
2021-06-10 09:37:09,158.4,2979523
2021-06-10 09:37:10,158.5,2981935
2021-06-10 09:37:11,158.45,2982715
2021-06-10 09:37:12,158.55,2982977
2021-06-10 09:37:13,158.45,2983179
2021-06-10 09:37:14,158.55,2983494
2021-06-10 09:37:15,158.45,2985583
2021-06-10 09:37:16,158.4,2985874
2021-06-10 09:37:18,158.5,2985911
2021-06-10 09:37:20,158.55,2988486
2021-06-10 09:37:21,158.45,2988488
2021-06-10 09:37:22,158.45,2989908
2021-06-10 09:37:23,158.45,2989908
2021-06-10 09:37:23,158.55,2991862
2021-06-10 09:37:24,158.6,2993212
2021-06-10 09:37:25,158.6,2994112
2021-06-10 09:37:26,158.55,2994156
2021-06-10 09:37:27,158.5,2994282
2021-06-10 09:37:28,158.4,2995739
2021-06-10 09:37:31,158.5,2997044
2021-06-10 09:37:32,158.45,2997294
2021-06-10 09:37:33,158.45,2997310
2021-06-10 09:37:34,158.6,3006567
2021-06-10 09:37:34,158.7,3029621
2021-06-10 09:37:36,158.65,3030713
2021-06-10 09:37:36,158.7,3032284
2021-06-10 09:37:38,158.65,3032885
2021-06-10 09:37:39,158.7,3033706
2021-06-10 09:37:40,158.7,3033716
2021-06-10 09:37:40,158.7,3033716
2021-06-10 09:37:41,158.65,3034136
2021-06-10 09:37:42,158.65,3035383
2021-06-10 09:37:44,158.7,3035805
2021-06-10 09:37:44,158.7,3035749
2021-06-10 09:37:45,158.7,3035805
2021-06-10 09:37:46,158.7,3037255
2021-06-10 09:37:47,158.65,3037265
2021-06-10 09:37:48,158.7,3039165
2021-06-10 09:37:49,158.65,3039611
2021-06-10 09:37:50,158.65,3040530
2021-06-10 09:37:52,158.65,3045255
2021-06-10 09:37:53,158.65,3045305
2021-06-10 09:37:53,158.65,3045305
2021-06-10 09:37:54,158.5,3046815
2021-06-10 09:37:55,158.6,3048433
2021-06-10 09:37:56,158.6,3049339
2021-06-10 09:37:57,158.6,3052055
2021-06-10 09:37:58,158.6,3053056
2021-06-10 09:37:59,158.6,3054382
2021-06-10 09:38:00,158.55,3054814
2021-06-10 09:38:02,158.5,3056340
2021-06-10 09:38:03,158.5,3056340
2021-06-10 09:38:04,158.6,3056693
2021-06-10 09:38:06,158.6,3058294
2021-06-10 09:38:08,158.5,3063387
2021-06-10 09:38:08,158.5,3063387
2021-06-10 09:38:10,158.5,3067649
2021-06-10 09:38:12,158.5,3068554
2021-06-10 09:38:13,158.5,3068559
2021-06-10 09:38:14,158.5,3068841
2021-06-10 09:38:14,158.5,3068841
2021-06-10 09:38:16,158.45,3069164
2021-06-10 09:38:17,158.45,3071331
2021-06-10 09:38:18,158.45,3071900
2021-06-10 09:38:18,158.4,3072700
2021-06-10 09:38:20,158.45,3072768
2021-06-10 09:38:22,158.35,3084405
2021-06-10 09:38:23,158.4,3084627
2021-06-10 09:38:24,158.3,3084629
2021-06-10 09:38:25,158.3,3084639
2021-06-10 09:38:26,158.35,3085171
2021-06-10 09:38:27,158.4,3085522
2021-06-10 09:38:28,158.4,3086679
2021-06-10 09:38:29,158.4,3086679
2021-06-10 09:38:30,158.45,3087206
2021-06-10 09:38:31,158.45,3087206
2021-06-10 09:38:32,158.45,3087206
2021-06-10 09:38:34,158.45,3087956
2021-06-10 09:38:34,158.45,3088734
2021-06-10 09:38:36,158.45,3091334
2021-06-10 09:38:37,158.45,3092947
2021-06-10 09:38:38,158.35,3095714
2021-06-10 09:38:38,158.35,3095714
2021-06-10 09:38:39,158.35,3095918
2021-06-10 09:38:40,158.35,3095948
2021-06-10 09:38:41,158.5,3098304
2021-06-10 09:38:42,158.45,3098804
2021-06-10 09:38:43,158.5,3099164
2021-06-10 09:38:44,158.5,3099569
2021-06-10 09:38:45,158.45,3099570
2021-06-10 09:38:46,158.45,3099580
2021-06-10 09:38:47,158.5,3101300
2021-06-10 09:38:48,158.5,3101300
2021-06-10 09:38:49,158.6,3101605
2021-06-10 09:38:51,158.5,3101697
2021-06-10 09:38:52,158.55,3101803
2021-06-10 09:38:53,158.6,3103603
2021-06-10 09:38:54,158.45,3104103
2021-06-10 09:38:55,158.6,3104110
2021-06-10 09:38:56,158.6,3110853
2021-06-10 09:38:57,158.55,3110910
2021-06-10 09:38:58,158.6,3111007
2021-06-10 09:38:59,158.55,3112414
2021-06-10 09:39:00,158.65,3117078
2021-06-10 09:39:01,158.65,3117493
2021-06-10 09:39:02,158.6,3118093
2021-06-10 09:39:04,158.6,3118295
2021-06-10 09:39:05,158.6,3119297
2021-06-10 09:39:06,158.6,3119305
2021-06-10 09:39:06,158.6,3119305
2021-06-10 09:39:07,158.7,3129709
2021-06-10 09:39:08,158.65,3134490
2021-06-10 09:39:09,158.7,3147615
2021-06-10 09:39:10,158.7,3147615
2021-06-10 09:39:11,158.75,3147674
2021-06-10 09:39:12,158.75,3148011
2021-06-10 09:39:15,158.75,3148272
2021-06-10 09:39:16,158.75,3148327
2021-06-10 09:39:17,158.75,3148443
2021-06-10 09:39:18,158.7,3150253
2021-06-10 09:39:19,158.75,3150538
2021-06-10 09:39:20,158.65,3151736
2021-06-10 09:39:21,158.55,3153176
2021-06-10 09:39:22,158.45,3161386
2021-06-10 09:39:23,158.5,3161501
2021-06-10 09:39:24,158.5,3162006
2021-06-10 09:39:25,158.45,3164303
2021-06-10 09:39:26,158.45,3164316
2021-06-10 09:39:27,158.45,3164326
2021-06-10 09:39:28,158.4,3164531
2021-06-10 09:39:29,158.4,3164557
2021-06-10 09:39:30,158.45,3164589
2021-06-10 09:39:31,158.4,3169496
2021-06-10 09:39:32,158.5,3170748
2021-06-10 09:39:34,158.45,3172089
2021-06-10 09:39:35,158.4,3172099
2021-06-10 09:39:37,158.45,3174090
2021-06-10 09:39:38,158.45,3174091
2021-06-10 09:39:39,158.4,3174098
2021-06-10 09:39:39,158.4,3174416
2021-06-10 09:39:41,158.4,3175541
2021-06-10 09:39:42,158.4,3175676
2021-06-10 09:39:43,158.4,3176371
2021-06-10 09:39:44,158.35,3176430
2021-06-10 09:39:44,158.4,3176503
2021-06-10 09:39:45,158.4,3176703
2021-06-10 09:39:46,158.45,3176714
2021-06-10 09:39:47,158.45,3176714
2021-06-10 09:39:49,158.35,3178829
2021-06-10 09:39:50,158.3,3180279
2021-06-10 09:39:51,158.25,3180380
2021-06-10 09:39:52,158.2,3181419
2021-06-10 09:39:53,158.15,3181599
2021-06-10 09:39:54,158.15,3181709
2021-06-10 09:39:55,158.15,3182976
2021-06-10 09:39:55,158.15,3181976
2021-06-10 09:39:57,158.2,3184113
2021-06-10 09:39:58,158.15,3184708
2021-06-10 09:40:00,158.15,3184711
2021-06-10 09:40:01,158.15,3189569
2021-06-10 09:40:02,158.25,3189735
2021-06-10 09:40:03,158.15,3190095
2021-06-10 09:40:04,158.25,3190211
2021-06-10 09:40:05,158.25,3190211
2021-06-10 09:40:08,158.2,3190271
2021-06-10 09:40:09,158.25,3190708
2021-06-10 09:40:10,158.25,3190809
2021-06-10 09:40:11,158.15,3201355
2021-06-10 09:40:12,158.15,3201855
2021-06-10 09:40:12,158.15,3201955
2021-06-10 09:40:14,158.15,3201965
2021-06-10 09:40:15,158.15,3201971
2021-06-10 09:40:15,158.15,3201968
2021-06-10 09:40:17,158.05,3202229
2021-06-10 09:40:18,158.1,3202231
2021-06-10 09:40:19,158.1,3222543
2021-06-10 09:40:20,158.0,3225001
2021-06-10 09:40:21,158.0,3225605
2021-06-10 09:40:22,158.0,3225631
2021-06-10 09:40:23,158.0,3229840
2021-06-10 09:40:24,158.05,3230342
2021-06-10 09:40:25,158.0,3234110
2021-06-10 09:40:26,158.05,3234961
2021-06-10 09:40:27,158.0,3235470
2021-06-10 09:40:28,158.1,3235645
2021-06-10 09:40:29,158.05,3235646
2021-06-10 09:40:30,158.05,3235746
2021-06-10 09:40:31,158.05,3245552
2021-06-10 09:40:32,158.2,3246553
2021-06-10 09:40:33,158.05,3250576
2021-06-10 09:40:34,158.1,3251033
2021-06-10 09:40:35,158.1,3251084
2021-06-10 09:40:36,158.2,3251096
2021-06-10 09:40:37,158.1,3251346
2021-06-10 09:40:38,158.05,3251646
2021-06-10 09:40:39,158.1,3251661
2021-06-10 09:40:40,158.2,3255961
2021-06-10 09:40:41,158.2,3255961
2021-06-10 09:40:42,158.1,3256041
2021-06-10 09:40:43,158.1,3256041
2021-06-10 09:40:44,158.2,3257246
2021-06-10 09:40:45,158.2,3258268
2021-06-10 09:40:46,158.1,3258271
2021-06-10 09:40:47,158.2,3259577
2021-06-10 09:40:48,158.2,3259577
2021-06-10 09:40:49,158.15,3260037
2021-06-10 09:40:50,158.15,3260237
2021-06-10 09:40:51,158.2,3260312
2021-06-10 09:40:52,158.25,3262969
2021-06-10 09:40:53,158.25,3262969
2021-06-10 09:40:54,158.15,3263069
2021-06-10 09:40:55,158.2,3263119
2021-06-10 09:40:56,158.15,3263129
2021-06-10 09:40:57,158.25,3263479
2021-06-10 09:40:58,158.15,3263579
2021-06-10 09:40:59,158.25,3263629
2021-06-10 09:41:00,158.25,3263629
2021-06-10 09:41:01,158.2,3264589
2021-06-10 09:41:01,158.2,3264589
2021-06-10 09:41:03,158.15,3265499
2021-06-10 09:41:04,158.2,3265699
2021-06-10 09:41:07,158.2,3267871
2021-06-10 09:41:08,158.15,3267888
2021-06-10 09:41:09,158.15,3268113
2021-06-10 09:41:10,158.15,3268113
2021-06-10 09:41:11,158.15,3268162
2021-06-10 09:41:12,158.15,3268162
2021-06-10 09:41:13,158.2,3268222
2021-06-10 09:41:14,158.2,3268453
2021-06-10 09:41:14,158.15,3268438
2021-06-10 09:41:15,158.4,3280761
2021-06-10 09:41:16,158.4,3280762
2021-06-10 09:41:17,158.3,3282432
2021-06-10 09:41:18,158.3,3282757
2021-06-10 09:41:21,158.3,3288102
2021-06-10 09:41:22,158.3,3288652
2021-06-10 09:41:23,158.3,3288688
2021-06-10 09:41:24,158.45,3292545
2021-06-10 09:41:25,158.45,3292545
2021-06-10 09:41:26,158.45,3292545
2021-06-10 09:41:27,158.35,3292555
2021-06-10 09:41:27,158.35,3292555
2021-06-10 09:41:29,158.4,3295512
2021-06-10 09:41:30,158.4,3295512
2021-06-10 09:41:31,158.4,3295512
2021-06-10 09:41:32,158.4,3295537
2021-06-10 09:41:33,158.35,3296046
2021-06-10 09:41:34,158.4,3296262
2021-06-10 09:41:35,158.4,3296263
2021-06-10 09:41:35,158.4,3296263
2021-06-10 09:41:36,158.35,3296677
2021-06-10 09:41:38,158.35,3296697
2021-06-10 09:41:39,158.4,3297202
2021-06-10 09:41:40,158.4,3298437
2021-06-10 09:41:41,158.35,3298737
2021-06-10 09:41:42,158.35,3298737
2021-06-10 09:41:44,158.35,3298856
2021-06-10 09:41:45,158.4,3299356
2021-06-10 09:41:45,158.4,3299656
2021-06-10 09:41:47,158.45,3300428
2021-06-10 09:41:47,158.4,3300631
2021-06-10 09:41:48,158.45,3301131
2021-06-10 09:41:50,158.45,3301181
2021-06-10 09:41:51,158.4,3301182
2021-06-10 09:41:52,158.45,3303298
2021-06-10 09:41:53,158.45,3303308
2021-06-10 09:41:54,158.4,3303413
2021-06-10 09:41:55,158.4,3303424
2021-06-10 09:41:56,158.45,3303444
2021-06-10 09:41:57,158.4,3303674
2021-06-10 09:41:58,158.4,3304276
2021-06-10 09:42:00,158.4,3305590
2021-06-10 09:42:00,158.4,3305590
2021-06-10 09:42:01,158.4,3305590
2021-06-10 09:42:02,158.4,3305641
2021-06-10 09:42:04,158.45,3312805
2021-06-10 09:42:05,158.45,3312805
2021-06-10 09:42:06,158.4,3312808
2021-06-10 09:42:07,158.4,3312808
2021-06-10 09:42:08,158.4,3312808
2021-06-10 09:42:09,158.6,3318840
2021-06-10 09:42:10,158.5,3318870
2021-06-10 09:42:11,158.6,3318885
2021-06-10 09:42:12,158.6,3318985
2021-06-10 09:42:12,158.6,3318985
2021-06-10 09:42:13,158.55,3319185
2021-06-10 09:42:14,158.55,3325336
2021-06-10 09:42:16,158.65,3325536
2021-06-10 09:42:18,158.6,3326641
2021-06-10 09:42:19,158.55,3326663
2021-06-10 09:42:20,158.55,3326663
2021-06-10 09:42:21,158.65,3326664
2021-06-10 09:42:22,158.6,3326667
2021-06-10 09:42:23,158.6,3326872
2021-06-10 09:42:26,158.55,3332541
2021-06-10 09:42:25,158.55,3332541
2021-06-10 09:42:27,158.65,3332659
2021-06-10 09:42:28,158.7,3346977
2021-06-10 09:42:29,158.7,3348503
2021-06-10 09:42:30,158.65,3349284
2021-06-10 09:42:31,158.65,3349311
2021-06-10 09:42:32,158.75,3354116
2021-06-10 09:42:33,158.65,3356887
2021-06-10 09:42:34,158.7,3357019
2021-06-10 09:42:35,158.65,3359005
2021-06-10 09:42:36,158.65,3359305
2021-06-10 09:42:37,158.65,3360446
2021-06-10 09:42:38,158.75,3360711
2021-06-10 09:42:39,158.65,3360816
2021-06-10 09:42:40,158.65,3363823
2021-06-10 09:42:41,158.65,3363823
2021-06-10 09:42:42,158.65,3363914
2021-06-10 09:42:43,158.6,3363915
2021-06-10 09:42:44,158.6,3364561
2021-06-10 09:42:45,158.5,3375360
2021-06-10 09:42:46,158.5,3375360
2021-06-10 09:42:47,158.55,3375867
2021-06-10 09:42:48,158.55,3376636
2021-06-10 09:42:49,158.6,3376722
2021-06-10 09:42:50,158.6,3376722
2021-06-10 09:42:52,158.6,3376772
2021-06-10 09:42:55,158.5,3377438
2021-06-10 09:42:58,158.45,3380319
2021-06-10 09:43:03,158.45,3380945
2021-06-10 09:43:10,158.4,3381787
2021-06-10 09:43:14,158.35,3383944
2021-06-10 09:43:21,158.4,3403058
2021-06-10 09:43:25,158.4,3403323
2021-06-10 09:43:29,158.45,3409346
2021-06-10 09:43:33,158.55,3414668
2021-06-10 09:43:36,158.6,3415491
2021-06-10 09:43:40,158.6,3418760
2021-06-10 09:43:44,158.55,3419068
2021-06-10 09:43:48,158.55,3419897
2021-06-10 09:43:51,158.4,3432588
2021-06-10 09:43:55,158.45,3433045
2021-06-10 09:43:58,158.35,3433071
2021-06-10 09:44:02,158.45,3434660
2021-06-10 09:44:06,158.35,3435122
2021-06-10 09:44:09,158.45,3436338
2021-06-10 09:44:14,158.4,3438180
2021-06-10 09:44:18,158.45,3443480
2021-06-10 09:44:21,158.4,3448005
2021-06-10 09:44:25,158.45,3448105
2021-06-10 09:44:29,158.45,3453651
2021-06-10 09:44:33,158.35,3453762
2021-06-10 09:44:37,158.4,3455502
2021-06-10 09:44:41,158.45,3455696
2021-06-10 09:44:44,158.4,3465203
2021-06-10 09:44:48,158.45,3465768
2021-06-10 09:44:52,158.45,3465790
2021-06-10 09:44:56,158.4,3468399
2021-06-10 09:44:59,158.35,3470209
2021-06-10 09:45:03,158.45,3482474
2021-06-10 09:45:07,158.45,3483052
2021-06-10 09:45:11,158.5,3483526
2021-06-10 09:45:14,158.45,3484776
2021-06-10 09:45:18,158.5,3486534
2021-06-10 09:45:22,158.5,3486544
2021-06-10 09:45:25,158.5,3486780
2021-06-10 09:45:29,158.5,3487629
2021-06-10 09:45:32,158.5,3490558
2021-06-10 09:45:36,158.5,3490984
2021-06-10 09:45:40,158.4,3495480
2021-06-10 09:45:43,158.4,3495998
2021-06-10 09:45:50,158.35,3509229
2021-06-10 09:45:54,158.35,3510766
2021-06-10 09:45:57,158.4,3513093
2021-06-10 09:46:01,158.3,3513375
2021-06-10 09:46:05,158.3,3518577
2021-06-10 09:46:08,158.35,3519592
2021-06-10 09:46:12,158.4,3521802
2021-06-10 09:46:15,158.45,3522038
2021-06-10 09:46:18,158.45,3522411
2021-06-10 09:46:22,158.4,3524139
2021-06-10 09:46:26,158.4,3525413
2021-06-10 09:46:30,158.35,3533727
2021-06-10 09:46:34,158.35,3535951
2021-06-10 09:46:41,158.25,3559082
2021-06-10 09:46:45,158.3,3561625
2021-06-10 09:46:49,158.3,3567239
2021-06-10 09:46:53,158.3,3579280
2021-06-10 09:46:56,158.25,3582959
2021-06-10 09:47:00,158.3,3584115
2021-06-10 09:47:04,158.35,3586204
2021-06-10 09:47:08,158.3,3586871
2021-06-10 09:47:12,158.3,3587400
2021-06-10 09:47:16,158.3,3589386
2021-06-10 09:47:19,158.3,3589486
2021-06-10 09:47:23,158.3,3589625
2021-06-10 09:47:26,158.25,3590547
2021-06-10 09:47:30,158.25,3591068
2021-06-10 09:47:33,158.25,3593655
2021-06-10 09:47:37,158.25,3594358
2021-06-10 09:47:41,158.2,3603932
2021-06-10 09:47:45,158.25,3604825
2021-06-10 09:47:49,158.25,3605466
2021-06-10 09:47:52,158.2,3606153
2021-06-10 09:47:56,158.2,3615061
2021-06-10 09:48:03,158.1,3616100
2021-06-10 09:48:07,158.1,3617100
2021-06-10 09:48:11,158.1,3618939
2021-06-10 09:48:14,158.1,3632507
2021-06-10 09:48:18,158.15,3632922
2021-06-10 09:48:22,158.1,3633549
2021-06-10 09:48:26,158.1,3633815
2021-06-10 09:48:30,158.1,3634491
2021-06-10 09:48:34,158.15,3635047
2021-06-10 09:48:38,158.1,3636177
2021-06-10 09:48:42,158.05,3640313
2021-06-10 09:48:46,158.05,3641122
2021-06-10 09:48:50,158.05,3642730
2021-06-10 09:48:54,158.05,3656252
2021-06-10 09:49:01,158.05,3658019
2021-06-10 09:49:05,158.1,3659266
2021-06-10 09:49:09,158.05,3659417
2021-06-10 09:49:12,158.05,3659605
2021-06-10 09:49:16,158.05,3660869
2021-06-10 09:49:19,158.05,3661613
2021-06-10 09:49:23,158.05,3674427
2021-06-10 09:49:26,158.0,3674737
2021-06-10 09:49:30,158.0,3676711
2021-06-10 09:49:34,158.0,3678708
2021-06-10 09:49:37,157.95,3711879
2021-06-10 09:49:40,157.95,3712263
2021-06-10 09:49:43,157.9,3712634
2021-06-10 09:49:47,157.9,3718824
2021-06-10 09:49:51,157.9,3718962
2021-06-10 09:49:55,157.9,3722500
2021-06-10 09:49:59,157.9,3723626
2021-06-10 09:50:03,158.0,3723974
2021-06-10 09:50:06,158.0,3724221
2021-06-10 09:50:09,157.9,3725721
2021-06-10 09:50:13,157.9,3726049
2021-06-10 09:50:17,157.9,3726978
2021-06-10 09:50:21,157.95,3727519
2021-06-10 09:50:25,157.9,3727924
2021-06-10 09:50:28,157.85,3731909
2021-06-10 09:50:39,157.85,3735180
2021-06-10 09:50:43,157.85,3736014
2021-06-10 09:50:47,157.85,3736823
2021-06-10 09:50:51,157.85,3738285
2021-06-10 09:50:54,157.85,3774316
2021-06-10 09:50:57,157.75,3775876
2021-06-10 09:51:00,157.75,3777163
2021-06-10 09:51:03,157.8,3778225
2021-06-10 09:51:07,157.8,3778637
2021-06-10 09:51:10,157.8,3790452
2021-06-10 09:51:13,157.85,3790770
2021-06-10 09:51:17,157.8,3791295
2021-06-10 09:51:21,157.85,3792876
2021-06-10 09:51:25,157.8,3794726
2021-06-10 09:51:28,157.85,3795320
2021-06-10 09:51:32,157.85,3797334
2021-06-10 09:51:35,157.8,3798210
2021-06-10 09:51:39,157.8,3798836
2021-06-10 09:51:43,157.8,3814937
2021-06-10 09:51:47,157.7,3814952
2021-06-10 09:51:50,157.7,3815161
2021-06-10 09:51:54,157.8,3815676
2021-06-10 09:51:57,157.8,3821095
2021-06-10 09:52:01,157.75,3821225
2021-06-10 09:52:08,157.8,3821839
2021-06-10 09:52:11,157.8,3821890
2021-06-10 09:52:15,157.8,3822537
2021-06-10 09:52:18,157.8,3825372
2021-06-10 09:52:22,157.8,3825697
2021-06-10 09:52:25,157.8,3828508
2021-06-10 09:52:29,157.85,3830770
2021-06-10 09:52:33,157.8,3832133
2021-06-10 09:52:37,157.75,3832406
2021-06-10 09:52:41,157.75,3837216
2021-06-10 09:52:45,157.75,3840507
2021-06-10 09:52:49,157.75,3840572
2021-06-10 09:52:52,157.8,3840787
2021-06-10 09:52:55,157.75,3841403
2021-06-10 09:52:59,157.75,3841465
2021-06-10 09:53:03,157.85,3841788
2021-06-10 09:53:06,157.85,3844691
2021-06-10 09:53:10,157.85,3849741
2021-06-10 09:53:14,157.85,3849904
2021-06-10 09:53:17,157.9,3859866
2021-06-10 09:53:21,158.0,3861691
2021-06-10 09:53:25,158.0,3862099
2021-06-10 09:53:28,157.95,3862260
2021-06-10 09:53:31,158.0,3863552
2021-06-10 09:53:38,158.0,3866810
2021-06-10 09:53:41,158.0,3867061
2021-06-10 09:53:44,157.95,3867406
2021-06-10 09:53:48,157.95,3870000
2021-06-10 09:53:51,157.95,3870040
2021-06-10 09:53:55,157.95,3873093
2021-06-10 09:53:58,157.85,3875212
2021-06-10 09:54:02,157.95,3876262
2021-06-10 09:54:05,157.9,3879261
2021-06-10 09:54:12,157.9,3881293
2021-06-10 09:54:15,157.85,3884345
2021-06-10 09:54:18,157.9,3885508
2021-06-10 09:54:22,157.9,3886975
2021-06-10 09:54:25,157.9,3886975
2021-06-10 09:54:29,157.95,3888720
2021-06-10 09:54:32,157.9,3890921
2021-06-10 09:54:35,157.95,3892545
2021-06-10 09:54:39,157.95,3893290
2021-06-10 09:54:42,157.9,3894453
2021-06-10 09:54:45,158.0,3894585
2021-06-10 09:54:49,157.9,3894850
2021-06-10 09:54:52,157.9,3895846
2021-06-10 09:54:55,157.9,3896545
2021-06-10 09:54:59,157.95,3897053
2021-06-10 09:55:02,157.95,3902789
2021-06-10 09:55:06,157.85,3904760
2021-06-10 09:55:10,157.9,3905669
2021-06-10 09:55:13,157.9,3905719
2021-06-10 09:55:16,157.95,3905823
2021-06-10 09:55:19,157.85,3906158
2021-06-10 09:55:25,157.9,3907093
2021-06-10 09:55:29,157.85,3907173
2021-06-10 09:55:31,157.85,3907173
2021-06-10 09:55:34,157.85,3907636
2021-06-10 09:55:37,157.85,3907958
2021-06-10 09:55:40,157.9,3908728
2021-06-10 09:55:44,157.85,3909128
2021-06-10 09:55:47,157.9,3909835
2021-06-10 09:55:50,157.85,3909966
2021-06-10 09:55:53,157.85,3909982
2021-06-10 09:55:56,157.95,3910389
2021-06-10 09:56:00,157.85,3910772
2021-06-10 09:56:03,157.95,3910800
2021-06-10 09:56:06,157.85,3910880
2021-06-10 09:56:09,157.95,3911326
2021-06-10 09:56:12,157.85,3912331
2021-06-10 09:56:15,157.9,3912461
2021-06-10 09:56:18,157.9,3912650
2021-06-10 09:56:21,157.9,3913912
2021-06-10 09:56:24,157.9,3914006
2021-06-10 09:56:27,157.85,3914095
2021-06-10 09:56:30,157.85,3914255
2021-06-10 09:56:34,157.85,3914436
2021-06-10 09:56:37,157.85,3914488
2021-06-10 09:56:41,157.85,3914721
2021-06-10 09:56:44,157.85,3915321
2021-06-10 09:56:47,157.9,3915416
2021-06-10 09:56:51,157.85,3915734
2021-06-10 09:56:54,157.9,3916054
2021-06-10 09:56:57,157.9,3916579
2021-06-10 09:57:00,157.95,3916789
2021-06-10 09:57:04,157.95,3916789
2021-06-10 09:57:07,157.95,3919817
2021-06-10 09:57:10,157.95,3920343
2021-06-10 09:57:14,157.9,3920563
2021-06-10 09:57:17,157.95,3922357
2021-06-10 09:57:20,157.95,3924163
2021-06-10 09:57:23,157.9,3924298
2021-06-10 09:57:26,157.9,3924553
2021-06-10 09:57:30,157.9,3924765
2021-06-10 09:57:33,157.9,3925478
2021-06-10 09:57:36,157.9,3926683
2021-06-10 09:57:42,157.95,3928620
2021-06-10 09:57:45,157.95,3930031
2021-06-10 09:57:48,157.9,3930217
2021-06-10 09:57:51,157.95,3930381
2021-06-10 09:57:55,157.9,3930685
2021-06-10 09:57:58,157.9,3931051
2021-06-10 09:58:03,157.9,3931301
2021-06-10 09:58:07,157.95,3931437
2021-06-10 09:58:10,157.95,3931487
2021-06-10 09:58:17,157.9,3932713
2021-06-10 09:58:20,157.95,3933208
2021-06-10 09:58:23,157.95,3935214
2021-06-10 09:58:29,157.9,3935850
2021-06-10 09:58:36,157.95,3936203
2021-06-10 09:58:39,157.9,3964007
2021-06-10 09:58:42,157.95,3966267
2021-06-10 09:58:45,157.85,3967002
2021-06-10 09:58:48,157.95,3967073
2021-06-10 09:58:51,157.85,3967362
2021-06-10 09:58:54,157.9,3968648
2021-06-10 09:58:57,157.85,3969284
2021-06-10 09:59:00,157.95,3969384
2021-06-10 09:59:03,157.95,3969986
2021-06-10 09:59:06,157.9,3969994
2021-06-10 09:59:09,157.95,3970291
2021-06-10 09:59:12,157.95,3970392
2021-06-10 09:59:15,157.9,3970424
2021-06-10 09:59:18,157.9,3970488
2021-06-10 09:59:20,157.95,3970498
2021-06-10 09:59:23,158.1,4039092
2021-06-10 09:59:26,158.1,4039398
2021-06-10 09:59:35,158.25,4050960
2021-06-10 09:59:39,158.3,4051760
2021-06-10 09:59:42,158.3,4051958
2021-06-10 09:59:46,158.3,4052048
2021-06-10 09:59:49,158.2,4058350
2021-06-10 09:59:52,158.25,4060358
2021-06-10 09:59:55,158.25,4060413
2021-06-10 09:59:58,158.2,4060448
2021-06-10 10:00:02,158.3,4060853
2021-06-10 10:00:05,158.3,4061783
2021-06-10 10:00:08,158.25,4062337
2021-06-10 10:00:11,158.3,4067318
2021-06-10 10:00:14,158.3,4068129
2021-06-10 10:00:17,158.3,4068546
2021-06-10 10:00:20,158.35,4069777
2021-06-10 10:00:23,158.3,4069931
2021-06-10 10:00:26,158.3,4072189
2021-06-10 10:00:29,158.4,4073211
2021-06-10 10:00:32,158.4,4074210
2021-06-10 10:00:35,158.45,4078313
2021-06-10 10:00:38,158.4,4083758
2021-06-10 10:00:44,158.35,4085803
2021-06-10 10:00:47,158.3,4085814
2021-06-10 10:00:54,158.35,4090161
2021-06-10 10:00:57,158.35,4090394
2021-06-10 10:01:00,158.3,4091316
2021-06-10 10:01:03,158.35,4093052
2021-06-10 10:01:07,158.3,4094641
2021-06-10 10:01:10,158.3,4094839
2021-06-10 10:01:14,158.35,4095951
2021-06-10 10:01:17,158.3,4096151
2021-06-10 10:01:20,158.35,4096351
2021-06-10 10:01:23,158.35,4099814
2021-06-10 10:01:27,158.25,4100389
2021-06-10 10:01:30,158.3,4100678
2021-06-10 10:01:33,158.25,4102925
2021-06-10 10:01:36,158.35,4103225
2021-06-10 10:01:40,158.4,4104231
2021-06-10 10:01:43,158.3,4105202
2021-06-10 10:01:46,158.35,4105350
2021-06-10 10:01:49,158.3,4106233
2021-06-10 10:01:52,158.25,4107753
2021-06-10 10:01:55,158.3,4107778
2021-06-10 10:01:58,158.25,4109585
2021-06-10 10:02:01,158.3,4109586
2021-06-10 10:02:05,158.25,4110471
2021-06-10 10:02:09,158.25,4110981
2021-06-10 10:02:13,158.3,4113357
2021-06-10 10:02:17,158.2,4114030
2021-06-10 10:02:20,158.2,4114524
2021-06-10 10:02:28,158.2,4114912
2021-06-10 10:02:31,158.2,4115169
2021-06-10 10:02:34,158.25,4115355
2021-06-10 10:02:38,158.2,4115565
2021-06-10 10:02:41,158.2,4115627
2021-06-10 10:02:44,158.25,4115931
2021-06-10 10:02:48,158.2,4116031
2021-06-10 10:02:51,158.2,4116425
2021-06-10 10:02:58,158.3,4123618
2021-06-10 10:03:01,158.25,4123903
2021-06-10 10:03:05,158.3,4124088
2021-06-10 10:03:08,158.25,4124643
2021-06-10 10:03:12,158.25,4125387
2021-06-10 10:03:15,158.25,4125392
2021-06-10 10:03:18,158.25,4125392
2021-06-10 10:03:21,158.2,4136412
2021-06-10 10:03:25,158.2,4136831
2021-06-10 10:03:28,158.25,4140364
2021-06-10 10:03:35,158.2,4141050
2021-06-10 10:03:39,158.15,4141810
2021-06-10 10:03:42,158.15,4142813
2021-06-10 10:03:45,158.0,4143034
2021-06-10 10:03:49,158.05,4143053
2021-06-10 10:03:52,158.05,4143257
2021-06-10 10:03:56,158.05,4143549
2021-06-10 10:04:00,158.0,4144735
2021-06-10 10:04:03,158.0,4193334
2021-06-10 10:04:07,158.0,4199623
2021-06-10 10:04:11,158.0,4200251
2021-06-10 10:04:14,158.0,4213900
2021-06-10 10:04:18,158.0,4214495
2021-06-10 10:04:21,158.0,4215515
2021-06-10 10:04:28,158.0,4216714
2021-06-10 10:04:31,157.9,4217276
2021-06-10 10:04:34,157.85,4222197
2021-06-10 10:04:37,157.85,4222724
2021-06-10 10:04:40,157.85,4224004
2021-06-10 10:04:43,157.75,4227269
2021-06-10 10:04:46,157.9,4228476
2021-06-10 10:04:49,157.85,4230611
2021-06-10 10:04:52,157.9,4231611
2021-06-10 10:04:56,157.9,4231843
2021-06-10 10:04:59,157.8,4231902
2021-06-10 10:05:03,157.8,4231919
2021-06-10 10:05:06,157.85,4232856
2021-06-10 10:05:09,157.85,4232865
2021-06-10 10:05:12,157.8,4233240
2021-06-10 10:05:16,157.8,4233443
2021-06-10 10:05:19,157.8,4234272
2021-06-10 10:05:22,157.75,4234525
2021-06-10 10:05:28,157.65,4240985
2021-06-10 10:05:31,157.65,4241057
2021-06-10 10:05:35,157.7,4241542
2021-06-10 10:05:38,157.8,4241784
2021-06-10 10:05:41,157.7,4241799
2021-06-10 10:05:44,157.65,4243201
2021-06-10 10:05:46,157.7,4244758
2021-06-10 10:05:49,157.7,4245014
2021-06-10 10:05:52,157.8,4246165
2021-06-10 10:05:55,157.8,4246165
2021-06-10 10:05:58,157.7,4246245
2021-06-10 10:06:01,157.65,4247537
2021-06-10 10:06:04,157.65,4247537
2021-06-10 10:06:07,157.7,4247558
2021-06-10 10:06:13,157.65,4251219
2021-06-10 10:06:17,157.75,4251621
2021-06-10 10:06:21,157.7,4269883
2021-06-10 10:06:24,157.7,4269929
2021-06-10 10:06:27,157.7,4273927
2021-06-10 10:06:30,157.8,4275887
2021-06-10 10:06:34,157.75,4281756
2021-06-10 10:06:37,157.75,4282372
2021-06-10 10:06:41,157.7,4287575
2021-06-10 10:06:44,157.7,4287586
2021-06-10 10:06:48,157.8,4300860
2021-06-10 10:06:52,157.8,4301362
2021-06-10 10:06:55,157.85,4302367
2021-06-10 10:06:58,157.85,4302403
2021-06-10 10:07:02,157.85,4302609
2021-06-10 10:07:05,157.85,4302859
2021-06-10 10:07:08,157.8,4303272
2021-06-10 10:07:11,157.8,4303281
2021-06-10 10:07:15,157.85,4303377
2021-06-10 10:07:18,157.8,4303397
2021-06-10 10:07:21,157.85,4304000
2021-06-10 10:07:24,157.8,4304506
2021-06-10 10:07:28,157.85,4306040
2021-06-10 10:07:31,157.9,4307735
2021-06-10 10:07:34,157.9,4307750
2021-06-10 10:07:37,157.85,4307801
2021-06-10 10:07:44,157.85,4308054
2021-06-10 10:07:47,157.85,4308323
2021-06-10 10:07:50,157.9,4308455
2021-06-10 10:07:54,157.85,4309561
2021-06-10 10:08:00,157.85,4310236
2021-06-10 10:08:03,157.85,4310353
2021-06-10 10:08:06,157.85,4310553
2021-06-10 10:08:10,157.9,4318524
2021-06-10 10:08:13,157.85,4321405
2021-06-10 10:08:17,157.85,4321480
2021-06-10 10:08:20,157.8,4321684
2021-06-10 10:08:24,157.85,4321885
2021-06-10 10:08:27,157.9,4322150
2021-06-10 10:08:30,157.85,4322356
2021-06-10 10:08:33,157.85,4323676
2021-06-10 10:08:36,157.8,4324385
2021-06-10 10:08:40,157.8,4324433
2021-06-10 10:08:43,157.8,4324750
2021-06-10 10:08:47,157.85,4328625
2021-06-10 10:08:51,157.85,4328855
2021-06-10 10:08:54,157.85,4328868
2021-06-10 10:08:57,157.8,4331098
2021-06-10 10:09:00,157.8,4331179
2021-06-10 10:09:03,157.85,4331583
2021-06-10 10:09:07,157.8,4332974
2021-06-10 10:09:10,157.8,4333525
2021-06-10 10:09:12,157.85,4333596
2021-06-10 10:09:15,157.85,4333616
2021-06-10 10:09:18,157.85,4333671
2021-06-10 10:09:21,157.8,4334595
2021-06-10 10:09:25,157.8,4335152
2021-06-10 10:09:28,157.85,4335981
2021-06-10 10:09:31,157.85,4336369
2021-06-10 10:09:35,157.85,4336399
2021-06-10 10:09:38,157.8,4336512
2021-06-10 10:09:41,157.8,4336582
2021-06-10 10:09:44,157.8,4337004
2021-06-10 10:09:47,157.85,4337006
2021-06-10 10:09:57,157.85,4338187
2021-06-10 10:10:00,157.8,4340961
2021-06-10 10:10:04,157.8,4343051
2021-06-10 10:10:07,157.8,4343818
2021-06-10 10:10:10,157.8,4344912
2021-06-10 10:10:13,157.85,4344916
2021-06-10 10:10:16,157.9,4353322
2021-06-10 10:10:19,157.95,4357152
2021-06-10 10:10:22,158.0,4363253
2021-06-10 10:10:26,158.0,4363729
2021-06-10 10:10:30,158.0,4363824
2021-06-10 10:10:33,158.0,4364258
2021-06-10 10:10:36,158.05,4364358
2021-06-10 10:10:39,158.05,4364449
2021-06-10 10:10:45,158.05,4365264
2021-06-10 10:10:49,158.1,4370078
2021-06-10 10:10:52,158.1,4370151
2021-06-10 10:10:55,158.1,4370354
2021-06-10 10:10:58,158.1,4370492
2021-06-10 10:11:01,158.1,4370505
2021-06-10 10:11:05,158.1,4372838
2021-06-10 10:11:08,158.15,4373240
2021-06-10 10:11:11,158.15,4375442
2021-06-10 10:11:14,158.2,4375711
2021-06-10 10:11:17,158.25,4376082
2021-06-10 10:11:20,158.25,4377352
2021-06-10 10:11:23,158.25,4378459
2021-06-10 10:11:26,158.25,4378534
2021-06-10 10:11:29,158.2,4379135
2021-06-10 10:11:32,158.2,4379707
2021-06-10 10:11:35,158.15,4380595
2021-06-10 10:11:37,158.15,4381339
2021-06-10 10:11:40,158.15,4381969
2021-06-10 10:11:43,158.1,4382234
2021-06-10 10:11:46,158.15,4383568
2021-06-10 10:11:50,158.1,4384698
2021-06-10 10:11:53,158.15,4385404
2021-06-10 10:11:56,158.1,4385968
2021-06-10 10:11:59,158.1,4387253
2021-06-10 10:12:03,158.05,4387860
2021-06-10 10:12:06,158.05,4388130
2021-06-10 10:12:09,158.05,4388130
2021-06-10 10:12:12,158.0,4388534
2021-06-10 10:12:15,158.0,4389267
2021-06-10 10:12:18,158.05,4389528
2021-06-10 10:12:21,158.05,4389906
2021-06-10 10:12:24,158.05,4390081
2021-06-10 10:12:27,158.0,4390162
2021-06-10 10:12:29,158.0,4390203
2021-06-10 10:12:32,158.0,4390789
2021-06-10 10:12:35,158.05,4391199
2021-06-10 10:12:38,158.05,4391384
2021-06-10 10:12:41,158.1,4391576
2021-06-10 10:12:46,158.05,4398229
2021-06-10 10:12:49,158.05,4398453
2021-06-10 10:12:52,158.0,4398738
2021-06-10 10:12:55,158.05,4398822
2021-06-10 10:12:57,158.0,4398833
2021-06-10 10:13:00,158.0,4399155
2021-06-10 10:13:03,158.0,4399283
2021-06-10 10:13:06,158.0,4399284
2021-06-10 10:13:09,158.0,4399541
2021-06-10 10:13:11,158.0,4399797
2021-06-10 10:13:14,158.0,4400584
2021-06-10 10:13:17,158.0,4400734
2021-06-10 10:13:19,157.95,4406252
2021-06-10 10:13:22,157.95,4406252
2021-06-10 10:13:24,157.85,4406254
2021-06-10 10:13:27,157.95,4406754
2021-06-10 10:13:29,157.85,4407010
2021-06-10 10:13:32,157.9,4407029
2021-06-10 10:13:35,157.85,4407059
2021-06-10 10:13:37,157.85,4407059
2021-06-10 10:13:40,157.85,4407059
2021-06-10 10:13:43,157.85,4407092
2021-06-10 10:13:45,157.85,4407092
2021-06-10 10:13:48,157.85,4407494
2021-06-10 10:13:51,157.85,4407759
2021-06-10 10:13:53,157.9,4407776
2021-06-10 10:13:56,157.9,4408366
2021-06-10 10:13:59,157.85,4408556
2021-06-10 10:14:02,157.85,4408576
2021-06-10 10:14:05,157.85,4416907
2021-06-10 10:14:08,157.9,4416911
2021-06-10 10:14:10,157.9,4416986
2021-06-10 10:14:14,157.9,4419097
2021-06-10 10:14:17,157.85,4419623
2021-06-10 10:14:21,157.9,4420609
2021-06-10 10:14:24,157.9,4420630
2021-06-10 10:14:27,157.9,4421548
2021-06-10 10:14:30,157.9,4421548
2021-06-10 10:14:33,157.9,4422675
2021-06-10 10:14:36,157.95,4423217
2021-06-10 10:14:39,157.9,4423291
2021-06-10 10:14:42,157.95,4424907
2021-06-10 10:14:45,157.9,4425215
2021-06-10 10:14:48,157.95,4425348
2021-06-10 10:14:51,157.9,4425350
2021-06-10 10:14:55,157.9,4425653
2021-06-10 10:14:59,157.95,4425700
2021-06-10 10:15:02,157.9,4430710
2021-06-10 10:15:05,158.0,4431199
2021-06-10 10:15:08,158.0,4431269
2021-06-10 10:15:11,158.0,4432964
2021-06-10 10:15:15,157.9,4433965
2021-06-10 10:15:18,158.0,4433990
2021-06-10 10:15:21,158.0,4434391
2021-06-10 10:15:24,158.0,4434410
2021-06-10 10:15:27,157.95,4436564
2021-06-10 10:15:30,158.0,4436570
2021-06-10 10:15:34,158.0,4437363
2021-06-10 10:15:38,158.0,4437967
2021-06-10 10:15:41,158.0,4439278
2021-06-10 10:15:45,158.0,4439288
2021-06-10 10:15:48,158.0,4439298
2021-06-10 10:15:51,158.0,4439733
2021-06-10 10:15:53,158.05,4440033
2021-06-10 10:15:56,158.0,4440243
2021-06-10 10:15:59,158.1,4440743
2021-06-10 10:16:02,158.0,4441924
2021-06-10 10:16:05,158.0,4446125
2021-06-10 10:16:08,158.0,4446207
2021-06-10 10:16:10,158.1,4446210
2021-06-10 10:16:13,158.05,4446553
2021-06-10 10:16:16,158.1,4446563
2021-06-10 10:16:19,158.1,4447185
2021-06-10 10:16:22,158.05,4447385
2021-06-10 10:16:25,158.1,4447635
2021-06-10 10:16:28,158.0,4447654
2021-06-10 10:16:30,158.05,4448406
2021-06-10 10:16:33,158.0,4448621
2021-06-10 10:16:36,158.05,4452846
2021-06-10 10:16:39,158.05,4453049
2021-06-10 10:16:41,158.05,4453050
2021-06-10 10:16:45,158.05,4453245
2021-06-10 10:16:48,158.05,4453247
2021-06-10 10:16:51,158.05,4453487
2021-06-10 10:16:54,158.05,4453770
2021-06-10 10:16:57,158.1,4454097
2021-06-10 10:17:00,158.05,4454947
2021-06-10 10:17:03,158.1,4459835
2021-06-10 10:17:06,158.05,4459871
2021-06-10 10:17:09,158.1,4460013
2021-06-10 10:17:12,158.15,4460276
2021-06-10 10:17:15,158.1,4460672
2021-06-10 10:17:18,158.1,4460672
2021-06-10 10:17:21,158.15,4461110
2021-06-10 10:17:24,158.1,4461408
2021-06-10 10:17:26,158.2,4461454
2021-06-10 10:17:29,158.2,4462455
2021-06-10 10:17:31,158.2,4480043
2021-06-10 10:17:34,158.15,4480093
2021-06-10 10:17:40,158.2,4480365
2021-06-10 10:17:42,158.15,4481091
2021-06-10 10:17:45,158.15,4481254
2021-06-10 10:17:48,158.15,4481254
2021-06-10 10:17:51,158.15,4481761
2021-06-10 10:17:54,158.15,4481845
2021-06-10 10:17:57,158.2,4484367
2021-06-10 10:18:00,158.2,4484987
2021-06-10 10:18:03,158.15,4485409
2021-06-10 10:18:06,158.15,4485477
2021-06-10 10:18:09,158.15,4485893
2021-06-10 10:18:12,158.2,4485909
2021-06-10 10:18:15,158.2,4486554
2021-06-10 10:18:18,158.15,4486704
2021-06-10 10:18:20,158.15,4487532
2021-06-10 10:18:23,158.2,4487717
2021-06-10 10:18:27,158.15,4488517
2021-06-10 10:18:30,158.2,4491614
2021-06-10 10:18:32,158.15,4491698
2021-06-10 10:18:36,158.2,4492224
2021-06-10 10:18:39,158.15,4492333
2021-06-10 10:18:44,158.15,4492779
2021-06-10 10:18:48,158.2,4492816
2021-06-10 10:18:51,158.2,4493263
2021-06-10 10:18:54,158.2,4497733
2021-06-10 10:18:57,158.15,4498447
2021-06-10 10:18:59,158.15,4498469
2021-06-10 10:19:03,158.15,4498719
2021-06-10 10:19:06,158.15,4499721
2021-06-10 10:19:08,158.15,4499731
2021-06-10 10:19:12,158.05,4499735
2021-06-10 10:19:14,158.05,4500026
2021-06-10 10:19:17,158.05,4500033
2021-06-10 10:19:20,158.05,4500503
2021-06-10 10:19:23,158.05,4500703
2021-06-10 10:19:26,158.05,4500706
2021-06-10 10:19:29,158.1,4500726
2021-06-10 10:19:31,158.0,4501939
2021-06-10 10:19:34,158.1,4502499
2021-06-10 10:19:37,158.05,4502712
2021-06-10 10:19:40,158.0,4503066
2021-06-10 10:19:43,158.05,4503170
2021-06-10 10:19:46,158.0,4503321
2021-06-10 10:19:49,158.05,4503341
2021-06-10 10:19:52,158.1,4503861
2021-06-10 10:19:55,158.05,4504065
2021-06-10 10:19:58,158.1,4504449
2021-06-10 10:20:01,158.1,4506941
2021-06-10 10:20:08,158.1,4506999
2021-06-10 10:20:11,158.1,4507088
2021-06-10 10:20:14,158.15,4507470
2021-06-10 10:20:17,158.1,4508268
2021-06-10 10:20:20,158.1,4509159
2021-06-10 10:20:23,158.15,4510459
2021-06-10 10:20:26,158.15,4510470
2021-06-10 10:20:29,158.15,4510678
2021-06-10 10:20:32,158.15,4510964
2021-06-10 10:20:35,158.2,4511792
2021-06-10 10:20:38,158.15,4511815
2021-06-10 10:20:41,158.15,4512002
2021-06-10 10:20:43,158.15,4512754
2021-06-10 10:20:46,158.1,4512756
2021-06-10 10:20:49,158.15,4512806
2021-06-10 10:20:52,158.15,4512952
2021-06-10 10:20:55,158.0,4548035
2021-06-10 10:20:58,158.1,4548036
2021-06-10 10:21:01,158.1,4548036
2021-06-10 10:21:04,158.1,4548122
2021-06-10 10:21:07,158.1,4559247
2021-06-10 10:21:10,158.1,4559478
2021-06-10 10:21:14,158.05,4559733
2021-06-10 10:21:16,158.05,4559858
2021-06-10 10:21:19,158.1,4560508
2021-06-10 10:21:22,158.05,4560892
2021-06-10 10:21:25,158.1,4561047
2021-06-10 10:21:28,158.05,4561752
2021-06-10 10:21:31,158.05,4561752
2021-06-10 10:21:34,158.1,4561973
2021-06-10 10:21:36,158.1,4562281
2021-06-10 10:21:42,158.1,4562572
2021-06-10 10:21:44,158.1,4562658
2021-06-10 10:21:47,158.05,4562693
2021-06-10 10:21:50,158.1,4563746
2021-06-10 10:21:53,158.05,4569273
2021-06-10 10:21:56,157.95,4569823
2021-06-10 10:21:58,157.95,4569825
2021-06-10 10:22:01,158.0,4570366
2021-06-10 10:22:04,158.0,4570468
2021-06-10 10:22:07,158.05,4572473
2021-06-10 10:22:11,157.95,4572512
2021-06-10 10:22:14,157.9,4572748
2021-06-10 10:22:17,157.9,4572748
2021-06-10 10:22:21,157.95,4572749
2021-06-10 10:22:23,157.95,4572749
2021-06-10 10:22:26,157.95,4573590
2021-06-10 10:22:29,157.95,4573601
2021-06-10 10:22:32,157.9,4574322
2021-06-10 10:22:35,158.0,4574622
2021-06-10 10:22:38,157.9,4574673
2021-06-10 10:22:41,157.9,4574673
2021-06-10 10:22:43,157.95,4577075
2021-06-10 10:22:46,157.9,4577135
2021-06-10 10:22:50,157.9,4577175
2021-06-10 10:22:53,157.95,4577225
2021-06-10 10:22:56,157.9,4577254
2021-06-10 10:22:58,157.9,4577560
2021-06-10 10:23:01,157.95,4577574
2021-06-10 10:23:04,158.0,4578607
2021-06-10 10:23:07,157.95,4578631
2021-06-10 10:23:10,157.95,4578632
2021-06-10 10:23:13,158.0,4579788
2021-06-10 10:23:15,157.95,4579790
2021-06-10 10:23:18,158.0,4579992
2021-06-10 10:23:21,158.0,4580012
2021-06-10 10:23:24,158.0,4580027
2021-06-10 10:23:27,158.0,4582712
2021-06-10 10:23:30,158.0,4582712
2021-06-10 10:23:33,157.95,4583276
2021-06-10 10:23:37,157.95,4583288
2021-06-10 10:23:41,158.0,4583522
2021-06-10 10:23:47,157.95,4584168
2021-06-10 10:23:51,157.95,4584802
2021-06-10 10:23:54,158.0,4584902
2021-06-10 10:23:58,157.95,4584906
2021-06-10 10:24:01,157.95,4585209
2021-06-10 10:24:04,157.95,4585329
2021-06-10 10:24:08,157.95,4585493
2021-06-10 10:24:11,157.95,4585642
2021-06-10 10:24:14,157.95,4585722
2021-06-10 10:24:17,157.95,4585753
2021-06-10 10:24:21,157.95,4586878
2021-06-10 10:24:24,158.0,4586882
2021-06-10 10:24:27,158.0,4589943
2021-06-10 10:24:30,158.0,4590298
2021-06-10 10:24:33,158.0,4590490
2021-06-10 10:24:36,158.0,4590490
2021-06-10 10:24:39,158.05,4590929
2021-06-10 10:24:42,158.0,4590943
2021-06-10 10:24:45,158.0,4592294
2021-06-10 10:24:48,158.0,4592299
2021-06-10 10:24:51,158.0,4592299
2021-06-10 10:24:54,158.0,4592867
2021-06-10 10:24:57,158.0,4593368
2021-06-10 10:24:59,158.1,4595369
2021-06-10 10:25:02,158.1,4595369
2021-06-10 10:25:06,158.1,4595369
2021-06-10 10:25:09,158.0,4595424
2021-06-10 10:25:12,158.05,4595508
2021-06-10 10:25:15,158.1,4595621
2021-06-10 10:25:18,157.95,4597993
2021-06-10 10:25:21,158.0,4598000
2021-06-10 10:25:24,158.0,4598050
2021-06-10 10:25:27,157.95,4598223
2021-06-10 10:25:30,158.0,4598393
2021-06-10 10:25:33,157.95,4599647
2021-06-10 10:25:36,157.95,4599647
2021-06-10 10:25:39,157.95,4599807
2021-06-10 10:25:42,158.0,4599912
2021-06-10 10:25:45,157.95,4602429
2021-06-10 10:25:48,157.95,4602429
2021-06-10 10:25:51,158.0,4602529
2021-06-10 10:25:54,157.8,4618003
2021-06-10 10:25:57,157.8,4620003
2021-06-10 10:25:59,157.85,4620376
2021-06-10 10:26:02,157.8,4620439
2021-06-10 10:26:05,157.9,4620539
2021-06-10 10:26:11,157.9,4621474
2021-06-10 10:26:40,157.9,4636319
2021-06-10 10:26:44,157.85,4636452
2021-06-10 10:26:47,157.85,4636652
2021-06-10 10:26:50,157.9,4636703
2021-06-10 10:26:53,157.85,4637368
2021-06-10 10:26:59,157.9,4637616
2021-06-10 10:27:03,157.9,4637726
2021-06-10 10:27:05,157.85,4637827
2021-06-10 10:27:08,157.9,4638164
2021-06-10 10:27:11,157.85,4638229
2021-06-10 10:27:14,157.9,4638464
2021-06-10 10:27:16,157.9,4638474
2021-06-10 10:27:20,157.85,4638548
2021-06-10 10:27:23,157.9,4639098
2021-06-10 10:27:25,157.9,4639137
2021-06-10 10:27:28,157.9,4639137
2021-06-10 10:27:31,157.85,4639435
2021-06-10 10:27:34,157.85,4639435
2021-06-10 10:27:37,157.85,4639537
2021-06-10 10:27:39,157.9,4639707
2021-06-10 10:27:42,157.85,4639744
2021-06-10 10:27:44,157.9,4639853
2021-06-10 10:27:47,157.9,4647001
2021-06-10 10:27:50,157.9,4647005
2021-06-10 10:27:53,157.9,4647005
2021-06-10 10:27:56,157.9,4647155
2021-06-10 10:27:59,157.9,4647155
2021-06-10 10:28:01,157.95,4647226
2021-06-10 10:28:05,157.95,4647546
2021-06-10 10:28:07,157.9,4647681
2021-06-10 10:28:11,157.9,4648091
2021-06-10 10:28:14,157.85,4648351
2021-06-10 10:28:17,157.85,4648351
2021-06-10 10:28:20,157.85,4651777
2021-06-10 10:28:23,157.9,4652177
2021-06-10 10:28:26,157.85,4652208
2021-06-10 10:28:28,157.8,4652279
2021-06-10 10:28:31,157.8,4652829
2021-06-10 10:28:34,157.8,4653026
2021-06-10 10:28:37,157.85,4653436
2021-06-10 10:28:40,157.8,4653646
2021-06-10 10:28:52,157.7,4664059
2021-06-10 10:28:55,157.7,4664164
2021-06-10 10:28:57,157.7,4664194
2021-06-10 10:29:01,157.75,4664349
2021-06-10 10:29:04,157.7,4666520
2021-06-10 10:29:06,157.75,4667120
2021-06-10 10:29:10,157.8,4667770
2021-06-10 10:29:12,157.8,4668221
2021-06-10 10:29:15,157.8,4669021
2021-06-10 10:29:18,157.85,4669581
2021-06-10 10:29:21,157.75,4670989
2021-06-10 10:29:24,157.75,4670991
2021-06-10 10:29:27,157.8,4670992
2021-06-10 10:29:29,157.75,4671151
2021-06-10 10:29:32,157.65,4686673
2021-06-10 10:29:35,157.75,4687323
2021-06-10 10:29:37,157.65,4687417
2021-06-10 10:29:40,157.75,4687472
2021-06-10 10:29:43,157.7,4687722
2021-06-10 10:29:46,157.65,4687724
2021-06-10 10:29:48,157.65,4687915
2021-06-10 10:29:51,157.65,4687940
2021-06-10 10:29:54,157.65,4688459
2021-06-10 10:29:57,157.7,4689679
2021-06-10 10:30:00,157.75,4689880
2021-06-10 10:30:03,157.7,4689890
2021-06-10 10:30:05,157.75,4689930
2021-06-10 10:30:08,157.75,4689930
2021-06-10 10:30:11,157.75,4690210
2021-06-10 10:30:14,157.7,4690560
2021-06-10 10:30:16,157.7,4690788
2021-06-10 10:30:19,157.75,4691038
2021-06-10 10:30:23,157.7,4691044
2021-06-10 10:30:26,157.75,4691250
2021-06-10 10:30:29,157.7,4691340
2021-06-10 10:30:32,157.75,4692779
2021-06-10 10:30:35,157.7,4692816
2021-06-10 10:30:38,157.7,4692831
2021-06-10 10:30:40,157.7,4692831
2021-06-10 10:30:43,157.7,4692886
2021-06-10 10:30:46,157.75,4693116
2021-06-10 10:30:50,157.7,4693152
2021-06-10 10:30:53,157.75,4693466
2021-06-10 10:30:56,157.7,4693966
2021-06-10 10:30:58,157.75,4694466
2021-06-10 10:31:01,157.7,4694637
2021-06-10 10:31:04,157.75,4694738
2021-06-10 10:31:07,157.75,4694765
2021-06-10 10:31:10,157.75,4695213
2021-06-10 10:31:13,157.75,4695386
2021-06-10 10:31:16,157.8,4695546
2021-06-10 10:31:19,157.75,4696056
2021-06-10 10:31:22,157.8,4696162
2021-06-10 10:31:25,157.75,4696168
2021-06-10 10:31:27,157.8,4697293
2021-06-10 10:31:30,157.8,4697301
2021-06-10 10:31:33,157.75,4697415
2021-06-10 10:31:36,157.75,4697415
2021-06-10 10:31:39,157.8,4697682
2021-06-10 10:31:41,157.75,4697719
2021-06-10 10:31:44,157.8,4697730
2021-06-10 10:31:46,157.8,4697740
2021-06-10 10:31:49,157.75,4698090
2021-06-10 10:31:51,157.8,4698105
2021-06-10 10:31:54,157.75,4698140
2021-06-10 10:31:57,157.8,4698156
2021-06-10 10:31:59,157.8,4698206
2021-06-10 10:32:02,157.75,4702326
2021-06-10 10:32:05,157.75,4702326
2021-06-10 10:32:07,157.8,4702386
2021-06-10 10:32:10,157.8,4702438
2021-06-10 10:32:13,157.75,4702448
2021-06-10 10:32:15,157.75,4702448
2021-06-10 10:32:18,157.8,4702754
2021-06-10 10:32:21,157.75,4703556
2021-06-10 10:32:23,157.8,4704625
2021-06-10 10:32:26,157.75,4705540
2021-06-10 10:32:29,157.8,4705558
2021-06-10 10:32:31,157.8,4705558
2021-06-10 10:32:34,157.75,4705625
2021-06-10 10:32:36,157.75,4705665
2021-06-10 10:32:39,157.8,4705666
2021-06-10 10:32:42,157.8,4705667
2021-06-10 10:32:44,157.75,4705703
2021-06-10 10:32:49,157.75,4705917
2021-06-10 10:32:52,157.75,4705960
2021-06-10 10:32:55,157.75,4705967
2021-06-10 10:32:57,157.75,4705967
2021-06-10 10:33:00,157.8,4706069
2021-06-10 10:33:02,157.75,4706091
2021-06-10 10:33:05,157.75,4706494
2021-06-10 10:33:08,157.8,4706511
2021-06-10 10:33:11,157.8,4706514
2021-06-10 10:33:13,157.8,4706514
2021-06-10 10:33:16,157.8,4706908
2021-06-10 10:33:18,157.8,4706958
2021-06-10 10:33:20,157.85,4707460
2021-06-10 10:33:23,157.85,4707940
2021-06-10 10:33:25,157.85,4707960
2021-06-10 10:33:27,157.85,4707960
2021-06-10 10:33:29,157.8,4708189
2021-06-10 10:33:32,157.9,4708292
2021-06-10 10:33:34,157.85,4708885
2021-06-10 10:33:37,157.9,4709341
2021-06-10 10:33:40,157.9,4710357
2021-06-10 10:33:43,157.85,4710459
2021-06-10 10:33:47,157.85,4710894
2021-06-10 10:33:49,157.9,4710916
2021-06-10 10:33:52,157.85,4711371
2021-06-10 10:33:54,157.85,4711373
2021-06-10 10:33:57,157.85,4711401
2021-06-10 10:34:00,157.8,4711412
2021-06-10 10:34:02,157.85,4711444
2021-06-10 10:34:05,157.85,4711445
2021-06-10 10:34:07,157.8,4711455
2021-06-10 10:34:10,157.85,4711894
2021-06-10 10:34:13,157.85,4712012
2021-06-10 10:34:15,157.9,4712015
2021-06-10 10:34:17,157.9,4712806
2021-06-10 10:34:20,157.9,4713850
2021-06-10 10:34:22,157.9,4713850
2021-06-10 10:34:25,157.85,4714066
2021-06-10 10:34:27,157.9,4714377
2021-06-10 10:34:30,157.9,4715120
2021-06-10 10:34:33,157.9,4715138
2021-06-10 10:34:35,157.9,4715142
2021-06-10 10:34:38,157.85,4715235
2021-06-10 10:34:41,157.9,4715256
2021-06-10 10:34:43,157.85,4715260
2021-06-10 10:34:46,157.9,4715365
2021-06-10 10:34:49,157.85,4715402
2021-06-10 10:34:51,157.9,4715407
2021-06-10 10:34:53,157.85,4715631
2021-06-10 10:34:56,157.9,4715883
2021-06-10 10:34:59,157.9,4716286
2021-06-10 10:35:02,157.9,4716988
2021-06-10 10:35:04,157.9,4716988
2021-06-10 10:35:07,157.9,4717006
2021-06-10 10:35:09,157.85,4717581
2021-06-10 10:35:12,157.85,4730904
2021-06-10 10:35:14,157.85,4732404
2021-06-10 10:35:17,157.85,4732659
2021-06-10 10:35:20,157.8,4732713
2021-06-10 10:35:22,157.85,4732914
2021-06-10 10:35:25,157.75,4736264
2021-06-10 10:35:27,157.75,4736264
2021-06-10 10:35:30,157.7,4746564
2021-06-10 10:35:33,157.8,4746666
2021-06-10 10:35:35,157.75,4746700
2021-06-10 10:35:37,157.7,4749950
2021-06-10 10:35:40,157.75,4751356
2021-06-10 10:35:43,157.7,4752165
2021-06-10 10:35:45,157.8,4752379
2021-06-10 10:35:51,157.75,4752500
2021-06-10 10:35:53,157.75,4752519
2021-06-10 10:35:56,157.8,4752539
2021-06-10 10:36:01,157.8,4752651
2021-06-10 10:36:04,157.75,4752761
2021-06-10 10:36:06,157.75,4752761
2021-06-10 10:36:09,157.8,4754361
2021-06-10 10:36:12,157.8,4754474
2021-06-10 10:36:15,157.8,4754529
2021-06-10 10:36:18,157.8,4754641
2021-06-10 10:36:21,157.8,4754641
2021-06-10 10:36:23,157.8,4754646
2021-06-10 10:36:26,157.8,4756186
2021-06-10 10:36:29,157.8,4756371
2021-06-10 10:36:31,157.8,4756371
2021-06-10 10:36:34,157.8,4756377
2021-06-10 10:36:37,157.55,4791246
2021-06-10 10:36:39,157.6,4791811
2021-06-10 10:36:42,157.6,4792004
2021-06-10 10:36:44,157.6,4792104
2021-06-10 10:36:47,157.6,4792112
2021-06-10 10:36:49,157.6,4792212
2021-06-10 10:36:52,157.65,4792249
2021-06-10 10:36:55,157.6,4792250
2021-06-10 10:36:57,157.65,4792611
2021-06-10 10:37:00,157.6,4792621
2021-06-10 10:37:02,157.6,4793846
2021-06-10 10:37:05,157.6,4793869
2021-06-10 10:37:07,157.6,4795744
2021-06-10 10:37:10,157.65,4796552
2021-06-10 10:37:14,157.55,4796553
2021-06-10 10:37:16,157.65,4800287
2021-06-10 10:37:19,157.6,4800857
2021-06-10 10:37:21,157.6,4800877
2021-06-10 10:37:24,157.55,4800968
2021-06-10 10:37:26,157.6,4801571
2021-06-10 10:37:29,157.55,4802171
2021-06-10 10:37:32,157.55,4802171
2021-06-10 10:37:34,157.55,4802180
2021-06-10 10:37:36,157.55,4804405
2021-06-10 10:37:39,157.55,4804405
2021-06-10 10:37:41,157.65,4805410
2021-06-10 10:37:44,157.55,4805543
2021-06-10 10:37:46,157.6,4805548
2021-06-10 10:37:49,157.55,4806137
2021-06-10 10:37:52,157.55,4806137
2021-06-10 10:37:54,157.5,4811364
2021-06-10 10:37:57,157.55,4811445
2021-06-10 10:37:59,157.6,4811755
2021-06-10 10:38:02,157.55,4811783
2021-06-10 10:38:05,157.55,4814373
2021-06-10 10:38:07,157.6,4816363
2021-06-10 10:38:10,157.6,4822363
2021-06-10 10:38:12,157.6,4822368
2021-06-10 10:38:15,157.6,4822393
2021-06-10 10:38:18,157.6,4823469
2021-06-10 10:38:21,157.6,4824216
2021-06-10 10:38:23,157.55,4825074
2021-06-10 10:38:26,157.6,4825389
2021-06-10 10:38:28,157.6,4825613
2021-06-10 10:38:31,157.55,4825713
2021-06-10 10:38:34,157.55,4825787
2021-06-10 10:38:36,157.55,4830791
2021-06-10 10:38:39,157.65,4831073
2021-06-10 10:38:41,157.65,4831106
2021-06-10 10:38:44,157.55,4831360
2021-06-10 10:38:47,157.55,4831401
2021-06-10 10:38:49,157.6,4831443
2021-06-10 10:38:52,157.6,4831542
2021-06-10 10:38:55,157.55,4831736
2021-06-10 10:38:57,157.6,4831744
2021-06-10 10:39:00,157.65,4831824
2021-06-10 10:39:03,157.55,4831832
2021-06-10 10:39:05,157.65,4832349
2021-06-10 10:39:08,157.6,4835143
2021-06-10 10:39:10,157.6,4835214
2021-06-10 10:39:13,157.65,4835265
2021-06-10 10:39:15,157.6,4835380
2021-06-10 10:39:18,157.6,4835655
2021-06-10 10:39:21,157.65,4835969
2021-06-10 10:39:26,157.65,4838268
2021-06-10 10:39:29,157.65,4838273
2021-06-10 10:39:31,157.65,4838617
2021-06-10 10:39:34,157.65,4839120
2021-06-10 10:39:36,157.6,4839870
2021-06-10 10:39:39,157.65,4840230
2021-06-10 10:39:42,157.65,4840250
2021-06-10 10:39:45,157.65,4840260
2021-06-10 10:39:48,157.6,4840361
2021-06-10 10:39:50,157.65,4841855
2021-06-10 10:39:53,157.6,4842307
2021-06-10 10:39:55,157.65,4842331
2021-06-10 10:39:58,157.65,4842373
2021-06-10 10:40:00,157.65,4845080
2021-06-10 10:40:02,157.6,4845280
2021-06-10 10:40:05,157.65,4845789
2021-06-10 10:40:08,157.65,4845789
2021-06-10 10:40:11,157.65,4845832
2021-06-10 10:40:13,157.65,4845849
2021-06-10 10:40:19,157.6,4846325
2021-06-10 10:40:21,157.65,4846915
2021-06-10 10:40:24,157.6,4846951
2021-06-10 10:40:26,157.6,4846951
2021-06-10 10:40:29,157.65,4847961
2021-06-10 10:40:31,157.65,4849565
2021-06-10 10:40:34,157.7,4850837
2021-06-10 10:40:37,157.65,4851507
2021-06-10 10:40:39,157.7,4851508
2021-06-10 10:40:42,157.7,4852940
2021-06-10 10:40:44,157.65,4852944
2021-06-10 10:40:47,157.65,4852988
2021-06-10 10:40:50,157.65,4852994
2021-06-10 10:40:52,157.7,4853009
2021-06-10 10:40:55,157.65,4853610
2021-06-10 10:40:58,157.7,4853856
2021-06-10 10:41:00,157.65,4854056
2021-06-10 10:41:03,157.7,4854121
2021-06-10 10:41:05,157.7,4854128
2021-06-10 10:41:08,157.7,4861916
2021-06-10 10:41:10,157.65,4862616
2021-06-10 10:41:13,157.65,4862628
2021-06-10 10:41:15,157.65,4862764
2021-06-10 10:41:18,157.65,4866864
2021-06-10 10:41:20,157.65,4866866
2021-06-10 10:41:23,157.65,4866932
2021-06-10 10:41:25,157.6,4868209
2021-06-10 10:41:28,157.65,4868481
2021-06-10 10:41:30,157.6,4868482
2021-06-10 10:41:33,157.6,4868851
2021-06-10 10:41:35,157.6,4868851
2021-06-10 10:41:37,157.65,4868860
2021-06-10 10:41:39,157.6,4868925
2021-06-10 10:41:42,157.65,4868927
2021-06-10 10:41:44,157.6,4868930
2021-06-10 10:41:47,157.65,4869030
2021-06-10 10:41:50,157.65,4869041
2021-06-10 10:41:52,157.65,4869042
2021-06-10 10:41:54,157.65,4869147
2021-06-10 10:41:57,157.65,4869398
2021-06-10 10:41:59,157.65,4869398
2021-06-10 10:42:03,157.6,4875823
2021-06-10 10:42:06,157.65,4875941
2021-06-10 10:42:08,157.55,4876471
2021-06-10 10:42:11,157.65,4878176
2021-06-10 10:42:13,157.55,4878206
2021-06-10 10:42:15,157.55,4878206
2021-06-10 10:42:17,157.6,4878785
2021-06-10 10:42:20,157.55,4879880
2021-06-10 10:42:22,157.55,4880210
2021-06-10 10:42:25,157.55,4880210
2021-06-10 10:42:29,157.6,4880667
2021-06-10 10:42:31,157.6,4882013
2021-06-10 10:42:34,157.6,4882013
2021-06-10 10:42:36,157.6,4882392
2021-06-10 10:42:38,157.55,4882394
2021-06-10 10:42:40,157.6,4882497
2021-06-10 10:42:43,157.6,4882704
2021-06-10 10:42:45,157.6,4883554
2021-06-10 10:42:48,157.6,4883573
2021-06-10 10:42:51,157.55,4883661
2021-06-10 10:42:53,157.55,4884811
2021-06-10 10:42:56,157.55,4884990
2021-06-10 10:43:01,157.55,4885284
2021-06-10 10:43:04,157.6,4885294
2021-06-10 10:43:07,157.6,4885425
2021-06-10 10:43:09,157.6,4885425
2021-06-10 10:43:12,157.55,4885727
2021-06-10 10:43:15,157.6,4885899
2021-06-10 10:43:18,157.6,4886019
2021-06-10 10:43:21,157.6,4886144
2021-06-10 10:43:23,157.6,4886167
2021-06-10 10:43:26,157.6,4886391
2021-06-10 10:43:28,157.6,4886391
2021-06-10 10:43:30,157.6,4886495
2021-06-10 10:43:33,157.6,4886496
2021-06-10 10:43:35,157.6,4886496
2021-06-10 10:43:38,157.6,4886516
2021-06-10 10:43:40,157.6,4886771
2021-06-10 10:43:43,157.6,4886778
2021-06-10 10:43:45,157.55,4886788
2021-06-10 10:43:48,157.6,4886790
2021-06-10 10:43:50,157.55,4886794
2021-06-10 10:43:56,157.6,4887571
2021-06-10 10:43:58,157.55,4887637
2021-06-10 10:44:01,157.55,4887737
2021-06-10 10:44:03,157.55,4888843
2021-06-10 10:44:06,157.65,4890120
2021-06-10 10:44:08,157.6,4890160
2021-06-10 10:44:10,157.6,4891934
2021-06-10 10:44:15,157.6,4893096
2021-06-10 10:44:17,157.6,4893147
2021-06-10 10:44:19,157.55,4894198
2021-06-10 10:44:22,157.55,4895561
2021-06-10 10:44:24,157.55,4895576
2021-06-10 10:44:27,157.55,4895829
2021-06-10 10:44:30,157.55,4896416
2021-06-10 10:44:34,157.6,4896872
2021-06-10 10:44:37,157.6,4896892
2021-06-10 10:44:39,157.6,4896964
2021-06-10 10:44:42,157.55,4897073
2021-06-10 10:44:48,157.5,4903887
2021-06-10 10:44:51,157.55,4904387
2021-06-10 10:44:54,157.55,4904400
2021-06-10 10:44:57,157.5,4910160
2021-06-10 10:44:59,157.55,4910262
2021-06-10 10:45:02,157.5,4910271
2021-06-10 10:45:04,157.5,4910383
2021-06-10 10:45:07,157.55,4910986
2021-06-10 10:45:10,157.5,4911049
2021-06-10 10:45:12,157.5,4911052
2021-06-10 10:45:15,157.55,4915752
2021-06-10 10:45:17,157.55,4917029
2021-06-10 10:45:20,157.55,4917155
2021-06-10 10:45:22,157.55,4917176
2021-06-10 10:45:25,157.5,4917268
2021-06-10 10:45:28,157.5,4929717
2021-06-10 10:45:30,157.5,4930112
2021-06-10 10:45:32,157.5,4930415
2021-06-10 10:45:35,157.55,4933090
2021-06-10 10:45:38,157.5,4933259
2021-06-10 10:45:40,157.5,4933266
2021-06-10 10:45:42,157.45,4933801
2021-06-10 10:45:45,157.5,4933823
2021-06-10 10:45:48,157.45,4934382
2021-06-10 10:45:50,157.5,4934599
2021-06-10 10:45:52,157.5,4934604
2021-06-10 10:45:55,157.5,4935018
2021-06-10 10:45:57,157.5,4935018
2021-06-10 10:46:00,157.45,4935348
2021-06-10 10:46:02,157.45,4935551
2021-06-10 10:46:05,157.5,4936052
2021-06-10 10:46:07,157.5,4936562
2021-06-10 10:46:09,157.5,4938319
2021-06-10 10:46:12,157.35,4962513
2021-06-10 10:46:16,157.4,4963600
2021-06-10 10:46:19,157.45,4967039
2021-06-10 10:46:21,157.4,4967432
2021-06-10 10:46:24,157.45,4967535
2021-06-10 10:46:27,157.4,4972457
2021-06-10 10:46:30,157.45,4972767
2021-06-10 10:46:32,157.5,4979418
2021-06-10 10:46:35,157.55,4979419
2021-06-10 10:46:37,157.5,4979421
2021-06-10 10:46:40,157.55,4979461
2021-06-10 10:46:42,157.5,4979467
2021-06-10 10:46:45,157.45,4982014
2021-06-10 10:46:47,157.45,4982095
2021-06-10 10:46:50,157.55,4984338
2021-06-10 10:46:53,157.55,4984398
2021-06-10 10:46:55,157.45,4984481
2021-06-10 10:46:58,157.5,4984523
2021-06-10 10:47:00,157.5,4984634
2021-06-10 10:47:02,157.5,4984702
2021-06-10 10:47:04,157.45,4984763
2021-06-10 10:47:07,157.45,4987695
2021-06-10 10:47:09,157.55,4988016
2021-06-10 10:47:12,157.45,4995573
2021-06-10 10:47:15,157.45,4995573
2021-06-10 10:47:18,157.55,4995745
2021-06-10 10:47:20,157.5,4995906
2021-06-10 10:47:23,157.5,4995906
2021-06-10 10:47:25,157.5,4996906
2021-06-10 10:47:27,157.5,4996906
2021-06-10 10:47:29,157.55,4997072
2021-06-10 10:47:32,157.55,4997072
2021-06-10 10:47:34,157.5,4997272
2021-06-10 10:47:37,157.5,4997309
2021-06-10 10:47:39,157.5,4997310
2021-06-10 10:47:42,157.5,4997347
2021-06-10 10:47:44,157.5,4999634
2021-06-10 10:47:46,157.5,4999685
2021-06-10 10:47:49,157.5,4999685
2021-06-10 10:47:52,157.45,5002437
2021-06-10 10:47:55,157.5,5002462
2021-06-10 10:47:57,157.45,5002472
2021-06-10 10:48:00,157.45,5002483
2021-06-10 10:48:02,157.5,5002484
2021-06-10 10:48:05,157.5,5002745
2021-06-10 10:48:08,157.5,5002745
2021-06-10 10:48:10,157.45,5002845
2021-06-10 10:48:13,157.5,5003096
2021-06-10 10:48:15,157.45,5003153
2021-06-10 10:48:17,157.45,5003843
2021-06-10 10:48:19,157.45,5003874
2021-06-10 10:48:22,157.5,5004574
2021-06-10 10:48:24,157.5,5005359
2021-06-10 10:48:27,157.45,5005459
2021-06-10 10:48:30,157.45,5005534
2021-06-10 10:48:32,157.45,5007584
2021-06-10 10:48:35,157.5,5011897
2021-06-10 10:48:37,157.5,5011897
2021-06-10 10:48:39,157.5,5011897
2021-06-10 10:48:41,157.5,5011905
2021-06-10 10:48:44,157.4,5012105
2021-06-10 10:48:46,157.4,5012130
2021-06-10 10:48:49,157.5,5012150
2021-06-10 10:48:51,157.45,5012319
2021-06-10 10:48:54,157.45,5012319
2021-06-10 10:48:56,157.5,5012320
2021-06-10 10:49:01,157.55,5018783
2021-06-10 10:49:03,157.55,5018783
2021-06-10 10:49:05,157.5,5018991
2021-06-10 10:49:08,157.55,5019016
2021-06-10 10:49:10,157.55,5019026
2021-06-10 10:49:12,157.55,5019028
2021-06-10 10:49:15,157.5,5019094
2021-06-10 10:49:17,157.55,5019594
2021-06-10 10:49:20,157.5,5022699
2021-06-10 10:49:22,157.5,5024245
2021-06-10 10:49:25,157.5,5025495
2021-06-10 10:49:27,157.45,5026590
2021-06-10 10:49:29,157.5,5026696
2021-06-10 10:49:31,157.45,5026919
2021-06-10 10:49:33,157.45,5026932
2021-06-10 10:49:35,157.5,5027012
2021-06-10 10:49:38,157.5,5027237
2021-06-10 10:49:43,157.4,5036456
2021-06-10 10:49:45,157.5,5036967
2021-06-10 10:49:48,157.45,5038230
2021-06-10 10:49:49,157.45,5038250
2021-06-10 10:49:52,157.45,5038250
2021-06-10 10:49:54,157.45,5038292
2021-06-10 10:49:56,157.45,5038293
2021-06-10 10:49:59,157.45,5038644
2021-06-10 10:50:02,157.45,5039274
2021-06-10 10:50:04,157.4,5039398
2021-06-10 10:50:06,157.4,5039733
2021-06-10 10:50:08,157.45,5044202
2021-06-10 10:50:10,157.5,5044210
2021-06-10 10:50:13,157.5,5044210
2021-06-10 10:50:15,157.45,5044390
2021-06-10 10:50:17,157.5,5044395
2021-06-10 10:50:19,157.45,5044402
2021-06-10 10:50:22,157.5,5044440
2021-06-10 10:50:25,157.45,5044601
2021-06-10 10:50:28,157.5,5044831
2021-06-10 10:50:31,157.45,5048053
2021-06-10 10:50:33,157.4,5048103
2021-06-10 10:50:35,157.45,5048212
2021-06-10 10:50:38,157.45,5048262
2021-06-10 10:50:41,157.5,5059263
2021-06-10 10:50:43,157.5,5059263
2021-06-10 10:50:46,157.5,5059341
2021-06-10 10:50:49,157.5,5060298
2021-06-10 10:50:51,157.5,5060403
2021-06-10 10:50:54,157.55,5060414
2021-06-10 10:50:56,157.55,5060415
2021-06-10 10:50:59,157.5,5065215
2021-06-10 10:51:02,157.55,5065228
2021-06-10 10:51:04,157.55,5065303
2021-06-10 10:51:07,157.5,5065347
2021-06-10 10:51:09,157.5,5066181
2021-06-10 10:51:11,157.5,5066196
2021-06-10 10:51:14,157.5,5066462
2021-06-10 10:51:17,157.5,5066462
2021-06-10 10:51:19,157.5,5066463
2021-06-10 10:51:21,157.5,5066464
2021-06-10 10:51:23,157.5,5066465
2021-06-10 10:51:25,157.45,5066507
2021-06-10 10:51:30,157.5,5066523
2021-06-10 10:51:33,157.5,5066595
2021-06-10 10:51:35,157.45,5066817
2021-06-10 10:51:38,157.5,5066818
2021-06-10 10:51:40,157.5,5066819
2021-06-10 10:51:42,157.45,5066889
2021-06-10 10:51:45,157.5,5066890
2021-06-10 10:51:47,157.5,5066903
2021-06-10 10:51:49,157.5,5066903
2021-06-10 10:51:52,157.5,5066907
2021-06-10 10:51:54,157.5,5067109
2021-06-10 10:51:57,157.5,5069666
2021-06-10 10:51:59,157.5,5069707
2021-06-10 10:52:01,157.5,5069709
2021-06-10 10:52:04,157.5,5069814
2021-06-10 10:52:06,157.45,5069829
2021-06-10 10:52:09,157.55,5070054
2021-06-10 10:52:11,157.55,5073057
2021-06-10 10:52:14,157.55,5073058
2021-06-10 10:52:17,157.55,5073158
2021-06-10 10:52:19,157.5,5073230
2021-06-10 10:52:22,157.5,5073346
2021-06-10 10:52:25,157.5,5073346
2021-06-10 10:52:30,157.5,5077980
2021-06-10 10:52:33,157.45,5088591
2021-06-10 10:52:35,157.45,5088603
2021-06-10 10:52:38,157.45,5092764
2021-06-10 10:52:40,157.45,5094774
2021-06-10 10:52:42,157.35,5094833
2021-06-10 10:52:45,157.35,5094968
2021-06-10 10:52:47,157.4,5095229
2021-06-10 10:52:50,157.4,5095232
2021-06-10 10:52:52,157.35,5095246
2021-06-10 10:52:54,157.4,5096793
2021-06-10 10:52:57,157.45,5097364
2021-06-10 10:52:59,157.4,5097566
2021-06-10 10:53:02,157.4,5097566
2021-06-10 10:53:05,157.4,5097603
2021-06-10 10:53:07,157.4,5097639
2021-06-10 10:53:09,157.4,5097816
2021-06-10 10:53:11,157.4,5097853
2021-06-10 10:53:14,157.4,5097927
2021-06-10 10:53:16,157.4,5098340
2021-06-10 10:53:19,157.4,5098549
2021-06-10 10:53:21,157.4,5102592
2021-06-10 10:53:23,157.35,5105175
2021-06-10 10:53:25,157.3,5112573
2021-06-10 10:53:28,157.35,5112625
2021-06-10 10:53:30,157.3,5112663
2021-06-10 10:53:32,157.3,5113675
2021-06-10 10:53:35,157.3,5114311
2021-06-10 10:53:37,157.25,5117213
2021-06-10 10:53:40,157.25,5119638
2021-06-10 10:53:42,157.3,5119831
2021-06-10 10:53:45,157.3,5124205
2021-06-10 10:53:47,157.3,5124436
2021-06-10 10:53:49,157.3,5125745
2021-06-10 10:53:52,157.35,5125793
2021-06-10 10:53:54,157.3,5126193
2021-06-10 10:53:56,157.3,5126234
2021-06-10 10:53:59,157.35,5127299
2021-06-10 10:54:01,157.35,5133106
2021-06-10 10:54:04,157.35,5133106
2021-06-10 10:54:06,157.4,5133412
2021-06-10 10:54:09,157.35,5136449
2021-06-10 10:54:11,157.4,5136451
2021-06-10 10:54:13,157.35,5136534
2021-06-10 10:54:16,157.35,5136570
2021-06-10 10:54:18,157.35,5136570
2021-06-10 10:54:21,157.35,5136570
2021-06-10 10:54:23,157.4,5137401
2021-06-10 10:54:26,157.35,5138975
2021-06-10 10:54:29,157.35,5139145
2021-06-10 10:54:31,157.3,5140145
2021-06-10 10:54:34,157.35,5140165
2021-06-10 10:54:36,157.35,5140385
2021-06-10 10:54:39,157.35,5140388
2021-06-10 10:54:41,157.3,5140620
2021-06-10 10:54:44,157.35,5140658
2021-06-10 10:54:46,157.35,5140678
2021-06-10 10:54:49,157.35,5140838
2021-06-10 10:54:51,157.35,5140838
2021-06-10 10:54:53,157.35,5140873
2021-06-10 10:54:55,157.3,5141873
2021-06-10 10:54:58,157.35,5142378
2021-06-10 10:55:00,157.35,5142379
2021-06-10 10:55:02,157.35,5142379
2021-06-10 10:55:04,157.35,5142504
2021-06-10 10:55:06,157.3,5145039
2021-06-10 10:55:09,157.3,5145075
2021-06-10 10:55:11,157.35,5146345
2021-06-10 10:55:13,157.35,5147087
2021-06-10 10:55:15,157.4,5147261
2021-06-10 10:55:18,157.35,5147571
2021-06-10 10:55:21,157.3,5147651
2021-06-10 10:55:23,157.35,5147657
2021-06-10 10:55:25,157.35,5147773
2021-06-10 10:55:28,157.3,5150528
2021-06-10 10:55:30,157.35,5150881
2021-06-10 10:55:32,157.3,5150981
2021-06-10 10:55:34,157.35,5151730
2021-06-10 10:55:37,157.35,5151856
2021-06-10 10:55:39,157.35,5152375
2021-06-10 10:55:42,157.35,5152543
2021-06-10 10:55:44,157.3,5157746
2021-06-10 10:55:46,157.25,5157949
2021-06-10 10:55:48,157.3,5157985
2021-06-10 10:55:51,157.3,5157997
2021-06-10 10:55:54,157.25,5162347
2021-06-10 10:55:56,157.25,5164347
2021-06-10 10:55:58,157.3,5170714
2021-06-10 10:56:01,157.35,5170724
2021-06-10 10:56:04,157.3,5176083
2021-06-10 10:56:06,157.35,5176449
2021-06-10 10:56:08,157.3,5178453
2021-06-10 10:56:11,157.3,5178463
2021-06-10 10:56:13,157.3,5178463
2021-06-10 10:56:16,157.35,5180323
2021-06-10 10:56:18,157.35,5180380
2021-06-10 10:56:20,157.4,5181380
2021-06-10 10:56:23,157.4,5181380
2021-06-10 10:56:25,157.4,5183164
2021-06-10 10:56:27,157.4,5183164
2021-06-10 10:56:30,157.45,5183254
2021-06-10 10:56:32,157.4,5184928
2021-06-10 10:56:35,157.45,5184956
2021-06-10 10:56:37,157.45,5185627
2021-06-10 10:56:40,157.45,5185711
2021-06-10 10:56:42,157.45,5186491
2021-06-10 10:56:45,157.45,5186491
2021-06-10 10:56:47,157.45,5186746
2021-06-10 10:56:50,157.45,5186764
2021-06-10 10:56:52,157.45,5186894
2021-06-10 10:56:55,157.5,5187305
2021-06-10 10:56:57,157.45,5189316
2021-06-10 10:57:00,157.45,5190196
2021-06-10 10:57:03,157.45,5190453
2021-06-10 10:57:05,157.4,5190634
2021-06-10 10:57:08,157.4,5190884
2021-06-10 10:57:11,157.4,5192920
2021-06-10 10:57:13,157.4,5192925
2021-06-10 10:57:15,157.4,5197130
2021-06-10 10:57:18,157.35,5197131
2021-06-10 10:57:20,157.4,5197132
2021-06-10 10:57:22,157.4,5198245
2021-06-10 10:57:25,157.4,5198346
2021-06-10 10:57:27,157.4,5198346
2021-06-10 10:57:29,157.4,5202864
2021-06-10 10:57:32,157.5,5203364
2021-06-10 10:57:34,157.5,5203364
2021-06-10 10:57:37,157.5,5203365
2021-06-10 10:57:39,157.5,5203365
2021-06-10 10:57:42,157.55,5208365
2021-06-10 10:57:44,157.45,5208701
2021-06-10 10:57:47,157.5,5208721
2021-06-10 10:57:49,157.45,5208821
2021-06-10 10:57:51,157.45,5209122
2021-06-10 10:57:54,157.45,5209560
2021-06-10 10:57:56,157.5,5209562
2021-06-10 10:57:58,157.5,5209562
2021-06-10 10:58:00,157.5,5209562
2021-06-10 10:58:05,157.45,5209776
2021-06-10 10:58:08,157.45,5209829
2021-06-10 10:58:11,157.5,5210284
2021-06-10 10:58:13,157.5,5210284
2021-06-10 10:58:15,157.55,5215309
2021-06-10 10:58:18,157.55,5215309
2021-06-10 10:58:21,157.55,5215481
2021-06-10 10:58:24,157.5,5215486
2021-06-10 10:58:27,157.55,5215499
2021-06-10 10:58:29,157.55,5215541
2021-06-10 10:58:31,157.55,5216541
2021-06-10 10:58:34,157.5,5217666
2021-06-10 10:58:37,157.5,5217666
2021-06-10 10:58:39,157.5,5217785
2021-06-10 10:58:41,157.5,5217785
2021-06-10 10:58:43,157.55,5217856
2021-06-10 10:58:46,157.55,5217871
2021-06-10 10:58:48,157.55,5217871
2021-06-10 10:58:50,157.5,5217942
2021-06-10 10:58:52,157.55,5218242
2021-06-10 10:58:54,157.5,5218247
2021-06-10 10:58:56,157.55,5218252
2021-06-10 10:58:58,157.55,5218277
2021-06-10 10:59:00,157.55,5218277
2021-06-10 10:59:02,157.5,5218307
2021-06-10 10:59:04,157.5,5218310
2021-06-10 10:59:07,157.5,5218660
2021-06-10 10:59:09,157.5,5218696
2021-06-10 10:59:12,157.5,5218696
2021-06-10 10:59:14,157.5,5218907
2021-06-10 10:59:16,157.55,5218957
2021-06-10 10:59:19,157.55,5219001
2021-06-10 10:59:21,157.5,5220260
2021-06-10 10:59:24,157.55,5221205
2021-06-10 10:59:26,157.55,5221205
2021-06-10 10:59:29,157.5,5221225
2021-06-10 10:59:31,157.5,5231664
2021-06-10 10:59:34,157.5,5231869
2021-06-10 10:59:37,157.5,5232879
2021-06-10 10:59:42,157.45,5253849
2021-06-10 10:59:44,157.45,5253849
2021-06-10 10:59:46,157.35,5254219
2021-06-10 10:59:48,157.35,5254219
2021-06-10 10:59:51,157.45,5254329
2021-06-10 10:59:53,157.45,5254329
2021-06-10 10:59:55,157.45,5254329
2021-06-10 11:00:00,157.45,5254490
2021-06-10 11:00:03,157.4,5254498
2021-06-10 11:00:06,157.4,5254510
2021-06-10 11:00:09,157.45,5254822
2021-06-10 11:00:12,157.45,5255665
2021-06-10 11:00:15,157.45,5256075
2021-06-10 11:00:18,157.4,5256096
2021-06-10 11:00:21,157.45,5256403
2021-06-10 11:00:23,157.45,5256535
2021-06-10 11:00:26,157.45,5256836
2021-06-10 11:00:29,157.45,5256836
2021-06-10 11:00:31,157.45,5257071
2021-06-10 11:00:36,157.5,5257111
2021-06-10 11:00:39,157.45,5257841
2021-06-10 11:00:42,157.45,5258266
2021-06-10 11:00:45,157.55,5259180
2021-06-10 11:00:47,157.5,5259333
2021-06-10 11:00:50,157.5,5259366
2021-06-10 11:00:52,157.5,5259366
2021-06-10 11:00:54,157.55,5264106
2021-06-10 11:00:57,157.5,5264108
2021-06-10 11:00:59,157.5,5264108
2021-06-10 11:01:02,157.5,5264109
2021-06-10 11:01:04,157.55,5264399
2021-06-10 11:01:06,157.5,5264811
2021-06-10 11:01:09,157.5,5291002
2021-06-10 11:01:11,157.5,5291033
2021-06-10 11:01:13,157.55,5291039
2021-06-10 11:01:16,157.5,5295339
2021-06-10 11:01:18,157.5,5295839
2021-06-10 11:01:20,157.5,5296194
2021-06-10 11:01:23,157.5,5296205
2021-06-10 11:01:25,157.55,5297087
2021-06-10 11:01:28,157.55,5297108
2021-06-10 11:01:30,157.55,5297108
2021-06-10 11:01:32,157.5,5297208
2021-06-10 11:01:35,157.55,5299433
2021-06-10 11:01:37,157.5,5300613
2021-06-10 11:01:40,157.6,5301590
2021-06-10 11:01:43,157.5,5301871
2021-06-10 11:01:45,157.6,5301881
2021-06-10 11:01:47,157.55,5301942
2021-06-10 11:01:49,157.55,5302144
2021-06-10 11:01:52,157.55,5302144
2021-06-10 11:01:54,157.55,5302144
2021-06-10 11:01:57,157.6,5302564
2021-06-10 11:01:59,157.5,5303067
2021-06-10 11:02:05,157.6,5303199
2021-06-10 11:02:07,157.6,5303199
2021-06-10 14:32:12,156.4,9541203
2021-06-10 14:32:14,156.4,9541363
2021-06-10 14:32:16,156.4,9541363
2021-06-10 14:32:18,156.4,9541363
2021-06-10 14:32:21,156.45,9541418
2021-06-10 14:32:23,156.45,9541520
2021-06-10 14:32:25,156.45,9544038
2021-06-10 14:32:27,156.5,9544041
2021-06-10 14:32:29,156.4,9544066
2021-06-10 14:32:32,156.45,9544722
2021-06-10 14:32:34,156.4,9544925
2021-06-10 14:32:36,156.5,9545418
2021-06-10 14:32:39,156.5,9545468
2021-06-10 14:32:41,156.5,9546768
2021-06-10 14:32:43,156.45,9546998
2021-06-10 14:32:45,156.45,9547099
2021-06-10 14:32:48,156.45,9547099
2021-06-10 14:32:50,156.5,9547987
2021-06-10 14:32:52,156.5,9548242
2021-06-10 14:32:55,156.5,9548248
2021-06-10 14:32:57,156.45,9549376
2021-06-10 14:33:00,156.45,9549420
2021-06-10 14:33:02,156.45,9549521
2021-06-10 14:33:05,156.5,9549601
2021-06-10 14:33:08,156.5,9549854
2021-06-10 14:33:10,156.45,9549992
2021-06-10 14:33:13,156.45,9550094
2021-06-10 14:33:15,156.5,9565184
2021-06-10 14:33:17,156.45,9565194
2021-06-10 14:33:20,156.5,9565198
2021-06-10 14:33:22,156.45,9565725
2021-06-10 14:33:25,156.45,9565837
2021-06-10 14:33:27,156.5,9565847
2021-06-10 14:33:29,156.5,9565972
2021-06-10 14:33:32,156.45,9565977
2021-06-10 14:33:34,156.45,9566179
2021-06-10 14:33:36,156.5,9566181
2021-06-10 14:33:39,156.5,9566704
2021-06-10 14:33:41,156.45,9568879
2021-06-10 14:33:43,156.55,9571732
2021-06-10 14:33:45,156.6,9571877
2021-06-10 14:33:47,156.5,9572209
2021-06-10 14:33:50,156.55,9573265
2021-06-10 14:33:52,156.5,9573466
2021-06-10 14:33:54,156.55,9573516
2021-06-10 14:33:57,156.55,9573617
2021-06-10 14:33:59,156.5,9574415
2021-06-10 14:34:01,156.5,9575866
2021-06-10 14:34:04,156.5,9576065
2021-06-10 14:34:06,156.55,9576068
2021-06-10 14:34:09,156.55,9576219
2021-06-10 14:34:11,156.55,9576255
2021-06-10 14:34:14,156.55,9576460
2021-06-10 14:34:16,156.55,9576460
2021-06-10 14:34:19,156.55,9576460
2021-06-10 14:34:21,156.5,9576566
2021-06-10 14:34:24,156.55,9577529
2021-06-10 14:34:26,156.55,9578539
2021-06-10 14:34:28,156.55,9578540
2021-06-10 14:34:30,156.55,9578540
2021-06-10 14:34:32,156.5,9578641
2021-06-10 14:34:35,156.6,9579262
2021-06-10 14:34:37,156.6,9579287
2021-06-10 14:34:39,156.55,9579388
2021-06-10 14:34:42,156.5,9580298
2021-06-10 14:34:44,156.6,9580458
2021-06-10 14:34:47,156.55,9581613
2021-06-10 14:34:49,156.5,9581623
2021-06-10 14:34:51,156.5,9581623
2021-06-10 14:34:54,156.55,9581760
2021-06-10 14:34:56,156.55,9581962
2021-06-10 14:34:58,156.55,9582130
2021-06-10 14:35:01,156.55,9582362
2021-06-10 14:35:04,156.55,9582464
2021-06-10 14:35:07,156.6,9582603
2021-06-10 14:35:09,156.6,9582734
2021-06-10 14:35:12,156.55,9586827
2021-06-10 14:35:14,156.55,9586928
2021-06-10 14:35:17,156.55,9587192
2021-06-10 14:35:19,156.6,9587308
2021-06-10 14:35:22,156.55,9587518
2021-06-10 14:35:25,156.7,9599010
2021-06-10 14:35:28,156.65,9600648
2021-06-10 14:35:31,156.55,9600858
2021-06-10 14:35:34,156.55,9602486
2021-06-10 14:35:36,156.55,9603126
2021-06-10 14:35:39,156.55,9603126
2021-06-10 14:35:44,156.6,9603558
2021-06-10 14:35:46,156.6,9603969
2021-06-10 14:35:49,156.55,9604039
2021-06-10 14:35:51,156.6,9607912
2021-06-10 14:35:54,156.65,9608196
2021-06-10 14:35:57,156.55,9609789
2021-06-10 14:35:59,156.6,9609940
2021-06-10 14:36:02,156.65,9610650
2021-06-10 14:36:04,156.7,9610866
2021-06-10 14:36:07,156.7,9610993
2021-06-10 14:36:10,156.6,9612239
2021-06-10 14:36:12,156.65,9612740
2021-06-10 14:36:15,156.65,9612791
2021-06-10 14:36:17,156.65,9612990
2021-06-10 14:36:20,156.55,9613507
2021-06-10 14:36:22,156.65,9613645
2021-06-10 14:36:25,156.55,9614947
2021-06-10 14:36:28,156.65,9614949
2021-06-10 14:36:30,156.65,9614956
2021-06-10 14:36:33,156.65,9614956
2021-06-10 14:36:35,156.6,9614959
2021-06-10 14:36:38,156.6,9614989
2021-06-10 14:36:41,156.6,9615236
2021-06-10 14:36:44,156.6,9631753
2021-06-10 14:36:46,156.6,9632570
2021-06-10 14:36:49,156.55,9632709
2021-06-10 14:36:52,156.6,9632727
2021-06-10 14:36:55,156.6,9633063
2021-06-10 14:36:58,156.6,9633163
2021-06-10 14:37:00,156.6,9633174
2021-06-10 14:37:03,156.55,9633377
2021-06-10 14:37:05,156.6,9633657
2021-06-10 14:37:08,156.6,9633764
2021-06-10 14:37:10,156.6,9633814
2021-06-10 14:37:12,156.55,9633925
2021-06-10 14:37:14,156.65,9633980
2021-06-10 14:37:17,156.55,9637680
2021-06-10 14:37:19,156.65,9638080
2021-06-10 14:37:22,156.6,9638523
2021-06-10 14:37:25,156.65,9638675
2021-06-10 14:37:27,156.65,9638912
2021-06-10 14:37:30,156.6,9639012
2021-06-10 14:37:32,156.6,9639158
2021-06-10 14:37:35,156.65,9639384
2021-06-10 14:37:37,156.65,9639385
2021-06-10 14:37:40,156.6,9639440
2021-06-10 14:37:42,156.6,9639591
2021-06-10 14:37:45,156.65,9639607
2021-06-10 14:37:47,156.65,9639607
2021-06-10 14:37:49,156.65,9639632
2021-06-10 14:37:52,156.65,9639660
2021-06-10 14:37:54,156.65,9639811
2021-06-10 14:37:57,156.6,9639868
2021-06-10 14:37:59,156.6,9639868
2021-06-10 14:38:02,156.6,9639868
2021-06-10 14:38:04,156.6,9640067
2021-06-10 14:38:07,156.65,9640102
2021-06-10 14:38:09,156.65,9640103
2021-06-10 14:38:11,156.65,9640389
2021-06-10 14:38:14,156.6,9640550
2021-06-10 14:38:17,156.6,9641217
2021-06-10 14:38:19,156.65,9641320
2021-06-10 14:38:22,156.65,9641395
2021-06-10 14:38:24,156.65,9642392
2021-06-10 14:38:27,156.6,9642645
2021-06-10 14:38:29,156.6,9642645
2021-06-10 14:38:32,156.65,9643536
2021-06-10 14:38:34,156.65,9643658
2021-06-10 14:38:36,156.6,9643801
2021-06-10 14:38:38,156.6,9643906
2021-06-10 14:38:40,156.65,9644341
2021-06-10 14:38:42,156.6,9644468
2021-06-10 14:38:44,156.65,9644510
2021-06-10 14:38:47,156.65,9644534
2021-06-10 14:38:49,156.6,9645042
2021-06-10 14:38:54,156.65,9645244
2021-06-10 14:38:57,156.6,9645346
2021-06-10 14:38:59,156.6,9645351
2021-06-10 14:39:01,156.6,9645353
2021-06-10 14:39:03,156.65,9645460
2021-06-10 14:39:06,156.65,9645660
2021-06-10 14:39:08,156.6,9645710
2021-06-10 14:39:10,156.6,9646510
2021-06-10 14:39:13,156.65,9650910
2021-06-10 14:39:15,156.6,9651010
2021-06-10 14:39:17,156.65,9651018
2021-06-10 14:39:20,156.65,9651035
2021-06-10 14:39:25,156.65,9652943
2021-06-10 14:39:28,156.6,9657873
2021-06-10 14:39:30,156.7,9659873
2021-06-10 14:39:32,156.65,9659881
2021-06-10 14:39:35,156.7,9660201
2021-06-10 14:39:40,156.6,9660233
2021-06-10 14:39:42,156.6,9660334
2021-06-10 14:39:44,156.6,9660334
2021-06-10 14:39:47,156.65,9660435
2021-06-10 14:39:49,156.65,9660435
2021-06-10 14:39:52,156.7,9661195
2021-06-10 14:39:54,156.6,9668770
2021-06-10 14:39:57,156.6,9668770
2021-06-10 14:39:59,156.7,9669270
2021-06-10 14:40:05,156.65,9669594
2021-06-10 14:40:07,156.6,9670594
2021-06-10 14:40:10,156.65,9670645
2021-06-10 14:40:13,156.65,9670953
2021-06-10 14:40:15,156.7,9671014
2021-06-10 14:40:18,156.7,9671354
2021-06-10 14:40:20,156.65,9671622
2021-06-10 14:40:23,156.65,9671824
2021-06-10 14:40:25,156.65,9671824
2021-06-10 14:40:29,156.7,9672016
2021-06-10 14:40:31,156.65,9678553
2021-06-10 14:40:34,156.6,9678558
2021-06-10 14:40:36,156.65,9680066
2021-06-10 14:40:40,156.65,9680066
2021-06-10 14:40:43,156.7,9680203
2021-06-10 14:40:45,156.7,9680203
2021-06-10 14:40:47,156.7,9680844
2021-06-10 14:40:50,156.7,9680844
2021-06-10 14:40:53,156.7,9681020
2021-06-10 14:40:56,156.7,9681224
2021-06-10 14:40:58,156.55,9695432
2021-06-10 14:41:01,156.55,9696432
2021-06-10 14:41:03,156.55,9696432
2021-06-10 14:41:06,156.6,9696533
2021-06-10 14:41:08,156.65,9697053
2021-06-10 14:41:11,156.6,9697089
2021-06-10 14:41:14,156.55,9697190
2021-06-10 14:41:17,156.6,9697440
2021-06-10 14:41:20,156.5,9697677
2021-06-10 14:41:23,156.5,9698444
2021-06-10 14:41:25,156.5,9698844
2021-06-10 14:41:27,156.45,9702381
2021-06-10 14:41:30,156.55,9704381
2021-06-10 14:41:34,156.45,9706606
2021-06-10 14:41:37,156.55,9706609
2021-06-10 14:41:39,156.55,9706609
2021-06-10 14:41:42,156.45,9706742
2021-06-10 14:41:44,156.45,9706797
2021-06-10 14:41:47,156.45,9706797
2021-06-10 14:41:49,156.45,9706997
2021-06-10 14:41:52,156.45,9706997
2021-06-10 14:41:54,156.45,9707410
2021-06-10 14:41:57,156.45,9707410
2021-06-10 14:41:59,156.5,9707540
2021-06-10 14:42:01,156.4,9708866
2021-06-10 14:42:04,156.45,9708932
2021-06-10 14:42:07,156.45,9709419
2021-06-10 14:42:09,156.45,9709519
2021-06-10 14:42:12,156.45,9710821
2021-06-10 14:42:14,156.35,9711271
2021-06-10 14:42:16,156.45,9716616
2021-06-10 14:42:19,156.5,9716630
2021-06-10 14:42:21,156.5,9716630
2021-06-10 14:42:24,156.45,9721937
2021-06-10 14:42:26,156.35,9722616
2021-06-10 14:42:29,156.35,9722619
2021-06-10 14:42:32,156.4,9722908
2021-06-10 14:42:37,156.35,9723481
2021-06-10 14:42:39,156.45,9723483
2021-06-10 14:42:42,156.4,9723485
2021-06-10 14:42:44,156.45,9723486
2021-06-10 14:42:47,156.45,9723547
2021-06-10 14:42:49,156.5,9723645
2021-06-10 14:42:52,156.4,9723925
2021-06-10 14:42:55,156.45,9723930
2021-06-10 14:42:57,156.4,9724029
2021-06-10 14:42:59,156.5,9724179
2021-06-10 14:43:02,156.35,9726651
2021-06-10 14:43:05,156.5,9727851
2021-06-10 14:43:08,156.5,9727951
2021-06-10 14:43:10,156.45,9727956
2021-06-10 14:43:13,156.45,9728116
2021-06-10 14:43:15,156.5,9728152
2021-06-10 14:43:17,156.45,9729225
2021-06-10 14:43:20,156.45,9729336
2021-06-10 14:43:23,156.45,9729627
2021-06-10 14:43:25,156.45,9729662
2021-06-10 14:43:28,156.4,9729667
2021-06-10 14:43:30,156.45,9729779
2021-06-10 14:43:33,156.4,9729920
2021-06-10 14:43:35,156.4,9729920
2021-06-10 14:43:38,156.4,9729934
2021-06-10 14:43:40,156.45,9734163
2021-06-10 14:43:43,156.45,9734265
2021-06-10 14:43:48,156.65,9773160
2021-06-10 14:43:50,156.55,9778185
2021-06-10 14:43:53,156.55,9779167
2021-06-10 14:43:56,156.55,9779269
2021-06-10 14:44:01,156.45,9779448
2021-06-10 14:44:04,156.5,9780225
2021-06-10 14:44:07,156.5,9780235
2021-06-10 14:44:10,156.5,9780235
2021-06-10 14:44:13,156.45,9780478
2021-06-10 14:44:15,156.45,9781272
2021-06-10 14:44:18,156.55,9783145
2021-06-10 14:44:21,156.6,9783201
2021-06-10 14:44:23,156.55,9783302
2021-06-10 14:44:26,156.55,9783639
2021-06-10 14:44:28,156.45,9786189
2021-06-10 14:44:31,156.55,9786191
2021-06-10 14:44:33,156.55,9786293
2021-06-10 14:44:36,156.55,9787392
2021-06-10 14:44:39,156.5,9787628
2021-06-10 14:44:41,156.5,9787628
2021-06-10 14:44:44,156.5,9792137
2021-06-10 14:44:46,156.5,9792142
2021-06-10 14:44:49,156.5,9792179
2021-06-10 14:44:52,156.5,9792215
2021-06-10 14:44:54,156.45,9792316
2021-06-10 14:44:57,156.45,9792356
2021-06-10 14:44:59,156.45,9792358
2021-06-10 14:45:02,156.5,9792382
2021-06-10 14:45:05,156.5,9792750
2021-06-10 14:45:07,156.5,9792799
2021-06-10 14:45:10,156.45,9792861
2021-06-10 14:45:13,156.55,9794202
2021-06-10 14:45:15,156.5,9794798
2021-06-10 14:45:18,156.5,9794813
2021-06-10 14:45:21,156.55,9794865
2021-06-10 14:45:24,156.45,9795430
2021-06-10 14:45:27,156.5,9795452
2021-06-10 14:45:29,156.5,9795465
2021-06-10 14:45:32,156.45,9795542
2021-06-10 14:45:34,156.45,9795550
2021-06-10 14:45:37,156.45,9795555
2021-06-10 14:45:40,156.45,9795750
2021-06-10 14:45:42,156.45,9795953
2021-06-10 14:45:45,156.45,9795953
2021-06-10 14:45:47,156.45,9795953
2021-06-10 14:45:50,156.45,9795953
2021-06-10 14:45:53,156.55,9796269
2021-06-10 14:45:56,156.55,9796269
2021-06-10 14:45:58,156.55,9796480
2021-06-10 14:46:00,156.5,9797120
2021-06-10 14:46:03,156.55,9800435
2021-06-10 14:46:06,156.6,9800580
2021-06-10 14:46:09,156.65,9807662
2021-06-10 14:46:16,156.65,9808794
2021-06-10 14:46:19,156.65,9809085
2021-06-10 14:46:22,156.65,9816913
2021-06-10 14:46:24,156.65,9817315
2021-06-10 14:46:27,156.65,9817350
2021-06-10 14:46:30,156.6,9827372
2021-06-10 14:46:33,156.65,9827572
2021-06-10 14:46:35,156.65,9827572
2021-06-10 14:46:37,156.55,9827680
2021-06-10 14:46:40,156.65,9827705
2021-06-10 14:46:42,156.6,9827833
2021-06-10 14:46:45,156.65,9828121
2021-06-10 14:46:50,156.65,9828432
2021-06-10 14:46:52,156.65,9828533
2021-06-10 14:46:55,156.65,9829733
2021-06-10 14:46:58,156.7,9830377
2021-06-10 14:47:02,156.7,9831854
2021-06-10 14:47:05,156.7,9832506
2021-06-10 14:47:08,156.65,9832831
2021-06-10 14:47:11,156.65,9832831
2021-06-10 14:47:14,156.65,9832982
2021-06-10 14:47:16,156.65,9833632
2021-06-10 14:47:21,156.65,9836466
2021-06-10 14:47:24,156.6,9836629
2021-06-10 14:47:28,156.6,9836629
2021-06-10 14:47:31,156.65,9836653
2021-06-10 14:47:33,156.65,9836970
2021-06-10 14:47:36,156.65,9837395
2021-06-10 14:47:38,156.55,9837895
2021-06-10 14:47:41,156.55,9837895
