timestamp,ltp,volume
2021-06-10 09:20:13,2549.2,136816
2021-06-10 09:20:15,2548.25,136826
2021-06-10 09:20:16,2548.8,137159
2021-06-10 09:20:17,2548.25,137313
2021-06-10 09:20:18,2548.0,137755
2021-06-10 09:20:18,2548.0,137818
2021-06-10 09:20:19,2547.9,138419
2021-06-10 09:20:20,2548.0,139970
2021-06-10 09:20:21,2548.0,139970
2021-06-10 09:20:23,2547.55,140588
2021-06-10 09:20:24,2547.55,140614
2021-06-10 09:20:25,2548.05,140872
2021-06-10 09:20:26,2548.05,140932
2021-06-10 09:20:27,2548.05,141027
2021-06-10 09:20:28,2548.0,141030
2021-06-10 09:20:28,2548.0,141080
2021-06-10 09:20:31,2548.35,141223
2021-06-10 09:20:32,2548.35,141223
2021-06-10 09:20:33,2548.45,141235
2021-06-10 09:20:34,2547.95,142243
2021-06-10 09:20:34,2548.3,142548
2021-06-10 09:20:35,2548.2,142657
2021-06-10 09:20:36,2548.1,142702
2021-06-10 09:20:37,2548.3,142779
2021-06-10 09:20:39,2548.85,142801
2021-06-10 09:20:41,2549.0,142803
2021-06-10 09:20:42,2549.0,142908
2021-06-10 09:20:43,2549.0,142908
2021-06-10 09:20:44,2548.4,142980
2021-06-10 09:20:45,2548.4,142980
2021-06-10 09:20:46,2548.5,142995
2021-06-10 09:20:47,2548.3,143195
2021-06-10 09:20:47,2548.15,143696
2021-06-10 09:20:48,2548.55,143773
2021-06-10 09:20:50,2548.15,143776
2021-06-10 09:20:51,2548.55,143777
2021-06-10 09:20:52,2548.55,144051
2021-06-10 09:20:53,2548.55,144074
2021-06-10 09:20:53,2548.55,144051
2021-06-10 09:20:54,2548.0,144574
2021-06-10 09:20:56,2548.55,144640
2021-06-10 09:20:57,2548.55,144650
2021-06-10 09:20:58,2548.55,144672
2021-06-10 09:20:58,2548.55,144672
2021-06-10 09:20:59,2548.0,144812
2021-06-10 09:21:00,2547.95,144996
2021-06-10 09:21:02,2548.0,145633
2021-06-10 09:21:02,2548.45,145800
2021-06-10 09:21:04,2548.45,145911
2021-06-10 09:21:05,2548.45,145920
2021-06-10 09:21:06,2548.45,145920
2021-06-10 09:21:07,2548.45,145971
2021-06-10 09:21:07,2548.45,145971
2021-06-10 09:21:08,2548.55,146600
2021-06-10 09:21:10,2548.6,146668
2021-06-10 09:21:11,2548.3,146686
2021-06-10 09:21:12,2548.3,146697
2021-06-10 09:21:13,2548.05,146988
2021-06-10 09:21:14,2547.8,149710
2021-06-10 09:21:15,2547.6,149956
2021-06-10 09:21:15,2547.65,150191
2021-06-10 09:21:17,2548.1,150479
2021-06-10 09:21:18,2548.1,150566
2021-06-10 09:21:19,2547.95,150590
2021-06-10 09:21:20,2547.95,150888
2021-06-10 09:21:21,2547.4,152034
2021-06-10 09:21:22,2548.45,152059
2021-06-10 09:21:22,2548.45,152059
2021-06-10 09:21:24,2547.65,152639
2021-06-10 09:21:25,2547.9,153639
2021-06-10 09:21:26,2548.35,153723
2021-06-10 09:21:27,2548.5,153813
2021-06-10 09:21:28,2548.1,153948
2021-06-10 09:21:29,2548.45,153951
2021-06-10 09:21:30,2548.5,154281
2021-06-10 09:21:30,2548.5,154281
2021-06-10 09:21:31,2549.35,154372
2021-06-10 09:21:33,2549.3,154378
2021-06-10 09:21:34,2549.3,154378
2021-06-10 09:21:35,2549.35,154409
2021-06-10 09:21:36,2549.35,154409
2021-06-10 09:21:37,2549.35,154560
2021-06-10 09:21:38,2549.35,154575
2021-06-10 09:21:38,2549.35,154575
2021-06-10 09:21:39,2549.5,154600
2021-06-10 09:21:41,2549.4,154603
2021-06-10 09:21:42,2548.65,154610
2021-06-10 09:21:43,2549.4,154613
2021-06-10 09:21:44,2549.4,154613
2021-06-10 09:21:45,2549.3,154623
2021-06-10 09:21:45,2549.3,154623
2021-06-10 09:21:46,2548.7,154625
2021-06-10 09:21:48,2549.3,154658
2021-06-10 09:21:49,2549.3,154658
2021-06-10 09:21:50,2548.7,154703
2021-06-10 09:21:51,2549.05,154704
2021-06-10 09:21:52,2549.05,154708
2021-06-10 09:21:53,2549.05,154713
2021-06-10 09:21:54,2549.05,154713
2021-06-10 09:21:55,2549.05,154724
2021-06-10 09:21:56,2549.35,155223
2021-06-10 09:21:57,2549.05,155356
2021-06-10 09:21:58,2549.05,155465
2021-06-10 09:21:58,2549.5,155463
2021-06-10 09:22:00,2549.5,155474
2021-06-10 09:22:01,2549.05,155785
2021-06-10 09:22:03,2549.5,156482
2021-06-10 09:22:04,2549.5,156599
2021-06-10 09:22:05,2549.5,156599
2021-06-10 09:22:05,2549.5,156605
2021-06-10 09:22:06,2549.5,156610
2021-06-10 09:22:08,2549.05,156848
2021-06-10 09:22:09,2549.05,156848
2021-06-10 09:22:10,2549.05,157643
2021-06-10 09:22:11,2549.75,157648
2021-06-10 09:22:12,2549.05,157848
2021-06-10 09:22:13,2549.85,157860
2021-06-10 09:22:13,2549.85,157860
2021-06-10 09:22:14,2549.5,157925
2021-06-10 09:22:16,2549.5,158673
2021-06-10 09:22:16,2549.25,159485
2021-06-10 09:22:18,2549.9,159755
2021-06-10 09:22:19,2549.55,160427
2021-06-10 09:22:20,2549.35,160437
2021-06-10 09:22:21,2549.5,161185
2021-06-10 09:22:22,2549.5,161185
2021-06-10 09:22:23,2549.5,161283
2021-06-10 09:22:24,2549.5,161367
2021-06-10 09:22:24,2549.5,161367
2021-06-10 09:22:25,2549.8,161369
2021-06-10 09:22:28,2549.8,161371
2021-06-10 09:22:29,2549.5,162393
2021-06-10 09:22:30,2549.55,162399
2021-06-10 09:22:31,2549.55,162550
2021-06-10 09:22:32,2549.35,162665
2021-06-10 09:22:33,2549.35,162665
2021-06-10 09:22:34,2549.9,162741
2021-06-10 09:22:34,2549.9,162742
2021-06-10 09:22:35,2549.5,162847
2021-06-10 09:22:37,2549.75,162933
2021-06-10 09:22:38,2549.5,163297
2021-06-10 09:22:38,2549.5,163952
2021-06-10 09:22:39,2549.7,163953
2021-06-10 09:22:40,2549.7,163960
2021-06-10 09:22:41,2549.7,163960
2021-06-10 09:22:43,2549.55,164010
2021-06-10 09:22:44,2549.55,164010
2021-06-10 09:22:45,2549.55,164041
2021-06-10 09:22:46,2549.7,164347
2021-06-10 09:22:47,2549.7,164362
2021-06-10 09:22:48,2549.7,164398
2021-06-10 09:22:48,2549.7,164398
2021-06-10 09:22:49,2549.7,164398
2021-06-10 09:22:51,2549.5,164529
2021-06-10 09:22:52,2549.5,164529
2021-06-10 09:22:53,2549.55,164858
2021-06-10 09:22:54,2549.55,164858
2021-06-10 09:22:55,2549.45,164878
2021-06-10 09:22:56,2549.45,164878
2021-06-10 09:22:57,2549.55,164879
2021-06-10 09:22:58,2549.4,164890
2021-06-10 09:22:59,2549.4,164890
2021-06-10 09:23:00,2549.4,165224
2021-06-10 09:23:01,2548.75,169748
2021-06-10 09:23:02,2547.1,170501
2021-06-10 09:23:03,2548.8,170505
2021-06-10 09:23:04,2549.05,170605
2021-06-10 09:23:05,2549.35,170805
2021-06-10 09:23:06,2549.1,170806
2021-06-10 09:23:07,2548.85,171025
2021-06-10 09:23:08,2548.85,171027
2021-06-10 09:23:09,2548.85,171027
2021-06-10 09:23:10,2548.85,171028
2021-06-10 09:23:11,2548.85,171078
2021-06-10 09:23:12,2548.85,171078
2021-06-10 09:23:13,2548.05,171083
2021-06-10 09:23:15,2548.85,171284
2021-06-10 09:23:16,2548.8,171522
2021-06-10 09:23:17,2548.8,171522
2021-06-10 09:23:18,2548.8,171522
2021-06-10 09:23:19,2549.25,171532
2021-06-10 09:23:20,2549.5,171696
2021-06-10 09:23:21,2549.5,171696
2021-06-10 09:23:23,2549.3,171705
2021-06-10 09:23:22,2549.3,171705
2021-06-10 09:23:24,2549.3,171705
2021-06-10 09:23:25,2550.0,171706
2021-06-10 09:23:26,2550.0,171707
2021-06-10 09:23:27,2550.0,171707
2021-06-10 09:23:28,2549.35,172207
2021-06-10 09:23:29,2549.35,172207
2021-06-10 09:23:30,2550.0,172276
2021-06-10 09:23:31,2550.6,172360
2021-06-10 09:23:32,2550.0,172361
2021-06-10 09:23:33,2550.0,172366
2021-06-10 09:23:34,2550.0,172516
2021-06-10 09:23:35,2550.3,172612
2021-06-10 09:23:36,2550.3,172612
2021-06-10 09:23:38,2550.0,173823
2021-06-10 09:23:39,2550.05,173873
2021-06-10 09:23:40,2550.05,173873
2021-06-10 09:23:41,2550.0,173973
2021-06-10 09:23:42,2550.0,174138
2021-06-10 09:23:43,2549.85,174778
2021-06-10 09:23:44,2550.0,174780
2021-06-10 09:23:45,2550.0,174780
2021-06-10 09:23:46,2549.85,174793
2021-06-10 09:23:47,2550.0,174796
2021-06-10 09:23:48,2549.85,175020
2021-06-10 09:23:49,2550.0,175055
2021-06-10 09:23:50,2550.0,175055
2021-06-10 09:23:51,2550.0,175055
2021-06-10 09:23:52,2550.0,175055
2021-06-10 09:23:53,2549.85,175356
2021-06-10 09:23:54,2549.85,175363
2021-06-10 09:23:55,2550.0,175368
2021-06-10 09:23:56,2550.0,175368
2021-06-10 09:23:57,2550.0,175418
2021-06-10 09:23:58,2550.0,175418
2021-06-10 09:23:59,2549.85,175693
2021-06-10 09:24:01,2549.85,175714
2021-06-10 09:24:02,2550.0,175810
2021-06-10 09:24:03,2550.15,175874
2021-06-10 09:24:04,2550.15,175999
2021-06-10 09:24:05,2550.0,176500
2021-06-10 09:24:06,2550.15,176573
2021-06-10 09:24:07,2550.15,176573
2021-06-10 09:24:08,2550.15,176575
2021-06-10 09:24:09,2550.0,176862
2021-06-10 09:24:10,2550.15,176888
2021-06-10 09:24:11,2550.15,176939
2021-06-10 09:24:12,2550.15,176939
2021-06-10 09:24:13,2550.15,176950
2021-06-10 09:24:14,2550.15,176950
2021-06-10 09:24:15,2550.15,176951
2021-06-10 09:24:16,2551.0,177039
2021-06-10 09:24:17,2551.0,177039
2021-06-10 09:24:18,2551.05,177053
2021-06-10 09:24:19,2551.05,177053
2021-06-10 09:24:20,2551.05,177053
2021-06-10 09:24:21,2550.9,177183
2021-06-10 09:24:22,2550.15,177356
2021-06-10 09:24:23,2550.15,177356
2021-06-10 09:24:24,2550.15,177659
2021-06-10 09:24:25,2551.3,177721
2021-06-10 09:24:26,2551.45,177747
2021-06-10 09:24:27,2550.4,177757
2021-06-10 09:24:28,2551.2,177764
2021-06-10 09:24:29,2551.2,177764
2021-06-10 09:24:30,2551.15,177768
2021-06-10 09:24:31,2551.15,177768
2021-06-10 09:24:32,2551.45,178385
2021-06-10 09:24:33,2551.15,179276
2021-06-10 09:24:34,2551.15,179287
2021-06-10 09:24:35,2551.15,179287
2021-06-10 09:24:37,2551.0,180304
2021-06-10 09:24:38,2551.0,180314
2021-06-10 09:24:39,2551.5,180317
2021-06-10 09:24:40,2551.55,180423
2021-06-10 09:24:41,2551.1,180450
2021-06-10 09:24:42,2551.5,180453
2021-06-10 09:24:43,2551.5,180453
2021-06-10 09:24:45,2551.45,180809
2021-06-10 09:24:47,2551.1,180862
2021-06-10 09:24:48,2551.1,180862
2021-06-10 09:24:49,2551.35,180864
2021-06-10 09:24:50,2551.45,180991
2021-06-10 09:24:52,2551.45,180991
2021-06-10 09:24:53,2551.45,180991
2021-06-10 09:24:54,2551.35,181602
2021-06-10 09:24:55,2551.15,181604
2021-06-10 09:24:56,2551.35,181607
2021-06-10 09:24:57,2551.15,181754
2021-06-10 09:24:58,2551.15,181754
2021-06-10 09:24:59,2551.3,182253
2021-06-10 09:25:00,2551.3,182253
2021-06-10 09:25:01,2551.3,182253
2021-06-10 09:25:02,2551.0,182254
2021-06-10 09:25:03,2551.0,182254
2021-06-10 09:25:04,2551.0,182480
2021-06-10 09:25:05,2551.0,182483
2021-06-10 09:25:07,2551.1,182508
2021-06-10 09:25:06,2551.1,182508
2021-06-10 09:25:08,2551.1,182508
2021-06-10 09:25:10,2551.3,182509
2021-06-10 09:25:13,2551.3,182509
2021-06-10 09:25:14,2551.3,182509
2021-06-10 09:25:15,2551.3,182510
2021-06-10 09:25:16,2551.3,182512
2021-06-10 09:25:17,2551.0,182583
2021-06-10 09:25:18,2551.0,182583
2021-06-10 09:25:19,2551.3,182644
2021-06-10 09:25:20,2551.0,182645
2021-06-10 09:25:21,2551.3,182733
2021-06-10 09:25:22,2551.3,182733
2021-06-10 09:25:23,2551.0,182748
2021-06-10 09:25:24,2551.0,182755
2021-06-10 09:25:25,2551.3,182937
2021-06-10 09:25:26,2551.3,182937
2021-06-10 09:25:27,2551.3,182937
2021-06-10 09:25:28,2551.3,182937
2021-06-10 09:25:29,2551.35,182940
2021-06-10 09:25:30,2551.5,182943
2021-06-10 09:25:31,2552.0,183199
2021-06-10 09:25:32,2552.0,183268
2021-06-10 09:25:33,2552.0,183268
2021-06-10 09:25:34,2552.0,183394
2021-06-10 09:25:36,2552.0,183394
2021-06-10 09:25:37,2552.0,183394
2021-06-10 09:25:38,2551.95,183414
2021-06-10 09:25:39,2552.05,183603
2021-06-10 09:25:40,2552.35,183710
2021-06-10 09:25:41,2552.35,183710
2021-06-10 09:25:41,2552.35,183710
2021-06-10 09:25:42,2552.35,183710
2021-06-10 09:25:45,2552.95,184204
2021-06-10 09:25:46,2553.0,184341
2021-06-10 09:25:47,2553.0,184341
2021-06-10 09:25:48,2553.35,184641
2021-06-10 09:25:49,2553.15,184654
2021-06-10 09:25:50,2553.3,184756
2021-06-10 09:25:52,2551.9,186503
2021-06-10 09:25:53,2551.9,186833
2021-06-10 09:25:54,2552.15,187433
2021-06-10 09:25:55,2552.15,187433
2021-06-10 09:25:57,2551.35,187901
2021-06-10 09:25:58,2551.5,187911
2021-06-10 09:25:59,2551.1,187916
2021-06-10 09:26:00,2550.3,190285
2021-06-10 09:26:01,2549.0,190963
2021-06-10 09:26:02,2549.0,190963
2021-06-10 09:26:01,2549.0,190963
2021-06-10 09:26:03,2549.0,191068
2021-06-10 09:26:04,2549.0,191068
2021-06-10 09:26:05,2549.0,191082
2021-06-10 09:26:06,2549.0,191082
2021-06-10 09:26:07,2549.0,191082
2021-06-10 09:26:08,2549.0,191097
2021-06-10 09:26:09,2549.0,191097
2021-06-10 09:26:10,2549.0,191097
2021-06-10 09:26:11,2549.0,191097
2021-06-10 09:26:12,2548.3,191103
2021-06-10 09:26:13,2548.25,191106
2021-06-10 09:26:14,2549.0,191146
2021-06-10 09:26:15,2549.0,191146
2021-06-10 09:26:16,2549.0,191372
2021-06-10 09:26:17,2550.0,191403
2021-06-10 09:26:18,2551.15,192912
2021-06-10 09:26:19,2550.05,192968
2021-06-10 09:26:20,2550.0,193037
2021-06-10 09:26:21,2550.3,193041
2021-06-10 09:26:22,2550.3,193041
2021-06-10 09:26:23,2550.3,193046
2021-06-10 09:26:24,2550.3,193046
2021-06-10 09:26:25,2550.3,193046
2021-06-10 09:26:26,2550.3,193046
2021-06-10 09:26:27,2550.3,193046
2021-06-10 09:26:28,2550.3,193046
2021-06-10 09:26:29,2550.3,193066
2021-06-10 09:26:30,2550.3,193067
2021-06-10 09:26:32,2550.3,193067
2021-06-10 09:26:33,2550.3,193068
2021-06-10 09:26:34,2549.9,193306
2021-06-10 09:26:35,2550.3,193316
2021-06-10 09:26:36,2550.3,193316
2021-06-10 09:26:37,2550.3,193316
2021-06-10 09:26:38,2550.3,193316
2021-06-10 09:26:39,2550.3,193316
2021-06-10 09:26:40,2550.3,193357
2021-06-10 09:26:40,2550.3,193347
2021-06-10 09:26:41,2550.15,193457
2021-06-10 09:26:42,2550.7,193461
2021-06-10 09:26:43,2550.7,193461
2021-06-10 09:26:44,2550.7,193461
2021-06-10 09:26:45,2550.3,193463
2021-06-10 09:26:46,2550.3,193525
2021-06-10 09:26:47,2550.3,193587
2021-06-10 09:26:48,2550.05,194344
2021-06-10 09:26:49,2550.05,194852
2021-06-10 09:26:50,2549.7,195766
2021-06-10 09:26:52,2548.5,196448
2021-06-10 09:26:53,2549.3,196451
2021-06-10 09:26:54,2548.5,196468
2021-06-10 09:26:55,2549.3,196574
2021-06-10 09:26:56,2549.3,196574
2021-06-10 09:26:57,2549.3,196574
2021-06-10 09:26:58,2549.4,196706
2021-06-10 09:26:59,2549.3,196711
2021-06-10 09:27:00,2549.3,196721
2021-06-10 09:27:01,2549.35,196733
2021-06-10 09:27:02,2549.3,196752
2021-06-10 09:27:03,2547.4,198649
2021-06-10 09:27:04,2547.8,200676
2021-06-10 09:27:05,2546.65,200820
2021-06-10 09:27:06,2548.15,201049
2021-06-10 09:27:07,2548.15,201049
2021-06-10 09:27:08,2547.0,201123
2021-06-10 09:27:09,2547.6,201125
2021-06-10 09:27:10,2546.95,201150
2021-06-10 09:27:11,2546.95,201150
2021-06-10 09:27:12,2547.6,201170
2021-06-10 09:27:13,2547.6,201170
2021-06-10 09:27:15,2546.85,201176
2021-06-10 09:27:16,2547.6,201179
2021-06-10 09:27:17,2547.0,201181
2021-06-10 09:27:18,2547.0,201181
2021-06-10 09:27:19,2547.0,201181
2021-06-10 09:27:20,2546.7,201290
2021-06-10 09:27:23,2547.6,201605
2021-06-10 09:27:24,2547.6,201605
2021-06-10 09:27:25,2547.15,201745
2021-06-10 09:27:26,2547.15,201745
2021-06-10 09:27:27,2547.15,201745
2021-06-10 09:27:28,2547.35,201796
2021-06-10 09:27:29,2547.35,201796
2021-06-10 09:27:30,2547.35,201871
2021-06-10 09:27:31,2547.35,201871
2021-06-10 09:27:32,2547.35,201872
2021-06-10 09:27:33,2548.4,201983
2021-06-10 09:27:34,2548.4,201983
2021-06-10 09:27:35,2548.4,201983
2021-06-10 09:27:36,2548.45,201984
2021-06-10 09:27:37,2548.0,201992
2021-06-10 09:27:38,2548.0,201992
2021-06-10 09:27:39,2548.8,202376
2021-06-10 09:27:40,2548.9,202381
2021-06-10 09:27:41,2548.9,202381
2021-06-10 09:27:42,2548.4,202382
2021-06-10 09:27:43,2548.4,202382
2021-06-10 09:27:44,2549.55,202407
2021-06-10 09:27:45,2549.55,202407
2021-06-10 09:27:46,2549.55,202407
2021-06-10 09:27:47,2549.4,202429
2021-06-10 09:27:48,2549.4,202429
2021-06-10 09:27:49,2548.55,202446
2021-06-10 09:27:50,2548.55,202446
2021-06-10 09:27:51,2549.6,202531
2021-06-10 09:27:52,2549.6,202531
2021-06-10 09:27:53,2549.0,202532
2021-06-10 09:27:54,2549.45,202832
2021-06-10 09:27:55,2549.5,202966
2021-06-10 09:27:56,2549.5,202966
2021-06-10 09:27:56,2549.5,202966
2021-06-10 09:27:57,2549.45,202968
2021-06-10 09:27:58,2549.45,203901
2021-06-10 09:28:00,2549.2,204797
2021-06-10 09:28:01,2549.2,205099
2021-06-10 09:28:02,2549.0,205887
2021-06-10 09:28:03,2549.2,205888
2021-06-10 09:28:04,2549.2,206088
2021-06-10 09:28:05,2549.2,206088
2021-06-10 09:28:07,2549.4,206113
2021-06-10 09:28:08,2549.0,206543
2021-06-10 09:28:09,2549.2,206544
2021-06-10 09:28:10,2549.2,206569
2021-06-10 09:28:11,2549.2,206569
2021-06-10 09:28:12,2549.2,206569
2021-06-10 09:28:14,2549.0,206610
2021-06-10 09:28:15,2549.0,206610
2021-06-10 09:28:16,2549.2,206622
2021-06-10 09:28:17,2549.9,206775
2021-06-10 09:28:18,2549.9,206776
2021-06-10 09:28:19,2549.9,206776
2021-06-10 09:28:20,2549.4,206803
2021-06-10 09:28:21,2549.9,206852
2021-06-10 09:28:22,2549.9,206852
2021-06-10 09:28:23,2549.9,206852
2021-06-10 09:28:24,2549.9,206852
2021-06-10 09:28:25,2549.4,206853
2021-06-10 09:28:26,2549.9,207011
2021-06-10 09:28:27,2549.9,207011
2021-06-10 09:28:28,2549.9,207017
2021-06-10 09:28:29,2550.0,207063
2021-06-10 09:28:30,2550.0,207063
2021-06-10 09:28:31,2550.0,207063
2021-06-10 09:28:32,2550.0,207067
2021-06-10 09:28:33,2550.0,207067
2021-06-10 09:28:34,2550.0,207072
2021-06-10 09:28:36,2550.0,207144
2021-06-10 09:28:37,2550.0,207144
2021-06-10 09:28:37,2550.0,207144
2021-06-10 09:28:38,2550.3,207179
2021-06-10 09:28:40,2550.3,207420
2021-06-10 09:28:41,2550.05,207430
2021-06-10 09:28:42,2550.05,207430
2021-06-10 09:28:43,2550.9,207458
2021-06-10 09:28:43,2550.9,207458
2021-06-10 09:28:44,2550.9,207458
2021-06-10 09:28:45,2550.15,207469
2021-06-10 09:28:46,2550.15,207469
2021-06-10 09:28:47,2550.9,207470
2021-06-10 09:28:48,2550.15,207472
2021-06-10 09:28:49,2550.2,207476
2021-06-10 09:28:51,2551.35,208049
2021-06-10 09:28:52,2551.35,208049
2021-06-10 09:28:53,2552.15,208149
2021-06-10 09:28:54,2552.1,208185
2021-06-10 09:28:56,2552.1,208275
2021-06-10 09:28:56,2552.1,208275
2021-06-10 09:28:57,2552.5,208737
2021-06-10 09:28:58,2551.4,208836
2021-06-10 09:29:00,2551.4,208836
2021-06-10 09:29:01,2552.6,208851
2021-06-10 09:29:02,2552.6,208851
2021-06-10 09:29:02,2552.6,208851
2021-06-10 09:29:03,2551.4,208852
2021-06-10 09:29:04,2551.4,208866
2021-06-10 09:29:05,2552.9,209087
2021-06-10 09:29:06,2551.55,209220
2021-06-10 09:29:07,2551.55,209220
2021-06-10 09:29:09,2552.8,209294
2021-06-10 09:29:10,2551.55,209594
2021-06-10 09:29:12,2552.2,209605
2021-06-10 09:29:13,2552.6,209779
2021-06-10 09:29:14,2552.0,210000
2021-06-10 09:29:15,2552.0,210073
2021-06-10 09:29:16,2552.0,210073
2021-06-10 09:29:17,2551.75,210083
2021-06-10 09:29:18,2552.4,210155
2021-06-10 09:29:19,2552.4,210155
2021-06-10 09:29:20,2552.4,210155
2021-06-10 09:29:21,2551.7,210560
2021-06-10 09:29:22,2551.7,210560
2021-06-10 09:29:22,2551.7,210560
2021-06-10 09:29:23,2551.7,210560
2021-06-10 09:29:24,2552.75,210576
2021-06-10 09:29:25,2552.75,210577
2021-06-10 09:29:26,2551.8,210581
2021-06-10 09:29:27,2551.8,210581
2021-06-10 09:29:29,2551.8,210581
2021-06-10 09:29:30,2551.8,210581
2021-06-10 09:29:31,2552.25,210582
2021-06-10 09:29:32,2552.25,210602
2021-06-10 09:29:32,2552.45,210605
2021-06-10 09:29:33,2552.25,210615
2021-06-10 09:29:34,2551.8,211414
2021-06-10 09:29:35,2552.7,211514
2021-06-10 09:29:36,2552.7,211514
2021-06-10 09:29:37,2552.25,211517
2021-06-10 09:29:39,2552.75,211628
2021-06-10 09:29:40,2552.75,211628
2021-06-10 09:29:40,2552.75,211628
2021-06-10 09:29:42,2552.25,211928
2021-06-10 09:29:43,2552.7,211983
2021-06-10 09:29:44,2552.7,211983
2021-06-10 09:29:45,2552.7,211983
2021-06-10 09:29:47,2552.6,212293
2021-06-10 09:29:48,2552.6,212293
2021-06-10 09:29:49,2552.6,212303
2021-06-10 09:29:51,2552.6,212523
2021-06-10 09:29:52,2552.6,212645
2021-06-10 09:29:52,2552.6,212645
2021-06-10 09:29:53,2552.6,212646
2021-06-10 09:29:54,2552.55,212647
2021-06-10 09:29:55,2552.55,212657
2021-06-10 09:29:56,2552.55,212657
2021-06-10 09:29:57,2552.6,212702
2021-06-10 09:29:58,2552.2,213382
2021-06-10 09:29:59,2552.2,213438
2021-06-10 09:30:00,2552.1,213441
2021-06-10 09:30:02,2552.25,213547
2021-06-10 09:30:03,2552.25,213564
2021-06-10 09:30:04,2552.5,213576
2021-06-10 09:30:05,2552.5,214224
2021-06-10 09:30:06,2553.0,215255
2021-06-10 09:30:07,2554.0,215302
2021-06-10 09:30:09,2553.05,215307
2021-06-10 09:30:10,2553.05,215621
2021-06-10 09:30:11,2553.05,215621
2021-06-10 09:30:12,2553.05,215621
2021-06-10 09:30:14,2553.85,215660
2021-06-10 09:30:15,2553.85,215660
2021-06-10 09:30:16,2554.0,215674
2021-06-10 09:30:17,2554.0,215674
2021-06-10 09:30:18,2554.6,216101
2021-06-10 09:30:19,2555.0,216241
2021-06-10 09:30:19,2555.0,216241
2021-06-10 09:30:20,2555.0,216241
2021-06-10 09:30:21,2555.0,216317
2021-06-10 09:30:22,2554.0,217282
2021-06-10 09:30:23,2554.0,217282
2021-06-10 09:30:24,2554.55,217504
2021-06-10 09:30:25,2554.55,217604
2021-06-10 09:30:26,2554.55,217616
2021-06-10 09:30:27,2554.0,217626
2021-06-10 09:30:28,2554.5,217671
2021-06-10 09:30:29,2554.5,217676
2021-06-10 09:30:31,2554.5,217676
2021-06-10 09:30:32,2554.5,217684
2021-06-10 09:30:33,2554.5,217684
2021-06-10 09:30:34,2554.1,217721
2021-06-10 09:30:35,2554.1,217793
2021-06-10 09:30:36,2552.0,219070
2021-06-10 09:30:37,2552.2,219664
2021-06-10 09:30:38,2553.45,219891
2021-06-10 09:30:39,2553.35,219906
2021-06-10 09:30:40,2553.35,219906
2021-06-10 09:30:40,2553.35,219910
2021-06-10 09:30:41,2552.35,219928
2021-06-10 09:30:42,2552.35,219928
2021-06-10 09:30:44,2552.35,219928
2021-06-10 09:30:45,2553.35,219930
2021-06-10 09:30:46,2554.5,219932
2021-06-10 09:30:47,2553.35,219957
2021-06-10 09:30:48,2554.2,219960
2021-06-10 09:30:49,2553.35,220020
2021-06-10 09:30:50,2553.95,220053
2021-06-10 09:30:50,2553.95,220053
2021-06-10 09:30:51,2553.45,220063
2021-06-10 09:30:52,2553.45,220063
2021-06-10 09:30:53,2553.8,220093
2021-06-10 09:30:54,2553.05,220295
2021-06-10 09:30:55,2554.0,220311
2021-06-10 09:30:57,2553.05,220561
2021-06-10 09:30:58,2553.95,220567
2021-06-10 09:30:59,2553.95,220567
2021-06-10 09:31:00,2553.95,220567
2021-06-10 09:31:01,2553.3,220749
2021-06-10 09:31:02,2553.0,221267
2021-06-10 09:31:03,2552.9,221301
2021-06-10 09:31:04,2552.9,221303
2021-06-10 09:31:05,2553.0,221329
2021-06-10 09:31:06,2553.0,221330
2021-06-10 09:31:07,2552.3,221355
2021-06-10 09:31:08,2552.3,221355
2021-06-10 09:31:09,2552.3,221355
2021-06-10 09:31:10,2552.3,221355
2021-06-10 09:31:10,2552.95,221403
2021-06-10 09:31:11,2552.95,221403
2021-06-10 09:31:12,2552.95,221403
2021-06-10 09:31:13,2552.35,221408
2021-06-10 09:31:14,2552.35,221420
2021-06-10 09:31:15,2552.95,221425
2021-06-10 09:31:16,2552.95,221450
2021-06-10 09:31:17,2552.3,221844
2021-06-10 09:31:18,2552.35,221845
2021-06-10 09:31:20,2552.35,221895
2021-06-10 09:31:21,2552.0,222799
2021-06-10 09:31:22,2551.1,222802
2021-06-10 09:31:23,2551.1,222802
2021-06-10 09:31:24,2551.1,222802
2021-06-10 09:31:25,2551.1,222802
2021-06-10 09:31:26,2551.1,222802
2021-06-10 09:31:27,2551.1,222802
2021-06-10 09:31:28,2551.1,222834
2021-06-10 09:31:29,2551.1,223098
2021-06-10 09:31:31,2551.0,223641
2021-06-10 09:31:32,2550.95,223708
2021-06-10 09:31:33,2550.1,223728
2021-06-10 09:31:34,2550.1,223728
2021-06-10 09:31:35,2550.1,223728
2021-06-10 09:31:36,2550.05,223748
2021-06-10 09:31:37,2550.9,223756
2021-06-10 09:31:38,2550.9,223759
2021-06-10 09:31:39,2550.05,223825
2021-06-10 09:31:40,2550.05,223825
2021-06-10 09:31:41,2550.05,223825
2021-06-10 09:31:42,2550.05,223825
2021-06-10 09:31:43,2550.05,223825
2021-06-10 09:31:44,2550.8,223830
2021-06-10 09:31:44,2550.8,223830
2021-06-10 09:31:45,2550.05,223880
2021-06-10 09:31:46,2550.05,223934
2021-06-10 09:31:47,2550.8,223939
2021-06-10 09:31:49,2550.05,223941
2021-06-10 09:31:50,2550.05,223941
2021-06-10 09:31:51,2550.8,223942
2021-06-10 09:31:52,2550.8,223942
2021-06-10 09:31:53,2550.8,223942
2021-06-10 09:31:54,2550.8,223942
2021-06-10 09:31:55,2550.8,223952
2021-06-10 09:31:56,2550.8,223952
2021-06-10 09:31:57,2550.2,223992
2021-06-10 09:31:58,2550.2,223992
2021-06-10 09:31:59,2550.2,224067
2021-06-10 09:32:00,2550.2,224067
2021-06-10 09:32:01,2550.2,224067
2021-06-10 09:32:02,2550.2,224067
2021-06-10 09:32:03,2550.2,224067
2021-06-10 09:32:04,2550.2,224067
2021-06-10 09:32:05,2550.2,224104
2021-06-10 09:32:06,2550.2,224104
2021-06-10 09:32:07,2550.7,224105
2021-06-10 09:32:08,2550.7,224105
2021-06-10 09:32:08,2550.7,224105
2021-06-10 09:32:11,2550.7,224449
2021-06-10 09:32:12,2550.7,224464
2021-06-10 09:32:13,2550.7,224652
2021-06-10 09:32:14,2550.2,224692
2021-06-10 09:32:15,2550.2,224692
2021-06-10 09:32:16,2550.25,224728
2021-06-10 09:32:17,2550.25,224728
2021-06-10 09:32:18,2550.25,224781
2021-06-10 09:32:19,2550.7,224783
2021-06-10 09:32:20,2550.7,224803
2021-06-10 09:32:22,2550.7,224863
2021-06-10 09:32:23,2550.7,224925
2021-06-10 09:32:25,2550.25,225265
2021-06-10 09:32:26,2550.25,225296
2021-06-10 09:32:27,2551.1,227160
2021-06-10 09:32:28,2552.0,227164
2021-06-10 09:32:30,2551.1,227302
2021-06-10 09:32:31,2551.1,227302
2021-06-10 09:32:32,2551.1,227302
2021-06-10 09:32:34,2551.1,227302
2021-06-10 09:32:35,2551.1,227308
2021-06-10 09:32:36,2551.1,227308
2021-06-10 09:32:37,2551.7,227328
2021-06-10 09:32:38,2551.7,227328
2021-06-10 09:32:40,2551.35,228865
2021-06-10 09:32:43,2550.0,230051
2021-06-10 09:32:44,2550.55,230166
2021-06-10 09:32:45,2550.55,230166
2021-06-10 09:32:46,2550.55,230166
2021-06-10 09:32:47,2550.0,230471
2021-06-10 09:32:48,2550.25,230477
2021-06-10 09:32:49,2550.25,230477
2021-06-10 09:32:50,2550.05,230854
2021-06-10 09:32:51,2550.05,230854
2021-06-10 09:32:52,2549.95,231328
2021-06-10 09:32:53,2549.9,231597
2021-06-10 09:32:54,2550.0,231721
2021-06-10 09:32:55,2548.05,231923
2021-06-10 09:32:56,2548.05,231923
2021-06-10 09:32:58,2548.15,232132
2021-06-10 09:32:59,2549.15,232246
2021-06-10 09:33:00,2549.1,232249
2021-06-10 09:33:01,2549.1,232260
2021-06-10 09:33:02,2548.3,232270
2021-06-10 09:33:03,2548.3,232270
2021-06-10 09:33:04,2548.3,232270
2021-06-10 09:33:05,2549.1,232304
2021-06-10 09:33:05,2548.65,232345
2021-06-10 09:33:07,2549.1,232346
2021-06-10 09:33:08,2549.1,232448
2021-06-10 09:33:09,2548.65,232477
2021-06-10 09:33:10,2548.85,232545
2021-06-10 09:33:11,2548.85,232545
2021-06-10 09:33:12,2548.6,232546
2021-06-10 09:33:12,2548.6,232546
2021-06-10 09:33:13,2548.5,232556
2021-06-10 09:33:14,2548.6,232573
2021-06-10 09:33:16,2548.6,232573
2021-06-10 09:33:17,2548.5,232576
2021-06-10 09:33:18,2548.5,232594
2021-06-10 09:33:19,2549.45,232624
2021-06-10 09:33:20,2549.4,232664
2021-06-10 09:33:21,2549.35,232665
2021-06-10 09:33:22,2549.35,232665
2021-06-10 09:33:23,2549.6,232670
2021-06-10 09:33:24,2549.65,232675
2021-06-10 09:33:25,2549.65,232675
2021-06-10 09:33:25,2549.65,232675
2021-06-10 09:33:26,2549.1,232685
2021-06-10 09:33:28,2549.3,232688
2021-06-10 09:33:29,2549.4,232914
2021-06-10 09:33:30,2549.4,233052
2021-06-10 09:33:31,2548.75,233362
2021-06-10 09:33:31,2548.75,233362
2021-06-10 09:33:33,2548.7,233654
2021-06-10 09:33:33,2548.7,233654
2021-06-10 09:33:34,2548.7,233654
2021-06-10 09:33:36,2549.95,233811
2021-06-10 09:33:37,2548.9,233816
2021-06-10 09:33:38,2548.85,233911
2021-06-10 09:33:39,2549.75,234193
2021-06-10 09:33:40,2549.75,234193
2021-06-10 09:33:41,2548.75,234195
2021-06-10 09:33:42,2549.75,234454
2021-06-10 09:33:43,2549.75,234454
2021-06-10 09:33:44,2548.5,235427
2021-06-10 09:33:44,2548.5,235427
2021-06-10 09:33:46,2548.5,235427
2021-06-10 09:33:47,2548.65,236597
2021-06-10 09:33:48,2548.65,236597
2021-06-10 09:33:49,2547.55,236647
2021-06-10 09:33:50,2548.55,236653
2021-06-10 09:33:51,2548.45,236656
2021-06-10 09:33:52,2548.0,236707
2021-06-10 09:33:53,2548.45,236717
2021-06-10 09:33:53,2548.45,236717
2021-06-10 09:33:54,2548.3,236827
2021-06-10 09:33:56,2548.5,236867
2021-06-10 09:33:57,2548.5,236883
2021-06-10 09:33:58,2548.5,236883
2021-06-10 09:33:59,2548.5,236883
2021-06-10 09:34:02,2548.5,237109
2021-06-10 09:34:03,2549.5,237184
2021-06-10 09:34:04,2549.5,237190
2021-06-10 09:34:05,2548.6,237210
2021-06-10 09:34:06,2548.6,237262
2021-06-10 09:34:07,2549.5,237407
2021-06-10 09:34:08,2549.5,237407
2021-06-10 09:34:09,2549.5,237407
2021-06-10 09:34:10,2549.5,237407
2021-06-10 09:34:11,2549.5,237417
2021-06-10 09:34:12,2549.5,237417
2021-06-10 09:34:13,2549.5,237417
2021-06-10 09:34:14,2549.5,237417
2021-06-10 09:34:15,2549.4,237422
2021-06-10 09:34:16,2549.4,237422
2021-06-10 09:34:17,2549.35,237772
2021-06-10 09:34:18,2549.4,237979
2021-06-10 09:34:20,2549.5,238525
2021-06-10 09:34:21,2549.5,238525
2021-06-10 09:34:22,2549.5,238525
2021-06-10 09:34:23,2549.45,238538
2021-06-10 09:34:24,2549.55,238542
2021-06-10 09:34:25,2548.85,238597
2021-06-10 09:34:26,2548.85,238605
2021-06-10 09:34:27,2548.85,238605
2021-06-10 09:34:28,2548.9,238757
2021-06-10 09:34:29,2549.55,238758
2021-06-10 09:34:30,2549.55,238758
2021-06-10 09:34:31,2549.65,238843
2021-06-10 09:34:32,2548.9,238874
2021-06-10 09:34:33,2549.5,238878
2021-06-10 09:34:34,2549.5,238888
2021-06-10 09:34:36,2548.35,239848
2021-06-10 09:34:35,2548.35,239848
2021-06-10 09:34:37,2548.5,239850
2021-06-10 09:34:38,2548.5,239850
2021-06-10 09:34:39,2548.95,239945
2021-06-10 09:34:40,2548.95,239945
2021-06-10 09:34:41,2548.5,240186
2021-06-10 09:34:42,2548.5,240186
2021-06-10 09:34:43,2548.45,240286
2021-06-10 09:34:45,2547.0,241867
2021-06-10 09:34:46,2547.85,241923
2021-06-10 09:34:47,2547.95,241933
2021-06-10 09:34:48,2547.75,242015
2021-06-10 09:34:49,2547.75,242015
2021-06-10 09:34:50,2547.75,242015
2021-06-10 09:34:51,2547.75,242017
2021-06-10 09:34:52,2547.7,242213
2021-06-10 09:34:53,2547.7,242663
2021-06-10 09:34:54,2547.7,242666
2021-06-10 09:34:55,2547.7,242684
2021-06-10 09:34:56,2548.0,242973
2021-06-10 09:34:57,2548.0,242973
2021-06-10 09:34:58,2548.0,243109
2021-06-10 09:34:59,2548.0,243109
2021-06-10 09:35:00,2547.6,243148
2021-06-10 09:35:01,2548.3,243150
2021-06-10 09:35:02,2547.75,243152
2021-06-10 09:35:03,2547.75,243153
2021-06-10 09:35:04,2547.75,243153
2021-06-10 09:35:05,2548.2,243163
2021-06-10 09:35:06,2548.2,243163
2021-06-10 09:35:07,2548.1,243364
2021-06-10 09:35:09,2547.85,244365
2021-06-10 09:35:10,2547.75,244446
2021-06-10 09:35:11,2547.8,244468
2021-06-10 09:35:12,2547.7,244470
2021-06-10 09:35:13,2547.6,244494
2021-06-10 09:35:14,2547.6,244523
2021-06-10 09:35:15,2547.6,244575
2021-06-10 09:35:16,2547.65,244576
2021-06-10 09:35:17,2547.65,244578
2021-06-10 09:35:18,2547.65,244737
2021-06-10 09:35:19,2547.5,244752
2021-06-10 09:35:20,2547.2,244758
2021-06-10 09:35:21,2547.45,244849
2021-06-10 09:35:22,2547.4,245824
2021-06-10 09:35:25,2547.65,245825
2021-06-10 09:35:26,2547.65,245825
2021-06-10 09:35:27,2547.65,245839
2021-06-10 09:35:29,2547.65,245843
2021-06-10 09:35:30,2547.65,245843
2021-06-10 09:35:31,2547.65,245843
2021-06-10 09:35:32,2547.75,246184
2021-06-10 09:35:33,2548.75,246189
2021-06-10 09:35:34,2548.75,246189
2021-06-10 09:35:35,2548.8,246198
2021-06-10 09:35:36,2548.8,246198
2021-06-10 09:35:37,2548.8,246298
2021-06-10 09:35:38,2548.8,246398
2021-06-10 09:35:39,2548.8,246399
2021-06-10 09:35:40,2548.8,246403
2021-06-10 09:35:41,2548.8,246503
2021-06-10 09:35:42,2548.8,246503
2021-06-10 09:35:44,2548.8,246503
2021-06-10 09:35:45,2548.8,246503
2021-06-10 09:35:46,2550.0,247056
2021-06-10 09:35:48,2549.85,247091
2021-06-10 09:35:47,2549.85,247091
2021-06-10 09:35:49,2549.05,247341
2021-06-10 09:35:50,2549.05,247341
2021-06-10 09:35:51,2549.05,247341
2021-06-10 09:35:52,2549.95,247350
2021-06-10 09:35:54,2549.9,247367
2021-06-10 09:35:55,2549.9,247367
2021-06-10 09:35:56,2549.2,247397
2021-06-10 09:35:57,2549.9,247423
2021-06-10 09:35:58,2549.9,247423
2021-06-10 09:35:59,2549.9,247587
2021-06-10 09:36:00,2549.9,247640
2021-06-10 09:36:01,2549.25,247700
2021-06-10 09:36:02,2549.9,247720
2021-06-10 09:36:04,2550.0,248380
2021-06-10 09:36:03,2550.0,248330
2021-06-10 09:36:05,2549.7,248390
2021-06-10 09:36:06,2550.0,248404
2021-06-10 09:36:08,2550.9,248563
2021-06-10 09:36:09,2550.9,248563
2021-06-10 09:36:10,2550.9,248563
2021-06-10 09:36:11,2550.9,248563
2021-06-10 09:36:12,2550.9,248563
2021-06-10 09:36:13,2549.85,248586
2021-06-10 09:36:14,2550.8,248593
2021-06-10 09:36:15,2550.8,248603
2021-06-10 09:36:17,2550.8,248614
2021-06-10 09:36:19,2550.8,248614
2021-06-10 09:36:19,2550.8,248614
2021-06-10 09:36:20,2550.8,248614
2021-06-10 09:36:21,2550.6,248615
2021-06-10 09:36:22,2550.6,248615
2021-06-10 09:36:24,2550.0,248635
2021-06-10 09:36:25,2550.6,248763
2021-06-10 09:36:26,2550.6,248763
2021-06-10 09:36:26,2550.6,248763
2021-06-10 09:36:27,2550.6,248763
2021-06-10 09:36:28,2550.7,248781
2021-06-10 09:36:30,2550.8,249387
2021-06-10 09:36:32,2550.9,249561
2021-06-10 09:36:33,2550.9,249561
2021-06-10 09:36:33,2550.9,249561
2021-06-10 09:36:34,2550.85,249656
2021-06-10 09:36:35,2550.9,249775
2021-06-10 09:36:36,2551.2,249842
2021-06-10 09:36:38,2551.2,249842
2021-06-10 09:36:38,2551.2,249842
2021-06-10 09:36:39,2551.2,249882
2021-06-10 09:36:40,2551.4,249885
2021-06-10 09:36:41,2551.4,249985
2021-06-10 09:36:42,2551.4,249985
2021-06-10 09:36:43,2551.5,249986
2021-06-10 09:36:44,2551.5,250006
2021-06-10 09:36:45,2551.5,250006
2021-06-10 09:36:46,2551.9,250044
2021-06-10 09:36:47,2551.4,250344
2021-06-10 09:36:48,2551.6,250355
2021-06-10 09:36:51,2551.5,250643
2021-06-10 09:36:52,2551.5,250948
2021-06-10 09:36:53,2551.4,251098
2021-06-10 09:36:54,2549.05,254094
2021-06-10 09:36:55,2549.0,254109
2021-06-10 09:36:56,2549.0,254171
2021-06-10 09:36:57,2549.0,254171
2021-06-10 09:36:58,2549.0,254171
2021-06-10 09:36:59,2549.65,254172
2021-06-10 09:37:00,2548.8,254487
2021-06-10 09:37:01,2548.75,254639
2021-06-10 09:37:02,2547.65,255729
2021-06-10 09:37:04,2547.75,255829
2021-06-10 09:37:04,2547.2,255879
2021-06-10 09:37:06,2547.2,255921
2021-06-10 09:37:06,2547.0,255973
2021-06-10 09:37:07,2547.0,256081
2021-06-10 09:37:08,2547.0,256227
2021-06-10 09:37:09,2547.0,256228
2021-06-10 09:37:11,2547.0,256428
2021-06-10 09:37:11,2547.0,256428
2021-06-10 09:37:12,2547.0,256428
2021-06-10 09:37:13,2547.85,256438
2021-06-10 09:37:14,2547.85,256438
2021-06-10 09:37:15,2547.85,256458
2021-06-10 09:37:16,2547.85,256462
2021-06-10 09:37:17,2547.85,256612
2021-06-10 09:37:18,2547.85,256612
2021-06-10 09:37:19,2548.3,256662
2021-06-10 09:37:20,2548.15,256671
2021-06-10 09:37:22,2548.15,256681
2021-06-10 09:37:23,2548.15,256681
2021-06-10 09:37:23,2548.15,256681
2021-06-10 09:37:24,2548.15,256681
2021-06-10 09:37:25,2548.15,256681
2021-06-10 09:37:26,2548.2,256705
2021-06-10 09:37:27,2548.2,256705
2021-06-10 09:37:28,2548.2,256705
2021-06-10 09:37:29,2548.2,256705
2021-06-10 09:37:30,2548.55,256763
2021-06-10 09:37:31,2548.55,256763
2021-06-10 09:37:32,2550.0,256764
2021-06-10 09:37:34,2549.25,256796
2021-06-10 09:37:35,2549.25,256796
2021-06-10 09:37:35,2549.25,256796
2021-06-10 09:37:36,2550.1,256806
2021-06-10 09:37:37,2549.0,256807
2021-06-10 09:37:38,2548.95,256817
2021-06-10 09:37:39,2548.95,256817
2021-06-10 09:37:40,2550.0,256827
2021-06-10 09:37:41,2550.0,256827
2021-06-10 09:37:42,2549.0,256828
2021-06-10 09:37:43,2549.0,256828
2021-06-10 09:37:45,2549.95,256856
2021-06-10 09:37:45,2549.95,256876
2021-06-10 09:37:47,2549.95,256876
2021-06-10 09:37:48,2549.95,256907
2021-06-10 09:37:48,2549.95,256907
2021-06-10 09:37:49,2549.95,256907
2021-06-10 09:37:50,2549.95,256907
2021-06-10 09:37:52,2550.0,257021
2021-06-10 09:37:54,2549.95,257046
2021-06-10 09:37:54,2549.95,257046
2021-06-10 09:37:55,2549.3,257086
2021-06-10 09:37:56,2549.95,257172
2021-06-10 09:37:57,2549.4,257271
2021-06-10 09:37:58,2549.4,257271
2021-06-10 09:37:59,2550.0,257361
2021-06-10 09:38:00,2550.0,257361
2021-06-10 09:38:01,2550.0,257361
2021-06-10 09:38:02,2550.0,257361
2021-06-10 09:38:04,2550.0,257401
2021-06-10 09:38:05,2550.0,257401
2021-06-10 09:38:06,2550.0,257411
2021-06-10 09:38:07,2549.35,257711
2021-06-10 09:38:08,2549.55,257725
2021-06-10 09:38:09,2550.4,257884
2021-06-10 09:38:10,2550.45,258038
2021-06-10 09:38:12,2549.55,258348
2021-06-10 09:38:12,2549.55,258348
2021-06-10 09:38:13,2549.55,258348
2021-06-10 09:38:14,2550.45,258418
2021-06-10 09:38:15,2550.0,258428
2021-06-10 09:38:16,2549.8,258533
2021-06-10 09:38:17,2549.8,258533
2021-06-10 09:38:18,2550.15,258543
2021-06-10 09:38:20,2549.8,258610
2021-06-10 09:38:19,2549.8,258610
2021-06-10 09:38:21,2549.8,258611
2021-06-10 09:38:22,2549.7,259426
2021-06-10 09:38:23,2549.7,259426
2021-06-10 09:38:24,2549.8,259427
2021-06-10 09:38:25,2549.8,259427
2021-06-10 09:38:26,2549.9,259552
2021-06-10 09:38:28,2549.9,259616
2021-06-10 09:38:29,2549.9,259627
2021-06-10 09:38:30,2550.0,259628
2021-06-10 09:38:31,2550.0,259629
2021-06-10 09:38:32,2550.0,259729
2021-06-10 09:38:33,2549.9,259785
2021-06-10 09:38:34,2550.0,259876
2021-06-10 09:38:36,2550.0,259876
2021-06-10 09:38:37,2549.9,260176
2021-06-10 09:38:37,2549.9,260176
2021-06-10 09:38:38,2550.2,260316
2021-06-10 09:38:39,2550.2,260331
2021-06-10 09:38:41,2550.0,260508
2021-06-10 09:38:42,2550.0,260528
2021-06-10 09:38:43,2550.0,260528
2021-06-10 09:38:44,2550.05,260678
2021-06-10 09:38:45,2549.85,261694
2021-06-10 09:38:46,2549.85,261694
2021-06-10 09:38:47,2549.85,261694
2021-06-10 09:38:47,2549.6,261697
2021-06-10 09:38:48,2549.6,261697
2021-06-10 09:38:49,2549.7,261741
2021-06-10 09:38:51,2549.75,261766
2021-06-10 09:38:52,2549.5,261849
2021-06-10 09:38:53,2549.4,261999
2021-06-10 09:38:54,2549.4,262003
2021-06-10 09:38:55,2549.5,262008
2021-06-10 09:38:56,2549.5,262008
2021-06-10 09:38:58,2549.0,262293
2021-06-10 09:38:59,2548.95,262496
2021-06-10 09:38:59,2548.95,262496
2021-06-10 09:39:01,2548.5,262575
2021-06-10 09:39:02,2548.5,262575
2021-06-10 09:39:03,2548.35,262580
2021-06-10 09:39:04,2548.35,262580
2021-06-10 09:39:05,2548.3,262585
2021-06-10 09:39:06,2548.1,262660
2021-06-10 09:39:07,2548.1,262660
2021-06-10 09:39:08,2548.1,262660
2021-06-10 09:39:09,2548.3,262685
2021-06-10 09:39:10,2548.3,262685
2021-06-10 09:39:11,2548.3,262695
2021-06-10 09:39:13,2548.7,262851
2021-06-10 09:39:14,2548.3,262853
2021-06-10 09:39:14,2548.3,262853
2021-06-10 09:39:15,2548.7,262894
2021-06-10 09:39:16,2548.7,262894
2021-06-10 09:39:17,2549.0,262900
2021-06-10 09:39:19,2550.05,263066
2021-06-10 09:39:20,2550.85,263161
2021-06-10 09:39:21,2550.85,263161
2021-06-10 09:39:22,2550.85,263164
2021-06-10 09:39:23,2550.7,263169
2021-06-10 09:39:24,2549.85,263372
2021-06-10 09:39:25,2551.0,263373
2021-06-10 09:39:26,2550.15,263383
2021-06-10 09:39:26,2550.15,263383
2021-06-10 09:39:27,2551.0,263558
2021-06-10 09:39:28,2550.2,263583
2021-06-10 09:39:29,2550.2,263583
2021-06-10 09:39:31,2550.75,263635
2021-06-10 09:39:32,2550.65,263735
2021-06-10 09:39:33,2550.65,263735
2021-06-10 09:39:34,2550.65,263735
2021-06-10 09:39:37,2550.25,263737
2021-06-10 09:39:38,2550.65,263787
2021-06-10 09:39:38,2550.65,263787
2021-06-10 09:39:39,2550.65,263787
2021-06-10 09:39:40,2550.65,263787
2021-06-10 09:39:41,2550.65,263787
2021-06-10 09:39:42,2550.65,263787
2021-06-10 09:39:43,2551.0,263866
2021-06-10 09:39:44,2551.0,263866
2021-06-10 09:39:45,2550.25,263876
2021-06-10 09:39:46,2550.25,263876
2021-06-10 09:39:47,2551.0,263906
2021-06-10 09:39:49,2551.0,264059
2021-06-10 09:39:50,2551.0,264059
2021-06-10 09:39:51,2551.0,264059
2021-06-10 09:39:52,2551.0,264059
2021-06-10 09:39:52,2551.0,264061
2021-06-10 09:39:53,2551.0,264061
2021-06-10 09:39:54,2551.0,264061
2021-06-10 09:39:55,2551.0,264068
2021-06-10 09:39:56,2551.0,264227
2021-06-10 09:39:57,2551.65,264239
2021-06-10 09:39:59,2552.0,264579
2021-06-10 09:40:00,2551.05,264603
2021-06-10 09:40:00,2551.05,264603
2021-06-10 09:40:01,2551.05,264603
2021-06-10 09:40:03,2551.65,264754
2021-06-10 09:40:04,2551.65,264754
2021-06-10 09:40:05,2551.1,265134
2021-06-10 09:40:06,2551.65,265234
2021-06-10 09:40:07,2551.65,265234
2021-06-10 09:40:08,2551.65,265337
2021-06-10 09:40:09,2551.65,265473
2021-06-10 09:40:10,2552.0,265897
2021-06-10 09:40:11,2552.0,265897
2021-06-10 09:40:12,2551.8,265900
2021-06-10 09:40:13,2552.2,265913
2021-06-10 09:40:14,2552.2,266050
2021-06-10 09:40:15,2552.4,266077
2021-06-10 09:40:17,2552.4,266077
2021-06-10 09:40:18,2552.4,266077
2021-06-10 09:40:19,2552.5,266177
2021-06-10 09:40:20,2552.5,266177
2021-06-10 09:40:21,2552.5,266343
2021-06-10 09:40:22,2552.5,266348
2021-06-10 09:40:23,2552.5,266348
2021-06-10 09:40:24,2552.0,266350
2021-06-10 09:40:25,2552.0,266350
2021-06-10 09:40:26,2552.7,266696
2021-06-10 09:40:27,2552.7,266696
2021-06-10 09:40:28,2552.7,266696
2021-06-10 09:40:29,2552.25,266746
2021-06-10 09:40:29,2552.25,266746
2021-06-10 09:40:30,2553.4,266888
2021-06-10 09:40:33,2552.25,267059
2021-06-10 09:40:34,2553.1,267060
2021-06-10 09:40:35,2553.1,267061
2021-06-10 09:40:36,2553.1,267061
2021-06-10 09:40:37,2553.1,267061
2021-06-10 09:40:38,2552.9,267136
2021-06-10 09:40:39,2552.9,267136
2021-06-10 09:40:40,2553.4,267241
2021-06-10 09:40:42,2553.35,267314
2021-06-10 09:40:43,2553.35,267394
2021-06-10 09:40:44,2553.35,267394
2021-06-10 09:40:45,2553.35,267394
2021-06-10 09:40:46,2553.35,267394
2021-06-10 09:40:47,2553.45,267547
2021-06-10 09:40:48,2552.9,267559
2021-06-10 09:40:49,2553.1,268663
2021-06-10 09:40:50,2553.75,268693
2021-06-10 09:40:51,2552.9,269538
2021-06-10 09:40:51,2552.9,269538
2021-06-10 09:40:52,2552.9,269538
2021-06-10 09:40:53,2553.4,269553
2021-06-10 09:40:54,2553.6,269647
2021-06-10 09:40:55,2553.1,270192
2021-06-10 09:40:56,2553.1,270192
2021-06-10 09:40:57,2553.1,270194
2021-06-10 09:40:58,2553.1,270194
2021-06-10 09:40:59,2549.3,273394
2021-06-10 09:41:00,2551.6,273496
2021-06-10 09:41:01,2551.4,273497
2021-06-10 09:41:03,2551.4,273497
2021-06-10 09:41:04,2551.4,273497
2021-06-10 09:41:05,2551.4,273497
2021-06-10 09:41:06,2551.4,273497
2021-06-10 09:41:07,2551.4,273497
2021-06-10 09:41:09,2551.2,273513
2021-06-10 09:41:10,2551.2,273513
2021-06-10 09:41:12,2551.2,273518
2021-06-10 09:41:13,2551.2,273518
2021-06-10 09:41:14,2550.3,273578
2021-06-10 09:41:14,2550.3,273578
2021-06-10 09:41:15,2550.35,273598
2021-06-10 09:41:16,2550.35,273598
2021-06-10 09:41:17,2550.35,273598
2021-06-10 09:41:19,2550.35,273598
2021-06-10 09:41:20,2550.35,273598
2021-06-10 09:41:21,2550.35,273628
2021-06-10 09:41:22,2551.2,273728
2021-06-10 09:41:23,2551.2,273728
2021-06-10 09:41:24,2551.2,273728
2021-06-10 09:41:25,2551.2,273728
2021-06-10 09:41:26,2551.2,273728
2021-06-10 09:41:27,2551.2,273728
2021-06-10 09:41:27,2551.2,273728
2021-06-10 09:41:28,2551.2,273728
2021-06-10 09:41:29,2551.2,273728
2021-06-10 09:41:30,2551.2,273728
2021-06-10 09:41:32,2551.0,273732
2021-06-10 09:41:32,2551.0,273822
2021-06-10 09:41:34,2551.0,273822
2021-06-10 09:41:34,2551.0,273822
2021-06-10 09:41:35,2551.3,274123
2021-06-10 09:41:36,2551.3,274123
2021-06-10 09:41:38,2551.3,274131
2021-06-10 09:41:39,2551.35,274233
2021-06-10 09:41:40,2551.35,274233
2021-06-10 09:41:41,2551.3,274256
2021-06-10 09:41:41,2551.3,274256
2021-06-10 09:41:42,2551.3,274257
2021-06-10 09:41:43,2551.6,274259
2021-06-10 09:41:45,2551.65,274727
2021-06-10 09:41:46,2552.05,274829
2021-06-10 09:41:47,2552.05,274829
2021-06-10 09:41:47,2552.05,274829
2021-06-10 09:41:48,2552.2,274880
2021-06-10 09:41:49,2552.2,274880
2021-06-10 09:41:51,2552.25,274899
2021-06-10 09:41:52,2552.25,274899
2021-06-10 09:41:53,2552.25,274899
2021-06-10 09:41:54,2552.25,274899
2021-06-10 09:41:55,2552.25,274899
2021-06-10 09:41:56,2552.25,274945
2021-06-10 09:41:57,2552.25,274945
2021-06-10 09:41:58,2551.8,275058
2021-06-10 09:42:00,2551.8,275707
2021-06-10 09:42:01,2551.8,275766
2021-06-10 09:42:02,2551.8,275766
2021-06-10 09:42:03,2552.25,275767
2021-06-10 09:42:04,2552.25,275767
2021-06-10 09:42:05,2552.25,275767
2021-06-10 09:42:06,2552.25,275767
2021-06-10 09:42:06,2552.25,275767
2021-06-10 09:42:07,2552.25,275767
2021-06-10 09:42:08,2552.25,275768
2021-06-10 09:42:09,2551.8,275788
2021-06-10 09:42:11,2552.25,275790
2021-06-10 09:42:12,2552.4,276090
2021-06-10 09:42:13,2551.8,276574
2021-06-10 09:42:13,2551.8,276574
2021-06-10 09:42:14,2552.5,276575
2021-06-10 09:42:16,2552.5,276575
2021-06-10 09:42:17,2552.5,276575
2021-06-10 09:42:18,2551.2,277837
2021-06-10 09:42:19,2551.2,277879
2021-06-10 09:42:20,2551.2,277879
2021-06-10 09:42:21,2551.2,277879
2021-06-10 09:42:22,2551.2,277879
2021-06-10 09:42:23,2551.2,277879
2021-06-10 09:42:24,2551.55,278879
2021-06-10 09:42:25,2551.55,278879
2021-06-10 09:42:26,2551.0,278882
2021-06-10 09:42:27,2551.0,278882
2021-06-10 09:42:29,2550.15,278902
2021-06-10 09:42:30,2550.15,278902
2021-06-10 09:42:31,2551.0,278932
2021-06-10 09:42:32,2551.0,279861
2021-06-10 09:42:33,2551.2,279862
2021-06-10 09:42:34,2551.2,279862
2021-06-10 09:42:34,2551.2,279862
2021-06-10 09:42:35,2551.2,279862
2021-06-10 09:42:36,2551.0,279962
2021-06-10 09:42:37,2551.0,279962
2021-06-10 09:42:39,2551.0,279962
2021-06-10 09:42:40,2551.35,280057
2021-06-10 09:42:42,2551.35,280110
2021-06-10 09:42:43,2552.25,281060
2021-06-10 09:42:44,2552.25,281060
2021-06-10 09:42:45,2552.4,281100
2021-06-10 09:42:45,2552.4,281100
2021-06-10 09:42:46,2552.4,281101
2021-06-10 09:42:47,2552.5,281541
2021-06-10 09:42:48,2552.5,281541
2021-06-10 09:42:50,2552.5,281541
2021-06-10 09:42:51,2552.5,281541
2021-06-10 09:42:52,2552.5,281541
2021-06-10 09:42:53,2552.1,282146
2021-06-10 09:42:53,2551.9,282316
2021-06-10 09:42:56,2551.35,282625
2021-06-10 09:42:58,2551.35,282625
2021-06-10 09:42:59,2551.35,282641
2021-06-10 09:43:00,2551.0,282910
2021-06-10 09:43:01,2551.15,283110
2021-06-10 09:43:01,2551.15,283110
2021-06-10 09:43:03,2551.15,283110
2021-06-10 09:43:05,2550.75,283240
2021-06-10 09:43:06,2550.75,283246
2021-06-10 09:43:07,2550.75,283247
2021-06-10 09:43:08,2550.0,283249
2021-06-10 09:43:09,2550.0,283249
2021-06-10 09:43:10,2550.0,283249
2021-06-10 09:43:10,2550.0,283274
2021-06-10 09:43:12,2550.0,283274
2021-06-10 09:43:12,2550.0,283274
2021-06-10 09:43:14,2550.0,283274
2021-06-10 09:43:15,2550.55,283479
2021-06-10 09:43:16,2550.6,283516
2021-06-10 09:43:17,2550.4,283965
2021-06-10 09:43:18,2550.4,283965
2021-06-10 09:43:19,2550.4,283965
2021-06-10 09:43:20,2550.0,284721
2021-06-10 09:43:21,2549.85,284842
2021-06-10 09:43:22,2549.85,284842
2021-06-10 09:43:23,2549.85,284842
2021-06-10 09:43:24,2549.85,284842
2021-06-10 09:43:26,2549.95,284990
2021-06-10 09:43:27,2549.85,285091
2021-06-10 09:43:28,2549.75,285390
2021-06-10 09:43:29,2549.35,285404
2021-06-10 09:43:29,2549.65,285406
2021-06-10 09:43:31,2549.35,285418
2021-06-10 09:43:33,2549.65,285420
2021-06-10 09:43:34,2549.65,285570
2021-06-10 09:43:34,2549.6,285622
2021-06-10 09:43:35,2549.95,285647
2021-06-10 09:43:37,2549.5,285652
2021-06-10 09:43:38,2549.5,285732
2021-06-10 09:43:40,2549.4,285819
2021-06-10 09:43:40,2549.5,285879
2021-06-10 09:43:43,2549.9,285929
2021-06-10 09:43:44,2549.4,285934
2021-06-10 09:43:45,2549.5,286004
2021-06-10 09:43:46,2549.4,286142
2021-06-10 09:43:47,2549.4,286142
2021-06-10 09:43:49,2549.5,286203
2021-06-10 09:43:50,2549.5,286203
2021-06-10 09:43:51,2549.5,286218
2021-06-10 09:43:52,2549.1,287008
2021-06-10 09:43:52,2549.1,287008
2021-06-10 09:43:53,2549.05,287176
2021-06-10 09:43:54,2549.0,287420
2021-06-10 09:43:55,2548.7,288062
2021-06-10 09:43:57,2548.7,288062
2021-06-10 09:43:58,2547.45,288787
2021-06-10 09:43:59,2547.3,288829
2021-06-10 09:44:00,2547.3,288848
2021-06-10 09:44:01,2547.3,288848
2021-06-10 09:44:02,2547.3,288848
2021-06-10 09:44:03,2548.05,288849
2021-06-10 09:44:04,2547.1,288949
2021-06-10 09:44:05,2547.15,288955
2021-06-10 09:44:05,2547.15,288955
2021-06-10 09:44:08,2547.15,289068
2021-06-10 09:44:08,2547.95,289078
2021-06-10 09:44:10,2547.95,289166
2021-06-10 09:44:11,2548.9,289232
2021-06-10 09:44:12,2549.0,289441
2021-06-10 09:44:13,2549.0,289451
2021-06-10 09:44:14,2549.0,289451
2021-06-10 09:44:15,2549.0,289451
2021-06-10 09:44:15,2549.0,289451
2021-06-10 09:44:16,2549.0,289451
2021-06-10 09:44:18,2549.0,289451
2021-06-10 09:44:19,2549.0,289451
2021-06-10 09:44:20,2548.3,289561
2021-06-10 09:44:21,2548.3,289561
2021-06-10 09:44:22,2547.5,290061
2021-06-10 09:44:23,2548.05,290068
2021-06-10 09:44:24,2548.05,290068
2021-06-10 09:44:26,2548.05,290068
2021-06-10 09:44:27,2548.05,290068
2021-06-10 09:44:28,2548.3,290070
2021-06-10 09:44:28,2548.3,290070
2021-06-10 09:44:29,2548.3,290070
2021-06-10 09:44:31,2548.3,290071
2021-06-10 09:44:32,2548.3,290071
2021-06-10 09:44:33,2548.3,290073
2021-06-10 09:44:34,2548.7,290078
2021-06-10 09:44:34,2548.1,290160
2021-06-10 09:44:36,2548.3,290220
2021-06-10 09:44:37,2548.7,290242
2021-06-10 09:44:38,2548.7,290242
2021-06-10 09:44:39,2548.7,290243
2021-06-10 09:44:40,2548.7,290253
2021-06-10 09:44:41,2548.7,290254
2021-06-10 09:44:41,2548.7,290253
2021-06-10 09:44:43,2548.3,290256
2021-06-10 09:44:44,2548.3,290256
2021-06-10 09:44:45,2548.7,290257
2021-06-10 09:44:46,2548.7,290257
2021-06-10 09:44:47,2548.3,290258
2021-06-10 09:44:49,2548.3,290258
2021-06-10 09:44:50,2548.7,290394
2021-06-10 09:44:51,2548.7,290394
2021-06-10 09:44:52,2548.7,290394
2021-06-10 09:44:53,2548.7,290397
2021-06-10 09:44:54,2548.7,290397
2021-06-10 09:44:55,2548.7,290397
2021-06-10 09:44:56,2548.7,290397
2021-06-10 09:44:57,2548.6,290398
2021-06-10 09:44:58,2548.3,290399
2021-06-10 09:44:59,2548.3,290400
2021-06-10 09:45:00,2548.3,290400
2021-06-10 09:45:01,2548.3,290400
2021-06-10 09:45:02,2548.7,290603
2021-06-10 09:45:03,2548.7,290603
2021-06-10 09:45:04,2548.7,290603
2021-06-10 09:45:05,2548.7,290603
2021-06-10 09:45:06,2548.7,290603
2021-06-10 09:45:07,2548.7,290603
2021-06-10 09:45:08,2549.5,290613
2021-06-10 09:45:09,2549.5,290616
2021-06-10 09:45:10,2549.5,290616
2021-06-10 09:45:11,2549.5,290616
2021-06-10 09:45:12,2549.5,290618
2021-06-10 09:45:13,2549.5,290618
2021-06-10 09:45:14,2549.0,290627
2021-06-10 09:45:17,2549.5,290711
2021-06-10 09:45:18,2549.5,290711
2021-06-10 09:45:19,2549.5,290713
2021-06-10 09:45:22,2549.9,290964
2021-06-10 09:45:23,2549.9,290983
2021-06-10 09:45:24,2550.25,291133
2021-06-10 09:45:25,2550.25,291133
2021-06-10 09:45:26,2550.25,291133
2021-06-10 09:45:28,2550.25,291466
2021-06-10 09:45:27,2550.25,291466
2021-06-10 09:45:29,2550.25,291466
2021-06-10 09:45:30,2551.15,291478
2021-06-10 09:45:31,2551.05,291479
2021-06-10 09:45:32,2551.15,291480
2021-06-10 09:45:33,2551.05,291491
2021-06-10 09:45:34,2551.0,291581
2021-06-10 09:45:35,2551.05,291584
2021-06-10 09:45:36,2551.15,291598
2021-06-10 09:45:37,2551.05,291601
2021-06-10 09:45:38,2551.05,291601
2021-06-10 09:45:39,2551.05,291601
2021-06-10 09:45:40,2551.0,291602
2021-06-10 09:45:41,2551.0,291627
2021-06-10 09:45:42,2551.2,291781
2021-06-10 09:45:43,2551.2,291797
2021-06-10 09:45:44,2551.65,291798
2021-06-10 09:45:45,2552.0,291964
2021-06-10 09:45:46,2552.0,292035
2021-06-10 09:45:47,2551.9,292067
2021-06-10 09:45:48,2551.9,292067
2021-06-10 09:45:49,2551.9,292068
2021-06-10 09:45:50,2551.9,292068
2021-06-10 09:45:51,2551.9,292068
2021-06-10 09:45:52,2551.9,292068
2021-06-10 09:45:53,2551.9,292123
2021-06-10 09:45:54,2552.0,292268
2021-06-10 09:45:55,2552.0,292278
2021-06-10 09:45:57,2552.0,292278
2021-06-10 09:45:58,2552.0,292278
2021-06-10 09:45:59,2552.0,292278
2021-06-10 09:46:00,2552.0,292322
2021-06-10 09:46:01,2552.0,292823
2021-06-10 09:46:02,2552.4,292824
2021-06-10 09:46:03,2552.0,292825
2021-06-10 09:46:04,2552.0,292825
2021-06-10 09:46:06,2552.0,292829
2021-06-10 09:46:05,2552.0,292829
2021-06-10 09:46:07,2552.35,294886
2021-06-10 09:46:08,2552.35,294886
2021-06-10 09:46:09,2551.75,294976
2021-06-10 09:46:10,2552.05,295011
2021-06-10 09:46:11,2552.0,295629
2021-06-10 09:46:12,2551.8,295791
2021-06-10 09:46:13,2551.8,295791
2021-06-10 09:46:14,2551.95,295816
2021-06-10 09:46:15,2551.95,295816
2021-06-10 09:46:16,2551.15,296264
2021-06-10 09:46:18,2551.0,296417
2021-06-10 09:46:17,2551.0,296417
2021-06-10 09:46:19,2551.0,296417
2021-06-10 09:46:20,2550.85,296758
2021-06-10 09:46:21,2550.5,296936
2021-06-10 09:46:22,2550.75,296941
2021-06-10 09:46:23,2550.75,296941
2021-06-10 09:46:24,2550.3,297087
2021-06-10 09:46:25,2550.25,297290
2021-06-10 09:46:26,2550.25,297290
2021-06-10 09:46:27,2550.1,297305
2021-06-10 09:46:28,2550.0,297478
2021-06-10 09:46:29,2550.0,297478
2021-06-10 09:46:31,2549.85,297482
2021-06-10 09:46:32,2549.85,297482
2021-06-10 09:46:33,2549.85,297482
2021-06-10 09:46:34,2549.55,297503
2021-06-10 09:46:35,2549.55,297503
2021-06-10 09:46:36,2549.55,297503
2021-06-10 09:46:38,2549.05,297505
2021-06-10 09:46:39,2549.05,297505
2021-06-10 09:46:40,2549.05,297505
2021-06-10 09:46:41,2549.05,297644
2021-06-10 09:46:42,2549.3,297844
2021-06-10 09:46:43,2549.45,297944
2021-06-10 09:46:44,2549.05,297997
2021-06-10 09:46:45,2549.05,297997
2021-06-10 09:46:46,2549.05,297997
2021-06-10 09:46:47,2549.4,298004
2021-06-10 09:46:48,2549.4,298004
2021-06-10 09:46:49,2549.4,298004
2021-06-10 09:46:50,2549.4,298004
2021-06-10 09:46:51,2549.4,298004
2021-06-10 09:46:52,2548.85,298438
2021-06-10 09:46:53,2549.0,298439
2021-06-10 09:46:54,2549.0,298439
2021-06-10 09:46:55,2549.0,298449
2021-06-10 09:46:56,2548.5,298480
2021-06-10 09:46:57,2548.7,298512
2021-06-10 09:46:58,2548.9,298525
2021-06-10 09:46:59,2548.9,298525
2021-06-10 09:47:00,2549.4,300562
2021-06-10 09:47:01,2549.4,300562
2021-06-10 09:47:02,2550.0,300567
2021-06-10 09:47:03,2550.0,300574
2021-06-10 09:47:04,2550.0,300574
2021-06-10 09:47:05,2549.35,300575
2021-06-10 09:47:06,2549.5,300576
2021-06-10 09:47:07,2549.5,300576
2021-06-10 09:47:08,2549.5,300576
2021-06-10 09:47:09,2549.4,300586
2021-06-10 09:47:11,2549.45,300644
2021-06-10 09:47:12,2549.45,300644
2021-06-10 09:47:13,2549.4,300646
2021-06-10 09:47:15,2549.25,301346
2021-06-10 09:47:16,2549.4,301347
2021-06-10 09:47:16,2549.4,301347
2021-06-10 09:47:17,2549.25,301559
2021-06-10 09:47:18,2549.25,301663
2021-06-10 09:47:19,2549.0,302120
2021-06-10 09:47:20,2549.25,302229
2021-06-10 09:47:21,2549.25,302229
2021-06-10 09:47:22,2549.25,302229
2021-06-10 09:47:23,2548.5,302620
2021-06-10 09:47:24,2548.5,302620
2021-06-10 09:47:25,2548.4,302722
2021-06-10 09:47:27,2548.4,302722
2021-06-10 09:47:27,2548.4,302722
2021-06-10 09:47:28,2548.4,302829
2021-06-10 09:47:29,2548.4,302829
2021-06-10 09:47:30,2548.35,302835
2021-06-10 09:47:31,2548.05,302844
2021-06-10 09:47:32,2548.2,302920
2021-06-10 09:47:33,2548.05,302922
2021-06-10 09:47:35,2548.2,302963
2021-06-10 09:47:37,2547.9,303403
2021-06-10 09:47:37,2547.9,303403
2021-06-10 09:47:38,2547.9,303403
2021-06-10 09:47:39,2547.9,303469
2021-06-10 09:47:40,2548.15,304170
2021-06-10 09:47:41,2548.15,304170
2021-06-10 09:47:43,2548.1,304366
2021-06-10 09:47:44,2548.1,304366
2021-06-10 09:47:45,2548.1,304367
2021-06-10 09:47:47,2548.1,304367
2021-06-10 09:47:47,2548.1,304367
2021-06-10 09:47:48,2548.1,304367
2021-06-10 09:47:49,2548.05,304377
2021-06-10 09:47:50,2548.3,304620
2021-06-10 09:47:51,2548.3,304621
2021-06-10 09:47:52,2549.05,304722
2021-06-10 09:47:54,2549.0,304723
2021-06-10 09:47:54,2549.0,304723
2021-06-10 09:47:55,2548.05,304823
2021-06-10 09:47:56,2548.5,304824
2021-06-10 09:47:57,2548.5,304824
2021-06-10 09:47:58,2548.05,305344
2021-06-10 09:47:59,2548.05,305344
2021-06-10 09:48:00,2547.9,305699
2021-06-10 09:48:01,2547.85,305716
2021-06-10 09:48:02,2547.7,305842
2021-06-10 09:48:03,2547.5,305843
2021-06-10 09:48:05,2547.7,305872
2021-06-10 09:48:06,2547.7,305873
2021-06-10 09:48:07,2547.55,306186
2021-06-10 09:48:08,2547.2,306543
2021-06-10 09:48:09,2547.05,306843
2021-06-10 09:48:10,2547.5,306943
2021-06-10 09:48:11,2547.45,306956
2021-06-10 09:48:12,2547.05,307069
2021-06-10 09:48:13,2547.05,307192
2021-06-10 09:48:14,2547.05,307192
2021-06-10 09:48:16,2547.05,307192
2021-06-10 09:48:16,2547.05,307192
2021-06-10 09:48:17,2547.05,307293
2021-06-10 09:48:18,2547.05,307316
2021-06-10 09:48:19,2547.1,307415
2021-06-10 09:48:20,2547.05,307550
2021-06-10 09:48:21,2547.05,307700
2021-06-10 09:48:23,2547.0,307773
2021-06-10 09:48:23,2547.0,307775
2021-06-10 09:48:25,2546.8,309082
2021-06-10 09:48:25,2546.75,309232
2021-06-10 09:48:26,2546.35,310185
2021-06-10 09:48:27,2545.3,310250
2021-06-10 09:48:28,2546.65,310698
2021-06-10 09:48:29,2547.2,310807
2021-06-10 09:48:30,2547.1,310824
2021-06-10 09:48:32,2547.1,310824
2021-06-10 09:48:33,2546.75,310849
2021-06-10 09:48:34,2547.2,311050
2021-06-10 09:48:35,2547.05,311060
2021-06-10 09:48:36,2547.15,311062
2021-06-10 09:48:37,2547.15,311102
2021-06-10 09:48:38,2546.55,311170
2021-06-10 09:48:39,2546.55,311170
2021-06-10 09:48:40,2546.7,311171
2021-06-10 09:48:41,2546.7,311171
2021-06-10 09:48:43,2546.7,311179
2021-06-10 09:48:44,2546.6,311186
2021-06-10 09:48:45,2546.6,311190
2021-06-10 09:48:46,2546.6,311190
2021-06-10 09:48:46,2546.6,311190
2021-06-10 09:48:47,2546.6,311190
2021-06-10 09:48:48,2546.7,311205
2021-06-10 09:48:49,2546.65,311210
2021-06-10 09:48:50,2546.65,311210
2021-06-10 09:48:53,2546.6,311347
2021-06-10 09:48:54,2546.6,311347
2021-06-10 09:48:55,2546.65,311452
2021-06-10 09:48:57,2546.65,311496
2021-06-10 09:48:57,2547.0,311503
2021-06-10 09:48:58,2547.0,311503
2021-06-10 09:48:59,2547.0,311513
2021-06-10 09:49:00,2547.0,311513
2021-06-10 09:49:02,2547.0,311599
2021-06-10 09:49:05,2547.15,311762
2021-06-10 09:49:06,2547.15,311762
2021-06-10 09:49:07,2547.15,311762
2021-06-10 09:49:08,2547.45,311946
2021-06-10 09:49:09,2547.2,312019
2021-06-10 09:49:10,2547.2,312020
2021-06-10 09:49:11,2546.9,312247
2021-06-10 09:49:13,2546.9,312247
2021-06-10 09:49:14,2547.0,312248
2021-06-10 09:49:15,2547.0,312380
2021-06-10 09:49:16,2546.75,313256
2021-06-10 09:49:17,2547.0,313257
2021-06-10 09:49:18,2547.0,313257
2021-06-10 09:49:19,2546.75,313353
2021-06-10 09:49:20,2546.7,313454
2021-06-10 09:49:21,2546.6,313754
2021-06-10 09:49:22,2546.75,313904
2021-06-10 09:49:24,2546.0,313929
2021-06-10 09:49:25,2546.0,313929
2021-06-10 09:49:25,2546.5,313983
2021-06-10 09:49:26,2546.0,314083
2021-06-10 09:49:27,2546.0,314083
2021-06-10 09:49:29,2546.5,314249
2021-06-10 09:49:30,2546.5,314251
2021-06-10 09:49:30,2546.5,314249
2021-06-10 09:49:32,2546.0,314261
2021-06-10 09:49:33,2546.0,314276
2021-06-10 09:49:36,2546.0,314491
2021-06-10 09:49:37,2546.0,314491
2021-06-10 09:49:38,2546.0,314517
2021-06-10 09:49:39,2546.4,314618
2021-06-10 09:49:40,2546.4,314658
2021-06-10 09:49:41,2546.4,314738
2021-06-10 09:49:42,2546.5,314795
2021-06-10 09:49:44,2546.4,314827
2021-06-10 09:49:45,2546.7,315200
2021-06-10 09:49:46,2546.2,315277
2021-06-10 09:49:47,2546.2,315278
2021-06-10 09:49:48,2546.2,315278
2021-06-10 09:49:49,2546.4,315282
2021-06-10 09:49:50,2546.4,315282
2021-06-10 09:49:51,2546.9,315284
2021-06-10 09:49:52,2546.8,315289
2021-06-10 09:49:53,2546.4,315375
2021-06-10 09:49:54,2546.5,315376
2021-06-10 09:49:55,2546.7,315479
2021-06-10 09:49:56,2546.7,315479
2021-06-10 09:49:58,2546.45,316288
2021-06-10 09:49:59,2546.4,316299
2021-06-10 09:50:00,2546.4,316578
2021-06-10 09:50:01,2546.25,316952
2021-06-10 09:50:01,2546.45,316922
2021-06-10 09:50:02,2546.05,317309
2021-06-10 09:50:03,2546.05,317309
2021-06-10 09:50:04,2546.2,317337
2021-06-10 09:50:05,2546.1,317340
2021-06-10 09:50:06,2546.1,317340
2021-06-10 09:50:07,2546.05,317359
2021-06-10 09:50:08,2546.05,317359
2021-06-10 09:50:09,2546.05,317359
2021-06-10 09:50:10,2546.05,317559
2021-06-10 09:50:11,2545.9,317859
2021-06-10 09:50:12,2545.9,317859
2021-06-10 09:50:13,2545.9,318352
2021-06-10 09:50:14,2545.9,318352
2021-06-10 09:50:15,2546.25,318868
2021-06-10 09:50:16,2546.55,319192
2021-06-10 09:50:17,2546.55,319192
2021-06-10 09:50:18,2546.55,319192
2021-06-10 09:50:19,2546.5,319197
2021-06-10 09:50:20,2546.5,319197
2021-06-10 09:50:21,2546.5,319197
2021-06-10 09:50:24,2546.5,319225
2021-06-10 09:50:26,2546.05,319232
2021-06-10 09:50:27,2546.05,319260
2021-06-10 09:50:27,2546.05,319260
2021-06-10 09:50:28,2546.05,319260
2021-06-10 09:50:29,2546.45,319310
2021-06-10 09:50:30,2546.5,319345
2021-06-10 09:50:31,2546.1,319380
2021-06-10 09:50:32,2546.1,319380
2021-06-10 09:50:33,2546.1,319491
2021-06-10 09:50:37,2546.5,319533
2021-06-10 09:50:37,2546.5,319533
2021-06-10 09:50:38,2546.5,319533
2021-06-10 09:50:39,2546.3,319564
2021-06-10 09:50:40,2546.3,319564
2021-06-10 09:50:41,2546.4,319595
2021-06-10 09:50:42,2546.5,319605
2021-06-10 09:50:43,2546.5,319605
2021-06-10 09:50:44,2546.35,319706
2021-06-10 09:50:46,2546.5,319805
2021-06-10 09:50:47,2546.5,319805
2021-06-10 09:50:48,2546.5,319805
2021-06-10 09:50:48,2546.5,319805
2021-06-10 09:50:51,2546.5,319805
2021-06-10 09:50:51,2546.5,319805
2021-06-10 09:50:52,2546.5,319857
2021-06-10 09:50:54,2546.9,319927
2021-06-10 09:50:55,2546.9,319927
2021-06-10 09:50:55,2546.9,319927
2021-06-10 09:50:56,2546.35,319942
2021-06-10 09:50:57,2546.35,319942
2021-06-10 09:50:58,2546.35,319942
2021-06-10 09:50:59,2547.0,319972
2021-06-10 09:51:00,2547.2,320073
2021-06-10 09:51:01,2547.2,320073
2021-06-10 09:51:02,2547.15,320141
2021-06-10 09:51:03,2547.15,320141
2021-06-10 09:51:04,2547.15,320141
2021-06-10 09:51:05,2547.15,320141
2021-06-10 09:51:06,2547.0,320160
2021-06-10 09:51:08,2546.5,320170
2021-06-10 09:51:08,2547.0,320171
2021-06-10 09:51:10,2547.0,320171
2021-06-10 09:51:11,2547.0,320198
2021-06-10 09:51:12,2547.0,320199
2021-06-10 09:51:13,2546.5,320202
2021-06-10 09:51:15,2546.75,320214
2021-06-10 09:51:16,2546.75,320214
2021-06-10 09:51:17,2546.5,321178
2021-06-10 09:51:19,2546.5,321191
2021-06-10 09:51:20,2546.5,321468
2021-06-10 09:51:23,2546.45,321962
2021-06-10 09:51:24,2546.45,321967
2021-06-10 09:51:25,2546.45,321967
2021-06-10 09:51:27,2546.4,322043
2021-06-10 09:51:27,2546.4,322043
2021-06-10 09:51:28,2546.45,322053
2021-06-10 09:51:29,2546.35,322601
2021-06-10 09:51:30,2546.3,322618
2021-06-10 09:51:32,2546.0,322815
2021-06-10 09:51:33,2545.0,323897
2021-06-10 09:51:34,2545.05,323908
2021-06-10 09:51:35,2545.75,324044
2021-06-10 09:51:36,2545.75,324079
2021-06-10 09:51:37,2545.2,324129
2021-06-10 09:51:37,2545.2,324129
2021-06-10 09:51:38,2545.2,324129
2021-06-10 09:51:39,2545.15,324150
2021-06-10 09:51:40,2545.9,324190
2021-06-10 09:51:43,2545.9,324231
2021-06-10 09:51:44,2545.0,324331
2021-06-10 09:51:45,2545.9,324381
2021-06-10 09:51:46,2545.85,324455
2021-06-10 09:51:47,2545.9,324496
2021-06-10 09:51:47,2545.9,324496
2021-06-10 09:51:48,2545.9,324505
2021-06-10 09:51:49,2545.9,324609
2021-06-10 09:51:50,2545.9,324609
2021-06-10 09:51:51,2546.4,324726
2021-06-10 09:51:53,2546.5,324738
2021-06-10 09:51:54,2546.35,324739
2021-06-10 09:51:55,2546.4,324743
2021-06-10 09:51:56,2546.5,324749
2021-06-10 09:51:57,2545.5,324759
2021-06-10 09:51:58,2546.3,324760
2021-06-10 09:51:59,2546.35,324795
2021-06-10 09:52:00,2545.8,325134
2021-06-10 09:52:01,2545.7,325234
2021-06-10 09:52:03,2545.7,325234
2021-06-10 09:52:04,2545.7,325234
2021-06-10 09:52:05,2545.7,325234
2021-06-10 09:52:06,2545.7,325236
2021-06-10 09:52:07,2546.1,325253
2021-06-10 09:52:08,2546.1,325253
2021-06-10 09:52:08,2546.1,325253
2021-06-10 09:52:10,2546.1,325253
2021-06-10 09:52:11,2546.1,325253
2021-06-10 09:52:12,2545.7,325298
2021-06-10 09:52:13,2545.9,325305
2021-06-10 09:52:14,2545.9,325407
2021-06-10 09:52:15,2545.9,325408
2021-06-10 09:52:16,2545.8,325708
2021-06-10 09:52:17,2545.8,325713
2021-06-10 09:52:19,2545.9,325725
2021-06-10 09:52:20,2545.9,325726
2021-06-10 09:52:21,2545.9,325761
2021-06-10 09:52:22,2545.9,325761
2021-06-10 09:52:23,2545.9,325762
2021-06-10 09:52:24,2545.9,325772
2021-06-10 09:52:24,2545.9,325772
2021-06-10 09:52:25,2545.9,325772
2021-06-10 09:52:26,2545.9,325779
2021-06-10 09:52:27,2545.9,325856
2021-06-10 09:52:28,2545.8,326256
2021-06-10 09:52:30,2545.8,326268
2021-06-10 09:52:31,2545.8,326275
2021-06-10 09:52:32,2545.8,326285
2021-06-10 09:52:32,2546.3,326410
2021-06-10 09:52:33,2546.2,326797
2021-06-10 09:52:34,2545.8,326799
2021-06-10 09:52:35,2546.5,326802
2021-06-10 09:52:36,2546.5,326802
2021-06-10 09:52:37,2546.5,326827
2021-06-10 09:52:38,2546.5,326841
2021-06-10 09:52:40,2545.8,326948
2021-06-10 09:52:42,2545.8,326948
2021-06-10 09:52:43,2545.8,326958
2021-06-10 09:52:44,2545.8,326958
2021-06-10 09:52:45,2545.8,326958
2021-06-10 09:52:46,2545.8,326959
2021-06-10 09:52:47,2545.8,326967
2021-06-10 09:52:48,2546.45,326969
2021-06-10 09:52:49,2546.45,326969
2021-06-10 09:52:51,2546.45,326973
2021-06-10 09:52:53,2545.8,326975
2021-06-10 09:52:54,2546.4,326978
2021-06-10 09:52:55,2545.8,327023
2021-06-10 09:52:56,2546.4,327044
2021-06-10 09:52:57,2546.4,327044
2021-06-10 09:52:58,2546.4,327044
2021-06-10 09:52:59,2545.85,327054
2021-06-10 09:53:00,2545.85,327054
2021-06-10 09:53:01,2545.95,327064
2021-06-10 09:53:02,2546.35,327069
2021-06-10 09:53:03,2546.4,327170
2021-06-10 09:53:04,2546.35,327180
2021-06-10 09:53:05,2546.2,327284
2021-06-10 09:53:06,2546.2,327284
2021-06-10 09:53:07,2546.2,327284
2021-06-10 09:53:08,2546.2,327284
2021-06-10 09:53:09,2546.2,327317
2021-06-10 09:53:09,2546.2,327317
2021-06-10 09:53:10,2546.35,327642
2021-06-10 09:53:11,2546.35,327642
2021-06-10 09:53:13,2546.4,327672
2021-06-10 09:53:14,2546.5,327722
2021-06-10 09:53:15,2546.4,328417
2021-06-10 09:53:16,2546.4,328417
2021-06-10 09:53:17,2546.4,328417
2021-06-10 09:53:18,2546.5,328422
2021-06-10 09:53:19,2546.95,328536
2021-06-10 09:53:20,2546.45,328623
2021-06-10 09:53:21,2546.9,328748
2021-06-10 09:53:22,2546.9,328748
2021-06-10 09:53:23,2546.75,328823
2021-06-10 09:53:25,2546.75,328823
2021-06-10 09:53:26,2546.55,328843
2021-06-10 09:53:27,2547.45,329013
2021-06-10 09:53:28,2547.0,329073
2021-06-10 09:53:29,2547.0,329207
2021-06-10 09:53:29,2547.0,329207
2021-06-10 09:53:30,2547.0,329209
2021-06-10 09:53:32,2547.0,329214
2021-06-10 09:53:33,2546.55,329361
2021-06-10 09:53:34,2546.55,329361
2021-06-10 09:53:35,2547.75,329493
2021-06-10 09:53:36,2547.9,329550
2021-06-10 09:53:37,2547.9,329554
2021-06-10 09:53:40,2547.15,329727
2021-06-10 09:53:41,2547.15,329727
2021-06-10 09:53:42,2547.15,329727
2021-06-10 09:53:43,2547.9,329806
2021-06-10 09:53:44,2547.9,329854
2021-06-10 09:53:45,2547.9,329854
2021-06-10 09:53:45,2547.9,329854
2021-06-10 09:53:47,2547.75,329993
2021-06-10 09:53:48,2547.75,329993
2021-06-10 09:53:50,2547.5,329994
2021-06-10 09:53:51,2547.8,330262
2021-06-10 09:53:53,2548.2,330794
2021-06-10 09:53:54,2547.2,330940
2021-06-10 09:53:55,2548.2,330945
2021-06-10 09:53:56,2548.25,330955
2021-06-10 09:53:57,2548.45,330959
2021-06-10 09:53:58,2548.45,330959
2021-06-10 09:53:59,2548.4,331019
2021-06-10 09:54:00,2547.9,331048
2021-06-10 09:54:01,2548.4,331078
2021-06-10 09:54:02,2548.4,331189
2021-06-10 09:54:03,2548.4,331249
2021-06-10 09:54:04,2548.3,331320
2021-06-10 09:54:05,2548.3,331320
2021-06-10 09:54:06,2547.8,331964
2021-06-10 09:54:06,2547.8,331964
2021-06-10 09:54:08,2547.8,331964
2021-06-10 09:54:10,2547.8,331964
2021-06-10 09:54:11,2547.8,331964
2021-06-10 09:54:12,2547.8,331964
2021-06-10 09:54:13,2547.8,331964
2021-06-10 09:54:15,2548.25,331984
2021-06-10 09:54:15,2548.3,332284
2021-06-10 09:54:17,2548.3,332285
2021-06-10 09:54:18,2547.85,333367
2021-06-10 09:54:19,2547.85,333367
2021-06-10 09:54:20,2547.85,333367
2021-06-10 09:54:21,2548.3,333368
2021-06-10 09:54:22,2548.8,333369
2021-06-10 09:54:23,2548.0,334806
2021-06-10 09:54:23,2548.2,334807
2021-06-10 09:54:24,2547.8,335019
2021-06-10 09:54:25,2548.2,335044
2021-06-10 09:54:26,2548.2,335222
2021-06-10 09:54:27,2548.2,335231
2021-06-10 09:54:28,2547.55,335400
2021-06-10 09:54:29,2548.05,335403
2021-06-10 09:54:31,2548.05,335403
2021-06-10 09:54:32,2548.05,335403
2021-06-10 09:54:33,2548.05,335403
2021-06-10 09:54:34,2547.7,335406
2021-06-10 09:54:35,2547.85,335492
2021-06-10 09:54:36,2548.05,335548
2021-06-10 09:54:37,2547.85,335553
2021-06-10 09:54:38,2547.85,335553
2021-06-10 09:54:39,2547.85,335553
2021-06-10 09:54:40,2547.85,335553
2021-06-10 09:54:41,2547.95,335554
2021-06-10 09:54:42,2547.95,335604
2021-06-10 09:54:43,2547.95,335604
2021-06-10 09:54:43,2547.95,335604
2021-06-10 09:54:44,2547.8,335704
2021-06-10 09:54:45,2547.8,335704
2021-06-10 09:54:47,2547.8,335704
2021-06-10 09:54:49,2547.65,336353
2021-06-10 09:54:50,2547.65,336354
2021-06-10 09:54:51,2547.75,336355
2021-06-10 09:54:53,2547.5,336405
2021-06-10 09:54:54,2547.6,336459
2021-06-10 09:54:55,2547.75,336460
2021-06-10 09:54:56,2547.75,336460
2021-06-10 09:54:57,2547.75,336460
2021-06-10 09:54:58,2547.75,336460
2021-06-10 09:54:59,2547.75,336460
2021-06-10 09:55:00,2547.75,336480
2021-06-10 09:55:02,2548.15,336738
2021-06-10 09:55:03,2547.55,336792
2021-06-10 09:55:05,2546.65,337492
2021-06-10 09:55:06,2547.9,337519
2021-06-10 09:55:07,2547.9,337519
2021-06-10 09:55:08,2547.9,337519
2021-06-10 09:55:08,2547.5,337569
2021-06-10 09:55:09,2547.45,337629
2021-06-10 09:55:10,2547.45,337679
2021-06-10 09:55:11,2547.45,337679
2021-06-10 09:55:12,2547.4,337680
2021-06-10 09:55:14,2547.4,337680
2021-06-10 09:55:15,2547.4,337680
2021-06-10 09:55:17,2547.4,337682
2021-06-10 09:55:17,2547.4,337682
2021-06-10 09:55:18,2547.45,338346
2021-06-10 09:55:20,2547.45,338346
2021-06-10 09:55:21,2547.45,338346
2021-06-10 09:55:23,2547.7,338421
2021-06-10 09:55:24,2546.75,338717
2021-06-10 09:55:25,2546.75,338760
2021-06-10 09:55:25,2546.75,338760
2021-06-10 09:55:27,2546.75,338760
2021-06-10 09:55:28,2547.25,338765
2021-06-10 09:55:29,2547.25,338765
2021-06-10 09:55:30,2547.45,338792
2021-06-10 09:55:31,2547.45,338792
2021-06-10 09:55:32,2547.45,338792
2021-06-10 09:55:33,2547.35,338884
2021-06-10 09:55:34,2547.35,338884
2021-06-10 09:55:35,2547.1,338892
2021-06-10 09:55:36,2547.1,338892
2021-06-10 09:55:37,2547.1,338892
2021-06-10 09:55:38,2547.8,338995
2021-06-10 09:55:39,2547.8,338995
2021-06-10 09:55:40,2547.35,339295
2021-06-10 09:55:41,2547.8,339339
2021-06-10 09:55:44,2547.35,339961
2021-06-10 09:55:45,2547.35,339961
2021-06-10 09:55:47,2547.35,339961
2021-06-10 09:55:46,2547.35,339961
2021-06-10 09:55:48,2547.35,339961
2021-06-10 09:55:49,2548.25,340192
2021-06-10 09:55:50,2547.05,340212
2021-06-10 09:55:51,2547.05,340212
2021-06-10 09:55:52,2547.05,340212
2021-06-10 09:55:53,2547.05,340212
2021-06-10 09:55:54,2547.3,340217
2021-06-10 09:55:55,2547.95,340237
2021-06-10 09:55:56,2547.95,340237
2021-06-10 09:55:58,2547.1,340248
2021-06-10 09:55:57,2547.1,340248
2021-06-10 09:55:59,2547.3,340249
2021-06-10 09:56:00,2547.1,340268
2021-06-10 09:56:01,2547.1,340268
2021-06-10 09:56:02,2547.1,340268
2021-06-10 09:56:03,2547.3,340280
2021-06-10 09:56:04,2547.3,340280
2021-06-10 09:56:05,2547.7,340394
2021-06-10 09:56:06,2547.7,340394
2021-06-10 09:56:07,2547.7,340394
2021-06-10 09:56:08,2547.7,340394
2021-06-10 09:56:09,2548.0,340404
2021-06-10 09:56:10,2548.0,340404
2021-06-10 09:56:11,2547.7,340558
2021-06-10 09:56:12,2547.7,340558
2021-06-10 09:56:13,2547.7,340558
2021-06-10 09:56:14,2547.7,340568
2021-06-10 09:56:15,2548.45,340652
2021-06-10 09:56:16,2548.45,340652
2021-06-10 09:56:17,2548.45,340652
2021-06-10 09:56:18,2547.7,340680
2021-06-10 09:56:19,2547.7,340696
2021-06-10 09:56:20,2548.4,340697
2021-06-10 09:56:21,2548.4,340697
2021-06-10 09:56:22,2548.4,340697
2021-06-10 09:56:23,2548.4,340700
2021-06-10 09:56:25,2548.4,340700
2021-06-10 09:56:26,2548.45,340701
2021-06-10 09:56:27,2548.45,340701
2021-06-10 09:56:28,2548.4,341001
2021-06-10 09:56:29,2548.45,341041
2021-06-10 09:56:30,2548.45,341041
2021-06-10 09:56:31,2548.45,341041
2021-06-10 09:56:33,2548.45,341042
2021-06-10 09:56:34,2548.45,341042
2021-06-10 09:56:35,2548.45,341042
2021-06-10 09:56:36,2548.65,341112
2021-06-10 09:56:37,2548.65,341112
2021-06-10 09:56:38,2548.4,341113
2021-06-10 09:56:39,2548.4,341113
2021-06-10 09:56:40,2548.65,341133
2021-06-10 09:56:41,2548.65,341133
2021-06-10 09:56:42,2548.65,341133
2021-06-10 09:56:43,2548.65,341133
2021-06-10 09:56:44,2548.65,341133
2021-06-10 09:56:45,2548.45,341148
2021-06-10 09:56:46,2548.65,341248
2021-06-10 09:56:47,2548.65,341253
2021-06-10 09:56:48,2548.65,341253
2021-06-10 09:56:49,2548.65,341257
2021-06-10 09:56:50,2548.45,341266
2021-06-10 09:56:51,2548.45,341266
2021-06-10 09:56:52,2548.45,341266
2021-06-10 09:56:53,2548.45,341275
2021-06-10 09:56:54,2548.45,341276
2021-06-10 09:56:55,2548.45,341276
2021-06-10 09:56:56,2548.45,341276
2021-06-10 09:56:57,2548.65,341297
2021-06-10 09:56:58,2548.65,341297
2021-06-10 09:56:59,2548.65,341297
2021-06-10 09:57:00,2548.65,341297
2021-06-10 09:57:02,2548.4,342562
2021-06-10 09:57:03,2548.4,342562
2021-06-10 09:57:04,2548.6,342577
2021-06-10 09:57:05,2548.6,342578
2021-06-10 09:57:06,2548.6,342578
2021-06-10 09:57:07,2548.6,342578
2021-06-10 09:57:08,2548.65,342730
2021-06-10 09:57:09,2548.4,342830
2021-06-10 09:57:10,2548.4,342830
2021-06-10 09:57:11,2548.4,342849
2021-06-10 09:57:12,2548.4,342849
2021-06-10 09:57:13,2548.4,343041
2021-06-10 09:57:14,2548.4,343041
2021-06-10 09:57:15,2548.4,343141
2021-06-10 09:57:16,2548.4,343141
2021-06-10 09:57:17,2548.4,343142
2021-06-10 09:57:18,2548.4,343142
2021-06-10 09:57:19,2548.6,343582
2021-06-10 09:57:20,2548.5,343607
2021-06-10 09:57:21,2548.5,343618
2021-06-10 09:57:22,2548.5,343669
2021-06-10 09:57:24,2548.25,343756
2021-06-10 09:57:25,2548.25,344056
2021-06-10 09:57:26,2548.25,344056
2021-06-10 09:57:27,2548.4,344197
2021-06-10 09:57:28,2548.4,344197
2021-06-10 09:57:30,2548.4,344197
2021-06-10 09:57:29,2548.4,344197
2021-06-10 09:57:31,2547.75,344332
2021-06-10 09:57:32,2547.75,344332
2021-06-10 09:57:33,2548.2,344338
2021-06-10 09:57:34,2548.25,344340
2021-06-10 09:57:35,2548.25,344340
2021-06-10 09:57:36,2548.25,344340
2021-06-10 09:57:37,2548.25,344340
2021-06-10 09:57:39,2548.25,344340
2021-06-10 09:57:40,2548.15,344343
2021-06-10 09:57:42,2548.15,344343
2021-06-10 09:57:41,2548.15,344343
2021-06-10 09:57:43,2548.15,344343
2021-06-10 09:57:44,2548.4,344373
2021-06-10 09:57:45,2548.4,344373
2021-06-10 09:57:46,2548.4,344373
2021-06-10 09:57:47,2548.4,344376
2021-06-10 09:57:48,2548.4,344376
2021-06-10 09:57:49,2548.4,344376
2021-06-10 09:57:50,2548.4,344406
2021-06-10 09:57:51,2548.4,344406
2021-06-10 09:57:52,2548.4,344406
2021-06-10 09:57:53,2548.4,344406
2021-06-10 09:57:54,2548.4,344408
2021-06-10 09:57:55,2548.4,344410
2021-06-10 09:57:56,2548.4,344410
2021-06-10 09:57:58,2548.4,344410
2021-06-10 09:57:59,2548.4,344434
2021-06-10 09:58:00,2548.3,344463
2021-06-10 09:58:00,2548.3,344463
2021-06-10 09:58:01,2548.4,344467
2021-06-10 09:58:02,2548.4,344467
2021-06-10 09:58:03,2548.25,345135
2021-06-10 09:58:05,2547.3,345436
2021-06-10 09:58:05,2547.2,345604
2021-06-10 09:58:06,2547.2,345606
2021-06-10 09:58:07,2547.2,345606
2021-06-10 09:58:08,2547.0,346197
2021-06-10 09:58:09,2547.0,346197
2021-06-10 09:58:11,2547.0,346297
2021-06-10 09:58:11,2547.0,346297
2021-06-10 09:58:12,2547.2,346347
2021-06-10 09:58:14,2547.0,346367
2021-06-10 09:58:16,2547.0,346367
2021-06-10 09:58:16,2547.0,346367
2021-06-10 09:58:17,2547.2,346387
2021-06-10 09:58:18,2547.2,346387
2021-06-10 09:58:21,2547.2,346387
2021-06-10 09:58:21,2547.2,346387
2021-06-10 09:58:22,2547.1,346487
2021-06-10 09:58:23,2547.2,346507
2021-06-10 09:58:24,2547.2,346507
2021-06-10 09:58:26,2547.2,346507
2021-06-10 09:58:27,2547.2,346507
2021-06-10 09:58:28,2547.2,346510
2021-06-10 09:58:28,2547.1,346679
2021-06-10 09:58:29,2547.1,346679
2021-06-10 09:58:30,2547.1,346679
2021-06-10 09:58:31,2547.1,346679
2021-06-10 09:58:32,2547.1,346679
2021-06-10 09:58:33,2547.1,346679
2021-06-10 09:58:36,2547.1,346700
2021-06-10 09:58:37,2547.15,346704
2021-06-10 09:58:38,2547.1,346740
2021-06-10 09:58:39,2547.1,346740
2021-06-10 09:58:40,2547.1,346740
2021-06-10 09:58:42,2547.1,346740
2021-06-10 09:58:42,2547.1,346740
2021-06-10 09:58:43,2547.15,346742
2021-06-10 09:58:44,2547.15,346742
2021-06-10 09:58:45,2547.1,346750
2021-06-10 09:58:47,2547.15,346760
2021-06-10 09:58:48,2547.1,346784
2021-06-10 09:58:49,2547.1,346784
2021-06-10 09:58:50,2547.1,346784
2021-06-10 09:58:52,2547.1,346787
2021-06-10 09:58:52,2547.1,346786
2021-06-10 09:58:54,2547.1,346801
2021-06-10 09:58:55,2547.1,346804
2021-06-10 09:58:56,2547.1,346827
2021-06-10 09:58:57,2547.15,346833
2021-06-10 09:58:58,2547.1,346837
2021-06-10 09:58:59,2547.1,346839
2021-06-10 09:59:01,2547.05,347808
2021-06-10 09:59:01,2547.05,347808
2021-06-10 09:59:03,2546.35,348847
2021-06-10 09:59:04,2546.45,348853
2021-06-10 09:59:05,2546.25,349088
2021-06-10 09:59:07,2546.05,349388
2021-06-10 09:59:07,2546.05,349388
2021-06-10 09:59:08,2546.45,349489
2021-06-10 09:59:09,2546.45,349531
2021-06-10 09:59:10,2546.1,349534
2021-06-10 09:59:11,2546.1,349534
2021-06-10 09:59:12,2547.15,349641
2021-06-10 09:59:13,2547.05,349688
2021-06-10 09:59:14,2547.05,349688
2021-06-10 09:59:16,2547.1,349953
2021-06-10 09:59:16,2547.1,349953
2021-06-10 09:59:17,2546.2,350434
2021-06-10 09:59:19,2546.25,351390
2021-06-10 09:59:20,2545.75,351487
2021-06-10 09:59:21,2546.4,351497
2021-06-10 09:59:22,2546.25,351507
2021-06-10 09:59:24,2546.2,351547
2021-06-10 09:59:25,2546.2,351547
2021-06-10 09:59:25,2546.2,351547
2021-06-10 09:59:26,2546.4,351569
2021-06-10 09:59:27,2546.4,351569
2021-06-10 09:59:29,2546.15,351610
2021-06-10 09:59:30,2546.4,351631
2021-06-10 09:59:31,2546.4,351631
2021-06-10 09:59:33,2546.4,351651
2021-06-10 09:59:33,2546.4,351651
2021-06-10 09:59:34,2546.4,351651
2021-06-10 09:59:35,2546.4,351651
2021-06-10 09:59:36,2546.25,351656
2021-06-10 09:59:37,2546.25,351666
2021-06-10 09:59:38,2546.2,351686
2021-06-10 09:59:39,2546.2,351687
2021-06-10 09:59:40,2546.2,351687
2021-06-10 09:59:42,2546.15,351694
2021-06-10 09:59:42,2546.15,351694
2021-06-10 09:59:43,2546.15,351694
2021-06-10 09:59:44,2546.0,351695
2021-06-10 09:59:45,2545.75,352037
2021-06-10 09:59:46,2546.15,352179
2021-06-10 09:59:48,2545.8,352188
2021-06-10 09:59:49,2545.8,352188
2021-06-10 09:59:50,2545.8,352201
2021-06-10 09:59:50,2545.8,352201
2021-06-10 09:59:51,2546.0,352211
2021-06-10 09:59:52,2546.4,352317
2021-06-10 09:59:53,2546.4,352374
2021-06-10 09:59:54,2545.85,352399
2021-06-10 09:59:56,2545.8,352443
2021-06-10 09:59:56,2545.8,352443
2021-06-10 09:59:57,2545.8,352445
2021-06-10 09:59:58,2546.4,352462
2021-06-10 09:59:59,2546.4,352462
2021-06-10 10:00:01,2545.8,352481
2021-06-10 10:00:02,2546.4,352484
2021-06-10 10:00:03,2546.4,352566
2021-06-10 10:00:04,2546.4,352566
2021-06-10 10:00:05,2545.8,352659
2021-06-10 10:00:05,2545.8,352659
2021-06-10 10:00:06,2545.8,352660
2021-06-10 10:00:07,2545.85,352742
2021-06-10 10:00:08,2545.85,352747
2021-06-10 10:00:10,2545.85,352747
2021-06-10 10:00:11,2545.85,352747
2021-06-10 10:00:11,2545.85,352767
2021-06-10 10:00:12,2546.3,352899
2021-06-10 10:00:13,2546.3,352904
2021-06-10 10:00:14,2546.3,352905
2021-06-10 10:00:17,2546.4,353167
2021-06-10 10:00:17,2546.4,353167
2021-06-10 10:00:18,2546.4,353167
2021-06-10 10:00:19,2546.45,353307
2021-06-10 10:00:20,2546.4,353317
2021-06-10 10:00:21,2546.45,353331
2021-06-10 10:00:23,2546.4,353413
2021-06-10 10:00:24,2546.1,353919
2021-06-10 10:00:25,2546.1,353919
2021-06-10 10:00:26,2546.1,353919
2021-06-10 10:00:26,2546.1,353919
2021-06-10 10:00:27,2546.1,353919
2021-06-10 10:00:29,2546.95,353969
2021-06-10 10:00:31,2547.2,354025
2021-06-10 10:00:32,2547.2,354025
2021-06-10 10:00:33,2546.2,354050
2021-06-10 10:00:33,2546.2,354050
2021-06-10 10:00:34,2546.2,354050
2021-06-10 10:00:36,2546.2,354139
2021-06-10 10:00:38,2547.15,354160
2021-06-10 10:00:39,2547.15,354160
2021-06-10 10:00:39,2547.15,354160
2021-06-10 10:00:41,2546.2,354170
2021-06-10 10:00:42,2546.2,354170
2021-06-10 10:00:43,2546.2,354370
2021-06-10 10:00:44,2547.05,354406
2021-06-10 10:00:45,2547.2,354497
2021-06-10 10:00:45,2547.05,354406
2021-06-10 10:00:46,2547.2,354589
2021-06-10 10:00:47,2547.25,354859
2021-06-10 10:00:50,2547.15,354925
2021-06-10 10:00:51,2547.15,354925
2021-06-10 10:00:51,2547.65,355104
2021-06-10 10:00:52,2547.65,355104
2021-06-10 10:00:53,2547.2,355105
2021-06-10 10:00:55,2547.2,355105
2021-06-10 10:00:57,2547.75,355211
2021-06-10 10:00:58,2547.75,355211
2021-06-10 10:00:59,2547.2,355221
2021-06-10 10:00:59,2547.2,355601
2021-06-10 10:01:00,2547.75,355905
2021-06-10 10:01:01,2547.75,355955
2021-06-10 10:01:02,2547.75,355955
2021-06-10 10:01:03,2547.75,355955
2021-06-10 10:01:05,2547.75,355955
2021-06-10 10:01:06,2547.75,355965
2021-06-10 10:01:07,2546.8,356920
2021-06-10 10:01:08,2545.45,357548
2021-06-10 10:01:09,2545.75,358080
2021-06-10 10:01:09,2545.75,358080
2021-06-10 10:01:10,2545.15,358970
2021-06-10 10:01:11,2546.25,358995
2021-06-10 10:01:13,2546.25,359048
2021-06-10 10:01:14,2546.25,359048
2021-06-10 10:01:14,2546.25,359048
2021-06-10 10:01:15,2546.25,359048
2021-06-10 10:01:17,2546.25,359048
2021-06-10 10:01:19,2546.25,359048
2021-06-10 10:01:20,2546.1,359098
2021-06-10 10:01:20,2546.1,359098
2021-06-10 10:01:22,2546.1,359098
2021-06-10 10:01:23,2546.1,359098
2021-06-10 10:01:24,2546.1,359098
2021-06-10 10:01:25,2546.0,359371
2021-06-10 10:01:26,2546.0,359371
2021-06-10 10:01:28,2546.0,359404
2021-06-10 10:01:30,2545.85,359545
2021-06-10 10:01:30,2545.85,359545
2021-06-10 10:01:31,2545.85,359595
2021-06-10 10:01:32,2546.0,359620
2021-06-10 10:01:34,2545.85,359630
2021-06-10 10:01:34,2545.85,359630
2021-06-10 10:01:36,2546.0,359639
2021-06-10 10:01:37,2546.0,359642
2021-06-10 10:01:38,2546.0,359642
2021-06-10 10:01:38,2546.0,359662
2021-06-10 10:01:39,2545.85,359843
2021-06-10 10:01:40,2545.85,359973
2021-06-10 10:01:41,2545.85,359981
2021-06-10 10:01:42,2545.85,360010
2021-06-10 10:01:43,2545.85,360010
2021-06-10 10:01:44,2545.95,360078
2021-06-10 10:01:46,2546.0,360210
2021-06-10 10:01:47,2545.95,360231
2021-06-10 10:01:47,2545.95,360231
2021-06-10 10:01:48,2545.95,360256
2021-06-10 10:01:49,2545.95,360256
2021-06-10 10:01:50,2546.3,360288
2021-06-10 10:01:52,2546.3,360304
2021-06-10 10:01:53,2545.85,360334
2021-06-10 10:01:53,2545.85,360334
2021-06-10 10:01:54,2545.85,360334
2021-06-10 10:01:55,2545.85,360334
2021-06-10 10:01:57,2545.85,360394
2021-06-10 10:01:58,2545.85,360394
2021-06-10 10:01:59,2546.1,360440
2021-06-10 10:01:59,2546.1,360440
2021-06-10 10:02:00,2545.95,360459
2021-06-10 10:02:01,2546.0,360484
2021-06-10 10:02:02,2546.1,360770
2021-06-10 10:02:03,2546.1,360770
2021-06-10 10:02:04,2546.0,361070
2021-06-10 10:02:05,2546.0,361070
2021-06-10 10:02:07,2546.3,361174
2021-06-10 10:02:08,2546.55,361199
2021-06-10 10:02:09,2545.9,362080
2021-06-10 10:02:10,2545.9,362129
2021-06-10 10:02:12,2545.9,362129
2021-06-10 10:02:13,2545.9,362136
2021-06-10 10:02:14,2546.3,362285
2021-06-10 10:02:15,2546.3,362285
2021-06-10 10:02:16,2545.9,362346
2021-06-10 10:02:17,2546.0,362570
2021-06-10 10:02:19,2546.0,362570
2021-06-10 10:02:20,2546.0,362570
2021-06-10 10:02:21,2545.9,362572
2021-06-10 10:02:21,2545.9,362572
2021-06-10 10:02:23,2545.9,362574
2021-06-10 10:02:26,2546.0,362715
2021-06-10 10:02:27,2546.0,362726
2021-06-10 10:02:27,2545.9,363026
2021-06-10 10:02:28,2546.3,363129
2021-06-10 10:02:30,2546.3,363129
2021-06-10 10:02:31,2546.3,363129
2021-06-10 10:02:32,2546.3,363130
2021-06-10 10:02:32,2546.3,363130
2021-06-10 10:02:33,2546.3,363130
2021-06-10 10:02:34,2545.9,363364
2021-06-10 10:02:36,2545.9,363364
2021-06-10 10:02:37,2545.9,363364
2021-06-10 10:02:38,2545.9,363364
2021-06-10 10:02:38,2545.9,363364
2021-06-10 10:02:39,2545.9,363516
2021-06-10 10:02:40,2545.7,364372
2021-06-10 10:02:42,2545.0,364768
2021-06-10 10:02:43,2545.0,364768
2021-06-10 10:02:44,2545.0,364788
2021-06-10 10:02:45,2545.75,364937
2021-06-10 10:02:46,2545.75,364937
2021-06-10 10:02:47,2545.85,364945
2021-06-10 10:02:48,2545.75,364947
2021-06-10 10:02:49,2545.0,364948
2021-06-10 10:02:49,2545.0,364948
2021-06-10 10:02:50,2545.0,364948
2021-06-10 10:02:51,2545.7,364973
2021-06-10 10:02:52,2545.7,364973
2021-06-10 10:02:54,2545.0,365207
2021-06-10 10:02:54,2545.7,365217
2021-06-10 10:02:55,2545.7,365217
2021-06-10 10:02:58,2545.1,365231
2021-06-10 10:02:59,2545.55,365233
2021-06-10 10:03:00,2545.55,365233
2021-06-10 10:03:01,2545.1,365405
2021-06-10 10:03:01,2545.1,365405
2021-06-10 10:03:02,2545.0,365713
2021-06-10 10:03:04,2545.0,366372
2021-06-10 10:03:05,2545.0,366372
2021-06-10 10:03:06,2545.0,366711
2021-06-10 10:03:07,2545.2,366717
2021-06-10 10:03:08,2542.1,368917
2021-06-10 10:03:09,2542.0,370013
2021-06-10 10:03:09,2542.0,370025
2021-06-10 10:03:10,2541.95,372450
2021-06-10 10:03:12,2540.6,373003
2021-06-10 10:03:13,2540.7,373100
2021-06-10 10:03:14,2540.75,373192
2021-06-10 10:03:14,2541.7,373325
2021-06-10 10:03:15,2541.7,373325
2021-06-10 10:03:18,2540.75,373329
2021-06-10 10:03:19,2540.75,373858
2021-06-10 10:03:20,2540.75,374265
2021-06-10 10:03:20,2540.75,374265
2021-06-10 10:03:21,2540.8,374669
2021-06-10 10:03:22,2540.3,378562
2021-06-10 10:03:24,2540.1,378594
2021-06-10 10:03:25,2540.1,378738
2021-06-10 10:03:26,2540.25,378777
2021-06-10 10:03:27,2540.65,378870
2021-06-10 10:03:27,2540.7,378942
2021-06-10 10:03:28,2540.8,379017
2021-06-10 10:03:30,2540.8,379017
2021-06-10 10:03:31,2540.8,379019
2021-06-10 10:03:32,2540.65,379022
2021-06-10 10:03:33,2540.6,379177
2021-06-10 10:03:34,2540.6,379252
2021-06-10 10:03:34,2540.6,379252
2021-06-10 10:03:35,2541.2,379293
2021-06-10 10:03:37,2540.8,379298
2021-06-10 10:03:38,2540.8,379309
2021-06-10 10:03:39,2540.7,379317
2021-06-10 10:03:40,2540.7,379317
2021-06-10 10:03:40,2540.7,379317
2021-06-10 10:03:41,2540.8,379318
2021-06-10 10:03:42,2541.85,379425
2021-06-10 10:03:44,2540.85,379475
2021-06-10 10:03:45,2540.85,379487
2021-06-10 10:03:46,2540.85,379501
2021-06-10 10:03:47,2541.45,379511
2021-06-10 10:03:47,2540.85,379541
2021-06-10 10:03:48,2540.85,379542
2021-06-10 10:03:50,2541.45,379602
2021-06-10 10:03:51,2541.45,379653
2021-06-10 10:03:52,2541.45,379653
2021-06-10 10:03:53,2541.45,379696
2021-06-10 10:03:53,2541.85,379716
2021-06-10 10:03:54,2541.85,379768
2021-06-10 10:03:56,2541.85,379768
2021-06-10 10:03:57,2542.35,380041
2021-06-10 10:03:58,2541.15,380217
2021-06-10 10:03:58,2541.15,380217
2021-06-10 10:03:59,2541.2,380237
2021-06-10 10:04:01,2542.0,380265
2021-06-10 10:04:02,2542.0,380371
2021-06-10 10:04:03,2542.55,380461
2021-06-10 10:04:03,2542.55,380461
2021-06-10 10:04:04,2542.6,380466
2021-06-10 10:04:06,2542.6,380957
2021-06-10 10:04:08,2542.55,381124
2021-06-10 10:04:09,2542.55,381163
2021-06-10 10:04:09,2542.55,381163
2021-06-10 10:04:10,2542.6,381321
2021-06-10 10:04:11,2542.7,381422
2021-06-10 10:04:13,2541.95,381609
2021-06-10 10:04:14,2542.25,381624
2021-06-10 10:04:15,2542.45,381689
2021-06-10 10:04:16,2542.2,381748
2021-06-10 10:04:18,2542.1,381811
2021-06-10 10:04:18,2542.45,381821
2021-06-10 10:04:21,2542.45,381844
2021-06-10 10:04:22,2542.2,382231
2021-06-10 10:04:23,2542.15,382256
2021-06-10 10:04:24,2542.15,382286
2021-06-10 10:04:25,2542.7,382293
2021-06-10 10:04:25,2542.7,382293
2021-06-10 10:04:27,2542.15,382322
2021-06-10 10:04:28,2542.7,382327
2021-06-10 10:04:29,2542.7,382327
2021-06-10 10:04:30,2542.7,382365
2021-06-10 10:04:31,2542.7,382367
2021-06-10 10:04:32,2542.7,382413
2021-06-10 10:04:32,2542.8,382522
2021-06-10 10:04:35,2542.9,382693
2021-06-10 10:04:36,2543.0,382765
2021-06-10 10:04:37,2542.15,383852
2021-06-10 10:04:38,2542.15,383862
2021-06-10 10:04:39,2541.75,384762
2021-06-10 10:04:40,2541.75,385070
2021-06-10 10:04:41,2541.75,385070
2021-06-10 10:04:42,2541.85,385087
2021-06-10 10:04:44,2541.85,385088
2021-06-10 10:04:45,2541.6,385108
2021-06-10 10:04:46,2541.85,385258
2021-06-10 10:04:47,2541.85,385258
2021-06-10 10:04:48,2541.85,385260
2021-06-10 10:04:49,2541.75,385684
2021-06-10 10:04:50,2541.75,385686
2021-06-10 10:04:51,2541.3,385866
2021-06-10 10:04:51,2541.3,385866
2021-06-10 10:04:52,2541.3,386246
2021-06-10 10:04:54,2541.4,386296
2021-06-10 10:04:55,2541.4,386302
2021-06-10 10:04:57,2541.4,386327
2021-06-10 10:04:58,2541.4,386345
2021-06-10 10:04:59,2541.15,386461
2021-06-10 10:05:00,2541.4,386467
2021-06-10 10:05:01,2541.4,386483
2021-06-10 10:05:03,2541.3,386559
2021-06-10 10:05:04,2541.3,386559
2021-06-10 10:05:05,2541.3,386561
2021-06-10 10:05:06,2541.4,386567
2021-06-10 10:05:07,2541.75,386706
2021-06-10 10:05:07,2541.75,386706
2021-06-10 10:05:11,2541.95,387077
2021-06-10 10:05:12,2541.95,387177
2021-06-10 10:05:13,2541.25,387477
2021-06-10 10:05:14,2541.95,387484
2021-06-10 10:05:15,2541.95,387539
2021-06-10 10:05:17,2541.5,388043
2021-06-10 10:05:18,2541.5,388043
2021-06-10 10:05:19,2541.5,388062
2021-06-10 10:05:20,2541.75,388071
2021-06-10 10:05:21,2541.75,388085
2021-06-10 10:05:21,2541.5,388084
2021-06-10 10:05:22,2541.75,388088
2021-06-10 10:05:24,2541.75,388216
2021-06-10 10:05:25,2541.75,388220
2021-06-10 10:05:26,2541.5,388239
2021-06-10 10:05:27,2541.75,388246
2021-06-10 10:05:28,2541.75,388786
2021-06-10 10:05:28,2541.75,388791
2021-06-10 10:05:30,2541.5,388796
2021-06-10 10:05:31,2541.5,388796
2021-06-10 10:05:32,2541.75,388797
2021-06-10 10:05:33,2541.75,388798
2021-06-10 10:05:34,2541.65,388887
2021-06-10 10:05:35,2541.65,388888
2021-06-10 10:05:36,2541.65,388889
2021-06-10 10:05:36,2541.3,388939
2021-06-10 10:05:37,2541.65,388989
2021-06-10 10:05:38,2541.3,389036
2021-06-10 10:05:39,2541.6,389046
2021-06-10 10:05:41,2541.3,389241
2021-06-10 10:05:42,2541.6,389246
2021-06-10 10:05:43,2541.6,389247
2021-06-10 10:05:44,2541.0,389639
2021-06-10 10:05:45,2541.0,389639
2021-06-10 10:05:46,2541.0,389639
2021-06-10 10:05:46,2541.6,389739
2021-06-10 10:05:48,2541.6,389740
2021-06-10 10:05:49,2541.0,389760
2021-06-10 10:05:50,2541.0,389767
2021-06-10 10:05:51,2541.6,389768
2021-06-10 10:05:51,2541.6,389768
2021-06-10 10:05:53,2541.75,390001
2021-06-10 10:05:54,2541.75,390001
2021-06-10 10:05:55,2541.75,390077
2021-06-10 10:05:56,2541.75,390104
2021-06-10 10:05:57,2541.75,390111
2021-06-10 10:05:57,2541.75,390111
2021-06-10 10:05:59,2541.75,390111
2021-06-10 10:06:00,2541.7,390308
2021-06-10 10:06:01,2541.0,390378
2021-06-10 10:06:02,2541.65,390380
2021-06-10 10:06:02,2541.65,390380
2021-06-10 10:06:04,2541.65,390380
2021-06-10 10:06:05,2541.65,390381
2021-06-10 10:06:06,2541.65,390382
2021-06-10 10:06:07,2541.65,390382
2021-06-10 10:06:08,2541.5,390473
2021-06-10 10:06:09,2541.5,390477
2021-06-10 10:06:10,2541.65,390478
2021-06-10 10:06:12,2541.65,390479
2021-06-10 10:06:13,2541.75,390690
2021-06-10 10:06:14,2541.55,390790
2021-06-10 10:06:16,2542.0,390996
2021-06-10 10:06:17,2542.0,390997
2021-06-10 10:06:17,2542.0,390997
2021-06-10 10:06:19,2542.0,391299
2021-06-10 10:06:20,2542.0,391299
2021-06-10 10:06:21,2542.0,391299
2021-06-10 10:06:22,2542.0,391429
2021-06-10 10:06:23,2542.0,391484
2021-06-10 10:06:24,2541.95,392179
2021-06-10 10:06:25,2542.35,392182
2021-06-10 10:06:26,2542.0,392512
2021-06-10 10:06:27,2542.0,392512
2021-06-10 10:06:28,2541.95,392632
2021-06-10 10:06:29,2542.0,392634
2021-06-10 10:06:30,2542.0,392634
2021-06-10 10:06:31,2542.0,392996
2021-06-10 10:06:32,2542.4,392998
2021-06-10 10:06:33,2542.0,393300
2021-06-10 10:06:34,2542.0,393319
2021-06-10 10:06:36,2542.3,393329
2021-06-10 10:06:35,2542.3,393329
2021-06-10 10:06:37,2542.3,393330
2021-06-10 10:06:38,2542.3,393332
2021-06-10 10:06:39,2542.3,393347
2021-06-10 10:06:41,2542.3,393347
2021-06-10 10:06:42,2542.3,393347
2021-06-10 10:06:43,2542.3,393347
2021-06-10 10:06:45,2542.7,393498
2021-06-10 10:06:46,2542.25,393599
2021-06-10 10:06:47,2542.7,393600
2021-06-10 10:06:48,2542.7,393600
2021-06-10 10:06:49,2542.5,393604
2021-06-10 10:06:50,2542.5,393604
2021-06-10 10:06:51,2542.7,393607
2021-06-10 10:06:52,2542.5,393717
2021-06-10 10:06:53,2542.95,393809
2021-06-10 10:06:54,2542.95,393832
2021-06-10 10:06:55,2542.95,393832
2021-06-10 10:06:56,2542.95,393858
2021-06-10 10:06:57,2542.95,393990
2021-06-10 10:06:58,2542.95,393993
2021-06-10 10:06:59,2543.0,393998
2021-06-10 10:07:00,2543.0,394177
2021-06-10 10:07:01,2543.0,394177
2021-06-10 10:07:02,2542.95,394227
2021-06-10 10:07:03,2542.95,394227
2021-06-10 10:07:04,2543.0,394298
2021-06-10 10:07:05,2543.0,394395
2021-06-10 10:07:06,2543.6,394495
2021-06-10 10:07:07,2543.6,394495
2021-06-10 10:07:08,2543.0,394497
2021-06-10 10:07:09,2543.0,394497
2021-06-10 10:07:10,2543.85,394500
2021-06-10 10:07:11,2543.95,394836
2021-06-10 10:07:12,2543.9,394899
2021-06-10 10:07:13,2543.9,394899
2021-06-10 10:07:14,2543.9,394994
2021-06-10 10:07:15,2543.95,395082
2021-06-10 10:07:17,2543.15,395107
2021-06-10 10:07:18,2543.15,395118
2021-06-10 10:07:19,2543.9,395120
2021-06-10 10:07:20,2543.95,395232
2021-06-10 10:07:23,2544.0,395430
2021-06-10 10:07:22,2544.0,395430
2021-06-10 10:07:24,2543.95,395492
2021-06-10 10:07:25,2544.0,395659
2021-06-10 10:07:26,2544.0,395679
2021-06-10 10:07:27,2544.0,395781
2021-06-10 10:07:28,2543.2,395831
2021-06-10 10:07:29,2543.2,395831
2021-06-10 10:07:30,2543.75,396090
2021-06-10 10:07:32,2543.75,396174
2021-06-10 10:07:33,2543.75,396174
2021-06-10 10:07:35,2543.75,396189
2021-06-10 10:07:36,2543.75,396250
2021-06-10 10:07:37,2543.75,396251
2021-06-10 10:07:38,2543.75,396253
2021-06-10 10:07:39,2543.75,396317
2021-06-10 10:07:40,2543.75,396317
2021-06-10 10:07:41,2543.75,396318
2021-06-10 10:07:42,2544.0,396508
2021-06-10 10:07:44,2543.35,396511
2021-06-10 10:07:43,2543.35,396511
2021-06-10 10:07:45,2544.05,396544
2021-06-10 10:07:46,2544.05,396544
2021-06-10 10:07:47,2543.9,396833
2021-06-10 10:07:48,2543.9,396836
2021-06-10 10:07:49,2543.9,396836
2021-06-10 10:07:50,2544.25,396837
2021-06-10 10:07:51,2543.75,398164
2021-06-10 10:07:52,2544.15,399020
2021-06-10 10:07:53,2543.8,399946
2021-06-10 10:07:54,2543.45,400187
2021-06-10 10:07:55,2543.2,400298
2021-06-10 10:07:56,2542.85,400487
2021-06-10 10:07:57,2543.4,400642
2021-06-10 10:07:58,2543.4,400642
2021-06-10 10:07:59,2543.25,400662
2021-06-10 10:08:00,2543.25,400662
2021-06-10 10:08:01,2543.25,400662
2021-06-10 10:08:02,2543.0,400867
2021-06-10 10:08:03,2543.25,400991
2021-06-10 10:08:05,2543.2,400994
2021-06-10 10:08:06,2543.2,400994
2021-06-10 10:08:07,2543.2,400994
2021-06-10 10:08:08,2543.1,401036
2021-06-10 10:08:10,2543.1,401048
2021-06-10 10:08:12,2542.95,401049
2021-06-10 10:08:13,2542.95,401050
2021-06-10 10:08:15,2542.95,401050
2021-06-10 10:08:16,2542.95,401164
2021-06-10 10:08:17,2542.95,401164
2021-06-10 10:08:18,2543.75,401664
2021-06-10 10:08:19,2543.75,401664
2021-06-10 10:08:20,2543.65,401676
2021-06-10 10:08:21,2543.65,401676
2021-06-10 10:08:22,2543.65,401676
2021-06-10 10:08:23,2543.65,401676
2021-06-10 10:08:24,2543.65,401676
2021-06-10 10:08:25,2543.25,401691
2021-06-10 10:08:26,2543.65,401695
2021-06-10 10:08:27,2543.65,401697
2021-06-10 10:08:28,2543.65,401697
2021-06-10 10:08:30,2543.65,401697
2021-06-10 10:08:29,2543.65,401697
2021-06-10 10:08:31,2543.9,401914
2021-06-10 10:08:32,2544.05,401915
2021-06-10 10:08:33,2544.05,401915
2021-06-10 10:08:34,2544.05,401915
2021-06-10 10:08:35,2544.05,401915
2021-06-10 10:08:36,2544.25,402016
2021-06-10 10:08:37,2544.25,402016
2021-06-10 10:08:38,2544.25,402016
2021-06-10 10:08:39,2544.25,402019
2021-06-10 10:08:40,2544.25,402019
2021-06-10 10:08:41,2544.25,402094
2021-06-10 10:08:43,2544.25,402094
2021-06-10 10:08:43,2544.25,402094
2021-06-10 10:08:44,2544.25,402144
2021-06-10 10:08:45,2544.05,402149
2021-06-10 10:08:46,2544.25,402151
2021-06-10 10:08:47,2544.25,402151
2021-06-10 10:08:48,2544.25,402203
2021-06-10 10:08:49,2544.1,402217
2021-06-10 10:08:50,2544.1,402429
2021-06-10 10:08:51,2544.35,402929
2021-06-10 10:08:52,2544.2,402942
2021-06-10 10:08:54,2544.2,402942
2021-06-10 10:08:54,2544.1,402950
2021-06-10 10:08:55,2544.2,402985
2021-06-10 10:08:56,2544.2,402987
2021-06-10 10:08:57,2544.4,402990
2021-06-10 10:08:58,2544.4,403000
2021-06-10 10:08:59,2544.4,403000
2021-06-10 10:09:01,2544.4,403000
2021-06-10 10:09:03,2544.6,403010
2021-06-10 10:09:04,2544.6,403010
2021-06-10 10:09:04,2544.6,403010
2021-06-10 10:09:05,2544.25,403011
2021-06-10 10:09:06,2544.25,403314
2021-06-10 10:09:07,2544.25,403318
2021-06-10 10:09:08,2544.4,403321
2021-06-10 10:09:09,2544.4,403323
2021-06-10 10:09:10,2544.4,403436
2021-06-10 10:09:11,2544.6,403437
2021-06-10 10:09:13,2544.6,403437
2021-06-10 10:09:13,2544.6,403437
2021-06-10 10:09:14,2544.6,403437
2021-06-10 10:09:16,2544.4,403464
2021-06-10 10:09:17,2544.6,403534
2021-06-10 10:09:18,2545.15,403887
2021-06-10 10:09:19,2545.9,404269
2021-06-10 10:09:20,2545.9,404269
2021-06-10 10:09:22,2545.05,404279
2021-06-10 10:09:23,2545.8,404329
2021-06-10 10:09:23,2545.85,404344
2021-06-10 10:09:24,2545.85,404344
2021-06-10 10:09:25,2545.05,404349
2021-06-10 10:09:26,2545.85,404489
2021-06-10 10:09:28,2545.15,404501
2021-06-10 10:09:29,2545.15,404501
2021-06-10 10:09:30,2545.05,404506
2021-06-10 10:09:31,2545.05,404658
2021-06-10 10:09:32,2545.05,404658
2021-06-10 10:09:33,2545.05,404658
2021-06-10 10:09:35,2545.8,404870
2021-06-10 10:09:35,2545.15,405026
2021-06-10 10:09:36,2545.15,405026
2021-06-10 10:09:37,2545.05,405708
2021-06-10 10:09:38,2545.15,405761
2021-06-10 10:09:39,2545.1,405762
2021-06-10 10:09:40,2545.05,406062
2021-06-10 10:09:41,2545.05,406062
2021-06-10 10:09:42,2545.1,406064
2021-06-10 10:09:43,2545.1,406146
2021-06-10 10:09:44,2545.1,406186
2021-06-10 10:09:45,2545.1,406186
2021-06-10 10:09:47,2545.05,406196
2021-06-10 10:09:48,2545.1,406213
2021-06-10 10:09:48,2545.1,406211
2021-06-10 10:09:49,2543.2,409976
2021-06-10 10:09:50,2543.15,409992
2021-06-10 10:09:51,2543.25,410127
2021-06-10 10:09:52,2542.4,410147
2021-06-10 10:09:53,2543.15,410149
2021-06-10 10:09:54,2543.1,410151
2021-06-10 10:09:55,2543.1,410152
2021-06-10 10:09:56,2542.9,410273
2021-06-10 10:09:57,2542.9,410273
2021-06-10 10:09:58,2542.9,410278
2021-06-10 10:09:59,2542.95,410342
2021-06-10 10:10:00,2542.95,410404
2021-06-10 10:10:02,2542.95,410404
2021-06-10 10:10:02,2542.9,410405
2021-06-10 10:10:03,2542.9,410405
2021-06-10 10:10:04,2542.9,410506
2021-06-10 10:10:06,2542.9,410596
2021-06-10 10:10:07,2542.9,410646
2021-06-10 10:10:08,2542.0,410946
2021-06-10 10:10:09,2542.0,410971
2021-06-10 10:10:10,2542.0,410971
2021-06-10 10:10:12,2542.9,410976
2021-06-10 10:10:12,2542.9,410976
2021-06-10 10:10:13,2542.6,410977
2021-06-10 10:10:14,2542.0,411277
2021-06-10 10:10:15,2542.0,411277
2021-06-10 10:10:16,2542.0,411720
2021-06-10 10:10:17,2542.0,411720
2021-06-10 10:10:18,2542.0,411720
2021-06-10 10:10:19,2542.0,412328
2021-06-10 10:10:20,2541.6,413085
2021-06-10 10:10:21,2541.65,413149
2021-06-10 10:10:22,2541.65,413214
2021-06-10 10:10:23,2541.0,414459
2021-06-10 10:10:25,2540.6,414780
2021-06-10 10:10:25,2540.0,417158
2021-06-10 10:10:26,2540.8,417224
2021-06-10 10:10:27,2539.0,419412
2021-06-10 10:10:28,2538.8,419618
2021-06-10 10:10:29,2538.6,419786
2021-06-10 10:10:30,2539.65,419832
2021-06-10 10:10:31,2537.8,420798
2021-06-10 10:10:33,2538.2,420905
2021-06-10 10:10:33,2537.35,420972
2021-06-10 10:10:34,2537.4,421350
2021-06-10 10:10:35,2535.45,422488
2021-06-10 10:10:36,2535.0,422960
2021-06-10 10:10:37,2535.1,423492
2021-06-10 10:10:39,2536.2,423507
2021-06-10 10:10:39,2535.55,423534
2021-06-10 10:10:40,2536.25,423665
2021-06-10 10:10:42,2535.0,424086
2021-06-10 10:10:44,2536.1,424104
2021-06-10 10:10:45,2536.1,424184
2021-06-10 10:10:46,2536.1,424188
2021-06-10 10:10:46,2536.0,424189
2021-06-10 10:10:47,2535.6,424199
2021-06-10 10:10:48,2536.25,424492
2021-06-10 10:10:49,2537.0,424654
2021-06-10 10:10:50,2536.05,424816
2021-06-10 10:10:51,2536.7,424906
2021-06-10 10:10:52,2537.35,424988
2021-06-10 10:10:54,2537.35,425064
2021-06-10 10:10:55,2537.8,425206
2021-06-10 10:10:56,2537.8,425206
2021-06-10 10:10:57,2536.25,425222
2021-06-10 10:10:57,2536.25,425222
2021-06-10 10:10:58,2536.15,425225
2021-06-10 10:10:59,2536.3,425393
2021-06-10 10:11:00,2537.2,425592
2021-06-10 10:11:01,2537.8,425597
2021-06-10 10:11:03,2536.35,425858
2021-06-10 10:11:04,2537.35,425874
2021-06-10 10:11:05,2537.9,425918
2021-06-10 10:11:06,2537.9,426121
2021-06-10 10:11:07,2537.95,426578
2021-06-10 10:11:08,2537.95,426578
2021-06-10 10:11:08,2537.95,426578
2021-06-10 10:11:09,2537.4,426653
2021-06-10 10:11:10,2538.05,426935
2021-06-10 10:11:11,2537.35,426937
2021-06-10 10:11:12,2537.35,427041
2021-06-10 10:11:13,2537.35,427055
2021-06-10 10:11:15,2537.35,427055
2021-06-10 10:11:16,2537.35,427065
2021-06-10 10:11:17,2537.9,427067
2021-06-10 10:11:18,2537.35,427078
2021-06-10 10:11:19,2537.9,427282
2021-06-10 10:11:20,2538.0,427530
2021-06-10 10:11:20,2538.0,427530
2021-06-10 10:11:21,2538.0,427530
2021-06-10 10:11:22,2538.0,427530
2021-06-10 10:11:23,2538.0,427530
2021-06-10 10:11:24,2537.35,427580
2021-06-10 10:11:25,2537.4,427583
2021-06-10 10:11:26,2537.6,428027
2021-06-10 10:11:27,2537.6,428144
2021-06-10 10:11:30,2537.6,428576
2021-06-10 10:11:31,2537.6,428576
2021-06-10 10:11:32,2537.35,429176
2021-06-10 10:11:33,2537.75,429225
2021-06-10 10:11:34,2537.85,429235
2021-06-10 10:11:35,2537.6,429236
2021-06-10 10:11:36,2537.6,429492
2021-06-10 10:11:37,2537.35,429552
2021-06-10 10:11:38,2537.35,429552
2021-06-10 10:11:38,2537.35,429552
2021-06-10 10:11:39,2537.0,431158
2021-06-10 10:11:40,2537.3,431735
2021-06-10 10:11:41,2537.0,431787
2021-06-10 10:11:42,2537.0,431787
2021-06-10 10:11:43,2537.0,431787
2021-06-10 10:11:45,2537.5,432067
2021-06-10 10:11:46,2537.5,432067
2021-06-10 10:11:47,2537.5,432156
2021-06-10 10:11:48,2537.9,432323
2021-06-10 10:11:49,2537.9,432323
2021-06-10 10:11:49,2537.9,432323
2021-06-10 10:11:50,2537.9,432323
2021-06-10 10:11:51,2537.9,432323
2021-06-10 10:11:52,2537.4,432329
2021-06-10 10:11:53,2537.35,432335
2021-06-10 10:11:54,2537.6,432342
