timestamp,ltp,volume
2021-06-10 09:20:13,1483.95,245333
2021-06-10 09:20:14,1483.85,245345
2021-06-10 09:20:16,1483.8,245403
2021-06-10 09:20:17,1483.6,245644
2021-06-10 09:20:18,1483.75,245720
2021-06-10 09:20:19,1483.5,245722
2021-06-10 09:20:20,1483.5,246758
2021-06-10 09:20:20,1483.5,246758
2021-06-10 09:20:21,1483.35,247771
2021-06-10 09:20:24,1482.85,252233
2021-06-10 09:20:25,1482.8,252721
2021-06-10 09:20:26,1482.8,254090
2021-06-10 09:20:28,1482.65,255413
2021-06-10 09:20:29,1482.65,255505
2021-06-10 09:20:29,1482.65,255505
2021-06-10 09:20:30,1482.7,256586
2021-06-10 09:20:31,1482.65,256920
2021-06-10 09:20:33,1482.7,257050
2021-06-10 09:20:34,1483.6,262353
2021-06-10 09:20:35,1483.85,262403
2021-06-10 09:20:36,1484.05,263175
2021-06-10 09:20:37,1484.55,263228
2021-06-10 09:20:37,1484.55,263228
2021-06-10 09:20:38,1484.55,263228
2021-06-10 09:20:39,1484.6,263433
2021-06-10 09:20:40,1484.5,263443
2021-06-10 09:20:42,1484.55,265277
2021-06-10 09:20:44,1483.8,266867
2021-06-10 09:20:46,1483.25,266972
2021-06-10 09:20:47,1483.6,266973
2021-06-10 09:20:48,1483.4,267499
2021-06-10 09:20:48,1483.4,267499
2021-06-10 09:20:49,1483.4,267569
2021-06-10 09:20:51,1483.4,267569
2021-06-10 09:20:52,1484.0,267681
2021-06-10 09:20:53,1484.5,267770
2021-06-10 09:20:54,1484.2,269035
2021-06-10 09:20:54,1484.2,269035
2021-06-10 09:20:55,1484.0,269380
2021-06-10 09:20:57,1483.4,270285
2021-06-10 09:20:59,1483.7,270296
2021-06-10 09:21:00,1483.6,270300
2021-06-10 09:21:00,1483.6,270350
2021-06-10 09:21:01,1483.6,270353
2021-06-10 09:21:03,1483.6,270397
2021-06-10 09:21:03,1483.6,270397
2021-06-10 09:21:05,1483.45,270548
2021-06-10 09:21:06,1483.6,270550
2021-06-10 09:21:07,1483.65,270651
2021-06-10 09:21:08,1483.75,271483
2021-06-10 09:21:09,1483.75,271483
2021-06-10 09:21:09,1483.75,271493
2021-06-10 09:21:10,1483.75,271565
2021-06-10 09:21:12,1483.5,272791
2021-06-10 09:21:13,1483.45,273112
2021-06-10 09:21:14,1483.4,273143
2021-06-10 09:21:15,1483.3,273246
2021-06-10 09:21:16,1483.05,273258
2021-06-10 09:21:16,1483.0,274578
2021-06-10 09:21:17,1483.0,274691
2021-06-10 09:21:19,1482.85,274746
2021-06-10 09:21:20,1482.85,274769
2021-06-10 09:21:21,1482.85,274807
2021-06-10 09:21:22,1482.85,275118
2021-06-10 09:21:23,1482.2,276202
2021-06-10 09:21:23,1482.2,276202
2021-06-10 09:21:24,1482.35,276222
2021-06-10 09:21:25,1482.45,276241
2021-06-10 09:21:26,1482.5,276371
2021-06-10 09:21:28,1482.5,277226
2021-06-10 09:21:29,1482.5,277251
2021-06-10 09:21:30,1482.6,277301
2021-06-10 09:21:31,1482.5,277408
2021-06-10 09:21:31,1482.5,277408
2021-06-10 09:21:32,1482.5,277423
2021-06-10 09:21:34,1482.85,277443
2021-06-10 09:21:34,1482.85,277451
2021-06-10 09:21:36,1483.0,277573
2021-06-10 09:21:37,1483.0,277673
2021-06-10 09:21:38,1483.0,277788
2021-06-10 09:21:39,1482.65,277888
2021-06-10 09:21:39,1483.0,277788
2021-06-10 09:21:40,1483.6,278029
2021-06-10 09:21:42,1483.5,278043
2021-06-10 09:21:43,1483.2,278045
2021-06-10 09:21:44,1483.2,278071
2021-06-10 09:21:45,1483.2,278082
2021-06-10 09:21:46,1483.2,278085
2021-06-10 09:21:47,1483.15,278247
2021-06-10 09:21:47,1482.95,278197
2021-06-10 09:21:48,1483.2,278327
2021-06-10 09:21:50,1482.5,278841
2021-06-10 09:21:51,1482.95,278953
2021-06-10 09:21:53,1482.95,279084
2021-06-10 09:21:53,1482.95,279084
2021-06-10 09:21:55,1482.55,279106
2021-06-10 09:21:56,1482.8,279161
2021-06-10 09:21:57,1482.5,279192
2021-06-10 09:21:58,1482.25,280903
2021-06-10 09:21:59,1482.25,281345
2021-06-10 09:21:59,1482.25,281345
2021-06-10 09:22:01,1482.2,281524
2021-06-10 09:22:03,1482.2,281708
2021-06-10 09:22:04,1482.25,282296
2021-06-10 09:22:05,1482.5,282306
2021-06-10 09:22:06,1482.6,282556
2021-06-10 09:22:06,1482.6,282556
2021-06-10 09:22:07,1482.65,282576
2021-06-10 09:22:09,1482.7,282634
2021-06-10 09:22:10,1482.75,282718
2021-06-10 09:22:11,1482.85,282721
2021-06-10 09:22:12,1482.85,282721
2021-06-10 09:22:13,1482.95,282731
2021-06-10 09:22:14,1482.95,282839
2021-06-10 09:22:14,1482.95,282839
2021-06-10 09:22:15,1483.0,283007
2021-06-10 09:22:17,1483.0,283105
2021-06-10 09:22:17,1483.0,283155
2021-06-10 09:22:19,1482.8,283326
2021-06-10 09:22:20,1483.0,283362
2021-06-10 09:22:21,1482.85,283367
2021-06-10 09:22:22,1482.85,283578
2021-06-10 09:22:23,1483.0,283628
2021-06-10 09:22:24,1483.0,283628
2021-06-10 09:22:25,1482.95,283629
2021-06-10 09:22:26,1482.95,283820
2021-06-10 09:22:27,1483.0,283938
2021-06-10 09:22:29,1482.95,283965
2021-06-10 09:22:30,1482.95,283965
2021-06-10 09:22:31,1482.95,284281
2021-06-10 09:22:32,1482.75,285062
2021-06-10 09:22:34,1482.8,285102
2021-06-10 09:22:35,1482.7,285131
2021-06-10 09:22:35,1482.7,285135
2021-06-10 09:22:36,1482.75,285251
2021-06-10 09:22:38,1482.5,285320
2021-06-10 09:22:39,1482.75,285611
2021-06-10 09:22:40,1482.75,285639
2021-06-10 09:22:41,1482.75,285872
2021-06-10 09:22:41,1482.4,287500
2021-06-10 09:22:42,1482.0,287805
2021-06-10 09:22:43,1482.0,287826
2021-06-10 09:22:45,1482.0,287864
2021-06-10 09:22:46,1482.0,287866
2021-06-10 09:22:47,1482.35,287886
2021-06-10 09:22:48,1482.0,288012
2021-06-10 09:22:49,1482.0,288062
2021-06-10 09:22:49,1482.35,288087
2021-06-10 09:22:50,1482.0,288197
2021-06-10 09:22:52,1482.0,288260
2021-06-10 09:22:53,1482.2,288311
2021-06-10 09:22:54,1482.2,288326
2021-06-10 09:22:55,1482.2,288326
2021-06-10 09:22:56,1482.45,289212
2021-06-10 09:22:57,1482.35,289224
2021-06-10 09:22:58,1482.35,289559
2021-06-10 09:22:59,1482.35,289559
2021-06-10 09:23:00,1482.35,289566
2021-06-10 09:23:01,1482.75,289685
2021-06-10 09:23:02,1482.75,289710
2021-06-10 09:23:03,1482.65,291229
2021-06-10 09:23:04,1481.9,293300
2021-06-10 09:23:05,1481.35,293922
2021-06-10 09:23:06,1481.35,294608
2021-06-10 09:23:07,1481.3,297090
2021-06-10 09:23:08,1481.5,297379
2021-06-10 09:23:09,1481.5,297878
2021-06-10 09:23:10,1482.15,298819
2021-06-10 09:23:11,1482.2,298823
2021-06-10 09:23:12,1482.2,298823
2021-06-10 09:23:13,1482.35,298912
2021-06-10 09:23:15,1483.0,299218
2021-06-10 09:23:16,1483.0,299398
2021-06-10 09:23:17,1483.05,304423
2021-06-10 09:23:18,1483.5,304721
2021-06-10 09:23:19,1483.8,304808
2021-06-10 09:23:20,1484.4,305309
2021-06-10 09:23:21,1484.1,305322
2021-06-10 09:23:23,1484.25,305468
2021-06-10 09:23:22,1484.25,305468
2021-06-10 09:23:24,1484.45,306632
2021-06-10 09:23:25,1484.45,306632
2021-06-10 09:23:26,1484.45,306632
2021-06-10 09:23:27,1484.4,307199
2021-06-10 09:23:28,1485.0,307540
2021-06-10 09:23:29,1484.45,307597
2021-06-10 09:23:30,1484.45,307656
2021-06-10 09:23:31,1484.5,307667
2021-06-10 09:23:32,1484.5,307718
2021-06-10 09:23:33,1485.0,308159
2021-06-10 09:23:34,1485.45,308809
2021-06-10 09:23:35,1485.5,308814
2021-06-10 09:23:36,1484.8,309337
2021-06-10 09:23:38,1484.9,309348
2021-06-10 09:23:39,1484.9,309349
2021-06-10 09:23:40,1484.9,309364
2021-06-10 09:23:41,1484.9,309364
2021-06-10 09:23:42,1484.9,309368
2021-06-10 09:23:43,1484.9,309368
2021-06-10 09:23:44,1484.9,309633
2021-06-10 09:23:45,1484.9,309944
2021-06-10 09:23:46,1484.95,309945
2021-06-10 09:23:47,1484.95,309971
2021-06-10 09:23:48,1484.5,311438
2021-06-10 09:23:49,1484.5,311438
2021-06-10 09:23:50,1484.5,311500
2021-06-10 09:23:51,1484.5,311510
2021-06-10 09:23:52,1484.5,311642
2021-06-10 09:23:53,1484.15,311907
2021-06-10 09:23:54,1484.7,311909
2021-06-10 09:23:55,1484.7,311909
2021-06-10 09:23:56,1484.7,311909
2021-06-10 09:23:57,1484.7,311909
2021-06-10 09:23:58,1484.9,312565
2021-06-10 09:23:59,1484.9,312565
2021-06-10 09:24:00,1484.95,312567
2021-06-10 09:24:01,1484.95,312567
2021-06-10 09:24:02,1485.0,312618
2021-06-10 09:24:04,1484.7,313042
2021-06-10 09:24:06,1484.15,313230
2021-06-10 09:24:07,1484.75,313232
2021-06-10 09:24:08,1484.75,313244
2021-06-10 09:24:10,1484.7,313828
2021-06-10 09:24:09,1484.7,313813
2021-06-10 09:24:11,1484.4,313838
2021-06-10 09:24:13,1484.7,313909
2021-06-10 09:24:14,1484.7,314178
2021-06-10 09:24:15,1484.45,314184
2021-06-10 09:24:16,1484.7,314185
2021-06-10 09:24:17,1484.6,314625
2021-06-10 09:24:18,1484.7,315126
2021-06-10 09:24:19,1484.7,315627
2021-06-10 09:24:20,1484.7,315630
2021-06-10 09:24:21,1484.7,315637
2021-06-10 09:24:22,1484.7,315640
2021-06-10 09:24:23,1484.7,315714
2021-06-10 09:24:24,1484.8,315715
2021-06-10 09:24:25,1484.7,315732
2021-06-10 09:24:26,1484.8,315739
2021-06-10 09:24:27,1484.7,315746
2021-06-10 09:24:28,1484.95,315784
2021-06-10 09:24:29,1485.0,315821
2021-06-10 09:24:30,1484.95,315855
2021-06-10 09:24:31,1484.7,315887
2021-06-10 09:24:32,1484.95,315940
2021-06-10 09:24:33,1484.95,315943
2021-06-10 09:24:34,1484.95,315943
2021-06-10 09:24:35,1484.95,316174
2021-06-10 09:24:36,1484.8,316230
2021-06-10 09:24:38,1485.0,316232
2021-06-10 09:24:39,1485.0,316232
2021-06-10 09:24:40,1484.95,316257
2021-06-10 09:24:41,1485.0,316412
2021-06-10 09:24:42,1485.0,316617
2021-06-10 09:24:43,1485.0,316623
2021-06-10 09:24:44,1484.7,316747
2021-06-10 09:24:45,1484.95,316748
2021-06-10 09:24:46,1485.0,316754
2021-06-10 09:24:48,1485.0,316760
2021-06-10 09:24:49,1484.75,317460
2021-06-10 09:24:50,1484.7,317738
2021-06-10 09:24:51,1484.7,317787
2021-06-10 09:24:53,1484.4,317897
2021-06-10 09:24:54,1484.5,317973
2021-06-10 09:24:55,1484.5,317977
2021-06-10 09:24:56,1484.5,317997
2021-06-10 09:24:57,1484.25,318007
2021-06-10 09:24:58,1484.15,319109
2021-06-10 09:24:59,1484.5,319115
2021-06-10 09:25:00,1484.5,319212
2021-06-10 09:25:01,1484.25,319218
2021-06-10 09:25:02,1484.5,319355
2021-06-10 09:25:03,1484.5,319355
2021-06-10 09:25:04,1484.5,319918
2021-06-10 09:25:06,1484.25,320000
2021-06-10 09:25:07,1484.5,320001
2021-06-10 09:25:08,1484.75,320048
2021-06-10 09:25:10,1484.35,320078
2021-06-10 09:25:11,1484.35,320265
2021-06-10 09:25:12,1484.35,320320
2021-06-10 09:25:13,1484.75,320372
2021-06-10 09:25:14,1484.75,320372
2021-06-10 09:25:15,1484.75,320394
2021-06-10 09:25:16,1484.75,320411
2021-06-10 09:25:17,1484.75,320466
2021-06-10 09:25:18,1484.75,320476
2021-06-10 09:25:19,1484.75,320601
2021-06-10 09:25:20,1484.75,320622
2021-06-10 09:25:21,1484.75,320708
2021-06-10 09:25:22,1484.35,320901
2021-06-10 09:25:23,1484.35,320945
2021-06-10 09:25:24,1484.35,321170
2021-06-10 09:25:25,1484.35,321236
2021-06-10 09:25:26,1484.45,321242
2021-06-10 09:25:27,1484.45,321330
2021-06-10 09:25:28,1484.45,321499
2021-06-10 09:25:30,1484.45,321629
2021-06-10 09:25:31,1484.45,321633
2021-06-10 09:25:32,1484.45,321654
2021-06-10 09:25:33,1484.35,321759
2021-06-10 09:25:34,1484.35,321869
2021-06-10 09:25:35,1484.35,321891
2021-06-10 09:25:36,1484.35,321896
2021-06-10 09:25:37,1484.45,321901
2021-06-10 09:25:38,1484.45,321902
2021-06-10 09:25:39,1484.4,322056
2021-06-10 09:25:40,1484.35,322067
2021-06-10 09:25:41,1484.35,322072
2021-06-10 09:25:41,1484.35,322072
2021-06-10 09:25:42,1484.45,322074
2021-06-10 09:25:45,1484.35,322421
2021-06-10 09:25:46,1484.45,322530
2021-06-10 09:25:47,1484.45,322555
2021-06-10 09:25:48,1484.35,324351
2021-06-10 09:25:49,1484.4,324387
2021-06-10 09:25:50,1484.45,324389
2021-06-10 09:25:52,1484.45,324514
2021-06-10 09:25:53,1484.1,324581
2021-06-10 09:25:54,1484.4,324583
2021-06-10 09:25:55,1484.4,324585
2021-06-10 09:25:57,1483.6,325953
2021-06-10 09:25:58,1483.5,325958
2021-06-10 09:25:59,1483.8,325960
2021-06-10 09:26:00,1483.8,325979
2021-06-10 09:26:01,1483.65,326170
2021-06-10 09:26:02,1483.5,326237
2021-06-10 09:26:01,1483.5,326237
2021-06-10 09:26:03,1483.6,326559
2021-06-10 09:26:04,1482.95,327406
2021-06-10 09:26:05,1482.9,327498
2021-06-10 09:26:06,1483.0,327543
2021-06-10 09:26:07,1483.2,327637
2021-06-10 09:26:08,1482.8,328266
2021-06-10 09:26:09,1482.85,328275
2021-06-10 09:26:10,1482.8,328493
2021-06-10 09:26:11,1482.8,328894
2021-06-10 09:26:12,1482.85,330229
2021-06-10 09:26:13,1482.85,330229
2021-06-10 09:26:14,1482.6,330434
2021-06-10 09:26:15,1482.8,330840
2021-06-10 09:26:16,1483.1,331704
2021-06-10 09:26:17,1483.15,331914
2021-06-10 09:26:18,1482.85,332037
2021-06-10 09:26:19,1482.8,332144
2021-06-10 09:26:20,1482.8,332144
2021-06-10 09:26:21,1482.5,332812
2021-06-10 09:26:22,1483.1,332813
2021-06-10 09:26:23,1482.6,332819
2021-06-10 09:26:24,1483.0,332820
2021-06-10 09:26:25,1482.6,333331
2021-06-10 09:26:26,1482.5,333523
2021-06-10 09:26:27,1482.5,333553
2021-06-10 09:26:28,1482.7,333554
2021-06-10 09:26:29,1482.55,333603
2021-06-10 09:26:30,1482.0,334018
2021-06-10 09:26:32,1482.0,334093
2021-06-10 09:26:33,1482.0,334154
2021-06-10 09:26:34,1482.0,334200
2021-06-10 09:26:35,1482.35,334250
2021-06-10 09:26:36,1482.35,334250
2021-06-10 09:26:37,1482.5,334257
2021-06-10 09:26:38,1482.5,334272
2021-06-10 09:26:39,1482.4,334544
2021-06-10 09:26:40,1482.9,334816
2021-06-10 09:26:40,1482.5,334545
2021-06-10 09:26:41,1482.9,334816
2021-06-10 09:26:42,1482.9,334866
2021-06-10 09:26:43,1482.85,335099
2021-06-10 09:26:44,1482.35,335342
2021-06-10 09:26:45,1482.8,335347
2021-06-10 09:26:46,1482.2,336016
2021-06-10 09:26:47,1482.3,336177
2021-06-10 09:26:48,1482.0,336337
2021-06-10 09:26:49,1482.0,337388
2021-06-10 09:26:50,1481.85,340237
2021-06-10 09:26:52,1481.45,342403
2021-06-10 09:26:53,1481.45,342437
2021-06-10 09:26:54,1481.4,342599
2021-06-10 09:26:55,1481.0,342649
2021-06-10 09:26:56,1481.2,342810
2021-06-10 09:26:57,1481.25,342972
2021-06-10 09:26:58,1481.2,342978
2021-06-10 09:26:59,1481.0,343193
2021-06-10 09:27:00,1480.85,343364
2021-06-10 09:27:01,1479.55,353048
2021-06-10 09:27:02,1479.3,355669
2021-06-10 09:27:03,1479.8,357393
2021-06-10 09:27:04,1479.6,358226
2021-06-10 09:27:05,1479.8,359646
2021-06-10 09:27:06,1479.75,359803
2021-06-10 09:27:07,1479.75,360380
2021-06-10 09:27:08,1480.0,361084
2021-06-10 09:27:09,1480.55,361156
2021-06-10 09:27:10,1480.7,361285
2021-06-10 09:27:11,1480.55,361295
2021-06-10 09:27:12,1480.6,361874
2021-06-10 09:27:13,1480.7,361903
2021-06-10 09:27:15,1480.5,362028
2021-06-10 09:27:16,1480.5,362043
2021-06-10 09:27:17,1480.7,362085
2021-06-10 09:27:18,1480.65,362635
2021-06-10 09:27:19,1480.65,363006
2021-06-10 09:27:20,1480.65,363250
2021-06-10 09:27:23,1480.95,364570
2021-06-10 09:27:24,1480.8,364736
2021-06-10 09:27:25,1480.8,364736
2021-06-10 09:27:26,1481.4,365214
2021-06-10 09:27:27,1481.4,365269
2021-06-10 09:27:28,1481.35,365301
2021-06-10 09:27:29,1480.9,365327
2021-06-10 09:27:30,1481.1,365345
2021-06-10 09:27:31,1481.1,365365
2021-06-10 09:27:32,1481.1,365375
2021-06-10 09:27:33,1481.1,365475
2021-06-10 09:27:34,1481.1,365475
2021-06-10 09:27:35,1480.95,365495
2021-06-10 09:27:36,1480.95,365500
2021-06-10 09:27:37,1481.15,365510
2021-06-10 09:27:38,1481.25,366517
2021-06-10 09:27:39,1481.3,366558
2021-06-10 09:27:40,1481.55,366566
2021-06-10 09:27:41,1481.55,366566
2021-06-10 09:27:42,1481.45,366710
2021-06-10 09:27:43,1482.0,366800
2021-06-10 09:27:44,1482.0,366820
2021-06-10 09:27:45,1482.0,367070
2021-06-10 09:27:46,1482.0,367070
2021-06-10 09:27:47,1481.7,367082
2021-06-10 09:27:48,1481.7,367082
2021-06-10 09:27:49,1482.0,367322
2021-06-10 09:27:50,1482.0,367504
2021-06-10 09:27:51,1481.7,367621
2021-06-10 09:27:52,1481.65,368472
2021-06-10 09:27:53,1481.65,368480
2021-06-10 09:27:53,1481.45,368506
2021-06-10 09:27:54,1481.65,368508
2021-06-10 09:27:55,1481.45,368804
2021-06-10 09:27:56,1481.45,368804
2021-06-10 09:27:57,1481.45,368834
2021-06-10 09:27:58,1481.65,368967
2021-06-10 09:27:59,1481.65,368992
2021-06-10 09:28:00,1481.2,368995
2021-06-10 09:28:01,1481.65,369101
2021-06-10 09:28:03,1481.85,369402
2021-06-10 09:28:04,1482.0,369472
2021-06-10 09:28:05,1482.0,369472
2021-06-10 09:28:06,1481.25,369493
2021-06-10 09:28:06,1481.65,369473
2021-06-10 09:28:07,1481.35,369553
2021-06-10 09:28:08,1482.0,369896
2021-06-10 09:28:09,1482.0,369928
2021-06-10 09:28:10,1481.7,370079
2021-06-10 09:28:11,1481.6,370092
2021-06-10 09:28:12,1482.0,370115
2021-06-10 09:28:13,1481.65,370859
2021-06-10 09:28:14,1482.0,370889
2021-06-10 09:28:16,1481.4,371449
2021-06-10 09:28:18,1481.95,371662
2021-06-10 09:28:20,1481.7,371777
2021-06-10 09:28:22,1482.0,372226
2021-06-10 09:28:23,1482.0,372596
2021-06-10 09:28:24,1482.1,372675
2021-06-10 09:28:25,1482.35,372719
2021-06-10 09:28:26,1482.35,372720
2021-06-10 09:28:27,1481.95,373180
2021-06-10 09:28:28,1482.1,373233
2021-06-10 09:28:29,1481.7,378429
2021-06-10 09:28:30,1481.55,378969
2021-06-10 09:28:31,1481.7,379139
2021-06-10 09:28:32,1481.4,379548
2021-06-10 09:28:33,1481.55,380558
2021-06-10 09:28:34,1481.55,380681
2021-06-10 09:28:35,1481.5,380682
2021-06-10 09:28:35,1481.5,380682
2021-06-10 09:28:37,1481.5,380692
2021-06-10 09:28:38,1481.5,380693
2021-06-10 09:28:39,1481.5,380693
2021-06-10 09:28:39,1481.5,380693
2021-06-10 09:28:40,1481.5,380695
2021-06-10 09:28:41,1481.5,380725
2021-06-10 09:28:42,1481.5,380881
2021-06-10 09:28:43,1481.35,381419
2021-06-10 09:28:44,1481.45,381443
2021-06-10 09:28:45,1481.45,381443
2021-06-10 09:28:47,1481.45,381491
2021-06-10 09:28:48,1481.7,381693
2021-06-10 09:28:50,1481.8,381819
2021-06-10 09:28:50,1481.9,382044
2021-06-10 09:28:51,1481.7,382144
2021-06-10 09:28:52,1481.7,382144
2021-06-10 09:28:53,1482.0,382161
2021-06-10 09:28:54,1482.0,382161
2021-06-10 09:28:55,1482.0,382161
2021-06-10 09:28:56,1481.95,382163
2021-06-10 09:28:58,1482.0,382248
2021-06-10 09:28:58,1482.0,382268
2021-06-10 09:28:59,1481.95,382278
2021-06-10 09:29:00,1481.95,382365
2021-06-10 09:29:01,1482.05,382419
2021-06-10 09:29:02,1482.0,382459
2021-06-10 09:29:04,1482.35,382469
2021-06-10 09:29:05,1482.45,382472
2021-06-10 09:29:06,1482.7,382507
2021-06-10 09:29:07,1482.7,382507
2021-06-10 09:29:08,1482.7,382507
2021-06-10 09:29:08,1482.7,382507
2021-06-10 09:29:09,1482.7,382508
2021-06-10 09:29:10,1482.7,382515
2021-06-10 09:29:11,1482.3,382527
2021-06-10 09:29:12,1482.9,382637
2021-06-10 09:29:13,1482.9,382637
2021-06-10 09:29:14,1482.9,382641
2021-06-10 09:29:15,1482.9,382669
2021-06-10 09:29:16,1482.9,382683
2021-06-10 09:29:17,1482.9,382683
2021-06-10 09:29:18,1483.0,382879
2021-06-10 09:29:20,1483.0,382935
2021-06-10 09:29:21,1483.0,382935
2021-06-10 09:29:22,1482.9,382968
2021-06-10 09:29:24,1483.0,383141
2021-06-10 09:29:25,1483.3,383243
2021-06-10 09:29:26,1483.3,383328
2021-06-10 09:29:27,1483.3,383329
2021-06-10 09:29:28,1483.5,383900
2021-06-10 09:29:28,1483.5,383900
2021-06-10 09:29:29,1483.5,383900
2021-06-10 09:29:30,1483.3,384097
2021-06-10 09:29:31,1483.3,384097
2021-06-10 09:29:32,1483.3,384097
2021-06-10 09:29:33,1483.0,384212
2021-06-10 09:29:34,1482.8,384540
2021-06-10 09:29:37,1482.25,385016
2021-06-10 09:29:38,1482.8,385037
2021-06-10 09:29:38,1482.8,385037
2021-06-10 09:29:39,1482.8,385069
2021-06-10 09:29:41,1482.6,385075
2021-06-10 09:29:42,1482.8,385086
2021-06-10 09:29:44,1482.8,385186
2021-06-10 09:29:44,1482.8,385196
2021-06-10 09:29:45,1482.65,385214
2021-06-10 09:29:46,1482.65,385214
2021-06-10 09:29:47,1482.65,385214
2021-06-10 09:29:48,1482.8,385769
2021-06-10 09:29:49,1482.65,385888
2021-06-10 09:29:50,1482.65,386066
2021-06-10 09:29:51,1483.2,386173
2021-06-10 09:29:53,1483.3,386286
2021-06-10 09:29:54,1483.25,386420
2021-06-10 09:29:55,1483.25,386420
2021-06-10 09:29:56,1482.75,386542
2021-06-10 09:29:57,1483.25,386550
2021-06-10 09:29:58,1482.75,387311
2021-06-10 09:29:59,1482.85,387462
2021-06-10 09:30:00,1482.55,387863
2021-06-10 09:30:02,1482.6,388672
2021-06-10 09:30:03,1482.8,389234
2021-06-10 09:30:04,1483.45,389249
2021-06-10 09:30:06,1483.45,389917
2021-06-10 09:30:06,1483.45,389916
2021-06-10 09:30:07,1483.55,390733
2021-06-10 09:30:08,1484.0,390803
2021-06-10 09:30:09,1483.75,391193
2021-06-10 09:30:11,1483.7,391393
2021-06-10 09:30:12,1484.0,392113
2021-06-10 09:30:13,1484.05,392173
2021-06-10 09:30:14,1483.95,392924
2021-06-10 09:30:15,1483.95,392924
2021-06-10 09:30:16,1483.2,392929
2021-06-10 09:30:17,1483.25,393596
2021-06-10 09:30:18,1483.8,394200
2021-06-10 09:30:21,1484.2,395209
2021-06-10 09:30:23,1484.45,395474
2021-06-10 09:30:24,1484.0,395669
2021-06-10 09:30:25,1483.3,396338
2021-06-10 09:30:28,1483.45,396371
2021-06-10 09:30:29,1483.65,396381
2021-06-10 09:30:30,1483.15,397041
2021-06-10 09:30:31,1483.15,397041
2021-06-10 09:30:31,1483.15,397041
2021-06-10 09:30:33,1483.65,397063
2021-06-10 09:30:34,1483.65,397843
2021-06-10 09:30:34,1483.65,397843
2021-06-10 09:30:35,1482.85,398290
2021-06-10 09:30:36,1482.85,399350
2021-06-10 09:30:37,1482.5,400064
2021-06-10 09:30:38,1483.0,400089
2021-06-10 09:30:39,1482.9,400146
2021-06-10 09:30:41,1482.55,400155
2021-06-10 09:30:42,1482.55,400155
2021-06-10 09:30:43,1482.65,400165
2021-06-10 09:30:44,1482.6,400246
2021-06-10 09:30:45,1482.5,400942
2021-06-10 09:30:45,1482.85,400952
2021-06-10 09:30:46,1482.85,400955
2021-06-10 09:30:47,1482.85,400955
2021-06-10 09:30:48,1482.75,401314
2021-06-10 09:30:49,1482.8,401334
2021-06-10 09:30:51,1482.55,401339
2021-06-10 09:30:52,1483.1,401378
2021-06-10 09:30:53,1483.15,401393
2021-06-10 09:30:54,1483.15,401393
2021-06-10 09:30:56,1483.1,401408
2021-06-10 09:30:57,1483.1,401414
2021-06-10 09:30:58,1483.1,401421
2021-06-10 09:30:59,1482.85,401441
2021-06-10 09:31:00,1483.0,401485
2021-06-10 09:31:01,1483.0,401485
2021-06-10 09:31:02,1483.0,401675
2021-06-10 09:31:03,1483.0,401676
2021-06-10 09:31:04,1483.05,401681
2021-06-10 09:31:05,1483.05,401681
2021-06-10 09:31:06,1482.85,401684
2021-06-10 09:31:07,1483.0,401787
2021-06-10 09:31:08,1482.85,401790
2021-06-10 09:31:09,1482.85,401791
2021-06-10 09:31:11,1482.85,401791
2021-06-10 09:31:12,1483.0,401821
2021-06-10 09:31:18,1483.0,402326
2021-06-10 09:31:19,1483.0,402327
2021-06-10 09:31:20,1482.6,402358
2021-06-10 09:31:21,1482.6,402473
2021-06-10 09:31:22,1483.0,402646
2021-06-10 09:31:23,1483.0,402677
2021-06-10 09:31:24,1483.0,402677
2021-06-10 09:31:25,1483.0,402831
2021-06-10 09:31:26,1483.0,402835
2021-06-10 09:31:27,1483.0,402835
2021-06-10 09:31:28,1483.0,402846
2021-06-10 09:31:29,1483.0,402926
2021-06-10 09:31:30,1482.95,403248
2021-06-10 09:31:31,1482.55,403977
2021-06-10 09:31:32,1482.55,404750
2021-06-10 09:31:33,1482.8,404875
2021-06-10 09:31:34,1482.8,404875
2021-06-10 09:31:35,1482.45,406641
2021-06-10 09:31:36,1482.0,406997
2021-06-10 09:31:37,1482.0,406999
2021-06-10 09:31:38,1481.6,407004
2021-06-10 09:31:38,1482.0,406999
2021-06-10 09:31:39,1482.0,407009
2021-06-10 09:31:40,1482.0,407011
2021-06-10 09:31:41,1482.0,407012
2021-06-10 09:31:42,1482.0,407012
2021-06-10 09:31:43,1482.0,407193
2021-06-10 09:31:45,1481.7,407225
2021-06-10 09:31:46,1481.7,407225
2021-06-10 09:31:47,1481.65,407408
2021-06-10 09:31:48,1482.1,407409
2021-06-10 09:31:53,1482.0,407916
2021-06-10 09:31:55,1482.25,407986
2021-06-10 09:31:56,1482.15,408062
2021-06-10 09:31:56,1482.15,408062
2021-06-10 09:31:58,1482.4,408165
2021-06-10 09:31:58,1482.4,408165
2021-06-10 09:32:00,1482.0,408172
2021-06-10 09:32:01,1482.4,408212
2021-06-10 09:32:01,1482.4,408212
2021-06-10 09:32:02,1482.1,408313
2021-06-10 09:32:03,1482.4,408315
2021-06-10 09:32:04,1482.4,408315
2021-06-10 09:32:05,1482.1,408390
2021-06-10 09:32:07,1482.4,408397
2021-06-10 09:32:08,1482.4,408397
2021-06-10 09:32:09,1482.1,408447
2021-06-10 09:32:10,1481.75,409368
2021-06-10 09:32:11,1482.0,409630
2021-06-10 09:32:13,1482.25,409925
2021-06-10 09:32:14,1481.65,410405
2021-06-10 09:32:14,1481.65,410355
2021-06-10 09:32:16,1482.45,410817
2021-06-10 09:32:16,1482.45,410817
2021-06-10 09:32:17,1482.7,410917
2021-06-10 09:32:19,1482.45,410927
2021-06-10 09:32:20,1482.85,411027
2021-06-10 09:32:21,1482.8,411028
2021-06-10 09:32:22,1482.8,411029
2021-06-10 09:32:24,1482.9,411323
2021-06-10 09:32:25,1483.25,411691
2021-06-10 09:32:26,1483.25,411741
2021-06-10 09:32:26,1483.25,411825
2021-06-10 09:32:27,1483.95,412233
2021-06-10 09:32:29,1483.95,412367
2021-06-10 09:32:30,1484.0,412377
2021-06-10 09:32:31,1483.5,412382
2021-06-10 09:32:32,1484.0,412460
2021-06-10 09:32:33,1484.0,412510
2021-06-10 09:32:34,1484.0,412650
2021-06-10 09:32:35,1483.6,412669
2021-06-10 09:32:36,1483.6,412723
2021-06-10 09:32:37,1483.6,412799
2021-06-10 09:32:38,1484.0,412858
2021-06-10 09:32:40,1484.0,412929
2021-06-10 09:32:41,1484.0,413426
2021-06-10 09:32:42,1484.05,413858
2021-06-10 09:32:43,1484.15,414120
2021-06-10 09:32:45,1484.15,414231
2021-06-10 09:32:46,1484.2,414345
2021-06-10 09:32:47,1484.2,414354
2021-06-10 09:32:48,1484.2,414906
2021-06-10 09:32:49,1484.5,414956
2021-06-10 09:32:50,1484.5,414957
2021-06-10 09:32:51,1484.5,415084
2021-06-10 09:32:52,1484.5,415104
2021-06-10 09:32:53,1484.5,415638
2021-06-10 09:32:53,1484.5,415638
2021-06-10 09:32:54,1484.25,415866
2021-06-10 09:32:55,1483.95,417221
2021-06-10 09:32:58,1484.0,417923
2021-06-10 09:32:59,1483.6,418003
2021-06-10 09:33:00,1483.6,418003
2021-06-10 09:33:01,1484.25,418060
2021-06-10 09:33:02,1484.25,418060
2021-06-10 09:33:03,1484.25,418063
2021-06-10 09:33:04,1484.4,418064
2021-06-10 09:33:05,1484.7,418074
2021-06-10 09:33:06,1484.2,418095
2021-06-10 09:33:07,1484.2,418121
2021-06-10 09:33:07,1484.2,418126
2021-06-10 09:33:09,1484.6,418287
2021-06-10 09:33:10,1484.45,418468
2021-06-10 09:33:11,1484.0,418470
2021-06-10 09:33:12,1484.45,418489
2021-06-10 09:33:13,1484.45,418489
2021-06-10 09:33:15,1484.4,418515
2021-06-10 09:33:16,1484.3,418585
2021-06-10 09:33:16,1484.3,418605
2021-06-10 09:33:17,1484.0,418622
2021-06-10 09:33:19,1484.0,418766
2021-06-10 09:33:20,1484.0,418827
2021-06-10 09:33:21,1484.15,419134
2021-06-10 09:33:22,1484.15,419144
2021-06-10 09:33:23,1484.15,419144
2021-06-10 09:33:24,1484.0,419169
2021-06-10 09:33:25,1484.0,419175
2021-06-10 09:33:26,1484.15,419280
2021-06-10 09:33:27,1484.3,419430
2021-06-10 09:33:28,1483.6,419748
2021-06-10 09:33:28,1483.6,419748
2021-06-10 09:33:30,1483.3,419935
2021-06-10 09:33:31,1483.95,420062
2021-06-10 09:33:32,1483.8,420066
2021-06-10 09:33:33,1483.5,420192
2021-06-10 09:33:34,1483.8,420402
2021-06-10 09:33:35,1483.8,420507
2021-06-10 09:33:36,1483.6,420536
2021-06-10 09:33:37,1483.8,420616
2021-06-10 09:33:38,1483.75,420621
2021-06-10 09:33:38,1483.75,420631
2021-06-10 09:33:40,1483.75,420636
2021-06-10 09:33:41,1483.75,420646
2021-06-10 09:33:42,1483.75,420662
2021-06-10 09:33:43,1483.6,420878
2021-06-10 09:33:44,1484.0,420952
2021-06-10 09:33:45,1484.0,420952
2021-06-10 09:33:46,1483.95,421124
2021-06-10 09:33:46,1483.95,421124
2021-06-10 09:33:47,1484.0,421624
2021-06-10 09:33:49,1483.95,421774
2021-06-10 09:33:50,1484.0,422018
2021-06-10 09:33:51,1484.0,422469
2021-06-10 09:33:52,1484.0,422925
2021-06-10 09:33:54,1483.95,422941
2021-06-10 09:33:55,1483.95,422942
2021-06-10 09:33:56,1483.95,422962
2021-06-10 09:33:57,1483.95,422962
2021-06-10 09:33:58,1483.95,422964
2021-06-10 09:33:59,1483.95,423025
2021-06-10 09:33:59,1483.95,423025
2021-06-10 09:34:01,1484.0,424078
2021-06-10 09:34:02,1483.85,424203
2021-06-10 09:34:03,1483.8,424208
2021-06-10 09:34:04,1484.0,424463
2021-06-10 09:34:05,1484.05,424904
2021-06-10 09:34:06,1484.0,424933
2021-06-10 09:34:07,1484.2,425141
2021-06-10 09:34:08,1484.2,425141
2021-06-10 09:34:09,1484.15,425151
2021-06-10 09:34:10,1484.2,425697
2021-06-10 09:34:11,1484.15,425707
2021-06-10 09:34:12,1484.8,425708
2021-06-10 09:34:13,1484.8,425708
2021-06-10 09:34:14,1484.7,425770
2021-06-10 09:34:15,1484.2,425796
2021-06-10 09:34:17,1484.7,425797
2021-06-10 09:34:16,1484.7,425797
2021-06-10 09:34:18,1484.2,426015
2021-06-10 09:34:19,1484.25,426070
2021-06-10 09:34:20,1484.25,427321
2021-06-10 09:34:21,1484.25,427361
2021-06-10 09:34:22,1484.75,427365
2021-06-10 09:34:23,1484.75,427370
2021-06-10 09:34:24,1484.75,427376
2021-06-10 09:34:25,1484.75,427381
2021-06-10 09:34:26,1484.75,427383
2021-06-10 09:34:27,1484.75,427387
2021-06-10 09:34:28,1484.0,428667
2021-06-10 09:34:29,1484.0,428667
2021-06-10 09:34:30,1484.3,429739
2021-06-10 09:34:31,1483.95,429834
2021-06-10 09:34:32,1483.6,429950
2021-06-10 09:34:33,1484.1,430246
2021-06-10 09:34:34,1484.1,430247
2021-06-10 09:34:35,1484.05,430537
2021-06-10 09:34:36,1484.2,430616
2021-06-10 09:34:37,1484.2,430616
2021-06-10 09:34:38,1483.6,430623
2021-06-10 09:34:39,1484.2,430805
2021-06-10 09:34:40,1484.2,430805
2021-06-10 09:34:41,1484.0,430806
2021-06-10 09:34:42,1484.2,430929
2021-06-10 09:34:43,1484.2,430929
2021-06-10 09:34:45,1484.45,431470
2021-06-10 09:34:46,1484.45,431575
2021-06-10 09:34:47,1484.0,431577
2021-06-10 09:34:48,1483.95,431686
2021-06-10 09:34:49,1483.95,431690
2021-06-10 09:34:50,1483.75,431695
2021-06-10 09:34:51,1483.75,431695
2021-06-10 09:34:52,1483.95,431696
2021-06-10 09:34:53,1483.7,431792
2021-06-10 09:34:54,1483.65,431835
2021-06-10 09:34:55,1483.65,432609
2021-06-10 09:34:56,1483.45,432642
2021-06-10 09:34:57,1483.45,432642
2021-06-10 09:34:58,1483.4,432696
2021-06-10 09:34:59,1483.65,432806
2021-06-10 09:35:00,1483.4,432809
2021-06-10 09:35:01,1483.4,432809
2021-06-10 09:35:02,1483.65,432829
2021-06-10 09:35:03,1483.65,432944
2021-06-10 09:35:04,1483.65,432959
2021-06-10 09:35:05,1483.7,432969
2021-06-10 09:35:06,1483.4,433087
2021-06-10 09:35:07,1483.6,433093
2021-06-10 09:35:08,1483.6,433095
2021-06-10 09:35:09,1483.6,433095
2021-06-10 09:35:10,1483.6,433095
2021-06-10 09:35:11,1483.6,433095
2021-06-10 09:35:13,1483.6,433120
2021-06-10 09:35:14,1483.55,433121
2021-06-10 09:35:15,1483.4,433122
2021-06-10 09:35:16,1483.4,433254
2021-06-10 09:35:17,1483.35,433970
2021-06-10 09:35:18,1483.35,434021
2021-06-10 09:35:19,1483.7,434022
2021-06-10 09:35:20,1483.65,434122
2021-06-10 09:35:21,1483.35,434222
2021-06-10 09:35:22,1483.8,434225
2021-06-10 09:35:23,1483.8,434225
2021-06-10 09:35:24,1483.8,434225
2021-06-10 09:35:25,1483.35,434245
2021-06-10 09:35:26,1483.75,434251
2021-06-10 09:35:27,1483.75,434251
2021-06-10 09:35:28,1483.65,434507
2021-06-10 09:35:29,1484.0,434707
2021-06-10 09:35:30,1483.6,434727
2021-06-10 09:35:31,1484.0,434777
2021-06-10 09:35:32,1483.75,434822
2021-06-10 09:35:33,1483.9,435020
2021-06-10 09:35:34,1483.9,435137
2021-06-10 09:35:35,1483.4,435142
2021-06-10 09:35:36,1483.75,435244
2021-06-10 09:35:37,1483.8,435245
2021-06-10 09:35:38,1483.8,435256
2021-06-10 09:35:39,1484.0,435421
2021-06-10 09:35:40,1483.8,435461
2021-06-10 09:35:41,1483.6,435471
2021-06-10 09:35:42,1483.6,435475
2021-06-10 09:35:44,1483.7,435570
2021-06-10 09:35:43,1483.7,435570
2021-06-10 09:35:45,1483.6,435797
2021-06-10 09:35:46,1483.25,435988
2021-06-10 09:35:47,1483.2,436231
2021-06-10 09:35:48,1483.15,436246
2021-06-10 09:35:49,1483.65,436316
2021-06-10 09:35:51,1483.65,436323
2021-06-10 09:35:50,1483.2,436321
2021-06-10 09:35:53,1483.5,436394
2021-06-10 09:35:54,1483.5,436398
2021-06-10 09:35:55,1483.5,436398
2021-06-10 09:35:56,1483.5,436398
2021-06-10 09:35:57,1483.45,436423
2021-06-10 09:35:58,1483.4,436456
2021-06-10 09:35:59,1483.15,436510
2021-06-10 09:36:00,1483.1,436656
2021-06-10 09:36:01,1483.1,436658
2021-06-10 09:36:02,1483.4,436659
2021-06-10 09:36:03,1483.2,436672
2021-06-10 09:36:04,1483.2,436782
2021-06-10 09:36:06,1483.2,436847
2021-06-10 09:36:05,1483.2,436847
2021-06-10 09:36:07,1483.1,436896
2021-06-10 09:36:08,1483.2,437026
2021-06-10 09:36:09,1483.05,437303
2021-06-10 09:36:10,1483.05,437308
2021-06-10 09:36:11,1483.2,437323
2021-06-10 09:36:12,1483.2,437356
2021-06-10 09:36:13,1483.5,437373
2021-06-10 09:36:14,1483.45,437379
2021-06-10 09:36:16,1483.2,437404
2021-06-10 09:36:16,1483.2,437404
2021-06-10 09:36:17,1483.2,437526
2021-06-10 09:36:18,1483.25,437527
2021-06-10 09:36:19,1483.1,437588
2021-06-10 09:36:21,1483.1,437643
2021-06-10 09:36:21,1483.1,437643
2021-06-10 09:36:23,1483.65,438132
2021-06-10 09:36:24,1483.5,438137
2021-06-10 09:36:25,1483.5,438167
2021-06-10 09:36:27,1483.8,438214
2021-06-10 09:36:29,1483.8,438214
2021-06-10 09:36:29,1483.8,438214
2021-06-10 09:36:30,1483.55,438229
2021-06-10 09:36:31,1484.0,438508
2021-06-10 09:36:32,1484.0,438508
2021-06-10 09:36:33,1483.95,438608
2021-06-10 09:36:36,1483.6,439420
2021-06-10 09:36:37,1483.6,439477
2021-06-10 09:36:38,1483.2,439483
2021-06-10 09:36:39,1483.5,439592
2021-06-10 09:36:40,1483.5,439594
2021-06-10 09:36:41,1483.35,440072
2021-06-10 09:36:42,1483.4,440184
2021-06-10 09:36:43,1483.45,440359
2021-06-10 09:36:44,1483.0,440584
2021-06-10 09:36:45,1483.45,440780
2021-06-10 09:36:47,1483.0,441001
2021-06-10 09:36:47,1482.8,442904
2021-06-10 09:36:48,1482.9,442921
2021-06-10 09:36:49,1482.9,442948
2021-06-10 09:36:50,1482.6,442961
2021-06-10 09:36:52,1482.6,443280
2021-06-10 09:36:52,1482.6,443280
2021-06-10 09:36:53,1482.5,443281
2021-06-10 09:36:54,1482.6,443292
2021-06-10 09:36:56,1482.6,443471
2021-06-10 09:36:57,1482.6,443472
2021-06-10 09:36:58,1482.5,443572
2021-06-10 09:36:59,1482.5,443706
2021-06-10 09:37:00,1482.5,444903
2021-06-10 09:37:01,1482.5,444913
2021-06-10 09:37:02,1482.85,444917
2021-06-10 09:37:03,1482.9,445517
2021-06-10 09:37:04,1482.6,445527
2021-06-10 09:37:05,1483.0,445529
2021-06-10 09:37:08,1482.55,446018
2021-06-10 09:37:08,1482.55,446018
2021-06-10 09:37:09,1482.65,446281
2021-06-10 09:37:10,1482.65,446308
2021-06-10 09:37:11,1483.55,446957
2021-06-10 09:37:12,1483.45,446977
2021-06-10 09:37:13,1483.6,446978
2021-06-10 09:37:14,1483.25,446986
2021-06-10 09:37:15,1483.25,446986
2021-06-10 09:37:17,1483.2,447017
2021-06-10 09:37:17,1483.2,447017
2021-06-10 09:37:18,1483.55,447018
2021-06-10 09:37:19,1483.65,447600
2021-06-10 09:37:20,1483.65,447600
2021-06-10 09:37:21,1483.75,447718
2021-06-10 09:37:22,1483.75,447718
2021-06-10 09:37:23,1483.85,447745
2021-06-10 09:37:24,1483.85,447745
2021-06-10 09:37:25,1483.45,447750
2021-06-10 09:37:26,1483.45,447751
2021-06-10 09:37:27,1483.45,447751
2021-06-10 09:37:29,1484.0,448324
2021-06-10 09:37:30,1484.0,448333
2021-06-10 09:37:31,1484.0,448333
2021-06-10 09:37:32,1484.25,449440
2021-06-10 09:37:33,1483.6,449464
2021-06-10 09:37:34,1483.45,449599
2021-06-10 09:37:35,1483.45,449599
2021-06-10 09:37:36,1483.75,449602
2021-06-10 09:37:38,1483.75,449602
2021-06-10 09:37:39,1483.75,449624
2021-06-10 09:37:39,1483.75,449624
2021-06-10 09:37:40,1483.75,449639
2021-06-10 09:37:41,1483.75,449643
2021-06-10 09:37:42,1483.75,449723
2021-06-10 09:37:43,1483.75,449765
2021-06-10 09:37:44,1484.0,449931
2021-06-10 09:37:45,1484.05,449947
2021-06-10 09:37:46,1484.05,449947
2021-06-10 09:37:47,1484.05,449947
2021-06-10 09:37:48,1484.2,449958
2021-06-10 09:37:49,1484.2,449958
2021-06-10 09:37:50,1484.2,449958
2021-06-10 09:37:52,1483.75,450356
2021-06-10 09:37:52,1483.75,450356
2021-06-10 09:37:53,1483.85,450366
2021-06-10 09:37:54,1483.8,450374
2021-06-10 09:37:55,1483.75,450471
2021-06-10 09:37:56,1483.5,450995
2021-06-10 09:37:57,1483.6,451032
2021-06-10 09:37:58,1483.6,451032
2021-06-10 09:37:59,1483.5,451502
2021-06-10 09:38:00,1483.1,451519
2021-06-10 09:38:01,1483.6,451585
2021-06-10 09:38:02,1483.6,451585
2021-06-10 09:38:04,1483.6,451585
2021-06-10 09:38:05,1483.6,451585
2021-06-10 09:38:05,1483.5,451589
2021-06-10 09:38:06,1483.55,451796
2021-06-10 09:38:07,1483.05,452207
2021-06-10 09:38:09,1482.75,452219
2021-06-10 09:38:10,1482.75,452219
2021-06-10 09:38:11,1482.75,452297
2021-06-10 09:38:12,1482.75,452417
2021-06-10 09:38:13,1482.45,453348
2021-06-10 09:38:14,1483.0,453349
2021-06-10 09:38:15,1483.0,453349
2021-06-10 09:38:16,1483.0,453354
2021-06-10 09:38:17,1483.0,453517
2021-06-10 09:38:18,1483.0,453559
2021-06-10 09:38:19,1483.0,453579
2021-06-10 09:38:21,1482.75,453588
2021-06-10 09:38:22,1483.0,453602
2021-06-10 09:38:22,1483.0,453602
2021-06-10 09:38:23,1483.0,453602
2021-06-10 09:38:25,1482.75,453667
2021-06-10 09:38:25,1482.75,453667
2021-06-10 09:38:26,1482.75,453732
2021-06-10 09:38:27,1482.75,453732
2021-06-10 09:38:29,1482.85,453748
2021-06-10 09:38:29,1482.85,453748
2021-06-10 09:38:30,1482.8,453763
2021-06-10 09:38:31,1482.75,453827
2021-06-10 09:38:32,1482.75,453827
2021-06-10 09:38:33,1482.85,453837
2021-06-10 09:38:35,1482.85,454134
2021-06-10 09:38:36,1482.8,454138
2021-06-10 09:38:37,1483.0,454688
2021-06-10 09:38:38,1483.0,454688
2021-06-10 09:38:39,1483.0,454688
2021-06-10 09:38:40,1482.9,454708
2021-06-10 09:38:40,1482.9,454708
2021-06-10 09:38:41,1483.0,454717
2021-06-10 09:38:42,1483.05,455046
2021-06-10 09:38:43,1483.05,455418
2021-06-10 09:38:44,1483.05,455553
2021-06-10 09:38:45,1483.4,455613
2021-06-10 09:38:47,1483.4,455613
2021-06-10 09:38:48,1483.4,455613
2021-06-10 09:38:49,1483.7,455643
2021-06-10 09:38:50,1483.65,456145
2021-06-10 09:38:50,1483.7,456345
2021-06-10 09:38:51,1483.3,456350
2021-06-10 09:38:52,1483.3,456350
2021-06-10 09:38:53,1483.35,456357
2021-06-10 09:38:54,1483.7,456418
2021-06-10 09:38:55,1483.75,456419
2021-06-10 09:38:56,1483.7,456428
2021-06-10 09:38:57,1483.75,456437
2021-06-10 09:38:58,1484.0,456472
2021-06-10 09:38:59,1484.0,456496
2021-06-10 09:39:01,1484.0,456501
2021-06-10 09:39:02,1484.0,456504
2021-06-10 09:39:03,1484.0,456504
2021-06-10 09:39:04,1484.0,456504
2021-06-10 09:39:05,1484.0,456506
2021-06-10 09:39:06,1483.75,456580
2021-06-10 09:39:07,1483.75,456583
2021-06-10 09:39:08,1484.0,456585
2021-06-10 09:39:09,1484.0,456585
2021-06-10 09:39:10,1484.0,456590
2021-06-10 09:39:11,1484.0,456590
2021-06-10 09:39:12,1484.0,456642
2021-06-10 09:39:15,1484.0,456709
2021-06-10 09:39:16,1484.0,456709
2021-06-10 09:39:17,1484.0,456717
2021-06-10 09:39:17,1484.0,456717
2021-06-10 09:39:19,1484.4,458104
2021-06-10 09:39:19,1484.45,458105
2021-06-10 09:39:21,1484.25,458275
2021-06-10 09:39:22,1484.75,458412
2021-06-10 09:39:23,1484.25,458414
2021-06-10 09:39:24,1484.75,458435
2021-06-10 09:39:25,1484.75,458435
2021-06-10 09:39:25,1484.75,458435
2021-06-10 09:39:26,1484.7,458728
2021-06-10 09:39:27,1484.25,458778
2021-06-10 09:39:28,1484.75,459332
2021-06-10 09:39:29,1484.75,459365
2021-06-10 09:39:31,1484.25,459932
2021-06-10 09:39:32,1484.25,459982
2021-06-10 09:39:33,1484.75,460982
2021-06-10 09:39:33,1484.3,461161
2021-06-10 09:39:34,1484.15,461296
2021-06-10 09:39:35,1483.75,462081
2021-06-10 09:39:37,1484.0,462240
2021-06-10 09:39:38,1484.0,462363
2021-06-10 09:39:39,1484.0,462393
2021-06-10 09:39:40,1484.0,462603
2021-06-10 09:39:41,1484.0,462603
2021-06-10 09:39:42,1484.0,462604
2021-06-10 09:39:43,1484.0,462604
2021-06-10 09:39:44,1484.0,462705
2021-06-10 09:39:46,1484.0,462717
2021-06-10 09:39:47,1484.0,463122
2021-06-10 09:39:48,1484.0,463122
2021-06-10 09:39:49,1484.0,463222
2021-06-10 09:39:50,1484.0,463790
2021-06-10 09:39:50,1484.0,463780
2021-06-10 09:39:52,1483.8,463796
2021-06-10 09:39:53,1483.8,463804
2021-06-10 09:39:55,1483.8,463864
2021-06-10 09:39:55,1483.8,463864
2021-06-10 09:39:56,1483.8,463864
2021-06-10 09:39:57,1484.0,463879
2021-06-10 09:39:58,1484.0,463984
2021-06-10 09:39:59,1484.0,463984
2021-06-10 09:40:00,1483.8,463988
2021-06-10 09:40:01,1483.95,464010
2021-06-10 09:40:02,1483.95,464010
2021-06-10 09:40:04,1483.8,465273
2021-06-10 09:40:05,1483.95,466008
2021-06-10 09:40:06,1483.95,466034
2021-06-10 09:40:06,1483.9,466024
2021-06-10 09:40:11,1483.7,467307
2021-06-10 09:40:12,1483.7,467322
2021-06-10 09:40:13,1483.65,467446
2021-06-10 09:40:14,1483.65,467446
2021-06-10 09:40:15,1483.65,467446
2021-06-10 09:40:16,1483.6,467672
2021-06-10 09:40:17,1483.65,467673
2021-06-10 09:40:18,1483.65,467685
2021-06-10 09:40:19,1483.8,467706
2021-06-10 09:40:20,1483.8,467707
2021-06-10 09:40:21,1483.55,467710
2021-06-10 09:40:22,1483.75,467714
2021-06-10 09:40:23,1483.75,468274
2021-06-10 09:40:24,1483.75,468275
2021-06-10 09:40:25,1483.75,468275
2021-06-10 09:40:26,1483.95,468276
2021-06-10 09:40:27,1483.95,468563
2021-06-10 09:40:28,1483.95,468568
2021-06-10 09:40:29,1483.95,468568
2021-06-10 09:40:30,1483.95,468568
2021-06-10 09:40:31,1483.75,468583
2021-06-10 09:40:33,1483.75,469512
2021-06-10 09:40:34,1483.75,469572
2021-06-10 09:40:35,1483.75,469572
2021-06-10 09:40:36,1483.75,469577
2021-06-10 09:40:37,1483.95,469582
2021-06-10 09:40:37,1483.75,469580
2021-06-10 09:40:39,1483.95,469582
2021-06-10 09:40:41,1483.95,469717
2021-06-10 09:40:40,1483.95,469707
2021-06-10 09:40:42,1483.95,469717
2021-06-10 09:40:43,1484.0,470085
2021-06-10 09:40:44,1484.0,470095
2021-06-10 09:40:44,1483.75,470097
2021-06-10 09:40:46,1483.75,470097
2021-06-10 09:40:47,1483.95,470104
2021-06-10 09:40:48,1483.75,470134
2021-06-10 09:40:49,1483.75,470135
2021-06-10 09:40:50,1483.75,470146
2021-06-10 09:40:51,1483.95,470161
2021-06-10 09:40:51,1483.75,470151
2021-06-10 09:40:52,1483.95,470161
2021-06-10 09:40:53,1483.95,470161
2021-06-10 09:40:54,1483.75,470222
2021-06-10 09:40:55,1483.95,470244
2021-06-10 09:40:56,1483.95,470249
2021-06-10 09:40:57,1483.95,470249
2021-06-10 09:40:58,1483.95,470249
2021-06-10 09:40:59,1483.95,470249
2021-06-10 09:41:00,1483.7,471153
2021-06-10 09:41:01,1483.7,471153
2021-06-10 09:41:02,1483.65,471205
2021-06-10 09:41:03,1483.7,471571
2021-06-10 09:41:05,1483.7,471582
2021-06-10 09:41:07,1483.7,471713
2021-06-10 09:41:08,1483.65,471726
2021-06-10 09:41:09,1483.65,471726
2021-06-10 09:41:10,1483.65,471776
2021-06-10 09:41:12,1483.5,471840
2021-06-10 09:41:13,1483.5,471970
2021-06-10 09:41:14,1483.45,471971
2021-06-10 09:41:15,1483.45,471981
2021-06-10 09:41:16,1483.45,472011
2021-06-10 09:41:17,1483.45,472036
2021-06-10 09:41:19,1483.4,472126
2021-06-10 09:41:19,1483.45,472130
2021-06-10 09:41:21,1483.4,472135
2021-06-10 09:41:22,1483.45,472140
2021-06-10 09:41:23,1483.45,472151
2021-06-10 09:41:24,1483.45,472266
2021-06-10 09:41:25,1483.45,472266
2021-06-10 09:41:26,1483.45,472267
2021-06-10 09:41:26,1483.45,472267
2021-06-10 09:41:27,1483.45,472267
2021-06-10 09:41:29,1483.45,472267
2021-06-10 09:41:30,1483.45,472267
2021-06-10 09:41:30,1483.45,472277
2021-06-10 09:41:31,1483.45,472627
2021-06-10 09:41:32,1483.45,472648
2021-06-10 09:41:33,1483.4,472652
2021-06-10 09:41:34,1483.4,472717
2021-06-10 09:41:35,1483.4,472719
2021-06-10 09:41:36,1483.45,472740
2021-06-10 09:41:37,1483.4,473023
2021-06-10 09:41:38,1483.4,473035
2021-06-10 09:41:40,1483.4,473057
2021-06-10 09:41:41,1483.4,473082
2021-06-10 09:41:42,1483.4,473582
2021-06-10 09:41:43,1483.4,473585
2021-06-10 09:41:44,1483.35,473665
2021-06-10 09:41:45,1483.3,473696
2021-06-10 09:41:47,1483.3,473730
2021-06-10 09:41:48,1483.3,473732
2021-06-10 09:41:50,1483.45,473742
2021-06-10 09:41:50,1483.3,473746
2021-06-10 09:41:52,1483.3,473746
2021-06-10 09:41:52,1483.45,474045
2021-06-10 09:41:54,1483.45,474105
2021-06-10 09:41:55,1483.45,474105
2021-06-10 09:41:56,1483.45,474105
2021-06-10 09:41:57,1483.65,474205
2021-06-10 09:41:58,1483.65,474205
2021-06-10 09:41:59,1483.45,474207
2021-06-10 09:42:00,1483.45,474209
2021-06-10 09:42:00,1483.45,474209
2021-06-10 09:42:01,1483.8,474465
2021-06-10 09:42:02,1483.8,474465
2021-06-10 09:42:03,1483.8,474485
2021-06-10 09:42:04,1483.8,474485
2021-06-10 09:42:05,1483.8,474496
2021-06-10 09:42:06,1483.8,474496
2021-06-10 09:42:07,1483.65,474497
2021-06-10 09:42:11,1483.45,474902
2021-06-10 09:42:12,1483.45,474902
2021-06-10 09:42:13,1483.4,475145
2021-06-10 09:42:14,1483.35,475146
2021-06-10 09:42:14,1483.35,475146
2021-06-10 09:42:15,1483.4,475246
2021-06-10 09:42:16,1483.25,475344
2021-06-10 09:42:17,1483.4,476023
2021-06-10 09:42:18,1483.4,476063
2021-06-10 09:42:19,1483.35,476695
2021-06-10 09:42:20,1483.2,476881
2021-06-10 09:42:21,1483.4,476951
2021-06-10 09:42:22,1483.25,476963
2021-06-10 09:42:23,1483.05,477274
2021-06-10 09:42:24,1483.6,477486
2021-06-10 09:42:25,1483.05,477616
2021-06-10 09:42:27,1483.35,477738
2021-06-10 09:42:28,1483.55,478036
2021-06-10 09:42:28,1483.0,478053
2021-06-10 09:42:29,1483.0,478053
2021-06-10 09:42:31,1483.4,478255
2021-06-10 09:42:32,1483.45,478260
2021-06-10 09:42:32,1483.45,478260
2021-06-10 09:42:33,1483.4,478264
2021-06-10 09:42:34,1483.0,478894
2021-06-10 09:42:35,1483.4,478904
2021-06-10 09:42:36,1483.45,478938
2021-06-10 09:42:37,1483.0,478941
2021-06-10 09:42:38,1483.0,478941
2021-06-10 09:42:39,1483.45,478986
2021-06-10 09:42:40,1483.45,479031
2021-06-10 09:42:41,1483.45,479031
2021-06-10 09:42:42,1483.45,479031
2021-06-10 09:42:43,1483.45,479036
2021-06-10 09:42:44,1483.45,479036
2021-06-10 09:42:46,1483.45,479036
2021-06-10 09:42:47,1483.45,479046
2021-06-10 09:42:48,1483.45,479046
2021-06-10 09:42:49,1483.45,479246
2021-06-10 09:42:50,1483.45,479266
2021-06-10 09:42:51,1483.5,479316
2021-06-10 09:42:52,1483.2,479347
2021-06-10 09:42:54,1483.4,479402
2021-06-10 09:42:55,1483.4,479402
2021-06-10 09:42:56,1483.5,479413
2021-06-10 09:42:57,1483.5,479438
2021-06-10 09:42:58,1483.5,479438
2021-06-10 09:42:59,1483.65,479458
2021-06-10 09:43:00,1483.65,479470
2021-06-10 09:43:01,1483.75,479490
2021-06-10 09:43:02,1483.5,479500
2021-06-10 09:43:03,1483.75,479552
2021-06-10 09:43:04,1483.75,479552
2021-06-10 09:43:05,1483.75,479552
2021-06-10 09:43:06,1483.5,479659
2021-06-10 09:43:07,1483.5,479887
2021-06-10 09:43:07,1483.5,479887
2021-06-10 09:43:08,1483.65,479897
2021-06-10 09:43:09,1483.5,479907
2021-06-10 09:43:10,1483.65,479968
2021-06-10 09:43:11,1483.5,479973
2021-06-10 09:43:13,1483.5,479973
2021-06-10 09:43:14,1483.5,480033
2021-06-10 09:43:15,1483.5,480033
2021-06-10 09:43:16,1483.5,480033
2021-06-10 09:43:17,1483.45,480127
2021-06-10 09:43:18,1483.5,480137
2021-06-10 09:43:19,1483.1,480202
2021-06-10 09:43:20,1482.85,483856
2021-06-10 09:43:21,1482.9,483876
2021-06-10 09:43:22,1482.9,483876
2021-06-10 09:43:23,1482.9,483946
2021-06-10 09:43:24,1482.9,483946
2021-06-10 09:43:26,1482.85,484164
2021-06-10 09:43:27,1482.85,484166
2021-06-10 09:43:28,1482.9,484835
2021-06-10 09:43:29,1482.9,484935
2021-06-10 09:43:31,1482.9,484981
2021-06-10 09:43:32,1482.45,485501
2021-06-10 09:43:33,1482.4,485522
2021-06-10 09:43:34,1482.9,485588
2021-06-10 09:43:36,1482.35,485743
2021-06-10 09:43:37,1482.9,486756
2021-06-10 09:43:38,1482.35,486812
2021-06-10 09:43:39,1482.35,486812
2021-06-10 09:43:40,1482.8,486822
2021-06-10 09:43:41,1482.8,486822
2021-06-10 09:43:43,1482.35,486941
2021-06-10 09:43:45,1482.35,486941
2021-06-10 09:43:46,1482.35,486941
2021-06-10 09:43:46,1482.35,486941
2021-06-10 09:43:48,1482.35,486941
2021-06-10 09:43:49,1482.8,486946
2021-06-10 09:43:50,1482.35,486960
2021-06-10 09:43:51,1482.35,486965
2021-06-10 09:43:52,1482.35,487088
2021-06-10 09:43:53,1482.4,487360
2021-06-10 09:43:54,1482.05,487373
2021-06-10 09:43:55,1482.05,487373
2021-06-10 09:43:56,1482.4,487385
2021-06-10 09:43:57,1482.4,487385
2021-06-10 09:43:57,1482.4,487385
2021-06-10 09:43:58,1482.4,487437
2021-06-10 09:43:59,1482.35,487451
2021-06-10 09:44:01,1482.35,487453
2021-06-10 09:44:02,1482.4,487455
2021-06-10 09:44:03,1482.4,487455
2021-06-10 09:44:04,1482.4,487455
2021-06-10 09:44:05,1482.35,487527
2021-06-10 09:44:07,1482.35,487558
2021-06-10 09:44:08,1482.3,487599
2021-06-10 09:44:09,1482.4,487624
2021-06-10 09:44:10,1482.45,487649
2021-06-10 09:44:11,1482.4,487659
2021-06-10 09:44:12,1482.5,487660
2021-06-10 09:44:13,1482.5,487660
2021-06-10 09:44:14,1482.4,487710
2021-06-10 09:44:15,1482.8,487721
2021-06-10 09:44:16,1482.4,487741
2021-06-10 09:44:16,1482.4,487741
2021-06-10 09:44:17,1482.4,487741
2021-06-10 09:44:19,1482.7,487752
2021-06-10 09:44:20,1482.35,487826
2021-06-10 09:44:21,1482.15,487896
2021-06-10 09:44:22,1482.4,487897
2021-06-10 09:44:23,1482.4,487897
2021-06-10 09:44:24,1482.4,487899
2021-06-10 09:44:26,1482.1,487904
2021-06-10 09:44:27,1482.1,487904
2021-06-10 09:44:28,1482.65,487913
2021-06-10 09:44:29,1482.65,488015
2021-06-10 09:44:30,1482.75,488022
2021-06-10 09:44:31,1482.75,488022
2021-06-10 09:44:32,1482.75,488022
2021-06-10 09:44:33,1482.75,488062
2021-06-10 09:44:34,1482.75,488262
2021-06-10 09:44:35,1482.35,488290
2021-06-10 09:44:36,1482.35,488295
2021-06-10 09:44:37,1482.8,488506
2021-06-10 09:44:38,1482.8,488510
2021-06-10 09:44:39,1482.8,488510
2021-06-10 09:44:40,1482.8,488512
2021-06-10 09:44:41,1482.8,488512
2021-06-10 09:44:42,1482.8,488512
2021-06-10 09:44:43,1482.8,488513
2021-06-10 09:44:44,1482.8,488613
2021-06-10 09:44:45,1482.4,488664
2021-06-10 09:44:46,1482.8,488668
2021-06-10 09:44:47,1482.4,488671
2021-06-10 09:44:48,1482.8,488681
2021-06-10 09:44:49,1482.8,488681
2021-06-10 09:44:51,1482.75,488746
2021-06-10 09:44:52,1482.75,488798
2021-06-10 09:44:53,1482.75,488798
2021-06-10 09:44:54,1482.8,488838
2021-06-10 09:44:55,1482.8,488843
2021-06-10 09:44:56,1482.75,488880
2021-06-10 09:44:57,1482.8,488980
2021-06-10 09:44:58,1482.8,488981
2021-06-10 09:44:59,1482.8,488981
2021-06-10 09:45:00,1482.75,488989
2021-06-10 09:45:02,1482.75,489003
2021-06-10 09:45:03,1482.75,489003
2021-06-10 09:45:04,1482.75,489003
2021-06-10 09:45:05,1482.75,489003
2021-06-10 09:45:07,1482.8,489472
2021-06-10 09:45:08,1483.0,489579
2021-06-10 09:45:09,1483.0,489945
2021-06-10 09:45:10,1483.0,489945
2021-06-10 09:45:11,1483.2,489996
2021-06-10 09:45:12,1483.0,489997
2021-06-10 09:45:13,1483.0,489997
2021-06-10 09:45:14,1483.15,490088
2021-06-10 09:45:15,1483.15,490102
2021-06-10 09:45:16,1483.15,490102
2021-06-10 09:45:17,1483.5,490152
2021-06-10 09:45:18,1483.5,490212
2021-06-10 09:45:19,1483.35,490248
2021-06-10 09:45:20,1483.35,490248
2021-06-10 09:45:21,1483.35,490310
2021-06-10 09:45:22,1483.35,490310
2021-06-10 09:45:24,1483.9,490471
2021-06-10 09:45:25,1483.95,490481
2021-06-10 09:45:26,1483.95,490481
2021-06-10 09:45:27,1483.65,490522
2021-06-10 09:45:28,1484.0,490552
2021-06-10 09:45:29,1484.0,490552
2021-06-10 09:45:30,1484.0,490667
2021-06-10 09:45:31,1484.25,490777
2021-06-10 09:45:32,1484.25,490777
2021-06-10 09:45:33,1484.25,490777
2021-06-10 09:45:34,1484.25,490777
2021-06-10 09:45:35,1484.25,490777
2021-06-10 09:45:36,1483.8,490812
2021-06-10 09:45:37,1484.0,490958
2021-06-10 09:45:38,1484.0,491083
2021-06-10 09:45:39,1484.0,491179
2021-06-10 09:45:40,1484.0,491179
2021-06-10 09:45:41,1484.05,491984
2021-06-10 09:45:42,1484.05,491984
2021-06-10 09:45:43,1484.05,491985
2021-06-10 09:45:44,1484.05,491986
2021-06-10 09:45:45,1484.0,492014
2021-06-10 09:45:46,1484.0,492014
2021-06-10 09:45:47,1484.0,492014
2021-06-10 09:45:48,1484.05,492024
2021-06-10 09:45:49,1484.05,492024
2021-06-10 09:45:50,1484.05,492024
2021-06-10 09:45:51,1483.65,492029
2021-06-10 09:45:52,1483.65,492118
2021-06-10 09:45:53,1484.0,492373
2021-06-10 09:45:54,1484.0,492375
2021-06-10 09:45:56,1484.0,492375
2021-06-10 09:45:57,1483.65,492387
2021-06-10 09:45:58,1483.95,492389
2021-06-10 09:45:59,1483.65,492445
2021-06-10 09:46:00,1483.65,492487
2021-06-10 09:46:01,1483.95,492489
2021-06-10 09:46:02,1483.95,492499
2021-06-10 09:46:03,1483.95,492568
2021-06-10 09:46:04,1483.95,492568
2021-06-10 09:46:05,1483.95,492568
2021-06-10 09:46:06,1483.65,492572
2021-06-10 09:46:07,1483.95,492574
2021-06-10 09:46:08,1483.95,492574
2021-06-10 09:46:09,1483.65,492579
2021-06-10 09:46:10,1483.95,492590
2021-06-10 09:46:11,1483.95,492590
2021-06-10 09:46:12,1483.95,492590
2021-06-10 09:46:14,1483.95,492591
2021-06-10 09:46:15,1483.95,492891
2021-06-10 09:46:16,1484.0,492917
2021-06-10 09:46:17,1484.0,492941
2021-06-10 09:46:18,1484.0,492941
2021-06-10 09:46:19,1483.65,493019
2021-06-10 09:46:20,1484.0,493119
2021-06-10 09:46:21,1483.65,493125
2021-06-10 09:46:22,1483.65,493125
2021-06-10 09:46:23,1483.65,493279
2021-06-10 09:46:24,1483.7,495094
2021-06-10 09:46:25,1483.7,495094
2021-06-10 09:46:26,1483.7,495094
2021-06-10 09:46:27,1483.45,495182
2021-06-10 09:46:28,1483.45,495183
2021-06-10 09:46:29,1483.45,495183
2021-06-10 09:46:30,1483.45,495233
2021-06-10 09:46:31,1483.45,495253
2021-06-10 09:46:32,1483.35,495279
2021-06-10 09:46:33,1483.4,495333
2021-06-10 09:46:34,1483.35,495343
2021-06-10 09:46:35,1483.25,495351
2021-06-10 09:46:36,1483.35,495405
2021-06-10 09:46:38,1483.35,495459
2021-06-10 09:46:39,1483.25,495526
2021-06-10 09:46:40,1483.2,495599
2021-06-10 09:46:41,1483.2,495613
2021-06-10 09:46:42,1483.0,495615
2021-06-10 09:46:43,1483.0,495615
2021-06-10 09:46:44,1483.0,495615
2021-06-10 09:46:45,1483.0,495620
2021-06-10 09:46:46,1483.0,495620
2021-06-10 09:46:48,1483.0,495620
2021-06-10 09:46:49,1483.3,495626
2021-06-10 09:46:50,1483.0,495651
2021-06-10 09:46:51,1483.0,495656
2021-06-10 09:46:52,1483.0,495656
2021-06-10 09:46:54,1483.0,495720
2021-06-10 09:46:55,1483.0,495846
2021-06-10 09:46:56,1483.2,495853
2021-06-10 09:46:57,1483.2,495853
2021-06-10 09:46:58,1483.0,495872
2021-06-10 09:46:59,1483.2,495972
2021-06-10 09:47:00,1483.0,495978
2021-06-10 09:47:01,1483.0,495978
2021-06-10 09:47:02,1483.2,495979
2021-06-10 09:47:03,1483.2,495979
2021-06-10 09:47:04,1483.2,495979
2021-06-10 09:47:05,1483.2,495986
2021-06-10 09:47:06,1483.2,495996
2021-06-10 09:47:07,1483.2,496077
2021-06-10 09:47:08,1483.2,496077
2021-06-10 09:47:09,1483.2,496077
2021-06-10 09:47:10,1483.2,496087
2021-06-10 09:47:11,1483.2,496094
2021-06-10 09:47:12,1483.2,496124
2021-06-10 09:47:13,1483.2,496154
2021-06-10 09:47:15,1483.5,497853
2021-06-10 09:47:15,1483.6,497873
2021-06-10 09:47:16,1483.35,497883
2021-06-10 09:47:18,1483.35,497883
2021-06-10 09:47:18,1483.35,497883
2021-06-10 09:47:19,1483.6,497888
2021-06-10 09:47:20,1483.6,497888
2021-06-10 09:47:21,1483.4,497898
2021-06-10 09:47:22,1483.4,497898
2021-06-10 09:47:23,1483.6,497950
2021-06-10 09:47:24,1483.45,497953
2021-06-10 09:47:25,1483.6,497983
2021-06-10 09:47:26,1483.6,497983
2021-06-10 09:47:27,1483.6,497983
2021-06-10 09:47:28,1483.6,497995
2021-06-10 09:47:29,1483.6,498006
2021-06-10 09:47:30,1483.6,498006
2021-06-10 09:47:31,1483.9,498008
2021-06-10 09:47:32,1483.9,498084
2021-06-10 09:47:33,1483.9,498084
2021-06-10 09:47:35,1483.6,498147
2021-06-10 09:47:36,1483.9,498178
2021-06-10 09:47:38,1483.9,498262
2021-06-10 09:47:38,1483.9,498262
2021-06-10 09:47:39,1483.8,498606
2021-06-10 09:47:40,1483.6,498792
2021-06-10 09:47:41,1483.6,498792
2021-06-10 09:47:42,1483.8,498799
2021-06-10 09:47:43,1483.8,498899
2021-06-10 09:47:44,1483.8,499216
2021-06-10 09:47:45,1483.6,499381
2021-06-10 09:47:46,1483.6,499381
2021-06-10 09:47:47,1483.6,499381
2021-06-10 09:47:49,1484.0,499731
2021-06-10 09:47:49,1484.0,499731
2021-06-10 09:47:50,1484.0,499731
2021-06-10 09:47:51,1484.0,499731
2021-06-10 09:47:52,1484.0,499749
2021-06-10 09:47:53,1484.0,499751
2021-06-10 09:47:54,1484.0,500003
2021-06-10 09:47:55,1484.0,500053
2021-06-10 09:47:56,1484.0,500053
2021-06-10 09:47:58,1484.0,500053
2021-06-10 09:47:57,1484.0,500053
2021-06-10 09:47:59,1484.0,500073
2021-06-10 09:48:00,1484.25,500216
2021-06-10 09:48:01,1484.0,500241
2021-06-10 09:48:02,1484.0,500346
2021-06-10 09:48:03,1484.0,501335
2021-06-10 09:48:04,1484.0,501345
2021-06-10 09:48:05,1483.6,501348
2021-06-10 09:48:06,1483.6,501353
2021-06-10 09:48:07,1483.6,501418
2021-06-10 09:48:09,1484.0,501623
2021-06-10 09:48:11,1484.0,501643
2021-06-10 09:48:13,1484.0,501729
2021-06-10 09:48:14,1483.6,502045
2021-06-10 09:48:15,1483.5,502069
2021-06-10 09:48:15,1483.5,502069
2021-06-10 09:48:16,1483.55,502180
2021-06-10 09:48:17,1483.55,502221
2021-06-10 09:48:18,1483.55,502233
2021-06-10 09:48:19,1483.55,502261
2021-06-10 09:48:20,1483.55,502282
2021-06-10 09:48:21,1483.5,502432
2021-06-10 09:48:23,1483.55,502444
2021-06-10 09:48:24,1483.35,502518
2021-06-10 09:48:24,1483.3,502548
2021-06-10 09:48:25,1483.3,502632
2021-06-10 09:48:26,1482.8,504076
2021-06-10 09:48:27,1483.05,504077
2021-06-10 09:48:28,1483.05,504087
2021-06-10 09:48:29,1483.05,504091
2021-06-10 09:48:30,1483.0,504251
2021-06-10 09:48:31,1483.0,504253
2021-06-10 09:48:32,1482.95,504325
2021-06-10 09:48:33,1482.95,504325
2021-06-10 09:48:34,1482.95,504375
2021-06-10 09:48:36,1482.9,504388
2021-06-10 09:48:36,1482.9,504561
2021-06-10 09:48:37,1482.9,504562
2021-06-10 09:48:38,1482.9,504562
2021-06-10 09:48:39,1482.9,504568
2021-06-10 09:48:41,1482.9,504568
2021-06-10 09:48:41,1482.9,504568
2021-06-10 09:48:42,1482.9,504594
2021-06-10 09:48:43,1482.9,504629
2021-06-10 09:48:44,1482.8,504631
2021-06-10 09:48:45,1483.0,504770
2021-06-10 09:48:46,1483.0,504770
2021-06-10 09:48:47,1482.8,504782
2021-06-10 09:48:48,1482.75,504959
2021-06-10 09:48:49,1482.75,504990
2021-06-10 09:48:50,1482.75,504990
2021-06-10 09:48:53,1482.75,505069
2021-06-10 09:48:54,1482.55,505127
2021-06-10 09:48:55,1482.75,505162
2021-06-10 09:48:56,1482.55,505257
2021-06-10 09:48:57,1482.75,505335
2021-06-10 09:48:59,1482.75,505553
2021-06-10 09:49:00,1482.55,505555
2021-06-10 09:49:01,1482.8,505755
2021-06-10 09:49:02,1482.65,505764
2021-06-10 09:49:04,1482.65,505909
2021-06-10 09:49:04,1482.65,505915
2021-06-10 09:49:05,1482.75,506002
2021-06-10 09:49:09,1482.75,506061
2021-06-10 09:49:10,1482.75,506081
2021-06-10 09:49:11,1482.75,506081
2021-06-10 09:49:12,1482.75,506081
2021-06-10 09:49:13,1482.75,506081
2021-06-10 09:49:14,1482.75,506082
2021-06-10 09:49:15,1482.95,506144
2021-06-10 09:49:16,1482.55,506174
2021-06-10 09:49:17,1482.75,506224
2021-06-10 09:49:19,1482.8,506227
2021-06-10 09:49:19,1482.8,506271
2021-06-10 09:49:21,1482.5,506499
2021-06-10 09:49:21,1482.5,506520
2021-06-10 09:49:23,1482.65,506529
2021-06-10 09:49:24,1482.65,506529
2021-06-10 09:49:25,1482.6,506532
2021-06-10 09:49:26,1482.6,506554
2021-06-10 09:49:27,1482.6,506654
2021-06-10 09:49:28,1482.5,506655
2021-06-10 09:49:29,1482.6,506917
2021-06-10 09:49:30,1482.65,506940
2021-06-10 09:49:31,1482.65,506940
2021-06-10 09:49:32,1482.6,507048
2021-06-10 09:49:34,1482.6,507048
2021-06-10 09:49:34,1482.6,507048
2021-06-10 09:49:35,1482.7,507051
2021-06-10 09:49:37,1482.65,507402
2021-06-10 09:49:37,1482.6,507404
2021-06-10 09:49:38,1482.5,507522
2021-06-10 09:49:39,1482.5,507522
2021-06-10 09:49:41,1482.1,507787
2021-06-10 09:49:43,1482.25,507915
2021-06-10 09:49:44,1482.25,507933
2021-06-10 09:49:44,1482.25,507948
2021-06-10 09:49:45,1482.4,508248
2021-06-10 09:49:46,1482.4,508248
2021-06-10 09:49:47,1482.35,508268
2021-06-10 09:49:48,1482.45,508290
2021-06-10 09:49:49,1482.15,508341
2021-06-10 09:49:50,1482.15,508349
2021-06-10 09:49:51,1482.35,508481
2021-06-10 09:49:52,1482.5,508482
2021-06-10 09:49:53,1482.7,508514
2021-06-10 09:49:54,1482.15,508556
2021-06-10 09:49:55,1482.2,508566
2021-06-10 09:49:56,1482.9,508576
2021-06-10 09:49:57,1482.9,508576
2021-06-10 09:49:58,1482.4,508583
2021-06-10 09:49:59,1482.4,508842
2021-06-10 09:50:01,1482.5,508897
2021-06-10 09:50:03,1482.5,508897
2021-06-10 09:50:04,1482.6,508913
2021-06-10 09:50:04,1482.6,508913
2021-06-10 09:50:05,1482.6,508913
2021-06-10 09:50:06,1482.2,509163
2021-06-10 09:50:07,1482.6,509193
2021-06-10 09:50:08,1482.6,509200
2021-06-10 09:50:09,1482.6,509201
2021-06-10 09:50:10,1482.6,509251
2021-06-10 09:50:11,1482.6,509251
2021-06-10 09:50:12,1482.6,509420
2021-06-10 09:50:13,1482.6,509481
2021-06-10 09:50:14,1482.95,509781
2021-06-10 09:50:15,1483.05,510099
2021-06-10 09:50:16,1483.8,510265
2021-06-10 09:50:18,1483.3,510622
2021-06-10 09:50:19,1483.3,510824
2021-06-10 09:50:20,1483.3,510824
2021-06-10 09:50:21,1483.35,510827
2021-06-10 09:50:22,1483.8,510839
2021-06-10 09:50:23,1483.8,510868
2021-06-10 09:50:24,1483.45,510924
2021-06-10 09:50:25,1483.45,510936
2021-06-10 09:50:27,1483.65,511712
2021-06-10 09:50:28,1483.65,511862
2021-06-10 09:50:29,1483.7,512210
2021-06-10 09:50:31,1483.7,512241
2021-06-10 09:50:32,1483.5,512243
2021-06-10 09:50:33,1483.5,512400
2021-06-10 09:50:34,1483.5,512470
2021-06-10 09:50:36,1483.35,512658
2021-06-10 09:50:37,1483.35,512658
2021-06-10 09:50:38,1483.35,512937
2021-06-10 09:50:39,1483.35,512939
2021-06-10 09:50:41,1483.35,512989
2021-06-10 09:50:41,1483.35,512939
2021-06-10 09:50:42,1483.35,512989
2021-06-10 09:50:43,1483.35,512989
2021-06-10 09:50:44,1483.35,512990
2021-06-10 09:50:45,1483.35,512994
2021-06-10 09:50:46,1483.35,513028
2021-06-10 09:50:47,1483.35,513028
2021-06-10 09:50:48,1483.35,513028
2021-06-10 09:50:49,1483.35,513132
2021-06-10 09:50:50,1483.0,513147
2021-06-10 09:50:51,1483.0,513147
2021-06-10 09:50:52,1483.35,513158
2021-06-10 09:50:53,1483.35,513158
2021-06-10 09:50:54,1483.3,513202
2021-06-10 09:50:55,1482.95,513309
2021-06-10 09:50:56,1483.3,513310
2021-06-10 09:50:57,1483.0,513316
2021-06-10 09:50:58,1482.95,513326
2021-06-10 09:50:59,1482.95,513357
2021-06-10 09:51:00,1482.95,513379
2021-06-10 09:51:01,1482.95,513409
2021-06-10 09:51:02,1482.95,513410
2021-06-10 09:51:03,1483.0,513635
2021-06-10 09:51:05,1483.0,513637
2021-06-10 09:51:06,1482.85,513638
2021-06-10 09:51:07,1482.9,513753
2021-06-10 09:51:08,1482.9,513753
2021-06-10 09:51:08,1483.3,513754
2021-06-10 09:51:10,1483.3,513754
2021-06-10 09:51:11,1483.45,514178
2021-06-10 09:51:11,1483.35,514193
2021-06-10 09:51:13,1483.35,514193
2021-06-10 09:51:14,1483.35,514354
2021-06-10 09:51:15,1483.45,514357
2021-06-10 09:51:16,1483.35,514362
2021-06-10 09:51:16,1483.45,514382
2021-06-10 09:51:17,1483.35,514466
2021-06-10 09:51:18,1483.35,514466
2021-06-10 09:51:19,1483.35,514466
2021-06-10 09:51:21,1483.0,514532
2021-06-10 09:51:22,1483.0,514652
2021-06-10 09:51:23,1483.25,514821
2021-06-10 09:51:23,1483.25,514823
2021-06-10 09:51:25,1483.25,514848
2021-06-10 09:51:26,1483.0,519112
2021-06-10 09:51:27,1483.0,519112
2021-06-10 09:51:28,1482.75,519113
2021-06-10 09:51:29,1482.75,519122
2021-06-10 09:51:30,1482.75,519122
2021-06-10 09:51:31,1482.75,519172
2021-06-10 09:51:32,1482.75,519273
2021-06-10 09:51:33,1482.75,519275
2021-06-10 09:51:34,1482.5,519360
2021-06-10 09:51:35,1482.75,519370
2021-06-10 09:51:36,1482.5,519376
2021-06-10 09:51:37,1482.5,519394
2021-06-10 09:51:37,1482.5,519394
2021-06-10 09:51:38,1482.8,519395
2021-06-10 09:51:39,1482.75,519447
2021-06-10 09:51:41,1482.75,519457
2021-06-10 09:51:41,1482.75,519457
2021-06-10 09:51:42,1482.75,519487
2021-06-10 09:51:43,1482.8,519517
2021-06-10 09:51:45,1482.75,519522
2021-06-10 09:51:46,1482.75,519522
2021-06-10 09:51:46,1482.8,519557
2021-06-10 09:51:47,1482.8,519557
2021-06-10 09:51:48,1482.85,519602
2021-06-10 09:51:49,1482.85,519608
2021-06-10 09:51:51,1482.7,519646
2021-06-10 09:51:52,1482.85,519647
2021-06-10 09:51:53,1482.85,519648
2021-06-10 09:51:54,1482.85,519648
2021-06-10 09:51:55,1482.85,519648
2021-06-10 09:51:56,1482.95,519649
2021-06-10 09:51:57,1482.85,519656
2021-06-10 09:51:57,1482.85,519657
2021-06-10 09:51:59,1482.8,519763
2021-06-10 09:52:00,1482.85,519766
2021-06-10 09:52:01,1482.85,519775
2021-06-10 09:52:02,1482.85,519806
2021-06-10 09:52:03,1482.85,519810
2021-06-10 09:52:04,1482.85,519810
2021-06-10 09:52:04,1482.85,519810
2021-06-10 09:52:06,1482.75,519820
2021-06-10 09:52:07,1482.75,519820
2021-06-10 09:52:08,1482.7,519965
2021-06-10 09:52:09,1482.7,519970
2021-06-10 09:52:10,1482.7,519972
2021-06-10 09:52:11,1482.55,520459
2021-06-10 09:52:12,1482.5,521265
2021-06-10 09:52:13,1482.35,521573
2021-06-10 09:52:14,1481.75,525388
2021-06-10 09:52:14,1481.75,525388
2021-06-10 09:52:15,1481.6,525528
2021-06-10 09:52:16,1481.4,525752
2021-06-10 09:52:17,1481.6,525788
2021-06-10 09:52:18,1481.55,525813
2021-06-10 09:52:20,1481.5,526114
2021-06-10 09:52:21,1481.05,526129
2021-06-10 09:52:22,1481.05,526130
2021-06-10 09:52:23,1481.35,526457
2021-06-10 09:52:24,1481.0,527997
2021-06-10 09:52:25,1481.0,528027
2021-06-10 09:52:26,1481.35,530485
2021-06-10 09:52:26,1481.0,530486
2021-06-10 09:52:27,1481.55,530603
2021-06-10 09:52:28,1481.55,530603
2021-06-10 09:52:29,1481.55,530604
2021-06-10 09:52:31,1481.6,530614
2021-06-10 09:52:32,1481.6,530615
2021-06-10 09:52:32,1481.55,531321
2021-06-10 09:52:34,1482.75,531754
2021-06-10 09:52:35,1482.05,531766
2021-06-10 09:52:36,1482.7,531818
2021-06-10 09:52:37,1482.85,531819
2021-06-10 09:52:38,1482.7,531820
2021-06-10 09:52:39,1482.7,531846
2021-06-10 09:52:40,1482.7,531846
2021-06-10 09:52:40,1482.85,531861
2021-06-10 09:52:41,1482.85,532089
2021-06-10 09:52:42,1482.85,532089
2021-06-10 09:52:44,1482.45,532118
2021-06-10 09:52:44,1482.45,532118
2021-06-10 09:52:45,1482.45,532118
2021-06-10 09:52:47,1482.5,532223
2021-06-10 09:52:47,1482.5,532223
2021-06-10 09:52:48,1482.25,532327
2021-06-10 09:52:49,1482.8,532452
2021-06-10 09:52:50,1482.15,532462
2021-06-10 09:52:53,1482.85,532517
2021-06-10 09:52:54,1482.85,532517
2021-06-10 09:52:55,1482.85,532517
2021-06-10 09:52:56,1482.85,532518
2021-06-10 09:52:57,1482.85,532524
2021-06-10 09:52:58,1482.85,532610
2021-06-10 09:52:59,1483.0,533424
2021-06-10 09:53:00,1483.0,533451
2021-06-10 09:53:01,1483.2,533453
2021-06-10 09:53:02,1483.05,533463
2021-06-10 09:53:03,1483.2,533478
2021-06-10 09:53:04,1483.2,533534
2021-06-10 09:53:04,1483.2,533534
2021-06-10 09:53:05,1483.2,533534
2021-06-10 09:53:06,1483.1,533538
2021-06-10 09:53:08,1483.1,533538
2021-06-10 09:53:09,1483.1,533588
2021-06-10 09:53:10,1483.1,533588
2021-06-10 09:53:12,1483.1,533588
2021-06-10 09:53:13,1483.2,533590
2021-06-10 09:53:14,1483.5,533619
2021-06-10 09:53:15,1483.1,533812
2021-06-10 09:53:16,1483.4,534501
2021-06-10 09:53:17,1483.1,534502
2021-06-10 09:53:18,1483.4,534508
2021-06-10 09:53:19,1483.4,534508
2021-06-10 09:53:20,1482.95,534533
2021-06-10 09:53:21,1483.0,534539
2021-06-10 09:53:23,1483.0,534593
2021-06-10 09:53:24,1482.7,534634
2021-06-10 09:53:25,1483.0,534667
2021-06-10 09:53:26,1482.85,534812
2021-06-10 09:53:27,1482.85,534812
2021-06-10 09:53:27,1482.85,534812
2021-06-10 09:53:28,1482.85,534812
2021-06-10 09:53:30,1483.5,534838
2021-06-10 09:53:32,1483.5,534838
2021-06-10 09:53:33,1483.5,534838
2021-06-10 09:53:34,1483.5,534838
2021-06-10 09:53:35,1483.45,534864
2021-06-10 09:53:36,1483.4,534868
2021-06-10 09:53:38,1483.4,534953
2021-06-10 09:53:40,1483.0,534975
2021-06-10 09:53:41,1482.6,535225
2021-06-10 09:53:42,1482.9,535404
2021-06-10 09:53:43,1482.9,535404
2021-06-10 09:53:44,1482.9,535459
2021-06-10 09:53:44,1482.9,535459
2021-06-10 09:53:45,1482.5,535469
2021-06-10 09:53:47,1482.5,535477
2021-06-10 09:53:48,1482.5,535479
2021-06-10 09:53:50,1482.1,535608
2021-06-10 09:53:50,1482.1,535608
2021-06-10 09:53:52,1482.4,535648
2021-06-10 09:53:53,1482.4,535658
2021-06-10 09:53:54,1482.1,535757
2021-06-10 09:53:55,1482.35,535761
2021-06-10 09:53:56,1482.35,535762
2021-06-10 09:53:57,1482.05,535808
2021-06-10 09:53:57,1482.05,535808
2021-06-10 09:53:58,1482.05,535821
2021-06-10 09:54:00,1482.05,535855
2021-06-10 09:54:01,1482.05,535900
2021-06-10 09:54:02,1482.05,535900
2021-06-10 09:54:03,1482.1,535903
2021-06-10 09:54:04,1482.1,535903
2021-06-10 09:54:05,1482.1,535908
2021-06-10 09:54:05,1482.1,535908
2021-06-10 09:54:07,1482.35,535932
2021-06-10 09:54:08,1482.35,535953
2021-06-10 09:54:10,1482.25,535963
2021-06-10 09:54:11,1482.25,536007
2021-06-10 09:54:12,1482.25,536007
2021-06-10 09:54:13,1482.25,536059
2021-06-10 09:54:15,1482.5,537167
2021-06-10 09:54:15,1482.5,537167
2021-06-10 09:54:17,1482.1,537467
2021-06-10 09:54:18,1482.5,537509
2021-06-10 09:54:19,1482.25,537511
2021-06-10 09:54:20,1482.25,537511
2021-06-10 09:54:21,1482.1,537875
2021-06-10 09:54:22,1482.25,537882
2021-06-10 09:54:23,1482.25,537882
2021-06-10 09:54:23,1482.25,537882
2021-06-10 09:54:24,1482.2,537885
2021-06-10 09:54:25,1482.2,537885
2021-06-10 09:54:26,1482.2,537886
2021-06-10 09:54:27,1482.2,537896
2021-06-10 09:54:28,1482.2,537899
2021-06-10 09:54:29,1482.2,537900
2021-06-10 09:54:31,1482.2,537936
2021-06-10 09:54:32,1482.2,538002
2021-06-10 09:54:33,1482.1,538077
2021-06-10 09:54:34,1482.1,538094
2021-06-10 09:54:35,1482.1,538094
2021-06-10 09:54:36,1482.45,538294
2021-06-10 09:54:37,1482.5,539925
2021-06-10 09:54:38,1482.55,540014
2021-06-10 09:54:39,1482.55,540014
2021-06-10 09:54:40,1482.55,540014
2021-06-10 09:54:41,1482.75,540040
2021-06-10 09:54:42,1482.6,540041
2021-06-10 09:54:42,1482.6,540041
2021-06-10 09:54:43,1483.0,540132
2021-06-10 09:54:44,1483.0,540156
2021-06-10 09:54:46,1483.0,540156
2021-06-10 09:54:47,1483.7,541156
2021-06-10 09:54:48,1483.7,541156
2021-06-10 09:54:49,1483.75,541157
2021-06-10 09:54:51,1483.8,541167
2021-06-10 09:54:53,1483.15,541303
2021-06-10 09:54:54,1483.15,541363
2021-06-10 09:54:55,1483.15,541467
2021-06-10 09:54:56,1483.15,541467
2021-06-10 09:54:57,1483.15,541473
2021-06-10 09:54:58,1483.4,541476
2021-06-10 09:54:58,1483.4,541476
2021-06-10 09:55:01,1483.2,541583
2021-06-10 09:55:02,1483.2,541583
2021-06-10 09:55:03,1483.35,541587
2021-06-10 09:55:04,1483.0,541757
2021-06-10 09:55:05,1483.1,541762
2021-06-10 09:55:06,1482.65,541767
2021-06-10 09:55:07,1483.15,541786
2021-06-10 09:55:07,1483.15,541786
2021-06-10 09:55:08,1483.0,541796
2021-06-10 09:55:10,1483.0,541796
2021-06-10 09:55:11,1483.0,541796
2021-06-10 09:55:12,1483.0,541807
2021-06-10 09:55:13,1483.0,541807
2021-06-10 09:55:14,1483.0,541883
2021-06-10 09:55:15,1482.7,541893
2021-06-10 09:55:17,1483.0,541903
2021-06-10 09:55:18,1483.0,541903
2021-06-10 09:55:19,1483.0,541903
2021-06-10 09:55:20,1483.0,541904
2021-06-10 09:55:21,1482.7,541909
2021-06-10 09:55:23,1482.8,541951
2021-06-10 09:55:24,1483.0,542051
2021-06-10 09:55:25,1483.0,542051
2021-06-10 09:55:27,1483.15,542151
2021-06-10 09:55:28,1483.15,542152
2021-06-10 09:55:29,1482.85,542212
2021-06-10 09:55:30,1482.85,542517
2021-06-10 09:55:31,1483.0,542568
2021-06-10 09:55:32,1483.0,542568
2021-06-10 09:55:32,1483.0,542568
2021-06-10 09:55:34,1482.85,543383
2021-06-10 09:55:35,1482.85,543383
2021-06-10 09:55:36,1483.35,543393
2021-06-10 09:55:37,1483.35,543393
2021-06-10 09:55:38,1483.35,543393
2021-06-10 09:55:39,1483.45,543476
2021-06-10 09:55:40,1482.95,543477
2021-06-10 09:55:41,1483.5,543522
2021-06-10 09:55:44,1483.5,543588
2021-06-10 09:55:46,1483.5,543588
2021-06-10 09:55:45,1483.5,543588
2021-06-10 09:55:47,1483.5,543588
2021-06-10 09:55:48,1483.5,543650
2021-06-10 09:55:49,1483.05,543653
2021-06-10 09:55:50,1483.05,543663
2021-06-10 09:55:51,1483.05,543668
2021-06-10 09:55:52,1483.05,543668
2021-06-10 09:55:53,1483.35,543669
2021-06-10 09:55:54,1483.05,543671
2021-06-10 09:55:55,1483.3,543683
2021-06-10 09:55:56,1483.3,543683
2021-06-10 09:55:57,1483.3,543683
2021-06-10 09:55:58,1483.3,543683
2021-06-10 09:55:59,1483.05,543762
2021-06-10 09:56:00,1483.3,543764
2021-06-10 09:56:01,1483.05,543767
2021-06-10 09:56:02,1483.3,543827
2021-06-10 09:56:03,1483.3,543876
2021-06-10 09:56:04,1483.3,543902
2021-06-10 09:56:05,1483.3,543902
2021-06-10 09:56:06,1483.05,543906
2021-06-10 09:56:07,1483.3,544006
2021-06-10 09:56:08,1483.3,544006
2021-06-10 09:56:09,1483.3,544007
2021-06-10 09:56:10,1483.3,544007
2021-06-10 09:56:11,1483.05,544027
2021-06-10 09:56:12,1483.05,544027
2021-06-10 09:56:13,1483.3,544079
2021-06-10 09:56:14,1483.3,544079
2021-06-10 09:56:15,1483.25,544088
2021-06-10 09:56:16,1483.25,544088
2021-06-10 09:56:17,1483.25,544100
2021-06-10 09:56:18,1483.25,544100
2021-06-10 09:56:19,1483.05,544145
2021-06-10 09:56:20,1483.05,544145
2021-06-10 09:56:21,1483.25,544150
2021-06-10 09:56:22,1483.3,544151
2021-06-10 09:56:23,1483.25,544155
2021-06-10 09:56:25,1483.25,544161
2021-06-10 09:56:26,1483.25,544161
2021-06-10 09:56:27,1483.35,544181
2021-06-10 09:56:28,1483.35,544182
2021-06-10 09:56:29,1483.35,544182
2021-06-10 09:56:30,1483.35,544182
2021-06-10 09:56:31,1483.25,544196
2021-06-10 09:56:33,1483.3,544199
2021-06-10 09:56:34,1483.25,544260
2021-06-10 09:56:35,1483.25,544260
2021-06-10 09:56:36,1483.3,544364
2021-06-10 09:56:37,1483.3,544364
2021-06-10 09:56:38,1483.3,544364
2021-06-10 09:56:39,1483.3,544364
2021-06-10 09:56:40,1483.3,544369
2021-06-10 09:56:41,1483.3,544448
2021-06-10 09:56:42,1483.25,544453
2021-06-10 09:56:43,1483.3,544505
2021-06-10 09:56:44,1483.3,544505
2021-06-10 09:56:45,1483.3,544505
2021-06-10 09:56:46,1483.3,544505
2021-06-10 09:56:47,1483.3,544525
2021-06-10 09:56:48,1483.3,544525
2021-06-10 09:56:49,1483.3,544525
2021-06-10 09:56:50,1483.25,544575
2021-06-10 09:56:51,1483.25,544582
2021-06-10 09:56:52,1483.25,544582
2021-06-10 09:56:53,1483.25,544691
2021-06-10 09:56:54,1483.2,544720
2021-06-10 09:56:55,1483.2,544720
2021-06-10 09:56:56,1483.2,544721
2021-06-10 09:56:57,1483.2,544731
2021-06-10 09:56:58,1483.2,544731
2021-06-10 09:56:59,1483.1,544756
2021-06-10 09:57:00,1483.05,544758
2021-06-10 09:57:01,1483.05,544758
2021-06-10 09:57:02,1483.2,544891
2021-06-10 09:57:03,1483.2,544891
2021-06-10 09:57:04,1483.2,544891
2021-06-10 09:57:05,1483.3,544911
2021-06-10 09:57:06,1483.3,544911
2021-06-10 09:57:07,1483.3,544911
2021-06-10 09:57:08,1483.3,544913
2021-06-10 09:57:09,1483.2,544978
2021-06-10 09:57:10,1483.2,544978
2021-06-10 09:57:11,1483.2,544978
2021-06-10 09:57:12,1483.3,545006
2021-06-10 09:57:13,1483.3,545057
2021-06-10 09:57:14,1483.2,545097
2021-06-10 09:57:15,1483.25,545147
2021-06-10 09:57:16,1483.25,545147
2021-06-10 09:57:17,1483.3,545236
2021-06-10 09:57:18,1483.3,545275
2021-06-10 09:57:19,1483.3,545351
2021-06-10 09:57:20,1483.3,545351
2021-06-10 09:57:21,1483.3,545372
2021-06-10 09:57:22,1483.3,545372
2021-06-10 09:57:24,1483.2,545731
2021-06-10 09:57:25,1483.3,545751
2021-06-10 09:57:26,1483.3,545751
2021-06-10 09:57:27,1483.3,545753
2021-06-10 09:57:29,1483.3,545753
2021-06-10 09:57:28,1483.3,545753
2021-06-10 09:57:30,1483.3,545786
2021-06-10 09:57:31,1483.3,545787
2021-06-10 09:57:32,1483.25,545890
2021-06-10 09:57:33,1483.2,545950
2021-06-10 09:57:34,1483.2,545950
2021-06-10 09:57:35,1483.2,545950
2021-06-10 09:57:36,1483.2,546004
2021-06-10 09:57:37,1483.3,546018
2021-06-10 09:57:38,1483.2,546048
2021-06-10 09:57:39,1483.3,546049
2021-06-10 09:57:40,1483.2,546054
2021-06-10 09:57:41,1483.3,546061
2021-06-10 09:57:42,1483.3,546061
2021-06-10 09:57:43,1483.3,546067
2021-06-10 09:57:44,1483.3,546148
2021-06-10 09:57:45,1483.3,546248
2021-06-10 09:57:47,1483.3,546248
2021-06-10 09:57:48,1483.3,546248
2021-06-10 09:57:49,1483.2,546249
2021-06-10 09:57:50,1483.2,546249
2021-06-10 09:57:51,1483.3,546287
2021-06-10 09:57:52,1483.3,546353
2021-06-10 09:57:53,1483.3,546363
2021-06-10 09:57:54,1483.2,546423
2021-06-10 09:57:55,1483.15,546424
2021-06-10 09:57:56,1483.15,546424
2021-06-10 09:57:57,1483.3,546558
2021-06-10 09:57:58,1483.3,546558
2021-06-10 09:57:59,1483.3,546558
2021-06-10 09:58:00,1483.2,546560
2021-06-10 09:58:01,1483.2,546560
2021-06-10 09:58:02,1483.3,546746
2021-06-10 09:58:03,1483.3,546845
2021-06-10 09:58:04,1483.3,546845
2021-06-10 09:58:05,1483.3,546847
2021-06-10 09:58:06,1483.45,546908
2021-06-10 09:58:07,1483.45,546908
2021-06-10 09:58:09,1483.45,546916
2021-06-10 09:58:10,1483.45,546941
2021-06-10 09:58:11,1483.5,547015
2021-06-10 09:58:13,1483.45,547021
2021-06-10 09:58:13,1483.45,547021
2021-06-10 09:58:14,1483.45,547132
2021-06-10 09:58:15,1483.45,547132
2021-06-10 09:58:16,1483.45,547132
2021-06-10 09:58:17,1483.45,547185
2021-06-10 09:58:19,1483.5,547186
2021-06-10 09:58:19,1483.5,547186
2021-06-10 09:58:20,1483.5,547196
2021-06-10 09:58:21,1483.45,547201
2021-06-10 09:58:22,1483.75,547601
2021-06-10 09:58:23,1483.75,547601
2021-06-10 09:58:24,1483.75,547636
2021-06-10 09:58:25,1483.45,547644
2021-06-10 09:58:26,1483.45,547745
2021-06-10 09:58:27,1483.45,547745
2021-06-10 09:58:29,1483.75,547763
2021-06-10 09:58:31,1483.75,547763
2021-06-10 09:58:32,1483.75,547763
2021-06-10 09:58:33,1483.75,547763
2021-06-10 09:58:34,1483.5,547775
2021-06-10 09:58:35,1483.5,547775
2021-06-10 09:58:36,1483.5,547780
2021-06-10 09:58:37,1483.5,547802
2021-06-10 09:58:38,1483.5,547802
2021-06-10 09:58:39,1483.5,547866
2021-06-10 09:58:40,1483.5,547866
2021-06-10 09:58:41,1483.7,547869
2021-06-10 09:58:42,1483.7,547872
2021-06-10 09:58:43,1483.7,547944
2021-06-10 09:58:44,1483.5,547998
2021-06-10 09:58:45,1483.5,547998
2021-06-10 09:58:46,1483.75,547999
2021-06-10 09:58:47,1483.5,548149
2021-06-10 09:58:48,1483.75,548169
2021-06-10 09:58:49,1483.7,548319
2021-06-10 09:58:50,1483.5,548325
2021-06-10 09:58:52,1483.5,548330
2021-06-10 09:58:52,1483.5,548330
2021-06-10 09:58:53,1483.8,548431
2021-06-10 09:58:54,1483.8,548531
2021-06-10 09:58:55,1483.8,548531
2021-06-10 09:58:56,1483.8,548531
2021-06-10 09:58:57,1483.4,549519
2021-06-10 09:58:58,1483.4,549519
2021-06-10 09:58:59,1483.4,549519
2021-06-10 09:59:00,1483.5,549628
2021-06-10 09:59:01,1483.6,549678
2021-06-10 09:59:02,1483.6,549704
2021-06-10 09:59:03,1483.2,549712
2021-06-10 09:59:04,1483.2,549712
2021-06-10 09:59:05,1483.4,549723
2021-06-10 09:59:06,1483.4,549723
2021-06-10 09:59:07,1483.45,549733
2021-06-10 09:59:08,1483.4,549745
2021-06-10 09:59:09,1483.3,549755
2021-06-10 09:59:10,1483.3,549755
2021-06-10 09:59:11,1483.4,549944
2021-06-10 09:59:12,1483.4,549945
2021-06-10 09:59:13,1483.4,549996
2021-06-10 09:59:15,1483.35,550006
2021-06-10 09:59:16,1483.35,550492
2021-06-10 09:59:17,1483.35,550523
2021-06-10 09:59:18,1483.35,550523
2021-06-10 09:59:19,1483.35,551023
2021-06-10 09:59:20,1483.35,551028
2021-06-10 09:59:21,1483.4,551083
2021-06-10 09:59:22,1483.35,551090
2021-06-10 09:59:23,1483.35,551090
2021-06-10 09:59:24,1483.35,551090
2021-06-10 09:59:26,1483.5,551092
2021-06-10 09:59:26,1483.5,551092
2021-06-10 09:59:27,1483.5,551096
2021-06-10 09:59:28,1483.55,551573
2021-06-10 09:59:29,1483.55,551573
2021-06-10 09:59:30,1483.55,551573
2021-06-10 09:59:31,1483.55,551573
2021-06-10 09:59:32,1483.6,551587
2021-06-10 09:59:34,1483.55,551724
2021-06-10 09:59:35,1483.5,551728
2021-06-10 09:59:37,1483.55,551729
2021-06-10 09:59:37,1483.55,551729
2021-06-10 09:59:38,1483.5,551730
2021-06-10 09:59:39,1483.5,551788
2021-06-10 09:59:40,1483.5,551788
2021-06-10 09:59:41,1483.5,551788
2021-06-10 09:59:43,1483.55,551794
2021-06-10 09:59:44,1483.55,551848
2021-06-10 09:59:45,1483.55,551848
2021-06-10 09:59:45,1483.55,551848
2021-06-10 09:59:46,1483.55,551848
2021-06-10 09:59:47,1483.55,551848
2021-06-10 09:59:48,1483.6,551855
2021-06-10 09:59:49,1483.5,551863
2021-06-10 09:59:50,1483.5,551867
2021-06-10 09:59:51,1483.5,551872
2021-06-10 09:59:52,1483.8,551937
2021-06-10 09:59:53,1483.8,551957
2021-06-10 09:59:54,1483.75,551977
2021-06-10 09:59:55,1483.75,551978
2021-06-10 09:59:56,1483.75,551988
2021-06-10 09:59:57,1483.75,551995
2021-06-10 09:59:58,1483.55,551997
2021-06-10 10:00:00,1483.55,552024
2021-06-10 10:00:00,1483.55,552024
2021-06-10 10:00:02,1483.8,552034
2021-06-10 10:00:03,1483.8,552034
2021-06-10 10:00:03,1483.8,552534
2021-06-10 10:00:04,1483.8,552534
2021-06-10 10:00:06,1483.55,552538
2021-06-10 10:00:07,1483.8,552563
2021-06-10 10:00:08,1483.8,552588
2021-06-10 10:00:08,1483.8,552588
2021-06-10 10:00:09,1483.8,552602
2021-06-10 10:00:10,1483.55,552702
2021-06-10 10:00:11,1483.8,552705
2021-06-10 10:00:12,1483.8,552705
2021-06-10 10:00:14,1483.8,552757
2021-06-10 10:00:15,1483.75,552767
2021-06-10 10:00:17,1483.5,552877
2021-06-10 10:00:18,1483.75,552882
2021-06-10 10:00:19,1483.5,552946
2021-06-10 10:00:20,1483.75,552952
2021-06-10 10:00:21,1483.5,552992
2021-06-10 10:00:22,1483.5,552992
2021-06-10 10:00:22,1483.5,552992
2021-06-10 10:00:23,1483.8,552995
2021-06-10 10:00:24,1483.8,552995
2021-06-10 10:00:25,1483.75,553108
2021-06-10 10:00:26,1483.75,553248
2021-06-10 10:00:27,1483.8,553252
2021-06-10 10:00:28,1483.5,553278
2021-06-10 10:00:29,1483.5,553328
2021-06-10 10:00:30,1483.5,553328
2021-06-10 10:00:32,1483.8,553338
2021-06-10 10:00:33,1483.8,553338
2021-06-10 10:00:34,1483.75,553354
2021-06-10 10:00:36,1483.5,553361
2021-06-10 10:00:37,1483.5,553361
2021-06-10 10:00:38,1483.5,553362
2021-06-10 10:00:39,1483.5,553407
2021-06-10 10:00:40,1483.45,553894
2021-06-10 10:00:41,1483.4,554143
2021-06-10 10:00:42,1483.45,554194
2021-06-10 10:00:43,1483.45,554306
2021-06-10 10:00:44,1483.2,554321
2021-06-10 10:00:45,1483.45,554524
2021-06-10 10:00:46,1483.45,554524
2021-06-10 10:00:48,1483.45,554531
2021-06-10 10:00:49,1483.25,554537
2021-06-10 10:00:52,1483.05,554658
2021-06-10 10:00:53,1483.4,554659
2021-06-10 10:00:54,1483.4,554664
2021-06-10 10:00:55,1483.4,554764
2021-06-10 10:00:55,1483.4,554764
2021-06-10 10:00:56,1483.05,554775
2021-06-10 10:00:57,1483.3,554777
2021-06-10 10:00:58,1483.3,554784
2021-06-10 10:00:59,1483.3,554786
2021-06-10 10:01:02,1483.3,554910
2021-06-10 10:01:04,1483.3,554910
2021-06-10 10:01:05,1483.2,555133
2021-06-10 10:01:06,1483.15,555170
2021-06-10 10:01:07,1483.2,555190
2021-06-10 10:01:08,1482.9,556194
2021-06-10 10:01:09,1482.85,556528
2021-06-10 10:01:10,1482.8,556538
2021-06-10 10:01:11,1482.8,556570
2021-06-10 10:01:12,1482.8,556570
2021-06-10 10:01:13,1482.75,556629
2021-06-10 10:01:14,1481.6,560091
2021-06-10 10:01:15,1481.65,560206
2021-06-10 10:01:16,1482.05,560230
2021-06-10 10:01:17,1481.6,560233
2021-06-10 10:01:18,1481.6,560317
2021-06-10 10:01:19,1481.6,560318
2021-06-10 10:01:20,1482.05,560328
2021-06-10 10:01:22,1481.5,560366
2021-06-10 10:01:23,1482.05,560371
2021-06-10 10:01:24,1482.05,560834
2021-06-10 10:01:25,1482.05,561230
2021-06-10 10:01:26,1482.05,561230
2021-06-10 10:01:27,1481.7,561245
2021-06-10 10:01:28,1482.0,561285
2021-06-10 10:01:29,1481.65,561297
2021-06-10 10:01:30,1481.7,561318
2021-06-10 10:01:31,1482.0,561542
2021-06-10 10:01:32,1481.9,562381
2021-06-10 10:01:33,1481.9,562382
2021-06-10 10:01:34,1481.9,562382
2021-06-10 10:01:35,1482.1,563328
2021-06-10 10:01:36,1482.45,563338
2021-06-10 10:01:37,1482.2,563348
2021-06-10 10:01:38,1482.2,563348
2021-06-10 10:01:39,1482.25,563378
2021-06-10 10:01:40,1482.25,563379
2021-06-10 10:01:41,1482.3,563489
2021-06-10 10:01:42,1482.3,563489
2021-06-10 10:01:43,1482.65,563662
2021-06-10 10:01:44,1482.65,563668
2021-06-10 10:01:45,1482.65,563698
2021-06-10 10:01:46,1482.65,563700
2021-06-10 10:01:47,1483.0,563750
2021-06-10 10:01:48,1483.0,563800
2021-06-10 10:01:49,1482.65,563810
2021-06-10 10:01:50,1482.65,563818
2021-06-10 10:01:51,1482.65,564062
2021-06-10 10:01:52,1482.65,564092
2021-06-10 10:01:54,1482.65,564123
2021-06-10 10:01:55,1482.65,564125
2021-06-10 10:01:56,1482.65,564145
2021-06-10 10:01:58,1482.5,564229
2021-06-10 10:02:00,1482.0,564300
2021-06-10 10:02:01,1482.05,564328
2021-06-10 10:02:03,1481.8,565024
2021-06-10 10:02:03,1481.5,565384
2021-06-10 10:02:05,1481.6,565572
2021-06-10 10:02:06,1481.15,565631
2021-06-10 10:02:07,1481.1,565887
2021-06-10 10:02:08,1481.4,566037
2021-06-10 10:02:09,1481.45,566038
2021-06-10 10:02:10,1481.0,566735
2021-06-10 10:02:12,1480.75,567800
2021-06-10 10:02:13,1480.75,567802
2021-06-10 10:02:14,1480.65,568174
2021-06-10 10:02:15,1480.6,568814
2021-06-10 10:02:16,1480.6,568890
2021-06-10 10:02:17,1480.6,568891
2021-06-10 10:02:18,1480.25,569999
2021-06-10 10:02:19,1480.55,570282
2021-06-10 10:02:20,1480.55,570282
2021-06-10 10:02:21,1480.25,570289
2021-06-10 10:02:22,1480.55,570304
2021-06-10 10:02:24,1480.55,570489
2021-06-10 10:02:23,1480.55,570458
2021-06-10 10:02:25,1480.7,571058
2021-06-10 10:02:26,1480.55,571085
2021-06-10 10:02:27,1480.55,571305
2021-06-10 10:02:27,1480.4,571407
2021-06-10 10:02:30,1480.0,579101
2021-06-10 10:02:31,1480.55,584706
2021-06-10 10:02:33,1480.0,586392
2021-06-10 10:02:34,1480.0,586808
2021-06-10 10:02:35,1480.3,586826
2021-06-10 10:02:36,1479.95,587011
2021-06-10 10:02:37,1479.95,587363
2021-06-10 10:02:38,1480.1,587366
2021-06-10 10:02:39,1479.95,587605
2021-06-10 10:02:40,1479.95,587838
2021-06-10 10:02:41,1480.0,587902
2021-06-10 10:02:42,1479.95,587909
2021-06-10 10:02:42,1479.95,587909
2021-06-10 10:02:44,1479.55,588336
2021-06-10 10:02:45,1479.55,588519
2021-06-10 10:02:46,1479.55,588519
2021-06-10 10:02:47,1479.75,588520
2021-06-10 10:02:48,1479.55,588641
2021-06-10 10:02:49,1479.95,589113
2021-06-10 10:02:50,1479.4,589463
2021-06-10 10:02:51,1479.95,589494
2021-06-10 10:02:52,1479.9,589697
2021-06-10 10:02:54,1479.5,590218
2021-06-10 10:02:55,1479.7,590254
2021-06-10 10:02:55,1479.5,590274
2021-06-10 10:02:56,1479.6,590324
2021-06-10 10:02:58,1479.5,590329
2021-06-10 10:02:59,1479.55,590608
2021-06-10 10:03:00,1479.35,591272
2021-06-10 10:03:01,1479.35,591505
2021-06-10 10:03:02,1478.05,595802
2021-06-10 10:03:02,1478.0,596591
2021-06-10 10:03:03,1478.6,598025
2021-06-10 10:03:04,1478.0,599055
2021-06-10 10:03:06,1478.2,601946
2021-06-10 10:03:07,1477.85,602332
2021-06-10 10:03:08,1478.0,603049
2021-06-10 10:03:09,1477.5,604039
2021-06-10 10:03:10,1477.7,604491
2021-06-10 10:03:11,1477.65,604922
2021-06-10 10:03:13,1477.5,605459
2021-06-10 10:03:14,1477.65,605966
2021-06-10 10:03:15,1477.5,605992
2021-06-10 10:03:16,1477.95,607120
2021-06-10 10:03:16,1477.5,607139
2021-06-10 10:03:17,1478.05,607749
2021-06-10 10:03:19,1478.05,607971
2021-06-10 10:03:20,1477.7,608076
2021-06-10 10:03:21,1478.05,608082
2021-06-10 10:03:21,1478.05,608082
2021-06-10 10:03:22,1478.0,608186
2021-06-10 10:03:23,1477.7,608480
2021-06-10 10:03:24,1477.95,608499
2021-06-10 10:03:26,1478.0,609340
2021-06-10 10:03:27,1478.7,611840
2021-06-10 10:03:28,1478.15,611849
2021-06-10 10:03:28,1478.15,611864
2021-06-10 10:03:30,1478.65,611910
2021-06-10 10:03:33,1478.7,612293
2021-06-10 10:03:34,1478.65,612306
2021-06-10 10:03:35,1478.65,612336
2021-06-10 10:03:35,1478.3,612355
2021-06-10 10:03:36,1478.7,612421
2021-06-10 10:03:38,1478.3,612437
2021-06-10 10:03:39,1478.7,612439
2021-06-10 10:03:40,1478.4,612515
2021-06-10 10:03:41,1479.0,612689
2021-06-10 10:03:42,1478.75,612712
2021-06-10 10:03:42,1479.0,612722
2021-06-10 10:03:43,1479.05,612875
2021-06-10 10:03:44,1479.05,613502
2021-06-10 10:03:46,1479.05,614106
2021-06-10 10:03:47,1478.7,614108
2021-06-10 10:03:48,1478.6,614699
2021-06-10 10:03:48,1478.6,614699
2021-06-10 10:03:49,1478.75,614702
2021-06-10 10:03:51,1478.75,614789
2021-06-10 10:03:52,1478.65,615149
2021-06-10 10:03:53,1478.65,615176
2021-06-10 10:03:54,1478.65,615242
2021-06-10 10:03:54,1478.75,615352
2021-06-10 10:03:55,1478.75,615455
2021-06-10 10:03:57,1478.75,615719
2021-06-10 10:03:58,1478.75,615734
2021-06-10 10:03:59,1478.5,616136
2021-06-10 10:03:59,1478.5,616136
2021-06-10 10:04:00,1478.9,616817
2021-06-10 10:04:02,1478.9,618022
2021-06-10 10:04:03,1478.65,618203
2021-06-10 10:04:04,1478.7,618270
2021-06-10 10:04:05,1478.7,618472
2021-06-10 10:04:06,1478.7,618472
2021-06-10 10:04:08,1478.5,618507
2021-06-10 10:04:09,1478.6,618660
2021-06-10 10:04:10,1478.5,619866
2021-06-10 10:04:11,1478.1,619960
2021-06-10 10:04:12,1478.45,620074
2021-06-10 10:04:14,1477.9,620309
2021-06-10 10:04:15,1477.9,620410
2021-06-10 10:04:16,1478.0,620441
2021-06-10 10:04:17,1478.0,620451
2021-06-10 10:04:18,1478.0,621241
2021-06-10 10:04:19,1478.4,621607
2021-06-10 10:04:21,1478.4,622776
2021-06-10 10:04:23,1478.0,622787
2021-06-10 10:04:24,1478.0,622787
2021-06-10 10:04:25,1479.0,623658
2021-06-10 10:04:26,1478.65,623693
2021-06-10 10:04:26,1478.65,623693
2021-06-10 10:04:28,1478.7,623769
2021-06-10 10:04:29,1478.1,623784
2021-06-10 10:04:30,1478.6,623790
2021-06-10 10:04:31,1478.6,623849
2021-06-10 10:04:32,1478.6,623851
2021-06-10 10:04:33,1478.6,623873
2021-06-10 10:04:33,1478.6,623873
2021-06-10 10:04:34,1478.6,623873
2021-06-10 10:04:36,1478.1,624057
2021-06-10 10:04:37,1478.45,624067
2021-06-10 10:04:38,1478.45,624269
2021-06-10 10:04:39,1478.1,624599
2021-06-10 10:04:40,1478.45,624606
2021-06-10 10:04:41,1478.45,624607
2021-06-10 10:04:42,1478.45,624622
2021-06-10 10:04:43,1478.1,624849
2021-06-10 10:04:45,1478.55,624950
2021-06-10 10:04:46,1478.55,624950
2021-06-10 10:04:47,1478.55,625000
2021-06-10 10:04:48,1478.55,625004
2021-06-10 10:04:49,1478.15,625209
2021-06-10 10:04:50,1478.15,625315
2021-06-10 10:04:51,1478.55,625805
2021-06-10 10:04:52,1478.55,625915
2021-06-10 10:04:52,1478.55,625915
2021-06-10 10:04:54,1478.6,626523
2021-06-10 10:04:56,1478.6,626707
2021-06-10 10:04:57,1478.35,626730
2021-06-10 10:04:58,1478.65,626934
2021-06-10 10:04:59,1478.35,626936
2021-06-10 10:05:01,1478.55,627065
2021-06-10 10:05:02,1478.65,627171
2021-06-10 10:05:02,1478.65,627171
2021-06-10 10:05:04,1478.1,627948
2021-06-10 10:05:05,1478.65,628022
2021-06-10 10:05:06,1478.5,628041
2021-06-10 10:05:07,1478.6,628114
2021-06-10 10:05:08,1478.1,628366
2021-06-10 10:05:08,1478.1,628366
2021-06-10 10:05:10,1478.35,628370
2021-06-10 10:05:11,1478.35,628370
2021-06-10 10:05:12,1478.35,628383
2021-06-10 10:05:13,1478.35,628384
2021-06-10 10:05:15,1478.35,628556
2021-06-10 10:05:16,1478.2,628658
2021-06-10 10:05:16,1478.2,628658
2021-06-10 10:05:17,1478.35,628832
2021-06-10 10:05:19,1478.4,628882
2021-06-10 10:05:20,1478.4,629112
2021-06-10 10:05:21,1478.4,629118
2021-06-10 10:05:22,1478.4,629162
2021-06-10 10:05:23,1478.35,629221
2021-06-10 10:05:23,1478.35,629221
2021-06-10 10:05:25,1478.4,629243
2021-06-10 10:05:26,1478.5,629623
2021-06-10 10:05:27,1478.45,630211
2021-06-10 10:05:28,1478.9,630253
2021-06-10 10:05:29,1479.0,630345
2021-06-10 10:05:29,1479.0,630357
2021-06-10 10:05:31,1479.0,630387
2021-06-10 10:05:32,1479.0,630490
2021-06-10 10:05:33,1478.55,631071
2021-06-10 10:05:34,1478.7,631086
2021-06-10 10:05:35,1478.7,631089
2021-06-10 10:05:36,1478.7,631115
2021-06-10 10:05:37,1478.7,631215
2021-06-10 10:05:38,1478.7,631423
2021-06-10 10:05:39,1478.7,631423
2021-06-10 10:05:40,1478.7,631473
2021-06-10 10:05:40,1478.7,631473
2021-06-10 10:05:42,1478.7,631540
2021-06-10 10:05:43,1478.7,631588
2021-06-10 10:05:44,1478.7,631665
2021-06-10 10:05:45,1478.45,634497
2021-06-10 10:05:46,1478.4,635049
2021-06-10 10:05:47,1478.4,635157
2021-06-10 10:05:47,1478.2,635160
2021-06-10 10:05:49,1478.4,635264
2021-06-10 10:05:50,1478.4,635320
2021-06-10 10:05:51,1478.1,635355
2021-06-10 10:05:52,1478.15,635377
2021-06-10 10:05:52,1478.35,635382
2021-06-10 10:05:54,1478.35,635409
2021-06-10 10:05:55,1478.2,635481
2021-06-10 10:05:56,1478.25,635643
2021-06-10 10:05:57,1477.95,639697
2021-06-10 10:05:58,1477.8,639998
2021-06-10 10:05:58,1477.8,639998
2021-06-10 10:06:00,1477.5,640128
2021-06-10 10:06:01,1477.5,640244
2021-06-10 10:06:02,1477.6,641330
2021-06-10 10:06:03,1477.6,641792
2021-06-10 10:06:03,1477.6,641792
2021-06-10 10:06:04,1477.6,642023
2021-06-10 10:06:06,1477.6,642188
2021-06-10 10:06:07,1477.6,642274
2021-06-10 10:06:08,1477.6,642336
2021-06-10 10:06:09,1477.55,642420
2021-06-10 10:06:10,1477.6,643159
2021-06-10 10:06:11,1478.0,645969
2021-06-10 10:06:11,1478.0,645991
2021-06-10 10:06:13,1478.4,646084
2021-06-10 10:06:14,1478.25,646144
2021-06-10 10:06:15,1478.95,646285
2021-06-10 10:06:16,1479.15,646357
2021-06-10 10:06:17,1479.4,646444
2021-06-10 10:06:18,1478.95,646552
2021-06-10 10:06:18,1478.45,646602
2021-06-10 10:06:20,1479.05,646834
2021-06-10 10:06:21,1479.1,646988
2021-06-10 10:06:22,1479.1,646988
2021-06-10 10:06:23,1478.5,647194
2021-06-10 10:06:24,1478.5,647194
2021-06-10 10:06:24,1479.1,647204
2021-06-10 10:06:26,1479.1,647227
2021-06-10 10:06:27,1479.15,647284
2021-06-10 10:06:29,1478.75,647374
2021-06-10 10:06:30,1478.75,647374
2021-06-10 10:06:31,1479.15,647403
2021-06-10 10:06:32,1478.7,647417
2021-06-10 10:06:33,1479.15,647667
2021-06-10 10:06:35,1479.0,647831
2021-06-10 10:06:36,1479.0,647920
2021-06-10 10:06:37,1478.65,647925
2021-06-10 10:06:38,1479.0,647937
2021-06-10 10:06:39,1478.75,648065
2021-06-10 10:06:40,1479.3,648165
2021-06-10 10:06:41,1479.35,648177
2021-06-10 10:06:42,1479.35,648213
2021-06-10 10:06:43,1479.35,648213
2021-06-10 10:06:45,1479.35,648295
2021-06-10 10:06:46,1479.35,648341
2021-06-10 10:06:48,1479.35,648424
2021-06-10 10:06:47,1479.35,648424
2021-06-10 10:06:50,1479.35,648480
2021-06-10 10:06:51,1479.3,648486
2021-06-10 10:06:52,1479.35,648487
2021-06-10 10:06:53,1479.35,648492
2021-06-10 10:06:54,1479.1,648647
2021-06-10 10:06:55,1479.35,648654
2021-06-10 10:06:56,1479.35,649820
2021-06-10 10:06:57,1479.35,649821
2021-06-10 10:06:58,1479.35,649836
2021-06-10 10:06:59,1479.35,649945
2021-06-10 10:07:00,1479.4,649962
2021-06-10 10:07:01,1479.4,650213
2021-06-10 10:07:02,1479.4,650213
2021-06-10 10:07:03,1479.1,650453
2021-06-10 10:07:04,1479.1,650457
2021-06-10 10:07:05,1479.0,650495
2021-06-10 10:07:06,1479.1,650511
2021-06-10 10:07:07,1479.35,650538
2021-06-10 10:07:08,1479.35,650543
2021-06-10 10:07:09,1479.1,650545
2021-06-10 10:07:10,1479.35,650547
2021-06-10 10:07:11,1479.35,650547
2021-06-10 10:07:12,1479.1,650704
2021-06-10 10:07:13,1479.35,650786
2021-06-10 10:07:14,1479.1,650881
2021-06-10 10:07:15,1479.35,650912
2021-06-10 10:07:16,1479.4,651929
2021-06-10 10:07:17,1479.45,651944
2021-06-10 10:07:18,1479.7,652449
2021-06-10 10:07:19,1479.7,652450
2021-06-10 10:07:20,1479.15,652471
2021-06-10 10:07:21,1479.2,652474
2021-06-10 10:07:22,1479.2,652489
2021-06-10 10:07:23,1479.2,652593
2021-06-10 10:07:24,1479.2,652593
2021-06-10 10:07:25,1479.2,652744
2021-06-10 10:07:26,1479.2,652747
2021-06-10 10:07:27,1479.2,652813
2021-06-10 10:07:28,1479.2,652848
2021-06-10 10:07:29,1479.2,653012
2021-06-10 10:07:30,1479.2,653251
2021-06-10 10:07:31,1478.9,654411
2021-06-10 10:07:32,1478.9,654411
2021-06-10 10:07:33,1478.9,654453
2021-06-10 10:07:34,1478.9,654477
2021-06-10 10:07:35,1478.7,654614
2021-06-10 10:07:36,1478.8,654719
2021-06-10 10:07:37,1478.9,654747
2021-06-10 10:07:38,1478.8,654755
2021-06-10 10:07:39,1478.8,654755
2021-06-10 10:07:40,1478.8,654856
2021-06-10 10:07:41,1478.5,655103
2021-06-10 10:07:42,1478.8,655114
2021-06-10 10:07:43,1478.7,655167
2021-06-10 10:07:45,1478.7,655167
2021-06-10 10:07:46,1478.7,655299
2021-06-10 10:07:47,1478.5,655324
2021-06-10 10:07:48,1478.4,655667
2021-06-10 10:07:49,1478.3,655776
2021-06-10 10:07:50,1477.95,657424
2021-06-10 10:07:51,1478.0,657430
2021-06-10 10:07:52,1477.95,657470
2021-06-10 10:07:53,1477.95,657503
2021-06-10 10:07:55,1477.9,657510
2021-06-10 10:07:54,1477.9,657510
2021-06-10 10:07:56,1477.7,657528
2021-06-10 10:07:57,1477.85,657533
2021-06-10 10:07:58,1477.75,658379
2021-06-10 10:07:59,1477.7,658706
2021-06-10 10:08:00,1477.7,658987
2021-06-10 10:08:01,1477.5,660031
2021-06-10 10:08:02,1477.7,660076
2021-06-10 10:08:03,1477.7,660084
2021-06-10 10:08:04,1477.5,660633
2021-06-10 10:08:05,1477.5,660665
2021-06-10 10:08:06,1477.5,662571
2021-06-10 10:08:07,1477.5,663312
2021-06-10 10:08:08,1477.35,663324
2021-06-10 10:08:10,1477.15,663671
2021-06-10 10:08:12,1476.65,670027
2021-06-10 10:08:13,1476.35,671069
2021-06-10 10:08:14,1476.65,671375
2021-06-10 10:08:15,1477.65,675830
2021-06-10 10:08:16,1477.55,675993
2021-06-10 10:08:17,1477.5,676093
2021-06-10 10:08:18,1477.65,676165
2021-06-10 10:08:19,1478.25,676232
2021-06-10 10:08:20,1477.45,676259
2021-06-10 10:08:21,1478.0,676277
2021-06-10 10:08:22,1477.8,676458
2021-06-10 10:08:23,1478.1,676478
2021-06-10 10:08:24,1478.15,676511
2021-06-10 10:08:25,1478.1,676632
2021-06-10 10:08:26,1478.4,676695
2021-06-10 10:08:28,1478.1,676826
2021-06-10 10:08:29,1478.7,676884
2021-06-10 10:08:30,1478.75,676890
2021-06-10 10:08:31,1478.7,676898
2021-06-10 10:08:32,1478.7,676914
2021-06-10 10:08:33,1478.1,676921
2021-06-10 10:08:35,1478.65,676934
2021-06-10 10:08:34,1478.65,676924
2021-06-10 10:08:36,1478.2,676938
2021-06-10 10:08:37,1478.65,676977
2021-06-10 10:08:38,1478.65,677391
2021-06-10 10:08:39,1478.85,677852
2021-06-10 10:08:40,1478.95,677975
2021-06-10 10:08:42,1478.95,678428
2021-06-10 10:08:43,1478.75,678545
2021-06-10 10:08:44,1478.95,679003
2021-06-10 10:08:45,1478.95,679009
2021-06-10 10:08:46,1478.75,679074
2021-06-10 10:08:48,1478.7,679642
2021-06-10 10:08:48,1478.95,679644
2021-06-10 10:08:49,1478.95,679654
2021-06-10 10:08:50,1478.95,679660
2021-06-10 10:08:51,1478.8,679665
2021-06-10 10:08:52,1478.95,680102
2021-06-10 10:08:53,1479.0,680110
2021-06-10 10:08:54,1478.95,680306
2021-06-10 10:08:55,1478.45,680938
2021-06-10 10:08:56,1478.4,681093
2021-06-10 10:08:57,1478.0,681298
2021-06-10 10:08:59,1478.4,681312
2021-06-10 10:08:59,1478.4,681312
2021-06-10 10:09:00,1478.0,681324
2021-06-10 10:09:01,1478.4,681344
2021-06-10 10:09:02,1478.4,681346
2021-06-10 10:09:03,1478.35,681391
2021-06-10 10:09:04,1478.35,681400
2021-06-10 10:09:05,1478.35,681424
2021-06-10 10:09:06,1478.25,681479
2021-06-10 10:09:07,1478.35,681484
2021-06-10 10:09:09,1478.35,681504
2021-06-10 10:09:09,1478.35,681504
2021-06-10 10:09:10,1478.25,681514
2021-06-10 10:09:11,1478.25,681555
2021-06-10 10:09:12,1478.35,681617
2021-06-10 10:09:13,1478.35,681738
2021-06-10 10:09:14,1478.0,681755
2021-06-10 10:09:15,1478.05,681818
2021-06-10 10:09:16,1478.05,681855
2021-06-10 10:09:18,1478.05,681855
2021-06-10 10:09:18,1478.05,681855
2021-06-10 10:09:19,1478.05,681855
2021-06-10 10:09:20,1478.05,681916
2021-06-10 10:09:21,1478.0,681971
2021-06-10 10:09:22,1478.0,681971
2021-06-10 10:09:23,1478.0,682027
2021-06-10 10:09:24,1478.0,682093
2021-06-10 10:09:26,1478.05,682233
2021-06-10 10:09:27,1478.0,682262
2021-06-10 10:09:28,1478.4,683199
2021-06-10 10:09:30,1478.4,683204
2021-06-10 10:09:30,1478.4,683204
2021-06-10 10:09:31,1478.0,683245
2021-06-10 10:09:32,1478.0,683349
2021-06-10 10:09:33,1478.4,683351
2021-06-10 10:09:34,1478.0,683393
2021-06-10 10:09:35,1478.0,683996
2021-06-10 10:09:36,1478.4,684009
2021-06-10 10:09:37,1478.4,684010
2021-06-10 10:09:38,1478.4,684010
2021-06-10 10:09:39,1478.05,684042
2021-06-10 10:09:40,1478.4,684063
2021-06-10 10:09:42,1478.4,684193
2021-06-10 10:09:42,1478.4,684201
2021-06-10 10:09:43,1478.4,684352
2021-06-10 10:09:44,1478.4,684404
2021-06-10 10:09:45,1478.1,684514
2021-06-10 10:09:46,1478.4,684518
2021-06-10 10:09:47,1478.1,684538
2021-06-10 10:09:48,1478.1,684538
2021-06-10 10:09:49,1478.05,684763
2021-06-10 10:09:50,1477.95,685554
2021-06-10 10:09:51,1477.95,685787
2021-06-10 10:09:52,1477.65,685802
2021-06-10 10:09:53,1477.95,685902
2021-06-10 10:09:55,1477.65,685911
2021-06-10 10:09:55,1477.65,685911
2021-06-10 10:09:56,1477.65,685925
2021-06-10 10:09:57,1477.65,686139
2021-06-10 10:09:58,1477.6,686178
2021-06-10 10:09:59,1477.65,686361
2021-06-10 10:10:01,1477.6,686741
2021-06-10 10:10:02,1477.9,686743
2021-06-10 10:10:03,1477.9,686745
2021-06-10 10:10:04,1477.9,686747
2021-06-10 10:10:05,1477.8,686755
2021-06-10 10:10:07,1477.8,686995
2021-06-10 10:10:08,1477.8,686995
2021-06-10 10:10:09,1477.9,687020
2021-06-10 10:10:09,1477.9,687020
2021-06-10 10:10:10,1477.9,687120
2021-06-10 10:10:11,1477.8,687147
2021-06-10 10:10:12,1477.8,687147
2021-06-10 10:10:13,1478.0,687311
2021-06-10 10:10:14,1478.05,687416
2021-06-10 10:10:15,1477.95,687422
2021-06-10 10:10:16,1478.05,687426
2021-06-10 10:10:17,1477.95,687427
2021-06-10 10:10:18,1478.0,687580
2021-06-10 10:10:19,1478.0,687731
2021-06-10 10:10:20,1478.05,687925
2021-06-10 10:10:21,1478.05,688206
2021-06-10 10:10:23,1478.3,688372
2021-06-10 10:10:23,1478.55,688538
2021-06-10 10:10:24,1478.35,688791
2021-06-10 10:10:25,1478.35,688816
2021-06-10 10:10:26,1478.45,688971
2021-06-10 10:10:27,1478.1,689032
2021-06-10 10:10:28,1477.9,690584
2021-06-10 10:10:30,1478.0,690808
2021-06-10 10:10:30,1478.0,690808
2021-06-10 10:10:31,1478.0,690808
2021-06-10 10:10:32,1477.95,690862
2021-06-10 10:10:33,1477.95,691228
2021-06-10 10:10:34,1477.95,691280
2021-06-10 10:10:36,1477.65,691289
2021-06-10 10:10:36,1477.9,691305
2021-06-10 10:10:37,1477.6,692375
2021-06-10 10:10:38,1477.4,692953
2021-06-10 10:10:39,1477.35,692955
2021-06-10 10:10:40,1477.55,693472
2021-06-10 10:10:42,1477.55,694186
2021-06-10 10:10:42,1477.55,694186
2021-06-10 10:10:43,1477.55,694216
2021-06-10 10:10:44,1477.5,694523
2021-06-10 10:10:45,1477.5,694540
2021-06-10 10:10:46,1477.45,694595
2021-06-10 10:10:48,1477.7,695679
2021-06-10 10:10:49,1477.6,695828
2021-06-10 10:10:50,1478.4,695993
2021-06-10 10:10:51,1478.0,696252
2021-06-10 10:10:52,1478.5,696278
2021-06-10 10:10:53,1478.5,696279
2021-06-10 10:10:53,1478.5,696279
2021-06-10 10:10:54,1478.45,696324
2021-06-10 10:10:57,1478.5,696488
2021-06-10 10:10:58,1478.5,696592
2021-06-10 10:11:00,1478.5,696616
2021-06-10 10:11:01,1478.5,696720
2021-06-10 10:11:02,1478.5,696821
2021-06-10 10:11:02,1478.5,696821
2021-06-10 10:11:03,1478.4,697282
2021-06-10 10:11:04,1478.45,697286
2021-06-10 10:11:05,1478.0,697294
2021-06-10 10:11:06,1478.45,697363
2021-06-10 10:11:07,1478.0,697366
2021-06-10 10:11:08,1478.0,697413
2021-06-10 10:11:09,1478.45,697424
2021-06-10 10:11:11,1478.45,697814
2021-06-10 10:11:12,1478.45,697814
2021-06-10 10:11:13,1478.4,697844
2021-06-10 10:11:14,1478.1,697901
2021-06-10 10:11:15,1478.4,697906
2021-06-10 10:11:16,1478.4,697920
2021-06-10 10:11:17,1478.15,697944
2021-06-10 10:11:18,1478.4,697963
2021-06-10 10:11:19,1478.35,697993
2021-06-10 10:11:20,1478.3,698003
2021-06-10 10:11:21,1478.35,698033
2021-06-10 10:11:23,1478.1,698057
2021-06-10 10:11:24,1478.3,698108
2021-06-10 10:11:25,1478.3,698161
2021-06-10 10:11:26,1478.3,698209
2021-06-10 10:11:26,1478.3,698209
2021-06-10 10:11:27,1478.3,698233
2021-06-10 10:11:28,1478.3,698233
2021-06-10 10:11:29,1478.3,698234
2021-06-10 10:11:30,1478.3,698236
2021-06-10 10:11:31,1478.0,698386
2021-06-10 10:11:32,1478.3,698399
2021-06-10 10:11:33,1478.3,698409
2021-06-10 10:11:34,1478.3,698445
2021-06-10 10:11:35,1478.3,698445
2021-06-10 10:11:36,1478.05,698449
2021-06-10 10:11:37,1478.3,698465
2021-06-10 10:11:38,1478.3,698507
2021-06-10 10:11:39,1478.3,698507
2021-06-10 10:11:41,1478.05,698653
2021-06-10 10:11:42,1478.3,698700
2021-06-10 10:11:43,1478.3,698933
2021-06-10 10:11:43,1478.3,698933
2021-06-10 10:11:44,1478.3,698986
2021-06-10 10:11:45,1478.0,698987
