timestamp,ltp,volume
2021-06-10 09:20:13,633.4,589890
2021-06-10 09:20:14,633.35,594896
2021-06-10 09:20:15,633.4,597174
2021-06-10 09:20:17,633.3,597756
2021-06-10 09:20:18,633.2,598203
2021-06-10 09:20:19,633.3,599023
2021-06-10 09:20:20,633.3,600637
2021-06-10 09:20:21,633.3,601498
2021-06-10 09:20:22,633.1,604384
2021-06-10 09:20:22,633.1,604384
2021-06-10 09:20:23,633.15,604970
2021-06-10 09:20:25,633.15,605981
2021-06-10 09:20:26,633.1,608348
2021-06-10 09:20:28,633.25,610954
2021-06-10 09:20:29,633.25,610977
2021-06-10 09:20:29,633.25,611942
2021-06-10 09:20:30,633.45,613342
2021-06-10 09:20:31,633.4,613385
2021-06-10 09:20:33,633.3,614586
2021-06-10 09:20:34,633.6,617593
2021-06-10 09:20:35,633.35,617621
2021-06-10 09:20:36,633.5,618921
2021-06-10 09:20:37,633.5,620311
2021-06-10 09:20:38,633.45,620329
2021-06-10 09:20:39,633.5,621699
2021-06-10 09:20:40,633.5,622537
2021-06-10 09:20:40,633.45,622540
2021-06-10 09:20:41,633.3,623338
2021-06-10 09:20:42,633.55,623969
2021-06-10 09:20:44,633.25,624632
2021-06-10 09:20:46,633.4,630568
2021-06-10 09:20:47,633.25,630792
2021-06-10 09:20:48,633.45,631650
2021-06-10 09:20:48,633.45,631650
2021-06-10 09:20:49,633.4,632377
2021-06-10 09:20:51,633.3,632459
2021-06-10 09:20:52,633.3,632679
2021-06-10 09:20:53,633.4,632748
2021-06-10 09:20:54,633.35,633763
2021-06-10 09:20:54,633.4,633788
2021-06-10 09:20:55,633.5,634792
2021-06-10 09:20:57,633.5,635318
2021-06-10 09:20:59,633.5,635321
2021-06-10 09:21:00,633.5,636029
2021-06-10 09:21:01,633.4,636346
2021-06-10 09:21:01,633.4,636346
2021-06-10 09:21:03,633.55,637128
2021-06-10 09:21:04,633.55,637213
2021-06-10 09:21:04,633.7,637313
2021-06-10 09:21:06,633.7,637521
2021-06-10 09:21:07,633.6,637975
2021-06-10 09:21:08,633.6,638076
2021-06-10 09:21:09,633.6,638076
2021-06-10 09:21:10,633.6,640945
2021-06-10 09:21:11,633.7,641015
2021-06-10 09:21:11,633.8,646402
2021-06-10 09:21:13,633.8,647277
2021-06-10 09:21:14,633.9,647312
2021-06-10 09:21:15,633.9,647649
2021-06-10 09:21:16,633.85,648044
2021-06-10 09:21:16,633.95,648094
2021-06-10 09:21:17,633.75,649107
2021-06-10 09:21:19,633.85,649294
2021-06-10 09:21:20,633.9,649378
2021-06-10 09:21:21,633.9,649398
2021-06-10 09:21:22,633.9,650650
2021-06-10 09:21:23,633.85,650850
2021-06-10 09:21:24,633.9,650955
2021-06-10 09:21:24,633.9,651065
2021-06-10 09:21:25,633.9,652370
2021-06-10 09:21:26,633.85,652499
2021-06-10 09:21:28,634.0,656152
2021-06-10 09:21:29,634.0,656180
2021-06-10 09:21:30,634.2,656503
2021-06-10 09:21:31,634.0,656505
2021-06-10 09:21:32,634.2,656898
2021-06-10 09:21:32,634.2,656898
2021-06-10 09:21:33,634.3,657070
2021-06-10 09:21:34,634.3,657164
2021-06-10 09:21:36,634.4,657584
2021-06-10 09:21:37,634.5,657752
2021-06-10 09:21:38,634.5,657756
2021-06-10 09:21:39,634.35,659069
2021-06-10 09:21:40,634.65,660119
2021-06-10 09:21:40,634.35,659119
2021-06-10 09:21:42,634.25,664166
2021-06-10 09:21:43,634.25,664282
2021-06-10 09:21:44,634.35,664567
2021-06-10 09:21:45,634.2,664632
2021-06-10 09:21:46,634.3,664793
2021-06-10 09:21:47,634.2,665863
2021-06-10 09:21:47,634.2,665450
2021-06-10 09:21:48,634.3,666070
2021-06-10 09:21:50,634.05,666387
2021-06-10 09:21:51,634.0,666586
2021-06-10 09:21:53,634.25,667183
2021-06-10 09:21:54,634.25,667233
2021-06-10 09:21:54,634.25,667233
2021-06-10 09:21:56,634.35,667492
2021-06-10 09:21:57,634.35,668082
2021-06-10 09:21:58,634.2,669443
2021-06-10 09:21:59,634.2,669597
2021-06-10 09:22:00,634.1,669881
2021-06-10 09:22:00,634.25,669891
2021-06-10 09:22:02,634.1,669903
2021-06-10 09:22:03,634.25,669991
2021-06-10 09:22:04,634.3,670333
2021-06-10 09:22:05,634.3,670383
2021-06-10 09:22:06,634.2,672287
2021-06-10 09:22:07,634.2,672547
2021-06-10 09:22:07,634.2,672547
2021-06-10 09:22:09,634.25,673190
2021-06-10 09:22:10,634.5,676228
2021-06-10 09:22:11,634.5,676247
2021-06-10 09:22:12,634.5,677481
2021-06-10 09:22:13,634.35,677982
2021-06-10 09:22:14,634.5,678159
2021-06-10 09:22:15,634.5,678600
2021-06-10 09:22:15,634.5,678625
2021-06-10 09:22:17,634.5,678626
2021-06-10 09:22:18,634.45,678731
2021-06-10 09:22:18,634.45,678731
2021-06-10 09:22:19,634.35,678996
2021-06-10 09:22:20,634.3,680635
2021-06-10 09:22:22,634.3,682593
2021-06-10 09:22:23,634.1,682840
2021-06-10 09:22:24,634.2,682867
2021-06-10 09:22:25,634.25,682874
2021-06-10 09:22:26,634.2,683379
2021-06-10 09:22:27,634.05,684749
2021-06-10 09:22:27,634.2,684750
2021-06-10 09:22:28,634.05,684757
2021-06-10 09:22:30,634.1,684758
2021-06-10 09:22:31,634.05,684767
2021-06-10 09:22:32,634.05,685202
2021-06-10 09:22:34,634.1,685327
2021-06-10 09:22:35,634.2,685347
2021-06-10 09:22:36,634.25,686165
2021-06-10 09:22:36,634.2,686110
2021-06-10 09:22:37,634.15,686791
2021-06-10 09:22:39,634.1,687200
2021-06-10 09:22:40,634.25,687739
2021-06-10 09:22:41,634.05,687769
2021-06-10 09:22:42,634.15,687770
2021-06-10 09:22:42,634.05,687785
2021-06-10 09:22:43,634.15,688241
2021-06-10 09:22:44,634.0,688735
2021-06-10 09:22:46,634.0,690422
2021-06-10 09:22:47,634.0,690476
2021-06-10 09:22:48,634.0,691597
2021-06-10 09:22:49,634.0,691597
2021-06-10 09:22:50,634.15,691863
2021-06-10 09:22:50,634.15,691601
2021-06-10 09:22:51,634.15,692218
2021-06-10 09:22:53,634.1,693233
2021-06-10 09:22:54,634.2,693729
2021-06-10 09:22:55,634.1,693736
2021-06-10 09:22:56,634.25,694342
2021-06-10 09:22:57,634.2,695140
2021-06-10 09:22:58,634.15,695190
2021-06-10 09:22:59,634.15,695340
2021-06-10 09:23:00,634.35,703377
2021-06-10 09:23:01,634.2,703442
2021-06-10 09:23:02,634.2,703712
2021-06-10 09:23:03,634.4,703731
2021-06-10 09:23:05,634.25,704728
2021-06-10 09:23:06,634.35,704916
2021-06-10 09:23:07,634.25,704970
2021-06-10 09:23:08,634.25,705205
2021-06-10 09:23:09,634.45,705213
2021-06-10 09:23:10,634.35,705367
2021-06-10 09:23:11,634.45,705484
2021-06-10 09:23:12,634.45,705485
2021-06-10 09:23:13,634.45,705566
2021-06-10 09:23:14,634.25,705616
2021-06-10 09:23:15,634.4,705726
2021-06-10 09:23:16,634.45,706091
2021-06-10 09:23:17,634.45,706392
2021-06-10 09:23:18,634.45,710559
2021-06-10 09:23:19,634.5,711667
2021-06-10 09:23:21,634.5,711822
2021-06-10 09:23:22,634.45,712011
2021-06-10 09:23:23,634.3,712019
2021-06-10 09:23:24,634.4,713750
2021-06-10 09:23:25,634.2,714193
2021-06-10 09:23:26,634.45,714414
2021-06-10 09:23:27,634.4,714436
2021-06-10 09:23:28,634.35,715868
2021-06-10 09:23:29,634.4,716888
2021-06-10 09:23:30,634.35,716993
2021-06-10 09:23:33,634.55,727281
2021-06-10 09:23:34,634.35,727381
2021-06-10 09:23:35,634.4,727635
2021-06-10 09:23:36,634.6,728003
2021-06-10 09:23:37,634.4,728103
2021-06-10 09:23:38,634.4,728114
2021-06-10 09:23:39,634.5,728230
2021-06-10 09:23:40,634.6,728330
2021-06-10 09:23:41,634.6,728330
2021-06-10 09:23:42,634.6,729085
2021-06-10 09:23:43,634.5,729207
2021-06-10 09:23:44,634.6,729208
2021-06-10 09:23:45,634.5,729413
2021-06-10 09:23:46,634.6,729574
2021-06-10 09:23:47,634.5,729706
2021-06-10 09:23:48,634.5,729969
2021-06-10 09:23:49,634.55,731386
2021-06-10 09:23:50,634.55,731387
2021-06-10 09:23:51,634.45,731501
2021-06-10 09:23:52,634.6,731671
2021-06-10 09:23:53,634.55,731682
2021-06-10 09:23:54,634.6,731728
2021-06-10 09:23:55,634.6,731728
2021-06-10 09:23:56,634.65,733890
2021-06-10 09:23:57,634.6,733960
2021-06-10 09:23:59,634.7,734737
2021-06-10 09:24:00,634.7,734933
2021-06-10 09:24:01,634.6,734983
2021-06-10 09:24:03,634.6,736917
2021-06-10 09:24:04,634.5,737327
2021-06-10 09:24:05,634.4,742302
2021-06-10 09:24:06,634.6,742317
2021-06-10 09:24:07,634.5,742590
2021-06-10 09:24:09,634.5,742817
2021-06-10 09:24:10,634.5,742821
2021-06-10 09:24:11,634.7,742872
2021-06-10 09:24:12,634.5,742922
2021-06-10 09:24:13,634.7,744558
2021-06-10 09:24:14,634.7,744912
2021-06-10 09:24:15,634.55,745172
2021-06-10 09:24:16,634.7,745434
2021-06-10 09:24:17,634.55,745864
2021-06-10 09:24:18,634.6,746019
2021-06-10 09:24:19,634.6,746486
2021-06-10 09:24:20,634.6,746551
2021-06-10 09:24:21,634.6,746611
2021-06-10 09:24:22,634.6,746813
2021-06-10 09:24:23,634.6,747438
2021-06-10 09:24:24,634.55,748369
2021-06-10 09:24:25,634.65,749531
2021-06-10 09:24:26,634.5,750929
2021-06-10 09:24:27,634.5,750983
2021-06-10 09:24:28,634.6,751128
2021-06-10 09:24:29,634.75,751135
2021-06-10 09:24:30,634.5,752401
2021-06-10 09:24:31,634.7,752528
2021-06-10 09:24:32,634.7,752558
2021-06-10 09:24:33,634.7,752567
2021-06-10 09:24:34,634.7,752868
2021-06-10 09:24:35,634.5,752880
2021-06-10 09:24:36,634.65,753234
2021-06-10 09:24:37,634.65,753248
2021-06-10 09:24:38,634.65,753280
2021-06-10 09:24:39,634.45,753286
2021-06-10 09:24:40,634.35,756028
2021-06-10 09:24:41,634.15,757020
2021-06-10 09:24:42,634.3,757084
2021-06-10 09:24:43,634.35,757091
2021-06-10 09:24:44,634.2,757246
2021-06-10 09:24:45,634.45,757320
2021-06-10 09:24:46,634.4,757483
2021-06-10 09:24:47,634.2,757786
2021-06-10 09:24:48,634.2,757885
2021-06-10 09:24:49,634.45,758205
2021-06-10 09:24:50,634.1,758368
2021-06-10 09:24:51,634.3,758369
2021-06-10 09:24:52,634.55,758396
2021-06-10 09:24:53,634.45,758508
2021-06-10 09:24:54,634.5,760785
2021-06-10 09:24:55,634.5,761094
2021-06-10 09:24:56,634.45,761151
2021-06-10 09:24:57,634.45,761152
2021-06-10 09:24:58,634.35,762881
2021-06-10 09:24:59,634.6,763060
2021-06-10 09:25:00,634.35,763205
2021-06-10 09:25:01,634.5,763222
2021-06-10 09:25:02,634.6,763545
2021-06-10 09:25:03,634.4,763549
2021-06-10 09:25:04,634.4,763559
2021-06-10 09:25:06,634.65,764558
2021-06-10 09:25:05,634.45,764431
2021-06-10 09:25:07,634.6,764668
2021-06-10 09:25:08,634.5,764669
2021-06-10 09:25:09,634.6,764670
2021-06-10 09:25:10,634.5,764718
2021-06-10 09:25:11,634.7,766493
2021-06-10 09:25:12,634.7,767129
2021-06-10 09:25:13,634.55,771917
2021-06-10 09:25:14,634.8,772094
2021-06-10 09:25:15,634.8,772471
2021-06-10 09:25:16,634.75,772722
2021-06-10 09:25:17,634.75,772739
2021-06-10 09:25:18,634.75,773354
2021-06-10 09:25:19,634.75,773359
2021-06-10 09:25:20,634.55,775820
2021-06-10 09:25:21,634.55,777122
2021-06-10 09:25:23,634.55,781763
2021-06-10 09:25:24,634.55,781879
2021-06-10 09:25:25,634.4,783765
2021-06-10 09:25:26,634.35,783942
2021-06-10 09:25:27,634.3,784766
2021-06-10 09:25:28,634.3,784875
2021-06-10 09:25:29,634.3,784910
2021-06-10 09:25:29,634.3,785050
2021-06-10 09:25:30,634.3,785066
2021-06-10 09:25:31,634.3,785096
2021-06-10 09:25:32,634.3,785492
2021-06-10 09:25:33,634.3,785513
2021-06-10 09:25:34,634.3,785513
2021-06-10 09:25:35,634.3,785788
2021-06-10 09:25:36,634.3,786005
2021-06-10 09:25:37,634.15,787256
2021-06-10 09:25:38,634.3,792618
2021-06-10 09:25:39,634.3,792825
2021-06-10 09:25:40,634.3,792828
2021-06-10 09:25:41,634.3,799785
2021-06-10 09:25:42,634.5,799786
2021-06-10 09:25:43,634.5,799820
2021-06-10 09:25:44,634.55,800522
2021-06-10 09:25:45,634.45,800883
2021-06-10 09:25:46,634.45,800888
2021-06-10 09:25:47,634.4,800942
2021-06-10 09:25:48,634.3,800993
2021-06-10 09:25:49,634.4,801022
2021-06-10 09:25:51,634.3,801542
2021-06-10 09:25:51,634.2,802315
2021-06-10 09:25:52,634.2,802900
2021-06-10 09:25:53,634.15,803009
2021-06-10 09:25:54,634.0,803479
2021-06-10 09:25:55,634.05,803481
2021-06-10 09:25:56,633.95,808986
2021-06-10 09:25:57,633.9,810180
2021-06-10 09:25:58,633.75,811242
2021-06-10 09:25:59,633.7,811361
2021-06-10 09:26:00,633.65,811757
2021-06-10 09:26:01,633.75,812570
2021-06-10 09:26:02,633.5,812778
2021-06-10 09:26:03,633.05,818292
2021-06-10 09:26:04,633.25,818671
2021-06-10 09:26:05,633.4,818883
2021-06-10 09:26:06,633.25,819719
2021-06-10 09:26:07,633.05,820089
2021-06-10 09:26:08,633.0,826122
2021-06-10 09:26:09,632.95,826223
2021-06-10 09:26:10,632.9,829817
2021-06-10 09:26:11,632.95,830520
2021-06-10 09:26:12,632.95,830558
2021-06-10 09:26:13,633.05,831313
2021-06-10 09:26:14,633.45,832464
2021-06-10 09:26:15,633.35,832963
2021-06-10 09:26:17,633.3,834961
2021-06-10 09:26:18,633.45,835452
2021-06-10 09:26:20,633.15,836150
2021-06-10 09:26:22,633.45,836960
2021-06-10 09:26:23,633.5,837055
2021-06-10 09:26:24,633.45,837144
2021-06-10 09:26:25,633.35,838186
2021-06-10 09:26:26,633.6,838451
2021-06-10 09:26:27,633.45,838951
2021-06-10 09:26:28,633.4,839064
2021-06-10 09:26:30,633.35,839174
2021-06-10 09:26:31,633.4,839344
2021-06-10 09:26:31,633.4,839344
2021-06-10 09:26:32,633.3,839349
2021-06-10 09:26:33,633.4,839364
2021-06-10 09:26:34,633.35,839369
2021-06-10 09:26:35,633.15,841385
2021-06-10 09:26:36,633.15,841748
2021-06-10 09:26:37,633.0,841988
2021-06-10 09:26:38,633.3,842016
2021-06-10 09:26:39,632.95,842317
2021-06-10 09:26:40,633.25,842428
2021-06-10 09:26:41,633.1,843460
2021-06-10 09:26:42,633.3,843473
2021-06-10 09:26:43,633.2,843498
2021-06-10 09:26:44,633.3,843560
2021-06-10 09:26:45,633.1,844744
2021-06-10 09:26:46,633.2,845488
2021-06-10 09:26:47,633.15,846554
2021-06-10 09:26:48,633.1,846832
2021-06-10 09:26:49,632.8,849518
2021-06-10 09:26:50,632.75,850449
2021-06-10 09:26:51,632.65,852193
2021-06-10 09:26:52,632.75,853273
2021-06-10 09:26:53,632.5,853768
2021-06-10 09:26:55,632.4,855636
2021-06-10 09:26:56,632.4,855837
2021-06-10 09:26:57,632.5,855873
2021-06-10 09:26:59,632.6,857292
2021-06-10 09:27:00,632.4,858427
2021-06-10 09:27:02,632.1,862322
2021-06-10 09:27:03,631.95,871738
2021-06-10 09:27:05,632.05,875235
2021-06-10 09:27:06,632.05,875336
2021-06-10 09:27:07,632.4,876845
2021-06-10 09:27:08,632.4,877103
2021-06-10 09:27:09,632.5,878721
2021-06-10 09:27:11,632.4,878951
2021-06-10 09:27:12,632.6,878973
2021-06-10 09:27:13,632.55,879074
2021-06-10 09:27:14,632.75,879797
2021-06-10 09:27:15,633.0,881124
2021-06-10 09:27:16,632.55,882124
2021-06-10 09:27:17,632.55,882230
2021-06-10 09:27:18,632.9,882782
2021-06-10 09:27:19,633.0,882850
2021-06-10 09:27:21,632.75,883016
2021-06-10 09:27:21,632.75,883016
2021-06-10 09:27:22,633.05,883618
2021-06-10 09:27:23,632.8,884071
2021-06-10 09:27:24,633.0,884171
2021-06-10 09:27:25,632.75,887401
2021-06-10 09:27:26,632.75,887929
2021-06-10 09:27:27,632.85,887995
2021-06-10 09:27:28,632.75,888040
2021-06-10 09:27:29,632.75,888141
2021-06-10 09:27:30,632.8,888291
2021-06-10 09:27:31,632.75,888301
2021-06-10 09:27:32,632.75,888359
2021-06-10 09:27:34,632.95,888566
2021-06-10 09:27:35,632.95,888629
2021-06-10 09:27:36,632.8,888987
2021-06-10 09:27:40,633.15,897525
2021-06-10 09:27:42,633.05,897586
2021-06-10 09:27:43,633.2,898159
2021-06-10 09:27:44,633.05,898189
2021-06-10 09:27:45,633.25,898203
2021-06-10 09:27:46,633.1,898683
2021-06-10 09:27:47,633.05,898718
2021-06-10 09:27:48,633.05,898903
2021-06-10 09:27:49,633.05,898903
2021-06-10 09:27:50,633.05,899148
2021-06-10 09:27:51,633.25,900120
2021-06-10 09:27:52,633.3,902172
2021-06-10 09:27:53,633.5,902227
2021-06-10 09:27:54,633.3,902277
2021-06-10 09:27:55,633.25,904041
2021-06-10 09:27:56,633.1,905003
2021-06-10 09:27:57,633.3,905009
2021-06-10 09:27:58,633.2,905059
2021-06-10 09:28:00,633.45,907312
2021-06-10 09:28:01,633.45,907396
2021-06-10 09:28:02,633.35,907514
2021-06-10 09:28:03,633.35,907514
2021-06-10 09:28:05,633.25,907554
2021-06-10 09:28:06,633.35,907717
2021-06-10 09:28:07,633.4,907881
2021-06-10 09:28:08,633.4,908580
2021-06-10 09:28:09,633.45,908955
2021-06-10 09:28:09,633.4,908954
2021-06-10 09:28:11,633.5,908976
2021-06-10 09:28:13,633.4,909611
2021-06-10 09:28:14,633.5,909641
2021-06-10 09:28:15,633.35,909645
2021-06-10 09:28:15,633.35,910146
2021-06-10 09:28:16,633.35,913642
2021-06-10 09:28:17,633.35,913874
2021-06-10 09:28:18,633.3,913981
2021-06-10 09:28:19,633.4,914191
2021-06-10 09:28:20,633.4,914466
2021-06-10 09:28:21,633.7,919646
2021-06-10 09:28:22,633.5,919750
2021-06-10 09:28:23,633.65,919767
2021-06-10 09:28:24,633.5,919871
2021-06-10 09:28:25,633.5,920198
2021-06-10 09:28:26,633.35,920805
2021-06-10 09:28:27,633.35,921075
2021-06-10 09:28:28,633.35,921622
2021-06-10 09:28:29,633.25,922014
2021-06-10 09:28:30,633.3,922199
2021-06-10 09:28:31,632.8,927012
2021-06-10 09:28:32,632.9,927127
2021-06-10 09:28:33,632.9,927188
2021-06-10 09:28:34,632.9,927393
2021-06-10 09:28:36,632.95,929713
2021-06-10 09:28:36,632.95,930008
2021-06-10 09:28:37,633.2,930230
2021-06-10 09:28:38,633.0,930937
2021-06-10 09:28:40,633.25,930985
2021-06-10 09:28:41,632.95,931126
2021-06-10 09:28:41,632.95,931126
2021-06-10 09:28:42,633.2,932152
2021-06-10 09:28:43,633.2,932202
2021-06-10 09:28:44,633.2,932202
2021-06-10 09:28:45,632.9,932231
2021-06-10 09:28:46,632.9,932493
2021-06-10 09:28:47,633.2,932566
2021-06-10 09:28:49,633.1,932620
2021-06-10 09:28:51,633.05,935913
2021-06-10 09:28:52,633.05,935933
2021-06-10 09:28:53,633.1,936020
2021-06-10 09:28:54,633.1,936302
2021-06-10 09:28:56,633.05,936632
2021-06-10 09:28:57,633.1,936854
2021-06-10 09:28:57,632.95,937135
2021-06-10 09:28:59,632.9,937158
2021-06-10 09:29:00,632.9,937452
2021-06-10 09:29:01,633.25,938720
2021-06-10 09:29:01,633.25,938720
2021-06-10 09:29:02,633.25,938940
2021-06-10 09:29:03,633.05,939319
2021-06-10 09:29:04,633.25,939323
2021-06-10 09:29:05,633.2,939591
2021-06-10 09:29:06,633.1,939964
2021-06-10 09:29:07,633.15,940079
2021-06-10 09:29:09,633.15,940192
2021-06-10 09:29:10,633.15,940304
2021-06-10 09:29:12,633.2,940356
2021-06-10 09:29:13,633.25,941031
2021-06-10 09:29:16,633.5,942815
2021-06-10 09:29:17,633.3,942865
2021-06-10 09:29:18,633.5,942875
2021-06-10 09:29:18,633.5,942875
2021-06-10 09:29:19,633.45,943043
2021-06-10 09:29:20,633.65,943244
2021-06-10 09:29:21,633.45,943488
2021-06-10 09:29:22,633.65,943528
2021-06-10 09:29:23,633.8,943648
2021-06-10 09:29:25,633.5,943758
2021-06-10 09:29:26,633.7,944032
2021-06-10 09:29:27,633.7,944151
2021-06-10 09:29:28,633.7,944353
2021-06-10 09:29:29,633.9,944773
2021-06-10 09:29:30,633.85,945923
2021-06-10 09:29:30,633.85,945923
2021-06-10 09:29:31,633.9,945956
2021-06-10 09:29:32,633.9,946909
2021-06-10 09:29:33,633.65,946927
2021-06-10 09:29:34,633.6,949001
2021-06-10 09:29:35,633.5,949801
2021-06-10 09:29:36,633.6,949964
2021-06-10 09:29:37,633.6,949964
2021-06-10 09:29:39,633.65,950046
2021-06-10 09:29:40,633.65,950506
2021-06-10 09:29:40,633.9,950906
2021-06-10 09:29:42,633.9,951004
2021-06-10 09:29:44,633.7,951261
2021-06-10 09:29:45,633.9,951343
2021-06-10 09:29:47,633.9,951793
2021-06-10 09:29:48,633.9,952107
2021-06-10 09:29:49,633.9,952113
2021-06-10 09:29:51,633.9,952137
2021-06-10 09:29:52,633.7,952361
2021-06-10 09:29:52,633.9,952351
2021-06-10 09:29:53,633.7,952373
2021-06-10 09:29:54,633.9,952493
2021-06-10 09:29:55,633.9,952525
2021-06-10 09:29:56,633.9,952878
2021-06-10 09:29:57,633.9,952878
2021-06-10 09:29:58,633.7,954150
2021-06-10 09:29:59,633.7,954404
2021-06-10 09:30:00,633.7,955690
2021-06-10 09:30:02,633.9,956886
2021-06-10 09:30:03,634.1,961829
2021-06-10 09:30:04,634.2,963365
2021-06-10 09:30:05,634.3,965140
2021-06-10 09:30:06,634.25,966072
2021-06-10 09:30:07,634.75,967036
2021-06-10 09:30:09,634.55,967169
2021-06-10 09:30:10,634.75,967369
2021-06-10 09:30:11,634.7,968682
2021-06-10 09:30:12,634.6,968788
2021-06-10 09:30:14,634.65,970021
2021-06-10 09:30:15,634.55,970025
2021-06-10 09:30:16,634.7,970420
2021-06-10 09:30:17,634.65,971600
2021-06-10 09:30:18,634.7,972763
2021-06-10 09:30:19,634.7,973704
2021-06-10 09:30:19,634.7,973704
2021-06-10 09:30:20,634.9,976357
2021-06-10 09:30:21,634.85,977602
2021-06-10 09:30:22,635.2,991836
2021-06-10 09:30:23,635.25,993469
2021-06-10 09:30:24,635.05,995154
2021-06-10 09:30:25,635.2,997659
2021-06-10 09:30:26,634.85,998699
2021-06-10 09:30:27,635.4,999651
2021-06-10 09:30:28,635.45,1001248
2021-06-10 09:30:29,635.05,1002640
2021-06-10 09:30:31,635.25,1002743
2021-06-10 09:30:32,635.45,1002795
2021-06-10 09:30:33,635.4,1002920
2021-06-10 09:30:34,635.4,1004656
2021-06-10 09:30:35,635.35,1005052
2021-06-10 09:30:36,634.7,1008449
2021-06-10 09:30:37,635.05,1009398
2021-06-10 09:30:38,635.1,1010766
2021-06-10 09:30:39,635.15,1012298
2021-06-10 09:30:40,635.2,1012468
2021-06-10 09:30:40,635.2,1012468
2021-06-10 09:30:41,635.05,1013084
2021-06-10 09:30:43,635.25,1013410
2021-06-10 09:30:44,635.2,1013482
2021-06-10 09:30:45,635.2,1014674
2021-06-10 09:30:46,635.05,1016169
2021-06-10 09:30:47,635.05,1017307
2021-06-10 09:30:48,635.05,1018652
2021-06-10 09:30:49,635.15,1018682
2021-06-10 09:30:50,635.05,1019590
2021-06-10 09:30:50,635.2,1019044
2021-06-10 09:30:51,635.15,1021527
2021-06-10 09:30:52,635.1,1021736
2021-06-10 09:30:53,635.0,1021791
2021-06-10 09:30:54,635.05,1021809
2021-06-10 09:30:55,635.15,1022279
2021-06-10 09:30:57,635.0,1024001
2021-06-10 09:30:58,635.0,1024274
2021-06-10 09:30:59,635.1,1024289
2021-06-10 09:31:01,635.15,1026034
2021-06-10 09:31:02,634.95,1026961
2021-06-10 09:31:03,635.1,1027174
2021-06-10 09:31:04,634.9,1038078
2021-06-10 09:31:05,634.9,1038688
2021-06-10 09:31:06,635.1,1040121
2021-06-10 09:31:08,635.1,1040403
2021-06-10 09:31:08,635.0,1040903
2021-06-10 09:31:09,635.05,1041028
2021-06-10 09:31:10,635.1,1041446
2021-06-10 09:31:11,635.2,1041458
2021-06-10 09:31:12,635.2,1043349
2021-06-10 09:31:13,635.2,1044166
2021-06-10 09:31:14,635.15,1044366
2021-06-10 09:31:15,635.25,1044440
2021-06-10 09:31:16,635.25,1044800
2021-06-10 09:31:17,635.3,1045076
2021-06-10 09:31:18,635.25,1045401
2021-06-10 09:31:20,635.3,1047002
2021-06-10 09:31:21,635.15,1047137
2021-06-10 09:31:22,635.15,1047641
2021-06-10 09:31:23,635.15,1047691
2021-06-10 09:31:24,635.3,1048205
2021-06-10 09:31:25,635.3,1048611
2021-06-10 09:31:26,635.15,1048651
2021-06-10 09:31:27,635.25,1048864
2021-06-10 09:31:28,635.2,1049124
2021-06-10 09:31:29,635.2,1049308
2021-06-10 09:31:30,635.2,1050148
2021-06-10 09:31:31,635.2,1052086
2021-06-10 09:31:32,635.3,1052353
2021-06-10 09:31:33,635.3,1052593
2021-06-10 09:31:34,635.2,1052782
2021-06-10 09:31:35,635.2,1053083
2021-06-10 09:31:36,635.3,1054096
2021-06-10 09:31:37,635.2,1056587
2021-06-10 09:31:38,635.2,1056691
2021-06-10 09:31:39,635.1,1056846
2021-06-10 09:31:40,635.15,1056851
2021-06-10 09:31:41,635.15,1057477
2021-06-10 09:31:42,635.1,1057778
2021-06-10 09:31:43,635.1,1057941
2021-06-10 09:31:43,635.15,1057891
2021-06-10 09:31:44,635.15,1058091
2021-06-10 09:31:45,635.15,1058226
2021-06-10 09:31:46,635.1,1058479
2021-06-10 09:31:47,635.2,1058649
2021-06-10 09:31:49,635.2,1058659
2021-06-10 09:31:50,635.25,1058663
2021-06-10 09:31:51,635.1,1058852
2021-06-10 09:31:52,635.1,1058852
2021-06-10 09:31:53,635.2,1059375
2021-06-10 09:31:54,635.2,1060973
2021-06-10 09:31:55,635.3,1061275
2021-06-10 09:31:56,635.3,1061520
2021-06-10 09:31:57,635.3,1062742
2021-06-10 09:31:58,635.2,1062782
2021-06-10 09:31:59,635.2,1062785
2021-06-10 09:32:00,635.25,1064056
2021-06-10 09:32:01,635.3,1064415
2021-06-10 09:32:02,635.25,1066462
2021-06-10 09:32:03,635.4,1066751
2021-06-10 09:32:04,635.3,1066855
2021-06-10 09:32:05,635.3,1067411
2021-06-10 09:32:06,635.25,1068135
2021-06-10 09:32:07,635.45,1068172
2021-06-10 09:32:08,635.3,1073769
2021-06-10 09:32:08,635.3,1073769
2021-06-10 09:32:11,635.5,1075676
2021-06-10 09:32:12,635.6,1075759
2021-06-10 09:32:13,635.65,1076047
2021-06-10 09:32:14,635.45,1077299
2021-06-10 09:32:15,635.45,1077524
2021-06-10 09:32:16,635.6,1077574
2021-06-10 09:32:17,635.6,1078668
2021-06-10 09:32:18,635.75,1079155
2021-06-10 09:32:18,635.75,1079155
2021-06-10 09:32:19,635.85,1080252
2021-06-10 09:32:20,635.8,1080347
2021-06-10 09:32:21,635.75,1080441
2021-06-10 09:32:22,635.75,1080441
2021-06-10 09:32:23,635.8,1080477
2021-06-10 09:32:25,636.0,1088506
2021-06-10 09:32:26,635.95,1088971
2021-06-10 09:32:27,636.25,1096299
2021-06-10 09:32:28,636.2,1097179
2021-06-10 09:32:28,636.2,1097199
2021-06-10 09:32:29,636.0,1098587
2021-06-10 09:32:30,636.15,1099030
2021-06-10 09:32:32,636.0,1101212
2021-06-10 09:32:33,636.0,1105849
2021-06-10 09:32:34,636.0,1106693
2021-06-10 09:32:35,636.05,1107422
2021-06-10 09:32:36,636.0,1109150
2021-06-10 09:32:37,636.05,1109589
2021-06-10 09:32:38,636.15,1114964
2021-06-10 09:32:40,636.15,1115874
2021-06-10 09:32:43,636.3,1120131
2021-06-10 09:32:44,636.4,1125597
2021-06-10 09:32:45,636.45,1126847
2021-06-10 09:32:46,636.45,1127126
2021-06-10 09:32:47,636.3,1128190
2021-06-10 09:32:48,636.2,1130065
2021-06-10 09:32:49,636.45,1130923
2021-06-10 09:32:50,636.5,1131598
2021-06-10 09:32:51,636.4,1133239
2021-06-10 09:32:52,636.4,1133596
2021-06-10 09:32:53,636.4,1134156
2021-06-10 09:32:54,636.3,1134615
2021-06-10 09:32:55,636.1,1140350
2021-06-10 09:32:56,636.1,1141753
2021-06-10 09:32:57,636.1,1141965
2021-06-10 09:32:59,636.1,1144230
2021-06-10 09:33:00,636.05,1144762
2021-06-10 09:33:01,636.1,1145247
2021-06-10 09:33:02,636.1,1145483
2021-06-10 09:33:02,636.05,1145588
2021-06-10 09:33:03,636.3,1148179
2021-06-10 09:33:04,636.4,1149461
2021-06-10 09:33:06,636.45,1150832
2021-06-10 09:33:07,636.2,1152112
2021-06-10 09:33:08,636.45,1154356
2021-06-10 09:33:09,636.45,1155661
2021-06-10 09:33:10,636.2,1156222
2021-06-10 09:33:13,636.5,1157687
2021-06-10 09:33:14,636.25,1157762
2021-06-10 09:33:15,636.45,1158182
2021-06-10 09:33:16,636.45,1159622
2021-06-10 09:33:17,636.2,1162861
2021-06-10 09:33:18,636.3,1163354
2021-06-10 09:33:19,636.3,1163720
2021-06-10 09:33:20,636.35,1164796
2021-06-10 09:33:20,636.35,1164796
2021-06-10 09:33:21,636.4,1164976
2021-06-10 09:33:22,636.15,1165528
2021-06-10 09:33:23,636.4,1165908
2021-06-10 09:33:24,636.35,1168167
2021-06-10 09:33:26,636.2,1168788
2021-06-10 09:33:27,636.4,1169967
2021-06-10 09:33:28,636.15,1170145
2021-06-10 09:33:29,636.1,1172416
2021-06-10 09:33:30,636.4,1172906
2021-06-10 09:33:30,636.15,1173056
2021-06-10 09:33:31,636.2,1173371
2021-06-10 09:33:32,636.35,1174360
2021-06-10 09:33:35,636.3,1175866
2021-06-10 09:33:36,636.3,1176176
2021-06-10 09:33:37,636.35,1176387
2021-06-10 09:33:38,636.2,1176978
2021-06-10 09:33:39,636.15,1177123
2021-06-10 09:33:40,636.25,1177603
2021-06-10 09:33:41,636.15,1178891
2021-06-10 09:33:42,636.3,1179084
2021-06-10 09:33:43,636.2,1179860
2021-06-10 09:33:43,636.2,1179860
2021-06-10 09:33:45,636.1,1181100
2021-06-10 09:33:47,635.5,1198890
2021-06-10 09:33:48,635.9,1201437
2021-06-10 09:33:49,635.55,1201698
2021-06-10 09:33:49,635.55,1201698
2021-06-10 09:33:50,635.6,1201701
2021-06-10 09:33:52,635.75,1203355
2021-06-10 09:33:54,635.8,1203785
2021-06-10 09:33:55,635.8,1204115
2021-06-10 09:33:56,636.1,1205595
2021-06-10 09:33:57,636.2,1207470
2021-06-10 09:33:58,636.2,1207604
2021-06-10 09:33:59,636.0,1207811
2021-06-10 09:34:00,636.0,1207910
2021-06-10 09:34:01,636.1,1208590
2021-06-10 09:34:02,636.15,1208600
2021-06-10 09:34:03,636.15,1208605
2021-06-10 09:34:04,636.15,1208705
2021-06-10 09:34:05,636.25,1208946
2021-06-10 09:34:06,636.2,1209174
2021-06-10 09:34:07,636.3,1209783
2021-06-10 09:34:08,636.3,1210189
2021-06-10 09:34:09,636.3,1210206
2021-06-10 09:34:10,636.25,1210360
2021-06-10 09:34:11,636.3,1210370
2021-06-10 09:34:12,636.4,1210500
2021-06-10 09:34:13,636.45,1211030
2021-06-10 09:34:14,636.45,1211030
2021-06-10 09:34:15,636.5,1211318
2021-06-10 09:34:16,636.45,1211331
2021-06-10 09:34:17,636.45,1211732
2021-06-10 09:34:18,636.45,1212116
2021-06-10 09:34:20,636.5,1214391
2021-06-10 09:34:19,636.5,1214391
2021-06-10 09:34:21,636.4,1214687
2021-06-10 09:34:22,636.35,1215383
2021-06-10 09:34:23,636.45,1215645
2021-06-10 09:34:24,636.5,1215965
2021-06-10 09:34:25,636.65,1221677
2021-06-10 09:34:26,636.5,1222290
2021-06-10 09:34:27,636.5,1223591
2021-06-10 09:34:28,636.65,1229123
2021-06-10 09:34:29,636.75,1230242
2021-06-10 09:34:30,636.5,1230524
2021-06-10 09:34:31,636.55,1230676
2021-06-10 09:34:32,636.6,1232189
2021-06-10 09:34:33,636.5,1232229
2021-06-10 09:34:34,636.4,1232658
2021-06-10 09:34:35,636.5,1232719
2021-06-10 09:34:36,636.4,1232823
2021-06-10 09:34:37,636.5,1234089
2021-06-10 09:34:38,636.5,1234439
2021-06-10 09:34:39,636.5,1234973
2021-06-10 09:34:40,636.55,1234995
2021-06-10 09:34:41,636.5,1235180
2021-06-10 09:34:42,636.5,1235446
2021-06-10 09:34:43,636.55,1235638
2021-06-10 09:34:44,636.6,1236951
2021-06-10 09:34:45,636.6,1237155
2021-06-10 09:34:46,636.5,1237246
2021-06-10 09:34:47,636.5,1239156
2021-06-10 09:34:48,636.45,1239462
2021-06-10 09:34:49,636.5,1239562
2021-06-10 09:34:50,636.5,1240132
2021-06-10 09:34:51,636.5,1240602
2021-06-10 09:34:52,636.35,1241174
2021-06-10 09:34:53,636.35,1241180
2021-06-10 09:34:54,636.35,1241235
2021-06-10 09:34:55,636.4,1241294
2021-06-10 09:34:57,636.65,1242554
2021-06-10 09:34:59,636.7,1243366
2021-06-10 09:35:00,636.35,1246929
2021-06-10 09:35:01,636.35,1247543
2021-06-10 09:35:02,636.3,1250088
2021-06-10 09:35:03,636.3,1250294
2021-06-10 09:35:04,636.3,1251794
2021-06-10 09:35:05,636.25,1252114
2021-06-10 09:35:06,636.25,1252197
2021-06-10 09:35:07,636.15,1252789
2021-06-10 09:35:08,636.05,1255118
2021-06-10 09:35:09,636.15,1256618
2021-06-10 09:35:10,636.25,1256887
2021-06-10 09:35:11,636.25,1256990
2021-06-10 09:35:12,636.25,1257322
2021-06-10 09:35:13,636.15,1257326
2021-06-10 09:35:15,636.1,1260806
2021-06-10 09:35:16,636.0,1261830
2021-06-10 09:35:17,636.35,1262119
2021-06-10 09:35:18,636.3,1262146
2021-06-10 09:35:19,636.25,1262161
2021-06-10 09:35:20,636.15,1262518
2021-06-10 09:35:21,636.15,1262518
2021-06-10 09:35:22,636.2,1262805
2021-06-10 09:35:23,636.15,1262824
2021-06-10 09:35:24,636.15,1263386
2021-06-10 09:35:26,636.2,1264594
2021-06-10 09:35:27,636.2,1264798
2021-06-10 09:35:28,636.1,1265249
2021-06-10 09:35:29,636.1,1265249
2021-06-10 09:35:30,636.2,1265506
2021-06-10 09:35:31,636.15,1265962
2021-06-10 09:35:32,636.15,1266268
2021-06-10 09:35:34,636.25,1266967
2021-06-10 09:35:35,636.15,1267403
2021-06-10 09:35:36,636.35,1268428
2021-06-10 09:35:37,636.35,1268500
2021-06-10 09:35:38,636.25,1269042
2021-06-10 09:35:39,636.25,1269990
2021-06-10 09:35:40,636.25,1269990
2021-06-10 09:35:41,636.3,1270119
2021-06-10 09:35:42,636.3,1270382
2021-06-10 09:35:43,636.25,1270392
2021-06-10 09:35:44,636.25,1270547
2021-06-10 09:35:45,636.2,1272623
2021-06-10 09:35:46,636.25,1272633
2021-06-10 09:35:48,636.25,1273013
2021-06-10 09:35:49,636.25,1273119
2021-06-10 09:35:50,636.3,1273370
2021-06-10 09:35:51,636.35,1274100
2021-06-10 09:35:52,636.3,1274240
2021-06-10 09:35:53,636.3,1274290
2021-06-10 09:35:54,636.35,1274492
2021-06-10 09:35:56,636.3,1274551
2021-06-10 09:35:55,636.3,1274496
2021-06-10 09:35:57,636.35,1274554
2021-06-10 09:35:58,636.3,1274736
2021-06-10 09:35:59,636.25,1275274
2021-06-10 09:36:00,636.35,1275336
2021-06-10 09:36:01,636.25,1275611
2021-06-10 09:36:02,636.25,1275741
2021-06-10 09:36:03,636.25,1275741
2021-06-10 09:36:04,636.25,1275741
2021-06-10 09:36:05,636.25,1276141
2021-06-10 09:36:06,636.25,1276145
2021-06-10 09:36:07,636.3,1276590
2021-06-10 09:36:08,636.3,1276596
2021-06-10 09:36:09,636.3,1276596
2021-06-10 09:36:10,636.3,1276596
2021-06-10 09:36:11,636.3,1276606
2021-06-10 09:36:12,636.3,1276942
2021-06-10 09:36:13,636.5,1288646
2021-06-10 09:36:14,636.4,1289359
2021-06-10 09:36:15,636.6,1289989
2021-06-10 09:36:16,636.7,1290294
2021-06-10 09:36:18,636.7,1292095
2021-06-10 09:36:18,636.7,1292095
2021-06-10 09:36:19,636.55,1292111
2021-06-10 09:36:20,636.8,1292232
2021-06-10 09:36:21,636.85,1293007
2021-06-10 09:36:23,636.55,1293011
2021-06-10 09:36:23,636.55,1293011
2021-06-10 09:36:24,636.8,1293086
2021-06-10 09:36:25,636.55,1293141
2021-06-10 09:36:26,636.8,1293436
2021-06-10 09:36:27,636.55,1293512
2021-06-10 09:36:29,636.6,1293599
2021-06-10 09:36:31,636.6,1293765
2021-06-10 09:36:31,636.8,1293815
2021-06-10 09:36:32,636.8,1293840
2021-06-10 09:36:33,636.75,1294261
2021-06-10 09:36:34,636.6,1294277
2021-06-10 09:36:35,636.6,1294951
2021-06-10 09:36:37,636.75,1295395
2021-06-10 09:36:37,636.75,1295395
2021-06-10 09:36:38,636.4,1317805
2021-06-10 09:36:39,636.45,1317977
2021-06-10 09:36:40,636.3,1320064
2021-06-10 09:36:41,636.4,1320214
2021-06-10 09:36:42,636.5,1320226
2021-06-10 09:36:43,636.3,1320828
2021-06-10 09:36:44,636.55,1320866
2021-06-10 09:36:45,636.25,1322557
2021-06-10 09:36:46,636.4,1322643
2021-06-10 09:36:47,636.5,1322666
2021-06-10 09:36:49,636.4,1322784
2021-06-10 09:36:49,636.5,1322834
2021-06-10 09:36:51,636.5,1323775
2021-06-10 09:36:50,636.5,1323049
2021-06-10 09:36:52,636.5,1324035
2021-06-10 09:36:55,636.55,1324245
2021-06-10 09:36:55,636.55,1324264
2021-06-10 09:36:56,636.75,1326403
2021-06-10 09:36:57,636.6,1326413
2021-06-10 09:36:58,636.6,1326549
2021-06-10 09:36:59,636.6,1326549
2021-06-10 09:37:01,636.6,1327277
2021-06-10 09:37:01,636.6,1327277
2021-06-10 09:37:03,636.45,1327340
2021-06-10 09:37:04,636.6,1327870
2021-06-10 09:37:05,636.6,1327972
2021-06-10 09:37:06,636.5,1328308
2021-06-10 09:37:07,636.55,1328338
2021-06-10 09:37:08,636.6,1330054
2021-06-10 09:37:10,636.7,1330100
2021-06-10 09:37:10,636.6,1330110
2021-06-10 09:37:11,636.75,1330179
2021-06-10 09:37:12,636.6,1330288
2021-06-10 09:37:13,636.75,1330366
2021-06-10 09:37:14,636.75,1330626
2021-06-10 09:37:15,636.6,1331659
2021-06-10 09:37:16,636.6,1332760
2021-06-10 09:37:19,636.75,1333285
2021-06-10 09:37:20,636.75,1333690
2021-06-10 09:37:21,636.75,1333711
2021-06-10 09:37:21,636.75,1333711
2021-06-10 09:37:22,636.75,1333711
2021-06-10 09:37:23,636.6,1334811
2021-06-10 09:37:24,636.7,1334840
2021-06-10 09:37:25,636.6,1334944
2021-06-10 09:37:26,636.6,1335127
2021-06-10 09:37:28,636.7,1335307
2021-06-10 09:37:30,636.8,1336538
2021-06-10 09:37:32,636.8,1336957
2021-06-10 09:37:33,636.85,1336980
2021-06-10 09:37:33,636.7,1337041
2021-06-10 09:37:34,636.85,1337191
2021-06-10 09:37:35,636.85,1337469
2021-06-10 09:37:36,636.85,1337714
2021-06-10 09:37:37,636.85,1337725
2021-06-10 09:37:38,636.85,1337745
2021-06-10 09:37:39,636.7,1337770
2021-06-10 09:37:41,636.65,1338136
2021-06-10 09:37:42,636.65,1338145
2021-06-10 09:37:44,636.7,1338179
2021-06-10 09:37:44,636.7,1338179
2021-06-10 09:37:45,636.7,1338179
2021-06-10 09:37:46,636.7,1338295
2021-06-10 09:37:47,636.85,1338345
2021-06-10 09:37:48,636.7,1338394
2021-06-10 09:37:49,636.7,1338444
2021-06-10 09:37:50,636.8,1338881
2021-06-10 09:37:51,636.85,1339385
2021-06-10 09:37:52,636.8,1339752
2021-06-10 09:37:53,636.9,1339786
2021-06-10 09:37:54,636.9,1339891
2021-06-10 09:37:55,636.9,1339914
2021-06-10 09:37:56,636.9,1340322
2021-06-10 09:37:57,636.8,1341068
2021-06-10 09:37:58,636.8,1341137
2021-06-10 09:37:59,636.8,1342429
2021-06-10 09:38:00,636.9,1342564
2021-06-10 09:38:01,636.9,1342654
2021-06-10 09:38:03,636.9,1342783
2021-06-10 09:38:03,636.9,1342783
2021-06-10 09:38:04,636.9,1343108
2021-06-10 09:38:05,636.9,1343108
2021-06-10 09:38:06,636.85,1344841
2021-06-10 09:38:07,636.85,1344924
2021-06-10 09:38:08,636.85,1344955
2021-06-10 09:38:09,636.9,1345018
2021-06-10 09:38:10,636.9,1345148
2021-06-10 09:38:11,636.9,1345223
2021-06-10 09:38:12,636.9,1346333
2021-06-10 09:38:14,636.9,1346934
2021-06-10 09:38:15,636.9,1346955
2021-06-10 09:38:16,636.9,1347349
2021-06-10 09:38:17,636.9,1348259
2021-06-10 09:38:18,636.8,1348299
2021-06-10 09:38:19,636.9,1349657
2021-06-10 09:38:21,636.9,1349883
2021-06-10 09:38:22,636.9,1350550
2021-06-10 09:38:23,636.8,1350553
2021-06-10 09:38:24,636.8,1350712
2021-06-10 09:38:25,636.9,1350820
2021-06-10 09:38:26,636.9,1350971
2021-06-10 09:38:27,636.9,1350976
2021-06-10 09:38:27,636.9,1350976
2021-06-10 09:38:28,636.8,1351028
2021-06-10 09:38:29,636.9,1351136
2021-06-10 09:38:30,636.9,1351458
2021-06-10 09:38:31,636.95,1353343
2021-06-10 09:38:32,636.9,1354204
2021-06-10 09:38:34,637.0,1354454
2021-06-10 09:38:35,637.0,1354668
2021-06-10 09:38:35,637.0,1355768
2021-06-10 09:38:36,637.0,1356423
2021-06-10 09:38:37,637.0,1357572
2021-06-10 09:38:39,636.9,1357635
2021-06-10 09:38:40,637.0,1357766
2021-06-10 09:38:41,637.15,1364420
2021-06-10 09:38:42,637.15,1365252
2021-06-10 09:38:43,637.3,1366447
2021-06-10 09:38:44,637.3,1366539
2021-06-10 09:38:44,637.35,1366798
2021-06-10 09:38:45,637.35,1366827
2021-06-10 09:38:46,637.35,1367103
2021-06-10 09:38:47,637.3,1367244
2021-06-10 09:38:48,637.3,1369846
2021-06-10 09:38:49,637.25,1370246
2021-06-10 09:38:50,637.25,1370446
2021-06-10 09:38:51,637.3,1370971
2021-06-10 09:38:52,637.3,1371271
2021-06-10 09:38:54,637.3,1371562
2021-06-10 09:38:55,637.3,1373431
2021-06-10 09:38:56,637.25,1374579
2021-06-10 09:38:57,637.0,1376279
2021-06-10 09:38:58,637.25,1376407
2021-06-10 09:38:58,637.05,1377407
2021-06-10 09:38:59,637.3,1377657
2021-06-10 09:39:00,637.35,1378742
2021-06-10 09:39:01,637.35,1378904
2021-06-10 09:39:03,637.1,1379208
2021-06-10 09:39:04,637.1,1380842
2021-06-10 09:39:05,637.35,1381043
2021-06-10 09:39:06,637.3,1381089
2021-06-10 09:39:07,637.3,1381089
2021-06-10 09:39:08,637.35,1381409
2021-06-10 09:39:09,637.3,1381809
2021-06-10 09:39:10,637.35,1382182
2021-06-10 09:39:11,637.3,1383118
2021-06-10 09:39:12,637.3,1383178
2021-06-10 09:39:12,637.35,1384133
2021-06-10 09:39:14,637.4,1384293
2021-06-10 09:39:15,637.35,1384321
2021-06-10 09:39:17,637.35,1387165
2021-06-10 09:39:18,637.4,1388545
2021-06-10 09:39:19,637.35,1389552
2021-06-10 09:39:20,637.5,1389797
2021-06-10 09:39:20,637.5,1389797
2021-06-10 09:39:22,637.45,1392099
2021-06-10 09:39:21,637.65,1390990
2021-06-10 09:39:23,637.65,1392244
2021-06-10 09:39:24,637.5,1392370
2021-06-10 09:39:25,637.45,1393745
2021-06-10 09:39:26,637.45,1393815
2021-06-10 09:39:28,637.45,1395374
2021-06-10 09:39:29,637.65,1395530
2021-06-10 09:39:30,637.7,1396920
2021-06-10 09:39:31,637.7,1397217
2021-06-10 09:39:32,637.65,1397830
2021-06-10 09:39:33,637.6,1400954
2021-06-10 09:39:34,637.45,1402693
2021-06-10 09:39:35,637.1,1404244
2021-06-10 09:39:36,637.3,1405285
2021-06-10 09:39:37,637.35,1405508
2021-06-10 09:39:37,637.4,1405559
2021-06-10 09:39:38,637.1,1405809
2021-06-10 09:39:39,637.35,1405949
2021-06-10 09:39:41,637.1,1406269
2021-06-10 09:39:42,637.35,1406494
2021-06-10 09:39:42,637.3,1406498
2021-06-10 09:39:44,637.35,1407696
2021-06-10 09:39:45,637.15,1407808
2021-06-10 09:39:46,637.35,1407809
2021-06-10 09:39:47,637.1,1408514
2021-06-10 09:39:48,637.1,1408514
2021-06-10 09:39:49,637.3,1408749
2021-06-10 09:39:49,637.3,1408749
2021-06-10 09:39:50,637.3,1409269
2021-06-10 09:39:51,637.1,1410378
2021-06-10 09:39:52,637.25,1410483
2021-06-10 09:39:54,637.05,1412726
2021-06-10 09:39:55,637.05,1412726
2021-06-10 09:39:56,637.25,1412871
2021-06-10 09:39:57,637.1,1412906
2021-06-10 09:39:58,637.05,1413313
2021-06-10 09:39:58,637.05,1413313
2021-06-10 09:40:01,637.2,1413696
2021-06-10 09:40:02,637.3,1413744
2021-06-10 09:40:03,637.35,1414044
2021-06-10 09:40:04,637.3,1414088
2021-06-10 09:40:06,637.3,1414609
2021-06-10 09:40:10,636.95,1422875
2021-06-10 09:40:11,636.85,1423649
2021-06-10 09:40:12,636.95,1424595
2021-06-10 09:40:14,636.85,1424745
2021-06-10 09:40:15,637.0,1425022
2021-06-10 09:40:16,637.0,1425289
2021-06-10 09:40:17,636.95,1425937
2021-06-10 09:40:18,636.95,1427185
2021-06-10 09:40:19,636.85,1427205
2021-06-10 09:40:20,637.0,1428683
2021-06-10 09:40:21,636.9,1429372
2021-06-10 09:40:22,637.0,1429428
2021-06-10 09:40:23,637.0,1429754
2021-06-10 09:40:24,637.0,1430069
2021-06-10 09:40:25,636.9,1430294
2021-06-10 09:40:26,636.85,1431216
2021-06-10 09:40:27,637.0,1431340
2021-06-10 09:40:27,637.0,1431277
2021-06-10 09:40:28,637.0,1431496
2021-06-10 09:40:29,637.0,1431814
2021-06-10 09:40:30,636.85,1431819
2021-06-10 09:40:32,636.85,1433558
2021-06-10 09:40:33,636.85,1434384
2021-06-10 09:40:33,636.85,1434484
2021-06-10 09:40:34,636.8,1437397
2021-06-10 09:40:35,637.0,1437598
2021-06-10 09:40:37,637.0,1437783
2021-06-10 09:40:38,636.9,1437808
2021-06-10 09:40:39,636.9,1437932
2021-06-10 09:40:40,637.1,1438079
2021-06-10 09:40:41,636.9,1438736
2021-06-10 09:40:42,636.9,1438761
2021-06-10 09:40:43,637.15,1438847
2021-06-10 09:40:43,637.15,1438847
2021-06-10 09:40:44,637.15,1439750
2021-06-10 09:40:45,637.15,1439750
2021-06-10 09:40:46,637.15,1439850
2021-06-10 09:40:47,637.0,1440503
2021-06-10 09:40:48,637.0,1440503
2021-06-10 09:40:49,637.0,1440503
2021-06-10 09:40:51,636.95,1440942
2021-06-10 09:40:53,637.0,1441592
2021-06-10 09:40:53,637.25,1441607
2021-06-10 09:40:54,637.25,1441607
2021-06-10 09:40:55,637.3,1441708
2021-06-10 09:40:56,637.25,1441808
2021-06-10 09:40:58,637.25,1441898
2021-06-10 09:40:59,637.25,1441960
2021-06-10 09:41:00,637.25,1442085
2021-06-10 09:41:01,637.15,1443343
2021-06-10 09:41:02,637.15,1443378
2021-06-10 09:41:03,637.15,1443382
2021-06-10 09:41:03,637.15,1443382
2021-06-10 09:41:04,637.2,1443386
2021-06-10 09:41:05,637.3,1443953
2021-06-10 09:41:07,637.25,1444254
2021-06-10 09:41:08,637.25,1444255
2021-06-10 09:41:09,637.25,1444655
2021-06-10 09:41:10,637.1,1444857
2021-06-10 09:41:11,637.1,1445284
2021-06-10 09:41:12,637.1,1445289
2021-06-10 09:41:12,637.1,1445414
2021-06-10 09:41:13,637.1,1447180
2021-06-10 09:41:15,637.2,1447403
2021-06-10 09:41:16,637.25,1449003
2021-06-10 09:41:17,637.25,1449003
2021-06-10 09:41:19,637.3,1449232
2021-06-10 09:41:20,637.25,1449273
2021-06-10 09:41:21,637.3,1449275
2021-06-10 09:41:22,637.25,1449409
2021-06-10 09:41:23,637.15,1450539
2021-06-10 09:41:24,637.3,1450711
2021-06-10 09:41:24,637.3,1450711
2021-06-10 09:41:25,637.1,1450906
2021-06-10 09:41:26,637.3,1451257
2021-06-10 09:41:27,637.15,1451261
2021-06-10 09:41:29,637.2,1451390
2021-06-10 09:41:30,637.15,1451421
2021-06-10 09:41:31,637.15,1451969
2021-06-10 09:41:32,637.2,1451999
2021-06-10 09:41:33,637.15,1452299
2021-06-10 09:41:34,637.1,1452374
2021-06-10 09:41:35,637.15,1452377
2021-06-10 09:41:36,637.2,1453727
2021-06-10 09:41:37,637.15,1453752
2021-06-10 09:41:38,637.15,1453779
2021-06-10 09:41:39,637.25,1453835
2021-06-10 09:41:40,637.2,1453951
2021-06-10 09:41:40,637.2,1453951
2021-06-10 09:41:41,637.2,1454001
2021-06-10 09:41:43,637.2,1454005
2021-06-10 09:41:44,637.2,1454015
2021-06-10 09:41:45,637.25,1455023
2021-06-10 09:41:45,637.25,1455023
2021-06-10 09:41:47,637.2,1456521
2021-06-10 09:41:49,637.1,1457081
2021-06-10 09:41:50,637.15,1457100
2021-06-10 09:41:51,637.2,1457364
2021-06-10 09:41:52,637.0,1458929
2021-06-10 09:41:53,636.95,1460652
2021-06-10 09:41:54,637.05,1460953
2021-06-10 09:41:54,637.05,1460953
2021-06-10 09:41:55,637.05,1460973
2021-06-10 09:41:56,636.85,1462529
2021-06-10 09:41:58,637.0,1463490
2021-06-10 09:41:59,636.9,1465403
2021-06-10 09:42:00,636.9,1465547
2021-06-10 09:42:01,636.7,1470571
2021-06-10 09:42:01,636.7,1470571
2021-06-10 09:42:02,636.85,1470600
2021-06-10 09:42:03,636.85,1470601
2021-06-10 09:42:04,636.85,1470603
2021-06-10 09:42:05,636.8,1470746
2021-06-10 09:42:06,637.0,1471213
2021-06-10 09:42:11,637.0,1473979
2021-06-10 09:42:12,637.0,1474014
2021-06-10 09:42:12,636.85,1474223
2021-06-10 09:42:13,636.85,1474223
2021-06-10 09:42:15,636.95,1474526
2021-06-10 09:42:16,636.95,1474535
2021-06-10 09:42:17,636.85,1474735
2021-06-10 09:42:18,637.0,1475253
2021-06-10 09:42:19,637.0,1475363
2021-06-10 09:42:20,636.85,1475415
2021-06-10 09:42:21,636.85,1477514
2021-06-10 09:42:22,637.0,1477621
2021-06-10 09:42:23,636.8,1478626
2021-06-10 09:42:23,636.8,1478630
2021-06-10 09:42:24,636.8,1478630
2021-06-10 09:42:26,637.0,1478693
2021-06-10 09:42:27,637.0,1478694
2021-06-10 09:42:28,637.0,1478694
2021-06-10 09:42:29,636.95,1479305
2021-06-10 09:42:29,636.8,1479304
2021-06-10 09:42:31,636.85,1479347
2021-06-10 09:42:31,636.85,1479347
2021-06-10 09:42:32,637.0,1480412
2021-06-10 09:42:33,637.0,1480712
2021-06-10 09:42:35,636.85,1480947
2021-06-10 09:42:36,636.85,1480947
2021-06-10 09:42:37,637.0,1482005
2021-06-10 09:42:38,637.0,1482106
2021-06-10 09:42:39,637.0,1482119
2021-06-10 09:42:40,636.95,1487591
2021-06-10 09:42:40,636.95,1487591
2021-06-10 09:42:41,637.0,1487691
2021-06-10 09:42:42,637.0,1487731
2021-06-10 09:42:43,637.1,1488617
2021-06-10 09:42:44,637.15,1491779
2021-06-10 09:42:46,637.15,1491919
2021-06-10 09:42:47,637.2,1491982
2021-06-10 09:42:48,637.2,1491982
2021-06-10 09:42:49,637.3,1492582
2021-06-10 09:42:50,637.3,1493011
2021-06-10 09:42:51,637.3,1493093
2021-06-10 09:42:52,637.35,1494145
2021-06-10 09:42:53,637.3,1494251
2021-06-10 09:42:54,637.3,1494456
2021-06-10 09:42:55,637.3,1494609
2021-06-10 09:42:56,637.45,1495236
2021-06-10 09:42:57,637.3,1495241
2021-06-10 09:42:58,637.3,1495908
2021-06-10 09:42:59,637.3,1496138
2021-06-10 09:43:00,637.3,1497228
2021-06-10 09:43:01,637.05,1497718
2021-06-10 09:43:02,636.75,1499093
2021-06-10 09:43:03,637.0,1499550
2021-06-10 09:43:04,637.05,1499949
2021-06-10 09:43:05,637.05,1499949
2021-06-10 09:43:06,636.95,1500116
2021-06-10 09:43:06,637.0,1500191
2021-06-10 09:43:07,636.65,1501348
2021-06-10 09:43:09,636.65,1503571
2021-06-10 09:43:10,636.5,1506557
2021-06-10 09:43:11,636.35,1507110
2021-06-10 09:43:12,636.4,1507147
2021-06-10 09:43:13,636.35,1507405
2021-06-10 09:43:14,636.35,1507934
2021-06-10 09:43:15,636.4,1509523
2021-06-10 09:43:16,636.4,1509674
2021-06-10 09:43:17,636.1,1510494
2021-06-10 09:43:19,636.1,1512617
2021-06-10 09:43:19,636.1,1512617
2021-06-10 09:43:21,636.1,1514069
2021-06-10 09:43:22,636.25,1514070
2021-06-10 09:43:23,636.25,1514143
2021-06-10 09:43:24,636.3,1514264
2021-06-10 09:43:25,636.15,1515465
2021-06-10 09:43:25,636.15,1515465
2021-06-10 09:43:28,636.3,1516824
2021-06-10 09:43:29,636.3,1517030
2021-06-10 09:43:30,636.3,1517132
2021-06-10 09:43:31,636.25,1517603
2021-06-10 09:43:32,636.3,1517604
2021-06-10 09:43:33,636.2,1518239
2021-06-10 09:43:34,636.2,1518490
2021-06-10 09:43:35,636.3,1518504
2021-06-10 09:43:36,636.2,1518854
2021-06-10 09:43:37,636.2,1519061
2021-06-10 09:43:38,636.2,1519172
2021-06-10 09:43:39,636.15,1519374
2021-06-10 09:43:40,636.15,1519874
2021-06-10 09:43:41,636.15,1519888
2021-06-10 09:43:42,636.2,1519901
2021-06-10 09:43:43,636.15,1520224
2021-06-10 09:43:45,636.2,1521724
2021-06-10 09:43:44,636.1,1521669
2021-06-10 09:43:46,636.15,1521774
2021-06-10 09:43:46,636.2,1521789
2021-06-10 09:43:47,636.0,1528941
2021-06-10 09:43:48,636.15,1529155
2021-06-10 09:43:49,636.2,1534275
2021-06-10 09:43:51,636.0,1534863
2021-06-10 09:43:52,636.0,1535065
2021-06-10 09:43:53,635.9,1539409
2021-06-10 09:43:54,635.9,1539694
2021-06-10 09:43:55,635.9,1539695
2021-06-10 09:43:56,635.9,1539721
2021-06-10 09:43:57,635.9,1539836
2021-06-10 09:43:58,635.85,1540762
2021-06-10 09:43:59,635.85,1540785
2021-06-10 09:44:00,635.85,1541798
2021-06-10 09:44:01,636.0,1541863
2021-06-10 09:44:01,636.0,1541863
2021-06-10 09:44:02,635.85,1541968
2021-06-10 09:44:03,635.9,1542776
2021-06-10 09:44:05,636.1,1542876
2021-06-10 09:44:07,636.0,1544591
2021-06-10 09:44:08,636.0,1544801
2021-06-10 09:44:09,636.15,1544915
2021-06-10 09:44:10,636.2,1544917
2021-06-10 09:44:11,636.2,1548897
2021-06-10 09:44:12,636.1,1548914
2021-06-10 09:44:12,636.1,1548914
2021-06-10 09:44:14,636.05,1549253
2021-06-10 09:44:15,636.15,1549756
2021-06-10 09:44:16,636.15,1549983
2021-06-10 09:44:17,636.15,1549983
2021-06-10 09:44:18,636.0,1550873
2021-06-10 09:44:19,636.15,1550877
2021-06-10 09:44:19,636.15,1550877
2021-06-10 09:44:20,636.15,1551114
2021-06-10 09:44:21,636.0,1551789
2021-06-10 09:44:23,636.0,1551841
2021-06-10 09:44:24,636.0,1551952
2021-06-10 09:44:26,636.2,1552222
2021-06-10 09:44:27,636.15,1552342
2021-06-10 09:44:28,636.15,1552342
2021-06-10 09:44:29,636.2,1552392
2021-06-10 09:44:30,636.2,1552974
2021-06-10 09:44:31,636.2,1554064
2021-06-10 09:44:32,636.2,1554084
2021-06-10 09:44:32,636.2,1554084
2021-06-10 09:44:34,636.2,1555797
2021-06-10 09:44:35,636.2,1556164
2021-06-10 09:44:36,636.2,1556625
2021-06-10 09:44:37,636.15,1559349
2021-06-10 09:44:38,636.15,1559350
2021-06-10 09:44:39,636.15,1559875
2021-06-10 09:44:40,636.1,1559886
2021-06-10 09:44:40,636.1,1559886
2021-06-10 09:44:43,636.2,1562075
2021-06-10 09:44:44,636.2,1562227
2021-06-10 09:44:45,636.2,1562298
2021-06-10 09:44:45,636.2,1562248
2021-06-10 09:44:47,636.2,1562351
2021-06-10 09:44:48,636.2,1562456
2021-06-10 09:44:49,636.2,1562659
2021-06-10 09:44:51,635.95,1571107
2021-06-10 09:44:52,635.85,1571186
2021-06-10 09:44:53,635.85,1571198
2021-06-10 09:44:55,635.8,1571863
2021-06-10 09:44:56,635.85,1571980
2021-06-10 09:44:57,635.85,1572551
2021-06-10 09:44:58,635.8,1572601
2021-06-10 09:44:59,635.85,1574131
2021-06-10 09:45:00,635.85,1574254
2021-06-10 09:45:01,635.8,1574324
2021-06-10 09:45:02,636.0,1574431
2021-06-10 09:45:04,635.9,1574704
2021-06-10 09:45:05,636.2,1576735
2021-06-10 09:45:06,636.05,1576743
2021-06-10 09:45:07,636.05,1576864
2021-06-10 09:45:08,636.05,1576864
2021-06-10 09:45:09,636.2,1576917
2021-06-10 09:45:11,636.1,1577030
2021-06-10 09:45:13,636.1,1577230
2021-06-10 09:45:14,636.2,1580695
2021-06-10 09:45:15,636.4,1580993
2021-06-10 09:45:16,636.4,1580993
2021-06-10 09:45:17,636.3,1581026
2021-06-10 09:45:18,636.3,1581026
2021-06-10 09:45:19,636.35,1581857
2021-06-10 09:45:20,636.5,1581859
2021-06-10 09:45:22,636.3,1582270
2021-06-10 09:45:23,636.3,1582270
2021-06-10 09:45:24,636.35,1582509
2021-06-10 09:45:25,636.5,1582554
2021-06-10 09:45:26,636.5,1582574
2021-06-10 09:45:27,636.45,1582583
2021-06-10 09:45:28,636.5,1582605
2021-06-10 09:45:29,636.45,1582715
2021-06-10 09:45:30,636.45,1582935
2021-06-10 09:45:31,636.5,1582985
2021-06-10 09:45:32,636.5,1583065
2021-06-10 09:45:33,636.45,1583078
2021-06-10 09:45:34,636.45,1583078
2021-06-10 09:45:35,636.5,1583878
2021-06-10 09:45:36,636.5,1583878
2021-06-10 09:45:37,636.45,1584158
2021-06-10 09:45:38,636.5,1584162
2021-06-10 09:45:40,636.45,1585584
2021-06-10 09:45:42,636.45,1586065
2021-06-10 09:45:43,636.45,1586120
2021-06-10 09:45:44,636.5,1586123
2021-06-10 09:45:45,636.5,1586158
2021-06-10 09:45:46,636.5,1586158
2021-06-10 09:45:47,636.5,1586273
2021-06-10 09:45:48,636.45,1587397
2021-06-10 09:45:49,636.45,1587782
2021-06-10 09:45:50,636.45,1588320
2021-06-10 09:45:51,636.5,1588583
2021-06-10 09:45:52,636.5,1588805
2021-06-10 09:45:53,636.5,1588825
2021-06-10 09:45:54,636.5,1588928
2021-06-10 09:45:55,636.5,1590520
2021-06-10 09:45:56,636.5,1590520
2021-06-10 09:45:57,636.5,1590643
2021-06-10 09:45:58,636.5,1590643
2021-06-10 09:45:59,636.5,1591059
2021-06-10 09:46:00,636.45,1591267
2021-06-10 09:46:01,636.45,1591317
2021-06-10 09:46:02,636.45,1591317
2021-06-10 09:46:03,636.5,1591340
2021-06-10 09:46:04,636.45,1591540
2021-06-10 09:46:05,636.45,1591640
2021-06-10 09:46:06,636.8,1598212
2021-06-10 09:46:07,636.5,1598231
2021-06-10 09:46:08,636.75,1598246
2021-06-10 09:46:09,636.75,1598397
2021-06-10 09:46:10,636.75,1598507
2021-06-10 09:46:11,636.75,1598507
2021-06-10 09:46:12,636.75,1598507
2021-06-10 09:46:14,636.8,1601434
2021-06-10 09:46:15,636.8,1601506
2021-06-10 09:46:16,636.75,1601706
2021-06-10 09:46:17,636.75,1601822
2021-06-10 09:46:18,636.75,1602622
2021-06-10 09:46:19,636.7,1603881
2021-06-10 09:46:20,636.75,1604114
2021-06-10 09:46:21,636.75,1604117
2021-06-10 09:46:22,636.75,1604169
2021-06-10 09:46:23,636.55,1604205
2021-06-10 09:46:24,636.25,1607822
2021-06-10 09:46:25,636.4,1607823
2021-06-10 09:46:26,636.4,1607823
2021-06-10 09:46:27,636.35,1608374
2021-06-10 09:46:28,636.35,1608374
2021-06-10 09:46:29,636.25,1608378
2021-06-10 09:46:30,636.35,1608389
2021-06-10 09:46:31,636.25,1608449
2021-06-10 09:46:32,636.25,1609188
2021-06-10 09:46:33,636.2,1609208
2021-06-10 09:46:34,636.2,1609601
2021-06-10 09:46:35,636.25,1609612
2021-06-10 09:46:36,636.3,1609623
2021-06-10 09:46:37,636.3,1610828
2021-06-10 09:46:38,636.3,1610878
2021-06-10 09:46:39,636.25,1610992
2021-06-10 09:46:40,636.25,1611152
2021-06-10 09:46:41,636.2,1611302
2021-06-10 09:46:42,636.2,1611401
2021-06-10 09:46:43,636.2,1611622
2021-06-10 09:46:44,636.15,1611676
2021-06-10 09:46:45,636.25,1611709
2021-06-10 09:46:46,636.05,1611908
2021-06-10 09:46:47,636.0,1611976
2021-06-10 09:46:48,636.25,1611977
2021-06-10 09:46:49,636.25,1612077
2021-06-10 09:46:50,636.15,1612389
2021-06-10 09:46:51,636.05,1612591
2021-06-10 09:46:52,636.1,1612596
2021-06-10 09:46:53,636.15,1612597
2021-06-10 09:46:54,636.05,1612937
2021-06-10 09:46:55,636.1,1613071
2021-06-10 09:46:56,636.15,1613358
2021-06-10 09:46:57,636.2,1614070
2021-06-10 09:46:58,636.3,1615106
2021-06-10 09:46:59,636.4,1615470
2021-06-10 09:47:00,636.3,1615481
2021-06-10 09:47:01,636.4,1615491
2021-06-10 09:47:02,636.4,1615506
2021-06-10 09:47:03,636.3,1615510
2021-06-10 09:47:04,636.4,1615543
2021-06-10 09:47:05,636.35,1616045
2021-06-10 09:47:06,636.3,1616138
2021-06-10 09:47:07,636.3,1616165
2021-06-10 09:47:08,636.5,1617065
2021-06-10 09:47:09,636.4,1617095
2021-06-10 09:47:11,636.4,1617514
2021-06-10 09:47:13,636.7,1617589
2021-06-10 09:47:13,636.45,1617599
2021-06-10 09:47:14,636.7,1617604
2021-06-10 09:47:15,636.75,1617724
2021-06-10 09:47:16,636.75,1618934
2021-06-10 09:47:17,636.75,1618939
2021-06-10 09:47:18,636.75,1618999
2021-06-10 09:47:21,636.9,1624315
2021-06-10 09:47:21,636.9,1624615
2021-06-10 09:47:22,636.9,1625180
2021-06-10 09:47:23,636.95,1625200
2021-06-10 09:47:24,636.85,1625670
2021-06-10 09:47:25,636.9,1625872
2021-06-10 09:47:26,636.9,1625952
2021-06-10 09:47:27,636.9,1626021
2021-06-10 09:47:28,637.0,1626026
2021-06-10 09:47:29,636.85,1626077
2021-06-10 09:47:30,637.0,1626088
2021-06-10 09:47:31,637.0,1626198
2021-06-10 09:47:32,636.95,1626591
2021-06-10 09:47:34,636.95,1626853
2021-06-10 09:47:34,636.95,1626853
2021-06-10 09:47:35,636.95,1626859
2021-06-10 09:47:36,637.0,1631312
2021-06-10 09:47:37,637.05,1632164
2021-06-10 09:47:38,637.05,1632667
2021-06-10 09:47:40,637.2,1633773
2021-06-10 09:47:41,637.0,1633850
2021-06-10 09:47:43,637.0,1633868
2021-06-10 09:47:43,637.0,1633868
2021-06-10 09:47:44,637.0,1633868
2021-06-10 09:47:45,637.0,1634211
2021-06-10 09:47:46,637.0,1634211
2021-06-10 09:47:47,637.15,1634327
2021-06-10 09:47:48,637.15,1634330
2021-06-10 09:47:49,637.1,1634351
2021-06-10 09:47:51,637.05,1634435
2021-06-10 09:47:52,637.1,1634648
2021-06-10 09:47:53,637.05,1634649
2021-06-10 09:47:54,637.1,1634938
2021-06-10 09:47:55,637.15,1635334
2021-06-10 09:47:57,637.15,1635583
2021-06-10 09:47:57,637.15,1635583
2021-06-10 09:47:58,637.15,1635632
2021-06-10 09:47:59,637.1,1635635
2021-06-10 09:48:00,637.15,1638180
2021-06-10 09:48:01,637.1,1641591
2021-06-10 09:48:02,637.1,1641761
2021-06-10 09:48:03,637.0,1643358
2021-06-10 09:48:04,637.0,1643799
2021-06-10 09:48:05,637.05,1644267
2021-06-10 09:48:06,637.0,1644268
2021-06-10 09:48:08,637.05,1644289
2021-06-10 09:48:08,637.05,1644289
2021-06-10 09:48:09,636.95,1650626
2021-06-10 09:48:10,637.0,1651033
2021-06-10 09:48:11,636.85,1651433
2021-06-10 09:48:12,637.0,1651513
2021-06-10 09:48:13,637.0,1651515
2021-06-10 09:48:14,636.9,1653361
2021-06-10 09:48:15,636.7,1654178
2021-06-10 09:48:16,636.7,1654614
2021-06-10 09:48:17,636.65,1654674
2021-06-10 09:48:18,636.7,1655161
2021-06-10 09:48:19,636.6,1656792
2021-06-10 09:48:20,636.65,1656849
2021-06-10 09:48:21,636.65,1656849
2021-06-10 09:48:22,636.5,1656963
2021-06-10 09:48:23,636.5,1659189
2021-06-10 09:48:24,636.15,1659739
2021-06-10 09:48:25,636.1,1660058
2021-06-10 09:48:27,636.2,1660059
2021-06-10 09:48:28,636.2,1660282
2021-06-10 09:48:28,636.2,1660282
2021-06-10 09:48:29,636.0,1662619
2021-06-10 09:48:30,636.0,1662626
2021-06-10 09:48:31,636.1,1664449
2021-06-10 09:48:32,636.1,1664982
2021-06-10 09:48:34,636.1,1668421
2021-06-10 09:48:34,636.1,1668421
2021-06-10 09:48:35,636.4,1668422
2021-06-10 09:48:36,636.25,1668552
2021-06-10 09:48:37,636.25,1668552
2021-06-10 09:48:38,636.25,1668552
2021-06-10 09:48:39,636.1,1668566
2021-06-10 09:48:40,636.3,1668591
2021-06-10 09:48:41,636.25,1668593
2021-06-10 09:48:42,636.25,1668594
2021-06-10 09:48:43,636.3,1668604
2021-06-10 09:48:44,636.1,1668754
2021-06-10 09:48:45,636.25,1668755
2021-06-10 09:48:46,636.3,1668756
2021-06-10 09:48:47,636.1,1668974
2021-06-10 09:48:48,636.25,1669128
2021-06-10 09:48:49,636.2,1669133
2021-06-10 09:48:51,636.05,1669733
2021-06-10 09:48:52,636.2,1669883
2021-06-10 09:48:53,636.2,1669890
2021-06-10 09:48:53,636.2,1669890
2021-06-10 09:48:54,636.1,1670294
2021-06-10 09:48:55,636.15,1670299
2021-06-10 09:48:56,636.1,1671180
2021-06-10 09:48:57,636.15,1671380
2021-06-10 09:48:58,636.1,1671435
2021-06-10 09:48:59,636.1,1671435
2021-06-10 09:49:00,636.1,1671566
2021-06-10 09:49:01,636.15,1671587
2021-06-10 09:49:02,636.2,1671835
2021-06-10 09:49:03,636.2,1672345
2021-06-10 09:49:05,636.15,1673605
2021-06-10 09:49:05,636.1,1673607
2021-06-10 09:49:06,636.1,1673762
2021-06-10 09:49:07,636.0,1676349
2021-06-10 09:49:09,636.1,1676356
2021-06-10 09:49:10,636.1,1678608
2021-06-10 09:49:11,636.0,1679317
2021-06-10 09:49:12,636.2,1679430
2021-06-10 09:49:14,636.15,1679507
2021-06-10 09:49:15,636.1,1679607
2021-06-10 09:49:16,636.2,1679667
2021-06-10 09:49:17,636.2,1679737
2021-06-10 09:49:18,636.05,1679946
2021-06-10 09:49:19,636.05,1680194
2021-06-10 09:49:20,636.05,1680744
2021-06-10 09:49:21,636.15,1680745
2021-06-10 09:49:22,636.1,1681137
2021-06-10 09:49:23,636.2,1681556
2021-06-10 09:49:24,636.1,1681563
2021-06-10 09:49:25,635.9,1687868
2021-06-10 09:49:27,636.15,1688894
2021-06-10 09:49:28,636.05,1688966
2021-06-10 09:49:29,636.05,1689051
2021-06-10 09:49:31,636.0,1689421
2021-06-10 09:49:32,636.05,1689447
2021-06-10 09:49:33,636.05,1690624
2021-06-10 09:49:33,636.05,1690624
2021-06-10 09:49:34,636.05,1690756
2021-06-10 09:49:35,636.0,1690760
2021-06-10 09:49:36,636.05,1690761
2021-06-10 09:49:37,636.05,1690761
2021-06-10 09:49:38,636.0,1691305
2021-06-10 09:49:39,636.0,1691407
2021-06-10 09:49:40,636.0,1691833
2021-06-10 09:49:41,636.05,1691959
2021-06-10 09:49:42,636.05,1692032
2021-06-10 09:49:43,636.0,1692041
2021-06-10 09:49:44,636.05,1692096
2021-06-10 09:49:45,636.0,1692137
2021-06-10 09:49:46,636.05,1692892
2021-06-10 09:49:47,636.05,1692892
2021-06-10 09:49:48,636.2,1693697
2021-06-10 09:49:49,636.15,1694078
2021-06-10 09:49:50,636.15,1694199
2021-06-10 09:49:51,636.25,1694217
2021-06-10 09:49:52,636.15,1694219
2021-06-10 09:49:53,636.15,1694229
2021-06-10 09:49:54,636.15,1694229
2021-06-10 09:49:56,636.15,1694354
2021-06-10 09:49:57,636.3,1694834
2021-06-10 09:49:58,636.3,1694852
2021-06-10 09:49:59,636.25,1694956
2021-06-10 09:50:02,636.1,1695467
2021-06-10 09:50:03,636.1,1695471
2021-06-10 09:50:04,636.15,1695912
2021-06-10 09:50:06,636.1,1696523
2021-06-10 09:50:07,636.15,1697370
2021-06-10 09:50:07,636.15,1697370
2021-06-10 09:50:08,636.15,1698340
2021-06-10 09:50:09,636.1,1698540
2021-06-10 09:50:10,636.1,1698540
2021-06-10 09:50:12,636.15,1698985
2021-06-10 09:50:13,636.15,1699873
2021-06-10 09:50:14,636.5,1700131
2021-06-10 09:50:15,636.45,1700136
2021-06-10 09:50:16,636.5,1700228
2021-06-10 09:50:17,636.7,1700660
2021-06-10 09:50:18,636.5,1700665
2021-06-10 09:50:19,636.5,1700797
2021-06-10 09:50:20,636.65,1700827
2021-06-10 09:50:21,636.45,1703154
2021-06-10 09:50:22,636.45,1703155
2021-06-10 09:50:23,636.25,1703216
2021-06-10 09:50:24,636.45,1703219
2021-06-10 09:50:25,636.45,1703237
2021-06-10 09:50:27,636.45,1703382
2021-06-10 09:50:29,636.25,1703398
2021-06-10 09:50:30,636.45,1703424
2021-06-10 09:50:31,636.25,1703629
2021-06-10 09:50:32,636.45,1703634
2021-06-10 09:50:33,636.45,1703879
2021-06-10 09:50:34,636.45,1703890
2021-06-10 09:50:35,636.4,1704233
2021-06-10 09:50:36,636.55,1704595
2021-06-10 09:50:37,636.55,1704595
2021-06-10 09:50:39,636.35,1704610
2021-06-10 09:50:40,636.6,1704813
2021-06-10 09:50:41,636.6,1704813
2021-06-10 09:50:42,636.5,1704826
2021-06-10 09:50:43,636.4,1704827
2021-06-10 09:50:44,636.35,1705428
2021-06-10 09:50:45,636.45,1705434
2021-06-10 09:50:46,636.5,1705539
2021-06-10 09:50:47,636.35,1705555
2021-06-10 09:50:48,636.35,1705555
2021-06-10 09:50:49,636.35,1705555
2021-06-10 09:50:50,636.45,1705597
2021-06-10 09:50:51,636.45,1705598
2021-06-10 09:50:52,636.45,1705652
2021-06-10 09:50:53,636.45,1705964
2021-06-10 09:50:54,636.5,1705965
2021-06-10 09:50:56,636.35,1705968
2021-06-10 09:50:56,636.5,1706013
2021-06-10 09:50:57,636.5,1706118
2021-06-10 09:50:58,636.5,1706334
2021-06-10 09:51:00,636.5,1706334
2021-06-10 09:51:01,636.3,1706346
2021-06-10 09:51:01,636.3,1706431
2021-06-10 09:51:03,636.3,1706558
2021-06-10 09:51:04,636.5,1706559
2021-06-10 09:51:05,636.3,1706609
2021-06-10 09:51:05,636.3,1706609
2021-06-10 09:51:06,636.5,1706614
2021-06-10 09:51:07,636.35,1706619
2021-06-10 09:51:08,636.45,1706622
2021-06-10 09:51:09,636.45,1706622
2021-06-10 09:51:10,636.4,1706697
2021-06-10 09:51:11,636.4,1706820
2021-06-10 09:51:13,636.35,1706822
2021-06-10 09:51:14,636.35,1706822
2021-06-10 09:51:15,636.4,1706994
2021-06-10 09:51:15,636.35,1706999
2021-06-10 09:51:17,636.4,1707024
2021-06-10 09:51:18,636.35,1707365
2021-06-10 09:51:19,636.35,1707480
2021-06-10 09:51:20,636.4,1707482
2021-06-10 09:51:20,636.4,1707482
2021-06-10 09:51:22,636.2,1716138
2021-06-10 09:51:23,636.2,1716189
2021-06-10 09:51:24,636.15,1716278
2021-06-10 09:51:26,636.15,1716278
2021-06-10 09:51:27,636.15,1716278
2021-06-10 09:51:28,636.0,1716281
2021-06-10 09:51:29,636.1,1716291
2021-06-10 09:51:30,636.1,1716351
2021-06-10 09:51:31,636.0,1716373
2021-06-10 09:51:31,636.1,1716453
2021-06-10 09:51:33,636.1,1719803
2021-06-10 09:51:35,636.0,1719821
2021-06-10 09:51:36,636.1,1720230
2021-06-10 09:51:37,636.1,1720237
2021-06-10 09:51:38,636.0,1720405
2021-06-10 09:51:39,636.05,1720516
2021-06-10 09:51:40,636.0,1720940
2021-06-10 09:51:41,636.1,1721002
2021-06-10 09:51:42,636.0,1721102
2021-06-10 09:51:42,636.0,1721102
2021-06-10 09:51:43,636.0,1721106
2021-06-10 09:51:44,636.1,1721123
2021-06-10 09:51:46,636.1,1721144
2021-06-10 09:51:46,636.15,1721245
2021-06-10 09:51:47,636.15,1721260
2021-06-10 09:51:50,636.15,1721708
2021-06-10 09:51:51,636.05,1721712
2021-06-10 09:51:52,636.05,1721797
2021-06-10 09:51:52,636.05,1721797
2021-06-10 09:51:53,636.05,1721797
2021-06-10 09:51:55,636.15,1721847
2021-06-10 09:51:56,636.15,1721847
2021-06-10 09:51:57,636.15,1721922
2021-06-10 09:51:58,636.15,1721924
2021-06-10 09:51:59,636.05,1721952
2021-06-10 09:52:00,636.15,1722144
2021-06-10 09:52:01,636.15,1722151
2021-06-10 09:52:02,636.15,1722251
2021-06-10 09:52:05,636.15,1722446
2021-06-10 09:52:07,636.1,1722550
2021-06-10 09:52:08,635.95,1724343
2021-06-10 09:52:09,636.0,1724875
2021-06-10 09:52:10,636.0,1724895
2021-06-10 09:52:11,636.0,1724895
2021-06-10 09:52:11,636.0,1724895
2021-06-10 09:52:14,635.6,1727753
2021-06-10 09:52:15,635.6,1727833
2021-06-10 09:52:16,635.5,1730399
2021-06-10 09:52:17,635.5,1730399
2021-06-10 09:52:18,635.6,1730400
2021-06-10 09:52:18,635.65,1730405
2021-06-10 09:52:20,635.65,1732414
2021-06-10 09:52:22,635.55,1732519
2021-06-10 09:52:22,635.5,1733862
2021-06-10 09:52:24,635.6,1734046
2021-06-10 09:52:25,635.5,1734109
2021-06-10 09:52:26,635.5,1734165
2021-06-10 09:52:27,635.45,1734734
2021-06-10 09:52:28,635.3,1742168
2021-06-10 09:52:29,635.5,1742504
2021-06-10 09:52:29,635.45,1742604
2021-06-10 09:52:30,635.5,1743129
2021-06-10 09:52:31,635.45,1743166
2021-06-10 09:52:32,635.5,1744027
2021-06-10 09:52:34,635.7,1749323
2021-06-10 09:52:36,635.7,1749726
2021-06-10 09:52:37,635.7,1749846
2021-06-10 09:52:38,635.7,1749968
2021-06-10 09:52:39,635.75,1750095
2021-06-10 09:52:39,635.85,1750225
2021-06-10 09:52:40,635.85,1751869
2021-06-10 09:52:41,635.85,1751873
2021-06-10 09:52:42,636.0,1751893
2021-06-10 09:52:43,635.9,1751894
2021-06-10 09:52:44,635.95,1752398
2021-06-10 09:52:45,635.95,1752824
2021-06-10 09:52:46,635.95,1752851
2021-06-10 09:52:47,635.95,1752860
2021-06-10 09:52:48,635.95,1752860
2021-06-10 09:52:49,636.0,1752875
2021-06-10 09:52:50,636.0,1752930
2021-06-10 09:52:51,635.95,1753930
2021-06-10 09:52:52,635.95,1753930
2021-06-10 09:52:54,635.95,1753930
2021-06-10 09:52:54,635.95,1754020
2021-06-10 09:52:55,635.95,1754412
2021-06-10 09:52:56,635.95,1754412
2021-06-10 09:52:57,635.95,1754420
2021-06-10 09:52:58,636.0,1754431
2021-06-10 09:52:59,636.0,1754500
2021-06-10 09:53:01,635.95,1754548
2021-06-10 09:53:01,635.95,1755050
2021-06-10 09:53:02,635.95,1755050
2021-06-10 09:53:03,636.0,1755093
2021-06-10 09:53:06,636.0,1757518
2021-06-10 09:53:08,635.95,1757526
2021-06-10 09:53:08,635.95,1757546
2021-06-10 09:53:09,636.0,1757809
2021-06-10 09:53:10,636.0,1757809
2021-06-10 09:53:11,636.0,1757928
2021-06-10 09:53:12,636.0,1757929
2021-06-10 09:53:13,636.0,1757936
2021-06-10 09:53:14,635.95,1758064
2021-06-10 09:53:16,635.95,1760847
2021-06-10 09:53:17,635.95,1760847
2021-06-10 09:53:18,635.95,1760847
2021-06-10 09:53:19,636.0,1760979
2021-06-10 09:53:20,636.1,1761088
2021-06-10 09:53:21,636.0,1761191
2021-06-10 09:53:22,636.0,1761648
2021-06-10 09:53:23,636.0,1761739
2021-06-10 09:53:25,635.95,1762054
2021-06-10 09:53:26,636.1,1762165
2021-06-10 09:53:26,636.05,1762627
2021-06-10 09:53:28,636.1,1762704
2021-06-10 09:53:29,636.05,1763072
2021-06-10 09:53:30,636.1,1763122
2021-06-10 09:53:30,636.1,1763177
2021-06-10 09:53:32,636.0,1763187
2021-06-10 09:53:33,636.0,1763265
2021-06-10 09:53:34,636.0,1763545
2021-06-10 09:53:35,636.0,1763598
2021-06-10 09:53:36,636.0,1763634
2021-06-10 09:53:37,636.0,1763668
2021-06-10 09:53:38,636.05,1763734
2021-06-10 09:53:39,636.05,1763761
2021-06-10 09:53:39,636.0,1763746
2021-06-10 09:53:40,636.05,1763767
2021-06-10 09:53:42,636.0,1765381
2021-06-10 09:53:43,635.9,1767376
2021-06-10 09:53:44,635.9,1767692
2021-06-10 09:53:45,635.5,1768937
2021-06-10 09:53:46,635.9,1768941
2021-06-10 09:53:47,635.65,1768953
2021-06-10 09:53:48,635.65,1768953
2021-06-10 09:53:49,635.75,1768954
2021-06-10 09:53:50,635.65,1768964
2021-06-10 09:53:50,635.65,1768964
2021-06-10 09:53:51,635.65,1768977
2021-06-10 09:53:52,635.75,1768992
2021-06-10 09:53:53,635.6,1769642
2021-06-10 09:53:54,635.75,1769649
2021-06-10 09:53:55,635.65,1769651
2021-06-10 09:53:56,635.5,1770651
2021-06-10 09:53:57,635.5,1770651
2021-06-10 09:53:58,635.6,1770688
2021-06-10 09:54:00,635.6,1770728
2021-06-10 09:54:00,635.5,1770802
2021-06-10 09:54:01,635.65,1770907
2021-06-10 09:54:03,635.5,1770958
2021-06-10 09:54:04,635.5,1773169
2021-06-10 09:54:05,635.3,1773943
2021-06-10 09:54:06,635.2,1774764
2021-06-10 09:54:07,635.3,1774783
2021-06-10 09:54:08,635.3,1774937
2021-06-10 09:54:09,635.1,1775748
2021-06-10 09:54:10,635.1,1775960
2021-06-10 09:54:11,635.1,1777105
2021-06-10 09:54:12,635.2,1777246
2021-06-10 09:54:12,635.2,1777248
2021-06-10 09:54:13,635.2,1778046
2021-06-10 09:54:14,635.3,1778253
2021-06-10 09:54:15,635.1,1778371
2021-06-10 09:54:17,635.35,1778498
2021-06-10 09:54:18,635.35,1778498
2021-06-10 09:54:19,635.35,1778498
2021-06-10 09:54:19,635.15,1778818
2021-06-10 09:54:20,635.35,1779322
2021-06-10 09:54:21,635.15,1779345
2021-06-10 09:54:22,635.15,1779438
2021-06-10 09:54:23,635.0,1785970
2021-06-10 09:54:25,635.2,1786295
2021-06-10 09:54:25,635.35,1786695
2021-06-10 09:54:26,635.15,1786730
2021-06-10 09:54:27,635.15,1786941
2021-06-10 09:54:29,635.1,1787001
2021-06-10 09:54:29,635.35,1787002
2021-06-10 09:54:30,635.3,1789190
2021-06-10 09:54:32,635.35,1789396
2021-06-10 09:54:33,635.2,1789606
2021-06-10 09:54:34,635.2,1789606
2021-06-10 09:54:35,635.2,1789621
2021-06-10 09:54:36,635.35,1791371
2021-06-10 09:54:37,635.35,1791386
2021-06-10 09:54:37,635.35,1791487
2021-06-10 09:54:41,635.5,1792310
2021-06-10 09:54:42,635.4,1792320
2021-06-10 09:54:43,635.5,1792327
2021-06-10 09:54:45,635.5,1792579
2021-06-10 09:54:45,635.5,1792761
2021-06-10 09:54:47,635.4,1793074
2021-06-10 09:54:49,635.5,1793225
2021-06-10 09:54:49,635.65,1793250
2021-06-10 09:54:51,635.5,1793525
2021-06-10 09:54:51,635.5,1793525
2021-06-10 09:54:53,635.5,1793525
2021-06-10 09:54:54,635.5,1793525
2021-06-10 09:54:55,635.5,1793528
2021-06-10 09:54:56,635.5,1793628
2021-06-10 09:54:57,635.5,1794239
2021-06-10 09:54:58,635.5,1794280
2021-06-10 09:54:59,635.55,1795353
2021-06-10 09:55:00,635.55,1795446
2021-06-10 09:55:01,635.5,1795458
2021-06-10 09:55:02,635.55,1795509
2021-06-10 09:55:03,635.45,1795548
2021-06-10 09:55:03,635.45,1795548
2021-06-10 09:55:05,635.5,1795658
2021-06-10 09:55:06,635.45,1795704
2021-06-10 09:55:08,635.5,1795861
2021-06-10 09:55:09,635.5,1795891
2021-06-10 09:55:10,635.45,1796155
2021-06-10 09:55:11,635.45,1796208
2021-06-10 09:55:11,635.5,1796209
2021-06-10 09:55:13,635.5,1797411
2021-06-10 09:55:14,635.5,1797416
2021-06-10 09:55:15,635.5,1797465
2021-06-10 09:55:16,635.4,1797466
2021-06-10 09:55:18,635.4,1798106
2021-06-10 09:55:20,635.4,1798218
2021-06-10 09:55:21,635.4,1798233
2021-06-10 09:55:23,635.45,1798291
2021-06-10 09:55:24,635.45,1798312
2021-06-10 09:55:25,635.45,1798503
2021-06-10 09:55:26,635.4,1799878
2021-06-10 09:55:26,635.4,1799878
2021-06-10 09:55:27,635.5,1799906
2021-06-10 09:55:28,635.45,1800124
2021-06-10 09:55:29,635.45,1800191
2021-06-10 09:55:31,635.45,1800196
2021-06-10 09:55:32,635.5,1800698
2021-06-10 09:55:33,635.4,1802073
2021-06-10 09:55:34,635.4,1802384
2021-06-10 09:55:36,635.4,1802529
2021-06-10 09:55:37,635.5,1802582
2021-06-10 09:55:39,635.5,1802604
2021-06-10 09:55:41,635.35,1802784
2021-06-10 09:55:42,635.4,1802846
2021-06-10 09:55:43,635.4,1802859
2021-06-10 09:55:44,635.4,1802860
2021-06-10 09:55:45,635.4,1802873
2021-06-10 09:55:46,635.45,1802899
2021-06-10 09:55:47,635.4,1802909
2021-06-10 09:55:48,635.45,1803130
2021-06-10 09:55:49,635.4,1803140
2021-06-10 09:55:50,635.4,1803209
2021-06-10 09:55:51,635.4,1803216
2021-06-10 09:55:52,635.4,1804251
2021-06-10 09:55:53,635.35,1805859
2021-06-10 09:55:54,635.25,1807997
2021-06-10 09:55:55,635.25,1808135
2021-06-10 09:55:56,635.35,1808593
2021-06-10 09:55:57,635.35,1808608
2021-06-10 09:55:58,635.35,1808709
2021-06-10 09:55:59,635.25,1808725
2021-06-10 09:56:00,635.25,1808736
2021-06-10 09:56:01,635.1,1809291
2021-06-10 09:56:02,635.2,1809371
2021-06-10 09:56:03,635.25,1809525
2021-06-10 09:56:04,635.0,1809946
2021-06-10 09:56:05,635.0,1810146
2021-06-10 09:56:06,635.0,1810485
2021-06-10 09:56:07,635.0,1810524
2021-06-10 09:56:08,635.05,1811697
2021-06-10 09:56:09,635.0,1813388
2021-06-10 09:56:10,635.0,1813579
2021-06-10 09:56:11,635.05,1813903
2021-06-10 09:56:12,635.05,1813903
2021-06-10 09:56:13,635.05,1813908
2021-06-10 09:56:14,635.0,1817445
2021-06-10 09:56:16,635.0,1819604
2021-06-10 09:56:17,635.0,1819781
2021-06-10 09:56:18,635.0,1819800
2021-06-10 09:56:19,635.0,1819925
2021-06-10 09:56:20,635.05,1820072
2021-06-10 09:56:21,635.0,1821713
2021-06-10 09:56:22,634.95,1823131
2021-06-10 09:56:23,634.95,1823755
2021-06-10 09:56:24,634.8,1823989
2021-06-10 09:56:25,635.0,1824153
2021-06-10 09:56:27,634.95,1824395
2021-06-10 09:56:28,634.8,1824463
2021-06-10 09:56:29,634.8,1825378
2021-06-10 09:56:30,634.8,1825495
2021-06-10 09:56:31,634.95,1825747
2021-06-10 09:56:32,634.8,1826248
2021-06-10 09:56:33,634.8,1826281
2021-06-10 09:56:34,634.8,1826640
2021-06-10 09:56:35,634.7,1826950
2021-06-10 09:56:36,634.95,1827439
2021-06-10 09:56:37,634.9,1828456
2021-06-10 09:56:38,634.7,1830586
2021-06-10 09:56:39,634.7,1830764
2021-06-10 09:56:40,634.7,1830879
2021-06-10 09:56:41,634.8,1830941
2021-06-10 09:56:42,634.85,1831003
2021-06-10 09:56:43,634.75,1831045
2021-06-10 09:56:44,634.75,1831314
2021-06-10 09:56:45,634.8,1832416
2021-06-10 09:56:46,634.85,1832691
2021-06-10 09:56:47,634.8,1832767
2021-06-10 09:56:48,634.85,1832919
2021-06-10 09:56:49,634.8,1833070
2021-06-10 09:56:50,634.8,1833204
2021-06-10 09:56:51,634.85,1833241
2021-06-10 09:56:52,634.8,1833805
2021-06-10 09:56:53,634.75,1833942
2021-06-10 09:56:54,634.8,1833964
2021-06-10 09:56:55,634.8,1833978
2021-06-10 09:56:56,634.75,1834272
2021-06-10 09:56:57,634.65,1836101
2021-06-10 09:56:58,634.8,1836502
2021-06-10 09:56:59,634.8,1836555
2021-06-10 09:57:00,634.8,1836594
2021-06-10 09:57:01,634.7,1836794
2021-06-10 09:57:02,634.8,1836817
2021-06-10 09:57:03,634.75,1836937
2021-06-10 09:57:05,634.75,1836958
2021-06-10 09:57:04,634.7,1836954
2021-06-10 09:57:06,634.65,1837394
2021-06-10 09:57:07,634.65,1837514
2021-06-10 09:57:08,634.65,1837523
2021-06-10 09:57:09,634.65,1838046
2021-06-10 09:57:10,634.85,1838317
2021-06-10 09:57:11,634.7,1838675
2021-06-10 09:57:12,634.75,1838782
2021-06-10 09:57:13,634.75,1838782
2021-06-10 09:57:14,634.7,1839266
2021-06-10 09:57:15,634.7,1839497
2021-06-10 09:57:16,634.7,1839545
2021-06-10 09:57:17,634.7,1839550
2021-06-10 09:57:18,634.6,1840009
2021-06-10 09:57:19,634.7,1840369
2021-06-10 09:57:20,634.7,1840513
2021-06-10 09:57:21,634.6,1840532
2021-06-10 09:57:22,634.7,1841404
2021-06-10 09:57:24,634.6,1841593
2021-06-10 09:57:25,634.85,1842121
2021-06-10 09:57:27,634.7,1842671
2021-06-10 09:57:28,634.7,1842788
2021-06-10 09:57:29,634.55,1846402
2021-06-10 09:57:30,634.65,1846691
2021-06-10 09:57:31,634.65,1846757
2021-06-10 09:57:32,634.65,1846863
2021-06-10 09:57:33,634.7,1846873
2021-06-10 09:57:34,634.7,1848792
2021-06-10 09:57:35,634.65,1848948
2021-06-10 09:57:37,634.85,1849263
2021-06-10 09:57:38,634.85,1849272
2021-06-10 09:57:39,634.85,1849363
2021-06-10 09:57:40,634.7,1849373
2021-06-10 09:57:41,634.7,1849396
2021-06-10 09:57:42,634.7,1849398
2021-06-10 09:57:43,634.8,1849413
2021-06-10 09:57:44,634.7,1849414
2021-06-10 09:57:45,634.7,1849526
2021-06-10 09:57:46,634.8,1849962
2021-06-10 09:57:47,634.85,1850203
2021-06-10 09:57:48,634.95,1851215
2021-06-10 09:57:49,634.95,1851215
2021-06-10 09:57:50,634.95,1851431
2021-06-10 09:57:51,634.95,1851591
2021-06-10 09:57:52,634.95,1851631
2021-06-10 09:57:53,635.0,1851635
2021-06-10 09:57:54,635.0,1851653
2021-06-10 09:57:55,635.0,1852150
2021-06-10 09:57:56,634.95,1852432
2021-06-10 09:57:57,635.0,1854502
2021-06-10 09:57:58,634.95,1854504
2021-06-10 09:57:59,634.95,1854508
2021-06-10 09:58:00,635.25,1856044
2021-06-10 09:58:01,635.0,1856070
2021-06-10 09:58:02,635.25,1856172
2021-06-10 09:58:03,635.3,1857372
2021-06-10 09:58:04,635.3,1857388
2021-06-10 09:58:05,635.3,1857722
2021-06-10 09:58:06,635.3,1857748
2021-06-10 09:58:07,635.4,1857915
2021-06-10 09:58:09,635.4,1858017
2021-06-10 09:58:10,635.3,1858205
2021-06-10 09:58:11,635.4,1858279
2021-06-10 09:58:12,635.3,1859331
2021-06-10 09:58:14,635.3,1861807
2021-06-10 09:58:15,635.25,1861866
2021-06-10 09:58:16,635.3,1861920
2021-06-10 09:58:17,635.25,1861921
2021-06-10 09:58:19,635.3,1861996
2021-06-10 09:58:19,635.3,1861996
2021-06-10 09:58:20,635.25,1862013
2021-06-10 09:58:21,635.35,1862120
2021-06-10 09:58:22,635.3,1862131
2021-06-10 09:58:23,635.5,1862241
2021-06-10 09:58:24,635.4,1862391
2021-06-10 09:58:25,635.3,1862406
2021-06-10 09:58:26,635.35,1862428
2021-06-10 09:58:27,635.35,1862430
2021-06-10 09:58:28,635.35,1862430
2021-06-10 09:58:29,635.35,1862555
2021-06-10 09:58:30,635.4,1862628
2021-06-10 09:58:31,635.4,1862668
2021-06-10 09:58:32,635.4,1862879
2021-06-10 09:58:33,635.5,1862900
2021-06-10 09:58:34,635.5,1862910
2021-06-10 09:58:35,635.45,1862977
2021-06-10 09:58:36,635.45,1862978
2021-06-10 09:58:37,635.45,1862978
2021-06-10 09:58:38,635.45,1863591
2021-06-10 09:58:39,635.45,1863705
2021-06-10 09:58:40,635.5,1864464
2021-06-10 09:58:41,635.5,1864524
2021-06-10 09:58:42,635.5,1864625
2021-06-10 09:58:43,635.5,1864625
2021-06-10 09:58:44,635.45,1865158
2021-06-10 09:58:45,635.45,1865852
2021-06-10 09:58:46,635.4,1866107
2021-06-10 09:58:47,635.4,1866146
2021-06-10 09:58:48,635.4,1866150
2021-06-10 09:58:49,635.5,1867171
2021-06-10 09:58:50,635.4,1867181
2021-06-10 09:58:52,635.5,1867271
2021-06-10 09:58:52,635.5,1867271
2021-06-10 09:58:53,635.5,1867332
2021-06-10 09:58:54,635.5,1867472
2021-06-10 09:58:55,635.4,1867558
2021-06-10 09:58:56,635.5,1867659
2021-06-10 09:58:57,635.5,1867668
2021-06-10 09:58:58,635.5,1868018
2021-06-10 09:58:59,635.4,1868029
2021-06-10 09:59:00,635.4,1868041
2021-06-10 09:59:01,635.4,1868200
2021-06-10 09:59:02,635.4,1868213
2021-06-10 09:59:03,635.4,1868254
2021-06-10 09:59:04,635.4,1868304
2021-06-10 09:59:05,635.4,1868698
2021-06-10 09:59:06,635.5,1869444
2021-06-10 09:59:07,635.5,1869556
2021-06-10 09:59:08,635.4,1869918
2021-06-10 09:59:09,635.4,1870047
2021-06-10 09:59:10,635.4,1870421
2021-06-10 09:59:11,635.4,1870454
2021-06-10 09:59:12,635.4,1870511
2021-06-10 09:59:13,635.5,1870678
2021-06-10 09:59:15,635.5,1870708
2021-06-10 09:59:16,635.5,1870863
2021-06-10 09:59:17,635.5,1871193
2021-06-10 09:59:18,635.5,1871210
2021-06-10 09:59:19,635.5,1871226
2021-06-10 09:59:20,635.5,1871376
2021-06-10 09:59:21,635.5,1871388
2021-06-10 09:59:22,635.5,1871389
2021-06-10 09:59:23,635.55,1871729
2021-06-10 09:59:24,635.55,1871767
2021-06-10 09:59:26,635.6,1872027
2021-06-10 09:59:26,635.6,1872008
2021-06-10 09:59:27,635.8,1872182
2021-06-10 09:59:28,635.6,1872234
2021-06-10 09:59:29,635.6,1872339
2021-06-10 09:59:30,635.7,1872590
2021-06-10 09:59:31,635.65,1872598
2021-06-10 09:59:32,635.85,1873250
2021-06-10 09:59:34,635.65,1873293
2021-06-10 09:59:35,635.75,1873403
2021-06-10 09:59:36,635.9,1873553
2021-06-10 09:59:37,635.9,1873553
2021-06-10 09:59:38,635.9,1873559
2021-06-10 09:59:39,635.9,1873559
2021-06-10 09:59:40,635.95,1874077
2021-06-10 09:59:41,635.95,1874077
2021-06-10 09:59:42,635.95,1874077
2021-06-10 09:59:43,635.9,1874080
2021-06-10 09:59:44,635.9,1874080
2021-06-10 09:59:46,635.9,1874161
2021-06-10 09:59:46,635.9,1874155
2021-06-10 09:59:47,635.9,1875163
2021-06-10 09:59:48,635.95,1875253
2021-06-10 09:59:49,635.95,1875253
2021-06-10 09:59:50,635.9,1875254
2021-06-10 09:59:51,635.9,1875258
2021-06-10 09:59:53,635.95,1876320
2021-06-10 09:59:54,635.95,1876593
2021-06-10 09:59:55,635.95,1876970
2021-06-10 09:59:56,636.0,1877021
2021-06-10 09:59:57,635.9,1878521
2021-06-10 09:59:58,636.0,1879068
2021-06-10 09:59:59,635.95,1879271
2021-06-10 10:00:01,635.8,1880301
2021-06-10 10:00:01,635.8,1880308
2021-06-10 10:00:02,635.8,1880323
2021-06-10 10:00:03,635.8,1880346
2021-06-10 10:00:04,635.8,1880397
2021-06-10 10:00:06,635.7,1880419
2021-06-10 10:00:07,635.7,1880503
2021-06-10 10:00:08,635.7,1880528
2021-06-10 10:00:08,635.7,1880630
2021-06-10 10:00:09,635.75,1880760
2021-06-10 10:00:10,635.7,1880774
2021-06-10 10:00:11,635.7,1880978
2021-06-10 10:00:12,635.75,1881031
2021-06-10 10:00:13,635.75,1881051
2021-06-10 10:00:14,635.75,1881051
2021-06-10 10:00:16,635.95,1881115
2021-06-10 10:00:17,635.9,1881165
2021-06-10 10:00:19,635.9,1881165
2021-06-10 10:00:20,635.9,1881190
2021-06-10 10:00:21,635.9,1881195
2021-06-10 10:00:22,635.7,1881853
2021-06-10 10:00:22,635.7,1881905
2021-06-10 10:00:23,635.7,1881917
2021-06-10 10:00:24,635.7,1881919
2021-06-10 10:00:25,635.9,1882092
2021-06-10 10:00:26,635.75,1882110
2021-06-10 10:00:27,635.75,1882262
2021-06-10 10:00:28,635.75,1882274
2021-06-10 10:00:29,636.0,1883284
2021-06-10 10:00:30,635.9,1883287
2021-06-10 10:00:32,635.75,1883450
2021-06-10 10:00:33,635.9,1883773
2021-06-10 10:00:34,635.9,1883773
2021-06-10 10:00:36,635.75,1883871
2021-06-10 10:00:37,635.9,1883895
2021-06-10 10:00:38,635.9,1883904
2021-06-10 10:00:39,635.85,1884194
2021-06-10 10:00:40,635.85,1884245
2021-06-10 10:00:41,635.75,1884446
2021-06-10 10:00:42,635.9,1884916
2021-06-10 10:00:43,635.75,1885021
2021-06-10 10:00:44,635.75,1885030
2021-06-10 10:00:45,635.9,1885200
2021-06-10 10:00:46,635.9,1885425
2021-06-10 10:00:47,635.75,1885688
2021-06-10 10:00:49,635.85,1885788
2021-06-10 10:00:51,635.85,1885805
2021-06-10 10:00:52,635.85,1885824
2021-06-10 10:00:54,635.9,1885826
2021-06-10 10:00:55,635.85,1886103
2021-06-10 10:00:56,635.75,1887184
2021-06-10 10:00:56,635.9,1886177
2021-06-10 10:00:57,635.9,1887348
2021-06-10 10:00:58,635.9,1887366
2021-06-10 10:00:59,635.75,1887548
2021-06-10 10:01:02,635.75,1890337
2021-06-10 10:01:03,635.7,1890366
2021-06-10 10:01:04,635.7,1890368
2021-06-10 10:01:06,635.75,1890384
2021-06-10 10:01:07,635.75,1890573
2021-06-10 10:01:09,635.75,1893408
2021-06-10 10:01:10,635.75,1893408
2021-06-10 10:01:11,635.55,1893437
2021-06-10 10:01:12,635.4,1895241
2021-06-10 10:01:13,635.65,1895493
2021-06-10 10:01:14,635.2,1901898
2021-06-10 10:01:15,635.15,1902433
2021-06-10 10:01:17,635.4,1902555
2021-06-10 10:01:18,635.15,1902576
2021-06-10 10:01:19,635.45,1902616
2021-06-10 10:01:20,635.15,1902626
2021-06-10 10:01:22,635.15,1902847
2021-06-10 10:01:23,635.15,1903064
2021-06-10 10:01:24,635.15,1903089
2021-06-10 10:01:25,635.3,1903145
2021-06-10 10:01:26,635.5,1903721
2021-06-10 10:01:27,635.45,1903795
2021-06-10 10:01:28,635.25,1903845
2021-06-10 10:01:29,635.25,1903849
2021-06-10 10:01:30,635.3,1904047
2021-06-10 10:01:31,635.3,1904179
2021-06-10 10:01:32,635.5,1904191
2021-06-10 10:01:33,635.5,1904191
2021-06-10 10:01:34,635.3,1904264
2021-06-10 10:01:35,635.45,1904508
2021-06-10 10:01:36,635.45,1904527
2021-06-10 10:01:37,635.45,1904530
2021-06-10 10:01:38,635.45,1904531
2021-06-10 10:01:39,635.45,1904533
2021-06-10 10:01:40,635.5,1905056
2021-06-10 10:01:41,635.5,1905056
2021-06-10 10:01:42,635.5,1905057
2021-06-10 10:01:43,635.5,1905182
2021-06-10 10:01:44,635.5,1905226
2021-06-10 10:01:45,635.45,1905227
2021-06-10 10:01:46,635.45,1905529
2021-06-10 10:01:47,635.45,1905553
2021-06-10 10:01:48,635.45,1905956
2021-06-10 10:01:49,635.45,1906298
2021-06-10 10:01:50,635.45,1906346
2021-06-10 10:01:51,635.4,1907526
2021-06-10 10:01:52,635.35,1907641
2021-06-10 10:01:53,635.35,1907641
2021-06-10 10:01:55,635.3,1907651
2021-06-10 10:01:56,635.35,1907869
2021-06-10 10:01:58,635.35,1908216
2021-06-10 10:01:59,635.25,1908220
2021-06-10 10:02:01,635.3,1908332
2021-06-10 10:02:01,635.25,1908549
2021-06-10 10:02:02,635.25,1909206
2021-06-10 10:02:03,635.0,1910847
2021-06-10 10:02:04,635.0,1910991
2021-06-10 10:02:06,635.1,1911165
2021-06-10 10:02:07,635.0,1913509
2021-06-10 10:02:08,635.0,1914738
2021-06-10 10:02:09,635.0,1914866
2021-06-10 10:02:10,634.7,1916220
2021-06-10 10:02:12,634.6,1918903
2021-06-10 10:02:13,634.85,1919129
2021-06-10 10:02:14,634.85,1919129
2021-06-10 10:02:15,634.75,1920325
2021-06-10 10:02:16,634.75,1920508
2021-06-10 10:02:17,634.75,1920509
2021-06-10 10:02:18,634.6,1922345
2021-06-10 10:02:19,634.6,1922807
2021-06-10 10:02:20,634.6,1923350
2021-06-10 10:02:21,634.8,1923549
2021-06-10 10:02:22,634.6,1923980
2021-06-10 10:02:23,634.55,1924186
2021-06-10 10:02:24,634.55,1924254
2021-06-10 10:02:25,634.6,1924710
2021-06-10 10:02:26,634.95,1925738
2021-06-10 10:02:27,634.55,1925943
2021-06-10 10:02:27,634.75,1925979
2021-06-10 10:02:28,634.55,1926047
2021-06-10 10:02:29,634.75,1926078
2021-06-10 10:02:31,634.65,1926227
2021-06-10 10:02:31,634.6,1926353
2021-06-10 10:02:32,634.6,1926359
2021-06-10 10:02:34,634.65,1928411
2021-06-10 10:02:35,634.6,1928441
2021-06-10 10:02:36,634.9,1929217
2021-06-10 10:02:37,634.75,1929340
2021-06-10 10:02:38,634.6,1929427
2021-06-10 10:02:39,634.6,1929759
2021-06-10 10:02:40,634.8,1929799
2021-06-10 10:02:41,634.6,1929909
2021-06-10 10:02:42,634.6,1929999
2021-06-10 10:02:42,634.6,1930006
2021-06-10 10:02:44,634.8,1930518
2021-06-10 10:02:45,634.6,1931174
2021-06-10 10:02:46,634.6,1931418
2021-06-10 10:02:47,634.6,1931900
2021-06-10 10:02:48,634.8,1932085
2021-06-10 10:02:49,634.55,1932275
2021-06-10 10:02:50,634.6,1932342
2021-06-10 10:02:51,634.6,1932387
2021-06-10 10:02:52,634.75,1932480
2021-06-10 10:02:53,634.8,1932490
2021-06-10 10:02:54,634.75,1933508
2021-06-10 10:02:55,634.6,1933511
2021-06-10 10:02:55,634.55,1933959
2021-06-10 10:02:56,634.65,1934276
2021-06-10 10:02:58,634.6,1934783
2021-06-10 10:02:59,634.55,1935113
2021-06-10 10:03:00,634.4,1943532
2021-06-10 10:03:01,634.4,1943682
2021-06-10 10:03:01,634.4,1943882
2021-06-10 10:03:02,634.15,1943924
2021-06-10 10:03:04,634.35,1945236
2021-06-10 10:03:05,634.1,1945337
2021-06-10 10:03:06,634.3,1946310
2021-06-10 10:03:07,634.1,1946913
2021-06-10 10:03:08,633.95,1955690
2021-06-10 10:03:09,633.6,1959679
2021-06-10 10:03:09,633.6,1960022
2021-06-10 10:03:10,633.95,1960282
2021-06-10 10:03:12,633.95,1960520
2021-06-10 10:03:13,633.7,1960691
2021-06-10 10:03:14,633.7,1961754
2021-06-10 10:03:15,633.9,1962417
2021-06-10 10:03:18,633.85,1963138
2021-06-10 10:03:19,633.9,1963325
2021-06-10 10:03:20,633.9,1963398
2021-06-10 10:03:21,633.85,1963631
2021-06-10 10:03:21,633.9,1963669
2021-06-10 10:03:22,633.9,1964167
2021-06-10 10:03:23,634.0,1964925
2021-06-10 10:03:25,634.1,1965697
2021-06-10 10:03:26,634.5,1967846
2021-06-10 10:03:27,634.5,1969095
2021-06-10 10:03:28,634.6,1969693
2021-06-10 10:03:28,634.65,1969644
2021-06-10 10:03:31,634.55,1970179
2021-06-10 10:03:33,634.55,1970254
2021-06-10 10:03:34,634.55,1970304
2021-06-10 10:03:34,634.55,1970308
2021-06-10 10:03:35,634.55,1971101
2021-06-10 10:03:37,634.55,1971710
2021-06-10 10:03:38,634.55,1971770
2021-06-10 10:03:39,634.85,1971826
2021-06-10 10:03:40,634.85,1972233
2021-06-10 10:03:40,634.85,1972233
2021-06-10 10:03:41,634.85,1972233
2021-06-10 10:03:42,634.85,1972233
2021-06-10 10:03:43,634.8,1972277
2021-06-10 10:03:45,634.8,1972659
2021-06-10 10:03:46,634.95,1972950
2021-06-10 10:03:47,634.8,1972993
2021-06-10 10:03:47,634.85,1972996
2021-06-10 10:03:48,634.85,1973211
2021-06-10 10:03:49,634.85,1973229
2021-06-10 10:03:51,634.9,1973722
2021-06-10 10:03:52,634.85,1973936
2021-06-10 10:03:53,634.85,1974454
2021-06-10 10:03:54,634.9,1974595
2021-06-10 10:03:54,634.95,1974625
2021-06-10 10:03:55,635.0,1975411
2021-06-10 10:03:57,634.9,1976211
2021-06-10 10:03:58,634.9,1976375
2021-06-10 10:03:59,634.85,1976578
2021-06-10 10:03:59,634.85,1976563
2021-06-10 10:04:00,634.95,1976851
2021-06-10 10:04:02,634.85,1977378
2021-06-10 10:04:03,634.9,1977421
2021-06-10 10:04:04,634.9,1977611
2021-06-10 10:04:05,634.95,1977858
2021-06-10 10:04:08,634.85,1977946
2021-06-10 10:04:09,634.95,1978251
2021-06-10 10:04:10,634.9,1978390
2021-06-10 10:04:10,634.9,1978461
2021-06-10 10:04:11,634.95,1978487
2021-06-10 10:04:12,634.95,1978502
2021-06-10 10:04:14,634.95,1978564
2021-06-10 10:04:15,634.9,1978688
2021-06-10 10:04:16,634.95,1978995
2021-06-10 10:04:18,634.9,1979189
2021-06-10 10:04:18,634.95,1979205
2021-06-10 10:04:21,634.9,1979212
2021-06-10 10:04:22,634.95,1979243
2021-06-10 10:04:23,634.9,1979389
2021-06-10 10:04:24,634.9,1979455
2021-06-10 10:04:25,634.9,1979574
2021-06-10 10:04:25,634.9,1979761
2021-06-10 10:04:27,634.9,1981776
2021-06-10 10:04:28,634.85,1983440
2021-06-10 10:04:29,634.9,1983626
2021-06-10 10:04:30,634.85,1983977
2021-06-10 10:04:31,634.9,1984023
2021-06-10 10:04:32,634.95,1984152
2021-06-10 10:04:33,634.95,1984152
2021-06-10 10:04:33,634.9,1984252
2021-06-10 10:04:35,634.95,1984381
2021-06-10 10:04:36,634.95,1984558
2021-06-10 10:04:37,634.9,1984570
2021-06-10 10:04:38,634.9,1985132
2021-06-10 10:04:39,634.9,1985481
2021-06-10 10:04:40,635.0,1986973
2021-06-10 10:04:41,634.9,1987173
2021-06-10 10:04:42,634.9,1987231
2021-06-10 10:04:44,634.95,1987235
2021-06-10 10:04:45,635.0,1987790
2021-06-10 10:04:46,635.0,1988091
2021-06-10 10:04:47,634.95,1988209
2021-06-10 10:04:48,634.95,1988241
2021-06-10 10:04:49,635.0,1988294
2021-06-10 10:04:50,635.0,1988491
2021-06-10 10:04:51,634.95,1988559
2021-06-10 10:04:52,634.95,1988565
2021-06-10 10:04:53,635.0,1988670
2021-06-10 10:04:54,635.0,1988680
2021-06-10 10:04:55,635.05,1990450
2021-06-10 10:04:57,635.15,1991680
2021-06-10 10:04:58,635.05,1991780
2021-06-10 10:04:59,635.0,1992806
2021-06-10 10:05:01,635.2,1992975
2021-06-10 10:05:01,635.2,1992975
2021-06-10 10:05:03,635.0,1993336
2021-06-10 10:05:04,635.15,1993370
2021-06-10 10:05:05,635.15,1993386
2021-06-10 10:05:06,635.1,1993487
2021-06-10 10:05:07,635.1,1993495
2021-06-10 10:05:07,635.1,1993518
2021-06-10 10:05:11,635.1,1993762
2021-06-10 10:05:12,635.1,1993775
2021-06-10 10:05:13,635.2,1993778
2021-06-10 10:05:15,635.3,1994015
2021-06-10 10:05:17,635.15,1994023
2021-06-10 10:05:18,635.15,1994023
2021-06-10 10:05:19,635.3,1994192
2021-06-10 10:05:20,635.3,1994691
2021-06-10 10:05:21,635.3,1994731
2021-06-10 10:05:22,635.35,1994747
2021-06-10 10:05:22,635.4,1994752
2021-06-10 10:05:24,635.4,1994752
2021-06-10 10:05:25,635.35,1994817
2021-06-10 10:05:26,635.35,1994858
2021-06-10 10:05:27,635.35,1995429
2021-06-10 10:05:28,635.35,1995531
2021-06-10 10:05:28,635.35,1995531
2021-06-10 10:05:30,635.45,1995725
2021-06-10 10:05:31,635.45,1995725
2021-06-10 10:05:32,635.45,1995725
2021-06-10 10:05:33,635.35,1995862
2021-06-10 10:05:34,635.35,1995914
2021-06-10 10:05:35,635.3,1996118
2021-06-10 10:05:36,635.35,1996349
2021-06-10 10:05:36,635.35,1996349
2021-06-10 10:05:37,635.35,1996362
2021-06-10 10:05:38,635.35,1996471
2021-06-10 10:05:39,635.3,1996588
2021-06-10 10:05:41,635.35,1998484
2021-06-10 10:05:42,635.2,1999477
2021-06-10 10:05:43,635.15,1999628
2021-06-10 10:05:44,635.25,2001483
2021-06-10 10:05:45,635.15,2001612
2021-06-10 10:05:46,635.0,2001779
2021-06-10 10:05:46,635.0,2001809
2021-06-10 10:05:48,635.0,2002824
2021-06-10 10:05:49,635.0,2002827
2021-06-10 10:05:50,634.95,2002836
2021-06-10 10:05:51,634.9,2002849
2021-06-10 10:05:52,634.95,2002983
2021-06-10 10:05:52,634.9,2002957
2021-06-10 10:05:54,634.85,2003844
2021-06-10 10:05:55,634.7,2004160
2021-06-10 10:05:56,634.55,2004387
2021-06-10 10:05:57,634.55,2004982
2021-06-10 10:05:57,634.55,2004982
2021-06-10 10:05:59,634.5,2005090
2021-06-10 10:06:00,634.55,2005416
2021-06-10 10:06:01,634.45,2005724
2021-06-10 10:06:02,634.4,2005771
2021-06-10 10:06:03,634.25,2005792
2021-06-10 10:06:03,634.25,2005793
2021-06-10 10:06:05,634.25,2005801
2021-06-10 10:06:06,634.25,2009257
2021-06-10 10:06:07,634.2,2009573
2021-06-10 10:06:08,634.05,2009739
2021-06-10 10:06:09,634.2,2010762
2021-06-10 10:06:10,634.25,2010932
2021-06-10 10:06:12,634.1,2011309
2021-06-10 10:06:13,634.25,2011372
2021-06-10 10:06:14,634.2,2011876
2021-06-10 10:06:16,634.4,2014360
2021-06-10 10:06:17,634.4,2014380
2021-06-10 10:06:17,634.4,2014382
2021-06-10 10:06:19,634.45,2014407
2021-06-10 10:06:20,634.5,2014455
2021-06-10 10:06:21,634.45,2014708
2021-06-10 10:06:22,634.45,2014754
2021-06-10 10:06:23,634.55,2014785
2021-06-10 10:06:23,634.45,2014789
2021-06-10 10:06:24,634.55,2014794
2021-06-10 10:06:26,634.45,2015042
2021-06-10 10:06:27,634.4,2017862
2021-06-10 10:06:29,634.65,2018413
2021-06-10 10:06:30,634.55,2018463
2021-06-10 10:06:31,634.55,2018572
2021-06-10 10:06:32,634.65,2019108
2021-06-10 10:06:33,634.65,2019110
2021-06-10 10:06:34,634.65,2019228
2021-06-10 10:06:35,634.65,2019269
2021-06-10 10:06:36,634.6,2019467
2021-06-10 10:06:37,634.6,2019487
2021-06-10 10:06:38,634.75,2019510
2021-06-10 10:06:39,634.6,2019526
2021-06-10 10:06:41,634.6,2020299
2021-06-10 10:06:42,634.6,2020303
2021-06-10 10:06:43,634.75,2020382
2021-06-10 10:06:45,634.7,2020747
2021-06-10 10:06:46,634.65,2021039
2021-06-10 10:06:47,634.65,2021375
2021-06-10 10:06:48,634.85,2021602
2021-06-10 10:06:50,634.65,2021884
2021-06-10 10:06:51,634.65,2022171
2021-06-10 10:06:52,634.65,2022994
2021-06-10 10:06:53,634.65,2023078
2021-06-10 10:06:54,634.65,2023135
2021-06-10 10:06:55,634.65,2023860
2021-06-10 10:06:56,634.65,2023918
2021-06-10 10:06:57,634.85,2023930
2021-06-10 10:06:58,634.65,2023931
2021-06-10 10:06:59,634.95,2024032
2021-06-10 10:07:00,634.7,2024120
2021-06-10 10:07:01,634.7,2024127
2021-06-10 10:07:02,634.65,2024232
2021-06-10 10:07:03,634.65,2024396
2021-06-10 10:07:04,634.65,2024428
2021-06-10 10:07:05,634.8,2024445
2021-06-10 10:07:06,634.95,2024684
2021-06-10 10:07:07,634.85,2024937
2021-06-10 10:07:08,634.7,2025012
2021-06-10 10:07:09,634.8,2025042
2021-06-10 10:07:10,634.8,2025137
2021-06-10 10:07:11,634.7,2025145
2021-06-10 10:07:12,634.75,2025197
2021-06-10 10:07:13,634.75,2025802
2021-06-10 10:07:14,634.95,2026902
2021-06-10 10:07:15,635.0,2027110
2021-06-10 10:07:17,634.95,2027111
2021-06-10 10:07:18,634.9,2027313
2021-06-10 10:07:19,635.0,2027436
2021-06-10 10:07:20,635.0,2027537
2021-06-10 10:07:22,635.0,2027604
2021-06-10 10:07:23,634.8,2029511
2021-06-10 10:07:24,634.8,2029663
2021-06-10 10:07:25,634.75,2029942
2021-06-10 10:07:26,634.8,2030650
2021-06-10 10:07:27,634.8,2030914
2021-06-10 10:07:28,634.7,2031538
2021-06-10 10:07:29,634.8,2031628
2021-06-10 10:07:30,634.75,2031760
2021-06-10 10:07:32,634.8,2032877
2021-06-10 10:07:33,634.75,2032879
2021-06-10 10:07:35,634.75,2034145
2021-06-10 10:07:36,634.7,2034542
2021-06-10 10:07:37,634.7,2034713
2021-06-10 10:07:38,634.7,2034863
2021-06-10 10:07:39,634.7,2034863
2021-06-10 10:07:40,634.7,2034863
2021-06-10 10:07:41,634.5,2035953
2021-06-10 10:07:42,634.65,2036074
2021-06-10 10:07:44,634.65,2036128
2021-06-10 10:07:43,634.65,2036128
2021-06-10 10:07:45,634.65,2036128
2021-06-10 10:07:46,634.7,2036305
2021-06-10 10:07:47,634.5,2036558
2021-06-10 10:07:48,634.5,2036559
2021-06-10 10:07:49,634.5,2036611
2021-06-10 10:07:50,634.5,2036611
2021-06-10 10:07:51,634.4,2036801
2021-06-10 10:07:52,634.5,2036932
2021-06-10 10:07:53,634.4,2036969
2021-06-10 10:07:54,634.4,2036972
2021-06-10 10:07:55,634.4,2037059
2021-06-10 10:07:56,634.45,2037345
2021-06-10 10:07:57,634.35,2037478
2021-06-10 10:07:58,634.25,2038567
2021-06-10 10:08:00,634.25,2038787
2021-06-10 10:08:01,634.25,2039842
2021-06-10 10:08:02,634.45,2041426
2021-06-10 10:08:03,634.3,2041484
2021-06-10 10:08:04,634.3,2041504
2021-06-10 10:08:05,634.3,2041504
2021-06-10 10:08:06,634.25,2041871
2021-06-10 10:08:07,634.25,2041905
2021-06-10 10:08:08,634.3,2042039
2021-06-10 10:08:10,634.1,2043600
2021-06-10 10:08:12,634.15,2043832
2021-06-10 10:08:13,634.25,2044194
2021-06-10 10:08:14,634.25,2044262
2021-06-10 10:08:15,634.2,2046550
2021-06-10 10:08:16,634.2,2046746
2021-06-10 10:08:17,634.25,2046982
2021-06-10 10:08:18,634.4,2047003
2021-06-10 10:08:19,634.4,2047013
2021-06-10 10:08:20,634.2,2047626
2021-06-10 10:08:21,634.3,2047975
2021-06-10 10:08:22,634.4,2049018
2021-06-10 10:08:23,634.4,2050049
2021-06-10 10:08:24,634.5,2053220
2021-06-10 10:08:25,634.5,2053220
2021-06-10 10:08:26,634.5,2053412
2021-06-10 10:08:27,634.65,2053915
2021-06-10 10:08:28,634.45,2053935
2021-06-10 10:08:29,634.5,2053978
2021-06-10 10:08:30,634.65,2054019
2021-06-10 10:08:32,634.55,2054090
2021-06-10 10:08:33,634.5,2054426
2021-06-10 10:08:34,634.5,2054461
2021-06-10 10:08:35,634.65,2054479
2021-06-10 10:08:36,634.7,2054706
2021-06-10 10:08:37,634.65,2054905
2021-06-10 10:08:38,634.9,2055259
2021-06-10 10:08:39,635.0,2055609
2021-06-10 10:08:40,635.0,2056028
2021-06-10 10:08:42,634.95,2056154
2021-06-10 10:08:43,634.95,2056456
2021-06-10 10:08:44,634.95,2056519
2021-06-10 10:08:45,634.95,2056988
2021-06-10 10:08:47,634.9,2057327
2021-06-10 10:08:47,634.9,2057510
2021-06-10 10:08:48,634.95,2057623
2021-06-10 10:08:49,634.9,2057838
2021-06-10 10:08:50,634.95,2057889
2021-06-10 10:08:51,634.9,2057917
2021-06-10 10:08:52,634.9,2057969
2021-06-10 10:08:53,634.9,2057996
2021-06-10 10:08:54,634.9,2057998
2021-06-10 10:08:55,634.75,2059220
2021-06-10 10:08:56,634.7,2059614
2021-06-10 10:08:58,634.7,2059614
2021-06-10 10:08:58,634.7,2059614
2021-06-10 10:08:59,634.75,2059688
2021-06-10 10:09:00,634.6,2059702
2021-06-10 10:09:01,634.75,2059802
2021-06-10 10:09:02,634.65,2060320
2021-06-10 10:09:03,634.5,2060774
2021-06-10 10:09:04,634.65,2060843
2021-06-10 10:09:05,634.75,2061022
2021-06-10 10:09:06,634.7,2061034
2021-06-10 10:09:08,634.65,2061197
2021-06-10 10:09:08,634.65,2061197
2021-06-10 10:09:09,634.65,2061197
2021-06-10 10:09:10,634.65,2061257
2021-06-10 10:09:11,634.6,2061280
2021-06-10 10:09:12,634.75,2061324
2021-06-10 10:09:13,634.75,2061329
2021-06-10 10:09:14,634.55,2061434
2021-06-10 10:09:15,634.7,2061988
2021-06-10 10:09:17,634.7,2062072
2021-06-10 10:09:17,634.7,2062072
2021-06-10 10:09:18,634.7,2062136
2021-06-10 10:09:19,634.65,2062141
2021-06-10 10:09:20,634.65,2062716
2021-06-10 10:09:21,634.7,2062811
2021-06-10 10:09:22,634.7,2062824
2021-06-10 10:09:23,634.7,2063028
2021-06-10 10:09:24,634.7,2063033
2021-06-10 10:09:26,634.65,2064321
2021-06-10 10:09:27,634.65,2064339
2021-06-10 10:09:29,634.7,2064928
2021-06-10 10:09:29,634.7,2064928
2021-06-10 10:09:30,634.7,2064970
2021-06-10 10:09:31,634.65,2064994
2021-06-10 10:09:32,634.65,2064995
2021-06-10 10:09:33,634.85,2065497
2021-06-10 10:09:34,634.7,2065501
2021-06-10 10:09:35,634.85,2065511
2021-06-10 10:09:37,634.75,2065869
2021-06-10 10:09:38,634.7,2065909
2021-06-10 10:09:40,634.7,2066409
2021-06-10 10:09:40,634.7,2066409
2021-06-10 10:09:41,634.7,2066423
2021-06-10 10:09:42,634.7,2066563
2021-06-10 10:09:43,634.65,2068008
2021-06-10 10:09:44,634.7,2068134
2021-06-10 10:09:45,634.85,2068146
2021-06-10 10:09:46,634.75,2068374
2021-06-10 10:09:47,634.85,2068474
2021-06-10 10:09:48,634.7,2068577
2021-06-10 10:09:49,634.75,2068768
2021-06-10 10:09:51,634.75,2069617
2021-06-10 10:09:52,634.7,2069633
2021-06-10 10:09:54,634.7,2069640
2021-06-10 10:09:54,634.7,2069640
2021-06-10 10:09:55,634.7,2070854
2021-06-10 10:09:57,634.7,2071337
2021-06-10 10:09:58,634.75,2071442
2021-06-10 10:09:59,634.75,2071791
2021-06-10 10:10:01,634.75,2072190
2021-06-10 10:10:02,634.75,2072198
2021-06-10 10:10:03,634.85,2072652
2021-06-10 10:10:04,634.85,2072674
2021-06-10 10:10:06,634.7,2072866
2021-06-10 10:10:06,634.7,2072882
2021-06-10 10:10:07,634.7,2072942
2021-06-10 10:10:08,634.65,2073082
2021-06-10 10:10:09,634.65,2073131
2021-06-10 10:10:10,634.75,2073138
2021-06-10 10:10:11,634.75,2073240
2021-06-10 10:10:12,634.8,2073280
2021-06-10 10:10:13,634.8,2073317
2021-06-10 10:10:14,634.8,2073323
2021-06-10 10:10:15,634.8,2073523
2021-06-10 10:10:16,634.75,2073531
2021-06-10 10:10:17,634.8,2073644
2021-06-10 10:10:18,634.75,2073672
2021-06-10 10:10:19,634.8,2073956
2021-06-10 10:10:20,634.8,2074196
2021-06-10 10:10:22,634.8,2075757
2021-06-10 10:10:22,634.8,2075757
2021-06-10 10:10:23,634.8,2076009
2021-06-10 10:10:24,634.8,2076249
2021-06-10 10:10:25,634.9,2076505
2021-06-10 10:10:26,634.9,2076745
2021-06-10 10:10:27,634.8,2076799
2021-06-10 10:10:29,634.8,2076906
2021-06-10 10:10:29,634.8,2076915
2021-06-10 10:10:30,634.8,2077032
2021-06-10 10:10:31,634.8,2077077
2021-06-10 10:10:32,634.85,2077183
2021-06-10 10:10:33,634.7,2078929
2021-06-10 10:10:34,634.75,2079202
2021-06-10 10:10:36,634.7,2079689
2021-06-10 10:10:36,634.7,2079689
2021-06-10 10:10:37,634.7,2079700
2021-06-10 10:10:38,634.7,2079716
2021-06-10 10:10:39,634.7,2079770
2021-06-10 10:10:41,634.6,2080069
2021-06-10 10:10:42,634.7,2080872
2021-06-10 10:10:43,634.7,2081271
2021-06-10 10:10:44,634.7,2081272
2021-06-10 10:10:45,634.7,2081363
2021-06-10 10:10:46,634.7,2081541
2021-06-10 10:10:48,635.0,2082359
2021-06-10 10:10:49,635.0,2082359
2021-06-10 10:10:50,634.9,2082628
2021-06-10 10:10:51,635.0,2082700
2021-06-10 10:10:51,635.0,2082700
2021-06-10 10:10:52,634.85,2082711
2021-06-10 10:10:53,634.85,2082870
2021-06-10 10:10:54,634.9,2083614
2021-06-10 10:10:56,635.0,2083872
2021-06-10 10:10:57,635.0,2083880
2021-06-10 10:10:59,635.0,2083918
2021-06-10 10:11:00,634.95,2083919
2021-06-10 10:11:01,635.0,2083984
2021-06-10 10:11:01,635.0,2083984
2021-06-10 10:11:02,634.95,2084273
2021-06-10 10:11:03,634.95,2084678
2021-06-10 10:11:04,634.95,2084713
2021-06-10 10:11:05,635.0,2084717
2021-06-10 10:11:06,634.95,2084900
2021-06-10 10:11:07,635.15,2087625
2021-06-10 10:11:08,635.15,2087625
2021-06-10 10:11:10,635.0,2088626
2021-06-10 10:11:11,635.15,2088714
2021-06-10 10:11:12,635.1,2088744
2021-06-10 10:11:12,635.05,2088764
2021-06-10 10:11:14,635.05,2088837
2021-06-10 10:11:15,635.25,2089065
2021-06-10 10:11:16,635.25,2089077
2021-06-10 10:11:17,635.05,2089078
2021-06-10 10:11:18,635.05,2089079
2021-06-10 10:11:19,635.3,2089184
2021-06-10 10:11:20,635.2,2090699
2021-06-10 10:11:22,635.2,2090699
2021-06-10 10:11:23,635.2,2090699
2021-06-10 10:11:24,635.2,2090725
2021-06-10 10:11:25,635.2,2090742
2021-06-10 10:11:25,635.2,2090742
2021-06-10 10:11:26,635.2,2091143
2021-06-10 10:11:27,635.1,2092470
2021-06-10 10:11:28,635.1,2092581
2021-06-10 10:11:29,635.1,2092602
2021-06-10 10:11:30,635.1,2092607
2021-06-10 10:11:31,635.15,2092642
2021-06-10 10:11:32,635.15,2092661
2021-06-10 10:11:33,635.15,2092661
2021-06-10 10:11:34,635.1,2092663
2021-06-10 10:11:35,635.15,2092671
2021-06-10 10:11:36,635.0,2094434
2021-06-10 10:11:37,635.05,2094833
2021-06-10 10:11:38,635.05,2094917
2021-06-10 10:11:40,635.05,2095037
2021-06-10 10:11:41,635.05,2095046
2021-06-10 10:11:42,635.1,2095050
2021-06-10 10:11:43,635.1,2095091
2021-06-10 10:11:43,635.1,2095304
2021-06-10 10:11:44,635.1,2095459
2021-06-10 10:11:46,634.8,2098154
2021-06-10 10:11:47,634.95,2099183
2021-06-10 10:11:48,634.85,2099287
2021-06-10 10:11:49,634.85,2099294
2021-06-10 10:11:52,634.85,2099301
2021-06-10 10:11:53,634.75,2099353
2021-06-10 10:11:53,634.7,2099363
2021-06-10 10:11:54,634.7,2099377
2021-06-10 10:11:55,634.95,2099612
2021-06-10 10:11:56,634.95,2099612
2021-06-10 10:11:57,634.95,2099618
2021-06-10 10:12:00,634.95,2099719
2021-06-10 10:12:01,634.75,2099749
2021-06-10 10:12:01,634.75,2099812
2021-06-10 10:12:02,634.75,2099826
2021-06-10 10:12:03,634.8,2099829
2021-06-10 10:12:04,634.95,2099869
2021-06-10 10:12:05,634.8,2100066
2021-06-10 10:12:06,634.95,2100136
2021-06-10 10:12:07,634.95,2100243
2021-06-10 10:12:08,634.95,2100275
2021-06-10 10:12:09,634.95,2100477
