timestamp,ltp,volume
2021-06-10 09:20:13,1425.7,289600
2021-06-10 09:20:15,1425.65,290841
2021-06-10 09:20:16,1425.7,291333
2021-06-10 09:20:17,1425.35,292052
2021-06-10 09:20:18,1425.65,292454
2021-06-10 09:20:18,1425.65,292607
2021-06-10 09:20:19,1425.35,292794
2021-06-10 09:20:20,1425.5,293992
2021-06-10 09:20:21,1425.55,294201
2021-06-10 09:20:23,1425.5,295225
2021-06-10 09:20:24,1425.1,296203
2021-06-10 09:20:25,1425.3,296215
2021-06-10 09:20:26,1425.65,296355
2021-06-10 09:20:26,1425.1,296381
2021-06-10 09:20:27,1425.1,296530
2021-06-10 09:20:28,1425.15,296920
2021-06-10 09:20:30,1425.1,297000
2021-06-10 09:20:31,1425.1,297171
2021-06-10 09:20:32,1425.15,297351
2021-06-10 09:20:33,1425.15,297838
2021-06-10 09:20:33,1425.15,297838
2021-06-10 09:20:34,1425.3,298326
2021-06-10 09:20:35,1425.45,298457
2021-06-10 09:20:36,1425.4,298463
2021-06-10 09:20:37,1425.1,299530
2021-06-10 09:20:39,1425.1,300011
2021-06-10 09:20:41,1425.4,300171
2021-06-10 09:20:42,1425.3,300204
2021-06-10 09:20:43,1425.2,301650
2021-06-10 09:20:44,1425.2,302524
2021-06-10 09:20:45,1425.0,303407
2021-06-10 09:20:45,1425.0,303319
2021-06-10 09:20:46,1425.0,303781
2021-06-10 09:20:47,1425.0,304744
2021-06-10 09:20:49,1424.1,307279
2021-06-10 09:20:50,1424.1,309096
2021-06-10 09:20:51,1424.15,310016
2021-06-10 09:20:51,1424.1,309894
2021-06-10 09:20:52,1424.4,311323
2021-06-10 09:20:53,1424.2,311493
2021-06-10 09:20:55,1424.85,313803
2021-06-10 09:20:56,1424.95,314129
2021-06-10 09:20:57,1424.6,314808
2021-06-10 09:20:57,1424.6,315052
2021-06-10 09:20:58,1424.2,316690
2021-06-10 09:20:59,1424.6,316957
2021-06-10 09:21:00,1424.6,317834
2021-06-10 09:21:02,1424.5,317971
2021-06-10 09:21:02,1424.5,317992
2021-06-10 09:21:04,1424.5,318149
2021-06-10 09:21:05,1424.55,318214
2021-06-10 09:21:06,1424.55,318434
2021-06-10 09:21:07,1424.6,318626
2021-06-10 09:21:07,1424.6,318655
2021-06-10 09:21:08,1424.5,318925
2021-06-10 09:21:10,1424.5,319352
2021-06-10 09:21:11,1424.55,319444
2021-06-10 09:21:12,1424.6,319451
2021-06-10 09:21:13,1424.5,321743
2021-06-10 09:21:14,1424.55,321915
2021-06-10 09:21:14,1424.55,321915
2021-06-10 09:21:16,1424.5,322948
2021-06-10 09:21:18,1424.5,323460
2021-06-10 09:21:19,1424.45,323752
2021-06-10 09:21:20,1424.7,325462
2021-06-10 09:21:21,1424.85,325858
2021-06-10 09:21:21,1424.8,325983
2021-06-10 09:21:22,1424.8,326327
2021-06-10 09:21:24,1424.85,326730
2021-06-10 09:21:25,1424.85,327336
2021-06-10 09:21:27,1424.85,329961
2021-06-10 09:21:28,1424.9,330330
2021-06-10 09:21:29,1425.0,330938
2021-06-10 09:21:29,1424.9,331207
2021-06-10 09:21:30,1424.95,331279
2021-06-10 09:21:32,1425.0,331557
2021-06-10 09:21:33,1425.0,331698
2021-06-10 09:21:34,1424.95,331868
2021-06-10 09:21:35,1425.05,333283
2021-06-10 09:21:36,1425.15,334488
2021-06-10 09:21:37,1425.0,335347
2021-06-10 09:21:38,1424.9,335763
2021-06-10 09:21:38,1424.9,335763
2021-06-10 09:21:40,1425.25,337059
2021-06-10 09:21:41,1425.1,337259
2021-06-10 09:21:42,1425.1,337307
2021-06-10 09:21:43,1425.1,337427
2021-06-10 09:21:44,1425.1,337471
2021-06-10 09:21:46,1424.9,337970
2021-06-10 09:21:48,1424.75,340026
2021-06-10 09:21:49,1424.25,340056
2021-06-10 09:21:51,1424.65,340710
2021-06-10 09:21:51,1424.65,340710
2021-06-10 09:21:52,1424.65,340840
2021-06-10 09:21:54,1424.25,340900
2021-06-10 09:21:55,1424.25,341270
2021-06-10 09:21:56,1424.25,341319
2021-06-10 09:21:57,1424.45,341496
2021-06-10 09:21:58,1424.45,341617
2021-06-10 09:22:00,1424.2,341938
2021-06-10 09:22:01,1424.2,341994
2021-06-10 09:22:02,1424.2,342034
2021-06-10 09:22:03,1424.2,342267
2021-06-10 09:22:03,1424.0,342599
2021-06-10 09:22:04,1424.3,342717
2021-06-10 09:22:05,1424.0,342727
2021-06-10 09:22:07,1424.15,343117
2021-06-10 09:22:08,1424.15,343329
2021-06-10 09:22:09,1424.0,343442
2021-06-10 09:22:10,1424.25,343992
2021-06-10 09:22:11,1424.0,344080
2021-06-10 09:22:11,1424.0,344080
2021-06-10 09:22:12,1424.0,344205
2021-06-10 09:22:13,1424.05,344819
2021-06-10 09:22:15,1424.05,345486
2021-06-10 09:22:16,1424.05,345641
2021-06-10 09:22:16,1424.05,345701
2021-06-10 09:22:18,1424.05,346050
2021-06-10 09:22:19,1424.15,347470
2021-06-10 09:22:20,1424.0,348733
2021-06-10 09:22:21,1424.0,348950
2021-06-10 09:22:22,1424.15,350546
2021-06-10 09:22:23,1424.0,350628
2021-06-10 09:22:24,1424.0,351098
2021-06-10 09:22:24,1424.0,351098
2021-06-10 09:22:25,1423.5,351240
2021-06-10 09:22:27,1423.95,351450
2021-06-10 09:22:28,1423.5,351463
2021-06-10 09:22:29,1423.75,352035
2021-06-10 09:22:30,1423.5,352756
2021-06-10 09:22:31,1423.5,353023
2021-06-10 09:22:32,1423.5,353960
2021-06-10 09:22:33,1423.65,353982
2021-06-10 09:22:34,1423.65,354099
2021-06-10 09:22:36,1423.95,354601
2021-06-10 09:22:37,1423.7,354659
2021-06-10 09:22:38,1423.95,354667
2021-06-10 09:22:38,1423.65,354809
2021-06-10 09:22:39,1423.65,354816
2021-06-10 09:22:40,1423.65,355372
2021-06-10 09:22:42,1423.65,355478
2021-06-10 09:22:43,1423.65,355745
2021-06-10 09:22:44,1423.85,355990
2021-06-10 09:22:45,1424.0,358090
2021-06-10 09:22:46,1423.75,358193
2021-06-10 09:22:47,1423.75,358343
2021-06-10 09:22:48,1424.0,360322
2021-06-10 09:22:48,1423.65,358638
2021-06-10 09:22:50,1424.0,360360
2021-06-10 09:22:51,1424.0,360430
2021-06-10 09:22:52,1424.0,360830
2021-06-10 09:22:53,1423.1,363849
2021-06-10 09:22:53,1423.05,364588
2021-06-10 09:22:54,1423.1,364603
2021-06-10 09:22:57,1422.9,365420
2021-06-10 09:22:58,1423.5,365610
2021-06-10 09:23:00,1423.1,365708
2021-06-10 09:23:01,1423.1,365818
2021-06-10 09:23:02,1422.85,365944
2021-06-10 09:23:03,1423.0,366010
2021-06-10 09:23:07,1423.7,368155
2021-06-10 09:23:08,1423.0,369205
2021-06-10 09:23:10,1423.25,369366
2021-06-10 09:23:11,1423.25,369466
2021-06-10 09:23:12,1423.7,369572
2021-06-10 09:23:13,1423.6,369659
2021-06-10 09:23:14,1423.25,369729
2021-06-10 09:23:15,1423.25,369729
2021-06-10 09:23:16,1423.25,369831
2021-06-10 09:23:18,1422.95,370669
2021-06-10 09:23:19,1422.95,370764
2021-06-10 09:23:20,1423.45,371762
2021-06-10 09:23:21,1422.95,371888
2021-06-10 09:23:22,1422.95,372199
2021-06-10 09:23:23,1422.95,372209
2021-06-10 09:23:24,1422.95,372331
2021-06-10 09:23:25,1423.2,372441
2021-06-10 09:23:26,1422.6,373618
2021-06-10 09:23:27,1422.75,374048
2021-06-10 09:23:28,1423.0,374073
2021-06-10 09:23:30,1422.8,374168
2021-06-10 09:23:29,1422.8,374168
2021-06-10 09:23:31,1423.0,374401
2021-06-10 09:23:32,1423.0,374431
2021-06-10 09:23:33,1422.65,374445
2021-06-10 09:23:34,1423.0,374575
2021-06-10 09:23:35,1422.65,374645
2021-06-10 09:23:36,1423.0,375174
2021-06-10 09:23:37,1422.65,375426
2021-06-10 09:23:38,1423.0,375470
2021-06-10 09:23:40,1422.65,375650
2021-06-10 09:23:41,1422.5,375798
2021-06-10 09:23:42,1423.0,377111
2021-06-10 09:23:43,1423.0,377232
2021-06-10 09:23:44,1423.0,377290
2021-06-10 09:23:45,1423.0,377845
2021-06-10 09:23:46,1423.0,378100
2021-06-10 09:23:47,1423.05,378182
2021-06-10 09:23:48,1423.1,378334
2021-06-10 09:23:49,1423.1,378761
2021-06-10 09:23:50,1423.05,379260
2021-06-10 09:23:51,1423.05,379451
2021-06-10 09:23:52,1423.05,379551
2021-06-10 09:23:53,1423.0,379752
2021-06-10 09:23:54,1423.05,379763
2021-06-10 09:23:55,1423.2,380072
2021-06-10 09:23:56,1423.2,380075
2021-06-10 09:23:57,1423.1,380106
2021-06-10 09:23:58,1423.35,380557
2021-06-10 09:23:59,1423.5,380680
2021-06-10 09:24:01,1423.25,380842
2021-06-10 09:24:02,1423.35,380890
2021-06-10 09:24:03,1423.25,381045
2021-06-10 09:24:04,1423.25,381156
2021-06-10 09:24:05,1423.25,381508
2021-06-10 09:24:06,1423.25,381567
2021-06-10 09:24:07,1423.25,381652
2021-06-10 09:24:08,1423.25,381729
2021-06-10 09:24:09,1423.25,382229
2021-06-10 09:24:10,1423.5,383464
2021-06-10 09:24:11,1423.5,383524
2021-06-10 09:24:12,1423.5,383547
2021-06-10 09:24:13,1423.55,384119
2021-06-10 09:24:14,1423.5,384361
2021-06-10 09:24:15,1423.65,384372
2021-06-10 09:24:16,1423.55,384384
2021-06-10 09:24:17,1424.0,384515
2021-06-10 09:24:18,1423.8,384524
2021-06-10 09:24:19,1423.8,384524
2021-06-10 09:24:20,1423.95,384851
2021-06-10 09:24:21,1423.95,384907
2021-06-10 09:24:22,1423.85,384954
2021-06-10 09:24:23,1423.85,384978
2021-06-10 09:24:24,1423.95,385018
2021-06-10 09:24:25,1424.05,387427
2021-06-10 09:24:26,1424.2,387641
2021-06-10 09:24:27,1424.1,387742
2021-06-10 09:24:28,1424.5,388343
2021-06-10 09:24:29,1424.1,388456
2021-06-10 09:24:30,1424.1,388630
2021-06-10 09:24:31,1424.7,388992
2021-06-10 09:24:32,1424.15,389061
2021-06-10 09:24:33,1424.45,389306
2021-06-10 09:24:34,1424.45,389306
2021-06-10 09:24:35,1424.45,389358
2021-06-10 09:24:37,1424.45,394868
2021-06-10 09:24:38,1424.7,395355
2021-06-10 09:24:39,1424.55,395386
2021-06-10 09:24:40,1424.55,395443
2021-06-10 09:24:41,1424.75,395620
2021-06-10 09:24:42,1424.7,395677
2021-06-10 09:24:43,1424.55,395787
2021-06-10 09:24:45,1424.75,398125
2021-06-10 09:24:47,1424.6,398916
2021-06-10 09:24:48,1424.75,399084
2021-06-10 09:24:49,1424.35,399690
2021-06-10 09:24:50,1424.5,399738
2021-06-10 09:24:52,1424.75,399863
2021-06-10 09:24:53,1424.75,399923
2021-06-10 09:24:54,1424.75,399986
2021-06-10 09:24:55,1424.55,399988
2021-06-10 09:24:56,1424.8,400094
2021-06-10 09:24:57,1424.75,400197
2021-06-10 09:24:58,1424.75,400397
2021-06-10 09:24:59,1424.55,401593
2021-06-10 09:25:00,1424.0,401767
2021-06-10 09:25:01,1424.55,401970
2021-06-10 09:25:02,1424.0,401993
2021-06-10 09:25:03,1424.5,402064
2021-06-10 09:25:04,1424.5,402070
2021-06-10 09:25:05,1424.5,402103
2021-06-10 09:25:07,1424.5,402316
2021-06-10 09:25:06,1424.5,402212
2021-06-10 09:25:08,1424.5,402413
2021-06-10 09:25:10,1424.0,402692
2021-06-10 09:25:13,1424.5,403175
2021-06-10 09:25:14,1424.35,403196
2021-06-10 09:25:15,1424.45,403433
2021-06-10 09:25:16,1424.4,403486
2021-06-10 09:25:17,1424.5,403663
2021-06-10 09:25:18,1424.5,403663
2021-06-10 09:25:19,1424.45,403699
2021-06-10 09:25:20,1424.45,403751
2021-06-10 09:25:21,1424.45,404070
2021-06-10 09:25:22,1424.5,404115
2021-06-10 09:25:23,1424.45,404121
2021-06-10 09:25:24,1424.45,404121
2021-06-10 09:25:25,1424.45,404255
2021-06-10 09:25:26,1424.5,404273
2021-06-10 09:25:27,1424.45,404287
2021-06-10 09:25:28,1424.5,404411
2021-06-10 09:25:29,1424.5,404476
2021-06-10 09:25:30,1424.5,404631
2021-06-10 09:25:31,1424.45,404891
2021-06-10 09:25:32,1424.5,405140
2021-06-10 09:25:33,1424.5,405520
2021-06-10 09:25:34,1424.45,406228
2021-06-10 09:25:35,1424.5,406799
2021-06-10 09:25:36,1424.5,407089
2021-06-10 09:25:37,1424.45,409012
2021-06-10 09:25:38,1424.55,409344
2021-06-10 09:25:39,1424.5,410354
2021-06-10 09:25:40,1424.65,410396
2021-06-10 09:25:42,1424.65,410433
2021-06-10 09:25:43,1424.65,410462
2021-06-10 09:25:44,1424.6,411512
2021-06-10 09:25:44,1424.55,411517
2021-06-10 09:25:45,1424.75,411632
2021-06-10 09:25:46,1424.75,411670
2021-06-10 09:25:47,1424.45,413357
2021-06-10 09:25:48,1424.1,413681
2021-06-10 09:25:49,1424.1,413681
2021-06-10 09:25:50,1424.4,413856
2021-06-10 09:25:51,1424.0,415634
2021-06-10 09:25:52,1424.15,415649
2021-06-10 09:25:53,1424.25,416290
2021-06-10 09:25:54,1424.1,416314
2021-06-10 09:25:55,1424.1,416316
2021-06-10 09:25:56,1424.1,416316
2021-06-10 09:25:57,1424.0,416326
2021-06-10 09:25:58,1424.05,416380
2021-06-10 09:25:59,1424.05,416430
2021-06-10 09:26:00,1424.1,416441
2021-06-10 09:26:02,1423.65,417699
2021-06-10 09:26:03,1424.0,418057
2021-06-10 09:26:04,1423.65,418152
2021-06-10 09:26:05,1423.95,418177
2021-06-10 09:26:06,1423.65,418195
2021-06-10 09:26:07,1423.65,418236
2021-06-10 09:26:08,1423.65,420350
2021-06-10 09:26:09,1423.65,420361
2021-06-10 09:26:10,1424.0,420422
2021-06-10 09:26:10,1424.0,420422
2021-06-10 09:26:11,1423.65,420528
2021-06-10 09:26:12,1423.65,420650
2021-06-10 09:26:13,1424.0,420692
2021-06-10 09:26:14,1424.0,420702
2021-06-10 09:26:15,1424.0,420718
2021-06-10 09:26:16,1424.0,420758
2021-06-10 09:26:17,1423.95,420768
2021-06-10 09:26:18,1424.0,420779
2021-06-10 09:26:19,1424.0,421001
2021-06-10 09:26:20,1423.8,421144
2021-06-10 09:26:21,1423.95,421266
2021-06-10 09:26:22,1423.8,421471
2021-06-10 09:26:23,1423.85,421579
2021-06-10 09:26:24,1423.85,421643
2021-06-10 09:26:25,1423.6,421925
2021-06-10 09:26:26,1423.5,421973
2021-06-10 09:26:27,1423.1,421993
2021-06-10 09:26:28,1423.6,422013
2021-06-10 09:26:29,1423.6,422013
2021-06-10 09:26:30,1423.55,422077
2021-06-10 09:26:32,1423.45,422533
2021-06-10 09:26:33,1423.2,423517
2021-06-10 09:26:34,1423.2,423545
2021-06-10 09:26:35,1423.2,423576
2021-06-10 09:26:36,1423.2,424178
2021-06-10 09:26:37,1423.55,424404
2021-06-10 09:26:38,1423.65,424916
2021-06-10 09:26:39,1423.5,425518
2021-06-10 09:26:41,1423.65,425718
2021-06-10 09:26:41,1423.65,425718
2021-06-10 09:26:42,1423.2,425834
2021-06-10 09:26:43,1423.2,425837
2021-06-10 09:26:44,1423.15,425838
2021-06-10 09:26:46,1423.1,426626
2021-06-10 09:26:47,1423.2,426636
2021-06-10 09:26:49,1422.8,427988
2021-06-10 09:26:50,1422.7,429382
2021-06-10 09:26:52,1422.0,431858
2021-06-10 09:26:54,1422.25,432073
2021-06-10 09:26:55,1422.0,432221
2021-06-10 09:26:56,1422.25,432227
2021-06-10 09:26:57,1422.0,432555
2021-06-10 09:26:58,1421.7,433401
2021-06-10 09:26:59,1422.05,433417
2021-06-10 09:27:00,1422.0,433752
2021-06-10 09:27:01,1422.0,433760
2021-06-10 09:27:02,1421.35,434234
2021-06-10 09:27:03,1421.5,434371
2021-06-10 09:27:05,1421.45,434569
2021-06-10 09:27:06,1421.35,434728
2021-06-10 09:27:07,1421.35,434981
2021-06-10 09:27:09,1421.9,435389
2021-06-10 09:27:10,1421.95,435507
2021-06-10 09:27:11,1421.35,435557
2021-06-10 09:27:12,1421.35,435755
2021-06-10 09:27:13,1421.35,435855
2021-06-10 09:27:14,1421.35,436165
2021-06-10 09:27:15,1421.35,436331
2021-06-10 09:27:16,1421.35,436551
2021-06-10 09:27:17,1421.65,436835
2021-06-10 09:27:18,1421.35,437086
2021-06-10 09:27:19,1421.5,437207
2021-06-10 09:27:20,1421.5,437245
2021-06-10 09:27:21,1421.5,437333
2021-06-10 09:27:22,1421.35,438339
2021-06-10 09:27:23,1421.5,438377
2021-06-10 09:27:25,1421.5,439596
2021-06-10 09:27:26,1421.5,440296
2021-06-10 09:27:27,1421.6,440314
2021-06-10 09:27:29,1421.5,440446
2021-06-10 09:27:32,1421.65,440517
2021-06-10 09:27:33,1421.6,440596
2021-06-10 09:27:34,1421.95,441034
2021-06-10 09:27:35,1421.95,441390
2021-06-10 09:27:36,1421.9,441487
2021-06-10 09:27:37,1421.75,441829
2021-06-10 09:27:39,1422.0,442498
2021-06-10 09:27:40,1422.15,442499
2021-06-10 09:27:41,1422.1,442557
2021-06-10 09:27:42,1422.1,442886
2021-06-10 09:27:43,1422.1,442886
2021-06-10 09:27:44,1422.1,442908
2021-06-10 09:27:45,1422.0,443004
2021-06-10 09:27:46,1422.0,443086
2021-06-10 09:27:47,1422.0,443247
2021-06-10 09:27:48,1422.0,443289
2021-06-10 09:27:49,1421.95,443401
2021-06-10 09:27:50,1421.95,443805
2021-06-10 09:27:51,1421.8,443913
2021-06-10 09:27:52,1421.95,443948
2021-06-10 09:27:53,1421.95,443948
2021-06-10 09:27:53,1421.95,443948
2021-06-10 09:27:54,1421.8,444249
2021-06-10 09:27:55,1421.75,444660
2021-06-10 09:27:57,1422.0,444685
2021-06-10 09:27:58,1422.0,444696
2021-06-10 09:27:59,1422.0,444787
2021-06-10 09:28:00,1421.75,444907
2021-06-10 09:28:01,1421.75,444916
2021-06-10 09:28:02,1421.75,444966
2021-06-10 09:28:03,1421.9,445322
2021-06-10 09:28:04,1421.9,445324
2021-06-10 09:28:04,1421.9,445324
2021-06-10 09:28:05,1421.9,445388
2021-06-10 09:28:06,1421.8,445458
2021-06-10 09:28:07,1421.8,445559
2021-06-10 09:28:08,1421.8,445633
2021-06-10 09:28:09,1421.8,445653
2021-06-10 09:28:10,1421.95,445667
2021-06-10 09:28:11,1421.8,445802
2021-06-10 09:28:13,1422.0,447130
2021-06-10 09:28:14,1421.95,447151
2021-06-10 09:28:15,1421.95,447178
2021-06-10 09:28:16,1422.0,447238
2021-06-10 09:28:17,1422.1,447339
2021-06-10 09:28:18,1422.1,447339
2021-06-10 09:28:19,1421.95,447364
2021-06-10 09:28:20,1421.95,447383
2021-06-10 09:28:21,1422.1,447667
2021-06-10 09:28:22,1422.0,447687
2021-06-10 09:28:23,1422.0,447717
2021-06-10 09:28:24,1422.0,447747
2021-06-10 09:28:25,1422.0,447877
2021-06-10 09:28:26,1422.1,448282
2021-06-10 09:28:27,1422.1,448283
2021-06-10 09:28:28,1422.1,448330
2021-06-10 09:28:29,1422.1,448340
2021-06-10 09:28:30,1422.0,448345
2021-06-10 09:28:31,1422.0,448365
2021-06-10 09:28:32,1422.1,448442
2021-06-10 09:28:33,1422.0,448467
2021-06-10 09:28:34,1422.0,448536
2021-06-10 09:28:35,1422.1,448674
2021-06-10 09:28:36,1422.0,448690
2021-06-10 09:28:37,1422.1,448752
2021-06-10 09:28:38,1422.1,449023
2021-06-10 09:28:39,1422.4,449755
2021-06-10 09:28:40,1422.3,449781
2021-06-10 09:28:41,1422.3,449786
2021-06-10 09:28:42,1422.3,449835
2021-06-10 09:28:44,1422.1,450755
2021-06-10 09:28:45,1422.25,450771
2021-06-10 09:28:45,1422.4,450830
2021-06-10 09:28:46,1422.4,450830
2021-06-10 09:28:47,1422.4,450830
2021-06-10 09:28:48,1422.4,450836
2021-06-10 09:28:49,1422.4,451288
2021-06-10 09:28:50,1422.3,451299
2021-06-10 09:28:51,1422.3,451542
2021-06-10 09:28:52,1422.35,451587
2021-06-10 09:28:53,1422.35,451587
2021-06-10 09:28:54,1422.35,451590
2021-06-10 09:28:55,1422.75,452390
2021-06-10 09:28:56,1422.65,452399
2021-06-10 09:28:57,1422.65,452432
2021-06-10 09:28:58,1422.0,453504
2021-06-10 09:28:59,1422.55,453620
2021-06-10 09:29:00,1422.55,453670
2021-06-10 09:29:01,1422.55,453670
2021-06-10 09:29:03,1422.55,453670
2021-06-10 09:29:04,1422.55,454221
2021-06-10 09:29:05,1422.55,454221
2021-06-10 09:29:06,1422.5,455040
2021-06-10 09:29:06,1422.5,455041
2021-06-10 09:29:07,1422.65,455131
2021-06-10 09:29:08,1422.4,455398
2021-06-10 09:29:09,1422.4,455398
2021-06-10 09:29:10,1422.55,455423
2021-06-10 09:29:11,1422.55,455448
2021-06-10 09:29:13,1422.5,455706
2021-06-10 09:29:15,1422.5,456047
2021-06-10 09:29:16,1422.5,456047
2021-06-10 09:29:17,1422.6,456723
2021-06-10 09:29:18,1422.65,456782
2021-06-10 09:29:19,1422.65,456782
2021-06-10 09:29:20,1422.55,456809
2021-06-10 09:29:21,1422.65,456845
2021-06-10 09:29:23,1422.7,457099
2021-06-10 09:29:24,1422.55,457193
2021-06-10 09:29:24,1422.55,457293
2021-06-10 09:29:26,1422.6,457450
2021-06-10 09:29:27,1422.6,457450
2021-06-10 09:29:29,1422.6,457486
2021-06-10 09:29:30,1422.55,457505
2021-06-10 09:29:31,1422.55,457505
2021-06-10 09:29:33,1422.6,460759
2021-06-10 09:29:34,1422.9,461301
2021-06-10 09:29:35,1422.9,461301
2021-06-10 09:29:36,1422.7,462113
2021-06-10 09:29:36,1422.7,462250
2021-06-10 09:29:37,1422.55,462260
2021-06-10 09:29:38,1422.7,462532
2021-06-10 09:29:39,1422.7,462539
2021-06-10 09:29:40,1422.7,462539
2021-06-10 09:29:41,1422.6,462549
2021-06-10 09:29:42,1422.6,462549
2021-06-10 09:29:43,1422.6,462560
2021-06-10 09:29:44,1422.7,462564
2021-06-10 09:29:46,1422.6,463273
2021-06-10 09:29:47,1422.65,463374
2021-06-10 09:29:48,1422.65,463632
2021-06-10 09:29:49,1422.65,463682
2021-06-10 09:29:50,1422.85,463683
2021-06-10 09:29:52,1422.65,464013
2021-06-10 09:29:53,1422.65,464124
2021-06-10 09:29:54,1422.65,464144
2021-06-10 09:29:55,1422.65,464151
2021-06-10 09:29:56,1422.8,464222
2021-06-10 09:29:57,1422.55,464571
2021-06-10 09:29:58,1422.4,464992
2021-06-10 09:29:59,1422.05,465006
2021-06-10 09:30:00,1422.05,465066
2021-06-10 09:30:01,1422.35,465179
2021-06-10 09:30:01,1422.05,465079
2021-06-10 09:30:02,1422.4,465427
2021-06-10 09:30:03,1422.5,465590
2021-06-10 09:30:04,1423.05,466529
2021-06-10 09:30:05,1422.5,466619
2021-06-10 09:30:06,1422.95,466624
2021-06-10 09:30:08,1422.95,467402
2021-06-10 09:30:09,1422.95,467402
2021-06-10 09:30:10,1422.55,467725
2021-06-10 09:30:11,1422.55,467911
2021-06-10 09:30:12,1422.55,467926
2021-06-10 09:30:13,1422.7,467943
2021-06-10 09:30:14,1422.55,468054
2021-06-10 09:30:15,1422.55,468239
2021-06-10 09:30:16,1422.65,468263
2021-06-10 09:30:18,1422.55,468660
2021-06-10 09:30:19,1422.65,468866
2021-06-10 09:30:21,1422.65,469015
2021-06-10 09:30:22,1422.6,469032
2021-06-10 09:30:23,1422.65,469056
2021-06-10 09:30:24,1422.6,469265
2021-06-10 09:30:25,1422.6,469265
2021-06-10 09:30:26,1422.6,469559
2021-06-10 09:30:27,1422.65,469569
2021-06-10 09:30:28,1422.65,469733
2021-06-10 09:30:29,1422.6,469771
2021-06-10 09:30:30,1422.6,470026
2021-06-10 09:30:30,1423.1,471226
2021-06-10 09:30:31,1422.8,471396
2021-06-10 09:30:32,1422.8,471401
2021-06-10 09:30:33,1422.95,471478
2021-06-10 09:30:34,1422.8,471570
2021-06-10 09:30:36,1422.6,472048
2021-06-10 09:30:37,1422.5,472854
2021-06-10 09:30:38,1422.6,473512
2021-06-10 09:30:39,1422.6,473563
2021-06-10 09:30:40,1422.5,473582
2021-06-10 09:30:42,1422.0,473675
2021-06-10 09:30:43,1422.5,473759
2021-06-10 09:30:43,1422.5,473794
2021-06-10 09:30:44,1422.5,473796
2021-06-10 09:30:45,1422.0,473918
2021-06-10 09:30:46,1422.05,474045
2021-06-10 09:30:47,1422.5,474060
2021-06-10 09:30:49,1422.3,474255
2021-06-10 09:30:50,1422.45,474286
2021-06-10 09:30:51,1422.4,474766
2021-06-10 09:30:52,1422.5,474902
2021-06-10 09:30:53,1422.05,474944
2021-06-10 09:30:54,1422.05,474944
2021-06-10 09:30:55,1422.5,474969
2021-06-10 09:30:56,1422.05,474994
2021-06-10 09:30:57,1422.45,475172
2021-06-10 09:30:59,1422.45,475425
2021-06-10 09:31:00,1422.45,476059
2021-06-10 09:31:01,1422.0,476569
2021-06-10 09:31:02,1422.45,476572
2021-06-10 09:31:03,1422.5,476574
2021-06-10 09:31:04,1422.45,476638
2021-06-10 09:31:05,1422.7,476689
2021-06-10 09:31:07,1422.0,476888
2021-06-10 09:31:07,1422.0,477358
2021-06-10 09:31:09,1422.35,477383
2021-06-10 09:31:10,1422.0,478057
2021-06-10 09:31:11,1422.0,478297
2021-06-10 09:31:12,1422.3,478393
2021-06-10 09:31:13,1422.0,478441
2021-06-10 09:31:14,1422.0,478521
2021-06-10 09:31:15,1422.45,479021
2021-06-10 09:31:16,1422.4,479036
2021-06-10 09:31:17,1422.4,479048
2021-06-10 09:31:19,1422.45,479093
2021-06-10 09:31:20,1422.2,479143
2021-06-10 09:31:21,1422.2,479150
2021-06-10 09:31:22,1422.45,479158
2021-06-10 09:31:23,1422.45,479158
2021-06-10 09:31:24,1422.45,479158
2021-06-10 09:31:25,1422.45,479158
2021-06-10 09:31:26,1422.45,479158
2021-06-10 09:31:27,1422.2,479188
2021-06-10 09:31:28,1422.2,479193
2021-06-10 09:31:29,1422.2,479831
2021-06-10 09:31:30,1422.2,479849
2021-06-10 09:31:30,1422.2,479849
2021-06-10 09:31:31,1421.9,481449
2021-06-10 09:31:32,1422.0,482003
2021-06-10 09:31:33,1421.6,482008
2021-06-10 09:31:34,1422.0,482329
2021-06-10 09:31:35,1421.55,482616
2021-06-10 09:31:36,1421.6,482622
2021-06-10 09:31:37,1421.95,482663
2021-06-10 09:31:38,1421.9,482723
2021-06-10 09:31:39,1421.6,482724
2021-06-10 09:31:40,1421.5,483931
2021-06-10 09:31:41,1421.8,484146
2021-06-10 09:31:42,1421.5,484152
2021-06-10 09:31:44,1421.6,486239
2021-06-10 09:31:47,1421.65,486369
2021-06-10 09:31:48,1421.5,486504
2021-06-10 09:31:49,1421.5,486516
2021-06-10 09:31:50,1421.5,486544
2021-06-10 09:31:51,1421.5,486557
2021-06-10 09:31:52,1421.5,486583
2021-06-10 09:31:53,1421.6,486696
2021-06-10 09:31:54,1421.5,487431
2021-06-10 09:31:55,1421.55,487950
2021-06-10 09:31:55,1421.55,487481
2021-06-10 09:31:56,1421.0,491354
2021-06-10 09:31:57,1421.0,491973
2021-06-10 09:31:58,1421.0,492173
2021-06-10 09:31:59,1421.0,492247
2021-06-10 09:32:00,1421.0,492439
2021-06-10 09:32:02,1421.0,492524
2021-06-10 09:32:03,1421.0,492539
2021-06-10 09:32:05,1421.0,493167
2021-06-10 09:32:07,1421.3,493478
2021-06-10 09:32:08,1421.0,493540
2021-06-10 09:32:09,1421.0,493848
2021-06-10 09:32:10,1421.0,494551
2021-06-10 09:32:11,1421.3,494656
2021-06-10 09:32:13,1421.0,494660
2021-06-10 09:32:13,1421.0,494660
2021-06-10 09:32:14,1421.0,494735
2021-06-10 09:32:15,1421.0,494800
2021-06-10 09:32:16,1421.3,495088
2021-06-10 09:32:18,1421.05,495106
2021-06-10 09:32:19,1421.05,495163
2021-06-10 09:32:20,1421.15,495337
2021-06-10 09:32:21,1421.0,496927
2021-06-10 09:32:22,1421.15,496937
2021-06-10 09:32:24,1420.0,506927
2021-06-10 09:32:25,1420.0,508315
2021-06-10 09:32:25,1420.0,508310
2021-06-10 09:32:26,1420.0,508489
2021-06-10 09:32:28,1420.45,509960
2021-06-10 09:32:29,1420.0,510184
2021-06-10 09:32:31,1420.0,510453
2021-06-10 09:32:32,1420.0,510913
2021-06-10 09:32:34,1420.45,511222
2021-06-10 09:32:36,1420.25,512260
2021-06-10 09:32:36,1420.25,512260
2021-06-10 09:32:37,1420.0,512406
2021-06-10 09:32:38,1420.4,512414
2021-06-10 09:32:40,1420.25,512762
2021-06-10 09:32:41,1420.25,512768
2021-06-10 09:32:42,1420.25,512904
2021-06-10 09:32:43,1420.35,512958
2021-06-10 09:32:44,1420.0,513356
2021-06-10 09:32:45,1420.0,513503
2021-06-10 09:32:46,1420.0,513806
2021-06-10 09:32:47,1420.25,513863
2021-06-10 09:32:48,1420.0,513864
2021-06-10 09:32:49,1420.0,514430
2021-06-10 09:32:50,1420.0,514462
2021-06-10 09:32:51,1420.0,514970
2021-06-10 09:32:52,1420.15,515095
2021-06-10 09:32:54,1420.0,515161
2021-06-10 09:32:55,1420.15,515577
2021-06-10 09:32:56,1420.15,515612
2021-06-10 09:32:57,1420.0,515638
2021-06-10 09:32:59,1420.0,515762
2021-06-10 09:33:00,1420.25,516558
2021-06-10 09:33:01,1420.25,516606
2021-06-10 09:33:02,1420.25,516606
2021-06-10 09:33:03,1420.05,516614
2021-06-10 09:33:04,1420.05,516615
2021-06-10 09:33:05,1420.05,516920
2021-06-10 09:33:05,1420.05,516926
2021-06-10 09:33:07,1420.05,516978
2021-06-10 09:33:08,1420.5,523579
2021-06-10 09:33:09,1421.0,525278
2021-06-10 09:33:10,1420.55,525434
2021-06-10 09:33:11,1421.2,525935
2021-06-10 09:33:12,1421.05,525938
2021-06-10 09:33:13,1420.65,526041
2021-06-10 09:33:15,1420.9,526214
2021-06-10 09:33:16,1420.9,526270
2021-06-10 09:33:17,1420.9,526270
2021-06-10 09:33:18,1420.65,526414
2021-06-10 09:33:19,1420.9,526452
2021-06-10 09:33:20,1420.9,526453
2021-06-10 09:33:21,1420.7,526460
2021-06-10 09:33:22,1420.7,526543
2021-06-10 09:33:23,1420.7,526598
2021-06-10 09:33:24,1420.7,526624
2021-06-10 09:33:25,1421.0,526640
2021-06-10 09:33:26,1421.0,526945
2021-06-10 09:33:27,1421.0,526945
2021-06-10 09:33:28,1421.0,527275
2021-06-10 09:33:28,1421.0,527275
2021-06-10 09:33:29,1420.9,527451
2021-06-10 09:33:30,1420.9,527456
2021-06-10 09:33:33,1421.0,527535
2021-06-10 09:33:33,1421.0,527535
2021-06-10 09:33:35,1420.9,527558
2021-06-10 09:33:35,1421.0,527549
2021-06-10 09:33:37,1421.0,527609
2021-06-10 09:33:38,1421.0,527609
2021-06-10 09:33:38,1420.95,527610
2021-06-10 09:33:39,1420.95,527631
2021-06-10 09:33:40,1420.9,527639
2021-06-10 09:33:42,1420.9,527875
2021-06-10 09:33:43,1420.95,528066
2021-06-10 09:33:43,1420.95,528066
2021-06-10 09:33:44,1420.95,528097
2021-06-10 09:33:46,1420.95,528647
2021-06-10 09:33:47,1420.9,529695
2021-06-10 09:33:48,1420.95,529718
2021-06-10 09:33:49,1420.95,529818
2021-06-10 09:33:50,1420.9,530038
2021-06-10 09:33:52,1420.95,530202
2021-06-10 09:33:54,1420.9,530215
2021-06-10 09:33:55,1420.9,530306
2021-06-10 09:33:56,1420.95,530336
2021-06-10 09:33:57,1420.95,530341
2021-06-10 09:33:58,1420.9,530407
2021-06-10 09:33:59,1420.95,531027
2021-06-10 09:33:59,1420.95,531027
2021-06-10 09:34:00,1420.9,531124
2021-06-10 09:34:02,1420.95,531232
2021-06-10 09:34:03,1420.9,531442
2021-06-10 09:34:04,1420.9,531442
2021-06-10 09:34:05,1420.95,531579
2021-06-10 09:34:06,1420.9,531589
2021-06-10 09:34:07,1420.9,531598
2021-06-10 09:34:08,1420.95,532059
2021-06-10 09:34:09,1421.2,534588
2021-06-10 09:34:10,1421.6,534701
2021-06-10 09:34:11,1421.6,535213
2021-06-10 09:34:12,1421.55,535747
2021-06-10 09:34:13,1421.55,536007
2021-06-10 09:34:14,1421.7,536080
2021-06-10 09:34:15,1421.7,536420
2021-06-10 09:34:16,1421.55,536746
2021-06-10 09:34:17,1421.75,537076
2021-06-10 09:34:18,1421.75,537181
2021-06-10 09:34:20,1421.8,538368
2021-06-10 09:34:21,1421.8,538369
2021-06-10 09:34:22,1421.95,538379
2021-06-10 09:34:23,1421.8,538421
2021-06-10 09:34:24,1421.8,538421
2021-06-10 09:34:25,1421.8,538458
2021-06-10 09:34:26,1421.95,538548
2021-06-10 09:34:27,1421.8,539497
2021-06-10 09:34:28,1421.8,540151
2021-06-10 09:34:29,1421.85,540251
2021-06-10 09:34:30,1421.8,540306
2021-06-10 09:34:31,1421.8,540737
2021-06-10 09:34:32,1421.8,540827
2021-06-10 09:34:33,1421.8,540858
2021-06-10 09:34:34,1421.8,540988
2021-06-10 09:34:35,1421.8,541152
2021-06-10 09:34:36,1421.85,541162
2021-06-10 09:34:37,1421.85,541215
2021-06-10 09:34:38,1421.85,541354
2021-06-10 09:34:39,1421.8,541379
2021-06-10 09:34:40,1421.8,541384
2021-06-10 09:34:41,1421.8,541444
2021-06-10 09:34:42,1421.85,541494
2021-06-10 09:34:43,1421.8,542081
2021-06-10 09:34:45,1421.8,542265
2021-06-10 09:34:46,1421.8,542275
2021-06-10 09:34:47,1422.2,544922
2021-06-10 09:34:48,1422.15,545145
2021-06-10 09:34:49,1422.2,545195
2021-06-10 09:34:50,1422.2,545218
2021-06-10 09:34:51,1422.15,545268
2021-06-10 09:34:52,1422.2,545273
2021-06-10 09:34:53,1422.15,545563
2021-06-10 09:34:54,1422.15,545563
2021-06-10 09:34:55,1421.9,545816
2021-06-10 09:34:56,1422.2,546027
2021-06-10 09:34:57,1422.05,548055
2021-06-10 09:34:58,1422.05,548245
2021-06-10 09:34:59,1422.15,548369
2021-06-10 09:35:00,1422.15,548369
2021-06-10 09:35:01,1422.05,548377
2021-06-10 09:35:02,1422.15,548441
2021-06-10 09:35:03,1422.15,548441
2021-06-10 09:35:04,1422.05,548520
2021-06-10 09:35:05,1422.7,549123
2021-06-10 09:35:06,1422.5,549135
2021-06-10 09:35:07,1422.5,549161
2021-06-10 09:35:08,1422.5,549366
2021-06-10 09:35:09,1422.5,549368
2021-06-10 09:35:10,1422.5,551074
2021-06-10 09:35:11,1422.55,551374
2021-06-10 09:35:12,1422.55,551379
2021-06-10 09:35:13,1422.55,551379
2021-06-10 09:35:15,1422.6,551410
2021-06-10 09:35:16,1422.6,552179
2021-06-10 09:35:17,1422.7,552559
2021-06-10 09:35:18,1422.6,553023
2021-06-10 09:35:19,1422.65,553161
2021-06-10 09:35:20,1422.65,553177
2021-06-10 09:35:21,1422.7,553193
2021-06-10 09:35:22,1422.7,553199
2021-06-10 09:35:23,1422.65,553402
2021-06-10 09:35:24,1422.7,553754
2021-06-10 09:35:25,1422.65,553854
2021-06-10 09:35:26,1422.55,553889
2021-06-10 09:35:27,1422.55,553949
2021-06-10 09:35:28,1422.55,553964
2021-06-10 09:35:29,1422.65,553966
2021-06-10 09:35:30,1422.5,554685
2021-06-10 09:35:31,1422.5,554685
2021-06-10 09:35:32,1422.5,554705
2021-06-10 09:35:33,1422.6,554726
2021-06-10 09:35:34,1422.55,555081
2021-06-10 09:35:35,1422.25,556241
2021-06-10 09:35:36,1422.25,556377
2021-06-10 09:35:37,1422.05,556459
2021-06-10 09:35:38,1422.3,556485
2021-06-10 09:35:39,1422.05,556636
2021-06-10 09:35:40,1422.05,556636
2021-06-10 09:35:41,1422.35,556676
2021-06-10 09:35:42,1422.05,556772
2021-06-10 09:35:44,1421.45,557324
2021-06-10 09:35:45,1422.05,557326
2021-06-10 09:35:46,1422.05,557575
2021-06-10 09:35:47,1422.05,557575
2021-06-10 09:35:48,1422.2,557600
2021-06-10 09:35:49,1421.7,557615
2021-06-10 09:35:50,1422.05,557668
2021-06-10 09:35:51,1421.95,557671
2021-06-10 09:35:52,1422.0,557672
2021-06-10 09:35:53,1422.0,557672
2021-06-10 09:35:54,1422.0,557841
2021-06-10 09:35:55,1422.05,557994
2021-06-10 09:35:56,1422.05,558026
2021-06-10 09:35:57,1422.0,558027
2021-06-10 09:35:58,1422.0,559320
2021-06-10 09:35:59,1422.05,559791
2021-06-10 09:36:01,1422.0,559898
2021-06-10 09:36:00,1422.0,559888
2021-06-10 09:36:02,1422.25,559968
2021-06-10 09:36:03,1422.25,560012
2021-06-10 09:36:04,1422.1,560014
2021-06-10 09:36:05,1422.1,560017
2021-06-10 09:36:06,1422.25,560068
2021-06-10 09:36:08,1422.2,560288
2021-06-10 09:36:09,1422.1,560294
2021-06-10 09:36:10,1422.1,560433
2021-06-10 09:36:11,1422.2,560705
2021-06-10 09:36:12,1422.15,560715
2021-06-10 09:36:13,1422.2,560768
2021-06-10 09:36:14,1422.15,560868
2021-06-10 09:36:15,1422.15,560873
2021-06-10 09:36:17,1422.25,561054
2021-06-10 09:36:18,1422.15,561289
2021-06-10 09:36:20,1422.2,561319
2021-06-10 09:36:20,1422.2,561319
2021-06-10 09:36:21,1422.2,561319
2021-06-10 09:36:22,1422.2,561319
2021-06-10 09:36:23,1422.2,561419
2021-06-10 09:36:24,1422.25,561580
2021-06-10 09:36:25,1422.25,561580
2021-06-10 09:36:26,1422.25,561606
2021-06-10 09:36:28,1422.25,561915
2021-06-10 09:36:29,1422.2,562120
2021-06-10 09:36:30,1422.35,562125
2021-06-10 09:36:31,1422.35,562135
2021-06-10 09:36:33,1422.4,562324
2021-06-10 09:36:33,1422.45,562274
2021-06-10 09:36:34,1422.35,562366
2021-06-10 09:36:36,1422.2,562964
2021-06-10 09:36:37,1422.3,563029
2021-06-10 09:36:38,1422.3,563150
2021-06-10 09:36:39,1422.2,563301
2021-06-10 09:36:42,1422.4,563524
2021-06-10 09:36:42,1422.4,563524
2021-06-10 09:36:43,1422.35,563529
2021-06-10 09:36:44,1422.2,564029
2021-06-10 09:36:45,1422.2,564029
2021-06-10 09:36:46,1422.4,564042
2021-06-10 09:36:47,1422.4,564042
2021-06-10 09:36:49,1422.35,564160
2021-06-10 09:36:49,1422.35,564160
2021-06-10 09:36:51,1422.4,564454
2021-06-10 09:36:52,1422.4,564554
2021-06-10 09:36:53,1422.35,564567
2021-06-10 09:36:54,1422.0,565663
2021-06-10 09:36:55,1422.35,565713
2021-06-10 09:36:56,1422.4,565845
2021-06-10 09:36:57,1422.0,565898
2021-06-10 09:36:58,1422.4,565899
2021-06-10 09:36:59,1422.4,565899
2021-06-10 09:37:01,1422.4,566019
2021-06-10 09:37:02,1422.4,566071
2021-06-10 09:37:03,1422.1,566242
2021-06-10 09:37:04,1422.1,566302
2021-06-10 09:37:06,1422.1,566308
2021-06-10 09:37:06,1422.1,566308
2021-06-10 09:37:07,1422.1,566308
2021-06-10 09:37:08,1422.35,566514
2021-06-10 09:37:09,1422.05,566526
2021-06-10 09:37:10,1422.35,566530
2021-06-10 09:37:11,1422.35,566542
2021-06-10 09:37:12,1422.3,566554
2021-06-10 09:37:13,1422.15,566608
2021-06-10 09:37:15,1422.35,567201
2021-06-10 09:37:16,1422.3,567211
2021-06-10 09:37:16,1422.3,567211
2021-06-10 09:37:17,1422.35,567242
2021-06-10 09:37:18,1422.35,567315
2021-06-10 09:37:21,1422.35,567371
2021-06-10 09:37:23,1422.1,567682
2021-06-10 09:37:23,1422.35,567371
2021-06-10 09:37:24,1422.1,567785
2021-06-10 09:37:25,1422.1,567785
2021-06-10 09:37:26,1422.1,567792
2021-06-10 09:37:27,1422.1,567792
2021-06-10 09:37:28,1422.1,567892
2021-06-10 09:37:31,1422.3,568000
2021-06-10 09:37:31,1422.1,567991
2021-06-10 09:37:32,1422.3,568281
2021-06-10 09:37:33,1422.1,568634
2021-06-10 09:37:34,1422.05,568719
2021-06-10 09:37:35,1422.3,568725
2021-06-10 09:37:36,1422.05,568731
2021-06-10 09:37:37,1422.3,568732
2021-06-10 09:37:38,1422.3,568732
2021-06-10 09:37:39,1422.0,568934
2021-06-10 09:37:40,1422.1,568971
2021-06-10 09:37:41,1422.15,569027
2021-06-10 09:37:42,1422.15,569027
2021-06-10 09:37:43,1422.3,570077
2021-06-10 09:37:44,1422.3,570103
2021-06-10 09:37:45,1422.0,570140
2021-06-10 09:37:46,1422.0,570146
2021-06-10 09:37:47,1422.25,570162
2021-06-10 09:37:48,1422.15,570163
2021-06-10 09:37:49,1422.15,570163
2021-06-10 09:37:50,1422.15,570190
2021-06-10 09:37:52,1422.25,570201
2021-06-10 09:37:53,1422.15,570221
2021-06-10 09:37:54,1422.15,570361
2021-06-10 09:37:55,1422.15,570365
2021-06-10 09:37:56,1422.15,570365
2021-06-10 09:37:57,1422.15,570388
2021-06-10 09:37:58,1422.15,570488
2021-06-10 09:37:59,1422.25,571515
2021-06-10 09:38:00,1422.0,571532
2021-06-10 09:38:02,1422.25,572122
2021-06-10 09:38:03,1422.0,572271
2021-06-10 09:38:04,1422.15,572296
2021-06-10 09:38:05,1422.15,572296
2021-06-10 09:38:07,1422.1,572308
2021-06-10 09:38:08,1422.1,572319
2021-06-10 09:38:09,1422.05,572521
2021-06-10 09:38:09,1422.25,572571
2021-06-10 09:38:11,1422.15,572613
2021-06-10 09:38:12,1422.1,572743
2021-06-10 09:38:14,1422.85,578778
2021-06-10 09:38:15,1422.85,579410
2021-06-10 09:38:16,1423.0,579856
2021-06-10 09:38:17,1423.0,580954
2021-06-10 09:38:18,1423.05,580991
2021-06-10 09:38:20,1423.05,581048
2021-06-10 09:38:20,1423.0,581042
2021-06-10 09:38:22,1423.0,581266
2021-06-10 09:38:23,1423.0,581266
2021-06-10 09:38:23,1423.2,581431
2021-06-10 09:38:25,1423.5,582098
2021-06-10 09:38:25,1423.2,581890
2021-06-10 09:38:26,1423.7,582151
2021-06-10 09:38:27,1423.1,582365
2021-06-10 09:38:28,1423.1,582435
2021-06-10 09:38:29,1423.55,582545
2021-06-10 09:38:30,1423.1,582557
2021-06-10 09:38:32,1423.1,582607
2021-06-10 09:38:33,1423.35,582619
2021-06-10 09:38:34,1423.35,582776
2021-06-10 09:38:34,1423.1,582769
2021-06-10 09:38:35,1423.1,582882
2021-06-10 09:38:36,1423.35,582921
2021-06-10 09:38:37,1423.1,583070
2021-06-10 09:38:38,1423.1,583070
2021-06-10 09:38:39,1423.1,583280
2021-06-10 09:38:40,1423.1,583280
2021-06-10 09:38:41,1423.1,583280
2021-06-10 09:38:42,1423.2,583283
2021-06-10 09:38:43,1423.2,583304
2021-06-10 09:38:44,1423.35,583394
2021-06-10 09:38:45,1423.35,583423
2021-06-10 09:38:47,1423.1,584352
2021-06-10 09:38:47,1423.1,584352
2021-06-10 09:38:48,1423.15,584652
2021-06-10 09:38:50,1423.15,584704
2021-06-10 09:38:51,1423.3,584913
2021-06-10 09:38:51,1423.3,584913
2021-06-10 09:38:52,1423.3,584913
2021-06-10 09:38:54,1423.3,584987
2021-06-10 09:38:54,1423.15,585011
2021-06-10 09:38:55,1423.15,585013
2021-06-10 09:38:56,1423.1,585616
2021-06-10 09:38:57,1423.25,585621
2021-06-10 09:38:58,1423.25,585621
2021-06-10 09:38:59,1423.25,585740
2021-06-10 09:39:00,1423.1,585842
2021-06-10 09:39:01,1423.1,585902
2021-06-10 09:39:02,1423.15,585940
2021-06-10 09:39:03,1423.1,585985
2021-06-10 09:39:04,1423.1,586013
2021-06-10 09:39:05,1423.15,586052
2021-06-10 09:39:06,1423.25,586318
2021-06-10 09:39:07,1423.25,586318
2021-06-10 09:39:08,1423.25,586347
2021-06-10 09:39:09,1423.15,586349
2021-06-10 09:39:10,1423.25,586359
2021-06-10 09:39:11,1423.15,586364
2021-06-10 09:39:12,1423.15,586585
2021-06-10 09:39:14,1423.2,586636
2021-06-10 09:39:15,1423.15,586638
2021-06-10 09:39:15,1423.2,586668
2021-06-10 09:39:16,1423.15,586672
2021-06-10 09:39:18,1423.15,586949
2021-06-10 09:39:18,1423.15,586952
2021-06-10 09:39:20,1423.15,587357
2021-06-10 09:39:20,1423.15,587357
2021-06-10 09:39:21,1423.15,587403
2021-06-10 09:39:22,1423.15,590901
2021-06-10 09:39:23,1423.15,590910
2021-06-10 09:39:24,1423.2,590917
2021-06-10 09:39:25,1423.15,591219
2021-06-10 09:39:26,1423.25,591222
2021-06-10 09:39:27,1423.25,591222
2021-06-10 09:39:28,1423.25,591428
2021-06-10 09:39:29,1423.25,591542
2021-06-10 09:39:31,1423.25,592114
2021-06-10 09:39:32,1423.2,592117
2021-06-10 09:39:33,1423.2,592147
2021-06-10 09:39:33,1423.25,592157
2021-06-10 09:39:34,1423.25,592174
2021-06-10 09:39:35,1423.2,592221
2021-06-10 09:39:36,1423.2,592221
2021-06-10 09:39:37,1423.25,592269
2021-06-10 09:39:38,1423.2,592547
2021-06-10 09:39:39,1423.25,592551
2021-06-10 09:39:40,1423.25,592553
2021-06-10 09:39:41,1423.25,592554
2021-06-10 09:39:42,1423.2,592645
2021-06-10 09:39:43,1423.3,592947
2021-06-10 09:39:44,1423.25,593045
2021-06-10 09:39:46,1423.25,593051
2021-06-10 09:39:47,1423.2,593059
2021-06-10 09:39:48,1423.25,593129
2021-06-10 09:39:48,1423.25,593129
2021-06-10 09:39:49,1423.2,593139
2021-06-10 09:39:50,1423.2,593423
2021-06-10 09:39:51,1423.25,593544
2021-06-10 09:39:53,1423.1,594209
2021-06-10 09:39:55,1423.15,594309
2021-06-10 09:39:55,1423.15,594309
2021-06-10 09:39:56,1423.15,594319
2021-06-10 09:39:57,1423.15,594319
2021-06-10 09:39:58,1423.15,594381
2021-06-10 09:39:59,1423.15,594381
2021-06-10 09:40:01,1422.4,596142
2021-06-10 09:40:02,1422.4,596153
2021-06-10 09:40:02,1422.5,596186
2021-06-10 09:40:04,1422.15,596674
2021-06-10 09:40:05,1422.0,596919
2021-06-10 09:40:06,1422.5,596928
2021-06-10 09:40:07,1422.05,596954
2021-06-10 09:40:09,1422.05,597061
2021-06-10 09:40:10,1422.05,597061
2021-06-10 09:40:11,1422.05,597080
2021-06-10 09:40:12,1422.4,597173
2021-06-10 09:40:13,1422.4,597197
2021-06-10 09:40:14,1422.4,597197
2021-06-10 09:40:15,1422.5,597241
2021-06-10 09:40:16,1422.4,597246
2021-06-10 09:40:17,1422.4,597246
2021-06-10 09:40:18,1422.4,597296
2021-06-10 09:40:20,1422.4,597328
2021-06-10 09:40:20,1422.45,597405
2021-06-10 09:40:22,1422.3,597511
2021-06-10 09:40:22,1422.5,597556
2021-06-10 09:40:23,1422.5,597556
2021-06-10 09:40:24,1422.5,597656
2021-06-10 09:40:25,1422.5,597696
2021-06-10 09:40:26,1422.5,597696
2021-06-10 09:40:27,1422.5,597709
2021-06-10 09:40:28,1422.5,597724
2021-06-10 09:40:29,1422.5,597724
2021-06-10 09:40:31,1422.45,597801
2021-06-10 09:40:32,1422.45,597801
2021-06-10 09:40:33,1422.5,597907
2021-06-10 09:40:33,1422.5,597907
2021-06-10 09:40:35,1422.35,598978
2021-06-10 09:40:36,1422.35,598994
2021-06-10 09:40:37,1422.35,599004
2021-06-10 09:40:38,1422.35,599004
2021-06-10 09:40:39,1422.35,599014
2021-06-10 09:40:41,1422.3,599089
2021-06-10 09:40:42,1422.35,599149
2021-06-10 09:40:43,1422.3,599164
2021-06-10 09:40:44,1422.15,599989
2021-06-10 09:40:44,1422.45,600044
2021-06-10 09:40:46,1422.45,600545
2021-06-10 09:40:47,1422.45,600730
2021-06-10 09:40:47,1422.45,600730
2021-06-10 09:40:48,1422.45,600730
2021-06-10 09:40:49,1422.35,600731
2021-06-10 09:40:51,1422.35,600739
2021-06-10 09:40:52,1422.45,600839
2021-06-10 09:40:53,1422.45,600864
2021-06-10 09:40:54,1422.45,600874
2021-06-10 09:40:56,1422.35,600974
2021-06-10 09:40:56,1422.45,600995
2021-06-10 09:40:58,1422.35,601024
2021-06-10 09:40:59,1422.35,601024
2021-06-10 09:41:00,1422.45,601353
2021-06-10 09:41:01,1422.5,601383
2021-06-10 09:41:02,1422.5,601573
2021-06-10 09:41:03,1422.35,601674
2021-06-10 09:41:04,1422.35,601674
2021-06-10 09:41:05,1422.5,601983
2021-06-10 09:41:05,1422.5,601983
2021-06-10 09:41:07,1422.45,602046
2021-06-10 09:41:08,1422.45,602071
2021-06-10 09:41:10,1422.4,602079
2021-06-10 09:41:11,1422.0,603079
2021-06-10 09:41:12,1422.4,603089
2021-06-10 09:41:13,1422.4,603089
2021-06-10 09:41:14,1422.4,603089
2021-06-10 09:41:15,1422.4,603094
2021-06-10 09:41:16,1422.4,603119
2021-06-10 09:41:18,1422.45,603124
2021-06-10 09:41:19,1422.4,603126
2021-06-10 09:41:20,1422.4,603126
2021-06-10 09:41:21,1422.4,603156
2021-06-10 09:41:21,1422.4,603156
2021-06-10 09:41:23,1422.4,603758
2021-06-10 09:41:24,1422.0,603990
2021-06-10 09:41:24,1422.0,603990
2021-06-10 09:41:26,1422.0,604121
2021-06-10 09:41:27,1422.0,604121
2021-06-10 09:41:28,1422.0,604223
2021-06-10 09:41:29,1422.0,604223
2021-06-10 09:41:30,1422.0,604233
2021-06-10 09:41:31,1422.0,604237
2021-06-10 09:41:32,1422.0,604267
2021-06-10 09:41:32,1422.4,604272
2021-06-10 09:41:34,1422.4,604334
2021-06-10 09:41:34,1422.4,604334
2021-06-10 09:41:35,1422.05,604350
2021-06-10 09:41:37,1422.05,604350
2021-06-10 09:41:38,1422.45,604487
2021-06-10 09:41:39,1422.1,604493
2021-06-10 09:41:40,1422.45,604545
2021-06-10 09:41:41,1422.45,604545
2021-06-10 09:41:42,1422.1,604546
2021-06-10 09:41:43,1422.1,604546
2021-06-10 09:41:44,1422.4,604708
2021-06-10 09:41:46,1422.4,604808
2021-06-10 09:41:47,1422.4,604808
2021-06-10 09:41:48,1422.1,604820
2021-06-10 09:41:49,1422.1,604920
2021-06-10 09:41:50,1422.4,604971
2021-06-10 09:41:51,1422.4,605053
2021-06-10 09:41:52,1422.0,605741
2021-06-10 09:41:52,1422.0,605859
2021-06-10 09:41:54,1422.0,605919
2021-06-10 09:41:54,1422.0,605919
2021-06-10 09:41:56,1422.0,605968
2021-06-10 09:41:57,1422.0,606043
2021-06-10 09:41:58,1422.0,606047
2021-06-10 09:41:59,1421.8,606058
2021-06-10 09:42:00,1421.8,606065
2021-06-10 09:42:02,1422.0,606099
2021-06-10 09:42:03,1421.6,606377
2021-06-10 09:42:04,1421.6,606417
2021-06-10 09:42:05,1422.0,606437
2021-06-10 09:42:06,1422.1,606911
2021-06-10 09:42:07,1422.1,607006
2021-06-10 09:42:08,1422.1,607068
2021-06-10 09:42:09,1422.1,607075
2021-06-10 09:42:10,1422.1,607075
2021-06-10 09:42:11,1422.1,607076
2021-06-10 09:42:12,1422.0,607156
2021-06-10 09:42:12,1422.0,607156
2021-06-10 09:42:13,1422.0,607212
2021-06-10 09:42:15,1421.65,607538
2021-06-10 09:42:15,1421.65,607538
2021-06-10 09:42:16,1422.1,607543
2021-06-10 09:42:18,1422.2,607548
2021-06-10 09:42:18,1422.2,607548
2021-06-10 09:42:19,1422.2,607819
2021-06-10 09:42:20,1422.1,607823
2021-06-10 09:42:22,1422.1,607823
2021-06-10 09:42:22,1422.1,607874
2021-06-10 09:42:24,1422.4,608560
2021-06-10 09:42:25,1422.4,608570
2021-06-10 09:42:26,1422.3,609310
2021-06-10 09:42:27,1422.1,609341
2021-06-10 09:42:27,1422.1,609356
2021-06-10 09:42:28,1422.35,609365
2021-06-10 09:42:29,1422.1,609368
2021-06-10 09:42:31,1422.1,609412
2021-06-10 09:42:31,1422.35,609663
2021-06-10 09:42:32,1422.1,609672
2021-06-10 09:42:33,1422.1,610290
2021-06-10 09:42:35,1421.8,610294
2021-06-10 09:42:35,1421.8,610301
2021-06-10 09:42:37,1422.0,610302
2021-06-10 09:42:38,1422.0,610307
2021-06-10 09:42:39,1422.0,610308
2021-06-10 09:42:40,1422.0,610437
2021-06-10 09:42:41,1422.0,610437
2021-06-10 09:42:41,1421.8,610469
2021-06-10 09:42:43,1422.0,610474
2021-06-10 09:42:44,1422.0,610494
2021-06-10 09:42:45,1421.8,610538
2021-06-10 09:42:46,1422.0,610679
2021-06-10 09:42:47,1422.0,610679
2021-06-10 09:42:48,1422.0,610695
2021-06-10 09:42:49,1422.0,610811
2021-06-10 09:42:50,1422.0,611642
2021-06-10 09:42:51,1421.8,611861
2021-06-10 09:42:52,1421.8,612018
2021-06-10 09:42:53,1422.0,612023
2021-06-10 09:42:54,1421.8,612035
2021-06-10 09:42:55,1421.8,612035
2021-06-10 09:42:56,1422.0,612058
2021-06-10 09:42:57,1422.0,612109
2021-06-10 09:42:58,1422.0,612110
2021-06-10 09:42:59,1422.0,612110
2021-06-10 09:43:00,1421.8,612124
2021-06-10 09:43:01,1421.8,612174
2021-06-10 09:43:02,1421.8,612605
2021-06-10 09:43:03,1421.8,612624
2021-06-10 09:43:04,1421.8,612624
2021-06-10 09:43:05,1422.1,612881
2021-06-10 09:43:06,1422.15,612912
2021-06-10 09:43:07,1422.1,613197
2021-06-10 09:43:08,1422.0,613415
2021-06-10 09:43:08,1422.0,613444
2021-06-10 09:43:09,1422.0,613444
2021-06-10 09:43:10,1422.0,613500
2021-06-10 09:43:11,1422.2,613660
2021-06-10 09:43:12,1422.2,613660
2021-06-10 09:43:14,1421.8,613674
2021-06-10 09:43:15,1422.3,614485
2021-06-10 09:43:16,1422.3,614485
2021-06-10 09:43:17,1422.2,614505
2021-06-10 09:43:19,1422.25,614558
2021-06-10 09:43:20,1422.25,614558
2021-06-10 09:43:21,1422.2,614665
2021-06-10 09:43:22,1422.0,615185
2021-06-10 09:43:23,1421.85,615385
2021-06-10 09:43:24,1422.25,615395
2021-06-10 09:43:25,1422.2,615405
2021-06-10 09:43:26,1421.85,615616
2021-06-10 09:43:28,1422.2,615621
2021-06-10 09:43:28,1422.2,615877
2021-06-10 09:43:29,1422.2,615877
2021-06-10 09:43:31,1422.2,615939
2021-06-10 09:43:32,1422.2,615951
2021-06-10 09:43:32,1422.0,615991
2021-06-10 09:43:34,1422.2,615995
2021-06-10 09:43:34,1422.2,616040
2021-06-10 09:43:36,1422.0,616057
2021-06-10 09:43:37,1422.0,616119
2021-06-10 09:43:38,1422.15,616138
2021-06-10 09:43:39,1422.2,616166
2021-06-10 09:43:40,1422.2,616171
2021-06-10 09:43:40,1422.2,616171
2021-06-10 09:43:42,1422.0,616217
2021-06-10 09:43:43,1422.2,616352
2021-06-10 09:43:43,1422.2,616352
2021-06-10 09:43:45,1422.15,616362
2021-06-10 09:43:46,1422.1,616418
2021-06-10 09:43:47,1422.0,616428
2021-06-10 09:43:49,1422.0,616441
2021-06-10 09:43:50,1422.15,616451
2021-06-10 09:43:51,1422.15,616470
2021-06-10 09:43:52,1422.15,616470
2021-06-10 09:43:53,1422.0,616542
2021-06-10 09:43:54,1422.15,616547
2021-06-10 09:43:55,1422.15,616547
2021-06-10 09:43:56,1422.0,616569
2021-06-10 09:43:57,1422.0,616569
2021-06-10 09:43:58,1422.0,616584
2021-06-10 09:43:59,1422.0,616594
2021-06-10 09:43:59,1422.0,616594
2021-06-10 09:44:00,1422.0,616782
2021-06-10 09:44:01,1422.0,616827
2021-06-10 09:44:02,1422.1,617009
2021-06-10 09:44:04,1422.0,617039
2021-06-10 09:44:05,1422.15,617190
2021-06-10 09:44:07,1422.15,617453
2021-06-10 09:44:08,1422.0,617653
2021-06-10 09:44:09,1422.0,617653
2021-06-10 09:44:10,1422.1,617657
2021-06-10 09:44:11,1422.1,617667
2021-06-10 09:44:12,1422.1,617729
2021-06-10 09:44:13,1422.05,617742
2021-06-10 09:44:14,1422.0,617842
2021-06-10 09:44:15,1422.0,618076
2021-06-10 09:44:16,1422.1,618216
2021-06-10 09:44:17,1421.9,618426
2021-06-10 09:44:18,1422.1,618428
2021-06-10 09:44:20,1422.1,618428
2021-06-10 09:44:20,1422.1,618432
2021-06-10 09:44:22,1421.9,618544
2021-06-10 09:44:23,1421.9,618554
2021-06-10 09:44:26,1421.9,618646
2021-06-10 09:44:27,1421.9,618847
2021-06-10 09:44:28,1421.9,618847
2021-06-10 09:44:29,1422.05,618883
2021-06-10 09:44:30,1422.05,618903
2021-06-10 09:44:31,1422.0,618931
2021-06-10 09:44:32,1422.0,618936
2021-06-10 09:44:33,1422.0,618936
2021-06-10 09:44:34,1422.0,618981
2021-06-10 09:44:35,1422.1,618991
2021-06-10 09:44:36,1422.0,618997
2021-06-10 09:44:37,1422.0,619003
2021-06-10 09:44:38,1422.0,619061
2021-06-10 09:44:39,1422.1,619081
2021-06-10 09:44:39,1422.1,619081
2021-06-10 09:44:40,1422.1,619106
2021-06-10 09:44:41,1422.1,619106
2021-06-10 09:44:42,1422.1,619106
2021-06-10 09:44:44,1422.1,619106
2021-06-10 09:44:44,1422.1,619106
2021-06-10 09:44:46,1422.1,619110
2021-06-10 09:44:47,1422.1,619110
2021-06-10 09:44:48,1422.1,619123
2021-06-10 09:44:49,1422.0,619124
2021-06-10 09:44:51,1422.0,619227
2021-06-10 09:44:52,1422.0,619242
2021-06-10 09:44:53,1422.0,619249
2021-06-10 09:44:54,1422.1,619313
2021-06-10 09:44:55,1422.0,619324
2021-06-10 09:44:56,1422.0,619325
2021-06-10 09:44:57,1422.1,619386
2021-06-10 09:44:58,1422.0,619446
2021-06-10 09:44:59,1422.0,619446
2021-06-10 09:45:00,1422.0,619479
2021-06-10 09:45:01,1422.0,619679
2021-06-10 09:45:02,1422.0,619689
2021-06-10 09:45:03,1422.1,619714
2021-06-10 09:45:04,1422.1,619715
2021-06-10 09:45:05,1422.1,619717
2021-06-10 09:45:07,1422.05,619863
2021-06-10 09:45:08,1422.05,619913
2021-06-10 09:45:09,1422.05,619916
2021-06-10 09:45:10,1422.05,619932
2021-06-10 09:45:11,1422.1,619992
2021-06-10 09:45:12,1422.0,620997
2021-06-10 09:45:13,1422.0,620997
2021-06-10 09:45:14,1422.0,620997
2021-06-10 09:45:15,1422.0,621002
2021-06-10 09:45:16,1422.0,621030
2021-06-10 09:45:17,1422.0,621111
2021-06-10 09:45:18,1422.05,621121
2021-06-10 09:45:19,1422.1,621188
2021-06-10 09:45:20,1422.1,621388
2021-06-10 09:45:22,1422.0,621528
2021-06-10 09:45:24,1422.1,621648
2021-06-10 09:45:25,1422.1,621648
2021-06-10 09:45:26,1422.0,621652
2021-06-10 09:45:27,1422.0,621655
2021-06-10 09:45:28,1422.0,621655
2021-06-10 09:45:29,1422.0,621655
2021-06-10 09:45:30,1422.0,621655
2021-06-10 09:45:31,1422.1,621682
2021-06-10 09:45:32,1421.0,624961
2021-06-10 09:45:33,1421.2,624978
2021-06-10 09:45:34,1421.55,624981
2021-06-10 09:45:35,1421.0,624988
2021-06-10 09:45:37,1421.55,625014
2021-06-10 09:45:36,1421.55,625014
2021-06-10 09:45:38,1421.55,625014
2021-06-10 09:45:40,1421.3,625038
2021-06-10 09:45:41,1421.3,625049
2021-06-10 09:45:42,1421.3,625164
2021-06-10 09:45:43,1421.3,625195
2021-06-10 09:45:44,1421.3,625196
2021-06-10 09:45:45,1421.0,625197
2021-06-10 09:45:46,1421.3,625274
2021-06-10 09:45:48,1421.0,625304
2021-06-10 09:45:49,1421.0,625304
2021-06-10 09:45:50,1421.05,625306
2021-06-10 09:45:51,1421.05,625333
2021-06-10 09:45:52,1421.0,625394
2021-06-10 09:45:54,1421.3,625936
2021-06-10 09:45:55,1421.15,625999
2021-06-10 09:45:56,1421.0,626099
2021-06-10 09:45:57,1421.15,626104
2021-06-10 09:45:58,1421.0,626918
2021-06-10 09:45:59,1421.15,626954
2021-06-10 09:46:00,1421.15,627012
2021-06-10 09:46:01,1421.15,627137
2021-06-10 09:46:02,1421.15,627153
2021-06-10 09:46:03,1421.3,627207
2021-06-10 09:46:04,1421.15,627309
2021-06-10 09:46:05,1421.3,627340
2021-06-10 09:46:06,1421.0,627852
2021-06-10 09:46:07,1421.15,627949
2021-06-10 09:46:08,1421.3,628554
2021-06-10 09:46:09,1421.3,628554
2021-06-10 09:46:10,1421.3,628564
2021-06-10 09:46:12,1421.3,628601
2021-06-10 09:46:11,1421.3,628601
2021-06-10 09:46:14,1421.3,628671
2021-06-10 09:46:15,1421.4,628682
2021-06-10 09:46:16,1421.3,628757
2021-06-10 09:46:17,1421.3,628757
2021-06-10 09:46:18,1421.4,628758
2021-06-10 09:46:19,1421.3,629529
2021-06-10 09:46:20,1421.3,629580
2021-06-10 09:46:21,1421.3,629590
2021-06-10 09:46:22,1421.4,629598
2021-06-10 09:46:23,1421.3,629600
2021-06-10 09:46:24,1421.3,629601
2021-06-10 09:46:27,1421.3,629646
2021-06-10 09:46:29,1421.3,629832
2021-06-10 09:46:30,1421.3,630130
2021-06-10 09:46:31,1421.3,630260
2021-06-10 09:46:32,1421.65,630274
2021-06-10 09:46:33,1421.65,630274
2021-06-10 09:46:34,1421.85,630512
2021-06-10 09:46:35,1421.85,630512
2021-06-10 09:46:36,1421.65,630517
2021-06-10 09:46:37,1421.4,630622
2021-06-10 09:46:38,1421.4,630653
2021-06-10 09:46:39,1421.9,630663
2021-06-10 09:46:40,1421.4,630689
2021-06-10 09:46:41,1421.4,630689
2021-06-10 09:46:43,1421.4,630691
2021-06-10 09:46:44,1421.5,630717
2021-06-10 09:46:45,1421.5,630717
2021-06-10 09:46:46,1421.5,630767
2021-06-10 09:46:48,1421.4,631122
2021-06-10 09:46:49,1421.5,631126
2021-06-10 09:46:50,1421.7,631253
2021-06-10 09:46:51,1421.3,631333
2021-06-10 09:46:52,1421.3,631333
2021-06-10 09:46:54,1421.3,631444
2021-06-10 09:46:55,1421.3,631520
2021-06-10 09:46:56,1421.3,631571
2021-06-10 09:46:57,1421.3,631571
2021-06-10 09:46:58,1421.3,631727
2021-06-10 09:46:59,1421.3,631727
2021-06-10 09:47:00,1421.3,631809
2021-06-10 09:47:01,1421.2,631844
2021-06-10 09:47:02,1421.0,631848
2021-06-10 09:47:03,1421.0,631848
2021-06-10 09:47:04,1421.3,632038
2021-06-10 09:47:05,1421.3,632071
2021-06-10 09:47:06,1421.0,632078
2021-06-10 09:47:07,1421.0,632078
2021-06-10 09:47:08,1421.0,632078
2021-06-10 09:47:09,1421.3,632108
2021-06-10 09:47:11,1421.3,632108
2021-06-10 09:47:12,1421.3,632108
2021-06-10 09:47:13,1421.25,632110
2021-06-10 09:47:14,1421.3,632113
2021-06-10 09:47:15,1421.3,632114
2021-06-10 09:47:16,1421.25,632132
2021-06-10 09:47:17,1421.25,632174
2021-06-10 09:47:19,1421.25,632174
2021-06-10 09:47:20,1421.25,632176
2021-06-10 09:47:20,1421.25,632176
2021-06-10 09:47:21,1421.25,632202
2021-06-10 09:47:22,1421.3,632337
2021-06-10 09:47:23,1421.25,632413
2021-06-10 09:47:24,1421.3,632464
2021-06-10 09:47:25,1421.3,632466
2021-06-10 09:47:26,1421.25,632473
2021-06-10 09:47:27,1421.3,632486
2021-06-10 09:47:29,1421.3,632583
2021-06-10 09:47:28,1421.3,632565
2021-06-10 09:47:30,1421.25,632608
2021-06-10 09:47:31,1421.25,633011
2021-06-10 09:47:32,1421.3,633123
2021-06-10 09:47:33,1421.3,633136
2021-06-10 09:47:35,1421.3,633147
2021-06-10 09:47:36,1421.3,633222
2021-06-10 09:47:37,1421.3,633251
2021-06-10 09:47:39,1421.25,633439
2021-06-10 09:47:40,1421.25,633497
2021-06-10 09:47:40,1421.25,633497
2021-06-10 09:47:41,1421.25,633497
2021-06-10 09:47:42,1421.25,633514
2021-06-10 09:47:43,1421.25,633528
2021-06-10 09:47:44,1421.25,633538
2021-06-10 09:47:45,1421.25,633556
2021-06-10 09:47:46,1421.25,633561
2021-06-10 09:47:47,1421.25,633561
2021-06-10 09:47:48,1421.25,633597
2021-06-10 09:47:50,1421.25,633643
2021-06-10 09:47:52,1421.1,633801
2021-06-10 09:47:52,1421.25,633761
2021-06-10 09:47:53,1421.25,633917
2021-06-10 09:47:54,1421.1,633941
2021-06-10 09:47:55,1421.1,633949
2021-06-10 09:47:56,1421.1,633969
2021-06-10 09:47:57,1421.1,633974
2021-06-10 09:47:58,1421.1,633996
2021-06-10 09:47:59,1421.05,634096
2021-06-10 09:48:00,1421.05,634164
2021-06-10 09:48:01,1421.1,634185
2021-06-10 09:48:02,1421.05,634804
2021-06-10 09:48:03,1421.25,634939
2021-06-10 09:48:04,1421.1,634961
2021-06-10 09:48:05,1421.05,635011
2021-06-10 09:48:06,1421.25,635081
2021-06-10 09:48:07,1421.25,635091
2021-06-10 09:48:08,1421.25,635092
2021-06-10 09:48:09,1421.1,635113
2021-06-10 09:48:10,1421.1,635123
2021-06-10 09:48:13,1421.1,635133
2021-06-10 09:48:14,1421.05,635365
2021-06-10 09:48:14,1421.25,635413
2021-06-10 09:48:16,1421.25,635420
2021-06-10 09:48:16,1421.05,635418
2021-06-10 09:48:17,1421.05,635422
2021-06-10 09:48:18,1421.25,635424
2021-06-10 09:48:19,1421.25,635541
2021-06-10 09:48:20,1421.1,635579
2021-06-10 09:48:21,1421.1,635595
2021-06-10 09:48:22,1421.2,635613
2021-06-10 09:48:23,1421.1,635623
2021-06-10 09:48:25,1421.1,635653
2021-06-10 09:48:25,1421.1,635635
2021-06-10 09:48:27,1421.2,635764
2021-06-10 09:48:29,1421.1,635766
2021-06-10 09:48:29,1421.1,635766
2021-06-10 09:48:30,1421.35,638315
2021-06-10 09:48:31,1421.5,638948
2021-06-10 09:48:32,1421.7,638983
2021-06-10 09:48:33,1421.8,639886
2021-06-10 09:48:34,1422.4,641927
2021-06-10 09:48:36,1423.0,644416
2021-06-10 09:48:35,1423.0,644082
2021-06-10 09:48:37,1422.95,645261
2021-06-10 09:48:38,1422.8,646345
2021-06-10 09:48:39,1422.75,646553
2021-06-10 09:48:40,1422.75,646558
2021-06-10 09:48:41,1422.75,646558
2021-06-10 09:48:43,1423.15,646562
2021-06-10 09:48:43,1422.75,646577
2021-06-10 09:48:44,1423.15,646627
2021-06-10 09:48:45,1423.15,646627
2021-06-10 09:48:46,1423.15,646690
2021-06-10 09:48:47,1422.95,646781
2021-06-10 09:48:48,1422.95,646969
2021-06-10 09:48:49,1422.75,647317
2021-06-10 09:48:50,1422.75,647501
2021-06-10 09:48:52,1422.95,647580
2021-06-10 09:48:53,1422.95,647599
2021-06-10 09:48:54,1422.85,647625
2021-06-10 09:48:55,1422.75,647627
2021-06-10 09:48:56,1422.95,647629
2021-06-10 09:48:57,1422.55,647929
2021-06-10 09:48:59,1422.95,647989
2021-06-10 09:49:00,1422.7,648093
2021-06-10 09:49:01,1422.8,648226
2021-06-10 09:49:02,1422.8,648252
2021-06-10 09:49:03,1422.8,648252
2021-06-10 09:49:05,1422.95,648502
2021-06-10 09:49:05,1422.8,648521
2021-06-10 09:49:07,1422.55,648573
2021-06-10 09:49:09,1422.95,648643
2021-06-10 09:49:10,1422.95,648647
2021-06-10 09:49:11,1422.5,648808
2021-06-10 09:49:12,1422.65,648853
2021-06-10 09:49:13,1422.65,648868
2021-06-10 09:49:14,1422.05,648911
2021-06-10 09:49:15,1422.4,648955
2021-06-10 09:49:16,1422.4,648968
2021-06-10 09:49:17,1422.1,649019
2021-06-10 09:49:18,1422.1,649042
2021-06-10 09:49:19,1422.1,649042
2021-06-10 09:49:20,1422.1,649042
2021-06-10 09:49:21,1422.1,649049
2021-06-10 09:49:22,1422.1,649050
2021-06-10 09:49:24,1422.6,649160
2021-06-10 09:49:25,1422.1,649500
2021-06-10 09:49:25,1422.1,649524
2021-06-10 09:49:27,1422.1,649595
2021-06-10 09:49:28,1422.1,649626
2021-06-10 09:49:29,1422.1,649719
2021-06-10 09:49:30,1422.05,649754
2021-06-10 09:49:32,1422.1,649884
2021-06-10 09:49:33,1422.05,650049
2021-06-10 09:49:34,1422.1,650065
2021-06-10 09:49:35,1422.1,650132
2021-06-10 09:49:36,1422.2,650207
2021-06-10 09:49:38,1422.55,650208
2021-06-10 09:49:39,1422.55,650208
2021-06-10 09:49:40,1422.55,650342
2021-06-10 09:49:42,1422.55,650386
2021-06-10 09:49:43,1422.55,650386
2021-06-10 09:49:44,1422.55,650420
2021-06-10 09:49:45,1422.55,650420
2021-06-10 09:49:45,1422.5,650424
2021-06-10 09:49:46,1422.5,650434
2021-06-10 09:49:47,1422.5,650528
2021-06-10 09:49:48,1422.5,650533
2021-06-10 09:49:49,1422.55,650538
2021-06-10 09:49:50,1422.55,650593
2021-06-10 09:49:52,1422.55,650677
2021-06-10 09:49:51,1422.5,650666
2021-06-10 09:49:53,1422.55,650784
2021-06-10 09:49:54,1422.5,650853
2021-06-10 09:49:56,1422.55,650952
2021-06-10 09:49:57,1422.55,651024
2021-06-10 09:49:58,1422.55,651024
2021-06-10 09:49:59,1422.5,651536
2021-06-10 09:50:01,1422.6,651669
2021-06-10 09:50:02,1422.55,651714
2021-06-10 09:50:04,1422.55,651739
2021-06-10 09:50:05,1422.55,651742
2021-06-10 09:50:05,1422.55,651740
2021-06-10 09:50:06,1422.6,651763
2021-06-10 09:50:07,1422.55,651765
2021-06-10 09:50:08,1422.55,651827
2021-06-10 09:50:09,1422.55,651896
2021-06-10 09:50:10,1422.55,651904
2021-06-10 09:50:11,1422.6,651957
2021-06-10 09:50:12,1422.4,652286
2021-06-10 09:50:13,1422.6,652375
2021-06-10 09:50:14,1422.6,652375
2021-06-10 09:50:15,1422.5,652376
2021-06-10 09:50:16,1422.4,652416
2021-06-10 09:50:17,1422.6,652526
2021-06-10 09:50:18,1422.6,652526
2021-06-10 09:50:19,1422.4,652528
2021-06-10 09:50:20,1422.4,652533
2021-06-10 09:50:21,1422.5,652714
2021-06-10 09:50:22,1422.5,652714
2021-06-10 09:50:23,1422.6,652874
2021-06-10 09:50:24,1422.65,653219
2021-06-10 09:50:25,1422.65,653348
2021-06-10 09:50:27,1422.65,653398
2021-06-10 09:50:28,1422.65,653525
2021-06-10 09:50:29,1422.7,653526
2021-06-10 09:50:30,1422.55,653755
2021-06-10 09:50:31,1422.8,653801
2021-06-10 09:50:32,1422.4,653836
2021-06-10 09:50:33,1422.4,653836
2021-06-10 09:50:34,1422.2,654044
2021-06-10 09:50:35,1422.2,654094
2021-06-10 09:50:36,1422.2,654103
2021-06-10 09:50:37,1422.35,654104
2021-06-10 09:50:38,1422.35,654104
2021-06-10 09:50:39,1422.35,654104
2021-06-10 09:50:40,1422.05,654142
2021-06-10 09:50:42,1422.05,654146
2021-06-10 09:50:43,1422.0,654805
2021-06-10 09:50:44,1422.35,654907
2021-06-10 09:50:45,1422.45,654945
2021-06-10 09:50:46,1422.5,654975
2021-06-10 09:50:47,1422.5,654975
2021-06-10 09:50:48,1422.5,654975
2021-06-10 09:50:49,1422.05,654977
2021-06-10 09:50:50,1422.05,655129
2021-06-10 09:50:51,1422.05,655129
2021-06-10 09:50:52,1422.05,655129
2021-06-10 09:50:53,1422.3,655159
2021-06-10 09:50:54,1422.3,655173
2021-06-10 09:50:55,1422.3,655173
2021-06-10 09:50:56,1422.3,655203
2021-06-10 09:50:57,1422.3,655223
2021-06-10 09:50:58,1422.3,655223
2021-06-10 09:50:59,1422.5,655373
2021-06-10 09:51:00,1422.25,655578
2021-06-10 09:51:01,1422.25,655642
2021-06-10 09:51:02,1422.25,655642
2021-06-10 09:51:03,1422.3,655701
2021-06-10 09:51:04,1422.3,655701
2021-06-10 09:51:05,1422.25,655718
2021-06-10 09:51:06,1422.25,655738
2021-06-10 09:51:07,1422.25,655748
2021-06-10 09:51:08,1422.25,655749
2021-06-10 09:51:09,1422.25,655755
2021-06-10 09:51:10,1422.0,656055
2021-06-10 09:51:11,1422.3,656114
2021-06-10 09:51:12,1422.25,656340
2021-06-10 09:51:13,1422.25,656340
2021-06-10 09:51:15,1422.25,656370
2021-06-10 09:51:15,1421.8,658388
2021-06-10 09:51:16,1421.9,658881
2021-06-10 09:51:17,1421.75,658896
2021-06-10 09:51:18,1421.75,658896
2021-06-10 09:51:19,1421.95,658937
2021-06-10 09:51:20,1421.75,658978
2021-06-10 09:51:22,1421.75,659464
2021-06-10 09:51:23,1421.75,659558
2021-06-10 09:51:24,1421.9,659560
2021-06-10 09:51:26,1421.5,659624
2021-06-10 09:51:27,1421.75,659637
2021-06-10 09:51:28,1421.5,659719
2021-06-10 09:51:29,1421.55,659743
2021-06-10 09:51:30,1421.2,659841
2021-06-10 09:51:31,1421.5,659847
2021-06-10 09:51:31,1421.5,659897
2021-06-10 09:51:33,1421.2,661196
2021-06-10 09:51:34,1421.55,661261
2021-06-10 09:51:35,1421.5,661469
2021-06-10 09:51:36,1421.5,661598
2021-06-10 09:51:37,1421.5,661598
2021-06-10 09:51:38,1421.5,661626
2021-06-10 09:51:39,1421.65,661693
2021-06-10 09:51:39,1421.65,661693
2021-06-10 09:51:40,1421.8,661713
2021-06-10 09:51:41,1421.9,661947
2021-06-10 09:51:42,1422.0,661982
2021-06-10 09:51:43,1422.0,662133
2021-06-10 09:51:44,1421.85,665352
2021-06-10 09:51:46,1421.85,666037
2021-06-10 09:51:46,1421.85,666037
2021-06-10 09:51:47,1421.0,676095
2021-06-10 09:51:48,1420.9,677949
2021-06-10 09:51:49,1421.45,678127
2021-06-10 09:51:50,1421.45,678138
2021-06-10 09:51:51,1421.0,678144
2021-06-10 09:51:53,1421.0,678154
2021-06-10 09:51:53,1421.0,678551
2021-06-10 09:51:55,1420.85,678831
2021-06-10 09:51:56,1421.0,678932
2021-06-10 09:51:57,1420.7,679008
2021-06-10 09:51:58,1420.65,679270
2021-06-10 09:52:00,1420.55,679327
2021-06-10 09:52:01,1420.25,679734
2021-06-10 09:52:02,1420.35,679815
2021-06-10 09:52:03,1420.8,679830
2021-06-10 09:52:04,1420.75,680012
2021-06-10 09:52:05,1420.35,680014
2021-06-10 09:52:07,1420.6,680123
2021-06-10 09:52:08,1420.1,681158
2021-06-10 09:52:09,1420.15,681340
2021-06-10 09:52:10,1420.15,681360
2021-06-10 09:52:11,1420.15,681378
2021-06-10 09:52:12,1420.15,681378
2021-06-10 09:52:13,1420.15,681378
2021-06-10 09:52:14,1420.15,681378
2021-06-10 09:52:15,1420.8,682721
2021-06-10 09:52:15,1420.5,682320
2021-06-10 09:52:16,1420.8,682842
2021-06-10 09:52:17,1420.8,682843
2021-06-10 09:52:18,1420.6,682844
2021-06-10 09:52:19,1420.6,682855
2021-06-10 09:52:21,1420.6,682916
2021-06-10 09:52:22,1420.6,682926
2021-06-10 09:52:23,1420.6,682926
2021-06-10 09:52:24,1420.7,682987
2021-06-10 09:52:25,1420.7,682988
2021-06-10 09:52:26,1420.6,683009
2021-06-10 09:52:27,1420.6,683105
2021-06-10 09:52:28,1420.8,683782
2021-06-10 09:52:29,1421.0,683960
2021-06-10 09:52:29,1421.0,683960
2021-06-10 09:52:30,1420.65,684031
2021-06-10 09:52:31,1421.0,684032
2021-06-10 09:52:32,1420.9,684057
2021-06-10 09:52:34,1421.45,684355
2021-06-10 09:52:35,1421.35,684546
2021-06-10 09:52:36,1421.35,684619
2021-06-10 09:52:37,1421.75,684636
2021-06-10 09:52:37,1421.75,684641
2021-06-10 09:52:39,1421.35,684841
2021-06-10 09:52:39,1421.75,684847
2021-06-10 09:52:40,1421.75,684847
2021-06-10 09:52:41,1421.55,684858
2021-06-10 09:52:42,1421.75,684861
2021-06-10 09:52:43,1421.75,684910
2021-06-10 09:52:44,1421.75,684910
2021-06-10 09:52:45,1421.85,684922
2021-06-10 09:52:46,1421.75,684923
2021-06-10 09:52:47,1421.75,684923
2021-06-10 09:52:48,1421.55,685292
2021-06-10 09:52:49,1421.55,685645
2021-06-10 09:52:50,1421.6,685696
2021-06-10 09:52:51,1421.6,685706
2021-06-10 09:52:52,1421.6,685709
2021-06-10 09:52:54,1421.6,685712
2021-06-10 09:52:55,1421.75,685832
2021-06-10 09:52:55,1421.75,685832
2021-06-10 09:52:56,1421.8,685932
2021-06-10 09:52:57,1421.75,685982
2021-06-10 09:52:58,1421.75,685997
2021-06-10 09:52:59,1421.8,686199
2021-06-10 09:53:00,1421.75,686804
2021-06-10 09:53:01,1421.8,686986
2021-06-10 09:53:02,1421.75,687238
2021-06-10 09:53:03,1421.75,687248
2021-06-10 09:53:06,1421.8,687351
2021-06-10 09:53:08,1421.75,687551
2021-06-10 09:53:08,1421.8,687561
2021-06-10 09:53:10,1421.8,687561
2021-06-10 09:53:11,1421.85,687569
2021-06-10 09:53:12,1421.85,687571
2021-06-10 09:53:13,1421.8,687855
2021-06-10 09:53:14,1421.85,687930
2021-06-10 09:53:15,1421.8,687968
2021-06-10 09:53:16,1421.8,687968
2021-06-10 09:53:17,1421.8,687968
2021-06-10 09:53:18,1421.85,687973
2021-06-10 09:53:19,1421.85,687993
2021-06-10 09:53:21,1421.8,688008
2021-06-10 09:53:22,1421.75,688741
2021-06-10 09:53:23,1421.8,688837
2021-06-10 09:53:24,1421.75,689024
2021-06-10 09:53:25,1421.55,689465
2021-06-10 09:53:25,1421.55,689465
2021-06-10 09:53:26,1421.55,689474
2021-06-10 09:53:28,1421.55,689488
2021-06-10 09:53:30,1421.55,689491
2021-06-10 09:53:31,1421.6,689516
2021-06-10 09:53:32,1421.6,689601
2021-06-10 09:53:33,1421.6,689681
2021-06-10 09:53:34,1421.6,689719
2021-06-10 09:53:35,1421.6,689719
2021-06-10 09:53:35,1421.6,689719
2021-06-10 09:53:37,1421.55,689768
2021-06-10 09:53:38,1421.55,689796
2021-06-10 09:53:39,1421.55,689846
2021-06-10 09:53:40,1421.1,689894
2021-06-10 09:53:41,1421.1,689894
2021-06-10 09:53:42,1421.5,689924
2021-06-10 09:53:43,1421.5,689924
2021-06-10 09:53:43,1421.5,689924
2021-06-10 09:53:45,1420.9,690024
2021-06-10 09:53:46,1420.9,690047
2021-06-10 09:53:46,1420.9,690047
2021-06-10 09:53:48,1420.9,690057
2021-06-10 09:53:49,1420.9,690059
2021-06-10 09:53:50,1420.9,690149
2021-06-10 09:53:52,1421.0,690167
2021-06-10 09:53:53,1420.9,690188
2021-06-10 09:53:54,1420.9,690198
2021-06-10 09:53:55,1420.6,690418
2021-06-10 09:53:56,1420.85,690432
2021-06-10 09:53:56,1420.9,690457
2021-06-10 09:53:58,1420.9,690683
2021-06-10 09:53:59,1420.85,691085
2021-06-10 09:54:00,1420.9,691137
2021-06-10 09:54:01,1420.9,691137
2021-06-10 09:54:02,1420.9,691168
2021-06-10 09:54:03,1421.0,691169
2021-06-10 09:54:04,1420.65,691460
2021-06-10 09:54:06,1420.8,691466
2021-06-10 09:54:07,1421.0,691473
2021-06-10 09:54:08,1420.8,691477
2021-06-10 09:54:09,1420.8,691510
2021-06-10 09:54:09,1420.8,691510
2021-06-10 09:54:10,1420.8,691510
2021-06-10 09:54:11,1420.8,691510
2021-06-10 09:54:12,1421.0,691535
2021-06-10 09:54:14,1421.0,691550
2021-06-10 09:54:15,1420.8,691555
2021-06-10 09:54:16,1421.0,691857
2021-06-10 09:54:17,1420.9,691913
2021-06-10 09:54:18,1420.9,691939
2021-06-10 09:54:19,1420.9,692074
2021-06-10 09:54:19,1420.9,692074
2021-06-10 09:54:20,1420.9,692074
2021-06-10 09:54:21,1420.9,692080
2021-06-10 09:54:23,1421.0,692210
2021-06-10 09:54:24,1421.0,692263
2021-06-10 09:54:25,1421.0,692283
2021-06-10 09:54:26,1421.0,692283
2021-06-10 09:54:27,1421.0,692336
2021-06-10 09:54:28,1420.95,692357
2021-06-10 09:54:29,1420.9,692732
2021-06-10 09:54:30,1421.0,692912
2021-06-10 09:54:31,1420.9,693048
2021-06-10 09:54:32,1420.95,693141
2021-06-10 09:54:33,1421.0,693305
2021-06-10 09:54:34,1420.9,693460
2021-06-10 09:54:34,1420.9,693460
2021-06-10 09:54:35,1420.95,693467
2021-06-10 09:54:36,1420.95,693477
2021-06-10 09:54:37,1421.0,693550
2021-06-10 09:54:38,1420.95,693609
2021-06-10 09:54:39,1421.0,693636
2021-06-10 09:54:40,1421.0,693656
2021-06-10 09:54:43,1421.0,693661
2021-06-10 09:54:44,1421.0,693670
2021-06-10 09:54:45,1421.0,693700
2021-06-10 09:54:46,1421.05,693778
2021-06-10 09:54:47,1421.0,693976
2021-06-10 09:54:48,1421.0,693976
2021-06-10 09:54:49,1421.0,693976
2021-06-10 09:54:50,1421.0,693976
2021-06-10 09:54:51,1421.0,693986
2021-06-10 09:54:52,1421.0,693986
2021-06-10 09:54:53,1420.95,694002
2021-06-10 09:54:54,1420.95,694062
2021-06-10 09:54:55,1420.95,694515
2021-06-10 09:54:56,1420.95,694518
2021-06-10 09:54:57,1420.95,694519
2021-06-10 09:54:57,1420.95,694529
2021-06-10 09:54:59,1420.95,694529
2021-06-10 09:55:01,1420.95,694580
2021-06-10 09:55:02,1420.9,694630
2021-06-10 09:55:03,1421.0,694634
2021-06-10 09:55:04,1420.95,694659
2021-06-10 09:55:05,1420.95,694659
2021-06-10 09:55:05,1420.95,694665
2021-06-10 09:55:06,1420.95,694665
2021-06-10 09:55:08,1420.0,699202
2021-06-10 09:55:09,1420.9,700348
2021-06-10 09:55:10,1420.9,700472
2021-06-10 09:55:11,1421.0,700477
2021-06-10 09:55:12,1421.0,700931
2021-06-10 09:55:13,1421.0,701031
2021-06-10 09:55:14,1420.8,701047
2021-06-10 09:55:15,1420.8,701220
2021-06-10 09:55:15,1420.8,701220
2021-06-10 09:55:17,1420.8,701252
2021-06-10 09:55:18,1420.9,701262
2021-06-10 09:55:20,1420.8,701274
2021-06-10 09:55:21,1420.8,701274
2021-06-10 09:55:22,1420.8,701276
2021-06-10 09:55:23,1420.8,701392
2021-06-10 09:55:25,1420.8,701472
2021-06-10 09:55:26,1420.8,701472
2021-06-10 09:55:27,1420.8,701472
2021-06-10 09:55:28,1420.85,701522
2021-06-10 09:55:29,1420.85,701534
2021-06-10 09:55:29,1420.85,701534
2021-06-10 09:55:30,1420.9,701574
2021-06-10 09:55:31,1420.9,701634
2021-06-10 09:55:33,1420.9,701640
2021-06-10 09:55:33,1420.85,701678
2021-06-10 09:55:34,1420.85,701711
2021-06-10 09:55:35,1420.85,701717
2021-06-10 09:55:36,1420.85,701717
2021-06-10 09:55:37,1420.35,702983
2021-06-10 09:55:38,1420.85,703211
2021-06-10 09:55:39,1420.35,703216
2021-06-10 09:55:40,1420.35,703229
2021-06-10 09:55:41,1420.3,703283
2021-06-10 09:55:42,1420.85,703347
2021-06-10 09:55:44,1420.3,703462
2021-06-10 09:55:45,1420.35,703515
2021-06-10 09:55:46,1420.35,703515
2021-06-10 09:55:47,1420.85,703616
2021-06-10 09:55:48,1420.75,703632
2021-06-10 09:55:49,1420.75,703648
2021-06-10 09:55:50,1420.3,704054
2021-06-10 09:55:51,1420.9,704394
2021-06-10 09:55:52,1420.9,704394
2021-06-10 09:55:54,1420.85,704614
2021-06-10 09:55:55,1420.85,704660
2021-06-10 09:55:56,1420.6,704661
2021-06-10 09:55:57,1420.5,704742
2021-06-10 09:55:58,1420.6,704769
2021-06-10 09:55:59,1420.6,704769
2021-06-10 09:56:00,1420.5,704884
2021-06-10 09:56:01,1420.6,704899
2021-06-10 09:56:02,1420.6,704899
2021-06-10 09:56:03,1420.9,704900
2021-06-10 09:56:04,1420.75,704920
2021-06-10 09:56:05,1420.9,705193
2021-06-10 09:56:06,1420.95,705332
2021-06-10 09:56:07,1421.0,705338
2021-06-10 09:56:08,1421.0,705751
2021-06-10 09:56:09,1420.95,705852
2021-06-10 09:56:10,1420.95,705925
2021-06-10 09:56:11,1420.95,705965
2021-06-10 09:56:12,1420.95,706016
2021-06-10 09:56:13,1420.0,711479
2021-06-10 09:56:14,1421.0,711769
2021-06-10 09:56:16,1421.0,712119
2021-06-10 09:56:17,1421.0,712155
2021-06-10 09:56:18,1421.0,712155
2021-06-10 09:56:19,1420.95,712279
2021-06-10 09:56:20,1421.0,712297
2021-06-10 09:56:21,1420.75,712693
2021-06-10 09:56:22,1420.75,712693
2021-06-10 09:56:23,1420.5,712749
2021-06-10 09:56:24,1421.0,713249
2021-06-10 09:56:25,1420.75,713264
2021-06-10 09:56:26,1421.05,713365
2021-06-10 09:56:27,1421.05,714092
2021-06-10 09:56:29,1421.35,715048
2021-06-10 09:56:30,1421.35,715048
2021-06-10 09:56:31,1421.0,715055
2021-06-10 09:56:32,1421.0,715055
2021-06-10 09:56:33,1421.0,715063
2021-06-10 09:56:34,1421.0,715063
2021-06-10 09:56:35,1421.3,715064
2021-06-10 09:56:36,1421.0,715094
2021-06-10 09:56:37,1421.0,715141
2021-06-10 09:56:38,1421.0,715141
2021-06-10 09:56:39,1421.0,715141
2021-06-10 09:56:40,1421.0,715141
2021-06-10 09:56:41,1421.2,715144
2021-06-10 09:56:42,1421.25,715156
2021-06-10 09:56:43,1421.25,715156
2021-06-10 09:56:44,1421.25,715268
2021-06-10 09:56:45,1421.15,715667
2021-06-10 09:56:46,1421.15,715736
2021-06-10 09:56:47,1421.0,715761
2021-06-10 09:56:48,1421.0,715761
2021-06-10 09:56:49,1421.0,715767
2021-06-10 09:56:50,1421.0,715780
2021-06-10 09:56:51,1421.1,715817
2021-06-10 09:56:52,1421.1,715831
2021-06-10 09:56:53,1421.0,715835
2021-06-10 09:56:54,1421.0,715910
2021-06-10 09:56:55,1421.0,715910
2021-06-10 09:56:56,1421.0,716089
2021-06-10 09:56:57,1421.0,716089
2021-06-10 09:56:58,1420.75,716134
2021-06-10 09:56:59,1421.0,716149
2021-06-10 09:57:00,1421.0,716149
2021-06-10 09:57:01,1420.75,716238
2021-06-10 09:57:02,1421.0,716239
2021-06-10 09:57:03,1421.0,716263
2021-06-10 09:57:04,1421.0,716264
2021-06-10 09:57:05,1420.65,716373
2021-06-10 09:57:06,1420.6,716499
2021-06-10 09:57:07,1420.6,716499
2021-06-10 09:57:08,1420.75,716541
2021-06-10 09:57:09,1420.65,716543
2021-06-10 09:57:10,1420.75,716553
2021-06-10 09:57:11,1420.65,716554
2021-06-10 09:57:13,1421.0,716665
2021-06-10 09:57:12,1421.0,716665
2021-06-10 09:57:14,1421.0,716705
2021-06-10 09:57:15,1420.65,716805
2021-06-10 09:57:16,1421.0,716916
2021-06-10 09:57:17,1421.0,716916
2021-06-10 09:57:18,1420.65,716936
2021-06-10 09:57:19,1420.65,716973
2021-06-10 09:57:20,1421.0,717026
2021-06-10 09:57:22,1420.65,717137
2021-06-10 09:57:24,1420.65,717137
2021-06-10 09:57:25,1420.65,717137
2021-06-10 09:57:27,1420.65,717398
2021-06-10 09:57:28,1420.65,717443
2021-06-10 09:57:30,1420.65,717462
2021-06-10 09:57:31,1420.65,717462
2021-06-10 09:57:32,1420.95,717465
2021-06-10 09:57:33,1420.65,717492
2021-06-10 09:57:34,1420.95,717494
2021-06-10 09:57:35,1420.75,717506
2021-06-10 09:57:37,1420.65,717513
2021-06-10 09:57:39,1420.95,717529
2021-06-10 09:57:38,1420.95,717529
2021-06-10 09:57:40,1420.65,717557
2021-06-10 09:57:41,1420.65,717557
2021-06-10 09:57:42,1420.15,721558
2021-06-10 09:57:43,1420.9,722031
2021-06-10 09:57:44,1421.0,722458
2021-06-10 09:57:45,1421.0,722459
2021-06-10 09:57:46,1420.9,722563
2021-06-10 09:57:47,1420.9,722565
2021-06-10 09:57:48,1421.0,722587
2021-06-10 09:57:49,1420.9,722618
2021-06-10 09:57:50,1420.9,722618
2021-06-10 09:57:51,1421.0,722856
2021-06-10 09:57:52,1420.9,722902
2021-06-10 09:57:53,1420.9,723002
2021-06-10 09:57:54,1421.0,723007
2021-06-10 09:57:55,1421.0,723007
2021-06-10 09:57:57,1420.9,723012
2021-06-10 09:57:58,1420.9,723012
2021-06-10 09:57:58,1421.0,723058
2021-06-10 09:57:59,1421.0,723058
2021-06-10 09:58:00,1420.9,723652
2021-06-10 09:58:02,1421.0,723837
2021-06-10 09:58:03,1421.15,724264
2021-06-10 09:58:04,1421.4,724307
2021-06-10 09:58:05,1421.1,724527
2021-06-10 09:58:06,1421.3,724530
2021-06-10 09:58:07,1421.3,724535
2021-06-10 09:58:08,1421.3,724535
2021-06-10 09:58:10,1421.3,724535
2021-06-10 09:58:10,1421.3,724555
2021-06-10 09:58:11,1421.3,724555
2021-06-10 09:58:12,1421.3,724658
2021-06-10 09:58:13,1421.3,724658
2021-06-10 09:58:14,1421.15,724663
2021-06-10 09:58:15,1421.15,724663
2021-06-10 09:58:16,1421.15,724798
2021-06-10 09:58:17,1421.25,724800
2021-06-10 09:58:18,1421.25,724831
2021-06-10 09:58:19,1421.15,724833
2021-06-10 09:58:20,1421.15,724833
2021-06-10 09:58:21,1421.15,725041
2021-06-10 09:58:22,1421.15,725341
2021-06-10 09:58:23,1421.15,725341
2021-06-10 09:58:24,1421.15,725341
2021-06-10 09:58:25,1421.2,725353
2021-06-10 09:58:26,1421.2,725584
2021-06-10 09:58:27,1421.2,725584
2021-06-10 09:58:29,1421.2,725584
2021-06-10 09:58:30,1421.2,725590
2021-06-10 09:58:31,1421.25,725592
2021-06-10 09:58:33,1421.0,725998
2021-06-10 09:58:34,1421.0,726003
2021-06-10 09:58:35,1420.9,726134
2021-06-10 09:58:37,1421.0,726216
2021-06-10 09:58:38,1420.95,726343
2021-06-10 09:58:39,1420.95,726360
2021-06-10 09:58:40,1420.75,726515
2021-06-10 09:58:41,1420.95,726549
2021-06-10 09:58:42,1420.8,726552
2021-06-10 09:58:43,1420.75,726603
2021-06-10 09:58:44,1420.75,726608
2021-06-10 09:58:47,1420.75,726637
2021-06-10 09:58:48,1420.75,726637
2021-06-10 09:58:49,1420.8,726730
2021-06-10 09:58:50,1420.65,726780
2021-06-10 09:58:51,1420.65,726786
2021-06-10 09:58:52,1420.65,726786
2021-06-10 09:58:53,1420.65,726786
2021-06-10 09:58:54,1420.75,726798
2021-06-10 09:58:55,1420.75,726798
2021-06-10 09:58:56,1420.75,726798
2021-06-10 09:58:57,1420.8,726800
2021-06-10 09:58:59,1420.65,726814
2021-06-10 09:58:59,1420.8,726822
2021-06-10 09:59:00,1420.75,726856
2021-06-10 09:59:01,1420.75,726864
2021-06-10 09:59:03,1420.65,726869
2021-06-10 09:59:03,1420.65,726869
2021-06-10 09:59:04,1420.65,726869
2021-06-10 09:59:05,1420.65,726869
2021-06-10 09:59:06,1420.65,726884
2021-06-10 09:59:07,1420.65,726888
2021-06-10 09:59:08,1420.65,726888
2021-06-10 09:59:09,1420.65,726955
2021-06-10 09:59:10,1420.65,726966
2021-06-10 09:59:11,1420.65,727009
2021-06-10 09:59:12,1420.55,727014
2021-06-10 09:59:13,1420.65,727085
2021-06-10 09:59:14,1420.55,727108
2021-06-10 09:59:15,1420.55,727108
2021-06-10 09:59:16,1420.55,727108
2021-06-10 09:59:17,1420.0,728671
2021-06-10 09:59:19,1420.55,728895
2021-06-10 09:59:20,1420.05,728915
2021-06-10 09:59:21,1420.4,728926
2021-06-10 09:59:22,1420.05,728928
2021-06-10 09:59:23,1420.05,728953
2021-06-10 09:59:24,1420.4,728965
2021-06-10 09:59:25,1420.05,729051
2021-06-10 09:59:26,1420.05,729351
2021-06-10 09:59:27,1420.05,729351
2021-06-10 09:59:29,1420.05,729381
2021-06-10 09:59:30,1420.05,729695
2021-06-10 09:59:31,1420.0,730320
2021-06-10 09:59:32,1420.4,730447
2021-06-10 09:59:33,1420.4,730447
2021-06-10 09:59:34,1420.05,730532
2021-06-10 09:59:35,1420.05,730532
2021-06-10 09:59:36,1420.05,730538
2021-06-10 09:59:37,1420.05,730538
2021-06-10 09:59:38,1420.15,730539
2021-06-10 09:59:39,1420.15,730550
2021-06-10 09:59:40,1420.15,730550
2021-06-10 09:59:41,1420.05,730552
2021-06-10 09:59:42,1420.05,730614
2021-06-10 09:59:43,1420.4,730704
2021-06-10 09:59:44,1420.05,730792
2021-06-10 09:59:46,1420.05,730942
2021-06-10 09:59:47,1420.05,730944
2021-06-10 09:59:48,1420.05,731066
2021-06-10 09:59:49,1420.2,731071
2021-06-10 09:59:50,1420.25,731111
2021-06-10 09:59:51,1420.35,731135
2021-06-10 09:59:52,1420.35,731135
2021-06-10 09:59:54,1420.35,731135
2021-06-10 09:59:55,1420.35,731135
2021-06-10 09:59:56,1420.35,731359
2021-06-10 09:59:56,1420.35,731359
2021-06-10 09:59:57,1420.25,731362
2021-06-10 09:59:59,1420.3,731368
2021-06-10 10:00:00,1420.05,731672
2021-06-10 10:00:01,1420.35,731688
2021-06-10 10:00:02,1420.35,731717
2021-06-10 10:00:04,1420.35,731745
2021-06-10 10:00:05,1420.35,731745
2021-06-10 10:00:05,1420.35,731745
2021-06-10 10:00:09,1420.35,731786
2021-06-10 10:00:10,1420.35,731786
2021-06-10 10:00:11,1420.35,731786
2021-06-10 10:00:11,1420.35,731786
2021-06-10 10:00:12,1420.4,731939
2021-06-10 10:00:13,1420.3,731940
2021-06-10 10:00:14,1420.3,731940
2021-06-10 10:00:15,1420.4,732147
2021-06-10 10:00:16,1420.35,732154
2021-06-10 10:00:17,1420.35,732179
2021-06-10 10:00:18,1420.35,732233
2021-06-10 10:00:19,1420.35,732335
2021-06-10 10:00:20,1420.4,732420
2021-06-10 10:00:21,1420.3,732676
2021-06-10 10:00:22,1420.35,732687
2021-06-10 10:00:23,1420.3,732698
2021-06-10 10:00:24,1420.4,732737
2021-06-10 10:00:25,1420.45,732848
2021-06-10 10:00:26,1420.45,732860
2021-06-10 10:00:27,1420.4,732912
2021-06-10 10:00:28,1420.4,732912
2021-06-10 10:00:29,1420.4,733113
2021-06-10 10:00:30,1420.45,733120
2021-06-10 10:00:31,1420.45,733148
2021-06-10 10:00:32,1420.5,733202
2021-06-10 10:00:34,1420.45,733203
2021-06-10 10:00:35,1420.45,733203
2021-06-10 10:00:35,1420.45,733204
2021-06-10 10:00:36,1420.45,733211
2021-06-10 10:00:37,1420.45,733211
2021-06-10 10:00:39,1420.8,733855
2021-06-10 10:00:39,1420.75,733901
2021-06-10 10:00:40,1420.8,733953
2021-06-10 10:00:42,1420.8,733965
2021-06-10 10:00:42,1420.7,734005
2021-06-10 10:00:44,1420.8,734106
2021-06-10 10:00:45,1420.8,734114
2021-06-10 10:00:46,1420.8,734114
2021-06-10 10:00:47,1420.6,734604
2021-06-10 10:00:47,1420.6,734604
2021-06-10 10:00:48,1420.8,734707
2021-06-10 10:00:49,1421.0,734759
2021-06-10 10:00:50,1421.0,734900
2021-06-10 10:00:51,1421.0,734903
2021-06-10 10:00:52,1421.0,734903
2021-06-10 10:00:53,1421.0,734903
2021-06-10 10:00:54,1421.0,734907
2021-06-10 10:00:55,1421.0,735010
2021-06-10 10:00:56,1421.0,735010
2021-06-10 10:00:57,1421.0,735249
2021-06-10 10:00:58,1421.0,735696
2021-06-10 10:00:59,1421.0,735697
2021-06-10 10:01:01,1421.0,735876
2021-06-10 10:01:02,1421.0,735876
2021-06-10 10:01:02,1421.0,735876
2021-06-10 10:01:03,1421.0,736199
2021-06-10 10:01:04,1421.0,736199
2021-06-10 10:01:05,1421.0,736218
2021-06-10 10:01:06,1420.95,736225
2021-06-10 10:01:08,1420.95,736326
2021-06-10 10:01:09,1420.95,736401
2021-06-10 10:01:10,1421.0,736431
2021-06-10 10:01:11,1421.0,736440
2021-06-10 10:01:12,1420.9,736465
2021-06-10 10:01:14,1420.8,736552
2021-06-10 10:01:15,1420.9,736593
2021-06-10 10:01:16,1420.9,736629
2021-06-10 10:01:17,1420.9,736631
2021-06-10 10:01:17,1420.9,736631
2021-06-10 10:01:18,1420.9,736631
2021-06-10 10:01:19,1420.9,736747
2021-06-10 10:01:20,1420.95,736755
2021-06-10 10:01:21,1420.9,736765
2021-06-10 10:01:22,1420.9,736765
2021-06-10 10:01:23,1420.9,736765
2021-06-10 10:01:24,1420.95,736768
2021-06-10 10:01:26,1420.9,736792
2021-06-10 10:01:27,1420.9,736838
2021-06-10 10:01:28,1420.95,736851
2021-06-10 10:01:28,1420.95,736851
2021-06-10 10:01:30,1420.8,736871
2021-06-10 10:01:31,1420.8,736876
2021-06-10 10:01:32,1420.95,736879
2021-06-10 10:01:32,1420.95,736879
2021-06-10 10:01:33,1420.8,736920
2021-06-10 10:01:34,1420.8,736920
2021-06-10 10:01:35,1420.8,736953
2021-06-10 10:01:37,1420.8,736957
2021-06-10 10:01:38,1420.8,737217
2021-06-10 10:01:39,1420.95,737221
2021-06-10 10:01:40,1420.95,737221
2021-06-10 10:01:41,1420.95,737221
2021-06-10 10:01:42,1420.95,737225
2021-06-10 10:01:43,1420.95,737250
2021-06-10 10:01:44,1420.95,737252
2021-06-10 10:01:45,1421.0,737757
2021-06-10 10:01:46,1420.9,737794
2021-06-10 10:01:47,1421.0,737795
2021-06-10 10:01:48,1421.0,737805
2021-06-10 10:01:49,1420.9,737882
2021-06-10 10:01:50,1421.0,738075
2021-06-10 10:01:51,1420.9,738108
2021-06-10 10:01:52,1420.9,738121
2021-06-10 10:01:52,1420.9,738121
2021-06-10 10:01:53,1420.9,738121
2021-06-10 10:01:54,1420.9,738124
2021-06-10 10:01:55,1420.9,738124
2021-06-10 10:01:56,1420.9,738138
2021-06-10 10:01:57,1420.9,738138
2021-06-10 10:01:58,1421.0,738150
2021-06-10 10:01:59,1421.0,738150
2021-06-10 10:02:00,1420.9,738219
2021-06-10 10:02:02,1420.9,738274
2021-06-10 10:02:03,1421.0,738279
2021-06-10 10:02:04,1420.9,738329
2021-06-10 10:02:05,1420.9,738329
2021-06-10 10:02:06,1421.0,738456
2021-06-10 10:02:07,1420.95,738520
2021-06-10 10:02:08,1421.0,738530
2021-06-10 10:02:09,1420.8,738762
2021-06-10 10:02:10,1421.0,738832
2021-06-10 10:02:11,1421.0,738832
2021-06-10 10:02:13,1420.8,738848
2021-06-10 10:02:14,1420.8,738848
2021-06-10 10:02:16,1420.8,738866
2021-06-10 10:02:17,1420.8,738982
2021-06-10 10:02:17,1420.8,738982
2021-06-10 10:02:18,1420.8,738982
2021-06-10 10:02:20,1420.7,738997
2021-06-10 10:02:21,1420.5,739003
2021-06-10 10:02:22,1420.7,739005
2021-06-10 10:02:25,1420.7,739030
2021-06-10 10:02:26,1420.7,739030
2021-06-10 10:02:28,1420.7,739383
2021-06-10 10:02:30,1421.3,740738
2021-06-10 10:02:31,1421.0,741610
2021-06-10 10:02:33,1421.3,741653
2021-06-10 10:02:34,1421.0,742943
2021-06-10 10:02:34,1421.0,742943
2021-06-10 10:02:35,1421.0,742943
2021-06-10 10:02:36,1421.2,742964
2021-06-10 10:02:37,1421.45,742985
2021-06-10 10:02:38,1421.45,742985
2021-06-10 10:02:39,1421.45,743030
2021-06-10 10:02:40,1421.45,743032
2021-06-10 10:02:41,1421.45,743032
2021-06-10 10:02:42,1421.2,743037
2021-06-10 10:02:43,1421.2,743117
2021-06-10 10:02:44,1421.2,743592
2021-06-10 10:02:45,1421.45,743642
2021-06-10 10:02:46,1421.3,743646
2021-06-10 10:02:48,1421.3,743648
2021-06-10 10:02:49,1421.3,743648
2021-06-10 10:02:50,1421.3,743699
2021-06-10 10:02:51,1421.3,743708
2021-06-10 10:02:52,1421.3,743718
2021-06-10 10:02:53,1421.45,743721
2021-06-10 10:02:54,1421.45,743721
2021-06-10 10:02:55,1421.3,743726
2021-06-10 10:02:56,1421.3,743726
2021-06-10 10:02:57,1421.35,743752
2021-06-10 10:02:58,1421.3,743906
2021-06-10 10:02:59,1421.3,743923
2021-06-10 10:03:00,1421.3,743935
2021-06-10 10:03:01,1421.3,744035
2021-06-10 10:03:02,1421.3,744080
2021-06-10 10:03:03,1421.3,744080
2021-06-10 10:03:05,1421.35,744181
2021-06-10 10:03:06,1421.3,744188
2021-06-10 10:03:07,1421.3,744206
2021-06-10 10:03:08,1421.35,744266
2021-06-10 10:03:09,1421.3,744270
2021-06-10 10:03:10,1421.3,744274
2021-06-10 10:03:11,1421.3,744285
2021-06-10 10:03:12,1421.3,744285
2021-06-10 10:03:13,1421.3,744285
2021-06-10 10:03:14,1421.3,744285
2021-06-10 10:03:15,1421.3,744285
2021-06-10 10:03:16,1421.3,744285
2021-06-10 10:03:17,1421.3,744290
2021-06-10 10:03:18,1421.3,744468
2021-06-10 10:03:19,1421.3,744470
2021-06-10 10:03:20,1421.3,744476
2021-06-10 10:03:21,1421.3,744476
2021-06-10 10:03:22,1421.35,744605
2021-06-10 10:03:23,1421.35,744615
2021-06-10 10:03:25,1421.35,744615
2021-06-10 10:03:26,1421.35,744625
2021-06-10 10:03:27,1421.3,744626
2021-06-10 10:03:29,1421.3,744692
2021-06-10 10:03:30,1421.3,744697
2021-06-10 10:03:31,1421.3,744697
2021-06-10 10:03:32,1421.3,744791
2021-06-10 10:03:33,1421.3,744791
2021-06-10 10:03:33,1421.3,744791
2021-06-10 10:03:34,1421.35,744796
2021-06-10 10:03:35,1421.3,744886
2021-06-10 10:03:36,1421.3,744899
2021-06-10 10:03:37,1421.3,744899
2021-06-10 10:03:38,1421.3,744899
2021-06-10 10:03:39,1421.3,744899
2021-06-10 10:03:40,1421.3,744909
2021-06-10 10:03:41,1421.3,744910
2021-06-10 10:03:42,1421.3,744910
2021-06-10 10:03:43,1421.3,744912
2021-06-10 10:03:44,1421.3,744913
2021-06-10 10:03:45,1421.3,744941
2021-06-10 10:03:46,1421.35,745022
2021-06-10 10:03:47,1421.35,745069
2021-06-10 10:03:48,1421.3,745070
2021-06-10 10:03:49,1421.3,745070
2021-06-10 10:03:50,1421.3,745076
2021-06-10 10:03:51,1421.35,745077
2021-06-10 10:03:52,1421.3,745377
2021-06-10 10:03:53,1421.3,745379
2021-06-10 10:03:55,1421.4,745773
2021-06-10 10:03:56,1421.4,745919
2021-06-10 10:03:57,1421.45,745985
2021-06-10 10:03:58,1421.35,746017
2021-06-10 10:03:59,1421.45,746022
2021-06-10 10:04:00,1421.35,746030
2021-06-10 10:04:02,1421.35,746034
2021-06-10 10:04:02,1421.35,746031
2021-06-10 10:04:03,1421.35,746034
2021-06-10 10:04:04,1421.35,746037
2021-06-10 10:04:05,1421.35,746046
2021-06-10 10:04:06,1421.35,746052
2021-06-10 10:04:07,1421.45,746076
2021-06-10 10:04:08,1421.45,746076
2021-06-10 10:04:09,1421.5,746279
2021-06-10 10:04:10,1421.4,746281
2021-06-10 10:04:12,1421.4,746286
2021-06-10 10:04:13,1421.4,746286
2021-06-10 10:04:14,1421.4,746305
2021-06-10 10:04:15,1421.4,746380
2021-06-10 10:04:15,1421.45,746330
2021-06-10 10:04:16,1421.4,746380
2021-06-10 10:04:17,1421.4,746385
2021-06-10 10:04:18,1421.4,746385
2021-06-10 10:04:19,1421.4,746390
2021-06-10 10:04:20,1421.4,746390
2021-06-10 10:04:23,1421.4,746407
2021-06-10 10:04:24,1421.45,746538
2021-06-10 10:04:25,1421.45,746739
2021-06-10 10:04:26,1421.4,746772
2021-06-10 10:04:27,1421.45,746824
2021-06-10 10:04:28,1421.4,746924
2021-06-10 10:04:29,1421.4,746944
2021-06-10 10:04:30,1421.4,746944
2021-06-10 10:04:31,1421.45,747560
2021-06-10 10:04:32,1421.45,747596
2021-06-10 10:04:33,1421.45,747596
2021-06-10 10:04:34,1421.45,747606
2021-06-10 10:04:35,1421.45,747696
2021-06-10 10:04:36,1421.45,747702
2021-06-10 10:04:36,1421.45,747702
2021-06-10 10:04:37,1421.45,747707
2021-06-10 10:04:38,1421.5,747713
2021-06-10 10:04:40,1421.5,747715
2021-06-10 10:04:41,1421.5,747718
2021-06-10 10:04:42,1421.5,747718
2021-06-10 10:04:43,1421.5,747718
2021-06-10 10:04:44,1421.45,747726
2021-06-10 10:04:45,1421.45,747738
2021-06-10 10:04:46,1421.45,747759
2021-06-10 10:04:47,1421.45,747764
2021-06-10 10:04:48,1421.5,747771
2021-06-10 10:04:49,1421.45,747772
2021-06-10 10:04:50,1422.0,749139
2021-06-10 10:04:51,1421.9,749517
2021-06-10 10:04:52,1421.9,749522
2021-06-10 10:04:53,1421.9,749522
2021-06-10 10:04:54,1421.55,749524
2021-06-10 10:04:54,1421.55,749524
2021-06-10 10:04:56,1421.9,749599
2021-06-10 10:04:57,1421.55,749619
2021-06-10 10:04:59,1421.9,749636
2021-06-10 10:05:00,1421.9,749646
2021-06-10 10:05:01,1421.5,749659
2021-06-10 10:05:02,1421.9,749735
2021-06-10 10:05:03,1421.55,749745
2021-06-10 10:05:04,1421.55,749754
2021-06-10 10:05:05,1421.9,749809
2021-06-10 10:05:06,1421.55,749847
2021-06-10 10:05:07,1421.9,749848
2021-06-10 10:05:08,1421.55,749853
2021-06-10 10:05:10,1421.55,749912
2021-06-10 10:05:10,1421.9,749913
2021-06-10 10:05:12,1421.9,749913
2021-06-10 10:05:12,1421.9,749913
2021-06-10 10:05:14,1421.9,749913
2021-06-10 10:05:15,1421.9,749913
2021-06-10 10:05:17,1421.55,750035
2021-06-10 10:05:18,1421.9,750036
2021-06-10 10:05:19,1421.8,750304
2021-06-10 10:05:21,1421.8,750327
2021-06-10 10:05:22,1421.8,750366
2021-06-10 10:05:23,1421.8,750512
2021-06-10 10:05:24,1421.7,750517
2021-06-10 10:05:25,1421.8,750621
2021-06-10 10:05:26,1421.8,750627
2021-06-10 10:05:28,1421.7,751111
2021-06-10 10:05:29,1421.7,751150
2021-06-10 10:05:30,1421.7,751160
2021-06-10 10:05:31,1421.55,751165
2021-06-10 10:05:31,1421.55,751165
2021-06-10 10:05:32,1421.7,751166
2021-06-10 10:05:34,1421.7,751186
2021-06-10 10:05:35,1421.7,751186
2021-06-10 10:05:36,1421.5,751484
2021-06-10 10:05:37,1421.5,751484
2021-06-10 10:05:38,1421.55,751806
2021-06-10 10:05:39,1421.55,751809
2021-06-10 10:05:39,1421.7,751814
2021-06-10 10:05:41,1421.7,751839
2021-06-10 10:05:42,1421.8,752283
2021-06-10 10:05:43,1421.75,752556
2021-06-10 10:05:44,1421.75,752556
2021-06-10 10:05:45,1421.8,752647
2021-06-10 10:05:45,1421.85,752706
2021-06-10 10:05:46,1421.85,752722
2021-06-10 10:05:47,1421.85,752737
2021-06-10 10:05:48,1421.85,752737
2021-06-10 10:05:50,1421.75,752938
2021-06-10 10:05:51,1421.8,752945
2021-06-10 10:05:52,1421.85,753012
2021-06-10 10:05:53,1421.8,753043
2021-06-10 10:05:54,1421.8,753070
2021-06-10 10:05:55,1421.8,753121
2021-06-10 10:05:56,1422.0,754935
2021-06-10 10:05:57,1422.05,755044
2021-06-10 10:05:58,1422.1,755449
2021-06-10 10:05:59,1422.0,755522
2021-06-10 10:06:00,1422.0,755531
2021-06-10 10:06:01,1422.0,755533
2021-06-10 10:06:01,1422.0,755533
2021-06-10 10:06:02,1422.0,755584
2021-06-10 10:06:03,1421.95,755695
2021-06-10 10:06:05,1421.95,755743
2021-06-10 10:06:05,1421.95,755749
2021-06-10 10:06:06,1421.95,755749
2021-06-10 10:06:08,1421.95,755768
2021-06-10 10:06:10,1421.95,755769
2021-06-10 10:06:11,1421.95,755919
2021-06-10 10:06:11,1421.95,755919
2021-06-10 10:06:12,1421.95,755919
2021-06-10 10:06:13,1422.0,755922
2021-06-10 10:06:14,1422.0,755922
2021-06-10 10:06:15,1422.0,755922
2021-06-10 10:06:16,1422.0,755989
2021-06-10 10:06:18,1421.95,756014
2021-06-10 10:06:19,1422.0,756015
2021-06-10 10:06:20,1421.95,756020
2021-06-10 10:06:21,1422.0,756030
2021-06-10 10:06:24,1421.95,757803
2021-06-10 10:06:25,1421.95,757819
2021-06-10 10:06:26,1421.95,757819
2021-06-10 10:06:28,1422.0,757821
2021-06-10 10:06:29,1422.0,757823
2021-06-10 10:06:30,1422.0,758038
2021-06-10 10:06:31,1422.0,758077
2021-06-10 10:06:32,1421.95,758097
2021-06-10 10:06:34,1421.9,758473
2021-06-10 10:06:35,1421.9,758505
2021-06-10 10:06:36,1421.85,758512
2021-06-10 10:06:37,1421.85,758512
2021-06-10 10:06:38,1421.9,758519
2021-06-10 10:06:39,1421.85,758520
2021-06-10 10:06:40,1421.9,758525
2021-06-10 10:06:41,1421.85,758585
2021-06-10 10:06:42,1421.85,758585
2021-06-10 10:06:43,1421.85,758595
2021-06-10 10:06:44,1421.85,758595
2021-06-10 10:06:45,1421.9,758615
2021-06-10 10:06:46,1421.85,758636
2021-06-10 10:06:47,1421.85,758636
2021-06-10 10:06:48,1421.85,758636
2021-06-10 10:06:49,1421.85,758636
2021-06-10 10:06:50,1421.9,758637
2021-06-10 10:06:51,1421.9,758651
2021-06-10 10:06:52,1421.9,758651
2021-06-10 10:06:53,1421.9,758671
2021-06-10 10:06:54,1421.9,758671
2021-06-10 10:06:55,1421.9,758696
2021-06-10 10:06:56,1421.9,758701
2021-06-10 10:06:57,1421.95,759132
2021-06-10 10:06:58,1421.95,759145
2021-06-10 10:06:59,1421.95,759146
2021-06-10 10:07:00,1421.85,759415
2021-06-10 10:07:01,1421.9,759437
2021-06-10 10:07:02,1421.9,759455
2021-06-10 10:07:03,1421.9,759455
2021-06-10 10:07:04,1421.95,759457
2021-06-10 10:07:05,1421.95,759487
2021-06-10 10:07:06,1421.9,759522
2021-06-10 10:07:07,1421.95,759583
2021-06-10 10:07:08,1421.9,759594
2021-06-10 10:07:09,1421.9,759734
2021-06-10 10:07:10,1421.9,759734
2021-06-10 10:07:11,1421.9,759734
2021-06-10 10:07:12,1421.35,759749
2021-06-10 10:07:13,1421.35,759750
2021-06-10 10:07:14,1421.35,759850
2021-06-10 10:07:15,1421.35,759850
2021-06-10 10:07:16,1421.9,759852
2021-06-10 10:07:17,1421.35,759857
2021-06-10 10:07:18,1421.9,759862
2021-06-10 10:07:19,1421.35,759967
2021-06-10 10:07:20,1421.85,759972
2021-06-10 10:07:21,1421.35,759986
2021-06-10 10:07:22,1421.35,759991
2021-06-10 10:07:23,1421.35,760006
2021-06-10 10:07:24,1421.8,760009
2021-06-10 10:07:25,1421.85,760012
2021-06-10 10:07:26,1421.35,760162
2021-06-10 10:07:27,1421.35,760170
2021-06-10 10:07:28,1421.75,760177
2021-06-10 10:07:29,1421.35,760244
2021-06-10 10:07:30,1421.35,760244
2021-06-10 10:07:32,1421.35,760279
2021-06-10 10:07:33,1421.35,760280
2021-06-10 10:07:35,1421.7,760289
2021-06-10 10:07:36,1421.35,760298
2021-06-10 10:07:37,1421.35,760399
2021-06-10 10:07:38,1421.35,760399
2021-06-10 10:07:39,1421.35,760458
2021-06-10 10:07:40,1421.35,760458
2021-06-10 10:07:41,1421.7,760469
2021-06-10 10:07:42,1421.7,760469
2021-06-10 10:07:43,1421.7,760483
2021-06-10 10:07:44,1421.7,760488
2021-06-10 10:07:45,1421.75,760516
2021-06-10 10:07:46,1421.7,760619
2021-06-10 10:07:47,1421.7,760772
2021-06-10 10:07:48,1421.55,760779
2021-06-10 10:07:49,1421.35,760783
2021-06-10 10:07:50,1421.35,760788
2021-06-10 10:07:51,1421.35,760862
2021-06-10 10:07:52,1421.35,760874
2021-06-10 10:07:53,1421.5,760924
2021-06-10 10:07:54,1421.5,760928
2021-06-10 10:07:55,1421.6,760934
2021-06-10 10:07:56,1421.6,760939
2021-06-10 10:07:58,1421.35,760945
2021-06-10 10:08:00,1421.6,760957
2021-06-10 10:08:01,1421.6,760957
2021-06-10 10:08:02,1421.6,760957
2021-06-10 10:08:03,1421.6,760959
2021-06-10 10:08:04,1421.6,760959
2021-06-10 10:08:05,1421.35,760996
2021-06-10 10:08:06,1421.35,760996
2021-06-10 10:08:07,1421.6,761002
2021-06-10 10:08:08,1421.5,761003
2021-06-10 10:08:10,1421.5,761148
2021-06-10 10:08:12,1421.55,761199
2021-06-10 10:08:13,1421.7,761316
2021-06-10 10:08:14,1421.55,761318
2021-06-10 10:08:15,1421.55,761337
2021-06-10 10:08:16,1421.55,761337
2021-06-10 10:08:17,1421.55,761367
2021-06-10 10:08:18,1421.55,761388
2021-06-10 10:08:19,1421.7,761418
2021-06-10 10:08:20,1421.7,761418
2021-06-10 10:08:21,1421.55,761474
2021-06-10 10:08:22,1421.55,761527
2021-06-10 10:08:23,1421.7,761698
2021-06-10 10:08:24,1421.55,761703
2021-06-10 10:08:25,1421.7,761723
2021-06-10 10:08:26,1421.7,761738
2021-06-10 10:08:28,1421.55,761763
2021-06-10 10:08:29,1421.7,761825
2021-06-10 10:08:30,1421.55,761826
2021-06-10 10:08:31,1421.55,761836
2021-06-10 10:08:32,1421.55,761836
2021-06-10 10:08:33,1421.7,761844
2021-06-10 10:08:34,1421.7,761844
2021-06-10 10:08:35,1421.7,761902
2021-06-10 10:08:36,1421.6,761960
2021-06-10 10:08:37,1421.55,762070
2021-06-10 10:08:38,1421.55,762070
2021-06-10 10:08:40,1421.7,762071
2021-06-10 10:08:40,1421.7,762071
2021-06-10 10:08:41,1421.7,762103
2021-06-10 10:08:43,1421.7,762315
2021-06-10 10:08:44,1421.6,762460
2021-06-10 10:08:45,1421.65,762470
2021-06-10 10:08:46,1421.6,762496
2021-06-10 10:08:47,1421.6,762496
2021-06-10 10:08:48,1421.65,762506
2021-06-10 10:08:49,1421.65,762506
2021-06-10 10:08:50,1421.6,762517
2021-06-10 10:08:51,1421.6,762525
2021-06-10 10:08:52,1421.6,762527
2021-06-10 10:08:53,1421.6,762577
2021-06-10 10:08:54,1421.65,762580
2021-06-10 10:08:55,1421.65,762580
2021-06-10 10:08:56,1421.5,762929
2021-06-10 10:08:57,1421.5,763018
2021-06-10 10:08:58,1421.5,763019
2021-06-10 10:08:59,1421.5,763230
2021-06-10 10:09:00,1421.35,763237
2021-06-10 10:09:01,1421.35,763238
2021-06-10 10:09:02,1421.45,763273
2021-06-10 10:09:03,1421.45,763501
2021-06-10 10:09:04,1421.45,763512
2021-06-10 10:09:05,1421.35,763739
2021-06-10 10:09:06,1421.35,763801
2021-06-10 10:09:07,1421.35,763874
2021-06-10 10:09:08,1421.35,763874
2021-06-10 10:09:09,1421.0,763882
2021-06-10 10:09:10,1421.35,763892
2021-06-10 10:09:11,1421.0,763893
2021-06-10 10:09:12,1421.0,763923
2021-06-10 10:09:13,1421.5,764526
2021-06-10 10:09:14,1421.25,764548
2021-06-10 10:09:15,1421.5,764549
2021-06-10 10:09:17,1421.5,764554
2021-06-10 10:09:17,1421.5,764554
2021-06-10 10:09:18,1421.5,764556
2021-06-10 10:09:19,1421.5,764592
2021-06-10 10:09:20,1421.5,764592
2021-06-10 10:09:21,1421.5,764599
2021-06-10 10:09:22,1421.35,764723
2021-06-10 10:09:23,1421.4,764724
2021-06-10 10:09:24,1421.4,764733
2021-06-10 10:09:25,1421.4,764733
2021-06-10 10:09:26,1421.45,764737
2021-06-10 10:09:27,1421.45,764747
2021-06-10 10:09:28,1421.45,764939
2021-06-10 10:09:29,1421.4,764991
2021-06-10 10:09:30,1421.4,765059
2021-06-10 10:09:31,1421.4,765084
2021-06-10 10:09:32,1421.45,765088
2021-06-10 10:09:34,1421.45,765110
2021-06-10 10:09:34,1421.45,765110
2021-06-10 10:09:35,1421.5,765335
2021-06-10 10:09:36,1421.45,765340
2021-06-10 10:09:37,1421.4,765596
2021-06-10 10:09:38,1421.4,765596
2021-06-10 10:09:39,1421.5,765627
2021-06-10 10:09:41,1421.5,765641
2021-06-10 10:09:42,1421.5,765643
2021-06-10 10:09:43,1421.5,765771
2021-06-10 10:09:44,1421.5,765790
2021-06-10 10:09:45,1421.5,765790
2021-06-10 10:09:46,1421.5,765791
2021-06-10 10:09:47,1421.5,765796
2021-06-10 10:09:48,1421.5,765796
2021-06-10 10:09:49,1421.5,765804
2021-06-10 10:09:51,1421.5,765812
2021-06-10 10:09:52,1421.45,765945
2021-06-10 10:09:54,1421.45,766105
2021-06-10 10:09:54,1421.5,766307
2021-06-10 10:09:55,1421.5,766307
2021-06-10 10:09:57,1421.55,766473
2021-06-10 10:09:58,1421.55,766503
2021-06-10 10:09:59,1421.55,766631
2021-06-10 10:10:01,1421.5,766808
2021-06-10 10:10:02,1421.5,767057
2021-06-10 10:10:03,1421.6,767091
2021-06-10 10:10:04,1421.6,767106
2021-06-10 10:10:06,1421.55,767127
2021-06-10 10:10:07,1421.6,767136
2021-06-10 10:10:08,1421.55,767138
2021-06-10 10:10:09,1421.6,767228
2021-06-10 10:10:10,1421.65,767231
2021-06-10 10:10:11,1421.6,767237
2021-06-10 10:10:12,1421.6,767312
2021-06-10 10:10:13,1421.65,767313
2021-06-10 10:10:14,1421.6,767359
2021-06-10 10:10:15,1421.65,767360
2021-06-10 10:10:16,1421.6,767430
2021-06-10 10:10:17,1421.6,767430
2021-06-10 10:10:18,1421.6,767430
2021-06-10 10:10:19,1421.65,767431
2021-06-10 10:10:20,1421.65,767566
2021-06-10 10:10:21,1421.7,767732
2021-06-10 10:10:22,1421.7,767860
2021-06-10 10:10:23,1421.95,768049
2021-06-10 10:10:24,1421.95,768217
2021-06-10 10:10:25,1421.95,768217
2021-06-10 10:10:26,1421.9,768346
2021-06-10 10:10:28,1421.9,769064
2021-06-10 10:10:28,1421.9,769074
2021-06-10 10:10:29,1421.9,771027
2021-06-10 10:10:30,1422.2,771076
2021-06-10 10:10:31,1422.3,771257
2021-06-10 10:10:32,1422.2,771456
2021-06-10 10:10:33,1422.25,771464
2021-06-10 10:10:34,1422.25,771488
2021-06-10 10:10:35,1422.2,771608
2021-06-10 10:10:36,1422.25,771613
2021-06-10 10:10:37,1422.25,771613
2021-06-10 10:10:38,1422.3,771813
2021-06-10 10:10:40,1422.2,771821
2021-06-10 10:10:40,1422.2,771821
2021-06-10 10:10:42,1422.3,772265
2021-06-10 10:10:43,1422.2,772296
2021-06-10 10:10:44,1422.2,772398
2021-06-10 10:10:45,1422.2,772433
2021-06-10 10:10:47,1422.3,772449
2021-06-10 10:10:47,1422.25,772455
2021-06-10 10:10:48,1422.25,772613
2021-06-10 10:10:49,1422.25,772747
2021-06-10 10:10:50,1422.2,772777
2021-06-10 10:10:51,1422.25,772933
2021-06-10 10:10:52,1422.25,773053
2021-06-10 10:10:53,1422.2,773057
2021-06-10 10:10:54,1422.2,773057
2021-06-10 10:10:55,1422.25,773062
2021-06-10 10:10:56,1422.25,773063
2021-06-10 10:10:59,1422.2,773309
2021-06-10 10:11:00,1422.2,773340
2021-06-10 10:11:01,1422.2,773344
2021-06-10 10:11:02,1422.2,773345
2021-06-10 10:11:03,1422.25,773480
2021-06-10 10:11:04,1422.25,773480
2021-06-10 10:11:05,1422.25,773483
2021-06-10 10:11:06,1422.2,773491
2021-06-10 10:11:07,1422.25,773661
2021-06-10 10:11:08,1422.25,773667
2021-06-10 10:11:09,1422.25,773667
2021-06-10 10:11:10,1422.2,773682
2021-06-10 10:11:11,1422.2,773682
2021-06-10 10:11:12,1422.25,773707
2021-06-10 10:11:14,1422.2,773938
2021-06-10 10:11:15,1422.25,774173
2021-06-10 10:11:16,1422.2,774184
2021-06-10 10:11:18,1422.2,774184
2021-06-10 10:11:19,1422.2,774184
2021-06-10 10:11:19,1422.2,774184
2021-06-10 10:11:20,1422.25,774279
2021-06-10 10:11:21,1422.2,774295
2021-06-10 10:11:22,1422.2,774299
2021-06-10 10:11:23,1422.2,774299
2021-06-10 10:11:24,1422.2,774444
2021-06-10 10:11:25,1422.2,774444
2021-06-10 10:11:27,1422.25,774447
2021-06-10 10:11:27,1422.25,774457
2021-06-10 10:11:29,1422.25,774990
2021-06-10 10:11:31,1422.25,775151
2021-06-10 10:11:32,1422.2,775163
2021-06-10 10:11:33,1422.25,775180
2021-06-10 10:11:34,1422.2,775205
2021-06-10 10:11:35,1422.2,775225
2021-06-10 10:11:38,1422.25,775387
2021-06-10 10:11:39,1422.25,775541
2021-06-10 10:11:40,1422.2,775617
2021-06-10 10:11:40,1422.2,775617
2021-06-10 10:11:41,1422.2,775647
2021-06-10 10:11:42,1422.2,775647
2021-06-10 10:11:43,1422.2,775668
2021-06-10 10:11:44,1422.25,775689
2021-06-10 10:11:45,1422.25,775689
2021-06-10 10:11:46,1422.2,775749
2021-06-10 10:11:47,1422.25,775788
2021-06-10 10:11:48,1422.25,775788
2021-06-10 10:11:49,1422.25,776405
2021-06-10 10:11:50,1422.25,776405
2021-06-10 10:11:51,1422.2,776417
2021-06-10 10:11:52,1422.2,776417
2021-06-10 10:11:53,1422.25,776448
2021-06-10 10:11:54,1422.2,776620
2021-06-10 10:11:55,1422.3,776657
2021-06-10 10:11:56,1422.3,776666
2021-06-10 10:11:57,1422.3,776666
2021-06-10 10:11:59,1422.3,776706
2021-06-10 10:12:00,1422.2,776849
2021-06-10 10:12:01,1422.2,776849
2021-06-10 10:12:02,1422.25,776864
2021-06-10 10:12:03,1422.35,776881
2021-06-10 10:12:04,1422.25,776882
2021-06-10 10:12:05,1422.25,776913
