timestamp,ltp,volume
2021-06-10 09:16:12,704.25,115764
2021-06-10 09:16:13,704.0,117170
2021-06-10 09:16:14,704.2,117455
2021-06-10 09:16:16,704.75,117724
2021-06-10 09:16:17,704.3,117960
2021-06-10 09:16:19,704.45,118123
2021-06-10 09:16:20,704.8,118221
2021-06-10 09:16:21,704.6,119059
2021-06-10 09:16:22,704.5,119171
2021-06-10 09:16:24,704.4,123778
2021-06-10 09:16:25,704.2,125790
2021-06-10 09:16:26,704.05,126143
2021-06-10 09:16:27,704.2,126309
2021-06-10 09:16:28,704.45,126963
2021-06-10 09:16:28,704.1,127074
2021-06-10 09:16:30,704.05,128416
2021-06-10 09:16:31,704.05,128560
2021-06-10 09:16:32,704.25,129775
2021-06-10 09:16:32,704.25,129775
2021-06-10 09:16:33,704.25,130239
2021-06-10 09:16:34,704.25,130400
2021-06-10 09:16:35,704.25,130529
2021-06-10 09:16:36,704.05,131069
2021-06-10 09:16:37,704.05,131081
2021-06-10 09:16:38,704.05,131455
2021-06-10 09:16:39,704.4,133844
2021-06-10 09:16:40,704.5,134573
2021-06-10 09:16:41,704.2,134772
2021-06-10 09:16:42,704.5,136279
2021-06-10 09:16:43,704.15,140496
2021-06-10 09:16:45,704.15,141116
2021-06-10 09:16:47,704.25,142035
2021-06-10 09:16:49,704.6,144904
2021-06-10 09:16:50,704.75,145318
2021-06-10 09:16:51,704.15,146169
2021-06-10 09:16:52,704.05,146238
2021-06-10 09:16:53,704.4,146339
2021-06-10 09:16:54,704.3,146374
2021-06-10 09:16:55,704.3,149884
2021-06-10 09:16:56,704.25,150056
2021-06-10 09:16:58,704.2,150748
2021-06-10 09:16:59,704.3,151949
2021-06-10 09:17:01,704.4,152305
2021-06-10 09:17:02,704.5,152405
2021-06-10 09:17:03,704.45,153121
2021-06-10 09:17:05,704.5,153811
2021-06-10 09:17:08,704.9,159043
2021-06-10 09:17:09,704.8,159112
2021-06-10 09:17:10,704.55,159692
2021-06-10 09:17:11,704.95,160038
2021-06-10 09:17:12,705.3,164330
2021-06-10 09:17:13,704.8,165033
2021-06-10 09:17:14,705.4,167368
2021-06-10 09:17:16,704.85,168716
2021-06-10 09:17:17,705.0,169805
2021-06-10 09:17:17,704.95,169848
2021-06-10 09:17:18,705.35,169908
2021-06-10 09:17:19,705.4,170436
2021-06-10 09:17:20,705.1,172263
2021-06-10 09:17:22,705.3,174145
2021-06-10 09:17:23,705.0,174510
2021-06-10 09:17:24,705.35,174855
2021-06-10 09:17:25,705.0,175080
2021-06-10 09:17:30,705.35,176985
2021-06-10 09:17:32,705.2,177917
2021-06-10 09:17:36,705.3,179031
2021-06-10 09:17:37,705.4,180056
2021-06-10 09:17:38,705.35,180076
2021-06-10 09:17:40,705.4,180568
2021-06-10 09:17:41,706.6,189778
2021-06-10 09:17:42,706.3,190040
2021-06-10 09:17:43,706.8,190882
2021-06-10 09:17:44,706.45,191969
2021-06-10 09:17:46,706.95,192888
2021-06-10 09:17:47,706.55,193304
2021-06-10 09:17:49,706.55,193899
2021-06-10 09:17:50,706.75,194660
2021-06-10 09:17:51,706.6,195360
2021-06-10 09:17:52,707.0,196136
2021-06-10 09:17:53,707.4,197985
2021-06-10 09:17:56,707.0,199080
2021-06-10 09:17:57,706.95,199613
2021-06-10 09:17:58,706.75,200400
2021-06-10 09:17:59,707.0,200709
2021-06-10 09:17:59,707.0,200739
2021-06-10 09:18:00,707.4,201071
2021-06-10 09:18:02,707.1,202709
2021-06-10 09:18:04,707.1,202741
2021-06-10 09:18:05,707.35,202920
2021-06-10 09:18:06,707.35,203416
2021-06-10 09:18:06,707.1,204363
2021-06-10 09:18:08,707.3,208220
2021-06-10 09:18:13,706.9,228615
2021-06-10 09:18:14,707.05,228957
2021-06-10 09:18:15,707.05,229065
2021-06-10 09:18:16,707.1,229134
2021-06-10 09:18:18,707.05,230545
2021-06-10 09:18:18,707.05,230580
2021-06-10 09:18:19,707.05,230690
2021-06-10 09:18:20,707.0,231807
2021-06-10 09:18:21,707.1,232017
2021-06-10 09:18:22,706.95,232323
2021-06-10 09:18:23,706.85,232990
2021-06-10 09:18:24,707.4,241320
2021-06-10 09:18:25,707.1,243020
2021-06-10 09:18:27,707.55,248316
2021-06-10 09:18:29,707.95,251853
2021-06-10 09:18:31,707.7,254782
2021-06-10 09:18:32,708.0,255394
2021-06-10 09:18:33,708.35,257016
2021-06-10 09:18:34,707.75,257240
2021-06-10 09:18:35,708.15,257381
2021-06-10 09:18:36,707.8,258124
2021-06-10 09:18:37,707.9,258654
2021-06-10 09:18:38,707.8,258794
2021-06-10 09:18:39,707.9,259507
2021-06-10 09:18:40,708.0,259771
2021-06-10 09:18:41,708.0,260507
2021-06-10 09:18:43,707.85,262210
2021-06-10 09:18:44,708.0,262918
2021-06-10 09:18:45,708.1,262997
2021-06-10 09:18:46,708.0,263299
2021-06-10 09:18:47,707.85,263423
2021-06-10 09:18:48,707.85,264038
2021-06-10 09:18:49,707.85,264315
2021-06-10 09:18:50,707.9,266230
2021-06-10 09:18:51,708.3,266974
2021-06-10 09:18:53,708.1,267004
2021-06-10 09:18:53,708.05,267348
2021-06-10 09:18:54,708.05,267348
2021-06-10 09:18:55,708.0,267578
2021-06-10 09:18:57,708.2,268985
2021-06-10 09:18:58,708.2,270145
2021-06-10 09:18:59,708.3,270406
2021-06-10 09:19:00,708.2,270573
2021-06-10 09:19:01,708.0,270697
2021-06-10 09:19:02,708.2,270950
2021-06-10 09:19:03,708.05,275255
2021-06-10 09:19:04,707.7,275384
2021-06-10 09:19:04,707.7,275384
2021-06-10 09:19:05,708.0,275581
2021-06-10 09:19:06,708.05,275811
2021-06-10 09:19:07,707.7,276179
2021-06-10 09:19:09,708.0,276933
2021-06-10 09:19:10,707.9,280493
2021-06-10 09:19:11,708.0,281127
2021-06-10 09:19:12,708.0,281332
2021-06-10 09:19:14,707.95,281553
2021-06-10 09:19:15,707.7,282213
2021-06-10 09:19:15,707.75,282263
2021-06-10 09:19:16,707.65,282577
2021-06-10 09:19:18,708.0,284246
2021-06-10 09:19:19,707.85,284868
2021-06-10 09:19:20,707.9,289681
2021-06-10 09:19:21,708.45,290761
2021-06-10 09:19:22,708.05,291298
2021-06-10 09:19:23,708.0,293191
2021-06-10 09:19:24,708.05,293722
2021-06-10 09:19:25,708.0,294797
2021-06-10 09:19:26,707.75,298187
2021-06-10 09:19:27,708.0,300879
2021-06-10 09:19:28,708.0,301175
2021-06-10 09:19:29,708.05,301737
2021-06-10 09:19:30,708.0,302341
2021-06-10 09:19:33,707.9,303004
2021-06-10 09:19:34,707.8,303623
2021-06-10 09:19:35,707.8,303623
2021-06-10 09:19:36,708.35,307516
2021-06-10 09:19:38,708.2,308101
2021-06-10 09:19:39,708.45,308535
2021-06-10 09:19:41,708.25,309027
2021-06-10 09:19:42,708.85,312145
2021-06-10 09:19:43,708.55,315651
2021-06-10 09:19:44,708.45,316551
2021-06-10 09:19:45,708.95,316713
2021-06-10 09:19:46,708.8,317125
2021-06-10 09:19:47,708.6,317642
2021-06-10 09:19:48,709.2,328141
2021-06-10 09:19:49,708.8,328235
2021-06-10 09:19:50,709.45,329207
2021-06-10 09:19:51,709.05,329292
2021-06-10 09:19:52,709.8,332377
2021-06-10 09:19:53,709.9,333684
2021-06-10 09:19:53,709.9,333686
2021-06-10 09:19:54,710.15,348805
2021-06-10 09:19:55,710.2,349592
2021-06-10 09:19:57,710.4,350330
2021-06-10 09:19:58,709.8,351124
2021-06-10 09:19:59,710.0,352145
2021-06-10 09:20:00,709.75,352996
2021-06-10 09:20:00,709.9,353251
2021-06-10 09:20:01,709.85,353594
2021-06-10 09:20:02,710.05,354260
2021-06-10 09:20:04,710.0,354903
2021-06-10 09:20:05,709.85,358338
2021-06-10 09:20:06,709.85,359250
2021-06-10 09:20:07,709.5,387094
2021-06-10 09:20:08,709.5,387829
2021-06-10 09:20:09,709.35,388654
2021-06-10 09:20:10,709.65,390206
2021-06-10 09:20:11,709.3,390603
2021-06-10 09:20:12,709.3,391853
2021-06-10 09:20:13,709.8,392742
2021-06-10 09:20:14,709.6,392870
2021-06-10 09:20:15,709.65,392994
2021-06-10 09:20:16,710.1,398719
2021-06-10 09:20:17,709.9,398993
2021-06-10 09:20:17,709.95,398984
2021-06-10 09:20:19,710.0,400031
2021-06-10 09:20:19,709.85,400564
2021-06-10 09:20:20,710.0,405169
2021-06-10 09:20:21,710.0,406398
2021-06-10 09:20:23,709.65,406899
2021-06-10 09:20:24,710.0,411095
2021-06-10 09:20:25,710.5,414363
2021-06-10 09:20:25,710.7,415864
2021-06-10 09:20:27,710.0,418197
2021-06-10 09:20:28,710.0,419398
2021-06-10 09:20:29,710.0,419440
2021-06-10 09:20:30,709.95,419850
2021-06-10 09:20:31,710.35,421550
2021-06-10 09:20:32,710.0,421905
2021-06-10 09:20:33,710.2,422738
2021-06-10 09:20:34,710.4,425257
2021-06-10 09:20:35,710.45,426021
2021-06-10 09:20:36,710.15,428238
2021-06-10 09:20:36,710.55,428538
2021-06-10 09:20:37,710.7,429817
2021-06-10 09:20:39,710.3,431094
2021-06-10 09:20:40,710.25,432439
2021-06-10 09:20:42,710.25,433696
2021-06-10 09:20:43,710.15,444573
2021-06-10 09:20:46,710.0,448962
2021-06-10 09:20:47,710.05,449340
2021-06-10 09:20:48,710.1,449448
2021-06-10 09:20:50,710.2,450983
2021-06-10 09:20:51,710.05,451060
2021-06-10 09:20:54,710.0,452877
2021-06-10 09:20:55,710.0,455512
2021-06-10 09:20:56,709.95,455831
2021-06-10 09:20:57,709.95,455862
2021-06-10 09:20:57,710.0,456399
2021-06-10 09:20:58,709.7,456789
2021-06-10 09:20:59,709.95,457503
2021-06-10 09:21:00,709.85,458082
2021-06-10 09:21:02,709.7,458467
2021-06-10 09:21:03,709.35,461792
2021-06-10 09:21:04,709.7,462510
2021-06-10 09:21:06,709.75,462602
2021-06-10 09:21:08,709.7,463364
2021-06-10 09:21:09,709.6,463589
2021-06-10 09:21:11,709.55,464100
2021-06-10 09:21:12,709.5,464375
2021-06-10 09:21:13,709.4,465310
2021-06-10 09:21:14,709.2,465662
2021-06-10 09:21:17,708.7,474867
2021-06-10 09:21:18,708.6,474938
2021-06-10 09:21:19,708.65,477707
2021-06-10 09:21:20,708.85,478249
2021-06-10 09:21:21,708.7,482035
2021-06-10 09:21:23,709.2,482184
2021-06-10 09:21:23,708.7,482793
2021-06-10 09:21:24,708.75,482836
2021-06-10 09:21:25,709.0,482972
2021-06-10 09:21:26,708.55,483497
2021-06-10 09:21:27,708.7,483747
2021-06-10 09:21:28,709.0,484528
2021-06-10 09:21:29,708.7,485018
2021-06-10 09:21:30,708.85,485048
2021-06-10 09:21:31,708.7,487234
2021-06-10 09:21:32,708.7,487361
2021-06-10 09:21:33,708.6,488205
2021-06-10 09:21:34,708.85,488785
2021-06-10 09:21:36,708.65,489045
2021-06-10 09:21:37,708.9,489251
2021-06-10 09:21:38,708.6,489676
2021-06-10 09:21:39,709.0,490686
2021-06-10 09:21:40,709.0,491100
2021-06-10 09:21:41,708.7,491211
2021-06-10 09:21:42,708.7,491211
2021-06-10 09:21:43,709.0,495598
2021-06-10 09:21:44,709.0,496278
2021-06-10 09:21:45,708.8,496343
2021-06-10 09:21:46,708.45,497578
2021-06-10 09:21:47,708.55,498305
2021-06-10 09:21:48,708.7,498436
2021-06-10 09:21:49,708.95,500435
2021-06-10 09:21:50,708.65,500942
2021-06-10 09:21:51,708.7,501147
2021-06-10 09:21:52,708.4,501182
2021-06-10 09:21:53,708.65,501516
2021-06-10 09:21:54,708.4,501906
2021-06-10 09:21:55,708.5,502186
2021-06-10 09:21:56,708.4,502430
2021-06-10 09:21:57,708.35,503069
2021-06-10 09:21:58,708.35,503254
2021-06-10 09:21:59,708.2,504093
2021-06-10 09:22:00,708.5,504166
2021-06-10 09:22:01,708.0,505581
2021-06-10 09:22:02,708.0,506001
2021-06-10 09:22:03,708.2,506162
2021-06-10 09:22:04,708.25,506250
2021-06-10 09:22:05,708.4,506951
2021-06-10 09:22:06,708.2,509126
2021-06-10 09:22:07,708.45,509783
2021-06-10 09:22:08,708.15,509877
2021-06-10 09:22:09,708.3,510000
2021-06-10 09:22:10,708.4,510492
2021-06-10 09:22:11,708.5,512282
2021-06-10 09:22:12,708.55,512887
2021-06-10 09:22:13,708.2,513127
2021-06-10 09:22:14,708.15,513575
2021-06-10 09:22:15,708.15,513586
2021-06-10 09:22:16,708.25,515619
2021-06-10 09:22:17,708.25,516029
2021-06-10 09:22:18,708.1,518154
2021-06-10 09:22:19,708.2,518834
2021-06-10 09:22:20,708.45,520510
2021-06-10 09:22:21,708.85,521010
2021-06-10 09:22:22,708.5,522009
2021-06-10 09:22:23,708.7,522435
2021-06-10 09:22:24,709.7,530359
2021-06-10 09:22:25,709.4,530647
2021-06-10 09:22:26,709.95,531476
2021-06-10 09:22:27,709.95,531878
2021-06-10 09:22:28,710.0,532832
2021-06-10 09:22:29,709.55,533105
2021-06-10 09:22:30,710.0,535050
2021-06-10 09:22:31,709.65,535175
2021-06-10 09:22:32,710.0,536488
2021-06-10 09:22:33,710.1,547853
2021-06-10 09:22:34,710.0,548652
2021-06-10 09:22:35,710.0,549615
2021-06-10 09:22:36,709.7,550290
2021-06-10 09:22:37,709.9,551395
2021-06-10 09:22:38,709.85,551895
2021-06-10 09:22:39,709.75,553478
2021-06-10 09:22:40,709.7,553568
2021-06-10 09:22:41,709.6,554261
2021-06-10 09:22:42,708.95,555878
2021-06-10 09:22:43,708.6,556152
2021-06-10 09:22:44,708.9,556262
2021-06-10 09:22:45,709.0,558448
2021-06-10 09:22:46,708.95,558602
2021-06-10 09:22:47,708.65,559073
2021-06-10 09:22:48,708.5,560439
2021-06-10 09:22:49,708.85,560741
2021-06-10 09:22:50,708.5,560927
2021-06-10 09:22:51,708.75,561018
2021-06-10 09:22:52,708.65,561201
2021-06-10 09:22:53,708.6,561333
2021-06-10 09:22:54,708.5,561708
2021-06-10 09:22:55,708.5,562925
2021-06-10 09:22:56,708.8,563077
2021-06-10 09:22:57,708.8,563358
2021-06-10 09:22:58,708.9,563490
2021-06-10 09:22:59,708.7,563710
2021-06-10 09:23:00,710.25,587317
2021-06-10 09:23:01,710.05,588008
2021-06-10 09:23:02,710.05,588339
2021-06-10 09:23:03,710.0,588752
2021-06-10 09:23:04,710.35,590598
2021-06-10 09:23:05,710.2,591349
2021-06-10 09:23:07,710.4,593480
2021-06-10 09:23:09,711.3,611774
2021-06-10 09:23:08,711.2,608120
2021-06-10 09:23:10,711.7,616583
2021-06-10 09:23:11,711.5,617115
2021-06-10 09:23:12,711.55,617712
2021-06-10 09:23:13,712.0,623670
2021-06-10 09:23:14,711.85,624831
2021-06-10 09:23:15,711.85,625384
2021-06-10 09:23:16,712.5,635399
2021-06-10 09:23:17,711.95,635944
2021-06-10 09:23:18,712.3,640345
2021-06-10 09:23:19,712.5,641034
2021-06-10 09:23:20,712.5,642307
2021-06-10 09:23:23,712.4,647775
2021-06-10 09:23:24,712.1,648240
2021-06-10 09:23:25,712.05,649004
2021-06-10 09:23:26,712.1,649905
2021-06-10 09:23:27,712.1,654094
2021-06-10 09:23:28,712.55,656157
2021-06-10 09:23:29,712.1,658916
2021-06-10 09:23:30,712.4,659539
2021-06-10 09:23:31,712.15,660146
2021-06-10 09:23:32,712.15,660509
2021-06-10 09:23:33,712.25,661063
2021-06-10 09:23:34,712.65,663003
2021-06-10 09:23:35,712.8,664846
2021-06-10 09:23:36,712.7,665306
2021-06-10 09:23:37,712.5,665584
2021-06-10 09:23:39,712.6,665738
2021-06-10 09:23:40,712.3,666720
2021-06-10 09:23:41,712.5,666872
2021-06-10 09:23:42,712.5,667670
2021-06-10 09:23:43,712.35,674978
2021-06-10 09:23:44,712.4,675739
2021-06-10 09:23:45,712.4,677608
2021-06-10 09:23:46,712.35,680355
2021-06-10 09:23:47,711.55,682598
2021-06-10 09:23:50,712.0,688614
2021-06-10 09:23:51,712.0,688691
2021-06-10 09:23:52,711.8,688846
2021-06-10 09:23:53,712.0,690313
2021-06-10 09:23:54,711.75,690503
2021-06-10 09:23:56,711.75,691987
2021-06-10 09:23:56,712.0,691937
2021-06-10 09:23:57,712.0,693005
2021-06-10 09:23:59,711.65,695171
2021-06-10 09:24:01,712.0,695762
2021-06-10 09:24:02,712.35,702546
2021-06-10 09:24:03,712.05,703511
2021-06-10 09:24:04,712.0,704635
2021-06-10 09:24:05,712.0,706057
2021-06-10 09:24:06,712.0,707517
2021-06-10 09:24:07,712.0,708142
2021-06-10 09:24:08,712.0,708935
2021-06-10 09:24:09,712.4,710130
2021-06-10 09:24:10,712.2,711710
2021-06-10 09:24:11,712.5,714118
2021-06-10 09:24:12,712.45,717055
2021-06-10 09:24:13,712.5,717678
2021-06-10 09:24:14,712.5,719387
2021-06-10 09:24:16,712.4,719804
2021-06-10 09:24:17,712.7,721494
2021-06-10 09:24:18,712.4,721697
2021-06-10 09:24:18,712.35,721717
2021-06-10 09:24:19,712.6,722005
2021-06-10 09:24:20,712.5,722905
2021-06-10 09:24:21,712.25,723107
2021-06-10 09:24:22,712.4,724128
2021-06-10 09:24:24,712.25,724698
2021-06-10 09:24:24,712.2,725281
2021-06-10 09:24:25,712.0,730854
2021-06-10 09:24:26,712.0,731063
2021-06-10 09:24:27,712.25,732013
2021-06-10 09:24:28,712.3,733863
2021-06-10 09:24:29,712.25,734402
2021-06-10 09:24:30,711.9,735671
2021-06-10 09:24:31,712.05,735860
2021-06-10 09:24:33,711.95,736863
2021-06-10 09:24:34,711.95,736933
2021-06-10 09:24:35,712.2,737301
2021-06-10 09:24:35,712.05,737357
2021-06-10 09:24:36,712.2,737387
2021-06-10 09:24:37,712.15,738120
2021-06-10 09:24:38,712.2,738957
2021-06-10 09:24:39,712.2,739062
2021-06-10 09:24:41,711.85,745753
2021-06-10 09:24:42,711.7,747205
2021-06-10 09:24:43,711.75,748971
2021-06-10 09:24:44,711.9,749219
2021-06-10 09:24:45,711.9,749420
2021-06-10 09:24:46,712.05,755272
2021-06-10 09:24:47,711.9,757539
2021-06-10 09:24:48,712.2,757584
2021-06-10 09:24:49,712.0,759160
2021-06-10 09:24:50,712.2,759523
2021-06-10 09:24:51,712.3,760477
2021-06-10 09:24:52,712.0,761930
2021-06-10 09:24:53,711.7,761968
2021-06-10 09:24:54,711.85,762306
2021-06-10 09:24:55,711.9,762600
2021-06-10 09:24:56,711.6,763145
2021-06-10 09:24:58,711.8,765392
2021-06-10 09:24:59,711.7,767847
2021-06-10 09:25:00,711.7,768471
2021-06-10 09:25:01,711.7,768477
2021-06-10 09:25:02,712.0,769212
2021-06-10 09:25:03,712.1,770724
2021-06-10 09:25:04,712.0,771568
2021-06-10 09:25:06,712.2,772241
2021-06-10 09:25:07,712.1,772353
2021-06-10 09:25:08,712.1,775026
2021-06-10 09:25:09,712.1,775520
2021-06-10 09:25:10,712.05,775891
2021-06-10 09:25:11,712.05,775929
2021-06-10 09:25:12,712.0,776089
2021-06-10 09:25:13,712.0,777491
2021-06-10 09:25:14,711.9,778235
2021-06-10 09:25:17,712.05,780247
2021-06-10 09:25:17,712.1,780277
2021-06-10 09:25:18,712.0,780447
2021-06-10 09:25:19,711.65,781597
2021-06-10 09:25:20,711.85,782769
2021-06-10 09:25:21,711.9,783506
2021-06-10 09:25:22,711.6,783528
2021-06-10 09:25:25,711.6,786761
2021-06-10 09:25:26,711.75,787056
2021-06-10 09:25:27,711.75,787249
2021-06-10 09:25:29,711.75,789787
2021-06-10 09:25:30,711.5,790014
2021-06-10 09:25:31,711.8,790825
2021-06-10 09:25:32,711.75,791178
2021-06-10 09:25:33,711.6,791853
2021-06-10 09:25:34,711.85,792313
2021-06-10 09:25:35,711.9,793901
2021-06-10 09:25:36,712.0,794802
2021-06-10 09:25:37,711.85,794890
2021-06-10 09:25:38,712.0,794990
2021-06-10 09:25:39,712.5,806117
2021-06-10 09:25:40,712.0,807029
2021-06-10 09:25:41,712.15,808440
2021-06-10 09:25:42,712.15,808758
2021-06-10 09:25:43,712.0,810768
2021-06-10 09:25:44,712.0,811005
2021-06-10 09:25:45,711.95,811079
2021-06-10 09:25:46,712.0,811814
2021-06-10 09:25:47,711.8,812182
2021-06-10 09:25:48,712.05,813377
2021-06-10 09:25:49,712.0,813556
2021-06-10 09:25:51,712.0,813615
2021-06-10 09:25:51,712.0,813695
2021-06-10 09:25:52,712.0,814297
2021-06-10 09:25:53,711.75,814509
2021-06-10 09:25:54,711.75,814681
2021-06-10 09:25:57,711.6,818140
2021-06-10 09:25:58,711.6,818243
2021-06-10 09:25:59,711.85,818840
2021-06-10 09:26:00,711.8,819091
2021-06-10 09:26:01,711.85,819377
2021-06-10 09:26:02,711.6,820019
2021-06-10 09:26:03,711.5,820450
2021-06-10 09:26:04,711.6,820719
2021-06-10 09:26:05,711.6,820775
2021-06-10 09:26:06,711.3,824932
2021-06-10 09:26:07,710.95,833133
2021-06-10 09:26:08,711.2,837186
2021-06-10 09:26:09,710.75,837234
2021-06-10 09:26:10,710.8,838379
2021-06-10 09:26:11,710.75,842392
2021-06-10 09:26:12,710.9,842490
2021-06-10 09:26:13,711.05,842713
2021-06-10 09:26:14,711.3,843392
2021-06-10 09:26:15,711.25,844233
2021-06-10 09:26:16,710.9,844357
2021-06-10 09:26:17,711.1,846475
2021-06-10 09:26:18,711.0,848260
2021-06-10 09:26:19,711.55,849942
2021-06-10 09:26:20,711.3,851045
2021-06-10 09:26:21,711.5,852733
2021-06-10 09:26:22,711.2,852910
2021-06-10 09:26:22,711.6,853500
2021-06-10 09:26:23,711.8,854777
2021-06-10 09:26:24,711.6,855450
2021-06-10 09:26:25,711.8,855615
2021-06-10 09:26:27,711.2,856991
2021-06-10 09:26:28,711.6,857360
2021-06-10 09:26:31,711.25,858059
2021-06-10 09:26:32,711.2,858264
2021-06-10 09:26:33,711.55,859049
2021-06-10 09:26:34,711.2,859694
2021-06-10 09:26:35,711.2,860694
2021-06-10 09:26:37,711.2,863846
2021-06-10 09:26:37,711.55,864187
2021-06-10 09:26:38,711.5,864557
2021-06-10 09:26:39,711.35,867400
2021-06-10 09:26:40,711.6,867924
2021-06-10 09:26:41,711.95,881600
2021-06-10 09:26:42,711.7,882235
2021-06-10 09:26:43,711.6,883870
2021-06-10 09:26:44,711.35,884140
2021-06-10 09:26:45,711.35,884744
2021-06-10 09:26:46,711.25,885875
2021-06-10 09:26:47,711.2,886043
2021-06-10 09:26:48,710.65,886807
2021-06-10 09:26:49,710.45,887294
2021-06-10 09:26:52,710.4,892816
2021-06-10 09:26:53,710.35,893083
2021-06-10 09:26:54,710.35,894155
2021-06-10 09:26:56,710.7,895080
2021-06-10 09:26:56,710.8,895882
2021-06-10 09:26:57,710.4,896412
2021-06-10 09:26:58,710.75,896550
2021-06-10 09:26:59,710.65,896893
2021-06-10 09:27:00,710.6,897013
2021-06-10 09:27:01,710.9,900379
2021-06-10 09:27:02,710.9,902450
2021-06-10 09:27:04,710.85,902646
2021-06-10 09:27:05,710.7,903711
2021-06-10 09:27:06,710.85,905201
2021-06-10 09:27:07,710.55,905251
2021-06-10 09:27:09,710.3,908025
2021-06-10 09:27:10,710.65,908304
2021-06-10 09:27:10,710.4,908274
2021-06-10 09:27:11,710.5,908908
2021-06-10 09:27:12,710.3,909102
2021-06-10 09:27:13,710.3,910373
2021-06-10 09:27:14,710.3,911958
2021-06-10 09:27:15,710.3,916090
2021-06-10 09:27:16,710.4,916198
2021-06-10 09:27:17,710.5,916863
2021-06-10 09:27:18,710.3,917025
2021-06-10 09:27:19,710.1,917673
2021-06-10 09:27:21,710.3,918323
2021-06-10 09:27:22,710.7,919273
2021-06-10 09:27:23,710.5,920035
2021-06-10 09:27:25,710.4,925226
2021-06-10 09:27:26,710.3,925698
2021-06-10 09:27:28,710.85,926411
2021-06-10 09:27:28,710.55,930028
2021-06-10 09:27:29,710.5,931696
2021-06-10 09:27:32,710.85,932609
2021-06-10 09:27:33,710.65,933256
2021-06-10 09:27:34,711.4,937719
2021-06-10 09:27:35,711.7,938012
2021-06-10 09:27:35,711.25,938072
2021-06-10 09:27:36,711.65,938307
2021-06-10 09:27:37,711.8,940114
2021-06-10 09:27:39,711.7,940375
2021-06-10 09:27:40,711.55,941561
2021-06-10 09:27:41,711.6,941747
2021-06-10 09:27:42,711.5,941857
2021-06-10 09:27:43,711.8,941994
2021-06-10 09:27:44,711.45,942034
2021-06-10 09:27:44,711.7,942313
2021-06-10 09:27:45,711.7,942323
2021-06-10 09:27:46,711.45,942393
2021-06-10 09:27:47,711.45,942416
2021-06-10 09:27:48,710.95,947205
2021-06-10 09:27:50,710.6,948115
2021-06-10 09:27:51,710.75,948431
2021-06-10 09:27:52,710.75,948434
2021-06-10 09:27:53,710.3,950059
2021-06-10 09:27:53,710.3,950412
2021-06-10 09:27:54,710.35,951435
2021-06-10 09:27:55,710.1,952263
2021-06-10 09:27:56,710.1,953213
2021-06-10 09:27:58,710.1,953379
2021-06-10 09:27:59,710.55,953438
2021-06-10 09:28:00,710.3,953709
2021-06-10 09:28:01,710.25,954391
2021-06-10 09:28:02,710.3,954725
2021-06-10 09:28:03,710.3,956160
2021-06-10 09:28:05,710.2,956560
2021-06-10 09:28:06,710.2,957786
2021-06-10 09:28:07,710.25,958566
2021-06-10 09:28:07,710.25,958566
2021-06-10 09:28:08,710.15,963798
2021-06-10 09:28:10,710.25,964108
2021-06-10 09:28:11,710.4,966676
2021-06-10 09:28:12,710.55,966734
2021-06-10 09:28:13,710.5,967234
2021-06-10 09:28:14,710.35,967822
2021-06-10 09:28:15,710.35,967893
2021-06-10 09:28:16,710.5,968734
2021-06-10 09:28:19,710.55,970855
2021-06-10 09:28:20,710.6,971042
2021-06-10 09:28:21,710.55,971820
2021-06-10 09:28:22,710.9,972132
2021-06-10 09:28:22,710.9,972132
2021-06-10 09:28:23,710.9,972132
2021-06-10 09:28:24,710.8,972645
2021-06-10 09:28:25,710.8,972707
2021-06-10 09:28:27,710.85,972996
2021-06-10 09:28:28,710.9,973987
2021-06-10 09:28:29,710.9,974009
2021-06-10 09:28:30,710.55,974059
2021-06-10 09:28:31,710.6,974710
2021-06-10 09:28:31,710.6,974710
2021-06-10 09:28:32,710.65,975018
2021-06-10 09:28:33,710.7,975108
2021-06-10 09:28:34,710.5,975443
2021-06-10 09:28:35,710.55,975835
2021-06-10 09:28:37,710.75,976306
2021-06-10 09:28:38,710.9,976803
2021-06-10 09:28:39,710.75,976903
2021-06-10 09:28:40,710.75,977653
2021-06-10 09:28:40,710.75,977653
2021-06-10 09:28:41,710.9,977740
2021-06-10 09:28:43,710.85,978007
2021-06-10 09:28:44,710.75,980012
2021-06-10 09:28:45,710.8,980312
2021-06-10 09:28:46,710.4,980554
2021-06-10 09:28:46,710.5,980429
2021-06-10 09:28:47,710.7,981576
2021-06-10 09:28:50,710.4,983526
2021-06-10 09:28:51,710.35,985669
2021-06-10 09:28:52,710.5,985769
2021-06-10 09:28:52,710.5,985760
2021-06-10 09:28:53,710.5,985794
2021-06-10 09:28:56,710.65,987183
2021-06-10 09:28:57,710.5,987646
2021-06-10 09:28:57,710.4,987756
2021-06-10 09:28:58,710.5,987906
2021-06-10 09:28:59,710.45,987922
2021-06-10 09:29:00,710.8,989381
2021-06-10 09:29:02,711.45,999202
2021-06-10 09:29:03,711.1,999916
2021-06-10 09:29:04,711.5,1001052
2021-06-10 09:29:04,711.35,1000052
2021-06-10 09:29:05,710.4,1020935
2021-06-10 09:29:07,710.4,1021106
2021-06-10 09:29:08,710.2,1021551
2021-06-10 09:29:09,710.4,1021556
2021-06-10 09:29:09,710.4,1021556
2021-06-10 09:29:10,710.5,1022157
2021-06-10 09:29:11,710.5,1022903
2021-06-10 09:29:13,710.4,1023273
2021-06-10 09:29:14,710.55,1023718
2021-06-10 09:29:15,710.55,1024285
2021-06-10 09:29:15,710.45,1024385
2021-06-10 09:29:16,710.4,1025020
2021-06-10 09:29:18,710.55,1025795
2021-06-10 09:29:19,710.6,1027477
2021-06-10 09:29:20,711.0,1027712
2021-06-10 09:29:21,711.25,1029913
2021-06-10 09:29:21,711.25,1030015
2021-06-10 09:29:22,711.05,1030192
2021-06-10 09:29:23,711.05,1031011
2021-06-10 09:29:24,711.0,1031236
2021-06-10 09:29:25,711.05,1032741
2021-06-10 09:29:26,711.0,1033544
2021-06-10 09:29:28,710.7,1033880
2021-06-10 09:29:29,711.1,1034084
2021-06-10 09:29:30,710.8,1034449
2021-06-10 09:29:30,710.8,1034449
2021-06-10 09:29:31,711.45,1035395
2021-06-10 09:29:33,711.4,1036324
2021-06-10 09:29:35,711.0,1037044
2021-06-10 09:29:36,710.85,1038344
2021-06-10 09:29:36,710.85,1038694
2021-06-10 09:29:37,711.2,1039053
2021-06-10 09:29:40,711.3,1040703
2021-06-10 09:29:41,711.1,1040957
2021-06-10 09:29:42,711.25,1041127
2021-06-10 09:29:43,711.0,1041851
2021-06-10 09:29:44,711.2,1043408
2021-06-10 09:29:45,711.2,1043458
2021-06-10 09:29:46,710.95,1043560
2021-06-10 09:29:47,711.0,1043660
2021-06-10 09:29:48,710.95,1043863
2021-06-10 09:29:48,711.0,1043660
2021-06-10 09:29:50,711.0,1044267
2021-06-10 09:29:50,711.0,1044267
2021-06-10 09:29:51,710.85,1044509
2021-06-10 09:29:52,710.85,1044630
2021-06-10 09:29:53,710.85,1045120
2021-06-10 09:29:54,710.9,1048188
2021-06-10 09:29:56,710.7,1048208
2021-06-10 09:29:57,710.7,1048333
2021-06-10 09:29:58,710.7,1048393
2021-06-10 09:29:59,710.5,1052811
2021-06-10 09:30:00,710.45,1054961
2021-06-10 09:30:00,710.7,1054966
2021-06-10 09:30:01,710.6,1055943
2021-06-10 09:30:02,711.25,1059168
2021-06-10 09:30:04,710.9,1061198
2021-06-10 09:30:05,711.05,1062496
2021-06-10 09:30:06,711.0,1062785
2021-06-10 09:30:07,711.4,1063026
2021-06-10 09:30:08,711.3,1063215
2021-06-10 09:30:11,711.55,1067044
2021-06-10 09:30:09,711.4,1063421
2021-06-10 09:30:12,711.4,1067454
2021-06-10 09:30:13,711.2,1068207
2021-06-10 09:30:14,711.45,1068371
2021-06-10 09:30:15,711.2,1068501
2021-06-10 09:30:16,711.5,1069277
2021-06-10 09:30:17,711.7,1070731
2021-06-10 09:30:19,711.7,1071543
2021-06-10 09:30:21,711.85,1074112
2021-06-10 09:30:22,711.85,1074580
2021-06-10 09:30:22,711.85,1074580
2021-06-10 09:30:24,711.85,1074863
2021-06-10 09:30:25,711.85,1074918
2021-06-10 09:30:26,712.2,1086638
2021-06-10 09:30:27,712.1,1088793
2021-06-10 09:30:28,712.1,1089128
2021-06-10 09:30:28,712.1,1089228
2021-06-10 09:30:30,712.4,1089572
2021-06-10 09:30:31,712.4,1090100
2021-06-10 09:30:32,712.4,1091777
2021-06-10 09:30:33,712.45,1092073
2021-06-10 09:30:34,712.15,1092272
2021-06-10 09:30:34,712.15,1092172
2021-06-10 09:30:36,712.0,1094662
2021-06-10 09:30:37,712.0,1095014
2021-06-10 09:30:38,712.0,1096406
2021-06-10 09:30:39,712.25,1096628
2021-06-10 09:30:39,712.0,1097256
2021-06-10 09:30:41,712.3,1097467
2021-06-10 09:30:42,712.15,1098444
2021-06-10 09:30:43,712.1,1099134
2021-06-10 09:30:44,712.1,1099308
2021-06-10 09:30:45,712.35,1099950
2021-06-10 09:30:45,712.35,1099950
2021-06-10 09:30:47,712.0,1100302
2021-06-10 09:30:48,712.35,1100444
2021-06-10 09:30:49,712.25,1103503
2021-06-10 09:30:50,712.4,1103713
2021-06-10 09:30:50,712.35,1103714
2021-06-10 09:30:52,712.3,1103970
2021-06-10 09:30:53,712.35,1104337
2021-06-10 09:30:54,712.35,1104462
2021-06-10 09:30:55,712.35,1104880
2021-06-10 09:30:56,712.2,1106272
2021-06-10 09:30:56,712.3,1106433
2021-06-10 09:30:58,712.15,1106840
2021-06-10 09:30:59,712.25,1107613
2021-06-10 09:31:00,712.25,1107745
2021-06-10 09:31:01,712.2,1108262
2021-06-10 09:31:01,712.15,1108442
2021-06-10 09:31:02,712.35,1108658
2021-06-10 09:31:04,712.35,1108671
2021-06-10 09:31:05,712.15,1110442
2021-06-10 09:31:06,713.5,1144707
2021-06-10 09:31:07,713.3,1147508
2021-06-10 09:31:07,713.05,1148863
2021-06-10 09:31:09,713.05,1149746
2021-06-10 09:31:10,713.15,1160087
2021-06-10 09:31:11,713.3,1160341
2021-06-10 09:31:12,713.2,1162562
2021-06-10 09:31:13,713.45,1163274
2021-06-10 09:31:14,713.4,1165180
2021-06-10 09:31:14,713.0,1165201
2021-06-10 09:31:17,713.85,1174437
2021-06-10 09:31:18,713.55,1175676
2021-06-10 09:31:19,713.85,1179293
2021-06-10 09:31:20,713.5,1180316
2021-06-10 09:31:20,713.8,1180416
2021-06-10 09:31:22,713.95,1183616
2021-06-10 09:31:23,713.9,1187235
2021-06-10 09:31:24,713.85,1187767
2021-06-10 09:31:25,714.0,1188926
2021-06-10 09:31:25,713.8,1189026
2021-06-10 09:31:27,713.95,1190185
2021-06-10 09:31:28,713.95,1190813
2021-06-10 09:31:29,713.65,1193562
2021-06-10 09:31:30,713.95,1194285
2021-06-10 09:31:30,713.9,1194595
2021-06-10 09:31:31,714.0,1197010
2021-06-10 09:31:33,713.7,1198379
2021-06-10 09:31:34,713.65,1199603
2021-06-10 09:31:35,713.55,1205229
2021-06-10 09:31:36,713.35,1207090
2021-06-10 09:31:36,713.25,1212802
2021-06-10 09:31:38,713.35,1213862
2021-06-10 09:31:39,713.25,1218118
2021-06-10 09:31:41,713.35,1220120
2021-06-10 09:31:42,713.6,1220936
2021-06-10 09:31:42,713.6,1220936
2021-06-10 09:31:43,713.85,1221443
2021-06-10 09:31:45,713.7,1222001
2021-06-10 09:31:46,713.9,1222755
2021-06-10 09:31:47,713.9,1223707
2021-06-10 09:31:48,713.9,1224246
2021-06-10 09:31:48,713.85,1224247
2021-06-10 09:31:50,713.85,1228670
2021-06-10 09:31:53,713.8,1236482
2021-06-10 09:31:54,713.75,1238044
2021-06-10 09:31:54,713.8,1239045
2021-06-10 09:31:55,713.45,1240768
2021-06-10 09:31:57,713.45,1244780
2021-06-10 09:31:58,713.5,1245821
2021-06-10 09:31:59,713.65,1246737
2021-06-10 09:32:00,713.9,1248199
2021-06-10 09:32:01,713.9,1248765
2021-06-10 09:32:02,713.9,1249152
2021-06-10 09:32:02,713.75,1249557
2021-06-10 09:32:04,713.9,1250182
2021-06-10 09:32:05,714.0,1257524
2021-06-10 09:32:06,714.05,1258412
2021-06-10 09:32:07,714.75,1267749
2021-06-10 09:32:08,714.85,1270351
2021-06-10 09:32:08,714.95,1271908
2021-06-10 09:32:10,714.65,1275617
2021-06-10 09:32:11,714.9,1277918
2021-06-10 09:32:12,714.6,1278828
2021-06-10 09:32:13,714.4,1281462
2021-06-10 09:32:14,714.45,1281801
2021-06-10 09:32:15,714.1,1285563
2021-06-10 09:32:15,713.9,1284562
2021-06-10 09:32:16,714.65,1287888
2021-06-10 09:32:18,714.8,1289064
2021-06-10 09:32:19,714.8,1289697
2021-06-10 09:32:20,714.75,1296817
2021-06-10 09:32:21,715.5,1332716
2021-06-10 09:32:21,715.6,1332991
2021-06-10 09:32:24,715.4,1336276
2021-06-10 09:32:25,715.25,1338842
2021-06-10 09:32:26,715.4,1341391
2021-06-10 09:32:27,715.05,1341492
2021-06-10 09:32:28,715.9,1345587
2021-06-10 09:32:29,715.7,1347460
2021-06-10 09:32:31,715.5,1351401
2021-06-10 09:32:32,715.8,1352861
2021-06-10 09:32:33,715.4,1355550
2021-06-10 09:32:34,715.4,1355550
2021-06-10 09:32:36,715.25,1360445
2021-06-10 09:32:37,715.65,1373327
2021-06-10 09:32:38,715.8,1375927
2021-06-10 09:32:40,715.6,1379670
2021-06-10 09:32:43,716.0,1386311
2021-06-10 09:32:45,716.0,1396483
2021-06-10 09:32:46,716.0,1396973
2021-06-10 09:32:47,715.65,1401320
2021-06-10 09:32:48,716.1,1402131
2021-06-10 09:32:49,715.6,1403967
2021-06-10 09:32:50,716.0,1409499
2021-06-10 09:32:51,716.0,1410514
2021-06-10 09:32:52,716.0,1416141
2021-06-10 09:32:53,716.0,1418103
2021-06-10 09:32:54,716.0,1418986
2021-06-10 09:32:55,716.0,1419742
2021-06-10 09:32:56,716.25,1422036
2021-06-10 09:32:57,716.0,1424000
2021-06-10 09:32:58,715.85,1425166
2021-06-10 09:32:59,715.95,1432303
2021-06-10 09:33:00,715.8,1435101
2021-06-10 09:33:01,716.05,1439858
2021-06-10 09:33:02,716.0,1440665
2021-06-10 09:33:04,716.05,1443483
2021-06-10 09:33:03,716.05,1443413
2021-06-10 09:33:05,716.0,1445374
2021-06-10 09:33:06,715.8,1446573
2021-06-10 09:33:07,716.0,1447840
2021-06-10 09:33:08,716.05,1448981
2021-06-10 09:33:09,715.95,1450262
2021-06-10 09:33:10,715.7,1454518
2021-06-10 09:33:11,715.9,1456323
2021-06-10 09:33:12,715.95,1468076
2021-06-10 09:33:13,715.7,1468176
2021-06-10 09:33:14,715.95,1470156
2021-06-10 09:33:15,715.85,1471805
2021-06-10 09:33:16,715.85,1472269
2021-06-10 09:33:17,715.85,1474041
2021-06-10 09:33:19,715.6,1476402
2021-06-10 09:33:20,715.3,1477008
2021-06-10 09:33:21,715.3,1478129
2021-06-10 09:33:22,715.65,1480075
2021-06-10 09:33:23,715.55,1480814
2021-06-10 09:33:24,716.2,1488359
2021-06-10 09:33:25,716.0,1489454
2021-06-10 09:33:26,715.75,1494047
2021-06-10 09:33:27,715.8,1494054
2021-06-10 09:33:28,716.0,1495292
2021-06-10 09:33:29,717.0,1520228
2021-06-10 09:33:30,716.75,1521649
2021-06-10 09:33:31,716.65,1530363
2021-06-10 09:33:32,716.65,1531912
2021-06-10 09:33:33,716.4,1537282
2021-06-10 09:33:34,716.3,1543276
2021-06-10 09:33:35,716.25,1544358
2021-06-10 09:33:36,716.2,1544955
2021-06-10 09:33:37,716.0,1545518
2021-06-10 09:33:38,716.35,1546496
2021-06-10 09:33:39,716.25,1546536
2021-06-10 09:33:40,716.1,1547137
2021-06-10 09:33:41,716.25,1549516
2021-06-10 09:33:42,716.0,1550295
2021-06-10 09:33:43,716.0,1553761
2021-06-10 09:33:44,715.75,1558023
2021-06-10 09:33:45,715.6,1559477
2021-06-10 09:33:47,715.55,1562104
2021-06-10 09:33:48,715.5,1566530
2021-06-10 09:33:49,715.35,1567512
2021-06-10 09:33:50,715.3,1568079
2021-06-10 09:33:51,714.8,1578709
2021-06-10 09:33:52,715.05,1579939
2021-06-10 09:33:53,714.75,1580684
2021-06-10 09:33:54,714.95,1581158
2021-06-10 09:33:55,715.05,1581945
2021-06-10 09:33:56,715.0,1583122
2021-06-10 09:33:57,715.0,1588659
2021-06-10 09:33:58,715.0,1591710
2021-06-10 09:33:59,715.45,1594604
2021-06-10 09:34:00,714.8,1595957
2021-06-10 09:34:01,715.0,1595960
2021-06-10 09:34:02,715.75,1598896
2021-06-10 09:34:03,715.75,1599764
2021-06-10 09:34:04,715.45,1600586
2021-06-10 09:34:05,715.5,1601241
2021-06-10 09:34:07,715.95,1603916
2021-06-10 09:34:06,715.7,1603787
2021-06-10 09:34:08,715.55,1604674
2021-06-10 09:34:09,715.6,1605144
2021-06-10 09:34:10,715.75,1605519
2021-06-10 09:34:11,715.55,1606673
2021-06-10 09:34:12,716.3,1634703
2021-06-10 09:34:13,716.1,1637541
2021-06-10 09:34:14,715.6,1641385
2021-06-10 09:34:15,715.95,1642103
2021-06-10 09:34:16,716.05,1642467
2021-06-10 09:34:17,716.3,1667178
2021-06-10 09:34:18,716.2,1669347
2021-06-10 09:34:19,716.45,1669457
2021-06-10 09:34:20,716.5,1670373
2021-06-10 09:34:21,716.2,1672249
2021-06-10 09:34:22,716.35,1674160
2021-06-10 09:34:23,716.4,1674850
2021-06-10 09:34:24,715.75,1677656
2021-06-10 09:34:25,716.5,1697036
2021-06-10 09:34:26,716.4,1697930
2021-06-10 09:34:27,716.4,1698549
2021-06-10 09:34:28,716.35,1700220
2021-06-10 09:34:29,716.3,1700784
2021-06-10 09:34:30,716.35,1702129
2021-06-10 09:34:31,716.1,1709342
2021-06-10 09:34:32,715.65,1713521
2021-06-10 09:34:33,715.45,1714221
2021-06-10 09:34:35,715.25,1727234
2021-06-10 09:34:36,715.2,1727536
2021-06-10 09:34:37,715.05,1727846
2021-06-10 09:34:38,715.4,1729038
2021-06-10 09:34:39,715.3,1730390
2021-06-10 09:34:40,715.05,1731745
2021-06-10 09:34:41,715.2,1732267
2021-06-10 09:34:42,715.2,1733155
2021-06-10 09:34:45,715.0,1735927
2021-06-10 09:34:46,714.8,1736707
2021-06-10 09:34:47,715.1,1739112
2021-06-10 09:34:49,715.1,1742878
2021-06-10 09:34:50,715.1,1743037
2021-06-10 09:34:51,715.15,1749321
2021-06-10 09:34:52,715.2,1749537
2021-06-10 09:34:53,715.45,1752567
2021-06-10 09:34:54,715.15,1753029
2021-06-10 09:34:55,715.25,1753872
2021-06-10 09:34:56,715.5,1754029
2021-06-10 09:34:58,715.25,1755342
2021-06-10 09:34:59,715.55,1758894
2021-06-10 09:35:00,715.9,1761052
2021-06-10 09:35:01,716.3,1765266
2021-06-10 09:35:02,716.45,1769509
2021-06-10 09:35:03,716.25,1770164
2021-06-10 09:35:04,716.5,1779959
2021-06-10 09:35:05,716.2,1782996
2021-06-10 09:35:07,716.1,1783682
2021-06-10 09:35:07,716.1,1783882
2021-06-10 09:35:08,716.0,1784400
2021-06-10 09:35:09,716.3,1785013
2021-06-10 09:35:10,716.05,1785977
2021-06-10 09:35:11,716.05,1787268
2021-06-10 09:35:12,715.75,1789058
2021-06-10 09:35:13,715.7,1789838
2021-06-10 09:35:14,716.0,1790241
2021-06-10 09:35:15,715.7,1795042
2021-06-10 09:35:16,715.5,1795169
2021-06-10 09:35:17,715.4,1796085
2021-06-10 09:35:18,715.95,1805143
2021-06-10 09:35:19,716.0,1805939
2021-06-10 09:35:21,715.7,1807238
2021-06-10 09:35:22,715.65,1808254
2021-06-10 09:35:22,715.7,1808276
2021-06-10 09:35:23,715.65,1809519
2021-06-10 09:35:24,715.55,1812642
2021-06-10 09:35:25,716.0,1814432
2021-06-10 09:35:26,715.85,1814948
2021-06-10 09:35:27,716.0,1815449
2021-06-10 09:35:28,715.75,1815639
2021-06-10 09:35:29,715.85,1816294
2021-06-10 09:35:30,715.85,1816511
2021-06-10 09:35:31,715.7,1816786
2021-06-10 09:35:32,715.65,1817286
2021-06-10 09:35:33,715.65,1817362
2021-06-10 09:35:34,715.7,1818141
2021-06-10 09:35:35,715.35,1818341
2021-06-10 09:35:36,715.3,1818441
2021-06-10 09:35:37,715.3,1818912
2021-06-10 09:35:38,715.3,1819504
2021-06-10 09:35:39,715.45,1820028
2021-06-10 09:35:41,715.2,1820468
2021-06-10 09:35:42,715.25,1827451
2021-06-10 09:35:44,714.75,1831498
2021-06-10 09:35:45,715.0,1832188
2021-06-10 09:35:46,715.15,1833199
2021-06-10 09:35:47,715.0,1833860
2021-06-10 09:35:48,714.75,1834995
2021-06-10 09:35:49,715.0,1835299
2021-06-10 09:35:50,715.15,1835755
2021-06-10 09:35:51,715.1,1836188
2021-06-10 09:35:52,715.0,1836882
2021-06-10 09:35:53,714.75,1837825
2021-06-10 09:35:55,715.0,1838396
2021-06-10 09:35:55,715.0,1838396
2021-06-10 09:35:56,714.8,1839284
2021-06-10 09:35:57,714.95,1843991
2021-06-10 09:35:58,715.0,1854150
2021-06-10 09:35:59,715.0,1855239
2021-06-10 09:36:00,715.2,1856494
2021-06-10 09:36:01,715.65,1856854
2021-06-10 09:36:03,715.65,1858033
2021-06-10 09:36:03,715.45,1858039
2021-06-10 09:36:04,715.4,1860110
2021-06-10 09:36:05,716.05,1875097
2021-06-10 09:36:06,716.0,1875577
2021-06-10 09:36:07,715.85,1876420
2021-06-10 09:36:08,715.6,1878762
2021-06-10 09:36:09,716.15,1880401
2021-06-10 09:36:10,715.95,1880605
2021-06-10 09:36:11,716.0,1881430
2021-06-10 09:36:12,716.3,1882741
2021-06-10 09:36:13,716.25,1883540
2021-06-10 09:36:14,716.2,1884327
2021-06-10 09:36:15,715.85,1884961
2021-06-10 09:36:16,716.3,1885380
2021-06-10 09:36:17,716.0,1885768
2021-06-10 09:36:18,716.0,1888063
2021-06-10 09:36:19,716.0,1888345
2021-06-10 09:36:20,715.85,1889324
2021-06-10 09:36:21,716.15,1890476
2021-06-10 09:36:22,716.15,1892297
2021-06-10 09:36:23,715.85,1893052
2021-06-10 09:36:24,715.95,1894031
2021-06-10 09:36:25,715.9,1894891
2021-06-10 09:36:26,715.9,1895173
2021-06-10 09:36:28,715.8,1896858
2021-06-10 09:36:28,715.95,1896353
2021-06-10 09:36:29,716.0,1897031
2021-06-10 09:36:30,715.8,1897086
2021-06-10 09:36:31,716.0,1897380
2021-06-10 09:36:32,715.8,1897819
2021-06-10 09:36:33,716.0,1898457
2021-06-10 09:36:34,715.85,1899164
2021-06-10 09:36:35,715.85,1899745
2021-06-10 09:36:36,715.85,1904353
2021-06-10 09:36:37,715.5,1904465
2021-06-10 09:36:38,715.9,1904782
2021-06-10 09:36:40,715.9,1908051
2021-06-10 09:36:41,715.95,1908407
2021-06-10 09:36:42,715.5,1908507
2021-06-10 09:36:42,715.5,1908507
2021-06-10 09:36:43,715.85,1909142
2021-06-10 09:36:44,715.5,1909159
2021-06-10 09:36:45,715.8,1909213
2021-06-10 09:36:46,715.85,1909582
2021-06-10 09:36:47,715.6,1910078
2021-06-10 09:36:48,715.9,1911396
2021-06-10 09:36:49,715.95,1911758
2021-06-10 09:36:50,715.75,1915365
2021-06-10 09:36:51,715.4,1917769
2021-06-10 09:36:53,715.75,1918279
2021-06-10 09:36:55,715.7,1919117
2021-06-10 09:36:56,715.6,1919292
2021-06-10 09:36:57,715.4,1919968
2021-06-10 09:36:58,715.45,1920887
2021-06-10 09:36:59,715.9,1922476
2021-06-10 09:37:00,715.6,1923946
2021-06-10 09:37:01,715.25,1924608
2021-06-10 09:37:04,715.05,1925820
2021-06-10 09:37:05,715.35,1926562
2021-06-10 09:37:05,715.35,1926562
2021-06-10 09:37:06,715.05,1928322
2021-06-10 09:37:07,715.6,1928973
2021-06-10 09:37:08,715.2,1930755
2021-06-10 09:37:09,715.2,1931630
2021-06-10 09:37:10,715.2,1931755
2021-06-10 09:37:11,715.4,1932076
2021-06-10 09:37:13,715.2,1932614
2021-06-10 09:37:14,715.2,1934124
2021-06-10 09:37:15,715.4,1934684
2021-06-10 09:37:15,715.5,1935719
2021-06-10 09:37:16,715.5,1936245
2021-06-10 09:37:17,715.4,1936678
2021-06-10 09:37:18,715.2,1936849
2021-06-10 09:37:19,715.05,1937569
2021-06-10 09:37:21,715.4,1938330
2021-06-10 09:37:23,715.05,1939623
2021-06-10 09:37:24,715.05,1940432
2021-06-10 09:37:24,715.0,1940485
2021-06-10 09:37:25,715.3,1940744
2021-06-10 09:37:26,715.3,1940785
2021-06-10 09:37:27,715.0,1941695
2021-06-10 09:37:28,715.0,1941985
2021-06-10 09:37:30,715.45,1950049
2021-06-10 09:37:31,715.4,1950986
2021-06-10 09:37:32,715.5,1951214
2021-06-10 09:37:33,715.4,1953109
2021-06-10 09:37:34,715.2,1954013
2021-06-10 09:37:35,715.6,1957561
2021-06-10 09:37:36,715.5,1959012
2021-06-10 09:37:37,715.7,1959543
2021-06-10 09:37:38,716.0,1985166
2021-06-10 09:37:40,715.8,1986374
2021-06-10 09:37:41,715.8,1986589
2021-06-10 09:37:42,715.9,1987509
2021-06-10 09:37:42,715.9,1987509
2021-06-10 09:37:43,716.1,1991220
2021-06-10 09:37:44,716.0,1991626
2021-06-10 09:37:45,716.0,1991781
2021-06-10 09:37:46,716.0,1992347
2021-06-10 09:37:47,715.75,1992794
2021-06-10 09:37:48,715.7,1994037
2021-06-10 09:37:49,715.8,1994100
2021-06-10 09:37:50,715.65,1994646
2021-06-10 09:37:51,715.8,1995996
2021-06-10 09:37:52,715.7,1996104
2021-06-10 09:37:53,715.95,1996577
2021-06-10 09:37:54,715.65,1996839
2021-06-10 09:37:56,715.9,1996942
2021-06-10 09:37:57,715.5,2000422
2021-06-10 09:37:58,715.5,2000655
2021-06-10 09:37:59,715.3,2000958
2021-06-10 09:38:00,715.25,2003204
2021-06-10 09:38:01,715.25,2004006
2021-06-10 09:38:02,715.25,2004283
2021-06-10 09:38:03,715.0,2008977
2021-06-10 09:38:04,715.25,2010945
2021-06-10 09:38:05,715.1,2012265
2021-06-10 09:38:05,715.0,2012825
2021-06-10 09:38:06,715.05,2013064
2021-06-10 09:38:07,714.75,2021370
2021-06-10 09:38:08,715.0,2021520
2021-06-10 09:38:09,715.0,2023075
2021-06-10 09:38:10,715.0,2024451
2021-06-10 09:38:11,714.95,2024568
2021-06-10 09:38:13,714.8,2026292
2021-06-10 09:38:13,714.8,2027599
2021-06-10 09:38:14,714.75,2029907
2021-06-10 09:38:16,714.6,2032750
2021-06-10 09:38:17,714.3,2046005
2021-06-10 09:38:17,714.0,2046036
2021-06-10 09:38:18,714.0,2046716
2021-06-10 09:38:20,714.05,2049195
2021-06-10 09:38:19,714.45,2048898
2021-06-10 09:38:22,714.0,2050985
2021-06-10 09:38:23,714.0,2051547
2021-06-10 09:38:26,714.15,2057346
2021-06-10 09:38:27,714.5,2057786
2021-06-10 09:38:27,714.5,2057786
2021-06-10 09:38:28,714.5,2057846
2021-06-10 09:38:29,714.25,2057946
2021-06-10 09:38:30,714.35,2058106
2021-06-10 09:38:32,714.55,2058972
2021-06-10 09:38:33,714.35,2059402
2021-06-10 09:38:34,714.45,2060071
2021-06-10 09:38:34,714.45,2060071
2021-06-10 09:38:35,714.25,2060169
2021-06-10 09:38:36,714.25,2060677
2021-06-10 09:38:37,714.4,2062305
2021-06-10 09:38:38,714.35,2062635
2021-06-10 09:38:39,714.45,2063833
2021-06-10 09:38:40,714.0,2068310
2021-06-10 09:38:42,714.0,2069865
2021-06-10 09:38:43,714.25,2070902
2021-06-10 09:38:44,714.25,2071254
2021-06-10 09:38:45,714.25,2071414
2021-06-10 09:38:46,714.45,2071757
2021-06-10 09:38:47,714.45,2071886
2021-06-10 09:38:48,714.3,2071941
2021-06-10 09:38:49,714.25,2072705
2021-06-10 09:38:50,714.25,2072770
2021-06-10 09:38:51,714.2,2073469
2021-06-10 09:38:52,714.25,2074004
2021-06-10 09:38:53,714.2,2074149
2021-06-10 09:38:54,714.1,2074673
2021-06-10 09:38:55,714.2,2086367
2021-06-10 09:38:55,713.8,2085769
2021-06-10 09:38:56,714.05,2087792
2021-06-10 09:38:58,714.0,2088092
2021-06-10 09:38:59,714.0,2089563
2021-06-10 09:39:00,713.95,2089936
2021-06-10 09:39:01,713.75,2090648
2021-06-10 09:39:02,714.05,2091428
2021-06-10 09:39:03,714.0,2091711
2021-06-10 09:39:03,714.15,2091846
2021-06-10 09:39:04,713.85,2092746
2021-06-10 09:39:05,714.2,2092847
2021-06-10 09:39:07,714.05,2093000
2021-06-10 09:39:08,714.05,2094298
2021-06-10 09:39:09,714.0,2094572
2021-06-10 09:39:10,714.0,2094592
2021-06-10 09:39:11,714.3,2097237
2021-06-10 09:39:11,714.3,2097242
2021-06-10 09:39:12,714.05,2097635
2021-06-10 09:39:15,714.05,2099655
2021-06-10 09:39:16,714.1,2100443
2021-06-10 09:39:17,714.1,2101659
2021-06-10 09:39:18,714.1,2102334
2021-06-10 09:39:19,713.85,2109350
2021-06-10 09:39:19,713.85,2109364
2021-06-10 09:39:20,713.95,2109734
2021-06-10 09:39:21,713.95,2110031
2021-06-10 09:39:23,714.0,2111160
2021-06-10 09:39:24,713.8,2111205
2021-06-10 09:39:25,713.6,2113631
2021-06-10 09:39:26,713.85,2114476
2021-06-10 09:39:27,713.6,2114634
2021-06-10 09:39:27,713.6,2114786
2021-06-10 09:39:28,713.95,2114916
2021-06-10 09:39:29,713.9,2115438
2021-06-10 09:39:30,713.65,2116125
2021-06-10 09:39:32,713.9,2116268
2021-06-10 09:39:33,713.9,2116375
2021-06-10 09:39:34,713.9,2117013
2021-06-10 09:39:35,713.65,2120559
2021-06-10 09:39:37,713.5,2122527
2021-06-10 09:39:37,713.8,2122557
2021-06-10 09:39:38,713.6,2123133
2021-06-10 09:39:39,713.6,2123383
2021-06-10 09:39:40,713.65,2123775
2021-06-10 09:39:41,713.9,2124325
2021-06-10 09:39:43,713.8,2124782
2021-06-10 09:39:44,713.8,2125166
2021-06-10 09:39:44,713.8,2125266
2021-06-10 09:39:45,713.8,2125647
2021-06-10 09:39:46,713.8,2127286
2021-06-10 09:39:48,713.6,2127370
2021-06-10 09:39:49,713.25,2134568
2021-06-10 09:39:50,713.15,2134759
2021-06-10 09:39:50,713.4,2134850
2021-06-10 09:39:51,713.5,2135145
2021-06-10 09:39:52,713.35,2135875
2021-06-10 09:39:54,713.65,2135973
2021-06-10 09:39:55,713.6,2136018
2021-06-10 09:39:56,713.35,2137103
2021-06-10 09:39:57,713.6,2137786
2021-06-10 09:39:58,713.9,2141739
2021-06-10 09:39:59,713.55,2143331
2021-06-10 09:40:00,713.4,2143395
2021-06-10 09:40:01,713.7,2143495
2021-06-10 09:40:02,713.4,2144106
2021-06-10 09:40:02,713.35,2146113
2021-06-10 09:40:03,713.65,2146492
2021-06-10 09:40:04,713.2,2146536
2021-06-10 09:40:05,713.45,2146636
2021-06-10 09:40:06,713.45,2146980
2021-06-10 09:40:07,713.35,2147115
2021-06-10 09:40:08,713.6,2147529
2021-06-10 09:40:10,713.25,2149229
2021-06-10 09:40:11,713.75,2151855
2021-06-10 09:40:12,713.35,2152352
2021-06-10 09:40:13,713.3,2152682
2021-06-10 09:40:14,713.3,2153643
2021-06-10 09:40:15,713.3,2153790
2021-06-10 09:40:16,713.45,2154670
2021-06-10 09:40:17,713.4,2155379
2021-06-10 09:40:18,713.4,2155978
2021-06-10 09:40:18,713.45,2156600
2021-06-10 09:40:19,713.35,2156698
2021-06-10 09:40:20,713.45,2157167
2021-06-10 09:40:21,713.8,2157446
2021-06-10 09:40:22,713.5,2157813
2021-06-10 09:40:23,713.45,2158524
2021-06-10 09:40:25,713.75,2158844
2021-06-10 09:40:26,713.35,2158983
2021-06-10 09:40:27,713.7,2159297
2021-06-10 09:40:28,713.7,2159529
2021-06-10 09:40:29,713.8,2160062
2021-06-10 09:40:30,713.5,2160137
2021-06-10 09:40:31,713.7,2160388
2021-06-10 09:40:31,713.7,2160388
2021-06-10 09:40:32,713.7,2161069
2021-06-10 09:40:33,713.7,2161420
2021-06-10 09:40:34,713.7,2161574
2021-06-10 09:40:35,713.7,2162234
2021-06-10 09:40:36,713.4,2162365
2021-06-10 09:40:37,713.4,2162820
2021-06-10 09:40:39,713.4,2163186
2021-06-10 09:40:40,713.65,2163416
2021-06-10 09:40:41,713.5,2164732
2021-06-10 09:40:42,713.5,2165032
2021-06-10 09:40:43,713.5,2165304
2021-06-10 09:40:43,713.5,2165344
2021-06-10 09:40:44,713.35,2165497
2021-06-10 09:40:46,713.5,2165505
2021-06-10 09:40:47,713.35,2166011
2021-06-10 09:40:48,713.35,2167482
2021-06-10 09:40:49,713.5,2167532
2021-06-10 09:40:50,713.3,2168270
2021-06-10 09:40:51,713.4,2168408
2021-06-10 09:40:52,713.35,2168976
2021-06-10 09:40:52,713.35,2169005
2021-06-10 09:40:54,713.4,2169293
2021-06-10 09:40:55,713.3,2169632
2021-06-10 09:40:56,713.55,2181982
2021-06-10 09:40:57,713.65,2184660
2021-06-10 09:40:58,713.9,2186134
2021-06-10 09:40:59,713.6,2186169
2021-06-10 09:41:00,713.9,2186172
2021-06-10 09:41:02,713.6,2186828
2021-06-10 09:41:03,714.0,2187614
2021-06-10 09:41:04,713.6,2188461
2021-06-10 09:41:05,714.0,2189956
2021-06-10 09:41:06,714.0,2190086
2021-06-10 09:41:07,713.55,2190859
2021-06-10 09:41:08,713.85,2191219
2021-06-10 09:41:08,713.6,2190919
2021-06-10 09:41:09,713.6,2191913
2021-06-10 09:41:10,713.6,2192218
2021-06-10 09:41:12,713.85,2192256
2021-06-10 09:41:13,713.6,2192556
2021-06-10 09:41:14,713.6,2193109
2021-06-10 09:41:15,713.6,2194308
2021-06-10 09:41:16,714.0,2194537
2021-06-10 09:41:17,713.9,2195565
2021-06-10 09:41:18,713.95,2195736
2021-06-10 09:41:18,714.0,2195739
2021-06-10 09:41:19,713.95,2195897
2021-06-10 09:41:21,713.95,2196401
2021-06-10 09:41:22,714.0,2198257
2021-06-10 09:41:23,714.2,2199060
2021-06-10 09:41:24,713.75,2200204
2021-06-10 09:41:24,713.8,2200255
2021-06-10 09:41:26,714.0,2200411
2021-06-10 09:41:27,714.25,2202701
2021-06-10 09:41:28,714.25,2202726
2021-06-10 09:41:29,714.0,2202868
2021-06-10 09:41:30,714.25,2203123
2021-06-10 09:41:31,714.5,2204215
2021-06-10 09:41:32,714.45,2204556
2021-06-10 09:41:33,714.5,2205751
2021-06-10 09:41:34,714.45,2206456
2021-06-10 09:41:35,714.1,2206746
2021-06-10 09:41:36,714.1,2206804
2021-06-10 09:41:37,714.25,2206916
2021-06-10 09:41:38,714.1,2207014
2021-06-10 09:41:39,714.25,2207057
2021-06-10 09:41:40,714.4,2207678
2021-06-10 09:41:41,714.05,2207732
2021-06-10 09:41:42,714.25,2208250
2021-06-10 09:41:44,714.3,2208555
2021-06-10 09:41:45,714.3,2208555
2021-06-10 09:41:48,714.5,2209045
2021-06-10 09:41:49,714.3,2209100
2021-06-10 09:41:50,714.3,2209100
2021-06-10 09:41:51,714.5,2209362
2021-06-10 09:41:52,714.5,2209418
2021-06-10 09:41:53,714.5,2209585
2021-06-10 09:41:54,714.45,2209742
2021-06-10 09:41:55,714.3,2210612
2021-06-10 09:41:56,714.3,2211022
2021-06-10 09:41:57,714.4,2213132
2021-06-10 09:41:57,714.5,2213175
2021-06-10 09:41:59,714.7,2213947
2021-06-10 09:42:00,714.5,2214734
2021-06-10 09:42:01,714.8,2214834
2021-06-10 09:42:02,714.75,2215144
2021-06-10 09:42:03,714.5,2215749
2021-06-10 09:42:04,714.3,2221845
2021-06-10 09:42:06,714.55,2223543
2021-06-10 09:42:09,714.5,2225397
2021-06-10 09:42:10,714.3,2225399
2021-06-10 09:42:11,714.5,2225851
2021-06-10 09:42:12,714.75,2226593
2021-06-10 09:42:13,714.7,2227662
2021-06-10 09:42:13,714.7,2227662
2021-06-10 09:42:15,714.2,2230574
2021-06-10 09:42:16,714.2,2230678
2021-06-10 09:42:17,714.35,2231779
2021-06-10 09:42:18,714.35,2231779
2021-06-10 09:42:19,714.05,2235571
2021-06-10 09:42:20,714.2,2235801
2021-06-10 09:42:21,714.3,2235915
2021-06-10 09:42:22,714.0,2235918
2021-06-10 09:42:22,714.05,2235916
2021-06-10 09:42:24,714.05,2235988
2021-06-10 09:42:25,714.0,2236166
2021-06-10 09:42:26,714.0,2238180
2021-06-10 09:42:27,713.9,2241151
2021-06-10 09:42:28,713.9,2242552
2021-06-10 09:42:29,713.9,2242685
2021-06-10 09:42:29,713.95,2242723
2021-06-10 09:42:31,713.95,2242984
2021-06-10 09:42:32,713.95,2243063
2021-06-10 09:42:33,713.95,2243437
2021-06-10 09:42:34,713.7,2244577
2021-06-10 09:42:35,713.75,2245387
2021-06-10 09:42:35,713.85,2245487
2021-06-10 09:42:36,713.85,2245534
2021-06-10 09:42:37,713.55,2245578
2021-06-10 09:42:39,713.8,2246090
2021-06-10 09:42:40,713.8,2246105
2021-06-10 09:42:41,713.7,2246300
2021-06-10 09:42:42,713.8,2246320
2021-06-10 09:42:43,713.5,2246820
2021-06-10 09:42:44,713.45,2247350
2021-06-10 09:42:45,713.55,2249182
2021-06-10 09:42:46,713.35,2249288
2021-06-10 09:42:47,713.35,2249488
2021-06-10 09:42:48,713.4,2249503
2021-06-10 09:42:49,713.65,2249663
2021-06-10 09:42:50,713.55,2249739
2021-06-10 09:42:51,713.55,2249792
2021-06-10 09:42:51,713.5,2249814
2021-06-10 09:42:54,713.65,2250476
2021-06-10 09:42:54,713.5,2250736
2021-06-10 09:42:56,713.45,2250868
2021-06-10 09:42:57,713.5,2250870
2021-06-10 09:42:58,714.0,2252948
2021-06-10 09:42:59,713.8,2253194
2021-06-10 09:43:00,713.85,2254074
2021-06-10 09:43:01,713.95,2254438
2021-06-10 09:43:02,713.9,2254444
2021-06-10 09:43:03,713.9,2254594
2021-06-10 09:43:04,713.9,2254594
2021-06-10 09:43:05,713.5,2254734
2021-06-10 09:43:06,713.85,2254759
2021-06-10 09:43:07,713.5,2254828
2021-06-10 09:43:08,713.85,2255122
2021-06-10 09:43:09,713.85,2255126
2021-06-10 09:43:10,713.85,2255417
2021-06-10 09:43:11,713.85,2255432
2021-06-10 09:43:12,713.85,2255636
2021-06-10 09:43:13,714.0,2257707
2021-06-10 09:43:14,713.7,2258127
2021-06-10 09:43:15,713.55,2258232
2021-06-10 09:43:16,713.8,2258258
2021-06-10 09:43:18,713.4,2261921
2021-06-10 09:43:17,713.85,2258439
2021-06-10 09:43:19,713.6,2262471
2021-06-10 09:43:20,713.65,2263087
2021-06-10 09:43:21,713.65,2263271
2021-06-10 09:43:22,713.65,2263304
2021-06-10 09:43:23,713.65,2263308
2021-06-10 09:43:24,713.5,2263392
2021-06-10 09:43:25,713.7,2263657
2021-06-10 09:43:26,713.6,2264873
2021-06-10 09:43:27,713.35,2264878
2021-06-10 09:43:28,713.6,2265035
2021-06-10 09:43:30,713.6,2265290
2021-06-10 09:43:31,713.6,2265325
2021-06-10 09:43:32,713.2,2269823
2021-06-10 09:43:33,713.2,2270133
2021-06-10 09:43:34,712.8,2288947
2021-06-10 09:43:35,712.85,2289157
2021-06-10 09:43:36,713.0,2292540
2021-06-10 09:43:37,713.0,2292540
2021-06-10 09:43:38,713.0,2293327
2021-06-10 09:43:40,713.0,2295273
2021-06-10 09:43:41,712.95,2295388
2021-06-10 09:43:42,713.05,2296269
2021-06-10 09:43:43,712.7,2297598
2021-06-10 09:43:44,712.65,2298125
2021-06-10 09:43:45,712.7,2298628
2021-06-10 09:43:46,712.7,2298645
2021-06-10 09:43:47,713.0,2298731
2021-06-10 09:43:49,713.1,2300026
2021-06-10 09:43:48,713.1,2300026
2021-06-10 09:43:50,712.7,2300854
2021-06-10 09:43:51,712.7,2301373
2021-06-10 09:43:52,712.8,2301693
2021-06-10 09:43:53,712.7,2301838
2021-06-10 09:43:54,713.0,2302192
2021-06-10 09:43:55,713.0,2302228
2021-06-10 09:43:56,713.0,2302238
2021-06-10 09:43:57,712.7,2302939
2021-06-10 09:43:58,712.7,2303119
2021-06-10 09:43:59,712.95,2303281
2021-06-10 09:44:00,712.8,2303515
2021-06-10 09:44:01,712.95,2303576
2021-06-10 09:44:02,712.7,2303599
2021-06-10 09:44:03,712.7,2303810
2021-06-10 09:44:04,712.9,2303887
2021-06-10 09:44:05,712.85,2303971
2021-06-10 09:44:06,712.8,2304565
2021-06-10 09:44:07,712.7,2304914
2021-06-10 09:44:08,713.2,2311109
2021-06-10 09:44:09,713.0,2311793
2021-06-10 09:44:10,712.85,2311991
2021-06-10 09:44:11,713.0,2312389
2021-06-10 09:44:12,712.9,2312490
2021-06-10 09:44:14,713.15,2313930
2021-06-10 09:44:15,712.85,2314014
2021-06-10 09:44:16,713.0,2314714
2021-06-10 09:44:18,712.85,2314997
2021-06-10 09:44:19,712.8,2315124
2021-06-10 09:44:20,712.8,2315134
2021-06-10 09:44:21,712.8,2315704
2021-06-10 09:44:22,713.0,2315805
2021-06-10 09:44:23,712.85,2315873
2021-06-10 09:44:24,713.0,2315927
2021-06-10 09:44:25,712.85,2316005
2021-06-10 09:44:26,713.0,2316913
2021-06-10 09:44:28,712.75,2319190
2021-06-10 09:44:29,712.95,2319195
2021-06-10 09:44:30,712.75,2319222
2021-06-10 09:44:31,713.2,2319874
2021-06-10 09:44:33,712.85,2320106
2021-06-10 09:44:34,713.1,2320391
2021-06-10 09:44:35,712.7,2321426
2021-06-10 09:44:36,712.7,2321426
2021-06-10 09:44:37,713.2,2321522
2021-06-10 09:44:38,713.0,2321673
2021-06-10 09:44:39,713.35,2322939
2021-06-10 09:44:40,713.5,2324711
2021-06-10 09:44:41,713.0,2326092
2021-06-10 09:44:42,713.25,2326302
2021-06-10 09:44:43,713.25,2326302
2021-06-10 09:44:44,713.25,2326352
2021-06-10 09:44:46,713.35,2327331
2021-06-10 09:44:47,713.0,2327347
2021-06-10 09:44:48,713.35,2327456
2021-06-10 09:44:49,713.3,2327686
2021-06-10 09:44:50,713.0,2328983
2021-06-10 09:44:51,713.0,2328983
2021-06-10 09:44:52,713.35,2329902
2021-06-10 09:44:53,713.0,2329905
2021-06-10 09:44:54,713.3,2330271
2021-06-10 09:44:55,713.0,2330671
2021-06-10 09:44:56,713.0,2330671
2021-06-10 09:44:57,713.0,2331367
2021-06-10 09:44:58,713.3,2334303
2021-06-10 09:44:59,713.0,2334458
2021-06-10 09:45:00,713.0,2334458
2021-06-10 09:45:01,713.45,2334958
2021-06-10 09:45:02,713.45,2335149
2021-06-10 09:45:04,713.05,2335911
2021-06-10 09:45:05,713.05,2336118
2021-06-10 09:45:06,713.3,2336127
2021-06-10 09:45:08,713.45,2336506
2021-06-10 09:45:09,713.05,2336821
2021-06-10 09:45:09,713.05,2336929
2021-06-10 09:45:10,713.15,2337454
2021-06-10 09:45:11,713.65,2339164
2021-06-10 09:45:12,713.5,2340094
2021-06-10 09:45:13,713.2,2340114
2021-06-10 09:45:14,713.15,2340462
2021-06-10 09:45:18,713.3,2344310
2021-06-10 09:45:18,713.3,2344310
2021-06-10 09:45:19,713.3,2344651
2021-06-10 09:45:20,713.0,2345151
2021-06-10 09:45:22,713.0,2345767
2021-06-10 09:45:23,713.0,2350579
2021-06-10 09:45:25,713.05,2350973
2021-06-10 09:45:26,713.2,2351668
2021-06-10 09:45:27,713.2,2351888
2021-06-10 09:45:29,713.25,2352180
2021-06-10 09:45:30,713.0,2352260
2021-06-10 09:45:31,713.0,2352435
2021-06-10 09:45:31,713.2,2352941
2021-06-10 09:45:32,713.25,2352958
2021-06-10 09:45:33,712.9,2353422
2021-06-10 09:45:34,712.85,2354791
2021-06-10 09:45:35,712.85,2354851
2021-06-10 09:45:36,712.8,2355023
2021-06-10 09:45:37,712.8,2355023
2021-06-10 09:45:39,713.0,2355112
2021-06-10 09:45:40,713.0,2355112
2021-06-10 09:45:41,712.8,2355152
2021-06-10 09:45:42,713.0,2355171
2021-06-10 09:45:43,712.75,2361359
2021-06-10 09:45:44,712.8,2361808
2021-06-10 09:45:45,712.75,2364647
2021-06-10 09:45:46,712.75,2364683
2021-06-10 09:45:48,712.75,2365292
2021-06-10 09:45:48,712.75,2365340
2021-06-10 09:45:49,712.5,2365911
2021-06-10 09:45:50,712.7,2366615
2021-06-10 09:45:51,712.5,2371329
2021-06-10 09:45:52,712.8,2374990
2021-06-10 09:45:53,712.7,2375097
2021-06-10 09:45:54,712.3,2375940
2021-06-10 09:45:55,712.25,2376646
2021-06-10 09:45:56,712.6,2376867
2021-06-10 09:45:58,712.3,2377517
2021-06-10 09:45:58,712.3,2377555
2021-06-10 09:45:59,712.6,2377768
2021-06-10 09:46:00,712.6,2378051
2021-06-10 09:46:01,712.4,2378462
2021-06-10 09:46:02,712.4,2378816
2021-06-10 09:46:03,712.3,2379239
2021-06-10 09:46:04,712.65,2380029
2021-06-10 09:46:05,712.3,2381844
2021-06-10 09:46:06,712.3,2382341
2021-06-10 09:46:07,712.1,2383945
2021-06-10 09:46:08,712.3,2384550
2021-06-10 09:46:10,712.3,2384550
2021-06-10 09:46:11,712.1,2385404
2021-06-10 09:46:12,712.1,2388267
2021-06-10 09:46:13,712.1,2388687
2021-06-10 09:46:14,712.35,2389025
2021-06-10 09:46:15,712.95,2391239
2021-06-10 09:46:16,712.65,2391909
2021-06-10 09:46:17,712.6,2392154
2021-06-10 09:46:18,712.85,2392335
2021-06-10 09:46:19,712.55,2392429
2021-06-10 09:46:20,712.55,2393731
2021-06-10 09:46:21,712.5,2394744
2021-06-10 09:46:22,712.85,2394889
2021-06-10 09:46:23,712.8,2394959
2021-06-10 09:46:24,712.75,2395050
2021-06-10 09:46:25,712.5,2395240
2021-06-10 09:46:26,712.5,2395241
2021-06-10 09:46:27,712.65,2395476
2021-06-10 09:46:29,712.6,2395655
2021-06-10 09:46:29,712.6,2395655
2021-06-10 09:46:30,712.3,2395665
2021-06-10 09:46:31,712.55,2395765
2021-06-10 09:46:32,712.75,2397730
2021-06-10 09:46:33,712.5,2397881
2021-06-10 09:46:34,712.65,2398178
2021-06-10 09:46:35,712.35,2398288
2021-06-10 09:46:37,712.2,2403434
2021-06-10 09:46:37,712.4,2403534
2021-06-10 09:46:38,712.3,2404003
2021-06-10 09:46:39,712.2,2405073
2021-06-10 09:46:40,712.0,2405389
2021-06-10 09:46:41,712.0,2405522
2021-06-10 09:46:42,712.2,2405538
2021-06-10 09:46:43,712.0,2406778
2021-06-10 09:46:44,712.2,2407715
2021-06-10 09:46:45,712.25,2407745
2021-06-10 09:46:46,712.25,2410575
2021-06-10 09:46:47,712.5,2410697
2021-06-10 09:46:49,712.4,2410962
2021-06-10 09:46:49,712.4,2410962
2021-06-10 09:46:50,712.25,2410981
2021-06-10 09:46:51,712.1,2412803
2021-06-10 09:46:52,712.1,2413102
2021-06-10 09:46:53,712.4,2413302
2021-06-10 09:46:54,712.4,2413362
2021-06-10 09:46:55,712.0,2414021
2021-06-10 09:46:56,712.45,2414322
2021-06-10 09:46:57,712.2,2414375
2021-06-10 09:46:59,712.4,2414398
2021-06-10 09:46:59,712.2,2414388
2021-06-10 09:47:00,712.8,2417174
2021-06-10 09:47:01,712.5,2417603
2021-06-10 09:47:03,712.5,2417922
2021-06-10 09:47:05,712.65,2418270
2021-06-10 09:47:06,712.6,2418446
2021-06-10 09:47:07,712.75,2418449
2021-06-10 09:47:08,712.75,2418449
2021-06-10 09:47:10,712.55,2418549
2021-06-10 09:47:10,712.5,2418634
2021-06-10 09:47:11,712.65,2418832
2021-06-10 09:47:12,712.65,2419273
2021-06-10 09:47:13,712.7,2419398
2021-06-10 09:47:15,712.7,2419516
2021-06-10 09:47:15,712.7,2419526
2021-06-10 09:47:16,712.65,2419543
2021-06-10 09:47:17,712.65,2419609
2021-06-10 09:47:18,712.7,2419625
2021-06-10 09:47:19,712.65,2419745
2021-06-10 09:47:20,712.7,2420300
2021-06-10 09:47:21,712.7,2420771
2021-06-10 09:47:22,712.7,2420830
2021-06-10 09:47:23,712.7,2420832
2021-06-10 09:47:24,712.65,2421092
2021-06-10 09:47:26,712.2,2429299
2021-06-10 09:47:28,712.35,2429566
2021-06-10 09:47:29,712.1,2429655
2021-06-10 09:47:30,712.1,2430084
2021-06-10 09:47:30,712.1,2430084
2021-06-10 09:47:31,712.2,2430186
2021-06-10 09:47:32,712.25,2430238
2021-06-10 09:47:33,712.1,2430248
2021-06-10 09:47:34,712.25,2430654
2021-06-10 09:47:35,712.1,2431166
2021-06-10 09:47:37,712.3,2431357
2021-06-10 09:47:38,712.1,2431431
2021-06-10 09:47:38,712.1,2431431
2021-06-10 09:47:39,712.25,2431678
2021-06-10 09:47:40,712.1,2431968
2021-06-10 09:47:41,712.1,2432121
2021-06-10 09:47:43,712.15,2432322
2021-06-10 09:47:44,712.0,2433546
2021-06-10 09:47:45,712.1,2433592
2021-06-10 09:47:46,712.1,2433616
2021-06-10 09:47:47,712.0,2433741
2021-06-10 09:47:49,711.8,2440494
2021-06-10 09:47:50,711.9,2441499
2021-06-10 09:47:50,711.9,2441499
2021-06-10 09:47:51,711.95,2441880
2021-06-10 09:47:52,711.6,2442190
2021-06-10 09:47:53,711.95,2442251
2021-06-10 09:47:54,711.6,2442546
2021-06-10 09:47:55,712.2,2448331
2021-06-10 09:47:56,712.0,2449007
2021-06-10 09:47:57,711.65,2449607
2021-06-10 09:47:58,712.1,2451224
2021-06-10 09:47:59,711.95,2451699
2021-06-10 09:48:02,711.9,2452685
2021-06-10 09:48:03,712.1,2452924
2021-06-10 09:48:04,711.9,2454014
2021-06-10 09:48:05,712.0,2454914
2021-06-10 09:48:06,711.85,2454943
2021-06-10 09:48:06,711.85,2454934
2021-06-10 09:48:08,712.0,2455159
2021-06-10 09:48:09,712.0,2456309
2021-06-10 09:48:10,712.0,2456352
2021-06-10 09:48:11,712.0,2456385
2021-06-10 09:48:13,712.0,2456964
2021-06-10 09:48:13,711.9,2457044
2021-06-10 09:48:14,712.0,2457934
2021-06-10 09:48:15,712.0,2458774
2021-06-10 09:48:16,712.0,2459014
2021-06-10 09:48:17,712.0,2459500
2021-06-10 09:48:18,712.0,2459619
2021-06-10 09:48:20,711.75,2460397
2021-06-10 09:48:21,711.9,2460616
2021-06-10 09:48:22,711.9,2460616
2021-06-10 09:48:23,711.8,2460701
2021-06-10 09:48:24,711.8,2462138
2021-06-10 09:48:24,711.8,2462138
2021-06-10 09:48:25,711.9,2462410
2021-06-10 09:48:26,711.95,2462467
2021-06-10 09:48:27,712.0,2463863
2021-06-10 09:48:28,712.0,2463874
2021-06-10 09:48:29,711.65,2464169
2021-06-10 09:48:31,711.6,2464889
2021-06-10 09:48:33,711.8,2465515
2021-06-10 09:48:34,711.95,2465517
2021-06-10 09:48:35,711.75,2465615
2021-06-10 09:48:38,711.8,2466317
2021-06-10 09:48:40,711.75,2466732
2021-06-10 09:48:40,711.8,2466737
2021-06-10 09:48:41,711.75,2466997
2021-06-10 09:48:42,712.0,2467902
2021-06-10 09:48:43,712.0,2467952
2021-06-10 09:48:44,712.0,2468282
2021-06-10 09:48:45,711.75,2468789
2021-06-10 09:48:47,711.95,2469113
2021-06-10 09:48:48,712.0,2469125
2021-06-10 09:48:49,711.8,2469620
2021-06-10 09:48:49,711.95,2470252
2021-06-10 09:48:50,711.95,2470264
2021-06-10 09:48:51,711.7,2470288
2021-06-10 09:48:52,711.7,2471493
2021-06-10 09:48:53,711.7,2474342
2021-06-10 09:48:54,711.8,2474469
2021-06-10 09:48:55,711.7,2474710
2021-06-10 09:48:56,711.8,2474768
2021-06-10 09:48:57,711.7,2474770
2021-06-10 09:48:58,711.8,2474985
2021-06-10 09:49:00,711.7,2475092
2021-06-10 09:49:01,711.85,2475342
2021-06-10 09:49:02,711.75,2475648
2021-06-10 09:49:03,711.65,2475798
2021-06-10 09:49:03,711.65,2475799
2021-06-10 09:49:04,711.65,2476073
2021-06-10 09:49:06,711.65,2476323
2021-06-10 09:49:07,711.85,2476487
2021-06-10 09:49:09,711.5,2485212
2021-06-10 09:49:10,711.4,2486104
2021-06-10 09:49:11,711.65,2486274
2021-06-10 09:49:12,711.5,2490415
2021-06-10 09:49:12,711.15,2490526
2021-06-10 09:49:14,711.2,2491019
2021-06-10 09:49:15,711.45,2491744
2021-06-10 09:49:17,711.9,2516511
2021-06-10 09:49:18,711.85,2516512
2021-06-10 09:49:19,711.85,2518824
2021-06-10 09:49:20,712.0,2518925
2021-06-10 09:49:21,711.55,2519139
2021-06-10 09:49:22,711.55,2519219
2021-06-10 09:49:23,711.95,2519395
2021-06-10 09:49:24,711.55,2520015
2021-06-10 09:49:25,711.5,2520676
2021-06-10 09:49:27,711.9,2520846
2021-06-10 09:49:28,711.5,2520911
2021-06-10 09:49:29,711.6,2520990
2021-06-10 09:49:30,711.2,2525887
2021-06-10 09:49:31,711.55,2525906
2021-06-10 09:49:33,711.3,2526614
2021-06-10 09:49:34,711.25,2527723
2021-06-10 09:49:35,711.3,2527908
2021-06-10 09:49:36,711.55,2527913
2021-06-10 09:49:36,711.65,2528116
2021-06-10 09:49:38,711.3,2528551
2021-06-10 09:49:39,711.2,2529556
2021-06-10 09:49:40,711.35,2531457
2021-06-10 09:49:41,711.3,2531852
2021-06-10 09:49:42,711.6,2531927
2021-06-10 09:49:44,711.6,2532406
2021-06-10 09:49:45,711.6,2532942
2021-06-10 09:49:46,711.6,2532945
2021-06-10 09:49:47,711.55,2533312
2021-06-10 09:49:48,711.55,2533340
2021-06-10 09:49:49,712.3,2541321
2021-06-10 09:49:50,712.05,2542414
2021-06-10 09:49:52,712.0,2543275
2021-06-10 09:49:52,712.0,2543275
2021-06-10 09:49:53,711.6,2543375
2021-06-10 09:49:55,711.6,2544231
2021-06-10 09:49:55,711.55,2544341
2021-06-10 09:49:56,711.8,2545541
2021-06-10 09:49:58,711.6,2545991
2021-06-10 09:49:59,711.6,2546222
2021-06-10 09:50:00,711.7,2546229
2021-06-10 09:50:01,711.6,2546657
2021-06-10 09:50:02,711.6,2546657
2021-06-10 09:50:03,712.0,2546829
2021-06-10 09:50:04,712.0,2546829
2021-06-10 09:50:06,711.8,2547038
2021-06-10 09:50:07,711.8,2547038
2021-06-10 09:50:08,711.75,2547421
2021-06-10 09:50:09,712.0,2547600
2021-06-10 09:50:10,712.0,2547600
2021-06-10 09:50:11,712.05,2548035
2021-06-10 09:50:12,712.0,2548047
2021-06-10 09:50:13,711.85,2548561
2021-06-10 09:50:14,712.0,2548646
2021-06-10 09:50:14,712.0,2548646
2021-06-10 09:50:15,712.3,2549099
2021-06-10 09:50:16,712.05,2549100
2021-06-10 09:50:17,712.25,2549206
2021-06-10 09:50:20,712.15,2549460
2021-06-10 09:50:21,711.9,2556180
2021-06-10 09:50:24,712.05,2556287
2021-06-10 09:50:26,711.65,2562681
2021-06-10 09:50:28,711.85,2564292
2021-06-10 09:50:29,712.0,2565292
2021-06-10 09:50:30,711.4,2567205
2021-06-10 09:50:31,711.6,2569174
2021-06-10 09:50:33,711.35,2569615
2021-06-10 09:50:34,711.6,2569787
2021-06-10 09:50:35,711.6,2569932
2021-06-10 09:50:36,711.65,2570979
2021-06-10 09:50:37,711.65,2570984
2021-06-10 09:50:38,711.6,2571273
2021-06-10 09:50:39,711.6,2571677
2021-06-10 09:50:39,711.6,2571677
2021-06-10 09:50:40,711.5,2572369
2021-06-10 09:50:41,711.9,2572480
2021-06-10 09:50:42,711.8,2572924
2021-06-10 09:50:44,711.5,2573218
2021-06-10 09:50:45,711.85,2573229
2021-06-10 09:50:46,711.45,2573558
2021-06-10 09:50:47,711.7,2573662
2021-06-10 09:50:48,711.7,2573662
2021-06-10 09:50:49,711.7,2573842
2021-06-10 09:50:50,711.7,2573897
2021-06-10 09:50:51,711.9,2574072
2021-06-10 09:50:51,711.9,2574072
2021-06-10 09:50:52,711.95,2574078
2021-06-10 09:50:53,711.6,2574342
2021-06-10 09:50:54,711.7,2574428
2021-06-10 09:50:56,711.75,2574777
2021-06-10 09:50:57,711.75,2574794
2021-06-10 09:50:58,711.75,2574845
2021-06-10 09:50:59,711.75,2574994
2021-06-10 09:51:00,711.6,2575065
2021-06-10 09:51:01,711.7,2575168
2021-06-10 09:51:02,711.7,2575189
2021-06-10 09:51:03,712.0,2576526
2021-06-10 09:51:04,711.8,2576771
2021-06-10 09:51:04,712.0,2576871
2021-06-10 09:51:05,711.05,2585214
2021-06-10 09:51:06,711.35,2585754
2021-06-10 09:51:07,711.2,2585908
2021-06-10 09:51:08,711.45,2586332
2021-06-10 09:51:09,711.7,2586633
2021-06-10 09:51:10,711.7,2587350
2021-06-10 09:51:12,711.7,2587590
2021-06-10 09:51:13,711.6,2588476
2021-06-10 09:51:14,711.4,2588488
2021-06-10 09:51:15,711.3,2588881
2021-06-10 09:51:16,711.3,2588881
2021-06-10 09:51:17,711.75,2590159
2021-06-10 09:51:18,711.7,2590264
2021-06-10 09:51:19,711.45,2590265
2021-06-10 09:51:21,711.85,2590517
2021-06-10 09:51:23,711.75,2591371
2021-06-10 09:51:23,711.75,2591371
2021-06-10 09:51:26,711.6,2591700
2021-06-10 09:51:27,711.2,2593154
2021-06-10 09:51:27,711.2,2593154
2021-06-10 09:51:28,711.45,2593184
2021-06-10 09:51:29,711.2,2594907
2021-06-10 09:51:30,711.2,2594907
2021-06-10 09:51:31,711.3,2595549
2021-06-10 09:51:32,711.35,2595604
2021-06-10 09:51:33,711.35,2595604
2021-06-10 09:51:35,711.35,2595604
2021-06-10 09:51:36,711.7,2596798
2021-06-10 09:51:37,711.3,2597000
2021-06-10 09:51:38,711.65,2597050
2021-06-10 09:51:39,711.75,2597551
2021-06-10 09:51:40,711.7,2597552
2021-06-10 09:51:41,711.05,2600861
2021-06-10 09:51:42,711.05,2600861
2021-06-10 09:51:44,711.55,2601014
2021-06-10 09:51:45,711.3,2601534
2021-06-10 09:51:46,710.1,2648714
2021-06-10 09:51:48,710.15,2649069
2021-06-10 09:51:49,710.4,2649258
2021-06-10 09:51:50,710.4,2649267
2021-06-10 09:51:51,710.3,2651091
2021-06-10 09:51:52,710.2,2651314
2021-06-10 09:51:52,710.2,2651314
2021-06-10 09:51:53,710.05,2652956
2021-06-10 09:51:55,709.9,2672687
2021-06-10 09:51:56,710.45,2673893
2021-06-10 09:51:57,710.15,2674827
2021-06-10 09:51:58,710.05,2676194
2021-06-10 09:51:59,710.1,2676488
2021-06-10 09:52:00,710.05,2676708
2021-06-10 09:52:01,710.05,2676751
2021-06-10 09:52:02,710.0,2677155
2021-06-10 09:52:03,710.0,2677583
2021-06-10 09:52:04,710.05,2678159
2021-06-10 09:52:05,710.3,2680275
2021-06-10 09:52:06,710.05,2680978
2021-06-10 09:52:07,710.05,2681361
2021-06-10 09:52:08,710.35,2681524
2021-06-10 09:52:09,709.15,2692179
2021-06-10 09:52:10,709.2,2692556
2021-06-10 09:52:11,710.0,2694903
2021-06-10 09:52:12,709.65,2696892
2021-06-10 09:52:13,709.5,2697979
2021-06-10 09:52:14,709.6,2698402
2021-06-10 09:52:16,709.85,2699864
2021-06-10 09:52:15,709.6,2698753
2021-06-10 09:52:17,709.55,2704059
2021-06-10 09:52:18,709.6,2705193
2021-06-10 09:52:19,709.85,2706485
2021-06-10 09:52:20,709.5,2707478
2021-06-10 09:52:21,709.25,2708444
2021-06-10 09:52:22,709.55,2709271
2021-06-10 09:52:23,709.5,2710499
2021-06-10 09:52:25,709.25,2710920
2021-06-10 09:52:25,709.45,2711779
2021-06-10 09:52:27,709.2,2712062
2021-06-10 09:52:28,709.25,2713365
2021-06-10 09:52:30,709.5,2716261
2021-06-10 09:52:31,709.45,2717346
2021-06-10 09:52:32,709.5,2717502
2021-06-10 09:52:33,709.65,2718455
2021-06-10 09:52:34,709.65,2718666
2021-06-10 09:52:35,709.55,2719835
2021-06-10 09:52:36,709.55,2720015
2021-06-10 09:52:37,709.65,2720160
2021-06-10 09:52:38,709.65,2720730
2021-06-10 09:52:38,709.65,2720730
2021-06-10 09:52:40,709.95,2721851
2021-06-10 09:52:42,709.95,2722660
2021-06-10 09:52:43,709.9,2726767
2021-06-10 09:52:44,709.6,2727505
2021-06-10 09:52:45,709.5,2728207
2021-06-10 09:52:46,709.85,2728419
2021-06-10 09:52:47,709.55,2729189
2021-06-10 09:52:48,709.85,2729847
2021-06-10 09:52:48,709.5,2729822
2021-06-10 09:52:49,709.5,2730118
2021-06-10 09:52:51,709.5,2730476
2021-06-10 09:52:51,709.8,2730542
2021-06-10 09:52:53,709.75,2730644
2021-06-10 09:52:54,709.75,2730706
2021-06-10 09:52:55,709.5,2731042
2021-06-10 09:52:56,709.8,2731252
2021-06-10 09:52:57,709.55,2732118
2021-06-10 09:52:58,709.8,2732560
2021-06-10 09:52:59,709.8,2732583
2021-06-10 09:53:00,709.55,2733295
2021-06-10 09:53:01,709.6,2733316
2021-06-10 09:53:02,709.65,2733798
2021-06-10 09:53:03,709.6,2734089
2021-06-10 09:53:04,709.8,2734367
2021-06-10 09:53:05,710.25,2743869
2021-06-10 09:53:06,710.2,2745050
2021-06-10 09:53:07,709.8,2745395
2021-06-10 09:53:08,709.8,2747596
2021-06-10 09:53:10,709.75,2747882
2021-06-10 09:53:11,709.75,2747904
2021-06-10 09:53:13,709.95,2749180
2021-06-10 09:53:14,709.8,2749395
2021-06-10 09:53:15,709.9,2751168
2021-06-10 09:53:16,709.95,2751671
2021-06-10 09:53:17,709.7,2754744
2021-06-10 09:53:20,709.7,2755779
2021-06-10 09:53:20,709.7,2755779
2021-06-10 09:53:21,710.05,2756473
2021-06-10 09:53:22,710.05,2756629
2021-06-10 09:53:23,710.1,2756685
2021-06-10 09:53:25,710.15,2757335
2021-06-10 09:53:26,710.0,2757507
2021-06-10 09:53:27,709.9,2757530
2021-06-10 09:53:28,709.9,2757689
2021-06-10 09:53:29,710.25,2758999
2021-06-10 09:53:30,710.25,2759102
2021-06-10 09:53:31,710.3,2759762
2021-06-10 09:53:32,710.25,2759792
2021-06-10 09:53:33,710.2,2759992
2021-06-10 09:53:34,709.85,2761131
2021-06-10 09:53:34,710.15,2761281
2021-06-10 09:53:36,710.15,2762016
2021-06-10 09:53:37,710.15,2762333
2021-06-10 09:53:38,710.2,2762788
2021-06-10 09:53:39,710.0,2764190
2021-06-10 09:53:40,709.95,2764750
2021-06-10 09:53:41,710.0,2764855
2021-06-10 09:53:42,710.0,2765562
2021-06-10 09:53:43,709.95,2765914
2021-06-10 09:53:44,709.95,2766762
2021-06-10 09:53:45,710.25,2767272
2021-06-10 09:53:46,710.0,2767297
2021-06-10 09:53:47,710.3,2767803
2021-06-10 09:53:48,710.3,2767832
2021-06-10 09:53:49,710.0,2768933
2021-06-10 09:53:50,710.25,2768953
2021-06-10 09:53:51,710.25,2769037
2021-06-10 09:53:52,710.25,2769058
2021-06-10 09:53:53,710.25,2769179
2021-06-10 09:53:54,710.2,2770706
2021-06-10 09:53:56,710.2,2770976
2021-06-10 09:53:57,710.2,2771006
2021-06-10 09:53:58,710.5,2771861
2021-06-10 09:53:59,710.6,2771877
2021-06-10 09:54:01,710.6,2774742
2021-06-10 09:54:05,710.45,2783284
2021-06-10 09:54:06,710.25,2783593
2021-06-10 09:54:08,710.3,2783990
2021-06-10 09:54:09,710.5,2784045
2021-06-10 09:54:10,710.2,2784485
2021-06-10 09:54:11,710.4,2785760
2021-06-10 09:54:12,710.4,2785912
2021-06-10 09:54:13,710.75,2786257
2021-06-10 09:54:14,710.75,2786378
2021-06-10 09:54:15,710.3,2786530
2021-06-10 09:54:16,710.75,2786917
2021-06-10 09:54:17,710.75,2786917
2021-06-10 09:54:18,710.6,2787117
2021-06-10 09:54:19,710.5,2787694
2021-06-10 09:54:20,710.3,2787802
2021-06-10 09:54:21,710.5,2787863
2021-06-10 09:54:22,710.5,2787998
2021-06-10 09:54:23,710.5,2788065
2021-06-10 09:54:24,710.5,2788065
2021-06-10 09:54:25,710.5,2788441
2021-06-10 09:54:26,710.5,2789061
2021-06-10 09:54:27,710.6,2789063
2021-06-10 09:54:28,710.6,2789319
2021-06-10 09:54:29,710.6,2789426
2021-06-10 09:54:30,710.6,2790115
2021-06-10 09:54:31,710.5,2790153
2021-06-10 09:54:32,710.75,2790283
2021-06-10 09:54:33,710.5,2790294
2021-06-10 09:54:34,710.5,2790796
2021-06-10 09:54:35,710.5,2790908
2021-06-10 09:54:36,710.5,2790941
2021-06-10 09:54:37,710.45,2792441
2021-06-10 09:54:38,710.6,2792456
2021-06-10 09:54:39,710.6,2792461
2021-06-10 09:54:41,710.6,2792583
2021-06-10 09:54:42,710.5,2792683
2021-06-10 09:54:43,710.6,2792758
2021-06-10 09:54:44,710.6,2792758
2021-06-10 09:54:45,710.45,2798549
2021-06-10 09:54:46,710.2,2799413
2021-06-10 09:54:48,710.3,2799751
2021-06-10 09:54:49,710.4,2800853
2021-06-10 09:54:51,710.4,2801174
2021-06-10 09:54:52,710.15,2801507
2021-06-10 09:54:53,710.5,2801584
2021-06-10 09:54:54,710.15,2801609
2021-06-10 09:54:55,710.5,2801629
2021-06-10 09:54:56,710.55,2801739
2021-06-10 09:54:57,710.2,2801749
2021-06-10 09:54:58,710.55,2802199
2021-06-10 09:54:59,710.2,2802204
2021-06-10 09:55:01,710.5,2802288
2021-06-10 09:55:02,710.5,2802288
2021-06-10 09:55:03,710.4,2803693
2021-06-10 09:55:04,710.5,2803970
2021-06-10 09:55:05,710.25,2804077
2021-06-10 09:55:06,710.5,2804094
2021-06-10 09:55:07,710.2,2804174
2021-06-10 09:55:08,710.4,2805216
2021-06-10 09:55:09,710.2,2805813
2021-06-10 09:55:10,710.45,2805863
2021-06-10 09:55:11,710.3,2806089
2021-06-10 09:55:12,710.35,2806290
2021-06-10 09:55:13,710.35,2806548
2021-06-10 09:55:14,710.0,2807213
2021-06-10 09:55:15,710.4,2808723
2021-06-10 09:55:16,710.05,2809369
2021-06-10 09:55:18,710.4,2810270
2021-06-10 09:55:20,710.1,2810674
2021-06-10 09:55:21,710.45,2810922
2021-06-10 09:55:23,710.0,2811800
2021-06-10 09:55:24,710.25,2811833
2021-06-10 09:55:25,710.3,2811863
2021-06-10 09:55:26,710.2,2811927
2021-06-10 09:55:27,710.1,2811947
2021-06-10 09:55:28,710.2,2820228
2021-06-10 09:55:29,710.3,2820734
2021-06-10 09:55:30,710.2,2821072
2021-06-10 09:55:31,710.25,2821130
2021-06-10 09:55:32,710.0,2821303
2021-06-10 09:55:33,710.35,2821630
2021-06-10 09:55:34,710.35,2821630
2021-06-10 09:55:35,710.05,2821829
2021-06-10 09:55:36,710.1,2822664
2021-06-10 09:55:37,710.05,2823206
2021-06-10 09:55:38,710.45,2823226
2021-06-10 09:55:39,710.5,2823906
2021-06-10 09:55:40,710.5,2823906
2021-06-10 09:55:41,710.45,2823908
2021-06-10 09:55:43,710.45,2824509
2021-06-10 09:55:44,710.5,2824559
2021-06-10 09:55:45,710.5,2824591
2021-06-10 09:55:46,710.5,2824618
2021-06-10 09:55:47,710.5,2824730
2021-06-10 09:55:48,710.4,2825532
2021-06-10 09:55:49,710.4,2825545
2021-06-10 09:55:50,710.4,2825545
2021-06-10 09:55:51,710.4,2825813
2021-06-10 09:55:52,710.4,2825817
2021-06-10 09:55:53,710.4,2825837
2021-06-10 09:55:54,710.4,2826037
2021-06-10 09:55:55,710.4,2826037
2021-06-10 09:55:56,710.4,2826095
2021-06-10 09:55:57,710.4,2826370
2021-06-10 09:55:58,710.4,2826604
2021-06-10 09:55:59,710.4,2826851
2021-06-10 09:56:00,710.2,2826852
2021-06-10 09:56:02,710.15,2826947
2021-06-10 09:56:02,710.15,2826947
2021-06-10 09:56:03,710.4,2827191
2021-06-10 09:56:04,710.4,2827212
2021-06-10 09:56:05,710.1,2827702
2021-06-10 09:56:06,710.1,2827797
2021-06-10 09:56:07,710.2,2828307
2021-06-10 09:56:08,710.2,2828403
2021-06-10 09:56:09,710.05,2828953
2021-06-10 09:56:10,710.05,2828953
2021-06-10 09:56:11,710.4,2828983
2021-06-10 09:56:12,710.4,2829512
2021-06-10 09:56:13,710.1,2829827
2021-06-10 09:56:14,710.4,2829837
2021-06-10 09:56:16,710.4,2830086
2021-06-10 09:56:17,710.05,2830098
2021-06-10 09:56:18,710.25,2830110
2021-06-10 09:56:19,710.1,2830111
2021-06-10 09:56:20,710.25,2830622
2021-06-10 09:56:21,710.25,2830648
2021-06-10 09:56:22,710.25,2830652
2021-06-10 09:56:23,710.25,2830693
2021-06-10 09:56:24,710.1,2830718
2021-06-10 09:56:25,710.4,2830748
2021-06-10 09:56:26,710.4,2830808
2021-06-10 09:56:27,710.1,2831551
2021-06-10 09:56:28,710.4,2831699
2021-06-10 09:56:29,710.4,2831699
2021-06-10 09:56:30,710.1,2831788
2021-06-10 09:56:32,710.1,2831878
2021-06-10 09:56:33,710.35,2832138
2021-06-10 09:56:34,710.35,2832248
2021-06-10 09:56:35,710.35,2832452
2021-06-10 09:56:36,710.35,2832572
2021-06-10 09:56:37,710.4,2832864
2021-06-10 09:56:38,710.15,2833009
2021-06-10 09:56:39,710.4,2833159
2021-06-10 09:56:40,710.4,2833196
2021-06-10 09:56:41,710.4,2833795
2021-06-10 09:56:42,710.4,2833795
2021-06-10 09:56:44,710.2,2833886
2021-06-10 09:56:44,710.2,2833886
2021-06-10 09:56:45,710.35,2833916
2021-06-10 09:56:46,710.3,2834526
2021-06-10 09:56:47,710.4,2834586
2021-06-10 09:56:48,710.2,2835137
2021-06-10 09:56:49,710.2,2835148
2021-06-10 09:56:50,710.2,2835522
2021-06-10 09:56:51,710.2,2835522
2021-06-10 09:56:52,710.4,2835759
2021-06-10 09:56:53,710.4,2835763
2021-06-10 09:56:54,710.4,2835804
2021-06-10 09:56:55,710.25,2836032
2021-06-10 09:56:56,710.5,2838446
2021-06-10 09:56:58,710.5,2838446
2021-06-10 09:56:58,710.5,2838446
2021-06-10 09:56:59,710.6,2838518
2021-06-10 09:57:00,710.45,2838589
2021-06-10 09:57:01,710.45,2838589
2021-06-10 09:57:02,710.5,2839153
2021-06-10 09:57:03,710.5,2839173
2021-06-10 09:57:04,710.75,2839403
2021-06-10 09:57:05,710.75,2839522
2021-06-10 09:57:06,710.75,2839522
2021-06-10 09:57:07,710.75,2839522
2021-06-10 09:57:08,710.75,2839572
2021-06-10 09:57:09,710.95,2844248
2021-06-10 09:57:10,711.0,2845026
2021-06-10 09:57:11,710.8,2845327
2021-06-10 09:57:12,710.8,2845327
2021-06-10 09:57:13,711.0,2845447
2021-06-10 09:57:15,710.9,2845817
2021-06-10 09:57:15,710.9,2845817
2021-06-10 09:57:16,710.9,2846065
2021-06-10 09:57:17,710.9,2846312
2021-06-10 09:57:18,711.0,2849447
2021-06-10 09:57:19,711.0,2850025
2021-06-10 09:57:20,711.0,2850230
2021-06-10 09:57:21,710.9,2850325
2021-06-10 09:57:22,711.0,2850326
2021-06-10 09:57:23,710.95,2850396
2021-06-10 09:57:24,710.95,2850396
2021-06-10 09:57:25,711.0,2850966
2021-06-10 09:57:26,711.0,2851077
2021-06-10 09:57:28,710.75,2851213
2021-06-10 09:57:28,710.75,2851213
2021-06-10 09:57:30,711.0,2852428
2021-06-10 09:57:31,711.0,2852438
2021-06-10 09:57:32,711.0,2852485
2021-06-10 09:57:33,711.0,2853107
2021-06-10 09:57:34,710.8,2853158
2021-06-10 09:57:35,711.0,2853173
2021-06-10 09:57:36,711.0,2855805
2021-06-10 09:57:37,710.8,2855825
2021-06-10 09:57:39,710.95,2856173
2021-06-10 09:57:39,710.95,2856173
2021-06-10 09:57:40,710.75,2858138
2021-06-10 09:57:41,710.95,2858458
2021-06-10 09:57:42,711.0,2858517
2021-06-10 09:57:43,711.0,2858517
2021-06-10 09:57:44,711.0,2858517
2021-06-10 09:57:45,710.95,2858680
2021-06-10 09:57:46,710.85,2858781
2021-06-10 09:57:47,710.95,2859444
2021-06-10 09:57:48,711.0,2859909
2021-06-10 09:57:50,710.85,2860764
2021-06-10 09:57:50,710.9,2860831
2021-06-10 09:57:51,710.9,2861189
2021-06-10 09:57:53,710.75,2865880
2021-06-10 09:57:54,710.5,2866398
2021-06-10 09:57:55,710.75,2866614
2021-06-10 09:57:57,710.5,2866945
2021-06-10 09:57:57,710.5,2866945
2021-06-10 09:57:58,710.85,2867955
2021-06-10 09:57:59,710.5,2868030
2021-06-10 09:58:02,710.7,2868490
2021-06-10 09:58:03,710.55,2868542
2021-06-10 09:58:03,710.55,2868542
2021-06-10 09:58:04,710.55,2868593
2021-06-10 09:58:05,710.9,2869099
2021-06-10 09:58:06,710.9,2870031
2021-06-10 09:58:07,710.9,2870281
2021-06-10 09:58:10,711.0,2872745
2021-06-10 09:58:11,711.0,2872908
2021-06-10 09:58:12,711.0,2873008
2021-06-10 09:58:12,711.0,2873008
2021-06-10 09:58:14,711.0,2873165
2021-06-10 09:58:15,711.0,2873820
2021-06-10 09:58:15,711.0,2873820
2021-06-10 09:58:16,710.95,2874644
2021-06-10 09:58:17,711.0,2874798
2021-06-10 09:58:18,710.85,2874818
2021-06-10 09:58:19,710.85,2874818
2021-06-10 09:58:20,711.0,2874939
2021-06-10 09:58:21,710.9,2875049
2021-06-10 09:58:22,710.9,2875094
2021-06-10 09:58:23,711.0,2875215
2021-06-10 09:58:24,711.0,2875238
2021-06-10 09:58:25,710.6,2876802
2021-06-10 09:58:27,710.6,2876802
2021-06-10 09:58:28,710.8,2877413
2021-06-10 09:58:28,711.0,2877442
2021-06-10 09:58:29,710.9,2877658
2021-06-10 09:58:30,710.9,2877674
2021-06-10 09:58:31,710.9,2877719
2021-06-10 09:58:32,710.9,2877740
2021-06-10 09:58:33,710.9,2877759
2021-06-10 09:58:34,710.9,2877825
2021-06-10 09:58:35,710.75,2877885
2021-06-10 09:58:36,711.15,2932070
2021-06-10 09:58:38,711.15,2933044
2021-06-10 09:58:39,711.15,2933070
2021-06-10 09:58:40,711.1,2933311
2021-06-10 09:58:40,711.1,2933313
2021-06-10 09:58:41,711.2,2935637
2021-06-10 09:58:42,711.2,2935693
2021-06-10 09:58:43,711.55,2936301
2021-06-10 09:58:44,711.4,2938066
2021-06-10 09:58:45,711.65,2938181
2021-06-10 09:58:46,711.7,2938592
2021-06-10 09:58:47,712.0,2942363
2021-06-10 09:58:48,712.3,2943413
2021-06-10 09:58:49,712.4,2944453
2021-06-10 09:58:50,711.35,2952931
2021-06-10 09:58:51,711.8,2957198
2021-06-10 09:58:52,712.25,2957959
2021-06-10 09:58:53,712.25,2957959
2021-06-10 09:58:54,711.9,2958094
2021-06-10 09:58:56,712.3,2959012
2021-06-10 09:58:57,711.8,2962236
2021-06-10 09:59:00,711.8,2962829
2021-06-10 09:59:01,711.8,2962962
2021-06-10 09:59:02,711.9,2963823
2021-06-10 09:59:03,712.3,2964179
2021-06-10 09:59:04,712.1,2964231
2021-06-10 09:59:05,712.4,2964419
2021-06-10 09:59:06,712.15,2964561
2021-06-10 09:59:07,712.4,2964618
2021-06-10 09:59:09,712.5,2965491
2021-06-10 09:59:10,712.4,2965708
2021-06-10 09:59:11,712.1,2966079
2021-06-10 09:59:12,712.4,2966090
2021-06-10 09:59:13,712.1,2966789
2021-06-10 09:59:13,712.1,2966789
2021-06-10 09:59:14,712.1,2968133
2021-06-10 09:59:15,712.2,2968300
2021-06-10 09:59:16,712.3,2968810
2021-06-10 09:59:17,712.35,2969295
2021-06-10 09:59:18,712.35,2969769
2021-06-10 09:59:20,712.4,2970034
2021-06-10 09:59:21,712.4,2970184
2021-06-10 09:59:22,711.65,2975469
2021-06-10 09:59:22,711.65,2975469
2021-06-10 09:59:23,711.75,2975855
2021-06-10 09:59:24,711.75,2975970
2021-06-10 09:59:25,711.85,2975972
2021-06-10 09:59:26,711.85,2975977
2021-06-10 09:59:27,711.85,2975978
2021-06-10 09:59:29,711.75,2976042
2021-06-10 09:59:31,711.8,2976915
2021-06-10 09:59:32,711.8,2977100
2021-06-10 09:59:32,711.8,2977100
2021-06-10 09:59:33,711.8,2977180
2021-06-10 09:59:34,711.85,2978013
2021-06-10 09:59:35,712.0,2978525
2021-06-10 09:59:37,712.25,2979710
2021-06-10 09:59:38,712.35,2979750
2021-06-10 09:59:39,712.4,2980490
2021-06-10 09:59:40,712.4,2980905
2021-06-10 09:59:41,712.4,2981055
2021-06-10 09:59:42,712.4,2981205
2021-06-10 09:59:42,712.4,2981205
2021-06-10 09:59:43,712.2,2981401
2021-06-10 09:59:44,712.25,2982722
2021-06-10 09:59:47,712.35,2982745
2021-06-10 09:59:48,712.5,2983785
2021-06-10 09:59:49,712.5,2983789
2021-06-10 09:59:50,712.35,2984544
2021-06-10 09:59:51,712.5,2984569
2021-06-10 09:59:52,712.25,2985125
2021-06-10 09:59:53,712.25,2985235
2021-06-10 09:59:55,712.55,2985556
2021-06-10 09:59:56,712.4,2985716
2021-06-10 09:59:57,712.55,2985737
2021-06-10 09:59:58,712.6,2985992
2021-06-10 09:59:59,712.3,2986192
2021-06-10 10:00:01,712.6,2986442
2021-06-10 10:00:01,712.4,2986468
2021-06-10 10:00:03,712.2,2986969
2021-06-10 10:00:04,712.55,2986979
2021-06-10 10:00:05,712.55,2987039
2021-06-10 10:00:06,712.5,2989145
2021-06-10 10:00:07,712.5,2989455
2021-06-10 10:00:08,712.5,2990717
2021-06-10 10:00:09,712.5,2992376
2021-06-10 10:00:10,712.5,2992391
2021-06-10 10:00:11,712.5,2992887
2021-06-10 10:00:12,712.5,2993052
2021-06-10 10:00:13,712.5,2993574
2021-06-10 10:00:14,712.5,2993574
2021-06-10 10:00:15,712.5,2993874
2021-06-10 10:00:16,712.5,2993909
2021-06-10 10:00:17,712.5,2994060
2021-06-10 10:00:18,712.45,2994181
2021-06-10 10:00:19,712.5,2995426
2021-06-10 10:00:20,712.5,2995590
2021-06-10 10:00:21,712.4,2995842
2021-06-10 10:00:22,712.6,2996298
2021-06-10 10:00:23,712.45,2996322
2021-06-10 10:00:24,712.45,2996602
2021-06-10 10:00:25,712.55,2996916
2021-06-10 10:00:26,712.6,2996949
2021-06-10 10:00:27,712.5,2997149
2021-06-10 10:00:28,712.55,2997219
2021-06-10 10:00:29,712.4,2997269
2021-06-10 10:00:30,712.4,2997573
2021-06-10 10:00:30,712.6,2997873
2021-06-10 10:00:32,712.5,2998458
2021-06-10 10:00:33,712.5,2998758
2021-06-10 10:00:34,712.5,2998896
2021-06-10 10:00:36,712.6,2999548
2021-06-10 10:00:37,712.4,3000012
2021-06-10 10:00:38,712.6,3000017
2021-06-10 10:00:39,712.5,3000274
2021-06-10 10:00:40,712.5,3000274
2021-06-10 10:00:41,712.6,3000280
2021-06-10 10:00:43,712.6,3000596
2021-06-10 10:00:44,712.6,3001659
2021-06-10 10:00:45,712.6,3001824
2021-06-10 10:00:46,712.6,3001898
2021-06-10 10:00:47,712.6,3002051
2021-06-10 10:00:48,712.6,3002221
2021-06-10 10:00:49,712.6,3002531
2021-06-10 10:00:50,712.5,3002701
2021-06-10 10:00:51,712.6,3002746
2021-06-10 10:00:52,712.6,3002748
2021-06-10 10:00:53,712.6,3002880
2021-06-10 10:00:53,712.6,3003160
2021-06-10 10:00:54,712.6,3003220
2021-06-10 10:00:55,712.6,3003406
2021-06-10 10:00:56,712.55,3003626
2021-06-10 10:00:57,712.6,3003710
2021-06-10 10:00:58,712.6,3003760
2021-06-10 10:00:59,712.6,3004089
2021-06-10 10:01:00,712.6,3004102
2021-06-10 10:01:01,712.6,3004127
2021-06-10 10:01:02,712.6,3004227
2021-06-10 10:01:03,712.5,3004305
2021-06-10 10:01:04,712.6,3004625
2021-06-10 10:01:06,712.55,3004739
2021-06-10 10:01:07,712.6,3004942
2021-06-10 10:01:08,712.5,3005402
2021-06-10 10:01:08,712.45,3008316
2021-06-10 10:01:10,712.5,3008356
2021-06-10 10:01:11,712.5,3008453
2021-06-10 10:01:12,712.6,3008466
2021-06-10 10:01:13,712.6,3008516
2021-06-10 10:01:14,712.6,3008516
2021-06-10 10:01:14,712.65,3008531
2021-06-10 10:01:16,712.6,3008632
2021-06-10 10:01:17,712.8,3009586
2021-06-10 10:01:18,712.6,3009793
2021-06-10 10:01:19,712.9,3009874
2021-06-10 10:01:20,712.9,3010254
2021-06-10 10:01:21,712.9,3010327
2021-06-10 10:01:22,712.9,3010467
2021-06-10 10:01:23,712.9,3011144
2021-06-10 10:01:23,712.9,3011144
2021-06-10 10:01:24,712.9,3011144
2021-06-10 10:01:25,712.9,3011259
2021-06-10 10:01:26,712.9,3011529
2021-06-10 10:01:27,713.0,3013664
2021-06-10 10:01:30,713.0,3014287
2021-06-10 10:01:31,712.9,3014338
2021-06-10 10:01:32,712.95,3015226
2021-06-10 10:01:33,713.0,3015322
2021-06-10 10:01:34,713.0,3015665
2021-06-10 10:01:34,713.0,3015665
2021-06-10 10:01:35,713.0,3015830
2021-06-10 10:01:36,712.65,3016075
2021-06-10 10:01:37,713.0,3016085
2021-06-10 10:01:38,713.0,3016584
2021-06-10 10:01:39,713.05,3021417
2021-06-10 10:01:40,712.75,3021549
2021-06-10 10:01:41,712.9,3021603
2021-06-10 10:01:42,712.65,3023621
2021-06-10 10:01:43,712.9,3024343
2021-06-10 10:01:44,712.85,3024369
2021-06-10 10:01:45,712.95,3024900
2021-06-10 10:01:46,712.9,3025070
2021-06-10 10:01:48,712.4,3031907
2021-06-10 10:01:49,712.5,3033410
2021-06-10 10:01:50,712.2,3033431
2021-06-10 10:01:51,712.2,3033467
2021-06-10 10:01:52,712.35,3036633
2021-06-10 10:01:52,712.35,3036633
2021-06-10 10:01:53,712.05,3036688
2021-06-10 10:01:54,712.35,3036745
2021-06-10 10:01:55,712.35,3036758
2021-06-10 10:01:56,712.6,3036980
2021-06-10 10:01:57,712.55,3042946
2021-06-10 10:01:58,712.55,3043156
2021-06-10 10:02:00,712.2,3043171
2021-06-10 10:02:01,712.5,3043429
2021-06-10 10:02:03,712.5,3043779
2021-06-10 10:02:03,712.5,3043778
2021-06-10 10:02:04,712.1,3044484
2021-06-10 10:02:05,712.25,3044490
2021-06-10 10:02:06,712.25,3044490
2021-06-10 10:02:07,712.1,3044720
2021-06-10 10:02:09,712.15,3044821
2021-06-10 10:02:10,712.15,3044959
2021-06-10 10:02:11,712.05,3045533
2021-06-10 10:02:12,712.25,3046970
2021-06-10 10:02:13,712.2,3047089
2021-06-10 10:02:14,712.2,3047324
2021-06-10 10:02:15,712.2,3047616
2021-06-10 10:02:16,712.15,3047918
2021-06-10 10:02:17,712.05,3047996
2021-06-10 10:02:18,711.9,3048267
2021-06-10 10:02:19,711.9,3048362
2021-06-10 10:02:20,712.05,3048507
2021-06-10 10:02:21,711.85,3048639
2021-06-10 10:02:22,711.85,3048891
2021-06-10 10:02:23,712.15,3048916
2021-06-10 10:02:24,712.15,3048916
2021-06-10 10:02:25,711.85,3048975
2021-06-10 10:02:27,711.85,3049060
2021-06-10 10:02:28,711.85,3049121
2021-06-10 10:02:30,711.8,3050358
2021-06-10 10:02:31,711.85,3050458
2021-06-10 10:02:33,711.85,3050524
2021-06-10 10:02:34,711.85,3050524
2021-06-10 10:02:35,711.85,3050584
2021-06-10 10:02:35,711.85,3050534
2021-06-10 10:02:38,711.9,3050714
2021-06-10 10:02:39,711.7,3050855
2021-06-10 10:02:40,711.9,3050984
2021-06-10 10:02:41,711.9,3051038
2021-06-10 10:02:42,711.7,3051098
2021-06-10 10:02:43,711.9,3051255
2021-06-10 10:02:43,711.9,3051265
2021-06-10 10:02:45,711.7,3051282
2021-06-10 10:02:46,711.8,3051317
2021-06-10 10:02:47,712.3,3053182
2021-06-10 10:02:48,712.25,3053230
2021-06-10 10:02:49,712.3,3053280
2021-06-10 10:02:50,712.2,3055000
2021-06-10 10:02:51,712.2,3055000
2021-06-10 10:02:51,712.2,3055001
2021-06-10 10:02:52,712.2,3055001
2021-06-10 10:02:54,712.3,3055003
2021-06-10 10:02:55,712.25,3055076
2021-06-10 10:02:55,712.25,3055076
2021-06-10 10:02:57,712.15,3055296
2021-06-10 10:02:58,712.0,3055646
2021-06-10 10:02:59,712.0,3055790
2021-06-10 10:03:00,712.3,3056641
2021-06-10 10:03:00,712.05,3056731
2021-06-10 10:03:01,712.3,3056784
2021-06-10 10:03:03,712.3,3056885
2021-06-10 10:03:04,712.2,3056886
2021-06-10 10:03:05,712.2,3057441
2021-06-10 10:03:06,712.25,3057446
2021-06-10 10:03:07,712.2,3057468
2021-06-10 10:03:08,712.3,3057671
2021-06-10 10:03:08,712.3,3057671
2021-06-10 10:03:09,712.2,3057772
2021-06-10 10:03:11,712.2,3058070
2021-06-10 10:03:12,712.2,3058300
2021-06-10 10:03:13,712.2,3058300
2021-06-10 10:03:14,712.05,3058410
2021-06-10 10:03:16,712.05,3058583
2021-06-10 10:03:18,712.2,3059044
2021-06-10 10:03:19,712.05,3059049
2021-06-10 10:03:20,712.05,3059144
2021-06-10 10:03:21,712.05,3059764
2021-06-10 10:03:22,712.2,3060213
2021-06-10 10:03:23,712.2,3060213
2021-06-10 10:03:23,712.2,3060213
2021-06-10 10:03:25,712.1,3060578
2021-06-10 10:03:28,711.8,3062573
2021-06-10 10:03:29,711.7,3062832
2021-06-10 10:03:30,711.7,3062854
2021-06-10 10:03:30,711.95,3062904
2021-06-10 10:03:33,711.3,3065429
2021-06-10 10:03:34,711.4,3065453
2021-06-10 10:03:35,711.2,3065565
2021-06-10 10:03:36,711.2,3065583
2021-06-10 10:03:36,711.2,3065583
2021-06-10 10:03:37,711.2,3065793
2021-06-10 10:03:39,711.2,3065813
2021-06-10 10:03:40,711.2,3066013
2021-06-10 10:03:41,711.4,3066213
2021-06-10 10:03:42,711.4,3066273
2021-06-10 10:03:43,711.7,3066299
2021-06-10 10:03:43,711.7,3066299
2021-06-10 10:03:45,711.7,3066299
2021-06-10 10:03:46,711.2,3066890
2021-06-10 10:03:47,711.4,3066900
2021-06-10 10:03:48,711.25,3067096
2021-06-10 10:03:48,711.25,3067096
2021-06-10 10:03:50,711.2,3067577
2021-06-10 10:03:51,711.2,3067727
2021-06-10 10:03:52,711.2,3067733
2021-06-10 10:03:53,711.2,3068100
2021-06-10 10:03:54,711.6,3069232
2021-06-10 10:03:54,711.5,3069242
2021-06-10 10:03:55,711.3,3069573
2021-06-10 10:03:57,711.25,3069575
2021-06-10 10:03:58,711.5,3069705
2021-06-10 10:03:59,711.5,3069709
2021-06-10 10:04:00,711.2,3069785
2021-06-10 10:04:02,711.3,3069943
2021-06-10 10:04:03,711.5,3070148
2021-06-10 10:04:03,711.5,3070143
2021-06-10 10:04:05,711.2,3070152
2021-06-10 10:04:06,711.45,3070154
2021-06-10 10:04:07,711.2,3070214
2021-06-10 10:04:08,711.2,3070291
2021-06-10 10:04:09,711.25,3070791
2021-06-10 10:04:10,711.4,3070795
2021-06-10 10:04:11,711.1,3076718
2021-06-10 10:04:12,711.35,3076728
2021-06-10 10:04:14,711.35,3076993
2021-06-10 10:04:15,711.05,3078154
2021-06-10 10:04:15,711.1,3077853
2021-06-10 10:04:16,711.25,3078314
2021-06-10 10:04:18,711.25,3078514
2021-06-10 10:04:19,711.3,3079724
2021-06-10 10:04:20,711.3,3079740
2021-06-10 10:04:21,711.05,3080001
2021-06-10 10:04:22,711.05,3080626
2021-06-10 10:04:23,711.05,3080626
2021-06-10 10:04:24,711.2,3080731
2021-06-10 10:04:25,711.05,3082959
2021-06-10 10:04:26,711.05,3084099
2021-06-10 10:04:28,710.75,3089874
2021-06-10 10:04:29,710.75,3090010
2021-06-10 10:04:30,710.7,3090285
2021-06-10 10:04:31,710.65,3090406
2021-06-10 10:04:32,711.0,3090618
2021-06-10 10:04:33,710.65,3090693
2021-06-10 10:04:34,710.55,3092013
2021-06-10 10:04:35,710.55,3092551
2021-06-10 10:04:36,710.5,3093759
2021-06-10 10:04:37,710.5,3093760
2021-06-10 10:04:38,710.6,3094770
2021-06-10 10:04:39,710.5,3094804
2021-06-10 10:04:40,710.2,3095176
2021-06-10 10:04:41,710.2,3095211
2021-06-10 10:04:42,710.55,3095311
2021-06-10 10:04:43,710.55,3095761
2021-06-10 10:04:44,710.2,3098816
2021-06-10 10:04:45,710.25,3099825
2021-06-10 10:04:46,710.5,3100327
2021-06-10 10:04:47,710.2,3100377
2021-06-10 10:04:48,710.2,3100427
2021-06-10 10:04:49,710.2,3101369
2021-06-10 10:04:51,710.85,3101556
2021-06-10 10:04:52,710.55,3101931
2021-06-10 10:04:53,710.8,3101932
2021-06-10 10:04:54,710.5,3102111
2021-06-10 10:04:56,710.55,3102730
2021-06-10 10:04:57,710.85,3102850
2021-06-10 10:04:59,710.8,3102968
2021-06-10 10:04:58,710.8,3102968
2021-06-10 10:05:00,710.8,3103290
2021-06-10 10:05:01,710.8,3103290
2021-06-10 10:05:04,710.75,3103772
2021-06-10 10:05:05,710.45,3103776
2021-06-10 10:05:07,710.45,3103776
2021-06-10 10:05:06,710.45,3103776
2021-06-10 10:05:08,710.45,3104575
2021-06-10 10:05:09,710.25,3104625
2021-06-10 10:05:10,710.65,3105625
2021-06-10 10:05:11,710.2,3105925
2021-06-10 10:05:13,710.5,3106026
2021-06-10 10:05:12,710.5,3106025
2021-06-10 10:05:14,710.2,3106101
2021-06-10 10:05:15,710.5,3106102
2021-06-10 10:05:16,710.5,3106332
2021-06-10 10:05:17,710.3,3106935
2021-06-10 10:05:18,710.3,3106935
2021-06-10 10:05:19,710.2,3107144
2021-06-10 10:05:20,710.5,3107180
2021-06-10 10:05:21,710.2,3107182
2021-06-10 10:05:22,710.2,3107184
2021-06-10 10:05:23,710.2,3107204
2021-06-10 10:05:24,710.2,3107509
2021-06-10 10:05:27,710.4,3113984
2021-06-10 10:05:28,710.1,3114389
2021-06-10 10:05:29,710.1,3114519
2021-06-10 10:05:30,710.1,3114529
2021-06-10 10:05:31,710.1,3114554
2021-06-10 10:05:32,710.2,3115141
2021-06-10 10:05:33,710.35,3115234
2021-06-10 10:05:34,710.2,3115696
2021-06-10 10:05:35,710.2,3115696
2021-06-10 10:05:36,710.1,3115985
2021-06-10 10:05:37,710.2,3116005
2021-06-10 10:05:38,710.1,3116030
2021-06-10 10:05:39,710.4,3116099
2021-06-10 10:05:40,710.1,3116104
2021-06-10 10:05:41,710.4,3116312
2021-06-10 10:05:42,710.2,3116393
2021-06-10 10:05:43,710.2,3116617
2021-06-10 10:05:44,710.4,3116832
2021-06-10 10:05:45,710.1,3117282
2021-06-10 10:05:46,710.4,3118322
2021-06-10 10:05:47,710.1,3118542
2021-06-10 10:05:48,710.2,3118706
2021-06-10 10:05:49,710.45,3121420
2021-06-10 10:05:50,710.75,3121425
2021-06-10 10:05:51,710.75,3121460
2021-06-10 10:05:52,710.45,3121476
2021-06-10 10:05:53,710.45,3121476
2021-06-10 10:05:54,710.45,3121526
2021-06-10 10:05:55,710.9,3122026
2021-06-10 10:05:56,710.5,3122066
2021-06-10 10:05:57,710.45,3122166
2021-06-10 10:05:58,710.75,3122416
2021-06-10 10:05:59,710.8,3122679
2021-06-10 10:06:00,710.45,3122750
2021-06-10 10:06:01,710.45,3122752
2021-06-10 10:06:02,710.45,3123302
2021-06-10 10:06:03,710.35,3123599
2021-06-10 10:06:04,710.95,3124099
2021-06-10 10:06:05,710.9,3124331
2021-06-10 10:06:06,710.9,3124331
2021-06-10 10:06:07,710.9,3124331
2021-06-10 10:06:08,710.9,3124371
2021-06-10 10:06:09,710.55,3124373
2021-06-10 10:06:10,710.85,3124451
2021-06-10 10:06:11,710.85,3124451
2021-06-10 10:06:12,710.85,3124451
2021-06-10 10:06:13,710.75,3124461
2021-06-10 10:06:14,710.75,3124471
2021-06-10 10:06:15,710.85,3124498
2021-06-10 10:06:16,710.85,3124498
2021-06-10 10:06:17,711.0,3124957
2021-06-10 10:06:18,710.7,3124973
2021-06-10 10:06:19,710.7,3124973
2021-06-10 10:06:20,710.7,3124973
2021-06-10 10:06:21,710.95,3125070
2021-06-10 10:06:22,710.65,3125270
2021-06-10 10:06:23,710.95,3125290
2021-06-10 10:06:24,710.95,3125290
2021-06-10 10:06:25,710.65,3125310
2021-06-10 10:06:26,710.65,3125310
2021-06-10 10:06:27,710.95,3125492
2021-06-10 10:06:28,710.75,3125584
2021-06-10 10:06:30,711.0,3127686
2021-06-10 10:06:31,710.95,3128036
2021-06-10 10:06:33,710.95,3128041
2021-06-10 10:06:33,710.95,3128041
2021-06-10 10:06:35,710.95,3128391
2021-06-10 10:06:36,710.95,3129192
2021-06-10 10:06:37,710.95,3129192
2021-06-10 10:06:39,710.7,3129229
2021-06-10 10:06:39,710.7,3129229
2021-06-10 10:06:40,710.95,3129245
2021-06-10 10:06:41,710.95,3129251
2021-06-10 10:06:42,711.05,3132886
2021-06-10 10:06:43,711.15,3133028
2021-06-10 10:06:44,711.45,3133054
2021-06-10 10:06:45,711.65,3133860
2021-06-10 10:06:46,711.6,3133870
2021-06-10 10:06:47,711.25,3133885
2021-06-10 10:06:48,711.25,3133894
2021-06-10 10:06:50,711.6,3133999
2021-06-10 10:06:50,711.6,3133999
2021-06-10 10:06:51,711.25,3134099
2021-06-10 10:06:52,711.25,3134099
2021-06-10 10:06:53,711.55,3134100
2021-06-10 10:06:54,711.55,3134335
2021-06-10 10:06:55,711.25,3134400
2021-06-10 10:06:56,711.6,3135008
2021-06-10 10:06:57,711.65,3135209
2021-06-10 10:06:58,711.7,3135238
2021-06-10 10:07:00,711.65,3135718
2021-06-10 10:07:01,711.5,3135720
2021-06-10 10:07:02,711.6,3135731
2021-06-10 10:07:03,711.35,3135968
2021-06-10 10:07:04,711.7,3136378
2021-06-10 10:07:07,711.5,3136975
2021-06-10 10:07:09,711.6,3138179
2021-06-10 10:07:09,711.3,3138376
2021-06-10 10:07:10,711.6,3138408
2021-06-10 10:07:11,711.6,3138408
2021-06-10 10:07:12,711.6,3138437
2021-06-10 10:07:13,711.6,3138441
2021-06-10 10:07:14,711.6,3138464
2021-06-10 10:07:15,711.6,3138464
2021-06-10 10:07:17,711.6,3138514
2021-06-10 10:07:17,711.6,3138514
2021-06-10 10:07:18,711.6,3138514
2021-06-10 10:07:19,711.6,3138514
2021-06-10 10:07:20,711.6,3138514
2021-06-10 10:07:21,711.75,3138564
2021-06-10 10:07:22,711.6,3138700
2021-06-10 10:07:23,711.6,3138700
2021-06-10 10:07:25,711.6,3138731
2021-06-10 10:07:25,711.6,3138731
2021-06-10 10:07:26,711.6,3138741
2021-06-10 10:07:27,711.6,3138741
2021-06-10 10:07:28,711.65,3138800
2021-06-10 10:07:29,711.6,3138802
2021-06-10 10:07:30,711.4,3148046
2021-06-10 10:07:31,711.35,3148100
2021-06-10 10:07:33,711.45,3148421
2021-06-10 10:07:34,711.15,3148426
2021-06-10 10:07:35,711.45,3148527
2021-06-10 10:07:36,711.45,3148527
2021-06-10 10:07:37,711.5,3148622
2021-06-10 10:07:38,711.2,3148627
2021-06-10 10:07:39,711.2,3148680
2021-06-10 10:07:41,711.15,3148721
2021-06-10 10:07:41,711.5,3148731
2021-06-10 10:07:43,711.5,3148807
2021-06-10 10:07:44,711.5,3148807
2021-06-10 10:07:45,711.5,3148943
2021-06-10 10:07:46,711.5,3148943
2021-06-10 10:07:47,711.25,3149223
2021-06-10 10:07:48,711.4,3149255
2021-06-10 10:07:49,711.6,3149558
2021-06-10 10:07:51,711.3,3149634
2021-06-10 10:07:52,711.3,3149634
2021-06-10 10:07:52,711.3,3149634
2021-06-10 10:07:53,711.3,3149634
2021-06-10 10:07:54,711.3,3149634
2021-06-10 10:07:55,711.3,3149634
2021-06-10 10:07:56,711.3,3149634
2021-06-10 10:07:58,711.55,3149665
2021-06-10 10:08:00,711.15,3150244
2021-06-10 10:08:01,711.2,3150281
2021-06-10 10:08:03,711.2,3150287
2021-06-10 10:08:04,711.2,3150296
2021-06-10 10:08:04,711.2,3150297
2021-06-10 10:08:05,711.0,3150397
2021-06-10 10:08:06,711.0,3150412
2021-06-10 10:08:07,711.0,3151372
2021-06-10 10:08:08,711.0,3151377
2021-06-10 10:08:10,711.05,3153215
2021-06-10 10:08:11,711.0,3153222
2021-06-10 10:08:13,710.9,3153286
2021-06-10 10:08:13,710.9,3153336
2021-06-10 10:08:14,711.0,3153572
2021-06-10 10:08:15,711.0,3153702
2021-06-10 10:08:16,711.0,3153702
2021-06-10 10:08:17,711.0,3153702
2021-06-10 10:08:18,711.0,3153702
2021-06-10 10:08:19,711.0,3153773
2021-06-10 10:08:20,711.0,3153773
2021-06-10 10:08:23,711.0,3153819
2021-06-10 10:08:23,711.0,3153819
2021-06-10 10:08:24,711.1,3153832
2021-06-10 10:08:25,711.1,3153832
2021-06-10 10:08:26,711.1,3153842
2021-06-10 10:08:27,711.0,3154407
2021-06-10 10:08:28,711.0,3154407
2021-06-10 10:08:30,711.0,3154407
2021-06-10 10:08:30,711.0,3154407
2021-06-10 10:08:31,711.0,3154407
2021-06-10 10:08:32,711.2,3154408
2021-06-10 10:08:33,711.2,3154408
2021-06-10 10:08:34,711.1,3154526
2021-06-10 10:08:35,711.1,3154526
2021-06-10 10:08:37,711.1,3154579
2021-06-10 10:08:38,711.0,3154596
2021-06-10 10:08:40,711.0,3154596
2021-06-10 10:08:41,711.35,3155475
2021-06-10 10:08:43,711.3,3155753
2021-06-10 10:08:44,711.3,3155768
2021-06-10 10:08:46,711.15,3155788
2021-06-10 10:08:46,711.15,3155788
2021-06-10 10:08:47,711.0,3155825
2021-06-10 10:08:48,711.0,3156338
2021-06-10 10:08:49,711.0,3156338
2021-06-10 10:08:50,711.0,3156408
2021-06-10 10:08:51,711.0,3156408
2021-06-10 10:08:52,711.3,3156760
2021-06-10 10:08:53,711.3,3156760
2021-06-10 10:08:54,711.05,3156860
2021-06-10 10:08:55,710.65,3160268
2021-06-10 10:08:57,710.9,3160423
2021-06-10 10:08:58,710.9,3160523
2021-06-10 10:08:59,710.9,3160524
