timestamp,ltp,volume
2021-06-10 09:20:14,1780.7,127368
2021-06-10 09:20:15,1780.4,127459
2021-06-10 09:20:16,1780.0,127516
2021-06-10 09:20:17,1780.45,127673
2021-06-10 09:20:18,1780.1,127758
2021-06-10 09:20:19,1780.4,127761
2021-06-10 09:20:20,1780.15,128218
2021-06-10 09:20:21,1780.55,128277
2021-06-10 09:20:22,1780.0,128523
2021-06-10 09:20:23,1779.0,129451
2021-06-10 09:20:24,1779.25,129559
2021-06-10 09:20:25,1779.0,129831
2021-06-10 09:20:26,1779.75,130290
2021-06-10 09:20:28,1780.2,130814
2021-06-10 09:20:29,1780.6,130822
2021-06-10 09:20:30,1781.3,131884
2021-06-10 09:20:31,1781.3,131884
2021-06-10 09:20:32,1781.15,131912
2021-06-10 09:20:33,1780.85,131914
2021-06-10 09:20:34,1781.3,132404
2021-06-10 09:20:35,1780.95,132438
2021-06-10 09:20:36,1780.95,132438
2021-06-10 09:20:37,1780.95,132685
2021-06-10 09:20:38,1780.85,132688
2021-06-10 09:20:39,1781.2,132750
2021-06-10 09:20:40,1780.85,132806
2021-06-10 09:20:41,1780.65,132816
2021-06-10 09:20:42,1780.0,133733
2021-06-10 09:20:43,1780.05,134228
2021-06-10 09:20:44,1779.65,134554
2021-06-10 09:20:45,1779.65,134779
2021-06-10 09:20:45,1779.65,134779
2021-06-10 09:20:46,1779.3,135270
2021-06-10 09:20:47,1780.25,135379
2021-06-10 09:20:48,1780.4,135429
2021-06-10 09:20:51,1780.15,135435
2021-06-10 09:20:54,1780.0,135956
2021-06-10 09:20:55,1780.15,135967
2021-06-10 09:20:56,1780.15,135993
2021-06-10 09:20:57,1780.1,136024
2021-06-10 09:20:58,1780.1,136024
2021-06-10 09:20:59,1780.15,136070
2021-06-10 09:21:01,1780.15,136149
2021-06-10 09:21:02,1780.1,136214
2021-06-10 09:21:03,1780.1,136214
2021-06-10 09:21:04,1780.05,136215
2021-06-10 09:21:05,1780.05,136215
2021-06-10 09:21:06,1780.05,136243
2021-06-10 09:21:08,1781.0,137280
2021-06-10 09:21:09,1781.0,137280
2021-06-10 09:21:11,1780.75,137286
2021-06-10 09:21:13,1780.65,137516
2021-06-10 09:21:15,1780.65,137516
2021-06-10 09:21:17,1780.3,137522
2021-06-10 09:21:18,1780.65,137527
2021-06-10 09:21:19,1780.65,137544
2021-06-10 09:21:20,1780.35,137545
2021-06-10 09:21:21,1780.35,137725
2021-06-10 09:21:22,1780.35,137736
2021-06-10 09:21:23,1780.4,137746
2021-06-10 09:21:24,1780.65,138031
2021-06-10 09:21:25,1780.3,138032
2021-06-10 09:21:26,1780.65,138044
2021-06-10 09:21:27,1780.65,138047
2021-06-10 09:21:28,1780.65,138047
2021-06-10 09:21:29,1780.35,138147
2021-06-10 09:21:30,1780.5,138347
2021-06-10 09:21:31,1780.45,138397
2021-06-10 09:21:32,1780.3,138978
2021-06-10 09:21:33,1780.3,138978
2021-06-10 09:21:34,1780.4,139078
2021-06-10 09:21:35,1780.4,139107
2021-06-10 09:21:36,1780.3,139167
2021-06-10 09:21:37,1780.3,139182
2021-06-10 09:21:37,1780.3,139192
2021-06-10 09:21:38,1780.4,139292
2021-06-10 09:21:40,1780.75,139797
2021-06-10 09:21:41,1780.3,140647
2021-06-10 09:21:42,1780.3,140647
2021-06-10 09:21:43,1780.3,141047
2021-06-10 09:21:44,1780.3,141613
2021-06-10 09:21:45,1780.3,141747
2021-06-10 09:21:46,1780.4,141877
2021-06-10 09:21:47,1780.4,141951
2021-06-10 09:21:48,1780.85,142329
2021-06-10 09:21:49,1780.25,142332
2021-06-10 09:21:50,1780.25,142378
2021-06-10 09:21:51,1780.35,142406
2021-06-10 09:21:52,1780.3,142456
2021-06-10 09:21:53,1780.85,142556
2021-06-10 09:21:54,1780.85,142558
2021-06-10 09:21:55,1780.85,142558
2021-06-10 09:21:56,1780.85,142608
2021-06-10 09:21:57,1780.85,142633
2021-06-10 09:21:58,1780.65,142635
2021-06-10 09:21:59,1780.9,142739
2021-06-10 09:22:00,1780.65,142915
2021-06-10 09:22:01,1780.25,142937
2021-06-10 09:22:02,1780.7,142944
2021-06-10 09:22:03,1780.75,143044
2021-06-10 09:22:04,1780.8,143045
2021-06-10 09:22:05,1780.8,143045
2021-06-10 09:22:06,1780.8,143088
2021-06-10 09:22:07,1780.8,143248
2021-06-10 09:22:08,1780.3,143928
2021-06-10 09:22:09,1780.75,144270
2021-06-10 09:22:10,1780.65,144290
2021-06-10 09:22:11,1780.45,144313
2021-06-10 09:22:12,1780.45,144413
2021-06-10 09:22:13,1780.8,144468
2021-06-10 09:22:14,1780.85,144774
2021-06-10 09:22:15,1780.8,144784
2021-06-10 09:22:16,1780.8,144784
2021-06-10 09:22:17,1780.6,145227
2021-06-10 09:22:18,1780.2,146023
2021-06-10 09:22:19,1780.2,146286
2021-06-10 09:22:20,1780.45,146309
2021-06-10 09:22:21,1780.45,146309
2021-06-10 09:22:22,1780.3,146362
2021-06-10 09:22:23,1780.3,146362
2021-06-10 09:22:24,1780.3,146362
2021-06-10 09:22:25,1780.3,146364
2021-06-10 09:22:26,1780.05,146696
2021-06-10 09:22:27,1780.05,146701
2021-06-10 09:22:28,1780.15,146743
2021-06-10 09:22:29,1780.6,147245
2021-06-10 09:22:30,1780.0,148067
2021-06-10 09:22:31,1780.0,148266
2021-06-10 09:22:32,1780.0,148266
2021-06-10 09:22:33,1779.75,148738
2021-06-10 09:22:34,1779.75,148738
2021-06-10 09:22:35,1780.7,148748
2021-06-10 09:22:36,1780.7,148748
2021-06-10 09:22:37,1780.7,148748
2021-06-10 09:22:38,1780.3,150206
2021-06-10 09:22:40,1780.3,150231
2021-06-10 09:22:41,1780.95,150340
2021-06-10 09:22:42,1780.3,150447
2021-06-10 09:22:43,1780.5,150638
2021-06-10 09:22:44,1780.3,150688
2021-06-10 09:22:45,1780.3,150688
2021-06-10 09:22:46,1780.6,150708
2021-06-10 09:22:47,1780.5,150722
2021-06-10 09:22:48,1780.5,150747
2021-06-10 09:22:49,1780.6,150827
2021-06-10 09:22:50,1780.5,150837
2021-06-10 09:22:51,1780.5,150837
2021-06-10 09:22:52,1780.55,150838
2021-06-10 09:22:53,1780.65,150863
2021-06-10 09:22:54,1780.6,150887
2021-06-10 09:22:55,1780.6,150887
2021-06-10 09:22:56,1780.6,150887
2021-06-10 09:22:57,1780.6,150936
2021-06-10 09:22:58,1780.6,150936
2021-06-10 09:22:59,1780.6,150936
2021-06-10 09:23:00,1780.9,150938
2021-06-10 09:23:01,1780.7,150939
2021-06-10 09:23:02,1780.7,150939
2021-06-10 09:23:03,1780.75,150945
2021-06-10 09:23:04,1780.7,150947
2021-06-10 09:23:05,1780.75,150972
2021-06-10 09:23:06,1780.65,151007
2021-06-10 09:23:07,1780.65,151007
2021-06-10 09:23:08,1780.65,151007
2021-06-10 09:23:09,1780.85,151134
2021-06-10 09:23:10,1780.85,151173
2021-06-10 09:23:12,1780.6,151197
2021-06-10 09:23:11,1780.85,151173
2021-06-10 09:23:13,1780.85,151218
2021-06-10 09:23:14,1780.65,151400
2021-06-10 09:23:16,1781.0,152904
2021-06-10 09:23:17,1781.85,152939
2021-06-10 09:23:18,1781.1,152952
2021-06-10 09:23:19,1781.8,152957
2021-06-10 09:23:20,1781.3,152960
2021-06-10 09:23:21,1781.25,152964
2021-06-10 09:23:22,1781.25,152964
2021-06-10 09:23:23,1781.75,153064
2021-06-10 09:23:24,1781.95,153070
2021-06-10 09:23:25,1781.95,153075
2021-06-10 09:23:26,1782.15,153335
2021-06-10 09:23:27,1782.2,153338
2021-06-10 09:23:28,1782.2,153338
2021-06-10 09:23:29,1782.1,153348
2021-06-10 09:23:30,1782.05,153349
2021-06-10 09:23:31,1782.05,153411
2021-06-10 09:23:32,1783.3,154432
2021-06-10 09:23:33,1783.25,154524
2021-06-10 09:23:34,1783.7,154530
2021-06-10 09:23:35,1783.4,154560
2021-06-10 09:23:36,1783.35,154829
2021-06-10 09:23:37,1782.95,154979
2021-06-10 09:23:38,1783.15,155129
2021-06-10 09:23:39,1783.15,155148
2021-06-10 09:23:40,1783.3,155158
2021-06-10 09:23:41,1783.3,155158
2021-06-10 09:23:42,1782.9,155268
2021-06-10 09:23:43,1783.05,155368
2021-06-10 09:23:44,1783.05,155368
2021-06-10 09:23:46,1783.1,155428
2021-06-10 09:23:45,1783.1,155428
2021-06-10 09:23:47,1782.95,156694
2021-06-10 09:23:48,1782.95,156794
2021-06-10 09:23:50,1783.0,157703
2021-06-10 09:23:51,1783.0,157713
2021-06-10 09:23:52,1783.1,157723
2021-06-10 09:23:53,1783.05,157773
2021-06-10 09:23:54,1783.05,157773
2021-06-10 09:23:55,1783.25,158268
2021-06-10 09:23:57,1783.2,158322
2021-06-10 09:23:57,1783.2,158322
2021-06-10 09:23:58,1783.2,158322
2021-06-10 09:23:59,1783.25,158855
2021-06-10 09:24:00,1783.25,158855
2021-06-10 09:24:01,1783.4,158965
2021-06-10 09:24:02,1783.4,158965
2021-06-10 09:24:03,1783.1,159080
2021-06-10 09:24:04,1783.2,159174
2021-06-10 09:24:05,1783.2,159174
2021-06-10 09:24:06,1783.1,159182
2021-06-10 09:24:07,1782.9,159476
2021-06-10 09:24:08,1782.9,159477
2021-06-10 09:24:09,1782.9,159477
2021-06-10 09:24:10,1782.9,159477
2021-06-10 09:24:11,1782.85,159604
2021-06-10 09:24:12,1782.85,159604
2021-06-10 09:24:13,1782.9,159606
2021-06-10 09:24:14,1782.9,159606
2021-06-10 09:24:15,1783.1,159609
2021-06-10 09:24:16,1783.1,159611
2021-06-10 09:24:17,1783.1,159611
2021-06-10 09:24:18,1783.2,159710
2021-06-10 09:24:20,1782.9,160130
2021-06-10 09:24:20,1782.9,160030
2021-06-10 09:24:21,1783.1,160132
2021-06-10 09:24:22,1783.1,160157
2021-06-10 09:24:23,1783.1,160208
2021-06-10 09:24:24,1783.1,160313
2021-06-10 09:24:25,1783.1,160358
2021-06-10 09:24:26,1783.0,160370
2021-06-10 09:24:27,1783.0,160381
2021-06-10 09:24:28,1783.1,160386
2021-06-10 09:24:29,1783.1,160396
2021-06-10 09:24:30,1783.1,160396
2021-06-10 09:24:31,1783.0,160447
2021-06-10 09:24:32,1783.1,160467
2021-06-10 09:24:33,1783.1,160567
2021-06-10 09:24:34,1783.45,161567
2021-06-10 09:24:35,1783.45,161567
2021-06-10 09:24:36,1783.3,161592
2021-06-10 09:24:37,1783.3,161693
2021-06-10 09:24:38,1783.4,161743
2021-06-10 09:24:39,1783.35,161745
2021-06-10 09:24:40,1783.1,161776
2021-06-10 09:24:41,1783.1,161776
2021-06-10 09:24:43,1783.1,161776
2021-06-10 09:24:44,1783.4,161777
2021-06-10 09:24:45,1783.4,161842
2021-06-10 09:24:46,1783.4,161947
2021-06-10 09:24:47,1783.4,161947
2021-06-10 09:24:48,1783.35,161961
2021-06-10 09:24:49,1783.4,162071
2021-06-10 09:24:50,1783.4,162095
2021-06-10 09:24:53,1783.7,162177
2021-06-10 09:24:54,1783.75,162466
2021-06-10 09:24:54,1783.3,162292
2021-06-10 09:24:55,1783.75,162486
2021-06-10 09:24:56,1783.8,162531
2021-06-10 09:24:57,1783.8,162537
2021-06-10 09:24:58,1783.8,162537
2021-06-10 09:24:59,1783.9,163023
2021-06-10 09:25:00,1783.9,163023
2021-06-10 09:25:01,1783.9,163023
2021-06-10 09:25:02,1783.9,163023
2021-06-10 09:25:03,1783.9,163023
2021-06-10 09:25:04,1783.9,163023
2021-06-10 09:25:05,1784.0,163124
2021-06-10 09:25:06,1783.95,163174
2021-06-10 09:25:07,1783.5,163267
2021-06-10 09:25:08,1783.5,163267
2021-06-10 09:25:09,1784.0,163308
2021-06-10 09:25:10,1784.0,163310
2021-06-10 09:25:11,1784.0,163310
2021-06-10 09:25:12,1783.95,163697
2021-06-10 09:25:13,1784.0,163703
2021-06-10 09:25:14,1783.8,163733
2021-06-10 09:25:15,1783.8,163733
2021-06-10 09:25:16,1783.8,163733
2021-06-10 09:25:18,1784.0,163843
2021-06-10 09:25:19,1784.0,163943
2021-06-10 09:25:20,1784.05,163944
2021-06-10 09:25:21,1784.1,163983
2021-06-10 09:25:22,1784.1,163983
2021-06-10 09:25:24,1784.25,164255
2021-06-10 09:25:26,1784.3,164458
2021-06-10 09:25:27,1784.35,164459
2021-06-10 09:25:28,1784.35,164459
2021-06-10 09:25:29,1784.35,164461
2021-06-10 09:25:30,1784.35,164461
2021-06-10 09:25:31,1784.4,164563
2021-06-10 09:25:32,1784.35,164566
2021-06-10 09:25:33,1784.3,164592
2021-06-10 09:25:33,1784.3,164792
2021-06-10 09:25:34,1784.3,164792
2021-06-10 09:25:35,1784.3,164792
2021-06-10 09:25:36,1784.3,164795
2021-06-10 09:25:37,1784.3,164795
2021-06-10 09:25:38,1784.3,164795
2021-06-10 09:25:39,1784.3,164795
2021-06-10 09:25:40,1784.2,164796
2021-06-10 09:25:41,1784.3,164800
2021-06-10 09:25:42,1784.3,164800
2021-06-10 09:25:43,1784.5,165092
2021-06-10 09:25:44,1784.5,165092
2021-06-10 09:25:45,1784.15,165093
2021-06-10 09:25:46,1784.15,165093
2021-06-10 09:25:47,1784.15,165503
2021-06-10 09:25:48,1784.15,165503
2021-06-10 09:25:49,1784.15,165503
2021-06-10 09:25:50,1784.5,165628
2021-06-10 09:25:52,1784.1,166178
2021-06-10 09:25:52,1784.1,166178
2021-06-10 09:25:53,1784.6,166702
2021-06-10 09:25:54,1784.6,166702
2021-06-10 09:25:56,1783.8,168244
2021-06-10 09:25:57,1784.0,168605
2021-06-10 09:26:01,1783.05,169236
2021-06-10 09:26:02,1783.05,169265
2021-06-10 09:26:03,1782.8,169665
2021-06-10 09:26:05,1783.15,170597
2021-06-10 09:26:06,1783.05,170598
2021-06-10 09:26:07,1782.75,170850
2021-06-10 09:26:08,1782.75,171185
2021-06-10 09:26:10,1783.35,171409
2021-06-10 09:26:11,1783.35,171409
2021-06-10 09:26:12,1783.15,171541
2021-06-10 09:26:13,1783.2,171690
2021-06-10 09:26:14,1783.2,171786
2021-06-10 09:26:15,1783.2,171925
2021-06-10 09:26:17,1783.0,172052
2021-06-10 09:26:18,1783.35,172130
2021-06-10 09:26:20,1782.7,172372
2021-06-10 09:26:21,1782.65,172677
2021-06-10 09:26:21,1782.65,172677
2021-06-10 09:26:22,1782.65,172677
2021-06-10 09:26:23,1782.95,172692
2021-06-10 09:26:24,1782.75,172702
2021-06-10 09:26:25,1782.2,172765
2021-06-10 09:26:26,1782.3,173117
2021-06-10 09:26:27,1782.3,173117
2021-06-10 09:26:28,1782.6,173152
2021-06-10 09:26:29,1782.65,173317
2021-06-10 09:26:30,1782.65,173317
2021-06-10 09:26:31,1782.6,173406
2021-06-10 09:26:32,1782.6,173552
2021-06-10 09:26:33,1782.75,173553
2021-06-10 09:26:34,1782.75,173553
2021-06-10 09:26:35,1782.75,173553
2021-06-10 09:26:36,1782.75,173553
2021-06-10 09:26:37,1782.75,173553
2021-06-10 09:26:38,1782.4,174397
2021-06-10 09:26:39,1783.0,174460
2021-06-10 09:26:40,1783.3,174591
2021-06-10 09:26:41,1783.35,174653
2021-06-10 09:26:42,1783.35,174653
2021-06-10 09:26:43,1783.35,174653
2021-06-10 09:26:44,1782.7,174862
2021-06-10 09:26:45,1783.45,174871
2021-06-10 09:26:46,1782.7,174921
2021-06-10 09:26:47,1782.65,174972
2021-06-10 09:26:48,1782.35,175098
2021-06-10 09:26:49,1782.3,175148
2021-06-10 09:26:52,1782.1,176094
2021-06-10 09:26:53,1782.35,176410
2021-06-10 09:26:54,1782.35,176410
2021-06-10 09:26:55,1781.95,176520
2021-06-10 09:26:56,1781.95,176556
2021-06-10 09:26:57,1781.7,176583
2021-06-10 09:26:58,1782.15,176683
2021-06-10 09:26:59,1782.15,176683
2021-06-10 09:27:00,1781.55,177204
2021-06-10 09:27:01,1781.0,177806
2021-06-10 09:27:02,1780.0,180261
2021-06-10 09:27:03,1779.65,181358
2021-06-10 09:27:04,1779.7,181430
2021-06-10 09:27:05,1779.95,182856
2021-06-10 09:27:06,1779.9,183004
2021-06-10 09:27:07,1780.1,183714
2021-06-10 09:27:09,1781.35,183764
2021-06-10 09:27:11,1782.0,183768
2021-06-10 09:27:12,1782.0,183768
2021-06-10 09:27:13,1782.2,183818
2021-06-10 09:27:14,1782.2,183818
2021-06-10 09:27:15,1782.7,184056
2021-06-10 09:27:15,1782.7,184061
2021-06-10 09:27:16,1782.25,184064
2021-06-10 09:27:17,1782.25,184065
2021-06-10 09:27:18,1782.25,184065
2021-06-10 09:27:19,1782.25,184065
2021-06-10 09:27:20,1782.7,184085
2021-06-10 09:27:22,1782.55,184751
2021-06-10 09:27:23,1782.25,184812
2021-06-10 09:27:24,1782.9,185312
2021-06-10 09:27:25,1782.25,185357
2021-06-10 09:27:26,1782.75,185449
2021-06-10 09:27:27,1782.75,185449
2021-06-10 09:27:28,1782.7,185479
2021-06-10 09:27:29,1782.2,185581
2021-06-10 09:27:30,1782.9,185691
2021-06-10 09:27:31,1782.9,185691
2021-06-10 09:27:32,1782.2,185791
2021-06-10 09:27:34,1782.75,185966
2021-06-10 09:27:34,1782.2,186066
2021-06-10 09:27:35,1782.2,186066
2021-06-10 09:27:36,1782.2,186066
2021-06-10 09:27:37,1782.3,186203
2021-06-10 09:27:38,1782.3,186212
2021-06-10 09:27:39,1782.3,186220
2021-06-10 09:27:40,1782.3,186220
2021-06-10 09:27:41,1782.75,186222
2021-06-10 09:27:42,1783.0,186981
2021-06-10 09:27:43,1783.0,186981
2021-06-10 09:27:44,1782.75,187103
2021-06-10 09:27:45,1782.75,187103
2021-06-10 09:27:46,1782.9,187104
2021-06-10 09:27:47,1782.75,187110
2021-06-10 09:27:48,1783.4,187118
2021-06-10 09:27:49,1782.75,187233
2021-06-10 09:27:50,1783.4,187263
2021-06-10 09:27:52,1783.0,187293
2021-06-10 09:27:54,1783.45,187303
2021-06-10 09:27:55,1782.75,187807
2021-06-10 09:27:56,1782.75,187808
2021-06-10 09:27:57,1783.05,187861
2021-06-10 09:27:57,1783.05,187861
2021-06-10 09:27:58,1783.05,187861
2021-06-10 09:27:59,1782.2,188264
2021-06-10 09:28:00,1782.2,188264
2021-06-10 09:28:02,1782.2,188264
2021-06-10 09:28:03,1782.2,188264
2021-06-10 09:28:04,1781.95,188664
2021-06-10 09:28:04,1781.95,188664
2021-06-10 09:28:05,1782.4,189023
2021-06-10 09:28:07,1782.4,189023
2021-06-10 09:28:08,1782.4,189023
2021-06-10 09:28:09,1782.4,189023
2021-06-10 09:28:09,1782.4,189023
2021-06-10 09:28:10,1782.9,189123
2021-06-10 09:28:12,1782.95,189125
2021-06-10 09:28:13,1782.4,189176
2021-06-10 09:28:14,1782.4,189176
2021-06-10 09:28:15,1782.85,189186
2021-06-10 09:28:16,1782.85,189186
2021-06-10 09:28:17,1782.85,189186
2021-06-10 09:28:17,1782.85,189186
2021-06-10 09:28:18,1782.85,189186
2021-06-10 09:28:19,1782.45,189491
2021-06-10 09:28:20,1782.45,189491
2021-06-10 09:28:21,1782.9,189506
2021-06-10 09:28:23,1782.9,189606
2021-06-10 09:28:24,1782.9,189618
2021-06-10 09:28:25,1782.55,189636
2021-06-10 09:28:26,1781.0,190557
2021-06-10 09:28:26,1781.0,190557
2021-06-10 09:28:27,1781.7,190964
2021-06-10 09:28:29,1782.15,191465
2021-06-10 09:28:30,1782.15,191465
2021-06-10 09:28:32,1780.7,192403
2021-06-10 09:28:33,1781.95,193103
2021-06-10 09:28:34,1781.95,193103
2021-06-10 09:28:35,1781.95,193103
2021-06-10 09:28:36,1781.6,193503
2021-06-10 09:28:37,1781.6,193503
2021-06-10 09:28:38,1781.6,193503
2021-06-10 09:28:38,1781.6,193503
2021-06-10 09:28:40,1781.6,193503
2021-06-10 09:28:41,1783.35,195595
2021-06-10 09:28:42,1783.4,195603
2021-06-10 09:28:42,1783.4,195603
2021-06-10 09:28:43,1782.85,195639
2021-06-10 09:28:44,1782.9,195654
2021-06-10 09:28:46,1782.9,195654
2021-06-10 09:28:47,1782.9,195654
2021-06-10 09:28:48,1783.4,196054
2021-06-10 09:28:50,1783.25,196516
2021-06-10 09:28:50,1783.45,196495
2021-06-10 09:28:51,1783.25,196516
2021-06-10 09:28:53,1783.4,196517
2021-06-10 09:28:54,1783.4,196517
2021-06-10 09:28:55,1783.45,196712
2021-06-10 09:28:56,1783.55,196725
2021-06-10 09:28:58,1783.55,196725
2021-06-10 09:28:59,1783.8,196801
2021-06-10 09:29:00,1783.8,196801
2021-06-10 09:29:01,1783.8,196823
2021-06-10 09:29:01,1783.8,196823
2021-06-10 09:29:02,1783.8,196823
2021-06-10 09:29:04,1783.8,196823
2021-06-10 09:29:05,1783.8,196823
2021-06-10 09:29:06,1783.85,196833
2021-06-10 09:29:06,1783.85,196833
2021-06-10 09:29:07,1783.95,196883
2021-06-10 09:29:08,1784.0,197446
2021-06-10 09:29:10,1783.8,197457
2021-06-10 09:29:12,1783.8,197457
2021-06-10 09:29:13,1784.0,197467
2021-06-10 09:29:15,1783.95,197478
2021-06-10 09:29:17,1783.8,197481
2021-06-10 09:29:17,1783.95,197506
2021-06-10 09:29:18,1783.8,197907
2021-06-10 09:29:19,1783.8,197907
2021-06-10 09:29:20,1783.8,197967
2021-06-10 09:29:22,1783.8,197977
2021-06-10 09:29:23,1783.95,197982
2021-06-10 09:29:24,1783.95,197982
2021-06-10 09:29:25,1783.95,198007
2021-06-10 09:29:27,1784.1,198485
2021-06-10 09:29:27,1784.1,198485
2021-06-10 09:29:28,1784.4,198596
2021-06-10 09:29:30,1784.4,198596
2021-06-10 09:29:31,1784.4,198596
2021-06-10 09:29:32,1784.1,198604
2021-06-10 09:29:33,1784.1,198604
2021-06-10 09:29:33,1784.1,198604
2021-06-10 09:29:34,1783.4,199372
2021-06-10 09:29:36,1783.55,199518
2021-06-10 09:29:37,1783.75,199938
2021-06-10 09:29:38,1783.75,199938
2021-06-10 09:29:39,1783.75,199938
2021-06-10 09:29:39,1784.3,200044
2021-06-10 09:29:40,1783.65,200058
2021-06-10 09:29:41,1784.4,200073
2021-06-10 09:29:43,1784.4,200075
2021-06-10 09:29:43,1784.4,200085
2021-06-10 09:29:44,1783.8,200161
2021-06-10 09:29:45,1783.85,201156
2021-06-10 09:29:46,1784.1,201166
2021-06-10 09:29:47,1784.4,201170
2021-06-10 09:29:49,1784.4,201170
2021-06-10 09:29:49,1784.4,201170
2021-06-10 09:29:51,1783.85,201285
2021-06-10 09:29:52,1783.85,201285
2021-06-10 09:29:53,1783.85,201285
2021-06-10 09:29:54,1783.85,201285
2021-06-10 09:29:55,1783.85,201285
2021-06-10 09:29:56,1783.85,201286
2021-06-10 09:29:56,1783.85,201286
2021-06-10 09:29:57,1783.85,201526
2021-06-10 09:29:58,1783.85,201670
2021-06-10 09:30:00,1783.8,201954
2021-06-10 09:30:01,1783.85,202202
2021-06-10 09:30:02,1783.95,202228
2021-06-10 09:30:03,1783.95,202228
2021-06-10 09:30:03,1784.05,202674
2021-06-10 09:30:04,1783.75,202914
2021-06-10 09:30:06,1783.75,202914
2021-06-10 09:30:07,1784.45,203022
2021-06-10 09:30:08,1784.45,203022
2021-06-10 09:30:09,1784.45,203022
2021-06-10 09:30:12,1784.05,203337
2021-06-10 09:30:12,1784.05,203337
2021-06-10 09:30:13,1784.0,203580
2021-06-10 09:30:14,1784.0,203580
2021-06-10 09:30:16,1784.0,203580
2021-06-10 09:30:17,1784.0,203820
2021-06-10 09:30:18,1784.5,203823
2021-06-10 09:30:19,1784.5,204238
2021-06-10 09:30:19,1784.55,204239
2021-06-10 09:30:21,1785.15,204407
2021-06-10 09:30:22,1785.05,204410
2021-06-10 09:30:23,1785.05,204590
2021-06-10 09:30:24,1785.05,204603
2021-06-10 09:30:25,1785.0,205305
2021-06-10 09:30:25,1785.0,205282
2021-06-10 09:30:27,1784.85,205326
2021-06-10 09:30:28,1784.75,205401
2021-06-10 09:30:29,1785.0,205426
2021-06-10 09:30:30,1784.35,205666
2021-06-10 09:30:31,1784.05,205766
2021-06-10 09:30:31,1784.05,205766
2021-06-10 09:30:33,1784.9,205796
2021-06-10 09:30:34,1784.1,206041
2021-06-10 09:30:35,1784.5,206045
2021-06-10 09:30:36,1783.0,206679
2021-06-10 09:30:36,1783.35,206735
2021-06-10 09:30:37,1783.95,207120
2021-06-10 09:30:39,1783.95,207120
2021-06-10 09:30:40,1783.2,207160
2021-06-10 09:30:41,1783.25,207170
2021-06-10 09:30:42,1783.25,207170
2021-06-10 09:30:43,1784.0,207370
2021-06-10 09:30:45,1784.0,207383
2021-06-10 09:30:46,1783.35,207703
2021-06-10 09:30:47,1784.0,207733
2021-06-10 09:30:48,1784.1,207734
2021-06-10 09:30:48,1784.1,207734
2021-06-10 09:30:50,1784.2,208220
2021-06-10 09:30:51,1784.2,208235
2021-06-10 09:30:52,1784.2,208235
2021-06-10 09:30:53,1784.2,208235
2021-06-10 09:30:54,1784.0,208335
2021-06-10 09:30:55,1784.45,208339
2021-06-10 09:30:56,1784.45,208339
2021-06-10 09:30:57,1784.0,208349
2021-06-10 09:30:58,1783.95,208495
2021-06-10 09:30:59,1784.0,208537
2021-06-10 09:30:59,1784.0,208537
2021-06-10 09:31:01,1784.0,208537
2021-06-10 09:31:02,1784.0,208537
2021-06-10 09:31:03,1784.05,208538
2021-06-10 09:31:04,1784.8,209589
2021-06-10 09:31:04,1784.8,209589
2021-06-10 09:31:07,1785.5,209770
2021-06-10 09:31:08,1785.5,209783
2021-06-10 09:31:09,1785.55,209869
2021-06-10 09:31:09,1785.55,209869
2021-06-10 09:31:10,1785.8,209884
2021-06-10 09:31:11,1785.8,209884
2021-06-10 09:31:12,1785.8,209884
2021-06-10 09:31:14,1785.8,209884
2021-06-10 09:31:15,1785.8,209884
2021-06-10 09:31:16,1786.0,210323
2021-06-10 09:31:17,1785.55,210324
2021-06-10 09:31:17,1785.55,210324
2021-06-10 09:31:19,1786.0,210334
2021-06-10 09:31:20,1786.0,210334
2021-06-10 09:31:21,1785.8,210641
2021-06-10 09:31:22,1785.55,210666
2021-06-10 09:31:22,1785.55,210666
2021-06-10 09:31:24,1785.8,210674
2021-06-10 09:31:25,1785.8,210684
2021-06-10 09:31:26,1785.55,210774
2021-06-10 09:31:27,1785.55,210774
2021-06-10 09:31:27,1785.55,210774
2021-06-10 09:31:29,1785.55,210810
2021-06-10 09:31:30,1785.9,211078
2021-06-10 09:31:31,1785.9,211166
2021-06-10 09:31:32,1785.55,211217
2021-06-10 09:31:33,1785.9,211292
2021-06-10 09:31:33,1785.9,211307
2021-06-10 09:31:35,1786.0,211581
2021-06-10 09:31:36,1785.55,211922
2021-06-10 09:31:37,1785.5,211939
2021-06-10 09:31:38,1785.6,212009
2021-06-10 09:31:39,1785.55,212059
2021-06-10 09:31:41,1785.55,212459
2021-06-10 09:31:42,1785.25,212470
2021-06-10 09:31:44,1785.55,212475
2021-06-10 09:31:45,1785.55,212475
2021-06-10 09:31:47,1785.0,212620
2021-06-10 09:31:48,1785.0,212620
2021-06-10 09:31:49,1785.6,212658
2021-06-10 09:31:50,1785.75,212719
2021-06-10 09:31:51,1785.75,212719
2021-06-10 09:31:51,1785.75,212719
2021-06-10 09:31:53,1785.75,212719
2021-06-10 09:31:54,1785.75,212759
2021-06-10 09:31:55,1785.75,212759
2021-06-10 09:31:56,1785.55,212784
2021-06-10 09:31:57,1786.0,212884
2021-06-10 09:31:58,1786.0,212954
2021-06-10 09:31:58,1786.0,212954
2021-06-10 09:31:59,1785.55,213080
2021-06-10 09:32:01,1785.55,213104
2021-06-10 09:32:02,1785.55,213104
2021-06-10 09:32:03,1785.65,213152
2021-06-10 09:32:04,1785.75,213253
2021-06-10 09:32:04,1785.75,213279
2021-06-10 09:32:06,1785.75,213313
2021-06-10 09:32:07,1785.6,213408
2021-06-10 09:32:08,1785.6,213408
2021-06-10 09:32:09,1785.05,213650
2021-06-10 09:32:10,1785.0,214070
2021-06-10 09:32:10,1785.0,214070
2021-06-10 09:32:11,1785.5,214095
2021-06-10 09:32:13,1785.55,214148
2021-06-10 09:32:14,1785.5,214174
2021-06-10 09:32:15,1785.55,214179
2021-06-10 09:32:17,1785.5,214223
2021-06-10 09:32:18,1785.55,214362
2021-06-10 09:32:18,1785.55,214362
2021-06-10 09:32:19,1785.25,214762
2021-06-10 09:32:21,1785.25,214762
2021-06-10 09:32:22,1785.25,214787
2021-06-10 09:32:25,1786.0,215852
2021-06-10 09:32:24,1786.0,215852
2021-06-10 09:32:26,1786.0,215872
2021-06-10 09:32:27,1786.85,216407
2021-06-10 09:32:28,1786.05,216410
2021-06-10 09:32:29,1786.05,216410
2021-06-10 09:32:31,1786.8,216457
2021-06-10 09:32:30,1786.8,216457
2021-06-10 09:32:32,1786.4,216463
2021-06-10 09:32:33,1786.4,216463
2021-06-10 09:32:34,1786.75,216963
2021-06-10 09:32:36,1786.75,216984
2021-06-10 09:32:37,1786.75,216984
2021-06-10 09:32:38,1786.4,217084
2021-06-10 09:32:40,1786.75,218188
2021-06-10 09:32:41,1787.15,218531
2021-06-10 09:32:42,1787.0,218532
2021-06-10 09:32:43,1787.0,218532
2021-06-10 09:32:44,1787.4,219114
2021-06-10 09:32:46,1786.9,219489
2021-06-10 09:32:47,1787.65,219701
2021-06-10 09:32:48,1787.8,219756
2021-06-10 09:32:49,1787.8,219756
2021-06-10 09:32:50,1787.4,219774
2021-06-10 09:32:51,1787.4,219774
2021-06-10 09:32:52,1787.2,219919
2021-06-10 09:32:53,1787.05,220095
2021-06-10 09:32:54,1787.05,220120
2021-06-10 09:32:55,1786.75,220399
2021-06-10 09:32:56,1787.15,220673
2021-06-10 09:32:57,1786.8,220757
2021-06-10 09:32:59,1786.8,221071
2021-06-10 09:33:00,1786.8,221071
2021-06-10 09:33:01,1786.8,221071
2021-06-10 09:33:02,1786.8,221071
2021-06-10 09:33:03,1787.0,221073
2021-06-10 09:33:04,1787.2,221177
2021-06-10 09:33:05,1787.2,221177
2021-06-10 09:33:06,1787.2,221177
2021-06-10 09:33:08,1786.0,221861
2021-06-10 09:33:09,1786.15,221864
2021-06-10 09:33:10,1786.9,221920
2021-06-10 09:33:11,1787.15,221970
2021-06-10 09:33:12,1787.15,222020
2021-06-10 09:33:13,1786.15,222120
2021-06-10 09:33:14,1786.85,222190
2021-06-10 09:33:15,1786.2,222201
2021-06-10 09:33:16,1786.9,222277
2021-06-10 09:33:17,1786.85,222777
2021-06-10 09:33:18,1786.25,222782
2021-06-10 09:33:19,1786.25,222782
2021-06-10 09:33:20,1786.3,222887
2021-06-10 09:33:21,1787.35,223388
2021-06-10 09:33:22,1787.35,223388
2021-06-10 09:33:24,1787.35,223388
2021-06-10 09:33:25,1787.35,223388
2021-06-10 09:33:26,1786.85,223526
2021-06-10 09:33:27,1786.4,223760
2021-06-10 09:33:28,1786.75,223876
2021-06-10 09:33:29,1786.75,223876
2021-06-10 09:33:30,1786.95,224200
2021-06-10 09:33:31,1786.5,224203
2021-06-10 09:33:32,1786.65,224223
2021-06-10 09:33:33,1786.7,224335
2021-06-10 09:33:34,1786.7,224416
2021-06-10 09:33:35,1786.4,224503
2021-06-10 09:33:36,1787.0,224508
2021-06-10 09:33:37,1787.0,224552
2021-06-10 09:33:38,1787.0,224663
2021-06-10 09:33:39,1786.7,224665
2021-06-10 09:33:40,1786.7,224665
2021-06-10 09:33:41,1786.7,224665
2021-06-10 09:33:42,1786.7,224665
2021-06-10 09:33:44,1786.7,224665
2021-06-10 09:33:45,1786.65,224718
2021-06-10 09:33:46,1786.65,224729
2021-06-10 09:33:47,1786.65,224729
2021-06-10 09:33:48,1786.65,224729
2021-06-10 09:33:49,1786.65,224749
2021-06-10 09:33:50,1786.65,224749
2021-06-10 09:33:51,1786.65,224828
2021-06-10 09:33:52,1786.65,224830
2021-06-10 09:33:53,1786.65,224978
2021-06-10 09:33:54,1786.25,225078
2021-06-10 09:33:55,1786.65,225098
2021-06-10 09:33:56,1786.65,225098
2021-06-10 09:33:57,1786.65,225098
2021-06-10 09:33:59,1786.65,225099
2021-06-10 09:33:58,1786.65,225099
2021-06-10 09:34:00,1786.65,225204
2021-06-10 09:34:01,1786.6,225234
2021-06-10 09:34:02,1786.3,225264
2021-06-10 09:34:03,1786.3,225490
2021-06-10 09:34:04,1786.3,225558
2021-06-10 09:34:05,1786.3,225689
2021-06-10 09:34:06,1786.3,225729
2021-06-10 09:34:07,1786.65,225733
2021-06-10 09:34:10,1786.65,225734
2021-06-10 09:34:11,1786.65,225734
2021-06-10 09:34:12,1787.0,226185
2021-06-10 09:34:13,1786.45,226215
2021-06-10 09:34:14,1786.45,226215
2021-06-10 09:34:15,1786.45,226215
2021-06-10 09:34:16,1786.95,226216
2021-06-10 09:34:17,1786.45,226618
2021-06-10 09:34:18,1786.65,226693
2021-06-10 09:34:19,1786.65,226693
2021-06-10 09:34:20,1786.95,227047
2021-06-10 09:34:21,1786.1,227747
2021-06-10 09:34:24,1786.1,227747
2021-06-10 09:34:25,1786.1,227747
2021-06-10 09:34:26,1786.1,227747
2021-06-10 09:34:27,1786.1,227747
2021-06-10 09:34:28,1786.6,227919
2021-06-10 09:34:29,1786.6,228148
2021-06-10 09:34:30,1786.6,228190
2021-06-10 09:34:31,1785.4,228841
2021-06-10 09:34:32,1785.25,228866
2021-06-10 09:34:33,1785.95,229777
2021-06-10 09:34:34,1785.95,229777
2021-06-10 09:34:35,1785.95,229777
2021-06-10 09:34:36,1785.95,229777
2021-06-10 09:34:37,1786.1,229781
2021-06-10 09:34:38,1786.1,229781
2021-06-10 09:34:39,1786.1,229784
2021-06-10 09:34:41,1786.1,229794
2021-06-10 09:34:42,1786.4,229894
2021-06-10 09:34:42,1786.1,229895
2021-06-10 09:34:43,1786.1,229895
2021-06-10 09:34:44,1786.1,229895
2021-06-10 09:34:45,1786.05,229896
2021-06-10 09:34:46,1786.05,229896
2021-06-10 09:34:47,1786.05,229936
2021-06-10 09:34:48,1786.0,230066
2021-06-10 09:34:49,1785.4,230084
2021-06-10 09:34:50,1785.4,230084
2021-06-10 09:34:51,1785.4,230084
2021-06-10 09:34:53,1785.4,230130
2021-06-10 09:34:54,1786.1,230177
2021-06-10 09:34:55,1786.1,230177
2021-06-10 09:34:56,1786.1,230177
2021-06-10 09:34:57,1786.1,230332
2021-06-10 09:34:58,1786.85,230399
2021-06-10 09:34:59,1786.1,230427
2021-06-10 09:35:00,1786.1,230435
2021-06-10 09:35:02,1786.0,230610
2021-06-10 09:35:04,1786.95,230704
2021-06-10 09:35:04,1786.95,230704
2021-06-10 09:35:05,1786.95,230704
2021-06-10 09:35:06,1786.85,230706
2021-06-10 09:35:07,1786.85,230706
2021-06-10 09:35:08,1786.85,230706
2021-06-10 09:35:09,1786.85,230706
2021-06-10 09:35:10,1786.85,230709
2021-06-10 09:35:12,1786.85,230733
2021-06-10 09:35:14,1786.85,230733
2021-06-10 09:35:15,1786.85,230753
2021-06-10 09:35:16,1786.85,230753
2021-06-10 09:35:17,1786.85,230753
2021-06-10 09:35:18,1786.95,230763
2021-06-10 09:35:18,1786.95,230763
2021-06-10 09:35:19,1786.95,230763
2021-06-10 09:35:21,1786.85,230773
2021-06-10 09:35:22,1786.65,230783
2021-06-10 09:35:24,1786.9,230883
2021-06-10 09:35:26,1786.9,230883
2021-06-10 09:35:27,1786.9,230883
2021-06-10 09:35:28,1786.5,231149
2021-06-10 09:35:29,1786.65,231151
2021-06-10 09:35:30,1786.65,231186
2021-06-10 09:35:32,1786.65,231201
2021-06-10 09:35:33,1786.65,231251
2021-06-10 09:35:34,1786.5,231272
2021-06-10 09:35:35,1786.5,231272
2021-06-10 09:35:36,1786.6,231293
2021-06-10 09:35:37,1786.55,231747
2021-06-10 09:35:38,1786.95,231807
2021-06-10 09:35:39,1786.95,231807
2021-06-10 09:35:40,1786.95,231807
2021-06-10 09:35:41,1786.65,232007
2021-06-10 09:35:42,1786.9,232059
2021-06-10 09:35:43,1786.65,232200
2021-06-10 09:35:44,1786.7,232220
2021-06-10 09:35:45,1786.7,232220
2021-06-10 09:35:46,1786.7,232220
2021-06-10 09:35:47,1786.9,232241
2021-06-10 09:35:48,1786.9,232251
2021-06-10 09:35:49,1786.7,232271
2021-06-10 09:35:51,1786.7,232271
2021-06-10 09:35:52,1787.0,233074
2021-06-10 09:35:52,1787.0,233104
2021-06-10 09:35:53,1787.0,233148
2021-06-10 09:35:54,1787.0,233562
2021-06-10 09:35:55,1787.05,233563
2021-06-10 09:35:56,1787.05,233565
2021-06-10 09:35:58,1787.4,233755
2021-06-10 09:36:00,1787.65,233855
2021-06-10 09:36:00,1787.4,233755
2021-06-10 09:36:01,1787.65,233860
2021-06-10 09:36:02,1787.65,233860
2021-06-10 09:36:03,1787.65,233860
2021-06-10 09:36:04,1787.65,233861
2021-06-10 09:36:06,1787.25,235097
2021-06-10 09:36:07,1788.0,235218
2021-06-10 09:36:08,1787.6,235284
2021-06-10 09:36:10,1788.0,235286
2021-06-10 09:36:11,1787.6,235812
2021-06-10 09:36:12,1788.7,235867
2021-06-10 09:36:15,1788.95,236379
2021-06-10 09:36:16,1789.05,236415
2021-06-10 09:36:17,1789.35,236441
2021-06-10 09:36:18,1789.05,236602
2021-06-10 09:36:19,1788.35,236627
2021-06-10 09:36:20,1789.0,236909
2021-06-10 09:36:21,1789.25,236938
2021-06-10 09:36:23,1789.25,236938
2021-06-10 09:36:23,1789.25,236938
2021-06-10 09:36:25,1788.9,236964
2021-06-10 09:36:25,1788.9,236964
2021-06-10 09:36:26,1789.0,237375
2021-06-10 09:36:29,1788.5,237483
2021-06-10 09:36:30,1788.45,237533
2021-06-10 09:36:31,1789.3,237558
2021-06-10 09:36:32,1789.3,237558
2021-06-10 09:36:33,1789.3,237558
2021-06-10 09:36:34,1788.35,238458
2021-06-10 09:36:35,1788.0,238767
2021-06-10 09:36:36,1788.0,238767
2021-06-10 09:36:38,1788.25,238847
2021-06-10 09:36:39,1789.05,238857
2021-06-10 09:36:39,1789.05,238857
2021-06-10 09:36:40,1788.25,238902
2021-06-10 09:36:41,1788.25,238907
2021-06-10 09:36:42,1788.25,238967
2021-06-10 09:36:43,1788.95,239133
2021-06-10 09:36:44,1788.95,239133
2021-06-10 09:36:45,1788.95,239137
2021-06-10 09:36:46,1788.95,239137
2021-06-10 09:36:47,1788.95,239138
2021-06-10 09:36:48,1789.05,239538
2021-06-10 09:36:51,1789.3,239741
2021-06-10 09:36:52,1789.0,240042
2021-06-10 09:36:52,1789.0,240042
2021-06-10 09:36:53,1789.3,240043
2021-06-10 09:36:55,1789.05,240900
2021-06-10 09:36:56,1788.95,240903
2021-06-10 09:36:57,1788.45,241042
2021-06-10 09:36:58,1789.0,241242
2021-06-10 09:37:02,1788.45,241488
2021-06-10 09:37:02,1788.45,241488
2021-06-10 09:37:04,1788.45,242014
2021-06-10 09:37:05,1788.45,242014
2021-06-10 09:37:07,1788.85,242399
2021-06-10 09:37:08,1786.65,244163
2021-06-10 09:37:10,1787.35,244250
2021-06-10 09:37:11,1786.65,244300
2021-06-10 09:37:12,1787.5,244310
2021-06-10 09:37:12,1787.6,244330
2021-06-10 09:37:13,1788.45,245569
2021-06-10 09:37:14,1788.45,245569
2021-06-10 09:37:15,1788.45,245569
2021-06-10 09:37:17,1788.3,245669
2021-06-10 09:37:19,1788.3,245669
2021-06-10 09:37:20,1788.3,245724
2021-06-10 09:37:21,1788.3,245739
2021-06-10 09:37:22,1788.3,245739
2021-06-10 09:37:22,1788.3,245739
2021-06-10 09:37:23,1788.0,245740
2021-06-10 09:37:24,1788.0,245740
2021-06-10 09:37:26,1788.0,245790
2021-06-10 09:37:27,1788.45,246016
2021-06-10 09:37:28,1788.45,246016
2021-06-10 09:37:31,1788.45,246036
2021-06-10 09:37:32,1788.45,246036
2021-06-10 09:37:32,1788.45,246036
2021-06-10 09:37:33,1788.45,246036
2021-06-10 09:37:34,1788.45,246036
2021-06-10 09:37:35,1788.45,246036
2021-06-10 09:37:36,1788.35,246086
2021-06-10 09:37:37,1788.4,246591
2021-06-10 09:37:38,1788.4,246591
2021-06-10 09:37:39,1788.4,246591
2021-06-10 09:37:40,1788.4,246591
2021-06-10 09:37:41,1788.1,246596
2021-06-10 09:37:42,1788.1,246606
2021-06-10 09:37:43,1788.2,246751
2021-06-10 09:37:45,1788.2,246751
2021-06-10 09:37:45,1788.2,246751
2021-06-10 09:37:46,1788.2,246751
2021-06-10 09:37:47,1788.5,247137
2021-06-10 09:37:48,1788.5,247137
2021-06-10 09:37:49,1788.5,247137
2021-06-10 09:37:51,1788.5,247137
2021-06-10 09:37:52,1788.1,248500
2021-06-10 09:37:53,1788.55,248507
2021-06-10 09:37:54,1788.55,248507
2021-06-10 09:37:55,1788.4,248508
2021-06-10 09:37:55,1788.4,248508
2021-06-10 09:37:56,1787.6,249141
2021-06-10 09:37:57,1787.3,249280
2021-06-10 09:37:58,1788.45,249358
2021-06-10 09:37:59,1788.5,249359
2021-06-10 09:38:00,1788.5,249359
2021-06-10 09:38:01,1788.5,249359
2021-06-10 09:38:02,1788.4,249419
2021-06-10 09:38:03,1788.4,249419
2021-06-10 09:38:04,1788.4,249419
2021-06-10 09:38:05,1788.0,249444
2021-06-10 09:38:07,1786.5,249945
2021-06-10 09:38:08,1787.0,250766
2021-06-10 09:38:09,1787.45,250768
2021-06-10 09:38:10,1787.4,250794
2021-06-10 09:38:11,1787.4,250794
2021-06-10 09:38:11,1787.4,250794
2021-06-10 09:38:14,1787.45,251079
2021-06-10 09:38:14,1787.45,251079
2021-06-10 09:38:15,1787.8,251094
2021-06-10 09:38:16,1786.9,251219
2021-06-10 09:38:17,1786.85,251343
2021-06-10 09:38:18,1787.75,251353
2021-06-10 09:38:20,1787.3,251414
2021-06-10 09:38:22,1786.6,251464
2021-06-10 09:38:23,1787.3,251691
2021-06-10 09:38:24,1787.3,251692
2021-06-10 09:38:24,1787.3,251691
2021-06-10 09:38:25,1787.3,251692
2021-06-10 09:38:26,1787.05,251698
2021-06-10 09:38:27,1787.05,251698
2021-06-10 09:38:28,1787.25,251758
2021-06-10 09:38:30,1787.25,251758
2021-06-10 09:38:31,1787.25,251758
2021-06-10 09:38:31,1787.25,251758
2021-06-10 09:38:32,1787.25,251758
2021-06-10 09:38:33,1787.3,251759
2021-06-10 09:38:34,1786.85,251760
2021-06-10 09:38:36,1786.9,251819
2021-06-10 09:38:37,1786.9,251819
2021-06-10 09:38:38,1786.9,251819
2021-06-10 09:38:39,1787.3,251889
2021-06-10 09:38:40,1787.3,251890
2021-06-10 09:38:41,1787.65,252212
2021-06-10 09:38:41,1787.65,252212
2021-06-10 09:38:42,1787.65,252212
2021-06-10 09:38:43,1787.25,252215
2021-06-10 09:38:44,1787.25,252215
2021-06-10 09:38:45,1787.25,252215
2021-06-10 09:38:46,1787.25,252215
2021-06-10 09:38:47,1788.0,252297
2021-06-10 09:38:48,1788.0,252297
2021-06-10 09:38:49,1787.7,252313
2021-06-10 09:38:51,1787.65,252394
2021-06-10 09:38:52,1787.65,252395
2021-06-10 09:38:53,1787.65,252395
2021-06-10 09:38:54,1787.85,252421
2021-06-10 09:38:56,1787.85,252421
2021-06-10 09:38:57,1787.75,252422
2021-06-10 09:38:58,1787.75,252422
2021-06-10 09:38:59,1787.9,252424
2021-06-10 09:38:59,1787.9,252424
2021-06-10 09:39:01,1787.9,252424
2021-06-10 09:39:01,1787.9,252424
2021-06-10 09:39:02,1787.85,252430
2021-06-10 09:39:04,1787.85,252430
2021-06-10 09:39:05,1787.85,252529
2021-06-10 09:39:06,1787.85,252589
2021-06-10 09:39:07,1787.85,252589
2021-06-10 09:39:07,1787.85,252589
2021-06-10 09:39:08,1788.0,252594
2021-06-10 09:39:09,1788.0,252594
2021-06-10 09:39:10,1788.0,252594
2021-06-10 09:39:12,1788.0,252595
2021-06-10 09:39:13,1788.0,252595
2021-06-10 09:39:14,1788.0,252595
2021-06-10 09:39:15,1788.0,252595
2021-06-10 09:39:15,1788.0,252595
2021-06-10 09:39:16,1788.0,252904
2021-06-10 09:39:17,1788.0,252916
2021-06-10 09:39:18,1788.8,255226
2021-06-10 09:39:20,1788.9,255228
2021-06-10 09:39:21,1788.9,255228
2021-06-10 09:39:22,1788.55,255229
2021-06-10 09:39:23,1788.55,255259
2021-06-10 09:39:24,1788.55,255259
2021-06-10 09:39:24,1788.6,255309
2021-06-10 09:39:25,1789.3,255772
2021-06-10 09:39:26,1789.3,255772
2021-06-10 09:39:28,1789.3,255802
2021-06-10 09:39:29,1789.3,255802
2021-06-10 09:39:30,1789.3,255802
2021-06-10 09:39:31,1789.3,255802
2021-06-10 09:39:32,1789.3,255802
2021-06-10 09:39:32,1789.3,255802
2021-06-10 09:39:33,1789.3,255802
2021-06-10 09:39:34,1788.9,255882
2021-06-10 09:39:35,1788.9,255985
2021-06-10 09:39:36,1788.9,256045
2021-06-10 09:39:38,1788.9,256045
2021-06-10 09:39:39,1788.9,256045
2021-06-10 09:39:40,1788.9,256045
2021-06-10 09:39:41,1788.9,256045
2021-06-10 09:39:42,1788.9,256045
2021-06-10 09:39:42,1788.9,256045
2021-06-10 09:39:43,1789.2,256161
2021-06-10 09:39:45,1789.3,256171
2021-06-10 09:39:46,1789.3,256171
2021-06-10 09:39:47,1789.4,256741
2021-06-10 09:39:48,1789.4,256741
2021-06-10 09:39:48,1789.4,256741
2021-06-10 09:39:49,1789.4,256744
2021-06-10 09:39:51,1789.4,256769
2021-06-10 09:39:52,1788.95,256790
2021-06-10 09:39:53,1788.95,256790
2021-06-10 09:39:54,1788.95,256790
2021-06-10 09:39:55,1789.65,257362
2021-06-10 09:39:56,1789.35,257392
2021-06-10 09:39:57,1789.35,257402
2021-06-10 09:39:57,1789.35,257402
2021-06-10 09:39:58,1789.3,257432
2021-06-10 09:39:59,1789.3,257432
2021-06-10 09:40:00,1789.75,257442
2021-06-10 09:40:01,1789.7,257458
2021-06-10 09:40:03,1789.7,257458
2021-06-10 09:40:04,1789.7,257458
2021-06-10 09:40:05,1789.7,257458
2021-06-10 09:40:07,1789.7,257463
2021-06-10 09:40:08,1789.65,257469
2021-06-10 09:40:09,1789.65,257497
2021-06-10 09:40:10,1788.6,257748
2021-06-10 09:40:11,1789.0,257898
2021-06-10 09:40:12,1789.0,257998
2021-06-10 09:40:13,1789.0,257998
2021-06-10 09:40:14,1788.35,258008
2021-06-10 09:40:15,1788.35,258009
2021-06-10 09:40:16,1789.05,258109
2021-06-10 09:40:17,1788.3,258169
2021-06-10 09:40:19,1789.05,258249
2021-06-10 09:40:20,1789.05,258249
2021-06-10 09:40:21,1789.05,258249
2021-06-10 09:40:22,1789.05,258259
2021-06-10 09:40:23,1789.05,258259
2021-06-10 09:40:24,1789.05,258259
2021-06-10 09:40:25,1789.05,258259
2021-06-10 09:40:26,1789.0,258279
2021-06-10 09:40:27,1789.0,258449
2021-06-10 09:40:27,1789.0,258449
2021-06-10 09:40:28,1789.0,258449
2021-06-10 09:40:29,1789.0,258449
2021-06-10 09:40:30,1789.0,258479
2021-06-10 09:40:32,1789.05,259004
2021-06-10 09:40:33,1788.85,259105
2021-06-10 09:40:34,1788.85,259105
2021-06-10 09:40:35,1788.85,259105
2021-06-10 09:40:36,1789.35,259115
2021-06-10 09:40:37,1789.35,259115
2021-06-10 09:40:38,1789.0,259176
2021-06-10 09:40:39,1789.0,259176
2021-06-10 09:40:39,1789.0,259176
2021-06-10 09:40:40,1789.0,259191
2021-06-10 09:40:41,1788.5,259688
2021-06-10 09:40:42,1788.0,259719
2021-06-10 09:40:44,1788.0,259719
2021-06-10 09:40:45,1788.7,259720
2021-06-10 09:40:46,1788.7,259723
2021-06-10 09:40:46,1788.7,259723
2021-06-10 09:40:47,1788.65,259725
2021-06-10 09:40:49,1788.4,260111
2021-06-10 09:40:51,1787.35,260553
2021-06-10 09:40:53,1787.4,260563
2021-06-10 09:40:54,1788.1,260666
2021-06-10 09:40:55,1788.1,260666
2021-06-10 09:40:56,1788.3,261442
2021-06-10 09:40:56,1788.3,261442
2021-06-10 09:40:58,1788.3,261442
2021-06-10 09:40:59,1788.3,261442
2021-06-10 09:41:00,1788.55,261458
2021-06-10 09:41:01,1788.5,261496
2021-06-10 09:41:02,1788.45,261506
2021-06-10 09:41:03,1788.45,261526
2021-06-10 09:41:04,1788.0,261626
2021-06-10 09:41:04,1788.0,261626
2021-06-10 09:41:05,1788.0,261661
2021-06-10 09:41:07,1788.0,261661
2021-06-10 09:41:08,1788.0,261771
2021-06-10 09:41:09,1788.0,261771
2021-06-10 09:41:10,1788.0,261771
2021-06-10 09:41:11,1788.0,261771
2021-06-10 09:41:12,1788.3,261781
2021-06-10 09:41:13,1788.0,261831
2021-06-10 09:41:14,1788.0,261831
2021-06-10 09:41:15,1788.0,261831
2021-06-10 09:41:16,1788.0,261874
2021-06-10 09:41:17,1788.0,262152
2021-06-10 09:41:19,1788.35,262211
2021-06-10 09:41:20,1788.35,262211
2021-06-10 09:41:21,1788.6,262306
2021-06-10 09:41:22,1788.5,262309
2021-06-10 09:41:23,1788.5,262309
2021-06-10 09:41:23,1788.35,262313
2021-06-10 09:41:25,1788.35,262333
2021-06-10 09:41:26,1788.35,262371
2021-06-10 09:41:27,1788.0,262521
2021-06-10 09:41:28,1788.35,262531
2021-06-10 09:41:29,1788.3,264547
2021-06-10 09:41:30,1788.95,264549
2021-06-10 09:41:31,1788.2,264554
2021-06-10 09:41:32,1788.2,264554
2021-06-10 09:41:33,1788.9,264564
2021-06-10 09:41:35,1788.6,265336
2021-06-10 09:41:36,1788.95,265390
2021-06-10 09:41:37,1788.8,265444
2021-06-10 09:41:37,1788.8,265444
2021-06-10 09:41:38,1788.8,265444
2021-06-10 09:41:39,1788.8,265444
2021-06-10 09:41:40,1788.35,265446
2021-06-10 09:41:41,1788.35,265446
2021-06-10 09:41:42,1788.9,265456
2021-06-10 09:41:43,1788.9,265456
2021-06-10 09:41:44,1788.9,265456
2021-06-10 09:41:46,1788.9,265456
2021-06-10 09:41:48,1788.9,265456
2021-06-10 09:41:49,1788.9,265456
2021-06-10 09:41:50,1788.9,265456
2021-06-10 09:41:51,1788.9,265456
2021-06-10 09:41:52,1788.9,265456
2021-06-10 09:41:53,1788.9,265456
2021-06-10 09:41:53,1788.9,265456
2021-06-10 09:41:55,1788.35,265561
2021-06-10 09:41:55,1788.6,265625
2021-06-10 09:41:57,1788.35,265862
2021-06-10 09:41:58,1788.35,265862
2021-06-10 09:41:59,1788.5,266167
2021-06-10 09:42:00,1788.25,266172
2021-06-10 09:42:01,1788.25,266172
2021-06-10 09:42:02,1788.25,266373
2021-06-10 09:42:03,1788.7,266552
2021-06-10 09:42:04,1788.7,266552
2021-06-10 09:42:05,1788.65,266574
2021-06-10 09:42:06,1788.65,266574
2021-06-10 09:42:07,1787.65,266984
2021-06-10 09:42:08,1787.75,267139
2021-06-10 09:42:09,1787.75,267247
2021-06-10 09:42:10,1788.4,267347
2021-06-10 09:42:12,1788.4,267347
2021-06-10 09:42:13,1788.4,267347
2021-06-10 09:42:14,1787.8,267359
2021-06-10 09:42:15,1787.8,267359
2021-06-10 09:42:16,1787.8,267359
2021-06-10 09:42:16,1787.8,267359
2021-06-10 09:42:17,1787.8,267359
2021-06-10 09:42:18,1788.0,267464
2021-06-10 09:42:19,1788.0,267464
2021-06-10 09:42:20,1788.0,267464
2021-06-10 09:42:22,1788.0,267464
2021-06-10 09:42:23,1788.0,267464
2021-06-10 09:42:25,1788.0,267467
2021-06-10 09:42:25,1788.0,267487
2021-06-10 09:42:26,1788.0,267487
2021-06-10 09:42:27,1788.0,267487
2021-06-10 09:42:29,1788.0,267487
2021-06-10 09:42:30,1788.0,267487
2021-06-10 09:42:31,1787.6,267863
2021-06-10 09:42:31,1787.6,267863
2021-06-10 09:42:32,1787.75,268015
2021-06-10 09:42:34,1787.75,268020
2021-06-10 09:42:35,1787.75,268275
2021-06-10 09:42:36,1787.75,268295
2021-06-10 09:42:37,1787.75,268295
2021-06-10 09:42:38,1787.75,268295
2021-06-10 09:42:39,1787.75,268404
2021-06-10 09:42:40,1787.75,268404
2021-06-10 09:42:41,1788.0,268514
2021-06-10 09:42:42,1788.0,268515
2021-06-10 09:42:43,1788.0,269557
2021-06-10 09:42:44,1787.75,269558
2021-06-10 09:42:45,1788.0,269563
2021-06-10 09:42:46,1788.0,269563
2021-06-10 09:42:47,1788.0,269563
2021-06-10 09:42:48,1788.0,269563
2021-06-10 09:42:49,1787.85,269663
2021-06-10 09:42:51,1787.85,269663
2021-06-10 09:42:52,1788.0,269693
2021-06-10 09:42:53,1787.75,269933
2021-06-10 09:42:53,1787.75,269933
2021-06-10 09:42:55,1787.75,269949
2021-06-10 09:42:56,1787.75,269949
2021-06-10 09:42:57,1787.75,269949
2021-06-10 09:42:58,1787.75,269949
2021-06-10 09:42:59,1787.75,269949
2021-06-10 09:43:00,1787.95,270014
2021-06-10 09:43:01,1787.75,270017
2021-06-10 09:43:02,1788.0,270119
2021-06-10 09:43:03,1788.0,270119
2021-06-10 09:43:04,1788.0,270119
2021-06-10 09:43:05,1788.0,270119
2021-06-10 09:43:06,1788.0,270129
2021-06-10 09:43:07,1788.0,270129
2021-06-10 09:43:08,1787.75,270164
2021-06-10 09:43:09,1787.75,270164
2021-06-10 09:43:10,1788.0,270184
2021-06-10 09:43:11,1788.0,270184
2021-06-10 09:43:12,1788.0,270184
2021-06-10 09:43:13,1788.0,270184
2021-06-10 09:43:14,1788.0,270184
2021-06-10 09:43:15,1788.0,270234
2021-06-10 09:43:16,1788.0,270234
2021-06-10 09:43:18,1786.5,271595
2021-06-10 09:43:17,1787.3,271011
2021-06-10 09:43:19,1786.4,271628
2021-06-10 09:43:20,1787.05,272312
2021-06-10 09:43:21,1786.8,272903
2021-06-10 09:43:22,1786.25,273012
2021-06-10 09:43:23,1786.25,273059
2021-06-10 09:43:24,1786.3,273343
2021-06-10 09:43:25,1786.3,273343
2021-06-10 09:43:26,1785.75,276505
2021-06-10 09:43:27,1787.2,277616
2021-06-10 09:43:28,1787.05,277860
2021-06-10 09:43:30,1786.5,278075
2021-06-10 09:43:31,1786.95,278245
2021-06-10 09:43:32,1786.4,278257
2021-06-10 09:43:33,1786.15,278655
2021-06-10 09:43:34,1786.4,278838
2021-06-10 09:43:35,1786.4,278838
2021-06-10 09:43:36,1786.3,279648
2021-06-10 09:43:37,1786.3,279648
2021-06-10 09:43:38,1786.3,279648
2021-06-10 09:43:40,1785.9,279651
2021-06-10 09:43:41,1785.9,279651
2021-06-10 09:43:42,1786.55,279701
2021-06-10 09:43:43,1786.45,279721
2021-06-10 09:43:45,1786.3,279767
2021-06-10 09:43:46,1786.3,279767
2021-06-10 09:43:48,1786.3,279778
2021-06-10 09:43:47,1786.3,279778
2021-06-10 09:43:49,1786.3,279831
2021-06-10 09:43:50,1786.25,279851
2021-06-10 09:43:51,1785.75,281362
2021-06-10 09:43:52,1785.1,281392
2021-06-10 09:43:53,1785.1,281392
2021-06-10 09:43:54,1785.1,281392
2021-06-10 09:43:55,1785.55,281452
2021-06-10 09:43:56,1785.55,281452
2021-06-10 09:43:57,1785.55,281452
2021-06-10 09:43:58,1785.55,281452
2021-06-10 09:43:59,1784.0,282958
2021-06-10 09:44:00,1784.5,283008
2021-06-10 09:44:01,1784.4,283026
2021-06-10 09:44:02,1784.05,283046
2021-06-10 09:44:03,1784.15,283446
2021-06-10 09:44:04,1784.15,283446
2021-06-10 09:44:05,1784.15,283446
2021-06-10 09:44:06,1784.05,283449
2021-06-10 09:44:07,1784.05,283449
2021-06-10 09:44:08,1784.7,283546
2021-06-10 09:44:10,1784.15,283547
2021-06-10 09:44:09,1784.15,283547
2021-06-10 09:44:11,1784.65,283558
2021-06-10 09:44:12,1784.7,283957
2021-06-10 09:44:14,1784.25,283963
2021-06-10 09:44:15,1784.25,283963
2021-06-10 09:44:16,1784.25,283963
2021-06-10 09:44:17,1784.6,285614
2021-06-10 09:44:18,1785.65,285625
2021-06-10 09:44:20,1785.2,285776
2021-06-10 09:44:21,1785.2,285776
2021-06-10 09:44:22,1785.7,286021
2021-06-10 09:44:23,1785.7,286021
2021-06-10 09:44:24,1785.7,286021
2021-06-10 09:44:26,1785.7,286021
2021-06-10 09:44:27,1786.0,286041
2021-06-10 09:44:28,1786.0,286041
2021-06-10 09:44:29,1785.95,286459
2021-06-10 09:44:30,1785.95,286459
2021-06-10 09:44:31,1785.95,286459
2021-06-10 09:44:32,1786.05,286460
2021-06-10 09:44:33,1785.7,286560
2021-06-10 09:44:34,1785.95,286570
2021-06-10 09:44:35,1785.95,286570
2021-06-10 09:44:36,1785.7,286658
2021-06-10 09:44:37,1785.95,286659
2021-06-10 09:44:38,1785.7,286662
2021-06-10 09:44:39,1786.0,286677
2021-06-10 09:44:40,1786.0,286677
2021-06-10 09:44:41,1786.2,287137
2021-06-10 09:44:42,1784.85,289190
2021-06-10 09:44:43,1785.15,289374
2021-06-10 09:44:44,1785.35,289871
2021-06-10 09:44:45,1785.4,289901
2021-06-10 09:44:46,1785.2,289902
2021-06-10 09:44:47,1785.75,290034
2021-06-10 09:44:48,1785.15,290490
2021-06-10 09:44:49,1785.15,290490
2021-06-10 09:44:50,1784.7,290571
2021-06-10 09:44:51,1784.7,290571
2021-06-10 09:44:52,1784.7,290578
2021-06-10 09:44:53,1784.6,290788
2021-06-10 09:44:54,1784.6,290788
2021-06-10 09:44:55,1784.7,290789
2021-06-10 09:44:56,1784.7,290789
2021-06-10 09:44:57,1784.7,290814
2021-06-10 09:44:58,1783.95,293602
2021-06-10 09:44:59,1784.3,293622
2021-06-10 09:45:00,1784.3,293622
2021-06-10 09:45:02,1783.55,293642
2021-06-10 09:45:04,1783.0,297160
2021-06-10 09:45:05,1783.9,297377
2021-06-10 09:45:07,1784.2,297561
2021-06-10 09:45:06,1784.2,297561
2021-06-10 09:45:08,1783.6,297961
2021-06-10 09:45:09,1784.4,298061
2021-06-10 09:45:10,1783.65,298161
2021-06-10 09:45:11,1783.65,298161
2021-06-10 09:45:12,1784.35,298280
2021-06-10 09:45:13,1784.35,298280
2021-06-10 09:45:14,1784.35,298280
2021-06-10 09:45:17,1784.35,298299
2021-06-10 09:45:17,1784.35,298299
2021-06-10 09:45:18,1784.35,298308
2021-06-10 09:45:19,1784.35,298308
2021-06-10 09:45:20,1784.35,298379
2021-06-10 09:45:22,1784.75,299063
2021-06-10 09:45:23,1784.6,299064
2021-06-10 09:45:25,1784.8,299075
2021-06-10 09:45:26,1784.55,299076
2021-06-10 09:45:28,1784.55,299076
2021-06-10 09:45:28,1784.55,299076
2021-06-10 09:45:29,1784.55,299077
2021-06-10 09:45:30,1784.8,299127
2021-06-10 09:45:31,1784.8,299131
2021-06-10 09:45:32,1784.8,299131
2021-06-10 09:45:33,1784.8,299133
2021-06-10 09:45:34,1784.8,299133
2021-06-10 09:45:35,1784.8,299133
2021-06-10 09:45:36,1785.0,299233
2021-06-10 09:45:38,1785.6,299337
2021-06-10 09:45:38,1785.6,299337
2021-06-10 09:45:39,1785.5,299360
2021-06-10 09:45:40,1785.5,299374
2021-06-10 09:45:42,1785.5,299378
2021-06-10 09:45:43,1785.0,299388
2021-06-10 09:45:44,1785.75,299768
2021-06-10 09:45:45,1785.75,299768
2021-06-10 09:45:46,1785.75,299768
2021-06-10 09:45:48,1785.75,299768
2021-06-10 09:45:48,1785.85,299770
2021-06-10 09:45:49,1785.9,299775
2021-06-10 09:45:50,1785.9,299775
2021-06-10 09:45:51,1785.9,299775
2021-06-10 09:45:52,1785.95,299781
2021-06-10 09:45:53,1785.7,299783
2021-06-10 09:45:54,1785.9,299784
2021-06-10 09:45:55,1785.75,299939
2021-06-10 09:45:57,1785.75,299943
2021-06-10 09:45:57,1785.75,299943
2021-06-10 09:45:58,1785.75,299943
2021-06-10 09:45:59,1785.75,299943
2021-06-10 09:46:00,1785.75,299943
2021-06-10 09:46:01,1785.8,299975
2021-06-10 09:46:02,1786.2,300225
2021-06-10 09:46:03,1786.2,300225
2021-06-10 09:46:04,1786.4,300275
2021-06-10 09:46:05,1785.9,300287
2021-06-10 09:46:06,1786.35,300349
2021-06-10 09:46:07,1786.35,300349
2021-06-10 09:46:08,1786.35,300349
2021-06-10 09:46:10,1786.35,300349
2021-06-10 09:46:11,1786.25,300636
2021-06-10 09:46:12,1786.25,300636
2021-06-10 09:46:13,1786.25,300636
2021-06-10 09:46:14,1786.6,300795
2021-06-10 09:46:15,1786.6,300795
2021-06-10 09:46:16,1786.6,300795
2021-06-10 09:46:18,1786.25,300797
2021-06-10 09:46:19,1786.25,300797
2021-06-10 09:46:19,1786.1,300904
2021-06-10 09:46:20,1786.1,300904
2021-06-10 09:46:21,1786.1,300911
2021-06-10 09:46:22,1786.1,300951
2021-06-10 09:46:23,1786.1,300951
2021-06-10 09:46:25,1786.25,301480
2021-06-10 09:46:24,1786.15,301474
2021-06-10 09:46:26,1786.25,301510
2021-06-10 09:46:27,1786.25,301510
2021-06-10 09:46:29,1786.25,301520
2021-06-10 09:46:29,1786.25,301520
2021-06-10 09:46:30,1785.9,301570
2021-06-10 09:46:31,1786.25,301608
2021-06-10 09:46:32,1786.25,301609
2021-06-10 09:46:33,1785.0,302821
2021-06-10 09:46:34,1785.2,302834
2021-06-10 09:46:36,1785.2,302834
2021-06-10 09:46:36,1785.2,302834
2021-06-10 09:46:37,1785.9,302952
2021-06-10 09:46:38,1785.9,302952
2021-06-10 09:46:39,1785.9,302952
2021-06-10 09:46:40,1785.9,302952
2021-06-10 09:46:41,1786.0,302962
2021-06-10 09:46:42,1786.0,302962
2021-06-10 09:46:43,1786.0,302962
2021-06-10 09:46:44,1786.0,302962
2021-06-10 09:46:45,1785.4,303477
2021-06-10 09:46:46,1785.4,303477
2021-06-10 09:46:48,1785.45,303478
2021-06-10 09:46:48,1785.45,303478
2021-06-10 09:46:49,1785.45,303478
2021-06-10 09:46:50,1785.95,303539
2021-06-10 09:46:51,1786.05,303549
2021-06-10 09:46:52,1786.05,303549
2021-06-10 09:46:53,1786.05,303557
2021-06-10 09:46:54,1786.05,303557
2021-06-10 09:46:55,1785.5,303587
2021-06-10 09:46:56,1785.5,303587
2021-06-10 09:46:57,1785.5,303587
2021-06-10 09:46:59,1785.5,303587
2021-06-10 09:46:59,1785.5,303587
2021-06-10 09:47:01,1786.05,303590
2021-06-10 09:47:02,1786.05,303590
2021-06-10 09:47:02,1786.05,303590
2021-06-10 09:47:04,1786.05,303590
2021-06-10 09:47:05,1786.05,303590
2021-06-10 09:47:06,1786.0,303690
2021-06-10 09:47:09,1786.0,303690
2021-06-10 09:47:09,1786.0,303690
2021-06-10 09:47:10,1785.45,303710
2021-06-10 09:47:11,1785.45,303710
2021-06-10 09:47:12,1785.45,303710
2021-06-10 09:47:13,1785.45,303710
2021-06-10 09:47:15,1785.45,303715
2021-06-10 09:47:15,1785.45,303715
2021-06-10 09:47:16,1785.45,303715
2021-06-10 09:47:17,1785.45,303715
2021-06-10 09:47:18,1785.85,303883
2021-06-10 09:47:21,1785.75,303902
2021-06-10 09:47:22,1785.75,304027
2021-06-10 09:47:23,1785.75,304027
2021-06-10 09:47:24,1785.75,304027
2021-06-10 09:47:25,1785.75,304031
2021-06-10 09:47:27,1785.7,304051
2021-06-10 09:47:28,1785.7,304052
2021-06-10 09:47:29,1785.7,304074
2021-06-10 09:47:30,1785.7,304074
2021-06-10 09:47:30,1785.7,304074
2021-06-10 09:47:31,1785.7,304075
2021-06-10 09:47:32,1785.7,304075
2021-06-10 09:47:33,1785.7,304075
2021-06-10 09:47:34,1785.7,304075
2021-06-10 09:47:36,1785.7,304086
2021-06-10 09:47:37,1785.7,304087
2021-06-10 09:47:38,1785.5,304117
2021-06-10 09:47:39,1785.7,304228
2021-06-10 09:47:39,1785.7,304228
2021-06-10 09:47:40,1785.5,304289
2021-06-10 09:47:41,1785.5,304299
2021-06-10 09:47:43,1785.5,304299
2021-06-10 09:47:44,1785.5,304299
2021-06-10 09:47:45,1785.5,304299
2021-06-10 09:47:45,1785.5,304362
2021-06-10 09:47:46,1785.5,304397
2021-06-10 09:47:48,1785.7,304413
2021-06-10 09:47:49,1785.7,304413
2021-06-10 09:47:50,1785.7,304413
2021-06-10 09:47:50,1785.7,304413
2021-06-10 09:47:51,1785.7,304497
2021-06-10 09:47:52,1785.7,304497
2021-06-10 09:47:53,1785.7,304497
2021-06-10 09:47:54,1785.7,304500
2021-06-10 09:47:55,1785.7,304500
2021-06-10 09:47:56,1785.5,304503
2021-06-10 09:47:58,1785.5,304506
2021-06-10 09:48:00,1785.5,304506
2021-06-10 09:48:00,1785.5,304506
2021-06-10 09:48:01,1785.5,304512
2021-06-10 09:48:02,1785.7,304515
2021-06-10 09:48:03,1785.7,304778
2021-06-10 09:48:07,1785.65,304779
2021-06-10 09:48:08,1785.5,304789
2021-06-10 09:48:09,1785.5,304840
2021-06-10 09:48:09,1785.5,304840
2021-06-10 09:48:10,1785.65,304850
2021-06-10 09:48:11,1785.65,304850
2021-06-10 09:48:12,1785.65,304850
2021-06-10 09:48:13,1785.5,304954
2021-06-10 09:48:14,1785.5,304962
2021-06-10 09:48:15,1785.5,304962
2021-06-10 09:48:16,1785.5,304962
2021-06-10 09:48:18,1785.65,305112
2021-06-10 09:48:19,1785.65,305112
2021-06-10 09:48:20,1785.65,305112
2021-06-10 09:48:21,1785.65,305113
2021-06-10 09:48:22,1785.65,305143
2021-06-10 09:48:22,1785.65,305143
2021-06-10 09:48:23,1785.6,305303
2021-06-10 09:48:24,1785.1,305765
2021-06-10 09:48:26,1785.55,306060
2021-06-10 09:48:27,1785.45,306075
2021-06-10 09:48:28,1785.1,306136
2021-06-10 09:48:28,1785.1,306136
2021-06-10 09:48:29,1785.55,306220
2021-06-10 09:48:30,1785.55,306220
2021-06-10 09:48:31,1785.65,306334
2021-06-10 09:48:32,1785.65,306434
2021-06-10 09:48:33,1785.65,306435
2021-06-10 09:48:35,1785.65,306437
2021-06-10 09:48:36,1785.1,306517
2021-06-10 09:48:37,1785.1,306517
2021-06-10 09:48:37,1785.1,306517
2021-06-10 09:48:38,1785.1,306517
2021-06-10 09:48:39,1785.0,306931
2021-06-10 09:48:41,1785.45,306933
2021-06-10 09:48:42,1784.05,307374
2021-06-10 09:48:42,1784.65,307359
2021-06-10 09:48:43,1784.05,307374
2021-06-10 09:48:45,1785.1,307631
2021-06-10 09:48:44,1785.1,307631
2021-06-10 09:48:46,1785.05,308282
2021-06-10 09:48:48,1785.05,308282
2021-06-10 09:48:49,1785.1,308515
2021-06-10 09:48:50,1785.1,308515
2021-06-10 09:48:51,1785.1,308515
2021-06-10 09:48:51,1785.1,308515
2021-06-10 09:48:53,1782.0,314395
2021-06-10 09:48:54,1782.35,314843
2021-06-10 09:48:55,1782.35,314936
2021-06-10 09:48:56,1782.0,314972
2021-06-10 09:48:57,1782.0,314980
2021-06-10 09:48:58,1782.7,314990
2021-06-10 09:48:59,1781.4,322675
2021-06-10 09:49:00,1782.9,322680
2021-06-10 09:49:01,1782.9,322680
2021-06-10 09:49:02,1782.9,322680
2021-06-10 09:49:03,1782.05,322780
2021-06-10 09:49:04,1782.05,322780
2021-06-10 09:49:07,1782.0,323128
2021-06-10 09:49:09,1782.0,323143
2021-06-10 09:49:10,1782.0,323143
2021-06-10 09:49:11,1782.0,323143
2021-06-10 09:49:13,1781.7,334535
2021-06-10 09:49:14,1781.35,334540
2021-06-10 09:49:15,1781.35,334540
2021-06-10 09:49:16,1780.6,334786
2021-06-10 09:49:17,1781.5,334820
2021-06-10 09:49:20,1781.65,335045
2021-06-10 09:49:21,1781.55,335046
2021-06-10 09:49:22,1781.55,335046
2021-06-10 09:49:23,1780.65,335396
2021-06-10 09:49:23,1780.6,335400
2021-06-10 09:49:24,1781.3,335594
2021-06-10 09:49:25,1780.65,335646
2021-06-10 09:49:27,1780.65,335649
2021-06-10 09:49:28,1781.15,335652
2021-06-10 09:49:29,1781.15,335652
2021-06-10 09:49:30,1780.6,335667
2021-06-10 09:49:32,1781.45,337030
2021-06-10 09:49:33,1781.2,337031
2021-06-10 09:49:34,1781.2,337031
2021-06-10 09:49:34,1780.6,337080
2021-06-10 09:49:35,1781.35,338210
2021-06-10 09:49:36,1781.15,338211
2021-06-10 09:49:38,1781.15,338215
2021-06-10 09:49:39,1781.15,338245
2021-06-10 09:49:40,1781.25,338250
2021-06-10 09:49:41,1782.2,341041
2021-06-10 09:49:42,1782.2,341041
2021-06-10 09:49:42,1782.2,341041
2021-06-10 09:49:43,1782.2,341041
2021-06-10 09:49:44,1781.0,341051
2021-06-10 09:49:45,1781.3,341115
2021-06-10 09:49:48,1781.75,341221
2021-06-10 09:49:49,1781.35,341241
2021-06-10 09:49:50,1781.45,341266
2021-06-10 09:49:51,1781.75,341276
2021-06-10 09:49:51,1781.75,341276
2021-06-10 09:49:52,1781.75,341286
2021-06-10 09:49:53,1781.75,341295
2021-06-10 09:49:54,1781.75,341295
2021-06-10 09:49:55,1781.75,341309
2021-06-10 09:49:56,1781.75,341309
2021-06-10 09:49:58,1781.6,341501
2021-06-10 09:49:59,1781.55,341594
2021-06-10 09:50:00,1781.6,341596
2021-06-10 09:50:01,1781.85,342235
2021-06-10 09:50:01,1781.55,342014
2021-06-10 09:50:02,1781.85,342235
2021-06-10 09:50:03,1781.75,342270
2021-06-10 09:50:04,1781.85,342286
2021-06-10 09:50:05,1781.75,342387
2021-06-10 09:50:06,1781.55,342397
2021-06-10 09:50:08,1781.55,342686
2021-06-10 09:50:09,1781.55,342756
2021-06-10 09:50:10,1781.55,342756
2021-06-10 09:50:11,1781.55,342959
2021-06-10 09:50:12,1781.55,342959
2021-06-10 09:50:13,1781.55,342959
2021-06-10 09:50:14,1782.0,343031
2021-06-10 09:50:14,1782.0,343031
2021-06-10 09:50:15,1782.0,343031
2021-06-10 09:50:17,1782.6,343131
2021-06-10 09:50:18,1783.0,343406
2021-06-10 09:50:18,1783.0,343406
2021-06-10 09:50:20,1783.0,343408
2021-06-10 09:50:22,1783.0,343523
2021-06-10 09:50:23,1783.0,343523
2021-06-10 09:50:24,1782.55,343640
2021-06-10 09:50:25,1782.6,343653
2021-06-10 09:50:27,1782.55,343874
2021-06-10 09:50:28,1783.0,343914
2021-06-10 09:50:29,1783.0,344082
2021-06-10 09:50:30,1783.0,344082
2021-06-10 09:50:31,1783.2,344083
2021-06-10 09:50:33,1783.2,344083
2021-06-10 09:50:33,1783.2,344083
2021-06-10 09:50:34,1783.2,344083
2021-06-10 09:50:35,1783.2,344083
2021-06-10 09:50:36,1783.2,344083
2021-06-10 09:50:37,1783.2,344083
2021-06-10 09:50:39,1783.05,344175
2021-06-10 09:50:40,1783.05,344175
2021-06-10 09:50:41,1783.05,344575
2021-06-10 09:50:42,1783.05,344575
2021-06-10 09:50:43,1783.25,344609
2021-06-10 09:50:44,1783.25,344609
2021-06-10 09:50:45,1783.0,345014
2021-06-10 09:50:46,1783.25,345040
2021-06-10 09:50:47,1783.25,345040
2021-06-10 09:50:48,1783.25,345040
2021-06-10 09:50:49,1783.25,345040
2021-06-10 09:50:50,1783.25,345041
2021-06-10 09:50:51,1783.25,345041
2021-06-10 09:50:52,1783.25,345062
2021-06-10 09:50:53,1783.25,345067
2021-06-10 09:50:54,1783.25,345067
2021-06-10 09:50:55,1783.25,345067
2021-06-10 09:50:56,1783.25,345067
2021-06-10 09:50:57,1783.25,345067
2021-06-10 09:50:58,1783.25,345067
2021-06-10 09:50:59,1783.25,345067
2021-06-10 09:51:00,1783.25,345067
2021-06-10 09:51:01,1783.25,345067
2021-06-10 09:51:02,1783.25,345067
2021-06-10 09:51:03,1783.25,345126
2021-06-10 09:51:03,1783.25,345126
2021-06-10 09:51:04,1783.75,345172
2021-06-10 09:51:05,1783.85,345175
2021-06-10 09:51:07,1783.85,345175
2021-06-10 09:51:08,1783.85,345175
2021-06-10 09:51:09,1783.85,345175
2021-06-10 09:51:10,1783.85,345175
2021-06-10 09:51:11,1783.7,345180
2021-06-10 09:51:11,1783.7,345180
2021-06-10 09:51:12,1783.7,345180
2021-06-10 09:51:14,1783.7,345232
2021-06-10 09:51:15,1783.7,345242
2021-06-10 09:51:16,1783.7,345242
2021-06-10 09:51:17,1784.3,345442
2021-06-10 09:51:18,1784.05,345507
2021-06-10 09:51:19,1784.05,345507
2021-06-10 09:51:21,1783.1,346008
2021-06-10 09:51:22,1783.8,346223
2021-06-10 09:51:23,1783.1,346238
2021-06-10 09:51:24,1783.1,346238
2021-06-10 09:51:25,1783.1,346238
2021-06-10 09:51:26,1783.6,346288
2021-06-10 09:51:27,1783.45,346699
2021-06-10 09:51:27,1783.45,346699
2021-06-10 09:51:28,1783.45,346699
2021-06-10 09:51:29,1783.2,346704
2021-06-10 09:51:30,1783.2,346704
2021-06-10 09:51:31,1783.2,346704
2021-06-10 09:51:32,1783.0,347104
2021-06-10 09:51:33,1783.0,347104
2021-06-10 09:51:35,1783.0,347105
2021-06-10 09:51:36,1783.0,347105
2021-06-10 09:51:37,1783.0,347105
2021-06-10 09:51:38,1783.0,347105
2021-06-10 09:51:39,1783.0,347105
2021-06-10 09:51:40,1783.2,347108
2021-06-10 09:51:41,1783.2,347116
2021-06-10 09:51:42,1783.2,347116
2021-06-10 09:51:42,1782.0,348274
2021-06-10 09:51:45,1782.0,348351
2021-06-10 09:51:46,1782.65,348381
2021-06-10 09:51:47,1782.75,348384
2021-06-10 09:51:48,1782.75,348384
2021-06-10 09:51:49,1782.75,348384
2021-06-10 09:51:49,1782.75,348384
2021-06-10 09:51:50,1782.75,348384
2021-06-10 09:51:52,1782.75,348384
2021-06-10 09:51:53,1782.75,348384
2021-06-10 09:51:54,1782.75,348384
2021-06-10 09:51:54,1782.0,348784
2021-06-10 09:51:55,1782.35,348925
2021-06-10 09:51:56,1782.4,348930
2021-06-10 09:51:58,1782.4,348930
2021-06-10 09:51:59,1782.0,349166
2021-06-10 09:52:00,1782.0,349166
2021-06-10 09:52:01,1782.3,349569
2021-06-10 09:52:02,1782.15,349570
2021-06-10 09:52:03,1781.75,349588
2021-06-10 09:52:04,1781.75,349588
2021-06-10 09:52:05,1781.75,349588
2021-06-10 09:52:06,1781.75,349588
2021-06-10 09:52:07,1781.75,349811
2021-06-10 09:52:07,1782.15,349756
2021-06-10 09:52:08,1781.75,349920
2021-06-10 09:52:09,1782.15,349995
2021-06-10 09:52:10,1781.55,350801
2021-06-10 09:52:13,1781.0,351592
2021-06-10 09:52:14,1781.0,351753
2021-06-10 09:52:15,1781.5,351803
2021-06-10 09:52:16,1781.5,351803
2021-06-10 09:52:16,1781.75,352325
2021-06-10 09:52:17,1781.75,352325
2021-06-10 09:52:18,1781.05,352330
2021-06-10 09:52:19,1781.05,352330
2021-06-10 09:52:21,1781.55,352425
2021-06-10 09:52:22,1781.55,352425
2021-06-10 09:52:23,1781.55,352425
2021-06-10 09:52:25,1781.2,352761
2021-06-10 09:52:26,1781.6,353156
2021-06-10 09:52:27,1781.0,353281
2021-06-10 09:52:28,1781.0,353322
2021-06-10 09:52:29,1781.0,353337
2021-06-10 09:52:30,1781.0,353394
2021-06-10 09:52:30,1781.0,353394
2021-06-10 09:52:31,1781.0,353686
2021-06-10 09:52:33,1782.0,353792
2021-06-10 09:52:34,1782.0,353792
2021-06-10 09:52:35,1781.75,353808
2021-06-10 09:52:36,1781.45,354140
2021-06-10 09:52:37,1782.0,354601
2021-06-10 09:52:38,1782.3,354636
2021-06-10 09:52:39,1782.15,354800
2021-06-10 09:52:39,1782.15,354800
2021-06-10 09:52:42,1782.1,354916
2021-06-10 09:52:43,1782.1,354966
2021-06-10 09:52:44,1782.1,354966
2021-06-10 09:52:45,1782.1,354966
2021-06-10 09:52:45,1782.1,354966
2021-06-10 09:52:47,1782.1,354966
2021-06-10 09:52:47,1782.1,354966
2021-06-10 09:52:48,1782.1,354966
2021-06-10 09:52:49,1782.1,354966
2021-06-10 09:52:50,1782.1,354966
2021-06-10 09:52:52,1782.7,355066
2021-06-10 09:52:53,1782.7,355066
2021-06-10 09:52:55,1782.7,355066
2021-06-10 09:52:56,1782.7,355066
2021-06-10 09:52:57,1782.65,355067
2021-06-10 09:52:58,1782.15,355072
2021-06-10 09:52:59,1782.65,355077
2021-06-10 09:53:00,1782.65,355077
2021-06-10 09:53:01,1782.65,355077
2021-06-10 09:53:02,1782.65,355077
2021-06-10 09:53:03,1782.65,355077
2021-06-10 09:53:04,1782.65,355105
2021-06-10 09:53:05,1782.65,355308
2021-06-10 09:53:06,1782.3,355328
2021-06-10 09:53:07,1782.3,355328
2021-06-10 09:53:08,1782.3,355328
2021-06-10 09:53:08,1782.3,355328
2021-06-10 09:53:09,1782.3,355328
2021-06-10 09:53:11,1782.3,355328
2021-06-10 09:53:12,1782.65,355458
2021-06-10 09:53:13,1782.65,355458
2021-06-10 09:53:14,1782.65,355458
2021-06-10 09:53:15,1782.65,355458
2021-06-10 09:53:16,1783.35,355702
2021-06-10 09:53:17,1783.5,355712
2021-06-10 09:53:18,1783.5,355712
2021-06-10 09:53:20,1783.7,355762
2021-06-10 09:53:21,1783.35,355908
2021-06-10 09:53:21,1783.35,355908
2021-06-10 09:53:22,1782.9,355945
2021-06-10 09:53:23,1782.9,355945
2021-06-10 09:53:24,1782.9,355945
2021-06-10 09:53:25,1783.45,355985
2021-06-10 09:53:27,1783.45,355985
2021-06-10 09:53:28,1783.45,355985
2021-06-10 09:53:29,1783.45,355985
2021-06-10 09:53:30,1783.45,355985
2021-06-10 09:53:31,1782.9,356104
2021-06-10 09:53:32,1782.9,356108
2021-06-10 09:53:33,1782.9,356108
2021-06-10 09:53:34,1782.9,356108
2021-06-10 09:53:35,1783.6,356189
2021-06-10 09:53:35,1783.6,356189
2021-06-10 09:53:37,1783.6,356189
2021-06-10 09:53:38,1783.6,356189
2021-06-10 09:53:39,1783.6,356189
2021-06-10 09:53:40,1783.15,356530
2021-06-10 09:53:41,1782.95,356933
2021-06-10 09:53:42,1782.95,356933
2021-06-10 09:53:43,1782.95,356933
2021-06-10 09:53:44,1782.95,356933
2021-06-10 09:53:45,1782.95,356933
2021-06-10 09:53:46,1782.9,357500
2021-06-10 09:53:47,1783.1,357588
2021-06-10 09:53:48,1782.65,357598
2021-06-10 09:53:49,1782.65,357598
2021-06-10 09:53:50,1782.65,357598
2021-06-10 09:53:51,1782.65,357598
2021-06-10 09:53:52,1782.65,357808
2021-06-10 09:53:53,1783.35,357849
2021-06-10 09:53:54,1782.65,357887
2021-06-10 09:53:56,1782.65,357888
2021-06-10 09:53:57,1782.65,357891
2021-06-10 09:53:58,1782.65,357891
2021-06-10 09:53:59,1782.65,357891
2021-06-10 09:54:00,1782.65,357891
2021-06-10 09:54:01,1782.65,357891
2021-06-10 09:54:02,1782.65,357896
2021-06-10 09:54:03,1781.85,357996
2021-06-10 09:54:04,1781.85,357996
2021-06-10 09:54:05,1781.85,357996
2021-06-10 09:54:06,1782.2,358001
2021-06-10 09:54:07,1782.3,358010
2021-06-10 09:54:08,1782.3,358010
2021-06-10 09:54:09,1782.3,358010
2021-06-10 09:54:10,1782.3,358010
2021-06-10 09:54:11,1781.8,358018
2021-06-10 09:54:12,1781.85,358026
2021-06-10 09:54:13,1781.85,358026
2021-06-10 09:54:14,1781.85,358026
2021-06-10 09:54:15,1781.85,358046
2021-06-10 09:54:16,1781.85,358046
2021-06-10 09:54:17,1782.5,358055
2021-06-10 09:54:18,1782.5,358055
2021-06-10 09:54:19,1781.8,358413
2021-06-10 09:54:20,1781.8,358413
2021-06-10 09:54:21,1781.8,358413
2021-06-10 09:54:23,1782.25,358420
2021-06-10 09:54:22,1782.25,358420
2021-06-10 09:54:24,1782.1,358421
2021-06-10 09:54:25,1782.1,358421
2021-06-10 09:54:26,1782.1,358421
2021-06-10 09:54:27,1782.1,358421
2021-06-10 09:54:28,1782.1,358421
2021-06-10 09:54:29,1782.1,358421
2021-06-10 09:54:30,1782.1,358421
2021-06-10 09:54:31,1782.0,358441
2021-06-10 09:54:32,1782.0,358441
2021-06-10 09:54:33,1782.0,358441
2021-06-10 09:54:34,1782.0,358441
2021-06-10 09:54:35,1782.0,358441
2021-06-10 09:54:36,1782.0,358443
2021-06-10 09:54:37,1782.0,358447
2021-06-10 09:54:38,1782.0,358447
2021-06-10 09:54:39,1782.0,358448
2021-06-10 09:54:41,1782.0,358448
2021-06-10 09:54:42,1781.05,359954
2021-06-10 09:54:43,1782.2,360377
2021-06-10 09:54:44,1782.2,360377
2021-06-10 09:54:45,1782.2,360377
2021-06-10 09:54:46,1782.0,360402
2021-06-10 09:54:47,1782.0,360402
2021-06-10 09:54:48,1782.0,360402
2021-06-10 09:54:49,1782.5,360403
2021-06-10 09:54:51,1782.5,360403
2021-06-10 09:54:52,1782.5,360427
2021-06-10 09:54:53,1782.15,360430
2021-06-10 09:54:54,1782.65,360452
2021-06-10 09:54:55,1782.65,360452
2021-06-10 09:54:56,1782.15,360462
2021-06-10 09:54:57,1782.65,360488
2021-06-10 09:54:58,1782.65,360488
2021-06-10 09:55:01,1782.65,360488
2021-06-10 09:55:02,1782.65,360488
2021-06-10 09:55:03,1782.65,360488
2021-06-10 09:55:05,1782.6,360491
2021-06-10 09:55:06,1782.6,360491
2021-06-10 09:55:07,1782.55,360496
2021-06-10 09:55:08,1782.5,360497
2021-06-10 09:55:09,1782.5,360642
2021-06-10 09:55:10,1782.5,360642
2021-06-10 09:55:11,1782.5,360742
2021-06-10 09:55:12,1782.5,360742
2021-06-10 09:55:13,1782.5,360742
2021-06-10 09:55:14,1782.2,360743
2021-06-10 09:55:15,1782.2,361243
2021-06-10 09:55:16,1782.2,361303
2021-06-10 09:55:17,1782.2,361313
2021-06-10 09:55:18,1782.5,361552
2021-06-10 09:55:20,1782.5,361555
2021-06-10 09:55:21,1782.5,361555
2021-06-10 09:55:23,1782.5,361555
2021-06-10 09:55:24,1782.5,361555
2021-06-10 09:55:25,1782.5,361555
2021-06-10 09:55:26,1782.5,361555
2021-06-10 09:55:27,1782.5,361555
2021-06-10 09:55:28,1782.55,361556
2021-06-10 09:55:29,1782.55,361556
2021-06-10 09:55:30,1782.55,361566
2021-06-10 09:55:31,1782.55,361567
2021-06-10 09:55:32,1782.5,361568
2021-06-10 09:55:33,1782.5,361568
2021-06-10 09:55:34,1782.5,361568
2021-06-10 09:55:36,1782.5,361568
2021-06-10 09:55:37,1782.5,361998
2021-06-10 09:55:39,1782.5,361998
2021-06-10 09:55:40,1782.5,361998
2021-06-10 09:55:41,1782.5,361998
2021-06-10 09:55:44,1782.5,362073
2021-06-10 09:55:45,1782.5,362073
2021-06-10 09:55:46,1782.2,362084
2021-06-10 09:55:47,1782.2,362084
2021-06-10 09:55:48,1782.2,362084
2021-06-10 09:55:49,1782.2,362084
2021-06-10 09:55:50,1782.2,362084
2021-06-10 09:55:51,1782.2,362084
2021-06-10 09:55:52,1782.5,362097
2021-06-10 09:55:53,1782.5,362097
2021-06-10 09:55:54,1782.5,362363
2021-06-10 09:55:55,1782.5,362363
2021-06-10 09:55:56,1782.5,362418
2021-06-10 09:55:57,1782.5,362419
2021-06-10 09:55:58,1782.5,362432
2021-06-10 09:55:59,1782.5,362432
2021-06-10 09:56:00,1781.9,362442
2021-06-10 09:56:02,1782.45,362443
2021-06-10 09:56:04,1781.9,362449
2021-06-10 09:56:04,1781.9,362449
2021-06-10 09:56:05,1782.35,362513
2021-06-10 09:56:06,1782.35,362513
2021-06-10 09:56:07,1782.35,362513
2021-06-10 09:56:08,1782.3,362523
2021-06-10 09:56:09,1782.3,362525
2021-06-10 09:56:10,1782.3,362525
2021-06-10 09:56:11,1782.3,362525
2021-06-10 09:56:12,1782.3,362527
2021-06-10 09:56:14,1782.3,362527
2021-06-10 09:56:16,1782.3,362530
2021-06-10 09:56:17,1782.25,362555
2021-06-10 09:56:18,1782.25,362556
2021-06-10 09:56:19,1782.2,362571
2021-06-10 09:56:20,1782.2,362581
2021-06-10 09:56:21,1782.2,362581
2021-06-10 09:56:22,1782.2,362582
2021-06-10 09:56:23,1782.2,362582
2021-06-10 09:56:24,1782.15,362682
2021-06-10 09:56:25,1782.15,362682
2021-06-10 09:56:26,1782.15,362682
2021-06-10 09:56:27,1782.15,362682
2021-06-10 09:56:28,1782.15,362682
2021-06-10 09:56:29,1782.15,362683
2021-06-10 09:56:30,1782.15,362683
2021-06-10 09:56:31,1782.15,362683
2021-06-10 09:56:32,1782.15,362683
2021-06-10 09:56:33,1782.15,362683
2021-06-10 09:56:34,1782.15,362683
2021-06-10 09:56:35,1782.15,362683
2021-06-10 09:56:36,1782.15,362763
2021-06-10 09:56:37,1782.15,362764
2021-06-10 09:56:38,1782.15,362766
2021-06-10 09:56:39,1782.15,362766
2021-06-10 09:56:40,1782.15,362767
2021-06-10 09:56:41,1782.15,362767
2021-06-10 09:56:42,1782.15,362844
2021-06-10 09:56:43,1782.5,363025
2021-06-10 09:56:44,1782.5,363125
2021-06-10 09:56:45,1782.5,363125
2021-06-10 09:56:47,1782.5,363126
2021-06-10 09:56:47,1782.5,363289
2021-06-10 09:56:48,1782.15,363304
2021-06-10 09:56:49,1782.15,363308
2021-06-10 09:56:50,1782.15,363308
2021-06-10 09:56:51,1782.5,363309
2021-06-10 09:56:52,1782.5,363309
2021-06-10 09:56:53,1782.5,363309
2021-06-10 09:56:54,1782.5,363309
2021-06-10 09:56:55,1782.5,363309
2021-06-10 09:56:56,1782.5,363334
2021-06-10 09:56:58,1782.5,363403
2021-06-10 09:57:00,1782.5,363405
2021-06-10 09:57:00,1782.5,363405
2021-06-10 09:57:01,1782.5,363405
2021-06-10 09:57:02,1782.5,363405
2021-06-10 09:57:03,1782.5,363405
2021-06-10 09:57:04,1782.5,363440
2021-06-10 09:57:05,1782.5,363440
2021-06-10 09:57:06,1782.9,363441
2021-06-10 09:57:07,1782.9,363441
2021-06-10 09:57:08,1782.9,363466
2021-06-10 09:57:09,1782.9,363487
2021-06-10 09:57:10,1782.9,363487
2021-06-10 09:57:11,1783.1,363889
2021-06-10 09:57:12,1783.0,364023
2021-06-10 09:57:13,1783.0,364023
2021-06-10 09:57:14,1783.0,364023
2021-06-10 09:57:16,1783.0,364023
2021-06-10 09:57:16,1783.0,364023
2021-06-10 09:57:17,1783.0,364023
2021-06-10 09:57:18,1783.1,364043
2021-06-10 09:57:19,1783.1,364043
2021-06-10 09:57:20,1783.1,364043
2021-06-10 09:57:21,1783.1,364043
2021-06-10 09:57:22,1782.55,364144
2021-06-10 09:57:24,1783.15,364146
2021-06-10 09:57:25,1782.9,364168
2021-06-10 09:57:26,1782.9,364168
2021-06-10 09:57:27,1783.2,364178
2021-06-10 09:57:29,1783.2,364178
2021-06-10 09:57:30,1783.0,364179
2021-06-10 09:57:31,1783.15,364283
2021-06-10 09:57:32,1783.2,364286
2021-06-10 09:57:33,1783.2,364386
2021-06-10 09:57:34,1783.2,364406
2021-06-10 09:57:35,1783.2,364406
2021-06-10 09:57:36,1783.2,364417
2021-06-10 09:57:37,1783.2,364442
2021-06-10 09:57:39,1783.2,364452
2021-06-10 09:57:39,1783.25,364459
2021-06-10 09:57:40,1783.5,364593
2021-06-10 09:57:42,1783.2,364798
2021-06-10 09:57:42,1783.2,364798
2021-06-10 09:57:43,1783.5,364803
2021-06-10 09:57:44,1783.5,364803
2021-06-10 09:57:45,1783.5,364803
2021-06-10 09:57:46,1783.5,364803
2021-06-10 09:57:47,1783.5,364803
2021-06-10 09:57:48,1783.5,364803
2021-06-10 09:57:49,1783.5,364803
2021-06-10 09:57:50,1783.5,364803
2021-06-10 09:57:51,1783.5,365094
2021-06-10 09:57:52,1783.5,365094
2021-06-10 09:57:53,1783.6,365096
2021-06-10 09:57:54,1783.5,365151
2021-06-10 09:57:55,1783.5,365151
2021-06-10 09:57:56,1783.5,365151
2021-06-10 09:57:58,1784.2,365397
2021-06-10 09:57:59,1784.2,365397
2021-06-10 09:58:00,1784.2,365397
2021-06-10 09:58:01,1784.2,365397
2021-06-10 09:58:02,1784.25,365446
2021-06-10 09:58:03,1784.25,365463
2021-06-10 09:58:05,1784.25,365496
2021-06-10 09:58:06,1784.3,365497
2021-06-10 09:58:07,1784.3,365497
2021-06-10 09:58:08,1784.25,365519
2021-06-10 09:58:09,1784.2,365667
2021-06-10 09:58:09,1784.2,365667
2021-06-10 09:58:10,1784.2,365667
2021-06-10 09:58:12,1784.15,365820
2021-06-10 09:58:13,1783.9,366009
2021-06-10 09:58:13,1783.9,366009
2021-06-10 09:58:14,1784.0,366049
2021-06-10 09:58:15,1784.0,366049
2021-06-10 09:58:16,1784.0,366049
2021-06-10 09:58:17,1784.0,366296
2021-06-10 09:58:18,1783.95,366308
2021-06-10 09:58:20,1783.7,366314
2021-06-10 09:58:22,1784.15,366615
2021-06-10 09:58:23,1784.15,366615
2021-06-10 09:58:24,1784.15,366615
2021-06-10 09:58:25,1784.15,366615
2021-06-10 09:58:25,1784.15,366615
2021-06-10 09:58:26,1784.15,366615
2021-06-10 09:58:27,1784.15,366645
2021-06-10 09:58:29,1784.15,366801
2021-06-10 09:58:30,1784.15,366801
2021-06-10 09:58:32,1784.15,366801
2021-06-10 09:58:32,1784.15,366801
2021-06-10 09:58:33,1783.65,366904
2021-06-10 09:58:35,1784.0,366919
2021-06-10 09:58:37,1784.0,366919
2021-06-10 09:58:37,1784.0,366919
2021-06-10 09:58:38,1784.0,366919
2021-06-10 09:58:39,1783.65,367056
2021-06-10 09:58:40,1784.5,367139
2021-06-10 09:58:41,1784.55,367190
2021-06-10 09:58:44,1784.55,367190
2021-06-10 09:58:44,1784.55,367190
2021-06-10 09:58:45,1784.55,367190
2021-06-10 09:58:46,1783.75,367340
2021-06-10 09:58:47,1784.3,367341
2021-06-10 09:58:48,1784.3,367341
2021-06-10 09:58:49,1784.3,367341
2021-06-10 09:58:50,1784.3,367341
2021-06-10 09:58:51,1784.65,367533
2021-06-10 09:58:53,1784.0,367540
2021-06-10 09:58:55,1784.3,367542
2021-06-10 09:58:55,1784.3,367542
2021-06-10 09:58:56,1784.3,367546
2021-06-10 09:58:57,1784.0,367719
2021-06-10 09:58:58,1783.9,367724
2021-06-10 09:58:59,1783.9,367724
2021-06-10 09:59:00,1783.75,367734
2021-06-10 09:59:01,1783.75,367734
2021-06-10 09:59:02,1783.75,367734
2021-06-10 09:59:03,1783.75,367840
2021-06-10 09:59:05,1783.75,367840
2021-06-10 09:59:06,1783.9,367855
2021-06-10 09:59:06,1783.9,367855
2021-06-10 09:59:07,1783.9,367860
2021-06-10 09:59:08,1784.0,367916
2021-06-10 09:59:09,1784.0,367916
2021-06-10 09:59:10,1784.0,367916
2021-06-10 09:59:11,1784.0,367916
2021-06-10 09:59:12,1784.0,367926
2021-06-10 09:59:13,1784.0,367926
2021-06-10 09:59:14,1784.0,367927
2021-06-10 09:59:16,1784.0,367936
2021-06-10 09:59:17,1784.0,367936
2021-06-10 09:59:18,1783.75,367956
2021-06-10 09:59:19,1783.75,367956
2021-06-10 09:59:19,1783.75,367956
2021-06-10 09:59:20,1783.75,367956
2021-06-10 09:59:21,1783.75,367956
2021-06-10 09:59:22,1784.0,368172
2021-06-10 09:59:24,1784.0,368172
2021-06-10 09:59:25,1784.0,368172
2021-06-10 09:59:26,1784.0,368172
2021-06-10 09:59:27,1784.0,368172
2021-06-10 09:59:28,1784.0,368172
2021-06-10 09:59:29,1783.75,368176
2021-06-10 09:59:30,1784.0,368428
2021-06-10 09:59:31,1784.0,368428
2021-06-10 09:59:32,1784.0,368428
2021-06-10 09:59:34,1784.0,368428
2021-06-10 09:59:35,1784.0,368428
2021-06-10 09:59:36,1784.0,368428
2021-06-10 09:59:36,1784.0,368428
2021-06-10 09:59:37,1784.0,368428
2021-06-10 09:59:38,1784.0,368428
2021-06-10 09:59:39,1784.0,368428
2021-06-10 09:59:40,1784.0,368428
2021-06-10 09:59:41,1784.0,368428
2021-06-10 09:59:42,1784.0,368478
2021-06-10 09:59:44,1784.0,368478
2021-06-10 09:59:45,1784.0,368478
2021-06-10 09:59:46,1784.0,368528
2021-06-10 09:59:46,1784.0,368528
2021-06-10 09:59:47,1784.0,368528
2021-06-10 09:59:49,1784.0,368529
2021-06-10 09:59:50,1784.0,368529
2021-06-10 09:59:51,1784.0,368529
2021-06-10 09:59:52,1784.0,368529
2021-06-10 09:59:53,1784.0,368529
2021-06-10 09:59:54,1784.0,368529
2021-06-10 09:59:55,1784.0,368529
2021-06-10 09:59:56,1784.0,368536
2021-06-10 09:59:59,1784.0,368541
2021-06-10 10:00:00,1784.0,368541
2021-06-10 10:00:01,1784.0,368547
2021-06-10 10:00:02,1784.0,368547
2021-06-10 10:00:02,1784.0,368547
2021-06-10 10:00:03,1783.75,368848
2021-06-10 10:00:04,1783.95,368849
2021-06-10 10:00:05,1783.95,368849
2021-06-10 10:00:06,1783.95,368876
2021-06-10 10:00:07,1783.95,368876
2021-06-10 10:00:08,1783.75,368976
2021-06-10 10:00:09,1783.75,368976
2021-06-10 10:00:10,1783.75,368976
2021-06-10 10:00:11,1783.75,368976
2021-06-10 10:00:12,1783.95,368988
2021-06-10 10:00:13,1783.95,368988
2021-06-10 10:00:14,1783.95,368988
2021-06-10 10:00:15,1783.95,369028
2021-06-10 10:00:16,1783.95,369028
2021-06-10 10:00:17,1783.95,369028
2021-06-10 10:00:18,1783.95,369038
2021-06-10 10:00:19,1783.95,369038
2021-06-10 10:00:20,1783.95,369038
2021-06-10 10:00:21,1783.95,369038
2021-06-10 10:00:22,1783.95,369045
2021-06-10 10:00:23,1784.0,369145
2021-06-10 10:00:24,1784.0,369145
2021-06-10 10:00:25,1784.0,369145
2021-06-10 10:00:26,1784.0,369145
2021-06-10 10:00:27,1783.75,369369
2021-06-10 10:00:28,1783.75,369369
2021-06-10 10:00:29,1783.75,369369
2021-06-10 10:00:31,1783.75,369369
2021-06-10 10:00:32,1783.75,369369
2021-06-10 10:00:33,1783.75,369369
2021-06-10 10:00:34,1783.9,369370
2021-06-10 10:00:35,1783.9,369372
2021-06-10 10:00:36,1783.75,369386
2021-06-10 10:00:37,1783.9,369387
2021-06-10 10:00:38,1783.75,369388
2021-06-10 10:00:39,1783.75,369388
2021-06-10 10:00:40,1783.75,369388
2021-06-10 10:00:41,1783.9,369675
2021-06-10 10:00:42,1783.9,369675
2021-06-10 10:00:43,1783.9,369675
2021-06-10 10:00:44,1783.9,369676
2021-06-10 10:00:45,1783.9,369676
2021-06-10 10:00:46,1783.9,369676
2021-06-10 10:00:47,1783.9,369676
2021-06-10 10:00:48,1783.9,369676
2021-06-10 10:00:49,1783.9,369676
2021-06-10 10:00:49,1783.9,369676
2021-06-10 10:00:50,1783.9,369724
2021-06-10 10:00:51,1783.9,369724
2021-06-10 10:00:52,1783.95,369744
2021-06-10 10:00:53,1783.95,369744
2021-06-10 10:00:55,1783.95,369744
2021-06-10 10:00:56,1783.95,369744
2021-06-10 10:00:57,1784.0,370344
2021-06-10 10:00:58,1784.0,370344
2021-06-10 10:00:59,1784.0,370344
2021-06-10 10:01:00,1784.0,370344
2021-06-10 10:01:01,1784.0,370344
2021-06-10 10:01:02,1784.0,370344
2021-06-10 10:01:03,1783.65,370769
2021-06-10 10:01:04,1783.65,371075
2021-06-10 10:01:05,1783.65,371075
2021-06-10 10:01:06,1783.8,371161
2021-06-10 10:01:07,1783.5,371172
2021-06-10 10:01:09,1783.3,371217
2021-06-10 10:01:10,1783.45,371369
2021-06-10 10:01:10,1783.45,371369
2021-06-10 10:01:11,1783.45,371384
2021-06-10 10:01:13,1783.25,371461
2021-06-10 10:01:15,1782.05,372799
2021-06-10 10:01:16,1783.15,373930
2021-06-10 10:01:17,1783.15,373930
2021-06-10 10:01:18,1783.15,373930
2021-06-10 10:01:19,1783.15,373930
2021-06-10 10:01:20,1783.15,373930
2021-06-10 10:01:21,1783.15,373930
2021-06-10 10:01:22,1782.9,373950
2021-06-10 10:01:23,1782.9,373950
2021-06-10 10:01:25,1782.9,373950
2021-06-10 10:01:26,1782.9,374036
2021-06-10 10:01:27,1782.9,374036
2021-06-10 10:01:28,1782.9,374036
2021-06-10 10:01:29,1783.45,374560
2021-06-10 10:01:29,1783.45,374560
2021-06-10 10:01:30,1783.45,374560
2021-06-10 10:01:31,1782.9,374626
2021-06-10 10:01:32,1782.9,374626
2021-06-10 10:01:33,1783.25,374827
2021-06-10 10:01:34,1783.25,374828
2021-06-10 10:01:35,1783.4,374938
2021-06-10 10:01:36,1783.4,374938
2021-06-10 10:01:37,1783.4,374938
2021-06-10 10:01:39,1783.25,374948
2021-06-10 10:01:39,1783.25,374948
2021-06-10 10:01:41,1783.25,374948
2021-06-10 10:01:42,1783.25,374948
2021-06-10 10:01:43,1782.9,375348
2021-06-10 10:01:44,1782.9,375348
2021-06-10 10:01:45,1782.9,375348
2021-06-10 10:01:46,1783.05,375373
2021-06-10 10:01:47,1783.0,375432
2021-06-10 10:01:48,1783.0,375432
2021-06-10 10:01:48,1783.0,375432
2021-06-10 10:01:49,1783.05,375435
2021-06-10 10:01:50,1783.0,375461
2021-06-10 10:01:51,1783.0,375463
2021-06-10 10:01:53,1782.9,375464
2021-06-10 10:01:54,1783.05,375483
2021-06-10 10:01:55,1783.05,375483
2021-06-10 10:01:56,1783.05,375483
2021-06-10 10:01:57,1783.05,375483
2021-06-10 10:01:58,1783.05,375483
2021-06-10 10:01:59,1783.05,375483
2021-06-10 10:02:00,1783.2,375488
2021-06-10 10:02:02,1782.9,375614
2021-06-10 10:02:02,1782.9,375614
2021-06-10 10:02:04,1782.0,376305
2021-06-10 10:02:05,1782.35,376770
2021-06-10 10:02:06,1782.35,376770
2021-06-10 10:02:07,1782.35,376770
2021-06-10 10:02:08,1782.35,376795
2021-06-10 10:02:09,1782.35,376795
2021-06-10 10:02:10,1782.0,377039
2021-06-10 10:02:11,1782.0,377887
2021-06-10 10:02:13,1781.5,378526
2021-06-10 10:02:14,1781.95,378668
2021-06-10 10:02:16,1781.95,378668
2021-06-10 10:02:16,1782.15,378952
2021-06-10 10:02:17,1781.0,379317
2021-06-10 10:02:18,1781.5,379410
2021-06-10 10:02:20,1781.5,379410
2021-06-10 10:02:22,1781.05,379450
2021-06-10 10:02:23,1782.15,379809
2021-06-10 10:02:24,1782.15,379809
2021-06-10 10:02:25,1781.65,380058
2021-06-10 10:02:26,1781.65,380058
2021-06-10 10:02:30,1782.4,380613
2021-06-10 10:02:31,1782.35,380713
2021-06-10 10:02:32,1782.35,380713
2021-06-10 10:02:32,1782.35,380713
2021-06-10 10:02:33,1782.35,380713
2021-06-10 10:02:35,1783.0,380764
2021-06-10 10:02:36,1783.0,380764
2021-06-10 10:02:37,1783.0,380814
2021-06-10 10:02:38,1783.0,380814
2021-06-10 10:02:39,1782.7,380851
2021-06-10 10:02:39,1782.7,380851
2021-06-10 10:02:40,1782.7,380851
2021-06-10 10:02:42,1782.7,380851
2021-06-10 10:02:43,1782.7,380851
2021-06-10 10:02:44,1782.7,380851
2021-06-10 10:02:45,1782.95,380951
2021-06-10 10:02:46,1782.95,380951
2021-06-10 10:02:47,1782.95,380951
2021-06-10 10:02:48,1782.95,380951
2021-06-10 10:02:49,1782.95,380951
2021-06-10 10:02:49,1782.95,380951
2021-06-10 10:02:51,1782.95,380951
2021-06-10 10:02:52,1782.95,380951
2021-06-10 10:02:53,1782.7,380956
2021-06-10 10:02:54,1782.7,381006
2021-06-10 10:02:55,1782.7,381006
2021-06-10 10:02:56,1782.7,381006
2021-06-10 10:02:56,1782.7,381006
2021-06-10 10:02:58,1782.7,381006
2021-06-10 10:02:59,1781.9,381548
2021-06-10 10:03:00,1781.9,381548
2021-06-10 10:03:01,1781.05,381568
2021-06-10 10:03:02,1781.7,381762
2021-06-10 10:03:02,1781.7,381762
2021-06-10 10:03:03,1781.6,382006
2021-06-10 10:03:04,1781.1,382009
2021-06-10 10:03:06,1781.1,382009
2021-06-10 10:03:07,1781.1,382130
2021-06-10 10:03:08,1781.0,382722
2021-06-10 10:03:09,1781.0,382921
2021-06-10 10:03:10,1780.0,384024
2021-06-10 10:03:11,1780.6,384067
2021-06-10 10:03:13,1781.3,384118
2021-06-10 10:03:14,1781.3,384118
2021-06-10 10:03:15,1780.0,388556
2021-06-10 10:03:16,1780.0,388556
2021-06-10 10:03:18,1779.7,388617
2021-06-10 10:03:18,1779.7,388617
2021-06-10 10:03:21,1780.8,389030
2021-06-10 10:03:23,1780.8,389223
2021-06-10 10:03:24,1780.8,389223
2021-06-10 10:03:24,1780.2,389233
2021-06-10 10:03:25,1780.7,389234
2021-06-10 10:03:26,1782.15,391263
2021-06-10 10:03:28,1780.9,392388
2021-06-10 10:03:29,1780.75,392402
2021-06-10 10:03:30,1780.75,392402
2021-06-10 10:03:31,1781.2,392407
2021-06-10 10:03:32,1781.35,392428
2021-06-10 10:03:32,1781.35,392428
2021-06-10 10:03:34,1781.35,392428
2021-06-10 10:03:35,1781.75,392435
2021-06-10 10:03:36,1781.75,392435
2021-06-10 10:03:37,1781.75,392435
2021-06-10 10:03:38,1781.9,392436
2021-06-10 10:03:39,1781.9,392442
2021-06-10 10:03:39,1781.9,392442
2021-06-10 10:03:42,1781.3,392497
2021-06-10 10:03:43,1781.3,392497
2021-06-10 10:03:44,1781.4,392512
2021-06-10 10:03:44,1781.4,392512
2021-06-10 10:03:46,1781.4,392512
2021-06-10 10:03:47,1781.4,392512
2021-06-10 10:03:48,1782.35,392805
2021-06-10 10:03:49,1782.35,392830
2021-06-10 10:03:50,1781.85,392888
2021-06-10 10:03:50,1781.85,392888
2021-06-10 10:03:52,1781.85,392888
2021-06-10 10:03:53,1782.45,393390
2021-06-10 10:03:55,1782.7,393592
2021-06-10 10:03:56,1782.75,393593
2021-06-10 10:03:56,1782.75,393593
2021-06-10 10:03:57,1782.7,393623
2021-06-10 10:03:59,1782.7,393623
2021-06-10 10:04:00,1782.7,393623
2021-06-10 10:04:02,1782.4,393665
2021-06-10 10:04:03,1782.4,393665
2021-06-10 10:04:04,1782.4,393665
2021-06-10 10:04:04,1782.4,393665
2021-06-10 10:04:06,1782.75,393693
2021-06-10 10:04:08,1782.4,393884
2021-06-10 10:04:09,1782.65,393904
2021-06-10 10:04:11,1782.65,393904
2021-06-10 10:04:12,1782.65,393904
2021-06-10 10:04:13,1782.35,394198
2021-06-10 10:04:14,1782.55,394290
2021-06-10 10:04:15,1782.55,394290
2021-06-10 10:04:16,1782.55,394290
2021-06-10 10:04:17,1782.5,394293
2021-06-10 10:04:17,1782.5,394293
2021-06-10 10:04:18,1782.5,394348
2021-06-10 10:04:20,1782.05,394370
2021-06-10 10:04:21,1782.05,394370
2021-06-10 10:04:22,1782.05,394370
2021-06-10 10:04:23,1782.05,394395
2021-06-10 10:04:26,1782.5,394396
2021-06-10 10:04:25,1782.5,394396
2021-06-10 10:04:27,1782.5,394397
2021-06-10 10:04:28,1782.5,394397
2021-06-10 10:04:29,1782.5,394397
2021-06-10 10:04:30,1782.5,394397
2021-06-10 10:04:31,1782.5,394397
2021-06-10 10:04:32,1782.5,394397
2021-06-10 10:04:33,1782.65,394447
2021-06-10 10:04:34,1782.65,394447
2021-06-10 10:04:35,1782.65,394447
2021-06-10 10:04:36,1782.65,394447
2021-06-10 10:04:37,1782.65,394447
2021-06-10 10:04:38,1782.45,394614
2021-06-10 10:04:39,1782.45,394657
2021-06-10 10:04:40,1782.45,394657
2021-06-10 10:04:41,1782.45,394657
2021-06-10 10:04:44,1782.7,394675
2021-06-10 10:04:45,1782.7,394675
2021-06-10 10:04:46,1782.7,394678
2021-06-10 10:04:47,1782.7,394678
2021-06-10 10:04:48,1782.7,394678
2021-06-10 10:04:49,1782.5,394713
2021-06-10 10:04:50,1782.5,394717
2021-06-10 10:04:51,1782.45,394721
2021-06-10 10:04:52,1782.5,394733
2021-06-10 10:04:53,1782.5,394779
2021-06-10 10:04:54,1782.5,394779
2021-06-10 10:04:55,1782.45,394794
2021-06-10 10:04:57,1782.85,394885
2021-06-10 10:04:58,1782.45,394895
2021-06-10 10:04:59,1782.6,394935
2021-06-10 10:05:01,1782.7,394960
2021-06-10 10:05:00,1782.7,394960
2021-06-10 10:05:02,1782.7,394960
2021-06-10 10:05:03,1782.85,394980
2021-06-10 10:05:04,1782.85,394980
2021-06-10 10:05:05,1782.85,394998
2021-06-10 10:05:06,1782.85,395068
2021-06-10 10:05:07,1782.85,395069
2021-06-10 10:05:08,1782.85,395069
2021-06-10 10:05:11,1782.85,395169
2021-06-10 10:05:12,1782.85,395181
2021-06-10 10:05:13,1782.85,395181
2021-06-10 10:05:14,1782.85,395181
2021-06-10 10:05:15,1782.85,395181
2021-06-10 10:05:16,1782.85,395415
2021-06-10 10:05:17,1782.9,395417
2021-06-10 10:05:18,1782.9,395417
2021-06-10 10:05:19,1782.9,395417
2021-06-10 10:05:20,1782.9,395420
2021-06-10 10:05:21,1782.9,395420
2021-06-10 10:05:22,1782.9,395548
2021-06-10 10:05:23,1782.95,395688
2021-06-10 10:05:24,1783.25,395962
2021-06-10 10:05:25,1783.35,396024
2021-06-10 10:05:26,1783.25,396026
2021-06-10 10:05:27,1783.25,396143
2021-06-10 10:05:28,1783.25,396143
2021-06-10 10:05:29,1783.25,396143
2021-06-10 10:05:30,1783.25,396143
2021-06-10 10:05:31,1783.25,396143
2021-06-10 10:05:32,1783.25,396143
2021-06-10 10:05:33,1783.25,396143
2021-06-10 10:05:34,1783.5,396148
2021-06-10 10:05:35,1783.05,396165
2021-06-10 10:05:37,1783.05,396165
2021-06-10 10:05:36,1783.05,396165
2021-06-10 10:05:38,1783.05,396165
2021-06-10 10:05:39,1783.2,396166
2021-06-10 10:05:40,1783.2,396166
2021-06-10 10:05:41,1783.2,396166
2021-06-10 10:05:42,1783.2,396166
2021-06-10 10:05:43,1783.05,396181
2021-06-10 10:05:44,1783.05,396190
2021-06-10 10:05:45,1783.4,396390
2021-06-10 10:05:46,1783.2,396626
2021-06-10 10:05:47,1783.2,396627
2021-06-10 10:05:48,1783.05,396923
2021-06-10 10:05:49,1783.05,396923
2021-06-10 10:05:50,1783.05,396923
2021-06-10 10:05:51,1782.85,397304
2021-06-10 10:05:52,1782.7,397305
2021-06-10 10:05:53,1782.7,397305
2021-06-10 10:05:54,1782.7,397305
2021-06-10 10:05:55,1781.75,397526
2021-06-10 10:05:56,1781.45,397542
2021-06-10 10:05:57,1781.45,397542
2021-06-10 10:05:58,1781.45,397542
2021-06-10 10:06:01,1781.5,397755
2021-06-10 10:06:00,1781.5,397744
2021-06-10 10:06:03,1781.55,397905
2021-06-10 10:06:04,1781.55,397905
2021-06-10 10:06:05,1781.7,398150
2021-06-10 10:06:07,1781.5,398200
2021-06-10 10:06:08,1781.5,398200
2021-06-10 10:06:09,1781.5,398200
2021-06-10 10:06:10,1781.5,398200
2021-06-10 10:06:11,1781.85,398205
2021-06-10 10:06:12,1781.2,398710
2021-06-10 10:06:13,1781.2,398710
2021-06-10 10:06:14,1781.2,398710
2021-06-10 10:06:15,1781.2,398710
2021-06-10 10:06:16,1782.05,398758
2021-06-10 10:06:17,1782.05,398758
2021-06-10 10:06:18,1782.05,398758
2021-06-10 10:06:19,1782.05,398758
2021-06-10 10:06:20,1782.05,398758
2021-06-10 10:06:22,1782.05,398758
2021-06-10 10:06:24,1782.05,398758
2021-06-10 10:06:25,1782.05,398758
2021-06-10 10:06:26,1782.05,398758
2021-06-10 10:06:28,1782.05,398758
2021-06-10 10:06:29,1781.5,398759
2021-06-10 10:06:30,1781.5,398759
2021-06-10 10:06:31,1781.5,398759
2021-06-10 10:06:32,1781.85,398760
2021-06-10 10:06:34,1781.85,398760
2021-06-10 10:06:34,1781.85,398760
2021-06-10 10:06:35,1781.55,398799
2021-06-10 10:06:36,1781.55,398799
2021-06-10 10:06:37,1781.85,398803
2021-06-10 10:06:38,1782.25,398827
2021-06-10 10:06:39,1781.85,398828
2021-06-10 10:06:40,1781.85,398828
2021-06-10 10:06:42,1782.5,398881
2021-06-10 10:06:42,1782.5,398881
2021-06-10 10:06:43,1782.5,398881
2021-06-10 10:06:45,1782.5,398881
2021-06-10 10:06:46,1782.2,398882
2021-06-10 10:06:47,1782.2,398882
2021-06-10 10:06:48,1782.7,398884
2021-06-10 10:06:49,1781.95,398909
2021-06-10 10:06:50,1781.95,398928
2021-06-10 10:06:52,1782.6,398932
2021-06-10 10:06:53,1782.6,398932
2021-06-10 10:06:53,1782.6,398932
2021-06-10 10:06:54,1782.6,398932
2021-06-10 10:06:55,1782.0,398982
2021-06-10 10:06:56,1782.0,398992
2021-06-10 10:06:57,1782.0,398992
2021-06-10 10:06:58,1782.0,398992
2021-06-10 10:06:59,1782.05,398993
2021-06-10 10:07:00,1782.05,398993
2021-06-10 10:07:02,1782.65,399003
2021-06-10 10:07:02,1782.65,399003
2021-06-10 10:07:03,1782.65,399005
2021-06-10 10:07:04,1782.0,399009
2021-06-10 10:07:05,1782.0,399009
2021-06-10 10:07:06,1782.0,399009
2021-06-10 10:07:07,1782.0,399011
2021-06-10 10:07:08,1782.65,399041
2021-06-10 10:07:09,1782.65,399041
2021-06-10 10:07:10,1782.65,399041
2021-06-10 10:07:12,1782.65,399041
2021-06-10 10:07:12,1782.65,399041
2021-06-10 10:07:13,1782.65,399041
2021-06-10 10:07:14,1782.65,399041
2021-06-10 10:07:15,1782.65,399042
2021-06-10 10:07:16,1782.65,399042
2021-06-10 10:07:17,1781.05,401442
2021-06-10 10:07:19,1781.5,401502
2021-06-10 10:07:19,1781.5,401502
2021-06-10 10:07:20,1781.45,401505
2021-06-10 10:07:21,1782.45,401625
2021-06-10 10:07:22,1782.45,401625
2021-06-10 10:07:23,1782.45,401625
2021-06-10 10:07:24,1782.3,401635
2021-06-10 10:07:25,1782.3,401635
2021-06-10 10:07:26,1782.3,401635
2021-06-10 10:07:28,1782.3,401635
2021-06-10 10:07:28,1782.3,401635
2021-06-10 10:07:29,1782.15,401636
2021-06-10 10:07:30,1781.55,401711
2021-06-10 10:07:31,1781.7,402053
2021-06-10 10:07:32,1781.7,402053
2021-06-10 10:07:34,1782.25,402059
2021-06-10 10:07:35,1782.25,402059
2021-06-10 10:07:37,1782.05,402062
2021-06-10 10:07:37,1782.05,402062
2021-06-10 10:07:38,1782.05,402063
2021-06-10 10:07:39,1782.05,402063
2021-06-10 10:07:40,1782.05,402063
2021-06-10 10:07:41,1781.55,402073
2021-06-10 10:07:43,1781.55,402128
2021-06-10 10:07:43,1781.55,402131
2021-06-10 10:07:44,1782.05,402132
2021-06-10 10:07:45,1782.05,402132
2021-06-10 10:07:46,1782.25,402332
2021-06-10 10:07:47,1782.1,402483
2021-06-10 10:07:49,1782.1,402483
2021-06-10 10:07:50,1782.1,402489
2021-06-10 10:07:51,1781.45,402514
2021-06-10 10:07:53,1781.65,402710
2021-06-10 10:07:53,1781.65,402710
2021-06-10 10:07:54,1781.65,402710
2021-06-10 10:07:55,1781.65,402710
2021-06-10 10:07:56,1781.6,402720
2021-06-10 10:07:58,1781.5,403106
2021-06-10 10:07:58,1781.5,403106
2021-06-10 10:07:59,1781.5,403106
2021-06-10 10:08:00,1781.5,403106
2021-06-10 10:08:01,1781.5,403108
2021-06-10 10:08:02,1781.45,403648
2021-06-10 10:08:03,1781.45,403653
2021-06-10 10:08:04,1781.3,403882
2021-06-10 10:08:05,1781.3,403882
2021-06-10 10:08:06,1781.4,404387
2021-06-10 10:08:07,1781.45,404546
2021-06-10 10:08:08,1781.45,404546
2021-06-10 10:08:09,1780.0,405745
2021-06-10 10:08:10,1780.0,405745
2021-06-10 10:08:11,1780.0,405745
2021-06-10 10:08:13,1780.05,405775
2021-06-10 10:08:14,1781.0,406676
2021-06-10 10:08:14,1781.0,406676
2021-06-10 10:08:15,1781.0,406676
2021-06-10 10:08:16,1781.0,406676
2021-06-10 10:08:17,1781.45,406677
2021-06-10 10:08:18,1781.4,406727
2021-06-10 10:08:19,1781.55,406772
2021-06-10 10:08:20,1781.0,406775
2021-06-10 10:08:21,1781.0,406775
2021-06-10 10:08:22,1780.75,406975
2021-06-10 10:08:23,1780.75,406975
2021-06-10 10:08:25,1780.75,406975
2021-06-10 10:08:26,1781.0,407039
2021-06-10 10:08:27,1781.0,407039
2021-06-10 10:08:28,1781.0,407039
2021-06-10 10:08:29,1780.9,407045
2021-06-10 10:08:30,1780.9,407045
2021-06-10 10:08:32,1780.9,407045
2021-06-10 10:08:33,1780.9,407045
2021-06-10 10:08:34,1780.9,407045
2021-06-10 10:08:35,1780.9,407045
2021-06-10 10:08:36,1780.9,407045
2021-06-10 10:08:38,1780.9,407045
2021-06-10 10:08:39,1781.6,407733
2021-06-10 10:08:40,1781.7,407738
2021-06-10 10:08:41,1781.7,407738
2021-06-10 10:08:42,1782.05,407753
2021-06-10 10:08:44,1781.6,407787
2021-06-10 10:08:44,1781.6,407787
2021-06-10 10:08:46,1781.6,407787
2021-06-10 10:08:47,1782.05,407803
2021-06-10 10:08:48,1781.6,407853
2021-06-10 10:08:49,1781.6,407853
2021-06-10 10:08:50,1781.6,407853
2021-06-10 10:08:50,1781.6,407853
2021-06-10 10:08:51,1782.05,407858
2021-06-10 10:08:52,1782.05,407858
2021-06-10 10:08:53,1781.85,412926
2021-06-10 10:08:54,1781.65,413055
2021-06-10 10:08:55,1781.65,413089
2021-06-10 10:08:57,1781.65,413091
2021-06-10 10:08:58,1781.65,413091
2021-06-10 10:08:59,1781.65,413091
2021-06-10 10:08:59,1781.65,413091
2021-06-10 10:09:00,1781.65,413091
2021-06-10 10:09:01,1781.65,413093
2021-06-10 10:09:03,1781.65,413093
2021-06-10 10:09:02,1781.65,413093
2021-06-10 10:09:04,1781.65,413093
2021-06-10 10:09:06,1781.65,413093
2021-06-10 10:09:07,1781.65,413093
2021-06-10 10:09:08,1781.85,413094
2021-06-10 10:09:09,1781.85,413094
2021-06-10 10:09:10,1781.65,413165
2021-06-10 10:09:11,1781.65,413165
2021-06-10 10:09:12,1781.65,413165
2021-06-10 10:09:13,1781.65,413215
2021-06-10 10:09:14,1781.65,413215
2021-06-10 10:09:16,1781.85,413220
2021-06-10 10:09:17,1781.8,414028
2021-06-10 10:09:17,1781.8,414028
2021-06-10 10:09:18,1781.75,414152
2021-06-10 10:09:19,1781.2,414153
2021-06-10 10:09:21,1781.2,414153
2021-06-10 10:09:22,1781.2,414153
2021-06-10 10:09:23,1781.45,414155
2021-06-10 10:09:24,1781.45,414155
2021-06-10 10:09:25,1781.5,414414
2021-06-10 10:09:25,1781.5,414414
2021-06-10 10:09:26,1781.2,414416
2021-06-10 10:09:27,1781.2,414536
2021-06-10 10:09:28,1781.55,414777
2021-06-10 10:09:29,1782.15,415784
2021-06-10 10:09:30,1782.15,415784
2021-06-10 10:09:31,1782.15,415784
2021-06-10 10:09:32,1782.15,415784
2021-06-10 10:09:34,1781.25,415785
2021-06-10 10:09:35,1781.25,415785
2021-06-10 10:09:36,1781.25,415785
2021-06-10 10:09:36,1781.6,415787
2021-06-10 10:09:37,1781.95,415873
2021-06-10 10:09:38,1781.95,415873
2021-06-10 10:09:39,1781.95,415873
2021-06-10 10:09:41,1781.95,415873
2021-06-10 10:09:42,1781.95,415873
2021-06-10 10:09:43,1781.95,415928
2021-06-10 10:09:44,1781.95,415928
2021-06-10 10:09:45,1781.95,415963
2021-06-10 10:09:46,1781.95,415963
2021-06-10 10:09:46,1781.95,415963
2021-06-10 10:09:47,1781.95,415963
2021-06-10 10:09:48,1781.95,415963
2021-06-10 10:09:49,1781.95,415963
2021-06-10 10:09:50,1781.8,416363
2021-06-10 10:09:51,1781.55,416368
2021-06-10 10:09:52,1781.55,416380
2021-06-10 10:09:53,1781.8,416381
2021-06-10 10:09:54,1781.8,416381
2021-06-10 10:09:55,1781.8,416381
2021-06-10 10:09:57,1781.95,416432
2021-06-10 10:09:58,1781.95,416432
2021-06-10 10:09:59,1781.95,416483
2021-06-10 10:10:02,1781.95,416584
2021-06-10 10:10:03,1781.95,416584
2021-06-10 10:10:03,1781.95,416584
2021-06-10 10:10:05,1781.95,416923
2021-06-10 10:10:06,1781.95,416923
2021-06-10 10:10:07,1781.7,416953
2021-06-10 10:10:08,1782.0,417003
2021-06-10 10:10:09,1782.0,417003
2021-06-10 10:10:10,1782.0,417003
2021-06-10 10:10:11,1782.0,417003
2021-06-10 10:10:12,1781.65,417008
2021-06-10 10:10:13,1781.65,417008
2021-06-10 10:10:14,1782.0,417018
2021-06-10 10:10:15,1782.0,417018
2021-06-10 10:10:15,1782.0,417023
2021-06-10 10:10:16,1781.95,417025
2021-06-10 10:10:18,1781.95,417025
2021-06-10 10:10:19,1781.95,417025
2021-06-10 10:10:20,1781.95,417076
2021-06-10 10:10:21,1781.95,417129
2021-06-10 10:10:21,1781.95,417129
2021-06-10 10:10:22,1781.95,417229
2021-06-10 10:10:23,1782.0,417380
2021-06-10 10:10:24,1782.0,417431
2021-06-10 10:10:25,1782.0,417431
2021-06-10 10:10:27,1782.05,417582
2021-06-10 10:10:28,1782.05,417582
2021-06-10 10:10:29,1782.05,417582
2021-06-10 10:10:30,1782.05,417582
2021-06-10 10:10:31,1781.7,417589
2021-06-10 10:10:32,1781.7,417589
2021-06-10 10:10:32,1781.7,417589
2021-06-10 10:10:33,1781.7,417589
2021-06-10 10:10:36,1781.7,417993
2021-06-10 10:10:37,1781.7,418513
2021-06-10 10:10:37,1781.7,417993
2021-06-10 10:10:38,1781.65,418837
2021-06-10 10:10:39,1781.55,419033
2021-06-10 10:10:41,1781.3,419091
2021-06-10 10:10:41,1781.3,419151
2021-06-10 10:10:42,1781.5,419485
2021-06-10 10:10:43,1781.5,419485
2021-06-10 10:10:45,1781.55,419635
2021-06-10 10:10:46,1781.55,419635
2021-06-10 10:10:47,1781.55,419635
2021-06-10 10:10:48,1781.85,419686
2021-06-10 10:10:49,1781.85,419737
2021-06-10 10:10:49,1781.85,419737
2021-06-10 10:10:50,1781.8,419837
2021-06-10 10:10:51,1781.8,419837
2021-06-10 10:10:52,1781.8,419837
2021-06-10 10:10:53,1782.0,419838
2021-06-10 10:10:54,1782.0,419838
2021-06-10 10:10:55,1782.0,419839
2021-06-10 10:10:56,1782.0,419839
2021-06-10 10:10:57,1781.8,419849
2021-06-10 10:10:58,1782.0,419889
2021-06-10 10:11:00,1781.8,419940
2021-06-10 10:11:01,1781.8,419940
2021-06-10 10:11:02,1782.0,419942
2021-06-10 10:11:03,1782.0,419942
2021-06-10 10:11:04,1782.0,419942
2021-06-10 10:11:05,1782.0,419942
2021-06-10 10:11:06,1782.0,420042
2021-06-10 10:11:07,1782.0,420051
2021-06-10 10:11:08,1782.0,420051
2021-06-10 10:11:09,1782.0,420051
2021-06-10 10:11:10,1782.0,420056
2021-06-10 10:11:11,1782.0,420056
2021-06-10 10:11:12,1782.0,420102
2021-06-10 10:11:14,1782.4,420104
2021-06-10 10:11:14,1782.4,420104
2021-06-10 10:11:15,1782.9,420421
2021-06-10 10:11:17,1782.9,420421
2021-06-10 10:11:18,1781.95,420551
2021-06-10 10:11:18,1781.95,420551
2021-06-10 10:11:19,1782.0,420561
2021-06-10 10:11:20,1782.0,420563
2021-06-10 10:11:21,1782.0,420588
2021-06-10 10:11:22,1782.0,420588
2021-06-10 10:11:24,1782.0,420588
2021-06-10 10:11:25,1782.0,420598
2021-06-10 10:11:26,1782.0,420598
2021-06-10 10:11:27,1782.0,420598
2021-06-10 10:11:28,1782.0,420598
2021-06-10 10:11:29,1782.5,420608
2021-06-10 10:11:31,1782.5,420608
2021-06-10 10:11:32,1782.5,420608
2021-06-10 10:11:33,1782.6,420813
2021-06-10 10:11:34,1782.6,420813
2021-06-10 10:11:35,1782.6,420813
2021-06-10 10:11:36,1782.6,420817
2021-06-10 10:11:37,1782.5,420839
2021-06-10 10:11:38,1782.3,420899
2021-06-10 10:11:39,1782.3,420899
2021-06-10 10:11:40,1782.3,420899
2021-06-10 10:11:41,1782.3,420901
2021-06-10 10:11:42,1782.3,420901
2021-06-10 10:11:43,1782.3,420901
2021-06-10 10:11:44,1782.0,420916
2021-06-10 10:11:45,1781.8,421354
2021-06-10 10:11:46,1781.7,421359
2021-06-10 10:11:47,1781.6,421478
2021-06-10 10:11:48,1781.45,421480
2021-06-10 10:11:50,1781.45,421480
2021-06-10 10:11:52,1781.45,421480
2021-06-10 10:11:53,1781.5,421517
2021-06-10 10:11:54,1781.5,421517
2021-06-10 10:11:55,1781.5,421517
2021-06-10 10:11:56,1781.5,421517
2021-06-10 10:11:57,1781.5,421517
2021-06-10 10:11:58,1781.45,421797
2021-06-10 10:12:00,1781.4,421827
2021-06-10 10:12:01,1781.4,421827
2021-06-10 10:12:02,1781.4,421827
2021-06-10 10:12:03,1781.4,421827
2021-06-10 10:12:03,1781.4,421827
