timestamp,ltp,volume
2021-06-10 09:16:13,1524.65,32177
2021-06-10 09:16:14,1524.0,32237
2021-06-10 09:16:15,1524.7,32317
2021-06-10 09:16:16,1524.7,33114
2021-06-10 09:16:18,1524.8,33169
2021-06-10 09:16:19,1524.8,33169
2021-06-10 09:16:20,1524.35,33170
2021-06-10 09:16:21,1524.35,33455
2021-06-10 09:16:22,1524.0,33988
2021-06-10 09:16:23,1523.55,34050
2021-06-10 09:16:24,1523.95,34343
2021-06-10 09:16:25,1523.55,34844
2021-06-10 09:16:26,1523.55,34997
2021-06-10 09:16:27,1523.55,35161
2021-06-10 09:16:28,1523.55,35343
2021-06-10 09:16:28,1523.55,35343
2021-06-10 09:16:29,1523.05,35509
2021-06-10 09:16:30,1523.0,36713
2021-06-10 09:16:31,1523.05,36894
2021-06-10 09:16:32,1523.05,36914
2021-06-10 09:16:33,1522.0,39444
2021-06-10 09:16:34,1522.6,40658
2021-06-10 09:16:35,1521.55,40688
2021-06-10 09:16:36,1522.35,40698
2021-06-10 09:16:37,1522.35,40698
2021-06-10 09:16:38,1522.0,40953
2021-06-10 09:16:39,1523.95,42677
2021-06-10 09:16:40,1523.0,43680
2021-06-10 09:16:41,1522.3,43691
2021-06-10 09:16:42,1522.45,43724
2021-06-10 09:16:43,1522.0,44418
2021-06-10 09:16:44,1522.8,44424
2021-06-10 09:16:46,1522.7,44455
2021-06-10 09:16:47,1522.7,44477
2021-06-10 09:16:48,1522.8,44575
2021-06-10 09:16:49,1522.8,44839
2021-06-10 09:16:50,1522.7,44916
2021-06-10 09:16:51,1522.7,44916
2021-06-10 09:16:52,1522.7,44958
2021-06-10 09:16:53,1522.7,45008
2021-06-10 09:16:54,1522.7,45038
2021-06-10 09:16:55,1522.95,45377
2021-06-10 09:16:56,1522.25,45405
2021-06-10 09:16:57,1522.35,45631
2021-06-10 09:16:58,1522.85,45661
2021-06-10 09:17:00,1522.75,47677
2021-06-10 09:17:01,1523.0,47839
2021-06-10 09:17:03,1523.25,47971
2021-06-10 09:17:05,1523.05,48039
2021-06-10 09:17:08,1522.25,49491
2021-06-10 09:17:09,1522.0,49723
2021-06-10 09:17:10,1522.0,50355
2021-06-10 09:17:11,1522.35,51436
2021-06-10 09:17:12,1522.1,51558
2021-06-10 09:17:13,1523.25,51608
2021-06-10 09:17:14,1523.1,51624
2021-06-10 09:17:16,1523.05,51916
2021-06-10 09:17:17,1523.05,51921
2021-06-10 09:17:18,1523.1,51954
2021-06-10 09:17:19,1523.1,51954
2021-06-10 09:17:20,1523.1,51954
2021-06-10 09:17:21,1523.65,52055
2021-06-10 09:17:22,1523.7,52059
2021-06-10 09:17:23,1523.7,52059
2021-06-10 09:17:24,1523.5,52146
2021-06-10 09:17:25,1523.5,52493
2021-06-10 09:17:26,1523.6,52498
2021-06-10 09:17:27,1523.7,52673
2021-06-10 09:17:28,1523.55,52894
2021-06-10 09:17:29,1523.5,52899
2021-06-10 09:17:30,1523.95,53120
2021-06-10 09:17:31,1523.9,53122
2021-06-10 09:17:32,1523.7,53227
2021-06-10 09:17:33,1523.7,53231
2021-06-10 09:17:34,1523.9,53234
2021-06-10 09:17:35,1523.7,53742
2021-06-10 09:17:36,1523.55,53784
2021-06-10 09:17:37,1524.0,53914
2021-06-10 09:17:38,1523.8,54014
2021-06-10 09:17:39,1523.8,54314
2021-06-10 09:17:40,1523.8,54314
2021-06-10 09:17:41,1523.75,54334
2021-06-10 09:17:42,1523.95,54405
2021-06-10 09:17:43,1523.75,54458
2021-06-10 09:17:44,1523.7,54716
2021-06-10 09:17:45,1523.7,54716
2021-06-10 09:17:46,1523.75,54910
2021-06-10 09:17:47,1523.75,54936
2021-06-10 09:17:48,1523.75,54936
2021-06-10 09:17:49,1523.4,55119
2021-06-10 09:17:49,1523.4,55119
2021-06-10 09:17:50,1524.15,55219
2021-06-10 09:17:53,1523.75,55420
2021-06-10 09:17:55,1524.45,55735
2021-06-10 09:17:56,1523.75,56071
2021-06-10 09:17:58,1523.4,56814
2021-06-10 09:17:59,1523.9,56924
2021-06-10 09:18:00,1524.0,57524
2021-06-10 09:18:01,1524.0,57771
2021-06-10 09:18:02,1524.15,57782
2021-06-10 09:18:03,1524.0,57784
2021-06-10 09:18:04,1524.0,57784
2021-06-10 09:18:05,1524.0,57784
2021-06-10 09:18:06,1524.0,57893
2021-06-10 09:18:08,1523.9,58537
2021-06-10 09:18:09,1523.9,58600
2021-06-10 09:18:11,1524.25,59084
2021-06-10 09:18:12,1523.85,59104
2021-06-10 09:18:13,1523.65,59184
2021-06-10 09:18:14,1524.3,60418
2021-06-10 09:18:15,1524.3,60418
2021-06-10 09:18:16,1524.6,60423
2021-06-10 09:18:17,1524.6,60439
2021-06-10 09:18:18,1524.3,60740
2021-06-10 09:18:19,1524.3,60781
2021-06-10 09:18:20,1524.7,60838
2021-06-10 09:18:21,1524.3,60880
2021-06-10 09:18:23,1524.3,61156
2021-06-10 09:18:24,1524.05,61229
2021-06-10 09:18:26,1524.3,61383
2021-06-10 09:18:27,1524.3,61482
2021-06-10 09:18:28,1524.3,61523
2021-06-10 09:18:29,1524.45,61570
2021-06-10 09:18:30,1524.45,61570
2021-06-10 09:18:31,1523.8,62358
2021-06-10 09:18:32,1524.05,62568
2021-06-10 09:18:33,1524.05,62568
2021-06-10 09:18:34,1524.1,62608
2021-06-10 09:18:35,1523.8,62647
2021-06-10 09:18:36,1524.1,62654
2021-06-10 09:18:37,1523.8,62778
2021-06-10 09:18:38,1523.8,63348
2021-06-10 09:18:39,1523.4,63806
2021-06-10 09:18:40,1523.4,63808
2021-06-10 09:18:41,1523.45,63854
2021-06-10 09:18:42,1523.95,63959
2021-06-10 09:18:43,1523.25,64019
2021-06-10 09:18:44,1524.25,64329
2021-06-10 09:18:45,1524.25,64364
2021-06-10 09:18:46,1524.0,64397
2021-06-10 09:18:47,1524.25,64418
2021-06-10 09:18:48,1524.25,64418
2021-06-10 09:18:49,1524.25,64482
2021-06-10 09:18:50,1524.85,65029
2021-06-10 09:18:51,1523.8,66576
2021-06-10 09:18:53,1524.95,66733
2021-06-10 09:18:54,1524.3,66734
2021-06-10 09:18:55,1524.3,66734
2021-06-10 09:18:56,1524.5,66854
2021-06-10 09:18:58,1524.35,66906
2021-06-10 09:19:00,1524.85,67328
2021-06-10 09:19:01,1524.85,67330
2021-06-10 09:19:02,1524.85,67430
2021-06-10 09:19:04,1524.85,67550
2021-06-10 09:19:05,1525.0,67560
2021-06-10 09:19:06,1525.0,67562
2021-06-10 09:19:06,1525.0,67562
2021-06-10 09:19:08,1524.95,67586
2021-06-10 09:19:09,1524.9,67587
2021-06-10 09:19:09,1524.9,67587
2021-06-10 09:19:10,1524.95,67637
2021-06-10 09:19:14,1526.0,68173
2021-06-10 09:19:15,1526.0,68174
2021-06-10 09:19:16,1526.0,68179
2021-06-10 09:19:17,1526.0,68246
2021-06-10 09:19:18,1526.2,68433
2021-06-10 09:19:21,1525.75,68754
2021-06-10 09:19:22,1525.75,68936
2021-06-10 09:19:23,1525.75,68999
2021-06-10 09:19:24,1526.25,69133
2021-06-10 09:19:25,1526.55,69654
2021-06-10 09:19:26,1526.2,69694
2021-06-10 09:19:27,1526.2,69819
2021-06-10 09:19:28,1525.95,69913
2021-06-10 09:19:29,1525.75,70239
2021-06-10 09:19:30,1526.4,70419
2021-06-10 09:19:31,1525.2,71294
2021-06-10 09:19:32,1525.0,71745
2021-06-10 09:19:33,1525.4,71875
2021-06-10 09:19:36,1525.1,72318
2021-06-10 09:19:37,1525.05,72418
2021-06-10 09:19:38,1525.1,72678
2021-06-10 09:19:39,1525.1,72696
2021-06-10 09:19:40,1525.1,72701
2021-06-10 09:19:42,1525.0,72818
2021-06-10 09:19:44,1525.0,73647
2021-06-10 09:19:45,1524.5,73747
2021-06-10 09:19:46,1525.0,73750
2021-06-10 09:19:47,1525.25,73959
2021-06-10 09:19:48,1524.6,73968
2021-06-10 09:19:49,1525.0,74068
2021-06-10 09:19:50,1525.0,74068
2021-06-10 09:19:51,1525.55,74269
2021-06-10 09:19:52,1525.3,74274
2021-06-10 09:19:53,1525.3,74336
2021-06-10 09:19:54,1525.0,74342
2021-06-10 09:19:54,1525.0,74342
2021-06-10 09:19:56,1525.0,74459
2021-06-10 09:19:57,1525.0,75114
2021-06-10 09:19:58,1525.55,75119
2021-06-10 09:19:59,1525.65,75146
2021-06-10 09:20:00,1525.05,75240
2021-06-10 09:20:01,1525.05,75292
2021-06-10 09:20:02,1525.45,75308
2021-06-10 09:20:03,1525.05,75320
2021-06-10 09:20:04,1525.05,75320
2021-06-10 09:20:05,1525.45,75321
2021-06-10 09:20:06,1525.05,75342
2021-06-10 09:20:07,1525.05,75492
2021-06-10 09:20:08,1525.25,75516
2021-06-10 09:20:09,1525.25,75516
2021-06-10 09:20:10,1525.05,75661
2021-06-10 09:20:11,1524.15,76562
2021-06-10 09:20:12,1524.8,76967
2021-06-10 09:20:13,1524.2,77057
2021-06-10 09:20:14,1524.2,77073
2021-06-10 09:20:15,1524.75,77083
2021-06-10 09:20:16,1524.3,77104
2021-06-10 09:20:17,1524.3,77196
2021-06-10 09:20:18,1524.65,77227
2021-06-10 09:20:19,1524.75,77337
2021-06-10 09:20:20,1524.75,77397
2021-06-10 09:20:21,1524.55,77407
2021-06-10 09:20:22,1524.2,78113
2021-06-10 09:20:23,1524.2,78227
2021-06-10 09:20:24,1524.3,78248
2021-06-10 09:20:25,1524.4,78398
2021-06-10 09:20:26,1524.15,78448
2021-06-10 09:20:27,1524.2,78449
2021-06-10 09:20:28,1524.3,78749
2021-06-10 09:20:29,1524.3,78749
2021-06-10 09:20:30,1524.75,78761
2021-06-10 09:20:31,1524.7,79099
2021-06-10 09:20:32,1524.3,79273
2021-06-10 09:20:33,1524.7,79300
2021-06-10 09:20:34,1524.7,79305
2021-06-10 09:20:35,1524.7,79305
2021-06-10 09:20:36,1524.7,79305
2021-06-10 09:20:36,1524.7,79305
2021-06-10 09:20:37,1524.3,79530
2021-06-10 09:20:40,1524.7,79844
2021-06-10 09:20:41,1524.65,80265
2021-06-10 09:20:42,1524.15,80335
2021-06-10 09:20:44,1524.5,80381
2021-06-10 09:20:46,1524.15,80750
2021-06-10 09:20:47,1524.45,80751
2021-06-10 09:20:49,1524.15,80809
2021-06-10 09:20:50,1524.5,81129
2021-06-10 09:20:51,1524.5,81188
2021-06-10 09:20:52,1524.5,81188
2021-06-10 09:20:53,1524.5,81188
2021-06-10 09:20:54,1524.3,81230
2021-06-10 09:20:54,1524.3,81240
2021-06-10 09:20:55,1524.3,81300
2021-06-10 09:20:56,1524.3,81300
2021-06-10 09:20:57,1524.4,81330
2021-06-10 09:20:58,1524.25,81862
2021-06-10 09:21:00,1524.05,82416
2021-06-10 09:21:01,1524.2,82478
2021-06-10 09:21:02,1524.2,82478
2021-06-10 09:21:03,1524.4,82498
2021-06-10 09:21:04,1524.55,82734
2021-06-10 09:21:06,1524.2,82768
2021-06-10 09:21:06,1524.2,82768
2021-06-10 09:21:08,1524.7,82794
2021-06-10 09:21:09,1524.9,83274
2021-06-10 09:21:10,1524.85,83340
2021-06-10 09:21:11,1524.45,83353
2021-06-10 09:21:12,1524.4,83655
2021-06-10 09:21:14,1524.4,83694
2021-06-10 09:21:15,1524.4,83694
2021-06-10 09:21:16,1524.4,83694
2021-06-10 09:21:17,1524.3,83699
2021-06-10 09:21:18,1524.35,83835
2021-06-10 09:21:19,1524.3,83839
2021-06-10 09:21:20,1524.3,84188
2021-06-10 09:21:21,1524.4,84208
2021-06-10 09:21:22,1524.3,84343
2021-06-10 09:21:23,1524.3,84452
2021-06-10 09:21:24,1524.3,84497
2021-06-10 09:21:25,1524.3,84598
2021-06-10 09:21:26,1524.3,84608
2021-06-10 09:21:27,1524.45,84613
2021-06-10 09:21:28,1524.3,84633
2021-06-10 09:21:29,1524.3,84834
2021-06-10 09:21:30,1524.3,84857
2021-06-10 09:21:31,1524.45,85082
2021-06-10 09:21:32,1524.45,85314
2021-06-10 09:21:33,1524.3,85387
2021-06-10 09:21:34,1524.45,85389
2021-06-10 09:21:35,1524.45,85399
2021-06-10 09:21:35,1524.4,85428
2021-06-10 09:21:37,1524.4,85428
2021-06-10 09:21:38,1524.4,85428
2021-06-10 09:21:39,1524.4,85437
2021-06-10 09:21:40,1524.4,85437
2021-06-10 09:21:41,1524.3,85837
2021-06-10 09:21:42,1524.3,85860
2021-06-10 09:21:43,1524.45,85871
2021-06-10 09:21:44,1524.45,85896
2021-06-10 09:21:45,1524.3,86097
2021-06-10 09:21:46,1524.3,86172
2021-06-10 09:21:47,1524.3,86203
2021-06-10 09:21:48,1524.5,86264
2021-06-10 09:21:50,1524.35,86380
2021-06-10 09:21:51,1524.35,86497
2021-06-10 09:21:52,1524.35,86508
2021-06-10 09:21:53,1524.35,87963
2021-06-10 09:21:54,1524.0,88107
2021-06-10 09:21:55,1524.1,88121
2021-06-10 09:21:56,1524.35,88148
2021-06-10 09:21:57,1524.0,88787
2021-06-10 09:21:58,1523.85,89201
2021-06-10 09:21:59,1522.4,91634
2021-06-10 09:22:00,1522.45,92281
2021-06-10 09:22:01,1522.0,92369
2021-06-10 09:22:02,1522.0,92425
2021-06-10 09:22:03,1522.0,92432
2021-06-10 09:22:04,1522.0,92999
2021-06-10 09:22:05,1521.35,93585
2021-06-10 09:22:06,1522.0,93742
2021-06-10 09:22:07,1521.3,93780
2021-06-10 09:22:08,1521.3,93787
2021-06-10 09:22:09,1521.3,93987
2021-06-10 09:22:10,1521.8,94116
2021-06-10 09:22:11,1522.0,94166
2021-06-10 09:22:12,1521.75,94171
2021-06-10 09:22:13,1521.75,94172
2021-06-10 09:22:14,1521.3,94189
2021-06-10 09:22:15,1521.3,94374
2021-06-10 09:22:16,1521.3,94374
2021-06-10 09:22:17,1521.45,94416
2021-06-10 09:22:18,1520.85,95725
2021-06-10 09:22:20,1520.95,96147
2021-06-10 09:22:21,1520.85,96282
2021-06-10 09:22:22,1521.0,96834
2021-06-10 09:22:23,1521.0,96834
2021-06-10 09:22:24,1521.0,96845
2021-06-10 09:22:25,1520.95,96846
2021-06-10 09:22:26,1521.0,97858
2021-06-10 09:22:27,1520.6,97958
2021-06-10 09:22:28,1520.95,98033
2021-06-10 09:22:29,1521.0,98082
2021-06-10 09:22:30,1521.0,98258
2021-06-10 09:22:31,1521.0,98489
2021-06-10 09:22:32,1521.0,98489
2021-06-10 09:22:33,1521.0,98873
2021-06-10 09:22:34,1521.0,98931
2021-06-10 09:22:35,1521.0,99051
2021-06-10 09:22:36,1520.95,99061
2021-06-10 09:22:37,1521.0,99101
2021-06-10 09:22:38,1521.0,99131
2021-06-10 09:22:39,1520.95,99148
2021-06-10 09:22:40,1520.95,99170
2021-06-10 09:22:41,1520.6,99184
2021-06-10 09:22:42,1520.95,99194
2021-06-10 09:22:43,1520.95,99395
2021-06-10 09:22:44,1520.9,99638
2021-06-10 09:22:46,1520.9,99753
2021-06-10 09:22:47,1520.9,99766
2021-06-10 09:22:48,1520.85,100159
2021-06-10 09:22:49,1520.6,100294
2021-06-10 09:22:50,1520.6,100324
2021-06-10 09:22:52,1520.9,100424
2021-06-10 09:22:51,1520.9,100424
2021-06-10 09:22:53,1520.55,101039
2021-06-10 09:22:55,1520.65,101245
2021-06-10 09:22:56,1520.15,101961
2021-06-10 09:22:57,1520.15,101961
2021-06-10 09:22:58,1520.2,102061
2021-06-10 09:22:59,1520.6,102081
2021-06-10 09:23:00,1520.15,102198
2021-06-10 09:23:01,1520.15,102198
2021-06-10 09:23:02,1520.15,102927
2021-06-10 09:23:03,1520.6,102982
2021-06-10 09:23:04,1520.6,103008
2021-06-10 09:23:05,1520.6,103009
2021-06-10 09:23:07,1520.6,103147
2021-06-10 09:23:08,1520.6,103202
2021-06-10 09:23:09,1520.85,103252
2021-06-10 09:23:10,1520.85,103272
2021-06-10 09:23:11,1520.95,103281
2021-06-10 09:23:12,1520.95,103291
2021-06-10 09:23:13,1520.6,103311
2021-06-10 09:23:14,1520.6,103311
2021-06-10 09:23:15,1520.95,103411
2021-06-10 09:23:16,1520.2,105131
2021-06-10 09:23:17,1520.95,105326
2021-06-10 09:23:18,1521.25,108864
2021-06-10 09:23:20,1521.75,109055
2021-06-10 09:23:21,1521.6,109064
2021-06-10 09:23:22,1521.3,109070
2021-06-10 09:23:23,1521.0,109107
2021-06-10 09:23:24,1521.0,109107
2021-06-10 09:23:25,1521.85,109117
2021-06-10 09:23:26,1521.25,109159
2021-06-10 09:23:27,1521.3,109168
2021-06-10 09:23:28,1521.85,109273
2021-06-10 09:23:29,1521.95,109277
2021-06-10 09:23:30,1522.0,109320
2021-06-10 09:23:31,1522.0,109320
2021-06-10 09:23:32,1522.0,109340
2021-06-10 09:23:33,1522.0,109340
2021-06-10 09:23:34,1522.0,109366
2021-06-10 09:23:35,1521.9,109371
2021-06-10 09:23:36,1522.0,109391
2021-06-10 09:23:37,1522.0,109391
2021-06-10 09:23:38,1522.0,109441
2021-06-10 09:23:39,1521.9,109445
2021-06-10 09:23:40,1521.95,110083
2021-06-10 09:23:41,1522.0,110362
2021-06-10 09:23:42,1521.9,110364
2021-06-10 09:23:43,1522.0,110375
2021-06-10 09:23:44,1522.0,110425
2021-06-10 09:23:45,1521.9,110494
2021-06-10 09:23:46,1522.0,110634
2021-06-10 09:23:47,1522.0,110646
2021-06-10 09:23:48,1522.0,110796
2021-06-10 09:23:50,1522.6,110925
2021-06-10 09:23:51,1522.6,110925
2021-06-10 09:23:52,1522.1,111251
2021-06-10 09:23:53,1522.1,111256
2021-06-10 09:23:54,1522.1,111256
2021-06-10 09:23:54,1522.1,111256
2021-06-10 09:23:55,1522.15,111266
2021-06-10 09:23:56,1522.15,111282
2021-06-10 09:23:57,1522.1,111314
2021-06-10 09:23:58,1522.15,111317
2021-06-10 09:24:01,1522.2,111361
2021-06-10 09:24:02,1522.15,111461
2021-06-10 09:24:03,1522.15,111463
2021-06-10 09:24:03,1522.15,111463
2021-06-10 09:24:05,1522.2,111465
2021-06-10 09:24:06,1522.2,111465
2021-06-10 09:24:07,1522.15,112070
2021-06-10 09:24:08,1522.1,112782
2021-06-10 09:24:10,1522.1,112800
2021-06-10 09:24:10,1522.1,112800
2021-06-10 09:24:13,1522.1,113040
2021-06-10 09:24:14,1522.15,113047
2021-06-10 09:24:14,1522.0,113835
2021-06-10 09:24:15,1522.05,114151
2021-06-10 09:24:16,1522.0,114152
2021-06-10 09:24:17,1522.0,114202
2021-06-10 09:24:18,1522.0,114207
2021-06-10 09:24:19,1522.2,114388
2021-06-10 09:24:21,1522.25,114433
2021-06-10 09:24:21,1522.25,114433
2021-06-10 09:24:22,1522.0,114443
2021-06-10 09:24:23,1522.25,114548
2021-06-10 09:24:24,1522.25,114586
2021-06-10 09:24:25,1522.25,114587
2021-06-10 09:24:27,1522.15,114589
2021-06-10 09:24:28,1522.15,114707
2021-06-10 09:24:29,1522.15,114708
2021-06-10 09:24:29,1522.15,114708
2021-06-10 09:24:30,1522.15,114746
2021-06-10 09:24:31,1522.1,115105
2021-06-10 09:24:32,1522.1,115209
2021-06-10 09:24:33,1522.0,115371
2021-06-10 09:24:34,1522.1,115382
2021-06-10 09:24:35,1522.15,115412
2021-06-10 09:24:36,1522.05,115459
2021-06-10 09:24:37,1522.05,115484
2021-06-10 09:24:38,1522.0,115497
2021-06-10 09:24:39,1522.0,115717
2021-06-10 09:24:40,1522.2,115727
2021-06-10 09:24:41,1522.25,115733
2021-06-10 09:24:42,1522.25,115734
2021-06-10 09:24:43,1522.15,115735
2021-06-10 09:24:44,1522.15,115738
2021-06-10 09:24:45,1522.1,115827
2021-06-10 09:24:46,1522.15,115867
2021-06-10 09:24:47,1522.0,116513
2021-06-10 09:24:48,1522.3,116517
2021-06-10 09:24:49,1522.3,116517
2021-06-10 09:24:50,1522.25,116523
2021-06-10 09:24:51,1522.2,116524
2021-06-10 09:24:52,1522.2,116692
2021-06-10 09:24:53,1522.25,116696
2021-06-10 09:24:55,1522.25,116697
2021-06-10 09:24:55,1522.25,116697
2021-06-10 09:24:56,1522.25,116729
2021-06-10 09:24:57,1522.25,116733
2021-06-10 09:24:58,1522.25,116993
2021-06-10 09:24:59,1522.25,117400
2021-06-10 09:25:01,1522.2,117405
2021-06-10 09:25:02,1522.2,117405
2021-06-10 09:25:02,1522.2,117962
2021-06-10 09:25:03,1522.15,117964
2021-06-10 09:25:06,1522.2,118037
2021-06-10 09:25:06,1522.25,118042
2021-06-10 09:25:07,1522.2,118060
2021-06-10 09:25:08,1522.2,118060
2021-06-10 09:25:09,1522.25,118134
2021-06-10 09:25:10,1522.25,118150
2021-06-10 09:25:11,1522.25,118327
2021-06-10 09:25:12,1522.3,118328
2021-06-10 09:25:13,1522.35,118492
2021-06-10 09:25:14,1522.25,118499
2021-06-10 09:25:15,1522.25,118537
2021-06-10 09:25:16,1521.95,118955
2021-06-10 09:25:17,1521.8,119031
2021-06-10 09:25:18,1521.75,119444
2021-06-10 09:25:19,1521.25,119822
2021-06-10 09:25:20,1521.55,119854
2021-06-10 09:25:21,1521.55,119854
2021-06-10 09:25:22,1521.5,119859
2021-06-10 09:25:23,1521.25,119940
2021-06-10 09:25:24,1521.5,120034
2021-06-10 09:25:25,1521.6,120110
2021-06-10 09:25:26,1521.6,120126
2021-06-10 09:25:27,1521.25,120282
2021-06-10 09:25:28,1521.3,120615
2021-06-10 09:25:29,1521.3,120618
2021-06-10 09:25:30,1520.85,121575
2021-06-10 09:25:31,1521.3,121576
2021-06-10 09:25:32,1521.25,121629
2021-06-10 09:25:34,1521.25,121632
2021-06-10 09:25:35,1521.4,121859
2021-06-10 09:25:36,1521.2,121921
2021-06-10 09:25:36,1520.95,121911
2021-06-10 09:25:38,1521.2,121979
2021-06-10 09:25:38,1521.2,121979
2021-06-10 09:25:40,1521.25,122161
2021-06-10 09:25:40,1521.25,122151
2021-06-10 09:25:41,1521.4,122216
2021-06-10 09:25:42,1521.4,122216
2021-06-10 09:25:44,1521.15,122230
2021-06-10 09:25:46,1521.25,122238
2021-06-10 09:25:47,1521.25,122240
2021-06-10 09:25:48,1521.25,122240
2021-06-10 09:25:48,1521.25,122240
2021-06-10 09:25:49,1521.25,122244
2021-06-10 09:25:50,1521.25,122244
2021-06-10 09:25:51,1521.25,122244
2021-06-10 09:25:52,1521.4,122269
2021-06-10 09:25:53,1521.2,122280
2021-06-10 09:25:55,1521.4,122284
2021-06-10 09:25:55,1521.4,122284
2021-06-10 09:25:56,1521.3,122299
2021-06-10 09:25:57,1521.3,122299
2021-06-10 09:25:58,1521.3,122301
2021-06-10 09:25:59,1521.3,122304
2021-06-10 09:26:00,1521.3,122362
2021-06-10 09:26:01,1521.6,122882
2021-06-10 09:26:02,1521.9,122907
2021-06-10 09:26:03,1521.9,122912
2021-06-10 09:26:04,1521.9,122912
2021-06-10 09:26:05,1521.9,122912
2021-06-10 09:26:07,1521.9,122912
2021-06-10 09:26:08,1521.5,123189
2021-06-10 09:26:09,1521.5,123235
2021-06-10 09:26:10,1521.5,123286
2021-06-10 09:26:13,1521.9,123409
2021-06-10 09:26:14,1521.9,123409
2021-06-10 09:26:15,1521.85,123559
2021-06-10 09:26:16,1521.65,123584
2021-06-10 09:26:17,1521.85,123634
2021-06-10 09:26:18,1521.85,123857
2021-06-10 09:26:19,1521.85,123858
2021-06-10 09:26:20,1521.85,123858
2021-06-10 09:26:21,1521.85,123858
2021-06-10 09:26:23,1521.65,124068
2021-06-10 09:26:24,1521.8,124089
2021-06-10 09:26:25,1521.8,124189
2021-06-10 09:26:26,1521.8,124360
2021-06-10 09:26:27,1521.5,125359
2021-06-10 09:26:28,1521.5,125377
2021-06-10 09:26:29,1521.5,125377
2021-06-10 09:26:30,1521.4,125481
2021-06-10 09:26:31,1521.5,125590
2021-06-10 09:26:32,1521.15,125601
2021-06-10 09:26:33,1521.5,125611
2021-06-10 09:26:34,1521.15,125636
2021-06-10 09:26:35,1521.15,125651
2021-06-10 09:26:36,1521.65,126172
2021-06-10 09:26:36,1521.65,126161
2021-06-10 09:26:37,1521.15,126327
2021-06-10 09:26:38,1521.55,126328
2021-06-10 09:26:40,1521.15,126461
2021-06-10 09:26:41,1521.15,126461
2021-06-10 09:26:42,1521.15,126461
2021-06-10 09:26:43,1521.15,126461
2021-06-10 09:26:44,1521.15,126461
2021-06-10 09:26:46,1521.6,126509
2021-06-10 09:26:47,1521.65,126524
2021-06-10 09:26:47,1521.65,126566
2021-06-10 09:26:48,1521.25,127018
2021-06-10 09:26:50,1520.75,128163
2021-06-10 09:26:52,1520.55,128744
2021-06-10 09:26:54,1520.6,128883
2021-06-10 09:26:54,1520.6,128883
2021-06-10 09:26:55,1520.1,128893
2021-06-10 09:26:57,1520.85,129476
2021-06-10 09:26:57,1520.85,129476
2021-06-10 09:26:59,1520.1,129531
2021-06-10 09:27:00,1520.1,129573
2021-06-10 09:27:01,1520.1,129588
2021-06-10 09:27:02,1520.1,129588
2021-06-10 09:27:02,1520.1,129588
2021-06-10 09:27:03,1520.1,129679
2021-06-10 09:27:04,1520.1,129865
2021-06-10 09:27:05,1520.1,130207
2021-06-10 09:27:06,1520.1,130317
2021-06-10 09:27:07,1520.0,130680
2021-06-10 09:27:08,1520.1,130690
2021-06-10 09:27:09,1520.1,130690
2021-06-10 09:27:10,1520.1,130690
2021-06-10 09:27:11,1520.0,130800
2021-06-10 09:27:12,1520.0,130806
2021-06-10 09:27:14,1520.0,131406
2021-06-10 09:27:15,1520.3,131416
2021-06-10 09:27:16,1520.2,131720
2021-06-10 09:27:17,1520.1,131725
2021-06-10 09:27:18,1520.1,131956
2021-06-10 09:27:19,1520.1,132056
2021-06-10 09:27:20,1520.1,132056
2021-06-10 09:27:21,1520.1,132056
2021-06-10 09:27:22,1521.0,132125
2021-06-10 09:27:23,1521.0,132125
2021-06-10 09:27:24,1521.1,132126
2021-06-10 09:27:24,1521.1,132126
2021-06-10 09:27:26,1520.5,132155
2021-06-10 09:27:27,1520.5,132155
2021-06-10 09:27:30,1520.5,132318
2021-06-10 09:27:31,1520.5,132438
2021-06-10 09:27:32,1520.5,132528
2021-06-10 09:27:33,1520.5,132528
2021-06-10 09:27:34,1520.5,132538
2021-06-10 09:27:36,1520.85,132543
2021-06-10 09:27:37,1520.85,132543
2021-06-10 09:27:38,1520.5,132752
2021-06-10 09:27:39,1520.5,132752
2021-06-10 09:27:40,1520.85,132813
2021-06-10 09:27:41,1520.85,132859
2021-06-10 09:27:42,1521.8,134647
2021-06-10 09:27:43,1521.8,134647
2021-06-10 09:27:45,1521.1,134869
2021-06-10 09:27:46,1521.1,134975
2021-06-10 09:27:47,1521.1,135186
2021-06-10 09:27:47,1521.1,135186
2021-06-10 09:27:49,1521.15,135256
2021-06-10 09:27:49,1521.15,135256
2021-06-10 09:27:50,1521.05,135654
2021-06-10 09:27:51,1520.85,135714
2021-06-10 09:27:52,1520.85,135714
2021-06-10 09:27:53,1521.05,135816
2021-06-10 09:27:54,1520.0,138158
2021-06-10 09:27:55,1520.5,138404
2021-06-10 09:27:56,1520.1,138437
2021-06-10 09:27:57,1520.1,138518
2021-06-10 09:27:58,1520.1,138519
2021-06-10 09:27:59,1520.1,138519
2021-06-10 09:28:01,1519.0,143548
2021-06-10 09:28:02,1519.15,143817
2021-06-10 09:28:02,1519.15,143817
2021-06-10 09:28:03,1518.5,143866
2021-06-10 09:28:04,1518.5,143866
2021-06-10 09:28:06,1518.5,143907
2021-06-10 09:28:07,1518.5,144003
2021-06-10 09:28:08,1519.45,144060
2021-06-10 09:28:08,1519.45,144060
2021-06-10 09:28:09,1519.35,144165
2021-06-10 09:28:11,1519.5,144406
2021-06-10 09:28:12,1519.85,144407
2021-06-10 09:28:13,1519.55,144461
2021-06-10 09:28:14,1519.6,144471
2021-06-10 09:28:14,1519.6,144471
2021-06-10 09:28:15,1519.6,144496
2021-06-10 09:28:16,1519.6,144519
2021-06-10 09:28:17,1520.55,145027
2021-06-10 09:28:18,1520.55,148784
2021-06-10 09:28:20,1520.5,149032
2021-06-10 09:28:21,1520.5,149042
2021-06-10 09:28:22,1521.15,149043
2021-06-10 09:28:23,1521.0,149093
2021-06-10 09:28:24,1521.0,149095
2021-06-10 09:28:25,1520.7,149100
2021-06-10 09:28:25,1520.7,149100
2021-06-10 09:28:26,1521.0,149116
2021-06-10 09:28:27,1521.15,149360
2021-06-10 09:28:29,1521.2,149411
2021-06-10 09:28:29,1521.2,149411
2021-06-10 09:28:31,1521.2,149467
2021-06-10 09:28:32,1521.75,149587
2021-06-10 09:28:34,1521.2,149687
2021-06-10 09:28:35,1521.8,150352
2021-06-10 09:28:35,1521.8,150452
2021-06-10 09:28:36,1521.05,150567
2021-06-10 09:28:37,1521.75,150577
2021-06-10 09:28:39,1521.75,150606
2021-06-10 09:28:40,1521.0,150706
2021-06-10 09:28:41,1521.0,150706
2021-06-10 09:28:41,1520.95,150751
2021-06-10 09:28:42,1521.8,150840
2021-06-10 09:28:43,1522.0,151817
2021-06-10 09:28:45,1521.8,151823
2021-06-10 09:28:46,1521.8,151873
2021-06-10 09:28:47,1521.7,151884
2021-06-10 09:28:47,1521.7,151884
2021-06-10 09:28:48,1521.6,151954
2021-06-10 09:28:49,1521.75,151964
2021-06-10 09:28:50,1522.8,152203
2021-06-10 09:28:52,1522.5,152289
2021-06-10 09:28:53,1521.9,152319
2021-06-10 09:28:54,1521.85,152723
2021-06-10 09:28:54,1521.85,152723
2021-06-10 09:28:55,1522.85,152883
2021-06-10 09:28:58,1522.0,152895
2021-06-10 09:28:59,1522.0,152895
2021-06-10 09:29:00,1522.1,152897
2021-06-10 09:29:00,1522.1,152897
2021-06-10 09:29:01,1522.1,152899
2021-06-10 09:29:03,1522.9,152930
2021-06-10 09:29:05,1522.2,152952
2021-06-10 09:29:05,1522.2,152953
2021-06-10 09:29:06,1522.25,153068
2021-06-10 09:29:08,1522.25,153068
2021-06-10 09:29:09,1522.9,153073
2021-06-10 09:29:10,1522.9,153073
2021-06-10 09:29:11,1522.8,153091
2021-06-10 09:29:11,1522.0,153591
2021-06-10 09:29:12,1522.05,153598
2021-06-10 09:29:14,1522.05,153601
2021-06-10 09:29:15,1522.7,153636
2021-06-10 09:29:16,1522.7,153636
2021-06-10 09:29:16,1522.7,153636
2021-06-10 09:29:17,1522.0,153641
2021-06-10 09:29:18,1522.6,153651
2021-06-10 09:29:20,1522.7,153808
2021-06-10 09:29:21,1522.7,153808
2021-06-10 09:29:22,1522.7,153808
2021-06-10 09:29:23,1522.1,153979
2021-06-10 09:29:24,1522.1,153979
2021-06-10 09:29:25,1522.85,154079
2021-06-10 09:29:26,1522.05,154214
2021-06-10 09:29:27,1522.8,154264
2021-06-10 09:29:29,1522.8,154264
2021-06-10 09:29:30,1522.7,154265
2021-06-10 09:29:31,1522.7,154265
2021-06-10 09:29:32,1522.7,154270
2021-06-10 09:29:32,1522.7,154270
2021-06-10 09:29:33,1522.3,154393
2021-06-10 09:29:35,1523.0,154592
2021-06-10 09:29:36,1523.0,154599
2021-06-10 09:29:37,1522.3,154609
2021-06-10 09:29:38,1522.3,154772
2021-06-10 09:29:38,1522.3,154772
2021-06-10 09:29:39,1522.35,154773
2021-06-10 09:29:41,1522.35,154773
2021-06-10 09:29:42,1522.7,154783
2021-06-10 09:29:43,1522.7,154783
2021-06-10 09:29:44,1522.9,154804
2021-06-10 09:29:44,1523.0,154825
2021-06-10 09:29:47,1523.0,154851
2021-06-10 09:29:48,1523.0,154851
2021-06-10 09:29:49,1523.0,154853
2021-06-10 09:29:50,1523.0,154873
2021-06-10 09:29:51,1523.0,154977
2021-06-10 09:29:52,1523.0,154977
2021-06-10 09:29:53,1523.0,154977
2021-06-10 09:29:54,1523.0,155047
2021-06-10 09:29:55,1523.0,155077
2021-06-10 09:29:55,1523.0,155077
2021-06-10 09:29:56,1523.0,155077
2021-06-10 09:29:58,1523.3,155092
2021-06-10 09:29:59,1523.0,155127
2021-06-10 09:30:00,1523.0,155149
2021-06-10 09:30:02,1523.25,156711
2021-06-10 09:30:03,1523.0,156830
2021-06-10 09:30:05,1523.25,156840
2021-06-10 09:30:06,1523.15,156903
2021-06-10 09:30:08,1523.2,157232
2021-06-10 09:30:09,1523.3,157282
2021-06-10 09:30:09,1523.3,157242
2021-06-10 09:30:10,1523.3,157282
2021-06-10 09:30:11,1523.3,157283
2021-06-10 09:30:13,1523.3,157283
2021-06-10 09:30:14,1523.3,157283
2021-06-10 09:30:15,1523.3,157283
2021-06-10 09:30:17,1523.25,157339
2021-06-10 09:30:18,1523.25,157339
2021-06-10 09:30:21,1523.25,157349
2021-06-10 09:30:22,1523.25,157349
2021-06-10 09:30:23,1523.9,157449
2021-06-10 09:30:24,1523.9,157449
2021-06-10 09:30:24,1523.9,157449
2021-06-10 09:30:26,1523.3,157499
2021-06-10 09:30:27,1523.3,157504
2021-06-10 09:30:28,1523.9,157555
2021-06-10 09:30:29,1523.95,157784
2021-06-10 09:30:30,1523.95,157784
2021-06-10 09:30:32,1524.0,157794
2021-06-10 09:30:31,1523.95,157784
2021-06-10 09:30:33,1524.0,157856
2021-06-10 09:30:34,1523.75,157914
2021-06-10 09:30:35,1524.0,157964
2021-06-10 09:30:35,1523.75,158048
2021-06-10 09:30:37,1522.0,160064
2021-06-10 09:30:38,1522.65,160557
2021-06-10 09:30:39,1522.65,160582
2021-06-10 09:30:40,1522.55,160682
2021-06-10 09:30:41,1522.55,160682
2021-06-10 09:30:43,1522.55,160687
2021-06-10 09:30:44,1522.1,160734
2021-06-10 09:30:45,1522.55,160901
2021-06-10 09:30:46,1522.55,160901
2021-06-10 09:30:47,1522.65,161087
2021-06-10 09:30:47,1522.65,161087
2021-06-10 09:30:49,1523.5,161092
2021-06-10 09:30:50,1522.8,161094
2021-06-10 09:30:51,1522.8,161094
2021-06-10 09:30:52,1523.5,161096
2021-06-10 09:30:52,1523.5,161096
2021-06-10 09:30:54,1523.5,161148
2021-06-10 09:30:56,1522.8,161199
2021-06-10 09:30:58,1522.8,161199
2021-06-10 09:31:00,1523.05,161251
2021-06-10 09:31:01,1523.4,161310
2021-06-10 09:31:02,1523.65,161447
2021-06-10 09:31:03,1523.1,161547
2021-06-10 09:31:03,1523.1,161547
2021-06-10 09:31:05,1523.1,161547
2021-06-10 09:31:06,1523.1,161547
2021-06-10 09:31:07,1523.1,161547
2021-06-10 09:31:08,1523.5,162352
2021-06-10 09:31:08,1523.5,162352
2021-06-10 09:31:10,1523.85,162362
2021-06-10 09:31:11,1524.5,163364
2021-06-10 09:31:14,1524.1,163371
2021-06-10 09:31:16,1524.85,163498
2021-06-10 09:31:16,1524.85,163498
2021-06-10 09:31:18,1524.85,163529
2021-06-10 09:31:19,1524.95,163730
2021-06-10 09:31:20,1524.9,163736
2021-06-10 09:31:21,1524.35,163856
2021-06-10 09:31:21,1524.35,163856
2021-06-10 09:31:23,1524.4,164351
2021-06-10 09:31:24,1524.95,164352
2021-06-10 09:31:25,1524.95,164352
2021-06-10 09:31:26,1524.3,165160
2021-06-10 09:31:26,1524.9,165161
2021-06-10 09:31:28,1524.2,165187
2021-06-10 09:31:29,1524.2,165208
2021-06-10 09:31:30,1524.8,165296
2021-06-10 09:31:31,1524.2,165445
2021-06-10 09:31:32,1524.75,165465
2021-06-10 09:31:32,1524.75,165465
2021-06-10 09:31:34,1524.2,165502
2021-06-10 09:31:35,1524.2,165507
2021-06-10 09:31:36,1524.2,165521
2021-06-10 09:31:37,1524.7,165542
2021-06-10 09:31:37,1524.7,165542
2021-06-10 09:31:39,1525.0,168746
2021-06-10 09:31:40,1525.0,168746
2021-06-10 09:31:41,1525.5,169046
2021-06-10 09:31:42,1525.0,169146
2021-06-10 09:31:43,1525.5,169156
2021-06-10 09:31:44,1525.5,169156
2021-06-10 09:31:44,1525.5,169156
2021-06-10 09:31:46,1525.5,169176
2021-06-10 09:31:47,1525.5,169241
2021-06-10 09:31:48,1525.5,169241
2021-06-10 09:31:49,1525.1,169244
2021-06-10 09:31:49,1525.1,169244
2021-06-10 09:31:50,1525.1,169259
2021-06-10 09:31:52,1526.05,170379
2021-06-10 09:31:54,1526.15,170380
2021-06-10 09:31:55,1525.9,170480
2021-06-10 09:31:56,1526.15,170625
2021-06-10 09:31:56,1526.15,170625
2021-06-10 09:31:57,1526.15,170625
2021-06-10 09:31:59,1525.5,170680
2021-06-10 09:32:00,1525.35,170707
2021-06-10 09:32:01,1525.95,170846
2021-06-10 09:32:02,1526.05,170854
2021-06-10 09:32:03,1525.6,170999
2021-06-10 09:32:03,1525.6,170999
2021-06-10 09:32:05,1525.25,171709
2021-06-10 09:32:06,1525.7,171809
2021-06-10 09:32:07,1525.7,171809
2021-06-10 09:32:08,1525.55,172059
2021-06-10 09:32:09,1525.0,172272
2021-06-10 09:32:09,1525.0,172272
2021-06-10 09:32:11,1525.25,172352
2021-06-10 09:32:12,1525.4,172402
2021-06-10 09:32:13,1525.45,172432
2021-06-10 09:32:14,1525.5,172482
2021-06-10 09:32:15,1525.55,172497
2021-06-10 09:32:16,1525.65,172589
2021-06-10 09:32:17,1525.65,172589
2021-06-10 09:32:17,1525.65,172589
2021-06-10 09:32:19,1525.15,172642
2021-06-10 09:32:20,1525.1,172672
2021-06-10 09:32:21,1525.3,172822
2021-06-10 09:32:23,1525.4,172848
2021-06-10 09:32:24,1525.0,173523
2021-06-10 09:32:25,1525.4,173573
2021-06-10 09:32:27,1525.35,174148
2021-06-10 09:32:28,1525.35,174148
2021-06-10 09:32:29,1525.95,174159
2021-06-10 09:32:30,1525.95,174159
2021-06-10 09:32:31,1525.4,174170
2021-06-10 09:32:32,1525.4,174170
2021-06-10 09:32:33,1525.4,174175
2021-06-10 09:32:34,1525.4,174175
2021-06-10 09:32:36,1525.65,174296
2021-06-10 09:32:37,1525.65,174296
2021-06-10 09:32:38,1525.5,174338
2021-06-10 09:32:39,1525.8,174463
2021-06-10 09:32:40,1526.0,174564
2021-06-10 09:32:41,1526.0,174564
2021-06-10 09:32:43,1526.0,174564
2021-06-10 09:32:42,1526.0,174564
2021-06-10 09:32:44,1526.15,174739
2021-06-10 09:32:45,1525.4,175110
2021-06-10 09:32:46,1526.15,175209
2021-06-10 09:32:47,1526.15,175209
2021-06-10 09:32:48,1526.0,175214
2021-06-10 09:32:49,1526.0,175828
2021-06-10 09:32:50,1526.05,175831
2021-06-10 09:32:51,1526.0,175973
2021-06-10 09:32:52,1525.55,175978
2021-06-10 09:32:53,1525.55,176141
2021-06-10 09:32:54,1525.5,176262
2021-06-10 09:32:55,1525.55,176750
2021-06-10 09:32:56,1525.15,176771
2021-06-10 09:32:57,1525.15,176771
2021-06-10 09:32:59,1525.25,176849
2021-06-10 09:33:00,1525.2,176882
2021-06-10 09:33:01,1525.35,176894
2021-06-10 09:33:02,1525.35,176894
2021-06-10 09:33:03,1525.95,176934
2021-06-10 09:33:04,1525.95,176934
2021-06-10 09:33:05,1525.95,176934
2021-06-10 09:33:06,1525.85,176944
2021-06-10 09:33:07,1525.45,176954
2021-06-10 09:33:08,1525.45,176954
2021-06-10 09:33:09,1525.85,176955
2021-06-10 09:33:10,1525.9,177022
2021-06-10 09:33:11,1525.45,177322
2021-06-10 09:33:12,1525.9,177374
2021-06-10 09:33:13,1525.8,177384
2021-06-10 09:33:14,1525.8,177384
2021-06-10 09:33:15,1525.9,177385
2021-06-10 09:33:16,1525.8,177603
2021-06-10 09:33:17,1525.85,177652
2021-06-10 09:33:18,1525.85,177652
2021-06-10 09:33:19,1526.0,178259
2021-06-10 09:33:20,1526.0,178381
2021-06-10 09:33:21,1525.5,178411
2021-06-10 09:33:22,1526.1,178467
2021-06-10 09:33:24,1526.1,178506
2021-06-10 09:33:25,1526.1,178512
2021-06-10 09:33:26,1525.9,178518
2021-06-10 09:33:27,1526.1,178594
2021-06-10 09:33:28,1526.5,179642
2021-06-10 09:33:29,1526.1,179902
2021-06-10 09:33:30,1526.1,180631
2021-06-10 09:33:31,1526.6,181088
2021-06-10 09:33:32,1526.15,181206
2021-06-10 09:33:33,1526.2,181326
2021-06-10 09:33:34,1526.55,181350
2021-06-10 09:33:35,1526.55,181474
2021-06-10 09:33:36,1526.5,181509
2021-06-10 09:33:37,1526.5,181516
2021-06-10 09:33:38,1526.0,182266
2021-06-10 09:33:39,1526.0,182376
2021-06-10 09:33:40,1526.0,182386
2021-06-10 09:33:41,1526.1,182388
2021-06-10 09:33:42,1526.1,182399
2021-06-10 09:33:43,1526.0,182494
2021-06-10 09:33:44,1526.1,182513
2021-06-10 09:33:45,1526.1,182526
2021-06-10 09:33:47,1526.1,182536
2021-06-10 09:33:48,1526.1,182556
2021-06-10 09:33:50,1526.05,182885
2021-06-10 09:33:52,1526.2,183001
2021-06-10 09:33:53,1526.2,183005
2021-06-10 09:33:54,1526.0,183010
2021-06-10 09:33:55,1526.3,183319
2021-06-10 09:33:56,1526.45,185038
2021-06-10 09:33:57,1527.0,185383
2021-06-10 09:33:59,1527.0,185475
2021-06-10 09:34:00,1527.0,185506
2021-06-10 09:34:01,1527.0,185512
2021-06-10 09:34:02,1526.6,185533
2021-06-10 09:34:03,1526.55,185793
2021-06-10 09:34:04,1526.35,186095
2021-06-10 09:34:05,1527.0,186103
2021-06-10 09:34:06,1526.55,187187
2021-06-10 09:34:07,1527.45,187194
2021-06-10 09:34:08,1527.45,187265
2021-06-10 09:34:09,1527.45,187279
2021-06-10 09:34:10,1527.55,187292
2021-06-10 09:34:11,1527.25,187296
2021-06-10 09:34:12,1527.55,187652
2021-06-10 09:34:13,1527.55,187723
2021-06-10 09:34:14,1527.3,187752
2021-06-10 09:34:15,1527.4,187858
2021-06-10 09:34:16,1527.1,187894
2021-06-10 09:34:17,1527.4,187906
2021-06-10 09:34:18,1527.1,188113
2021-06-10 09:34:20,1527.7,188845
2021-06-10 09:34:21,1527.9,188978
2021-06-10 09:34:24,1528.0,189107
2021-06-10 09:34:25,1528.0,189127
2021-06-10 09:34:26,1528.55,189931
2021-06-10 09:34:27,1528.5,190093
2021-06-10 09:34:28,1528.0,190606
2021-06-10 09:34:29,1527.4,191038
2021-06-10 09:34:30,1528.05,191174
2021-06-10 09:34:32,1528.05,191308
2021-06-10 09:34:33,1528.0,191365
2021-06-10 09:34:34,1527.5,191478
2021-06-10 09:34:35,1527.85,191612
2021-06-10 09:34:36,1528.0,192512
2021-06-10 09:34:37,1527.9,192591
2021-06-10 09:34:38,1528.05,192631
2021-06-10 09:34:39,1528.0,192696
2021-06-10 09:34:40,1528.0,192709
2021-06-10 09:34:42,1528.0,192798
2021-06-10 09:34:41,1527.95,192783
2021-06-10 09:34:43,1527.55,193211
2021-06-10 09:34:44,1528.0,193288
2021-06-10 09:34:45,1527.85,193665
2021-06-10 09:34:46,1528.0,193908
2021-06-10 09:34:48,1528.05,194183
2021-06-10 09:34:49,1528.5,194431
2021-06-10 09:34:50,1528.05,194541
2021-06-10 09:34:51,1528.05,194583
2021-06-10 09:34:52,1528.5,194593
2021-06-10 09:34:53,1528.1,194653
2021-06-10 09:34:55,1528.6,194665
2021-06-10 09:34:55,1528.6,194746
2021-06-10 09:34:56,1528.6,194755
2021-06-10 09:34:57,1528.65,194756
2021-06-10 09:34:58,1528.65,194757
2021-06-10 09:34:59,1528.65,194822
2021-06-10 09:35:00,1528.7,194925
2021-06-10 09:35:01,1528.05,195001
2021-06-10 09:35:02,1528.75,195123
2021-06-10 09:35:03,1528.4,195207
2021-06-10 09:35:04,1528.75,195224
2021-06-10 09:35:05,1528.75,195227
2021-06-10 09:35:06,1528.7,195228
2021-06-10 09:35:07,1528.65,195240
2021-06-10 09:35:08,1528.65,195835
2021-06-10 09:35:09,1528.95,195955
2021-06-10 09:35:10,1528.7,196044
2021-06-10 09:35:12,1528.95,196534
2021-06-10 09:35:13,1529.0,196590
2021-06-10 09:35:14,1528.95,196751
2021-06-10 09:35:15,1529.0,196905
2021-06-10 09:35:17,1528.95,197194
2021-06-10 09:35:18,1529.0,197322
2021-06-10 09:35:18,1529.0,197367
2021-06-10 09:35:19,1528.9,197592
2021-06-10 09:35:20,1528.9,198277
2021-06-10 09:35:21,1529.0,198782
2021-06-10 09:35:22,1529.0,198994
2021-06-10 09:35:25,1528.95,199095
2021-06-10 09:35:25,1528.95,199106
2021-06-10 09:35:27,1528.95,199159
2021-06-10 09:35:28,1528.95,199169
2021-06-10 09:35:28,1529.0,199176
2021-06-10 09:35:29,1529.0,199263
2021-06-10 09:35:30,1529.0,199293
2021-06-10 09:35:31,1529.0,199809
2021-06-10 09:35:32,1529.1,199839
2021-06-10 09:35:33,1529.1,199863
2021-06-10 09:35:34,1529.5,199893
2021-06-10 09:35:35,1529.5,199899
2021-06-10 09:35:36,1529.1,200008
2021-06-10 09:35:37,1529.5,200030
2021-06-10 09:35:38,1529.5,200049
2021-06-10 09:35:39,1529.55,200159
2021-06-10 09:35:40,1529.55,200161
2021-06-10 09:35:41,1529.4,200638
2021-06-10 09:35:42,1529.4,200750
2021-06-10 09:35:43,1529.15,200863
2021-06-10 09:35:44,1529.45,200892
2021-06-10 09:35:45,1529.45,201013
2021-06-10 09:35:46,1529.55,201537
2021-06-10 09:35:47,1529.55,201617
2021-06-10 09:35:48,1529.4,201663
2021-06-10 09:35:49,1529.4,201696
2021-06-10 09:35:50,1529.1,201724
2021-06-10 09:35:51,1529.4,201730
2021-06-10 09:35:52,1529.1,201781
2021-06-10 09:35:54,1529.1,201803
2021-06-10 09:35:55,1529.15,201806
2021-06-10 09:35:56,1529.1,201824
2021-06-10 09:35:57,1529.15,201828
2021-06-10 09:35:58,1529.1,201894
2021-06-10 09:35:59,1529.85,202335
2021-06-10 09:36:00,1529.1,203076
2021-06-10 09:36:02,1529.9,203676
2021-06-10 09:36:03,1529.95,204072
2021-06-10 09:36:04,1530.25,206568
2021-06-10 09:36:05,1531.0,207163
2021-06-10 09:36:06,1531.4,207400
2021-06-10 09:36:07,1531.45,207529
2021-06-10 09:36:08,1531.0,207701
2021-06-10 09:36:09,1531.35,207803
2021-06-10 09:36:10,1531.4,207816
2021-06-10 09:36:11,1531.45,208409
2021-06-10 09:36:12,1531.55,208553
2021-06-10 09:36:13,1531.7,208826
2021-06-10 09:36:15,1531.15,209161
2021-06-10 09:36:16,1531.9,209183
2021-06-10 09:36:17,1532.0,210018
2021-06-10 09:36:18,1531.5,211066
2021-06-10 09:36:19,1531.0,211411
2021-06-10 09:36:20,1531.7,211515
2021-06-10 09:36:21,1531.7,211567
2021-06-10 09:36:22,1532.0,212077
2021-06-10 09:36:23,1531.9,212479
2021-06-10 09:36:24,1532.0,212866
2021-06-10 09:36:25,1532.0,212965
2021-06-10 09:36:26,1531.9,213666
2021-06-10 09:36:27,1532.05,214687
2021-06-10 09:36:28,1532.05,214859
2021-06-10 09:36:29,1532.25,215033
2021-06-10 09:36:30,1532.25,215175
2021-06-10 09:36:31,1532.7,215415
2021-06-10 09:36:32,1532.3,215532
2021-06-10 09:36:33,1531.9,215736
2021-06-10 09:36:34,1532.35,215832
2021-06-10 09:36:35,1532.25,215856
2021-06-10 09:36:37,1532.25,215936
2021-06-10 09:36:36,1532.25,215881
2021-06-10 09:36:38,1532.25,215993
2021-06-10 09:36:39,1532.65,216458
2021-06-10 09:36:40,1532.95,217182
2021-06-10 09:36:41,1533.0,217495
2021-06-10 09:36:42,1532.6,217693
2021-06-10 09:36:43,1532.6,217779
2021-06-10 09:36:44,1533.0,217811
2021-06-10 09:36:45,1533.0,217929
2021-06-10 09:36:46,1533.0,217953
2021-06-10 09:36:47,1533.0,218148
2021-06-10 09:36:48,1532.65,218620
2021-06-10 09:36:49,1533.25,218732
2021-06-10 09:36:50,1533.25,218853
2021-06-10 09:36:51,1533.25,218905
2021-06-10 09:36:52,1533.35,221808
2021-06-10 09:36:53,1532.9,222412
2021-06-10 09:36:55,1533.4,223202
2021-06-10 09:36:56,1532.5,223511
2021-06-10 09:36:57,1532.75,223593
2021-06-10 09:36:58,1532.35,224517
2021-06-10 09:36:59,1533.05,224756
2021-06-10 09:37:00,1532.6,224821
2021-06-10 09:37:01,1530.2,226828
2021-06-10 09:37:02,1531.55,227520
2021-06-10 09:37:03,1531.4,227576
2021-06-10 09:37:04,1531.75,227588
2021-06-10 09:37:06,1531.05,227727
2021-06-10 09:37:06,1531.7,227805
2021-06-10 09:37:07,1531.0,228080
2021-06-10 09:37:08,1531.1,228298
2021-06-10 09:37:09,1531.1,228593
2021-06-10 09:37:10,1531.7,228642
2021-06-10 09:37:11,1531.9,229653
2021-06-10 09:37:12,1531.7,229855
2021-06-10 09:37:13,1531.2,229976
2021-06-10 09:37:14,1531.35,230246
2021-06-10 09:37:15,1532.0,230489
2021-06-10 09:37:16,1532.2,230622
2021-06-10 09:37:17,1531.95,230638
2021-06-10 09:37:19,1531.5,230905
2021-06-10 09:37:20,1532.0,231050
2021-06-10 09:37:21,1531.8,231848
2021-06-10 09:37:22,1532.8,231887
2021-06-10 09:37:23,1532.8,232297
2021-06-10 09:37:24,1532.6,232395
2021-06-10 09:37:25,1532.85,232466
2021-06-10 09:37:26,1532.9,234098
2021-06-10 09:37:27,1532.9,234428
2021-06-10 09:37:28,1532.25,234567
2021-06-10 09:37:30,1532.9,234701
2021-06-10 09:37:31,1532.4,234752
2021-06-10 09:37:32,1532.8,234757
2021-06-10 09:37:33,1532.8,234759
2021-06-10 09:37:34,1533.0,235739
2021-06-10 09:37:35,1532.05,236195
2021-06-10 09:37:36,1532.65,236286
2021-06-10 09:37:37,1532.1,236364
2021-06-10 09:37:38,1532.45,237015
2021-06-10 09:37:39,1532.4,237168
2021-06-10 09:37:40,1532.65,237237
2021-06-10 09:37:41,1532.1,237341
2021-06-10 09:37:42,1532.25,237373
2021-06-10 09:37:43,1532.6,237404
2021-06-10 09:37:44,1532.15,237461
2021-06-10 09:37:45,1531.75,238234
2021-06-10 09:37:46,1532.0,238418
2021-06-10 09:37:47,1531.95,238486
2021-06-10 09:37:49,1532.0,238543
2021-06-10 09:37:49,1532.0,238554
2021-06-10 09:37:50,1531.75,238696
2021-06-10 09:37:53,1531.7,238822
2021-06-10 09:37:54,1531.65,238949
2021-06-10 09:37:55,1531.05,238975
2021-06-10 09:37:56,1531.05,239167
2021-06-10 09:37:57,1531.0,239798
2021-06-10 09:37:58,1531.75,239922
2021-06-10 09:37:59,1531.75,239949
2021-06-10 09:38:00,1531.5,239958
2021-06-10 09:38:01,1531.9,240063
2021-06-10 09:38:02,1531.7,240291
2021-06-10 09:38:03,1531.5,240386
2021-06-10 09:38:04,1532.15,240435
2021-06-10 09:38:05,1532.15,240545
2021-06-10 09:38:05,1531.65,240572
2021-06-10 09:38:06,1531.7,240679
2021-06-10 09:38:07,1532.0,240754
2021-06-10 09:38:08,1532.0,240775
2021-06-10 09:38:09,1532.0,240785
2021-06-10 09:38:10,1531.7,240897
2021-06-10 09:38:12,1532.0,240932
2021-06-10 09:38:13,1531.65,241139
2021-06-10 09:38:13,1532.0,241413
2021-06-10 09:38:15,1531.5,241483
2021-06-10 09:38:16,1532.0,241499
2021-06-10 09:38:16,1532.0,241497
2021-06-10 09:38:17,1532.0,241610
2021-06-10 09:38:18,1531.75,242023
2021-06-10 09:38:19,1531.8,242607
2021-06-10 09:38:20,1531.3,242753
2021-06-10 09:38:22,1531.4,243211
2021-06-10 09:38:23,1531.4,243275
2021-06-10 09:38:25,1531.4,243300
2021-06-10 09:38:26,1531.4,243326
2021-06-10 09:38:26,1531.4,243331
2021-06-10 09:38:27,1531.1,243433
2021-06-10 09:38:28,1531.85,243516
2021-06-10 09:38:29,1531.65,243532
2021-06-10 09:38:30,1531.4,243536
2021-06-10 09:38:32,1531.6,243537
2021-06-10 09:38:33,1531.6,243696
2021-06-10 09:38:33,1531.6,243727
2021-06-10 09:38:34,1531.55,243746
2021-06-10 09:38:35,1531.55,243762
2021-06-10 09:38:36,1531.55,243982
2021-06-10 09:38:38,1531.55,244263
2021-06-10 09:38:39,1531.0,245159
2021-06-10 09:38:40,1531.6,245343
2021-06-10 09:38:41,1530.95,245840
2021-06-10 09:38:42,1531.55,247804
2021-06-10 09:38:43,1530.95,248202
2021-06-10 09:38:44,1531.5,248492
2021-06-10 09:38:45,1531.0,248586
2021-06-10 09:38:46,1531.5,248605
2021-06-10 09:38:47,1531.55,248628
2021-06-10 09:38:48,1531.55,248633
2021-06-10 09:38:49,1531.55,248937
2021-06-10 09:38:50,1531.1,249043
2021-06-10 09:38:51,1530.95,249164
2021-06-10 09:38:52,1531.5,249238
2021-06-10 09:38:53,1531.55,249253
2021-06-10 09:38:54,1531.4,249322
2021-06-10 09:38:54,1531.5,249306
2021-06-10 09:38:55,1531.4,249325
2021-06-10 09:38:57,1531.4,249325
2021-06-10 09:38:58,1530.8,249900
2021-06-10 09:38:59,1531.35,250045
2021-06-10 09:39:00,1531.0,250074
2021-06-10 09:39:01,1530.6,250172
2021-06-10 09:39:02,1530.6,250372
2021-06-10 09:39:03,1531.0,250411
2021-06-10 09:39:03,1531.35,250640
2021-06-10 09:39:04,1531.35,250685
2021-06-10 09:39:05,1531.35,250695
2021-06-10 09:39:07,1531.0,250933
2021-06-10 09:39:08,1530.4,251031
2021-06-10 09:39:09,1530.55,251052
2021-06-10 09:39:10,1531.0,251344
2021-06-10 09:39:10,1531.35,251402
2021-06-10 09:39:11,1531.35,251414
2021-06-10 09:39:13,1531.35,251465
2021-06-10 09:39:14,1531.0,251475
2021-06-10 09:39:15,1530.55,251503
2021-06-10 09:39:16,1531.0,251517
2021-06-10 09:39:17,1530.4,251789
2021-06-10 09:39:18,1530.5,251944
2021-06-10 09:39:19,1531.0,252478
2021-06-10 09:39:19,1531.0,252585
2021-06-10 09:39:20,1531.0,252906
2021-06-10 09:39:21,1531.1,253011
2021-06-10 09:39:23,1531.1,253032
2021-06-10 09:39:24,1531.1,253036
2021-06-10 09:39:25,1531.0,253138
2021-06-10 09:39:26,1531.0,253378
2021-06-10 09:39:27,1530.55,253396
2021-06-10 09:39:27,1531.0,253400
2021-06-10 09:39:28,1531.1,253800
2021-06-10 09:39:29,1530.55,253963
2021-06-10 09:39:30,1530.7,253997
2021-06-10 09:39:32,1531.35,254049
2021-06-10 09:39:33,1531.1,254138
2021-06-10 09:39:34,1531.35,254206
2021-06-10 09:39:34,1531.35,254245
2021-06-10 09:39:35,1531.1,254341
2021-06-10 09:39:36,1531.1,254371
2021-06-10 09:39:37,1531.3,254377
2021-06-10 09:39:38,1531.3,254380
2021-06-10 09:39:39,1531.35,254381
2021-06-10 09:39:40,1531.4,254447
2021-06-10 09:39:41,1531.1,254480
2021-06-10 09:39:43,1531.35,254610
2021-06-10 09:39:43,1531.5,254588
2021-06-10 09:39:44,1531.1,254660
2021-06-10 09:39:46,1531.25,254725
2021-06-10 09:39:47,1531.25,254739
2021-06-10 09:39:48,1531.25,254804
2021-06-10 09:39:49,1531.25,254820
2021-06-10 09:39:50,1531.1,254824
2021-06-10 09:39:50,1531.25,254825
2021-06-10 09:39:51,1531.25,254891
2021-06-10 09:39:53,1531.1,255258
2021-06-10 09:39:54,1531.55,255476
2021-06-10 09:39:55,1531.1,255530
2021-06-10 09:39:56,1531.25,255545
2021-06-10 09:39:57,1531.2,255549
2021-06-10 09:39:58,1531.2,255553
2021-06-10 09:39:59,1531.2,255586
2021-06-10 09:40:01,1531.0,257131
2021-06-10 09:40:02,1531.1,257176
2021-06-10 09:40:03,1531.1,257185
2021-06-10 09:40:04,1531.1,257252
2021-06-10 09:40:06,1531.0,257572
2021-06-10 09:40:06,1531.1,257630
2021-06-10 09:40:08,1531.1,257657
2021-06-10 09:40:09,1531.05,257664
2021-06-10 09:40:10,1531.05,257785
2021-06-10 09:40:11,1531.05,257859
2021-06-10 09:40:12,1531.0,257881
2021-06-10 09:40:13,1531.0,257958
2021-06-10 09:40:15,1530.95,258571
2021-06-10 09:40:16,1530.8,259696
2021-06-10 09:40:17,1531.0,259932
2021-06-10 09:40:17,1531.35,259921
2021-06-10 09:40:18,1530.8,260717
2021-06-10 09:40:19,1531.4,260793
2021-06-10 09:40:20,1531.45,260803
2021-06-10 09:40:21,1531.55,260930
2021-06-10 09:40:22,1532.7,270992
2021-06-10 09:40:23,1532.9,271018
2021-06-10 09:40:25,1532.75,271257
2021-06-10 09:40:26,1532.9,271269
2021-06-10 09:40:27,1532.95,271273
2021-06-10 09:40:28,1533.0,273299
2021-06-10 09:40:29,1532.9,273735
2021-06-10 09:40:30,1533.0,273843
2021-06-10 09:40:31,1533.25,274662
2021-06-10 09:40:31,1533.25,274684
2021-06-10 09:40:32,1533.3,274824
2021-06-10 09:40:33,1533.35,274825
2021-06-10 09:40:34,1533.4,274856
2021-06-10 09:40:35,1533.4,274871
2021-06-10 09:40:37,1533.35,274964
2021-06-10 09:40:38,1533.65,275228
2021-06-10 09:40:39,1533.8,275331
2021-06-10 09:40:40,1533.35,275953
2021-06-10 09:40:41,1533.4,276031
2021-06-10 09:40:42,1534.0,276808
2021-06-10 09:40:42,1533.95,276963
2021-06-10 09:40:43,1533.95,277016
2021-06-10 09:40:44,1533.95,277100
2021-06-10 09:40:46,1533.4,277517
2021-06-10 09:40:47,1533.4,277558
2021-06-10 09:40:48,1533.4,277686
2021-06-10 09:40:49,1533.85,277712
2021-06-10 09:40:50,1533.9,277827
2021-06-10 09:40:51,1533.9,277880
2021-06-10 09:40:52,1533.9,277891
2021-06-10 09:40:52,1533.9,277989
2021-06-10 09:40:54,1534.0,278080
2021-06-10 09:40:55,1534.0,278098
2021-06-10 09:40:56,1533.55,278511
2021-06-10 09:40:57,1534.0,278893
2021-06-10 09:40:58,1533.7,279046
2021-06-10 09:41:00,1533.7,279054
2021-06-10 09:41:01,1533.5,279058
2021-06-10 09:41:02,1533.95,279112
2021-06-10 09:41:03,1533.6,279123
2021-06-10 09:41:04,1533.6,279235
2021-06-10 09:41:05,1533.6,279297
2021-06-10 09:41:06,1533.7,279355
2021-06-10 09:41:07,1533.95,279380
2021-06-10 09:41:07,1533.95,279385
2021-06-10 09:41:08,1533.95,279386
2021-06-10 09:41:09,1533.1,280222
2021-06-10 09:41:12,1533.55,280425
2021-06-10 09:41:13,1533.55,280432
2021-06-10 09:41:14,1533.15,280539
2021-06-10 09:41:15,1533.7,280586
2021-06-10 09:41:16,1533.7,280597
2021-06-10 09:41:17,1533.15,280714
2021-06-10 09:41:18,1533.15,280801
2021-06-10 09:41:18,1533.5,280818
2021-06-10 09:41:20,1533.55,280822
2021-06-10 09:41:21,1533.55,280834
2021-06-10 09:41:22,1533.15,281449
2021-06-10 09:41:23,1533.25,281576
2021-06-10 09:41:24,1533.3,281709
2021-06-10 09:41:25,1533.3,281736
2021-06-10 09:41:26,1533.4,282030
2021-06-10 09:41:27,1533.4,282130
2021-06-10 09:41:28,1533.4,282250
2021-06-10 09:41:29,1531.8,283430
2021-06-10 09:41:30,1532.85,284093
2021-06-10 09:41:31,1532.65,284251
2021-06-10 09:41:32,1532.65,284283
2021-06-10 09:41:33,1532.55,284472
2021-06-10 09:41:34,1532.55,284540
2021-06-10 09:41:35,1532.6,284893
2021-06-10 09:41:36,1531.95,284983
2021-06-10 09:41:37,1531.95,285242
2021-06-10 09:41:38,1532.6,285456
2021-06-10 09:41:39,1531.7,285997
2021-06-10 09:41:40,1531.6,286706
2021-06-10 09:41:41,1532.5,286801
2021-06-10 09:41:42,1532.5,286821
2021-06-10 09:41:43,1532.5,286839
2021-06-10 09:41:44,1532.5,286842
2021-06-10 09:41:45,1532.35,286986
2021-06-10 09:41:45,1531.55,286962
2021-06-10 09:41:47,1532.4,287121
2021-06-10 09:41:48,1531.65,287399
2021-06-10 09:41:49,1532.35,287454
2021-06-10 09:41:50,1532.15,287465
2021-06-10 09:41:51,1531.65,287479
2021-06-10 09:41:52,1532.25,287482
2021-06-10 09:41:53,1532.25,287483
2021-06-10 09:41:54,1531.8,287590
2021-06-10 09:41:55,1532.25,287626
2021-06-10 09:41:56,1532.25,287634
2021-06-10 09:41:57,1532.2,287666
2021-06-10 09:41:57,1532.2,287672
2021-06-10 09:41:59,1532.0,287764
2021-06-10 09:42:00,1531.85,287824
2021-06-10 09:42:01,1532.2,287904
2021-06-10 09:42:02,1532.9,288302
2021-06-10 09:42:03,1532.3,288391
2021-06-10 09:42:04,1532.3,288424
2021-06-10 09:42:05,1533.4,288630
2021-06-10 09:42:06,1533.35,288671
2021-06-10 09:42:07,1533.15,288681
2021-06-10 09:42:08,1533.15,288682
2021-06-10 09:42:09,1533.15,288682
2021-06-10 09:42:10,1532.95,288904
2021-06-10 09:42:11,1533.5,288949
2021-06-10 09:42:12,1533.35,289343
2021-06-10 09:42:12,1533.5,289422
2021-06-10 09:42:14,1533.9,289497
2021-06-10 09:42:15,1533.9,289512
2021-06-10 09:42:16,1533.4,289649
2021-06-10 09:42:17,1533.5,289677
2021-06-10 09:42:18,1533.45,289683
2021-06-10 09:42:19,1533.45,289685
2021-06-10 09:42:20,1533.45,289686
2021-06-10 09:42:21,1533.5,289914
2021-06-10 09:42:21,1533.4,289883
2021-06-10 09:42:22,1533.8,289920
2021-06-10 09:42:24,1533.5,289993
2021-06-10 09:42:25,1533.35,290227
2021-06-10 09:42:26,1533.1,290277
2021-06-10 09:42:27,1533.1,290327
2021-06-10 09:42:28,1533.4,290337
2021-06-10 09:42:28,1533.4,290339
2021-06-10 09:42:30,1533.4,290340
2021-06-10 09:42:31,1533.4,290380
2021-06-10 09:42:32,1533.4,290463
2021-06-10 09:42:33,1533.4,290500
2021-06-10 09:42:34,1533.1,290534
2021-06-10 09:42:35,1533.4,290541
2021-06-10 09:42:35,1533.4,290553
2021-06-10 09:42:37,1533.0,290607
2021-06-10 09:42:38,1533.35,290622
2021-06-10 09:42:39,1533.0,291037
2021-06-10 09:42:41,1533.05,291241
2021-06-10 09:42:42,1532.6,291266
2021-06-10 09:42:43,1533.05,291271
2021-06-10 09:42:44,1533.0,291278
2021-06-10 09:42:45,1532.6,291290
2021-06-10 09:42:46,1533.1,291393
2021-06-10 09:42:47,1533.1,291425
2021-06-10 09:42:48,1533.1,291431
2021-06-10 09:42:49,1532.95,291757
2021-06-10 09:42:50,1533.25,291822
2021-06-10 09:42:51,1533.1,291861
2021-06-10 09:42:51,1533.2,291869
2021-06-10 09:42:53,1533.05,292242
2021-06-10 09:42:54,1533.15,292676
2021-06-10 09:42:55,1533.2,292933
2021-06-10 09:42:56,1533.2,292942
2021-06-10 09:42:58,1533.25,293071
2021-06-10 09:42:59,1533.2,293097
2021-06-10 09:43:00,1532.5,293309
2021-06-10 09:43:01,1532.5,293920
2021-06-10 09:43:02,1532.0,294142
2021-06-10 09:43:04,1532.7,294192
2021-06-10 09:43:03,1532.7,294172
2021-06-10 09:43:05,1532.5,294226
2021-06-10 09:43:06,1532.85,294333
2021-06-10 09:43:07,1532.8,294355
2021-06-10 09:43:08,1532.0,294687
2021-06-10 09:43:10,1532.65,294796
2021-06-10 09:43:09,1532.6,294774
2021-06-10 09:43:11,1532.65,294841
2021-06-10 09:43:12,1532.65,294858
2021-06-10 09:43:13,1532.0,294972
2021-06-10 09:43:14,1532.0,295006
2021-06-10 09:43:15,1532.55,295016
2021-06-10 09:43:16,1532.0,295110
2021-06-10 09:43:17,1531.95,295314
2021-06-10 09:43:18,1532.0,295355
2021-06-10 09:43:19,1532.05,295371
2021-06-10 09:43:20,1531.05,297004
2021-06-10 09:43:21,1532.2,297139
2021-06-10 09:43:22,1531.95,297244
2021-06-10 09:43:23,1531.95,297537
2021-06-10 09:43:24,1531.3,298137
2021-06-10 09:43:25,1532.2,298176
2021-06-10 09:43:26,1532.45,298427
2021-06-10 09:43:27,1532.5,298446
2021-06-10 09:43:28,1532.5,298554
2021-06-10 09:43:29,1532.65,298632
2021-06-10 09:43:31,1532.6,298810
2021-06-10 09:43:32,1532.65,298827
2021-06-10 09:43:33,1532.6,298837
2021-06-10 09:43:34,1532.0,299014
2021-06-10 09:43:35,1532.15,299104
2021-06-10 09:43:36,1532.85,299155
2021-06-10 09:43:37,1532.65,299167
2021-06-10 09:43:38,1532.6,299216
2021-06-10 09:43:39,1532.8,299234
2021-06-10 09:43:40,1533.0,299238
2021-06-10 09:43:41,1532.65,299659
2021-06-10 09:43:42,1533.1,300211
2021-06-10 09:43:43,1532.9,300217
2021-06-10 09:43:44,1533.3,300219
2021-06-10 09:43:45,1532.9,300299
2021-06-10 09:43:46,1532.9,300338
2021-06-10 09:43:47,1533.05,300398
2021-06-10 09:43:48,1533.0,300441
2021-06-10 09:43:49,1533.15,301043
2021-06-10 09:43:50,1533.1,301164
2021-06-10 09:43:51,1533.25,301233
2021-06-10 09:43:52,1532.6,301441
2021-06-10 09:43:53,1533.2,301482
2021-06-10 09:43:54,1532.9,301492
2021-06-10 09:43:56,1532.95,301494
2021-06-10 09:43:57,1532.9,301557
2021-06-10 09:43:58,1532.95,301575
2021-06-10 09:43:59,1532.65,301679
2021-06-10 09:44:00,1532.7,301753
2021-06-10 09:44:01,1532.95,301768
2021-06-10 09:44:02,1532.7,301772
2021-06-10 09:44:03,1532.9,301888
2021-06-10 09:44:04,1532.9,301961
2021-06-10 09:44:05,1532.7,301985
2021-06-10 09:44:07,1532.95,302105
2021-06-10 09:44:08,1532.7,302131
2021-06-10 09:44:10,1532.95,302272
2021-06-10 09:44:11,1532.7,302694
2021-06-10 09:44:12,1532.9,302778
2021-06-10 09:44:13,1533.0,302795
2021-06-10 09:44:14,1532.6,303372
2021-06-10 09:44:15,1532.55,303488
2021-06-10 09:44:16,1531.9,303791
2021-06-10 09:44:17,1532.2,303831
2021-06-10 09:44:18,1532.35,303839
2021-06-10 09:44:19,1532.35,303840
2021-06-10 09:44:20,1532.35,303840
2021-06-10 09:44:22,1532.95,304080
2021-06-10 09:44:23,1532.8,304094
2021-06-10 09:44:25,1531.75,304233
2021-06-10 09:44:26,1531.75,304300
2021-06-10 09:44:27,1532.0,304328
2021-06-10 09:44:28,1532.1,304333
2021-06-10 09:44:29,1532.0,304335
2021-06-10 09:44:30,1532.1,304336
2021-06-10 09:44:31,1532.0,304361
2021-06-10 09:44:32,1532.1,304366
2021-06-10 09:44:33,1532.1,304367
2021-06-10 09:44:34,1532.05,304492
2021-06-10 09:44:35,1532.05,304567
2021-06-10 09:44:36,1532.25,304638
2021-06-10 09:44:38,1532.0,305310
2021-06-10 09:44:39,1532.0,305329
2021-06-10 09:44:40,1532.0,305358
2021-06-10 09:44:41,1532.1,305406
2021-06-10 09:44:43,1532.2,305534
2021-06-10 09:44:44,1532.2,305536
2021-06-10 09:44:45,1532.05,305543
2021-06-10 09:44:46,1531.9,305840
2021-06-10 09:44:47,1531.9,305920
2021-06-10 09:44:48,1531.9,306026
2021-06-10 09:44:50,1531.25,306111
2021-06-10 09:44:51,1531.8,306502
2021-06-10 09:44:52,1531.4,306583
2021-06-10 09:44:53,1531.75,306768
2021-06-10 09:44:55,1531.95,306823
2021-06-10 09:44:56,1531.95,306838
2021-06-10 09:44:57,1531.9,306902
2021-06-10 09:44:58,1531.45,306963
2021-06-10 09:45:00,1531.5,307005
2021-06-10 09:45:01,1531.5,307057
2021-06-10 09:45:02,1531.8,307067
2021-06-10 09:45:03,1531.9,307119
2021-06-10 09:45:04,1531.8,307131
2021-06-10 09:45:05,1531.8,307134
2021-06-10 09:45:07,1531.8,307146
2021-06-10 09:45:08,1531.8,307155
2021-06-10 09:45:10,1532.4,308004
2021-06-10 09:45:10,1532.1,307997
2021-06-10 09:45:11,1532.4,308106
2021-06-10 09:45:12,1532.5,308127
2021-06-10 09:45:13,1532.5,308131
2021-06-10 09:45:14,1532.5,308135
2021-06-10 09:45:15,1532.4,308297
2021-06-10 09:45:16,1532.4,308339
2021-06-10 09:45:17,1532.45,308347
2021-06-10 09:45:19,1532.45,308349
2021-06-10 09:45:19,1532.45,308349
2021-06-10 09:45:20,1532.4,308361
2021-06-10 09:45:21,1532.45,308364
2021-06-10 09:45:22,1532.4,308365
2021-06-10 09:45:23,1532.1,308388
2021-06-10 09:45:24,1532.25,308507
2021-06-10 09:45:25,1532.25,308611
2021-06-10 09:45:26,1532.25,308639
2021-06-10 09:45:27,1532.1,308655
2021-06-10 09:45:28,1532.25,308659
2021-06-10 09:45:29,1532.25,308659
2021-06-10 09:45:31,1532.1,308864
2021-06-10 09:45:31,1532.25,308905
2021-06-10 09:45:32,1531.9,311797
2021-06-10 09:45:33,1531.9,312374
2021-06-10 09:45:34,1532.0,312637
2021-06-10 09:45:35,1532.0,312697
2021-06-10 09:45:36,1532.3,312709
2021-06-10 09:45:37,1532.0,312714
2021-06-10 09:45:38,1532.0,312726
2021-06-10 09:45:40,1532.25,312744
2021-06-10 09:45:42,1532.05,312758
2021-06-10 09:45:42,1532.3,312761
2021-06-10 09:45:43,1532.0,312787
2021-06-10 09:45:44,1532.0,312793
2021-06-10 09:45:45,1532.25,312794
2021-06-10 09:45:46,1532.25,312794
2021-06-10 09:45:48,1532.25,312889
2021-06-10 09:45:50,1532.25,312902
2021-06-10 09:45:50,1532.25,312905
2021-06-10 09:45:51,1532.3,312950
2021-06-10 09:45:52,1532.1,313039
2021-06-10 09:45:53,1532.3,313056
2021-06-10 09:45:54,1532.3,313060
2021-06-10 09:45:55,1532.3,313061
2021-06-10 09:45:56,1532.3,313061
2021-06-10 09:45:57,1532.3,313061
2021-06-10 09:45:58,1532.1,313071
2021-06-10 09:46:00,1532.2,313073
2021-06-10 09:46:02,1531.95,314616
2021-06-10 09:46:03,1531.95,314714
2021-06-10 09:46:04,1531.9,314742
2021-06-10 09:46:04,1531.5,314758
2021-06-10 09:46:05,1531.95,314761
2021-06-10 09:46:06,1531.55,314763
2021-06-10 09:46:07,1531.5,315280
2021-06-10 09:46:08,1531.45,315344
2021-06-10 09:46:09,1531.4,315581
2021-06-10 09:46:11,1531.45,315990
2021-06-10 09:46:11,1531.5,315922
2021-06-10 09:46:12,1531.05,316022
2021-06-10 09:46:13,1531.05,316248
2021-06-10 09:46:14,1531.15,316347
2021-06-10 09:46:15,1531.5,316352
2021-06-10 09:46:16,1531.6,316413
2021-06-10 09:46:17,1531.5,316439
2021-06-10 09:46:19,1531.15,316569
2021-06-10 09:46:18,1531.5,316528
2021-06-10 09:46:20,1531.55,316758
2021-06-10 09:46:21,1531.6,316925
2021-06-10 09:46:22,1531.6,316959
2021-06-10 09:46:23,1531.0,317136
2021-06-10 09:46:24,1531.55,317172
2021-06-10 09:46:25,1531.3,317269
2021-06-10 09:46:26,1531.3,317291
2021-06-10 09:46:28,1531.25,317306
2021-06-10 09:46:30,1531.8,317408
2021-06-10 09:46:31,1531.8,317507
2021-06-10 09:46:32,1531.55,317524
2021-06-10 09:46:33,1531.55,317527
2021-06-10 09:46:34,1531.8,317538
2021-06-10 09:46:35,1531.8,317573
2021-06-10 09:46:36,1531.8,317591
2021-06-10 09:46:38,1532.0,317604
2021-06-10 09:46:38,1532.25,317870
2021-06-10 09:46:39,1532.25,317924
2021-06-10 09:46:40,1532.25,317941
2021-06-10 09:46:41,1532.25,317945
2021-06-10 09:46:42,1532.25,317947
2021-06-10 09:46:43,1532.25,317947
2021-06-10 09:46:44,1531.8,318527
2021-06-10 09:46:45,1532.2,318613
2021-06-10 09:46:46,1531.8,318763
2021-06-10 09:46:47,1532.15,318803
2021-06-10 09:46:48,1532.15,318813
2021-06-10 09:46:49,1532.2,318815
2021-06-10 09:46:50,1532.15,318818
2021-06-10 09:46:52,1532.2,318828
2021-06-10 09:46:52,1532.3,319030
2021-06-10 09:46:54,1532.2,319079
2021-06-10 09:46:55,1531.5,319209
2021-06-10 09:46:56,1531.45,320112
2021-06-10 09:46:57,1532.4,320253
2021-06-10 09:46:58,1532.4,320285
2021-06-10 09:46:59,1532.4,320302
2021-06-10 09:47:00,1532.2,320313
2021-06-10 09:47:01,1532.3,320411
2021-06-10 09:47:02,1532.3,320554
2021-06-10 09:47:03,1531.55,320587
2021-06-10 09:47:05,1531.55,320718
2021-06-10 09:47:05,1531.55,320694
2021-06-10 09:47:06,1531.95,320723
2021-06-10 09:47:07,1531.55,321250
2021-06-10 09:47:08,1531.8,321359
2021-06-10 09:47:09,1531.8,321503
2021-06-10 09:47:11,1531.8,321540
2021-06-10 09:47:11,1531.8,321534
2021-06-10 09:47:12,1531.8,321545
2021-06-10 09:47:13,1531.8,321546
2021-06-10 09:47:14,1531.8,321548
2021-06-10 09:47:16,1531.8,321744
2021-06-10 09:47:16,1531.8,321783
2021-06-10 09:47:17,1531.75,321801
2021-06-10 09:47:18,1531.55,321813
2021-06-10 09:47:19,1531.8,321816
2021-06-10 09:47:20,1531.8,321822
2021-06-10 09:47:21,1531.8,321967
2021-06-10 09:47:22,1531.8,321996
2021-06-10 09:47:23,1531.8,322001
2021-06-10 09:47:24,1531.8,322029
2021-06-10 09:47:25,1531.8,322053
2021-06-10 09:47:26,1531.55,322158
2021-06-10 09:47:27,1531.55,322184
2021-06-10 09:47:28,1531.55,322192
2021-06-10 09:47:30,1531.8,322378
2021-06-10 09:47:31,1531.8,322415
2021-06-10 09:47:31,1531.8,322422
2021-06-10 09:47:32,1531.6,322429
2021-06-10 09:47:33,1531.6,322441
2021-06-10 09:47:34,1532.0,323921
2021-06-10 09:47:35,1532.85,324706
2021-06-10 09:47:36,1532.9,324840
2021-06-10 09:47:38,1533.0,325093
2021-06-10 09:47:39,1532.9,325237
2021-06-10 09:47:40,1532.95,325292
2021-06-10 09:47:40,1533.0,325303
2021-06-10 09:47:42,1533.0,325318
2021-06-10 09:47:43,1533.0,325318
2021-06-10 09:47:44,1532.95,325323
2021-06-10 09:47:45,1533.0,325463
2021-06-10 09:47:46,1532.95,325501
2021-06-10 09:47:47,1533.0,325509
2021-06-10 09:47:48,1533.0,325550
2021-06-10 09:47:50,1532.95,325585
2021-06-10 09:47:51,1532.9,325696
2021-06-10 09:47:51,1533.0,325718
2021-06-10 09:47:52,1533.0,325732
2021-06-10 09:47:53,1532.9,325755
2021-06-10 09:47:54,1533.0,325940
2021-06-10 09:47:55,1533.0,325982
2021-06-10 09:47:56,1533.0,325990
2021-06-10 09:47:57,1532.85,326239
2021-06-10 09:47:58,1532.85,329295
2021-06-10 09:48:00,1532.85,329865
2021-06-10 09:48:01,1532.9,330022
2021-06-10 09:48:01,1533.0,330053
2021-06-10 09:48:02,1532.95,330060
2021-06-10 09:48:03,1532.95,330061
2021-06-10 09:48:04,1532.25,330161
2021-06-10 09:48:05,1532.9,330181
2021-06-10 09:48:07,1533.0,330235
2021-06-10 09:48:07,1533.0,330246
2021-06-10 09:48:09,1533.0,330248
2021-06-10 09:48:10,1533.0,330252
2021-06-10 09:48:11,1533.0,330252
2021-06-10 09:48:11,1533.0,330252
2021-06-10 09:48:12,1533.0,330252
2021-06-10 09:48:13,1533.0,330255
2021-06-10 09:48:14,1532.55,330289
2021-06-10 09:48:15,1532.95,330306
2021-06-10 09:48:16,1532.95,330309
2021-06-10 09:48:17,1532.9,330310
2021-06-10 09:48:19,1532.55,330348
2021-06-10 09:48:20,1532.9,330356
2021-06-10 09:48:21,1532.55,330422
2021-06-10 09:48:22,1532.25,330859
2021-06-10 09:48:23,1532.8,330889
2021-06-10 09:48:23,1532.9,330893
2021-06-10 09:48:24,1533.0,330894
2021-06-10 09:48:25,1532.95,330955
2021-06-10 09:48:26,1533.0,331133
2021-06-10 09:48:28,1532.85,331169
2021-06-10 09:48:29,1532.25,331177
2021-06-10 09:48:29,1532.8,331178
2021-06-10 09:48:30,1532.95,331296
2021-06-10 09:48:31,1532.95,331319
2021-06-10 09:48:32,1532.0,331846
2021-06-10 09:48:33,1532.25,331976
2021-06-10 09:48:34,1532.7,331977
2021-06-10 09:48:38,1532.95,332145
2021-06-10 09:48:38,1532.95,332140
2021-06-10 09:48:39,1532.9,332186
2021-06-10 09:48:40,1532.7,332206
2021-06-10 09:48:42,1532.9,332220
2021-06-10 09:48:43,1532.7,332238
2021-06-10 09:48:43,1532.8,332242
2021-06-10 09:48:44,1532.8,332243
2021-06-10 09:48:45,1532.7,332566
2021-06-10 09:48:46,1532.85,332637
2021-06-10 09:48:47,1532.85,332637
2021-06-10 09:48:48,1532.85,332637
2021-06-10 09:48:51,1532.8,332672
2021-06-10 09:48:52,1532.8,332678
2021-06-10 09:48:54,1532.8,332807
2021-06-10 09:48:55,1532.8,332807
2021-06-10 09:48:56,1532.55,332907
2021-06-10 09:48:57,1532.5,332923
2021-06-10 09:48:58,1532.55,333088
2021-06-10 09:48:59,1532.55,333089
2021-06-10 09:49:00,1532.55,333097
2021-06-10 09:49:01,1532.8,333199
2021-06-10 09:49:02,1532.8,333199
2021-06-10 09:49:03,1532.0,333299
2021-06-10 09:49:04,1532.8,333519
2021-06-10 09:49:05,1532.8,333544
2021-06-10 09:49:06,1532.8,333546
2021-06-10 09:49:07,1532.0,333598
2021-06-10 09:49:09,1532.75,333738
2021-06-10 09:49:09,1532.1,333743
2021-06-10 09:49:10,1532.75,333793
2021-06-10 09:49:12,1532.75,333793
2021-06-10 09:49:13,1532.75,333793
2021-06-10 09:49:14,1532.65,333794
2021-06-10 09:49:15,1532.5,333804
2021-06-10 09:49:16,1532.5,333804
2021-06-10 09:49:17,1532.5,333804
2021-06-10 09:49:18,1532.45,333808
2021-06-10 09:49:19,1532.45,333808
2021-06-10 09:49:20,1532.45,333812
2021-06-10 09:49:21,1532.1,333823
2021-06-10 09:49:23,1532.1,334123
2021-06-10 09:49:24,1532.1,334264
2021-06-10 09:49:25,1532.1,334264
2021-06-10 09:49:25,1532.1,334264
2021-06-10 09:49:28,1532.1,334284
2021-06-10 09:49:29,1532.0,334484
2021-06-10 09:49:30,1532.5,334487
2021-06-10 09:49:31,1532.05,334539
2021-06-10 09:49:33,1532.05,334540
2021-06-10 09:49:34,1532.05,334540
2021-06-10 09:49:35,1532.1,334541
2021-06-10 09:49:35,1532.6,334716
2021-06-10 09:49:36,1532.15,335054
2021-06-10 09:49:37,1532.15,335054
2021-06-10 09:49:39,1532.15,335054
2021-06-10 09:49:40,1532.15,335054
2021-06-10 09:49:41,1532.15,335132
2021-06-10 09:49:43,1532.15,335132
2021-06-10 09:49:44,1532.15,335182
2021-06-10 09:49:45,1532.15,335192
2021-06-10 09:49:46,1532.15,335192
2021-06-10 09:49:48,1532.15,335192
2021-06-10 09:49:49,1532.15,335220
2021-06-10 09:49:50,1532.0,335931
2021-06-10 09:49:52,1531.55,336441
2021-06-10 09:49:52,1531.9,336451
2021-06-10 09:49:53,1531.9,336502
2021-06-10 09:49:54,1531.5,336803
2021-06-10 09:49:55,1531.5,336903
2021-06-10 09:49:56,1531.5,336919
2021-06-10 09:49:57,1531.5,336919
2021-06-10 09:49:59,1531.5,337071
2021-06-10 09:50:00,1531.5,337189
2021-06-10 09:50:01,1531.0,337868
2021-06-10 09:50:02,1531.4,338220
2021-06-10 09:50:02,1531.4,338222
2021-06-10 09:50:03,1530.9,338753
2021-06-10 09:50:04,1530.9,338753
2021-06-10 09:50:05,1531.2,338816
2021-06-10 09:50:06,1531.2,338816
2021-06-10 09:50:07,1531.2,338816
2021-06-10 09:50:09,1531.2,338816
2021-06-10 09:50:09,1530.65,338817
2021-06-10 09:50:11,1530.65,338818
2021-06-10 09:50:12,1530.2,339236
2021-06-10 09:50:14,1530.4,339255
2021-06-10 09:50:15,1530.05,339595
2021-06-10 09:50:17,1530.15,339662
2021-06-10 09:50:18,1530.15,339662
2021-06-10 09:50:19,1530.15,339662
2021-06-10 09:50:19,1530.5,339663
2021-06-10 09:50:20,1530.5,339670
2021-06-10 09:50:21,1530.15,339720
2021-06-10 09:50:23,1529.5,341239
2021-06-10 09:50:26,1530.0,341666
2021-06-10 09:50:28,1530.0,341776
2021-06-10 09:50:29,1530.0,341786
2021-06-10 09:50:30,1530.0,341786
2021-06-10 09:50:31,1530.0,341847
2021-06-10 09:50:33,1529.55,342047
2021-06-10 09:50:34,1529.85,342073
2021-06-10 09:50:35,1529.85,342174
2021-06-10 09:50:35,1529.5,342184
2021-06-10 09:50:36,1529.55,342251
2021-06-10 09:50:37,1529.55,342251
2021-06-10 09:50:38,1529.6,342300
2021-06-10 09:50:39,1529.85,342302
2021-06-10 09:50:41,1528.55,347129
2021-06-10 09:50:42,1528.5,347131
2021-06-10 09:50:43,1529.0,347194
2021-06-10 09:50:44,1529.0,347261
2021-06-10 09:50:45,1529.0,347261
2021-06-10 09:50:45,1528.4,347361
2021-06-10 09:50:47,1528.4,347362
2021-06-10 09:50:48,1528.4,347392
2021-06-10 09:50:49,1529.45,347772
2021-06-10 09:50:51,1529.95,348130
2021-06-10 09:50:52,1529.95,348131
2021-06-10 09:50:53,1529.15,348243
2021-06-10 09:50:54,1529.15,348243
2021-06-10 09:50:55,1529.2,348341
2021-06-10 09:50:56,1529.2,348341
2021-06-10 09:50:57,1529.85,348426
2021-06-10 09:50:58,1529.85,348426
2021-06-10 09:50:59,1529.85,348426
2021-06-10 09:51:00,1529.25,348526
2021-06-10 09:51:01,1529.85,348554
2021-06-10 09:51:02,1529.8,348646
2021-06-10 09:51:03,1529.15,348661
2021-06-10 09:51:04,1529.3,348719
2021-06-10 09:51:05,1529.3,348721
2021-06-10 09:51:05,1529.3,348721
2021-06-10 09:51:06,1529.3,348721
2021-06-10 09:51:08,1529.8,348731
2021-06-10 09:51:09,1529.8,348731
2021-06-10 09:51:10,1529.8,348826
2021-06-10 09:51:11,1529.95,348926
2021-06-10 09:51:12,1529.8,348956
2021-06-10 09:51:12,1529.8,348956
2021-06-10 09:51:13,1530.0,349103
2021-06-10 09:51:14,1530.0,349103
2021-06-10 09:51:16,1530.0,349206
2021-06-10 09:51:17,1530.0,349206
2021-06-10 09:51:18,1529.95,349207
2021-06-10 09:51:19,1530.0,349407
2021-06-10 09:51:19,1530.0,349407
2021-06-10 09:51:20,1530.0,349427
2021-06-10 09:51:23,1530.0,349428
2021-06-10 09:51:24,1530.0,349430
2021-06-10 09:51:24,1530.15,349786
2021-06-10 09:51:26,1529.85,349790
2021-06-10 09:51:27,1530.0,349810
2021-06-10 09:51:28,1530.0,349810
2021-06-10 09:51:29,1530.0,349810
2021-06-10 09:51:30,1530.0,349810
2021-06-10 09:51:31,1530.0,349819
2021-06-10 09:51:33,1529.3,350079
2021-06-10 09:51:35,1529.3,350079
2021-06-10 09:51:36,1529.3,350099
2021-06-10 09:51:37,1529.3,350115
2021-06-10 09:51:38,1529.3,350115
2021-06-10 09:51:39,1529.3,350186
2021-06-10 09:51:40,1529.8,350192
2021-06-10 09:51:41,1529.3,350342
2021-06-10 09:51:42,1529.65,350477
2021-06-10 09:51:43,1529.65,350477
2021-06-10 09:51:44,1529.3,350544
2021-06-10 09:51:45,1529.3,350544
2021-06-10 09:51:46,1529.75,350744
2021-06-10 09:51:47,1529.3,350809
2021-06-10 09:51:48,1529.3,350836
2021-06-10 09:51:49,1529.3,350895
2021-06-10 09:51:50,1529.65,350900
2021-06-10 09:51:51,1529.3,350910
2021-06-10 09:51:51,1529.3,350930
2021-06-10 09:51:53,1529.3,350983
2021-06-10 09:51:54,1529.3,350983
2021-06-10 09:51:55,1529.3,351183
2021-06-10 09:51:56,1529.3,351218
2021-06-10 09:51:57,1529.25,351234
2021-06-10 09:51:57,1529.25,351234
2021-06-10 09:51:58,1530.0,351576
2021-06-10 09:51:59,1529.3,351666
2021-06-10 09:52:01,1529.3,351668
2021-06-10 09:52:02,1529.3,351678
2021-06-10 09:52:03,1529.3,351887
2021-06-10 09:52:04,1529.3,351910
2021-06-10 09:52:05,1529.3,352222
2021-06-10 09:52:06,1529.3,352222
2021-06-10 09:52:07,1529.25,352258
2021-06-10 09:52:08,1529.25,352308
2021-06-10 09:52:09,1529.1,352429
2021-06-10 09:52:10,1529.0,353042
2021-06-10 09:52:10,1529.0,353042
2021-06-10 09:52:11,1529.0,353042
2021-06-10 09:52:13,1529.0,353125
2021-06-10 09:52:14,1529.0,353125
2021-06-10 09:52:15,1528.5,353371
2021-06-10 09:52:16,1528.6,353397
2021-06-10 09:52:17,1528.6,353412
2021-06-10 09:52:18,1528.6,353412
2021-06-10 09:52:19,1528.6,353482
2021-06-10 09:52:20,1528.6,353491
2021-06-10 09:52:21,1528.9,353492
2021-06-10 09:52:22,1528.9,353492
2021-06-10 09:52:23,1528.6,353520
2021-06-10 09:52:24,1528.6,353520
2021-06-10 09:52:24,1528.6,353520
2021-06-10 09:52:25,1528.3,353542
2021-06-10 09:52:27,1528.8,353565
2021-06-10 09:52:28,1528.3,353575
2021-06-10 09:52:29,1528.5,353775
2021-06-10 09:52:30,1528.3,353800
2021-06-10 09:52:31,1528.3,353820
2021-06-10 09:52:32,1528.75,353890
2021-06-10 09:52:32,1528.75,353890
2021-06-10 09:52:33,1528.85,354080
2021-06-10 09:52:34,1528.55,354143
2021-06-10 09:52:36,1528.15,354220
2021-06-10 09:52:37,1528.15,354397
2021-06-10 09:52:38,1528.15,354417
2021-06-10 09:52:39,1528.55,354440
2021-06-10 09:52:40,1528.55,354491
2021-06-10 09:52:40,1528.55,354491
2021-06-10 09:52:41,1528.3,354511
2021-06-10 09:52:43,1528.75,354600
2021-06-10 09:52:44,1528.75,354600
2021-06-10 09:52:45,1528.4,354620
2021-06-10 09:52:46,1528.4,354620
2021-06-10 09:52:47,1528.4,354681
2021-06-10 09:52:48,1528.4,354681
2021-06-10 09:52:49,1528.4,354711
2021-06-10 09:52:50,1528.45,354725
2021-06-10 09:52:51,1528.55,354727
2021-06-10 09:52:51,1528.55,354727
2021-06-10 09:52:52,1528.55,354727
2021-06-10 09:52:54,1528.5,354772
2021-06-10 09:52:56,1528.9,354936
2021-06-10 09:52:57,1528.9,354936
2021-06-10 09:52:59,1528.9,354936
2021-06-10 09:53:00,1528.5,354938
2021-06-10 09:53:01,1528.9,354958
2021-06-10 09:53:02,1528.5,354969
2021-06-10 09:53:03,1528.5,354969
2021-06-10 09:53:05,1528.5,355070
2021-06-10 09:53:06,1528.5,355081
2021-06-10 09:53:07,1528.5,355081
2021-06-10 09:53:08,1528.95,355356
2021-06-10 09:53:09,1528.6,355381
2021-06-10 09:53:10,1528.6,355481
2021-06-10 09:53:10,1528.6,355481
2021-06-10 09:53:11,1528.6,355582
2021-06-10 09:53:12,1528.6,355582
2021-06-10 09:53:14,1528.4,356157
2021-06-10 09:53:14,1528.4,356168
2021-06-10 09:53:15,1528.4,356168
2021-06-10 09:53:17,1528.4,356211
2021-06-10 09:53:18,1528.4,357225
2021-06-10 09:53:19,1528.4,357225
2021-06-10 09:53:20,1528.2,357234
2021-06-10 09:53:21,1528.3,357298
2021-06-10 09:53:22,1528.9,357319
2021-06-10 09:53:23,1528.9,357319
2021-06-10 09:53:24,1528.9,357319
2021-06-10 09:53:25,1528.9,357319
2021-06-10 09:53:26,1528.3,357405
2021-06-10 09:53:26,1529.0,357569
2021-06-10 09:53:28,1529.0,357569
2021-06-10 09:53:29,1528.95,357575
2021-06-10 09:53:31,1528.9,357626
2021-06-10 09:53:32,1528.9,357630
2021-06-10 09:53:33,1528.3,357670
2021-06-10 09:53:34,1528.3,357670
2021-06-10 09:53:35,1528.6,357678
2021-06-10 09:53:36,1528.6,357690
2021-06-10 09:53:36,1528.6,357690
2021-06-10 09:53:37,1528.6,357820
2021-06-10 09:53:40,1528.6,357841
2021-06-10 09:53:41,1528.6,357841
2021-06-10 09:53:42,1528.6,357848
2021-06-10 09:53:43,1528.6,357858
2021-06-10 09:53:44,1528.6,357858
2021-06-10 09:53:45,1528.6,357858
2021-06-10 09:53:46,1528.7,357863
2021-06-10 09:53:47,1528.9,358108
2021-06-10 09:53:48,1528.9,358108
2021-06-10 09:53:49,1528.6,358118
2021-06-10 09:53:50,1528.9,358325
2021-06-10 09:53:51,1528.9,358325
2021-06-10 09:53:52,1528.6,358532
2021-06-10 09:53:53,1528.6,358557
2021-06-10 09:53:54,1528.6,358562
2021-06-10 09:53:55,1529.0,358565
2021-06-10 09:53:56,1529.0,358565
2021-06-10 09:53:57,1528.6,359565
2021-06-10 09:53:58,1528.6,359565
2021-06-10 09:53:59,1528.6,359565
2021-06-10 09:54:00,1528.6,359587
2021-06-10 09:54:01,1528.95,359593
2021-06-10 09:54:02,1528.95,359593
2021-06-10 09:54:03,1528.95,359594
2021-06-10 09:54:04,1528.95,359594
2021-06-10 09:54:06,1528.9,359954
2021-06-10 09:54:07,1528.9,359954
2021-06-10 09:54:08,1528.9,359955
2021-06-10 09:54:09,1528.9,359981
2021-06-10 09:54:10,1528.9,359981
2021-06-10 09:54:11,1528.9,359981
2021-06-10 09:54:12,1528.5,359982
2021-06-10 09:54:13,1528.3,359987
2021-06-10 09:54:14,1528.3,359989
2021-06-10 09:54:15,1528.5,359995
2021-06-10 09:54:16,1528.5,359995
2021-06-10 09:54:17,1528.45,360006
2021-06-10 09:54:18,1528.5,360107
2021-06-10 09:54:19,1528.5,360108
2021-06-10 09:54:20,1528.5,360108
2021-06-10 09:54:21,1528.3,360110
2021-06-10 09:54:22,1528.5,360160
2021-06-10 09:54:23,1528.5,360301
2021-06-10 09:54:24,1528.3,360352
2021-06-10 09:54:25,1528.3,360352
2021-06-10 09:54:26,1528.3,360363
2021-06-10 09:54:27,1528.3,360478
2021-06-10 09:54:28,1528.5,360480
2021-06-10 09:54:29,1528.5,360480
2021-06-10 09:54:30,1528.3,360485
2021-06-10 09:54:31,1528.3,360485
2021-06-10 09:54:32,1528.5,360488
2021-06-10 09:54:33,1528.5,360638
2021-06-10 09:54:34,1528.5,360639
2021-06-10 09:54:35,1528.5,360639
2021-06-10 09:54:36,1528.5,360805
2021-06-10 09:54:37,1528.5,360805
2021-06-10 09:54:38,1528.6,360808
2021-06-10 09:54:39,1528.6,360838
2021-06-10 09:54:40,1528.6,360838
2021-06-10 09:54:41,1528.5,360842
2021-06-10 09:54:42,1528.5,360842
2021-06-10 09:54:43,1528.5,360842
2021-06-10 09:54:44,1528.5,360842
2021-06-10 09:54:45,1528.6,360858
2021-06-10 09:54:46,1528.6,360878
2021-06-10 09:54:47,1528.6,361074
2021-06-10 09:54:48,1528.6,361074
2021-06-10 09:54:49,1528.8,361124
2021-06-10 09:54:50,1528.8,361125
2021-06-10 09:54:51,1528.8,361125
2021-06-10 09:54:52,1528.8,361125
2021-06-10 09:54:53,1528.8,361125
2021-06-10 09:54:54,1528.6,361127
2021-06-10 09:54:55,1528.6,361127
2021-06-10 09:54:56,1528.6,361127
2021-06-10 09:54:57,1528.6,361143
2021-06-10 09:54:58,1528.8,361168
2021-06-10 09:54:59,1528.8,361168
2021-06-10 09:55:00,1528.6,361171
2021-06-10 09:55:01,1528.8,361176
2021-06-10 09:55:02,1528.8,361176
2021-06-10 09:55:03,1528.6,362031
2021-06-10 09:55:05,1528.7,362036
2021-06-10 09:55:06,1528.7,362036
2021-06-10 09:55:07,1528.3,362136
2021-06-10 09:55:08,1528.3,362136
2021-06-10 09:55:09,1528.3,362137
2021-06-10 09:55:10,1528.3,362137
2021-06-10 09:55:11,1528.3,362143
2021-06-10 09:55:12,1528.3,362143
2021-06-10 09:55:13,1528.7,362149
2021-06-10 09:55:14,1528.7,362149
2021-06-10 09:55:15,1528.3,362242
2021-06-10 09:55:16,1528.3,362258
2021-06-10 09:55:18,1528.3,362265
2021-06-10 09:55:17,1528.3,362265
2021-06-10 09:55:19,1528.3,362265
2021-06-10 09:55:20,1528.5,362365
2021-06-10 09:55:21,1528.5,362365
2021-06-10 09:55:23,1528.5,362365
2021-06-10 09:55:24,1528.75,362453
2021-06-10 09:55:25,1528.3,362523
2021-06-10 09:55:27,1528.3,362574
2021-06-10 09:55:28,1528.3,362586
2021-06-10 09:55:29,1528.3,362586
2021-06-10 09:55:30,1528.3,362586
2021-06-10 09:55:31,1528.3,362586
2021-06-10 09:55:32,1528.5,362601
2021-06-10 09:55:33,1528.3,362717
2021-06-10 09:55:34,1528.5,362732
2021-06-10 09:55:35,1528.3,362832
2021-06-10 09:55:36,1528.3,362832
2021-06-10 09:55:37,1528.3,362848
2021-06-10 09:55:38,1528.3,362901
2021-06-10 09:55:39,1528.3,363002
2021-06-10 09:55:41,1528.5,363301
2021-06-10 09:55:42,1528.5,363301
2021-06-10 09:55:43,1528.5,363301
2021-06-10 09:55:44,1528.1,363703
2021-06-10 09:55:45,1528.1,363739
2021-06-10 09:55:46,1528.1,363739
2021-06-10 09:55:47,1528.75,363789
2021-06-10 09:55:48,1528.75,363789
2021-06-10 09:55:50,1528.75,363789
2021-06-10 09:55:50,1528.75,363789
2021-06-10 09:55:51,1528.8,364509
2021-06-10 09:55:52,1528.25,364521
2021-06-10 09:55:53,1528.25,364521
2021-06-10 09:55:54,1528.25,364521
2021-06-10 09:55:55,1528.25,364736
2021-06-10 09:55:56,1528.25,364736
2021-06-10 09:55:57,1527.35,365688
2021-06-10 09:55:58,1527.5,365730
2021-06-10 09:55:59,1527.5,365730
2021-06-10 09:56:00,1527.5,365732
2021-06-10 09:56:01,1527.5,365732
2021-06-10 09:56:02,1527.5,365732
2021-06-10 09:56:03,1527.8,365733
2021-06-10 09:56:04,1527.85,365783
2021-06-10 09:56:05,1527.9,365983
2021-06-10 09:56:06,1527.5,366190
2021-06-10 09:56:07,1527.5,366525
2021-06-10 09:56:08,1527.5,366530
2021-06-10 09:56:09,1527.5,366530
2021-06-10 09:56:10,1527.8,371056
2021-06-10 09:56:12,1528.0,371196
2021-06-10 09:56:12,1527.95,371181
2021-06-10 09:56:14,1528.5,371226
2021-06-10 09:56:15,1528.5,371252
2021-06-10 09:56:16,1528.5,371252
2021-06-10 09:56:17,1528.1,371302
2021-06-10 09:56:18,1528.1,371302
2021-06-10 09:56:19,1528.45,371317
2021-06-10 09:56:20,1528.45,371318
2021-06-10 09:56:21,1528.45,371318
2021-06-10 09:56:22,1528.1,371343
2021-06-10 09:56:23,1528.5,371363
2021-06-10 09:56:25,1528.5,371363
2021-06-10 09:56:26,1528.05,371474
2021-06-10 09:56:27,1528.05,371474
2021-06-10 09:56:28,1528.05,371486
2021-06-10 09:56:29,1528.05,371486
2021-06-10 09:56:30,1528.6,371621
2021-06-10 09:56:31,1528.15,371623
2021-06-10 09:56:32,1528.15,371623
2021-06-10 09:56:33,1528.1,371733
2021-06-10 09:56:34,1528.1,371858
2021-06-10 09:56:35,1528.1,371858
2021-06-10 09:56:36,1528.1,371858
2021-06-10 09:56:37,1528.05,371874
2021-06-10 09:56:38,1528.5,371899
2021-06-10 09:56:40,1528.05,371965
2021-06-10 09:56:41,1528.05,371966
2021-06-10 09:56:42,1528.05,371966
2021-06-10 09:56:43,1528.05,371966
2021-06-10 09:56:44,1528.5,372347
2021-06-10 09:56:45,1528.05,372447
2021-06-10 09:56:47,1528.05,372470
2021-06-10 09:56:48,1528.05,372470
2021-06-10 09:56:49,1528.05,372470
2021-06-10 09:56:50,1528.05,372470
2021-06-10 09:56:51,1528.45,372522
2021-06-10 09:56:52,1528.45,372522
2021-06-10 09:56:53,1528.45,372522
2021-06-10 09:56:54,1528.2,372550
2021-06-10 09:56:55,1528.2,372550
2021-06-10 09:56:56,1528.2,372566
2021-06-10 09:56:57,1528.2,372566
2021-06-10 09:56:58,1528.2,372596
2021-06-10 09:56:59,1528.2,372696
2021-06-10 09:57:00,1528.45,372713
2021-06-10 09:57:03,1528.2,372814
2021-06-10 09:57:03,1528.45,372824
2021-06-10 09:57:05,1528.45,372849
2021-06-10 09:57:06,1528.2,372851
2021-06-10 09:57:07,1528.2,372851
2021-06-10 09:57:08,1528.2,372901
2021-06-10 09:57:09,1528.2,372901
2021-06-10 09:57:10,1528.45,372904
2021-06-10 09:57:11,1528.45,372904
2021-06-10 09:57:12,1528.45,372904
2021-06-10 09:57:13,1528.45,372904
2021-06-10 09:57:14,1528.2,372905
2021-06-10 09:57:15,1528.2,372955
2021-06-10 09:57:16,1528.2,373133
2021-06-10 09:57:18,1528.2,373143
2021-06-10 09:57:18,1528.2,373143
2021-06-10 09:57:19,1528.4,373153
2021-06-10 09:57:20,1528.4,373153
2021-06-10 09:57:21,1528.45,373310
2021-06-10 09:57:22,1528.4,373355
2021-06-10 09:57:23,1528.4,373355
2021-06-10 09:57:24,1528.2,373537
2021-06-10 09:57:25,1528.2,373537
2021-06-10 09:57:26,1528.2,373537
2021-06-10 09:57:27,1528.2,373537
2021-06-10 09:57:28,1528.2,373794
2021-06-10 09:57:29,1528.2,373987
2021-06-10 09:57:30,1528.2,374076
2021-06-10 09:57:33,1528.2,374076
2021-06-10 09:57:33,1528.6,374077
2021-06-10 09:57:34,1528.6,374077
2021-06-10 09:57:35,1528.6,374077
2021-06-10 09:57:37,1528.55,374092
2021-06-10 09:57:38,1528.1,374146
2021-06-10 09:57:40,1528.1,374146
2021-06-10 09:57:41,1528.55,374192
2021-06-10 09:57:42,1528.55,374192
2021-06-10 09:57:44,1528.55,375292
2021-06-10 09:57:45,1528.15,375317
2021-06-10 09:57:45,1528.15,375317
2021-06-10 09:57:46,1528.15,375317
2021-06-10 09:57:47,1528.15,375317
2021-06-10 09:57:48,1528.15,375317
2021-06-10 09:57:49,1528.6,375322
2021-06-10 09:57:50,1528.6,375322
2021-06-10 09:57:51,1528.6,375322
2021-06-10 09:57:53,1528.15,375337
2021-06-10 09:57:54,1528.15,375337
2021-06-10 09:57:56,1528.15,375337
2021-06-10 09:57:56,1528.1,375911
2021-06-10 09:57:57,1528.7,376011
2021-06-10 09:57:58,1528.7,376011
2021-06-10 09:57:59,1528.1,376111
2021-06-10 09:58:01,1528.55,376129
2021-06-10 09:58:02,1529.0,376773
2021-06-10 09:58:04,1528.3,376776
2021-06-10 09:58:05,1529.0,376798
2021-06-10 09:58:06,1529.0,376798
2021-06-10 09:58:06,1529.0,376798
2021-06-10 09:58:07,1529.0,376798
2021-06-10 09:58:08,1528.4,376809
2021-06-10 09:58:09,1529.0,377060
2021-06-10 09:58:10,1529.0,377060
2021-06-10 09:58:11,1529.0,377060
2021-06-10 09:58:12,1529.0,377060
2021-06-10 09:58:14,1528.35,377252
2021-06-10 09:58:16,1528.35,377252
2021-06-10 09:58:16,1528.35,377268
2021-06-10 09:58:18,1528.35,377268
2021-06-10 09:58:18,1528.45,377288
2021-06-10 09:58:20,1528.45,377288
2021-06-10 09:58:22,1528.35,377363
2021-06-10 09:58:22,1528.45,377404
2021-06-10 09:58:23,1528.45,377439
2021-06-10 09:58:24,1528.45,377439
2021-06-10 09:58:25,1528.45,377439
2021-06-10 09:58:26,1528.45,377439
2021-06-10 09:58:27,1528.45,377439
2021-06-10 09:58:29,1528.35,377449
2021-06-10 09:58:30,1528.35,377450
2021-06-10 09:58:31,1528.35,377452
2021-06-10 09:58:32,1528.55,377614
2021-06-10 09:58:33,1528.35,377709
2021-06-10 09:58:34,1529.0,377851
2021-06-10 09:58:35,1528.9,377915
2021-06-10 09:58:36,1528.95,377931
2021-06-10 09:58:37,1528.95,377931
2021-06-10 09:58:39,1529.3,377985
2021-06-10 09:58:39,1529.3,377985
2021-06-10 09:58:41,1529.6,377987
2021-06-10 09:58:42,1529.6,377987
2021-06-10 09:58:44,1529.25,378050
2021-06-10 09:58:45,1529.25,378057
2021-06-10 09:58:46,1530.0,378157
2021-06-10 09:58:46,1530.0,378157
2021-06-10 09:58:47,1529.25,378211
2021-06-10 09:58:48,1529.95,378229
2021-06-10 09:58:49,1529.95,378229
2021-06-10 09:58:51,1529.25,378269
2021-06-10 09:58:52,1529.9,378449
2021-06-10 09:58:53,1529.9,378449
2021-06-10 09:58:53,1529.9,378657
2021-06-10 09:58:54,1529.4,378659
2021-06-10 09:58:55,1530.0,378664
2021-06-10 09:58:56,1530.0,378664
2021-06-10 09:58:57,1529.95,378665
2021-06-10 09:58:58,1529.95,378670
2021-06-10 09:58:59,1529.95,378680
2021-06-10 09:59:00,1529.95,378701
2021-06-10 09:59:01,1529.95,378807
2021-06-10 09:59:02,1530.0,378912
2021-06-10 09:59:03,1530.0,378912
2021-06-10 09:59:04,1530.0,378912
2021-06-10 09:59:05,1530.0,378917
2021-06-10 09:59:06,1530.0,378918
2021-06-10 09:59:07,1530.0,378918
2021-06-10 09:59:08,1530.0,378918
2021-06-10 09:59:10,1530.0,379029
2021-06-10 09:59:11,1529.95,379163
2021-06-10 09:59:12,1530.0,379164
2021-06-10 09:59:13,1530.0,379189
2021-06-10 09:59:13,1530.0,379189
2021-06-10 09:59:14,1530.0,379239
2021-06-10 09:59:15,1529.95,379241
2021-06-10 09:59:17,1529.95,379257
2021-06-10 09:59:18,1529.95,379257
2021-06-10 09:59:19,1530.0,379457
2021-06-10 09:59:19,1530.0,379458
2021-06-10 09:59:20,1530.0,379517
2021-06-10 09:59:21,1530.0,379518
2021-06-10 09:59:22,1529.95,379528
2021-06-10 09:59:24,1529.95,379541
2021-06-10 09:59:26,1529.95,379541
2021-06-10 09:59:27,1529.95,379541
2021-06-10 09:59:27,1529.95,379541
2021-06-10 09:59:28,1529.95,379541
2021-06-10 09:59:29,1530.0,379547
2021-06-10 09:59:30,1530.0,379547
2021-06-10 09:59:31,1530.0,380140
2021-06-10 09:59:32,1529.95,380931
2021-06-10 09:59:33,1529.95,380931
2021-06-10 09:59:34,1530.15,381318
2021-06-10 09:59:36,1530.8,381893
2021-06-10 09:59:37,1530.45,383063
2021-06-10 09:59:38,1530.45,383063
2021-06-10 09:59:39,1530.9,383641
2021-06-10 09:59:40,1531.0,384814
2021-06-10 09:59:41,1530.65,384824
2021-06-10 09:59:42,1531.25,384850
2021-06-10 09:59:43,1531.25,386549
2021-06-10 09:59:44,1530.1,388879
2021-06-10 09:59:44,1530.1,388879
2021-06-10 09:59:46,1530.8,389188
2021-06-10 09:59:47,1530.8,389188
2021-06-10 09:59:48,1531.3,389453
2021-06-10 09:59:49,1531.3,389453
2021-06-10 09:59:50,1531.4,389468
2021-06-10 09:59:51,1531.5,389534
2021-06-10 09:59:52,1531.3,391068
2021-06-10 09:59:53,1531.3,391068
2021-06-10 09:59:54,1530.8,391128
2021-06-10 09:59:55,1530.8,391143
2021-06-10 09:59:56,1530.8,391159
2021-06-10 09:59:58,1530.8,391414
2021-06-10 09:59:58,1530.8,391419
2021-06-10 10:00:00,1530.8,391423
2021-06-10 10:00:00,1530.15,392284
2021-06-10 10:00:01,1530.8,392290
2021-06-10 10:00:02,1530.8,392290
2021-06-10 10:00:04,1530.8,392349
2021-06-10 10:00:05,1530.8,392349
2021-06-10 10:00:06,1530.2,392350
2021-06-10 10:00:07,1530.2,392350
2021-06-10 10:00:08,1530.2,392350
2021-06-10 10:00:09,1530.2,392351
2021-06-10 10:00:10,1530.2,392353
2021-06-10 10:00:11,1530.75,392978
2021-06-10 10:00:11,1530.75,392978
2021-06-10 10:00:12,1530.75,392978
2021-06-10 10:00:13,1530.75,393084
2021-06-10 10:00:14,1530.75,393109
2021-06-10 10:00:15,1530.75,393109
2021-06-10 10:00:16,1530.8,393127
2021-06-10 10:00:17,1531.0,393128
2021-06-10 10:00:19,1530.8,393149
2021-06-10 10:00:20,1531.0,393319
2021-06-10 10:00:21,1531.0,393477
2021-06-10 10:00:22,1531.1,393490
2021-06-10 10:00:22,1531.0,393477
2021-06-10 10:00:24,1531.0,394535
2021-06-10 10:00:25,1531.1,394536
2021-06-10 10:00:26,1531.2,394744
2021-06-10 10:00:27,1531.45,394754
2021-06-10 10:00:28,1531.1,395850
2021-06-10 10:00:29,1531.4,395865
2021-06-10 10:00:29,1531.4,395950
2021-06-10 10:00:31,1531.4,395951
2021-06-10 10:00:32,1531.4,395951
2021-06-10 10:00:33,1531.4,396489
2021-06-10 10:00:34,1531.45,396566
2021-06-10 10:00:35,1531.6,396586
2021-06-10 10:00:36,1531.6,396586
2021-06-10 10:00:37,1531.6,396586
2021-06-10 10:00:38,1531.0,396587
2021-06-10 10:00:39,1531.0,396590
2021-06-10 10:00:40,1531.5,396591
2021-06-10 10:00:41,1531.0,396665
2021-06-10 10:00:43,1531.5,396666
2021-06-10 10:00:44,1531.5,396666
2021-06-10 10:00:45,1531.0,396841
2021-06-10 10:00:46,1531.0,396895
2021-06-10 10:00:47,1531.0,396895
2021-06-10 10:00:47,1531.0,396895
2021-06-10 10:00:50,1531.3,397340
2021-06-10 10:00:50,1530.75,398513
2021-06-10 10:00:51,1530.6,398633
2021-06-10 10:00:52,1530.6,398654
2021-06-10 10:00:53,1530.6,398661
2021-06-10 10:00:54,1530.75,398686
2021-06-10 10:00:55,1530.6,398862
2021-06-10 10:00:57,1530.6,398878
2021-06-10 10:00:57,1530.75,398888
2021-06-10 10:00:59,1530.75,398892
2021-06-10 10:01:00,1530.55,399266
2021-06-10 10:01:01,1531.0,399366
2021-06-10 10:01:02,1531.0,399386
2021-06-10 10:01:02,1531.0,399386
2021-06-10 10:01:04,1531.0,399386
2021-06-10 10:01:05,1530.55,399935
2021-06-10 10:01:06,1530.55,399935
2021-06-10 10:01:07,1530.55,399935
2021-06-10 10:01:08,1531.0,399936
2021-06-10 10:01:09,1531.0,399936
2021-06-10 10:01:10,1531.0,399936
2021-06-10 10:01:10,1531.0,399936
2021-06-10 10:01:12,1530.55,399951
2021-06-10 10:01:13,1530.55,399951
2021-06-10 10:01:14,1530.55,399951
2021-06-10 10:01:15,1530.55,399951
2021-06-10 10:01:16,1530.55,399951
2021-06-10 10:01:17,1530.6,399967
2021-06-10 10:01:18,1530.9,400038
2021-06-10 10:01:19,1530.9,400038
2021-06-10 10:01:20,1530.6,400042
2021-06-10 10:01:22,1530.9,400264
2021-06-10 10:01:24,1530.55,400350
2021-06-10 10:01:25,1530.55,400350
2021-06-10 10:01:26,1530.55,400350
2021-06-10 10:01:27,1530.15,400660
2021-06-10 10:01:28,1530.15,400660
2021-06-10 10:01:29,1530.25,400761
2021-06-10 10:01:30,1530.25,400761
2021-06-10 10:01:31,1530.25,400761
2021-06-10 10:01:34,1530.25,400868
2021-06-10 10:01:35,1530.85,400973
2021-06-10 10:01:36,1530.85,400973
2021-06-10 10:01:37,1530.5,401024
2021-06-10 10:01:37,1530.5,401024
2021-06-10 10:01:38,1530.5,401024
2021-06-10 10:01:40,1530.5,401027
2021-06-10 10:01:41,1530.5,401027
2021-06-10 10:01:42,1530.5,401044
2021-06-10 10:01:43,1530.5,401044
2021-06-10 10:01:44,1530.8,401054
2021-06-10 10:01:45,1530.8,401054
2021-06-10 10:01:46,1530.5,401074
2021-06-10 10:01:46,1530.5,401207
2021-06-10 10:01:47,1530.5,401207
2021-06-10 10:01:48,1530.5,401215
2021-06-10 10:01:50,1530.5,401215
2021-06-10 10:01:51,1530.5,401215
2021-06-10 10:01:52,1530.5,401215
2021-06-10 10:01:52,1530.5,401215
2021-06-10 10:01:54,1530.5,401215
2021-06-10 10:01:54,1530.5,401215
2021-06-10 10:01:56,1530.5,401225
2021-06-10 10:01:57,1530.5,401244
2021-06-10 10:01:57,1530.5,401244
2021-06-10 10:01:59,1530.5,401284
2021-06-10 10:02:00,1530.65,401287
2021-06-10 10:02:01,1530.65,401287
2021-06-10 10:02:03,1530.65,401287
2021-06-10 10:02:04,1530.65,401356
2021-06-10 10:02:05,1530.7,401399
2021-06-10 10:02:06,1530.6,402063
2021-06-10 10:02:07,1530.6,402063
2021-06-10 10:02:07,1530.75,402073
2021-06-10 10:02:08,1530.6,402135
2021-06-10 10:02:09,1530.6,402145
2021-06-10 10:02:10,1530.5,402522
2021-06-10 10:02:12,1530.5,402522
2021-06-10 10:02:13,1528.85,404690
2021-06-10 10:02:14,1528.85,404690
2021-06-10 10:02:16,1529.25,404710
2021-06-10 10:02:17,1529.8,404750
2021-06-10 10:02:18,1529.8,404750
2021-06-10 10:02:19,1529.8,404760
2021-06-10 10:02:20,1529.8,404760
2021-06-10 10:02:22,1529.85,405162
2021-06-10 10:02:25,1529.3,405163
2021-06-10 10:02:26,1529.3,405163
2021-06-10 10:02:29,1529.85,405164
2021-06-10 10:02:30,1529.85,405164
2021-06-10 10:02:31,1529.85,405317
2021-06-10 10:02:31,1529.85,405317
2021-06-10 10:02:33,1529.85,405317
2021-06-10 10:02:34,1529.4,405418
2021-06-10 10:02:35,1529.4,405419
2021-06-10 10:02:36,1529.4,405419
2021-06-10 10:02:37,1529.75,405545
2021-06-10 10:02:38,1529.75,405545
2021-06-10 10:02:39,1529.75,405545
2021-06-10 10:02:40,1529.55,405555
2021-06-10 10:02:41,1529.4,405740
2021-06-10 10:02:42,1529.4,405740
2021-06-10 10:02:42,1529.4,405740
2021-06-10 10:02:43,1529.75,405760
2021-06-10 10:02:45,1529.55,405802
2021-06-10 10:02:47,1529.55,405803
2021-06-10 10:02:48,1529.4,406249
2021-06-10 10:02:49,1529.4,406249
2021-06-10 10:02:50,1529.4,406259
2021-06-10 10:02:51,1529.4,406259
2021-06-10 10:02:52,1529.4,406469
2021-06-10 10:02:53,1529.4,406469
2021-06-10 10:02:53,1529.45,406485
2021-06-10 10:02:55,1529.85,406486
2021-06-10 10:02:56,1529.85,406486
2021-06-10 10:02:57,1529.8,406521
2021-06-10 10:02:58,1529.8,406521
2021-06-10 10:02:58,1529.8,406521
2021-06-10 10:03:00,1529.8,406521
2021-06-10 10:03:01,1529.45,406523
2021-06-10 10:03:02,1529.45,406530
2021-06-10 10:03:03,1529.85,406831
2021-06-10 10:03:05,1529.85,406831
2021-06-10 10:03:04,1529.85,406831
2021-06-10 10:03:06,1529.85,406917
2021-06-10 10:03:06,1529.85,406917
2021-06-10 10:03:08,1529.85,406917
2021-06-10 10:03:09,1529.8,406918
2021-06-10 10:03:10,1529.5,406919
2021-06-10 10:03:11,1529.5,406919
2021-06-10 10:03:13,1529.5,406920
2021-06-10 10:03:14,1529.5,406920
2021-06-10 10:03:16,1529.85,406922
2021-06-10 10:03:17,1529.85,406947
2021-06-10 10:03:18,1529.85,406947
2021-06-10 10:03:20,1529.5,407147
2021-06-10 10:03:20,1529.5,407147
2021-06-10 10:03:21,1529.5,407184
2021-06-10 10:03:23,1529.85,407188
2021-06-10 10:03:24,1529.85,407207
2021-06-10 10:03:25,1529.5,407257
2021-06-10 10:03:26,1529.5,407257
2021-06-10 10:03:27,1529.5,407257
2021-06-10 10:03:28,1529.85,407258
2021-06-10 10:03:29,1529.8,407268
2021-06-10 10:03:30,1529.8,407273
2021-06-10 10:03:31,1529.8,407273
2021-06-10 10:03:32,1529.8,407273
2021-06-10 10:03:33,1529.8,407273
2021-06-10 10:03:34,1529.8,407273
2021-06-10 10:03:35,1529.8,407316
2021-06-10 10:03:36,1529.8,407316
2021-06-10 10:03:37,1529.75,407372
2021-06-10 10:03:38,1529.9,408127
2021-06-10 10:03:39,1529.9,408127
2021-06-10 10:03:40,1529.75,408281
2021-06-10 10:03:41,1529.75,408281
2021-06-10 10:03:41,1529.75,408281
2021-06-10 10:03:44,1529.75,408351
2021-06-10 10:03:45,1529.9,408374
2021-06-10 10:03:46,1529.8,408399
2021-06-10 10:03:46,1529.8,408399
2021-06-10 10:03:48,1529.8,408499
2021-06-10 10:03:49,1529.9,408500
2021-06-10 10:03:50,1529.8,408502
2021-06-10 10:03:51,1529.8,408508
2021-06-10 10:03:52,1529.8,408539
2021-06-10 10:03:52,1529.8,408539
2021-06-10 10:03:53,1529.8,408539
2021-06-10 10:03:55,1530.0,408864
2021-06-10 10:03:57,1529.85,408983
2021-06-10 10:03:58,1529.85,408983
2021-06-10 10:03:59,1530.0,409008
2021-06-10 10:03:59,1530.0,409008
2021-06-10 10:04:00,1529.9,409180
2021-06-10 10:04:01,1529.9,409180
2021-06-10 10:04:03,1529.9,409180
2021-06-10 10:04:04,1529.9,409180
2021-06-10 10:04:06,1530.0,409182
2021-06-10 10:04:06,1530.0,409182
2021-06-10 10:04:08,1530.0,409187
2021-06-10 10:04:08,1530.0,409192
2021-06-10 10:04:10,1530.0,409192
2021-06-10 10:04:11,1530.0,409192
2021-06-10 10:04:12,1530.0,409328
2021-06-10 10:04:12,1529.9,409202
2021-06-10 10:04:13,1530.0,409328
2021-06-10 10:04:15,1530.0,409328
2021-06-10 10:04:16,1530.0,409328
2021-06-10 10:04:17,1529.95,409348
2021-06-10 10:04:18,1529.95,409475
2021-06-10 10:04:20,1530.0,409496
2021-06-10 10:04:20,1530.0,409496
2021-06-10 10:04:22,1529.95,409631
2021-06-10 10:04:23,1529.95,409631
2021-06-10 10:04:24,1529.95,409713
2021-06-10 10:04:25,1529.95,409713
2021-06-10 10:04:26,1529.95,409713
2021-06-10 10:04:27,1529.95,409737
2021-06-10 10:04:28,1529.95,409738
2021-06-10 10:04:29,1529.95,409748
2021-06-10 10:04:30,1529.95,409748
2021-06-10 10:04:31,1529.95,409748
2021-06-10 10:04:32,1530.0,409904
2021-06-10 10:04:33,1529.95,409964
2021-06-10 10:04:34,1530.0,410092
2021-06-10 10:04:35,1530.0,410112
2021-06-10 10:04:36,1529.95,410160
2021-06-10 10:04:37,1529.9,410287
2021-06-10 10:04:38,1529.9,410287
2021-06-10 10:04:39,1529.95,410292
2021-06-10 10:04:40,1529.95,410295
2021-06-10 10:04:41,1529.95,410295
2021-06-10 10:04:42,1529.95,410295
2021-06-10 10:04:43,1529.95,410369
2021-06-10 10:04:44,1529.95,410431
2021-06-10 10:04:45,1529.95,410431
2021-06-10 10:04:46,1529.95,410451
2021-06-10 10:04:47,1529.9,410651
2021-06-10 10:04:48,1529.9,410662
2021-06-10 10:04:49,1529.9,410668
2021-06-10 10:04:50,1529.9,410668
2021-06-10 10:04:51,1529.95,410669
2021-06-10 10:04:52,1529.9,410742
2021-06-10 10:04:53,1529.8,410975
2021-06-10 10:04:54,1529.7,411398
2021-06-10 10:04:55,1529.7,411605
2021-06-10 10:04:56,1529.7,411605
2021-06-10 10:04:57,1529.7,411605
2021-06-10 10:04:58,1529.65,411607
2021-06-10 10:04:59,1529.65,411607
2021-06-10 10:05:01,1529.05,411625
2021-06-10 10:05:02,1528.75,412437
2021-06-10 10:05:04,1529.55,412537
2021-06-10 10:05:03,1529.55,412537
2021-06-10 10:05:05,1529.55,412537
2021-06-10 10:05:06,1529.4,412542
2021-06-10 10:05:07,1529.65,412787
2021-06-10 10:05:08,1529.5,412806
2021-06-10 10:05:09,1529.5,412807
2021-06-10 10:05:10,1529.5,412808
2021-06-10 10:05:11,1529.5,412808
2021-06-10 10:05:12,1528.85,412908
2021-06-10 10:05:13,1529.05,412958
2021-06-10 10:05:15,1529.5,413029
2021-06-10 10:05:16,1529.05,413052
2021-06-10 10:05:17,1529.05,413052
2021-06-10 10:05:18,1529.45,413053
2021-06-10 10:05:19,1529.45,413053
2021-06-10 10:05:20,1529.45,413058
2021-06-10 10:05:21,1529.3,413059
2021-06-10 10:05:22,1529.3,413059
2021-06-10 10:05:24,1529.3,413059
2021-06-10 10:05:23,1529.3,413059
2021-06-10 10:05:25,1529.3,413059
2021-06-10 10:05:26,1529.3,413061
2021-06-10 10:05:27,1529.05,413073
2021-06-10 10:05:28,1529.3,413074
2021-06-10 10:05:30,1529.3,413074
2021-06-10 10:05:31,1529.05,413075
2021-06-10 10:05:32,1529.05,413075
2021-06-10 10:05:33,1529.05,413075
2021-06-10 10:05:34,1529.05,413075
2021-06-10 10:05:35,1529.05,413075
2021-06-10 10:05:36,1529.4,413105
2021-06-10 10:05:37,1529.3,413170
2021-06-10 10:05:38,1529.4,413317
2021-06-10 10:05:39,1529.4,413317
2021-06-10 10:05:40,1529.4,413317
2021-06-10 10:05:41,1529.3,413368
2021-06-10 10:05:42,1529.3,413368
2021-06-10 10:05:44,1529.3,413368
2021-06-10 10:05:43,1529.3,413368
2021-06-10 10:05:45,1529.3,413368
2021-06-10 10:05:46,1529.4,413623
2021-06-10 10:05:47,1529.3,413626
2021-06-10 10:05:48,1529.3,413631
2021-06-10 10:05:49,1529.3,413631
2021-06-10 10:05:50,1529.4,413656
2021-06-10 10:05:51,1529.3,413676
2021-06-10 10:05:52,1529.3,413676
2021-06-10 10:05:53,1529.3,413676
2021-06-10 10:05:55,1529.3,413694
2021-06-10 10:05:54,1529.3,413694
2021-06-10 10:05:56,1529.3,413694
2021-06-10 10:05:57,1529.8,413838
2021-06-10 10:05:58,1529.8,413838
2021-06-10 10:05:59,1529.3,413843
2021-06-10 10:06:00,1529.3,413845
2021-06-10 10:06:01,1529.3,413855
2021-06-10 10:06:02,1529.3,413855
2021-06-10 10:06:03,1529.3,413855
2021-06-10 10:06:04,1529.3,413945
2021-06-10 10:06:05,1529.3,413945
2021-06-10 10:06:06,1529.3,413945
2021-06-10 10:06:07,1529.8,413962
2021-06-10 10:06:08,1529.8,413962
2021-06-10 10:06:09,1529.3,413963
2021-06-10 10:06:11,1529.3,413982
2021-06-10 10:06:12,1529.3,413982
2021-06-10 10:06:14,1529.3,413982
2021-06-10 10:06:15,1529.8,413985
2021-06-10 10:06:16,1529.8,413986
2021-06-10 10:06:17,1529.8,413986
2021-06-10 10:06:18,1529.35,414000
2021-06-10 10:06:19,1529.35,414000
2021-06-10 10:06:20,1529.35,414000
2021-06-10 10:06:21,1529.65,414016
2021-06-10 10:06:22,1529.75,414018
2021-06-10 10:06:23,1529.65,414159
2021-06-10 10:06:24,1529.75,414160
2021-06-10 10:06:25,1529.75,414160
2021-06-10 10:06:27,1529.75,414160
2021-06-10 10:06:28,1529.75,414238
2021-06-10 10:06:29,1529.75,414238
2021-06-10 10:06:30,1529.75,414238
2021-06-10 10:06:31,1529.65,414288
2021-06-10 10:06:32,1529.65,414297
2021-06-10 10:06:33,1529.75,414311
2021-06-10 10:06:34,1529.65,414331
2021-06-10 10:06:35,1529.75,414483
2021-06-10 10:06:37,1529.75,414483
2021-06-10 10:06:38,1529.75,414483
2021-06-10 10:06:38,1529.75,414483
2021-06-10 10:06:39,1529.75,414483
2021-06-10 10:06:41,1529.65,414504
2021-06-10 10:06:42,1529.7,414507
2021-06-10 10:06:43,1529.7,414508
2021-06-10 10:06:45,1529.75,414523
2021-06-10 10:06:45,1529.75,414638
2021-06-10 10:06:46,1529.75,414638
2021-06-10 10:06:47,1529.75,414649
2021-06-10 10:06:48,1529.75,414649
2021-06-10 10:06:49,1529.75,414649
2021-06-10 10:06:50,1529.65,414654
2021-06-10 10:06:51,1529.65,414654
2021-06-10 10:06:52,1529.65,414657
2021-06-10 10:06:53,1529.65,414657
2021-06-10 10:06:54,1529.75,414661
2021-06-10 10:06:55,1529.85,414938
2021-06-10 10:06:57,1530.0,414943
2021-06-10 10:06:57,1530.0,414943
2021-06-10 10:06:58,1530.0,414963
2021-06-10 10:06:59,1530.0,414982
2021-06-10 10:07:00,1529.7,414991
2021-06-10 10:07:01,1529.7,414991
2021-06-10 10:07:03,1529.7,414991
2021-06-10 10:07:05,1529.7,414994
2021-06-10 10:07:06,1530.0,414996
2021-06-10 10:07:07,1530.0,414996
2021-06-10 10:07:07,1530.0,414996
2021-06-10 10:07:08,1529.7,415046
2021-06-10 10:07:09,1529.7,415048
2021-06-10 10:07:11,1529.7,415063
2021-06-10 10:07:12,1529.7,415063
2021-06-10 10:07:13,1529.7,415063
2021-06-10 10:07:15,1529.7,415063
2021-06-10 10:07:16,1529.75,415084
2021-06-10 10:07:17,1529.75,415659
2021-06-10 10:07:18,1529.75,415659
2021-06-10 10:07:19,1529.75,415659
2021-06-10 10:07:20,1529.75,415659
2021-06-10 10:07:22,1529.7,415673
2021-06-10 10:07:22,1529.7,415673
2021-06-10 10:07:23,1531.0,416933
2021-06-10 10:07:24,1531.0,416933
2021-06-10 10:07:25,1531.0,416933
2021-06-10 10:07:26,1531.0,416936
2021-06-10 10:07:27,1530.4,417088
2021-06-10 10:07:28,1530.4,417088
2021-06-10 10:07:30,1530.5,417114
2021-06-10 10:07:30,1530.5,417114
2021-06-10 10:07:31,1531.0,417115
2021-06-10 10:07:32,1531.0,417115
2021-06-10 10:07:33,1531.0,417115
2021-06-10 10:07:35,1531.0,417127
2021-06-10 10:07:36,1531.25,417139
2021-06-10 10:07:37,1531.25,417139
2021-06-10 10:07:39,1531.25,417139
2021-06-10 10:07:39,1531.25,417139
2021-06-10 10:07:40,1531.05,417142
2021-06-10 10:07:41,1530.55,417178
2021-06-10 10:07:42,1531.0,417179
2021-06-10 10:07:43,1531.0,417179
2021-06-10 10:07:45,1530.55,417237
2021-06-10 10:07:48,1531.0,417245
2021-06-10 10:07:49,1531.0,417245
2021-06-10 10:07:50,1530.55,417250
2021-06-10 10:07:50,1530.55,417250
2021-06-10 10:07:51,1530.55,417581
2021-06-10 10:07:52,1530.55,418009
2021-06-10 10:07:53,1530.55,418095
2021-06-10 10:08:01,1530.35,419119
2021-06-10 10:08:05,1530.35,419337
2021-06-10 10:08:08,1530.35,419337
2021-06-10 10:08:12,1530.05,419622
2021-06-10 10:08:16,1530.35,419627
2021-06-10 10:08:20,1530.05,419643
2021-06-10 10:08:29,1530.05,419852
2021-06-10 10:08:33,1531.0,420954
2021-06-10 10:08:37,1530.3,420972
2021-06-10 10:08:46,1530.3,420981
2021-06-10 10:08:50,1530.6,420990
2021-06-10 10:08:54,1530.6,420992
2021-06-10 10:08:57,1530.7,421219
2021-06-10 10:09:01,1530.3,421307
2021-06-10 10:09:09,1530.65,421343
2021-06-10 10:09:13,1530.7,421487
2021-06-10 10:09:17,1530.3,421603
2021-06-10 10:09:20,1530.6,421615
2021-06-10 10:09:24,1530.3,421619
2021-06-10 10:09:28,1530.7,421755
2021-06-10 10:09:31,1530.7,421767
2021-06-10 10:09:35,1530.7,421767
2021-06-10 10:09:39,1530.6,421772
2021-06-10 10:09:43,1531.0,422198
2021-06-10 10:09:47,1530.7,422208
2021-06-10 10:09:50,1531.0,422346
