timestamp,ltp,volume
2021-06-10 09:16:07,123.8,471804
2021-06-10 09:16:14,123.2,498102
2021-06-10 09:16:20,123.15,521374
2021-06-10 09:16:27,123.0,544619
2021-06-10 09:16:33,122.8,629417
2021-06-10 09:16:39,122.85,648952
2021-06-10 09:16:45,122.8,668609
2021-06-10 09:16:52,122.8,679659
2021-06-10 09:16:58,122.85,686026
2021-06-10 09:17:04,122.95,691701
2021-06-10 09:17:11,122.95,702525
2021-06-10 09:17:17,122.9,731891
2021-06-10 09:17:42,122.9,799551
2021-06-10 09:17:48,122.9,807947
2021-06-10 09:17:54,122.9,829124
2021-06-10 09:18:00,122.7,884503
2021-06-10 09:18:12,122.85,892989
2021-06-10 09:18:18,122.8,904920
2021-06-10 09:18:24,122.7,933067
2021-06-10 09:18:31,122.85,988054
2021-06-10 09:18:36,122.75,996754
2021-06-10 09:18:48,122.95,1024056
2021-06-10 09:18:54,122.5,1149916
2021-06-10 09:19:01,122.65,1167867
2021-06-10 09:19:07,122.85,1183569
2021-06-10 09:19:19,122.75,1191307
2021-06-10 09:19:25,122.9,1209452
2021-06-10 09:20:01,123.0,1327143
2021-06-10 09:20:07,123.0,1334354
2021-06-10 09:20:13,122.95,1341105
2021-06-10 09:20:19,123.0,1343433
2021-06-10 09:20:25,123.0,1347405
2021-06-10 09:20:31,122.9,1381512
2021-06-10 09:20:37,123.0,1398264
2021-06-10 09:20:43,122.95,1404598
2021-06-10 09:20:54,123.15,1432398
2021-06-10 09:21:00,123.1,1437089
2021-06-10 09:21:06,123.2,1442806
2021-06-10 09:21:11,123.35,1446060
2021-06-10 09:21:17,123.3,1448957
2021-06-10 09:21:23,123.45,1453079
2021-06-10 09:21:29,123.45,1454207
2021-06-10 09:21:35,123.35,1456211
2021-06-10 09:21:41,123.4,1474474
2021-06-10 09:21:46,123.4,1481714
2021-06-10 09:21:52,123.45,1484103
2021-06-10 09:21:58,123.5,1492017
2021-06-10 09:22:04,123.45,1501361
2021-06-10 09:22:10,123.5,1506446
2021-06-10 09:22:15,123.55,1550433
2021-06-10 09:22:21,123.6,1554602
2021-06-10 09:22:27,123.65,1564053
2021-06-10 09:22:32,123.7,1565288
2021-06-10 09:22:38,123.85,1580681
2021-06-10 09:22:44,123.75,1595468
2021-06-10 09:22:50,123.8,1597064
2021-06-10 09:22:56,123.75,1599311
2021-06-10 09:23:07,123.75,1672733
2021-06-10 09:23:13,123.9,1691716
2021-06-10 09:23:18,123.9,1712002
2021-06-10 09:23:24,123.85,1713331
2021-06-10 09:23:30,123.8,1722328
2021-06-10 09:23:35,123.8,1726777
2021-06-10 09:23:41,123.75,1737731
2021-06-10 09:23:46,123.75,1742313
2021-06-10 09:23:52,123.8,1743442
2021-06-10 09:23:58,123.8,1744907
2021-06-10 09:24:03,123.8,1745849
2021-06-10 09:24:09,123.8,1748361
2021-06-10 09:24:14,123.85,1753719
2021-06-10 09:24:20,123.8,1756304
2021-06-10 09:24:25,123.8,1757377
2021-06-10 09:24:31,123.75,1757675
2021-06-10 09:24:36,123.75,1758146
2021-06-10 09:24:42,123.75,1760027
2021-06-10 09:24:47,123.8,1765257
2021-06-10 09:24:53,123.75,1765869
2021-06-10 09:24:58,123.8,1769440
2021-06-10 09:25:04,123.85,1770988
2021-06-10 09:25:09,123.8,1779913
2021-06-10 09:25:15,123.7,1803984
2021-06-10 09:25:20,123.65,1808982
2021-06-10 09:25:25,123.75,1812934
2021-06-10 09:25:31,123.65,1813550
2021-06-10 09:25:36,123.65,1820818
2021-06-10 09:25:41,123.6,1825038
2021-06-10 09:25:47,123.5,1834938
2021-06-10 09:25:52,123.6,1837075
2021-06-10 09:25:57,123.4,1873496
2021-06-10 09:26:03,123.35,1875933
2021-06-10 09:26:09,123.4,1877215
2021-06-10 09:26:14,123.4,1878099
2021-06-10 09:26:20,123.6,1883528
2021-06-10 09:26:26,123.7,1894247
2021-06-10 09:26:31,123.75,1906020
2021-06-10 09:26:37,123.8,1927825
2021-06-10 09:26:42,123.75,1935529
2021-06-10 09:26:47,123.8,1948096
2021-06-10 09:26:53,123.5,1953618
2021-06-10 09:26:59,123.55,1955632
2021-06-10 09:27:04,123.6,1956912
2021-06-10 09:27:10,123.55,1958192
2021-06-10 09:27:16,123.6,1960767
2021-06-10 09:27:21,123.55,1962610
2021-06-10 09:27:27,123.6,1966304
2021-06-10 09:27:33,123.65,1967577
2021-06-10 09:27:38,123.55,1970915
2021-06-10 09:27:44,123.55,1972730
2021-06-10 09:27:49,123.6,1974831
2021-06-10 09:27:55,123.55,1978814
2021-06-10 09:28:00,123.5,1994819
2021-06-10 09:28:06,123.5,1996104
2021-06-10 09:28:11,123.4,2002026
2021-06-10 09:28:16,123.55,2038789
2021-06-10 09:28:22,123.6,2043675
2021-06-10 09:28:27,123.5,2046575
2021-06-10 09:28:32,123.55,2046882
2021-06-10 09:28:38,123.6,2048150
2021-06-10 09:28:43,123.6,2048471
2021-06-10 09:28:48,123.6,2049076
2021-06-10 09:28:53,123.65,2054282
2021-06-10 09:28:58,123.65,2055813
2021-06-10 09:29:03,123.7,2058847
2021-06-10 09:29:08,123.7,2060257
2021-06-10 09:29:13,123.7,2064103
2021-06-10 09:29:18,123.8,2087450
2021-06-10 09:29:23,123.85,2095439
2021-06-10 09:29:28,123.9,2112175
2021-06-10 09:29:33,123.95,2112968
2021-06-10 09:29:44,123.95,2141520
2021-06-10 09:29:49,124.05,2143810
2021-06-10 09:29:54,124.05,2153517
2021-06-10 09:29:59,124.1,2155683
2021-06-10 09:30:05,124.1,2159312
2021-06-10 09:30:11,124.1,2169604
2021-06-10 09:30:16,124.1,2174047
2021-06-10 09:30:22,124.15,2181128
2021-06-10 09:30:27,124.1,2184347
2021-06-10 09:30:32,124.0,2187211
2021-06-10 09:30:42,124.0,2200661
2021-06-10 09:30:48,124.0,2203041
2021-06-10 09:30:53,124.0,2208822
2021-06-10 09:31:03,124.1,2211763
2021-06-10 09:31:08,124.15,2234097
2021-06-10 09:31:14,124.1,2236480
2021-06-10 09:31:19,124.15,2238398
2021-06-10 09:31:24,124.15,2240824
2021-06-10 09:31:29,124.15,2250638
2021-06-10 09:31:34,124.15,2252331
2021-06-10 09:31:40,124.2,2254380
2021-06-10 09:31:45,124.2,2259091
2021-06-10 09:31:50,124.2,2261230
2021-06-10 09:31:55,124.15,2264210
2021-06-10 09:32:00,124.25,2277624
2021-06-10 09:32:05,124.3,2283724
2021-06-10 09:32:10,124.3,2285278
2021-06-10 09:32:15,124.3,2289010
2021-06-10 09:32:20,124.35,2293143
2021-06-10 09:32:25,124.35,2299017
2021-06-10 09:32:40,124.4,2374424
2021-06-10 09:32:45,124.5,2376934
2021-06-10 09:32:50,124.4,2386085
2021-06-10 09:32:55,124.3,2409786
2021-06-10 09:33:01,124.3,2412017
2021-06-10 09:33:06,124.35,2413541
2021-06-10 09:33:11,124.15,2431109
2021-06-10 09:33:16,124.2,2435724
2021-06-10 09:33:21,124.25,2439165
2021-06-10 09:33:26,124.25,2441424
2021-06-10 09:33:31,124.2,2442710
2021-06-10 09:33:36,124.15,2446551
2021-06-10 09:33:41,124.25,2447586
2021-06-10 09:33:46,124.2,2449989
2021-06-10 09:33:51,124.25,2450511
2021-06-10 09:33:56,124.25,2450863
2021-06-10 09:34:01,124.3,2452018
2021-06-10 09:34:06,124.25,2452335
2021-06-10 09:34:11,124.2,2453365
2021-06-10 09:34:16,124.3,2464348
2021-06-10 09:34:21,124.25,2466079
2021-06-10 09:34:26,124.4,2469236
2021-06-10 09:34:31,124.3,2471823
2021-06-10 09:34:36,124.3,2473935
2021-06-10 09:34:41,124.3,2475568
2021-06-10 09:34:46,124.25,2479404
2021-06-10 09:34:51,124.25,2480918
2021-06-10 09:35:00,124.3,2482085
2021-06-10 09:35:05,124.1,2490768
2021-06-10 09:35:10,124.1,2491483
2021-06-10 09:35:14,124.2,2491903
2021-06-10 09:35:19,124.2,2493216
2021-06-10 09:35:24,124.2,2502418
2021-06-10 09:35:29,124.2,2502831
2021-06-10 09:35:33,124.1,2512377
2021-06-10 09:35:38,124.1,2514830
2021-06-10 09:35:43,124.2,2600552
2021-06-10 09:35:48,124.2,2607142
2021-06-10 09:35:52,124.1,2694122
2021-06-10 09:35:57,124.15,2696521
2021-06-10 09:36:01,124.15,2697216
2021-06-10 09:36:06,124.05,2698265
2021-06-10 09:36:16,124.15,2862867
2021-06-10 09:36:21,124.05,2871670
2021-06-10 09:36:26,124.15,2873062
2021-06-10 09:36:31,124.05,2881748
2021-06-10 09:36:36,124.05,2882944
2021-06-10 09:36:41,124.05,2885564
2021-06-10 09:36:46,124.05,2886334
2021-06-10 09:36:51,124.0,2894293
2021-06-10 09:36:55,123.8,2917017
2021-06-10 09:37:00,123.95,2926943
2021-06-10 09:37:05,123.75,2960525
2021-06-10 09:37:10,123.65,2968993
2021-06-10 09:37:15,123.65,2972864
2021-06-10 09:37:20,123.7,2981249
2021-06-10 09:37:34,123.85,3000158
2021-06-10 09:37:39,123.9,3000500
2021-06-10 09:37:44,123.95,3001333
2021-06-10 09:37:48,123.9,3001749
2021-06-10 09:37:53,123.95,3002678
2021-06-10 09:37:58,124.0,3006250
2021-06-10 09:38:03,124.0,3006250
2021-06-10 09:38:07,123.95,3006516
2021-06-10 09:38:13,123.95,3007630
2021-06-10 09:38:17,123.95,3007803
2021-06-10 09:38:22,124.0,3010618
2021-06-10 09:38:26,123.9,3010953
2021-06-10 09:38:31,124.0,3012135
2021-06-10 09:38:36,123.9,3013186
2021-06-10 09:38:40,124.0,3013840
2021-06-10 09:38:45,123.9,3014702
2021-06-10 09:38:50,123.9,3015463
2021-06-10 09:38:55,123.9,3015918
2021-06-10 09:38:59,123.9,3018364
2021-06-10 09:39:04,124.0,3027006
2021-06-10 09:39:08,123.95,3028042
2021-06-10 09:39:13,124.0,3029291
2021-06-10 09:39:22,123.95,3039402
2021-06-10 09:39:27,123.9,3041051
2021-06-10 09:39:32,124.0,3048889
2021-06-10 09:39:37,123.9,3049199
2021-06-10 09:39:42,123.95,3049639
2021-06-10 09:39:46,123.95,3049651
2021-06-10 09:39:51,123.9,3066155
2021-06-10 09:39:55,123.85,3072941
2021-06-10 09:40:00,123.8,3074637
2021-06-10 09:40:04,123.75,3082778
2021-06-10 09:40:09,123.8,3084352
2021-06-10 09:40:14,123.75,3094144
2021-06-10 09:40:18,123.75,3094735
2021-06-10 09:40:23,123.7,3098768
2021-06-10 09:40:28,123.65,3099953
2021-06-10 09:40:33,123.7,3109118
2021-06-10 09:40:38,123.7,3109722
2021-06-10 09:40:42,123.75,3111014
2021-06-10 09:40:46,123.8,3113335
2021-06-10 09:40:51,123.85,3114717
2021-06-10 09:40:55,123.85,3119942
2021-06-10 09:41:00,123.85,3121087
2021-06-10 09:41:05,123.9,3121636
2021-06-10 09:41:09,123.9,3122912
2021-06-10 09:41:14,123.9,3124804
2021-06-10 09:41:18,123.9,3125702
2021-06-10 09:41:23,123.9,3127579
2021-06-10 09:41:28,123.8,3128223
2021-06-10 09:41:32,123.9,3128539
2021-06-10 09:41:37,123.85,3129962
2021-06-10 09:41:41,123.9,3135570
2021-06-10 09:41:46,124.0,3138790
2021-06-10 09:41:50,124.0,3140865
2021-06-10 09:41:55,124.0,3141160
2021-06-10 09:41:59,124.0,3142439
2021-06-10 09:42:03,123.95,3145148
2021-06-10 09:42:08,124.0,3145729
2021-06-10 09:42:12,124.0,3146409
2021-06-10 09:42:17,123.95,3146695
2021-06-10 09:42:21,124.0,3147238
2021-06-10 09:42:25,124.0,3147978
2021-06-10 09:42:29,124.0,3148221
2021-06-10 09:42:33,123.95,3149374
2021-06-10 09:42:37,124.0,3150191
2021-06-10 09:42:42,123.9,3163957
2021-06-10 09:42:46,123.9,3164459
2021-06-10 09:42:50,123.9,3165745
2021-06-10 09:42:55,123.95,3166406
2021-06-10 09:42:59,123.95,3166557
2021-06-10 09:43:04,123.9,3167649
2021-06-10 09:43:09,123.85,3169370
2021-06-10 09:43:13,123.85,3170210
2021-06-10 09:43:18,123.9,3170492
2021-06-10 09:43:22,123.85,3170993
2021-06-10 09:43:27,123.85,3171073
2021-06-10 09:43:31,123.9,3172106
2021-06-10 09:43:36,123.95,3172306
2021-06-10 09:43:45,123.95,3173137
2021-06-10 09:43:49,123.85,3178348
2021-06-10 09:43:54,123.8,3179339
2021-06-10 09:43:58,123.8,3181360
2021-06-10 09:44:03,123.85,3181849
2021-06-10 09:44:07,123.75,3181928
2021-06-10 09:44:12,123.8,3182665
2021-06-10 09:44:17,123.75,3182881
2021-06-10 09:44:21,123.85,3183730
2021-06-10 09:44:26,123.8,3184142
2021-06-10 09:44:30,123.85,3184965
2021-06-10 09:44:35,123.85,3185485
2021-06-10 09:44:39,123.8,3185836
2021-06-10 09:44:44,123.8,3186927
2021-06-10 09:44:49,123.8,3188112
2021-06-10 09:44:53,123.8,3188583
2021-06-10 09:44:57,123.75,3191988
2021-06-10 09:45:01,123.75,3194725
2021-06-10 09:45:05,123.75,3196060
2021-06-10 09:45:10,123.75,3196295
2021-06-10 09:45:14,123.85,3199779
2021-06-10 09:45:18,123.95,3199960
2021-06-10 09:45:23,123.9,3201028
2021-06-10 09:45:27,123.95,3201030
2021-06-10 09:45:31,123.9,3201179
2021-06-10 09:45:36,123.95,3202346
2021-06-10 09:45:40,123.9,3202446
2021-06-10 09:45:44,123.95,3203717
2021-06-10 09:45:48,123.9,3204416
2021-06-10 09:45:52,123.9,3206017
2021-06-10 09:45:57,123.95,3206127
2021-06-10 09:46:01,124.0,3207309
2021-06-10 09:46:05,123.95,3207961
2021-06-10 09:46:10,124.0,3209968
2021-06-10 09:46:14,124.0,3210087
2021-06-10 09:46:18,124.0,3224847
2021-06-10 09:46:28,124.0,3234006
2021-06-10 09:46:32,124.0,3234889
2021-06-10 09:46:37,123.9,3251093
2021-06-10 09:46:41,123.85,3251889
2021-06-10 09:46:46,123.95,3252951
2021-06-10 09:46:50,123.95,3253203
2021-06-10 09:46:55,123.95,3253462
2021-06-10 09:46:59,123.95,3253540
2021-06-10 09:47:04,123.95,3255384
2021-06-10 09:47:09,123.95,3267077
2021-06-10 09:47:13,124.05,3278109
2021-06-10 09:47:18,124.25,3292308
2021-06-10 09:47:22,124.25,3293549
2021-06-10 09:47:26,124.25,3294298
2021-06-10 09:47:30,124.25,3294908
2021-06-10 09:47:35,124.25,3294975
2021-06-10 09:47:39,124.2,3295310
2021-06-10 09:47:43,124.25,3295562
2021-06-10 09:47:47,124.2,3296707
2021-06-10 09:47:51,124.15,3297764
2021-06-10 09:47:55,124.25,3300167
2021-06-10 09:48:00,124.25,3303407
2021-06-10 09:48:09,124.2,3303664
2021-06-10 09:48:13,124.15,3304922
2021-06-10 09:48:18,124.15,3321264
2021-06-10 09:48:23,124.15,3324809
2021-06-10 09:48:27,124.15,3327692
2021-06-10 09:48:32,124.05,3329250
2021-06-10 09:48:36,124.15,3330058
2021-06-10 09:48:41,124.1,3330232
2021-06-10 09:48:46,124.1,3330237
2021-06-10 09:48:50,124.15,3333112
2021-06-10 09:48:54,124.15,3333500
2021-06-10 09:48:58,124.1,3334387
2021-06-10 09:49:03,124.1,3334753
2021-06-10 09:49:07,124.1,3335696
2021-06-10 09:49:11,124.15,3336341
2021-06-10 09:49:15,124.15,3337573
2021-06-10 09:49:20,124.15,3337796
2021-06-10 09:49:24,124.15,3338127
2021-06-10 09:49:28,124.2,3341843
2021-06-10 09:49:32,124.15,3342037
2021-06-10 09:49:36,124.2,3342617
2021-06-10 09:49:40,124.25,3348259
2021-06-10 09:49:45,124.25,3349607
2021-06-10 09:49:49,124.25,3360013
2021-06-10 09:49:53,124.25,3361544
2021-06-10 09:50:03,124.3,3366993
2021-06-10 09:50:07,124.3,3368223
2021-06-10 09:50:11,124.2,3368305
2021-06-10 09:50:15,124.2,3368778
2021-06-10 09:50:20,124.2,3369922
2021-06-10 09:50:29,124.25,3375197
2021-06-10 09:50:33,124.25,3376323
2021-06-10 09:50:37,124.25,3382812
2021-06-10 09:50:41,124.35,3382945
2021-06-10 09:50:45,124.35,3384354
2021-06-10 09:50:50,124.25,3384618
2021-06-10 09:50:54,124.25,3384671
2021-06-10 09:50:57,124.35,3384873
2021-06-10 09:51:02,124.35,3385572
2021-06-10 09:51:06,124.3,3390999
2021-06-10 09:51:09,124.25,3392758
2021-06-10 09:51:13,124.35,3392986
2021-06-10 09:51:17,124.25,3393146
2021-06-10 09:51:22,124.3,3393730
2021-06-10 09:51:26,124.25,3393864
2021-06-10 09:51:30,124.3,3394991
2021-06-10 09:51:34,124.35,3397450
2021-06-10 09:51:39,124.25,3399315
2021-06-10 09:51:48,124.25,3415517
2021-06-10 09:51:52,124.3,3415572
2021-06-10 09:51:56,124.25,3416130
2021-06-10 09:52:04,124.35,3416431
2021-06-10 09:52:08,124.35,3422689
2021-06-10 09:52:16,124.35,3436825
2021-06-10 09:52:20,124.35,3438499
2021-06-10 09:52:24,124.3,3464219
2021-06-10 09:52:29,124.4,3470441
2021-06-10 09:52:34,124.4,3471723
2021-06-10 09:52:38,124.35,3476991
2021-06-10 09:52:43,124.4,3477899
2021-06-10 09:52:48,124.35,3480225
2021-06-10 09:52:52,124.35,3484875
2021-06-10 09:52:57,124.35,3485348
2021-06-10 09:53:01,124.35,3485549
2021-06-10 09:53:05,124.35,3486045
2021-06-10 09:53:09,124.35,3487205
2021-06-10 09:53:14,124.35,3487331
2021-06-10 09:53:18,124.35,3487672
2021-06-10 09:53:22,124.4,3487794
2021-06-10 09:53:26,124.35,3488427
2021-06-10 09:53:31,124.35,3489405
2021-06-10 09:53:35,124.3,3490359
2021-06-10 09:53:39,124.4,3496124
2021-06-10 09:53:42,124.35,3497051
2021-06-10 09:53:46,124.3,3513411
2021-06-10 09:53:50,124.35,3515657
2021-06-10 09:53:59,124.3,3517738
2021-06-10 09:54:07,124.35,3525710
2021-06-10 09:54:11,124.3,3541133
2021-06-10 09:54:15,124.45,3591185
2021-06-10 09:54:19,124.35,3591863
2021-06-10 09:54:23,124.4,3592198
2021-06-10 09:54:27,124.4,3592521
2021-06-10 09:54:31,124.35,3593312
2021-06-10 09:54:35,124.4,3593342
2021-06-10 09:54:39,124.35,3594532
2021-06-10 09:54:43,124.4,3602540
2021-06-10 09:54:46,124.4,3602542
2021-06-10 09:54:50,124.3,3603385
2021-06-10 09:54:54,124.4,3604530
2021-06-10 09:54:59,124.35,3604649
2021-06-10 09:55:03,124.35,3606765
2021-06-10 09:55:07,124.45,3608423
2021-06-10 09:55:11,124.4,3608767
2021-06-10 09:55:15,124.4,3608822
2021-06-10 09:55:19,124.4,3608956
2021-06-10 09:55:24,124.4,3609591
2021-06-10 09:55:28,124.4,3609746
2021-06-10 09:55:32,124.4,3609962
2021-06-10 09:55:35,124.4,3610074
2021-06-10 09:55:39,124.45,3610635
2021-06-10 09:55:43,124.4,3610642
2021-06-10 09:55:47,124.35,3612582
2021-06-10 09:55:51,124.4,3612716
2021-06-10 09:55:55,124.45,3613303
2021-06-10 09:55:58,124.4,3613423
2021-06-10 09:56:02,124.45,3613844
2021-06-10 09:56:06,124.45,3614008
2021-06-10 09:56:10,124.45,3615167
2021-06-10 09:56:13,124.45,3616270
2021-06-10 09:56:17,124.45,3616270
2021-06-10 09:56:21,124.4,3616694
2021-06-10 09:56:24,124.45,3617684
2021-06-10 09:56:31,124.4,3618448
2021-06-10 09:56:35,124.4,3618671
2021-06-10 09:56:39,124.45,3620209
2021-06-10 09:56:42,124.45,3622520
2021-06-10 09:56:46,124.45,3622551
2021-06-10 09:56:50,124.45,3622561
2021-06-10 09:56:53,124.4,3623661
2021-06-10 09:56:57,124.4,3624301
2021-06-10 09:57:01,124.45,3625293
2021-06-10 09:57:05,124.45,3625849
2021-06-10 09:57:08,124.4,3628998
2021-06-10 09:57:12,124.45,3629062
2021-06-10 09:57:16,124.4,3629680
2021-06-10 09:57:19,124.4,3630542
2021-06-10 09:57:27,124.4,3634148
2021-06-10 09:57:31,124.4,3634202
2021-06-10 09:57:34,124.4,3634702
2021-06-10 09:57:38,124.3,3635517
2021-06-10 09:57:42,124.3,3635620
2021-06-10 09:57:46,124.3,3636702
2021-06-10 09:57:50,124.35,3636769
2021-06-10 09:57:54,124.35,3637351
2021-06-10 09:57:57,124.35,3637358
2021-06-10 09:58:08,124.35,3647646
2021-06-10 09:58:12,124.35,3650217
2021-06-10 09:58:16,124.3,3650435
2021-06-10 09:58:20,124.4,3650686
2021-06-10 09:58:24,124.4,3650702
2021-06-10 09:58:27,124.4,3652257
2021-06-10 09:58:31,124.4,3653157
2021-06-10 09:58:35,124.4,3653374
2021-06-10 09:58:38,124.35,3654589
2021-06-10 09:58:42,124.4,3654639
2021-06-10 09:58:45,124.4,3654675
2021-06-10 09:58:49,124.4,3654887
2021-06-10 09:58:52,124.35,3655693
2021-06-10 09:59:00,124.35,3656592
2021-06-10 09:59:04,124.35,3661685
2021-06-10 09:59:07,124.35,3661757
2021-06-10 09:59:11,124.35,3662829
2021-06-10 09:59:15,124.35,3662932
2021-06-10 09:59:18,124.35,3663009
2021-06-10 09:59:22,124.35,3666631
2021-06-10 09:59:26,124.35,3666777
2021-06-10 09:59:31,124.4,3666858
2021-06-10 09:59:35,124.35,3668159
2021-06-10 09:59:39,124.35,3668305
2021-06-10 09:59:44,124.35,3668305
2021-06-10 09:59:48,124.3,3668775
2021-06-10 09:59:52,124.4,3668877
2021-06-10 09:59:56,124.35,3668905
2021-06-10 10:00:00,124.35,3669503
2021-06-10 10:00:04,124.35,3669512
2021-06-10 10:00:08,124.4,3671151
2021-06-10 10:00:12,124.45,3692628
2021-06-10 10:00:16,124.5,3694028
2021-06-10 10:00:20,124.45,3694242
2021-06-10 10:00:24,124.5,3696320
2021-06-10 10:00:28,124.5,3697230
2021-06-10 10:00:32,124.5,3733500
2021-06-10 10:00:36,124.6,3735329
2021-06-10 10:00:40,124.65,3762349
2021-06-10 10:00:44,124.55,3762532
2021-06-10 10:00:53,124.65,3771747
2021-06-10 10:00:57,124.65,3773890
2021-06-10 10:01:01,124.7,3776984
2021-06-10 10:01:05,124.6,3778842
2021-06-10 10:01:09,124.6,3782400
2021-06-10 10:01:13,124.65,3783087
2021-06-10 10:01:17,124.6,3788563
2021-06-10 10:01:21,124.6,3789465
2021-06-10 10:01:25,124.6,3791515
2021-06-10 10:01:29,124.65,3794192
2021-06-10 10:01:37,124.55,3795128
2021-06-10 10:01:40,124.6,3795215
2021-06-10 10:01:44,124.55,3819026
2021-06-10 10:01:48,124.45,3819161
2021-06-10 10:01:52,124.55,3820816
2021-06-10 10:01:56,124.45,3833788
2021-06-10 10:01:59,124.4,3834467
2021-06-10 10:02:03,124.45,3835097
2021-06-10 10:02:08,124.3,3840017
2021-06-10 10:02:12,124.3,3847161
2021-06-10 10:02:16,124.3,3848519
2021-06-10 10:02:25,124.4,3906318
2021-06-10 10:02:30,124.45,3921589
2021-06-10 10:02:34,124.4,3926683
2021-06-10 10:02:38,124.4,3927937
2021-06-10 10:02:42,124.45,3928456
2021-06-10 10:02:46,124.5,3933632
2021-06-10 10:02:50,124.5,3933643
2021-06-10 10:02:57,124.4,3939010
2021-06-10 10:03:01,124.3,3939111
2021-06-10 10:03:05,124.4,3939295
2021-06-10 10:03:09,124.4,3939445
2021-06-10 10:03:13,124.4,3939554
2021-06-10 10:03:16,124.3,3939772
2021-06-10 10:03:20,124.35,3940995
2021-06-10 10:03:24,124.45,3943209
2021-06-10 10:03:28,124.35,3943831
2021-06-10 10:03:32,124.4,3944029
2021-06-10 10:03:36,124.3,3944030
2021-06-10 10:03:39,124.4,3944154
2021-06-10 10:03:43,124.3,3944443
2021-06-10 10:03:46,124.3,3944658
2021-06-10 10:03:50,124.3,3945011
2021-06-10 10:03:53,124.3,3945191
2021-06-10 10:03:58,124.4,3945528
2021-06-10 10:04:02,124.3,3955919
2021-06-10 10:04:06,124.3,3956282
2021-06-10 10:04:11,124.3,3956483
2021-06-10 10:04:14,124.25,3957338
2021-06-10 10:04:18,124.25,3957353
2021-06-10 10:04:22,124.25,3957354
2021-06-10 10:04:26,124.2,3958567
2021-06-10 10:04:30,124.25,3958588
2021-06-10 10:04:33,124.15,3959721
2021-06-10 10:04:37,124.2,3963029
2021-06-10 10:04:41,124.1,3963291
2021-06-10 10:04:45,124.2,3963577
2021-06-10 10:04:48,124.2,3964147
2021-06-10 10:04:52,124.1,3964208
2021-06-10 10:04:56,124.1,3964413
2021-06-10 10:05:08,124.1,3968792
2021-06-10 10:05:12,124.15,3980803
2021-06-10 10:05:19,124.15,3980968
2021-06-10 10:05:23,124.15,3981018
2021-06-10 10:05:27,124.1,3981428
2021-06-10 10:05:30,124.15,3981438
2021-06-10 10:05:34,124.15,3984191
2021-06-10 10:05:38,124.15,3988042
2021-06-10 10:05:41,124.1,3989571
2021-06-10 10:05:45,124.15,3995210
2021-06-10 10:05:49,124.1,3996520
2021-06-10 10:05:52,124.05,3996694
2021-06-10 10:05:56,124.05,3997372
2021-06-10 10:05:59,124.05,3997627
2021-06-10 10:06:03,124.1,4000343
2021-06-10 10:06:07,124.05,4000375
2021-06-10 10:06:14,124.05,4004176
2021-06-10 10:06:18,124.05,4005428
2021-06-10 10:06:22,124.05,4006329
2021-06-10 10:06:25,124.05,4008035
2021-06-10 10:06:29,124.0,4012180
2021-06-10 10:06:34,123.95,4043338
2021-06-10 10:06:38,124.0,4043443
2021-06-10 10:06:42,123.9,4043729
2021-06-10 10:06:46,124.0,4043895
2021-06-10 10:06:51,123.95,4049391
2021-06-10 10:06:55,124.05,4069800
2021-06-10 10:07:03,124.1,4070028
2021-06-10 10:07:07,124.15,4071594
2021-06-10 10:07:11,124.2,4071659
2021-06-10 10:07:15,124.25,4090949
2021-06-10 10:07:19,124.25,4091821
2021-06-10 10:07:23,124.2,4095113
2021-06-10 10:07:27,124.15,4096332
2021-06-10 10:07:30,124.15,4103301
2021-06-10 10:07:34,124.15,4103631
2021-06-10 10:07:38,124.3,4108060
2021-06-10 10:07:41,124.25,4108062
2021-06-10 10:07:52,124.25,4111400
2021-06-10 10:07:56,124.25,4111450
2021-06-10 10:08:00,124.15,4112980
2021-06-10 10:08:04,124.25,4113605
2021-06-10 10:08:07,124.25,4113608
2021-06-10 10:08:11,124.15,4115352
2021-06-10 10:08:15,124.25,4115671
2021-06-10 10:08:19,124.2,4117435
2021-06-10 10:08:23,124.25,4117556
2021-06-10 10:08:27,124.25,4118026
2021-06-10 10:08:31,124.15,4118028
2021-06-10 10:08:35,124.2,4118375
2021-06-10 10:08:39,124.3,4119728
2021-06-10 10:08:44,124.25,4119747
2021-06-10 10:08:49,124.2,4123395
2021-06-10 10:08:52,124.2,4123395
2021-06-10 10:08:56,124.2,4148532
2021-06-10 10:09:00,124.2,4148638
2021-06-10 10:09:04,124.2,4149245
2021-06-10 10:09:08,124.2,4151692
2021-06-10 10:09:11,124.2,4151697
2021-06-10 10:09:15,124.2,4152182
2021-06-10 10:09:19,124.15,4152303
2021-06-10 10:09:23,124.15,4156326
2021-06-10 10:09:26,124.05,4162546
2021-06-10 10:09:30,124.15,4162599
2021-06-10 10:09:34,124.05,4162748
2021-06-10 10:09:38,124.05,4165107
2021-06-10 10:09:42,124.05,4165137
2021-06-10 10:09:45,124.05,4165315
2021-06-10 10:09:49,124.15,4165431
2021-06-10 10:09:53,124.1,4165468
2021-06-10 10:09:57,124.15,4166565
2021-06-10 10:10:00,124.2,4167088
2021-06-10 10:10:04,124.1,4167500
2021-06-10 10:10:08,124.1,4167983
2021-06-10 10:10:12,124.15,4169681
2021-06-10 10:10:15,124.15,4169822
2021-06-10 10:10:19,124.15,4170032
2021-06-10 10:10:22,124.15,4176934
2021-06-10 10:10:27,124.1,4177911
2021-06-10 10:10:31,124.05,4179041
2021-06-10 10:10:35,124.1,4180092
2021-06-10 10:10:39,124.15,4181574
2021-06-10 10:10:42,124.2,4181953
2021-06-10 10:10:46,124.2,4182016
2021-06-10 10:10:50,124.2,4182269
2021-06-10 10:10:53,124.2,4182579
2021-06-10 10:11:01,124.2,4184974
2021-06-10 10:11:05,124.25,4184987
2021-06-10 10:11:09,124.3,4189620
2021-06-10 10:11:12,124.35,4207437
2021-06-10 10:11:16,124.35,4210148
2021-06-10 10:11:20,124.35,4212408
2021-06-10 10:11:23,124.35,4212544
2021-06-10 10:11:26,124.4,4214225
2021-06-10 10:11:30,124.3,4214725
2021-06-10 10:11:34,124.3,4214731
2021-06-10 10:11:38,124.35,4215064
2021-06-10 10:11:42,124.35,4215144
2021-06-10 10:11:49,124.35,4218408
2021-06-10 10:11:54,124.35,4221694
2021-06-10 10:11:57,124.3,4224406
2021-06-10 10:12:01,124.4,4227027
2021-06-10 10:12:05,124.3,4227071
2021-06-10 10:12:09,124.35,4227272
2021-06-10 10:12:12,124.35,4227284
2021-06-10 10:12:16,124.35,4227312
2021-06-10 10:12:19,124.35,4227711
2021-06-10 10:12:23,124.35,4229149
2021-06-10 10:12:27,124.35,4229262
2021-06-10 10:12:30,124.35,4229290
2021-06-10 10:12:33,124.35,4229409
2021-06-10 10:12:36,124.3,4232174
2021-06-10 10:12:40,124.35,4233321
2021-06-10 10:12:43,124.35,4233323
2021-06-10 10:12:46,124.35,4245887
2021-06-10 10:12:50,124.35,4245887
2021-06-10 10:12:53,124.35,4245891
2021-06-10 10:12:56,124.3,4246767
2021-06-10 10:12:59,124.25,4246773
2021-06-10 10:13:03,124.25,4247057
2021-06-10 10:13:06,124.25,4249708
2021-06-10 10:13:10,124.2,4250064
2021-06-10 10:13:13,124.25,4251750
2021-06-10 10:13:16,124.2,4251806
2021-06-10 10:13:19,124.2,4251806
2021-06-10 10:13:26,124.3,4253716
2021-06-10 10:13:29,124.3,4253768
2021-06-10 10:13:33,124.2,4256237
2021-06-10 10:13:36,124.25,4256254
2021-06-10 10:13:39,124.25,4256267
2021-06-10 10:13:42,124.25,4256371
2021-06-10 10:13:45,124.2,4256473
2021-06-10 10:13:48,124.25,4256608
2021-06-10 10:13:51,124.25,4256833
2021-06-10 10:13:54,124.2,4257013
2021-06-10 10:13:58,124.2,4257613
2021-06-10 10:14:00,124.2,4257613
2021-06-10 10:14:03,124.25,4257849
2021-06-10 10:14:07,124.3,4258993
2021-06-10 10:14:10,124.25,4259039
2021-06-10 10:14:13,124.25,4259205
2021-06-10 10:14:17,124.3,4259737
2021-06-10 10:14:21,124.3,4260835
2021-06-10 10:14:24,124.25,4261061
2021-06-10 10:14:28,124.35,4261217
2021-06-10 10:14:31,124.35,4261732
2021-06-10 10:14:35,124.35,4261766
2021-06-10 10:14:38,124.3,4262553
2021-06-10 10:14:42,124.35,4263587
2021-06-10 10:14:45,124.25,4264598
2021-06-10 10:14:48,124.35,4264690
2021-06-10 10:14:52,124.3,4265128
2021-06-10 10:14:56,124.35,4265359
2021-06-10 10:15:00,124.35,4271774
2021-06-10 10:15:04,124.4,4271994
2021-06-10 10:15:07,124.3,4272400
2021-06-10 10:15:14,124.3,4273813
2021-06-10 10:15:17,124.3,4273851
2021-06-10 10:15:21,124.4,4273913
2021-06-10 10:15:25,124.4,4273997
2021-06-10 10:15:28,124.4,4274007
2021-06-10 10:15:31,124.35,4274207
2021-06-10 10:15:35,124.4,4274260
2021-06-10 10:15:39,124.35,4275549
2021-06-10 10:15:43,124.4,4275818
2021-06-10 10:15:47,124.35,4276000
2021-06-10 10:15:50,124.4,4278020
2021-06-10 10:15:53,124.4,4279592
2021-06-10 10:15:56,124.35,4279616
2021-06-10 10:15:59,124.35,4279616
2021-06-10 10:16:02,124.4,4281681
2021-06-10 10:16:05,124.35,4281800
2021-06-10 10:16:09,124.35,4281805
2021-06-10 10:16:12,124.4,4282191
2021-06-10 10:16:15,124.4,4282395
2021-06-10 10:16:18,124.35,4283032
2021-06-10 10:16:21,124.35,4283169
2021-06-10 10:16:24,124.35,4283295
2021-06-10 10:16:27,124.35,4283310
2021-06-10 10:16:30,124.4,4286016
2021-06-10 10:16:34,124.35,4286080
2021-06-10 10:16:37,124.35,4286580
2021-06-10 10:16:40,124.35,4286881
2021-06-10 10:16:44,124.4,4286887
2021-06-10 10:16:48,124.4,4287519
2021-06-10 10:16:51,124.4,4287830
2021-06-10 10:16:55,124.4,4287830
2021-06-10 10:16:58,124.4,4287846
2021-06-10 10:17:02,124.4,4288098
2021-06-10 10:17:06,124.35,4289643
2021-06-10 10:17:09,124.4,4290053
2021-06-10 10:17:13,124.4,4290059
2021-06-10 10:17:16,124.35,4291776
2021-06-10 10:17:20,124.45,4293109
2021-06-10 10:17:23,124.4,4293266
2021-06-10 10:17:26,124.35,4294058
2021-06-10 10:17:29,124.35,4294058
2021-06-10 10:17:32,124.35,4294197
2021-06-10 10:17:36,124.45,4294548
2021-06-10 10:17:39,124.4,4295795
2021-06-10 10:17:42,124.4,4296857
2021-06-10 10:17:45,124.4,4296973
2021-06-10 10:17:49,124.35,4297336
2021-06-10 10:17:52,124.4,4297439
2021-06-10 10:17:55,124.35,4297452
2021-06-10 10:17:59,124.45,4298715
2021-06-10 10:18:02,124.45,4298775
2021-06-10 10:18:05,124.45,4299605
2021-06-10 10:18:08,124.4,4300326
2021-06-10 10:18:11,124.5,4314821
2021-06-10 10:18:15,124.4,4315493
2021-06-10 10:18:18,124.45,4322897
2021-06-10 10:18:21,124.5,4331968
2021-06-10 10:18:25,124.5,4332046
2021-06-10 10:18:28,124.45,4332746
2021-06-10 10:18:31,124.5,4336087
2021-06-10 10:18:34,124.45,4336156
2021-06-10 10:18:38,124.4,4337585
2021-06-10 10:18:41,124.4,4338341
2021-06-10 10:18:43,124.5,4338503
2021-06-10 10:18:47,124.5,4338506
2021-06-10 10:18:50,124.5,4339217
2021-06-10 10:18:54,124.5,4339371
2021-06-10 10:18:57,124.45,4339621
2021-06-10 10:19:00,124.4,4339721
2021-06-10 10:19:03,124.4,4339848
2021-06-10 10:19:06,124.5,4339890
2021-06-10 10:19:10,124.4,4343864
2021-06-10 10:19:13,124.5,4349336
2021-06-10 10:19:16,124.4,4357262
2021-06-10 10:19:19,124.4,4357456
2021-06-10 10:19:22,124.5,4357511
2021-06-10 10:19:25,124.5,4357638
2021-06-10 10:19:28,124.45,4357751
2021-06-10 10:19:31,124.45,4357751
2021-06-10 10:19:34,124.45,4357850
2021-06-10 10:19:38,124.5,4358594
2021-06-10 10:19:42,124.45,4358713
2021-06-10 10:19:45,124.45,4360966
2021-06-10 10:19:48,124.45,4373009
2021-06-10 10:19:52,124.4,4375140
2021-06-10 10:19:55,124.4,4375140
2021-06-10 10:19:58,124.4,4375643
2021-06-10 10:20:02,124.4,4378747
2021-06-10 10:20:05,124.5,4378756
2021-06-10 10:20:08,124.4,4378757
2021-06-10 10:20:11,124.4,4378859
2021-06-10 10:20:15,124.4,4378880
2021-06-10 10:20:18,124.5,4378904
2021-06-10 10:20:21,124.5,4379099
2021-06-10 10:20:25,124.45,4379401
2021-06-10 10:20:28,124.45,4379404
2021-06-10 10:20:31,124.4,4379679
2021-06-10 10:20:35,124.45,4379794
2021-06-10 10:20:38,124.5,4379958
2021-06-10 10:20:44,124.5,4380026
2021-06-10 10:20:48,124.45,4380080
2021-06-10 10:20:51,124.45,4382511
2021-06-10 10:20:58,124.45,4384594
2021-06-10 10:21:02,124.5,4384716
2021-06-10 10:21:05,124.5,4384868
2021-06-10 10:21:09,124.45,4387097
2021-06-10 10:21:12,124.45,4387114
2021-06-10 10:21:15,124.5,4388479
2021-06-10 10:21:19,124.45,4389574
2021-06-10 10:21:22,124.45,4390010
2021-06-10 10:21:25,124.45,4390110
2021-06-10 10:21:28,124.4,4391285
2021-06-10 10:21:32,124.45,4391288
2021-06-10 10:21:35,124.45,4391750
2021-06-10 10:21:38,124.45,4391851
2021-06-10 10:21:41,124.45,4391939
2021-06-10 10:21:44,124.45,4391990
2021-06-10 10:21:47,124.45,4392578
2021-06-10 10:21:51,124.45,4392794
2021-06-10 10:21:54,124.4,4393057
2021-06-10 10:21:57,124.45,4393127
2021-06-10 10:22:00,124.45,4393127
2021-06-10 10:22:04,124.4,4393207
2021-06-10 10:22:08,124.4,4393718
2021-06-10 10:22:12,124.4,4411856
2021-06-10 10:22:16,124.35,4412005
2021-06-10 10:22:19,124.35,4412075
2021-06-10 10:22:22,124.3,4412176
2021-06-10 10:22:26,124.35,4412666
2021-06-10 10:22:30,124.35,4413036
2021-06-10 10:22:33,124.25,4418326
2021-06-10 10:22:37,124.25,4418949
2021-06-10 10:22:40,124.25,4420247
2021-06-10 10:22:44,124.3,4420568
2021-06-10 10:22:47,124.35,4423028
2021-06-10 10:22:50,124.35,4423028
2021-06-10 10:22:53,124.35,4423044
2021-06-10 10:22:57,124.3,4423114
2021-06-10 10:23:01,124.3,4423266
2021-06-10 10:23:04,124.3,4428102
2021-06-10 10:23:08,124.25,4428461
2021-06-10 10:23:11,124.25,4428461
2021-06-10 10:23:15,124.3,4429022
2021-06-10 10:23:18,124.25,4430205
2021-06-10 10:23:22,124.25,4430403
2021-06-10 10:23:26,124.35,4430905
2021-06-10 10:23:30,124.35,4433334
2021-06-10 10:23:34,124.35,4433615
2021-06-10 10:23:38,124.25,4433621
2021-06-10 10:23:42,124.25,4434090
2021-06-10 10:23:46,124.25,4435033
2021-06-10 10:23:51,124.35,4435233
2021-06-10 10:23:58,124.35,4435812
2021-06-10 10:24:02,124.25,4435913
2021-06-10 10:24:06,124.35,4436118
2021-06-10 10:24:10,124.25,4436119
2021-06-10 10:24:14,124.25,4436669
2021-06-10 10:24:21,124.3,4436725
2021-06-10 10:24:25,124.3,4436801
2021-06-10 10:24:29,124.3,4437123
2021-06-10 10:24:32,124.3,4437367
2021-06-10 10:24:35,124.3,4437393
2021-06-10 10:24:39,124.3,4439822
2021-06-10 10:24:42,124.25,4441335
2021-06-10 10:24:46,124.25,4441561
2021-06-10 10:24:49,124.3,4441572
2021-06-10 10:24:53,124.3,4442873
2021-06-10 10:24:56,124.3,4442873
2021-06-10 10:25:00,124.3,4443065
2021-06-10 10:25:03,124.35,4444918
2021-06-10 10:25:06,124.35,4444919
2021-06-10 10:25:09,124.35,4444919
2021-06-10 10:25:16,124.35,4445532
2021-06-10 10:25:20,124.35,4446928
2021-06-10 10:25:23,124.25,4449078
2021-06-10 10:25:27,124.25,4449193
2021-06-10 10:25:30,124.35,4449393
2021-06-10 10:25:33,124.25,4449704
2021-06-10 10:25:37,124.35,4451073
2021-06-10 10:25:40,124.25,4451416
2021-06-10 10:25:44,124.25,4451634
2021-06-10 10:25:47,124.25,4451659
2021-06-10 10:25:50,124.25,4451685
2021-06-10 10:25:54,124.25,4452789
2021-06-10 10:25:57,124.25,4459079
2021-06-10 10:26:00,124.25,4459305
2021-06-10 10:26:03,124.3,4459317
2021-06-10 10:26:07,124.25,4459331
2021-06-10 10:26:10,124.25,4459385
2021-06-10 10:26:40,124.3,4463224
2021-06-10 10:26:43,124.25,4463354
2021-06-10 10:26:46,124.3,4463362
2021-06-10 10:26:50,124.3,4463475
2021-06-10 10:26:53,124.3,4463483
2021-06-10 10:26:57,124.3,4463485
2021-06-10 10:27:00,124.3,4465515
2021-06-10 10:27:04,124.25,4465623
2021-06-10 10:27:07,124.3,4465726
2021-06-10 10:27:10,124.25,4465737
2021-06-10 10:27:13,124.25,4465787
2021-06-10 10:27:16,124.25,4465790
2021-06-10 10:27:19,124.25,4466693
2021-06-10 10:27:23,124.3,4466696
2021-06-10 10:27:26,124.25,4466797
2021-06-10 10:27:29,124.25,4466870
2021-06-10 10:27:33,124.25,4466934
2021-06-10 10:27:36,124.3,4467012
2021-06-10 10:27:40,124.3,4468240
2021-06-10 10:27:43,124.25,4468295
2021-06-10 10:27:46,124.25,4477142
2021-06-10 10:27:49,124.2,4477249
2021-06-10 10:27:53,124.2,4477264
2021-06-10 10:27:56,124.3,4477454
2021-06-10 10:28:00,124.3,4477730
2021-06-10 10:28:03,124.3,4477730
2021-06-10 10:28:06,124.2,4477853
2021-06-10 10:28:10,124.25,4477878
2021-06-10 10:28:13,124.25,4477909
2021-06-10 10:28:17,124.2,4477911
2021-06-10 10:28:20,124.3,4479276
2021-06-10 10:28:24,124.2,4480332
2021-06-10 10:28:27,124.25,4480624
2021-06-10 10:28:31,124.2,4481625
2021-06-10 10:28:34,124.25,4481818
2021-06-10 10:28:38,124.3,4483601
2021-06-10 10:28:41,124.2,4483606
2021-06-10 10:28:44,124.3,4484093
2021-06-10 10:28:47,124.3,4484210
2021-06-10 10:28:50,124.25,4484416
2021-06-10 10:28:54,124.2,4485561
2021-06-10 10:28:57,124.2,4485571
2021-06-10 10:29:00,124.2,4485596
2021-06-10 10:29:03,124.25,4485606
2021-06-10 10:29:06,124.25,4485607
2021-06-10 10:29:09,124.2,4485757
2021-06-10 10:29:13,124.25,4485878
2021-06-10 10:29:16,124.25,4485979
2021-06-10 10:29:20,124.2,4485990
2021-06-10 10:29:23,124.2,4486196
2021-06-10 10:29:26,124.25,4486258
2021-06-10 10:29:30,124.25,4486289
2021-06-10 10:29:33,124.25,4486790
2021-06-10 10:29:36,124.2,4487446
2021-06-10 10:29:39,124.25,4488773
2021-06-10 10:29:43,124.25,4488801
2021-06-10 10:29:46,124.25,4488819
2021-06-10 10:29:49,124.3,4488874
2021-06-10 10:29:52,124.3,4490035
2021-06-10 10:29:56,124.3,4492153
2021-06-10 10:29:59,124.3,4493971
2021-06-10 10:30:03,124.25,4494123
2021-06-10 10:30:06,124.25,4494849
2021-06-10 10:30:10,124.3,4495103
2021-06-10 10:30:13,124.3,4495148
2021-06-10 10:30:16,124.2,4496648
2021-06-10 10:30:19,124.2,4496648
2021-06-10 10:30:23,124.25,4501351
2021-06-10 10:30:27,124.2,4501555
2021-06-10 10:30:30,124.2,4502263
2021-06-10 10:30:34,124.25,4502383
2021-06-10 10:30:37,124.3,4502987
2021-06-10 10:30:40,124.3,4503019
2021-06-10 10:30:43,124.3,4503019
2021-06-10 10:30:46,124.25,4503058
2021-06-10 10:30:50,124.3,4504423
2021-06-10 10:30:54,124.25,4505224
2021-06-10 10:30:58,124.3,4506253
2021-06-10 10:31:01,124.3,4506327
2021-06-10 10:31:04,124.25,4506357
2021-06-10 10:31:08,124.3,4506358
2021-06-10 10:31:11,124.25,4506363
2021-06-10 10:31:15,124.25,4512561
2021-06-10 10:31:18,124.25,4513075
2021-06-10 10:31:21,124.3,4513248
2021-06-10 10:31:25,124.25,4513704
2021-06-10 10:31:28,124.3,4514546
2021-06-10 10:31:31,124.3,4514649
2021-06-10 10:31:34,124.3,4515278
2021-06-10 10:31:37,124.25,4515364
2021-06-10 10:31:40,124.25,4515374
2021-06-10 10:31:43,124.3,4518704
2021-06-10 10:31:47,124.25,4518753
2021-06-10 10:31:50,124.2,4519193
2021-06-10 10:31:53,124.3,4519294
2021-06-10 10:31:56,124.3,4519294
2021-06-10 10:31:59,124.25,4519378
2021-06-10 10:32:02,124.3,4519917
2021-06-10 10:32:06,124.3,4520027
2021-06-10 10:32:09,124.25,4520142
2021-06-10 10:32:12,124.25,4520142
2021-06-10 10:32:15,124.25,4520353
2021-06-10 10:32:18,124.3,4520956
2021-06-10 10:32:22,124.3,4520957
2021-06-10 10:32:28,124.3,4523012
2021-06-10 10:32:31,124.3,4523012
2021-06-10 10:32:34,124.25,4523112
2021-06-10 10:32:37,124.25,4525558
2021-06-10 10:32:40,124.2,4525873
2021-06-10 10:32:43,124.3,4526009
2021-06-10 10:32:49,124.2,4527159
2021-06-10 10:32:53,124.2,4527296
2021-06-10 10:32:56,124.2,4527448
2021-06-10 10:32:59,124.2,4528448
2021-06-10 10:33:02,124.2,4528549
2021-06-10 10:33:05,124.2,4528568
2021-06-10 10:33:08,124.2,4528843
2021-06-10 10:33:11,124.2,4533601
2021-06-10 10:33:14,124.2,4533602
2021-06-10 10:33:16,124.25,4533603
2021-06-10 10:33:19,124.25,4533643
2021-06-10 10:33:22,124.25,4533643
2021-06-10 10:33:25,124.3,4533648
2021-06-10 10:33:28,124.25,4533698
2021-06-10 10:33:31,124.25,4533699
2021-06-10 10:33:34,124.2,4533939
2021-06-10 10:33:39,124.3,4535334
2021-06-10 10:33:42,124.3,4537032
2021-06-10 10:33:46,124.2,4537662
2021-06-10 10:33:49,124.3,4564443
2021-06-10 10:33:52,124.3,4565295
2021-06-10 10:33:55,124.35,4565490
2021-06-10 10:33:58,124.35,4566095
2021-06-10 10:34:02,124.35,4566355
2021-06-10 10:34:05,124.35,4566455
2021-06-10 10:34:08,124.35,4567602
2021-06-10 10:34:11,124.35,4570608
2021-06-10 10:34:14,124.4,4584305
2021-06-10 10:34:17,124.35,4585337
2021-06-10 10:34:21,124.5,4608248
2021-06-10 10:34:23,124.5,4608389
2021-06-10 10:34:26,124.45,4611611
2021-06-10 10:34:29,124.5,4657689
2021-06-10 10:34:32,124.45,4671908
2021-06-10 10:34:36,124.5,4685451
2021-06-10 10:34:40,124.5,4706802
2021-06-10 10:34:43,124.45,4707944
2021-06-10 10:34:45,124.45,4710634
2021-06-10 10:34:49,124.4,4711546
2021-06-10 10:34:53,124.4,4713496
2021-06-10 10:34:55,124.4,4713501
2021-06-10 10:34:59,124.4,4713662
2021-06-10 10:35:01,124.45,4714669
2021-06-10 10:35:04,124.45,4715571
2021-06-10 10:35:07,124.4,4715940
2021-06-10 10:35:11,124.45,4716077
2021-06-10 10:35:14,124.45,4716502
2021-06-10 10:35:17,124.45,4717514
2021-06-10 10:35:21,124.4,4717521
2021-06-10 10:35:24,124.45,4717573
2021-06-10 10:35:27,124.4,4717608
2021-06-10 10:35:30,124.45,4718511
2021-06-10 10:35:36,124.4,4719261
2021-06-10 10:35:40,124.4,4725459
2021-06-10 10:35:43,124.4,4726931
2021-06-10 10:35:46,124.45,4727044
2021-06-10 10:35:50,124.4,4727404
2021-06-10 10:35:53,124.4,4727526
2021-06-10 10:35:56,124.4,4727526
2021-06-10 10:35:59,124.4,4728386
2021-06-10 10:36:02,124.45,4728646
2021-06-10 10:36:05,124.4,4728962
2021-06-10 10:36:08,124.4,4729612
2021-06-10 10:36:12,124.4,4730158
2021-06-10 10:36:16,124.45,4733271
2021-06-10 10:36:19,124.45,4734312
2021-06-10 10:36:23,124.4,4734884
2021-06-10 10:36:26,124.5,4737496
2021-06-10 10:36:30,124.45,4737673
2021-06-10 10:36:33,124.45,4737873
2021-06-10 10:36:36,124.5,4738380
2021-06-10 10:36:39,124.45,4740204
2021-06-10 10:36:42,124.45,4740475
2021-06-10 10:36:45,124.5,4740603
2021-06-10 10:36:49,124.5,4740620
2021-06-10 10:36:52,124.5,4740816
2021-06-10 10:36:56,124.5,4745880
2021-06-10 10:36:59,124.5,4749413
2021-06-10 10:37:02,124.5,4749523
2021-06-10 10:37:05,124.5,4751289
2021-06-10 10:37:09,124.5,4753419
2021-06-10 10:37:13,124.5,4754052
2021-06-10 10:37:16,124.5,4760237
2021-06-10 10:37:20,124.55,4760265
2021-06-10 10:37:23,124.55,4761623
2021-06-10 10:37:26,124.5,4764367
2021-06-10 10:37:30,124.45,4764417
2021-06-10 10:37:33,124.45,4764507
2021-06-10 10:37:36,124.4,4765742
2021-06-10 10:37:39,124.45,4765857
2021-06-10 10:37:42,124.35,4767353
2021-06-10 10:37:46,124.35,4768742
2021-06-10 10:37:49,124.45,4784108
2021-06-10 10:37:52,124.35,4784511
2021-06-10 10:37:55,124.45,4784555
2021-06-10 10:37:58,124.35,4784630
2021-06-10 10:38:01,124.45,4785630
2021-06-10 10:38:04,124.45,4785730
2021-06-10 10:38:08,124.45,4787835
2021-06-10 10:38:10,124.45,4788276
2021-06-10 10:38:14,124.35,4788658
2021-06-10 10:38:17,124.35,4788882
2021-06-10 10:38:20,124.4,4788954
2021-06-10 10:38:23,124.45,4789055
2021-06-10 10:38:26,124.4,4789990
2021-06-10 10:38:30,124.4,4790190
2021-06-10 10:38:36,124.35,4796317
2021-06-10 10:38:39,124.45,4798038
2021-06-10 10:38:42,124.4,4798039
2021-06-10 10:38:45,124.45,4798241
2021-06-10 10:38:49,124.35,4813477
2021-06-10 10:38:52,124.35,4813554
2021-06-10 10:38:55,124.35,4813709
2021-06-10 10:38:58,124.35,4814335
2021-06-10 10:39:02,124.4,4814352
2021-06-10 10:39:05,124.4,4814357
2021-06-10 10:39:08,124.35,4815857
2021-06-10 10:39:11,124.35,4816157
2021-06-10 10:39:14,124.35,4816159
2021-06-10 10:39:17,124.35,4816210
2021-06-10 10:39:20,124.3,4816336
2021-06-10 10:39:26,124.35,4816519
2021-06-10 10:39:29,124.35,4816519
2021-06-10 10:39:32,124.3,4817082
2021-06-10 10:39:35,124.35,4817095
2021-06-10 10:39:39,124.3,4818453
2021-06-10 10:39:42,124.4,4821153
2021-06-10 10:39:45,124.4,4821308
2021-06-10 10:39:48,124.4,4824611
2021-06-10 10:39:52,124.4,4824945
2021-06-10 10:39:55,124.4,4825949
2021-06-10 10:39:58,124.45,4827367
2021-06-10 10:40:01,124.4,4827380
2021-06-10 10:40:04,124.45,4827630
2021-06-10 10:40:07,124.45,4827710
2021-06-10 10:40:11,124.4,4829135
2021-06-10 10:40:14,124.45,4830163
2021-06-10 10:40:18,124.45,4830565
2021-06-10 10:40:21,124.45,4831566
2021-06-10 10:40:32,124.55,4849593
2021-06-10 10:40:36,124.6,4856667
2021-06-10 10:40:39,124.65,4858983
2021-06-10 10:40:43,124.65,4859243
2021-06-10 10:40:46,124.6,4859594
2021-06-10 10:40:49,124.6,4863014
2021-06-10 10:40:52,124.6,4863435
2021-06-10 10:40:56,124.7,4870894
2021-06-10 10:40:59,124.65,4871416
2021-06-10 10:41:03,124.65,4872176
2021-06-10 10:41:06,124.65,4873571
2021-06-10 10:41:09,124.6,4874322
2021-06-10 10:41:12,124.65,4875604
2021-06-10 10:41:14,124.6,4882907
2021-06-10 10:41:18,124.55,4884046
2021-06-10 10:41:21,124.6,4884229
2021-06-10 10:41:23,124.6,4884500
2021-06-10 10:41:26,124.65,4893055
2021-06-10 10:41:30,124.65,4924374
2021-06-10 10:41:33,124.75,4925799
2021-06-10 10:41:36,124.75,4931191
2021-06-10 10:41:39,124.7,4938459
2021-06-10 10:41:42,124.7,4940207
2021-06-10 10:41:45,124.7,4940321
2021-06-10 10:41:49,124.6,4944135
2021-06-10 10:41:52,124.65,4944376
2021-06-10 10:41:55,124.6,4945497
2021-06-10 10:41:58,124.6,4945629
2021-06-10 10:42:01,124.6,4946608
2021-06-10 10:42:04,124.6,4952722
2021-06-10 10:42:07,124.55,4954322
2021-06-10 10:42:10,124.55,4954523
2021-06-10 10:42:13,124.55,4955270
2021-06-10 10:42:16,124.55,4955286
2021-06-10 10:42:19,124.55,4956396
2021-06-10 10:42:22,124.6,4956410
2021-06-10 10:42:25,124.6,4956610
2021-06-10 10:42:28,124.6,4956620
2021-06-10 10:42:31,124.55,4956928
2021-06-10 10:42:34,124.55,4958817
2021-06-10 10:42:36,124.6,4959479
2021-06-10 10:42:39,124.6,4959523
2021-06-10 10:42:42,124.6,4960499
2021-06-10 10:42:45,124.6,4963641
2021-06-10 10:42:49,124.55,4963792
2021-06-10 10:42:52,124.6,4964211
2021-06-10 10:42:55,124.55,4965222
2021-06-10 10:42:58,124.55,4965505
2021-06-10 10:43:01,124.6,4970715
2021-06-10 10:43:05,124.55,4971340
2021-06-10 10:43:08,124.55,4971461
2021-06-10 10:43:11,124.6,4974086
2021-06-10 10:43:14,124.55,4974201
2021-06-10 10:43:17,124.6,4974734
2021-06-10 10:43:21,124.55,4974834
2021-06-10 10:43:24,124.55,4975175
2021-06-10 10:43:27,124.6,4975391
2021-06-10 10:43:30,124.55,4976454
2021-06-10 10:43:34,124.55,4976959
2021-06-10 10:43:37,124.6,4983844
2021-06-10 10:43:41,124.65,4984134
2021-06-10 10:43:44,124.65,4984817
2021-06-10 10:43:47,124.65,4986021
2021-06-10 10:43:50,124.65,4986025
2021-06-10 10:43:54,124.65,4986472
2021-06-10 10:43:57,124.6,4988043
2021-06-10 10:44:00,124.65,4991165
2021-06-10 10:44:04,124.6,4991187
2021-06-10 10:44:07,124.6,5001215
2021-06-10 10:44:10,124.7,5001350
2021-06-10 10:44:16,124.7,5003393
2021-06-10 10:44:19,124.7,5006047
2021-06-10 10:44:21,124.7,5006459
2021-06-10 10:44:25,124.7,5009507
2021-06-10 10:44:28,124.7,5009648
2021-06-10 10:44:32,124.75,5025363
2021-06-10 10:44:36,124.7,5026247
2021-06-10 10:44:43,124.7,5029595
2021-06-10 10:44:47,124.6,5059800
2021-06-10 10:44:51,124.65,5061811
2021-06-10 10:44:55,124.65,5061942
2021-06-10 10:45:01,124.65,5062803
2021-06-10 10:45:05,124.65,5063323
2021-06-10 10:45:08,124.6,5064523
2021-06-10 10:45:14,124.65,5064911
2021-06-10 10:45:17,124.65,5066135
2021-06-10 10:45:20,124.65,5067885
2021-06-10 10:45:23,124.55,5069936
2021-06-10 10:45:26,124.55,5070423
2021-06-10 10:45:29,124.6,5070696
2021-06-10 10:45:32,124.6,5070738
2021-06-10 10:45:36,124.55,5070922
2021-06-10 10:45:39,124.55,5073179
2021-06-10 10:45:41,124.55,5073179
2021-06-10 10:45:44,124.65,5073582
2021-06-10 10:45:47,124.55,5073606
2021-06-10 10:45:50,124.65,5073656
2021-06-10 10:45:54,124.65,5073656
2021-06-10 10:45:57,124.65,5074587
2021-06-10 10:46:00,124.6,5074716
2021-06-10 10:46:03,124.6,5075130
2021-06-10 10:46:06,124.6,5077649
2021-06-10 10:46:09,124.55,5077658
2021-06-10 10:46:12,124.4,5099367
2021-06-10 10:46:16,124.45,5099468
2021-06-10 10:46:20,124.45,5099989
2021-06-10 10:46:23,124.4,5107230
2021-06-10 10:46:26,124.4,5107350
2021-06-10 10:46:30,124.4,5111058
2021-06-10 10:46:32,124.35,5113181
2021-06-10 10:46:36,124.35,5113640
2021-06-10 10:46:39,124.4,5114504
2021-06-10 10:46:42,124.4,5114615
2021-06-10 10:46:45,124.35,5114683
2021-06-10 10:46:48,124.35,5115193
2021-06-10 10:46:51,124.45,5115259
2021-06-10 10:46:58,124.4,5116833
2021-06-10 10:47:01,124.4,5167786
2021-06-10 10:47:04,124.35,5167965
2021-06-10 10:47:07,124.35,5168150
2021-06-10 10:47:11,124.35,5168159
2021-06-10 10:47:14,124.35,5168324
2021-06-10 10:47:17,124.4,5169040
2021-06-10 10:47:20,124.4,5169144
2021-06-10 10:47:23,124.35,5169264
2021-06-10 10:47:26,124.4,5169277
2021-06-10 10:47:29,124.4,5169900
2021-06-10 10:47:32,124.35,5169954
2021-06-10 10:47:38,124.35,5175269
2021-06-10 10:47:41,124.3,5175453
2021-06-10 10:47:44,124.2,5218877
2021-06-10 10:47:47,124.25,5218880
2021-06-10 10:47:51,124.25,5232777
2021-06-10 10:47:54,124.15,5233996
2021-06-10 10:47:57,124.2,5238548
2021-06-10 10:48:01,124.25,5238774
2021-06-10 10:48:04,124.2,5243936
2021-06-10 10:48:07,124.25,5244988
2021-06-10 10:48:10,124.2,5246538
2021-06-10 10:48:13,124.25,5246738
2021-06-10 10:48:16,124.2,5248902
2021-06-10 10:48:19,124.25,5250653
2021-06-10 10:48:22,124.25,5251566
2021-06-10 10:48:25,124.25,5251574
2021-06-10 10:48:28,124.25,5251994
2021-06-10 10:48:31,124.25,5252035
2021-06-10 10:48:35,124.25,5252035
2021-06-10 10:48:38,124.25,5255604
2021-06-10 10:48:41,124.25,5255626
2021-06-10 10:48:45,124.25,5255812
2021-06-10 10:48:48,124.2,5256880
2021-06-10 10:48:51,124.25,5257378
2021-06-10 10:48:54,124.2,5257658
2021-06-10 10:48:57,124.25,5259987
2021-06-10 10:48:59,124.2,5260105
2021-06-10 10:49:02,124.3,5260455
2021-06-10 10:49:05,124.35,5261358
2021-06-10 10:49:08,124.35,5261566
2021-06-10 10:49:11,124.35,5261572
2021-06-10 10:49:14,124.35,5261580
2021-06-10 10:49:17,124.35,5261689
2021-06-10 10:49:19,124.25,5262229
2021-06-10 10:49:22,124.35,5264361
2021-06-10 10:49:25,124.25,5269663
2021-06-10 10:49:28,124.3,5271994
2021-06-10 10:49:31,124.25,5273427
2021-06-10 10:49:34,124.2,5288616
2021-06-10 10:49:37,124.15,5288771
2021-06-10 10:49:41,124.25,5289019
2021-06-10 10:49:44,124.25,5289391
2021-06-10 10:49:47,124.3,5289396
2021-06-10 10:49:50,124.3,5291505
2021-06-10 10:49:53,124.2,5293526
2021-06-10 10:49:56,124.2,5294529
2021-06-10 10:49:59,124.2,5294529
2021-06-10 10:50:02,124.25,5295532
2021-06-10 10:50:05,124.25,5297560
2021-06-10 10:50:09,124.25,5297767
2021-06-10 10:50:12,124.25,5297925
2021-06-10 10:50:15,124.25,5298964
2021-06-10 10:50:18,124.2,5299164
2021-06-10 10:50:21,124.25,5299725
2021-06-10 10:50:28,124.25,5300494
2021-06-10 10:50:31,124.2,5300529
2021-06-10 10:50:34,124.2,5300849
2021-06-10 10:50:37,124.15,5302774
2021-06-10 10:50:41,124.2,5302787
2021-06-10 10:50:44,124.25,5302792
2021-06-10 10:50:47,124.2,5303105
2021-06-10 10:50:50,124.1,5316110
2021-06-10 10:50:54,124.25,5316150
2021-06-10 10:50:57,124.25,5316270
2021-06-10 10:51:01,124.2,5316788
2021-06-10 10:51:04,124.25,5325703
2021-06-10 10:51:07,124.15,5325851
2021-06-10 10:51:10,124.25,5326873
2021-06-10 10:51:13,124.25,5327423
2021-06-10 10:51:16,124.2,5327718
2021-06-10 10:51:18,124.25,5327729
2021-06-10 10:51:21,124.25,5327745
2021-06-10 10:51:24,124.25,5328076
2021-06-10 10:51:27,124.25,5328101
2021-06-10 10:51:35,124.25,5329020
2021-06-10 10:51:38,124.15,5330781
2021-06-10 10:51:41,124.15,5333601
2021-06-10 10:51:44,124.15,5334364
2021-06-10 10:51:48,124.2,5334464
2021-06-10 10:51:51,124.2,5336904
2021-06-10 10:51:54,124.2,5337909
2021-06-10 10:51:57,124.1,5337987
2021-06-10 10:52:00,124.15,5339749
2021-06-10 10:52:03,124.1,5354217
2021-06-10 10:52:06,124.15,5354690
2021-06-10 10:52:09,124.15,5354812
2021-06-10 10:52:12,124.15,5355262
2021-06-10 10:52:16,124.1,5355816
2021-06-10 10:52:19,124.05,5356518
2021-06-10 10:52:23,124.05,5357973
2021-06-10 10:52:26,124.15,5359494
2021-06-10 10:52:29,124.1,5359702
2021-06-10 10:52:31,124.1,5360147
2021-06-10 10:52:34,124.1,5360446
2021-06-10 10:52:37,124.1,5360849
2021-06-10 10:52:40,124.1,5360929
2021-06-10 10:52:43,124.1,5361156
2021-06-10 10:52:46,124.1,5367468
2021-06-10 10:52:50,124.1,5367595
2021-06-10 10:52:53,124.1,5367927
2021-06-10 10:52:56,124.1,5367928
2021-06-10 10:52:59,124.1,5368333
2021-06-10 10:53:03,124.1,5371544
2021-06-10 10:53:06,124.05,5372736
2021-06-10 10:53:09,124.05,5372799
2021-06-10 10:53:12,124.1,5376178
2021-06-10 10:53:15,124.05,5376501
2021-06-10 10:53:18,124.05,5380124
2021-06-10 10:53:21,124.1,5380352
2021-06-10 10:53:24,124.05,5402140
2021-06-10 10:53:27,124.05,5409828
2021-06-10 10:53:29,124.05,5410034
2021-06-10 10:53:32,124.05,5410369
2021-06-10 10:53:36,124.1,5413036
2021-06-10 10:53:39,124.05,5413364
2021-06-10 10:53:42,124.1,5414615
2021-06-10 10:53:45,124.1,5415630
2021-06-10 10:53:48,124.05,5415704
2021-06-10 10:53:51,124.05,5416235
2021-06-10 10:53:55,124.1,5416239
2021-06-10 10:53:58,124.1,5416627
2021-06-10 10:54:01,124.1,5416761
2021-06-10 10:54:04,124.1,5428835
2021-06-10 10:54:07,124.1,5429160
2021-06-10 10:54:10,124.1,5429161
2021-06-10 10:54:13,124.1,5429918
2021-06-10 10:54:16,124.15,5430092
2021-06-10 10:54:18,124.15,5430102
2021-06-10 10:54:21,124.15,5430214
2021-06-10 10:54:24,124.1,5430280
2021-06-10 10:54:27,124.1,5430288
2021-06-10 10:54:30,124.1,5432019
2021-06-10 10:54:34,124.15,5432521
2021-06-10 10:54:37,124.05,5443908
2021-06-10 10:54:40,124.1,5444188
2021-06-10 10:54:43,124.1,5445389
2021-06-10 10:54:46,124.05,5446129
2021-06-10 10:54:49,124.05,5446394
2021-06-10 10:54:52,124.05,5446413
2021-06-10 10:54:55,124.0,5446470
2021-06-10 10:54:58,124.05,5446998
2021-06-10 10:55:01,124.05,5448080
2021-06-10 10:55:04,124.05,5448280
2021-06-10 10:55:07,124.05,5453461
2021-06-10 10:55:10,124.0,5454592
2021-06-10 10:55:13,124.0,5454689
2021-06-10 10:55:16,124.0,5454917
2021-06-10 10:55:19,124.05,5456472
2021-06-10 10:55:23,124.05,5456499
2021-06-10 10:55:26,124.05,5456709
2021-06-10 10:55:29,124.0,5457074
2021-06-10 10:55:32,124.0,5457233
2021-06-10 10:55:36,124.1,5461516
2021-06-10 10:55:38,124.05,5463996
2021-06-10 10:55:41,124.1,5466597
2021-06-10 10:55:44,124.1,5466633
2021-06-10 10:55:47,124.05,5467513
2021-06-10 10:55:50,124.05,5468535
2021-06-10 10:55:53,124.15,5468665
2021-06-10 10:55:56,124.15,5469193
2021-06-10 10:55:59,124.15,5469708
2021-06-10 10:56:02,124.15,5469865
2021-06-10 10:56:05,124.1,5470443
2021-06-10 10:56:08,124.15,5470515
2021-06-10 10:56:11,124.1,5472532
2021-06-10 10:56:15,124.1,5472889
2021-06-10 10:56:18,124.15,5472993
2021-06-10 10:56:21,124.15,5474821
2021-06-10 10:56:24,124.15,5475408
2021-06-10 10:56:27,124.15,5475410
2021-06-10 10:56:30,124.1,5476929
2021-06-10 10:56:33,124.15,5477059
2021-06-10 10:56:36,124.2,5477824
2021-06-10 10:56:39,124.1,5479104
2021-06-10 10:56:43,124.2,5479271
2021-06-10 10:56:46,124.2,5479772
2021-06-10 10:56:49,124.15,5479783
2021-06-10 10:56:52,124.2,5479852
2021-06-10 10:56:55,124.2,5479915
2021-06-10 10:56:58,124.25,5482559
2021-06-10 10:57:01,124.25,5482681
2021-06-10 10:57:04,124.25,5482886
2021-06-10 10:57:07,124.25,5482988
2021-06-10 10:57:10,124.25,5482991
2021-06-10 10:57:14,124.25,5483093
2021-06-10 10:57:17,124.2,5483122
2021-06-10 10:57:20,124.2,5483223
2021-06-10 10:57:23,124.2,5483373
2021-06-10 10:57:25,124.15,5484239
2021-06-10 10:57:28,124.2,5484491
2021-06-10 10:57:31,124.2,5484495
2021-06-10 10:57:34,124.2,5484545
2021-06-10 10:57:36,124.2,5485745
2021-06-10 10:57:39,124.2,5486555
2021-06-10 10:57:42,124.2,5488860
2021-06-10 10:57:45,124.2,5488866
2021-06-10 10:57:48,124.2,5489066
2021-06-10 10:57:51,124.25,5489242
2021-06-10 10:57:54,124.25,5489411
2021-06-10 10:57:57,124.25,5489411
2021-06-10 10:58:00,124.25,5489512
2021-06-10 10:58:06,124.25,5489826
2021-06-10 10:58:09,124.25,5490337
2021-06-10 10:58:12,124.25,5490337
2021-06-10 10:58:15,124.25,5490998
2021-06-10 10:58:18,124.2,5491569
2021-06-10 10:58:22,124.25,5496362
2021-06-10 10:58:25,124.25,5496420
2021-06-10 10:58:28,124.2,5496541
2021-06-10 10:58:31,124.2,5496546
2021-06-10 10:58:34,124.25,5496589
2021-06-10 10:58:38,124.25,5498916
2021-06-10 10:58:41,124.25,5498916
2021-06-10 10:58:44,124.25,5501528
2021-06-10 10:58:47,124.25,5501528
2021-06-10 10:58:50,124.3,5503117
2021-06-10 10:58:53,124.3,5504018
2021-06-10 10:58:59,124.25,5504120
2021-06-10 10:59:01,124.3,5506720
2021-06-10 10:59:05,124.2,5507254
2021-06-10 10:59:07,124.25,5507279
2021-06-10 10:59:10,124.2,5507280
2021-06-10 10:59:13,124.25,5507310
2021-06-10 10:59:16,124.25,5507409
2021-06-10 10:59:19,124.25,5507413
2021-06-10 10:59:22,124.25,5507424
2021-06-10 10:59:25,124.25,5507424
2021-06-10 10:59:28,124.2,5507460
2021-06-10 10:59:30,124.25,5507513
2021-06-10 10:59:33,124.25,5507953
2021-06-10 10:59:36,124.3,5508153
2021-06-10 10:59:39,124.3,5509466
2021-06-10 10:59:43,124.3,5510477
2021-06-10 10:59:46,124.3,5510488
2021-06-10 10:59:49,124.25,5510494
2021-06-10 10:59:52,124.25,5510548
2021-06-10 10:59:55,124.3,5512898
2021-06-10 10:59:57,124.25,5513049
2021-06-10 11:00:01,124.3,5515200
2021-06-10 11:00:04,124.25,5515301
2021-06-10 11:00:08,124.3,5515406
2021-06-10 11:00:11,124.3,5516406
2021-06-10 11:00:14,124.3,5516756
2021-06-10 11:00:16,124.3,5517356
2021-06-10 11:00:20,124.3,5517453
2021-06-10 11:00:23,124.25,5518410
2021-06-10 11:00:27,124.2,5518471
2021-06-10 11:00:30,124.25,5518474
2021-06-10 11:00:33,124.3,5518529
2021-06-10 11:00:36,124.3,5518629
2021-06-10 11:00:40,124.25,5519632
2021-06-10 11:00:43,124.2,5519975
2021-06-10 11:00:46,124.2,5520165
2021-06-10 11:00:49,124.2,5521524
2021-06-10 11:00:53,124.25,5521525
2021-06-10 11:00:56,124.1,5547544
2021-06-10 11:00:59,124.15,5547646
2021-06-10 11:01:02,124.15,5547646
2021-06-10 11:01:05,124.1,5548009
2021-06-10 11:01:08,124.15,5548046
2021-06-10 11:01:14,124.15,5548064
2021-06-10 11:01:17,124.15,5548145
2021-06-10 11:01:20,124.2,5553145
2021-06-10 11:01:23,124.2,5553262
2021-06-10 11:01:26,124.15,5553295
2021-06-10 11:01:29,124.15,5553305
2021-06-10 11:01:32,124.15,5554057
2021-06-10 11:01:35,124.2,5554310
2021-06-10 11:01:38,124.2,5555599
2021-06-10 11:01:41,124.1,5555632
2021-06-10 11:01:44,124.1,5555632
2021-06-10 11:01:47,124.15,5555649
2021-06-10 11:01:50,124.2,5557359
2021-06-10 11:01:53,124.2,5557380
2021-06-10 11:01:56,124.15,5558436
2021-06-10 11:01:59,124.2,5558537
2021-06-10 11:02:02,124.2,5558538
2021-06-10 11:02:05,124.2,5558735
2021-06-10 11:02:07,124.15,5558787
2021-06-10 14:32:12,123.9,10009259
2021-06-10 14:32:14,123.8,10017074
2021-06-10 14:32:17,124.05,10055826
2021-06-10 14:32:19,124.05,10055840
2021-06-10 14:32:22,124.0,10055842
2021-06-10 14:32:24,123.95,10058080
2021-06-10 14:32:27,123.95,10058157
2021-06-10 14:32:30,124.0,10058333
2021-06-10 14:32:33,124.0,10058421
2021-06-10 14:32:36,124.0,10058424
2021-06-10 14:32:39,124.0,10058474
2021-06-10 14:32:41,124.0,10061754
2021-06-10 14:32:44,123.9,10062350
2021-06-10 14:32:47,123.9,10062352
2021-06-10 14:32:52,123.9,10062471
2021-06-10 14:32:55,124.0,10062606
2021-06-10 14:32:58,123.95,10064011
2021-06-10 14:33:01,123.85,10064030
2021-06-10 14:33:04,123.9,10064080
2021-06-10 14:33:07,123.9,10065351
2021-06-10 14:33:10,123.85,10067289
2021-06-10 14:33:13,123.9,10067439
2021-06-10 14:33:16,123.9,10067439
2021-06-10 14:33:19,123.9,10067445
2021-06-10 14:33:21,123.9,10067491
2021-06-10 14:33:25,123.9,10068403
2021-06-10 14:33:28,123.9,10069166
2021-06-10 14:33:30,123.9,10069166
2021-06-10 14:33:33,123.85,10072966
2021-06-10 14:33:35,123.85,10073054
2021-06-10 14:33:38,123.9,10073159
2021-06-10 14:33:41,123.9,10078914
2021-06-10 14:33:44,123.95,10078918
2021-06-10 14:33:46,123.95,10079021
2021-06-10 14:33:49,123.95,10079244
2021-06-10 14:33:52,123.95,10079246
2021-06-10 14:33:55,123.95,10079362
2021-06-10 14:33:58,123.9,10079363
2021-06-10 14:34:01,123.85,10079513
2021-06-10 14:34:04,123.9,10079553
2021-06-10 14:34:07,123.9,10079605
2021-06-10 14:34:09,123.95,10079965
2021-06-10 14:34:12,123.95,10080143
2021-06-10 14:34:15,123.95,10080995
2021-06-10 14:34:18,123.85,10081495
2021-06-10 14:34:20,123.85,10081820
2021-06-10 14:34:23,123.85,10081839
2021-06-10 14:34:26,123.95,10081842
2021-06-10 14:34:29,123.95,10082561
2021-06-10 14:34:32,123.85,10083562
2021-06-10 14:34:35,123.9,10083597
2021-06-10 14:34:38,123.9,10083686
2021-06-10 14:34:41,123.95,10083698
2021-06-10 14:34:44,123.9,10084119
2021-06-10 14:34:48,123.9,10084480
2021-06-10 14:34:51,123.9,10084746
2021-06-10 14:34:54,123.95,10085006
2021-06-10 14:34:57,123.95,10085008
2021-06-10 14:35:00,123.95,10085081
2021-06-10 14:35:04,123.95,10085142
2021-06-10 14:35:07,123.9,10085351
2021-06-10 14:35:10,123.9,10087507
2021-06-10 14:35:14,123.85,10087568
2021-06-10 14:35:16,123.85,10087578
2021-06-10 14:35:20,123.9,10087788
2021-06-10 14:35:24,123.9,10088047
2021-06-10 14:35:27,123.9,10088485
2021-06-10 14:35:33,123.9,10088650
2021-06-10 14:35:36,123.9,10088656
2021-06-10 14:35:40,123.85,10088693
2021-06-10 14:35:42,123.85,10088693
2021-06-10 14:35:45,123.85,10088693
2021-06-10 14:35:48,123.9,10088850
2021-06-10 14:35:50,123.9,10088894
2021-06-10 14:35:53,123.9,10088958
2021-06-10 14:35:56,123.9,10089066
2021-06-10 14:35:59,123.9,10089241
2021-06-10 14:36:02,123.95,10094244
2021-06-10 14:36:05,123.95,10094389
2021-06-10 14:36:08,123.9,10095152
2021-06-10 14:36:11,123.85,10096562
2021-06-10 14:36:14,123.9,10097144
2021-06-10 14:36:17,123.9,10097288
2021-06-10 14:36:20,123.9,10097588
2021-06-10 14:36:23,123.85,10099290
2021-06-10 14:36:26,123.85,10099557
2021-06-10 14:36:30,123.9,10099591
2021-06-10 14:36:33,123.95,10101117
2021-06-10 14:36:36,123.85,10111904
2021-06-10 14:36:40,123.85,10112008
2021-06-10 14:36:47,123.85,10112281
2021-06-10 14:36:50,123.85,10112344
2021-06-10 14:36:53,123.9,10112409
2021-06-10 14:36:57,123.9,10112609
2021-06-10 14:37:00,123.9,10113663
2021-06-10 14:37:03,123.9,10113826
2021-06-10 14:37:06,123.85,10114437
2021-06-10 14:37:08,123.85,10114848
2021-06-10 14:37:11,123.85,10114872
2021-06-10 14:37:14,123.85,10114922
2021-06-10 14:37:17,123.8,10115402
2021-06-10 14:37:20,123.9,10116451
2021-06-10 14:37:23,123.9,10116953
2021-06-10 14:37:27,123.9,10116961
2021-06-10 14:37:29,123.9,10117046
2021-06-10 14:37:33,123.9,10117088
2021-06-10 14:37:36,123.85,10117251
2021-06-10 14:37:38,123.8,10117855
2021-06-10 14:37:41,123.9,10117856
2021-06-10 14:37:44,123.85,10117901
2021-06-10 14:37:47,123.8,10117951
2021-06-10 14:37:50,123.9,10118492
2021-06-10 14:37:56,123.9,10118587
2021-06-10 14:37:59,123.9,10118779
2021-06-10 14:38:02,123.85,10120160
2021-06-10 14:38:04,123.85,10120160
2021-06-10 14:38:07,123.8,10120923
2021-06-10 14:38:10,123.8,10120927
2021-06-10 14:38:13,123.8,10120998
2021-06-10 14:38:16,123.85,10121442
2021-06-10 14:38:19,123.85,10122455
2021-06-10 14:38:22,123.85,10122502
2021-06-10 14:38:25,123.85,10122582
2021-06-10 14:38:28,123.85,10122585
2021-06-10 14:38:31,123.8,10122704
2021-06-10 14:38:34,123.85,10122927
2021-06-10 14:38:37,123.85,10123742
2021-06-10 14:38:39,123.8,10128189
2021-06-10 14:38:42,123.75,10128212
2021-06-10 14:38:45,123.85,10132017
2021-06-10 14:38:48,123.75,10132248
2021-06-10 14:38:51,123.85,10132472
2021-06-10 14:38:54,123.75,10133003
2021-06-10 14:39:01,123.85,10133008
2021-06-10 14:39:03,123.85,10133018
2021-06-10 14:39:06,123.8,10133052
2021-06-10 14:39:09,123.8,10134440
2021-06-10 14:39:12,123.75,10134603
2021-06-10 14:39:15,123.85,10134647
2021-06-10 14:39:17,123.85,10139404
2021-06-10 14:39:20,123.85,10139587
2021-06-10 14:39:24,123.8,10139596
2021-06-10 14:39:27,123.9,10139606
2021-06-10 14:39:30,123.9,10140621
2021-06-10 14:39:33,123.9,10140698
2021-06-10 14:39:36,123.9,10141895
2021-06-10 14:39:38,123.9,10144117
2021-06-10 14:39:41,123.85,10144118
2021-06-10 14:39:45,123.9,10144348
2021-06-10 14:39:48,123.85,10148548
2021-06-10 14:39:50,123.85,10148823
2021-06-10 14:39:53,123.9,10152425
2021-06-10 14:39:57,123.9,10154670
2021-06-10 14:40:00,123.9,10154682
2021-06-10 14:40:03,123.9,10154832
2021-06-10 14:40:06,123.85,10155614
2021-06-10 14:40:09,123.85,10155747
2021-06-10 14:40:16,123.85,10156454
2021-06-10 14:40:19,123.85,10156557
2021-06-10 14:40:22,123.85,10156817
2021-06-10 14:40:25,123.9,10156917
2021-06-10 14:40:27,123.9,10157008
2021-06-10 14:40:34,124.0,10173573
2021-06-10 14:40:40,123.95,10178321
2021-06-10 14:40:44,123.95,10178325
2021-06-10 14:40:47,123.95,10178967
2021-06-10 14:40:50,124.0,10179100
2021-06-10 14:40:53,123.95,10180829
2021-06-10 14:40:56,124.0,10200469
2021-06-10 14:40:59,124.1,10200495
2021-06-10 14:41:02,124.05,10200515
2021-06-10 14:41:05,124.05,10200974
2021-06-10 14:41:09,124.05,10201349
2021-06-10 14:41:12,123.95,10203854
2021-06-10 14:41:16,124.0,10206395
2021-06-10 14:41:19,123.95,10208661
2021-06-10 14:41:22,123.95,10208726
2021-06-10 14:41:25,123.95,10209792
2021-06-10 14:41:28,123.95,10209819
2021-06-10 14:41:31,124.0,10209827
2021-06-10 14:41:34,124.0,10210036
2021-06-10 14:41:37,123.95,10210804
2021-06-10 14:41:40,123.95,10210921
2021-06-10 14:41:43,124.0,10211014
2021-06-10 14:41:46,124.0,10213665
2021-06-10 14:41:48,123.95,10214419
2021-06-10 14:41:51,123.9,10219547
2021-06-10 14:41:54,123.95,10219579
2021-06-10 14:41:57,123.95,10219911
2021-06-10 14:42:00,123.95,10219913
2021-06-10 14:42:04,123.95,10219934
2021-06-10 14:42:07,123.95,10220739
2021-06-10 14:42:11,123.9,10220761
2021-06-10 14:42:14,123.95,10223272
2021-06-10 14:42:16,123.9,10223476
2021-06-10 14:42:19,123.95,10223486
2021-06-10 14:42:23,123.95,10223587
2021-06-10 14:42:25,123.95,10223587
2021-06-10 14:42:28,124.05,10233256
2021-06-10 14:42:32,123.95,10233598
2021-06-10 14:42:35,124.0,10234569
2021-06-10 14:42:38,124.0,10235036
2021-06-10 14:42:44,124.0,10235255
2021-06-10 14:42:47,123.95,10235286
2021-06-10 14:42:50,124.0,10235388
2021-06-10 14:42:53,124.0,10235398
2021-06-10 14:42:56,124.0,10235939
2021-06-10 14:42:59,124.0,10235939
2021-06-10 14:43:01,124.0,10235939
2021-06-10 14:43:05,123.95,10236774
2021-06-10 14:43:08,124.0,10236840
2021-06-10 14:43:11,124.0,10237555
2021-06-10 14:43:14,123.95,10237565
2021-06-10 14:43:16,124.0,10237731
2021-06-10 14:43:19,124.0,10237923
2021-06-10 14:43:22,124.0,10237967
2021-06-10 14:43:25,124.0,10239196
2021-06-10 14:43:28,124.05,10239528
2021-06-10 14:43:30,124.05,10239532
2021-06-10 14:43:33,124.0,10239707
2021-06-10 14:43:35,123.95,10240801
2021-06-10 14:43:38,124.05,10240961
2021-06-10 14:43:41,124.0,10240976
2021-06-10 14:43:44,124.05,10240982
2021-06-10 14:43:47,124.05,10241027
2021-06-10 14:43:49,124.0,10246237
2021-06-10 14:43:52,124.05,10246341
2021-06-10 14:43:55,124.05,10246341
2021-06-10 14:43:59,124.05,10246636
2021-06-10 14:44:02,124.1,10248125
2021-06-10 14:44:05,124.0,10250164
2021-06-10 14:44:08,124.0,10251002
2021-06-10 14:44:11,124.05,10251495
2021-06-10 14:44:14,124.0,10253000
2021-06-10 14:44:17,124.05,10253467
2021-06-10 14:44:20,124.05,10253596
2021-06-10 14:44:22,124.0,10253601
2021-06-10 14:44:25,124.0,10253965
2021-06-10 14:44:28,124.05,10254868
2021-06-10 14:44:31,124.0,10255068
2021-06-10 14:44:34,124.05,10255074
2021-06-10 14:44:36,124.05,10256241
2021-06-10 14:44:39,124.05,10256304
2021-06-10 14:44:42,124.05,10256905
2021-06-10 14:44:45,124.0,10257157
2021-06-10 14:44:48,124.05,10259188
2021-06-10 14:44:51,124.0,10260578
2021-06-10 14:44:54,124.0,10260578
2021-06-10 14:44:56,124.05,10260933
2021-06-10 14:44:59,124.1,10262733
2021-06-10 14:45:03,124.1,10262826
2021-06-10 14:45:08,124.0,10263665
2021-06-10 14:45:11,124.05,10263849
2021-06-10 14:45:13,124.05,10263851
2021-06-10 14:45:16,124.05,10264226
2021-06-10 14:45:19,124.05,10264231
2021-06-10 14:45:22,124.05,10264436
2021-06-10 14:45:25,124.05,10265060
2021-06-10 14:45:28,124.0,10265092
2021-06-10 14:45:31,124.05,10265101
2021-06-10 14:45:33,124.05,10266141
2021-06-10 14:45:36,124.0,10267344
2021-06-10 14:45:39,124.05,10268582
2021-06-10 14:45:42,124.0,10269141
2021-06-10 14:45:45,124.0,10269149
2021-06-10 14:45:48,124.0,10269358
2021-06-10 14:45:51,124.05,10270479
2021-06-10 14:45:55,124.0,10271611
2021-06-10 14:45:58,124.05,10271631
2021-06-10 14:46:00,124.1,10280450
2021-06-10 14:46:03,124.1,10280450
2021-06-10 14:46:07,124.25,10316580
2021-06-10 14:46:11,124.15,10318075
2021-06-10 14:46:15,124.2,10318965
2021-06-10 14:46:19,124.25,10319279
2021-06-10 14:46:22,124.25,10319805
2021-06-10 14:46:25,124.15,10322370
2021-06-10 14:46:28,124.25,10323020
2021-06-10 14:46:32,124.2,10323127
2021-06-10 14:46:35,124.15,10324140
2021-06-10 14:46:38,124.2,10325786
2021-06-10 14:46:41,124.2,10326223
2021-06-10 14:46:44,124.15,10326829
2021-06-10 14:46:47,124.2,10333810
2021-06-10 14:46:50,124.1,10336305
2021-06-10 14:46:53,124.1,10336469
2021-06-10 14:46:56,124.2,10336992
2021-06-10 14:47:00,124.2,10339532
2021-06-10 14:47:04,124.2,10340924
2021-06-10 14:47:08,124.2,10346020
2021-06-10 14:47:11,124.2,10346209
2021-06-10 14:47:14,124.2,10346976
2021-06-10 14:47:17,124.25,10347049
2021-06-10 14:47:20,124.25,10347545
2021-06-10 14:47:23,124.2,10347592
2021-06-10 14:47:26,124.25,10348274
2021-06-10 14:47:29,124.2,10348632
2021-06-10 14:47:32,124.2,10350155
2021-06-10 14:47:35,124.2,10352142
2021-06-10 14:47:38,124.2,10353376
2021-06-10 14:47:41,124.25,10357917
2021-06-10 14:47:44,124.15,10357922
2021-06-10 14:47:46,124.2,10358339
2021-06-10 14:47:50,124.2,10358359
2021-06-10 14:47:52,124.2,10358366
2021-06-10 14:47:55,124.2,10358690
2021-06-10 14:47:58,124.2,10359314
2021-06-10 14:48:01,124.2,10359768
2021-06-10 14:48:03,124.15,10370716
2021-06-10 14:48:07,124.15,10371890
2021-06-10 14:48:10,124.1,10371910
2021-06-10 14:48:12,124.15,10372274
2021-06-10 14:48:16,124.15,10372276
2021-06-10 14:48:19,124.1,10375479
2021-06-10 14:48:22,124.1,10375779
2021-06-10 14:48:25,124.1,10375781
2021-06-10 14:48:28,124.15,10376069
2021-06-10 14:48:31,124.1,10376589
2021-06-10 14:48:34,124.15,10376929
2021-06-10 14:48:36,124.1,10378067
2021-06-10 14:48:39,124.1,10378647
2021-06-10 14:48:42,124.1,10378749
2021-06-10 14:48:46,124.1,10379085
2021-06-10 14:48:49,124.1,10379304
2021-06-10 14:48:52,124.0,10382297
2021-06-10 14:48:55,124.0,10382349
2021-06-10 14:48:58,124.0,10383996
2021-06-10 14:49:01,124.0,10384365
2021-06-10 14:49:05,123.9,10391597
2021-06-10 14:49:08,123.9,10392662
2021-06-10 14:49:14,123.9,10393924
2021-06-10 14:49:18,123.9,10398927
2021-06-10 14:49:22,123.95,10399128
2021-06-10 14:49:26,123.85,10406089
2021-06-10 14:49:29,123.9,10408103
2021-06-10 14:49:33,123.9,10408155
2021-06-10 14:49:37,124.0,10409140
2021-06-10 14:49:43,124.05,10415469
2021-06-10 14:49:46,124.0,10415970
2021-06-10 14:49:49,124.0,10416180
2021-06-10 14:49:54,124.05,10421080
2021-06-10 14:49:57,124.05,10421081
2021-06-10 14:50:00,124.1,10421093
2021-06-10 14:50:03,124.05,10421324
2021-06-10 14:50:05,124.05,10422087
2021-06-10 14:50:08,124.05,10422396
2021-06-10 14:50:12,124.1,10424450
2021-06-10 14:50:15,124.1,10424844
2021-06-10 14:50:19,124.0,10426430
2021-06-10 14:50:22,124.05,10427941
2021-06-10 14:50:26,124.05,10429483
2021-06-10 14:50:29,124.05,10429493
2021-06-10 14:50:36,124.0,10430719
2021-06-10 14:50:39,123.95,10431123
2021-06-10 14:50:42,124.05,10434987
2021-06-10 14:50:46,124.05,10437365
2021-06-10 14:50:49,124.05,10454843
2021-06-10 14:50:52,124.15,10475677
2021-06-10 14:50:58,124.2,10489449
2021-06-10 14:51:01,124.2,10489462
2021-06-10 14:51:04,124.2,10490147
2021-06-10 14:51:08,124.25,10493426
2021-06-10 14:51:11,124.2,10503672
2021-06-10 14:51:14,124.25,10514287
2021-06-10 14:51:17,124.25,10515089
2021-06-10 14:51:21,124.15,10515804
2021-06-10 14:51:25,124.15,10522290
2021-06-10 14:51:28,124.15,10523341
2021-06-10 14:51:31,124.1,10523850
2021-06-10 14:51:34,124.15,10524405
2021-06-10 14:51:37,124.15,10525244
2021-06-10 14:51:41,124.15,10526311
2021-06-10 14:51:44,124.15,10526311
2021-06-10 14:51:47,124.1,10528421
2021-06-10 14:51:51,124.1,10528450
2021-06-10 14:51:54,124.1,10529030
2021-06-10 14:51:57,124.15,10529415
2021-06-10 14:52:00,124.15,10529916
2021-06-10 14:52:03,124.15,10531168
2021-06-10 14:52:06,124.1,10533174
2021-06-10 14:52:09,124.0,10536861
2021-06-10 14:52:13,124.0,10536861
2021-06-10 14:52:16,124.1,10536884
2021-06-10 14:52:19,124.0,10537523
2021-06-10 14:52:22,124.05,10538029
2021-06-10 14:52:25,124.0,10538052
2021-06-10 14:52:28,124.0,10539054
2021-06-10 14:52:32,124.05,10539069
2021-06-10 14:52:35,124.0,10539801
2021-06-10 14:52:39,124.0,10540719
2021-06-10 14:52:42,124.0,10541924
2021-06-10 14:52:45,124.0,10542633
2021-06-10 14:52:48,124.0,10542634
2021-06-10 14:52:52,124.05,10542734
2021-06-10 14:52:55,124.05,10542915
2021-06-10 14:52:59,124.05,10542915
2021-06-10 14:53:03,124.05,10542915
2021-06-10 14:53:06,124.05,10544189
2021-06-10 14:53:09,124.05,10544189
2021-06-10 14:53:12,124.05,10544575
2021-06-10 14:53:15,124.05,10545005
2021-06-10 14:53:18,124.0,10545025
2021-06-10 14:53:22,124.05,10545110
2021-06-10 14:53:25,124.05,10545110
2021-06-10 14:53:28,124.0,10545545
2021-06-10 14:53:31,124.05,10545561
2021-06-10 14:53:34,123.95,10546581
2021-06-10 14:53:38,123.95,10547762
2021-06-10 14:53:40,124.0,10547800
2021-06-10 14:53:43,123.95,10548330
2021-06-10 14:53:46,124.0,10549722
2021-06-10 14:53:49,124.0,10550881
2021-06-10 14:53:52,124.0,10551122
2021-06-10 14:53:55,124.05,10551123
2021-06-10 14:53:58,124.05,10551298
2021-06-10 14:54:01,124.0,10551857
2021-06-10 14:54:04,124.0,10551862
2021-06-10 14:54:08,124.05,10553754
2021-06-10 14:54:11,124.05,10554219
2021-06-10 14:54:15,124.0,10554849
2021-06-10 14:54:18,124.0,10554966
2021-06-10 14:54:22,124.05,10554970
2021-06-10 14:54:25,123.95,10555547
2021-06-10 14:54:28,124.05,10555948
2021-06-10 14:54:31,124.05,10556127
2021-06-10 14:54:34,123.95,10556154
2021-06-10 14:54:38,124.0,10557346
2021-06-10 14:54:41,123.95,10557506
2021-06-10 14:54:44,124.0,10557643
2021-06-10 14:54:47,124.0,10557699
2021-06-10 14:54:50,123.95,10558027
2021-06-10 14:54:53,123.95,10558027
2021-06-10 14:54:56,123.9,10558143
2021-06-10 14:54:59,124.0,10558393
2021-06-10 14:55:03,124.0,10558402
2021-06-10 14:55:11,123.95,10564001
2021-06-10 14:55:14,123.9,10564291
2021-06-10 14:55:17,124.0,10566711
2021-06-10 14:55:20,124.0,10566911
2021-06-10 14:55:26,124.0,10570117
2021-06-10 14:55:29,123.9,10570624
2021-06-10 14:55:32,123.9,10571087
2021-06-10 14:55:35,123.9,10571850
2021-06-10 14:55:38,123.95,10572916
2021-06-10 14:55:41,123.9,10573682
2021-06-10 14:55:44,123.95,10573685
2021-06-10 14:55:47,123.95,10574028
2021-06-10 14:55:51,123.9,10579180
2021-06-10 14:55:54,123.9,10579246
2021-06-10 14:55:57,123.9,10579247
2021-06-10 14:56:00,124.0,10579677
2021-06-10 14:56:03,124.0,10579727
2021-06-10 14:56:05,123.9,10581594
2021-06-10 14:56:09,123.9,10584051
2021-06-10 14:56:12,123.9,10586051
2021-06-10 14:56:15,123.95,10586063
2021-06-10 14:56:19,123.95,10586338
2021-06-10 14:56:23,123.95,10586338
2021-06-10 14:56:26,123.95,10586368
2021-06-10 14:56:30,124.0,10613493
2021-06-10 14:56:33,124.0,10614377
2021-06-10 14:56:37,124.1,10616184
2021-06-10 14:56:40,124.05,10618025
2021-06-10 14:56:43,124.05,10618025
2021-06-10 14:56:46,124.0,10621429
2021-06-10 14:56:49,124.05,10621495
2021-06-10 14:56:53,123.95,10622614
2021-06-10 14:56:56,123.95,10623209
2021-06-10 14:56:59,124.0,10623289
2021-06-10 14:57:02,124.0,10623385
2021-06-10 14:57:05,124.0,10624681
2021-06-10 14:57:09,124.0,10625135
2021-06-10 14:57:12,124.0,10625136
2021-06-10 14:57:16,124.0,10628699
2021-06-10 14:57:19,123.95,10629749
2021-06-10 14:57:22,124.0,10630274
2021-06-10 14:57:25,124.0,10630274
2021-06-10 14:57:28,124.0,10630400
2021-06-10 14:57:31,123.95,10630431
2021-06-10 14:57:34,124.0,10631443
2021-06-10 14:57:37,124.0,10633793
2021-06-10 14:57:40,123.95,10633962
2021-06-10 14:57:43,124.0,10633983
2021-06-10 14:57:47,123.95,10637928
2021-06-10 14:57:50,123.95,10638142
2021-06-10 14:57:53,123.95,10638202
2021-06-10 14:57:56,123.95,10638453
2021-06-10 14:57:59,123.95,10639353
2021-06-10 14:58:03,124.0,10639447
2021-06-10 14:58:07,123.95,10640483
2021-06-10 14:58:10,123.95,10640910
2021-06-10 14:58:14,123.95,10641343
2021-06-10 14:58:18,124.0,10641533
2021-06-10 14:58:21,124.0,10641562
2021-06-10 14:58:25,124.0,10643171
2021-06-10 14:58:29,123.95,10643261
2021-06-10 14:58:32,124.0,10643263
2021-06-10 14:58:35,123.95,10644386
2021-06-10 14:58:39,124.0,10645899
2021-06-10 14:58:42,123.95,10646399
2021-06-10 14:58:49,124.0,10646950
2021-06-10 14:58:52,124.0,10647005
2021-06-10 14:58:55,124.0,10647055
2021-06-10 14:58:58,124.0,10648055
2021-06-10 14:59:02,124.0,10648614
2021-06-10 14:59:05,123.95,10649603
2021-06-10 14:59:09,124.0,10649773
2021-06-10 14:59:12,123.95,10652049
2021-06-10 14:59:16,124.0,10652350
2021-06-10 14:59:19,124.0,10652373
2021-06-10 14:59:23,123.95,10653175
2021-06-10 14:59:26,124.05,10665375
2021-06-10 14:59:30,124.0,10665789
2021-06-10 14:59:33,124.1,10671792
2021-06-10 14:59:37,124.15,10674919
2021-06-10 14:59:40,124.15,10674988
2021-06-10 14:59:44,124.1,10675739
2021-06-10 14:59:47,124.15,10676202
2021-06-10 14:59:50,124.15,10676252
2021-06-10 14:59:54,124.15,10676640
2021-06-10 14:59:57,124.05,10676644
2021-06-10 15:00:00,124.1,10677410
2021-06-10 15:00:04,124.15,10679189
2021-06-10 15:00:08,124.15,10680151
2021-06-10 15:00:11,124.15,10680160
2021-06-10 15:00:15,124.15,10680249
2021-06-10 15:00:18,124.1,10681336
2021-06-10 15:00:21,124.15,10681973
2021-06-10 15:00:25,124.15,10683144
2021-06-10 15:00:28,124.1,10683281
2021-06-10 15:00:32,124.15,10683707
2021-06-10 15:00:36,124.15,10686333
2021-06-10 15:00:39,124.15,10687622
2021-06-10 15:00:42,124.15,10688639
2021-06-10 15:00:46,124.15,10688649
2021-06-10 15:00:49,124.15,10688768
2021-06-10 15:00:52,124.15,10689269
2021-06-10 15:00:55,124.15,10689415
2021-06-10 15:00:59,124.15,10690733
2021-06-10 15:01:02,124.1,10690997
2021-06-10 15:01:05,124.1,10692004
2021-06-10 15:01:09,124.1,10694978
2021-06-10 15:01:12,124.15,10695088
2021-06-10 15:01:15,124.15,10695152
2021-06-10 15:01:18,124.15,10696281
2021-06-10 15:01:22,124.15,10697901
2021-06-10 15:01:25,124.15,10698116
2021-06-10 15:01:29,124.15,10698129
2021-06-10 15:01:32,124.15,10702973
2021-06-10 15:01:36,124.15,10706316
2021-06-10 15:01:39,124.1,10713343
2021-06-10 15:01:43,124.1,10713722
2021-06-10 15:01:46,124.1,10713786
2021-06-10 15:01:50,124.15,10715499
2021-06-10 15:01:53,124.15,10716118
2021-06-10 15:01:57,124.15,10717752
2021-06-10 15:02:00,124.15,10717992
2021-06-10 15:02:04,124.15,10718110
2021-06-10 15:02:07,124.1,10718898
2021-06-10 15:02:11,124.15,10719715
2021-06-10 15:02:14,124.1,10726716
2021-06-10 15:02:17,124.15,10727974
2021-06-10 15:02:21,124.15,10728268
2021-06-10 15:02:24,124.15,10728283
2021-06-10 15:02:28,124.15,10729018
2021-06-10 15:02:31,124.1,10730098
2021-06-10 15:02:35,124.1,10731707
2021-06-10 15:02:39,124.15,10736192
2021-06-10 15:02:43,124.15,10736349
2021-06-10 15:02:47,124.1,10737638
2021-06-10 15:02:50,124.15,10737998
2021-06-10 15:02:54,124.15,10738489
2021-06-10 15:02:57,124.15,10738703
2021-06-10 15:03:01,124.15,10739724
2021-06-10 15:03:04,124.15,10739858
2021-06-10 15:03:08,124.1,10740813
2021-06-10 15:03:11,124.1,10743644
2021-06-10 15:03:15,124.1,10775114
2021-06-10 15:03:19,124.1,10775239
2021-06-10 15:03:23,124.1,10776278
2021-06-10 15:03:26,124.05,10777618
2021-06-10 15:03:29,124.1,10777629
2021-06-10 15:03:33,124.1,10779468
2021-06-10 15:03:37,124.1,10780270
2021-06-10 15:03:41,124.05,10783702
2021-06-10 15:03:44,124.05,10786317
2021-06-10 15:03:47,124.05,10786690
2021-06-10 15:03:51,124.05,10789827
2021-06-10 15:03:54,124.0,10795933
2021-06-10 15:03:57,124.0,10795968
2021-06-10 15:04:00,124.0,10796686
2021-06-10 15:04:04,124.0,10800042
2021-06-10 15:04:08,124.0,10801987
2021-06-10 15:04:12,124.0,10802058
2021-06-10 15:04:16,124.0,10804088
2021-06-10 15:04:19,124.0,10804096
2021-06-10 15:04:23,123.95,10806193
2021-06-10 15:04:27,124.0,10808541
2021-06-10 15:04:31,124.0,10810191
2021-06-10 15:04:35,123.95,10819784
2021-06-10 15:04:38,123.95,10819883
2021-06-10 15:04:42,124.0,10820560
2021-06-10 15:04:45,124.0,10820673
2021-06-10 15:04:49,124.0,10821847
2021-06-10 15:04:52,123.95,10828925
2021-06-10 15:04:56,124.0,10828944
2021-06-10 15:05:00,124.0,10829550
2021-06-10 15:05:04,124.0,10829614
2021-06-10 15:05:07,124.0,10829732
2021-06-10 15:05:10,124.0,10835219
2021-06-10 15:05:14,124.0,10835426
2021-06-10 15:05:17,123.95,10844892
2021-06-10 15:05:20,123.9,10848991
2021-06-10 15:05:24,123.95,10851567
2021-06-10 15:05:28,123.95,10853401
2021-06-10 15:05:32,123.9,10856009
2021-06-10 15:05:35,123.9,10859094
2021-06-10 15:05:39,124.0,10864281
2021-06-10 15:05:43,123.95,10869951
2021-06-10 15:05:47,123.95,10875025
2021-06-10 15:05:51,124.0,10877366
2021-06-10 15:05:54,124.0,10879228
2021-06-10 15:05:58,124.0,10883890
2021-06-10 15:06:01,124.0,10884320
2021-06-10 15:06:05,124.05,10884387
2021-06-10 15:06:09,124.05,10885763
2021-06-10 15:06:12,124.05,10886366
2021-06-10 15:06:16,124.05,10887545
2021-06-10 15:06:20,124.05,10888764
2021-06-10 15:06:24,124.0,10888840
2021-06-10 15:06:27,124.0,10890156
2021-06-10 15:06:30,124.05,10890252
2021-06-10 15:06:34,124.0,10890406
2021-06-10 15:06:38,124.05,10894890
2021-06-10 15:06:42,124.0,10900005
2021-06-10 15:06:45,124.05,10900280
2021-06-10 15:06:49,124.05,10900968
2021-06-10 15:06:53,124.05,10900994
2021-06-10 15:06:56,124.0,10901186
2021-06-10 15:06:59,124.0,10901446
2021-06-10 15:07:03,124.0,10901756
2021-06-10 15:07:07,124.0,10902031
2021-06-10 15:07:10,124.05,10902232
2021-06-10 15:07:14,124.05,10902268
2021-06-10 15:07:18,124.05,10902833
2021-06-10 15:07:21,124.05,10906507
2021-06-10 15:07:25,124.05,10912272
2021-06-10 15:07:28,124.05,10913496
2021-06-10 15:07:32,124.1,10915032
2021-06-10 15:07:35,124.05,10916968
2021-06-10 15:07:38,124.05,10920221
2021-06-10 15:07:41,124.05,10920870
2021-06-10 15:07:45,124.1,10921733
2021-06-10 15:07:48,124.1,10923043
2021-06-10 15:07:52,124.1,10924184
2021-06-10 15:07:56,124.1,10928557
2021-06-10 15:07:59,124.1,10928571
2021-06-10 15:08:02,124.1,10929335
2021-06-10 15:08:06,124.1,10930385
2021-06-10 15:08:13,124.1,10933735
2021-06-10 15:08:17,124.1,10936844
2021-06-10 15:08:21,124.1,10938463
2021-06-10 15:08:24,124.1,10940205
2021-06-10 15:08:28,124.05,10941421
2021-06-10 15:08:31,124.05,10942331
2021-06-10 15:08:34,124.0,10946368
2021-06-10 15:08:38,124.1,10948096
2021-06-10 15:08:41,124.05,10951499
2021-06-10 15:08:45,124.1,10952111
2021-06-10 15:08:48,124.1,10952134
2021-06-10 15:08:52,124.1,10957479
2021-06-10 15:08:56,124.1,10958757
2021-06-10 15:08:59,124.05,10960343
2021-06-10 15:09:03,124.1,10961878
2021-06-10 15:09:07,124.05,10965289
2021-06-10 15:09:11,124.05,10966228
2021-06-10 15:09:14,124.1,10966234
2021-06-10 15:09:17,124.05,10971721
2021-06-10 15:09:21,124.1,10972607
2021-06-10 15:09:25,124.05,10982026
2021-06-10 15:09:29,124.1,10985191
2021-06-10 15:09:33,124.1,10986849
2021-06-10 15:09:40,124.05,10993369
2021-06-10 15:09:44,124.05,10998330
2021-06-10 15:09:48,124.05,10999076
2021-06-10 15:09:52,124.0,11000267
2021-06-10 15:09:56,124.1,11000915
2021-06-10 15:10:00,124.05,11001043
2021-06-10 15:10:04,124.05,11003109
2021-06-10 15:10:08,124.0,11004402
2021-06-10 15:10:11,124.05,11004782
2021-06-10 15:10:15,124.05,11005048
2021-06-10 15:10:19,124.05,11009145
2021-06-10 15:10:22,124.0,11009371
2021-06-10 15:10:26,124.05,11019672
2021-06-10 15:10:30,124.1,11021529
2021-06-10 15:10:34,124.05,11035660
2021-06-10 15:10:37,124.1,11037072
2021-06-10 15:10:41,124.05,11037332
2021-06-10 15:10:44,124.1,11037882
2021-06-10 15:10:48,124.1,11039385
2021-06-10 15:10:52,124.1,11042956
2021-06-10 15:10:56,124.05,11044839
2021-06-10 15:11:00,124.0,11057825
2021-06-10 15:11:08,124.05,11069376
2021-06-10 15:11:11,124.0,11071115
2021-06-10 15:11:15,124.05,11071383
2021-06-10 15:11:19,124.0,11071797
2021-06-10 15:11:23,124.0,11078545
2021-06-10 15:11:27,123.95,11108846
2021-06-10 15:11:31,124.0,11114319
2021-06-10 15:11:34,124.0,11115772
2021-06-10 15:11:38,123.95,11118901
2021-06-10 15:11:42,124.0,11120295
2021-06-10 15:11:46,124.05,11135314
2021-06-10 15:11:50,124.1,11139789
2021-06-10 15:11:54,124.05,11140915
2021-06-10 15:11:58,124.05,11172196
2021-06-10 15:12:02,124.05,11172474
2021-06-10 15:12:06,124.1,11173842
2021-06-10 15:12:10,124.1,11182443
2021-06-10 15:12:13,124.1,11197646
2021-06-10 15:12:17,124.1,11198347
2021-06-10 15:12:21,124.0,11199401
2021-06-10 15:12:24,124.05,11199419
2021-06-10 15:12:28,124.05,11206675
2021-06-10 15:12:32,124.05,11208184
2021-06-10 15:12:37,124.05,11208811
2021-06-10 15:12:41,124.1,11210234
2021-06-10 15:12:49,124.05,11212041
2021-06-10 15:12:53,124.05,11213240
2021-06-10 15:12:58,124.0,11214722
2021-06-10 15:13:02,124.0,11219160
2021-06-10 15:13:06,124.0,11219291
2021-06-10 15:13:10,124.05,11221334
2021-06-10 15:13:17,124.0,11222156
2021-06-10 15:13:21,124.0,11223787
2021-06-10 15:13:25,124.0,11223897
2021-06-10 15:13:29,124.05,11224687
2021-06-10 15:13:33,124.05,11226158
2021-06-10 15:13:42,124.0,11237597
2021-06-10 15:13:46,124.05,11240546
2021-06-10 15:13:50,124.05,11245727
2021-06-10 15:13:54,124.0,11254799
2021-06-10 15:13:58,124.0,11260189
2021-06-10 15:14:02,124.0,11262188
2021-06-10 15:14:06,124.0,11276319
2021-06-10 15:14:10,123.9,11283384
2021-06-10 15:14:15,124.0,11286487
2021-06-10 15:14:19,123.95,11289130
2021-06-10 15:14:23,123.9,11295308
2021-06-10 15:14:27,123.95,11301425
2021-06-10 15:14:31,124.0,11303862
2021-06-10 15:14:35,124.0,11305209
2021-06-10 15:14:39,124.0,11312016
2021-06-10 15:14:44,124.0,11312128
2021-06-10 15:14:48,124.0,11313228
2021-06-10 15:14:52,124.0,11314828
2021-06-10 15:14:56,124.0,11318116
2021-06-10 15:15:00,124.0,11322181
2021-06-10 15:15:05,124.0,11327870
2021-06-10 15:15:09,124.0,11332294
2021-06-10 15:15:14,124.0,11333908
2021-06-10 15:15:18,123.95,11335896
2021-06-10 15:15:22,124.0,11339388
2021-06-10 15:15:27,123.95,11341508
2021-06-10 15:15:31,124.0,11341950
2021-06-10 15:15:35,124.0,11344607
2021-06-10 15:15:40,124.0,11345831
2021-06-10 15:15:44,124.0,11346474
2021-06-10 15:15:48,124.0,11349742
2021-06-10 15:15:53,123.95,11357542
2021-06-10 15:15:57,123.95,11366153
2021-06-10 15:16:01,123.9,11367472
2021-06-10 15:16:06,123.95,11378047
2021-06-10 15:16:11,123.9,11378632
2021-06-10 15:16:15,123.95,11379456
2021-06-10 15:16:19,123.95,11381209
2021-06-10 15:16:24,123.95,11382423
2021-06-10 15:16:28,123.9,11384177
2021-06-10 15:16:33,123.95,11384562
2021-06-10 15:16:37,123.95,11386538
2021-06-10 15:16:42,123.9,11400413
2021-06-10 15:16:46,123.9,11412620
2021-06-10 15:16:51,123.95,11414583
2021-06-10 15:16:55,124.0,11420045
2021-06-10 15:16:59,124.0,11426720
2021-06-10 15:17:04,123.95,11433009
2021-06-10 15:17:08,123.9,11434343
2021-06-10 15:17:13,123.95,11435634
2021-06-10 15:17:17,124.0,11438116
2021-06-10 15:17:22,123.9,11441972
2021-06-10 15:17:26,123.9,11449381
2021-06-10 15:17:31,124.0,11451286
2021-06-10 15:17:35,123.95,11453945
2021-06-10 15:17:44,123.95,11457077
2021-06-10 15:17:48,124.0,11457663
2021-06-10 15:17:52,124.0,11459816
2021-06-10 15:17:57,123.95,11464814
2021-06-10 15:18:01,124.0,11466434
2021-06-10 15:18:05,123.95,11466631
2021-06-10 15:18:10,123.95,11468885
2021-06-10 15:18:14,124.0,11471081
2021-06-10 15:18:18,123.95,11471215
2021-06-10 15:18:22,124.0,11477147
2021-06-10 15:18:26,124.0,11479235
2021-06-10 15:18:31,124.0,11483634
2021-06-10 15:18:35,124.0,11489178
2021-06-10 15:18:44,124.0,11491490
2021-06-10 15:18:48,124.0,11494375
2021-06-10 15:18:52,124.0,11500590
2021-06-10 15:18:57,124.0,11503959
2021-06-10 15:19:01,123.95,11512163
2021-06-10 15:19:05,124.0,11520899
2021-06-10 15:19:09,123.9,11521555
2021-06-10 15:19:14,123.95,11522459
2021-06-10 15:19:18,123.9,11544437
2021-06-10 15:19:22,123.9,11551473
2021-06-10 15:19:26,123.95,11555485
2021-06-10 15:19:30,123.95,11558011
2021-06-10 15:19:35,123.9,11558869
2021-06-10 15:19:39,123.9,11560313
2021-06-10 15:19:44,123.95,11594719
2021-06-10 15:19:49,123.9,11595066
2021-06-10 15:19:53,123.9,11597704
2021-06-10 15:19:58,123.85,11598855
2021-06-10 15:20:02,123.95,11628782
2021-06-10 15:20:08,123.95,11634066
2021-06-10 15:20:13,123.95,11635973
2021-06-10 15:20:19,123.95,11639276
2021-06-10 15:20:24,123.9,11641458
2021-06-10 15:20:29,123.85,11642635
2021-06-10 15:20:35,123.9,11648701
2021-06-10 15:20:40,123.9,11654220
2021-06-10 15:20:45,123.9,11665163
2021-06-10 15:20:50,123.85,11669877
2021-06-10 15:20:55,123.85,11674479
2021-06-10 15:21:00,123.9,11674968
2021-06-10 15:21:06,123.9,11675238
2021-06-10 15:21:11,123.95,11682836
2021-06-10 15:21:16,124.0,11715121
2021-06-10 15:21:21,124.05,11725544
2021-06-10 15:21:26,124.05,11732088
2021-06-10 15:21:32,123.95,11750281
2021-06-10 15:21:37,123.9,11784702
2021-06-10 15:21:43,123.7,11805745
2021-06-10 15:21:48,123.85,11817289
2021-06-10 15:21:54,123.75,11821935
2021-06-10 15:21:59,123.85,11827961
2021-06-10 15:22:04,123.8,11831953
2021-06-10 15:22:09,123.9,11833172
2021-06-10 15:22:14,123.8,11834398
2021-06-10 15:22:19,123.85,11835799
2021-06-10 15:22:23,123.85,11837874
2021-06-10 15:22:28,123.85,11838627
2021-06-10 15:22:32,123.85,11838998
2021-06-10 15:22:37,123.85,11840473
2021-06-10 15:22:41,123.8,11841082
2021-06-10 15:22:46,123.85,11842451
2021-06-10 15:22:50,123.85,11843455
2021-06-10 15:22:55,123.8,11844010
2021-06-10 15:23:00,123.85,11846416
2021-06-10 15:23:05,123.8,11856555
2021-06-10 15:23:10,123.9,11863019
2021-06-10 15:23:16,123.85,11864363
2021-06-10 15:23:21,123.9,11864500
2021-06-10 15:23:26,123.85,11865957
2021-06-10 15:23:31,123.9,11866988
2021-06-10 15:23:36,123.9,11879109
2021-06-10 15:23:41,124.0,11883527
2021-06-10 15:23:46,123.95,11888724
2021-06-10 15:23:52,124.0,11889131
2021-06-10 15:23:56,124.0,11891435
2021-06-10 15:24:02,123.95,11895786
2021-06-10 15:24:07,123.95,11905732
2021-06-10 15:24:12,123.95,11905892
2021-06-10 15:24:17,123.95,11916995
2021-06-10 15:24:22,123.9,11917983
2021-06-10 15:24:27,123.9,11919505
2021-06-10 15:24:32,123.9,11919856
2021-06-10 15:24:37,123.9,11921075
2021-06-10 15:24:42,123.85,11939942
2021-06-10 15:24:47,123.85,11947881
2021-06-10 15:24:52,123.85,11949251
2021-06-10 15:24:57,123.85,11956258
2021-06-10 15:25:02,123.8,11972220
2021-06-10 15:25:07,123.8,11980801
2021-06-10 15:25:13,123.75,11995819
2021-06-10 15:25:18,123.8,12003288
2021-06-10 15:25:23,123.8,12004179
2021-06-10 15:25:28,123.9,12029698
2021-06-10 15:25:33,123.85,12033184
2021-06-10 15:25:38,123.8,12034408
2021-06-10 15:25:44,123.85,12045376
2021-06-10 15:25:49,123.9,12046609
2021-06-10 15:25:54,123.9,12048732
2021-06-10 15:25:59,123.85,12049757
2021-06-10 15:26:04,123.85,12053393
2021-06-10 15:26:09,123.9,12054121
2021-06-10 15:26:15,123.9,12062818
2021-06-10 15:26:20,123.9,12064242
2021-06-10 15:26:25,123.85,12066050
2021-06-10 15:26:30,123.9,12067450
2021-06-10 15:26:35,123.85,12074863
2021-06-10 15:26:40,123.9,12078212
2021-06-10 15:26:45,123.85,12081531
2021-06-10 15:26:50,123.85,12083817
2021-06-10 15:26:55,123.8,12089821
2021-06-10 15:27:00,123.85,12097041
2021-06-10 15:27:05,123.85,12097927
2021-06-10 15:27:11,123.85,12101566
2021-06-10 15:27:16,123.85,12102455
2021-06-10 15:27:21,123.85,12114275
2021-06-10 15:27:25,123.85,12115411
2021-06-10 15:27:31,123.9,12124050
2021-06-10 15:27:36,123.9,12125366
2021-06-10 15:27:42,123.9,12127150
2021-06-10 15:27:47,123.9,12132829
2021-06-10 15:27:51,123.9,12133255
2021-06-10 15:27:56,123.95,12138329
2021-06-10 15:28:00,123.95,12139674
2021-06-10 15:28:05,123.95,12140992
2021-06-10 15:28:09,123.9,12153338
2021-06-10 15:28:14,123.8,12164213
2021-06-10 15:28:19,123.85,12167083
2021-06-10 15:28:23,123.9,12168703
2021-06-10 15:28:27,123.9,12171617
2021-06-10 15:28:32,123.95,12172890
2021-06-10 15:28:36,123.95,12174654
2021-06-10 15:28:41,123.95,12175904
2021-06-10 15:28:45,123.95,12184715
2021-06-10 15:28:50,123.9,12187743
2021-06-10 15:28:55,123.95,12188143
2021-06-10 15:28:59,123.95,12194389
2021-06-10 15:29:04,123.95,12195589
2021-06-10 15:29:09,123.95,12198602
2021-06-10 15:29:14,123.95,12200595
2021-06-10 15:29:19,123.95,12209995
2021-06-10 15:29:24,123.85,12216269
2021-06-10 15:29:29,123.85,12222534
2021-06-10 15:29:34,124.0,12226724
2021-06-10 15:29:39,123.9,12231848
2021-06-10 15:29:44,124.0,12233593
2021-06-10 15:29:49,124.0,12237248
2021-06-10 15:29:53,124.0,12237468
2021-06-10 15:29:58,124.05,12241550
2021-06-10 15:30:02,124.05,12241570
2021-06-10 15:31:04,123.95,12241570
2021-06-10 15:40:00,123.95,12241570
2021-06-10 15:40:05,123.95,12241570
2021-06-10 15:40:09,123.95,12241580
2021-06-10 15:40:10,123.95,12241580
2021-06-10 15:40:11,123.95,12241580
2021-06-10 15:40:12,123.95,12241580
2021-06-10 15:40:14,123.95,12241580
2021-06-10 15:40:16,123.95,12241580
2021-06-10 15:40:17,123.95,12241580
2021-06-10 15:40:19,123.95,12241580
2021-06-10 15:40:19,123.95,12241580
2021-06-10 15:40:20,123.95,12241580
2021-06-10 15:40:26,123.95,12241580
2021-06-10 15:40:32,123.95,12241580
2021-06-10 15:40:32,123.95,12241580
2021-06-10 15:40:38,123.95,12241710
2021-06-10 15:40:40,123.95,12241718
2021-06-10 15:40:43,123.95,12241718
2021-06-10 15:40:51,123.95,12241718
2021-06-10 15:40:51,123.95,12241718
2021-06-10 15:40:52,123.95,12241718
2021-06-10 15:40:53,123.95,12241718
2021-06-10 15:40:54,123.95,12241718
2021-06-10 15:40:55,123.95,12241718
2021-06-10 15:41:01,123.95,12241733
2021-06-10 15:41:12,123.95,12241733
2021-06-10 15:41:12,123.95,12241733
2021-06-10 15:41:14,123.95,12241733
2021-06-10 15:41:15,123.95,12241733
2021-06-10 15:41:22,123.95,12241733
2021-06-10 15:41:25,123.95,12241733
2021-06-10 15:41:26,123.95,12241733
2021-06-10 15:41:27,123.95,12241733
2021-06-10 15:41:30,123.95,12241733
2021-06-10 15:41:33,123.95,12241733
2021-06-10 15:41:34,123.95,12241733
2021-06-10 15:41:38,123.95,12241733
2021-06-10 15:41:41,123.95,12241833
2021-06-10 15:41:45,123.95,12241833
2021-06-10 15:41:47,123.95,12241883
2021-06-10 15:41:47,123.95,12241883
2021-06-10 15:41:53,123.95,12241883
2021-06-10 15:41:58,123.95,12241883
2021-06-10 15:41:59,123.95,12241883
2021-06-10 15:42:04,123.95,12241910
2021-06-10 15:42:08,123.95,12241918
2021-06-10 15:42:12,123.95,12241918
2021-06-10 15:42:17,123.95,12241918
2021-06-10 15:42:18,123.95,12241929
2021-06-10 15:42:22,123.95,12241929
2021-06-10 15:42:25,123.95,12241929
2021-06-10 15:42:29,123.95,12241929
2021-06-10 15:42:31,123.95,12241929
2021-06-10 15:42:34,123.95,12241929
2021-06-10 15:42:35,123.95,12241929
2021-06-10 15:42:37,123.95,12241929
2021-06-10 15:42:38,123.95,12241929
2021-06-10 15:42:43,123.95,12241929
2021-06-10 15:42:46,123.95,12241929
2021-06-10 15:42:51,123.95,12242179
2021-06-10 15:42:52,123.95,12242179
2021-06-10 15:42:53,123.95,12242279
2021-06-10 15:43:05,123.95,12242279
2021-06-10 15:43:18,123.95,12242279
2021-06-10 15:43:29,123.95,12242299
2021-06-10 15:43:29,123.95,12242299
2021-06-10 15:43:37,123.95,12242299
2021-06-10 15:43:38,123.95,12242299
2021-06-10 15:43:48,123.95,12242299
2021-06-10 15:43:59,123.95,12242299
2021-06-10 15:44:07,123.95,12242299
2021-06-10 15:44:11,123.95,12242299
2021-06-10 15:44:20,123.95,12242299
2021-06-10 15:44:24,123.95,12242299
2021-06-10 15:44:27,123.95,12242299
2021-06-10 15:44:27,123.95,12242299
2021-06-10 15:44:30,123.95,12242299
2021-06-10 15:44:31,123.95,12242299
2021-06-10 15:44:44,123.95,12242299
2021-06-10 15:44:57,123.95,12242299
2021-06-10 15:45:01,123.95,12242299
2021-06-10 15:45:02,123.95,12242299
2021-06-10 15:45:03,123.95,12242499
2021-06-10 15:45:06,123.95,12242499
2021-06-10 15:45:10,123.95,12242499
2021-06-10 15:45:11,123.95,12242499
2021-06-10 15:45:29,123.95,12242594
2021-06-10 15:45:31,123.95,12242594
2021-06-10 15:45:33,123.95,12242594
2021-06-10 15:45:33,123.95,12242594
2021-06-10 15:45:35,123.95,12242594
2021-06-10 15:45:37,123.95,12242594
2021-06-10 15:45:44,123.95,12242594
2021-06-10 15:45:53,123.95,12242594
2021-06-10 15:45:55,123.95,12242594
2021-06-10 15:46:06,123.95,12242594
2021-06-10 15:46:11,123.95,12242594
2021-06-10 15:46:18,123.95,12242594
2021-06-10 15:46:19,123.95,12243594
2021-06-10 15:46:23,123.95,12243595
2021-06-10 15:46:34,123.95,12243595
2021-06-10 15:46:39,123.95,12243595
2021-06-10 15:46:43,123.95,12243595
2021-06-10 15:46:44,123.95,12243595
2021-06-10 15:46:46,123.95,12243595
2021-06-10 15:46:54,123.95,12243595
2021-06-10 15:46:55,123.95,12243595
2021-06-10 15:46:56,123.95,12243597
2021-06-10 15:47:03,123.95,12243597
2021-06-10 15:47:04,123.95,12243598
2021-06-10 15:47:07,123.95,12243598
2021-06-10 15:47:13,123.95,12243598
2021-06-10 15:47:15,123.95,12243598
2021-06-10 15:47:19,123.95,12243598
2021-06-10 15:47:29,123.95,12243600
2021-06-10 15:47:30,123.95,12243600
2021-06-10 15:47:31,123.95,12243600
2021-06-10 15:47:32,123.95,12244100
2021-06-10 15:47:38,123.95,12244110
2021-06-10 15:47:46,123.95,12244112
2021-06-10 15:47:49,123.95,12244112
2021-06-10 15:47:50,123.95,12244112
2021-06-10 15:47:51,123.95,12244112
2021-06-10 15:48:24,123.95,12244112
2021-06-10 15:48:25,123.95,12244112
2021-06-10 15:48:29,123.95,12244112
2021-06-10 15:48:32,123.95,12244117
2021-06-10 15:48:43,123.95,12244118
2021-06-10 15:48:51,123.95,12244118
2021-06-10 15:49:02,123.95,12244118
2021-06-10 15:49:14,123.95,12244618
2021-06-10 15:49:24,123.95,12244618
2021-06-10 15:49:31,123.95,12244618
2021-06-10 15:49:32,123.95,12244618
2021-06-10 15:49:50,123.95,12244622
2021-06-10 15:49:54,123.95,12244622
2021-06-10 15:50:27,123.95,12244622
2021-06-10 15:50:33,123.95,12244623
2021-06-10 15:50:39,123.95,12244623
2021-06-10 15:50:42,123.95,12244624
2021-06-10 15:50:47,123.95,12244624
2021-06-10 15:50:51,123.95,12244625
2021-06-10 15:51:03,123.95,12244625
2021-06-10 15:51:10,123.95,12244625
2021-06-10 15:51:30,123.95,12245625
2021-06-10 15:51:32,123.95,12245625
2021-06-10 15:51:46,123.95,12245625
2021-06-10 15:51:47,123.95,12245625
2021-06-10 15:52:00,123.95,12245625
2021-06-10 15:52:04,123.95,12245625
2021-06-10 15:52:05,123.95,12245625
2021-06-10 15:52:06,123.95,12245625
2021-06-10 15:52:15,123.95,12245625
2021-06-10 15:52:34,123.95,12245625
2021-06-10 15:53:13,123.95,12245625
2021-06-10 15:54:11,123.95,12245625
2021-06-10 15:54:12,123.95,12245625
2021-06-10 15:54:13,123.95,12245625
