timestamp,ltp,volume
2021-06-10 09:20:13,2186.25,365640
2021-06-10 09:20:15,2186.25,366083
2021-06-10 09:20:16,2186.4,366625
2021-06-10 09:20:17,2186.05,367501
2021-06-10 09:20:18,2186.0,367817
2021-06-10 09:20:18,2185.55,367819
2021-06-10 09:20:20,2186.0,369571
2021-06-10 09:20:21,2186.8,369870
2021-06-10 09:20:22,2185.7,371276
2021-06-10 09:20:23,2186.75,372127
2021-06-10 09:20:24,2186.85,372292
2021-06-10 09:20:25,2186.0,372513
2021-06-10 09:20:25,2186.0,372513
2021-06-10 09:20:27,2186.7,372583
2021-06-10 09:20:28,2186.2,372790
2021-06-10 09:20:29,2186.95,373114
2021-06-10 09:20:30,2186.95,373286
2021-06-10 09:20:31,2186.55,373750
2021-06-10 09:20:31,2186.3,373890
2021-06-10 09:20:33,2186.1,374468
2021-06-10 09:20:34,2185.95,374966
2021-06-10 09:20:35,2185.8,375314
2021-06-10 09:20:36,2186.3,375557
2021-06-10 09:20:37,2185.85,376135
2021-06-10 09:20:37,2185.85,376329
2021-06-10 09:20:39,2185.0,379416
2021-06-10 09:20:40,2185.0,379828
2021-06-10 09:20:41,2185.25,380380
2021-06-10 09:20:42,2185.25,380847
2021-06-10 09:20:42,2184.75,380938
2021-06-10 09:20:44,2185.0,383254
2021-06-10 09:20:45,2184.85,383959
2021-06-10 09:20:46,2184.05,384848
2021-06-10 09:20:47,2184.0,385154
2021-06-10 09:20:47,2183.9,385205
2021-06-10 09:20:50,2184.65,387756
2021-06-10 09:20:51,2185.25,388423
2021-06-10 09:20:52,2185.15,388749
2021-06-10 09:20:52,2185.15,388811
2021-06-10 09:20:54,2186.0,388949
2021-06-10 09:20:55,2186.0,389169
2021-06-10 09:20:56,2185.3,389547
2021-06-10 09:20:57,2186.25,389962
2021-06-10 09:20:57,2185.5,389678
2021-06-10 09:20:59,2185.75,390312
2021-06-10 09:21:00,2185.8,390472
2021-06-10 09:21:01,2185.55,390951
2021-06-10 09:21:02,2186.65,391387
2021-06-10 09:21:02,2185.8,392445
2021-06-10 09:21:05,2185.85,392724
2021-06-10 09:21:06,2186.25,392962
2021-06-10 09:21:07,2186.0,393610
2021-06-10 09:21:07,2186.0,393610
2021-06-10 09:21:09,2186.7,394061
2021-06-10 09:21:10,2186.5,394492
2021-06-10 09:21:11,2186.45,395770
2021-06-10 09:21:12,2187.85,396298
2021-06-10 09:21:12,2187.85,396248
2021-06-10 09:21:16,2187.0,397379
2021-06-10 09:21:17,2186.7,397669
2021-06-10 09:21:17,2187.5,397699
2021-06-10 09:21:19,2186.7,397960
2021-06-10 09:21:21,2188.0,399720
2021-06-10 09:21:22,2187.85,400403
2021-06-10 09:21:22,2187.55,400404
2021-06-10 09:21:23,2187.6,400785
2021-06-10 09:21:25,2187.95,401213
2021-06-10 09:21:26,2188.1,403011
2021-06-10 09:21:27,2188.1,404243
2021-06-10 09:21:28,2188.3,404472
2021-06-10 09:21:28,2188.1,404532
2021-06-10 09:21:30,2188.1,404674
2021-06-10 09:21:31,2188.75,405129
2021-06-10 09:21:32,2188.5,405464
2021-06-10 09:21:33,2188.8,405928
2021-06-10 09:21:33,2188.8,406038
2021-06-10 09:21:35,2188.9,406350
2021-06-10 09:21:36,2188.9,407312
2021-06-10 09:21:37,2189.0,407394
2021-06-10 09:21:38,2188.85,407538
2021-06-10 09:21:38,2189.0,407541
2021-06-10 09:21:40,2189.4,408168
2021-06-10 09:21:41,2189.7,408307
2021-06-10 09:21:42,2189.65,409156
2021-06-10 09:21:43,2189.0,409846
2021-06-10 09:21:44,2189.5,410055
2021-06-10 09:21:44,2189.5,410055
2021-06-10 09:21:46,2189.0,410403
2021-06-10 09:21:47,2189.5,411331
2021-06-10 09:21:48,2189.0,411558
2021-06-10 09:21:49,2189.7,411758
2021-06-10 09:21:50,2189.75,412380
2021-06-10 09:21:52,2188.95,413508
2021-06-10 09:21:51,2189.75,412466
2021-06-10 09:21:53,2189.35,414941
2021-06-10 09:21:54,2189.75,415254
2021-06-10 09:21:55,2189.95,415761
2021-06-10 09:21:56,2190.0,416128
2021-06-10 09:21:57,2190.0,417112
2021-06-10 09:21:58,2190.0,417364
2021-06-10 09:21:59,2189.9,417579
2021-06-10 09:22:00,2189.9,417843
2021-06-10 09:22:01,2189.9,417900
2021-06-10 09:22:03,2189.95,418277
2021-06-10 09:22:02,2189.95,418277
2021-06-10 09:22:04,2189.95,418640
2021-06-10 09:22:05,2189.9,418979
2021-06-10 09:22:06,2190.0,420052
2021-06-10 09:22:07,2190.15,420203
2021-06-10 09:22:08,2190.9,420210
2021-06-10 09:22:09,2190.55,421033
2021-06-10 09:22:10,2190.9,421251
2021-06-10 09:22:11,2190.55,421407
2021-06-10 09:22:12,2190.9,422415
2021-06-10 09:22:13,2190.9,422833
2021-06-10 09:22:14,2190.05,423910
2021-06-10 09:22:15,2190.3,424439
2021-06-10 09:22:16,2191.4,425203
2021-06-10 09:22:17,2190.95,425387
2021-06-10 09:22:18,2190.05,425692
2021-06-10 09:22:19,2189.35,430733
2021-06-10 09:22:20,2190.5,431473
2021-06-10 09:22:21,2189.85,433352
2021-06-10 09:22:22,2189.85,433574
2021-06-10 09:22:23,2189.85,433586
2021-06-10 09:22:24,2189.8,433968
2021-06-10 09:22:25,2189.8,435984
2021-06-10 09:22:26,2189.8,436066
2021-06-10 09:22:27,2189.85,436202
2021-06-10 09:22:28,2189.85,436204
2021-06-10 09:22:29,2189.85,436574
2021-06-10 09:22:30,2189.8,436665
2021-06-10 09:22:31,2188.9,438588
2021-06-10 09:22:32,2188.75,439783
2021-06-10 09:22:33,2189.0,439793
2021-06-10 09:22:34,2189.0,439794
2021-06-10 09:22:35,2188.5,439902
2021-06-10 09:22:36,2188.3,443570
2021-06-10 09:22:37,2188.6,444208
2021-06-10 09:22:38,2188.5,444615
2021-06-10 09:22:39,2188.85,444893
2021-06-10 09:22:40,2188.85,444893
2021-06-10 09:22:41,2188.85,446421
2021-06-10 09:22:42,2188.9,447038
2021-06-10 09:22:43,2188.7,447072
2021-06-10 09:22:44,2188.95,447384
2021-06-10 09:22:46,2187.85,450667
2021-06-10 09:22:47,2187.5,452212
2021-06-10 09:22:48,2186.7,454046
2021-06-10 09:22:49,2186.35,455385
2021-06-10 09:22:50,2185.05,455549
2021-06-10 09:22:51,2185.6,462741
2021-06-10 09:22:52,2185.1,463845
2021-06-10 09:22:53,2185.2,466167
2021-06-10 09:22:54,2186.75,466322
2021-06-10 09:22:55,2186.25,466333
2021-06-10 09:22:56,2185.55,468745
2021-06-10 09:22:57,2185.3,468931
2021-06-10 09:22:58,2185.3,468996
2021-06-10 09:22:59,2185.7,469071
2021-06-10 09:23:00,2185.8,469199
2021-06-10 09:23:01,2185.7,469380
2021-06-10 09:23:02,2185.2,469431
2021-06-10 09:23:03,2185.3,470084
2021-06-10 09:23:04,2185.65,470113
2021-06-10 09:23:05,2185.35,470492
2021-06-10 09:23:06,2185.5,470522
2021-06-10 09:23:07,2186.0,470823
2021-06-10 09:23:08,2186.0,470893
2021-06-10 09:23:09,2185.5,471233
2021-06-10 09:23:10,2186.0,471312
2021-06-10 09:23:11,2185.95,471349
2021-06-10 09:23:12,2185.6,471700
2021-06-10 09:23:13,2186.25,471960
2021-06-10 09:23:14,2185.7,473491
2021-06-10 09:23:15,2186.35,474977
2021-06-10 09:23:16,2185.75,475687
2021-06-10 09:23:17,2186.0,475728
2021-06-10 09:23:18,2186.0,476040
2021-06-10 09:23:19,2186.15,476218
2021-06-10 09:23:20,2186.95,476255
2021-06-10 09:23:21,2187.0,476420
2021-06-10 09:23:22,2186.65,476449
2021-06-10 09:23:23,2187.8,476530
2021-06-10 09:23:24,2187.35,476969
2021-06-10 09:23:25,2187.35,477011
2021-06-10 09:23:26,2187.95,477052
2021-06-10 09:23:27,2187.95,477073
2021-06-10 09:23:28,2187.95,477091
2021-06-10 09:23:29,2187.95,477301
2021-06-10 09:23:30,2187.95,477431
2021-06-10 09:23:31,2187.35,477724
2021-06-10 09:23:32,2187.35,477930
2021-06-10 09:23:33,2187.05,478097
2021-06-10 09:23:34,2188.6,478987
2021-06-10 09:23:35,2188.05,482055
2021-06-10 09:23:36,2188.8,482070
2021-06-10 09:23:37,2188.05,482107
2021-06-10 09:23:38,2187.75,482356
2021-06-10 09:23:39,2188.7,482452
2021-06-10 09:23:40,2189.0,482550
2021-06-10 09:23:41,2188.05,483105
2021-06-10 09:23:42,2189.0,483167
2021-06-10 09:23:43,2189.0,483344
2021-06-10 09:23:44,2189.0,483428
2021-06-10 09:23:45,2189.0,483513
2021-06-10 09:23:46,2189.9,484154
2021-06-10 09:23:47,2189.9,484199
2021-06-10 09:23:50,2188.05,485167
2021-06-10 09:23:51,2188.05,485940
2021-06-10 09:23:52,2188.05,486646
2021-06-10 09:23:53,2187.3,489015
2021-06-10 09:23:54,2186.0,489468
2021-06-10 09:23:55,2186.0,489983
2021-06-10 09:23:56,2186.0,490216
2021-06-10 09:23:57,2185.75,490324
2021-06-10 09:23:59,2186.35,490685
2021-06-10 09:23:59,2186.35,490685
2021-06-10 09:24:00,2186.75,490700
2021-06-10 09:24:01,2187.25,491701
2021-06-10 09:24:02,2187.75,492145
2021-06-10 09:24:03,2187.8,492278
2021-06-10 09:24:04,2187.0,492436
2021-06-10 09:24:05,2187.7,492601
2021-06-10 09:24:06,2187.7,492636
2021-06-10 09:24:07,2187.7,492687
2021-06-10 09:24:08,2187.1,492817
2021-06-10 09:24:09,2188.3,493441
2021-06-10 09:24:10,2188.85,493533
2021-06-10 09:24:11,2188.0,493583
2021-06-10 09:24:12,2188.8,493613
2021-06-10 09:24:13,2188.6,494035
2021-06-10 09:24:15,2188.85,494777
2021-06-10 09:24:16,2188.1,494782
2021-06-10 09:24:17,2188.7,494892
2021-06-10 09:24:18,2187.7,495441
2021-06-10 09:24:20,2187.1,496110
2021-06-10 09:24:21,2187.15,496126
2021-06-10 09:24:22,2187.95,496256
2021-06-10 09:24:23,2188.0,496285
2021-06-10 09:24:24,2188.0,496333
2021-06-10 09:24:26,2187.5,496886
2021-06-10 09:24:27,2187.9,496949
2021-06-10 09:24:28,2187.9,497028
2021-06-10 09:24:29,2187.5,497141
2021-06-10 09:24:30,2187.9,497429
2021-06-10 09:24:30,2187.9,497429
2021-06-10 09:24:31,2188.0,497810
2021-06-10 09:24:32,2188.0,497822
2021-06-10 09:24:33,2188.0,497942
2021-06-10 09:24:34,2188.0,499536
2021-06-10 09:24:35,2188.45,499748
2021-06-10 09:24:36,2188.45,500052
2021-06-10 09:24:37,2188.45,500069
2021-06-10 09:24:38,2188.6,500378
2021-06-10 09:24:39,2188.0,500438
2021-06-10 09:24:40,2188.75,500690
2021-06-10 09:24:41,2188.35,500708
2021-06-10 09:24:42,2188.0,500820
2021-06-10 09:24:43,2188.7,501280
2021-06-10 09:24:44,2188.1,501283
2021-06-10 09:24:45,2188.55,501328
2021-06-10 09:24:46,2188.5,501365
2021-06-10 09:24:47,2188.5,501366
2021-06-10 09:24:48,2188.5,501376
2021-06-10 09:24:49,2188.35,501601
2021-06-10 09:24:50,2188.15,501651
2021-06-10 09:24:51,2188.3,501872
2021-06-10 09:24:52,2188.3,502135
2021-06-10 09:24:53,2188.3,502556
2021-06-10 09:24:54,2188.3,502642
2021-06-10 09:24:55,2188.25,502941
2021-06-10 09:24:56,2188.25,502975
2021-06-10 09:24:57,2188.45,503234
2021-06-10 09:24:59,2188.4,504109
2021-06-10 09:25:00,2188.15,504440
2021-06-10 09:25:01,2188.4,504666
2021-06-10 09:25:02,2188.15,505519
2021-06-10 09:25:03,2188.45,506038
2021-06-10 09:25:05,2188.25,506866
2021-06-10 09:25:06,2188.45,507713
2021-06-10 09:25:07,2188.4,507868
2021-06-10 09:25:09,2188.25,508220
2021-06-10 09:25:09,2188.25,508200
2021-06-10 09:25:10,2188.45,508288
2021-06-10 09:25:11,2188.4,508304
2021-06-10 09:25:12,2188.4,508470
2021-06-10 09:25:13,2188.35,508475
2021-06-10 09:25:14,2188.4,508991
2021-06-10 09:25:15,2188.4,509247
2021-06-10 09:25:16,2188.45,510131
2021-06-10 09:25:18,2188.4,510165
2021-06-10 09:25:19,2188.5,510202
2021-06-10 09:25:19,2188.5,510202
2021-06-10 09:25:20,2188.55,510577
2021-06-10 09:25:21,2188.45,510614
2021-06-10 09:25:22,2188.55,510625
2021-06-10 09:25:25,2188.8,511015
2021-06-10 09:25:26,2189.2,511511
2021-06-10 09:25:27,2188.6,511563
2021-06-10 09:25:28,2188.6,511703
2021-06-10 09:25:29,2189.35,512115
2021-06-10 09:25:30,2189.35,512229
2021-06-10 09:25:31,2189.35,512263
2021-06-10 09:25:32,2189.1,512343
2021-06-10 09:25:34,2189.6,512475
2021-06-10 09:25:35,2189.8,512570
2021-06-10 09:25:35,2189.9,512775
2021-06-10 09:25:36,2189.45,512903
2021-06-10 09:25:37,2190.0,513307
2021-06-10 09:25:38,2190.0,513329
2021-06-10 09:25:39,2190.0,513544
2021-06-10 09:25:40,2190.0,513709
2021-06-10 09:25:41,2190.0,513755
2021-06-10 09:25:42,2190.0,514098
2021-06-10 09:25:43,2189.8,514419
2021-06-10 09:25:44,2189.45,514634
2021-06-10 09:25:45,2189.45,514910
2021-06-10 09:25:46,2189.3,515447
2021-06-10 09:25:47,2189.8,515939
2021-06-10 09:25:48,2189.8,516135
2021-06-10 09:25:49,2189.55,516578
2021-06-10 09:25:50,2189.25,516977
2021-06-10 09:25:52,2189.25,517088
2021-06-10 09:25:54,2189.2,517380
2021-06-10 09:25:53,2189.25,517163
2021-06-10 09:25:55,2189.0,517803
2021-06-10 09:25:56,2188.85,518200
2021-06-10 09:25:56,2188.95,519098
2021-06-10 09:25:57,2187.6,520523
2021-06-10 09:25:59,2188.25,520786
2021-06-10 09:26:00,2187.5,521130
2021-06-10 09:26:01,2187.5,521236
2021-06-10 09:26:02,2187.2,521837
2021-06-10 09:26:03,2187.55,522168
2021-06-10 09:26:04,2187.2,522569
2021-06-10 09:26:05,2187.2,524338
2021-06-10 09:26:07,2187.7,524510
2021-06-10 09:26:08,2187.25,524706
2021-06-10 09:26:08,2187.65,524716
2021-06-10 09:26:09,2187.7,524841
2021-06-10 09:26:10,2187.7,525032
2021-06-10 09:26:11,2187.25,525203
2021-06-10 09:26:12,2187.25,526310
2021-06-10 09:26:13,2187.95,526419
2021-06-10 09:26:14,2187.95,526565
2021-06-10 09:26:15,2187.75,527063
2021-06-10 09:26:16,2187.7,527222
2021-06-10 09:26:17,2188.2,527382
2021-06-10 09:26:18,2188.1,527483
2021-06-10 09:26:19,2188.1,527570
2021-06-10 09:26:20,2188.0,527653
2021-06-10 09:26:21,2188.15,527907
2021-06-10 09:26:22,2188.3,527960
2021-06-10 09:26:23,2188.0,528095
2021-06-10 09:26:24,2187.95,528329
2021-06-10 09:26:25,2188.0,528351
2021-06-10 09:26:26,2187.95,528626
2021-06-10 09:26:27,2188.0,528706
2021-06-10 09:26:28,2188.0,528843
2021-06-10 09:26:29,2188.35,529335
2021-06-10 09:26:30,2188.0,529700
2021-06-10 09:26:31,2188.5,529801
2021-06-10 09:26:32,2188.5,530834
2021-06-10 09:26:33,2188.3,530835
2021-06-10 09:26:34,2188.5,530889
2021-06-10 09:26:35,2188.7,531022
2021-06-10 09:26:36,2188.7,531032
2021-06-10 09:26:37,2188.05,531569
2021-06-10 09:26:38,2188.7,531620
2021-06-10 09:26:39,2188.7,531793
2021-06-10 09:26:40,2188.1,532176
2021-06-10 09:26:41,2188.7,532219
2021-06-10 09:26:42,2188.7,532260
2021-06-10 09:26:43,2188.7,532266
2021-06-10 09:26:44,2188.5,532309
2021-06-10 09:26:45,2188.8,532620
2021-06-10 09:26:46,2188.45,532820
2021-06-10 09:26:47,2187.25,533558
2021-06-10 09:26:48,2187.8,533619
2021-06-10 09:26:49,2186.2,534272
2021-06-10 09:26:50,2186.4,536028
2021-06-10 09:26:51,2185.0,537736
2021-06-10 09:26:52,2185.85,537922
2021-06-10 09:26:53,2186.05,538299
2021-06-10 09:26:54,2186.1,538371
2021-06-10 09:26:55,2186.0,538946
2021-06-10 09:26:56,2185.8,539051
2021-06-10 09:26:57,2185.1,539192
2021-06-10 09:26:58,2184.95,545901
2021-06-10 09:26:59,2184.9,546154
2021-06-10 09:27:00,2184.25,546498
2021-06-10 09:27:01,2184.0,547732
2021-06-10 09:27:02,2183.75,550912
2021-06-10 09:27:04,2182.95,552985
2021-06-10 09:27:05,2182.2,553413
2021-06-10 09:27:06,2182.2,553860
2021-06-10 09:27:08,2183.3,559004
2021-06-10 09:27:09,2183.0,559472
2021-06-10 09:27:10,2183.7,559923
2021-06-10 09:27:11,2183.7,560835
2021-06-10 09:27:11,2183.7,560880
2021-06-10 09:27:12,2183.0,560990
2021-06-10 09:27:13,2183.35,561199
2021-06-10 09:27:14,2183.15,562245
2021-06-10 09:27:15,2183.5,562328
2021-06-10 09:27:16,2183.0,562486
2021-06-10 09:27:17,2183.45,562597
2021-06-10 09:27:18,2183.5,562881
2021-06-10 09:27:19,2183.3,563118
2021-06-10 09:27:22,2183.75,563503
2021-06-10 09:27:23,2183.75,563551
2021-06-10 09:27:24,2183.7,563829
2021-06-10 09:27:25,2183.95,563920
2021-06-10 09:27:26,2183.75,564075
2021-06-10 09:27:27,2183.5,564619
2021-06-10 09:27:28,2184.0,564654
2021-06-10 09:27:29,2183.85,564838
2021-06-10 09:27:30,2183.75,565043
2021-06-10 09:27:31,2183.75,565115
2021-06-10 09:27:32,2184.0,565759
2021-06-10 09:27:33,2183.5,565800
2021-06-10 09:27:34,2183.75,565974
2021-06-10 09:27:35,2184.0,566550
2021-06-10 09:27:36,2183.75,566664
2021-06-10 09:27:37,2183.75,566687
2021-06-10 09:27:38,2184.4,567697
2021-06-10 09:27:39,2183.8,567792
2021-06-10 09:27:40,2183.75,568138
2021-06-10 09:27:41,2183.75,568390
2021-06-10 09:27:42,2183.75,568710
2021-06-10 09:27:43,2183.5,569845
2021-06-10 09:27:44,2184.2,570301
2021-06-10 09:27:45,2182.4,571655
2021-06-10 09:27:46,2183.15,571798
2021-06-10 09:27:48,2182.2,572370
2021-06-10 09:27:49,2183.15,572405
2021-06-10 09:27:50,2183.25,572816
2021-06-10 09:27:51,2183.1,573593
2021-06-10 09:27:54,2182.8,575895
2021-06-10 09:27:55,2182.2,576688
2021-06-10 09:27:56,2182.2,577886
2021-06-10 09:27:56,2182.2,577886
2021-06-10 09:27:57,2182.8,577889
2021-06-10 09:27:58,2182.2,578199
2021-06-10 09:27:59,2182.25,578963
2021-06-10 09:28:00,2183.2,579419
2021-06-10 09:28:01,2183.7,580941
2021-06-10 09:28:02,2183.75,581037
2021-06-10 09:28:03,2182.85,581093
2021-06-10 09:28:04,2182.8,581254
2021-06-10 09:28:05,2183.8,581565
2021-06-10 09:28:06,2183.05,581659
2021-06-10 09:28:07,2183.1,581786
2021-06-10 09:28:08,2184.0,581869
2021-06-10 09:28:09,2184.0,581970
2021-06-10 09:28:10,2184.0,582021
2021-06-10 09:28:11,2183.8,582076
2021-06-10 09:28:13,2184.0,582395
2021-06-10 09:28:14,2183.3,582515
2021-06-10 09:28:15,2183.7,582579
2021-06-10 09:28:16,2183.7,582798
2021-06-10 09:28:16,2183.7,582798
2021-06-10 09:28:17,2183.45,582823
2021-06-10 09:28:18,2183.45,582856
2021-06-10 09:28:19,2184.0,582938
2021-06-10 09:28:20,2183.45,583340
2021-06-10 09:28:21,2183.45,583590
2021-06-10 09:28:24,2183.5,584451
2021-06-10 09:28:25,2183.75,584515
2021-06-10 09:28:27,2183.5,584589
2021-06-10 09:28:28,2183.75,584615
2021-06-10 09:28:31,2184.0,584808
2021-06-10 09:28:31,2184.0,584808
2021-06-10 09:28:34,2183.75,585114
2021-06-10 09:28:35,2184.1,585306
2021-06-10 09:28:36,2184.05,586858
2021-06-10 09:28:37,2184.1,586901
2021-06-10 09:28:38,2184.0,587544
2021-06-10 09:28:39,2184.0,587547
2021-06-10 09:28:40,2184.1,587599
2021-06-10 09:28:41,2184.0,587785
2021-06-10 09:28:42,2184.0,587829
2021-06-10 09:28:43,2184.1,587934
2021-06-10 09:28:44,2184.1,587935
2021-06-10 09:28:45,2184.0,588545
2021-06-10 09:28:47,2184.1,588554
2021-06-10 09:28:48,2184.5,589011
2021-06-10 09:28:49,2184.5,589449
2021-06-10 09:28:50,2183.85,589709
2021-06-10 09:28:51,2184.5,589810
2021-06-10 09:28:52,2184.5,589856
2021-06-10 09:28:53,2184.55,589965
2021-06-10 09:28:54,2184.1,590089
2021-06-10 09:28:56,2184.5,590372
2021-06-10 09:28:57,2183.75,590475
2021-06-10 09:28:57,2184.0,590465
2021-06-10 09:28:58,2184.1,590501
2021-06-10 09:28:59,2183.65,590833
2021-06-10 09:29:00,2183.75,590889
2021-06-10 09:29:01,2184.3,591898
2021-06-10 09:29:02,2184.0,591941
2021-06-10 09:29:03,2184.5,591971
2021-06-10 09:29:04,2184.0,591984
2021-06-10 09:29:05,2184.5,592188
2021-06-10 09:29:07,2184.3,593484
2021-06-10 09:29:08,2185.05,593560
2021-06-10 09:29:09,2185.4,593864
2021-06-10 09:29:10,2185.4,593892
2021-06-10 09:29:12,2184.55,594124
2021-06-10 09:29:14,2184.55,594222
2021-06-10 09:29:15,2184.55,594276
2021-06-10 09:29:17,2184.55,595280
2021-06-10 09:29:17,2184.8,595281
2021-06-10 09:29:18,2184.55,595482
2021-06-10 09:29:19,2184.55,595564
2021-06-10 09:29:20,2185.2,595884
2021-06-10 09:29:21,2184.6,595890
2021-06-10 09:29:22,2184.6,595915
2021-06-10 09:29:23,2184.6,595954
2021-06-10 09:29:24,2185.0,596142
2021-06-10 09:29:25,2184.65,596217
2021-06-10 09:29:26,2185.0,596252
2021-06-10 09:29:27,2184.8,596549
2021-06-10 09:29:29,2185.0,597267
2021-06-10 09:29:30,2185.0,597276
2021-06-10 09:29:31,2185.15,597861
2021-06-10 09:29:33,2185.15,598455
2021-06-10 09:29:35,2184.9,598871
2021-06-10 09:29:36,2184.55,598972
2021-06-10 09:29:37,2184.9,599570
2021-06-10 09:29:38,2185.0,599885
2021-06-10 09:29:39,2185.45,600320
2021-06-10 09:29:40,2185.15,600659
2021-06-10 09:29:41,2185.6,600677
2021-06-10 09:29:42,2185.2,600717
2021-06-10 09:29:43,2185.95,600730
2021-06-10 09:29:44,2185.6,600941
2021-06-10 09:29:45,2185.6,601015
2021-06-10 09:29:46,2185.0,601374
2021-06-10 09:29:47,2185.05,601500
2021-06-10 09:29:47,2185.0,601501
2021-06-10 09:29:48,2185.3,601747
2021-06-10 09:29:49,2185.6,601759
2021-06-10 09:29:50,2185.65,602638
2021-06-10 09:29:51,2185.95,603120
2021-06-10 09:29:52,2186.0,603337
2021-06-10 09:29:53,2186.3,603759
2021-06-10 09:29:54,2186.05,603859
2021-06-10 09:29:56,2187.0,603951
2021-06-10 09:29:57,2186.5,603970
2021-06-10 09:29:58,2187.0,604001
2021-06-10 09:29:58,2187.0,604001
2021-06-10 09:29:59,2186.9,604770
2021-06-10 09:30:00,2186.8,604951
2021-06-10 09:30:01,2186.8,605111
2021-06-10 09:30:02,2187.0,605275
2021-06-10 09:30:03,2187.0,605280
2021-06-10 09:30:04,2186.45,605376
2021-06-10 09:30:05,2187.15,605890
2021-06-10 09:30:06,2188.0,606161
2021-06-10 09:30:07,2188.0,606218
2021-06-10 09:30:08,2188.0,606559
2021-06-10 09:30:09,2187.35,606565
2021-06-10 09:30:10,2188.6,606994
2021-06-10 09:30:11,2188.55,607262
2021-06-10 09:30:12,2188.55,607629
2021-06-10 09:30:13,2189.1,607738
2021-06-10 09:30:14,2188.55,607829
2021-06-10 09:30:15,2189.0,607997
2021-06-10 09:30:16,2188.5,608153
2021-06-10 09:30:18,2188.5,608421
2021-06-10 09:30:17,2188.9,608338
2021-06-10 09:30:20,2189.0,609039
2021-06-10 09:30:21,2189.0,609273
2021-06-10 09:30:23,2189.95,610055
2021-06-10 09:30:24,2189.15,610080
2021-06-10 09:30:25,2189.8,610293
2021-06-10 09:30:27,2189.15,611032
2021-06-10 09:30:28,2189.0,612019
2021-06-10 09:30:29,2189.0,614201
2021-06-10 09:30:30,2189.95,615025
2021-06-10 09:30:31,2190.0,615232
2021-06-10 09:30:32,2189.95,615416
2021-06-10 09:30:33,2190.0,615701
2021-06-10 09:30:34,2190.0,616248
2021-06-10 09:30:35,2190.0,616292
2021-06-10 09:30:36,2189.0,619243
2021-06-10 09:30:38,2189.35,620551
2021-06-10 09:30:39,2189.35,620655
2021-06-10 09:30:40,2189.1,620689
2021-06-10 09:30:41,2189.05,620759
2021-06-10 09:30:42,2188.85,620827
2021-06-10 09:30:43,2189.1,621183
2021-06-10 09:30:44,2189.7,622318
2021-06-10 09:30:45,2189.9,622423
2021-06-10 09:30:46,2189.45,622800
2021-06-10 09:30:47,2190.0,623279
2021-06-10 09:30:48,2190.0,625342
2021-06-10 09:30:49,2189.5,625423
2021-06-10 09:30:50,2190.0,625580
2021-06-10 09:30:51,2189.95,626052
2021-06-10 09:30:52,2189.95,626211
2021-06-10 09:30:53,2188.85,626596
2021-06-10 09:30:54,2189.5,627706
2021-06-10 09:30:56,2188.8,628050
2021-06-10 09:30:58,2189.45,628414
2021-06-10 09:30:59,2188.8,628856
2021-06-10 09:31:00,2188.55,628878
2021-06-10 09:31:01,2188.8,629044
2021-06-10 09:31:02,2188.95,629086
2021-06-10 09:31:03,2188.9,629146
2021-06-10 09:31:04,2188.55,629263
2021-06-10 09:31:05,2188.85,629542
2021-06-10 09:31:06,2188.9,629557
2021-06-10 09:31:07,2188.9,629684
2021-06-10 09:31:08,2188.9,630067
2021-06-10 09:31:09,2188.9,630116
2021-06-10 09:31:10,2188.9,630259
2021-06-10 09:31:11,2188.9,630269
2021-06-10 09:31:12,2188.9,630343
2021-06-10 09:31:13,2188.9,630415
2021-06-10 09:31:14,2188.6,630729
2021-06-10 09:31:16,2188.9,631538
2021-06-10 09:31:17,2188.9,631712
2021-06-10 09:31:19,2188.9,631831
2021-06-10 09:31:20,2188.55,631836
2021-06-10 09:31:21,2188.55,631953
2021-06-10 09:31:22,2188.85,632013
2021-06-10 09:31:23,2188.75,632105
2021-06-10 09:31:25,2188.8,635029
2021-06-10 09:31:25,2188.8,635029
2021-06-10 09:31:26,2188.95,635261
2021-06-10 09:31:27,2188.8,636148
2021-06-10 09:31:29,2188.9,636351
2021-06-10 09:31:30,2188.6,636452
2021-06-10 09:31:31,2188.75,636935
2021-06-10 09:31:32,2188.7,637335
2021-06-10 09:31:33,2188.7,637656
2021-06-10 09:31:34,2188.0,637672
2021-06-10 09:31:35,2187.0,638449
2021-06-10 09:31:36,2187.0,638522
2021-06-10 09:31:37,2187.95,638629
2021-06-10 09:31:39,2187.95,638922
2021-06-10 09:31:40,2187.95,639003
2021-06-10 09:31:41,2187.25,639084
2021-06-10 09:31:42,2187.25,639201
2021-06-10 09:31:43,2187.15,640164
2021-06-10 09:31:44,2187.15,640284
2021-06-10 09:31:45,2187.0,641284
2021-06-10 09:31:46,2188.05,641346
2021-06-10 09:31:47,2187.1,641467
2021-06-10 09:31:48,2188.0,641473
2021-06-10 09:31:49,2187.9,641534
2021-06-10 09:31:50,2187.9,641565
2021-06-10 09:31:51,2187.9,641787
2021-06-10 09:31:52,2187.9,641809
2021-06-10 09:31:53,2188.0,641858
2021-06-10 09:31:54,2188.0,642015
2021-06-10 09:31:55,2188.0,642061
2021-06-10 09:31:56,2187.5,642234
2021-06-10 09:31:57,2187.5,642259
2021-06-10 09:31:58,2187.25,642428
2021-06-10 09:31:59,2187.8,642648
2021-06-10 09:32:00,2187.25,642886
2021-06-10 09:32:01,2188.0,643358
2021-06-10 09:32:02,2187.95,643360
2021-06-10 09:32:03,2187.15,643410
2021-06-10 09:32:04,2187.1,643495
2021-06-10 09:32:05,2187.25,643613
2021-06-10 09:32:06,2187.15,643631
2021-06-10 09:32:07,2187.1,643693
2021-06-10 09:32:08,2187.45,643700
2021-06-10 09:32:09,2187.1,643979
2021-06-10 09:32:10,2187.6,644732
2021-06-10 09:32:11,2187.15,644894
2021-06-10 09:32:12,2187.8,645126
2021-06-10 09:32:13,2187.75,645204
2021-06-10 09:32:14,2187.25,645315
2021-06-10 09:32:15,2187.25,645453
2021-06-10 09:32:16,2187.25,645598
2021-06-10 09:32:16,2187.25,645598
2021-06-10 09:32:18,2187.2,645740
2021-06-10 09:32:19,2187.25,645910
2021-06-10 09:32:20,2187.25,645926
2021-06-10 09:32:21,2187.25,645966
2021-06-10 09:32:22,2187.35,645994
2021-06-10 09:32:24,2187.85,646100
2021-06-10 09:32:25,2188.2,646279
2021-06-10 09:32:26,2187.45,646295
2021-06-10 09:32:27,2187.7,646554
2021-06-10 09:32:28,2187.9,646596
2021-06-10 09:32:29,2187.7,646808
2021-06-10 09:32:32,2188.0,646980
2021-06-10 09:32:31,2188.0,646882
2021-06-10 09:32:33,2188.0,647196
2021-06-10 09:32:34,2187.9,647372
2021-06-10 09:32:35,2187.9,647535
2021-06-10 09:32:36,2188.0,647575
2021-06-10 09:32:37,2188.0,647849
2021-06-10 09:32:38,2188.0,647864
2021-06-10 09:32:40,2188.0,647871
2021-06-10 09:32:41,2188.0,648003
2021-06-10 09:32:42,2188.25,648216
2021-06-10 09:32:43,2188.25,648251
2021-06-10 09:32:44,2188.0,648376
2021-06-10 09:32:46,2188.25,648540
2021-06-10 09:32:47,2188.05,648553
2021-06-10 09:32:48,2188.75,649606
2021-06-10 09:32:49,2188.75,649809
2021-06-10 09:32:50,2188.05,650030
2021-06-10 09:32:51,2188.05,650077
2021-06-10 09:32:52,2188.65,650138
2021-06-10 09:32:53,2188.65,650155
2021-06-10 09:32:54,2188.5,651964
2021-06-10 09:32:55,2188.4,652198
2021-06-10 09:32:56,2188.05,652229
2021-06-10 09:32:57,2187.45,652402
2021-06-10 09:32:58,2187.55,652612
2021-06-10 09:32:59,2187.95,652729
2021-06-10 09:33:00,2187.9,652846
2021-06-10 09:33:01,2187.9,652990
2021-06-10 09:33:02,2187.9,653009
2021-06-10 09:33:03,2187.2,653279
2021-06-10 09:33:05,2187.45,653306
2021-06-10 09:33:06,2187.95,653477
2021-06-10 09:33:07,2187.7,653509
2021-06-10 09:33:08,2187.3,654098
2021-06-10 09:33:09,2187.15,655028
2021-06-10 09:33:10,2187.6,655657
2021-06-10 09:33:11,2187.0,655732
2021-06-10 09:33:12,2187.55,656207
2021-06-10 09:33:13,2187.6,656415
2021-06-10 09:33:14,2187.0,656526
2021-06-10 09:33:15,2187.0,656920
2021-06-10 09:33:16,2187.7,656961
2021-06-10 09:33:17,2187.7,656961
2021-06-10 09:33:18,2187.7,657011
2021-06-10 09:33:20,2187.7,657176
2021-06-10 09:33:21,2187.7,657210
2021-06-10 09:33:22,2187.55,658163
2021-06-10 09:33:23,2187.7,658173
2021-06-10 09:33:24,2187.7,658224
2021-06-10 09:33:25,2187.7,658265
2021-06-10 09:33:26,2187.65,658349
2021-06-10 09:33:27,2187.65,658455
2021-06-10 09:33:28,2187.55,658469
2021-06-10 09:33:29,2187.65,658541
2021-06-10 09:33:30,2187.55,658656
2021-06-10 09:33:32,2187.55,659264
2021-06-10 09:33:33,2187.45,660099
2021-06-10 09:33:34,2187.7,660156
2021-06-10 09:33:35,2187.7,660156
2021-06-10 09:33:36,2187.7,660208
2021-06-10 09:33:37,2187.7,660600
2021-06-10 09:33:38,2187.65,660701
2021-06-10 09:33:40,2187.5,660734
2021-06-10 09:33:41,2187.65,660802
2021-06-10 09:33:42,2187.5,660869
2021-06-10 09:33:44,2187.5,661053
2021-06-10 09:33:45,2187.5,661064
2021-06-10 09:33:47,2187.5,661599
2021-06-10 09:33:48,2187.5,661632
2021-06-10 09:33:49,2187.5,661638
2021-06-10 09:33:50,2187.35,662083
2021-06-10 09:33:51,2187.35,662093
2021-06-10 09:33:52,2187.35,662286
2021-06-10 09:33:53,2187.35,662336
2021-06-10 09:33:54,2187.35,662461
2021-06-10 09:33:55,2187.5,662519
2021-06-10 09:33:56,2187.7,662761
2021-06-10 09:33:57,2187.7,662761
2021-06-10 09:33:58,2187.75,665979
2021-06-10 09:33:59,2187.75,665979
2021-06-10 09:34:00,2187.65,666193
2021-06-10 09:34:01,2188.0,666244
2021-06-10 09:34:02,2188.9,668953
2021-06-10 09:34:03,2188.8,668984
2021-06-10 09:34:04,2188.9,669125
2021-06-10 09:34:05,2189.0,669327
2021-06-10 09:34:06,2188.25,669408
2021-06-10 09:34:07,2189.0,669508
2021-06-10 09:34:08,2188.3,669599
2021-06-10 09:34:10,2189.0,669927
2021-06-10 09:34:11,2189.0,669944
2021-06-10 09:34:12,2188.4,669949
2021-06-10 09:34:13,2189.05,670681
2021-06-10 09:34:14,2189.0,670724
2021-06-10 09:34:15,2189.4,670813
2021-06-10 09:34:16,2188.9,670863
2021-06-10 09:34:18,2189.05,670884
2021-06-10 09:34:19,2189.05,671843
2021-06-10 09:34:20,2189.1,672041
2021-06-10 09:34:21,2189.7,672689
2021-06-10 09:34:22,2189.4,672861
2021-06-10 09:34:23,2189.8,672966
2021-06-10 09:34:24,2189.9,673155
2021-06-10 09:34:25,2189.95,673267
2021-06-10 09:34:26,2189.3,673357
2021-06-10 09:34:27,2190.0,673663
2021-06-10 09:34:28,2190.0,673891
2021-06-10 09:34:30,2189.1,674063
2021-06-10 09:34:29,2190.0,673902
2021-06-10 09:34:31,2189.55,674905
2021-06-10 09:34:32,2188.9,675460
2021-06-10 09:34:33,2189.15,676099
2021-06-10 09:34:34,2188.2,676373
2021-06-10 09:34:35,2189.05,676378
2021-06-10 09:34:36,2188.65,676871
2021-06-10 09:34:37,2189.05,677034
2021-06-10 09:34:38,2188.55,677588
2021-06-10 09:34:39,2189.45,677622
2021-06-10 09:34:40,2189.45,677622
2021-06-10 09:34:41,2189.15,677644
2021-06-10 09:34:42,2189.15,677759
2021-06-10 09:34:43,2188.55,677980
2021-06-10 09:34:45,2188.55,678114
2021-06-10 09:34:46,2188.55,678118
2021-06-10 09:34:47,2188.55,678128
2021-06-10 09:34:48,2189.05,678322
2021-06-10 09:34:49,2188.65,678428
2021-06-10 09:34:50,2188.65,678428
2021-06-10 09:34:51,2188.65,678567
2021-06-10 09:34:52,2188.65,678722
2021-06-10 09:34:53,2188.65,678789
2021-06-10 09:34:54,2189.05,679320
2021-06-10 09:34:55,2189.05,679334
2021-06-10 09:34:56,2188.6,679573
2021-06-10 09:34:57,2188.55,679978
2021-06-10 09:34:58,2188.55,679979
2021-06-10 09:34:59,2189.0,680081
2021-06-10 09:35:00,2188.55,680091
2021-06-10 09:35:01,2188.65,680152
2021-06-10 09:35:02,2188.65,680152
2021-06-10 09:35:03,2188.65,680152
2021-06-10 09:35:04,2189.05,680182
2021-06-10 09:35:05,2189.0,680539
2021-06-10 09:35:06,2189.0,680801
2021-06-10 09:35:07,2189.05,680959
2021-06-10 09:35:08,2189.05,680960
2021-06-10 09:35:09,2189.0,681076
2021-06-10 09:35:10,2189.4,681137
2021-06-10 09:35:12,2189.05,681546
2021-06-10 09:35:14,2189.05,681711
2021-06-10 09:35:15,2189.05,681711
2021-06-10 09:35:16,2189.05,682163
2021-06-10 09:35:17,2189.15,682177
2021-06-10 09:35:17,2189.15,682177
2021-06-10 09:35:18,2189.15,682237
2021-06-10 09:35:19,2189.05,682337
2021-06-10 09:35:20,2189.4,682715
2021-06-10 09:35:21,2189.4,682723
2021-06-10 09:35:22,2189.4,682723
2021-06-10 09:35:24,2189.3,683043
2021-06-10 09:35:26,2189.3,683792
2021-06-10 09:35:27,2189.15,684045
2021-06-10 09:35:29,2189.15,686484
2021-06-10 09:35:30,2189.55,687142
2021-06-10 09:35:31,2189.15,687192
2021-06-10 09:35:32,2189.15,687219
2021-06-10 09:35:33,2189.2,687222
2021-06-10 09:35:35,2189.6,687274
2021-06-10 09:35:35,2189.6,687274
2021-06-10 09:35:36,2189.4,687546
2021-06-10 09:35:37,2189.65,687596
2021-06-10 09:35:38,2189.2,687600
2021-06-10 09:35:39,2189.6,687604
2021-06-10 09:35:40,2189.65,687981
2021-06-10 09:35:41,2189.8,688517
2021-06-10 09:35:42,2189.8,688552
2021-06-10 09:35:43,2189.3,688747
2021-06-10 09:35:44,2189.2,689355
2021-06-10 09:35:45,2189.1,689706
2021-06-10 09:35:47,2189.0,691520
2021-06-10 09:35:48,2188.55,691827
2021-06-10 09:35:48,2188.55,691827
2021-06-10 09:35:49,2189.35,691948
2021-06-10 09:35:50,2189.3,692029
2021-06-10 09:35:51,2189.2,692238
2021-06-10 09:35:52,2189.35,692289
2021-06-10 09:35:53,2188.6,692664
2021-06-10 09:35:54,2189.35,692665
2021-06-10 09:35:55,2189.0,692674
2021-06-10 09:35:56,2189.5,692948
2021-06-10 09:35:58,2189.5,693340
2021-06-10 09:35:59,2189.45,693648
2021-06-10 09:36:00,2189.45,693660
2021-06-10 09:36:01,2189.05,693698
2021-06-10 09:36:02,2189.05,693698
2021-06-10 09:36:03,2189.25,693722
2021-06-10 09:36:04,2189.55,693949
2021-06-10 09:36:05,2189.55,693949
2021-06-10 09:36:06,2189.6,694214
2021-06-10 09:36:07,2189.6,694214
2021-06-10 09:36:09,2189.9,695121
2021-06-10 09:36:09,2189.9,695121
2021-06-10 09:36:10,2189.9,695281
2021-06-10 09:36:12,2189.15,695331
2021-06-10 09:36:13,2189.15,695533
2021-06-10 09:36:14,2189.7,695671
2021-06-10 09:36:14,2189.75,695723
2021-06-10 09:36:15,2189.15,695934
2021-06-10 09:36:17,2189.5,696121
2021-06-10 09:36:18,2189.75,696217
2021-06-10 09:36:19,2189.75,696237
2021-06-10 09:36:20,2189.75,696320
2021-06-10 09:36:21,2189.8,696490
2021-06-10 09:36:23,2189.8,696742
2021-06-10 09:36:24,2189.8,696742
2021-06-10 09:36:25,2189.7,697494
2021-06-10 09:36:25,2189.8,697444
2021-06-10 09:36:26,2189.7,697589
2021-06-10 09:36:27,2189.75,698300
2021-06-10 09:36:28,2189.75,698505
2021-06-10 09:36:29,2189.75,698852
2021-06-10 09:36:30,2189.8,698859
2021-06-10 09:36:31,2189.65,699376
2021-06-10 09:36:32,2189.65,699484
2021-06-10 09:36:33,2189.9,699682
2021-06-10 09:36:34,2189.8,699750
2021-06-10 09:36:35,2189.65,700236
2021-06-10 09:36:36,2189.9,700416
2021-06-10 09:36:37,2189.65,700526
2021-06-10 09:36:38,2189.65,700558
2021-06-10 09:36:40,2189.65,700570
2021-06-10 09:36:40,2189.25,700571
2021-06-10 09:36:41,2189.25,700669
2021-06-10 09:36:42,2189.3,700705
2021-06-10 09:36:43,2189.3,700705
2021-06-10 09:36:44,2189.3,700755
2021-06-10 09:36:45,2189.3,700812
2021-06-10 09:36:46,2189.3,701323
2021-06-10 09:36:47,2188.05,703327
2021-06-10 09:36:48,2188.0,703398
2021-06-10 09:36:49,2188.35,703485
2021-06-10 09:36:51,2188.05,704178
2021-06-10 09:36:52,2188.7,704501
2021-06-10 09:36:53,2188.0,704532
2021-06-10 09:36:54,2187.65,705175
2021-06-10 09:36:55,2188.2,705385
2021-06-10 09:36:56,2187.35,705623
2021-06-10 09:36:58,2187.35,705754
2021-06-10 09:36:59,2188.0,705762
2021-06-10 09:37:02,2187.85,706029
2021-06-10 09:37:05,2188.25,706283
2021-06-10 09:37:04,2188.2,706148
2021-06-10 09:37:06,2188.3,706427
2021-06-10 09:37:07,2187.35,706430
2021-06-10 09:37:08,2187.15,706663
2021-06-10 09:37:08,2187.95,706723
2021-06-10 09:37:09,2187.95,706724
2021-06-10 09:37:11,2187.2,706787
2021-06-10 09:37:12,2187.2,706837
2021-06-10 09:37:13,2187.2,707032
2021-06-10 09:37:14,2187.2,707043
2021-06-10 09:37:15,2187.85,707128
2021-06-10 09:37:16,2187.8,707131
2021-06-10 09:37:17,2187.8,707156
2021-06-10 09:37:18,2187.8,707170
2021-06-10 09:37:19,2187.2,707221
2021-06-10 09:37:19,2187.2,707221
2021-06-10 09:37:20,2187.75,707277
2021-06-10 09:37:21,2187.25,707292
2021-06-10 09:37:22,2187.25,707341
2021-06-10 09:37:23,2187.75,707365
2021-06-10 09:37:24,2187.75,707466
2021-06-10 09:37:26,2187.3,707471
2021-06-10 09:37:28,2187.3,707941
2021-06-10 09:37:29,2187.75,707942
2021-06-10 09:37:31,2187.75,708017
2021-06-10 09:37:32,2187.8,708083
2021-06-10 09:37:33,2187.75,708352
2021-06-10 09:37:34,2187.9,708412
2021-06-10 09:37:35,2187.9,708422
2021-06-10 09:37:36,2187.9,708473
2021-06-10 09:37:37,2187.9,708473
2021-06-10 09:37:38,2187.9,708484
2021-06-10 09:37:39,2187.75,708485
2021-06-10 09:37:40,2187.65,708510
2021-06-10 09:37:40,2187.65,708510
2021-06-10 09:37:41,2187.7,708765
2021-06-10 09:37:42,2187.7,708771
2021-06-10 09:37:43,2187.65,709023
2021-06-10 09:37:44,2187.6,709152
2021-06-10 09:37:45,2187.8,709178
2021-06-10 09:37:46,2187.8,709178
2021-06-10 09:37:48,2187.6,709194
2021-06-10 09:37:49,2187.65,709423
2021-06-10 09:37:50,2187.65,709535
2021-06-10 09:37:51,2187.6,709721
2021-06-10 09:37:53,2187.8,710114
2021-06-10 09:37:53,2187.8,710114
2021-06-10 09:37:54,2187.75,710201
2021-06-10 09:37:55,2187.55,710247
2021-06-10 09:37:56,2187.55,710270
2021-06-10 09:37:57,2187.55,710350
2021-06-10 09:37:58,2187.5,710683
2021-06-10 09:37:59,2187.55,710697
2021-06-10 09:38:01,2187.35,710870
2021-06-10 09:38:01,2187.35,710870
2021-06-10 09:38:03,2187.35,710891
2021-06-10 09:38:04,2187.55,711019
2021-06-10 09:38:05,2187.3,711051
2021-06-10 09:38:07,2186.7,713752
2021-06-10 09:38:08,2186.3,714337
2021-06-10 09:38:09,2186.0,714392
2021-06-10 09:38:10,2186.1,714484
2021-06-10 09:38:11,2186.95,714488
2021-06-10 09:38:12,2186.65,714555
2021-06-10 09:38:13,2186.9,714565
2021-06-10 09:38:14,2187.25,714873
2021-06-10 09:38:15,2187.0,715178
2021-06-10 09:38:15,2187.0,715178
2021-06-10 09:38:16,2186.4,715715
2021-06-10 09:38:17,2187.25,715940
2021-06-10 09:38:18,2186.85,716035
2021-06-10 09:38:20,2187.25,716281
2021-06-10 09:38:19,2187.25,716211
2021-06-10 09:38:21,2186.75,716295
2021-06-10 09:38:23,2187.0,716297
2021-06-10 09:38:24,2187.0,716363
2021-06-10 09:38:25,2187.0,716470
2021-06-10 09:38:25,2187.25,716476
2021-06-10 09:38:26,2187.0,716958
2021-06-10 09:38:27,2186.95,717262
2021-06-10 09:38:28,2186.75,717267
2021-06-10 09:38:29,2186.95,717307
2021-06-10 09:38:31,2186.5,717332
2021-06-10 09:38:32,2186.95,717334
2021-06-10 09:38:33,2186.95,717337
2021-06-10 09:38:34,2186.9,717379
2021-06-10 09:38:35,2186.5,717746
2021-06-10 09:38:36,2186.5,717884
2021-06-10 09:38:36,2186.5,717884
2021-06-10 09:38:37,2186.5,717959
2021-06-10 09:38:38,2187.0,718029
2021-06-10 09:38:39,2187.0,718190
2021-06-10 09:38:40,2186.5,718195
2021-06-10 09:38:42,2187.0,718268
2021-06-10 09:38:43,2187.0,718275
2021-06-10 09:38:44,2187.0,718313
2021-06-10 09:38:45,2187.0,718562
2021-06-10 09:38:46,2186.75,718645
2021-06-10 09:38:46,2186.75,718645
2021-06-10 09:38:47,2186.75,718645
2021-06-10 09:38:48,2186.5,718694
2021-06-10 09:38:49,2186.5,718824
2021-06-10 09:38:50,2186.75,718875
2021-06-10 09:38:51,2186.75,718903
2021-06-10 09:38:52,2186.75,718913
2021-06-10 09:38:53,2186.75,718923
2021-06-10 09:38:55,2187.0,719117
2021-06-10 09:38:56,2187.0,719244
2021-06-10 09:38:57,2187.25,719715
2021-06-10 09:38:58,2186.9,719745
2021-06-10 09:38:58,2186.9,719745
2021-06-10 09:38:59,2186.95,719832
2021-06-10 09:39:00,2186.95,719896
2021-06-10 09:39:01,2186.95,719912
2021-06-10 09:39:03,2187.0,720103
2021-06-10 09:39:04,2187.55,720110
2021-06-10 09:39:05,2186.9,720629
2021-06-10 09:39:06,2186.9,720733
2021-06-10 09:39:07,2187.0,720734
2021-06-10 09:39:08,2187.55,721011
2021-06-10 09:39:09,2186.9,721201
2021-06-10 09:39:09,2186.9,721201
2021-06-10 09:39:10,2186.9,721256
2021-06-10 09:39:11,2186.9,721323
2021-06-10 09:39:12,2187.0,721325
2021-06-10 09:39:15,2187.05,721500
2021-06-10 09:39:15,2187.05,721500
2021-06-10 09:39:16,2187.5,722194
2021-06-10 09:39:17,2187.5,722260
2021-06-10 09:39:18,2187.75,722378
2021-06-10 09:39:19,2187.75,722393
2021-06-10 09:39:22,2187.65,722454
2021-06-10 09:39:23,2187.65,722493
2021-06-10 09:39:24,2187.75,722500
2021-06-10 09:39:25,2187.75,722622
2021-06-10 09:39:25,2187.75,722622
2021-06-10 09:39:26,2188.0,723365
2021-06-10 09:39:27,2188.65,723734
2021-06-10 09:39:28,2188.65,723734
2021-06-10 09:39:30,2188.5,723882
2021-06-10 09:39:31,2188.5,723982
2021-06-10 09:39:32,2188.5,723982
2021-06-10 09:39:32,2188.5,723992
2021-06-10 09:39:33,2188.95,724117
2021-06-10 09:39:34,2188.2,724170
2021-06-10 09:39:36,2188.5,724253
2021-06-10 09:39:37,2188.9,725372
2021-06-10 09:39:38,2188.9,725372
2021-06-10 09:39:39,2188.85,725404
2021-06-10 09:39:40,2189.0,726081
2021-06-10 09:39:41,2189.0,726101
2021-06-10 09:39:42,2189.0,726112
2021-06-10 09:39:43,2188.5,726162
2021-06-10 09:39:44,2189.0,726182
2021-06-10 09:39:45,2189.0,726244
2021-06-10 09:39:45,2189.0,726244
2021-06-10 09:39:46,2189.0,726282
2021-06-10 09:39:47,2189.0,726283
2021-06-10 09:39:48,2188.5,726385
2021-06-10 09:39:50,2188.5,726545
2021-06-10 09:39:51,2188.95,726548
2021-06-10 09:39:52,2188.95,726651
2021-06-10 09:39:53,2188.5,726653
2021-06-10 09:39:53,2188.95,726655
2021-06-10 09:39:54,2188.95,726717
2021-06-10 09:39:55,2188.95,726753
2021-06-10 09:39:56,2188.95,726798
2021-06-10 09:39:58,2188.95,727326
2021-06-10 09:39:59,2188.85,727351
2021-06-10 09:40:00,2189.0,727425
2021-06-10 09:40:01,2188.5,727435
2021-06-10 09:40:02,2189.0,727655
2021-06-10 09:40:04,2188.25,728309
2021-06-10 09:40:04,2188.25,728309
2021-06-10 09:40:05,2189.0,728456
2021-06-10 09:40:06,2188.2,729006
2021-06-10 09:40:07,2188.15,729017
2021-06-10 09:40:08,2189.0,729223
2021-06-10 09:40:10,2189.0,729503
2021-06-10 09:40:11,2189.0,729668
2021-06-10 09:40:12,2189.0,729748
2021-06-10 09:40:13,2189.0,729773
2021-06-10 09:40:14,2188.5,729874
2021-06-10 09:40:15,2188.5,729874
2021-06-10 09:40:16,2188.95,729962
2021-06-10 09:40:18,2188.5,730114
2021-06-10 09:40:19,2188.5,730146
2021-06-10 09:40:20,2188.5,730198
2021-06-10 09:40:20,2188.5,730198
2021-06-10 09:40:21,2188.75,730202
2021-06-10 09:40:22,2188.95,730257
2021-06-10 09:40:24,2188.9,730671
2021-06-10 09:40:25,2188.9,730767
2021-06-10 09:40:26,2188.9,730814
2021-06-10 09:40:27,2188.9,730817
2021-06-10 09:40:28,2188.5,730819
2021-06-10 09:40:29,2188.9,730840
2021-06-10 09:40:29,2188.9,730841
2021-06-10 09:40:30,2188.9,730876
2021-06-10 09:40:32,2188.6,730927
2021-06-10 09:40:33,2188.85,731228
2021-06-10 09:40:35,2189.0,731983
2021-06-10 09:40:36,2188.9,731989
2021-06-10 09:40:37,2188.65,732059
2021-06-10 09:40:37,2188.9,732250
2021-06-10 09:40:38,2188.95,732615
2021-06-10 09:40:40,2188.75,732816
2021-06-10 09:40:41,2189.05,732920
2021-06-10 09:40:42,2188.75,732931
2021-06-10 09:40:43,2189.05,733139
2021-06-10 09:40:43,2189.05,733139
2021-06-10 09:40:45,2189.05,733157
2021-06-10 09:40:46,2189.05,733295
2021-06-10 09:40:47,2189.05,733299
2021-06-10 09:40:48,2189.15,733344
2021-06-10 09:40:49,2189.05,733404
2021-06-10 09:40:49,2189.05,733404
2021-06-10 09:40:51,2189.15,733616
2021-06-10 09:40:53,2189.0,733873
2021-06-10 09:40:54,2189.0,733874
2021-06-10 09:40:55,2189.1,733954
2021-06-10 09:40:56,2189.0,733957
2021-06-10 09:40:56,2189.0,733957
2021-06-10 09:40:57,2189.0,734202
2021-06-10 09:40:58,2189.15,734514
2021-06-10 09:40:59,2189.15,734529
2021-06-10 09:41:00,2188.95,734564
2021-06-10 09:41:01,2188.95,734564
2021-06-10 09:41:02,2189.0,735298
2021-06-10 09:41:03,2189.0,735302
2021-06-10 09:41:05,2188.7,735455
2021-06-10 09:41:07,2188.0,736000
2021-06-10 09:41:08,2188.45,736186
2021-06-10 09:41:09,2188.0,736294
2021-06-10 09:41:10,2188.4,736557
2021-06-10 09:41:10,2188.4,736557
2021-06-10 09:41:11,2188.4,736682
2021-06-10 09:41:13,2188.6,736758
2021-06-10 09:41:14,2188.0,736801
2021-06-10 09:41:15,2188.0,736801
2021-06-10 09:41:16,2188.0,736801
2021-06-10 09:41:17,2188.0,736801
2021-06-10 09:41:18,2188.4,736926
2021-06-10 09:41:18,2188.5,736927
2021-06-10 09:41:20,2188.5,737063
2021-06-10 09:41:21,2188.05,737111
2021-06-10 09:41:21,2188.05,737111
2021-06-10 09:41:23,2188.5,737231
2021-06-10 09:41:24,2188.05,737232
2021-06-10 09:41:25,2188.7,737445
2021-06-10 09:41:26,2188.5,737446
2021-06-10 09:41:27,2188.5,737512
2021-06-10 09:41:27,2188.85,737518
2021-06-10 09:41:29,2188.0,738108
2021-06-10 09:41:30,2188.0,738108
2021-06-10 09:41:31,2188.5,738111
2021-06-10 09:41:34,2188.05,738141
2021-06-10 09:41:35,2188.05,738395
2021-06-10 09:41:36,2188.05,738420
2021-06-10 09:41:37,2188.05,738445
2021-06-10 09:41:38,2188.5,738546
2021-06-10 09:41:39,2188.05,738716
2021-06-10 09:41:40,2188.0,738718
2021-06-10 09:41:40,2188.0,738718
2021-06-10 09:41:41,2188.0,739001
2021-06-10 09:41:42,2188.0,739121
2021-06-10 09:41:45,2188.0,739609
2021-06-10 09:41:45,2188.0,739835
2021-06-10 09:41:46,2188.0,739885
2021-06-10 09:41:48,2188.0,739906
2021-06-10 09:41:49,2187.5,739966
2021-06-10 09:41:50,2188.0,739992
2021-06-10 09:41:51,2188.0,740010
2021-06-10 09:41:52,2187.5,740042
2021-06-10 09:41:53,2188.0,740076
2021-06-10 09:41:54,2187.5,740083
2021-06-10 09:41:55,2187.5,740083
2021-06-10 09:41:55,2188.0,740139
2021-06-10 09:41:57,2187.8,740331
2021-06-10 09:41:56,2187.8,740331
2021-06-10 09:41:58,2187.8,740337
2021-06-10 09:42:00,2187.8,740385
2021-06-10 09:42:01,2187.8,740436
2021-06-10 09:42:01,2187.8,740443
2021-06-10 09:42:03,2187.55,740490
2021-06-10 09:42:04,2187.5,740540
2021-06-10 09:42:06,2188.0,740680
2021-06-10 09:42:07,2187.55,740725
2021-06-10 09:42:08,2188.0,740759
2021-06-10 09:42:09,2188.0,741615
2021-06-10 09:42:10,2188.0,741617
2021-06-10 09:42:12,2188.0,741639
2021-06-10 09:42:13,2188.0,741706
2021-06-10 09:42:14,2188.0,741706
2021-06-10 09:42:15,2188.2,742736
2021-06-10 09:42:16,2188.0,742798
2021-06-10 09:42:17,2188.0,742812
2021-06-10 09:42:17,2188.0,742812
2021-06-10 09:42:18,2188.05,742820
2021-06-10 09:42:19,2188.3,743168
2021-06-10 09:42:21,2189.05,744654
2021-06-10 09:42:22,2189.05,744654
2021-06-10 09:42:23,2189.1,745163
2021-06-10 09:42:25,2189.1,745180
2021-06-10 09:42:25,2189.1,745192
2021-06-10 09:42:26,2189.1,745215
2021-06-10 09:42:28,2189.15,745333
2021-06-10 09:42:29,2188.65,745438
2021-06-10 09:42:30,2189.15,745506
2021-06-10 09:42:31,2189.1,745658
2021-06-10 09:42:32,2189.2,746023
2021-06-10 09:42:33,2189.45,746074
2021-06-10 09:42:33,2189.0,746079
2021-06-10 09:42:34,2189.7,746469
2021-06-10 09:42:35,2189.75,746862
2021-06-10 09:42:37,2189.4,746873
2021-06-10 09:42:38,2189.1,746879
2021-06-10 09:42:39,2189.7,746957
2021-06-10 09:42:40,2189.75,746992
2021-06-10 09:42:41,2189.4,747029
2021-06-10 09:42:42,2189.4,747036
2021-06-10 09:42:43,2189.4,747056
2021-06-10 09:42:44,2189.0,747361
2021-06-10 09:42:45,2189.0,747497
2021-06-10 09:42:45,2189.0,747497
2021-06-10 09:42:46,2189.0,747498
2021-06-10 09:42:47,2188.85,747589
2021-06-10 09:42:49,2189.0,747848
2021-06-10 09:42:49,2189.0,747848
2021-06-10 09:42:50,2188.6,747850
2021-06-10 09:42:52,2188.6,747850
2021-06-10 09:42:53,2188.95,747864
2021-06-10 09:42:54,2188.95,747880
2021-06-10 09:42:55,2188.95,747890
2021-06-10 09:42:56,2188.95,747895
2021-06-10 09:42:57,2188.5,747906
2021-06-10 09:42:58,2188.95,747926
2021-06-10 09:42:58,2188.95,747926
2021-06-10 09:42:59,2188.6,747971
2021-06-10 09:43:01,2188.5,748033
2021-06-10 09:43:02,2188.5,748033
2021-06-10 09:43:03,2188.95,748039
2021-06-10 09:43:04,2188.5,748095
2021-06-10 09:43:05,2188.75,748118
2021-06-10 09:43:05,2188.75,748123
2021-06-10 09:43:07,2188.35,748188
2021-06-10 09:43:08,2188.65,748450
2021-06-10 09:43:09,2188.5,748520
2021-06-10 09:43:11,2187.9,750257
2021-06-10 09:43:12,2187.6,750271
2021-06-10 09:43:12,2187.6,750271
2021-06-10 09:43:14,2187.9,750396
2021-06-10 09:43:15,2187.6,750433
2021-06-10 09:43:16,2187.9,750553
2021-06-10 09:43:17,2188.1,750656
2021-06-10 09:43:18,2188.1,750680
2021-06-10 09:43:19,2188.1,750680
2021-06-10 09:43:20,2187.9,750707
2021-06-10 09:43:21,2187.95,750732
2021-06-10 09:43:22,2187.9,750833
2021-06-10 09:43:23,2187.6,751083
2021-06-10 09:43:24,2188.3,751106
2021-06-10 09:43:25,2187.95,751172
2021-06-10 09:43:26,2187.95,751191
2021-06-10 09:43:27,2188.3,751211
2021-06-10 09:43:28,2188.3,751211
2021-06-10 09:43:29,2187.9,751212
2021-06-10 09:43:30,2188.3,751404
2021-06-10 09:43:31,2188.3,751561
2021-06-10 09:43:32,2188.3,751587
2021-06-10 09:43:33,2188.3,751597
2021-06-10 09:43:34,2188.3,751711
2021-06-10 09:43:36,2188.3,751733
2021-06-10 09:43:37,2188.3,751783
2021-06-10 09:43:38,2188.3,751785
2021-06-10 09:43:39,2187.85,752257
2021-06-10 09:43:40,2187.85,752267
2021-06-10 09:43:41,2188.3,752302
2021-06-10 09:43:42,2188.3,752344
2021-06-10 09:43:43,2188.3,752448
2021-06-10 09:43:45,2187.85,752518
2021-06-10 09:43:46,2188.0,752543
2021-06-10 09:43:47,2188.0,752583
2021-06-10 09:43:48,2188.0,752631
2021-06-10 09:43:49,2187.85,752639
2021-06-10 09:43:50,2187.85,752639
2021-06-10 09:43:51,2187.85,752649
2021-06-10 09:43:52,2187.0,754324
2021-06-10 09:43:53,2187.0,754330
2021-06-10 09:43:54,2187.0,754330
2021-06-10 09:43:55,2187.5,754551
2021-06-10 09:43:56,2187.5,754576
2021-06-10 09:43:57,2188.0,755191
2021-06-10 09:43:58,2187.85,755196
2021-06-10 09:43:59,2187.75,755486
2021-06-10 09:44:00,2187.0,755500
2021-06-10 09:44:01,2187.5,755501
2021-06-10 09:44:02,2187.5,755614
2021-06-10 09:44:03,2187.0,756257
2021-06-10 09:44:04,2187.6,756362
2021-06-10 09:44:05,2187.0,756444
2021-06-10 09:44:06,2187.6,756458
2021-06-10 09:44:07,2187.6,756661
2021-06-10 09:44:09,2187.6,756685
2021-06-10 09:44:10,2187.7,757889
2021-06-10 09:44:12,2187.0,758202
2021-06-10 09:44:11,2187.0,758202
2021-06-10 09:44:14,2187.5,758315
2021-06-10 09:44:15,2187.5,758357
2021-06-10 09:44:17,2187.6,758428
2021-06-10 09:44:18,2187.6,758440
2021-06-10 09:44:19,2187.6,758496
2021-06-10 09:44:20,2187.6,758498
2021-06-10 09:44:23,2187.6,758581
2021-06-10 09:44:24,2187.7,758698
2021-06-10 09:44:25,2187.6,758790
2021-06-10 09:44:26,2187.6,758790
2021-06-10 09:44:27,2187.5,758805
2021-06-10 09:44:28,2187.55,758815
2021-06-10 09:44:29,2187.5,758925
2021-06-10 09:44:30,2187.55,758953
2021-06-10 09:44:31,2187.55,759004
2021-06-10 09:44:32,2187.5,759008
2021-06-10 09:44:33,2187.55,759109
2021-06-10 09:44:34,2187.55,759180
2021-06-10 09:44:35,2187.5,759214
2021-06-10 09:44:36,2187.5,759214
2021-06-10 09:44:37,2187.6,759418
2021-06-10 09:44:40,2188.0,760202
2021-06-10 09:44:41,2187.8,760313
2021-06-10 09:44:42,2188.25,760337
2021-06-10 09:44:43,2188.3,761342
2021-06-10 09:44:44,2187.7,761346
2021-06-10 09:44:45,2187.7,761346
2021-06-10 09:44:46,2188.0,761363
2021-06-10 09:44:47,2188.0,761363
2021-06-10 09:44:48,2188.25,761482
2021-06-10 09:44:49,2188.3,761483
2021-06-10 09:44:51,2188.3,761497
2021-06-10 09:44:52,2188.3,761597
2021-06-10 09:44:53,2188.25,761627
2021-06-10 09:44:54,2188.25,761651
2021-06-10 09:44:55,2188.25,761710
2021-06-10 09:44:56,2188.3,761711
2021-06-10 09:44:57,2188.3,761847
2021-06-10 09:44:58,2188.3,761882
2021-06-10 09:44:59,2188.3,761900
2021-06-10 09:45:00,2188.3,762047
2021-06-10 09:45:02,2188.15,762237
2021-06-10 09:45:04,2188.0,762442
2021-06-10 09:45:05,2188.0,762472
2021-06-10 09:45:08,2188.25,762531
2021-06-10 09:45:09,2188.2,762563
2021-06-10 09:45:10,2187.85,762591
2021-06-10 09:45:11,2187.85,762591
2021-06-10 09:45:12,2188.2,762607
2021-06-10 09:45:13,2188.15,762908
2021-06-10 09:45:14,2188.15,762908
2021-06-10 09:45:15,2188.15,762908
2021-06-10 09:45:16,2188.15,762987
2021-06-10 09:45:17,2188.2,763054
2021-06-10 09:45:18,2188.2,763584
2021-06-10 09:45:19,2188.2,763584
2021-06-10 09:45:20,2188.2,763716
2021-06-10 09:45:21,2188.3,763859
2021-06-10 09:45:22,2188.3,763870
2021-06-10 09:45:23,2187.9,763993
2021-06-10 09:45:24,2188.3,764065
2021-06-10 09:45:26,2188.25,764206
2021-06-10 09:45:26,2188.25,764224
2021-06-10 09:45:27,2188.25,764228
2021-06-10 09:45:28,2188.2,764243
2021-06-10 09:45:29,2188.25,764251
2021-06-10 09:45:30,2188.2,764306
2021-06-10 09:45:32,2188.2,764366
2021-06-10 09:45:32,2188.2,764366
2021-06-10 09:45:33,2188.45,764376
2021-06-10 09:45:34,2188.0,764539
2021-06-10 09:45:35,2188.45,764578
2021-06-10 09:45:36,2188.45,764578
2021-06-10 09:45:37,2188.0,764659
2021-06-10 09:45:40,2188.45,764929
2021-06-10 09:45:40,2188.45,764929
2021-06-10 09:45:41,2188.0,764979
2021-06-10 09:45:43,2188.5,765165
2021-06-10 09:45:44,2188.5,765182
2021-06-10 09:45:45,2188.5,765302
2021-06-10 09:45:47,2188.25,765345
2021-06-10 09:45:47,2188.25,765345
2021-06-10 09:45:48,2188.25,765450
2021-06-10 09:45:49,2188.1,765458
2021-06-10 09:45:51,2188.15,765464
2021-06-10 09:45:53,2188.15,765525
2021-06-10 09:45:53,2188.15,765525
2021-06-10 09:45:54,2188.1,765637
2021-06-10 09:45:55,2188.1,765637
2021-06-10 09:45:56,2188.25,765642
2021-06-10 09:45:57,2188.25,765650
2021-06-10 09:45:59,2188.25,765729
2021-06-10 09:45:59,2188.25,765729
2021-06-10 09:46:00,2188.9,765986
2021-06-10 09:46:01,2188.2,766154
2021-06-10 09:46:02,2188.4,766214
2021-06-10 09:46:03,2188.9,766301
2021-06-10 09:46:04,2188.4,766311
2021-06-10 09:46:05,2188.3,766371
2021-06-10 09:46:06,2188.3,766375
2021-06-10 09:46:07,2188.3,766375
2021-06-10 09:46:09,2188.35,766377
2021-06-10 09:46:09,2188.35,766377
2021-06-10 09:46:11,2188.25,766496
2021-06-10 09:46:12,2188.25,766539
2021-06-10 09:46:13,2188.3,766551
2021-06-10 09:46:15,2188.15,766786
2021-06-10 09:46:15,2188.15,766786
2021-06-10 09:46:16,2188.35,766896
2021-06-10 09:46:17,2188.25,767001
2021-06-10 09:46:18,2188.35,767021
2021-06-10 09:46:19,2188.25,767177
2021-06-10 09:46:20,2188.3,767218
2021-06-10 09:46:21,2188.25,767369
2021-06-10 09:46:24,2188.25,767940
2021-06-10 09:46:24,2188.25,767940
2021-06-10 09:46:25,2188.55,769788
2021-06-10 09:46:26,2188.3,770013
2021-06-10 09:46:27,2188.0,770069
2021-06-10 09:46:29,2187.5,770479
2021-06-10 09:46:29,2187.5,770479
2021-06-10 09:46:30,2187.7,770540
2021-06-10 09:46:31,2187.45,770593
2021-06-10 09:46:32,2187.7,770611
2021-06-10 09:46:33,2187.45,770707
2021-06-10 09:46:35,2187.75,770842
2021-06-10 09:46:36,2187.75,770982
2021-06-10 09:46:36,2187.45,770998
2021-06-10 09:46:37,2187.45,770998
2021-06-10 09:46:38,2187.75,771079
2021-06-10 09:46:39,2187.45,771104
2021-06-10 09:46:40,2187.75,771122
2021-06-10 09:46:42,2188.0,771673
2021-06-10 09:46:42,2188.0,771673
2021-06-10 09:46:43,2187.15,771674
2021-06-10 09:46:44,2187.75,771724
2021-06-10 09:46:45,2187.75,771724
2021-06-10 09:46:46,2187.75,771724
2021-06-10 09:46:47,2187.15,771924
2021-06-10 09:46:48,2187.8,771929
2021-06-10 09:46:49,2187.1,771957
2021-06-10 09:46:50,2187.1,771957
2021-06-10 09:46:51,2187.1,771957
2021-06-10 09:46:52,2187.1,771957
2021-06-10 09:46:53,2187.1,771957
2021-06-10 09:46:54,2187.75,771972
2021-06-10 09:46:55,2187.75,772078
2021-06-10 09:46:57,2187.75,772092
2021-06-10 09:46:58,2187.1,772094
2021-06-10 09:46:59,2187.75,772099
2021-06-10 09:47:00,2187.4,772204
2021-06-10 09:47:01,2187.4,772214
2021-06-10 09:47:02,2187.75,772291
2021-06-10 09:47:03,2187.75,772417
2021-06-10 09:47:05,2187.95,772504
2021-06-10 09:47:05,2187.95,772504
2021-06-10 09:47:06,2187.95,772520
2021-06-10 09:47:07,2187.4,772627
2021-06-10 09:47:08,2187.95,772636
2021-06-10 09:47:09,2187.75,772732
2021-06-10 09:47:10,2187.7,772743
2021-06-10 09:47:11,2187.95,772897
2021-06-10 09:47:13,2187.95,772907
2021-06-10 09:47:13,2187.95,772908
2021-06-10 09:47:14,2187.75,772935
2021-06-10 09:47:15,2187.9,773056
2021-06-10 09:47:16,2187.9,773067
2021-06-10 09:47:18,2187.9,773067
2021-06-10 09:47:18,2187.9,773067
2021-06-10 09:47:19,2187.75,773086
2021-06-10 09:47:21,2188.0,773115
2021-06-10 09:47:22,2188.35,777464
2021-06-10 09:47:23,2188.35,778204
2021-06-10 09:47:25,2188.35,778304
2021-06-10 09:47:26,2188.35,778304
2021-06-10 09:47:26,2187.8,778327
2021-06-10 09:47:27,2187.8,778327
2021-06-10 09:47:28,2188.0,778385
2021-06-10 09:47:29,2188.0,778385
2021-06-10 09:47:31,2188.0,778741
2021-06-10 09:47:33,2188.35,778811
2021-06-10 09:47:34,2188.35,778853
2021-06-10 09:47:35,2188.35,778854
2021-06-10 09:47:35,2188.0,778858
2021-06-10 09:47:36,2188.8,779559
2021-06-10 09:47:37,2188.35,779574
2021-06-10 09:47:39,2188.35,779776
2021-06-10 09:47:41,2188.35,780087
2021-06-10 09:47:41,2188.05,780086
2021-06-10 09:47:43,2188.65,780098
2021-06-10 09:47:44,2188.85,780491
2021-06-10 09:47:44,2188.85,780491
2021-06-10 09:47:45,2188.65,780641
2021-06-10 09:47:46,2188.85,780682
2021-06-10 09:47:47,2188.05,780717
2021-06-10 09:47:48,2188.85,780938
2021-06-10 09:47:50,2188.85,780943
2021-06-10 09:47:51,2188.35,781001
2021-06-10 09:47:52,2188.85,781023
2021-06-10 09:47:52,2188.85,781023
2021-06-10 09:47:53,2188.85,781037
2021-06-10 09:47:54,2188.85,781049
2021-06-10 09:47:55,2188.35,781862
2021-06-10 09:47:56,2188.35,781878
2021-06-10 09:47:57,2189.0,782128
2021-06-10 09:47:58,2188.85,782278
2021-06-10 09:47:59,2188.35,782389
2021-06-10 09:48:01,2188.35,782395
2021-06-10 09:48:02,2188.7,782400
2021-06-10 09:48:03,2188.9,782675
2021-06-10 09:48:03,2188.35,782739
2021-06-10 09:48:04,2188.35,782791
2021-06-10 09:48:05,2188.95,782812
2021-06-10 09:48:06,2188.35,782814
2021-06-10 09:48:08,2188.85,782839
2021-06-10 09:48:09,2188.85,783689
2021-06-10 09:48:10,2188.85,783714
2021-06-10 09:48:11,2188.85,783775
2021-06-10 09:48:12,2188.85,783974
2021-06-10 09:48:13,2188.8,784486
2021-06-10 09:48:14,2188.8,784739
2021-06-10 09:48:14,2188.5,784969
2021-06-10 09:48:15,2188.6,785269
2021-06-10 09:48:16,2188.7,785353
2021-06-10 09:48:17,2188.9,785654
2021-06-10 09:48:18,2188.7,785747
2021-06-10 09:48:19,2188.7,785766
2021-06-10 09:48:21,2188.5,785978
2021-06-10 09:48:22,2188.7,786009
2021-06-10 09:48:23,2188.85,786018
2021-06-10 09:48:23,2188.85,786018
2021-06-10 09:48:24,2188.5,786021
2021-06-10 09:48:25,2188.55,787201
2021-06-10 09:48:26,2188.35,787243
2021-06-10 09:48:28,2188.5,787303
2021-06-10 09:48:29,2188.5,787332
2021-06-10 09:48:29,2188.5,787332
2021-06-10 09:48:30,2188.35,788200
2021-06-10 09:48:31,2188.45,788226
2021-06-10 09:48:33,2188.55,788276
2021-06-10 09:48:34,2188.55,788282
2021-06-10 09:48:35,2188.55,788311
2021-06-10 09:48:36,2188.55,788311
2021-06-10 09:48:36,2188.5,788316
2021-06-10 09:48:37,2188.35,788321
2021-06-10 09:48:38,2188.5,788373
2021-06-10 09:48:40,2188.5,788373
2021-06-10 09:48:41,2188.5,788379
2021-06-10 09:48:42,2188.35,788902
2021-06-10 09:48:42,2187.9,788895
2021-06-10 09:48:43,2188.0,789100
2021-06-10 09:48:44,2188.0,789105
2021-06-10 09:48:45,2188.45,789145
2021-06-10 09:48:46,2188.45,789145
2021-06-10 09:48:48,2188.1,789160
2021-06-10 09:48:49,2188.05,789464
2021-06-10 09:48:49,2188.05,789464
2021-06-10 09:48:50,2188.0,789776
2021-06-10 09:48:51,2188.0,789786
2021-06-10 09:48:52,2187.9,789817
2021-06-10 09:48:53,2187.4,789918
2021-06-10 09:48:54,2187.4,789932
2021-06-10 09:48:57,2187.1,790079
2021-06-10 09:48:58,2187.6,790185
2021-06-10 09:48:58,2187.6,790185
2021-06-10 09:48:59,2187.6,790187
2021-06-10 09:49:00,2187.6,790187
2021-06-10 09:49:01,2187.5,791882
2021-06-10 09:49:03,2186.8,792026
2021-06-10 09:49:04,2187.45,792032
2021-06-10 09:49:04,2187.4,792112
2021-06-10 09:49:05,2187.4,792123
2021-06-10 09:49:06,2187.4,792326
2021-06-10 09:49:07,2187.4,792326
2021-06-10 09:49:09,2187.0,792876
2021-06-10 09:49:10,2187.0,792999
2021-06-10 09:49:10,2187.0,792999
2021-06-10 09:49:11,2186.8,793283
2021-06-10 09:49:12,2186.55,794370
2021-06-10 09:49:13,2186.5,794398
2021-06-10 09:49:15,2186.8,794422
2021-06-10 09:49:17,2186.0,795757
2021-06-10 09:49:17,2186.75,795657
2021-06-10 09:49:18,2186.75,795767
2021-06-10 09:49:19,2186.75,795767
2021-06-10 09:49:20,2186.45,795798
2021-06-10 09:49:21,2186.8,796412
2021-06-10 09:49:22,2186.5,796605
2021-06-10 09:49:24,2186.55,797254
2021-06-10 09:49:25,2187.0,799379
2021-06-10 09:49:26,2186.2,799380
2021-06-10 09:49:27,2186.45,799794
2021-06-10 09:49:29,2187.0,799798
2021-06-10 09:49:30,2186.85,799808
2021-06-10 09:49:30,2186.85,799808
2021-06-10 09:49:32,2187.05,799875
2021-06-10 09:49:33,2186.85,799885
2021-06-10 09:49:34,2187.3,800696
2021-06-10 09:49:35,2186.2,801548
2021-06-10 09:49:37,2187.3,801570
2021-06-10 09:49:38,2186.55,801576
2021-06-10 09:49:39,2186.55,801625
2021-06-10 09:49:40,2187.0,801661
2021-06-10 09:49:41,2187.0,801674
2021-06-10 09:49:42,2186.2,801676
2021-06-10 09:49:44,2186.55,801687
2021-06-10 09:49:45,2186.55,801952
2021-06-10 09:49:46,2187.0,801962
2021-06-10 09:49:46,2187.0,801962
2021-06-10 09:49:47,2186.55,802087
2021-06-10 09:49:48,2187.0,802127
2021-06-10 09:49:49,2186.55,802136
2021-06-10 09:49:50,2186.55,802152
2021-06-10 09:49:52,2186.55,802152
2021-06-10 09:49:53,2187.0,802214
2021-06-10 09:49:54,2187.0,802278
2021-06-10 09:49:55,2187.0,802282
2021-06-10 09:49:56,2187.35,802565
2021-06-10 09:49:57,2187.35,802565
2021-06-10 09:49:58,2187.35,802791
2021-06-10 09:49:59,2187.3,802851
2021-06-10 09:49:59,2187.3,802851
2021-06-10 09:50:01,2187.3,802852
2021-06-10 09:50:02,2187.3,802858
2021-06-10 09:50:03,2187.0,803016
2021-06-10 09:50:04,2187.3,803179
2021-06-10 09:50:06,2187.3,803199
2021-06-10 09:50:07,2187.0,803254
2021-06-10 09:50:08,2187.05,803260
2021-06-10 09:50:09,2187.05,803351
2021-06-10 09:50:10,2187.0,803386
2021-06-10 09:50:11,2187.05,803453
2021-06-10 09:50:12,2187.05,803454
2021-06-10 09:50:12,2187.05,803454
2021-06-10 09:50:13,2187.05,803455
2021-06-10 09:50:15,2187.0,804000
2021-06-10 09:50:16,2187.05,804150
2021-06-10 09:50:17,2186.9,804226
2021-06-10 09:50:18,2186.9,804228
2021-06-10 09:50:19,2187.05,804351
2021-06-10 09:50:20,2186.9,804363
2021-06-10 09:50:20,2186.9,804363
2021-06-10 09:50:21,2186.9,804442
2021-06-10 09:50:23,2187.0,804770
2021-06-10 09:50:24,2187.3,804797
2021-06-10 09:50:25,2187.0,804847
2021-06-10 09:50:26,2186.75,805127
2021-06-10 09:50:27,2187.0,805137
2021-06-10 09:50:28,2187.3,805155
2021-06-10 09:50:29,2187.3,805233
2021-06-10 09:50:30,2187.3,805233
2021-06-10 09:50:31,2187.0,805263
2021-06-10 09:50:33,2187.3,805391
2021-06-10 09:50:34,2187.05,805596
2021-06-10 09:50:35,2187.05,805792
2021-06-10 09:50:35,2187.0,805969
2021-06-10 09:50:36,2186.8,805970
2021-06-10 09:50:37,2187.05,806325
2021-06-10 09:50:38,2187.05,806435
2021-06-10 09:50:39,2187.05,806437
2021-06-10 09:50:40,2187.05,806537
2021-06-10 09:50:42,2187.0,806722
2021-06-10 09:50:43,2187.05,806735
2021-06-10 09:50:44,2187.0,807102
2021-06-10 09:50:45,2187.0,807106
2021-06-10 09:50:45,2187.25,807107
2021-06-10 09:50:46,2187.25,807107
2021-06-10 09:50:47,2187.05,807131
2021-06-10 09:50:48,2187.05,807132
2021-06-10 09:50:50,2187.25,807137
2021-06-10 09:50:51,2187.05,807141
2021-06-10 09:50:52,2187.25,807254
2021-06-10 09:50:53,2187.05,807304
2021-06-10 09:50:54,2187.05,807504
2021-06-10 09:50:55,2187.45,807604
2021-06-10 09:50:55,2187.45,807613
2021-06-10 09:50:56,2187.05,807618
2021-06-10 09:50:57,2187.05,807751
2021-06-10 09:50:58,2187.45,807765
2021-06-10 09:50:59,2187.05,807766
2021-06-10 09:51:00,2187.45,807779
2021-06-10 09:51:01,2187.3,807792
2021-06-10 09:51:03,2187.3,807797
2021-06-10 09:51:04,2187.3,807813
2021-06-10 09:51:05,2187.25,807828
2021-06-10 09:51:06,2187.45,807915
2021-06-10 09:51:07,2187.15,807974
2021-06-10 09:51:08,2187.45,807992
2021-06-10 09:51:09,2187.5,808042
2021-06-10 09:51:10,2187.5,808055
2021-06-10 09:51:11,2187.3,808078
2021-06-10 09:51:12,2187.5,808101
2021-06-10 09:51:12,2187.5,808101
2021-06-10 09:51:13,2187.5,808101
2021-06-10 09:51:14,2187.5,808108
2021-06-10 09:51:15,2187.5,808110
2021-06-10 09:51:17,2187.5,808110
2021-06-10 09:51:18,2187.5,808174
2021-06-10 09:51:19,2187.5,808174
2021-06-10 09:51:20,2187.3,808274
2021-06-10 09:51:20,2187.3,808274
2021-06-10 09:51:22,2187.45,808334
2021-06-10 09:51:23,2187.45,808334
2021-06-10 09:51:24,2187.45,808349
2021-06-10 09:51:25,2187.45,808355
2021-06-10 09:51:26,2187.45,808441
2021-06-10 09:51:27,2187.35,808615
2021-06-10 09:51:28,2187.45,809156
2021-06-10 09:51:29,2187.45,809211
2021-06-10 09:51:30,2187.45,809225
2021-06-10 09:51:30,2187.45,809225
2021-06-10 09:51:31,2187.3,809387
2021-06-10 09:51:32,2187.5,809651
2021-06-10 09:51:34,2187.3,810099
2021-06-10 09:51:35,2187.1,810378
2021-06-10 09:51:36,2187.6,810608
2021-06-10 09:51:38,2187.0,811520
2021-06-10 09:51:38,2186.75,811527
2021-06-10 09:51:39,2186.75,811607
2021-06-10 09:51:40,2187.2,811614
2021-06-10 09:51:41,2186.7,811694
2021-06-10 09:51:44,2187.05,811979
2021-06-10 09:51:45,2186.65,811983
2021-06-10 09:51:46,2186.65,811983
2021-06-10 09:51:47,2187.0,812007
2021-06-10 09:51:48,2187.0,812064
2021-06-10 09:51:49,2187.1,812549
2021-06-10 09:51:50,2186.65,812562
2021-06-10 09:51:52,2186.65,812562
2021-06-10 09:51:53,2186.65,812617
2021-06-10 09:51:54,2186.55,812628
2021-06-10 09:51:55,2186.55,812672
2021-06-10 09:51:56,2186.55,812672
2021-06-10 09:51:57,2186.65,812771
2021-06-10 09:51:58,2186.2,812855
2021-06-10 09:51:59,2186.65,812887
2021-06-10 09:52:01,2185.75,815801
2021-06-10 09:52:02,2185.8,815863
2021-06-10 09:52:03,2185.8,815869
2021-06-10 09:52:04,2185.75,816006
2021-06-10 09:52:05,2185.8,816017
2021-06-10 09:52:06,2185.8,816090
2021-06-10 09:52:07,2185.5,817711
2021-06-10 09:52:07,2185.5,817711
2021-06-10 09:52:09,2185.45,817717
2021-06-10 09:52:10,2185.25,818202
2021-06-10 09:52:11,2185.2,818508
2021-06-10 09:52:12,2185.05,818578
2021-06-10 09:52:13,2185.0,819837
2021-06-10 09:52:14,2185.05,819856
2021-06-10 09:52:15,2185.05,820124
2021-06-10 09:52:16,2185.1,820149
2021-06-10 09:52:17,2185.05,820349
2021-06-10 09:52:18,2185.05,820468
2021-06-10 09:52:19,2185.05,820483
2021-06-10 09:52:20,2185.05,820633
2021-06-10 09:52:21,2185.1,820646
2021-06-10 09:52:22,2185.2,820667
2021-06-10 09:52:24,2185.0,821037
2021-06-10 09:52:25,2185.0,821180
2021-06-10 09:52:26,2185.0,821180
2021-06-10 09:52:27,2185.05,821239
2021-06-10 09:52:28,2185.05,821290
2021-06-10 09:52:29,2185.2,821295
2021-06-10 09:52:30,2185.3,822298
2021-06-10 09:52:31,2185.2,822408
2021-06-10 09:52:31,2185.2,822458
2021-06-10 09:52:32,2186.0,823430
2021-06-10 09:52:34,2186.1,823808
2021-06-10 09:52:36,2186.15,824018
2021-06-10 09:52:37,2186.65,824024
2021-06-10 09:52:38,2185.75,824033
2021-06-10 09:52:39,2186.35,824035
2021-06-10 09:52:40,2186.4,824138
2021-06-10 09:52:41,2185.75,824244
2021-06-10 09:52:42,2185.2,824325
2021-06-10 09:52:43,2185.2,824983
2021-06-10 09:52:43,2185.2,824983
2021-06-10 09:52:45,2185.1,825193
2021-06-10 09:52:46,2185.3,825217
2021-06-10 09:52:47,2185.0,825279
2021-06-10 09:52:48,2185.0,825401
2021-06-10 09:52:50,2185.0,825617
2021-06-10 09:52:51,2185.0,825687
2021-06-10 09:52:52,2185.2,825704
2021-06-10 09:52:52,2185.2,825712
2021-06-10 09:52:54,2185.45,825833
2021-06-10 09:52:55,2185.0,825835
2021-06-10 09:52:56,2185.45,825862
2021-06-10 09:52:57,2185.0,825944
2021-06-10 09:53:00,2185.0,826231
2021-06-10 09:53:01,2185.45,826287
2021-06-10 09:53:02,2185.45,826299
2021-06-10 09:53:03,2185.4,828621
2021-06-10 09:53:04,2185.0,828758
2021-06-10 09:53:05,2185.0,828858
2021-06-10 09:53:06,2185.0,830323
2021-06-10 09:53:07,2185.0,830790
2021-06-10 09:53:08,2185.1,830896
2021-06-10 09:53:09,2185.0,831062
2021-06-10 09:53:10,2185.05,831137
2021-06-10 09:53:11,2185.0,831165
2021-06-10 09:53:12,2185.0,831168
2021-06-10 09:53:13,2185.0,831228
2021-06-10 09:53:14,2185.0,831309
2021-06-10 09:53:15,2185.0,831353
2021-06-10 09:53:16,2185.05,831376
2021-06-10 09:53:17,2185.05,831377
2021-06-10 09:53:18,2185.0,831491
2021-06-10 09:53:19,2185.05,831508
2021-06-10 09:53:20,2185.25,831601
2021-06-10 09:53:21,2185.35,831623
2021-06-10 09:53:22,2185.05,831625
2021-06-10 09:53:23,2185.0,832632
2021-06-10 09:53:24,2185.0,832632
2021-06-10 09:53:25,2185.0,832682
2021-06-10 09:53:26,2185.15,832686
2021-06-10 09:53:27,2185.05,832738
2021-06-10 09:53:28,2185.05,832844
2021-06-10 09:53:28,2185.0,832854
2021-06-10 09:53:29,2185.2,833188
2021-06-10 09:53:31,2185.0,833780
2021-06-10 09:53:33,2185.0,833893
2021-06-10 09:53:34,2185.0,834016
2021-06-10 09:53:35,2185.0,834027
2021-06-10 09:53:36,2185.0,834082
2021-06-10 09:53:38,2185.0,834206
2021-06-10 09:53:39,2185.0,834245
2021-06-10 09:53:40,2185.0,834250
2021-06-10 09:53:41,2185.0,834355
2021-06-10 09:53:41,2185.0,834355
2021-06-10 09:53:42,2185.05,836899
2021-06-10 09:53:44,2185.0,836969
2021-06-10 09:53:45,2185.05,837018
2021-06-10 09:53:46,2184.95,837381
2021-06-10 09:53:47,2184.95,837404
2021-06-10 09:53:48,2185.0,837585
2021-06-10 09:53:49,2185.0,837631
2021-06-10 09:53:50,2185.3,837644
2021-06-10 09:53:51,2185.5,838152
2021-06-10 09:53:52,2185.0,838287
2021-06-10 09:53:53,2185.0,838287
2021-06-10 09:53:54,2185.0,838513
2021-06-10 09:53:55,2185.0,838513
2021-06-10 09:53:56,2185.3,838524
2021-06-10 09:53:58,2185.3,838634
2021-06-10 09:53:59,2185.3,838639
2021-06-10 09:54:00,2185.5,839267
2021-06-10 09:54:01,2185.0,840727
2021-06-10 09:54:02,2185.5,840735
2021-06-10 09:54:03,2185.2,840755
2021-06-10 09:54:04,2185.2,840909
2021-06-10 09:54:06,2185.5,840911
2021-06-10 09:54:07,2185.45,840918
2021-06-10 09:54:08,2185.45,840938
2021-06-10 09:54:09,2185.3,841000
2021-06-10 09:54:10,2185.3,841012
2021-06-10 09:54:11,2185.45,841017
2021-06-10 09:54:12,2185.45,841019
2021-06-10 09:54:13,2185.45,841042
2021-06-10 09:54:14,2185.3,841144
2021-06-10 09:54:15,2185.3,841321
2021-06-10 09:54:16,2185.8,841408
2021-06-10 09:54:17,2185.45,841730
2021-06-10 09:54:18,2185.45,841775
2021-06-10 09:54:19,2185.45,841787
2021-06-10 09:54:20,2185.45,841804
2021-06-10 09:54:21,2185.5,841868
2021-06-10 09:54:22,2185.5,841895
2021-06-10 09:54:23,2185.65,841921
2021-06-10 09:54:24,2185.85,841989
2021-06-10 09:54:25,2185.85,841989
2021-06-10 09:54:26,2185.5,842024
2021-06-10 09:54:27,2185.5,842130
2021-06-10 09:54:28,2185.55,842255
2021-06-10 09:54:29,2185.5,842344
2021-06-10 09:54:30,2185.5,842513
2021-06-10 09:54:31,2185.5,842604
2021-06-10 09:54:32,2185.5,842784
2021-06-10 09:54:33,2185.5,842837
2021-06-10 09:54:34,2185.5,842854
2021-06-10 09:54:35,2185.5,842854
2021-06-10 09:54:36,2185.45,843262
2021-06-10 09:54:37,2185.5,843297
2021-06-10 09:54:38,2185.5,843313
2021-06-10 09:54:39,2185.5,843383
2021-06-10 09:54:40,2185.5,843432
2021-06-10 09:54:41,2185.5,843432
2021-06-10 09:54:42,2185.5,843596
2021-06-10 09:54:43,2185.5,843721
2021-06-10 09:54:44,2185.5,843779
2021-06-10 09:54:45,2185.35,844241
2021-06-10 09:54:46,2185.35,844251
2021-06-10 09:54:47,2185.5,844306
2021-06-10 09:54:49,2185.5,844408
2021-06-10 09:54:50,2185.2,844431
2021-06-10 09:54:51,2185.5,845625
2021-06-10 09:54:52,2185.5,845641
2021-06-10 09:54:53,2185.4,845667
2021-06-10 09:54:54,2185.35,846328
2021-06-10 09:54:55,2185.3,846332
2021-06-10 09:54:56,2186.25,847557
2021-06-10 09:54:57,2185.3,847744
2021-06-10 09:54:58,2185.2,847774
2021-06-10 09:54:59,2186.0,848775
2021-06-10 09:55:00,2185.05,848883
2021-06-10 09:55:01,2185.05,848934
2021-06-10 09:55:02,2185.5,849061
2021-06-10 09:55:03,2185.0,849201
2021-06-10 09:55:04,2185.0,849340
2021-06-10 09:55:05,2185.05,849403
2021-06-10 09:55:06,2185.0,849480
2021-06-10 09:55:07,2185.0,849502
2021-06-10 09:55:08,2185.05,849526
2021-06-10 09:55:09,2185.15,849620
2021-06-10 09:55:10,2185.5,849746
2021-06-10 09:55:11,2185.7,849756
2021-06-10 09:55:12,2186.0,849865
2021-06-10 09:55:13,2186.0,849870
2021-06-10 09:55:14,2185.5,849914
2021-06-10 09:55:15,2185.5,850021
2021-06-10 09:55:16,2185.5,850041
2021-06-10 09:55:17,2185.5,850064
2021-06-10 09:55:18,2185.5,850086
2021-06-10 09:55:20,2185.55,850166
2021-06-10 09:55:21,2185.5,850219
2021-06-10 09:55:23,2185.5,850234
2021-06-10 09:55:24,2185.5,850334
2021-06-10 09:55:25,2185.55,850356
2021-06-10 09:55:26,2185.5,850616
2021-06-10 09:55:27,2185.55,850801
2021-06-10 09:55:28,2185.55,850803
2021-06-10 09:55:29,2185.55,851324
2021-06-10 09:55:30,2185.55,851369
2021-06-10 09:55:31,2185.5,851379
2021-06-10 09:55:32,2185.5,851380
2021-06-10 09:55:33,2185.4,851475
2021-06-10 09:55:34,2185.4,851561
2021-06-10 09:55:35,2185.5,851585
2021-06-10 09:55:36,2185.4,851643
2021-06-10 09:55:37,2185.4,851775
2021-06-10 09:55:38,2185.9,851812
2021-06-10 09:55:39,2185.55,851819
2021-06-10 09:55:41,2185.5,851871
2021-06-10 09:55:42,2185.5,852011
2021-06-10 09:55:43,2185.5,852011
2021-06-10 09:55:44,2185.9,852026
2021-06-10 09:55:45,2185.5,852214
2021-06-10 09:55:46,2185.9,852225
2021-06-10 09:55:47,2185.5,852226
2021-06-10 09:55:48,2185.65,852252
2021-06-10 09:55:49,2185.5,852307
2021-06-10 09:55:50,2185.65,852312
2021-06-10 09:55:51,2185.65,852312
2021-06-10 09:55:52,2185.9,852442
2021-06-10 09:55:53,2185.5,852466
2021-06-10 09:55:54,2185.5,852466
2021-06-10 09:55:55,2185.5,852489
2021-06-10 09:55:56,2185.65,853463
2021-06-10 09:55:57,2185.95,853473
2021-06-10 09:55:58,2185.95,853473
2021-06-10 09:55:59,2185.95,853473
2021-06-10 09:56:00,2185.95,853479
2021-06-10 09:56:01,2185.95,853501
2021-06-10 09:56:02,2185.65,853555
2021-06-10 09:56:03,2185.65,853555
2021-06-10 09:56:04,2185.6,853580
2021-06-10 09:56:05,2186.0,853695
2021-06-10 09:56:06,2186.0,853897
2021-06-10 09:56:07,2185.95,853905
2021-06-10 09:56:08,2186.0,854105
2021-06-10 09:56:09,2186.0,854230
2021-06-10 09:56:10,2185.85,854232
2021-06-10 09:56:11,2185.85,854237
2021-06-10 09:56:12,2185.85,854237
2021-06-10 09:56:14,2185.85,854237
2021-06-10 09:56:15,2185.9,854277
2021-06-10 09:56:16,2185.95,854369
2021-06-10 09:56:17,2185.8,854941
2021-06-10 09:56:19,2185.8,855115
2021-06-10 09:56:20,2185.5,855735
2021-06-10 09:56:21,2185.5,855785
2021-06-10 09:56:22,2185.5,856388
2021-06-10 09:56:23,2185.5,856390
2021-06-10 09:56:24,2185.5,856390
2021-06-10 09:56:25,2185.5,856390
2021-06-10 09:56:26,2185.0,856394
2021-06-10 09:56:28,2185.8,856623
2021-06-10 09:56:29,2185.05,856661
2021-06-10 09:56:30,2185.5,856672
2021-06-10 09:56:31,2185.05,856713
2021-06-10 09:56:32,2185.05,856713
2021-06-10 09:56:33,2185.5,856723
2021-06-10 09:56:34,2185.5,856723
2021-06-10 09:56:35,2185.45,856777
2021-06-10 09:56:36,2185.1,856851
2021-06-10 09:56:37,2185.45,856861
2021-06-10 09:56:38,2185.45,856872
2021-06-10 09:56:39,2185.25,857005
2021-06-10 09:56:40,2185.1,857084
2021-06-10 09:56:42,2185.5,857095
2021-06-10 09:56:42,2185.5,857095
2021-06-10 09:56:43,2185.5,857095
2021-06-10 09:56:44,2185.5,857146
2021-06-10 09:56:45,2185.45,857151
2021-06-10 09:56:46,2185.45,857453
2021-06-10 09:56:47,2185.45,857455
2021-06-10 09:56:48,2185.45,857561
2021-06-10 09:56:49,2185.45,857605
2021-06-10 09:56:50,2185.45,858006
2021-06-10 09:56:51,2185.5,858007
2021-06-10 09:56:52,2185.15,858062
2021-06-10 09:56:53,2185.15,858072
2021-06-10 09:56:55,2185.5,858167
2021-06-10 09:56:56,2185.5,858167
2021-06-10 09:56:57,2185.5,858167
2021-06-10 09:56:58,2185.6,858172
2021-06-10 09:56:59,2185.5,858175
2021-06-10 09:57:00,2185.6,858181
2021-06-10 09:57:00,2185.6,858283
2021-06-10 09:57:01,2185.5,858370
2021-06-10 09:57:02,2185.5,858370
2021-06-10 09:57:03,2185.45,858390
2021-06-10 09:57:04,2185.45,858499
2021-06-10 09:57:05,2185.45,858499
2021-06-10 09:57:06,2185.5,858516
2021-06-10 09:57:07,2185.5,858542
2021-06-10 09:57:08,2185.6,858643
2021-06-10 09:57:09,2185.6,858769
2021-06-10 09:57:10,2185.6,858772
2021-06-10 09:57:11,2185.5,858800
2021-06-10 09:57:12,2185.6,858829
2021-06-10 09:57:13,2185.6,858829
2021-06-10 09:57:14,2185.6,858839
2021-06-10 09:57:15,2185.5,858975
2021-06-10 09:57:16,2185.1,859477
2021-06-10 09:57:17,2185.6,859591
2021-06-10 09:57:18,2185.6,859644
2021-06-10 09:57:19,2185.6,859660
2021-06-10 09:57:20,2185.6,859711
2021-06-10 09:57:21,2185.6,859711
2021-06-10 09:57:22,2185.6,859728
2021-06-10 09:57:23,2185.85,859729
2021-06-10 09:57:24,2185.6,859772
2021-06-10 09:57:25,2185.6,859797
2021-06-10 09:57:26,2185.6,859847
2021-06-10 09:57:27,2185.6,859852
2021-06-10 09:57:28,2185.6,859931
2021-06-10 09:57:29,2185.6,859937
2021-06-10 09:57:30,2185.9,859976
2021-06-10 09:57:31,2185.9,859976
2021-06-10 09:57:32,2185.6,859998
2021-06-10 09:57:33,2185.7,860016
2021-06-10 09:57:35,2185.6,860075
2021-06-10 09:57:36,2185.6,860138
2021-06-10 09:57:36,2185.6,860138
2021-06-10 09:57:37,2185.6,860157
2021-06-10 09:57:38,2185.6,860177
2021-06-10 09:57:39,2185.7,860182
2021-06-10 09:57:40,2185.6,860186
2021-06-10 09:57:41,2185.6,860186
2021-06-10 09:57:42,2185.7,860226
2021-06-10 09:57:43,2185.6,860427
2021-06-10 09:57:45,2185.6,860427
2021-06-10 09:57:46,2185.6,860444
2021-06-10 09:57:47,2185.6,860444
2021-06-10 09:57:47,2185.6,860444
2021-06-10 09:57:48,2185.7,860495
2021-06-10 09:57:50,2185.7,860758
2021-06-10 09:57:51,2185.6,860988
2021-06-10 09:57:52,2185.6,860999
2021-06-10 09:57:53,2185.6,860999
2021-06-10 09:57:54,2185.6,861496
2021-06-10 09:57:55,2185.7,861593
2021-06-10 09:57:56,2185.6,861598
2021-06-10 09:57:57,2185.65,861745
2021-06-10 09:57:58,2185.7,861775
2021-06-10 09:58:00,2185.6,861812
2021-06-10 09:58:02,2185.65,863018
2021-06-10 09:58:02,2185.65,863058
2021-06-10 09:58:03,2185.65,863066
2021-06-10 09:58:04,2185.7,863198
2021-06-10 09:58:05,2186.25,863253
2021-06-10 09:58:06,2186.6,863471
2021-06-10 09:58:07,2186.8,863482
2021-06-10 09:58:08,2186.3,863537
2021-06-10 09:58:10,2186.3,863537
2021-06-10 09:58:10,2186.3,863537
2021-06-10 09:58:11,2186.8,863543
2021-06-10 09:58:12,2186.8,863543
2021-06-10 09:58:14,2186.8,863562
2021-06-10 09:58:15,2186.3,863672
2021-06-10 09:58:17,2186.3,863682
2021-06-10 09:58:17,2186.3,863722
2021-06-10 09:58:18,2186.3,863722
2021-06-10 09:58:19,2186.8,863777
2021-06-10 09:58:20,2186.35,863801
2021-06-10 09:58:22,2186.8,863826
2021-06-10 09:58:23,2186.85,863842
2021-06-10 09:58:24,2186.35,863848
2021-06-10 09:58:25,2186.8,863863
2021-06-10 09:58:26,2186.8,863874
2021-06-10 09:58:27,2186.8,863903
2021-06-10 09:58:27,2186.8,863903
2021-06-10 09:58:28,2186.8,863953
2021-06-10 09:58:29,2186.4,863964
2021-06-10 09:58:31,2186.8,864006
2021-06-10 09:58:32,2186.8,864105
2021-06-10 09:58:33,2186.95,864221
2021-06-10 09:58:34,2186.95,864232
2021-06-10 09:58:35,2186.9,864233
2021-06-10 09:58:36,2186.9,864236
2021-06-10 09:58:37,2186.9,864246
2021-06-10 09:58:38,2186.95,864275
2021-06-10 09:58:39,2186.9,864281
2021-06-10 09:58:40,2186.95,864305
2021-06-10 09:58:41,2186.95,864306
2021-06-10 09:58:42,2187.0,864357
2021-06-10 09:58:43,2186.9,864623
2021-06-10 09:58:44,2187.3,864732
2021-06-10 09:58:45,2187.3,864744
2021-06-10 09:58:46,2187.3,864744
2021-06-10 09:58:47,2187.3,864784
2021-06-10 09:58:48,2186.95,864796
2021-06-10 09:58:49,2187.3,864801
2021-06-10 09:58:50,2186.95,864821
2021-06-10 09:58:51,2186.95,864831
2021-06-10 09:58:53,2187.3,864906
2021-06-10 09:58:55,2186.95,864928
2021-06-10 09:58:56,2186.95,864928
2021-06-10 09:58:56,2186.95,864928
2021-06-10 09:58:57,2187.05,865109
2021-06-10 09:58:58,2187.05,865109
2021-06-10 09:58:59,2187.05,865114
2021-06-10 09:59:01,2187.45,865203
2021-06-10 09:59:01,2187.4,865228
2021-06-10 09:59:02,2187.75,866521
2021-06-10 09:59:04,2187.75,866521
2021-06-10 09:59:04,2188.0,866765
2021-06-10 09:59:05,2188.0,867107
2021-06-10 09:59:07,2187.9,867426
2021-06-10 09:59:07,2188.0,867451
2021-06-10 09:59:09,2188.0,868456
2021-06-10 09:59:10,2188.45,868545
2021-06-10 09:59:11,2188.0,868546
2021-06-10 09:59:12,2188.45,868667
2021-06-10 09:59:13,2188.45,868667
2021-06-10 09:59:13,2188.45,868667
2021-06-10 09:59:14,2188.45,868722
2021-06-10 09:59:15,2188.45,868822
2021-06-10 09:59:16,2188.45,868833
2021-06-10 09:59:17,2188.45,868840
2021-06-10 09:59:18,2188.0,868846
2021-06-10 09:59:20,2188.45,868976
2021-06-10 09:59:21,2188.45,869075
2021-06-10 09:59:22,2188.45,870104
2021-06-10 09:59:22,2188.45,870104
2021-06-10 09:59:24,2188.5,870155
2021-06-10 09:59:25,2188.8,870524
2021-06-10 09:59:26,2188.45,870719
2021-06-10 09:59:27,2188.45,870719
2021-06-10 09:59:29,2188.5,870784
2021-06-10 09:59:29,2188.5,870821
2021-06-10 09:59:30,2188.8,870842
2021-06-10 09:59:31,2188.6,870853
2021-06-10 09:59:33,2188.5,871031
2021-06-10 09:59:34,2188.9,871113
2021-06-10 09:59:35,2188.95,871133
2021-06-10 09:59:36,2188.5,871134
2021-06-10 09:59:37,2189.0,871524
2021-06-10 09:59:38,2188.5,871594
2021-06-10 09:59:38,2188.5,871607
2021-06-10 09:59:39,2188.55,872434
2021-06-10 09:59:40,2189.3,872674
2021-06-10 09:59:41,2189.0,872737
2021-06-10 09:59:42,2188.55,872924
2021-06-10 09:59:43,2189.35,872959
2021-06-10 09:59:44,2188.6,873222
2021-06-10 09:59:46,2188.6,873222
2021-06-10 09:59:48,2189.25,873273
2021-06-10 09:59:49,2188.6,873300
2021-06-10 09:59:50,2189.3,873304
2021-06-10 09:59:51,2189.25,873355
2021-06-10 09:59:52,2189.25,873478
2021-06-10 09:59:54,2189.1,873588
2021-06-10 09:59:55,2189.3,873603
2021-06-10 09:59:56,2189.35,873613
2021-06-10 09:59:56,2189.35,874113
2021-06-10 09:59:58,2189.35,874194
2021-06-10 09:59:58,2189.1,874254
2021-06-10 09:59:59,2189.15,875055
2021-06-10 10:00:00,2189.15,875077
2021-06-10 10:00:01,2189.1,875508
2021-06-10 10:00:02,2189.35,875528
2021-06-10 10:00:03,2189.35,875578
2021-06-10 10:00:04,2189.35,875628
2021-06-10 10:00:05,2189.1,875670
2021-06-10 10:00:06,2189.35,875700
2021-06-10 10:00:07,2189.7,875911
2021-06-10 10:00:08,2192.0,890069
2021-06-10 10:00:09,2191.85,890304
2021-06-10 10:00:10,2191.95,890674
2021-06-10 10:00:11,2191.95,890915
2021-06-10 10:00:12,2191.7,892223
2021-06-10 10:00:13,2191.7,892337
2021-06-10 10:00:14,2191.65,892445
2021-06-10 10:00:16,2191.55,893293
2021-06-10 10:00:18,2191.0,893684
2021-06-10 10:00:19,2191.7,894355
2021-06-10 10:00:20,2191.7,894757
2021-06-10 10:00:20,2191.65,894770
2021-06-10 10:00:22,2192.05,895330
2021-06-10 10:00:22,2191.65,895721
2021-06-10 10:00:23,2191.05,898136
2021-06-10 10:00:24,2190.9,898512
2021-06-10 10:00:25,2191.05,898992
2021-06-10 10:00:26,2191.2,899224
2021-06-10 10:00:27,2191.7,899291
2021-06-10 10:00:29,2191.7,899331
2021-06-10 10:00:30,2191.95,899522
2021-06-10 10:00:31,2191.95,899560
2021-06-10 10:00:32,2191.7,899713
2021-06-10 10:00:33,2191.7,899825
2021-06-10 10:00:34,2191.65,900010
2021-06-10 10:00:35,2191.65,900220
2021-06-10 10:00:36,2191.0,900646
2021-06-10 10:00:37,2191.45,900826
2021-06-10 10:00:38,2191.45,900992
2021-06-10 10:00:39,2191.4,901170
2021-06-10 10:00:40,2191.4,901242
2021-06-10 10:00:41,2191.4,901345
2021-06-10 10:00:42,2191.4,901772
2021-06-10 10:00:43,2191.2,901773
2021-06-10 10:00:43,2191.65,901984
2021-06-10 10:00:44,2191.55,902014
2021-06-10 10:00:45,2191.4,902059
2021-06-10 10:00:46,2191.0,902572
2021-06-10 10:00:47,2191.2,902700
2021-06-10 10:00:50,2191.05,902848
2021-06-10 10:00:52,2191.35,902991
2021-06-10 10:00:53,2191.4,903062
2021-06-10 10:00:54,2191.7,904138
2021-06-10 10:00:55,2191.0,907235
2021-06-10 10:00:56,2191.8,907386
2021-06-10 10:00:57,2191.8,907459
2021-06-10 10:00:58,2191.4,907467
2021-06-10 10:00:59,2191.4,907524
2021-06-10 10:01:00,2191.75,907645
2021-06-10 10:01:01,2191.35,907878
2021-06-10 10:01:02,2191.9,908058
2021-06-10 10:01:03,2191.55,908239
2021-06-10 10:01:04,2191.55,908317
2021-06-10 10:01:05,2191.8,908354
2021-06-10 10:01:06,2191.95,908358
2021-06-10 10:01:08,2192.0,908640
2021-06-10 10:01:09,2191.95,908782
2021-06-10 10:01:10,2191.8,909206
2021-06-10 10:01:11,2191.8,909604
2021-06-10 10:01:12,2192.0,909877
2021-06-10 10:01:12,2192.0,910877
2021-06-10 10:01:14,2191.6,911068
2021-06-10 10:01:15,2192.0,911147
2021-06-10 10:01:16,2192.0,911260
2021-06-10 10:01:16,2192.0,911260
2021-06-10 10:01:17,2192.0,911268
2021-06-10 10:01:18,2192.0,912376
2021-06-10 10:01:19,2192.0,913408
2021-06-10 10:01:20,2192.0,913470
2021-06-10 10:01:21,2191.85,913526
2021-06-10 10:01:24,2191.95,913581
2021-06-10 10:01:25,2191.85,913772
2021-06-10 10:01:26,2191.95,913903
2021-06-10 10:01:27,2192.0,918331
2021-06-10 10:01:28,2191.85,918571
2021-06-10 10:01:29,2191.9,918997
2021-06-10 10:01:30,2191.9,919068
2021-06-10 10:01:30,2191.9,919068
2021-06-10 10:01:31,2191.9,919513
2021-06-10 10:01:32,2191.9,919750
2021-06-10 10:01:33,2191.1,920300
2021-06-10 10:01:34,2191.4,920346
2021-06-10 10:01:35,2191.9,920446
2021-06-10 10:01:36,2191.8,920473
2021-06-10 10:01:37,2191.8,920486
2021-06-10 10:01:38,2191.8,920667
2021-06-10 10:01:39,2191.8,920672
2021-06-10 10:01:40,2191.5,920726
2021-06-10 10:01:42,2191.2,920956
2021-06-10 10:01:43,2191.8,921024
2021-06-10 10:01:44,2191.4,921034
2021-06-10 10:01:45,2191.0,923810
2021-06-10 10:01:46,2191.2,924063
2021-06-10 10:01:47,2191.8,924193
2021-06-10 10:01:48,2191.8,924334
2021-06-10 10:01:49,2191.9,924489
2021-06-10 10:01:50,2191.8,924526
2021-06-10 10:01:51,2191.8,924811
2021-06-10 10:01:52,2191.8,924865
2021-06-10 10:01:53,2191.8,924897
2021-06-10 10:01:54,2191.8,925108
2021-06-10 10:01:54,2191.8,925108
2021-06-10 10:01:55,2191.2,925153
2021-06-10 10:01:56,2191.9,925728
2021-06-10 10:01:58,2191.9,925752
2021-06-10 10:01:59,2192.0,926079
2021-06-10 10:02:00,2192.0,926079
2021-06-10 10:02:01,2191.9,926325
2021-06-10 10:02:03,2191.6,926520
2021-06-10 10:02:04,2191.75,926710
2021-06-10 10:02:05,2191.9,926797
2021-06-10 10:02:06,2191.9,926797
2021-06-10 10:02:07,2191.8,926802
2021-06-10 10:02:08,2191.8,926802
2021-06-10 10:02:09,2191.8,927027
2021-06-10 10:02:10,2191.5,928116
2021-06-10 10:02:11,2191.8,928117
2021-06-10 10:02:11,2191.5,928150
2021-06-10 10:02:13,2191.1,928556
2021-06-10 10:02:14,2191.75,928585
2021-06-10 10:02:16,2191.7,928718
2021-06-10 10:02:17,2191.5,928794
2021-06-10 10:02:18,2191.7,928902
2021-06-10 10:02:19,2191.7,928902
2021-06-10 10:02:20,2191.65,928909
2021-06-10 10:02:21,2191.65,928911
2021-06-10 10:02:22,2191.25,928961
2021-06-10 10:02:23,2191.2,930306
2021-06-10 10:02:24,2191.2,930316
2021-06-10 10:02:25,2191.45,930372
2021-06-10 10:02:26,2191.1,930488
2021-06-10 10:02:27,2191.1,930598
2021-06-10 10:02:28,2191.0,930798
2021-06-10 10:02:30,2191.0,931140
2021-06-10 10:02:31,2191.1,931224
2021-06-10 10:02:32,2191.0,931264
2021-06-10 10:02:33,2191.25,931961
2021-06-10 10:02:34,2191.0,932362
2021-06-10 10:02:35,2191.0,932546
2021-06-10 10:02:37,2191.0,932748
2021-06-10 10:02:38,2191.0,932780
2021-06-10 10:02:39,2191.0,932789
2021-06-10 10:02:40,2191.0,932855
2021-06-10 10:02:41,2191.3,933575
2021-06-10 10:02:42,2191.0,933595
2021-06-10 10:02:43,2191.0,933625
2021-06-10 10:02:44,2191.25,933825
2021-06-10 10:02:45,2190.4,933936
2021-06-10 10:02:45,2190.4,933936
2021-06-10 10:02:48,2190.95,934205
2021-06-10 10:02:48,2190.4,934707
2021-06-10 10:02:50,2190.4,934757
2021-06-10 10:02:50,2191.0,935188
2021-06-10 10:02:52,2190.95,935202
2021-06-10 10:02:53,2190.95,935338
2021-06-10 10:02:55,2190.75,935359
2021-06-10 10:02:56,2190.75,935396
2021-06-10 10:02:57,2190.75,935401
2021-06-10 10:02:58,2190.75,935406
2021-06-10 10:02:59,2190.75,935823
2021-06-10 10:03:00,2190.75,935826
2021-06-10 10:03:01,2190.55,936172
2021-06-10 10:03:01,2190.55,936172
2021-06-10 10:03:02,2190.55,936320
2021-06-10 10:03:03,2190.55,936326
2021-06-10 10:03:05,2190.75,936343
2021-06-10 10:03:06,2190.55,936938
2021-06-10 10:03:07,2190.85,936966
2021-06-10 10:03:08,2190.5,937047
2021-06-10 10:03:09,2190.5,937054
2021-06-10 10:03:10,2190.5,937084
2021-06-10 10:03:11,2190.55,937089
2021-06-10 10:03:13,2190.55,937539
2021-06-10 10:03:14,2190.55,937541
2021-06-10 10:03:15,2190.55,937554
2021-06-10 10:03:16,2190.55,937564
2021-06-10 10:03:17,2190.75,937565
2021-06-10 10:03:18,2190.55,937844
2021-06-10 10:03:19,2190.55,937863
2021-06-10 10:03:20,2190.6,937879
2021-06-10 10:03:22,2190.6,937904
2021-06-10 10:03:23,2190.55,937964
2021-06-10 10:03:24,2190.75,938028
2021-06-10 10:03:25,2190.95,938255
2021-06-10 10:03:26,2190.95,938435
2021-06-10 10:03:27,2191.35,939754
2021-06-10 10:03:28,2191.35,939774
2021-06-10 10:03:29,2191.35,939885
2021-06-10 10:03:30,2191.35,939905
2021-06-10 10:03:31,2191.35,939910
2021-06-10 10:03:32,2191.35,939963
2021-06-10 10:03:33,2191.65,940163
2021-06-10 10:03:34,2191.0,940164
2021-06-10 10:03:35,2191.0,940476
2021-06-10 10:03:36,2191.45,941911
2021-06-10 10:03:37,2191.45,941911
2021-06-10 10:03:38,2191.45,941918
2021-06-10 10:03:39,2191.35,941928
2021-06-10 10:03:40,2191.35,941929
2021-06-10 10:03:41,2191.65,942088
2021-06-10 10:03:43,2191.0,942280
2021-06-10 10:03:44,2191.0,942280
2021-06-10 10:03:45,2191.65,942529
2021-06-10 10:03:46,2191.45,942535
2021-06-10 10:03:46,2191.45,942539
2021-06-10 10:03:47,2191.65,942544
2021-06-10 10:03:48,2191.45,942628
2021-06-10 10:03:49,2191.45,942628
2021-06-10 10:03:50,2191.45,942668
2021-06-10 10:03:52,2191.45,942813
2021-06-10 10:03:53,2191.45,942813
2021-06-10 10:03:54,2191.8,942921
2021-06-10 10:03:56,2191.75,942943
2021-06-10 10:03:57,2191.65,943325
2021-06-10 10:03:58,2191.8,943553
2021-06-10 10:03:59,2191.8,943653
2021-06-10 10:04:00,2191.45,943803
2021-06-10 10:04:02,2191.2,944602
2021-06-10 10:04:04,2191.2,944714
2021-06-10 10:04:05,2191.25,944755
2021-06-10 10:04:06,2191.0,944859
2021-06-10 10:04:06,2191.2,944926
2021-06-10 10:04:08,2191.2,945007
2021-06-10 10:04:09,2191.2,945048
2021-06-10 10:04:10,2191.2,945053
2021-06-10 10:04:11,2191.2,945126
2021-06-10 10:04:12,2191.0,945240
2021-06-10 10:04:14,2191.6,945315
2021-06-10 10:04:15,2191.6,945315
2021-06-10 10:04:16,2191.25,945415
2021-06-10 10:04:17,2191.2,946543
2021-06-10 10:04:18,2191.25,946589
2021-06-10 10:04:19,2191.2,946597
2021-06-10 10:04:20,2191.65,946654
2021-06-10 10:04:21,2191.65,946654
2021-06-10 10:04:22,2191.7,946749
2021-06-10 10:04:23,2191.25,946989
2021-06-10 10:04:25,2191.25,946994
2021-06-10 10:04:26,2191.25,946994
2021-06-10 10:04:27,2191.65,947034
2021-06-10 10:04:28,2191.65,947113
2021-06-10 10:04:29,2191.65,947119
2021-06-10 10:04:30,2191.65,947295
2021-06-10 10:04:31,2191.7,947508
2021-06-10 10:04:33,2191.65,948370
2021-06-10 10:04:34,2191.65,948408
2021-06-10 10:04:35,2191.7,948429
2021-06-10 10:04:36,2191.65,948500
2021-06-10 10:04:37,2191.65,948517
2021-06-10 10:04:38,2191.65,948628
2021-06-10 10:04:39,2191.65,948850
2021-06-10 10:04:40,2191.65,948977
2021-06-10 10:04:41,2191.65,948977
2021-06-10 10:04:43,2191.65,948978
2021-06-10 10:04:44,2191.65,950126
2021-06-10 10:04:45,2191.55,950412
2021-06-10 10:04:46,2191.65,950413
2021-06-10 10:04:47,2191.65,950413
2021-06-10 10:04:48,2191.65,950429
2021-06-10 10:04:49,2191.65,950434
2021-06-10 10:04:50,2191.55,950446
2021-06-10 10:04:51,2191.65,950466
2021-06-10 10:04:52,2191.6,950489
2021-06-10 10:04:53,2191.6,950491
2021-06-10 10:04:57,2191.7,951035
2021-06-10 10:04:58,2191.7,951035
2021-06-10 10:04:59,2191.6,951185
2021-06-10 10:05:00,2191.6,951185
2021-06-10 10:05:01,2191.7,951239
2021-06-10 10:05:02,2191.8,951527
2021-06-10 10:05:03,2191.7,951563
2021-06-10 10:05:04,2191.7,951575
2021-06-10 10:05:05,2191.6,951727
2021-06-10 10:05:06,2191.55,951950
2021-06-10 10:05:07,2191.75,952265
2021-06-10 10:05:08,2191.8,952456
2021-06-10 10:05:09,2191.25,952754
2021-06-10 10:05:11,2191.7,952773
2021-06-10 10:05:10,2191.7,952773
2021-06-10 10:05:12,2191.2,953073
2021-06-10 10:05:14,2191.75,953187
2021-06-10 10:05:15,2191.75,953234
2021-06-10 10:05:16,2191.8,953400
2021-06-10 10:05:17,2191.7,953524
2021-06-10 10:05:18,2191.75,953572
2021-06-10 10:05:19,2191.8,953984
2021-06-10 10:05:20,2191.65,954150
2021-06-10 10:05:21,2191.8,954237
2021-06-10 10:05:22,2191.25,954264
2021-06-10 10:05:23,2191.8,954276
2021-06-10 10:05:24,2191.25,954285
2021-06-10 10:05:25,2191.8,954288
2021-06-10 10:05:26,2191.9,954311
2021-06-10 10:05:27,2191.9,954311
2021-06-10 10:05:28,2191.8,954361
2021-06-10 10:05:29,2191.8,954361
2021-06-10 10:05:30,2191.8,954468
2021-06-10 10:05:31,2191.8,954468
2021-06-10 10:05:32,2191.85,954499
2021-06-10 10:05:33,2191.9,954931
2021-06-10 10:05:34,2191.9,954935
2021-06-10 10:05:35,2191.9,954945
2021-06-10 10:05:36,2191.8,955004
2021-06-10 10:05:37,2191.9,955054
2021-06-10 10:05:38,2191.85,955341
2021-06-10 10:05:39,2191.85,955345
2021-06-10 10:05:40,2191.8,955613
2021-06-10 10:05:41,2191.85,955634
2021-06-10 10:05:43,2191.85,955648
2021-06-10 10:05:42,2191.85,955648
2021-06-10 10:05:44,2191.85,955663
2021-06-10 10:05:45,2191.85,955663
2021-06-10 10:05:46,2191.85,956605
2021-06-10 10:05:47,2191.85,956606
2021-06-10 10:05:48,2191.8,956620
2021-06-10 10:05:49,2191.8,956638
2021-06-10 10:05:50,2191.85,956648
2021-06-10 10:05:51,2191.9,957180
2021-06-10 10:05:52,2191.9,957180
2021-06-10 10:05:53,2191.8,957182
2021-06-10 10:05:54,2192.0,957497
2021-06-10 10:05:55,2191.85,957504
2021-06-10 10:05:56,2191.8,957519
2021-06-10 10:05:57,2192.0,957619
2021-06-10 10:05:58,2192.0,957634
2021-06-10 10:06:01,2191.8,957961
2021-06-10 10:06:00,2192.0,957960
2021-06-10 10:06:03,2192.0,958306
2021-06-10 10:06:04,2192.0,958572
2021-06-10 10:06:06,2192.0,958712
2021-06-10 10:06:07,2191.8,958779
2021-06-10 10:06:08,2191.8,958822
2021-06-10 10:06:09,2192.0,959030
2021-06-10 10:06:10,2192.0,959032
2021-06-10 10:06:11,2192.0,959087
2021-06-10 10:06:12,2191.7,959187
2021-06-10 10:06:13,2191.7,959187
2021-06-10 10:06:14,2191.95,959211
2021-06-10 10:06:15,2191.9,959213
2021-06-10 10:06:16,2192.0,959500
2021-06-10 10:06:17,2191.8,959535
2021-06-10 10:06:18,2191.8,959535
2021-06-10 10:06:19,2191.9,959606
2021-06-10 10:06:22,2191.9,959707
2021-06-10 10:06:23,2191.8,959724
2021-06-10 10:06:24,2191.9,959736
2021-06-10 10:06:25,2191.8,959785
2021-06-10 10:06:26,2191.8,960001
2021-06-10 10:06:27,2191.9,960136
2021-06-10 10:06:28,2191.8,960261
2021-06-10 10:06:29,2191.9,960263
2021-06-10 10:06:30,2191.8,960286
2021-06-10 10:06:31,2191.9,960296
2021-06-10 10:06:32,2191.9,960297
2021-06-10 10:06:33,2191.9,960364
2021-06-10 10:06:35,2191.8,960490
2021-06-10 10:06:36,2191.9,961499
2021-06-10 10:06:37,2191.8,961553
2021-06-10 10:06:38,2191.8,961553
2021-06-10 10:06:39,2191.8,961638
2021-06-10 10:06:40,2191.9,961823
2021-06-10 10:06:41,2191.95,961833
2021-06-10 10:06:43,2191.9,962185
2021-06-10 10:06:44,2192.0,962546
2021-06-10 10:06:46,2194.25,972059
2021-06-10 10:06:46,2194.25,972059
2021-06-10 10:06:47,2193.4,972187
2021-06-10 10:06:48,2193.65,972274
2021-06-10 10:06:49,2193.8,972822
2021-06-10 10:06:50,2193.5,972911
2021-06-10 10:06:51,2193.2,973040
2021-06-10 10:06:52,2193.9,973309
2021-06-10 10:06:53,2192.8,973551
2021-06-10 10:06:54,2193.75,974831
2021-06-10 10:06:55,2194.15,975017
2021-06-10 10:06:56,2194.3,975661
2021-06-10 10:06:57,2193.75,976179
2021-06-10 10:06:58,2193.55,976406
2021-06-10 10:07:01,2194.55,977242
2021-06-10 10:07:01,2194.6,977236
2021-06-10 10:07:02,2194.45,977399
2021-06-10 10:07:03,2193.55,977718
2021-06-10 10:07:04,2193.6,978042
2021-06-10 10:07:05,2194.95,980719
2021-06-10 10:07:06,2195.0,983362
2021-06-10 10:07:07,2195.0,983472
2021-06-10 10:07:08,2195.0,985700
2021-06-10 10:07:10,2195.95,988106
2021-06-10 10:07:10,2196.0,988649
2021-06-10 10:07:11,2196.0,989039
2021-06-10 10:07:12,2196.0,989142
2021-06-10 10:07:13,2196.55,992675
2021-06-10 10:07:14,2196.85,993581
2021-06-10 10:07:15,2196.1,995259
2021-06-10 10:07:16,2197.0,996132
2021-06-10 10:07:17,2196.6,998392
2021-06-10 10:07:18,2196.55,999440
2021-06-10 10:07:19,2196.15,1000057
2021-06-10 10:07:20,2196.5,1000513
2021-06-10 10:07:21,2196.5,1000706
2021-06-10 10:07:22,2196.7,1002612
2021-06-10 10:07:23,2196.0,1002693
2021-06-10 10:07:24,2196.1,1003976
2021-06-10 10:07:25,2195.6,1004072
2021-06-10 10:07:26,2195.6,1004227
2021-06-10 10:07:28,2196.5,1004432
2021-06-10 10:07:29,2195.6,1004994
2021-06-10 10:07:30,2196.7,1005121
2021-06-10 10:07:31,2195.8,1005238
2021-06-10 10:07:32,2196.8,1005486
2021-06-10 10:07:35,2196.85,1005806
2021-06-10 10:07:35,2197.0,1006102
2021-06-10 10:07:36,2197.0,1006757
2021-06-10 10:07:37,2197.65,1008408
2021-06-10 10:07:38,2197.75,1010882
2021-06-10 10:07:39,2197.0,1011407
2021-06-10 10:07:40,2197.0,1011833
2021-06-10 10:07:41,2197.0,1012553
2021-06-10 10:07:43,2197.9,1013907
2021-06-10 10:07:43,2197.05,1013927
2021-06-10 10:07:44,2197.6,1014971
2021-06-10 10:07:46,2197.05,1015356
2021-06-10 10:07:48,2197.85,1016146
2021-06-10 10:07:50,2197.0,1016923
2021-06-10 10:07:50,2197.0,1016923
2021-06-10 10:07:51,2197.35,1017332
2021-06-10 10:07:52,2197.1,1018229
2021-06-10 10:07:53,2197.55,1018537
2021-06-10 10:07:54,2197.55,1018653
2021-06-10 10:07:55,2197.1,1019014
2021-06-10 10:07:57,2197.1,1019187
2021-06-10 10:07:58,2197.0,1019442
2021-06-10 10:07:59,2197.35,1019979
2021-06-10 10:07:59,2197.35,1019979
2021-06-10 10:08:00,2197.25,1020114
2021-06-10 10:08:01,2197.0,1020341
2021-06-10 10:08:02,2197.0,1020734
2021-06-10 10:08:03,2197.0,1021246
2021-06-10 10:08:04,2197.35,1021278
2021-06-10 10:08:05,2197.35,1021334
2021-06-10 10:08:06,2197.45,1021622
2021-06-10 10:08:07,2197.25,1021766
2021-06-10 10:08:08,2197.0,1022611
2021-06-10 10:08:09,2197.0,1022718
2021-06-10 10:08:10,2196.0,1022941
2021-06-10 10:08:11,2196.0,1023078
2021-06-10 10:08:12,2196.0,1023518
2021-06-10 10:08:13,2196.7,1023937
2021-06-10 10:08:14,2196.65,1025482
2021-06-10 10:08:15,2196.9,1025502
2021-06-10 10:08:16,2196.85,1025725
2021-06-10 10:08:17,2196.85,1025781
2021-06-10 10:08:18,2196.8,1025979
2021-06-10 10:08:19,2196.8,1026028
2021-06-10 10:08:20,2196.45,1026622
2021-06-10 10:08:21,2196.45,1026948
2021-06-10 10:08:22,2196.45,1027232
2021-06-10 10:08:23,2196.5,1027273
2021-06-10 10:08:24,2196.5,1027314
2021-06-10 10:08:25,2196.8,1027350
2021-06-10 10:08:26,2196.9,1027397
2021-06-10 10:08:27,2196.8,1027657
2021-06-10 10:08:28,2196.5,1028055
2021-06-10 10:08:29,2196.5,1028140
2021-06-10 10:08:30,2196.5,1028194
2021-06-10 10:08:31,2196.5,1028568
2021-06-10 10:08:32,2196.45,1028790
2021-06-10 10:08:33,2196.45,1029017
2021-06-10 10:08:34,2196.45,1029080
2021-06-10 10:08:35,2196.9,1029744
2021-06-10 10:08:36,2196.45,1030044
2021-06-10 10:08:37,2196.45,1030179
2021-06-10 10:08:38,2196.45,1030181
2021-06-10 10:08:40,2196.35,1030273
2021-06-10 10:08:41,2196.5,1030302
2021-06-10 10:08:42,2196.5,1030731
2021-06-10 10:08:43,2196.5,1030795
2021-06-10 10:08:43,2196.5,1030795
2021-06-10 10:08:44,2196.6,1030853
2021-06-10 10:08:45,2196.5,1030863
2021-06-10 10:08:46,2196.35,1031221
2021-06-10 10:08:47,2196.0,1031329
2021-06-10 10:08:48,2196.35,1031580
2021-06-10 10:08:49,2196.0,1031756
2021-06-10 10:08:50,2196.35,1031861
2021-06-10 10:08:51,2196.0,1032671
2021-06-10 10:08:52,2196.0,1033053
2021-06-10 10:08:53,2196.0,1033150
2021-06-10 10:08:54,2196.35,1033237
2021-06-10 10:08:55,2196.0,1033295
2021-06-10 10:08:56,2196.0,1033433
2021-06-10 10:08:57,2196.35,1033443
2021-06-10 10:08:59,2196.05,1033581
2021-06-10 10:09:00,2196.05,1033733
2021-06-10 10:09:01,2196.35,1034070
2021-06-10 10:09:01,2196.05,1034689
2021-06-10 10:09:02,2196.3,1034698
2021-06-10 10:09:03,2196.3,1034724
2021-06-10 10:09:04,2195.1,1036848
2021-06-10 10:09:05,2195.1,1036868
2021-06-10 10:09:07,2195.1,1036935
2021-06-10 10:09:08,2195.0,1037475
2021-06-10 10:09:09,2195.0,1037734
2021-06-10 10:09:10,2194.6,1037911
2021-06-10 10:09:11,2194.6,1037973
2021-06-10 10:09:12,2194.0,1039050
2021-06-10 10:09:12,2194.0,1039050
2021-06-10 10:09:14,2194.0,1039141
2021-06-10 10:09:15,2194.65,1039152
2021-06-10 10:09:16,2194.65,1039501
2021-06-10 10:09:17,2195.0,1040120
2021-06-10 10:09:18,2195.0,1040157
2021-06-10 10:09:19,2195.05,1040373
2021-06-10 10:09:20,2195.05,1041065
2021-06-10 10:09:21,2195.0,1041239
2021-06-10 10:09:22,2195.0,1041247
2021-06-10 10:09:23,2195.0,1041474
2021-06-10 10:09:24,2195.0,1041841
2021-06-10 10:09:26,2195.05,1042245
2021-06-10 10:09:27,2195.05,1042319
2021-06-10 10:09:28,2195.05,1042360
2021-06-10 10:09:30,2195.1,1042511
2021-06-10 10:09:31,2195.05,1042640
2021-06-10 10:09:32,2195.2,1042672
2021-06-10 10:09:33,2195.05,1042699
2021-06-10 10:09:33,2195.05,1042735
2021-06-10 10:09:35,2195.05,1042911
2021-06-10 10:09:36,2195.05,1043122
2021-06-10 10:09:38,2195.05,1043818
2021-06-10 10:09:39,2195.05,1044003
2021-06-10 10:09:41,2195.05,1044481
2021-06-10 10:09:42,2194.65,1044536
2021-06-10 10:09:42,2195.05,1044543
2021-06-10 10:09:43,2195.0,1044897
2021-06-10 10:09:44,2194.05,1045017
2021-06-10 10:09:45,2194.05,1045017
2021-06-10 10:09:47,2194.1,1045054
2021-06-10 10:09:49,2194.05,1045084
2021-06-10 10:09:50,2194.9,1045238
2021-06-10 10:09:51,2194.8,1045363
2021-06-10 10:09:52,2194.1,1045413
2021-06-10 10:09:53,2194.5,1045424
2021-06-10 10:09:54,2194.05,1045619
2021-06-10 10:09:55,2194.05,1045721
2021-06-10 10:09:55,2194.05,1045736
2021-06-10 10:09:57,2194.05,1045900
2021-06-10 10:09:58,2194.85,1046256
2021-06-10 10:09:59,2194.85,1046408
2021-06-10 10:10:00,2194.05,1046674
2021-06-10 10:10:01,2194.6,1046734
2021-06-10 10:10:02,2194.6,1046800
2021-06-10 10:10:04,2194.05,1047010
2021-06-10 10:10:05,2194.6,1047144
2021-06-10 10:10:06,2194.05,1047174
2021-06-10 10:10:07,2194.4,1048300
2021-06-10 10:10:07,2194.4,1048300
2021-06-10 10:10:08,2193.85,1048312
2021-06-10 10:10:09,2194.0,1048372
2021-06-10 10:10:10,2193.85,1048424
2021-06-10 10:10:11,2193.85,1048836
2021-06-10 10:10:13,2193.85,1049504
2021-06-10 10:10:14,2194.05,1049654
2021-06-10 10:10:15,2194.0,1049830
2021-06-10 10:10:15,2194.0,1049860
2021-06-10 10:10:16,2193.95,1049890
2021-06-10 10:10:17,2193.85,1050040
2021-06-10 10:10:18,2193.95,1050172
2021-06-10 10:10:19,2193.85,1050213
2021-06-10 10:10:20,2193.85,1050568
2021-06-10 10:10:21,2193.85,1050850
2021-06-10 10:10:22,2193.85,1050963
2021-06-10 10:10:23,2193.9,1051189
2021-06-10 10:10:24,2193.9,1051202
2021-06-10 10:10:25,2193.85,1051268
2021-06-10 10:10:27,2193.6,1052812
2021-06-10 10:10:28,2193.55,1052834
2021-06-10 10:10:29,2193.25,1052852
2021-06-10 10:10:29,2193.25,1052852
2021-06-10 10:10:30,2193.25,1053473
2021-06-10 10:10:31,2192.8,1053605
2021-06-10 10:10:32,2192.55,1053986
2021-06-10 10:10:34,2192.5,1054297
2021-06-10 10:10:35,2192.05,1054819
2021-06-10 10:10:35,2192.75,1055435
2021-06-10 10:10:36,2192.75,1055545
2021-06-10 10:10:38,2192.6,1056201
2021-06-10 10:10:39,2192.45,1056748
2021-06-10 10:10:40,2193.25,1057030
2021-06-10 10:10:41,2193.0,1057075
2021-06-10 10:10:43,2193.0,1057104
2021-06-10 10:10:44,2193.25,1057620
2021-06-10 10:10:45,2192.5,1057625
2021-06-10 10:10:45,2192.45,1057822
2021-06-10 10:10:48,2192.65,1058158
2021-06-10 10:10:50,2192.3,1058513
2021-06-10 10:10:50,2192.3,1058513
2021-06-10 10:10:51,2192.8,1058564
2021-06-10 10:10:52,2192.45,1058578
2021-06-10 10:10:53,2192.8,1058848
2021-06-10 10:10:54,2192.65,1058966
2021-06-10 10:10:56,2192.6,1059010
2021-06-10 10:10:57,2193.0,1059025
2021-06-10 10:10:58,2192.55,1059116
2021-06-10 10:10:59,2192.7,1059137
2021-06-10 10:11:00,2192.7,1059359
2021-06-10 10:11:01,2193.35,1059635
2021-06-10 10:11:01,2193.35,1059635
2021-06-10 10:11:02,2193.05,1059740
2021-06-10 10:11:03,2193.1,1059745
2021-06-10 10:11:04,2193.35,1060494
2021-06-10 10:11:06,2193.3,1060505
2021-06-10 10:11:07,2193.0,1060530
2021-06-10 10:11:08,2193.0,1060742
2021-06-10 10:11:09,2193.3,1060800
2021-06-10 10:11:10,2193.0,1060827
2021-06-10 10:11:11,2193.3,1060832
2021-06-10 10:11:12,2193.0,1060918
2021-06-10 10:11:13,2193.0,1061089
2021-06-10 10:11:14,2193.3,1061167
2021-06-10 10:11:14,2193.3,1061167
2021-06-10 10:11:15,2193.3,1061177
2021-06-10 10:11:16,2193.0,1061184
2021-06-10 10:11:17,2193.25,1061336
2021-06-10 10:11:18,2193.25,1061491
2021-06-10 10:11:19,2193.0,1061891
2021-06-10 10:11:21,2193.2,1061938
2021-06-10 10:11:22,2193.05,1061939
2021-06-10 10:11:23,2193.0,1062413
2021-06-10 10:11:24,2193.05,1062417
2021-06-10 10:11:25,2193.05,1062417
2021-06-10 10:11:26,2193.0,1062427
2021-06-10 10:11:28,2193.2,1062479
2021-06-10 10:11:29,2193.2,1062490
2021-06-10 10:11:31,2193.0,1062496
2021-06-10 10:11:32,2193.0,1062598
2021-06-10 10:11:33,2193.0,1062611
2021-06-10 10:11:33,2193.0,1062611
2021-06-10 10:11:34,2193.2,1062612
2021-06-10 10:11:35,2193.2,1062733
2021-06-10 10:11:38,2193.2,1062769
2021-06-10 10:11:39,2193.2,1062780
2021-06-10 10:11:40,2193.25,1062895
2021-06-10 10:11:42,2193.5,1062920
2021-06-10 10:11:42,2193.5,1062920
2021-06-10 10:11:43,2193.3,1062931
2021-06-10 10:11:44,2193.3,1062941
2021-06-10 10:11:45,2193.3,1063334
