timestamp,ltp,volume
2021-06-10 09:16:13,28633.85,953
2021-06-10 09:16:20,28655.4,1029
2021-06-10 09:16:27,28610.75,1137
2021-06-10 09:16:33,28607.0,1221
2021-06-10 09:16:40,28612.0,1318
2021-06-10 09:16:47,28645.65,1366
2021-06-10 09:16:53,28702.35,1460
2021-06-10 09:17:06,28667.45,1585
2021-06-10 09:17:13,28698.95,1635
2021-06-10 09:17:19,28682.2,1762
2021-06-10 09:17:32,28717.05,1908
2021-06-10 09:17:39,28703.95,2038
2021-06-10 09:17:46,28722.15,2073
2021-06-10 09:17:52,28701.2,2112
2021-06-10 09:17:59,28716.05,2197
2021-06-10 09:18:05,28710.0,2261
2021-06-10 09:18:11,28743.95,2291
2021-06-10 09:18:17,28745.8,2320
2021-06-10 09:18:30,28740.45,2588
2021-06-10 09:18:36,28749.0,2617
2021-06-10 09:18:49,28764.8,2726
2021-06-10 09:18:55,28767.75,2805
2021-06-10 09:19:01,28780.0,2810
2021-06-10 09:19:14,28795.25,2887
2021-06-10 09:19:20,28795.45,2975
2021-06-10 09:19:27,28795.25,3199
2021-06-10 09:19:33,28811.9,3280
2021-06-10 09:19:39,28793.2,3359
2021-06-10 09:19:46,28801.55,3421
2021-06-10 09:19:52,28820.0,3503
2021-06-10 09:19:58,28823.7,3593
2021-06-10 09:20:05,28850.4,3751
2021-06-10 09:20:11,28820.0,3842
2021-06-10 09:20:17,28820.0,3893
2021-06-10 09:20:23,28760.05,3986
2021-06-10 09:20:30,28779.9,4055
2021-06-10 09:20:36,28779.0,4135
2021-06-10 09:20:43,28785.0,4183
2021-06-10 09:20:49,28733.35,4268
2021-06-10 09:20:55,28778.8,4320
2021-06-10 09:21:02,28767.45,4329
2021-06-10 09:21:08,28778.8,4395
2021-06-10 09:21:14,28778.8,4433
2021-06-10 09:21:20,28767.55,4465
2021-06-10 09:21:27,28780.0,4490
2021-06-10 09:21:33,28780.0,4500
2021-06-10 09:21:39,28785.0,4505
2021-06-10 09:21:45,28785.0,4536
2021-06-10 09:21:51,28787.35,4539
2021-06-10 09:21:58,28800.0,4570
2021-06-10 09:22:04,28775.0,4682
2021-06-10 09:22:10,28800.0,4710
2021-06-10 09:22:16,28800.0,4721
2021-06-10 09:22:22,28794.4,4750
2021-06-10 09:22:28,28775.0,4804
2021-06-10 09:22:34,28787.5,4850
2021-06-10 09:22:40,28787.0,4893
2021-06-10 09:22:47,28787.5,4918
2021-06-10 09:22:53,28790.0,4931
2021-06-10 09:22:54,28800.0,4935
2021-06-10 09:22:55,28800.0,4935
2021-06-10 09:22:56,28800.0,4935
2021-06-10 09:22:57,28800.0,4935
2021-06-10 09:22:58,28790.0,4941
2021-06-10 09:22:59,28790.0,4942
2021-06-10 09:23:00,28790.0,4946
2021-06-10 09:23:01,28790.0,4946
2021-06-10 09:23:02,28786.9,4967
2021-06-10 09:23:03,28785.0,4975
2021-06-10 09:23:04,28785.0,4975
2021-06-10 09:23:05,28777.6,4987
2021-06-10 09:23:06,28777.6,4987
2021-06-10 09:23:07,28790.0,4994
2021-06-10 09:23:08,28774.05,4999
2021-06-10 09:23:09,28776.15,5003
2021-06-10 09:23:10,28776.15,5003
2021-06-10 09:23:11,28776.15,5003
2021-06-10 09:23:12,28768.65,5029
2021-06-10 09:23:13,28768.65,5029
2021-06-10 09:23:14,28776.15,5030
2021-06-10 09:23:15,28776.15,5030
2021-06-10 09:23:16,28776.15,5030
2021-06-10 09:23:17,28788.8,5047
2021-06-10 09:23:18,28790.0,5067
2021-06-10 09:23:19,28796.65,5125
2021-06-10 09:23:20,28800.0,5136
2021-06-10 09:23:21,28800.0,5136
2021-06-10 09:23:22,28800.0,5136
2021-06-10 09:23:23,28800.0,5136
2021-06-10 09:23:24,28800.0,5136
2021-06-10 09:23:25,28796.35,5138
2021-06-10 09:23:26,28806.3,5148
2021-06-10 09:23:27,28806.3,5148
2021-06-10 09:23:28,28810.0,5204
2021-06-10 09:23:29,28802.5,5205
2021-06-10 09:23:30,28808.0,5214
2021-06-10 09:23:31,28808.0,5214
2021-06-10 09:23:32,28808.0,5214
2021-06-10 09:23:33,28808.0,5214
2021-06-10 09:23:34,28800.0,5250
2021-06-10 09:23:35,28817.5,5253
2021-06-10 09:23:36,28820.0,5257
2021-06-10 09:23:37,28817.5,5260
2021-06-10 09:23:38,28817.5,5261
2021-06-10 09:23:39,28820.0,5271
2021-06-10 09:23:40,28817.5,5273
2021-06-10 09:23:41,28817.5,5273
2021-06-10 09:23:42,28817.5,5273
2021-06-10 09:23:43,28817.5,5273
2021-06-10 09:23:44,28820.0,5277
2021-06-10 09:23:45,28820.0,5277
2021-06-10 09:23:46,28820.0,5277
2021-06-10 09:23:47,28820.0,5282
2021-06-10 09:23:48,28820.0,5305
2021-06-10 09:23:49,28820.0,5309
2021-06-10 09:23:50,28817.05,5319
2021-06-10 09:23:51,28825.0,5329
2021-06-10 09:23:52,28817.05,5340
2021-06-10 09:23:53,28825.0,5343
2021-06-10 09:23:54,28825.0,5343
2021-06-10 09:23:55,28825.0,5343
2021-06-10 09:23:56,28825.0,5343
2021-06-10 09:23:58,28838.9,5418
2021-06-10 09:23:58,28825.0,5419
2021-06-10 09:23:59,28840.0,5441
2021-06-10 09:24:00,28840.0,5458
2021-06-10 09:24:01,28839.65,5461
2021-06-10 09:24:02,28840.0,5465
2021-06-10 09:24:03,28849.95,5483
2021-06-10 09:24:04,28840.0,5484
2021-06-10 09:24:05,28849.95,5485
2021-06-10 09:24:07,28849.95,5485
2021-06-10 09:24:07,28849.95,5485
2021-06-10 09:24:08,28850.0,5690
2021-06-10 09:24:09,28849.95,5893
2021-06-10 09:24:10,28854.0,5916
2021-06-10 09:24:11,28857.0,5967
2021-06-10 09:24:12,28850.2,5984
2021-06-10 09:24:13,28850.2,5984
2021-06-10 09:24:14,28864.0,5988
2021-06-10 09:24:15,28861.9,5998
2021-06-10 09:24:16,28863.9,6002
2021-06-10 09:24:17,28861.9,6101
2021-06-10 09:24:18,28864.0,6132
2021-06-10 09:24:19,28865.1,6136
2021-06-10 09:24:20,28850.1,6137
2021-06-10 09:24:22,28852.5,6152
2021-06-10 09:24:23,28852.5,6152
2021-06-10 09:24:25,28868.8,6218
2021-06-10 09:24:26,28865.3,6230
2021-06-10 09:24:27,28861.9,6234
2021-06-10 09:24:28,28850.2,6254
2021-06-10 09:24:29,28867.4,6258
2021-06-10 09:24:31,28870.0,6263
2021-06-10 09:24:32,28870.0,6263
2021-06-10 09:24:33,28870.0,6263
2021-06-10 09:24:34,28870.0,6263
2021-06-10 09:24:34,28868.0,6264
2021-06-10 09:24:35,28868.0,6264
2021-06-10 09:24:36,28868.0,6264
2021-06-10 09:24:38,28865.9,6268
2021-06-10 09:24:39,28857.5,6270
2021-06-10 09:24:40,28855.75,6282
2021-06-10 09:24:41,28855.85,6290
2021-06-10 09:24:42,28842.05,6317
2021-06-10 09:24:43,28829.2,6330
2021-06-10 09:24:44,28829.2,6330
2021-06-10 09:24:45,28834.5,6332
2021-06-10 09:24:46,28852.35,6338
2021-06-10 09:24:47,28852.35,6338
2021-06-10 09:24:48,28852.5,6346
2021-06-10 09:24:49,28852.5,6346
2021-06-10 09:24:50,28852.5,6346
2021-06-10 09:24:51,28860.0,6356
2021-06-10 09:24:52,28860.0,6360
2021-06-10 09:24:53,28852.5,6361
2021-06-10 09:24:54,28852.5,6380
2021-06-10 09:24:55,28850.0,6391
2021-06-10 09:24:56,28862.7,6398
2021-06-10 09:24:57,28862.7,6398
2021-06-10 09:24:58,28868.0,6400
2021-06-10 09:24:59,28850.3,6402
2021-06-10 09:25:00,28867.5,6416
2021-06-10 09:25:01,28863.9,6418
2021-06-10 09:25:02,28845.05,6447
2021-06-10 09:25:03,28845.05,6447
2021-06-10 09:25:05,28863.95,6453
2021-06-10 09:25:07,28863.95,6453
2021-06-10 09:25:07,28863.95,6453
2021-06-10 09:25:08,28863.95,6453
2021-06-10 09:25:09,28863.95,6453
2021-06-10 09:25:10,28863.95,6453
2021-06-10 09:25:11,28863.95,6453
2021-06-10 09:25:12,28832.05,6496
2021-06-10 09:25:14,28857.25,6503
2021-06-10 09:25:15,28857.25,6503
2021-06-10 09:25:16,28857.25,6503
2021-06-10 09:25:16,28857.25,6503
2021-06-10 09:25:17,28857.25,6503
2021-06-10 09:25:19,28855.0,6510
2021-06-10 09:25:20,28855.0,6510
2021-06-10 09:25:21,28855.0,6510
2021-06-10 09:25:22,28855.0,6511
2021-06-10 09:25:24,28855.0,6513
2021-06-10 09:25:26,28842.5,6514
2021-06-10 09:25:26,28842.5,6514
2021-06-10 09:25:27,28842.5,6514
2021-06-10 09:25:28,28855.0,6534
2021-06-10 09:25:30,28855.0,6534
2021-06-10 09:25:31,28830.0,6585
2021-06-10 09:25:31,28830.0,6585
2021-06-10 09:25:32,28830.0,6594
2021-06-10 09:25:34,28830.0,6594
2021-06-10 09:25:35,28830.0,6599
2021-06-10 09:25:36,28847.5,6600
2021-06-10 09:25:37,28847.5,6600
2021-06-10 09:25:39,28850.0,6610
2021-06-10 09:25:38,28850.0,6610
2021-06-10 09:25:40,28850.0,6610
2021-06-10 09:25:42,28850.0,6610
2021-06-10 09:25:43,28850.0,6610
2021-06-10 09:25:44,28850.0,6610
2021-06-10 09:25:45,28850.0,6610
2021-06-10 09:25:46,28850.0,6610
2021-06-10 09:25:46,28850.0,6610
2021-06-10 09:25:47,28821.6,6660
2021-06-10 09:25:48,28849.75,6668
2021-06-10 09:25:49,28854.0,6678
2021-06-10 09:25:50,28854.0,6678
2021-06-10 09:25:51,28854.0,6678
2021-06-10 09:25:52,28854.0,6678
2021-06-10 09:25:54,28827.75,6686
2021-06-10 09:25:56,28842.5,6688
2021-06-10 09:25:57,28842.5,6688
2021-06-10 09:25:58,28827.75,6689
2021-06-10 09:25:59,28827.75,6692
2021-06-10 09:26:00,28820.0,6694
2021-06-10 09:26:02,28820.0,6694
2021-06-10 09:26:03,28834.4,6698
2021-06-10 09:26:04,28820.0,6699
2021-06-10 09:26:05,28832.5,6700
2021-06-10 09:26:06,28832.5,6700
2021-06-10 09:26:07,28820.0,6707
2021-06-10 09:26:08,28810.0,6708
2021-06-10 09:26:09,28810.0,6708
2021-06-10 09:26:10,28810.0,6708
2021-06-10 09:26:11,28850.0,6770
2021-06-10 09:26:12,28850.0,6780
2021-06-10 09:26:13,28825.65,6787
2021-06-10 09:26:14,28825.65,6787
2021-06-10 09:26:15,28825.65,6787
2021-06-10 09:26:16,28825.65,6787
2021-06-10 09:26:17,28825.65,6787
2021-06-10 09:26:18,28825.65,6787
2021-06-10 09:26:19,28825.65,6787
2021-06-10 09:26:20,28824.75,6791
2021-06-10 09:26:21,28824.75,6791
2021-06-10 09:26:22,28824.75,6791
2021-06-10 09:26:23,28822.8,6800
2021-06-10 09:26:24,28822.8,6800
2021-06-10 09:26:25,28825.0,6802
2021-06-10 09:26:26,28825.0,6802
2021-06-10 09:26:27,28825.0,6802
2021-06-10 09:26:28,28840.0,6803
2021-06-10 09:26:29,28840.0,6803
2021-06-10 09:26:30,28840.0,6803
2021-06-10 09:26:31,28840.0,6803
2021-06-10 09:26:32,28840.0,6803
2021-06-10 09:26:33,28842.5,6818
2021-06-10 09:26:34,28842.5,6818
2021-06-10 09:26:35,28842.5,6823
2021-06-10 09:26:36,28842.5,6823
2021-06-10 09:26:37,28842.5,6823
2021-06-10 09:26:38,28825.0,6825
2021-06-10 09:26:39,28842.5,6827
2021-06-10 09:26:40,28845.0,6828
2021-06-10 09:26:41,28845.0,6828
2021-06-10 09:26:42,28845.0,6828
2021-06-10 09:26:43,28840.0,6841
2021-06-10 09:26:45,28840.0,6841
2021-06-10 09:26:46,28840.0,6841
2021-06-10 09:26:47,28827.55,6842
2021-06-10 09:26:48,28827.55,6843
2021-06-10 09:26:49,28827.5,6845
2021-06-10 09:26:50,28827.5,6846
2021-06-10 09:26:51,28789.0,6892
2021-06-10 09:26:52,28797.85,6898
2021-06-10 09:26:53,28790.7,6922
2021-06-10 09:26:54,28790.7,6922
2021-06-10 09:26:55,28790.7,6922
2021-06-10 09:26:56,28803.4,6928
2021-06-10 09:26:57,28807.05,6946
2021-06-10 09:26:58,28783.4,6958
2021-06-10 09:26:59,28783.75,6960
2021-06-10 09:27:00,28806.9,6964
2021-06-10 09:27:02,28806.9,6964
2021-06-10 09:27:03,28806.9,6964
2021-06-10 09:27:03,28806.9,6964
2021-06-10 09:27:04,28784.35,6965
2021-06-10 09:27:05,28784.35,6965
2021-06-10 09:27:06,28784.45,6966
2021-06-10 09:27:07,28806.95,6978
2021-06-10 09:27:08,28786.4,6988
2021-06-10 09:27:09,28784.35,6994
2021-06-10 09:27:10,28775.0,7019
2021-06-10 09:27:11,28801.35,7058
2021-06-10 09:27:12,28796.7,7066
2021-06-10 09:27:13,28796.7,7066
2021-06-10 09:27:14,28792.0,7105
2021-06-10 09:27:15,28802.55,7106
2021-06-10 09:27:17,28801.9,7121
2021-06-10 09:27:18,28796.65,7122
2021-06-10 09:27:18,28796.65,7122
2021-06-10 09:27:19,28782.5,7126
2021-06-10 09:27:20,28799.0,7138
2021-06-10 09:27:21,28799.0,7138
2021-06-10 09:27:23,28799.0,7138
2021-06-10 09:27:24,28799.0,7139
2021-06-10 09:27:25,28784.25,7142
2021-06-10 09:27:26,28784.25,7142
2021-06-10 09:27:27,28799.0,7147
2021-06-10 09:27:28,28799.0,7147
2021-06-10 09:27:29,28799.0,7147
2021-06-10 09:27:30,28782.35,7157
2021-06-10 09:27:32,28782.35,7157
2021-06-10 09:27:33,28782.35,7157
2021-06-10 09:27:34,28782.35,7157
2021-06-10 09:27:35,28782.5,7158
2021-06-10 09:27:36,28782.5,7158
2021-06-10 09:27:36,28782.5,7158
2021-06-10 09:27:37,28782.5,7158
2021-06-10 09:27:38,28782.5,7158
2021-06-10 09:27:39,28782.5,7158
2021-06-10 09:27:40,28782.5,7158
2021-06-10 09:27:41,28782.5,7158
2021-06-10 09:27:42,28794.95,7175
2021-06-10 09:27:43,28794.95,7175
2021-06-10 09:27:44,28794.95,7179
2021-06-10 09:27:45,28794.95,7179
2021-06-10 09:27:46,28794.95,7179
2021-06-10 09:27:47,28794.95,7179
2021-06-10 09:27:48,28794.95,7179
2021-06-10 09:27:49,28800.5,7204
2021-06-10 09:27:50,28800.5,7204
2021-06-10 09:27:52,28806.0,7210
2021-06-10 09:27:54,28806.0,7210
2021-06-10 09:27:55,28806.0,7210
2021-06-10 09:27:55,28806.0,7210
2021-06-10 09:27:57,28806.0,7211
2021-06-10 09:27:58,28799.0,7225
2021-06-10 09:27:59,28799.0,7225
2021-06-10 09:28:00,28799.0,7225
2021-06-10 09:28:01,28799.0,7225
2021-06-10 09:28:02,28799.7,7229
2021-06-10 09:28:03,28799.7,7229
2021-06-10 09:28:04,28799.7,7229
2021-06-10 09:28:05,28799.7,7229
2021-06-10 09:28:06,28799.9,7231
2021-06-10 09:28:07,28799.9,7231
2021-06-10 09:28:08,28799.9,7231
2021-06-10 09:28:09,28817.5,7232
2021-06-10 09:28:10,28820.0,7242
2021-06-10 09:28:11,28820.0,7242
2021-06-10 09:28:12,28820.0,7242
2021-06-10 09:28:13,28802.5,7247
2021-06-10 09:28:14,28800.05,7260
2021-06-10 09:28:15,28800.05,7260
2021-06-10 09:28:16,28817.55,7263
2021-06-10 09:28:18,28817.55,7263
2021-06-10 09:28:19,28817.55,7263
2021-06-10 09:28:20,28817.55,7263
2021-06-10 09:28:21,28817.55,7263
2021-06-10 09:28:22,28817.55,7263
2021-06-10 09:28:23,28819.95,7264
2021-06-10 09:28:23,28819.95,7264
2021-06-10 09:28:24,28802.55,7269
2021-06-10 09:28:25,28802.55,7269
2021-06-10 09:28:27,28802.6,7271
2021-06-10 09:28:28,28820.0,7273
2021-06-10 09:28:29,28803.0,7275
2021-06-10 09:28:30,28803.0,7275
2021-06-10 09:28:31,28819.85,7280
2021-06-10 09:28:32,28819.85,7280
2021-06-10 09:28:33,28819.85,7280
2021-06-10 09:28:34,28819.85,7280
2021-06-10 09:28:35,28819.85,7280
2021-06-10 09:28:37,28819.85,7280
2021-06-10 09:28:38,28802.55,7283
2021-06-10 09:28:39,28819.85,7293
2021-06-10 09:28:40,28819.85,7293
2021-06-10 09:28:41,28803.25,7300
2021-06-10 09:28:42,28803.25,7300
2021-06-10 09:28:43,28803.25,7300
2021-06-10 09:28:44,28803.25,7300
2021-06-10 09:28:45,28815.0,7302
2021-06-10 09:28:46,28815.0,7302
2021-06-10 09:28:48,28815.0,7302
2021-06-10 09:28:50,28815.0,7303
2021-06-10 09:28:52,28803.9,7305
2021-06-10 09:28:53,28815.0,7307
2021-06-10 09:28:54,28815.0,7307
2021-06-10 09:28:56,28804.0,7308
2021-06-10 09:28:57,28804.0,7308
2021-06-10 09:28:58,28804.0,7308
2021-06-10 09:28:59,28804.0,7308
2021-06-10 09:29:00,28804.0,7308
2021-06-10 09:29:01,28804.0,7308
2021-06-10 09:29:02,28804.0,7308
2021-06-10 09:29:03,28804.0,7308
2021-06-10 09:29:04,28804.0,7308
2021-06-10 09:29:05,28804.0,7308
2021-06-10 09:29:06,28804.0,7308
2021-06-10 09:29:08,28804.0,7308
2021-06-10 09:29:09,28804.0,7308
2021-06-10 09:29:09,28804.0,7308
2021-06-10 09:29:10,28804.0,7308
2021-06-10 09:29:11,28805.0,7312
2021-06-10 09:29:13,28815.0,7334
2021-06-10 09:29:14,28815.0,7336
2021-06-10 09:29:15,28815.0,7338
2021-06-10 09:29:16,28815.0,7338
2021-06-10 09:29:17,28815.0,7338
2021-06-10 09:29:18,28804.85,7348
2021-06-10 09:29:19,28804.85,7348
2021-06-10 09:29:20,28804.85,7348
2021-06-10 09:29:22,28804.85,7348
2021-06-10 09:29:23,28804.85,7348
2021-06-10 09:29:24,28814.9,7349
2021-06-10 09:29:26,28814.9,7354
2021-06-10 09:29:27,28806.5,7355
2021-06-10 09:29:30,28806.5,7355
2021-06-10 09:29:31,28802.0,7365
2021-06-10 09:29:32,28802.0,7365
2021-06-10 09:29:33,28814.9,7368
2021-06-10 09:29:34,28814.9,7368
2021-06-10 09:29:35,28802.5,7369
2021-06-10 09:29:36,28802.5,7369
2021-06-10 09:29:37,28802.5,7369
2021-06-10 09:29:38,28802.5,7369
2021-06-10 09:29:39,28802.5,7369
2021-06-10 09:29:40,28802.5,7369
2021-06-10 09:29:41,28806.0,7371
2021-06-10 09:29:42,28815.0,7376
2021-06-10 09:29:43,28815.0,7376
2021-06-10 09:29:44,28815.0,7376
2021-06-10 09:29:45,28815.0,7376
2021-06-10 09:29:47,28820.0,7398
2021-06-10 09:29:48,28807.5,7399
2021-06-10 09:29:49,28822.45,7403
2021-06-10 09:29:50,28822.45,7403
2021-06-10 09:29:51,28810.0,7404
2021-06-10 09:29:52,28810.0,7404
2021-06-10 09:29:53,28824.9,7405
2021-06-10 09:29:54,28824.9,7406
2021-06-10 09:29:59,28824.95,7407
2021-06-10 09:30:00,28824.95,7407
2021-06-10 09:30:01,28810.0,7457
2021-06-10 09:30:01,28810.0,7457
2021-06-10 09:30:02,28822.0,7460
2021-06-10 09:30:03,28824.0,7466
2021-06-10 09:30:04,28824.0,7466
2021-06-10 09:30:05,28824.0,7467
2021-06-10 09:30:06,28824.0,7472
2021-06-10 09:30:08,28824.0,7472
2021-06-10 09:30:09,28820.0,7474
2021-06-10 09:30:10,28820.0,7474
2021-06-10 09:30:11,28825.55,7534
2021-06-10 09:30:12,28825.55,7542
2021-06-10 09:30:13,28825.55,7542
2021-06-10 09:30:14,28825.55,7542
2021-06-10 09:30:15,28825.55,7544
2021-06-10 09:30:16,28825.55,7544
2021-06-10 09:30:17,28830.0,7546
2021-06-10 09:30:18,28830.0,7546
2021-06-10 09:30:19,28825.0,7547
2021-06-10 09:30:21,28825.0,7547
2021-06-10 09:30:22,28825.0,7547
2021-06-10 09:30:23,28825.0,7547
2021-06-10 09:30:24,28825.0,7547
2021-06-10 09:30:25,28825.0,7547
2021-06-10 09:30:25,28825.0,7547
2021-06-10 09:30:26,28820.0,7574
2021-06-10 09:30:27,28834.55,7578
2021-06-10 09:30:29,28834.55,7578
2021-06-10 09:30:30,28834.55,7578
2021-06-10 09:30:31,28834.55,7578
2021-06-10 09:30:32,28834.55,7578
2021-06-10 09:30:33,28840.0,7580
2021-06-10 09:30:34,28840.0,7580
2021-06-10 09:30:35,28840.0,7582
2021-06-10 09:30:36,28834.8,7661
2021-06-10 09:30:37,28848.65,7670
2021-06-10 09:30:38,28854.9,7674
2021-06-10 09:30:39,28854.9,7674
2021-06-10 09:30:40,28833.25,7675
2021-06-10 09:30:41,28833.25,7675
2021-06-10 09:30:42,28833.25,7675
2021-06-10 09:30:43,28833.25,7675
2021-06-10 09:30:44,28833.25,7675
2021-06-10 09:30:45,28833.25,7675
2021-06-10 09:30:45,28833.25,7675
2021-06-10 09:30:47,28833.25,7675
2021-06-10 09:30:48,28833.25,7675
2021-06-10 09:30:49,28833.25,7675
2021-06-10 09:30:50,28833.25,7675
2021-06-10 09:30:51,28850.0,7676
2021-06-10 09:30:52,28850.0,7676
2021-06-10 09:30:53,28850.0,7676
2021-06-10 09:30:54,28850.0,7676
2021-06-10 09:30:56,28850.0,7676
2021-06-10 09:30:58,28850.0,7677
2021-06-10 09:30:59,28850.0,7677
2021-06-10 09:31:00,28851.3,7678
2021-06-10 09:31:01,28851.3,7678
2021-06-10 09:31:02,28851.3,7678
2021-06-10 09:31:03,28850.0,7679
2021-06-10 09:31:04,28850.0,7679
2021-06-10 09:31:05,28850.0,7679
2021-06-10 09:31:06,28850.0,7679
2021-06-10 09:31:07,28850.0,7679
2021-06-10 09:31:07,28850.0,7679
2021-06-10 09:31:09,28850.0,7679
2021-06-10 09:31:10,28850.0,7679
2021-06-10 09:31:12,28850.0,7683
2021-06-10 09:31:13,28850.0,7692
2021-06-10 09:31:14,28852.35,7777
2021-06-10 09:31:15,28858.65,7780
2021-06-10 09:31:16,28867.5,7789
2021-06-10 09:31:17,28867.5,7832
2021-06-10 09:31:18,28847.55,7833
2021-06-10 09:31:18,28870.0,7847
2021-06-10 09:31:20,28870.0,7847
2021-06-10 09:31:21,28870.0,7847
2021-06-10 09:31:22,28870.0,7847
2021-06-10 09:31:24,28877.6,7874
2021-06-10 09:31:24,28877.6,7878
2021-06-10 09:31:26,28877.6,7878
2021-06-10 09:31:27,28862.5,7881
2021-06-10 09:31:28,28862.5,7881
2021-06-10 09:31:29,28862.5,7881
2021-06-10 09:31:30,28862.5,7881
2021-06-10 09:31:31,28861.6,7882
2021-06-10 09:31:32,28861.6,7883
2021-06-10 09:31:33,28861.6,7883
2021-06-10 09:31:34,28861.6,7883
2021-06-10 09:31:34,28870.0,7893
2021-06-10 09:31:35,28870.0,7893
2021-06-10 09:31:36,28870.0,7894
2021-06-10 09:31:38,28870.0,7894
2021-06-10 09:31:38,28870.0,7894
2021-06-10 09:31:39,28870.0,7894
2021-06-10 09:31:40,28870.0,7895
2021-06-10 09:31:42,28877.5,7897
2021-06-10 09:31:43,28877.6,7901
2021-06-10 09:31:44,28875.0,7905
2021-06-10 09:31:45,28877.6,7907
2021-06-10 09:31:46,28877.6,7907
2021-06-10 09:31:47,28861.75,7908
2021-06-10 09:31:48,28870.0,7916
2021-06-10 09:31:49,28870.0,7923
2021-06-10 09:31:50,28870.0,7923
2021-06-10 09:31:51,28870.0,7923
2021-06-10 09:31:52,28870.0,7923
2021-06-10 09:31:54,28870.0,7923
2021-06-10 09:31:55,28875.0,7934
2021-06-10 09:31:56,28875.0,7934
2021-06-10 09:31:57,28875.0,7934
2021-06-10 09:31:58,28861.75,7947
2021-06-10 09:31:59,28875.0,7951
2021-06-10 09:32:00,28875.0,7951
2021-06-10 09:32:01,28875.0,7951
2021-06-10 09:32:02,28875.0,7951
2021-06-10 09:32:03,28875.0,7951
2021-06-10 09:32:04,28862.5,7952
2021-06-10 09:32:05,28862.5,7954
2021-06-10 09:32:06,28862.5,7954
2021-06-10 09:32:07,28862.5,7954
2021-06-10 09:32:08,28862.5,7954
2021-06-10 09:32:09,28862.5,7954
2021-06-10 09:32:10,28870.0,7961
2021-06-10 09:32:11,28870.0,7961
2021-06-10 09:32:13,28870.0,7961
2021-06-10 09:32:14,28875.0,7990
2021-06-10 09:32:15,28877.6,8010
2021-06-10 09:32:16,28889.9,8028
2021-06-10 09:32:17,28880.65,8046
2021-06-10 09:32:18,28880.65,8046
2021-06-10 09:32:19,28880.25,8050
2021-06-10 09:32:20,28870.0,8095
2021-06-10 09:32:20,28870.0,8095
2021-06-10 09:32:22,28870.0,8104
2021-06-10 09:32:23,28867.5,8109
2021-06-10 09:32:24,28867.5,8109
2021-06-10 09:32:25,28867.5,8109
2021-06-10 09:32:26,28880.25,8114
2021-06-10 09:32:27,28880.25,8125
2021-06-10 09:32:28,28866.1,8135
2021-06-10 09:32:29,28866.1,8135
2021-06-10 09:32:31,28880.0,8137
2021-06-10 09:32:32,28880.0,8139
2021-06-10 09:32:33,28880.0,8139
2021-06-10 09:32:34,28872.95,8141
2021-06-10 09:32:35,28872.8,8151
2021-06-10 09:32:36,28875.0,8155
2021-06-10 09:32:37,28875.0,8155
2021-06-10 09:32:38,28872.8,8156
2021-06-10 09:32:39,28872.8,8156
2021-06-10 09:32:40,28872.8,8156
2021-06-10 09:32:41,28875.0,8159
2021-06-10 09:32:42,28875.0,8205
2021-06-10 09:32:43,28897.8,8211
2021-06-10 09:32:44,28897.8,8211
2021-06-10 09:32:45,28880.0,8216
2021-06-10 09:32:46,28880.0,8216
2021-06-10 09:32:47,28880.0,8216
2021-06-10 09:32:48,28877.45,8221
2021-06-10 09:32:49,28880.0,8227
2021-06-10 09:32:50,28880.0,8227
2021-06-10 09:32:51,28893.2,8233
2021-06-10 09:32:52,28893.2,8233
2021-06-10 09:32:55,28877.45,8234
2021-06-10 09:33:01,28887.45,8247
2021-06-10 09:33:06,28887.95,8252
2021-06-10 09:33:12,28888.85,8260
2021-06-10 09:33:17,28877.35,8289
2021-06-10 09:33:23,28875.0,8350
2021-06-10 09:33:29,28880.7,8369
2021-06-10 09:33:34,28867.5,8384
2021-06-10 09:33:40,28884.1,8385
2021-06-10 09:33:46,28867.5,8387
2021-06-10 09:33:51,28867.5,8395
2021-06-10 09:33:56,28874.9,8399
2021-06-10 09:34:02,28870.0,8401
2021-06-10 09:34:08,28867.0,8407
2021-06-10 09:34:14,28867.0,8408
2021-06-10 09:34:25,28867.0,8414
2021-06-10 09:34:31,28852.15,8429
2021-06-10 09:34:36,28857.45,8434
2021-06-10 09:34:42,28857.45,8434
2021-06-10 09:34:48,28857.45,8434
2021-06-10 09:34:54,28830.55,8525
2021-06-10 09:34:59,28841.75,8549
2021-06-10 09:35:04,28807.1,8597
2021-06-10 09:35:10,28817.6,8613
2021-06-10 09:35:15,28835.0,8616
2021-06-10 09:35:21,28840.0,8626
2021-06-10 09:35:26,28850.0,8643
2021-06-10 09:35:32,28850.0,8662
2021-06-10 09:35:37,28853.95,8677
2021-06-10 09:35:47,28850.0,8685
2021-06-10 09:35:53,28845.0,8700
2021-06-10 09:35:58,28850.1,8714
2021-06-10 09:36:04,28852.95,8719
2021-06-10 09:36:09,28851.4,8721
2021-06-10 09:36:14,28851.4,8721
2021-06-10 09:36:19,28850.0,8743
2021-06-10 09:36:25,28850.0,8745
2021-06-10 09:36:30,28845.0,8746
2021-06-10 09:36:35,28850.0,8748
2021-06-10 09:36:41,28844.9,8771
2021-06-10 09:36:46,28842.45,8774
2021-06-10 09:36:51,28836.35,8788
2021-06-10 09:36:57,28827.3,8809
2021-06-10 09:37:03,28820.0,9034
2021-06-10 09:37:08,28810.05,9096
2021-06-10 09:37:14,28795.9,9157
2021-06-10 09:37:20,28825.0,9193
2021-06-10 09:37:26,28831.4,9221
2021-06-10 09:37:31,28840.2,9239
2021-06-10 09:37:37,28832.5,9240
2021-06-10 09:37:43,28836.35,9241
2021-06-10 09:37:49,28832.5,9242
2021-06-10 09:37:53,28835.05,9247
2021-06-10 09:37:54,28835.05,9247
2021-06-10 09:37:56,28835.05,9247
2021-06-10 09:37:57,28833.35,9250
2021-06-10 09:37:57,28833.35,9250
2021-06-10 09:37:58,28833.35,9250
2021-06-10 09:37:59,28833.35,9250
2021-06-10 09:38:00,28833.35,9250
2021-06-10 09:38:01,28833.35,9250
2021-06-10 09:38:02,28833.35,9250
2021-06-10 09:38:03,28833.35,9250
2021-06-10 09:38:04,28833.35,9250
2021-06-10 09:38:05,28833.35,9250
2021-06-10 09:38:07,28833.35,9250
2021-06-10 09:38:08,28833.35,9250
2021-06-10 09:38:09,28833.35,9250
2021-06-10 09:38:10,28833.35,9250
2021-06-10 09:38:11,28833.35,9250
2021-06-10 09:38:12,28833.35,9250
2021-06-10 09:38:12,28833.35,9250
2021-06-10 09:38:14,28833.35,9250
2021-06-10 09:38:14,28833.35,9250
2021-06-10 09:38:15,28833.35,9250
2021-06-10 09:38:16,28833.35,9250
2021-06-10 09:38:17,28833.35,9250
2021-06-10 09:38:20,28833.35,9250
2021-06-10 09:38:22,28833.35,9250
2021-06-10 09:38:23,28833.35,9252
2021-06-10 09:38:25,28833.35,9252
2021-06-10 09:38:26,28833.35,9252
2021-06-10 09:38:27,28833.35,9252
2021-06-10 09:38:28,28833.35,9252
2021-06-10 09:38:28,28833.35,9252
2021-06-10 09:38:29,28833.35,9252
2021-06-10 09:38:30,28833.35,9252
2021-06-10 09:38:31,28833.35,9252
2021-06-10 09:38:32,28833.35,9252
2021-06-10 09:38:33,28833.35,9252
2021-06-10 09:38:34,28833.35,9252
2021-06-10 09:38:36,28833.35,9257
2021-06-10 09:38:37,28833.35,9257
2021-06-10 09:38:38,28833.35,9257
2021-06-10 09:38:40,28833.35,9257
2021-06-10 09:38:41,28846.5,9259
2021-06-10 09:38:42,28846.5,9259
2021-06-10 09:38:43,28846.5,9259
2021-06-10 09:38:44,28846.5,9259
2021-06-10 09:38:44,28846.5,9259
2021-06-10 09:38:46,28846.5,9259
2021-06-10 09:38:47,28846.5,9259
2021-06-10 09:38:48,28846.5,9259
2021-06-10 09:38:49,28846.5,9259
2021-06-10 09:38:49,28846.5,9259
2021-06-10 09:38:50,28835.0,9268
2021-06-10 09:38:51,28849.0,9272
2021-06-10 09:38:52,28849.0,9272
2021-06-10 09:38:53,28849.0,9272
2021-06-10 09:38:55,28849.0,9272
2021-06-10 09:38:56,28849.0,9272
2021-06-10 09:38:57,28849.0,9272
2021-06-10 09:38:59,28849.0,9272
2021-06-10 09:38:59,28849.0,9272
2021-06-10 09:39:01,28849.0,9272
2021-06-10 09:39:03,28849.0,9273
2021-06-10 09:39:04,28849.0,9273
2021-06-10 09:39:04,28849.0,9273
2021-06-10 09:39:05,28849.0,9273
2021-06-10 09:39:06,28849.0,9273
2021-06-10 09:39:07,28860.6,9319
2021-06-10 09:39:08,28864.65,9323
2021-06-10 09:39:09,28864.65,9323
2021-06-10 09:39:11,28849.0,9338
2021-06-10 09:39:12,28849.0,9338
2021-06-10 09:39:14,28849.0,9338
2021-06-10 09:39:15,28849.0,9338
2021-06-10 09:39:16,28849.0,9338
2021-06-10 09:39:17,28864.7,9339
2021-06-10 09:39:17,28864.7,9339
2021-06-10 09:39:18,28864.7,9339
2021-06-10 09:39:19,28864.7,9339
2021-06-10 09:39:20,28864.7,9339
2021-06-10 09:39:22,28870.0,9344
2021-06-10 09:39:23,28870.0,9344
2021-06-10 09:39:24,28870.0,9344
2021-06-10 09:39:26,28862.5,9345
2021-06-10 09:39:27,28862.5,9345
2021-06-10 09:39:28,28862.5,9345
2021-06-10 09:39:29,28862.5,9345
2021-06-10 09:39:30,28862.5,9345
2021-06-10 09:39:31,28862.5,9345
2021-06-10 09:39:32,28862.5,9345
2021-06-10 09:39:32,28862.5,9345
2021-06-10 09:39:33,28862.5,9345
2021-06-10 09:39:34,28862.5,9345
2021-06-10 09:39:35,28862.5,9345
2021-06-10 09:39:37,28862.5,9345
2021-06-10 09:39:39,28862.5,9345
2021-06-10 09:39:40,28862.5,9345
2021-06-10 09:39:41,28870.0,9356
2021-06-10 09:39:43,28862.5,9358
2021-06-10 09:39:45,28862.5,9358
2021-06-10 09:39:48,28862.5,9358
2021-06-10 09:39:49,28862.5,9362
2021-06-10 09:39:50,28862.5,9364
2021-06-10 09:39:53,28862.5,9365
2021-06-10 09:39:55,28870.0,9370
2021-06-10 09:39:55,28870.0,9370
2021-06-10 09:39:57,28870.0,9370
2021-06-10 09:39:59,28870.0,9370
2021-06-10 09:40:00,28870.0,9370
2021-06-10 09:40:01,28862.45,9371
2021-06-10 09:40:04,28862.45,9371
2021-06-10 09:40:05,28869.2,9373
2021-06-10 09:40:06,28869.2,9373
2021-06-10 09:40:08,28869.2,9373
2021-06-10 09:40:08,28869.2,9373
2021-06-10 09:40:11,28869.2,9373
2021-06-10 09:40:14,28862.45,9374
2021-06-10 09:40:16,28862.45,9374
2021-06-10 09:40:17,28870.0,9379
2021-06-10 09:40:20,28870.0,9379
2021-06-10 09:40:20,28870.0,9379
2021-06-10 09:40:22,28862.4,9399
2021-06-10 09:40:23,28860.0,9401
2021-06-10 09:40:24,28860.0,9405
2021-06-10 09:40:25,28853.8,9409
2021-06-10 09:40:26,28853.8,9409
2021-06-10 09:40:27,28860.0,9414
2021-06-10 09:40:28,28860.0,9414
2021-06-10 09:40:29,28860.0,9414
2021-06-10 09:40:30,28860.0,9414
2021-06-10 09:40:31,28860.0,9414
2021-06-10 09:40:33,28853.6,9422
2021-06-10 09:40:34,28869.95,9426
2021-06-10 09:40:35,28869.95,9426
2021-06-10 09:40:36,28869.95,9426
2021-06-10 09:40:37,28869.95,9426
2021-06-10 09:40:38,28853.7,9440
2021-06-10 09:40:39,28853.7,9440
2021-06-10 09:40:40,28853.8,9443
2021-06-10 09:40:40,28853.8,9443
2021-06-10 09:40:42,28853.8,9443
2021-06-10 09:40:43,28853.8,9443
2021-06-10 09:40:44,28853.8,9443
2021-06-10 09:40:45,28853.8,9443
2021-06-10 09:40:46,28869.95,9446
2021-06-10 09:40:47,28853.7,9447
2021-06-10 09:40:48,28853.7,9447
2021-06-10 09:40:50,28853.7,9447
2021-06-10 09:40:51,28853.7,9447
2021-06-10 09:40:52,28853.8,9448
2021-06-10 09:40:53,28853.8,9448
2021-06-10 09:40:53,28853.8,9448
2021-06-10 09:40:54,28860.0,9449
2021-06-10 09:40:55,28853.75,9455
2021-06-10 09:40:56,28853.75,9456
2021-06-10 09:40:58,28853.75,9456
2021-06-10 09:40:59,28853.7,9459
2021-06-10 09:41:00,28853.7,9459
2021-06-10 09:41:01,28853.7,9459
2021-06-10 09:41:02,28853.7,9459
2021-06-10 09:41:03,28853.7,9459
2021-06-10 09:41:05,28865.0,9460
2021-06-10 09:41:04,28853.7,9459
2021-06-10 09:41:07,28865.0,9460
2021-06-10 09:41:09,28865.0,9460
2021-06-10 09:41:11,28880.0,9534
2021-06-10 09:41:12,28880.0,9534
2021-06-10 09:41:12,28880.0,9534
2021-06-10 09:41:13,28882.95,9596
2021-06-10 09:41:15,28887.95,9602
2021-06-10 09:41:17,28890.0,9622
2021-06-10 09:41:18,28880.2,9626
2021-06-10 09:41:19,28880.2,9626
2021-06-10 09:41:20,28880.2,9626
2021-06-10 09:41:21,28880.2,9626
2021-06-10 09:41:21,28880.2,9626
2021-06-10 09:41:22,28880.2,9626
2021-06-10 09:41:23,28880.2,9628
2021-06-10 09:41:24,28880.2,9628
2021-06-10 09:41:25,28880.2,9628
2021-06-10 09:41:27,28880.2,9628
2021-06-10 09:41:28,28880.2,9628
2021-06-10 09:41:29,28880.2,9628
2021-06-10 09:41:30,28880.2,9628
2021-06-10 09:41:31,28880.2,9628
2021-06-10 09:41:33,28880.2,9634
2021-06-10 09:41:34,28880.2,9634
2021-06-10 09:41:35,28880.2,9634
2021-06-10 09:41:35,28880.2,9634
2021-06-10 09:41:36,28890.0,9645
2021-06-10 09:41:37,28874.5,9655
2021-06-10 09:41:38,28873.5,9660
2021-06-10 09:41:39,28873.5,9660
2021-06-10 09:41:40,28873.5,9660
2021-06-10 09:41:42,28873.5,9660
2021-06-10 09:41:43,28873.5,9660
2021-06-10 09:41:44,28890.0,9664
2021-06-10 09:41:45,28890.0,9664
2021-06-10 09:41:45,28873.15,9674
2021-06-10 09:41:47,28889.95,9679
2021-06-10 09:41:48,28900.0,9740
2021-06-10 09:41:49,28890.0,9755
2021-06-10 09:41:50,28890.0,9755
2021-06-10 09:41:51,28890.0,9755
2021-06-10 09:41:52,28890.0,9755
2021-06-10 09:41:53,28890.0,9755
2021-06-10 09:41:54,28890.0,9755
2021-06-10 09:41:55,28889.95,9758
2021-06-10 09:41:56,28889.95,9758
2021-06-10 09:41:57,28889.95,9760
2021-06-10 09:41:58,28889.95,9760
2021-06-10 09:41:59,28889.95,9760
2021-06-10 09:41:59,28889.95,9760
2021-06-10 09:42:00,28889.95,9760
2021-06-10 09:42:02,28889.95,9760
2021-06-10 09:42:03,28889.95,9760
2021-06-10 09:42:04,28876.0,9761
2021-06-10 09:42:06,28890.0,9765
2021-06-10 09:42:07,28890.0,9765
2021-06-10 09:42:09,28871.85,9782
2021-06-10 09:42:10,28871.85,9782
2021-06-10 09:42:11,28889.2,9783
2021-06-10 09:42:12,28890.0,9790
2021-06-10 09:42:13,28890.0,9790
2021-06-10 09:42:14,28890.0,9804
2021-06-10 09:42:15,28899.95,9808
2021-06-10 09:42:16,28899.95,9808
2021-06-10 09:42:16,28899.95,9808
2021-06-10 09:42:17,28898.05,9815
2021-06-10 09:42:19,28898.05,9815
2021-06-10 09:42:21,28898.0,9816
2021-06-10 09:42:22,28899.9,9821
2021-06-10 09:42:23,28900.0,9831
2021-06-10 09:42:24,28898.05,9843
2021-06-10 09:42:25,28900.0,9868
2021-06-10 09:42:26,28900.0,9872
2021-06-10 09:42:27,28900.0,9874
2021-06-10 09:42:28,28900.0,9874
2021-06-10 09:42:28,28900.0,9874
2021-06-10 09:42:29,28900.0,9874
2021-06-10 09:42:30,28900.0,9876
2021-06-10 09:42:31,28900.0,9876
2021-06-10 09:42:33,28900.0,9876
2021-06-10 09:42:33,28885.0,9878
2021-06-10 09:42:35,28885.0,9878
2021-06-10 09:42:35,28900.0,9884
2021-06-10 09:42:37,28900.0,9884
2021-06-10 09:42:38,28900.0,9885
2021-06-10 09:42:39,28900.0,9885
2021-06-10 09:42:40,28900.0,9886
2021-06-10 09:42:41,28885.5,9887
2021-06-10 09:42:42,28885.5,9887
2021-06-10 09:42:43,28885.5,9887
2021-06-10 09:42:44,28885.5,9887
2021-06-10 09:42:45,28885.5,9887
2021-06-10 09:42:46,28885.5,9887
2021-06-10 09:42:47,28887.5,9888
2021-06-10 09:42:48,28887.5,9888
2021-06-10 09:42:49,28887.5,9888
2021-06-10 09:42:50,28900.0,9889
2021-06-10 09:42:51,28900.0,9889
2021-06-10 09:42:52,28900.0,9889
2021-06-10 09:42:53,28900.0,9889
2021-06-10 09:42:54,28887.5,9891
2021-06-10 09:42:56,28887.5,9892
2021-06-10 09:42:55,28887.5,9891
2021-06-10 09:42:57,28900.0,9897
2021-06-10 09:42:58,28900.0,9899
2021-06-10 09:42:59,28887.5,9904
2021-06-10 09:43:00,28900.0,9906
2021-06-10 09:43:00,28900.0,9906
2021-06-10 09:43:01,28900.0,9906
2021-06-10 09:43:03,28850.0,10013
2021-06-10 09:43:04,28900.0,10026
2021-06-10 09:43:05,28900.0,10035
2021-06-10 09:43:06,28869.35,10075
2021-06-10 09:43:07,28875.15,10098
2021-06-10 09:43:08,28875.15,10098
2021-06-10 09:43:09,28884.95,10100
2021-06-10 09:43:11,28884.95,10100
2021-06-10 09:43:13,28894.9,10120
2021-06-10 09:43:14,28894.9,10120
2021-06-10 09:43:14,28897.0,10124
2021-06-10 09:43:16,28897.0,10124
2021-06-10 09:43:17,28897.0,10135
2021-06-10 09:43:18,28897.0,10136
2021-06-10 09:43:20,28897.0,10136
2021-06-10 09:43:21,28880.0,10137
2021-06-10 09:43:22,28880.05,10138
2021-06-10 09:43:23,28892.5,10139
2021-06-10 09:43:25,28897.0,10149
2021-06-10 09:43:24,28897.0,10149
2021-06-10 09:43:26,28897.0,10150
2021-06-10 09:43:27,28897.0,10153
2021-06-10 09:43:28,28885.0,10163
2021-06-10 09:43:29,28885.0,10163
2021-06-10 09:43:30,28885.0,10163
2021-06-10 09:43:31,28880.05,10183
2021-06-10 09:43:32,28880.05,10183
2021-06-10 09:43:33,28880.05,10183
2021-06-10 09:43:34,28880.05,10184
2021-06-10 09:43:35,28880.05,10184
2021-06-10 09:43:36,28880.05,10184
2021-06-10 09:43:37,28880.05,10184
2021-06-10 09:43:38,28880.05,10184
2021-06-10 09:43:39,28880.05,10184
2021-06-10 09:43:40,28885.0,10185
2021-06-10 09:43:41,28885.0,10185
2021-06-10 09:43:42,28885.0,10185
2021-06-10 09:43:43,28885.0,10188
2021-06-10 09:43:45,28897.0,10192
2021-06-10 09:43:46,28897.0,10192
2021-06-10 09:43:47,28881.75,10200
2021-06-10 09:43:48,28881.75,10200
2021-06-10 09:43:49,28881.75,10200
2021-06-10 09:43:50,28881.75,10200
2021-06-10 09:43:51,28881.75,10200
2021-06-10 09:43:52,28881.75,10200
2021-06-10 09:43:53,28881.75,10200
2021-06-10 09:43:54,28881.75,10200
2021-06-10 09:43:55,28881.75,10200
2021-06-10 09:43:56,28880.15,10201
2021-06-10 09:43:57,28880.15,10201
2021-06-10 09:43:58,28880.15,10201
2021-06-10 09:44:01,28880.15,10201
2021-06-10 09:44:02,28880.15,10201
2021-06-10 09:44:03,28897.0,10211
2021-06-10 09:44:05,28896.75,10214
2021-06-10 09:44:07,28896.75,10214
2021-06-10 09:44:08,28874.9,10235
2021-06-10 09:44:09,28874.9,10235
2021-06-10 09:44:10,28874.9,10235
2021-06-10 09:44:11,28874.9,10235
2021-06-10 09:44:12,28874.9,10235
2021-06-10 09:44:13,28874.9,10235
2021-06-10 09:44:14,28874.9,10240
2021-06-10 09:44:15,28874.9,10242
2021-06-10 09:44:16,28874.9,10242
2021-06-10 09:44:17,28874.9,10243
2021-06-10 09:44:18,28874.9,10243
2021-06-10 09:44:19,28874.9,10243
2021-06-10 09:44:20,28874.9,10243
2021-06-10 09:44:21,28874.9,10243
2021-06-10 09:44:22,28874.9,10243
2021-06-10 09:44:23,28874.9,10243
2021-06-10 09:44:24,28874.9,10243
2021-06-10 09:44:26,28874.9,10243
2021-06-10 09:44:28,28894.5,10248
2021-06-10 09:44:29,28894.5,10248
2021-06-10 09:44:30,28894.5,10248
2021-06-10 09:44:31,28894.5,10248
2021-06-10 09:44:32,28894.5,10248
2021-06-10 09:44:33,28894.5,10248
2021-06-10 09:44:34,28894.5,10248
2021-06-10 09:44:35,28894.5,10248
2021-06-10 09:44:36,28894.5,10248
2021-06-10 09:44:37,28891.9,10253
2021-06-10 09:44:38,28891.9,10253
2021-06-10 09:44:39,28891.9,10253
2021-06-10 09:44:40,28891.9,10253
2021-06-10 09:44:41,28890.0,10267
2021-06-10 09:44:43,28890.0,10267
2021-06-10 09:44:45,28890.0,10267
2021-06-10 09:44:46,28890.0,10267
2021-06-10 09:44:48,28890.0,10267
2021-06-10 09:44:49,28890.0,10268
2021-06-10 09:44:51,28890.0,10268
2021-06-10 09:44:52,28890.0,10268
2021-06-10 09:44:53,28890.0,10268
2021-06-10 09:44:54,28890.0,10268
2021-06-10 09:44:55,28890.0,10268
2021-06-10 09:44:57,28890.0,10268
2021-06-10 09:44:58,28880.0,10270
2021-06-10 09:44:59,28880.0,10270
2021-06-10 09:45:00,28880.0,10270
2021-06-10 09:45:02,28880.0,10274
2021-06-10 09:45:03,28880.0,10274
2021-06-10 09:45:04,28880.0,10274
2021-06-10 09:45:05,28880.0,10275
2021-06-10 09:45:06,28880.0,10278
2021-06-10 09:45:08,28880.0,10278
2021-06-10 09:45:09,28880.0,10278
2021-06-10 09:45:10,28880.0,10278
2021-06-10 09:45:11,28880.0,10278
2021-06-10 09:45:12,28880.0,10278
2021-06-10 09:45:13,28880.0,10278
2021-06-10 09:45:14,28880.0,10279
2021-06-10 09:45:15,28880.0,10280
2021-06-10 09:45:16,28880.0,10281
2021-06-10 09:45:18,28888.1,10286
2021-06-10 09:45:19,28888.1,10286
2021-06-10 09:45:20,28888.1,10286
2021-06-10 09:45:21,28888.1,10286
2021-06-10 09:45:22,28889.0,10287
2021-06-10 09:45:23,28880.0,10288
2021-06-10 09:45:24,28880.0,10288
2021-06-10 09:45:25,28880.0,10288
2021-06-10 09:45:26,28889.0,10289
2021-06-10 09:45:28,28889.0,10289
2021-06-10 09:45:28,28890.0,10290
2021-06-10 09:45:29,28890.0,10290
2021-06-10 09:45:30,28880.0,10295
2021-06-10 09:45:31,28880.0,10295
2021-06-10 09:45:32,28880.0,10295
2021-06-10 09:45:33,28880.0,10295
2021-06-10 09:45:35,28880.0,10295
2021-06-10 09:45:37,28879.9,10308
2021-06-10 09:45:38,28890.0,10310
2021-06-10 09:45:43,28890.0,10310
2021-06-10 09:45:44,28890.0,10310
2021-06-10 09:45:45,28890.0,10310
2021-06-10 09:45:46,28890.0,10310
2021-06-10 09:45:47,28890.0,10310
2021-06-10 09:45:49,28890.0,10310
2021-06-10 09:45:51,28890.0,10310
2021-06-10 09:45:53,28890.0,10310
2021-06-10 09:45:53,28890.0,10310
2021-06-10 09:45:54,28890.0,10310
2021-06-10 09:45:57,28880.0,10311
2021-06-10 09:45:57,28880.0,10311
2021-06-10 09:45:58,28880.0,10311
2021-06-10 09:45:59,28880.0,10311
2021-06-10 09:46:00,28880.0,10311
2021-06-10 09:46:02,28880.0,10311
2021-06-10 09:46:03,28889.95,10313
2021-06-10 09:46:03,28889.95,10313
2021-06-10 09:46:05,28889.95,10313
2021-06-10 09:46:07,28889.95,10313
2021-06-10 09:46:08,28889.95,10313
2021-06-10 09:46:11,28889.95,10313
2021-06-10 09:46:13,28879.9,10321
2021-06-10 09:46:14,28879.9,10321
2021-06-10 09:46:15,28879.9,10321
2021-06-10 09:46:18,28879.9,10321
2021-06-10 09:46:20,28879.9,10321
2021-06-10 09:46:21,28879.9,10321
2021-06-10 09:46:22,28879.9,10321
2021-06-10 09:46:23,28882.0,10331
2021-06-10 09:46:24,28882.0,10331
2021-06-10 09:46:25,28882.0,10331
2021-06-10 09:46:26,28882.0,10331
2021-06-10 09:46:27,28882.0,10331
2021-06-10 09:46:28,28882.0,10331
2021-06-10 09:46:29,28882.0,10331
2021-06-10 09:46:30,28882.0,10331
2021-06-10 09:46:31,28882.0,10331
2021-06-10 09:46:32,28882.0,10331
2021-06-10 09:46:33,28882.0,10331
2021-06-10 09:46:34,28882.0,10331
2021-06-10 09:46:36,28882.0,10331
2021-06-10 09:46:38,28882.0,10331
2021-06-10 09:46:40,28865.15,10341
2021-06-10 09:46:40,28882.0,10331
2021-06-10 09:46:41,28865.15,10341
2021-06-10 09:46:42,28865.15,10341
2021-06-10 09:46:43,28862.9,10346
2021-06-10 09:46:44,28877.5,10352
2021-06-10 09:46:47,28877.5,10352
2021-06-10 09:46:48,28882.0,10362
2021-06-10 09:46:50,28882.0,10364
2021-06-10 09:46:50,28882.0,10364
2021-06-10 09:46:52,28882.0,10364
2021-06-10 09:46:53,28882.0,10364
2021-06-10 09:46:54,28882.0,10364
2021-06-10 09:46:55,28882.0,10364
2021-06-10 09:46:57,28882.0,10364
2021-06-10 09:46:58,28882.0,10364
2021-06-10 09:46:59,28882.0,10364
2021-06-10 09:47:01,28882.0,10364
2021-06-10 09:47:02,28882.0,10364
2021-06-10 09:47:02,28882.0,10364
2021-06-10 09:47:03,28882.0,10364
2021-06-10 09:47:04,28870.0,10366
2021-06-10 09:47:06,28870.0,10366
2021-06-10 09:47:08,28870.0,10366
2021-06-10 09:47:09,28870.0,10366
2021-06-10 09:47:09,28870.0,10366
2021-06-10 09:47:10,28870.0,10366
2021-06-10 09:47:11,28870.0,10366
2021-06-10 09:47:13,28870.0,10366
2021-06-10 09:47:14,28870.0,10366
2021-06-10 09:47:15,28870.0,10369
2021-06-10 09:47:16,28870.0,10369
2021-06-10 09:47:18,28870.0,10369
2021-06-10 09:47:19,28870.0,10369
2021-06-10 09:47:23,28869.9,10388
2021-06-10 09:47:24,28869.9,10388
2021-06-10 09:47:25,28869.9,10388
2021-06-10 09:47:26,28869.9,10388
2021-06-10 09:47:27,28869.9,10388
2021-06-10 09:47:29,28869.9,10388
2021-06-10 09:47:33,28869.9,10388
2021-06-10 09:47:34,28869.9,10388
2021-06-10 09:47:36,28869.9,10388
2021-06-10 09:47:37,28884.4,10398
2021-06-10 09:47:38,28884.4,10398
2021-06-10 09:47:39,28884.4,10398
2021-06-10 09:47:42,28884.4,10398
2021-06-10 09:47:42,28884.4,10398
2021-06-10 09:47:43,28875.4,10399
2021-06-10 09:47:44,28875.4,10399
2021-06-10 09:47:46,28875.4,10399
2021-06-10 09:47:47,28875.4,10399
2021-06-10 09:47:48,28875.4,10399
2021-06-10 09:47:49,28875.4,10399
2021-06-10 09:47:50,28875.4,10399
2021-06-10 09:47:51,28875.4,10399
2021-06-10 09:47:52,28875.4,10399
2021-06-10 09:47:52,28875.4,10399
2021-06-10 09:47:53,28875.4,10399
2021-06-10 09:47:54,28875.4,10399
2021-06-10 09:47:55,28875.4,10399
2021-06-10 09:47:58,28875.5,10402
2021-06-10 09:47:59,28875.5,10402
2021-06-10 09:48:00,28875.5,10402
2021-06-10 09:48:01,28875.5,10402
2021-06-10 09:48:02,28875.5,10402
2021-06-10 09:48:03,28875.5,10402
2021-06-10 09:48:03,28875.5,10402
2021-06-10 09:48:05,28884.0,10405
2021-06-10 09:48:05,28884.0,10405
2021-06-10 09:48:07,28875.3,10418
2021-06-10 09:48:08,28875.3,10418
2021-06-10 09:48:08,28875.3,10418
2021-06-10 09:48:10,28875.0,10421
2021-06-10 09:48:11,28875.0,10421
2021-06-10 09:48:12,28870.0,10422
2021-06-10 09:48:13,28870.0,10422
2021-06-10 09:48:14,28870.0,10422
2021-06-10 09:48:16,28870.0,10431
2021-06-10 09:48:17,28870.0,10432
2021-06-10 09:48:18,28869.9,10435
2021-06-10 09:48:21,28869.9,10440
2021-06-10 09:48:22,28869.9,10440
2021-06-10 09:48:23,28862.15,10441
2021-06-10 09:48:24,28862.15,10441
2021-06-10 09:48:24,28862.15,10441
2021-06-10 09:48:26,28862.15,10441
2021-06-10 09:48:28,28870.0,10483
2021-06-10 09:48:28,28870.0,10483
2021-06-10 09:48:29,28862.15,10498
2021-06-10 09:48:30,28867.35,10500
2021-06-10 09:48:31,28867.35,10500
2021-06-10 09:48:33,28867.35,10500
2021-06-10 09:48:34,28869.2,10501
2021-06-10 09:48:34,28869.2,10501
2021-06-10 09:48:35,28869.2,10501
2021-06-10 09:48:36,28869.2,10501
2021-06-10 09:48:37,28869.2,10501
2021-06-10 09:48:38,28869.2,10501
2021-06-10 09:48:39,28869.2,10501
2021-06-10 09:48:40,28869.2,10501
2021-06-10 09:48:41,28869.2,10501
2021-06-10 09:48:42,28870.0,10502
2021-06-10 09:48:43,28870.0,10502
2021-06-10 09:48:44,28870.0,10502
2021-06-10 09:48:46,28870.0,10502
2021-06-10 09:48:47,28870.0,10502
2021-06-10 09:48:48,28870.0,10502
2021-06-10 09:48:48,28870.0,10502
2021-06-10 09:48:49,28870.0,10502
2021-06-10 09:48:50,28870.0,10502
2021-06-10 09:48:51,28870.0,10502
2021-06-10 09:48:53,28870.0,10502
2021-06-10 09:48:54,28870.0,10502
2021-06-10 09:48:57,28870.0,10502
2021-06-10 09:48:58,28857.5,10505
2021-06-10 09:48:59,28854.3,10507
2021-06-10 09:49:00,28867.5,10509
2021-06-10 09:49:02,28867.5,10509
2021-06-10 09:49:07,28854.3,10510
2021-06-10 09:49:08,28845.65,10517
2021-06-10 09:49:10,28854.3,10518
2021-06-10 09:49:11,28854.3,10518
2021-06-10 09:49:11,28854.3,10518
2021-06-10 09:49:12,28854.3,10518
2021-06-10 09:49:15,28854.3,10518
2021-06-10 09:49:16,28854.3,10518
2021-06-10 09:49:16,28854.3,10518
2021-06-10 09:49:17,28854.3,10518
2021-06-10 09:49:18,28854.3,10518
2021-06-10 09:49:21,28855.0,10522
2021-06-10 09:49:22,28850.45,10527
2021-06-10 09:49:23,28850.45,10527
2021-06-10 09:49:25,28865.0,10528
2021-06-10 09:49:26,28865.0,10528
2021-06-10 09:49:27,28865.0,10528
2021-06-10 09:49:28,28865.0,10528
2021-06-10 09:49:28,28865.0,10528
2021-06-10 09:49:29,28865.0,10528
2021-06-10 09:49:30,28865.0,10528
2021-06-10 09:49:33,28850.35,10535
2021-06-10 09:49:34,28850.35,10535
2021-06-10 09:49:34,28850.35,10535
2021-06-10 09:49:35,28850.35,10535
2021-06-10 09:49:36,28850.4,10537
2021-06-10 09:49:39,28850.4,10537
2021-06-10 09:49:40,28850.4,10537
2021-06-10 09:49:41,28850.35,10547
2021-06-10 09:49:42,28854.3,10549
2021-06-10 09:49:43,28838.7,10577
2021-06-10 09:49:44,28838.7,10577
2021-06-10 09:49:45,28838.7,10577
2021-06-10 09:49:48,28842.5,10578
2021-06-10 09:49:49,28854.3,10593
2021-06-10 09:49:49,28854.3,10593
2021-06-10 09:49:51,28854.3,10593
2021-06-10 09:49:52,28854.3,10593
2021-06-10 09:49:53,28865.0,10594
2021-06-10 09:49:54,28866.1,10599
2021-06-10 09:49:55,28866.05,10601
2021-06-10 09:49:56,28866.05,10601
2021-06-10 09:49:57,28850.45,10611
2021-06-10 09:49:58,28850.45,10611
2021-06-10 09:49:59,28850.45,10611
2021-06-10 09:50:00,28850.45,10612
2021-06-10 09:50:01,28850.4,10619
2021-06-10 09:50:01,28850.4,10619
2021-06-10 09:50:03,28850.4,10619
2021-06-10 09:50:03,28850.4,10619
2021-06-10 09:50:05,28850.4,10619
2021-06-10 09:50:06,28850.4,10619
2021-06-10 09:50:07,28850.4,10619
2021-06-10 09:50:08,28850.4,10619
2021-06-10 09:50:09,28850.4,10619
2021-06-10 09:50:11,28850.4,10619
2021-06-10 09:50:12,28850.4,10619
2021-06-10 09:50:13,28850.4,10619
2021-06-10 09:50:13,28850.4,10619
2021-06-10 09:50:14,28850.4,10619
2021-06-10 09:50:16,28852.55,10620
2021-06-10 09:50:18,28852.55,10620
2021-06-10 09:50:17,28852.55,10620
2021-06-10 09:50:20,28852.55,10620
2021-06-10 09:50:20,28852.55,10620
2021-06-10 09:50:21,28852.55,10620
2021-06-10 09:50:23,28852.55,10620
2021-06-10 09:50:24,28852.55,10620
2021-06-10 09:50:26,28847.0,10655
2021-06-10 09:50:27,28847.0,10655
2021-06-10 09:50:28,28852.55,10659
2021-06-10 09:50:28,28852.55,10659
2021-06-10 09:50:31,28852.55,10659
2021-06-10 09:50:33,28852.55,10659
2021-06-10 09:50:34,28852.55,10659
2021-06-10 09:50:35,28852.55,10659
2021-06-10 09:50:36,28852.55,10659
2021-06-10 09:50:37,28852.55,10659
2021-06-10 09:50:38,28852.55,10659
2021-06-10 09:50:39,28852.55,10659
2021-06-10 09:50:40,28852.55,10659
2021-06-10 09:50:41,28852.55,10659
2021-06-10 09:50:42,28852.55,10659
2021-06-10 09:50:43,28852.55,10659
2021-06-10 09:50:44,28852.55,10659
2021-06-10 09:50:46,28852.55,10659
2021-06-10 09:50:47,28852.55,10659
2021-06-10 09:50:47,28852.55,10664
2021-06-10 09:50:49,28852.55,10664
2021-06-10 09:50:50,28852.55,10664
2021-06-10 09:50:51,28867.45,10671
2021-06-10 09:50:52,28867.45,10671
2021-06-10 09:50:53,28867.45,10671
2021-06-10 09:50:56,28867.45,10671
2021-06-10 09:50:56,28867.45,10671
2021-06-10 09:50:58,28867.45,10671
2021-06-10 09:50:59,28867.45,10671
2021-06-10 09:51:00,28867.45,10671
2021-06-10 09:51:01,28867.45,10671
2021-06-10 09:51:03,28867.45,10671
2021-06-10 09:51:06,28867.45,10679
2021-06-10 09:51:07,28867.45,10679
2021-06-10 09:51:08,28867.45,10679
2021-06-10 09:51:10,28867.45,10679
2021-06-10 09:51:11,28867.45,10679
2021-06-10 09:51:12,28867.45,10679
2021-06-10 09:51:13,28867.45,10679
2021-06-10 09:51:13,28867.45,10679
2021-06-10 09:51:14,28867.45,10679
2021-06-10 09:51:15,28867.45,10679
2021-06-10 09:51:16,28867.45,10679
2021-06-10 09:51:17,28867.45,10679
2021-06-10 09:51:18,28865.0,10680
2021-06-10 09:51:19,28867.0,10681
2021-06-10 09:51:20,28867.0,10681
2021-06-10 09:51:22,28859.8,10682
2021-06-10 09:51:23,28859.8,10682
2021-06-10 09:51:24,28859.8,10687
2021-06-10 09:51:26,28859.8,10687
2021-06-10 09:51:27,28859.8,10687
2021-06-10 09:51:28,28859.8,10687
2021-06-10 09:51:29,28859.8,10687
2021-06-10 09:51:30,28859.8,10687
2021-06-10 09:51:31,28859.8,10687
2021-06-10 09:51:31,28859.8,10687
2021-06-10 09:51:33,28859.8,10687
2021-06-10 09:51:34,28850.4,10708
2021-06-10 09:51:35,28860.0,10709
2021-06-10 09:51:35,28860.0,10709
2021-06-10 09:51:36,28860.0,10709
2021-06-10 09:51:38,28841.65,10718
2021-06-10 09:51:39,28841.65,10718
2021-06-10 09:51:39,28841.65,10718
2021-06-10 09:51:41,28841.65,10718
2021-06-10 09:51:42,28863.75,10721
2021-06-10 09:51:42,28863.75,10721
2021-06-10 09:51:44,28863.75,10721
2021-06-10 09:51:45,28863.75,10721
2021-06-10 09:51:45,28863.75,10721
2021-06-10 09:51:47,28863.75,10721
2021-06-10 09:51:48,28863.75,10721
2021-06-10 09:51:50,28863.75,10721
2021-06-10 09:51:51,28863.75,10721
2021-06-10 09:51:53,28863.75,10721
2021-06-10 09:51:54,28863.75,10721
2021-06-10 09:51:54,28863.75,10721
2021-06-10 09:51:55,28863.75,10721
2021-06-10 09:51:56,28842.55,10725
2021-06-10 09:51:57,28842.55,10725
2021-06-10 09:51:58,28857.15,10728
2021-06-10 09:51:59,28857.15,10728
2021-06-10 09:52:01,28857.15,10728
2021-06-10 09:52:02,28861.75,10729
2021-06-10 09:52:03,28861.75,10729
2021-06-10 09:52:04,28861.6,10730
2021-06-10 09:52:05,28861.6,10730
2021-06-10 09:52:06,28861.6,10730
2021-06-10 09:52:06,28861.6,10730
2021-06-10 09:52:07,28861.6,10730
2021-06-10 09:52:09,28861.6,10730
2021-06-10 09:52:10,28861.6,10730
2021-06-10 09:52:11,28861.6,10730
2021-06-10 09:52:12,28861.6,10730
2021-06-10 09:52:13,28861.6,10730
2021-06-10 09:52:15,28861.6,10730
2021-06-10 09:52:16,28861.6,10730
2021-06-10 09:52:17,28861.6,10730
2021-06-10 09:52:19,28861.6,10730
2021-06-10 09:52:20,28861.6,10730
2021-06-10 09:52:21,28861.6,10730
2021-06-10 09:52:23,28861.6,10730
2021-06-10 09:52:24,28861.6,10730
2021-06-10 09:52:24,28861.6,10730
2021-06-10 09:52:26,28861.6,10730
2021-06-10 09:52:27,28861.6,10730
2021-06-10 09:52:27,28861.6,10730
2021-06-10 09:52:28,28861.6,10730
2021-06-10 09:52:29,28861.6,10730
2021-06-10 09:52:31,28861.6,10730
2021-06-10 09:52:32,28861.25,10731
2021-06-10 09:52:33,28847.5,10732
2021-06-10 09:52:34,28847.5,10732
2021-06-10 09:52:35,28847.5,10732
2021-06-10 09:52:36,28847.5,10732
2021-06-10 09:52:37,28847.5,10732
2021-06-10 09:52:37,28847.5,10732
2021-06-10 09:52:39,28847.5,10732
2021-06-10 09:52:40,28849.0,10733
2021-06-10 09:52:42,28849.0,10733
2021-06-10 09:52:43,28849.0,10733
2021-06-10 09:52:44,28849.0,10733
2021-06-10 09:52:45,28849.0,10736
2021-06-10 09:52:46,28849.0,10736
2021-06-10 09:52:47,28849.0,10736
2021-06-10 09:52:48,28849.0,10736
2021-06-10 09:52:48,28849.0,10736
2021-06-10 09:52:49,28849.0,10736
2021-06-10 09:52:50,28849.0,10736
2021-06-10 09:52:52,28849.0,10736
2021-06-10 09:52:53,28849.0,10736
2021-06-10 09:52:54,28849.0,10736
2021-06-10 09:52:55,28849.0,10736
2021-06-10 09:52:56,28849.0,10736
2021-06-10 09:52:57,28849.0,10736
2021-06-10 09:52:58,28849.0,10736
2021-06-10 09:52:59,28849.0,10736
2021-06-10 09:53:00,28849.0,10736
2021-06-10 09:53:01,28849.0,10737
2021-06-10 09:53:03,28849.0,10737
2021-06-10 09:53:04,28849.0,10737
2021-06-10 09:53:05,28849.0,10737
2021-06-10 09:53:06,28849.0,10737
2021-06-10 09:53:07,28849.0,10737
2021-06-10 09:53:08,28849.0,10737
2021-06-10 09:53:09,28849.0,10737
2021-06-10 09:53:10,28849.0,10737
2021-06-10 09:53:11,28849.0,10737
2021-06-10 09:53:12,28849.0,10737
2021-06-10 09:53:13,28849.0,10737
2021-06-10 09:53:14,28849.0,10737
2021-06-10 09:53:14,28849.0,10737
2021-06-10 09:53:15,28855.3,10746
2021-06-10 09:53:16,28855.3,10748
2021-06-10 09:53:17,28855.3,10748
2021-06-10 09:53:18,28855.3,10748
2021-06-10 09:53:19,28855.3,10748
2021-06-10 09:53:20,28855.3,10748
2021-06-10 09:53:21,28855.3,10748
2021-06-10 09:53:22,28855.3,10748
2021-06-10 09:53:23,28855.3,10748
2021-06-10 09:53:24,28855.3,10748
2021-06-10 09:53:25,28855.3,10748
2021-06-10 09:53:27,28850.0,10751
2021-06-10 09:53:28,28855.3,10755
2021-06-10 09:53:29,28855.3,10755
2021-06-10 09:53:30,28855.3,10755
2021-06-10 09:53:32,28850.0,10760
2021-06-10 09:53:33,28850.0,10760
2021-06-10 09:53:34,28850.0,10760
2021-06-10 09:53:35,28850.0,10760
2021-06-10 09:53:36,28850.0,10760
2021-06-10 09:53:38,28850.0,10760
2021-06-10 09:53:43,28850.0,10760
2021-06-10 09:53:45,28850.0,10761
2021-06-10 09:53:48,28850.0,10771
2021-06-10 09:53:50,28850.0,10771
2021-06-10 09:53:52,28850.0,10771
2021-06-10 09:53:53,28850.0,10772
2021-06-10 09:53:54,28850.0,10772
2021-06-10 09:53:55,28850.0,10772
2021-06-10 09:53:56,28850.0,10772
2021-06-10 09:53:57,28850.0,10772
2021-06-10 09:53:58,28850.05,10775
2021-06-10 09:53:59,28850.05,10775
2021-06-10 09:54:00,28850.0,10776
2021-06-10 09:54:01,28850.0,10776
2021-06-10 09:54:02,28850.0,10776
2021-06-10 09:54:03,28850.0,10776
2021-06-10 09:54:04,28850.0,10782
2021-06-10 09:54:05,28855.0,10784
2021-06-10 09:54:06,28830.0,10834
2021-06-10 09:54:07,28830.0,10834
2021-06-10 09:54:08,28830.0,10834
2021-06-10 09:54:09,28830.0,10834
2021-06-10 09:54:10,28830.0,10834
2021-06-10 09:54:11,28830.0,10834
2021-06-10 09:54:12,28855.05,10838
2021-06-10 09:54:13,28855.05,10838
2021-06-10 09:54:17,28855.05,10838
2021-06-10 09:54:18,28855.05,10838
2021-06-10 09:54:19,28855.05,10838
2021-06-10 09:54:20,28836.2,10846
2021-06-10 09:54:21,28836.2,10846
2021-06-10 09:54:22,28836.2,10846
2021-06-10 09:54:23,28836.2,10846
2021-06-10 09:54:24,28836.2,10846
2021-06-10 09:54:26,28836.2,10846
2021-06-10 09:54:27,28836.2,10846
2021-06-10 09:54:30,28836.2,10846
2021-06-10 09:54:31,28836.2,10846
2021-06-10 09:54:32,28840.9,10847
2021-06-10 09:54:33,28840.9,10847
2021-06-10 09:54:34,28855.0,10848
2021-06-10 09:54:35,28840.9,10853
2021-06-10 09:54:36,28840.9,10853
2021-06-10 09:54:37,28840.9,10853
2021-06-10 09:54:38,28840.9,10853
2021-06-10 09:54:39,28840.9,10853
2021-06-10 09:54:40,28840.9,10854
2021-06-10 09:54:41,28850.0,10857
2021-06-10 09:54:42,28850.0,10857
2021-06-10 09:54:43,28850.0,10857
2021-06-10 09:54:45,28850.0,10857
2021-06-10 09:54:46,28850.0,10857
2021-06-10 09:54:47,28850.0,10857
2021-06-10 09:54:48,28850.0,10857
2021-06-10 09:54:49,28850.0,10857
2021-06-10 09:54:50,28855.05,10864
2021-06-10 09:54:51,28855.05,10864
2021-06-10 09:54:52,28855.05,10864
2021-06-10 09:54:53,28842.65,10871
2021-06-10 09:54:54,28842.65,10871
2021-06-10 09:54:55,28842.65,10871
2021-06-10 09:54:56,28842.65,10871
2021-06-10 09:54:57,28842.65,10872
2021-06-10 09:54:58,28842.65,10874
2021-06-10 09:55:00,28842.65,10874
2021-06-10 09:55:02,28842.65,10874
2021-06-10 09:55:03,28842.65,10874
2021-06-10 09:55:04,28842.65,10874
2021-06-10 09:55:06,28842.65,10874
2021-06-10 09:55:07,28843.0,10877
2021-06-10 09:55:08,28843.0,10877
2021-06-10 09:55:09,28843.0,10877
2021-06-10 09:55:10,28843.0,10877
2021-06-10 09:55:11,28843.0,10878
2021-06-10 09:55:13,28843.0,10878
2021-06-10 09:55:14,28843.0,10878
2021-06-10 09:55:15,28843.0,10878
2021-06-10 09:55:16,28843.0,10891
2021-06-10 09:55:17,28843.0,10894
2021-06-10 09:55:18,28843.0,10894
2021-06-10 09:55:19,28843.0,10894
2021-06-10 09:55:20,28843.0,10894
2021-06-10 09:55:21,28843.0,10894
2021-06-10 09:55:25,28857.1,10908
2021-06-10 09:55:26,28857.1,10908
2021-06-10 09:55:27,28857.1,10908
2021-06-10 09:55:28,28835.05,10928
2021-06-10 09:55:30,28835.05,10928
2021-06-10 09:55:31,28835.05,10928
2021-06-10 09:55:32,28857.2,10932
2021-06-10 09:55:33,28857.2,10932
2021-06-10 09:55:35,28857.2,10932
2021-06-10 09:55:36,28857.2,10932
2021-06-10 09:55:37,28857.2,10932
2021-06-10 09:55:38,28857.2,10932
2021-06-10 09:55:40,28857.2,10932
2021-06-10 09:55:41,28857.2,10932
2021-06-10 09:55:42,28857.2,10932
2021-06-10 09:55:44,28858.7,10933
2021-06-10 09:55:45,28858.7,10933
2021-06-10 09:55:46,28858.7,10933
2021-06-10 09:55:47,28858.7,10933
2021-06-10 09:55:48,28858.7,10933
2021-06-10 09:55:49,28858.7,10933
2021-06-10 09:55:52,28858.7,10933
2021-06-10 09:55:53,28858.7,10933
2021-06-10 09:55:54,28858.7,10933
2021-06-10 09:55:55,28858.7,10933
2021-06-10 09:55:57,28858.7,10933
2021-06-10 09:55:59,28858.7,10933
2021-06-10 09:56:00,28858.7,10933
2021-06-10 09:56:02,28842.5,10934
2021-06-10 09:56:03,28842.5,10934
2021-06-10 09:56:05,28842.5,10934
2021-06-10 09:56:05,28842.5,10934
2021-06-10 09:56:06,28842.5,10934
2021-06-10 09:56:07,28842.5,10934
2021-06-10 09:56:08,28842.5,10934
2021-06-10 09:56:14,28842.5,10937
2021-06-10 09:56:15,28842.5,10937
2021-06-10 09:56:16,28842.5,10937
2021-06-10 09:56:17,28842.5,10937
2021-06-10 09:56:19,28842.5,10937
2021-06-10 09:56:20,28842.5,10937
2021-06-10 09:56:22,28842.5,10937
2021-06-10 09:56:22,28842.5,10937
2021-06-10 09:56:23,28842.5,10937
2021-06-10 09:56:24,28842.5,10937
2021-06-10 09:56:25,28842.5,10937
2021-06-10 09:56:28,28842.5,10937
2021-06-10 09:56:29,28842.5,10937
2021-06-10 09:56:30,28842.5,10937
2021-06-10 09:56:32,28843.0,10938
2021-06-10 09:56:33,28843.0,10938
2021-06-10 09:56:34,28843.0,10938
2021-06-10 09:56:36,28843.0,10938
2021-06-10 09:56:36,28843.0,10938
2021-06-10 09:56:37,28843.0,10938
2021-06-10 09:56:43,28843.0,10938
2021-06-10 09:56:45,28843.0,10938
2021-06-10 09:56:48,28843.0,10939
2021-06-10 09:56:49,28843.0,10942
2021-06-10 09:56:51,28843.0,10942
2021-06-10 09:56:54,28850.0,10943
2021-06-10 09:56:55,28850.0,10943
2021-06-10 09:56:58,28850.0,10943
2021-06-10 09:56:59,28850.0,10943
2021-06-10 09:57:02,28850.0,10943
2021-06-10 09:57:03,28850.0,10943
2021-06-10 09:57:04,28850.0,10943
2021-06-10 09:57:05,28850.0,10943
2021-06-10 09:57:06,28850.0,10943
2021-06-10 09:57:07,28850.0,10943
2021-06-10 09:57:08,28850.0,10943
2021-06-10 09:57:09,28850.0,10943
2021-06-10 09:57:10,28850.0,10943
2021-06-10 09:57:11,28850.0,10943
2021-06-10 09:57:12,28846.5,10944
2021-06-10 09:57:12,28850.0,10943
2021-06-10 09:57:13,28850.0,10945
2021-06-10 09:57:16,28850.0,10945
2021-06-10 09:57:17,28846.5,10949
2021-06-10 09:57:19,28846.5,10949
2021-06-10 09:57:21,28846.5,10949
2021-06-10 09:57:22,28861.0,11005
2021-06-10 09:57:23,28863.0,11009
2021-06-10 09:57:24,28863.0,11009
2021-06-10 09:57:25,28863.0,11009
2021-06-10 09:57:26,28863.0,11009
2021-06-10 09:57:27,28863.0,11009
2021-06-10 09:57:28,28863.0,11009
2021-06-10 09:57:30,28855.0,11011
2021-06-10 09:57:31,28855.0,11011
2021-06-10 09:57:32,28855.0,11011
2021-06-10 09:57:33,28855.0,11011
2021-06-10 09:57:35,28855.0,11011
2021-06-10 09:57:36,28855.0,11012
2021-06-10 09:57:36,28855.0,11012
2021-06-10 09:57:38,28855.0,11012
2021-06-10 09:57:39,28855.0,11012
2021-06-10 09:57:39,28855.0,11012
2021-06-10 09:57:40,28855.0,11012
2021-06-10 09:57:41,28855.0,11012
2021-06-10 09:57:43,28863.0,11016
2021-06-10 09:57:45,28863.0,11016
2021-06-10 09:57:45,28863.0,11016
2021-06-10 09:57:49,28863.0,11016
2021-06-10 09:57:50,28863.0,11016
2021-06-10 09:57:52,28863.0,11016
2021-06-10 09:57:53,28863.0,11016
2021-06-10 09:57:57,28869.0,11048
2021-06-10 09:58:02,28870.0,11070
2021-06-10 09:58:06,28870.0,11070
2021-06-10 09:58:10,28870.0,11074
2021-06-10 09:58:15,28883.9,11104
2021-06-10 09:58:20,28883.9,11107
2021-06-10 09:58:25,28890.0,11127
2021-06-10 09:58:29,28890.0,11127
2021-06-10 09:58:33,28890.0,11245
2021-06-10 09:58:37,28900.0,11268
2021-06-10 09:58:41,28900.0,11271
2021-06-10 09:58:45,28900.0,11271
2021-06-10 09:58:49,28900.0,11277
2021-06-10 09:58:53,28900.0,11279
2021-06-10 09:58:57,28897.5,11282
2021-06-10 09:59:01,28886.4,11341
2021-06-10 09:59:05,28886.4,11341
2021-06-10 09:59:09,28886.4,11341
2021-06-10 09:59:13,28886.4,11341
2021-06-10 09:59:17,28885.2,11342
2021-06-10 09:59:21,28885.2,11351
2021-06-10 09:59:25,28886.0,11354
2021-06-10 09:59:30,28887.1,11361
2021-06-10 09:59:34,28887.2,11371
2021-06-10 09:59:39,28885.0,11377
2021-06-10 09:59:43,28875.2,11379
2021-06-10 09:59:48,28875.2,11387
2021-06-10 09:59:52,28875.2,11387
2021-06-10 09:59:56,28875.2,11387
2021-06-10 09:59:59,28875.2,11387
2021-06-10 10:00:04,28875.2,11387
2021-06-10 10:00:08,28875.2,11387
2021-06-10 10:00:11,28875.2,11387
2021-06-10 10:00:15,28875.2,11388
2021-06-10 10:00:19,28875.2,11388
2021-06-10 10:00:24,28875.2,11388
2021-06-10 10:00:28,28875.2,11388
2021-06-10 10:00:32,28875.2,11388
2021-06-10 10:00:36,28875.2,11388
2021-06-10 10:00:41,28875.2,11388
2021-06-10 10:00:45,28875.2,11394
2021-06-10 10:00:50,28884.0,11396
2021-06-10 10:00:54,28884.0,11396
2021-06-10 10:00:58,28876.1,11400
2021-06-10 10:01:02,28876.1,11400
2021-06-10 10:01:06,28876.0,11410
2021-06-10 10:01:10,28876.0,11411
2021-06-10 10:01:15,28876.0,11411
2021-06-10 10:01:20,28883.15,11412
2021-06-10 10:01:24,28876.0,11438
2021-06-10 10:01:28,28876.0,11441
2021-06-10 10:01:33,28876.0,11441
2021-06-10 10:01:37,28876.0,11442
2021-06-10 10:01:41,28876.0,11442
2021-06-10 10:01:45,28876.0,11442
2021-06-10 10:01:49,28875.2,11469
2021-06-10 10:01:53,28875.2,11469
2021-06-10 10:01:57,28875.2,11513
2021-06-10 10:02:02,28875.0,11528
2021-06-10 10:02:07,28865.0,11547
2021-06-10 10:02:11,28865.0,11547
2021-06-10 10:02:16,28865.0,11547
2021-06-10 10:02:26,28875.2,11553
2021-06-10 10:02:30,28875.2,11553
2021-06-10 10:02:35,28875.2,11553
2021-06-10 10:02:39,28875.0,11564
2021-06-10 10:02:43,28874.95,11568
2021-06-10 10:02:48,28876.0,11573
2021-06-10 10:02:52,28876.0,11578
2021-06-10 10:02:53,28876.0,11578
2021-06-10 10:02:54,28876.0,11578
2021-06-10 10:02:56,28876.0,11578
2021-06-10 10:02:57,28876.0,11578
2021-06-10 10:02:59,28876.0,11578
2021-06-10 10:03:00,28876.0,11578
2021-06-10 10:03:00,28876.0,11578
2021-06-10 10:03:01,28876.0,11578
2021-06-10 10:03:03,28876.0,11578
2021-06-10 10:03:04,28876.0,11578
2021-06-10 10:03:05,28876.0,11578
2021-06-10 10:03:06,28876.0,11578
2021-06-10 10:03:07,28876.0,11578
2021-06-10 10:03:08,28876.0,11578
2021-06-10 10:03:09,28876.0,11578
2021-06-10 10:03:11,28876.0,11578
2021-06-10 10:03:12,28876.0,11578
2021-06-10 10:03:13,28875.2,11579
2021-06-10 10:03:14,28875.2,11579
2021-06-10 10:03:14,28876.0,11581
2021-06-10 10:03:16,28880.0,11591
2021-06-10 10:03:17,28877.45,11593
2021-06-10 10:03:18,28877.45,11593
2021-06-10 10:03:19,28877.45,11593
2021-06-10 10:03:20,28885.0,11594
2021-06-10 10:03:21,28885.0,11594
2021-06-10 10:03:21,28885.0,11594
2021-06-10 10:03:23,28885.0,11594
2021-06-10 10:03:24,28885.0,11594
2021-06-10 10:03:24,28885.0,11594
2021-06-10 10:03:25,28885.0,11594
2021-06-10 10:03:26,28885.0,11594
2021-06-10 10:03:27,28885.0,11594
2021-06-10 10:03:28,28885.0,11594
2021-06-10 10:03:29,28885.0,11594
2021-06-10 10:03:30,28885.0,11594
2021-06-10 10:03:33,28885.0,11594
2021-06-10 10:03:34,28884.0,11606
2021-06-10 10:03:35,28884.0,11606
2021-06-10 10:03:37,28884.0,11606
2021-06-10 10:03:38,28884.0,11606
2021-06-10 10:03:39,28884.0,11606
2021-06-10 10:03:40,28884.0,11606
2021-06-10 10:03:41,28884.0,11606
2021-06-10 10:03:43,28884.0,11606
2021-06-10 10:03:43,28884.0,11606
2021-06-10 10:03:49,28884.0,11606
2021-06-10 10:03:50,28885.0,11607
2021-06-10 10:03:52,28885.0,11607
2021-06-10 10:03:54,28885.0,11608
2021-06-10 10:03:55,28885.0,11608
2021-06-10 10:03:57,28885.0,11608
2021-06-10 10:03:58,28885.0,11608
2021-06-10 10:03:59,28885.0,11608
2021-06-10 10:04:01,28880.0,11610
2021-06-10 10:04:01,28880.0,11610
2021-06-10 10:04:02,28875.7,11625
2021-06-10 10:04:04,28875.7,11625
2021-06-10 10:04:05,28875.7,11625
2021-06-10 10:04:08,28875.7,11625
2021-06-10 10:04:09,28875.7,11625
2021-06-10 10:04:14,28875.7,11625
2021-06-10 10:04:15,28875.7,11625
2021-06-10 10:04:19,28875.7,11625
2021-06-10 10:04:20,28875.7,11625
2021-06-10 10:04:22,28875.7,11625
2021-06-10 10:04:24,28875.7,11625
2021-06-10 10:04:25,28875.7,11625
2021-06-10 10:04:28,28875.7,11625
2021-06-10 10:04:28,28875.7,11625
2021-06-10 10:04:29,28875.7,11632
2021-06-10 10:04:34,28875.7,11632
2021-06-10 10:04:35,28875.7,11632
2021-06-10 10:04:37,28875.7,11632
2021-06-10 10:04:38,28875.7,11632
2021-06-10 10:04:41,28875.7,11632
2021-06-10 10:04:46,28875.7,11632
2021-06-10 10:04:47,28875.7,11632
2021-06-10 10:04:48,28875.7,11632
2021-06-10 10:04:49,28875.7,11632
2021-06-10 10:04:50,28875.7,11632
2021-06-10 10:04:51,28875.7,11632
2021-06-10 10:04:53,28884.85,11635
2021-06-10 10:04:54,28875.7,11637
2021-06-10 10:04:56,28875.7,11637
2021-06-10 10:05:01,28875.7,11637
2021-06-10 10:05:03,28875.7,11637
2021-06-10 10:05:05,28870.1,11662
2021-06-10 10:05:06,28870.1,11662
2021-06-10 10:05:07,28870.1,11662
2021-06-10 10:05:08,28870.1,11662
2021-06-10 10:05:10,28870.1,11662
2021-06-10 10:05:11,28870.1,11662
2021-06-10 10:05:12,28870.1,11662
2021-06-10 10:05:15,28870.1,11662
2021-06-10 10:05:16,28865.0,11665
2021-06-10 10:05:17,28865.0,11666
2021-06-10 10:05:18,28865.0,11668
2021-06-10 10:05:19,28865.0,11668
2021-06-10 10:05:20,28872.3,11677
2021-06-10 10:05:21,28872.3,11677
2021-06-10 10:05:22,28872.3,11677
2021-06-10 10:05:23,28872.3,11677
2021-06-10 10:05:24,28858.55,11678
2021-06-10 10:05:25,28858.55,11678
2021-06-10 10:05:26,28858.55,11678
2021-06-10 10:05:28,28858.55,11678
2021-06-10 10:05:30,28853.75,11688
2021-06-10 10:05:31,28870.0,11689
2021-06-10 10:05:32,28870.0,11689
2021-06-10 10:05:33,28870.0,11689
2021-06-10 10:05:34,28870.0,11689
2021-06-10 10:05:35,28870.0,11689
2021-06-10 10:05:36,28870.0,11689
2021-06-10 10:05:37,28870.0,11691
2021-06-10 10:05:38,28870.0,11691
2021-06-10 10:05:40,28857.55,11696
2021-06-10 10:05:39,28857.55,11696
2021-06-10 10:05:41,28857.55,11696
2021-06-10 10:05:42,28857.55,11696
2021-06-10 10:05:43,28857.55,11696
2021-06-10 10:05:44,28857.55,11699
2021-06-10 10:05:45,28857.55,11699
2021-06-10 10:05:46,28857.55,11699
2021-06-10 10:05:47,28857.55,11699
2021-06-10 10:05:48,28857.55,11699
2021-06-10 10:05:50,28857.55,11699
2021-06-10 10:05:51,28857.55,11699
2021-06-10 10:05:53,28857.55,11699
2021-06-10 10:05:54,28857.55,11699
2021-06-10 10:05:55,28857.55,11699
2021-06-10 10:05:56,28857.55,11699
2021-06-10 10:05:57,28857.55,11699
2021-06-10 10:05:59,28857.55,11699
2021-06-10 10:06:00,28857.55,11699
2021-06-10 10:06:01,28857.55,11699
2021-06-10 10:06:02,28857.55,11699
2021-06-10 10:06:05,28857.55,11699
2021-06-10 10:06:06,28858.8,11700
2021-06-10 10:06:08,28858.8,11700
2021-06-10 10:06:12,28858.8,11700
2021-06-10 10:06:14,28858.8,11700
2021-06-10 10:06:15,28858.8,11700
2021-06-10 10:06:16,28858.8,11700
2021-06-10 10:06:17,28858.8,11700
2021-06-10 10:06:18,28858.8,11700
2021-06-10 10:06:20,28858.8,11700
2021-06-10 10:06:21,28858.9,11702
2021-06-10 10:06:22,28858.9,11702
2021-06-10 10:06:23,28858.9,11702
2021-06-10 10:06:24,28858.9,11702
2021-06-10 10:06:29,28858.9,11702
2021-06-10 10:06:30,28858.9,11702
2021-06-10 10:06:31,28858.9,11702
2021-06-10 10:06:32,28858.9,11702
2021-06-10 10:06:33,28858.9,11702
2021-06-10 10:06:34,28858.9,11702
2021-06-10 10:06:36,28858.9,11702
2021-06-10 10:06:37,28858.9,11702
2021-06-10 10:06:38,28858.95,11703
2021-06-10 10:06:39,28858.95,11704
2021-06-10 10:06:40,28858.95,11704
2021-06-10 10:06:41,28858.95,11704
2021-06-10 10:06:42,28858.95,11704
2021-06-10 10:06:44,28858.95,11704
2021-06-10 10:06:45,28859.0,11719
2021-06-10 10:06:45,28859.0,11719
2021-06-10 10:06:46,28875.7,11732
2021-06-10 10:06:48,28875.7,11732
2021-06-10 10:06:48,28875.7,11732
2021-06-10 10:06:50,28875.7,11732
2021-06-10 10:06:51,28875.7,11732
2021-06-10 10:06:52,28875.7,11732
2021-06-10 10:06:53,28875.7,11732
2021-06-10 10:06:55,28875.7,11732
2021-06-10 10:06:56,28875.7,11732
2021-06-10 10:06:58,28875.7,11732
2021-06-10 10:06:59,28875.7,11732
2021-06-10 10:07:00,28875.7,11732
2021-06-10 10:07:03,28875.7,11732
2021-06-10 10:07:04,28870.0,11735
2021-06-10 10:07:06,28870.0,11735
2021-06-10 10:07:07,28870.0,11735
2021-06-10 10:07:09,28870.0,11735
2021-06-10 10:07:10,28870.0,11735
2021-06-10 10:07:11,28870.0,11735
2021-06-10 10:07:15,28870.0,11735
2021-06-10 10:07:16,28870.0,11735
2021-06-10 10:07:17,28870.0,11735
2021-06-10 10:07:19,28870.0,11735
2021-06-10 10:07:19,28870.0,11735
2021-06-10 10:07:20,28870.0,11735
2021-06-10 10:07:21,28870.0,11735
2021-06-10 10:07:22,28870.0,11735
2021-06-10 10:07:23,28870.0,11735
2021-06-10 10:07:25,28870.0,11735
2021-06-10 10:07:27,28870.0,11735
2021-06-10 10:07:29,28870.0,11735
2021-06-10 10:07:29,28870.0,11735
2021-06-10 10:07:30,28870.0,11735
2021-06-10 10:07:35,28872.3,11737
2021-06-10 10:07:35,28870.0,11735
2021-06-10 10:07:37,28872.3,11737
2021-06-10 10:07:39,28872.3,11737
2021-06-10 10:07:40,28872.3,11737
2021-06-10 10:07:41,28872.3,11737
2021-06-10 10:07:43,28872.3,11737
2021-06-10 10:07:44,28872.3,11737
2021-06-10 10:07:45,28872.3,11737
2021-06-10 10:07:46,28872.3,11737
2021-06-10 10:07:49,28872.3,11739
2021-06-10 10:07:50,28872.3,11739
2021-06-10 10:07:51,28872.3,11739
2021-06-10 10:07:52,28870.0,11769
2021-06-10 10:07:55,28870.0,11769
2021-06-10 10:07:59,28870.0,11769
2021-06-10 10:08:03,28870.0,11769
2021-06-10 10:08:08,28867.55,11770
2021-06-10 10:08:12,28867.55,11770
2021-06-10 10:08:17,28867.55,11770
2021-06-10 10:08:22,28844.8,11822
2021-06-10 10:08:26,28845.1,11843
2021-06-10 10:08:31,28842.4,11846
2021-06-10 10:08:35,28835.0,11857
2021-06-10 10:08:39,28830.0,11858
2021-06-10 10:08:44,28857.5,11888
2021-06-10 10:08:49,28868.25,11889
2021-06-10 10:08:54,28868.25,11889
2021-06-10 10:08:58,28869.0,11898
2021-06-10 10:09:02,28869.0,11898
2021-06-10 10:09:06,28851.3,11911
2021-06-10 10:09:10,28851.3,11911
2021-06-10 10:09:14,28851.3,11911
2021-06-10 10:09:19,28851.3,11911
2021-06-10 10:09:23,28851.3,11911
2021-06-10 10:09:27,28860.0,11912
2021-06-10 10:09:31,28875.0,11934
2021-06-10 10:09:34,28875.0,11947
2021-06-10 10:09:38,28875.0,11960
2021-06-10 10:09:42,28875.0,11969
2021-06-10 10:09:47,28878.0,11970
2021-06-10 10:09:51,28878.0,11970
2021-06-10 10:09:55,28834.3,12046
2021-06-10 10:09:59,28846.1,12074
2021-06-10 10:10:03,28846.05,12081
2021-06-10 10:10:08,28853.05,12085
2021-06-10 10:10:12,28857.2,12094
2021-06-10 10:10:16,28857.2,12094
2021-06-10 10:10:20,28857.0,12095
2021-06-10 10:10:24,28857.0,12098
2021-06-10 10:10:29,28847.5,12099
2021-06-10 10:10:33,28847.5,12099
2021-06-10 10:10:38,28837.1,12135
2021-06-10 10:10:45,28857.0,12137
2021-06-10 10:10:50,28860.0,12138
2021-06-10 10:10:54,28860.0,12138
2021-06-10 10:10:58,28860.0,12138
2021-06-10 10:11:02,28860.0,12138
2021-06-10 10:11:06,28841.4,12163
2021-06-10 10:11:10,28850.9,12201
2021-06-10 10:11:14,28857.0,12202
2021-06-10 10:11:18,28857.5,12205
2021-06-10 10:11:22,28857.5,12205
2021-06-10 10:11:26,28857.5,12205
2021-06-10 10:11:30,28857.5,12205
2021-06-10 10:11:34,28857.5,12205
2021-06-10 10:11:38,28857.5,12205
2021-06-10 10:11:42,28857.5,12205
2021-06-10 10:11:46,28857.5,12205
2021-06-10 10:11:50,28857.5,12205
2021-06-10 10:11:54,28857.5,12205
2021-06-10 10:11:58,28852.0,12233
2021-06-10 10:12:03,28852.0,12233
2021-06-10 10:12:07,28852.0,12233
2021-06-10 10:12:12,28828.15,12320
2021-06-10 10:12:16,28842.35,12328
2021-06-10 10:12:20,28852.1,12331
2021-06-10 10:12:25,28855.0,12336
2021-06-10 10:12:29,28854.65,12340
2021-06-10 10:12:32,28842.55,12342
2021-06-10 10:12:36,28842.55,12342
2021-06-10 10:12:40,28842.55,12342
2021-06-10 10:12:44,28855.0,12343
2021-06-10 10:12:48,28842.5,12348
2021-06-10 10:12:52,28842.5,12348
2021-06-10 10:12:53,28842.5,12348
2021-06-10 10:12:54,28842.5,12348
2021-06-10 10:12:55,28842.5,12348
2021-06-10 10:12:56,28842.5,12348
2021-06-10 10:12:57,28842.5,12348
2021-06-10 10:13:01,28842.5,12349
2021-06-10 10:13:03,28842.5,12349
2021-06-10 10:13:04,28842.5,12359
2021-06-10 10:13:05,28842.5,12359
2021-06-10 10:13:08,28842.4,12369
2021-06-10 10:13:09,28842.4,12369
2021-06-10 10:13:09,28842.4,12369
2021-06-10 10:13:10,28842.4,12369
2021-06-10 10:13:12,28842.4,12369
2021-06-10 10:13:13,28842.4,12369
2021-06-10 10:13:14,28842.4,12369
2021-06-10 10:13:14,28842.4,12369
2021-06-10 10:13:16,28842.4,12369
2021-06-10 10:13:17,28842.4,12369
2021-06-10 10:13:17,28842.4,12370
2021-06-10 10:13:18,28842.4,12370
2021-06-10 10:13:20,28857.0,12435
2021-06-10 10:13:22,28857.0,12435
2021-06-10 10:13:22,28857.0,12435
2021-06-10 10:13:23,28857.0,12435
2021-06-10 10:13:24,28857.0,12435
2021-06-10 10:13:25,28857.0,12435
2021-06-10 10:13:26,28857.0,12435
2021-06-10 10:13:27,28857.0,12435
2021-06-10 10:13:29,28857.0,12435
2021-06-10 10:13:29,28857.0,12435
2021-06-10 10:13:30,28857.0,12435
2021-06-10 10:13:31,28857.0,12435
2021-06-10 10:13:32,28857.0,12435
2021-06-10 10:13:34,28857.0,12435
2021-06-10 10:13:35,28857.0,12435
2021-06-10 10:13:36,28857.0,12435
2021-06-10 10:13:37,28857.0,12435
2021-06-10 10:13:38,28850.55,12437
2021-06-10 10:13:38,28850.55,12437
2021-06-10 10:13:39,28850.55,12437
2021-06-10 10:13:43,28850.55,12437
2021-06-10 10:13:44,28850.55,12437
2021-06-10 10:13:44,28850.55,12437
2021-06-10 10:13:47,28850.55,12437
2021-06-10 10:13:49,28850.55,12437
2021-06-10 10:13:49,28850.55,12437
2021-06-10 10:13:50,28850.55,12437
2021-06-10 10:13:51,28860.0,12444
2021-06-10 10:13:52,28860.0,12444
2021-06-10 10:13:53,28860.0,12444
2021-06-10 10:13:54,28860.0,12444
2021-06-10 10:13:55,28860.0,12444
2021-06-10 10:13:56,28860.0,12444
2021-06-10 10:13:58,28860.0,12444
2021-06-10 10:14:00,28860.0,12444
2021-06-10 10:14:01,28860.0,12444
2021-06-10 10:14:02,28860.0,12444
2021-06-10 10:14:03,28860.0,12444
2021-06-10 10:14:04,28850.05,12449
2021-06-10 10:14:08,28850.05,12449
2021-06-10 10:14:09,28850.05,12449
2021-06-10 10:14:11,28850.05,12449
2021-06-10 10:14:12,28850.05,12449
2021-06-10 10:14:13,28850.05,12449
2021-06-10 10:14:14,28850.05,12449
2021-06-10 10:14:15,28850.05,12449
2021-06-10 10:14:16,28850.05,12449
2021-06-10 10:14:17,28850.05,12449
2021-06-10 10:14:18,28850.05,12449
2021-06-10 10:14:19,28850.05,12449
2021-06-10 10:14:20,28860.0,12451
2021-06-10 10:14:21,28850.05,12460
2021-06-10 10:14:22,28850.0,12461
2021-06-10 10:14:24,28850.0,12461
2021-06-10 10:14:25,28850.05,12471
2021-06-10 10:14:27,28850.05,12471
2021-06-10 10:14:28,28860.0,12490
2021-06-10 10:14:29,28860.0,12490
2021-06-10 10:14:30,28870.0,12496
2021-06-10 10:14:31,28870.0,12496
2021-06-10 10:14:33,28870.0,12496
2021-06-10 10:14:34,28870.0,12496
2021-06-10 10:14:35,28870.0,12496
2021-06-10 10:14:36,28870.0,12496
2021-06-10 10:14:37,28870.0,12496
2021-06-10 10:14:38,28862.5,12497
2021-06-10 10:14:39,28860.2,12502
2021-06-10 10:14:40,28860.2,12502
2021-06-10 10:14:41,28860.2,12502
2021-06-10 10:14:41,28860.2,12502
2021-06-10 10:14:42,28860.2,12502
2021-06-10 10:14:43,28862.5,12507
2021-06-10 10:14:45,28862.5,12507
2021-06-10 10:14:47,28862.5,12507
2021-06-10 10:14:48,28862.5,12507
2021-06-10 10:14:49,28862.5,12507
2021-06-10 10:14:51,28860.1,12511
2021-06-10 10:14:52,28860.1,12512
2021-06-10 10:14:52,28860.1,12512
2021-06-10 10:14:53,28860.1,12512
2021-06-10 10:14:54,28860.1,12512
2021-06-10 10:14:55,28860.1,12512
2021-06-10 10:14:57,28860.1,12512
2021-06-10 10:14:58,28860.1,12512
2021-06-10 10:14:59,28860.1,12513
2021-06-10 10:15:00,28860.1,12513
2021-06-10 10:15:01,28860.1,12513
2021-06-10 10:15:02,28860.1,12513
2021-06-10 10:15:03,28860.1,12513
2021-06-10 10:15:04,28860.1,12513
2021-06-10 10:15:08,28860.1,12513
2021-06-10 10:15:11,28860.1,12513
2021-06-10 10:15:12,28860.1,12513
2021-06-10 10:15:13,28860.1,12513
2021-06-10 10:15:14,28860.1,12513
2021-06-10 10:15:15,28860.1,12513
2021-06-10 10:15:16,28860.1,12513
2021-06-10 10:15:18,28860.1,12513
2021-06-10 10:15:20,28860.1,12514
2021-06-10 10:15:21,28860.1,12514
2021-06-10 10:15:22,28860.1,12514
2021-06-10 10:15:23,28860.1,12514
2021-06-10 10:15:27,28860.1,12514
2021-06-10 10:15:28,28860.1,12514
2021-06-10 10:15:29,28860.1,12514
2021-06-10 10:15:32,28860.1,12514
2021-06-10 10:15:33,28860.1,12514
2021-06-10 10:15:34,28860.1,12514
2021-06-10 10:15:35,28860.1,12514
2021-06-10 10:15:36,28860.1,12514
2021-06-10 10:15:38,28870.0,12515
2021-06-10 10:15:37,28860.1,12514
2021-06-10 10:15:39,28870.0,12515
2021-06-10 10:15:40,28870.0,12515
2021-06-10 10:15:41,28860.0,12525
2021-06-10 10:15:42,28860.0,12525
2021-06-10 10:15:43,28860.0,12525
2021-06-10 10:15:44,28860.0,12525
2021-06-10 10:15:45,28860.0,12525
2021-06-10 10:15:48,28860.0,12525
2021-06-10 10:15:50,28860.0,12525
2021-06-10 10:15:51,28860.0,12525
2021-06-10 10:15:56,28860.0,12525
2021-06-10 10:15:58,28860.0,12525
2021-06-10 10:16:01,28861.2,12526
2021-06-10 10:16:03,28861.2,12526
2021-06-10 10:16:06,28861.2,12526
2021-06-10 10:16:09,28861.2,12526
2021-06-10 10:16:10,28861.2,12526
2021-06-10 10:16:11,28869.1,12527
2021-06-10 10:16:16,28869.1,12527
2021-06-10 10:16:21,28869.1,12527
2021-06-10 10:16:22,28869.1,12527
2021-06-10 10:16:23,28869.1,12527
2021-06-10 10:16:25,28869.1,12527
2021-06-10 10:16:27,28869.1,12527
2021-06-10 10:16:28,28869.1,12527
2021-06-10 10:16:30,28869.1,12527
2021-06-10 10:16:32,28869.1,12527
2021-06-10 10:16:33,28869.1,12527
2021-06-10 10:16:34,28869.1,12527
2021-06-10 10:16:35,28869.1,12527
2021-06-10 10:16:37,28869.1,12527
2021-06-10 10:16:36,28869.1,12527
2021-06-10 10:16:38,28861.2,12528
2021-06-10 10:16:41,28861.2,12528
2021-06-10 10:16:42,28861.2,12528
2021-06-10 10:16:43,28861.2,12528
2021-06-10 10:16:45,28861.2,12528
2021-06-10 10:16:46,28861.2,12528
2021-06-10 10:16:47,28861.2,12528
2021-06-10 10:16:48,28861.2,12528
2021-06-10 10:16:49,28861.2,12528
2021-06-10 10:16:50,28861.2,12528
2021-06-10 10:16:51,28861.2,12528
2021-06-10 10:16:53,28861.2,12528
2021-06-10 10:16:54,28861.2,12528
2021-06-10 10:16:55,28861.2,12528
2021-06-10 10:16:57,28861.2,12528
2021-06-10 10:16:59,28861.2,12528
2021-06-10 10:17:00,28861.2,12528
2021-06-10 10:17:01,28861.2,12528
2021-06-10 10:17:02,28861.2,12528
2021-06-10 10:17:04,28861.2,12528
2021-06-10 10:17:05,28861.2,12528
2021-06-10 10:17:09,28861.2,12528
2021-06-10 10:17:10,28861.2,12528
2021-06-10 10:17:11,28861.2,12528
2021-06-10 10:17:12,28861.2,12528
2021-06-10 10:17:13,28861.2,12528
2021-06-10 10:17:14,28861.2,12528
2021-06-10 10:17:15,28861.25,12529
2021-06-10 10:17:17,28861.25,12529
2021-06-10 10:17:18,28861.25,12529
2021-06-10 10:17:19,28861.25,12529
2021-06-10 10:17:21,28861.25,12529
2021-06-10 10:17:22,28861.25,12529
2021-06-10 10:17:23,28861.25,12529
2021-06-10 10:17:24,28861.25,12529
2021-06-10 10:17:26,28861.25,12529
2021-06-10 10:17:26,28861.25,12529
2021-06-10 10:17:27,28861.25,12529
2021-06-10 10:17:28,28861.25,12529
2021-06-10 10:17:29,28861.25,12529
2021-06-10 10:17:30,28861.25,12529
2021-06-10 10:17:31,28861.25,12529
2021-06-10 10:17:33,28861.25,12529
2021-06-10 10:17:34,28861.25,12529
2021-06-10 10:17:34,28870.0,12543
2021-06-10 10:17:35,28870.0,12543
2021-06-10 10:17:38,28870.0,12543
2021-06-10 10:17:38,28870.0,12543
2021-06-10 10:17:39,28870.0,12543
2021-06-10 10:17:42,28870.0,12543
2021-06-10 10:17:43,28870.0,12543
2021-06-10 10:17:44,28875.0,12544
2021-06-10 10:17:45,28875.0,12544
2021-06-10 10:17:46,28880.0,12556
2021-06-10 10:17:47,28884.9,12557
2021-06-10 10:17:48,28884.9,12557
2021-06-10 10:17:49,28884.9,12557
2021-06-10 10:17:50,28884.9,12557
2021-06-10 10:17:51,28885.0,12558
2021-06-10 10:17:52,28885.0,12558
2021-06-10 10:17:53,28885.0,12558
2021-06-10 10:17:55,28885.0,12558
2021-06-10 10:17:58,28885.0,12558
2021-06-10 10:18:02,28886.0,12569
2021-06-10 10:18:09,28886.0,12569
2021-06-10 10:18:13,28886.0,12569
2021-06-10 10:18:17,28886.0,12569
2021-06-10 10:18:20,28886.0,12569
2021-06-10 10:18:24,28886.0,12570
2021-06-10 10:18:28,28886.0,12570
2021-06-10 10:18:32,28885.85,12598
2021-06-10 10:18:35,28885.0,12599
2021-06-10 10:18:39,28885.0,12599
2021-06-10 10:18:42,28873.95,12609
2021-06-10 10:18:46,28870.0,12610
2021-06-10 10:18:49,28870.0,12610
2021-06-10 10:18:53,28870.0,12610
2021-06-10 10:18:57,28870.0,12610
2021-06-10 10:19:00,28870.0,12610
2021-06-10 10:19:04,28861.2,12635
2021-06-10 10:19:08,28861.2,12635
2021-06-10 10:19:12,28861.2,12635
2021-06-10 10:19:15,28861.2,12635
2021-06-10 10:19:19,28861.2,12635
2021-06-10 10:19:23,28861.2,12635
2021-06-10 10:19:26,28861.2,12635
2021-06-10 10:19:30,28861.2,12635
2021-06-10 10:19:33,28861.2,12635
2021-06-10 10:19:38,28861.2,12635
2021-06-10 10:19:42,28861.2,12635
2021-06-10 10:19:45,28861.2,12635
2021-06-10 10:19:49,28887.2,12671
2021-06-10 10:19:53,28887.2,12671
2021-06-10 10:19:57,28887.2,12671
2021-06-10 10:20:01,28865.5,12673
2021-06-10 10:20:05,28865.5,12673
2021-06-10 10:20:09,28865.5,12677
2021-06-10 10:20:13,28870.0,12678
2021-06-10 10:20:17,28875.85,12680
2021-06-10 10:20:20,28865.4,12693
2021-06-10 10:20:24,28865.4,12693
2021-06-10 10:20:28,28862.25,12708
2021-06-10 10:20:32,28879.85,12712
2021-06-10 10:20:36,28865.0,12782
2021-06-10 10:20:39,28865.0,12782
2021-06-10 10:20:42,28865.0,12782
2021-06-10 10:20:46,28865.0,12782
2021-06-10 10:20:49,28885.6,12797
2021-06-10 10:20:53,28865.1,12798
2021-06-10 10:21:01,28865.1,12799
2021-06-10 10:21:05,28865.0,12824
2021-06-10 10:21:09,28882.0,12832
2021-06-10 10:21:13,28882.0,12832
2021-06-10 10:21:17,28882.0,12832
2021-06-10 10:21:20,28882.0,12832
2021-06-10 10:21:24,28882.0,12832
2021-06-10 10:21:27,28882.0,12832
2021-06-10 10:21:31,28882.0,12832
2021-06-10 10:21:35,28880.0,12839
2021-06-10 10:21:38,28880.0,12842
2021-06-10 10:21:42,28880.0,12842
2021-06-10 10:21:46,28880.0,12842
2021-06-10 10:21:49,28880.0,12842
2021-06-10 10:21:52,28880.0,12842
2021-06-10 10:21:56,28867.5,12847
2021-06-10 10:21:59,28884.9,12848
2021-06-10 10:22:03,28884.9,12848
2021-06-10 10:22:06,28870.0,12849
2021-06-10 10:22:10,28884.85,12851
2021-06-10 10:22:14,28884.85,12851
2021-06-10 10:22:18,28870.0,12853
2021-06-10 10:22:21,28870.0,12853
2021-06-10 10:22:25,28868.0,12929
2021-06-10 10:22:29,28883.95,12934
2021-06-10 10:22:33,28883.95,12934
2021-06-10 10:22:37,28883.95,12934
2021-06-10 10:22:40,28883.95,12934
2021-06-10 10:22:44,28883.95,12934
2021-06-10 10:22:47,28884.85,12939
2021-06-10 10:22:51,28884.85,12941
2021-06-10 10:22:55,28880.0,12967
2021-06-10 10:22:58,28884.0,12969
2021-06-10 10:23:02,28870.1,12970
2021-06-10 10:23:05,28884.0,12972
2021-06-10 10:23:08,28884.0,12972
2021-06-10 10:23:12,28884.0,12972
2021-06-10 10:23:15,28860.0,13053
2021-06-10 10:23:19,28870.0,13098
2021-06-10 10:23:22,28870.0,13108
2021-06-10 10:23:26,28870.0,13108
2021-06-10 10:23:30,28870.0,13108
2021-06-10 10:23:33,28870.0,13108
2021-06-10 10:23:38,28875.0,13113
2021-06-10 10:23:42,28875.0,13113
2021-06-10 10:23:47,28875.0,13114
2021-06-10 10:23:52,28875.0,13114
2021-06-10 10:23:56,28875.0,13114
2021-06-10 10:23:59,28875.0,13114
2021-06-10 10:24:03,28875.0,13114
2021-06-10 10:24:07,28875.0,13114
2021-06-10 10:24:11,28875.0,13119
2021-06-10 10:24:15,28875.0,13119
2021-06-10 10:24:19,28875.0,13119
2021-06-10 10:24:23,28875.0,13119
2021-06-10 10:24:27,28875.0,13119
2021-06-10 10:24:30,28875.0,13119
2021-06-10 10:24:34,28875.0,13121
2021-06-10 10:24:37,28875.0,13122
2021-06-10 10:24:41,28875.0,13122
2021-06-10 10:24:45,28875.0,13122
2021-06-10 10:24:49,28875.0,13124
2021-06-10 10:24:53,28875.0,13124
2021-06-10 10:24:57,28875.0,13124
2021-06-10 10:25:00,28875.0,13124
2021-06-10 10:25:03,28875.0,13124
2021-06-10 10:25:07,28875.0,13124
2021-06-10 10:25:10,28883.95,13129
2021-06-10 10:25:14,28889.0,13224
2021-06-10 10:25:18,28898.0,13285
2021-06-10 10:25:22,28899.0,13291
2021-06-10 10:25:25,28928.5,13602
2021-06-10 10:25:29,28934.8,13670
2021-06-10 10:25:33,28935.0,13700
2021-06-10 10:25:36,28932.5,13704
2021-06-10 10:25:40,28935.0,13705
2021-06-10 10:25:43,28935.0,13705
2021-06-10 10:25:47,28940.0,13710
2021-06-10 10:25:50,28940.0,13712
2021-06-10 10:25:54,28940.0,13719
2021-06-10 10:25:57,28940.0,13739
2021-06-10 10:26:01,28940.0,13750
2021-06-10 10:26:05,28905.0,13816
2021-06-10 10:26:08,28921.25,13825
2021-06-10 10:26:44,28934.2,13936
2021-06-10 10:26:47,28922.7,13943
2021-06-10 10:26:51,28922.65,13947
2021-06-10 10:26:54,28934.1,13949
2021-06-10 10:26:58,28934.1,13949
2021-06-10 10:27:02,28934.1,14058
2021-06-10 10:27:06,28940.0,14081
2021-06-10 10:27:09,28941.75,14206
2021-06-10 10:27:12,28947.55,14212
2021-06-10 10:27:16,28947.25,14242
2021-06-10 10:27:20,28947.25,14346
2021-06-10 10:27:24,28940.0,14357
2021-06-10 10:27:28,28947.55,14413
2021-06-10 10:27:31,28947.5,14418
2021-06-10 10:27:35,28965.0,14427
2021-06-10 10:27:39,28965.0,14427
2021-06-10 10:27:42,28947.6,14440
2021-06-10 10:27:46,28947.6,14440
2021-06-10 10:27:49,28947.65,14441
2021-06-10 10:27:53,28938.6,14482
2021-06-10 10:27:54,28938.6,14482
2021-06-10 10:27:55,28950.0,14532
2021-06-10 10:27:56,28950.0,14532
2021-06-10 10:27:57,28950.0,14532
2021-06-10 10:27:58,28939.65,14534
2021-06-10 10:27:59,28939.65,14536
2021-06-10 10:28:00,28939.65,14536
2021-06-10 10:28:01,28947.65,14546
2021-06-10 10:28:02,28947.65,14546
2021-06-10 10:28:03,28947.65,14546
2021-06-10 10:28:04,28950.0,14548
2021-06-10 10:28:05,28950.0,14562
2021-06-10 10:28:06,28939.8,14571
2021-06-10 10:28:07,28955.0,14572
2021-06-10 10:28:08,28955.0,14572
2021-06-10 10:28:09,28955.0,14572
2021-06-10 10:28:10,28955.0,14572
2021-06-10 10:28:11,28955.0,14572
2021-06-10 10:28:12,28955.0,14572
2021-06-10 10:28:13,28955.0,14572
2021-06-10 10:28:14,28955.0,14572
2021-06-10 10:28:15,28955.0,14572
2021-06-10 10:28:16,28955.0,14572
2021-06-10 10:28:17,28955.0,14572
2021-06-10 10:28:18,28955.0,14572
2021-06-10 10:28:19,28955.0,14572
2021-06-10 10:28:20,28955.0,14572
2021-06-10 10:28:21,28955.0,14572
2021-06-10 10:28:23,28955.0,14572
2021-06-10 10:28:24,28955.0,14572
2021-06-10 10:28:24,28955.0,14572
2021-06-10 10:28:26,28940.0,14573
2021-06-10 10:28:27,28940.0,14573
2021-06-10 10:28:28,28940.0,14573
2021-06-10 10:28:29,28940.0,14573
2021-06-10 10:28:30,28940.0,14573
2021-06-10 10:28:31,28954.5,14574
2021-06-10 10:28:32,28954.5,14574
2021-06-10 10:28:34,28954.5,14574
2021-06-10 10:28:34,28954.5,14574
2021-06-10 10:28:35,28954.5,14574
2021-06-10 10:28:36,28954.5,14576
2021-06-10 10:28:37,28954.5,14576
2021-06-10 10:28:39,28954.5,14576
2021-06-10 10:28:40,28954.5,14576
2021-06-10 10:28:41,28954.5,14576
2021-06-10 10:28:41,28954.5,14576
2021-06-10 10:28:42,28954.5,14576
2021-06-10 10:28:43,28941.0,14578
2021-06-10 10:28:44,28941.0,14578
2021-06-10 10:28:47,28949.5,14579
2021-06-10 10:28:47,28949.5,14579
2021-06-10 10:28:48,28949.5,14579
2021-06-10 10:28:50,28941.0,14580
2021-06-10 10:28:52,28941.0,14580
2021-06-10 10:28:53,28941.0,14580
2021-06-10 10:28:54,28941.0,14580
2021-06-10 10:28:55,28941.0,14580
2021-06-10 10:28:57,28941.0,14580
2021-06-10 10:28:57,28941.0,14580
2021-06-10 10:28:58,28941.0,14580
2021-06-10 10:28:59,28941.0,14580
2021-06-10 10:29:01,28941.0,14580
2021-06-10 10:29:01,28941.0,14580
2021-06-10 10:29:02,28941.0,14580
2021-06-10 10:29:03,28941.0,14580
2021-06-10 10:29:04,28941.0,14580
2021-06-10 10:29:05,28941.0,14580
2021-06-10 10:29:06,28941.0,14580
2021-06-10 10:29:07,28942.3,14581
2021-06-10 10:29:08,28942.3,14581
2021-06-10 10:29:09,28942.3,14581
2021-06-10 10:29:10,28942.3,14581
2021-06-10 10:29:11,28942.3,14581
2021-06-10 10:29:12,28942.3,14581
2021-06-10 10:29:13,28949.5,14583
2021-06-10 10:29:14,28945.0,14584
2021-06-10 10:29:15,28945.0,14584
2021-06-10 10:29:16,28947.0,14585
2021-06-10 10:29:17,28947.0,14585
2021-06-10 10:29:18,28947.0,14585
2021-06-10 10:29:19,28947.0,14585
2021-06-10 10:29:22,28947.0,14585
2021-06-10 10:29:23,28941.0,14603
2021-06-10 10:29:24,28947.0,14608
2021-06-10 10:29:25,28947.0,14608
2021-06-10 10:29:26,28947.0,14608
2021-06-10 10:29:27,28947.0,14608
2021-06-10 10:29:29,28947.0,14608
2021-06-10 10:29:30,28947.5,14611
2021-06-10 10:29:31,28947.5,14611
2021-06-10 10:29:32,28939.85,14620
2021-06-10 10:29:33,28939.85,14620
2021-06-10 10:29:33,28939.85,14620
2021-06-10 10:29:34,28939.85,14620
2021-06-10 10:29:35,28940.0,14621
2021-06-10 10:29:37,28940.0,14621
2021-06-10 10:29:38,28930.0,14623
2021-06-10 10:29:39,28930.0,14623
2021-06-10 10:29:40,28940.0,14624
2021-06-10 10:29:41,28940.0,14632
2021-06-10 10:29:42,28940.0,14632
2021-06-10 10:29:44,28940.0,14632
2021-06-10 10:29:45,28940.0,14632
2021-06-10 10:29:47,28932.5,14633
2021-06-10 10:29:47,28932.5,14633
2021-06-10 10:29:48,28932.5,14633
2021-06-10 10:29:49,28932.5,14633
2021-06-10 10:29:50,28940.0,14635
2021-06-10 10:29:51,28940.0,14635
2021-06-10 10:29:52,28940.0,14635
2021-06-10 10:29:53,28930.9,14646
2021-06-10 10:29:54,28940.0,14651
2021-06-10 10:29:55,28940.0,14651
2021-06-10 10:29:56,28940.0,14651
2021-06-10 10:29:57,28940.0,14651
2021-06-10 10:29:58,28940.0,14651
2021-06-10 10:30:00,28940.0,14651
2021-06-10 10:30:00,28940.0,14651
2021-06-10 10:30:01,28940.0,14651
2021-06-10 10:30:02,28940.0,14651
2021-06-10 10:30:04,28940.0,14652
2021-06-10 10:30:05,28940.0,14652
2021-06-10 10:30:06,28940.0,14652
2021-06-10 10:30:07,28940.0,14652
2021-06-10 10:30:08,28940.0,14652
2021-06-10 10:30:09,28940.0,14652
2021-06-10 10:30:10,28930.9,14666
2021-06-10 10:30:11,28930.9,14666
2021-06-10 10:30:12,28930.9,14666
2021-06-10 10:30:13,28930.9,14666
2021-06-10 10:30:14,28940.0,14667
2021-06-10 10:30:15,28940.0,14667
2021-06-10 10:30:17,28940.0,14667
2021-06-10 10:30:19,28940.0,14667
2021-06-10 10:30:20,28924.5,14706
2021-06-10 10:30:21,28931.05,14715
2021-06-10 10:30:22,28930.0,14717
2021-06-10 10:30:24,28930.0,14717
2021-06-10 10:30:25,28930.0,14717
2021-06-10 10:30:27,28930.0,14717
2021-06-10 10:30:28,28930.0,14717
2021-06-10 10:30:29,28930.0,14717
2021-06-10 10:30:30,28932.05,14721
2021-06-10 10:30:31,28932.05,14721
2021-06-10 10:30:32,28932.05,14721
2021-06-10 10:30:34,28932.05,14721
2021-06-10 10:30:34,28932.05,14721
2021-06-10 10:30:35,28932.05,14721
2021-06-10 10:30:36,28932.05,14721
2021-06-10 10:30:38,28932.05,14721
2021-06-10 10:30:38,28932.05,14721
2021-06-10 10:30:39,28932.05,14721
2021-06-10 10:30:40,28932.05,14721
2021-06-10 10:30:41,28932.05,14721
2021-06-10 10:30:42,28932.05,14721
2021-06-10 10:30:43,28921.6,14722
2021-06-10 10:30:44,28921.6,14722
2021-06-10 10:30:45,28921.6,14722
2021-06-10 10:30:46,28921.6,14741
2021-06-10 10:30:47,28912.65,14742
2021-06-10 10:30:48,28912.65,14742
2021-06-10 10:30:49,28912.65,14742
2021-06-10 10:30:50,28912.65,14742
2021-06-10 10:30:51,28911.05,14745
2021-06-10 10:30:52,28927.6,14760
2021-06-10 10:30:53,28927.6,14760
2021-06-10 10:30:55,28927.6,14760
2021-06-10 10:30:55,28927.6,14760
2021-06-10 10:30:56,28927.6,14760
2021-06-10 10:30:57,28911.05,14770
2021-06-10 10:31:00,28926.95,14775
2021-06-10 10:31:00,28926.95,14775
2021-06-10 10:31:01,28926.95,14775
2021-06-10 10:31:02,28915.0,14776
2021-06-10 10:31:03,28911.05,14778
2021-06-10 10:31:04,28911.05,14778
2021-06-10 10:31:06,28911.05,14778
2021-06-10 10:31:06,28911.05,14778
2021-06-10 10:31:07,28925.0,14781
2021-06-10 10:31:08,28911.1,14785
2021-06-10 10:31:09,28915.0,14786
2021-06-10 10:31:10,28924.0,14799
2021-06-10 10:31:11,28924.0,14799
2021-06-10 10:31:12,28924.0,14799
2021-06-10 10:31:13,28924.0,14799
2021-06-10 10:31:14,28924.0,14799
2021-06-10 10:31:15,28924.0,14799
2021-06-10 10:31:16,28924.0,14800
2021-06-10 10:31:18,28924.0,14800
2021-06-10 10:31:19,28924.0,14800
2021-06-10 10:31:20,28924.0,14800
2021-06-10 10:31:21,28924.0,14800
2021-06-10 10:31:22,28924.0,14800
2021-06-10 10:31:23,28924.0,14800
2021-06-10 10:31:23,28924.0,14800
2021-06-10 10:31:24,28924.0,14800
2021-06-10 10:31:25,28924.0,14800
2021-06-10 10:31:26,28924.0,14800
2021-06-10 10:31:27,28924.0,14800
2021-06-10 10:31:28,28924.0,14800
2021-06-10 10:31:30,28924.0,14800
2021-06-10 10:31:31,28924.0,14800
2021-06-10 10:31:32,28924.0,14800
2021-06-10 10:31:33,28924.0,14800
2021-06-10 10:31:34,28924.0,14810
2021-06-10 10:31:34,28924.0,14810
2021-06-10 10:31:35,28924.0,14810
2021-06-10 10:31:36,28924.0,14810
2021-06-10 10:31:37,28924.0,14810
2021-06-10 10:31:38,28924.0,14810
2021-06-10 10:31:39,28924.0,14810
2021-06-10 10:31:42,28924.0,14810
2021-06-10 10:31:44,28924.0,14810
2021-06-10 10:31:45,28924.0,14810
2021-06-10 10:31:47,28924.0,14810
2021-06-10 10:31:48,28924.0,14811
2021-06-10 10:31:48,28924.0,14811
2021-06-10 10:31:52,28924.0,14811
2021-06-10 10:31:56,28924.0,14811
2021-06-10 10:31:56,28915.0,14816
2021-06-10 10:31:58,28915.0,14816
2021-06-10 10:31:59,28915.0,14816
2021-06-10 10:32:00,28915.0,14816
2021-06-10 10:32:02,28915.0,14816
2021-06-10 10:32:06,28915.0,14816
2021-06-10 10:32:10,28911.05,14827
2021-06-10 10:32:10,28911.05,14827
2021-06-10 10:32:12,28911.05,14834
2021-06-10 10:32:13,28911.05,14834
2021-06-10 10:32:14,28911.05,14834
2021-06-10 10:32:15,28911.05,14834
2021-06-10 10:32:15,28911.05,14834
2021-06-10 10:32:16,28911.05,14835
2021-06-10 10:32:17,28911.05,14835
2021-06-10 10:32:18,28911.05,14835
2021-06-10 10:32:19,28911.05,14835
2021-06-10 10:32:20,28911.05,14835
2021-06-10 10:32:24,28911.05,14835
2021-06-10 10:32:27,28911.05,14836
2021-06-10 10:32:27,28911.05,14836
2021-06-10 10:32:29,28911.05,14836
2021-06-10 10:32:29,28911.05,14836
2021-06-10 10:32:30,28911.05,14836
2021-06-10 10:32:31,28911.05,14836
2021-06-10 10:32:33,28911.05,14836
2021-06-10 10:32:34,28911.05,14836
2021-06-10 10:32:34,28911.05,14836
2021-06-10 10:32:36,28911.05,14836
2021-06-10 10:32:37,28911.05,14836
2021-06-10 10:32:38,28911.05,14836
2021-06-10 10:32:38,28911.05,14836
2021-06-10 10:32:39,28911.05,14836
2021-06-10 10:32:40,28911.05,14836
2021-06-10 10:32:42,28911.05,14836
2021-06-10 10:32:43,28911.05,14836
2021-06-10 10:32:44,28911.05,14836
2021-06-10 10:32:45,28911.05,14836
2021-06-10 10:32:45,28911.05,14836
2021-06-10 10:32:48,28911.05,14836
2021-06-10 10:32:51,28925.0,14844
2021-06-10 10:32:52,28913.65,14845
2021-06-10 10:32:53,28913.65,14845
2021-06-10 10:32:56,28913.65,14845
2021-06-10 10:32:56,28913.65,14845
2021-06-10 10:32:58,28913.65,14845
2021-06-10 10:33:01,28913.65,14845
2021-06-10 10:33:04,28913.65,14845
2021-06-10 10:33:04,28913.65,14845
2021-06-10 10:33:07,28913.65,14847
2021-06-10 10:33:07,28913.65,14847
2021-06-10 10:33:08,28913.65,14847
2021-06-10 10:33:10,28913.65,14847
2021-06-10 10:33:11,28913.65,14847
2021-06-10 10:33:12,28913.65,14847
2021-06-10 10:33:13,28913.65,14850
2021-06-10 10:33:15,28913.65,14851
2021-06-10 10:33:16,28913.65,14851
2021-06-10 10:33:18,28922.4,14861
2021-06-10 10:33:20,28922.1,14871
2021-06-10 10:33:21,28925.0,14873
2021-06-10 10:33:22,28925.0,14873
2021-06-10 10:33:23,28925.0,14873
2021-06-10 10:33:24,28925.0,14873
2021-06-10 10:33:24,28925.0,14873
2021-06-10 10:33:26,28925.0,14873
2021-06-10 10:33:27,28925.0,14873
2021-06-10 10:33:28,28925.0,14874
2021-06-10 10:33:29,28925.0,14874
2021-06-10 10:33:30,28925.0,14874
2021-06-10 10:33:31,28925.0,14874
2021-06-10 10:33:33,28925.0,14874
2021-06-10 10:33:36,28925.0,14874
2021-06-10 10:33:37,28925.0,14874
2021-06-10 10:33:37,28925.0,14874
2021-06-10 10:33:38,28924.0,14875
2021-06-10 10:33:39,28924.0,14875
2021-06-10 10:33:44,28924.0,14875
2021-06-10 10:33:45,28924.0,14875
2021-06-10 10:33:47,28915.0,14877
2021-06-10 10:33:46,28924.0,14876
2021-06-10 10:33:48,28915.0,14882
2021-06-10 10:33:49,28915.0,14887
2021-06-10 10:33:50,28915.0,14888
2021-06-10 10:33:52,28915.0,14888
2021-06-10 10:33:53,28915.0,14888
2021-06-10 10:33:54,28919.5,14889
2021-06-10 10:33:56,28919.5,14889
2021-06-10 10:33:58,28919.5,14889
2021-06-10 10:33:59,28919.5,14889
2021-06-10 10:34:00,28923.0,14890
2021-06-10 10:34:01,28923.0,14890
2021-06-10 10:34:03,28923.0,14890
2021-06-10 10:34:05,28923.0,14890
2021-06-10 10:34:06,28923.0,14890
2021-06-10 10:34:07,28923.0,14890
2021-06-10 10:34:08,28923.0,14890
2021-06-10 10:34:10,28923.0,14890
2021-06-10 10:34:11,28923.0,14890
2021-06-10 10:34:12,28923.0,14890
2021-06-10 10:34:13,28915.0,14896
2021-06-10 10:34:14,28915.0,14901
2021-06-10 10:34:15,28915.0,14901
2021-06-10 10:34:17,28920.0,14902
2021-06-10 10:34:17,28920.0,14902
2021-06-10 10:34:19,28920.0,14902
2021-06-10 10:34:23,28916.9,14907
2021-06-10 10:34:24,28916.9,14907
2021-06-10 10:34:25,28916.9,14907
2021-06-10 10:34:26,28927.0,14914
2021-06-10 10:34:27,28927.0,14914
2021-06-10 10:34:28,28927.0,14914
2021-06-10 10:34:29,28927.0,14914
2021-06-10 10:34:31,28927.0,14914
2021-06-10 10:34:32,28927.0,14914
2021-06-10 10:34:33,28927.0,14914
2021-06-10 10:34:34,28927.0,14914
2021-06-10 10:34:36,28927.0,14914
2021-06-10 10:34:37,28927.0,14914
2021-06-10 10:34:38,28927.0,14914
2021-06-10 10:34:39,28934.25,14974
2021-06-10 10:34:40,28934.15,14981
2021-06-10 10:34:41,28934.15,14981
2021-06-10 10:34:44,28934.15,14981
2021-06-10 10:34:45,28934.2,14987
2021-06-10 10:34:46,28934.2,14987
2021-06-10 10:34:46,28934.2,14987
2021-06-10 10:34:47,28930.0,15012
2021-06-10 10:34:48,28930.0,15012
2021-06-10 10:34:49,28930.0,15012
2021-06-10 10:34:51,28930.0,15012
2021-06-10 10:34:52,28930.0,15012
2021-06-10 10:34:53,28930.0,15012
2021-06-10 10:34:54,28930.0,15012
2021-06-10 10:34:56,28930.0,15012
2021-06-10 10:34:57,28930.0,15012
2021-06-10 10:34:58,28930.0,15012
2021-06-10 10:34:59,28930.0,15012
2021-06-10 10:35:00,28930.0,15012
2021-06-10 10:35:00,28930.0,15012
2021-06-10 10:35:01,28930.0,15012
2021-06-10 10:35:02,28930.0,15012
2021-06-10 10:35:04,28930.0,15012
2021-06-10 10:35:04,28930.0,15012
2021-06-10 10:35:05,28930.0,15012
2021-06-10 10:35:07,28930.0,15012
2021-06-10 10:35:08,28930.0,15012
2021-06-10 10:35:10,28930.0,15012
2021-06-10 10:35:11,28930.0,15012
2021-06-10 10:35:13,28930.0,15012
2021-06-10 10:35:14,28930.0,15012
2021-06-10 10:35:15,28930.0,15014
2021-06-10 10:35:17,28930.0,15014
2021-06-10 10:35:17,28930.0,15014
2021-06-10 10:35:18,28930.0,15014
2021-06-10 10:35:19,28930.0,15014
2021-06-10 10:35:24,28930.0,15014
2021-06-10 10:35:25,28930.0,15014
2021-06-10 10:35:26,28930.0,15014
2021-06-10 10:35:29,28930.0,15014
2021-06-10 10:35:30,28930.0,15014
2021-06-10 10:35:31,28930.0,15032
2021-06-10 10:35:32,28930.0,15032
2021-06-10 10:35:33,28930.0,15032
2021-06-10 10:35:34,28930.0,15032
2021-06-10 10:35:36,28930.0,15032
2021-06-10 10:35:37,28930.0,15032
2021-06-10 10:35:39,28930.0,15032
2021-06-10 10:35:40,28930.0,15032
2021-06-10 10:35:41,28930.0,15032
2021-06-10 10:35:43,28930.0,15032
2021-06-10 10:35:44,28929.9,15053
2021-06-10 10:35:44,28929.9,15053
2021-06-10 10:35:46,28917.6,15054
2021-06-10 10:35:47,28917.6,15054
2021-06-10 10:35:48,28917.6,15054
2021-06-10 10:35:49,28930.0,15057
2021-06-10 10:35:50,28930.0,15057
2021-06-10 10:35:51,28930.0,15057
2021-06-10 10:35:52,28930.0,15057
2021-06-10 10:35:56,28930.0,15057
2021-06-10 10:35:57,28930.0,15057
2021-06-10 10:35:57,28930.0,15057
2021-06-10 10:35:59,28930.0,15057
2021-06-10 10:36:00,28930.0,15057
2021-06-10 10:36:00,28930.0,15057
2021-06-10 10:36:01,28930.0,15057
2021-06-10 10:36:03,28930.0,15067
2021-06-10 10:36:04,28930.0,15067
2021-06-10 10:36:05,28930.0,15067
2021-06-10 10:36:06,28930.0,15067
2021-06-10 10:36:07,28930.0,15067
2021-06-10 10:36:08,28930.0,15067
2021-06-10 10:36:09,28925.05,15082
2021-06-10 10:36:10,28917.75,15083
2021-06-10 10:36:11,28917.75,15083
2021-06-10 10:36:12,28917.75,15083
2021-06-10 10:36:13,28917.75,15083
2021-06-10 10:36:14,28917.75,15083
2021-06-10 10:36:15,28917.75,15083
2021-06-10 10:36:17,28920.1,15085
2021-06-10 10:36:19,28920.1,15085
2021-06-10 10:36:20,28920.1,15085
2021-06-10 10:36:22,28920.1,15085
2021-06-10 10:36:23,28920.1,15085
2021-06-10 10:36:24,28929.0,15091
2021-06-10 10:36:25,28929.0,15091
2021-06-10 10:36:26,28917.0,15105
2021-06-10 10:36:27,28917.0,15105
2021-06-10 10:36:28,28917.0,15105
2021-06-10 10:36:30,28917.0,15105
2021-06-10 10:36:35,28917.0,15105
2021-06-10 10:36:37,28917.0,15105
2021-06-10 10:36:44,28917.0,15105
2021-06-10 10:36:45,28917.0,15105
2021-06-10 10:36:46,28917.0,15105
2021-06-10 10:36:48,28917.0,15105
2021-06-10 10:36:49,28917.0,15105
2021-06-10 10:36:50,28917.0,15105
2021-06-10 10:36:51,28917.0,15105
2021-06-10 10:36:52,28917.0,15105
2021-06-10 10:36:53,28917.0,15105
2021-06-10 10:36:57,28917.0,15105
2021-06-10 10:37:00,28917.0,15105
2021-06-10 10:37:02,28917.0,15105
2021-06-10 10:37:03,28917.0,15105
2021-06-10 10:37:04,28917.0,15105
2021-06-10 10:37:05,28917.0,15105
2021-06-10 10:37:07,28917.0,15105
2021-06-10 10:37:08,28917.0,15105
2021-06-10 10:37:09,28917.0,15105
2021-06-10 10:37:10,28917.0,15105
2021-06-10 10:37:11,28917.0,15105
2021-06-10 10:37:12,28917.0,15105
2021-06-10 10:37:13,28917.0,15105
2021-06-10 10:37:17,28929.0,15112
2021-06-10 10:37:18,28922.5,15113
2021-06-10 10:37:19,28922.5,15113
2021-06-10 10:37:20,28922.5,15113
2021-06-10 10:37:22,28929.0,15115
2021-06-10 10:37:23,28929.0,15115
2021-06-10 10:37:24,28929.0,15115
2021-06-10 10:37:25,28929.0,15115
2021-06-10 10:37:26,28929.0,15115
2021-06-10 10:37:28,28922.5,15122
2021-06-10 10:37:29,28930.0,15141
2021-06-10 10:37:31,28930.0,15141
2021-06-10 10:37:32,28930.0,15141
2021-06-10 10:37:33,28930.0,15141
2021-06-10 10:37:35,28927.5,15142
2021-06-10 10:37:36,28927.5,15142
2021-06-10 10:37:37,28927.5,15142
2021-06-10 10:37:38,28927.5,15142
2021-06-10 10:37:39,28927.5,15142
2021-06-10 10:37:45,28937.9,15143
2021-06-10 10:37:46,28927.5,15145
2021-06-10 10:37:47,28927.5,15145
2021-06-10 10:37:48,28927.5,15145
2021-06-10 10:37:49,28927.5,15145
2021-06-10 10:37:51,28927.5,15145
2021-06-10 10:37:52,28927.5,15145
2021-06-10 10:37:56,28927.5,15145
2021-06-10 10:37:59,28927.5,15145
2021-06-10 10:38:02,28927.5,15145
2021-06-10 10:38:06,28927.5,15145
2021-06-10 10:38:09,28927.6,15146
2021-06-10 10:38:12,28927.6,15147
2021-06-10 10:38:15,28936.1,15149
2021-06-10 10:38:18,28936.1,15149
2021-06-10 10:38:21,28936.1,15149
2021-06-10 10:38:25,28936.1,15149
2021-06-10 10:38:28,28937.5,15159
2021-06-10 10:38:31,28937.5,15159
2021-06-10 10:38:34,28937.5,15159
2021-06-10 10:38:37,28937.5,15159
2021-06-10 10:38:40,28937.5,15159
2021-06-10 10:38:43,28928.0,15168
2021-06-10 10:38:47,28928.0,15168
2021-06-10 10:38:50,28928.0,15168
2021-06-10 10:38:53,28928.0,15168
2021-06-10 10:38:59,28928.0,15168
2021-06-10 10:39:02,28928.0,15169
2021-06-10 10:39:06,28928.0,15169
2021-06-10 10:39:12,28928.0,15169
2021-06-10 10:39:18,28928.0,15170
2021-06-10 10:39:21,28928.0,15170
2021-06-10 10:39:25,28928.0,15170
2021-06-10 10:39:31,28928.0,15170
2021-06-10 10:39:37,28928.0,15170
2021-06-10 10:39:41,28928.0,15175
2021-06-10 10:39:44,28928.0,15175
2021-06-10 10:39:47,28928.0,15175
2021-06-10 10:39:51,28930.0,15180
2021-06-10 10:39:54,28930.0,15182
2021-06-10 10:39:58,28930.0,15183
2021-06-10 10:40:01,28930.0,15183
2021-06-10 10:40:12,28930.0,15183
2021-06-10 10:40:16,28930.0,15183
2021-06-10 10:40:19,28930.0,15193
2021-06-10 10:40:23,28930.0,15193
2021-06-10 10:40:30,28930.0,15194
2021-06-10 10:40:34,28936.95,15196
2021-06-10 10:40:38,28936.95,15196
2021-06-10 10:40:41,28930.5,15203
2021-06-10 10:40:44,28937.0,15206
2021-06-10 10:40:47,28936.85,15236
2021-06-10 10:40:51,28936.85,15236
2021-06-10 10:40:54,28936.85,15236
2021-06-10 10:40:57,28936.85,15236
2021-06-10 10:41:01,28936.85,15236
2021-06-10 10:41:04,28936.85,15236
2021-06-10 10:41:07,28936.85,15236
2021-06-10 10:41:11,28936.85,15237
2021-06-10 10:41:17,28936.95,15240
2021-06-10 10:41:21,28937.0,15241
2021-06-10 10:41:24,28937.0,15241
2021-06-10 10:41:30,28937.0,15241
2021-06-10 10:41:33,28937.0,15241
2021-06-10 10:41:39,28937.5,15242
2021-06-10 10:41:42,28937.8,15251
2021-06-10 10:41:45,28937.8,15251
2021-06-10 10:41:48,28937.5,15252
