timestamp,ltp,volume
2021-06-10 09:20:13,3217.05,102583
2021-06-10 09:20:14,3217.05,102696
2021-06-10 09:20:14,3217.45,102862
2021-06-10 09:20:16,3217.05,103037
2021-06-10 09:20:17,3216.75,103372
2021-06-10 09:20:18,3216.85,103417
2021-06-10 09:20:19,3215.75,103474
2021-06-10 09:20:19,3215.75,103474
2021-06-10 09:20:21,3216.8,103614
2021-06-10 09:20:22,3215.75,103754
2021-06-10 09:20:23,3215.35,103980
2021-06-10 09:20:24,3215.8,104091
2021-06-10 09:20:25,3215.35,104109
2021-06-10 09:20:26,3214.35,104233
2021-06-10 09:20:26,3215.65,104243
2021-06-10 09:20:28,3214.85,104248
2021-06-10 09:20:29,3215.65,104310
2021-06-10 09:20:30,3215.75,104411
2021-06-10 09:20:31,3215.65,104648
2021-06-10 09:20:32,3215.25,104650
2021-06-10 09:20:32,3214.45,104651
2021-06-10 09:20:34,3215.25,104684
2021-06-10 09:20:35,3215.55,104912
2021-06-10 09:20:36,3215.0,104995
2021-06-10 09:20:37,3215.3,105108
2021-06-10 09:20:37,3215.0,105113
2021-06-10 09:20:39,3215.0,105324
2021-06-10 09:20:40,3214.95,105669
2021-06-10 09:20:41,3214.95,105776
2021-06-10 09:20:42,3214.6,106027
2021-06-10 09:20:42,3214.6,106027
2021-06-10 09:20:44,3213.0,106858
2021-06-10 09:20:45,3213.4,107174
2021-06-10 09:20:46,3212.75,107382
2021-06-10 09:20:47,3213.3,107423
2021-06-10 09:20:47,3213.3,107423
2021-06-10 09:20:50,3212.7,107566
2021-06-10 09:20:51,3212.55,107614
2021-06-10 09:20:52,3212.85,107634
2021-06-10 09:20:52,3212.9,107664
2021-06-10 09:20:54,3212.5,107852
2021-06-10 09:20:55,3211.95,108652
2021-06-10 09:20:56,3211.0,108872
2021-06-10 09:20:57,3210.05,108876
2021-06-10 09:20:57,3210.05,108876
2021-06-10 09:20:59,3211.6,108976
2021-06-10 09:21:00,3210.15,109143
2021-06-10 09:21:01,3211.1,109178
2021-06-10 09:21:02,3210.05,109284
2021-06-10 09:21:02,3210.05,109284
2021-06-10 09:21:05,3210.05,110038
2021-06-10 09:21:06,3211.0,110048
2021-06-10 09:21:07,3210.05,110192
2021-06-10 09:21:07,3210.05,110192
2021-06-10 09:21:09,3210.05,110327
2021-06-10 09:21:10,3210.4,110977
2021-06-10 09:21:11,3210.35,111093
2021-06-10 09:21:12,3210.6,111252
2021-06-10 09:21:12,3211.0,111292
2021-06-10 09:21:16,3210.6,111579
2021-06-10 09:21:17,3210.6,111793
2021-06-10 09:21:17,3210.3,111794
2021-06-10 09:21:19,3210.6,111808
2021-06-10 09:21:20,3210.85,112643
2021-06-10 09:21:21,3212.1,112953
2021-06-10 09:21:22,3212.0,112970
2021-06-10 09:21:23,3210.55,113506
2021-06-10 09:21:23,3210.7,113692
2021-06-10 09:21:25,3211.4,113847
2021-06-10 09:21:26,3210.5,113912
2021-06-10 09:21:27,3211.35,113987
2021-06-10 09:21:28,3211.8,114083
2021-06-10 09:21:28,3210.85,114203
2021-06-10 09:21:30,3212.15,114486
2021-06-10 09:21:31,3212.55,114675
2021-06-10 09:21:32,3211.2,114775
2021-06-10 09:21:33,3212.15,114842
2021-06-10 09:21:33,3212.15,114846
2021-06-10 09:21:35,3212.0,114851
2021-06-10 09:21:36,3212.0,114851
2021-06-10 09:21:37,3211.75,115150
2021-06-10 09:21:38,3211.75,115200
2021-06-10 09:21:38,3211.75,115200
2021-06-10 09:21:39,3211.7,115342
2021-06-10 09:21:41,3211.7,115425
2021-06-10 09:21:42,3211.7,115440
2021-06-10 09:21:43,3210.5,116633
2021-06-10 09:21:44,3211.65,116816
2021-06-10 09:21:44,3211.65,116696
2021-06-10 09:21:46,3211.6,116931
2021-06-10 09:21:47,3210.55,116965
2021-06-10 09:21:48,3210.55,116965
2021-06-10 09:21:49,3210.95,117015
2021-06-10 09:21:50,3211.0,117256
2021-06-10 09:21:52,3211.0,117256
2021-06-10 09:21:51,3211.0,117256
2021-06-10 09:21:53,3211.45,117276
2021-06-10 09:21:54,3211.45,117277
2021-06-10 09:21:55,3211.0,117337
2021-06-10 09:21:56,3211.35,117494
2021-06-10 09:21:57,3211.1,117559
2021-06-10 09:21:58,3211.1,117559
2021-06-10 09:21:59,3211.05,117630
2021-06-10 09:22:00,3211.05,117739
2021-06-10 09:22:01,3210.55,118405
2021-06-10 09:22:03,3210.0,118720
2021-06-10 09:22:02,3210.55,118715
2021-06-10 09:22:04,3210.55,118831
2021-06-10 09:22:05,3210.45,118903
2021-06-10 09:22:06,3210.45,120958
2021-06-10 09:22:07,3210.0,120966
2021-06-10 09:22:08,3210.0,120966
2021-06-10 09:22:09,3210.45,121012
2021-06-10 09:22:10,3210.05,121142
2021-06-10 09:22:11,3210.05,121163
2021-06-10 09:22:12,3210.1,121382
2021-06-10 09:22:13,3210.1,121382
2021-06-10 09:22:14,3210.05,121399
2021-06-10 09:22:15,3210.1,121497
2021-06-10 09:22:16,3210.05,121501
2021-06-10 09:22:17,3210.45,121559
2021-06-10 09:22:18,3210.0,121627
2021-06-10 09:22:19,3206.5,127353
2021-06-10 09:22:20,3208.4,128036
2021-06-10 09:22:21,3207.15,128040
2021-06-10 09:22:22,3208.0,128358
2021-06-10 09:22:23,3208.0,128358
2021-06-10 09:22:24,3208.4,128368
2021-06-10 09:22:25,3208.4,128382
2021-06-10 09:22:26,3206.65,128567
2021-06-10 09:22:27,3207.35,128646
2021-06-10 09:22:28,3207.25,128697
2021-06-10 09:22:29,3207.25,128698
2021-06-10 09:22:30,3206.65,129351
2021-06-10 09:22:31,3207.2,129376
2021-06-10 09:22:32,3207.2,129676
2021-06-10 09:22:33,3207.2,129979
2021-06-10 09:22:34,3208.1,130439
2021-06-10 09:22:35,3208.05,130480
2021-06-10 09:22:36,3209.5,130500
2021-06-10 09:22:37,3208.0,131137
2021-06-10 09:22:38,3207.5,131177
2021-06-10 09:22:39,3208.0,131252
2021-06-10 09:22:40,3208.8,131322
2021-06-10 09:22:41,3209.95,131822
2021-06-10 09:22:42,3209.95,132079
2021-06-10 09:22:43,3209.8,132179
2021-06-10 09:22:44,3209.8,132466
2021-06-10 09:22:46,3209.9,132823
2021-06-10 09:22:47,3208.95,132926
2021-06-10 09:22:48,3208.95,132959
2021-06-10 09:22:49,3208.95,132962
2021-06-10 09:22:50,3209.0,132990
2021-06-10 09:22:51,3209.0,132990
2021-06-10 09:22:52,3209.05,133071
2021-06-10 09:22:53,3209.05,133077
2021-06-10 09:22:54,3209.05,133277
2021-06-10 09:22:55,3208.15,133358
2021-06-10 09:22:56,3208.15,133358
2021-06-10 09:22:57,3208.9,133367
2021-06-10 09:22:58,3209.05,133468
2021-06-10 09:22:59,3209.05,133580
2021-06-10 09:23:00,3208.9,133682
2021-06-10 09:23:01,3208.95,133702
2021-06-10 09:23:02,3209.0,133847
2021-06-10 09:23:03,3209.0,133850
2021-06-10 09:23:04,3209.05,133950
2021-06-10 09:23:05,3209.0,134087
2021-06-10 09:23:06,3209.1,134102
2021-06-10 09:23:07,3209.05,134107
2021-06-10 09:23:08,3209.1,134108
2021-06-10 09:23:09,3209.9,134562
2021-06-10 09:23:10,3209.15,134867
2021-06-10 09:23:11,3209.15,134869
2021-06-10 09:23:12,3209.1,135274
2021-06-10 09:23:13,3210.0,135344
2021-06-10 09:23:15,3210.0,135354
2021-06-10 09:23:14,3210.0,135354
2021-06-10 09:23:16,3210.0,135393
2021-06-10 09:23:17,3210.0,135393
2021-06-10 09:23:18,3210.0,135413
2021-06-10 09:23:19,3210.0,135413
2021-06-10 09:23:20,3209.55,135417
2021-06-10 09:23:21,3210.4,136141
2021-06-10 09:23:22,3210.0,136324
2021-06-10 09:23:23,3210.0,136324
2021-06-10 09:23:24,3210.0,136324
2021-06-10 09:23:25,3210.4,136329
2021-06-10 09:23:26,3211.0,136366
2021-06-10 09:23:27,3211.0,136366
2021-06-10 09:23:28,3210.95,136369
2021-06-10 09:23:29,3210.95,136389
2021-06-10 09:23:30,3210.95,136527
2021-06-10 09:23:31,3210.95,136527
2021-06-10 09:23:32,3210.95,136527
2021-06-10 09:23:33,3210.95,136553
2021-06-10 09:23:34,3210.15,138563
2021-06-10 09:23:35,3211.0,138900
2021-06-10 09:23:36,3210.2,138904
2021-06-10 09:23:37,3211.0,138949
2021-06-10 09:23:38,3210.85,138977
2021-06-10 09:23:39,3210.95,139107
2021-06-10 09:23:40,3210.85,139159
2021-06-10 09:23:41,3210.85,139191
2021-06-10 09:23:42,3210.8,139235
2021-06-10 09:23:43,3210.7,139247
2021-06-10 09:23:44,3210.7,139247
2021-06-10 09:23:45,3210.7,139317
2021-06-10 09:23:46,3210.7,139334
2021-06-10 09:23:47,3210.7,139356
2021-06-10 09:23:48,3210.5,139360
2021-06-10 09:23:49,3210.7,139457
2021-06-10 09:23:50,3210.7,139597
2021-06-10 09:23:51,3210.95,140259
2021-06-10 09:23:52,3210.95,140259
2021-06-10 09:23:53,3210.7,140309
2021-06-10 09:23:54,3210.95,140430
2021-06-10 09:23:55,3210.95,140430
2021-06-10 09:23:56,3210.95,140472
2021-06-10 09:23:58,3210.6,140477
2021-06-10 09:23:57,3210.6,140475
2021-06-10 09:23:59,3210.95,140527
2021-06-10 09:24:00,3210.6,140567
2021-06-10 09:24:01,3210.6,140575
2021-06-10 09:24:02,3210.6,140681
2021-06-10 09:24:03,3210.95,140738
2021-06-10 09:24:04,3210.6,140749
2021-06-10 09:24:05,3210.6,140749
2021-06-10 09:24:06,3210.95,140960
2021-06-10 09:24:07,3210.6,140961
2021-06-10 09:24:08,3210.95,141062
2021-06-10 09:24:09,3211.0,141216
2021-06-10 09:24:10,3211.0,141221
2021-06-10 09:24:11,3211.0,141227
2021-06-10 09:24:12,3211.75,146516
2021-06-10 09:24:13,3211.6,146521
2021-06-10 09:24:14,3212.0,146597
2021-06-10 09:24:15,3212.0,146598
2021-06-10 09:24:16,3212.0,146891
2021-06-10 09:24:17,3212.05,147052
2021-06-10 09:24:18,3212.05,147059
2021-06-10 09:24:19,3212.8,147177
2021-06-10 09:24:20,3212.8,147178
2021-06-10 09:24:22,3213.0,147404
2021-06-10 09:24:23,3213.2,147439
2021-06-10 09:24:25,3213.2,147569
2021-06-10 09:24:26,3213.2,147581
2021-06-10 09:24:27,3213.2,147637
2021-06-10 09:24:28,3212.25,147926
2021-06-10 09:24:29,3213.2,148057
2021-06-10 09:24:30,3213.2,148097
2021-06-10 09:24:31,3212.35,148115
2021-06-10 09:24:32,3213.2,148117
2021-06-10 09:24:33,3213.1,148133
2021-06-10 09:24:34,3212.25,148921
2021-06-10 09:24:35,3213.05,148993
2021-06-10 09:24:36,3213.05,148993
2021-06-10 09:24:38,3212.3,149126
2021-06-10 09:24:39,3213.1,149132
2021-06-10 09:24:40,3213.1,149160
2021-06-10 09:24:41,3212.3,149223
2021-06-10 09:24:42,3213.1,149248
2021-06-10 09:24:43,3213.1,149304
2021-06-10 09:24:44,3213.1,149304
2021-06-10 09:24:45,3212.95,149311
2021-06-10 09:24:46,3212.95,149322
2021-06-10 09:24:47,3212.95,149347
2021-06-10 09:24:48,3212.5,149351
2021-06-10 09:24:49,3212.95,149404
2021-06-10 09:24:50,3212.95,149448
2021-06-10 09:24:51,3212.95,149475
2021-06-10 09:24:52,3212.95,149604
2021-06-10 09:24:53,3212.9,150030
2021-06-10 09:24:54,3212.9,150030
2021-06-10 09:24:55,3211.85,151743
2021-06-10 09:24:56,3211.55,151808
2021-06-10 09:24:57,3211.55,151833
2021-06-10 09:24:58,3211.55,151833
2021-06-10 09:24:59,3211.5,152123
2021-06-10 09:25:00,3211.6,152380
2021-06-10 09:25:01,3211.55,152403
2021-06-10 09:25:02,3210.15,152406
2021-06-10 09:25:03,3210.25,152410
2021-06-10 09:25:05,3211.55,152417
2021-06-10 09:25:06,3211.0,152430
2021-06-10 09:25:07,3211.55,152433
2021-06-10 09:25:08,3210.5,152463
2021-06-10 09:25:09,3211.55,152624
2021-06-10 09:25:10,3211.55,152624
2021-06-10 09:25:11,3211.7,152879
2021-06-10 09:25:12,3211.65,153165
2021-06-10 09:25:14,3212.85,153265
2021-06-10 09:25:15,3211.7,153283
2021-06-10 09:25:16,3211.7,153283
2021-06-10 09:25:16,3212.85,153383
2021-06-10 09:25:17,3212.85,153428
2021-06-10 09:25:19,3212.85,153443
2021-06-10 09:25:19,3212.85,153443
2021-06-10 09:25:21,3212.05,153471
2021-06-10 09:25:22,3212.05,153480
2021-06-10 09:25:24,3212.05,153496
2021-06-10 09:25:26,3212.85,153531
2021-06-10 09:25:26,3212.85,153536
2021-06-10 09:25:27,3212.85,153547
2021-06-10 09:25:28,3212.85,153572
2021-06-10 09:25:29,3212.5,153708
2021-06-10 09:25:30,3212.1,153779
2021-06-10 09:25:31,3212.9,153901
2021-06-10 09:25:32,3212.9,153927
2021-06-10 09:25:34,3212.9,153928
2021-06-10 09:25:35,3212.2,154194
2021-06-10 09:25:35,3212.2,154194
2021-06-10 09:25:37,3213.25,154210
2021-06-10 09:25:39,3213.25,154213
2021-06-10 09:25:38,3213.25,154212
2021-06-10 09:25:39,3213.25,154213
2021-06-10 09:25:41,3213.25,154311
2021-06-10 09:25:42,3213.25,154322
2021-06-10 09:25:43,3213.25,154335
2021-06-10 09:25:44,3213.0,154337
2021-06-10 09:25:44,3213.25,154349
2021-06-10 09:25:45,3213.25,154358
2021-06-10 09:25:46,3213.25,154358
2021-06-10 09:25:47,3212.2,155219
2021-06-10 09:25:48,3212.0,156072
2021-06-10 09:25:49,3212.45,156098
2021-06-10 09:25:50,3212.9,156484
2021-06-10 09:25:51,3211.95,156487
2021-06-10 09:25:52,3212.65,156563
2021-06-10 09:25:54,3212.65,156568
2021-06-10 09:25:56,3212.65,156577
2021-06-10 09:25:57,3212.65,156577
2021-06-10 09:25:58,3212.65,156582
2021-06-10 09:25:59,3211.95,157377
2021-06-10 09:26:00,3211.85,157460
2021-06-10 09:26:02,3211.9,157501
2021-06-10 09:26:03,3211.9,157517
2021-06-10 09:26:04,3211.1,157622
2021-06-10 09:26:05,3211.85,157627
2021-06-10 09:26:06,3211.1,157631
2021-06-10 09:26:07,3211.95,157771
2021-06-10 09:26:08,3211.5,157787
2021-06-10 09:26:09,3211.5,157787
2021-06-10 09:26:10,3211.5,157787
2021-06-10 09:26:11,3211.95,157788
2021-06-10 09:26:12,3211.5,157808
2021-06-10 09:26:13,3211.95,157850
2021-06-10 09:26:14,3212.0,158082
2021-06-10 09:26:15,3212.2,158243
2021-06-10 09:26:16,3212.0,158244
2021-06-10 09:26:17,3212.2,158246
2021-06-10 09:26:18,3212.2,158246
2021-06-10 09:26:19,3212.0,158358
2021-06-10 09:26:20,3212.0,158378
2021-06-10 09:26:21,3212.0,158565
2021-06-10 09:26:22,3212.0,158577
2021-06-10 09:26:23,3212.0,158577
2021-06-10 09:26:24,3212.35,158578
2021-06-10 09:26:25,3212.35,158578
2021-06-10 09:26:26,3212.35,158688
2021-06-10 09:26:27,3212.0,158715
2021-06-10 09:26:28,3212.35,158815
2021-06-10 09:26:29,3212.0,159015
2021-06-10 09:26:30,3212.0,159146
2021-06-10 09:26:31,3212.0,159321
2021-06-10 09:26:32,3212.35,159327
2021-06-10 09:26:33,3212.35,159357
2021-06-10 09:26:34,3212.35,159446
2021-06-10 09:26:35,3212.35,159447
2021-06-10 09:26:36,3212.35,159452
2021-06-10 09:26:37,3212.5,159552
2021-06-10 09:26:38,3212.35,159602
2021-06-10 09:26:39,3212.35,159602
2021-06-10 09:26:40,3212.0,159607
2021-06-10 09:26:41,3212.35,159615
2021-06-10 09:26:42,3212.35,159615
2021-06-10 09:26:43,3212.35,159615
2021-06-10 09:26:44,3212.0,159627
2021-06-10 09:26:45,3212.0,160251
2021-06-10 09:26:46,3212.0,160291
2021-06-10 09:26:47,3211.8,160532
2021-06-10 09:26:48,3211.75,160678
2021-06-10 09:26:49,3210.0,161729
2021-06-10 09:26:50,3209.85,163763
2021-06-10 09:26:51,3208.0,164140
2021-06-10 09:26:52,3209.45,164172
2021-06-10 09:26:53,3208.25,164328
2021-06-10 09:26:54,3208.35,164435
2021-06-10 09:26:55,3208.35,164514
2021-06-10 09:26:56,3209.45,164539
2021-06-10 09:26:57,3209.45,164539
2021-06-10 09:26:58,3208.35,164551
2021-06-10 09:26:59,3208.9,164628
2021-06-10 09:27:00,3208.85,164810
2021-06-10 09:27:01,3208.85,164831
2021-06-10 09:27:03,3208.85,164936
2021-06-10 09:27:03,3208.0,164971
2021-06-10 09:27:04,3208.0,165226
2021-06-10 09:27:05,3208.85,165301
2021-06-10 09:27:06,3207.8,165340
2021-06-10 09:27:07,3207.8,165340
2021-06-10 09:27:08,3208.85,165358
2021-06-10 09:27:09,3208.85,165360
2021-06-10 09:27:10,3208.95,165414
2021-06-10 09:27:11,3208.95,165414
2021-06-10 09:27:12,3208.95,165414
2021-06-10 09:27:13,3209.1,165418
2021-06-10 09:27:14,3209.0,165434
2021-06-10 09:27:15,3208.85,165842
2021-06-10 09:27:17,3208.85,165842
2021-06-10 09:27:18,3209.05,165843
2021-06-10 09:27:18,3209.05,165843
2021-06-10 09:27:19,3208.35,165850
2021-06-10 09:27:20,3208.95,165853
2021-06-10 09:27:21,3208.0,165857
2021-06-10 09:27:23,3208.9,165913
2021-06-10 09:27:24,3208.9,166032
2021-06-10 09:27:25,3208.35,166065
2021-06-10 09:27:26,3208.05,166066
2021-06-10 09:27:27,3208.0,166076
2021-06-10 09:27:28,3208.0,166234
2021-06-10 09:27:29,3208.0,166358
2021-06-10 09:27:30,3208.55,166373
2021-06-10 09:27:31,3208.55,166373
2021-06-10 09:27:33,3208.55,166450
2021-06-10 09:27:34,3208.0,166461
2021-06-10 09:27:35,3208.55,166486
2021-06-10 09:27:36,3208.65,166599
2021-06-10 09:27:37,3208.0,166649
2021-06-10 09:27:39,3208.65,166685
2021-06-10 09:27:40,3208.65,166685
2021-06-10 09:27:41,3208.5,166757
2021-06-10 09:27:42,3208.1,167047
2021-06-10 09:27:43,3208.55,167053
2021-06-10 09:27:44,3208.65,167109
2021-06-10 09:27:45,3208.65,167169
2021-06-10 09:27:46,3208.65,167196
2021-06-10 09:27:47,3208.65,167196
2021-06-10 09:27:47,3208.65,167196
2021-06-10 09:27:48,3208.65,167196
2021-06-10 09:27:49,3209.0,167796
2021-06-10 09:27:50,3209.0,167796
2021-06-10 09:27:52,3208.9,167937
2021-06-10 09:27:54,3209.25,168540
2021-06-10 09:27:55,3208.1,168690
2021-06-10 09:27:56,3207.8,170005
2021-06-10 09:27:57,3208.4,170827
2021-06-10 09:27:58,3208.0,170837
2021-06-10 09:28:00,3207.3,170838
2021-06-10 09:28:00,3207.0,171512
2021-06-10 09:28:02,3207.25,171523
2021-06-10 09:28:02,3207.25,171572
2021-06-10 09:28:03,3207.25,171572
2021-06-10 09:28:04,3207.5,171623
2021-06-10 09:28:05,3207.0,171826
2021-06-10 09:28:06,3207.5,171827
2021-06-10 09:28:07,3207.0,171837
2021-06-10 09:28:08,3207.5,171838
2021-06-10 09:28:09,3207.5,171839
2021-06-10 09:28:10,3207.0,171875
2021-06-10 09:28:11,3207.0,171875
2021-06-10 09:28:12,3207.5,171877
2021-06-10 09:28:13,3207.5,171903
2021-06-10 09:28:14,3207.5,171903
2021-06-10 09:28:15,3207.5,171905
2021-06-10 09:28:17,3207.5,171977
2021-06-10 09:28:18,3207.25,172018
2021-06-10 09:28:19,3207.25,172020
2021-06-10 09:28:20,3207.5,172023
2021-06-10 09:28:21,3207.55,172325
2021-06-10 09:28:22,3207.3,172326
2021-06-10 09:28:22,3207.3,172326
2021-06-10 09:28:23,3207.35,172332
2021-06-10 09:28:24,3207.75,172397
2021-06-10 09:28:26,3207.5,172405
2021-06-10 09:28:27,3207.5,172405
2021-06-10 09:28:28,3207.5,172515
2021-06-10 09:28:30,3207.75,172532
2021-06-10 09:28:31,3207.75,172532
2021-06-10 09:28:32,3207.5,172660
2021-06-10 09:28:32,3207.5,172660
2021-06-10 09:28:33,3207.75,172707
2021-06-10 09:28:36,3207.75,172861
2021-06-10 09:28:37,3207.75,172861
2021-06-10 09:28:38,3207.75,172861
2021-06-10 09:28:39,3207.75,172861
2021-06-10 09:28:40,3207.75,172865
2021-06-10 09:28:41,3207.8,172956
2021-06-10 09:28:42,3207.5,172961
2021-06-10 09:28:43,3207.5,172961
2021-06-10 09:28:44,3207.8,172989
2021-06-10 09:28:44,3207.8,172989
2021-06-10 09:28:45,3207.85,173139
2021-06-10 09:28:46,3207.85,173139
2021-06-10 09:28:48,3207.85,173204
2021-06-10 09:28:49,3207.75,173262
2021-06-10 09:28:50,3207.75,173262
2021-06-10 09:28:51,3207.75,173262
2021-06-10 09:28:52,3207.65,173333
2021-06-10 09:28:53,3207.65,173378
2021-06-10 09:28:54,3207.8,173652
2021-06-10 09:28:55,3207.8,173657
2021-06-10 09:28:56,3207.8,173732
2021-06-10 09:28:57,3207.8,173732
2021-06-10 09:28:58,3207.8,173822
2021-06-10 09:28:59,3207.8,173910
2021-06-10 09:29:00,3207.65,173911
2021-06-10 09:29:01,3207.65,173921
2021-06-10 09:29:02,3207.65,174421
2021-06-10 09:29:03,3207.85,174734
2021-06-10 09:29:04,3207.85,174735
2021-06-10 09:29:05,3207.95,174963
2021-06-10 09:29:06,3207.95,175074
2021-06-10 09:29:07,3207.95,175074
2021-06-10 09:29:09,3207.95,175084
2021-06-10 09:29:08,3207.95,175074
2021-06-10 09:29:09,3207.95,175095
2021-06-10 09:29:10,3207.8,175285
2021-06-10 09:29:11,3207.8,175335
2021-06-10 09:29:14,3207.95,175929
2021-06-10 09:29:15,3208.15,176390
2021-06-10 09:29:17,3209.45,176606
2021-06-10 09:29:18,3210.0,177166
2021-06-10 09:29:19,3209.65,177246
2021-06-10 09:29:20,3208.9,177477
2021-06-10 09:29:21,3208.4,177522
2021-06-10 09:29:22,3208.85,177527
2021-06-10 09:29:22,3208.85,177529
2021-06-10 09:29:23,3208.9,177635
2021-06-10 09:29:24,3208.9,177653
2021-06-10 09:29:25,3208.9,177653
2021-06-10 09:29:26,3208.9,177653
2021-06-10 09:29:27,3210.15,178053
2021-06-10 09:29:28,3209.25,178077
2021-06-10 09:29:30,3209.2,178261
2021-06-10 09:29:31,3209.2,178261
2021-06-10 09:29:32,3209.25,178262
2021-06-10 09:29:33,3209.25,178312
2021-06-10 09:29:34,3209.25,178312
2021-06-10 09:29:35,3209.25,178312
2021-06-10 09:29:36,3209.25,178315
2021-06-10 09:29:37,3210.0,178365
2021-06-10 09:29:38,3210.0,178413
2021-06-10 09:29:39,3210.0,178443
2021-06-10 09:29:40,3209.95,178444
2021-06-10 09:29:41,3210.0,178554
2021-06-10 09:29:42,3210.0,178584
2021-06-10 09:29:43,3209.3,178644
2021-06-10 09:29:44,3209.3,178644
2021-06-10 09:29:45,3210.0,178713
2021-06-10 09:29:47,3210.0,178771
2021-06-10 09:29:48,3210.0,178773
2021-06-10 09:29:49,3210.0,178773
2021-06-10 09:29:50,3210.0,178773
2021-06-10 09:29:51,3209.45,178777
2021-06-10 09:29:52,3210.0,178985
2021-06-10 09:29:52,3210.0,178985
2021-06-10 09:29:53,3210.0,179023
2021-06-10 09:29:54,3210.0,179023
2021-06-10 09:29:55,3210.0,179028
2021-06-10 09:29:56,3209.65,179912
2021-06-10 09:29:58,3207.85,180912
2021-06-10 09:29:59,3207.85,180977
2021-06-10 09:30:00,3207.8,180979
2021-06-10 09:30:01,3207.8,180986
2021-06-10 09:30:01,3208.85,181197
2021-06-10 09:30:02,3208.9,181344
2021-06-10 09:30:03,3207.9,181347
2021-06-10 09:30:04,3207.9,181347
2021-06-10 09:30:05,3208.0,181375
2021-06-10 09:30:06,3208.0,181375
2021-06-10 09:30:08,3208.0,181688
2021-06-10 09:30:09,3208.95,181698
2021-06-10 09:30:10,3208.95,181748
2021-06-10 09:30:11,3208.0,181753
2021-06-10 09:30:12,3208.95,181758
2021-06-10 09:30:13,3208.0,181772
2021-06-10 09:30:14,3208.9,181774
2021-06-10 09:30:15,3208.05,181781
2021-06-10 09:30:16,3208.05,181781
2021-06-10 09:30:19,3208.15,181941
2021-06-10 09:30:21,3208.9,181982
2021-06-10 09:30:22,3208.9,181982
2021-06-10 09:30:23,3208.9,181982
2021-06-10 09:30:24,3208.9,181992
2021-06-10 09:30:25,3208.9,181995
2021-06-10 09:30:25,3208.9,181992
2021-06-10 09:30:26,3208.9,181995
2021-06-10 09:30:27,3208.9,181997
2021-06-10 09:30:29,3208.9,181997
2021-06-10 09:30:31,3208.15,182047
2021-06-10 09:30:32,3208.9,182049
2021-06-10 09:30:33,3208.3,182071
2021-06-10 09:30:34,3208.9,182102
2021-06-10 09:30:35,3208.85,182125
2021-06-10 09:30:36,3208.0,183147
2021-06-10 09:30:37,3208.0,183308
2021-06-10 09:30:38,3208.15,183836
2021-06-10 09:30:39,3208.15,183836
2021-06-10 09:30:40,3207.5,183907
2021-06-10 09:30:41,3208.1,183961
2021-06-10 09:30:42,3208.1,183961
2021-06-10 09:30:43,3208.1,183961
2021-06-10 09:30:44,3207.85,184285
2021-06-10 09:30:45,3207.85,184290
2021-06-10 09:30:46,3207.8,185143
2021-06-10 09:30:46,3207.8,185143
2021-06-10 09:30:48,3207.0,185298
2021-06-10 09:30:49,3207.0,185298
2021-06-10 09:30:50,3207.0,185370
2021-06-10 09:30:51,3207.3,185491
2021-06-10 09:30:52,3207.3,185491
2021-06-10 09:30:53,3207.3,185491
2021-06-10 09:30:54,3207.0,185492
2021-06-10 09:30:56,3207.0,185513
2021-06-10 09:30:57,3206.1,185559
2021-06-10 09:30:58,3206.1,185572
2021-06-10 09:30:59,3207.0,185660
2021-06-10 09:31:00,3207.0,185660
2021-06-10 09:31:01,3207.0,186336
2021-06-10 09:31:02,3206.05,186346
2021-06-10 09:31:03,3206.6,186348
2021-06-10 09:31:05,3206.05,186430
2021-06-10 09:31:05,3206.05,186430
2021-06-10 09:31:06,3206.6,187766
2021-06-10 09:31:09,3206.0,187815
2021-06-10 09:31:10,3206.0,187816
2021-06-10 09:31:11,3206.3,187823
2021-06-10 09:31:12,3206.0,188483
2021-06-10 09:31:13,3206.0,188737
2021-06-10 09:31:16,3206.0,188751
2021-06-10 09:31:17,3206.0,188751
2021-06-10 09:31:18,3206.0,188791
2021-06-10 09:31:19,3206.0,188876
2021-06-10 09:31:20,3206.15,188881
2021-06-10 09:31:21,3206.0,188885
2021-06-10 09:31:22,3206.1,188935
2021-06-10 09:31:23,3206.15,189650
2021-06-10 09:31:24,3206.15,189750
2021-06-10 09:31:25,3206.05,189816
2021-06-10 09:31:26,3206.15,189817
2021-06-10 09:31:27,3206.15,189928
2021-06-10 09:31:28,3206.05,189979
2021-06-10 09:31:29,3205.95,190270
2021-06-10 09:31:30,3205.95,190270
2021-06-10 09:31:31,3205.9,190387
2021-06-10 09:31:32,3205.9,190387
2021-06-10 09:31:34,3206.2,190437
2021-06-10 09:31:35,3206.2,190438
2021-06-10 09:31:36,3206.0,190462
2021-06-10 09:31:37,3206.0,190494
2021-06-10 09:31:38,3206.0,190528
2021-06-10 09:31:39,3206.0,190529
2021-06-10 09:31:40,3206.2,190579
2021-06-10 09:31:41,3206.15,190600
2021-06-10 09:31:42,3206.15,190600
2021-06-10 09:31:43,3206.15,190612
2021-06-10 09:31:44,3206.0,190770
2021-06-10 09:31:45,3206.15,190781
2021-06-10 09:31:46,3206.15,190791
2021-06-10 09:31:47,3206.0,190834
2021-06-10 09:31:48,3206.0,190856
2021-06-10 09:31:49,3207.0,191647
2021-06-10 09:31:50,3206.55,191956
2021-06-10 09:31:51,3206.2,192032
2021-06-10 09:31:52,3206.2,192032
2021-06-10 09:31:53,3206.0,192304
2021-06-10 09:31:54,3206.8,192315
2021-06-10 09:31:55,3205.9,192538
2021-06-10 09:31:56,3205.6,192785
2021-06-10 09:31:57,3205.2,193329
2021-06-10 09:31:58,3205.2,193329
2021-06-10 09:31:59,3205.2,193329
2021-06-10 09:32:00,3205.0,195017
2021-06-10 09:32:01,3204.65,195180
2021-06-10 09:32:02,3204.75,195183
2021-06-10 09:32:03,3204.75,195455
2021-06-10 09:32:04,3204.0,195465
2021-06-10 09:32:05,3204.6,195493
2021-06-10 09:32:06,3204.0,195496
2021-06-10 09:32:07,3204.0,195751
2021-06-10 09:32:08,3204.0,195781
2021-06-10 09:32:09,3204.3,195932
2021-06-10 09:32:10,3204.3,196224
2021-06-10 09:32:11,3204.3,196225
2021-06-10 09:32:13,3204.0,196298
2021-06-10 09:32:14,3204.0,196299
2021-06-10 09:32:15,3204.0,196301
2021-06-10 09:32:16,3204.0,196331
2021-06-10 09:32:17,3204.3,196356
2021-06-10 09:32:18,3204.25,196396
2021-06-10 09:32:19,3204.0,196480
2021-06-10 09:32:19,3203.8,197667
2021-06-10 09:32:20,3203.7,197792
2021-06-10 09:32:22,3203.65,197932
2021-06-10 09:32:23,3203.65,197940
2021-06-10 09:32:24,3203.15,198037
2021-06-10 09:32:26,3203.0,198335
2021-06-10 09:32:25,3203.0,198335
2021-06-10 09:32:27,3203.0,198408
2021-06-10 09:32:28,3202.9,199188
2021-06-10 09:32:29,3201.95,199323
2021-06-10 09:32:31,3202.0,199457
2021-06-10 09:32:32,3202.55,200487
2021-06-10 09:32:33,3201.35,200703
2021-06-10 09:32:34,3202.0,200708
2021-06-10 09:32:35,3202.45,200837
2021-06-10 09:32:36,3201.9,200843
2021-06-10 09:32:37,3201.3,200909
2021-06-10 09:32:38,3201.3,200909
2021-06-10 09:32:40,3201.9,200948
2021-06-10 09:32:41,3201.85,200949
2021-06-10 09:32:42,3201.35,200953
2021-06-10 09:32:45,3201.25,202956
2021-06-10 09:32:46,3201.25,202956
2021-06-10 09:32:47,3201.45,203036
2021-06-10 09:32:48,3201.45,203388
2021-06-10 09:32:49,3201.2,203395
2021-06-10 09:32:51,3201.4,203562
2021-06-10 09:32:52,3201.2,203578
2021-06-10 09:32:53,3201.25,203688
2021-06-10 09:32:54,3201.0,204016
2021-06-10 09:32:55,3201.0,204198
2021-06-10 09:32:56,3201.25,204283
2021-06-10 09:32:57,3201.2,204286
2021-06-10 09:32:59,3201.0,204542
2021-06-10 09:33:00,3201.0,204645
2021-06-10 09:33:01,3201.15,204702
2021-06-10 09:33:02,3201.2,204881
2021-06-10 09:33:03,3201.25,205226
2021-06-10 09:33:04,3201.0,205590
2021-06-10 09:33:05,3201.0,205592
2021-06-10 09:33:06,3201.4,205677
2021-06-10 09:33:08,3201.4,205677
2021-06-10 09:33:07,3201.4,205677
2021-06-10 09:33:09,3201.25,205678
2021-06-10 09:33:10,3201.4,205731
2021-06-10 09:33:11,3201.25,205732
2021-06-10 09:33:12,3201.75,206347
2021-06-10 09:33:13,3202.9,206669
2021-06-10 09:33:14,3201.55,206670
2021-06-10 09:33:15,3201.3,206921
2021-06-10 09:33:16,3201.0,207922
2021-06-10 09:33:17,3202.35,207977
2021-06-10 09:33:18,3202.15,208031
2021-06-10 09:33:20,3201.0,208336
2021-06-10 09:33:21,3202.15,208356
2021-06-10 09:33:22,3202.15,208356
2021-06-10 09:33:23,3201.85,208374
2021-06-10 09:33:24,3201.85,208374
2021-06-10 09:33:25,3201.9,208557
2021-06-10 09:33:26,3201.85,208765
2021-06-10 09:33:27,3201.85,208776
2021-06-10 09:33:28,3201.85,208892
2021-06-10 09:33:29,3201.85,208892
2021-06-10 09:33:30,3201.5,208955
2021-06-10 09:33:32,3201.5,209032
2021-06-10 09:33:33,3201.4,209038
2021-06-10 09:33:34,3201.8,209184
2021-06-10 09:33:35,3201.4,209219
2021-06-10 09:33:36,3201.4,209263
2021-06-10 09:33:37,3201.8,209283
2021-06-10 09:33:38,3201.75,209314
2021-06-10 09:33:39,3201.75,209355
2021-06-10 09:33:40,3201.7,209367
2021-06-10 09:33:41,3201.7,209367
2021-06-10 09:33:42,3201.7,209417
2021-06-10 09:33:44,3201.7,210077
2021-06-10 09:33:45,3201.7,210096
2021-06-10 09:33:46,3201.75,210101
2021-06-10 09:33:47,3201.75,210164
2021-06-10 09:33:48,3201.75,210294
2021-06-10 09:33:49,3201.75,210305
2021-06-10 09:33:50,3201.75,210318
2021-06-10 09:33:51,3201.75,210321
2021-06-10 09:33:52,3201.75,210326
2021-06-10 09:33:53,3201.6,210331
2021-06-10 09:33:54,3201.75,210778
2021-06-10 09:33:55,3201.75,212115
2021-06-10 09:33:56,3201.75,212518
2021-06-10 09:33:57,3201.85,212558
2021-06-10 09:33:59,3201.8,212650
2021-06-10 09:34:00,3201.8,212668
2021-06-10 09:34:01,3201.8,212785
2021-06-10 09:34:02,3201.75,212792
2021-06-10 09:34:03,3201.8,212793
2021-06-10 09:34:04,3201.75,212796
2021-06-10 09:34:05,3202.05,213532
2021-06-10 09:34:06,3203.05,215293
2021-06-10 09:34:07,3203.05,215343
2021-06-10 09:34:08,3203.05,215484
2021-06-10 09:34:09,3203.95,215534
2021-06-10 09:34:10,3203.95,215534
2021-06-10 09:34:11,3203.95,215534
2021-06-10 09:34:12,3203.95,216039
2021-06-10 09:34:13,3203.95,216192
2021-06-10 09:34:15,3203.9,216418
2021-06-10 09:34:16,3203.9,216448
2021-06-10 09:34:17,3203.9,216457
2021-06-10 09:34:20,3203.2,216906
2021-06-10 09:34:21,3203.95,217006
2021-06-10 09:34:22,3203.95,217007
2021-06-10 09:34:23,3203.95,217024
2021-06-10 09:34:24,3203.95,217048
2021-06-10 09:34:25,3203.9,217058
2021-06-10 09:34:26,3203.95,217123
2021-06-10 09:34:27,3203.95,217125
2021-06-10 09:34:28,3203.95,217258
2021-06-10 09:34:29,3203.95,217384
2021-06-10 09:34:30,3203.25,217490
2021-06-10 09:34:31,3204.05,217607
2021-06-10 09:34:32,3203.95,217650
2021-06-10 09:34:33,3204.05,217698
2021-06-10 09:34:34,3204.05,217706
2021-06-10 09:34:35,3204.05,217990
2021-06-10 09:34:36,3204.15,218003
2021-06-10 09:34:37,3204.05,218036
2021-06-10 09:34:38,3204.6,218061
2021-06-10 09:34:39,3204.6,218065
2021-06-10 09:34:41,3204.65,218114
2021-06-10 09:34:40,3204.65,218114
2021-06-10 09:34:42,3205.6,218215
2021-06-10 09:34:43,3205.6,218215
2021-06-10 09:34:44,3205.6,218259
2021-06-10 09:34:45,3205.0,218355
2021-06-10 09:34:46,3205.6,218508
2021-06-10 09:34:47,3205.6,218611
2021-06-10 09:34:48,3205.55,218612
2021-06-10 09:34:49,3205.55,218612
2021-06-10 09:34:50,3205.55,218612
2021-06-10 09:34:51,3205.0,218718
2021-06-10 09:34:52,3205.55,218723
2021-06-10 09:34:53,3205.0,218741
2021-06-10 09:34:55,3205.0,218816
2021-06-10 09:34:57,3205.55,218881
2021-06-10 09:34:58,3205.55,218895
2021-06-10 09:34:59,3205.55,218899
2021-06-10 09:35:00,3205.6,219125
2021-06-10 09:35:01,3205.55,219151
2021-06-10 09:35:02,3205.55,219157
2021-06-10 09:35:03,3205.6,219267
2021-06-10 09:35:04,3205.55,219330
2021-06-10 09:35:05,3205.6,219389
2021-06-10 09:35:05,3205.6,219389
2021-06-10 09:35:06,3205.55,219392
2021-06-10 09:35:08,3205.6,219398
2021-06-10 09:35:09,3205.6,219428
2021-06-10 09:35:10,3205.6,219435
2021-06-10 09:35:11,3205.6,219435
2021-06-10 09:35:12,3205.8,219498
2021-06-10 09:35:13,3205.8,219498
2021-06-10 09:35:14,3205.8,219508
2021-06-10 09:35:15,3206.1,220242
2021-06-10 09:35:16,3205.55,220262
2021-06-10 09:35:17,3206.7,220462
2021-06-10 09:35:17,3206.7,220462
2021-06-10 09:35:18,3206.65,220482
2021-06-10 09:35:19,3206.7,220486
2021-06-10 09:35:20,3206.55,220502
2021-06-10 09:35:21,3206.55,220502
2021-06-10 09:35:22,3206.55,220502
2021-06-10 09:35:25,3206.3,220649
2021-06-10 09:35:27,3206.3,220956
2021-06-10 09:35:27,3206.35,221083
2021-06-10 09:35:28,3206.45,221201
2021-06-10 09:35:29,3206.3,221203
2021-06-10 09:35:30,3206.35,221207
2021-06-10 09:35:31,3206.35,221207
2021-06-10 09:35:32,3206.35,221274
2021-06-10 09:35:33,3206.35,221352
2021-06-10 09:35:35,3206.35,221365
2021-06-10 09:35:37,3207.25,222078
2021-06-10 09:35:38,3206.45,222139
2021-06-10 09:35:39,3207.2,222639
2021-06-10 09:35:40,3206.45,222641
2021-06-10 09:35:41,3206.45,222641
2021-06-10 09:35:42,3206.45,222641
2021-06-10 09:35:43,3206.45,222649
2021-06-10 09:35:44,3206.95,222762
2021-06-10 09:35:45,3206.45,222846
2021-06-10 09:35:46,3206.45,222852
2021-06-10 09:35:47,3206.95,222857
2021-06-10 09:35:48,3206.45,222860
2021-06-10 09:35:50,3206.95,222910
2021-06-10 09:35:51,3206.95,223015
2021-06-10 09:35:53,3206.95,223028
2021-06-10 09:35:53,3206.95,223028
2021-06-10 09:35:55,3206.5,223133
2021-06-10 09:35:56,3206.9,223158
2021-06-10 09:35:56,3206.9,223160
2021-06-10 09:35:57,3206.5,223175
2021-06-10 09:35:58,3206.5,223229
2021-06-10 09:35:59,3206.9,223309
2021-06-10 09:36:00,3206.5,223339
2021-06-10 09:36:01,3205.5,224567
2021-06-10 09:36:02,3205.6,224635
2021-06-10 09:36:03,3205.6,224635
2021-06-10 09:36:04,3205.6,224635
2021-06-10 09:36:05,3205.6,224649
2021-06-10 09:36:06,3205.6,224701
2021-06-10 09:36:08,3205.6,224701
2021-06-10 09:36:08,3205.6,224701
2021-06-10 09:36:10,3205.6,224701
2021-06-10 09:36:10,3205.6,224701
2021-06-10 09:36:12,3205.35,224824
2021-06-10 09:36:11,3205.4,224801
2021-06-10 09:36:13,3205.35,224824
2021-06-10 09:36:14,3205.35,224829
2021-06-10 09:36:15,3205.35,224831
2021-06-10 09:36:17,3205.35,224881
2021-06-10 09:36:16,3205.35,224831
2021-06-10 09:36:18,3205.35,224881
2021-06-10 09:36:19,3205.35,224935
2021-06-10 09:36:20,3205.4,225004
2021-06-10 09:36:21,3205.35,225161
2021-06-10 09:36:22,3205.35,225162
2021-06-10 09:36:23,3205.35,225162
2021-06-10 09:36:24,3205.35,225221
2021-06-10 09:36:25,3205.35,225221
2021-06-10 09:36:26,3205.4,225223
2021-06-10 09:36:27,3205.35,225226
2021-06-10 09:36:29,3205.4,225232
2021-06-10 09:36:30,3205.4,225234
2021-06-10 09:36:29,3205.4,225234
2021-06-10 09:36:31,3205.4,225275
2021-06-10 09:36:32,3205.35,225431
2021-06-10 09:36:34,3205.35,225431
2021-06-10 09:36:34,3205.4,225448
2021-06-10 09:36:35,3205.4,225449
2021-06-10 09:36:36,3205.4,225565
2021-06-10 09:36:37,3205.4,225565
2021-06-10 09:36:38,3205.4,225587
2021-06-10 09:36:40,3205.25,225736
2021-06-10 09:36:42,3205.4,225756
2021-06-10 09:36:43,3205.4,225806
2021-06-10 09:36:43,3205.4,225806
2021-06-10 09:36:44,3205.0,225909
2021-06-10 09:36:45,3205.0,225909
2021-06-10 09:36:46,3205.0,225911
2021-06-10 09:36:48,3205.35,225962
2021-06-10 09:36:49,3205.35,225962
2021-06-10 09:36:51,3205.05,226075
2021-06-10 09:36:51,3205.3,226078
2021-06-10 09:36:52,3205.3,226078
2021-06-10 09:36:53,3205.3,226083
2021-06-10 09:36:54,3205.35,226503
2021-06-10 09:36:55,3205.0,226757
2021-06-10 09:36:57,3205.0,226757
2021-06-10 09:36:58,3205.3,227690
2021-06-10 09:36:59,3205.3,227690
2021-06-10 09:37:00,3205.65,227917
2021-06-10 09:37:00,3205.65,227942
2021-06-10 09:37:02,3205.8,227991
2021-06-10 09:37:04,3205.65,227999
2021-06-10 09:37:05,3205.65,227999
2021-06-10 09:37:06,3206.0,228012
2021-06-10 09:37:06,3206.0,228012
2021-06-10 09:37:07,3205.65,228037
2021-06-10 09:37:08,3205.95,228092
2021-06-10 09:37:09,3205.95,228092
2021-06-10 09:37:11,3206.45,228441
2021-06-10 09:37:12,3206.45,228631
2021-06-10 09:37:13,3208.45,229540
2021-06-10 09:37:14,3208.8,229690
2021-06-10 09:37:15,3207.1,229929
2021-06-10 09:37:16,3207.1,229929
2021-06-10 09:37:17,3208.4,229934
2021-06-10 09:37:18,3208.4,229934
2021-06-10 09:37:19,3208.4,229984
2021-06-10 09:37:19,3207.4,230024
2021-06-10 09:37:20,3207.4,230026
2021-06-10 09:37:21,3208.4,230207
2021-06-10 09:37:22,3208.4,230267
2021-06-10 09:37:24,3207.4,230367
2021-06-10 09:37:24,3207.4,230367
2021-06-10 09:37:26,3207.4,230367
2021-06-10 09:37:27,3207.4,230499
2021-06-10 09:37:28,3207.4,230499
2021-06-10 09:37:31,3208.2,230507
2021-06-10 09:37:32,3208.2,230507
2021-06-10 09:37:33,3208.2,230507
2021-06-10 09:37:34,3207.4,230888
2021-06-10 09:37:36,3208.1,231087
2021-06-10 09:37:37,3208.1,231087
2021-06-10 09:37:39,3208.1,231107
2021-06-10 09:37:39,3208.1,231257
2021-06-10 09:37:40,3208.1,231320
2021-06-10 09:37:42,3208.05,231345
2021-06-10 09:37:42,3207.4,231350
2021-06-10 09:37:44,3208.0,231380
2021-06-10 09:37:45,3208.0,231380
2021-06-10 09:37:46,3208.05,231390
2021-06-10 09:37:46,3208.0,231400
2021-06-10 09:37:47,3208.05,231500
2021-06-10 09:37:48,3208.25,232432
2021-06-10 09:37:49,3208.0,232446
2021-06-10 09:37:50,3208.0,232446
2021-06-10 09:37:51,3208.5,232634
2021-06-10 09:37:52,3208.25,232636
2021-06-10 09:37:54,3208.15,232740
2021-06-10 09:37:55,3208.15,232741
2021-06-10 09:37:56,3208.5,232751
2021-06-10 09:37:56,3208.25,232801
2021-06-10 09:37:57,3208.45,232813
2021-06-10 09:37:58,3208.45,232813
2021-06-10 09:37:59,3208.45,232854
2021-06-10 09:38:00,3208.4,232856
2021-06-10 09:38:01,3208.4,232856
2021-06-10 09:38:03,3208.45,232873
2021-06-10 09:38:03,3208.45,232873
2021-06-10 09:38:04,3208.45,232891
2021-06-10 09:38:06,3208.45,232904
2021-06-10 09:38:07,3208.45,232914
2021-06-10 09:38:08,3209.85,234049
2021-06-10 09:38:09,3209.7,234128
2021-06-10 09:38:09,3209.75,234453
2021-06-10 09:38:10,3209.5,234484
2021-06-10 09:38:11,3209.5,234487
2021-06-10 09:38:13,3210.4,234589
2021-06-10 09:38:12,3209.5,234487
2021-06-10 09:38:14,3210.4,234590
2021-06-10 09:38:15,3210.3,234846
2021-06-10 09:38:16,3210.3,234846
2021-06-10 09:38:18,3209.5,234998
2021-06-10 09:38:18,3210.15,235149
2021-06-10 09:38:21,3209.1,235546
2021-06-10 09:38:22,3208.75,235547
2021-06-10 09:38:23,3209.5,235647
2021-06-10 09:38:23,3209.5,235647
2021-06-10 09:38:24,3208.75,235781
2021-06-10 09:38:25,3209.55,235789
2021-06-10 09:38:26,3209.55,235815
2021-06-10 09:38:27,3208.75,235926
2021-06-10 09:38:28,3209.5,235927
2021-06-10 09:38:29,3209.5,236018
2021-06-10 09:38:30,3209.05,236028
2021-06-10 09:38:31,3209.1,236178
2021-06-10 09:38:32,3209.1,236182
2021-06-10 09:38:33,3209.1,236182
2021-06-10 09:38:35,3209.1,236182
2021-06-10 09:38:36,3209.3,236492
2021-06-10 09:38:37,3210.0,236669
2021-06-10 09:38:38,3210.0,236669
2021-06-10 09:38:38,3210.0,236669
2021-06-10 09:38:40,3209.5,236759
2021-06-10 09:38:40,3209.5,236759
2021-06-10 09:38:42,3208.45,238107
2021-06-10 09:38:43,3208.3,238226
2021-06-10 09:38:44,3208.55,238251
2021-06-10 09:38:45,3208.45,238283
2021-06-10 09:38:46,3208.4,238316
2021-06-10 09:38:47,3208.4,238320
2021-06-10 09:38:48,3208.4,238320
2021-06-10 09:38:48,3208.4,238370
2021-06-10 09:38:49,3208.45,238420
2021-06-10 09:38:50,3208.0,238433
2021-06-10 09:38:51,3208.4,238440
2021-06-10 09:38:52,3208.4,238440
2021-06-10 09:38:54,3208.0,238442
2021-06-10 09:38:55,3208.4,238651
2021-06-10 09:38:56,3208.4,238651
2021-06-10 09:38:56,3208.4,238651
2021-06-10 09:38:57,3208.4,238670
2021-06-10 09:38:58,3208.4,238677
2021-06-10 09:39:00,3208.4,238701
2021-06-10 09:39:01,3208.4,238701
2021-06-10 09:39:02,3208.4,238701
2021-06-10 09:39:03,3208.0,238835
2021-06-10 09:39:03,3208.35,238837
2021-06-10 09:39:04,3208.35,238903
2021-06-10 09:39:05,3208.0,238942
2021-06-10 09:39:06,3208.35,238962
2021-06-10 09:39:07,3208.35,238962
2021-06-10 09:39:08,3208.0,238972
2021-06-10 09:39:10,3208.0,238972
2021-06-10 09:39:11,3208.35,238974
2021-06-10 09:39:12,3208.35,238974
2021-06-10 09:39:13,3208.35,238975
2021-06-10 09:39:14,3208.35,239001
2021-06-10 09:39:15,3208.35,239007
2021-06-10 09:39:16,3208.35,239007
2021-06-10 09:39:16,3208.35,239007
2021-06-10 09:39:17,3208.35,239112
2021-06-10 09:39:18,3208.35,239112
2021-06-10 09:39:19,3208.35,239133
2021-06-10 09:39:21,3208.0,239137
2021-06-10 09:39:22,3208.15,239138
2021-06-10 09:39:24,3208.3,239188
2021-06-10 09:39:25,3208.3,239188
2021-06-10 09:39:26,3208.15,239195
2021-06-10 09:39:28,3208.3,239213
2021-06-10 09:39:29,3208.3,239218
2021-06-10 09:39:30,3208.3,239228
2021-06-10 09:39:30,3208.3,239228
2021-06-10 09:39:31,3208.15,239429
2021-06-10 09:39:32,3208.15,239429
2021-06-10 09:39:33,3208.15,239430
2021-06-10 09:39:34,3208.15,239435
2021-06-10 09:39:37,3208.3,239446
2021-06-10 09:39:38,3208.3,239446
2021-06-10 09:39:39,3208.25,239452
2021-06-10 09:39:40,3208.25,239453
2021-06-10 09:39:41,3208.15,239463
2021-06-10 09:39:41,3208.15,239463
2021-06-10 09:39:42,3208.2,239483
2021-06-10 09:39:43,3208.2,239523
2021-06-10 09:39:44,3208.15,239524
2021-06-10 09:39:46,3208.15,239529
2021-06-10 09:39:47,3208.15,239529
2021-06-10 09:39:48,3208.2,239709
2021-06-10 09:39:49,3208.2,239727
2021-06-10 09:39:50,3208.15,239728
2021-06-10 09:39:50,3208.2,239727
2021-06-10 09:39:51,3208.15,239732
2021-06-10 09:39:52,3208.15,239744
2021-06-10 09:39:53,3208.2,239788
2021-06-10 09:39:55,3208.2,239788
2021-06-10 09:39:56,3208.2,240018
2021-06-10 09:39:57,3208.15,240080
2021-06-10 09:39:58,3208.15,240080
2021-06-10 09:39:59,3208.2,240156
2021-06-10 09:40:00,3208.2,240157
2021-06-10 09:40:01,3207.7,240912
2021-06-10 09:40:02,3207.95,241022
2021-06-10 09:40:03,3207.95,241022
2021-06-10 09:40:04,3207.7,241082
2021-06-10 09:40:04,3207.7,241082
2021-06-10 09:40:05,3207.0,241110
2021-06-10 09:40:06,3207.0,241110
2021-06-10 09:40:07,3207.4,241125
2021-06-10 09:40:09,3207.4,241125
2021-06-10 09:40:10,3207.4,241126
2021-06-10 09:40:11,3207.4,241128
2021-06-10 09:40:12,3207.65,241140
2021-06-10 09:40:13,3207.65,241140
2021-06-10 09:40:14,3207.65,241182
2021-06-10 09:40:15,3207.65,241182
2021-06-10 09:40:16,3207.4,241199
2021-06-10 09:40:17,3207.4,241199
2021-06-10 09:40:18,3207.65,241250
2021-06-10 09:40:20,3207.65,241515
2021-06-10 09:40:21,3207.65,241548
2021-06-10 09:40:22,3207.4,241650
2021-06-10 09:40:23,3207.4,241651
2021-06-10 09:40:24,3207.4,241651
2021-06-10 09:40:25,3207.4,241651
2021-06-10 09:40:26,3207.4,241651
2021-06-10 09:40:27,3207.4,241751
2021-06-10 09:40:27,3207.4,241751
2021-06-10 09:40:29,3207.6,241771
2021-06-10 09:40:30,3207.6,241771
2021-06-10 09:40:32,3207.6,241796
2021-06-10 09:40:33,3207.45,241801
2021-06-10 09:40:34,3207.45,241801
2021-06-10 09:40:35,3207.7,242434
2021-06-10 09:40:36,3207.7,242434
2021-06-10 09:40:37,3207.4,242435
2021-06-10 09:40:38,3207.4,242447
2021-06-10 09:40:38,3207.4,242447
2021-06-10 09:40:39,3207.4,242547
2021-06-10 09:40:40,3207.4,242574
2021-06-10 09:40:41,3207.4,242574
2021-06-10 09:40:42,3207.7,242625
2021-06-10 09:40:43,3207.4,242635
2021-06-10 09:40:44,3207.4,242635
2021-06-10 09:40:45,3207.4,242635
2021-06-10 09:40:47,3207.3,242766
2021-06-10 09:40:48,3207.7,242777
2021-06-10 09:40:49,3207.7,242777
2021-06-10 09:40:50,3207.7,242777
2021-06-10 09:40:51,3207.4,242780
2021-06-10 09:40:52,3207.7,242800
2021-06-10 09:40:52,3207.7,242810
2021-06-10 09:40:53,3207.3,243313
2021-06-10 09:40:54,3207.75,243466
2021-06-10 09:40:56,3207.75,243466
2021-06-10 09:40:57,3207.3,243471
2021-06-10 09:40:58,3207.3,243471
2021-06-10 09:40:59,3207.3,243471
2021-06-10 09:41:00,3207.3,243471
2021-06-10 09:41:01,3207.3,243611
2021-06-10 09:41:02,3207.3,243611
2021-06-10 09:41:03,3207.3,243621
2021-06-10 09:41:03,3207.3,243621
2021-06-10 09:41:05,3207.3,243626
2021-06-10 09:41:06,3207.3,243627
2021-06-10 09:41:08,3207.3,243627
2021-06-10 09:41:08,3207.3,243627
2021-06-10 09:41:09,3207.3,243627
2021-06-10 09:41:10,3207.6,243677
2021-06-10 09:41:11,3207.35,243978
2021-06-10 09:41:12,3207.6,243979
2021-06-10 09:41:15,3207.6,243979
2021-06-10 09:41:16,3207.35,243980
2021-06-10 09:41:17,3207.6,243981
2021-06-10 09:41:18,3207.6,243981
2021-06-10 09:41:19,3207.6,243981
2021-06-10 09:41:20,3207.35,243993
2021-06-10 09:41:20,3207.55,243990
2021-06-10 09:41:21,3207.35,243993
2021-06-10 09:41:23,3207.35,243993
2021-06-10 09:41:25,3207.35,244054
2021-06-10 09:41:26,3207.35,244058
2021-06-10 09:41:27,3207.35,244058
2021-06-10 09:41:28,3207.35,244093
2021-06-10 09:41:29,3207.55,244143
2021-06-10 09:41:30,3207.35,244153
2021-06-10 09:41:31,3207.6,244381
2021-06-10 09:41:33,3207.8,244441
2021-06-10 09:41:34,3207.6,244494
2021-06-10 09:41:34,3207.6,244494
2021-06-10 09:41:35,3207.6,244495
2021-06-10 09:41:37,3207.8,244515
2021-06-10 09:41:38,3207.6,244540
2021-06-10 09:41:39,3207.6,244540
2021-06-10 09:41:40,3207.6,244545
2021-06-10 09:41:41,3207.5,244577
2021-06-10 09:41:42,3207.5,244582
2021-06-10 09:41:43,3207.5,244583
2021-06-10 09:41:44,3207.55,244603
2021-06-10 09:41:45,3207.55,244650
2021-06-10 09:41:46,3207.5,244654
2021-06-10 09:41:47,3207.5,244654
2021-06-10 09:41:48,3207.55,244691
2021-06-10 09:41:49,3207.55,244702
2021-06-10 09:41:50,3207.5,244817
2021-06-10 09:41:51,3207.5,244879
2021-06-10 09:41:52,3207.5,244879
2021-06-10 09:41:53,3207.0,246091
2021-06-10 09:41:54,3206.0,246363
2021-06-10 09:41:55,3205.95,246563
2021-06-10 09:41:56,3205.7,246586
2021-06-10 09:41:57,3205.7,246683
2021-06-10 09:41:57,3205.45,246698
2021-06-10 09:41:58,3205.6,246705
2021-06-10 09:41:59,3205.4,246772
2021-06-10 09:42:01,3205.55,246822
2021-06-10 09:42:02,3205.4,246826
2021-06-10 09:42:03,3205.2,246886
2021-06-10 09:42:04,3205.2,246886
2021-06-10 09:42:05,3205.2,246886
2021-06-10 09:42:06,3205.45,246897
2021-06-10 09:42:07,3205.45,246897
2021-06-10 09:42:08,3205.45,246927
2021-06-10 09:42:09,3205.2,246936
2021-06-10 09:42:10,3205.2,246961
2021-06-10 09:42:11,3205.2,246971
2021-06-10 09:42:12,3205.2,247085
2021-06-10 09:42:13,3205.0,247610
2021-06-10 09:42:13,3205.0,247610
2021-06-10 09:42:14,3205.2,247712
2021-06-10 09:42:15,3205.0,248246
2021-06-10 09:42:17,3204.95,248256
2021-06-10 09:42:18,3204.95,248256
2021-06-10 09:42:19,3204.0,248456
2021-06-10 09:42:20,3204.0,248507
2021-06-10 09:42:21,3204.0,248556
2021-06-10 09:42:22,3204.8,248696
2021-06-10 09:42:23,3204.1,248726
2021-06-10 09:42:24,3204.1,248726
2021-06-10 09:42:25,3204.3,248736
2021-06-10 09:42:26,3204.1,248836
2021-06-10 09:42:27,3204.55,249950
2021-06-10 09:42:27,3204.55,249950
2021-06-10 09:42:28,3204.55,249952
2021-06-10 09:42:29,3204.55,250018
2021-06-10 09:42:31,3204.5,250020
2021-06-10 09:42:32,3204.5,250220
2021-06-10 09:42:34,3204.55,250271
2021-06-10 09:42:35,3204.55,250275
2021-06-10 09:42:36,3204.5,250278
2021-06-10 09:42:37,3204.55,250283
2021-06-10 09:42:38,3204.55,250286
2021-06-10 09:42:39,3204.55,250286
2021-06-10 09:42:41,3204.5,250299
2021-06-10 09:42:42,3204.55,250304
2021-06-10 09:42:43,3204.5,250314
2021-06-10 09:42:44,3204.5,250314
2021-06-10 09:42:45,3204.5,250314
2021-06-10 09:42:46,3204.55,250329
2021-06-10 09:42:47,3204.55,250329
2021-06-10 09:42:48,3204.55,250329
2021-06-10 09:42:49,3204.55,250329
2021-06-10 09:42:50,3204.55,250329
2021-06-10 09:42:51,3204.5,250332
2021-06-10 09:42:52,3204.5,250432
2021-06-10 09:42:53,3204.55,250436
2021-06-10 09:42:54,3204.55,250441
2021-06-10 09:42:56,3204.55,250522
2021-06-10 09:42:57,3204.55,250522
2021-06-10 09:42:58,3204.55,250522
2021-06-10 09:42:59,3204.55,250522
2021-06-10 09:43:00,3204.55,250522
2021-06-10 09:43:01,3204.5,250535
2021-06-10 09:43:02,3204.5,250538
2021-06-10 09:43:03,3204.5,250538
2021-06-10 09:43:03,3204.55,250598
2021-06-10 09:43:05,3204.55,250600
2021-06-10 09:43:06,3204.55,250735
2021-06-10 09:43:07,3204.55,250935
2021-06-10 09:43:08,3204.55,250939
2021-06-10 09:43:09,3204.8,251360
2021-06-10 09:43:10,3204.8,251360
2021-06-10 09:43:10,3204.8,251360
2021-06-10 09:43:12,3205.0,251894
2021-06-10 09:43:13,3205.1,251940
2021-06-10 09:43:14,3205.45,251942
2021-06-10 09:43:15,3205.45,251942
2021-06-10 09:43:16,3205.45,251942
2021-06-10 09:43:17,3205.45,252046
2021-06-10 09:43:18,3205.5,252056
2021-06-10 09:43:19,3206.35,252062
2021-06-10 09:43:20,3206.8,252073
2021-06-10 09:43:21,3206.75,252078
2021-06-10 09:43:22,3206.8,252161
2021-06-10 09:43:23,3206.85,252182
2021-06-10 09:43:24,3206.85,252182
2021-06-10 09:43:26,3207.0,252296
2021-06-10 09:43:27,3206.3,252852
2021-06-10 09:43:29,3206.3,252943
2021-06-10 09:43:30,3206.3,252948
2021-06-10 09:43:31,3206.3,252948
2021-06-10 09:43:32,3206.3,253040
2021-06-10 09:43:33,3206.3,253040
2021-06-10 09:43:34,3206.25,253091
2021-06-10 09:43:35,3206.25,253096
2021-06-10 09:43:36,3205.75,253100
2021-06-10 09:43:37,3206.2,253136
2021-06-10 09:43:38,3206.2,253146
2021-06-10 09:43:40,3206.2,253146
2021-06-10 09:43:41,3205.75,253151
2021-06-10 09:43:42,3205.75,253151
2021-06-10 09:43:43,3206.2,253189
2021-06-10 09:43:44,3206.2,253196
2021-06-10 09:43:45,3206.0,253206
2021-06-10 09:43:46,3206.2,253250
2021-06-10 09:43:47,3206.2,253255
2021-06-10 09:43:48,3206.2,253255
2021-06-10 09:43:49,3206.0,253265
2021-06-10 09:43:50,3206.0,253265
2021-06-10 09:43:51,3206.0,253268
2021-06-10 09:43:53,3206.2,253339
2021-06-10 09:43:54,3206.2,253349
2021-06-10 09:43:55,3206.2,253349
2021-06-10 09:43:56,3206.2,253349
2021-06-10 09:43:57,3206.05,253354
2021-06-10 09:43:59,3206.05,253354
2021-06-10 09:43:58,3206.05,253354
2021-06-10 09:44:01,3206.0,253399
2021-06-10 09:44:02,3206.05,253400
2021-06-10 09:44:03,3206.95,254527
2021-06-10 09:44:04,3206.55,254540
2021-06-10 09:44:05,3206.55,254540
2021-06-10 09:44:07,3207.2,254662
2021-06-10 09:44:08,3207.35,254664
2021-06-10 09:44:10,3207.35,254664
2021-06-10 09:44:11,3207.35,254664
2021-06-10 09:44:12,3207.15,254665
2021-06-10 09:44:13,3207.15,254731
2021-06-10 09:44:14,3207.15,254731
2021-06-10 09:44:15,3206.5,254736
2021-06-10 09:44:16,3206.5,254794
2021-06-10 09:44:17,3206.5,254794
2021-06-10 09:44:18,3206.5,254794
2021-06-10 09:44:19,3206.5,254794
2021-06-10 09:44:20,3206.5,254803
2021-06-10 09:44:21,3206.5,254803
2021-06-10 09:44:22,3206.5,254803
2021-06-10 09:44:23,3207.15,254847
2021-06-10 09:44:24,3207.15,254913
2021-06-10 09:44:25,3207.15,254978
2021-06-10 09:44:26,3207.15,254979
2021-06-10 09:44:27,3206.6,254989
2021-06-10 09:44:28,3206.6,254991
2021-06-10 09:44:30,3206.6,254991
2021-06-10 09:44:31,3206.6,254991
2021-06-10 09:44:32,3207.2,255055
2021-06-10 09:44:33,3207.25,255184
2021-06-10 09:44:34,3207.25,255184
2021-06-10 09:44:35,3207.05,255186
2021-06-10 09:44:36,3207.05,255186
2021-06-10 09:44:37,3207.05,255245
2021-06-10 09:44:38,3207.05,255255
2021-06-10 09:44:39,3207.25,255261
2021-06-10 09:44:40,3207.2,255345
2021-06-10 09:44:41,3207.2,255346
2021-06-10 09:44:42,3207.2,255351
2021-06-10 09:44:43,3207.2,255356
2021-06-10 09:44:44,3207.25,255426
2021-06-10 09:44:46,3207.25,255441
2021-06-10 09:44:47,3207.2,255446
2021-06-10 09:44:48,3207.2,255449
2021-06-10 09:44:49,3207.2,255449
2021-06-10 09:44:50,3207.2,255553
2021-06-10 09:44:51,3207.2,255678
2021-06-10 09:44:52,3207.35,255778
2021-06-10 09:44:53,3207.35,255778
2021-06-10 09:44:54,3207.35,255836
2021-06-10 09:44:55,3207.2,255846
2021-06-10 09:44:56,3207.2,255846
2021-06-10 09:44:57,3207.2,255856
2021-06-10 09:44:58,3207.35,255876
2021-06-10 09:44:59,3207.35,255937
2021-06-10 09:45:00,3207.35,255937
2021-06-10 09:45:01,3207.35,255937
2021-06-10 09:45:02,3207.3,255943
2021-06-10 09:45:03,3207.35,255955
2021-06-10 09:45:04,3207.3,256021
2021-06-10 09:45:05,3207.35,256075
2021-06-10 09:45:06,3207.35,256104
2021-06-10 09:45:07,3207.35,256204
2021-06-10 09:45:08,3207.35,256204
2021-06-10 09:45:09,3207.3,256214
2021-06-10 09:45:12,3207.3,256400
2021-06-10 09:45:13,3207.35,256426
2021-06-10 09:45:14,3207.3,256452
2021-06-10 09:45:15,3207.35,256458
2021-06-10 09:45:17,3207.35,256826
2021-06-10 09:45:16,3207.3,256793
2021-06-10 09:45:18,3207.3,256829
2021-06-10 09:45:19,3207.3,256829
2021-06-10 09:45:20,3206.5,258421
2021-06-10 09:45:22,3206.5,258424
2021-06-10 09:45:23,3206.5,258424
2021-06-10 09:45:24,3206.6,258426
2021-06-10 09:45:25,3206.6,258539
2021-06-10 09:45:26,3206.6,258590
2021-06-10 09:45:27,3206.6,258590
2021-06-10 09:45:28,3206.6,258590
2021-06-10 09:45:30,3206.6,258653
2021-06-10 09:45:30,3206.5,258593
2021-06-10 09:45:31,3206.3,258854
2021-06-10 09:45:32,3206.4,259487
2021-06-10 09:45:33,3206.5,260158
2021-06-10 09:45:34,3206.5,260158
2021-06-10 09:45:35,3206.0,260217
2021-06-10 09:45:37,3206.1,260250
2021-06-10 09:45:38,3206.1,260250
2021-06-10 09:45:39,3206.1,260260
2021-06-10 09:45:40,3206.1,260310
2021-06-10 09:45:44,3206.0,260321
2021-06-10 09:45:44,3206.1,260323
2021-06-10 09:45:46,3206.0,260325
2021-06-10 09:45:47,3206.0,260325
2021-06-10 09:45:48,3206.0,260325
2021-06-10 09:45:50,3206.0,260325
2021-06-10 09:45:50,3206.0,260325
2021-06-10 09:45:51,3206.0,260329
2021-06-10 09:45:52,3206.0,260330
2021-06-10 09:45:53,3206.1,260340
2021-06-10 09:45:54,3206.1,260340
2021-06-10 09:45:56,3206.1,260341
2021-06-10 09:45:57,3206.1,260341
2021-06-10 09:45:57,3206.1,260341
2021-06-10 09:45:58,3206.1,260341
2021-06-10 09:45:59,3206.0,260518
2021-06-10 09:46:00,3206.0,260535
2021-06-10 09:46:01,3206.0,260535
2021-06-10 09:46:04,3206.0,260535
2021-06-10 09:46:06,3206.0,260539
2021-06-10 09:46:07,3206.1,260579
2021-06-10 09:46:08,3206.1,260579
2021-06-10 09:46:09,3206.1,260579
2021-06-10 09:46:10,3206.1,260677
2021-06-10 09:46:11,3206.1,260710
2021-06-10 09:46:13,3206.1,260821
2021-06-10 09:46:14,3206.1,260821
2021-06-10 09:46:15,3206.0,260972
2021-06-10 09:46:16,3206.1,260991
2021-06-10 09:46:17,3206.1,260991
2021-06-10 09:46:18,3206.0,261033
2021-06-10 09:46:20,3206.1,261056
2021-06-10 09:46:21,3206.0,261067
2021-06-10 09:46:21,3206.0,261067
2021-06-10 09:46:22,3206.0,261067
2021-06-10 09:46:23,3206.0,261067
2021-06-10 09:46:24,3206.0,261146
2021-06-10 09:46:25,3206.0,261149
2021-06-10 09:46:27,3206.0,261198
2021-06-10 09:46:27,3206.0,261198
2021-06-10 09:46:28,3206.0,261399
2021-06-10 09:46:29,3206.0,261399
2021-06-10 09:46:30,3206.0,261399
2021-06-10 09:46:32,3206.0,261435
2021-06-10 09:46:32,3206.0,261435
2021-06-10 09:46:33,3206.05,261436
2021-06-10 09:46:34,3206.0,261442
2021-06-10 09:46:35,3206.0,261538
2021-06-10 09:46:36,3206.0,261542
2021-06-10 09:46:37,3206.0,261542
2021-06-10 09:46:38,3206.05,261577
2021-06-10 09:46:40,3206.05,261612
2021-06-10 09:46:40,3206.05,261612
2021-06-10 09:46:41,3206.0,261654
2021-06-10 09:46:42,3206.0,261695
2021-06-10 09:46:43,3206.0,261695
2021-06-10 09:46:44,3206.05,261748
2021-06-10 09:46:45,3206.05,261751
2021-06-10 09:46:47,3206.05,261751
2021-06-10 09:46:47,3206.05,261751
2021-06-10 09:46:48,3206.05,261821
2021-06-10 09:46:50,3206.0,261871
2021-06-10 09:46:50,3206.0,261916
2021-06-10 09:46:51,3206.0,261918
2021-06-10 09:46:52,3206.0,261938
2021-06-10 09:46:54,3206.05,261944
2021-06-10 09:46:55,3206.0,262027
2021-06-10 09:46:56,3206.05,262080
2021-06-10 09:46:57,3206.05,262180
2021-06-10 09:46:58,3206.05,262182
2021-06-10 09:47:00,3206.05,262182
2021-06-10 09:47:01,3206.0,262188
2021-06-10 09:47:02,3206.0,262188
2021-06-10 09:47:03,3206.0,262188
2021-06-10 09:47:04,3206.05,262217
2021-06-10 09:47:05,3206.05,262217
2021-06-10 09:47:06,3206.05,262272
2021-06-10 09:47:09,3206.05,262358
2021-06-10 09:47:10,3206.0,262362
2021-06-10 09:47:10,3206.0,262362
2021-06-10 09:47:11,3206.0,262365
2021-06-10 09:47:12,3206.05,262584
2021-06-10 09:47:13,3206.05,263184
2021-06-10 09:47:14,3206.0,263200
2021-06-10 09:47:16,3206.05,263213
2021-06-10 09:47:16,3206.05,263270
2021-06-10 09:47:17,3206.05,263320
2021-06-10 09:47:18,3206.0,263370
2021-06-10 09:47:21,3206.0,263411
2021-06-10 09:47:23,3206.05,263472
2021-06-10 09:47:23,3206.05,263473
2021-06-10 09:47:24,3206.05,263474
2021-06-10 09:47:26,3206.05,263620
2021-06-10 09:47:27,3206.05,263620
2021-06-10 09:47:28,3206.05,263620
2021-06-10 09:47:29,3206.05,263620
2021-06-10 09:47:30,3206.05,263620
2021-06-10 09:47:32,3206.05,263620
2021-06-10 09:47:33,3206.05,263620
2021-06-10 09:47:33,3206.05,263620
2021-06-10 09:47:34,3206.05,263734
2021-06-10 09:47:35,3206.0,263837
2021-06-10 09:47:37,3206.0,263837
2021-06-10 09:47:38,3206.0,263889
2021-06-10 09:47:38,3206.05,263929
2021-06-10 09:47:39,3206.0,264192
2021-06-10 09:47:40,3206.0,264311
2021-06-10 09:47:42,3206.05,264371
2021-06-10 09:47:43,3206.05,264447
2021-06-10 09:47:44,3206.05,264447
2021-06-10 09:47:45,3206.05,264448
2021-06-10 09:47:47,3206.05,264452
2021-06-10 09:47:48,3206.05,264452
2021-06-10 09:47:49,3206.05,264595
2021-06-10 09:47:50,3206.05,264595
2021-06-10 09:47:50,3206.05,264595
2021-06-10 09:47:51,3206.0,264608
2021-06-10 09:47:52,3206.0,264608
2021-06-10 09:47:53,3206.0,264610
2021-06-10 09:47:54,3206.0,264610
2021-06-10 09:47:55,3206.0,264610
2021-06-10 09:47:57,3206.05,264739
2021-06-10 09:47:58,3206.05,264744
2021-06-10 09:47:59,3206.0,264839
2021-06-10 09:48:00,3206.05,264886
2021-06-10 09:48:01,3206.0,264950
2021-06-10 09:48:02,3206.8,267829
2021-06-10 09:48:03,3206.3,268386
2021-06-10 09:48:04,3206.3,268386
2021-06-10 09:48:06,3207.05,268447
2021-06-10 09:48:07,3206.3,268448
2021-06-10 09:48:08,3206.3,268481
2021-06-10 09:48:09,3206.9,268693
2021-06-10 09:48:10,3206.9,268693
2021-06-10 09:48:11,3206.95,268807
2021-06-10 09:48:12,3206.95,268807
2021-06-10 09:48:13,3206.95,268807
2021-06-10 09:48:14,3206.95,268817
2021-06-10 09:48:14,3206.95,268817
2021-06-10 09:48:16,3206.3,268819
2021-06-10 09:48:17,3206.3,268819
2021-06-10 09:48:18,3206.3,268919
2021-06-10 09:48:19,3206.3,268996
2021-06-10 09:48:20,3206.3,268998
2021-06-10 09:48:21,3206.3,269007
2021-06-10 09:48:22,3206.9,269017
2021-06-10 09:48:23,3206.9,269033
2021-06-10 09:48:24,3206.9,269048
2021-06-10 09:48:25,3206.9,269148
2021-06-10 09:48:26,3206.9,269150
2021-06-10 09:48:27,3206.9,269151
2021-06-10 09:48:28,3206.3,269152
2021-06-10 09:48:28,3206.3,269152
2021-06-10 09:48:29,3206.3,269152
2021-06-10 09:48:30,3206.9,269414
2021-06-10 09:48:31,3206.9,269414
2021-06-10 09:48:33,3206.35,269519
2021-06-10 09:48:34,3206.95,269632
2021-06-10 09:48:35,3206.65,270095
2021-06-10 09:48:36,3207.05,270101
2021-06-10 09:48:37,3207.05,270166
2021-06-10 09:48:38,3207.05,270166
2021-06-10 09:48:39,3207.0,270167
2021-06-10 09:48:40,3207.3,270462
2021-06-10 09:48:41,3207.35,270584
2021-06-10 09:48:42,3207.6,270720
2021-06-10 09:48:43,3208.0,270763
2021-06-10 09:48:44,3208.0,270817
2021-06-10 09:48:45,3208.0,270927
2021-06-10 09:48:47,3208.0,270928
2021-06-10 09:48:48,3208.0,270928
2021-06-10 09:48:48,3208.0,270928
2021-06-10 09:48:49,3208.0,270928
2021-06-10 09:48:50,3208.0,270928
2021-06-10 09:48:51,3207.95,270955
2021-06-10 09:48:53,3207.95,271052
2021-06-10 09:48:54,3207.4,271101
2021-06-10 09:48:55,3207.4,271102
2021-06-10 09:48:56,3207.95,271202
2021-06-10 09:48:57,3207.95,271202
2021-06-10 09:48:57,3207.95,271202
2021-06-10 09:48:58,3207.95,271402
2021-06-10 09:48:59,3208.0,271425
2021-06-10 09:49:00,3207.4,271437
2021-06-10 09:49:02,3207.4,271450
2021-06-10 09:49:03,3207.4,271458
2021-06-10 09:49:05,3207.4,271458
2021-06-10 09:49:05,3207.4,271458
2021-06-10 09:49:06,3207.5,271467
2021-06-10 09:49:07,3207.95,271472
2021-06-10 09:49:08,3207.95,271472
2021-06-10 09:49:10,3207.95,271472
2021-06-10 09:49:11,3207.95,271472
2021-06-10 09:49:12,3207.95,271472
2021-06-10 09:49:12,3207.95,271472
2021-06-10 09:49:13,3207.5,271473
2021-06-10 09:49:14,3207.5,271473
2021-06-10 09:49:15,3207.95,271528
2021-06-10 09:49:16,3207.95,271529
2021-06-10 09:49:17,3207.95,271529
2021-06-10 09:49:18,3207.95,271529
2021-06-10 09:49:20,3207.5,271557
2021-06-10 09:49:22,3207.85,271601
2021-06-10 09:49:23,3207.85,271601
2021-06-10 09:49:24,3207.8,271648
2021-06-10 09:49:25,3207.8,271865
2021-06-10 09:49:26,3207.5,272002
2021-06-10 09:49:27,3207.8,272044
2021-06-10 09:49:28,3207.8,272084
2021-06-10 09:49:29,3207.55,272109
2021-06-10 09:49:30,3207.55,272109
2021-06-10 09:49:32,3207.6,272170
2021-06-10 09:49:33,3207.6,272170
2021-06-10 09:49:34,3207.55,272171
2021-06-10 09:49:34,3207.55,272171
2021-06-10 09:49:35,3207.6,272178
2021-06-10 09:49:36,3207.55,272282
2021-06-10 09:49:38,3207.6,272341
2021-06-10 09:49:40,3207.55,272348
2021-06-10 09:49:41,3207.55,272348
2021-06-10 09:49:42,3207.6,272405
2021-06-10 09:49:43,3207.6,272406
2021-06-10 09:49:45,3207.6,272508
2021-06-10 09:49:46,3207.55,272607
2021-06-10 09:49:47,3207.55,272607
2021-06-10 09:49:49,3207.55,272669
2021-06-10 09:49:49,3207.6,272786
2021-06-10 09:49:50,3207.55,272790
2021-06-10 09:49:52,3207.55,272790
2021-06-10 09:49:53,3207.6,272795
2021-06-10 09:49:54,3207.6,272839
2021-06-10 09:49:55,3207.6,272890
2021-06-10 09:49:56,3207.55,272988
2021-06-10 09:49:57,3207.55,272991
2021-06-10 09:49:58,3207.55,272991
2021-06-10 09:49:59,3207.7,273280
2021-06-10 09:50:00,3207.7,273280
2021-06-10 09:50:01,3207.55,273290
2021-06-10 09:50:01,3207.55,273403
2021-06-10 09:50:02,3207.7,273413
2021-06-10 09:50:03,3207.7,273413
2021-06-10 09:50:05,3207.7,273413
2021-06-10 09:50:06,3207.55,273516
2021-06-10 09:50:07,3207.55,273516
2021-06-10 09:50:08,3207.65,273541
2021-06-10 09:50:09,3207.65,273541
2021-06-10 09:50:10,3207.65,273544
2021-06-10 09:50:11,3207.65,273559
2021-06-10 09:50:12,3207.65,273559
2021-06-10 09:50:13,3207.65,273634
2021-06-10 09:50:14,3207.65,273841
2021-06-10 09:50:14,3207.7,273836
2021-06-10 09:50:15,3207.6,273842
2021-06-10 09:50:16,3207.65,273847
2021-06-10 09:50:17,3207.65,273947
2021-06-10 09:50:18,3207.6,273949
2021-06-10 09:50:19,3207.6,274039
2021-06-10 09:50:20,3207.6,274067
2021-06-10 09:50:21,3207.6,274169
2021-06-10 09:50:22,3207.65,274174
2021-06-10 09:50:24,3207.65,274174
2021-06-10 09:50:26,3207.65,274309
2021-06-10 09:50:27,3207.6,274330
2021-06-10 09:50:28,3207.6,274330
2021-06-10 09:50:28,3207.65,274395
2021-06-10 09:50:29,3207.65,274414
2021-06-10 09:50:31,3207.6,274439
2021-06-10 09:50:32,3207.65,274539
2021-06-10 09:50:33,3207.65,274540
2021-06-10 09:50:34,3207.6,274604
2021-06-10 09:50:36,3207.6,274710
2021-06-10 09:50:37,3207.65,274711
2021-06-10 09:50:38,3207.65,274711
2021-06-10 09:50:39,3207.65,274711
2021-06-10 09:50:40,3207.65,274711
2021-06-10 09:50:41,3207.6,274718
2021-06-10 09:50:42,3207.65,274815
2021-06-10 09:50:43,3207.6,274816
2021-06-10 09:50:44,3207.6,274843
2021-06-10 09:50:45,3207.65,274853
2021-06-10 09:50:46,3207.6,274953
2021-06-10 09:50:47,3207.6,274956
2021-06-10 09:50:49,3207.6,274956
2021-06-10 09:50:48,3207.6,274956
2021-06-10 09:50:50,3207.6,275152
2021-06-10 09:50:51,3207.6,275160
2021-06-10 09:50:52,3207.6,275160
2021-06-10 09:50:53,3207.6,275168
2021-06-10 09:50:54,3207.6,275168
2021-06-10 09:50:55,3207.6,275168
2021-06-10 09:50:55,3207.6,275168
2021-06-10 09:50:56,3207.6,275168
2021-06-10 09:50:58,3207.6,275168
2021-06-10 09:50:59,3207.6,275168
2021-06-10 09:51:00,3207.6,275168
2021-06-10 09:51:01,3207.6,275174
2021-06-10 09:51:03,3207.65,275175
2021-06-10 09:51:04,3207.65,275175
2021-06-10 09:51:05,3207.6,275195
2021-06-10 09:51:06,3207.6,275199
2021-06-10 09:51:07,3207.65,275261
2021-06-10 09:51:08,3207.65,275261
2021-06-10 09:51:09,3207.6,275328
2021-06-10 09:51:10,3207.65,275543
2021-06-10 09:51:11,3207.65,275543
2021-06-10 09:51:12,3207.6,275548
2021-06-10 09:51:13,3207.6,275563
2021-06-10 09:51:14,3207.6,275688
2021-06-10 09:51:15,3207.55,275713
2021-06-10 09:51:15,3207.55,275713
2021-06-10 09:51:16,3207.55,275713
2021-06-10 09:51:17,3207.55,275713
2021-06-10 09:51:18,3207.55,275713
2021-06-10 09:51:19,3207.55,275713
2021-06-10 09:51:20,3207.55,275839
2021-06-10 09:51:23,3207.5,275939
2021-06-10 09:51:24,3207.45,276309
2021-06-10 09:51:25,3207.6,276312
2021-06-10 09:51:26,3207.55,276377
2021-06-10 09:51:27,3207.4,276402
2021-06-10 09:51:28,3207.4,276402
2021-06-10 09:51:29,3207.6,276502
2021-06-10 09:51:30,3207.6,276505
2021-06-10 09:51:31,3207.6,276505
2021-06-10 09:51:34,3207.45,276531
2021-06-10 09:51:35,3207.05,277309
2021-06-10 09:51:36,3207.0,277313
2021-06-10 09:51:37,3206.35,277443
2021-06-10 09:51:38,3206.35,277444
2021-06-10 09:51:39,3206.85,277514
2021-06-10 09:51:40,3206.85,277531
2021-06-10 09:51:41,3206.85,277531
2021-06-10 09:51:42,3206.35,277539
2021-06-10 09:51:42,3206.8,277602
2021-06-10 09:51:43,3206.4,277627
2021-06-10 09:51:44,3206.4,277627
2021-06-10 09:51:45,3206.4,277632
2021-06-10 09:51:46,3206.4,277677
2021-06-10 09:51:48,3206.35,277678
2021-06-10 09:51:50,3206.8,277893
2021-06-10 09:51:51,3206.35,277896
2021-06-10 09:51:52,3206.35,277896
2021-06-10 09:51:53,3206.8,278076
2021-06-10 09:51:54,3206.8,278076
2021-06-10 09:51:55,3206.8,278076
2021-06-10 09:51:56,3206.8,278076
2021-06-10 09:51:57,3206.8,278086
2021-06-10 09:51:57,3206.8,278086
2021-06-10 09:51:59,3206.8,278086
2021-06-10 09:52:00,3206.8,278127
2021-06-10 09:52:01,3206.8,278127
2021-06-10 09:52:02,3206.75,278143
2021-06-10 09:52:03,3206.35,278215
2021-06-10 09:52:04,3206.75,278282
2021-06-10 09:52:05,3206.35,278284
2021-06-10 09:52:06,3206.35,278295
2021-06-10 09:52:06,3206.35,278295
2021-06-10 09:52:07,3206.35,278298
2021-06-10 09:52:09,3206.35,278298
2021-06-10 09:52:10,3206.35,278298
2021-06-10 09:52:11,3206.35,278298
2021-06-10 09:52:12,3206.35,278298
2021-06-10 09:52:13,3206.35,278328
2021-06-10 09:52:13,3206.35,278328
2021-06-10 09:52:14,3206.35,278328
2021-06-10 09:52:16,3206.65,278338
2021-06-10 09:52:17,3206.65,278338
2021-06-10 09:52:18,3206.65,278338
2021-06-10 09:52:19,3206.6,278339
2021-06-10 09:52:20,3206.6,278339
2021-06-10 09:52:21,3206.4,278343
2021-06-10 09:52:22,3206.4,278343
2021-06-10 09:52:23,3206.45,278410
2021-06-10 09:52:24,3206.5,278787
2021-06-10 09:52:25,3206.45,278801
2021-06-10 09:52:25,3206.45,278801
2021-06-10 09:52:27,3206.45,278801
2021-06-10 09:52:28,3206.35,278831
2021-06-10 09:52:29,3206.35,278831
2021-06-10 09:52:30,3206.5,278833
2021-06-10 09:52:31,3206.35,278906
2021-06-10 09:52:32,3206.35,278906
2021-06-10 09:52:33,3206.5,278977
2021-06-10 09:52:34,3206.35,279077
2021-06-10 09:52:35,3206.5,279087
2021-06-10 09:52:36,3206.35,279090
2021-06-10 09:52:37,3206.35,279090
2021-06-10 09:52:38,3206.25,279190
2021-06-10 09:52:39,3206.25,279192
2021-06-10 09:52:40,3206.25,279192
2021-06-10 09:52:42,3206.25,279219
2021-06-10 09:52:43,3206.5,279229
2021-06-10 09:52:44,3206.5,279229
2021-06-10 09:52:45,3206.5,279229
2021-06-10 09:52:46,3206.15,279479
2021-06-10 09:52:47,3206.0,279613
2021-06-10 09:52:48,3206.0,279615
2021-06-10 09:52:48,3206.0,279615
2021-06-10 09:52:49,3206.0,279615
2021-06-10 09:52:50,3206.0,279618
2021-06-10 09:52:52,3206.0,279618
2021-06-10 09:52:53,3206.0,279618
2021-06-10 09:52:54,3206.35,279638
2021-06-10 09:52:55,3206.0,279639
2021-06-10 09:52:56,3206.35,279646
2021-06-10 09:52:57,3206.35,279696
2021-06-10 09:52:58,3206.0,279701
2021-06-10 09:52:59,3206.0,279701
2021-06-10 09:53:00,3206.0,279708
2021-06-10 09:53:01,3206.0,279708
2021-06-10 09:53:02,3206.0,279714
2021-06-10 09:53:03,3206.0,279714
2021-06-10 09:53:04,3206.0,279714
2021-06-10 09:53:05,3206.35,279723
2021-06-10 09:53:06,3206.0,279726
2021-06-10 09:53:07,3206.0,279726
2021-06-10 09:53:08,3206.0,279726
2021-06-10 09:53:09,3206.0,279726
2021-06-10 09:53:10,3206.0,279729
2021-06-10 09:53:11,3206.0,279729
2021-06-10 09:53:12,3206.05,279778
2021-06-10 09:53:13,3206.05,279778
2021-06-10 09:53:15,3206.05,279779
2021-06-10 09:53:16,3206.05,279836
2021-06-10 09:53:17,3206.05,279836
2021-06-10 09:53:18,3206.3,279859
2021-06-10 09:53:19,3206.3,279859
2021-06-10 09:53:20,3206.05,280057
2021-06-10 09:53:21,3206.05,280067
2021-06-10 09:53:22,3206.0,281281
2021-06-10 09:53:23,3206.3,281289
2021-06-10 09:53:24,3206.25,281344
2021-06-10 09:53:25,3206.0,281348
2021-06-10 09:53:26,3206.0,281348
2021-06-10 09:53:26,3205.85,282599
2021-06-10 09:53:28,3206.05,282624
2021-06-10 09:53:30,3206.05,282624
2021-06-10 09:53:31,3206.05,282629
2021-06-10 09:53:32,3206.05,282629
2021-06-10 09:53:32,3206.05,282629
2021-06-10 09:53:34,3205.85,282693
2021-06-10 09:53:34,3205.85,282693
2021-06-10 09:53:35,3205.8,282698
2021-06-10 09:53:36,3205.8,282698
2021-06-10 09:53:38,3205.8,282704
2021-06-10 09:53:39,3205.6,282936
2021-06-10 09:53:40,3205.5,282993
2021-06-10 09:53:41,3205.5,282999
2021-06-10 09:53:42,3205.5,283134
2021-06-10 09:53:43,3205.5,283134
2021-06-10 09:53:45,3205.5,283181
2021-06-10 09:53:46,3205.5,283183
2021-06-10 09:53:47,3205.55,283483
2021-06-10 09:53:49,3205.55,283483
2021-06-10 09:53:50,3205.5,283486
2021-06-10 09:53:51,3205.5,283486
2021-06-10 09:53:51,3205.5,283486
2021-06-10 09:53:52,3205.5,283527
2021-06-10 09:53:54,3205.1,283687
2021-06-10 09:53:55,3205.1,283687
2021-06-10 09:53:56,3205.1,283687
2021-06-10 09:53:57,3205.1,283687
2021-06-10 09:53:58,3205.3,283758
2021-06-10 09:53:59,3205.3,283758
2021-06-10 09:54:00,3205.55,283958
2021-06-10 09:54:01,3205.55,283958
2021-06-10 09:54:03,3205.3,284004
2021-06-10 09:54:04,3205.3,284004
2021-06-10 09:54:06,3205.05,284041
2021-06-10 09:54:07,3205.05,284041
2021-06-10 09:54:08,3205.05,284041
2021-06-10 09:54:09,3205.05,284041
2021-06-10 09:54:10,3205.05,284041
2021-06-10 09:54:11,3205.25,284042
2021-06-10 09:54:12,3205.25,284042
2021-06-10 09:54:13,3205.25,284042
2021-06-10 09:54:14,3205.25,284055
2021-06-10 09:54:15,3205.25,284055
2021-06-10 09:54:16,3205.05,284142
2021-06-10 09:54:17,3205.25,284151
2021-06-10 09:54:18,3205.25,284151
2021-06-10 09:54:19,3205.25,284151
2021-06-10 09:54:20,3205.25,284151
2021-06-10 09:54:21,3205.05,284195
2021-06-10 09:54:22,3205.2,284229
2021-06-10 09:54:23,3205.2,284229
2021-06-10 09:54:24,3205.2,284255
2021-06-10 09:54:25,3205.05,284280
2021-06-10 09:54:27,3205.05,284365
2021-06-10 09:54:26,3205.05,284365
2021-06-10 09:54:28,3205.05,284405
2021-06-10 09:54:29,3205.05,284405
2021-06-10 09:54:30,3205.05,284405
2021-06-10 09:54:31,3205.2,284417
2021-06-10 09:54:32,3205.2,284500
2021-06-10 09:54:33,3205.05,284585
2021-06-10 09:54:34,3205.05,284676
2021-06-10 09:54:35,3205.0,284679
2021-06-10 09:54:36,3205.0,284679
2021-06-10 09:54:38,3205.0,284681
2021-06-10 09:54:40,3204.85,284794
2021-06-10 09:54:41,3204.85,284794
2021-06-10 09:54:42,3204.85,284794
2021-06-10 09:54:43,3204.85,284794
2021-06-10 09:54:44,3204.8,284896
2021-06-10 09:54:45,3204.8,284968
2021-06-10 09:54:46,3204.8,284968
2021-06-10 09:54:47,3204.8,284968
2021-06-10 09:54:48,3204.8,284968
2021-06-10 09:54:49,3204.95,284980
2021-06-10 09:54:50,3204.95,284985
2021-06-10 09:54:51,3204.95,285039
2021-06-10 09:54:52,3204.95,285039
2021-06-10 09:54:53,3204.8,285086
2021-06-10 09:54:54,3204.9,285186
2021-06-10 09:54:55,3204.8,285207
2021-06-10 09:54:56,3204.8,285212
2021-06-10 09:54:57,3204.8,285212
2021-06-10 09:54:58,3204.8,285212
2021-06-10 09:54:59,3204.8,285212
2021-06-10 09:55:00,3204.8,285212
2021-06-10 09:55:01,3204.8,285218
2021-06-10 09:55:02,3204.85,285268
2021-06-10 09:55:03,3204.85,285268
2021-06-10 09:55:04,3204.8,285269
2021-06-10 09:55:05,3204.8,285269
2021-06-10 09:55:06,3204.8,285872
2021-06-10 09:55:07,3204.8,285872
2021-06-10 09:55:08,3204.85,285873
2021-06-10 09:55:09,3204.85,285923
2021-06-10 09:55:10,3204.8,285924
2021-06-10 09:55:11,3204.8,286010
2021-06-10 09:55:12,3204.85,286098
2021-06-10 09:55:13,3204.8,286135
2021-06-10 09:55:14,3204.85,286188
2021-06-10 09:55:15,3204.85,286188
2021-06-10 09:55:16,3204.85,286188
2021-06-10 09:55:17,3204.65,286193
2021-06-10 09:55:18,3204.8,286213
2021-06-10 09:55:20,3204.85,286238
2021-06-10 09:55:21,3204.8,286248
2021-06-10 09:55:22,3204.8,286248
2021-06-10 09:55:23,3204.85,286334
2021-06-10 09:55:24,3204.85,286501
2021-06-10 09:55:25,3204.8,286511
2021-06-10 09:55:26,3204.85,286610
2021-06-10 09:55:27,3204.85,286615
2021-06-10 09:55:28,3204.85,286655
2021-06-10 09:55:29,3204.8,286740
2021-06-10 09:55:30,3204.8,286740
2021-06-10 09:55:31,3204.85,286747
2021-06-10 09:55:32,3204.85,286747
2021-06-10 09:55:33,3204.65,286750
2021-06-10 09:55:34,3204.65,286750
2021-06-10 09:55:35,3204.8,286758
2021-06-10 09:55:36,3204.65,286761
2021-06-10 09:55:37,3204.8,286763
2021-06-10 09:55:38,3204.8,286763
2021-06-10 09:55:39,3204.65,286764
2021-06-10 09:55:41,3204.65,286770
2021-06-10 09:55:42,3204.65,286770
2021-06-10 09:55:43,3204.8,286820
2021-06-10 09:55:44,3204.8,286820
2021-06-10 09:55:45,3204.65,286826
2021-06-10 09:55:46,3204.65,286831
2021-06-10 09:55:47,3204.8,286837
2021-06-10 09:55:48,3204.65,286925
2021-06-10 09:55:50,3204.65,286925
2021-06-10 09:55:49,3204.65,286925
2021-06-10 09:55:51,3204.65,286928
2021-06-10 09:55:52,3204.65,286928
2021-06-10 09:55:53,3204.65,286951
2021-06-10 09:55:54,3204.6,287116
2021-06-10 09:55:55,3204.75,287118
2021-06-10 09:55:56,3204.5,287219
2021-06-10 09:55:57,3204.2,289104
2021-06-10 09:55:58,3204.75,289108
2021-06-10 09:55:59,3204.75,289108
2021-06-10 09:56:00,3204.75,289108
2021-06-10 09:56:01,3204.75,289108
2021-06-10 09:56:02,3204.6,289110
2021-06-10 09:56:03,3204.6,289118
2021-06-10 09:56:04,3204.6,289118
2021-06-10 09:56:05,3204.05,289130
2021-06-10 09:56:06,3204.6,289153
2021-06-10 09:56:08,3204.0,289206
2021-06-10 09:56:09,3204.0,289206
2021-06-10 09:56:10,3204.0,289409
2021-06-10 09:56:10,3204.0,289409
2021-06-10 09:56:12,3204.0,289409
2021-06-10 09:56:13,3204.0,289429
2021-06-10 09:56:14,3204.0,291683
2021-06-10 09:56:15,3204.15,291760
2021-06-10 09:56:16,3204.15,291781
2021-06-10 09:56:17,3204.15,291781
2021-06-10 09:56:18,3204.15,291781
2021-06-10 09:56:19,3204.0,291881
2021-06-10 09:56:20,3204.05,291970
2021-06-10 09:56:21,3204.0,291980
2021-06-10 09:56:23,3204.05,292055
2021-06-10 09:56:23,3204.05,292070
2021-06-10 09:56:25,3204.0,292071
2021-06-10 09:56:26,3204.0,292081
2021-06-10 09:56:27,3204.0,292081
2021-06-10 09:56:28,3204.05,292178
2021-06-10 09:56:30,3204.0,292251
2021-06-10 09:56:30,3204.0,292251
2021-06-10 09:56:31,3204.0,292251
2021-06-10 09:56:32,3204.05,292266
2021-06-10 09:56:34,3204.0,292370
2021-06-10 09:56:35,3204.0,292370
2021-06-10 09:56:36,3204.0,292373
2021-06-10 09:56:37,3204.0,292373
2021-06-10 09:56:38,3203.8,292667
2021-06-10 09:56:39,3203.8,292667
2021-06-10 09:56:40,3203.8,292726
2021-06-10 09:56:40,3203.8,292726
2021-06-10 09:56:41,3203.5,292770
2021-06-10 09:56:42,3203.5,292770
2021-06-10 09:56:43,3203.5,292770
2021-06-10 09:56:44,3203.15,292779
2021-06-10 09:56:46,3203.1,292849
2021-06-10 09:56:46,3203.1,292849
2021-06-10 09:56:47,3203.1,292849
2021-06-10 09:56:48,3203.0,293199
2021-06-10 09:56:49,3203.1,293200
2021-06-10 09:56:50,3203.0,293204
2021-06-10 09:56:51,3203.0,293263
2021-06-10 09:56:52,3203.0,293263
2021-06-10 09:56:53,3203.0,293263
2021-06-10 09:56:55,3203.0,293264
2021-06-10 09:56:55,3203.0,293354
2021-06-10 09:56:56,3203.0,293379
2021-06-10 09:56:57,3203.0,293468
2021-06-10 09:56:58,3203.0,293510
2021-06-10 09:56:59,3203.0,293510
2021-06-10 09:57:00,3202.9,293525
2021-06-10 09:57:01,3202.9,293531
2021-06-10 09:57:02,3202.75,293551
2021-06-10 09:57:03,3203.0,293625
2021-06-10 09:57:06,3203.0,293758
2021-06-10 09:57:07,3202.5,293844
2021-06-10 09:57:08,3203.05,293857
2021-06-10 09:57:09,3202.85,293867
2021-06-10 09:57:10,3203.05,293869
2021-06-10 09:57:11,3203.05,293869
2021-06-10 09:57:12,3203.0,294054
2021-06-10 09:57:13,3203.0,294054
2021-06-10 09:57:14,3203.0,294054
2021-06-10 09:57:15,3203.0,294134
2021-06-10 09:57:16,3203.0,294134
2021-06-10 09:57:17,3203.0,294134
2021-06-10 09:57:18,3202.9,294135
2021-06-10 09:57:19,3202.9,294135
2021-06-10 09:57:20,3202.9,294140
2021-06-10 09:57:22,3202.9,294151
2021-06-10 09:57:22,3203.0,294167
2021-06-10 09:57:24,3203.0,294317
2021-06-10 09:57:24,3203.0,294167
2021-06-10 09:57:25,3203.0,294317
2021-06-10 09:57:26,3202.9,294337
2021-06-10 09:57:27,3202.9,294337
2021-06-10 09:57:28,3202.9,294383
2021-06-10 09:57:29,3203.0,294454
2021-06-10 09:57:30,3203.0,294477
2021-06-10 09:57:31,3203.0,294477
2021-06-10 09:57:32,3202.9,294492
2021-06-10 09:57:33,3202.9,294512
2021-06-10 09:57:34,3202.7,295647
2021-06-10 09:57:35,3202.7,295647
2021-06-10 09:57:36,3202.95,295651
2021-06-10 09:57:37,3202.95,295652
2021-06-10 09:57:38,3202.95,295652
2021-06-10 09:57:39,3202.95,295667
2021-06-10 09:57:41,3202.95,296326
2021-06-10 09:57:41,3202.95,296326
2021-06-10 09:57:42,3202.85,296342
2021-06-10 09:57:43,3202.7,296344
2021-06-10 09:57:44,3202.7,296344
2021-06-10 09:57:45,3202.7,296386
2021-06-10 09:57:46,3202.7,296386
2021-06-10 09:57:47,3202.85,296396
2021-06-10 09:57:48,3202.7,296397
2021-06-10 09:57:50,3202.7,296430
2021-06-10 09:57:50,3202.7,296430
2021-06-10 09:57:51,3202.7,296433
2021-06-10 09:57:52,3202.7,296433
2021-06-10 09:57:53,3202.7,296433
2021-06-10 09:57:54,3202.7,296433
2021-06-10 09:57:55,3202.7,296433
2021-06-10 09:57:56,3202.85,296471
2021-06-10 09:57:57,3202.85,296471
2021-06-10 09:57:58,3202.85,296477
2021-06-10 09:57:59,3202.7,296585
2021-06-10 09:58:01,3202.85,296719
2021-06-10 09:58:02,3202.5,296769
2021-06-10 09:58:04,3202.75,296873
2021-06-10 09:58:07,3202.5,296890
2021-06-10 09:58:08,3202.75,297182
2021-06-10 09:58:09,3202.75,297182
2021-06-10 09:58:10,3202.75,297213
2021-06-10 09:58:11,3202.75,297214
2021-06-10 09:58:13,3202.75,297327
2021-06-10 09:58:14,3202.75,297331
2021-06-10 09:58:15,3202.75,297342
2021-06-10 09:58:15,3202.75,297342
2021-06-10 09:58:16,3202.75,297342
2021-06-10 09:58:17,3202.75,297342
2021-06-10 09:58:18,3202.75,297342
2021-06-10 09:58:19,3202.5,297403
2021-06-10 09:58:21,3202.75,297487
2021-06-10 09:58:22,3202.75,297569
2021-06-10 09:58:23,3202.7,297585
2021-06-10 09:58:24,3202.7,297586
2021-06-10 09:58:24,3202.7,297586
2021-06-10 09:58:26,3202.7,297623
2021-06-10 09:58:27,3202.7,297623
2021-06-10 09:58:29,3202.65,297684
2021-06-10 09:58:30,3202.65,297686
2021-06-10 09:58:30,3202.65,297686
2021-06-10 09:58:31,3202.5,297696
2021-06-10 09:58:32,3202.5,297897
2021-06-10 09:58:33,3202.5,297897
2021-06-10 09:58:34,3202.35,298000
2021-06-10 09:58:35,3202.35,298004
2021-06-10 09:58:36,3202.35,298004
2021-06-10 09:58:37,3202.55,298024
2021-06-10 09:58:38,3202.35,298040
2021-06-10 09:58:39,3202.55,298042
2021-06-10 09:58:41,3202.55,298042
2021-06-10 09:58:42,3202.55,298042
2021-06-10 09:58:42,3202.5,298072
2021-06-10 09:58:43,3202.5,298072
2021-06-10 09:58:44,3202.5,298103
2021-06-10 09:58:46,3202.35,298134
2021-06-10 09:58:47,3202.5,298149
2021-06-10 09:58:47,3202.5,298149
2021-06-10 09:58:48,3202.35,298153
2021-06-10 09:58:49,3202.35,298209
2021-06-10 09:58:50,3202.35,298291
2021-06-10 09:58:51,3202.35,298314
2021-06-10 09:58:53,3202.45,298415
2021-06-10 09:58:55,3202.45,298436
2021-06-10 09:58:56,3202.45,298436
2021-06-10 09:58:57,3202.45,298486
2021-06-10 09:58:59,3202.45,298605
2021-06-10 09:58:59,3202.45,298605
2021-06-10 09:59:00,3202.45,298621
2021-06-10 09:59:01,3202.35,298726
2021-06-10 09:59:02,3202.4,298805
2021-06-10 09:59:03,3202.4,298806
2021-06-10 09:59:04,3202.4,298806
2021-06-10 09:59:06,3202.25,298837
2021-06-10 09:59:07,3202.25,298837
2021-06-10 09:59:08,3202.25,298837
2021-06-10 09:59:09,3202.4,298904
2021-06-10 09:59:11,3202.35,298929
2021-06-10 09:59:12,3202.35,298953
2021-06-10 09:59:13,3202.35,298953
2021-06-10 09:59:14,3202.25,298978
2021-06-10 09:59:15,3202.25,298978
2021-06-10 09:59:15,3202.25,299003
2021-06-10 09:59:16,3202.25,299003
2021-06-10 09:59:17,3202.25,299108
2021-06-10 09:59:18,3202.35,299134
2021-06-10 09:59:19,3202.1,299619
2021-06-10 09:59:21,3202.1,299629
2021-06-10 09:59:22,3202.1,299629
2021-06-10 09:59:23,3202.2,299659
2021-06-10 09:59:24,3202.2,299659
2021-06-10 09:59:24,3202.05,299918
2021-06-10 09:59:25,3202.2,299919
2021-06-10 09:59:26,3202.2,299929
2021-06-10 09:59:27,3202.05,300017
2021-06-10 09:59:28,3202.05,300022
2021-06-10 09:59:29,3202.0,300127
2021-06-10 09:59:30,3202.15,300227
2021-06-10 09:59:31,3201.75,302459
2021-06-10 09:59:32,3202.1,302465
2021-06-10 09:59:33,3201.7,302523
2021-06-10 09:59:34,3201.7,302544
2021-06-10 09:59:36,3201.7,302553
2021-06-10 09:59:37,3202.0,302574
2021-06-10 09:59:38,3201.5,302584
2021-06-10 09:59:39,3201.55,302634
2021-06-10 09:59:40,3201.5,302636
2021-06-10 09:59:41,3201.3,302658
2021-06-10 09:59:42,3201.0,303096
2021-06-10 09:59:42,3201.0,303096
2021-06-10 09:59:44,3201.0,303405
2021-06-10 09:59:45,3201.5,303423
2021-06-10 09:59:46,3201.0,303553
2021-06-10 09:59:48,3201.0,303588
2021-06-10 09:59:49,3201.45,303616
2021-06-10 09:59:49,3201.0,303717
2021-06-10 09:59:50,3201.0,303721
2021-06-10 09:59:52,3201.0,303721
2021-06-10 09:59:53,3201.0,303722
2021-06-10 09:59:54,3201.0,303773
2021-06-10 09:59:55,3201.0,303833
2021-06-10 09:59:56,3201.45,304018
2021-06-10 09:59:57,3201.45,304018
2021-06-10 09:59:58,3201.45,304076
2021-06-10 09:59:59,3201.0,304264
2021-06-10 10:00:01,3201.4,304456
2021-06-10 10:00:02,3201.4,304457
2021-06-10 10:00:03,3201.4,304507
2021-06-10 10:00:04,3201.4,304507
2021-06-10 10:00:04,3201.4,304507
2021-06-10 10:00:05,3202.0,308527
2021-06-10 10:00:06,3202.0,309027
2021-06-10 10:00:07,3202.1,309083
2021-06-10 10:00:08,3202.1,309597
2021-06-10 10:00:09,3202.1,309647
2021-06-10 10:00:10,3202.1,309647
2021-06-10 10:00:11,3202.0,309650
2021-06-10 10:00:12,3202.0,309752
2021-06-10 10:00:13,3201.85,309753
2021-06-10 10:00:14,3201.05,309959
2021-06-10 10:00:16,3201.85,309962
2021-06-10 10:00:18,3201.85,309972
2021-06-10 10:00:19,3201.1,309975
2021-06-10 10:00:20,3201.85,310056
2021-06-10 10:00:21,3201.1,310060
2021-06-10 10:00:22,3201.1,310060
2021-06-10 10:00:22,3201.1,310060
2021-06-10 10:00:23,3201.85,310085
2021-06-10 10:00:24,3201.1,310091
2021-06-10 10:00:25,3201.85,310092
2021-06-10 10:00:27,3201.85,310095
2021-06-10 10:00:28,3201.85,310126
2021-06-10 10:00:29,3201.85,310126
2021-06-10 10:00:30,3201.25,310157
2021-06-10 10:00:31,3201.35,310177
2021-06-10 10:00:32,3201.35,310197
2021-06-10 10:00:33,3201.85,310247
2021-06-10 10:00:34,3201.85,310247
2021-06-10 10:00:34,3201.35,310297
2021-06-10 10:00:35,3201.85,310298
2021-06-10 10:00:36,3201.35,310301
2021-06-10 10:00:37,3201.85,310306
2021-06-10 10:00:38,3201.6,310808
2021-06-10 10:00:39,3201.85,310951
2021-06-10 10:00:40,3201.85,311002
2021-06-10 10:00:42,3201.8,311018
2021-06-10 10:00:43,3201.85,311118
2021-06-10 10:00:44,3201.85,311153
2021-06-10 10:00:45,3201.85,311153
2021-06-10 10:00:46,3201.85,311513
2021-06-10 10:00:46,3201.85,311516
2021-06-10 10:00:47,3201.85,311516
2021-06-10 10:00:49,3201.65,311782
2021-06-10 10:00:52,3202.15,311878
2021-06-10 10:00:53,3202.15,311878
2021-06-10 10:00:54,3202.15,311903
2021-06-10 10:00:55,3202.15,311904
2021-06-10 10:00:56,3202.15,312004
2021-06-10 10:00:56,3202.15,312007
2021-06-10 10:00:57,3202.15,312116
2021-06-10 10:00:58,3202.5,312117
2021-06-10 10:01:00,3202.1,312143
2021-06-10 10:01:01,3202.1,312143
2021-06-10 10:01:02,3202.1,312143
2021-06-10 10:01:03,3202.05,312153
2021-06-10 10:01:04,3202.05,312208
2021-06-10 10:01:05,3202.05,312208
2021-06-10 10:01:05,3201.9,312212
2021-06-10 10:01:06,3201.9,312342
2021-06-10 10:01:07,3202.05,312359
2021-06-10 10:01:08,3202.05,312364
2021-06-10 10:01:09,3202.05,312439
2021-06-10 10:01:11,3201.9,312471
2021-06-10 10:01:12,3202.05,312533
2021-06-10 10:01:13,3202.05,312544
2021-06-10 10:01:14,3202.05,312544
2021-06-10 10:01:14,3201.9,312594
2021-06-10 10:01:15,3201.9,312594
2021-06-10 10:01:16,3202.05,312694
2021-06-10 10:01:18,3202.05,312822
2021-06-10 10:01:19,3202.05,313019
2021-06-10 10:01:20,3202.4,313096
2021-06-10 10:01:22,3202.35,313185
2021-06-10 10:01:23,3202.45,313205
2021-06-10 10:01:23,3202.4,313305
2021-06-10 10:01:24,3202.25,313383
2021-06-10 10:01:26,3202.25,313386
2021-06-10 10:01:27,3202.1,313490
2021-06-10 10:01:28,3202.4,313590
2021-06-10 10:01:29,3202.4,313590
2021-06-10 10:01:30,3202.4,313647
2021-06-10 10:01:31,3202.4,313647
2021-06-10 10:01:32,3202.15,313667
2021-06-10 10:01:32,3202.15,313667
2021-06-10 10:01:33,3202.4,313725
2021-06-10 10:01:34,3202.4,313745
2021-06-10 10:01:36,3202.3,313937
2021-06-10 10:01:37,3202.8,313977
2021-06-10 10:01:38,3202.5,313978
2021-06-10 10:01:39,3202.5,313978
2021-06-10 10:01:39,3202.5,313978
2021-06-10 10:01:40,3202.5,313984
2021-06-10 10:01:41,3202.75,314050
2021-06-10 10:01:42,3202.75,314050
2021-06-10 10:01:44,3202.75,314052
2021-06-10 10:01:45,3202.75,314148
2021-06-10 10:01:46,3202.75,314148
2021-06-10 10:01:47,3202.75,314148
2021-06-10 10:01:48,3202.75,314148
2021-06-10 10:01:49,3204.1,315467
2021-06-10 10:01:50,3203.0,315520
2021-06-10 10:01:51,3203.0,315520
2021-06-10 10:01:52,3203.0,315520
2021-06-10 10:01:53,3203.95,315720
2021-06-10 10:01:54,3203.95,315720
2021-06-10 10:01:55,3203.95,315732
2021-06-10 10:01:57,3203.95,315789
2021-06-10 10:01:58,3203.95,315804
2021-06-10 10:01:59,3203.95,315804
2021-06-10 10:01:59,3203.95,315804
2021-06-10 10:02:00,3203.95,315804
2021-06-10 10:02:01,3203.9,315829
2021-06-10 10:02:04,3203.9,315829
2021-06-10 10:02:05,3203.9,315829
2021-06-10 10:02:06,3203.75,315930
2021-06-10 10:02:06,3203.75,315930
2021-06-10 10:02:07,3203.75,316239
2021-06-10 10:02:08,3203.75,316344
2021-06-10 10:02:10,3203.7,316351
2021-06-10 10:02:11,3203.7,316351
2021-06-10 10:02:12,3203.7,316351
2021-06-10 10:02:13,3203.75,316381
2021-06-10 10:02:14,3203.75,316382
2021-06-10 10:02:16,3203.4,316458
2021-06-10 10:02:16,3203.4,316458
2021-06-10 10:02:17,3203.75,316462
2021-06-10 10:02:18,3203.75,316465
2021-06-10 10:02:19,3203.4,316472
2021-06-10 10:02:20,3203.75,316542
2021-06-10 10:02:22,3203.75,316578
2021-06-10 10:02:23,3203.75,316578
2021-06-10 10:02:24,3203.75,316579
2021-06-10 10:02:25,3203.55,316679
2021-06-10 10:02:26,3203.55,316679
2021-06-10 10:02:27,3203.75,316738
2021-06-10 10:02:28,3203.75,316738
2021-06-10 10:02:29,3203.75,316738
2021-06-10 10:02:31,3203.75,316738
2021-06-10 10:02:32,3203.75,316738
2021-06-10 10:02:33,3203.75,316801
2021-06-10 10:02:34,3203.75,316811
2021-06-10 10:02:37,3203.55,317004
2021-06-10 10:02:38,3203.55,317004
2021-06-10 10:02:39,3203.55,317004
2021-06-10 10:02:39,3203.55,317004
2021-06-10 10:02:40,3203.55,317250
2021-06-10 10:02:42,3203.7,317300
2021-06-10 10:02:43,3203.7,317300
2021-06-10 10:02:44,3203.55,317376
2021-06-10 10:02:45,3203.55,317376
2021-06-10 10:02:46,3203.55,317426
2021-06-10 10:02:47,3203.55,317426
2021-06-10 10:02:48,3203.55,317426
2021-06-10 10:02:49,3203.55,317426
2021-06-10 10:02:50,3203.55,317426
2021-06-10 10:02:51,3203.55,317525
2021-06-10 10:02:52,3203.6,317626
2021-06-10 10:02:53,3203.6,317626
2021-06-10 10:02:54,3203.6,317636
2021-06-10 10:02:55,3203.6,317636
2021-06-10 10:02:56,3203.7,317641
2021-06-10 10:02:57,3203.7,317641
2021-06-10 10:02:58,3203.7,317641
2021-06-10 10:02:58,3203.7,317641
2021-06-10 10:02:59,3203.75,317801
2021-06-10 10:03:00,3203.65,317828
2021-06-10 10:03:02,3203.65,317828
2021-06-10 10:03:03,3203.75,317875
2021-06-10 10:03:04,3203.75,317875
2021-06-10 10:03:05,3203.75,318003
2021-06-10 10:03:06,3203.7,318026
2021-06-10 10:03:07,3203.7,318026
2021-06-10 10:03:08,3203.7,318026
2021-06-10 10:03:09,3203.75,318108
2021-06-10 10:03:10,3203.75,318123
2021-06-10 10:03:11,3203.7,318333
2021-06-10 10:03:11,3203.7,318383
2021-06-10 10:03:12,3203.7,318383
2021-06-10 10:03:15,3203.7,318383
2021-06-10 10:03:16,3203.7,318412
2021-06-10 10:03:17,3203.7,318412
2021-06-10 10:03:18,3203.7,318512
2021-06-10 10:03:19,3203.85,318571
2021-06-10 10:03:20,3203.7,318630
2021-06-10 10:03:21,3203.7,318691
2021-06-10 10:03:24,3203.7,318735
2021-06-10 10:03:25,3203.7,318755
2021-06-10 10:03:26,3203.85,318761
2021-06-10 10:03:27,3203.85,318764
2021-06-10 10:03:28,3203.85,318816
2021-06-10 10:03:29,3203.85,318816
2021-06-10 10:03:30,3203.85,318816
2021-06-10 10:03:31,3203.7,318817
2021-06-10 10:03:31,3203.7,318901
2021-06-10 10:03:34,3203.85,319222
2021-06-10 10:03:35,3203.85,319226
2021-06-10 10:03:36,3203.7,319230
2021-06-10 10:03:37,3203.7,319230
2021-06-10 10:03:38,3203.7,319230
2021-06-10 10:03:39,3203.85,319255
2021-06-10 10:03:40,3203.85,319255
2021-06-10 10:03:41,3203.85,319375
2021-06-10 10:03:42,3203.8,319385
2021-06-10 10:03:43,3203.8,319385
2021-06-10 10:03:44,3203.8,319385
2021-06-10 10:03:45,3203.7,319397
2021-06-10 10:03:45,3203.8,319395
2021-06-10 10:03:47,3203.85,319498
2021-06-10 10:03:48,3203.9,319559
2021-06-10 10:03:49,3203.7,319578
2021-06-10 10:03:50,3203.8,319587
2021-06-10 10:03:51,3203.9,319625
2021-06-10 10:03:52,3203.9,319625
2021-06-10 10:03:53,3203.9,319625
2021-06-10 10:03:55,3203.9,319793
2021-06-10 10:03:56,3203.8,319794
2021-06-10 10:03:57,3203.8,319794
2021-06-10 10:03:58,3203.9,319795
2021-06-10 10:03:59,3203.8,319798
2021-06-10 10:04:02,3204.1,320076
2021-06-10 10:04:02,3204.1,320076
2021-06-10 10:04:03,3204.1,320076
2021-06-10 10:04:04,3204.0,320174
2021-06-10 10:04:06,3204.0,320174
2021-06-10 10:04:07,3204.05,320175
2021-06-10 10:04:09,3204.1,320276
2021-06-10 10:04:10,3204.1,320279
2021-06-10 10:04:11,3204.1,320279
2021-06-10 10:04:12,3204.0,320294
2021-06-10 10:04:13,3204.0,320295
2021-06-10 10:04:13,3204.0,320295
2021-06-10 10:04:15,3204.1,320395
2021-06-10 10:04:16,3204.1,320468
2021-06-10 10:04:17,3204.1,320468
2021-06-10 10:04:18,3204.1,320478
2021-06-10 10:04:18,3204.1,320478
2021-06-10 10:04:19,3204.1,320478
2021-06-10 10:04:21,3204.0,320484
2021-06-10 10:04:22,3204.1,320687
2021-06-10 10:04:23,3204.0,320787
2021-06-10 10:04:24,3204.0,320787
2021-06-10 10:04:25,3204.0,320787
2021-06-10 10:04:26,3204.0,320887
2021-06-10 10:04:27,3204.05,320954
2021-06-10 10:04:27,3204.05,320979
2021-06-10 10:04:29,3204.15,321092
2021-06-10 10:04:30,3204.15,321092
2021-06-10 10:04:31,3204.15,321098
2021-06-10 10:04:32,3204.15,321098
2021-06-10 10:04:33,3204.15,321148
2021-06-10 10:04:34,3204.15,321148
2021-06-10 10:04:35,3204.15,321149
2021-06-10 10:04:36,3204.0,321152
2021-06-10 10:04:37,3204.0,321152
2021-06-10 10:04:38,3204.4,321314
2021-06-10 10:04:39,3204.15,321378
2021-06-10 10:04:40,3204.15,321386
2021-06-10 10:04:41,3204.15,321386
2021-06-10 10:04:42,3204.15,321387
2021-06-10 10:04:44,3204.35,321427
2021-06-10 10:04:45,3204.35,321427
2021-06-10 10:04:46,3204.35,321429
2021-06-10 10:04:47,3204.35,321432
2021-06-10 10:04:48,3204.35,321450
2021-06-10 10:04:49,3204.15,321451
2021-06-10 10:04:50,3204.35,321506
2021-06-10 10:04:51,3204.35,321515
2021-06-10 10:04:52,3204.35,321515
2021-06-10 10:04:53,3204.15,321615
2021-06-10 10:04:54,3204.35,321616
2021-06-10 10:04:55,3204.35,321799
2021-06-10 10:04:56,3204.55,321955
2021-06-10 10:04:57,3204.55,321955
2021-06-10 10:04:58,3204.55,321955
2021-06-10 10:04:59,3204.55,321955
2021-06-10 10:05:01,3204.25,321990
2021-06-10 10:05:03,3204.4,322049
2021-06-10 10:05:05,3204.4,322105
2021-06-10 10:05:06,3204.3,322109
2021-06-10 10:05:07,3205.0,322609
2021-06-10 10:05:08,3205.0,322614
2021-06-10 10:05:10,3205.95,322804
2021-06-10 10:05:11,3205.85,322834
2021-06-10 10:05:12,3205.85,322834
2021-06-10 10:05:13,3205.85,322834
2021-06-10 10:05:14,3205.85,322834
2021-06-10 10:05:15,3205.85,322834
2021-06-10 10:05:17,3205.65,322884
2021-06-10 10:05:16,3205.65,322884
2021-06-10 10:05:18,3204.9,322888
2021-06-10 10:05:19,3205.65,322948
2021-06-10 10:05:20,3205.65,322955
2021-06-10 10:05:21,3205.25,322958
2021-06-10 10:05:22,3205.6,322968
2021-06-10 10:05:23,3205.6,322968
2021-06-10 10:05:24,3205.55,322970
2021-06-10 10:05:25,3205.55,323021
2021-06-10 10:05:27,3205.55,323031
2021-06-10 10:05:28,3205.25,323053
2021-06-10 10:05:29,3205.55,323115
2021-06-10 10:05:30,3205.55,323115
2021-06-10 10:05:31,3205.25,323120
2021-06-10 10:05:32,3205.55,323155
2021-06-10 10:05:33,3205.55,323155
2021-06-10 10:05:34,3205.55,323160
2021-06-10 10:05:35,3205.55,323177
2021-06-10 10:05:36,3205.4,323286
2021-06-10 10:05:37,3205.55,323336
2021-06-10 10:05:38,3205.55,323348
2021-06-10 10:05:39,3205.55,323353
2021-06-10 10:05:40,3205.5,323455
2021-06-10 10:05:41,3205.5,323455
2021-06-10 10:05:42,3205.55,323470
2021-06-10 10:05:43,3205.55,323473
2021-06-10 10:05:44,3205.55,323525
2021-06-10 10:05:45,3205.55,323530
2021-06-10 10:05:46,3205.55,323530
2021-06-10 10:05:47,3205.5,323568
2021-06-10 10:05:48,3205.5,323568
2021-06-10 10:05:49,3205.5,323568
2021-06-10 10:05:50,3205.55,323569
2021-06-10 10:05:51,3205.55,323623
2021-06-10 10:05:52,3205.55,323623
2021-06-10 10:05:53,3205.5,323723
2021-06-10 10:05:54,3205.55,323787
2021-06-10 10:05:55,3205.5,323890
2021-06-10 10:05:56,3205.55,323895
2021-06-10 10:05:57,3205.55,323976
2021-06-10 10:05:59,3205.55,324043
2021-06-10 10:05:58,3205.5,323983
2021-06-10 10:06:00,3205.55,324043
2021-06-10 10:06:01,3205.55,324168
2021-06-10 10:06:02,3205.55,324169
2021-06-10 10:06:03,3205.55,324199
2021-06-10 10:06:04,3205.5,324219
2021-06-10 10:06:05,3205.5,324225
2021-06-10 10:06:07,3205.55,324299
2021-06-10 10:06:06,3205.5,324225
2021-06-10 10:06:08,3205.55,324301
2021-06-10 10:06:09,3205.5,324311
2021-06-10 10:06:10,3205.5,324611
2021-06-10 10:06:11,3205.4,324828
2021-06-10 10:06:12,3205.4,324828
2021-06-10 10:06:13,3205.4,324828
2021-06-10 10:06:14,3205.4,324828
2021-06-10 10:06:15,3205.4,324828
2021-06-10 10:06:16,3205.4,324897
2021-06-10 10:06:17,3205.55,324899
2021-06-10 10:06:18,3205.55,324899
2021-06-10 10:06:19,3205.55,324949
2021-06-10 10:06:20,3205.4,324954
2021-06-10 10:06:21,3205.4,324954
2021-06-10 10:06:22,3205.4,324954
2021-06-10 10:06:23,3205.4,324956
2021-06-10 10:06:24,3205.4,324956
2021-06-10 10:06:26,3205.4,325048
2021-06-10 10:06:27,3205.4,325053
2021-06-10 10:06:28,3205.5,325055
2021-06-10 10:06:29,3205.4,325060
2021-06-10 10:06:30,3205.4,325073
2021-06-10 10:06:31,3205.4,325073
2021-06-10 10:06:32,3205.5,325151
2021-06-10 10:06:33,3205.5,325152
2021-06-10 10:06:34,3205.5,325152
2021-06-10 10:06:35,3205.45,325574
2021-06-10 10:06:36,3205.4,325699
2021-06-10 10:06:37,3205.4,325699
2021-06-10 10:06:38,3205.4,325714
2021-06-10 10:06:39,3205.5,325799
2021-06-10 10:06:40,3204.85,327756
2021-06-10 10:06:41,3204.85,327756
2021-06-10 10:06:43,3205.4,327969
2021-06-10 10:06:44,3205.4,327969
2021-06-10 10:06:45,3205.3,327974
2021-06-10 10:06:46,3204.85,327979
2021-06-10 10:06:47,3204.85,328044
2021-06-10 10:06:48,3205.3,328046
2021-06-10 10:06:49,3205.3,328046
2021-06-10 10:06:50,3205.3,328046
2021-06-10 10:06:51,3204.85,328049
2021-06-10 10:06:52,3204.85,328049
2021-06-10 10:06:53,3205.0,328075
2021-06-10 10:06:54,3205.0,328575
2021-06-10 10:06:55,3204.85,328585
2021-06-10 10:06:56,3205.0,328596
2021-06-10 10:06:57,3205.0,328597
2021-06-10 10:06:59,3205.0,328668
2021-06-10 10:06:59,3205.0,328668
2021-06-10 10:07:00,3205.0,328668
2021-06-10 10:07:01,3205.0,328668
2021-06-10 10:07:02,3205.0,328753
2021-06-10 10:07:03,3204.85,328880
2021-06-10 10:07:04,3204.85,328880
2021-06-10 10:07:06,3205.0,328930
2021-06-10 10:07:08,3205.0,328930
2021-06-10 10:07:09,3204.6,328932
2021-06-10 10:07:09,3204.6,328932
2021-06-10 10:07:10,3205.0,328957
2021-06-10 10:07:11,3204.8,328960
2021-06-10 10:07:12,3204.8,328960
2021-06-10 10:07:13,3204.8,328960
2021-06-10 10:07:14,3204.8,328963
2021-06-10 10:07:15,3204.6,328983
2021-06-10 10:07:16,3204.25,329036
2021-06-10 10:07:18,3204.25,329036
2021-06-10 10:07:18,3204.25,329036
2021-06-10 10:07:19,3204.25,329036
2021-06-10 10:07:20,3204.25,329036
2021-06-10 10:07:21,3204.25,329048
2021-06-10 10:07:22,3204.8,329049
2021-06-10 10:07:23,3204.8,329067
2021-06-10 10:07:24,3204.25,329068
2021-06-10 10:07:26,3204.25,329068
2021-06-10 10:07:26,3204.25,329068
2021-06-10 10:07:27,3204.8,329165
2021-06-10 10:07:28,3204.8,329209
2021-06-10 10:07:29,3204.8,329219
2021-06-10 10:07:30,3204.8,329337
2021-06-10 10:07:31,3204.8,329339
2021-06-10 10:07:32,3204.8,329342
2021-06-10 10:07:34,3204.8,329342
2021-06-10 10:07:34,3204.8,329342
2021-06-10 10:07:35,3204.8,329361
2021-06-10 10:07:36,3204.25,329364
2021-06-10 10:07:37,3204.25,329394
2021-06-10 10:07:38,3204.25,329394
2021-06-10 10:07:39,3204.8,329395
2021-06-10 10:07:41,3204.8,329395
2021-06-10 10:07:41,3204.7,329398
2021-06-10 10:07:42,3204.7,329398
2021-06-10 10:07:43,3204.25,329401
2021-06-10 10:07:44,3204.7,329421
2021-06-10 10:07:45,3204.25,329428
2021-06-10 10:07:46,3204.25,329428
2021-06-10 10:07:48,3204.25,329428
2021-06-10 10:07:49,3204.25,329448
2021-06-10 10:07:49,3204.25,329448
2021-06-10 10:07:50,3204.25,329448
2021-06-10 10:07:51,3204.25,329469
2021-06-10 10:07:53,3204.65,329479
2021-06-10 10:07:53,3204.65,329479
2021-06-10 10:07:54,3204.65,329479
2021-06-10 10:07:56,3204.25,329480
2021-06-10 10:07:56,3204.25,329480
2021-06-10 10:07:57,3204.25,329480
2021-06-10 10:07:58,3204.25,329480
2021-06-10 10:08:00,3204.65,329559
2021-06-10 10:08:01,3204.6,329560
2021-06-10 10:08:02,3204.25,329732
2021-06-10 10:08:03,3204.6,329790
2021-06-10 10:08:04,3204.6,329790
2021-06-10 10:08:05,3204.6,329792
2021-06-10 10:08:06,3204.6,329852
2021-06-10 10:08:07,3204.6,329852
2021-06-10 10:08:08,3204.55,329853
2021-06-10 10:08:09,3204.55,329853
2021-06-10 10:08:10,3204.55,329853
2021-06-10 10:08:11,3204.55,329854
2021-06-10 10:08:12,3204.55,329879
2021-06-10 10:08:13,3204.55,329879
2021-06-10 10:08:14,3204.55,329879
2021-06-10 10:08:15,3204.55,329890
2021-06-10 10:08:16,3204.55,329891
2021-06-10 10:08:17,3204.55,329912
2021-06-10 10:08:18,3204.55,329914
2021-06-10 10:08:19,3204.25,329926
2021-06-10 10:08:20,3204.25,329926
2021-06-10 10:08:21,3204.25,330010
2021-06-10 10:08:22,3204.25,330010
2021-06-10 10:08:23,3204.25,330010
2021-06-10 10:08:24,3204.25,330010
2021-06-10 10:08:25,3204.25,330081
2021-06-10 10:08:26,3204.25,330081
2021-06-10 10:08:27,3204.25,330081
2021-06-10 10:08:28,3204.5,330091
2021-06-10 10:08:29,3204.5,330091
2021-06-10 10:08:31,3204.5,330091
2021-06-10 10:08:31,3204.5,330091
2021-06-10 10:08:32,3204.5,330091
2021-06-10 10:08:33,3204.5,330091
2021-06-10 10:08:34,3204.5,330091
2021-06-10 10:08:35,3204.45,330223
2021-06-10 10:08:36,3204.25,330227
2021-06-10 10:08:37,3204.25,330227
2021-06-10 10:08:38,3204.25,330227
2021-06-10 10:08:40,3204.25,330227
2021-06-10 10:08:41,3204.45,330244
2021-06-10 10:08:42,3204.45,330244
2021-06-10 10:08:43,3204.45,330244
2021-06-10 10:08:43,3204.45,330244
2021-06-10 10:08:45,3204.45,330244
2021-06-10 10:08:45,3204.45,330244
2021-06-10 10:08:46,3204.45,330294
2021-06-10 10:08:47,3204.25,330374
2021-06-10 10:08:48,3204.25,330374
2021-06-10 10:08:49,3204.45,330379
2021-06-10 10:08:50,3204.25,330437
2021-06-10 10:08:52,3204.25,330438
2021-06-10 10:08:53,3204.25,330438
2021-06-10 10:08:54,3204.45,330488
2021-06-10 10:08:54,3204.45,330488
2021-06-10 10:08:55,3204.45,330493
2021-06-10 10:08:56,3204.25,330504
2021-06-10 10:08:57,3204.25,330504
2021-06-10 10:08:58,3204.25,330583
2021-06-10 10:08:59,3204.25,330583
2021-06-10 10:09:01,3204.25,330589
2021-06-10 10:09:02,3204.25,330589
2021-06-10 10:09:03,3204.25,330694
2021-06-10 10:09:04,3204.45,330712
2021-06-10 10:09:06,3204.25,330721
2021-06-10 10:09:07,3204.25,330721
2021-06-10 10:09:08,3204.25,330756
2021-06-10 10:09:08,3204.25,330812
2021-06-10 10:09:10,3204.25,330813
2021-06-10 10:09:11,3204.25,330824
2021-06-10 10:09:12,3204.25,330824
2021-06-10 10:09:12,3204.25,330824
2021-06-10 10:09:14,3204.25,330952
2021-06-10 10:09:15,3204.4,330958
2021-06-10 10:09:16,3204.4,330959
2021-06-10 10:09:17,3204.25,330960
2021-06-10 10:09:18,3204.4,330996
2021-06-10 10:09:19,3204.4,330996
2021-06-10 10:09:20,3204.4,330996
2021-06-10 10:09:21,3204.25,330999
2021-06-10 10:09:22,3204.25,330999
2021-06-10 10:09:23,3204.25,331001
2021-06-10 10:09:24,3204.25,331024
2021-06-10 10:09:26,3204.35,331041
2021-06-10 10:09:27,3204.25,331056
2021-06-10 10:09:28,3204.35,331062
2021-06-10 10:09:29,3204.35,331285
2021-06-10 10:09:30,3204.35,331285
2021-06-10 10:09:31,3204.35,331633
2021-06-10 10:09:32,3204.35,331736
2021-06-10 10:09:33,3204.35,331737
2021-06-10 10:09:34,3204.35,331776
2021-06-10 10:09:35,3204.35,331805
2021-06-10 10:09:36,3204.25,331808
2021-06-10 10:09:37,3204.35,331809
2021-06-10 10:09:38,3204.35,331809
2021-06-10 10:09:39,3204.35,331810
2021-06-10 10:09:41,3204.3,332208
2021-06-10 10:09:42,3204.3,332208
2021-06-10 10:09:43,3204.35,332278
2021-06-10 10:09:44,3204.35,332278
2021-06-10 10:09:45,3204.35,332430
2021-06-10 10:09:46,3204.35,332430
2021-06-10 10:09:47,3204.35,332431
2021-06-10 10:09:48,3204.35,332466
2021-06-10 10:09:49,3204.35,332466
2021-06-10 10:09:50,3204.35,332467
2021-06-10 10:09:51,3204.35,332486
2021-06-10 10:09:53,3204.35,332486
2021-06-10 10:09:54,3204.35,332486
2021-06-10 10:09:54,3204.35,332490
2021-06-10 10:09:56,3204.35,332490
2021-06-10 10:09:56,3204.35,332526
2021-06-10 10:09:58,3204.35,332526
2021-06-10 10:09:59,3204.35,332645
2021-06-10 10:10:01,3204.35,332696
2021-06-10 10:10:02,3204.35,332696
2021-06-10 10:10:03,3204.3,332697
2021-06-10 10:10:04,3204.2,332821
2021-06-10 10:10:05,3204.35,332857
2021-06-10 10:10:06,3204.2,332860
2021-06-10 10:10:07,3204.2,332860
2021-06-10 10:10:08,3204.2,332860
2021-06-10 10:10:09,3204.35,333929
2021-06-10 10:10:10,3204.2,334060
2021-06-10 10:10:11,3204.4,334121
2021-06-10 10:10:13,3204.2,334141
2021-06-10 10:10:14,3204.2,334141
2021-06-10 10:10:15,3204.35,334144
2021-06-10 10:10:15,3204.35,334144
2021-06-10 10:10:16,3204.35,334144
2021-06-10 10:10:18,3204.45,334670
2021-06-10 10:10:18,3204.45,334670
2021-06-10 10:10:19,3204.45,334673
2021-06-10 10:10:20,3204.2,334803
2021-06-10 10:10:21,3204.45,334839
2021-06-10 10:10:22,3204.45,334875
2021-06-10 10:10:23,3204.85,335851
2021-06-10 10:10:25,3205.95,336290
2021-06-10 10:10:26,3204.8,336312
2021-06-10 10:10:27,3205.8,336348
2021-06-10 10:10:27,3205.8,336402
2021-06-10 10:10:28,3205.8,336403
2021-06-10 10:10:29,3205.8,336540
2021-06-10 10:10:31,3205.8,336540
2021-06-10 10:10:32,3205.8,336540
2021-06-10 10:10:32,3205.8,336540
2021-06-10 10:10:33,3205.8,336547
2021-06-10 10:10:34,3205.8,336547
2021-06-10 10:10:35,3205.8,336600
2021-06-10 10:10:36,3204.9,336607
2021-06-10 10:10:38,3204.9,336657
2021-06-10 10:10:39,3205.8,336658
2021-06-10 10:10:40,3205.8,336799
2021-06-10 10:10:42,3204.9,336987
2021-06-10 10:10:43,3204.85,337028
2021-06-10 10:10:44,3205.65,337038
2021-06-10 10:10:44,3205.65,337038
2021-06-10 10:10:45,3205.65,337039
2021-06-10 10:10:46,3205.65,337039
2021-06-10 10:10:47,3205.5,337075
2021-06-10 10:10:48,3205.5,337075
2021-06-10 10:10:49,3205.5,337111
2021-06-10 10:10:50,3204.9,337114
2021-06-10 10:10:52,3204.8,337396
2021-06-10 10:10:53,3204.8,337396
2021-06-10 10:10:54,3204.8,337396
2021-06-10 10:10:55,3204.85,337555
2021-06-10 10:10:58,3204.9,337618
2021-06-10 10:10:59,3204.9,337651
2021-06-10 10:11:00,3204.85,337838
2021-06-10 10:11:02,3204.85,337843
2021-06-10 10:11:03,3204.85,337857
2021-06-10 10:11:05,3204.85,337857
2021-06-10 10:11:04,3204.85,337857
2021-06-10 10:11:06,3204.85,337861
2021-06-10 10:11:07,3204.85,337861
2021-06-10 10:11:08,3204.85,337916
2021-06-10 10:11:08,3204.85,337916
2021-06-10 10:11:09,3204.85,337919
2021-06-10 10:11:10,3204.85,337919
2021-06-10 10:11:11,3204.85,337929
2021-06-10 10:11:12,3204.8,337930
2021-06-10 10:11:13,3204.85,337951
2021-06-10 10:11:14,3204.85,338021
2021-06-10 10:11:15,3204.85,338021
2021-06-10 10:11:16,3204.85,338021
2021-06-10 10:11:17,3204.85,338021
2021-06-10 10:11:18,3204.85,338021
2021-06-10 10:11:19,3204.6,338041
2021-06-10 10:11:20,3204.85,338416
2021-06-10 10:11:21,3204.9,338805
2021-06-10 10:11:22,3204.85,338905
2021-06-10 10:11:23,3204.85,339055
2021-06-10 10:11:24,3204.85,339055
2021-06-10 10:11:25,3204.9,339064
2021-06-10 10:11:27,3204.9,339068
2021-06-10 10:11:28,3204.9,339070
2021-06-10 10:11:29,3204.85,339251
2021-06-10 10:11:30,3204.85,339251
2021-06-10 10:11:31,3204.85,339251
2021-06-10 10:11:32,3204.85,339251
2021-06-10 10:11:33,3204.85,339251
2021-06-10 10:11:33,3204.85,339251
2021-06-10 10:11:34,3204.9,339281
