timestamp,ltp,volume
2021-06-10 09:20:14,1734.75,150952
2021-06-10 09:20:15,1734.5,152512
2021-06-10 09:20:16,1734.0,152757
2021-06-10 09:20:17,1734.0,152979
2021-06-10 09:20:17,1734.0,152979
2021-06-10 09:20:19,1734.0,154022
2021-06-10 09:20:20,1734.2,154508
2021-06-10 09:20:21,1734.0,154827
2021-06-10 09:20:22,1734.0,154963
2021-06-10 09:20:23,1734.1,155083
2021-06-10 09:20:24,1733.1,155315
2021-06-10 09:20:24,1733.1,155340
2021-06-10 09:20:26,1733.4,155637
2021-06-10 09:20:28,1734.0,155728
2021-06-10 09:20:29,1734.0,155897
2021-06-10 09:20:29,1734.0,155902
2021-06-10 09:20:32,1734.0,156256
2021-06-10 09:20:33,1733.3,156899
2021-06-10 09:20:34,1733.55,156966
2021-06-10 09:20:35,1733.95,157169
2021-06-10 09:20:35,1733.95,157169
2021-06-10 09:20:37,1733.25,157319
2021-06-10 09:20:38,1733.85,157354
2021-06-10 09:20:39,1733.85,157354
2021-06-10 09:20:40,1733.75,157388
2021-06-10 09:20:40,1733.75,157388
2021-06-10 09:20:42,1733.55,157848
2021-06-10 09:20:43,1733.05,157998
2021-06-10 09:20:44,1732.8,160140
2021-06-10 09:20:45,1732.6,160240
2021-06-10 09:20:45,1732.6,160348
2021-06-10 09:20:47,1732.0,161900
2021-06-10 09:20:49,1732.0,161930
2021-06-10 09:20:50,1732.25,162048
2021-06-10 09:20:50,1731.65,162454
2021-06-10 09:20:53,1731.0,162629
2021-06-10 09:20:54,1731.0,162829
2021-06-10 09:20:55,1731.0,163230
2021-06-10 09:20:55,1731.0,164299
2021-06-10 09:20:57,1731.0,164488
2021-06-10 09:20:58,1731.95,164668
2021-06-10 09:20:59,1731.65,164687
2021-06-10 09:21:00,1731.8,165018
2021-06-10 09:21:00,1731.8,165018
2021-06-10 09:21:02,1731.0,165201
2021-06-10 09:21:03,1730.65,166187
2021-06-10 09:21:04,1730.7,166715
2021-06-10 09:21:05,1730.45,167402
2021-06-10 09:21:05,1730.45,167402
2021-06-10 09:21:08,1731.35,167525
2021-06-10 09:21:09,1730.1,168098
2021-06-10 09:21:10,1731.05,169043
2021-06-10 09:21:10,1730.9,168907
2021-06-10 09:21:12,1730.55,169310
2021-06-10 09:21:13,1731.6,169311
2021-06-10 09:21:14,1731.0,169363
2021-06-10 09:21:15,1730.65,169389
2021-06-10 09:21:15,1730.65,169389
2021-06-10 09:21:19,1730.5,170419
2021-06-10 09:21:20,1731.0,170674
2021-06-10 09:21:21,1731.4,170740
2021-06-10 09:21:21,1731.4,170740
2021-06-10 09:21:23,1731.55,174286
2021-06-10 09:21:24,1730.2,174418
2021-06-10 09:21:25,1730.65,174440
2021-06-10 09:21:26,1731.5,174745
2021-06-10 09:21:26,1731.5,174745
2021-06-10 09:21:28,1731.55,174943
2021-06-10 09:21:29,1730.6,174963
2021-06-10 09:21:30,1731.4,175009
2021-06-10 09:21:31,1731.1,175504
2021-06-10 09:21:31,1731.0,175555
2021-06-10 09:21:33,1731.5,177038
2021-06-10 09:21:34,1731.55,177053
2021-06-10 09:21:35,1730.3,177276
2021-06-10 09:21:36,1731.45,177464
2021-06-10 09:21:36,1731.55,177564
2021-06-10 09:21:38,1730.5,177729
2021-06-10 09:21:39,1731.5,178000
2021-06-10 09:21:40,1731.4,178029
2021-06-10 09:21:41,1731.1,178220
2021-06-10 09:21:42,1733.0,179538
2021-06-10 09:21:42,1733.0,179538
2021-06-10 09:21:44,1733.0,179617
2021-06-10 09:21:45,1733.2,179788
2021-06-10 09:21:46,1732.4,179944
2021-06-10 09:21:47,1732.1,179971
2021-06-10 09:21:48,1733.0,180019
2021-06-10 09:21:48,1732.15,179992
2021-06-10 09:21:50,1732.8,180056
2021-06-10 09:21:51,1732.9,180153
2021-06-10 09:21:52,1732.9,180243
2021-06-10 09:21:53,1733.0,180321
2021-06-10 09:21:54,1733.0,180336
2021-06-10 09:21:55,1733.0,180341
2021-06-10 09:21:56,1733.0,180342
2021-06-10 09:21:57,1732.95,180433
2021-06-10 09:21:58,1733.0,180562
2021-06-10 09:21:59,1732.75,180643
2021-06-10 09:22:00,1732.75,180670
2021-06-10 09:22:01,1732.75,180725
2021-06-10 09:22:02,1732.85,180871
2021-06-10 09:22:03,1732.55,181140
2021-06-10 09:22:04,1732.4,181662
2021-06-10 09:22:05,1732.9,181792
2021-06-10 09:22:06,1732.4,181820
2021-06-10 09:22:07,1732.05,182142
2021-06-10 09:22:08,1732.5,182209
2021-06-10 09:22:09,1732.8,182624
2021-06-10 09:22:10,1733.55,182947
2021-06-10 09:22:11,1733.7,183012
2021-06-10 09:22:12,1733.6,183160
2021-06-10 09:22:13,1733.7,183327
2021-06-10 09:22:14,1733.6,183943
2021-06-10 09:22:16,1733.6,184231
2021-06-10 09:22:15,1733.0,184183
2021-06-10 09:22:17,1733.0,184285
2021-06-10 09:22:18,1733.0,184558
2021-06-10 09:22:20,1732.85,184716
2021-06-10 09:22:21,1732.9,184765
2021-06-10 09:22:22,1732.95,184933
2021-06-10 09:22:23,1733.3,185492
2021-06-10 09:22:24,1732.9,185720
2021-06-10 09:22:25,1733.1,185951
2021-06-10 09:22:26,1733.1,185997
2021-06-10 09:22:27,1733.15,186895
2021-06-10 09:22:28,1733.7,187274
2021-06-10 09:22:29,1733.65,187996
2021-06-10 09:22:30,1733.2,188196
2021-06-10 09:22:31,1733.05,188301
2021-06-10 09:22:32,1733.85,188322
2021-06-10 09:22:33,1733.0,188427
2021-06-10 09:22:34,1733.25,188450
2021-06-10 09:22:35,1733.0,188984
2021-06-10 09:22:36,1733.35,189116
2021-06-10 09:22:37,1733.7,189258
2021-06-10 09:22:38,1733.7,189324
2021-06-10 09:22:40,1734.05,189403
2021-06-10 09:22:41,1734.05,189756
2021-06-10 09:22:42,1734.05,189828
2021-06-10 09:22:43,1733.9,189924
2021-06-10 09:22:45,1733.0,190497
2021-06-10 09:22:46,1733.55,190653
2021-06-10 09:22:47,1733.8,190864
2021-06-10 09:22:49,1733.4,192355
2021-06-10 09:22:48,1733.25,192107
2021-06-10 09:22:50,1733.25,192542
2021-06-10 09:22:51,1733.6,192679
2021-06-10 09:22:52,1733.55,192857
2021-06-10 09:22:53,1733.55,192968
2021-06-10 09:22:54,1732.7,193691
2021-06-10 09:22:55,1733.6,193895
2021-06-10 09:22:56,1733.85,193955
2021-06-10 09:22:57,1733.85,193967
2021-06-10 09:22:58,1733.85,193990
2021-06-10 09:22:59,1733.3,195554
2021-06-10 09:23:00,1733.6,196137
2021-06-10 09:23:01,1733.45,196355
2021-06-10 09:23:03,1733.4,196668
2021-06-10 09:23:04,1734.0,196682
2021-06-10 09:23:05,1733.4,196690
2021-06-10 09:23:07,1733.4,196713
2021-06-10 09:23:08,1733.9,196720
2021-06-10 09:23:09,1733.45,196810
2021-06-10 09:23:10,1733.95,196828
2021-06-10 09:23:11,1733.95,196853
2021-06-10 09:23:12,1734.0,196938
2021-06-10 09:23:13,1733.45,196961
2021-06-10 09:23:14,1733.45,197021
2021-06-10 09:23:15,1733.45,197086
2021-06-10 09:23:16,1733.85,197101
2021-06-10 09:23:17,1734.0,197104
2021-06-10 09:23:18,1733.85,197323
2021-06-10 09:23:19,1734.0,197367
2021-06-10 09:23:20,1734.0,197375
2021-06-10 09:23:21,1733.4,197407
2021-06-10 09:23:22,1734.0,197534
2021-06-10 09:23:23,1735.0,197917
2021-06-10 09:23:24,1734.35,198003
2021-06-10 09:23:25,1734.35,198150
2021-06-10 09:23:26,1735.0,198180
2021-06-10 09:23:27,1734.9,198187
2021-06-10 09:23:28,1734.35,198192
2021-06-10 09:23:29,1734.3,198461
2021-06-10 09:23:31,1734.9,198617
2021-06-10 09:23:30,1734.9,198587
2021-06-10 09:23:32,1734.95,198674
2021-06-10 09:23:33,1735.0,198686
2021-06-10 09:23:34,1734.95,198709
2021-06-10 09:23:35,1734.95,198886
2021-06-10 09:23:36,1735.0,199299
2021-06-10 09:23:37,1734.8,199391
2021-06-10 09:23:38,1735.0,199509
2021-06-10 09:23:39,1735.0,199537
2021-06-10 09:23:40,1735.0,199553
2021-06-10 09:23:41,1735.0,199603
2021-06-10 09:23:42,1734.9,199639
2021-06-10 09:23:43,1735.0,199646
2021-06-10 09:23:44,1735.0,199672
2021-06-10 09:23:45,1735.0,199672
2021-06-10 09:23:46,1735.0,199682
2021-06-10 09:23:47,1734.45,199736
2021-06-10 09:23:48,1735.0,199746
2021-06-10 09:23:50,1735.0,199871
2021-06-10 09:23:51,1735.0,199875
2021-06-10 09:23:52,1735.0,199877
2021-06-10 09:23:53,1735.0,199989
2021-06-10 09:23:54,1735.0,200012
2021-06-10 09:23:55,1735.0,201260
2021-06-10 09:23:56,1734.05,201522
2021-06-10 09:23:57,1734.05,201583
2021-06-10 09:23:58,1734.95,201595
2021-06-10 09:23:59,1734.85,201908
2021-06-10 09:24:00,1734.85,202031
2021-06-10 09:24:02,1734.05,202190
2021-06-10 09:24:03,1733.6,202272
2021-06-10 09:24:04,1733.65,202334
2021-06-10 09:24:06,1733.5,202750
2021-06-10 09:24:06,1733.95,202826
2021-06-10 09:24:07,1733.45,202915
2021-06-10 09:24:08,1733.45,202988
2021-06-10 09:24:09,1733.65,203024
2021-06-10 09:24:10,1733.6,203047
2021-06-10 09:24:11,1733.6,203081
2021-06-10 09:24:12,1733.65,203088
2021-06-10 09:24:13,1733.65,203100
2021-06-10 09:24:14,1733.65,203157
2021-06-10 09:24:15,1733.6,203185
2021-06-10 09:24:16,1733.6,203261
2021-06-10 09:24:17,1733.45,203401
2021-06-10 09:24:18,1733.8,203429
2021-06-10 09:24:19,1733.3,204467
2021-06-10 09:24:20,1733.6,204844
2021-06-10 09:24:21,1733.6,204857
2021-06-10 09:24:22,1733.6,204859
2021-06-10 09:24:23,1733.6,204870
2021-06-10 09:24:24,1733.05,204979
2021-06-10 09:24:25,1733.6,205199
2021-06-10 09:24:26,1733.15,205483
2021-06-10 09:24:27,1733.0,205704
2021-06-10 09:24:28,1732.3,206169
2021-06-10 09:24:29,1733.0,206591
2021-06-10 09:24:30,1733.0,206702
2021-06-10 09:24:31,1733.0,206714
2021-06-10 09:24:32,1732.25,206839
2021-06-10 09:24:33,1732.85,206889
2021-06-10 09:24:34,1732.25,207401
2021-06-10 09:24:36,1732.25,207402
2021-06-10 09:24:37,1732.55,207407
2021-06-10 09:24:39,1732.25,207683
2021-06-10 09:24:40,1732.25,207693
2021-06-10 09:24:41,1732.0,207850
2021-06-10 09:24:42,1732.0,207951
2021-06-10 09:24:43,1732.0,208523
2021-06-10 09:24:44,1731.8,208984
2021-06-10 09:24:45,1731.1,209029
2021-06-10 09:24:46,1731.15,209115
2021-06-10 09:24:48,1731.85,209236
2021-06-10 09:24:49,1731.15,209268
2021-06-10 09:24:50,1731.0,209484
2021-06-10 09:24:51,1731.0,209660
2021-06-10 09:24:53,1731.05,209854
2021-06-10 09:24:53,1731.05,209854
2021-06-10 09:24:54,1731.05,209966
2021-06-10 09:24:55,1731.0,210345
2021-06-10 09:24:56,1731.2,210507
2021-06-10 09:24:57,1730.55,211322
2021-06-10 09:24:58,1731.5,211367
2021-06-10 09:24:59,1730.6,211772
2021-06-10 09:25:01,1731.05,211876
2021-06-10 09:25:01,1730.5,212044
2021-06-10 09:25:02,1731.35,212202
2021-06-10 09:25:03,1730.55,212254
2021-06-10 09:25:04,1731.0,212575
2021-06-10 09:25:05,1731.5,212577
2021-06-10 09:25:06,1731.5,212586
2021-06-10 09:25:07,1731.5,212604
2021-06-10 09:25:08,1731.5,212704
2021-06-10 09:25:10,1731.5,212704
2021-06-10 09:25:10,1731.0,212754
2021-06-10 09:25:11,1731.5,212880
2021-06-10 09:25:12,1731.5,212927
2021-06-10 09:25:13,1731.0,212988
2021-06-10 09:25:14,1731.05,213009
2021-06-10 09:25:15,1731.05,213014
2021-06-10 09:25:16,1731.5,213024
2021-06-10 09:25:18,1731.5,213050
2021-06-10 09:25:17,1731.5,213049
2021-06-10 09:25:19,1731.5,213071
2021-06-10 09:25:20,1731.5,213312
2021-06-10 09:25:21,1731.8,213391
2021-06-10 09:25:23,1731.5,213546
2021-06-10 09:25:22,1731.8,213446
2021-06-10 09:25:24,1731.8,213558
2021-06-10 09:25:25,1731.5,213579
2021-06-10 09:25:26,1731.8,213595
2021-06-10 09:25:28,1731.8,213833
2021-06-10 09:25:29,1731.8,213954
2021-06-10 09:25:30,1731.5,214094
2021-06-10 09:25:31,1731.5,214197
2021-06-10 09:25:32,1731.5,214678
2021-06-10 09:25:33,1731.8,214680
2021-06-10 09:25:34,1731.8,214791
2021-06-10 09:25:35,1731.5,214949
2021-06-10 09:25:36,1731.5,214954
2021-06-10 09:25:37,1731.75,215229
2021-06-10 09:25:38,1731.7,216276
2021-06-10 09:25:39,1731.7,216276
2021-06-10 09:25:41,1731.7,216276
2021-06-10 09:25:42,1731.65,216287
2021-06-10 09:25:43,1731.65,216387
2021-06-10 09:25:44,1731.8,216495
2021-06-10 09:25:45,1731.8,216499
2021-06-10 09:25:45,1731.8,216499
2021-06-10 09:25:46,1731.8,216544
2021-06-10 09:25:47,1731.8,216544
2021-06-10 09:25:48,1731.8,216816
2021-06-10 09:25:49,1731.8,216816
2021-06-10 09:25:50,1731.8,216816
2021-06-10 09:25:51,1731.65,216849
2021-06-10 09:25:52,1731.65,216849
2021-06-10 09:25:53,1731.65,216849
2021-06-10 09:25:54,1731.05,216884
2021-06-10 09:25:55,1731.65,216889
2021-06-10 09:25:57,1731.05,216915
2021-06-10 09:25:57,1731.05,216925
2021-06-10 09:25:58,1731.05,216945
2021-06-10 09:25:59,1731.9,217056
2021-06-10 09:26:00,1731.05,217114
2021-06-10 09:26:01,1731.8,217255
2021-06-10 09:26:02,1731.05,217410
2021-06-10 09:26:03,1730.0,219626
2021-06-10 09:26:04,1731.05,221225
2021-06-10 09:26:05,1731.05,221381
2021-06-10 09:26:06,1731.0,221531
2021-06-10 09:26:08,1730.0,221595
2021-06-10 09:26:09,1731.0,222741
2021-06-10 09:26:10,1731.9,222774
2021-06-10 09:26:11,1731.0,222793
2021-06-10 09:26:12,1731.0,222855
2021-06-10 09:26:13,1731.8,222890
2021-06-10 09:26:14,1731.8,223065
2021-06-10 09:26:15,1731.75,224954
2021-06-10 09:26:16,1731.7,225054
2021-06-10 09:26:17,1732.6,225101
2021-06-10 09:26:18,1732.6,225839
2021-06-10 09:26:19,1732.6,225839
2021-06-10 09:26:20,1732.6,225848
2021-06-10 09:26:21,1732.6,225902
2021-06-10 09:26:22,1732.6,225918
2021-06-10 09:26:23,1732.6,225918
2021-06-10 09:26:24,1732.85,225998
2021-06-10 09:26:25,1732.7,226008
2021-06-10 09:26:26,1732.7,226025
2021-06-10 09:26:27,1732.6,226046
2021-06-10 09:26:28,1732.6,226056
2021-06-10 09:26:29,1732.6,226105
2021-06-10 09:26:30,1732.6,226111
2021-06-10 09:26:31,1732.6,226129
2021-06-10 09:26:32,1732.6,226129
2021-06-10 09:26:33,1731.7,226133
2021-06-10 09:26:34,1732.45,226153
2021-06-10 09:26:35,1732.45,226403
2021-06-10 09:26:36,1732.45,226433
2021-06-10 09:26:37,1731.65,226453
2021-06-10 09:26:38,1732.45,226464
2021-06-10 09:26:39,1732.45,226514
2021-06-10 09:26:40,1731.5,226562
2021-06-10 09:26:41,1732.05,226597
2021-06-10 09:26:42,1732.05,226608
2021-06-10 09:26:43,1731.55,226851
2021-06-10 09:26:44,1731.5,226931
2021-06-10 09:26:45,1732.2,226956
2021-06-10 09:26:46,1731.7,226970
2021-06-10 09:26:47,1731.5,227164
2021-06-10 09:26:48,1731.5,227179
2021-06-10 09:26:49,1731.5,227249
2021-06-10 09:26:52,1730.2,229027
2021-06-10 09:26:53,1731.0,229084
2021-06-10 09:26:54,1730.15,229226
2021-06-10 09:26:55,1731.2,229460
2021-06-10 09:26:56,1731.25,229529
2021-06-10 09:26:57,1731.0,229549
2021-06-10 09:26:58,1731.0,229565
2021-06-10 09:26:59,1731.25,229583
2021-06-10 09:27:00,1731.25,229631
2021-06-10 09:27:01,1730.95,231474
2021-06-10 09:27:02,1730.95,231474
2021-06-10 09:27:03,1730.0,231868
2021-06-10 09:27:04,1731.15,232482
2021-06-10 09:27:05,1731.25,232826
2021-06-10 09:27:06,1731.0,232829
2021-06-10 09:27:07,1731.0,232844
2021-06-10 09:27:09,1731.15,233063
2021-06-10 09:27:11,1730.9,233073
2021-06-10 09:27:12,1731.0,233431
2021-06-10 09:27:13,1731.0,233432
2021-06-10 09:27:14,1731.0,233432
2021-06-10 09:27:15,1730.1,233932
2021-06-10 09:27:16,1730.05,234019
2021-06-10 09:27:17,1731.0,234365
2021-06-10 09:27:18,1730.95,234375
2021-06-10 09:27:19,1730.95,234375
2021-06-10 09:27:20,1730.3,234524
2021-06-10 09:27:21,1731.0,234563
2021-06-10 09:27:22,1730.3,234764
2021-06-10 09:27:24,1730.5,235180
2021-06-10 09:27:25,1731.05,235300
2021-06-10 09:27:27,1731.0,235974
2021-06-10 09:27:29,1731.15,236350
2021-06-10 09:27:31,1731.0,236478
2021-06-10 09:27:32,1731.15,236521
2021-06-10 09:27:33,1731.0,236566
2021-06-10 09:27:34,1731.0,236567
2021-06-10 09:27:35,1731.25,236937
2021-06-10 09:27:36,1731.15,237059
2021-06-10 09:27:36,1731.15,237059
2021-06-10 09:27:37,1731.5,237064
2021-06-10 09:27:38,1731.75,237457
2021-06-10 09:27:39,1731.75,237457
2021-06-10 09:27:40,1732.5,237460
2021-06-10 09:27:41,1732.6,237541
2021-06-10 09:27:42,1732.6,237553
2021-06-10 09:27:43,1731.9,237557
2021-06-10 09:27:44,1731.9,237557
2021-06-10 09:27:45,1731.4,238482
2021-06-10 09:27:46,1731.4,238482
2021-06-10 09:27:47,1732.2,238636
2021-06-10 09:27:48,1731.4,238686
2021-06-10 09:27:49,1732.0,238829
2021-06-10 09:27:50,1732.0,238829
2021-06-10 09:27:52,1731.35,238909
2021-06-10 09:27:53,1731.15,238929
2021-06-10 09:27:54,1731.15,238929
2021-06-10 09:27:55,1731.15,238929
2021-06-10 09:27:56,1731.7,239032
2021-06-10 09:27:57,1731.7,239057
2021-06-10 09:27:58,1731.7,239057
2021-06-10 09:27:59,1731.7,239057
2021-06-10 09:28:00,1731.8,239257
2021-06-10 09:28:01,1731.8,239257
2021-06-10 09:28:02,1731.75,239277
2021-06-10 09:28:03,1731.75,239345
2021-06-10 09:28:04,1731.75,239405
2021-06-10 09:28:05,1731.7,239409
2021-06-10 09:28:06,1731.75,239519
2021-06-10 09:28:07,1731.75,239549
2021-06-10 09:28:08,1731.75,239549
2021-06-10 09:28:09,1731.75,239550
2021-06-10 09:28:10,1731.95,239571
2021-06-10 09:28:12,1731.75,239627
2021-06-10 09:28:13,1731.75,239627
2021-06-10 09:28:14,1732.0,239687
2021-06-10 09:28:15,1732.55,240031
2021-06-10 09:28:16,1731.75,240433
2021-06-10 09:28:17,1731.95,240453
2021-06-10 09:28:18,1732.5,240641
2021-06-10 09:28:19,1732.5,240646
2021-06-10 09:28:20,1731.8,240664
2021-06-10 09:28:21,1731.8,240951
2021-06-10 09:28:23,1731.75,240961
2021-06-10 09:28:24,1732.0,241019
2021-06-10 09:28:24,1732.0,241019
2021-06-10 09:28:25,1732.0,241062
2021-06-10 09:28:26,1732.0,241082
2021-06-10 09:28:28,1732.0,241094
2021-06-10 09:28:29,1732.25,241095
2021-06-10 09:28:30,1732.4,241173
2021-06-10 09:28:32,1732.0,241216
2021-06-10 09:28:34,1732.45,241282
2021-06-10 09:28:35,1732.0,241410
2021-06-10 09:28:35,1732.35,241408
2021-06-10 09:28:37,1732.0,241420
2021-06-10 09:28:38,1732.0,241422
2021-06-10 09:28:38,1732.0,241422
2021-06-10 09:28:39,1732.0,241422
2021-06-10 09:28:40,1732.2,241452
2021-06-10 09:28:41,1732.2,241472
2021-06-10 09:28:43,1732.2,241472
2021-06-10 09:28:43,1732.85,241530
2021-06-10 09:28:45,1732.85,241530
2021-06-10 09:28:46,1732.4,241614
2021-06-10 09:28:46,1732.4,241614
2021-06-10 09:28:47,1732.4,241614
2021-06-10 09:28:48,1732.45,241855
2021-06-10 09:28:49,1732.85,241881
2021-06-10 09:28:50,1732.55,242901
2021-06-10 09:28:51,1732.55,243027
2021-06-10 09:28:52,1732.55,243087
2021-06-10 09:28:53,1732.55,243087
2021-06-10 09:28:54,1732.9,243102
2021-06-10 09:28:55,1732.9,243102
2021-06-10 09:28:57,1732.55,243112
2021-06-10 09:28:58,1732.55,243112
2021-06-10 09:28:59,1732.9,243118
2021-06-10 09:29:00,1732.6,243128
2021-06-10 09:29:01,1732.55,243154
2021-06-10 09:29:02,1733.0,243666
2021-06-10 09:29:03,1733.0,243666
2021-06-10 09:29:05,1733.05,244359
2021-06-10 09:29:06,1733.5,244463
2021-06-10 09:29:07,1733.75,244752
2021-06-10 09:29:08,1733.75,244752
2021-06-10 09:29:09,1734.0,244888
2021-06-10 09:29:10,1734.0,244899
2021-06-10 09:29:11,1733.75,245019
2021-06-10 09:29:12,1733.75,245119
2021-06-10 09:29:12,1733.75,245119
2021-06-10 09:29:13,1733.25,245139
2021-06-10 09:29:14,1733.9,245152
2021-06-10 09:29:15,1733.85,245275
2021-06-10 09:29:17,1733.25,245280
2021-06-10 09:29:18,1733.0,245380
2021-06-10 09:29:18,1733.0,245380
2021-06-10 09:29:19,1733.8,245434
2021-06-10 09:29:20,1733.8,245434
2021-06-10 09:29:22,1733.2,245435
2021-06-10 09:29:23,1733.2,245435
2021-06-10 09:29:24,1733.55,245724
2021-06-10 09:29:25,1733.75,245729
2021-06-10 09:29:26,1733.4,246376
2021-06-10 09:29:27,1734.0,246431
2021-06-10 09:29:28,1734.0,246431
2021-06-10 09:29:29,1733.4,246461
2021-06-10 09:29:29,1733.4,246461
2021-06-10 09:29:31,1733.4,246462
2021-06-10 09:29:33,1733.05,246818
2021-06-10 09:29:36,1733.8,246992
2021-06-10 09:29:37,1733.8,246993
2021-06-10 09:29:38,1733.75,247036
2021-06-10 09:29:39,1733.8,247073
2021-06-10 09:29:40,1733.8,247073
2021-06-10 09:29:41,1734.5,247678
2021-06-10 09:29:42,1733.7,247679
2021-06-10 09:29:43,1734.05,247689
2021-06-10 09:29:44,1734.05,247691
2021-06-10 09:29:45,1734.05,247692
2021-06-10 09:29:46,1733.8,247765
2021-06-10 09:29:46,1733.8,247765
2021-06-10 09:29:48,1733.1,248444
2021-06-10 09:29:48,1734.4,248469
2021-06-10 09:29:49,1733.8,248519
2021-06-10 09:29:50,1733.8,248550
2021-06-10 09:29:51,1734.3,248600
2021-06-10 09:29:53,1734.25,248605
2021-06-10 09:29:54,1733.8,248777
2021-06-10 09:29:55,1734.6,248900
2021-06-10 09:29:56,1734.3,248941
2021-06-10 09:29:56,1734.3,248941
2021-06-10 09:29:57,1734.3,248942
2021-06-10 09:29:58,1734.6,249479
2021-06-10 09:29:59,1734.3,249500
2021-06-10 09:30:00,1734.3,249500
2021-06-10 09:30:03,1734.2,249753
2021-06-10 09:30:04,1734.55,249904
2021-06-10 09:30:05,1735.0,250383
2021-06-10 09:30:07,1735.0,250551
2021-06-10 09:30:08,1734.9,250561
2021-06-10 09:30:09,1734.9,250561
2021-06-10 09:30:10,1734.4,250618
2021-06-10 09:30:11,1734.4,250633
2021-06-10 09:30:12,1734.4,250633
2021-06-10 09:30:14,1734.4,250639
2021-06-10 09:30:15,1734.9,250674
2021-06-10 09:30:17,1734.45,251106
2021-06-10 09:30:18,1734.4,251218
2021-06-10 09:30:18,1735.0,251318
2021-06-10 09:30:21,1734.4,251639
2021-06-10 09:30:22,1734.45,251896
2021-06-10 09:30:23,1734.4,251926
2021-06-10 09:30:24,1734.4,251926
2021-06-10 09:30:25,1734.95,251927
2021-06-10 09:30:26,1734.3,252177
2021-06-10 09:30:27,1734.3,252192
2021-06-10 09:30:28,1735.0,253196
2021-06-10 09:30:28,1735.0,253196
2021-06-10 09:30:30,1734.4,253250
2021-06-10 09:30:32,1734.45,253268
2021-06-10 09:30:34,1735.0,253329
2021-06-10 09:30:35,1734.45,253358
2021-06-10 09:30:36,1734.4,253999
2021-06-10 09:30:37,1734.4,254109
2021-06-10 09:30:38,1734.4,254116
2021-06-10 09:30:39,1734.7,254166
2021-06-10 09:30:40,1734.7,254166
2021-06-10 09:30:42,1735.0,254377
2021-06-10 09:30:44,1734.95,254387
2021-06-10 09:30:44,1735.0,254487
2021-06-10 09:30:46,1734.5,254505
2021-06-10 09:30:47,1735.0,254635
2021-06-10 09:30:47,1735.0,254635
2021-06-10 09:30:48,1735.0,254660
2021-06-10 09:30:49,1734.7,254725
2021-06-10 09:30:50,1734.9,254729
2021-06-10 09:30:51,1734.95,254769
2021-06-10 09:30:53,1734.95,254769
2021-06-10 09:30:54,1734.95,254769
2021-06-10 09:30:55,1734.95,254799
2021-06-10 09:30:56,1734.95,254799
2021-06-10 09:30:57,1734.95,254799
2021-06-10 09:30:58,1736.0,256775
2021-06-10 09:30:59,1735.95,256875
2021-06-10 09:31:00,1735.95,256980
2021-06-10 09:31:01,1735.95,257596
2021-06-10 09:31:02,1735.95,257596
2021-06-10 09:31:03,1736.0,257752
2021-06-10 09:31:04,1736.0,257807
2021-06-10 09:31:06,1736.25,258125
2021-06-10 09:31:07,1736.0,258129
2021-06-10 09:31:08,1736.6,259823
2021-06-10 09:31:09,1736.6,259823
2021-06-10 09:31:10,1736.6,259886
2021-06-10 09:31:11,1736.6,259926
2021-06-10 09:31:12,1736.65,260712
2021-06-10 09:31:13,1736.5,260932
2021-06-10 09:31:14,1736.5,260932
2021-06-10 09:31:15,1736.65,260948
2021-06-10 09:31:17,1736.7,260953
2021-06-10 09:31:18,1736.7,260953
2021-06-10 09:31:19,1737.0,261057
2021-06-10 09:31:20,1737.2,262430
2021-06-10 09:31:22,1738.15,263147
2021-06-10 09:31:23,1738.15,263177
2021-06-10 09:31:23,1738.15,263184
2021-06-10 09:31:25,1738.25,264239
2021-06-10 09:31:25,1738.25,264300
2021-06-10 09:31:26,1738.0,264918
2021-06-10 09:31:27,1737.8,265254
2021-06-10 09:31:29,1738.25,265326
2021-06-10 09:31:30,1738.2,265591
2021-06-10 09:31:31,1737.35,265613
2021-06-10 09:31:32,1737.35,265645
2021-06-10 09:31:33,1737.3,266166
2021-06-10 09:31:34,1737.25,266176
2021-06-10 09:31:35,1736.25,266539
2021-06-10 09:31:36,1736.25,266540
2021-06-10 09:31:37,1736.25,266566
2021-06-10 09:31:37,1736.9,266666
2021-06-10 09:31:39,1737.15,266746
2021-06-10 09:31:40,1737.2,266781
2021-06-10 09:31:41,1736.6,267591
2021-06-10 09:31:41,1736.6,267591
2021-06-10 09:31:43,1736.95,267745
2021-06-10 09:31:43,1736.35,267746
2021-06-10 09:31:44,1736.35,267746
2021-06-10 09:31:46,1737.0,267828
2021-06-10 09:31:48,1737.1,267887
2021-06-10 09:31:49,1737.7,267977
2021-06-10 09:31:50,1736.8,268110
2021-06-10 09:31:51,1737.0,268211
2021-06-10 09:31:52,1737.0,268317
2021-06-10 09:31:53,1737.1,268332
2021-06-10 09:31:54,1737.1,268339
2021-06-10 09:31:55,1736.7,268539
2021-06-10 09:31:56,1737.65,268729
2021-06-10 09:31:57,1737.65,268756
2021-06-10 09:31:58,1736.9,268758
2021-06-10 09:31:59,1736.9,268818
2021-06-10 09:32:00,1736.9,268818
2021-06-10 09:32:01,1736.9,268828
2021-06-10 09:32:02,1736.9,268828
2021-06-10 09:32:03,1736.9,269388
2021-06-10 09:32:04,1736.9,269401
2021-06-10 09:32:05,1737.0,269410
2021-06-10 09:32:06,1737.0,269412
2021-06-10 09:32:07,1736.95,269804
2021-06-10 09:32:08,1736.95,269804
2021-06-10 09:32:09,1736.95,269804
2021-06-10 09:32:10,1737.0,269867
2021-06-10 09:32:11,1737.0,269960
2021-06-10 09:32:12,1737.1,270007
2021-06-10 09:32:13,1737.1,270007
2021-06-10 09:32:14,1737.1,270032
2021-06-10 09:32:15,1737.1,270153
2021-06-10 09:32:16,1738.0,270625
2021-06-10 09:32:17,1737.45,270636
2021-06-10 09:32:18,1738.0,270656
2021-06-10 09:32:19,1737.45,270681
2021-06-10 09:32:20,1738.0,270767
2021-06-10 09:32:22,1737.05,271795
2021-06-10 09:32:24,1738.0,271916
2021-06-10 09:32:25,1738.0,272374
2021-06-10 09:32:26,1738.0,272374
2021-06-10 09:32:27,1737.4,272479
2021-06-10 09:32:28,1737.45,272607
2021-06-10 09:32:29,1737.45,272607
2021-06-10 09:32:31,1738.0,272882
2021-06-10 09:32:32,1738.0,272885
2021-06-10 09:32:33,1738.0,272895
2021-06-10 09:32:34,1737.55,272906
2021-06-10 09:32:36,1737.65,273052
2021-06-10 09:32:37,1737.65,273052
2021-06-10 09:32:38,1737.65,273091
2021-06-10 09:32:40,1737.55,273668
2021-06-10 09:32:42,1738.0,273758
2021-06-10 09:32:43,1737.55,274581
2021-06-10 09:32:44,1738.0,274631
2021-06-10 09:32:45,1737.6,274670
2021-06-10 09:32:46,1738.0,274870
2021-06-10 09:32:47,1737.4,275000
2021-06-10 09:32:48,1738.0,275035
2021-06-10 09:32:49,1738.0,275047
2021-06-10 09:32:50,1737.65,277162
2021-06-10 09:32:51,1737.65,277167
2021-06-10 09:32:52,1737.4,277294
2021-06-10 09:32:53,1737.4,277367
2021-06-10 09:32:54,1737.45,277374
2021-06-10 09:32:55,1737.45,277564
2021-06-10 09:32:56,1737.45,277623
2021-06-10 09:32:57,1738.0,277689
2021-06-10 09:32:58,1737.5,278726
2021-06-10 09:33:00,1737.55,278847
2021-06-10 09:33:01,1737.7,278947
2021-06-10 09:33:02,1737.65,278972
2021-06-10 09:33:03,1737.5,279237
2021-06-10 09:33:04,1737.75,279253
2021-06-10 09:33:05,1737.75,279256
2021-06-10 09:33:06,1737.6,279296
2021-06-10 09:33:07,1737.6,279296
2021-06-10 09:33:08,1737.05,279391
2021-06-10 09:33:09,1737.5,279491
2021-06-10 09:33:10,1737.0,279655
2021-06-10 09:33:11,1737.0,279657
2021-06-10 09:33:12,1737.0,279657
2021-06-10 09:33:13,1736.8,281481
2021-06-10 09:33:14,1736.7,281596
2021-06-10 09:33:15,1736.0,281822
2021-06-10 09:33:16,1736.65,281912
2021-06-10 09:33:17,1735.85,282117
2021-06-10 09:33:18,1736.1,282237
2021-06-10 09:33:19,1736.85,282397
2021-06-10 09:33:20,1735.3,282928
2021-06-10 09:33:21,1736.35,282929
2021-06-10 09:33:22,1737.0,283016
2021-06-10 09:33:23,1736.45,283017
2021-06-10 09:33:24,1736.45,283017
2021-06-10 09:33:25,1736.45,283017
2021-06-10 09:33:26,1736.05,283052
2021-06-10 09:33:27,1736.7,283068
2021-06-10 09:33:28,1736.15,283069
2021-06-10 09:33:29,1736.15,283075
2021-06-10 09:33:30,1736.15,283091
2021-06-10 09:33:31,1736.15,283091
2021-06-10 09:33:32,1736.15,283194
2021-06-10 09:33:33,1736.0,283226
2021-06-10 09:33:34,1736.0,283226
2021-06-10 09:33:35,1736.0,283226
2021-06-10 09:33:37,1736.65,283286
2021-06-10 09:33:38,1736.65,283301
2021-06-10 09:33:39,1736.45,283326
2021-06-10 09:33:40,1736.65,283336
2021-06-10 09:33:41,1736.65,283336
2021-06-10 09:33:42,1736.15,283736
2021-06-10 09:33:43,1736.5,283836
2021-06-10 09:33:44,1736.45,283886
2021-06-10 09:33:45,1736.45,283886
2021-06-10 09:33:46,1736.4,283936
2021-06-10 09:33:47,1736.6,283952
2021-06-10 09:33:48,1736.6,283982
2021-06-10 09:33:49,1736.6,283982
2021-06-10 09:33:50,1736.65,283988
2021-06-10 09:33:51,1736.65,283993
2021-06-10 09:33:52,1736.15,284130
2021-06-10 09:33:53,1736.15,284130
2021-06-10 09:33:54,1736.15,284130
2021-06-10 09:33:55,1736.3,284131
2021-06-10 09:33:56,1736.65,284556
2021-06-10 09:33:57,1736.65,284556
2021-06-10 09:33:58,1736.65,284561
2021-06-10 09:33:59,1736.4,284962
2021-06-10 09:34:00,1736.4,284962
2021-06-10 09:34:01,1736.4,284972
2021-06-10 09:34:02,1736.2,285042
2021-06-10 09:34:04,1736.25,285387
2021-06-10 09:34:03,1736.2,285046
2021-06-10 09:34:05,1736.65,285418
2021-06-10 09:34:06,1736.65,285428
2021-06-10 09:34:07,1736.65,285438
2021-06-10 09:34:08,1736.15,285638
2021-06-10 09:34:09,1736.65,285739
2021-06-10 09:34:10,1736.65,285739
2021-06-10 09:34:11,1736.4,285747
2021-06-10 09:34:12,1736.4,285747
2021-06-10 09:34:13,1736.4,285775
2021-06-10 09:34:14,1736.4,285775
2021-06-10 09:34:15,1736.4,285775
2021-06-10 09:34:16,1736.65,285870
2021-06-10 09:34:18,1736.8,286000
2021-06-10 09:34:19,1736.8,286102
2021-06-10 09:34:20,1736.8,286102
2021-06-10 09:34:21,1736.8,286102
2021-06-10 09:34:22,1736.8,286102
2021-06-10 09:34:23,1736.8,286112
2021-06-10 09:34:24,1736.8,286155
2021-06-10 09:34:25,1736.25,286480
2021-06-10 09:34:26,1736.2,286594
2021-06-10 09:34:27,1736.2,286594
2021-06-10 09:34:28,1736.2,286615
2021-06-10 09:34:29,1736.75,286665
2021-06-10 09:34:30,1736.15,286750
2021-06-10 09:34:31,1736.2,287176
2021-06-10 09:34:32,1736.0,287429
2021-06-10 09:34:34,1736.0,287429
2021-06-10 09:34:33,1736.0,287429
2021-06-10 09:34:35,1736.6,287480
2021-06-10 09:34:36,1736.75,287490
2021-06-10 09:34:37,1736.75,287490
2021-06-10 09:34:38,1736.05,287508
2021-06-10 09:34:39,1736.05,287510
2021-06-10 09:34:40,1736.05,287525
2021-06-10 09:34:41,1736.4,287526
2021-06-10 09:34:42,1736.05,287537
2021-06-10 09:34:44,1736.0,288077
2021-06-10 09:34:45,1736.0,288077
2021-06-10 09:34:46,1736.0,288077
2021-06-10 09:34:47,1736.0,288077
2021-06-10 09:34:49,1736.05,288111
2021-06-10 09:34:50,1736.15,288123
2021-06-10 09:34:51,1736.15,288123
2021-06-10 09:34:53,1736.15,288123
2021-06-10 09:34:54,1736.05,288138
2021-06-10 09:34:55,1736.2,288148
2021-06-10 09:34:56,1736.2,288322
2021-06-10 09:34:57,1736.2,288327
2021-06-10 09:34:59,1736.2,288360
2021-06-10 09:35:00,1736.2,288360
2021-06-10 09:35:01,1736.2,288411
2021-06-10 09:35:02,1736.05,288466
2021-06-10 09:35:03,1736.2,288484
2021-06-10 09:35:04,1736.2,288486
2021-06-10 09:35:05,1736.15,288511
2021-06-10 09:35:06,1736.05,288544
2021-06-10 09:35:07,1736.05,288544
2021-06-10 09:35:08,1736.05,288565
2021-06-10 09:35:09,1736.6,288646
2021-06-10 09:35:10,1736.6,288646
2021-06-10 09:35:12,1736.35,289528
2021-06-10 09:35:13,1736.45,289531
2021-06-10 09:35:14,1736.5,289647
2021-06-10 09:35:15,1736.5,289726
2021-06-10 09:35:16,1736.0,289733
2021-06-10 09:35:17,1736.0,289734
2021-06-10 09:35:18,1736.0,289744
2021-06-10 09:35:19,1736.55,289844
2021-06-10 09:35:20,1736.55,289844
2021-06-10 09:35:21,1736.55,289844
2021-06-10 09:35:22,1736.55,289844
2021-06-10 09:35:24,1735.75,291032
2021-06-10 09:35:25,1735.0,291137
2021-06-10 09:35:26,1735.0,291137
2021-06-10 09:35:27,1735.5,291215
2021-06-10 09:35:28,1735.0,291247
2021-06-10 09:35:29,1735.0,291249
2021-06-10 09:35:30,1734.45,291444
2021-06-10 09:35:32,1734.75,291995
2021-06-10 09:35:32,1734.75,291995
2021-06-10 09:35:33,1733.95,292012
2021-06-10 09:35:34,1733.95,292012
2021-06-10 09:35:36,1733.95,292012
2021-06-10 09:35:36,1733.95,292012
2021-06-10 09:35:37,1733.95,292055
2021-06-10 09:35:38,1734.65,292060
2021-06-10 09:35:40,1734.65,292090
2021-06-10 09:35:41,1734.7,292117
2021-06-10 09:35:42,1734.0,292122
2021-06-10 09:35:44,1734.6,292230
2021-06-10 09:35:45,1733.95,292330
2021-06-10 09:35:45,1734.0,292430
2021-06-10 09:35:47,1733.95,292460
2021-06-10 09:35:47,1733.95,292460
2021-06-10 09:35:49,1734.0,292510
2021-06-10 09:35:49,1734.5,292593
2021-06-10 09:35:50,1734.45,292821
2021-06-10 09:35:51,1733.6,292921
2021-06-10 09:35:52,1733.6,292941
2021-06-10 09:35:53,1733.9,292960
2021-06-10 09:35:54,1733.95,293040
2021-06-10 09:35:55,1734.1,293041
2021-06-10 09:35:56,1734.1,293041
2021-06-10 09:35:58,1734.05,293332
2021-06-10 09:35:59,1734.1,293389
2021-06-10 09:36:00,1734.1,293397
2021-06-10 09:36:01,1733.2,293470
2021-06-10 09:36:02,1733.95,293577
2021-06-10 09:36:03,1733.95,293577
2021-06-10 09:36:04,1733.95,293593
2021-06-10 09:36:05,1733.95,293593
2021-06-10 09:36:06,1733.6,293603
2021-06-10 09:36:07,1733.6,293603
2021-06-10 09:36:09,1733.85,293604
2021-06-10 09:36:08,1733.85,293604
2021-06-10 09:36:10,1733.1,293754
2021-06-10 09:36:12,1733.35,293779
2021-06-10 09:36:13,1733.5,293791
2021-06-10 09:36:14,1733.95,293941
2021-06-10 09:36:15,1733.95,293941
2021-06-10 09:36:15,1733.0,294484
2021-06-10 09:36:16,1733.0,294484
2021-06-10 09:36:17,1733.75,294495
2021-06-10 09:36:19,1733.75,294498
2021-06-10 09:36:19,1733.05,294499
2021-06-10 09:36:21,1733.05,294499
2021-06-10 09:36:21,1733.05,294499
2021-06-10 09:36:23,1733.0,294894
2021-06-10 09:36:23,1733.0,294894
2021-06-10 09:36:24,1733.0,294894
2021-06-10 09:36:25,1733.0,294898
2021-06-10 09:36:26,1733.0,294898
2021-06-10 09:36:27,1733.65,294938
2021-06-10 09:36:28,1733.0,295314
2021-06-10 09:36:29,1733.0,295324
2021-06-10 09:36:31,1733.6,295327
2021-06-10 09:36:32,1733.7,295637
2021-06-10 09:36:33,1733.7,295637
2021-06-10 09:36:35,1733.0,295648
2021-06-10 09:36:35,1733.0,295648
2021-06-10 09:36:36,1733.0,295648
2021-06-10 09:36:37,1733.1,296049
2021-06-10 09:36:39,1733.6,296079
2021-06-10 09:36:40,1733.1,296130
2021-06-10 09:36:40,1733.1,296130
2021-06-10 09:36:41,1733.6,296160
2021-06-10 09:36:42,1733.1,296759
2021-06-10 09:36:43,1733.1,296759
2021-06-10 09:36:44,1733.1,296759
2021-06-10 09:36:45,1733.1,296759
2021-06-10 09:36:46,1733.05,296771
2021-06-10 09:36:47,1732.9,297819
2021-06-10 09:36:48,1732.9,297819
2021-06-10 09:36:49,1733.1,297823
2021-06-10 09:36:51,1732.85,297923
2021-06-10 09:36:52,1733.05,297930
2021-06-10 09:36:53,1733.05,297930
2021-06-10 09:36:54,1733.0,297950
2021-06-10 09:36:55,1733.1,297951
2021-06-10 09:36:56,1733.0,297953
2021-06-10 09:36:57,1733.1,297983
2021-06-10 09:36:58,1733.1,297983
2021-06-10 09:36:59,1733.1,297989
2021-06-10 09:37:00,1733.0,298004
2021-06-10 09:37:01,1733.65,298448
2021-06-10 09:37:02,1733.5,298523
2021-06-10 09:37:03,1733.6,298525
2021-06-10 09:37:04,1733.2,298570
2021-06-10 09:37:05,1733.2,298570
2021-06-10 09:37:07,1733.2,298585
2021-06-10 09:37:09,1733.2,298749
2021-06-10 09:37:09,1733.2,298749
2021-06-10 09:37:10,1733.15,298764
2021-06-10 09:37:11,1733.15,298916
2021-06-10 09:37:12,1733.15,298976
2021-06-10 09:37:13,1733.2,299122
2021-06-10 09:37:14,1733.1,299224
2021-06-10 09:37:15,1733.7,299231
2021-06-10 09:37:16,1733.7,299232
2021-06-10 09:37:17,1733.7,299232
2021-06-10 09:37:18,1733.7,299232
2021-06-10 09:37:19,1733.65,299302
2021-06-10 09:37:21,1733.65,299302
2021-06-10 09:37:21,1733.65,299302
2021-06-10 09:37:23,1733.6,300267
2021-06-10 09:37:23,1733.6,300267
2021-06-10 09:37:24,1733.6,300267
2021-06-10 09:37:26,1733.2,300752
2021-06-10 09:37:28,1733.7,300903
2021-06-10 09:37:29,1733.7,300903
2021-06-10 09:37:31,1733.2,301009
2021-06-10 09:37:32,1733.2,301009
2021-06-10 09:37:33,1733.7,301049
2021-06-10 09:37:34,1733.2,301053
2021-06-10 09:37:35,1734.0,301203
2021-06-10 09:37:35,1734.0,301203
2021-06-10 09:37:36,1733.7,301205
2021-06-10 09:37:37,1733.7,301205
2021-06-10 09:37:38,1733.35,301208
2021-06-10 09:37:40,1733.35,301208
2021-06-10 09:37:41,1733.35,301222
2021-06-10 09:37:41,1733.35,301222
2021-06-10 09:37:43,1733.35,301222
2021-06-10 09:37:43,1733.35,301222
2021-06-10 09:37:44,1733.35,301279
2021-06-10 09:37:45,1733.35,301322
2021-06-10 09:37:47,1733.35,301367
2021-06-10 09:37:48,1733.7,301371
2021-06-10 09:37:49,1734.0,301471
2021-06-10 09:37:50,1733.35,301474
2021-06-10 09:37:51,1733.9,301484
2021-06-10 09:37:52,1733.9,301504
2021-06-10 09:37:53,1733.9,301554
2021-06-10 09:37:53,1733.9,301605
2021-06-10 09:37:54,1733.9,301605
2021-06-10 09:37:55,1733.9,301605
2021-06-10 09:37:56,1733.9,301605
2021-06-10 09:37:57,1733.9,301605
2021-06-10 09:37:59,1733.9,301605
2021-06-10 09:38:00,1733.9,301605
2021-06-10 09:38:00,1733.85,301606
2021-06-10 09:38:01,1733.4,301647
2021-06-10 09:38:02,1734.0,301684
2021-06-10 09:38:03,1734.0,301684
2021-06-10 09:38:05,1733.85,301685
2021-06-10 09:38:06,1734.0,301696
2021-06-10 09:38:07,1733.85,301784
2021-06-10 09:38:08,1733.75,301883
2021-06-10 09:38:09,1733.75,301908
2021-06-10 09:38:10,1733.75,301908
2021-06-10 09:38:11,1733.75,301937
2021-06-10 09:38:14,1733.75,302027
2021-06-10 09:38:15,1733.4,302257
2021-06-10 09:38:16,1733.75,302264
2021-06-10 09:38:18,1733.35,302374
2021-06-10 09:38:18,1733.75,302375
2021-06-10 09:38:21,1733.75,302412
2021-06-10 09:38:22,1733.55,302555
2021-06-10 09:38:22,1733.55,302555
2021-06-10 09:38:23,1733.55,302555
2021-06-10 09:38:24,1733.55,302555
2021-06-10 09:38:25,1733.55,302557
2021-06-10 09:38:26,1733.85,302925
2021-06-10 09:38:28,1733.85,302925
2021-06-10 09:38:29,1733.05,302927
2021-06-10 09:38:30,1733.05,302927
2021-06-10 09:38:30,1733.05,302927
2021-06-10 09:38:31,1733.05,302931
2021-06-10 09:38:32,1733.5,303033
2021-06-10 09:38:33,1733.5,303033
2021-06-10 09:38:34,1733.5,303033
2021-06-10 09:38:35,1733.5,303033
2021-06-10 09:38:36,1733.5,303033
2021-06-10 09:38:37,1733.5,303033
2021-06-10 09:38:38,1733.55,303058
2021-06-10 09:38:39,1733.55,303078
2021-06-10 09:38:40,1733.5,303106
2021-06-10 09:38:41,1733.6,303201
2021-06-10 09:38:42,1733.55,303202
2021-06-10 09:38:43,1733.55,303202
2021-06-10 09:38:44,1733.55,303202
2021-06-10 09:38:45,1733.55,303202
2021-06-10 09:38:46,1733.25,303222
2021-06-10 09:38:47,1733.6,303232
2021-06-10 09:38:48,1733.5,303314
2021-06-10 09:38:49,1733.35,303321
2021-06-10 09:38:50,1733.35,303321
2021-06-10 09:38:51,1733.35,303321
2021-06-10 09:38:53,1733.5,303343
2021-06-10 09:38:54,1733.9,303385
2021-06-10 09:38:54,1733.9,303385
2021-06-10 09:38:55,1733.8,303393
2021-06-10 09:38:56,1733.75,303396
2021-06-10 09:38:57,1733.4,303641
2021-06-10 09:38:59,1733.4,303641
2021-06-10 09:39:00,1733.45,303645
2021-06-10 09:39:01,1733.45,303650
2021-06-10 09:39:02,1732.85,303877
2021-06-10 09:39:03,1732.85,303877
2021-06-10 09:39:04,1733.45,303892
2021-06-10 09:39:04,1733.45,303892
2021-06-10 09:39:05,1733.45,303904
2021-06-10 09:39:06,1733.5,303905
2021-06-10 09:39:07,1733.55,304007
2021-06-10 09:39:08,1733.55,304007
2021-06-10 09:39:09,1733.45,304044
2021-06-10 09:39:11,1733.45,304047
2021-06-10 09:39:12,1733.9,304077
2021-06-10 09:39:13,1733.9,304077
2021-06-10 09:39:14,1733.45,304097
2021-06-10 09:39:14,1733.45,304112
2021-06-10 09:39:15,1733.9,304346
2021-06-10 09:39:16,1733.9,304346
2021-06-10 09:39:18,1733.6,304351
2021-06-10 09:39:19,1734.15,304706
2021-06-10 09:39:20,1734.0,304752
2021-06-10 09:39:21,1734.0,304752
2021-06-10 09:39:22,1734.0,304752
2021-06-10 09:39:23,1734.3,304762
2021-06-10 09:39:23,1734.3,304762
2021-06-10 09:39:24,1734.3,304762
2021-06-10 09:39:25,1734.3,304762
2021-06-10 09:39:27,1734.3,304762
2021-06-10 09:39:28,1734.45,304763
2021-06-10 09:39:29,1734.45,304763
2021-06-10 09:39:30,1734.0,304765
2021-06-10 09:39:30,1734.0,304765
2021-06-10 09:39:31,1734.0,304765
2021-06-10 09:39:32,1734.45,304793
2021-06-10 09:39:33,1734.45,304793
2021-06-10 09:39:35,1734.3,304801
2021-06-10 09:39:34,1734.3,304796
2021-06-10 09:39:36,1734.3,304801
2021-06-10 09:39:37,1734.3,304805
2021-06-10 09:39:38,1734.3,304805
2021-06-10 09:39:39,1734.3,304805
2021-06-10 09:39:40,1734.0,304857
2021-06-10 09:39:41,1734.0,304857
2021-06-10 09:39:42,1734.4,304867
2021-06-10 09:39:43,1734.4,304867
2021-06-10 09:39:44,1734.45,304917
2021-06-10 09:39:46,1734.45,304917
2021-06-10 09:39:47,1734.5,304920
2021-06-10 09:39:48,1734.5,304920
2021-06-10 09:39:49,1734.5,304920
2021-06-10 09:39:50,1733.95,305426
2021-06-10 09:39:52,1734.5,305440
2021-06-10 09:39:52,1734.5,305440
2021-06-10 09:39:54,1734.5,305440
2021-06-10 09:39:55,1734.5,305440
2021-06-10 09:39:56,1734.5,305440
2021-06-10 09:39:57,1734.35,305441
2021-06-10 09:39:59,1734.1,305456
2021-06-10 09:40:01,1734.4,305511
2021-06-10 09:40:01,1734.4,305511
2021-06-10 09:40:02,1734.4,305554
2021-06-10 09:40:03,1734.4,305554
2021-06-10 09:40:05,1734.35,305556
2021-06-10 09:40:06,1734.35,305556
2021-06-10 09:40:07,1734.35,305556
2021-06-10 09:40:08,1734.4,305775
2021-06-10 09:40:09,1734.4,305775
2021-06-10 09:40:10,1734.4,305775
2021-06-10 09:40:11,1734.4,305775
2021-06-10 09:40:11,1734.4,305775
2021-06-10 09:40:12,1734.4,305775
2021-06-10 09:40:13,1734.4,305775
2021-06-10 09:40:15,1734.1,305788
2021-06-10 09:40:16,1734.1,305788
2021-06-10 09:40:17,1734.4,305813
2021-06-10 09:40:18,1734.4,305813
2021-06-10 09:40:18,1734.4,305813
2021-06-10 09:40:19,1734.4,305813
2021-06-10 09:40:21,1734.35,305814
2021-06-10 09:40:22,1734.35,305844
2021-06-10 09:40:23,1734.35,305844
2021-06-10 09:40:24,1734.35,305844
2021-06-10 09:40:25,1734.35,305844
2021-06-10 09:40:26,1734.3,305847
2021-06-10 09:40:26,1734.3,305847
2021-06-10 09:40:27,1734.35,305870
2021-06-10 09:40:28,1734.35,305933
2021-06-10 09:40:30,1734.35,306152
2021-06-10 09:40:31,1734.35,306152
2021-06-10 09:40:32,1734.35,306152
2021-06-10 09:40:33,1734.5,306205
2021-06-10 09:40:34,1734.35,306270
2021-06-10 09:40:35,1734.35,306270
2021-06-10 09:40:36,1735.0,306555
2021-06-10 09:40:36,1735.0,306555
2021-06-10 09:40:38,1735.0,306555
2021-06-10 09:40:39,1735.0,306555
2021-06-10 09:40:40,1734.4,306722
2021-06-10 09:40:40,1734.4,306722
2021-06-10 09:40:42,1734.4,306722
2021-06-10 09:40:43,1734.4,306722
2021-06-10 09:40:44,1734.4,306722
2021-06-10 09:40:45,1734.45,306725
2021-06-10 09:40:46,1734.45,306725
2021-06-10 09:40:47,1734.45,306725
2021-06-10 09:40:48,1735.0,306729
2021-06-10 09:40:50,1735.0,306729
2021-06-10 09:40:51,1735.0,306734
2021-06-10 09:40:52,1735.0,306752
2021-06-10 09:40:53,1735.0,306752
2021-06-10 09:40:53,1735.0,306761
2021-06-10 09:40:54,1735.0,306778
2021-06-10 09:40:55,1735.2,306829
2021-06-10 09:40:56,1735.2,306829
2021-06-10 09:40:57,1735.25,306849
2021-06-10 09:40:58,1735.25,306849
2021-06-10 09:41:00,1735.65,306850
2021-06-10 09:41:01,1735.65,306850
2021-06-10 09:41:02,1735.7,306860
2021-06-10 09:41:03,1735.7,306860
2021-06-10 09:41:04,1735.7,306863
2021-06-10 09:41:05,1735.1,306978
2021-06-10 09:41:05,1735.1,306913
2021-06-10 09:41:06,1735.1,306978
2021-06-10 09:41:07,1735.0,307029
2021-06-10 09:41:08,1735.2,307084
2021-06-10 09:41:10,1734.5,307374
2021-06-10 09:41:11,1734.95,307676
2021-06-10 09:41:12,1734.95,307711
2021-06-10 09:41:13,1735.25,307891
2021-06-10 09:41:14,1734.5,307905
2021-06-10 09:41:14,1734.5,307905
2021-06-10 09:41:15,1735.0,307915
2021-06-10 09:41:17,1734.15,308257
2021-06-10 09:41:18,1734.15,308257
2021-06-10 09:41:19,1734.15,308262
2021-06-10 09:41:19,1735.05,308284
2021-06-10 09:41:21,1734.15,308286
2021-06-10 09:41:22,1734.95,308291
2021-06-10 09:41:22,1734.95,308291
2021-06-10 09:41:23,1734.95,308291
2021-06-10 09:41:24,1734.95,308331
2021-06-10 09:41:25,1734.7,308333
2021-06-10 09:41:27,1734.95,308341
2021-06-10 09:41:28,1734.95,308351
2021-06-10 09:41:29,1734.95,308351
2021-06-10 09:41:30,1734.25,308551
2021-06-10 09:41:31,1735.0,308601
2021-06-10 09:41:32,1734.7,308612
2021-06-10 09:41:33,1734.7,308612
2021-06-10 09:41:34,1734.7,308612
2021-06-10 09:41:35,1734.7,308612
2021-06-10 09:41:36,1734.35,308670
2021-06-10 09:41:37,1734.3,308713
2021-06-10 09:41:37,1734.3,308713
2021-06-10 09:41:38,1734.3,308713
2021-06-10 09:41:40,1734.2,309210
2021-06-10 09:41:41,1734.65,309218
2021-06-10 09:41:42,1734.65,309218
2021-06-10 09:41:43,1734.65,309218
2021-06-10 09:41:44,1734.7,309235
2021-06-10 09:41:45,1734.25,309241
2021-06-10 09:41:46,1734.7,309250
2021-06-10 09:41:47,1734.3,309648
2021-06-10 09:41:48,1734.3,309648
2021-06-10 09:41:49,1734.65,309653
2021-06-10 09:41:50,1734.65,309653
2021-06-10 09:41:51,1734.75,309759
2021-06-10 09:41:51,1734.0,309765
2021-06-10 09:41:52,1734.25,309793
2021-06-10 09:41:53,1734.25,309801
2021-06-10 09:41:55,1734.25,309914
2021-06-10 09:41:56,1734.0,309959
2021-06-10 09:41:57,1734.0,309959
2021-06-10 09:41:58,1734.0,309959
2021-06-10 09:41:59,1734.0,309960
2021-06-10 09:41:59,1734.0,309960
2021-06-10 09:42:01,1734.0,309993
2021-06-10 09:42:02,1734.0,310213
2021-06-10 09:42:03,1734.0,310233
2021-06-10 09:42:04,1734.25,310237
2021-06-10 09:42:05,1734.0,310246
2021-06-10 09:42:06,1734.7,310548
2021-06-10 09:42:06,1734.2,310248
2021-06-10 09:42:07,1734.7,310548
2021-06-10 09:42:09,1734.2,311555
2021-06-10 09:42:10,1734.0,311580
2021-06-10 09:42:11,1734.0,311580
2021-06-10 09:42:12,1734.0,311580
2021-06-10 09:42:13,1734.0,311580
2021-06-10 09:42:14,1734.0,311580
2021-06-10 09:42:15,1734.0,311584
2021-06-10 09:42:15,1734.0,311584
2021-06-10 09:42:17,1734.0,311590
2021-06-10 09:42:18,1734.0,311590
2021-06-10 09:42:19,1734.5,311615
2021-06-10 09:42:20,1734.5,311615
2021-06-10 09:42:21,1733.95,312070
2021-06-10 09:42:22,1733.95,312070
2021-06-10 09:42:22,1733.95,312070
2021-06-10 09:42:23,1733.95,312070
2021-06-10 09:42:25,1733.95,312075
2021-06-10 09:42:26,1733.95,312075
2021-06-10 09:42:27,1733.95,312086
2021-06-10 09:42:28,1733.95,312086
2021-06-10 09:42:29,1733.95,312086
2021-06-10 09:42:30,1733.95,312099
2021-06-10 09:42:30,1733.95,312099
2021-06-10 09:42:32,1733.9,312149
2021-06-10 09:42:33,1733.9,312149
2021-06-10 09:42:34,1733.9,312149
2021-06-10 09:42:35,1733.9,312151
2021-06-10 09:42:36,1733.9,312157
2021-06-10 09:42:37,1734.0,312226
2021-06-10 09:42:38,1734.0,312226
2021-06-10 09:42:39,1733.9,312229
2021-06-10 09:42:40,1733.9,312229
2021-06-10 09:42:41,1733.5,312247
2021-06-10 09:42:42,1733.5,312247
2021-06-10 09:42:42,1733.5,312247
2021-06-10 09:42:44,1732.5,313456
2021-06-10 09:42:45,1732.5,313459
2021-06-10 09:42:46,1732.5,313459
2021-06-10 09:42:47,1732.9,313484
2021-06-10 09:42:48,1732.9,313484
2021-06-10 09:42:49,1732.7,313520
2021-06-10 09:42:50,1732.7,313520
2021-06-10 09:42:51,1733.4,314537
2021-06-10 09:42:51,1733.3,314547
2021-06-10 09:42:53,1733.2,314667
2021-06-10 09:42:54,1733.2,314667
2021-06-10 09:42:55,1733.2,314667
2021-06-10 09:42:56,1733.2,314667
2021-06-10 09:42:57,1733.25,314712
2021-06-10 09:42:58,1733.25,314732
2021-06-10 09:42:59,1733.25,314732
2021-06-10 09:43:00,1733.25,314741
2021-06-10 09:43:00,1733.25,314741
2021-06-10 09:43:03,1733.25,314812
2021-06-10 09:43:04,1733.5,314814
2021-06-10 09:43:05,1733.55,314816
2021-06-10 09:43:06,1733.25,314896
2021-06-10 09:43:07,1734.0,315396
2021-06-10 09:43:07,1734.0,315396
2021-06-10 09:43:09,1733.2,315397
2021-06-10 09:43:10,1733.2,315397
2021-06-10 09:43:11,1733.2,315402
2021-06-10 09:43:13,1733.2,315402
2021-06-10 09:43:14,1733.2,315492
2021-06-10 09:43:15,1733.2,315495
2021-06-10 09:43:16,1733.35,315515
2021-06-10 09:43:17,1733.35,315515
2021-06-10 09:43:18,1733.2,315548
2021-06-10 09:43:19,1733.4,315648
2021-06-10 09:43:20,1733.2,315718
2021-06-10 09:43:21,1733.4,315768
2021-06-10 09:43:22,1733.4,315768
2021-06-10 09:43:23,1733.4,315768
2021-06-10 09:43:24,1733.4,315768
2021-06-10 09:43:25,1733.55,315778
2021-06-10 09:43:26,1733.55,315778
2021-06-10 09:43:27,1733.55,315790
2021-06-10 09:43:28,1733.55,315790
2021-06-10 09:43:29,1733.55,315790
2021-06-10 09:43:31,1733.2,315793
2021-06-10 09:43:32,1733.2,315798
2021-06-10 09:43:33,1733.2,315804
2021-06-10 09:43:35,1733.75,316367
2021-06-10 09:43:36,1733.75,316367
2021-06-10 09:43:37,1733.75,316367
2021-06-10 09:43:38,1733.75,316368
2021-06-10 09:43:39,1733.2,316375
2021-06-10 09:43:40,1733.2,316375
2021-06-10 09:43:42,1733.15,316442
2021-06-10 09:43:43,1733.2,316452
2021-06-10 09:43:45,1733.2,316526
2021-06-10 09:43:46,1733.2,316526
2021-06-10 09:43:47,1733.2,316526
2021-06-10 09:43:48,1733.2,316526
2021-06-10 09:43:49,1733.2,316526
2021-06-10 09:43:50,1733.2,316528
2021-06-10 09:43:51,1733.2,316703
2021-06-10 09:43:52,1733.2,316703
2021-06-10 09:43:53,1733.2,316706
2021-06-10 09:43:54,1733.2,316713
2021-06-10 09:43:55,1733.2,316718
2021-06-10 09:43:56,1733.2,316719
2021-06-10 09:43:57,1733.2,316719
2021-06-10 09:43:58,1733.2,316719
2021-06-10 09:43:59,1733.2,316719
2021-06-10 09:44:00,1733.2,316852
2021-06-10 09:44:01,1733.05,316902
2021-06-10 09:44:03,1733.05,316902
2021-06-10 09:44:02,1733.05,316902
2021-06-10 09:44:04,1733.2,316912
2021-06-10 09:44:05,1733.0,316921
2021-06-10 09:44:06,1733.0,316921
2021-06-10 09:44:07,1733.0,317009
2021-06-10 09:44:08,1733.0,317012
2021-06-10 09:44:09,1733.0,317147
2021-06-10 09:44:11,1733.0,317249
2021-06-10 09:44:12,1733.0,317249
2021-06-10 09:44:13,1733.0,317500
2021-06-10 09:44:15,1732.7,317503
2021-06-10 09:44:14,1733.0,317500
2021-06-10 09:44:16,1732.7,317515
2021-06-10 09:44:17,1732.7,319056
2021-06-10 09:44:18,1732.85,319066
2021-06-10 09:44:19,1732.85,319166
2021-06-10 09:44:20,1732.85,319166
2021-06-10 09:44:21,1732.95,319176
2021-06-10 09:44:22,1732.9,319276
2021-06-10 09:44:24,1732.9,319276
2021-06-10 09:44:26,1732.9,319278
2021-06-10 09:44:27,1732.9,319558
2021-06-10 09:44:28,1733.5,319629
2021-06-10 09:44:29,1732.9,319630
2021-06-10 09:44:30,1732.9,319635
2021-06-10 09:44:31,1732.9,319665
2021-06-10 09:44:32,1732.9,319665
2021-06-10 09:44:33,1732.9,319665
2021-06-10 09:44:34,1732.9,319715
2021-06-10 09:44:35,1733.0,319718
2021-06-10 09:44:36,1733.5,319719
2021-06-10 09:44:37,1733.5,319721
2021-06-10 09:44:38,1732.9,319769
2021-06-10 09:44:40,1732.9,319773
2021-06-10 09:44:41,1733.2,319803
2021-06-10 09:44:42,1732.9,319838
2021-06-10 09:44:43,1732.9,319838
2021-06-10 09:44:44,1732.9,319860
2021-06-10 09:44:45,1732.9,319869
2021-06-10 09:44:46,1732.9,319946
2021-06-10 09:44:48,1732.9,319976
2021-06-10 09:44:49,1732.9,319988
2021-06-10 09:44:50,1732.9,319988
2021-06-10 09:44:51,1733.15,319990
2021-06-10 09:44:52,1733.2,319992
2021-06-10 09:44:53,1733.2,320092
2021-06-10 09:44:54,1733.15,320293
2021-06-10 09:44:55,1733.15,320296
2021-06-10 09:44:56,1733.15,320299
2021-06-10 09:44:57,1733.15,320442
2021-06-10 09:44:58,1732.9,320544
2021-06-10 09:44:59,1732.9,320544
2021-06-10 09:45:00,1732.9,320544
2021-06-10 09:45:01,1732.9,320544
2021-06-10 09:45:02,1732.9,320544
2021-06-10 09:45:03,1732.9,320544
2021-06-10 09:45:04,1733.15,320545
2021-06-10 09:45:05,1733.2,320553
2021-06-10 09:45:06,1733.2,320553
2021-06-10 09:45:07,1733.2,320553
2021-06-10 09:45:09,1732.9,320583
2021-06-10 09:45:10,1733.2,320636
2021-06-10 09:45:11,1732.9,320646
2021-06-10 09:45:12,1732.9,320646
2021-06-10 09:45:13,1732.9,320646
2021-06-10 09:45:14,1732.9,320646
2021-06-10 09:45:15,1732.85,320910
2021-06-10 09:45:16,1732.7,320935
2021-06-10 09:45:17,1732.7,320935
2021-06-10 09:45:19,1732.0,321765
2021-06-10 09:45:20,1732.05,321867
2021-06-10 09:45:21,1732.05,321897
2021-06-10 09:45:22,1732.05,321897
2021-06-10 09:45:23,1732.05,321897
2021-06-10 09:45:24,1732.05,321897
2021-06-10 09:45:25,1732.05,321900
2021-06-10 09:45:27,1732.05,321900
2021-06-10 09:45:28,1732.1,321950
2021-06-10 09:45:28,1732.1,321950
2021-06-10 09:45:29,1733.1,322000
2021-06-10 09:45:30,1732.1,322025
2021-06-10 09:45:31,1732.1,322235
2021-06-10 09:45:32,1732.1,322235
2021-06-10 09:45:33,1732.85,322249
2021-06-10 09:45:35,1732.1,322250
2021-06-10 09:45:35,1732.1,322250
2021-06-10 09:45:36,1732.1,322250
2021-06-10 09:45:37,1733.0,322480
2021-06-10 09:45:38,1732.95,322485
2021-06-10 09:45:40,1732.95,322510
2021-06-10 09:45:41,1732.95,322510
2021-06-10 09:45:43,1732.95,322510
2021-06-10 09:45:43,1732.95,322510
2021-06-10 09:45:44,1733.0,322621
2021-06-10 09:45:45,1733.0,322621
2021-06-10 09:45:46,1733.0,322621
2021-06-10 09:45:48,1733.0,322621
2021-06-10 09:45:48,1733.0,322621
2021-06-10 09:45:49,1732.95,322749
2021-06-10 09:45:50,1732.95,322749
2021-06-10 09:45:51,1733.0,322810
2021-06-10 09:45:52,1733.0,322810
2021-06-10 09:45:54,1733.0,322810
2021-06-10 09:45:54,1733.0,322810
2021-06-10 09:45:56,1733.0,322937
2021-06-10 09:45:57,1733.0,322937
2021-06-10 09:45:58,1733.0,322937
2021-06-10 09:45:59,1733.0,322937
2021-06-10 09:46:02,1732.95,323029
2021-06-10 09:46:03,1732.95,323029
2021-06-10 09:46:03,1733.0,323040
2021-06-10 09:46:04,1733.0,323140
2021-06-10 09:46:05,1732.9,324256
2021-06-10 09:46:06,1732.9,324256
2021-06-10 09:46:07,1732.75,324276
2021-06-10 09:46:08,1732.75,324276
2021-06-10 09:46:09,1731.65,324281
2021-06-10 09:46:11,1731.25,324298
2021-06-10 09:46:11,1731.25,324298
2021-06-10 09:46:12,1731.05,324573
2021-06-10 09:46:13,1731.0,324775
2021-06-10 09:46:14,1731.1,324891
2021-06-10 09:46:15,1731.1,324896
2021-06-10 09:46:16,1731.1,325007
2021-06-10 09:46:18,1731.05,325013
2021-06-10 09:46:18,1731.05,325013
2021-06-10 09:46:19,1730.7,325786
2021-06-10 09:46:20,1731.2,325809
2021-06-10 09:46:21,1731.0,325920
2021-06-10 09:46:22,1730.5,326292
2021-06-10 09:46:23,1730.5,326667
2021-06-10 09:46:25,1730.3,326740
2021-06-10 09:46:26,1730.15,326858
2021-06-10 09:46:27,1729.05,337179
2021-06-10 09:46:28,1728.75,337241
2021-06-10 09:46:29,1728.35,337596
2021-06-10 09:46:31,1729.0,337639
2021-06-10 09:46:32,1729.65,337879
2021-06-10 09:46:33,1728.4,338233
2021-06-10 09:46:34,1730.2,339521
2021-06-10 09:46:35,1731.25,339688
2021-06-10 09:46:36,1730.45,339693
2021-06-10 09:46:38,1730.9,339703
2021-06-10 09:46:38,1730.9,339703
2021-06-10 09:46:39,1730.9,339705
2021-06-10 09:46:40,1730.85,339880
2021-06-10 09:46:41,1731.0,339881
2021-06-10 09:46:42,1731.6,339971
2021-06-10 09:46:43,1731.0,339999
2021-06-10 09:46:45,1730.95,340369
2021-06-10 09:46:45,1730.95,340369
2021-06-10 09:46:46,1731.7,340668
2021-06-10 09:46:47,1730.9,341102
2021-06-10 09:46:48,1731.85,341197
2021-06-10 09:46:49,1730.9,341243
2021-06-10 09:46:50,1730.9,341247
2021-06-10 09:46:51,1730.95,341258
2021-06-10 09:46:52,1731.7,341275
2021-06-10 09:46:53,1730.95,341379
2021-06-10 09:46:54,1731.5,341479
2021-06-10 09:46:55,1730.5,341723
2021-06-10 09:46:56,1730.5,341723
2021-06-10 09:46:57,1731.65,341743
2021-06-10 09:46:59,1731.65,341753
2021-06-10 09:46:59,1731.65,341753
2021-06-10 09:47:02,1731.5,341794
2021-06-10 09:47:03,1731.0,341901
2021-06-10 09:47:04,1731.55,346659
2021-06-10 09:47:05,1730.75,346751
2021-06-10 09:47:06,1730.75,346751
2021-06-10 09:47:08,1731.0,346761
2021-06-10 09:47:08,1731.0,346851
2021-06-10 09:47:09,1730.45,346874
2021-06-10 09:47:10,1730.0,346894
2021-06-10 09:47:11,1729.7,347374
2021-06-10 09:47:13,1730.75,351503
2021-06-10 09:47:15,1729.85,352020
2021-06-10 09:47:15,1729.85,352020
2021-06-10 09:47:16,1730.5,356678
2021-06-10 09:47:17,1729.9,356767
2021-06-10 09:47:18,1729.95,356785
2021-06-10 09:47:20,1729.4,357092
2021-06-10 09:47:21,1729.4,357472
2021-06-10 09:47:21,1730.25,357475
2021-06-10 09:47:22,1729.85,357571
2021-06-10 09:47:23,1729.45,357924
2021-06-10 09:47:24,1730.5,358188
2021-06-10 09:47:26,1729.5,358323
2021-06-10 09:47:27,1729.45,358335
2021-06-10 09:47:29,1730.4,358473
2021-06-10 09:47:30,1730.5,358624
2021-06-10 09:47:31,1730.5,358674
2021-06-10 09:47:31,1730.5,358674
2021-06-10 09:47:32,1730.5,358674
2021-06-10 09:47:33,1730.5,358674
2021-06-10 09:47:34,1730.5,358674
2021-06-10 09:47:36,1730.5,358674
2021-06-10 09:47:37,1728.1,359340
2021-06-10 09:47:37,1729.4,359390
2021-06-10 09:47:39,1729.95,359836
2021-06-10 09:47:40,1729.55,360003
2021-06-10 09:47:42,1728.8,360139
2021-06-10 09:47:42,1729.75,360146
2021-06-10 09:47:43,1729.75,360146
2021-06-10 09:47:45,1728.95,360764
2021-06-10 09:47:46,1728.9,360789
2021-06-10 09:47:47,1729.7,360792
2021-06-10 09:47:47,1729.7,360792
2021-06-10 09:47:48,1728.8,361144
2021-06-10 09:47:49,1728.5,361244
2021-06-10 09:47:50,1729.85,361821
2021-06-10 09:47:51,1728.8,361831
2021-06-10 09:47:53,1728.8,361841
2021-06-10 09:47:53,1728.8,361891
2021-06-10 09:47:54,1728.85,361941
2021-06-10 09:47:57,1728.0,363080
2021-06-10 09:47:58,1728.0,363110
2021-06-10 09:47:59,1728.8,363117
2021-06-10 09:48:00,1728.25,363123
2021-06-10 09:48:01,1728.0,363225
2021-06-10 09:48:01,1728.0,363225
2021-06-10 09:48:02,1727.7,363925
2021-06-10 09:48:03,1728.55,364124
2021-06-10 09:48:04,1728.0,364199
2021-06-10 09:48:05,1728.0,364251
2021-06-10 09:48:06,1728.0,364288
2021-06-10 09:48:08,1727.85,364857
2021-06-10 09:48:08,1727.55,364957
2021-06-10 09:48:10,1728.25,365368
2021-06-10 09:48:11,1726.0,370833
2021-06-10 09:48:11,1725.45,370948
2021-06-10 09:48:13,1725.3,371731
2021-06-10 09:48:13,1725.3,371731
2021-06-10 09:48:14,1725.95,372191
2021-06-10 09:48:15,1725.95,372325
2021-06-10 09:48:16,1725.9,372388
2021-06-10 09:48:17,1725.8,373058
2021-06-10 09:48:18,1724.35,380140
2021-06-10 09:48:19,1724.0,380743
2021-06-10 09:48:21,1724.05,380758
2021-06-10 09:48:22,1724.25,381075
2021-06-10 09:48:22,1724.55,381085
2021-06-10 09:48:23,1724.05,381281
2021-06-10 09:48:24,1724.4,381788
2021-06-10 09:48:25,1724.45,382238
2021-06-10 09:48:26,1724.55,382391
2021-06-10 09:48:28,1724.45,383562
2021-06-10 09:48:29,1724.55,383632
2021-06-10 09:48:29,1724.55,383732
2021-06-10 09:48:30,1724.0,384175
2021-06-10 09:48:31,1725.0,384225
2021-06-10 09:48:33,1724.0,384787
2021-06-10 09:48:33,1724.0,384787
2021-06-10 09:48:34,1724.4,384849
2021-06-10 09:48:35,1724.4,385033
2021-06-10 09:48:36,1723.65,385186
2021-06-10 09:48:37,1724.85,385286
2021-06-10 09:48:38,1724.85,385441
2021-06-10 09:48:40,1724.4,385486
2021-06-10 09:48:41,1724.75,385536
2021-06-10 09:48:42,1724.9,385761
2021-06-10 09:48:42,1724.95,385731
2021-06-10 09:48:43,1724.4,385766
2021-06-10 09:48:44,1724.4,385766
2021-06-10 09:48:45,1723.7,386766
2021-06-10 09:48:47,1723.7,386921
2021-06-10 09:48:48,1723.7,386921
2021-06-10 09:48:49,1722.85,387306
2021-06-10 09:48:49,1722.85,387306
2021-06-10 09:48:50,1723.8,387396
2021-06-10 09:48:51,1724.0,387401
2021-06-10 09:48:52,1723.55,387520
2021-06-10 09:48:53,1723.4,387720
2021-06-10 09:48:55,1723.4,387740
2021-06-10 09:48:57,1725.0,388212
2021-06-10 09:48:57,1724.05,388318
2021-06-10 09:48:58,1724.1,388577
2021-06-10 09:48:59,1724.15,388774
2021-06-10 09:49:00,1725.0,388780
2021-06-10 09:49:02,1724.4,388841
2021-06-10 09:49:03,1724.4,388958
2021-06-10 09:49:04,1725.0,390890
2021-06-10 09:49:04,1725.0,391198
2021-06-10 09:49:05,1725.0,391558
2021-06-10 09:49:06,1725.0,391598
2021-06-10 09:49:09,1725.45,391599
2021-06-10 09:49:10,1725.05,391623
2021-06-10 09:49:10,1725.05,391623
2021-06-10 09:49:11,1725.05,391623
2021-06-10 09:49:12,1726.5,392489
2021-06-10 09:49:14,1725.25,392590
2021-06-10 09:49:15,1726.2,392649
2021-06-10 09:49:16,1726.4,392680
2021-06-10 09:49:16,1726.4,392680
2021-06-10 09:49:17,1726.35,393160
2021-06-10 09:49:18,1726.05,393185
2021-06-10 09:49:20,1726.25,393400
2021-06-10 09:49:21,1725.5,393871
2021-06-10 09:49:22,1726.35,393921
2021-06-10 09:49:24,1726.0,394039
2021-06-10 09:49:24,1726.0,394049
2021-06-10 09:49:25,1726.0,394155
2021-06-10 09:49:26,1726.0,394167
2021-06-10 09:49:28,1726.0,394443
2021-06-10 09:49:29,1726.0,394828
2021-06-10 09:49:29,1726.0,394828
2021-06-10 09:49:30,1725.45,394898
2021-06-10 09:49:32,1725.45,394909
2021-06-10 09:49:33,1725.55,394964
2021-06-10 09:49:34,1725.55,394969
2021-06-10 09:49:35,1725.55,394981
2021-06-10 09:49:37,1726.25,395286
2021-06-10 09:49:38,1726.0,395446
2021-06-10 09:49:39,1725.45,395801
2021-06-10 09:49:40,1726.0,395901
2021-06-10 09:49:41,1725.55,395911
2021-06-10 09:49:43,1725.55,396058
2021-06-10 09:49:44,1726.0,396062
2021-06-10 09:49:45,1725.55,396106
2021-06-10 09:49:45,1725.55,396106
2021-06-10 09:49:46,1725.95,396107
2021-06-10 09:49:47,1726.0,396117
2021-06-10 09:49:48,1726.0,396167
2021-06-10 09:49:49,1726.0,396168
2021-06-10 09:49:51,1726.0,396184
2021-06-10 09:49:52,1726.0,396404
2021-06-10 09:49:53,1726.0,396404
2021-06-10 09:49:54,1725.55,396509
2021-06-10 09:49:55,1725.6,396511
2021-06-10 09:49:56,1726.0,396573
2021-06-10 09:49:57,1726.0,396573
2021-06-10 09:49:58,1726.0,396573
2021-06-10 09:49:59,1725.95,396583
2021-06-10 09:50:00,1725.95,396583
2021-06-10 09:50:01,1725.95,396583
2021-06-10 09:50:02,1725.95,396583
2021-06-10 09:50:03,1725.95,396583
2021-06-10 09:50:04,1725.95,396737
2021-06-10 09:50:05,1725.6,396811
2021-06-10 09:50:06,1726.45,397816
2021-06-10 09:50:07,1726.15,397836
2021-06-10 09:50:08,1726.15,397836
2021-06-10 09:50:09,1727.3,398459
2021-06-10 09:50:09,1727.3,398455
2021-06-10 09:50:10,1726.4,398660
2021-06-10 09:50:11,1727.7,399010
2021-06-10 09:50:12,1727.6,399027
2021-06-10 09:50:14,1727.6,399027
2021-06-10 09:50:15,1726.75,399041
2021-06-10 09:50:16,1726.75,399041
2021-06-10 09:50:17,1727.75,399045
2021-06-10 09:50:18,1727.0,399064
2021-06-10 09:50:19,1727.7,399084
2021-06-10 09:50:19,1727.7,399084
2021-06-10 09:50:20,1727.8,399185
2021-06-10 09:50:22,1727.7,399187
2021-06-10 09:50:23,1727.75,399212
2021-06-10 09:50:24,1727.85,399322
2021-06-10 09:50:25,1727.45,399429
2021-06-10 09:50:26,1727.45,399429
2021-06-10 09:50:27,1727.2,399483
2021-06-10 09:50:28,1726.95,399674
2021-06-10 09:50:29,1727.3,399679
2021-06-10 09:50:30,1727.25,399810
2021-06-10 09:50:31,1727.3,399811
2021-06-10 09:50:33,1727.85,400559
2021-06-10 09:50:34,1727.0,401059
2021-06-10 09:50:34,1727.0,401059
2021-06-10 09:50:35,1727.8,401070
2021-06-10 09:50:36,1727.8,401070
2021-06-10 09:50:37,1727.55,401075
2021-06-10 09:50:39,1728.45,401398
2021-06-10 09:50:40,1728.25,401399
2021-06-10 09:50:41,1728.45,401414
2021-06-10 09:50:42,1728.45,401414
2021-06-10 09:50:43,1727.45,401494
2021-06-10 09:50:44,1727.85,401514
2021-06-10 09:50:44,1727.45,401544
2021-06-10 09:50:45,1727.45,401544
2021-06-10 09:50:46,1727.9,401607
2021-06-10 09:50:47,1727.9,401607
2021-06-10 09:50:48,1727.9,401619
2021-06-10 09:50:50,1727.85,401720
2021-06-10 09:50:51,1727.45,401768
2021-06-10 09:50:52,1727.7,401774
2021-06-10 09:50:53,1727.7,401774
2021-06-10 09:50:54,1727.7,401774
2021-06-10 09:50:55,1727.55,401959
2021-06-10 09:50:56,1727.55,402507
2021-06-10 09:50:56,1727.55,402507
2021-06-10 09:50:57,1727.75,402760
2021-06-10 09:50:58,1727.75,402802
2021-06-10 09:50:59,1727.55,403042
2021-06-10 09:51:02,1727.7,403154
2021-06-10 09:51:03,1727.7,403155
2021-06-10 09:51:04,1727.0,403163
2021-06-10 09:51:05,1727.55,403191
2021-06-10 09:51:06,1727.55,403191
2021-06-10 09:51:07,1727.1,403407
2021-06-10 09:51:08,1727.65,403412
2021-06-10 09:51:09,1727.65,403423
2021-06-10 09:51:10,1727.1,403433
2021-06-10 09:51:11,1727.55,403507
2021-06-10 09:51:12,1727.55,403507
2021-06-10 09:51:12,1727.1,403557
2021-06-10 09:51:13,1727.0,404057
2021-06-10 09:51:15,1727.0,404064
2021-06-10 09:51:16,1727.0,404064
2021-06-10 09:51:18,1726.5,404501
2021-06-10 09:51:18,1726.5,404501
2021-06-10 09:51:19,1726.9,404555
2021-06-10 09:51:20,1726.95,404562
2021-06-10 09:51:22,1726.95,404633
2021-06-10 09:51:23,1726.5,404643
2021-06-10 09:51:24,1726.8,404687
2021-06-10 09:51:26,1726.5,404692
2021-06-10 09:51:27,1726.85,404893
2021-06-10 09:51:28,1726.85,404893
2021-06-10 09:51:29,1726.15,404903
2021-06-10 09:51:29,1726.15,404903
2021-06-10 09:51:30,1726.15,404908
2021-06-10 09:51:31,1726.8,404909
2021-06-10 09:51:33,1726.15,404915
2021-06-10 09:51:34,1726.15,404915
2021-06-10 09:51:35,1726.3,405045
2021-06-10 09:51:36,1726.3,405045
2021-06-10 09:51:38,1725.9,405046
2021-06-10 09:51:38,1725.55,405146
2021-06-10 09:51:39,1725.55,405180
2021-06-10 09:51:40,1725.5,405283
2021-06-10 09:51:42,1725.5,405283
2021-06-10 09:51:44,1725.0,405759
2021-06-10 09:51:45,1725.0,405975
2021-06-10 09:51:46,1725.0,405976
2021-06-10 09:51:47,1725.0,405976
2021-06-10 09:51:48,1725.95,406111
2021-06-10 09:51:49,1725.05,406176
2021-06-10 09:51:51,1725.95,406196
2021-06-10 09:51:52,1725.1,406295
2021-06-10 09:51:53,1725.05,406298
2021-06-10 09:51:54,1725.55,406303
2021-06-10 09:51:55,1725.85,406343
2021-06-10 09:51:55,1725.75,406323
2021-06-10 09:51:56,1725.1,406344
2021-06-10 09:51:58,1725.1,406369
2021-06-10 09:51:59,1725.05,406445
2021-06-10 09:52:00,1725.05,406448
2021-06-10 09:52:01,1725.05,406448
2021-06-10 09:52:02,1725.65,406459
2021-06-10 09:52:03,1725.65,406459
2021-06-10 09:52:04,1725.05,406479
2021-06-10 09:52:05,1725.1,406489
2021-06-10 09:52:06,1725.65,406513
2021-06-10 09:52:07,1725.65,406513
2021-06-10 09:52:07,1725.65,406513
2021-06-10 09:52:09,1725.15,406523
2021-06-10 09:52:10,1725.15,406523
2021-06-10 09:52:11,1725.7,406647
2021-06-10 09:52:12,1725.05,406922
2021-06-10 09:52:13,1725.6,406923
2021-06-10 09:52:14,1725.6,406943
2021-06-10 09:52:15,1725.0,407146
2021-06-10 09:52:16,1725.1,407445
2021-06-10 09:52:17,1725.1,407445
2021-06-10 09:52:18,1725.1,407445
2021-06-10 09:52:19,1725.1,407463
2021-06-10 09:52:20,1725.1,407463
2021-06-10 09:52:21,1725.15,407495
2021-06-10 09:52:21,1725.15,407495
2021-06-10 09:52:23,1725.15,407495
2021-06-10 09:52:24,1725.5,407547
2021-06-10 09:52:25,1725.5,407581
2021-06-10 09:52:26,1725.05,407591
2021-06-10 09:52:27,1725.45,407593
2021-06-10 09:52:28,1725.45,407593
2021-06-10 09:52:29,1725.45,407593
2021-06-10 09:52:30,1725.1,407604
2021-06-10 09:52:30,1725.1,407604
2021-06-10 09:52:31,1725.1,407624
2021-06-10 09:52:32,1725.1,407624
2021-06-10 09:52:34,1725.25,407659
2021-06-10 09:52:36,1725.4,407663
2021-06-10 09:52:37,1725.45,407673
2021-06-10 09:52:38,1725.45,407693
2021-06-10 09:52:39,1725.45,407703
2021-06-10 09:52:40,1725.45,407712
2021-06-10 09:52:40,1725.45,407712
2021-06-10 09:52:42,1725.15,407735
2021-06-10 09:52:42,1725.15,407735
2021-06-10 09:52:44,1725.4,407745
2021-06-10 09:52:45,1725.35,407764
2021-06-10 09:52:46,1725.4,407770
2021-06-10 09:52:47,1725.15,407804
2021-06-10 09:52:48,1725.15,407804
2021-06-10 09:52:50,1725.05,408204
2021-06-10 09:52:51,1725.05,408204
2021-06-10 09:52:51,1725.05,408204
2021-06-10 09:52:54,1725.05,408206
2021-06-10 09:52:55,1725.05,408236
2021-06-10 09:52:56,1725.05,408236
2021-06-10 09:52:57,1725.05,408236
2021-06-10 09:52:58,1725.35,408309
2021-06-10 09:52:59,1725.35,408359
2021-06-10 09:53:00,1725.35,408471
2021-06-10 09:53:01,1725.35,408471
2021-06-10 09:53:03,1725.35,408871
2021-06-10 09:53:04,1725.35,408871
2021-06-10 09:53:05,1725.35,408873
2021-06-10 09:53:06,1725.35,408898
2021-06-10 09:53:07,1725.35,409000
2021-06-10 09:53:08,1725.35,409000
2021-06-10 09:53:09,1725.35,409352
2021-06-10 09:53:10,1725.35,409425
2021-06-10 09:53:11,1725.35,409425
2021-06-10 09:53:12,1725.35,409460
2021-06-10 09:53:13,1724.45,411225
2021-06-10 09:53:13,1724.45,411225
2021-06-10 09:53:15,1724.8,411279
2021-06-10 09:53:16,1724.0,411629
2021-06-10 09:53:17,1724.65,411705
2021-06-10 09:53:18,1724.0,411736
2021-06-10 09:53:19,1724.0,411741
2021-06-10 09:53:19,1724.0,411741
2021-06-10 09:53:20,1724.9,411866
2021-06-10 09:53:22,1724.9,411916
2021-06-10 09:53:22,1724.9,411916
2021-06-10 09:53:24,1724.0,411918
2021-06-10 09:53:25,1724.9,411952
2021-06-10 09:53:25,1724.0,411947
2021-06-10 09:53:26,1724.9,411967
2021-06-10 09:53:28,1724.9,411974
2021-06-10 09:53:29,1724.35,412114
2021-06-10 09:53:30,1724.35,412114
2021-06-10 09:53:31,1725.35,412222
2021-06-10 09:53:32,1724.9,412293
2021-06-10 09:53:33,1724.9,412293
2021-06-10 09:53:34,1724.3,412303
2021-06-10 09:53:34,1724.3,412303
2021-06-10 09:53:35,1724.3,412305
2021-06-10 09:53:36,1724.4,412407
2021-06-10 09:53:37,1724.55,412512
2021-06-10 09:53:38,1724.55,412514
2021-06-10 09:53:40,1724.55,412514
2021-06-10 09:53:41,1724.55,412514
2021-06-10 09:53:42,1724.9,412564
2021-06-10 09:53:44,1724.55,412689
2021-06-10 09:53:45,1724.55,412761
2021-06-10 09:53:46,1724.55,412761
2021-06-10 09:53:47,1724.95,412766
2021-06-10 09:53:47,1724.95,412766
2021-06-10 09:53:50,1724.9,412923
2021-06-10 09:53:51,1724.9,412983
2021-06-10 09:53:51,1724.55,413087
2021-06-10 09:53:52,1724.55,413087
2021-06-10 09:53:54,1725.0,413091
2021-06-10 09:53:56,1725.0,413311
2021-06-10 09:53:57,1725.0,413313
2021-06-10 09:53:58,1724.55,413388
2021-06-10 09:53:59,1724.55,413388
2021-06-10 09:54:00,1725.05,414367
2021-06-10 09:54:01,1725.7,414458
2021-06-10 09:54:02,1725.7,414458
2021-06-10 09:54:03,1725.7,414458
2021-06-10 09:54:04,1725.45,414461
2021-06-10 09:54:05,1725.05,414761
2021-06-10 09:54:06,1725.3,414771
2021-06-10 09:54:07,1726.0,414906
2021-06-10 09:54:08,1726.0,414906
2021-06-10 09:54:09,1726.0,414919
2021-06-10 09:54:10,1725.6,414960
2021-06-10 09:54:11,1726.0,415010
2021-06-10 09:54:12,1725.65,415175
2021-06-10 09:54:13,1725.9,415204
2021-06-10 09:54:15,1725.9,415204
2021-06-10 09:54:14,1725.9,415204
2021-06-10 09:54:16,1725.5,415207
2021-06-10 09:54:17,1725.5,415431
2021-06-10 09:54:18,1725.4,415531
2021-06-10 09:54:19,1725.25,415547
2021-06-10 09:54:20,1725.4,415767
2021-06-10 09:54:21,1725.55,415818
2021-06-10 09:54:22,1725.9,415819
2021-06-10 09:54:23,1725.9,415822
2021-06-10 09:54:24,1725.9,415822
2021-06-10 09:54:25,1725.9,415847
2021-06-10 09:54:26,1725.9,415847
2021-06-10 09:54:27,1725.9,415847
2021-06-10 09:54:29,1725.5,416073
2021-06-10 09:54:30,1725.5,416073
2021-06-10 09:54:31,1725.9,416083
2021-06-10 09:54:32,1725.45,416296
2021-06-10 09:54:33,1725.75,416496
2021-06-10 09:54:34,1725.75,416496
2021-06-10 09:54:35,1725.75,416496
2021-06-10 09:54:36,1725.75,416496
2021-06-10 09:54:37,1725.9,416506
2021-06-10 09:54:38,1725.65,416509
2021-06-10 09:54:39,1725.65,416553
2021-06-10 09:54:40,1725.75,416573
2021-06-10 09:54:41,1725.0,417232
2021-06-10 09:54:42,1725.0,417232
2021-06-10 09:54:43,1725.75,417233
2021-06-10 09:54:44,1725.75,417248
2021-06-10 09:54:45,1725.05,417251
2021-06-10 09:54:46,1725.45,417276
2021-06-10 09:54:48,1725.45,417278
2021-06-10 09:54:49,1725.45,417278
2021-06-10 09:54:50,1725.05,417285
2021-06-10 09:54:51,1727.0,418041
2021-06-10 09:54:52,1726.7,418051
2021-06-10 09:54:53,1727.5,418119
2021-06-10 09:54:54,1726.95,418225
2021-06-10 09:54:55,1726.95,418225
2021-06-10 09:54:56,1726.9,418235
2021-06-10 09:54:57,1727.7,418275
2021-06-10 09:54:58,1727.7,418275
2021-06-10 09:54:59,1726.9,418375
2021-06-10 09:55:00,1727.55,418380
2021-06-10 09:55:01,1727.55,418386
2021-06-10 09:55:02,1727.55,418401
2021-06-10 09:55:03,1726.9,418411
2021-06-10 09:55:04,1727.6,418459
2021-06-10 09:55:05,1726.9,418485
2021-06-10 09:55:06,1726.9,418485
2021-06-10 09:55:07,1726.9,418485
2021-06-10 09:55:08,1726.9,418485
2021-06-10 09:55:09,1726.9,418491
2021-06-10 09:55:10,1727.65,418498
2021-06-10 09:55:11,1727.65,418524
2021-06-10 09:55:12,1727.65,418524
2021-06-10 09:55:13,1727.65,418527
2021-06-10 09:55:15,1727.6,418834
2021-06-10 09:55:16,1727.6,418834
2021-06-10 09:55:17,1727.6,418834
2021-06-10 09:55:18,1726.9,419029
2021-06-10 09:55:19,1726.9,419029
2021-06-10 09:55:20,1727.65,419053
2021-06-10 09:55:21,1727.65,419053
2021-06-10 09:55:22,1727.65,419053
2021-06-10 09:55:23,1727.65,419053
2021-06-10 09:55:24,1727.65,419058
2021-06-10 09:55:25,1727.65,419061
2021-06-10 09:55:26,1727.65,419061
2021-06-10 09:55:27,1727.65,419076
2021-06-10 09:55:28,1727.7,419127
2021-06-10 09:55:29,1727.8,419132
2021-06-10 09:55:30,1727.65,419232
2021-06-10 09:55:31,1728.35,419788
2021-06-10 09:55:32,1728.3,419818
2021-06-10 09:55:33,1728.3,419824
2021-06-10 09:55:34,1728.3,419824
2021-06-10 09:55:35,1728.3,419824
2021-06-10 09:55:36,1728.2,419825
2021-06-10 09:55:37,1728.2,419825
2021-06-10 09:55:38,1728.2,419825
2021-06-10 09:55:39,1727.95,419883
2021-06-10 09:55:40,1727.95,419885
2021-06-10 09:55:42,1728.15,419956
2021-06-10 09:55:43,1728.25,419998
2021-06-10 09:55:44,1728.25,419998
2021-06-10 09:55:45,1727.7,420001
2021-06-10 09:55:46,1727.7,420001
2021-06-10 09:55:47,1727.7,420001
2021-06-10 09:55:48,1729.0,420735
2021-06-10 09:55:49,1729.0,420735
2021-06-10 09:55:50,1729.05,420759
2021-06-10 09:55:51,1728.4,420788
2021-06-10 09:55:52,1728.4,420788
2021-06-10 09:55:53,1729.1,420792
2021-06-10 09:55:54,1729.1,420797
2021-06-10 09:55:55,1729.0,420844
2021-06-10 09:55:56,1729.0,420875
2021-06-10 09:55:57,1728.4,420895
2021-06-10 09:55:58,1729.0,420898
2021-06-10 09:55:59,1728.45,420934
2021-06-10 09:56:00,1728.45,420934
2021-06-10 09:56:01,1729.0,420944
2021-06-10 09:56:02,1729.0,420957
2021-06-10 09:56:03,1729.1,420967
2021-06-10 09:56:04,1729.1,420967
2021-06-10 09:56:05,1729.0,421002
2021-06-10 09:56:06,1729.1,421012
2021-06-10 09:56:08,1729.4,421280
2021-06-10 09:56:08,1729.0,421315
2021-06-10 09:56:09,1729.0,421366
2021-06-10 09:56:11,1729.0,421366
2021-06-10 09:56:12,1729.0,421366
2021-06-10 09:56:12,1729.0,421366
2021-06-10 09:56:13,1729.5,421675
2021-06-10 09:56:14,1729.45,421677
2021-06-10 09:56:15,1729.45,421677
2021-06-10 09:56:16,1729.45,421677
2021-06-10 09:56:18,1729.1,421678
2021-06-10 09:56:19,1729.5,421778
2021-06-10 09:56:20,1729.5,421788
2021-06-10 09:56:21,1729.45,421798
2021-06-10 09:56:21,1729.45,421798
2021-06-10 09:56:22,1729.45,421798
2021-06-10 09:56:23,1729.45,421799
2021-06-10 09:56:24,1730.0,422655
2021-06-10 09:56:25,1730.0,422955
2021-06-10 09:56:26,1729.95,422956
2021-06-10 09:56:27,1729.5,422977
2021-06-10 09:56:28,1729.5,422977
2021-06-10 09:56:29,1730.0,422982
2021-06-10 09:56:30,1730.45,423083
2021-06-10 09:56:31,1730.1,423193
2021-06-10 09:56:32,1730.45,423330
2021-06-10 09:56:34,1730.7,424504
2021-06-10 09:56:34,1730.15,424544
2021-06-10 09:56:35,1730.95,424554
2021-06-10 09:56:36,1730.2,424715
2021-06-10 09:56:37,1731.0,424776
2021-06-10 09:56:39,1730.95,424826
2021-06-10 09:56:39,1730.1,424841
2021-06-10 09:56:40,1730.1,424841
2021-06-10 09:56:41,1730.7,424846
2021-06-10 09:56:42,1730.2,424847
2021-06-10 09:56:43,1730.2,424867
2021-06-10 09:56:44,1730.15,424878
2021-06-10 09:56:45,1730.15,424880
2021-06-10 09:56:46,1730.95,424881
2021-06-10 09:56:48,1731.0,424933
2021-06-10 09:56:49,1731.0,424933
2021-06-10 09:56:50,1730.95,424952
2021-06-10 09:56:51,1730.95,424952
2021-06-10 09:56:51,1730.95,424952
2021-06-10 09:56:52,1730.7,425025
2021-06-10 09:56:53,1730.45,425037
2021-06-10 09:56:54,1731.0,425191
2021-06-10 09:56:55,1731.0,425191
2021-06-10 09:56:56,1731.0,425191
2021-06-10 09:56:57,1730.95,425192
2021-06-10 09:56:58,1731.0,425202
2021-06-10 09:56:59,1730.7,425215
2021-06-10 09:57:00,1730.7,425220
2021-06-10 09:57:01,1731.0,425413
2021-06-10 09:57:02,1730.85,425470
2021-06-10 09:57:04,1730.85,425470
2021-06-10 09:57:05,1730.9,425471
2021-06-10 09:57:05,1730.9,425472
2021-06-10 09:57:06,1730.9,425472
2021-06-10 09:57:07,1730.95,425482
2021-06-10 09:57:08,1731.0,425488
2021-06-10 09:57:09,1730.95,425589
2021-06-10 09:57:10,1731.0,425795
2021-06-10 09:57:11,1731.0,426050
2021-06-10 09:57:13,1730.95,426150
2021-06-10 09:57:14,1730.95,426152
2021-06-10 09:57:16,1730.95,426254
2021-06-10 09:57:17,1730.95,426254
2021-06-10 09:57:18,1730.95,426254
2021-06-10 09:57:19,1731.0,426261
2021-06-10 09:57:20,1731.8,428339
2021-06-10 09:57:20,1731.8,428339
2021-06-10 09:57:21,1732.0,428398
2021-06-10 09:57:22,1732.0,428403
2021-06-10 09:57:23,1732.45,428508
2021-06-10 09:57:24,1732.45,428508
2021-06-10 09:57:25,1732.8,428789
2021-06-10 09:57:27,1733.0,428962
2021-06-10 09:57:28,1732.15,428972
2021-06-10 09:57:28,1732.15,428972
2021-06-10 09:57:29,1732.15,428980
2021-06-10 09:57:30,1732.5,428994
2021-06-10 09:57:31,1732.5,428994
2021-06-10 09:57:32,1733.0,429195
2021-06-10 09:57:33,1732.95,429225
2021-06-10 09:57:34,1732.15,429250
2021-06-10 09:57:35,1732.15,429250
2021-06-10 09:57:36,1732.0,429765
2021-06-10 09:57:37,1732.0,429765
2021-06-10 09:57:38,1732.8,429767
2021-06-10 09:57:39,1732.15,429777
2021-06-10 09:57:40,1732.0,429980
2021-06-10 09:57:42,1732.15,429991
2021-06-10 09:57:42,1732.15,429991
2021-06-10 09:57:43,1733.0,430137
2021-06-10 09:57:44,1732.95,430307
2021-06-10 09:57:45,1733.0,430407
2021-06-10 09:57:47,1733.0,430564
2021-06-10 09:57:48,1733.0,430564
2021-06-10 09:57:50,1733.0,430564
2021-06-10 09:57:51,1733.0,430564
2021-06-10 09:57:51,1733.0,430564
2021-06-10 09:57:52,1732.95,430571
2021-06-10 09:57:53,1732.85,430630
2021-06-10 09:57:54,1733.0,430655
2021-06-10 09:57:56,1733.0,430760
2021-06-10 09:57:56,1733.0,430760
2021-06-10 09:57:57,1732.95,430802
2021-06-10 09:57:58,1732.25,430847
2021-06-10 09:57:59,1732.8,430883
2021-06-10 09:58:01,1733.0,431062
2021-06-10 09:58:02,1733.0,431128
2021-06-10 09:58:03,1732.4,431144
2021-06-10 09:58:04,1732.4,431165
2021-06-10 09:58:06,1732.4,431248
2021-06-10 09:58:07,1733.0,431274
2021-06-10 09:58:07,1733.0,431274
2021-06-10 09:58:08,1732.4,432104
2021-06-10 09:58:09,1731.5,432946
2021-06-10 09:58:10,1730.7,432949
2021-06-10 09:58:11,1730.7,433498
2021-06-10 09:58:12,1730.7,433498
2021-06-10 09:58:15,1730.0,434218
2021-06-10 09:58:17,1730.0,434357
2021-06-10 09:58:17,1730.0,434357
2021-06-10 09:58:18,1730.7,434358
2021-06-10 09:58:19,1729.8,434433
2021-06-10 09:58:20,1731.25,434488
2021-06-10 09:58:21,1730.0,434493
2021-06-10 09:58:22,1729.55,434648
2021-06-10 09:58:24,1729.55,434648
2021-06-10 09:58:25,1729.55,434650
2021-06-10 09:58:26,1729.55,434655
2021-06-10 09:58:26,1729.5,434654
2021-06-10 09:58:27,1730.25,434665
2021-06-10 09:58:30,1729.55,434696
2021-06-10 09:58:31,1730.0,434801
2021-06-10 09:58:32,1729.0,435320
2021-06-10 09:58:33,1729.0,435320
2021-06-10 09:58:34,1729.5,435340
2021-06-10 09:58:35,1729.5,435340
2021-06-10 09:58:37,1729.5,435340
2021-06-10 09:58:37,1729.5,435340
2021-06-10 09:58:38,1729.5,435340
2021-06-10 09:58:39,1729.5,435340
2021-06-10 09:58:40,1729.5,435360
2021-06-10 09:58:41,1729.5,435360
2021-06-10 09:58:42,1729.5,435360
2021-06-10 09:58:43,1729.5,435370
2021-06-10 09:58:44,1729.5,435370
2021-06-10 09:58:45,1729.0,435371
2021-06-10 09:58:46,1729.5,435396
2021-06-10 09:58:48,1729.3,435419
2021-06-10 09:58:49,1729.3,435429
2021-06-10 09:58:49,1729.3,435429
2021-06-10 09:58:50,1729.3,435429
2021-06-10 09:58:51,1729.3,435429
2021-06-10 09:58:52,1730.0,435599
2021-06-10 09:58:53,1729.55,435629
2021-06-10 09:58:54,1730.0,435679
2021-06-10 09:58:55,1729.55,435689
2021-06-10 09:58:56,1729.95,435690
2021-06-10 09:58:57,1729.55,435850
2021-06-10 09:59:00,1730.0,435851
2021-06-10 09:59:01,1729.55,435980
2021-06-10 09:59:01,1729.55,435982
2021-06-10 09:59:02,1730.0,435985
2021-06-10 09:59:03,1730.0,435985
2021-06-10 09:59:05,1728.1,437220
2021-06-10 09:59:06,1728.1,437220
2021-06-10 09:59:06,1728.1,437220
2021-06-10 09:59:07,1728.1,437220
2021-06-10 09:59:08,1728.25,437235
2021-06-10 09:59:09,1728.85,437262
2021-06-10 09:59:10,1728.85,437262
2021-06-10 09:59:11,1729.0,437640
2021-06-10 09:59:12,1728.25,437660
2021-06-10 09:59:13,1728.25,437660
2021-06-10 09:59:14,1728.25,437660
2021-06-10 09:59:16,1728.25,437660
2021-06-10 09:59:17,1728.25,437660
2021-06-10 09:59:17,1728.25,437660
2021-06-10 09:59:18,1728.25,437660
2021-06-10 09:59:19,1728.25,437660
2021-06-10 09:59:20,1728.3,437664
2021-06-10 09:59:21,1728.3,437664
2021-06-10 09:59:22,1728.3,437674
2021-06-10 09:59:23,1728.3,437674
2021-06-10 09:59:28,1729.0,437826
2021-06-10 09:59:29,1729.0,437826
2021-06-10 09:59:30,1729.0,437826
2021-06-10 09:59:30,1729.0,437826
2021-06-10 09:59:31,1729.0,437826
2021-06-10 09:59:32,1729.0,437826
2021-06-10 09:59:33,1729.0,437826
2021-06-10 09:59:34,1729.0,437826
2021-06-10 09:59:35,1729.0,437906
2021-06-10 09:59:36,1728.3,437926
2021-06-10 09:59:37,1728.3,437926
2021-06-10 09:59:38,1728.6,438262
2021-06-10 09:59:39,1729.0,438322
2021-06-10 09:59:40,1728.55,438324
2021-06-10 09:59:41,1728.55,438324
2021-06-10 09:59:43,1728.55,438326
2021-06-10 09:59:43,1728.55,438326
2021-06-10 09:59:44,1729.0,438900
2021-06-10 09:59:46,1728.65,438908
2021-06-10 09:59:47,1729.0,438925
2021-06-10 09:59:47,1729.0,438943
2021-06-10 09:59:48,1729.0,439512
2021-06-10 09:59:49,1729.0,439736
2021-06-10 09:59:50,1729.5,439745
2021-06-10 09:59:51,1729.6,439746
2021-06-10 09:59:52,1729.6,439746
2021-06-10 09:59:53,1730.05,441066
2021-06-10 09:59:54,1730.05,441066
2021-06-10 09:59:55,1731.55,442382
2021-06-10 09:59:57,1730.6,442438
2021-06-10 09:59:58,1731.55,442439
2021-06-10 09:59:59,1730.7,442445
2021-06-10 10:00:00,1730.7,442445
2021-06-10 10:00:00,1731.1,442449
2021-06-10 10:00:01,1731.1,442459
2021-06-10 10:00:02,1731.1,442459
2021-06-10 10:00:03,1731.95,442509
2021-06-10 10:00:05,1731.0,442799
2021-06-10 10:00:06,1731.95,443023
2021-06-10 10:00:07,1731.95,443023
2021-06-10 10:00:08,1731.9,443034
2021-06-10 10:00:09,1731.9,443034
2021-06-10 10:00:10,1731.9,443034
2021-06-10 10:00:11,1731.9,443034
2021-06-10 10:00:11,1731.9,443034
2021-06-10 10:00:12,1731.9,443034
2021-06-10 10:00:13,1731.9,443034
2021-06-10 10:00:14,1732.0,443159
2021-06-10 10:00:15,1731.55,443161
2021-06-10 10:00:16,1731.55,443161
2021-06-10 10:00:17,1731.55,443161
2021-06-10 10:00:19,1731.55,443161
2021-06-10 10:00:20,1731.55,443161
2021-06-10 10:00:22,1731.55,443211
2021-06-10 10:00:23,1731.55,443278
2021-06-10 10:00:24,1732.0,443289
2021-06-10 10:00:24,1732.0,443289
2021-06-10 10:00:25,1731.55,443658
2021-06-10 10:00:26,1731.55,443658
2021-06-10 10:00:27,1731.55,443668
2021-06-10 10:00:29,1732.3,443675
2021-06-10 10:00:30,1732.25,443702
2021-06-10 10:00:31,1732.25,443702
2021-06-10 10:00:32,1732.25,443702
2021-06-10 10:00:33,1732.0,443712
2021-06-10 10:00:34,1731.55,443762
2021-06-10 10:00:35,1731.55,443764
2021-06-10 10:00:36,1731.55,443764
2021-06-10 10:00:36,1731.55,443764
2021-06-10 10:00:37,1731.55,443764
2021-06-10 10:00:38,1731.55,443764
2021-06-10 10:00:39,1731.1,443873
2021-06-10 10:00:40,1731.15,443875
2021-06-10 10:00:41,1731.15,443895
2021-06-10 10:00:42,1731.2,443944
2021-06-10 10:00:44,1731.2,443947
2021-06-10 10:00:45,1731.2,443948
2021-06-10 10:00:46,1731.2,443948
2021-06-10 10:00:47,1731.15,443949
2021-06-10 10:00:48,1731.1,443967
2021-06-10 10:00:49,1731.1,443967
2021-06-10 10:00:49,1731.1,443967
2021-06-10 10:00:50,1731.15,443985
2021-06-10 10:00:51,1731.15,443994
2021-06-10 10:00:52,1731.1,444041
2021-06-10 10:00:54,1731.15,444465
2021-06-10 10:00:55,1731.45,444468
2021-06-10 10:00:57,1731.0,444471
2021-06-10 10:00:58,1731.1,444472
2021-06-10 10:00:59,1731.5,444528
2021-06-10 10:01:00,1731.5,444528
2021-06-10 10:01:01,1731.5,444528
2021-06-10 10:01:02,1731.5,444528
2021-06-10 10:01:03,1731.5,444528
2021-06-10 10:01:04,1731.5,444528
2021-06-10 10:01:05,1731.2,444549
2021-06-10 10:01:06,1731.2,444549
2021-06-10 10:01:07,1731.5,444551
2021-06-10 10:01:07,1731.5,444551
2021-06-10 10:01:08,1731.5,444551
2021-06-10 10:01:09,1731.5,444551
2021-06-10 10:01:10,1731.5,444601
2021-06-10 10:01:11,1731.5,444677
2021-06-10 10:01:13,1731.15,444727
2021-06-10 10:01:14,1731.15,444727
2021-06-10 10:01:15,1731.5,444746
2021-06-10 10:01:16,1731.5,444746
2021-06-10 10:01:16,1731.5,444746
2021-06-10 10:01:17,1731.5,444878
2021-06-10 10:01:19,1731.55,444884
2021-06-10 10:01:20,1731.55,444884
2021-06-10 10:01:21,1731.2,444888
2021-06-10 10:01:23,1731.15,444924
2021-06-10 10:01:24,1731.2,444925
2021-06-10 10:01:24,1731.2,444926
2021-06-10 10:01:25,1731.0,444928
2021-06-10 10:01:26,1731.0,444928
2021-06-10 10:01:28,1731.0,444933
2021-06-10 10:01:30,1731.2,444943
2021-06-10 10:01:33,1731.0,444965
2021-06-10 10:01:34,1731.5,445206
2021-06-10 10:01:34,1731.5,445206
2021-06-10 10:01:35,1731.0,445316
2021-06-10 10:01:36,1731.4,445556
2021-06-10 10:01:37,1731.0,445558
2021-06-10 10:01:39,1731.45,445928
2021-06-10 10:01:40,1731.0,445929
2021-06-10 10:01:41,1731.0,446183
2021-06-10 10:01:42,1731.0,446183
2021-06-10 10:01:43,1731.0,446194
2021-06-10 10:01:43,1731.4,446234
2021-06-10 10:01:44,1731.2,446309
2021-06-10 10:01:46,1731.2,446334
2021-06-10 10:01:47,1731.2,446341
2021-06-10 10:01:48,1731.2,446344
2021-06-10 10:01:49,1731.0,446354
2021-06-10 10:01:50,1731.55,446868
2021-06-10 10:01:51,1731.05,446871
2021-06-10 10:01:52,1731.2,446876
2021-06-10 10:01:53,1731.4,446926
2021-06-10 10:01:54,1731.0,447007
2021-06-10 10:01:56,1731.55,447023
2021-06-10 10:01:56,1731.55,447023
2021-06-10 10:01:58,1731.45,447024
2021-06-10 10:01:59,1731.45,447024
2021-06-10 10:02:00,1731.0,447036
2021-06-10 10:02:01,1731.0,447047
2021-06-10 10:02:02,1731.3,447142
2021-06-10 10:02:03,1730.95,447317
2021-06-10 10:02:05,1730.4,447406
2021-06-10 10:02:06,1730.4,447406
2021-06-10 10:02:07,1730.4,447406
2021-06-10 10:02:08,1730.4,447462
2021-06-10 10:02:08,1730.4,447462
2021-06-10 10:02:09,1730.4,447462
2021-06-10 10:02:10,1730.4,447462
2021-06-10 10:02:11,1730.4,447462
2021-06-10 10:02:12,1730.4,447462
2021-06-10 10:02:13,1730.4,447462
2021-06-10 10:02:15,1730.4,447639
2021-06-10 10:02:16,1729.5,447739
2021-06-10 10:02:17,1729.5,447739
2021-06-10 10:02:18,1730.15,447838
2021-06-10 10:02:18,1729.05,447774
2021-06-10 10:02:19,1730.15,447838
2021-06-10 10:02:21,1730.15,447857
2021-06-10 10:02:22,1729.0,447899
2021-06-10 10:02:23,1729.0,447899
2021-06-10 10:02:24,1729.0,447899
2021-06-10 10:02:26,1729.05,447983
2021-06-10 10:02:30,1730.0,448130
2021-06-10 10:02:30,1730.0,448130
2021-06-10 10:02:33,1729.05,448155
2021-06-10 10:02:34,1729.05,448155
2021-06-10 10:02:35,1729.05,448155
2021-06-10 10:02:35,1729.05,448155
2021-06-10 10:02:37,1729.4,448171
2021-06-10 10:02:38,1729.85,448445
2021-06-10 10:02:39,1729.1,448457
2021-06-10 10:02:40,1729.1,448458
2021-06-10 10:02:41,1729.1,448458
2021-06-10 10:02:41,1729.1,448458
2021-06-10 10:02:42,1729.8,448466
2021-06-10 10:02:44,1730.75,448905
2021-06-10 10:02:45,1730.5,448906
2021-06-10 10:02:46,1729.75,448951
2021-06-10 10:02:47,1729.75,448966
2021-06-10 10:02:48,1730.0,448968
2021-06-10 10:02:49,1730.0,448968
2021-06-10 10:02:50,1730.0,449000
2021-06-10 10:02:51,1730.0,449000
2021-06-10 10:02:52,1730.0,449124
2021-06-10 10:02:53,1730.7,449238
2021-06-10 10:02:54,1730.7,449238
2021-06-10 10:02:55,1730.7,449238
2021-06-10 10:02:56,1730.7,449238
2021-06-10 10:02:57,1730.0,449269
2021-06-10 10:02:58,1730.55,449288
2021-06-10 10:02:59,1730.6,449307
2021-06-10 10:03:00,1730.0,449312
2021-06-10 10:03:00,1730.0,449347
2021-06-10 10:03:01,1730.0,449347
2021-06-10 10:03:03,1730.0,449452
2021-06-10 10:03:04,1730.0,449452
2021-06-10 10:03:05,1730.0,449547
2021-06-10 10:03:06,1730.6,449581
2021-06-10 10:03:07,1730.25,449586
2021-06-10 10:03:08,1730.25,449605
2021-06-10 10:03:09,1730.2,449803
2021-06-10 10:03:10,1730.2,449803
2021-06-10 10:03:11,1730.2,449803
2021-06-10 10:03:12,1730.1,449833
2021-06-10 10:03:13,1730.8,449844
2021-06-10 10:03:14,1730.0,449894
2021-06-10 10:03:14,1730.0,449894
2021-06-10 10:03:15,1730.0,449894
2021-06-10 10:03:17,1730.05,449924
2021-06-10 10:03:18,1730.05,449924
2021-06-10 10:03:19,1730.5,449933
2021-06-10 10:03:21,1730.7,450629
2021-06-10 10:03:24,1730.7,450629
2021-06-10 10:03:25,1730.7,450629
2021-06-10 10:03:28,1730.85,451406
2021-06-10 10:03:29,1730.85,451406
2021-06-10 10:03:30,1731.45,451408
2021-06-10 10:03:31,1730.8,451433
2021-06-10 10:03:32,1731.5,451437
2021-06-10 10:03:33,1731.5,451437
2021-06-10 10:03:34,1730.9,451447
2021-06-10 10:03:36,1730.9,451447
2021-06-10 10:03:37,1731.4,451465
2021-06-10 10:03:37,1731.4,451467
2021-06-10 10:03:39,1731.4,451467
2021-06-10 10:03:39,1731.4,451467
2021-06-10 10:03:41,1731.0,451469
2021-06-10 10:03:42,1731.1,451547
2021-06-10 10:03:43,1731.1,451547
2021-06-10 10:03:44,1731.2,451579
2021-06-10 10:03:45,1731.2,451629
2021-06-10 10:03:45,1731.2,451629
2021-06-10 10:03:47,1731.2,451683
2021-06-10 10:03:48,1731.35,451753
2021-06-10 10:03:49,1731.35,451753
2021-06-10 10:03:50,1731.35,451753
2021-06-10 10:03:51,1731.35,451757
2021-06-10 10:03:52,1731.35,451757
2021-06-10 10:03:53,1731.35,451757
2021-06-10 10:03:54,1731.35,451757
2021-06-10 10:03:55,1731.05,451804
2021-06-10 10:03:57,1731.55,453072
2021-06-10 10:03:58,1731.0,453174
2021-06-10 10:03:59,1731.3,453214
2021-06-10 10:04:00,1731.3,453214
2021-06-10 10:04:02,1731.35,453309
2021-06-10 10:04:03,1731.55,453319
2021-06-10 10:04:03,1731.35,453309
2021-06-10 10:04:04,1731.35,453329
2021-06-10 10:04:05,1731.55,453374
2021-06-10 10:04:08,1731.55,453377
2021-06-10 10:04:09,1731.55,453452
2021-06-10 10:04:10,1731.55,453452
2021-06-10 10:04:11,1731.35,453462
2021-06-10 10:04:12,1731.55,453480
2021-06-10 10:04:12,1731.55,453480
2021-06-10 10:04:13,1731.55,453480
2021-06-10 10:04:15,1731.55,453490
2021-06-10 10:04:16,1731.55,453490
2021-06-10 10:04:18,1731.35,453603
2021-06-10 10:04:18,1731.35,453603
2021-06-10 10:04:19,1731.35,453603
2021-06-10 10:04:20,1732.0,453613
2021-06-10 10:04:22,1731.55,453707
2021-06-10 10:04:23,1731.55,453707
2021-06-10 10:04:24,1731.55,453707
2021-06-10 10:04:25,1731.35,453732
2021-06-10 10:04:26,1732.2,454480
2021-06-10 10:04:28,1731.55,454530
2021-06-10 10:04:29,1731.55,454530
2021-06-10 10:04:30,1731.55,454530
2021-06-10 10:04:31,1732.0,454540
2021-06-10 10:04:32,1732.0,454559
2021-06-10 10:04:32,1732.0,454559
2021-06-10 10:04:33,1731.55,454560
2021-06-10 10:04:34,1731.55,454560
2021-06-10 10:04:36,1732.0,454566
2021-06-10 10:04:37,1732.0,454566
2021-06-10 10:04:38,1732.0,454566
2021-06-10 10:04:39,1732.0,454576
2021-06-10 10:04:40,1732.0,454576
2021-06-10 10:04:41,1731.95,454578
2021-06-10 10:04:42,1732.0,454628
2021-06-10 10:04:43,1731.55,454632
2021-06-10 10:04:44,1731.6,454663
2021-06-10 10:04:45,1731.6,454663
2021-06-10 10:04:46,1731.6,454663
2021-06-10 10:04:47,1731.65,454713
2021-06-10 10:04:48,1732.25,454732
2021-06-10 10:04:49,1732.15,454743
2021-06-10 10:04:50,1732.05,454783
2021-06-10 10:04:51,1732.05,454787
2021-06-10 10:04:52,1732.25,454803
2021-06-10 10:04:53,1732.25,454858
2021-06-10 10:04:54,1732.15,454870
2021-06-10 10:04:55,1732.1,454872
2021-06-10 10:04:56,1732.1,454885
2021-06-10 10:04:57,1732.1,454885
2021-06-10 10:04:58,1732.1,454885
2021-06-10 10:04:59,1732.05,454905
2021-06-10 10:05:00,1732.25,455021
2021-06-10 10:05:01,1732.25,455021
2021-06-10 10:05:02,1732.15,455039
2021-06-10 10:05:03,1732.15,455041
2021-06-10 10:05:05,1732.15,455042
2021-06-10 10:05:06,1732.05,455044
2021-06-10 10:05:07,1732.05,455064
2021-06-10 10:05:08,1732.05,455064
2021-06-10 10:05:10,1732.05,455079
2021-06-10 10:05:11,1732.2,455084
2021-06-10 10:05:12,1732.2,455084
2021-06-10 10:05:13,1732.15,455094
2021-06-10 10:05:14,1732.25,455099
2021-06-10 10:05:15,1731.55,455611
2021-06-10 10:05:16,1731.55,455611
2021-06-10 10:05:17,1732.1,455723
2021-06-10 10:05:18,1731.55,455734
2021-06-10 10:05:19,1731.55,455734
2021-06-10 10:05:20,1731.55,455736
2021-06-10 10:05:21,1731.55,455736
2021-06-10 10:05:22,1732.0,455741
2021-06-10 10:05:23,1732.0,455741
2021-06-10 10:05:24,1731.55,455761
2021-06-10 10:05:25,1731.55,455783
2021-06-10 10:05:27,1731.55,455788
2021-06-10 10:05:28,1731.55,455849
2021-06-10 10:05:29,1731.55,455849
2021-06-10 10:05:30,1731.5,455939
2021-06-10 10:05:31,1732.15,455946
2021-06-10 10:05:32,1732.15,455946
2021-06-10 10:05:33,1732.0,455948
2021-06-10 10:05:34,1732.0,455948
2021-06-10 10:05:35,1731.35,455952
2021-06-10 10:05:36,1731.55,456002
2021-06-10 10:05:37,1732.0,456193
2021-06-10 10:05:38,1732.25,456197
2021-06-10 10:05:39,1731.9,456204
2021-06-10 10:05:40,1731.9,456204
2021-06-10 10:05:42,1731.9,456204
2021-06-10 10:05:43,1731.9,456222
2021-06-10 10:05:44,1731.35,456275
2021-06-10 10:05:45,1732.0,456278
2021-06-10 10:05:46,1732.0,456279
2021-06-10 10:05:47,1731.4,456281
2021-06-10 10:05:48,1731.4,456281
2021-06-10 10:05:49,1731.4,456281
2021-06-10 10:05:50,1732.0,456532
2021-06-10 10:05:51,1731.95,456603
2021-06-10 10:05:52,1731.95,456603
2021-06-10 10:05:53,1732.25,456653
2021-06-10 10:05:54,1732.25,456653
2021-06-10 10:05:55,1732.25,456653
2021-06-10 10:05:56,1731.95,456667
2021-06-10 10:05:57,1732.3,456697
2021-06-10 10:05:58,1731.95,456753
2021-06-10 10:05:59,1731.8,456763
2021-06-10 10:06:00,1731.8,456763
2021-06-10 10:06:01,1731.9,456813
2021-06-10 10:06:02,1732.0,457113
2021-06-10 10:06:03,1732.3,457167
2021-06-10 10:06:04,1731.65,457177
2021-06-10 10:06:05,1732.25,457178
2021-06-10 10:06:07,1732.2,457205
2021-06-10 10:06:06,1732.2,457205
2021-06-10 10:06:08,1731.65,457214
2021-06-10 10:06:09,1732.8,457515
2021-06-10 10:06:10,1731.55,457965
2021-06-10 10:06:11,1731.55,457965
2021-06-10 10:06:12,1732.3,458002
2021-06-10 10:06:13,1732.3,458012
2021-06-10 10:06:14,1732.25,458017
2021-06-10 10:06:15,1731.9,458020
2021-06-10 10:06:16,1732.2,458022
2021-06-10 10:06:17,1732.25,458043
2021-06-10 10:06:18,1732.25,458043
2021-06-10 10:06:19,1732.25,458043
2021-06-10 10:06:20,1731.9,458073
2021-06-10 10:06:21,1731.9,458073
2021-06-10 10:06:22,1731.9,458073
2021-06-10 10:06:23,1731.9,458073
2021-06-10 10:06:24,1731.9,458098
2021-06-10 10:06:25,1731.9,458100
2021-06-10 10:06:26,1731.9,458133
2021-06-10 10:06:27,1731.9,458133
2021-06-10 10:06:28,1731.9,458158
2021-06-10 10:06:29,1731.9,458158
2021-06-10 10:06:30,1731.9,458158
2021-06-10 10:06:31,1731.9,458158
2021-06-10 10:06:32,1732.0,458164
2021-06-10 10:06:33,1732.0,458164
2021-06-10 10:06:34,1732.0,458164
2021-06-10 10:06:35,1732.0,458326
2021-06-10 10:06:36,1732.0,458327
2021-06-10 10:06:37,1732.0,458329
2021-06-10 10:06:38,1731.95,458531
2021-06-10 10:06:39,1731.9,458535
2021-06-10 10:06:41,1731.9,458593
2021-06-10 10:06:42,1731.35,458793
2021-06-10 10:06:44,1731.35,458815
2021-06-10 10:06:45,1731.05,459117
2021-06-10 10:06:45,1731.05,459117
2021-06-10 10:06:46,1731.9,459120
2021-06-10 10:06:47,1731.9,459120
2021-06-10 10:06:48,1731.9,459125
2021-06-10 10:06:49,1731.0,459525
2021-06-10 10:06:50,1731.0,459525
2021-06-10 10:06:51,1731.0,459525
2021-06-10 10:06:52,1731.9,459535
2021-06-10 10:06:53,1731.9,459535
2021-06-10 10:06:54,1732.1,459810
2021-06-10 10:06:55,1732.1,459810
2021-06-10 10:06:56,1732.1,459842
2021-06-10 10:06:57,1732.45,460801
2021-06-10 10:06:58,1732.8,460901
2021-06-10 10:07:00,1732.5,460932
2021-06-10 10:07:00,1732.7,460931
2021-06-10 10:07:01,1732.6,460943
2021-06-10 10:07:02,1732.15,460963
2021-06-10 10:07:03,1732.8,460981
2021-06-10 10:07:04,1732.65,460994
2021-06-10 10:07:06,1732.0,461056
2021-06-10 10:07:07,1732.5,461060
2021-06-10 10:07:09,1732.5,461060
2021-06-10 10:07:09,1732.5,461060
2021-06-10 10:07:10,1732.55,461066
2021-06-10 10:07:11,1732.7,461167
2021-06-10 10:07:12,1732.7,461194
2021-06-10 10:07:13,1732.5,461239
2021-06-10 10:07:14,1732.45,461282
2021-06-10 10:07:15,1732.0,461304
2021-06-10 10:07:16,1732.0,461304
2021-06-10 10:07:17,1732.65,461305
2021-06-10 10:07:18,1732.65,461305
2021-06-10 10:07:20,1732.6,461317
2021-06-10 10:07:20,1732.6,461317
2021-06-10 10:07:21,1732.25,461322
2021-06-10 10:07:22,1732.25,461322
2021-06-10 10:07:23,1732.25,461322
2021-06-10 10:07:24,1732.25,461323
2021-06-10 10:07:25,1732.75,461417
2021-06-10 10:07:27,1732.75,461417
2021-06-10 10:07:27,1732.8,461419
2021-06-10 10:07:28,1732.8,461419
2021-06-10 10:07:29,1732.8,461424
2021-06-10 10:07:30,1732.8,461444
2021-06-10 10:07:31,1732.75,461449
2021-06-10 10:07:32,1732.75,461510
2021-06-10 10:07:34,1732.75,461510
2021-06-10 10:07:34,1732.8,461522
2021-06-10 10:07:35,1732.75,461524
2021-06-10 10:07:36,1732.75,461655
2021-06-10 10:07:37,1732.85,462002
2021-06-10 10:07:38,1732.95,462003
2021-06-10 10:07:39,1732.75,462008
2021-06-10 10:07:40,1732.95,462126
2021-06-10 10:07:42,1734.0,464362
2021-06-10 10:07:42,1733.6,464365
2021-06-10 10:07:43,1733.6,464375
2021-06-10 10:07:44,1734.0,464438
2021-06-10 10:07:45,1734.0,464441
2021-06-10 10:07:46,1734.0,464541
2021-06-10 10:07:48,1733.6,464542
2021-06-10 10:07:48,1733.6,464542
2021-06-10 10:07:49,1733.75,464895
2021-06-10 10:07:50,1734.0,464982
2021-06-10 10:07:51,1733.8,464989
2021-06-10 10:07:52,1733.8,465056
2021-06-10 10:07:54,1733.8,465056
2021-06-10 10:07:55,1734.0,465214
2021-06-10 10:07:55,1734.0,465324
2021-06-10 10:07:56,1733.75,465411
2021-06-10 10:07:58,1733.75,465416
2021-06-10 10:07:59,1733.8,465436
2021-06-10 10:08:00,1734.0,465521
2021-06-10 10:08:01,1734.0,465529
2021-06-10 10:08:02,1734.0,465569
2021-06-10 10:08:03,1733.75,465662
2021-06-10 10:08:04,1733.8,465672
2021-06-10 10:08:05,1734.0,465687
2021-06-10 10:08:07,1734.0,465700
2021-06-10 10:08:08,1734.0,465810
2021-06-10 10:08:09,1733.55,465959
2021-06-10 10:08:10,1733.55,465959
2021-06-10 10:08:11,1733.7,466149
2021-06-10 10:08:13,1733.8,466207
2021-06-10 10:08:13,1733.8,466207
2021-06-10 10:08:14,1733.8,466208
2021-06-10 10:08:15,1733.8,466218
2021-06-10 10:08:16,1734.0,466418
2021-06-10 10:08:17,1733.8,466444
2021-06-10 10:08:18,1733.2,466445
2021-06-10 10:08:19,1733.95,466446
2021-06-10 10:08:20,1733.95,466456
2021-06-10 10:08:22,1734.0,466458
2021-06-10 10:08:23,1734.0,466578
2021-06-10 10:08:24,1733.95,466606
2021-06-10 10:08:25,1734.0,466719
2021-06-10 10:08:26,1734.0,466731
2021-06-10 10:08:28,1734.0,466731
2021-06-10 10:08:28,1734.0,466731
2021-06-10 10:08:29,1734.0,466731
2021-06-10 10:08:30,1734.0,466788
2021-06-10 10:08:31,1733.8,466793
2021-06-10 10:08:32,1734.5,467563
2021-06-10 10:08:33,1734.5,467563
2021-06-10 10:08:34,1734.5,467565
2021-06-10 10:08:35,1734.35,467625
2021-06-10 10:08:36,1734.35,467626
2021-06-10 10:08:37,1734.35,467686
2021-06-10 10:08:39,1734.5,467696
2021-06-10 10:08:39,1734.5,467696
2021-06-10 10:08:40,1734.5,467732
2021-06-10 10:08:42,1734.5,468044
2021-06-10 10:08:43,1734.8,468074
2021-06-10 10:08:44,1734.8,468074
2021-06-10 10:08:45,1734.5,468175
2021-06-10 10:08:46,1734.5,468175
2021-06-10 10:08:48,1734.8,468276
2021-06-10 10:08:48,1734.8,468276
2021-06-10 10:08:49,1734.9,468486
2021-06-10 10:08:51,1734.9,468486
2021-06-10 10:08:52,1735.0,469371
2021-06-10 10:08:53,1734.65,469383
2021-06-10 10:08:54,1735.0,469483
2021-06-10 10:08:54,1735.0,469493
2021-06-10 10:08:55,1735.0,469606
2021-06-10 10:08:56,1734.65,469681
2021-06-10 10:08:57,1735.0,469717
2021-06-10 10:08:58,1735.0,469717
2021-06-10 10:09:00,1735.0,469761
2021-06-10 10:09:01,1734.9,469861
2021-06-10 10:09:01,1734.95,469912
2021-06-10 10:09:02,1734.9,469941
2021-06-10 10:09:04,1734.9,469947
2021-06-10 10:09:05,1734.9,469972
2021-06-10 10:09:06,1735.0,470072
2021-06-10 10:09:07,1735.0,470090
2021-06-10 10:09:07,1735.0,470090
2021-06-10 10:09:09,1734.5,470944
2021-06-10 10:09:10,1734.5,471074
2021-06-10 10:09:11,1734.5,471106
2021-06-10 10:09:11,1734.5,471106
2021-06-10 10:09:12,1734.5,471111
2021-06-10 10:09:14,1734.75,472578
2021-06-10 10:09:15,1734.3,472850
2021-06-10 10:09:16,1734.3,472855
2021-06-10 10:09:17,1734.3,472855
2021-06-10 10:09:18,1733.05,473414
2021-06-10 10:09:19,1732.75,473528
2021-06-10 10:09:20,1733.45,473555
2021-06-10 10:09:21,1733.45,473555
2021-06-10 10:09:22,1733.45,473555
2021-06-10 10:09:23,1732.85,473938
2021-06-10 10:09:25,1733.75,474038
2021-06-10 10:09:26,1733.55,474079
2021-06-10 10:09:27,1732.65,474089
2021-06-10 10:09:28,1733.55,474123
2021-06-10 10:09:28,1733.55,474123
2021-06-10 10:09:30,1733.55,474125
2021-06-10 10:09:31,1733.15,474144
2021-06-10 10:09:31,1733.55,474145
2021-06-10 10:09:32,1733.55,474145
2021-06-10 10:09:33,1733.55,474145
2021-06-10 10:09:34,1734.3,474172
2021-06-10 10:09:35,1734.9,474372
2021-06-10 10:09:37,1734.75,474472
2021-06-10 10:09:38,1734.7,474473
2021-06-10 10:09:39,1734.7,474473
2021-06-10 10:09:40,1734.55,474686
2021-06-10 10:09:41,1734.6,474736
2021-06-10 10:09:42,1734.8,474786
2021-06-10 10:09:43,1734.55,474850
2021-06-10 10:09:44,1734.65,474856
2021-06-10 10:09:45,1734.5,474866
2021-06-10 10:09:46,1734.5,474866
2021-06-10 10:09:47,1734.5,474913
2021-06-10 10:09:48,1734.0,474923
2021-06-10 10:09:49,1733.6,475078
2021-06-10 10:09:50,1733.6,475078
2021-06-10 10:09:51,1733.6,475078
2021-06-10 10:09:52,1733.6,475078
2021-06-10 10:09:53,1734.5,475213
2021-06-10 10:09:55,1734.5,475313
2021-06-10 10:09:55,1734.5,475427
2021-06-10 10:09:57,1734.45,475442
2021-06-10 10:09:58,1734.5,475493
2021-06-10 10:09:59,1734.5,475508
2021-06-10 10:09:59,1734.8,475608
2021-06-10 10:10:00,1734.0,475624
2021-06-10 10:10:01,1734.5,475729
2021-06-10 10:10:02,1734.0,475730
2021-06-10 10:10:03,1734.05,475817
2021-06-10 10:10:04,1734.0,476316
2021-06-10 10:10:05,1734.0,476316
2021-06-10 10:10:07,1734.0,476424
2021-06-10 10:10:08,1734.5,476680
2021-06-10 10:10:09,1734.0,476681
2021-06-10 10:10:10,1734.6,476805
2021-06-10 10:10:12,1734.6,476805
2021-06-10 10:10:13,1734.6,476805
2021-06-10 10:10:14,1734.6,476805
2021-06-10 10:10:15,1734.6,476805
2021-06-10 10:10:15,1734.6,476805
2021-06-10 10:10:16,1734.0,476851
2021-06-10 10:10:17,1734.0,476851
2021-06-10 10:10:18,1734.0,476851
2021-06-10 10:10:19,1734.5,476971
2021-06-10 10:10:20,1734.55,477010
2021-06-10 10:10:21,1734.0,477015
2021-06-10 10:10:23,1734.0,477467
2021-06-10 10:10:24,1734.0,477506
2021-06-10 10:10:25,1734.0,477634
2021-06-10 10:10:26,1734.0,477641
2021-06-10 10:10:27,1734.0,477755
2021-06-10 10:10:28,1734.0,477755
2021-06-10 10:10:29,1734.0,477810
2021-06-10 10:10:30,1734.0,477810
2021-06-10 10:10:31,1734.0,477810
2021-06-10 10:10:31,1734.0,477810
2021-06-10 10:10:32,1733.2,477864
2021-06-10 10:10:33,1733.7,477866
2021-06-10 10:10:34,1733.7,477866
2021-06-10 10:10:35,1733.25,477869
2021-06-10 10:10:36,1733.2,477949
2021-06-10 10:10:37,1733.2,477949
2021-06-10 10:10:38,1733.9,477955
2021-06-10 10:10:39,1733.2,478055
2021-06-10 10:10:41,1733.9,478143
2021-06-10 10:10:42,1733.9,478157
2021-06-10 10:10:43,1733.1,478517
2021-06-10 10:10:43,1733.1,478532
2021-06-10 10:10:44,1733.1,478582
2021-06-10 10:10:45,1733.1,478602
2021-06-10 10:10:46,1731.85,481118
2021-06-10 10:10:47,1732.0,481133
2021-06-10 10:10:48,1732.0,481133
2021-06-10 10:10:50,1732.0,481172
2021-06-10 10:10:51,1732.0,481172
2021-06-10 10:10:52,1732.0,481394
2021-06-10 10:10:52,1732.0,481394
2021-06-10 10:10:53,1732.0,481394
2021-06-10 10:10:54,1731.5,481437
2021-06-10 10:10:55,1732.0,481789
2021-06-10 10:10:56,1731.7,481851
2021-06-10 10:10:57,1731.7,481852
2021-06-10 10:10:58,1731.7,481852
2021-06-10 10:11:00,1732.65,481861
2021-06-10 10:11:01,1732.0,481871
2021-06-10 10:11:02,1732.0,481871
2021-06-10 10:11:02,1732.0,481871
2021-06-10 10:11:04,1732.2,481872
2021-06-10 10:11:05,1732.15,481936
2021-06-10 10:11:06,1732.15,481936
2021-06-10 10:11:08,1732.25,482251
2021-06-10 10:11:09,1732.25,482251
2021-06-10 10:11:10,1733.0,482365
2021-06-10 10:11:12,1733.0,482365
2021-06-10 10:11:13,1733.0,482365
2021-06-10 10:11:14,1733.0,482365
2021-06-10 10:11:15,1732.5,482374
2021-06-10 10:11:16,1732.75,482384
2021-06-10 10:11:17,1732.75,482384
2021-06-10 10:11:18,1732.75,482454
2021-06-10 10:11:21,1732.75,482478
2021-06-10 10:11:22,1732.2,482490
2021-06-10 10:11:25,1732.2,482490
2021-06-10 10:11:26,1732.2,482787
2021-06-10 10:11:27,1732.7,482835
2021-06-10 10:11:28,1732.7,482835
2021-06-10 10:11:29,1732.2,482855
2021-06-10 10:11:30,1732.2,482855
2021-06-10 10:11:31,1732.2,482855
2021-06-10 10:11:32,1732.2,482855
2021-06-10 10:11:32,1732.2,482855
2021-06-10 10:11:33,1732.25,482873
2021-06-10 10:11:34,1732.25,482873
2021-06-10 10:11:35,1732.5,482989
2021-06-10 10:11:37,1732.5,482989
2021-06-10 10:11:38,1732.6,483164
2021-06-10 10:11:39,1732.0,483334
2021-06-10 10:11:40,1732.0,483334
2021-06-10 10:11:41,1732.0,483423
2021-06-10 10:11:42,1732.0,483454
2021-06-10 10:11:43,1732.0,483454
