timestamp,ltp,volume
2021-06-10 09:16:12,847.0,69537
2021-06-10 09:16:15,846.85,73146
2021-06-10 09:16:15,846.95,72301
2021-06-10 09:16:16,846.85,73146
2021-06-10 09:16:17,846.9,74156
2021-06-10 09:16:19,846.5,74933
2021-06-10 09:16:20,846.5,74933
2021-06-10 09:16:20,846.5,74933
2021-06-10 09:16:21,846.4,75018
2021-06-10 09:16:22,845.55,77961
2021-06-10 09:16:25,846.75,82249
2021-06-10 09:16:25,846.75,82249
2021-06-10 09:16:26,846.55,82325
2021-06-10 09:16:27,846.6,82794
2021-06-10 09:16:29,846.5,83599
2021-06-10 09:16:30,846.3,84331
2021-06-10 09:16:30,846.3,84379
2021-06-10 09:16:31,846.3,84468
2021-06-10 09:16:32,846.65,85526
2021-06-10 09:16:34,846.65,86027
2021-06-10 09:16:35,846.65,86027
2021-06-10 09:16:35,846.65,86027
2021-06-10 09:16:36,846.75,86095
2021-06-10 09:16:37,846.75,86124
2021-06-10 09:16:39,847.0,86968
2021-06-10 09:16:40,847.2,88222
2021-06-10 09:16:41,847.5,89157
2021-06-10 09:16:42,847.45,89252
2021-06-10 09:16:44,847.05,89284
2021-06-10 09:16:45,847.0,89758
2021-06-10 09:16:46,847.4,89978
2021-06-10 09:16:47,847.4,89978
2021-06-10 09:16:48,847.0,95068
2021-06-10 09:16:50,847.0,96262
2021-06-10 09:16:52,846.8,96881
2021-06-10 09:16:53,846.95,97257
2021-06-10 09:16:54,846.95,97526
2021-06-10 09:16:55,846.75,97890
2021-06-10 09:16:57,847.05,98240
2021-06-10 09:16:58,847.25,99080
2021-06-10 09:17:00,847.6,100278
2021-06-10 09:17:02,847.55,101183
2021-06-10 09:17:03,847.95,101683
2021-06-10 09:17:03,847.75,101801
2021-06-10 09:17:04,847.75,101878
2021-06-10 09:17:05,848.6,102978
2021-06-10 09:17:06,848.0,103498
2021-06-10 09:17:08,848.3,103552
2021-06-10 09:17:09,848.15,103984
2021-06-10 09:17:09,848.1,104249
2021-06-10 09:17:10,848.0,104356
2021-06-10 09:17:11,848.0,104441
2021-06-10 09:17:13,848.15,104835
2021-06-10 09:17:14,848.2,105466
2021-06-10 09:17:15,848.45,105883
2021-06-10 09:17:16,848.2,110276
2021-06-10 09:17:18,847.8,111482
2021-06-10 09:17:19,848.25,111832
2021-06-10 09:17:19,848.25,111832
2021-06-10 09:17:20,848.65,114057
2021-06-10 09:17:21,848.65,114628
2021-06-10 09:17:23,848.65,114628
2021-06-10 09:17:24,848.65,114629
2021-06-10 09:17:25,848.65,114629
2021-06-10 09:17:26,848.85,114779
2021-06-10 09:17:28,848.85,114789
2021-06-10 09:17:29,848.7,114799
2021-06-10 09:17:30,848.7,115713
2021-06-10 09:17:32,848.7,116300
2021-06-10 09:17:33,848.8,116495
2021-06-10 09:17:34,848.85,116667
2021-06-10 09:17:35,848.7,116703
2021-06-10 09:17:37,848.75,116758
2021-06-10 09:17:38,848.75,116876
2021-06-10 09:17:39,848.7,117926
2021-06-10 09:17:40,848.75,118157
2021-06-10 09:17:42,848.7,118158
2021-06-10 09:17:43,849.35,123637
2021-06-10 09:17:44,848.85,126756
2021-06-10 09:17:45,848.9,126877
2021-06-10 09:17:46,849.3,128629
2021-06-10 09:17:48,849.2,129356
2021-06-10 09:17:49,849.4,129758
2021-06-10 09:17:50,849.4,129758
2021-06-10 09:17:51,849.6,129963
2021-06-10 09:17:51,849.6,129963
2021-06-10 09:17:54,849.75,130143
2021-06-10 09:17:55,849.8,130685
2021-06-10 09:17:56,849.5,130694
2021-06-10 09:17:56,849.7,131134
2021-06-10 09:17:57,849.7,132499
2021-06-10 09:17:58,849.5,133063
2021-06-10 09:18:00,849.5,133063
2021-06-10 09:18:01,849.6,133120
2021-06-10 09:18:02,849.55,133168
2021-06-10 09:18:02,849.55,133168
2021-06-10 09:18:05,849.8,134683
2021-06-10 09:18:06,849.9,139145
2021-06-10 09:18:07,850.35,140789
2021-06-10 09:18:07,850.35,140789
2021-06-10 09:18:08,850.35,140802
2021-06-10 09:18:11,851.2,145856
2021-06-10 09:18:12,851.0,147282
2021-06-10 09:18:12,851.0,147282
2021-06-10 09:18:13,851.5,147702
2021-06-10 09:18:15,851.05,147902
2021-06-10 09:18:16,851.45,148001
2021-06-10 09:18:17,851.05,148571
2021-06-10 09:18:18,851.4,148671
2021-06-10 09:18:18,851.05,149240
2021-06-10 09:18:19,851.05,149571
2021-06-10 09:18:21,851.05,149851
2021-06-10 09:18:22,851.45,149985
2021-06-10 09:18:23,851.45,150297
2021-06-10 09:18:23,851.45,150297
2021-06-10 09:18:24,851.05,150331
2021-06-10 09:18:26,850.85,153793
2021-06-10 09:18:27,850.85,155088
2021-06-10 09:18:28,851.25,156690
2021-06-10 09:18:29,851.0,157413
2021-06-10 09:18:31,851.0,157644
2021-06-10 09:18:32,850.55,158144
2021-06-10 09:18:33,851.0,159371
2021-06-10 09:18:34,851.15,159406
2021-06-10 09:18:34,851.3,159456
2021-06-10 09:18:35,851.1,159645
2021-06-10 09:18:37,850.7,159870
2021-06-10 09:18:38,851.25,159987
2021-06-10 09:18:39,851.0,160066
2021-06-10 09:18:40,851.0,160071
2021-06-10 09:18:41,851.25,160186
2021-06-10 09:18:44,851.0,160635
2021-06-10 09:18:45,851.0,160990
2021-06-10 09:18:45,851.0,161423
2021-06-10 09:18:46,851.2,161523
2021-06-10 09:18:48,851.2,161548
2021-06-10 09:18:49,851.2,161658
2021-06-10 09:18:50,851.15,162063
2021-06-10 09:18:50,851.2,162143
2021-06-10 09:18:51,851.05,162524
2021-06-10 09:18:53,851.05,162524
2021-06-10 09:18:55,851.2,162738
2021-06-10 09:18:55,851.2,162738
2021-06-10 09:18:56,851.2,162938
2021-06-10 09:19:00,851.3,173157
2021-06-10 09:19:00,851.35,174582
2021-06-10 09:19:01,851.55,174632
2021-06-10 09:19:05,851.6,175147
2021-06-10 09:19:05,851.6,175247
2021-06-10 09:19:06,851.6,175699
2021-06-10 09:19:09,851.5,175823
2021-06-10 09:19:10,851.5,175879
2021-06-10 09:19:10,851.5,175879
2021-06-10 09:19:11,851.4,177179
2021-06-10 09:19:14,851.55,178083
2021-06-10 09:19:15,851.6,178591
2021-06-10 09:19:15,851.6,178591
2021-06-10 09:19:16,851.4,178731
2021-06-10 09:19:18,852.1,181362
2021-06-10 09:19:20,851.6,182119
2021-06-10 09:19:20,852.15,182743
2021-06-10 09:19:21,851.7,182978
2021-06-10 09:19:22,851.95,183622
2021-06-10 09:19:24,851.7,183663
2021-06-10 09:19:26,851.55,186657
2021-06-10 09:19:26,851.55,186657
2021-06-10 09:19:27,852.0,186665
2021-06-10 09:19:29,852.0,186685
2021-06-10 09:19:30,851.95,186845
2021-06-10 09:19:32,852.0,187088
2021-06-10 09:19:33,851.9,187263
2021-06-10 09:19:34,851.9,187516
2021-06-10 09:19:36,852.0,187524
2021-06-10 09:19:37,852.2,187924
2021-06-10 09:19:39,852.1,189842
2021-06-10 09:19:39,852.0,189824
2021-06-10 09:19:41,852.0,190504
2021-06-10 09:19:42,852.1,190567
2021-06-10 09:19:43,851.85,195157
2021-06-10 09:19:44,851.45,196768
2021-06-10 09:19:46,851.45,196822
2021-06-10 09:19:47,851.45,197226
2021-06-10 09:19:48,851.2,197609
2021-06-10 09:19:49,851.45,197798
2021-06-10 09:19:51,851.45,197798
2021-06-10 09:19:52,851.2,197833
2021-06-10 09:19:53,851.0,200185
2021-06-10 09:19:54,850.9,201024
2021-06-10 09:19:54,850.9,201461
2021-06-10 09:19:56,850.9,201522
2021-06-10 09:19:57,851.1,201602
2021-06-10 09:19:58,850.6,202102
2021-06-10 09:19:59,850.9,202895
2021-06-10 09:19:59,851.0,202920
2021-06-10 09:20:03,850.35,204075
2021-06-10 09:20:04,850.45,204168
2021-06-10 09:20:04,850.45,204168
2021-06-10 09:20:06,850.45,204168
2021-06-10 09:20:07,850.45,204177
2021-06-10 09:20:09,850.65,204453
2021-06-10 09:20:09,850.45,205082
2021-06-10 09:20:11,850.45,205158
2021-06-10 09:20:12,850.45,205479
2021-06-10 09:20:13,850.4,205606
2021-06-10 09:20:14,850.65,206610
2021-06-10 09:20:14,850.65,206610
2021-06-10 09:20:16,850.6,207213
2021-06-10 09:20:17,850.6,207872
2021-06-10 09:20:18,851.0,207891
2021-06-10 09:20:19,851.05,208184
2021-06-10 09:20:19,851.05,208184
2021-06-10 09:20:21,851.05,208184
2021-06-10 09:20:22,850.95,208228
2021-06-10 09:20:23,851.0,208323
2021-06-10 09:20:24,851.0,208369
2021-06-10 09:20:25,851.05,208637
2021-06-10 09:20:26,851.4,208896
2021-06-10 09:20:26,851.4,208896
2021-06-10 09:20:28,851.5,209392
2021-06-10 09:20:29,851.95,209412
2021-06-10 09:20:30,851.95,209412
2021-06-10 09:20:31,852.0,209601
2021-06-10 09:20:32,852.0,209787
2021-06-10 09:20:32,852.0,209787
2021-06-10 09:20:34,852.0,210215
2021-06-10 09:20:35,852.0,210415
2021-06-10 09:20:36,852.5,214202
2021-06-10 09:20:37,852.15,215056
2021-06-10 09:20:38,852.65,215565
2021-06-10 09:20:38,852.65,215646
2021-06-10 09:20:41,852.65,215888
2021-06-10 09:20:42,852.6,215939
2021-06-10 09:20:43,852.65,216110
2021-06-10 09:20:43,851.95,218972
2021-06-10 09:20:46,851.85,219886
2021-06-10 09:20:47,851.65,219941
2021-06-10 09:20:48,851.45,219968
2021-06-10 09:20:48,851.45,219968
2021-06-10 09:20:51,851.65,221340
2021-06-10 09:20:52,851.65,221340
2021-06-10 09:20:53,851.65,221340
2021-06-10 09:20:53,851.65,221340
2021-06-10 09:20:55,851.55,221570
2021-06-10 09:20:56,851.55,222080
2021-06-10 09:20:57,849.95,237272
2021-06-10 09:20:58,850.0,240161
2021-06-10 09:20:58,850.0,240161
2021-06-10 09:21:00,850.15,240168
2021-06-10 09:21:01,849.7,240706
2021-06-10 09:21:02,850.0,241011
2021-06-10 09:21:03,849.95,241046
2021-06-10 09:21:03,849.95,241046
2021-06-10 09:21:05,849.95,241076
2021-06-10 09:21:06,849.55,241131
2021-06-10 09:21:07,850.05,241341
2021-06-10 09:21:08,850.05,241341
2021-06-10 09:21:08,849.6,241351
2021-06-10 09:21:10,850.0,241461
2021-06-10 09:21:11,849.7,241561
2021-06-10 09:21:12,849.65,241896
2021-06-10 09:21:13,849.65,241906
2021-06-10 09:21:13,849.65,241906
2021-06-10 09:21:15,849.9,241931
2021-06-10 09:21:16,849.9,241931
2021-06-10 09:21:17,849.65,242286
2021-06-10 09:21:18,849.9,242572
2021-06-10 09:21:18,849.9,242572
2021-06-10 09:21:20,849.9,242572
2021-06-10 09:21:21,849.9,242577
2021-06-10 09:21:22,849.95,243239
2021-06-10 09:21:23,849.65,243641
2021-06-10 09:21:24,849.65,243641
2021-06-10 09:21:24,849.65,243641
2021-06-10 09:21:26,849.65,243641
2021-06-10 09:21:27,850.0,243863
2021-06-10 09:21:28,850.0,243863
2021-06-10 09:21:29,849.9,245213
2021-06-10 09:21:29,849.9,245213
2021-06-10 09:21:31,849.95,245218
2021-06-10 09:21:32,849.9,245398
2021-06-10 09:21:33,849.95,245403
2021-06-10 09:21:34,850.0,246708
2021-06-10 09:21:34,849.85,247249
2021-06-10 09:21:36,850.0,247384
2021-06-10 09:21:37,849.95,247414
2021-06-10 09:21:38,849.95,247414
2021-06-10 09:21:39,849.95,247435
2021-06-10 09:21:40,849.95,247435
2021-06-10 09:21:41,849.95,247435
2021-06-10 09:21:42,849.95,247435
2021-06-10 09:21:43,849.95,247435
2021-06-10 09:21:44,850.0,248496
2021-06-10 09:21:45,850.1,249299
2021-06-10 09:21:45,850.1,249299
2021-06-10 09:21:47,850.2,250340
2021-06-10 09:21:48,850.15,250740
2021-06-10 09:21:49,850.1,250940
2021-06-10 09:21:50,850.6,250964
2021-06-10 09:21:51,850.6,250984
2021-06-10 09:21:52,850.6,250984
2021-06-10 09:21:54,850.6,250984
2021-06-10 09:21:53,850.6,250984
2021-06-10 09:21:55,850.45,252324
2021-06-10 09:21:56,850.45,252324
2021-06-10 09:21:57,850.55,252673
2021-06-10 09:21:58,850.6,253192
2021-06-10 09:21:59,850.6,253210
2021-06-10 09:22:00,850.6,253210
2021-06-10 09:22:01,850.6,253236
2021-06-10 09:22:02,850.4,254262
2021-06-10 09:22:03,850.6,254403
2021-06-10 09:22:04,850.6,254403
2021-06-10 09:22:05,850.6,254714
2021-06-10 09:22:06,850.5,256043
2021-06-10 09:22:07,850.5,256764
2021-06-10 09:22:08,850.4,258371
2021-06-10 09:22:09,850.4,258371
2021-06-10 09:22:10,850.3,259071
2021-06-10 09:22:11,850.65,259664
2021-06-10 09:22:12,850.75,259665
2021-06-10 09:22:13,850.6,259670
2021-06-10 09:22:14,850.6,259670
2021-06-10 09:22:15,850.2,259933
2021-06-10 09:22:16,850.2,259933
2021-06-10 09:22:17,850.6,260033
2021-06-10 09:22:18,850.6,260033
2021-06-10 09:22:19,850.6,260033
2021-06-10 09:22:20,850.25,260051
2021-06-10 09:22:21,850.6,260089
2021-06-10 09:22:22,850.6,260089
2021-06-10 09:22:23,850.25,260094
2021-06-10 09:22:25,850.6,260294
2021-06-10 09:22:26,850.6,260394
2021-06-10 09:22:27,850.6,260459
2021-06-10 09:22:28,850.7,260741
2021-06-10 09:22:29,850.7,260741
2021-06-10 09:22:30,850.7,260741
2021-06-10 09:22:31,850.7,260741
2021-06-10 09:22:32,850.7,260841
2021-06-10 09:22:33,850.85,261313
2021-06-10 09:22:34,850.85,261541
2021-06-10 09:22:35,850.85,261541
2021-06-10 09:22:36,850.85,261591
2021-06-10 09:22:37,850.85,261606
2021-06-10 09:22:38,850.85,261606
2021-06-10 09:22:39,850.9,262142
2021-06-10 09:22:40,850.9,262142
2021-06-10 09:22:41,850.9,262142
2021-06-10 09:22:42,850.6,263452
2021-06-10 09:22:43,850.85,264079
2021-06-10 09:22:44,850.85,264079
2021-06-10 09:22:46,850.85,264079
2021-06-10 09:22:47,850.6,264081
2021-06-10 09:22:48,850.75,264152
2021-06-10 09:22:49,850.6,266504
2021-06-10 09:22:50,850.05,268244
2021-06-10 09:22:51,850.05,268244
2021-06-10 09:22:52,850.6,268469
2021-06-10 09:22:53,850.25,268649
2021-06-10 09:22:54,850.25,268649
2021-06-10 09:22:55,850.25,268649
2021-06-10 09:22:56,850.4,268688
2021-06-10 09:22:57,850.4,268688
2021-06-10 09:22:58,850.4,268688
2021-06-10 09:22:59,850.4,268688
2021-06-10 09:23:00,850.35,268713
2021-06-10 09:23:01,850.35,268716
2021-06-10 09:23:02,850.1,268810
2021-06-10 09:23:03,850.1,268810
2021-06-10 09:23:04,850.1,268810
2021-06-10 09:23:05,850.35,269090
2021-06-10 09:23:07,850.25,269140
2021-06-10 09:23:08,850.3,269142
2021-06-10 09:23:09,850.25,269205
2021-06-10 09:23:10,850.35,269612
2021-06-10 09:23:11,850.25,269958
2021-06-10 09:23:12,850.25,271387
2021-06-10 09:23:13,850.25,271387
2021-06-10 09:23:14,850.25,271731
2021-06-10 09:23:15,850.25,271737
2021-06-10 09:23:16,850.25,271937
2021-06-10 09:23:17,850.35,272399
2021-06-10 09:23:18,850.35,272424
2021-06-10 09:23:19,850.35,272424
2021-06-10 09:23:20,850.2,272429
2021-06-10 09:23:21,850.2,272429
2021-06-10 09:23:22,850.2,272429
2021-06-10 09:23:23,850.2,273729
2021-06-10 09:23:24,850.2,273729
2021-06-10 09:23:25,850.2,273729
2021-06-10 09:23:26,850.25,274121
2021-06-10 09:23:27,850.25,274121
2021-06-10 09:23:28,850.2,274134
2021-06-10 09:23:29,850.25,274603
2021-06-10 09:23:30,850.2,275001
2021-06-10 09:23:31,850.2,275001
2021-06-10 09:23:32,850.25,275227
2021-06-10 09:23:33,850.2,275247
2021-06-10 09:23:34,850.2,275247
2021-06-10 09:23:35,850.2,275247
2021-06-10 09:23:36,850.2,275248
2021-06-10 09:23:37,850.2,275248
2021-06-10 09:23:38,850.25,275308
2021-06-10 09:23:39,850.25,275308
2021-06-10 09:23:40,850.2,276608
2021-06-10 09:23:41,850.25,276660
2021-06-10 09:23:42,850.2,276674
2021-06-10 09:23:43,850.2,276694
2021-06-10 09:23:44,850.2,277994
2021-06-10 09:23:45,850.15,278523
2021-06-10 09:23:46,850.25,278533
2021-06-10 09:23:47,850.25,278533
2021-06-10 09:23:48,850.25,278533
2021-06-10 09:23:49,850.15,278543
2021-06-10 09:23:50,850.15,278543
2021-06-10 09:23:51,850.25,279466
2021-06-10 09:23:52,850.25,279466
2021-06-10 09:23:53,850.25,279466
2021-06-10 09:23:54,850.25,279466
2021-06-10 09:23:55,850.25,279466
2021-06-10 09:23:56,850.25,279466
2021-06-10 09:23:57,850.15,280860
2021-06-10 09:23:58,850.25,281327
2021-06-10 09:23:59,850.25,281327
2021-06-10 09:24:01,850.2,281530
2021-06-10 09:24:02,850.2,281530
2021-06-10 09:24:03,850.25,281730
2021-06-10 09:24:04,850.3,281740
2021-06-10 09:24:05,850.3,281830
2021-06-10 09:24:06,850.45,282281
2021-06-10 09:24:08,850.45,282331
2021-06-10 09:24:08,850.45,282331
2021-06-10 09:24:09,850.75,282723
2021-06-10 09:24:10,850.55,282748
2021-06-10 09:24:11,850.55,282748
2021-06-10 09:24:12,850.5,282778
2021-06-10 09:24:13,850.5,282778
2021-06-10 09:24:14,850.5,282778
2021-06-10 09:24:15,850.85,282799
2021-06-10 09:24:16,850.85,282799
2021-06-10 09:24:17,850.85,282799
2021-06-10 09:24:18,850.55,283318
2021-06-10 09:24:20,850.45,283424
2021-06-10 09:24:19,850.45,283424
2021-06-10 09:24:21,850.45,283804
2021-06-10 09:24:22,850.45,283804
2021-06-10 09:24:23,850.6,283805
2021-06-10 09:24:24,850.6,283805
2021-06-10 09:24:25,850.6,285187
2021-06-10 09:24:26,850.5,285207
2021-06-10 09:24:27,850.5,285221
2021-06-10 09:24:28,850.5,285221
2021-06-10 09:24:29,850.6,285236
2021-06-10 09:24:30,850.6,285236
2021-06-10 09:24:31,850.6,285286
2021-06-10 09:24:32,850.6,285287
2021-06-10 09:24:33,850.5,285627
2021-06-10 09:24:34,850.6,286862
2021-06-10 09:24:35,850.6,286862
2021-06-10 09:24:36,850.6,286862
2021-06-10 09:24:38,850.4,289007
2021-06-10 09:24:39,850.7,289022
2021-06-10 09:24:40,850.35,289823
2021-06-10 09:24:41,850.05,295092
2021-06-10 09:24:43,849.95,296098
2021-06-10 09:24:44,849.65,296119
2021-06-10 09:24:45,849.65,296119
2021-06-10 09:24:46,849.65,296119
2021-06-10 09:24:47,850.0,296378
2021-06-10 09:24:48,850.0,296378
2021-06-10 09:24:49,850.1,297104
2021-06-10 09:24:50,850.0,297164
2021-06-10 09:24:51,850.0,297164
2021-06-10 09:24:52,850.0,297164
2021-06-10 09:24:53,850.0,297164
2021-06-10 09:24:54,850.3,297184
2021-06-10 09:24:55,850.3,297184
2021-06-10 09:24:56,850.3,297184
2021-06-10 09:24:57,850.0,297197
2021-06-10 09:24:58,850.4,297534
2021-06-10 09:25:00,850.0,298322
2021-06-10 09:25:00,850.0,297984
2021-06-10 09:25:01,850.0,298436
2021-06-10 09:25:02,850.0,298436
2021-06-10 09:25:03,850.3,300336
2021-06-10 09:25:04,850.0,300716
2021-06-10 09:25:05,850.0,300716
2021-06-10 09:25:06,850.0,300716
2021-06-10 09:25:07,850.0,306968
2021-06-10 09:25:08,850.3,308036
2021-06-10 09:25:09,851.0,309036
2021-06-10 09:25:10,851.0,309036
2021-06-10 09:25:11,851.0,309036
2021-06-10 09:25:12,850.6,309076
2021-06-10 09:25:13,850.6,309550
2021-06-10 09:25:14,850.6,309550
2021-06-10 09:25:15,850.45,309671
2021-06-10 09:25:16,850.55,309689
2021-06-10 09:25:17,850.55,309690
2021-06-10 09:25:18,850.55,309690
2021-06-10 09:25:19,850.55,309690
2021-06-10 09:25:20,850.55,309690
2021-06-10 09:25:21,850.55,309705
2021-06-10 09:25:22,850.55,309705
2021-06-10 09:25:23,850.55,309705
2021-06-10 09:25:24,850.55,309711
2021-06-10 09:25:25,850.55,309892
2021-06-10 09:25:26,850.55,309892
2021-06-10 09:25:29,850.35,310080
2021-06-10 09:25:30,850.55,310083
2021-06-10 09:25:31,850.55,310083
2021-06-10 09:25:32,850.35,310387
2021-06-10 09:25:33,850.35,310387
2021-06-10 09:25:34,850.35,310387
2021-06-10 09:25:35,850.65,310943
2021-06-10 09:25:36,850.7,310993
2021-06-10 09:25:37,850.7,310993
2021-06-10 09:25:38,850.5,311093
2021-06-10 09:25:39,850.7,311418
2021-06-10 09:25:40,850.5,311809
2021-06-10 09:25:41,850.5,312177
2021-06-10 09:25:42,850.5,312291
2021-06-10 09:25:43,850.8,312292
2021-06-10 09:25:44,850.8,312292
2021-06-10 09:25:45,851.1,319259
2021-06-10 09:25:46,850.5,320467
2021-06-10 09:25:47,851.0,320479
2021-06-10 09:25:48,851.0,320681
2021-06-10 09:25:49,851.0,320681
2021-06-10 09:25:50,851.1,320961
2021-06-10 09:25:52,851.05,321189
2021-06-10 09:25:53,850.85,323015
2021-06-10 09:25:54,850.55,323464
2021-06-10 09:25:55,850.55,323666
2021-06-10 09:25:56,850.55,323768
2021-06-10 09:25:57,850.25,325352
2021-06-10 09:25:57,850.2,325532
2021-06-10 09:25:58,849.8,325934
2021-06-10 09:25:59,850.2,325964
2021-06-10 09:26:00,850.05,325967
2021-06-10 09:26:02,850.05,325967
2021-06-10 09:26:03,850.05,325967
2021-06-10 09:26:04,850.05,325967
2021-06-10 09:26:05,850.0,325977
2021-06-10 09:26:06,848.7,331183
2021-06-10 09:26:07,848.0,334278
2021-06-10 09:26:09,847.85,334803
2021-06-10 09:26:09,848.2,334844
2021-06-10 09:26:10,848.25,334894
2021-06-10 09:26:11,848.25,334894
2021-06-10 09:26:12,847.8,335294
2021-06-10 09:26:13,847.8,335454
2021-06-10 09:26:14,847.8,335657
2021-06-10 09:26:15,848.3,335727
2021-06-10 09:26:16,848.0,335842
2021-06-10 09:26:17,847.8,336144
2021-06-10 09:26:18,847.8,336144
2021-06-10 09:26:19,848.25,336164
2021-06-10 09:26:23,847.95,336844
2021-06-10 09:26:24,849.25,343040
2021-06-10 09:26:25,848.55,347924
2021-06-10 09:26:26,847.95,348614
2021-06-10 09:26:27,848.15,348672
2021-06-10 09:26:28,848.5,348861
2021-06-10 09:26:29,848.5,348861
2021-06-10 09:26:30,848.5,348988
2021-06-10 09:26:31,848.5,351715
2021-06-10 09:26:32,848.5,352262
2021-06-10 09:26:33,848.5,352262
2021-06-10 09:26:34,849.0,358670
2021-06-10 09:26:35,848.9,360016
2021-06-10 09:26:36,848.9,360166
2021-06-10 09:26:37,848.5,360216
2021-06-10 09:26:38,848.5,360397
2021-06-10 09:26:39,848.8,360402
2021-06-10 09:26:40,848.8,360402
2021-06-10 09:26:41,848.5,360552
2021-06-10 09:26:42,848.5,360552
2021-06-10 09:26:44,848.5,360562
2021-06-10 09:26:45,848.95,361162
2021-06-10 09:26:46,848.95,361162
2021-06-10 09:26:47,848.5,361181
2021-06-10 09:26:48,848.5,361788
2021-06-10 09:26:49,848.5,361817
2021-06-10 09:26:50,848.0,367781
2021-06-10 09:26:51,847.55,369139
2021-06-10 09:26:52,847.55,369177
2021-06-10 09:26:54,847.3,369535
2021-06-10 09:26:55,847.7,370237
2021-06-10 09:26:57,848.8,374229
2021-06-10 09:26:58,848.6,374832
2021-06-10 09:26:59,847.9,375842
2021-06-10 09:27:01,848.45,375897
2021-06-10 09:27:01,848.45,375897
2021-06-10 09:27:02,848.7,376897
2021-06-10 09:27:04,848.0,377332
2021-06-10 09:27:04,848.1,377596
2021-06-10 09:27:05,848.2,377617
2021-06-10 09:27:06,848.2,377617
2021-06-10 09:27:07,848.5,377922
2021-06-10 09:27:09,847.6,383997
2021-06-10 09:27:11,848.1,384247
2021-06-10 09:27:12,847.55,384259
2021-06-10 09:27:12,847.55,384265
2021-06-10 09:27:13,847.55,384265
2021-06-10 09:27:14,847.55,384265
2021-06-10 09:27:15,847.85,384296
2021-06-10 09:27:16,847.85,384296
2021-06-10 09:27:17,847.85,384546
2021-06-10 09:27:19,847.85,384546
2021-06-10 09:27:20,847.55,384646
2021-06-10 09:27:21,847.55,384746
2021-06-10 09:27:22,847.95,386560
2021-06-10 09:27:22,847.4,386580
2021-06-10 09:27:23,847.95,387567
2021-06-10 09:27:24,847.95,387577
2021-06-10 09:27:25,847.4,388259
2021-06-10 09:27:26,847.4,388319
2021-06-10 09:27:27,847.4,388319
2021-06-10 09:27:28,847.4,388319
2021-06-10 09:27:29,847.4,388319
2021-06-10 09:27:31,847.95,389459
2021-06-10 09:27:32,847.55,390823
2021-06-10 09:27:33,847.45,391199
2021-06-10 09:27:34,847.95,391224
2021-06-10 09:27:35,847.95,391235
2021-06-10 09:27:36,847.95,391235
2021-06-10 09:27:37,847.55,391435
2021-06-10 09:27:38,847.55,391935
2021-06-10 09:27:39,847.55,391983
2021-06-10 09:27:40,847.55,392034
2021-06-10 09:27:41,847.55,392044
2021-06-10 09:27:42,847.55,392113
2021-06-10 09:27:43,847.55,392113
2021-06-10 09:27:44,847.55,392113
2021-06-10 09:27:45,847.55,392113
2021-06-10 09:27:46,847.75,392224
2021-06-10 09:27:48,847.75,392334
2021-06-10 09:27:48,847.75,392634
2021-06-10 09:27:50,847.55,392639
2021-06-10 09:27:51,847.55,392639
2021-06-10 09:27:52,847.55,392639
2021-06-10 09:27:53,847.55,392639
2021-06-10 09:27:54,847.65,392704
2021-06-10 09:27:55,847.55,393138
2021-06-10 09:27:56,847.75,393660
2021-06-10 09:27:57,847.4,396442
2021-06-10 09:27:58,847.3,396871
2021-06-10 09:27:59,847.5,397181
2021-06-10 09:28:00,847.5,397261
2021-06-10 09:28:01,848.0,399717
2021-06-10 09:28:02,847.7,399867
2021-06-10 09:28:03,847.7,399867
2021-06-10 09:28:04,847.7,399867
2021-06-10 09:28:05,848.0,400559
2021-06-10 09:28:06,847.3,401859
2021-06-10 09:28:07,847.45,403051
2021-06-10 09:28:08,847.45,403051
2021-06-10 09:28:09,847.45,403051
2021-06-10 09:28:10,847.45,403051
2021-06-10 09:28:11,847.7,403766
2021-06-10 09:28:11,847.7,403766
2021-06-10 09:28:13,847.2,403816
2021-06-10 09:28:14,847.7,403892
2021-06-10 09:28:15,847.3,405252
2021-06-10 09:28:17,847.3,405252
2021-06-10 09:28:18,847.15,405777
2021-06-10 09:28:19,847.15,405777
2021-06-10 09:28:20,847.3,406478
2021-06-10 09:28:21,847.65,406505
2021-06-10 09:28:22,847.35,406546
2021-06-10 09:28:25,847.35,406567
2021-06-10 09:28:26,847.35,406567
2021-06-10 09:28:27,847.35,406704
2021-06-10 09:28:28,847.65,406904
2021-06-10 09:28:28,847.65,406904
2021-06-10 09:28:31,847.35,407104
2021-06-10 09:28:31,847.35,407104
2021-06-10 09:28:32,847.35,407104
2021-06-10 09:28:36,847.35,407104
2021-06-10 09:28:37,847.35,407104
2021-06-10 09:28:38,847.4,407429
2021-06-10 09:28:39,847.4,407429
2021-06-10 09:28:40,847.5,407730
2021-06-10 09:28:41,847.7,408004
2021-06-10 09:28:42,847.45,408401
2021-06-10 09:28:43,847.4,409701
2021-06-10 09:28:44,847.85,410042
2021-06-10 09:28:44,847.85,410042
2021-06-10 09:28:45,847.95,410110
2021-06-10 09:28:47,848.0,410894
2021-06-10 09:28:48,848.0,410924
2021-06-10 09:28:49,848.2,411104
2021-06-10 09:28:50,848.2,411104
2021-06-10 09:28:51,848.05,411179
2021-06-10 09:28:52,848.05,411179
2021-06-10 09:28:53,847.75,411309
2021-06-10 09:28:54,847.75,411309
2021-06-10 09:28:55,848.0,411360
2021-06-10 09:28:56,847.95,422773
2021-06-10 09:28:57,848.1,425744
2021-06-10 09:28:57,848.1,425744
2021-06-10 09:28:58,848.1,425744
2021-06-10 09:28:59,848.4,426744
2021-06-10 09:29:00,848.4,426744
2021-06-10 09:29:01,848.0,427143
2021-06-10 09:29:02,848.3,427345
2021-06-10 09:29:03,848.3,427345
2021-06-10 09:29:04,848.9,430792
2021-06-10 09:29:05,848.55,431436
2021-06-10 09:29:06,848.55,431436
2021-06-10 09:29:07,848.55,431436
2021-06-10 09:29:08,848.55,431436
2021-06-10 09:29:09,848.55,431436
2021-06-10 09:29:10,848.5,431446
2021-06-10 09:29:11,848.5,431446
2021-06-10 09:29:13,848.95,431737
2021-06-10 09:29:14,848.95,431737
2021-06-10 09:29:15,848.7,432497
2021-06-10 09:29:16,848.7,432497
2021-06-10 09:29:16,848.7,432497
2021-06-10 09:29:17,848.7,432497
2021-06-10 09:29:19,848.7,432497
2021-06-10 09:29:20,849.2,432772
2021-06-10 09:29:21,849.2,433045
2021-06-10 09:29:22,849.2,433045
2021-06-10 09:29:22,849.2,433045
2021-06-10 09:29:23,849.2,433046
2021-06-10 09:29:24,849.3,433213
2021-06-10 09:29:25,849.3,433213
2021-06-10 09:29:26,849.3,433213
2021-06-10 09:29:27,849.3,433213
2021-06-10 09:29:28,849.45,433846
2021-06-10 09:29:30,849.75,434421
2021-06-10 09:29:31,849.8,434592
2021-06-10 09:29:32,849.8,434592
2021-06-10 09:29:33,849.35,434929
2021-06-10 09:29:34,849.4,435029
2021-06-10 09:29:36,849.4,435967
2021-06-10 09:29:37,849.8,436561
2021-06-10 09:29:39,849.8,436662
2021-06-10 09:29:40,849.8,436699
2021-06-10 09:29:41,849.9,436884
2021-06-10 09:29:42,850.0,437291
2021-06-10 09:29:43,849.9,437499
2021-06-10 09:29:44,849.9,437499
2021-06-10 09:29:45,849.65,437549
2021-06-10 09:29:47,849.9,437649
2021-06-10 09:29:48,849.9,437649
2021-06-10 09:29:49,850.0,438187
2021-06-10 09:29:50,849.6,438313
2021-06-10 09:29:51,849.8,439655
2021-06-10 09:29:52,849.9,440394
2021-06-10 09:29:52,849.9,440396
2021-06-10 09:29:53,849.9,440412
2021-06-10 09:29:54,849.9,440412
2021-06-10 09:29:55,849.95,440706
2021-06-10 09:29:57,849.9,440850
2021-06-10 09:29:58,849.9,440850
2021-06-10 09:29:59,849.6,440870
2021-06-10 09:30:01,849.4,443748
2021-06-10 09:30:01,849.55,443749
2021-06-10 09:30:02,849.55,443749
2021-06-10 09:30:03,849.55,443862
2021-06-10 09:30:04,849.55,443862
2021-06-10 09:30:05,849.4,443885
2021-06-10 09:30:06,849.5,443935
2021-06-10 09:30:08,849.75,447927
2021-06-10 09:30:09,849.75,449693
2021-06-10 09:30:10,849.45,449905
2021-06-10 09:30:12,849.45,449905
2021-06-10 09:30:13,849.55,449930
2021-06-10 09:30:13,849.45,449905
2021-06-10 09:30:14,849.55,449930
2021-06-10 09:30:15,850.1,455294
2021-06-10 09:30:16,850.35,456340
2021-06-10 09:30:17,850.35,456354
2021-06-10 09:30:19,850.0,456554
2021-06-10 09:30:20,850.0,456804
2021-06-10 09:30:20,850.0,456804
2021-06-10 09:30:21,850.0,456804
2021-06-10 09:30:22,850.0,456804
2021-06-10 09:30:23,850.0,456804
2021-06-10 09:30:24,850.25,456814
2021-06-10 09:30:25,850.0,456940
2021-06-10 09:30:27,850.25,457077
2021-06-10 09:30:28,850.0,457090
2021-06-10 09:30:29,850.0,457190
2021-06-10 09:30:31,850.15,457215
2021-06-10 09:30:32,850.4,459933
2021-06-10 09:30:33,850.1,460439
2021-06-10 09:30:34,850.3,460441
2021-06-10 09:30:35,850.5,460446
2021-06-10 09:30:36,850.35,461389
2021-06-10 09:30:37,850.35,461635
2021-06-10 09:30:38,850.85,462924
2021-06-10 09:30:39,850.9,463465
2021-06-10 09:30:40,850.75,463729
2021-06-10 09:30:41,851.0,464031
2021-06-10 09:30:42,850.8,464376
2021-06-10 09:30:43,851.0,464488
2021-06-10 09:30:44,851.0,464488
2021-06-10 09:30:45,851.5,464739
2021-06-10 09:30:46,851.5,466875
2021-06-10 09:30:47,851.75,467437
2021-06-10 09:30:48,851.85,468011
2021-06-10 09:30:49,851.5,468885
2021-06-10 09:30:50,851.95,469454
2021-06-10 09:30:51,851.55,469513
2021-06-10 09:30:52,852.0,470559
2021-06-10 09:30:53,851.95,471085
2021-06-10 09:30:54,851.9,471185
2021-06-10 09:30:55,851.9,471185
2021-06-10 09:30:56,851.95,471485
2021-06-10 09:30:57,851.6,471614
2021-06-10 09:30:58,851.6,471639
2021-06-10 09:30:59,851.9,471641
2021-06-10 09:31:00,851.95,471845
2021-06-10 09:31:01,852.0,472035
2021-06-10 09:31:02,852.0,472035
2021-06-10 09:31:03,852.0,472488
2021-06-10 09:31:04,851.9,472744
2021-06-10 09:31:05,852.0,472819
2021-06-10 09:31:09,852.0,474255
2021-06-10 09:31:10,852.05,476162
2021-06-10 09:31:11,852.05,476162
2021-06-10 09:31:12,852.05,476162
2021-06-10 09:31:13,851.7,476252
2021-06-10 09:31:15,851.95,477565
2021-06-10 09:31:16,852.0,478101
2021-06-10 09:31:17,853.0,483576
2021-06-10 09:31:19,852.25,487737
2021-06-10 09:31:20,851.9,489676
2021-06-10 09:31:21,851.8,490202
2021-06-10 09:31:22,851.95,490806
2021-06-10 09:31:23,852.4,491060
2021-06-10 09:31:24,852.4,491182
2021-06-10 09:31:25,852.55,491243
2021-06-10 09:31:27,852.6,491443
2021-06-10 09:31:28,852.55,491850
2021-06-10 09:31:28,852.15,492068
2021-06-10 09:31:29,852.05,492078
2021-06-10 09:31:30,852.15,492188
2021-06-10 09:31:32,852.2,492329
2021-06-10 09:31:33,852.2,492329
2021-06-10 09:31:34,852.55,492604
2021-06-10 09:31:35,852.45,493647
2021-06-10 09:31:36,852.0,493824
2021-06-10 09:31:37,852.2,493874
2021-06-10 09:31:39,852.2,493897
2021-06-10 09:31:40,852.2,493907
2021-06-10 09:31:41,852.2,494007
2021-06-10 09:31:42,852.2,494062
2021-06-10 09:31:43,852.2,494205
2021-06-10 09:31:44,852.0,494367
2021-06-10 09:31:45,852.0,494367
2021-06-10 09:31:46,852.3,495481
2021-06-10 09:31:47,852.0,495694
2021-06-10 09:31:48,852.25,495737
2021-06-10 09:31:49,852.25,495737
2021-06-10 09:31:50,852.0,495806
2021-06-10 09:31:51,852.25,495850
2021-06-10 09:31:52,852.25,495850
2021-06-10 09:31:53,852.25,496194
2021-06-10 09:31:54,852.0,496471
2021-06-10 09:31:55,852.0,496621
2021-06-10 09:31:56,852.0,497011
2021-06-10 09:31:57,852.0,497019
2021-06-10 09:31:58,852.25,497377
2021-06-10 09:31:59,852.25,497377
2021-06-10 09:32:01,852.0,497383
2021-06-10 09:32:02,852.25,497503
2021-06-10 09:32:03,852.3,497846
2021-06-10 09:32:04,852.25,498534
2021-06-10 09:32:05,852.0,498724
2021-06-10 09:32:06,852.0,498724
2021-06-10 09:32:07,852.25,499314
2021-06-10 09:32:08,852.25,499506
2021-06-10 09:32:09,852.0,499586
2021-06-10 09:32:10,852.0,499657
2021-06-10 09:32:11,852.0,499924
2021-06-10 09:32:12,852.0,500043
2021-06-10 09:32:13,852.25,500053
2021-06-10 09:32:14,852.25,500063
2021-06-10 09:32:15,852.3,500356
2021-06-10 09:32:16,852.0,500417
2021-06-10 09:32:17,853.0,504212
2021-06-10 09:32:17,853.0,504212
2021-06-10 09:32:18,852.5,505042
2021-06-10 09:32:19,852.5,505292
2021-06-10 09:32:21,852.95,505923
2021-06-10 09:32:21,852.5,506022
2021-06-10 09:32:23,852.9,506105
2021-06-10 09:32:22,852.9,506105
2021-06-10 09:32:24,852.9,506140
2021-06-10 09:32:26,852.95,506701
2021-06-10 09:32:27,852.5,507091
2021-06-10 09:32:28,852.95,507541
2021-06-10 09:32:29,852.9,507683
2021-06-10 09:32:31,852.85,509034
2021-06-10 09:32:32,852.85,509034
2021-06-10 09:32:33,852.85,509036
2021-06-10 09:32:34,852.5,509042
2021-06-10 09:32:36,852.8,509067
2021-06-10 09:32:36,852.5,509077
2021-06-10 09:32:38,852.8,509107
2021-06-10 09:32:40,852.0,513371
2021-06-10 09:32:41,852.0,514395
2021-06-10 09:32:43,852.1,514470
2021-06-10 09:32:42,852.1,514470
2021-06-10 09:32:45,852.1,514496
2021-06-10 09:32:44,852.1,514476
2021-06-10 09:32:48,852.2,516132
2021-06-10 09:32:49,852.0,516312
2021-06-10 09:32:50,852.0,516312
2021-06-10 09:32:51,852.35,516562
2021-06-10 09:32:53,852.0,517469
2021-06-10 09:32:52,852.0,516719
2021-06-10 09:32:54,851.7,518626
2021-06-10 09:32:55,851.5,518854
2021-06-10 09:32:56,851.5,518863
2021-06-10 09:32:57,851.5,518863
2021-06-10 09:32:58,851.5,518874
2021-06-10 09:32:59,851.5,518974
2021-06-10 09:33:00,851.5,518974
2021-06-10 09:33:01,851.5,520554
2021-06-10 09:33:02,851.6,521199
2021-06-10 09:33:03,851.6,521199
2021-06-10 09:33:04,851.6,521199
2021-06-10 09:33:05,851.6,521199
2021-06-10 09:33:06,851.5,521261
2021-06-10 09:33:07,851.5,521431
2021-06-10 09:33:08,851.5,521434
2021-06-10 09:33:09,851.5,521492
2021-06-10 09:33:10,851.5,521511
2021-06-10 09:33:11,851.55,521992
2021-06-10 09:33:12,852.0,523698
2021-06-10 09:33:13,852.1,524132
2021-06-10 09:33:14,851.9,524157
2021-06-10 09:33:15,851.9,524157
2021-06-10 09:33:16,852.0,524339
2021-06-10 09:33:17,852.0,524776
2021-06-10 09:33:18,852.05,524850
2021-06-10 09:33:19,852.05,524850
2021-06-10 09:33:20,852.05,524850
2021-06-10 09:33:21,852.0,524922
2021-06-10 09:33:22,852.5,527079
2021-06-10 09:33:23,852.3,527474
2021-06-10 09:33:24,852.35,527724
2021-06-10 09:33:25,852.35,527824
2021-06-10 09:33:26,852.35,527885
2021-06-10 09:33:27,852.45,527935
2021-06-10 09:33:28,852.5,528496
2021-06-10 09:33:29,852.35,528644
2021-06-10 09:33:30,852.4,528670
2021-06-10 09:33:31,852.7,528779
2021-06-10 09:33:32,852.5,528780
2021-06-10 09:33:33,852.5,528780
2021-06-10 09:33:34,852.5,528790
2021-06-10 09:33:35,852.5,528909
2021-06-10 09:33:36,852.35,529009
2021-06-10 09:33:37,852.35,529371
2021-06-10 09:33:38,852.65,529709
2021-06-10 09:33:40,852.35,529819
2021-06-10 09:33:41,852.35,529819
2021-06-10 09:33:42,852.35,529819
2021-06-10 09:33:44,852.35,529897
2021-06-10 09:33:45,852.35,529902
2021-06-10 09:33:46,852.55,530548
2021-06-10 09:33:47,852.5,531201
2021-06-10 09:33:48,852.35,531294
2021-06-10 09:33:49,852.05,533365
2021-06-10 09:33:50,852.0,533830
2021-06-10 09:33:52,851.95,533930
2021-06-10 09:33:53,852.1,533990
2021-06-10 09:33:54,852.1,533990
2021-06-10 09:33:55,851.9,534550
2021-06-10 09:33:56,851.5,534695
2021-06-10 09:33:57,851.85,534702
2021-06-10 09:33:58,851.85,534702
2021-06-10 09:33:59,851.85,534702
2021-06-10 09:34:00,851.85,534712
2021-06-10 09:34:01,851.55,534718
2021-06-10 09:34:02,852.15,537133
2021-06-10 09:34:03,852.1,537563
2021-06-10 09:34:04,852.1,537563
2021-06-10 09:34:05,852.1,537563
2021-06-10 09:34:06,852.15,537763
2021-06-10 09:34:07,852.15,537764
2021-06-10 09:34:08,852.15,537764
2021-06-10 09:34:10,852.15,537771
2021-06-10 09:34:11,852.5,538422
2021-06-10 09:34:12,852.55,538688
2021-06-10 09:34:13,852.5,538718
2021-06-10 09:34:15,852.5,539003
2021-06-10 09:34:16,852.5,539003
2021-06-10 09:34:17,852.55,540108
2021-06-10 09:34:18,852.5,540290
2021-06-10 09:34:20,852.55,540547
2021-06-10 09:34:21,852.55,540547
2021-06-10 09:34:22,852.55,540547
2021-06-10 09:34:23,852.55,541218
2021-06-10 09:34:24,852.45,541432
2021-06-10 09:34:25,852.45,541432
2021-06-10 09:34:26,852.55,541538
2021-06-10 09:34:27,852.55,541538
2021-06-10 09:34:28,852.7,541758
2021-06-10 09:34:29,852.55,541950
2021-06-10 09:34:30,852.55,541959
2021-06-10 09:34:31,852.45,542297
2021-06-10 09:34:32,851.9,543629
2021-06-10 09:34:33,851.85,543999
2021-06-10 09:34:34,851.95,544099
2021-06-10 09:34:35,851.95,544099
2021-06-10 09:34:36,851.95,544099
2021-06-10 09:34:37,851.95,544099
2021-06-10 09:34:38,851.85,544114
2021-06-10 09:34:39,851.85,544114
2021-06-10 09:34:40,851.85,544138
2021-06-10 09:34:41,851.85,544138
2021-06-10 09:34:42,851.85,544138
2021-06-10 09:34:43,851.85,544138
2021-06-10 09:34:44,851.55,544872
2021-06-10 09:34:45,852.0,545734
2021-06-10 09:34:46,851.9,545877
2021-06-10 09:34:47,851.9,545877
2021-06-10 09:34:48,851.9,545877
2021-06-10 09:34:49,851.9,545877
2021-06-10 09:34:50,851.9,545877
2021-06-10 09:34:51,851.9,545877
2021-06-10 09:34:52,851.65,546372
2021-06-10 09:34:53,851.9,546773
2021-06-10 09:34:54,851.95,546924
2021-06-10 09:34:55,851.9,547041
2021-06-10 09:34:56,852.25,547123
2021-06-10 09:34:57,852.25,547325
2021-06-10 09:34:58,852.25,547325
2021-06-10 09:34:59,852.25,547325
2021-06-10 09:35:00,851.95,547363
2021-06-10 09:35:01,851.9,547433
2021-06-10 09:35:02,852.25,547716
2021-06-10 09:35:03,852.4,548781
2021-06-10 09:35:04,852.35,549262
2021-06-10 09:35:06,852.35,549272
2021-06-10 09:35:07,852.2,549356
2021-06-10 09:35:07,852.2,549382
2021-06-10 09:35:08,852.2,549382
2021-06-10 09:35:09,852.2,549634
2021-06-10 09:35:10,852.45,550242
2021-06-10 09:35:11,852.2,550386
2021-06-10 09:35:12,852.2,550386
2021-06-10 09:35:13,852.2,550386
2021-06-10 09:35:14,852.5,550389
2021-06-10 09:35:15,852.5,551709
2021-06-10 09:35:16,852.45,551951
2021-06-10 09:35:18,852.45,552142
2021-06-10 09:35:19,852.75,556080
2021-06-10 09:35:20,852.45,556810
2021-06-10 09:35:21,852.8,557002
2021-06-10 09:35:22,852.75,558025
2021-06-10 09:35:23,852.25,559512
2021-06-10 09:35:24,852.5,559720
2021-06-10 09:35:25,852.5,560609
2021-06-10 09:35:26,852.25,561305
2021-06-10 09:35:27,852.2,561396
2021-06-10 09:35:29,852.2,562116
2021-06-10 09:35:30,852.2,562216
2021-06-10 09:35:31,852.2,562216
2021-06-10 09:35:32,852.2,562307
2021-06-10 09:35:33,852.2,562307
2021-06-10 09:35:34,852.2,562307
2021-06-10 09:35:35,852.55,562457
2021-06-10 09:35:36,852.15,562526
2021-06-10 09:35:37,852.15,562526
2021-06-10 09:35:38,852.4,562586
2021-06-10 09:35:39,852.4,562587
2021-06-10 09:35:40,852.4,562587
2021-06-10 09:35:41,852.4,562597
2021-06-10 09:35:44,852.4,562597
2021-06-10 09:35:45,852.4,562627
2021-06-10 09:35:46,852.45,562965
2021-06-10 09:35:47,852.2,563044
2021-06-10 09:35:48,852.2,563044
2021-06-10 09:35:49,852.2,563113
2021-06-10 09:35:51,852.4,565584
2021-06-10 09:35:51,852.65,564744
2021-06-10 09:35:52,852.45,566261
2021-06-10 09:35:54,852.45,566261
2021-06-10 09:35:54,852.45,566261
2021-06-10 09:35:55,852.4,566271
2021-06-10 09:35:56,852.4,566271
2021-06-10 09:35:58,852.05,567115
2021-06-10 09:35:58,852.3,567681
2021-06-10 09:35:59,852.3,567681
2021-06-10 09:36:00,852.3,567681
2021-06-10 09:36:01,852.45,568181
2021-06-10 09:36:02,852.45,568181
2021-06-10 09:36:03,852.2,568182
2021-06-10 09:36:04,852.2,568182
2021-06-10 09:36:05,852.45,568202
2021-06-10 09:36:06,852.45,568269
2021-06-10 09:36:07,852.45,568269
2021-06-10 09:36:08,852.45,568269
2021-06-10 09:36:10,852.45,568269
2021-06-10 09:36:09,852.45,568269
2021-06-10 09:36:11,852.1,569232
2021-06-10 09:36:12,852.25,569641
2021-06-10 09:36:13,852.25,569691
2021-06-10 09:36:14,852.4,570391
2021-06-10 09:36:15,852.1,570591
2021-06-10 09:36:17,852.35,570692
2021-06-10 09:36:18,852.05,570752
2021-06-10 09:36:19,852.4,570872
2021-06-10 09:36:20,852.4,570872
2021-06-10 09:36:21,852.1,571325
2021-06-10 09:36:22,852.25,571355
2021-06-10 09:36:23,852.25,571355
2021-06-10 09:36:24,852.25,571355
2021-06-10 09:36:25,852.05,573472
2021-06-10 09:36:27,851.9,573889
2021-06-10 09:36:28,852.05,574039
2021-06-10 09:36:30,851.9,574139
2021-06-10 09:36:31,852.1,574140
2021-06-10 09:36:32,851.9,574220
2021-06-10 09:36:33,851.9,574308
2021-06-10 09:36:34,851.9,574308
2021-06-10 09:36:35,852.1,574358
2021-06-10 09:36:36,851.9,574375
2021-06-10 09:36:37,851.9,574375
2021-06-10 09:36:38,851.9,574427
2021-06-10 09:36:39,851.9,574428
2021-06-10 09:36:40,851.9,574445
2021-06-10 09:36:41,851.9,574545
2021-06-10 09:36:42,851.9,574545
2021-06-10 09:36:44,851.9,574545
2021-06-10 09:36:44,851.9,574545
2021-06-10 09:36:46,852.35,574758
2021-06-10 09:36:47,852.4,575201
2021-06-10 09:36:47,852.1,575264
2021-06-10 09:36:48,852.1,575264
2021-06-10 09:36:50,852.35,575362
2021-06-10 09:36:52,852.35,575362
2021-06-10 09:36:53,852.4,575930
2021-06-10 09:36:55,852.1,577048
2021-06-10 09:36:56,852.1,577224
2021-06-10 09:36:56,852.05,578124
2021-06-10 09:36:57,852.0,578318
2021-06-10 09:36:58,852.15,578428
2021-06-10 09:37:01,851.05,582431
2021-06-10 09:37:01,851.05,582431
2021-06-10 09:37:02,851.6,583071
2021-06-10 09:37:03,851.1,583184
2021-06-10 09:37:04,851.55,583198
2021-06-10 09:37:05,851.15,583305
2021-06-10 09:37:06,851.15,583305
2021-06-10 09:37:07,851.15,583305
2021-06-10 09:37:08,851.15,583350
2021-06-10 09:37:09,851.15,583350
2021-06-10 09:37:10,851.15,583416
2021-06-10 09:37:11,851.15,583416
2021-06-10 09:37:12,851.15,583426
2021-06-10 09:37:13,851.15,583426
2021-06-10 09:37:14,851.5,583831
2021-06-10 09:37:15,851.2,584045
2021-06-10 09:37:17,851.15,584125
2021-06-10 09:37:19,851.5,584250
2021-06-10 09:37:20,851.15,585611
2021-06-10 09:37:21,851.0,585957
2021-06-10 09:37:22,851.15,585976
2021-06-10 09:37:22,851.15,585976
2021-06-10 09:37:24,851.5,586145
2021-06-10 09:37:25,851.5,586195
2021-06-10 09:37:26,851.2,586248
2021-06-10 09:37:27,851.25,586309
2021-06-10 09:37:28,851.5,586351
2021-06-10 09:37:31,852.4,589808
2021-06-10 09:37:32,852.4,591798
2021-06-10 09:37:33,852.2,592460
2021-06-10 09:37:34,852.2,592577
2021-06-10 09:37:36,852.2,593194
2021-06-10 09:37:37,852.2,593303
2021-06-10 09:37:38,852.2,593303
2021-06-10 09:37:39,852.2,593303
2021-06-10 09:37:39,852.2,593303
2021-06-10 09:37:40,852.2,593553
2021-06-10 09:37:42,852.2,593563
2021-06-10 09:37:42,852.5,593647
2021-06-10 09:37:44,852.6,598322
2021-06-10 09:37:45,852.5,599458
2021-06-10 09:37:46,852.4,601855
2021-06-10 09:37:47,852.8,604231
2021-06-10 09:37:48,852.45,604419
2021-06-10 09:37:49,852.45,604419
2021-06-10 09:37:50,852.45,604419
2021-06-10 09:37:51,852.5,604883
2021-06-10 09:37:52,852.75,605015
2021-06-10 09:37:54,852.75,605150
2021-06-10 09:37:54,852.75,605150
2021-06-10 09:37:55,852.5,605250
2021-06-10 09:37:56,852.7,605252
2021-06-10 09:37:57,852.7,605252
2021-06-10 09:37:58,852.8,605539
2021-06-10 09:38:00,852.9,605928
2021-06-10 09:38:01,852.9,605928
2021-06-10 09:38:02,852.9,606723
2021-06-10 09:38:03,852.5,606967
2021-06-10 09:38:04,852.5,606968
2021-06-10 09:38:05,852.95,607019
2021-06-10 09:38:06,852.5,607237
2021-06-10 09:38:07,852.5,607294
2021-06-10 09:38:07,852.5,607484
2021-06-10 09:38:08,852.85,607496
2021-06-10 09:38:09,852.55,607964
2021-06-10 09:38:11,853.35,614082
2021-06-10 09:38:13,853.4,614467
2021-06-10 09:38:13,853.4,614507
2021-06-10 09:38:15,853.4,614928
2021-06-10 09:38:16,853.2,615140
2021-06-10 09:38:17,853.4,615155
2021-06-10 09:38:18,853.2,615773
2021-06-10 09:38:19,853.2,615973
2021-06-10 09:38:20,853.1,619678
2021-06-10 09:38:21,853.15,620677
2021-06-10 09:38:21,853.15,620765
2021-06-10 09:38:22,853.15,620765
2021-06-10 09:38:23,853.5,622056
2021-06-10 09:38:24,853.8,622884
2021-06-10 09:38:25,853.5,623116
2021-06-10 09:38:26,853.5,623130
2021-06-10 09:38:27,853.75,623141
2021-06-10 09:38:28,853.75,623141
2021-06-10 09:38:29,853.5,625012
2021-06-10 09:38:31,853.45,625615
2021-06-10 09:38:32,853.4,625908
2021-06-10 09:38:33,853.45,625909
2021-06-10 09:38:34,853.5,626050
2021-06-10 09:38:35,853.15,628168
2021-06-10 09:38:35,853.15,628168
2021-06-10 09:38:36,853.4,628694
2021-06-10 09:38:37,853.45,628824
2021-06-10 09:38:39,853.0,628935
2021-06-10 09:38:40,853.45,629168
2021-06-10 09:38:40,853.45,629018
2021-06-10 09:38:41,853.45,629168
2021-06-10 09:38:42,853.45,629271
2021-06-10 09:38:43,853.5,629571
2021-06-10 09:38:45,853.3,630679
2021-06-10 09:38:45,853.4,630528
2021-06-10 09:38:46,853.3,630679
2021-06-10 09:38:47,853.8,632117
2021-06-10 09:38:48,853.35,633072
2021-06-10 09:38:49,853.35,633384
2021-06-10 09:38:50,853.65,633404
2021-06-10 09:38:52,853.7,633407
2021-06-10 09:38:53,853.7,633704
2021-06-10 09:38:54,853.7,633804
2021-06-10 09:38:54,853.7,633804
2021-06-10 09:38:55,853.65,633805
2021-06-10 09:38:56,853.45,633835
2021-06-10 09:38:57,853.7,634130
2021-06-10 09:38:58,853.7,634630
2021-06-10 09:39:00,853.7,634782
2021-06-10 09:39:01,853.45,636140
2021-06-10 09:39:01,853.35,636382
2021-06-10 09:39:02,853.45,636422
2021-06-10 09:39:03,853.05,639984
2021-06-10 09:39:04,853.0,640874
2021-06-10 09:39:06,853.25,641284
2021-06-10 09:39:07,853.25,641411
2021-06-10 09:39:08,853.25,641486
2021-06-10 09:39:09,853.25,641486
2021-06-10 09:39:10,853.0,641986
2021-06-10 09:39:11,853.0,642211
2021-06-10 09:39:12,853.0,642866
2021-06-10 09:39:12,853.0,642211
2021-06-10 09:39:14,852.7,644586
2021-06-10 09:39:15,852.7,644586
2021-06-10 09:39:16,853.0,644638
2021-06-10 09:39:19,853.0,644638
2021-06-10 09:39:20,853.0,644638
2021-06-10 09:39:21,852.7,644652
2021-06-10 09:39:22,852.6,645490
2021-06-10 09:39:23,852.85,645759
2021-06-10 09:39:24,852.9,646181
2021-06-10 09:39:25,852.55,646297
2021-06-10 09:39:26,852.9,646299
2021-06-10 09:39:27,853.35,649611
2021-06-10 09:39:27,853.35,649611
2021-06-10 09:39:28,853.3,650324
2021-06-10 09:39:29,853.3,650324
2021-06-10 09:39:30,853.3,650324
2021-06-10 09:39:31,853.3,650324
2021-06-10 09:39:32,853.3,650324
2021-06-10 09:39:34,853.3,650325
2021-06-10 09:39:35,853.65,650330
2021-06-10 09:39:36,853.3,650856
2021-06-10 09:39:37,853.3,650856
2021-06-10 09:39:38,853.5,650977
2021-06-10 09:39:38,853.5,650977
2021-06-10 09:39:39,853.5,650977
2021-06-10 09:39:40,853.3,650987
2021-06-10 09:39:41,853.5,651216
2021-06-10 09:39:42,853.3,651221
2021-06-10 09:39:44,853.3,651321
2021-06-10 09:39:45,853.3,651383
2021-06-10 09:39:46,853.5,651393
2021-06-10 09:39:47,853.25,652367
2021-06-10 09:39:48,853.15,652612
2021-06-10 09:39:48,853.15,652612
2021-06-10 09:39:49,852.8,654751
2021-06-10 09:39:50,852.4,655356
2021-06-10 09:39:51,852.4,655356
2021-06-10 09:39:53,852.3,655392
2021-06-10 09:39:54,852.3,655392
2021-06-10 09:39:55,852.3,655392
2021-06-10 09:39:56,852.7,655416
2021-06-10 09:39:57,852.7,655416
2021-06-10 09:39:58,851.5,657114
2021-06-10 09:39:59,851.55,657462
2021-06-10 09:40:00,851.9,657637
2021-06-10 09:40:01,851.9,657637
2021-06-10 09:40:02,851.9,657637
2021-06-10 09:40:03,852.0,657717
2021-06-10 09:40:04,851.95,657817
2021-06-10 09:40:06,851.65,657893
2021-06-10 09:40:07,851.65,657895
2021-06-10 09:40:08,851.65,657895
2021-06-10 09:40:09,851.9,657905
2021-06-10 09:40:10,851.9,657905
2021-06-10 09:40:11,851.9,657905
2021-06-10 09:40:12,851.9,657914
2021-06-10 09:40:13,851.65,659050
2021-06-10 09:40:13,852.1,658874
2021-06-10 09:40:14,852.2,659602
2021-06-10 09:40:15,851.65,659749
2021-06-10 09:40:16,851.65,661049
2021-06-10 09:40:18,851.95,661398
2021-06-10 09:40:19,851.95,661449
2021-06-10 09:40:20,851.95,661449
2021-06-10 09:40:21,851.9,661463
2021-06-10 09:40:22,851.9,661463
2021-06-10 09:40:23,851.9,661478
2021-06-10 09:40:24,851.9,661478
2021-06-10 09:40:25,851.9,661478
2021-06-10 09:40:26,851.9,661751
2021-06-10 09:40:27,851.9,661843
2021-06-10 09:40:28,851.9,661843
2021-06-10 09:40:30,851.9,662333
2021-06-10 09:40:31,851.9,662422
2021-06-10 09:40:32,851.9,662427
2021-06-10 09:40:33,852.0,662434
2021-06-10 09:40:34,852.0,662854
2021-06-10 09:40:34,851.95,662930
2021-06-10 09:40:35,852.3,662980
2021-06-10 09:40:36,851.9,662995
2021-06-10 09:40:37,851.9,662995
2021-06-10 09:40:38,851.9,662995
2021-06-10 09:40:39,852.3,663011
2021-06-10 09:40:40,852.3,663096
2021-06-10 09:40:42,852.4,663649
2021-06-10 09:40:43,852.0,664075
2021-06-10 09:40:44,852.4,664105
2021-06-10 09:40:45,852.0,664163
2021-06-10 09:40:46,852.0,664163
2021-06-10 09:40:47,852.4,664623
2021-06-10 09:40:48,852.0,664704
2021-06-10 09:40:49,852.4,664823
2021-06-10 09:40:51,852.3,665124
2021-06-10 09:40:52,852.05,665198
2021-06-10 09:40:53,852.05,665198
2021-06-10 09:40:55,852.05,665198
2021-06-10 09:40:56,852.55,665905
2021-06-10 09:40:57,852.0,667330
2021-06-10 09:40:58,852.45,668559
2021-06-10 09:40:58,852.0,668761
2021-06-10 09:41:00,852.0,668761
2021-06-10 09:41:01,852.45,669204
2021-06-10 09:41:01,852.0,669287
2021-06-10 09:41:02,852.0,669287
2021-06-10 09:41:03,852.0,669287
2021-06-10 09:41:04,852.0,669287
2021-06-10 09:41:06,852.5,670094
2021-06-10 09:41:07,852.5,670094
2021-06-10 09:41:08,852.5,670094
2021-06-10 09:41:10,852.5,670094
2021-06-10 09:41:12,852.1,671699
2021-06-10 09:41:13,852.1,671699
2021-06-10 09:41:14,852.1,671699
2021-06-10 09:41:15,852.1,671724
2021-06-10 09:41:16,852.1,671724
2021-06-10 09:41:17,852.1,671749
2021-06-10 09:41:18,852.35,671947
2021-06-10 09:41:19,852.35,671947
2021-06-10 09:41:19,852.35,671947
2021-06-10 09:41:21,852.1,671980
2021-06-10 09:41:22,852.5,672440
2021-06-10 09:41:23,852.7,672814
2021-06-10 09:41:24,852.7,672821
2021-06-10 09:41:25,852.7,672821
2021-06-10 09:41:26,852.7,672821
2021-06-10 09:41:27,852.7,673105
2021-06-10 09:41:28,852.7,673373
2021-06-10 09:41:29,852.7,673373
2021-06-10 09:41:30,852.45,673830
2021-06-10 09:41:31,852.45,673830
2021-06-10 09:41:33,852.75,676958
2021-06-10 09:41:33,852.75,676958
2021-06-10 09:41:36,852.7,677040
2021-06-10 09:41:37,852.7,677040
2021-06-10 09:41:39,852.7,678478
2021-06-10 09:41:40,853.0,678514
2021-06-10 09:41:41,853.0,678614
2021-06-10 09:41:42,853.0,678614
2021-06-10 09:41:43,853.1,679205
2021-06-10 09:41:44,853.1,679206
2021-06-10 09:41:45,853.1,679314
2021-06-10 09:41:46,853.1,679531
2021-06-10 09:41:47,852.7,679679
2021-06-10 09:41:48,852.7,679779
2021-06-10 09:41:49,852.1,683825
2021-06-10 09:41:50,852.0,684595
2021-06-10 09:41:51,852.05,685200
2021-06-10 09:41:52,852.0,687937
2021-06-10 09:41:53,851.7,688401
2021-06-10 09:41:53,851.7,688401
2021-06-10 09:41:54,852.1,688501
2021-06-10 09:41:55,851.7,688601
2021-06-10 09:41:56,851.7,688601
2021-06-10 09:41:57,851.7,688601
2021-06-10 09:41:59,851.7,688601
2021-06-10 09:42:00,851.7,688601
2021-06-10 09:42:01,851.7,688601
2021-06-10 09:42:02,852.1,688636
2021-06-10 09:42:03,852.1,688639
2021-06-10 09:42:04,852.1,688639
2021-06-10 09:42:05,852.2,688945
2021-06-10 09:42:06,851.9,689056
2021-06-10 09:42:07,852.2,689069
2021-06-10 09:42:08,852.2,689069
2021-06-10 09:42:09,852.0,689223
2021-06-10 09:42:10,852.1,689380
2021-06-10 09:42:10,851.9,689397
2021-06-10 09:42:11,852.35,689899
2021-06-10 09:42:12,851.9,689997
2021-06-10 09:42:14,851.85,691028
2021-06-10 09:42:15,851.85,691414
2021-06-10 09:42:16,851.85,691414
2021-06-10 09:42:17,851.85,691414
2021-06-10 09:42:18,852.0,691424
2021-06-10 09:42:19,852.0,691424
2021-06-10 09:42:20,852.0,691424
2021-06-10 09:42:21,851.85,691438
2021-06-10 09:42:22,851.85,691438
2021-06-10 09:42:23,851.85,691438
2021-06-10 09:42:25,852.2,691733
2021-06-10 09:42:25,851.85,691438
2021-06-10 09:42:26,852.2,691733
2021-06-10 09:42:28,851.85,691824
2021-06-10 09:42:29,851.85,691824
2021-06-10 09:42:30,852.3,692087
2021-06-10 09:42:31,852.3,692087
2021-06-10 09:42:33,852.2,693738
2021-06-10 09:42:34,852.2,693738
2021-06-10 09:42:35,852.0,693758
2021-06-10 09:42:36,851.85,693772
2021-06-10 09:42:37,851.85,693772
2021-06-10 09:42:38,852.2,693822
2021-06-10 09:42:39,852.55,694322
2021-06-10 09:42:40,852.55,694322
2021-06-10 09:42:41,852.55,694638
2021-06-10 09:42:42,852.6,694639
2021-06-10 09:42:43,852.6,694639
2021-06-10 09:42:44,852.25,695080
2021-06-10 09:42:45,852.25,695194
2021-06-10 09:42:46,852.4,696519
2021-06-10 09:42:47,852.2,696752
2021-06-10 09:42:49,852.4,696994
2021-06-10 09:42:50,852.4,696996
2021-06-10 09:42:51,852.2,697011
2021-06-10 09:42:51,852.2,697011
2021-06-10 09:42:52,852.2,697011
2021-06-10 09:42:54,852.4,697017
2021-06-10 09:42:56,852.4,697513
2021-06-10 09:42:55,852.4,697017
2021-06-10 09:42:57,852.55,697659
2021-06-10 09:42:58,852.55,697659
2021-06-10 09:42:59,852.05,699945
2021-06-10 09:42:59,852.05,699523
2021-06-10 09:43:00,852.05,699955
2021-06-10 09:43:01,852.05,699955
2021-06-10 09:43:03,852.2,699965
2021-06-10 09:43:04,852.2,699965
2021-06-10 09:43:05,852.2,699965
2021-06-10 09:43:06,852.05,699980
2021-06-10 09:43:07,852.2,700046
2021-06-10 09:43:08,852.05,700146
2021-06-10 09:43:09,852.2,700261
2021-06-10 09:43:10,852.2,700261
2021-06-10 09:43:11,852.5,700725
2021-06-10 09:43:13,852.2,702025
2021-06-10 09:43:14,852.05,702408
2021-06-10 09:43:15,852.05,702608
2021-06-10 09:43:16,852.05,702638
2021-06-10 09:43:17,852.2,702640
2021-06-10 09:43:18,852.25,702650
2021-06-10 09:43:19,852.25,702740
2021-06-10 09:43:20,852.05,702750
2021-06-10 09:43:21,852.2,702815
2021-06-10 09:43:22,852.2,702815
2021-06-10 09:43:24,852.05,703115
2021-06-10 09:43:23,852.05,703115
2021-06-10 09:43:25,852.15,703165
2021-06-10 09:43:26,852.05,704631
2021-06-10 09:43:27,851.95,705023
2021-06-10 09:43:28,851.95,705023
2021-06-10 09:43:29,851.95,705023
2021-06-10 09:43:30,851.9,705083
2021-06-10 09:43:31,851.9,705083
2021-06-10 09:43:32,851.9,705083
2021-06-10 09:43:33,851.9,705083
2021-06-10 09:43:34,852.0,705086
2021-06-10 09:43:35,852.0,705086
2021-06-10 09:43:36,852.0,705101
2021-06-10 09:43:37,852.0,706192
2021-06-10 09:43:38,851.85,707353
2021-06-10 09:43:39,851.75,707864
2021-06-10 09:43:40,852.0,707920
2021-06-10 09:43:41,852.0,707965
2021-06-10 09:43:42,852.0,707965
2021-06-10 09:43:43,852.0,707968
2021-06-10 09:43:44,852.0,707968
2021-06-10 09:43:45,852.0,708012
2021-06-10 09:43:46,852.0,708012
2021-06-10 09:43:47,852.0,708012
2021-06-10 09:43:49,852.0,708012
2021-06-10 09:43:50,852.0,708012
2021-06-10 09:43:51,852.0,708594
2021-06-10 09:43:52,851.9,708800
2021-06-10 09:43:53,852.15,710566
2021-06-10 09:43:54,851.95,711124
2021-06-10 09:43:55,852.15,718017
2021-06-10 09:43:56,852.1,719244
2021-06-10 09:43:57,852.2,719289
2021-06-10 09:43:58,852.2,719289
2021-06-10 09:43:59,852.2,719289
2021-06-10 09:44:00,852.2,719289
2021-06-10 09:44:01,852.2,719294
2021-06-10 09:44:02,852.2,719294
2021-06-10 09:44:03,852.5,719309
2021-06-10 09:44:04,852.5,719309
2021-06-10 09:44:05,852.15,719323
2021-06-10 09:44:06,852.15,719333
2021-06-10 09:44:07,851.9,720633
2021-06-10 09:44:08,851.9,720633
2021-06-10 09:44:10,851.9,720633
2021-06-10 09:44:09,851.9,720633
2021-06-10 09:44:12,851.9,720633
2021-06-10 09:44:13,852.05,720733
2021-06-10 09:44:14,852.05,720733
2021-06-10 09:44:15,852.05,720733
2021-06-10 09:44:16,852.05,720733
2021-06-10 09:44:17,852.05,720733
2021-06-10 09:44:18,851.95,721243
2021-06-10 09:44:19,852.05,721646
2021-06-10 09:44:20,852.05,721646
2021-06-10 09:44:21,852.0,721676
2021-06-10 09:44:22,852.0,721676
2021-06-10 09:44:23,852.0,721676
2021-06-10 09:44:24,852.0,721680
2021-06-10 09:44:26,852.0,721680
2021-06-10 09:44:28,852.25,721769
2021-06-10 09:44:29,852.25,721769
2021-06-10 09:44:30,852.25,721769
2021-06-10 09:44:31,851.9,721869
2021-06-10 09:44:32,851.9,721972
2021-06-10 09:44:33,851.9,721972
2021-06-10 09:44:34,851.85,722570
2021-06-10 09:44:35,851.85,722570
2021-06-10 09:44:36,851.95,722599
2021-06-10 09:44:37,851.95,722599
2021-06-10 09:44:38,851.95,722599
2021-06-10 09:44:39,851.95,722599
2021-06-10 09:44:40,851.95,722599
2021-06-10 09:44:41,851.95,722599
2021-06-10 09:44:43,851.95,722678
2021-06-10 09:44:45,851.95,722678
2021-06-10 09:44:46,852.15,722705
2021-06-10 09:44:48,852.15,722705
2021-06-10 09:44:49,852.15,722705
2021-06-10 09:44:50,851.8,722719
2021-06-10 09:44:51,851.8,722719
2021-06-10 09:44:52,851.8,722719
2021-06-10 09:44:53,851.8,722719
2021-06-10 09:44:54,851.8,722719
2021-06-10 09:44:55,852.0,722729
2021-06-10 09:44:56,852.0,722729
2021-06-10 09:44:57,852.0,722729
2021-06-10 09:44:58,852.0,722729
2021-06-10 09:44:59,851.95,722732
2021-06-10 09:45:00,851.95,722732
2021-06-10 09:45:01,851.95,722760
2021-06-10 09:45:02,852.0,722770
2021-06-10 09:45:04,852.0,722770
2021-06-10 09:45:05,852.3,722800
2021-06-10 09:45:07,852.3,722800
2021-06-10 09:45:08,852.3,722800
2021-06-10 09:45:09,852.3,722800
2021-06-10 09:45:10,852.3,722800
2021-06-10 09:45:11,852.0,722815
2021-06-10 09:45:12,852.0,722815
2021-06-10 09:45:14,852.0,722815
2021-06-10 09:45:15,851.95,722865
2021-06-10 09:45:16,852.3,722905
2021-06-10 09:45:17,852.3,722905
2021-06-10 09:45:18,851.95,723102
2021-06-10 09:45:19,852.2,723211
2021-06-10 09:45:20,852.2,724761
2021-06-10 09:45:21,851.8,725522
2021-06-10 09:45:22,851.8,725522
2021-06-10 09:45:23,851.8,725522
2021-06-10 09:45:24,852.1,725672
2021-06-10 09:45:25,852.1,725672
2021-06-10 09:45:26,852.1,725672
2021-06-10 09:45:27,852.1,725672
2021-06-10 09:45:28,852.1,725672
2021-06-10 09:45:29,852.1,725672
2021-06-10 09:45:30,852.1,725672
2021-06-10 09:45:31,852.0,725719
2021-06-10 09:45:32,852.0,725719
2021-06-10 09:45:34,852.0,725719
2021-06-10 09:45:34,852.0,725719
2021-06-10 09:45:36,852.0,725719
2021-06-10 09:45:36,852.0,725729
2021-06-10 09:45:37,852.0,725729
2021-06-10 09:45:38,852.0,725729
2021-06-10 09:45:40,852.05,725739
2021-06-10 09:45:43,851.85,726033
2021-06-10 09:45:44,852.05,726233
2021-06-10 09:45:46,851.9,726260
2021-06-10 09:45:46,852.05,726233
2021-06-10 09:45:47,851.9,726260
2021-06-10 09:45:48,851.9,726260
2021-06-10 09:45:49,852.3,727260
2021-06-10 09:45:50,851.8,727683
2021-06-10 09:45:51,852.1,727688
2021-06-10 09:45:52,852.1,727688
2021-06-10 09:45:53,852.1,727688
2021-06-10 09:45:54,852.1,727688
2021-06-10 09:45:56,852.1,727698
2021-06-10 09:45:56,852.1,727698
2021-06-10 09:45:57,852.1,727698
2021-06-10 09:45:58,851.45,733389
2021-06-10 09:45:59,852.3,1535811
2021-06-10 09:46:01,851.75,1535849
2021-06-10 09:46:02,851.75,1535849
2021-06-10 09:46:03,851.75,1535849
2021-06-10 09:46:04,851.75,1535849
2021-06-10 09:46:05,851.75,1535849
2021-06-10 09:46:06,851.75,1535849
2021-06-10 09:46:07,851.75,1535849
2021-06-10 09:46:08,851.7,1535859
2021-06-10 09:46:09,851.7,1535859
2021-06-10 09:46:10,851.7,1535859
2021-06-10 09:46:11,851.7,1535859
2021-06-10 09:46:12,851.7,1535927
2021-06-10 09:46:14,851.7,1535927
2021-06-10 09:46:15,851.7,1535927
2021-06-10 09:46:16,851.7,1535954
2021-06-10 09:46:17,851.7,1535954
2021-06-10 09:46:18,851.7,1535954
2021-06-10 09:46:19,851.7,1535965
2021-06-10 09:46:20,852.0,1535969
2021-06-10 09:46:21,852.0,1535969
2021-06-10 09:46:22,851.7,1536127
2021-06-10 09:46:23,851.7,1536127
2021-06-10 09:46:24,851.7,1536127
2021-06-10 09:46:25,851.7,1536135
2021-06-10 09:46:27,851.7,1536173
2021-06-10 09:46:27,851.7,1536173
2021-06-10 09:46:28,851.9,1536174
2021-06-10 09:46:29,851.9,1536174
2021-06-10 09:46:30,851.9,1536174
2021-06-10 09:46:31,851.7,1536202
2021-06-10 09:46:32,851.9,1536203
2021-06-10 09:46:33,852.0,1536303
2021-06-10 09:46:34,852.0,1536303
2021-06-10 09:46:35,851.95,1536311
2021-06-10 09:46:36,851.95,1536311
2021-06-10 09:46:37,851.6,1537243
2021-06-10 09:46:39,851.5,1538229
2021-06-10 09:46:39,851.5,1538229
2021-06-10 09:46:40,851.5,1538229
2021-06-10 09:46:41,851.5,1538229
2021-06-10 09:46:42,851.45,1538239
2021-06-10 09:46:43,851.6,1538252
2021-06-10 09:46:44,851.45,1538423
2021-06-10 09:46:45,851.45,1538423
2021-06-10 09:46:46,851.45,1538423
2021-06-10 09:46:47,851.55,1538443
2021-06-10 09:46:48,851.55,1538444
2021-06-10 09:46:50,851.5,1538544
2021-06-10 09:46:50,851.5,1538544
2021-06-10 09:46:51,851.5,1538609
2021-06-10 09:46:52,851.5,1538609
2021-06-10 09:46:53,851.55,1538615
2021-06-10 09:46:54,851.7,1538960
2021-06-10 09:46:55,851.5,1538970
2021-06-10 09:46:57,851.5,1538974
2021-06-10 09:46:58,851.7,1539074
2021-06-10 09:46:58,851.7,1539074
2021-06-10 09:46:59,851.8,1539244
2021-06-10 09:47:01,851.8,1539244
2021-06-10 09:47:02,851.45,1539271
2021-06-10 09:47:03,851.45,1539271
2021-06-10 09:47:03,851.45,1539271
2021-06-10 09:47:04,851.45,1539271
2021-06-10 09:47:06,851.45,1539271
2021-06-10 09:47:07,851.45,1539271
2021-06-10 09:47:07,851.45,1539271
2021-06-10 09:47:08,851.45,1539271
2021-06-10 09:47:09,851.45,1539271
2021-06-10 09:47:10,851.45,1539271
2021-06-10 09:47:11,851.7,1539548
2021-06-10 09:47:13,851.7,1539548
2021-06-10 09:47:14,851.7,1539548
2021-06-10 09:47:15,851.7,1539748
2021-06-10 09:47:16,851.7,1540299
2021-06-10 09:47:17,851.7,1540299
2021-06-10 09:47:18,851.7,1540799
2021-06-10 09:47:19,851.85,1540804
2021-06-10 09:47:20,851.6,1543134
2021-06-10 09:47:21,851.5,1543487
2021-06-10 09:47:23,851.35,1544277
2021-06-10 09:47:24,851.35,1544277
2021-06-10 09:47:25,851.35,1544277
2021-06-10 09:47:26,851.35,1544277
2021-06-10 09:47:28,851.35,1544794
2021-06-10 09:47:30,851.35,1544794
2021-06-10 09:47:30,851.35,1544794
2021-06-10 09:47:31,851.3,1544812
2021-06-10 09:47:33,851.3,1544812
2021-06-10 09:47:34,851.3,1544812
2021-06-10 09:47:35,851.3,1544812
2021-06-10 09:47:36,851.2,1545206
2021-06-10 09:47:36,851.2,1545510
2021-06-10 09:47:37,851.35,1545560
2021-06-10 09:47:39,851.15,1545803
2021-06-10 09:47:42,851.15,1545885
2021-06-10 09:47:43,851.15,1545885
2021-06-10 09:47:43,851.15,1545885
2021-06-10 09:47:45,851.15,1546203
2021-06-10 09:47:46,851.15,1546254
2021-06-10 09:47:47,851.15,1546381
2021-06-10 09:47:48,851.15,1546381
2021-06-10 09:47:49,851.15,1546433
2021-06-10 09:47:50,851.15,1546433
2021-06-10 09:47:51,851.3,1546434
2021-06-10 09:47:51,851.3,1546434
2021-06-10 09:47:52,851.3,1546434
2021-06-10 09:47:53,851.3,1546434
2021-06-10 09:47:58,851.3,1546684
2021-06-10 09:48:03,851.3,1546811
2021-06-10 09:48:08,851.35,1546816
2021-06-10 09:48:13,851.35,1547175
2021-06-10 09:48:18,851.25,1547594
2021-06-10 09:48:23,851.25,1548346
2021-06-10 09:48:28,850.95,1553058
2021-06-10 09:48:33,850.5,1554063
2021-06-10 09:48:38,849.6,1558966
2021-06-10 09:48:43,849.5,1563835
2021-06-10 09:48:48,849.25,1566239
2021-06-10 09:48:53,848.8,1568193
2021-06-10 09:48:58,848.7,1568650
2021-06-10 09:49:03,849.0,1569747
2021-06-10 09:49:07,848.7,1569877
2021-06-10 09:49:12,848.95,1570596
2021-06-10 09:49:16,848.45,1571166
2021-06-10 09:49:21,848.75,1571418
2021-06-10 09:49:25,848.75,1571492
2021-06-10 09:49:30,848.7,1571664
2021-06-10 09:49:35,848.5,1572326
2021-06-10 09:49:39,848.7,1572524
2021-06-10 09:49:44,848.75,1572850
2021-06-10 09:49:48,849.0,1574108
2021-06-10 09:49:53,848.7,1574293
2021-06-10 09:49:59,848.65,1574313
2021-06-10 09:50:04,848.65,1574363
2021-06-10 09:50:09,848.55,1574538
2021-06-10 09:50:23,848.7,1576827
2021-06-10 09:50:28,848.95,1577152
2021-06-10 09:50:33,849.1,1578307
2021-06-10 09:50:38,848.45,1582118
2021-06-10 09:50:42,848.45,1584936
2021-06-10 09:50:46,848.4,1585815
2021-06-10 09:50:51,848.0,1586211
2021-06-10 09:50:55,848.0,1586347
2021-06-10 09:51:00,848.1,1586923
2021-06-10 09:51:04,848.2,1590102
2021-06-10 09:51:09,847.6,1591724
2021-06-10 09:51:13,847.65,1592490
2021-06-10 09:51:17,847.45,1595697
2021-06-10 09:51:22,847.0,1599590
2021-06-10 09:51:27,846.55,1600684
2021-06-10 09:51:31,847.0,1602600
2021-06-10 09:51:36,846.6,1603404
2021-06-10 09:51:41,846.65,1604270
2021-06-10 09:51:45,847.45,1606352
2021-06-10 09:51:50,847.3,1607124
2021-06-10 09:51:54,847.15,1607661
2021-06-10 09:51:58,847.05,1608267
2021-06-10 09:52:07,846.95,1609703
2021-06-10 09:52:12,846.95,1609918
2021-06-10 09:52:16,846.85,1610093
2021-06-10 09:52:21,846.8,1610196
2021-06-10 09:52:26,846.8,1610391
2021-06-10 09:52:31,846.85,1614631
2021-06-10 09:52:36,846.95,1615479
2021-06-10 09:52:41,846.7,1615578
2021-06-10 09:52:46,846.8,1615909
2021-06-10 09:52:51,846.8,1615984
2021-06-10 09:52:54,846.8,1616697
2021-06-10 09:52:55,846.8,1616697
2021-06-10 09:52:56,846.8,1616697
2021-06-10 09:52:57,846.8,1616712
2021-06-10 09:52:59,846.8,1616862
2021-06-10 09:53:00,846.95,1617136
2021-06-10 09:53:01,846.95,1617136
2021-06-10 09:53:02,846.85,1617697
2021-06-10 09:53:03,846.85,1617767
2021-06-10 09:53:04,846.85,1617767
2021-06-10 09:53:06,846.95,1618287
2021-06-10 09:53:08,846.95,1618317
2021-06-10 09:53:09,846.95,1618317
2021-06-10 09:53:10,846.95,1618342
2021-06-10 09:53:11,846.95,1618342
2021-06-10 09:53:12,846.95,1618350
2021-06-10 09:53:13,846.95,1618350
2021-06-10 09:53:14,846.95,1618400
2021-06-10 09:53:16,846.9,1619917
2021-06-10 09:53:17,846.65,1620386
2021-06-10 09:53:19,846.1,1624924
2021-06-10 09:53:20,846.55,1624987
2021-06-10 09:53:21,846.2,1624989
2021-06-10 09:53:22,846.2,1624989
2021-06-10 09:53:23,846.55,1624999
2021-06-10 09:53:24,846.2,1625157
2021-06-10 09:53:25,846.2,1625157
2021-06-10 09:53:26,846.2,1625158
2021-06-10 09:53:26,846.1,1625404
2021-06-10 09:53:28,846.0,1625915
2021-06-10 09:53:29,846.1,1626016
2021-06-10 09:53:31,846.0,1626971
2021-06-10 09:53:32,846.0,1627326
2021-06-10 09:53:33,846.0,1627357
2021-06-10 09:53:35,846.1,1627407
2021-06-10 09:53:36,846.1,1627457
2021-06-10 09:53:37,845.8,1631080
2021-06-10 09:53:38,845.65,1631867
2021-06-10 09:53:39,845.65,1631867
2021-06-10 09:53:40,845.65,1631867
2021-06-10 09:53:41,845.65,1632284
2021-06-10 09:53:42,846.0,1632309
2021-06-10 09:53:44,845.75,1633115
2021-06-10 09:53:45,845.75,1633115
2021-06-10 09:53:46,845.75,1633115
2021-06-10 09:53:47,845.75,1633115
2021-06-10 09:53:47,845.75,1633115
2021-06-10 09:53:50,845.8,1633182
2021-06-10 09:53:52,845.8,1634003
2021-06-10 09:53:52,845.8,1634003
2021-06-10 09:53:53,845.8,1634008
2021-06-10 09:53:56,845.8,1634111
2021-06-10 09:53:57,845.8,1634111
2021-06-10 09:53:58,846.15,1634462
2021-06-10 09:53:59,845.9,1634480
2021-06-10 09:54:00,845.9,1634538
2021-06-10 09:54:01,845.9,1634538
2021-06-10 09:54:03,846.15,1634823
2021-06-10 09:54:04,846.2,1634833
2021-06-10 09:54:06,846.05,1635338
2021-06-10 09:54:07,846.0,1635378
2021-06-10 09:54:08,846.0,1635378
2021-06-10 09:54:09,846.05,1635444
2021-06-10 09:54:10,845.75,1637973
2021-06-10 09:54:11,845.5,1638944
2021-06-10 09:54:12,845.5,1638944
2021-06-10 09:54:13,845.85,1638979
2021-06-10 09:54:14,845.85,1639029
2021-06-10 09:54:15,845.5,1639080
2021-06-10 09:54:16,845.55,1639830
2021-06-10 09:54:17,845.5,1640131
2021-06-10 09:54:18,845.5,1640231
2021-06-10 09:54:19,845.5,1640525
2021-06-10 09:54:20,845.1,1641849
2021-06-10 09:54:21,845.25,1641869
2021-06-10 09:54:22,845.1,1641895
2021-06-10 09:54:23,845.15,1641925
2021-06-10 09:54:24,845.05,1642484
2021-06-10 09:54:25,845.15,1642534
2021-06-10 09:54:26,845.15,1642536
2021-06-10 09:54:27,845.25,1642561
2021-06-10 09:54:28,844.8,1646540
2021-06-10 09:54:29,845.0,1647340
2021-06-10 09:54:30,845.15,1647747
2021-06-10 09:54:31,845.15,1647747
2021-06-10 09:54:32,845.65,1649609
2021-06-10 09:54:33,845.15,1650484
2021-06-10 09:54:35,845.55,1650524
2021-06-10 09:54:34,845.55,1650524
2021-06-10 09:54:36,845.3,1650931
2021-06-10 09:54:38,845.7,1651218
2021-06-10 09:54:39,845.7,1651218
2021-06-10 09:54:40,845.75,1651223
2021-06-10 09:54:41,845.75,1651223
2021-06-10 09:54:42,845.75,1651268
2021-06-10 09:54:43,845.55,1651269
2021-06-10 09:54:44,845.55,1651270
2021-06-10 09:54:45,845.55,1651870
2021-06-10 09:54:46,845.3,1652139
2021-06-10 09:54:48,845.6,1652349
2021-06-10 09:54:49,845.7,1652449
2021-06-10 09:54:50,845.7,1652449
2021-06-10 09:54:51,845.4,1652494
2021-06-10 09:54:52,845.0,1652994
2021-06-10 09:54:53,845.2,1653074
2021-06-10 09:54:54,845.5,1653280
2021-06-10 09:54:55,845.2,1653396
2021-06-10 09:54:56,845.2,1653396
2021-06-10 09:54:57,845.4,1654177
2021-06-10 09:54:58,845.3,1654702
2021-06-10 09:54:59,845.0,1654722
2021-06-10 09:55:00,845.2,1654772
2021-06-10 09:55:01,845.2,1654772
2021-06-10 09:55:02,845.2,1654792
2021-06-10 09:55:03,845.4,1654967
2021-06-10 09:55:04,845.4,1654967
2021-06-10 09:55:05,845.2,1655067
2021-06-10 09:55:06,845.2,1655176
2021-06-10 09:55:07,845.3,1655251
2021-06-10 09:55:08,845.3,1655305
2021-06-10 09:55:09,845.65,1659149
2021-06-10 09:55:10,845.25,1659970
2021-06-10 09:55:11,845.25,1660050
2021-06-10 09:55:12,845.7,1660110
2021-06-10 09:55:13,845.7,1660532
2021-06-10 09:55:14,845.7,1660532
2021-06-10 09:55:15,845.35,1660672
2021-06-10 09:55:16,845.35,1660672
2021-06-10 09:55:17,845.35,1660672
2021-06-10 09:55:18,845.35,1660672
2021-06-10 09:55:20,845.9,1661228
2021-06-10 09:55:21,845.9,1661228
2021-06-10 09:55:22,845.95,1661279
2021-06-10 09:55:23,845.95,1661279
2021-06-10 09:55:24,845.9,1661604
2021-06-10 09:55:25,845.5,1661870
2021-06-10 09:55:26,845.55,1661880
2021-06-10 09:55:27,845.55,1662033
2021-06-10 09:55:28,845.55,1662033
2021-06-10 09:55:29,845.8,1662051
2021-06-10 09:55:30,845.9,1662235
2021-06-10 09:55:31,845.7,1662265
2021-06-10 09:55:32,845.9,1662345
2021-06-10 09:55:33,845.9,1662355
2021-06-10 09:55:34,845.9,1662388
2021-06-10 09:55:35,845.9,1662453
2021-06-10 09:55:36,845.9,1662453
2021-06-10 09:55:37,845.9,1662453
2021-06-10 09:55:38,845.9,1662535
2021-06-10 09:55:39,846.0,1663100
2021-06-10 09:55:41,845.9,1663867
2021-06-10 09:55:42,846.0,1665023
2021-06-10 09:55:43,846.0,1665038
2021-06-10 09:55:44,846.0,1665038
2021-06-10 09:55:45,846.0,1665039
2021-06-10 09:55:46,845.9,1665059
2021-06-10 09:55:47,846.05,1665184
2021-06-10 09:55:48,846.25,1665189
2021-06-10 09:55:49,846.25,1665222
2021-06-10 09:55:50,846.0,1665522
2021-06-10 09:55:51,846.0,1665542
2021-06-10 09:55:52,846.25,1665582
2021-06-10 09:55:53,846.25,1665582
2021-06-10 09:55:54,846.05,1665592
2021-06-10 09:55:55,846.25,1665607
2021-06-10 09:55:56,846.25,1665607
2021-06-10 09:55:57,846.25,1665607
2021-06-10 09:55:58,846.25,1665624
2021-06-10 09:55:59,846.25,1665624
2021-06-10 09:56:00,846.25,1665624
2021-06-10 09:56:01,846.25,1665674
2021-06-10 09:56:02,845.5,1669757
2021-06-10 09:56:03,845.4,1670803
2021-06-10 09:56:04,845.35,1670843
2021-06-10 09:56:06,845.0,1670948
2021-06-10 09:56:07,845.45,1671048
2021-06-10 09:56:07,845.45,1671048
2021-06-10 09:56:08,845.45,1671158
2021-06-10 09:56:09,845.45,1671198
2021-06-10 09:56:10,845.45,1671203
2021-06-10 09:56:12,845.05,1671369
2021-06-10 09:56:13,845.05,1671370
2021-06-10 09:56:14,845.2,1671420
2021-06-10 09:56:15,845.55,1672420
2021-06-10 09:56:16,845.85,1673277
2021-06-10 09:56:17,845.85,1673277
2021-06-10 09:56:18,845.45,1673577
2021-06-10 09:56:19,845.45,1673577
2021-06-10 09:56:20,845.45,1673597
2021-06-10 09:56:21,845.45,1673622
2021-06-10 09:56:22,845.45,1673622
2021-06-10 09:56:24,845.5,1674124
2021-06-10 09:56:26,845.75,1674315
2021-06-10 09:56:27,845.5,1674317
2021-06-10 09:56:29,845.5,1674317
2021-06-10 09:56:31,845.75,1674322
2021-06-10 09:56:32,845.75,1674322
2021-06-10 09:56:33,845.45,1674462
2021-06-10 09:56:33,845.45,1674462
2021-06-10 09:56:34,845.75,1674490
2021-06-10 09:56:35,845.75,1674490
2021-06-10 09:56:36,845.75,1674490
2021-06-10 09:56:37,845.75,1674545
2021-06-10 09:56:38,845.75,1675415
2021-06-10 09:56:39,846.0,1675777
2021-06-10 09:56:40,846.0,1675977
2021-06-10 09:56:41,846.0,1675977
2021-06-10 09:56:42,845.7,1676254
2021-06-10 09:56:43,845.7,1676254
2021-06-10 09:56:44,845.95,1676269
2021-06-10 09:56:45,845.95,1676269
2021-06-10 09:56:46,845.95,1676269
2021-06-10 09:56:47,845.75,1676277
2021-06-10 09:56:48,845.75,1676277
2021-06-10 09:56:49,845.95,1676297
2021-06-10 09:56:50,845.95,1676297
2021-06-10 09:56:52,845.75,1676300
2021-06-10 09:56:52,845.95,1676312
2021-06-10 09:56:54,845.95,1676315
2021-06-10 09:56:55,845.95,1676472
2021-06-10 09:56:56,846.0,1676622
2021-06-10 09:56:56,846.0,1676622
2021-06-10 09:56:57,846.0,1676622
2021-06-10 09:56:58,846.0,1676622
2021-06-10 09:56:59,846.05,1676854
2021-06-10 09:57:00,845.95,1676912
2021-06-10 09:57:01,845.95,1676912
2021-06-10 09:57:02,845.95,1676912
2021-06-10 09:57:03,845.95,1676912
2021-06-10 09:57:04,845.95,1677220
2021-06-10 09:57:05,845.95,1677220
2021-06-10 09:57:06,845.95,1677220
2021-06-10 09:57:07,846.05,1677221
2021-06-10 09:57:08,846.05,1677221
2021-06-10 09:57:09,845.45,1681202
2021-06-10 09:57:10,845.05,1682030
2021-06-10 09:57:11,845.4,1682340
2021-06-10 09:57:12,845.4,1682340
2021-06-10 09:57:13,845.4,1682341
2021-06-10 09:57:14,845.05,1682569
2021-06-10 09:57:15,845.45,1682969
2021-06-10 09:57:16,845.05,1682997
2021-06-10 09:57:17,845.45,1683010
2021-06-10 09:57:18,845.05,1683140
2021-06-10 09:57:19,845.05,1683140
2021-06-10 09:57:20,845.05,1683140
2021-06-10 09:57:21,845.05,1683140
2021-06-10 09:57:22,845.25,1683145
2021-06-10 09:57:23,845.5,1683157
2021-06-10 09:57:24,845.25,1683159
2021-06-10 09:57:25,845.5,1683169
2021-06-10 09:57:26,845.5,1683219
2021-06-10 09:57:27,845.5,1683219
2021-06-10 09:57:28,845.35,1683729
2021-06-10 09:57:29,845.75,1683739
2021-06-10 09:57:30,845.2,1683856
2021-06-10 09:57:31,845.2,1683856
2021-06-10 09:57:32,845.45,1683888
2021-06-10 09:57:33,845.45,1683888
2021-06-10 09:57:34,845.2,1683944
2021-06-10 09:57:35,845.2,1683944
2021-06-10 09:57:36,845.55,1683964
2021-06-10 09:57:37,845.55,1683964
2021-06-10 09:57:39,845.55,1683964
2021-06-10 09:57:40,845.1,1684040
2021-06-10 09:57:41,845.0,1694143
2021-06-10 09:57:42,844.4,1697362
2021-06-10 09:57:43,844.4,1697658
2021-06-10 09:57:44,844.3,1698085
2021-06-10 09:57:46,844.3,1698106
2021-06-10 09:57:46,844.3,1698206
2021-06-10 09:57:48,844.7,1698208
2021-06-10 09:57:48,844.3,1698309
2021-06-10 09:57:49,844.7,1698419
2021-06-10 09:57:50,844.7,1698419
2021-06-10 09:57:51,844.7,1698419
2021-06-10 09:57:52,844.75,1698470
2021-06-10 09:57:53,844.4,1698540
2021-06-10 09:57:54,844.4,1698540
2021-06-10 09:57:55,844.4,1698540
2021-06-10 09:57:57,844.4,1698586
2021-06-10 09:57:58,844.4,1698620
2021-06-10 09:58:00,844.4,1698620
2021-06-10 09:58:02,844.7,1698721
2021-06-10 09:58:02,844.7,1698721
2021-06-10 09:58:03,844.7,1698736
2021-06-10 09:58:05,844.45,1698933
2021-06-10 09:58:06,844.7,1698939
2021-06-10 09:58:07,844.5,1699069
2021-06-10 09:58:08,844.5,1699069
2021-06-10 09:58:10,844.5,1699069
2021-06-10 09:58:10,844.5,1699119
2021-06-10 09:58:11,844.5,1699219
2021-06-10 09:58:12,844.45,1700297
2021-06-10 09:58:14,844.3,1700755
2021-06-10 09:58:15,844.5,1700825
2021-06-10 09:58:16,844.3,1700863
2021-06-10 09:58:17,844.4,1700868
2021-06-10 09:58:18,844.4,1700868
2021-06-10 09:58:19,844.4,1700918
2021-06-10 09:58:20,844.2,1701579
2021-06-10 09:58:21,844.2,1701668
2021-06-10 09:58:23,844.35,1701669
2021-06-10 09:58:24,844.3,1701744
2021-06-10 09:58:25,844.35,1702045
2021-06-10 09:58:26,844.3,1702252
2021-06-10 09:58:27,844.3,1702272
2021-06-10 09:58:28,844.3,1702272
2021-06-10 09:58:28,844.3,1702272
2021-06-10 09:58:29,844.3,1702302
2021-06-10 09:58:31,844.3,1702378
2021-06-10 09:58:32,844.15,1702580
2021-06-10 09:58:33,844.3,1702630
2021-06-10 09:58:34,844.3,1702630
2021-06-10 09:58:35,844.35,1702715
2021-06-10 09:58:36,844.35,1702715
2021-06-10 09:58:37,844.05,1702765
2021-06-10 09:58:38,844.35,1702868
2021-06-10 09:58:39,844.15,1702869
2021-06-10 09:58:40,844.15,1702869
2021-06-10 09:58:41,844.15,1702969
2021-06-10 09:58:42,844.05,1703197
2021-06-10 09:58:43,844.05,1703197
2021-06-10 09:58:44,844.1,1703222
2021-06-10 09:58:45,844.05,1703274
2021-06-10 09:58:46,844.05,1703274
2021-06-10 09:58:47,844.05,1703303
2021-06-10 09:58:48,844.05,1703373
2021-06-10 09:58:49,844.3,1703454
2021-06-10 09:58:50,844.3,1703454
2021-06-10 09:58:51,844.3,1703454
2021-06-10 09:58:52,844.3,1703454
2021-06-10 09:58:54,844.3,1703544
2021-06-10 09:58:55,844.05,1703824
2021-06-10 09:58:56,844.05,1704111
2021-06-10 09:58:57,844.25,1704231
2021-06-10 09:58:58,844.05,1704256
2021-06-10 09:58:59,844.1,1704456
2021-06-10 09:59:00,844.25,1704579
2021-06-10 09:59:01,844.1,1704581
2021-06-10 09:59:02,844.1,1704581
2021-06-10 09:59:03,844.1,1704581
2021-06-10 09:59:04,844.1,1704581
2021-06-10 09:59:05,844.1,1704707
2021-06-10 09:59:06,844.2,1704757
2021-06-10 09:59:07,844.2,1704772
2021-06-10 09:59:09,844.2,1704772
2021-06-10 09:59:10,844.2,1704772
2021-06-10 09:59:11,844.2,1704772
2021-06-10 09:59:12,844.0,1708252
2021-06-10 09:59:12,843.25,1710150
2021-06-10 09:59:13,843.5,1710330
2021-06-10 09:59:14,843.2,1711540
2021-06-10 09:59:15,843.25,1712001
2021-06-10 09:59:16,843.0,1712109
2021-06-10 09:59:17,843.0,1712130
2021-06-10 09:59:18,843.0,1712130
2021-06-10 09:59:20,843.65,1712751
2021-06-10 09:59:21,843.15,1712860
2021-06-10 09:59:22,843.0,1713360
2021-06-10 09:59:22,843.0,1713360
2021-06-10 09:59:23,843.25,1713461
2021-06-10 09:59:24,843.25,1713461
2021-06-10 09:59:26,843.45,1713726
2021-06-10 09:59:26,843.15,1714083
2021-06-10 09:59:27,843.6,1714213
2021-06-10 09:59:28,843.15,1714453
2021-06-10 09:59:29,843.1,1714903
2021-06-10 09:59:30,843.1,1714921
2021-06-10 09:59:31,843.25,1715021
2021-06-10 09:59:33,843.3,1715101
2021-06-10 09:59:33,843.7,1715990
2021-06-10 09:59:35,843.4,1717476
2021-06-10 09:59:36,843.5,1718536
2021-06-10 09:59:37,843.45,1718974
2021-06-10 09:59:38,843.55,1719091
2021-06-10 09:59:38,843.85,1719328
2021-06-10 09:59:39,843.5,1719347
2021-06-10 09:59:40,843.5,1719347
2021-06-10 09:59:41,844.0,1719448
2021-06-10 09:59:42,843.55,1719598
2021-06-10 09:59:43,844.5,1722303
2021-06-10 09:59:44,844.1,1722993
2021-06-10 09:59:46,844.5,1723641
2021-06-10 09:59:48,844.75,1723921
2021-06-10 09:59:49,844.9,1724287
2021-06-10 09:59:50,844.9,1724287
2021-06-10 09:59:51,844.8,1724390
2021-06-10 09:59:52,844.8,1724490
2021-06-10 09:59:54,844.85,1724725
2021-06-10 09:59:55,844.55,1724732
2021-06-10 09:59:56,844.9,1724736
2021-06-10 09:59:56,844.9,1724736
2021-06-10 09:59:57,844.9,1724736
2021-06-10 09:59:58,844.85,1724738
2021-06-10 09:59:59,844.85,1724758
2021-06-10 10:00:00,844.85,1724758
2021-06-10 10:00:01,844.9,1724784
2021-06-10 10:00:02,844.85,1724824
2021-06-10 10:00:03,844.9,1724924
2021-06-10 10:00:04,844.9,1724924
2021-06-10 10:00:05,844.55,1724964
2021-06-10 10:00:06,844.55,1724976
2021-06-10 10:00:07,844.55,1724976
2021-06-10 10:00:08,844.85,1725056
2021-06-10 10:00:09,844.85,1725057
2021-06-10 10:00:10,844.85,1725157
2021-06-10 10:00:11,844.55,1725394
2021-06-10 10:00:12,844.55,1725394
2021-06-10 10:00:13,844.55,1725394
2021-06-10 10:00:14,844.85,1725644
2021-06-10 10:00:16,844.85,1725854
2021-06-10 10:00:17,844.6,1726215
2021-06-10 10:00:19,844.85,1726548
2021-06-10 10:00:20,844.85,1726598
2021-06-10 10:00:22,844.85,1726673
2021-06-10 10:00:23,844.6,1726691
2021-06-10 10:00:24,844.6,1726711
2021-06-10 10:00:25,844.6,1726711
2021-06-10 10:00:26,844.6,1726791
2021-06-10 10:00:27,844.5,1726909
2021-06-10 10:00:29,844.8,1727723
2021-06-10 10:00:29,845.0,1727878
2021-06-10 10:00:31,845.0,1727878
2021-06-10 10:00:32,844.75,1727879
2021-06-10 10:00:33,845.0,1728039
2021-06-10 10:00:34,844.85,1728300
2021-06-10 10:00:35,844.85,1728300
2021-06-10 10:00:36,844.95,1729786
2021-06-10 10:00:37,844.75,1730532
2021-06-10 10:00:38,844.6,1730562
2021-06-10 10:00:39,844.55,1730605
2021-06-10 10:00:40,844.4,1731758
2021-06-10 10:00:41,844.2,1732367
2021-06-10 10:00:42,844.2,1732367
2021-06-10 10:00:43,844.2,1732382
2021-06-10 10:00:43,844.2,1732382
2021-06-10 10:00:44,844.55,1732383
2021-06-10 10:00:45,844.55,1732388
2021-06-10 10:00:46,844.55,1732389
2021-06-10 10:00:47,844.0,1732839
2021-06-10 10:00:49,844.2,1733139
2021-06-10 10:00:52,844.0,1733297
2021-06-10 10:00:53,844.0,1733297
2021-06-10 10:00:54,844.0,1733297
2021-06-10 10:00:54,844.0,1733297
2021-06-10 10:00:57,844.0,1733297
2021-06-10 10:00:58,844.35,1733299
2021-06-10 10:00:59,844.0,1733659
2021-06-10 10:01:00,843.95,1734032
2021-06-10 10:01:01,844.35,1734132
2021-06-10 10:01:02,844.0,1734162
2021-06-10 10:01:03,843.85,1734331
2021-06-10 10:01:04,844.0,1734431
2021-06-10 10:01:05,844.0,1734472
2021-06-10 10:01:06,844.0,1734475
2021-06-10 10:01:08,844.0,1734475
2021-06-10 10:01:09,843.8,1734975
2021-06-10 10:01:10,843.8,1734975
2021-06-10 10:01:11,843.8,1734975
2021-06-10 10:01:12,843.55,1734995
2021-06-10 10:01:12,843.55,1734995
2021-06-10 10:01:14,843.8,1735236
2021-06-10 10:01:15,843.4,1736515
2021-06-10 10:01:16,843.25,1736731
2021-06-10 10:01:17,843.0,1737257
2021-06-10 10:01:17,843.0,1737257
2021-06-10 10:01:18,843.0,1737272
2021-06-10 10:01:19,843.0,1737272
2021-06-10 10:01:20,843.05,1737542
2021-06-10 10:01:21,843.5,1737892
2021-06-10 10:01:24,843.1,1738939
2021-06-10 10:01:25,843.1,1738939
2021-06-10 10:01:26,843.5,1739048
2021-06-10 10:01:27,843.5,1739273
2021-06-10 10:01:28,843.1,1739658
2021-06-10 10:01:29,843.5,1739828
2021-06-10 10:01:30,843.5,1739838
2021-06-10 10:01:30,843.5,1739838
2021-06-10 10:01:31,843.2,1740048
2021-06-10 10:01:32,843.55,1740098
2021-06-10 10:01:33,843.15,1740102
2021-06-10 10:01:34,843.5,1740112
2021-06-10 10:01:35,843.6,1740222
2021-06-10 10:01:36,843.2,1740347
2021-06-10 10:01:37,843.2,1740351
2021-06-10 10:01:38,843.55,1740628
2021-06-10 10:01:39,843.2,1740729
2021-06-10 10:01:40,843.2,1740758
2021-06-10 10:01:41,843.55,1740813
2021-06-10 10:01:43,843.2,1740838
2021-06-10 10:01:44,843.2,1740838
2021-06-10 10:01:44,843.2,1740838
2021-06-10 10:01:45,843.1,1741138
2021-06-10 10:01:47,843.55,1741148
2021-06-10 10:01:48,843.55,1741148
2021-06-10 10:01:49,843.2,1741272
2021-06-10 10:01:50,843.2,1741272
2021-06-10 10:01:51,843.2,1741295
2021-06-10 10:01:52,843.2,1741295
2021-06-10 10:01:53,843.2,1741295
2021-06-10 10:01:54,843.2,1741295
2021-06-10 10:01:56,843.2,1742092
2021-06-10 10:01:56,843.55,1742090
2021-06-10 10:01:58,843.2,1742372
2021-06-10 10:01:59,843.2,1742472
2021-06-10 10:02:00,843.2,1742592
2021-06-10 10:02:01,843.05,1744925
2021-06-10 10:02:03,842.55,1748979
2021-06-10 10:02:04,842.8,1749104
2021-06-10 10:02:05,843.05,1749124
2021-06-10 10:02:05,842.7,1749145
2021-06-10 10:02:07,842.85,1749156
2021-06-10 10:02:08,842.9,1749306
2021-06-10 10:02:09,842.55,1749337
2021-06-10 10:02:10,842.65,1749687
2021-06-10 10:02:11,843.05,1750262
2021-06-10 10:02:11,843.05,1750262
2021-06-10 10:02:13,842.9,1750614
2021-06-10 10:02:14,842.85,1750719
2021-06-10 10:02:16,843.3,1751098
2021-06-10 10:02:17,843.1,1751193
2021-06-10 10:02:18,843.65,1751640
2021-06-10 10:02:19,843.45,1751939
2021-06-10 10:02:19,843.45,1751939
2021-06-10 10:02:21,843.9,1752647
2021-06-10 10:02:22,843.9,1752683
2021-06-10 10:02:23,843.9,1752683
2021-06-10 10:02:23,843.8,1752708
2021-06-10 10:02:25,843.9,1752808
2021-06-10 10:02:26,843.9,1752808
2021-06-10 10:02:27,844.15,1752824
2021-06-10 10:02:28,844.0,1752884
2021-06-10 10:02:30,844.15,1753356
2021-06-10 10:02:31,844.2,1753376
2021-06-10 10:02:32,844.0,1753630
2021-06-10 10:02:33,844.3,1753631
2021-06-10 10:02:34,844.1,1753831
2021-06-10 10:02:35,844.25,1754701
2021-06-10 10:02:35,844.25,1754701
2021-06-10 10:02:38,844.5,1754711
2021-06-10 10:02:39,844.5,1754712
2021-06-10 10:02:40,844.6,1754714
2021-06-10 10:02:41,844.5,1754764
2021-06-10 10:02:42,844.6,1754774
2021-06-10 10:02:43,844.35,1755819
2021-06-10 10:02:44,844.15,1756207
2021-06-10 10:02:45,844.55,1756407
2021-06-10 10:02:46,844.45,1756468
2021-06-10 10:02:48,844.5,1756907
2021-06-10 10:02:48,844.45,1756912
2021-06-10 10:02:49,844.45,1757078
2021-06-10 10:02:50,844.1,1757100
2021-06-10 10:02:52,844.45,1757114
2021-06-10 10:02:53,844.45,1757115
2021-06-10 10:02:54,844.45,1757125
2021-06-10 10:02:54,844.45,1757125
2021-06-10 10:02:55,844.45,1757225
2021-06-10 10:02:56,844.1,1757265
2021-06-10 10:02:57,844.1,1757265
2021-06-10 10:02:59,844.45,1757285
2021-06-10 10:03:00,844.45,1757285
2021-06-10 10:03:01,844.15,1757335
2021-06-10 10:03:02,844.15,1757335
2021-06-10 10:03:05,844.15,1757357
2021-06-10 10:03:04,844.15,1757335
2021-06-10 10:03:06,844.15,1757457
2021-06-10 10:03:08,844.15,1757459
2021-06-10 10:03:09,844.15,1757459
2021-06-10 10:03:11,844.15,1757514
2021-06-10 10:03:12,844.4,1757524
2021-06-10 10:03:13,844.4,1757525
2021-06-10 10:03:14,844.4,1757525
2021-06-10 10:03:15,844.15,1758095
2021-06-10 10:03:16,844.15,1758095
2021-06-10 10:03:17,844.15,1758429
2021-06-10 10:03:18,844.15,1758429
2021-06-10 10:03:20,844.15,1758450
2021-06-10 10:03:21,844.4,1758650
2021-06-10 10:03:22,844.1,1758760
2021-06-10 10:03:23,844.1,1758770
2021-06-10 10:03:24,844.4,1758831
2021-06-10 10:03:25,844.4,1758847
2021-06-10 10:03:26,844.4,1758847
2021-06-10 10:03:27,844.1,1758848
2021-06-10 10:03:28,844.1,1758848
2021-06-10 10:03:29,844.4,1758898
2021-06-10 10:03:29,844.4,1758899
2021-06-10 10:03:30,844.4,1758899
2021-06-10 10:03:33,844.4,1759005
2021-06-10 10:03:34,844.4,1759005
2021-06-10 10:03:35,844.15,1759026
2021-06-10 10:03:35,844.15,1759026
2021-06-10 10:03:36,844.15,1759026
2021-06-10 10:03:38,844.4,1759056
2021-06-10 10:03:38,844.4,1759056
2021-06-10 10:03:40,844.4,1759081
2021-06-10 10:03:41,844.25,1759121
2021-06-10 10:03:42,844.25,1759121
2021-06-10 10:03:43,844.25,1759121
2021-06-10 10:03:44,844.25,1759121
2021-06-10 10:03:46,844.4,1759142
2021-06-10 10:03:47,844.4,1759142
2021-06-10 10:03:48,844.4,1759142
2021-06-10 10:03:49,844.35,1759497
2021-06-10 10:03:50,844.35,1759507
2021-06-10 10:03:51,844.25,1759528
2021-06-10 10:03:52,844.25,1759625
2021-06-10 10:03:53,844.35,1759626
2021-06-10 10:03:54,844.35,1759626
2021-06-10 10:03:55,844.35,1759683
2021-06-10 10:03:56,844.35,1759783
2021-06-10 10:03:57,844.15,1760490
2021-06-10 10:03:58,844.1,1760853
2021-06-10 10:03:59,844.1,1760853
2021-06-10 10:04:00,843.45,1763985
2021-06-10 10:04:00,843.0,1764548
2021-06-10 10:04:01,843.0,1764548
2021-06-10 10:04:03,843.3,1764703
2021-06-10 10:04:04,843.45,1764753
2021-06-10 10:04:05,843.1,1764855
2021-06-10 10:04:06,843.1,1764875
2021-06-10 10:04:07,843.1,1764905
2021-06-10 10:04:08,843.3,1765417
2021-06-10 10:04:09,843.3,1765417
2021-06-10 10:04:10,843.5,1765467
2021-06-10 10:04:10,843.3,1765417
2021-06-10 10:04:11,843.5,1765467
2021-06-10 10:04:13,843.5,1765467
2021-06-10 10:04:14,843.6,1765517
2021-06-10 10:04:15,843.65,1765567
2021-06-10 10:04:16,843.35,1765587
2021-06-10 10:04:16,843.35,1765587
2021-06-10 10:04:17,843.35,1765587
2021-06-10 10:04:19,843.35,1765587
2021-06-10 10:04:20,843.6,1765687
2021-06-10 10:04:21,843.35,1765709
2021-06-10 10:04:22,843.35,1765710
2021-06-10 10:04:23,843.35,1765715
2021-06-10 10:04:25,843.35,1765715
2021-06-10 10:04:25,843.55,1765733
2021-06-10 10:04:26,843.55,1765738
2021-06-10 10:04:28,843.55,1765739
2021-06-10 10:04:30,843.4,1765844
2021-06-10 10:04:30,843.4,1765844
2021-06-10 10:04:31,843.4,1765854
2021-06-10 10:04:33,843.4,1765869
2021-06-10 10:04:34,843.4,1765869
2021-06-10 10:04:35,843.4,1765901
2021-06-10 10:04:36,843.5,1766086
2021-06-10 10:04:37,843.5,1766118
2021-06-10 10:04:38,843.3,1766628
2021-06-10 10:04:39,843.3,1766628
2021-06-10 10:04:41,843.3,1766628
2021-06-10 10:04:40,843.3,1766628
2021-06-10 10:04:42,843.3,1766628
2021-06-10 10:04:43,843.3,1766628
2021-06-10 10:04:44,843.5,1766633
2021-06-10 10:04:45,843.5,1766633
2021-06-10 10:04:46,843.5,1766633
2021-06-10 10:04:47,843.5,1766633
2021-06-10 10:04:48,843.5,1766638
2021-06-10 10:04:49,843.5,1766938
2021-06-10 10:04:50,843.4,1767263
2021-06-10 10:04:51,843.4,1767263
2021-06-10 10:04:52,843.4,1767263
2021-06-10 10:04:53,843.5,1767314
2021-06-10 10:04:54,843.5,1767314
2021-06-10 10:04:55,843.5,1767314
2021-06-10 10:04:56,843.5,1767339
2021-06-10 10:04:57,843.75,1769339
2021-06-10 10:04:58,843.3,1769843
2021-06-10 10:04:59,843.3,1769843
2021-06-10 10:05:01,843.6,1770070
2021-06-10 10:05:02,843.25,1770302
2021-06-10 10:05:04,843.3,1770652
2021-06-10 10:05:05,843.35,1770673
2021-06-10 10:05:06,843.35,1770673
2021-06-10 10:05:07,843.35,1770673
2021-06-10 10:05:08,843.35,1770673
2021-06-10 10:05:09,843.35,1770727
2021-06-10 10:05:10,843.0,1772189
2021-06-10 10:05:11,842.5,1774103
2021-06-10 10:05:12,843.1,1774420
2021-06-10 10:05:13,843.05,1774436
2021-06-10 10:05:14,842.55,1774631
2021-06-10 10:05:15,842.95,1774781
2021-06-10 10:05:17,842.5,1775092
2021-06-10 10:05:18,842.5,1775092
2021-06-10 10:05:19,842.95,1775094
2021-06-10 10:05:20,842.55,1775124
2021-06-10 10:05:21,842.55,1775124
2021-06-10 10:05:22,842.95,1775179
2021-06-10 10:05:23,842.95,1775179
2021-06-10 10:05:24,842.55,1775239
2021-06-10 10:05:25,842.95,1775339
2021-06-10 10:05:26,842.95,1775474
2021-06-10 10:05:27,842.95,1775474
2021-06-10 10:05:28,842.95,1775474
2021-06-10 10:05:29,842.95,1775504
2021-06-10 10:05:30,842.95,1775504
2021-06-10 10:05:32,843.0,1775554
2021-06-10 10:05:33,842.95,1775774
2021-06-10 10:05:34,842.95,1775869
2021-06-10 10:05:35,842.9,1775975
2021-06-10 10:05:36,842.95,1776056
2021-06-10 10:05:37,842.95,1776385
2021-06-10 10:05:38,842.95,1776385
2021-06-10 10:05:39,842.95,1777203
2021-06-10 10:05:40,843.0,1777330
2021-06-10 10:05:41,843.15,1777680
2021-06-10 10:05:42,843.15,1777680
2021-06-10 10:05:43,843.3,1777682
2021-06-10 10:05:44,843.4,1778222
2021-06-10 10:05:45,842.95,1778467
2021-06-10 10:05:46,842.95,1778467
2021-06-10 10:05:47,842.95,1778467
2021-06-10 10:05:48,842.95,1778467
2021-06-10 10:05:49,843.25,1778492
2021-06-10 10:05:50,843.45,1778592
2021-06-10 10:05:51,843.25,1779626
2021-06-10 10:05:52,843.0,1780660
2021-06-10 10:05:53,842.85,1781050
2021-06-10 10:05:54,843.2,1781052
2021-06-10 10:05:55,843.2,1781052
2021-06-10 10:05:56,843.2,1781052
2021-06-10 10:05:57,843.2,1781052
2021-06-10 10:05:58,842.75,1781252
2021-06-10 10:05:59,843.2,1781483
2021-06-10 10:06:00,843.25,1781613
2021-06-10 10:06:01,843.2,1781624
2021-06-10 10:06:02,843.2,1781624
2021-06-10 10:06:03,842.95,1782474
2021-06-10 10:06:04,842.95,1782474
2021-06-10 10:06:05,843.2,1782738
2021-06-10 10:06:06,843.2,1782820
2021-06-10 10:06:07,843.2,1782820
2021-06-10 10:06:08,842.6,1783320
2021-06-10 10:06:09,843.2,1783330
2021-06-10 10:06:12,843.2,1783390
2021-06-10 10:06:11,843.2,1783390
2021-06-10 10:06:13,843.2,1783440
2021-06-10 10:06:14,843.2,1783440
2021-06-10 10:06:15,843.2,1783502
2021-06-10 10:06:16,843.2,1783502
2021-06-10 10:06:17,843.2,1783607
2021-06-10 10:06:18,842.85,1783915
2021-06-10 10:06:19,842.85,1784255
2021-06-10 10:06:21,843.25,1784281
2021-06-10 10:06:20,843.25,1784256
2021-06-10 10:06:24,843.2,1784325
2021-06-10 10:06:25,843.0,1784425
2021-06-10 10:06:26,843.15,1784488
2021-06-10 10:06:27,843.15,1784589
2021-06-10 10:06:28,843.15,1784589
2021-06-10 10:06:29,843.15,1784589
2021-06-10 10:06:30,843.15,1784589
2021-06-10 10:06:31,843.15,1784589
2021-06-10 10:06:32,843.15,1784589
2021-06-10 10:06:33,843.15,1784589
2021-06-10 10:06:34,843.25,1784690
2021-06-10 10:06:35,843.25,1784690
2021-06-10 10:06:36,843.05,1784711
2021-06-10 10:06:37,843.05,1784711
2021-06-10 10:06:38,843.15,1784736
2021-06-10 10:06:39,843.55,1785718
2021-06-10 10:06:40,843.85,1785756
2021-06-10 10:06:41,843.85,1785856
2021-06-10 10:06:42,843.55,1786161
2021-06-10 10:06:43,843.85,1786170
2021-06-10 10:06:45,843.85,1787145
2021-06-10 10:06:46,843.85,1787145
2021-06-10 10:06:47,843.6,1787146
2021-06-10 10:06:48,843.9,1787158
2021-06-10 10:06:49,843.9,1787163
2021-06-10 10:06:50,843.6,1787219
2021-06-10 10:06:51,843.6,1787221
2021-06-10 10:06:52,843.6,1787272
2021-06-10 10:06:54,843.6,1787293
2021-06-10 10:06:55,843.6,1787345
2021-06-10 10:06:55,843.9,1787486
2021-06-10 10:06:57,843.6,1787754
2021-06-10 10:06:57,843.6,1787537
2021-06-10 10:06:58,843.6,1788306
2021-06-10 10:06:59,843.6,1788357
2021-06-10 10:07:00,843.3,1790211
2021-06-10 10:07:01,843.5,1790684
2021-06-10 10:07:02,843.15,1790756
2021-06-10 10:07:03,843.15,1790852
2021-06-10 10:07:04,843.05,1790927
2021-06-10 10:07:05,843.4,1790983
2021-06-10 10:07:07,843.0,1791035
2021-06-10 10:07:07,843.0,1791036
2021-06-10 10:07:08,843.0,1791089
2021-06-10 10:07:09,843.0,1791110
2021-06-10 10:07:11,843.0,1791254
2021-06-10 10:07:12,843.0,1791274
2021-06-10 10:07:13,843.1,1791646
2021-06-10 10:07:14,843.55,1791696
2021-06-10 10:07:16,843.5,1792019
2021-06-10 10:07:17,843.7,1792502
2021-06-10 10:07:18,843.2,1792977
2021-06-10 10:07:19,843.15,1793333
2021-06-10 10:07:20,843.15,1793348
2021-06-10 10:07:21,843.15,1793355
2021-06-10 10:07:22,843.15,1793355
2021-06-10 10:07:23,843.15,1793355
2021-06-10 10:07:25,843.15,1793355
2021-06-10 10:07:26,843.15,1793355
2021-06-10 10:07:26,843.15,1793355
2021-06-10 10:07:27,843.15,1793355
2021-06-10 10:07:28,843.15,1793355
2021-06-10 10:07:29,843.4,1793703
2021-06-10 10:07:30,843.7,1793704
2021-06-10 10:07:32,843.7,1793904
2021-06-10 10:07:32,843.7,1793905
2021-06-10 10:07:33,843.8,1793906
2021-06-10 10:07:35,843.55,1794384
2021-06-10 10:07:36,843.95,1794643
2021-06-10 10:07:37,843.95,1794643
2021-06-10 10:07:38,843.9,1794685
2021-06-10 10:07:39,843.9,1794738
2021-06-10 10:07:40,843.9,1794738
2021-06-10 10:07:41,843.9,1794789
2021-06-10 10:07:42,843.9,1794789
2021-06-10 10:07:45,843.8,1795226
2021-06-10 10:07:49,843.9,1795378
2021-06-10 10:07:50,843.25,1801670
2021-06-10 10:07:52,843.35,1802984
2021-06-10 10:07:52,843.35,1802984
2021-06-10 10:07:53,843.4,1803034
2021-06-10 10:07:54,843.4,1803034
2021-06-10 10:07:56,843.35,1803044
2021-06-10 10:07:56,843.35,1803044
2021-06-10 10:07:58,843.35,1803044
2021-06-10 10:07:59,843.35,1803084
2021-06-10 10:08:00,843.35,1803084
2021-06-10 10:08:01,843.3,1803209
2021-06-10 10:08:02,843.1,1804665
2021-06-10 10:08:03,843.1,1804665
2021-06-10 10:08:04,843.25,1805080
2021-06-10 10:08:05,843.05,1805111
2021-06-10 10:08:07,843.25,1805415
2021-06-10 10:08:08,843.25,1805530
2021-06-10 10:08:09,843.3,1805650
2021-06-10 10:08:10,843.05,1805671
2021-06-10 10:08:11,842.7,1808770
2021-06-10 10:08:13,842.55,1809383
2021-06-10 10:08:14,843.15,1809435
2021-06-10 10:08:14,843.2,1809437
2021-06-10 10:08:15,843.2,1809437
2021-06-10 10:08:16,843.05,1809467
2021-06-10 10:08:17,843.05,1809467
2021-06-10 10:08:19,843.05,1809467
2021-06-10 10:08:20,843.05,1809488
2021-06-10 10:08:22,843.4,1809588
2021-06-10 10:08:23,843.2,1809603
2021-06-10 10:08:24,843.2,1809603
2021-06-10 10:08:25,843.15,1813736
2021-06-10 10:08:26,843.5,1818979
2021-06-10 10:08:28,843.35,1819828
2021-06-10 10:08:28,843.35,1819828
2021-06-10 10:08:29,843.35,1819828
2021-06-10 10:08:30,843.35,1819828
2021-06-10 10:08:31,843.45,1819890
2021-06-10 10:08:32,843.45,1819974
2021-06-10 10:08:33,843.45,1819974
2021-06-10 10:08:34,843.45,1819974
2021-06-10 10:08:35,843.5,1820153
2021-06-10 10:08:36,843.35,1820174
2021-06-10 10:08:38,843.5,1820226
2021-06-10 10:08:38,843.5,1820226
2021-06-10 10:08:39,843.5,1820247
2021-06-10 10:08:40,843.5,1820304
2021-06-10 10:08:42,843.5,1820454
2021-06-10 10:08:43,843.0,1821410
2021-06-10 10:08:44,842.9,1821720
2021-06-10 10:08:45,842.85,1821743
2021-06-10 10:08:46,842.85,1821744
2021-06-10 10:08:48,842.85,1821744
2021-06-10 10:08:48,842.85,1821772
2021-06-10 10:08:49,842.9,1821872
2021-06-10 10:08:51,842.6,1821894
2021-06-10 10:08:52,842.85,1821919
2021-06-10 10:08:53,842.3,1823464
2021-06-10 10:08:53,842.55,1823470
2021-06-10 10:08:55,842.3,1823878
2021-06-10 10:08:56,842.05,1824150
2021-06-10 10:08:56,842.1,1824171
2021-06-10 10:08:57,842.0,1825130
2021-06-10 10:08:59,842.0,1825370
2021-06-10 10:09:00,842.0,1825561
2021-06-10 10:09:01,842.95,1828346
2021-06-10 10:09:01,842.35,1828888
2021-06-10 10:09:03,842.7,1828913
2021-06-10 10:09:04,842.55,1828954
2021-06-10 10:09:05,842.55,1828954
2021-06-10 10:09:06,842.5,1829020
2021-06-10 10:09:06,842.5,1829020
2021-06-10 10:09:07,842.5,1829170
2021-06-10 10:09:09,842.9,1829349
2021-06-10 10:09:10,842.6,1829433
2021-06-10 10:09:11,842.55,1829557
2021-06-10 10:09:11,842.55,1829561
2021-06-10 10:09:12,842.95,1830132
2021-06-10 10:09:13,842.55,1830239
2021-06-10 10:09:14,842.55,1831624
2021-06-10 10:09:15,842.65,1831963
2021-06-10 10:09:16,843.05,1832030
2021-06-10 10:09:17,842.95,1835577
2021-06-10 10:09:18,843.05,1837374
2021-06-10 10:09:19,842.2,1837566
2021-06-10 10:09:20,842.1,1837838
2021-06-10 10:09:21,842.1,1837854
2021-06-10 10:09:22,842.1,1838068
2021-06-10 10:09:24,842.45,1838631
2021-06-10 10:09:25,842.1,1838657
2021-06-10 10:09:26,842.5,1838768
2021-06-10 10:09:27,842.45,1838806
2021-06-10 10:09:28,842.1,1838828
2021-06-10 10:09:29,842.15,1838870
2021-06-10 10:09:30,842.1,1838916
2021-06-10 10:09:31,842.3,1838928
2021-06-10 10:09:31,842.35,1838940
2021-06-10 10:09:32,842.4,1839500
2021-06-10 10:09:33,842.35,1840269
2021-06-10 10:09:34,842.45,1842285
2021-06-10 10:09:35,842.35,1842773
2021-06-10 10:09:37,843.35,1843186
2021-06-10 10:09:38,843.25,1843678
2021-06-10 10:09:39,843.0,1843694
2021-06-10 10:09:40,842.75,1843792
2021-06-10 10:09:41,842.75,1844012
2021-06-10 10:09:42,842.75,1844056
2021-06-10 10:09:43,842.75,1844091
2021-06-10 10:09:44,842.5,1844262
2021-06-10 10:09:45,842.6,1844278
2021-06-10 10:09:46,842.6,1844342
2021-06-10 10:09:47,842.2,1844990
2021-06-10 10:09:48,842.1,1845012
2021-06-10 10:09:49,842.15,1845274
2021-06-10 10:09:50,842.1,1845410
2021-06-10 10:09:52,842.45,1845549
2021-06-10 10:09:52,842.4,1845559
2021-06-10 10:09:53,842.25,1845574
2021-06-10 10:09:55,842.1,1847165
2021-06-10 10:09:56,842.1,1847582
2021-06-10 10:09:57,842.15,1847920
2021-06-10 10:09:58,842.6,1847992
2021-06-10 10:09:58,842.2,1848244
2021-06-10 10:09:59,842.45,1848330
2021-06-10 10:10:00,842.1,1848459
2021-06-10 10:10:01,842.35,1848466
2021-06-10 10:10:02,842.1,1848487
2021-06-10 10:10:03,842.15,1848495
2021-06-10 10:10:04,842.1,1848548
2021-06-10 10:10:05,842.15,1848590
2021-06-10 10:10:07,842.0,1848769
2021-06-10 10:10:08,841.65,1851305
2021-06-10 10:10:09,841.25,1853242
2021-06-10 10:10:10,841.2,1853791
2021-06-10 10:10:12,841.55,1858595
2021-06-10 10:10:13,841.6,1859208
2021-06-10 10:10:13,841.55,1859519
2021-06-10 10:10:14,841.55,1859610
2021-06-10 10:10:15,841.9,1860567
2021-06-10 10:10:16,841.5,1860889
2021-06-10 10:10:17,841.5,1860907
2021-06-10 10:10:18,842.15,1861172
2021-06-10 10:10:19,842.0,1861212
2021-06-10 10:10:20,842.25,1861278
2021-06-10 10:10:21,842.0,1862316
2021-06-10 10:10:23,842.15,1862759
2021-06-10 10:10:24,842.25,1862799
2021-06-10 10:10:25,842.0,1863699
2021-06-10 10:10:25,842.0,1863723
2021-06-10 10:10:26,841.6,1864303
2021-06-10 10:10:28,841.95,1864353
2021-06-10 10:10:29,842.0,1864380
2021-06-10 10:10:30,842.05,1864556
2021-06-10 10:10:31,841.85,1864715
2021-06-10 10:10:31,841.8,1864747
2021-06-10 10:10:32,841.65,1866086
2021-06-10 10:10:33,842.05,1866655
2021-06-10 10:10:34,842.05,1866873
2021-06-10 10:10:35,842.1,1866983
2021-06-10 10:10:36,842.1,1867509
2021-06-10 10:10:37,842.1,1867531
2021-06-10 10:10:38,842.4,1868246
2021-06-10 10:10:40,842.1,1868550
2021-06-10 10:10:41,842.1,1868613
2021-06-10 10:10:42,842.05,1868848
2021-06-10 10:10:42,842.05,1868844
2021-06-10 10:10:43,842.05,1868865
2021-06-10 10:10:44,842.3,1869042
2021-06-10 10:10:45,842.25,1869060
2021-06-10 10:10:46,842.2,1869080
2021-06-10 10:10:48,842.6,1869372
2021-06-10 10:10:50,842.65,1869425
2021-06-10 10:10:51,842.9,1870336
2021-06-10 10:10:52,842.9,1870377
2021-06-10 10:10:52,842.9,1870379
2021-06-10 10:10:53,842.9,1870750
2021-06-10 10:10:54,844.35,1876221
2021-06-10 10:10:55,844.15,1877674
2021-06-10 10:10:56,843.7,1878553
2021-06-10 10:10:57,843.7,1878869
2021-06-10 10:10:58,843.05,1879021
2021-06-10 10:11:00,843.2,1879079
2021-06-10 10:11:01,843.0,1879511
2021-06-10 10:11:02,843.3,1879546
2021-06-10 10:11:02,843.3,1879546
2021-06-10 10:11:04,843.4,1879646
2021-06-10 10:11:05,843.45,1879730
2021-06-10 10:11:06,843.05,1879761
2021-06-10 10:11:07,843.1,1879857
2021-06-10 10:11:08,843.6,1880242
2021-06-10 10:11:09,843.55,1880263
2021-06-10 10:11:10,843.9,1880666
2021-06-10 10:11:12,843.6,1880693
2021-06-10 10:11:13,843.85,1880895
2021-06-10 10:11:15,843.85,1880900
2021-06-10 10:11:15,843.85,1880900
2021-06-10 10:11:16,843.85,1880938
2021-06-10 10:11:18,843.85,1880988
2021-06-10 10:11:19,843.9,1882106
2021-06-10 10:11:21,843.8,1885427
2021-06-10 10:11:22,843.85,1885804
2021-06-10 10:11:25,843.5,1886956
2021-06-10 10:11:26,843.75,1887016
2021-06-10 10:11:27,843.5,1887025
2021-06-10 10:11:28,843.5,1887035
2021-06-10 10:11:29,843.5,1887035
2021-06-10 10:11:30,843.75,1887286
2021-06-10 10:11:31,843.5,1887387
2021-06-10 10:11:31,843.75,1887427
2021-06-10 10:11:32,843.75,1887483
2021-06-10 10:11:33,843.75,1887557
2021-06-10 10:11:34,844.0,1887642
2021-06-10 10:11:36,844.1,1887709
2021-06-10 10:11:37,844.1,1887709
2021-06-10 10:11:38,844.1,1887709
2021-06-10 10:11:39,843.75,1888254
2021-06-10 10:11:40,843.75,1888487
2021-06-10 10:11:41,843.75,1888487
2021-06-10 10:11:42,843.75,1888562
2021-06-10 10:11:43,843.75,1888562
2021-06-10 10:11:44,843.75,1888562
2021-06-10 10:11:45,843.8,1888606
2021-06-10 10:11:46,843.95,1888664
2021-06-10 10:11:47,843.75,1888677
2021-06-10 10:11:48,843.95,1888777
2021-06-10 10:11:49,843.95,1888777
2021-06-10 10:11:49,843.75,1888782
2021-06-10 10:11:50,843.75,1888804
2021-06-10 10:11:51,843.75,1888804
2021-06-10 10:11:52,843.75,1888804
2021-06-10 10:11:53,844.0,1888879
2021-06-10 10:11:54,844.0,1888879
2021-06-10 10:11:55,844.0,1888983
2021-06-10 10:11:56,844.0,1889283
2021-06-10 10:11:57,844.0,1889295
2021-06-10 10:12:00,844.0,1889300
2021-06-10 10:12:01,844.0,1889325
2021-06-10 10:12:02,844.0,1890420
2021-06-10 10:12:03,844.0,1890420
2021-06-10 10:12:04,844.0,1890420
2021-06-10 10:12:05,844.1,1890450
2021-06-10 10:12:06,844.2,1890530
2021-06-10 10:12:06,844.2,1890530
2021-06-10 10:12:07,844.2,1890530
2021-06-10 10:12:08,844.35,1890750
2021-06-10 10:12:09,844.35,1890827
2021-06-10 10:12:11,844.45,1891294
2021-06-10 10:12:12,844.05,1891580
2021-06-10 10:12:13,844.45,1891795
2021-06-10 10:12:14,844.45,1891840
2021-06-10 10:12:15,844.45,1891865
2021-06-10 10:12:16,844.45,1892053
2021-06-10 10:12:17,844.5,1892133
2021-06-10 10:12:18,844.5,1892233
2021-06-10 10:12:19,844.4,1892445
2021-06-10 10:12:20,844.8,1893288
2021-06-10 10:12:21,844.9,1893664
2021-06-10 10:12:22,844.8,1893710
2021-06-10 10:12:23,844.8,1893812
2021-06-10 10:12:24,844.8,1893812
2021-06-10 10:12:25,844.55,1893832
2021-06-10 10:12:26,844.6,1893940
2021-06-10 10:12:27,844.9,1894460
2021-06-10 10:12:27,844.9,1894460
2021-06-10 10:12:28,844.9,1894510
2021-06-10 10:12:29,844.8,1894655
2021-06-10 10:12:30,844.55,1894665
2021-06-10 10:12:31,844.55,1894665
2021-06-10 10:12:32,844.55,1894665
2021-06-10 10:12:33,844.8,1894680
2021-06-10 10:12:34,844.8,1894680
2021-06-10 10:12:36,844.65,1895273
2021-06-10 10:12:36,844.6,1895565
2021-06-10 10:12:37,845.05,1897542
2021-06-10 10:12:38,845.15,1898183
2021-06-10 10:12:39,845.15,1898183
2021-06-10 10:12:41,845.2,1898223
2021-06-10 10:12:42,845.2,1898293
2021-06-10 10:12:43,845.2,1898408
2021-06-10 10:12:44,845.0,1898483
2021-06-10 10:12:45,845.2,1898713
2021-06-10 10:12:46,845.2,1898714
2021-06-10 10:12:47,845.15,1898717
2021-06-10 10:12:48,845.2,1898817
2021-06-10 10:12:49,845.25,1899276
2021-06-10 10:12:49,845.45,1899332
2021-06-10 10:12:50,845.15,1899487
2021-06-10 10:12:51,845.25,1899771
2021-06-10 10:12:52,845.5,1899795
2021-06-10 10:12:53,845.5,1899895
2021-06-10 10:12:54,845.5,1899935
2021-06-10 10:12:56,845.25,1900035
2021-06-10 10:12:56,845.5,1900504
2021-06-10 10:12:57,845.25,1900757
2021-06-10 10:12:58,845.65,1900857
2021-06-10 10:13:01,845.5,1900880
2021-06-10 10:13:01,845.25,1901080
2021-06-10 10:13:02,845.25,1901155
2021-06-10 10:13:04,845.75,1901805
2021-06-10 10:13:05,845.75,1902056
2021-06-10 10:13:05,845.3,1902457
2021-06-10 10:13:06,845.3,1902457
2021-06-10 10:13:09,845.8,1903190
2021-06-10 10:13:10,845.8,1903190
2021-06-10 10:13:11,845.8,1903190
