timestamp,ltp,volume
2021-05-12 09:16:36,5492.7,0
2021-05-12 09:17:05,5492.55,0
2021-05-12 09:17:06,5493.8,0
2021-05-12 09:17:10,5493.15,0
2021-05-12 09:17:13,5493.05,0
2021-05-12 09:17:14,5493.85,0
2021-05-12 09:17:15,5495.0,0
2021-05-12 09:17:18,5496.75,0
2021-05-12 09:17:20,5502.45,0
2021-05-12 09:17:24,5504.0,0
2021-05-12 09:17:25,5503.0,0
2021-05-12 09:17:26,5503.4,0
2021-05-12 09:17:27,5502.8,0
2021-05-12 09:17:28,5504.5,0
2021-05-12 09:17:29,5502.9,0
2021-05-12 09:17:30,5504.7,0
2021-05-12 09:17:31,5502.5,0
2021-05-12 09:17:32,5502.95,0
2021-05-12 09:17:33,5502.25,0
2021-05-12 09:17:36,5504.65,0
2021-05-12 09:17:38,5504.85,0
2021-05-12 09:17:40,5505.9,0
2021-05-12 09:17:42,5508.8,0
2021-05-12 09:17:43,5508.45,0
2021-05-12 09:17:45,5509.8,0
2021-05-12 09:17:46,5509.9,0
2021-05-12 09:17:48,5509.6,0
2021-05-12 09:17:49,5510.15,0
2021-05-12 09:17:51,5510.45,0
2021-05-12 09:17:52,5510.85,0
2021-05-12 09:17:54,5513.25,0
2021-05-12 09:17:55,5511.95,0
2021-05-12 09:17:57,5512.4,0
2021-05-12 09:18:01,5511.75,0
2021-05-12 09:18:02,5511.5,0
2021-05-12 09:18:03,5513.2,0
2021-05-12 09:18:04,5512.0,0
2021-05-12 09:18:09,5511.5,0
2021-05-12 09:18:10,5512.2,0
2021-05-12 09:18:13,5511.8,0
2021-05-12 09:18:18,5516.65,0
2021-05-12 09:18:20,5516.3,0
2021-05-12 09:18:22,5515.25,0
2021-05-12 09:18:26,5511.85,0
2021-05-12 09:18:29,5512.25,0
2021-05-12 09:18:30,5511.65,0
2021-05-12 09:18:33,5512.3,0
2021-05-12 09:18:35,5511.4,0
2021-05-12 09:18:37,5511.9,0
2021-05-12 09:18:38,5510.15,0
2021-05-12 09:18:39,5510.4,0
2021-05-12 09:18:40,5509.6,0
2021-05-12 09:18:42,5510.8,0
2021-05-12 09:18:43,5509.95,0
2021-05-12 09:18:44,5510.45,0
2021-05-12 09:18:46,5510.85,0
2021-05-12 09:18:47,5510.6,0
2021-05-12 09:18:49,5510.35,0
2021-05-12 09:18:50,5509.35,0
2021-05-12 09:18:51,5510.5,0
2021-05-12 09:18:53,5512.4,0
2021-05-12 09:19:00,5510.25,0
2021-05-12 09:19:01,5509.6,0
2021-05-12 09:19:04,5507.05,0
2021-05-12 09:19:05,5506.3,0
2021-05-12 09:19:06,5506.5,0
2021-05-12 09:19:07,5505.7,0
2021-05-12 09:19:10,5503.55,0
2021-05-12 09:19:15,5504.1,0
2021-05-12 09:19:16,5504.6,0
2021-05-12 09:19:17,5505.9,0
2021-05-12 09:19:18,5504.85,0
2021-05-12 09:19:19,5503.8,0
2021-05-12 09:19:21,5503.6,0
2021-05-12 09:19:22,5504.1,0
2021-05-12 09:19:23,5506.3,0
2021-05-12 09:19:24,5507.55,0
2021-05-12 09:19:27,5507.9,0
2021-05-12 09:19:28,5508.3,0
2021-05-12 09:19:29,5508.5,0
2021-05-12 09:19:31,5509.75,0
2021-05-12 09:19:32,5510.05,0
2021-05-12 09:19:34,5512.2,0
2021-05-12 09:19:35,5513.0,0
2021-05-12 09:19:36,5513.1,0
2021-05-12 09:19:37,5511.95,0
2021-05-12 09:19:38,5512.65,0
2021-05-12 09:19:41,5511.0,0
2021-05-12 09:19:42,5511.85,0
2021-05-12 09:19:47,5512.75,0
2021-05-12 09:19:49,5514.05,0
2021-05-12 09:19:51,5515.0,0
2021-05-12 09:19:52,5514.35,0
2021-05-12 09:19:53,5514.8,0
2021-05-12 09:19:54,5515.4,0
2021-05-12 09:19:56,5516.0,0
2021-05-12 09:19:57,5517.6,0
2021-05-12 09:19:59,5517.05,0
2021-05-12 09:20:02,5514.1,0
2021-05-12 09:20:03,5514.9,0
2021-05-12 09:20:04,5513.5,0
2021-05-12 09:20:05,5513.25,0
2021-05-12 09:20:06,5512.45,0
2021-05-12 09:20:08,5513.85,0
2021-05-12 09:20:09,5514.55,0
2021-05-12 09:20:10,5515.55,0
2021-05-12 09:20:11,5514.85,0
2021-05-12 09:20:12,5514.85,0
2021-05-12 09:20:13,5512.4,0
2021-05-12 09:20:14,5511.1,0
2021-05-12 09:20:18,5509.65,0
2021-05-12 09:20:19,5510.05,0
2021-05-12 09:20:20,5509.95,0
2021-05-12 09:20:22,5510.3,0
2021-05-12 09:20:23,5509.7,0
2021-05-12 09:20:24,5510.95,0
2021-05-12 09:20:26,5510.15,0
2021-05-12 09:20:27,5509.85,0
2021-05-12 09:20:28,5510.1,0
2021-05-12 09:20:30,5510.55,0
2021-05-12 09:20:31,5511.2,0
2021-05-12 09:20:32,5512.65,0
2021-05-12 09:20:33,5512.55,0
2021-05-12 09:20:34,5512.85,0
2021-05-12 09:20:37,5514.8,0
2021-05-12 09:20:38,5516.0,0
2021-05-12 09:20:39,5514.7,0
2021-05-12 09:20:40,5514.9,0
2021-05-12 09:20:41,5515.25,0
2021-05-12 09:20:42,5515.75,0
2021-05-12 09:20:43,5515.7,0
2021-05-12 09:20:45,5514.95,0
2021-05-12 09:20:46,5513.85,0
2021-05-12 09:20:47,5513.7,0
2021-05-12 09:20:48,5513.5,0
2021-05-12 09:20:51,5512.15,0
2021-05-12 09:20:52,5508.35,0
2021-05-12 09:20:53,5507.7,0
2021-05-12 09:20:54,5507.85,0
2021-05-12 09:20:57,5508.65,0
2021-05-12 09:20:58,5509.05,0
2021-05-12 09:20:59,5508.2,0
2021-05-12 09:21:00,5508.8,0
2021-05-12 09:21:01,5507.9,0
2021-05-12 09:21:02,5508.25,0
2021-05-12 09:21:03,5506.5,0
2021-05-12 09:21:05,5503.95,0
2021-05-12 09:21:07,5504.3,0
2021-05-12 09:21:08,5503.4,0
2021-05-12 09:21:09,5503.6,0
2021-05-12 09:21:10,5503.8,0
2021-05-12 09:21:12,5502.7,0
2021-05-12 09:21:14,5502.0,0
2021-05-12 09:21:15,5501.05,0
2021-05-12 09:21:19,5497.5,0
2021-05-12 09:21:20,5497.25,0
2021-05-12 09:21:22,5495.7,0
2021-05-12 09:21:23,5498.05,0
2021-05-12 09:21:26,5496.7,0
2021-05-12 09:21:27,5496.15,0
2021-05-12 09:21:28,5496.1,0
2021-05-12 09:21:29,5496.0,0
2021-05-12 09:21:31,5495.25,0
2021-05-12 09:21:32,5494.65,0
2021-05-12 09:21:35,5493.0,0
2021-05-12 09:21:36,5492.7,0
2021-05-12 09:21:39,5492.9,0
2021-05-12 09:21:41,5492.95,0
2021-05-12 09:21:42,5492.65,0
2021-05-12 09:21:43,5493.0,0
2021-05-12 09:21:45,5491.2,0
2021-05-12 09:21:48,5490.9,0
2021-05-12 09:21:52,5491.2,0
2021-05-12 09:21:53,5490.7,0
2021-05-12 09:21:54,5490.45,0
2021-05-12 09:21:56,5490.15,0
2021-05-12 09:21:59,5484.05,0
2021-05-12 09:22:00,5485.15,0
2021-05-12 09:22:01,5484.25,0
2021-05-12 09:22:02,5485.05,0
2021-05-12 09:22:04,5483.2,0
2021-05-12 09:22:06,5483.25,0
2021-05-12 09:22:07,5482.35,0
2021-05-12 09:22:08,5482.4,0
2021-05-12 09:22:09,5481.9,0
2021-05-12 09:22:10,5483.35,0
2021-05-12 09:22:11,5480.95,0
2021-05-12 09:22:12,5481.05,0
2021-05-12 09:22:14,5481.85,0
2021-05-12 09:22:17,5481.35,0
2021-05-12 09:22:18,5482.4,0
2021-05-12 09:22:19,5482.7,0
2021-05-12 09:22:22,5486.4,0
2021-05-12 09:22:23,5485.45,0
2021-05-12 09:22:24,5486.35,0
2021-05-12 09:22:25,5485.7,0
2021-05-12 09:22:26,5484.9,0
2021-05-12 09:22:29,5485.4,0
2021-05-12 09:22:30,5485.5,0
2021-05-12 09:22:34,5486.1,0
2021-05-12 09:22:35,5487.35,0
2021-05-12 09:22:38,5488.9,0
2021-05-12 09:22:39,5489.3,0
2021-05-12 09:22:40,5489.0,0
2021-05-12 09:22:41,5488.95,0
2021-05-12 09:22:42,5489.1,0
2021-05-12 09:22:45,5488.35,0
2021-05-12 09:22:46,5488.55,0
2021-05-12 09:22:47,5488.4,0
2021-05-12 09:22:48,5488.55,0
2021-05-12 09:22:49,5489.65,0
2021-05-12 09:22:50,5489.3,0
2021-05-12 09:22:52,5490.75,0
2021-05-12 09:22:53,5490.75,0
2021-05-12 09:22:54,5489.85,0
2021-05-12 09:22:55,5491.3,0
2021-05-12 09:22:57,5489.75,0
2021-05-12 09:23:00,5490.15,0
2021-05-12 09:23:01,5488.75,0
2021-05-12 09:23:02,5489.0,0
2021-05-12 09:23:05,5489.75,0
2021-05-12 09:23:06,5490.6,0
2021-05-12 09:23:08,5490.5,0
2021-05-12 09:23:09,5491.2,0
2021-05-12 09:23:10,5491.15,0
2021-05-12 09:23:11,5491.25,0
2021-05-12 09:23:12,5492.5,0
2021-05-12 09:23:15,5493.9,0
2021-05-12 09:23:16,5493.75,0
2021-05-12 09:23:17,5493.55,0
2021-05-12 09:23:18,5493.55,0
2021-05-12 09:23:19,5495.4,0
2021-05-12 09:23:20,5496.35,0
2021-05-12 09:23:24,5498.15,0
2021-05-12 09:23:25,5498.1,0
2021-05-12 09:23:26,5497.2,0
2021-05-12 09:23:27,5498.4,0
2021-05-12 09:23:29,5499.25,0
2021-05-12 09:23:30,5499.2,0
2021-05-12 09:23:31,5500.15,0
2021-05-12 09:23:33,5499.35,0
2021-05-12 09:23:36,5499.75,0
2021-05-12 09:23:37,5499.9,0
2021-05-12 09:23:38,5499.75,0
2021-05-12 09:23:39,5499.05,0
2021-05-12 09:23:40,5499.35,0
2021-05-12 09:23:41,5497.75,0
2021-05-12 09:23:42,5497.5,0
2021-05-12 09:23:43,5497.15,0
2021-05-12 09:23:45,5496.2,0
2021-05-12 09:23:47,5497.0,0
2021-05-12 09:23:49,5497.65,0
2021-05-12 09:23:52,5497.1,0
2021-05-12 09:23:53,5496.6,0
2021-05-12 09:23:54,5497.0,0
2021-05-12 09:23:55,5496.45,0
2021-05-12 09:23:56,5495.95,0
2021-05-12 09:23:58,5495.45,0
2021-05-12 09:23:59,5495.5,0
2021-05-12 09:24:00,5495.9,0
2021-05-12 09:24:02,5497.5,0
2021-05-12 09:24:05,5499.3,0
2021-05-12 09:24:06,5500.9,0
2021-05-12 09:24:08,5499.2,0
2021-05-12 09:24:09,5500.25,0
2021-05-12 09:24:10,5498.0,0
2021-05-12 09:24:12,5496.0,0
2021-05-12 09:24:15,5495.95,0
2021-05-12 09:24:16,5493.9,0
2021-05-12 09:24:18,5494.25,0
2021-05-12 09:24:19,5493.75,0
2021-05-12 09:24:21,5492.85,0
2021-05-12 09:24:22,5493.45,0
2021-05-12 09:24:23,5493.3,0
2021-05-12 09:24:24,5492.05,0
2021-05-12 09:24:26,5493.95,0
2021-05-12 09:24:27,5492.6,0
2021-05-12 09:24:30,5494.2,0
2021-05-12 09:24:31,5493.55,0
2021-05-12 09:24:32,5494.85,0
2021-05-12 09:24:33,5496.65,0
2021-05-12 09:24:35,5496.15,0
2021-05-12 09:24:36,5498.1,0
2021-05-12 09:24:37,5498.2,0
2021-05-12 09:24:38,5497.1,0
2021-05-12 09:24:40,5502.4,0
2021-05-12 09:24:41,5503.85,0
2021-05-12 09:24:42,5502.6,0
2021-05-12 09:24:43,5502.5,0
2021-05-12 09:24:44,5503.0,0
2021-05-12 09:24:47,5501.2,0
2021-05-12 09:24:48,5501.9,0
2021-05-12 09:24:50,5501.7,0
2021-05-12 09:24:54,5498.05,0
2021-05-12 09:24:56,5499.9,0
2021-05-12 09:24:57,5500.8,0
2021-05-12 09:25:00,5502.85,0
2021-05-12 09:25:01,5503.85,0
2021-05-12 09:25:04,5504.0,0
2021-05-12 09:25:07,5504.65,0
2021-05-12 09:25:13,5506.25,0
2021-05-12 09:25:14,5505.3,0
2021-05-12 09:25:15,5504.85,0
2021-05-12 09:25:18,5502.15,0
2021-05-12 09:25:20,5502.8,0
2021-05-12 09:25:21,5500.25,0
2021-05-12 09:25:23,5504.3,0
2021-05-12 09:25:24,5503.95,0
2021-05-12 09:25:25,5504.4,0
2021-05-12 09:25:26,5503.4,0
2021-05-12 09:25:27,5504.85,0
2021-05-12 09:25:29,5506.0,0
2021-05-12 09:25:30,5507.75,0
2021-05-12 09:25:31,5506.7,0
2021-05-12 09:25:33,5505.6,0
2021-05-12 09:25:34,5504.8,0
2021-05-12 09:25:36,5503.9,0
2021-05-12 09:25:37,5503.65,0
2021-05-12 09:25:38,5504.95,0
2021-05-12 09:25:39,5504.2,0
2021-05-12 09:25:43,5505.8,0
2021-05-12 09:25:44,5506.7,0
2021-05-12 09:25:45,5506.85,0
2021-05-12 09:25:46,5506.35,0
2021-05-12 09:25:50,5507.95,0
2021-05-12 09:25:51,5506.1,0
2021-05-12 09:25:52,5507.95,0
2021-05-12 09:25:53,5508.1,0
2021-05-12 09:25:54,5504.55,0
2021-05-12 09:25:55,5504.3,0
2021-05-12 09:25:56,5504.3,0
2021-05-12 09:25:57,5505.0,0
2021-05-12 09:25:58,5504.4,0
2021-05-12 09:25:59,5502.65,0
2021-05-12 09:26:01,5503.2,0
2021-05-12 09:26:02,5502.9,0
2021-05-12 09:26:04,5500.85,0
2021-05-12 09:26:05,5499.95,0
2021-05-12 09:26:06,5499.2,0
2021-05-12 09:26:07,5498.5,0
2021-05-12 09:26:15,5492.95,0
2021-05-12 09:26:21,5496.45,0
2021-05-12 09:26:22,5497.45,0
2021-05-12 09:26:23,5495.4,0
2021-05-12 09:26:26,5495.7,0
2021-05-12 09:26:27,5494.7,0
2021-05-12 09:26:28,5495.35,0
2021-05-12 09:26:33,5494.25,0
2021-05-12 09:26:34,5494.8,0
2021-05-12 09:26:36,5493.95,0
2021-05-12 09:26:37,5494.15,0
2021-05-12 09:26:40,5494.5,0
2021-05-12 09:26:41,5494.65,0
2021-05-12 09:26:44,5495.3,0
2021-05-12 09:26:48,5496.25,0
2021-05-12 09:26:49,5495.9,0
2021-05-12 09:26:50,5493.4,0
2021-05-12 09:26:51,5491.9,0
2021-05-12 09:26:54,5491.65,0
2021-05-12 09:26:56,5492.5,0
2021-05-12 09:26:57,5490.4,0
2021-05-12 09:26:58,5491.05,0
2021-05-12 09:27:01,5491.8,0
2021-05-12 09:27:02,5492.0,0
2021-05-12 09:27:04,5492.55,0
2021-05-12 09:27:06,5491.8,0
2021-05-12 09:27:08,5491.0,0
2021-05-12 09:27:15,5489.0,0
2021-05-12 09:27:16,5490.0,0
2021-05-12 09:27:17,5489.2,0
2021-05-12 09:27:18,5489.3,0
2021-05-12 09:27:19,5488.1,0
2021-05-12 09:27:20,5487.9,0
2021-05-12 09:27:21,5488.25,0
2021-05-12 09:27:24,5490.75,0
2021-05-12 09:27:25,5490.05,0
2021-05-12 09:27:29,5492.65,0
2021-05-12 09:27:31,5491.35,0
2021-05-12 09:27:35,5492.8,0
2021-05-12 09:27:36,5492.9,0
2021-05-12 09:27:37,5493.55,0
2021-05-12 09:27:38,5494.4,0
2021-05-12 09:27:39,5493.7,0
2021-05-12 09:27:41,5493.1,0
2021-05-12 09:27:44,5493.95,0
2021-05-12 09:27:45,5493.6,0
2021-05-12 09:27:46,5493.85,0
2021-05-12 09:27:48,5495.15,0
2021-05-12 09:27:52,5495.45,0
2021-05-12 09:27:54,5494.9,0
2021-05-12 09:27:57,5494.25,0
2021-05-12 09:27:59,5495.05,0
2021-05-12 09:28:00,5494.85,0
2021-05-12 09:28:03,5493.1,0
2021-05-12 09:28:06,5493.35,0
2021-05-12 09:28:09,5492.7,0
2021-05-12 09:28:11,5492.35,0
2021-05-12 09:28:12,5492.15,0
2021-05-12 09:28:15,5491.9,0
2021-05-12 09:28:18,5490.75,0
2021-05-12 09:28:20,5489.15,0
2021-05-12 09:28:21,5489.8,0
2021-05-12 09:28:22,5488.45,0
2021-05-12 09:28:23,5488.45,0
2021-05-12 09:28:25,5488.25,0
2021-05-12 09:28:26,5488.15,0
2021-05-12 09:28:27,5488.6,0
2021-05-12 09:28:28,5488.8,0
2021-05-12 09:28:29,5489.0,0
2021-05-12 09:28:32,5488.05,0
2021-05-12 09:28:33,5488.1,0
2021-05-12 09:28:34,5488.45,0
2021-05-12 09:28:36,5487.75,0
2021-05-12 09:28:37,5487.85,0
2021-05-12 09:28:38,5487.7,0
2021-05-12 09:28:41,5487.6,0
2021-05-12 09:28:42,5488.0,0
2021-05-12 09:28:45,5487.15,0
2021-05-12 09:28:46,5488.25,0
2021-05-12 09:28:47,5487.65,0
2021-05-12 09:28:49,5488.9,0
2021-05-12 09:28:51,5488.65,0
2021-05-12 09:28:53,5488.75,0
2021-05-12 09:28:54,5489.65,0
2021-05-12 09:28:55,5489.5,0
2021-05-12 09:28:58,5489.9,0
2021-05-12 09:28:59,5489.3,0
2021-05-12 09:29:02,5489.35,0
2021-05-12 09:29:03,5489.05,0
2021-05-12 09:29:04,5488.9,0
2021-05-12 09:29:08,5489.1,0
2021-05-12 09:29:09,5489.1,0
2021-05-12 09:29:15,5488.15,0
2021-05-12 09:29:16,5488.9,0
2021-05-12 09:29:17,5489.2,0
2021-05-12 09:29:19,5488.8,0
2021-05-12 09:29:23,5487.65,0
2021-05-12 09:29:25,5486.75,0
2021-05-12 09:29:27,5487.55,0
2021-05-12 09:29:28,5487.9,0
2021-05-12 09:29:30,5487.95,0
2021-05-12 09:29:32,5488.9,0
2021-05-12 09:29:36,5489.35,0
2021-05-12 09:29:37,5489.05,0
2021-05-12 09:29:39,5488.45,0
2021-05-12 09:29:40,5488.85,0
2021-05-12 09:29:44,5487.6,0
2021-05-12 09:29:46,5486.95,0
2021-05-12 09:29:48,5485.95,0
2021-05-12 09:29:49,5485.85,0
2021-05-12 09:29:51,5486.85,0
2021-05-12 09:29:53,5487.2,0
2021-05-12 09:29:55,5486.25,0
2021-05-12 09:29:57,5486.4,0
2021-05-12 09:29:59,5485.8,0
2021-05-12 09:30:05,5483.65,0
2021-05-12 09:30:06,5483.0,0
2021-05-12 09:30:10,5481.8,0
2021-05-12 09:30:14,5479.75,0
2021-05-12 09:30:16,5478.9,0
2021-05-12 09:30:17,5478.0,0
2021-05-12 09:30:20,5478.1,0
2021-05-12 09:30:21,5479.55,0
2021-05-12 09:30:23,5479.1,0
2021-05-12 09:30:24,5479.4,0
2021-05-12 09:30:28,5478.05,0
2021-05-12 09:30:30,5477.85,0
2021-05-12 09:30:34,5475.2,0
2021-05-12 09:30:36,5474.6,0
2021-05-12 09:30:37,5474.55,0
2021-05-12 09:30:39,5474.7,0
2021-05-12 09:30:44,5473.35,0
2021-05-12 09:30:47,5473.3,0
2021-05-12 09:30:51,5473.25,0
2021-05-12 09:30:53,5472.05,0
2021-05-12 09:30:54,5470.85,0
2021-05-12 09:30:57,5471.25,0
2021-05-12 09:30:58,5471.8,0
2021-05-12 09:31:01,5469.25,0
2021-05-12 09:31:02,5468.75,0
2021-05-12 09:31:03,5469.9,0
2021-05-12 09:31:06,5466.55,0
2021-05-12 09:31:07,5466.0,0
2021-05-12 09:31:08,5466.8,0
2021-05-12 09:31:10,5468.05,0
2021-05-12 09:31:11,5468.0,0
2021-05-12 09:31:15,5465.9,0
2021-05-12 09:31:16,5467.8,0
2021-05-12 09:31:19,5465.95,0
2021-05-12 09:31:21,5466.8,0
2021-05-12 09:31:22,5466.15,0
2021-05-12 09:31:23,5466.9,0
2021-05-12 09:31:24,5465.3,0
2021-05-12 09:31:25,5464.95,0
2021-05-12 09:31:27,5465.9,0
2021-05-12 09:31:29,5465.95,0
2021-05-12 09:31:30,5465.75,0
2021-05-12 09:31:32,5465.85,0
2021-05-12 09:31:33,5465.0,0
2021-05-12 09:31:35,5466.15,0
2021-05-12 09:31:39,5471.6,0
2021-05-12 09:31:40,5472.5,0
2021-05-12 09:31:41,5472.3,0
2021-05-12 09:31:46,5475.9,0
2021-05-12 09:31:49,5474.05,0
2021-05-12 09:31:50,5473.6,0
2021-05-12 09:31:57,5469.7,0
2021-05-12 09:31:58,5469.4,0
2021-05-12 09:31:59,5466.1,0
2021-05-12 09:32:02,5465.75,0
2021-05-12 09:32:03,5465.35,0
2021-05-12 09:32:06,5462.6,0
2021-05-12 09:32:07,5461.75,0
2021-05-12 09:32:11,5462.55,0
2021-05-12 09:32:12,5461.95,0
2021-05-12 09:32:14,5460.35,0
2021-05-12 09:32:15,5459.15,0
2021-05-12 09:32:17,5465.35,0
2021-05-12 09:32:19,5464.95,0
2021-05-12 09:32:21,5464.85,0
2021-05-12 09:32:22,5464.8,0
2021-05-12 09:32:24,5464.2,0
2021-05-12 09:32:25,5464.3,0
2021-05-12 09:32:26,5464.75,0
2021-05-12 09:32:27,5463.9,0
2021-05-12 09:32:28,5463.25,0
2021-05-12 09:32:29,5464.35,0
2021-05-12 09:32:32,5463.9,0
2021-05-12 09:32:33,5464.05,0
2021-05-12 09:32:34,5464.55,0
2021-05-12 09:32:35,5465.0,0
2021-05-12 09:32:36,5465.6,0
2021-05-12 09:32:37,5466.6,0
2021-05-12 09:32:40,5468.7,0
2021-05-12 09:32:41,5468.15,0
2021-05-12 09:32:42,5467.35,0
2021-05-12 09:32:43,5468.2,0
2021-05-12 09:32:44,5467.55,0
2021-05-12 09:32:45,5467.65,0
2021-05-12 09:32:46,5467.9,0
2021-05-12 09:32:48,5467.25,0
2021-05-12 09:32:50,5466.7,0
2021-05-12 09:32:52,5465.0,0
2021-05-12 09:32:53,5464.95,0
2021-05-12 09:32:56,5465.1,0
2021-05-12 09:32:58,5464.8,0
2021-05-12 09:32:59,5465.15,0
2021-05-12 09:33:01,5465.25,0
2021-05-12 09:33:02,5465.4,0
2021-05-12 09:33:03,5465.85,0
2021-05-12 09:33:05,5466.7,0
2021-05-12 09:33:06,5466.05,0
2021-05-12 09:33:07,5466.0,0
2021-05-12 09:33:08,5465.7,0
2021-05-12 09:33:10,5466.8,0
2021-05-12 09:33:11,5467.4,0
2021-05-12 09:33:12,5467.35,0
2021-05-12 09:33:13,5467.1,0
2021-05-12 09:33:14,5466.5,0
2021-05-12 09:33:15,5466.5,0
2021-05-12 09:33:16,5466.7,0
2021-05-12 09:33:17,5464.55,0
2021-05-12 09:33:19,5465.7,0
2021-05-12 09:33:22,5464.2,0
2021-05-12 09:33:25,5460.95,0
2021-05-12 09:33:27,5460.65,0
2021-05-12 09:33:31,5459.05,0
2021-05-12 09:33:32,5459.1,0
2021-05-12 09:33:35,5459.0,0
2021-05-12 09:33:38,5458.3,0
2021-05-12 09:33:39,5456.95,0
2021-05-12 09:33:40,5456.25,0
2021-05-12 09:33:41,5455.7,0
2021-05-12 09:33:42,5455.95,0
2021-05-12 09:33:44,5455.45,0
2021-05-12 09:33:46,5455.45,0
2021-05-12 09:33:47,5455.4,0
2021-05-12 09:33:49,5456.0,0
2021-05-12 09:33:51,5457.55,0
2021-05-12 09:33:53,5458.3,0
2021-05-12 09:33:54,5459.0,0
2021-05-12 09:33:56,5462.3,0
2021-05-12 09:34:00,5462.1,0
2021-05-12 09:34:01,5462.15,0
2021-05-12 09:34:03,5462.8,0
2021-05-12 09:34:04,5461.45,0
2021-05-12 09:34:05,5460.65,0
2021-05-12 09:34:06,5459.15,0
2021-05-12 09:34:08,5459.45,0
2021-05-12 09:34:10,5457.85,0
2021-05-12 09:34:11,5456.1,0
2021-05-12 09:34:14,5454.25,0
2021-05-12 09:34:20,5452.45,0
2021-05-12 09:34:22,5451.95,0
2021-05-12 09:34:23,5452.7,0
2021-05-12 09:34:24,5451.7,0
2021-05-12 09:34:25,5453.05,0
2021-05-12 09:34:26,5452.35,0
2021-05-12 09:34:27,5453.0,0
2021-05-12 09:34:28,5452.4,0
2021-05-12 09:34:29,5453.55,0
2021-05-12 09:34:31,5453.2,0
2021-05-12 09:34:32,5453.35,0
2021-05-12 09:34:33,5452.85,0
2021-05-12 09:34:35,5454.7,0
2021-05-12 09:34:37,5454.0,0
2021-05-12 09:34:38,5454.55,0
2021-05-12 09:34:40,5453.4,0
2021-05-12 09:34:43,5454.6,0
2021-05-12 09:34:45,5454.35,0
2021-05-12 09:34:46,5455.05,0
2021-05-12 09:34:48,5454.95,0
2021-05-12 09:34:51,5454.45,0
2021-05-12 09:34:54,5454.15,0
2021-05-12 09:34:56,5453.1,0
2021-05-12 09:34:59,5453.9,0
2021-05-12 09:35:00,5452.75,0
2021-05-12 09:35:01,5451.9,0
2021-05-12 09:35:03,5451.7,0
2021-05-12 09:35:04,5451.3,0
2021-05-12 09:35:07,5447.2,0
2021-05-12 09:35:08,5446.25,0
2021-05-12 09:35:11,5447.7,0
2021-05-12 09:35:12,5444.45,0
2021-05-12 09:35:13,5443.45,0
2021-05-12 09:35:16,5442.6,0
2021-05-12 09:35:17,5442.85,0
2021-05-12 09:35:18,5442.4,0
2021-05-12 09:35:19,5442.35,0
2021-05-12 09:35:24,5441.85,0
2021-05-12 09:35:25,5441.6,0
2021-05-12 09:35:26,5444.5,0
2021-05-12 09:35:28,5444.0,0
2021-05-12 09:35:29,5444.0,0
2021-05-12 09:35:34,5444.4,0
2021-05-12 09:35:35,5445.75,0
2021-05-12 09:35:36,5443.0,0
2021-05-12 09:35:37,5442.95,0
2021-05-12 09:35:38,5441.9,0
2021-05-12 09:35:40,5440.75,0
2021-05-12 09:35:42,5442.0,0
2021-05-12 09:35:44,5442.85,0
2021-05-12 09:35:46,5442.6,0
2021-05-12 09:35:47,5441.75,0
2021-05-12 09:35:49,5440.3,0
2021-05-12 09:35:50,5439.9,0
2021-05-12 09:35:54,5439.8,0
2021-05-12 09:35:55,5439.6,0
2021-05-12 09:35:56,5440.05,0
2021-05-12 09:35:57,5440.65,0
2021-05-12 09:35:58,5440.7,0
2021-05-12 09:35:59,5440.75,0
2021-05-12 09:36:00,5439.9,0
2021-05-12 09:36:01,5439.05,0
2021-05-12 09:36:03,5438.65,0
2021-05-12 09:36:05,5437.7,0
2021-05-12 09:36:08,5439.05,0
2021-05-12 09:36:09,5439.4,0
2021-05-12 09:36:13,5443.4,0
2021-05-12 09:36:14,5443.25,0
2021-05-12 09:36:17,5443.35,0
2021-05-12 09:36:18,5443.65,0
2021-05-12 09:36:19,5443.15,0
2021-05-12 09:36:20,5444.1,0
2021-05-12 09:36:21,5444.65,0
2021-05-12 09:36:22,5444.4,0
2021-05-12 09:36:26,5444.65,0
2021-05-12 09:36:30,5443.5,0
2021-05-12 09:36:33,5445.4,0
2021-05-12 09:36:34,5443.0,0
2021-05-12 09:36:36,5444.1,0
2021-05-12 09:36:37,5443.35,0
2021-05-12 09:36:38,5442.4,0
2021-05-12 09:36:42,5443.35,0
2021-05-12 09:36:44,5442.3,0
2021-05-12 09:36:45,5442.9,0
2021-05-12 09:36:46,5442.9,0
2021-05-12 09:36:54,5439.95,0
2021-05-12 09:36:56,5439.45,0
2021-05-12 09:36:59,5440.7,0
2021-05-12 09:37:01,5439.6,0
2021-05-12 09:37:05,5439.0,0
2021-05-12 09:37:08,5439.6,0
2021-05-12 09:37:11,5439.35,0
2021-05-12 09:37:12,5439.65,0
2021-05-12 09:37:13,5439.7,0
2021-05-12 09:37:14,5439.25,0
2021-05-12 09:37:15,5439.05,0
2021-05-12 09:37:16,5438.85,0
2021-05-12 09:37:19,5438.35,0
2021-05-12 09:37:22,5441.1,0
2021-05-12 09:37:24,5442.0,0
2021-05-12 09:37:25,5442.7,0
2021-05-12 09:37:26,5441.95,0
2021-05-12 09:37:27,5442.6,0
2021-05-12 09:37:28,5441.1,0
2021-05-12 09:37:29,5442.45,0
2021-05-12 09:37:30,5442.1,0
2021-05-12 09:37:33,5443.05,0
2021-05-12 09:37:36,5442.35,0
2021-05-12 09:37:38,5444.75,0
2021-05-12 09:37:40,5447.6,0
2021-05-12 09:37:41,5453.45,0
2021-05-12 09:37:42,5452.7,0
2021-05-12 09:37:43,5451.45,0
2021-05-12 09:37:46,5451.35,0
2021-05-12 09:37:47,5450.95,0
2021-05-12 09:37:49,5452.65,0
2021-05-12 09:37:50,5453.0,0
2021-05-12 09:37:51,5454.8,0
2021-05-12 09:37:57,5456.55,0
2021-05-12 09:37:58,5456.05,0
2021-05-12 09:37:59,5455.95,0
2021-05-12 09:38:01,5456.55,0
2021-05-12 09:38:04,5457.9,0
2021-05-12 09:38:05,5458.7,0
2021-05-12 09:38:06,5458.95,0
2021-05-12 09:38:07,5459.15,0
2021-05-12 09:38:09,5459.2,0
2021-05-12 09:38:10,5459.65,0
2021-05-12 09:38:11,5459.45,0
2021-05-12 09:38:12,5459.9,0
2021-05-12 09:38:13,5460.1,0
2021-05-12 09:38:14,5459.5,0
2021-05-12 09:38:16,5460.75,0
2021-05-12 09:38:17,5460.85,0
2021-05-12 09:38:18,5460.55,0
2021-05-12 09:38:19,5460.4,0
2021-05-12 09:38:21,5461.5,0
2021-05-12 09:38:23,5459.85,0
2021-05-12 09:38:27,5460.5,0
2021-05-12 09:38:29,5460.45,0
2021-05-12 09:38:31,5460.55,0
2021-05-12 09:38:33,5460.5,0
2021-05-12 09:38:34,5460.75,0
2021-05-12 09:38:35,5460.55,0
2021-05-12 09:38:39,5460.6,0
2021-05-12 09:38:40,5460.7,0
2021-05-12 09:38:41,5460.95,0
2021-05-12 09:38:42,5459.9,0
2021-05-12 09:38:43,5459.95,0
2021-05-12 09:38:45,5460.2,0
2021-05-12 09:38:48,5462.25,0
2021-05-12 09:38:49,5463.05,0
2021-05-12 09:38:52,5462.1,0
2021-05-12 09:38:53,5462.1,0
2021-05-12 09:38:56,5463.1,0
2021-05-12 09:38:57,5462.4,0
2021-05-12 09:38:58,5463.2,0
2021-05-12 09:38:59,5463.75,0
2021-05-12 09:39:00,5462.6,0
2021-05-12 09:39:02,5462.15,0
2021-05-12 09:39:05,5464.0,0
2021-05-12 09:39:04,5462.15,0
2021-05-12 09:39:10,5463.55,0
2021-05-12 09:39:12,5464.65,0
2021-05-12 09:39:13,5464.55,0
2021-05-12 09:39:16,5462.85,0
2021-05-12 09:39:17,5463.6,0
2021-05-12 09:39:18,5464.05,0
2021-05-12 09:39:20,5463.5,0
2021-05-12 09:39:21,5463.8,0
2021-05-12 09:39:22,5463.45,0
2021-05-12 09:39:25,5462.75,0
2021-05-12 09:39:27,5463.75,0
2021-05-12 09:39:29,5464.1,0
2021-05-12 09:39:30,5463.25,0
2021-05-12 09:39:34,5461.25,0
2021-05-12 09:39:35,5462.5,0
2021-05-12 09:39:37,5462.25,0
2021-05-12 09:39:38,5462.5,0
2021-05-12 09:39:40,5461.95,0
2021-05-12 09:39:44,5462.35,0
2021-05-12 09:39:47,5460.7,0
2021-05-12 09:39:52,5459.9,0
2021-05-12 09:39:54,5458.7,0
2021-05-12 09:39:56,5459.05,0
2021-05-12 09:39:59,5457.6,0
2021-05-12 09:40:00,5457.7,0
2021-05-12 09:40:02,5455.4,0
2021-05-12 09:40:04,5455.35,0
2021-05-12 09:40:05,5455.35,0
2021-05-12 09:40:06,5454.8,0
2021-05-12 09:40:09,5455.6,0
2021-05-12 09:40:10,5456.2,0
2021-05-12 09:40:12,5456.7,0
2021-05-12 09:40:14,5456.65,0
2021-05-12 09:40:16,5456.5,0
2021-05-12 09:40:20,5457.3,0
2021-05-12 09:40:21,5458.5,0
2021-05-12 09:40:24,5461.5,0
2021-05-12 09:40:26,5459.0,0
2021-05-12 09:40:28,5460.2,0
2021-05-12 09:40:30,5459.75,0
2021-05-12 09:40:32,5460.4,0
2021-05-12 09:40:34,5457.95,0
2021-05-12 09:40:35,5458.75,0
2021-05-12 09:40:36,5458.35,0
2021-05-12 09:40:38,5458.5,0
2021-05-12 09:40:42,5460.9,0
2021-05-12 09:40:43,5460.4,0
2021-05-12 09:40:44,5461.3,0
2021-05-12 09:40:45,5461.2,0
2021-05-12 09:40:48,5461.35,0
2021-05-12 09:40:49,5461.45,0
2021-05-12 09:40:51,5461.45,0
2021-05-12 09:40:52,5462.7,0
2021-05-12 09:40:54,5463.2,0
2021-05-12 09:40:55,5464.3,0
2021-05-12 09:40:56,5464.65,0
2021-05-12 09:41:00,5464.95,0
2021-05-12 09:41:01,5465.1,0
2021-05-12 09:41:02,5464.55,0
2021-05-12 09:41:03,5463.65,0
2021-05-12 09:41:05,5463.8,0
2021-05-12 09:41:08,5465.65,0
2021-05-12 09:41:09,5465.35,0
2021-05-12 09:41:11,5467.5,0
2021-05-12 09:41:12,5468.55,0
2021-05-12 09:41:13,5467.85,0
2021-05-12 09:41:14,5467.35,0
2021-05-12 09:41:17,5466.05,0
2021-05-12 09:41:21,5466.0,0
2021-05-12 09:41:24,5466.15,0
2021-05-12 09:41:25,5465.55,0
2021-05-12 09:41:28,5466.8,0
2021-05-12 09:41:29,5466.55,0
2021-05-12 09:41:33,5466.85,0
2021-05-12 09:41:34,5465.8,0
2021-05-12 09:41:35,5466.45,0
2021-05-12 09:41:36,5466.35,0
2021-05-12 09:41:39,5466.4,0
2021-05-12 09:41:45,5466.6,0
2021-05-12 09:41:46,5467.0,0
2021-05-12 09:41:47,5467.25,0
2021-05-12 09:41:48,5467.35,0
2021-05-12 09:41:51,5468.75,0
2021-05-12 09:41:53,5469.3,0
2021-05-12 09:41:56,5469.05,0
2021-05-12 09:41:57,5469.4,0
2021-05-12 09:41:58,5468.85,0
2021-05-12 09:41:59,5468.75,0
2021-05-12 09:42:00,5469.0,0
2021-05-12 09:42:01,5468.6,0
2021-05-12 09:42:04,5468.65,0
2021-05-12 09:42:06,5469.3,0
2021-05-12 09:42:08,5469.8,0
2021-05-12 09:42:10,5469.5,0
2021-05-12 09:42:11,5469.45,0
2021-05-12 09:42:12,5469.9,0
2021-05-12 09:42:13,5469.95,0
2021-05-12 09:42:14,5469.8,0
2021-05-12 09:42:15,5469.8,0
2021-05-12 09:42:16,5470.4,0
2021-05-12 09:42:23,5470.25,0
2021-05-12 09:42:24,5470.9,0
2021-05-12 09:42:26,5470.05,0
2021-05-12 09:42:27,5470.7,0
2021-05-12 09:42:30,5470.35,0
2021-05-12 09:42:32,5471.85,0
2021-05-12 09:42:33,5472.55,0
2021-05-12 09:42:34,5473.05,0
2021-05-12 09:42:36,5472.45,0
2021-05-12 09:42:37,5474.1,0
2021-05-12 09:42:40,5476.0,0
2021-05-12 09:42:44,5477.35,0
2021-05-12 09:42:45,5479.0,0
2021-05-12 09:42:46,5478.45,0
2021-05-12 09:42:49,5479.55,0
2021-05-12 09:42:50,5480.3,0
2021-05-12 09:42:51,5480.35,0
2021-05-12 09:42:52,5480.7,0
2021-05-12 09:42:53,5480.8,0
2021-05-12 09:42:54,5479.8,0
2021-05-12 09:42:55,5481.9,0
2021-05-12 09:42:56,5482.15,0
2021-05-12 09:43:00,5482.8,0
2021-05-12 09:43:02,5482.0,0
2021-05-12 09:43:04,5482.3,0
2021-05-12 09:43:07,5481.4,0
2021-05-12 09:43:14,5479.3,0
2021-05-12 09:43:16,5479.2,0
2021-05-12 09:43:19,5478.0,0
2021-05-12 09:43:21,5478.45,0
2021-05-12 09:43:24,5480.05,0
2021-05-12 09:43:27,5482.05,0
2021-05-12 09:43:28,5482.8,0
2021-05-12 09:43:30,5483.25,0
2021-05-12 09:43:31,5482.15,0
2021-05-12 09:43:32,5481.95,0
2021-05-12 09:43:34,5482.1,0
2021-05-12 09:43:37,5482.0,0
2021-05-12 09:43:40,5481.9,0
2021-05-12 09:43:41,5483.2,0
2021-05-12 09:43:43,5484.7,0
2021-05-12 09:43:44,5483.8,0
2021-05-12 09:43:46,5483.7,0
2021-05-12 09:43:47,5483.85,0
2021-05-12 09:43:49,5483.55,0
2021-05-12 09:43:51,5482.6,0
2021-05-12 09:43:52,5482.7,0
2021-05-12 09:43:54,5483.15,0
2021-05-12 09:43:56,5483.25,0
2021-05-12 09:43:58,5483.25,0
2021-05-12 09:43:59,5483.4,0
2021-05-12 09:44:01,5484.0,0
2021-05-12 09:44:02,5483.9,0
2021-05-12 09:44:03,5484.8,0
2021-05-12 09:44:09,5483.5,0
2021-05-12 09:44:12,5483.4,0
2021-05-12 09:44:15,5483.4,0
2021-05-12 09:44:16,5482.6,0
2021-05-12 09:44:18,5483.25,0
2021-05-12 09:44:19,5483.35,0
2021-05-12 09:44:22,5484.8,0
2021-05-12 09:44:24,5484.95,0
2021-05-12 09:44:25,5485.15,0
2021-05-12 09:44:27,5485.95,0
2021-05-12 09:44:28,5484.8,0
2021-05-12 09:44:29,5485.9,0
2021-05-12 09:44:31,5485.85,0
2021-05-12 09:44:32,5486.65,0
2021-05-12 09:44:35,5486.2,0
2021-05-12 09:44:36,5486.5,0
2021-05-12 09:44:37,5486.8,0
2021-05-12 09:44:38,5486.7,0
2021-05-12 09:44:41,5485.55,0
2021-05-12 09:44:42,5484.8,0
2021-05-12 09:44:46,5485.85,0
2021-05-12 09:44:47,5486.1,0
2021-05-12 09:44:50,5485.9,0
2021-05-12 09:44:51,5483.65,0
2021-05-12 09:44:52,5483.2,0
2021-05-12 09:44:53,5483.3,0
2021-05-12 09:44:57,5479.9,0
2021-05-12 09:44:59,5480.3,0
2021-05-12 09:45:00,5480.75,0
2021-05-12 09:45:02,5479.7,0
2021-05-12 09:45:03,5479.95,0
2021-05-12 09:45:04,5479.55,0
2021-05-12 09:45:05,5480.1,0
2021-05-12 09:45:08,5480.25,0
2021-05-12 09:45:09,5479.4,0
2021-05-12 09:45:12,5478.85,0
2021-05-12 09:45:13,5479.0,0
2021-05-12 09:45:15,5478.4,0
2021-05-12 09:45:18,5477.7,0
2021-05-12 09:45:19,5478.2,0
2021-05-12 09:45:20,5477.95,0
2021-05-12 09:45:21,5476.85,0
2021-05-12 09:45:22,5477.0,0
2021-05-12 09:45:23,5476.8,0
2021-05-12 09:45:25,5475.8,0
2021-05-12 09:45:27,5474.95,0
2021-05-12 09:45:28,5476.15,0
2021-05-12 09:45:29,5475.9,0
2021-05-12 09:45:30,5475.2,0
2021-05-12 09:45:34,5474.1,0
2021-05-12 09:45:35,5473.55,0
2021-05-12 09:45:37,5474.7,0
2021-05-12 09:45:38,5474.7,0
2021-05-12 09:45:42,5472.7,0
2021-05-12 09:45:43,5472.65,0
2021-05-12 09:45:45,5471.9,0
2021-05-12 09:45:46,5472.8,0
2021-05-12 09:45:47,5471.75,0
2021-05-12 09:45:48,5472.6,0
2021-05-12 09:45:49,5472.2,0
2021-05-12 09:45:50,5472.3,0
2021-05-12 09:45:51,5472.45,0
2021-05-12 09:45:53,5471.8,0
2021-05-12 09:45:54,5471.6,0
2021-05-12 09:45:55,5472.45,0
2021-05-12 09:45:57,5473.0,0
2021-05-12 09:45:59,5472.05,0
2021-05-12 09:46:00,5473.05,0
2021-05-12 09:46:03,5473.5,0
2021-05-12 09:46:05,5473.05,0
2021-05-12 09:46:06,5474.35,0
2021-05-12 09:46:09,5475.85,0
2021-05-12 09:46:10,5476.2,0
2021-05-12 09:46:14,5479.45,0
2021-05-12 09:46:15,5478.7,0
2021-05-12 09:46:16,5478.3,0
2021-05-12 09:46:17,5478.65,0
2021-05-12 09:46:18,5479.75,0
2021-05-12 09:46:19,5479.2,0
2021-05-12 09:46:21,5479.95,0
2021-05-12 09:46:23,5480.2,0
2021-05-12 09:46:24,5480.55,0
2021-05-12 09:46:25,5480.45,0
2021-05-12 09:46:26,5480.8,0
2021-05-12 09:46:27,5480.4,0
2021-05-12 09:46:28,5480.8,0
2021-05-12 09:46:29,5480.35,0
2021-05-12 09:46:30,5480.1,0
2021-05-12 09:46:31,5480.65,0
2021-05-12 09:46:32,5480.0,0
2021-05-12 09:46:35,5480.3,0
2021-05-12 09:46:36,5477.9,0
2021-05-12 09:46:38,5478.0,0
2021-05-12 09:46:41,5478.1,0
2021-05-12 09:46:42,5479.05,0
2021-05-12 09:46:43,5478.15,0
2021-05-12 09:46:44,5478.85,0
2021-05-12 09:46:45,5479.15,0
2021-05-12 09:46:46,5478.75,0
2021-05-12 09:46:47,5479.75,0
2021-05-12 09:46:49,5477.1,0
2021-05-12 09:46:51,5476.45,0
2021-05-12 09:46:54,5476.25,0
2021-05-12 09:46:55,5475.7,0
2021-05-12 09:46:57,5475.75,0
2021-05-12 09:46:58,5475.35,0
2021-05-12 09:46:59,5476.65,0
2021-05-12 09:47:00,5475.6,0
2021-05-12 09:47:01,5475.6,0
2021-05-12 09:47:02,5476.85,0
2021-05-12 09:47:05,5476.6,0
2021-05-12 09:47:06,5476.15,0
2021-05-12 09:47:07,5476.6,0
2021-05-12 09:47:12,5477.35,0
2021-05-12 09:47:13,5478.25,0
2021-05-12 09:47:15,5478.6,0
2021-05-12 09:47:17,5478.1,0
2021-05-12 09:47:19,5477.7,0
2021-05-12 09:47:21,5478.45,0
2021-05-12 09:47:22,5478.3,0
2021-05-12 09:47:24,5477.4,0
2021-05-12 09:47:27,5477.2,0
2021-05-12 09:47:28,5477.5,0
2021-05-12 09:47:29,5477.6,0
2021-05-12 09:47:31,5476.55,0
2021-05-12 09:47:34,5476.25,0
2021-05-12 09:47:35,5476.45,0
2021-05-12 09:47:38,5475.9,0
2021-05-12 09:47:39,5475.4,0
2021-05-12 09:47:40,5475.6,0
2021-05-12 09:47:41,5475.1,0
2021-05-12 09:47:42,5475.1,0
2021-05-12 09:47:44,5475.15,0
2021-05-12 09:47:45,5474.95,0
2021-05-12 09:47:46,5474.45,0
2021-05-12 09:47:47,5474.45,0
2021-05-12 09:47:52,5468.5,0
2021-05-12 09:47:53,5468.75,0
2021-05-12 09:47:54,5468.4,0
2021-05-12 09:47:56,5468.65,0
2021-05-12 09:47:58,5468.45,0
2021-05-12 09:47:59,5468.95,0
2021-05-12 09:48:00,5469.65,0
2021-05-12 09:48:03,5470.0,0
2021-05-12 09:48:04,5469.1,0
2021-05-12 09:48:06,5469.1,0
2021-05-12 09:48:07,5468.8,0
2021-05-12 09:48:08,5469.0,0
2021-05-12 09:48:10,5468.35,0
2021-05-12 09:48:11,5467.9,0
2021-05-12 09:48:12,5468.1,0
2021-05-12 09:48:13,5467.85,0
2021-05-12 09:48:14,5468.9,0
2021-05-12 09:48:15,5469.2,0
2021-05-12 09:48:16,5468.75,0
2021-05-12 09:48:20,5468.15,0
2021-05-12 09:48:21,5467.75,0
2021-05-12 09:48:23,5467.45,0
2021-05-12 09:48:25,5466.05,0
2021-05-12 09:48:26,5466.1,0
2021-05-12 09:48:27,5466.7,0
2021-05-12 09:48:28,5466.4,0
2021-05-12 09:48:29,5466.95,0
2021-05-12 09:48:30,5467.2,0
2021-05-12 09:48:31,5467.25,0
2021-05-12 09:48:33,5467.45,0
2021-05-12 09:48:36,5466.75,0
2021-05-12 09:48:38,5466.85,0
2021-05-12 09:48:40,5466.55,0
2021-05-12 09:48:42,5466.1,0
2021-05-12 09:48:45,5466.85,0
2021-05-12 09:48:46,5465.9,0
2021-05-12 09:48:47,5466.0,0
2021-05-12 09:48:49,5465.0,0
2021-05-12 09:48:51,5464.95,0
2021-05-12 09:48:53,5464.05,0
2021-05-12 09:48:54,5464.3,0
2021-05-12 09:48:55,5464.15,0
2021-05-12 09:48:56,5463.9,0
2021-05-12 09:48:58,5463.95,0
2021-05-12 09:48:59,5463.25,0
2021-05-12 09:49:00,5462.95,0
2021-05-12 09:49:01,5463.25,0
2021-05-12 09:49:02,5463.6,0
2021-05-12 09:49:03,5463.45,0
2021-05-12 09:49:07,5463.5,0
2021-05-12 09:49:08,5463.7,0
2021-05-12 09:49:11,5463.6,0
2021-05-12 09:49:12,5463.05,0
2021-05-12 09:49:13,5463.25,0
2021-05-12 09:49:15,5463.8,0
2021-05-12 09:49:16,5463.5,0
2021-05-12 09:49:17,5464.15,0
2021-05-12 09:49:19,5463.75,0
2021-05-12 09:49:20,5464.3,0
2021-05-12 09:49:23,5464.9,0
2021-05-12 09:49:26,5470.75,0
2021-05-12 09:49:27,5469.95,0
2021-05-12 09:49:28,5469.55,0
2021-05-12 09:49:32,5472.6,0
2021-05-12 09:49:33,5473.45,0
2021-05-12 09:49:34,5473.65,0
2021-05-12 09:49:36,5475.45,0
2021-05-12 09:49:38,5475.4,0
2021-05-12 09:49:39,5476.1,0
2021-05-12 09:49:40,5475.7,0
2021-05-12 09:49:41,5474.85,0
2021-05-12 09:49:45,5476.5,0
2021-05-12 09:49:46,5476.6,0
2021-05-12 09:49:47,5477.2,0
2021-05-12 09:49:48,5476.55,0
2021-05-12 09:49:50,5476.65,0
2021-05-12 09:49:51,5477.3,0
2021-05-12 09:49:52,5477.65,0
2021-05-12 09:49:53,5477.8,0
2021-05-12 09:49:55,5477.45,0
2021-05-12 09:49:56,5477.65,0
2021-05-12 09:49:57,5477.9,0
2021-05-12 09:49:59,5477.15,0
2021-05-12 09:50:00,5476.75,0
2021-05-12 09:50:01,5476.8,0
2021-05-12 09:50:03,5476.35,0
2021-05-12 09:50:06,5475.9,0
2021-05-12 09:50:07,5476.15,0
2021-05-12 09:50:09,5475.65,0
2021-05-12 09:50:11,5474.05,0
2021-05-12 09:50:14,5474.9,0
2021-05-12 09:50:17,5473.45,0
2021-05-12 09:50:18,5472.8,0
2021-05-12 09:50:19,5473.2,0
2021-05-12 09:50:20,5473.1,0
2021-05-12 09:50:21,5472.6,0
2021-05-12 09:50:22,5473.3,0
2021-05-12 09:50:23,5472.25,0
2021-05-12 09:50:25,5472.6,0
2021-05-12 09:50:26,5472.3,0
2021-05-12 09:50:28,5472.45,0
2021-05-12 09:50:29,5471.75,0
2021-05-12 09:50:30,5471.5,0
2021-05-12 09:50:33,5469.25,0
2021-05-12 09:50:35,5468.35,0
2021-05-12 09:50:38,5468.8,0
2021-05-12 09:50:42,5468.95,0
2021-05-12 09:50:43,5468.4,0
2021-05-12 09:50:44,5468.45,0
2021-05-12 09:50:47,5468.45,0
2021-05-12 09:50:49,5468.9,0
2021-05-12 09:50:50,5468.15,0
2021-05-12 09:50:53,5466.95,0
2021-05-12 09:50:54,5467.15,0
2021-05-12 09:50:56,5467.05,0
2021-05-12 09:50:57,5467.85,0
2021-05-12 09:50:58,5467.9,0
2021-05-12 09:50:59,5468.0,0
2021-05-12 09:51:00,5468.15,0
2021-05-12 09:51:01,5469.95,0
2021-05-12 09:51:03,5468.95,0
2021-05-12 09:51:04,5469.5,0
2021-05-12 09:51:05,5470.6,0
2021-05-12 09:51:06,5471.9,0
2021-05-12 09:51:07,5470.95,0
2021-05-12 09:51:08,5471.0,0
2021-05-12 09:51:09,5471.15,0
2021-05-12 09:51:10,5471.05,0
2021-05-12 09:51:13,5469.85,0
2021-05-12 09:51:14,5470.25,0
2021-05-12 09:51:16,5468.4,0
2021-05-12 09:51:17,5468.5,0
2021-05-12 09:51:19,5468.5,0
2021-05-12 09:51:21,5467.35,0
2021-05-12 09:51:22,5467.05,0
2021-05-12 09:51:23,5467.1,0
2021-05-12 09:51:24,5466.6,0
2021-05-12 09:51:25,5465.65,0
2021-05-12 09:51:26,5466.3,0
2021-05-12 09:51:28,5465.95,0
2021-05-12 09:51:32,5465.3,0
2021-05-12 09:51:34,5465.3,0
2021-05-12 09:51:35,5464.3,0
2021-05-12 09:51:39,5463.95,0
2021-05-12 09:51:40,5464.5,0
2021-05-12 09:51:41,5464.3,0
2021-05-12 09:51:43,5464.25,0
2021-05-12 09:51:44,5463.65,0
2021-05-12 09:51:45,5463.3,0
2021-05-12 09:51:56,5462.55,0
2021-05-12 09:51:57,5462.35,0
2021-05-12 09:51:58,5462.4,0
2021-05-12 09:51:59,5462.75,0
2021-05-12 09:52:02,5462.4,0
2021-05-12 09:52:03,5462.65,0
2021-05-12 09:52:04,5461.55,0
2021-05-12 09:52:05,5461.75,0
2021-05-12 09:52:06,5461.9,0
2021-05-12 09:52:07,5461.5,0
2021-05-12 09:52:08,5461.8,0
2021-05-12 09:52:09,5462.05,0
2021-05-12 09:52:11,5460.9,0
2021-05-12 09:52:12,5460.65,0
2021-05-12 09:52:13,5461.65,0
2021-05-12 09:52:14,5461.5,0
2021-05-12 09:52:15,5461.55,0
2021-05-12 09:52:17,5461.95,0
2021-05-12 09:52:18,5461.75,0
2021-05-12 09:52:19,5461.35,0
2021-05-12 09:52:21,5462.05,0
2021-05-12 09:52:26,5461.95,0
2021-05-12 09:52:28,5462.3,0
2021-05-12 09:52:29,5462.65,0
2021-05-12 09:52:30,5462.25,0
2021-05-12 09:52:31,5461.9,0
2021-05-12 09:52:32,5461.7,0
2021-05-12 09:52:33,5462.25,0
2021-05-12 09:52:34,5463.35,0
2021-05-12 09:52:36,5466.2,0
2021-05-12 09:52:37,5465.65,0
2021-05-12 09:52:38,5466.15,0
2021-05-12 09:52:39,5465.85,0
2021-05-12 09:52:41,5465.55,0
2021-05-12 09:52:42,5464.5,0
2021-05-12 09:52:43,5464.25,0
2021-05-12 09:52:46,5465.8,0
2021-05-12 09:52:47,5465.25,0
2021-05-12 09:52:48,5465.25,0
2021-05-12 09:52:49,5466.5,0
2021-05-12 09:52:50,5466.55,0
2021-05-12 09:52:51,5466.45,0
2021-05-12 09:52:52,5465.65,0
2021-05-12 09:52:53,5465.8,0
2021-05-12 09:52:55,5466.9,0
2021-05-12 09:52:58,5467.8,0
2021-05-12 09:53:00,5466.15,0
2021-05-12 09:53:01,5465.25,0
2021-05-12 09:53:02,5464.0,0
2021-05-12 09:53:03,5463.75,0
2021-05-12 09:53:04,5463.25,0
2021-05-12 09:53:05,5463.5,0
2021-05-12 09:53:06,5462.9,0
2021-05-12 09:53:07,5462.75,0
2021-05-12 09:53:08,5462.95,0
2021-05-12 09:53:09,5463.65,0
2021-05-12 09:53:11,5463.25,0
2021-05-12 09:53:12,5463.85,0
2021-05-12 09:53:13,5464.6,0
2021-05-12 09:53:14,5464.4,0
2021-05-12 09:53:15,5464.0,0
2021-05-12 09:53:17,5464.3,0
2021-05-12 09:53:18,5463.85,0
2021-05-12 09:53:19,5464.55,0
2021-05-12 09:53:21,5464.1,0
2021-05-12 09:53:22,5463.45,0
2021-05-12 09:53:23,5463.55,0
2021-05-12 09:53:24,5464.7,0
2021-05-12 09:53:26,5463.8,0
2021-05-12 09:53:28,5464.15,0
2021-05-12 09:53:30,5464.7,0
2021-05-12 09:53:31,5464.4,0
2021-05-12 09:53:32,5464.85,0
2021-05-12 09:53:33,5464.85,0
2021-05-12 09:53:34,5465.85,0
2021-05-12 09:53:36,5465.45,0
2021-05-12 09:53:39,5467.1,0
2021-05-12 09:53:41,5468.35,0
2021-05-12 09:53:43,5467.55,0
2021-05-12 09:53:44,5467.8,0
2021-05-12 09:53:45,5467.6,0
2021-05-12 09:53:46,5468.1,0
2021-05-12 09:53:48,5466.6,0
2021-05-12 09:53:50,5466.95,0
2021-05-12 09:53:51,5466.15,0
2021-05-12 09:53:52,5466.85,0
2021-05-12 09:53:53,5467.15,0
2021-05-12 09:53:55,5466.65,0
2021-05-12 09:53:57,5466.45,0
2021-05-12 09:53:59,5467.3,0
2021-05-12 09:54:00,5466.7,0
2021-05-12 09:54:02,5466.3,0
2021-05-12 09:54:03,5466.7,0
2021-05-12 09:54:05,5465.95,0
2021-05-12 09:54:06,5466.65,0
2021-05-12 09:54:07,5466.95,0
2021-05-12 09:54:08,5466.35,0
2021-05-12 09:54:09,5466.6,0
2021-05-12 09:54:12,5466.8,0
2021-05-12 09:54:13,5465.35,0
2021-05-12 09:54:14,5464.85,0
2021-05-12 09:54:16,5464.8,0
2021-05-12 09:54:17,5464.8,0
2021-05-12 09:54:20,5464.6,0
2021-05-12 09:54:21,5464.7,0
2021-05-12 09:54:22,5464.65,0
2021-05-12 09:54:23,5463.85,0
2021-05-12 09:54:24,5463.4,0
2021-05-12 09:54:26,5463.55,0
2021-05-12 09:54:28,5463.3,0
2021-05-12 09:54:30,5462.5,0
2021-05-12 09:54:31,5461.25,0
2021-05-12 09:54:33,5460.5,0
2021-05-12 09:54:34,5459.45,0
2021-05-12 09:54:36,5458.9,0
2021-05-12 09:54:39,5458.2,0
2021-05-12 09:54:40,5459.2,0
2021-05-12 09:54:41,5457.35,0
2021-05-12 09:54:44,5457.85,0
2021-05-12 09:54:45,5458.4,0
2021-05-12 09:54:46,5457.2,0
2021-05-12 09:54:47,5457.6,0
2021-05-12 09:54:48,5458.2,0
2021-05-12 09:54:49,5457.45,0
2021-05-12 09:54:51,5457.95,0
2021-05-12 09:54:54,5457.25,0
2021-05-12 09:54:58,5459.9,0
2021-05-12 09:54:59,5460.55,0
2021-05-12 09:55:00,5459.9,0
2021-05-12 09:55:02,5459.6,0
2021-05-12 09:55:03,5460.1,0
2021-05-12 09:55:06,5460.0,0
2021-05-12 09:55:07,5459.15,0
2021-05-12 09:55:08,5459.0,0
2021-05-12 09:55:09,5458.75,0
2021-05-12 09:55:10,5458.35,0
2021-05-12 09:55:11,5458.35,0
2021-05-12 09:55:12,5458.1,0
2021-05-12 09:55:13,5458.4,0
2021-05-12 09:55:14,5458.15,0
2021-05-12 09:55:15,5458.05,0
2021-05-12 09:55:17,5457.9,0
2021-05-12 09:55:18,5458.2,0
2021-05-12 09:55:19,5458.5,0
2021-05-12 09:55:20,5458.55,0
2021-05-12 09:55:23,5458.7,0
2021-05-12 09:55:24,5458.75,0
2021-05-12 09:55:27,5459.45,0
2021-05-12 09:55:31,5459.05,0
2021-05-12 09:55:34,5458.8,0
2021-05-12 09:55:35,5458.8,0
2021-05-12 09:55:36,5458.65,0
2021-05-12 09:55:37,5459.15,0
2021-05-12 09:55:38,5458.5,0
2021-05-12 09:55:39,5458.05,0
2021-05-12 09:55:40,5457.9,0
2021-05-12 09:55:42,5458.1,0
2021-05-12 09:55:44,5458.85,0
2021-05-12 09:55:45,5458.0,0
2021-05-12 09:55:46,5458.6,0
2021-05-12 09:55:47,5458.3,0
2021-05-12 09:55:50,5457.4,0
2021-05-12 09:55:51,5456.9,0
2021-05-12 09:55:53,5457.45,0
2021-05-12 09:55:55,5457.3,0
2021-05-12 09:55:58,5457.75,0
2021-05-12 09:55:59,5458.1,0
2021-05-12 09:56:02,5458.5,0
2021-05-12 09:56:03,5458.85,0
2021-05-12 09:56:08,5458.4,0
2021-05-12 09:56:10,5457.8,0
2021-05-12 09:56:12,5457.3,0
2021-05-12 09:56:14,5458.35,0
2021-05-12 09:56:15,5458.5,0
2021-05-12 09:56:16,5458.45,0
2021-05-12 09:56:17,5458.05,0
2021-05-12 09:56:18,5457.85,0
2021-05-12 09:56:22,5458.45,0
2021-05-12 09:56:25,5458.6,0
2021-05-12 09:56:26,5458.5,0
2021-05-12 09:56:32,5458.3,0
2021-05-12 09:56:33,5457.95,0
2021-05-12 09:56:38,5458.7,0
2021-05-12 09:56:39,5458.1,0
2021-05-12 09:56:40,5458.5,0
2021-05-12 09:56:41,5458.45,0
2021-05-12 09:56:42,5457.95,0
2021-05-12 09:56:44,5457.7,0
2021-05-12 09:56:45,5458.1,0
2021-05-12 09:56:46,5457.1,0
2021-05-12 09:56:48,5457.2,0
2021-05-12 09:56:50,5458.65,0
2021-05-12 09:56:53,5457.85,0
2021-05-12 09:56:54,5458.1,0
2021-05-12 09:56:55,5458.15,0
2021-05-12 09:56:57,5457.15,0
2021-05-12 09:56:59,5456.55,0
2021-05-12 09:57:00,5456.9,0
2021-05-12 09:57:03,5455.45,0
2021-05-12 09:57:04,5455.7,0
2021-05-12 09:57:05,5455.25,0
2021-05-12 09:57:06,5455.1,0
2021-05-12 09:57:08,5455.25,0
2021-05-12 09:57:10,5455.1,0
2021-05-12 09:57:13,5455.75,0
2021-05-12 09:57:15,5455.25,0
2021-05-12 09:57:16,5457.5,0
2021-05-12 09:57:18,5457.3,0
2021-05-12 09:57:19,5456.75,0
2021-05-12 09:57:21,5457.45,0
2021-05-12 09:57:24,5456.8,0
2021-05-12 09:57:25,5458.6,0
2021-05-12 09:57:26,5457.25,0
2021-05-12 09:57:27,5458.1,0
2021-05-12 09:57:28,5457.95,0
2021-05-12 09:57:29,5458.25,0
2021-05-12 09:57:30,5458.85,0
2021-05-12 09:57:31,5459.75,0
2021-05-12 09:57:33,5461.15,0
2021-05-12 09:57:35,5459.75,0
2021-05-12 09:57:36,5460.1,0
2021-05-12 09:57:38,5460.1,0
2021-05-12 09:57:39,5460.25,0
2021-05-12 09:57:43,5460.9,0
2021-05-12 09:57:45,5461.15,0
2021-05-12 09:57:46,5461.5,0
2021-05-12 09:57:48,5461.2,0
2021-05-12 09:57:50,5461.45,0
2021-05-12 09:57:51,5460.75,0
2021-05-12 09:57:53,5461.05,0
2021-05-12 09:57:56,5461.0,0
2021-05-12 09:57:57,5461.25,0
2021-05-12 09:57:58,5460.75,0
2021-05-12 09:58:00,5459.7,0
2021-05-12 09:58:01,5460.05,0
2021-05-12 09:58:03,5460.05,0
2021-05-12 09:58:05,5459.95,0
2021-05-12 09:58:06,5459.5,0
2021-05-12 09:58:10,5459.9,0
2021-05-12 09:58:11,5460.1,0
2021-05-12 09:58:12,5459.9,0
2021-05-12 09:58:14,5459.05,0
2021-05-12 09:58:15,5459.3,0
2021-05-12 09:58:18,5458.6,0
2021-05-12 09:58:19,5458.4,0
2021-05-12 09:58:20,5458.05,0
2021-05-12 09:58:21,5458.15,0
2021-05-12 09:58:26,5458.4,0
2021-05-12 09:58:28,5458.1,0
2021-05-12 09:58:29,5458.4,0
2021-05-12 09:58:30,5457.95,0
2021-05-12 09:58:37,5459.2,0
2021-05-12 09:58:39,5458.8,0
2021-05-12 09:58:40,5459.3,0
2021-05-12 09:58:42,5458.45,0
2021-05-12 09:58:47,5459.9,0
2021-05-12 09:58:49,5459.25,0
2021-05-12 09:58:52,5459.4,0
2021-05-12 09:58:56,5459.1,0
2021-05-12 09:58:57,5458.8,0
2021-05-12 09:58:58,5458.55,0
2021-05-12 09:59:00,5458.75,0
2021-05-12 09:59:01,5458.2,0
2021-05-12 09:59:03,5458.55,0
2021-05-12 09:59:06,5457.6,0
2021-05-12 09:59:11,5458.6,0
2021-05-12 09:59:12,5458.15,0
2021-05-12 09:59:13,5457.75,0
2021-05-12 09:59:14,5459.6,0
2021-05-12 09:59:15,5460.15,0
2021-05-12 09:59:16,5459.7,0
2021-05-12 09:59:17,5460.7,0
2021-05-12 09:59:18,5460.3,0
2021-05-12 09:59:20,5460.15,0
2021-05-12 09:59:22,5460.35,0
2021-05-12 09:59:23,5460.25,0
2021-05-12 09:59:25,5459.95,0
2021-05-12 09:59:26,5460.55,0
2021-05-12 09:59:27,5460.8,0
2021-05-12 09:59:28,5460.5,0
2021-05-12 09:59:30,5459.8,0
2021-05-12 09:59:31,5460.55,0
2021-05-12 09:59:33,5459.9,0
2021-05-12 09:59:34,5459.2,0
2021-05-12 09:59:35,5460.25,0
2021-05-12 09:59:36,5459.4,0
2021-05-12 09:59:39,5459.55,0
2021-05-12 09:59:40,5459.75,0
2021-05-12 09:59:42,5459.8,0
2021-05-12 09:59:43,5459.25,0
2021-05-12 09:59:45,5458.45,0
2021-05-12 09:59:49,5458.5,0
2021-05-12 09:59:51,5458.0,0
2021-05-12 09:59:52,5458.7,0
2021-05-12 09:59:54,5458.8,0
2021-05-12 09:59:55,5457.9,0
2021-05-12 09:59:56,5457.65,0
2021-05-12 09:59:58,5458.25,0
2021-05-12 10:00:00,5457.7,0
2021-05-12 10:00:02,5457.95,0
2021-05-12 10:00:05,5457.85,0
2021-05-12 10:00:06,5457.25,0
2021-05-12 10:00:07,5456.6,0
2021-05-12 10:00:09,5455.75,0
2021-05-12 10:00:10,5455.3,0
2021-05-12 10:00:11,5454.75,0
2021-05-12 10:00:12,5455.3,0
2021-05-12 10:00:13,5454.7,0
2021-05-12 10:00:15,5453.9,0
2021-05-12 10:00:16,5454.7,0
2021-05-12 10:00:18,5454.15,0
2021-05-12 10:00:22,5454.9,0
2021-05-12 10:00:25,5454.2,0
2021-05-12 10:00:27,5454.0,0
2021-05-12 10:00:28,5454.25,0
2021-05-12 10:00:32,5454.5,0
2021-05-12 10:00:35,5455.0,0
2021-05-12 10:00:37,5455.4,0
2021-05-12 10:00:38,5454.85,0
2021-05-12 10:00:40,5455.1,0
2021-05-12 10:00:41,5456.15,0
2021-05-12 10:00:42,5455.65,0
2021-05-12 10:00:46,5458.05,0
2021-05-12 10:00:47,5458.75,0
2021-05-12 10:00:48,5457.75,0
2021-05-12 10:00:49,5457.7,0
2021-05-12 10:00:53,5456.95,0
2021-05-12 10:00:54,5457.0,0
2021-05-12 10:00:59,5458.05,0
2021-05-12 10:01:00,5458.2,0
2021-05-12 10:01:02,5457.9,0
2021-05-12 10:01:03,5457.75,0
2021-05-12 10:01:04,5456.8,0
2021-05-12 10:01:06,5457.15,0
2021-05-12 10:01:08,5457.3,0
2021-05-12 10:01:12,5457.75,0
2021-05-12 10:01:15,5458.65,0
2021-05-12 10:01:16,5458.9,0
2021-05-12 10:01:17,5459.1,0
2021-05-12 10:01:20,5459.25,0
2021-05-12 10:01:21,5460.25,0
2021-05-12 10:01:22,5459.3,0
2021-05-12 10:01:23,5460.0,0
2021-05-12 10:01:24,5460.15,0
2021-05-12 10:01:27,5460.1,0
2021-05-12 10:01:31,5460.65,0
2021-05-12 10:01:33,5460.55,0
2021-05-12 10:01:36,5460.4,0
2021-05-12 10:01:37,5460.3,0
2021-05-12 10:01:38,5460.75,0
2021-05-12 10:01:39,5460.7,0
2021-05-12 10:01:42,5461.45,0
2021-05-12 10:01:43,5461.05,0
2021-05-12 10:01:44,5461.7,0
2021-05-12 10:01:45,5462.75,0
2021-05-12 10:01:48,5462.3,0
2021-05-12 10:01:49,5462.85,0
2021-05-12 10:01:50,5461.7,0
2021-05-12 10:01:51,5461.85,0
2021-05-12 10:01:52,5462.85,0
2021-05-12 10:01:54,5463.5,0
2021-05-12 10:01:55,5463.05,0
2021-05-12 10:01:56,5463.0,0
2021-05-12 10:01:57,5463.3,0
2021-05-12 10:01:59,5463.4,0
2021-05-12 10:02:00,5463.6,0
2021-05-12 10:02:01,5463.75,0
2021-05-12 10:02:03,5462.75,0
2021-05-12 10:02:04,5462.25,0
2021-05-12 10:02:06,5462.9,0
2021-05-12 10:02:07,5463.4,0
2021-05-12 10:02:09,5462.55,0
2021-05-12 10:02:10,5462.65,0
2021-05-12 10:02:11,5462.05,0
2021-05-12 10:02:12,5462.85,0
2021-05-12 10:02:13,5463.0,0
2021-05-12 10:02:15,5463.05,0
2021-05-12 10:02:16,5463.3,0
2021-05-12 10:02:17,5462.65,0
2021-05-12 10:02:20,5464.95,0
2021-05-12 10:02:21,5465.25,0
2021-05-12 10:02:22,5465.05,0
2021-05-12 10:02:23,5464.45,0
2021-05-12 10:02:31,5466.6,0
2021-05-12 10:02:32,5467.45,0
2021-05-12 10:02:34,5469.95,0
2021-05-12 10:02:35,5469.9,0
2021-05-12 10:02:40,5471.45,0
2021-05-12 10:02:43,5472.35,0
2021-05-12 10:02:46,5472.8,0
2021-05-12 10:02:47,5472.7,0
2021-05-12 10:02:48,5473.05,0
2021-05-12 10:02:49,5473.45,0
2021-05-12 10:02:50,5473.85,0
2021-05-12 10:02:51,5473.75,0
2021-05-12 10:02:52,5473.55,0
2021-05-12 10:02:56,5475.95,0
2021-05-12 10:03:00,5476.6,0
2021-05-12 10:03:01,5476.75,0
2021-05-12 10:03:05,5475.75,0
2021-05-12 10:03:06,5475.95,0
2021-05-12 10:03:07,5475.85,0
2021-05-12 10:03:09,5474.15,0
2021-05-12 10:03:10,5475.3,0
2021-05-12 10:03:12,5473.5,0
2021-05-12 10:03:13,5474.0,0
2021-05-12 10:03:15,5473.2,0
2021-05-12 10:03:16,5472.6,0
2021-05-12 10:03:21,5472.95,0
2021-05-12 10:03:23,5473.4,0
2021-05-12 10:03:25,5472.9,0
2021-05-12 10:03:26,5473.05,0
2021-05-12 10:03:28,5473.15,0
2021-05-12 10:03:29,5473.1,0
2021-05-12 10:03:30,5473.3,0
2021-05-12 10:03:31,5472.5,0
2021-05-12 10:03:36,5472.6,0
2021-05-12 10:03:37,5472.15,0
2021-05-12 10:03:38,5472.15,0
2021-05-12 10:03:39,5472.45,0
2021-05-12 10:03:40,5473.0,0
2021-05-12 10:03:41,5472.5,0
2021-05-12 10:03:42,5472.8,0
2021-05-12 10:03:43,5473.25,0
2021-05-12 10:03:46,5473.25,0
2021-05-12 10:03:47,5473.4,0
2021-05-12 10:03:48,5473.25,0
2021-05-12 10:03:51,5472.75,0
2021-05-12 10:03:53,5472.65,0
2021-05-12 10:03:54,5473.25,0
2021-05-12 10:03:57,5472.95,0
2021-05-12 10:03:58,5473.1,0
2021-05-12 10:03:59,5472.45,0
2021-05-12 10:04:00,5473.05,0
2021-05-12 10:04:03,5473.4,0
2021-05-12 10:04:04,5472.95,0
2021-05-12 10:04:05,5473.55,0
2021-05-12 10:04:07,5473.5,0
2021-05-12 10:04:08,5473.75,0
2021-05-12 10:04:09,5473.95,0
2021-05-12 10:04:10,5473.8,0
2021-05-12 10:04:11,5473.7,0
2021-05-12 10:04:13,5474.15,0
2021-05-12 10:04:14,5475.55,0
2021-05-12 10:04:15,5475.45,0
2021-05-12 10:04:17,5474.95,0
2021-05-12 10:04:18,5475.4,0
2021-05-12 10:04:19,5475.25,0
2021-05-12 10:04:20,5475.0,0
2021-05-12 10:04:22,5474.55,0
2021-05-12 10:04:24,5474.7,0
2021-05-12 10:04:27,5474.0,0
2021-05-12 10:04:28,5474.15,0
2021-05-12 10:04:30,5473.05,0
2021-05-12 10:04:33,5472.65,0
2021-05-12 10:04:34,5471.75,0
2021-05-12 10:04:37,5470.9,0
2021-05-12 10:04:39,5471.1,0
2021-05-12 10:04:43,5471.3,0
2021-05-12 10:04:45,5472.15,0
2021-05-12 10:04:46,5472.1,0
2021-05-12 10:04:48,5472.0,0
2021-05-12 10:04:49,5472.8,0
2021-05-12 10:04:51,5473.0,0
2021-05-12 10:04:52,5472.6,0
2021-05-12 10:04:54,5473.8,0
2021-05-12 10:04:55,5473.35,0
2021-05-12 10:04:56,5473.4,0
2021-05-12 10:05:01,5473.3,0
2021-05-12 10:05:04,5473.05,0
2021-05-12 10:05:06,5472.6,0
2021-05-12 10:05:08,5471.3,0
2021-05-12 10:05:11,5470.4,0
2021-05-12 10:05:12,5470.75,0
2021-05-12 10:05:13,5470.35,0
2021-05-12 10:05:14,5471.25,0
2021-05-12 10:05:16,5470.3,0
2021-05-12 10:05:17,5469.55,0
2021-05-12 10:05:18,5469.5,0
2021-05-12 10:05:20,5468.85,0
2021-05-12 10:05:21,5469.2,0
2021-05-12 10:05:22,5468.85,0
2021-05-12 10:05:23,5468.5,0
2021-05-12 10:05:27,5469.55,0
2021-05-12 10:05:30,5467.95,0
2021-05-12 10:05:32,5467.6,0
2021-05-12 10:05:33,5467.3,0
2021-05-12 10:05:34,5467.3,0
2021-05-12 10:05:35,5466.7,0
2021-05-12 10:05:36,5466.95,0
2021-05-12 10:05:40,5470.95,0
2021-05-12 10:05:41,5471.25,0
2021-05-12 10:05:42,5470.4,0
2021-05-12 10:05:43,5470.5,0
2021-05-12 10:05:44,5470.75,0
2021-05-12 10:05:46,5470.75,0
2021-05-12 10:05:49,5470.3,0
2021-05-12 10:05:51,5470.05,0
2021-05-12 10:05:52,5469.95,0
2021-05-12 10:05:54,5469.6,0
2021-05-12 10:05:55,5470.0,0
2021-05-12 10:05:56,5470.65,0
2021-05-12 10:05:58,5469.25,0
2021-05-12 10:06:00,5469.35,0
2021-05-12 10:06:01,5469.05,0
2021-05-12 10:06:02,5469.8,0
2021-05-12 10:06:03,5468.7,0
2021-05-12 10:06:04,5469.1,0
2021-05-12 10:06:06,5469.25,0
2021-05-12 10:06:07,5468.3,0
2021-05-12 10:06:09,5468.3,0
2021-05-12 10:06:10,5468.6,0
2021-05-12 10:06:12,5468.6,0
2021-05-12 10:06:15,5467.85,0
2021-05-12 10:06:16,5468.1,0
2021-05-12 10:06:17,5467.05,0
2021-05-12 10:06:21,5467.4,0
2021-05-12 10:06:22,5467.6,0
2021-05-12 10:06:23,5467.25,0
2021-05-12 10:06:24,5467.05,0
2021-05-12 10:06:25,5466.9,0
2021-05-12 10:06:26,5466.95,0
2021-05-12 10:06:27,5467.45,0
2021-05-12 10:06:28,5466.95,0
2021-05-12 10:06:29,5466.5,0
2021-05-12 10:06:30,5466.45,0
2021-05-12 10:06:31,5466.95,0
2021-05-12 10:06:32,5467.05,0
2021-05-12 10:06:33,5466.85,0
2021-05-12 10:06:34,5466.85,0
2021-05-12 10:06:35,5467.0,0
2021-05-12 10:06:36,5465.9,0
2021-05-12 10:06:37,5466.4,0
2021-05-12 10:06:38,5467.0,0
2021-05-12 10:06:40,5466.8,0
2021-05-12 10:06:41,5467.2,0
2021-05-12 10:06:42,5467.05,0
2021-05-12 10:06:43,5467.45,0
2021-05-12 10:06:46,5467.35,0
2021-05-12 10:06:47,5468.45,0
2021-05-12 10:06:48,5467.45,0
2021-05-12 10:06:51,5467.65,0
2021-05-12 10:06:52,5467.45,0
2021-05-12 10:06:53,5467.3,0
2021-05-12 10:06:54,5468.05,0
2021-05-12 10:06:55,5468.45,0
2021-05-12 10:06:58,5468.1,0
2021-05-12 10:07:00,5468.25,0
2021-05-12 10:07:01,5468.35,0
2021-05-12 10:07:02,5468.5,0
2021-05-12 10:07:05,5469.15,0
2021-05-12 10:07:06,5469.15,0
2021-05-12 10:07:07,5468.8,0
2021-05-12 10:07:08,5469.2,0
2021-05-12 10:07:09,5469.9,0
2021-05-12 10:07:11,5470.75,0
2021-05-12 10:07:12,5471.6,0
2021-05-12 10:07:13,5473.15,0
2021-05-12 10:07:15,5472.85,0
2021-05-12 10:07:16,5473.0,0
2021-05-12 10:07:17,5472.65,0
2021-05-12 10:07:19,5473.9,0
2021-05-12 10:07:21,5473.1,0
2021-05-12 10:07:23,5473.25,0
2021-05-12 10:07:28,5473.1,0
2021-05-12 10:07:29,5472.75,0
2021-05-12 10:07:31,5473.0,0
2021-05-12 10:07:32,5472.05,0
2021-05-12 10:07:33,5473.0,0
2021-05-12 10:07:36,5473.7,0
2021-05-12 10:07:38,5472.55,0
2021-05-12 10:07:39,5472.35,0
2021-05-12 10:07:40,5472.15,0
2021-05-12 10:07:41,5470.35,0
2021-05-12 10:07:44,5470.9,0
2021-05-12 10:07:45,5470.65,0
2021-05-12 10:07:46,5470.75,0
2021-05-12 10:07:47,5470.25,0
2021-05-12 10:07:48,5470.85,0
2021-05-12 10:07:52,5470.5,0
2021-05-12 10:07:53,5470.45,0
2021-05-12 10:07:54,5469.7,0
2021-05-12 10:07:56,5469.5,0
2021-05-12 10:07:59,5469.9,0
2021-05-12 10:08:00,5469.85,0
2021-05-12 10:08:04,5469.5,0
2021-05-12 10:08:05,5469.45,0
2021-05-12 10:08:07,5469.5,0
2021-05-12 10:08:09,5468.8,0
2021-05-12 10:08:11,5469.15,0
2021-05-12 10:08:19,5467.7,0
2021-05-12 10:08:20,5467.35,0
2021-05-12 10:08:21,5467.2,0
2021-05-12 10:08:23,5467.15,0
2021-05-12 10:08:24,5466.85,0
2021-05-12 10:08:25,5467.05,0
2021-05-12 10:08:26,5466.6,0
2021-05-12 10:08:27,5466.2,0
2021-05-12 10:08:30,5465.25,0
2021-05-12 10:08:31,5465.0,0
2021-05-12 10:08:32,5465.0,0
2021-05-12 10:08:33,5464.15,0
2021-05-12 10:08:37,5464.4,0
2021-05-12 10:08:39,5463.7,0
2021-05-12 10:08:40,5464.5,0
2021-05-12 10:08:41,5464.2,0
2021-05-12 10:08:45,5464.9,0
2021-05-12 10:08:46,5465.2,0
2021-05-12 10:08:52,5466.2,0
2021-05-12 10:08:53,5469.5,0
2021-05-12 10:08:54,5471.65,0
2021-05-12 10:08:56,5471.0,0
2021-05-12 10:08:58,5470.1,0
2021-05-12 10:08:59,5470.25,0
2021-05-12 10:09:00,5470.6,0
2021-05-12 10:09:01,5469.85,0
2021-05-12 10:09:04,5470.35,0
2021-05-12 10:09:05,5471.25,0
2021-05-12 10:09:06,5470.75,0
2021-05-12 10:09:08,5470.3,0
2021-05-12 10:09:09,5470.6,0
2021-05-12 10:09:10,5470.25,0
2021-05-12 10:09:12,5470.15,0
2021-05-12 10:09:13,5470.3,0
2021-05-12 10:09:14,5470.45,0
2021-05-12 10:09:15,5470.1,0
2021-05-12 10:09:16,5470.05,0
2021-05-12 10:09:18,5470.25,0
2021-05-12 10:09:19,5469.8,0
2021-05-12 10:09:20,5470.35,0
2021-05-12 10:09:21,5469.7,0
2021-05-12 10:09:22,5470.1,0
2021-05-12 10:09:23,5469.5,0
2021-05-12 10:09:25,5469.9,0
2021-05-12 10:09:27,5469.2,0
2021-05-12 10:09:28,5469.6,0
2021-05-12 10:09:30,5470.05,0
2021-05-12 10:09:32,5469.05,0
2021-05-12 10:09:33,5468.4,0
2021-05-12 10:09:34,5468.75,0
2021-05-12 10:09:37,5469.2,0
2021-05-12 10:09:38,5469.9,0
2021-05-12 10:09:42,5469.4,0
2021-05-12 10:09:45,5468.3,0
2021-05-12 10:09:48,5468.2,0
2021-05-12 10:09:49,5468.2,0
2021-05-12 10:09:51,5468.15,0
2021-05-12 10:09:52,5468.2,0
2021-05-12 10:09:55,5467.75,0
2021-05-12 10:09:59,5467.7,0
2021-05-12 10:10:00,5467.0,0
2021-05-12 10:10:01,5466.8,0
2021-05-12 10:10:02,5467.0,0
2021-05-12 10:10:04,5466.8,0
2021-05-12 10:10:05,5466.45,0
2021-05-12 10:10:07,5466.35,0
2021-05-12 10:10:08,5465.7,0
2021-05-12 10:10:12,5464.6,0
2021-05-12 10:10:14,5464.3,0
2021-05-12 10:10:15,5463.85,0
2021-05-12 10:10:16,5463.95,0
2021-05-12 10:10:18,5463.6,0
2021-05-12 10:10:19,5462.85,0
2021-05-12 10:10:20,5462.85,0
2021-05-12 10:10:21,5463.2,0
2021-05-12 10:10:23,5462.95,0
2021-05-12 10:10:25,5463.1,0
2021-05-12 10:10:26,5463.25,0
2021-05-12 10:10:29,5462.6,0
2021-05-12 10:10:30,5462.1,0
2021-05-12 10:10:33,5462.2,0
2021-05-12 10:10:34,5462.15,0
2021-05-12 10:10:35,5462.3,0
2021-05-12 10:10:36,5462.45,0
2021-05-12 10:10:38,5461.5,0
2021-05-12 10:10:40,5462.05,0
2021-05-12 10:10:43,5462.15,0
2021-05-12 10:10:44,5462.1,0
2021-05-12 10:10:45,5462.05,0
2021-05-12 10:10:46,5462.95,0
2021-05-12 10:10:47,5462.5,0
2021-05-12 10:10:48,5462.6,0
2021-05-12 10:10:50,5462.3,0
2021-05-12 10:10:52,5462.25,0
2021-05-12 10:10:53,5462.1,0
2021-05-12 10:10:54,5462.35,0
2021-05-12 10:10:55,5461.85,0
2021-05-12 10:10:57,5461.9,0
2021-05-12 10:10:58,5462.05,0
2021-05-12 10:10:59,5461.7,0
2021-05-12 10:11:00,5462.0,0
2021-05-12 10:11:01,5462.25,0
2021-05-12 10:11:02,5462.5,0
2021-05-12 10:11:03,5462.2,0
2021-05-12 10:11:08,5461.5,0
2021-05-12 10:11:10,5460.9,0
2021-05-12 10:11:12,5461.0,0
2021-05-12 10:11:15,5460.1,0
2021-05-12 10:11:16,5460.7,0
2021-05-12 10:11:17,5460.75,0
2021-05-12 10:11:18,5460.25,0
2021-05-12 10:11:19,5460.0,0
2021-05-12 10:11:20,5459.6,0
2021-05-12 10:11:21,5459.4,0
2021-05-12 10:11:22,5459.05,0
2021-05-12 10:11:23,5459.15,0
2021-05-12 10:11:25,5459.8,0
2021-05-12 10:11:26,5459.15,0
2021-05-12 10:11:27,5458.8,0
2021-05-12 10:11:28,5458.2,0
2021-05-12 10:11:30,5456.35,0
2021-05-12 10:11:31,5456.45,0
2021-05-12 10:11:32,5455.6,0
2021-05-12 10:11:33,5455.45,0
2021-05-12 10:11:34,5455.5,0
2021-05-12 10:11:35,5455.55,0
2021-05-12 10:11:36,5455.7,0
2021-05-12 10:11:37,5455.05,0
2021-05-12 10:11:40,5455.5,0
2021-05-12 10:11:41,5456.4,0
2021-05-12 10:11:43,5460.15,0
2021-05-12 10:11:44,5459.65,0
2021-05-12 10:11:46,5458.6,0
2021-05-12 10:11:47,5457.15,0
2021-05-12 10:11:50,5457.3,0
2021-05-12 10:11:51,5457.35,0
2021-05-12 10:11:52,5456.85,0
2021-05-12 10:11:53,5456.95,0
2021-05-12 10:11:54,5457.15,0
2021-05-12 10:11:56,5456.95,0
2021-05-12 10:11:57,5457.9,0
2021-05-12 10:12:00,5457.8,0
2021-05-12 10:12:03,5456.5,0
2021-05-12 10:12:04,5457.0,0
2021-05-12 10:12:05,5456.6,0
2021-05-12 10:12:07,5455.8,0
2021-05-12 10:12:12,5455.85,0
2021-05-12 10:12:15,5456.3,0
2021-05-12 10:12:16,5456.4,0
2021-05-12 10:12:18,5456.05,0
2021-05-12 10:12:19,5456.3,0
2021-05-12 10:12:20,5456.3,0
2021-05-12 10:12:21,5456.1,0
2021-05-12 10:12:23,5456.0,0
2021-05-12 10:12:24,5455.8,0
2021-05-12 10:12:25,5455.65,0
2021-05-12 10:12:27,5455.45,0
2021-05-12 10:12:28,5455.95,0
2021-05-12 10:12:30,5455.3,0
2021-05-12 10:12:34,5455.75,0
2021-05-12 10:12:35,5455.25,0
2021-05-12 10:12:36,5455.3,0
2021-05-12 10:12:37,5455.45,0
2021-05-12 10:12:39,5454.85,0
2021-05-12 10:12:40,5454.9,0
2021-05-12 10:12:41,5454.85,0
2021-05-12 10:12:42,5455.65,0
2021-05-12 10:12:43,5455.2,0
2021-05-12 10:12:44,5455.15,0
2021-05-12 10:12:45,5455.05,0
2021-05-12 10:12:46,5455.0,0
2021-05-12 10:12:47,5454.95,0
2021-05-12 10:12:51,5454.75,0
2021-05-12 10:12:52,5454.95,0
2021-05-12 10:12:54,5454.4,0
2021-05-12 10:12:57,5453.6,0
2021-05-12 10:12:58,5453.85,0
2021-05-12 10:12:59,5454.15,0
2021-05-12 10:13:02,5454.0,0
2021-05-12 10:13:05,5453.85,0
2021-05-12 10:13:07,5453.35,0
2021-05-12 10:13:08,5453.55,0
2021-05-12 10:13:09,5454.5,0
2021-05-12 10:13:10,5454.0,0
2021-05-12 10:13:11,5454.15,0
2021-05-12 10:13:12,5454.05,0
2021-05-12 10:13:14,5454.05,0
2021-05-12 10:13:16,5453.45,0
2021-05-12 10:13:18,5453.5,0
2021-05-12 10:13:19,5453.75,0
2021-05-12 10:13:20,5453.7,0
2021-05-12 10:13:21,5454.0,0
2021-05-12 10:13:24,5454.15,0
2021-05-12 10:13:26,5454.05,0
2021-05-12 10:13:27,5453.8,0
2021-05-12 10:13:28,5453.95,0
2021-05-12 10:13:30,5454.05,0
2021-05-12 10:13:31,5454.25,0
2021-05-12 10:13:32,5454.65,0
2021-05-12 10:13:34,5454.15,0
2021-05-12 10:13:35,5454.0,0
2021-05-12 10:13:36,5454.05,0
2021-05-12 10:13:37,5453.95,0
2021-05-12 10:13:38,5453.6,0
2021-05-12 10:13:39,5454.2,0
2021-05-12 10:13:41,5455.25,0
2021-05-12 10:13:43,5455.35,0
2021-05-12 10:13:44,5456.15,0
2021-05-12 10:13:45,5456.55,0
2021-05-12 10:13:47,5455.8,0
2021-05-12 10:13:48,5456.45,0
2021-05-12 10:13:49,5456.2,0
2021-05-12 10:13:50,5456.2,0
2021-05-12 10:13:52,5456.5,0
2021-05-12 10:13:55,5457.2,0
2021-05-12 10:13:59,5457.1,0
2021-05-12 10:14:00,5457.1,0
2021-05-12 10:14:01,5457.35,0
2021-05-12 10:14:05,5456.65,0
2021-05-12 10:14:09,5457.6,0
2021-05-12 10:14:10,5456.8,0
2021-05-12 10:14:11,5457.15,0
2021-05-12 10:14:12,5457.65,0
2021-05-12 10:14:13,5457.6,0
2021-05-12 10:14:15,5458.2,0
2021-05-12 10:14:16,5457.8,0
2021-05-12 10:14:18,5457.7,0
2021-05-12 10:14:20,5458.1,0
2021-05-12 10:14:21,5457.7,0
2021-05-12 10:14:22,5457.3,0
2021-05-12 10:14:23,5456.95,0
2021-05-12 10:14:24,5457.3,0
2021-05-12 10:14:25,5457.75,0
2021-05-12 10:14:29,5455.45,0
2021-05-12 10:14:30,5455.75,0
2021-05-12 10:14:31,5455.55,0
2021-05-12 10:14:35,5454.85,0
2021-05-12 10:14:37,5455.65,0
2021-05-12 10:14:38,5455.7,0
2021-05-12 10:14:39,5455.55,0
2021-05-12 10:14:40,5455.75,0
2021-05-12 10:14:41,5455.4,0
2021-05-12 10:14:42,5455.9,0
2021-05-12 10:14:43,5456.8,0
2021-05-12 10:14:44,5456.2,0
2021-05-12 10:14:45,5456.15,0
2021-05-12 10:14:47,5456.7,0
2021-05-12 10:14:48,5455.5,0
2021-05-12 10:14:49,5455.6,0
2021-05-12 10:14:50,5454.5,0
2021-05-12 10:14:51,5455.2,0
2021-05-12 10:14:52,5455.7,0
2021-05-12 10:14:53,5454.8,0
2021-05-12 10:14:54,5455.1,0
2021-05-12 10:14:55,5454.65,0
2021-05-12 10:14:56,5454.75,0
2021-05-12 10:14:58,5454.25,0
2021-05-12 10:14:59,5454.75,0
2021-05-12 10:15:00,5454.65,0
2021-05-12 10:15:03,5453.55,0
2021-05-12 10:15:05,5453.5,0
2021-05-12 10:15:08,5453.15,0
2021-05-12 10:15:12,5453.4,0
2021-05-12 10:15:13,5452.3,0
2021-05-12 10:15:15,5452.9,0
2021-05-12 10:15:19,5452.35,0
2021-05-12 10:15:21,5452.5,0
2021-05-12 10:15:22,5452.9,0
2021-05-12 10:15:25,5452.7,0
2021-05-12 10:15:26,5452.25,0
2021-05-12 10:15:29,5452.0,0
2021-05-12 10:15:30,5452.55,0
2021-05-12 10:15:33,5452.7,0
2021-05-12 10:15:35,5452.75,0
2021-05-12 10:15:36,5453.1,0
2021-05-12 10:15:37,5452.6,0
2021-05-12 10:15:40,5452.4,0
2021-05-12 10:15:44,5452.05,0
2021-05-12 10:15:45,5452.35,0
2021-05-12 10:15:46,5452.45,0
2021-05-12 10:15:47,5452.6,0
2021-05-12 10:15:48,5452.05,0
2021-05-12 10:15:49,5452.65,0
2021-05-12 10:15:50,5452.0,0
2021-05-12 10:15:52,5452.55,0
2021-05-12 10:15:54,5452.2,0
2021-05-12 10:15:55,5452.35,0
2021-05-12 10:15:57,5452.8,0
2021-05-12 10:15:58,5452.95,0
2021-05-12 10:15:59,5453.15,0
2021-05-12 10:16:03,5453.75,0
2021-05-12 10:16:04,5454.25,0
2021-05-12 10:16:06,5454.75,0
2021-05-12 10:16:07,5454.15,0
2021-05-12 10:16:08,5454.65,0
2021-05-12 10:16:10,5454.75,0
2021-05-12 10:16:11,5454.7,0
2021-05-12 10:16:12,5454.95,0
2021-05-12 10:16:14,5454.6,0
2021-05-12 10:16:15,5454.95,0
2021-05-12 10:16:16,5454.9,0
2021-05-12 10:16:17,5454.45,0
2021-05-12 10:16:18,5454.85,0
2021-05-12 10:16:19,5454.25,0
2021-05-12 10:16:20,5454.05,0
2021-05-12 10:16:21,5454.85,0
2021-05-12 10:16:22,5454.8,0
2021-05-12 10:16:24,5455.25,0
2021-05-12 10:16:25,5455.15,0
2021-05-12 10:16:26,5454.65,0
2021-05-12 10:16:27,5454.15,0
2021-05-12 10:16:28,5455.4,0
2021-05-12 10:16:29,5455.35,0
2021-05-12 10:16:32,5455.65,0
2021-05-12 10:16:33,5455.8,0
2021-05-12 10:16:34,5456.15,0
2021-05-12 10:16:35,5456.35,0
2021-05-12 10:16:36,5455.55,0
2021-05-12 10:16:38,5455.9,0
2021-05-12 10:16:39,5456.45,0
2021-05-12 10:16:40,5456.0,0
2021-05-12 10:16:41,5456.5,0
2021-05-12 10:16:42,5457.55,0
2021-05-12 10:16:43,5457.55,0
2021-05-12 10:16:46,5457.2,0
2021-05-12 10:16:47,5456.85,0
2021-05-12 10:16:49,5457.25,0
2021-05-12 10:16:54,5455.8,0
2021-05-12 10:16:55,5455.75,0
2021-05-12 10:16:56,5455.25,0
2021-05-12 10:16:58,5455.1,0
2021-05-12 10:16:59,5454.95,0
2021-05-12 10:17:00,5454.35,0
2021-05-12 10:17:01,5454.2,0
2021-05-12 10:17:02,5454.7,0
2021-05-12 10:17:06,5455.25,0
2021-05-12 10:17:07,5455.35,0
2021-05-12 10:17:11,5455.65,0
2021-05-12 10:17:14,5454.2,0
2021-05-12 10:17:18,5454.3,0
2021-05-12 10:17:19,5453.35,0
2021-05-12 10:17:22,5452.5,0
2021-05-12 10:17:23,5453.25,0
2021-05-12 10:17:24,5453.4,0
2021-05-12 10:17:25,5453.2,0
2021-05-12 10:17:26,5453.75,0
2021-05-12 10:17:27,5453.85,0
2021-05-12 10:17:28,5453.05,0
2021-05-12 10:17:30,5453.65,0
2021-05-12 10:17:31,5453.5,0
2021-05-12 10:17:33,5453.6,0
2021-05-12 10:17:34,5453.35,0
2021-05-12 10:17:38,5454.15,0
2021-05-12 10:17:40,5454.65,0
2021-05-12 10:17:42,5455.05,0
2021-05-12 10:17:43,5454.85,0
2021-05-12 10:17:45,5455.55,0
2021-05-12 10:17:46,5455.45,0
2021-05-12 10:17:48,5454.6,0
2021-05-12 10:17:50,5455.1,0
2021-05-12 10:17:51,5455.1,0
2021-05-12 10:17:52,5455.45,0
2021-05-12 10:17:54,5455.45,0
2021-05-12 10:18:00,5455.8,0
2021-05-12 10:18:02,5455.35,0
2021-05-12 10:18:03,5454.85,0
2021-05-12 10:18:04,5455.1,0
2021-05-12 10:18:05,5455.1,0
2021-05-12 10:18:06,5455.1,0
2021-05-12 10:18:07,5455.35,0
2021-05-12 10:18:08,5454.85,0
2021-05-12 10:18:09,5455.3,0
2021-05-12 10:18:10,5455.0,0
2021-05-12 10:18:11,5455.9,0
2021-05-12 10:18:14,5455.95,0
2021-05-12 10:18:15,5455.65,0
2021-05-12 10:18:16,5455.75,0
2021-05-12 10:18:17,5455.55,0
2021-05-12 10:18:18,5455.2,0
2021-05-12 10:18:21,5456.0,0
2021-05-12 10:18:22,5455.7,0
2021-05-12 10:18:23,5455.45,0
2021-05-12 10:18:24,5455.95,0
2021-05-12 10:18:25,5456.1,0
2021-05-12 10:18:26,5455.7,0
2021-05-12 10:18:27,5455.95,0
2021-05-12 10:18:29,5455.45,0
2021-05-12 10:18:30,5455.3,0
2021-05-12 10:18:31,5454.4,0
2021-05-12 10:18:32,5454.75,0
2021-05-12 10:18:33,5454.5,0
2021-05-12 10:18:34,5454.95,0
2021-05-12 10:18:35,5453.9,0
2021-05-12 10:18:37,5453.65,0
2021-05-12 10:18:40,5453.75,0
2021-05-12 10:18:44,5453.75,0
2021-05-12 10:18:46,5454.0,0
2021-05-12 10:18:47,5453.7,0
2021-05-12 10:18:49,5454.6,0
2021-05-12 10:18:51,5455.1,0
2021-05-12 10:18:52,5454.35,0
2021-05-12 10:18:53,5454.15,0
2021-05-12 10:18:55,5453.25,0
2021-05-12 10:18:56,5453.7,0
2021-05-12 10:19:00,5453.0,0
2021-05-12 10:19:01,5453.4,0
2021-05-12 10:19:02,5453.25,0
2021-05-12 10:19:03,5453.65,0
2021-05-12 10:19:04,5452.85,0
2021-05-12 10:19:05,5452.7,0
2021-05-12 10:19:06,5452.95,0
2021-05-12 10:19:07,5453.45,0
2021-05-12 10:19:08,5453.2,0
2021-05-12 10:19:09,5452.9,0
2021-05-12 10:19:11,5453.1,0
2021-05-12 10:19:14,5453.25,0
2021-05-12 10:19:15,5453.3,0
2021-05-12 10:19:18,5453.1,0
2021-05-12 10:19:19,5453.3,0
2021-05-12 10:19:21,5452.7,0
2021-05-12 10:19:23,5452.9,0
2021-05-12 10:19:25,5453.15,0
2021-05-12 10:19:26,5453.15,0
2021-05-12 10:19:27,5452.45,0
2021-05-12 10:19:28,5452.75,0
2021-05-12 10:19:29,5452.55,0
2021-05-12 10:19:32,5452.7,0
2021-05-12 10:19:35,5453.25,0
2021-05-12 10:19:36,5453.6,0
2021-05-12 10:19:38,5454.0,0
2021-05-12 10:19:39,5453.4,0
2021-05-12 10:19:40,5453.45,0
2021-05-12 10:19:41,5452.65,0
2021-05-12 10:19:42,5452.5,0
2021-05-12 10:19:43,5454.2,0
2021-05-12 10:19:45,5454.25,0
2021-05-12 10:19:46,5454.65,0
2021-05-12 10:19:48,5453.8,0
2021-05-12 10:19:51,5453.45,0
2021-05-12 10:19:52,5453.05,0
2021-05-12 10:19:53,5452.75,0
2021-05-12 10:19:54,5453.05,0
2021-05-12 10:19:57,5453.55,0
2021-05-12 10:19:59,5453.05,0
2021-05-12 10:20:00,5453.1,0
2021-05-12 10:20:10,5451.9,0
2021-05-12 10:20:11,5452.2,0
2021-05-12 10:20:12,5451.1,0
2021-05-12 10:20:13,5450.75,0
2021-05-12 10:20:14,5451.75,0
2021-05-12 10:20:18,5450.6,0
2021-05-12 10:20:25,5450.55,0
2021-05-12 10:20:27,5450.55,0
2021-05-12 10:20:28,5450.6,0
2021-05-12 10:20:29,5450.6,0
2021-05-12 10:20:30,5450.35,0
2021-05-12 10:20:34,5450.15,0
2021-05-12 10:20:37,5449.75,0
2021-05-12 10:20:39,5450.8,0
2021-05-12 10:20:41,5450.55,0
2021-05-12 10:20:42,5450.8,0
2021-05-12 10:20:45,5450.75,0
2021-05-12 10:20:46,5451.15,0
2021-05-12 10:20:47,5450.8,0
2021-05-12 10:20:48,5450.6,0
2021-05-12 10:20:50,5450.45,0
2021-05-12 10:20:52,5451.3,0
2021-05-12 10:20:53,5451.45,0
2021-05-12 10:20:54,5451.4,0
2021-05-12 10:20:57,5451.0,0
2021-05-12 10:20:58,5451.9,0
2021-05-12 10:21:00,5451.9,0
2021-05-12 10:21:01,5451.85,0
2021-05-12 10:21:02,5451.6,0
2021-05-12 10:21:03,5451.7,0
2021-05-12 10:21:04,5450.9,0
2021-05-12 10:21:05,5451.0,0
2021-05-12 10:21:06,5450.1,0
2021-05-12 10:21:07,5450.1,0
2021-05-12 10:21:09,5449.45,0
2021-05-12 10:21:11,5449.35,0
2021-05-12 10:21:12,5449.45,0
2021-05-12 10:21:13,5448.95,0
2021-05-12 10:21:14,5449.05,0
2021-05-12 10:21:17,5447.9,0
2021-05-12 10:21:18,5447.95,0
2021-05-12 10:21:21,5448.15,0
2021-05-12 10:21:23,5444.7,0
2021-05-12 10:21:24,5441.3,0
2021-05-12 10:21:26,5441.9,0
2021-05-12 10:21:27,5441.15,0
2021-05-12 10:21:30,5440.05,0
2021-05-12 10:21:32,5440.45,0
2021-05-12 10:21:33,5439.6,0
2021-05-12 10:21:36,5439.25,0
2021-05-12 10:21:37,5439.35,0
2021-05-12 10:21:38,5439.1,0
2021-05-12 10:21:40,5438.75,0
2021-05-12 10:21:44,5440.3,0
2021-05-12 10:21:46,5439.35,0
2021-05-12 10:21:49,5439.15,0
2021-05-12 10:21:50,5438.6,0
2021-05-12 10:21:51,5438.55,0
2021-05-12 10:21:53,5438.3,0
2021-05-12 10:21:54,5437.9,0
2021-05-12 10:21:56,5437.7,0
2021-05-12 10:21:58,5437.0,0
2021-05-12 10:21:59,5437.25,0
2021-05-12 10:22:01,5436.15,0
2021-05-12 10:22:03,5436.55,0
2021-05-12 10:22:04,5435.7,0
2021-05-12 10:22:05,5435.45,0
2021-05-12 10:22:06,5434.35,0
2021-05-12 10:22:11,5433.4,0
2021-05-12 10:22:13,5434.35,0
2021-05-12 10:22:14,5433.4,0
2021-05-12 10:22:17,5434.45,0
2021-05-12 10:22:18,5434.85,0
2021-05-12 10:22:20,5434.55,0
2021-05-12 10:22:22,5434.5,0
2021-05-12 10:22:25,5434.5,0
2021-05-12 10:22:26,5434.65,0
2021-05-12 10:22:27,5434.05,0
2021-05-12 10:22:29,5434.35,0
2021-05-12 10:22:30,5435.05,0
2021-05-12 10:22:32,5435.75,0
2021-05-12 10:22:36,5440.9,0
2021-05-12 10:22:40,5438.65,0
2021-05-12 10:22:41,5437.95,0
2021-05-12 10:22:44,5438.0,0
2021-05-12 10:22:49,5435.65,0
2021-05-12 10:22:52,5435.35,0
2021-05-12 10:22:55,5435.2,0
2021-05-12 10:22:56,5434.8,0
2021-05-12 10:22:57,5434.8,0
2021-05-12 10:22:58,5434.6,0
2021-05-12 10:22:59,5435.1,0
2021-05-12 10:23:02,5432.9,0
2021-05-12 10:23:04,5432.3,0
2021-05-12 10:23:07,5431.35,0
2021-05-12 10:23:08,5431.2,0
2021-05-12 10:23:11,5429.6,0
2021-05-12 10:23:13,5429.55,0
2021-05-12 10:23:14,5427.8,0
2021-05-12 10:23:16,5426.9,0
2021-05-12 10:23:17,5427.65,0
2021-05-12 10:23:18,5427.15,0
2021-05-12 10:23:22,5428.55,0
2021-05-12 10:23:25,5428.65,0
2021-05-12 10:23:26,5428.75,0
2021-05-12 10:23:27,5429.1,0
2021-05-12 10:23:30,5429.9,0
2021-05-12 10:23:34,5428.8,0
2021-05-12 10:23:36,5429.3,0
2021-05-12 10:23:37,5429.0,0
2021-05-12 10:23:39,5429.4,0
2021-05-12 10:23:40,5429.0,0
2021-05-12 10:23:41,5429.4,0
2021-05-12 10:23:43,5428.55,0
2021-05-12 10:23:44,5429.0,0
2021-05-12 10:23:46,5429.7,0
2021-05-12 10:23:47,5429.6,0
2021-05-12 10:23:48,5429.9,0
2021-05-12 10:23:49,5429.65,0
2021-05-12 10:23:50,5429.45,0
2021-05-12 10:23:52,5429.35,0
2021-05-12 10:23:54,5429.2,0
2021-05-12 10:23:56,5429.1,0
2021-05-12 10:23:57,5430.55,0
2021-05-12 10:24:01,5430.15,0
2021-05-12 10:24:02,5429.2,0
2021-05-12 10:24:04,5429.25,0
2021-05-12 10:24:11,5427.1,0
2021-05-12 10:24:12,5426.7,0
2021-05-12 10:24:14,5427.05,0
2021-05-12 10:24:16,5427.2,0
2021-05-12 10:24:18,5427.45,0
2021-05-12 10:24:19,5426.85,0
2021-05-12 10:24:20,5427.4,0
2021-05-12 10:24:22,5427.45,0
2021-05-12 10:24:23,5426.95,0
2021-05-12 10:24:24,5426.3,0
2021-05-12 10:24:25,5426.7,0
2021-05-12 10:24:27,5426.3,0
2021-05-12 10:24:28,5425.9,0
2021-05-12 10:24:29,5425.85,0
2021-05-12 10:24:31,5425.95,0
2021-05-12 10:24:32,5426.5,0
2021-05-12 10:24:40,5426.15,0
2021-05-12 10:24:42,5425.75,0
2021-05-12 10:24:44,5425.45,0
2021-05-12 10:24:45,5425.75,0
2021-05-12 10:24:46,5425.4,0
2021-05-12 10:24:51,5424.35,0
2021-05-12 10:24:54,5424.6,0
2021-05-12 10:24:55,5424.7,0
2021-05-12 10:24:57,5425.45,0
2021-05-12 10:24:58,5425.1,0
2021-05-12 10:24:59,5424.95,0
2021-05-12 10:25:00,5425.25,0
2021-05-12 10:25:01,5424.2,0
2021-05-12 10:25:02,5423.95,0
2021-05-12 10:25:03,5423.8,0
2021-05-12 10:25:04,5423.6,0
2021-05-12 10:25:06,5424.6,0
2021-05-12 10:25:07,5424.1,0
2021-05-12 10:25:08,5424.25,0
2021-05-12 10:25:09,5423.85,0
2021-05-12 10:25:10,5425.65,0
2021-05-12 10:25:11,5427.7,0
2021-05-12 10:25:12,5428.7,0
2021-05-12 10:25:14,5429.25,0
2021-05-12 10:25:15,5429.5,0
2021-05-12 10:25:16,5428.9,0
2021-05-12 10:25:17,5427.7,0
2021-05-12 10:25:19,5427.6,0
2021-05-12 10:25:20,5427.7,0
2021-05-12 10:25:21,5427.9,0
2021-05-12 10:25:22,5428.55,0
2021-05-12 10:25:25,5428.25,0
2021-05-12 10:25:27,5427.75,0
2021-05-12 10:25:29,5429.35,0
2021-05-12 10:25:30,5428.65,0
2021-05-12 10:25:31,5429.8,0
2021-05-12 10:25:32,5429.7,0
2021-05-12 10:25:35,5429.9,0
2021-05-12 10:25:37,5430.3,0
2021-05-12 10:25:42,5432.9,0
2021-05-12 10:25:45,5433.6,0
2021-05-12 10:25:47,5431.65,0
2021-05-12 10:25:49,5431.7,0
2021-05-12 10:25:51,5432.45,0
2021-05-12 10:25:52,5433.2,0
2021-05-12 10:25:57,5432.5,0
2021-05-12 10:26:00,5433.25,0
2021-05-12 10:26:02,5432.65,0
2021-05-12 10:26:07,5430.75,0
2021-05-12 10:26:08,5430.15,0
2021-05-12 10:26:10,5430.45,0
2021-05-12 10:26:13,5430.7,0
2021-05-12 10:26:16,5430.6,0
2021-05-12 10:26:18,5429.95,0
2021-05-12 10:26:19,5429.8,0
2021-05-12 10:26:20,5429.85,0
2021-05-12 10:26:23,5430.15,0
2021-05-12 10:26:26,5430.85,0
2021-05-12 10:26:27,5432.15,0
2021-05-12 10:26:31,5430.95,0
2021-05-12 10:26:32,5431.45,0
2021-05-12 10:26:34,5431.75,0
2021-05-12 10:26:35,5432.1,0
2021-05-12 10:26:36,5431.95,0
2021-05-12 10:26:37,5432.35,0
2021-05-12 10:26:38,5432.2,0
2021-05-12 10:26:42,5430.1,0
2021-05-12 10:26:43,5429.75,0
2021-05-12 10:26:45,5430.35,0
2021-05-12 10:26:46,5430.85,0
2021-05-12 10:26:47,5430.65,0
2021-05-12 10:26:48,5430.5,0
2021-05-12 10:26:54,5429.4,0
2021-05-12 10:26:55,5428.4,0
2021-05-12 10:26:57,5428.55,0
2021-05-12 10:26:59,5427.35,0
2021-05-12 10:27:00,5427.7,0
2021-05-12 10:27:03,5427.25,0
2021-05-12 10:27:05,5426.6,0
2021-05-12 10:27:08,5426.95,0
2021-05-12 10:27:09,5427.45,0
2021-05-12 10:27:10,5426.75,0
2021-05-12 10:27:12,5427.0,0
2021-05-12 10:27:15,5426.2,0
2021-05-12 10:27:18,5426.15,0
2021-05-12 10:27:19,5425.3,0
2021-05-12 10:27:20,5424.55,0
2021-05-12 10:27:21,5425.15,0
2021-05-12 10:27:23,5424.9,0
2021-05-12 10:27:25,5425.05,0
2021-05-12 10:27:26,5425.05,0
2021-05-12 10:27:29,5425.3,0
2021-05-12 10:27:30,5425.5,0
2021-05-12 10:27:31,5425.35,0
2021-05-12 10:27:32,5426.05,0
2021-05-12 10:27:33,5425.8,0
2021-05-12 10:27:34,5424.0,0
2021-05-12 10:27:36,5423.3,0
2021-05-12 10:27:39,5424.3,0
2021-05-12 10:27:40,5424.05,0
2021-05-12 10:27:41,5423.35,0
2021-05-12 10:27:42,5423.6,0
2021-05-12 10:27:45,5423.65,0
2021-05-12 10:27:44,5423.8,0
2021-05-12 10:27:47,5423.0,0
2021-05-12 10:27:48,5423.5,0
2021-05-12 10:27:49,5423.45,0
2021-05-12 10:27:50,5423.75,0
2021-05-12 10:27:51,5424.3,0
2021-05-12 10:27:53,5423.9,0
2021-05-12 10:27:54,5423.3,0
2021-05-12 10:27:56,5423.3,0
2021-05-12 10:27:55,5423.1,0
2021-05-12 10:27:57,5423.4,0
2021-05-12 10:27:59,5422.15,0
2021-05-12 10:28:00,5422.15,0
2021-05-12 10:28:01,5421.65,0
2021-05-12 10:28:03,5420.5,0
2021-05-12 10:28:06,5420.35,0
2021-05-12 10:28:07,5419.85,0
2021-05-12 10:28:09,5419.3,0
2021-05-12 10:28:10,5419.45,0
2021-05-12 10:28:12,5420.75,0
2021-05-12 10:28:18,5419.3,0
2021-05-12 10:28:20,5419.6,0
2021-05-12 10:28:21,5419.15,0
2021-05-12 10:28:22,5419.05,0
2021-05-12 10:28:23,5420.6,0
2021-05-12 10:28:24,5420.45,0
2021-05-12 10:28:26,5419.95,0
2021-05-12 10:28:27,5421.2,0
2021-05-12 10:28:28,5420.45,0
2021-05-12 10:28:30,5419.95,0
2021-05-12 10:28:33,5420.2,0
2021-05-12 10:28:34,5421.05,0
2021-05-12 10:28:35,5420.35,0
2021-05-12 10:28:36,5421.15,0
2021-05-12 10:28:40,5421.75,0
2021-05-12 10:28:41,5422.05,0
2021-05-12 10:28:42,5421.8,0
2021-05-12 10:28:44,5421.75,0
2021-05-12 10:28:45,5421.35,0
2021-05-12 10:28:50,5421.95,0
2021-05-12 10:28:51,5422.15,0
2021-05-12 10:28:52,5421.8,0
2021-05-12 10:28:53,5421.45,0
2021-05-12 10:28:56,5422.25,0
2021-05-12 10:28:57,5423.35,0
2021-05-12 10:28:59,5422.8,0
2021-05-12 10:29:00,5422.05,0
2021-05-12 10:29:01,5422.0,0
2021-05-12 10:29:02,5422.2,0
2021-05-12 10:29:03,5420.5,0
2021-05-12 10:29:04,5420.55,0
2021-05-12 10:29:06,5419.9,0
2021-05-12 10:29:07,5420.15,0
2021-05-12 10:29:11,5419.45,0
2021-05-12 10:29:12,5419.8,0
2021-05-12 10:29:13,5419.8,0
2021-05-12 10:29:14,5419.75,0
2021-05-12 10:29:15,5419.85,0
2021-05-12 10:29:18,5419.05,0
2021-05-12 10:29:20,5417.85,0
2021-05-12 10:29:23,5416.9,0
2021-05-12 10:29:24,5417.25,0
2021-05-12 10:29:26,5417.35,0
2021-05-12 10:29:28,5416.5,0
2021-05-12 10:29:29,5416.05,0
2021-05-12 10:29:30,5415.95,0
2021-05-12 10:29:32,5416.05,0
2021-05-12 10:29:33,5415.8,0
2021-05-12 10:29:37,5414.9,0
2021-05-12 10:29:38,5415.75,0
2021-05-12 10:29:39,5415.3,0
2021-05-12 10:29:40,5415.65,0
2021-05-12 10:29:41,5415.05,0
2021-05-12 10:29:45,5414.8,0
2021-05-12 10:29:47,5414.55,0
2021-05-12 10:29:50,5414.3,0
2021-05-12 10:29:53,5413.95,0
2021-05-12 10:29:55,5414.1,0
2021-05-12 10:29:56,5414.35,0
2021-05-12 10:29:57,5414.95,0
2021-05-12 10:29:58,5415.45,0
2021-05-12 10:30:01,5415.75,0
2021-05-12 10:30:04,5414.85,0
2021-05-12 10:30:05,5414.75,0
2021-05-12 10:30:07,5415.8,0
2021-05-12 10:30:08,5414.4,0
2021-05-12 10:30:11,5413.95,0
2021-05-12 10:30:13,5413.05,0
2021-05-12 10:30:15,5412.7,0
2021-05-12 10:30:16,5412.9,0
2021-05-12 10:30:17,5412.5,0
2021-05-12 10:30:18,5411.95,0
2021-05-12 10:30:19,5412.35,0
2021-05-12 10:30:20,5412.0,0
2021-05-12 10:30:21,5412.0,0
2021-05-12 10:30:23,5411.2,0
2021-05-12 10:30:25,5411.35,0
2021-05-12 10:30:26,5411.9,0
2021-05-12 10:30:27,5412.9,0
2021-05-12 10:30:28,5411.8,0
2021-05-12 10:30:29,5410.85,0
2021-05-12 10:30:32,5410.85,0
2021-05-12 10:30:36,5409.45,0
2021-05-12 10:30:38,5408.5,0
2021-05-12 10:30:40,5409.0,0
2021-05-12 10:30:41,5407.9,0
2021-05-12 10:30:42,5406.85,0
2021-05-12 10:30:43,5407.6,0
2021-05-12 10:30:45,5406.85,0
2021-05-12 10:30:48,5406.55,0
2021-05-12 10:30:49,5405.8,0
2021-05-12 10:30:50,5406.0,0
2021-05-12 10:30:52,5405.7,0
2021-05-12 10:30:56,5405.45,0
2021-05-12 10:30:57,5405.65,0
2021-05-12 10:30:58,5405.75,0
2021-05-12 10:30:59,5405.95,0
2021-05-12 10:31:01,5404.8,0
2021-05-12 10:31:03,5409.4,0
2021-05-12 10:31:06,5409.5,0
2021-05-12 10:31:07,5409.45,0
2021-05-12 10:31:09,5409.15,0
2021-05-12 10:31:12,5408.2,0
2021-05-12 10:31:13,5408.0,0
2021-05-12 10:31:14,5408.65,0
2021-05-12 10:31:15,5408.4,0
2021-05-12 10:31:20,5407.1,0
2021-05-12 10:31:21,5407.7,0
2021-05-12 10:31:24,5406.5,0
2021-05-12 10:31:25,5406.65,0
2021-05-12 10:31:27,5406.7,0
2021-05-12 10:31:29,5406.7,0
2021-05-12 10:31:36,5406.95,0
2021-05-12 10:31:38,5409.6,0
2021-05-12 10:31:40,5410.0,0
2021-05-12 10:31:42,5409.75,0
2021-05-12 10:31:43,5410.5,0
2021-05-12 10:31:45,5410.35,0
2021-05-12 10:31:46,5411.3,0
2021-05-12 10:31:54,5413.5,0
2021-05-12 10:31:55,5412.05,0
2021-05-12 10:31:56,5413.0,0
2021-05-12 10:31:57,5413.1,0
2021-05-12 10:32:00,5412.8,0
2021-05-12 10:32:01,5413.6,0
2021-05-12 10:32:03,5414.05,0
2021-05-12 10:32:04,5414.1,0
2021-05-12 10:32:05,5414.45,0
2021-05-12 10:32:06,5414.8,0
2021-05-12 10:32:08,5415.0,0
2021-05-12 10:32:09,5415.15,0
2021-05-12 10:32:10,5415.85,0
2021-05-12 10:32:12,5414.85,0
2021-05-12 10:32:13,5415.3,0
2021-05-12 10:32:15,5416.4,0
2021-05-12 10:32:18,5413.4,0
2021-05-12 10:32:19,5411.8,0
2021-05-12 10:32:21,5412.75,0
2021-05-12 10:32:22,5411.7,0
2021-05-12 10:32:24,5412.5,0
2021-05-12 10:32:25,5412.8,0
2021-05-12 10:32:26,5412.35,0
2021-05-12 10:32:27,5412.45,0
2021-05-12 10:32:29,5412.65,0
2021-05-12 10:32:31,5412.95,0
2021-05-12 10:32:32,5412.7,0
2021-05-12 10:32:34,5412.95,0
2021-05-12 10:32:35,5412.45,0
2021-05-12 10:32:38,5412.15,0
2021-05-12 10:32:43,5413.15,0
2021-05-12 10:32:44,5413.55,0
2021-05-12 10:32:45,5413.2,0
2021-05-12 10:32:48,5414.0,0
2021-05-12 10:32:50,5413.15,0
2021-05-12 10:32:51,5414.7,0
2021-05-12 10:32:53,5413.95,0
2021-05-12 10:32:54,5413.4,0
2021-05-12 10:32:55,5414.0,0
2021-05-12 10:32:56,5414.15,0
2021-05-12 10:32:57,5415.1,0
2021-05-12 10:32:59,5416.85,0
2021-05-12 10:33:01,5417.35,0
2021-05-12 10:33:03,5419.5,0
2021-05-12 10:33:04,5419.45,0
2021-05-12 10:33:05,5419.7,0
2021-05-12 10:33:06,5419.1,0
2021-05-12 10:33:07,5419.45,0
2021-05-12 10:33:08,5419.55,0
2021-05-12 10:33:10,5420.55,0
2021-05-12 10:33:12,5419.8,0
2021-05-12 10:33:14,5418.85,0
2021-05-12 10:33:17,5417.2,0
2021-05-12 10:33:19,5416.15,0
2021-05-12 10:33:20,5416.5,0
2021-05-12 10:33:21,5416.05,0
2021-05-12 10:33:28,5415.5,0
2021-05-12 10:33:30,5416.1,0
2021-05-12 10:33:31,5416.5,0
2021-05-12 10:33:32,5416.1,0
2021-05-12 10:33:35,5416.35,0
2021-05-12 10:33:36,5417.0,0
2021-05-12 10:33:37,5416.65,0
2021-05-12 10:33:38,5417.15,0
2021-05-12 10:33:42,5416.45,0
2021-05-12 10:33:43,5416.55,0
2021-05-12 10:33:45,5416.65,0
2021-05-12 10:33:46,5416.7,0
2021-05-12 10:33:47,5416.55,0
2021-05-12 10:33:51,5415.35,0
2021-05-12 10:33:54,5413.45,0
2021-05-12 10:33:59,5412.9,0
2021-05-12 10:34:00,5412.45,0
2021-05-12 10:34:02,5412.25,0
2021-05-12 10:34:05,5411.55,0
2021-05-12 10:34:07,5413.4,0
2021-05-12 10:34:08,5412.05,0
2021-05-12 10:34:11,5412.35,0
2021-05-12 10:34:14,5412.55,0
2021-05-12 10:34:17,5412.95,0
2021-05-12 10:34:18,5412.65,0
2021-05-12 10:34:19,5412.75,0
2021-05-12 10:34:22,5412.95,0
2021-05-12 10:34:24,5412.85,0
2021-05-12 10:34:26,5413.45,0
2021-05-12 10:34:28,5411.2,0
2021-05-12 10:34:36,5409.8,0
2021-05-12 10:34:37,5410.0,0
2021-05-12 10:34:38,5410.2,0
2021-05-12 10:34:41,5409.55,0
2021-05-12 10:34:42,5410.1,0
2021-05-12 10:34:43,5409.7,0
2021-05-12 10:34:44,5409.35,0
2021-05-12 10:34:45,5409.7,0
2021-05-12 10:34:46,5410.05,0
2021-05-12 10:34:47,5410.55,0
2021-05-12 10:34:48,5410.35,0
2021-05-12 10:34:50,5409.7,0
2021-05-12 10:34:52,5410.35,0
2021-05-12 10:34:51,5409.5,0
2021-05-12 10:34:53,5410.3,0
2021-05-12 10:34:54,5410.1,0
2021-05-12 10:34:56,5409.5,0
2021-05-12 10:34:57,5410.9,0
2021-05-12 10:34:58,5410.4,0
2021-05-12 10:35:00,5410.55,0
2021-05-12 10:35:02,5410.1,0
2021-05-12 10:35:03,5409.4,0
2021-05-12 10:35:04,5409.85,0
2021-05-12 10:35:05,5408.8,0
2021-05-12 10:35:07,5409.3,0
2021-05-12 10:35:08,5409.1,0
2021-05-12 10:35:09,5409.3,0
2021-05-12 10:35:10,5409.15,0
2021-05-12 10:35:11,5408.75,0
2021-05-12 10:35:12,5409.0,0
2021-05-12 10:35:13,5408.55,0
2021-05-12 10:35:15,5408.25,0
2021-05-12 10:35:16,5409.4,0
2021-05-12 10:35:17,5408.6,0
2021-05-12 10:35:18,5409.45,0
2021-05-12 10:35:19,5409.1,0
2021-05-12 10:35:20,5409.75,0
2021-05-12 10:35:21,5409.2,0
2021-05-12 10:35:22,5411.35,0
2021-05-12 10:35:24,5410.6,0
2021-05-12 10:35:25,5414.45,0
2021-05-12 10:35:26,5415.05,0
2021-05-12 10:35:27,5415.05,0
2021-05-12 10:35:31,5415.4,0
2021-05-12 10:35:32,5415.45,0
2021-05-12 10:35:33,5415.55,0
2021-05-12 10:35:34,5415.5,0
2021-05-12 10:35:35,5416.75,0
2021-05-12 10:35:36,5416.3,0
2021-05-12 10:35:38,5416.0,0
2021-05-12 10:35:39,5415.9,0
2021-05-12 10:35:42,5415.25,0
2021-05-12 10:35:44,5415.75,0
2021-05-12 10:35:47,5415.4,0
2021-05-12 10:35:48,5416.0,0
2021-05-12 10:35:50,5415.75,0
2021-05-12 10:35:51,5415.7,0
2021-05-12 10:35:53,5416.45,0
2021-05-12 10:35:54,5416.5,0
2021-05-12 10:35:55,5415.75,0
2021-05-12 10:35:57,5416.6,0
2021-05-12 10:35:59,5417.4,0
2021-05-12 10:36:00,5417.2,0
2021-05-12 10:36:01,5417.15,0
2021-05-12 10:36:05,5418.55,0
2021-05-12 10:36:12,5419.25,0
2021-05-12 10:36:13,5419.15,0
2021-05-12 10:36:15,5419.8,0
2021-05-12 10:36:16,5420.05,0
2021-05-12 10:36:17,5420.5,0
2021-05-12 10:36:18,5421.15,0
2021-05-12 10:36:21,5420.6,0
2021-05-12 10:36:23,5420.95,0
2021-05-12 10:36:24,5422.0,0
2021-05-12 10:36:25,5421.65,0
2021-05-12 10:36:26,5421.3,0
2021-05-12 10:36:29,5422.85,0
2021-05-12 10:36:30,5423.25,0
2021-05-12 10:36:33,5422.5,0
2021-05-12 10:36:34,5420.8,0
2021-05-12 10:36:37,5421.6,0
2021-05-12 10:36:38,5421.3,0
2021-05-12 10:36:39,5421.1,0
2021-05-12 10:36:41,5421.5,0
2021-05-12 10:36:42,5421.65,0
2021-05-12 10:36:43,5421.75,0
2021-05-12 10:36:45,5421.65,0
2021-05-12 10:36:46,5421.3,0
2021-05-12 10:36:47,5421.8,0
2021-05-12 10:36:48,5422.15,0
2021-05-12 10:36:50,5422.5,0
2021-05-12 10:36:51,5422.8,0
2021-05-12 10:36:52,5423.35,0
2021-05-12 10:36:53,5422.95,0
2021-05-12 10:36:55,5422.65,0
2021-05-12 10:36:57,5422.6,0
2021-05-12 10:36:58,5422.7,0
2021-05-12 10:36:59,5422.9,0
2021-05-12 10:37:00,5423.65,0
2021-05-12 10:37:03,5425.7,0
2021-05-12 10:37:07,5425.5,0
2021-05-12 10:37:08,5427.15,0
2021-05-12 10:37:09,5426.85,0
2021-05-12 10:37:10,5427.3,0
2021-05-12 10:37:11,5427.05,0
2021-05-12 10:37:13,5427.0,0
2021-05-12 10:37:14,5427.45,0
2021-05-12 10:37:15,5426.35,0
2021-05-12 10:37:17,5425.95,0
2021-05-12 10:37:19,5425.7,0
2021-05-12 10:37:21,5426.55,0
2021-05-12 10:37:22,5426.6,0
2021-05-12 10:37:24,5426.1,0
2021-05-12 10:37:25,5426.5,0
2021-05-12 10:37:27,5428.0,0
2021-05-12 10:37:28,5427.6,0
2021-05-12 10:37:30,5427.75,0
2021-05-12 10:37:32,5427.9,0
2021-05-12 10:37:33,5428.4,0
2021-05-12 10:37:35,5428.2,0
2021-05-12 10:37:36,5427.95,0
2021-05-12 10:37:37,5428.4,0
2021-05-12 10:37:40,5428.35,0
2021-05-12 10:37:41,5427.9,0
2021-05-12 10:37:42,5428.0,0
2021-05-12 10:37:43,5428.25,0
2021-05-12 10:37:46,5427.9,0
2021-05-12 10:37:48,5428.0,0
2021-05-12 10:37:49,5428.2,0
2021-05-12 10:37:51,5427.5,0
2021-05-12 10:37:52,5426.95,0
2021-05-12 10:37:53,5427.55,0
2021-05-12 10:37:55,5427.3,0
2021-05-12 10:37:56,5427.2,0
2021-05-12 10:37:57,5426.75,0
2021-05-12 10:37:58,5427.65,0
2021-05-12 10:37:59,5427.3,0
2021-05-12 10:38:00,5427.6,0
2021-05-12 10:38:01,5427.05,0
2021-05-12 10:38:03,5427.6,0
2021-05-12 10:38:06,5428.25,0
2021-05-12 10:38:07,5428.0,0
2021-05-12 10:38:08,5427.95,0
2021-05-12 10:38:10,5428.15,0
2021-05-12 10:38:13,5429.9,0
2021-05-12 10:38:15,5429.75,0
2021-05-12 10:38:18,5430.3,0
2021-05-12 10:38:20,5430.1,0
2021-05-12 10:38:22,5430.45,0
2021-05-12 10:38:23,5430.35,0
2021-05-12 10:38:25,5430.95,0
2021-05-12 10:38:26,5431.85,0
2021-05-12 10:38:27,5431.4,0
2021-05-12 10:38:29,5430.75,0
2021-05-12 10:38:30,5431.55,0
2021-05-12 10:38:32,5432.15,0
2021-05-12 10:38:34,5431.65,0
2021-05-12 10:38:36,5431.5,0
2021-05-12 10:38:37,5432.05,0
2021-05-12 10:38:39,5431.3,0
2021-05-12 10:38:41,5432.0,0
2021-05-12 10:38:43,5433.0,0
2021-05-12 10:38:44,5432.5,0
2021-05-12 10:38:47,5432.0,0
2021-05-12 10:38:50,5432.1,0
2021-05-12 10:38:52,5432.25,0
2021-05-12 10:38:53,5432.15,0
2021-05-12 10:38:59,5431.6,0
2021-05-12 10:39:00,5431.45,0
2021-05-12 10:39:02,5427.3,0
2021-05-12 10:39:03,5427.1,0
2021-05-12 10:39:06,5427.75,0
2021-05-12 10:39:08,5427.6,0
2021-05-12 10:39:09,5427.15,0
2021-05-12 10:39:10,5427.6,0
2021-05-12 10:39:14,5427.45,0
2021-05-12 10:39:15,5426.85,0
2021-05-12 10:39:19,5426.1,0
2021-05-12 10:39:21,5426.65,0
2021-05-12 10:39:25,5427.0,0
2021-05-12 10:39:26,5427.15,0
2021-05-12 10:39:27,5427.9,0
2021-05-12 10:39:30,5428.35,0
2021-05-12 10:39:32,5428.65,0
2021-05-12 10:39:33,5427.55,0
2021-05-12 10:39:35,5427.7,0
2021-05-12 10:39:37,5426.5,0
2021-05-12 10:39:38,5427.3,0
2021-05-12 10:39:41,5426.9,0
2021-05-12 10:39:42,5426.85,0
2021-05-12 10:39:43,5427.0,0
2021-05-12 10:39:45,5427.4,0
2021-05-12 10:39:47,5426.8,0
2021-05-12 10:39:49,5427.55,0
2021-05-12 10:39:50,5426.85,0
2021-05-12 10:39:51,5428.2,0
2021-05-12 10:39:53,5429.3,0
2021-05-12 10:39:54,5429.15,0
2021-05-12 10:39:55,5428.9,0
2021-05-12 10:39:56,5428.9,0
2021-05-12 10:40:00,5428.85,0
2021-05-12 10:40:01,5429.5,0
2021-05-12 10:40:02,5428.9,0
2021-05-12 10:40:03,5429.05,0
2021-05-12 10:40:04,5429.95,0
2021-05-12 10:40:05,5429.1,0
2021-05-12 10:40:11,5430.0,0
2021-05-12 10:40:15,5429.35,0
2021-05-12 10:40:16,5429.05,0
2021-05-12 10:40:18,5428.65,0
2021-05-12 10:40:20,5429.05,0
2021-05-12 10:40:21,5428.7,0
2021-05-12 10:40:23,5428.1,0
2021-05-12 10:40:25,5427.0,0
2021-05-12 10:40:27,5426.4,0
2021-05-12 10:40:29,5425.9,0
2021-05-12 10:40:30,5425.95,0
2021-05-12 10:40:33,5424.75,0
2021-05-12 10:40:34,5425.3,0
2021-05-12 10:40:35,5425.65,0
2021-05-12 10:40:36,5425.15,0
2021-05-12 10:40:37,5424.85,0
2021-05-12 10:40:38,5424.35,0
2021-05-12 10:40:39,5424.3,0
2021-05-12 10:40:40,5424.0,0
2021-05-12 10:40:41,5424.5,0
2021-05-12 10:40:42,5424.7,0
2021-05-12 10:40:43,5425.9,0
2021-05-12 10:40:44,5424.35,0
2021-05-12 10:40:46,5424.45,0
2021-05-12 10:40:47,5424.15,0
2021-05-12 10:40:49,5423.5,0
2021-05-12 10:40:51,5424.15,0
2021-05-12 10:40:52,5424.25,0
2021-05-12 10:40:53,5423.5,0
2021-05-12 10:40:54,5424.3,0
2021-05-12 10:40:55,5423.75,0
2021-05-12 10:40:56,5425.05,0
2021-05-12 10:40:57,5424.05,0
2021-05-12 10:40:58,5424.0,0
2021-05-12 10:40:59,5424.35,0
2021-05-12 10:41:01,5424.45,0
2021-05-12 10:41:02,5425.95,0
2021-05-12 10:41:04,5426.4,0
2021-05-12 10:41:05,5426.55,0
2021-05-12 10:41:06,5427.8,0
2021-05-12 10:41:07,5427.95,0
2021-05-12 10:41:08,5429.35,0
2021-05-12 10:41:09,5429.7,0
2021-05-12 10:41:10,5429.15,0
2021-05-12 10:41:11,5429.6,0
2021-05-12 10:41:14,5429.35,0
2021-05-12 10:41:15,5429.55,0
2021-05-12 10:41:17,5430.65,0
2021-05-12 10:41:18,5430.55,0
2021-05-12 10:41:21,5430.9,0
2021-05-12 10:41:23,5432.1,0
2021-05-12 10:41:24,5431.75,0
2021-05-12 10:41:29,5430.65,0
2021-05-12 10:41:31,5430.1,0
2021-05-12 10:41:32,5430.95,0
2021-05-12 10:41:33,5430.15,0
2021-05-12 10:41:35,5427.5,0
2021-05-12 10:41:36,5427.15,0
2021-05-12 10:41:37,5427.1,0
2021-05-12 10:41:38,5426.95,0
2021-05-12 10:41:40,5427.25,0
2021-05-12 10:41:43,5427.25,0
2021-05-12 10:41:44,5427.15,0
2021-05-12 10:41:51,5426.55,0
2021-05-12 10:41:52,5427.7,0
2021-05-12 10:41:53,5426.7,0
2021-05-12 10:41:55,5426.65,0
2021-05-12 10:41:56,5427.15,0
2021-05-12 10:41:58,5426.05,0
2021-05-12 10:41:59,5426.4,0
2021-05-12 10:42:01,5425.6,0
2021-05-12 10:42:02,5425.55,0
2021-05-12 10:42:03,5425.1,0
2021-05-12 10:42:04,5424.9,0
2021-05-12 10:42:06,5424.3,0
2021-05-12 10:42:08,5424.6,0
2021-05-12 10:42:09,5424.85,0
2021-05-12 10:42:11,5424.45,0
2021-05-12 10:42:12,5424.4,0
2021-05-12 10:42:13,5424.3,0
2021-05-12 10:42:14,5424.2,0
2021-05-12 10:42:15,5424.4,0
2021-05-12 10:42:17,5426.2,0
2021-05-12 10:42:18,5426.4,0
2021-05-12 10:42:19,5427.15,0
2021-05-12 10:42:20,5426.85,0
2021-05-12 10:42:21,5427.35,0
2021-05-12 10:42:22,5427.65,0
2021-05-12 10:42:23,5426.9,0
2021-05-12 10:42:24,5426.65,0
2021-05-12 10:42:25,5427.35,0
2021-05-12 10:42:26,5427.0,0
2021-05-12 10:42:29,5427.5,0
2021-05-12 10:42:31,5426.0,0
2021-05-12 10:42:32,5426.85,0
2021-05-12 10:42:33,5426.05,0
2021-05-12 10:42:35,5426.2,0
2021-05-12 10:42:39,5425.9,0
2021-05-12 10:42:40,5425.85,0
2021-05-12 10:42:41,5425.35,0
2021-05-12 10:42:42,5425.6,0
2021-05-12 10:42:43,5424.55,0
2021-05-12 10:42:44,5424.95,0
2021-05-12 10:42:45,5425.15,0
2021-05-12 10:42:46,5424.95,0
2021-05-12 10:42:48,5424.95,0
2021-05-12 10:42:49,5425.6,0
2021-05-12 10:42:51,5424.55,0
2021-05-12 10:42:52,5424.55,0
2021-05-12 10:42:54,5424.4,0
2021-05-12 10:42:55,5424.65,0
2021-05-12 10:42:56,5424.3,0
2021-05-12 10:42:58,5423.65,0
2021-05-12 10:42:59,5424.2,0
2021-05-12 10:43:00,5424.0,0
2021-05-12 10:43:01,5424.3,0
2021-05-12 10:43:02,5424.8,0
2021-05-12 10:43:03,5424.3,0
2021-05-12 10:43:06,5423.15,0
2021-05-12 10:43:07,5423.45,0
2021-05-12 10:43:08,5424.0,0
2021-05-12 10:43:10,5423.8,0
2021-05-12 10:43:11,5423.5,0
2021-05-12 10:43:12,5423.75,0
2021-05-12 10:43:14,5423.4,0
2021-05-12 10:43:18,5423.15,0
2021-05-12 10:43:21,5422.95,0
2021-05-12 10:43:22,5422.8,0
2021-05-12 10:43:23,5423.0,0
2021-05-12 10:43:28,5423.0,0
2021-05-12 10:43:31,5422.1,0
2021-05-12 10:43:32,5422.55,0
2021-05-12 10:43:34,5422.8,0
2021-05-12 10:43:38,5423.4,0
2021-05-12 10:43:39,5423.4,0
2021-05-12 10:43:40,5423.25,0
2021-05-12 10:43:42,5423.4,0
2021-05-12 10:43:43,5423.0,0
2021-05-12 10:43:45,5423.4,0
2021-05-12 10:43:46,5423.25,0
2021-05-12 10:43:47,5423.45,0
2021-05-12 10:43:48,5422.6,0
2021-05-12 10:43:49,5423.55,0
2021-05-12 10:43:50,5423.0,0
2021-05-12 10:43:51,5423.2,0
2021-05-12 10:43:52,5423.1,0
2021-05-12 10:43:53,5423.5,0
2021-05-12 10:43:54,5422.65,0
2021-05-12 10:43:55,5422.95,0
2021-05-12 10:43:56,5422.75,0
2021-05-12 10:43:59,5422.9,0
2021-05-12 10:44:00,5423.0,0
2021-05-12 10:44:01,5422.65,0
2021-05-12 10:44:04,5423.7,0
2021-05-12 10:44:05,5423.95,0
2021-05-12 10:44:06,5423.8,0
2021-05-12 10:44:09,5423.65,0
2021-05-12 10:44:11,5423.6,0
2021-05-12 10:44:13,5423.95,0
2021-05-12 10:44:14,5423.95,0
2021-05-12 10:44:16,5424.05,0
2021-05-12 10:44:18,5424.85,0
2021-05-12 10:44:19,5424.75,0
2021-05-12 10:44:20,5424.05,0
2021-05-12 10:44:21,5424.3,0
2021-05-12 10:44:22,5424.8,0
2021-05-12 10:44:24,5423.65,0
2021-05-12 10:44:25,5423.7,0
2021-05-12 10:44:26,5423.95,0
2021-05-12 10:44:27,5424.1,0
2021-05-12 10:44:33,5423.55,0
2021-05-12 10:44:35,5423.7,0
2021-05-12 10:44:36,5423.35,0
2021-05-12 10:44:39,5423.45,0
2021-05-12 10:44:40,5423.05,0
2021-05-12 10:44:41,5423.1,0
2021-05-12 10:44:42,5423.6,0
2021-05-12 10:44:43,5423.65,0
2021-05-12 10:44:45,5423.9,0
2021-05-12 10:44:48,5424.2,0
2021-05-12 10:44:49,5424.1,0
2021-05-12 10:44:50,5423.9,0
2021-05-12 10:44:52,5424.25,0
2021-05-12 10:44:54,5424.6,0
2021-05-12 10:44:55,5424.45,0
2021-05-12 10:44:56,5425.45,0
2021-05-12 10:44:58,5426.6,0
2021-05-12 10:45:00,5427.1,0
2021-05-12 10:45:01,5427.35,0
2021-05-12 10:45:02,5428.15,0
2021-05-12 10:45:03,5428.05,0
2021-05-12 10:45:04,5429.15,0
2021-05-12 10:45:07,5430.3,0
2021-05-12 10:45:08,5431.45,0
2021-05-12 10:45:09,5432.3,0
2021-05-12 10:45:10,5431.95,0
2021-05-12 10:45:11,5431.75,0
2021-05-12 10:45:12,5432.7,0
2021-05-12 10:45:13,5433.55,0
2021-05-12 10:45:14,5433.8,0
2021-05-12 10:45:16,5434.25,0
2021-05-12 10:45:19,5434.45,0
2021-05-12 10:45:20,5435.65,0
2021-05-12 10:45:21,5434.95,0
2021-05-12 10:45:23,5435.6,0
2021-05-12 10:45:24,5434.85,0
2021-05-12 10:45:26,5434.9,0
2021-05-12 10:45:28,5434.0,0
2021-05-12 10:45:29,5433.6,0
2021-05-12 10:45:30,5433.55,0
2021-05-12 10:45:31,5433.6,0
2021-05-12 10:45:32,5433.65,0
2021-05-12 10:45:33,5433.8,0
2021-05-12 10:45:35,5433.7,0
2021-05-12 10:45:40,5432.8,0
2021-05-12 10:45:41,5432.9,0
2021-05-12 10:45:43,5433.0,0
2021-05-12 10:45:44,5433.1,0
2021-05-12 10:45:46,5432.95,0
2021-05-12 10:45:47,5433.45,0
2021-05-12 10:45:48,5433.8,0
2021-05-12 10:45:49,5433.8,0
2021-05-12 10:45:51,5433.0,0
2021-05-12 10:45:52,5433.9,0
2021-05-12 10:45:53,5433.55,0
2021-05-12 10:45:54,5433.8,0
2021-05-12 10:45:55,5433.0,0
2021-05-12 10:45:57,5433.8,0
2021-05-12 10:45:58,5433.75,0
2021-05-12 10:45:59,5433.35,0
2021-05-12 10:46:03,5433.85,0
2021-05-12 10:46:05,5434.4,0
2021-05-12 10:46:07,5434.0,0
2021-05-12 10:46:09,5434.35,0
2021-05-12 10:46:10,5434.45,0
2021-05-12 10:46:12,5434.35,0
2021-05-12 10:46:13,5434.55,0
2021-05-12 10:46:14,5435.0,0
2021-05-12 10:46:15,5433.7,0
2021-05-12 10:46:16,5434.0,0
2021-05-12 10:46:17,5433.5,0
2021-05-12 10:46:18,5433.8,0
2021-05-12 10:46:19,5433.75,0
2021-05-12 10:46:20,5434.3,0
2021-05-12 10:46:21,5434.1,0
2021-05-12 10:46:25,5433.45,0
2021-05-12 10:46:27,5434.4,0
2021-05-12 10:46:28,5434.05,0
2021-05-12 10:46:31,5434.4,0
2021-05-12 10:46:32,5433.9,0
2021-05-12 10:46:33,5434.85,0
2021-05-12 10:46:36,5434.65,0
2021-05-12 10:46:37,5435.25,0
2021-05-12 10:46:39,5435.55,0
2021-05-12 10:46:40,5435.3,0
2021-05-12 10:46:41,5434.9,0
2021-05-12 10:46:42,5435.5,0
2021-05-12 10:46:43,5435.95,0
2021-05-12 10:46:46,5435.35,0
2021-05-12 10:46:47,5435.3,0
2021-05-12 10:46:50,5435.65,0
2021-05-12 10:46:51,5435.4,0
2021-05-12 10:46:52,5435.7,0
2021-05-12 10:46:53,5435.4,0
2021-05-12 10:46:54,5435.8,0
2021-05-12 10:46:55,5435.9,0
2021-05-12 10:46:57,5435.3,0
2021-05-12 10:46:58,5435.6,0
2021-05-12 10:46:59,5435.5,0
2021-05-12 10:47:00,5435.7,0
2021-05-12 10:47:01,5435.55,0
2021-05-12 10:47:02,5434.8,0
2021-05-12 10:47:03,5434.9,0
2021-05-12 10:47:04,5434.3,0
2021-05-12 10:47:05,5432.3,0
2021-05-12 10:47:06,5431.95,0
2021-05-12 10:47:07,5432.15,0
2021-05-12 10:47:08,5431.6,0
2021-05-12 10:47:10,5431.5,0
2021-05-12 10:47:14,5431.2,0
2021-05-12 10:47:16,5431.05,0
2021-05-12 10:47:17,5430.55,0
2021-05-12 10:47:18,5430.85,0
2021-05-12 10:47:21,5430.25,0
2021-05-12 10:47:22,5430.4,0
2021-05-12 10:47:27,5429.7,0
2021-05-12 10:47:28,5429.75,0
2021-05-12 10:47:29,5429.75,0
2021-05-12 10:47:30,5429.5,0
2021-05-12 10:47:31,5429.25,0
2021-05-12 10:47:32,5429.9,0
2021-05-12 10:47:34,5430.65,0
2021-05-12 10:47:37,5429.25,0
2021-05-12 10:47:39,5430.0,0
2021-05-12 10:47:40,5430.5,0
2021-05-12 10:47:41,5430.3,0
2021-05-12 10:47:42,5430.1,0
2021-05-12 10:47:43,5430.2,0
2021-05-12 10:47:46,5429.55,0
2021-05-12 10:47:49,5429.75,0
2021-05-12 10:47:50,5430.25,0
2021-05-12 10:47:51,5429.95,0
2021-05-12 10:47:54,5429.5,0
2021-05-12 10:47:55,5430.0,0
2021-05-12 10:47:57,5428.9,0
2021-05-12 10:47:58,5429.1,0
2021-05-12 10:47:59,5429.4,0
2021-05-12 10:48:00,5429.5,0
2021-05-12 10:48:01,5429.5,0
2021-05-12 10:48:02,5429.35,0
2021-05-12 10:48:03,5429.65,0
2021-05-12 10:48:04,5429.5,0
2021-05-12 10:48:05,5429.45,0
2021-05-12 10:48:06,5430.25,0
2021-05-12 10:48:07,5430.05,0
2021-05-12 10:48:10,5430.8,0
2021-05-12 10:48:12,5431.15,0
2021-05-12 10:48:16,5431.6,0
2021-05-12 10:48:17,5431.6,0
2021-05-12 10:48:18,5431.55,0
2021-05-12 10:48:19,5431.0,0
2021-05-12 10:48:23,5432.85,0
2021-05-12 10:48:24,5431.65,0
2021-05-12 10:48:27,5430.65,0
2021-05-12 10:48:28,5430.9,0
2021-05-12 10:48:29,5431.2,0
2021-05-12 10:48:30,5431.05,0
2021-05-12 10:48:31,5429.75,0
2021-05-12 10:48:33,5430.7,0
2021-05-12 10:48:34,5430.9,0
2021-05-12 10:48:35,5431.05,0
2021-05-12 10:48:36,5430.45,0
2021-05-12 10:48:37,5430.25,0
2021-05-12 10:48:39,5431.05,0
2021-05-12 10:48:42,5431.25,0
2021-05-12 10:48:43,5430.3,0
2021-05-12 10:48:45,5430.5,0
2021-05-12 10:48:46,5430.1,0
2021-05-12 10:48:47,5430.25,0
2021-05-12 10:48:48,5430.5,0
2021-05-12 10:48:49,5430.55,0
2021-05-12 10:48:52,5430.1,0
2021-05-12 10:48:53,5430.3,0
2021-05-12 10:48:57,5430.55,0
2021-05-12 10:48:59,5429.7,0
2021-05-12 10:49:00,5429.9,0
2021-05-12 10:49:01,5429.65,0
2021-05-12 10:49:03,5428.85,0
2021-05-12 10:49:05,5428.05,0
2021-05-12 10:49:06,5429.1,0
2021-05-12 10:49:08,5427.2,0
2021-05-12 10:49:09,5428.25,0
2021-05-12 10:49:10,5427.95,0
2021-05-12 10:49:12,5427.85,0
2021-05-12 10:49:13,5428.55,0
2021-05-12 10:49:16,5429.35,0
2021-05-12 10:49:17,5429.25,0
2021-05-12 10:49:18,5429.0,0
2021-05-12 10:49:20,5429.1,0
2021-05-12 10:49:21,5428.6,0
2021-05-12 10:49:22,5428.8,0
2021-05-12 10:49:24,5428.9,0
2021-05-12 10:49:25,5429.35,0
2021-05-12 10:49:26,5429.85,0
2021-05-12 10:49:27,5429.5,0
2021-05-12 10:49:29,5428.65,0
2021-05-12 10:49:30,5428.95,0
2021-05-12 10:49:31,5428.25,0
2021-05-12 10:49:32,5427.85,0
2021-05-12 10:49:34,5428.55,0
2021-05-12 10:49:36,5428.7,0
2021-05-12 10:49:37,5428.9,0
2021-05-12 10:49:38,5429.05,0
2021-05-12 10:49:39,5429.3,0
2021-05-12 10:49:41,5428.6,0
2021-05-12 10:49:42,5428.3,0
2021-05-12 10:49:44,5429.15,0
2021-05-12 10:49:45,5428.85,0
2021-05-12 10:49:46,5428.3,0
2021-05-12 10:49:47,5428.75,0
2021-05-12 10:49:48,5428.7,0
2021-05-12 10:49:49,5428.8,0
2021-05-12 10:49:50,5428.6,0
2021-05-12 10:49:51,5428.7,0
2021-05-12 10:49:52,5428.4,0
2021-05-12 10:49:55,5428.15,0
2021-05-12 10:49:57,5428.6,0
2021-05-12 10:49:58,5428.15,0
2021-05-12 10:50:00,5428.7,0
2021-05-12 10:50:01,5428.7,0
2021-05-12 10:50:02,5428.75,0
2021-05-12 10:50:04,5428.15,0
2021-05-12 10:50:06,5428.15,0
2021-05-12 10:50:08,5428.8,0
2021-05-12 10:50:09,5428.05,0
2021-05-12 10:50:11,5427.65,0
2021-05-12 10:50:12,5427.25,0
2021-05-12 10:50:14,5427.95,0
2021-05-12 10:50:16,5427.2,0
2021-05-12 10:50:18,5427.3,0
2021-05-12 10:50:19,5427.65,0
2021-05-12 10:50:20,5427.5,0
2021-05-12 10:50:21,5427.85,0
2021-05-12 10:50:22,5427.5,0
2021-05-12 10:50:24,5427.85,0
2021-05-12 10:50:25,5427.7,0
2021-05-12 10:50:28,5428.25,0
2021-05-12 10:50:29,5427.9,0
2021-05-12 10:50:30,5427.5,0
2021-05-12 10:50:31,5427.5,0
2021-05-12 10:50:32,5427.05,0
2021-05-12 10:50:33,5427.15,0
2021-05-12 10:50:34,5427.45,0
2021-05-12 10:50:35,5427.1,0
2021-05-12 10:50:36,5427.15,0
2021-05-12 10:50:37,5426.65,0
2021-05-12 10:50:38,5426.55,0
2021-05-12 10:50:39,5426.5,0
2021-05-12 10:50:41,5426.35,0
2021-05-12 10:50:42,5426.45,0
2021-05-12 10:50:44,5426.0,0
2021-05-12 10:50:47,5426.2,0
2021-05-12 10:50:48,5426.2,0
2021-05-12 10:50:49,5425.85,0
2021-05-12 10:50:57,5426.1,0
2021-05-12 10:50:59,5426.65,0
2021-05-12 10:51:00,5425.9,0
2021-05-12 10:51:01,5425.75,0
2021-05-12 10:51:02,5425.35,0
2021-05-12 10:51:03,5425.35,0
2021-05-12 10:51:04,5425.45,0
2021-05-12 10:51:07,5425.15,0
2021-05-12 10:51:10,5425.0,0
2021-05-12 10:51:11,5424.8,0
2021-05-12 10:51:12,5425.5,0
2021-05-12 10:51:13,5425.15,0
2021-05-12 10:51:14,5424.05,0
2021-05-12 10:51:15,5423.35,0
2021-05-12 10:51:16,5424.6,0
2021-05-12 10:51:18,5422.85,0
2021-05-12 10:51:19,5423.65,0
2021-05-12 10:51:20,5422.4,0
2021-05-12 10:51:21,5423.05,0
2021-05-12 10:51:22,5422.55,0
2021-05-12 10:51:23,5422.9,0
2021-05-12 10:51:24,5422.4,0
2021-05-12 10:51:25,5422.2,0
2021-05-12 10:51:26,5422.65,0
2021-05-12 10:51:27,5422.9,0
2021-05-12 10:51:28,5422.3,0
2021-05-12 10:51:29,5422.35,0
2021-05-12 10:51:30,5422.4,0
2021-05-12 10:51:31,5422.55,0
2021-05-12 10:51:33,5422.4,0
2021-05-12 10:51:34,5422.05,0
2021-05-12 10:51:35,5421.75,0
2021-05-12 10:51:36,5422.0,0
2021-05-12 10:51:37,5421.6,0
2021-05-12 10:51:44,5421.45,0
2021-05-12 10:51:46,5421.15,0
2021-05-12 10:51:47,5422.15,0
2021-05-12 10:51:48,5422.15,0
2021-05-12 10:51:50,5422.6,0
2021-05-12 10:51:51,5425.5,0
2021-05-12 10:51:52,5425.45,0
2021-05-12 10:51:56,5424.65,0
2021-05-12 10:51:57,5424.8,0
2021-05-12 10:52:00,5424.55,0
2021-05-12 10:52:01,5423.85,0
2021-05-12 10:52:04,5424.25,0
2021-05-12 10:52:05,5423.7,0
2021-05-12 10:52:07,5424.1,0
2021-05-12 10:52:08,5424.25,0
2021-05-12 10:52:09,5423.75,0
2021-05-12 10:52:12,5423.55,0
2021-05-12 10:52:13,5422.85,0
2021-05-12 10:52:15,5423.15,0
2021-05-12 10:52:16,5422.7,0
2021-05-12 10:52:20,5422.5,0
2021-05-12 10:52:22,5422.45,0
2021-05-12 10:52:24,5422.8,0
2021-05-12 10:52:25,5422.9,0
2021-05-12 10:52:26,5422.75,0
2021-05-12 10:52:27,5422.7,0
