timestamp,ltp,volume
2021-05-12 09:17:03,14060.6,0
2021-05-12 09:17:05,14057.2,0
2021-05-12 09:17:07,14055.9,0
2021-05-12 09:17:08,14055.0,0
2021-05-12 09:17:09,14054.7,0
2021-05-12 09:17:10,14056.05,0
2021-05-12 09:17:11,14054.1,0
2021-05-12 09:17:12,14053.4,0
2021-05-12 09:17:13,14053.3,0
2021-05-12 09:17:14,14051.55,0
2021-05-12 09:17:15,14049.55,0
2021-05-12 09:17:17,14053.65,0
2021-05-12 09:17:19,14056.75,0
2021-05-12 09:17:20,14059.95,0
2021-05-12 09:17:21,14059.8,0
2021-05-12 09:17:22,14058.55,0
2021-05-12 09:17:23,14061.65,0
2021-05-12 09:17:24,14061.9,0
2021-05-12 09:17:25,14055.35,0
2021-05-12 09:17:26,14052.95,0
2021-05-12 09:17:27,14057.4,0
2021-05-12 09:17:28,14055.85,0
2021-05-12 09:17:29,14057.6,0
2021-05-12 09:17:31,14057.65,0
2021-05-12 09:17:33,14063.35,0
2021-05-12 09:17:34,14062.45,0
2021-05-12 09:17:35,14058.45,0
2021-05-12 09:17:36,14061.35,0
2021-05-12 09:17:37,14064.3,0
2021-05-12 09:17:38,14066.75,0
2021-05-12 09:17:39,14061.8,0
2021-05-12 09:17:40,14060.65,0
2021-05-12 09:17:42,14062.05,0
2021-05-12 09:17:43,14065.8,0
2021-05-12 09:17:44,14064.45,0
2021-05-12 09:17:47,14064.2,0
2021-05-12 09:17:48,14067.5,0
2021-05-12 09:17:49,14065.8,0
2021-05-12 09:17:50,14064.05,0
2021-05-12 09:17:51,14062.25,0
2021-05-12 09:17:52,14061.95,0
2021-05-12 09:17:53,14062.0,0
2021-05-12 09:17:54,14060.1,0
2021-05-12 09:17:55,14064.05,0
2021-05-12 09:17:56,14060.2,0
2021-05-12 09:17:57,14061.75,0
2021-05-12 09:17:58,14062.45,0
2021-05-12 09:17:59,14061.35,0
2021-05-12 09:18:00,14064.75,0
2021-05-12 09:18:01,14061.35,0
2021-05-12 09:18:02,14062.3,0
2021-05-12 09:18:03,14060.0,0
2021-05-12 09:18:04,14061.25,0
2021-05-12 09:18:06,14062.95,0
2021-05-12 09:18:07,14061.25,0
2021-05-12 09:18:08,14051.25,0
2021-05-12 09:18:09,14050.75,0
2021-05-12 09:18:11,14046.65,0
2021-05-12 09:18:12,14048.45,0
2021-05-12 09:18:13,14053.6,0
2021-05-12 09:18:14,14051.65,0
2021-05-12 09:18:15,14055.2,0
2021-05-12 09:18:16,14060.05,0
2021-05-12 09:18:17,14056.15,0
2021-05-12 09:18:18,14057.85,0
2021-05-12 09:18:19,14057.35,0
2021-05-12 09:18:20,14058.55,0
2021-05-12 09:18:21,14059.45,0
2021-05-12 09:18:22,14058.95,0
2021-05-12 09:18:25,14057.8,0
2021-05-12 09:18:26,14056.8,0
2021-05-12 09:18:27,14054.75,0
2021-05-12 09:18:29,14057.15,0
2021-05-12 09:18:30,14056.6,0
2021-05-12 09:18:32,14059.45,0
2021-05-12 09:18:33,14061.1,0
2021-05-12 09:18:34,14067.25,0
2021-05-12 09:18:35,14068.3,0
2021-05-12 09:18:37,14063.25,0
2021-05-12 09:18:38,14064.7,0
2021-05-12 09:18:39,14066.55,0
2021-05-12 09:18:40,14067.0,0
2021-05-12 09:18:41,14066.8,0
2021-05-12 09:18:42,14066.4,0
2021-05-12 09:18:43,14065.75,0
2021-05-12 09:18:44,14060.25,0
2021-05-12 09:18:45,14062.2,0
2021-05-12 09:18:46,14058.45,0
2021-05-12 09:18:47,14058.85,0
2021-05-12 09:18:48,14060.2,0
2021-05-12 09:18:49,14058.9,0
2021-05-12 09:18:50,14060.1,0
2021-05-12 09:18:52,14058.0,0
2021-05-12 09:18:53,14061.05,0
2021-05-12 09:18:54,14060.45,0
2021-05-12 09:18:56,14061.85,0
2021-05-12 09:18:57,14061.55,0
2021-05-12 09:18:59,14067.1,0
2021-05-12 09:19:00,14064.35,0
2021-05-12 09:19:02,14066.2,0
2021-05-12 09:19:03,14067.15,0
2021-05-12 09:19:04,14069.1,0
2021-05-12 09:19:05,14066.45,0
2021-05-12 09:19:07,14068.55,0
2021-05-12 09:19:08,14069.7,0
2021-05-12 09:19:09,14071.0,0
2021-05-12 09:19:10,14068.3,0
2021-05-12 09:19:11,14062.95,0
2021-05-12 09:19:12,14064.0,0
2021-05-12 09:19:13,14067.45,0
2021-05-12 09:19:15,14067.4,0
2021-05-12 09:19:16,14066.7,0
2021-05-12 09:19:17,14066.65,0
2021-05-12 09:19:18,14067.55,0
2021-05-12 09:19:19,14066.55,0
2021-05-12 09:19:20,14065.55,0
2021-05-12 09:19:21,14064.95,0
2021-05-12 09:19:22,14064.15,0
2021-05-12 09:19:23,14067.1,0
2021-05-12 09:19:24,14067.05,0
2021-05-12 09:19:25,14066.4,0
2021-05-12 09:19:26,14065.15,0
2021-05-12 09:19:27,14064.85,0
2021-05-12 09:19:28,14066.1,0
2021-05-12 09:19:29,14065.4,0
2021-05-12 09:19:30,14062.2,0
2021-05-12 09:19:31,14063.7,0
2021-05-12 09:19:32,14067.05,0
2021-05-12 09:19:35,14067.5,0
2021-05-12 09:19:36,14064.9,0
2021-05-12 09:19:37,14066.0,0
2021-05-12 09:19:38,14061.95,0
2021-05-12 09:19:40,14061.25,0
2021-05-12 09:19:41,14066.35,0
2021-05-12 09:19:43,14063.85,0
2021-05-12 09:19:44,14061.65,0
2021-05-12 09:19:45,14061.3,0
2021-05-12 09:19:46,14061.45,0
2021-05-12 09:19:47,14064.5,0
2021-05-12 09:19:48,14061.15,0
2021-05-12 09:19:50,14060.45,0
2021-05-12 09:19:51,14059.5,0
2021-05-12 09:19:52,14058.7,0
2021-05-12 09:19:53,14058.05,0
2021-05-12 09:19:54,14060.15,0
2021-05-12 09:19:55,14059.95,0
2021-05-12 09:19:56,14057.1,0
2021-05-12 09:19:57,14057.1,0
2021-05-12 09:19:59,14059.4,0
2021-05-12 09:20:00,14058.6,0
2021-05-12 09:20:01,14052.75,0
2021-05-12 09:20:02,14053.3,0
2021-05-12 09:20:04,14054.7,0
2021-05-12 09:20:05,14055.6,0
2021-05-12 09:20:07,14053.3,0
2021-05-12 09:20:08,14055.2,0
2021-05-12 09:20:09,14054.9,0
2021-05-12 09:20:10,14054.3,0
2021-05-12 09:20:11,14051.75,0
2021-05-12 09:20:12,14053.2,0
2021-05-12 09:20:13,14055.45,0
2021-05-12 09:20:14,14055.05,0
2021-05-12 09:20:15,14056.2,0
2021-05-12 09:20:16,14055.3,0
2021-05-12 09:20:17,14055.65,0
2021-05-12 09:20:19,14052.7,0
2021-05-12 09:20:20,14050.75,0
2021-05-12 09:20:21,14048.1,0
2021-05-12 09:20:22,14050.3,0
2021-05-12 09:20:24,14049.05,0
2021-05-12 09:20:25,14048.65,0
2021-05-12 09:20:26,14049.6,0
2021-05-12 09:20:27,14047.9,0
2021-05-12 09:20:28,14049.5,0
2021-05-12 09:20:29,14049.2,0
2021-05-12 09:20:30,14050.3,0
2021-05-12 09:20:31,14053.0,0
2021-05-12 09:20:32,14057.9,0
2021-05-12 09:20:33,14069.95,0
2021-05-12 09:20:34,14069.1,0
2021-05-12 09:20:36,14070.1,0
2021-05-12 09:20:37,14073.0,0
2021-05-12 09:20:38,14069.95,0
2021-05-12 09:20:39,14067.85,0
2021-05-12 09:20:41,14070.6,0
2021-05-12 09:20:42,14070.15,0
2021-05-12 09:20:44,14073.05,0
2021-05-12 09:20:45,14072.75,0
2021-05-12 09:20:46,14071.95,0
2021-05-12 09:20:48,14062.4,0
2021-05-12 09:20:49,14062.25,0
2021-05-12 09:20:51,14066.7,0
2021-05-12 09:20:52,14065.2,0
2021-05-12 09:20:53,14067.1,0
2021-05-12 09:20:55,14068.05,0
2021-05-12 09:20:56,14068.3,0
2021-05-12 09:20:57,14069.7,0
2021-05-12 09:20:58,14070.8,0
2021-05-12 09:20:59,14070.75,0
2021-05-12 09:21:00,14069.5,0
2021-05-12 09:21:01,14071.05,0
2021-05-12 09:21:02,14073.5,0
2021-05-12 09:21:03,14070.8,0
2021-05-12 09:21:04,14074.3,0
2021-05-12 09:21:05,14075.3,0
2021-05-12 09:21:06,14074.2,0
2021-05-12 09:21:08,14075.55,0
2021-05-12 09:21:10,14078.7,0
2021-05-12 09:21:11,14077.05,0
2021-05-12 09:21:12,14095.8,0
2021-05-12 09:21:13,14092.15,0
2021-05-12 09:21:14,14092.2,0
2021-05-12 09:21:15,14091.0,0
2021-05-12 09:21:16,14089.1,0
2021-05-12 09:21:17,14089.15,0
2021-05-12 09:21:18,14089.1,0
2021-05-12 09:21:19,14094.4,0
2021-05-12 09:21:20,14096.85,0
2021-05-12 09:21:22,14095.95,0
2021-05-12 09:21:23,14096.6,0
2021-05-12 09:21:25,14094.3,0
2021-05-12 09:21:26,14095.6,0
2021-05-12 09:21:27,14096.5,0
2021-05-12 09:21:28,14094.25,0
2021-05-12 09:21:29,14093.6,0
2021-05-12 09:21:30,14095.85,0
2021-05-12 09:21:31,14097.6,0
2021-05-12 09:21:32,14096.25,0
2021-05-12 09:21:33,14099.65,0
2021-05-12 09:21:34,14100.7,0
2021-05-12 09:21:35,14102.3,0
2021-05-12 09:21:37,14104.35,0
2021-05-12 09:21:38,14102.75,0
2021-05-12 09:21:39,14105.85,0
2021-05-12 09:21:40,14106.3,0
2021-05-12 09:21:41,14106.2,0
2021-05-12 09:21:42,14104.1,0
2021-05-12 09:21:43,14104.3,0
2021-05-12 09:21:44,14101.7,0
2021-05-12 09:21:45,14097.35,0
2021-05-12 09:21:46,14100.0,0
2021-05-12 09:21:47,14100.0,0
2021-05-12 09:21:48,14100.9,0
2021-05-12 09:21:49,14099.5,0
2021-05-12 09:21:50,14101.2,0
2021-05-12 09:21:51,14101.75,0
2021-05-12 09:21:52,14101.65,0
2021-05-12 09:21:53,14102.1,0
2021-05-12 09:21:54,14103.3,0
2021-05-12 09:21:55,14103.45,0
2021-05-12 09:21:56,14103.1,0
2021-05-12 09:21:57,14087.3,0
2021-05-12 09:21:58,14087.05,0
2021-05-12 09:21:59,14090.0,0
2021-05-12 09:22:00,14091.0,0
2021-05-12 09:22:01,14092.15,0
2021-05-12 09:22:02,14092.15,0
2021-05-12 09:22:03,14091.6,0
2021-05-12 09:22:04,14087.8,0
2021-05-12 09:22:05,14087.45,0
2021-05-12 09:22:06,14089.15,0
2021-05-12 09:22:07,14089.2,0
2021-05-12 09:22:08,14091.85,0
2021-05-12 09:22:09,14091.65,0
2021-05-12 09:22:10,14091.5,0
2021-05-12 09:22:12,14087.65,0
2021-05-12 09:22:14,14089.1,0
2021-05-12 09:22:15,14089.0,0
2021-05-12 09:22:16,14090.05,0
2021-05-12 09:22:17,14087.85,0
2021-05-12 09:22:18,14084.95,0
2021-05-12 09:22:19,14084.55,0
2021-05-12 09:22:20,14086.5,0
2021-05-12 09:22:21,14088.1,0
2021-05-12 09:22:22,14088.35,0
2021-05-12 09:22:23,14087.4,0
2021-05-12 09:22:24,14087.1,0
2021-05-12 09:22:25,14086.35,0
2021-05-12 09:22:26,14084.95,0
2021-05-12 09:22:27,14086.15,0
2021-05-12 09:22:28,14087.95,0
2021-05-12 09:22:30,14088.2,0
2021-05-12 09:22:31,14086.55,0
2021-05-12 09:22:34,14086.25,0
2021-05-12 09:22:35,14088.6,0
2021-05-12 09:22:36,14086.55,0
2021-05-12 09:22:37,14088.0,0
2021-05-12 09:22:39,14088.8,0
2021-05-12 09:22:40,14090.2,0
2021-05-12 09:22:41,14089.05,0
2021-05-12 09:22:42,14091.2,0
2021-05-12 09:22:43,14090.1,0
2021-05-12 09:22:44,14090.9,0
2021-05-12 09:22:45,14091.6,0
2021-05-12 09:22:46,14092.6,0
2021-05-12 09:22:47,14093.85,0
2021-05-12 09:22:48,14092.55,0
2021-05-12 09:22:49,14096.5,0
2021-05-12 09:22:50,14096.25,0
2021-05-12 09:22:52,14098.3,0
2021-05-12 09:22:53,14097.45,0
2021-05-12 09:22:54,14098.0,0
2021-05-12 09:22:55,14097.65,0
2021-05-12 09:22:56,14093.8,0
2021-05-12 09:22:57,14094.95,0
2021-05-12 09:22:58,14097.25,0
2021-05-12 09:22:59,14095.55,0
2021-05-12 09:23:00,14095.8,0
2021-05-12 09:23:01,14097.0,0
2021-05-12 09:23:02,14098.3,0
2021-05-12 09:23:03,14100.9,0
2021-05-12 09:23:04,14101.75,0
2021-05-12 09:23:05,14102.5,0
2021-05-12 09:23:06,14104.25,0
2021-05-12 09:23:08,14106.15,0
2021-05-12 09:23:09,14103.6,0
2021-05-12 09:23:10,14103.5,0
2021-05-12 09:23:11,14104.85,0
2021-05-12 09:23:12,14105.9,0
2021-05-12 09:23:13,14105.6,0
2021-05-12 09:23:14,14107.15,0
2021-05-12 09:23:15,14108.05,0
2021-05-12 09:23:16,14107.3,0
2021-05-12 09:23:18,14109.65,0
2021-05-12 09:23:19,14111.1,0
2021-05-12 09:23:20,14111.3,0
2021-05-12 09:23:21,14111.5,0
2021-05-12 09:23:22,14110.0,0
2021-05-12 09:23:23,14109.6,0
2021-05-12 09:23:24,14110.35,0
2021-05-12 09:23:25,14111.95,0
2021-05-12 09:23:26,14110.25,0
2021-05-12 09:23:27,14110.7,0
2021-05-12 09:23:30,14109.55,0
2021-05-12 09:23:31,14110.15,0
2021-05-12 09:23:32,14114.75,0
2021-05-12 09:23:33,14112.2,0
2021-05-12 09:23:35,14112.3,0
2021-05-12 09:23:36,14111.4,0
2021-05-12 09:23:38,14110.75,0
2021-05-12 09:23:39,14101.1,0
2021-05-12 09:23:40,14102.2,0
2021-05-12 09:23:43,14107.5,0
2021-05-12 09:23:45,14109.9,0
2021-05-12 09:23:46,14109.0,0
2021-05-12 09:23:47,14111.4,0
2021-05-12 09:23:50,14107.35,0
2021-05-12 09:23:51,14111.15,0
2021-05-12 09:23:52,14110.25,0
2021-05-12 09:23:53,14108.65,0
2021-05-12 09:23:54,14109.4,0
2021-05-12 09:23:55,14109.1,0
2021-05-12 09:23:56,14107.65,0
2021-05-12 09:23:57,14109.3,0
2021-05-12 09:23:58,14108.9,0
2021-05-12 09:23:59,14107.5,0
2021-05-12 09:24:00,14108.2,0
2021-05-12 09:24:01,14107.7,0
2021-05-12 09:24:02,14109.65,0
2021-05-12 09:24:03,14110.3,0
2021-05-12 09:24:04,14108.6,0
2021-05-12 09:24:05,14109.4,0
2021-05-12 09:24:06,14111.5,0
2021-05-12 09:24:09,14097.9,0
2021-05-12 09:24:10,14099.55,0
2021-05-12 09:24:11,14101.2,0
2021-05-12 09:24:12,14100.85,0
2021-05-12 09:24:13,14098.3,0
2021-05-12 09:24:14,14102.55,0
2021-05-12 09:24:15,14102.65,0
2021-05-12 09:24:16,14098.3,0
2021-05-12 09:24:17,14098.4,0
2021-05-12 09:24:18,14098.85,0
2021-05-12 09:24:19,14100.0,0
2021-05-12 09:24:20,14101.7,0
2021-05-12 09:24:22,14101.15,0
2021-05-12 09:24:23,14101.45,0
2021-05-12 09:24:24,14100.15,0
2021-05-12 09:24:26,14112.95,0
2021-05-12 09:24:27,14116.75,0
2021-05-12 09:24:28,14113.15,0
2021-05-12 09:24:29,14110.9,0
2021-05-12 09:24:30,14111.45,0
2021-05-12 09:24:31,14104.35,0
2021-05-12 09:24:32,14101.3,0
2021-05-12 09:24:34,14102.15,0
2021-05-12 09:24:35,14101.6,0
2021-05-12 09:24:37,14101.5,0
2021-05-12 09:24:38,14102.45,0
2021-05-12 09:24:39,14102.0,0
2021-05-12 09:24:40,14102.8,0
2021-05-12 09:24:41,14103.0,0
2021-05-12 09:24:42,14103.05,0
2021-05-12 09:24:43,14104.65,0
2021-05-12 09:24:44,14103.6,0
2021-05-12 09:24:46,14104.1,0
2021-05-12 09:24:47,14101.9,0
2021-05-12 09:24:48,14101.35,0
2021-05-12 09:24:49,14103.2,0
2021-05-12 09:24:50,14104.25,0
2021-05-12 09:24:51,14099.5,0
2021-05-12 09:24:55,14101.85,0
2021-05-12 09:24:57,14100.05,0
2021-05-12 09:24:58,14101.5,0
2021-05-12 09:24:59,14104.35,0
2021-05-12 09:25:00,14098.2,0
2021-05-12 09:25:02,14100.0,0
2021-05-12 09:25:03,14099.75,0
2021-05-12 09:25:04,14097.45,0
2021-05-12 09:25:05,14089.15,0
2021-05-12 09:25:07,14091.2,0
2021-05-12 09:25:08,14090.2,0
2021-05-12 09:25:09,14090.55,0
2021-05-12 09:25:10,14087.4,0
2021-05-12 09:25:12,14087.2,0
2021-05-12 09:25:14,14090.45,0
2021-05-12 09:25:15,14089.55,0
2021-05-12 09:25:17,14091.15,0
2021-05-12 09:25:18,14089.5,0
2021-05-12 09:25:20,14090.0,0
2021-05-12 09:25:21,14084.45,0
2021-05-12 09:25:22,14082.8,0
2021-05-12 09:25:23,14083.8,0
2021-05-12 09:25:24,14079.85,0
2021-05-12 09:25:25,14081.45,0
2021-05-12 09:25:26,14083.8,0
2021-05-12 09:25:27,14081.7,0
2021-05-12 09:25:28,14080.95,0
2021-05-12 09:25:29,14079.9,0
2021-05-12 09:25:30,14083.5,0
2021-05-12 09:25:31,14083.4,0
2021-05-12 09:25:32,14082.75,0
2021-05-12 09:25:33,14081.85,0
2021-05-12 09:25:34,14080.15,0
2021-05-12 09:25:35,14077.55,0
2021-05-12 09:25:36,14076.6,0
2021-05-12 09:25:37,14075.75,0
2021-05-12 09:25:39,14077.7,0
2021-05-12 09:25:40,14075.7,0
2021-05-12 09:25:41,14076.55,0
2021-05-12 09:25:42,14074.7,0
2021-05-12 09:25:43,14072.1,0
2021-05-12 09:25:44,14072.95,0
2021-05-12 09:25:45,14069.55,0
2021-05-12 09:25:46,14070.3,0
2021-05-12 09:25:47,14073.65,0
2021-05-12 09:25:50,14072.1,0
2021-05-12 09:25:51,14070.15,0
2021-05-12 09:25:52,14070.75,0
2021-05-12 09:25:53,14068.7,0
2021-05-12 09:25:55,14055.45,0
2021-05-12 09:25:56,14055.75,0
2021-05-12 09:25:57,14056.8,0
2021-05-12 09:25:58,14054.2,0
2021-05-12 09:25:59,14054.95,0
2021-05-12 09:26:00,14053.55,0
2021-05-12 09:26:03,14059.5,0
2021-05-12 09:26:04,14058.3,0
2021-05-12 09:26:05,14060.2,0
2021-05-12 09:26:06,14058.55,0
2021-05-12 09:26:07,14058.7,0
2021-05-12 09:26:08,14057.8,0
2021-05-12 09:26:09,14058.9,0
2021-05-12 09:26:10,14059.35,0
2021-05-12 09:26:11,14058.2,0
2021-05-12 09:26:12,14058.15,0
2021-05-12 09:26:14,14058.25,0
2021-05-12 09:26:15,14057.25,0
2021-05-12 09:26:18,14055.3,0
2021-05-12 09:26:19,14054.5,0
2021-05-12 09:26:20,14051.25,0
2021-05-12 09:26:21,14054.65,0
2021-05-12 09:26:22,14050.55,0
2021-05-12 09:26:23,14052.05,0
2021-05-12 09:26:24,14057.65,0
2021-05-12 09:26:25,14055.65,0
2021-05-12 09:26:26,14054.85,0
2021-05-12 09:26:27,14055.35,0
2021-05-12 09:26:29,14054.1,0
2021-05-12 09:26:30,14054.1,0
2021-05-12 09:26:31,14056.0,0
2021-05-12 09:26:32,14055.8,0
2021-05-12 09:26:34,14055.75,0
2021-05-12 09:26:35,14056.4,0
2021-05-12 09:26:36,14056.45,0
2021-05-12 09:26:37,14058.4,0
2021-05-12 09:26:38,14058.4,0
2021-05-12 09:26:39,14058.5,0
2021-05-12 09:26:40,14058.5,0
2021-05-12 09:26:41,14057.2,0
2021-05-12 09:26:42,14058.15,0
2021-05-12 09:26:44,14056.7,0
2021-05-12 09:26:45,14057.25,0
2021-05-12 09:26:46,14056.3,0
2021-05-12 09:26:48,14055.75,0
2021-05-12 09:26:50,14056.6,0
2021-05-12 09:26:51,14055.9,0
2021-05-12 09:26:52,14056.3,0
2021-05-12 09:26:54,14056.5,0
2021-05-12 09:26:55,14056.65,0
2021-05-12 09:26:56,14057.5,0
2021-05-12 09:26:57,14057.0,0
2021-05-12 09:26:58,14056.9,0
2021-05-12 09:27:01,14056.1,0
2021-05-12 09:27:02,14055.95,0
2021-05-12 09:27:04,14056.4,0
2021-05-12 09:27:05,14056.9,0
2021-05-12 09:27:06,14056.15,0
2021-05-12 09:27:07,14055.95,0
2021-05-12 09:27:08,14054.2,0
2021-05-12 09:27:09,14055.1,0
2021-05-12 09:27:15,14051.6,0
2021-05-12 09:27:16,14053.15,0
2021-05-12 09:27:17,14053.75,0
2021-05-12 09:27:18,14053.4,0
2021-05-12 09:27:19,14054.65,0
2021-05-12 09:27:20,14053.0,0
2021-05-12 09:27:21,14053.4,0
2021-05-12 09:27:23,14053.6,0
2021-05-12 09:27:24,14053.2,0
2021-05-12 09:27:25,14053.95,0
2021-05-12 09:27:29,14061.9,0
2021-05-12 09:27:31,14061.2,0
2021-05-12 09:27:32,14059.1,0
2021-05-12 09:27:33,14059.65,0
2021-05-12 09:27:35,14062.1,0
2021-05-12 09:27:36,14058.45,0
2021-05-12 09:27:38,14061.05,0
2021-05-12 09:27:39,14059.8,0
2021-05-12 09:27:40,14054.05,0
2021-05-12 09:27:41,14050.5,0
2021-05-12 09:27:43,14049.6,0
2021-05-12 09:27:44,14049.3,0
2021-05-12 09:27:45,14050.2,0
2021-05-12 09:27:46,14050.55,0
2021-05-12 09:27:48,14047.25,0
2021-05-12 09:27:49,14048.4,0
2021-05-12 09:27:51,14048.65,0
2021-05-12 09:27:52,14050.6,0
2021-05-12 09:27:53,14052.0,0
2021-05-12 09:27:54,14051.15,0
2021-05-12 09:27:55,14053.3,0
2021-05-12 09:27:56,14052.35,0
2021-05-12 09:27:57,14048.3,0
2021-05-12 09:27:59,14046.7,0
2021-05-12 09:28:00,14048.25,0
2021-05-12 09:28:01,14050.6,0
2021-05-12 09:28:02,14052.5,0
2021-05-12 09:28:03,14053.0,0
2021-05-12 09:28:04,14046.9,0
2021-05-12 09:28:05,14045.95,0
2021-05-12 09:28:06,14048.55,0
2021-05-12 09:28:07,14047.75,0
2021-05-12 09:28:08,14049.05,0
2021-05-12 09:28:09,14046.7,0
2021-05-12 09:28:10,14045.4,0
2021-05-12 09:28:11,14040.25,0
2021-05-12 09:28:12,14037.75,0
2021-05-12 09:28:13,14039.75,0
2021-05-12 09:28:14,14040.0,0
2021-05-12 09:28:15,14036.55,0
2021-05-12 09:28:16,14039.35,0
2021-05-12 09:28:18,14037.9,0
2021-05-12 09:28:19,14036.85,0
2021-05-12 09:28:20,14039.3,0
2021-05-12 09:28:21,14039.0,0
2021-05-12 09:28:22,14039.35,0
2021-05-12 09:28:23,14040.95,0
2021-05-12 09:28:24,14042.25,0
2021-05-12 09:28:25,14041.15,0
2021-05-12 09:28:26,14041.35,0
2021-05-12 09:28:27,14041.4,0
2021-05-12 09:28:28,14044.85,0
2021-05-12 09:28:29,14046.6,0
2021-05-12 09:28:30,14046.7,0
2021-05-12 09:28:31,14045.15,0
2021-05-12 09:28:32,14040.55,0
2021-05-12 09:28:33,14041.95,0
2021-05-12 09:28:34,14041.15,0
2021-05-12 09:28:36,14040.25,0
2021-05-12 09:28:37,14040.65,0
2021-05-12 09:28:38,14039.9,0
2021-05-12 09:28:39,14037.25,0
2021-05-12 09:28:40,14038.35,0
2021-05-12 09:28:41,14038.65,0
2021-05-12 09:28:42,14040.75,0
2021-05-12 09:28:43,14039.95,0
2021-05-12 09:28:44,14040.3,0
2021-05-12 09:28:45,14039.05,0
2021-05-12 09:28:46,14040.8,0
2021-05-12 09:28:47,14041.3,0
2021-05-12 09:28:48,14039.9,0
2021-05-12 09:28:49,14040.8,0
2021-05-12 09:28:50,14035.55,0
2021-05-12 09:28:51,14035.4,0
2021-05-12 09:28:52,14033.4,0
2021-05-12 09:28:53,14034.5,0
2021-05-12 09:28:54,14032.75,0
2021-05-12 09:28:55,14032.45,0
2021-05-12 09:28:56,14034.55,0
2021-05-12 09:28:57,14031.15,0
2021-05-12 09:28:58,14029.8,0
2021-05-12 09:28:59,14029.95,0
2021-05-12 09:29:00,14029.95,0
2021-05-12 09:29:01,14029.1,0
2021-05-12 09:29:02,14028.3,0
2021-05-12 09:29:03,14027.7,0
2021-05-12 09:29:04,14029.05,0
2021-05-12 09:29:05,14029.05,0
2021-05-12 09:29:06,14027.65,0
2021-05-12 09:29:07,14028.5,0
2021-05-12 09:29:09,14031.35,0
2021-05-12 09:29:10,14029.0,0
2021-05-12 09:29:13,14030.45,0
2021-05-12 09:29:14,14029.9,0
2021-05-12 09:29:15,14030.3,0
2021-05-12 09:29:16,14027.7,0
2021-05-12 09:29:17,14028.4,0
2021-05-12 09:29:20,14030.4,0
2021-05-12 09:29:21,14029.1,0
2021-05-12 09:29:25,14027.0,0
2021-05-12 09:29:26,14027.45,0
2021-05-12 09:29:27,14031.9,0
2021-05-12 09:29:28,14032.25,0
2021-05-12 09:29:29,14032.3,0
2021-05-12 09:29:30,14031.7,0
2021-05-12 09:29:31,14037.35,0
2021-05-12 09:29:32,14036.85,0
2021-05-12 09:29:33,14036.25,0
2021-05-12 09:29:34,14035.85,0
2021-05-12 09:29:35,14037.7,0
2021-05-12 09:29:36,14041.75,0
2021-05-12 09:29:37,14043.95,0
2021-05-12 09:29:38,14046.55,0
2021-05-12 09:29:39,14048.2,0
2021-05-12 09:29:41,14044.2,0
2021-05-12 09:29:42,14046.3,0
2021-05-12 09:29:43,14048.5,0
2021-05-12 09:29:44,14045.3,0
2021-05-12 09:29:46,14044.25,0
2021-05-12 09:29:47,14043.7,0
2021-05-12 09:29:48,14043.95,0
2021-05-12 09:29:49,14043.35,0
2021-05-12 09:29:50,14044.35,0
2021-05-12 09:29:51,14045.05,0
2021-05-12 09:29:52,14045.35,0
2021-05-12 09:29:54,14043.25,0
2021-05-12 09:29:55,14043.45,0
2021-05-12 09:29:56,14044.95,0
2021-05-12 09:29:57,14040.25,0
2021-05-12 09:29:58,14039.8,0
2021-05-12 09:29:59,14038.35,0
2021-05-12 09:30:00,14039.6,0
2021-05-12 09:30:01,14041.45,0
2021-05-12 09:30:02,14040.75,0
2021-05-12 09:30:04,14038.35,0
2021-05-12 09:30:05,14035.7,0
2021-05-12 09:30:06,14038.65,0
2021-05-12 09:30:07,14039.3,0
2021-05-12 09:30:08,14039.25,0
2021-05-12 09:30:09,14036.05,0
2021-05-12 09:30:10,14038.7,0
2021-05-12 09:30:12,14035.1,0
2021-05-12 09:30:14,14035.55,0
2021-05-12 09:30:15,14033.85,0
2021-05-12 09:30:16,14033.1,0
2021-05-12 09:30:17,14033.4,0
2021-05-12 09:30:18,14034.85,0
2021-05-12 09:30:19,14035.4,0
2021-05-12 09:30:21,14039.6,0
2021-05-12 09:30:22,14038.55,0
2021-05-12 09:30:23,14037.35,0
2021-05-12 09:30:24,14038.25,0
2021-05-12 09:30:25,14039.65,0
2021-05-12 09:30:26,14036.0,0
2021-05-12 09:30:27,14036.9,0
2021-05-12 09:30:28,14035.65,0
2021-05-12 09:30:29,14034.05,0
2021-05-12 09:30:30,14033.95,0
2021-05-12 09:30:32,14031.35,0
2021-05-12 09:30:33,14033.45,0
2021-05-12 09:30:34,14034.2,0
2021-05-12 09:30:35,14032.45,0
2021-05-12 09:30:36,14032.7,0
2021-05-12 09:30:37,14033.75,0
2021-05-12 09:30:38,14032.8,0
2021-05-12 09:30:39,14034.45,0
2021-05-12 09:30:40,14032.4,0
2021-05-12 09:30:41,14032.65,0
2021-05-12 09:30:42,14033.9,0
2021-05-12 09:30:43,14037.1,0
2021-05-12 09:30:44,14036.8,0
2021-05-12 09:30:45,14037.25,0
2021-05-12 09:30:47,14027.75,0
2021-05-12 09:30:49,14026.35,0
2021-05-12 09:30:50,14027.55,0
2021-05-12 09:30:51,14025.25,0
2021-05-12 09:30:52,14027.8,0
2021-05-12 09:30:53,14025.4,0
2021-05-12 09:30:54,14025.35,0
2021-05-12 09:30:55,14026.65,0
2021-05-12 09:30:56,14026.45,0
2021-05-12 09:30:57,14027.2,0
2021-05-12 09:30:58,14024.95,0
2021-05-12 09:30:59,14026.8,0
2021-05-12 09:31:01,14027.25,0
2021-05-12 09:31:02,14026.8,0
2021-05-12 09:31:03,14027.6,0
2021-05-12 09:31:04,14029.9,0
2021-05-12 09:31:06,14034.0,0
2021-05-12 09:31:07,14036.95,0
2021-05-12 09:31:08,14035.75,0
2021-05-12 09:31:09,14037.4,0
2021-05-12 09:31:10,14040.0,0
2021-05-12 09:31:11,14039.7,0
2021-05-12 09:31:12,14040.65,0
2021-05-12 09:31:13,14040.9,0
2021-05-12 09:31:14,14040.8,0
2021-05-12 09:31:15,14036.0,0
2021-05-12 09:31:16,14036.6,0
2021-05-12 09:31:17,14035.6,0
2021-05-12 09:31:18,14038.55,0
2021-05-12 09:31:19,14035.9,0
2021-05-12 09:31:21,14031.6,0
2021-05-12 09:31:22,14032.65,0
2021-05-12 09:31:24,14032.8,0
2021-05-12 09:31:25,14035.6,0
2021-05-12 09:31:27,14031.6,0
2021-05-12 09:31:28,14033.4,0
2021-05-12 09:31:29,14033.25,0
2021-05-12 09:31:30,14034.9,0
2021-05-12 09:31:31,14037.4,0
2021-05-12 09:31:32,14038.4,0
2021-05-12 09:31:33,14037.35,0
2021-05-12 09:31:34,14039.25,0
2021-05-12 09:31:36,14039.45,0
2021-05-12 09:31:38,14044.7,0
2021-05-12 09:31:39,14045.95,0
2021-05-12 09:31:40,14047.15,0
2021-05-12 09:31:41,14047.9,0
2021-05-12 09:31:43,14060.95,0
2021-05-12 09:31:44,14064.55,0
2021-05-12 09:31:46,14063.2,0
2021-05-12 09:31:47,14062.2,0
2021-05-12 09:31:48,14062.6,0
2021-05-12 09:31:49,14060.7,0
2021-05-12 09:31:50,14056.6,0
2021-05-12 09:31:53,14049.3,0
2021-05-12 09:31:54,14047.65,0
2021-05-12 09:31:55,14047.3,0
2021-05-12 09:31:56,14048.1,0
2021-05-12 09:31:57,14051.25,0
2021-05-12 09:31:59,14048.95,0
2021-05-12 09:32:01,14051.65,0
2021-05-12 09:32:02,14052.55,0
2021-05-12 09:32:03,14049.3,0
2021-05-12 09:32:05,14037.5,0
2021-05-12 09:32:07,14042.2,0
2021-05-12 09:32:08,14039.1,0
2021-05-12 09:32:09,14038.25,0
2021-05-12 09:32:10,14041.1,0
2021-05-12 09:32:11,14041.8,0
2021-05-12 09:32:12,14041.4,0
2021-05-12 09:32:14,14040.05,0
2021-05-12 09:32:15,14040.3,0
2021-05-12 09:32:16,14040.4,0
2021-05-12 09:32:17,14040.25,0
2021-05-12 09:32:19,14040.2,0
2021-05-12 09:32:20,14041.2,0
2021-05-12 09:32:21,14040.65,0
2021-05-12 09:32:22,14039.7,0
2021-05-12 09:32:23,14038.25,0
2021-05-12 09:32:25,14037.05,0
2021-05-12 09:32:27,14038.1,0
2021-05-12 09:32:28,14037.65,0
2021-05-12 09:32:29,14038.95,0
2021-05-12 09:32:30,14039.95,0
2021-05-12 09:32:31,14040.55,0
2021-05-12 09:32:32,14041.35,0
2021-05-12 09:32:33,14042.55,0
2021-05-12 09:32:34,14042.55,0
2021-05-12 09:32:35,14042.35,0
2021-05-12 09:32:36,14042.4,0
2021-05-12 09:32:37,14052.5,0
2021-05-12 09:32:38,14055.5,0
2021-05-12 09:32:40,14058.5,0
2021-05-12 09:32:41,14059.75,0
2021-05-12 09:32:43,14060.55,0
2021-05-12 09:32:44,14059.8,0
2021-05-12 09:32:45,14058.75,0
2021-05-12 09:32:46,14058.15,0
2021-05-12 09:32:47,14057.75,0
2021-05-12 09:32:48,14058.55,0
2021-05-12 09:32:49,14059.1,0
2021-05-12 09:32:52,14056.55,0
2021-05-12 09:32:53,14049.0,0
2021-05-12 09:32:54,14050.75,0
2021-05-12 09:32:55,14049.6,0
2021-05-12 09:32:56,14049.65,0
2021-05-12 09:32:57,14051.55,0
2021-05-12 09:32:58,14052.05,0
2021-05-12 09:32:59,14049.65,0
2021-05-12 09:33:01,14050.0,0
2021-05-12 09:33:02,14050.65,0
2021-05-12 09:33:03,14048.3,0
2021-05-12 09:33:04,14050.05,0
2021-05-12 09:33:05,14049.0,0
2021-05-12 09:33:06,14049.3,0
2021-05-12 09:33:07,14049.4,0
2021-05-12 09:33:08,14049.2,0
2021-05-12 09:33:09,14049.75,0
2021-05-12 09:33:10,14050.9,0
2021-05-12 09:33:12,14049.55,0
2021-05-12 09:33:13,14050.9,0
2021-05-12 09:33:14,14048.5,0
2021-05-12 09:33:15,14048.6,0
2021-05-12 09:33:16,14049.05,0
2021-05-12 09:33:18,14049.65,0
2021-05-12 09:33:19,14049.1,0
2021-05-12 09:33:20,14049.6,0
2021-05-12 09:33:21,14047.25,0
2021-05-12 09:33:22,14048.3,0
2021-05-12 09:33:23,14048.3,0
2021-05-12 09:33:24,14046.7,0
2021-05-12 09:33:25,14042.65,0
2021-05-12 09:33:26,14043.25,0
2021-05-12 09:33:27,14044.55,0
2021-05-12 09:33:28,14042.7,0
2021-05-12 09:33:30,14042.0,0
2021-05-12 09:33:31,14043.95,0
2021-05-12 09:33:32,14044.55,0
2021-05-12 09:33:33,14044.75,0
2021-05-12 09:33:34,14045.8,0
2021-05-12 09:33:35,14046.8,0
2021-05-12 09:33:36,14044.75,0
2021-05-12 09:33:37,14044.6,0
2021-05-12 09:33:38,14046.05,0
2021-05-12 09:33:39,14046.1,0
2021-05-12 09:33:40,14046.35,0
2021-05-12 09:33:41,14046.55,0
2021-05-12 09:33:42,14047.1,0
2021-05-12 09:33:44,14048.0,0
2021-05-12 09:33:45,14048.4,0
2021-05-12 09:33:46,14048.4,0
2021-05-12 09:33:47,14047.0,0
2021-05-12 09:33:48,14047.5,0
2021-05-12 09:33:49,14047.85,0
2021-05-12 09:33:50,14045.0,0
2021-05-12 09:33:51,14045.7,0
2021-05-12 09:33:52,14044.4,0
2021-05-12 09:33:53,14044.45,0
2021-05-12 09:33:54,14045.4,0
2021-05-12 09:33:56,14045.95,0
2021-05-12 09:33:58,14048.3,0
2021-05-12 09:33:59,14048.7,0
2021-05-12 09:34:00,14048.7,0
2021-05-12 09:34:01,14046.65,0
2021-05-12 09:34:02,14044.55,0
2021-05-12 09:34:03,14046.25,0
2021-05-12 09:34:04,14045.3,0
2021-05-12 09:34:05,14046.3,0
2021-05-12 09:34:06,14045.4,0
2021-05-12 09:34:07,14046.45,0
2021-05-12 09:34:08,14046.55,0
2021-05-12 09:34:09,14046.6,0
2021-05-12 09:34:10,14045.9,0
2021-05-12 09:34:11,14046.6,0
2021-05-12 09:34:12,14046.05,0
2021-05-12 09:34:14,14045.35,0
2021-05-12 09:34:16,14046.95,0
2021-05-12 09:34:17,14046.9,0
2021-05-12 09:34:18,14046.7,0
2021-05-12 09:34:19,14045.7,0
2021-05-12 09:34:20,14044.7,0
2021-05-12 09:34:21,14041.45,0
2021-05-12 09:34:22,14038.7,0
2021-05-12 09:34:23,14037.8,0
2021-05-12 09:34:24,14038.1,0
2021-05-12 09:34:25,14039.9,0
2021-05-12 09:34:27,14039.1,0
2021-05-12 09:34:28,14037.65,0
2021-05-12 09:34:29,14040.45,0
2021-05-12 09:34:30,14039.2,0
2021-05-12 09:34:31,14038.25,0
2021-05-12 09:34:32,14041.4,0
2021-05-12 09:34:33,14036.7,0
2021-05-12 09:34:34,14038.0,0
2021-05-12 09:34:35,14036.85,0
2021-05-12 09:34:36,14037.7,0
2021-05-12 09:34:37,14040.45,0
2021-05-12 09:34:39,14037.35,0
2021-05-12 09:34:40,14035.55,0
2021-05-12 09:34:41,14039.25,0
2021-05-12 09:34:44,14036.4,0
2021-05-12 09:34:45,14036.65,0
2021-05-12 09:34:47,14036.15,0
2021-05-12 09:34:48,14033.85,0
2021-05-12 09:34:49,14036.35,0
2021-05-12 09:34:50,14037.0,0
2021-05-12 09:34:51,14035.4,0
2021-05-12 09:34:52,14036.25,0
2021-05-12 09:34:53,14034.25,0
2021-05-12 09:34:54,14035.8,0
2021-05-12 09:34:55,14035.25,0
2021-05-12 09:34:56,14035.85,0
2021-05-12 09:34:57,14033.45,0
2021-05-12 09:34:58,14032.3,0
2021-05-12 09:35:00,14035.4,0
2021-05-12 09:35:01,14034.4,0
2021-05-12 09:35:02,14035.75,0
2021-05-12 09:35:03,14034.35,0
2021-05-12 09:35:04,14032.0,0
2021-05-12 09:35:05,14030.55,0
2021-05-12 09:35:06,14033.35,0
2021-05-12 09:35:07,14033.1,0
2021-05-12 09:35:08,14034.6,0
2021-05-12 09:35:09,14034.05,0
2021-05-12 09:35:11,14034.5,0
2021-05-12 09:35:13,14033.8,0
2021-05-12 09:35:14,14032.7,0
2021-05-12 09:35:15,14032.35,0
2021-05-12 09:35:16,14033.1,0
2021-05-12 09:35:17,14030.2,0
2021-05-12 09:35:18,14029.9,0
2021-05-12 09:35:19,14030.5,0
2021-05-12 09:35:22,14031.8,0
2021-05-12 09:35:23,14031.75,0
2021-05-12 09:35:24,14030.85,0
2021-05-12 09:35:25,14030.8,0
2021-05-12 09:35:26,14032.05,0
2021-05-12 09:35:27,14030.55,0
2021-05-12 09:35:28,14030.65,0
2021-05-12 09:35:29,14030.0,0
2021-05-12 09:35:30,14032.45,0
2021-05-12 09:35:31,14031.0,0
2021-05-12 09:35:32,14031.1,0
2021-05-12 09:35:33,14032.4,0
2021-05-12 09:35:34,14033.05,0
2021-05-12 09:35:35,14032.7,0
2021-05-12 09:35:36,14029.95,0
2021-05-12 09:35:37,14029.7,0
2021-05-12 09:35:38,14031.5,0
2021-05-12 09:35:39,14029.3,0
2021-05-12 09:35:40,14027.5,0
2021-05-12 09:35:42,14028.85,0
2021-05-12 09:35:43,14029.0,0
2021-05-12 09:35:44,14028.2,0
2021-05-12 09:35:45,14029.2,0
2021-05-12 09:35:46,14029.3,0
2021-05-12 09:35:47,14029.8,0
2021-05-12 09:35:48,14029.4,0
2021-05-12 09:35:49,14029.6,0
2021-05-12 09:35:50,14028.9,0
2021-05-12 09:35:51,14028.45,0
2021-05-12 09:35:52,14028.5,0
2021-05-12 09:35:53,14028.2,0
2021-05-12 09:35:54,14028.3,0
2021-05-12 09:35:55,14030.5,0
2021-05-12 09:35:56,14030.0,0
2021-05-12 09:35:57,14031.7,0
2021-05-12 09:35:58,14030.45,0
2021-05-12 09:35:59,14030.3,0
2021-05-12 09:36:00,14030.95,0
2021-05-12 09:36:01,14028.95,0
2021-05-12 09:36:02,14028.4,0
2021-05-12 09:36:03,14034.6,0
2021-05-12 09:36:04,14034.95,0
2021-05-12 09:36:05,14035.0,0
2021-05-12 09:36:06,14036.3,0
2021-05-12 09:36:08,14035.25,0
2021-05-12 09:36:09,14035.75,0
2021-05-12 09:36:10,14038.1,0
2021-05-12 09:36:11,14037.4,0
2021-05-12 09:36:13,14036.05,0
2021-05-12 09:36:14,14038.25,0
2021-05-12 09:36:17,14030.75,0
2021-05-12 09:36:18,14031.25,0
2021-05-12 09:36:20,14032.05,0
2021-05-12 09:36:21,14031.75,0
2021-05-12 09:36:22,14029.85,0
2021-05-12 09:36:23,14028.45,0
2021-05-12 09:36:24,14028.5,0
2021-05-12 09:36:25,14027.6,0
2021-05-12 09:36:26,14024.95,0
2021-05-12 09:36:28,14025.75,0
2021-05-12 09:36:29,14026.9,0
2021-05-12 09:36:30,14025.8,0
2021-05-12 09:36:31,14016.95,0
2021-05-12 09:36:32,14016.85,0
2021-05-12 09:36:33,14017.65,0
2021-05-12 09:36:34,14017.1,0
2021-05-12 09:36:36,14018.45,0
2021-05-12 09:36:37,14016.15,0
2021-05-12 09:36:38,14019.25,0
2021-05-12 09:36:39,14018.35,0
2021-05-12 09:36:40,14018.8,0
2021-05-12 09:36:41,14018.2,0
2021-05-12 09:36:42,14017.25,0
2021-05-12 09:36:43,14020.55,0
2021-05-12 09:36:44,14018.9,0
2021-05-12 09:36:45,14019.7,0
2021-05-12 09:36:46,14020.25,0
2021-05-12 09:36:47,14021.25,0
2021-05-12 09:36:48,14021.1,0
2021-05-12 09:36:49,14022.75,0
2021-05-12 09:36:50,14020.0,0
2021-05-12 09:36:51,14021.1,0
2021-05-12 09:36:52,14020.7,0
2021-05-12 09:36:53,14022.95,0
2021-05-12 09:36:54,14019.35,0
2021-05-12 09:36:55,14019.65,0
2021-05-12 09:36:58,14018.95,0
2021-05-12 09:36:59,14015.8,0
2021-05-12 09:37:00,14018.3,0
2021-05-12 09:37:01,14017.55,0
2021-05-12 09:37:02,14019.0,0
2021-05-12 09:37:03,14018.0,0
2021-05-12 09:37:05,14017.55,0
2021-05-12 09:37:06,14019.4,0
2021-05-12 09:37:08,14019.5,0
2021-05-12 09:37:09,14018.5,0
2021-05-12 09:37:10,14019.55,0
2021-05-12 09:37:13,14019.05,0
2021-05-12 09:37:14,14019.45,0
2021-05-12 09:37:15,14017.6,0
2021-05-12 09:37:16,14016.2,0
2021-05-12 09:37:18,14019.2,0
2021-05-12 09:37:19,14019.65,0
2021-05-12 09:37:20,14019.45,0
2021-05-12 09:37:21,14021.25,0
2021-05-12 09:37:22,14022.25,0
2021-05-12 09:37:23,14020.25,0
2021-05-12 09:37:24,14020.25,0
2021-05-12 09:37:25,14020.6,0
2021-05-12 09:37:26,14021.3,0
2021-05-12 09:37:28,14023.0,0
2021-05-12 09:37:30,14023.9,0
2021-05-12 09:37:31,14023.3,0
2021-05-12 09:37:32,14024.75,0
2021-05-12 09:37:33,14022.35,0
2021-05-12 09:37:34,14022.95,0
2021-05-12 09:37:36,14023.0,0
2021-05-12 09:37:37,14023.25,0
2021-05-12 09:37:38,14024.6,0
2021-05-12 09:37:39,14023.15,0
2021-05-12 09:37:40,14022.5,0
2021-05-12 09:37:41,14022.7,0
2021-05-12 09:37:42,14023.45,0
2021-05-12 09:37:43,14024.25,0
2021-05-12 09:37:44,14024.25,0
2021-05-12 09:37:45,14025.3,0
2021-05-12 09:37:46,14024.35,0
2021-05-12 09:37:47,14031.05,0
2021-05-12 09:37:48,14032.7,0
2021-05-12 09:37:49,14033.2,0
2021-05-12 09:37:50,14033.45,0
2021-05-12 09:37:51,14033.55,0
2021-05-12 09:37:52,14036.0,0
2021-05-12 09:37:53,14032.05,0
2021-05-12 09:37:54,14035.05,0
2021-05-12 09:37:55,14037.0,0
2021-05-12 09:37:56,14036.35,0
2021-05-12 09:37:57,14036.5,0
2021-05-12 09:37:58,14036.65,0
2021-05-12 09:37:59,14035.35,0
2021-05-12 09:38:00,14036.0,0
2021-05-12 09:38:01,14038.8,0
2021-05-12 09:38:02,14036.8,0
2021-05-12 09:38:03,14036.95,0
2021-05-12 09:38:04,14035.95,0
2021-05-12 09:38:05,14034.75,0
2021-05-12 09:38:06,14035.75,0
2021-05-12 09:38:07,14035.1,0
2021-05-12 09:38:08,14034.0,0
2021-05-12 09:38:09,14034.8,0
2021-05-12 09:38:10,14035.1,0
2021-05-12 09:38:11,14036.5,0
2021-05-12 09:38:12,14036.2,0
2021-05-12 09:38:13,14036.85,0
2021-05-12 09:38:14,14035.7,0
2021-05-12 09:38:15,14036.6,0
2021-05-12 09:38:16,14037.35,0
2021-05-12 09:38:17,14038.0,0
2021-05-12 09:38:18,14036.5,0
2021-05-12 09:38:19,14033.4,0
2021-05-12 09:38:20,14034.9,0
2021-05-12 09:38:21,14037.55,0
2021-05-12 09:38:22,14037.65,0
2021-05-12 09:38:23,14035.1,0
2021-05-12 09:38:24,14036.95,0
2021-05-12 09:38:27,14036.85,0
2021-05-12 09:38:28,14037.25,0
2021-05-12 09:38:29,14036.65,0
2021-05-12 09:38:30,14037.1,0
2021-05-12 09:38:31,14036.85,0
2021-05-12 09:38:33,14036.7,0
2021-05-12 09:38:34,14037.3,0
2021-05-12 09:38:35,14036.0,0
2021-05-12 09:38:36,14036.3,0
2021-05-12 09:38:37,14036.9,0
2021-05-12 09:38:38,14035.7,0
2021-05-12 09:38:39,14036.6,0
2021-05-12 09:38:40,14032.55,0
2021-05-12 09:38:41,14033.35,0
2021-05-12 09:38:42,14034.65,0
2021-05-12 09:38:43,14033.1,0
2021-05-12 09:38:44,14036.5,0
2021-05-12 09:38:45,14038.35,0
2021-05-12 09:38:46,14039.95,0
2021-05-12 09:38:47,14038.3,0
2021-05-12 09:38:48,14038.55,0
2021-05-12 09:38:49,14037.85,0
2021-05-12 09:38:51,14039.2,0
2021-05-12 09:38:52,14038.4,0
2021-05-12 09:38:53,14039.65,0
2021-05-12 09:38:54,14039.2,0
2021-05-12 09:38:55,14038.45,0
2021-05-12 09:38:56,14040.9,0
2021-05-12 09:38:57,14041.05,0
2021-05-12 09:38:58,14042.2,0
2021-05-12 09:38:59,14047.55,0
2021-05-12 09:39:00,14048.3,0
2021-05-12 09:39:02,14052.8,0
2021-05-12 09:39:03,14053.75,0
2021-05-12 09:39:04,14053.25,0
2021-05-12 09:39:05,14056.2,0
2021-05-12 09:39:06,14055.0,0
2021-05-12 09:39:07,14056.35,0
2021-05-12 09:39:08,14055.5,0
2021-05-12 09:39:10,14052.7,0
2021-05-12 09:39:09,14053.1,0
2021-05-12 09:39:11,14053.3,0
2021-05-12 09:39:12,14055.05,0
2021-05-12 09:39:13,14057.2,0
2021-05-12 09:39:14,14053.3,0
2021-05-12 09:39:16,14054.5,0
2021-05-12 09:39:17,14055.6,0
2021-05-12 09:39:18,14054.45,0
2021-05-12 09:39:19,14055.15,0
2021-05-12 09:39:20,14055.5,0
2021-05-12 09:39:22,14054.45,0
2021-05-12 09:39:23,14053.25,0
2021-05-12 09:39:24,14053.25,0
2021-05-12 09:39:25,14052.0,0
2021-05-12 09:39:26,14051.9,0
2021-05-12 09:39:27,14051.95,0
2021-05-12 09:39:28,14053.15,0
2021-05-12 09:39:30,14053.4,0
2021-05-12 09:39:31,14053.6,0
2021-05-12 09:39:32,14054.05,0
2021-05-12 09:39:33,14053.75,0
2021-05-12 09:39:34,14053.85,0
2021-05-12 09:39:35,14055.1,0
2021-05-12 09:39:36,14054.55,0
2021-05-12 09:39:37,14054.0,0
2021-05-12 09:39:38,14055.45,0
2021-05-12 09:39:39,14055.25,0
2021-05-12 09:39:40,14055.4,0
2021-05-12 09:39:41,14054.15,0
2021-05-12 09:39:42,14055.75,0
2021-05-12 09:39:43,14055.45,0
2021-05-12 09:39:44,14055.55,0
2021-05-12 09:39:45,14056.05,0
2021-05-12 09:39:46,14057.25,0
2021-05-12 09:39:47,14056.2,0
2021-05-12 09:39:49,14054.4,0
2021-05-12 09:39:50,14054.1,0
2021-05-12 09:39:51,14053.35,0
2021-05-12 09:39:52,14054.9,0
2021-05-12 09:39:54,14055.6,0
2021-05-12 09:39:55,14053.5,0
2021-05-12 09:39:56,14053.55,0
2021-05-12 09:39:57,14052.65,0
2021-05-12 09:39:59,14054.9,0
2021-05-12 09:40:00,14054.15,0
2021-05-12 09:40:01,14054.05,0
2021-05-12 09:40:02,14053.1,0
2021-05-12 09:40:04,14054.45,0
2021-05-12 09:40:05,14055.6,0
2021-05-12 09:40:06,14053.7,0
2021-05-12 09:40:07,14056.15,0
2021-05-12 09:40:08,14054.7,0
2021-05-12 09:40:09,14058.25,0
2021-05-12 09:40:10,14056.3,0
2021-05-12 09:40:11,14058.3,0
2021-05-12 09:40:12,14056.65,0
2021-05-12 09:40:14,14055.05,0
2021-05-12 09:40:15,14055.1,0
2021-05-12 09:40:16,14055.7,0
2021-05-12 09:40:17,14056.85,0
2021-05-12 09:40:19,14056.05,0
2021-05-12 09:40:20,14055.95,0
2021-05-12 09:40:21,14057.95,0
2021-05-12 09:40:22,14056.95,0
2021-05-12 09:40:23,14058.25,0
2021-05-12 09:40:24,14058.15,0
2021-05-12 09:40:25,14058.45,0
2021-05-12 09:40:26,14058.25,0
2021-05-12 09:40:27,14058.3,0
2021-05-12 09:40:28,14057.85,0
2021-05-12 09:40:29,14057.15,0
2021-05-12 09:40:30,14059.75,0
2021-05-12 09:40:31,14063.1,0
2021-05-12 09:40:32,14064.9,0
2021-05-12 09:40:33,14060.0,0
2021-05-12 09:40:34,14059.75,0
2021-05-12 09:40:35,14058.4,0
2021-05-12 09:40:36,14060.2,0
2021-05-12 09:40:37,14059.45,0
2021-05-12 09:40:38,14061.7,0
2021-05-12 09:40:39,14064.3,0
2021-05-12 09:40:40,14063.5,0
2021-05-12 09:40:42,14065.15,0
2021-05-12 09:40:44,14063.45,0
2021-05-12 09:40:45,14064.4,0
2021-05-12 09:40:48,14067.05,0
2021-05-12 09:40:51,14072.5,0
2021-05-12 09:40:52,14076.0,0
2021-05-12 09:40:54,14077.9,0
2021-05-12 09:40:55,14078.55,0
2021-05-12 09:40:56,14080.15,0
2021-05-12 09:40:59,14079.85,0
2021-05-12 09:41:01,14078.5,0
2021-05-12 09:41:02,14079.85,0
2021-05-12 09:41:03,14080.25,0
2021-05-12 09:41:04,14082.0,0
2021-05-12 09:41:05,14082.4,0
2021-05-12 09:41:07,14082.1,0
2021-05-12 09:41:08,14085.3,0
2021-05-12 09:41:09,14085.65,0
2021-05-12 09:41:10,14085.35,0
2021-05-12 09:41:11,14087.65,0
2021-05-12 09:41:12,14090.85,0
2021-05-12 09:41:14,14090.3,0
2021-05-12 09:41:16,14093.3,0
2021-05-12 09:41:17,14091.1,0
2021-05-12 09:41:18,14090.9,0
2021-05-12 09:41:19,14090.3,0
2021-05-12 09:41:20,14081.5,0
2021-05-12 09:41:21,14082.65,0
2021-05-12 09:41:22,14082.25,0
2021-05-12 09:41:23,14082.45,0
2021-05-12 09:41:24,14082.55,0
2021-05-12 09:41:25,14081.75,0
2021-05-12 09:41:26,14081.5,0
2021-05-12 09:41:28,14079.85,0
2021-05-12 09:41:29,14080.45,0
2021-05-12 09:41:30,14080.35,0
2021-05-12 09:41:31,14082.9,0
2021-05-12 09:41:32,14080.8,0
2021-05-12 09:41:33,14081.2,0
2021-05-12 09:41:35,14080.95,0
2021-05-12 09:41:36,14080.35,0
2021-05-12 09:41:37,14083.3,0
2021-05-12 09:41:38,14084.15,0
2021-05-12 09:41:39,14085.3,0
2021-05-12 09:41:40,14085.4,0
2021-05-12 09:41:41,14082.45,0
2021-05-12 09:41:42,14083.15,0
2021-05-12 09:41:43,14083.7,0
2021-05-12 09:41:45,14082.2,0
2021-05-12 09:41:46,14080.0,0
2021-05-12 09:41:47,14078.15,0
2021-05-12 09:41:48,14081.15,0
2021-05-12 09:41:49,14081.8,0
2021-05-12 09:41:50,14082.15,0
2021-05-12 09:41:51,14082.7,0
2021-05-12 09:41:53,14082.5,0
2021-05-12 09:41:54,14083.3,0
2021-05-12 09:41:55,14081.1,0
2021-05-12 09:41:57,14081.7,0
2021-05-12 09:41:58,14082.05,0
2021-05-12 09:41:59,14081.3,0
2021-05-12 09:42:00,14082.35,0
2021-05-12 09:42:01,14081.5,0
2021-05-12 09:42:02,14081.55,0
2021-05-12 09:42:03,14081.7,0
2021-05-12 09:42:05,14080.55,0
2021-05-12 09:42:06,14081.6,0
2021-05-12 09:42:07,14080.1,0
2021-05-12 09:42:08,14080.7,0
2021-05-12 09:42:10,14082.5,0
2021-05-12 09:42:11,14080.2,0
2021-05-12 09:42:13,14083.55,0
2021-05-12 09:42:14,14083.7,0
2021-05-12 09:42:16,14084.9,0
2021-05-12 09:42:17,14086.0,0
2021-05-12 09:42:19,14087.9,0
2021-05-12 09:42:22,14086.25,0
2021-05-12 09:42:23,14084.55,0
2021-05-12 09:42:24,14085.45,0
2021-05-12 09:42:25,14087.55,0
2021-05-12 09:42:26,14086.75,0
2021-05-12 09:42:27,14086.0,0
2021-05-12 09:42:28,14086.0,0
2021-05-12 09:42:29,14084.8,0
2021-05-12 09:42:30,14086.0,0
2021-05-12 09:42:31,14087.6,0
2021-05-12 09:42:32,14088.3,0
2021-05-12 09:42:33,14085.35,0
2021-05-12 09:42:34,14087.3,0
2021-05-12 09:42:35,14088.4,0
2021-05-12 09:42:36,14087.5,0
2021-05-12 09:42:37,14086.4,0
2021-05-12 09:42:38,14085.15,0
2021-05-12 09:42:39,14086.05,0
2021-05-12 09:42:40,14086.0,0
2021-05-12 09:42:42,14083.85,0
2021-05-12 09:42:43,14084.0,0
2021-05-12 09:42:44,14086.75,0
2021-05-12 09:42:45,14086.25,0
2021-05-12 09:42:46,14084.5,0
2021-05-12 09:42:48,14087.25,0
2021-05-12 09:42:49,14088.15,0
2021-05-12 09:42:50,14087.35,0
2021-05-12 09:42:51,14087.4,0
2021-05-12 09:42:52,14087.3,0
2021-05-12 09:42:54,14088.8,0
2021-05-12 09:42:58,14100.85,0
2021-05-12 09:43:00,14101.8,0
2021-05-12 09:43:01,14099.0,0
2021-05-12 09:43:02,14098.95,0
2021-05-12 09:43:06,14098.85,0
2021-05-12 09:43:07,14097.35,0
2021-05-12 09:43:08,14098.9,0
2021-05-12 09:43:09,14100.85,0
2021-05-12 09:43:10,14098.5,0
2021-05-12 09:43:11,14097.0,0
2021-05-12 09:43:12,14099.25,0
2021-05-12 09:43:13,14097.85,0
2021-05-12 09:43:14,14097.2,0
2021-05-12 09:43:15,14096.1,0
2021-05-12 09:43:16,14096.35,0
2021-05-12 09:43:17,14094.15,0
2021-05-12 09:43:18,14087.6,0
2021-05-12 09:43:19,14088.05,0
2021-05-12 09:43:20,14087.4,0
2021-05-12 09:43:21,14087.8,0
2021-05-12 09:43:22,14088.75,0
2021-05-12 09:43:23,14089.2,0
2021-05-12 09:43:24,14091.15,0
2021-05-12 09:43:25,14092.25,0
2021-05-12 09:43:26,14092.1,0
2021-05-12 09:43:27,14091.2,0
2021-05-12 09:43:28,14090.9,0
2021-05-12 09:43:29,14093.65,0
2021-05-12 09:43:30,14092.8,0
2021-05-12 09:43:31,14090.7,0
2021-05-12 09:43:32,14089.15,0
2021-05-12 09:43:34,14091.35,0
2021-05-12 09:43:35,14092.3,0
2021-05-12 09:43:37,14091.9,0
2021-05-12 09:43:39,14093.4,0
2021-05-12 09:43:40,14093.3,0
2021-05-12 09:43:41,14090.25,0
2021-05-12 09:43:43,14087.35,0
2021-05-12 09:43:44,14089.15,0
2021-05-12 09:43:47,14088.65,0
2021-05-12 09:43:48,14089.95,0
2021-05-12 09:43:49,14094.0,0
2021-05-12 09:43:50,14095.8,0
2021-05-12 09:43:51,14094.95,0
2021-05-12 09:43:52,14094.6,0
2021-05-12 09:43:53,14096.45,0
2021-05-12 09:43:54,14096.0,0
2021-05-12 09:43:55,14093.2,0
2021-05-12 09:43:56,14094.85,0
2021-05-12 09:43:57,14095.8,0
2021-05-12 09:43:59,14099.25,0
2021-05-12 09:44:01,14099.2,0
2021-05-12 09:44:02,14099.95,0
2021-05-12 09:44:03,14098.65,0
2021-05-12 09:44:04,14097.65,0
2021-05-12 09:44:05,14098.75,0
2021-05-12 09:44:07,14101.25,0
2021-05-12 09:44:08,14101.0,0
2021-05-12 09:44:09,14100.0,0
2021-05-12 09:44:10,14099.85,0
2021-05-12 09:44:11,14099.4,0
2021-05-12 09:44:12,14100.3,0
2021-05-12 09:44:14,14100.2,0
2021-05-12 09:44:15,14101.65,0
2021-05-12 09:44:16,14104.6,0
2021-05-12 09:44:17,14102.1,0
2021-05-12 09:44:18,14103.05,0
2021-05-12 09:44:19,14102.1,0
2021-05-12 09:44:20,14103.8,0
2021-05-12 09:44:21,14102.5,0
2021-05-12 09:44:22,14102.25,0
2021-05-12 09:44:23,14101.7,0
2021-05-12 09:44:25,14100.6,0
2021-05-12 09:44:26,14098.65,0
2021-05-12 09:44:27,14090.15,0
2021-05-12 09:44:29,14089.95,0
2021-05-12 09:44:30,14090.8,0
2021-05-12 09:44:31,14091.7,0
2021-05-12 09:44:32,14092.9,0
2021-05-12 09:44:33,14091.7,0
2021-05-12 09:44:34,14092.1,0
2021-05-12 09:44:35,14094.4,0
2021-05-12 09:44:36,14094.9,0
2021-05-12 09:44:37,14095.1,0
2021-05-12 09:44:38,14097.65,0
2021-05-12 09:44:39,14096.05,0
2021-05-12 09:44:40,14098.15,0
2021-05-12 09:44:41,14097.8,0
2021-05-12 09:44:42,14095.6,0
2021-05-12 09:44:43,14096.5,0
2021-05-12 09:44:44,14096.7,0
2021-05-12 09:44:46,14099.45,0
2021-05-12 09:44:47,14098.7,0
2021-05-12 09:44:48,14099.65,0
2021-05-12 09:44:49,14099.75,0
2021-05-12 09:44:50,14098.35,0
2021-05-12 09:44:51,14099.5,0
2021-05-12 09:44:52,14101.25,0
2021-05-12 09:44:53,14098.1,0
2021-05-12 09:44:55,14099.8,0
2021-05-12 09:44:56,14100.85,0
2021-05-12 09:44:57,14102.1,0
2021-05-12 09:44:58,14102.3,0
2021-05-12 09:44:59,14103.55,0
2021-05-12 09:45:00,14105.75,0
2021-05-12 09:45:01,14107.5,0
2021-05-12 09:45:02,14106.15,0
2021-05-12 09:45:03,14107.75,0
2021-05-12 09:45:05,14113.7,0
2021-05-12 09:45:06,14113.05,0
2021-05-12 09:45:07,14116.2,0
2021-05-12 09:45:08,14113.6,0
2021-05-12 09:45:09,14114.85,0
2021-05-12 09:45:10,14113.05,0
2021-05-12 09:45:11,14111.9,0
2021-05-12 09:45:13,14111.75,0
2021-05-12 09:45:14,14112.6,0
2021-05-12 09:45:15,14110.9,0
2021-05-12 09:45:16,14109.85,0
2021-05-12 09:45:17,14109.1,0
2021-05-12 09:45:18,14107.9,0
2021-05-12 09:45:19,14107.6,0
2021-05-12 09:45:20,14107.35,0
2021-05-12 09:45:21,14106.95,0
2021-05-12 09:45:22,14107.75,0
2021-05-12 09:45:23,14109.65,0
2021-05-12 09:45:24,14103.9,0
2021-05-12 09:45:25,14104.7,0
2021-05-12 09:45:27,14104.45,0
2021-05-12 09:45:28,14105.6,0
2021-05-12 09:45:29,14105.9,0
2021-05-12 09:45:30,14106.9,0
2021-05-12 09:45:32,14107.25,0
2021-05-12 09:45:34,14110.35,0
2021-05-12 09:45:35,14110.15,0
2021-05-12 09:45:36,14108.7,0
2021-05-12 09:45:37,14106.6,0
2021-05-12 09:45:38,14108.3,0
2021-05-12 09:45:39,14106.85,0
2021-05-12 09:45:40,14106.15,0
2021-05-12 09:45:41,14105.15,0
2021-05-12 09:45:42,14104.55,0
2021-05-12 09:45:43,14105.5,0
2021-05-12 09:45:44,14102.55,0
2021-05-12 09:45:45,14104.3,0
2021-05-12 09:45:47,14104.75,0
2021-05-12 09:45:48,14108.05,0
2021-05-12 09:45:49,14108.15,0
2021-05-12 09:45:50,14108.6,0
2021-05-12 09:45:51,14108.6,0
2021-05-12 09:45:52,14108.2,0
2021-05-12 09:45:53,14109.1,0
2021-05-12 09:45:54,14109.7,0
2021-05-12 09:45:55,14107.0,0
2021-05-12 09:45:56,14107.35,0
2021-05-12 09:45:57,14108.45,0
2021-05-12 09:45:58,14109.1,0
2021-05-12 09:45:59,14109.65,0
2021-05-12 09:46:00,14109.0,0
2021-05-12 09:46:01,14108.85,0
2021-05-12 09:46:02,14109.3,0
2021-05-12 09:46:03,14108.15,0
2021-05-12 09:46:04,14108.5,0
2021-05-12 09:46:05,14109.4,0
2021-05-12 09:46:06,14109.45,0
2021-05-12 09:46:09,14112.0,0
2021-05-12 09:46:10,14111.7,0
2021-05-12 09:46:11,14111.55,0
2021-05-12 09:46:12,14112.05,0
2021-05-12 09:46:13,14111.4,0
2021-05-12 09:46:15,14110.0,0
2021-05-12 09:46:16,14113.0,0
2021-05-12 09:46:17,14112.35,0
2021-05-12 09:46:18,14112.55,0
2021-05-12 09:46:19,14113.75,0
2021-05-12 09:46:20,14114.25,0
2021-05-12 09:46:21,14116.45,0
2021-05-12 09:46:22,14115.6,0
2021-05-12 09:46:23,14115.9,0
2021-05-12 09:46:24,14116.75,0
2021-05-12 09:46:26,14115.1,0
2021-05-12 09:46:27,14118.0,0
2021-05-12 09:46:28,14119.05,0
2021-05-12 09:46:29,14119.4,0
2021-05-12 09:46:30,14119.0,0
2021-05-12 09:46:31,14118.45,0
2021-05-12 09:46:32,14116.6,0
2021-05-12 09:46:33,14116.45,0
2021-05-12 09:46:35,14116.9,0
2021-05-12 09:46:36,14118.7,0
2021-05-12 09:46:37,14102.7,0
2021-05-12 09:46:38,14104.3,0
2021-05-12 09:46:39,14106.3,0
2021-05-12 09:46:40,14108.45,0
2021-05-12 09:46:41,14113.6,0
2021-05-12 09:46:42,14118.15,0
2021-05-12 09:46:43,14116.2,0
2021-05-12 09:46:44,14117.2,0
2021-05-12 09:46:45,14116.6,0
2021-05-12 09:46:46,14115.25,0
2021-05-12 09:46:47,14115.8,0
2021-05-12 09:46:48,14113.35,0
2021-05-12 09:46:49,14111.5,0
2021-05-12 09:46:50,14111.15,0
2021-05-12 09:46:51,14114.2,0
2021-05-12 09:46:52,14114.7,0
2021-05-12 09:46:53,14115.45,0
2021-05-12 09:46:54,14115.95,0
2021-05-12 09:46:55,14116.75,0
2021-05-12 09:46:57,14115.25,0
2021-05-12 09:46:59,14116.45,0
2021-05-12 09:47:00,14116.65,0
2021-05-12 09:47:01,14116.75,0
2021-05-12 09:47:02,14119.05,0
2021-05-12 09:47:03,14119.55,0
2021-05-12 09:47:04,14120.3,0
2021-05-12 09:47:05,14121.35,0
2021-05-12 09:47:06,14121.5,0
2021-05-12 09:47:07,14120.25,0
2021-05-12 09:47:08,14122.75,0
2021-05-12 09:47:09,14124.95,0
2021-05-12 09:47:10,14126.9,0
2021-05-12 09:47:11,14125.45,0
2021-05-12 09:47:13,14127.65,0
2021-05-12 09:47:14,14128.35,0
2021-05-12 09:47:15,14130.55,0
2021-05-12 09:47:16,14130.15,0
2021-05-12 09:47:19,14129.0,0
2021-05-12 09:47:20,14130.1,0
2021-05-12 09:47:21,14124.2,0
2021-05-12 09:47:22,14124.3,0
2021-05-12 09:47:23,14124.6,0
2021-05-12 09:47:24,14122.9,0
2021-05-12 09:47:25,14124.05,0
2021-05-12 09:47:26,14122.5,0
2021-05-12 09:47:27,14123.9,0
2021-05-12 09:47:28,14124.8,0
2021-05-12 09:47:29,14125.6,0
2021-05-12 09:47:30,14122.0,0
2021-05-12 09:47:31,14124.2,0
2021-05-12 09:47:33,14121.65,0
2021-05-12 09:47:34,14120.95,0
2021-05-12 09:47:36,14123.6,0
2021-05-12 09:47:37,14122.8,0
2021-05-12 09:47:38,14124.5,0
2021-05-12 09:47:39,14123.8,0
2021-05-12 09:47:40,14122.75,0
2021-05-12 09:47:41,14122.7,0
2021-05-12 09:47:43,14121.5,0
2021-05-12 09:47:44,14120.8,0
2021-05-12 09:47:45,14122.35,0
2021-05-12 09:47:46,14122.1,0
2021-05-12 09:47:47,14118.7,0
2021-05-12 09:47:48,14117.7,0
2021-05-12 09:47:49,14117.95,0
2021-05-12 09:47:50,14119.1,0
2021-05-12 09:47:53,14116.75,0
2021-05-12 09:47:55,14115.7,0
2021-05-12 09:47:56,14114.3,0
2021-05-12 09:47:57,14115.65,0
2021-05-12 09:47:58,14114.1,0
2021-05-12 09:47:59,14115.3,0
2021-05-12 09:48:00,14116.0,0
2021-05-12 09:48:01,14115.4,0
2021-05-12 09:48:02,14116.25,0
2021-05-12 09:48:03,14115.4,0
2021-05-12 09:48:05,14116.3,0
2021-05-12 09:48:06,14117.95,0
2021-05-12 09:48:07,14118.25,0
2021-05-12 09:48:08,14117.8,0
2021-05-12 09:48:09,14119.4,0
2021-05-12 09:48:10,14119.2,0
2021-05-12 09:48:11,14117.95,0
2021-05-12 09:48:12,14119.95,0
2021-05-12 09:48:13,14118.6,0
2021-05-12 09:48:14,14117.95,0
2021-05-12 09:48:15,14118.75,0
2021-05-12 09:48:16,14118.3,0
2021-05-12 09:48:17,14118.3,0
2021-05-12 09:48:18,14119.2,0
2021-05-12 09:48:19,14119.05,0
2021-05-12 09:48:20,14119.25,0
2021-05-12 09:48:21,14119.1,0
2021-05-12 09:48:22,14118.1,0
2021-05-12 09:48:23,14117.55,0
2021-05-12 09:48:24,14118.3,0
2021-05-12 09:48:25,14116.45,0
2021-05-12 09:48:26,14118.25,0
2021-05-12 09:48:27,14116.55,0
2021-05-12 09:48:29,14117.45,0
2021-05-12 09:48:30,14116.65,0
2021-05-12 09:48:31,14116.6,0
2021-05-12 09:48:33,14117.2,0
2021-05-12 09:48:34,14116.3,0
2021-05-12 09:48:35,14115.15,0
2021-05-12 09:48:37,14113.85,0
2021-05-12 09:48:38,14114.2,0
2021-05-12 09:48:39,14115.6,0
2021-05-12 09:48:40,14114.7,0
2021-05-12 09:48:41,14112.4,0
2021-05-12 09:48:42,14111.9,0
2021-05-12 09:48:47,14106.6,0
2021-05-12 09:48:49,14106.7,0
2021-05-12 09:48:50,14107.0,0
2021-05-12 09:48:51,14108.95,0
2021-05-12 09:48:52,14110.6,0
2021-05-12 09:48:53,14110.9,0
2021-05-12 09:48:54,14109.75,0
2021-05-12 09:48:55,14109.35,0
2021-05-12 09:48:56,14110.0,0
2021-05-12 09:48:57,14108.9,0
2021-05-12 09:48:58,14111.45,0
2021-05-12 09:48:59,14111.75,0
2021-05-12 09:49:00,14111.1,0
2021-05-12 09:49:01,14109.7,0
2021-05-12 09:49:02,14108.4,0
2021-05-12 09:49:03,14109.0,0
2021-05-12 09:49:04,14109.85,0
2021-05-12 09:49:05,14110.65,0
2021-05-12 09:49:06,14110.55,0
2021-05-12 09:49:07,14110.2,0
2021-05-12 09:49:08,14111.35,0
2021-05-12 09:49:10,14111.2,0
2021-05-12 09:49:11,14112.3,0
2021-05-12 09:49:12,14112.7,0
2021-05-12 09:49:13,14111.5,0
2021-05-12 09:49:14,14110.0,0
2021-05-12 09:49:15,14110.75,0
2021-05-12 09:49:16,14111.0,0
2021-05-12 09:49:17,14112.55,0
2021-05-12 09:49:18,14112.45,0
2021-05-12 09:49:19,14113.2,0
2021-05-12 09:49:20,14111.85,0
2021-05-12 09:49:22,14111.95,0
2021-05-12 09:49:23,14113.1,0
2021-05-12 09:49:26,14110.9,0
2021-05-12 09:49:27,14111.25,0
2021-05-12 09:49:28,14109.8,0
2021-05-12 09:49:29,14111.45,0
2021-05-12 09:49:32,14109.05,0
2021-05-12 09:49:34,14115.3,0
2021-05-12 09:49:35,14111.35,0
2021-05-12 09:49:36,14113.8,0
2021-05-12 09:49:37,14112.8,0
2021-05-12 09:49:38,14114.55,0
2021-05-12 09:49:39,14114.85,0
2021-05-12 09:49:40,14113.95,0
2021-05-12 09:49:41,14115.45,0
2021-05-12 09:49:42,14114.85,0
2021-05-12 09:49:44,14114.05,0
2021-05-12 09:49:45,14114.7,0
2021-05-12 09:49:46,14115.45,0
2021-05-12 09:49:47,14116.45,0
2021-05-12 09:49:48,14113.4,0
2021-05-12 09:49:49,14113.55,0
2021-05-12 09:49:50,14114.7,0
2021-05-12 09:49:51,14113.55,0
2021-05-12 09:49:52,14112.8,0
2021-05-12 09:49:53,14114.3,0
2021-05-12 09:49:55,14114.6,0
2021-05-12 09:49:56,14113.25,0
2021-05-12 09:49:57,14115.95,0
2021-05-12 09:49:58,14116.6,0
2021-05-12 09:49:59,14114.35,0
2021-05-12 09:50:00,14114.9,0
2021-05-12 09:50:01,14115.55,0
2021-05-12 09:50:03,14116.2,0
2021-05-12 09:50:05,14117.5,0
2021-05-12 09:50:06,14117.6,0
2021-05-12 09:50:07,14117.65,0
2021-05-12 09:50:08,14115.95,0
2021-05-12 09:50:10,14117.85,0
2021-05-12 09:50:11,14115.85,0
2021-05-12 09:50:12,14118.55,0
2021-05-12 09:50:13,14118.25,0
2021-05-12 09:50:14,14117.9,0
2021-05-12 09:50:15,14118.4,0
2021-05-12 09:50:16,14126.25,0
2021-05-12 09:50:17,14128.45,0
2021-05-12 09:50:19,14134.45,0
2021-05-12 09:50:20,14135.05,0
2021-05-12 09:50:22,14136.95,0
2021-05-12 09:50:23,14137.4,0
2021-05-12 09:50:24,14136.0,0
2021-05-12 09:50:25,14137.0,0
2021-05-12 09:50:26,14136.05,0
2021-05-12 09:50:28,14134.5,0
2021-05-12 09:50:29,14134.35,0
2021-05-12 09:50:30,14133.05,0
2021-05-12 09:50:31,14126.3,0
2021-05-12 09:50:33,14125.0,0
2021-05-12 09:50:34,14123.8,0
2021-05-12 09:50:35,14123.5,0
2021-05-12 09:50:37,14124.0,0
2021-05-12 09:50:38,14126.1,0
2021-05-12 09:50:39,14126.35,0
2021-05-12 09:50:40,14127.85,0
2021-05-12 09:50:41,14130.6,0
2021-05-12 09:50:42,14131.4,0
2021-05-12 09:50:43,14130.15,0
2021-05-12 09:50:44,14133.55,0
2021-05-12 09:50:45,14134.7,0
2021-05-12 09:50:46,14132.9,0
2021-05-12 09:50:47,14134.2,0
2021-05-12 09:50:48,14138.55,0
2021-05-12 09:50:50,14137.2,0
2021-05-12 09:50:52,14141.7,0
2021-05-12 09:50:53,14139.45,0
2021-05-12 09:50:54,14139.85,0
2021-05-12 09:50:56,14141.45,0
2021-05-12 09:50:57,14139.95,0
2021-05-12 09:50:58,14140.05,0
2021-05-12 09:50:59,14141.9,0
2021-05-12 09:51:00,14140.8,0
2021-05-12 09:51:01,14140.4,0
2021-05-12 09:51:02,14138.35,0
2021-05-12 09:51:03,14138.85,0
2021-05-12 09:51:04,14137.0,0
2021-05-12 09:51:05,14139.9,0
2021-05-12 09:51:06,14138.05,0
2021-05-12 09:51:07,14138.6,0
2021-05-12 09:51:08,14139.55,0
2021-05-12 09:51:09,14140.05,0
2021-05-12 09:51:10,14139.9,0
2021-05-12 09:51:11,14139.35,0
2021-05-12 09:51:12,14140.75,0
2021-05-12 09:51:13,14137.8,0
2021-05-12 09:51:14,14138.1,0
2021-05-12 09:51:15,14136.4,0
2021-05-12 09:51:16,14136.85,0
2021-05-12 09:51:17,14135.0,0
2021-05-12 09:51:18,14128.3,0
2021-05-12 09:51:20,14128.8,0
2021-05-12 09:51:21,14130.6,0
2021-05-12 09:51:22,14127.75,0
2021-05-12 09:51:23,14130.65,0
2021-05-12 09:51:24,14131.0,0
2021-05-12 09:51:25,14131.35,0
2021-05-12 09:51:27,14129.9,0
2021-05-12 09:51:28,14130.85,0
2021-05-12 09:51:29,14131.75,0
2021-05-12 09:51:30,14134.4,0
2021-05-12 09:51:31,14132.1,0
2021-05-12 09:51:32,14132.5,0
2021-05-12 09:51:33,14132.9,0
2021-05-12 09:51:35,14131.15,0
2021-05-12 09:51:36,14130.3,0
2021-05-12 09:51:37,14131.2,0
2021-05-12 09:51:39,14126.75,0
2021-05-12 09:51:40,14127.65,0
2021-05-12 09:51:41,14128.15,0
2021-05-12 09:51:42,14130.2,0
2021-05-12 09:51:43,14130.25,0
2021-05-12 09:51:44,14130.65,0
2021-05-12 09:51:45,14130.75,0
2021-05-12 09:51:46,14131.05,0
2021-05-12 09:51:47,14130.45,0
2021-05-12 09:51:49,14131.65,0
2021-05-12 09:51:53,14131.05,0
2021-05-12 09:51:54,14132.15,0
2021-05-12 09:51:55,14132.5,0
2021-05-12 09:51:56,14131.4,0
2021-05-12 09:51:57,14131.1,0
2021-05-12 09:51:58,14133.65,0
2021-05-12 09:51:59,14133.7,0
2021-05-12 09:52:00,14132.05,0
2021-05-12 09:52:01,14134.7,0
2021-05-12 09:52:02,14133.95,0
2021-05-12 09:52:03,14133.75,0
2021-05-12 09:52:04,14132.45,0
2021-05-12 09:52:06,14133.95,0
2021-05-12 09:52:08,14133.05,0
2021-05-12 09:52:09,14134.4,0
2021-05-12 09:52:10,14130.45,0
2021-05-12 09:52:11,14133.6,0
2021-05-12 09:52:12,14133.45,0
2021-05-12 09:52:13,14130.6,0
2021-05-12 09:52:14,14130.95,0
2021-05-12 09:52:15,14130.65,0
2021-05-12 09:52:16,14131.5,0
2021-05-12 09:52:17,14131.7,0
2021-05-12 09:52:18,14127.35,0
2021-05-12 09:52:19,14125.65,0
2021-05-12 09:52:21,14126.2,0
2021-05-12 09:52:22,14126.55,0
2021-05-12 09:52:24,14127.1,0
2021-05-12 09:52:26,14126.0,0
2021-05-12 09:52:28,14128.15,0
2021-05-12 09:52:29,14129.0,0
2021-05-12 09:52:30,14126.2,0
2021-05-12 09:52:31,14127.75,0
2021-05-12 09:52:32,14130.0,0
2021-05-12 09:52:33,14129.75,0
2021-05-12 09:52:34,14130.0,0
2021-05-12 09:52:36,14130.6,0
2021-05-12 09:52:37,14130.65,0
2021-05-12 09:52:38,14131.85,0
2021-05-12 09:52:39,14132.0,0
2021-05-12 09:52:40,14131.75,0
2021-05-12 09:52:41,14131.7,0
2021-05-12 09:52:42,14132.3,0
2021-05-12 09:52:43,14131.75,0
2021-05-12 09:52:44,14130.7,0
2021-05-12 09:52:45,14130.1,0
2021-05-12 09:52:46,14131.9,0
2021-05-12 09:52:47,14128.25,0
2021-05-12 09:52:48,14130.05,0
2021-05-12 09:52:49,14134.1,0
2021-05-12 09:52:50,14132.25,0
2021-05-12 09:52:51,14132.95,0
2021-05-12 09:52:53,14130.55,0
2021-05-12 09:52:54,14131.55,0
2021-05-12 09:52:55,14130.55,0
2021-05-12 09:52:56,14130.65,0
2021-05-12 09:52:58,14130.4,0
2021-05-12 09:53:00,14130.15,0
2021-05-12 09:53:01,14132.3,0
2021-05-12 09:53:02,14132.7,0
2021-05-12 09:53:03,14130.9,0
2021-05-12 09:53:04,14132.0,0
2021-05-12 09:53:05,14132.0,0
2021-05-12 09:53:06,14131.15,0
2021-05-12 09:53:08,14131.65,0
2021-05-12 09:53:09,14128.25,0
2021-05-12 09:53:11,14129.2,0
2021-05-12 09:53:12,14129.45,0
2021-05-12 09:53:13,14130.4,0
2021-05-12 09:53:14,14128.25,0
2021-05-12 09:53:15,14129.1,0
2021-05-12 09:53:17,14130.25,0
2021-05-12 09:53:18,14129.7,0
2021-05-12 09:53:19,14129.3,0
2021-05-12 09:53:20,14130.05,0
2021-05-12 09:53:21,14130.55,0
2021-05-12 09:53:22,14130.1,0
2021-05-12 09:53:23,14131.65,0
2021-05-12 09:53:24,14131.1,0
2021-05-12 09:53:25,14129.75,0
2021-05-12 09:53:26,14131.25,0
2021-05-12 09:53:27,14131.65,0
2021-05-12 09:53:28,14130.15,0
2021-05-12 09:53:29,14130.45,0
2021-05-12 09:53:30,14131.85,0
2021-05-12 09:53:31,14131.25,0
2021-05-12 09:53:32,14130.95,0
2021-05-12 09:53:33,14132.25,0
2021-05-12 09:53:34,14136.3,0
2021-05-12 09:53:35,14137.75,0
2021-05-12 09:53:36,14137.85,0
2021-05-12 09:53:37,14138.65,0
2021-05-12 09:53:39,14139.35,0
2021-05-12 09:53:40,14140.05,0
2021-05-12 09:53:41,14139.0,0
2021-05-12 09:53:43,14136.8,0
2021-05-12 09:53:44,14136.7,0
2021-05-12 09:53:45,14138.55,0
2021-05-12 09:53:46,14139.95,0
2021-05-12 09:53:48,14139.3,0
2021-05-12 09:53:49,14139.6,0
2021-05-12 09:53:50,14140.4,0
2021-05-12 09:53:51,14140.85,0
2021-05-12 09:53:52,14140.7,0
2021-05-12 09:53:53,14139.6,0
2021-05-12 09:53:54,14141.7,0
2021-05-12 09:53:55,14142.4,0
2021-05-12 09:53:56,14144.15,0
2021-05-12 09:53:57,14141.25,0
2021-05-12 09:53:58,14141.25,0
2021-05-12 09:53:59,14143.25,0
2021-05-12 09:54:00,14145.2,0
2021-05-12 09:54:02,14144.1,0
2021-05-12 09:54:03,14143.85,0
2021-05-12 09:54:04,14144.55,0
2021-05-12 09:54:05,14143.4,0
2021-05-12 09:54:06,14143.0,0
2021-05-12 09:54:07,14145.15,0
2021-05-12 09:54:08,14143.7,0
2021-05-12 09:54:09,14143.65,0
2021-05-12 09:54:10,14143.25,0
2021-05-12 09:54:11,14142.6,0
2021-05-12 09:54:12,14144.45,0
2021-05-12 09:54:13,14143.5,0
2021-05-12 09:54:14,14144.3,0
2021-05-12 09:54:15,14144.9,0
2021-05-12 09:54:17,14144.65,0
2021-05-12 09:54:18,14142.2,0
2021-05-12 09:54:19,14144.1,0
2021-05-12 09:54:20,14143.0,0
2021-05-12 09:54:21,14144.0,0
2021-05-12 09:54:22,14142.75,0
2021-05-12 09:54:23,14143.6,0
2021-05-12 09:54:24,14142.8,0
2021-05-12 09:54:25,14142.4,0
2021-05-12 09:54:26,14141.4,0
2021-05-12 09:54:27,14143.75,0
2021-05-12 09:54:28,14142.65,0
2021-05-12 09:54:30,14142.5,0
2021-05-12 09:54:31,14141.6,0
2021-05-12 09:54:32,14140.65,0
2021-05-12 09:54:33,14140.65,0
2021-05-12 09:54:34,14141.65,0
2021-05-12 09:54:37,14142.3,0
2021-05-12 09:54:38,14141.1,0
2021-05-12 09:54:39,14140.45,0
2021-05-12 09:54:40,14141.1,0
2021-05-12 09:54:41,14140.3,0
2021-05-12 09:54:43,14139.8,0
2021-05-12 09:54:45,14139.05,0
2021-05-12 09:54:46,14138.9,0
2021-05-12 09:54:48,14139.7,0
2021-05-12 09:54:49,14140.35,0
2021-05-12 09:54:50,14134.05,0
2021-05-12 09:54:51,14135.15,0
2021-05-12 09:54:52,14137.25,0
2021-05-12 09:54:53,14139.05,0
2021-05-12 09:54:54,14138.15,0
2021-05-12 09:54:55,14138.4,0
2021-05-12 09:54:56,14139.35,0
2021-05-12 09:54:57,14142.25,0
2021-05-12 09:54:58,14143.25,0
2021-05-12 09:54:59,14144.85,0
2021-05-12 09:55:00,14146.25,0
2021-05-12 09:55:01,14142.55,0
2021-05-12 09:55:02,14144.05,0
2021-05-12 09:55:03,14144.9,0
2021-05-12 09:55:04,14143.05,0
2021-05-12 09:55:05,14144.2,0
2021-05-12 09:55:06,14145.15,0
2021-05-12 09:55:07,14149.2,0
2021-05-12 09:55:08,14150.55,0
2021-05-12 09:55:09,14152.65,0
2021-05-12 09:55:10,14155.25,0
2021-05-12 09:55:11,14153.25,0
2021-05-12 09:55:12,14151.95,0
2021-05-12 09:55:13,14152.6,0
2021-05-12 09:55:14,14156.7,0
2021-05-12 09:55:16,14154.65,0
2021-05-12 09:55:17,14156.35,0
2021-05-12 09:55:18,14155.25,0
2021-05-12 09:55:19,14153.6,0
2021-05-12 09:55:20,14153.75,0
2021-05-12 09:55:21,14155.05,0
2021-05-12 09:55:22,14154.75,0
2021-05-12 09:55:23,14157.0,0
2021-05-12 09:55:26,14162.6,0
2021-05-12 09:55:27,14163.25,0
2021-05-12 09:55:28,14161.7,0
2021-05-12 09:55:29,14162.7,0
2021-05-12 09:55:31,14164.15,0
2021-05-12 09:55:33,14164.75,0
2021-05-12 09:55:34,14159.2,0
2021-05-12 09:55:35,14152.75,0
2021-05-12 09:55:36,14151.65,0
2021-05-12 09:55:37,14151.75,0
2021-05-12 09:55:38,14154.15,0
2021-05-12 09:55:39,14153.85,0
2021-05-12 09:55:40,14154.35,0
2021-05-12 09:55:41,14154.45,0
2021-05-12 09:55:42,14148.25,0
2021-05-12 09:55:43,14151.25,0
2021-05-12 09:55:44,14143.05,0
2021-05-12 09:55:45,14145.2,0
2021-05-12 09:55:46,14145.55,0
2021-05-12 09:55:47,14145.9,0
2021-05-12 09:55:48,14146.2,0
2021-05-12 09:55:49,14146.4,0
2021-05-12 09:55:50,14144.55,0
2021-05-12 09:55:51,14148.45,0
2021-05-12 09:55:52,14151.45,0
2021-05-12 09:55:53,14149.8,0
2021-05-12 09:55:54,14148.8,0
2021-05-12 09:55:55,14150.6,0
2021-05-12 09:55:57,14151.05,0
2021-05-12 09:55:58,14147.85,0
2021-05-12 09:55:59,14148.05,0
2021-05-12 09:56:00,14151.0,0
2021-05-12 09:56:01,14150.0,0
2021-05-12 09:56:02,14150.35,0
2021-05-12 09:56:03,14146.6,0
2021-05-12 09:56:04,14147.9,0
2021-05-12 09:56:06,14149.35,0
2021-05-12 09:56:08,14148.05,0
2021-05-12 09:56:10,14149.0,0
2021-05-12 09:56:11,14147.0,0
2021-05-12 09:56:12,14147.5,0
2021-05-12 09:56:13,14147.7,0
2021-05-12 09:56:14,14147.2,0
2021-05-12 09:56:15,14148.2,0
2021-05-12 09:56:16,14148.9,0
2021-05-12 09:56:17,14147.35,0
2021-05-12 09:56:18,14148.05,0
2021-05-12 09:56:22,14149.95,0
2021-05-12 09:56:25,14147.5,0
2021-05-12 09:56:26,14146.3,0
2021-05-12 09:56:27,14146.6,0
2021-05-12 09:56:29,14146.05,0
2021-05-12 09:56:30,14147.55,0
2021-05-12 09:56:31,14147.45,0
2021-05-12 09:56:32,14148.5,0
2021-05-12 09:56:33,14147.95,0
2021-05-12 09:56:34,14148.0,0
2021-05-12 09:56:35,14147.95,0
2021-05-12 09:56:37,14149.05,0
2021-05-12 09:56:38,14148.45,0
2021-05-12 09:56:39,14148.75,0
2021-05-12 09:56:40,14149.2,0
2021-05-12 09:56:41,14148.1,0
2021-05-12 09:56:42,14147.65,0
2021-05-12 09:56:43,14148.1,0
2021-05-12 09:56:44,14147.45,0
2021-05-12 09:56:45,14146.95,0
2021-05-12 09:56:47,14145.7,0
2021-05-12 09:56:48,14146.9,0
2021-05-12 09:56:49,14146.65,0
2021-05-12 09:56:50,14146.35,0
2021-05-12 09:56:51,14143.35,0
2021-05-12 09:56:53,14146.55,0
2021-05-12 09:56:54,14147.05,0
2021-05-12 09:56:55,14146.6,0
2021-05-12 09:56:56,14142.95,0
2021-05-12 09:56:57,14146.25,0
2021-05-12 09:56:58,14146.25,0
2021-05-12 09:56:59,14145.65,0
2021-05-12 09:57:00,14143.6,0
2021-05-12 09:57:01,14146.7,0
2021-05-12 09:57:02,14141.2,0
2021-05-12 09:57:03,14143.55,0
2021-05-12 09:57:04,14140.35,0
2021-05-12 09:57:05,14142.05,0
2021-05-12 09:57:06,14137.4,0
2021-05-12 09:57:07,14136.55,0
2021-05-12 09:57:08,14126.8,0
2021-05-12 09:57:10,14124.7,0
2021-05-12 09:57:11,14128.55,0
2021-05-12 09:57:12,14126.25,0
2021-05-12 09:57:13,14128.7,0
2021-05-12 09:57:14,14126.6,0
2021-05-12 09:57:15,14126.45,0
2021-05-12 09:57:16,14127.95,0
2021-05-12 09:57:17,14124.75,0
2021-05-12 09:57:18,14123.5,0
2021-05-12 09:57:21,14130.5,0
2021-05-12 09:57:22,14133.5,0
2021-05-12 09:57:23,14131.7,0
2021-05-12 09:57:25,14131.5,0
2021-05-12 09:57:26,14130.05,0
2021-05-12 09:57:27,14131.45,0
2021-05-12 09:57:28,14129.75,0
2021-05-12 09:57:30,14130.25,0
2021-05-12 09:57:31,14129.2,0
2021-05-12 09:57:32,14131.2,0
2021-05-12 09:57:33,14132.1,0
2021-05-12 09:57:34,14129.65,0
2021-05-12 09:57:35,14129.65,0
2021-05-12 09:57:36,14131.8,0
2021-05-12 09:57:37,14132.6,0
2021-05-12 09:57:38,14133.85,0
2021-05-12 09:57:39,14132.3,0
2021-05-12 09:57:40,14130.35,0
2021-05-12 09:57:41,14131.65,0
2021-05-12 09:57:42,14129.5,0
2021-05-12 09:57:43,14133.4,0
2021-05-12 09:57:44,14131.45,0
2021-05-12 09:57:45,14130.9,0
2021-05-12 09:57:46,14129.55,0
2021-05-12 09:57:48,14130.8,0
2021-05-12 09:57:50,14129.65,0
2021-05-12 09:57:51,14132.1,0
2021-05-12 09:57:52,14130.4,0
2021-05-12 09:57:53,14130.95,0
2021-05-12 09:57:54,14131.85,0
2021-05-12 09:57:56,14132.4,0
2021-05-12 09:57:57,14131.65,0
2021-05-12 09:57:58,14131.25,0
2021-05-12 09:57:59,14134.7,0
2021-05-12 09:58:00,14134.1,0
2021-05-12 09:58:01,14133.9,0
2021-05-12 09:58:02,14136.05,0
2021-05-12 09:58:03,14134.6,0
2021-05-12 09:58:05,14135.4,0
2021-05-12 09:58:06,14133.75,0
2021-05-12 09:58:07,14135.4,0
2021-05-12 09:58:08,14135.45,0
2021-05-12 09:58:09,14134.8,0
2021-05-12 09:58:10,14136.4,0
2021-05-12 09:58:11,14135.6,0
2021-05-12 09:58:12,14135.0,0
2021-05-12 09:58:13,14134.6,0
2021-05-12 09:58:14,14135.65,0
2021-05-12 09:58:15,14135.35,0
2021-05-12 09:58:16,14134.55,0
2021-05-12 09:58:17,14134.85,0
2021-05-12 09:58:19,14134.85,0
2021-05-12 09:58:20,14134.55,0
2021-05-12 09:58:21,14134.25,0
2021-05-12 09:58:22,14133.3,0
2021-05-12 09:58:23,14133.0,0
2021-05-12 09:58:24,14133.8,0
2021-05-12 09:58:25,14133.3,0
2021-05-12 09:58:26,14132.55,0
2021-05-12 09:58:27,14132.15,0
2021-05-12 09:58:29,14131.5,0
2021-05-12 09:58:30,14131.4,0
2021-05-12 09:58:32,14133.75,0
2021-05-12 09:58:33,14132.5,0
2021-05-12 09:58:34,14133.1,0
2021-05-12 09:58:35,14132.35,0
2021-05-12 09:58:37,14129.3,0
2021-05-12 09:58:38,14130.05,0
2021-05-12 09:58:39,14135.45,0
2021-05-12 09:58:40,14134.75,0
2021-05-12 09:58:41,14134.25,0
2021-05-12 09:58:42,14134.9,0
2021-05-12 09:58:43,14137.2,0
2021-05-12 09:58:45,14138.4,0
2021-05-12 09:58:47,14147.2,0
2021-05-12 09:58:49,14144.9,0
2021-05-12 09:58:50,14143.95,0
2021-05-12 09:58:51,14141.35,0
2021-05-12 09:58:52,14140.35,0
2021-05-12 09:58:55,14139.3,0
2021-05-12 09:58:56,14138.85,0
2021-05-12 09:58:57,14138.75,0
2021-05-12 09:58:58,14139.25,0
2021-05-12 09:58:59,14141.85,0
2021-05-12 09:59:00,14141.75,0
2021-05-12 09:59:01,14142.65,0
2021-05-12 09:59:03,14142.7,0
2021-05-12 09:59:04,14142.05,0
2021-05-12 09:59:05,14141.8,0
2021-05-12 09:59:06,14141.2,0
2021-05-12 09:59:07,14141.75,0
2021-05-12 09:59:08,14142.0,0
2021-05-12 09:59:09,14141.4,0
2021-05-12 09:59:10,14143.55,0
2021-05-12 09:59:11,14141.9,0
2021-05-12 09:59:12,14143.0,0
2021-05-12 09:59:13,14144.2,0
2021-05-12 09:59:14,14142.5,0
2021-05-12 09:59:15,14143.15,0
2021-05-12 09:59:16,14145.35,0
2021-05-12 09:59:17,14144.9,0
2021-05-12 09:59:18,14146.0,0
2021-05-12 09:59:19,14145.9,0
2021-05-12 09:59:20,14145.15,0
2021-05-12 09:59:22,14147.1,0
2021-05-12 09:59:25,14148.7,0
2021-05-12 09:59:26,14150.55,0
2021-05-12 09:59:27,14148.55,0
2021-05-12 09:59:28,14148.2,0
2021-05-12 09:59:30,14150.05,0
2021-05-12 09:59:31,14153.65,0
2021-05-12 09:59:32,14152.75,0
2021-05-12 09:59:33,14153.45,0
2021-05-12 09:59:34,14151.25,0
2021-05-12 09:59:35,14152.45,0
2021-05-12 09:59:36,14149.95,0
2021-05-12 09:59:37,14152.45,0
2021-05-12 09:59:38,14153.0,0
2021-05-12 09:59:39,14148.85,0
2021-05-12 09:59:40,14152.3,0
2021-05-12 09:59:42,14151.05,0
2021-05-12 09:59:43,14151.7,0
2021-05-12 09:59:44,14150.15,0
2021-05-12 09:59:45,14150.9,0
2021-05-12 09:59:46,14151.7,0
2021-05-12 09:59:47,14150.85,0
2021-05-12 09:59:49,14149.75,0
2021-05-12 09:59:50,14150.85,0
2021-05-12 09:59:51,14147.4,0
2021-05-12 09:59:52,14149.9,0
2021-05-12 09:59:54,14148.55,0
2021-05-12 09:59:53,14149.45,0
2021-05-12 09:59:55,14144.95,0
2021-05-12 09:59:56,14144.45,0
2021-05-12 09:59:57,14143.35,0
2021-05-12 09:59:58,14144.65,0
2021-05-12 09:59:59,14146.7,0
2021-05-12 10:00:00,14147.1,0
2021-05-12 10:00:01,14146.85,0
2021-05-12 10:00:02,14144.45,0
2021-05-12 10:00:03,14145.25,0
2021-05-12 10:00:04,14145.35,0
2021-05-12 10:00:06,14143.05,0
2021-05-12 10:00:07,14142.5,0
2021-05-12 10:00:08,14142.65,0
2021-05-12 10:00:09,14141.1,0
2021-05-12 10:00:10,14140.25,0
2021-05-12 10:00:12,14140.3,0
2021-05-12 10:00:15,14139.5,0
2021-05-12 10:00:16,14142.3,0
2021-05-12 10:00:17,14142.4,0
2021-05-12 10:00:18,14140.2,0
2021-05-12 10:00:19,14138.5,0
2021-05-12 10:00:22,14141.45,0
2021-05-12 10:00:24,14143.3,0
2021-05-12 10:00:26,14142.7,0
2021-05-12 10:00:27,14142.45,0
2021-05-12 10:00:28,14142.3,0
2021-05-12 10:00:35,14147.75,0
2021-05-12 10:00:37,14146.6,0
2021-05-12 10:00:38,14147.35,0
2021-05-12 10:00:39,14148.1,0
2021-05-12 10:00:40,14145.3,0
2021-05-12 10:00:41,14146.1,0
2021-05-12 10:00:42,14145.4,0
2021-05-12 10:00:43,14147.2,0
2021-05-12 10:00:44,14148.35,0
2021-05-12 10:00:45,14145.25,0
2021-05-12 10:00:46,14147.95,0
2021-05-12 10:00:47,14147.75,0
2021-05-12 10:00:50,14145.55,0
2021-05-12 10:00:52,14148.2,0
2021-05-12 10:00:53,14147.8,0
2021-05-12 10:00:54,14148.45,0
2021-05-12 10:00:55,14147.6,0
2021-05-12 10:00:56,14146.5,0
2021-05-12 10:00:57,14147.3,0
2021-05-12 10:00:58,14148.45,0
2021-05-12 10:00:59,14148.6,0
2021-05-12 10:01:00,14150.75,0
2021-05-12 10:01:02,14148.05,0
2021-05-12 10:01:03,14147.0,0
2021-05-12 10:01:04,14147.0,0
2021-05-12 10:01:05,14148.0,0
2021-05-12 10:01:06,14148.45,0
2021-05-12 10:01:07,14148.35,0
2021-05-12 10:01:10,14147.55,0
2021-05-12 10:01:12,14148.75,0
2021-05-12 10:01:13,14148.55,0
2021-05-12 10:01:14,14146.95,0
2021-05-12 10:01:15,14148.45,0
2021-05-12 10:01:16,14147.5,0
2021-05-12 10:01:17,14148.6,0
2021-05-12 10:01:18,14148.0,0
2021-05-12 10:01:20,14149.2,0
2021-05-12 10:01:21,14148.65,0
2021-05-12 10:01:22,14146.5,0
2021-05-12 10:01:23,14148.2,0
2021-05-12 10:01:24,14149.05,0
2021-05-12 10:01:25,14148.75,0
2021-05-12 10:01:26,14150.3,0
2021-05-12 10:01:27,14147.65,0
2021-05-12 10:01:28,14144.5,0
2021-05-12 10:01:29,14144.8,0
2021-05-12 10:01:30,14144.0,0
2021-05-12 10:01:31,14146.9,0
2021-05-12 10:01:34,14145.15,0
2021-05-12 10:01:35,14145.75,0
2021-05-12 10:01:36,14143.4,0
2021-05-12 10:01:37,14143.85,0
2021-05-12 10:01:38,14144.8,0
2021-05-12 10:01:39,14144.05,0
2021-05-12 10:01:40,14143.95,0
2021-05-12 10:01:41,14142.75,0
2021-05-12 10:01:42,14142.75,0
2021-05-12 10:01:43,14142.35,0
2021-05-12 10:01:44,14141.7,0
2021-05-12 10:01:45,14137.5,0
2021-05-12 10:01:48,14140.35,0
2021-05-12 10:01:49,14138.85,0
2021-05-12 10:01:50,14140.05,0
2021-05-12 10:01:51,14136.4,0
2021-05-12 10:01:52,14139.45,0
2021-05-12 10:01:53,14137.5,0
2021-05-12 10:01:54,14135.95,0
2021-05-12 10:01:55,14135.95,0
2021-05-12 10:01:56,14138.2,0
2021-05-12 10:01:57,14140.9,0
2021-05-12 10:01:58,14139.0,0
2021-05-12 10:01:59,14138.85,0
2021-05-12 10:02:00,14135.0,0
2021-05-12 10:02:01,14137.05,0
2021-05-12 10:02:02,14136.35,0
2021-05-12 10:02:03,14136.6,0
2021-05-12 10:02:04,14138.85,0
2021-05-12 10:02:05,14139.55,0
2021-05-12 10:02:06,14134.5,0
2021-05-12 10:02:07,14134.9,0
2021-05-12 10:02:08,14136.55,0
2021-05-12 10:02:09,14135.15,0
2021-05-12 10:02:10,14134.55,0
2021-05-12 10:02:11,14132.7,0
2021-05-12 10:02:12,14133.15,0
2021-05-12 10:02:13,14131.75,0
2021-05-12 10:02:15,14132.0,0
2021-05-12 10:02:16,14131.05,0
2021-05-12 10:02:17,14132.9,0
2021-05-12 10:02:18,14133.25,0
2021-05-12 10:02:20,14131.45,0
2021-05-12 10:02:21,14134.15,0
2021-05-12 10:02:22,14132.35,0
2021-05-12 10:02:23,14126.75,0
2021-05-12 10:02:24,14126.9,0
2021-05-12 10:02:25,14125.95,0
2021-05-12 10:02:30,14127.85,0
2021-05-12 10:02:31,14125.45,0
2021-05-12 10:02:32,14128.35,0
2021-05-12 10:02:33,14126.45,0
2021-05-12 10:02:35,14127.85,0
2021-05-12 10:02:38,14126.9,0
2021-05-12 10:02:39,14125.45,0
2021-05-12 10:02:40,14128.1,0
2021-05-12 10:02:41,14127.05,0
2021-05-12 10:02:42,14127.35,0
2021-05-12 10:02:43,14126.45,0
2021-05-12 10:02:45,14127.4,0
2021-05-12 10:02:46,14126.1,0
2021-05-12 10:02:48,14126.55,0
2021-05-12 10:02:49,14125.15,0
2021-05-12 10:02:50,14126.7,0
2021-05-12 10:02:52,14125.45,0
2021-05-12 10:02:54,14119.8,0
2021-05-12 10:02:56,14118.95,0
2021-05-12 10:02:57,14120.1,0
2021-05-12 10:02:58,14119.45,0
2021-05-12 10:02:59,14121.0,0
2021-05-12 10:03:00,14121.9,0
2021-05-12 10:03:01,14120.85,0
2021-05-12 10:03:02,14119.5,0
2021-05-12 10:03:03,14119.45,0
2021-05-12 10:03:04,14119.55,0
2021-05-12 10:03:05,14120.15,0
2021-05-12 10:03:06,14119.3,0
2021-05-12 10:03:07,14118.15,0
2021-05-12 10:03:08,14118.7,0
2021-05-12 10:03:09,14119.35,0
2021-05-12 10:03:10,14119.2,0
2021-05-12 10:03:12,14118.15,0
2021-05-12 10:03:13,14117.45,0
2021-05-12 10:03:14,14114.95,0
2021-05-12 10:03:15,14115.2,0
2021-05-12 10:03:16,14115.95,0
2021-05-12 10:03:17,14113.2,0
2021-05-12 10:03:18,14115.4,0
2021-05-12 10:03:21,14114.35,0
2021-05-12 10:03:22,14115.6,0
2021-05-12 10:03:23,14114.5,0
2021-05-12 10:03:24,14114.95,0
2021-05-12 10:03:25,14114.85,0
2021-05-12 10:03:26,14116.2,0
2021-05-12 10:03:27,14115.95,0
2021-05-12 10:03:28,14115.25,0
2021-05-12 10:03:29,14114.75,0
2021-05-12 10:03:30,14115.05,0
2021-05-12 10:03:31,14115.75,0
2021-05-12 10:03:32,14116.25,0
2021-05-12 10:03:33,14118.0,0
2021-05-12 10:03:35,14115.4,0
2021-05-12 10:03:36,14115.25,0
2021-05-12 10:03:37,14115.95,0
2021-05-12 10:03:38,14116.35,0
2021-05-12 10:03:39,14115.7,0
2021-05-12 10:03:40,14117.2,0
2021-05-12 10:03:41,14115.95,0
2021-05-12 10:03:42,14115.35,0
2021-05-12 10:03:43,14113.65,0
2021-05-12 10:03:44,14114.8,0
2021-05-12 10:03:46,14114.0,0
2021-05-12 10:03:47,14114.2,0
2021-05-12 10:03:48,14112.7,0
2021-05-12 10:03:49,14111.95,0
2021-05-12 10:03:50,14113.55,0
2021-05-12 10:03:51,14112.8,0
2021-05-12 10:03:52,14111.5,0
2021-05-12 10:03:53,14111.9,0
2021-05-12 10:03:54,14112.8,0
2021-05-12 10:03:55,14113.3,0
2021-05-12 10:03:56,14110.55,0
2021-05-12 10:03:57,14111.25,0
2021-05-12 10:03:59,14111.05,0
2021-05-12 10:04:00,14112.85,0
2021-05-12 10:04:02,14114.1,0
2021-05-12 10:04:03,14113.9,0
2021-05-12 10:04:04,14113.4,0
2021-05-12 10:04:05,14113.7,0
2021-05-12 10:04:07,14113.8,0
2021-05-12 10:04:08,14115.45,0
2021-05-12 10:04:09,14113.95,0
2021-05-12 10:04:10,14114.15,0
2021-05-12 10:04:11,14114.3,0
2021-05-12 10:04:12,14114.95,0
2021-05-12 10:04:13,14114.65,0
2021-05-12 10:04:14,14113.05,0
2021-05-12 10:04:15,14112.95,0
2021-05-12 10:04:16,14114.6,0
2021-05-12 10:04:17,14115.35,0
2021-05-12 10:04:18,14113.85,0
2021-05-12 10:04:19,14113.6,0
2021-05-12 10:04:20,14113.65,0
2021-05-12 10:04:21,14113.95,0
2021-05-12 10:04:22,14113.85,0
2021-05-12 10:04:23,14115.8,0
2021-05-12 10:04:24,14115.1,0
2021-05-12 10:04:25,14115.45,0
2021-05-12 10:04:26,14115.15,0
2021-05-12 10:04:27,14114.6,0
2021-05-12 10:04:28,14115.1,0
2021-05-12 10:04:30,14115.9,0
2021-05-12 10:04:31,14115.2,0
2021-05-12 10:04:32,14116.45,0
2021-05-12 10:04:33,14117.3,0
2021-05-12 10:04:34,14115.7,0
2021-05-12 10:04:35,14115.95,0
2021-05-12 10:04:37,14117.05,0
2021-05-12 10:04:39,14117.5,0
2021-05-12 10:04:40,14117.6,0
2021-05-12 10:04:41,14118.15,0
2021-05-12 10:04:43,14119.65,0
2021-05-12 10:04:45,14121.45,0
2021-05-12 10:04:46,14120.55,0
2021-05-12 10:04:47,14119.65,0
2021-05-12 10:04:48,14119.5,0
2021-05-12 10:04:51,14121.85,0
2021-05-12 10:04:52,14122.45,0
2021-05-12 10:04:53,14123.2,0
2021-05-12 10:04:54,14122.1,0
2021-05-12 10:04:55,14123.5,0
2021-05-12 10:04:56,14132.85,0
2021-05-12 10:04:57,14132.65,0
2021-05-12 10:04:58,14134.95,0
2021-05-12 10:04:59,14136.5,0
2021-05-12 10:05:01,14136.4,0
2021-05-12 10:05:02,14133.75,0
2021-05-12 10:05:03,14133.65,0
2021-05-12 10:05:04,14133.7,0
2021-05-12 10:05:06,14134.65,0
2021-05-12 10:05:07,14135.25,0
2021-05-12 10:05:08,14135.7,0
2021-05-12 10:05:09,14135.5,0
2021-05-12 10:05:10,14135.55,0
2021-05-12 10:05:12,14130.55,0
2021-05-12 10:05:13,14131.3,0
2021-05-12 10:05:14,14130.2,0
2021-05-12 10:05:16,14128.75,0
2021-05-12 10:05:17,14126.1,0
2021-05-12 10:05:18,14125.05,0
2021-05-12 10:05:19,14125.95,0
2021-05-12 10:05:20,14125.15,0
2021-05-12 10:05:21,14124.95,0
2021-05-12 10:05:22,14124.65,0
2021-05-12 10:05:24,14125.3,0
2021-05-12 10:05:25,14126.05,0
2021-05-12 10:05:26,14126.2,0
2021-05-12 10:05:27,14124.15,0
2021-05-12 10:05:28,14126.1,0
2021-05-12 10:05:29,14125.55,0
2021-05-12 10:05:30,14124.45,0
2021-05-12 10:05:31,14125.85,0
2021-05-12 10:05:32,14126.6,0
2021-05-12 10:05:33,14121.2,0
2021-05-12 10:05:34,14119.15,0
2021-05-12 10:05:35,14120.75,0
2021-05-12 10:05:36,14121.6,0
2021-05-12 10:05:38,14120.35,0
2021-05-12 10:05:39,14121.45,0
2021-05-12 10:05:40,14121.65,0
2021-05-12 10:05:41,14121.05,0
2021-05-12 10:05:42,14119.55,0
2021-05-12 10:05:43,14118.85,0
2021-05-12 10:05:44,14119.8,0
2021-05-12 10:05:48,14118.85,0
2021-05-12 10:05:51,14118.5,0
2021-05-12 10:05:52,14117.4,0
2021-05-12 10:05:53,14108.3,0
2021-05-12 10:05:54,14107.9,0
2021-05-12 10:05:55,14109.9,0
2021-05-12 10:05:56,14109.1,0
2021-05-12 10:05:57,14109.5,0
2021-05-12 10:05:58,14106.55,0
2021-05-12 10:05:59,14104.6,0
2021-05-12 10:06:00,14106.4,0
2021-05-12 10:06:01,14107.85,0
2021-05-12 10:06:02,14105.9,0
2021-05-12 10:06:03,14106.35,0
2021-05-12 10:06:05,14104.15,0
2021-05-12 10:06:06,14106.0,0
2021-05-12 10:06:07,14105.7,0
2021-05-12 10:06:08,14108.2,0
2021-05-12 10:06:09,14108.95,0
2021-05-12 10:06:10,14106.75,0
2021-05-12 10:06:11,14109.2,0
2021-05-12 10:06:12,14109.1,0
2021-05-12 10:06:14,14108.95,0
2021-05-12 10:06:15,14108.65,0
2021-05-12 10:06:16,14109.0,0
2021-05-12 10:06:19,14108.8,0
2021-05-12 10:06:20,14110.6,0
2021-05-12 10:06:21,14111.9,0
2021-05-12 10:06:22,14110.65,0
2021-05-12 10:06:23,14110.15,0
2021-05-12 10:06:24,14109.85,0
2021-05-12 10:06:25,14111.25,0
2021-05-12 10:06:26,14111.9,0
2021-05-12 10:06:27,14110.2,0
2021-05-12 10:06:28,14111.9,0
2021-05-12 10:06:29,14109.25,0
2021-05-12 10:06:30,14109.35,0
2021-05-12 10:06:31,14110.35,0
2021-05-12 10:06:32,14111.5,0
2021-05-12 10:06:33,14111.6,0
2021-05-12 10:06:34,14109.95,0
2021-05-12 10:06:35,14107.5,0
2021-05-12 10:06:36,14111.05,0
2021-05-12 10:06:37,14110.35,0
2021-05-12 10:06:40,14111.7,0
2021-05-12 10:06:41,14115.25,0
2021-05-12 10:06:42,14115.75,0
2021-05-12 10:06:43,14114.3,0
2021-05-12 10:06:44,14114.35,0
2021-05-12 10:06:45,14114.2,0
2021-05-12 10:06:48,14116.65,0
2021-05-12 10:06:50,14116.85,0
2021-05-12 10:06:51,14116.5,0
2021-05-12 10:06:52,14118.35,0
2021-05-12 10:06:53,14117.95,0
2021-05-12 10:06:54,14116.3,0
2021-05-12 10:06:55,14117.65,0
2021-05-12 10:06:57,14118.9,0
2021-05-12 10:06:58,14119.05,0
2021-05-12 10:06:59,14121.05,0
2021-05-12 10:07:01,14121.45,0
2021-05-12 10:07:02,14122.8,0
2021-05-12 10:07:03,14121.9,0
2021-05-12 10:07:05,14120.4,0
2021-05-12 10:07:06,14119.8,0
2021-05-12 10:07:07,14117.7,0
2021-05-12 10:07:08,14116.85,0
2021-05-12 10:07:09,14118.1,0
2021-05-12 10:07:10,14118.4,0
2021-05-12 10:07:11,14120.4,0
2021-05-12 10:07:12,14120.65,0
2021-05-12 10:07:13,14120.45,0
2021-05-12 10:07:14,14121.45,0
2021-05-12 10:07:15,14125.0,0
2021-05-12 10:07:16,14125.8,0
2021-05-12 10:07:17,14125.05,0
2021-05-12 10:07:18,14126.05,0
2021-05-12 10:07:19,14123.3,0
2021-05-12 10:07:21,14125.0,0
2021-05-12 10:07:22,14125.3,0
2021-05-12 10:07:23,14126.1,0
2021-05-12 10:07:25,14126.8,0
2021-05-12 10:07:27,14125.1,0
2021-05-12 10:07:28,14125.4,0
2021-05-12 10:07:29,14125.6,0
2021-05-12 10:07:31,14125.5,0
2021-05-12 10:07:32,14124.25,0
2021-05-12 10:07:33,14123.8,0
2021-05-12 10:07:36,14123.8,0
2021-05-12 10:07:37,14124.15,0
2021-05-12 10:07:38,14124.05,0
2021-05-12 10:07:39,14126.05,0
2021-05-12 10:07:40,14125.35,0
2021-05-12 10:07:41,14123.85,0
2021-05-12 10:07:42,14124.65,0
2021-05-12 10:07:43,14123.9,0
2021-05-12 10:07:44,14123.9,0
2021-05-12 10:07:45,14123.55,0
2021-05-12 10:07:46,14125.7,0
2021-05-12 10:07:47,14126.45,0
2021-05-12 10:07:48,14124.25,0
2021-05-12 10:07:49,14124.35,0
2021-05-12 10:07:50,14124.7,0
2021-05-12 10:07:51,14124.45,0
2021-05-12 10:07:52,14125.6,0
2021-05-12 10:07:53,14126.3,0
2021-05-12 10:07:54,14127.2,0
2021-05-12 10:07:55,14126.2,0
2021-05-12 10:07:56,14124.7,0
2021-05-12 10:07:58,14125.45,0
2021-05-12 10:07:59,14126.35,0
2021-05-12 10:08:00,14125.1,0
2021-05-12 10:08:01,14125.3,0
2021-05-12 10:08:04,14125.3,0
2021-05-12 10:08:05,14123.85,0
2021-05-12 10:08:07,14126.15,0
2021-05-12 10:08:08,14125.05,0
2021-05-12 10:08:09,14125.8,0
2021-05-12 10:08:11,14125.45,0
2021-05-12 10:08:13,14126.3,0
2021-05-12 10:08:14,14124.55,0
2021-05-12 10:08:15,14125.35,0
2021-05-12 10:08:17,14124.75,0
2021-05-12 10:08:19,14122.4,0
2021-05-12 10:08:20,14122.85,0
2021-05-12 10:08:21,14122.2,0
2021-05-12 10:08:22,14122.25,0
2021-05-12 10:08:23,14120.75,0
2021-05-12 10:08:24,14122.6,0
2021-05-12 10:08:25,14121.75,0
2021-05-12 10:08:26,14121.5,0
2021-05-12 10:08:27,14123.45,0
2021-05-12 10:08:28,14124.1,0
2021-05-12 10:08:29,14122.8,0
2021-05-12 10:08:30,14119.95,0
2021-05-12 10:08:31,14120.9,0
2021-05-12 10:08:32,14119.8,0
2021-05-12 10:08:33,14121.3,0
2021-05-12 10:08:34,14120.35,0
2021-05-12 10:08:35,14121.0,0
2021-05-12 10:08:37,14121.3,0
2021-05-12 10:08:38,14121.7,0
2021-05-12 10:08:39,14121.1,0
2021-05-12 10:08:40,14120.75,0
2021-05-12 10:08:41,14119.8,0
2021-05-12 10:08:42,14120.15,0
2021-05-12 10:08:43,14119.8,0
2021-05-12 10:08:44,14119.7,0
2021-05-12 10:08:45,14120.3,0
2021-05-12 10:08:46,14119.15,0
2021-05-12 10:08:47,14120.45,0
2021-05-12 10:08:49,14120.4,0
2021-05-12 10:08:50,14120.4,0
2021-05-12 10:08:51,14121.2,0
2021-05-12 10:08:52,14122.25,0
2021-05-12 10:08:53,14121.85,0
2021-05-12 10:08:54,14123.25,0
2021-05-12 10:08:55,14120.85,0
2021-05-12 10:08:56,14120.9,0
2021-05-12 10:08:57,14120.55,0
2021-05-12 10:08:58,14121.05,0
2021-05-12 10:08:59,14121.3,0
2021-05-12 10:09:00,14120.75,0
2021-05-12 10:09:01,14120.1,0
2021-05-12 10:09:03,14120.1,0
2021-05-12 10:09:04,14121.35,0
2021-05-12 10:09:05,14120.25,0
2021-05-12 10:09:06,14118.95,0
2021-05-12 10:09:07,14121.0,0
2021-05-12 10:09:09,14119.75,0
2021-05-12 10:09:11,14119.55,0
2021-05-12 10:09:12,14121.25,0
2021-05-12 10:09:13,14121.35,0
2021-05-12 10:09:14,14120.95,0
2021-05-12 10:09:15,14120.9,0
2021-05-12 10:09:16,14121.7,0
2021-05-12 10:09:18,14120.7,0
2021-05-12 10:09:19,14122.55,0
2021-05-12 10:09:20,14122.3,0
2021-05-12 10:09:21,14121.5,0
2021-05-12 10:09:22,14123.45,0
2021-05-12 10:09:23,14122.2,0
2021-05-12 10:09:25,14122.75,0
2021-05-12 10:09:26,14123.15,0
2021-05-12 10:09:27,14124.25,0
2021-05-12 10:09:28,14123.75,0
2021-05-12 10:09:29,14123.75,0
2021-05-12 10:09:30,14121.2,0
2021-05-12 10:09:31,14124.25,0
2021-05-12 10:09:32,14123.4,0
2021-05-12 10:09:33,14122.15,0
2021-05-12 10:09:35,14122.5,0
2021-05-12 10:09:36,14122.35,0
2021-05-12 10:09:37,14122.95,0
2021-05-12 10:09:38,14123.15,0
2021-05-12 10:09:40,14123.9,0
2021-05-12 10:09:41,14122.5,0
2021-05-12 10:09:42,14120.65,0
2021-05-12 10:09:43,14120.15,0
2021-05-12 10:09:44,14119.7,0
2021-05-12 10:09:45,14121.1,0
2021-05-12 10:09:46,14121.0,0
2021-05-12 10:09:48,14119.85,0
2021-05-12 10:09:49,14120.05,0
2021-05-12 10:09:51,14119.75,0
2021-05-12 10:09:52,14119.8,0
2021-05-12 10:09:54,14117.25,0
2021-05-12 10:09:55,14119.4,0
2021-05-12 10:09:56,14118.7,0
2021-05-12 10:09:57,14118.05,0
2021-05-12 10:09:58,14119.5,0
2021-05-12 10:09:59,14119.75,0
2021-05-12 10:10:00,14117.65,0
2021-05-12 10:10:01,14117.75,0
2021-05-12 10:10:02,14118.1,0
2021-05-12 10:10:04,14117.65,0
2021-05-12 10:10:05,14116.5,0
2021-05-12 10:10:06,14116.0,0
2021-05-12 10:10:07,14117.2,0
2021-05-12 10:10:08,14119.7,0
2021-05-12 10:10:09,14119.3,0
2021-05-12 10:10:10,14118.1,0
2021-05-12 10:10:11,14116.7,0
2021-05-12 10:10:12,14114.1,0
2021-05-12 10:10:13,14115.6,0
2021-05-12 10:10:14,14116.7,0
2021-05-12 10:10:15,14115.25,0
2021-05-12 10:10:16,14115.0,0
2021-05-12 10:10:17,14114.5,0
2021-05-12 10:10:18,14112.4,0
2021-05-12 10:10:19,14112.55,0
2021-05-12 10:10:20,14114.8,0
2021-05-12 10:10:21,14115.6,0
2021-05-12 10:10:22,14115.5,0
2021-05-12 10:10:23,14115.0,0
2021-05-12 10:10:24,14114.4,0
2021-05-12 10:10:25,14114.65,0
2021-05-12 10:10:26,14115.2,0
2021-05-12 10:10:27,14113.2,0
2021-05-12 10:10:29,14114.2,0
2021-05-12 10:10:30,14114.75,0
2021-05-12 10:10:33,14114.75,0
2021-05-12 10:10:34,14114.55,0
2021-05-12 10:10:35,14114.95,0
2021-05-12 10:10:36,14115.55,0
2021-05-12 10:10:38,14115.8,0
2021-05-12 10:10:39,14116.5,0
2021-05-12 10:10:40,14115.2,0
2021-05-12 10:10:41,14115.1,0
2021-05-12 10:10:42,14114.25,0
2021-05-12 10:10:43,14114.6,0
2021-05-12 10:10:44,14110.7,0
2021-05-12 10:10:45,14112.2,0
2021-05-12 10:10:46,14112.8,0
2021-05-12 10:10:47,14114.35,0
2021-05-12 10:10:48,14114.35,0
2021-05-12 10:10:49,14113.75,0
2021-05-12 10:10:50,14113.8,0
2021-05-12 10:10:51,14113.35,0
2021-05-12 10:10:52,14113.55,0
2021-05-12 10:10:53,14113.0,0
2021-05-12 10:10:54,14115.45,0
2021-05-12 10:10:55,14115.95,0
2021-05-12 10:10:56,14116.9,0
2021-05-12 10:10:57,14116.85,0
2021-05-12 10:10:58,14126.1,0
2021-05-12 10:10:59,14125.2,0
2021-05-12 10:11:00,14125.45,0
2021-05-12 10:11:01,14127.05,0
2021-05-12 10:11:02,14127.45,0
2021-05-12 10:11:03,14127.35,0
2021-05-12 10:11:04,14126.5,0
2021-05-12 10:11:05,14126.25,0
2021-05-12 10:11:06,14125.65,0
2021-05-12 10:11:07,14127.35,0
2021-05-12 10:11:08,14125.7,0
2021-05-12 10:11:09,14126.65,0
2021-05-12 10:11:10,14125.65,0
2021-05-12 10:11:12,14125.9,0
2021-05-12 10:11:13,14127.0,0
2021-05-12 10:11:14,14125.6,0
2021-05-12 10:11:15,14124.55,0
2021-05-12 10:11:16,14124.1,0
2021-05-12 10:11:17,14124.5,0
2021-05-12 10:11:18,14126.1,0
2021-05-12 10:11:19,14126.0,0
2021-05-12 10:11:20,14127.75,0
2021-05-12 10:11:22,14126.45,0
2021-05-12 10:11:23,14128.05,0
2021-05-12 10:11:24,14128.3,0
2021-05-12 10:11:25,14127.9,0
2021-05-12 10:11:26,14127.85,0
2021-05-12 10:11:27,14127.35,0
2021-05-12 10:11:28,14129.15,0
2021-05-12 10:11:30,14129.85,0
2021-05-12 10:11:31,14128.3,0
2021-05-12 10:11:32,14129.65,0
2021-05-12 10:11:33,14130.2,0
2021-05-12 10:11:34,14130.5,0
2021-05-12 10:11:35,14129.85,0
2021-05-12 10:11:36,14130.5,0
2021-05-12 10:11:37,14129.95,0
2021-05-12 10:11:38,14129.7,0
2021-05-12 10:11:39,14131.45,0
2021-05-12 10:11:40,14130.9,0
2021-05-12 10:11:41,14130.6,0
2021-05-12 10:11:43,14131.65,0
2021-05-12 10:11:44,14131.85,0
2021-05-12 10:11:45,14132.8,0
2021-05-12 10:11:46,14132.45,0
2021-05-12 10:11:47,14131.85,0
2021-05-12 10:11:48,14131.1,0
2021-05-12 10:11:49,14132.45,0
2021-05-12 10:11:50,14131.95,0
2021-05-12 10:11:51,14134.15,0
2021-05-12 10:11:52,14132.55,0
2021-05-12 10:11:53,14133.5,0
2021-05-12 10:11:54,14139.8,0
2021-05-12 10:11:55,14140.5,0
2021-05-12 10:11:56,14141.2,0
2021-05-12 10:11:57,14141.2,0
2021-05-12 10:11:58,14141.15,0
2021-05-12 10:11:59,14140.4,0
2021-05-12 10:12:00,14142.9,0
2021-05-12 10:12:01,14142.25,0
2021-05-12 10:12:02,14142.95,0
2021-05-12 10:12:03,14142.45,0
2021-05-12 10:12:05,14139.1,0
2021-05-12 10:12:07,14139.6,0
2021-05-12 10:12:09,14141.15,0
2021-05-12 10:12:11,14138.95,0
2021-05-12 10:12:12,14138.25,0
2021-05-12 10:12:13,14138.3,0
2021-05-12 10:12:14,14139.6,0
2021-05-12 10:12:15,14139.4,0
2021-05-12 10:12:16,14135.7,0
2021-05-12 10:12:17,14136.55,0
2021-05-12 10:12:18,14137.15,0
2021-05-12 10:12:19,14136.95,0
2021-05-12 10:12:20,14138.25,0
2021-05-12 10:12:21,14136.65,0
2021-05-12 10:12:23,14130.75,0
2021-05-12 10:12:24,14129.95,0
2021-05-12 10:12:26,14128.45,0
2021-05-12 10:12:27,14128.85,0
2021-05-12 10:12:28,14126.25,0
2021-05-12 10:12:29,14127.25,0
2021-05-12 10:12:30,14128.05,0
2021-05-12 10:12:31,14127.4,0
2021-05-12 10:12:32,14125.3,0
2021-05-12 10:12:33,14125.4,0
2021-05-12 10:12:34,14119.75,0
2021-05-12 10:12:35,14118.2,0
2021-05-12 10:12:36,14118.45,0
2021-05-12 10:12:37,14118.95,0
2021-05-12 10:12:39,14116.95,0
2021-05-12 10:12:41,14115.45,0
2021-05-12 10:12:40,14116.85,0
2021-05-12 10:12:42,14114.65,0
2021-05-12 10:12:43,14114.6,0
2021-05-12 10:12:44,14114.05,0
2021-05-12 10:12:45,14114.4,0
2021-05-12 10:12:46,14114.85,0
2021-05-12 10:12:47,14114.35,0
2021-05-12 10:12:48,14114.75,0
2021-05-12 10:12:49,14114.2,0
2021-05-12 10:12:50,14113.6,0
2021-05-12 10:12:51,14113.25,0
2021-05-12 10:12:52,14113.95,0
2021-05-12 10:12:53,14114.1,0
2021-05-12 10:12:54,14114.1,0
2021-05-12 10:12:55,14114.25,0
2021-05-12 10:12:56,14115.4,0
2021-05-12 10:12:57,14114.85,0
2021-05-12 10:12:58,14115.5,0
2021-05-12 10:12:59,14115.35,0
2021-05-12 10:13:01,14117.55,0
2021-05-12 10:13:02,14117.2,0
2021-05-12 10:13:05,14118.35,0
2021-05-12 10:13:07,14119.05,0
2021-05-12 10:13:08,14117.85,0
2021-05-12 10:13:09,14118.5,0
2021-05-12 10:13:10,14118.4,0
2021-05-12 10:13:11,14120.35,0
2021-05-12 10:13:12,14119.45,0
2021-05-12 10:13:13,14120.65,0
2021-05-12 10:13:14,14118.85,0
2021-05-12 10:13:15,14119.75,0
2021-05-12 10:13:16,14120.25,0
2021-05-12 10:13:17,14119.0,0
2021-05-12 10:13:18,14119.45,0
2021-05-12 10:13:19,14119.65,0
2021-05-12 10:13:20,14121.4,0
2021-05-12 10:13:21,14121.05,0
2021-05-12 10:13:22,14121.35,0
2021-05-12 10:13:23,14120.4,0
2021-05-12 10:13:24,14120.85,0
2021-05-12 10:13:25,14120.65,0
2021-05-12 10:13:26,14121.45,0
2021-05-12 10:13:27,14121.65,0
2021-05-12 10:13:28,14121.2,0
2021-05-12 10:13:29,14120.3,0
2021-05-12 10:13:30,14120.0,0
2021-05-12 10:13:31,14120.15,0
2021-05-12 10:13:32,14121.3,0
2021-05-12 10:13:33,14120.35,0
2021-05-12 10:13:34,14121.5,0
2021-05-12 10:13:35,14120.25,0
2021-05-12 10:13:36,14120.5,0
2021-05-12 10:13:37,14118.6,0
2021-05-12 10:13:38,14120.7,0
2021-05-12 10:13:39,14121.9,0
2021-05-12 10:13:40,14122.3,0
2021-05-12 10:13:41,14122.15,0
2021-05-12 10:13:42,14121.5,0
2021-05-12 10:13:43,14122.0,0
2021-05-12 10:13:44,14123.1,0
2021-05-12 10:13:45,14123.0,0
2021-05-12 10:13:46,14121.8,0
2021-05-12 10:13:47,14123.05,0
2021-05-12 10:13:48,14124.05,0
2021-05-12 10:13:49,14124.6,0
2021-05-12 10:13:50,14125.65,0
2021-05-12 10:13:51,14126.2,0
2021-05-12 10:13:52,14126.05,0
2021-05-12 10:13:53,14123.05,0
2021-05-12 10:13:55,14122.85,0
2021-05-12 10:13:56,14124.05,0
2021-05-12 10:13:58,14124.9,0
2021-05-12 10:13:59,14123.35,0
2021-05-12 10:14:00,14124.65,0
2021-05-12 10:14:01,14124.1,0
2021-05-12 10:14:03,14124.75,0
2021-05-12 10:14:04,14125.9,0
2021-05-12 10:14:05,14125.55,0
2021-05-12 10:14:06,14124.95,0
2021-05-12 10:14:07,14125.3,0
2021-05-12 10:14:09,14124.5,0
2021-05-12 10:14:10,14126.35,0
2021-05-12 10:14:11,14126.1,0
2021-05-12 10:14:13,14126.55,0
2021-05-12 10:14:14,14127.0,0
2021-05-12 10:14:15,14127.2,0
2021-05-12 10:14:16,14126.95,0
2021-05-12 10:14:17,14125.9,0
2021-05-12 10:14:18,14127.9,0
2021-05-12 10:14:19,14127.45,0
2021-05-12 10:14:20,14126.5,0
2021-05-12 10:14:22,14128.4,0
2021-05-12 10:14:23,14128.65,0
2021-05-12 10:14:24,14126.55,0
2021-05-12 10:14:25,14127.95,0
2021-05-12 10:14:26,14127.1,0
2021-05-12 10:14:27,14126.7,0
2021-05-12 10:14:29,14126.8,0
2021-05-12 10:14:30,14127.95,0
2021-05-12 10:14:31,14125.95,0
2021-05-12 10:14:35,14126.6,0
2021-05-12 10:14:37,14126.5,0
2021-05-12 10:14:39,14125.45,0
2021-05-12 10:14:40,14125.75,0
2021-05-12 10:14:41,14125.9,0
2021-05-12 10:14:42,14127.6,0
2021-05-12 10:14:43,14125.5,0
2021-05-12 10:14:44,14125.65,0
2021-05-12 10:14:45,14124.6,0
2021-05-12 10:14:46,14125.9,0
2021-05-12 10:14:47,14125.95,0
2021-05-12 10:14:48,14125.85,0
2021-05-12 10:14:49,14126.6,0
2021-05-12 10:14:50,14124.95,0
2021-05-12 10:14:51,14124.5,0
2021-05-12 10:14:52,14125.5,0
2021-05-12 10:14:53,14126.35,0
2021-05-12 10:14:54,14126.95,0
2021-05-12 10:14:55,14126.05,0
2021-05-12 10:14:56,14125.5,0
2021-05-12 10:14:57,14125.2,0
2021-05-12 10:14:58,14127.8,0
2021-05-12 10:14:59,14127.9,0
2021-05-12 10:15:00,14128.75,0
2021-05-12 10:15:01,14127.25,0
2021-05-12 10:15:02,14128.15,0
2021-05-12 10:15:03,14129.0,0
2021-05-12 10:15:04,14128.9,0
2021-05-12 10:15:05,14128.55,0
2021-05-12 10:15:06,14128.55,0
2021-05-12 10:15:07,14128.95,0
2021-05-12 10:15:08,14128.5,0
2021-05-12 10:15:09,14129.75,0
2021-05-12 10:15:10,14129.9,0
2021-05-12 10:15:11,14127.75,0
2021-05-12 10:15:12,14128.4,0
2021-05-12 10:15:13,14128.85,0
2021-05-12 10:15:14,14128.8,0
2021-05-12 10:15:15,14128.8,0
2021-05-12 10:15:17,14128.55,0
2021-05-12 10:15:19,14128.7,0
2021-05-12 10:15:20,14129.1,0
2021-05-12 10:15:21,14129.1,0
2021-05-12 10:15:22,14128.35,0
2021-05-12 10:15:24,14129.35,0
2021-05-12 10:15:25,14129.1,0
2021-05-12 10:15:26,14129.55,0
2021-05-12 10:15:27,14129.65,0
2021-05-12 10:15:28,14129.15,0
2021-05-12 10:15:29,14130.7,0
2021-05-12 10:15:30,14130.4,0
2021-05-12 10:15:31,14127.45,0
2021-05-12 10:15:32,14128.45,0
2021-05-12 10:15:33,14129.05,0
2021-05-12 10:15:34,14130.25,0
2021-05-12 10:15:35,14130.8,0
2021-05-12 10:15:36,14130.95,0
2021-05-12 10:15:37,14128.7,0
2021-05-12 10:15:38,14129.85,0
2021-05-12 10:15:42,14127.7,0
2021-05-12 10:15:43,14128.9,0
2021-05-12 10:15:44,14128.95,0
2021-05-12 10:15:45,14128.45,0
2021-05-12 10:15:46,14129.8,0
2021-05-12 10:15:47,14130.15,0
2021-05-12 10:15:48,14128.95,0
2021-05-12 10:15:49,14128.9,0
2021-05-12 10:15:50,14130.05,0
2021-05-12 10:15:51,14128.7,0
2021-05-12 10:15:52,14127.55,0
2021-05-12 10:15:53,14127.5,0
2021-05-12 10:15:54,14127.2,0
2021-05-12 10:15:55,14127.45,0
2021-05-12 10:15:56,14127.05,0
2021-05-12 10:15:57,14126.6,0
2021-05-12 10:15:58,14128.9,0
2021-05-12 10:15:59,14128.8,0
2021-05-12 10:16:00,14127.1,0
2021-05-12 10:16:01,14127.9,0
2021-05-12 10:16:02,14129.25,0
2021-05-12 10:16:04,14128.7,0
2021-05-12 10:16:05,14128.7,0
2021-05-12 10:16:06,14128.9,0
2021-05-12 10:16:07,14129.55,0
2021-05-12 10:16:08,14129.9,0
2021-05-12 10:16:09,14129.75,0
2021-05-12 10:16:10,14130.3,0
2021-05-12 10:16:11,14127.55,0
2021-05-12 10:16:12,14127.95,0
2021-05-12 10:16:13,14128.5,0
2021-05-12 10:16:14,14127.25,0
2021-05-12 10:16:15,14128.2,0
2021-05-12 10:16:16,14127.6,0
2021-05-12 10:16:17,14124.8,0
2021-05-12 10:16:18,14124.1,0
2021-05-12 10:16:19,14123.45,0
2021-05-12 10:16:20,14121.4,0
2021-05-12 10:16:21,14122.7,0
2021-05-12 10:16:22,14121.5,0
2021-05-12 10:16:23,14121.9,0
2021-05-12 10:16:24,14122.05,0
2021-05-12 10:16:25,14121.05,0
2021-05-12 10:16:27,14122.25,0
2021-05-12 10:16:28,14123.55,0
2021-05-12 10:16:29,14123.75,0
2021-05-12 10:16:30,14122.05,0
2021-05-12 10:16:31,14123.9,0
2021-05-12 10:16:32,14121.85,0
2021-05-12 10:16:33,14124.3,0
2021-05-12 10:16:34,14124.6,0
2021-05-12 10:16:35,14123.95,0
2021-05-12 10:16:36,14123.3,0
2021-05-12 10:16:37,14123.4,0
2021-05-12 10:16:38,14122.6,0
2021-05-12 10:16:39,14122.7,0
2021-05-12 10:16:40,14121.65,0
2021-05-12 10:16:41,14121.45,0
2021-05-12 10:16:42,14121.95,0
2021-05-12 10:16:43,14119.6,0
2021-05-12 10:16:46,14119.75,0
2021-05-12 10:16:47,14118.65,0
2021-05-12 10:16:48,14119.3,0
2021-05-12 10:16:49,14119.2,0
2021-05-12 10:16:52,14120.15,0
2021-05-12 10:16:54,14118.6,0
2021-05-12 10:16:55,14119.7,0
2021-05-12 10:16:56,14121.35,0
2021-05-12 10:16:58,14119.15,0
2021-05-12 10:16:59,14118.6,0
2021-05-12 10:17:00,14118.75,0
2021-05-12 10:17:01,14120.95,0
2021-05-12 10:17:02,14121.3,0
2021-05-12 10:17:04,14119.3,0
2021-05-12 10:17:05,14119.9,0
2021-05-12 10:17:06,14120.7,0
2021-05-12 10:17:07,14121.85,0
2021-05-12 10:17:08,14120.15,0
2021-05-12 10:17:09,14122.55,0
2021-05-12 10:17:10,14122.75,0
2021-05-12 10:17:11,14120.9,0
2021-05-12 10:17:12,14120.75,0
2021-05-12 10:17:13,14121.55,0
2021-05-12 10:17:14,14120.45,0
2021-05-12 10:17:16,14120.75,0
2021-05-12 10:17:17,14125.45,0
2021-05-12 10:17:18,14124.85,0
2021-05-12 10:17:19,14124.4,0
2021-05-12 10:17:20,14124.95,0
2021-05-12 10:17:21,14124.45,0
2021-05-12 10:17:22,14123.0,0
2021-05-12 10:17:24,14122.6,0
2021-05-12 10:17:25,14123.6,0
2021-05-12 10:17:26,14123.3,0
2021-05-12 10:17:27,14124.25,0
2021-05-12 10:17:28,14123.15,0
2021-05-12 10:17:30,14125.15,0
2021-05-12 10:17:31,14127.55,0
2021-05-12 10:17:32,14124.45,0
2021-05-12 10:17:33,14124.9,0
2021-05-12 10:17:35,14126.6,0
2021-05-12 10:17:36,14126.9,0
2021-05-12 10:17:38,14135.35,0
2021-05-12 10:17:40,14136.55,0
2021-05-12 10:17:42,14134.05,0
2021-05-12 10:17:43,14136.2,0
2021-05-12 10:17:45,14134.65,0
2021-05-12 10:17:46,14136.9,0
2021-05-12 10:17:48,14136.5,0
2021-05-12 10:17:50,14136.65,0
2021-05-12 10:17:51,14139.65,0
2021-05-12 10:17:52,14140.25,0
2021-05-12 10:17:53,14140.6,0
2021-05-12 10:17:54,14141.9,0
2021-05-12 10:17:55,14144.65,0
2021-05-12 10:17:56,14144.95,0
2021-05-12 10:17:58,14143.9,0
2021-05-12 10:18:00,14144.95,0
2021-05-12 10:18:01,14146.85,0
2021-05-12 10:18:02,14147.9,0
2021-05-12 10:18:03,14149.05,0
2021-05-12 10:18:04,14148.85,0
2021-05-12 10:18:05,14152.3,0
2021-05-12 10:18:06,14155.2,0
2021-05-12 10:18:07,14156.55,0
2021-05-12 10:18:08,14156.9,0
2021-05-12 10:18:09,14157.0,0
2021-05-12 10:18:10,14160.15,0
2021-05-12 10:18:11,14159.05,0
2021-05-12 10:18:12,14159.5,0
2021-05-12 10:18:13,14160.1,0
2021-05-12 10:18:14,14162.4,0
2021-05-12 10:18:16,14161.25,0
2021-05-12 10:18:17,14159.2,0
2021-05-12 10:18:18,14159.3,0
2021-05-12 10:18:19,14158.25,0
2021-05-12 10:18:20,14159.05,0
2021-05-12 10:18:21,14159.1,0
2021-05-12 10:18:22,14156.9,0
2021-05-12 10:18:23,14158.55,0
2021-05-12 10:18:24,14156.05,0
2021-05-12 10:18:25,14155.5,0
2021-05-12 10:18:26,14156.65,0
2021-05-12 10:18:27,14158.0,0
2021-05-12 10:18:28,14157.5,0
2021-05-12 10:18:29,14157.25,0
2021-05-12 10:18:30,14155.95,0
2021-05-12 10:18:31,14157.15,0
2021-05-12 10:18:32,14156.9,0
2021-05-12 10:18:33,14156.85,0
2021-05-12 10:18:34,14157.9,0
2021-05-12 10:18:35,14157.8,0
2021-05-12 10:18:37,14157.0,0
2021-05-12 10:18:38,14156.5,0
2021-05-12 10:18:39,14154.6,0
2021-05-12 10:18:40,14155.65,0
2021-05-12 10:18:41,14155.1,0
2021-05-12 10:18:42,14153.8,0
2021-05-12 10:18:43,14153.1,0
2021-05-12 10:18:44,14151.4,0
2021-05-12 10:18:45,14150.7,0
2021-05-12 10:18:46,14149.85,0
2021-05-12 10:18:47,14151.6,0
2021-05-12 10:18:48,14151.65,0
2021-05-12 10:18:49,14150.75,0
2021-05-12 10:18:50,14150.15,0
2021-05-12 10:18:51,14153.0,0
2021-05-12 10:18:52,14152.45,0
2021-05-12 10:18:53,14151.55,0
2021-05-12 10:18:54,14151.45,0
2021-05-12 10:18:55,14152.8,0
2021-05-12 10:18:56,14152.85,0
2021-05-12 10:18:57,14153.2,0
2021-05-12 10:18:58,14155.25,0
2021-05-12 10:19:00,14157.3,0
2021-05-12 10:19:02,14157.4,0
2021-05-12 10:19:03,14154.05,0
2021-05-12 10:19:04,14154.8,0
2021-05-12 10:19:05,14155.1,0
2021-05-12 10:19:06,14154.5,0
2021-05-12 10:19:07,14154.65,0
2021-05-12 10:19:08,14153.65,0
2021-05-12 10:19:09,14155.65,0
2021-05-12 10:19:11,14155.05,0
2021-05-12 10:19:12,14155.2,0
2021-05-12 10:19:14,14159.05,0
2021-05-12 10:19:15,14160.15,0
2021-05-12 10:19:16,14159.6,0
2021-05-12 10:19:18,14158.85,0
2021-05-12 10:19:19,14161.55,0
2021-05-12 10:19:20,14163.85,0
2021-05-12 10:19:21,14163.0,0
2021-05-12 10:19:22,14165.7,0
2021-05-12 10:19:23,14167.2,0
2021-05-12 10:19:24,14167.8,0
2021-05-12 10:19:25,14167.8,0
2021-05-12 10:19:26,14168.95,0
2021-05-12 10:19:27,14169.75,0
2021-05-12 10:19:28,14169.75,0
2021-05-12 10:19:29,14170.05,0
2021-05-12 10:19:30,14170.95,0
2021-05-12 10:19:31,14171.55,0
2021-05-12 10:19:32,14174.4,0
2021-05-12 10:19:34,14177.5,0
2021-05-12 10:19:36,14176.0,0
2021-05-12 10:19:37,14177.15,0
2021-05-12 10:19:38,14177.25,0
2021-05-12 10:19:40,14177.15,0
2021-05-12 10:19:41,14177.45,0
2021-05-12 10:19:42,14177.15,0
2021-05-12 10:19:43,14179.25,0
2021-05-12 10:19:44,14180.05,0
2021-05-12 10:19:45,14180.25,0
2021-05-12 10:19:46,14181.2,0
2021-05-12 10:19:47,14180.1,0
2021-05-12 10:19:48,14183.65,0
2021-05-12 10:19:49,14182.2,0
2021-05-12 10:19:51,14181.2,0
2021-05-12 10:19:52,14181.05,0
2021-05-12 10:19:53,14182.2,0
2021-05-12 10:19:54,14181.5,0
2021-05-12 10:19:56,14182.45,0
2021-05-12 10:19:57,14184.1,0
2021-05-12 10:19:58,14183.55,0
2021-05-12 10:19:59,14185.25,0
2021-05-12 10:20:00,14186.25,0
2021-05-12 10:20:06,14194.4,0
2021-05-12 10:20:08,14193.85,0
2021-05-12 10:20:10,14198.4,0
2021-05-12 10:20:11,14201.95,0
2021-05-12 10:20:12,14201.85,0
2021-05-12 10:20:13,14203.3,0
2021-05-12 10:20:14,14201.15,0
2021-05-12 10:20:18,14204.25,0
2021-05-12 10:20:19,14205.8,0
2021-05-12 10:20:20,14203.85,0
2021-05-12 10:20:22,14199.5,0
2021-05-12 10:20:21,14200.0,0
2021-05-12 10:20:24,14203.25,0
2021-05-12 10:20:25,14201.45,0
2021-05-12 10:20:26,14203.65,0
2021-05-12 10:20:27,14202.5,0
2021-05-12 10:20:28,14204.65,0
2021-05-12 10:20:29,14204.3,0
2021-05-12 10:20:31,14203.45,0
2021-05-12 10:20:32,14203.05,0
2021-05-12 10:20:33,14203.55,0
2021-05-12 10:20:34,14204.55,0
2021-05-12 10:20:35,14206.85,0
2021-05-12 10:20:37,14207.4,0
2021-05-12 10:20:38,14208.2,0
2021-05-12 10:20:39,14208.75,0
2021-05-12 10:20:40,14207.25,0
2021-05-12 10:20:41,14207.6,0
2021-05-12 10:20:43,14207.25,0
2021-05-12 10:20:44,14206.65,0
2021-05-12 10:20:45,14207.2,0
2021-05-12 10:20:46,14209.2,0
2021-05-12 10:20:47,14207.45,0
2021-05-12 10:20:48,14210.9,0
2021-05-12 10:20:49,14210.55,0
2021-05-12 10:20:50,14215.4,0
2021-05-12 10:20:51,14213.05,0
2021-05-12 10:20:52,14215.4,0
2021-05-12 10:20:53,14215.75,0
2021-05-12 10:20:54,14213.1,0
2021-05-12 10:20:55,14217.6,0
2021-05-12 10:20:56,14217.1,0
2021-05-12 10:20:57,14216.75,0
2021-05-12 10:20:59,14216.15,0
2021-05-12 10:21:00,14219.45,0
2021-05-12 10:21:01,14221.0,0
2021-05-12 10:21:02,14220.3,0
2021-05-12 10:21:03,14221.6,0
2021-05-12 10:21:04,14220.25,0
2021-05-12 10:21:05,14221.1,0
2021-05-12 10:21:06,14219.3,0
2021-05-12 10:21:07,14218.2,0
2021-05-12 10:21:08,14219.8,0
2021-05-12 10:21:10,14220.65,0
2021-05-12 10:21:11,14223.6,0
2021-05-12 10:21:12,14219.55,0
2021-05-12 10:21:13,14220.3,0
