timestamp,ltp,volume
2021-06-02 09:16:00,18434.55,0
2021-06-02 09:16:06,18431.75,0
2021-06-02 09:16:10,18434.15,0
2021-06-02 09:16:12,18436.55,0
2021-06-02 09:16:13,18435.85,0
2021-06-02 09:16:15,18434.95,0
2021-06-02 09:16:36,18438.7,0
2021-06-02 09:16:43,18451.0,0
2021-06-02 09:16:47,18450.55,0
2021-06-02 09:16:48,18453.65,0
2021-06-02 09:16:50,18455.2,0
2021-06-02 09:16:51,18460.05,0
2021-06-02 09:16:53,18460.25,0
2021-06-02 09:17:01,18460.45,0
2021-06-02 09:17:09,18457.45,0
2021-06-02 09:17:14,18448.45,0
2021-06-02 09:17:16,18449.55,0
2021-06-02 09:17:17,18450.4,0
2021-06-02 09:17:18,18449.8,0
2021-06-02 09:17:20,18450.35,0
2021-06-02 09:17:27,18446.7,0
2021-06-02 09:17:29,18444.25,0
2021-06-02 09:17:30,18447.55,0
2021-06-02 09:17:34,18442.35,0
2021-06-02 09:17:37,18444.05,0
2021-06-02 09:17:38,18444.2,0
2021-06-02 09:17:49,18443.4,0
2021-06-02 09:17:53,18447.9,0
2021-06-02 09:18:12,18448.1,0
2021-06-02 09:18:13,18448.15,0
2021-06-02 09:18:18,18446.25,0
2021-06-02 09:18:20,18445.35,0
2021-06-02 09:18:21,18444.7,0
2021-06-02 09:18:22,18443.85,0
2021-06-02 09:18:23,18445.15,0
2021-06-02 09:18:29,18446.5,0
2021-06-02 09:18:30,18445.75,0
2021-06-02 09:18:32,18447.4,0
2021-06-02 09:18:33,18448.3,0
2021-06-02 09:18:39,18447.8,0
2021-06-02 09:18:48,18449.6,0
2021-06-02 09:18:58,18449.15,0
2021-06-02 09:19:02,18447.1,0
2021-06-02 09:19:12,18453.95,0
2021-06-02 09:19:13,18456.3,0
2021-06-02 09:19:15,18458.65,0
2021-06-02 09:19:16,18455.5,0
2021-06-02 09:19:18,18456.7,0
2021-06-02 09:19:24,18456.25,0
2021-06-02 09:19:30,18456.1,0
2021-06-02 09:19:31,18456.45,0
2021-06-02 09:19:35,18453.85,0
2021-06-02 09:19:41,18449.25,0
2021-06-02 09:19:48,18455.05,0
2021-06-02 09:20:10,18448.4,0
2021-06-02 09:20:11,18449.7,0
2021-06-02 09:20:12,18450.05,0
2021-06-02 09:20:15,18449.05,0
2021-06-02 09:20:16,18446.4,0
2021-06-02 09:20:18,18447.3,0
2021-06-02 09:20:20,18446.15,0
2021-06-02 09:20:28,18445.75,0
2021-06-02 09:20:33,18447.0,0
2021-06-02 09:20:39,18445.85,0
2021-06-02 09:20:40,18445.15,0
2021-06-02 09:20:47,18447.25,0
2021-06-02 09:20:54,18446.4,0
2021-06-02 09:20:58,18443.35,0
2021-06-02 09:21:03,18445.3,0
2021-06-02 09:21:17,18448.3,0
2021-06-02 09:21:22,18451.9,0
2021-06-02 09:21:23,18449.0,0
2021-06-02 09:21:26,18450.85,0
2021-06-02 09:21:28,18451.45,0
2021-06-02 09:21:30,18452.8,0
2021-06-02 09:21:33,18450.1,0
2021-06-02 09:21:35,18450.65,0
2021-06-02 09:21:41,18444.15,0
2021-06-02 09:21:47,18444.0,0
2021-06-02 09:21:48,18444.2,0
2021-06-02 09:21:50,18442.65,0
2021-06-02 09:21:53,18442.6,0
2021-06-02 09:21:54,18446.6,0
2021-06-02 09:22:03,18441.2,0
2021-06-02 09:22:06,18442.8,0
2021-06-02 09:22:12,18431.55,0
2021-06-02 09:22:24,18428.3,0
2021-06-02 09:22:28,18431.35,0
2021-06-02 09:22:37,18430.3,0
2021-06-02 09:22:39,18430.05,0
2021-06-02 09:22:41,18428.8,0
2021-06-02 09:22:46,18432.3,0
2021-06-02 09:22:55,18426.7,0
2021-06-02 09:22:57,18426.4,0
2021-06-02 09:23:00,18423.2,0
2021-06-02 09:23:03,18425.4,0
2021-06-02 09:23:04,18421.35,0
2021-06-02 09:23:12,18425.35,0
2021-06-02 09:23:15,18427.75,0
2021-06-02 09:23:18,18423.45,0
2021-06-02 09:23:20,18426.0,0
2021-06-02 09:23:22,18427.55,0
2021-06-02 09:23:27,18431.35,0
2021-06-02 09:23:32,18429.95,0
2021-06-02 09:23:40,18427.3,0
2021-06-02 09:23:41,18425.5,0
2021-06-02 09:23:43,18424.25,0
2021-06-02 09:23:45,18424.3,0
2021-06-02 09:23:46,18425.95,0
2021-06-02 09:23:59,18429.15,0
2021-06-02 09:24:01,18427.45,0
2021-06-02 09:24:07,18429.9,0
2021-06-02 09:24:11,18429.85,0
2021-06-02 09:24:12,18429.6,0
2021-06-02 09:24:13,18431.05,0
2021-06-02 09:24:16,18431.15,0
2021-06-02 09:24:34,18430.25,0
2021-06-02 09:24:36,18431.95,0
2021-06-02 09:24:37,18432.2,0
2021-06-02 09:24:48,18425.45,0
2021-06-02 09:24:50,18426.0,0
2021-06-02 09:24:51,18424.9,0
2021-06-02 09:24:55,18426.8,0
2021-06-02 09:25:00,18429.1,0
2021-06-02 09:25:02,18427.8,0
2021-06-02 09:25:03,18428.9,0
2021-06-02 09:25:04,18426.35,0
2021-06-02 09:25:05,18426.45,0
2021-06-02 09:25:06,18429.25,0
2021-06-02 09:25:14,18428.0,0
2021-06-02 09:25:21,18430.4,0
2021-06-02 09:25:28,18433.2,0
2021-06-02 09:25:33,18433.35,0
2021-06-02 09:25:39,18431.6,0
2021-06-02 09:25:41,18431.85,0
2021-06-02 09:25:45,18432.0,0
2021-06-02 09:25:46,18431.7,0
2021-06-02 09:25:50,18431.35,0
2021-06-02 09:26:00,18429.3,0
2021-06-02 09:26:01,18428.5,0
2021-06-02 09:26:03,18428.3,0
2021-06-02 09:26:05,18428.85,0
2021-06-02 09:26:06,18432.1,0
2021-06-02 09:26:09,18431.05,0
2021-06-02 09:26:11,18432.2,0
2021-06-02 09:26:18,18429.45,0
2021-06-02 09:26:20,18429.7,0
2021-06-02 09:26:24,18428.85,0
2021-06-02 09:26:31,18428.0,0
2021-06-02 09:26:34,18428.4,0
2021-06-02 09:26:36,18426.5,0
2021-06-02 09:26:38,18428.2,0
2021-06-02 09:26:40,18429.85,0
2021-06-02 09:26:42,18431.0,0
2021-06-02 09:26:44,18432.4,0
2021-06-02 09:26:45,18434.35,0
2021-06-02 09:26:51,18431.8,0
2021-06-02 09:26:53,18434.25,0
2021-06-02 09:26:58,18431.9,0
2021-06-02 09:27:04,18433.2,0
2021-06-02 09:27:05,18431.75,0
2021-06-02 09:27:07,18434.3,0
2021-06-02 09:27:15,18433.25,0
2021-06-02 09:27:16,18430.65,0
2021-06-02 09:27:18,18434.25,0
2021-06-02 09:27:28,18430.8,0
2021-06-02 09:27:33,18433.15,0
2021-06-02 09:27:34,18433.5,0
2021-06-02 09:27:36,18432.95,0
2021-06-02 09:27:43,18427.45,0
2021-06-02 09:28:04,18418.6,0
2021-06-02 09:28:05,18421.3,0
2021-06-02 09:28:09,18420.0,0
2021-06-02 09:28:12,18421.95,0
2021-06-02 09:28:14,18417.85,0
2021-06-02 09:28:15,18421.95,0
2021-06-02 09:28:18,18418.8,0
2021-06-02 09:28:19,18418.9,0
2021-06-02 09:28:20,18416.35,0
2021-06-02 09:28:22,18417.75,0
2021-06-02 09:28:25,18415.4,0
2021-06-02 09:28:27,18416.3,0
2021-06-02 09:28:29,18415.15,0
2021-06-02 09:28:31,18404.65,0
2021-06-02 09:28:36,18407.3,0
2021-06-02 09:28:37,18406.35,0
2021-06-02 09:28:45,18404.05,0
2021-06-02 09:28:48,18403.95,0
2021-06-02 09:28:50,18402.0,0
2021-06-02 09:28:53,18405.8,0
2021-06-02 09:28:56,18404.95,0
2021-06-02 09:28:57,18401.5,0
2021-06-02 09:29:00,18403.9,0
2021-06-02 09:29:10,18402.6,0
2021-06-02 09:29:11,18405.0,0
2021-06-02 09:29:14,18403.3,0
2021-06-02 09:29:16,18396.85,0
2021-06-02 09:29:23,18399.2,0
2021-06-02 09:29:27,18396.65,0
2021-06-02 09:29:37,18397.2,0
2021-06-02 09:29:41,18398.9,0
2021-06-02 09:29:54,18396.7,0
2021-06-02 09:29:56,18396.95,0
2021-06-02 09:29:57,18397.15,0
2021-06-02 09:30:08,18396.0,0
2021-06-02 09:30:17,18396.6,0
2021-06-02 09:30:21,18398.2,0
2021-06-02 09:30:23,18398.0,0
2021-06-02 09:30:24,18396.65,0
2021-06-02 09:30:26,18398.25,0
2021-06-02 09:30:31,18396.1,0
2021-06-02 09:30:32,18395.85,0
2021-06-02 09:30:37,18393.35,0
2021-06-02 09:30:42,18396.7,0
2021-06-02 09:30:43,18398.15,0
2021-06-02 09:30:47,18402.35,0
2021-06-02 09:30:50,18402.4,0
2021-06-02 09:30:56,18407.4,0
2021-06-02 09:30:57,18411.3,0
2021-06-02 09:30:58,18409.75,0
2021-06-02 09:31:17,18402.5,0
2021-06-02 09:31:19,18405.45,0
2021-06-02 09:31:25,18405.3,0
2021-06-02 09:31:36,18418.55,0
2021-06-02 09:31:39,18418.7,0
2021-06-02 09:31:44,18418.95,0
2021-06-02 09:31:46,18419.0,0
2021-06-02 09:31:47,18421.45,0
2021-06-02 09:31:48,18418.95,0
2021-06-02 09:31:49,18420.6,0
2021-06-02 09:31:59,18425.8,0
2021-06-02 09:32:05,18428.25,0
2021-06-02 09:32:06,18427.8,0
2021-06-02 09:32:08,18421.4,0
2021-06-02 09:32:11,18421.85,0
2021-06-02 09:32:12,18423.4,0
2021-06-02 09:32:16,18420.1,0
2021-06-02 09:32:29,18417.75,0
2021-06-02 09:32:33,18415.3,0
2021-06-02 09:32:40,18414.3,0
2021-06-02 09:32:42,18412.4,0
2021-06-02 09:32:43,18411.3,0
2021-06-02 09:32:46,18413.55,0
2021-06-02 09:32:47,18411.65,0
2021-06-02 09:32:52,18414.7,0
2021-06-02 09:32:53,18414.9,0
2021-06-02 09:32:55,18414.35,0
2021-06-02 09:32:58,18417.6,0
2021-06-02 09:32:59,18416.2,0
2021-06-02 09:33:09,18421.5,0
2021-06-02 09:33:10,18422.0,0
2021-06-02 09:33:11,18419.55,0
2021-06-02 09:33:19,18420.35,0
2021-06-02 09:33:21,18422.15,0
2021-06-02 09:33:25,18424.25,0
2021-06-02 09:33:27,18425.25,0
2021-06-02 09:33:28,18424.95,0
2021-06-02 09:33:36,18425.15,0
2021-06-02 09:33:41,18425.85,0
2021-06-02 09:33:42,18426.85,0
2021-06-02 09:33:49,18431.0,0
2021-06-02 09:33:54,18433.35,0
2021-06-02 09:33:58,18431.75,0
2021-06-02 09:34:01,18429.75,0
2021-06-02 09:34:10,18439.65,0
2021-06-02 09:34:14,18442.75,0
2021-06-02 09:34:16,18441.25,0
2021-06-02 09:34:21,18442.45,0
2021-06-02 09:34:22,18441.05,0
2021-06-02 09:34:24,18440.5,0
2021-06-02 09:34:31,18435.3,0
2021-06-02 09:34:33,18439.4,0
2021-06-02 09:34:37,18439.4,0
2021-06-02 09:34:40,18437.65,0
2021-06-02 09:34:41,18433.95,0
2021-06-02 09:34:46,18433.1,0
2021-06-02 09:34:47,18435.25,0
2021-06-02 09:34:53,18436.1,0
2021-06-02 09:34:54,18435.65,0
2021-06-02 09:34:55,18434.95,0
2021-06-02 09:35:01,18440.05,0
2021-06-02 09:35:03,18442.75,0
2021-06-02 09:35:04,18441.95,0
2021-06-02 09:35:06,18441.8,0
2021-06-02 09:35:07,18442.95,0
2021-06-02 09:35:10,18441.55,0
2021-06-02 09:35:12,18442.6,0
2021-06-02 09:35:13,18444.25,0
2021-06-02 09:35:16,18444.55,0
2021-06-02 09:35:17,18442.7,0
2021-06-02 09:35:24,18442.6,0
2021-06-02 09:35:29,18447.75,0
2021-06-02 09:35:30,18450.15,0
2021-06-02 09:35:34,18448.1,0
2021-06-02 09:35:38,18448.2,0
2021-06-02 09:35:39,18447.85,0
2021-06-02 09:35:40,18448.4,0
2021-06-02 09:35:42,18444.9,0
2021-06-02 09:35:44,18446.15,0
2021-06-02 09:35:45,18445.85,0
2021-06-02 09:35:47,18446.15,0
2021-06-02 09:35:50,18443.1,0
2021-06-02 09:35:51,18443.1,0
2021-06-02 09:35:52,18442.55,0
2021-06-02 09:35:57,18441.9,0
2021-06-02 09:35:59,18443.95,0
2021-06-02 09:36:05,18444.05,0
2021-06-02 09:36:07,18447.75,0
2021-06-02 09:36:09,18447.15,0
2021-06-02 09:36:10,18448.75,0
2021-06-02 09:36:13,18446.7,0
2021-06-02 09:36:16,18447.45,0
2021-06-02 09:36:18,18444.95,0
2021-06-02 09:36:19,18445.95,0
2021-06-02 09:36:28,18441.5,0
2021-06-02 09:36:31,18443.15,0
2021-06-02 09:36:32,18443.8,0
2021-06-02 09:36:33,18443.75,0
2021-06-02 09:36:35,18441.55,0
2021-06-02 09:36:37,18442.15,0
2021-06-02 09:36:38,18442.1,0
2021-06-02 09:36:40,18440.05,0
2021-06-02 09:36:41,18442.45,0
2021-06-02 09:36:42,18444.95,0
2021-06-02 09:36:43,18444.3,0
2021-06-02 09:36:44,18442.45,0
2021-06-02 09:36:47,18445.7,0
2021-06-02 09:36:52,18439.7,0
2021-06-02 09:37:02,18443.45,0
2021-06-02 09:37:06,18444.2,0
2021-06-02 09:37:08,18442.85,0
2021-06-02 09:37:11,18445.2,0
2021-06-02 09:37:16,18443.7,0
2021-06-02 09:37:17,18444.35,0
2021-06-02 09:37:21,18443.05,0
2021-06-02 09:37:24,18443.75,0
2021-06-02 09:37:25,18443.55,0
2021-06-02 09:37:35,18443.9,0
2021-06-02 09:37:36,18444.55,0
2021-06-02 09:37:38,18440.05,0
2021-06-02 09:37:39,18440.4,0
2021-06-02 09:37:43,18440.95,0
2021-06-02 09:37:47,18438.8,0
2021-06-02 09:37:49,18439.5,0
2021-06-02 09:37:53,18443.8,0
2021-06-02 09:38:08,18448.2,0
2021-06-02 09:38:12,18448.4,0
2021-06-02 09:38:25,18446.85,0
2021-06-02 09:38:26,18448.05,0
2021-06-02 09:38:28,18448.25,0
2021-06-02 09:38:32,18448.85,0
2021-06-02 09:38:39,18447.65,0
2021-06-02 09:38:43,18447.55,0
2021-06-02 09:38:44,18448.75,0
2021-06-02 09:38:45,18446.4,0
2021-06-02 09:38:46,18446.1,0
2021-06-02 09:38:47,18449.9,0
2021-06-02 09:39:01,18454.45,0
2021-06-02 09:39:05,18453.7,0
2021-06-02 09:39:06,18452.55,0
2021-06-02 09:39:07,18453.05,0
2021-06-02 09:39:13,18450.25,0
2021-06-02 09:39:14,18449.15,0
2021-06-02 09:39:20,18451.6,0
2021-06-02 09:39:21,18452.35,0
2021-06-02 09:39:22,18451.6,0
2021-06-02 09:39:27,18450.55,0
2021-06-02 09:39:28,18453.6,0
2021-06-02 09:39:36,18450.15,0
2021-06-02 09:39:37,18448.65,0
2021-06-02 09:39:43,18451.2,0
2021-06-02 09:39:47,18452.8,0
2021-06-02 09:39:51,18451.15,0
2021-06-02 09:40:02,18453.65,0
2021-06-02 09:40:03,18453.85,0
2021-06-02 09:40:08,18451.2,0
2021-06-02 09:40:12,18450.45,0
2021-06-02 09:40:22,18450.65,0
2021-06-02 09:40:24,18448.25,0
2021-06-02 09:40:25,18451.2,0
2021-06-02 09:40:30,18448.15,0
2021-06-02 09:40:36,18451.2,0
2021-06-02 09:40:37,18450.4,0
2021-06-02 09:40:40,18450.8,0
2021-06-02 09:40:41,18452.95,0
2021-06-02 09:40:45,18451.9,0
2021-06-02 09:40:48,18452.3,0
2021-06-02 09:40:50,18453.6,0
2021-06-02 09:40:53,18458.8,0
2021-06-02 09:40:55,18455.15,0
2021-06-02 09:40:57,18457.3,0
2021-06-02 09:40:59,18458.85,0
2021-06-02 09:41:01,18457.25,0
2021-06-02 09:41:04,18458.8,0
2021-06-02 09:41:10,18454.1,0
2021-06-02 09:41:15,18455.7,0
2021-06-02 09:41:16,18456.75,0
2021-06-02 09:41:18,18455.4,0
2021-06-02 09:41:28,18458.25,0
2021-06-02 09:41:29,18459.0,0
2021-06-02 09:41:34,18458.5,0
2021-06-02 09:41:37,18459.85,0
2021-06-02 09:41:44,18453.75,0
2021-06-02 09:41:47,18457.95,0
2021-06-02 09:41:48,18457.85,0
2021-06-02 09:41:51,18455.5,0
2021-06-02 09:41:59,18454.85,0
2021-06-02 09:42:07,18455.45,0
2021-06-02 09:42:10,18453.7,0
2021-06-02 09:42:12,18453.2,0
2021-06-02 09:42:13,18452.95,0
2021-06-02 09:42:14,18452.05,0
2021-06-02 09:42:15,18452.8,0
2021-06-02 09:42:25,18452.1,0
2021-06-02 09:42:33,18452.7,0
2021-06-02 09:42:37,18456.5,0
2021-06-02 09:42:41,18452.35,0
2021-06-02 09:42:44,18449.35,0
2021-06-02 09:42:48,18451.0,0
2021-06-02 09:42:51,18447.5,0
2021-06-02 09:42:52,18449.85,0
2021-06-02 09:42:58,18450.2,0
2021-06-02 09:43:03,18449.85,0
2021-06-02 09:43:06,18448.5,0
2021-06-02 09:43:07,18448.0,0
2021-06-02 09:43:13,18447.8,0
2021-06-02 09:43:19,18446.95,0
2021-06-02 09:43:25,18442.8,0
2021-06-02 09:43:30,18444.9,0
2021-06-02 09:43:33,18441.95,0
2021-06-02 09:43:38,18440.45,0
2021-06-02 09:43:41,18437.9,0
2021-06-02 09:43:42,18439.0,0
2021-06-02 09:43:47,18437.85,0
2021-06-02 09:43:49,18438.75,0
2021-06-02 09:43:54,18435.7,0
2021-06-02 09:43:55,18435.25,0
2021-06-02 09:44:02,18434.35,0
2021-06-02 09:44:03,18436.9,0
2021-06-02 09:44:20,18434.1,0
2021-06-02 09:44:21,18435.8,0
2021-06-02 09:44:24,18435.65,0
2021-06-02 09:44:25,18433.95,0
2021-06-02 09:44:27,18433.0,0
2021-06-02 09:44:28,18433.0,0
2021-06-02 09:44:29,18433.65,0
2021-06-02 09:44:34,18436.7,0
2021-06-02 09:44:35,18437.25,0
2021-06-02 09:44:37,18437.25,0
2021-06-02 09:44:39,18439.45,0
2021-06-02 09:44:43,18437.35,0
2021-06-02 09:44:46,18438.4,0
2021-06-02 09:44:47,18435.75,0
2021-06-02 09:44:52,18436.6,0
2021-06-02 09:44:54,18436.85,0
2021-06-02 09:44:56,18436.7,0
2021-06-02 09:44:57,18436.6,0
2021-06-02 09:45:01,18440.6,0
2021-06-02 09:45:06,18438.5,0
2021-06-02 09:45:08,18435.75,0
2021-06-02 09:45:09,18432.6,0
2021-06-02 09:45:13,18431.3,0
2021-06-02 09:45:15,18431.0,0
2021-06-02 09:45:17,18428.0,0
2021-06-02 09:45:18,18428.55,0
2021-06-02 09:45:21,18426.25,0
2021-06-02 09:45:28,18422.8,0
2021-06-02 09:45:33,18422.75,0
2021-06-02 09:45:39,18425.65,0
2021-06-02 09:45:42,18428.5,0
2021-06-02 09:45:43,18427.0,0
2021-06-02 09:45:44,18424.55,0
2021-06-02 09:45:47,18426.1,0
2021-06-02 09:45:50,18427.7,0
2021-06-02 09:45:53,18425.25,0
2021-06-02 09:46:00,18423.05,0
2021-06-02 09:46:04,18425.5,0
2021-06-02 09:46:06,18428.3,0
2021-06-02 09:46:09,18425.9,0
2021-06-02 09:46:10,18425.65,0
2021-06-02 09:46:18,18429.9,0
2021-06-02 09:46:19,18431.15,0
2021-06-02 09:46:23,18432.4,0
2021-06-02 09:46:24,18429.25,0
2021-06-02 09:46:25,18429.75,0
2021-06-02 09:46:28,18430.3,0
2021-06-02 09:46:30,18430.25,0
2021-06-02 09:46:33,18427.25,0
2021-06-02 09:46:34,18427.85,0
2021-06-02 09:46:37,18425.3,0
2021-06-02 09:46:39,18420.25,0
2021-06-02 09:46:40,18420.3,0
2021-06-02 09:46:49,18422.3,0
2021-06-02 09:46:52,18428.45,0
2021-06-02 09:46:53,18423.8,0
2021-06-02 09:46:54,18423.6,0
2021-06-02 09:47:01,18435.6,0
2021-06-02 09:47:04,18434.75,0
2021-06-02 09:47:05,18434.95,0
2021-06-02 09:47:08,18435.8,0
2021-06-02 09:47:10,18435.85,0
2021-06-02 09:47:13,18431.9,0
2021-06-02 09:47:14,18432.85,0
2021-06-02 09:47:16,18431.65,0
2021-06-02 09:47:17,18434.15,0
2021-06-02 09:47:22,18429.5,0
2021-06-02 09:47:23,18431.85,0
2021-06-02 09:47:24,18432.1,0
2021-06-02 09:47:31,18430.2,0
2021-06-02 09:47:32,18425.7,0
2021-06-02 09:47:33,18430.0,0
2021-06-02 09:47:39,18431.8,0
2021-06-02 09:47:43,18431.5,0
2021-06-02 09:47:46,18435.0,0
2021-06-02 09:47:52,18435.25,0
2021-06-02 09:47:53,18437.3,0
2021-06-02 09:47:55,18438.3,0
2021-06-02 09:48:04,18432.8,0
2021-06-02 09:48:10,18432.6,0
2021-06-02 09:48:20,18431.0,0
2021-06-02 09:48:34,18438.95,0
2021-06-02 09:48:38,18436.95,0
2021-06-02 09:48:42,18437.6,0
2021-06-02 09:48:44,18438.4,0
2021-06-02 09:48:47,18437.35,0
2021-06-02 09:48:49,18443.6,0
2021-06-02 09:48:52,18439.1,0
2021-06-02 09:48:58,18436.35,0
2021-06-02 09:48:59,18434.85,0
2021-06-02 09:49:10,18434.05,0
2021-06-02 09:49:11,18429.95,0
2021-06-02 09:49:12,18427.85,0
2021-06-02 09:49:13,18429.25,0
2021-06-02 09:49:14,18429.8,0
2021-06-02 09:49:18,18428.65,0
2021-06-02 09:49:20,18429.5,0
2021-06-02 09:49:22,18433.85,0
2021-06-02 09:49:28,18433.6,0
2021-06-02 09:49:30,18434.75,0
2021-06-02 09:49:31,18431.35,0
2021-06-02 09:49:33,18430.55,0
2021-06-02 09:49:34,18430.85,0
2021-06-02 09:49:36,18430.45,0
2021-06-02 09:49:39,18432.35,0
2021-06-02 09:49:46,18432.3,0
2021-06-02 09:49:48,18432.55,0
2021-06-02 09:49:51,18431.25,0
2021-06-02 09:49:52,18430.5,0
2021-06-02 09:50:00,18428.3,0
2021-06-02 09:50:03,18432.1,0
2021-06-02 09:50:04,18427.3,0
2021-06-02 09:50:05,18428.7,0
2021-06-02 09:50:11,18433.45,0
2021-06-02 09:50:14,18429.95,0
2021-06-02 09:50:15,18430.75,0
2021-06-02 09:50:18,18428.9,0
2021-06-02 09:50:19,18431.85,0
2021-06-02 09:50:26,18431.45,0
2021-06-02 09:50:28,18434.55,0
2021-06-02 09:50:30,18434.3,0
2021-06-02 09:50:32,18432.7,0
2021-06-02 09:50:33,18433.85,0
2021-06-02 09:50:34,18431.45,0
2021-06-02 09:50:39,18434.1,0
2021-06-02 09:50:49,18436.55,0
2021-06-02 09:50:51,18434.8,0
2021-06-02 09:50:52,18437.4,0
2021-06-02 09:50:55,18437.5,0
2021-06-02 09:50:57,18435.15,0
2021-06-02 09:51:03,18429.7,0
2021-06-02 09:51:09,18431.45,0
2021-06-02 09:51:11,18432.3,0
2021-06-02 09:51:16,18430.7,0
2021-06-02 09:51:21,18433.85,0
2021-06-02 09:51:26,18434.45,0
2021-06-02 09:51:33,18436.9,0
2021-06-02 09:51:35,18436.65,0
2021-06-02 09:51:38,18437.65,0
2021-06-02 09:51:39,18438.25,0
2021-06-02 09:51:42,18436.4,0
2021-06-02 09:51:43,18439.2,0
2021-06-02 09:51:45,18437.35,0
2021-06-02 09:51:46,18437.95,0
2021-06-02 09:51:47,18438.05,0
2021-06-02 09:51:50,18435.9,0
2021-06-02 09:51:52,18437.35,0
2021-06-02 09:51:54,18437.3,0
2021-06-02 09:51:59,18437.05,0
2021-06-02 09:52:06,18436.85,0
2021-06-02 09:52:08,18438.55,0
2021-06-02 09:52:11,18436.55,0
2021-06-02 09:52:22,18432.8,0
2021-06-02 09:52:26,18431.0,0
2021-06-02 09:52:28,18431.85,0
2021-06-02 09:52:30,18431.7,0
2021-06-02 09:52:34,18432.65,0
2021-06-02 09:52:36,18428.75,0
2021-06-02 09:52:37,18429.9,0
2021-06-02 09:52:38,18431.15,0
2021-06-02 09:52:39,18428.1,0
2021-06-02 09:52:40,18428.15,0
2021-06-02 09:52:46,18433.8,0
2021-06-02 09:52:47,18433.2,0
2021-06-02 09:52:51,18431.45,0
2021-06-02 09:52:53,18430.7,0
2021-06-02 09:52:54,18432.5,0
2021-06-02 09:52:55,18431.95,0
2021-06-02 09:52:56,18427.75,0
2021-06-02 09:52:59,18427.95,0
2021-06-02 09:53:04,18430.4,0
2021-06-02 09:53:08,18428.1,0
2021-06-02 09:53:16,18428.85,0
2021-06-02 09:53:17,18426.7,0
2021-06-02 09:53:18,18425.8,0
2021-06-02 09:53:21,18427.5,0
2021-06-02 09:53:22,18427.65,0
2021-06-02 09:53:25,18427.3,0
2021-06-02 09:53:26,18425.7,0
2021-06-02 09:53:27,18426.0,0
2021-06-02 09:53:31,18424.25,0
2021-06-02 09:53:42,18421.35,0
2021-06-02 09:53:57,18426.35,0
2021-06-02 09:54:00,18424.0,0
2021-06-02 09:54:01,18425.4,0
2021-06-02 09:54:05,18426.95,0
2021-06-02 09:54:09,18424.75,0
2021-06-02 09:54:11,18425.95,0
2021-06-02 09:54:12,18426.35,0
2021-06-02 09:54:13,18423.25,0
2021-06-02 09:54:14,18427.25,0
2021-06-02 09:54:17,18423.6,0
2021-06-02 09:54:26,18422.0,0
2021-06-02 09:54:33,18422.45,0
2021-06-02 09:54:38,18419.1,0
2021-06-02 09:54:39,18416.75,0
2021-06-02 09:54:42,18416.15,0
2021-06-02 09:54:44,18421.5,0
2021-06-02 09:54:48,18418.15,0
2021-06-02 09:54:49,18418.05,0
2021-06-02 09:54:51,18419.8,0
2021-06-02 09:54:56,18416.45,0
2021-06-02 09:54:57,18417.1,0
2021-06-02 09:54:58,18418.8,0
2021-06-02 09:55:00,18420.75,0
2021-06-02 09:55:01,18419.05,0
2021-06-02 09:55:11,18418.75,0
2021-06-02 09:55:12,18417.95,0
2021-06-02 09:55:18,18416.9,0
2021-06-02 09:55:19,18419.4,0
2021-06-02 09:55:20,18419.2,0
2021-06-02 09:55:21,18421.85,0
2021-06-02 09:55:22,18423.15,0
2021-06-02 09:55:23,18422.4,0
2021-06-02 09:55:31,18421.9,0
2021-06-02 09:55:32,18421.1,0
2021-06-02 09:55:41,18421.7,0
2021-06-02 09:55:46,18422.8,0
2021-06-02 09:55:47,18424.1,0
2021-06-02 09:55:53,18421.05,0
2021-06-02 09:55:58,18420.15,0
2021-06-02 09:56:03,18419.2,0
2021-06-02 09:56:04,18417.15,0
2021-06-02 09:56:11,18418.05,0
2021-06-02 09:56:12,18417.05,0
2021-06-02 09:56:13,18416.45,0
2021-06-02 09:56:14,18415.05,0
2021-06-02 09:56:23,18416.7,0
2021-06-02 09:56:33,18416.3,0
2021-06-02 09:56:34,18412.75,0
2021-06-02 09:56:36,18413.0,0
2021-06-02 09:56:37,18413.0,0
2021-06-02 09:56:43,18413.95,0
2021-06-02 09:56:50,18412.3,0
2021-06-02 09:56:52,18410.6,0
2021-06-02 09:56:54,18410.8,0
2021-06-02 09:56:56,18414.0,0
2021-06-02 09:56:57,18411.25,0
2021-06-02 09:56:59,18412.75,0
2021-06-02 09:57:00,18412.0,0
2021-06-02 09:57:02,18410.2,0
2021-06-02 09:57:07,18407.8,0
2021-06-02 09:57:12,18407.15,0
2021-06-02 09:57:13,18407.25,0
2021-06-02 09:57:14,18405.65,0
2021-06-02 09:57:15,18406.0,0
2021-06-02 09:57:16,18405.25,0
2021-06-02 09:57:24,18406.4,0
2021-06-02 09:57:27,18405.45,0
2021-06-02 09:57:28,18407.65,0
2021-06-02 09:57:31,18406.5,0
2021-06-02 09:57:33,18406.0,0
2021-06-02 09:57:36,18409.5,0
2021-06-02 09:57:37,18409.9,0
2021-06-02 09:57:38,18407.85,0
2021-06-02 09:57:47,18411.85,0
2021-06-02 09:57:48,18411.5,0
2021-06-02 09:57:49,18411.25,0
2021-06-02 09:57:52,18410.35,0
2021-06-02 09:57:53,18411.45,0
2021-06-02 09:57:54,18410.0,0
2021-06-02 09:57:55,18412.95,0
2021-06-02 09:57:58,18411.3,0
2021-06-02 09:57:59,18411.6,0
2021-06-02 09:58:07,18410.8,0
2021-06-02 09:58:12,18408.6,0
2021-06-02 09:58:18,18410.9,0
2021-06-02 09:58:31,18411.3,0
2021-06-02 09:58:37,18410.95,0
2021-06-02 09:58:41,18414.5,0
2021-06-02 09:58:45,18412.6,0
2021-06-02 09:58:46,18414.35,0
2021-06-02 09:58:49,18414.3,0
2021-06-02 09:58:57,18411.1,0
2021-06-02 09:58:59,18412.15,0
2021-06-02 09:59:00,18411.25,0
2021-06-02 09:59:02,18411.05,0
2021-06-02 09:59:12,18407.3,0
2021-06-02 09:59:13,18406.85,0
2021-06-02 09:59:14,18405.4,0
2021-06-02 09:59:16,18405.35,0
2021-06-02 09:59:18,18406.2,0
2021-06-02 09:59:20,18407.8,0
2021-06-02 09:59:21,18406.25,0
2021-06-02 09:59:23,18405.25,0
2021-06-02 09:59:27,18407.5,0
2021-06-02 09:59:28,18406.4,0
2021-06-02 09:59:36,18402.75,0
2021-06-02 09:59:37,18407.0,0
2021-06-02 09:59:38,18404.0,0
2021-06-02 09:59:40,18404.45,0
2021-06-02 09:59:41,18405.1,0
2021-06-02 09:59:42,18405.9,0
2021-06-02 09:59:44,18406.05,0
2021-06-02 09:59:48,18404.35,0
2021-06-02 09:59:50,18405.7,0
2021-06-02 09:59:53,18407.2,0
2021-06-02 09:59:57,18406.7,0
2021-06-02 10:00:04,18404.65,0
2021-06-02 10:00:08,18406.45,0
2021-06-02 10:00:09,18405.2,0
2021-06-02 10:00:12,18404.05,0
2021-06-02 10:00:13,18405.45,0
2021-06-02 10:00:16,18403.95,0
2021-06-02 10:00:18,18403.05,0
2021-06-02 10:00:23,18404.55,0
2021-06-02 10:00:28,18403.7,0
2021-06-02 10:00:33,18403.85,0
2021-06-02 10:00:36,18404.1,0
2021-06-02 10:00:42,18408.7,0
2021-06-02 10:00:44,18405.4,0
2021-06-02 10:00:48,18403.45,0
2021-06-02 10:00:56,18406.5,0
2021-06-02 10:00:57,18406.3,0
2021-06-02 10:01:00,18405.4,0
2021-06-02 10:01:07,18407.5,0
2021-06-02 10:01:12,18406.45,0
2021-06-02 10:01:16,18409.55,0
2021-06-02 10:01:23,18409.05,0
2021-06-02 10:01:25,18411.0,0
2021-06-02 10:01:31,18409.45,0
2021-06-02 10:01:34,18411.05,0
2021-06-02 10:01:40,18410.95,0
2021-06-02 10:01:49,18411.05,0
2021-06-02 10:01:54,18413.2,0
2021-06-02 10:01:55,18412.1,0
2021-06-02 10:01:57,18412.5,0
2021-06-02 10:02:04,18414.9,0
2021-06-02 10:02:07,18413.65,0
2021-06-02 10:02:09,18415.15,0
2021-06-02 10:02:11,18416.8,0
2021-06-02 10:02:13,18415.35,0
2021-06-02 10:02:18,18415.55,0
2021-06-02 10:02:21,18421.8,0
2021-06-02 10:02:22,18418.4,0
2021-06-02 10:02:28,18420.7,0
2021-06-02 10:02:31,18420.6,0
2021-06-02 10:02:36,18417.2,0
2021-06-02 10:02:40,18414.45,0
2021-06-02 10:02:43,18409.2,0
2021-06-02 10:02:46,18409.6,0
2021-06-02 10:02:49,18405.25,0
2021-06-02 10:02:50,18404.25,0
2021-06-02 10:02:55,18402.65,0
2021-06-02 10:03:03,18392.45,0
2021-06-02 10:03:07,18383.8,0
2021-06-02 10:03:08,18383.05,0
2021-06-02 10:03:11,18388.1,0
2021-06-02 10:03:16,18381.6,0
2021-06-02 10:03:21,18385.0,0
2021-06-02 10:03:27,18384.8,0
2021-06-02 10:03:31,18386.35,0
2021-06-02 10:03:35,18388.1,0
2021-06-02 10:03:38,18388.0,0
2021-06-02 10:03:40,18386.4,0
2021-06-02 10:03:45,18385.5,0
2021-06-02 10:03:54,18387.75,0
2021-06-02 10:03:59,18388.1,0
2021-06-02 10:04:05,18390.3,0
2021-06-02 10:04:06,18388.35,0
2021-06-02 10:04:08,18392.25,0
2021-06-02 10:04:09,18388.9,0
2021-06-02 10:04:12,18391.3,0
2021-06-02 10:04:13,18387.8,0
2021-06-02 10:04:14,18388.4,0
2021-06-02 10:04:19,18391.6,0
2021-06-02 10:04:20,18393.75,0
2021-06-02 10:04:24,18391.0,0
2021-06-02 10:04:27,18390.9,0
2021-06-02 10:04:32,18394.3,0
2021-06-02 10:04:33,18395.65,0
2021-06-02 10:04:36,18393.05,0
2021-06-02 10:04:40,18391.75,0
2021-06-02 10:04:42,18392.65,0
2021-06-02 10:04:52,18394.1,0
2021-06-02 10:04:57,18395.05,0
2021-06-02 10:04:58,18397.3,0
2021-06-02 10:05:11,18396.1,0
2021-06-02 10:05:14,18398.45,0
2021-06-02 10:05:15,18396.8,0
2021-06-02 10:05:19,18397.65,0
2021-06-02 10:05:24,18400.65,0
2021-06-02 10:05:27,18402.6,0
2021-06-02 10:05:29,18404.35,0
2021-06-02 10:05:33,18404.3,0
2021-06-02 10:05:35,18403.7,0
2021-06-02 10:05:37,18402.9,0
2021-06-02 10:05:48,18402.15,0
2021-06-02 10:05:50,18403.1,0
2021-06-02 10:05:55,18399.65,0
2021-06-02 10:05:56,18396.8,0
2021-06-02 10:05:58,18396.1,0
2021-06-02 10:06:04,18393.8,0
2021-06-02 10:06:06,18392.05,0
2021-06-02 10:06:11,18393.35,0
2021-06-02 10:06:12,18393.4,0
2021-06-02 10:06:13,18395.2,0
2021-06-02 10:06:25,18392.45,0
2021-06-02 10:06:26,18395.85,0
2021-06-02 10:06:27,18393.75,0
2021-06-02 10:06:32,18400.8,0
2021-06-02 10:06:34,18397.6,0
2021-06-02 10:06:36,18396.6,0
2021-06-02 10:06:37,18398.75,0
2021-06-02 10:06:38,18396.55,0
2021-06-02 10:06:48,18397.05,0
2021-06-02 10:06:51,18397.0,0
2021-06-02 10:06:52,18397.05,0
2021-06-02 10:06:57,18397.75,0
2021-06-02 10:06:59,18398.85,0
2021-06-02 10:07:04,18396.55,0
2021-06-02 10:07:07,18399.95,0
2021-06-02 10:07:08,18397.45,0
2021-06-02 10:07:09,18397.7,0
2021-06-02 10:07:12,18395.8,0
2021-06-02 10:07:13,18396.65,0
2021-06-02 10:07:17,18398.9,0
2021-06-02 10:07:21,18398.3,0
2021-06-02 10:07:24,18399.55,0
2021-06-02 10:07:25,18401.95,0
2021-06-02 10:07:26,18399.65,0
2021-06-02 10:07:29,18395.7,0
2021-06-02 10:07:32,18399.1,0
2021-06-02 10:07:34,18396.4,0
2021-06-02 10:07:36,18393.6,0
2021-06-02 10:07:38,18396.35,0
2021-06-02 10:07:48,18390.15,0
2021-06-02 10:07:52,18390.4,0
2021-06-02 10:07:55,18391.2,0
2021-06-02 10:07:57,18390.35,0
2021-06-02 10:08:00,18390.2,0
2021-06-02 10:08:03,18392.3,0
2021-06-02 10:08:15,18391.4,0
2021-06-02 10:08:16,18391.1,0
2021-06-02 10:08:28,18392.5,0
2021-06-02 10:08:32,18395.3,0
2021-06-02 10:08:35,18393.1,0
2021-06-02 10:08:36,18392.65,0
2021-06-02 10:08:40,18394.1,0
2021-06-02 10:08:42,18392.7,0
2021-06-02 10:08:45,18396.85,0
2021-06-02 10:08:48,18396.6,0
2021-06-02 10:08:51,18394.65,0
2021-06-02 10:08:53,18396.8,0
2021-06-02 10:08:55,18394.55,0
2021-06-02 10:08:57,18397.85,0
2021-06-02 10:08:58,18395.05,0
2021-06-02 10:09:04,18391.9,0
2021-06-02 10:09:10,18394.35,0
2021-06-02 10:09:12,18391.65,0
2021-06-02 10:09:14,18392.9,0
2021-06-02 10:09:17,18393.05,0
2021-06-02 10:09:18,18394.15,0
2021-06-02 10:09:21,18390.3,0
2021-06-02 10:09:26,18393.95,0
2021-06-02 10:09:27,18393.4,0
2021-06-02 10:09:28,18392.7,0
2021-06-02 10:09:30,18395.6,0
2021-06-02 10:09:34,18392.35,0
2021-06-02 10:09:37,18393.8,0
2021-06-02 10:09:40,18392.4,0
2021-06-02 10:09:46,18392.6,0
2021-06-02 10:09:49,18393.55,0
2021-06-02 10:09:52,18393.2,0
2021-06-02 10:09:59,18392.4,0
2021-06-02 10:10:02,18393.25,0
2021-06-02 10:10:04,18393.55,0
2021-06-02 10:10:10,18390.85,0
2021-06-02 10:10:12,18392.15,0
2021-06-02 10:10:13,18391.95,0
2021-06-02 10:10:14,18392.45,0
2021-06-02 10:10:18,18394.05,0
2021-06-02 10:10:24,18392.9,0
2021-06-02 10:10:26,18392.65,0
2021-06-02 10:10:29,18394.75,0
2021-06-02 10:10:30,18397.55,0
2021-06-02 10:10:32,18393.85,0
2021-06-02 10:10:35,18396.8,0
2021-06-02 10:10:45,18396.15,0
2021-06-02 10:10:47,18398.0,0
2021-06-02 10:10:49,18397.2,0
2021-06-02 10:11:10,18391.5,0
2021-06-02 10:11:11,18392.2,0
2021-06-02 10:11:14,18393.55,0
2021-06-02 10:11:17,18392.3,0
2021-06-02 10:11:19,18391.5,0
2021-06-02 10:11:20,18392.05,0
2021-06-02 10:11:22,18392.95,0
2021-06-02 10:11:25,18390.1,0
2021-06-02 10:11:32,18387.9,0
2021-06-02 10:11:33,18388.2,0
2021-06-02 10:11:35,18388.8,0
2021-06-02 10:11:37,18389.5,0
2021-06-02 10:11:38,18388.25,0
2021-06-02 10:11:46,18389.55,0
2021-06-02 10:11:47,18391.4,0
2021-06-02 10:11:50,18387.7,0
2021-06-02 10:11:54,18390.2,0
2021-06-02 10:11:55,18390.15,0
2021-06-02 10:12:00,18391.2,0
2021-06-02 10:12:02,18391.5,0
2021-06-02 10:12:03,18392.4,0
2021-06-02 10:12:09,18390.8,0
2021-06-02 10:12:10,18390.9,0
2021-06-02 10:12:12,18388.4,0
2021-06-02 10:12:13,18392.05,0
2021-06-02 10:12:17,18395.8,0
2021-06-02 10:12:20,18395.25,0
2021-06-02 10:12:26,18395.8,0
2021-06-02 10:12:33,18398.25,0
2021-06-02 10:12:38,18402.1,0
2021-06-02 10:12:42,18403.45,0
2021-06-02 10:12:43,18403.15,0
2021-06-02 10:12:54,18405.5,0
2021-06-02 10:12:58,18404.65,0
2021-06-02 10:13:05,18404.85,0
2021-06-02 10:13:08,18409.2,0
2021-06-02 10:13:10,18408.55,0
2021-06-02 10:13:11,18412.25,0
2021-06-02 10:13:12,18412.35,0
2021-06-02 10:13:17,18412.65,0
2021-06-02 10:13:19,18413.6,0
2021-06-02 10:13:22,18417.85,0
2021-06-02 10:13:24,18416.4,0
2021-06-02 10:13:25,18417.2,0
2021-06-02 10:13:28,18417.55,0
2021-06-02 10:13:30,18415.05,0
2021-06-02 10:13:31,18415.35,0
2021-06-02 10:13:34,18411.95,0
2021-06-02 10:13:40,18409.8,0
2021-06-02 10:13:43,18411.2,0
2021-06-02 10:13:48,18412.15,0
2021-06-02 10:13:49,18413.85,0
2021-06-02 10:13:51,18415.35,0
2021-06-02 10:13:54,18419.9,0
2021-06-02 10:13:56,18414.4,0
2021-06-02 10:14:06,18417.75,0
2021-06-02 10:14:15,18416.65,0
2021-06-02 10:14:16,18418.15,0
2021-06-02 10:14:22,18417.45,0
2021-06-02 10:14:26,18414.9,0
2021-06-02 10:14:29,18417.75,0
2021-06-02 10:14:34,18416.1,0
2021-06-02 10:14:37,18416.25,0
2021-06-02 10:14:40,18418.7,0
2021-06-02 10:14:43,18418.2,0
2021-06-02 10:14:44,18417.95,0
2021-06-02 10:14:45,18418.5,0
2021-06-02 10:14:48,18417.4,0
2021-06-02 10:14:49,18418.1,0
2021-06-02 10:14:54,18416.3,0
2021-06-02 10:14:57,18418.6,0
2021-06-02 10:15:02,18415.85,0
2021-06-02 10:15:03,18415.25,0
2021-06-02 10:15:06,18415.6,0
2021-06-02 10:15:07,18414.75,0
2021-06-02 10:15:12,18409.55,0
2021-06-02 10:15:15,18410.85,0
2021-06-02 10:15:23,18411.8,0
2021-06-02 10:15:29,18414.5,0
2021-06-02 10:15:35,18416.95,0
2021-06-02 10:15:37,18413.65,0
2021-06-02 10:15:41,18417.25,0
2021-06-02 10:15:42,18417.4,0
2021-06-02 10:15:44,18418.0,0
2021-06-02 10:15:45,18418.0,0
2021-06-02 10:15:47,18414.85,0
2021-06-02 10:15:48,18417.05,0
2021-06-02 10:15:49,18418.35,0
2021-06-02 10:15:55,18416.8,0
2021-06-02 10:15:56,18419.3,0
2021-06-02 10:15:59,18418.1,0
2021-06-02 10:16:00,18418.0,0
2021-06-02 10:16:02,18419.9,0
2021-06-02 10:16:09,18420.55,0
2021-06-02 10:16:10,18419.25,0
2021-06-02 10:16:15,18420.5,0
2021-06-02 10:16:16,18417.9,0
2021-06-02 10:16:24,18418.7,0
2021-06-02 10:16:29,18419.0,0
2021-06-02 10:16:30,18415.9,0
2021-06-02 10:16:34,18416.95,0
2021-06-02 10:16:36,18417.75,0
2021-06-02 10:16:37,18416.15,0
2021-06-02 10:16:39,18414.5,0
2021-06-02 10:16:40,18416.4,0
2021-06-02 10:16:42,18417.35,0
2021-06-02 10:16:44,18415.15,0
2021-06-02 10:16:47,18413.75,0
2021-06-02 10:16:50,18418.35,0
2021-06-02 10:16:51,18416.25,0
2021-06-02 10:16:52,18417.25,0
2021-06-02 10:16:53,18414.7,0
2021-06-02 10:16:54,18412.9,0
2021-06-02 10:16:55,18409.5,0
2021-06-02 10:16:57,18413.95,0
2021-06-02 10:16:58,18415.2,0
2021-06-02 10:17:02,18412.3,0
2021-06-02 10:17:11,18411.4,0
2021-06-02 10:17:12,18410.65,0
2021-06-02 10:17:16,18412.85,0
2021-06-02 10:17:19,18411.8,0
2021-06-02 10:17:22,18412.5,0
2021-06-02 10:17:26,18413.85,0
2021-06-02 10:17:28,18410.55,0
2021-06-02 10:17:32,18413.15,0
2021-06-02 10:17:34,18410.8,0
2021-06-02 10:17:35,18410.75,0
2021-06-02 10:17:38,18411.35,0
2021-06-02 10:17:40,18409.95,0
2021-06-02 10:17:44,18410.1,0
2021-06-02 10:17:45,18409.1,0
2021-06-02 10:17:53,18408.95,0
2021-06-02 10:17:54,18411.5,0
2021-06-02 10:17:57,18409.9,0
2021-06-02 10:18:00,18410.6,0
2021-06-02 10:18:01,18407.9,0
2021-06-02 10:18:02,18408.45,0
2021-06-02 10:18:03,18411.3,0
2021-06-02 10:18:05,18408.2,0
2021-06-02 10:18:07,18409.65,0
2021-06-02 10:18:08,18412.05,0
2021-06-02 10:18:13,18410.55,0
2021-06-02 10:18:14,18410.65,0
2021-06-02 10:18:15,18410.7,0
2021-06-02 10:18:16,18411.15,0
2021-06-02 10:18:26,18410.95,0
2021-06-02 10:18:27,18410.7,0
2021-06-02 10:18:28,18408.35,0
2021-06-02 10:18:30,18410.55,0
2021-06-02 10:18:40,18409.6,0
2021-06-02 10:18:52,18408.95,0
2021-06-02 10:18:55,18409.75,0
2021-06-02 10:18:56,18409.3,0
2021-06-02 10:18:58,18409.95,0
2021-06-02 10:19:00,18408.7,0
2021-06-02 10:19:03,18408.25,0
2021-06-02 10:19:04,18409.15,0
2021-06-02 10:19:06,18410.5,0
2021-06-02 10:19:08,18407.8,0
2021-06-02 10:19:09,18406.75,0
2021-06-02 10:19:12,18408.55,0
2021-06-02 10:19:18,18406.1,0
2021-06-02 10:19:19,18407.8,0
2021-06-02 10:19:27,18406.2,0
2021-06-02 10:19:29,18409.35,0
2021-06-02 10:19:30,18409.1,0
2021-06-02 10:19:32,18406.6,0
2021-06-02 10:19:33,18404.75,0
2021-06-02 10:19:38,18407.75,0
2021-06-02 10:19:39,18406.95,0
2021-06-02 10:19:43,18413.55,0
2021-06-02 10:19:54,18411.2,0
2021-06-02 10:19:55,18411.5,0
2021-06-02 10:20:00,18408.9,0
2021-06-02 10:20:01,18412.4,0
2021-06-02 10:20:03,18411.05,0
2021-06-02 10:20:04,18411.0,0
2021-06-02 10:20:18,18408.05,0
2021-06-02 10:20:22,18410.3,0
2021-06-02 10:20:24,18409.6,0
2021-06-02 10:20:26,18408.2,0
2021-06-02 10:20:28,18407.65,0
2021-06-02 10:20:29,18407.4,0
2021-06-02 10:20:34,18409.25,0
2021-06-02 10:20:36,18407.9,0
2021-06-02 10:20:39,18407.85,0
2021-06-02 10:20:40,18404.6,0
2021-06-02 10:20:41,18405.3,0
2021-06-02 10:20:42,18405.0,0
2021-06-02 10:20:44,18405.95,0
2021-06-02 10:20:45,18404.25,0
2021-06-02 10:20:46,18405.2,0
2021-06-02 10:20:49,18402.6,0
2021-06-02 10:20:52,18404.9,0
2021-06-02 10:20:54,18405.6,0
2021-06-02 10:20:57,18405.85,0
2021-06-02 10:20:58,18407.0,0
2021-06-02 10:21:00,18404.55,0
2021-06-02 10:21:02,18403.0,0
2021-06-02 10:21:05,18402.05,0
2021-06-02 10:21:10,18403.7,0
2021-06-02 10:21:12,18402.15,0
2021-06-02 10:21:14,18400.75,0
2021-06-02 10:21:18,18403.15,0
2021-06-02 10:21:22,18401.85,0
2021-06-02 10:21:23,18401.3,0
2021-06-02 10:21:26,18404.4,0
2021-06-02 10:21:29,18402.2,0
2021-06-02 10:21:32,18403.85,0
2021-06-02 10:21:36,18401.55,0
2021-06-02 10:21:48,18398.9,0
2021-06-02 10:21:51,18396.85,0
2021-06-02 10:21:54,18396.1,0
2021-06-02 10:21:55,18394.1,0
2021-06-02 10:21:59,18396.4,0
2021-06-02 10:22:01,18395.9,0
2021-06-02 10:22:04,18395.1,0
2021-06-02 10:22:05,18395.25,0
2021-06-02 10:22:09,18390.75,0
2021-06-02 10:22:11,18391.75,0
2021-06-02 10:22:12,18393.65,0
2021-06-02 10:22:13,18392.9,0
2021-06-02 10:22:15,18394.8,0
2021-06-02 10:22:16,18393.2,0
2021-06-02 10:22:17,18392.8,0
2021-06-02 10:22:20,18395.7,0
2021-06-02 10:22:26,18391.7,0
2021-06-02 10:22:28,18396.55,0
2021-06-02 10:22:30,18393.55,0
2021-06-02 10:22:37,18396.95,0
2021-06-02 10:22:39,18397.65,0
2021-06-02 10:22:42,18399.05,0
2021-06-02 10:22:43,18397.0,0
2021-06-02 10:22:48,18397.7,0
2021-06-02 10:22:56,18398.85,0
2021-06-02 10:22:58,18400.35,0
2021-06-02 10:22:59,18400.45,0
2021-06-02 10:23:07,18397.85,0
2021-06-02 10:23:13,18397.6,0
2021-06-02 10:23:14,18397.5,0
2021-06-02 10:23:15,18398.75,0
2021-06-02 10:23:16,18395.4,0
2021-06-02 10:23:17,18396.25,0
2021-06-02 10:23:22,18397.45,0
2021-06-02 10:23:23,18396.5,0
2021-06-02 10:23:26,18397.55,0
2021-06-02 10:23:27,18396.05,0
2021-06-02 10:23:30,18396.5,0
2021-06-02 10:23:33,18397.7,0
2021-06-02 10:23:40,18393.65,0
2021-06-02 10:23:44,18395.45,0
2021-06-02 10:23:51,18401.35,0
2021-06-02 10:23:52,18402.5,0
2021-06-02 10:23:55,18401.6,0
2021-06-02 10:23:56,18402.55,0
2021-06-02 10:23:58,18399.95,0
2021-06-02 10:24:02,18402.2,0
2021-06-02 10:24:04,18400.65,0
2021-06-02 10:24:07,18402.75,0
2021-06-02 10:24:08,18400.95,0
2021-06-02 10:24:13,18402.05,0
2021-06-02 10:24:14,18404.75,0
2021-06-02 10:24:16,18406.45,0
2021-06-02 10:24:17,18406.65,0
2021-06-02 10:24:27,18406.0,0
2021-06-02 10:24:28,18406.6,0
2021-06-02 10:24:30,18405.4,0
2021-06-02 10:24:37,18407.75,0
2021-06-02 10:24:40,18406.9,0
2021-06-02 10:24:41,18409.4,0
2021-06-02 10:24:47,18408.8,0
2021-06-02 10:24:56,18413.35,0
2021-06-02 10:25:01,18409.0,0
2021-06-02 10:25:02,18410.8,0
2021-06-02 10:25:04,18410.1,0
2021-06-02 10:25:07,18408.7,0
2021-06-02 10:25:11,18412.0,0
2021-06-02 10:25:14,18412.2,0
2021-06-02 10:25:16,18411.2,0
2021-06-02 10:25:17,18411.15,0
2021-06-02 10:25:18,18409.25,0
2021-06-02 10:25:22,18411.45,0
2021-06-02 10:25:26,18413.4,0
2021-06-02 10:25:31,18411.6,0
2021-06-02 10:25:39,18410.85,0
2021-06-02 10:25:42,18409.95,0
2021-06-02 10:25:43,18410.25,0
2021-06-02 10:25:46,18409.55,0
2021-06-02 10:25:47,18410.55,0
2021-06-02 10:25:52,18409.3,0
2021-06-02 10:25:57,18405.5,0
2021-06-02 10:26:02,18406.5,0
2021-06-02 10:26:03,18404.35,0
2021-06-02 10:26:05,18404.5,0
2021-06-02 10:26:06,18407.15,0
2021-06-02 10:26:11,18404.95,0
2021-06-02 10:26:13,18407.55,0
2021-06-02 10:26:19,18405.55,0
2021-06-02 10:26:20,18404.75,0
2021-06-02 10:26:24,18405.6,0
2021-06-02 10:26:25,18405.85,0
2021-06-02 10:26:26,18404.2,0
2021-06-02 10:26:28,18404.7,0
2021-06-02 10:26:40,18401.85,0
2021-06-02 10:26:43,18400.7,0
2021-06-02 10:26:44,18400.6,0
2021-06-02 10:26:45,18401.95,0
2021-06-02 10:26:46,18402.05,0
2021-06-02 10:26:49,18400.45,0
2021-06-02 10:26:50,18400.15,0
2021-06-02 10:26:51,18402.3,0
2021-06-02 10:26:54,18399.9,0
2021-06-02 10:26:55,18400.3,0
2021-06-02 10:26:57,18400.75,0
2021-06-02 10:26:59,18401.0,0
2021-06-02 10:27:01,18399.9,0
2021-06-02 10:27:03,18400.95,0
2021-06-02 10:27:04,18399.9,0
2021-06-02 10:27:05,18400.75,0
2021-06-02 10:27:08,18402.5,0
2021-06-02 10:27:14,18404.2,0
2021-06-02 10:27:17,18402.6,0
2021-06-02 10:27:18,18402.6,0
2021-06-02 10:27:25,18403.9,0
2021-06-02 10:27:30,18402.35,0
2021-06-02 10:27:34,18401.35,0
2021-06-02 10:27:35,18403.55,0
2021-06-02 10:27:40,18403.25,0
2021-06-02 10:27:42,18401.45,0
2021-06-02 10:27:43,18403.95,0
2021-06-02 10:27:44,18401.6,0
2021-06-02 10:27:46,18403.5,0
2021-06-02 10:27:50,18403.0,0
2021-06-02 10:27:54,18404.75,0
2021-06-02 10:27:55,18404.1,0
2021-06-02 10:27:57,18403.95,0
2021-06-02 10:28:02,18405.6,0
2021-06-02 10:28:04,18405.55,0
2021-06-02 10:28:05,18402.65,0
2021-06-02 10:28:15,18404.25,0
2021-06-02 10:28:17,18403.45,0
2021-06-02 10:28:25,18404.6,0
2021-06-02 10:28:27,18405.95,0
2021-06-02 10:28:36,18406.65,0
2021-06-02 10:28:38,18406.1,0
2021-06-02 10:28:43,18406.05,0
2021-06-02 10:28:44,18403.75,0
2021-06-02 10:28:47,18406.25,0
2021-06-02 10:28:50,18403.75,0
2021-06-02 10:28:53,18407.45,0
2021-06-02 10:28:57,18405.8,0
2021-06-02 10:29:09,18397.8,0
2021-06-02 10:29:10,18400.1,0
2021-06-02 10:29:11,18398.6,0
2021-06-02 10:29:19,18406.2,0
2021-06-02 10:29:24,18409.9,0
2021-06-02 10:29:27,18409.85,0
2021-06-02 10:29:28,18411.25,0
2021-06-02 10:29:31,18411.2,0
2021-06-02 10:29:32,18410.65,0
2021-06-02 10:29:42,18404.45,0
2021-06-02 10:29:44,18406.05,0
2021-06-02 10:29:47,18410.1,0
2021-06-02 10:29:49,18406.75,0
2021-06-02 10:29:50,18408.45,0
2021-06-02 10:29:51,18407.45,0
2021-06-02 10:29:54,18405.9,0
2021-06-02 10:29:55,18408.35,0
2021-06-02 10:29:56,18408.15,0
2021-06-02 10:29:58,18410.2,0
2021-06-02 10:30:04,18412.0,0
2021-06-02 10:30:07,18410.45,0
2021-06-02 10:30:09,18416.8,0
2021-06-02 10:30:12,18412.3,0
2021-06-02 10:30:13,18414.3,0
2021-06-02 10:30:19,18409.2,0
2021-06-02 10:30:21,18407.15,0
2021-06-02 10:30:23,18408.05,0
2021-06-02 10:30:28,18407.25,0
2021-06-02 10:30:31,18407.6,0
2021-06-02 10:30:32,18408.1,0
2021-06-02 10:30:33,18408.65,0
2021-06-02 10:30:49,18408.9,0
2021-06-02 10:30:50,18407.05,0
2021-06-02 10:30:52,18408.5,0
2021-06-02 10:30:59,18404.75,0
2021-06-02 10:31:06,18397.9,0
2021-06-02 10:31:08,18389.7,0
2021-06-02 10:31:17,18390.7,0
2021-06-02 10:31:19,18394.0,0
2021-06-02 10:31:22,18391.0,0
2021-06-02 10:31:23,18394.25,0
2021-06-02 10:31:24,18391.8,0
2021-06-02 10:31:27,18389.15,0
2021-06-02 10:31:33,18392.35,0
2021-06-02 10:31:34,18392.75,0
2021-06-02 10:31:41,18395.55,0
2021-06-02 10:31:44,18399.25,0
2021-06-02 10:31:48,18399.9,0
2021-06-02 10:31:50,18399.3,0
2021-06-02 10:31:51,18397.7,0
2021-06-02 10:31:53,18400.9,0
2021-06-02 10:31:54,18398.1,0
2021-06-02 10:32:00,18397.55,0
2021-06-02 10:32:03,18401.75,0
2021-06-02 10:32:08,18397.35,0
2021-06-02 10:32:11,18400.65,0
2021-06-02 10:32:14,18397.85,0
2021-06-02 10:32:23,18400.8,0
2021-06-02 10:32:25,18402.6,0
2021-06-02 10:32:27,18399.75,0
2021-06-02 10:32:30,18402.6,0
2021-06-02 10:32:39,18400.3,0
2021-06-02 10:32:40,18399.9,0
2021-06-02 10:32:41,18402.65,0
2021-06-02 10:32:44,18403.0,0
2021-06-02 10:32:45,18400.6,0
2021-06-02 10:32:49,18402.35,0
2021-06-02 10:32:55,18400.4,0
2021-06-02 10:32:56,18399.9,0
2021-06-02 10:32:57,18401.45,0
2021-06-02 10:33:04,18403.7,0
2021-06-02 10:33:05,18401.3,0
2021-06-02 10:33:10,18405.15,0
2021-06-02 10:33:11,18403.45,0
2021-06-02 10:33:15,18404.55,0
2021-06-02 10:33:24,18406.95,0
2021-06-02 10:33:25,18407.45,0
2021-06-02 10:33:28,18404.75,0
2021-06-02 10:33:31,18403.1,0
2021-06-02 10:33:33,18406.2,0
2021-06-02 10:33:36,18406.3,0
2021-06-02 10:33:37,18404.3,0
2021-06-02 10:33:39,18405.2,0
2021-06-02 10:33:39,18405.2,0
2021-06-02 10:33:45,18405.95,0
2021-06-02 10:33:46,18405.1,0
2021-06-02 10:33:47,18405.1,0
2021-06-02 10:33:56,18402.8,0
2021-06-02 10:34:06,18407.15,0
2021-06-02 10:34:10,18404.95,0
2021-06-02 10:34:14,18407.0,0
2021-06-02 10:34:15,18406.6,0
2021-06-02 10:34:16,18403.8,0
2021-06-02 10:34:17,18405.15,0
2021-06-02 10:34:19,18405.4,0
2021-06-02 10:34:20,18405.55,0
2021-06-02 10:34:22,18401.65,0
2021-06-02 10:34:23,18401.2,0
2021-06-02 10:34:27,18404.5,0
2021-06-02 10:34:28,18404.05,0
2021-06-02 10:34:30,18403.7,0
2021-06-02 10:34:35,18403.05,0
2021-06-02 10:34:36,18400.0,0
2021-06-02 10:34:37,18402.55,0
2021-06-02 10:34:39,18401.05,0
2021-06-02 10:34:40,18396.9,0
2021-06-02 10:34:41,18403.05,0
2021-06-02 10:34:50,18404.4,0
2021-06-02 10:35:00,18405.15,0
2021-06-02 10:35:04,18405.3,0
2021-06-02 10:35:08,18407.1,0
2021-06-02 10:35:13,18403.7,0
2021-06-02 10:35:15,18405.5,0
2021-06-02 10:35:18,18407.95,0
2021-06-02 10:35:20,18404.3,0
2021-06-02 10:35:27,18403.85,0
2021-06-02 10:35:29,18408.9,0
2021-06-02 10:35:30,18408.55,0
2021-06-02 10:35:36,18407.8,0
2021-06-02 10:35:37,18407.55,0
2021-06-02 10:35:39,18406.6,0
2021-06-02 10:35:42,18406.55,0
2021-06-02 10:35:43,18404.15,0
2021-06-02 10:35:44,18404.75,0
2021-06-02 10:35:48,18404.85,0
2021-06-02 10:35:51,18408.75,0
2021-06-02 10:35:53,18405.4,0
2021-06-02 10:35:55,18407.0,0
2021-06-02 10:35:57,18408.85,0
2021-06-02 10:36:00,18408.85,0
2021-06-02 10:36:01,18405.75,0
2021-06-02 10:36:03,18407.4,0
2021-06-02 10:36:05,18407.05,0
2021-06-02 10:36:07,18408.7,0
2021-06-02 10:36:08,18408.7,0
2021-06-02 10:36:09,18408.6,0
2021-06-02 10:36:13,18407.95,0
2021-06-02 10:36:16,18405.25,0
2021-06-02 10:36:17,18407.25,0
2021-06-02 10:36:18,18404.1,0
2021-06-02 10:36:23,18406.6,0
2021-06-02 10:36:26,18405.65,0
2021-06-02 10:36:34,18405.25,0
2021-06-02 10:36:37,18402.9,0
2021-06-02 10:36:39,18403.85,0
2021-06-02 10:36:44,18404.9,0
2021-06-02 10:36:45,18405.4,0
2021-06-02 10:36:47,18407.85,0
2021-06-02 10:36:51,18406.9,0
2021-06-02 10:37:00,18407.9,0
2021-06-02 10:37:07,18409.95,0
2021-06-02 10:37:09,18409.25,0
2021-06-02 10:37:10,18409.4,0
2021-06-02 10:37:12,18409.55,0
2021-06-02 10:37:17,18409.4,0
2021-06-02 10:37:19,18408.8,0
2021-06-02 10:37:22,18408.55,0
2021-06-02 10:37:24,18409.1,0
2021-06-02 10:37:35,18414.95,0
2021-06-02 10:37:38,18420.7,0
2021-06-02 10:37:41,18421.85,0
2021-06-02 10:37:42,18419.9,0
2021-06-02 10:37:45,18422.4,0
2021-06-02 10:37:49,18423.7,0
2021-06-02 10:37:54,18425.0,0
2021-06-02 10:37:55,18425.35,0
2021-06-02 10:37:57,18424.65,0
2021-06-02 10:38:05,18423.9,0
2021-06-02 10:38:08,18421.85,0
2021-06-02 10:38:09,18420.5,0
2021-06-02 10:38:12,18422.45,0
2021-06-02 10:38:22,18422.65,0
2021-06-02 10:38:28,18422.45,0
2021-06-02 10:38:30,18424.6,0
2021-06-02 10:38:37,18424.9,0
2021-06-02 10:38:38,18428.7,0
2021-06-02 10:38:40,18426.15,0
2021-06-02 10:38:41,18428.05,0
2021-06-02 10:38:44,18429.6,0
2021-06-02 10:38:48,18425.85,0
2021-06-02 10:38:51,18430.1,0
2021-06-02 10:38:52,18426.95,0
2021-06-02 10:38:54,18427.25,0
2021-06-02 10:38:59,18426.25,0
2021-06-02 10:39:01,18425.4,0
2021-06-02 10:39:04,18432.9,0
2021-06-02 10:39:05,18430.8,0
2021-06-02 10:39:10,18427.6,0
2021-06-02 10:39:12,18429.0,0
2021-06-02 10:39:15,18431.9,0
2021-06-02 10:39:21,18428.1,0
2021-06-02 10:39:22,18430.2,0
2021-06-02 10:39:27,18433.7,0
2021-06-02 10:39:32,18431.75,0
2021-06-02 10:39:33,18434.6,0
2021-06-02 10:39:38,18434.4,0
2021-06-02 10:39:41,18434.7,0
2021-06-02 10:39:44,18437.6,0
2021-06-02 10:39:46,18437.95,0
2021-06-02 10:39:47,18438.1,0
2021-06-02 10:39:49,18434.75,0
2021-06-02 10:39:51,18435.95,0
2021-06-02 10:39:58,18435.2,0
2021-06-02 10:39:57,18439.25,0
2021-06-02 10:40:07,18436.6,0
2021-06-02 10:40:10,18430.95,0
2021-06-02 10:40:13,18430.95,0
2021-06-02 10:40:15,18424.85,0
2021-06-02 10:40:16,18427.9,0
2021-06-02 10:40:20,18429.7,0
2021-06-02 10:40:22,18423.55,0
2021-06-02 10:40:24,18427.4,0
2021-06-02 10:40:26,18427.4,0
2021-06-02 10:40:28,18430.15,0
2021-06-02 10:40:30,18429.5,0
2021-06-02 10:40:34,18425.05,0
2021-06-02 10:40:38,18428.2,0
2021-06-02 10:40:43,18426.65,0
2021-06-02 10:40:44,18425.0,0
2021-06-02 10:40:46,18426.1,0
2021-06-02 10:40:47,18428.5,0
2021-06-02 10:40:51,18426.75,0
2021-06-02 10:40:52,18427.15,0
2021-06-02 10:40:57,18431.05,0
2021-06-02 10:41:00,18432.05,0
2021-06-02 10:41:03,18431.1,0
2021-06-02 10:41:04,18430.25,0
2021-06-02 10:41:08,18434.6,0
2021-06-02 10:41:09,18431.55,0
2021-06-02 10:41:17,18432.5,0
2021-06-02 10:41:18,18435.7,0
2021-06-02 10:41:20,18434.15,0
2021-06-02 10:41:22,18431.7,0
2021-06-02 10:41:28,18434.6,0
2021-06-02 10:41:29,18436.3,0
2021-06-02 10:41:30,18435.35,0
2021-06-02 10:41:31,18432.6,0
2021-06-02 10:41:39,18432.9,0
2021-06-02 10:41:41,18431.1,0
2021-06-02 10:41:44,18434.4,0
2021-06-02 10:41:45,18431.95,0
2021-06-02 10:41:46,18431.5,0
2021-06-02 10:41:53,18430.7,0
2021-06-02 10:41:54,18432.3,0
2021-06-02 10:41:56,18431.5,0
2021-06-02 10:42:00,18430.15,0
2021-06-02 10:42:05,18430.05,0
2021-06-02 10:42:06,18429.9,0
2021-06-02 10:42:09,18426.2,0
2021-06-02 10:42:12,18428.0,0
2021-06-02 10:42:15,18427.3,0
2021-06-02 10:42:20,18429.15,0
2021-06-02 10:42:22,18430.25,0
2021-06-02 10:42:23,18428.6,0
2021-06-02 10:42:24,18427.7,0
2021-06-02 10:42:25,18430.2,0
2021-06-02 10:42:29,18429.05,0
2021-06-02 10:42:31,18430.2,0
2021-06-02 10:42:32,18429.45,0
2021-06-02 10:42:33,18429.45,0
2021-06-02 10:42:34,18429.55,0
2021-06-02 10:42:39,18430.9,0
2021-06-02 10:42:41,18430.75,0
2021-06-02 10:42:55,18431.65,0
2021-06-02 10:42:59,18433.05,0
2021-06-02 10:43:03,18431.45,0
2021-06-02 10:43:04,18432.15,0
2021-06-02 10:43:08,18432.4,0
2021-06-02 10:43:11,18430.75,0
2021-06-02 10:43:13,18432.0,0
2021-06-02 10:43:16,18429.3,0
2021-06-02 10:43:17,18429.85,0
2021-06-02 10:43:23,18429.2,0
2021-06-02 10:43:24,18429.4,0
2021-06-02 10:43:27,18430.3,0
2021-06-02 10:43:30,18431.55,0
2021-06-02 10:43:33,18428.35,0
2021-06-02 10:43:35,18430.2,0
2021-06-02 10:43:36,18432.65,0
2021-06-02 10:43:47,18432.6,0
2021-06-02 10:43:48,18431.8,0
2021-06-02 10:43:52,18434.75,0
2021-06-02 10:43:58,18435.5,0
2021-06-02 10:44:02,18432.95,0
2021-06-02 10:44:03,18433.2,0
2021-06-02 10:44:04,18434.85,0
2021-06-02 10:44:09,18432.8,0
2021-06-02 10:44:13,18432.0,0
2021-06-02 10:44:14,18433.65,0
2021-06-02 10:44:19,18434.6,0
2021-06-02 10:44:20,18435.9,0
2021-06-02 10:44:23,18434.55,0
2021-06-02 10:44:24,18436.0,0
2021-06-02 10:44:30,18436.15,0
2021-06-02 10:44:35,18438.65,0
2021-06-02 10:44:37,18438.8,0
2021-06-02 10:44:39,18439.0,0
2021-06-02 10:44:40,18437.25,0
2021-06-02 10:44:53,18441.65,0
2021-06-02 10:44:55,18442.25,0
2021-06-02 10:44:56,18440.25,0
2021-06-02 10:44:57,18438.4,0
2021-06-02 10:44:58,18440.4,0
2021-06-02 10:45:00,18436.4,0
2021-06-02 10:45:05,18437.3,0
2021-06-02 10:45:11,18440.95,0
2021-06-02 10:45:19,18439.4,0
2021-06-02 10:45:22,18438.9,0
2021-06-02 10:45:25,18442.65,0
2021-06-02 10:45:28,18441.35,0
2021-06-02 10:45:34,18437.85,0
2021-06-02 10:45:37,18435.5,0
2021-06-02 10:46:01,18424.65,0
2021-06-02 10:46:06,18428.0,0
2021-06-02 10:46:09,18434.65,0
2021-06-02 10:46:10,18432.8,0
2021-06-02 10:46:14,18429.35,0
2021-06-02 10:46:16,18426.9,0
2021-06-02 10:46:18,18428.75,0
2021-06-02 10:46:19,18428.1,0
2021-06-02 10:46:25,18427.85,0
2021-06-02 10:46:31,18429.25,0
2021-06-02 10:46:33,18429.35,0
2021-06-02 10:46:34,18429.5,0
2021-06-02 10:46:37,18430.1,0
2021-06-02 10:46:39,18429.35,0
2021-06-02 10:46:41,18426.75,0
2021-06-02 10:46:42,18426.65,0
2021-06-02 10:46:48,18427.05,0
2021-06-02 10:46:49,18426.1,0
2021-06-02 10:46:50,18426.35,0
2021-06-02 10:46:51,18426.6,0
2021-06-02 10:46:52,18426.15,0
2021-06-02 10:46:53,18425.7,0
2021-06-02 10:46:58,18425.95,0
2021-06-02 10:47:00,18422.8,0
2021-06-02 10:47:02,18421.35,0
2021-06-02 10:47:03,18424.3,0
2021-06-02 10:47:06,18422.8,0
2021-06-02 10:47:07,18425.05,0
2021-06-02 10:47:08,18422.15,0
2021-06-02 10:47:11,18424.05,0
2021-06-02 10:47:12,18424.15,0
2021-06-02 10:47:17,18427.05,0
2021-06-02 10:47:20,18425.5,0
2021-06-02 10:47:21,18426.5,0
2021-06-02 10:47:24,18427.55,0
2021-06-02 10:47:25,18427.65,0
2021-06-02 10:47:26,18426.3,0
2021-06-02 10:47:29,18426.8,0
2021-06-02 10:47:30,18426.65,0
2021-06-02 10:47:33,18426.75,0
2021-06-02 10:47:35,18424.65,0
2021-06-02 10:47:36,18424.3,0
2021-06-02 10:47:38,18424.25,0
2021-06-02 10:47:40,18427.55,0
2021-06-02 10:47:41,18424.15,0
2021-06-02 10:47:43,18424.3,0
2021-06-02 10:47:49,18425.85,0
2021-06-02 10:47:50,18428.65,0
2021-06-02 10:47:55,18428.95,0
2021-06-02 10:47:57,18426.9,0
2021-06-02 10:47:59,18429.7,0
2021-06-02 10:48:00,18426.85,0
2021-06-02 10:48:04,18429.05,0
2021-06-02 10:48:05,18431.7,0
2021-06-02 10:48:06,18427.05,0
2021-06-02 10:48:09,18427.35,0
2021-06-02 10:48:10,18426.95,0
2021-06-02 10:48:15,18429.75,0
2021-06-02 10:48:16,18428.9,0
2021-06-02 10:48:27,18422.65,0
2021-06-02 10:48:28,18424.2,0
2021-06-02 10:48:29,18425.05,0
2021-06-02 10:48:31,18425.1,0
2021-06-02 10:48:34,18426.5,0
2021-06-02 10:48:41,18427.75,0
2021-06-02 10:48:48,18423.6,0
2021-06-02 10:48:50,18427.2,0
2021-06-02 10:48:54,18424.1,0
2021-06-02 10:48:57,18422.2,0
2021-06-02 10:48:58,18424.8,0
2021-06-02 10:49:04,18421.95,0
2021-06-02 10:49:06,18424.65,0
2021-06-02 10:49:07,18422.25,0
2021-06-02 10:49:10,18419.75,0
2021-06-02 10:49:11,18420.2,0
2021-06-02 10:49:12,18420.4,0
2021-06-02 10:49:13,18421.3,0
2021-06-02 10:49:17,18421.3,0
2021-06-02 10:49:20,18426.45,0
2021-06-02 10:49:22,18425.45,0
2021-06-02 10:49:25,18423.5,0
2021-06-02 10:49:27,18426.75,0
2021-06-02 10:49:28,18426.3,0
2021-06-02 10:49:36,18424.15,0
2021-06-02 10:49:42,18423.45,0
2021-06-02 10:49:43,18423.85,0
2021-06-02 10:49:44,18425.9,0
2021-06-02 10:49:45,18424.05,0
2021-06-02 10:49:49,18424.4,0
2021-06-02 10:49:50,18424.95,0
2021-06-02 10:49:52,18424.45,0
2021-06-02 10:49:53,18426.15,0
2021-06-02 10:49:56,18423.55,0
2021-06-02 10:50:00,18425.25,0
2021-06-02 10:50:03,18423.65,0
2021-06-02 10:50:04,18422.9,0
2021-06-02 10:50:11,18421.45,0
2021-06-02 10:50:16,18422.3,0
2021-06-02 10:50:18,18422.6,0
2021-06-02 10:50:23,18421.95,0
2021-06-02 10:50:30,18423.35,0
2021-06-02 10:50:32,18422.6,0
2021-06-02 10:50:33,18425.15,0
2021-06-02 10:50:34,18422.7,0
2021-06-02 10:50:35,18426.2,0
2021-06-02 10:50:43,18423.65,0
2021-06-02 10:50:48,18422.75,0
2021-06-02 10:50:50,18423.75,0
2021-06-02 10:50:52,18420.7,0
2021-06-02 10:51:01,18417.5,0
2021-06-02 10:51:03,18418.55,0
2021-06-02 10:51:04,18419.6,0
2021-06-02 10:51:07,18417.5,0
2021-06-02 10:51:15,18420.95,0
2021-06-02 10:51:16,18418.6,0
2021-06-02 10:51:20,18416.3,0
2021-06-02 10:51:40,18417.8,0
2021-06-02 10:51:41,18421.05,0
2021-06-02 10:51:45,18421.45,0
2021-06-02 10:51:46,18420.35,0
2021-06-02 10:51:49,18417.7,0
2021-06-02 10:51:54,18418.45,0
2021-06-02 10:51:58,18422.6,0
2021-06-02 10:52:07,18418.9,0
2021-06-02 10:52:10,18421.35,0
2021-06-02 10:52:11,18419.35,0
2021-06-02 10:52:13,18421.2,0
2021-06-02 10:52:14,18421.0,0
2021-06-02 10:52:17,18421.7,0
2021-06-02 10:52:22,18419.25,0
2021-06-02 10:52:23,18419.6,0
2021-06-02 10:52:26,18422.0,0
2021-06-02 10:52:31,18419.2,0
2021-06-02 10:52:32,18421.7,0
2021-06-02 10:52:33,18420.95,0
2021-06-02 10:52:37,18420.25,0
2021-06-02 10:52:38,18420.7,0
2021-06-02 10:52:40,18422.7,0
2021-06-02 10:52:45,18419.6,0
2021-06-02 10:52:54,18425.5,0
2021-06-02 10:53:01,18427.2,0
2021-06-02 10:53:05,18429.5,0
2021-06-02 10:53:06,18429.75,0
2021-06-02 10:53:08,18429.5,0
2021-06-02 10:53:13,18428.8,0
2021-06-02 10:53:23,18426.25,0
2021-06-02 10:53:29,18426.2,0
2021-06-02 10:53:31,18424.15,0
2021-06-02 10:53:36,18426.2,0
2021-06-02 10:53:39,18423.9,0
2021-06-02 10:53:40,18420.3,0
2021-06-02 10:53:45,18420.75,0
2021-06-02 10:53:53,18425.2,0
2021-06-02 10:53:55,18425.5,0
2021-06-02 10:53:56,18427.3,0
2021-06-02 10:53:57,18422.9,0
2021-06-02 10:53:59,18423.55,0
2021-06-02 10:54:00,18422.6,0
2021-06-02 10:54:06,18421.6,0
2021-06-02 10:54:08,18422.3,0
2021-06-02 10:54:12,18420.8,0
2021-06-02 10:54:16,18420.75,0
2021-06-02 10:54:17,18420.6,0
2021-06-02 10:54:19,18422.8,0
2021-06-02 10:54:20,18422.0,0
2021-06-02 10:54:21,18421.35,0
2021-06-02 10:54:26,18423.2,0
2021-06-02 10:54:28,18421.55,0
2021-06-02 10:54:30,18420.35,0
2021-06-02 10:54:31,18423.05,0
2021-06-02 10:54:32,18422.65,0
2021-06-02 10:54:36,18423.1,0
2021-06-02 10:54:40,18422.75,0
2021-06-02 10:54:41,18423.1,0
2021-06-02 10:54:42,18422.85,0
2021-06-02 10:54:44,18421.3,0
2021-06-02 10:54:48,18425.15,0
2021-06-02 10:54:52,18423.65,0
2021-06-02 10:54:53,18425.7,0
2021-06-02 10:54:55,18422.85,0
2021-06-02 10:54:58,18422.6,0
2021-06-02 10:54:59,18424.75,0
2021-06-02 10:55:00,18422.4,0
2021-06-02 10:55:06,18424.2,0
2021-06-02 10:55:09,18421.8,0
2021-06-02 10:55:10,18422.6,0
2021-06-02 10:55:18,18423.2,0
2021-06-02 10:55:19,18421.1,0
2021-06-02 10:55:25,18422.9,0
2021-06-02 10:55:28,18422.75,0
2021-06-02 10:55:30,18422.45,0
2021-06-02 10:55:31,18421.75,0
2021-06-02 10:55:32,18424.65,0
2021-06-02 10:55:34,18421.7,0
2021-06-02 10:55:37,18423.05,0
2021-06-02 10:55:38,18423.3,0
2021-06-02 10:55:39,18423.7,0
2021-06-02 10:55:45,18423.35,0
2021-06-02 10:55:46,18425.05,0
2021-06-02 10:55:49,18424.9,0
2021-06-02 10:56:03,18425.7,0
2021-06-02 10:56:04,18425.55,0
2021-06-02 10:56:19,18427.3,0
2021-06-02 10:56:21,18425.8,0
2021-06-02 10:56:22,18426.85,0
2021-06-02 10:56:23,18424.65,0
2021-06-02 10:56:26,18425.55,0
2021-06-02 10:56:30,18424.6,0
2021-06-02 10:56:31,18424.45,0
2021-06-02 10:56:39,18419.05,0
2021-06-02 10:56:40,18417.8,0
2021-06-02 10:56:45,18417.35,0
2021-06-02 10:56:48,18417.25,0
2021-06-02 10:56:49,18418.45,0
2021-06-02 10:56:56,18420.6,0
2021-06-02 10:56:57,18421.55,0
2021-06-02 10:56:58,18422.15,0
2021-06-02 10:57:02,18424.65,0
2021-06-02 10:57:06,18427.3,0
2021-06-02 10:57:08,18426.45,0
2021-06-02 10:57:14,18423.3,0
2021-06-02 10:57:16,18424.35,0
2021-06-02 10:57:24,18421.1,0
2021-06-02 10:57:26,18420.35,0
2021-06-02 10:57:27,18424.0,0
2021-06-02 10:57:28,18421.65,0
2021-06-02 10:57:33,18422.35,0
2021-06-02 10:57:34,18424.15,0
2021-06-02 10:57:47,18423.7,0
2021-06-02 10:57:49,18426.45,0
2021-06-02 10:57:50,18424.25,0
2021-06-02 10:57:51,18424.3,0
2021-06-02 10:57:56,18421.6,0
2021-06-02 10:57:58,18423.55,0
2021-06-02 10:58:07,18425.4,0
2021-06-02 10:58:08,18422.2,0
2021-06-02 10:58:10,18421.0,0
2021-06-02 10:58:13,18421.8,0
2021-06-02 10:58:15,18422.8,0
2021-06-02 10:58:17,18422.95,0
2021-06-02 10:58:18,18427.1,0
2021-06-02 10:58:21,18426.85,0
2021-06-02 10:58:27,18426.35,0
2021-06-02 10:58:30,18427.15,0
2021-06-02 10:58:32,18425.95,0
2021-06-02 10:58:34,18426.5,0
2021-06-02 10:58:36,18424.9,0
2021-06-02 10:58:38,18425.25,0
2021-06-02 10:58:39,18426.0,0
2021-06-02 10:58:42,18423.8,0
2021-06-02 10:58:50,18428.15,0
2021-06-02 10:58:52,18427.65,0
2021-06-02 10:58:59,18431.35,0
2021-06-02 10:59:03,18430.2,0
2021-06-02 10:59:05,18433.65,0
2021-06-02 10:59:07,18433.45,0
2021-06-02 10:59:11,18431.4,0
2021-06-02 10:59:12,18430.35,0
2021-06-02 10:59:16,18430.65,0
2021-06-02 10:59:20,18437.75,0
2021-06-02 10:59:23,18436.45,0
2021-06-02 10:59:24,18438.25,0
2021-06-02 10:59:27,18438.85,0
2021-06-02 10:59:28,18439.75,0
2021-06-02 10:59:30,18440.45,0
2021-06-02 10:59:31,18438.8,0
2021-06-02 10:59:35,18437.95,0
2021-06-02 10:59:36,18437.75,0
2021-06-02 10:59:38,18440.15,0
2021-06-02 10:59:39,18437.65,0
2021-06-02 10:59:40,18437.1,0
2021-06-02 10:59:41,18436.25,0
2021-06-02 10:59:42,18434.95,0
2021-06-02 10:59:46,18437.4,0
2021-06-02 10:59:47,18437.2,0
2021-06-02 10:59:59,18438.45,0
2021-06-02 11:00:01,18435.55,0
2021-06-02 11:00:02,18438.0,0
2021-06-02 11:00:04,18438.15,0
2021-06-02 11:00:08,18439.35,0
2021-06-02 11:00:10,18438.95,0
2021-06-02 11:00:18,18437.0,0
2021-06-02 11:00:19,18435.3,0
2021-06-02 11:00:24,18440.15,0
2021-06-02 11:00:25,18438.25,0
2021-06-02 11:00:28,18438.8,0
2021-06-02 11:00:30,18439.8,0
2021-06-02 11:00:34,18437.9,0
2021-06-02 11:00:35,18439.05,0
2021-06-02 11:00:37,18438.25,0
2021-06-02 11:00:41,18436.95,0
2021-06-02 11:00:43,18438.55,0
2021-06-02 11:00:44,18438.3,0
2021-06-02 11:00:45,18436.1,0
2021-06-02 11:00:46,18438.45,0
2021-06-02 11:00:49,18438.5,0
2021-06-02 11:00:51,18437.25,0
2021-06-02 11:00:53,18437.9,0
2021-06-02 11:00:55,18438.15,0
2021-06-02 11:00:58,18438.45,0
2021-06-02 11:01:00,18440.7,0
2021-06-02 11:01:13,18439.75,0
2021-06-02 11:01:15,18439.2,0
2021-06-02 11:01:16,18440.35,0
2021-06-02 11:01:18,18440.85,0
2021-06-02 11:01:25,18441.45,0
2021-06-02 11:01:26,18441.4,0
2021-06-02 11:01:30,18440.5,0
2021-06-02 11:01:32,18438.55,0
2021-06-02 11:01:36,18440.65,0
2021-06-02 11:01:42,18440.3,0
2021-06-02 11:01:44,18437.65,0
2021-06-02 11:01:45,18439.9,0
2021-06-02 11:01:46,18438.15,0
2021-06-02 11:01:53,18440.8,0
2021-06-02 11:01:54,18439.8,0
2021-06-02 11:01:57,18443.55,0
2021-06-02 11:01:58,18444.1,0
2021-06-02 11:02:00,18443.05,0
2021-06-02 11:02:01,18442.15,0
2021-06-02 11:02:08,18442.7,0
2021-06-02 11:02:11,18443.05,0
2021-06-02 11:02:17,18446.75,0
2021-06-02 11:02:18,18447.05,0
2021-06-02 11:02:20,18445.35,0
2021-06-02 11:02:22,18448.1,0
2021-06-02 11:02:23,18448.05,0
2021-06-02 11:02:29,18449.15,0
2021-06-02 11:02:30,18446.8,0
2021-06-02 11:02:35,18448.15,0
2021-06-02 11:02:39,18450.65,0
2021-06-02 11:02:40,18448.9,0
2021-06-02 11:02:42,18449.95,0
2021-06-02 11:02:43,18450.25,0
2021-06-02 11:02:49,18450.65,0
2021-06-02 11:02:50,18449.2,0
2021-06-02 11:02:51,18451.9,0
2021-06-02 11:02:53,18450.95,0
2021-06-02 11:02:57,18450.15,0
2021-06-02 11:02:58,18450.0,0
2021-06-02 11:03:00,18449.6,0
2021-06-02 11:03:01,18449.45,0
2021-06-02 11:03:04,18449.75,0
2021-06-02 11:03:12,18452.35,0
2021-06-02 11:03:15,18453.0,0
2021-06-02 11:03:16,18451.15,0
2021-06-02 11:03:17,18453.6,0
2021-06-02 11:03:18,18454.7,0
2021-06-02 11:03:19,18453.7,0
2021-06-02 11:03:21,18454.6,0
2021-06-02 11:03:22,18454.2,0
2021-06-02 11:03:33,18451.0,0
2021-06-02 11:03:42,18449.35,0
2021-06-02 11:03:44,18447.15,0
2021-06-02 11:03:47,18442.3,0
2021-06-02 11:03:52,18445.0,0
2021-06-02 11:03:54,18447.4,0
2021-06-02 11:03:55,18445.65,0
2021-06-02 11:03:58,18446.8,0
2021-06-02 11:03:59,18446.75,0
2021-06-02 11:04:03,18445.25,0
2021-06-02 11:04:05,18445.65,0
2021-06-02 11:04:06,18447.2,0
2021-06-02 11:04:07,18447.45,0
2021-06-02 11:04:08,18446.75,0
2021-06-02 11:04:09,18447.45,0
2021-06-02 11:04:10,18447.35,0
2021-06-02 11:04:12,18447.05,0
2021-06-02 11:04:17,18445.35,0
2021-06-02 11:04:20,18448.4,0
2021-06-02 11:04:21,18446.45,0
2021-06-02 11:04:26,18447.8,0
2021-06-02 11:04:35,18446.05,0
2021-06-02 11:04:39,18448.1,0
2021-06-02 11:04:46,18447.9,0
2021-06-02 11:04:47,18447.85,0
2021-06-02 11:04:48,18447.75,0
2021-06-02 11:04:51,18450.1,0
2021-06-02 11:04:57,18450.5,0
2021-06-02 11:04:58,18451.75,0
2021-06-02 11:04:59,18453.65,0
2021-06-02 11:05:00,18453.05,0
2021-06-02 11:05:01,18454.7,0
2021-06-02 11:05:02,18453.5,0
2021-06-02 11:05:04,18450.6,0
2021-06-02 11:05:06,18451.6,0
2021-06-02 11:05:07,18453.05,0
2021-06-02 11:05:08,18450.85,0
2021-06-02 11:05:09,18451.7,0
2021-06-02 11:05:12,18453.0,0
2021-06-02 11:05:15,18453.0,0
2021-06-02 11:05:16,18450.85,0
2021-06-02 11:05:20,18451.45,0
2021-06-02 11:05:26,18456.65,0
2021-06-02 11:05:27,18456.9,0
2021-06-02 11:05:28,18458.65,0
2021-06-02 11:05:29,18459.2,0
2021-06-02 11:05:34,18459.8,0
2021-06-02 11:05:37,18457.15,0
2021-06-02 11:05:40,18461.95,0
2021-06-02 11:05:41,18461.85,0
2021-06-02 11:05:43,18459.65,0
2021-06-02 11:05:44,18461.75,0
2021-06-02 11:05:47,18459.4,0
2021-06-02 11:05:48,18460.95,0
2021-06-02 11:05:49,18457.65,0
2021-06-02 11:05:50,18455.6,0
2021-06-02 11:05:51,18459.7,0
2021-06-02 11:05:57,18461.8,0
2021-06-02 11:05:58,18459.75,0
2021-06-02 11:05:59,18460.95,0
2021-06-02 11:06:00,18455.8,0
2021-06-02 11:06:01,18456.1,0
2021-06-02 11:06:02,18458.15,0
2021-06-02 11:06:03,18457.05,0
2021-06-02 11:06:08,18459.35,0
2021-06-02 11:06:09,18456.9,0
2021-06-02 11:06:12,18457.1,0
2021-06-02 11:06:14,18459.75,0
2021-06-02 11:06:17,18462.25,0
2021-06-02 11:06:22,18460.5,0
2021-06-02 11:06:26,18461.25,0
2021-06-02 11:06:28,18463.8,0
2021-06-02 11:06:35,18463.2,0
2021-06-02 11:06:40,18463.05,0
2021-06-02 11:06:45,18471.5,0
2021-06-02 11:06:46,18473.55,0
2021-06-02 11:06:47,18471.1,0
2021-06-02 11:06:49,18469.55,0
2021-06-02 11:06:55,18468.55,0
2021-06-02 11:06:58,18469.7,0
2021-06-02 11:07:01,18464.85,0
2021-06-02 11:07:06,18469.0,0
2021-06-02 11:07:14,18463.75,0
2021-06-02 11:07:15,18467.25,0
2021-06-02 11:07:24,18467.15,0
2021-06-02 11:07:25,18465.6,0
2021-06-02 11:07:26,18467.75,0
2021-06-02 11:07:35,18466.1,0
2021-06-02 11:07:37,18465.7,0
2021-06-02 11:07:43,18467.3,0
2021-06-02 11:07:46,18467.4,0
2021-06-02 11:07:48,18467.15,0
2021-06-02 11:07:52,18463.15,0
2021-06-02 11:07:53,18462.2,0
2021-06-02 11:07:54,18459.95,0
2021-06-02 11:07:57,18463.25,0
2021-06-02 11:07:59,18461.25,0
2021-06-02 11:08:02,18462.75,0
2021-06-02 11:08:04,18460.6,0
2021-06-02 11:08:06,18463.0,0
2021-06-02 11:08:09,18462.4,0
2021-06-02 11:08:11,18459.0,0
2021-06-02 11:08:12,18459.2,0
2021-06-02 11:08:15,18460.7,0
2021-06-02 11:08:20,18456.75,0
2021-06-02 11:08:21,18460.25,0
2021-06-02 11:08:23,18462.4,0
2021-06-02 11:08:26,18457.65,0
2021-06-02 11:08:28,18460.4,0
2021-06-02 11:08:29,18460.6,0
2021-06-02 11:08:31,18458.9,0
2021-06-02 11:08:33,18458.2,0
2021-06-02 11:08:40,18455.05,0
2021-06-02 11:08:42,18459.3,0
2021-06-02 11:08:44,18456.3,0
2021-06-02 11:08:45,18457.75,0
2021-06-02 11:08:47,18458.75,0
2021-06-02 11:08:50,18455.25,0
2021-06-02 11:08:54,18456.75,0
2021-06-02 11:08:55,18457.8,0
2021-06-02 11:08:56,18456.25,0
2021-06-02 11:08:58,18455.5,0
2021-06-02 11:08:59,18455.8,0
2021-06-02 11:09:07,18457.0,0
2021-06-02 11:09:08,18457.6,0
2021-06-02 11:09:09,18458.45,0
2021-06-02 11:09:13,18456.0,0
2021-06-02 11:09:17,18456.45,0
2021-06-02 11:09:23,18455.4,0
2021-06-02 11:09:25,18453.2,0
2021-06-02 11:09:26,18454.25,0
2021-06-02 11:09:27,18454.7,0
2021-06-02 11:09:29,18454.4,0
2021-06-02 11:09:31,18456.9,0
2021-06-02 11:09:33,18457.2,0
2021-06-02 11:09:35,18453.7,0
2021-06-02 11:09:34,18456.55,0
2021-06-02 11:09:37,18454.65,0
2021-06-02 11:09:38,18456.95,0
2021-06-02 11:09:40,18455.9,0
2021-06-02 11:09:42,18455.9,0
2021-06-02 11:09:46,18456.75,0
2021-06-02 11:09:48,18456.05,0
2021-06-02 11:09:51,18456.45,0
2021-06-02 11:09:53,18452.5,0
2021-06-02 11:09:54,18454.95,0
2021-06-02 11:09:55,18456.25,0
2021-06-02 11:09:57,18454.15,0
2021-06-02 11:10:00,18457.4,0
2021-06-02 11:10:01,18456.45,0
2021-06-02 11:10:03,18454.55,0
2021-06-02 11:10:07,18456.8,0
2021-06-02 11:10:13,18457.6,0
2021-06-02 11:10:19,18457.4,0
2021-06-02 11:10:22,18455.7,0
2021-06-02 11:10:23,18455.45,0
2021-06-02 11:10:25,18454.55,0
2021-06-02 11:10:29,18456.95,0
2021-06-02 11:10:34,18454.0,0
2021-06-02 11:10:35,18457.1,0
2021-06-02 11:10:36,18458.05,0
2021-06-02 11:10:38,18455.55,0
2021-06-02 11:10:44,18455.85,0
2021-06-02 11:10:47,18457.65,0
2021-06-02 11:10:48,18457.45,0
2021-06-02 11:10:49,18455.85,0
2021-06-02 11:10:57,18454.7,0
2021-06-02 11:10:59,18454.1,0
2021-06-02 11:11:07,18453.0,0
2021-06-02 11:11:08,18453.4,0
2021-06-02 11:11:11,18446.95,0
2021-06-02 11:11:14,18444.45,0
2021-06-02 11:11:15,18447.8,0
2021-06-02 11:11:16,18448.3,0
2021-06-02 11:11:17,18447.1,0
2021-06-02 11:11:22,18444.85,0
2021-06-02 11:11:25,18446.2,0
2021-06-02 11:11:29,18445.1,0
2021-06-02 11:11:31,18444.35,0
2021-06-02 11:11:41,18445.3,0
2021-06-02 11:11:46,18445.5,0
2021-06-02 11:11:50,18444.25,0
2021-06-02 11:11:52,18445.95,0
2021-06-02 11:11:57,18444.8,0
2021-06-02 11:12:05,18444.75,0
2021-06-02 11:12:09,18446.65,0
2021-06-02 11:12:18,18447.9,0
2021-06-02 11:12:19,18447.1,0
2021-06-02 11:12:21,18448.3,0
2021-06-02 11:12:33,18446.55,0
2021-06-02 11:12:34,18446.35,0
2021-06-02 11:12:35,18446.8,0
2021-06-02 11:12:36,18449.0,0
2021-06-02 11:12:37,18445.4,0
2021-06-02 11:12:43,18445.8,0
2021-06-02 11:12:47,18447.8,0
2021-06-02 11:12:52,18446.75,0
2021-06-02 11:12:54,18448.2,0
2021-06-02 11:12:55,18447.45,0
2021-06-02 11:12:56,18448.65,0
2021-06-02 11:13:01,18449.8,0
2021-06-02 11:13:02,18447.15,0
2021-06-02 11:13:04,18447.95,0
2021-06-02 11:13:08,18445.65,0
2021-06-02 11:13:11,18446.0,0
2021-06-02 11:13:13,18449.55,0
2021-06-02 11:13:22,18447.55,0
2021-06-02 11:13:23,18445.35,0
2021-06-02 11:13:28,18445.65,0
2021-06-02 11:13:29,18446.95,0
2021-06-02 11:13:33,18445.55,0
2021-06-02 11:13:35,18443.7,0
2021-06-02 11:13:36,18444.35,0
2021-06-02 11:13:37,18446.2,0
2021-06-02 11:13:40,18441.15,0
2021-06-02 11:13:41,18440.75,0
2021-06-02 11:13:45,18443.65,0
2021-06-02 11:13:47,18442.9,0
2021-06-02 11:13:52,18439.8,0
2021-06-02 11:13:55,18442.15,0
2021-06-02 11:13:58,18441.9,0
2021-06-02 11:14:00,18441.55,0
2021-06-02 11:14:03,18441.1,0
2021-06-02 11:14:04,18441.65,0
2021-06-02 11:14:06,18439.65,0
2021-06-02 11:14:07,18440.6,0
2021-06-02 11:14:10,18440.0,0
2021-06-02 11:14:13,18441.95,0
2021-06-02 11:14:14,18440.15,0
2021-06-02 11:14:19,18440.4,0
2021-06-02 11:14:21,18441.2,0
2021-06-02 11:14:22,18439.55,0
2021-06-02 11:14:24,18440.75,0
2021-06-02 11:14:27,18441.85,0
2021-06-02 11:14:28,18443.55,0
2021-06-02 11:14:29,18445.85,0
2021-06-02 11:14:31,18444.25,0
2021-06-02 11:14:32,18445.8,0
2021-06-02 11:14:33,18446.1,0
2021-06-02 11:14:38,18446.65,0
2021-06-02 11:14:44,18447.65,0
2021-06-02 11:14:45,18447.4,0
2021-06-02 11:14:47,18445.4,0
2021-06-02 11:14:48,18445.7,0
2021-06-02 11:14:50,18446.8,0
2021-06-02 11:14:51,18445.45,0
2021-06-02 11:14:52,18445.8,0
2021-06-02 11:14:54,18446.3,0
2021-06-02 11:14:55,18448.15,0
2021-06-02 11:14:56,18448.15,0
2021-06-02 11:14:57,18446.4,0
2021-06-02 11:15:03,18444.1,0
2021-06-02 11:15:07,18447.55,0
2021-06-02 11:15:12,18449.55,0
2021-06-02 11:15:17,18446.2,0
2021-06-02 11:15:18,18446.4,0
2021-06-02 11:15:21,18446.65,0
2021-06-02 11:15:23,18446.95,0
2021-06-02 11:15:27,18449.2,0
2021-06-02 11:15:29,18451.25,0
2021-06-02 11:15:30,18451.25,0
2021-06-02 11:15:35,18451.75,0
2021-06-02 11:15:39,18451.65,0
2021-06-02 11:15:42,18451.7,0
2021-06-02 11:15:43,18450.3,0
2021-06-02 11:15:45,18450.9,0
2021-06-02 11:15:47,18453.35,0
2021-06-02 11:15:48,18452.7,0
2021-06-02 11:15:52,18452.0,0
2021-06-02 11:15:56,18454.05,0
2021-06-02 11:15:58,18451.7,0
2021-06-02 11:16:01,18454.1,0
2021-06-02 11:16:03,18453.6,0
2021-06-02 11:16:05,18450.8,0
2021-06-02 11:16:11,18453.0,0
2021-06-02 11:16:15,18455.6,0
2021-06-02 11:16:18,18456.45,0
2021-06-02 11:16:23,18456.65,0
2021-06-02 11:16:27,18457.55,0
2021-06-02 11:16:41,18457.9,0
2021-06-02 11:16:42,18456.85,0
2021-06-02 11:16:43,18456.3,0
2021-06-02 11:16:50,18457.8,0
2021-06-02 11:16:59,18460.7,0
2021-06-02 11:17:02,18457.45,0
2021-06-02 11:17:06,18459.55,0
2021-06-02 11:17:07,18457.95,0
2021-06-02 11:17:09,18456.3,0
2021-06-02 11:17:16,18455.75,0
2021-06-02 11:17:17,18455.85,0
2021-06-02 11:17:18,18456.95,0
2021-06-02 11:17:23,18455.9,0
2021-06-02 11:17:24,18454.5,0
2021-06-02 11:17:25,18456.55,0
2021-06-02 11:17:26,18455.85,0
2021-06-02 11:17:27,18456.45,0
2021-06-02 11:17:29,18457.85,0
2021-06-02 11:17:30,18456.1,0
2021-06-02 11:17:32,18454.9,0
2021-06-02 11:17:33,18456.85,0
2021-06-02 11:17:40,18455.85,0
2021-06-02 11:17:42,18456.25,0
2021-06-02 11:17:44,18457.6,0
2021-06-02 11:17:45,18455.2,0
2021-06-02 11:17:46,18455.0,0
2021-06-02 11:17:48,18455.65,0
2021-06-02 11:17:51,18455.45,0
2021-06-02 11:17:52,18455.6,0
2021-06-02 11:17:58,18452.25,0
2021-06-02 11:18:00,18455.45,0
2021-06-02 11:18:04,18454.8,0
2021-06-02 11:18:05,18454.65,0
2021-06-02 11:18:07,18453.2,0
2021-06-02 11:18:09,18456.05,0
2021-06-02 11:18:15,18457.85,0
2021-06-02 11:18:16,18455.95,0
2021-06-02 11:18:17,18457.3,0
2021-06-02 11:18:22,18459.3,0
2021-06-02 11:18:23,18461.0,0
2021-06-02 11:18:29,18457.2,0
2021-06-02 11:18:31,18456.15,0
2021-06-02 11:18:37,18457.8,0
2021-06-02 11:18:40,18458.3,0
2021-06-02 11:18:43,18457.5,0
2021-06-02 11:18:44,18459.0,0
2021-06-02 11:18:45,18459.3,0
2021-06-02 11:18:48,18459.15,0
2021-06-02 11:18:52,18460.5,0
2021-06-02 11:18:55,18459.75,0
2021-06-02 11:19:01,18456.65,0
2021-06-02 11:19:07,18455.5,0
2021-06-02 11:19:08,18459.55,0
2021-06-02 11:19:09,18458.45,0
2021-06-02 11:19:11,18459.55,0
2021-06-02 11:19:19,18455.35,0
2021-06-02 11:19:20,18454.85,0
2021-06-02 11:19:21,18455.45,0
2021-06-02 11:19:22,18456.7,0
2021-06-02 11:19:23,18456.0,0
2021-06-02 11:19:30,18459.0,0
2021-06-02 11:19:32,18461.2,0
2021-06-02 11:19:40,18461.45,0
2021-06-02 11:19:42,18462.55,0
2021-06-02 11:19:44,18462.25,0
2021-06-02 11:19:45,18459.3,0
2021-06-02 11:19:46,18459.85,0
2021-06-02 11:19:47,18463.3,0
2021-06-02 11:19:55,18460.35,0
2021-06-02 11:20:00,18460.7,0
2021-06-02 11:20:01,18458.55,0
2021-06-02 11:20:04,18457.2,0
2021-06-02 11:20:07,18458.0,0
2021-06-02 11:20:09,18459.2,0
2021-06-02 11:20:11,18458.65,0
2021-06-02 11:20:12,18459.45,0
2021-06-02 11:20:13,18459.5,0
2021-06-02 11:20:19,18460.5,0
2021-06-02 11:20:21,18457.85,0
2021-06-02 11:20:26,18459.45,0
2021-06-02 11:20:33,18459.85,0
2021-06-02 11:20:34,18459.85,0
2021-06-02 11:20:36,18461.3,0
2021-06-02 11:20:37,18463.25,0
2021-06-02 11:20:38,18462.15,0
2021-06-02 11:20:40,18459.5,0
2021-06-02 11:20:43,18456.65,0
2021-06-02 11:20:45,18460.15,0
2021-06-02 11:20:46,18458.7,0
2021-06-02 11:20:47,18459.5,0
2021-06-02 11:20:56,18461.65,0
2021-06-02 11:20:57,18461.55,0
2021-06-02 11:21:00,18462.1,0
2021-06-02 11:21:02,18458.85,0
2021-06-02 11:21:03,18461.6,0
2021-06-02 11:21:04,18458.75,0
2021-06-02 11:21:06,18459.45,0
2021-06-02 11:21:11,18459.3,0
2021-06-02 11:21:16,18456.7,0
2021-06-02 11:21:19,18456.8,0
2021-06-02 11:21:20,18456.8,0
2021-06-02 11:21:23,18458.9,0
2021-06-02 11:21:29,18459.2,0
2021-06-02 11:21:30,18456.6,0
2021-06-02 11:21:31,18456.25,0
2021-06-02 11:21:37,18457.25,0
2021-06-02 11:21:39,18460.0,0
2021-06-02 11:21:43,18457.9,0
2021-06-02 11:21:48,18461.55,0
2021-06-02 11:21:49,18462.3,0
2021-06-02 11:21:51,18460.2,0
2021-06-02 11:21:52,18456.5,0
2021-06-02 11:21:53,18459.0,0
2021-06-02 11:21:59,18459.0,0
2021-06-02 11:22:02,18459.25,0
2021-06-02 11:22:03,18459.15,0
2021-06-02 11:22:05,18459.5,0
2021-06-02 11:22:06,18462.65,0
2021-06-02 11:22:07,18460.55,0
2021-06-02 11:22:09,18459.65,0
2021-06-02 11:22:12,18459.45,0
2021-06-02 11:22:13,18457.05,0
2021-06-02 11:22:15,18457.45,0
2021-06-02 11:22:25,18456.05,0
2021-06-02 11:22:28,18458.2,0
2021-06-02 11:22:29,18456.9,0
2021-06-02 11:22:31,18456.65,0
2021-06-02 11:22:33,18456.75,0
2021-06-02 11:22:34,18458.55,0
2021-06-02 11:22:37,18455.75,0
2021-06-02 11:22:38,18458.4,0
2021-06-02 11:22:41,18457.8,0
2021-06-02 11:22:42,18456.2,0
2021-06-02 11:22:47,18457.4,0
2021-06-02 11:22:58,18457.1,0
2021-06-02 11:23:00,18460.55,0
2021-06-02 11:23:04,18458.9,0
2021-06-02 11:23:11,18455.05,0
2021-06-02 11:23:19,18451.95,0
2021-06-02 11:23:22,18455.25,0
2021-06-02 11:23:24,18453.65,0
2021-06-02 11:23:28,18454.45,0
2021-06-02 11:23:29,18452.35,0
2021-06-02 11:23:30,18452.45,0
2021-06-02 11:23:31,18451.45,0
2021-06-02 11:23:46,18454.7,0
2021-06-02 11:23:47,18456.6,0
2021-06-02 11:23:51,18455.0,0
2021-06-02 11:23:54,18453.85,0
2021-06-02 11:23:56,18454.15,0
2021-06-02 11:24:00,18450.8,0
2021-06-02 11:24:11,18449.75,0
2021-06-02 11:24:14,18451.4,0
2021-06-02 11:24:18,18450.35,0
2021-06-02 11:24:19,18448.2,0
2021-06-02 11:24:23,18449.35,0
2021-06-02 11:24:25,18449.6,0
2021-06-02 11:24:26,18449.95,0
2021-06-02 11:24:28,18447.85,0
2021-06-02 11:24:30,18449.65,0
2021-06-02 11:24:31,18445.8,0
2021-06-02 11:24:32,18447.6,0
2021-06-02 11:24:33,18446.3,0
2021-06-02 11:24:34,18447.3,0
2021-06-02 11:24:35,18449.2,0
2021-06-02 11:24:36,18446.7,0
2021-06-02 11:24:37,18447.3,0
2021-06-02 11:24:39,18448.35,0
2021-06-02 11:24:40,18448.6,0
2021-06-02 11:24:41,18448.4,0
2021-06-02 11:24:43,18447.45,0
2021-06-02 11:24:47,18447.65,0
2021-06-02 11:24:52,18446.0,0
2021-06-02 11:24:54,18448.75,0
2021-06-02 11:25:03,18444.2,0
2021-06-02 11:25:04,18446.6,0
2021-06-02 11:25:07,18444.15,0
2021-06-02 11:25:13,18445.6,0
2021-06-02 11:25:15,18446.05,0
2021-06-02 11:25:17,18445.55,0
2021-06-02 11:25:27,18448.55,0
2021-06-02 11:25:28,18449.05,0
2021-06-02 11:25:33,18447.45,0
2021-06-02 11:25:40,18445.9,0
2021-06-02 11:25:44,18448.75,0
2021-06-02 11:25:47,18446.3,0
2021-06-02 11:25:49,18446.3,0
2021-06-02 11:25:50,18445.7,0
2021-06-02 11:25:58,18445.75,0
2021-06-02 11:25:59,18445.15,0
2021-06-02 11:26:03,18446.3,0
2021-06-02 11:26:05,18445.8,0
2021-06-02 11:26:08,18447.6,0
2021-06-02 11:26:10,18444.75,0
2021-06-02 11:26:13,18445.1,0
2021-06-02 11:26:16,18444.25,0
2021-06-02 11:26:17,18443.9,0
2021-06-02 11:26:19,18446.05,0
2021-06-02 11:26:20,18445.35,0
2021-06-02 11:26:21,18445.2,0
2021-06-02 11:26:23,18443.6,0
2021-06-02 11:26:24,18445.65,0
2021-06-02 11:26:29,18443.3,0
2021-06-02 11:26:31,18443.95,0
2021-06-02 11:26:34,18446.25,0
2021-06-02 11:26:37,18447.6,0
2021-06-02 11:26:38,18443.75,0
2021-06-02 11:26:39,18445.45,0
2021-06-02 11:26:43,18443.1,0
2021-06-02 11:26:45,18444.1,0
2021-06-02 11:26:46,18442.7,0
2021-06-02 11:26:47,18442.45,0
2021-06-02 11:26:53,18444.6,0
2021-06-02 11:26:54,18444.45,0
2021-06-02 11:27:00,18442.05,0
2021-06-02 11:27:03,18443.55,0
2021-06-02 11:27:05,18440.65,0
2021-06-02 11:27:12,18439.7,0
2021-06-02 11:27:18,18439.7,0
2021-06-02 11:27:22,18437.4,0
2021-06-02 11:27:25,18436.75,0
2021-06-02 11:27:27,18436.25,0
2021-06-02 11:27:29,18434.35,0
2021-06-02 11:27:31,18435.6,0
2021-06-02 11:27:33,18438.6,0
2021-06-02 11:27:35,18437.85,0
2021-06-02 11:27:37,18438.6,0
2021-06-02 11:27:39,18437.6,0
2021-06-02 11:27:41,18434.75,0
2021-06-02 11:27:43,18434.6,0
2021-06-02 11:27:49,18435.7,0
2021-06-02 11:27:58,18436.2,0
2021-06-02 11:28:04,18437.85,0
2021-06-02 11:28:08,18441.2,0
2021-06-02 11:28:09,18440.9,0
2021-06-02 11:28:12,18439.3,0
2021-06-02 11:28:13,18439.7,0
2021-06-02 11:28:14,18438.3,0
2021-06-02 11:28:18,18439.0,0
2021-06-02 11:28:19,18440.45,0
2021-06-02 11:28:22,18440.35,0
2021-06-02 11:28:25,18437.3,0
2021-06-02 11:28:28,18437.55,0
2021-06-02 11:28:33,18437.15,0
2021-06-02 11:28:35,18435.85,0
2021-06-02 11:28:41,18437.75,0
2021-06-02 11:28:46,18434.1,0
2021-06-02 11:28:48,18438.95,0
2021-06-02 11:28:49,18433.65,0
2021-06-02 11:28:51,18434.1,0
2021-06-02 11:28:52,18436.6,0
2021-06-02 11:28:54,18434.85,0
2021-06-02 11:28:58,18436.05,0
2021-06-02 11:28:59,18436.7,0
2021-06-02 11:29:06,18435.45,0
2021-06-02 11:29:07,18436.5,0
2021-06-02 11:29:11,18437.15,0
2021-06-02 11:29:14,18435.1,0
2021-06-02 11:29:15,18434.9,0
2021-06-02 11:29:16,18434.6,0
2021-06-02 11:29:17,18437.25,0
2021-06-02 11:29:22,18435.6,0
2021-06-02 11:29:28,18435.85,0
2021-06-02 11:29:29,18436.45,0
2021-06-02 11:29:30,18435.75,0
2021-06-02 11:29:37,18437.65,0
2021-06-02 11:29:39,18438.95,0
2021-06-02 11:29:41,18435.5,0
2021-06-02 11:29:44,18437.4,0
2021-06-02 11:29:46,18435.5,0
2021-06-02 11:29:50,18440.05,0
2021-06-02 11:29:52,18440.25,0
2021-06-02 11:29:55,18438.6,0
2021-06-02 11:29:59,18440.6,0
2021-06-02 11:30:01,18439.55,0
2021-06-02 11:30:02,18440.8,0
2021-06-02 11:30:04,18439.75,0
2021-06-02 11:30:08,18439.1,0
2021-06-02 11:30:15,18435.5,0
2021-06-02 11:30:17,18433.6,0
2021-06-02 11:30:18,18435.85,0
2021-06-02 11:30:20,18434.2,0
2021-06-02 11:30:22,18433.45,0
2021-06-02 11:30:24,18431.75,0
2021-06-02 11:30:26,18435.05,0
2021-06-02 11:30:27,18434.05,0
2021-06-02 11:30:29,18432.65,0
2021-06-02 11:30:30,18434.3,0
2021-06-02 11:30:36,18436.95,0
2021-06-02 11:30:37,18436.0,0
2021-06-02 11:30:43,18437.15,0
2021-06-02 11:30:44,18434.1,0
2021-06-02 11:30:47,18435.95,0
2021-06-02 11:30:48,18436.85,0
2021-06-02 11:30:50,18432.75,0
2021-06-02 11:30:51,18433.45,0
2021-06-02 11:30:53,18434.9,0
2021-06-02 11:30:54,18435.35,0
2021-06-02 11:31:00,18435.85,0
2021-06-02 11:31:12,18430.85,0
2021-06-02 11:31:14,18434.15,0
2021-06-02 11:31:15,18431.2,0
2021-06-02 11:31:20,18431.5,0
2021-06-02 11:31:22,18429.8,0
2021-06-02 11:31:24,18430.85,0
2021-06-02 11:31:27,18429.15,0
2021-06-02 11:31:32,18429.6,0
2021-06-02 11:31:33,18430.3,0
2021-06-02 11:31:35,18429.55,0
2021-06-02 11:31:40,18426.65,0
2021-06-02 11:31:47,18427.9,0
2021-06-02 11:31:50,18431.8,0
2021-06-02 11:32:01,18433.55,0
2021-06-02 11:32:05,18433.15,0
2021-06-02 11:32:06,18431.65,0
2021-06-02 11:32:08,18433.2,0
2021-06-02 11:32:11,18431.65,0
2021-06-02 11:32:12,18431.6,0
2021-06-02 11:32:20,18431.75,0
2021-06-02 11:32:31,18433.95,0
2021-06-02 11:32:32,18434.3,0
2021-06-02 11:32:37,18434.15,0
2021-06-02 11:32:40,18431.85,0
2021-06-02 11:32:45,18431.0,0
2021-06-02 11:32:49,18434.45,0
2021-06-02 11:33:01,18431.2,0
2021-06-02 11:33:03,18433.55,0
2021-06-02 11:33:06,18433.0,0
2021-06-02 11:33:09,18431.8,0
2021-06-02 11:33:11,18430.1,0
2021-06-02 11:33:17,18429.5,0
2021-06-02 11:33:19,18430.65,0
2021-06-02 11:33:21,18428.05,0
2021-06-02 11:33:22,18428.55,0
2021-06-02 11:33:24,18430.9,0
2021-06-02 11:33:26,18429.2,0
2021-06-02 11:33:27,18429.55,0
2021-06-02 11:33:37,18428.4,0
2021-06-02 11:33:47,18430.6,0
2021-06-02 11:33:48,18428.55,0
2021-06-02 11:33:51,18431.95,0
2021-06-02 11:33:56,18430.75,0
2021-06-02 11:34:05,18426.55,0
2021-06-02 11:34:08,18429.3,0
2021-06-02 11:34:09,18429.2,0
2021-06-02 11:34:11,18427.4,0
2021-06-02 11:34:22,18428.75,0
2021-06-02 11:34:24,18428.3,0
2021-06-02 11:34:25,18426.35,0
2021-06-02 11:34:28,18429.0,0
2021-06-02 11:34:29,18429.45,0
2021-06-02 11:34:32,18425.95,0
2021-06-02 11:34:33,18424.5,0
2021-06-02 11:34:35,18422.95,0
2021-06-02 11:34:36,18424.25,0
2021-06-02 11:34:37,18425.4,0
2021-06-02 11:34:38,18425.2,0
2021-06-02 11:34:39,18424.85,0
2021-06-02 11:34:40,18422.95,0
2021-06-02 11:34:43,18421.5,0
2021-06-02 11:34:46,18424.15,0
2021-06-02 11:34:49,18423.25,0
2021-06-02 11:34:50,18422.3,0
2021-06-02 11:34:52,18422.95,0
2021-06-02 11:34:53,18425.1,0
2021-06-02 11:34:56,18424.2,0
2021-06-02 11:34:57,18424.95,0
2021-06-02 11:34:58,18424.0,0
2021-06-02 11:35:00,18425.7,0
2021-06-02 11:35:03,18426.25,0
2021-06-02 11:35:04,18422.45,0
2021-06-02 11:35:06,18424.0,0
2021-06-02 11:35:09,18423.35,0
2021-06-02 11:35:10,18422.15,0
2021-06-02 11:35:14,18426.15,0
2021-06-02 11:35:21,18426.6,0
2021-06-02 11:35:27,18427.75,0
2021-06-02 11:35:31,18427.9,0
2021-06-02 11:35:34,18429.3,0
2021-06-02 11:35:36,18428.3,0
2021-06-02 11:35:47,18427.7,0
2021-06-02 11:35:48,18430.0,0
2021-06-02 11:35:49,18429.05,0
2021-06-02 11:35:50,18427.8,0
2021-06-02 11:35:51,18429.7,0
2021-06-02 11:35:53,18430.1,0
2021-06-02 11:35:54,18430.1,0
2021-06-02 11:35:58,18430.35,0
2021-06-02 11:35:59,18430.4,0
2021-06-02 11:36:02,18430.6,0
2021-06-02 11:36:04,18431.05,0
2021-06-02 11:36:06,18430.9,0
2021-06-02 11:36:08,18430.7,0
2021-06-02 11:36:11,18430.55,0
2021-06-02 11:36:12,18430.35,0
2021-06-02 11:36:14,18431.9,0
2021-06-02 11:36:15,18429.0,0
2021-06-02 11:36:21,18430.3,0
2021-06-02 11:36:24,18429.85,0
2021-06-02 11:36:25,18430.75,0
2021-06-02 11:36:29,18428.45,0
2021-06-02 11:36:33,18431.05,0
2021-06-02 11:36:37,18428.7,0
2021-06-02 11:36:38,18429.0,0
2021-06-02 11:36:39,18431.15,0
2021-06-02 11:36:42,18432.1,0
2021-06-02 11:36:45,18432.65,0
2021-06-02 11:36:50,18432.25,0
2021-06-02 11:36:52,18432.75,0
2021-06-02 11:36:53,18431.75,0
2021-06-02 11:36:54,18432.65,0
2021-06-02 11:36:59,18433.3,0
2021-06-02 11:37:00,18432.75,0
2021-06-02 11:37:02,18432.7,0
2021-06-02 11:37:03,18430.7,0
2021-06-02 11:37:04,18432.35,0
2021-06-02 11:37:06,18432.2,0
2021-06-02 11:37:07,18432.85,0
2021-06-02 11:37:09,18432.6,0
2021-06-02 11:37:10,18432.35,0
2021-06-02 11:37:17,18433.45,0
2021-06-02 11:37:20,18432.95,0
2021-06-02 11:37:21,18432.45,0
2021-06-02 11:37:22,18432.4,0
2021-06-02 11:37:23,18430.6,0
2021-06-02 11:37:29,18432.65,0
2021-06-02 11:37:31,18430.15,0
2021-06-02 11:37:32,18430.3,0
2021-06-02 11:37:36,18429.35,0
2021-06-02 11:37:39,18430.25,0
2021-06-02 11:37:43,18430.1,0
2021-06-02 11:37:46,18432.9,0
2021-06-02 11:37:48,18432.4,0
2021-06-02 11:37:49,18432.25,0
2021-06-02 11:37:52,18433.5,0
2021-06-02 11:37:54,18431.95,0
2021-06-02 11:37:55,18436.55,0
2021-06-02 11:37:56,18434.25,0
2021-06-02 11:37:59,18436.1,0
2021-06-02 11:38:06,18432.25,0
2021-06-02 11:38:07,18433.35,0
2021-06-02 11:38:10,18433.6,0
2021-06-02 11:38:19,18431.7,0
2021-06-02 11:38:23,18432.25,0
2021-06-02 11:38:24,18432.6,0
2021-06-02 11:38:27,18431.85,0
2021-06-02 11:38:29,18436.0,0
2021-06-02 11:38:30,18434.65,0
2021-06-02 11:38:35,18435.15,0
2021-06-02 11:38:36,18434.45,0
2021-06-02 11:38:39,18434.6,0
2021-06-02 11:38:44,18435.75,0
2021-06-02 11:38:46,18434.9,0
2021-06-02 11:38:49,18436.45,0
2021-06-02 11:38:50,18434.75,0
2021-06-02 11:38:57,18433.25,0
2021-06-02 11:38:59,18432.35,0
2021-06-02 11:39:00,18434.4,0
2021-06-02 11:39:04,18430.25,0
2021-06-02 11:39:07,18429.85,0
2021-06-02 11:39:09,18431.5,0
2021-06-02 11:39:10,18429.6,0
2021-06-02 11:39:11,18429.45,0
2021-06-02 11:39:14,18430.65,0
2021-06-02 11:39:16,18430.5,0
2021-06-02 11:39:19,18429.9,0
2021-06-02 11:39:20,18429.9,0
2021-06-02 11:39:22,18431.85,0
2021-06-02 11:39:28,18429.0,0
2021-06-02 11:39:29,18431.25,0
2021-06-02 11:39:35,18429.35,0
2021-06-02 11:39:39,18427.8,0
2021-06-02 11:39:42,18427.05,0
2021-06-02 11:39:43,18428.6,0
2021-06-02 11:39:45,18426.85,0
2021-06-02 11:39:51,18427.8,0
2021-06-02 11:39:52,18429.05,0
2021-06-02 11:39:54,18430.65,0
2021-06-02 11:39:56,18428.75,0
2021-06-02 11:39:57,18428.3,0
2021-06-02 11:40:00,18428.6,0
2021-06-02 11:40:03,18429.45,0
2021-06-02 11:40:10,18429.2,0
2021-06-02 11:40:17,18424.85,0
2021-06-02 11:40:19,18425.6,0
2021-06-02 11:40:20,18427.75,0
2021-06-02 11:40:21,18426.3,0
2021-06-02 11:40:29,18426.0,0
2021-06-02 11:40:30,18426.75,0
2021-06-02 11:40:35,18426.05,0
2021-06-02 11:40:36,18425.25,0
2021-06-02 11:40:45,18427.8,0
2021-06-02 11:40:48,18428.55,0
2021-06-02 11:40:49,18428.4,0
2021-06-02 11:40:50,18430.2,0
2021-06-02 11:40:54,18428.45,0
2021-06-02 11:40:57,18431.45,0
2021-06-02 11:40:58,18431.9,0
2021-06-02 11:40:59,18430.0,0
2021-06-02 11:41:02,18432.2,0
2021-06-02 11:41:05,18430.9,0
2021-06-02 11:41:06,18429.65,0
2021-06-02 11:41:09,18432.15,0
2021-06-02 11:41:14,18433.8,0
2021-06-02 11:41:18,18433.95,0
2021-06-02 11:41:19,18432.5,0
2021-06-02 11:41:22,18432.3,0
2021-06-02 11:41:24,18430.15,0
2021-06-02 11:41:26,18430.6,0
2021-06-02 11:41:28,18430.7,0
2021-06-02 11:41:29,18432.7,0
2021-06-02 11:41:30,18431.75,0
2021-06-02 11:41:31,18430.1,0
2021-06-02 11:41:42,18430.35,0
2021-06-02 11:41:46,18430.65,0
2021-06-02 11:41:48,18430.8,0
2021-06-02 11:41:51,18426.25,0
2021-06-02 11:41:53,18426.9,0
2021-06-02 11:41:55,18426.2,0
2021-06-02 11:41:58,18427.05,0
2021-06-02 11:42:00,18430.0,0
2021-06-02 11:42:01,18429.85,0
2021-06-02 11:42:02,18430.05,0
2021-06-02 11:42:03,18427.1,0
2021-06-02 11:42:06,18429.6,0
2021-06-02 11:42:09,18427.15,0
2021-06-02 11:42:10,18426.6,0
2021-06-02 11:42:12,18429.1,0
2021-06-02 11:42:18,18431.35,0
2021-06-02 11:42:19,18429.85,0
2021-06-02 11:42:22,18427.05,0
2021-06-02 11:42:33,18425.95,0
2021-06-02 11:42:35,18424.9,0
2021-06-02 11:42:44,18427.65,0
2021-06-02 11:42:46,18424.6,0
2021-06-02 11:42:47,18424.7,0
2021-06-02 11:42:50,18425.15,0
2021-06-02 11:42:54,18427.4,0
2021-06-02 11:42:58,18425.15,0
2021-06-02 11:42:59,18427.05,0
2021-06-02 11:43:01,18424.25,0
2021-06-02 11:43:02,18425.2,0
2021-06-02 11:43:03,18426.2,0
2021-06-02 11:43:08,18424.1,0
2021-06-02 11:43:14,18426.85,0
2021-06-02 11:43:17,18425.55,0
2021-06-02 11:43:19,18423.9,0
2021-06-02 11:43:21,18425.15,0
2021-06-02 11:43:27,18425.2,0
2021-06-02 11:43:28,18425.95,0
2021-06-02 11:43:31,18426.05,0
2021-06-02 11:43:33,18428.5,0
2021-06-02 11:43:34,18427.8,0
2021-06-02 11:43:41,18432.8,0
2021-06-02 11:43:43,18434.05,0
2021-06-02 11:43:50,18430.45,0
2021-06-02 11:43:54,18431.75,0
2021-06-02 11:43:57,18432.75,0
2021-06-02 11:43:59,18430.65,0
2021-06-02 11:44:00,18429.55,0
2021-06-02 11:44:02,18430.55,0
2021-06-02 11:44:03,18430.1,0
2021-06-02 11:44:04,18429.4,0
2021-06-02 11:44:05,18431.5,0
2021-06-02 11:44:10,18433.45,0
2021-06-02 11:44:11,18431.05,0
2021-06-02 11:44:13,18431.75,0
2021-06-02 11:44:15,18431.95,0
2021-06-02 11:44:18,18434.4,0
2021-06-02 11:44:19,18432.65,0
2021-06-02 11:44:20,18433.85,0
2021-06-02 11:44:21,18434.0,0
2021-06-02 11:44:25,18434.5,0
2021-06-02 11:44:30,18434.05,0
2021-06-02 11:44:33,18433.6,0
2021-06-02 11:44:36,18437.35,0
2021-06-02 11:44:37,18435.3,0
2021-06-02 11:44:44,18436.25,0
2021-06-02 11:44:45,18435.05,0
2021-06-02 11:44:48,18436.15,0
2021-06-02 11:44:52,18432.85,0
2021-06-02 11:44:55,18433.15,0
2021-06-02 11:45:01,18433.2,0
2021-06-02 11:45:04,18433.55,0
2021-06-02 11:45:06,18435.4,0
2021-06-02 11:45:07,18434.25,0
2021-06-02 11:45:10,18435.7,0
2021-06-02 11:45:15,18434.4,0
2021-06-02 11:45:23,18431.35,0
2021-06-02 11:45:25,18433.5,0
2021-06-02 11:45:28,18432.2,0
2021-06-02 11:45:29,18433.25,0
2021-06-02 11:45:31,18432.45,0
2021-06-02 11:45:33,18434.35,0
2021-06-02 11:45:35,18432.8,0
2021-06-02 11:45:38,18434.05,0
2021-06-02 11:45:39,18432.2,0
2021-06-02 11:45:40,18431.4,0
2021-06-02 11:45:41,18431.9,0
2021-06-02 11:45:46,18430.05,0
2021-06-02 11:45:47,18431.65,0
2021-06-02 11:45:50,18434.7,0
2021-06-02 11:45:52,18433.2,0
2021-06-02 11:45:54,18435.85,0
2021-06-02 11:45:55,18433.85,0
2021-06-02 11:45:58,18433.3,0
2021-06-02 11:46:00,18432.05,0
2021-06-02 11:46:02,18433.9,0
2021-06-02 11:46:05,18430.85,0
2021-06-02 11:46:09,18433.95,0
2021-06-02 11:46:16,18435.0,0
2021-06-02 11:46:17,18437.65,0
2021-06-02 11:46:21,18435.2,0
2021-06-02 11:46:22,18435.75,0
2021-06-02 11:46:23,18434.8,0
2021-06-02 11:46:25,18432.15,0
2021-06-02 11:46:27,18436.8,0
2021-06-02 11:46:28,18435.25,0
2021-06-02 11:46:32,18435.65,0
2021-06-02 11:46:33,18435.65,0
2021-06-02 11:46:39,18435.2,0
2021-06-02 11:46:40,18436.75,0
2021-06-02 11:46:42,18435.4,0
2021-06-02 11:46:43,18437.25,0
2021-06-02 11:46:44,18437.45,0
2021-06-02 11:46:46,18434.5,0
2021-06-02 11:46:48,18434.4,0
2021-06-02 11:46:52,18433.15,0
2021-06-02 11:47:02,18433.6,0
2021-06-02 11:47:04,18436.55,0
2021-06-02 11:47:08,18434.35,0
2021-06-02 11:47:10,18431.55,0
2021-06-02 11:47:13,18433.95,0
2021-06-02 11:47:19,18431.25,0
2021-06-02 11:47:20,18433.95,0
2021-06-02 11:47:21,18432.65,0
2021-06-02 11:47:23,18432.9,0
2021-06-02 11:47:24,18433.4,0
2021-06-02 11:47:25,18431.1,0
2021-06-02 11:47:27,18434.15,0
2021-06-02 11:47:29,18431.75,0
2021-06-02 11:47:36,18432.25,0
2021-06-02 11:47:37,18430.45,0
2021-06-02 11:47:39,18433.95,0
2021-06-02 11:47:42,18433.8,0
2021-06-02 11:47:43,18434.35,0
2021-06-02 11:47:45,18431.25,0
2021-06-02 11:47:50,18433.05,0
2021-06-02 11:47:55,18435.45,0
2021-06-02 11:47:57,18434.25,0
2021-06-02 11:48:01,18432.9,0
2021-06-02 11:48:02,18434.9,0
2021-06-02 11:48:04,18433.75,0
2021-06-02 11:48:12,18432.55,0
2021-06-02 11:48:13,18432.15,0
2021-06-02 11:48:15,18432.95,0
2021-06-02 11:48:16,18435.35,0
2021-06-02 11:48:19,18432.75,0
2021-06-02 11:48:29,18434.6,0
2021-06-02 11:48:31,18430.7,0
2021-06-02 11:48:33,18433.6,0
2021-06-02 11:48:37,18430.65,0
2021-06-02 11:48:40,18431.7,0
2021-06-02 11:48:41,18431.9,0
2021-06-02 11:48:44,18431.9,0
2021-06-02 11:48:46,18431.25,0
2021-06-02 11:48:49,18432.3,0
2021-06-02 11:48:52,18430.4,0
2021-06-02 11:48:56,18431.65,0
2021-06-02 11:48:57,18432.2,0
2021-06-02 11:49:00,18431.55,0
2021-06-02 11:49:01,18429.2,0
2021-06-02 11:49:04,18431.7,0
2021-06-02 11:49:05,18431.6,0
2021-06-02 11:49:10,18428.25,0
2021-06-02 11:49:11,18430.6,0
2021-06-02 11:49:13,18428.8,0
2021-06-02 11:49:16,18430.35,0
2021-06-02 11:49:17,18432.25,0
2021-06-02 11:49:18,18436.8,0
2021-06-02 11:49:21,18432.0,0
2021-06-02 11:49:22,18430.5,0
2021-06-02 11:49:23,18428.8,0
2021-06-02 11:49:25,18433.35,0
2021-06-02 11:49:27,18430.55,0
2021-06-02 11:49:28,18432.3,0
2021-06-02 11:49:30,18432.15,0
2021-06-02 11:49:33,18431.25,0
2021-06-02 11:49:36,18429.15,0
2021-06-02 11:49:37,18430.0,0
2021-06-02 11:49:42,18427.8,0
2021-06-02 11:49:43,18427.8,0
2021-06-02 11:49:45,18429.45,0
2021-06-02 11:49:46,18429.4,0
2021-06-02 11:49:57,18428.45,0
2021-06-02 11:49:58,18429.45,0
2021-06-02 11:50:00,18430.25,0
2021-06-02 11:50:04,18429.7,0
2021-06-02 11:50:07,18427.6,0
2021-06-02 11:50:09,18430.0,0
2021-06-02 11:50:10,18427.6,0
2021-06-02 11:50:12,18429.65,0
2021-06-02 11:50:13,18429.25,0
2021-06-02 11:50:19,18429.5,0
2021-06-02 11:50:20,18430.7,0
2021-06-02 11:50:26,18430.95,0
2021-06-02 11:50:30,18427.05,0
2021-06-02 11:50:34,18426.85,0
2021-06-02 11:50:43,18425.05,0
2021-06-02 11:50:48,18424.3,0
2021-06-02 11:50:51,18421.9,0
2021-06-02 11:50:53,18425.25,0
2021-06-02 11:50:58,18423.0,0
2021-06-02 11:50:59,18423.95,0
2021-06-02 11:51:03,18423.45,0
2021-06-02 11:51:08,18418.3,0
2021-06-02 11:51:14,18418.4,0
2021-06-02 11:51:15,18421.5,0
2021-06-02 11:51:18,18418.7,0
2021-06-02 11:51:20,18420.05,0
2021-06-02 11:51:21,18420.7,0
2021-06-02 11:51:30,18418.5,0
2021-06-02 11:51:33,18417.4,0
2021-06-02 11:51:35,18417.2,0
2021-06-02 11:51:38,18419.0,0
2021-06-02 11:51:39,18417.4,0
2021-06-02 11:51:40,18416.35,0
2021-06-02 11:51:42,18417.3,0
2021-06-02 11:51:45,18415.95,0
2021-06-02 11:51:46,18413.7,0
2021-06-02 11:51:49,18416.05,0
2021-06-02 11:51:51,18414.75,0
2021-06-02 11:51:53,18418.75,0
2021-06-02 11:51:55,18414.55,0
2021-06-02 11:51:57,18414.8,0
2021-06-02 11:52:03,18415.8,0
2021-06-02 11:52:04,18415.55,0
2021-06-02 11:52:08,18411.6,0
2021-06-02 11:52:09,18413.65,0
2021-06-02 11:52:13,18415.25,0
2021-06-02 11:52:15,18413.75,0
2021-06-02 11:52:20,18413.65,0
2021-06-02 11:52:21,18414.7,0
2021-06-02 11:52:24,18412.0,0
2021-06-02 11:52:32,18414.25,0
2021-06-02 11:52:35,18411.7,0
2021-06-02 11:52:38,18414.15,0
2021-06-02 11:52:39,18413.45,0
2021-06-02 11:52:42,18413.5,0
2021-06-02 11:52:44,18412.3,0
2021-06-02 11:52:45,18414.05,0
2021-06-02 11:52:47,18411.9,0
2021-06-02 11:52:48,18411.25,0
2021-06-02 11:52:52,18413.7,0
2021-06-02 11:52:53,18412.35,0
2021-06-02 11:52:56,18413.2,0
2021-06-02 11:53:01,18414.45,0
2021-06-02 11:53:04,18413.5,0
2021-06-02 11:53:07,18413.25,0
2021-06-02 11:53:08,18413.25,0
2021-06-02 11:53:12,18414.5,0
2021-06-02 11:53:17,18414.2,0
2021-06-02 11:53:19,18411.35,0
2021-06-02 11:53:21,18412.5,0
2021-06-02 11:53:23,18413.9,0
2021-06-02 11:53:29,18414.2,0
2021-06-02 11:53:37,18410.2,0
2021-06-02 11:53:38,18411.15,0
2021-06-02 11:53:43,18413.05,0
2021-06-02 11:53:44,18411.1,0
2021-06-02 11:53:46,18410.95,0
2021-06-02 11:53:49,18412.95,0
2021-06-02 11:53:51,18413.15,0
2021-06-02 11:53:54,18409.5,0
2021-06-02 11:53:55,18409.25,0
2021-06-02 11:53:56,18409.4,0
2021-06-02 11:54:05,18408.6,0
2021-06-02 11:54:08,18406.05,0
2021-06-02 11:54:13,18408.2,0
2021-06-02 11:54:14,18403.9,0
2021-06-02 11:54:21,18405.5,0
2021-06-02 11:54:25,18403.5,0
2021-06-02 11:54:29,18406.25,0
2021-06-02 11:54:32,18400.85,0
2021-06-02 11:54:37,18405.15,0
2021-06-02 11:54:41,18404.25,0
2021-06-02 11:54:44,18405.35,0
2021-06-02 11:54:48,18406.8,0
2021-06-02 11:54:49,18405.35,0
2021-06-02 11:54:52,18406.25,0
2021-06-02 11:54:55,18405.8,0
2021-06-02 11:54:56,18405.05,0
2021-06-02 11:54:59,18405.3,0
2021-06-02 11:55:02,18404.8,0
2021-06-02 11:55:04,18404.75,0
2021-06-02 11:55:05,18405.0,0
2021-06-02 11:55:06,18406.3,0
2021-06-02 11:55:07,18404.35,0
2021-06-02 11:55:09,18403.35,0
2021-06-02 11:55:13,18405.4,0
2021-06-02 11:55:28,18409.35,0
2021-06-02 11:55:29,18411.95,0
2021-06-02 11:55:31,18407.9,0
2021-06-02 11:55:32,18410.15,0
2021-06-02 11:55:37,18409.8,0
2021-06-02 11:55:41,18409.15,0
2021-06-02 11:55:42,18407.9,0
2021-06-02 11:55:43,18407.7,0
2021-06-02 11:55:44,18407.2,0
2021-06-02 11:55:45,18407.3,0
2021-06-02 11:55:46,18405.45,0
2021-06-02 11:55:47,18406.9,0
2021-06-02 11:55:56,18405.85,0
2021-06-02 11:56:06,18402.6,0
2021-06-02 11:56:08,18402.25,0
2021-06-02 11:56:12,18404.1,0
2021-06-02 11:56:19,18401.45,0
2021-06-02 11:56:22,18401.95,0
2021-06-02 11:56:25,18401.75,0
2021-06-02 11:56:33,18400.75,0
2021-06-02 11:56:36,18402.8,0
2021-06-02 11:56:39,18402.75,0
2021-06-02 11:56:43,18401.8,0
2021-06-02 11:56:54,18403.65,0
2021-06-02 11:56:58,18401.0,0
2021-06-02 11:56:59,18401.15,0
2021-06-02 11:57:00,18400.55,0
2021-06-02 11:57:05,18401.35,0
2021-06-02 11:57:11,18403.2,0
2021-06-02 11:57:13,18403.55,0
2021-06-02 11:57:14,18404.65,0
2021-06-02 11:57:21,18403.6,0
2021-06-02 11:57:23,18406.7,0
2021-06-02 11:57:26,18404.55,0
2021-06-02 11:57:27,18403.95,0
2021-06-02 11:57:28,18403.3,0
2021-06-02 11:57:32,18406.55,0
2021-06-02 11:57:34,18405.05,0
2021-06-02 11:57:36,18406.25,0
2021-06-02 11:57:40,18407.05,0
2021-06-02 11:57:41,18406.65,0
2021-06-02 11:57:42,18408.9,0
2021-06-02 11:57:44,18409.1,0
2021-06-02 11:57:45,18408.6,0
2021-06-02 11:57:47,18408.8,0
2021-06-02 11:57:52,18408.35,0
2021-06-02 11:57:56,18407.6,0
2021-06-02 11:57:58,18410.0,0
2021-06-02 11:58:01,18407.7,0
2021-06-02 11:58:04,18407.95,0
2021-06-02 11:58:06,18407.95,0
2021-06-02 11:58:11,18409.75,0
2021-06-02 11:58:12,18410.5,0
2021-06-02 11:58:13,18409.35,0
2021-06-02 11:58:15,18409.95,0
2021-06-02 11:58:20,18408.4,0
2021-06-02 11:58:22,18409.9,0
2021-06-02 11:58:24,18410.65,0
2021-06-02 11:58:25,18409.15,0
2021-06-02 11:58:39,18408.35,0
2021-06-02 11:58:43,18408.85,0
2021-06-02 11:58:44,18406.4,0
2021-06-02 11:58:45,18406.8,0
2021-06-02 11:58:48,18407.9,0
2021-06-02 11:58:53,18408.7,0
2021-06-02 11:58:54,18409.7,0
2021-06-02 11:58:56,18410.8,0
2021-06-02 11:59:02,18408.9,0
2021-06-02 11:59:03,18410.1,0
2021-06-02 11:59:06,18410.5,0
2021-06-02 11:59:07,18411.0,0
2021-06-02 11:59:11,18409.5,0
2021-06-02 11:59:15,18412.55,0
2021-06-02 11:59:19,18410.15,0
2021-06-02 11:59:24,18412.85,0
2021-06-02 11:59:27,18412.65,0
2021-06-02 11:59:32,18409.7,0
2021-06-02 11:59:34,18409.45,0
2021-06-02 11:59:40,18408.2,0
2021-06-02 11:59:41,18408.45,0
2021-06-02 11:59:42,18408.7,0
2021-06-02 11:59:45,18408.45,0
2021-06-02 11:59:50,18410.0,0
2021-06-02 11:59:51,18409.9,0
2021-06-02 11:59:54,18408.05,0
2021-06-02 11:59:57,18406.95,0
2021-06-02 11:59:58,18409.8,0
2021-06-02 12:00:00,18407.95,0
2021-06-02 12:00:04,18411.8,0
2021-06-02 12:00:05,18411.2,0
2021-06-02 12:00:10,18409.95,0
2021-06-02 12:00:11,18410.2,0
2021-06-02 12:00:14,18412.15,0
2021-06-02 12:00:15,18412.65,0
2021-06-02 12:00:19,18412.8,0
2021-06-02 12:00:20,18412.1,0
2021-06-02 12:00:27,18414.8,0
2021-06-02 12:00:31,18412.8,0
2021-06-02 12:00:36,18412.1,0
2021-06-02 12:00:42,18413.05,0
2021-06-02 12:00:49,18408.55,0
2021-06-02 12:00:58,18411.4,0
2021-06-02 12:01:00,18411.3,0
2021-06-02 12:01:03,18411.0,0
2021-06-02 12:01:06,18412.8,0
2021-06-02 12:01:10,18410.35,0
2021-06-02 12:01:11,18411.45,0
2021-06-02 12:01:16,18411.1,0
2021-06-02 12:01:18,18409.3,0
2021-06-02 12:01:26,18410.35,0
2021-06-02 12:01:27,18410.35,0
2021-06-02 12:01:28,18408.7,0
2021-06-02 12:01:32,18407.5,0
2021-06-02 12:01:33,18409.75,0
2021-06-02 12:01:34,18409.3,0
2021-06-02 12:01:35,18407.85,0
2021-06-02 12:01:39,18407.05,0
2021-06-02 12:01:40,18408.65,0
2021-06-02 12:01:44,18407.0,0
2021-06-02 12:01:45,18407.7,0
2021-06-02 12:01:52,18411.2,0
2021-06-02 12:01:53,18409.25,0
2021-06-02 12:01:54,18408.2,0
2021-06-02 12:01:55,18410.9,0
2021-06-02 12:02:02,18407.15,0
2021-06-02 12:02:05,18409.3,0
2021-06-02 12:02:06,18409.9,0
2021-06-02 12:02:07,18409.7,0
2021-06-02 12:02:09,18409.3,0
2021-06-02 12:02:15,18407.7,0
2021-06-02 12:02:16,18407.6,0
2021-06-02 12:02:17,18407.2,0
2021-06-02 12:02:20,18404.8,0
2021-06-02 12:02:21,18403.5,0
2021-06-02 12:02:24,18406.95,0
2021-06-02 12:02:25,18404.25,0
2021-06-02 12:02:26,18404.5,0
2021-06-02 12:02:29,18406.8,0
2021-06-02 12:02:30,18408.15,0
2021-06-02 12:02:33,18407.35,0
2021-06-02 12:02:36,18408.25,0
2021-06-02 12:02:39,18405.8,0
2021-06-02 12:02:42,18408.4,0
2021-06-02 12:02:44,18406.75,0
2021-06-02 12:02:46,18408.35,0
2021-06-02 12:02:47,18407.55,0
2021-06-02 12:02:48,18408.65,0
2021-06-02 12:02:50,18407.35,0
2021-06-02 12:02:51,18407.35,0
2021-06-02 12:02:54,18403.1,0
2021-06-02 12:02:58,18403.2,0
2021-06-02 12:03:00,18405.7,0
2021-06-02 12:03:01,18404.7,0
2021-06-02 12:03:03,18404.4,0
2021-06-02 12:03:04,18404.4,0
2021-06-02 12:03:05,18404.95,0
2021-06-02 12:03:11,18404.0,0
2021-06-02 12:03:15,18403.2,0
2021-06-02 12:03:21,18403.1,0
2021-06-02 12:03:26,18402.5,0
2021-06-02 12:03:28,18406.1,0
2021-06-02 12:03:30,18406.45,0
2021-06-02 12:03:33,18404.85,0
2021-06-02 12:03:34,18405.05,0
2021-06-02 12:03:36,18404.05,0
2021-06-02 12:03:40,18403.05,0
2021-06-02 12:03:43,18404.45,0
2021-06-02 12:03:51,18400.8,0
2021-06-02 12:03:52,18402.65,0
2021-06-02 12:03:53,18398.8,0
2021-06-02 12:03:59,18401.55,0
2021-06-02 12:04:00,18400.95,0
2021-06-02 12:04:02,18401.1,0
2021-06-02 12:04:03,18398.9,0
2021-06-02 12:04:04,18398.2,0
2021-06-02 12:04:07,18401.25,0
2021-06-02 12:04:09,18400.35,0
2021-06-02 12:04:12,18399.65,0
2021-06-02 12:04:14,18401.6,0
2021-06-02 12:04:15,18399.95,0
2021-06-02 12:04:19,18401.65,0
2021-06-02 12:04:20,18398.65,0
2021-06-02 12:04:21,18399.2,0
2021-06-02 12:04:24,18400.3,0
2021-06-02 12:04:29,18396.6,0
2021-06-02 12:04:33,18396.8,0
2021-06-02 12:04:34,18396.3,0
2021-06-02 12:04:37,18392.45,0
2021-06-02 12:04:38,18394.45,0
2021-06-02 12:04:39,18396.35,0
2021-06-02 12:04:40,18396.4,0
2021-06-02 12:04:42,18395.55,0
2021-06-02 12:04:43,18395.3,0
2021-06-02 12:04:50,18394.7,0
2021-06-02 12:04:52,18393.9,0
2021-06-02 12:05:04,18396.75,0
2021-06-02 12:05:09,18392.8,0
2021-06-02 12:05:11,18393.6,0
2021-06-02 12:05:21,18394.05,0
2021-06-02 12:05:29,18394.65,0
2021-06-02 12:05:31,18395.85,0
2021-06-02 12:05:34,18393.8,0
2021-06-02 12:05:37,18395.25,0
2021-06-02 12:05:44,18397.3,0
2021-06-02 12:05:45,18399.45,0
2021-06-02 12:05:46,18399.2,0
2021-06-02 12:05:53,18399.75,0
2021-06-02 12:05:55,18400.15,0
2021-06-02 12:05:58,18400.45,0
2021-06-02 12:06:01,18396.25,0
2021-06-02 12:06:03,18398.9,0
2021-06-02 12:06:04,18397.9,0
2021-06-02 12:06:07,18399.4,0
2021-06-02 12:06:08,18399.55,0
2021-06-02 12:06:09,18398.45,0
2021-06-02 12:06:10,18398.75,0
2021-06-02 12:06:11,18396.7,0
2021-06-02 12:06:18,18403.05,0
2021-06-02 12:06:21,18402.05,0
2021-06-02 12:06:22,18400.7,0
2021-06-02 12:06:28,18407.45,0
2021-06-02 12:06:32,18406.75,0
2021-06-02 12:06:35,18407.55,0
2021-06-02 12:06:37,18405.9,0
2021-06-02 12:06:39,18407.75,0
2021-06-02 12:06:40,18408.0,0
2021-06-02 12:06:42,18408.2,0
2021-06-02 12:06:43,18408.25,0
2021-06-02 12:06:49,18406.95,0
2021-06-02 12:06:50,18410.6,0
2021-06-02 12:06:56,18408.55,0
2021-06-02 12:07:00,18409.25,0
2021-06-02 12:07:08,18412.35,0
2021-06-02 12:07:09,18410.95,0
2021-06-02 12:07:11,18409.05,0
2021-06-02 12:07:19,18411.9,0
2021-06-02 12:07:20,18409.6,0
2021-06-02 12:07:30,18407.7,0
2021-06-02 12:07:32,18412.25,0
2021-06-02 12:07:37,18413.6,0
2021-06-02 12:07:48,18414.0,0
2021-06-02 12:07:49,18413.9,0
2021-06-02 12:07:54,18412.85,0
2021-06-02 12:07:55,18412.55,0
2021-06-02 12:07:57,18415.55,0
2021-06-02 12:08:02,18414.2,0
2021-06-02 12:08:03,18417.6,0
2021-06-02 12:08:05,18415.4,0
2021-06-02 12:08:06,18414.4,0
2021-06-02 12:08:07,18416.75,0
2021-06-02 12:08:08,18414.8,0
2021-06-02 12:08:10,18415.85,0
2021-06-02 12:08:12,18415.6,0
2021-06-02 12:08:14,18417.05,0
2021-06-02 12:08:17,18417.55,0
2021-06-02 12:08:22,18418.05,0
2021-06-02 12:08:24,18418.3,0
2021-06-02 12:08:28,18419.1,0
2021-06-02 12:08:33,18418.15,0
2021-06-02 12:08:34,18417.6,0
2021-06-02 12:08:38,18417.65,0
2021-06-02 12:08:43,18418.15,0
2021-06-02 12:08:46,18415.3,0
2021-06-02 12:08:48,18415.15,0
