timestamp,ltp,volume
2021-06-07 09:18:16,355.95,0
2021-06-07 09:18:17,356.0,0
2021-06-07 09:18:18,355.95,0
2021-06-07 09:18:19,355.95,0
2021-06-07 09:18:20,356.2,0
2021-06-07 09:18:21,356.2,0
2021-06-07 09:18:22,356.0,0
2021-06-07 09:18:23,356.15,0
2021-06-07 09:18:24,356.0,0
2021-06-07 09:18:25,356.0,0
2021-06-07 09:18:26,356.0,0
2021-06-07 09:18:27,355.95,0
2021-06-07 09:18:28,355.95,0
2021-06-07 09:18:29,355.9,0
2021-06-07 09:18:30,355.95,0
2021-06-07 09:18:31,355.95,0
2021-06-07 09:18:32,355.95,0
2021-06-07 09:18:36,355.85,0
2021-06-07 09:18:37,355.85,0
2021-06-07 09:18:38,355.8,0
2021-06-07 09:18:40,355.75,0
2021-06-07 09:18:41,355.75,0
2021-06-07 09:18:42,355.85,0
2021-06-07 09:18:43,355.75,0
2021-06-07 09:18:44,355.7,0
2021-06-07 09:18:45,355.6,0
2021-06-07 09:18:46,355.75,0
2021-06-07 09:18:47,355.7,0
2021-06-07 09:18:48,355.7,0
2021-06-07 09:18:49,355.75,0
2021-06-07 09:18:50,355.7,0
2021-06-07 09:18:51,355.65,0
2021-06-07 09:18:52,355.4,0
2021-06-07 09:18:53,355.3,0
2021-06-07 09:18:54,355.35,0
2021-06-07 09:18:55,355.4,0
2021-06-07 09:18:56,355.55,0
2021-06-07 09:18:58,355.5,0
2021-06-07 09:19:01,355.45,0
2021-06-07 09:19:02,355.4,0
2021-06-07 09:19:03,355.3,0
2021-06-07 09:19:04,355.3,0
2021-06-07 09:19:05,355.35,0
2021-06-07 09:19:06,355.3,0
2021-06-07 09:19:08,355.3,0
2021-06-07 09:19:09,355.2,0
2021-06-07 09:19:10,355.2,0
2021-06-07 09:19:12,355.3,0
2021-06-07 09:19:13,355.45,0
2021-06-07 09:19:14,355.4,0
2021-06-07 09:19:15,355.25,0
2021-06-07 09:19:16,355.2,0
2021-06-07 09:19:17,355.2,0
2021-06-07 09:19:18,355.35,0
2021-06-07 09:19:19,355.25,0
2021-06-07 09:19:20,355.25,0
2021-06-07 09:19:22,355.2,0
2021-06-07 09:19:23,355.2,0
2021-06-07 09:19:24,355.3,0
2021-06-07 09:19:25,355.25,0
2021-06-07 09:19:26,355.25,0
2021-06-07 09:19:27,355.2,0
2021-06-07 09:19:28,355.2,0
2021-06-07 09:19:30,355.25,0
2021-06-07 09:19:31,355.25,0
2021-06-07 09:19:32,355.25,0
2021-06-07 09:19:33,355.25,0
2021-06-07 09:19:34,355.2,0
2021-06-07 09:19:35,355.1,0
2021-06-07 09:19:37,355.0,0
2021-06-07 09:19:38,355.0,0
2021-06-07 09:19:39,355.1,0
2021-06-07 09:19:40,355.1,0
2021-06-07 09:19:41,355.1,0
2021-06-07 09:19:42,355.05,0
2021-06-07 09:19:43,354.9,0
2021-06-07 09:19:45,355.1,0
2021-06-07 09:19:46,355.15,0
2021-06-07 09:19:47,355.15,0
2021-06-07 09:19:48,355.2,0
2021-06-07 09:19:49,355.15,0
2021-06-07 09:19:50,355.15,0
2021-06-07 09:19:51,355.2,0
2021-06-07 09:19:52,355.25,0
2021-06-07 09:19:53,355.35,0
2021-06-07 09:19:54,355.35,0
2021-06-07 09:19:55,355.45,0
2021-06-07 09:19:56,355.35,0
2021-06-07 09:19:57,355.45,0
2021-06-07 09:19:58,355.5,0
2021-06-07 09:19:59,355.55,0
2021-06-07 09:20:00,355.55,0
2021-06-07 09:20:01,355.6,0
2021-06-07 09:20:03,355.8,0
2021-06-07 09:20:05,355.85,0
2021-06-07 09:20:06,355.85,0
2021-06-07 09:20:08,355.8,0
2021-06-07 09:20:09,355.8,0
2021-06-07 09:20:10,355.8,0
2021-06-07 09:20:11,355.8,0
2021-06-07 09:20:13,355.8,0
2021-06-07 09:20:14,355.8,0
2021-06-07 09:20:15,355.8,0
2021-06-07 09:20:16,355.8,0
2021-06-07 09:20:17,355.8,0
2021-06-07 09:20:18,355.85,0
2021-06-07 09:20:19,355.95,0
2021-06-07 09:20:20,355.95,0
2021-06-07 09:20:22,355.9,0
2021-06-07 09:20:23,355.95,0
2021-06-07 09:20:24,355.8,0
2021-06-07 09:20:25,355.75,0
2021-06-07 09:20:26,355.9,0
2021-06-07 09:20:27,355.85,0
2021-06-07 09:20:28,355.9,0
2021-06-07 09:20:29,355.9,0
2021-06-07 09:20:31,355.8,0
2021-06-07 09:20:32,356.1,0
2021-06-07 09:20:33,356.05,0
2021-06-07 09:20:34,356.05,0
2021-06-07 09:20:35,356.1,0
2021-06-07 09:20:36,356.1,0
2021-06-07 09:20:38,356.2,0
2021-06-07 09:20:39,356.2,0
2021-06-07 09:20:40,356.1,0
2021-06-07 09:20:41,356.1,0
2021-06-07 09:20:42,356.15,0
2021-06-07 09:20:43,356.15,0
2021-06-07 09:20:44,356.2,0
2021-06-07 09:20:45,356.05,0
2021-06-07 09:20:46,356.15,0
2021-06-07 09:20:48,356.25,0
2021-06-07 09:20:49,356.25,0
2021-06-07 09:20:50,356.2,0
2021-06-07 09:20:51,356.25,0
2021-06-07 09:20:52,356.35,0
2021-06-07 09:20:53,356.25,0
2021-06-07 09:20:54,356.25,0
2021-06-07 09:20:55,356.2,0
2021-06-07 09:20:56,356.4,0
2021-06-07 09:20:57,356.55,0
2021-06-07 09:20:59,356.6,0
2021-06-07 09:21:00,356.55,0
2021-06-07 09:21:01,356.55,0
2021-06-07 09:21:02,356.65,0
2021-06-07 09:21:03,356.65,0
2021-06-07 09:21:04,356.75,0
2021-06-07 09:21:05,356.8,0
2021-06-07 09:21:07,356.9,0
2021-06-07 09:21:08,356.9,0
2021-06-07 09:21:09,356.85,0
2021-06-07 09:21:10,356.85,0
2021-06-07 09:21:11,356.8,0
2021-06-07 09:21:13,356.65,0
2021-06-07 09:21:14,356.65,0
2021-06-07 09:21:15,356.65,0
2021-06-07 09:21:16,356.6,0
2021-06-07 09:21:17,356.65,0
2021-06-07 09:21:18,356.65,0
2021-06-07 09:21:19,356.75,0
2021-06-07 09:21:20,356.8,0
2021-06-07 09:21:21,356.8,0
2021-06-07 09:21:22,356.75,0
2021-06-07 09:21:23,356.8,0
2021-06-07 09:21:24,356.8,0
2021-06-07 09:21:25,356.75,0
2021-06-07 09:21:26,356.55,0
2021-06-07 09:21:27,356.65,0
2021-06-07 09:21:28,356.65,0
2021-06-07 09:21:30,356.65,0
2021-06-07 09:21:31,356.7,0
2021-06-07 09:21:32,356.6,0
2021-06-07 09:21:33,356.65,0
2021-06-07 09:21:34,356.7,0
2021-06-07 09:21:35,356.75,0
2021-06-07 09:21:36,356.65,0
2021-06-07 09:21:37,356.55,0
2021-06-07 09:21:38,356.5,0
2021-06-07 09:21:39,356.6,0
2021-06-07 09:21:40,356.65,0
2021-06-07 09:21:41,356.55,0
2021-06-07 09:21:42,356.45,0
2021-06-07 09:21:45,356.4,0
2021-06-07 09:21:47,356.4,0
2021-06-07 09:21:48,356.4,0
2021-06-07 09:21:49,356.35,0
2021-06-07 09:21:50,356.5,0
2021-06-07 09:21:52,356.35,0
2021-06-07 09:21:53,356.4,0
2021-06-07 09:21:54,356.3,0
2021-06-07 09:21:55,356.3,0
2021-06-07 09:21:56,356.2,0
2021-06-07 09:21:57,356.3,0
2021-06-07 09:21:58,356.35,0
2021-06-07 09:21:59,356.3,0
2021-06-07 09:22:00,356.3,0
2021-06-07 09:22:01,356.2,0
2021-06-07 09:22:02,356.3,0
2021-06-07 09:22:04,356.25,0
2021-06-07 09:22:05,356.3,0
2021-06-07 09:22:06,356.25,0
2021-06-07 09:22:07,356.0,0
2021-06-07 09:22:09,356.05,0
2021-06-07 09:22:10,356.2,0
2021-06-07 09:22:11,356.2,0
2021-06-07 09:22:12,356.25,0
2021-06-07 09:22:13,356.25,0
2021-06-07 09:22:14,356.25,0
2021-06-07 09:22:15,356.2,0
2021-06-07 09:22:17,356.05,0
2021-06-07 09:22:18,356.05,0
2021-06-07 09:22:19,356.05,0
2021-06-07 09:22:20,356.05,0
2021-06-07 09:22:21,356.1,0
2021-06-07 09:22:22,356.05,0
2021-06-07 09:22:23,356.0,0
2021-06-07 09:22:24,356.1,0
2021-06-07 09:22:25,356.1,0
2021-06-07 09:22:27,356.0,0
2021-06-07 09:22:28,356.0,0
2021-06-07 09:22:29,356.05,0
2021-06-07 09:22:30,356.0,0
2021-06-07 09:22:32,356.0,0
2021-06-07 09:22:33,356.05,0
2021-06-07 09:22:34,356.05,0
2021-06-07 09:22:36,355.95,0
2021-06-07 09:22:38,356.1,0
2021-06-07 09:22:39,356.1,0
2021-06-07 09:22:40,356.0,0
2021-06-07 09:22:41,356.1,0
2021-06-07 09:22:42,356.1,0
2021-06-07 09:22:43,356.05,0
2021-06-07 09:22:44,356.05,0
2021-06-07 09:22:45,356.1,0
2021-06-07 09:22:46,356.05,0
2021-06-07 09:22:47,356.05,0
2021-06-07 09:22:48,356.15,0
2021-06-07 09:22:49,356.1,0
2021-06-07 09:22:50,356.15,0
2021-06-07 09:22:51,356.15,0
2021-06-07 09:22:52,356.25,0
2021-06-07 09:22:54,356.2,0
2021-06-07 09:22:57,356.2,0
2021-06-07 09:22:58,356.15,0
2021-06-07 09:22:59,356.1,0
2021-06-07 09:23:00,356.2,0
2021-06-07 09:23:01,356.25,0
2021-06-07 09:23:02,356.25,0
2021-06-07 09:23:03,356.25,0
2021-06-07 09:23:04,356.25,0
2021-06-07 09:23:05,356.3,0
2021-06-07 09:23:06,356.2,0
2021-06-07 09:23:07,356.3,0
2021-06-07 09:23:08,356.3,0
2021-06-07 09:23:09,356.3,0
2021-06-07 09:23:10,356.3,0
2021-06-07 09:23:11,356.3,0
2021-06-07 09:23:12,356.3,0
2021-06-07 09:23:13,356.3,0
2021-06-07 09:23:14,356.3,0
2021-06-07 09:23:15,356.3,0
2021-06-07 09:23:17,356.15,0
2021-06-07 09:23:18,356.2,0
2021-06-07 09:23:19,356.2,0
2021-06-07 09:23:20,356.15,0
2021-06-07 09:23:21,356.15,0
2021-06-07 09:23:22,356.25,0
2021-06-07 09:23:23,356.2,0
2021-06-07 09:23:24,356.2,0
2021-06-07 09:23:25,356.3,0
2021-06-07 09:23:26,356.25,0
2021-06-07 09:23:27,356.1,0
2021-06-07 09:23:28,356.05,0
2021-06-07 09:23:29,355.95,0
2021-06-07 09:23:30,355.95,0
2021-06-07 09:23:32,355.9,0
2021-06-07 09:23:33,355.95,0
2021-06-07 09:23:35,356.0,0
2021-06-07 09:23:36,355.8,0
2021-06-07 09:23:38,355.8,0
2021-06-07 09:23:40,355.85,0
2021-06-07 09:23:44,355.65,0
2021-06-07 09:23:46,355.6,0
2021-06-07 09:23:48,355.65,0
2021-06-07 09:23:49,355.8,0
2021-06-07 09:23:53,355.8,0
2021-06-07 09:23:54,355.8,0
2021-06-07 09:23:55,355.85,0
2021-06-07 09:23:56,355.65,0
2021-06-07 09:23:57,355.65,0
2021-06-07 09:23:58,355.65,0
2021-06-07 09:23:59,355.65,0
2021-06-07 09:24:00,355.65,0
2021-06-07 09:24:01,355.65,0
2021-06-07 09:24:02,355.65,0
2021-06-07 09:24:03,355.6,0
2021-06-07 09:24:05,355.6,0
2021-06-07 09:24:06,355.75,0
2021-06-07 09:24:07,355.8,0
2021-06-07 09:24:09,355.8,0
2021-06-07 09:24:10,355.75,0
2021-06-07 09:24:11,355.9,0
2021-06-07 09:24:12,355.8,0
2021-06-07 09:24:13,355.8,0
2021-06-07 09:24:14,355.75,0
2021-06-07 09:24:16,355.7,0
2021-06-07 09:24:17,355.7,0
2021-06-07 09:24:18,355.75,0
2021-06-07 09:24:19,355.75,0
2021-06-07 09:24:20,355.7,0
2021-06-07 09:24:21,355.6,0
2021-06-07 09:24:23,355.65,0
2021-06-07 09:24:24,355.6,0
2021-06-07 09:24:25,355.7,0
2021-06-07 09:24:26,355.75,0
2021-06-07 09:24:27,355.7,0
2021-06-07 09:24:28,355.65,0
2021-06-07 09:24:29,355.6,0
2021-06-07 09:24:30,355.55,0
2021-06-07 09:24:31,355.6,0
2021-06-07 09:24:32,355.6,0
2021-06-07 09:24:33,355.65,0
2021-06-07 09:24:34,355.75,0
2021-06-07 09:24:35,355.55,0
2021-06-07 09:24:36,355.55,0
2021-06-07 09:24:38,355.45,0
2021-06-07 09:24:39,355.6,0
2021-06-07 09:24:41,355.5,0
2021-06-07 09:24:43,355.65,0
2021-06-07 09:24:44,355.7,0
2021-06-07 09:24:45,355.75,0
2021-06-07 09:24:46,355.65,0
2021-06-07 09:24:47,355.7,0
2021-06-07 09:24:48,355.65,0
2021-06-07 09:24:49,355.65,0
2021-06-07 09:24:50,355.75,0
2021-06-07 09:24:51,355.8,0
2021-06-07 09:24:52,355.7,0
2021-06-07 09:24:53,355.7,0
2021-06-07 09:24:54,355.65,0
2021-06-07 09:24:55,355.8,0
2021-06-07 09:24:57,355.8,0
2021-06-07 09:24:58,355.75,0
2021-06-07 09:25:01,355.8,0
2021-06-07 09:25:02,355.75,0
2021-06-07 09:25:04,355.75,0
2021-06-07 09:25:05,355.7,0
2021-06-07 09:25:06,355.65,0
2021-06-07 09:25:07,355.65,0
2021-06-07 09:25:08,355.65,0
2021-06-07 09:25:11,355.6,0
2021-06-07 09:25:12,355.6,0
2021-06-07 09:25:13,355.6,0
2021-06-07 09:25:14,355.6,0
2021-06-07 09:25:15,355.5,0
2021-06-07 09:25:16,355.65,0
2021-06-07 09:25:18,355.6,0
2021-06-07 09:25:19,355.6,0
2021-06-07 09:25:20,355.6,0
2021-06-07 09:25:21,355.65,0
2021-06-07 09:25:22,355.6,0
2021-06-07 09:25:23,355.65,0
2021-06-07 09:25:24,355.55,0
2021-06-07 09:25:25,355.55,0
2021-06-07 09:25:26,355.5,0
2021-06-07 09:25:27,355.5,0
2021-06-07 09:25:28,355.5,0
2021-06-07 09:25:29,355.5,0
2021-06-07 09:25:30,355.5,0
2021-06-07 09:25:32,355.6,0
2021-06-07 09:25:34,355.5,0
2021-06-07 09:25:35,355.45,0
2021-06-07 09:25:36,355.5,0
2021-06-07 09:25:37,355.5,0
2021-06-07 09:25:40,355.6,0
2021-06-07 09:25:41,355.55,0
2021-06-07 09:25:42,355.5,0
2021-06-07 09:25:43,355.5,0
2021-06-07 09:25:44,355.7,0
2021-06-07 09:25:45,355.65,0
2021-06-07 09:25:46,355.65,0
2021-06-07 09:25:47,355.6,0
2021-06-07 09:25:48,355.6,0
2021-06-07 09:25:49,355.65,0
2021-06-07 09:25:51,355.65,0
2021-06-07 09:25:52,355.65,0
2021-06-07 09:25:53,355.65,0
2021-06-07 09:25:54,355.65,0
2021-06-07 09:25:55,355.7,0
2021-06-07 09:25:56,355.7,0
2021-06-07 09:25:57,355.75,0
2021-06-07 09:25:58,355.85,0
2021-06-07 09:25:59,355.8,0
2021-06-07 09:26:01,355.75,0
2021-06-07 09:26:04,355.75,0
2021-06-07 09:26:06,355.9,0
2021-06-07 09:26:07,355.75,0
2021-06-07 09:26:08,355.75,0
2021-06-07 09:26:10,355.8,0
2021-06-07 09:26:11,355.8,0
2021-06-07 09:26:12,355.85,0
2021-06-07 09:26:13,355.85,0
2021-06-07 09:26:14,355.85,0
2021-06-07 09:26:15,355.75,0
2021-06-07 09:26:16,355.8,0
2021-06-07 09:26:17,355.8,0
2021-06-07 09:26:19,355.7,0
2021-06-07 09:26:20,355.7,0
2021-06-07 09:26:26,355.8,0
2021-06-07 09:26:27,355.8,0
2021-06-07 09:26:28,355.8,0
2021-06-07 09:26:29,355.75,0
2021-06-07 09:26:30,355.75,0
2021-06-07 09:26:31,355.75,0
2021-06-07 09:26:32,355.75,0
2021-06-07 09:26:33,355.8,0
2021-06-07 09:26:34,355.75,0
2021-06-07 09:26:35,355.7,0
2021-06-07 09:26:37,355.7,0
2021-06-07 09:26:38,355.65,0
2021-06-07 09:26:39,355.7,0
2021-06-07 09:26:40,355.7,0
2021-06-07 09:26:41,355.6,0
2021-06-07 09:26:42,355.6,0
2021-06-07 09:26:43,355.5,0
2021-06-07 09:26:44,355.55,0
2021-06-07 09:26:45,355.55,0
2021-06-07 09:26:46,355.55,0
2021-06-07 09:26:47,355.55,0
2021-06-07 09:26:48,355.55,0
2021-06-07 09:26:49,355.6,0
2021-06-07 09:26:50,355.6,0
2021-06-07 09:26:51,355.55,0
2021-06-07 09:26:53,355.6,0
2021-06-07 09:26:54,355.6,0
2021-06-07 09:26:55,355.65,0
2021-06-07 09:26:56,355.65,0
2021-06-07 09:26:57,355.65,0
2021-06-07 09:26:58,355.6,0
2021-06-07 09:26:59,355.6,0
2021-06-07 09:27:00,355.6,0
2021-06-07 09:27:02,355.65,0
2021-06-07 09:27:03,355.6,0
2021-06-07 09:27:04,355.5,0
2021-06-07 09:27:06,355.5,0
2021-06-07 09:27:07,355.35,0
2021-06-07 09:27:08,355.35,0
2021-06-07 09:27:11,355.5,0
2021-06-07 09:27:12,355.5,0
2021-06-07 09:27:13,355.5,0
2021-06-07 09:27:14,355.4,0
2021-06-07 09:27:15,355.4,0
2021-06-07 09:27:16,355.45,0
2021-06-07 09:27:17,355.45,0
2021-06-07 09:27:18,355.45,0
2021-06-07 09:27:19,355.4,0
2021-06-07 09:27:20,355.45,0
2021-06-07 09:27:21,355.45,0
2021-06-07 09:27:22,355.45,0
2021-06-07 09:27:23,355.45,0
2021-06-07 09:27:24,355.45,0
2021-06-07 09:27:26,355.5,0
2021-06-07 09:27:27,355.5,0
2021-06-07 09:27:28,355.6,0
2021-06-07 09:27:29,355.55,0
2021-06-07 09:27:30,355.7,0
2021-06-07 09:27:31,355.6,0
2021-06-07 09:27:34,355.6,0
2021-06-07 09:27:35,355.6,0
2021-06-07 09:27:36,355.6,0
2021-06-07 09:27:37,355.55,0
2021-06-07 09:27:38,355.65,0
2021-06-07 09:27:39,355.65,0
2021-06-07 09:27:40,355.65,0
2021-06-07 09:27:43,355.65,0
2021-06-07 09:27:44,355.6,0
2021-06-07 09:27:45,355.55,0
2021-06-07 09:27:46,355.7,0
2021-06-07 09:27:47,355.7,0
2021-06-07 09:27:48,355.7,0
2021-06-07 09:27:49,355.75,0
2021-06-07 09:27:50,355.7,0
2021-06-07 09:27:51,355.75,0
2021-06-07 09:27:52,355.75,0
2021-06-07 09:27:54,355.6,0
2021-06-07 09:27:55,355.7,0
2021-06-07 09:27:56,355.6,0
2021-06-07 09:27:57,355.65,0
2021-06-07 09:27:58,355.7,0
2021-06-07 09:27:59,355.7,0
2021-06-07 09:28:00,355.7,0
2021-06-07 09:28:01,355.7,0
2021-06-07 09:28:03,355.6,0
2021-06-07 09:28:04,355.6,0
2021-06-07 09:28:05,355.65,0
2021-06-07 09:28:06,355.65,0
2021-06-07 09:28:07,355.65,0
2021-06-07 09:28:08,355.65,0
2021-06-07 09:28:09,355.65,0
2021-06-07 09:28:11,355.6,0
2021-06-07 09:28:12,355.65,0
2021-06-07 09:28:14,355.6,0
2021-06-07 09:28:15,355.65,0
2021-06-07 09:28:16,355.65,0
2021-06-07 09:28:17,355.7,0
2021-06-07 09:28:19,355.65,0
2021-06-07 09:28:21,355.8,0
2021-06-07 09:28:24,355.8,0
2021-06-07 09:28:25,355.8,0
2021-06-07 09:28:26,355.75,0
2021-06-07 09:28:29,355.75,0
2021-06-07 09:28:31,355.75,0
2021-06-07 09:28:33,355.75,0
2021-06-07 09:28:34,355.75,0
2021-06-07 09:28:35,355.75,0
2021-06-07 09:28:36,355.5,0
2021-06-07 09:28:37,355.65,0
2021-06-07 09:28:38,355.75,0
2021-06-07 09:28:39,355.75,0
2021-06-07 09:28:40,355.6,0
2021-06-07 09:28:41,355.6,0
2021-06-07 09:28:42,355.65,0
2021-06-07 09:28:43,355.65,0
2021-06-07 09:28:44,355.7,0
2021-06-07 09:28:45,355.6,0
2021-06-07 09:28:46,355.6,0
2021-06-07 09:28:47,355.6,0
2021-06-07 09:28:48,355.6,0
2021-06-07 09:28:49,355.6,0
2021-06-07 09:28:50,355.6,0
2021-06-07 09:28:51,355.55,0
2021-06-07 09:28:54,355.7,0
2021-06-07 09:28:55,355.6,0
2021-06-07 09:28:56,355.6,0
2021-06-07 09:28:57,355.65,0
2021-06-07 09:28:58,355.6,0
2021-06-07 09:28:59,355.7,0
2021-06-07 09:29:02,355.65,0
2021-06-07 09:29:03,355.7,0
2021-06-07 09:29:04,355.65,0
2021-06-07 09:29:05,355.75,0
2021-06-07 09:29:06,355.7,0
2021-06-07 09:29:08,355.7,0
2021-06-07 09:29:09,355.7,0
2021-06-07 09:29:10,355.75,0
2021-06-07 09:29:11,355.75,0
2021-06-07 09:29:12,355.75,0
2021-06-07 09:29:13,355.75,0
2021-06-07 09:29:14,355.7,0
2021-06-07 09:29:17,355.75,0
2021-06-07 09:29:18,355.6,0
2021-06-07 09:29:19,355.7,0
2021-06-07 09:29:20,355.7,0
2021-06-07 09:29:21,355.75,0
2021-06-07 09:29:22,355.75,0
2021-06-07 09:29:23,355.75,0
2021-06-07 09:29:24,355.75,0
2021-06-07 09:29:25,355.75,0
2021-06-07 09:29:26,355.75,0
2021-06-07 09:29:27,355.75,0
2021-06-07 09:29:28,355.75,0
2021-06-07 09:29:30,355.8,0
2021-06-07 09:29:31,355.75,0
2021-06-07 09:29:32,355.85,0
2021-06-07 09:29:33,355.8,0
2021-06-07 09:29:34,355.8,0
2021-06-07 09:29:35,355.8,0
2021-06-07 09:29:36,355.75,0
2021-06-07 09:29:37,355.85,0
2021-06-07 09:29:38,355.8,0
2021-06-07 09:29:40,355.8,0
2021-06-07 09:29:41,355.75,0
2021-06-07 09:29:42,355.7,0
2021-06-07 09:29:43,355.75,0
2021-06-07 09:29:44,355.75,0
2021-06-07 09:29:45,355.75,0
2021-06-07 09:29:46,355.75,0
2021-06-07 09:29:48,355.8,0
2021-06-07 09:29:49,355.75,0
2021-06-07 09:29:50,355.8,0
2021-06-07 09:29:51,355.85,0
2021-06-07 09:29:52,355.85,0
2021-06-07 09:29:53,355.8,0
2021-06-07 09:29:54,355.8,0
2021-06-07 09:29:55,355.8,0
2021-06-07 09:29:56,355.8,0
2021-06-07 09:29:57,355.8,0
2021-06-07 09:29:58,355.6,0
2021-06-07 09:29:59,355.6,0
2021-06-07 09:30:01,355.6,0
2021-06-07 09:30:03,355.6,0
2021-06-07 09:30:04,355.6,0
2021-06-07 09:30:05,355.65,0
2021-06-07 09:30:06,355.65,0
2021-06-07 09:30:07,355.7,0
2021-06-07 09:30:08,355.7,0
2021-06-07 09:30:10,355.7,0
2021-06-07 09:30:11,355.7,0
2021-06-07 09:30:12,355.65,0
2021-06-07 09:30:13,355.65,0
2021-06-07 09:30:15,355.7,0
2021-06-07 09:30:17,355.7,0
2021-06-07 09:30:19,355.65,0
2021-06-07 09:30:21,355.65,0
2021-06-07 09:30:22,355.6,0
2021-06-07 09:30:23,355.5,0
2021-06-07 09:30:24,355.5,0
2021-06-07 09:30:25,355.55,0
2021-06-07 09:30:26,355.6,0
2021-06-07 09:30:27,355.65,0
2021-06-07 09:30:33,355.55,0
2021-06-07 09:30:35,355.6,0
2021-06-07 09:30:36,355.55,0
2021-06-07 09:30:37,355.5,0
2021-06-07 09:30:38,355.45,0
2021-06-07 09:30:39,355.6,0
2021-06-07 09:30:40,355.65,0
2021-06-07 09:30:41,355.65,0
2021-06-07 09:30:42,355.6,0
2021-06-07 09:30:44,355.65,0
2021-06-07 09:30:45,355.7,0
2021-06-07 09:30:46,355.7,0
2021-06-07 09:30:47,355.7,0
2021-06-07 09:30:48,355.75,0
2021-06-07 09:30:49,355.7,0
2021-06-07 09:30:50,355.65,0
2021-06-07 09:30:52,355.65,0
2021-06-07 09:30:53,355.65,0
2021-06-07 09:30:54,355.65,0
2021-06-07 09:30:55,355.65,0
2021-06-07 09:30:56,355.6,0
2021-06-07 09:30:57,355.55,0
2021-06-07 09:30:58,355.6,0
2021-06-07 09:30:59,355.6,0
2021-06-07 09:31:00,355.55,0
2021-06-07 09:31:01,355.6,0
2021-06-07 09:31:02,355.6,0
2021-06-07 09:31:03,355.55,0
2021-06-07 09:31:04,355.6,0
2021-06-07 09:31:05,355.45,0
2021-06-07 09:31:06,355.4,0
2021-06-07 09:31:07,355.4,0
2021-06-07 09:31:08,355.4,0
2021-06-07 09:31:09,355.4,0
2021-06-07 09:31:11,355.35,0
2021-06-07 09:31:12,355.35,0
2021-06-07 09:31:14,355.4,0
2021-06-07 09:31:15,355.4,0
2021-06-07 09:31:16,355.4,0
2021-06-07 09:31:17,355.35,0
2021-06-07 09:31:18,355.4,0
2021-06-07 09:31:20,355.25,0
2021-06-07 09:31:21,355.25,0
2021-06-07 09:31:22,355.35,0
2021-06-07 09:31:23,355.4,0
2021-06-07 09:31:24,355.35,0
2021-06-07 09:31:25,355.35,0
2021-06-07 09:31:26,355.35,0
2021-06-07 09:31:27,355.35,0
2021-06-07 09:31:28,355.35,0
2021-06-07 09:31:29,355.4,0
2021-06-07 09:31:30,355.45,0
2021-06-07 09:31:31,355.4,0
2021-06-07 09:31:32,355.4,0
2021-06-07 09:31:33,355.3,0
2021-06-07 09:31:34,355.25,0
2021-06-07 09:31:36,355.2,0
2021-06-07 09:31:37,355.25,0
2021-06-07 09:31:38,355.25,0
2021-06-07 09:31:39,355.3,0
2021-06-07 09:31:40,355.2,0
2021-06-07 09:31:41,355.2,0
2021-06-07 09:31:43,355.15,0
2021-06-07 09:31:44,355.2,0
2021-06-07 09:31:45,355.2,0
2021-06-07 09:31:47,355.25,0
2021-06-07 09:31:48,355.25,0
2021-06-07 09:31:50,355.15,0
2021-06-07 09:31:51,355.2,0
2021-06-07 09:31:53,355.25,0
2021-06-07 09:31:54,355.2,0
2021-06-07 09:31:56,355.2,0
2021-06-07 09:31:57,355.1,0
2021-06-07 09:31:58,355.1,0
2021-06-07 09:31:59,355.05,0
2021-06-07 09:32:00,355.15,0
2021-06-07 09:32:02,355.1,0
2021-06-07 09:32:04,355.05,0
2021-06-07 09:32:05,355.1,0
2021-06-07 09:32:06,355.05,0
2021-06-07 09:32:07,355.05,0
2021-06-07 09:32:08,355.0,0
2021-06-07 09:32:09,355.0,0
2021-06-07 09:32:11,355.1,0
2021-06-07 09:32:12,355.0,0
2021-06-07 09:32:13,355.0,0
2021-06-07 09:32:14,354.95,0
2021-06-07 09:32:15,355.0,0
2021-06-07 09:32:16,354.95,0
2021-06-07 09:32:17,354.95,0
2021-06-07 09:32:18,354.95,0
2021-06-07 09:32:19,355.0,0
2021-06-07 09:32:20,355.05,0
2021-06-07 09:32:21,355.05,0
2021-06-07 09:32:22,354.95,0
2021-06-07 09:32:23,355.05,0
2021-06-07 09:32:24,355.0,0
2021-06-07 09:32:26,355.0,0
2021-06-07 09:32:28,355.05,0
2021-06-07 09:32:29,355.05,0
2021-06-07 09:32:30,355.05,0
2021-06-07 09:32:31,354.95,0
2021-06-07 09:32:32,354.95,0
2021-06-07 09:32:33,354.85,0
2021-06-07 09:32:34,354.85,0
2021-06-07 09:32:35,354.85,0
2021-06-07 09:32:36,354.9,0
2021-06-07 09:32:37,354.9,0
2021-06-07 09:32:39,354.8,0
2021-06-07 09:32:40,354.9,0
2021-06-07 09:32:41,354.9,0
2021-06-07 09:32:42,354.9,0
2021-06-07 09:32:43,354.9,0
2021-06-07 09:32:44,354.8,0
2021-06-07 09:32:45,354.85,0
2021-06-07 09:32:46,354.75,0
2021-06-07 09:32:47,354.8,0
2021-06-07 09:32:49,354.8,0
2021-06-07 09:32:50,354.75,0
2021-06-07 09:32:51,354.7,0
2021-06-07 09:32:54,354.75,0
2021-06-07 09:32:55,354.8,0
2021-06-07 09:32:56,354.8,0
2021-06-07 09:32:57,354.8,0
2021-06-07 09:32:58,354.9,0
2021-06-07 09:32:59,354.75,0
2021-06-07 09:33:01,354.85,0
2021-06-07 09:33:02,354.8,0
2021-06-07 09:33:03,354.8,0
2021-06-07 09:33:04,354.8,0
2021-06-07 09:33:05,354.8,0
2021-06-07 09:33:06,354.9,0
2021-06-07 09:33:07,354.85,0
2021-06-07 09:33:08,354.9,0
2021-06-07 09:33:10,354.85,0
2021-06-07 09:33:11,354.85,0
2021-06-07 09:33:12,354.9,0
2021-06-07 09:33:13,354.85,0
2021-06-07 09:33:14,354.85,0
2021-06-07 09:33:15,354.9,0
2021-06-07 09:33:16,354.9,0
2021-06-07 09:33:17,354.85,0
2021-06-07 09:33:18,354.9,0
2021-06-07 09:33:19,354.9,0
2021-06-07 09:33:20,354.9,0
2021-06-07 09:33:21,354.9,0
2021-06-07 09:33:22,354.95,0
2021-06-07 09:33:23,354.95,0
2021-06-07 09:33:24,354.95,0
2021-06-07 09:33:25,354.9,0
2021-06-07 09:33:26,354.8,0
2021-06-07 09:33:28,354.8,0
2021-06-07 09:33:29,354.75,0
2021-06-07 09:33:30,354.75,0
2021-06-07 09:33:31,354.75,0
2021-06-07 09:33:32,354.75,0
2021-06-07 09:33:33,354.8,0
2021-06-07 09:33:35,354.75,0
2021-06-07 09:33:36,354.65,0
2021-06-07 09:33:37,354.65,0
2021-06-07 09:33:38,354.65,0
2021-06-07 09:33:40,354.6,0
2021-06-07 09:33:41,354.6,0
2021-06-07 09:33:43,354.6,0
2021-06-07 09:33:44,354.7,0
2021-06-07 09:33:45,354.7,0
2021-06-07 09:33:46,354.55,0
2021-06-07 09:33:47,354.6,0
2021-06-07 09:33:49,354.55,0
2021-06-07 09:33:50,354.5,0
2021-06-07 09:33:51,354.6,0
2021-06-07 09:33:52,354.65,0
2021-06-07 09:33:53,354.6,0
2021-06-07 09:33:54,354.6,0
2021-06-07 09:33:55,354.6,0
2021-06-07 09:33:56,354.6,0
2021-06-07 09:33:57,354.55,0
2021-06-07 09:33:58,354.65,0
2021-06-07 09:33:59,354.65,0
2021-06-07 09:34:00,354.7,0
2021-06-07 09:34:01,354.75,0
2021-06-07 09:34:02,354.8,0
2021-06-07 09:34:04,354.85,0
2021-06-07 09:34:05,354.85,0
2021-06-07 09:34:06,354.85,0
2021-06-07 09:34:08,354.9,0
2021-06-07 09:34:09,354.85,0
2021-06-07 09:34:10,354.85,0
2021-06-07 09:34:11,354.85,0
2021-06-07 09:34:12,354.9,0
2021-06-07 09:34:13,354.9,0
2021-06-07 09:34:15,354.85,0
2021-06-07 09:34:16,354.9,0
2021-06-07 09:34:18,354.75,0
2021-06-07 09:34:19,354.7,0
2021-06-07 09:34:20,354.75,0
2021-06-07 09:34:21,354.75,0
2021-06-07 09:34:22,354.7,0
2021-06-07 09:34:23,354.75,0
2021-06-07 09:34:24,354.7,0
2021-06-07 09:34:25,354.7,0
2021-06-07 09:34:26,354.7,0
2021-06-07 09:34:27,354.75,0
2021-06-07 09:34:28,354.75,0
2021-06-07 09:34:29,354.75,0
2021-06-07 09:34:30,354.75,0
2021-06-07 09:34:31,354.75,0
2021-06-07 09:34:32,354.7,0
2021-06-07 09:34:33,354.7,0
2021-06-07 09:34:34,354.75,0
2021-06-07 09:34:35,354.7,0
2021-06-07 09:34:37,354.65,0
2021-06-07 09:34:38,354.6,0
2021-06-07 09:34:39,354.65,0
2021-06-07 09:34:40,354.65,0
2021-06-07 09:34:41,354.65,0
2021-06-07 09:34:42,354.6,0
2021-06-07 09:34:44,354.65,0
2021-06-07 09:34:45,354.65,0
2021-06-07 09:34:46,354.75,0
2021-06-07 09:34:47,354.75,0
2021-06-07 09:34:49,354.75,0
2021-06-07 09:34:50,354.75,0
2021-06-07 09:34:51,354.75,0
2021-06-07 09:34:52,354.75,0
2021-06-07 09:34:54,354.7,0
2021-06-07 09:34:55,354.7,0
2021-06-07 09:34:56,354.75,0
2021-06-07 09:34:57,354.75,0
2021-06-07 09:34:58,354.75,0
2021-06-07 09:34:59,354.75,0
2021-06-07 09:35:00,354.65,0
2021-06-07 09:35:01,354.65,0
2021-06-07 09:35:02,354.55,0
2021-06-07 09:35:03,354.55,0
2021-06-07 09:35:04,354.5,0
2021-06-07 09:35:05,354.5,0
2021-06-07 09:35:06,354.5,0
2021-06-07 09:35:07,354.45,0
2021-06-07 09:35:09,354.5,0
2021-06-07 09:35:10,354.5,0
2021-06-07 09:35:11,354.5,0
2021-06-07 09:35:12,354.5,0
2021-06-07 09:35:13,354.5,0
2021-06-07 09:35:14,354.55,0
2021-06-07 09:35:15,354.5,0
2021-06-07 09:35:17,354.5,0
2021-06-07 09:35:18,354.45,0
2021-06-07 09:35:19,354.5,0
2021-06-07 09:35:20,354.55,0
2021-06-07 09:35:21,354.55,0
2021-06-07 09:35:22,354.55,0
2021-06-07 09:35:23,354.5,0
2021-06-07 09:35:25,354.6,0
2021-06-07 09:35:26,354.6,0
2021-06-07 09:35:27,354.6,0
2021-06-07 09:35:28,354.65,0
2021-06-07 09:35:29,354.6,0
2021-06-07 09:35:30,354.6,0
2021-06-07 09:35:31,354.6,0
2021-06-07 09:35:33,354.5,0
2021-06-07 09:35:34,354.55,0
2021-06-07 09:35:35,354.5,0
2021-06-07 09:35:36,354.6,0
2021-06-07 09:35:37,354.6,0
2021-06-07 09:35:38,354.55,0
2021-06-07 09:35:39,354.55,0
2021-06-07 09:35:40,354.55,0
2021-06-07 09:35:43,354.55,0
2021-06-07 09:35:44,354.5,0
2021-06-07 09:35:47,354.5,0
2021-06-07 09:35:48,354.45,0
2021-06-07 09:35:49,354.55,0
2021-06-07 09:35:50,354.45,0
2021-06-07 09:35:52,354.55,0
2021-06-07 09:35:53,354.6,0
2021-06-07 09:35:54,354.4,0
2021-06-07 09:35:55,354.4,0
2021-06-07 09:35:56,354.45,0
2021-06-07 09:35:57,354.5,0
2021-06-07 09:35:58,354.5,0
2021-06-07 09:35:59,354.55,0
2021-06-07 09:36:00,354.5,0
2021-06-07 09:36:01,354.4,0
2021-06-07 09:36:03,354.45,0
2021-06-07 09:36:04,354.5,0
2021-06-07 09:36:05,354.45,0
2021-06-07 09:36:06,354.45,0
2021-06-07 09:36:07,354.5,0
2021-06-07 09:36:08,354.5,0
2021-06-07 09:36:09,354.5,0
2021-06-07 09:36:11,354.35,0
2021-06-07 09:36:12,354.35,0
2021-06-07 09:36:13,354.35,0
2021-06-07 09:36:16,354.5,0
2021-06-07 09:36:17,354.4,0
2021-06-07 09:36:18,354.35,0
2021-06-07 09:36:19,354.35,0
2021-06-07 09:36:20,354.45,0
2021-06-07 09:36:21,354.5,0
2021-06-07 09:36:22,354.4,0
2021-06-07 09:36:24,354.5,0
2021-06-07 09:36:26,354.45,0
2021-06-07 09:36:27,354.4,0
2021-06-07 09:36:28,354.4,0
2021-06-07 09:36:29,354.35,0
2021-06-07 09:36:30,354.3,0
2021-06-07 09:36:32,354.3,0
2021-06-07 09:36:33,354.35,0
2021-06-07 09:36:34,354.4,0
2021-06-07 09:36:35,354.4,0
2021-06-07 09:36:36,354.4,0
2021-06-07 09:36:37,354.35,0
2021-06-07 09:36:38,354.35,0
2021-06-07 09:36:39,354.35,0
2021-06-07 09:36:42,354.35,0
2021-06-07 09:36:43,354.35,0
2021-06-07 09:36:45,354.35,0
2021-06-07 09:36:46,354.35,0
2021-06-07 09:36:47,354.3,0
2021-06-07 09:36:48,354.3,0
2021-06-07 09:36:49,354.3,0
2021-06-07 09:36:50,354.3,0
2021-06-07 09:36:51,354.35,0
2021-06-07 09:36:53,354.35,0
2021-06-07 09:36:54,354.35,0
2021-06-07 09:36:56,354.35,0
2021-06-07 09:36:57,354.35,0
2021-06-07 09:36:58,354.45,0
2021-06-07 09:37:00,354.5,0
2021-06-07 09:37:01,354.5,0
2021-06-07 09:37:02,354.45,0
2021-06-07 09:37:03,354.45,0
2021-06-07 09:37:04,354.45,0
2021-06-07 09:37:05,354.45,0
2021-06-07 09:37:07,354.45,0
2021-06-07 09:37:08,354.4,0
2021-06-07 09:37:09,354.45,0
2021-06-07 09:37:11,354.5,0
2021-06-07 09:37:12,354.4,0
2021-06-07 09:37:13,354.45,0
2021-06-07 09:37:14,354.4,0
2021-06-07 09:37:15,354.4,0
2021-06-07 09:37:16,354.35,0
2021-06-07 09:37:17,354.35,0
2021-06-07 09:37:19,354.4,0
2021-06-07 09:37:20,354.45,0
2021-06-07 09:37:21,354.4,0
2021-06-07 09:37:23,354.4,0
2021-06-07 09:37:24,354.4,0
2021-06-07 09:37:26,354.35,0
2021-06-07 09:37:27,354.4,0
2021-06-07 09:37:30,354.4,0
2021-06-07 09:37:31,354.4,0
2021-06-07 09:37:32,354.35,0
2021-06-07 09:37:33,354.3,0
2021-06-07 09:37:34,354.25,0
2021-06-07 09:37:35,354.3,0
2021-06-07 09:37:37,354.3,0
2021-06-07 09:37:38,354.3,0
2021-06-07 09:37:39,354.3,0
2021-06-07 09:37:40,354.25,0
2021-06-07 09:37:41,354.3,0
2021-06-07 09:37:42,354.25,0
2021-06-07 09:37:43,354.25,0
2021-06-07 09:37:44,354.2,0
2021-06-07 09:37:45,354.15,0
2021-06-07 09:37:46,354.2,0
2021-06-07 09:37:47,354.2,0
2021-06-07 09:37:49,354.2,0
2021-06-07 09:37:50,354.2,0
2021-06-07 09:37:51,354.25,0
2021-06-07 09:37:52,354.2,0
2021-06-07 09:37:53,354.2,0
2021-06-07 09:37:54,354.25,0
2021-06-07 09:37:55,354.2,0
2021-06-07 09:37:56,354.2,0
2021-06-07 09:37:57,354.25,0
2021-06-07 09:37:58,354.25,0
2021-06-07 09:38:00,354.3,0
2021-06-07 09:38:01,354.3,0
2021-06-07 09:38:02,354.3,0
2021-06-07 09:38:03,354.35,0
2021-06-07 09:38:04,354.35,0
2021-06-07 09:38:05,354.3,0
2021-06-07 09:38:06,354.3,0
2021-06-07 09:38:07,354.35,0
2021-06-07 09:38:09,354.35,0
2021-06-07 09:38:13,354.45,0
2021-06-07 09:38:14,354.45,0
2021-06-07 09:38:16,354.45,0
2021-06-07 09:38:17,354.45,0
2021-06-07 09:38:18,354.4,0
2021-06-07 09:38:19,354.4,0
2021-06-07 09:38:21,354.35,0
2021-06-07 09:38:22,354.45,0
2021-06-07 09:38:23,354.4,0
2021-06-07 09:38:24,354.45,0
2021-06-07 09:38:25,354.6,0
2021-06-07 09:38:26,354.6,0
2021-06-07 09:38:27,354.55,0
2021-06-07 09:38:28,354.55,0
2021-06-07 09:38:30,354.75,0
2021-06-07 09:38:31,354.7,0
2021-06-07 09:38:32,354.75,0
2021-06-07 09:38:33,354.7,0
2021-06-07 09:38:34,354.7,0
2021-06-07 09:38:35,354.75,0
2021-06-07 09:38:36,354.7,0
2021-06-07 09:38:37,354.65,0
2021-06-07 09:38:39,354.6,0
2021-06-07 09:38:40,354.65,0
2021-06-07 09:38:41,354.65,0
2021-06-07 09:38:42,354.7,0
2021-06-07 09:38:43,354.7,0
2021-06-07 09:38:44,354.6,0
2021-06-07 09:38:45,354.6,0
2021-06-07 09:38:46,354.65,0
2021-06-07 09:38:47,354.55,0
2021-06-07 09:38:48,354.55,0
2021-06-07 09:38:49,354.55,0
2021-06-07 09:38:50,354.6,0
2021-06-07 09:38:51,354.6,0
2021-06-07 09:38:52,354.6,0
2021-06-07 09:38:53,354.6,0
2021-06-07 09:38:55,354.65,0
2021-06-07 09:38:56,354.65,0
2021-06-07 09:38:57,354.75,0
2021-06-07 09:38:59,354.7,0
2021-06-07 09:39:00,354.75,0
2021-06-07 09:39:01,354.7,0
2021-06-07 09:39:02,354.7,0
2021-06-07 09:39:04,354.75,0
2021-06-07 09:39:05,354.65,0
2021-06-07 09:39:07,354.75,0
2021-06-07 09:39:08,354.75,0
2021-06-07 09:39:09,354.75,0
2021-06-07 09:39:10,354.75,0
2021-06-07 09:39:11,354.75,0
2021-06-07 09:39:12,354.7,0
2021-06-07 09:39:13,354.7,0
2021-06-07 09:39:14,354.75,0
2021-06-07 09:39:16,354.8,0
2021-06-07 09:39:17,354.95,0
2021-06-07 09:39:18,354.95,0
2021-06-07 09:39:19,355.0,0
2021-06-07 09:39:21,354.95,0
2021-06-07 09:39:22,354.95,0
2021-06-07 09:39:24,354.9,0
2021-06-07 09:39:25,354.9,0
2021-06-07 09:39:26,354.9,0
2021-06-07 09:39:27,354.9,0
2021-06-07 09:39:28,354.9,0
2021-06-07 09:39:29,354.9,0
2021-06-07 09:39:30,354.9,0
2021-06-07 09:39:31,354.95,0
2021-06-07 09:39:32,354.9,0
2021-06-07 09:39:35,354.85,0
2021-06-07 09:39:36,354.95,0
2021-06-07 09:39:37,355.0,0
2021-06-07 09:39:38,355.0,0
2021-06-07 09:39:39,355.0,0
2021-06-07 09:39:40,355.05,0
2021-06-07 09:39:41,355.05,0
2021-06-07 09:39:42,355.05,0
2021-06-07 09:39:43,355.05,0
2021-06-07 09:39:45,355.0,0
2021-06-07 09:39:46,354.95,0
2021-06-07 09:39:47,354.95,0
2021-06-07 09:39:48,354.9,0
2021-06-07 09:39:49,354.9,0
2021-06-07 09:39:51,354.9,0
2021-06-07 09:39:53,354.95,0
2021-06-07 09:39:54,354.95,0
2021-06-07 09:39:55,354.9,0
2021-06-07 09:39:56,354.95,0
2021-06-07 09:39:57,355.0,0
2021-06-07 09:39:58,355.0,0
2021-06-07 09:39:59,354.95,0
2021-06-07 09:40:00,354.9,0
2021-06-07 09:40:01,354.9,0
2021-06-07 09:40:02,354.95,0
2021-06-07 09:40:03,354.9,0
2021-06-07 09:40:04,354.9,0
2021-06-07 09:40:05,354.9,0
2021-06-07 09:40:07,354.9,0
2021-06-07 09:40:08,354.9,0
2021-06-07 09:40:09,354.9,0
2021-06-07 09:40:10,354.85,0
2021-06-07 09:40:11,354.85,0
2021-06-07 09:40:12,354.95,0
2021-06-07 09:40:14,355.1,0
2021-06-07 09:40:15,355.1,0
2021-06-07 09:40:16,355.1,0
2021-06-07 09:40:17,355.1,0
2021-06-07 09:40:18,355.15,0
2021-06-07 09:40:19,355.1,0
2021-06-07 09:40:20,355.2,0
2021-06-07 09:40:21,355.2,0
2021-06-07 09:40:22,355.15,0
2021-06-07 09:40:23,355.15,0
2021-06-07 09:40:25,355.2,0
2021-06-07 09:40:26,355.2,0
2021-06-07 09:40:27,355.25,0
2021-06-07 09:40:28,355.25,0
2021-06-07 09:40:29,355.25,0
2021-06-07 09:40:30,355.25,0
2021-06-07 09:40:31,355.25,0
2021-06-07 09:40:32,355.3,0
2021-06-07 09:40:33,355.35,0
2021-06-07 09:40:34,355.35,0
2021-06-07 09:40:36,355.35,0
2021-06-07 09:40:37,355.35,0
2021-06-07 09:40:38,355.4,0
2021-06-07 09:40:39,355.4,0
2021-06-07 09:40:40,355.4,0
2021-06-07 09:40:43,355.3,0
2021-06-07 09:40:45,355.3,0
2021-06-07 09:40:47,355.25,0
2021-06-07 09:40:48,355.2,0
2021-06-07 09:40:49,355.2,0
2021-06-07 09:40:51,355.2,0
2021-06-07 09:40:52,355.15,0
2021-06-07 09:40:53,355.15,0
2021-06-07 09:40:54,355.1,0
2021-06-07 09:40:55,355.2,0
2021-06-07 09:40:56,355.2,0
2021-06-07 09:40:57,355.2,0
2021-06-07 09:40:58,355.2,0
2021-06-07 09:40:59,355.25,0
2021-06-07 09:41:00,355.25,0
2021-06-07 09:41:01,355.25,0
2021-06-07 09:41:02,355.2,0
2021-06-07 09:41:03,355.25,0
2021-06-07 09:41:04,355.25,0
2021-06-07 09:41:05,355.25,0
2021-06-07 09:41:06,355.2,0
2021-06-07 09:41:07,355.2,0
2021-06-07 09:41:08,355.2,0
2021-06-07 09:41:09,355.3,0
2021-06-07 09:41:10,355.15,0
2021-06-07 09:41:11,355.15,0
2021-06-07 09:41:12,355.15,0
2021-06-07 09:41:14,355.1,0
2021-06-07 09:41:15,355.15,0
2021-06-07 09:41:17,355.15,0
2021-06-07 09:41:18,355.25,0
2021-06-07 09:41:19,355.25,0
2021-06-07 09:41:21,355.2,0
2021-06-07 09:41:22,355.2,0
2021-06-07 09:41:23,355.25,0
2021-06-07 09:41:24,355.2,0
2021-06-07 09:41:25,355.2,0
2021-06-07 09:41:26,355.2,0
2021-06-07 09:41:27,355.2,0
2021-06-07 09:41:28,355.25,0
2021-06-07 09:41:30,355.2,0
2021-06-07 09:41:31,355.15,0
2021-06-07 09:41:32,355.15,0
2021-06-07 09:41:33,355.15,0
2021-06-07 09:41:34,355.1,0
2021-06-07 09:41:35,355.15,0
2021-06-07 09:41:36,355.05,0
2021-06-07 09:41:37,355.15,0
2021-06-07 09:41:39,355.15,0
2021-06-07 09:41:40,355.2,0
2021-06-07 09:41:41,355.2,0
2021-06-07 09:41:42,355.25,0
2021-06-07 09:41:43,355.2,0
2021-06-07 09:41:44,355.15,0
2021-06-07 09:41:45,355.15,0
2021-06-07 09:41:46,355.1,0
2021-06-07 09:41:48,355.1,0
2021-06-07 09:41:49,355.15,0
2021-06-07 09:41:51,355.2,0
2021-06-07 09:41:52,355.15,0
2021-06-07 09:41:53,355.15,0
2021-06-07 09:41:54,355.2,0
2021-06-07 09:41:55,355.1,0
2021-06-07 09:41:56,355.1,0
2021-06-07 09:41:59,355.0,0
2021-06-07 09:42:00,355.05,0
2021-06-07 09:42:02,355.1,0
2021-06-07 09:42:04,355.15,0
2021-06-07 09:42:05,355.1,0
2021-06-07 09:42:07,355.15,0
2021-06-07 09:42:08,355.1,0
2021-06-07 09:42:09,355.15,0
2021-06-07 09:42:10,355.15,0
2021-06-07 09:42:11,355.15,0
2021-06-07 09:42:12,355.2,0
2021-06-07 09:42:13,355.2,0
2021-06-07 09:42:14,355.15,0
2021-06-07 09:42:15,355.15,0
2021-06-07 09:42:16,355.25,0
2021-06-07 09:42:17,355.25,0
2021-06-07 09:42:18,355.25,0
2021-06-07 09:42:19,355.25,0
2021-06-07 09:42:20,355.25,0
2021-06-07 09:42:21,355.25,0
2021-06-07 09:42:22,355.2,0
2021-06-07 09:42:23,355.15,0
2021-06-07 09:42:24,355.2,0
2021-06-07 09:42:26,355.25,0
2021-06-07 09:42:27,355.25,0
2021-06-07 09:42:28,355.25,0
2021-06-07 09:42:29,355.2,0
2021-06-07 09:42:30,355.2,0
2021-06-07 09:42:31,355.25,0
2021-06-07 09:42:33,355.25,0
2021-06-07 09:42:34,355.2,0
2021-06-07 09:42:36,355.1,0
2021-06-07 09:42:37,355.15,0
2021-06-07 09:42:38,355.15,0
2021-06-07 09:42:39,355.15,0
2021-06-07 09:42:40,355.2,0
2021-06-07 09:42:41,355.1,0
2021-06-07 09:42:43,355.05,0
2021-06-07 09:42:44,355.05,0
2021-06-07 09:42:45,355.05,0
2021-06-07 09:42:46,355.1,0
2021-06-07 09:42:47,355.05,0
2021-06-07 09:42:48,355.05,0
2021-06-07 09:42:49,355.0,0
2021-06-07 09:42:50,355.1,0
2021-06-07 09:42:53,355.05,0
2021-06-07 09:42:54,355.0,0
2021-06-07 09:42:55,355.0,0
2021-06-07 09:42:56,355.05,0
2021-06-07 09:42:57,355.0,0
2021-06-07 09:42:58,355.1,0
2021-06-07 09:42:59,355.05,0
2021-06-07 09:43:00,355.05,0
2021-06-07 09:43:01,355.05,0
2021-06-07 09:43:03,354.95,0
2021-06-07 09:43:04,354.95,0
2021-06-07 09:43:05,354.95,0
2021-06-07 09:43:06,354.95,0
2021-06-07 09:43:07,354.9,0
2021-06-07 09:43:08,355.0,0
2021-06-07 09:43:09,355.0,0
2021-06-07 09:43:10,355.0,0
2021-06-07 09:43:11,355.0,0
2021-06-07 09:43:13,355.1,0
2021-06-07 09:43:14,355.1,0
2021-06-07 09:43:15,355.1,0
2021-06-07 09:43:16,355.1,0
2021-06-07 09:43:17,355.05,0
2021-06-07 09:43:18,355.05,0
2021-06-07 09:43:20,355.1,0
2021-06-07 09:43:21,355.1,0
2021-06-07 09:43:23,355.05,0
2021-06-07 09:43:24,355.1,0
2021-06-07 09:43:25,355.15,0
2021-06-07 09:43:26,355.2,0
2021-06-07 09:43:27,355.2,0
2021-06-07 09:43:28,355.2,0
2021-06-07 09:43:29,355.15,0
2021-06-07 09:43:31,355.1,0
2021-06-07 09:43:32,355.1,0
2021-06-07 09:43:33,355.1,0
2021-06-07 09:43:34,355.1,0
2021-06-07 09:43:35,355.1,0
2021-06-07 09:43:36,355.1,0
2021-06-07 09:43:38,355.1,0
2021-06-07 09:43:39,355.1,0
2021-06-07 09:43:40,355.1,0
2021-06-07 09:43:41,355.1,0
2021-06-07 09:43:42,355.0,0
2021-06-07 09:43:43,355.0,0
2021-06-07 09:43:44,355.05,0
2021-06-07 09:43:45,355.0,0
2021-06-07 09:43:46,355.1,0
2021-06-07 09:43:47,355.05,0
2021-06-07 09:43:48,355.0,0
2021-06-07 09:43:49,355.0,0
2021-06-07 09:43:50,355.05,0
2021-06-07 09:43:52,355.1,0
2021-06-07 09:43:53,355.1,0
2021-06-07 09:43:54,355.1,0
2021-06-07 09:43:55,355.1,0
2021-06-07 09:43:56,355.1,0
2021-06-07 09:43:57,355.1,0
2021-06-07 09:43:58,355.15,0
2021-06-07 09:43:59,355.2,0
2021-06-07 09:44:00,355.2,0
2021-06-07 09:44:01,355.2,0
2021-06-07 09:44:02,355.15,0
2021-06-07 09:44:03,355.15,0
2021-06-07 09:44:04,355.15,0
2021-06-07 09:44:05,355.15,0
2021-06-07 09:44:06,355.15,0
2021-06-07 09:44:07,355.15,0
2021-06-07 09:44:09,355.1,0
2021-06-07 09:44:10,355.1,0
2021-06-07 09:44:11,355.1,0
2021-06-07 09:44:12,355.1,0
2021-06-07 09:44:14,355.05,0
2021-06-07 09:44:15,355.0,0
2021-06-07 09:44:16,354.95,0
2021-06-07 09:44:17,354.95,0
2021-06-07 09:44:18,354.95,0
2021-06-07 09:44:19,355.0,0
2021-06-07 09:44:20,355.0,0
2021-06-07 09:44:21,355.05,0
2021-06-07 09:44:22,355.1,0
2021-06-07 09:44:23,355.1,0
2021-06-07 09:44:24,355.1,0
2021-06-07 09:44:25,355.05,0
2021-06-07 09:44:26,355.05,0
2021-06-07 09:44:27,355.1,0
2021-06-07 09:44:28,355.1,0
2021-06-07 09:44:29,355.1,0
2021-06-07 09:44:30,355.1,0
2021-06-07 09:44:31,355.1,0
2021-06-07 09:44:32,355.1,0
2021-06-07 09:44:34,355.05,0
2021-06-07 09:44:35,355.05,0
2021-06-07 09:44:36,355.05,0
2021-06-07 09:44:37,355.05,0
2021-06-07 09:44:38,355.05,0
2021-06-07 09:44:39,355.05,0
2021-06-07 09:44:41,355.15,0
2021-06-07 09:44:42,355.15,0
2021-06-07 09:44:43,355.15,0
2021-06-07 09:44:44,355.15,0
2021-06-07 09:44:45,355.1,0
2021-06-07 09:44:46,355.1,0
2021-06-07 09:44:48,355.15,0
2021-06-07 09:44:49,355.15,0
2021-06-07 09:44:50,355.1,0
2021-06-07 09:44:51,355.15,0
2021-06-07 09:44:52,355.3,0
2021-06-07 09:44:54,355.3,0
2021-06-07 09:44:55,355.3,0
2021-06-07 09:44:56,355.3,0
2021-06-07 09:44:57,355.3,0
2021-06-07 09:44:58,355.3,0
2021-06-07 09:44:59,355.2,0
2021-06-07 09:45:00,355.2,0
2021-06-07 09:45:01,355.15,0
2021-06-07 09:45:02,355.15,0
2021-06-07 09:45:03,355.15,0
2021-06-07 09:45:04,355.2,0
2021-06-07 09:45:06,355.15,0
2021-06-07 09:45:07,355.2,0
2021-06-07 09:45:08,355.2,0
2021-06-07 09:45:09,355.2,0
2021-06-07 09:45:10,355.2,0
2021-06-07 09:45:11,355.25,0
2021-06-07 09:45:12,355.25,0
2021-06-07 09:45:13,355.3,0
2021-06-07 09:45:15,355.2,0
2021-06-07 09:45:16,355.25,0
2021-06-07 09:45:17,355.2,0
2021-06-07 09:45:18,355.15,0
2021-06-07 09:45:19,355.2,0
2021-06-07 09:45:20,355.25,0
2021-06-07 09:45:21,355.25,0
2021-06-07 09:45:22,355.2,0
2021-06-07 09:45:23,355.1,0
2021-06-07 09:45:24,355.15,0
2021-06-07 09:45:25,355.1,0
2021-06-07 09:45:26,355.15,0
2021-06-07 09:45:27,355.15,0
2021-06-07 09:45:28,355.05,0
2021-06-07 09:45:29,355.1,0
2021-06-07 09:45:30,355.1,0
2021-06-07 09:45:31,355.1,0
2021-06-07 09:45:32,355.1,0
2021-06-07 09:45:33,355.1,0
2021-06-07 09:45:34,355.1,0
2021-06-07 09:45:35,355.15,0
2021-06-07 09:45:36,355.05,0
2021-06-07 09:45:37,355.05,0
2021-06-07 09:45:38,355.0,0
2021-06-07 09:45:39,355.0,0
2021-06-07 09:45:40,355.05,0
2021-06-07 09:45:41,355.0,0
2021-06-07 09:45:42,355.0,0
2021-06-07 09:45:44,355.0,0
2021-06-07 09:45:45,355.0,0
2021-06-07 09:45:46,355.0,0
2021-06-07 09:45:47,355.05,0
2021-06-07 09:45:48,355.0,0
2021-06-07 09:45:49,355.0,0
2021-06-07 09:45:50,355.0,0
2021-06-07 09:45:51,354.95,0
2021-06-07 09:45:52,354.95,0
2021-06-07 09:45:53,354.95,0
2021-06-07 09:45:54,354.9,0
2021-06-07 09:45:56,354.9,0
2021-06-07 09:45:57,354.95,0
2021-06-07 09:45:58,355.1,0
2021-06-07 09:45:59,355.1,0
2021-06-07 09:46:00,355.1,0
2021-06-07 09:46:01,355.1,0
2021-06-07 09:46:03,355.1,0
2021-06-07 09:46:04,355.1,0
2021-06-07 09:46:05,355.05,0
2021-06-07 09:46:07,355.0,0
2021-06-07 09:46:08,355.0,0
2021-06-07 09:46:09,355.0,0
2021-06-07 09:46:10,355.0,0
2021-06-07 09:46:11,355.05,0
2021-06-07 09:46:12,355.05,0
2021-06-07 09:46:13,355.05,0
2021-06-07 09:46:14,355.05,0
2021-06-07 09:46:15,355.05,0
2021-06-07 09:46:16,355.1,0
2021-06-07 09:46:17,355.05,0
2021-06-07 09:46:18,355.0,0
2021-06-07 09:46:19,355.0,0
2021-06-07 09:46:20,355.0,0
2021-06-07 09:46:21,355.0,0
2021-06-07 09:46:22,354.95,0
2021-06-07 09:46:23,355.0,0
2021-06-07 09:46:24,355.0,0
2021-06-07 09:46:25,355.0,0
2021-06-07 09:46:26,354.95,0
2021-06-07 09:46:27,354.95,0
2021-06-07 09:46:28,355.0,0
2021-06-07 09:46:29,354.95,0
2021-06-07 09:46:30,355.0,0
2021-06-07 09:46:32,355.0,0
2021-06-07 09:46:33,354.95,0
2021-06-07 09:46:35,354.95,0
2021-06-07 09:46:36,354.95,0
2021-06-07 09:46:39,355.0,0
2021-06-07 09:46:43,355.0,0
2021-06-07 09:46:44,355.05,0
2021-06-07 09:46:45,355.05,0
2021-06-07 09:46:46,355.2,0
2021-06-07 09:46:47,355.15,0
2021-06-07 09:46:49,355.3,0
2021-06-07 09:46:50,355.25,0
2021-06-07 09:46:51,355.2,0
2021-06-07 09:46:52,355.2,0
2021-06-07 09:46:53,355.15,0
2021-06-07 09:46:54,355.15,0
2021-06-07 09:46:55,355.15,0
2021-06-07 09:46:56,355.15,0
2021-06-07 09:46:57,355.15,0
2021-06-07 09:46:58,355.15,0
2021-06-07 09:46:59,355.15,0
2021-06-07 09:47:00,355.15,0
2021-06-07 09:47:01,355.2,0
2021-06-07 09:47:02,355.2,0
2021-06-07 09:47:03,355.15,0
2021-06-07 09:47:04,355.1,0
2021-06-07 09:47:05,355.15,0
2021-06-07 09:47:06,355.15,0
2021-06-07 09:47:07,355.15,0
2021-06-07 09:47:08,355.15,0
2021-06-07 09:47:09,355.2,0
2021-06-07 09:47:10,355.2,0
2021-06-07 09:47:11,355.25,0
2021-06-07 09:47:12,355.2,0
2021-06-07 09:47:13,355.25,0
2021-06-07 09:47:14,355.25,0
2021-06-07 09:47:15,355.25,0
2021-06-07 09:47:16,355.25,0
2021-06-07 09:47:17,355.25,0
2021-06-07 09:47:18,355.25,0
2021-06-07 09:47:19,355.25,0
2021-06-07 09:47:20,355.25,0
2021-06-07 09:47:21,355.25,0
2021-06-07 09:47:22,355.25,0
2021-06-07 09:47:24,355.2,0
2021-06-07 09:47:25,355.25,0
2021-06-07 09:47:26,355.25,0
2021-06-07 09:47:27,355.25,0
2021-06-07 09:47:28,355.25,0
2021-06-07 09:47:29,355.35,0
2021-06-07 09:47:30,355.35,0
2021-06-07 09:47:31,355.45,0
2021-06-07 09:47:32,355.5,0
2021-06-07 09:47:34,355.5,0
2021-06-07 09:47:35,355.4,0
2021-06-07 09:47:36,355.4,0
2021-06-07 09:47:38,355.45,0
2021-06-07 09:47:39,355.45,0
2021-06-07 09:47:40,355.45,0
2021-06-07 09:47:41,355.4,0
2021-06-07 09:47:42,355.5,0
2021-06-07 09:47:43,355.45,0
2021-06-07 09:47:44,355.45,0
2021-06-07 09:47:45,355.5,0
2021-06-07 09:47:46,355.5,0
2021-06-07 09:47:48,355.55,0
2021-06-07 09:47:49,355.55,0
2021-06-07 09:47:50,355.55,0
2021-06-07 09:47:51,355.5,0
2021-06-07 09:47:52,355.55,0
2021-06-07 09:47:53,355.5,0
2021-06-07 09:47:54,355.5,0
2021-06-07 09:47:55,355.5,0
2021-06-07 09:47:56,355.45,0
2021-06-07 09:47:57,355.45,0
2021-06-07 09:47:58,355.4,0
2021-06-07 09:47:59,355.45,0
2021-06-07 09:48:00,355.45,0
2021-06-07 09:48:01,355.45,0
2021-06-07 09:48:02,355.45,0
2021-06-07 09:48:03,355.5,0
2021-06-07 09:48:05,355.4,0
2021-06-07 09:48:06,355.45,0
2021-06-07 09:48:07,355.45,0
2021-06-07 09:48:08,355.45,0
2021-06-07 09:48:10,355.5,0
2021-06-07 09:48:11,355.5,0
2021-06-07 09:48:14,355.55,0
2021-06-07 09:48:15,355.55,0
2021-06-07 09:48:16,355.55,0
2021-06-07 09:48:17,355.6,0
2021-06-07 09:48:18,355.55,0
2021-06-07 09:48:19,355.55,0
2021-06-07 09:48:20,355.55,0
2021-06-07 09:48:21,355.6,0
2021-06-07 09:48:22,355.65,0
2021-06-07 09:48:23,355.6,0
2021-06-07 09:48:24,355.5,0
2021-06-07 09:48:25,355.55,0
2021-06-07 09:48:26,355.6,0
2021-06-07 09:48:28,355.6,0
2021-06-07 09:48:29,355.6,0
2021-06-07 09:48:30,355.6,0
2021-06-07 09:48:31,355.55,0
2021-06-07 09:48:32,355.55,0
2021-06-07 09:48:33,355.55,0
2021-06-07 09:48:34,355.55,0
2021-06-07 09:48:35,355.5,0
2021-06-07 09:48:36,355.5,0
2021-06-07 09:48:37,355.5,0
2021-06-07 09:48:38,355.5,0
2021-06-07 09:48:39,355.55,0
2021-06-07 09:48:40,355.5,0
2021-06-07 09:48:41,355.45,0
2021-06-07 09:48:42,355.4,0
2021-06-07 09:48:43,355.5,0
2021-06-07 09:48:45,355.5,0
2021-06-07 09:48:46,355.45,0
2021-06-07 09:48:47,355.5,0
2021-06-07 09:48:48,355.5,0
2021-06-07 09:48:49,355.5,0
2021-06-07 09:48:50,355.45,0
2021-06-07 09:48:51,355.45,0
2021-06-07 09:48:53,355.45,0
2021-06-07 09:48:55,355.45,0
2021-06-07 09:48:56,355.45,0
2021-06-07 09:48:57,355.5,0
2021-06-07 09:48:58,355.55,0
2021-06-07 09:49:01,355.5,0
2021-06-07 09:49:03,355.5,0
2021-06-07 09:49:05,355.45,0
2021-06-07 09:49:06,355.5,0
2021-06-07 09:49:07,355.5,0
2021-06-07 09:49:08,355.45,0
2021-06-07 09:49:10,355.4,0
2021-06-07 09:49:11,355.4,0
2021-06-07 09:49:12,355.4,0
2021-06-07 09:49:13,355.4,0
2021-06-07 09:49:14,355.45,0
2021-06-07 09:49:15,355.5,0
2021-06-07 09:49:16,355.5,0
2021-06-07 09:49:17,355.45,0
2021-06-07 09:49:18,355.45,0
2021-06-07 09:49:19,355.45,0
2021-06-07 09:49:20,355.5,0
2021-06-07 09:49:21,355.5,0
2021-06-07 09:49:22,355.5,0
2021-06-07 09:49:23,355.45,0
2021-06-07 09:49:24,355.5,0
2021-06-07 09:49:25,355.5,0
2021-06-07 09:49:28,355.55,0
2021-06-07 09:49:29,355.6,0
2021-06-07 09:49:30,355.55,0
2021-06-07 09:49:31,355.55,0
2021-06-07 09:49:32,355.55,0
2021-06-07 09:49:33,355.55,0
2021-06-07 09:49:34,355.55,0
2021-06-07 09:49:35,355.55,0
2021-06-07 09:49:36,355.5,0
2021-06-07 09:49:38,355.5,0
2021-06-07 09:49:40,355.65,0
2021-06-07 09:49:41,355.65,0
2021-06-07 09:49:42,355.65,0
2021-06-07 09:49:43,355.65,0
2021-06-07 09:49:44,355.65,0
2021-06-07 09:49:45,355.6,0
2021-06-07 09:49:47,355.55,0
2021-06-07 09:49:48,355.55,0
2021-06-07 09:49:49,355.6,0
2021-06-07 09:49:50,355.6,0
2021-06-07 09:49:51,355.55,0
2021-06-07 09:49:52,355.6,0
2021-06-07 09:49:53,355.6,0
2021-06-07 09:49:54,355.55,0
2021-06-07 09:49:55,355.55,0
2021-06-07 09:49:56,355.6,0
2021-06-07 09:49:57,355.6,0
2021-06-07 09:49:58,355.55,0
2021-06-07 09:49:59,355.55,0
2021-06-07 09:50:00,355.6,0
2021-06-07 09:50:01,355.6,0
2021-06-07 09:50:02,355.6,0
2021-06-07 09:50:03,355.65,0
2021-06-07 09:50:04,355.65,0
2021-06-07 09:50:11,355.6,0
2021-06-07 09:50:12,355.55,0
2021-06-07 09:50:13,355.55,0
2021-06-07 09:50:14,355.5,0
2021-06-07 09:50:15,355.45,0
2021-06-07 09:50:16,355.6,0
2021-06-07 09:50:17,355.55,0
2021-06-07 09:50:18,355.55,0
2021-06-07 09:50:21,355.55,0
2021-06-07 09:50:22,355.35,0
2021-06-07 09:50:23,355.4,0
2021-06-07 09:50:24,355.4,0
2021-06-07 09:50:25,355.35,0
2021-06-07 09:50:26,355.35,0
2021-06-07 09:50:27,355.45,0
2021-06-07 09:50:28,355.45,0
2021-06-07 09:50:30,355.5,0
2021-06-07 09:50:31,355.5,0
2021-06-07 09:50:32,355.5,0
2021-06-07 09:50:34,355.4,0
2021-06-07 09:50:35,355.4,0
2021-06-07 09:50:38,355.4,0
2021-06-07 09:50:39,355.45,0
2021-06-07 09:50:40,355.45,0
2021-06-07 09:50:41,355.45,0
2021-06-07 09:50:43,355.4,0
2021-06-07 09:50:44,355.4,0
2021-06-07 09:50:45,355.35,0
2021-06-07 09:50:46,355.35,0
2021-06-07 09:50:47,355.4,0
2021-06-07 09:50:48,355.4,0
2021-06-07 09:50:49,355.4,0
2021-06-07 09:50:50,355.35,0
2021-06-07 09:50:51,355.4,0
2021-06-07 09:50:52,355.4,0
2021-06-07 09:50:53,355.4,0
2021-06-07 09:50:54,355.3,0
2021-06-07 09:50:55,355.35,0
2021-06-07 09:50:56,355.35,0
2021-06-07 09:50:57,355.3,0
2021-06-07 09:50:58,355.3,0
2021-06-07 09:50:59,355.3,0
2021-06-07 09:51:00,355.35,0
2021-06-07 09:51:02,355.2,0
2021-06-07 09:51:03,355.15,0
2021-06-07 09:51:04,355.1,0
2021-06-07 09:51:05,355.0,0
2021-06-07 09:51:06,355.0,0
2021-06-07 09:51:07,355.05,0
2021-06-07 09:51:08,355.05,0
2021-06-07 09:51:09,355.0,0
2021-06-07 09:51:10,354.95,0
2021-06-07 09:51:11,354.95,0
2021-06-07 09:51:12,354.95,0
2021-06-07 09:51:13,354.95,0
2021-06-07 09:51:14,354.9,0
2021-06-07 09:51:15,354.95,0
2021-06-07 09:51:16,354.9,0
2021-06-07 09:51:17,354.95,0
2021-06-07 09:51:18,355.0,0
2021-06-07 09:51:19,355.0,0
2021-06-07 09:51:20,354.95,0
2021-06-07 09:51:21,354.95,0
2021-06-07 09:51:24,354.95,0
2021-06-07 09:51:25,355.0,0
2021-06-07 09:51:26,355.05,0
2021-06-07 09:51:27,355.0,0
2021-06-07 09:51:28,355.0,0
2021-06-07 09:51:29,355.05,0
2021-06-07 09:51:30,355.1,0
2021-06-07 09:51:31,355.1,0
2021-06-07 09:51:32,355.05,0
2021-06-07 09:51:33,354.95,0
2021-06-07 09:51:34,354.9,0
2021-06-07 09:51:35,354.95,0
2021-06-07 09:51:38,354.9,0
2021-06-07 09:51:39,354.9,0
2021-06-07 09:51:40,354.9,0
2021-06-07 09:51:41,354.9,0
2021-06-07 09:51:42,354.9,0
2021-06-07 09:51:43,354.9,0
2021-06-07 09:51:44,354.85,0
2021-06-07 09:51:45,354.85,0
2021-06-07 09:51:46,354.85,0
2021-06-07 09:51:47,354.85,0
2021-06-07 09:51:48,354.85,0
2021-06-07 09:51:49,354.9,0
2021-06-07 09:51:51,354.85,0
2021-06-07 09:51:52,354.85,0
2021-06-07 09:51:53,354.85,0
2021-06-07 09:51:54,354.8,0
2021-06-07 09:51:55,354.85,0
2021-06-07 09:51:56,354.9,0
2021-06-07 09:52:00,354.85,0
2021-06-07 09:52:01,354.85,0
2021-06-07 09:52:02,354.85,0
2021-06-07 09:52:03,354.9,0
2021-06-07 09:52:04,354.85,0
2021-06-07 09:52:05,354.8,0
2021-06-07 09:52:06,354.85,0
2021-06-07 09:52:07,354.85,0
2021-06-07 09:52:08,354.85,0
2021-06-07 09:52:09,354.85,0
2021-06-07 09:52:10,354.85,0
2021-06-07 09:52:12,354.9,0
2021-06-07 09:52:13,354.85,0
2021-06-07 09:52:14,354.85,0
2021-06-07 09:52:15,354.9,0
2021-06-07 09:52:16,354.85,0
2021-06-07 09:52:17,354.85,0
2021-06-07 09:52:18,354.85,0
2021-06-07 09:52:19,354.85,0
2021-06-07 09:52:20,354.85,0
2021-06-07 09:52:22,354.9,0
2021-06-07 09:52:23,354.85,0
2021-06-07 09:52:25,354.75,0
2021-06-07 09:52:26,354.75,0
2021-06-07 09:52:27,354.8,0
2021-06-07 09:52:28,354.8,0
2021-06-07 09:52:29,354.75,0
2021-06-07 09:52:31,354.8,0
2021-06-07 09:52:32,354.8,0
2021-06-07 09:52:33,354.85,0
2021-06-07 09:52:34,354.9,0
2021-06-07 09:52:35,354.9,0
2021-06-07 09:52:36,354.8,0
2021-06-07 09:52:37,354.8,0
2021-06-07 09:52:38,354.85,0
2021-06-07 09:52:39,354.9,0
2021-06-07 09:52:40,354.9,0
2021-06-07 09:52:41,354.85,0
2021-06-07 09:52:42,354.8,0
2021-06-07 09:52:44,354.8,0
2021-06-07 09:52:45,354.75,0
2021-06-07 09:52:46,354.85,0
2021-06-07 09:52:47,354.8,0
2021-06-07 09:52:48,354.8,0
2021-06-07 09:52:49,354.8,0
2021-06-07 09:52:50,354.8,0
2021-06-07 09:52:51,354.75,0
2021-06-07 09:52:53,354.8,0
2021-06-07 09:52:54,354.85,0
2021-06-07 09:52:56,354.8,0
2021-06-07 09:52:57,354.8,0
2021-06-07 09:52:58,354.8,0
2021-06-07 09:52:59,354.75,0
2021-06-07 09:53:00,354.8,0
2021-06-07 09:53:02,354.75,0
2021-06-07 09:53:03,354.8,0
2021-06-07 09:53:04,354.8,0
2021-06-07 09:53:05,354.8,0
2021-06-07 09:53:07,354.85,0
2021-06-07 09:53:08,354.85,0
2021-06-07 09:53:09,355.0,0
2021-06-07 09:53:10,355.0,0
2021-06-07 09:53:11,355.05,0
2021-06-07 09:53:12,355.05,0
2021-06-07 09:53:13,355.05,0
2021-06-07 09:53:14,355.0,0
2021-06-07 09:53:15,355.0,0
2021-06-07 09:53:16,355.0,0
2021-06-07 09:53:17,355.0,0
2021-06-07 09:53:18,355.05,0
2021-06-07 09:53:19,355.05,0
2021-06-07 09:53:21,355.05,0
2021-06-07 09:53:23,355.1,0
2021-06-07 09:53:24,355.1,0
2021-06-07 09:53:26,355.05,0
2021-06-07 09:53:27,355.05,0
2021-06-07 09:53:29,355.0,0
2021-06-07 09:53:30,355.05,0
2021-06-07 09:53:31,355.05,0
2021-06-07 09:53:32,355.05,0
2021-06-07 09:53:33,355.05,0
2021-06-07 09:53:34,355.05,0
2021-06-07 09:53:35,355.05,0
2021-06-07 09:53:36,355.05,0
2021-06-07 09:53:37,355.15,0
2021-06-07 09:53:38,355.15,0
2021-06-07 09:53:39,355.1,0
2021-06-07 09:53:41,355.1,0
2021-06-07 09:53:43,355.1,0
2021-06-07 09:53:44,355.15,0
2021-06-07 09:53:46,355.15,0
2021-06-07 09:53:47,355.15,0
2021-06-07 09:53:48,355.2,0
2021-06-07 09:53:50,355.25,0
2021-06-07 09:53:51,355.25,0
2021-06-07 09:53:52,355.25,0
2021-06-07 09:53:53,355.2,0
2021-06-07 09:53:54,355.2,0
2021-06-07 09:53:55,355.2,0
2021-06-07 09:53:56,355.2,0
2021-06-07 09:53:57,355.2,0
2021-06-07 09:53:58,355.25,0
2021-06-07 09:53:59,355.2,0
2021-06-07 09:54:00,355.15,0
2021-06-07 09:54:01,355.15,0
2021-06-07 09:54:03,355.1,0
2021-06-07 09:54:04,355.1,0
2021-06-07 09:54:06,355.35,0
2021-06-07 09:54:07,355.35,0
2021-06-07 09:54:09,355.3,0
2021-06-07 09:54:11,355.35,0
2021-06-07 09:54:12,355.35,0
2021-06-07 09:54:13,355.2,0
2021-06-07 09:54:14,355.35,0
2021-06-07 09:54:15,355.4,0
2021-06-07 09:54:16,355.35,0
2021-06-07 09:54:17,355.35,0
2021-06-07 09:54:18,355.4,0
2021-06-07 09:54:19,355.4,0
2021-06-07 09:54:20,355.4,0
2021-06-07 09:54:22,355.35,0
2021-06-07 09:54:24,355.3,0
2021-06-07 09:54:25,355.35,0
2021-06-07 09:54:26,355.4,0
2021-06-07 09:54:27,355.4,0
2021-06-07 09:54:28,355.4,0
2021-06-07 09:54:29,355.4,0
2021-06-07 09:54:30,355.4,0
2021-06-07 09:54:31,355.3,0
2021-06-07 09:54:32,355.35,0
2021-06-07 09:54:33,355.35,0
2021-06-07 09:54:34,355.35,0
2021-06-07 09:54:35,355.35,0
2021-06-07 09:54:36,355.35,0
2021-06-07 09:54:37,355.35,0
2021-06-07 09:54:38,355.35,0
2021-06-07 09:54:39,355.35,0
2021-06-07 09:54:40,355.4,0
2021-06-07 09:54:41,355.35,0
2021-06-07 09:54:42,355.35,0
2021-06-07 09:54:43,355.3,0
2021-06-07 09:54:44,355.3,0
2021-06-07 09:54:45,355.3,0
2021-06-07 09:54:46,355.35,0
2021-06-07 09:54:47,355.35,0
2021-06-07 09:54:48,355.35,0
2021-06-07 09:54:49,355.35,0
2021-06-07 09:54:50,355.35,0
2021-06-07 09:54:51,355.35,0
2021-06-07 09:54:52,355.35,0
2021-06-07 09:54:54,355.35,0
2021-06-07 09:54:55,355.3,0
2021-06-07 09:54:57,355.35,0
2021-06-07 09:54:58,355.35,0
2021-06-07 09:54:59,355.35,0
2021-06-07 09:55:00,355.4,0
2021-06-07 09:55:01,355.4,0
2021-06-07 09:55:02,355.4,0
2021-06-07 09:55:03,355.4,0
2021-06-07 09:55:04,355.4,0
2021-06-07 09:55:05,355.45,0
2021-06-07 09:55:06,355.45,0
2021-06-07 09:55:07,355.45,0
2021-06-07 09:55:08,355.5,0
2021-06-07 09:55:09,355.4,0
2021-06-07 09:55:10,355.4,0
2021-06-07 09:55:11,355.4,0
2021-06-07 09:55:12,355.4,0
2021-06-07 09:55:13,355.4,0
2021-06-07 09:55:14,355.45,0
2021-06-07 09:55:15,355.4,0
2021-06-07 09:55:16,355.4,0
2021-06-07 09:55:17,355.4,0
2021-06-07 09:55:18,355.35,0
2021-06-07 09:55:20,355.35,0
2021-06-07 09:55:21,355.35,0
2021-06-07 09:55:22,355.35,0
2021-06-07 09:55:23,355.35,0
2021-06-07 09:55:24,355.35,0
2021-06-07 09:55:25,355.35,0
2021-06-07 09:55:26,355.35,0
2021-06-07 09:55:27,355.35,0
2021-06-07 09:55:28,355.35,0
2021-06-07 09:55:29,355.4,0
2021-06-07 09:55:30,355.45,0
2021-06-07 09:55:31,355.45,0
2021-06-07 09:55:32,355.45,0
2021-06-07 09:55:34,355.5,0
2021-06-07 09:55:35,355.5,0
2021-06-07 09:55:36,355.5,0
2021-06-07 09:55:37,355.5,0
2021-06-07 09:55:38,355.45,0
2021-06-07 09:55:39,355.5,0
2021-06-07 09:55:40,355.5,0
2021-06-07 09:55:42,355.45,0
2021-06-07 09:55:43,355.5,0
2021-06-07 09:55:44,355.45,0
2021-06-07 09:55:45,355.5,0
2021-06-07 09:55:46,355.5,0
2021-06-07 09:55:47,355.5,0
2021-06-07 09:55:49,355.55,0
2021-06-07 09:55:50,355.55,0
2021-06-07 09:55:51,355.55,0
2021-06-07 09:55:52,355.5,0
2021-06-07 09:55:53,355.5,0
2021-06-07 09:55:54,355.55,0
2021-06-07 09:55:55,355.55,0
2021-06-07 09:55:57,355.55,0
2021-06-07 09:55:58,355.6,0
2021-06-07 09:55:59,355.55,0
2021-06-07 09:56:00,355.55,0
2021-06-07 09:56:01,355.55,0
2021-06-07 09:56:02,355.55,0
2021-06-07 09:56:04,355.6,0
2021-06-07 09:56:05,355.65,0
2021-06-07 09:56:06,355.6,0
2021-06-07 09:56:07,355.6,0
2021-06-07 09:56:08,355.65,0
2021-06-07 09:56:09,355.65,0
2021-06-07 09:56:10,355.65,0
2021-06-07 09:56:11,355.65,0
2021-06-07 09:56:12,355.65,0
2021-06-07 09:56:13,355.6,0
2021-06-07 09:56:14,355.55,0
2021-06-07 09:56:15,355.5,0
2021-06-07 09:56:16,355.55,0
2021-06-07 09:56:17,355.55,0
2021-06-07 09:56:18,355.55,0
2021-06-07 09:56:19,355.55,0
2021-06-07 09:56:20,355.55,0
2021-06-07 09:56:21,355.55,0
2021-06-07 09:56:22,355.5,0
2021-06-07 09:56:23,355.5,0
2021-06-07 09:56:24,355.5,0
2021-06-07 09:56:25,355.5,0
2021-06-07 09:56:26,355.5,0
2021-06-07 09:56:27,355.5,0
2021-06-07 09:56:28,355.5,0
2021-06-07 09:56:29,355.5,0
2021-06-07 09:56:30,355.5,0
2021-06-07 09:56:31,355.45,0
2021-06-07 09:56:33,355.5,0
2021-06-07 09:56:34,355.5,0
2021-06-07 09:56:35,355.5,0
2021-06-07 09:56:36,355.55,0
2021-06-07 09:56:38,355.5,0
2021-06-07 09:56:39,355.45,0
2021-06-07 09:56:40,355.5,0
2021-06-07 09:56:41,355.45,0
2021-06-07 09:56:42,355.45,0
2021-06-07 09:56:43,355.45,0
2021-06-07 09:56:44,355.45,0
2021-06-07 09:56:45,355.4,0
2021-06-07 09:56:46,355.45,0
2021-06-07 09:56:47,355.45,0
2021-06-07 09:56:48,355.5,0
2021-06-07 09:56:49,355.5,0
2021-06-07 09:56:50,355.5,0
2021-06-07 09:56:51,355.5,0
2021-06-07 09:56:52,355.45,0
2021-06-07 09:56:53,355.45,0
2021-06-07 09:56:54,355.5,0
2021-06-07 09:56:55,355.55,0
2021-06-07 09:56:56,355.6,0
2021-06-07 09:56:57,355.5,0
2021-06-07 09:56:58,355.5,0
2021-06-07 09:56:59,355.45,0
2021-06-07 09:57:00,355.5,0
2021-06-07 09:57:01,355.5,0
2021-06-07 09:57:02,355.45,0
2021-06-07 09:57:03,355.6,0
2021-06-07 09:57:04,355.55,0
2021-06-07 09:57:05,355.55,0
2021-06-07 09:57:06,355.55,0
2021-06-07 09:57:07,355.55,0
2021-06-07 09:57:08,355.65,0
2021-06-07 09:57:09,355.55,0
2021-06-07 09:57:10,355.45,0
2021-06-07 09:57:11,355.45,0
2021-06-07 09:57:12,355.45,0
2021-06-07 09:57:13,355.45,0
2021-06-07 09:57:14,355.5,0
2021-06-07 09:57:15,355.5,0
2021-06-07 09:57:16,355.45,0
2021-06-07 09:57:17,355.45,0
2021-06-07 09:57:18,355.45,0
2021-06-07 09:57:19,355.5,0
2021-06-07 09:57:20,355.5,0
2021-06-07 09:57:21,355.5,0
2021-06-07 09:57:22,355.45,0
2021-06-07 09:57:23,355.45,0
2021-06-07 09:57:24,355.5,0
2021-06-07 09:57:25,355.5,0
2021-06-07 09:57:26,355.5,0
2021-06-07 09:57:27,355.5,0
2021-06-07 09:57:28,355.55,0
2021-06-07 09:57:29,355.5,0
2021-06-07 09:57:30,355.5,0
2021-06-07 09:57:31,355.5,0
2021-06-07 09:57:32,355.35,0
2021-06-07 09:57:33,355.4,0
2021-06-07 09:57:34,355.4,0
2021-06-07 09:57:35,355.35,0
2021-06-07 09:57:36,355.4,0
2021-06-07 09:57:37,355.4,0
2021-06-07 09:57:38,355.4,0
2021-06-07 09:57:39,355.4,0
2021-06-07 09:57:40,355.35,0
2021-06-07 09:57:41,355.3,0
2021-06-07 09:57:42,355.3,0
2021-06-07 09:57:43,355.3,0
2021-06-07 09:57:44,355.3,0
2021-06-07 09:57:45,355.3,0
2021-06-07 09:57:46,355.25,0
2021-06-07 09:57:47,355.25,0
2021-06-07 09:57:48,355.25,0
2021-06-07 09:57:49,355.25,0
2021-06-07 09:57:50,355.3,0
2021-06-07 09:57:51,355.25,0
2021-06-07 09:57:52,355.15,0
2021-06-07 09:57:53,355.2,0
2021-06-07 09:57:54,355.15,0
2021-06-07 09:57:56,355.05,0
2021-06-07 09:57:58,355.15,0
2021-06-07 09:57:59,355.15,0
2021-06-07 09:58:00,355.05,0
2021-06-07 09:58:01,355.1,0
2021-06-07 09:58:02,355.1,0
2021-06-07 09:58:03,355.1,0
2021-06-07 09:58:04,355.15,0
2021-06-07 09:58:05,355.15,0
2021-06-07 09:58:06,355.15,0
2021-06-07 09:58:07,355.15,0
2021-06-07 09:58:08,355.15,0
2021-06-07 09:58:09,355.15,0
2021-06-07 09:58:11,355.1,0
2021-06-07 09:58:12,355.1,0
2021-06-07 09:58:14,355.1,0
2021-06-07 09:58:15,355.15,0
2021-06-07 09:58:16,355.15,0
2021-06-07 09:58:17,355.15,0
2021-06-07 09:58:20,355.1,0
2021-06-07 09:58:21,355.1,0
2021-06-07 09:58:22,355.05,0
2021-06-07 09:58:23,355.05,0
2021-06-07 09:58:24,355.05,0
2021-06-07 09:58:25,354.95,0
2021-06-07 09:58:27,355.0,0
2021-06-07 09:58:28,355.05,0
2021-06-07 09:58:29,355.15,0
2021-06-07 09:58:31,355.1,0
2021-06-07 09:58:32,355.2,0
2021-06-07 09:58:33,355.25,0
2021-06-07 09:58:34,355.25,0
2021-06-07 09:58:35,355.2,0
2021-06-07 09:58:36,355.25,0
2021-06-07 09:58:37,355.25,0
2021-06-07 09:58:38,355.3,0
2021-06-07 09:58:39,355.2,0
2021-06-07 09:58:40,355.25,0
2021-06-07 09:58:41,355.2,0
2021-06-07 09:58:42,355.25,0
2021-06-07 09:58:43,355.25,0
2021-06-07 09:58:44,355.2,0
2021-06-07 09:58:45,355.2,0
2021-06-07 09:58:46,355.15,0
2021-06-07 09:58:47,355.2,0
2021-06-07 09:58:48,355.25,0
2021-06-07 09:58:49,355.3,0
2021-06-07 09:58:50,355.15,0
2021-06-07 09:58:51,355.25,0
2021-06-07 09:58:52,355.25,0
2021-06-07 09:58:53,355.2,0
2021-06-07 09:58:54,355.2,0
2021-06-07 09:58:55,355.2,0
2021-06-07 09:58:56,355.2,0
2021-06-07 09:58:57,355.2,0
2021-06-07 09:58:58,355.2,0
2021-06-07 09:58:59,355.2,0
2021-06-07 09:59:00,355.2,0
2021-06-07 09:59:01,355.25,0
2021-06-07 09:59:02,355.25,0
2021-06-07 09:59:03,355.35,0
2021-06-07 09:59:04,355.35,0
2021-06-07 09:59:05,355.35,0
2021-06-07 09:59:06,355.3,0
2021-06-07 09:59:07,355.25,0
2021-06-07 09:59:09,355.35,0
2021-06-07 09:59:10,355.3,0
2021-06-07 09:59:11,355.35,0
2021-06-07 09:59:13,355.3,0
2021-06-07 09:59:15,355.35,0
2021-06-07 09:59:16,355.4,0
2021-06-07 09:59:17,355.35,0
2021-06-07 09:59:18,355.35,0
2021-06-07 09:59:20,355.35,0
2021-06-07 09:59:21,355.35,0
2021-06-07 09:59:22,355.4,0
2021-06-07 09:59:23,355.5,0
2021-06-07 09:59:24,355.45,0
2021-06-07 09:59:25,355.45,0
2021-06-07 09:59:26,355.4,0
2021-06-07 09:59:27,355.4,0
2021-06-07 09:59:28,355.35,0
2021-06-07 09:59:29,355.35,0
2021-06-07 09:59:30,355.35,0
2021-06-07 09:59:31,355.3,0
2021-06-07 09:59:32,355.3,0
2021-06-07 09:59:33,355.3,0
2021-06-07 09:59:34,355.4,0
2021-06-07 09:59:35,355.35,0
2021-06-07 09:59:36,355.35,0
2021-06-07 09:59:37,355.4,0
2021-06-07 09:59:38,355.4,0
2021-06-07 09:59:39,355.4,0
2021-06-07 09:59:40,355.4,0
2021-06-07 09:59:41,355.4,0
2021-06-07 09:59:42,355.45,0
2021-06-07 09:59:44,355.5,0
2021-06-07 09:59:46,355.5,0
2021-06-07 09:59:47,355.5,0
2021-06-07 09:59:48,355.5,0
2021-06-07 09:59:49,355.5,0
2021-06-07 09:59:50,355.55,0
2021-06-07 09:59:51,355.5,0
2021-06-07 09:59:52,355.45,0
2021-06-07 09:59:53,355.5,0
2021-06-07 09:59:54,355.5,0
2021-06-07 09:59:55,355.55,0
2021-06-07 09:59:56,355.5,0
2021-06-07 09:59:57,355.5,0
2021-06-07 09:59:58,355.5,0
2021-06-07 10:00:01,355.5,0
2021-06-07 10:00:02,355.55,0
2021-06-07 10:00:03,355.55,0
2021-06-07 10:00:05,355.6,0
2021-06-07 10:00:06,355.55,0
2021-06-07 10:00:07,355.5,0
2021-06-07 10:00:08,355.5,0
2021-06-07 10:00:09,355.55,0
2021-06-07 10:00:11,355.55,0
2021-06-07 10:00:12,355.6,0
2021-06-07 10:00:13,355.6,0
2021-06-07 10:00:14,355.65,0
2021-06-07 10:00:15,355.65,0
2021-06-07 10:00:16,355.6,0
2021-06-07 10:00:17,355.65,0
2021-06-07 10:00:18,355.65,0
2021-06-07 10:00:19,355.6,0
2021-06-07 10:00:20,355.55,0
2021-06-07 10:00:21,355.45,0
2021-06-07 10:00:22,355.5,0
2021-06-07 10:00:23,355.5,0
2021-06-07 10:00:24,355.45,0
2021-06-07 10:00:25,355.45,0
2021-06-07 10:00:27,355.55,0
2021-06-07 10:00:28,355.5,0
2021-06-07 10:00:29,355.5,0
2021-06-07 10:00:30,355.5,0
2021-06-07 10:00:31,355.45,0
2021-06-07 10:00:32,355.4,0
2021-06-07 10:00:33,355.4,0
2021-06-07 10:00:34,355.4,0
2021-06-07 10:00:35,355.4,0
2021-06-07 10:00:36,355.45,0
2021-06-07 10:00:38,355.5,0
2021-06-07 10:00:39,355.45,0
2021-06-07 10:00:40,355.5,0
2021-06-07 10:00:41,355.5,0
2021-06-07 10:00:42,355.4,0
2021-06-07 10:00:44,355.4,0
2021-06-07 10:00:45,355.4,0
2021-06-07 10:00:46,355.4,0
2021-06-07 10:00:48,355.4,0
2021-06-07 10:00:49,355.4,0
2021-06-07 10:00:50,355.4,0
2021-06-07 10:00:52,355.3,0
2021-06-07 10:00:53,355.35,0
2021-06-07 10:00:54,355.4,0
2021-06-07 10:00:55,355.35,0
2021-06-07 10:00:56,355.4,0
2021-06-07 10:00:57,355.4,0
2021-06-07 10:00:58,355.45,0
2021-06-07 10:00:59,355.4,0
2021-06-07 10:01:00,355.4,0
2021-06-07 10:01:01,355.4,0
2021-06-07 10:01:02,355.35,0
2021-06-07 10:01:04,355.4,0
2021-06-07 10:01:05,355.45,0
2021-06-07 10:01:06,355.45,0
2021-06-07 10:01:07,355.4,0
2021-06-07 10:01:08,355.4,0
2021-06-07 10:01:09,355.35,0
2021-06-07 10:01:11,355.4,0
2021-06-07 10:01:13,355.4,0
2021-06-07 10:01:14,355.4,0
2021-06-07 10:01:16,355.35,0
2021-06-07 10:01:17,355.4,0
2021-06-07 10:01:18,355.4,0
2021-06-07 10:01:20,355.4,0
2021-06-07 10:01:21,355.35,0
2021-06-07 10:01:22,355.4,0
2021-06-07 10:01:23,355.4,0
2021-06-07 10:01:24,355.4,0
2021-06-07 10:01:25,355.4,0
2021-06-07 10:01:26,355.5,0
2021-06-07 10:01:27,355.5,0
2021-06-07 10:01:28,355.5,0
2021-06-07 10:01:29,355.5,0
2021-06-07 10:01:30,355.45,0
2021-06-07 10:01:31,355.45,0
2021-06-07 10:01:32,355.55,0
2021-06-07 10:01:34,355.45,0
2021-06-07 10:01:35,355.5,0
2021-06-07 10:01:36,355.5,0
2021-06-07 10:01:37,355.45,0
2021-06-07 10:01:38,355.45,0
2021-06-07 10:01:39,355.5,0
2021-06-07 10:01:40,355.5,0
2021-06-07 10:01:41,355.5,0
2021-06-07 10:01:42,355.5,0
2021-06-07 10:01:43,355.5,0
2021-06-07 10:01:44,355.55,0
2021-06-07 10:01:45,355.5,0
2021-06-07 10:01:46,355.5,0
2021-06-07 10:01:47,355.5,0
2021-06-07 10:01:48,355.5,0
2021-06-07 10:01:50,355.55,0
2021-06-07 10:01:51,355.55,0
2021-06-07 10:01:52,355.55,0
2021-06-07 10:01:53,355.55,0
2021-06-07 10:01:54,355.55,0
2021-06-07 10:01:55,355.55,0
2021-06-07 10:01:56,355.5,0
2021-06-07 10:01:57,355.5,0
2021-06-07 10:01:59,355.5,0
2021-06-07 10:02:00,355.5,0
2021-06-07 10:02:01,355.5,0
2021-06-07 10:02:02,355.5,0
2021-06-07 10:02:03,355.5,0
2021-06-07 10:02:04,355.55,0
2021-06-07 10:02:05,355.5,0
2021-06-07 10:02:07,355.4,0
2021-06-07 10:02:08,355.4,0
2021-06-07 10:02:09,355.4,0
2021-06-07 10:02:10,355.4,0
2021-06-07 10:02:12,355.45,0
2021-06-07 10:02:13,355.4,0
2021-06-07 10:02:16,355.3,0
2021-06-07 10:02:17,355.35,0
2021-06-07 10:02:19,355.4,0
2021-06-07 10:02:20,355.4,0
2021-06-07 10:02:21,355.35,0
2021-06-07 10:02:22,355.25,0
2021-06-07 10:02:23,355.3,0
2021-06-07 10:02:24,355.3,0
2021-06-07 10:02:25,355.3,0
2021-06-07 10:02:26,355.3,0
2021-06-07 10:02:27,355.3,0
2021-06-07 10:02:28,355.25,0
2021-06-07 10:02:29,355.3,0
2021-06-07 10:02:30,355.3,0
2021-06-07 10:02:31,355.45,0
2021-06-07 10:02:32,355.5,0
2021-06-07 10:02:33,355.45,0
2021-06-07 10:02:34,355.45,0
2021-06-07 10:02:35,355.4,0
2021-06-07 10:02:36,355.45,0
2021-06-07 10:02:37,355.5,0
2021-06-07 10:02:38,355.45,0
2021-06-07 10:02:41,355.45,0
2021-06-07 10:02:42,355.4,0
2021-06-07 10:02:43,355.4,0
2021-06-07 10:02:44,355.35,0
2021-06-07 10:02:45,355.4,0
2021-06-07 10:02:46,355.4,0
2021-06-07 10:02:47,355.4,0
2021-06-07 10:02:49,355.5,0
2021-06-07 10:02:50,355.45,0
2021-06-07 10:02:51,355.5,0
2021-06-07 10:02:52,355.4,0
2021-06-07 10:02:53,355.5,0
2021-06-07 10:02:54,355.45,0
2021-06-07 10:02:55,355.4,0
2021-06-07 10:02:56,355.4,0
2021-06-07 10:02:57,355.35,0
2021-06-07 10:02:58,355.3,0
2021-06-07 10:02:59,355.3,0
2021-06-07 10:03:00,355.3,0
2021-06-07 10:03:01,355.3,0
2021-06-07 10:03:02,355.35,0
2021-06-07 10:03:04,355.35,0
2021-06-07 10:03:05,355.35,0
2021-06-07 10:03:06,355.35,0
2021-06-07 10:03:07,355.35,0
2021-06-07 10:03:08,355.35,0
2021-06-07 10:03:09,355.3,0
2021-06-07 10:03:10,355.3,0
2021-06-07 10:03:11,355.3,0
2021-06-07 10:03:12,355.3,0
2021-06-07 10:03:13,355.25,0
2021-06-07 10:03:14,355.15,0
2021-06-07 10:03:15,355.25,0
2021-06-07 10:03:16,355.2,0
2021-06-07 10:03:17,355.25,0
2021-06-07 10:03:18,355.25,0
2021-06-07 10:03:20,355.2,0
2021-06-07 10:03:21,355.15,0
2021-06-07 10:03:22,355.2,0
2021-06-07 10:03:23,355.2,0
2021-06-07 10:03:25,355.2,0
2021-06-07 10:03:26,355.25,0
2021-06-07 10:03:27,355.3,0
2021-06-07 10:03:28,355.35,0
2021-06-07 10:03:29,355.4,0
2021-06-07 10:03:30,355.4,0
2021-06-07 10:03:32,355.3,0
2021-06-07 10:03:33,355.25,0
2021-06-07 10:03:34,355.3,0
2021-06-07 10:03:35,355.3,0
2021-06-07 10:03:36,355.3,0
2021-06-07 10:03:37,355.35,0
2021-06-07 10:03:38,355.35,0
2021-06-07 10:03:39,355.35,0
2021-06-07 10:03:40,355.4,0
2021-06-07 10:03:41,355.4,0
2021-06-07 10:03:42,355.35,0
2021-06-07 10:03:43,355.3,0
2021-06-07 10:03:44,355.25,0
2021-06-07 10:03:45,355.25,0
2021-06-07 10:03:46,355.25,0
2021-06-07 10:03:47,355.4,0
2021-06-07 10:03:48,355.35,0
2021-06-07 10:03:49,355.4,0
2021-06-07 10:03:50,355.4,0
2021-06-07 10:03:52,355.45,0
2021-06-07 10:03:51,355.4,0
2021-06-07 10:03:53,355.35,0
2021-06-07 10:03:55,355.4,0
2021-06-07 10:03:56,355.35,0
2021-06-07 10:03:57,355.3,0
2021-06-07 10:03:58,355.3,0
2021-06-07 10:03:59,355.3,0
2021-06-07 10:04:00,355.3,0
2021-06-07 10:04:01,355.3,0
2021-06-07 10:04:03,355.35,0
2021-06-07 10:04:04,355.2,0
2021-06-07 10:04:05,355.15,0
2021-06-07 10:04:06,355.1,0
2021-06-07 10:04:08,355.25,0
2021-06-07 10:04:09,355.25,0
2021-06-07 10:04:10,355.25,0
2021-06-07 10:04:11,355.25,0
2021-06-07 10:04:12,355.25,0
2021-06-07 10:04:13,355.25,0
2021-06-07 10:04:14,355.25,0
2021-06-07 10:04:15,355.2,0
2021-06-07 10:04:16,355.05,0
2021-06-07 10:04:17,355.1,0
2021-06-07 10:04:18,355.1,0
2021-06-07 10:04:19,355.15,0
2021-06-07 10:04:20,355.15,0
2021-06-07 10:04:21,355.2,0
2021-06-07 10:04:23,355.1,0
2021-06-07 10:04:24,355.05,0
2021-06-07 10:04:26,355.15,0
2021-06-07 10:04:28,355.1,0
2021-06-07 10:04:29,355.1,0
2021-06-07 10:04:31,355.2,0
2021-06-07 10:04:32,355.2,0
2021-06-07 10:04:33,355.2,0
2021-06-07 10:04:34,355.3,0
2021-06-07 10:04:35,355.2,0
2021-06-07 10:04:36,355.25,0
2021-06-07 10:04:38,355.3,0
2021-06-07 10:04:39,355.25,0
2021-06-07 10:04:40,355.25,0
2021-06-07 10:04:41,355.25,0
2021-06-07 10:04:42,355.25,0
2021-06-07 10:04:43,355.2,0
2021-06-07 10:04:44,355.25,0
2021-06-07 10:04:46,355.3,0
2021-06-07 10:04:47,355.3,0
2021-06-07 10:04:48,355.25,0
2021-06-07 10:04:49,355.2,0
2021-06-07 10:04:50,355.2,0
2021-06-07 10:04:52,355.25,0
2021-06-07 10:04:53,355.2,0
2021-06-07 10:04:54,355.2,0
2021-06-07 10:04:55,355.2,0
2021-06-07 10:04:56,355.2,0
2021-06-07 10:04:57,355.2,0
2021-06-07 10:04:58,355.2,0
2021-06-07 10:04:59,355.25,0
2021-06-07 10:05:00,355.25,0
2021-06-07 10:05:01,355.25,0
2021-06-07 10:05:02,355.25,0
2021-06-07 10:05:03,355.25,0
2021-06-07 10:05:05,355.25,0
2021-06-07 10:05:07,355.35,0
2021-06-07 10:05:08,355.4,0
2021-06-07 10:05:09,355.45,0
2021-06-07 10:05:10,355.45,0
2021-06-07 10:05:11,355.35,0
2021-06-07 10:05:12,355.4,0
2021-06-07 10:05:13,355.4,0
2021-06-07 10:05:14,355.45,0
2021-06-07 10:05:15,355.45,0
2021-06-07 10:05:16,355.4,0
2021-06-07 10:05:17,355.4,0
2021-06-07 10:05:18,355.4,0
2021-06-07 10:05:19,355.4,0
2021-06-07 10:05:20,355.45,0
2021-06-07 10:05:21,355.4,0
2021-06-07 10:05:22,355.4,0
2021-06-07 10:05:23,355.4,0
2021-06-07 10:05:24,355.35,0
2021-06-07 10:05:25,355.3,0
2021-06-07 10:05:26,355.35,0
2021-06-07 10:05:27,355.25,0
2021-06-07 10:05:28,355.3,0
2021-06-07 10:05:29,355.35,0
2021-06-07 10:05:30,355.3,0
2021-06-07 10:05:31,355.3,0
2021-06-07 10:05:32,355.3,0
2021-06-07 10:05:33,355.3,0
2021-06-07 10:05:34,355.3,0
2021-06-07 10:05:35,355.3,0
2021-06-07 10:05:36,355.3,0
2021-06-07 10:05:37,355.35,0
2021-06-07 10:05:38,355.35,0
2021-06-07 10:05:39,355.35,0
2021-06-07 10:05:41,355.4,0
2021-06-07 10:05:42,355.45,0
2021-06-07 10:05:43,355.4,0
2021-06-07 10:05:45,355.55,0
2021-06-07 10:05:46,355.55,0
2021-06-07 10:05:47,355.45,0
2021-06-07 10:05:49,355.45,0
2021-06-07 10:05:50,355.4,0
2021-06-07 10:05:51,355.4,0
2021-06-07 10:05:52,355.4,0
2021-06-07 10:05:53,355.45,0
2021-06-07 10:05:54,355.45,0
2021-06-07 10:05:55,355.55,0
2021-06-07 10:05:56,355.55,0
2021-06-07 10:05:57,355.45,0
2021-06-07 10:05:58,355.5,0
2021-06-07 10:05:59,355.55,0
2021-06-07 10:06:00,355.55,0
2021-06-07 10:06:01,355.5,0
2021-06-07 10:06:02,355.55,0
2021-06-07 10:06:03,355.55,0
2021-06-07 10:06:04,355.55,0
2021-06-07 10:06:06,355.55,0
2021-06-07 10:06:07,355.55,0
2021-06-07 10:06:08,355.6,0
2021-06-07 10:06:09,355.8,0
2021-06-07 10:06:13,355.75,0
2021-06-07 10:06:14,355.75,0
2021-06-07 10:06:15,355.75,0
2021-06-07 10:06:16,355.7,0
2021-06-07 10:06:17,355.65,0
2021-06-07 10:06:18,355.85,0
2021-06-07 10:06:19,355.9,0
2021-06-07 10:06:20,355.85,0
2021-06-07 10:06:22,355.75,0
2021-06-07 10:06:23,355.65,0
2021-06-07 10:06:24,355.7,0
2021-06-07 10:06:25,355.65,0
2021-06-07 10:06:26,355.7,0
2021-06-07 10:06:27,355.7,0
2021-06-07 10:06:28,355.65,0
2021-06-07 10:06:30,355.7,0
2021-06-07 10:06:31,355.7,0
2021-06-07 10:06:32,355.75,0
2021-06-07 10:06:33,355.75,0
2021-06-07 10:06:34,355.7,0
2021-06-07 10:06:35,355.75,0
2021-06-07 10:06:36,355.8,0
2021-06-07 10:06:37,355.8,0
2021-06-07 10:06:38,355.75,0
2021-06-07 10:06:40,355.75,0
2021-06-07 10:06:41,355.8,0
2021-06-07 10:06:42,355.75,0
2021-06-07 10:06:43,355.75,0
2021-06-07 10:06:44,355.75,0
2021-06-07 10:06:45,355.8,0
2021-06-07 10:06:46,355.8,0
2021-06-07 10:06:47,355.8,0
2021-06-07 10:06:48,355.85,0
2021-06-07 10:06:49,355.85,0
2021-06-07 10:06:50,355.85,0
2021-06-07 10:06:51,355.75,0
2021-06-07 10:06:52,355.7,0
2021-06-07 10:06:53,355.65,0
2021-06-07 10:06:54,355.7,0
2021-06-07 10:06:55,355.7,0
2021-06-07 10:06:56,355.75,0
2021-06-07 10:06:57,355.8,0
2021-06-07 10:06:58,355.8,0
2021-06-07 10:06:59,355.8,0
2021-06-07 10:07:00,355.75,0
2021-06-07 10:07:01,355.75,0
2021-06-07 10:07:02,355.8,0
2021-06-07 10:07:03,355.75,0
2021-06-07 10:07:04,355.75,0
2021-06-07 10:07:06,355.7,0
2021-06-07 10:07:07,355.7,0
2021-06-07 10:07:08,355.75,0
2021-06-07 10:07:09,355.75,0
2021-06-07 10:07:10,355.75,0
2021-06-07 10:07:11,355.8,0
2021-06-07 10:07:12,355.85,0
2021-06-07 10:07:13,355.75,0
2021-06-07 10:07:14,355.8,0
2021-06-07 10:07:16,355.85,0
2021-06-07 10:07:17,355.85,0
2021-06-07 10:07:18,355.95,0
2021-06-07 10:07:19,355.9,0
2021-06-07 10:07:20,355.9,0
2021-06-07 10:07:21,355.95,0
2021-06-07 10:07:22,355.95,0
2021-06-07 10:07:23,355.95,0
2021-06-07 10:07:24,356.0,0
2021-06-07 10:07:25,356.0,0
2021-06-07 10:07:26,356.0,0
2021-06-07 10:07:27,355.95,0
2021-06-07 10:07:28,355.85,0
2021-06-07 10:07:29,355.9,0
2021-06-07 10:07:30,356.0,0
2021-06-07 10:07:31,356.0,0
2021-06-07 10:07:32,356.0,0
2021-06-07 10:07:33,356.0,0
2021-06-07 10:07:34,356.05,0
2021-06-07 10:07:35,356.0,0
2021-06-07 10:07:36,356.05,0
2021-06-07 10:07:38,356.0,0
2021-06-07 10:07:39,356.0,0
2021-06-07 10:07:40,356.05,0
2021-06-07 10:07:41,356.05,0
2021-06-07 10:07:42,356.05,0
2021-06-07 10:07:43,356.05,0
2021-06-07 10:07:44,356.05,0
2021-06-07 10:07:45,356.0,0
2021-06-07 10:07:46,356.0,0
2021-06-07 10:07:47,356.0,0
2021-06-07 10:07:48,356.0,0
2021-06-07 10:07:49,356.05,0
2021-06-07 10:07:50,356.0,0
2021-06-07 10:07:51,355.9,0
2021-06-07 10:07:52,355.9,0
2021-06-07 10:07:53,356.05,0
2021-06-07 10:07:54,355.95,0
2021-06-07 10:07:55,356.0,0
2021-06-07 10:07:56,356.0,0
2021-06-07 10:07:58,355.95,0
2021-06-07 10:07:59,355.95,0
2021-06-07 10:08:00,355.95,0
2021-06-07 10:08:01,355.95,0
2021-06-07 10:08:03,355.9,0
2021-06-07 10:08:04,355.9,0
2021-06-07 10:08:05,355.95,0
2021-06-07 10:08:06,355.95,0
2021-06-07 10:08:07,355.95,0
2021-06-07 10:08:08,355.9,0
2021-06-07 10:08:09,355.95,0
2021-06-07 10:08:10,356.0,0
2021-06-07 10:08:11,356.0,0
2021-06-07 10:08:12,356.0,0
2021-06-07 10:08:13,356.05,0
2021-06-07 10:08:14,356.05,0
2021-06-07 10:08:15,356.05,0
2021-06-07 10:08:17,356.0,0
2021-06-07 10:08:18,355.95,0
2021-06-07 10:08:19,355.95,0
2021-06-07 10:08:21,355.95,0
2021-06-07 10:08:22,356.0,0
2021-06-07 10:08:23,356.05,0
2021-06-07 10:08:24,356.05,0
2021-06-07 10:08:25,356.05,0
2021-06-07 10:08:26,356.0,0
2021-06-07 10:08:27,356.0,0
2021-06-07 10:08:29,356.1,0
2021-06-07 10:08:30,356.2,0
2021-06-07 10:08:31,356.05,0
2021-06-07 10:08:33,356.05,0
2021-06-07 10:08:36,356.1,0
2021-06-07 10:08:37,356.1,0
2021-06-07 10:08:38,356.15,0
2021-06-07 10:08:39,356.2,0
2021-06-07 10:08:40,356.2,0
2021-06-07 10:08:41,356.2,0
2021-06-07 10:08:42,356.15,0
2021-06-07 10:08:43,356.15,0
2021-06-07 10:08:45,356.1,0
2021-06-07 10:08:46,356.2,0
2021-06-07 10:08:47,356.2,0
2021-06-07 10:08:48,356.2,0
2021-06-07 10:08:49,356.15,0
2021-06-07 10:08:50,356.15,0
2021-06-07 10:08:51,356.15,0
2021-06-07 10:08:52,356.15,0
2021-06-07 10:08:53,356.15,0
2021-06-07 10:08:54,356.2,0
2021-06-07 10:08:55,356.15,0
2021-06-07 10:08:56,356.15,0
2021-06-07 10:08:57,356.15,0
2021-06-07 10:08:58,356.2,0
2021-06-07 10:08:59,356.15,0
2021-06-07 10:09:00,356.25,0
2021-06-07 10:09:01,356.2,0
2021-06-07 10:09:02,356.1,0
2021-06-07 10:09:03,356.15,0
2021-06-07 10:09:04,356.25,0
2021-06-07 10:09:05,356.2,0
2021-06-07 10:09:06,356.2,0
2021-06-07 10:09:07,356.15,0
2021-06-07 10:09:08,356.1,0
2021-06-07 10:09:09,356.1,0
2021-06-07 10:09:10,356.1,0
2021-06-07 10:09:11,356.1,0
2021-06-07 10:09:12,356.1,0
2021-06-07 10:09:13,356.15,0
2021-06-07 10:09:14,356.1,0
2021-06-07 10:09:15,356.15,0
2021-06-07 10:09:16,356.15,0
2021-06-07 10:09:17,356.15,0
2021-06-07 10:09:18,356.15,0
2021-06-07 10:09:19,356.15,0
2021-06-07 10:09:20,356.15,0
2021-06-07 10:09:21,356.2,0
2021-06-07 10:09:22,356.15,0
2021-06-07 10:09:23,356.15,0
2021-06-07 10:09:24,356.2,0
2021-06-07 10:09:25,356.2,0
2021-06-07 10:09:26,356.2,0
2021-06-07 10:09:27,356.2,0
2021-06-07 10:09:28,356.15,0
2021-06-07 10:09:29,356.2,0
2021-06-07 10:09:30,356.2,0
2021-06-07 10:09:31,356.25,0
2021-06-07 10:09:33,356.3,0
2021-06-07 10:09:34,356.25,0
2021-06-07 10:09:35,356.3,0
2021-06-07 10:09:36,356.2,0
2021-06-07 10:09:37,356.25,0
2021-06-07 10:09:38,356.3,0
2021-06-07 10:09:40,356.35,0
2021-06-07 10:09:41,356.3,0
2021-06-07 10:09:42,356.25,0
2021-06-07 10:09:43,356.25,0
2021-06-07 10:09:44,356.2,0
2021-06-07 10:09:45,356.3,0
2021-06-07 10:09:47,356.25,0
2021-06-07 10:09:48,356.3,0
2021-06-07 10:09:49,356.35,0
2021-06-07 10:09:50,356.25,0
2021-06-07 10:09:51,356.3,0
2021-06-07 10:09:52,356.25,0
2021-06-07 10:09:53,356.3,0
2021-06-07 10:09:54,356.3,0
2021-06-07 10:09:55,356.2,0
2021-06-07 10:09:56,356.2,0
2021-06-07 10:09:57,356.25,0
2021-06-07 10:09:58,356.3,0
2021-06-07 10:10:00,356.3,0
2021-06-07 10:10:01,356.25,0
2021-06-07 10:10:02,356.25,0
2021-06-07 10:10:03,356.25,0
2021-06-07 10:10:04,356.25,0
2021-06-07 10:10:05,356.3,0
2021-06-07 10:10:06,356.3,0
2021-06-07 10:10:07,356.25,0
2021-06-07 10:10:08,356.25,0
2021-06-07 10:10:09,356.3,0
2021-06-07 10:10:10,356.25,0
2021-06-07 10:10:11,356.25,0
2021-06-07 10:10:12,356.2,0
2021-06-07 10:10:13,356.25,0
2021-06-07 10:10:14,356.25,0
2021-06-07 10:10:15,356.2,0
2021-06-07 10:10:16,356.25,0
2021-06-07 10:10:17,356.25,0
2021-06-07 10:10:18,356.15,0
2021-06-07 10:10:19,356.1,0
2021-06-07 10:10:20,356.15,0
2021-06-07 10:10:21,356.25,0
2021-06-07 10:10:22,356.25,0
2021-06-07 10:10:23,356.25,0
2021-06-07 10:10:24,356.2,0
2021-06-07 10:10:25,356.15,0
2021-06-07 10:10:26,356.15,0
2021-06-07 10:10:27,356.2,0
2021-06-07 10:10:28,356.2,0
2021-06-07 10:10:29,356.2,0
2021-06-07 10:10:30,356.2,0
2021-06-07 10:10:31,356.2,0
2021-06-07 10:10:32,356.2,0
2021-06-07 10:10:34,356.2,0
2021-06-07 10:10:35,356.25,0
2021-06-07 10:10:36,356.25,0
2021-06-07 10:10:37,356.2,0
2021-06-07 10:10:38,356.2,0
2021-06-07 10:10:42,356.05,0
2021-06-07 10:10:43,356.0,0
2021-06-07 10:10:44,356.05,0
2021-06-07 10:10:46,356.1,0
2021-06-07 10:10:47,356.1,0
2021-06-07 10:10:49,356.1,0
2021-06-07 10:10:50,356.05,0
2021-06-07 10:10:51,356.05,0
2021-06-07 10:10:52,356.05,0
2021-06-07 10:10:55,356.15,0
2021-06-07 10:10:56,356.05,0
2021-06-07 10:10:57,356.1,0
2021-06-07 10:10:58,356.1,0
2021-06-07 10:10:59,356.1,0
2021-06-07 10:11:00,356.1,0
2021-06-07 10:11:01,356.1,0
2021-06-07 10:11:02,356.1,0
2021-06-07 10:11:03,356.1,0
2021-06-07 10:11:04,356.05,0
2021-06-07 10:11:05,356.1,0
2021-06-07 10:11:06,356.1,0
2021-06-07 10:11:07,356.05,0
2021-06-07 10:11:08,356.05,0
2021-06-07 10:11:09,356.05,0
2021-06-07 10:11:10,356.1,0
2021-06-07 10:11:11,356.1,0
2021-06-07 10:11:12,356.15,0
2021-06-07 10:11:13,356.1,0
2021-06-07 10:11:14,356.15,0
2021-06-07 10:11:16,356.2,0
2021-06-07 10:11:18,356.15,0
2021-06-07 10:11:19,356.15,0
2021-06-07 10:11:20,356.15,0
2021-06-07 10:11:21,356.15,0
2021-06-07 10:11:22,356.15,0
2021-06-07 10:11:23,356.1,0
2021-06-07 10:11:24,356.1,0
2021-06-07 10:11:25,356.1,0
2021-06-07 10:11:26,356.15,0
2021-06-07 10:11:27,356.15,0
2021-06-07 10:11:29,356.15,0
2021-06-07 10:11:30,356.15,0
2021-06-07 10:11:32,356.1,0
2021-06-07 10:11:33,356.05,0
2021-06-07 10:11:34,356.0,0
2021-06-07 10:11:35,356.1,0
2021-06-07 10:11:36,356.1,0
2021-06-07 10:11:38,356.1,0
2021-06-07 10:11:39,356.1,0
2021-06-07 10:11:40,356.05,0
2021-06-07 10:11:41,356.1,0
2021-06-07 10:11:42,356.1,0
2021-06-07 10:11:43,356.1,0
2021-06-07 10:11:44,356.05,0
2021-06-07 10:11:45,356.1,0
2021-06-07 10:11:46,356.15,0
2021-06-07 10:11:47,356.15,0
2021-06-07 10:11:49,356.2,0
2021-06-07 10:11:50,356.2,0
2021-06-07 10:11:51,356.25,0
2021-06-07 10:11:52,356.25,0
2021-06-07 10:11:53,356.25,0
2021-06-07 10:11:54,356.3,0
2021-06-07 10:11:55,356.2,0
2021-06-07 10:11:56,356.25,0
2021-06-07 10:11:57,356.2,0
2021-06-07 10:11:58,356.25,0
2021-06-07 10:11:59,356.3,0
2021-06-07 10:12:00,356.25,0
2021-06-07 10:12:01,356.25,0
2021-06-07 10:12:02,356.25,0
2021-06-07 10:12:03,356.25,0
2021-06-07 10:12:04,356.25,0
2021-06-07 10:12:05,356.25,0
2021-06-07 10:12:06,356.25,0
2021-06-07 10:12:07,356.25,0
2021-06-07 10:12:08,356.25,0
2021-06-07 10:12:09,356.3,0
2021-06-07 10:12:10,356.3,0
2021-06-07 10:12:11,356.35,0
2021-06-07 10:12:15,356.35,0
2021-06-07 10:12:16,356.35,0
2021-06-07 10:12:17,356.35,0
2021-06-07 10:12:18,356.3,0
2021-06-07 10:12:20,356.3,0
2021-06-07 10:12:21,356.3,0
2021-06-07 10:12:22,356.3,0
2021-06-07 10:12:23,356.3,0
2021-06-07 10:12:25,356.35,0
2021-06-07 10:12:26,356.35,0
2021-06-07 10:12:27,356.35,0
2021-06-07 10:12:28,356.35,0
2021-06-07 10:12:29,356.35,0
2021-06-07 10:12:30,356.4,0
2021-06-07 10:12:31,356.4,0
2021-06-07 10:12:32,356.4,0
2021-06-07 10:12:33,356.4,0
2021-06-07 10:12:34,356.4,0
2021-06-07 10:12:35,356.4,0
2021-06-07 10:12:36,356.45,0
2021-06-07 10:12:37,356.4,0
2021-06-07 10:12:38,356.5,0
2021-06-07 10:12:39,356.45,0
2021-06-07 10:12:42,356.4,0
2021-06-07 10:12:43,356.4,0
2021-06-07 10:12:44,356.45,0
2021-06-07 10:12:45,356.45,0
2021-06-07 10:12:46,356.45,0
2021-06-07 10:12:47,356.5,0
2021-06-07 10:12:48,356.5,0
2021-06-07 10:12:49,356.45,0
2021-06-07 10:12:50,356.55,0
2021-06-07 10:12:51,356.55,0
2021-06-07 10:12:52,356.55,0
2021-06-07 10:12:53,356.55,0
2021-06-07 10:12:54,356.45,0
2021-06-07 10:12:55,356.5,0
2021-06-07 10:12:56,356.5,0
2021-06-07 10:12:57,356.55,0
2021-06-07 10:12:58,356.55,0
2021-06-07 10:13:00,356.6,0
2021-06-07 10:13:02,356.65,0
2021-06-07 10:13:03,356.65,0
2021-06-07 10:13:04,356.7,0
2021-06-07 10:13:05,356.7,0
2021-06-07 10:13:06,356.65,0
2021-06-07 10:13:07,356.6,0
2021-06-07 10:13:08,356.65,0
2021-06-07 10:13:09,356.7,0
2021-06-07 10:13:10,356.75,0
2021-06-07 10:13:11,356.7,0
2021-06-07 10:13:12,356.7,0
2021-06-07 10:13:13,356.7,0
2021-06-07 10:13:15,356.7,0
2021-06-07 10:13:16,356.65,0
2021-06-07 10:13:20,356.7,0
2021-06-07 10:13:21,356.65,0
2021-06-07 10:13:22,356.7,0
2021-06-07 10:13:23,356.7,0
2021-06-07 10:13:24,356.65,0
2021-06-07 10:13:25,356.7,0
2021-06-07 10:13:26,356.7,0
2021-06-07 10:13:27,356.7,0
2021-06-07 10:13:28,356.65,0
2021-06-07 10:13:29,356.65,0
2021-06-07 10:13:30,356.7,0
2021-06-07 10:13:31,356.75,0
2021-06-07 10:13:32,356.7,0
2021-06-07 10:13:33,356.75,0
2021-06-07 10:13:34,356.7,0
2021-06-07 10:13:35,356.8,0
2021-06-07 10:13:36,356.7,0
2021-06-07 10:13:37,356.75,0
2021-06-07 10:13:38,356.85,0
2021-06-07 10:13:39,356.75,0
2021-06-07 10:13:41,356.8,0
2021-06-07 10:13:42,356.8,0
2021-06-07 10:13:43,356.8,0
2021-06-07 10:13:44,356.8,0
2021-06-07 10:13:45,356.8,0
2021-06-07 10:13:46,356.8,0
2021-06-07 10:13:47,356.75,0
2021-06-07 10:13:49,356.8,0
2021-06-07 10:13:51,356.8,0
2021-06-07 10:13:52,356.75,0
2021-06-07 10:13:53,356.75,0
2021-06-07 10:13:54,356.8,0
2021-06-07 10:13:55,356.75,0
2021-06-07 10:13:56,356.75,0
2021-06-07 10:13:57,356.9,0
2021-06-07 10:13:58,356.9,0
2021-06-07 10:13:59,356.9,0
2021-06-07 10:14:00,356.95,0
2021-06-07 10:14:01,356.9,0
2021-06-07 10:14:02,356.9,0
2021-06-07 10:14:03,356.9,0
2021-06-07 10:14:05,356.9,0
2021-06-07 10:14:06,356.9,0
2021-06-07 10:14:07,356.9,0
2021-06-07 10:14:08,356.85,0
2021-06-07 10:14:09,356.9,0
2021-06-07 10:14:10,356.9,0
2021-06-07 10:14:11,356.85,0
2021-06-07 10:14:12,356.85,0
2021-06-07 10:14:13,356.8,0
2021-06-07 10:14:14,356.85,0
2021-06-07 10:14:15,356.8,0
2021-06-07 10:14:16,356.8,0
2021-06-07 10:14:17,356.8,0
2021-06-07 10:14:18,356.85,0
2021-06-07 10:14:19,356.8,0
2021-06-07 10:14:20,356.85,0
2021-06-07 10:14:21,356.85,0
2021-06-07 10:14:22,356.85,0
2021-06-07 10:14:23,356.85,0
2021-06-07 10:14:24,356.85,0
2021-06-07 10:14:25,356.85,0
2021-06-07 10:14:26,356.8,0
2021-06-07 10:14:27,356.8,0
2021-06-07 10:14:29,356.85,0
2021-06-07 10:14:31,356.8,0
2021-06-07 10:14:32,356.85,0
2021-06-07 10:14:33,356.85,0
2021-06-07 10:14:34,356.85,0
2021-06-07 10:14:36,356.85,0
2021-06-07 10:14:37,356.8,0
2021-06-07 10:14:38,356.85,0
2021-06-07 10:14:40,356.85,0
2021-06-07 10:14:43,356.8,0
2021-06-07 10:14:44,356.75,0
2021-06-07 10:14:45,356.75,0
2021-06-07 10:14:46,356.8,0
2021-06-07 10:14:47,356.8,0
2021-06-07 10:14:48,356.8,0
2021-06-07 10:14:50,356.75,0
2021-06-07 10:14:53,356.8,0
2021-06-07 10:14:55,356.8,0
2021-06-07 10:14:56,356.8,0
2021-06-07 10:14:57,356.8,0
2021-06-07 10:14:59,356.75,0
2021-06-07 10:15:01,356.75,0
2021-06-07 10:15:02,356.7,0
2021-06-07 10:15:03,356.75,0
2021-06-07 10:15:04,356.7,0
2021-06-07 10:15:05,356.7,0
2021-06-07 10:15:06,356.8,0
2021-06-07 10:15:07,356.7,0
2021-06-07 10:15:08,356.75,0
2021-06-07 10:15:09,356.75,0
2021-06-07 10:15:10,356.7,0
2021-06-07 10:15:11,356.65,0
2021-06-07 10:15:12,356.75,0
2021-06-07 10:15:13,356.75,0
2021-06-07 10:15:14,356.75,0
2021-06-07 10:15:15,356.7,0
2021-06-07 10:15:16,356.8,0
2021-06-07 10:15:17,356.75,0
2021-06-07 10:15:18,356.8,0
2021-06-07 10:15:19,356.75,0
2021-06-07 10:15:20,356.8,0
2021-06-07 10:15:21,356.85,0
2021-06-07 10:15:22,356.8,0
2021-06-07 10:15:24,356.85,0
2021-06-07 10:15:25,356.8,0
2021-06-07 10:15:26,356.8,0
2021-06-07 10:15:27,356.85,0
2021-06-07 10:15:28,356.85,0
2021-06-07 10:15:30,356.8,0
2021-06-07 10:15:32,356.8,0
2021-06-07 10:15:33,356.8,0
2021-06-07 10:15:34,356.8,0
2021-06-07 10:15:35,356.8,0
2021-06-07 10:15:36,356.9,0
2021-06-07 10:15:37,356.85,0
2021-06-07 10:15:41,357.0,0
2021-06-07 10:15:43,357.0,0
2021-06-07 10:15:44,356.95,0
2021-06-07 10:15:45,357.0,0
2021-06-07 10:15:46,356.95,0
2021-06-07 10:15:47,357.0,0
2021-06-07 10:15:48,357.0,0
2021-06-07 10:15:49,356.95,0
2021-06-07 10:15:50,357.05,0
2021-06-07 10:15:51,357.05,0
2021-06-07 10:15:52,357.0,0
2021-06-07 10:15:53,357.05,0
2021-06-07 10:15:55,357.15,0
2021-06-07 10:15:56,357.1,0
2021-06-07 10:15:57,357.15,0
2021-06-07 10:15:59,357.1,0
2021-06-07 10:16:00,357.15,0
2021-06-07 10:16:01,357.2,0
2021-06-07 10:16:02,357.15,0
2021-06-07 10:16:03,357.2,0
2021-06-07 10:16:04,357.15,0
2021-06-07 10:16:05,357.15,0
2021-06-07 10:16:06,357.2,0
2021-06-07 10:16:07,357.2,0
2021-06-07 10:16:08,357.2,0
2021-06-07 10:16:09,357.25,0
2021-06-07 10:16:10,357.25,0
2021-06-07 10:16:11,357.15,0
2021-06-07 10:16:12,357.15,0
2021-06-07 10:16:13,357.1,0
2021-06-07 10:16:14,357.15,0
2021-06-07 10:16:16,357.1,0
2021-06-07 10:16:17,357.2,0
2021-06-07 10:16:18,357.15,0
2021-06-07 10:16:19,357.1,0
2021-06-07 10:16:20,357.05,0
2021-06-07 10:16:21,357.05,0
2021-06-07 10:16:22,357.05,0
2021-06-07 10:16:23,357.0,0
2021-06-07 10:16:24,357.05,0
2021-06-07 10:16:26,357.05,0
2021-06-07 10:16:27,357.0,0
2021-06-07 10:16:28,357.05,0
2021-06-07 10:16:29,357.05,0
2021-06-07 10:16:30,357.0,0
2021-06-07 10:16:31,357.05,0
2021-06-07 10:16:32,357.05,0
2021-06-07 10:16:33,357.05,0
2021-06-07 10:16:34,357.1,0
2021-06-07 10:16:35,357.15,0
2021-06-07 10:16:36,357.05,0
2021-06-07 10:16:37,357.15,0
2021-06-07 10:16:38,357.1,0
2021-06-07 10:16:39,357.1,0
2021-06-07 10:16:40,357.15,0
2021-06-07 10:16:41,357.2,0
2021-06-07 10:16:42,357.25,0
2021-06-07 10:16:43,357.2,0
2021-06-07 10:16:44,357.25,0
2021-06-07 10:16:45,357.1,0
2021-06-07 10:16:46,357.2,0
2021-06-07 10:16:47,357.15,0
2021-06-07 10:16:48,357.2,0
2021-06-07 10:16:49,357.2,0
2021-06-07 10:16:50,357.2,0
2021-06-07 10:16:51,357.2,0
2021-06-07 10:16:52,357.25,0
2021-06-07 10:16:54,357.2,0
2021-06-07 10:16:55,357.2,0
2021-06-07 10:16:56,357.25,0
2021-06-07 10:16:57,357.25,0
2021-06-07 10:16:58,357.2,0
2021-06-07 10:16:59,357.2,0
2021-06-07 10:17:00,357.25,0
2021-06-07 10:17:01,357.3,0
2021-06-07 10:17:02,357.25,0
2021-06-07 10:17:03,357.25,0
2021-06-07 10:17:04,357.3,0
2021-06-07 10:17:05,357.3,0
2021-06-07 10:17:06,357.3,0
2021-06-07 10:17:07,357.35,0
2021-06-07 10:17:08,357.3,0
2021-06-07 10:17:09,357.35,0
2021-06-07 10:17:10,357.4,0
2021-06-07 10:17:11,357.35,0
2021-06-07 10:17:12,357.3,0
2021-06-07 10:17:13,357.35,0
2021-06-07 10:17:14,357.35,0
2021-06-07 10:17:15,357.35,0
2021-06-07 10:17:16,357.35,0
2021-06-07 10:17:17,357.35,0
2021-06-07 10:17:18,357.4,0
2021-06-07 10:17:19,357.35,0
2021-06-07 10:17:20,357.35,0
2021-06-07 10:17:21,357.3,0
2021-06-07 10:17:22,357.3,0
2021-06-07 10:17:23,357.3,0
2021-06-07 10:17:25,357.3,0
2021-06-07 10:17:26,357.3,0
2021-06-07 10:17:27,357.25,0
2021-06-07 10:17:28,357.3,0
2021-06-07 10:17:30,357.35,0
2021-06-07 10:17:32,357.35,0
2021-06-07 10:17:33,357.35,0
2021-06-07 10:17:34,357.35,0
2021-06-07 10:17:35,357.35,0
2021-06-07 10:17:37,357.35,0
2021-06-07 10:17:38,357.4,0
2021-06-07 10:17:39,357.35,0
2021-06-07 10:17:40,357.4,0
2021-06-07 10:17:41,357.4,0
2021-06-07 10:17:42,357.4,0
2021-06-07 10:17:43,357.35,0
2021-06-07 10:17:44,357.4,0
2021-06-07 10:17:45,357.4,0
2021-06-07 10:17:46,357.45,0
2021-06-07 10:17:47,357.45,0
2021-06-07 10:17:48,357.45,0
2021-06-07 10:17:49,357.45,0
2021-06-07 10:17:50,357.5,0
2021-06-07 10:17:51,357.45,0
2021-06-07 10:17:52,357.5,0
2021-06-07 10:17:53,357.55,0
2021-06-07 10:17:54,357.55,0
2021-06-07 10:17:56,357.45,0
2021-06-07 10:17:57,357.45,0
2021-06-07 10:17:58,357.45,0
2021-06-07 10:17:59,357.5,0
2021-06-07 10:18:00,357.5,0
2021-06-07 10:18:01,357.45,0
2021-06-07 10:18:02,357.45,0
2021-06-07 10:18:03,357.5,0
2021-06-07 10:18:04,357.45,0
2021-06-07 10:18:05,357.45,0
2021-06-07 10:18:08,357.45,0
2021-06-07 10:18:09,357.5,0
2021-06-07 10:18:10,357.45,0
2021-06-07 10:18:11,357.4,0
2021-06-07 10:18:12,357.35,0
2021-06-07 10:18:13,357.4,0
2021-06-07 10:18:15,357.3,0
2021-06-07 10:18:16,357.3,0
2021-06-07 10:18:17,357.3,0
2021-06-07 10:18:18,357.3,0
2021-06-07 10:18:19,357.2,0
2021-06-07 10:18:20,357.15,0
2021-06-07 10:18:21,357.15,0
2021-06-07 10:18:22,357.15,0
2021-06-07 10:18:23,357.2,0
2021-06-07 10:18:24,357.2,0
2021-06-07 10:18:25,357.25,0
2021-06-07 10:18:26,357.25,0
2021-06-07 10:18:27,357.2,0
2021-06-07 10:18:28,357.25,0
2021-06-07 10:18:30,357.05,0
2021-06-07 10:18:31,357.05,0
2021-06-07 10:18:32,357.1,0
2021-06-07 10:18:34,357.0,0
2021-06-07 10:18:35,357.1,0
2021-06-07 10:18:37,357.05,0
2021-06-07 10:18:38,357.1,0
2021-06-07 10:18:39,357.1,0
2021-06-07 10:18:40,357.05,0
2021-06-07 10:18:41,357.05,0
2021-06-07 10:18:42,357.1,0
2021-06-07 10:18:43,357.1,0
2021-06-07 10:18:44,357.1,0
2021-06-07 10:18:45,357.05,0
2021-06-07 10:18:46,357.05,0
2021-06-07 10:18:47,357.1,0
2021-06-07 10:18:48,357.1,0
2021-06-07 10:18:49,357.1,0
2021-06-07 10:18:50,357.1,0
2021-06-07 10:18:51,357.1,0
2021-06-07 10:18:52,357.05,0
2021-06-07 10:18:53,357.05,0
2021-06-07 10:18:54,357.15,0
2021-06-07 10:18:55,357.1,0
2021-06-07 10:18:56,357.2,0
2021-06-07 10:18:57,357.25,0
2021-06-07 10:18:58,357.2,0
2021-06-07 10:18:59,357.25,0
2021-06-07 10:19:00,357.2,0
2021-06-07 10:19:01,357.25,0
2021-06-07 10:19:02,357.2,0
2021-06-07 10:19:03,357.2,0
2021-06-07 10:19:05,357.15,0
2021-06-07 10:19:06,357.15,0
2021-06-07 10:19:07,357.15,0
2021-06-07 10:19:08,357.1,0
2021-06-07 10:19:09,357.1,0
2021-06-07 10:19:11,357.15,0
2021-06-07 10:19:12,357.1,0
2021-06-07 10:19:13,357.1,0
2021-06-07 10:19:14,357.15,0
2021-06-07 10:19:15,357.15,0
2021-06-07 10:19:16,357.15,0
2021-06-07 10:19:17,357.25,0
2021-06-07 10:19:18,357.25,0
2021-06-07 10:19:19,357.25,0
2021-06-07 10:19:21,357.25,0
2021-06-07 10:19:22,357.25,0
2021-06-07 10:19:23,357.3,0
2021-06-07 10:19:24,357.3,0
2021-06-07 10:19:25,357.3,0
2021-06-07 10:19:27,357.35,0
2021-06-07 10:19:28,357.35,0
2021-06-07 10:19:29,357.4,0
2021-06-07 10:19:30,357.4,0
2021-06-07 10:19:31,357.4,0
2021-06-07 10:19:32,357.5,0
2021-06-07 10:19:34,357.55,0
2021-06-07 10:19:35,357.55,0
2021-06-07 10:19:36,357.6,0
2021-06-07 10:19:37,357.55,0
2021-06-07 10:19:38,357.55,0
2021-06-07 10:19:39,357.55,0
2021-06-07 10:19:40,357.55,0
2021-06-07 10:19:41,357.6,0
2021-06-07 10:19:42,357.6,0
2021-06-07 10:19:43,357.65,0
2021-06-07 10:19:44,357.6,0
2021-06-07 10:19:45,357.65,0
2021-06-07 10:19:46,357.6,0
2021-06-07 10:19:47,357.6,0
2021-06-07 10:19:49,357.55,0
2021-06-07 10:19:50,357.6,0
2021-06-07 10:19:51,357.6,0
2021-06-07 10:19:52,357.6,0
2021-06-07 10:19:53,357.55,0
2021-06-07 10:19:54,357.5,0
2021-06-07 10:19:55,357.55,0
2021-06-07 10:19:56,357.55,0
2021-06-07 10:19:57,357.55,0
2021-06-07 10:19:58,357.55,0
2021-06-07 10:19:59,357.55,0
2021-06-07 10:20:00,357.55,0
2021-06-07 10:20:01,357.55,0
2021-06-07 10:20:02,357.5,0
2021-06-07 10:20:04,357.6,0
2021-06-07 10:20:06,357.6,0
2021-06-07 10:20:09,357.55,0
2021-06-07 10:20:10,357.6,0
2021-06-07 10:20:12,357.6,0
2021-06-07 10:20:13,357.65,0
2021-06-07 10:20:14,357.65,0
2021-06-07 10:20:15,357.6,0
2021-06-07 10:20:16,357.6,0
2021-06-07 10:20:17,357.7,0
2021-06-07 10:20:19,357.65,0
2021-06-07 10:20:20,357.65,0
2021-06-07 10:20:21,357.6,0
2021-06-07 10:20:22,357.65,0
2021-06-07 10:20:23,357.65,0
2021-06-07 10:20:24,357.65,0
2021-06-07 10:20:25,357.6,0
2021-06-07 10:20:26,357.6,0
2021-06-07 10:20:27,357.6,0
2021-06-07 10:20:28,357.6,0
2021-06-07 10:20:29,357.6,0
2021-06-07 10:20:30,357.55,0
2021-06-07 10:20:32,357.55,0
2021-06-07 10:20:33,357.55,0
2021-06-07 10:20:34,357.6,0
2021-06-07 10:20:35,357.55,0
2021-06-07 10:20:36,357.55,0
2021-06-07 10:20:37,357.65,0
2021-06-07 10:20:38,357.65,0
2021-06-07 10:20:39,357.55,0
2021-06-07 10:20:41,357.6,0
2021-06-07 10:20:42,357.55,0
2021-06-07 10:20:43,357.55,0
2021-06-07 10:20:44,357.5,0
2021-06-07 10:20:46,357.55,0
2021-06-07 10:20:47,357.55,0
2021-06-07 10:20:48,357.55,0
2021-06-07 10:20:49,357.5,0
2021-06-07 10:20:50,357.55,0
2021-06-07 10:20:51,357.55,0
2021-06-07 10:20:52,357.55,0
2021-06-07 10:20:53,357.5,0
2021-06-07 10:20:54,357.55,0
2021-06-07 10:20:55,357.45,0
2021-06-07 10:20:56,357.55,0
2021-06-07 10:20:57,357.45,0
2021-06-07 10:20:58,357.55,0
2021-06-07 10:20:59,357.55,0
2021-06-07 10:21:00,357.5,0
2021-06-07 10:21:01,357.45,0
2021-06-07 10:21:02,357.5,0
2021-06-07 10:21:06,357.55,0
2021-06-07 10:21:05,357.55,0
2021-06-07 10:21:07,357.5,0
2021-06-07 10:21:08,357.5,0
2021-06-07 10:21:09,357.5,0
2021-06-07 10:21:10,357.5,0
2021-06-07 10:21:11,357.45,0
2021-06-07 10:21:12,357.4,0
2021-06-07 10:21:13,357.4,0
2021-06-07 10:21:14,357.4,0
2021-06-07 10:21:15,357.4,0
2021-06-07 10:21:16,357.4,0
2021-06-07 10:21:17,357.4,0
2021-06-07 10:21:18,357.35,0
2021-06-07 10:21:19,357.4,0
2021-06-07 10:21:20,357.35,0
2021-06-07 10:21:21,357.35,0
2021-06-07 10:21:22,357.35,0
2021-06-07 10:21:23,357.35,0
2021-06-07 10:21:24,357.35,0
2021-06-07 10:21:25,357.35,0
2021-06-07 10:21:26,357.35,0
2021-06-07 10:21:27,357.35,0
2021-06-07 10:21:28,357.3,0
2021-06-07 10:21:29,357.3,0
2021-06-07 10:21:30,357.35,0
2021-06-07 10:21:31,357.3,0
2021-06-07 10:21:32,357.3,0
2021-06-07 10:21:33,357.3,0
2021-06-07 10:21:34,357.25,0
2021-06-07 10:21:35,357.25,0
2021-06-07 10:21:36,357.25,0
2021-06-07 10:21:37,357.25,0
2021-06-07 10:21:38,357.3,0
2021-06-07 10:21:39,357.3,0
2021-06-07 10:21:40,357.2,0
2021-06-07 10:21:41,357.2,0
2021-06-07 10:21:42,357.15,0
2021-06-07 10:21:43,357.15,0
2021-06-07 10:21:44,357.15,0
2021-06-07 10:21:45,357.2,0
2021-06-07 10:21:46,357.15,0
2021-06-07 10:21:47,357.1,0
2021-06-07 10:21:49,357.2,0
2021-06-07 10:21:50,357.15,0
2021-06-07 10:21:51,357.15,0
2021-06-07 10:21:52,357.1,0
2021-06-07 10:21:53,357.15,0
2021-06-07 10:21:54,357.15,0
2021-06-07 10:21:55,357.2,0
2021-06-07 10:21:56,357.2,0
2021-06-07 10:21:58,357.1,0
2021-06-07 10:21:59,357.1,0
2021-06-07 10:22:00,357.1,0
2021-06-07 10:22:01,357.2,0
2021-06-07 10:22:02,357.15,0
2021-06-07 10:22:03,357.15,0
2021-06-07 10:22:04,357.15,0
2021-06-07 10:22:05,357.05,0
2021-06-07 10:22:06,357.15,0
2021-06-07 10:22:07,357.15,0
2021-06-07 10:22:08,357.15,0
2021-06-07 10:22:09,357.15,0
2021-06-07 10:22:10,357.05,0
2021-06-07 10:22:11,357.05,0
2021-06-07 10:22:12,357.1,0
2021-06-07 10:22:13,357.05,0
2021-06-07 10:22:15,357.05,0
2021-06-07 10:22:16,357.1,0
2021-06-07 10:22:17,357.05,0
2021-06-07 10:22:18,357.05,0
2021-06-07 10:22:19,357.05,0
2021-06-07 10:22:20,357.0,0
2021-06-07 10:22:22,357.15,0
2021-06-07 10:22:23,357.05,0
2021-06-07 10:22:24,357.1,0
2021-06-07 10:22:25,357.05,0
2021-06-07 10:22:26,357.05,0
2021-06-07 10:22:27,357.1,0
2021-06-07 10:22:28,357.1,0
2021-06-07 10:22:29,357.1,0
2021-06-07 10:22:30,357.1,0
2021-06-07 10:22:31,357.1,0
2021-06-07 10:22:32,357.1,0
2021-06-07 10:22:33,357.1,0
2021-06-07 10:22:34,357.15,0
2021-06-07 10:22:36,357.1,0
2021-06-07 10:22:37,357.1,0
2021-06-07 10:22:38,357.15,0
2021-06-07 10:22:39,357.1,0
2021-06-07 10:22:40,357.05,0
2021-06-07 10:22:41,357.05,0
2021-06-07 10:22:42,357.05,0
2021-06-07 10:22:43,357.1,0
2021-06-07 10:22:44,357.05,0
2021-06-07 10:22:45,357.05,0
2021-06-07 10:22:46,357.0,0
2021-06-07 10:22:48,357.0,0
2021-06-07 10:22:49,357.0,0
2021-06-07 10:22:50,357.05,0
2021-06-07 10:22:51,357.05,0
2021-06-07 10:22:52,357.05,0
2021-06-07 10:22:53,357.1,0
2021-06-07 10:22:54,357.1,0
2021-06-07 10:22:57,357.05,0
2021-06-07 10:22:59,356.95,0
2021-06-07 10:23:00,356.9,0
2021-06-07 10:23:01,356.9,0
2021-06-07 10:23:02,356.9,0
2021-06-07 10:23:04,357.05,0
2021-06-07 10:23:05,356.9,0
2021-06-07 10:23:06,356.95,0
2021-06-07 10:23:07,357.0,0
2021-06-07 10:23:08,357.0,0
2021-06-07 10:23:09,357.0,0
2021-06-07 10:23:10,357.05,0
2021-06-07 10:23:11,357.05,0
2021-06-07 10:23:12,357.0,0
2021-06-07 10:23:13,357.0,0
2021-06-07 10:23:14,357.0,0
2021-06-07 10:23:15,357.0,0
2021-06-07 10:23:16,357.0,0
2021-06-07 10:23:17,357.0,0
2021-06-07 10:23:18,357.0,0
2021-06-07 10:23:19,357.0,0
2021-06-07 10:23:20,357.0,0
2021-06-07 10:23:21,357.05,0
2021-06-07 10:23:22,357.1,0
2021-06-07 10:23:23,357.15,0
2021-06-07 10:23:24,357.2,0
2021-06-07 10:23:25,357.15,0
2021-06-07 10:23:26,357.15,0
2021-06-07 10:23:28,357.15,0
2021-06-07 10:23:29,357.15,0
2021-06-07 10:23:31,357.1,0
2021-06-07 10:23:32,357.15,0
2021-06-07 10:23:33,357.25,0
2021-06-07 10:23:34,357.2,0
2021-06-07 10:23:35,357.2,0
2021-06-07 10:23:36,357.2,0
2021-06-07 10:23:37,357.25,0
2021-06-07 10:23:38,357.2,0
2021-06-07 10:23:39,357.1,0
2021-06-07 10:23:40,357.1,0
2021-06-07 10:23:41,357.2,0
2021-06-07 10:23:42,357.15,0
2021-06-07 10:23:43,357.15,0
2021-06-07 10:23:44,357.25,0
2021-06-07 10:23:45,357.3,0
2021-06-07 10:23:46,357.25,0
2021-06-07 10:23:47,357.2,0
2021-06-07 10:23:48,357.15,0
2021-06-07 10:23:49,357.2,0
2021-06-07 10:23:50,357.15,0
2021-06-07 10:23:51,357.2,0
2021-06-07 10:23:52,357.15,0
2021-06-07 10:23:55,357.1,0
2021-06-07 10:23:56,357.15,0
2021-06-07 10:23:58,357.1,0
2021-06-07 10:23:59,357.15,0
2021-06-07 10:24:01,357.15,0
2021-06-07 10:24:02,357.05,0
2021-06-07 10:24:03,357.15,0
2021-06-07 10:24:04,357.15,0
2021-06-07 10:24:05,357.1,0
2021-06-07 10:24:06,357.15,0
2021-06-07 10:24:07,357.15,0
2021-06-07 10:24:08,357.15,0
2021-06-07 10:24:09,357.1,0
2021-06-07 10:24:10,357.15,0
2021-06-07 10:24:11,357.15,0
2021-06-07 10:24:13,357.15,0
2021-06-07 10:24:14,357.1,0
2021-06-07 10:24:15,357.15,0
2021-06-07 10:24:16,357.25,0
2021-06-07 10:24:17,357.25,0
2021-06-07 10:24:18,357.25,0
2021-06-07 10:24:19,357.3,0
2021-06-07 10:24:20,357.3,0
2021-06-07 10:24:21,357.35,0
2021-06-07 10:24:22,357.3,0
2021-06-07 10:24:24,357.35,0
2021-06-07 10:24:25,357.4,0
2021-06-07 10:24:26,357.3,0
2021-06-07 10:24:27,357.3,0
2021-06-07 10:24:28,357.35,0
2021-06-07 10:24:29,357.35,0
2021-06-07 10:24:30,357.35,0
2021-06-07 10:24:32,357.4,0
2021-06-07 10:24:34,357.45,0
2021-06-07 10:24:35,357.35,0
2021-06-07 10:24:37,357.35,0
2021-06-07 10:24:38,357.4,0
2021-06-07 10:24:40,357.4,0
2021-06-07 10:24:41,357.55,0
2021-06-07 10:24:42,357.45,0
2021-06-07 10:24:43,357.4,0
2021-06-07 10:24:44,357.45,0
2021-06-07 10:24:45,357.4,0
2021-06-07 10:24:46,357.5,0
2021-06-07 10:24:47,357.5,0
2021-06-07 10:24:48,357.45,0
2021-06-07 10:24:49,357.4,0
2021-06-07 10:24:50,357.4,0
2021-06-07 10:24:51,357.45,0
2021-06-07 10:24:52,357.4,0
2021-06-07 10:24:53,357.4,0
2021-06-07 10:24:54,357.45,0
2021-06-07 10:24:55,357.45,0
2021-06-07 10:24:56,357.4,0
2021-06-07 10:24:57,357.45,0
2021-06-07 10:24:58,357.45,0
2021-06-07 10:24:59,357.4,0
2021-06-07 10:25:03,357.45,0
2021-06-07 10:25:04,357.45,0
2021-06-07 10:25:05,357.45,0
2021-06-07 10:25:06,357.45,0
2021-06-07 10:25:07,357.45,0
2021-06-07 10:25:08,357.45,0
2021-06-07 10:25:09,357.45,0
2021-06-07 10:25:11,357.4,0
2021-06-07 10:25:12,357.45,0
2021-06-07 10:25:13,357.45,0
2021-06-07 10:25:15,357.4,0
2021-06-07 10:25:16,357.4,0
2021-06-07 10:25:17,357.35,0
2021-06-07 10:25:20,357.4,0
2021-06-07 10:25:21,357.4,0
2021-06-07 10:25:22,357.35,0
2021-06-07 10:25:23,357.4,0
2021-06-07 10:25:25,357.4,0
2021-06-07 10:25:26,357.4,0
2021-06-07 10:25:27,357.35,0
2021-06-07 10:25:28,357.4,0
2021-06-07 10:25:29,357.45,0
2021-06-07 10:25:30,357.4,0
2021-06-07 10:25:31,357.35,0
2021-06-07 10:25:32,357.3,0
2021-06-07 10:25:33,357.3,0
2021-06-07 10:25:34,357.35,0
2021-06-07 10:25:35,357.3,0
2021-06-07 10:25:36,357.3,0
2021-06-07 10:25:37,357.35,0
2021-06-07 10:25:38,357.45,0
2021-06-07 10:25:39,357.45,0
2021-06-07 10:25:40,357.35,0
2021-06-07 10:25:41,357.4,0
2021-06-07 10:25:42,357.35,0
2021-06-07 10:25:43,357.3,0
