timestamp,ltp,volume
2021-06-07 09:18:16,27035.3,0
2021-06-07 09:18:17,27033.9,0
2021-06-07 09:18:18,27029.45,0
2021-06-07 09:18:19,27034.1,0
2021-06-07 09:18:20,27029.85,0
2021-06-07 09:18:21,27035.0,0
2021-06-07 09:18:22,27039.5,0
2021-06-07 09:18:23,27042.15,0
2021-06-07 09:18:24,27043.65,0
2021-06-07 09:18:25,27051.65,0
2021-06-07 09:18:26,27054.4,0
2021-06-07 09:18:27,27078.05,0
2021-06-07 09:18:28,27073.4,0
2021-06-07 09:18:29,27077.0,0
2021-06-07 09:18:30,27084.1,0
2021-06-07 09:18:31,27080.0,0
2021-06-07 09:18:33,27070.45,0
2021-06-07 09:18:35,27069.35,0
2021-06-07 09:18:36,27072.75,0
2021-06-07 09:18:37,27067.5,0
2021-06-07 09:18:38,27068.6,0
2021-06-07 09:18:39,27065.95,0
2021-06-07 09:18:40,27063.85,0
2021-06-07 09:18:41,27059.4,0
2021-06-07 09:18:42,27063.6,0
2021-06-07 09:18:43,27063.85,0
2021-06-07 09:18:44,27066.35,0
2021-06-07 09:18:45,27067.4,0
2021-06-07 09:18:46,27069.25,0
2021-06-07 09:18:48,27070.85,0
2021-06-07 09:18:49,27072.5,0
2021-06-07 09:18:50,27068.85,0
2021-06-07 09:18:51,27070.85,0
2021-06-07 09:18:52,27057.2,0
2021-06-07 09:18:53,27052.7,0
2021-06-07 09:18:54,27053.15,0
2021-06-07 09:18:55,27054.95,0
2021-06-07 09:18:56,27053.8,0
2021-06-07 09:18:57,27060.25,0
2021-06-07 09:18:58,27059.3,0
2021-06-07 09:18:59,27063.15,0
2021-06-07 09:19:00,27066.35,0
2021-06-07 09:19:01,27073.4,0
2021-06-07 09:19:02,27076.75,0
2021-06-07 09:19:03,27074.8,0
2021-06-07 09:19:04,27080.05,0
2021-06-07 09:19:05,27079.65,0
2021-06-07 09:19:06,27079.65,0
2021-06-07 09:19:08,27078.15,0
2021-06-07 09:19:09,27078.85,0
2021-06-07 09:19:10,27073.45,0
2021-06-07 09:19:11,27070.0,0
2021-06-07 09:19:12,27069.7,0
2021-06-07 09:19:13,27072.6,0
2021-06-07 09:19:14,27069.9,0
2021-06-07 09:19:15,27074.45,0
2021-06-07 09:19:16,27071.2,0
2021-06-07 09:19:17,27066.5,0
2021-06-07 09:19:18,27067.9,0
2021-06-07 09:19:19,27070.65,0
2021-06-07 09:19:20,27068.85,0
2021-06-07 09:19:21,27070.4,0
2021-06-07 09:19:22,27070.1,0
2021-06-07 09:19:23,27072.05,0
2021-06-07 09:19:25,27074.2,0
2021-06-07 09:19:26,27074.85,0
2021-06-07 09:19:27,27075.7,0
2021-06-07 09:19:28,27074.05,0
2021-06-07 09:19:30,27075.95,0
2021-06-07 09:19:31,27077.55,0
2021-06-07 09:19:32,27077.1,0
2021-06-07 09:19:33,27076.3,0
2021-06-07 09:19:34,27075.25,0
2021-06-07 09:19:37,27074.1,0
2021-06-07 09:19:38,27073.1,0
2021-06-07 09:19:39,27069.7,0
2021-06-07 09:19:40,27077.15,0
2021-06-07 09:19:41,27075.15,0
2021-06-07 09:19:42,27073.45,0
2021-06-07 09:19:43,27073.45,0
2021-06-07 09:19:45,27077.55,0
2021-06-07 09:19:46,27077.0,0
2021-06-07 09:19:47,27074.1,0
2021-06-07 09:19:48,27074.9,0
2021-06-07 09:19:49,27076.2,0
2021-06-07 09:19:50,27075.5,0
2021-06-07 09:19:52,27073.6,0
2021-06-07 09:19:53,27071.9,0
2021-06-07 09:19:54,27072.5,0
2021-06-07 09:19:55,27071.95,0
2021-06-07 09:19:56,27073.35,0
2021-06-07 09:19:57,27070.5,0
2021-06-07 09:19:58,27071.65,0
2021-06-07 09:19:59,27072.95,0
2021-06-07 09:20:00,27071.4,0
2021-06-07 09:20:01,27067.3,0
2021-06-07 09:20:02,27069.45,0
2021-06-07 09:20:03,27069.5,0
2021-06-07 09:20:04,27072.2,0
2021-06-07 09:20:05,27068.75,0
2021-06-07 09:20:06,27067.9,0
2021-06-07 09:20:07,27070.8,0
2021-06-07 09:20:08,27071.3,0
2021-06-07 09:20:09,27068.9,0
2021-06-07 09:20:10,27071.05,0
2021-06-07 09:20:11,27071.4,0
2021-06-07 09:20:12,27074.5,0
2021-06-07 09:20:13,27073.8,0
2021-06-07 09:20:14,27074.65,0
2021-06-07 09:20:15,27077.05,0
2021-06-07 09:20:16,27074.55,0
2021-06-07 09:20:17,27074.35,0
2021-06-07 09:20:18,27075.8,0
2021-06-07 09:20:19,27071.7,0
2021-06-07 09:20:20,27072.35,0
2021-06-07 09:20:21,27072.35,0
2021-06-07 09:20:22,27073.85,0
2021-06-07 09:20:24,27071.0,0
2021-06-07 09:20:25,27070.3,0
2021-06-07 09:20:26,27071.9,0
2021-06-07 09:20:27,27068.4,0
2021-06-07 09:20:28,27068.2,0
2021-06-07 09:20:29,27070.15,0
2021-06-07 09:20:30,27067.5,0
2021-06-07 09:20:31,27069.25,0
2021-06-07 09:20:32,27069.9,0
2021-06-07 09:20:33,27071.95,0
2021-06-07 09:20:34,27070.85,0
2021-06-07 09:20:35,27070.2,0
2021-06-07 09:20:36,27071.2,0
2021-06-07 09:20:37,27071.35,0
2021-06-07 09:20:38,27069.15,0
2021-06-07 09:20:39,27068.05,0
2021-06-07 09:20:40,27069.4,0
2021-06-07 09:20:41,27071.3,0
2021-06-07 09:20:42,27068.35,0
2021-06-07 09:20:43,27066.8,0
2021-06-07 09:20:44,27067.7,0
2021-06-07 09:20:45,27070.15,0
2021-06-07 09:20:46,27067.3,0
2021-06-07 09:20:48,27068.65,0
2021-06-07 09:20:49,27067.7,0
2021-06-07 09:20:50,27067.7,0
2021-06-07 09:20:51,27071.4,0
2021-06-07 09:20:52,27069.2,0
2021-06-07 09:20:53,27067.35,0
2021-06-07 09:20:54,27067.65,0
2021-06-07 09:20:55,27066.9,0
2021-06-07 09:20:56,27066.75,0
2021-06-07 09:20:57,27067.3,0
2021-06-07 09:20:58,27067.8,0
2021-06-07 09:20:59,27068.0,0
2021-06-07 09:21:00,27067.5,0
2021-06-07 09:21:01,27068.05,0
2021-06-07 09:21:03,27069.85,0
2021-06-07 09:21:04,27071.4,0
2021-06-07 09:21:05,27074.3,0
2021-06-07 09:21:07,27078.6,0
2021-06-07 09:21:08,27077.95,0
2021-06-07 09:21:09,27078.1,0
2021-06-07 09:21:10,27077.75,0
2021-06-07 09:21:11,27077.65,0
2021-06-07 09:21:13,27078.45,0
2021-06-07 09:21:14,27081.6,0
2021-06-07 09:21:15,27076.7,0
2021-06-07 09:21:16,27080.35,0
2021-06-07 09:21:17,27081.95,0
2021-06-07 09:21:18,27078.8,0
2021-06-07 09:21:19,27079.6,0
2021-06-07 09:21:20,27079.3,0
2021-06-07 09:21:21,27079.5,0
2021-06-07 09:21:22,27081.9,0
2021-06-07 09:21:23,27078.6,0
2021-06-07 09:21:24,27079.95,0
2021-06-07 09:21:25,27077.35,0
2021-06-07 09:21:26,27076.15,0
2021-06-07 09:21:27,27077.85,0
2021-06-07 09:21:28,27077.0,0
2021-06-07 09:21:29,27075.85,0
2021-06-07 09:21:30,27069.8,0
2021-06-07 09:21:32,27066.6,0
2021-06-07 09:21:33,27062.65,0
2021-06-07 09:21:34,27069.65,0
2021-06-07 09:21:35,27071.65,0
2021-06-07 09:21:36,27062.3,0
2021-06-07 09:21:37,27062.5,0
2021-06-07 09:21:38,27054.2,0
2021-06-07 09:21:39,27055.85,0
2021-06-07 09:21:40,27046.4,0
2021-06-07 09:21:41,27041.05,0
2021-06-07 09:21:42,27042.55,0
2021-06-07 09:21:44,27043.2,0
2021-06-07 09:21:45,27041.8,0
2021-06-07 09:21:46,27044.1,0
2021-06-07 09:21:47,27042.55,0
2021-06-07 09:21:48,27039.85,0
2021-06-07 09:21:49,27042.35,0
2021-06-07 09:21:51,27042.6,0
2021-06-07 09:21:52,27044.4,0
2021-06-07 09:21:53,27036.75,0
2021-06-07 09:21:54,27039.55,0
2021-06-07 09:21:55,27034.75,0
2021-06-07 09:21:56,27034.35,0
2021-06-07 09:21:57,27034.1,0
2021-06-07 09:21:58,27035.9,0
2021-06-07 09:21:59,27033.65,0
2021-06-07 09:22:00,27033.3,0
2021-06-07 09:22:01,27032.85,0
2021-06-07 09:22:02,27031.9,0
2021-06-07 09:22:04,27035.15,0
2021-06-07 09:22:05,27031.05,0
2021-06-07 09:22:06,27030.3,0
2021-06-07 09:22:07,27028.1,0
2021-06-07 09:22:10,27028.7,0
2021-06-07 09:22:11,27027.85,0
2021-06-07 09:22:12,27027.25,0
2021-06-07 09:22:13,27026.75,0
2021-06-07 09:22:14,27027.75,0
2021-06-07 09:22:15,27026.05,0
2021-06-07 09:22:17,27026.55,0
2021-06-07 09:22:18,27025.0,0
2021-06-07 09:22:19,27026.65,0
2021-06-07 09:22:20,27025.45,0
2021-06-07 09:22:21,27025.35,0
2021-06-07 09:22:22,27025.8,0
2021-06-07 09:22:23,27023.8,0
2021-06-07 09:22:24,27024.75,0
2021-06-07 09:22:25,27022.6,0
2021-06-07 09:22:27,27024.25,0
2021-06-07 09:22:28,27024.45,0
2021-06-07 09:22:29,27021.0,0
2021-06-07 09:22:30,27020.2,0
2021-06-07 09:22:31,27017.75,0
2021-06-07 09:22:32,27018.45,0
2021-06-07 09:22:33,27017.45,0
2021-06-07 09:22:34,27019.35,0
2021-06-07 09:22:35,27019.75,0
2021-06-07 09:22:36,27019.2,0
2021-06-07 09:22:38,27020.6,0
2021-06-07 09:22:39,27020.65,0
2021-06-07 09:22:40,27020.55,0
2021-06-07 09:22:43,27020.65,0
2021-06-07 09:22:44,27020.5,0
2021-06-07 09:22:45,27018.7,0
2021-06-07 09:22:46,27019.1,0
2021-06-07 09:22:47,27018.35,0
2021-06-07 09:22:49,27022.25,0
2021-06-07 09:22:50,27028.85,0
2021-06-07 09:22:51,27027.5,0
2021-06-07 09:22:52,27027.45,0
2021-06-07 09:22:53,27029.2,0
2021-06-07 09:22:54,27031.95,0
2021-06-07 09:22:55,27031.35,0
2021-06-07 09:22:56,27028.3,0
2021-06-07 09:22:57,27030.8,0
2021-06-07 09:22:59,27029.65,0
2021-06-07 09:23:00,27035.35,0
2021-06-07 09:23:01,27031.95,0
2021-06-07 09:23:02,27030.4,0
2021-06-07 09:23:03,27033.45,0
2021-06-07 09:23:04,27034.5,0
2021-06-07 09:23:05,27037.65,0
2021-06-07 09:23:06,27035.65,0
2021-06-07 09:23:07,27037.7,0
2021-06-07 09:23:08,27033.05,0
2021-06-07 09:23:09,27037.7,0
2021-06-07 09:23:10,27033.65,0
2021-06-07 09:23:11,27035.9,0
2021-06-07 09:23:12,27036.55,0
2021-06-07 09:23:13,27037.2,0
2021-06-07 09:23:14,27039.05,0
2021-06-07 09:23:15,27034.4,0
2021-06-07 09:23:17,27029.8,0
2021-06-07 09:23:18,27030.05,0
2021-06-07 09:23:19,27031.25,0
2021-06-07 09:23:20,27029.45,0
2021-06-07 09:23:21,27032.3,0
2021-06-07 09:23:22,27029.85,0
2021-06-07 09:23:23,27030.0,0
2021-06-07 09:23:24,27030.95,0
2021-06-07 09:23:25,27032.05,0
2021-06-07 09:23:26,27030.35,0
2021-06-07 09:23:27,27032.2,0
2021-06-07 09:23:28,27031.55,0
2021-06-07 09:23:29,27031.75,0
2021-06-07 09:23:30,27035.1,0
2021-06-07 09:23:31,27038.6,0
2021-06-07 09:23:32,27038.45,0
2021-06-07 09:23:33,27037.65,0
2021-06-07 09:23:34,27036.95,0
2021-06-07 09:23:35,27033.25,0
2021-06-07 09:23:36,27036.5,0
2021-06-07 09:23:40,27035.0,0
2021-06-07 09:23:42,27032.05,0
2021-06-07 09:23:43,27033.35,0
2021-06-07 09:23:44,27032.95,0
2021-06-07 09:23:46,27034.45,0
2021-06-07 09:23:47,27030.05,0
2021-06-07 09:23:48,27032.95,0
2021-06-07 09:23:49,27033.15,0
2021-06-07 09:23:51,27033.5,0
2021-06-07 09:23:54,27032.6,0
2021-06-07 09:23:55,27038.1,0
2021-06-07 09:23:56,27035.6,0
2021-06-07 09:23:57,27035.4,0
2021-06-07 09:23:58,27032.9,0
2021-06-07 09:23:59,27036.25,0
2021-06-07 09:24:00,27037.95,0
2021-06-07 09:24:01,27038.35,0
2021-06-07 09:24:02,27038.55,0
2021-06-07 09:24:03,27038.8,0
2021-06-07 09:24:04,27036.45,0
2021-06-07 09:24:05,27037.6,0
2021-06-07 09:24:06,27038.1,0
2021-06-07 09:24:07,27041.95,0
2021-06-07 09:24:09,27041.75,0
2021-06-07 09:24:10,27038.75,0
2021-06-07 09:24:11,27040.55,0
2021-06-07 09:24:12,27039.8,0
2021-06-07 09:24:13,27041.7,0
2021-06-07 09:24:14,27038.75,0
2021-06-07 09:24:15,27044.85,0
2021-06-07 09:24:16,27044.2,0
2021-06-07 09:24:17,27044.45,0
2021-06-07 09:24:18,27041.35,0
2021-06-07 09:24:19,27041.85,0
2021-06-07 09:24:20,27042.9,0
2021-06-07 09:24:21,27041.85,0
2021-06-07 09:24:23,27059.1,0
2021-06-07 09:24:24,27058.05,0
2021-06-07 09:24:25,27059.8,0
2021-06-07 09:24:26,27058.3,0
2021-06-07 09:24:27,27059.1,0
2021-06-07 09:24:28,27060.05,0
2021-06-07 09:24:29,27059.05,0
2021-06-07 09:24:30,27060.1,0
2021-06-07 09:24:31,27061.15,0
2021-06-07 09:24:32,27059.85,0
2021-06-07 09:24:33,27059.7,0
2021-06-07 09:24:34,27057.5,0
2021-06-07 09:24:35,27060.55,0
2021-06-07 09:24:36,27060.2,0
2021-06-07 09:24:37,27056.8,0
2021-06-07 09:24:41,27056.65,0
2021-06-07 09:24:43,27054.7,0
2021-06-07 09:24:44,27055.5,0
2021-06-07 09:24:45,27056.0,0
2021-06-07 09:24:46,27051.9,0
2021-06-07 09:24:47,27050.95,0
2021-06-07 09:24:49,27053.65,0
2021-06-07 09:24:50,27055.85,0
2021-06-07 09:24:52,27055.45,0
2021-06-07 09:24:53,27055.6,0
2021-06-07 09:24:54,27056.1,0
2021-06-07 09:24:55,27056.0,0
2021-06-07 09:24:56,27055.95,0
2021-06-07 09:24:57,27057.7,0
2021-06-07 09:24:58,27058.95,0
2021-06-07 09:24:59,27060.0,0
2021-06-07 09:25:00,27064.0,0
2021-06-07 09:25:01,27062.75,0
2021-06-07 09:25:02,27062.9,0
2021-06-07 09:25:03,27061.5,0
2021-06-07 09:25:04,27060.45,0
2021-06-07 09:25:05,27061.9,0
2021-06-07 09:25:06,27062.65,0
2021-06-07 09:25:07,27065.95,0
2021-06-07 09:25:08,27064.3,0
2021-06-07 09:25:09,27060.1,0
2021-06-07 09:25:11,27059.4,0
2021-06-07 09:25:12,27059.15,0
2021-06-07 09:25:13,27059.8,0
2021-06-07 09:25:14,27061.25,0
2021-06-07 09:25:15,27063.85,0
2021-06-07 09:25:16,27066.65,0
2021-06-07 09:25:17,27064.15,0
2021-06-07 09:25:18,27065.7,0
2021-06-07 09:25:19,27063.45,0
2021-06-07 09:25:20,27071.1,0
2021-06-07 09:25:21,27071.45,0
2021-06-07 09:25:23,27067.35,0
2021-06-07 09:25:24,27069.25,0
2021-06-07 09:25:25,27067.05,0
2021-06-07 09:25:26,27066.6,0
2021-06-07 09:25:27,27066.75,0
2021-06-07 09:25:28,27072.05,0
2021-06-07 09:25:29,27067.45,0
2021-06-07 09:25:30,27074.65,0
2021-06-07 09:25:32,27069.55,0
2021-06-07 09:25:34,27073.75,0
2021-06-07 09:25:35,27073.45,0
2021-06-07 09:25:37,27070.8,0
2021-06-07 09:25:38,27068.25,0
2021-06-07 09:25:40,27066.15,0
2021-06-07 09:25:41,27067.6,0
2021-06-07 09:25:42,27070.2,0
2021-06-07 09:25:43,27066.9,0
2021-06-07 09:25:44,27066.65,0
2021-06-07 09:25:45,27067.6,0
2021-06-07 09:25:46,27068.35,0
2021-06-07 09:25:47,27069.0,0
2021-06-07 09:25:48,27068.1,0
2021-06-07 09:25:49,27070.55,0
2021-06-07 09:25:51,27063.4,0
2021-06-07 09:25:52,27067.5,0
2021-06-07 09:25:53,27065.05,0
2021-06-07 09:25:54,27062.65,0
2021-06-07 09:25:55,27065.1,0
2021-06-07 09:25:56,27065.0,0
2021-06-07 09:25:57,27064.85,0
2021-06-07 09:25:58,27062.8,0
2021-06-07 09:25:59,27065.2,0
2021-06-07 09:26:01,27064.95,0
2021-06-07 09:26:02,27067.3,0
2021-06-07 09:26:04,27067.65,0
2021-06-07 09:26:06,27070.2,0
2021-06-07 09:26:07,27065.15,0
2021-06-07 09:26:08,27067.25,0
2021-06-07 09:26:09,27068.45,0
2021-06-07 09:26:10,27066.0,0
2021-06-07 09:26:11,27065.55,0
2021-06-07 09:26:12,27064.25,0
2021-06-07 09:26:13,27062.3,0
2021-06-07 09:26:15,27065.85,0
2021-06-07 09:26:16,27063.55,0
2021-06-07 09:26:17,27065.5,0
2021-06-07 09:26:19,27065.6,0
2021-06-07 09:26:20,27064.9,0
2021-06-07 09:26:21,27067.25,0
2021-06-07 09:26:22,27064.15,0
2021-06-07 09:26:23,27065.4,0
2021-06-07 09:26:26,27064.6,0
2021-06-07 09:26:27,27065.05,0
2021-06-07 09:26:28,27068.05,0
2021-06-07 09:26:29,27067.2,0
2021-06-07 09:26:30,27068.4,0
2021-06-07 09:26:31,27067.9,0
2021-06-07 09:26:32,27066.5,0
2021-06-07 09:26:33,27070.05,0
2021-06-07 09:26:35,27068.8,0
2021-06-07 09:26:36,27068.35,0
2021-06-07 09:26:37,27068.45,0
2021-06-07 09:26:38,27066.55,0
2021-06-07 09:26:40,27067.1,0
2021-06-07 09:26:41,27068.8,0
2021-06-07 09:26:42,27066.45,0
2021-06-07 09:26:43,27066.4,0
2021-06-07 09:26:44,27068.95,0
2021-06-07 09:26:45,27064.45,0
2021-06-07 09:26:46,27066.85,0
2021-06-07 09:26:47,27068.45,0
2021-06-07 09:26:48,27064.8,0
2021-06-07 09:26:49,27065.2,0
2021-06-07 09:26:50,27065.9,0
2021-06-07 09:26:51,27065.7,0
2021-06-07 09:26:52,27063.7,0
2021-06-07 09:26:53,27065.05,0
2021-06-07 09:26:54,27065.45,0
2021-06-07 09:26:55,27062.2,0
2021-06-07 09:26:56,27064.65,0
2021-06-07 09:26:57,27064.1,0
2021-06-07 09:26:58,27065.95,0
2021-06-07 09:26:59,27065.05,0
2021-06-07 09:27:00,27068.85,0
2021-06-07 09:27:02,27065.9,0
2021-06-07 09:27:03,27066.2,0
2021-06-07 09:27:04,27065.5,0
2021-06-07 09:27:05,27065.85,0
2021-06-07 09:27:06,27064.3,0
2021-06-07 09:27:07,27064.0,0
2021-06-07 09:27:08,27064.65,0
2021-06-07 09:27:09,27062.6,0
2021-06-07 09:27:10,27062.1,0
2021-06-07 09:27:11,27063.65,0
2021-06-07 09:27:12,27061.6,0
2021-06-07 09:27:13,27058.75,0
2021-06-07 09:27:14,27060.6,0
2021-06-07 09:27:15,27059.95,0
2021-06-07 09:27:16,27056.95,0
2021-06-07 09:27:17,27058.85,0
2021-06-07 09:27:18,27060.85,0
2021-06-07 09:27:19,27061.2,0
2021-06-07 09:27:20,27058.35,0
2021-06-07 09:27:21,27059.95,0
2021-06-07 09:27:22,27060.25,0
2021-06-07 09:27:23,27060.3,0
2021-06-07 09:27:24,27061.65,0
2021-06-07 09:27:25,27061.4,0
2021-06-07 09:27:26,27061.1,0
2021-06-07 09:27:27,27059.8,0
2021-06-07 09:27:28,27062.95,0
2021-06-07 09:27:29,27063.35,0
2021-06-07 09:27:30,27061.05,0
2021-06-07 09:27:31,27061.2,0
2021-06-07 09:27:33,27061.4,0
2021-06-07 09:27:34,27059.65,0
2021-06-07 09:27:35,27061.5,0
2021-06-07 09:27:36,27062.05,0
2021-06-07 09:27:37,27058.45,0
2021-06-07 09:27:38,27060.0,0
2021-06-07 09:27:39,27061.25,0
2021-06-07 09:27:40,27059.45,0
2021-06-07 09:27:41,27061.25,0
2021-06-07 09:27:42,27064.15,0
2021-06-07 09:27:43,27058.85,0
2021-06-07 09:27:44,27062.7,0
2021-06-07 09:27:45,27063.6,0
2021-06-07 09:27:46,27063.1,0
2021-06-07 09:27:47,27063.85,0
2021-06-07 09:27:48,27061.6,0
2021-06-07 09:27:49,27061.95,0
2021-06-07 09:27:50,27060.5,0
2021-06-07 09:27:51,27061.35,0
2021-06-07 09:27:52,27061.85,0
2021-06-07 09:27:53,27061.85,0
2021-06-07 09:27:54,27059.4,0
2021-06-07 09:27:55,27058.65,0
2021-06-07 09:27:56,27058.8,0
2021-06-07 09:27:57,27058.0,0
2021-06-07 09:27:58,27057.65,0
2021-06-07 09:27:59,27058.3,0
2021-06-07 09:28:00,27060.65,0
2021-06-07 09:28:03,27058.45,0
2021-06-07 09:28:04,27057.8,0
2021-06-07 09:28:05,27059.9,0
2021-06-07 09:28:06,27059.35,0
2021-06-07 09:28:07,27058.3,0
2021-06-07 09:28:08,27058.2,0
2021-06-07 09:28:09,27058.55,0
2021-06-07 09:28:11,27059.15,0
2021-06-07 09:28:12,27059.5,0
2021-06-07 09:28:14,27057.4,0
2021-06-07 09:28:15,27057.45,0
2021-06-07 09:28:16,27057.2,0
2021-06-07 09:28:18,27060.15,0
2021-06-07 09:28:19,27060.15,0
2021-06-07 09:28:21,27060.35,0
2021-06-07 09:28:22,27057.2,0
2021-06-07 09:28:23,27059.5,0
2021-06-07 09:28:24,27059.55,0
2021-06-07 09:28:25,27057.0,0
2021-06-07 09:28:26,27057.65,0
2021-06-07 09:28:27,27059.25,0
2021-06-07 09:28:28,27060.7,0
2021-06-07 09:28:29,27060.25,0
2021-06-07 09:28:30,27060.4,0
2021-06-07 09:28:31,27058.5,0
2021-06-07 09:28:32,27060.7,0
2021-06-07 09:28:33,27060.85,0
2021-06-07 09:28:34,27058.85,0
2021-06-07 09:28:35,27058.85,0
2021-06-07 09:28:36,27058.55,0
2021-06-07 09:28:37,27057.55,0
2021-06-07 09:28:38,27059.6,0
2021-06-07 09:28:39,27056.7,0
2021-06-07 09:28:40,27057.15,0
2021-06-07 09:28:41,27058.1,0
2021-06-07 09:28:42,27057.5,0
2021-06-07 09:28:44,27060.8,0
2021-06-07 09:28:45,27059.8,0
2021-06-07 09:28:46,27062.05,0
2021-06-07 09:28:47,27062.05,0
2021-06-07 09:28:48,27056.8,0
2021-06-07 09:28:49,27059.9,0
2021-06-07 09:28:50,27062.65,0
2021-06-07 09:28:51,27063.15,0
2021-06-07 09:28:52,27064.25,0
2021-06-07 09:28:53,27065.3,0
2021-06-07 09:28:54,27065.3,0
2021-06-07 09:28:56,27066.4,0
2021-06-07 09:28:57,27070.25,0
2021-06-07 09:28:58,27067.2,0
2021-06-07 09:29:01,27070.1,0
2021-06-07 09:29:02,27071.6,0
2021-06-07 09:29:03,27074.85,0
2021-06-07 09:29:04,27073.25,0
2021-06-07 09:29:05,27069.25,0
2021-06-07 09:29:06,27070.5,0
2021-06-07 09:29:07,27070.2,0
2021-06-07 09:29:08,27066.3,0
2021-06-07 09:29:09,27072.9,0
2021-06-07 09:29:10,27069.95,0
2021-06-07 09:29:11,27071.6,0
2021-06-07 09:29:12,27072.45,0
2021-06-07 09:29:13,27068.85,0
2021-06-07 09:29:14,27066.5,0
2021-06-07 09:29:15,27070.05,0
2021-06-07 09:29:17,27073.4,0
2021-06-07 09:29:18,27071.5,0
2021-06-07 09:29:19,27071.15,0
2021-06-07 09:29:20,27069.85,0
2021-06-07 09:29:21,27072.5,0
2021-06-07 09:29:22,27069.45,0
2021-06-07 09:29:23,27071.4,0
2021-06-07 09:29:24,27069.65,0
2021-06-07 09:29:25,27068.55,0
2021-06-07 09:29:26,27068.25,0
2021-06-07 09:29:27,27066.4,0
2021-06-07 09:29:28,27069.35,0
2021-06-07 09:29:30,27068.85,0
2021-06-07 09:29:31,27065.55,0
2021-06-07 09:29:32,27064.25,0
2021-06-07 09:29:33,27064.45,0
2021-06-07 09:29:34,27065.6,0
2021-06-07 09:29:35,27065.95,0
2021-06-07 09:29:36,27063.95,0
2021-06-07 09:29:37,27066.25,0
2021-06-07 09:29:38,27065.9,0
2021-06-07 09:29:40,27065.7,0
2021-06-07 09:29:41,27066.45,0
2021-06-07 09:29:43,27064.5,0
2021-06-07 09:29:44,27067.85,0
2021-06-07 09:29:45,27068.3,0
2021-06-07 09:29:46,27068.55,0
2021-06-07 09:29:48,27068.1,0
2021-06-07 09:29:49,27070.6,0
2021-06-07 09:29:50,27067.4,0
2021-06-07 09:29:51,27067.15,0
2021-06-07 09:29:52,27067.4,0
2021-06-07 09:29:53,27068.15,0
2021-06-07 09:29:54,27067.95,0
2021-06-07 09:29:55,27069.9,0
2021-06-07 09:29:56,27070.2,0
2021-06-07 09:29:57,27069.45,0
2021-06-07 09:29:58,27067.95,0
2021-06-07 09:29:59,27066.25,0
2021-06-07 09:30:01,27066.4,0
2021-06-07 09:30:03,27069.45,0
2021-06-07 09:30:04,27069.25,0
2021-06-07 09:30:05,27068.65,0
2021-06-07 09:30:06,27069.25,0
2021-06-07 09:30:07,27067.85,0
2021-06-07 09:30:08,27066.95,0
2021-06-07 09:30:10,27068.4,0
2021-06-07 09:30:11,27067.75,0
2021-06-07 09:30:13,27065.9,0
2021-06-07 09:30:14,27067.6,0
2021-06-07 09:30:15,27066.25,0
2021-06-07 09:30:16,27066.4,0
2021-06-07 09:30:17,27064.4,0
2021-06-07 09:30:18,27064.0,0
2021-06-07 09:30:19,27063.65,0
2021-06-07 09:30:20,27064.9,0
2021-06-07 09:30:21,27062.85,0
2021-06-07 09:30:22,27065.8,0
2021-06-07 09:30:23,27064.15,0
2021-06-07 09:30:24,27064.55,0
2021-06-07 09:30:25,27063.9,0
2021-06-07 09:30:26,27062.9,0
2021-06-07 09:30:27,27062.4,0
2021-06-07 09:30:31,27066.1,0
2021-06-07 09:30:33,27064.25,0
2021-06-07 09:30:35,27065.1,0
2021-06-07 09:30:36,27066.8,0
2021-06-07 09:30:38,27066.4,0
2021-06-07 09:30:39,27064.5,0
2021-06-07 09:30:40,27062.3,0
2021-06-07 09:30:41,27066.15,0
2021-06-07 09:30:42,27066.15,0
2021-06-07 09:30:43,27064.25,0
2021-06-07 09:30:44,27064.35,0
2021-06-07 09:30:45,27062.3,0
2021-06-07 09:30:46,27063.5,0
2021-06-07 09:30:47,27063.75,0
2021-06-07 09:30:48,27062.45,0
2021-06-07 09:30:49,27061.2,0
2021-06-07 09:30:50,27062.45,0
2021-06-07 09:30:51,27063.15,0
2021-06-07 09:30:52,27064.0,0
2021-06-07 09:30:53,27061.8,0
2021-06-07 09:30:54,27063.05,0
2021-06-07 09:30:55,27064.0,0
2021-06-07 09:30:56,27063.3,0
2021-06-07 09:30:57,27063.3,0
2021-06-07 09:30:58,27063.9,0
2021-06-07 09:31:00,27062.25,0
2021-06-07 09:31:01,27061.45,0
2021-06-07 09:31:02,27062.9,0
2021-06-07 09:31:03,27061.75,0
2021-06-07 09:31:04,27060.95,0
2021-06-07 09:31:05,27061.85,0
2021-06-07 09:31:06,27063.5,0
2021-06-07 09:31:07,27061.5,0
2021-06-07 09:31:08,27062.35,0
2021-06-07 09:31:09,27062.05,0
2021-06-07 09:31:12,27060.0,0
2021-06-07 09:31:14,27061.1,0
2021-06-07 09:31:15,27061.4,0
2021-06-07 09:31:16,27060.0,0
2021-06-07 09:31:17,27062.8,0
2021-06-07 09:31:18,27062.75,0
2021-06-07 09:31:19,27068.45,0
2021-06-07 09:31:20,27067.25,0
2021-06-07 09:31:22,27068.05,0
2021-06-07 09:31:24,27071.9,0
2021-06-07 09:31:25,27068.95,0
2021-06-07 09:31:26,27071.4,0
2021-06-07 09:31:27,27072.0,0
2021-06-07 09:31:28,27072.85,0
2021-06-07 09:31:29,27077.75,0
2021-06-07 09:31:30,27074.9,0
2021-06-07 09:31:31,27075.7,0
2021-06-07 09:31:32,27079.1,0
2021-06-07 09:31:33,27077.8,0
2021-06-07 09:31:34,27080.25,0
2021-06-07 09:31:35,27077.9,0
2021-06-07 09:31:36,27076.65,0
2021-06-07 09:31:38,27074.2,0
2021-06-07 09:31:39,27074.5,0
2021-06-07 09:31:40,27077.55,0
2021-06-07 09:31:41,27074.5,0
2021-06-07 09:31:42,27073.4,0
2021-06-07 09:31:43,27075.65,0
2021-06-07 09:31:44,27072.95,0
2021-06-07 09:31:45,27073.35,0
2021-06-07 09:31:46,27073.55,0
2021-06-07 09:31:47,27074.45,0
2021-06-07 09:31:48,27077.45,0
2021-06-07 09:31:49,27077.25,0
2021-06-07 09:31:50,27077.0,0
2021-06-07 09:31:51,27075.95,0
2021-06-07 09:31:52,27075.95,0
2021-06-07 09:31:53,27077.65,0
2021-06-07 09:31:54,27080.8,0
2021-06-07 09:31:55,27083.95,0
2021-06-07 09:31:56,27085.4,0
2021-06-07 09:31:57,27083.95,0
2021-06-07 09:31:58,27082.4,0
2021-06-07 09:31:59,27085.45,0
2021-06-07 09:32:00,27083.8,0
2021-06-07 09:32:01,27084.15,0
2021-06-07 09:32:02,27085.35,0
2021-06-07 09:32:03,27083.1,0
2021-06-07 09:32:04,27085.75,0
2021-06-07 09:32:05,27085.65,0
2021-06-07 09:32:06,27083.35,0
2021-06-07 09:32:07,27082.5,0
2021-06-07 09:32:08,27084.05,0
2021-06-07 09:32:09,27083.7,0
2021-06-07 09:32:10,27084.7,0
2021-06-07 09:32:11,27081.5,0
2021-06-07 09:32:12,27083.9,0
2021-06-07 09:32:13,27082.75,0
2021-06-07 09:32:14,27083.05,0
2021-06-07 09:32:15,27082.8,0
2021-06-07 09:32:16,27083.25,0
2021-06-07 09:32:17,27089.2,0
2021-06-07 09:32:18,27089.55,0
2021-06-07 09:32:20,27085.45,0
2021-06-07 09:32:21,27087.15,0
2021-06-07 09:32:22,27086.4,0
2021-06-07 09:32:23,27086.8,0
2021-06-07 09:32:24,27088.75,0
2021-06-07 09:32:25,27089.9,0
2021-06-07 09:32:26,27089.5,0
2021-06-07 09:32:27,27090.55,0
2021-06-07 09:32:28,27087.7,0
2021-06-07 09:32:29,27089.55,0
2021-06-07 09:32:30,27091.3,0
2021-06-07 09:32:31,27091.9,0
2021-06-07 09:32:32,27092.25,0
2021-06-07 09:32:33,27091.15,0
2021-06-07 09:32:34,27092.4,0
2021-06-07 09:32:35,27095.05,0
2021-06-07 09:32:36,27093.6,0
2021-06-07 09:32:37,27092.95,0
2021-06-07 09:32:38,27094.7,0
2021-06-07 09:32:39,27093.45,0
2021-06-07 09:32:40,27094.45,0
2021-06-07 09:32:41,27094.15,0
2021-06-07 09:32:42,27092.9,0
2021-06-07 09:32:43,27090.85,0
2021-06-07 09:32:44,27093.7,0
2021-06-07 09:32:45,27090.65,0
2021-06-07 09:32:46,27091.65,0
2021-06-07 09:32:47,27089.8,0
2021-06-07 09:32:49,27091.35,0
2021-06-07 09:32:50,27092.4,0
2021-06-07 09:32:53,27093.2,0
2021-06-07 09:32:54,27093.2,0
2021-06-07 09:32:55,27092.75,0
2021-06-07 09:32:56,27095.9,0
2021-06-07 09:32:57,27096.2,0
2021-06-07 09:32:58,27096.5,0
2021-06-07 09:32:59,27096.65,0
2021-06-07 09:33:00,27096.65,0
2021-06-07 09:33:01,27098.8,0
2021-06-07 09:33:02,27101.0,0
2021-06-07 09:33:03,27099.45,0
2021-06-07 09:33:04,27098.8,0
2021-06-07 09:33:05,27101.45,0
2021-06-07 09:33:06,27097.95,0
2021-06-07 09:33:07,27098.9,0
2021-06-07 09:33:08,27097.75,0
2021-06-07 09:33:10,27097.45,0
2021-06-07 09:33:11,27097.75,0
2021-06-07 09:33:12,27097.25,0
2021-06-07 09:33:13,27102.05,0
2021-06-07 09:33:14,27099.55,0
2021-06-07 09:33:15,27100.0,0
2021-06-07 09:33:16,27100.25,0
2021-06-07 09:33:17,27099.85,0
2021-06-07 09:33:18,27100.15,0
2021-06-07 09:33:20,27102.3,0
2021-06-07 09:33:21,27101.55,0
2021-06-07 09:33:22,27104.3,0
2021-06-07 09:33:23,27104.15,0
2021-06-07 09:33:24,27103.25,0
2021-06-07 09:33:25,27102.85,0
2021-06-07 09:33:26,27103.0,0
2021-06-07 09:33:27,27102.2,0
2021-06-07 09:33:28,27103.3,0
2021-06-07 09:33:29,27104.5,0
2021-06-07 09:33:30,27104.2,0
2021-06-07 09:33:31,27103.85,0
2021-06-07 09:33:32,27104.9,0
2021-06-07 09:33:33,27104.45,0
2021-06-07 09:33:35,27104.05,0
2021-06-07 09:33:36,27102.95,0
2021-06-07 09:33:37,27106.95,0
2021-06-07 09:33:38,27106.4,0
2021-06-07 09:33:39,27102.15,0
2021-06-07 09:33:40,27104.05,0
2021-06-07 09:33:41,27105.9,0
2021-06-07 09:33:44,27104.85,0
2021-06-07 09:33:45,27106.0,0
2021-06-07 09:33:46,27104.9,0
2021-06-07 09:33:47,27102.5,0
2021-06-07 09:33:49,27106.5,0
2021-06-07 09:33:50,27107.05,0
2021-06-07 09:33:51,27106.55,0
2021-06-07 09:33:52,27105.15,0
2021-06-07 09:33:53,27104.55,0
2021-06-07 09:33:55,27104.55,0
2021-06-07 09:33:57,27104.7,0
2021-06-07 09:33:58,27105.15,0
2021-06-07 09:33:59,27105.65,0
2021-06-07 09:34:00,27106.0,0
2021-06-07 09:34:01,27105.7,0
2021-06-07 09:34:02,27107.0,0
2021-06-07 09:34:04,27106.9,0
2021-06-07 09:34:05,27106.6,0
2021-06-07 09:34:06,27105.5,0
2021-06-07 09:34:08,27104.7,0
2021-06-07 09:34:09,27107.3,0
2021-06-07 09:34:11,27109.85,0
2021-06-07 09:34:12,27107.55,0
2021-06-07 09:34:13,27110.75,0
2021-06-07 09:34:15,27107.9,0
2021-06-07 09:34:16,27107.9,0
2021-06-07 09:34:17,27107.85,0
2021-06-07 09:34:18,27110.05,0
2021-06-07 09:34:19,27112.55,0
2021-06-07 09:34:20,27110.35,0
2021-06-07 09:34:21,27114.2,0
2021-06-07 09:34:22,27111.0,0
2021-06-07 09:34:23,27112.2,0
2021-06-07 09:34:24,27112.4,0
2021-06-07 09:34:25,27113.1,0
2021-06-07 09:34:26,27112.0,0
2021-06-07 09:34:27,27111.1,0
2021-06-07 09:34:28,27111.7,0
2021-06-07 09:34:29,27116.9,0
2021-06-07 09:34:30,27115.4,0
2021-06-07 09:34:31,27112.5,0
2021-06-07 09:34:32,27112.1,0
2021-06-07 09:34:33,27111.95,0
2021-06-07 09:34:34,27113.5,0
2021-06-07 09:34:37,27114.3,0
2021-06-07 09:34:38,27115.2,0
2021-06-07 09:34:39,27114.15,0
2021-06-07 09:34:40,27114.25,0
2021-06-07 09:34:41,27113.9,0
2021-06-07 09:34:42,27109.1,0
2021-06-07 09:34:44,27110.35,0
2021-06-07 09:34:45,27110.35,0
2021-06-07 09:34:46,27106.5,0
2021-06-07 09:34:47,27106.4,0
2021-06-07 09:34:48,27106.85,0
2021-06-07 09:34:49,27107.0,0
2021-06-07 09:34:50,27105.75,0
2021-06-07 09:34:51,27104.75,0
2021-06-07 09:34:52,27105.65,0
2021-06-07 09:34:53,27106.35,0
2021-06-07 09:34:54,27103.9,0
2021-06-07 09:34:55,27104.5,0
2021-06-07 09:34:56,27105.65,0
2021-06-07 09:34:57,27105.25,0
2021-06-07 09:34:58,27104.8,0
2021-06-07 09:34:59,27104.6,0
2021-06-07 09:35:00,27102.2,0
2021-06-07 09:35:01,27100.4,0
2021-06-07 09:35:02,27102.35,0
2021-06-07 09:35:03,27103.45,0
2021-06-07 09:35:04,27104.2,0
2021-06-07 09:35:05,27101.95,0
2021-06-07 09:35:06,27097.75,0
2021-06-07 09:35:07,27097.45,0
2021-06-07 09:35:08,27095.25,0
2021-06-07 09:35:09,27091.2,0
2021-06-07 09:35:10,27096.9,0
2021-06-07 09:35:11,27090.9,0
2021-06-07 09:35:12,27094.05,0
2021-06-07 09:35:13,27096.1,0
2021-06-07 09:35:14,27096.2,0
2021-06-07 09:35:15,27091.65,0
2021-06-07 09:35:17,27093.4,0
2021-06-07 09:35:18,27092.05,0
2021-06-07 09:35:19,27090.7,0
2021-06-07 09:35:20,27090.95,0
2021-06-07 09:35:22,27094.65,0
2021-06-07 09:35:23,27091.8,0
2021-06-07 09:35:24,27094.5,0
2021-06-07 09:35:25,27094.7,0
2021-06-07 09:35:26,27092.55,0
2021-06-07 09:35:27,27095.65,0
2021-06-07 09:35:28,27095.45,0
2021-06-07 09:35:29,27094.2,0
2021-06-07 09:35:30,27092.55,0
2021-06-07 09:35:31,27093.85,0
2021-06-07 09:35:33,27096.3,0
2021-06-07 09:35:34,27096.75,0
2021-06-07 09:35:36,27097.6,0
2021-06-07 09:35:37,27098.1,0
2021-06-07 09:35:38,27097.5,0
2021-06-07 09:35:39,27096.3,0
2021-06-07 09:35:40,27096.75,0
2021-06-07 09:35:41,27096.05,0
2021-06-07 09:35:42,27099.45,0
2021-06-07 09:35:43,27100.25,0
2021-06-07 09:35:45,27100.1,0
2021-06-07 09:35:46,27100.65,0
2021-06-07 09:35:47,27099.2,0
2021-06-07 09:35:48,27101.05,0
2021-06-07 09:35:49,27099.5,0
2021-06-07 09:35:50,27099.45,0
2021-06-07 09:35:51,27098.25,0
2021-06-07 09:35:53,27099.05,0
2021-06-07 09:35:54,27097.45,0
2021-06-07 09:35:55,27098.15,0
2021-06-07 09:35:56,27099.25,0
2021-06-07 09:35:57,27099.0,0
2021-06-07 09:35:58,27099.95,0
2021-06-07 09:35:59,27100.15,0
2021-06-07 09:36:00,27101.6,0
2021-06-07 09:36:01,27101.65,0
2021-06-07 09:36:02,27102.7,0
2021-06-07 09:36:03,27102.5,0
2021-06-07 09:36:04,27103.95,0
2021-06-07 09:36:05,27099.6,0
2021-06-07 09:36:06,27103.45,0
2021-06-07 09:36:07,27103.05,0
2021-06-07 09:36:08,27108.4,0
2021-06-07 09:36:09,27106.35,0
2021-06-07 09:36:10,27108.35,0
2021-06-07 09:36:11,27103.7,0
2021-06-07 09:36:12,27104.85,0
2021-06-07 09:36:13,27109.2,0
2021-06-07 09:36:14,27106.95,0
2021-06-07 09:36:15,27109.2,0
2021-06-07 09:36:16,27108.2,0
2021-06-07 09:36:18,27108.3,0
2021-06-07 09:36:19,27104.7,0
2021-06-07 09:36:21,27109.6,0
2021-06-07 09:36:22,27109.2,0
2021-06-07 09:36:24,27114.8,0
2021-06-07 09:36:26,27110.65,0
2021-06-07 09:36:27,27106.35,0
2021-06-07 09:36:28,27107.15,0
2021-06-07 09:36:29,27106.2,0
2021-06-07 09:36:30,27107.55,0
2021-06-07 09:36:33,27110.6,0
2021-06-07 09:36:34,27109.5,0
2021-06-07 09:36:35,27110.4,0
2021-06-07 09:36:36,27113.3,0
2021-06-07 09:36:37,27114.95,0
2021-06-07 09:36:39,27120.0,0
2021-06-07 09:36:38,27118.7,0
2021-06-07 09:36:41,27122.35,0
2021-06-07 09:36:42,27123.45,0
2021-06-07 09:36:43,27121.85,0
2021-06-07 09:36:44,27122.05,0
2021-06-07 09:36:45,27126.4,0
2021-06-07 09:36:47,27127.2,0
2021-06-07 09:36:48,27124.25,0
2021-06-07 09:36:49,27126.5,0
2021-06-07 09:36:50,27127.4,0
2021-06-07 09:36:51,27124.9,0
2021-06-07 09:36:52,27127.05,0
2021-06-07 09:36:53,27126.75,0
2021-06-07 09:36:54,27124.8,0
2021-06-07 09:36:56,27125.05,0
2021-06-07 09:36:57,27125.4,0
2021-06-07 09:36:58,27125.1,0
2021-06-07 09:36:59,27128.95,0
2021-06-07 09:37:00,27126.6,0
2021-06-07 09:37:01,27125.7,0
2021-06-07 09:37:02,27125.0,0
2021-06-07 09:37:03,27127.25,0
2021-06-07 09:37:04,27122.85,0
2021-06-07 09:37:05,27127.45,0
2021-06-07 09:37:07,27127.85,0
2021-06-07 09:37:08,27126.85,0
2021-06-07 09:37:09,27127.35,0
2021-06-07 09:37:10,27123.3,0
2021-06-07 09:37:11,27124.3,0
2021-06-07 09:37:13,27125.5,0
2021-06-07 09:37:14,27127.5,0
2021-06-07 09:37:15,27130.2,0
2021-06-07 09:37:16,27128.9,0
2021-06-07 09:37:17,27129.35,0
2021-06-07 09:37:19,27130.35,0
2021-06-07 09:37:20,27131.0,0
2021-06-07 09:37:21,27129.1,0
2021-06-07 09:37:23,27128.85,0
2021-06-07 09:37:24,27127.5,0
2021-06-07 09:37:25,27128.15,0
2021-06-07 09:37:26,27129.25,0
2021-06-07 09:37:27,27127.15,0
2021-06-07 09:37:29,27128.05,0
2021-06-07 09:37:30,27124.9,0
2021-06-07 09:37:31,27128.45,0
2021-06-07 09:37:32,27128.45,0
2021-06-07 09:37:34,27127.75,0
2021-06-07 09:37:35,27126.1,0
2021-06-07 09:37:36,27120.05,0
2021-06-07 09:37:37,27118.8,0
2021-06-07 09:37:38,27121.85,0
2021-06-07 09:37:39,27122.25,0
2021-06-07 09:37:40,27119.3,0
2021-06-07 09:37:41,27122.35,0
2021-06-07 09:37:42,27120.8,0
2021-06-07 09:37:43,27120.95,0
2021-06-07 09:37:44,27118.9,0
2021-06-07 09:37:45,27122.9,0
2021-06-07 09:37:46,27122.25,0
2021-06-07 09:37:47,27121.7,0
2021-06-07 09:37:48,27121.45,0
2021-06-07 09:37:49,27124.2,0
2021-06-07 09:37:50,27121.2,0
2021-06-07 09:37:51,27120.55,0
2021-06-07 09:37:52,27121.55,0
2021-06-07 09:37:53,27122.75,0
2021-06-07 09:37:55,27123.6,0
2021-06-07 09:37:56,27124.5,0
2021-06-07 09:37:57,27121.95,0
2021-06-07 09:37:58,27120.05,0
2021-06-07 09:37:59,27120.95,0
2021-06-07 09:38:00,27121.75,0
2021-06-07 09:38:01,27120.1,0
2021-06-07 09:38:02,27122.15,0
2021-06-07 09:38:03,27119.5,0
2021-06-07 09:38:04,27121.3,0
2021-06-07 09:38:05,27121.55,0
2021-06-07 09:38:06,27124.1,0
2021-06-07 09:38:07,27122.0,0
2021-06-07 09:38:08,27124.35,0
2021-06-07 09:38:09,27121.05,0
2021-06-07 09:38:10,27122.6,0
2021-06-07 09:38:11,27121.95,0
2021-06-07 09:38:12,27119.95,0
2021-06-07 09:38:13,27118.0,0
2021-06-07 09:38:14,27115.15,0
2021-06-07 09:38:16,27116.95,0
2021-06-07 09:38:17,27114.75,0
2021-06-07 09:38:19,27115.8,0
2021-06-07 09:38:22,27116.0,0
2021-06-07 09:38:23,27116.95,0
2021-06-07 09:38:24,27114.95,0
2021-06-07 09:38:25,27116.25,0
2021-06-07 09:38:26,27117.25,0
2021-06-07 09:38:27,27118.4,0
2021-06-07 09:38:28,27119.05,0
2021-06-07 09:38:29,27122.5,0
2021-06-07 09:38:30,27118.1,0
2021-06-07 09:38:31,27120.2,0
2021-06-07 09:38:32,27118.3,0
2021-06-07 09:38:33,27116.6,0
2021-06-07 09:38:34,27118.1,0
2021-06-07 09:38:35,27116.05,0
2021-06-07 09:38:36,27115.65,0
2021-06-07 09:38:37,27115.0,0
2021-06-07 09:38:39,27117.15,0
2021-06-07 09:38:40,27113.9,0
2021-06-07 09:38:41,27115.6,0
2021-06-07 09:38:42,27115.7,0
2021-06-07 09:38:44,27119.65,0
2021-06-07 09:38:45,27115.6,0
2021-06-07 09:38:46,27115.65,0
2021-06-07 09:38:47,27111.25,0
2021-06-07 09:38:48,27110.85,0
2021-06-07 09:38:49,27113.85,0
2021-06-07 09:38:50,27119.35,0
2021-06-07 09:38:51,27118.35,0
2021-06-07 09:38:52,27116.5,0
2021-06-07 09:38:53,27118.0,0
2021-06-07 09:38:56,27115.1,0
2021-06-07 09:38:57,27119.7,0
2021-06-07 09:38:58,27117.7,0
2021-06-07 09:38:59,27117.5,0
2021-06-07 09:39:00,27118.8,0
2021-06-07 09:39:02,27117.75,0
2021-06-07 09:39:04,27119.25,0
2021-06-07 09:39:05,27119.3,0
2021-06-07 09:39:07,27112.1,0
2021-06-07 09:39:08,27108.3,0
2021-06-07 09:39:09,27107.3,0
2021-06-07 09:39:10,27109.25,0
2021-06-07 09:39:11,27108.8,0
2021-06-07 09:39:12,27110.1,0
2021-06-07 09:39:13,27109.35,0
2021-06-07 09:39:14,27111.15,0
2021-06-07 09:39:16,27107.15,0
2021-06-07 09:39:17,27109.85,0
2021-06-07 09:39:18,27106.65,0
2021-06-07 09:39:19,27106.8,0
2021-06-07 09:39:21,27108.5,0
2021-06-07 09:39:22,27107.65,0
2021-06-07 09:39:23,27108.45,0
2021-06-07 09:39:24,27107.55,0
2021-06-07 09:39:25,27111.85,0
2021-06-07 09:39:26,27109.75,0
2021-06-07 09:39:27,27112.65,0
2021-06-07 09:39:28,27110.55,0
2021-06-07 09:39:29,27111.2,0
2021-06-07 09:39:30,27112.1,0
2021-06-07 09:39:31,27111.15,0
2021-06-07 09:39:32,27109.25,0
2021-06-07 09:39:33,27112.2,0
2021-06-07 09:39:35,27106.65,0
2021-06-07 09:39:36,27110.4,0
2021-06-07 09:39:37,27110.35,0
2021-06-07 09:39:38,27108.5,0
2021-06-07 09:39:39,27110.0,0
2021-06-07 09:39:40,27111.0,0
2021-06-07 09:39:41,27109.15,0
2021-06-07 09:39:42,27111.6,0
2021-06-07 09:39:43,27109.35,0
2021-06-07 09:39:44,27110.55,0
2021-06-07 09:39:45,27111.05,0
2021-06-07 09:39:46,27108.8,0
2021-06-07 09:39:47,27108.7,0
2021-06-07 09:39:48,27109.25,0
2021-06-07 09:39:49,27110.0,0
2021-06-07 09:39:50,27108.5,0
2021-06-07 09:39:51,27107.7,0
2021-06-07 09:39:52,27106.1,0
2021-06-07 09:39:53,27106.0,0
2021-06-07 09:39:54,27105.45,0
2021-06-07 09:39:55,27105.35,0
2021-06-07 09:39:56,27102.5,0
2021-06-07 09:39:57,27103.7,0
2021-06-07 09:39:58,27102.8,0
2021-06-07 09:39:59,27102.2,0
2021-06-07 09:40:00,27101.5,0
2021-06-07 09:40:01,27100.5,0
2021-06-07 09:40:02,27101.7,0
2021-06-07 09:40:03,27099.7,0
2021-06-07 09:40:04,27101.15,0
2021-06-07 09:40:05,27097.85,0
2021-06-07 09:40:07,27099.1,0
2021-06-07 09:40:11,27095.1,0
2021-06-07 09:40:12,27098.3,0
2021-06-07 09:40:14,27098.5,0
2021-06-07 09:40:15,27096.55,0
2021-06-07 09:40:16,27104.75,0
2021-06-07 09:40:17,27104.55,0
2021-06-07 09:40:18,27104.2,0
2021-06-07 09:40:19,27103.75,0
2021-06-07 09:40:20,27102.3,0
2021-06-07 09:40:21,27101.95,0
2021-06-07 09:40:22,27104.5,0
2021-06-07 09:40:23,27107.05,0
2021-06-07 09:40:24,27107.15,0
2021-06-07 09:40:25,27105.75,0
2021-06-07 09:40:26,27104.85,0
2021-06-07 09:40:27,27103.95,0
2021-06-07 09:40:28,27104.9,0
2021-06-07 09:40:29,27104.5,0
2021-06-07 09:40:30,27104.65,0
2021-06-07 09:40:31,27104.2,0
2021-06-07 09:40:32,27101.65,0
2021-06-07 09:40:34,27101.55,0
2021-06-07 09:40:35,27098.9,0
2021-06-07 09:40:36,27098.7,0
2021-06-07 09:40:38,27098.05,0
2021-06-07 09:40:39,27096.2,0
2021-06-07 09:40:40,27098.95,0
2021-06-07 09:40:41,27099.8,0
2021-06-07 09:40:43,27100.05,0
2021-06-07 09:40:45,27097.75,0
2021-06-07 09:40:46,27098.1,0
2021-06-07 09:40:47,27099.5,0
2021-06-07 09:40:48,27097.25,0
2021-06-07 09:40:49,27099.3,0
2021-06-07 09:40:50,27096.35,0
2021-06-07 09:40:51,27097.15,0
2021-06-07 09:40:52,27094.0,0
2021-06-07 09:40:53,27091.55,0
2021-06-07 09:40:54,27094.0,0
2021-06-07 09:40:56,27095.35,0
2021-06-07 09:40:57,27092.5,0
2021-06-07 09:40:58,27094.2,0
2021-06-07 09:40:59,27097.15,0
2021-06-07 09:41:00,27094.4,0
2021-06-07 09:41:01,27092.7,0
2021-06-07 09:41:02,27093.05,0
2021-06-07 09:41:03,27093.85,0
2021-06-07 09:41:04,27092.75,0
2021-06-07 09:41:05,27096.75,0
2021-06-07 09:41:06,27095.35,0
2021-06-07 09:41:07,27096.05,0
2021-06-07 09:41:08,27094.35,0
2021-06-07 09:41:09,27094.6,0
2021-06-07 09:41:10,27095.3,0
2021-06-07 09:41:11,27093.55,0
2021-06-07 09:41:12,27095.3,0
2021-06-07 09:41:13,27093.55,0
2021-06-07 09:41:14,27094.45,0
2021-06-07 09:41:15,27093.45,0
2021-06-07 09:41:16,27093.45,0
2021-06-07 09:41:17,27093.5,0
2021-06-07 09:41:18,27094.7,0
2021-06-07 09:41:19,27095.7,0
2021-06-07 09:41:20,27094.45,0
2021-06-07 09:41:21,27093.75,0
2021-06-07 09:41:22,27091.9,0
2021-06-07 09:41:23,27089.2,0
2021-06-07 09:41:24,27088.9,0
2021-06-07 09:41:25,27089.65,0
2021-06-07 09:41:26,27089.85,0
2021-06-07 09:41:27,27090.65,0
2021-06-07 09:41:28,27088.1,0
2021-06-07 09:41:30,27089.05,0
2021-06-07 09:41:31,27088.1,0
2021-06-07 09:41:32,27089.0,0
2021-06-07 09:41:33,27089.4,0
2021-06-07 09:41:34,27087.75,0
2021-06-07 09:41:35,27087.55,0
2021-06-07 09:41:36,27089.65,0
2021-06-07 09:41:37,27092.6,0
2021-06-07 09:41:39,27088.65,0
2021-06-07 09:41:40,27087.85,0
2021-06-07 09:41:42,27091.4,0
2021-06-07 09:41:43,27092.0,0
2021-06-07 09:41:44,27093.9,0
2021-06-07 09:41:45,27092.75,0
2021-06-07 09:41:46,27088.15,0
2021-06-07 09:41:47,27090.6,0
2021-06-07 09:41:48,27089.1,0
2021-06-07 09:41:49,27090.35,0
2021-06-07 09:41:50,27090.0,0
2021-06-07 09:41:51,27092.0,0
2021-06-07 09:41:52,27090.55,0
2021-06-07 09:41:53,27089.45,0
2021-06-07 09:41:54,27090.45,0
2021-06-07 09:41:55,27089.5,0
2021-06-07 09:41:56,27087.25,0
2021-06-07 09:41:57,27085.95,0
2021-06-07 09:41:59,27091.25,0
2021-06-07 09:42:01,27091.75,0
2021-06-07 09:42:02,27090.9,0
2021-06-07 09:42:03,27088.85,0
2021-06-07 09:42:04,27087.4,0
2021-06-07 09:42:05,27088.95,0
2021-06-07 09:42:06,27089.65,0
2021-06-07 09:42:07,27089.4,0
2021-06-07 09:42:08,27090.55,0
2021-06-07 09:42:09,27089.65,0
2021-06-07 09:42:10,27091.3,0
2021-06-07 09:42:11,27090.4,0
2021-06-07 09:42:12,27092.6,0
2021-06-07 09:42:13,27092.25,0
2021-06-07 09:42:14,27091.4,0
2021-06-07 09:42:15,27092.15,0
2021-06-07 09:42:16,27092.2,0
2021-06-07 09:42:17,27091.7,0
2021-06-07 09:42:18,27091.7,0
2021-06-07 09:42:19,27093.0,0
2021-06-07 09:42:20,27091.7,0
2021-06-07 09:42:21,27092.8,0
2021-06-07 09:42:22,27092.25,0
2021-06-07 09:42:23,27091.55,0
2021-06-07 09:42:24,27091.75,0
2021-06-07 09:42:26,27093.95,0
2021-06-07 09:42:27,27093.75,0
2021-06-07 09:42:28,27093.25,0
2021-06-07 09:42:30,27092.6,0
2021-06-07 09:42:31,27095.7,0
2021-06-07 09:42:33,27102.6,0
2021-06-07 09:42:34,27103.25,0
2021-06-07 09:42:36,27103.75,0
2021-06-07 09:42:37,27102.25,0
2021-06-07 09:42:38,27100.7,0
2021-06-07 09:42:39,27100.4,0
2021-06-07 09:42:40,27104.1,0
2021-06-07 09:42:41,27098.0,0
2021-06-07 09:42:42,27103.05,0
2021-06-07 09:42:43,27102.15,0
2021-06-07 09:42:44,27103.5,0
2021-06-07 09:42:45,27099.3,0
2021-06-07 09:42:46,27098.35,0
2021-06-07 09:42:47,27097.2,0
2021-06-07 09:42:48,27096.55,0
2021-06-07 09:42:49,27095.5,0
2021-06-07 09:42:50,27098.7,0
2021-06-07 09:42:51,27095.45,0
2021-06-07 09:42:52,27096.55,0
2021-06-07 09:42:53,27093.65,0
2021-06-07 09:42:54,27095.8,0
2021-06-07 09:42:55,27094.15,0
2021-06-07 09:42:56,27094.0,0
2021-06-07 09:42:57,27095.35,0
2021-06-07 09:42:58,27092.8,0
2021-06-07 09:42:59,27090.65,0
2021-06-07 09:43:00,27090.75,0
2021-06-07 09:43:01,27089.05,0
2021-06-07 09:43:02,27090.45,0
2021-06-07 09:43:03,27085.6,0
2021-06-07 09:43:04,27087.5,0
2021-06-07 09:43:05,27088.95,0
2021-06-07 09:43:06,27088.3,0
2021-06-07 09:43:07,27088.9,0
2021-06-07 09:43:08,27091.75,0
2021-06-07 09:43:10,27090.8,0
2021-06-07 09:43:11,27089.9,0
2021-06-07 09:43:12,27088.45,0
2021-06-07 09:43:13,27087.15,0
2021-06-07 09:43:14,27089.35,0
2021-06-07 09:43:15,27087.3,0
2021-06-07 09:43:16,27092.05,0
2021-06-07 09:43:17,27089.8,0
2021-06-07 09:43:18,27088.9,0
2021-06-07 09:43:19,27088.2,0
2021-06-07 09:43:20,27088.35,0
2021-06-07 09:43:21,27089.3,0
2021-06-07 09:43:23,27088.65,0
2021-06-07 09:43:24,27092.5,0
2021-06-07 09:43:25,27095.65,0
2021-06-07 09:43:26,27097.35,0
2021-06-07 09:43:27,27095.95,0
2021-06-07 09:43:28,27095.35,0
2021-06-07 09:43:29,27094.7,0
2021-06-07 09:43:30,27093.65,0
2021-06-07 09:43:31,27096.1,0
2021-06-07 09:43:32,27092.9,0
2021-06-07 09:43:33,27094.8,0
2021-06-07 09:43:34,27096.65,0
2021-06-07 09:43:35,27096.85,0
2021-06-07 09:43:36,27096.25,0
2021-06-07 09:43:37,27094.25,0
2021-06-07 09:43:38,27095.05,0
2021-06-07 09:43:39,27095.65,0
2021-06-07 09:43:40,27093.7,0
2021-06-07 09:43:42,27094.2,0
2021-06-07 09:43:43,27093.85,0
2021-06-07 09:43:45,27092.3,0
2021-06-07 09:43:46,27092.3,0
2021-06-07 09:43:47,27093.05,0
2021-06-07 09:43:48,27094.2,0
2021-06-07 09:43:49,27094.5,0
2021-06-07 09:43:52,27096.25,0
2021-06-07 09:43:53,27100.5,0
2021-06-07 09:43:54,27101.0,0
2021-06-07 09:43:55,27098.3,0
2021-06-07 09:43:56,27097.25,0
2021-06-07 09:43:57,27098.95,0
2021-06-07 09:43:58,27098.75,0
2021-06-07 09:43:59,27096.25,0
2021-06-07 09:44:00,27100.8,0
2021-06-07 09:44:01,27095.7,0
2021-06-07 09:44:02,27095.75,0
2021-06-07 09:44:03,27095.6,0
2021-06-07 09:44:04,27095.55,0
2021-06-07 09:44:05,27095.35,0
2021-06-07 09:44:06,27096.45,0
2021-06-07 09:44:07,27095.6,0
2021-06-07 09:44:09,27095.75,0
2021-06-07 09:44:11,27092.3,0
2021-06-07 09:44:12,27093.1,0
2021-06-07 09:44:14,27093.9,0
2021-06-07 09:44:15,27093.25,0
2021-06-07 09:44:16,27095.85,0
2021-06-07 09:44:17,27095.45,0
2021-06-07 09:44:19,27096.7,0
2021-06-07 09:44:20,27096.15,0
2021-06-07 09:44:21,27097.1,0
2021-06-07 09:44:22,27097.5,0
2021-06-07 09:44:23,27096.4,0
2021-06-07 09:44:24,27096.65,0
2021-06-07 09:44:25,27096.15,0
2021-06-07 09:44:26,27100.05,0
2021-06-07 09:44:27,27099.55,0
2021-06-07 09:44:29,27098.25,0
2021-06-07 09:44:30,27098.3,0
2021-06-07 09:44:31,27098.85,0
2021-06-07 09:44:32,27099.4,0
2021-06-07 09:44:34,27096.6,0
2021-06-07 09:44:35,27097.85,0
2021-06-07 09:44:36,27099.6,0
2021-06-07 09:44:37,27102.65,0
2021-06-07 09:44:38,27099.05,0
2021-06-07 09:44:39,27099.5,0
2021-06-07 09:44:40,27101.55,0
2021-06-07 09:44:41,27101.25,0
2021-06-07 09:44:42,27100.65,0
2021-06-07 09:44:43,27100.5,0
2021-06-07 09:44:45,27099.85,0
2021-06-07 09:44:46,27101.25,0
2021-06-07 09:44:47,27100.8,0
2021-06-07 09:44:48,27098.65,0
2021-06-07 09:44:49,27098.65,0
2021-06-07 09:44:50,27102.4,0
2021-06-07 09:44:51,27100.95,0
2021-06-07 09:44:52,27097.85,0
2021-06-07 09:44:54,27091.65,0
2021-06-07 09:44:55,27091.45,0
2021-06-07 09:44:56,27091.3,0
2021-06-07 09:44:57,27090.95,0
2021-06-07 09:44:58,27091.0,0
2021-06-07 09:44:59,27092.9,0
2021-06-07 09:45:02,27092.05,0
2021-06-07 09:45:03,27094.05,0
2021-06-07 09:45:04,27092.85,0
2021-06-07 09:45:05,27085.7,0
2021-06-07 09:45:06,27084.75,0
2021-06-07 09:45:07,27083.55,0
2021-06-07 09:45:08,27083.3,0
2021-06-07 09:45:09,27085.5,0
2021-06-07 09:45:10,27084.9,0
2021-06-07 09:45:11,27086.25,0
2021-06-07 09:45:12,27087.2,0
2021-06-07 09:45:13,27082.9,0
2021-06-07 09:45:14,27083.25,0
2021-06-07 09:45:15,27081.8,0
2021-06-07 09:45:16,27086.1,0
2021-06-07 09:45:17,27086.7,0
2021-06-07 09:45:18,27083.65,0
2021-06-07 09:45:20,27083.2,0
2021-06-07 09:45:21,27080.45,0
2021-06-07 09:45:22,27079.4,0
2021-06-07 09:45:23,27078.95,0
2021-06-07 09:45:24,27080.65,0
2021-06-07 09:45:25,27079.6,0
2021-06-07 09:45:26,27081.5,0
2021-06-07 09:45:27,27078.85,0
2021-06-07 09:45:28,27078.1,0
2021-06-07 09:45:29,27079.0,0
2021-06-07 09:45:30,27078.95,0
2021-06-07 09:45:32,27079.45,0
2021-06-07 09:45:33,27075.05,0
2021-06-07 09:45:34,27075.05,0
2021-06-07 09:45:35,27076.5,0
2021-06-07 09:45:36,27077.55,0
2021-06-07 09:45:37,27076.95,0
2021-06-07 09:45:38,27076.75,0
2021-06-07 09:45:39,27075.6,0
2021-06-07 09:45:40,27075.8,0
2021-06-07 09:45:41,27075.9,0
2021-06-07 09:45:42,27077.15,0
2021-06-07 09:45:43,27074.85,0
2021-06-07 09:45:44,27074.9,0
2021-06-07 09:45:45,27075.55,0
2021-06-07 09:45:46,27074.85,0
2021-06-07 09:45:47,27075.2,0
2021-06-07 09:45:48,27076.6,0
2021-06-07 09:45:49,27075.9,0
2021-06-07 09:45:50,27075.85,0
2021-06-07 09:45:51,27075.4,0
2021-06-07 09:45:52,27073.9,0
2021-06-07 09:45:53,27074.55,0
2021-06-07 09:45:54,27076.2,0
2021-06-07 09:45:55,27075.3,0
2021-06-07 09:45:56,27079.05,0
2021-06-07 09:45:57,27078.65,0
2021-06-07 09:45:58,27082.1,0
2021-06-07 09:45:59,27083.5,0
2021-06-07 09:46:00,27084.7,0
2021-06-07 09:46:01,27086.25,0
2021-06-07 09:46:02,27086.15,0
2021-06-07 09:46:03,27083.4,0
2021-06-07 09:46:04,27086.8,0
2021-06-07 09:46:05,27084.35,0
2021-06-07 09:46:07,27084.55,0
2021-06-07 09:46:08,27085.95,0
2021-06-07 09:46:09,27088.95,0
2021-06-07 09:46:10,27087.85,0
2021-06-07 09:46:11,27088.45,0
2021-06-07 09:46:12,27086.65,0
2021-06-07 09:46:13,27083.75,0
2021-06-07 09:46:14,27083.7,0
2021-06-07 09:46:16,27082.15,0
2021-06-07 09:46:17,27084.75,0
2021-06-07 09:46:18,27082.05,0
2021-06-07 09:46:19,27084.55,0
2021-06-07 09:46:20,27083.75,0
2021-06-07 09:46:21,27085.2,0
2021-06-07 09:46:22,27083.5,0
2021-06-07 09:46:24,27084.05,0
2021-06-07 09:46:25,27084.0,0
2021-06-07 09:46:26,27087.0,0
2021-06-07 09:46:27,27088.85,0
2021-06-07 09:46:28,27085.9,0
2021-06-07 09:46:29,27084.95,0
2021-06-07 09:46:31,27090.4,0
2021-06-07 09:46:32,27092.45,0
2021-06-07 09:46:33,27090.2,0
2021-06-07 09:46:35,27091.05,0
2021-06-07 09:46:36,27087.65,0
2021-06-07 09:46:39,27086.75,0
2021-06-07 09:46:42,27092.05,0
2021-06-07 09:46:43,27092.6,0
2021-06-07 09:46:45,27092.35,0
2021-06-07 09:46:46,27091.55,0
2021-06-07 09:46:47,27089.5,0
2021-06-07 09:46:49,27089.7,0
2021-06-07 09:46:50,27090.05,0
2021-06-07 09:46:51,27090.55,0
2021-06-07 09:46:52,27090.7,0
2021-06-07 09:46:53,27091.55,0
2021-06-07 09:46:54,27090.45,0
2021-06-07 09:46:55,27091.7,0
2021-06-07 09:46:56,27090.3,0
2021-06-07 09:46:57,27089.1,0
2021-06-07 09:46:58,27088.15,0
2021-06-07 09:46:59,27089.65,0
2021-06-07 09:47:00,27089.8,0
2021-06-07 09:47:01,27089.6,0
2021-06-07 09:47:02,27089.4,0
2021-06-07 09:47:03,27089.4,0
2021-06-07 09:47:04,27090.25,0
2021-06-07 09:47:05,27087.85,0
2021-06-07 09:47:06,27090.75,0
2021-06-07 09:47:07,27091.1,0
2021-06-07 09:47:08,27089.55,0
2021-06-07 09:47:09,27088.9,0
2021-06-07 09:47:10,27090.15,0
2021-06-07 09:47:11,27092.35,0
2021-06-07 09:47:12,27091.2,0
2021-06-07 09:47:13,27090.15,0
2021-06-07 09:47:14,27089.1,0
2021-06-07 09:47:15,27091.2,0
2021-06-07 09:47:16,27091.8,0
2021-06-07 09:47:17,27091.45,0
2021-06-07 09:47:19,27091.6,0
2021-06-07 09:47:20,27091.7,0
2021-06-07 09:47:21,27091.05,0
2021-06-07 09:47:23,27095.9,0
2021-06-07 09:47:24,27097.15,0
2021-06-07 09:47:25,27100.05,0
2021-06-07 09:47:26,27097.65,0
2021-06-07 09:47:27,27100.05,0
2021-06-07 09:47:28,27097.85,0
2021-06-07 09:47:29,27099.1,0
2021-06-07 09:47:31,27102.7,0
2021-06-07 09:47:32,27102.1,0
2021-06-07 09:47:34,27100.4,0
2021-06-07 09:47:35,27101.45,0
2021-06-07 09:47:36,27101.15,0
2021-06-07 09:47:38,27099.75,0
2021-06-07 09:47:39,27102.15,0
2021-06-07 09:47:40,27103.25,0
2021-06-07 09:47:41,27104.35,0
2021-06-07 09:47:42,27103.85,0
2021-06-07 09:47:44,27103.8,0
2021-06-07 09:47:45,27106.15,0
2021-06-07 09:47:46,27106.0,0
2021-06-07 09:47:48,27105.55,0
2021-06-07 09:47:49,27106.8,0
2021-06-07 09:47:50,27104.45,0
2021-06-07 09:47:51,27103.95,0
2021-06-07 09:47:52,27105.4,0
2021-06-07 09:47:53,27104.75,0
2021-06-07 09:47:54,27104.95,0
2021-06-07 09:47:55,27104.4,0
2021-06-07 09:47:56,27102.45,0
2021-06-07 09:47:57,27103.6,0
2021-06-07 09:47:58,27102.4,0
2021-06-07 09:47:59,27101.15,0
2021-06-07 09:48:00,27101.65,0
2021-06-07 09:48:01,27101.75,0
2021-06-07 09:48:02,27102.45,0
2021-06-07 09:48:03,27100.9,0
2021-06-07 09:48:04,27100.85,0
2021-06-07 09:48:05,27101.85,0
2021-06-07 09:48:06,27100.85,0
2021-06-07 09:48:07,27102.6,0
2021-06-07 09:48:08,27103.2,0
2021-06-07 09:48:09,27101.95,0
2021-06-07 09:48:10,27101.55,0
2021-06-07 09:48:11,27102.3,0
2021-06-07 09:48:12,27103.15,0
2021-06-07 09:48:13,27102.6,0
2021-06-07 09:48:14,27101.7,0
2021-06-07 09:48:16,27100.2,0
2021-06-07 09:48:17,27101.45,0
2021-06-07 09:48:18,27102.05,0
2021-06-07 09:48:19,27101.85,0
2021-06-07 09:48:20,27101.1,0
2021-06-07 09:48:21,27104.85,0
2021-06-07 09:48:22,27103.25,0
2021-06-07 09:48:23,27100.15,0
2021-06-07 09:48:24,27102.85,0
2021-06-07 09:48:25,27103.85,0
2021-06-07 09:48:26,27103.65,0
2021-06-07 09:48:27,27101.9,0
2021-06-07 09:48:28,27105.5,0
2021-06-07 09:48:29,27106.65,0
2021-06-07 09:48:30,27104.35,0
2021-06-07 09:48:31,27109.6,0
2021-06-07 09:48:32,27108.65,0
2021-06-07 09:48:33,27107.35,0
2021-06-07 09:48:34,27106.3,0
2021-06-07 09:48:35,27106.7,0
2021-06-07 09:48:36,27109.65,0
2021-06-07 09:48:37,27109.45,0
2021-06-07 09:48:38,27106.95,0
2021-06-07 09:48:39,27107.9,0
2021-06-07 09:48:40,27107.7,0
2021-06-07 09:48:41,27107.7,0
2021-06-07 09:48:43,27108.7,0
2021-06-07 09:48:44,27110.35,0
2021-06-07 09:48:45,27107.05,0
2021-06-07 09:48:46,27109.1,0
2021-06-07 09:48:47,27109.2,0
2021-06-07 09:48:48,27108.7,0
2021-06-07 09:48:49,27107.5,0
2021-06-07 09:48:50,27107.85,0
2021-06-07 09:48:51,27107.85,0
2021-06-07 09:48:53,27108.9,0
2021-06-07 09:48:55,27107.8,0
2021-06-07 09:48:56,27107.55,0
2021-06-07 09:48:57,27107.65,0
2021-06-07 09:48:58,27104.65,0
2021-06-07 09:49:00,27105.0,0
2021-06-07 09:49:01,27104.15,0
2021-06-07 09:49:03,27105.9,0
2021-06-07 09:49:05,27099.5,0
2021-06-07 09:49:06,27101.35,0
2021-06-07 09:49:07,27100.1,0
2021-06-07 09:49:08,27099.0,0
2021-06-07 09:49:09,27097.7,0
2021-06-07 09:49:10,27100.0,0
2021-06-07 09:49:12,27098.55,0
2021-06-07 09:49:13,27098.7,0
2021-06-07 09:49:14,27098.6,0
2021-06-07 09:49:15,27099.3,0
2021-06-07 09:49:16,27098.75,0
2021-06-07 09:49:17,27098.15,0
2021-06-07 09:49:18,27097.35,0
2021-06-07 09:49:19,27096.85,0
2021-06-07 09:49:20,27097.4,0
2021-06-07 09:49:21,27098.05,0
2021-06-07 09:49:22,27096.75,0
2021-06-07 09:49:23,27098.2,0
2021-06-07 09:49:24,27098.65,0
2021-06-07 09:49:25,27098.45,0
2021-06-07 09:49:28,27095.6,0
2021-06-07 09:49:29,27095.85,0
2021-06-07 09:49:30,27095.2,0
2021-06-07 09:49:31,27096.85,0
2021-06-07 09:49:32,27097.6,0
2021-06-07 09:49:33,27098.4,0
2021-06-07 09:49:34,27099.2,0
2021-06-07 09:49:35,27093.55,0
2021-06-07 09:49:36,27093.2,0
2021-06-07 09:49:37,27096.5,0
2021-06-07 09:49:38,27093.9,0
2021-06-07 09:49:40,27094.8,0
2021-06-07 09:49:41,27100.7,0
2021-06-07 09:49:42,27098.3,0
2021-06-07 09:49:43,27102.2,0
2021-06-07 09:49:44,27102.2,0
2021-06-07 09:49:45,27104.25,0
2021-06-07 09:49:46,27104.0,0
2021-06-07 09:49:47,27104.25,0
2021-06-07 09:49:48,27103.6,0
2021-06-07 09:49:49,27104.5,0
2021-06-07 09:49:50,27103.75,0
2021-06-07 09:49:51,27104.65,0
2021-06-07 09:49:52,27104.0,0
2021-06-07 09:49:54,27103.8,0
2021-06-07 09:49:55,27102.45,0
2021-06-07 09:49:56,27103.55,0
2021-06-07 09:49:57,27098.1,0
2021-06-07 09:49:59,27099.3,0
2021-06-07 09:50:00,27097.4,0
2021-06-07 09:50:01,27097.8,0
2021-06-07 09:50:02,27096.1,0
2021-06-07 09:50:03,27097.85,0
2021-06-07 09:50:04,27096.1,0
2021-06-07 09:50:05,27094.15,0
2021-06-07 09:50:06,27093.35,0
2021-06-07 09:50:08,27094.5,0
2021-06-07 09:50:10,27090.55,0
2021-06-07 09:50:11,27090.6,0
2021-06-07 09:50:12,27091.1,0
2021-06-07 09:50:13,27086.65,0
2021-06-07 09:50:14,27083.2,0
2021-06-07 09:50:15,27083.6,0
2021-06-07 09:50:16,27083.0,0
2021-06-07 09:50:17,27083.05,0
2021-06-07 09:50:18,27084.15,0
2021-06-07 09:50:19,27083.05,0
2021-06-07 09:50:20,27084.05,0
2021-06-07 09:50:21,27082.25,0
2021-06-07 09:50:22,27083.65,0
2021-06-07 09:50:25,27082.55,0
2021-06-07 09:50:26,27081.7,0
2021-06-07 09:50:27,27083.9,0
2021-06-07 09:50:28,27082.0,0
2021-06-07 09:50:29,27082.45,0
2021-06-07 09:50:30,27082.15,0
2021-06-07 09:50:31,27082.25,0
2021-06-07 09:50:32,27082.7,0
2021-06-07 09:50:34,27078.05,0
2021-06-07 09:50:35,27078.0,0
2021-06-07 09:50:36,27080.1,0
2021-06-07 09:50:37,27078.8,0
2021-06-07 09:50:38,27079.55,0
2021-06-07 09:50:39,27079.7,0
2021-06-07 09:50:40,27077.9,0
2021-06-07 09:50:41,27077.5,0
2021-06-07 09:50:42,27078.35,0
2021-06-07 09:50:43,27077.95,0
2021-06-07 09:50:44,27079.85,0
2021-06-07 09:50:45,27079.3,0
2021-06-07 09:50:46,27079.15,0
2021-06-07 09:50:47,27079.8,0
2021-06-07 09:50:48,27078.4,0
2021-06-07 09:50:49,27078.0,0
2021-06-07 09:50:50,27076.9,0
2021-06-07 09:50:51,27077.6,0
2021-06-07 09:50:52,27077.4,0
2021-06-07 09:50:53,27077.15,0
2021-06-07 09:50:54,27073.25,0
2021-06-07 09:50:55,27072.8,0
2021-06-07 09:50:57,27073.05,0
2021-06-07 09:50:58,27071.1,0
2021-06-07 09:50:59,27072.65,0
2021-06-07 09:51:00,27072.3,0
2021-06-07 09:51:02,27065.05,0
2021-06-07 09:51:04,27066.0,0
2021-06-07 09:51:05,27064.3,0
2021-06-07 09:51:06,27061.2,0
2021-06-07 09:51:07,27061.85,0
2021-06-07 09:51:08,27059.5,0
2021-06-07 09:51:09,27059.25,0
2021-06-07 09:51:10,27059.2,0
2021-06-07 09:51:11,27058.15,0
2021-06-07 09:51:12,27056.5,0
2021-06-07 09:51:13,27056.75,0
2021-06-07 09:51:14,27056.45,0
2021-06-07 09:51:15,27053.3,0
2021-06-07 09:51:16,27054.9,0
2021-06-07 09:51:18,27053.15,0
2021-06-07 09:51:19,27056.55,0
2021-06-07 09:51:20,27056.4,0
2021-06-07 09:51:22,27056.65,0
2021-06-07 09:51:24,27055.55,0
2021-06-07 09:51:25,27055.35,0
2021-06-07 09:51:26,27054.6,0
2021-06-07 09:51:27,27056.65,0
2021-06-07 09:51:28,27053.6,0
2021-06-07 09:51:29,27054.7,0
2021-06-07 09:51:30,27054.4,0
2021-06-07 09:51:31,27055.55,0
2021-06-07 09:51:32,27053.2,0
2021-06-07 09:51:33,27052.6,0
2021-06-07 09:51:34,27052.85,0
2021-06-07 09:51:36,27050.4,0
2021-06-07 09:51:37,27046.2,0
2021-06-07 09:51:38,27044.4,0
2021-06-07 09:51:40,27043.9,0
2021-06-07 09:51:41,27043.2,0
2021-06-07 09:51:42,27038.95,0
2021-06-07 09:51:43,27039.7,0
2021-06-07 09:51:44,27043.3,0
2021-06-07 09:51:45,27044.6,0
2021-06-07 09:51:46,27044.25,0
2021-06-07 09:51:47,27044.5,0
2021-06-07 09:51:48,27043.5,0
2021-06-07 09:51:49,27042.4,0
2021-06-07 09:51:50,27041.65,0
2021-06-07 09:51:51,27043.15,0
2021-06-07 09:51:52,27040.25,0
2021-06-07 09:51:53,27041.95,0
2021-06-07 09:51:54,27042.55,0
2021-06-07 09:51:56,27043.25,0
2021-06-07 09:51:58,27041.2,0
2021-06-07 09:52:00,27040.5,0
2021-06-07 09:52:01,27044.15,0
2021-06-07 09:52:02,27045.4,0
2021-06-07 09:52:03,27047.9,0
2021-06-07 09:52:04,27048.4,0
2021-06-07 09:52:05,27042.05,0
2021-06-07 09:52:07,27045.6,0
2021-06-07 09:52:08,27042.7,0
2021-06-07 09:52:09,27043.95,0
2021-06-07 09:52:10,27043.3,0
2021-06-07 09:52:12,27044.45,0
2021-06-07 09:52:13,27041.0,0
2021-06-07 09:52:15,27040.7,0
2021-06-07 09:52:16,27040.65,0
2021-06-07 09:52:17,27041.75,0
2021-06-07 09:52:18,27042.25,0
2021-06-07 09:52:19,27041.05,0
2021-06-07 09:52:20,27041.7,0
2021-06-07 09:52:22,27040.05,0
2021-06-07 09:52:23,27040.05,0
2021-06-07 09:52:25,27040.3,0
2021-06-07 09:52:26,27041.2,0
2021-06-07 09:52:27,27042.9,0
2021-06-07 09:52:28,27041.35,0
2021-06-07 09:52:29,27040.9,0
2021-06-07 09:52:30,27038.6,0
2021-06-07 09:52:31,27043.5,0
2021-06-07 09:52:33,27041.0,0
2021-06-07 09:52:34,27041.75,0
2021-06-07 09:52:35,27044.25,0
2021-06-07 09:52:36,27043.15,0
2021-06-07 09:52:37,27044.65,0
2021-06-07 09:52:38,27043.35,0
2021-06-07 09:52:39,27043.15,0
2021-06-07 09:52:40,27043.25,0
2021-06-07 09:52:41,27050.8,0
2021-06-07 09:52:42,27050.15,0
2021-06-07 09:52:44,27048.5,0
2021-06-07 09:52:45,27047.35,0
2021-06-07 09:52:46,27049.25,0
2021-06-07 09:52:47,27049.0,0
2021-06-07 09:52:48,27046.7,0
2021-06-07 09:52:49,27046.7,0
2021-06-07 09:52:50,27047.7,0
2021-06-07 09:52:53,27043.3,0
2021-06-07 09:52:54,27044.35,0
2021-06-07 09:52:56,27043.15,0
2021-06-07 09:52:57,27044.35,0
2021-06-07 09:52:58,27044.25,0
2021-06-07 09:52:59,27044.3,0
2021-06-07 09:53:00,27043.25,0
2021-06-07 09:53:01,27041.2,0
2021-06-07 09:53:02,27043.85,0
2021-06-07 09:53:03,27043.0,0
2021-06-07 09:53:04,27043.05,0
2021-06-07 09:53:05,27045.25,0
2021-06-07 09:53:06,27044.55,0
2021-06-07 09:53:07,27045.0,0
2021-06-07 09:53:08,27045.9,0
2021-06-07 09:53:10,27044.1,0
2021-06-07 09:53:11,27046.15,0
2021-06-07 09:53:12,27046.3,0
2021-06-07 09:53:13,27046.0,0
2021-06-07 09:53:14,27048.15,0
2021-06-07 09:53:15,27048.15,0
2021-06-07 09:53:17,27048.6,0
2021-06-07 09:53:18,27049.15,0
2021-06-07 09:53:19,27050.1,0
2021-06-07 09:53:20,27051.3,0
2021-06-07 09:53:21,27051.1,0
2021-06-07 09:53:23,27051.5,0
2021-06-07 09:53:26,27051.9,0
2021-06-07 09:53:27,27052.7,0
2021-06-07 09:53:28,27053.85,0
2021-06-07 09:53:29,27053.05,0
2021-06-07 09:53:31,27054.8,0
2021-06-07 09:53:32,27054.8,0
2021-06-07 09:53:33,27054.95,0
2021-06-07 09:53:34,27055.95,0
2021-06-07 09:53:35,27054.65,0
2021-06-07 09:53:36,27056.35,0
2021-06-07 09:53:37,27056.3,0
2021-06-07 09:53:38,27054.9,0
2021-06-07 09:53:39,27055.85,0
2021-06-07 09:53:41,27053.2,0
2021-06-07 09:53:43,27056.6,0
2021-06-07 09:53:44,27056.7,0
2021-06-07 09:53:46,27056.8,0
2021-06-07 09:53:47,27056.5,0
2021-06-07 09:53:48,27058.9,0
2021-06-07 09:53:49,27055.95,0
2021-06-07 09:53:50,27059.05,0
2021-06-07 09:53:51,27059.1,0
2021-06-07 09:53:52,27053.45,0
2021-06-07 09:53:53,27054.0,0
2021-06-07 09:53:54,27056.45,0
2021-06-07 09:53:57,27058.95,0
2021-06-07 09:53:58,27058.85,0
2021-06-07 09:53:59,27057.2,0
2021-06-07 09:54:00,27058.0,0
2021-06-07 09:54:01,27058.5,0
2021-06-07 09:54:02,27058.8,0
2021-06-07 09:54:03,27057.2,0
2021-06-07 09:54:04,27056.95,0
2021-06-07 09:54:06,27053.15,0
2021-06-07 09:54:07,27051.3,0
2021-06-07 09:54:08,27047.35,0
2021-06-07 09:54:09,27050.35,0
2021-06-07 09:54:10,27052.0,0
2021-06-07 09:54:11,27053.1,0
2021-06-07 09:54:12,27051.9,0
2021-06-07 09:54:13,27050.75,0
2021-06-07 09:54:14,27051.4,0
2021-06-07 09:54:15,27050.35,0
2021-06-07 09:54:16,27050.9,0
2021-06-07 09:54:17,27049.9,0
2021-06-07 09:54:18,27048.55,0
2021-06-07 09:54:19,27053.5,0
2021-06-07 09:54:20,27050.5,0
2021-06-07 09:54:21,27049.3,0
2021-06-07 09:54:22,27051.8,0
2021-06-07 09:54:23,27050.55,0
2021-06-07 09:54:24,27050.65,0
2021-06-07 09:54:25,27049.7,0
2021-06-07 09:54:26,27050.3,0
2021-06-07 09:54:27,27050.8,0
2021-06-07 09:54:28,27052.3,0
2021-06-07 09:54:29,27051.45,0
2021-06-07 09:54:30,27053.65,0
2021-06-07 09:54:31,27053.35,0
2021-06-07 09:54:32,27053.5,0
2021-06-07 09:54:33,27054.9,0
2021-06-07 09:54:34,27055.65,0
2021-06-07 09:54:35,27055.55,0
2021-06-07 09:54:36,27056.75,0
2021-06-07 09:54:37,27056.75,0
2021-06-07 09:54:38,27054.75,0
2021-06-07 09:54:39,27056.85,0
2021-06-07 09:54:40,27052.9,0
2021-06-07 09:54:41,27057.0,0
2021-06-07 09:54:42,27054.7,0
2021-06-07 09:54:43,27055.65,0
2021-06-07 09:54:44,27053.8,0
2021-06-07 09:54:45,27056.05,0
2021-06-07 09:54:46,27055.3,0
2021-06-07 09:54:47,27056.5,0
2021-06-07 09:54:48,27055.25,0
2021-06-07 09:54:49,27055.25,0
2021-06-07 09:54:50,27055.65,0
2021-06-07 09:54:51,27057.65,0
2021-06-07 09:54:52,27057.15,0
2021-06-07 09:54:53,27054.4,0
2021-06-07 09:54:54,27053.2,0
2021-06-07 09:54:55,27053.85,0
2021-06-07 09:54:58,27055.45,0
2021-06-07 09:54:59,27053.05,0
2021-06-07 09:55:00,27053.45,0
2021-06-07 09:55:01,27053.0,0
2021-06-07 09:55:02,27053.8,0
2021-06-07 09:55:03,27052.75,0
2021-06-07 09:55:04,27053.75,0
2021-06-07 09:55:05,27050.85,0
2021-06-07 09:55:06,27050.6,0
2021-06-07 09:55:07,27050.05,0
2021-06-07 09:55:08,27051.5,0
2021-06-07 09:55:09,27050.65,0
2021-06-07 09:55:10,27051.8,0
2021-06-07 09:55:12,27050.35,0
2021-06-07 09:55:13,27049.85,0
2021-06-07 09:55:14,27048.85,0
2021-06-07 09:55:15,27047.7,0
2021-06-07 09:55:16,27049.55,0
2021-06-07 09:55:17,27050.85,0
2021-06-07 09:55:18,27049.6,0
2021-06-07 09:55:20,27047.8,0
2021-06-07 09:55:21,27047.05,0
2021-06-07 09:55:22,27048.5,0
2021-06-07 09:55:23,27046.95,0
2021-06-07 09:55:24,27044.05,0
2021-06-07 09:55:25,27045.75,0
2021-06-07 09:55:26,27044.1,0
2021-06-07 09:55:28,27045.0,0
2021-06-07 09:55:29,27046.5,0
2021-06-07 09:55:30,27043.35,0
2021-06-07 09:55:31,27043.9,0
2021-06-07 09:55:32,27045.9,0
2021-06-07 09:55:33,27043.9,0
2021-06-07 09:55:34,27043.65,0
2021-06-07 09:55:35,27046.05,0
2021-06-07 09:55:36,27046.55,0
2021-06-07 09:55:37,27043.85,0
2021-06-07 09:55:38,27046.15,0
2021-06-07 09:55:39,27044.65,0
2021-06-07 09:55:40,27044.3,0
2021-06-07 09:55:42,27045.15,0
2021-06-07 09:55:43,27034.05,0
2021-06-07 09:55:44,27032.6,0
2021-06-07 09:55:45,27033.4,0
2021-06-07 09:55:46,27031.05,0
2021-06-07 09:55:47,27030.4,0
2021-06-07 09:55:48,27026.9,0
2021-06-07 09:55:49,27026.0,0
2021-06-07 09:55:50,27020.95,0
2021-06-07 09:55:51,27021.65,0
2021-06-07 09:55:52,27021.35,0
2021-06-07 09:55:53,27021.9,0
2021-06-07 09:55:54,27021.25,0
2021-06-07 09:55:55,27018.2,0
2021-06-07 09:55:57,27017.85,0
2021-06-07 09:55:58,27017.1,0
2021-06-07 09:55:59,27016.45,0
2021-06-07 09:56:00,27020.4,0
2021-06-07 09:56:01,27013.5,0
2021-06-07 09:56:02,27014.8,0
2021-06-07 09:56:05,27014.3,0
2021-06-07 09:56:06,27014.25,0
2021-06-07 09:56:07,27013.3,0
2021-06-07 09:56:08,27014.55,0
2021-06-07 09:56:09,27010.7,0
2021-06-07 09:56:10,27008.8,0
2021-06-07 09:56:11,27010.65,0
2021-06-07 09:56:12,27010.15,0
2021-06-07 09:56:13,27007.1,0
2021-06-07 09:56:14,27007.4,0
2021-06-07 09:56:15,27007.25,0
2021-06-07 09:56:16,27018.95,0
2021-06-07 09:56:17,27017.85,0
2021-06-07 09:56:18,27015.95,0
2021-06-07 09:56:19,27018.55,0
2021-06-07 09:56:20,27018.45,0
2021-06-07 09:56:21,27017.95,0
2021-06-07 09:56:22,27019.45,0
2021-06-07 09:56:23,27019.05,0
2021-06-07 09:56:24,27020.2,0
2021-06-07 09:56:25,27021.75,0
2021-06-07 09:56:26,27018.05,0
2021-06-07 09:56:27,27021.5,0
2021-06-07 09:56:28,27020.5,0
2021-06-07 09:56:29,27020.1,0
2021-06-07 09:56:30,27016.2,0
2021-06-07 09:56:31,27010.55,0
2021-06-07 09:56:32,27008.35,0
2021-06-07 09:56:33,27004.9,0
2021-06-07 09:56:34,27010.4,0
2021-06-07 09:56:35,27013.65,0
2021-06-07 09:56:36,27013.6,0
2021-06-07 09:56:37,27011.9,0
2021-06-07 09:56:38,27012.0,0
2021-06-07 09:56:40,27012.9,0
2021-06-07 09:56:41,27013.35,0
2021-06-07 09:56:42,27011.25,0
2021-06-07 09:56:44,27011.9,0
2021-06-07 09:56:45,27012.2,0
2021-06-07 09:56:46,27012.7,0
2021-06-07 09:56:47,27012.2,0
2021-06-07 09:56:48,27012.85,0
2021-06-07 09:56:49,27012.85,0
2021-06-07 09:56:50,27013.05,0
2021-06-07 09:56:51,27012.4,0
2021-06-07 09:56:52,27012.2,0
2021-06-07 09:56:53,27010.4,0
2021-06-07 09:56:54,27009.35,0
2021-06-07 09:56:56,27010.85,0
2021-06-07 09:56:57,27011.3,0
2021-06-07 09:56:58,27013.15,0
2021-06-07 09:56:59,27011.65,0
2021-06-07 09:57:00,27011.75,0
2021-06-07 09:57:01,27011.75,0
2021-06-07 09:57:02,27010.1,0
2021-06-07 09:57:03,27011.5,0
2021-06-07 09:57:04,27011.4,0
2021-06-07 09:57:05,27011.6,0
2021-06-07 09:57:06,27015.4,0
2021-06-07 09:57:07,27015.95,0
2021-06-07 09:57:08,27012.65,0
2021-06-07 09:57:09,27012.4,0
2021-06-07 09:57:10,27014.8,0
2021-06-07 09:57:11,27014.6,0
2021-06-07 09:57:12,27015.55,0
2021-06-07 09:57:13,27013.35,0
2021-06-07 09:57:14,27015.8,0
2021-06-07 09:57:15,27013.5,0
2021-06-07 09:57:16,27014.7,0
2021-06-07 09:57:17,27015.65,0
2021-06-07 09:57:18,27014.45,0
2021-06-07 09:57:19,27014.1,0
2021-06-07 09:57:20,27014.3,0
2021-06-07 09:57:21,27014.4,0
2021-06-07 09:57:24,27016.0,0
2021-06-07 09:57:25,27018.15,0
2021-06-07 09:57:26,27017.8,0
2021-06-07 09:57:27,27011.65,0
2021-06-07 09:57:28,27012.6,0
2021-06-07 09:57:29,27015.05,0
2021-06-07 09:57:30,27012.95,0
2021-06-07 09:57:31,27014.65,0
2021-06-07 09:57:32,27015.65,0
2021-06-07 09:57:33,27015.7,0
2021-06-07 09:57:35,27027.1,0
2021-06-07 09:57:36,27026.9,0
2021-06-07 09:57:37,27024.6,0
2021-06-07 09:57:38,27025.7,0
2021-06-07 09:57:39,27026.65,0
2021-06-07 09:57:40,27024.25,0
2021-06-07 09:57:41,27022.05,0
2021-06-07 09:57:42,27022.0,0
2021-06-07 09:57:43,27024.8,0
2021-06-07 09:57:44,27020.9,0
2021-06-07 09:57:45,27022.4,0
2021-06-07 09:57:46,27025.2,0
2021-06-07 09:57:47,27022.2,0
2021-06-07 09:57:48,27020.95,0
2021-06-07 09:57:49,27019.45,0
2021-06-07 09:57:50,27020.45,0
2021-06-07 09:57:51,27022.45,0
2021-06-07 09:57:52,27021.35,0
2021-06-07 09:57:53,27020.45,0
2021-06-07 09:57:54,27018.9,0
2021-06-07 09:57:55,27018.8,0
2021-06-07 09:57:56,27019.2,0
2021-06-07 09:57:58,27017.7,0
2021-06-07 09:57:59,27019.25,0
2021-06-07 09:58:00,27017.7,0
2021-06-07 09:58:01,27018.35,0
2021-06-07 09:58:02,27017.75,0
2021-06-07 09:58:03,27018.15,0
2021-06-07 09:58:04,27018.6,0
2021-06-07 09:58:05,27019.15,0
2021-06-07 09:58:06,27020.2,0
2021-06-07 09:58:07,27021.05,0
2021-06-07 09:58:08,27023.0,0
2021-06-07 09:58:10,27023.9,0
2021-06-07 09:58:11,27021.5,0
2021-06-07 09:58:12,27020.2,0
2021-06-07 09:58:14,27022.7,0
2021-06-07 09:58:15,27023.2,0
2021-06-07 09:58:16,27023.25,0
2021-06-07 09:58:17,27022.8,0
2021-06-07 09:58:20,27023.8,0
2021-06-07 09:58:21,27022.9,0
2021-06-07 09:58:22,27025.75,0
2021-06-07 09:58:23,27026.55,0
2021-06-07 09:58:24,27022.7,0
2021-06-07 09:58:25,27025.95,0
2021-06-07 09:58:27,27028.0,0
2021-06-07 09:58:28,27028.45,0
2021-06-07 09:58:29,27028.6,0
2021-06-07 09:58:30,27029.6,0
2021-06-07 09:58:31,27031.2,0
2021-06-07 09:58:32,27031.65,0
2021-06-07 09:58:33,27028.35,0
2021-06-07 09:58:34,27031.25,0
2021-06-07 09:58:35,27030.9,0
2021-06-07 09:58:37,27033.05,0
2021-06-07 09:58:38,27031.6,0
2021-06-07 09:58:39,27031.65,0
2021-06-07 09:58:40,27031.05,0
2021-06-07 09:58:41,27029.85,0
2021-06-07 09:58:42,27030.15,0
2021-06-07 09:58:43,27030.0,0
2021-06-07 09:58:44,27030.05,0
2021-06-07 09:58:45,27027.3,0
2021-06-07 09:58:46,27028.4,0
2021-06-07 09:58:47,27027.5,0
2021-06-07 09:58:48,27028.15,0
2021-06-07 09:58:50,27028.35,0
2021-06-07 09:58:52,27027.9,0
2021-06-07 09:58:53,27027.4,0
2021-06-07 09:58:54,27027.8,0
2021-06-07 09:58:55,27027.4,0
2021-06-07 09:58:56,27025.75,0
2021-06-07 09:58:57,27027.0,0
2021-06-07 09:58:58,27027.0,0
2021-06-07 09:58:59,27027.05,0
2021-06-07 09:59:00,27025.85,0
2021-06-07 09:59:01,27025.9,0
2021-06-07 09:59:02,27027.2,0
2021-06-07 09:59:03,27028.55,0
2021-06-07 09:59:04,27028.35,0
2021-06-07 09:59:05,27029.0,0
2021-06-07 09:59:06,27031.2,0
2021-06-07 09:59:07,27030.5,0
2021-06-07 09:59:08,27030.8,0
2021-06-07 09:59:09,27030.15,0
2021-06-07 09:59:10,27030.45,0
2021-06-07 09:59:11,27029.85,0
2021-06-07 09:59:12,27029.55,0
2021-06-07 09:59:13,27028.1,0
2021-06-07 09:59:14,27030.1,0
2021-06-07 09:59:15,27033.5,0
2021-06-07 09:59:17,27034.4,0
2021-06-07 09:59:18,27031.0,0
2021-06-07 09:59:19,27030.75,0
2021-06-07 09:59:20,27031.85,0
2021-06-07 09:59:22,27032.6,0
2021-06-07 09:59:23,27032.05,0
2021-06-07 09:59:25,27031.5,0
2021-06-07 09:59:26,27029.95,0
2021-06-07 09:59:27,27029.85,0
2021-06-07 09:59:28,27031.35,0
2021-06-07 09:59:30,27029.65,0
2021-06-07 09:59:31,27029.0,0
2021-06-07 09:59:32,27029.95,0
2021-06-07 09:59:33,27029.7,0
2021-06-07 09:59:34,27031.3,0
2021-06-07 09:59:35,27030.35,0
2021-06-07 09:59:36,27029.45,0
2021-06-07 09:59:37,27029.2,0
2021-06-07 09:59:38,27030.25,0
2021-06-07 09:59:39,27029.35,0
2021-06-07 09:59:40,27030.8,0
2021-06-07 09:59:41,27031.05,0
2021-06-07 09:59:42,27031.2,0
2021-06-07 09:59:44,27029.2,0
2021-06-07 09:59:46,27031.5,0
2021-06-07 09:59:47,27030.45,0
2021-06-07 09:59:48,27029.7,0
2021-06-07 09:59:49,27028.3,0
2021-06-07 09:59:50,27029.1,0
2021-06-07 09:59:51,27028.9,0
2021-06-07 09:59:52,27027.85,0
2021-06-07 09:59:53,27026.9,0
2021-06-07 09:59:54,27027.6,0
2021-06-07 09:59:55,27026.75,0
2021-06-07 09:59:56,27027.4,0
2021-06-07 09:59:57,27028.05,0
2021-06-07 09:59:58,27028.05,0
2021-06-07 10:00:01,27028.25,0
2021-06-07 10:00:02,27028.25,0
2021-06-07 10:00:03,27030.9,0
2021-06-07 10:00:05,27030.95,0
2021-06-07 10:00:06,27031.75,0
2021-06-07 10:00:07,27030.85,0
2021-06-07 10:00:08,27029.95,0
2021-06-07 10:00:09,27029.75,0
2021-06-07 10:00:10,27030.1,0
2021-06-07 10:00:11,27031.7,0
2021-06-07 10:00:12,27031.55,0
2021-06-07 10:00:13,27031.85,0
2021-06-07 10:00:14,27032.8,0
2021-06-07 10:00:15,27030.85,0
2021-06-07 10:00:16,27033.9,0
2021-06-07 10:00:17,27032.95,0
2021-06-07 10:00:18,27031.45,0
2021-06-07 10:00:20,27032.35,0
2021-06-07 10:00:21,27033.25,0
2021-06-07 10:00:22,27032.95,0
2021-06-07 10:00:23,27032.95,0
2021-06-07 10:00:24,27032.3,0
2021-06-07 10:00:25,27030.2,0
2021-06-07 10:00:26,27031.5,0
2021-06-07 10:00:27,27033.05,0
2021-06-07 10:00:28,27032.6,0
2021-06-07 10:00:29,27032.85,0
2021-06-07 10:00:30,27032.4,0
2021-06-07 10:00:32,27029.6,0
2021-06-07 10:00:33,27029.65,0
2021-06-07 10:00:35,27030.1,0
2021-06-07 10:00:36,27029.8,0
2021-06-07 10:00:38,27030.45,0
2021-06-07 10:00:39,27030.3,0
2021-06-07 10:00:40,27028.9,0
2021-06-07 10:00:41,27028.55,0
2021-06-07 10:00:42,27029.05,0
2021-06-07 10:00:43,27029.05,0
2021-06-07 10:00:44,27030.95,0
2021-06-07 10:00:45,27035.6,0
2021-06-07 10:00:46,27034.75,0
2021-06-07 10:00:47,27036.15,0
2021-06-07 10:00:48,27035.6,0
2021-06-07 10:00:49,27035.8,0
2021-06-07 10:00:50,27037.05,0
2021-06-07 10:00:52,27037.1,0
2021-06-07 10:00:53,27037.45,0
2021-06-07 10:00:54,27035.45,0
2021-06-07 10:00:56,27037.05,0
2021-06-07 10:00:57,27034.75,0
2021-06-07 10:00:58,27034.6,0
2021-06-07 10:00:59,27036.9,0
2021-06-07 10:01:00,27036.05,0
2021-06-07 10:01:01,27034.85,0
2021-06-07 10:01:02,27034.45,0
2021-06-07 10:01:04,27035.75,0
2021-06-07 10:01:05,27035.05,0
2021-06-07 10:01:06,27034.95,0
2021-06-07 10:01:07,27035.2,0
2021-06-07 10:01:08,27033.9,0
2021-06-07 10:01:09,27034.05,0
2021-06-07 10:01:10,27034.55,0
2021-06-07 10:01:11,27033.4,0
2021-06-07 10:01:12,27033.2,0
2021-06-07 10:01:13,27031.25,0
2021-06-07 10:01:14,27028.15,0
2021-06-07 10:01:15,27029.1,0
2021-06-07 10:01:16,27029.4,0
2021-06-07 10:01:17,27029.6,0
2021-06-07 10:01:18,27030.15,0
2021-06-07 10:01:20,27030.75,0
2021-06-07 10:01:21,27030.5,0
2021-06-07 10:01:22,27032.5,0
2021-06-07 10:01:23,27032.25,0
2021-06-07 10:01:24,27032.2,0
2021-06-07 10:01:25,27031.05,0
2021-06-07 10:01:26,27031.45,0
2021-06-07 10:01:27,27030.0,0
2021-06-07 10:01:28,27028.55,0
2021-06-07 10:01:29,27030.95,0
2021-06-07 10:01:30,27030.85,0
2021-06-07 10:01:31,27030.15,0
2021-06-07 10:01:32,27030.95,0
2021-06-07 10:01:33,27032.05,0
2021-06-07 10:01:34,27032.25,0
2021-06-07 10:01:35,27032.2,0
2021-06-07 10:01:36,27032.15,0
2021-06-07 10:01:37,27032.1,0
2021-06-07 10:01:38,27033.9,0
2021-06-07 10:01:39,27033.35,0
2021-06-07 10:01:40,27032.15,0
2021-06-07 10:01:41,27032.15,0
2021-06-07 10:01:42,27033.35,0
2021-06-07 10:01:43,27034.5,0
2021-06-07 10:01:44,27034.55,0
2021-06-07 10:01:45,27033.05,0
2021-06-07 10:01:46,27033.8,0
2021-06-07 10:01:47,27033.8,0
2021-06-07 10:01:48,27033.5,0
2021-06-07 10:01:49,27033.15,0
2021-06-07 10:01:50,27035.3,0
2021-06-07 10:01:51,27035.7,0
2021-06-07 10:01:52,27034.55,0
2021-06-07 10:01:53,27034.85,0
2021-06-07 10:01:54,27033.8,0
2021-06-07 10:01:55,27033.45,0
2021-06-07 10:01:57,27033.95,0
2021-06-07 10:01:58,27033.05,0
2021-06-07 10:01:59,27033.65,0
2021-06-07 10:02:00,27031.6,0
2021-06-07 10:02:01,27031.4,0
2021-06-07 10:02:02,27033.0,0
2021-06-07 10:02:03,27032.05,0
2021-06-07 10:02:04,27031.4,0
2021-06-07 10:02:05,27031.5,0
2021-06-07 10:02:06,27031.95,0
2021-06-07 10:02:07,27030.65,0
2021-06-07 10:02:08,27031.85,0
2021-06-07 10:02:09,27031.8,0
2021-06-07 10:02:10,27032.5,0
2021-06-07 10:02:11,27032.2,0
2021-06-07 10:02:13,27033.1,0
2021-06-07 10:02:14,27033.9,0
2021-06-07 10:02:15,27040.1,0
2021-06-07 10:02:16,27044.0,0
2021-06-07 10:02:17,27040.95,0
2021-06-07 10:02:18,27040.9,0
2021-06-07 10:02:19,27042.7,0
2021-06-07 10:02:20,27042.75,0
2021-06-07 10:02:21,27042.9,0
2021-06-07 10:02:22,27042.85,0
2021-06-07 10:02:23,27043.85,0
2021-06-07 10:02:24,27043.95,0
2021-06-07 10:02:26,27045.9,0
2021-06-07 10:02:27,27049.5,0
2021-06-07 10:02:28,27047.95,0
2021-06-07 10:02:29,27045.4,0
2021-06-07 10:02:30,27044.75,0
2021-06-07 10:02:31,27049.15,0
2021-06-07 10:02:33,27048.6,0
2021-06-07 10:02:34,27048.35,0
2021-06-07 10:02:35,27043.2,0
2021-06-07 10:02:36,27042.85,0
2021-06-07 10:02:37,27038.9,0
2021-06-07 10:02:38,27038.0,0
2021-06-07 10:02:39,27037.45,0
2021-06-07 10:02:41,27036.85,0
2021-06-07 10:02:42,27037.15,0
2021-06-07 10:02:43,27037.05,0
2021-06-07 10:02:44,27037.3,0
2021-06-07 10:02:46,27037.25,0
2021-06-07 10:02:47,27034.4,0
2021-06-07 10:02:48,27034.55,0
2021-06-07 10:02:49,27033.55,0
2021-06-07 10:02:50,27033.0,0
2021-06-07 10:02:51,27034.05,0
2021-06-07 10:02:52,27035.75,0
2021-06-07 10:02:54,27035.7,0
2021-06-07 10:02:56,27036.05,0
2021-06-07 10:02:57,27036.1,0
2021-06-07 10:02:58,27033.7,0
2021-06-07 10:02:59,27035.45,0
2021-06-07 10:03:00,27036.4,0
2021-06-07 10:03:01,27036.35,0
2021-06-07 10:03:02,27038.35,0
2021-06-07 10:03:04,27039.9,0
2021-06-07 10:03:05,27039.4,0
2021-06-07 10:03:06,27039.1,0
2021-06-07 10:03:07,27039.6,0
2021-06-07 10:03:08,27039.35,0
2021-06-07 10:03:09,27039.3,0
2021-06-07 10:03:10,27038.95,0
2021-06-07 10:03:11,27037.55,0
2021-06-07 10:03:12,27038.05,0
2021-06-07 10:03:13,27037.95,0
2021-06-07 10:03:14,27037.85,0
2021-06-07 10:03:15,27038.85,0
2021-06-07 10:03:16,27038.7,0
2021-06-07 10:03:17,27037.75,0
2021-06-07 10:03:18,27037.95,0
2021-06-07 10:03:20,27039.7,0
2021-06-07 10:03:21,27040.25,0
2021-06-07 10:03:22,27038.05,0
2021-06-07 10:03:23,27038.45,0
2021-06-07 10:03:25,27040.05,0
2021-06-07 10:03:27,27039.95,0
2021-06-07 10:03:28,27040.45,0
2021-06-07 10:03:30,27038.4,0
2021-06-07 10:03:31,27040.35,0
2021-06-07 10:03:32,27039.5,0
2021-06-07 10:03:33,27038.35,0
2021-06-07 10:03:34,27040.25,0
2021-06-07 10:03:35,27037.75,0
2021-06-07 10:03:36,27038.65,0
2021-06-07 10:03:37,27041.2,0
2021-06-07 10:03:38,27039.75,0
2021-06-07 10:03:39,27040.0,0
2021-06-07 10:03:40,27037.75,0
2021-06-07 10:03:41,27039.9,0
2021-06-07 10:03:42,27041.05,0
2021-06-07 10:03:43,27043.4,0
2021-06-07 10:03:44,27042.2,0
2021-06-07 10:03:46,27043.05,0
2021-06-07 10:03:45,27042.65,0
2021-06-07 10:03:47,27042.3,0
2021-06-07 10:03:48,27045.85,0
2021-06-07 10:03:49,27046.75,0
2021-06-07 10:03:50,27051.25,0
2021-06-07 10:03:51,27047.5,0
2021-06-07 10:03:52,27046.2,0
2021-06-07 10:03:53,27049.6,0
2021-06-07 10:03:55,27047.35,0
2021-06-07 10:03:56,27048.3,0
2021-06-07 10:03:57,27050.2,0
2021-06-07 10:03:58,27050.5,0
2021-06-07 10:03:59,27050.9,0
2021-06-07 10:04:00,27049.95,0
2021-06-07 10:04:01,27044.65,0
2021-06-07 10:04:02,27046.1,0
2021-06-07 10:04:04,27046.75,0
2021-06-07 10:04:05,27046.95,0
2021-06-07 10:04:06,27046.8,0
2021-06-07 10:04:07,27047.4,0
2021-06-07 10:04:08,27045.2,0
2021-06-07 10:04:09,27045.45,0
2021-06-07 10:04:10,27045.2,0
2021-06-07 10:04:11,27046.15,0
2021-06-07 10:04:12,27046.1,0
2021-06-07 10:04:13,27044.0,0
2021-06-07 10:04:14,27042.4,0
2021-06-07 10:04:15,27042.15,0
2021-06-07 10:04:16,27040.4,0
2021-06-07 10:04:17,27040.85,0
2021-06-07 10:04:18,27043.25,0
2021-06-07 10:04:19,27041.95,0
2021-06-07 10:04:20,27041.5,0
2021-06-07 10:04:21,27042.15,0
2021-06-07 10:04:23,27039.5,0
2021-06-07 10:04:24,27041.4,0
2021-06-07 10:04:25,27042.9,0
2021-06-07 10:04:26,27043.25,0
2021-06-07 10:04:27,27039.35,0
2021-06-07 10:04:28,27036.75,0
2021-06-07 10:04:29,27038.0,0
2021-06-07 10:04:30,27037.1,0
2021-06-07 10:04:31,27039.6,0
2021-06-07 10:04:32,27038.45,0
2021-06-07 10:04:33,27038.1,0
2021-06-07 10:04:34,27036.2,0
2021-06-07 10:04:35,27037.3,0
2021-06-07 10:04:36,27039.15,0
2021-06-07 10:04:37,27036.15,0
2021-06-07 10:04:38,27036.65,0
2021-06-07 10:04:39,27037.3,0
2021-06-07 10:04:40,27037.5,0
2021-06-07 10:04:41,27038.95,0
2021-06-07 10:04:42,27037.35,0
2021-06-07 10:04:43,27033.9,0
2021-06-07 10:04:44,27033.45,0
2021-06-07 10:04:45,27035.75,0
2021-06-07 10:04:46,27034.45,0
2021-06-07 10:04:47,27032.25,0
2021-06-07 10:04:48,27032.95,0
2021-06-07 10:04:49,27032.75,0
2021-06-07 10:04:50,27031.45,0
2021-06-07 10:04:52,27029.35,0
2021-06-07 10:04:53,27031.65,0
2021-06-07 10:04:55,27030.35,0
2021-06-07 10:04:56,27032.65,0
2021-06-07 10:04:57,27031.5,0
2021-06-07 10:04:58,27031.1,0
2021-06-07 10:04:59,27030.5,0
2021-06-07 10:05:00,27032.2,0
2021-06-07 10:05:01,27032.6,0
2021-06-07 10:05:02,27031.6,0
2021-06-07 10:05:03,27032.35,0
2021-06-07 10:05:05,27031.5,0
2021-06-07 10:05:06,27032.1,0
2021-06-07 10:05:07,27031.35,0
2021-06-07 10:05:08,27028.7,0
2021-06-07 10:05:09,27028.2,0
2021-06-07 10:05:10,27029.35,0
2021-06-07 10:05:11,27029.8,0
2021-06-07 10:05:12,27029.1,0
2021-06-07 10:05:13,27031.15,0
2021-06-07 10:05:14,27029.3,0
2021-06-07 10:05:16,27029.9,0
2021-06-07 10:05:17,27029.75,0
2021-06-07 10:05:18,27027.45,0
2021-06-07 10:05:19,27027.2,0
2021-06-07 10:05:21,27026.9,0
2021-06-07 10:05:22,27025.25,0
2021-06-07 10:05:23,27023.05,0
2021-06-07 10:05:24,27021.2,0
2021-06-07 10:05:25,27024.5,0
2021-06-07 10:05:26,27024.45,0
2021-06-07 10:05:27,27025.1,0
2021-06-07 10:05:28,27026.65,0
2021-06-07 10:05:29,27022.4,0
2021-06-07 10:05:30,27022.75,0
2021-06-07 10:05:31,27023.0,0
2021-06-07 10:05:32,27021.8,0
2021-06-07 10:05:33,27023.3,0
2021-06-07 10:05:34,27023.45,0
2021-06-07 10:05:35,27022.15,0
2021-06-07 10:05:36,27020.85,0
2021-06-07 10:05:37,27021.6,0
2021-06-07 10:05:38,27022.55,0
2021-06-07 10:05:39,27021.3,0
2021-06-07 10:05:40,27020.8,0
2021-06-07 10:05:41,27020.45,0
2021-06-07 10:05:42,27020.9,0
2021-06-07 10:05:43,27020.9,0
2021-06-07 10:05:45,27018.9,0
2021-06-07 10:05:46,27019.75,0
2021-06-07 10:05:47,27020.2,0
2021-06-07 10:05:48,27019.3,0
2021-06-07 10:05:49,27020.55,0
2021-06-07 10:05:50,27016.15,0
2021-06-07 10:05:51,27014.2,0
2021-06-07 10:05:52,27015.55,0
2021-06-07 10:05:54,27017.25,0
2021-06-07 10:05:55,27017.0,0
2021-06-07 10:05:56,27014.55,0
2021-06-07 10:05:57,27015.9,0
2021-06-07 10:05:58,27015.95,0
2021-06-07 10:06:00,27016.0,0
2021-06-07 10:06:01,27017.4,0
2021-06-07 10:06:02,27011.15,0
2021-06-07 10:06:03,27013.1,0
2021-06-07 10:06:04,27015.25,0
2021-06-07 10:06:05,27012.9,0
2021-06-07 10:06:06,27010.5,0
2021-06-07 10:06:07,27012.15,0
2021-06-07 10:06:08,27011.8,0
2021-06-07 10:06:13,27013.25,0
2021-06-07 10:06:14,27010.35,0
2021-06-07 10:06:15,27011.8,0
2021-06-07 10:06:16,27009.4,0
2021-06-07 10:06:17,27009.25,0
2021-06-07 10:06:18,27007.55,0
2021-06-07 10:06:19,27006.4,0
2021-06-07 10:06:20,27011.0,0
2021-06-07 10:06:22,27003.85,0
2021-06-07 10:06:23,27005.35,0
2021-06-07 10:06:24,27007.7,0
2021-06-07 10:06:25,27004.85,0
2021-06-07 10:06:28,27001.35,0
2021-06-07 10:06:29,27002.55,0
2021-06-07 10:06:30,27006.45,0
2021-06-07 10:06:31,27004.6,0
2021-06-07 10:06:32,27002.95,0
2021-06-07 10:06:33,27003.0,0
2021-06-07 10:06:34,27002.75,0
2021-06-07 10:06:35,26997.8,0
2021-06-07 10:06:36,26999.75,0
2021-06-07 10:06:37,27000.75,0
2021-06-07 10:06:38,27003.0,0
2021-06-07 10:06:39,27003.3,0
2021-06-07 10:06:40,27003.4,0
2021-06-07 10:06:41,26999.95,0
2021-06-07 10:06:42,27001.4,0
2021-06-07 10:06:43,27001.4,0
2021-06-07 10:06:44,27002.9,0
2021-06-07 10:06:45,27003.25,0
2021-06-07 10:06:46,27004.0,0
2021-06-07 10:06:47,27003.5,0
2021-06-07 10:06:48,27004.75,0
2021-06-07 10:06:50,27002.05,0
2021-06-07 10:06:51,26999.15,0
2021-06-07 10:06:52,27002.1,0
2021-06-07 10:06:53,27004.45,0
2021-06-07 10:06:54,27004.5,0
2021-06-07 10:06:56,27004.8,0
2021-06-07 10:06:57,27003.05,0
2021-06-07 10:06:58,27002.75,0
2021-06-07 10:06:59,27002.35,0
2021-06-07 10:07:01,27004.95,0
2021-06-07 10:07:02,27004.95,0
2021-06-07 10:07:03,27005.85,0
2021-06-07 10:07:04,27006.4,0
2021-06-07 10:07:05,27008.6,0
2021-06-07 10:07:07,27008.75,0
2021-06-07 10:07:08,27007.35,0
2021-06-07 10:07:09,27010.3,0
2021-06-07 10:07:10,27006.85,0
2021-06-07 10:07:11,27008.0,0
2021-06-07 10:07:12,27007.7,0
2021-06-07 10:07:13,27010.3,0
2021-06-07 10:07:14,27008.3,0
2021-06-07 10:07:15,27007.85,0
2021-06-07 10:07:16,27006.4,0
2021-06-07 10:07:17,27007.15,0
2021-06-07 10:07:18,27006.1,0
2021-06-07 10:07:19,27008.4,0
2021-06-07 10:07:20,27009.1,0
2021-06-07 10:07:21,27009.3,0
2021-06-07 10:07:22,27010.65,0
2021-06-07 10:07:23,27010.65,0
2021-06-07 10:07:24,27009.8,0
2021-06-07 10:07:25,27010.6,0
2021-06-07 10:07:26,27011.0,0
2021-06-07 10:07:27,27011.4,0
2021-06-07 10:07:28,27010.9,0
2021-06-07 10:07:29,27009.75,0
2021-06-07 10:07:31,27012.05,0
2021-06-07 10:07:32,27011.65,0
2021-06-07 10:07:33,27012.65,0
2021-06-07 10:07:34,27011.9,0
2021-06-07 10:07:35,27012.6,0
2021-06-07 10:07:36,27013.15,0
2021-06-07 10:07:38,27015.6,0
2021-06-07 10:07:39,27015.65,0
2021-06-07 10:07:40,27015.7,0
2021-06-07 10:07:41,27015.15,0
2021-06-07 10:07:42,27017.2,0
2021-06-07 10:07:43,27012.2,0
2021-06-07 10:07:44,27014.3,0
2021-06-07 10:07:45,27014.05,0
2021-06-07 10:07:46,27013.7,0
2021-06-07 10:07:47,27013.65,0
2021-06-07 10:07:48,27014.7,0
2021-06-07 10:07:50,27015.05,0
2021-06-07 10:07:51,27014.05,0
2021-06-07 10:07:52,27013.95,0
2021-06-07 10:07:53,27015.4,0
2021-06-07 10:07:54,27015.3,0
2021-06-07 10:07:55,27015.2,0
2021-06-07 10:07:56,27014.75,0
2021-06-07 10:07:57,27014.75,0
2021-06-07 10:07:58,27014.8,0
2021-06-07 10:07:59,27014.05,0
2021-06-07 10:08:00,27015.2,0
2021-06-07 10:08:01,27015.1,0
2021-06-07 10:08:03,27017.15,0
2021-06-07 10:08:04,27017.4,0
2021-06-07 10:08:05,27017.4,0
2021-06-07 10:08:06,27017.75,0
2021-06-07 10:08:07,27018.2,0
2021-06-07 10:08:08,27017.35,0
2021-06-07 10:08:09,27019.35,0
2021-06-07 10:08:10,27019.35,0
2021-06-07 10:08:11,27019.65,0
2021-06-07 10:08:12,27018.05,0
2021-06-07 10:08:13,27018.05,0
2021-06-07 10:08:14,27018.35,0
2021-06-07 10:08:15,27018.8,0
2021-06-07 10:08:16,27018.9,0
2021-06-07 10:08:17,27018.6,0
2021-06-07 10:08:18,27018.15,0
2021-06-07 10:08:19,27018.45,0
2021-06-07 10:08:20,27017.4,0
2021-06-07 10:08:21,27016.25,0
2021-06-07 10:08:22,27017.0,0
2021-06-07 10:08:23,27015.6,0
2021-06-07 10:08:24,27016.5,0
2021-06-07 10:08:25,27019.75,0
2021-06-07 10:08:26,27020.7,0
2021-06-07 10:08:27,27020.05,0
2021-06-07 10:08:29,27019.25,0
2021-06-07 10:08:30,27019.3,0
2021-06-07 10:08:31,27020.35,0
2021-06-07 10:08:33,27022.25,0
2021-06-07 10:08:34,27021.55,0
2021-06-07 10:08:35,27021.25,0
2021-06-07 10:08:36,27021.95,0
2021-06-07 10:08:38,27021.7,0
2021-06-07 10:08:39,27019.2,0
2021-06-07 10:08:40,27020.5,0
2021-06-07 10:08:42,27019.6,0
2021-06-07 10:08:43,27018.35,0
2021-06-07 10:08:45,27020.45,0
2021-06-07 10:08:47,27020.5,0
2021-06-07 10:08:48,27018.35,0
2021-06-07 10:08:49,27018.45,0
2021-06-07 10:08:50,27018.05,0
2021-06-07 10:08:51,27016.4,0
2021-06-07 10:08:52,27015.4,0
2021-06-07 10:08:53,27015.5,0
2021-06-07 10:08:54,27012.65,0
2021-06-07 10:08:55,27013.9,0
2021-06-07 10:08:56,27014.8,0
2021-06-07 10:08:57,27012.25,0
2021-06-07 10:08:58,27014.0,0
2021-06-07 10:08:59,27012.8,0
2021-06-07 10:09:00,27012.3,0
2021-06-07 10:09:01,27013.8,0
2021-06-07 10:09:02,27013.8,0
2021-06-07 10:09:03,27011.6,0
2021-06-07 10:09:04,27012.15,0
2021-06-07 10:09:05,27014.15,0
2021-06-07 10:09:06,27013.8,0
2021-06-07 10:09:07,27012.3,0
2021-06-07 10:09:08,27012.65,0
2021-06-07 10:09:09,27010.95,0
2021-06-07 10:09:10,27009.85,0
2021-06-07 10:09:11,27011.0,0
2021-06-07 10:09:12,27008.75,0
2021-06-07 10:09:13,27008.5,0
2021-06-07 10:09:14,27008.7,0
2021-06-07 10:09:15,27007.6,0
2021-06-07 10:09:16,27008.3,0
2021-06-07 10:09:17,27006.75,0
2021-06-07 10:09:18,27003.3,0
2021-06-07 10:09:19,26999.7,0
2021-06-07 10:09:20,27002.05,0
2021-06-07 10:09:21,27008.35,0
2021-06-07 10:09:22,27016.05,0
2021-06-07 10:09:23,27015.45,0
2021-06-07 10:09:24,27012.7,0
2021-06-07 10:09:25,27012.75,0
2021-06-07 10:09:26,27016.4,0
2021-06-07 10:09:27,27014.9,0
2021-06-07 10:09:28,27014.9,0
2021-06-07 10:09:29,27012.25,0
2021-06-07 10:09:30,27018.9,0
2021-06-07 10:09:31,27019.9,0
2021-06-07 10:09:33,27021.8,0
2021-06-07 10:09:34,27023.55,0
2021-06-07 10:09:35,27029.75,0
2021-06-07 10:09:36,27027.4,0
2021-06-07 10:09:37,27027.9,0
2021-06-07 10:09:38,27027.3,0
2021-06-07 10:09:39,27022.45,0
2021-06-07 10:09:40,27022.65,0
2021-06-07 10:09:41,27021.65,0
2021-06-07 10:09:42,27017.9,0
2021-06-07 10:09:43,27018.95,0
2021-06-07 10:09:44,27018.55,0
2021-06-07 10:09:45,27014.05,0
2021-06-07 10:09:47,27014.0,0
2021-06-07 10:09:48,27009.95,0
2021-06-07 10:09:49,27010.5,0
2021-06-07 10:09:50,27011.7,0
2021-06-07 10:09:51,27009.2,0
2021-06-07 10:09:52,27009.45,0
2021-06-07 10:09:53,27008.45,0
2021-06-07 10:09:54,27005.5,0
2021-06-07 10:09:55,27005.85,0
2021-06-07 10:09:56,27006.8,0
2021-06-07 10:09:57,27006.8,0
2021-06-07 10:09:58,27013.0,0
2021-06-07 10:09:59,27015.3,0
2021-06-07 10:10:00,27013.65,0
2021-06-07 10:10:01,27010.85,0
2021-06-07 10:10:02,27014.35,0
2021-06-07 10:10:03,27013.75,0
2021-06-07 10:10:04,27013.25,0
2021-06-07 10:10:05,27014.15,0
2021-06-07 10:10:06,27013.45,0
2021-06-07 10:10:07,27014.55,0
2021-06-07 10:10:08,27018.6,0
2021-06-07 10:10:10,27015.8,0
2021-06-07 10:10:11,27015.15,0
2021-06-07 10:10:12,27023.3,0
2021-06-07 10:10:13,27020.05,0
2021-06-07 10:10:14,27021.5,0
2021-06-07 10:10:15,27023.2,0
2021-06-07 10:10:16,27022.15,0
2021-06-07 10:10:17,27023.4,0
2021-06-07 10:10:18,27024.55,0
2021-06-07 10:10:19,27021.5,0
2021-06-07 10:10:20,27021.0,0
2021-06-07 10:10:21,27020.55,0
2021-06-07 10:10:22,27021.6,0
2021-06-07 10:10:23,27021.35,0
2021-06-07 10:10:24,27021.4,0
2021-06-07 10:10:25,27022.05,0
2021-06-07 10:10:26,27022.15,0
2021-06-07 10:10:27,27023.9,0
2021-06-07 10:10:28,27023.2,0
2021-06-07 10:10:29,27024.4,0
2021-06-07 10:10:30,27023.4,0
2021-06-07 10:10:31,27031.9,0
2021-06-07 10:10:32,27032.9,0
2021-06-07 10:10:33,27033.05,0
2021-06-07 10:10:34,27033.5,0
2021-06-07 10:10:35,27033.7,0
2021-06-07 10:10:36,27035.05,0
2021-06-07 10:10:37,27035.9,0
2021-06-07 10:10:38,27034.45,0
2021-06-07 10:10:40,27034.1,0
2021-06-07 10:10:41,27035.3,0
2021-06-07 10:10:42,27037.35,0
2021-06-07 10:10:43,27035.55,0
2021-06-07 10:10:44,27033.4,0
2021-06-07 10:10:45,27030.75,0
2021-06-07 10:10:46,27035.6,0
2021-06-07 10:10:47,27033.4,0
2021-06-07 10:10:48,27034.25,0
2021-06-07 10:10:49,27035.05,0
2021-06-07 10:10:50,27035.35,0
2021-06-07 10:10:51,27034.75,0
2021-06-07 10:10:52,27033.7,0
2021-06-07 10:10:56,27039.0,0
2021-06-07 10:10:57,27039.6,0
2021-06-07 10:10:58,27043.15,0
2021-06-07 10:10:59,27040.25,0
2021-06-07 10:11:00,27040.85,0
2021-06-07 10:11:01,27042.4,0
2021-06-07 10:11:02,27042.25,0
2021-06-07 10:11:03,27041.25,0
2021-06-07 10:11:04,27040.0,0
2021-06-07 10:11:05,27041.75,0
2021-06-07 10:11:06,27041.95,0
2021-06-07 10:11:07,27044.05,0
2021-06-07 10:11:09,27043.9,0
2021-06-07 10:11:10,27045.45,0
2021-06-07 10:11:11,27045.85,0
2021-06-07 10:11:12,27046.35,0
2021-06-07 10:11:13,27044.9,0
2021-06-07 10:11:14,27046.3,0
2021-06-07 10:11:15,27048.65,0
2021-06-07 10:11:16,27048.45,0
2021-06-07 10:11:17,27048.85,0
2021-06-07 10:11:18,27048.45,0
2021-06-07 10:11:19,27047.0,0
2021-06-07 10:11:20,27047.05,0
2021-06-07 10:11:22,27048.8,0
2021-06-07 10:11:23,27048.45,0
2021-06-07 10:11:24,27047.7,0
2021-06-07 10:11:25,27047.65,0
2021-06-07 10:11:26,27046.65,0
2021-06-07 10:11:27,27045.9,0
2021-06-07 10:11:28,27046.65,0
2021-06-07 10:11:29,27048.1,0
2021-06-07 10:11:30,27048.05,0
2021-06-07 10:11:31,27048.75,0
2021-06-07 10:11:32,27048.5,0
2021-06-07 10:11:33,27043.0,0
2021-06-07 10:11:34,27040.45,0
2021-06-07 10:11:36,27041.45,0
2021-06-07 10:11:37,27040.75,0
2021-06-07 10:11:38,27041.2,0
2021-06-07 10:11:39,27040.75,0
2021-06-07 10:11:40,27038.6,0
2021-06-07 10:11:41,27038.6,0
2021-06-07 10:11:42,27042.75,0
2021-06-07 10:11:43,27041.0,0
2021-06-07 10:11:44,27042.75,0
2021-06-07 10:11:45,27043.75,0
2021-06-07 10:11:46,27045.0,0
2021-06-07 10:11:47,27044.85,0
2021-06-07 10:11:48,27045.1,0
2021-06-07 10:11:49,27043.4,0
2021-06-07 10:11:51,27042.75,0
2021-06-07 10:11:53,27042.75,0
2021-06-07 10:11:54,27040.15,0
2021-06-07 10:11:55,27042.45,0
2021-06-07 10:11:56,27041.7,0
2021-06-07 10:11:57,27043.3,0
2021-06-07 10:11:58,27043.3,0
2021-06-07 10:11:59,27041.8,0
2021-06-07 10:12:00,27043.75,0
2021-06-07 10:12:01,27044.3,0
2021-06-07 10:12:02,27045.05,0
2021-06-07 10:12:03,27043.95,0
2021-06-07 10:12:04,27043.7,0
2021-06-07 10:12:05,27042.4,0
2021-06-07 10:12:06,27042.85,0
2021-06-07 10:12:07,27043.05,0
2021-06-07 10:12:09,27039.3,0
2021-06-07 10:12:10,27041.25,0
2021-06-07 10:12:11,27042.15,0
2021-06-07 10:12:12,27041.85,0
2021-06-07 10:12:15,27043.55,0
2021-06-07 10:12:16,27044.2,0
2021-06-07 10:12:17,27043.55,0
2021-06-07 10:12:18,27039.0,0
2021-06-07 10:12:19,27038.65,0
2021-06-07 10:12:20,27039.25,0
2021-06-07 10:12:21,27037.6,0
2021-06-07 10:12:22,27038.8,0
2021-06-07 10:12:23,27036.8,0
2021-06-07 10:12:25,27037.45,0
2021-06-07 10:12:26,27039.95,0
2021-06-07 10:12:27,27040.45,0
2021-06-07 10:12:28,27041.15,0
2021-06-07 10:12:29,27038.95,0
2021-06-07 10:12:30,27038.45,0
2021-06-07 10:12:31,27039.4,0
2021-06-07 10:12:32,27039.5,0
2021-06-07 10:12:33,27039.2,0
2021-06-07 10:12:34,27039.65,0
2021-06-07 10:12:35,27040.35,0
2021-06-07 10:12:36,27041.15,0
2021-06-07 10:12:37,27041.85,0
2021-06-07 10:12:38,27041.85,0
2021-06-07 10:12:39,27041.8,0
2021-06-07 10:12:41,27040.95,0
2021-06-07 10:12:42,27043.0,0
2021-06-07 10:12:43,27043.0,0
2021-06-07 10:12:45,27043.25,0
2021-06-07 10:12:47,27044.75,0
2021-06-07 10:12:48,27042.4,0
2021-06-07 10:12:49,27040.8,0
2021-06-07 10:12:50,27043.0,0
2021-06-07 10:12:51,27043.0,0
2021-06-07 10:12:52,27041.05,0
2021-06-07 10:12:53,27040.35,0
2021-06-07 10:12:54,27040.75,0
2021-06-07 10:12:55,27041.15,0
2021-06-07 10:12:56,27039.75,0
2021-06-07 10:12:57,27038.2,0
2021-06-07 10:12:58,27038.35,0
2021-06-07 10:13:00,27038.6,0
2021-06-07 10:13:01,27039.7,0
2021-06-07 10:13:02,27036.75,0
2021-06-07 10:13:03,27037.65,0
2021-06-07 10:13:05,27036.05,0
2021-06-07 10:13:06,27038.2,0
2021-06-07 10:13:07,27039.15,0
2021-06-07 10:13:10,27039.9,0
2021-06-07 10:13:12,27038.85,0
2021-06-07 10:13:13,27039.8,0
2021-06-07 10:13:14,27042.25,0
2021-06-07 10:13:15,27039.45,0
2021-06-07 10:13:16,27039.9,0
2021-06-07 10:13:17,27041.35,0
2021-06-07 10:13:18,27041.85,0
2021-06-07 10:13:19,27042.65,0
2021-06-07 10:13:20,27041.0,0
2021-06-07 10:13:22,27040.7,0
2021-06-07 10:13:23,27042.2,0
2021-06-07 10:13:24,27042.1,0
2021-06-07 10:13:25,27041.6,0
2021-06-07 10:13:27,27042.2,0
2021-06-07 10:13:28,27042.8,0
2021-06-07 10:13:29,27041.55,0
2021-06-07 10:13:30,27040.95,0
2021-06-07 10:13:31,27042.6,0
2021-06-07 10:13:32,27042.6,0
2021-06-07 10:13:33,27042.0,0
2021-06-07 10:13:34,27037.7,0
2021-06-07 10:13:35,27041.55,0
2021-06-07 10:13:36,27042.45,0
2021-06-07 10:13:37,27040.55,0
2021-06-07 10:13:38,27044.5,0
2021-06-07 10:13:39,27042.6,0
2021-06-07 10:13:40,27042.65,0
2021-06-07 10:13:41,27042.95,0
2021-06-07 10:13:42,27042.9,0
2021-06-07 10:13:44,27045.2,0
2021-06-07 10:13:45,27045.4,0
2021-06-07 10:13:46,27044.8,0
2021-06-07 10:13:47,27045.0,0
2021-06-07 10:13:49,27045.25,0
2021-06-07 10:13:50,27044.75,0
2021-06-07 10:13:51,27044.1,0
2021-06-07 10:13:52,27045.9,0
2021-06-07 10:13:53,27045.8,0
2021-06-07 10:13:54,27045.7,0
2021-06-07 10:13:55,27046.25,0
2021-06-07 10:13:56,27046.25,0
2021-06-07 10:13:57,27046.95,0
2021-06-07 10:13:58,27046.15,0
2021-06-07 10:13:59,27046.15,0
2021-06-07 10:14:00,27046.1,0
2021-06-07 10:14:01,27046.85,0
2021-06-07 10:14:02,27049.25,0
2021-06-07 10:14:03,27048.65,0
2021-06-07 10:14:04,27048.75,0
2021-06-07 10:14:05,27047.25,0
2021-06-07 10:14:06,27047.45,0
2021-06-07 10:14:07,27047.9,0
2021-06-07 10:14:08,27049.95,0
2021-06-07 10:14:09,27048.25,0
2021-06-07 10:14:10,27048.1,0
2021-06-07 10:14:11,27049.8,0
2021-06-07 10:14:12,27049.05,0
2021-06-07 10:14:13,27047.4,0
2021-06-07 10:14:14,27048.25,0
2021-06-07 10:14:15,27048.5,0
2021-06-07 10:14:16,27049.4,0
2021-06-07 10:14:17,27050.8,0
2021-06-07 10:14:19,27049.25,0
2021-06-07 10:14:20,27048.95,0
2021-06-07 10:14:23,27050.25,0
2021-06-07 10:14:24,27050.35,0
2021-06-07 10:14:25,27050.65,0
2021-06-07 10:14:26,27049.7,0
2021-06-07 10:14:27,27049.75,0
2021-06-07 10:14:28,27050.3,0
2021-06-07 10:14:29,27049.85,0
2021-06-07 10:14:32,27050.75,0
2021-06-07 10:14:33,27052.0,0
2021-06-07 10:14:35,27052.3,0
2021-06-07 10:14:36,27052.3,0
2021-06-07 10:14:37,27050.7,0
2021-06-07 10:14:38,27050.05,0
2021-06-07 10:14:40,27050.9,0
2021-06-07 10:14:42,27051.3,0
2021-06-07 10:14:43,27051.2,0
2021-06-07 10:14:44,27051.6,0
2021-06-07 10:14:46,27052.65,0
2021-06-07 10:14:47,27051.35,0
2021-06-07 10:14:48,27051.95,0
2021-06-07 10:14:49,27051.15,0
2021-06-07 10:14:50,27051.0,0
2021-06-07 10:14:53,27050.6,0
2021-06-07 10:14:56,27049.8,0
2021-06-07 10:14:57,27049.0,0
2021-06-07 10:14:59,27048.5,0
2021-06-07 10:15:00,27047.6,0
2021-06-07 10:15:01,27048.6,0
2021-06-07 10:15:02,27048.7,0
2021-06-07 10:15:03,27049.35,0
2021-06-07 10:15:04,27049.6,0
2021-06-07 10:15:05,27049.3,0
2021-06-07 10:15:06,27048.7,0
2021-06-07 10:15:07,27049.3,0
2021-06-07 10:15:08,27049.35,0
2021-06-07 10:15:09,27051.0,0
2021-06-07 10:15:10,27050.75,0
2021-06-07 10:15:11,27052.15,0
2021-06-07 10:15:12,27052.75,0
2021-06-07 10:15:13,27052.75,0
2021-06-07 10:15:14,27051.9,0
2021-06-07 10:15:15,27051.9,0
2021-06-07 10:15:16,27052.6,0
2021-06-07 10:15:19,27051.25,0
2021-06-07 10:15:20,27051.25,0
2021-06-07 10:15:21,27051.65,0
2021-06-07 10:15:22,27050.45,0
2021-06-07 10:15:24,27052.0,0
2021-06-07 10:15:25,27050.85,0
2021-06-07 10:15:26,27050.8,0
2021-06-07 10:15:27,27049.55,0
2021-06-07 10:15:28,27048.55,0
2021-06-07 10:15:30,27051.15,0
2021-06-07 10:15:32,27054.4,0
2021-06-07 10:15:33,27052.0,0
2021-06-07 10:15:34,27049.25,0
2021-06-07 10:15:35,27047.8,0
2021-06-07 10:15:36,27051.0,0
2021-06-07 10:15:37,27053.15,0
2021-06-07 10:15:38,27052.95,0
2021-06-07 10:15:39,27052.65,0
2021-06-07 10:15:40,27053.0,0
2021-06-07 10:15:41,27051.9,0
2021-06-07 10:15:43,27052.65,0
2021-06-07 10:15:44,27053.45,0
2021-06-07 10:15:45,27051.85,0
2021-06-07 10:15:46,27049.4,0
2021-06-07 10:15:47,27054.35,0
2021-06-07 10:15:48,27054.35,0
2021-06-07 10:15:49,27056.95,0
2021-06-07 10:15:50,27055.55,0
2021-06-07 10:15:51,27054.65,0
2021-06-07 10:15:52,27052.45,0
2021-06-07 10:15:53,27055.05,0
2021-06-07 10:15:54,27055.55,0
2021-06-07 10:15:55,27054.55,0
2021-06-07 10:15:56,27056.25,0
2021-06-07 10:15:57,27055.3,0
2021-06-07 10:15:59,27054.05,0
2021-06-07 10:16:00,27052.2,0
2021-06-07 10:16:01,27047.75,0
2021-06-07 10:16:02,27054.3,0
2021-06-07 10:16:03,27052.5,0
2021-06-07 10:16:04,27050.8,0
2021-06-07 10:16:05,27050.7,0
2021-06-07 10:16:06,27052.8,0
2021-06-07 10:16:07,27052.75,0
2021-06-07 10:16:08,27052.05,0
2021-06-07 10:16:09,27051.85,0
2021-06-07 10:16:10,27051.75,0
2021-06-07 10:16:11,27048.0,0
2021-06-07 10:16:12,27046.9,0
2021-06-07 10:16:13,27044.55,0
2021-06-07 10:16:14,27044.65,0
2021-06-07 10:16:15,27045.35,0
2021-06-07 10:16:16,27047.1,0
2021-06-07 10:16:17,27047.05,0
2021-06-07 10:16:18,27046.7,0
2021-06-07 10:16:19,27047.15,0
2021-06-07 10:16:20,27046.85,0
2021-06-07 10:16:21,27047.15,0
2021-06-07 10:16:22,27045.45,0
2021-06-07 10:16:23,27045.45,0
2021-06-07 10:16:24,27046.0,0
2021-06-07 10:16:26,27047.95,0
2021-06-07 10:16:27,27046.0,0
2021-06-07 10:16:28,27046.95,0
2021-06-07 10:16:29,27046.95,0
2021-06-07 10:16:31,27049.9,0
2021-06-07 10:16:32,27049.4,0
2021-06-07 10:16:33,27047.55,0
2021-06-07 10:16:34,27045.9,0
2021-06-07 10:16:35,27049.1,0
2021-06-07 10:16:36,27047.2,0
2021-06-07 10:16:37,27051.35,0
2021-06-07 10:16:39,27046.0,0
2021-06-07 10:16:40,27049.4,0
2021-06-07 10:16:41,27047.75,0
2021-06-07 10:16:42,27047.2,0
2021-06-07 10:16:43,27045.3,0
2021-06-07 10:16:44,27048.25,0
2021-06-07 10:16:45,27047.05,0
2021-06-07 10:16:46,27046.05,0
2021-06-07 10:16:47,27046.8,0
2021-06-07 10:16:48,27046.55,0
2021-06-07 10:16:49,27045.95,0
2021-06-07 10:16:50,27045.35,0
2021-06-07 10:16:51,27047.5,0
2021-06-07 10:16:52,27048.65,0
2021-06-07 10:16:54,27046.95,0
2021-06-07 10:16:55,27046.8,0
2021-06-07 10:16:56,27046.05,0
2021-06-07 10:16:57,27043.85,0
2021-06-07 10:16:58,27045.25,0
2021-06-07 10:16:59,27046.2,0
2021-06-07 10:17:00,27047.15,0
2021-06-07 10:17:01,27046.9,0
2021-06-07 10:17:02,27045.7,0
2021-06-07 10:17:03,27046.75,0
2021-06-07 10:17:04,27046.75,0
2021-06-07 10:17:05,27047.45,0
2021-06-07 10:17:06,27048.85,0
2021-06-07 10:17:09,27047.65,0
2021-06-07 10:17:10,27049.2,0
2021-06-07 10:17:11,27047.85,0
2021-06-07 10:17:12,27046.15,0
2021-06-07 10:17:14,27048.0,0
2021-06-07 10:17:15,27046.25,0
2021-06-07 10:17:16,27047.0,0
2021-06-07 10:17:17,27047.35,0
2021-06-07 10:17:18,27049.15,0
2021-06-07 10:17:19,27049.15,0
2021-06-07 10:17:20,27048.55,0
2021-06-07 10:17:21,27047.35,0
2021-06-07 10:17:22,27047.7,0
2021-06-07 10:17:23,27047.5,0
2021-06-07 10:17:24,27047.55,0
2021-06-07 10:17:25,27049.3,0
2021-06-07 10:17:26,27045.6,0
2021-06-07 10:17:27,27046.4,0
2021-06-07 10:17:28,27047.35,0
2021-06-07 10:17:30,27050.85,0
2021-06-07 10:17:32,27048.6,0
2021-06-07 10:17:33,27048.3,0
2021-06-07 10:17:34,27048.45,0
2021-06-07 10:17:35,27049.15,0
2021-06-07 10:17:36,27048.9,0
2021-06-07 10:17:37,27049.15,0
2021-06-07 10:17:38,27050.25,0
2021-06-07 10:17:39,27050.25,0
2021-06-07 10:17:40,27051.55,0
2021-06-07 10:17:41,27050.7,0
2021-06-07 10:17:42,27051.45,0
2021-06-07 10:17:43,27051.45,0
2021-06-07 10:17:44,27050.75,0
2021-06-07 10:17:45,27049.85,0
2021-06-07 10:17:47,27051.15,0
2021-06-07 10:17:48,27049.3,0
2021-06-07 10:17:49,27050.0,0
2021-06-07 10:17:50,27050.1,0
2021-06-07 10:17:51,27052.2,0
2021-06-07 10:17:52,27051.75,0
2021-06-07 10:17:53,27051.55,0
2021-06-07 10:17:54,27051.55,0
2021-06-07 10:17:56,27053.2,0
2021-06-07 10:17:57,27051.65,0
2021-06-07 10:17:58,27050.55,0
2021-06-07 10:18:00,27051.55,0
2021-06-07 10:18:01,27053.1,0
2021-06-07 10:18:02,27053.05,0
2021-06-07 10:18:03,27052.15,0
2021-06-07 10:18:05,27052.45,0
2021-06-07 10:18:06,27052.7,0
2021-06-07 10:18:07,27052.55,0
2021-06-07 10:18:08,27050.8,0
2021-06-07 10:18:09,27050.75,0
2021-06-07 10:18:10,27049.4,0
2021-06-07 10:18:11,27054.3,0
2021-06-07 10:18:12,27055.35,0
2021-06-07 10:18:13,27050.85,0
2021-06-07 10:18:15,27048.75,0
2021-06-07 10:18:16,27046.25,0
2021-06-07 10:18:17,27047.9,0
2021-06-07 10:18:18,27047.9,0
2021-06-07 10:18:19,27047.2,0
2021-06-07 10:18:20,27048.25,0
2021-06-07 10:18:21,27047.2,0
2021-06-07 10:18:22,27043.8,0
2021-06-07 10:18:23,27044.25,0
2021-06-07 10:18:24,27044.65,0
2021-06-07 10:18:25,27045.35,0
2021-06-07 10:18:26,27045.35,0
2021-06-07 10:18:27,27045.4,0
2021-06-07 10:18:28,27040.9,0
2021-06-07 10:18:30,27039.65,0
2021-06-07 10:18:31,27035.6,0
2021-06-07 10:18:32,27037.8,0
2021-06-07 10:18:33,27035.6,0
2021-06-07 10:18:34,27034.55,0
2021-06-07 10:18:35,27033.95,0
2021-06-07 10:18:36,27033.95,0
2021-06-07 10:18:37,27036.9,0
2021-06-07 10:18:38,27036.5,0
2021-06-07 10:18:39,27037.95,0
2021-06-07 10:18:40,27038.1,0
2021-06-07 10:18:41,27035.25,0
2021-06-07 10:18:42,27037.6,0
2021-06-07 10:18:43,27037.6,0
2021-06-07 10:18:44,27036.15,0
2021-06-07 10:18:45,27035.05,0
2021-06-07 10:18:46,27037.95,0
2021-06-07 10:18:47,27037.5,0
2021-06-07 10:18:49,27035.0,0
2021-06-07 10:18:50,27036.4,0
2021-06-07 10:18:51,27036.85,0
2021-06-07 10:18:52,27035.4,0
2021-06-07 10:18:53,27038.95,0
2021-06-07 10:18:56,27036.05,0
2021-06-07 10:18:57,27037.55,0
2021-06-07 10:18:58,27037.55,0
2021-06-07 10:18:59,27035.2,0
2021-06-07 10:19:00,27036.1,0
2021-06-07 10:19:01,27037.5,0
2021-06-07 10:19:02,27039.45,0
2021-06-07 10:19:03,27035.15,0
2021-06-07 10:19:05,27038.1,0
2021-06-07 10:19:06,27037.35,0
2021-06-07 10:19:07,27036.5,0
2021-06-07 10:19:08,27037.25,0
2021-06-07 10:19:09,27036.75,0
2021-06-07 10:19:11,27036.1,0
2021-06-07 10:19:12,27033.75,0
2021-06-07 10:19:13,27035.1,0
2021-06-07 10:19:14,27036.25,0
2021-06-07 10:19:15,27034.7,0
2021-06-07 10:19:16,27036.7,0
2021-06-07 10:19:17,27037.9,0
2021-06-07 10:19:18,27036.75,0
2021-06-07 10:19:19,27036.75,0
2021-06-07 10:19:20,27036.65,0
2021-06-07 10:19:21,27037.75,0
2021-06-07 10:19:22,27035.9,0
2021-06-07 10:19:23,27033.7,0
2021-06-07 10:19:24,27033.6,0
2021-06-07 10:19:25,27033.85,0
2021-06-07 10:19:26,27034.55,0
2021-06-07 10:19:27,27036.3,0
2021-06-07 10:19:28,27036.5,0
2021-06-07 10:19:29,27036.2,0
2021-06-07 10:19:30,27034.95,0
2021-06-07 10:19:31,27034.95,0
2021-06-07 10:19:32,27032.0,0
2021-06-07 10:19:33,27032.7,0
2021-06-07 10:19:34,27033.1,0
2021-06-07 10:19:35,27035.8,0
2021-06-07 10:19:36,27036.55,0
2021-06-07 10:19:37,27034.25,0
2021-06-07 10:19:38,27033.2,0
2021-06-07 10:19:40,27031.95,0
2021-06-07 10:19:41,27035.7,0
2021-06-07 10:19:42,27035.7,0
2021-06-07 10:19:43,27033.05,0
