timestamp,ltp,volume
2021-04-05 09:15:53,417.75,180616
2021-04-05 09:15:54,417.85,181349
2021-04-05 09:15:55,417.8,181526
2021-04-05 09:15:56,417.5,185899
2021-04-05 09:15:57,417.35,188286
2021-04-05 09:15:58,417.55,192295
2021-04-05 09:15:59,417.35,192904
2021-04-05 09:16:00,417.45,195094
2021-04-05 09:16:01,417.45,197847
2021-04-05 09:16:02,417.55,200523
2021-04-05 09:16:03,417.55,200804
2021-04-05 09:16:04,417.45,200905
2021-04-05 09:16:05,417.35,201350
2021-04-05 09:16:06,417.2,201999
2021-04-05 09:16:07,417.7,206478
2021-04-05 09:16:08,417.6,207885
2021-04-05 09:16:09,417.65,208003
2021-04-05 09:16:10,417.6,208219
2021-04-05 09:16:11,417.55,209185
2021-04-05 09:16:12,417.65,209367
2021-04-05 09:16:13,417.65,209546
2021-04-05 09:16:14,417.95,212814
2021-04-05 09:16:15,418.1,226767
2021-04-05 09:16:16,417.65,227488
2021-04-05 09:16:17,417.9,227886
2021-04-05 09:16:19,417.65,233751
2021-04-05 09:16:20,417.65,234359
2021-04-05 09:16:21,417.9,236278
2021-04-05 09:16:22,417.95,236389
2021-04-05 09:16:23,417.65,236998
2021-04-05 09:16:24,417.65,237198
2021-04-05 09:16:25,417.6,242068
2021-04-05 09:16:26,417.45,242815
2021-04-05 09:16:27,417.65,243164
2021-04-05 09:16:28,417.85,243807
2021-04-05 09:16:29,417.8,243980
2021-04-05 09:16:30,417.95,245585
2021-04-05 09:16:31,417.9,253862
2021-04-05 09:16:32,417.65,256635
2021-04-05 09:16:34,417.5,258126
2021-04-05 09:16:33,417.5,258126
2021-04-05 09:16:35,417.65,258633
2021-04-05 09:16:36,417.65,258633
2021-04-05 09:16:37,417.7,260387
2021-04-05 09:16:38,417.65,262497
2021-04-05 09:16:39,417.45,267400
2021-04-05 09:16:40,417.45,267417
2021-04-05 09:16:41,417.45,268389
2021-04-05 09:16:42,417.35,269442
2021-04-05 09:16:43,417.2,270294
2021-04-05 09:16:44,417.45,271259
2021-04-05 09:16:45,417.45,272049
2021-04-05 09:16:46,417.4,272505
2021-04-05 09:16:47,417.45,272515
2021-04-05 09:16:48,417.2,272833
2021-04-05 09:16:49,417.5,273548
2021-04-05 09:16:50,417.5,274398
2021-04-05 09:16:51,417.35,275206
2021-04-05 09:16:52,417.45,275412
2021-04-05 09:16:53,417.45,275569
2021-04-05 09:16:54,417.65,277906
2021-04-05 09:16:55,417.8,279067
2021-04-05 09:16:56,417.5,280520
2021-04-05 09:16:57,417.6,280654
2021-04-05 09:16:58,417.5,280946
2021-04-05 09:16:59,417.7,280947
2021-04-05 09:17:00,417.75,281218
2021-04-05 09:17:01,417.8,281449
2021-04-05 09:17:02,417.8,281559
2021-04-05 09:17:03,417.8,283873
2021-04-05 09:17:04,417.75,284548
2021-04-05 09:17:05,417.75,286053
2021-04-05 09:17:07,418.0,288723
2021-04-05 09:17:07,418.0,289223
2021-04-05 09:17:08,417.8,289295
2021-04-05 09:17:09,418.0,289461
2021-04-05 09:17:10,418.0,290062
2021-04-05 09:17:11,417.85,290167
2021-04-05 09:17:12,417.9,290311
2021-04-05 09:17:13,417.95,303966
2021-04-05 09:17:14,418.25,304535
2021-04-05 09:17:15,418.1,304699
2021-04-05 09:17:16,418.1,304712
2021-04-05 09:17:17,418.2,306722
2021-04-05 09:17:19,418.1,307805
2021-04-05 09:17:19,418.1,307810
2021-04-05 09:17:20,418.0,308432
2021-04-05 09:17:21,418.15,312152
2021-04-05 09:17:22,417.85,315517
2021-04-05 09:17:23,417.9,317522
2021-04-05 09:17:24,417.9,318992
2021-04-05 09:17:25,417.9,319012
2021-04-05 09:17:26,417.75,320375
2021-04-05 09:17:27,417.85,321006
2021-04-05 09:17:28,417.95,321771
2021-04-05 09:17:29,417.9,323850
2021-04-05 09:17:30,418.1,324126
2021-04-05 09:17:31,418.1,324553
2021-04-05 09:17:32,417.95,324743
2021-04-05 09:17:33,417.95,325545
2021-04-05 09:17:34,417.95,326261
2021-04-05 09:17:35,417.95,326544
2021-04-05 09:17:37,418.0,327639
2021-04-05 09:17:37,418.0,327639
2021-04-05 09:17:38,417.9,327944
2021-04-05 09:17:39,417.9,328687
2021-04-05 09:17:40,418.1,328830
2021-04-05 09:17:41,417.9,330737
2021-04-05 09:17:42,417.95,332006
2021-04-05 09:17:43,418.0,332349
2021-04-05 09:17:44,418.1,332379
2021-04-05 09:17:46,417.8,339754
2021-04-05 09:17:47,418.1,341427
2021-04-05 09:17:48,417.9,345419
2021-04-05 09:17:49,418.1,346495
2021-04-05 09:17:50,418.1,352370
2021-04-05 09:17:51,418.45,358839
2021-04-05 09:17:52,418.25,359949
2021-04-05 09:17:53,418.2,361471
2021-04-05 09:17:54,418.2,361926
2021-04-05 09:17:55,418.2,362193
2021-04-05 09:17:56,418.15,362401
2021-04-05 09:17:57,418.5,363814
2021-04-05 09:17:58,418.4,365083
2021-04-05 09:17:59,418.25,366731
2021-04-05 09:18:00,418.4,367208
2021-04-05 09:18:01,418.35,367258
2021-04-05 09:18:02,418.4,368109
2021-04-05 09:18:03,418.5,368640
2021-04-05 09:18:04,418.85,376123
2021-04-05 09:18:05,418.85,376904
2021-04-05 09:18:06,418.85,379784
2021-04-05 09:18:08,418.85,380686
2021-04-05 09:18:08,418.85,380878
2021-04-05 09:18:09,419.05,385494
2021-04-05 09:18:10,419.2,386015
2021-04-05 09:18:11,419.25,386850
2021-04-05 09:18:12,419.25,388124
2021-04-05 09:18:13,419.25,391798
2021-04-05 09:18:14,419.2,400359
2021-04-05 09:18:15,419.2,400514
2021-04-05 09:18:16,419.2,401338
2021-04-05 09:18:17,419.05,401443
2021-04-05 09:18:19,419.05,402965
2021-04-05 09:18:20,418.95,404525
2021-04-05 09:18:20,419.2,404530
2021-04-05 09:18:21,419.2,407815
2021-04-05 09:18:22,419.05,408198
2021-04-05 09:18:23,419.1,408951
2021-04-05 09:18:24,419.05,409602
2021-04-05 09:18:25,419.1,412445
2021-04-05 09:18:26,419.2,414119
2021-04-05 09:18:27,419.05,414325
2021-04-05 09:18:28,419.1,414834
2021-04-05 09:18:30,419.15,415410
2021-04-05 09:18:30,419.15,415445
2021-04-05 09:18:31,419.4,417315
2021-04-05 09:18:32,419.4,419379
2021-04-05 09:18:33,419.9,422609
2021-04-05 09:18:34,419.9,424207
2021-04-05 09:18:35,419.65,424683
2021-04-05 09:18:36,419.9,425735
2021-04-05 09:18:37,419.9,426443
2021-04-05 09:18:38,419.9,426543
2021-04-05 09:18:39,419.7,428362
2021-04-05 09:18:40,419.9,429215
2021-04-05 09:18:41,419.9,431070
2021-04-05 09:18:42,419.8,433395
2021-04-05 09:18:43,419.9,434865
2021-04-05 09:18:44,419.55,435987
2021-04-05 09:18:45,419.75,436412
2021-04-05 09:18:46,419.5,438551
2021-04-05 09:18:47,419.7,440979
2021-04-05 09:18:48,419.7,442965
2021-04-05 09:18:49,419.55,444370
2021-04-05 09:18:50,419.35,449086
2021-04-05 09:18:51,419.45,449601
2021-04-05 09:18:52,419.45,451219
2021-04-05 09:18:54,419.65,451711
2021-04-05 09:18:55,419.3,452612
2021-04-05 09:18:55,419.5,452767
2021-04-05 09:18:56,419.5,454388
2021-04-05 09:18:57,419.45,456469
2021-04-05 09:18:58,419.55,458308
2021-04-05 09:18:59,419.55,459902
2021-04-05 09:19:00,419.5,461092
2021-04-05 09:19:01,419.35,461737
2021-04-05 09:19:02,419.65,462342
2021-04-05 09:19:03,419.65,462734
2021-04-05 09:19:04,419.6,462809
2021-04-05 09:19:06,419.35,465652
2021-04-05 09:19:06,419.5,465577
2021-04-05 09:19:07,419.6,467784
2021-04-05 09:19:08,419.3,471070
2021-04-05 09:19:09,419.25,473508
2021-04-05 09:19:10,419.55,475720
2021-04-05 09:19:11,419.35,488593
2021-04-05 09:19:12,419.1,489283
2021-04-05 09:19:14,419.4,489671
2021-04-05 09:19:15,419.35,490078
2021-04-05 09:19:16,419.45,493118
2021-04-05 09:19:16,419.45,493118
2021-04-05 09:19:17,419.45,493308
2021-04-05 09:19:18,419.45,494486
2021-04-05 09:19:19,419.45,495703
2021-04-05 09:19:20,419.25,496743
2021-04-05 09:19:21,419.45,497959
2021-04-05 09:19:22,419.35,498663
2021-04-05 09:19:23,419.15,499381
2021-04-05 09:19:24,419.35,500556
2021-04-05 09:19:25,419.0,502410
2021-04-05 09:19:26,419.05,502790
2021-04-05 09:19:27,419.2,502805
2021-04-05 09:19:28,419.2,503698
2021-04-05 09:19:29,419.15,504051
2021-04-05 09:19:30,419.25,504426
2021-04-05 09:19:31,419.25,505081
2021-04-05 09:19:32,419.3,506360
2021-04-05 09:19:33,419.05,506753
2021-04-05 09:19:34,419.15,507052
2021-04-05 09:19:35,419.1,507394
2021-04-05 09:19:36,419.3,507445
2021-04-05 09:19:37,419.15,507619
2021-04-05 09:19:38,419.2,507896
2021-04-05 09:19:39,419.25,508207
2021-04-05 09:19:40,419.15,513920
2021-04-05 09:19:41,419.0,515022
2021-04-05 09:19:42,419.05,515102
2021-04-05 09:19:43,419.2,516477
2021-04-05 09:19:44,419.35,516728
2021-04-05 09:19:45,419.15,517405
2021-04-05 09:19:46,419.25,519232
2021-04-05 09:19:48,419.45,531485
2021-04-05 09:19:49,419.45,531505
2021-04-05 09:19:50,419.45,533035
2021-04-05 09:19:51,419.45,533110
2021-04-05 09:19:51,419.45,533110
2021-04-05 09:19:52,419.45,533141
2021-04-05 09:19:53,419.5,534445
2021-04-05 09:19:54,419.5,535995
2021-04-05 09:19:55,419.3,536524
2021-04-05 09:19:56,419.4,537002
2021-04-05 09:19:57,419.45,537616
2021-04-05 09:19:58,419.3,537689
2021-04-05 09:19:59,419.4,537951
2021-04-05 09:20:01,419.35,538623
2021-04-05 09:20:02,419.4,539096
2021-04-05 09:20:03,419.4,540419
2021-04-05 09:20:03,419.45,540421
2021-04-05 09:20:04,419.2,544995
2021-04-05 09:20:05,419.2,545004
2021-04-05 09:20:06,419.3,545253
2021-04-05 09:20:07,419.3,545868
2021-04-05 09:20:08,419.4,546931
2021-04-05 09:20:09,419.5,549919
2021-04-05 09:20:10,419.95,556409
2021-04-05 09:20:12,419.8,557239
2021-04-05 09:20:13,419.95,557424
2021-04-05 09:20:14,420.0,558062
2021-04-05 09:20:15,420.3,586225
2021-04-05 09:20:16,420.45,594289
2021-04-05 09:20:17,420.2,595938
2021-04-05 09:20:18,420.3,597970
2021-04-05 09:20:19,420.3,598098
2021-04-05 09:20:20,420.3,600858
2021-04-05 09:20:21,420.4,607098
2021-04-05 09:20:22,420.7,608024
2021-04-05 09:20:23,420.8,608630
2021-04-05 09:20:24,420.75,608830
2021-04-05 09:20:26,420.5,612005
2021-04-05 09:20:27,420.55,613885
2021-04-05 09:20:28,420.75,615008
2021-04-05 09:20:28,420.75,615008
2021-04-05 09:20:29,420.95,617921
2021-04-05 09:20:30,420.95,618607
2021-04-05 09:20:31,420.8,627004
2021-04-05 09:20:32,421.3,637053
2021-04-05 09:20:33,421.3,637321
2021-04-05 09:20:35,421.0,638069
2021-04-05 09:20:36,421.3,638727
2021-04-05 09:20:37,421.65,641155
2021-04-05 09:20:37,421.4,641053
2021-04-05 09:20:38,421.3,641684
2021-04-05 09:20:39,421.15,641905
2021-04-05 09:20:40,421.1,644434
2021-04-05 09:20:41,421.35,646572
2021-04-05 09:20:42,421.35,646866
2021-04-05 09:20:44,421.05,648501
2021-04-05 09:20:44,421.05,648501
2021-04-05 09:20:46,421.6,653602
2021-04-05 09:20:46,421.6,653597
2021-04-05 09:20:47,421.6,661258
2021-04-05 09:20:48,421.95,665068
2021-04-05 09:20:49,422.15,678449
2021-04-05 09:20:50,421.95,680624
2021-04-05 09:20:51,421.7,683717
2021-04-05 09:20:52,421.9,684521
2021-04-05 09:20:53,421.65,684744
2021-04-05 09:20:55,421.6,687446
2021-04-05 09:20:56,421.6,688929
2021-04-05 09:20:57,421.45,690741
2021-04-05 09:20:57,421.55,690286
2021-04-05 09:20:58,421.45,693484
2021-04-05 09:20:59,421.2,693522
2021-04-05 09:21:00,421.25,697645
2021-04-05 09:21:01,421.05,697729
2021-04-05 09:21:02,421.2,699926
2021-04-05 09:21:03,421.25,704620
2021-04-05 09:21:04,421.3,705119
2021-04-05 09:21:05,421.0,714400
2021-04-05 09:21:07,421.15,715329
2021-04-05 09:21:07,421.0,715385
2021-04-05 09:21:09,421.0,718370
2021-04-05 09:21:10,420.8,719115
2021-04-05 09:21:11,420.8,719875
2021-04-05 09:21:12,421.05,724041
2021-04-05 09:21:13,421.15,733240
2021-04-05 09:21:14,420.9,736650
2021-04-05 09:21:15,420.95,740829
2021-04-05 09:21:16,420.8,742051
2021-04-05 09:21:17,420.8,742051
2021-04-05 09:21:18,420.5,745667
2021-04-05 09:21:19,420.5,747939
2021-04-05 09:21:20,420.7,748877
2021-04-05 09:21:21,420.75,749452
2021-04-05 09:21:23,420.75,750010
2021-04-05 09:21:24,420.6,752423
2021-04-05 09:21:25,420.6,752789
2021-04-05 09:21:26,420.7,754679
2021-04-05 09:21:27,420.6,756241
2021-04-05 09:21:28,420.9,756497
2021-04-05 09:21:28,420.85,756522
2021-04-05 09:21:30,420.95,757835
2021-04-05 09:21:30,421.0,758350
2021-04-05 09:21:31,420.95,758610
2021-04-05 09:21:32,421.0,759089
2021-04-05 09:21:33,420.95,759603
2021-04-05 09:21:34,420.85,760167
2021-04-05 09:21:35,420.85,760202
2021-04-05 09:21:37,421.0,762432
2021-04-05 09:21:38,421.0,762962
2021-04-05 09:21:39,420.9,763353
2021-04-05 09:21:39,421.0,763398
2021-04-05 09:21:40,421.2,765041
2021-04-05 09:21:41,421.25,766320
2021-04-05 09:21:43,421.05,766470
2021-04-05 09:21:44,421.25,766890
2021-04-05 09:21:45,420.9,768271
2021-04-05 09:21:46,421.0,772578
2021-04-05 09:21:47,421.1,773459
2021-04-05 09:21:48,421.2,773983
2021-04-05 09:21:49,421.25,774292
2021-04-05 09:21:50,421.05,775566
2021-04-05 09:21:51,421.15,777182
2021-04-05 09:21:53,421.25,777465
2021-04-05 09:21:54,421.25,778887
2021-04-05 09:21:55,421.3,780085
2021-04-05 09:21:56,421.35,780219
2021-04-05 09:21:57,421.4,780416
2021-04-05 09:21:58,421.2,780589
2021-04-05 09:21:59,421.2,781615
2021-04-05 09:22:00,421.35,782156
2021-04-05 09:22:01,421.4,782709
2021-04-05 09:22:02,421.35,784973
2021-04-05 09:22:03,421.4,785211
2021-04-05 09:22:04,421.5,789535
2021-04-05 09:22:04,421.55,790070
2021-04-05 09:22:05,421.5,790745
2021-04-05 09:22:06,421.95,796156
2021-04-05 09:22:07,421.6,797504
2021-04-05 09:22:09,421.65,798263
2021-04-05 09:22:10,421.95,799265
2021-04-05 09:22:11,421.9,800369
2021-04-05 09:22:12,422.0,800510
2021-04-05 09:22:13,421.9,800638
2021-04-05 09:22:14,422.0,800985
2021-04-05 09:22:15,422.05,813625
2021-04-05 09:22:16,422.1,813764
2021-04-05 09:22:17,422.1,814169
2021-04-05 09:22:18,422.0,814296
2021-04-05 09:22:19,422.1,817278
2021-04-05 09:22:20,422.0,817478
2021-04-05 09:22:21,422.0,818313
2021-04-05 09:22:21,422.1,818593
2021-04-05 09:22:22,422.1,820143
2021-04-05 09:22:23,422.0,820601
2021-04-05 09:22:24,422.0,820601
2021-04-05 09:22:26,421.8,832915
2021-04-05 09:22:27,421.8,834061
2021-04-05 09:22:28,421.65,835162
2021-04-05 09:22:29,421.8,836898
2021-04-05 09:22:30,421.8,839179
2021-04-05 09:22:31,422.0,839286
2021-04-05 09:22:32,422.0,840953
2021-04-05 09:22:33,421.85,844127
2021-04-05 09:22:34,421.8,846131
2021-04-05 09:22:35,421.95,847446
2021-04-05 09:22:36,422.0,848564
2021-04-05 09:22:37,422.0,849406
2021-04-05 09:22:37,422.0,852196
2021-04-05 09:22:38,421.95,852750
2021-04-05 09:22:40,422.0,855017
2021-04-05 09:22:41,422.05,861728
2021-04-05 09:22:42,422.0,861959
2021-04-05 09:22:43,421.8,863664
2021-04-05 09:22:44,421.9,866000
2021-04-05 09:22:45,421.75,867085
2021-04-05 09:22:46,421.95,868293
2021-04-05 09:22:46,422.0,868852
2021-04-05 09:22:47,422.0,870202
2021-04-05 09:22:49,422.0,872098
2021-04-05 09:22:50,421.95,872903
2021-04-05 09:22:51,421.85,873879
2021-04-05 09:22:52,422.0,874147
2021-04-05 09:22:53,422.1,874526
2021-04-05 09:22:53,422.0,875202
2021-04-05 09:22:54,422.1,876077
2021-04-05 09:22:55,422.1,876149
2021-04-05 09:22:57,422.0,879967
2021-04-05 09:22:58,422.4,898575
2021-04-05 09:22:59,422.6,901316
2021-04-05 09:22:59,422.35,901471
2021-04-05 09:23:00,422.5,901838
2021-04-05 09:23:01,422.4,902497
2021-04-05 09:23:02,422.4,903682
2021-04-05 09:23:03,422.35,904631
2021-04-05 09:23:04,422.45,906398
2021-04-05 09:23:05,422.5,910702
2021-04-05 09:23:06,422.55,912109
2021-04-05 09:23:07,422.5,915078
2021-04-05 09:23:09,422.8,915663
2021-04-05 09:23:09,422.55,919970
2021-04-05 09:23:10,422.75,941662
2021-04-05 09:23:11,422.9,943164
2021-04-05 09:23:12,423.0,945519
2021-04-05 09:23:13,423.0,947257
2021-04-05 09:23:14,422.8,949645
2021-04-05 09:23:15,422.95,951709
2021-04-05 09:23:16,422.7,961063
2021-04-05 09:23:17,422.8,964151
2021-04-05 09:23:18,422.7,967495
2021-04-05 09:23:19,422.8,970327
2021-04-05 09:23:21,422.55,978064
2021-04-05 09:23:22,422.75,981068
2021-04-05 09:23:23,422.8,983430
2021-04-05 09:23:24,422.5,986607
2021-04-05 09:23:25,422.75,988279
2021-04-05 09:23:26,422.9,991973
2021-04-05 09:23:27,422.7,994301
2021-04-05 09:23:28,422.85,994442
2021-04-05 09:23:29,422.9,998204
2021-04-05 09:23:30,422.65,1001900
2021-04-05 09:23:31,422.6,1003798
2021-04-05 09:23:32,422.7,1004424
2021-04-05 09:23:33,422.7,1005628
2021-04-05 09:23:34,422.35,1014759
2021-04-05 09:23:35,422.55,1022301
2021-04-05 09:23:36,422.5,1022977
2021-04-05 09:23:37,422.45,1025364
2021-04-05 09:23:38,422.45,1025364
2021-04-05 09:23:38,422.5,1026457
2021-04-05 09:23:40,422.5,1029872
2021-04-05 09:23:41,422.55,1031363
2021-04-05 09:23:42,422.6,1031840
2021-04-05 09:23:43,422.65,1034129
2021-04-05 09:23:44,422.55,1034370
2021-04-05 09:23:44,422.75,1035781
2021-04-05 09:23:46,422.75,1037516
2021-04-05 09:23:47,422.7,1037629
2021-04-05 09:23:48,422.7,1039437
2021-04-05 09:23:49,422.55,1039897
2021-04-05 09:23:50,422.5,1042666
2021-04-05 09:23:50,422.6,1042769
2021-04-05 09:23:51,422.55,1044086
2021-04-05 09:23:52,422.55,1047943
2021-04-05 09:23:54,422.55,1049306
2021-04-05 09:23:55,422.5,1050151
2021-04-05 09:23:56,422.35,1050286
2021-04-05 09:23:57,422.65,1053688
2021-04-05 09:23:58,422.65,1053896
2021-04-05 09:23:59,422.5,1055235
2021-04-05 09:24:00,422.4,1055773
2021-04-05 09:24:01,422.7,1059947
2021-04-05 09:24:02,422.8,1060517
2021-04-05 09:24:03,422.8,1060807
2021-04-05 09:24:05,422.8,1061341
2021-04-05 09:24:05,422.75,1061607
2021-04-05 09:24:06,422.7,1062419
2021-04-05 09:24:07,422.7,1062648
2021-04-05 09:24:08,422.8,1063018
2021-04-05 09:24:10,422.6,1067210
2021-04-05 09:24:10,422.8,1067815
2021-04-05 09:24:11,422.7,1068191
2021-04-05 09:24:12,422.8,1068768
2021-04-05 09:24:14,422.9,1071124
2021-04-05 09:24:15,422.75,1072511
2021-04-05 09:24:16,422.8,1072988
2021-04-05 09:24:18,422.9,1073565
2021-04-05 09:24:19,422.85,1074478
2021-04-05 09:24:20,422.8,1075142
2021-04-05 09:24:21,422.95,1083806
2021-04-05 09:24:23,423.2,1093541
2021-04-05 09:24:24,423.2,1094257
2021-04-05 09:24:25,423.2,1095327
2021-04-05 09:24:26,423.2,1099338
2021-04-05 09:24:27,423.2,1100107
2021-04-05 09:24:28,422.95,1100914
2021-04-05 09:24:29,423.1,1101501
2021-04-05 09:24:30,423.1,1101977
2021-04-05 09:24:31,423.2,1103187
2021-04-05 09:24:32,423.0,1104499
2021-04-05 09:24:34,423.0,1106199
2021-04-05 09:24:35,423.0,1106389
2021-04-05 09:24:36,423.0,1108388
2021-04-05 09:24:37,423.2,1110981
2021-04-05 09:24:38,423.0,1112937
2021-04-05 09:24:39,422.9,1114698
2021-04-05 09:24:40,423.1,1115528
2021-04-05 09:24:41,423.0,1116207
2021-04-05 09:24:42,423.2,1116424
2021-04-05 09:24:43,423.0,1116772
2021-04-05 09:24:44,423.2,1117521
2021-04-05 09:24:45,423.2,1117734
2021-04-05 09:24:46,423.0,1117819
2021-04-05 09:24:47,423.0,1119089
2021-04-05 09:24:49,423.1,1124900
2021-04-05 09:24:50,423.0,1125671
2021-04-05 09:24:51,423.0,1126386
2021-04-05 09:24:52,423.0,1127667
2021-04-05 09:24:53,423.1,1127817
2021-04-05 09:24:54,423.1,1130915
2021-04-05 09:24:55,423.1,1131120
2021-04-05 09:24:56,423.25,1132561
2021-04-05 09:24:57,423.1,1134021
2021-04-05 09:24:58,423.25,1134584
2021-04-05 09:24:59,423.2,1135128
2021-04-05 09:24:59,423.2,1135188
2021-04-05 09:25:00,423.2,1135758
2021-04-05 09:25:02,423.2,1136393
2021-04-05 09:25:03,423.25,1136964
2021-04-05 09:25:04,423.2,1137235
2021-04-05 09:25:05,423.6,1157524
2021-04-05 09:25:06,423.45,1160990
2021-04-05 09:25:07,423.85,1163575
2021-04-05 09:25:08,423.65,1164088
2021-04-05 09:25:09,423.6,1166957
2021-04-05 09:25:10,423.85,1168526
2021-04-05 09:25:11,423.85,1168818
2021-04-05 09:25:12,423.65,1169171
2021-04-05 09:25:13,423.6,1171324
2021-04-05 09:25:14,423.85,1175370
2021-04-05 09:25:14,423.85,1175200
2021-04-05 09:25:15,423.95,1176157
2021-04-05 09:25:16,423.85,1177372
2021-04-05 09:25:17,423.85,1178127
2021-04-05 09:25:19,423.85,1180433
2021-04-05 09:25:20,423.85,1182119
2021-04-05 09:25:21,423.8,1182958
2021-04-05 09:25:22,423.85,1183406
2021-04-05 09:25:23,423.85,1185633
2021-04-05 09:25:24,423.65,1187230
2021-04-05 09:25:25,423.5,1191036
2021-04-05 09:25:26,423.45,1191626
2021-04-05 09:25:27,423.45,1192421
2021-04-05 09:25:28,423.6,1192491
2021-04-05 09:25:29,423.85,1194313
2021-04-05 09:25:30,423.85,1194530
2021-04-05 09:25:31,423.8,1196648
2021-04-05 09:25:32,423.8,1197424
2021-04-05 09:25:33,423.65,1201147
2021-04-05 09:25:34,423.5,1202276
2021-04-05 09:25:35,423.65,1205706
2021-04-05 09:25:36,423.65,1209173
2021-04-05 09:25:37,423.55,1211558
2021-04-05 09:25:38,423.5,1213415
2021-04-05 09:25:39,423.4,1215516
2021-04-05 09:25:40,423.4,1219386
2021-04-05 09:25:41,423.4,1220333
2021-04-05 09:25:42,423.4,1220336
2021-04-05 09:25:43,423.45,1223461
2021-04-05 09:25:44,423.25,1226530
2021-04-05 09:25:45,423.4,1227113
2021-04-05 09:25:46,423.35,1228028
2021-04-05 09:25:47,423.25,1229089
2021-04-05 09:25:48,423.3,1230145
2021-04-05 09:25:49,423.25,1232150
2021-04-05 09:25:50,423.15,1233597
2021-04-05 09:25:51,423.25,1234645
2021-04-05 09:25:53,423.25,1236531
2021-04-05 09:25:54,423.05,1238309
2021-04-05 09:25:55,423.05,1238309
2021-04-05 09:25:56,423.05,1241743
2021-04-05 09:25:57,423.0,1243271
2021-04-05 09:25:58,423.05,1243991
2021-04-05 09:25:59,423.05,1246484
2021-04-05 09:26:00,423.05,1248705
2021-04-05 09:26:01,423.0,1250328
2021-04-05 09:26:02,423.05,1251989
2021-04-05 09:26:03,423.2,1253500
2021-04-05 09:26:04,423.0,1258250
2021-04-05 09:26:05,423.05,1259153
2021-04-05 09:26:06,423.0,1259662
2021-04-05 09:26:07,423.0,1261211
2021-04-05 09:26:08,423.0,1262347
2021-04-05 09:26:09,423.0,1262734
2021-04-05 09:26:10,423.25,1264116
2021-04-05 09:26:11,423.0,1265996
2021-04-05 09:26:12,423.05,1266482
2021-04-05 09:26:13,423.05,1267404
2021-04-05 09:26:14,423.2,1267881
2021-04-05 09:26:15,423.5,1270761
2021-04-05 09:26:16,423.45,1270978
2021-04-05 09:26:17,423.6,1272728
2021-04-05 09:26:18,423.55,1272930
2021-04-05 09:26:19,423.7,1273013
2021-04-05 09:26:20,423.8,1277328
2021-04-05 09:26:22,423.55,1277555
2021-04-05 09:26:21,423.55,1277535
2021-04-05 09:26:23,423.7,1279038
2021-04-05 09:26:24,423.6,1280985
2021-04-05 09:26:25,423.5,1281443
2021-04-05 09:26:26,423.6,1281869
2021-04-05 09:26:27,423.7,1282902
2021-04-05 09:26:28,423.5,1286597
2021-04-05 09:26:29,423.7,1288249
2021-04-05 09:26:30,423.7,1288249
2021-04-05 09:26:31,423.5,1289293
2021-04-05 09:26:32,423.5,1289293
2021-04-05 09:26:33,423.7,1289356
2021-04-05 09:26:34,423.65,1293676
2021-04-05 09:26:35,424.0,1324993
2021-04-05 09:26:36,424.0,1325500
2021-04-05 09:26:38,423.7,1327257
2021-04-05 09:26:39,423.85,1328123
2021-04-05 09:26:40,423.7,1329433
2021-04-05 09:26:41,423.9,1330558
2021-04-05 09:26:42,423.9,1331451
2021-04-05 09:26:43,424.0,1332585
2021-04-05 09:26:44,424.0,1333819
2021-04-05 09:26:45,423.95,1333824
2021-04-05 09:26:46,424.1,1336456
2021-04-05 09:26:47,423.9,1337329
2021-04-05 09:26:48,423.9,1341790
2021-04-05 09:26:49,424.0,1342805
2021-04-05 09:26:50,424.25,1349246
2021-04-05 09:26:51,423.9,1350712
2021-04-05 09:26:52,423.9,1351122
2021-04-05 09:26:53,424.0,1351510
2021-04-05 09:26:54,424.0,1352070
2021-04-05 09:26:55,423.8,1353634
2021-04-05 09:26:56,423.95,1354920
2021-04-05 09:26:57,423.7,1356473
2021-04-05 09:26:58,423.7,1356997
2021-04-05 09:26:59,423.75,1357567
2021-04-05 09:27:00,423.95,1357632
2021-04-05 09:27:01,423.7,1358145
2021-04-05 09:27:02,423.7,1359660
2021-04-05 09:27:03,423.7,1362073
2021-04-05 09:27:04,423.5,1366673
2021-04-05 09:27:05,423.45,1369443
2021-04-05 09:27:07,423.45,1371574
2021-04-05 09:27:08,423.5,1372124
2021-04-05 09:27:09,423.5,1372925
2021-04-05 09:27:10,423.6,1373690
2021-04-05 09:27:11,423.4,1374818
2021-04-05 09:27:12,423.5,1375128
2021-04-05 09:27:13,423.2,1383654
2021-04-05 09:27:14,423.25,1386027
2021-04-05 09:27:15,423.2,1386843
2021-04-05 09:27:16,423.3,1387576
2021-04-05 09:27:17,423.05,1388414
2021-04-05 09:27:18,423.25,1388778
2021-04-05 09:27:19,423.25,1390411
2021-04-05 09:27:20,423.2,1391042
2021-04-05 09:27:21,423.3,1391045
2021-04-05 09:27:22,423.3,1391825
2021-04-05 09:27:23,423.4,1393091
2021-04-05 09:27:24,423.2,1393717
2021-04-05 09:27:25,423.25,1396079
2021-04-05 09:27:26,423.1,1397446
2021-04-05 09:27:27,423.2,1398561
2021-04-05 09:27:28,423.25,1398808
2021-04-05 09:27:29,423.3,1398918
2021-04-05 09:27:30,423.7,1405524
2021-04-05 09:27:31,423.65,1406141
2021-04-05 09:27:32,423.5,1406678
2021-04-05 09:27:33,423.45,1407085
2021-04-05 09:27:34,423.5,1407400
2021-04-05 09:27:35,423.4,1407499
2021-04-05 09:27:36,423.2,1411575
2021-04-05 09:27:37,423.2,1412202
2021-04-05 09:27:38,422.7,1429968
2021-04-05 09:27:39,422.7,1429968
2021-04-05 09:27:40,422.85,1430052
2021-04-05 09:27:41,422.65,1432840
2021-04-05 09:27:42,422.95,1435078
2021-04-05 09:27:43,423.0,1436514
2021-04-05 09:27:44,422.95,1439572
2021-04-05 09:27:46,422.9,1442328
2021-04-05 09:27:46,422.85,1442932
2021-04-05 09:27:48,423.0,1444787
2021-04-05 09:27:49,423.0,1445850
2021-04-05 09:27:49,422.95,1445800
2021-04-05 09:27:50,423.05,1448908
2021-04-05 09:27:51,423.0,1449892
2021-04-05 09:27:52,422.85,1451068
2021-04-05 09:27:53,423.0,1451153
2021-04-05 09:27:54,422.95,1453077
2021-04-05 09:27:55,422.9,1454593
2021-04-05 09:27:56,422.9,1456324
2021-04-05 09:27:57,423.0,1456999
2021-04-05 09:27:58,422.9,1457385
2021-04-05 09:27:59,422.85,1457524
2021-04-05 09:28:00,422.9,1458024
2021-04-05 09:28:01,422.95,1463742
2021-04-05 09:28:02,423.0,1464137
2021-04-05 09:28:03,423.05,1465244
2021-04-05 09:28:05,422.9,1473151
2021-04-05 09:28:06,423.1,1511926
2021-04-05 09:28:06,423.0,1511369
2021-04-05 09:28:07,423.0,1512732
2021-04-05 09:28:08,423.1,1512800
2021-04-05 09:28:09,423.0,1514161
2021-04-05 09:28:10,423.1,1516775
2021-04-05 09:28:11,423.2,1517174
2021-04-05 09:28:12,423.15,1518296
2021-04-05 09:28:13,423.2,1519453
2021-04-05 09:28:14,423.2,1519741
2021-04-05 09:28:15,423.3,1520236
2021-04-05 09:28:17,423.35,1520688
2021-04-05 09:28:16,423.3,1520246
2021-04-05 09:28:18,423.35,1520708
2021-04-05 09:28:19,423.8,1536891
2021-04-05 09:28:20,423.8,1538476
2021-04-05 09:28:21,423.9,1539454
2021-04-05 09:28:22,424.0,1540088
2021-04-05 09:28:23,423.9,1540415
2021-04-05 09:28:25,424.0,1555695
2021-04-05 09:28:25,423.85,1555722
2021-04-05 09:28:26,423.95,1556600
2021-04-05 09:28:27,423.8,1556843
2021-04-05 09:28:28,423.8,1556948
2021-04-05 09:28:29,423.8,1558846
2021-04-05 09:28:31,424.05,1560601
2021-04-05 09:28:30,424.1,1560361
2021-04-05 09:28:32,423.9,1561198
2021-04-05 09:28:33,424.3,1589574
2021-04-05 09:28:34,424.2,1592458
2021-04-05 09:28:35,424.25,1593807
2021-04-05 09:28:36,424.2,1594340
2021-04-05 09:28:37,424.25,1594855
2021-04-05 09:28:38,423.95,1597143
2021-04-05 09:28:39,424.15,1598490
2021-04-05 09:28:40,424.15,1599469
2021-04-05 09:28:41,424.2,1600254
2021-04-05 09:28:42,424.1,1600299
2021-04-05 09:28:43,424.05,1601779
2021-04-05 09:28:44,424.1,1602055
2021-04-05 09:28:46,424.15,1602910
2021-04-05 09:28:46,424.15,1602910
2021-04-05 09:28:47,423.9,1603915
2021-04-05 09:28:48,423.9,1604418
2021-04-05 09:28:49,423.85,1611363
2021-04-05 09:28:50,423.8,1612141
2021-04-05 09:28:51,423.8,1613360
2021-04-05 09:28:52,423.8,1613377
2021-04-05 09:28:53,423.8,1613491
2021-04-05 09:28:54,423.75,1614528
2021-04-05 09:28:55,423.5,1615190
2021-04-05 09:28:56,423.5,1615515
2021-04-05 09:28:58,423.8,1616902
2021-04-05 09:28:58,423.8,1617142
2021-04-05 09:28:59,423.75,1617178
2021-04-05 09:29:00,423.6,1617972
2021-04-05 09:29:01,423.5,1618342
2021-04-05 09:29:02,423.1,1620519
2021-04-05 09:29:03,423.35,1620631
2021-04-05 09:29:04,423.15,1620791
2021-04-05 09:29:05,423.15,1621591
2021-04-05 09:29:06,423.15,1621764
2021-04-05 09:29:07,423.15,1622623
2021-04-05 09:29:08,423.4,1622810
2021-04-05 09:29:09,423.2,1622883
2021-04-05 09:29:10,423.15,1622980
2021-04-05 09:29:11,423.3,1624327
2021-04-05 09:29:12,423.2,1624531
2021-04-05 09:29:13,423.2,1626727
2021-04-05 09:29:15,422.9,1640477
2021-04-05 09:29:15,423.0,1640492
2021-04-05 09:29:17,422.95,1641915
2021-04-05 09:29:18,422.9,1644566
2021-04-05 09:29:19,422.9,1644781
2021-04-05 09:29:20,422.85,1645524
2021-04-05 09:29:21,422.65,1646109
2021-04-05 09:29:22,422.9,1647538
2021-04-05 09:29:23,422.6,1647769
2021-04-05 09:29:25,422.8,1648129
2021-04-05 09:29:25,422.8,1648129
2021-04-05 09:29:26,422.6,1648579
2021-04-05 09:29:27,422.8,1650240
2021-04-05 09:29:28,422.7,1650480
2021-04-05 09:29:29,422.65,1653455
2021-04-05 09:29:30,422.8,1653530
2021-04-05 09:29:31,422.7,1655602
2021-04-05 09:29:32,422.85,1656376
2021-04-05 09:29:33,422.8,1656476
2021-04-05 09:29:34,422.85,1656632
2021-04-05 09:29:35,422.9,1660248
2021-04-05 09:29:36,423.0,1662701
2021-04-05 09:29:37,422.9,1662877
2021-04-05 09:29:38,422.9,1663036
2021-04-05 09:29:39,423.0,1663760
2021-04-05 09:29:40,422.85,1663958
2021-04-05 09:29:41,422.85,1664093
2021-04-05 09:29:42,422.9,1664126
2021-04-05 09:29:43,422.9,1664974
2021-04-05 09:29:44,422.9,1665974
2021-04-05 09:29:46,422.9,1666641
2021-04-05 09:29:46,422.9,1666774
2021-04-05 09:29:48,422.9,1666889
2021-04-05 09:29:48,422.9,1666909
2021-04-05 09:29:49,422.9,1669087
2021-04-05 09:29:50,423.0,1670317
2021-04-05 09:29:51,423.6,1741029
2021-04-05 09:29:52,423.4,1741259
2021-04-05 09:29:53,423.55,1742990
2021-04-05 09:29:55,423.55,1743416
2021-04-05 09:29:56,423.4,1743936
2021-04-05 09:29:57,423.25,1745047
2021-04-05 09:29:58,423.3,1745739
2021-04-05 09:29:59,423.1,1746017
2021-04-05 09:30:00,423.2,1746296
2021-04-05 09:30:01,423.2,1746502
2021-04-05 09:30:02,423.25,1747512
2021-04-05 09:30:03,423.1,1748109
2021-04-05 09:30:04,423.1,1748427
2021-04-05 09:30:05,422.8,1755810
2021-04-05 09:30:06,422.95,1755987
2021-04-05 09:30:07,422.95,1756319
2021-04-05 09:30:08,422.85,1759457
2021-04-05 09:30:09,422.85,1761897
2021-04-05 09:30:11,422.8,1762815
2021-04-05 09:30:12,422.4,1767534
2021-04-05 09:30:13,422.4,1767708
2021-04-05 09:30:14,422.5,1768965
2021-04-05 09:30:15,422.5,1769683
2021-04-05 09:30:16,422.25,1770358
2021-04-05 09:30:17,422.5,1770465
2021-04-05 09:30:18,422.45,1771051
2021-04-05 09:30:19,422.45,1771696
2021-04-05 09:30:20,422.25,1772339
2021-04-05 09:30:21,422.25,1772750
2021-04-05 09:30:21,422.25,1772750
2021-04-05 09:30:22,422.45,1773407
2021-04-05 09:30:23,422.45,1773511
2021-04-05 09:30:24,422.35,1776073
2021-04-05 09:30:25,422.35,1776073
2021-04-05 09:30:27,422.35,1789105
2021-04-05 09:30:28,422.2,1791464
2021-04-05 09:30:29,422.05,1792308
2021-04-05 09:30:29,422.25,1792810
2021-04-05 09:30:30,422.2,1793506
2021-04-05 09:30:32,422.15,1793710
2021-04-05 09:30:33,422.0,1794258
2021-04-05 09:30:34,422.15,1794427
2021-04-05 09:30:35,422.2,1794542
2021-04-05 09:30:36,422.05,1795409
2021-04-05 09:30:37,422.1,1795726
2021-04-05 09:30:38,422.15,1795780
2021-04-05 09:30:40,422.05,1797815
2021-04-05 09:30:41,422.15,1798390
2021-04-05 09:30:41,422.15,1800571
2021-04-05 09:30:42,422.0,1802514
2021-04-05 09:30:43,421.9,1814098
2021-04-05 09:30:45,421.8,1817747
2021-04-05 09:30:45,421.75,1819048
2021-04-05 09:30:47,421.5,1819858
2021-04-05 09:30:48,421.5,1819858
2021-04-05 09:30:48,421.2,1825043
2021-04-05 09:30:49,421.3,1826965
2021-04-05 09:30:50,421.4,1828106
2021-04-05 09:30:51,421.65,1830264
2021-04-05 09:30:52,421.55,1831338
2021-04-05 09:30:53,421.65,1833710
2021-04-05 09:30:54,421.85,1834472
2021-04-05 09:30:55,421.65,1835820
2021-04-05 09:30:56,421.7,1837512
2021-04-05 09:30:57,421.8,1837853
2021-04-05 09:30:58,421.6,1839033
2021-04-05 09:30:59,421.75,1839080
2021-04-05 09:31:00,421.75,1840462
2021-04-05 09:31:01,421.8,1840839
2021-04-05 09:31:02,421.7,1841237
2021-04-05 09:31:03,421.75,1841263
2021-04-05 09:31:04,421.7,1841419
2021-04-05 09:31:06,421.7,1844573
2021-04-05 09:31:07,421.7,1844934
2021-04-05 09:31:07,421.7,1844934
2021-04-05 09:31:08,421.75,1845508
2021-04-05 09:31:09,422.2,1866589
2021-04-05 09:31:10,422.05,1868091
2021-04-05 09:31:11,422.0,1868541
2021-04-05 09:31:12,422.1,1870683
2021-04-05 09:31:14,422.0,1870896
2021-04-05 09:31:15,422.5,1894972
2021-04-05 09:31:16,422.5,1902137
2021-04-05 09:31:17,422.5,1903212
2021-04-05 09:31:18,422.5,1904287
2021-04-05 09:31:19,422.55,1904853
2021-04-05 09:31:19,422.55,1904854
2021-04-05 09:31:20,422.55,1905231
2021-04-05 09:31:21,422.6,1905926
2021-04-05 09:31:22,422.65,1908556
2021-04-05 09:31:23,422.6,1908673
2021-04-05 09:31:24,422.8,1910311
2021-04-05 09:31:26,422.7,1912669
2021-04-05 09:31:26,422.8,1912729
2021-04-05 09:31:28,422.8,1914882
2021-04-05 09:31:28,422.95,1915452
2021-04-05 09:31:29,422.8,1916519
2021-04-05 09:31:30,422.7,1917071
2021-04-05 09:31:31,422.8,1917402
2021-04-05 09:31:32,422.9,1918191
2021-04-05 09:31:33,423.0,1919204
2021-04-05 09:31:34,422.8,1919574
2021-04-05 09:31:35,423.2,1927826
2021-04-05 09:31:36,423.0,1927989
2021-04-05 09:31:37,423.0,1929345
2021-04-05 09:31:38,423.0,1929529
2021-04-05 09:31:39,423.1,1929787
2021-04-05 09:31:40,422.95,1933750
2021-04-05 09:31:42,422.8,1934707
2021-04-05 09:31:41,423.0,1934181
2021-04-05 09:31:43,422.95,1934784
2021-04-05 09:31:44,423.0,1935648
2021-04-05 09:31:45,422.9,1938457
2021-04-05 09:31:46,423.0,1938809
2021-04-05 09:31:48,423.0,1941645
2021-04-05 09:31:47,423.0,1940050
2021-04-05 09:31:49,423.05,1942090
2021-04-05 09:31:50,423.25,1948220
2021-04-05 09:31:51,423.05,1948548
2021-04-05 09:31:53,423.3,1950472
2021-04-05 09:31:54,423.2,1951759
2021-04-05 09:31:55,423.0,1953060
2021-04-05 09:31:56,423.05,1953130
2021-04-05 09:31:57,423.15,1953420
2021-04-05 09:31:58,423.1,1953779
2021-04-05 09:31:59,423.2,1953841
2021-04-05 09:32:00,423.3,1954370
2021-04-05 09:32:00,423.3,1954371
2021-04-05 09:32:01,423.3,1954644
2021-04-05 09:32:02,423.2,1954950
2021-04-05 09:32:03,423.2,1955811
2021-04-05 09:32:04,423.05,1956929
2021-04-05 09:32:05,423.35,1957270
2021-04-05 09:32:07,423.4,1959264
2021-04-05 09:32:08,423.2,1959669
2021-04-05 09:32:09,423.3,1959780
2021-04-05 09:32:11,423.3,1961244
2021-04-05 09:32:12,423.3,1961859
2021-04-05 09:32:13,423.35,1962013
2021-04-05 09:32:14,423.35,1962963
2021-04-05 09:32:15,423.4,1974884
2021-04-05 09:32:15,423.4,1973780
2021-04-05 09:32:16,423.3,1974949
2021-04-05 09:32:17,423.5,1975425
2021-04-05 09:32:18,423.3,1976719
2021-04-05 09:32:19,423.5,1977047
2021-04-05 09:32:20,423.35,1977151
2021-04-05 09:32:21,423.25,1977472
2021-04-05 09:32:23,423.4,1977961
2021-04-05 09:32:25,423.45,1980162
2021-04-05 09:32:26,423.45,1986332
2021-04-05 09:32:27,423.75,2105507
2021-04-05 09:32:28,423.85,2109939
2021-04-05 09:32:29,423.4,2117661
2021-04-05 09:32:30,423.55,2117891
2021-04-05 09:32:31,423.3,2118805
2021-04-05 09:32:32,423.6,2119852
2021-04-05 09:32:33,423.55,2120436
2021-04-05 09:32:34,423.55,2120952
2021-04-05 09:32:36,423.5,2121616
2021-04-05 09:32:37,423.55,2122542
2021-04-05 09:32:38,423.45,2122751
2021-04-05 09:32:39,423.55,2125634
2021-04-05 09:32:40,423.5,2127111
2021-04-05 09:32:41,423.6,2127192
2021-04-05 09:32:42,423.65,2127415
2021-04-05 09:32:42,423.65,2127415
2021-04-05 09:32:43,423.6,2128944
2021-04-05 09:32:44,423.45,2129960
2021-04-05 09:32:45,423.5,2131041
2021-04-05 09:32:46,423.45,2131607
2021-04-05 09:32:48,423.45,2132594
2021-04-05 09:32:49,423.4,2132690
2021-04-05 09:32:50,423.45,2132771
2021-04-05 09:32:51,423.45,2133430
2021-04-05 09:32:52,423.3,2135239
2021-04-05 09:32:52,423.15,2138979
2021-04-05 09:32:53,423.1,2139480
2021-04-05 09:32:54,423.2,2140480
2021-04-05 09:32:55,423.2,2140499
2021-04-05 09:32:57,423.0,2140661
2021-04-05 09:32:58,423.15,2140905
2021-04-05 09:32:59,423.2,2142057
2021-04-05 09:33:00,423.1,2142756
2021-04-05 09:33:00,423.1,2142756
2021-04-05 09:33:01,423.05,2142906
2021-04-05 09:33:02,423.1,2143174
2021-04-05 09:33:03,423.05,2143665
2021-04-05 09:33:04,423.0,2144748
2021-04-05 09:33:05,423.2,2145371
2021-04-05 09:33:06,423.2,2150408
2021-04-05 09:33:08,423.5,2179931
2021-04-05 09:33:09,423.45,2186832
2021-04-05 09:33:10,423.4,2187506
2021-04-05 09:33:11,423.55,2200562
2021-04-05 09:33:12,423.5,2201651
2021-04-05 09:33:13,423.6,2201852
2021-04-05 09:33:14,423.6,2201902
2021-04-05 09:33:14,423.5,2202002
2021-04-05 09:33:15,423.5,2202202
2021-04-05 09:33:16,423.4,2206489
2021-04-05 09:33:17,423.4,2207150
2021-04-05 09:33:18,423.45,2207765
2021-04-05 09:33:19,423.3,2208186
2021-04-05 09:33:20,423.15,2208254
2021-04-05 09:33:22,423.35,2210204
2021-04-05 09:33:23,423.05,2213781
2021-04-05 09:33:24,423.1,2213860
2021-04-05 09:33:25,423.2,2214827
2021-04-05 09:33:25,423.2,2214827
2021-04-05 09:33:26,423.1,2214996
2021-04-05 09:33:27,423.25,2216902
2021-04-05 09:33:28,423.0,2237462
2021-04-05 09:33:29,423.0,2237597
2021-04-05 09:33:30,423.15,2239184
2021-04-05 09:33:32,423.15,2239505
2021-04-05 09:33:32,423.15,2239905
2021-04-05 09:33:34,423.1,2241218
2021-04-05 09:33:35,423.05,2241903
2021-04-05 09:33:36,423.05,2244062
2021-04-05 09:33:37,422.9,2247283
2021-04-05 09:33:38,423.15,2248413
2021-04-05 09:33:39,423.05,2249354
2021-04-05 09:33:40,423.1,2249485
2021-04-05 09:33:41,423.15,2249487
2021-04-05 09:33:42,423.1,2249672
2021-04-05 09:33:43,423.1,2250043
2021-04-05 09:33:43,423.1,2250043
2021-04-05 09:33:44,423.35,2251893
2021-04-05 09:33:45,423.1,2252236
2021-04-05 09:33:46,423.1,2252351
2021-04-05 09:33:47,423.0,2252461
2021-04-05 09:33:48,423.0,2256574
2021-04-05 09:33:49,423.0,2256704
2021-04-05 09:33:50,422.95,2256735
2021-04-05 09:33:51,422.8,2257482
2021-04-05 09:33:53,422.85,2258343
2021-04-05 09:33:54,422.8,2259330
2021-04-05 09:33:55,422.8,2259363
2021-04-05 09:33:56,422.75,2259477
2021-04-05 09:33:57,422.75,2259477
2021-04-05 09:33:57,422.75,2259477
2021-04-05 09:33:58,422.95,2259504
2021-04-05 09:33:59,422.95,2259509
2021-04-05 09:34:01,422.95,2259675
2021-04-05 09:34:01,422.95,2259675
2021-04-05 09:34:02,422.95,2259927
2021-04-05 09:34:03,422.95,2260367
2021-04-05 09:34:04,422.8,2260584
2021-04-05 09:34:06,422.65,2261235
2021-04-05 09:34:07,422.55,2261265
2021-04-05 09:34:08,422.9,2264414
2021-04-05 09:34:09,422.8,2264468
2021-04-05 09:34:10,423.15,2274378
2021-04-05 09:34:11,423.1,2274724
2021-04-05 09:34:12,423.05,2277432
2021-04-05 09:34:13,423.15,2277579
2021-04-05 09:34:13,423.15,2277579
2021-04-05 09:34:14,422.9,2278304
2021-04-05 09:34:16,422.9,2278304
2021-04-05 09:34:16,422.9,2278304
2021-04-05 09:34:18,423.4,2291114
2021-04-05 09:34:19,423.35,2291315
2021-04-05 09:34:20,423.4,2291915
2021-04-05 09:34:21,423.8,2298534
2021-04-05 09:34:22,423.8,2298607
2021-04-05 09:34:23,423.45,2299738
2021-04-05 09:34:24,423.7,2299799
2021-04-05 09:34:25,423.95,2317510
2021-04-05 09:34:26,423.75,2322629
2021-04-05 09:34:27,423.75,2324329
2021-04-05 09:34:28,423.7,2326584
2021-04-05 09:34:30,423.65,2328515
2021-04-05 09:34:31,423.55,2328666
2021-04-05 09:34:32,423.7,2328768
2021-04-05 09:34:33,423.7,2329782
2021-04-05 09:34:33,423.5,2330339
2021-04-05 09:34:34,423.65,2331270
2021-04-05 09:34:35,423.5,2331794
2021-04-05 09:34:36,423.65,2331897
2021-04-05 09:34:38,423.5,2332794
2021-04-05 09:34:39,423.65,2332827
2021-04-05 09:34:40,423.65,2333783
2021-04-05 09:34:41,423.65,2333822
2021-04-05 09:34:42,423.65,2334444
2021-04-05 09:34:43,423.5,2335073
2021-04-05 09:34:44,423.25,2337364
2021-04-05 09:34:45,423.65,2340500
2021-04-05 09:34:46,423.65,2340820
2021-04-05 09:34:47,423.65,2344408
2021-04-05 09:34:48,423.9,2353412
2021-04-05 09:34:48,423.65,2344408
2021-04-05 09:34:49,423.65,2353432
2021-04-05 09:34:51,423.65,2356106
2021-04-05 09:34:52,423.55,2356779
2021-04-05 09:34:53,423.55,2357671
2021-04-05 09:34:54,423.6,2357874
2021-04-05 09:34:55,423.35,2357962
2021-04-05 09:34:56,423.25,2357990
2021-04-05 09:35:00,423.55,2359381
2021-04-05 09:35:05,423.35,2362793
2021-04-05 09:35:06,423.45,2363074
2021-04-05 09:35:07,423.45,2363074
2021-04-05 09:35:09,423.3,2363447
2021-04-05 09:35:10,423.55,2363617
2021-04-05 09:35:11,423.5,2363717
2021-04-05 09:35:12,423.4,2364456
2021-04-05 09:35:13,423.25,2364558
2021-04-05 09:35:14,423.4,2364615
2021-04-05 09:35:15,423.25,2364807
2021-04-05 09:35:16,423.25,2365455
2021-04-05 09:35:17,423.2,2365568
2021-04-05 09:35:17,423.2,2365568
2021-04-05 09:35:18,423.25,2366004
2021-04-05 09:35:19,423.25,2366120
2021-04-05 09:35:20,423.4,2366430
2021-04-05 09:35:21,423.25,2366549
2021-04-05 09:35:22,423.25,2366549
2021-04-05 09:35:23,423.25,2366841
2021-04-05 09:35:24,423.4,2367816
2021-04-05 09:35:25,423.2,2368147
2021-04-05 09:35:26,423.4,2368172
2021-04-05 09:35:28,423.35,2368521
2021-04-05 09:35:29,423.3,2368614
2021-04-05 09:35:30,423.35,2369232
2021-04-05 09:35:31,423.35,2369719
2021-04-05 09:35:32,423.4,2369959
2021-04-05 09:35:33,423.4,2370345
2021-04-05 09:35:34,423.3,2370376
2021-04-05 09:35:35,423.3,2373857
2021-04-05 09:35:36,423.45,2373914
2021-04-05 09:35:37,423.55,2377924
2021-04-05 09:35:38,423.35,2384629
2021-04-05 09:35:39,423.35,2384629
2021-04-05 09:35:41,423.3,2384814
2021-04-05 09:35:42,423.4,2384949
2021-04-05 09:35:43,423.3,2385257
2021-04-05 09:35:44,423.4,2385292
2021-04-05 09:35:45,423.25,2385304
2021-04-05 09:35:46,423.3,2387514
2021-04-05 09:35:47,423.45,2387866
2021-04-05 09:35:48,423.45,2388948
2021-04-05 09:35:49,423.3,2389168
2021-04-05 09:35:50,423.2,2389299
2021-04-05 09:35:51,423.3,2389349
2021-04-05 09:35:53,423.1,2391210
2021-04-05 09:35:53,423.1,2391210
2021-04-05 09:35:54,423.25,2391319
2021-04-05 09:35:55,423.2,2391386
2021-04-05 09:35:56,423.45,2394581
2021-04-05 09:35:58,423.2,2394747
2021-04-05 09:35:59,423.35,2396378
2021-04-05 09:36:00,423.55,2397540
2021-04-05 09:36:01,423.75,2404023
2021-04-05 09:36:02,423.65,2404146
2021-04-05 09:36:03,423.65,2404154
2021-04-05 09:36:04,423.7,2405470
2021-04-05 09:36:05,423.7,2405582
2021-04-05 09:36:06,423.8,2405707
2021-04-05 09:36:07,423.7,2405912
2021-04-05 09:36:07,423.65,2406384
2021-04-05 09:36:09,423.9,2407489
2021-04-05 09:36:10,423.75,2407561
2021-04-05 09:36:11,423.75,2408267
2021-04-05 09:36:12,423.75,2408714
2021-04-05 09:36:13,423.75,2408993
2021-04-05 09:36:14,423.9,2409133
2021-04-05 09:36:15,423.95,2427180
2021-04-05 09:36:16,423.95,2427609
2021-04-05 09:36:17,423.9,2427782
2021-04-05 09:36:18,424.1,2447995
2021-04-05 09:36:19,424.0,2449220
2021-04-05 09:36:20,424.15,2450792
2021-04-05 09:36:21,424.1,2451530
2021-04-05 09:36:22,423.95,2452245
2021-04-05 09:36:23,423.9,2452442
2021-04-05 09:36:24,424.1,2453575
2021-04-05 09:36:25,424.1,2453761
2021-04-05 09:36:26,424.1,2453761
2021-04-05 09:36:27,424.1,2454142
2021-04-05 09:36:28,423.9,2454456
2021-04-05 09:36:29,423.9,2456352
2021-04-05 09:36:30,423.9,2457206
2021-04-05 09:36:31,424.0,2457278
2021-04-05 09:36:32,424.0,2457404
2021-04-05 09:36:33,424.05,2457776
2021-04-05 09:36:34,424.05,2458194
2021-04-05 09:36:35,424.0,2458815
2021-04-05 09:36:36,424.1,2459115
2021-04-05 09:36:37,424.1,2461873
2021-04-05 09:36:38,424.15,2463580
2021-04-05 09:36:39,424.25,2465333
2021-04-05 09:36:40,424.0,2465849
2021-04-05 09:36:41,424.0,2466349
2021-04-05 09:36:42,424.05,2467087
2021-04-05 09:36:43,424.0,2467116
2021-04-05 09:36:44,424.05,2467146
2021-04-05 09:36:45,423.95,2468403
2021-04-05 09:36:46,423.95,2470123
2021-04-05 09:36:47,423.95,2470244
2021-04-05 09:36:48,424.05,2471379
2021-04-05 09:36:49,424.0,2473110
2021-04-05 09:36:50,424.0,2473191
2021-04-05 09:36:51,424.0,2473459
2021-04-05 09:36:52,423.95,2474595
2021-04-05 09:36:53,423.95,2474595
2021-04-05 09:36:54,423.75,2479864
2021-04-05 09:36:55,423.7,2480278
2021-04-05 09:36:56,423.85,2482158
2021-04-05 09:36:57,423.8,2482598
2021-04-05 09:36:58,423.8,2482681
2021-04-05 09:36:59,423.8,2482912
2021-04-05 09:37:00,423.8,2483017
2021-04-05 09:37:02,423.75,2483227
2021-04-05 09:37:01,423.8,2483127
2021-04-05 09:37:03,423.8,2483430
2021-04-05 09:37:04,423.95,2483844
2021-04-05 09:37:05,423.9,2483892
2021-04-05 09:37:06,424.0,2487112
2021-04-05 09:37:07,423.95,2487326
2021-04-05 09:37:08,423.9,2487482
2021-04-05 09:37:09,423.8,2488504
2021-04-05 09:37:10,423.8,2488739
2021-04-05 09:37:11,423.9,2490500
2021-04-05 09:37:12,423.75,2490602
2021-04-05 09:37:13,423.8,2490745
2021-04-05 09:37:14,423.8,2490769
2021-04-05 09:37:15,423.8,2490789
2021-04-05 09:37:17,423.8,2491542
2021-04-05 09:37:16,423.8,2491542
2021-04-05 09:37:18,423.9,2491832
2021-04-05 09:37:19,423.9,2491907
2021-04-05 09:37:20,423.9,2491960
2021-04-05 09:37:21,423.7,2497266
2021-04-05 09:37:22,423.75,2498266
2021-04-05 09:37:23,423.7,2498962
2021-04-05 09:37:24,423.7,2499461
2021-04-05 09:37:25,423.75,2500063
2021-04-05 09:37:26,423.55,2501645
2021-04-05 09:37:27,423.8,2502230
2021-04-05 09:37:28,423.8,2503783
2021-04-05 09:37:29,423.7,2504526
2021-04-05 09:37:30,423.85,2505039
2021-04-05 09:37:32,423.8,2505100
2021-04-05 09:37:33,423.8,2507169
2021-04-05 09:37:34,423.8,2507197
2021-04-05 09:37:35,424.0,2508908
2021-04-05 09:37:36,423.6,2510685
2021-04-05 09:37:37,423.7,2510963
2021-04-05 09:37:38,423.8,2511090
2021-04-05 09:37:39,423.65,2511171
2021-04-05 09:37:40,423.65,2511171
2021-04-05 09:37:41,423.7,2511645
2021-04-05 09:37:42,423.8,2511718
2021-04-05 09:37:43,423.8,2512118
2021-04-05 09:37:44,423.8,2512938
2021-04-05 09:37:45,423.7,2513050
2021-04-05 09:37:46,423.8,2513443
2021-04-05 09:37:47,423.8,2513562
2021-04-05 09:37:48,423.7,2513590
2021-04-05 09:37:49,423.8,2513615
2021-04-05 09:37:50,423.75,2513927
2021-04-05 09:37:51,423.75,2514204
2021-04-05 09:37:52,423.7,2515027
2021-04-05 09:37:53,423.7,2515031
2021-04-05 09:37:54,423.75,2515344
2021-04-05 09:37:55,423.7,2515925
2021-04-05 09:37:56,423.85,2519494
2021-04-05 09:37:57,423.85,2520388
2021-04-05 09:37:58,423.9,2521650
2021-04-05 09:37:59,423.95,2522464
2021-04-05 09:38:00,423.7,2522516
2021-04-05 09:38:01,423.8,2522879
2021-04-05 09:38:02,423.9,2522889
2021-04-05 09:38:03,423.9,2522889
2021-04-05 09:38:04,423.9,2523237
2021-04-05 09:38:05,423.9,2523781
2021-04-05 09:38:06,423.9,2524097
2021-04-05 09:38:07,423.9,2524380
2021-04-05 09:38:08,423.8,2524634
2021-04-05 09:38:09,423.7,2524780
2021-04-05 09:38:10,423.85,2525080
2021-04-05 09:38:11,423.85,2525302
2021-04-05 09:38:12,423.8,2525381
2021-04-05 09:38:13,423.8,2526243
2021-04-05 09:38:14,423.9,2526479
2021-04-05 09:38:15,423.85,2527465
2021-04-05 09:38:16,424.0,2528088
2021-04-05 09:38:17,424.0,2528619
2021-04-05 09:38:18,424.2,2547714
2021-04-05 09:38:19,424.2,2548800
2021-04-05 09:38:20,424.1,2549685
2021-04-05 09:38:21,424.25,2549786
2021-04-05 09:38:22,424.25,2550316
2021-04-05 09:38:23,424.25,2550326
2021-04-05 09:38:24,424.2,2551957
2021-04-05 09:38:25,424.05,2552600
2021-04-05 09:38:26,424.05,2552731
2021-04-05 09:38:27,424.05,2553086
2021-04-05 09:38:29,424.0,2554099
2021-04-05 09:38:28,424.0,2554099
2021-04-05 09:38:30,424.0,2554490
2021-04-05 09:38:31,424.1,2554522
2021-04-05 09:38:32,424.0,2555837
2021-04-05 09:38:33,424.0,2555939
2021-04-05 09:38:34,424.0,2556728
2021-04-05 09:38:35,424.05,2557597
2021-04-05 09:38:36,424.2,2557799
2021-04-05 09:38:37,424.2,2557799
2021-04-05 09:38:38,423.9,2558506
2021-04-05 09:38:39,424.0,2558540
2021-04-05 09:38:40,424.0,2558829
2021-04-05 09:38:41,424.0,2558914
2021-04-05 09:38:42,424.0,2558915
2021-04-05 09:38:44,424.15,2560737
2021-04-05 09:38:45,424.15,2561450
2021-04-05 09:38:46,424.0,2561556
2021-04-05 09:38:47,424.15,2561558
2021-04-05 09:38:49,424.25,2562739
2021-04-05 09:38:48,424.25,2562719
2021-04-05 09:38:50,424.05,2563499
2021-04-05 09:38:51,424.15,2563620
2021-04-05 09:38:52,424.3,2567426
2021-04-05 09:38:53,424.4,2570841
2021-04-05 09:38:54,424.15,2571229
2021-04-05 09:38:55,424.2,2571265
2021-04-05 09:38:56,424.2,2571365
2021-04-05 09:38:57,424.25,2572168
2021-04-05 09:38:58,424.1,2573190
2021-04-05 09:38:59,424.25,2573234
2021-04-05 09:39:00,424.15,2574105
2021-04-05 09:39:01,424.15,2574198
2021-04-05 09:39:02,424.25,2574217
2021-04-05 09:39:04,424.25,2577014
2021-04-05 09:39:04,424.3,2577514
2021-04-05 09:39:05,424.15,2577643
2021-04-05 09:39:06,424.15,2579115
2021-04-05 09:39:08,424.4,2581573
2021-04-05 09:39:07,424.45,2580851
2021-04-05 09:39:09,424.25,2583545
2021-04-05 09:39:10,424.3,2584225
2021-04-05 09:39:11,424.1,2587239
2021-04-05 09:39:12,424.0,2597827
2021-04-05 09:39:13,424.0,2597932
2021-04-05 09:39:14,424.0,2598352
2021-04-05 09:39:15,424.05,2598812
2021-04-05 09:39:17,424.05,2598948
2021-04-05 09:39:17,424.05,2599459
2021-04-05 09:39:18,424.0,2599711
2021-04-05 09:39:19,423.95,2600003
2021-04-05 09:39:20,423.75,2602182
2021-04-05 09:39:21,423.8,2607471
2021-04-05 09:39:22,423.55,2610423
2021-04-05 09:39:23,423.55,2610653
2021-04-05 09:39:24,423.55,2610653
2021-04-05 09:39:25,423.65,2615860
2021-04-05 09:39:26,423.8,2618070
2021-04-05 09:39:27,423.6,2618132
2021-04-05 09:39:28,423.55,2619221
2021-04-05 09:39:29,423.55,2624364
2021-04-05 09:39:31,423.55,2624926
2021-04-05 09:39:31,423.5,2625076
2021-04-05 09:39:32,423.65,2626582
2021-04-05 09:39:33,423.65,2626618
2021-04-05 09:39:34,423.8,2626890
2021-04-05 09:39:35,423.8,2626897
2021-04-05 09:39:36,423.8,2626957
2021-04-05 09:39:37,423.75,2627563
2021-04-05 09:39:38,423.8,2628102
2021-04-05 09:39:39,423.8,2628781
2021-04-05 09:39:40,423.65,2628857
2021-04-05 09:39:41,423.7,2628888
2021-04-05 09:39:42,423.7,2628999
2021-04-05 09:39:43,423.65,2633815
2021-04-05 09:39:44,423.8,2633845
2021-04-05 09:39:46,423.8,2634380
2021-04-05 09:39:47,423.8,2634401
2021-04-05 09:39:47,423.8,2634529
2021-04-05 09:39:48,423.8,2634533
2021-04-05 09:39:49,423.8,2634633
2021-04-05 09:39:50,423.8,2634965
2021-04-05 09:39:51,423.75,2635062
2021-04-05 09:39:52,423.8,2635873
2021-04-05 09:39:53,423.75,2636024
2021-04-05 09:39:54,423.6,2638515
2021-04-05 09:39:55,423.7,2638867
2021-04-05 09:39:57,424.0,2649415
2021-04-05 09:39:58,423.8,2649525
2021-04-05 09:39:59,423.95,2650540
2021-04-05 09:40:00,423.95,2650890
2021-04-05 09:40:01,423.85,2651023
2021-04-05 09:40:02,423.75,2652949
2021-04-05 09:40:03,423.8,2653245
2021-04-05 09:40:04,423.8,2653426
2021-04-05 09:40:05,423.85,2654125
2021-04-05 09:40:06,423.8,2654976
2021-04-05 09:40:07,424.1,2659976
2021-04-05 09:40:08,423.95,2660764
2021-04-05 09:40:09,424.1,2661118
2021-04-05 09:40:10,424.0,2661405
2021-04-05 09:40:11,423.95,2661513
2021-04-05 09:40:12,424.0,2661524
2021-04-05 09:40:13,424.15,2663569
2021-04-05 09:40:14,424.15,2663629
2021-04-05 09:40:15,424.15,2664979
2021-04-05 09:40:16,424.0,2665549
2021-04-05 09:40:17,424.1,2665793
2021-04-05 09:40:18,423.95,2667424
2021-04-05 09:40:19,424.35,2677087
2021-04-05 09:40:20,424.4,2677815
2021-04-05 09:40:21,424.7,2698866
2021-04-05 09:40:22,424.65,2701839
2021-04-05 09:40:23,424.7,2702612
2021-04-05 09:40:24,424.8,2704708
2021-04-05 09:40:25,424.7,2704902
2021-04-05 09:40:27,424.6,2714042
2021-04-05 09:40:28,424.8,2714741
2021-04-05 09:40:29,424.75,2715746
2021-04-05 09:40:30,424.7,2717602
2021-04-05 09:40:32,424.4,2718184
2021-04-05 09:40:33,424.7,2718565
2021-04-05 09:40:33,424.7,2718667
2021-04-05 09:40:34,424.8,2720571
2021-04-05 09:40:35,424.55,2720878
2021-04-05 09:40:36,424.8,2721523
2021-04-05 09:40:38,424.8,2722390
2021-04-05 09:40:39,424.8,2724128
2021-04-05 09:40:40,424.85,2725002
2021-04-05 09:40:41,424.8,2725483
2021-04-05 09:40:41,424.85,2725524
2021-04-05 09:40:42,424.7,2726878
2021-04-05 09:40:43,424.5,2728992
2021-04-05 09:40:44,424.6,2729325
2021-04-05 09:40:45,424.8,2730761
2021-04-05 09:40:46,424.65,2731992
2021-04-05 09:40:47,424.5,2732331
2021-04-05 09:40:48,424.65,2733790
2021-04-05 09:40:49,424.5,2735738
2021-04-05 09:40:50,424.5,2736208
2021-04-05 09:40:51,424.75,2736858
2021-04-05 09:40:52,424.75,2737094
2021-04-05 09:40:53,424.5,2744354
2021-04-05 09:40:54,424.7,2745753
2021-04-05 09:40:55,424.65,2746269
2021-04-05 09:40:56,424.65,2747472
2021-04-05 09:40:57,424.65,2747818
2021-04-05 09:40:58,424.65,2748281
2021-04-05 09:40:59,424.6,2748673
2021-04-05 09:41:00,424.5,2749301
2021-04-05 09:41:01,424.6,2749903
2021-04-05 09:41:02,424.6,2750260
2021-04-05 09:41:03,424.65,2750599
2021-04-05 09:41:04,424.5,2750762
2021-04-05 09:41:05,424.6,2751178
2021-04-05 09:41:06,424.65,2751976
2021-04-05 09:41:07,424.5,2752972
2021-04-05 09:41:08,424.5,2753740
2021-04-05 09:41:10,424.55,2756662
2021-04-05 09:41:11,424.45,2761258
2021-04-05 09:41:11,424.45,2761518
2021-04-05 09:41:12,424.45,2762110
2021-04-05 09:41:13,424.5,2767921
2021-04-05 09:41:14,424.5,2768508
2021-04-05 09:41:15,424.5,2768703
2021-04-05 09:41:16,424.5,2768949
2021-04-05 09:41:17,424.5,2768949
2021-04-05 09:41:19,424.45,2771921
2021-04-05 09:41:20,424.55,2772379
2021-04-05 09:41:21,424.55,2772908
2021-04-05 09:41:21,424.55,2773010
2021-04-05 09:41:22,424.55,2774470
2021-04-05 09:41:23,424.6,2774846
2021-04-05 09:41:24,424.5,2774982
2021-04-05 09:41:25,424.5,2777470
2021-04-05 09:41:26,424.45,2778340
2021-04-05 09:41:27,424.45,2778406
2021-04-05 09:41:29,424.6,2779506
2021-04-05 09:41:30,424.65,2780208
2021-04-05 09:41:32,424.55,2780431
2021-04-05 09:41:33,424.8,2786843
2021-04-05 09:41:35,424.55,2787242
2021-04-05 09:41:35,424.55,2787342
2021-04-05 09:41:36,424.8,2788069
2021-04-05 09:41:37,424.7,2788176
2021-04-05 09:41:38,424.65,2788892
2021-04-05 09:41:39,424.8,2789487
2021-04-05 09:41:40,424.8,2790695
2021-04-05 09:41:41,424.8,2790894
2021-04-05 09:41:42,424.65,2791235
2021-04-05 09:41:43,424.55,2792798
2021-04-05 09:41:44,424.75,2793658
2021-04-05 09:41:45,424.75,2793658
2021-04-05 09:41:46,424.65,2793783
2021-04-05 09:41:47,424.65,2793917
2021-04-05 09:41:48,424.8,2795782
2021-04-05 09:41:49,424.75,2797434
2021-04-05 09:41:50,424.85,2797919
2021-04-05 09:41:51,424.85,2798436
2021-04-05 09:41:52,424.95,2808776
2021-04-05 09:41:54,425.0,2834668
2021-04-05 09:41:54,425.0,2838736
2021-04-05 09:41:55,425.0,2839971
2021-04-05 09:41:56,424.95,2840466
2021-04-05 09:41:58,425.0,2841173
2021-04-05 09:41:58,424.95,2841294
2021-04-05 09:41:59,425.0,2843037
2021-04-05 09:42:00,425.0,2843753
2021-04-05 09:42:01,425.0,2844950
2021-04-05 09:42:02,424.95,2845749
2021-04-05 09:42:03,424.95,2846029
2021-04-05 09:42:04,424.95,2848985
2021-04-05 09:42:06,424.95,2850894
2021-04-05 09:42:07,424.95,2852014
2021-04-05 09:42:07,424.9,2851909
2021-04-05 09:42:08,424.9,2852574
2021-04-05 09:42:09,424.9,2853045
2021-04-05 09:42:11,425.0,2859324
2021-04-05 09:42:12,424.9,2860805
2021-04-05 09:42:12,424.9,2861285
2021-04-05 09:42:14,424.85,2866979
2021-04-05 09:42:15,424.95,2867376
2021-04-05 09:42:15,425.2,2895343
2021-04-05 09:42:17,425.15,2901060
2021-04-05 09:42:18,425.4,2902854
2021-04-05 09:42:19,425.4,2907927
2021-04-05 09:42:20,425.35,2908427
2021-04-05 09:42:21,425.4,2908680
2021-04-05 09:42:22,425.4,2908886
2021-04-05 09:42:23,425.4,2909439
2021-04-05 09:42:25,425.25,2911949
2021-04-05 09:42:26,425.4,2912832
2021-04-05 09:42:27,425.4,2913401
2021-04-05 09:42:28,425.35,2913658
2021-04-05 09:42:28,425.35,2913483
2021-04-05 09:42:29,425.2,2914673
2021-04-05 09:42:30,425.15,2917024
2021-04-05 09:42:31,425.25,2917401
2021-04-05 09:42:32,425.15,2918309
2021-04-05 09:42:34,425.2,2921212
2021-04-05 09:42:35,425.0,2921647
2021-04-05 09:42:36,424.95,2927915
2021-04-05 09:42:37,424.95,2929633
2021-04-05 09:42:38,425.0,2930116
2021-04-05 09:42:38,424.9,2931078
2021-04-05 09:42:39,424.95,2931449
2021-04-05 09:42:40,424.7,2932410
2021-04-05 09:42:41,424.9,2933851
2021-04-05 09:42:42,424.9,2934469
2021-04-05 09:42:43,424.7,2934725
2021-04-05 09:42:44,424.75,2936214
2021-04-05 09:42:45,424.85,2936229
2021-04-05 09:42:47,424.75,2936697
2021-04-05 09:42:48,424.8,2938271
2021-04-05 09:42:49,424.8,2938353
2021-04-05 09:42:50,424.8,2938524
2021-04-05 09:42:51,424.7,2939404
2021-04-05 09:42:52,424.75,2939546
2021-04-05 09:42:52,424.75,2939546
2021-04-05 09:42:53,424.95,2947779
2021-04-05 09:42:55,424.75,2949415
2021-04-05 09:42:56,424.7,2949666
2021-04-05 09:42:57,424.55,2952902
2021-04-05 09:42:57,424.85,2953680
2021-04-05 09:42:58,424.85,2954035
2021-04-05 09:42:59,424.75,2955465
2021-04-05 09:43:01,424.7,2955833
2021-04-05 09:43:02,424.7,2956223
2021-04-05 09:43:03,424.95,2960301
2021-04-05 09:43:04,425.0,2960851
2021-04-05 09:43:05,424.85,2960993
2021-04-05 09:43:05,425.0,2960995
2021-04-05 09:43:07,424.8,2961814
2021-04-05 09:43:07,424.85,2962328
2021-04-05 09:43:09,424.9,2962709
2021-04-05 09:43:10,424.9,2962820
2021-04-05 09:43:11,425.0,2964274
2021-04-05 09:43:12,425.05,2969390
2021-04-05 09:43:13,425.2,2971665
2021-04-05 09:43:14,425.05,2971915
2021-04-05 09:43:15,425.2,2972564
2021-04-05 09:43:16,425.2,2972564
2021-04-05 09:43:17,425.2,2975152
2021-04-05 09:43:18,425.1,2980327
2021-04-05 09:43:19,425.45,2996721
2021-04-05 09:43:21,425.4,2997354
2021-04-05 09:43:22,425.85,3009069
2021-04-05 09:43:23,425.85,3009571
2021-04-05 09:43:24,425.85,3010154
2021-04-05 09:43:25,425.75,3011330
2021-04-05 09:43:26,425.95,3017399
2021-04-05 09:43:26,425.95,3017399
2021-04-05 09:43:27,426.0,3025385
2021-04-05 09:43:28,426.0,3025568
2021-04-05 09:43:29,426.0,3040791
2021-04-05 09:43:31,425.9,3042508
2021-04-05 09:43:32,425.55,3046128
2021-04-05 09:43:33,425.7,3047954
2021-04-05 09:43:34,425.5,3048543
2021-04-05 09:43:35,425.55,3048868
2021-04-05 09:43:35,425.55,3048868
2021-04-05 09:43:36,425.5,3049709
2021-04-05 09:43:37,425.3,3050131
2021-04-05 09:43:38,425.35,3051849
2021-04-05 09:43:39,425.6,3056301
2021-04-05 09:43:40,425.65,3056403
2021-04-05 09:43:42,425.55,3057411
2021-04-05 09:43:43,425.65,3059441
2021-04-05 09:43:44,425.6,3061285
2021-04-05 09:43:45,425.65,3061989
2021-04-05 09:43:46,425.6,3063748
2021-04-05 09:43:47,425.7,3065328
2021-04-05 09:43:48,425.4,3065977
2021-04-05 09:43:49,425.6,3068189
2021-04-05 09:43:50,425.45,3069544
2021-04-05 09:43:51,425.4,3070381
2021-04-05 09:43:52,425.6,3070506
2021-04-05 09:43:53,425.75,3073349
2021-04-05 09:43:54,425.65,3073606
2021-04-05 09:43:55,425.7,3073898
2021-04-05 09:43:56,425.9,3074853
2021-04-05 09:43:57,425.6,3075053
2021-04-05 09:43:58,425.85,3075831
2021-04-05 09:43:59,425.6,3076525
2021-04-05 09:44:01,425.6,3077757
2021-04-05 09:44:02,425.6,3078393
2021-04-05 09:44:03,425.7,3081929
2021-04-05 09:44:04,425.6,3082049
2021-04-05 09:44:05,425.6,3082190
2021-04-05 09:44:05,425.6,3082192
2021-04-05 09:44:06,425.5,3085877
2021-04-05 09:44:07,425.75,3087323
2021-04-05 09:44:09,425.5,3091681
2021-04-05 09:44:10,425.6,3095371
2021-04-05 09:44:11,425.5,3096083
2021-04-05 09:44:12,425.4,3096200
2021-04-05 09:44:13,425.4,3099049
2021-04-05 09:44:13,425.5,3100091
2021-04-05 09:44:15,425.35,3100607
2021-04-05 09:44:16,425.5,3101827
2021-04-05 09:44:17,425.6,3104940
2021-04-05 09:44:18,425.55,3105697
2021-04-05 09:44:19,425.55,3106622
2021-04-05 09:44:20,425.55,3107562
2021-04-05 09:44:21,425.55,3107567
2021-04-05 09:44:22,425.55,3108032
2021-04-05 09:44:23,425.55,3108944
2021-04-05 09:44:24,425.4,3109333
2021-04-05 09:44:25,425.3,3109902
2021-04-05 09:44:26,425.55,3110369
2021-04-05 09:44:27,425.45,3111462
2021-04-05 09:44:28,425.5,3111803
2021-04-05 09:44:28,425.4,3111762
2021-04-05 09:44:29,425.55,3112575
2021-04-05 09:44:30,425.35,3113288
2021-04-05 09:44:31,425.3,3113456
2021-04-05 09:44:32,425.45,3113696
2021-04-05 09:44:33,425.55,3115472
2021-04-05 09:44:34,425.3,3115711
2021-04-05 09:44:35,425.25,3116536
2021-04-05 09:44:36,425.2,3116837
2021-04-05 09:44:37,425.2,3116843
2021-04-05 09:44:39,425.45,3118848
2021-04-05 09:44:40,425.6,3124836
2021-04-05 09:44:41,425.55,3125174
2021-04-05 09:44:42,425.55,3125190
2021-04-05 09:44:43,425.65,3127388
2021-04-05 09:44:44,425.6,3127776
2021-04-05 09:44:45,425.4,3128160
2021-04-05 09:44:46,425.5,3128762
2021-04-05 09:44:47,425.4,3129114
2021-04-05 09:44:48,425.45,3129592
2021-04-05 09:44:49,425.25,3131813
2021-04-05 09:44:49,425.4,3131652
2021-04-05 09:44:50,425.25,3131813
2021-04-05 09:44:52,425.45,3132932
2021-04-05 09:44:53,425.35,3134159
2021-04-05 09:44:54,425.35,3134909
2021-04-05 09:44:55,425.3,3136215
2021-04-05 09:44:55,425.3,3136230
2021-04-05 09:44:57,425.5,3139766
2021-04-05 09:44:58,425.5,3140018
2021-04-05 09:44:59,425.45,3140285
2021-04-05 09:45:00,425.5,3141886
2021-04-05 09:45:01,425.5,3142150
2021-04-05 09:45:02,425.6,3145088
2021-04-05 09:45:03,425.6,3146448
2021-04-05 09:45:04,425.7,3147310
2021-04-05 09:45:04,425.7,3147388
2021-04-05 09:45:05,425.7,3148293
2021-04-05 09:45:07,425.85,3150872
2021-04-05 09:45:07,426.0,3195141
2021-04-05 09:45:08,426.15,3196719
2021-04-05 09:45:10,426.15,3197628
2021-04-05 09:45:11,426.05,3199313
2021-04-05 09:45:12,426.1,3200441
2021-04-05 09:45:13,426.1,3200441
2021-04-05 09:45:14,425.95,3205474
2021-04-05 09:45:15,426.0,3207053
2021-04-05 09:45:16,425.95,3207652
2021-04-05 09:45:17,426.2,3210720
2021-04-05 09:45:18,426.0,3211840
2021-04-05 09:45:19,426.15,3216772
2021-04-05 09:45:20,426.15,3217593
2021-04-05 09:45:21,426.0,3219724
2021-04-05 09:45:22,426.2,3221189
2021-04-05 09:45:23,426.15,3221984
2021-04-05 09:45:23,426.0,3222394
2021-04-05 09:45:24,426.0,3222940
2021-04-05 09:45:26,426.15,3225388
2021-04-05 09:45:27,426.0,3228039
2021-04-05 09:45:28,425.6,3233087
2021-04-05 09:45:29,425.75,3234550
2021-04-05 09:45:30,425.65,3236383
2021-04-05 09:45:31,425.9,3236649
2021-04-05 09:45:32,425.7,3236843
2021-04-05 09:45:33,425.6,3238062
2021-04-05 09:45:34,425.6,3239103
2021-04-05 09:45:35,425.3,3244627
2021-04-05 09:45:36,425.3,3246866
2021-04-05 09:45:37,425.35,3247433
2021-04-05 09:45:39,425.35,3247793
2021-04-05 09:45:39,425.35,3248054
2021-04-05 09:45:40,425.4,3248464
2021-04-05 09:45:41,425.3,3249098
2021-04-05 09:45:42,425.6,3249606
2021-04-05 09:45:43,425.4,3249807
2021-04-05 09:45:44,425.6,3250164
2021-04-05 09:45:46,425.45,3251270
2021-04-05 09:45:47,425.4,3251733
2021-04-05 09:45:47,425.45,3251886
2021-04-05 09:45:49,425.6,3252662
2021-04-05 09:45:50,425.6,3254818
2021-04-05 09:45:51,425.6,3255442
2021-04-05 09:45:52,425.6,3256730
2021-04-05 09:45:53,425.9,3257521
2021-04-05 09:45:54,425.95,3257733
2021-04-05 09:45:55,425.95,3259179
2021-04-05 09:45:56,426.0,3259631
2021-04-05 09:45:57,425.9,3260114
2021-04-05 09:45:58,425.95,3262414
2021-04-05 09:45:59,426.0,3266695
2021-04-05 09:46:00,426.05,3267485
2021-04-05 09:46:01,426.1,3267958
2021-04-05 09:46:02,426.1,3269767
2021-04-05 09:46:03,426.1,3270051
2021-04-05 09:46:04,426.05,3271940
2021-04-05 09:46:05,425.9,3274428
2021-04-05 09:46:05,426.0,3275030
2021-04-05 09:46:06,426.1,3278006
2021-04-05 09:46:07,426.1,3278682
2021-04-05 09:46:08,425.9,3280394
2021-04-05 09:46:10,426.05,3280844
2021-04-05 09:46:11,426.05,3281016
2021-04-05 09:46:12,426.0,3282038
2021-04-05 09:46:13,426.0,3283217
2021-04-05 09:46:14,426.05,3283822
2021-04-05 09:46:15,426.1,3284544
2021-04-05 09:46:16,426.1,3288292
2021-04-05 09:46:17,426.05,3289282
2021-04-05 09:46:18,426.0,3289700
2021-04-05 09:46:19,426.05,3290153
2021-04-05 09:46:20,426.05,3291585
2021-04-05 09:46:22,425.85,3297154
2021-04-05 09:46:23,425.9,3297999
2021-04-05 09:46:24,425.95,3299006
2021-04-05 09:46:25,425.75,3299244
2021-04-05 09:46:26,425.75,3299496
2021-04-05 09:46:27,425.8,3309402
2021-04-05 09:46:28,425.85,3314801
2021-04-05 09:46:28,425.85,3314774
2021-04-05 09:46:29,425.85,3317351
2021-04-05 09:46:30,425.7,3318836
2021-04-05 09:46:32,425.6,3320583
2021-04-05 09:46:33,425.6,3321690
2021-04-05 09:46:34,425.85,3321797
2021-04-05 09:46:34,425.7,3321806
2021-04-05 09:46:36,425.75,3332085
2021-04-05 09:46:37,425.75,3333445
2021-04-05 09:46:38,425.75,3334210
2021-04-05 09:46:39,425.75,3334448
2021-04-05 09:46:40,425.75,3335078
2021-04-05 09:46:41,425.75,3335917
2021-04-05 09:46:42,425.75,3336193
2021-04-05 09:46:43,425.9,3336790
2021-04-05 09:46:44,425.75,3338150
2021-04-05 09:46:45,425.75,3338641
2021-04-05 09:46:45,425.8,3338852
2021-04-05 09:46:46,425.75,3340344
2021-04-05 09:46:47,425.75,3340788
2021-04-05 09:46:48,425.8,3340997
2021-04-05 09:46:50,425.75,3341800
2021-04-05 09:46:51,425.75,3343610
2021-04-05 09:46:52,425.95,3343897
2021-04-05 09:46:53,425.9,3344579
2021-04-05 09:46:54,425.9,3344880
2021-04-05 09:46:55,426.0,3351340
2021-04-05 09:46:56,426.0,3353179
2021-04-05 09:46:57,426.65,3392748
2021-04-05 09:46:58,426.6,3393778
2021-04-05 09:46:59,426.35,3394415
2021-04-05 09:47:00,426.55,3394827
2021-04-05 09:47:01,426.6,3396956
2021-04-05 09:47:02,426.25,3407584
2021-04-05 09:47:03,426.0,3408843
2021-04-05 09:47:04,426.2,3409264
2021-04-05 09:47:05,426.25,3410035
2021-04-05 09:47:06,426.0,3411427
2021-04-05 09:47:07,426.25,3411794
2021-04-05 09:47:08,426.1,3412146
2021-04-05 09:47:09,426.2,3412346
2021-04-05 09:47:10,426.2,3413473
2021-04-05 09:47:11,426.25,3414184
2021-04-05 09:47:12,426.1,3414569
2021-04-05 09:47:13,426.35,3416686
2021-04-05 09:47:14,426.35,3417046
2021-04-05 09:47:15,426.25,3417605
2021-04-05 09:47:16,426.25,3417605
2021-04-05 09:47:17,426.3,3418065
2021-04-05 09:47:18,426.1,3418601
2021-04-05 09:47:19,426.3,3420170
2021-04-05 09:47:20,426.5,3420435
2021-04-05 09:47:21,426.5,3420435
2021-04-05 09:47:22,426.2,3421973
2021-04-05 09:47:23,426.45,3423382
2021-04-05 09:47:24,426.5,3427427
2021-04-05 09:47:25,426.25,3427448
2021-04-05 09:47:26,426.25,3429225
2021-04-05 09:47:27,426.25,3430835
2021-04-05 09:47:28,426.45,3431151
2021-04-05 09:47:29,426.3,3431472
2021-04-05 09:47:30,426.6,3434104
2021-04-05 09:47:31,426.6,3434129
2021-04-05 09:47:32,426.6,3434368
2021-04-05 09:47:33,426.6,3434368
2021-04-05 09:47:34,426.5,3437355
2021-04-05 09:47:36,426.5,3438906
2021-04-05 09:47:35,426.25,3438779
2021-04-05 09:47:37,426.3,3440329
2021-04-05 09:47:38,426.45,3440532
2021-04-05 09:47:39,426.35,3441238
2021-04-05 09:47:40,426.45,3441709
2021-04-05 09:47:41,426.45,3441891
2021-04-05 09:47:42,426.5,3442174
2021-04-05 09:47:43,426.3,3442182
2021-04-05 09:47:44,426.3,3442617
2021-04-05 09:47:45,426.3,3442728
2021-04-05 09:47:46,426.05,3454220
2021-04-05 09:47:47,426.35,3455977
2021-04-05 09:47:49,426.3,3456164
2021-04-05 09:47:48,426.35,3456037
2021-04-05 09:47:50,426.25,3456229
2021-04-05 09:47:51,426.35,3457661
2021-04-05 09:47:52,426.4,3458509
2021-04-05 09:47:53,426.25,3460734
2021-04-05 09:47:54,426.25,3461459
2021-04-05 09:47:55,426.3,3461918
2021-04-05 09:47:56,426.4,3462241
2021-04-05 09:47:57,426.35,3462454
2021-04-05 09:47:58,426.4,3465468
2021-04-05 09:47:59,426.25,3465624
2021-04-05 09:48:01,426.4,3465700
2021-04-05 09:48:02,426.5,3469138
2021-04-05 09:48:03,426.5,3469396
2021-04-05 09:48:04,426.5,3470574
2021-04-05 09:48:05,426.6,3475374
2021-04-05 09:48:06,426.5,3475433
2021-04-05 09:48:07,426.6,3475733
2021-04-05 09:48:08,426.6,3476808
2021-04-05 09:48:09,426.4,3477179
2021-04-05 09:48:10,426.6,3478611
2021-04-05 09:48:11,426.6,3479500
2021-04-05 09:48:13,426.45,3479869
2021-04-05 09:48:12,426.45,3479869
2021-04-05 09:48:14,426.4,3479974
2021-04-05 09:48:15,426.5,3483688
2021-04-05 09:48:16,426.5,3484624
2021-04-05 09:48:17,426.55,3485619
2021-04-05 09:48:18,426.4,3487380
2021-04-05 09:48:19,426.4,3487380
2021-04-05 09:48:20,426.6,3487706
2021-04-05 09:48:21,426.65,3489709
2021-04-05 09:48:22,426.55,3490189
2021-04-05 09:48:23,426.5,3490663
2021-04-05 09:48:24,426.65,3494321
2021-04-05 09:48:26,426.6,3495740
2021-04-05 09:48:25,426.6,3495716
2021-04-05 09:48:27,426.6,3496398
2021-04-05 09:48:28,426.5,3497765
2021-04-05 09:48:29,426.6,3498454
2021-04-05 09:48:30,426.6,3499244
2021-04-05 09:48:31,426.5,3499254
2021-04-05 09:48:32,426.5,3500784
2021-04-05 09:48:33,426.65,3501304
2021-04-05 09:48:34,426.7,3502105
2021-04-05 09:48:35,426.7,3502837
2021-04-05 09:48:36,426.7,3502837
2021-04-05 09:48:37,426.8,3511608
2021-04-05 09:48:38,426.85,3512003
2021-04-05 09:48:39,426.65,3513184
2021-04-05 09:48:40,426.8,3513590
2021-04-05 09:48:41,426.8,3513591
2021-04-05 09:48:42,426.7,3513664
2021-04-05 09:48:43,426.8,3513733
2021-04-05 09:48:44,426.8,3514087
2021-04-05 09:48:45,426.8,3514095
2021-04-05 09:48:46,426.85,3514904
2021-04-05 09:48:47,426.7,3515908
2021-04-05 09:48:48,426.7,3516740
2021-04-05 09:48:49,426.75,3516790
2021-04-05 09:48:50,426.7,3517675
2021-04-05 09:48:51,426.75,3518288
2021-04-05 09:48:52,426.7,3520273
2021-04-05 09:48:53,426.8,3533453
2021-04-05 09:48:54,426.55,3533773
2021-04-05 09:48:55,426.75,3534769
2021-04-05 09:48:56,426.8,3534906
2021-04-05 09:48:57,426.75,3535177
2021-04-05 09:48:58,426.6,3536804
2021-04-05 09:48:59,426.7,3536809
2021-04-05 09:49:00,426.75,3537280
2021-04-05 09:49:01,426.75,3537811
2021-04-05 09:49:02,426.75,3539620
2021-04-05 09:49:03,426.75,3541086
2021-04-05 09:49:05,426.7,3541547
2021-04-05 09:49:07,426.65,3543037
2021-04-05 09:49:07,426.65,3543047
2021-04-05 09:49:08,426.65,3543958
2021-04-05 09:49:09,426.65,3545155
2021-04-05 09:49:10,426.5,3553240
2021-04-05 09:49:11,426.55,3553345
2021-04-05 09:49:12,426.4,3559908
2021-04-05 09:49:14,426.4,3562931
2021-04-05 09:49:14,426.4,3565824
2021-04-05 09:49:16,426.25,3567250
2021-04-05 09:49:16,426.4,3567290
2021-04-05 09:49:17,426.1,3570558
2021-04-05 09:49:18,426.1,3574379
2021-04-05 09:49:19,426.0,3605457
2021-04-05 09:49:21,426.0,3606520
2021-04-05 09:49:21,426.2,3607520
2021-04-05 09:49:22,426.15,3608166
2021-04-05 09:49:23,426.15,3609103
2021-04-05 09:49:24,426.15,3611208
2021-04-05 09:49:25,426.1,3611259
2021-04-05 09:49:27,426.1,3611713
2021-04-05 09:49:28,426.05,3612010
2021-04-05 09:49:29,426.0,3612424
2021-04-05 09:49:30,426.35,3615481
2021-04-05 09:49:30,426.4,3615491
2021-04-05 09:49:31,426.25,3616547
2021-04-05 09:49:33,426.1,3620573
2021-04-05 09:49:34,426.15,3621352
2021-04-05 09:49:35,426.05,3621684
2021-04-05 09:49:37,426.15,3622735
2021-04-05 09:49:37,426.15,3622735
2021-04-05 09:49:38,426.0,3623899
2021-04-05 09:49:39,426.15,3623959
2021-04-05 09:49:40,426.1,3624167
2021-04-05 09:49:41,426.1,3624977
2021-04-05 09:49:43,426.15,3631586
2021-04-05 09:49:43,426.15,3631787
2021-04-05 09:49:44,426.15,3631838
2021-04-05 09:49:45,426.2,3632248
2021-04-05 09:49:46,426.2,3632248
2021-04-05 09:49:47,426.15,3643506
2021-04-05 09:49:48,426.05,3644501
2021-04-05 09:49:49,426.15,3645372
2021-04-05 09:49:50,426.1,3645488
2021-04-05 09:49:52,426.2,3647899
2021-04-05 09:49:52,426.2,3647909
2021-04-05 09:49:53,426.05,3650136
2021-04-05 09:49:54,426.25,3651602
2021-04-05 09:49:55,425.8,3677480
2021-04-05 09:49:57,426.0,3682103
2021-04-05 09:49:57,426.0,3682193
2021-04-05 09:49:58,426.0,3683457
2021-04-05 09:49:59,426.0,3686683
2021-04-05 09:50:00,426.0,3688777
2021-04-05 09:50:02,426.0,3689300
2021-04-05 09:50:02,425.8,3689600
2021-04-05 09:50:03,426.0,3690515
2021-04-05 09:50:04,425.8,3691011
2021-04-05 09:50:05,425.85,3691324
2021-04-05 09:50:06,425.95,3691586
2021-04-05 09:50:07,425.75,3692632
2021-04-05 09:50:09,425.85,3693028
2021-04-05 09:50:10,425.65,3695475
2021-04-05 09:50:10,425.95,3696480
2021-04-05 09:50:11,425.8,3697581
2021-04-05 09:50:12,425.85,3699589
2021-04-05 09:50:13,425.8,3700845
2021-04-05 09:50:14,425.95,3702535
2021-04-05 09:50:15,425.9,3703631
2021-04-05 09:50:17,425.95,3707611
2021-04-05 09:50:17,426.0,3707693
2021-04-05 09:50:19,425.85,3709232
2021-04-05 09:50:19,426.0,3709252
2021-04-05 09:50:20,425.9,3709760
2021-04-05 09:50:21,425.9,3710449
2021-04-05 09:50:22,426.1,3748273
2021-04-05 09:50:23,426.15,3750043
2021-04-05 09:50:25,426.1,3750428
2021-04-05 09:50:26,426.05,3751024
2021-04-05 09:50:27,426.1,3751410
2021-04-05 09:50:28,426.1,3751691
2021-04-05 09:50:29,426.1,3752307
2021-04-05 09:50:30,426.0,3752650
2021-04-05 09:50:31,426.0,3755517
2021-04-05 09:50:32,426.1,3755590
2021-04-05 09:50:34,426.05,3760816
2021-04-05 09:50:34,426.05,3760816
2021-04-05 09:50:35,426.0,3762277
2021-04-05 09:50:36,426.0,3762492
2021-04-05 09:50:37,426.1,3763026
2021-04-05 09:50:39,426.0,3763598
2021-04-05 09:50:40,426.2,3764280
2021-04-05 09:50:40,426.15,3764290
2021-04-05 09:50:41,426.0,3767604
2021-04-05 09:50:42,425.95,3769715
2021-04-05 09:50:43,425.95,3770088
2021-04-05 09:50:45,425.7,3778472
2021-04-05 09:50:46,425.7,3778808
2021-04-05 09:50:47,425.7,3780269
2021-04-05 09:50:48,425.7,3781633
2021-04-05 09:50:49,425.7,3785273
2021-04-05 09:50:50,425.7,3785955
2021-04-05 09:50:50,425.7,3786164
2021-04-05 09:50:51,425.7,3786490
2021-04-05 09:50:52,425.7,3786664
2021-04-05 09:50:53,425.6,3787357
2021-04-05 09:50:55,425.75,3788071
2021-04-05 09:50:56,425.6,3788610
2021-04-05 09:50:56,425.8,3788622
2021-04-05 09:50:57,425.5,3790267
2021-04-05 09:50:58,425.8,3792539
2021-04-05 09:50:59,425.75,3793195
2021-04-05 09:51:00,425.7,3794588
2021-04-05 09:51:02,425.55,3797175
2021-04-05 09:51:03,425.85,3797359
2021-04-05 09:51:04,425.85,3797753
2021-04-05 09:51:04,426.0,3797743
2021-04-05 09:51:05,426.0,3800507
2021-04-05 09:51:06,426.15,3807082
2021-04-05 09:51:07,426.05,3807686
2021-04-05 09:51:09,426.4,3815766
2021-04-05 09:51:10,426.25,3816349
2021-04-05 09:51:10,426.25,3816237
2021-04-05 09:51:11,426.25,3816631
2021-04-05 09:51:12,426.2,3817217
2021-04-05 09:51:13,426.15,3819597
2021-04-05 09:51:15,426.25,3820675
2021-04-05 09:51:16,426.25,3821706
2021-04-05 09:51:16,426.25,3821646
2021-04-05 09:51:17,426.4,3822469
2021-04-05 09:51:18,426.25,3822926
2021-04-05 09:51:19,426.2,3823711
2021-04-05 09:51:20,426.4,3824462
2021-04-05 09:51:22,426.45,3825070
2021-04-05 09:51:23,426.4,3825427
2021-04-05 09:51:23,426.4,3825423
2021-04-05 09:51:24,426.2,3826532
2021-04-05 09:51:25,426.4,3827020
2021-04-05 09:51:26,426.25,3827030
2021-04-05 09:51:28,426.4,3828030
2021-04-05 09:51:29,426.35,3832673
2021-04-05 09:51:30,426.35,3832929
2021-04-05 09:51:31,426.45,3833474
2021-04-05 09:51:31,426.3,3833473
2021-04-05 09:51:32,426.4,3834562
2021-04-05 09:51:33,426.4,3835645
2021-04-05 09:51:35,426.4,3835848
2021-04-05 09:51:36,426.35,3836646
2021-04-05 09:51:37,426.35,3837051
2021-04-05 09:51:38,426.2,3837120
2021-04-05 09:51:39,426.4,3837247
2021-04-05 09:51:40,426.4,3837362
2021-04-05 09:51:41,426.25,3837607
2021-04-05 09:51:41,426.25,3837607
2021-04-05 09:51:42,426.0,3838482
2021-04-05 09:51:43,426.2,3838671
2021-04-05 09:51:45,426.2,3838900
2021-04-05 09:51:46,426.2,3839328
2021-04-05 09:51:46,426.2,3839328
2021-04-05 09:51:47,426.0,3839353
2021-04-05 09:51:48,426.05,3840957
2021-04-05 09:51:49,426.05,3841286
2021-04-05 09:51:50,426.25,3843312
2021-04-05 09:51:52,426.0,3843548
2021-04-05 09:51:53,426.1,3844044
2021-04-05 09:51:54,426.2,3845153
2021-04-05 09:51:55,426.15,3845182
2021-04-05 09:51:55,426.15,3845182
2021-04-05 09:51:56,426.2,3845333
2021-04-05 09:51:57,426.0,3845441
2021-04-05 09:51:59,426.15,3845506
2021-04-05 09:52:00,426.05,3845798
2021-04-05 09:52:00,426.1,3845793
2021-04-05 09:52:01,426.05,3846091
2021-04-05 09:52:02,426.05,3848757
2021-04-05 09:52:04,425.8,3851455
2021-04-05 09:52:05,426.1,3852626
2021-04-05 09:52:06,425.85,3852659
2021-04-05 09:52:06,425.85,3852659
2021-04-05 09:52:07,426.1,3852710
2021-04-05 09:52:08,426.15,3853078
2021-04-05 09:52:09,426.15,3853686
2021-04-05 09:52:10,426.1,3854045
2021-04-05 09:52:11,426.0,3854221
2021-04-05 09:52:12,426.0,3855055
2021-04-05 09:52:13,426.05,3855589
2021-04-05 09:52:15,426.0,3856752
2021-04-05 09:52:15,426.05,3856852
2021-04-05 09:52:16,425.85,3857182
2021-04-05 09:52:17,425.9,3862507
2021-04-05 09:52:18,425.9,3863756
2021-04-05 09:52:19,425.9,3863823
2021-04-05 09:52:21,425.95,3864750
2021-04-05 09:52:21,425.7,3864973
2021-04-05 09:52:23,425.75,3866856
2021-04-05 09:52:24,425.95,3866963
2021-04-05 09:52:25,425.95,3867319
2021-04-05 09:52:26,425.95,3867319
2021-04-05 09:52:27,425.9,3868733
2021-04-05 09:52:28,425.95,3869246
2021-04-05 09:52:29,425.95,3870452
2021-04-05 09:52:31,425.9,3871363
2021-04-05 09:52:32,425.9,3871640
2021-04-05 09:52:33,425.95,3872180
2021-04-05 09:52:34,425.7,3873473
2021-04-05 09:52:35,425.8,3874003
2021-04-05 09:52:36,425.95,3875011
2021-04-05 09:52:37,425.8,3876055
2021-04-05 09:52:37,426.15,3884377
2021-04-05 09:52:38,426.2,3884959
2021-04-05 09:52:39,426.0,3886011
2021-04-05 09:52:40,425.9,3886651
2021-04-05 09:52:41,425.9,3886811
2021-04-05 09:52:42,425.9,3886885
2021-04-05 09:52:43,425.9,3887037
2021-04-05 09:52:45,425.9,3887077
2021-04-05 09:52:46,425.85,3887177
2021-04-05 09:52:47,425.85,3887286
2021-04-05 09:52:48,425.7,3887529
2021-04-05 09:52:49,425.7,3887546
2021-04-05 09:52:50,425.7,3888065
2021-04-05 09:52:52,425.7,3888335
2021-04-05 09:52:52,425.85,3888386
2021-04-05 09:52:53,425.9,3888991
2021-04-05 09:52:55,425.9,3889980
2021-04-05 09:52:55,425.9,3889879
2021-04-05 09:52:57,425.9,3890843
2021-04-05 09:52:57,425.9,3890844
2021-04-05 09:52:58,425.7,3890904
2021-04-05 09:52:59,425.7,3890985
2021-04-05 09:53:00,425.7,3891624
2021-04-05 09:53:01,425.7,3892513
2021-04-05 09:53:02,425.9,3892648
2021-04-05 09:53:04,425.85,3893155
2021-04-05 09:53:05,425.8,3893678
2021-04-05 09:53:06,425.8,3893761
2021-04-05 09:53:07,425.7,3893771
2021-04-05 09:53:08,425.7,3896531
2021-04-05 09:53:09,425.7,3896662
2021-04-05 09:53:10,425.85,3896762
2021-04-05 09:53:11,425.65,3902476
2021-04-05 09:53:12,425.65,3902768
2021-04-05 09:53:13,425.65,3903384
2021-04-05 09:53:14,425.7,3903961
2021-04-05 09:53:15,425.7,3903986
2021-04-05 09:53:17,425.65,3904479
2021-04-05 09:53:18,425.65,3904562
2021-04-05 09:53:18,425.65,3904562
2021-04-05 09:53:19,425.7,3904859
2021-04-05 09:53:20,425.7,3904962
2021-04-05 09:53:21,425.7,3905114
2021-04-05 09:53:22,425.75,3905564
2021-04-05 09:53:23,425.8,3905879
2021-04-05 09:53:24,425.8,3906182
2021-04-05 09:53:25,425.5,3907538
2021-04-05 09:53:27,425.65,3908075
2021-04-05 09:53:28,425.6,3908160
2021-04-05 09:53:29,425.55,3908403
2021-04-05 09:53:30,425.55,3909523
2021-04-05 09:53:31,425.6,3910133
2021-04-05 09:53:32,425.65,3910432
2021-04-05 09:53:33,425.65,3910514
2021-04-05 09:53:34,425.8,3913759
2021-04-05 09:53:35,425.95,3915328
2021-04-05 09:53:36,425.9,3915809
2021-04-05 09:53:37,425.9,3916602
2021-04-05 09:53:38,425.9,3916817
2021-04-05 09:53:39,425.9,3916852
2021-04-05 09:53:39,425.9,3916852
2021-04-05 09:53:40,425.9,3917999
2021-04-05 09:53:41,426.0,3919237
2021-04-05 09:53:42,425.9,3920093
2021-04-05 09:53:43,425.8,3920888
2021-04-05 09:53:44,426.0,3921442
2021-04-05 09:53:45,425.85,3924036
2021-04-05 09:53:46,425.85,3925030
2021-04-05 09:53:48,425.7,3925786
2021-04-05 09:53:49,425.7,3925786
2021-04-05 09:53:50,425.85,3925916
2021-04-05 09:53:50,426.0,3931252
2021-04-05 09:53:51,426.0,3931961
2021-04-05 09:53:53,425.95,3933100
2021-04-05 09:53:53,426.0,3933125
2021-04-05 09:53:54,426.0,3933569
2021-04-05 09:53:55,426.2,3934938
2021-04-05 09:53:56,426.0,3936870
2021-04-05 09:53:57,426.3,3938470
2021-04-05 09:53:59,426.35,3938805
2021-04-05 09:54:00,426.2,3938904
2021-04-05 09:54:01,426.15,3947233
2021-04-05 09:54:02,426.45,3947540
2021-04-05 09:54:02,426.45,3947550
2021-04-05 09:54:03,426.25,3947668
2021-04-05 09:54:04,426.25,3947810
2021-04-05 09:54:05,426.2,3948450
2021-04-05 09:54:06,426.25,3949027
2021-04-05 09:54:07,426.45,3949420
2021-04-05 09:54:09,426.45,3950207
2021-04-05 09:54:10,426.45,3950404
2021-04-05 09:54:11,426.45,3950546
2021-04-05 09:54:11,426.45,3950546
2021-04-05 09:54:13,426.45,3950973
2021-04-05 09:54:14,426.4,3951083
2021-04-05 09:54:15,426.3,3953014
2021-04-05 09:54:16,426.2,3954048
2021-04-05 09:54:17,426.25,3954428
2021-04-05 09:54:18,426.25,3955309
2021-04-05 09:54:19,426.25,3955614
2021-04-05 09:54:20,426.2,3955641
2021-04-05 09:54:22,426.2,3959934
2021-04-05 09:54:23,426.2,3959935
2021-04-05 09:54:24,426.2,3960809
2021-04-05 09:54:25,426.15,3960899
2021-04-05 09:54:25,426.15,3960919
2021-04-05 09:54:27,426.1,3961239
2021-04-05 09:54:27,426.15,3961339
2021-04-05 09:54:28,426.15,3961339
2021-04-05 09:54:29,426.1,3962727
2021-04-05 09:54:30,426.25,3963134
2021-04-05 09:54:32,426.35,3967549
2021-04-05 09:54:33,426.3,3968222
2021-04-05 09:54:34,426.1,3969200
2021-04-05 09:54:35,426.15,3973452
2021-04-05 09:54:37,426.2,3975063
2021-04-05 09:54:38,426.2,3975078
2021-04-05 09:54:40,426.25,3977813
2021-04-05 09:54:41,426.3,3978110
2021-04-05 09:54:41,426.3,3978565
2021-04-05 09:54:42,426.4,3979665
2021-04-05 09:54:44,426.3,3980342
2021-04-05 09:54:45,426.3,3980963
2021-04-05 09:54:45,426.2,3982256
2021-04-05 09:54:47,426.1,3984083
2021-04-05 09:54:47,426.15,3984084
2021-04-05 09:54:48,426.2,3984217
2021-04-05 09:54:49,426.2,3984232
2021-04-05 09:54:50,426.2,3984688
2021-04-05 09:54:52,426.2,3984914
2021-04-05 09:54:53,426.1,3985084
2021-04-05 09:54:54,426.2,3985436
2021-04-05 09:54:54,426.1,3985456
2021-04-05 09:54:57,426.1,3985486
2021-04-05 09:54:58,426.2,3985850
2021-04-05 09:54:59,426.2,3985865
2021-04-05 09:55:00,426.2,3986401
2021-04-05 09:55:01,426.1,3987504
2021-04-05 09:55:02,426.2,3988638
2021-04-05 09:55:03,426.2,3989180
2021-04-05 09:55:04,426.2,3989436
2021-04-05 09:55:04,426.2,3989477
2021-04-05 09:55:05,426.2,3990497
2021-04-05 09:55:06,426.1,3990625
2021-04-05 09:55:08,425.85,3992312
2021-04-05 09:55:09,425.85,3992857
2021-04-05 09:55:10,425.85,3993652
2021-04-05 09:55:11,425.85,3993878
2021-04-05 09:55:11,425.85,3993873
2021-04-05 09:55:13,425.8,3994530
2021-04-05 09:55:14,425.75,3995158
2021-04-05 09:55:14,425.75,3995156
2021-04-05 09:55:16,426.0,3995901
2021-04-05 09:55:17,425.85,3996294
2021-04-05 09:55:17,426.0,3996189
2021-04-05 09:55:19,425.85,3997209
2021-04-05 09:55:19,425.85,3997209
2021-04-05 09:55:20,425.85,3997613
2021-04-05 09:55:22,425.85,4001004
2021-04-05 09:55:22,425.85,4001004
2021-04-05 09:55:24,425.85,4001451
2021-04-05 09:55:25,425.8,4001837
2021-04-05 09:55:26,425.8,4002116
2021-04-05 09:55:27,425.6,4002366
2021-04-05 09:55:28,425.6,4002541
2021-04-05 09:55:29,425.65,4003252
2021-04-05 09:55:30,425.7,4003509
2021-04-05 09:55:31,425.65,4003788
2021-04-05 09:55:32,425.7,4004821
2021-04-05 09:55:33,425.6,4005177
2021-04-05 09:55:34,425.7,4007800
2021-04-05 09:55:35,425.65,4009349
2021-04-05 09:55:36,425.5,4010125
2021-04-05 09:55:37,425.55,4010491
2021-04-05 09:55:38,425.5,4010679
2021-04-05 09:55:39,425.5,4010800
2021-04-05 09:55:40,425.5,4011150
2021-04-05 09:55:41,425.65,4011259
2021-04-05 09:55:42,425.65,4011673
2021-04-05 09:55:43,425.55,4011944
2021-04-05 09:55:45,425.5,4012062
2021-04-05 09:55:46,425.55,4012981
2021-04-05 09:55:47,425.55,4013287
2021-04-05 09:55:48,425.45,4028109
2021-04-05 09:55:49,425.65,4028606
2021-04-05 09:55:51,425.55,4028734
2021-04-05 09:55:52,425.5,4030850
2021-04-05 09:55:53,425.55,4031838
2021-04-05 09:55:54,425.55,4031852
2021-04-05 09:55:55,425.5,4032216
2021-04-05 09:55:56,425.55,4032285
2021-04-05 09:55:57,425.65,4032875
2021-04-05 09:55:58,425.65,4033201
2021-04-05 09:55:59,425.5,4034067
2021-04-05 09:56:00,425.5,4034182
2021-04-05 09:56:01,425.5,4036001
2021-04-05 09:56:02,425.5,4036212
2021-04-05 09:56:03,425.55,4036242
2021-04-05 09:56:05,425.5,4038520
2021-04-05 09:56:06,425.45,4039555
2021-04-05 09:56:06,425.55,4039605
2021-04-05 09:56:08,425.45,4040054
2021-04-05 09:56:09,425.35,4041628
2021-04-05 09:56:10,425.55,4041801
2021-04-05 09:56:10,425.55,4041831
2021-04-05 09:56:11,425.5,4041956
2021-04-05 09:56:12,425.5,4045089
2021-04-05 09:56:13,425.5,4045653
2021-04-05 09:56:15,425.15,4048085
2021-04-05 09:56:16,425.4,4048531
2021-04-05 09:56:17,425.25,4049937
2021-04-05 09:56:18,425.4,4050939
2021-04-05 09:56:19,425.15,4051184
2021-04-05 09:56:20,425.3,4052544
2021-04-05 09:56:21,425.15,4061692
2021-04-05 09:56:22,425.2,4063411
2021-04-05 09:56:24,425.0,4063649
2021-04-05 09:56:24,425.0,4064399
2021-04-05 09:56:25,425.0,4064671
2021-04-05 09:56:27,425.0,4065011
2021-04-05 09:56:28,425.1,4066534
2021-04-05 09:56:29,425.0,4066999
2021-04-05 09:56:30,425.15,4069718
2021-04-05 09:56:31,425.2,4069879
2021-04-05 09:56:32,425.05,4070944
2021-04-05 09:56:33,425.1,4071534
2021-04-05 09:56:34,425.1,4071593
2021-04-05 09:56:35,425.4,4079141
2021-04-05 09:56:36,425.3,4079451
2021-04-05 09:56:37,425.3,4080802
2021-04-05 09:56:38,425.45,4085584
2021-04-05 09:56:38,425.4,4086344
2021-04-05 09:56:39,425.45,4086644
2021-04-05 09:56:40,425.5,4087174
2021-04-05 09:56:41,425.5,4088602
2021-04-05 09:56:42,425.5,4088602
2021-04-05 09:56:44,425.55,4090277
2021-04-05 09:56:45,425.55,4094558
2021-04-05 09:56:46,425.6,4097160
2021-04-05 09:56:47,425.6,4097200
2021-04-05 09:56:48,425.4,4098377
2021-04-05 09:56:49,425.5,4098734
2021-04-05 09:56:50,425.5,4098770
2021-04-05 09:56:51,425.35,4099542
2021-04-05 09:56:52,425.35,4099772
2021-04-05 09:56:52,425.3,4099767
2021-04-05 09:56:54,425.45,4100537
2021-04-05 09:56:55,425.5,4101580
2021-04-05 09:56:56,425.25,4103114
2021-04-05 09:56:57,425.5,4103233
2021-04-05 09:56:58,425.25,4104517
2021-04-05 09:56:59,425.25,4104517
2021-04-05 09:57:00,425.4,4106135
2021-04-05 09:57:01,425.45,4106185
2021-04-05 09:57:02,425.4,4106565
2021-04-05 09:57:03,425.35,4106894
2021-04-05 09:57:04,425.25,4107201
2021-04-05 09:57:05,425.1,4108798
2021-04-05 09:57:06,425.3,4109093
2021-04-05 09:57:07,425.1,4112023
2021-04-05 09:57:09,425.0,4134259
2021-04-05 09:57:10,425.05,4137905
2021-04-05 09:57:11,425.0,4138206
2021-04-05 09:57:12,424.85,4138739
2021-04-05 09:57:13,424.85,4141859
2021-04-05 09:57:14,425.0,4143075
2021-04-05 09:57:15,425.05,4143494
2021-04-05 09:57:16,425.0,4145344
2021-04-05 09:57:17,425.05,4145982
2021-04-05 09:57:18,424.95,4150008
2021-04-05 09:57:19,424.85,4150556
2021-04-05 09:57:20,424.85,4150921
2021-04-05 09:57:21,424.85,4152627
2021-04-05 09:57:22,424.95,4153094
2021-04-05 09:57:23,424.95,4154037
2021-04-05 09:57:24,424.85,4154227
2021-04-05 09:57:26,424.95,4156489
2021-04-05 09:57:27,424.85,4158791
2021-04-05 09:57:28,424.85,4162151
2021-04-05 09:57:29,424.5,4170725
2021-04-05 09:57:30,424.4,4175082
2021-04-05 09:57:31,424.4,4176632
2021-04-05 09:57:31,424.4,4176872
2021-04-05 09:57:33,424.45,4178351
2021-04-05 09:57:34,424.35,4179984
2021-04-05 09:57:35,424.45,4182641
2021-04-05 09:57:36,424.6,4185965
2021-04-05 09:57:37,424.3,4205467
2021-04-05 09:57:38,424.65,4209523
2021-04-05 09:57:39,424.7,4211878
2021-04-05 09:57:40,424.55,4211879
2021-04-05 09:57:41,424.55,4215827
2021-04-05 09:57:42,424.6,4220091
2021-04-05 09:57:43,424.8,4222502
2021-04-05 09:57:44,424.7,4225614
2021-04-05 09:57:45,424.7,4227587
2021-04-05 09:57:46,424.9,4229444
2021-04-05 09:57:47,425.0,4230285
2021-04-05 09:57:48,425.0,4244286
2021-04-05 09:57:49,424.9,4244879
2021-04-05 09:57:50,425.0,4245967
2021-04-05 09:57:51,425.15,4246926
2021-04-05 09:57:52,424.85,4248263
2021-04-05 09:57:53,424.95,4249502
2021-04-05 09:57:54,424.75,4250119
2021-04-05 09:57:55,424.6,4250711
2021-04-05 09:57:56,424.75,4250893
2021-04-05 09:57:57,424.55,4250953
2021-04-05 09:57:58,424.8,4251120
2021-04-05 09:57:59,424.75,4251523
2021-04-05 09:58:00,424.7,4252156
2021-04-05 09:58:01,424.7,4252517
2021-04-05 09:58:02,424.6,4252617
2021-04-05 09:58:03,424.5,4252826
2021-04-05 09:58:04,424.5,4253538
2021-04-05 09:58:05,424.55,4254590
2021-04-05 09:58:06,424.65,4255740
2021-04-05 09:58:07,424.5,4256673
2021-04-05 09:58:08,424.5,4257594
2021-04-05 09:58:09,424.5,4257596
2021-04-05 09:58:10,424.45,4258517
2021-04-05 09:58:11,424.7,4259349
2021-04-05 09:58:12,424.6,4259759
2021-04-05 09:58:13,424.65,4261344
2021-04-05 09:58:14,424.65,4261344
2021-04-05 09:58:15,425.15,4287818
2021-04-05 09:58:17,425.3,4291134
2021-04-05 09:58:16,425.4,4289568
2021-04-05 09:58:18,425.1,4294725
2021-04-05 09:58:19,425.25,4294746
2021-04-05 09:58:20,425.05,4295944
2021-04-05 09:58:21,424.95,4296095
2021-04-05 09:58:22,425.15,4296640
2021-04-05 09:58:23,425.1,4296838
2021-04-05 09:58:24,425.1,4296838
2021-04-05 09:58:25,425.1,4297354
2021-04-05 09:58:26,425.1,4297885
2021-04-05 09:58:27,425.15,4298292
2021-04-05 09:58:28,425.05,4298511
2021-04-05 09:58:29,425.1,4298664
2021-04-05 09:58:30,425.1,4299747
2021-04-05 09:58:31,424.9,4301913
2021-04-05 09:58:32,424.9,4303543
2021-04-05 09:58:33,425.0,4303803
2021-04-05 09:58:34,424.9,4305213
2021-04-05 09:58:35,424.95,4305223
2021-04-05 09:58:36,424.85,4305888
2021-04-05 09:58:37,425.0,4306234
2021-04-05 09:58:38,424.85,4306682
2021-04-05 09:58:39,424.7,4306743
2021-04-05 09:58:40,424.6,4306745
2021-04-05 09:58:41,424.85,4306870
2021-04-05 09:58:42,424.85,4306977
2021-04-05 09:58:43,424.7,4309586
2021-04-05 09:58:44,424.85,4310743
2021-04-05 09:58:45,424.9,4311277
2021-04-05 09:58:46,424.95,4313066
2021-04-05 09:58:47,425.1,4321105
2021-04-05 09:58:48,425.0,4321816
2021-04-05 09:58:49,424.95,4322092
2021-04-05 09:58:50,425.0,4322672
2021-04-05 09:58:51,425.0,4322672
2021-04-05 09:58:52,425.1,4322925
2021-04-05 09:58:53,425.2,4327229
2021-04-05 09:58:54,425.25,4329538
2021-04-05 09:58:55,425.3,4330013
2021-04-05 09:58:56,425.15,4330919
2021-04-05 09:58:57,425.1,4331756
2021-04-05 09:58:58,425.0,4332554
2021-04-05 09:58:59,425.1,4333125
2021-04-05 09:59:00,425.1,4333731
2021-04-05 09:59:01,425.25,4333992
2021-04-05 09:59:02,425.1,4334214
2021-04-05 09:59:03,425.25,4335004
2021-04-05 09:59:04,425.1,4335726
2021-04-05 09:59:05,425.1,4337201
2021-04-05 09:59:06,425.05,4337697
2021-04-05 09:59:07,425.0,4337849
2021-04-05 09:59:08,425.0,4338159
2021-04-05 09:59:09,425.15,4338310
2021-04-05 09:59:10,425.0,4338388
2021-04-05 09:59:11,425.15,4338448
2021-04-05 09:59:12,425.15,4339476
2021-04-05 09:59:13,425.0,4339738
2021-04-05 09:59:14,425.0,4341016
2021-04-05 09:59:15,425.0,4341569
2021-04-05 09:59:16,425.1,4342239
2021-04-05 09:59:18,425.0,4342812
2021-04-05 09:59:17,425.0,4342812
2021-04-05 09:59:19,425.0,4343058
2021-04-05 09:59:20,425.0,4344051
2021-04-05 09:59:21,425.0,4345947
2021-04-05 09:59:22,425.0,4346825
2021-04-05 09:59:23,424.75,4347079
2021-04-05 09:59:24,424.9,4347655
2021-04-05 09:59:25,424.85,4347961
2021-04-05 09:59:26,424.6,4348457
2021-04-05 09:59:27,424.65,4348622
2021-04-05 09:59:28,424.85,4348755
2021-04-05 09:59:29,424.85,4348755
2021-04-05 09:59:30,424.8,4348950
2021-04-05 09:59:31,425.05,4350982
2021-04-05 09:59:32,424.8,4352100
2021-04-05 09:59:33,424.75,4352220
2021-04-05 09:59:34,424.75,4353173
2021-04-05 09:59:35,425.0,4353360
2021-04-05 09:59:36,424.7,4353839
2021-04-05 09:59:37,424.65,4354162
2021-04-05 09:59:38,424.85,4354737
2021-04-05 09:59:39,424.85,4354836
2021-04-05 09:59:40,424.85,4354994
2021-04-05 09:59:41,424.95,4357049
2021-04-05 09:59:42,424.8,4357665
2021-04-05 09:59:43,424.65,4357972
2021-04-05 09:59:45,424.7,4360306
2021-04-05 09:59:46,424.5,4362235
2021-04-05 09:59:47,424.65,4362886
2021-04-05 09:59:48,424.65,4363561
2021-04-05 09:59:49,424.65,4363741
2021-04-05 09:59:50,424.6,4364114
2021-04-05 09:59:51,424.65,4364827
2021-04-05 09:59:52,424.5,4364993
2021-04-05 09:59:53,424.5,4366259
2021-04-05 09:59:54,424.55,4371298
2021-04-05 09:59:56,424.4,4371487
2021-04-05 09:59:56,424.5,4372002
2021-04-05 09:59:57,424.4,4372207
2021-04-05 09:59:58,424.5,4374058
2021-04-05 09:59:59,424.4,4374415
2021-04-05 10:00:00,424.4,4374419
2021-04-05 10:00:01,424.35,4375507
2021-04-05 10:00:02,424.35,4376154
2021-04-05 10:00:03,424.25,4378637
2021-04-05 10:00:04,424.25,4379264
2021-04-05 10:00:05,424.05,4381858
2021-04-05 10:00:06,424.2,4382454
2021-04-05 10:00:07,424.05,4382656
2021-04-05 10:00:08,424.05,4385523
2021-04-05 10:00:11,424.1,4426416
2021-04-05 10:00:12,423.85,4427773
2021-04-05 10:00:14,424.05,4428611
2021-04-05 10:00:17,424.0,4431586
2021-04-05 10:00:20,423.85,4433452
2021-04-05 10:00:21,423.8,4433687
2021-04-05 10:00:23,423.85,4434626
2021-04-05 10:00:23,423.8,4440031
2021-04-05 10:00:24,423.85,4440051
2021-04-05 10:00:25,423.85,4445262
2021-04-05 10:00:26,423.7,4447207
2021-04-05 10:00:27,423.7,4447252
2021-04-05 10:00:28,423.4,4452927
2021-04-05 10:00:29,423.55,4459639
2021-04-05 10:00:30,423.55,4459979
2021-04-05 10:00:31,423.55,4462985
2021-04-05 10:00:32,423.2,4488473
2021-04-05 10:00:33,423.25,4495084
2021-04-05 10:00:34,423.4,4497025
2021-04-05 10:00:35,423.2,4498144
2021-04-05 10:00:36,423.25,4499075
2021-04-05 10:00:37,423.2,4499348
2021-04-05 10:00:38,423.2,4504471
2021-04-05 10:00:39,423.3,4506131
2021-04-05 10:00:42,422.85,4544028
2021-04-05 10:00:43,423.2,4546342
2021-04-05 10:00:44,423.4,4564651
2021-04-05 10:00:45,423.2,4566726
2021-04-05 10:00:46,423.45,4576537
2021-04-05 10:00:47,423.45,4579951
2021-04-05 10:00:48,423.3,4580972
2021-04-05 10:00:49,423.2,4581744
2021-04-05 10:00:50,423.35,4582591
2021-04-05 10:00:51,423.25,4588214
2021-04-05 10:00:52,423.5,4588217
2021-04-05 10:00:53,423.5,4590265
2021-04-05 10:00:54,423.35,4591424
2021-04-05 10:00:55,423.75,4593838
2021-04-05 10:00:56,423.65,4594950
2021-04-05 10:00:57,423.5,4595778
2021-04-05 10:00:58,423.55,4596525
2021-04-05 10:00:59,423.35,4597152
2021-04-05 10:01:00,423.7,4597453
2021-04-05 10:01:01,423.5,4600032
2021-04-05 10:01:03,423.5,4601410
2021-04-05 10:01:03,423.65,4601471
2021-04-05 10:01:05,423.6,4603971
2021-04-05 10:01:05,423.35,4604167
2021-04-05 10:01:06,423.35,4605155
2021-04-05 10:01:07,423.55,4606734
2021-04-05 10:01:08,423.5,4608224
2021-04-05 10:01:09,423.35,4609139
2021-04-05 10:01:10,423.5,4609937
2021-04-05 10:01:11,423.5,4610295
2021-04-05 10:01:12,423.5,4610295
2021-04-05 10:01:13,423.25,4618750
2021-04-05 10:01:14,423.3,4620495
2021-04-05 10:01:15,423.3,4621354
2021-04-05 10:01:16,423.2,4621569
2021-04-05 10:01:17,423.3,4622991
2021-04-05 10:01:18,423.0,4623944
2021-04-05 10:01:20,423.1,4624422
2021-04-05 10:01:20,423.1,4624422
2021-04-05 10:01:21,423.1,4625353
2021-04-05 10:01:22,422.8,4635098
2021-04-05 10:01:23,422.8,4635108
2021-04-05 10:01:24,423.2,4636944
2021-04-05 10:01:25,423.25,4637195
2021-04-05 10:01:26,423.25,4641385
2021-04-05 10:01:27,423.35,4643514
2021-04-05 10:01:28,423.4,4644695
2021-04-05 10:01:29,423.35,4647018
2021-04-05 10:01:30,423.35,4647686
2021-04-05 10:01:31,423.35,4648565
2021-04-05 10:01:32,423.25,4648948
2021-04-05 10:01:33,423.3,4650008
2021-04-05 10:01:34,423.2,4650851
2021-04-05 10:01:35,423.15,4651267
2021-04-05 10:01:36,423.2,4651569
2021-04-05 10:01:37,423.1,4651829
2021-04-05 10:01:38,423.0,4652294
2021-04-05 10:01:39,423.0,4655284
2021-04-05 10:01:40,423.05,4655845
2021-04-05 10:01:41,422.95,4661719
2021-04-05 10:01:42,423.05,4662776
2021-04-05 10:01:44,423.0,4665046
2021-04-05 10:01:45,423.0,4666320
2021-04-05 10:01:46,422.9,4668637
2021-04-05 10:01:47,422.8,4669523
2021-04-05 10:01:49,422.7,4671768
2021-04-05 10:01:50,422.8,4672275
2021-04-05 10:01:50,422.95,4673855
2021-04-05 10:01:52,422.95,4675306
2021-04-05 10:01:52,422.65,4676025
2021-04-05 10:01:53,422.6,4677556
2021-04-05 10:01:56,422.55,4678102
2021-04-05 10:01:57,422.5,4680234
2021-04-05 10:01:58,422.5,4680687
2021-04-05 10:01:59,422.5,4684761
2021-04-05 10:02:00,422.4,4685736
2021-04-05 10:02:01,422.3,4692317
2021-04-05 10:02:02,422.5,4696523
2021-04-05 10:02:02,422.4,4697103
2021-04-05 10:02:03,422.35,4701743
2021-04-05 10:02:04,422.45,4703222
2021-04-05 10:02:05,422.3,4703635
2021-04-05 10:02:06,422.5,4705673
2021-04-05 10:02:07,422.5,4705820
2021-04-05 10:02:08,422.7,4713425
2021-04-05 10:02:09,422.7,4715391
2021-04-05 10:02:10,422.5,4716621
2021-04-05 10:02:11,422.65,4717950
2021-04-05 10:02:12,422.5,4720819
2021-04-05 10:02:13,422.35,4721823
2021-04-05 10:02:15,422.6,4724167
2021-04-05 10:02:15,422.7,4724172
2021-04-05 10:02:16,422.3,4727038
2021-04-05 10:02:17,422.55,4729544
2021-04-05 10:02:19,422.3,4733056
2021-04-05 10:02:20,422.2,4734214
2021-04-05 10:02:21,422.35,4736043
2021-04-05 10:02:21,422.35,4736043
2021-04-05 10:02:22,422.0,4746438
2021-04-05 10:02:23,422.0,4747355
2021-04-05 10:02:25,422.05,4748793
2021-04-05 10:02:26,422.15,4749164
2021-04-05 10:02:27,421.9,4763042
2021-04-05 10:02:28,421.75,4766840
2021-04-05 10:02:29,421.8,4768411
2021-04-05 10:02:30,421.85,4769684
2021-04-05 10:02:31,421.95,4769942
2021-04-05 10:02:31,421.75,4772614
2021-04-05 10:02:32,421.85,4774651
2021-04-05 10:02:33,421.8,4775099
2021-04-05 10:02:35,421.7,4778125
2021-04-05 10:02:36,421.75,4782220
2021-04-05 10:02:37,421.95,4783394
2021-04-05 10:02:38,421.9,4783954
2021-04-05 10:02:39,421.85,4786391
2021-04-05 10:02:40,421.85,4788640
2021-04-05 10:02:41,421.6,4797916
2021-04-05 10:02:42,421.45,4800529
2021-04-05 10:02:43,421.55,4800548
2021-04-05 10:02:44,421.55,4802174
2021-04-05 10:02:45,421.55,4804130
2021-04-05 10:02:46,421.65,4807100
2021-04-05 10:02:47,421.3,4808936
2021-04-05 10:02:48,421.35,4809924
2021-04-05 10:02:49,421.35,4811640
2021-04-05 10:02:51,421.45,4812067
2021-04-05 10:02:52,421.25,4814455
2021-04-05 10:02:53,421.55,4815440
2021-04-05 10:02:54,421.35,4824094
2021-04-05 10:02:55,421.3,4826406
2021-04-05 10:02:56,421.35,4827307
2021-04-05 10:02:57,421.55,4835073
2021-04-05 10:02:58,421.55,4835840
2021-04-05 10:02:59,421.5,4837577
2021-04-05 10:03:00,421.5,4838869
2021-04-05 10:03:01,421.5,4839634
2021-04-05 10:03:02,421.35,4840664
2021-04-05 10:03:03,421.55,4843077
2021-04-05 10:03:04,421.8,4848983
2021-04-05 10:03:05,421.8,4852497
2021-04-05 10:03:06,421.75,4854279
2021-04-05 10:03:07,421.55,4856995
2021-04-05 10:03:08,421.6,4859370
2021-04-05 10:03:09,421.75,4859511
2021-04-05 10:03:10,421.65,4859901
2021-04-05 10:03:11,421.55,4860548
2021-04-05 10:03:12,421.6,4861311
2021-04-05 10:03:13,421.75,4861791
2021-04-05 10:03:14,421.55,4862523
2021-04-05 10:03:16,421.75,4863602
2021-04-05 10:03:16,421.6,4863942
2021-04-05 10:03:17,421.65,4864732
2021-04-05 10:03:18,421.6,4865291
2021-04-05 10:03:19,421.55,4868903
2021-04-05 10:03:20,421.85,4871589
2021-04-05 10:03:22,421.7,4872585
2021-04-05 10:03:22,421.7,4872981
2021-04-05 10:03:23,421.8,4874499
2021-04-05 10:03:24,421.75,4878006
2021-04-05 10:03:25,421.9,4878735
2021-04-05 10:03:26,421.7,4879296
2021-04-05 10:03:27,421.8,4881919
2021-04-05 10:03:28,421.7,4882770
2021-04-05 10:03:29,421.7,4893173
2021-04-05 10:03:30,421.8,4893692
2021-04-05 10:03:31,421.8,4894791
2021-04-05 10:03:32,421.8,4896766
2021-04-05 10:03:33,421.8,4896968
2021-04-05 10:03:34,421.7,4897806
2021-04-05 10:03:35,421.95,4898597
2021-04-05 10:03:36,421.8,4899522
2021-04-05 10:03:37,422.0,4914677
2021-04-05 10:03:38,422.0,4915278
2021-04-05 10:03:39,422.0,4916967
2021-04-05 10:03:41,422.0,4919783
2021-04-05 10:03:42,422.15,4922911
2021-04-05 10:03:43,422.25,4924556
2021-04-05 10:03:44,422.2,4924756
2021-04-05 10:03:45,422.2,4924909
2021-04-05 10:03:45,422.2,4925582
2021-04-05 10:03:46,422.45,4927643
2021-04-05 10:03:47,422.2,4929247
2021-04-05 10:03:48,422.65,4930490
2021-04-05 10:03:49,422.45,4930564
2021-04-05 10:03:50,422.6,4931722
2021-04-05 10:03:52,423.0,4938455
2021-04-05 10:03:52,423.0,4940544
2021-04-05 10:03:54,423.1,4942631
2021-04-05 10:03:54,423.1,4942847
2021-04-05 10:03:55,423.2,4943341
2021-04-05 10:03:56,423.25,4946888
2021-04-05 10:03:57,423.25,4948930
2021-04-05 10:03:58,423.5,4950024
2021-04-05 10:03:59,423.5,4950773
2021-04-05 10:04:00,423.25,4951420
2021-04-05 10:04:01,423.05,4952044
2021-04-05 10:04:02,423.35,4952402
2021-04-05 10:04:03,423.1,4952937
2021-04-05 10:04:04,423.35,4953276
2021-04-05 10:04:05,423.45,4953447
2021-04-05 10:04:06,423.2,4954629
2021-04-05 10:04:07,423.5,4955430
2021-04-05 10:04:09,423.25,4955634
2021-04-05 10:04:09,423.2,4960348
2021-04-05 10:04:10,423.0,4964584
2021-04-05 10:04:12,422.3,4993299
2021-04-05 10:04:13,422.3,4993299
2021-04-05 10:04:14,421.9,5042259
2021-04-05 10:04:15,422.4,5053930
2021-04-05 10:04:16,421.8,5082358
2021-04-05 10:04:17,421.9,5090886
2021-04-05 10:04:17,421.8,5089207
2021-04-05 10:04:18,421.95,5092505
2021-04-05 10:04:19,421.6,5093950
2021-04-05 10:04:21,421.7,5098722
2021-04-05 10:04:22,421.65,5099363
2021-04-05 10:04:23,421.65,5100285
2021-04-05 10:04:24,421.7,5101279
2021-04-05 10:04:25,421.6,5102143
2021-04-05 10:04:25,421.6,5102143
2021-04-05 10:04:27,421.6,5105053
2021-04-05 10:04:27,421.6,5105078
2021-04-05 10:04:28,421.5,5105710
2021-04-05 10:04:29,421.55,5106278
2021-04-05 10:04:30,421.55,5106279
2021-04-05 10:04:32,421.45,5115558
2021-04-05 10:04:33,421.35,5115706
2021-04-05 10:04:34,421.35,5119110
2021-04-05 10:04:35,421.35,5125608
2021-04-05 10:04:36,421.2,5128452
2021-04-05 10:04:36,421.2,5128452
2021-04-05 10:04:38,421.15,5131076
2021-04-05 10:04:39,421.15,5131540
2021-04-05 10:04:40,421.15,5133117
2021-04-05 10:04:41,421.15,5133414
2021-04-05 10:04:41,421.15,5133524
2021-04-05 10:04:43,421.15,5134427
2021-04-05 10:04:44,421.4,5134951
2021-04-05 10:04:45,421.4,5135928
2021-04-05 10:04:46,421.15,5136701
2021-04-05 10:04:47,421.25,5137902
2021-04-05 10:04:47,421.15,5138850
2021-04-05 10:04:49,421.35,5142927
2021-04-05 10:04:49,421.35,5145233
2021-04-05 10:04:51,421.55,5146810
2021-04-05 10:04:52,421.55,5147968
2021-04-05 10:04:53,421.35,5149713
2021-04-05 10:04:54,421.35,5150559
2021-04-05 10:04:55,421.35,5151209
2021-04-05 10:04:56,421.6,5152229
2021-04-05 10:04:57,421.6,5152851
2021-04-05 10:04:58,421.55,5154648
2021-04-05 10:04:58,421.55,5154648
2021-04-05 10:04:59,421.6,5156739
2021-04-05 10:05:00,421.75,5158928
2021-04-05 10:05:02,421.75,5159819
2021-04-05 10:05:03,421.75,5162666
2021-04-05 10:05:04,421.85,5162805
2021-04-05 10:05:06,421.7,5162969
2021-04-05 10:05:07,421.5,5165238
2021-04-05 10:05:08,421.65,5167438
2021-04-05 10:05:09,421.2,5172506
2021-04-05 10:05:10,421.0,5224557
2021-04-05 10:05:11,421.1,5226239
2021-04-05 10:05:11,421.45,5238298
2021-04-05 10:05:12,421.4,5240058
2021-04-05 10:05:13,421.05,5240944
2021-04-05 10:05:15,421.35,5241278
2021-04-05 10:05:15,421.35,5241306
2021-04-05 10:05:16,421.0,5253255
2021-04-05 10:05:18,421.15,5257131
2021-04-05 10:05:18,421.2,5258989
2021-04-05 10:05:19,421.15,5259117
2021-04-05 10:05:21,421.65,5262141
2021-04-05 10:05:22,421.0,5274793
2021-04-05 10:05:23,420.85,5278745
2021-04-05 10:05:25,421.0,5282009
2021-04-05 10:05:25,421.0,5283011
2021-04-05 10:05:27,421.0,5289453
2021-04-05 10:05:28,420.85,5290592
2021-04-05 10:05:29,421.0,5290733
2021-04-05 10:05:30,421.35,5292336
2021-04-05 10:05:31,421.35,5294153
2021-04-05 10:05:32,420.75,5299790
2021-04-05 10:05:33,420.85,5300562
2021-04-05 10:05:34,420.85,5301735
2021-04-05 10:05:35,420.9,5302172
2021-04-05 10:05:36,420.75,5304277
2021-04-05 10:05:37,420.9,5306842
2021-04-05 10:05:38,421.1,5308551
2021-04-05 10:05:38,421.15,5309955
2021-04-05 10:05:40,421.3,5313011
2021-04-05 10:05:41,421.3,5313113
2021-04-05 10:05:42,421.3,5315111
2021-04-05 10:05:43,421.35,5315562
2021-04-05 10:05:44,421.35,5316180
2021-04-05 10:05:45,421.3,5320004
2021-04-05 10:05:45,421.3,5320004
2021-04-05 10:05:46,421.35,5320455
2021-04-05 10:05:47,421.25,5321491
