timestamp,ltp,volume
2021-04-15 09:15:01,709.95,25484
2021-04-15 09:15:08,710.45,31638
2021-04-15 09:15:14,711.35,41830
2021-04-15 09:15:20,710.15,49220
2021-04-15 09:15:26,711.4,55089
2021-04-15 09:15:31,711.0,59359
2021-04-15 09:15:36,710.35,63831
2021-04-15 09:15:41,709.9,68329
2021-04-15 09:15:45,710.35,72253
2021-04-15 09:15:50,710.8,78706
2021-04-15 09:15:54,710.2,81712
2021-04-15 09:15:59,710.05,84268
2021-04-15 09:16:03,710.05,86692
2021-04-15 09:16:07,709.95,90389
2021-04-15 09:16:11,709.35,94762
2021-04-15 09:16:15,709.35,98838
2021-04-15 09:16:19,710.15,102602
2021-04-15 09:16:23,710.45,106969
2021-04-15 09:16:27,710.45,109486
2021-04-15 09:16:31,710.9,111614
2021-04-15 09:16:34,712.0,115461
2021-04-15 09:16:38,711.6,118361
2021-04-15 09:16:41,711.5,120300
2021-04-15 09:16:45,711.9,121988
2021-04-15 09:16:49,711.75,123099
2021-04-15 09:16:53,712.2,125298
2021-04-15 09:16:57,712.1,128306
2021-04-15 09:17:01,712.4,129977
2021-04-15 09:17:04,712.65,130994
2021-04-15 09:17:08,712.95,132374
2021-04-15 09:17:12,712.8,133138
2021-04-15 09:17:15,712.85,133570
2021-04-15 09:17:19,711.65,139998
2021-04-15 09:17:23,711.05,145633
2021-04-15 09:17:27,710.9,149026
2021-04-15 09:17:31,710.4,153015
2021-04-15 09:17:35,710.2,155016
2021-04-15 09:17:39,710.7,157736
2021-04-15 09:17:42,710.4,158952
2021-04-15 09:17:46,709.8,161010
2021-04-15 09:17:50,709.15,162697
2021-04-15 09:17:54,708.6,164176
2021-04-15 09:17:57,707.95,167229
2021-04-15 09:18:01,707.95,169520
2021-04-15 09:18:05,707.95,172361
2021-04-15 09:18:09,708.3,174317
2021-04-15 09:18:13,708.95,175677
2021-04-15 09:18:17,709.05,177050
2021-04-15 09:18:20,709.1,178049
2021-04-15 09:18:24,709.15,179492
2021-04-15 09:18:28,708.95,181058
2021-04-15 09:18:36,708.5,183049
2021-04-15 09:18:39,708.8,184791
2021-04-15 09:18:43,709.0,186427
2021-04-15 09:18:47,708.7,187213
2021-04-15 09:18:51,708.75,187836
2021-04-15 09:18:58,709.2,189321
2021-04-15 09:19:01,709.0,190013
2021-04-15 09:19:05,709.3,190237
2021-04-15 09:19:09,708.35,195580
2021-04-15 09:19:12,708.65,201128
2021-04-15 09:19:16,707.7,203116
2021-04-15 09:19:19,707.1,204190
2021-04-15 09:19:23,707.4,205592
2021-04-15 09:19:26,707.0,206256
2021-04-15 09:19:30,707.05,206695
2021-04-15 09:19:33,707.0,207193
2021-04-15 09:19:37,707.2,207650
2021-04-15 09:19:41,707.35,208816
2021-04-15 09:19:48,706.7,210278
2021-04-15 09:19:52,707.15,210657
2021-04-15 09:19:55,707.1,211857
2021-04-15 09:19:59,707.0,212487
2021-04-15 09:20:02,708.15,213381
2021-04-15 09:20:06,708.0,214134
2021-04-15 09:20:09,708.4,214423
2021-04-15 09:20:13,708.65,214637
2021-04-15 09:20:16,708.7,215485
2021-04-15 09:20:20,708.25,215787
2021-04-15 09:20:23,708.0,216570
2021-04-15 09:20:27,707.85,217889
2021-04-15 09:20:30,707.9,218538
2021-04-15 09:20:33,708.0,219662
2021-04-15 09:20:36,707.5,219971
2021-04-15 09:20:40,707.9,220293
2021-04-15 09:20:47,708.2,222454
2021-04-15 09:20:50,708.0,223144
2021-04-15 09:20:54,707.85,223587
2021-04-15 09:20:57,708.15,223737
2021-04-15 09:21:01,708.15,224173
2021-04-15 09:21:04,707.95,224887
2021-04-15 09:21:08,707.9,225068
2021-04-15 09:21:11,708.2,225361
2021-04-15 09:21:15,707.85,225873
2021-04-15 09:21:19,708.05,226411
2021-04-15 09:21:22,708.1,227000
2021-04-15 09:21:26,708.3,227533
2021-04-15 09:21:28,708.05,227738
2021-04-15 09:21:29,707.9,228318
2021-04-15 09:21:30,708.2,229063
2021-04-15 09:21:31,708.45,229747
2021-04-15 09:21:32,708.5,231119
2021-04-15 09:21:34,707.9,231564
2021-04-15 09:21:35,707.9,231717
2021-04-15 09:21:36,708.5,232301
2021-04-15 09:21:37,708.15,232428
2021-04-15 09:21:38,708.55,232441
2021-04-15 09:21:39,708.25,232559
2021-04-15 09:21:40,708.25,232652
2021-04-15 09:21:41,708.8,233286
2021-04-15 09:21:42,708.75,233571
2021-04-15 09:21:43,708.45,235238
2021-04-15 09:21:44,708.45,235497
2021-04-15 09:21:45,708.15,235915
2021-04-15 09:21:46,708.5,236223
2021-04-15 09:21:47,708.55,237129
2021-04-15 09:21:48,708.15,237192
2021-04-15 09:21:49,708.05,237196
2021-04-15 09:21:50,708.4,237485
2021-04-15 09:21:51,708.4,237582
2021-04-15 09:21:52,708.4,237603
2021-04-15 09:21:53,708.45,237617
2021-04-15 09:21:55,708.55,237768
2021-04-15 09:21:56,708.8,238508
2021-04-15 09:21:58,708.95,238817
2021-04-15 09:21:59,708.95,238860
2021-04-15 09:22:00,708.6,238946
2021-04-15 09:22:01,708.95,238981
2021-04-15 09:22:02,709.0,239243
2021-04-15 09:22:03,709.1,239777
2021-04-15 09:22:04,709.3,239961
2021-04-15 09:22:05,709.35,240263
2021-04-15 09:22:06,709.4,240473
2021-04-15 09:22:07,709.0,241107
2021-04-15 09:22:08,709.0,241255
2021-04-15 09:22:09,709.4,241862
2021-04-15 09:22:10,709.45,242832
2021-04-15 09:22:11,709.1,242887
2021-04-15 09:22:12,709.65,243127
2021-04-15 09:22:13,709.6,243168
2021-04-15 09:22:14,709.7,243494
2021-04-15 09:22:15,709.75,244133
2021-04-15 09:22:16,709.95,244680
2021-04-15 09:22:17,709.65,244725
2021-04-15 09:22:18,709.65,244847
2021-04-15 09:22:19,709.75,245849
2021-04-15 09:22:20,709.55,246096
2021-04-15 09:22:21,709.95,246912
2021-04-15 09:22:22,709.6,247452
2021-04-15 09:22:23,709.6,248746
2021-04-15 09:22:24,709.6,249110
2021-04-15 09:22:25,709.95,249664
2021-04-15 09:22:26,709.6,249997
2021-04-15 09:22:27,709.6,250116
2021-04-15 09:22:28,709.8,250290
2021-04-15 09:22:29,709.95,250660
2021-04-15 09:22:30,710.0,251470
2021-04-15 09:22:31,709.6,252392
2021-04-15 09:22:32,709.6,252819
2021-04-15 09:22:33,710.0,253500
2021-04-15 09:22:34,709.7,253911
2021-04-15 09:22:35,710.1,255127
2021-04-15 09:22:36,709.6,255915
2021-04-15 09:22:37,709.5,256656
2021-04-15 09:22:38,709.5,256810
2021-04-15 09:22:39,709.95,257246
2021-04-15 09:22:40,710.25,258399
2021-04-15 09:22:41,709.9,260309
2021-04-15 09:22:42,709.35,260541
2021-04-15 09:22:43,709.25,260921
2021-04-15 09:22:44,709.5,261626
2021-04-15 09:22:45,709.7,262721
2021-04-15 09:22:46,709.3,262917
2021-04-15 09:22:47,709.65,263289
2021-04-15 09:22:48,709.95,263939
2021-04-15 09:22:49,709.95,264244
2021-04-15 09:22:50,709.55,264284
2021-04-15 09:22:51,709.9,264585
2021-04-15 09:22:52,710.0,264710
2021-04-15 09:22:53,709.6,264741
2021-04-15 09:22:54,710.05,265046
2021-04-15 09:22:55,709.75,267346
2021-04-15 09:22:56,709.45,267882
2021-04-15 09:22:57,709.5,268671
2021-04-15 09:22:58,709.5,268888
2021-04-15 09:22:59,709.95,269013
2021-04-15 09:23:00,710.5,270181
2021-04-15 09:23:01,710.45,270984
2021-04-15 09:23:02,710.1,271114
2021-04-15 09:23:03,710.45,271224
2021-04-15 09:23:04,710.0,271978
2021-04-15 09:23:05,709.65,272168
2021-04-15 09:23:06,709.85,272373
2021-04-15 09:23:07,710.35,272929
2021-04-15 09:23:08,710.25,273165
2021-04-15 09:23:09,710.45,273441
2021-04-15 09:23:10,710.0,273816
2021-04-15 09:23:11,710.35,273923
2021-04-15 09:23:12,710.4,274236
2021-04-15 09:23:13,709.8,274276
2021-04-15 09:23:14,710.1,274668
2021-04-15 09:23:15,709.55,276960
2021-04-15 09:23:16,709.9,279119
2021-04-15 09:23:17,710.0,279766
2021-04-15 09:23:18,709.9,280367
2021-04-15 09:23:19,709.7,280499
2021-04-15 09:23:20,709.7,282384
2021-04-15 09:23:21,709.45,282736
2021-04-15 09:23:22,709.4,282782
2021-04-15 09:23:24,709.85,284147
2021-04-15 09:23:25,709.4,285603
2021-04-15 09:23:26,709.35,285694
2021-04-15 09:23:27,709.95,287121
2021-04-15 09:23:28,710.0,287423
2021-04-15 09:23:29,710.15,287784
2021-04-15 09:23:30,709.8,287850
2021-04-15 09:23:31,709.75,287889
2021-04-15 09:23:32,709.6,290978
2021-04-15 09:23:33,709.15,291171
2021-04-15 09:23:34,708.85,293183
2021-04-15 09:23:35,708.7,293640
2021-04-15 09:23:36,709.0,293696
2021-04-15 09:23:37,708.7,293746
2021-04-15 09:23:38,708.55,293896
2021-04-15 09:23:39,708.55,294317
2021-04-15 09:23:40,708.55,294464
2021-04-15 09:23:41,708.2,295146
2021-04-15 09:23:42,708.0,295439
2021-04-15 09:23:43,708.2,296280
2021-04-15 09:23:44,708.0,296695
2021-04-15 09:23:46,708.0,297127
2021-04-15 09:23:46,708.0,297212
2021-04-15 09:23:48,708.4,300275
2021-04-15 09:23:48,708.0,300250
2021-04-15 09:23:49,708.35,301503
2021-04-15 09:23:50,707.95,301694
2021-04-15 09:23:51,707.95,301713
2021-04-15 09:23:52,708.2,301883
2021-04-15 09:23:53,708.35,301959
2021-04-15 09:23:54,708.05,303133
2021-04-15 09:23:55,707.85,303382
2021-04-15 09:23:56,708.65,303915
2021-04-15 09:23:57,708.2,304011
2021-04-15 09:23:59,708.45,304373
2021-04-15 09:23:59,709.25,304695
2021-04-15 09:24:00,708.6,304791
2021-04-15 09:24:01,708.6,304854
2021-04-15 09:24:02,709.5,305625
2021-04-15 09:24:03,709.6,306507
2021-04-15 09:24:04,708.95,306509
2021-04-15 09:24:05,708.95,306609
2021-04-15 09:24:06,708.9,306979
2021-04-15 09:24:08,708.6,308574
2021-04-15 09:24:07,708.95,306999
2021-04-15 09:24:09,708.5,308774
2021-04-15 09:24:10,708.6,308919
2021-04-15 09:24:11,708.45,308981
2021-04-15 09:24:12,708.65,310104
2021-04-15 09:24:13,708.6,310638
2021-04-15 09:24:14,708.6,310729
2021-04-15 09:24:15,708.65,310745
2021-04-15 09:24:16,708.65,310745
2021-04-15 09:24:17,708.75,310758
2021-04-15 09:24:18,709.05,311113
2021-04-15 09:24:19,709.2,311301
2021-04-15 09:24:20,708.95,311421
2021-04-15 09:24:21,709.0,311464
2021-04-15 09:24:23,709.3,311807
2021-04-15 09:24:22,709.0,311705
2021-04-15 09:24:24,708.85,311918
2021-04-15 09:24:25,708.95,311943
2021-04-15 09:24:26,708.85,311944
2021-04-15 09:24:27,708.85,311994
2021-04-15 09:24:28,709.0,312008
2021-04-15 09:24:29,709.0,312058
2021-04-15 09:24:30,709.2,312125
2021-04-15 09:24:31,709.1,312567
2021-04-15 09:24:32,709.1,312838
2021-04-15 09:24:33,709.7,313379
2021-04-15 09:24:34,709.65,313564
2021-04-15 09:24:35,709.7,314120
2021-04-15 09:24:36,709.35,314255
2021-04-15 09:24:37,710.0,314394
2021-04-15 09:24:38,709.95,314445
2021-04-15 09:24:39,710.0,314550
2021-04-15 09:24:40,709.95,314774
2021-04-15 09:24:41,709.95,314924
2021-04-15 09:24:42,709.2,318984
2021-04-15 09:24:44,708.95,320159
2021-04-15 09:24:48,709.05,321702
2021-04-15 09:24:50,708.8,322513
2021-04-15 09:24:51,709.55,323538
2021-04-15 09:24:53,709.55,323852
2021-04-15 09:24:53,709.15,323866
2021-04-15 09:24:54,709.1,324366
2021-04-15 09:24:55,709.0,324432
2021-04-15 09:24:57,709.0,324533
2021-04-15 09:24:57,709.3,324733
2021-04-15 09:24:58,708.7,326002
2021-04-15 09:24:59,709.0,326224
2021-04-15 09:25:00,708.8,326250
2021-04-15 09:25:01,708.65,326397
2021-04-15 09:25:02,708.65,326450
2021-04-15 09:25:03,708.65,326495
2021-04-15 09:25:04,708.65,326495
2021-04-15 09:25:05,708.8,326518
2021-04-15 09:25:06,708.8,326526
2021-04-15 09:25:07,708.8,326533
2021-04-15 09:25:08,708.65,326537
2021-04-15 09:25:09,708.6,326761
2021-04-15 09:25:10,708.65,327004
2021-04-15 09:25:11,708.5,327323
2021-04-15 09:25:12,708.4,327370
2021-04-15 09:25:13,708.4,327370
2021-04-15 09:25:14,708.6,327383
2021-04-15 09:25:15,708.6,327404
2021-04-15 09:25:16,708.65,327516
2021-04-15 09:25:17,708.4,327615
2021-04-15 09:25:19,708.2,327967
2021-04-15 09:25:20,707.85,331362
2021-04-15 09:25:21,707.75,331389
2021-04-15 09:25:22,707.6,331747
2021-04-15 09:25:23,707.55,331830
2021-04-15 09:25:24,707.5,332250
2021-04-15 09:25:24,707.5,332266
2021-04-15 09:25:26,707.45,332847
2021-04-15 09:25:27,707.45,332913
2021-04-15 09:25:27,707.45,332913
2021-04-15 09:25:28,707.2,333138
2021-04-15 09:25:29,707.15,333360
2021-04-15 09:25:30,707.1,333364
2021-04-15 09:25:31,707.05,333389
2021-04-15 09:25:32,707.05,333389
2021-04-15 09:25:33,706.85,334467
2021-04-15 09:25:35,706.85,334541
2021-04-15 09:25:35,706.85,334544
2021-04-15 09:25:37,706.85,334544
2021-04-15 09:25:38,706.15,335160
2021-04-15 09:25:38,706.1,335393
2021-04-15 09:25:40,706.05,335452
2021-04-15 09:25:41,706.05,336271
2021-04-15 09:25:41,706.25,336459
2021-04-15 09:25:42,706.5,336668
2021-04-15 09:25:43,706.5,336717
2021-04-15 09:25:44,706.25,336756
2021-04-15 09:25:45,706.0,337070
2021-04-15 09:25:47,706.0,337702
2021-04-15 09:25:46,706.0,337551
2021-04-15 09:25:48,705.65,337722
2021-04-15 09:25:49,705.95,337739
2021-04-15 09:25:50,706.05,338905
2021-04-15 09:25:51,705.65,339555
2021-04-15 09:25:52,705.95,339848
2021-04-15 09:25:53,707.45,341405
2021-04-15 09:25:55,706.95,341808
2021-04-15 09:25:56,707.3,341873
2021-04-15 09:25:56,707.05,341902
2021-04-15 09:25:58,706.9,342007
2021-04-15 09:25:58,706.9,342035
2021-04-15 09:26:00,706.85,342386
2021-04-15 09:26:00,706.8,342740
2021-04-15 09:26:01,706.8,342844
2021-04-15 09:26:02,707.15,342883
2021-04-15 09:26:03,707.15,343020
2021-04-15 09:26:04,706.8,343079
2021-04-15 09:26:05,707.65,344186
2021-04-15 09:26:06,707.4,344301
2021-04-15 09:26:07,707.25,344302
2021-04-15 09:26:08,707.6,345502
2021-04-15 09:26:10,707.55,345544
2021-04-15 09:26:11,707.4,345783
2021-04-15 09:26:12,707.4,345783
2021-04-15 09:26:13,707.4,345783
2021-04-15 09:26:14,707.15,345895
2021-04-15 09:26:15,706.8,346016
2021-04-15 09:26:16,706.8,346040
2021-04-15 09:26:17,707.1,346066
2021-04-15 09:26:18,706.9,346072
2021-04-15 09:26:19,707.45,346187
2021-04-15 09:26:20,706.95,346216
2021-04-15 09:26:21,706.9,346354
2021-04-15 09:26:21,707.3,346326
2021-04-15 09:26:22,707.2,346450
2021-04-15 09:26:23,707.0,346516
2021-04-15 09:26:24,706.95,346849
2021-04-15 09:26:25,707.0,346983
2021-04-15 09:26:26,706.95,347001
2021-04-15 09:26:27,707.0,347002
2021-04-15 09:26:28,707.0,347002
2021-04-15 09:26:29,707.4,347182
2021-04-15 09:26:30,707.6,347232
2021-04-15 09:26:31,707.35,347240
2021-04-15 09:26:32,707.55,347508
2021-04-15 09:26:33,707.8,347726
2021-04-15 09:26:34,707.45,347769
2021-04-15 09:26:36,707.9,347824
2021-04-15 09:26:36,707.65,347839
2021-04-15 09:26:38,707.6,347840
2021-04-15 09:26:39,707.6,347960
2021-04-15 09:26:40,707.6,347990
2021-04-15 09:26:40,707.8,347992
2021-04-15 09:26:41,707.65,348068
2021-04-15 09:26:43,707.8,348199
2021-04-15 09:26:43,707.9,348299
2021-04-15 09:26:44,707.6,348316
2021-04-15 09:26:45,707.65,348384
2021-04-15 09:26:46,707.75,348554
2021-04-15 09:26:47,707.7,348593
2021-04-15 09:26:48,707.6,348664
2021-04-15 09:26:49,707.65,348745
2021-04-15 09:26:50,707.95,348831
2021-04-15 09:26:51,708.5,349939
2021-04-15 09:26:52,707.7,350134
2021-04-15 09:26:53,707.6,350284
2021-04-15 09:26:56,707.85,352202
2021-04-15 09:26:56,708.45,351993
2021-04-15 09:26:57,707.75,352224
2021-04-15 09:26:58,707.75,352319
2021-04-15 09:26:59,707.7,352434
2021-04-15 09:27:00,707.7,352485
2021-04-15 09:27:01,707.7,352486
2021-04-15 09:27:02,707.6,352498
2021-04-15 09:27:03,707.6,352498
2021-04-15 09:27:04,707.6,352498
2021-04-15 09:27:05,707.75,352530
2021-04-15 09:27:06,708.05,352751
2021-04-15 09:27:07,707.7,352809
2021-04-15 09:27:08,706.6,358411
2021-04-15 09:27:09,706.35,358695
2021-04-15 09:27:10,706.25,358865
2021-04-15 09:27:12,706.2,359093
2021-04-15 09:27:14,706.2,359434
2021-04-15 09:27:15,705.95,370442
2021-04-15 09:27:16,705.8,370601
2021-04-15 09:27:17,705.6,372192
2021-04-15 09:27:18,705.6,372293
2021-04-15 09:27:19,705.4,373349
2021-04-15 09:27:20,705.4,373576
2021-04-15 09:27:20,705.4,373576
2021-04-15 09:27:21,705.1,373591
2021-04-15 09:27:22,705.05,373630
2021-04-15 09:27:23,705.4,373641
2021-04-15 09:27:24,705.05,373747
2021-04-15 09:27:25,705.1,373948
2021-04-15 09:27:27,705.5,374495
2021-04-15 09:27:28,705.6,374822
2021-04-15 09:27:28,706.0,375697
2021-04-15 09:27:30,705.75,376451
2021-04-15 09:27:31,706.0,377600
2021-04-15 09:27:31,706.0,383777
2021-04-15 09:27:33,705.85,384127
2021-04-15 09:27:34,705.7,386862
2021-04-15 09:27:35,705.8,387118
2021-04-15 09:27:36,705.65,387372
2021-04-15 09:27:38,705.65,387417
2021-04-15 09:27:38,705.65,387417
2021-04-15 09:27:40,706.25,387872
2021-04-15 09:27:42,706.2,388037
2021-04-15 09:27:43,705.75,388250
2021-04-15 09:27:45,706.15,388360
2021-04-15 09:27:46,706.2,388562
2021-04-15 09:27:47,706.2,388610
2021-04-15 09:27:48,706.55,388772
2021-04-15 09:27:49,706.15,388811
2021-04-15 09:27:49,706.05,388936
2021-04-15 09:27:52,706.25,389260
2021-04-15 09:27:53,706.15,389420
2021-04-15 09:27:54,706.6,389470
2021-04-15 09:27:55,706.7,389668
2021-04-15 09:27:56,706.9,390217
2021-04-15 09:27:57,707.0,390551
2021-04-15 09:27:58,707.2,390642
2021-04-15 09:27:58,707.05,390651
2021-04-15 09:28:00,707.1,390666
2021-04-15 09:28:00,707.4,390679
2021-04-15 09:28:01,706.9,390684
2021-04-15 09:28:03,707.0,390707
2021-04-15 09:28:03,706.65,391017
2021-04-15 09:28:05,707.2,393335
2021-04-15 09:28:05,707.15,393515
2021-04-15 09:28:06,707.15,393771
2021-04-15 09:28:08,707.0,394127
2021-04-15 09:28:08,707.0,394409
2021-04-15 09:28:09,707.15,394430
2021-04-15 09:28:10,707.35,394490
2021-04-15 09:28:11,707.4,394804
2021-04-15 09:28:12,706.85,394963
2021-04-15 09:28:14,707.05,395011
2021-04-15 09:28:14,706.7,395012
2021-04-15 09:28:15,706.7,395071
2021-04-15 09:28:17,706.8,395075
2021-04-15 09:28:17,706.8,395076
2021-04-15 09:28:18,707.4,395542
2021-04-15 09:28:20,706.75,397902
2021-04-15 09:28:20,706.75,397982
2021-04-15 09:28:22,706.7,398225
2021-04-15 09:28:23,706.65,398289
2021-04-15 09:28:24,706.65,398425
2021-04-15 09:28:24,706.55,398456
2021-04-15 09:28:26,706.55,399062
2021-04-15 09:28:26,706.2,399186
2021-04-15 09:28:27,706.2,399186
2021-04-15 09:28:29,706.2,399186
2021-04-15 09:28:29,706.5,399202
2021-04-15 09:28:30,706.15,399220
2021-04-15 09:28:32,706.45,399266
2021-04-15 09:28:33,706.1,399276
2021-04-15 09:28:34,706.05,399429
2021-04-15 09:28:35,706.0,401020
2021-04-15 09:28:36,705.65,401090
2021-04-15 09:28:36,705.65,401091
2021-04-15 09:28:38,705.65,401265
2021-04-15 09:28:39,705.25,401979
2021-04-15 09:28:39,705.2,402335
2021-04-15 09:28:41,705.2,402345
2021-04-15 09:28:41,705.1,402367
2021-04-15 09:28:42,705.1,402367
2021-04-15 09:28:44,705.1,402367
2021-04-15 09:28:45,705.05,402417
2021-04-15 09:28:45,705.05,402486
2021-04-15 09:28:46,705.0,403035
2021-04-15 09:28:47,705.05,403229
2021-04-15 09:28:48,705.0,404231
2021-04-15 09:28:49,705.0,404501
2021-04-15 09:28:50,704.95,404942
2021-04-15 09:28:51,704.5,405461
2021-04-15 09:28:53,705.3,407848
2021-04-15 09:28:53,704.9,408437
2021-04-15 09:28:55,705.25,408557
2021-04-15 09:28:56,704.9,408702
2021-04-15 09:28:57,704.9,408781
2021-04-15 09:28:57,704.85,408771
2021-04-15 09:28:58,704.8,408831
2021-04-15 09:28:59,704.75,409023
2021-04-15 09:29:00,704.85,409367
2021-04-15 09:29:01,704.95,409442
2021-04-15 09:29:02,704.9,409543
2021-04-15 09:29:03,705.35,410694
2021-04-15 09:29:04,705.35,410709
2021-04-15 09:29:05,705.1,410976
2021-04-15 09:29:06,705.7,411702
2021-04-15 09:29:07,705.1,412005
2021-04-15 09:29:08,704.95,412085
2021-04-15 09:29:09,705.0,412098
2021-04-15 09:29:11,705.15,412387
2021-04-15 09:29:11,704.9,412459
2021-04-15 09:29:13,704.9,412969
2021-04-15 09:29:14,704.9,413096
2021-04-15 09:29:15,704.9,413096
2021-04-15 09:29:15,704.85,413165
2021-04-15 09:29:18,705.0,413693
2021-04-15 09:29:19,705.0,414396
2021-04-15 09:29:20,704.75,414662
2021-04-15 09:29:21,704.75,414892
2021-04-15 09:29:22,704.6,414935
2021-04-15 09:29:23,704.3,415444
2021-04-15 09:29:23,704.75,415458
2021-04-15 09:29:24,704.25,415711
2021-04-15 09:29:25,704.3,416162
2021-04-15 09:29:26,704.2,416305
2021-04-15 09:29:27,704.35,416509
2021-04-15 09:29:29,703.6,420710
2021-04-15 09:29:30,703.15,422290
2021-04-15 09:29:30,703.6,422512
2021-04-15 09:29:31,703.75,423700
2021-04-15 09:29:33,703.9,423995
2021-04-15 09:29:34,703.45,425071
2021-04-15 09:29:35,703.5,425625
2021-04-15 09:29:36,703.9,425727
2021-04-15 09:29:37,703.5,425834
2021-04-15 09:29:37,703.8,425929
2021-04-15 09:29:39,703.5,426067
2021-04-15 09:29:40,703.5,426101
2021-04-15 09:29:40,703.75,426255
2021-04-15 09:29:41,703.25,426439
2021-04-15 09:29:42,703.25,426505
2021-04-15 09:29:43,703.2,426563
2021-04-15 09:29:44,703.15,426816
2021-04-15 09:29:46,703.6,426926
2021-04-15 09:29:47,703.6,426994
2021-04-15 09:29:48,703.2,427408
2021-04-15 09:29:49,703.15,427819
2021-04-15 09:29:50,703.1,428297
2021-04-15 09:29:51,703.65,428599
2021-04-15 09:29:52,703.65,428967
2021-04-15 09:29:53,703.65,429002
2021-04-15 09:29:54,703.2,429586
2021-04-15 09:29:55,703.15,429871
2021-04-15 09:29:56,703.0,431259
2021-04-15 09:29:56,703.25,430214
2021-04-15 09:29:57,703.0,431731
2021-04-15 09:29:59,703.25,432036
2021-04-15 09:30:00,703.0,432198
2021-04-15 09:30:00,703.4,432273
2021-04-15 09:30:01,703.4,432333
2021-04-15 09:30:02,703.35,432602
2021-04-15 09:30:04,703.15,432889
2021-04-15 09:30:04,703.4,433024
2021-04-15 09:30:05,703.35,433061
2021-04-15 09:30:06,703.5,433216
2021-04-15 09:30:07,703.55,433930
2021-04-15 09:30:09,703.45,434099
2021-04-15 09:30:10,703.35,434215
2021-04-15 09:30:11,703.2,434316
2021-04-15 09:30:12,703.35,434425
2021-04-15 09:30:13,703.0,434444
2021-04-15 09:30:14,703.0,434882
2021-04-15 09:30:15,703.35,435119
2021-04-15 09:30:16,703.0,435152
2021-04-15 09:30:17,703.0,435152
2021-04-15 09:30:18,702.7,436625
2021-04-15 09:30:19,702.7,436791
2021-04-15 09:30:19,702.35,437158
2021-04-15 09:30:20,702.1,437256
2021-04-15 09:30:21,702.1,437496
2021-04-15 09:30:23,702.1,437968
2021-04-15 09:30:24,701.7,438868
2021-04-15 09:30:25,701.7,438914
2021-04-15 09:30:26,701.25,439330
2021-04-15 09:30:28,700.65,440092
2021-04-15 09:30:27,701.0,439957
2021-04-15 09:30:29,700.9,440639
2021-04-15 09:30:30,700.65,441259
2021-04-15 09:30:31,701.0,442290
2021-04-15 09:30:32,701.35,442525
2021-04-15 09:30:33,701.1,443280
2021-04-15 09:30:34,701.5,444200
2021-04-15 09:30:35,701.2,444301
2021-04-15 09:30:36,701.05,444883
2021-04-15 09:30:37,701.0,444920
2021-04-15 09:30:38,701.0,444945
2021-04-15 09:30:39,701.2,445411
2021-04-15 09:30:40,701.2,445497
2021-04-15 09:30:41,701.2,445547
2021-04-15 09:30:42,701.4,445574
2021-04-15 09:30:43,701.45,445938
2021-04-15 09:30:44,701.05,446572
2021-04-15 09:30:45,701.5,446715
2021-04-15 09:30:46,701.05,446820
2021-04-15 09:30:47,701.05,446865
2021-04-15 09:30:48,701.55,447977
2021-04-15 09:30:49,701.3,448505
2021-04-15 09:30:50,701.3,448647
2021-04-15 09:30:51,701.2,449134
2021-04-15 09:30:52,701.2,449215
2021-04-15 09:30:53,701.15,449324
2021-04-15 09:30:54,701.15,449847
2021-04-15 09:30:55,701.15,449966
2021-04-15 09:30:55,701.15,449966
2021-04-15 09:30:56,701.3,450032
2021-04-15 09:30:57,701.15,450143
2021-04-15 09:30:59,701.5,450412
2021-04-15 09:31:00,701.2,450556
2021-04-15 09:31:01,701.05,450574
2021-04-15 09:31:02,701.4,450582
2021-04-15 09:31:03,701.2,450653
2021-04-15 09:31:05,701.4,450687
2021-04-15 09:31:04,701.4,450686
2021-04-15 09:31:06,701.2,450773
2021-04-15 09:31:07,701.1,450796
2021-04-15 09:31:08,701.25,450846
2021-04-15 09:31:09,701.4,451256
2021-04-15 09:31:10,701.2,451558
2021-04-15 09:31:11,701.5,451733
2021-04-15 09:31:11,701.5,451806
2021-04-15 09:31:13,701.4,451915
2021-04-15 09:31:14,701.05,453004
2021-04-15 09:31:15,701.05,453480
2021-04-15 09:31:16,701.2,453531
2021-04-15 09:31:18,701.2,453531
2021-04-15 09:31:19,701.2,453605
2021-04-15 09:31:20,701.05,453955
2021-04-15 09:31:21,701.25,454076
2021-04-15 09:31:22,701.25,454299
2021-04-15 09:31:23,701.25,454438
2021-04-15 09:31:24,701.25,454479
2021-04-15 09:31:25,701.05,454496
2021-04-15 09:31:26,701.25,454728
2021-04-15 09:31:27,701.25,454876
2021-04-15 09:31:28,701.05,454972
2021-04-15 09:31:31,701.05,455196
2021-04-15 09:31:32,701.25,455206
2021-04-15 09:31:33,701.25,455210
2021-04-15 09:31:34,701.25,455661
2021-04-15 09:31:35,701.05,457111
2021-04-15 09:31:36,701.05,457151
2021-04-15 09:31:37,701.0,457353
2021-04-15 09:31:38,701.05,457572
2021-04-15 09:31:39,700.95,457722
2021-04-15 09:31:40,700.65,457750
2021-04-15 09:31:41,700.95,457755
2021-04-15 09:31:42,700.9,457760
2021-04-15 09:31:43,700.85,457796
2021-04-15 09:31:44,700.65,457827
2021-04-15 09:31:45,700.65,457862
2021-04-15 09:31:46,700.85,457883
2021-04-15 09:31:47,700.7,458060
2021-04-15 09:31:48,700.7,458091
2021-04-15 09:31:49,700.55,458206
2021-04-15 09:31:50,700.85,460272
2021-04-15 09:31:51,700.4,460289
2021-04-15 09:31:52,700.3,460728
2021-04-15 09:31:53,700.25,460845
2021-04-15 09:31:54,700.3,460861
2021-04-15 09:31:55,700.25,460980
2021-04-15 09:31:56,700.3,461231
2021-04-15 09:31:57,700.25,461342
2021-04-15 09:31:59,700.35,462040
2021-04-15 09:31:58,700.1,461955
2021-04-15 09:32:00,700.1,462291
2021-04-15 09:32:01,700.1,462456
2021-04-15 09:32:02,700.1,462500
2021-04-15 09:32:03,700.1,462608
2021-04-15 09:32:04,700.45,463535
2021-04-15 09:32:06,700.1,463766
2021-04-15 09:32:05,700.1,463766
2021-04-15 09:32:07,700.4,463849
2021-04-15 09:32:08,700.1,463968
2021-04-15 09:32:09,700.1,464554
2021-04-15 09:32:10,699.7,467084
2021-04-15 09:32:11,699.35,467706
2021-04-15 09:32:12,699.45,468441
2021-04-15 09:32:13,700.35,469917
2021-04-15 09:32:14,700.1,470395
2021-04-15 09:32:15,700.35,470707
2021-04-15 09:32:16,700.05,472296
2021-04-15 09:32:18,699.85,472598
2021-04-15 09:32:17,699.85,472598
2021-04-15 09:32:19,700.0,472613
2021-04-15 09:32:20,699.45,472933
2021-04-15 09:32:21,699.6,473093
2021-04-15 09:32:22,699.6,473319
2021-04-15 09:32:23,699.95,473358
2021-04-15 09:32:24,700.0,474725
2021-04-15 09:32:25,700.0,474725
2021-04-15 09:32:26,699.7,474733
2021-04-15 09:32:27,700.0,474981
2021-04-15 09:32:28,700.05,475075
2021-04-15 09:32:29,700.1,475221
2021-04-15 09:32:30,700.0,475246
2021-04-15 09:32:31,699.5,475455
2021-04-15 09:32:32,699.5,475455
2021-04-15 09:32:33,699.9,475540
2021-04-15 09:32:35,699.9,475541
2021-04-15 09:32:34,699.9,475541
2021-04-15 09:32:36,699.9,475541
2021-04-15 09:32:37,699.8,476788
2021-04-15 09:32:38,699.65,476873
2021-04-15 09:32:39,699.15,476958
2021-04-15 09:32:40,699.65,477126
2021-04-15 09:32:41,699.9,478084
2021-04-15 09:32:42,699.6,478186
2021-04-15 09:32:43,699.6,478186
2021-04-15 09:32:44,699.6,478196
2021-04-15 09:32:45,700.0,478286
2021-04-15 09:32:46,699.95,478336
2021-04-15 09:32:47,699.95,478336
2021-04-15 09:32:48,700.0,478412
2021-04-15 09:32:49,700.0,478464
2021-04-15 09:32:50,699.6,481341
2021-04-15 09:32:51,700.0,481865
2021-04-15 09:32:52,699.9,481878
2021-04-15 09:32:53,700.0,482165
2021-04-15 09:32:54,699.9,483790
2021-04-15 09:32:55,700.4,484416
2021-04-15 09:32:56,700.4,484523
2021-04-15 09:32:57,700.15,484574
2021-04-15 09:32:58,700.15,484583
2021-04-15 09:32:59,700.15,484583
2021-04-15 09:33:00,700.4,484620
2021-04-15 09:33:01,700.4,484985
2021-04-15 09:33:02,700.5,485233
2021-04-15 09:33:03,700.5,485387
2021-04-15 09:33:04,700.35,485909
2021-04-15 09:33:05,700.55,486112
2021-04-15 09:33:06,700.75,486397
2021-04-15 09:33:07,700.75,486412
2021-04-15 09:33:09,700.75,486546
2021-04-15 09:33:08,700.5,486446
2021-04-15 09:33:10,700.75,486754
2021-04-15 09:33:11,700.5,486903
2021-04-15 09:33:12,700.5,487024
2021-04-15 09:33:13,701.25,488331
2021-04-15 09:33:14,701.1,488395
2021-04-15 09:33:15,701.1,488395
2021-04-15 09:33:16,701.1,488395
2021-04-15 09:33:17,700.9,488578
2021-04-15 09:33:19,701.25,489138
2021-04-15 09:33:18,701.6,489137
2021-04-15 09:33:20,701.0,490138
2021-04-15 09:33:21,701.2,490664
2021-04-15 09:33:22,701.1,490722
2021-04-15 09:33:23,701.15,490908
2021-04-15 09:33:24,701.2,490957
2021-04-15 09:33:25,701.75,491122
2021-04-15 09:33:26,701.45,491129
2021-04-15 09:33:27,701.8,491190
2021-04-15 09:33:28,701.85,491207
2021-04-15 09:33:29,701.45,491209
2021-04-15 09:33:30,701.45,491234
2021-04-15 09:33:31,701.45,491258
2021-04-15 09:33:32,701.45,491262
2021-04-15 09:33:33,702.0,493202
2021-04-15 09:33:34,701.55,493265
2021-04-15 09:33:35,701.35,493267
2021-04-15 09:33:36,701.25,493568
2021-04-15 09:33:37,701.7,493579
2021-04-15 09:33:38,701.35,493601
2021-04-15 09:33:39,701.75,493667
2021-04-15 09:33:40,701.7,493737
2021-04-15 09:33:41,701.25,493752
2021-04-15 09:33:42,701.35,493916
2021-04-15 09:33:43,701.35,493945
2021-04-15 09:33:45,701.6,493946
2021-04-15 09:33:45,701.35,493945
2021-04-15 09:33:46,701.6,493950
2021-04-15 09:33:47,701.4,493951
2021-04-15 09:33:48,701.35,494151
2021-04-15 09:33:51,701.4,494186
2021-04-15 09:33:52,701.35,494197
2021-04-15 09:33:53,701.25,494213
2021-04-15 09:33:54,701.35,494569
2021-04-15 09:33:55,701.25,494631
2021-04-15 09:33:56,701.25,494634
2021-04-15 09:33:57,701.25,494917
2021-04-15 09:33:58,701.15,494967
2021-04-15 09:34:00,701.05,495075
2021-04-15 09:34:01,700.65,495854
2021-04-15 09:34:01,700.65,495738
2021-04-15 09:34:02,700.65,495856
2021-04-15 09:34:03,700.7,495906
2021-04-15 09:34:04,700.7,495915
2021-04-15 09:34:05,700.7,495915
2021-04-15 09:34:07,700.75,496160
2021-04-15 09:34:07,700.75,495953
2021-04-15 09:34:08,700.75,496189
2021-04-15 09:34:09,701.0,496225
2021-04-15 09:34:10,700.75,496541
2021-04-15 09:34:11,701.0,496685
2021-04-15 09:34:12,700.65,496701
2021-04-15 09:34:13,700.65,496701
2021-04-15 09:34:14,701.0,496751
2021-04-15 09:34:15,700.65,496760
2021-04-15 09:34:17,700.65,496816
2021-04-15 09:34:18,701.0,496820
2021-04-15 09:34:18,701.0,496820
2021-04-15 09:34:19,700.95,496830
2021-04-15 09:34:20,701.0,497132
2021-04-15 09:34:21,700.65,497185
2021-04-15 09:34:22,700.65,497185
2021-04-15 09:34:23,700.65,497185
2021-04-15 09:34:25,700.75,498594
2021-04-15 09:34:26,700.4,498614
2021-04-15 09:34:27,700.25,498650
2021-04-15 09:34:28,700.5,498852
2021-04-15 09:34:29,700.25,498888
2021-04-15 09:34:31,700.25,498888
2021-04-15 09:34:32,700.6,498988
2021-04-15 09:34:33,700.25,499011
2021-04-15 09:34:34,700.25,499012
2021-04-15 09:34:34,700.25,499012
2021-04-15 09:34:35,700.6,499612
2021-04-15 09:34:36,700.25,499652
2021-04-15 09:34:37,700.2,499653
2021-04-15 09:34:38,700.2,499664
2021-04-15 09:34:39,700.6,500039
2021-04-15 09:34:40,700.25,500110
2021-04-15 09:34:41,700.15,500119
2021-04-15 09:34:42,700.6,500144
2021-04-15 09:34:43,700.25,500145
2021-04-15 09:34:44,700.25,500145
2021-04-15 09:34:45,700.55,500588
2021-04-15 09:34:49,700.2,501954
2021-04-15 09:34:50,700.1,501964
2021-04-15 09:34:51,700.1,502009
2021-04-15 09:34:52,700.25,502015
2021-04-15 09:34:53,700.2,502038
2021-04-15 09:34:54,700.65,502239
2021-04-15 09:34:55,700.2,502262
2021-04-15 09:34:56,700.1,502319
2021-04-15 09:34:57,700.1,502364
2021-04-15 09:34:58,700.1,502364
2021-04-15 09:34:59,700.15,502389
2021-04-15 09:35:00,700.15,502393
2021-04-15 09:35:01,700.1,502415
2021-04-15 09:35:03,700.1,502420
2021-04-15 09:35:04,699.7,505296
2021-04-15 09:35:04,699.7,505296
2021-04-15 09:35:05,699.85,505443
2021-04-15 09:35:06,699.65,505507
2021-04-15 09:35:07,699.8,506078
2021-04-15 09:35:09,699.8,506088
2021-04-15 09:35:09,699.8,506088
2021-04-15 09:35:10,699.55,506398
2021-04-15 09:35:11,699.55,506398
2021-04-15 09:35:12,700.0,506660
2021-04-15 09:35:13,699.65,506769
2021-04-15 09:35:14,700.05,506921
2021-04-15 09:35:15,700.05,507004
2021-04-15 09:35:17,700.1,507096
2021-04-15 09:35:17,700.1,507096
2021-04-15 09:35:18,700.05,507160
2021-04-15 09:35:19,699.8,507312
2021-04-15 09:35:20,699.7,507320
2021-04-15 09:35:21,699.65,507399
2021-04-15 09:35:23,699.75,508010
2021-04-15 09:35:24,699.75,508010
2021-04-15 09:35:24,700.0,508160
2021-04-15 09:35:25,700.0,508160
2021-04-15 09:35:26,699.75,508585
2021-04-15 09:35:27,700.0,508605
2021-04-15 09:35:29,699.95,509043
2021-04-15 09:35:30,699.65,509055
2021-04-15 09:35:30,700.0,509054
2021-04-15 09:35:31,700.0,509067
2021-04-15 09:35:32,700.0,509472
2021-04-15 09:35:33,699.55,509972
2021-04-15 09:35:34,699.5,509997
2021-04-15 09:35:35,700.0,510093
2021-04-15 09:35:36,699.5,510119
2021-04-15 09:35:38,699.85,510229
2021-04-15 09:35:40,699.5,510364
2021-04-15 09:35:41,699.5,510364
2021-04-15 09:35:42,699.55,510367
2021-04-15 09:35:43,699.55,510367
2021-04-15 09:35:44,699.5,510981
2021-04-15 09:35:45,699.3,511521
2021-04-15 09:35:46,699.8,512155
2021-04-15 09:35:47,699.4,512205
2021-04-15 09:35:49,699.75,512419
2021-04-15 09:35:49,699.75,512419
2021-04-15 09:35:50,699.3,513429
2021-04-15 09:35:51,699.35,513449
2021-04-15 09:35:53,699.5,513450
2021-04-15 09:35:54,699.65,513541
2021-04-15 09:35:55,699.2,513641
2021-04-15 09:35:55,699.15,513741
2021-04-15 09:35:56,699.45,513791
2021-04-15 09:35:57,699.4,513806
2021-04-15 09:35:58,699.4,515214
2021-04-15 09:36:00,699.0,515218
2021-04-15 09:36:01,699.35,515481
2021-04-15 09:36:02,699.0,515589
2021-04-15 09:36:03,699.0,515589
2021-04-15 09:36:04,698.7,515639
2021-04-15 09:36:04,698.7,515639
2021-04-15 09:36:05,698.7,515746
2021-04-15 09:36:06,698.7,515832
2021-04-15 09:36:07,699.0,515934
2021-04-15 09:36:09,698.55,516340
2021-04-15 09:36:10,698.7,516372
2021-04-15 09:36:10,698.7,516372
2021-04-15 09:36:11,698.7,516372
2021-04-15 09:36:12,697.85,519741
2021-04-15 09:36:14,697.8,519837
2021-04-15 09:36:15,697.95,519877
2021-04-15 09:36:15,699.0,521908
2021-04-15 09:36:16,698.1,522058
2021-04-15 09:36:17,697.95,522197
2021-04-15 09:36:18,697.95,522198
2021-04-15 09:36:19,697.95,522198
2021-04-15 09:36:21,697.95,522213
2021-04-15 09:36:22,698.2,522627
2021-04-15 09:36:23,698.55,522929
2021-04-15 09:36:23,698.55,522929
2021-04-15 09:36:24,698.9,523355
2021-04-15 09:36:25,698.9,523542
2021-04-15 09:36:26,699.05,526019
2021-04-15 09:36:27,698.85,526720
2021-04-15 09:36:28,698.85,526732
2021-04-15 09:36:30,698.65,526752
2021-04-15 09:36:31,699.1,526862
2021-04-15 09:36:31,698.85,526852
2021-04-15 09:36:32,699.45,529357
2021-04-15 09:36:33,699.45,529357
2021-04-15 09:36:34,699.5,529359
2021-04-15 09:36:35,699.5,529359
2021-04-15 09:36:36,699.7,529423
2021-04-15 09:36:37,699.7,529423
2021-04-15 09:36:38,699.7,529551
2021-04-15 09:36:39,699.7,529551
2021-04-15 09:36:40,699.7,529551
2021-04-15 09:36:41,699.5,529578
2021-04-15 09:36:42,699.85,529598
2021-04-15 09:36:43,699.5,529628
2021-04-15 09:36:44,699.35,530043
2021-04-15 09:36:45,699.95,530643
2021-04-15 09:36:47,699.9,530664
2021-04-15 09:36:48,700.4,534978
2021-04-15 09:36:49,700.25,535792
2021-04-15 09:36:49,700.3,535771
2021-04-15 09:36:50,700.7,535895
2021-04-15 09:36:51,700.3,536109
2021-04-15 09:36:52,700.25,536134
2021-04-15 09:36:55,700.6,536457
2021-04-15 09:36:56,700.25,536468
2021-04-15 09:36:56,700.05,537468
2021-04-15 09:36:57,700.15,537613
2021-04-15 09:36:58,700.15,537628
2021-04-15 09:36:59,700.05,537629
2021-04-15 09:37:00,700.0,537689
2021-04-15 09:37:01,700.0,537722
2021-04-15 09:37:02,700.0,537726
2021-04-15 09:37:03,699.85,537950
2021-04-15 09:37:04,699.85,537950
2021-04-15 09:37:05,699.75,537970
2021-04-15 09:37:06,700.0,538027
2021-04-15 09:37:07,700.0,538037
2021-04-15 09:37:08,700.15,538077
2021-04-15 09:37:09,699.85,538102
2021-04-15 09:37:10,699.85,538102
2021-04-15 09:37:11,700.0,538105
2021-04-15 09:37:12,699.85,538106
2021-04-15 09:37:13,699.9,538160
2021-04-15 09:37:14,700.0,538172
2021-04-15 09:37:15,700.0,538360
2021-04-15 09:37:16,699.9,539582
2021-04-15 09:37:17,699.9,539682
2021-04-15 09:37:19,699.9,539792
2021-04-15 09:37:20,700.05,539942
2021-04-15 09:37:21,699.85,539945
2021-04-15 09:37:23,699.5,540775
2021-04-15 09:37:24,699.5,540775
2021-04-15 09:37:25,698.8,542175
2021-04-15 09:37:26,698.8,542175
2021-04-15 09:37:27,698.8,542175
2021-04-15 09:37:28,698.75,542225
2021-04-15 09:37:29,699.15,542235
2021-04-15 09:37:30,699.15,542333
2021-04-15 09:37:31,699.2,542334
2021-04-15 09:37:32,699.2,542334
2021-04-15 09:37:33,698.9,542344
2021-04-15 09:37:34,699.2,542350
2021-04-15 09:37:35,698.95,542400
2021-04-15 09:37:36,699.25,542416
2021-04-15 09:37:37,699.4,542417
2021-04-15 09:37:38,699.05,542520
2021-04-15 09:37:39,699.35,544640
2021-04-15 09:37:40,699.35,544640
2021-04-15 09:37:41,699.05,544748
2021-04-15 09:37:42,699.4,544863
2021-04-15 09:37:44,699.3,544931
2021-04-15 09:37:45,699.15,545283
2021-04-15 09:37:46,699.15,545283
2021-04-15 09:37:46,699.15,545283
2021-04-15 09:37:47,699.7,545427
2021-04-15 09:37:48,699.3,545452
2021-04-15 09:37:49,699.45,545454
2021-04-15 09:37:50,699.3,545464
2021-04-15 09:37:51,700.5,547860
2021-04-15 09:37:52,700.05,549013
2021-04-15 09:37:53,700.05,549166
2021-04-15 09:37:54,700.05,549168
2021-04-15 09:37:55,700.55,549179
2021-04-15 09:37:56,700.1,549230
2021-04-15 09:37:57,700.45,549291
2021-04-15 09:37:59,700.1,549381
2021-04-15 09:38:00,700.1,549396
2021-04-15 09:38:01,700.1,549510
2021-04-15 09:38:02,700.1,549530
2021-04-15 09:38:03,700.4,549765
2021-04-15 09:38:04,700.1,549820
2021-04-15 09:38:05,700.1,549823
2021-04-15 09:38:05,700.1,549842
2021-04-15 09:38:06,700.4,549864
2021-04-15 09:38:07,700.65,549872
2021-04-15 09:38:08,700.35,549873
2021-04-15 09:38:09,700.6,549881
2021-04-15 09:38:11,700.5,549883
2021-04-15 09:38:12,700.3,549973
2021-04-15 09:38:13,700.3,550060
2021-04-15 09:38:14,700.3,550122
2021-04-15 09:38:15,700.3,550196
2021-04-15 09:38:16,700.4,550210
2021-04-15 09:38:17,700.4,550210
2021-04-15 09:38:17,700.5,550225
2021-04-15 09:38:18,700.55,550348
2021-04-15 09:38:19,700.7,550522
2021-04-15 09:38:20,700.7,550611
2021-04-15 09:38:21,700.6,550640
2021-04-15 09:38:22,700.6,550648
2021-04-15 09:38:23,700.5,550654
2021-04-15 09:38:24,700.7,550704
2021-04-15 09:38:25,700.5,550718
2021-04-15 09:38:26,700.7,550743
2021-04-15 09:38:28,700.5,550790
2021-04-15 09:38:28,700.4,550798
2021-04-15 09:38:29,700.5,551311
2021-04-15 09:38:30,700.4,551447
2021-04-15 09:38:31,700.4,551507
2021-04-15 09:38:32,700.4,551644
2021-04-15 09:38:33,700.4,551667
2021-04-15 09:38:35,700.1,552927
2021-04-15 09:38:36,700.65,553196
2021-04-15 09:38:37,700.15,554444
2021-04-15 09:38:37,700.15,554444
2021-04-15 09:38:39,700.65,554714
2021-04-15 09:38:40,700.7,554728
2021-04-15 09:38:41,700.3,554730
2021-04-15 09:38:42,700.15,555231
2021-04-15 09:38:43,700.1,555350
2021-04-15 09:38:44,700.25,555387
2021-04-15 09:38:45,700.5,555522
2021-04-15 09:38:46,700.1,555545
2021-04-15 09:38:47,700.45,556305
2021-04-15 09:38:48,700.45,556359
2021-04-15 09:38:49,700.2,556439
2021-04-15 09:38:50,700.2,556439
2021-04-15 09:38:52,700.5,556443
2021-04-15 09:38:53,700.1,556504
2021-04-15 09:38:54,700.1,556737
2021-04-15 09:38:54,700.1,556737
2021-04-15 09:38:55,700.4,558062
2021-04-15 09:38:56,700.0,558297
2021-04-15 09:38:57,699.85,558354
2021-04-15 09:38:58,700.1,558805
2021-04-15 09:38:59,700.0,558806
2021-04-15 09:39:00,699.5,558951
2021-04-15 09:39:01,699.8,559043
2021-04-15 09:39:02,699.8,559043
2021-04-15 09:39:03,699.4,559052
2021-04-15 09:39:04,699.7,559062
2021-04-15 09:39:05,699.6,559072
2021-04-15 09:39:06,699.6,559092
2021-04-15 09:39:07,699.7,559192
2021-04-15 09:39:08,700.0,559415
2021-04-15 09:39:09,700.0,560292
2021-04-15 09:39:10,699.3,560609
2021-04-15 09:39:11,699.75,560659
2021-04-15 09:39:12,699.75,560659
2021-04-15 09:39:14,699.25,560724
2021-04-15 09:39:15,699.15,560786
2021-04-15 09:39:16,699.5,560787
2021-04-15 09:39:17,699.5,560787
2021-04-15 09:39:18,699.5,560812
2021-04-15 09:39:18,699.5,560812
2021-04-15 09:39:19,699.5,560812
2021-04-15 09:39:20,699.1,560822
2021-04-15 09:39:21,699.0,560847
2021-04-15 09:39:22,699.3,560897
2021-04-15 09:39:23,699.0,560901
2021-04-15 09:39:24,699.0,560901
2021-04-15 09:39:25,699.0,560921
2021-04-15 09:39:26,699.0,561026
2021-04-15 09:39:27,699.0,561276
2021-04-15 09:39:29,699.0,561276
2021-04-15 09:39:29,699.0,561276
2021-04-15 09:39:30,699.65,562681
2021-04-15 09:39:31,699.5,562716
2021-04-15 09:39:32,699.5,562716
2021-04-15 09:39:33,699.9,562802
2021-04-15 09:39:34,699.9,562802
2021-04-15 09:39:36,699.9,562802
2021-04-15 09:39:36,699.85,562823
2021-04-15 09:39:37,699.85,562823
2021-04-15 09:39:38,699.4,562830
2021-04-15 09:39:39,699.35,562845
2021-04-15 09:39:40,699.1,562986
2021-04-15 09:39:41,699.1,562996
2021-04-15 09:39:42,699.4,563179
2021-04-15 09:39:43,699.4,563179
2021-04-15 09:39:45,699.15,563182
2021-04-15 09:39:45,699.35,563193
2021-04-15 09:39:47,699.35,563193
2021-04-15 09:39:48,699.35,563193
2021-04-15 09:39:48,699.4,563243
2021-04-15 09:39:49,700.0,564346
2021-04-15 09:39:50,699.65,564376
2021-04-15 09:39:51,699.65,564398
2021-04-15 09:39:52,699.65,564398
2021-04-15 09:39:53,699.65,564398
2021-04-15 09:39:54,699.45,564400
2021-04-15 09:39:55,699.45,564400
2021-04-15 09:39:56,699.45,564401
2021-04-15 09:39:58,699.75,565553
2021-04-15 09:39:59,699.7,565583
2021-04-15 09:40:00,699.65,565636
2021-04-15 09:40:01,699.65,565636
2021-04-15 09:40:02,699.8,565786
2021-04-15 09:40:03,699.5,565911
2021-04-15 09:40:05,699.5,565911
2021-04-15 09:40:06,699.65,565951
2021-04-15 09:40:07,699.35,566103
2021-04-15 09:40:08,699.35,566104
2021-04-15 09:40:09,699.25,566112
2021-04-15 09:40:09,699.25,566112
2021-04-15 09:40:11,699.25,566112
2021-04-15 09:40:12,699.2,566147
2021-04-15 09:40:13,699.5,566150
2021-04-15 09:40:14,699.5,566150
2021-04-15 09:40:15,699.15,566189
2021-04-15 09:40:16,699.5,566232
2021-04-15 09:40:17,699.5,566265
2021-04-15 09:40:18,699.6,566371
2021-04-15 09:40:18,699.6,566371
2021-04-15 09:40:19,699.35,566402
2021-04-15 09:40:20,699.6,566418
2021-04-15 09:40:21,699.55,566442
2021-04-15 09:40:23,699.5,566489
2021-04-15 09:40:24,700.0,568115
2021-04-15 09:40:25,699.7,570404
2021-04-15 09:40:26,699.25,570457
2021-04-15 09:40:27,699.25,570461
2021-04-15 09:40:28,699.25,570571
2021-04-15 09:40:29,699.3,570576
2021-04-15 09:40:30,699.3,570576
2021-04-15 09:40:30,699.3,570577
2021-04-15 09:40:32,699.5,571236
2021-04-15 09:40:32,699.5,571236
2021-04-15 09:40:33,699.55,571388
2021-04-15 09:40:34,699.55,571388
2021-04-15 09:40:36,699.55,571388
2021-04-15 09:40:37,699.55,571388
2021-04-15 09:40:38,699.55,571388
2021-04-15 09:40:39,699.9,571393
2021-04-15 09:40:40,699.75,571419
2021-04-15 09:40:41,699.6,571548
2021-04-15 09:40:42,699.55,571720
2021-04-15 09:40:43,699.55,571747
2021-04-15 09:40:43,699.8,571748
2021-04-15 09:40:44,699.8,571758
2021-04-15 09:40:46,699.55,571763
2021-04-15 09:40:49,699.55,571837
2021-04-15 09:40:49,699.9,572037
2021-04-15 09:40:52,699.55,572168
2021-04-15 09:40:53,699.55,572211
2021-04-15 09:40:55,699.55,572217
2021-04-15 09:40:56,699.55,572243
2021-04-15 09:40:57,699.55,572248
2021-04-15 09:40:58,700.0,573421
2021-04-15 09:40:59,700.0,573459
2021-04-15 09:41:00,700.0,573459
2021-04-15 09:41:01,699.65,573502
2021-04-15 09:41:01,699.85,573500
2021-04-15 09:41:04,699.6,573642
2021-04-15 09:41:04,700.15,573677
2021-04-15 09:41:06,700.2,573727
2021-04-15 09:41:07,700.15,573734
2021-04-15 09:41:07,700.15,573734
2021-04-15 09:41:09,700.0,573964
2021-04-15 09:41:10,700.0,574247
2021-04-15 09:41:11,700.0,574298
2021-04-15 09:41:11,700.0,574298
2021-04-15 09:41:12,700.0,574298
2021-04-15 09:41:14,700.15,574299
2021-04-15 09:41:15,700.15,574299
2021-04-15 09:41:16,700.1,574409
2021-04-15 09:41:17,700.15,574430
2021-04-15 09:41:19,700.4,574435
2021-04-15 09:41:20,700.15,574461
2021-04-15 09:41:21,700.1,574530
2021-04-15 09:41:22,700.5,574554
2021-04-15 09:41:23,700.1,574556
2021-04-15 09:41:23,700.1,574556
2021-04-15 09:41:25,700.1,574616
2021-04-15 09:41:26,700.15,574645
2021-04-15 09:41:26,700.1,574653
2021-04-15 09:41:28,700.1,574754
2021-04-15 09:41:29,700.15,574781
2021-04-15 09:41:30,700.7,575108
2021-04-15 09:41:30,700.5,575163
2021-04-15 09:41:32,700.45,575289
2021-04-15 09:41:33,700.45,575311
2021-04-15 09:41:34,700.45,575363
2021-04-15 09:41:35,700.45,575693
2021-04-15 09:41:36,700.6,575751
2021-04-15 09:41:36,700.6,575751
2021-04-15 09:41:38,700.55,575752
2021-04-15 09:41:39,700.5,575779
2021-04-15 09:41:40,701.0,576995
2021-04-15 09:41:41,701.0,577308
2021-04-15 09:41:42,700.8,577327
2021-04-15 09:41:42,700.6,577326
2021-04-15 09:41:43,700.8,577327
2021-04-15 09:41:45,700.25,578244
2021-04-15 09:41:46,700.3,578906
2021-04-15 09:41:47,700.3,578994
2021-04-15 09:41:48,700.65,579094
2021-04-15 09:41:50,700.25,579118
2021-04-15 09:41:51,700.8,579234
2021-04-15 09:41:52,700.5,579254
2021-04-15 09:41:52,700.5,579254
2021-04-15 09:41:53,700.5,579254
2021-04-15 09:41:54,700.3,579456
2021-04-15 09:41:55,700.8,579481
2021-04-15 09:41:56,700.5,579493
2021-04-15 09:41:57,700.55,579574
2021-04-15 09:41:59,700.55,579588
2021-04-15 09:42:00,700.55,579588
2021-04-15 09:42:01,700.6,579639
2021-04-15 09:42:02,700.5,579835
2021-04-15 09:42:02,700.5,579807
2021-04-15 09:42:04,700.5,579836
2021-04-15 09:42:05,700.5,579837
2021-04-15 09:42:06,700.5,579837
2021-04-15 09:42:07,700.6,579953
2021-04-15 09:42:08,700.65,580032
2021-04-15 09:42:09,700.75,580052
2021-04-15 09:42:10,700.55,580180
2021-04-15 09:42:11,700.8,580244
2021-04-15 09:42:13,701.05,581896
2021-04-15 09:42:12,701.0,581735
2021-04-15 09:42:14,701.05,581896
2021-04-15 09:42:15,701.1,582070
2021-04-15 09:42:16,701.1,582297
2021-04-15 09:42:17,701.1,582379
2021-04-15 09:42:18,701.1,582386
2021-04-15 09:42:19,701.0,584042
2021-04-15 09:42:20,700.65,584684
2021-04-15 09:42:21,700.95,584977
2021-04-15 09:42:22,700.55,585076
2021-04-15 09:42:24,700.8,585095
2021-04-15 09:42:25,700.8,585095
2021-04-15 09:42:27,700.8,585096
2021-04-15 09:42:28,700.55,585097
2021-04-15 09:42:29,700.8,585103
2021-04-15 09:42:30,700.65,585104
2021-04-15 09:42:31,700.8,585146
2021-04-15 09:42:32,700.8,585153
2021-04-15 09:42:33,700.8,585153
2021-04-15 09:42:34,700.8,585153
2021-04-15 09:42:35,700.8,585154
2021-04-15 09:42:36,700.85,585194
2021-04-15 09:42:37,700.8,585394
2021-04-15 09:42:38,700.9,585664
2021-04-15 09:42:39,700.55,586030
2021-04-15 09:42:40,700.55,586487
2021-04-15 09:42:41,700.55,586558
2021-04-15 09:42:42,700.85,586633
2021-04-15 09:42:44,700.55,586645
2021-04-15 09:42:43,700.55,586645
2021-04-15 09:42:45,700.55,586645
2021-04-15 09:42:46,700.8,586690
2021-04-15 09:42:47,700.55,586699
2021-04-15 09:42:48,700.55,586767
2021-04-15 09:42:49,700.55,586779
2021-04-15 09:42:50,700.55,586779
2021-04-15 09:42:51,700.9,586869
2021-04-15 09:42:52,700.55,586885
2021-04-15 09:42:54,700.55,587071
2021-04-15 09:42:53,700.55,587031
2021-04-15 09:42:55,700.55,587088
2021-04-15 09:42:57,700.55,587168
2021-04-15 09:42:58,700.55,587183
2021-04-15 09:42:59,700.55,587185
2021-04-15 09:43:00,700.55,587245
2021-04-15 09:43:01,700.55,587367
2021-04-15 09:43:02,700.55,587463
2021-04-15 09:43:03,700.85,587481
2021-04-15 09:43:04,700.85,587481
2021-04-15 09:43:05,700.55,587482
2021-04-15 09:43:06,700.55,587483
2021-04-15 09:43:07,700.9,587500
2021-04-15 09:43:08,700.55,587504
2021-04-15 09:43:09,700.85,587519
2021-04-15 09:43:10,700.8,587522
2021-04-15 09:43:11,701.0,587591
2021-04-15 09:43:12,701.0,587608
2021-04-15 09:43:13,700.8,587643
2021-04-15 09:43:14,700.65,587664
2021-04-15 09:43:15,700.65,587664
2021-04-15 09:43:16,700.65,587666
2021-04-15 09:43:17,700.65,587709
2021-04-15 09:43:18,700.65,587709
2021-04-15 09:43:19,700.8,587824
2021-04-15 09:43:20,700.55,587842
2021-04-15 09:43:21,700.8,587897
2021-04-15 09:43:22,700.8,587897
2021-04-15 09:43:23,700.55,587906
2021-04-15 09:43:24,700.55,587906
2021-04-15 09:43:25,700.8,587907
2021-04-15 09:43:26,700.6,587908
2021-04-15 09:43:28,700.6,588019
2021-04-15 09:43:29,700.75,588044
2021-04-15 09:43:30,700.75,588104
2021-04-15 09:43:31,700.6,588156
2021-04-15 09:43:32,700.6,588194
2021-04-15 09:43:34,700.85,588219
2021-04-15 09:43:35,700.6,588222
2021-04-15 09:43:36,700.8,588303
2021-04-15 09:43:38,700.6,588318
2021-04-15 09:43:41,700.9,588949
2021-04-15 09:43:42,700.9,588950
2021-04-15 09:43:43,700.9,588971
2021-04-15 09:43:44,700.9,588975
2021-04-15 09:43:45,700.8,588978
2021-04-15 09:43:46,701.2,588983
2021-04-15 09:43:47,701.25,589049
2021-04-15 09:43:48,701.0,589051
2021-04-15 09:43:49,700.8,589112
2021-04-15 09:43:51,701.2,589915
2021-04-15 09:43:50,700.6,589749
2021-04-15 09:43:52,701.0,589943
2021-04-15 09:43:53,701.25,589977
2021-04-15 09:43:54,701.0,589982
2021-04-15 09:43:55,701.0,589982
2021-04-15 09:43:56,701.0,590282
2021-04-15 09:43:57,700.8,591251
2021-04-15 09:43:58,700.8,591325
2021-04-15 09:43:59,700.8,591325
2021-04-15 09:44:00,700.35,591443
2021-04-15 09:44:01,700.75,591548
2021-04-15 09:44:02,700.4,591566
2021-04-15 09:44:03,700.8,591776
2021-04-15 09:44:04,700.5,591832
2021-04-15 09:44:05,700.4,591835
2021-04-15 09:44:06,700.35,592295
2021-04-15 09:44:07,700.35,592377
2021-04-15 09:44:08,700.35,592378
2021-04-15 09:44:09,700.5,592382
2021-04-15 09:44:10,700.7,592392
2021-04-15 09:44:12,700.25,592400
2021-04-15 09:44:11,700.4,592399
2021-04-15 09:44:13,700.55,592407
2021-04-15 09:44:14,700.55,592410
2021-04-15 09:44:15,700.2,592411
2021-04-15 09:44:16,700.2,592456
2021-04-15 09:44:17,700.6,592484
2021-04-15 09:44:18,700.2,592505
2021-04-15 09:44:19,700.2,592505
2021-04-15 09:44:20,700.2,592505
2021-04-15 09:44:21,700.6,593195
2021-04-15 09:44:22,700.6,593317
2021-04-15 09:44:23,700.6,593317
2021-04-15 09:44:25,700.6,593317
2021-04-15 09:44:25,701.0,593387
2021-04-15 09:44:26,701.0,593399
2021-04-15 09:44:27,701.0,593405
2021-04-15 09:44:28,701.0,593416
2021-04-15 09:44:29,701.0,593438
2021-04-15 09:44:30,701.2,593744
2021-04-15 09:44:31,700.9,593798
2021-04-15 09:44:33,701.0,593799
2021-04-15 09:44:34,700.85,593809
2021-04-15 09:44:34,701.1,593808
2021-04-15 09:44:35,701.6,594438
2021-04-15 09:44:36,701.65,594475
2021-04-15 09:44:37,701.6,594610
2021-04-15 09:44:39,701.6,594617
2021-04-15 09:44:39,701.6,594617
2021-04-15 09:44:40,701.6,595582
2021-04-15 09:44:41,701.55,595753
2021-04-15 09:44:42,701.55,595753
2021-04-15 09:44:43,701.8,597000
2021-04-15 09:44:44,701.8,597359
2021-04-15 09:44:45,701.8,597384
2021-04-15 09:44:46,701.95,597464
2021-04-15 09:44:48,702.2,597729
2021-04-15 09:44:49,701.35,597846
2021-04-15 09:44:49,701.25,597879
2021-04-15 09:44:50,701.25,598011
2021-04-15 09:44:51,701.0,598045
2021-04-15 09:44:52,701.25,598083
2021-04-15 09:44:54,701.15,598090
2021-04-15 09:44:55,701.0,598119
2021-04-15 09:44:55,701.0,598124
2021-04-15 09:44:56,701.0,598124
2021-04-15 09:44:57,701.0,598124
2021-04-15 09:44:58,701.0,598124
2021-04-15 09:44:59,701.0,598279
2021-04-15 09:45:01,700.85,598325
2021-04-15 09:45:01,701.0,598322
2021-04-15 09:45:03,701.0,598375
2021-04-15 09:45:04,701.25,598381
2021-04-15 09:45:05,701.0,598539
2021-04-15 09:45:06,701.0,598672
2021-04-15 09:45:07,700.95,598690
2021-04-15 09:45:08,701.35,598691
2021-04-15 09:45:10,701.35,598691
2021-04-15 09:45:11,701.4,598696
2021-04-15 09:45:11,701.1,598697
2021-04-15 09:45:12,701.4,598747
2021-04-15 09:45:13,701.35,600328
2021-04-15 09:45:15,701.05,600606
2021-04-15 09:45:15,701.05,600606
2021-04-15 09:45:16,701.35,600667
2021-04-15 09:45:17,701.0,600678
2021-04-15 09:45:18,701.0,600678
2021-04-15 09:45:19,701.2,600688
2021-04-15 09:45:21,701.2,600690
2021-04-15 09:45:22,701.25,600747
2021-04-15 09:45:23,701.6,600772
2021-04-15 09:45:23,701.7,600775
2021-04-15 09:45:24,702.0,600786
2021-04-15 09:45:25,701.7,600787
2021-04-15 09:45:26,702.5,601460
2021-04-15 09:45:28,701.75,602639
2021-04-15 09:45:28,701.8,602851
2021-04-15 09:45:29,702.15,602885
2021-04-15 09:45:30,701.6,602961
2021-04-15 09:45:32,701.6,602981
2021-04-15 09:45:33,701.6,602983
2021-04-15 09:45:34,702.15,603033
2021-04-15 09:45:35,701.7,603081
2021-04-15 09:45:37,701.65,603233
2021-04-15 09:45:37,701.6,603260
2021-04-15 09:45:38,701.6,603260
2021-04-15 09:45:39,701.75,603377
2021-04-15 09:45:40,701.8,603413
2021-04-15 09:45:41,701.6,603448
2021-04-15 09:45:43,701.45,603467
2021-04-15 09:45:43,701.45,603917
2021-04-15 09:45:44,701.35,603951
2021-04-15 09:45:45,701.5,604037
2021-04-15 09:45:46,701.3,604044
2021-04-15 09:45:47,701.5,604094
2021-04-15 09:45:48,701.25,604178
2021-04-15 09:45:50,701.7,605193
2021-04-15 09:45:51,701.3,605194
2021-04-15 09:45:51,701.3,605194
2021-04-15 09:45:52,701.3,605194
2021-04-15 09:45:53,701.2,605470
2021-04-15 09:45:54,701.55,605562
2021-04-15 09:45:56,701.55,605826
2021-04-15 09:45:57,701.55,605826
2021-04-15 09:45:57,701.25,605866
2021-04-15 09:45:58,701.2,605875
2021-04-15 09:45:59,701.2,605879
2021-04-15 09:46:00,701.25,605921
2021-04-15 09:46:01,701.25,605993
2021-04-15 09:46:02,701.55,606197
2021-04-15 09:46:03,701.55,606302
2021-04-15 09:46:04,701.55,606362
2021-04-15 09:46:05,701.7,606677
2021-04-15 09:46:06,701.2,606761
2021-04-15 09:46:07,701.2,606786
2021-04-15 09:46:08,701.2,606786
2021-04-15 09:46:10,701.0,606809
2021-04-15 09:46:10,701.05,606813
2021-04-15 09:46:11,701.55,607069
2021-04-15 09:46:12,701.05,607128
2021-04-15 09:46:13,701.0,607152
2021-04-15 09:46:14,701.0,607197
2021-04-15 09:46:15,700.6,609254
2021-04-15 09:46:16,700.0,611647
2021-04-15 09:46:17,700.0,612000
2021-04-15 09:46:18,700.0,612000
2021-04-15 09:46:19,700.0,612000
2021-04-15 09:46:20,700.0,612000
2021-04-15 09:46:21,700.1,612001
2021-04-15 09:46:22,700.1,612067
2021-04-15 09:46:23,700.15,612079
2021-04-15 09:46:24,700.15,612079
2021-04-15 09:46:25,700.45,612087
2021-04-15 09:46:26,700.3,612118
2021-04-15 09:46:29,700.5,612134
2021-04-15 09:46:32,700.5,612135
2021-04-15 09:46:33,700.5,612185
2021-04-15 09:46:34,700.65,612339
2021-04-15 09:46:35,700.25,612440
2021-04-15 09:46:36,700.25,612490
2021-04-15 09:46:36,700.15,612553
2021-04-15 09:46:37,700.45,612577
2021-04-15 09:46:39,700.2,612590
2021-04-15 09:46:40,700.2,612613
2021-04-15 09:46:41,700.05,612616
2021-04-15 09:46:42,700.0,612726
2021-04-15 09:46:44,700.0,612747
2021-04-15 09:46:45,700.0,612837
2021-04-15 09:46:46,700.0,612859
2021-04-15 09:46:47,700.2,612924
2021-04-15 09:46:47,700.0,612860
2021-04-15 09:46:48,700.2,612935
2021-04-15 09:46:49,700.0,613035
2021-04-15 09:46:50,700.05,613053
2021-04-15 09:46:51,700.1,613058
2021-04-15 09:46:52,700.1,613059
2021-04-15 09:46:53,700.0,613228
2021-04-15 09:46:54,700.5,613298
2021-04-15 09:46:55,700.0,613340
2021-04-15 09:46:57,700.0,613382
2021-04-15 09:46:58,700.0,613437
2021-04-15 09:46:59,700.0,613446
2021-04-15 09:47:00,700.25,613448
2021-04-15 09:47:02,700.0,613459
2021-04-15 09:47:03,700.0,613459
2021-04-15 09:47:04,700.25,613468
2021-04-15 09:47:04,700.2,613471
2021-04-15 09:47:05,700.0,613472
2021-04-15 09:47:06,700.25,613493
2021-04-15 09:47:07,700.0,613496
2021-04-15 09:47:08,700.25,613535
2021-04-15 09:47:09,700.0,613558
2021-04-15 09:47:10,700.25,613600
2021-04-15 09:47:11,700.0,613707
2021-04-15 09:47:13,700.0,613740
2021-04-15 09:47:14,700.0,613751
2021-04-15 09:47:14,700.0,613753
2021-04-15 09:47:15,700.0,613753
2021-04-15 09:47:17,700.0,613753
2021-04-15 09:47:18,700.0,613753
2021-04-15 09:47:19,700.25,613782
2021-04-15 09:47:19,700.0,613787
2021-04-15 09:47:20,700.0,613787
2021-04-15 09:47:21,700.0,613787
2021-04-15 09:47:23,700.25,613801
2021-04-15 09:47:24,700.0,613809
2021-04-15 09:47:25,700.2,613824
2021-04-15 09:47:26,700.0,613827
2021-04-15 09:47:27,699.85,613957
2021-04-15 09:47:27,699.85,613957
2021-04-15 09:47:28,699.8,614003
2021-04-15 09:47:29,699.8,614007
2021-04-15 09:47:30,699.8,614007
2021-04-15 09:47:32,700.0,614021
2021-04-15 09:47:33,700.0,614543
2021-04-15 09:47:34,699.8,614702
2021-04-15 09:47:35,699.8,614715
2021-04-15 09:47:36,699.7,614735
2021-04-15 09:47:36,699.95,614732
2021-04-15 09:47:37,699.95,614770
2021-04-15 09:47:38,699.75,614880
2021-04-15 09:47:39,699.95,615277
2021-04-15 09:47:40,699.75,615296
2021-04-15 09:47:41,699.75,615299
2021-04-15 09:47:42,699.65,615311
2021-04-15 09:47:43,699.65,615313
2021-04-15 09:47:44,699.7,616076
2021-04-15 09:47:47,699.35,616324
2021-04-15 09:47:48,699.2,616351
2021-04-15 09:47:49,699.2,616454
2021-04-15 09:47:50,699.25,616484
2021-04-15 09:47:51,699.55,616599
2021-04-15 09:47:51,699.25,616615
2021-04-15 09:47:52,699.25,616615
2021-04-15 09:47:53,699.25,616620
2021-04-15 09:47:54,699.25,616633
2021-04-15 09:47:55,699.25,616639
2021-04-15 09:47:57,699.25,616664
2021-04-15 09:47:58,699.15,616668
2021-04-15 09:47:59,699.25,616856
2021-04-15 09:48:00,699.2,617249
2021-04-15 09:48:01,699.15,617456
2021-04-15 09:48:02,699.0,618342
2021-04-15 09:48:02,699.05,618211
2021-04-15 09:48:03,699.4,618361
2021-04-15 09:48:05,699.2,618370
2021-04-15 09:48:07,699.55,618621
2021-04-15 09:48:08,699.55,618876
2021-04-15 09:48:09,699.7,618980
2021-04-15 09:48:10,699.3,618989
2021-04-15 09:48:11,699.3,618989
2021-04-15 09:48:11,699.3,618989
2021-04-15 09:48:12,699.4,618995
2021-04-15 09:48:13,699.4,619013
2021-04-15 09:48:15,699.4,619071
2021-04-15 09:48:17,699.55,619099
2021-04-15 09:48:18,699.55,619099
2021-04-15 09:48:18,699.4,619129
2021-04-15 09:48:19,699.35,619435
2021-04-15 09:48:20,699.55,619488
2021-04-15 09:48:21,699.55,619588
2021-04-15 09:48:22,699.55,619635
2021-04-15 09:48:24,699.55,619684
2021-04-15 09:48:25,699.55,619684
2021-04-15 09:48:26,699.55,619741
2021-04-15 09:48:27,699.55,619780
2021-04-15 09:48:27,699.55,619785
2021-04-15 09:48:28,699.3,620785
2021-04-15 09:48:29,699.3,620963
2021-04-15 09:48:31,699.2,621101
2021-04-15 09:48:32,699.55,621226
2021-04-15 09:48:33,699.2,621244
2021-04-15 09:48:34,699.2,621356
2021-04-15 09:48:35,699.0,622176
2021-04-15 09:48:36,699.35,622333
2021-04-15 09:48:36,699.35,622333
2021-04-15 09:48:37,699.0,622338
2021-04-15 09:48:38,699.0,622454
2021-04-15 09:48:39,699.0,622474
2021-04-15 09:48:41,699.0,622474
2021-04-15 09:48:42,699.0,622476
2021-04-15 09:48:43,699.0,622607
2021-04-15 09:48:44,699.25,622631
2021-04-15 09:48:44,699.3,622682
2021-04-15 09:48:45,699.3,622725
2021-04-15 09:48:46,699.05,622879
2021-04-15 09:48:47,699.05,622905
2021-04-15 09:48:49,699.0,623098
2021-04-15 09:48:50,698.8,623474
2021-04-15 09:48:51,698.9,623535
2021-04-15 09:48:52,698.9,623535
2021-04-15 09:48:53,698.55,623735
2021-04-15 09:48:53,698.55,623735
2021-04-15 09:48:55,698.9,623820
2021-04-15 09:48:56,698.55,623938
2021-04-15 09:48:57,698.95,623993
2021-04-15 09:48:58,698.95,624103
2021-04-15 09:48:58,698.9,624108
2021-04-15 09:48:59,698.55,624127
2021-04-15 09:49:01,698.55,625298
2021-04-15 09:49:02,698.1,625689
2021-04-15 09:49:03,698.05,626269
2021-04-15 09:49:04,698.1,626473
2021-04-15 09:49:05,698.4,626622
2021-04-15 09:49:05,698.4,626622
2021-04-15 09:49:06,698.45,626743
2021-04-15 09:49:08,698.5,627003
2021-04-15 09:49:09,698.0,627805
2021-04-15 09:49:10,698.0,628041
2021-04-15 09:49:11,698.4,628081
2021-04-15 09:49:12,698.35,628185
2021-04-15 09:49:13,698.0,628203
2021-04-15 09:49:14,698.35,628303
2021-04-15 09:49:14,698.3,628413
2021-04-15 09:49:15,698.0,629868
2021-04-15 09:49:16,698.0,630122
2021-04-15 09:49:18,698.0,630122
2021-04-15 09:49:19,698.35,630123
2021-04-15 09:49:20,698.35,630123
2021-04-15 09:49:21,698.0,630143
2021-04-15 09:49:22,698.3,630236
2021-04-15 09:49:22,698.0,630266
2021-04-15 09:49:23,698.0,630288
2021-04-15 09:49:24,698.0,630288
2021-04-15 09:49:25,698.0,630288
2021-04-15 09:49:26,698.35,630458
2021-04-15 09:49:28,698.35,630517
2021-04-15 09:49:29,698.0,630577
2021-04-15 09:49:30,698.0,630939
2021-04-15 09:49:32,697.65,632566
2021-04-15 09:49:33,697.65,632814
2021-04-15 09:49:34,697.85,633187
2021-04-15 09:49:37,697.5,637831
2021-04-15 09:49:38,697.3,637931
2021-04-15 09:49:39,697.1,638224
2021-04-15 09:49:40,697.1,638932
2021-04-15 09:49:41,697.55,639554
2021-04-15 09:49:42,697.65,639954
2021-04-15 09:49:43,697.65,640146
2021-04-15 09:49:44,697.95,640299
2021-04-15 09:49:44,697.7,640322
2021-04-15 09:49:45,698.05,640785
2021-04-15 09:49:46,697.75,640866
2021-04-15 09:49:47,697.75,640876
2021-04-15 09:49:48,698.05,640941
2021-04-15 09:49:50,698.05,641092
2021-04-15 09:49:51,698.4,643367
2021-04-15 09:49:52,698.4,643775
2021-04-15 09:49:53,698.55,646603
2021-04-15 09:49:54,698.65,647212
2021-04-15 09:49:55,698.65,647247
2021-04-15 09:49:55,698.35,647300
2021-04-15 09:49:56,698.35,647309
2021-04-15 09:49:57,698.85,647730
2021-04-15 09:49:59,698.55,647814
2021-04-15 09:50:00,698.55,647814
2021-04-15 09:50:01,698.55,647889
2021-04-15 09:50:03,698.8,648047
2021-04-15 09:50:04,698.25,648323
2021-04-15 09:50:05,698.25,648368
2021-04-15 09:50:06,698.05,648419
2021-04-15 09:50:07,698.05,648429
2021-04-15 09:50:08,698.4,648433
2021-04-15 09:50:09,698.05,648454
2021-04-15 09:50:10,698.05,648457
2021-04-15 09:50:11,698.05,648533
2021-04-15 09:50:12,698.0,648701
2021-04-15 09:50:13,698.05,648730
2021-04-15 09:50:15,698.05,648730
2021-04-15 09:50:16,698.35,648906
2021-04-15 09:50:17,698.05,648926
2021-04-15 09:50:18,698.05,648926
2021-04-15 09:50:19,698.4,649015
2021-04-15 09:50:20,698.0,649030
2021-04-15 09:50:21,698.0,649060
2021-04-15 09:50:21,698.0,649066
2021-04-15 09:50:22,698.0,649266
2021-04-15 09:50:24,698.35,649311
2021-04-15 09:50:25,698.0,649313
2021-04-15 09:50:26,698.35,649316
2021-04-15 09:50:27,698.35,649316
2021-04-15 09:50:28,698.05,649396
2021-04-15 09:50:29,698.05,649412
2021-04-15 09:50:30,698.55,649766
2021-04-15 09:50:31,698.55,649853
2021-04-15 09:50:32,698.55,649857
2021-04-15 09:50:32,698.55,649857
2021-04-15 09:50:33,698.55,649857
2021-04-15 09:50:36,698.75,650013
2021-04-15 09:50:37,698.4,650023
2021-04-15 09:50:38,698.4,650023
2021-04-15 09:50:38,698.4,650023
2021-04-15 09:50:39,698.15,650024
2021-04-15 09:50:40,698.5,650025
2021-04-15 09:50:42,698.15,650036
2021-04-15 09:50:43,698.15,650039
2021-04-15 09:50:44,698.15,650040
2021-04-15 09:50:45,698.15,650040
2021-04-15 09:50:46,698.2,650145
2021-04-15 09:50:47,698.1,650516
2021-04-15 09:50:48,698.15,650519
2021-04-15 09:50:49,698.15,650520
2021-04-15 09:50:49,698.0,650579
2021-04-15 09:50:50,698.0,650652
2021-04-15 09:50:52,698.0,650840
2021-04-15 09:50:53,698.0,650886
2021-04-15 09:50:54,698.0,650888
2021-04-15 09:50:55,697.75,652301
2021-04-15 09:50:57,697.4,652598
2021-04-15 09:50:58,697.3,653037
2021-04-15 09:50:58,697.3,653114
2021-04-15 09:50:59,697.65,653164
2021-04-15 09:51:01,697.35,653174
2021-04-15 09:51:02,697.35,653174
2021-04-15 09:51:03,697.35,653174
2021-04-15 09:51:04,697.35,653275
2021-04-15 09:51:05,697.3,653371
2021-04-15 09:51:06,697.35,653387
2021-04-15 09:51:07,697.55,653609
2021-04-15 09:51:08,697.25,653671
2021-04-15 09:51:08,697.6,653668
2021-04-15 09:51:09,697.25,653676
2021-04-15 09:51:10,697.55,653680
2021-04-15 09:51:12,697.55,653680
2021-04-15 09:51:13,697.2,653695
2021-04-15 09:51:14,697.2,653698
2021-04-15 09:51:15,697.35,653700
2021-04-15 09:51:16,697.5,653704
2021-04-15 09:51:16,697.5,653704
2021-04-15 09:51:18,697.7,653714
2021-04-15 09:51:19,697.5,653726
2021-04-15 09:51:20,697.2,653744
2021-04-15 09:51:21,697.35,653754
2021-04-15 09:51:22,697.2,653805
2021-04-15 09:51:23,697.7,654905
2021-04-15 09:51:25,697.05,655485
2021-04-15 09:51:25,697.05,655698
2021-04-15 09:51:27,697.05,655726
2021-04-15 09:51:28,697.45,655728
2021-04-15 09:51:30,697.2,655734
2021-04-15 09:51:31,697.5,655735
2021-04-15 09:51:32,697.2,655736
2021-04-15 09:51:33,697.2,655736
2021-04-15 09:51:34,697.2,655746
2021-04-15 09:51:35,697.5,655757
2021-04-15 09:51:36,697.5,655775
2021-04-15 09:51:37,697.5,655798
2021-04-15 09:51:38,697.45,655802
2021-04-15 09:51:39,697.0,655945
2021-04-15 09:51:40,697.4,656084
2021-04-15 09:51:41,697.05,656125
2021-04-15 09:51:42,697.05,656128
2021-04-15 09:51:43,697.35,656184
2021-04-15 09:51:44,697.0,656194
2021-04-15 09:51:45,697.0,656194
2021-04-15 09:51:46,697.0,656414
2021-04-15 09:51:47,697.0,656453
2021-04-15 09:51:48,697.0,656678
2021-04-15 09:51:48,697.0,656718
2021-04-15 09:51:50,697.05,656819
2021-04-15 09:51:51,697.05,656836
2021-04-15 09:51:52,697.0,663768
2021-04-15 09:51:53,696.95,663787
2021-04-15 09:51:54,696.35,664063
2021-04-15 09:51:55,696.75,664105
2021-04-15 09:51:56,696.45,665099
2021-04-15 09:51:57,696.45,665802
2021-04-15 09:51:58,696.45,665892
2021-04-15 09:51:59,696.45,667501
2021-04-15 09:52:00,696.35,667669
2021-04-15 09:52:01,696.35,667887
2021-04-15 09:52:03,696.6,668491
2021-04-15 09:52:04,696.5,668611
2021-04-15 09:52:05,696.7,670011
2021-04-15 09:52:06,696.4,670229
2021-04-15 09:52:07,696.6,670334
2021-04-15 09:52:08,696.35,670412
2021-04-15 09:52:09,696.35,670470
2021-04-15 09:52:10,696.35,670478
2021-04-15 09:52:11,696.65,670479
2021-04-15 09:52:12,696.8,671479
2021-04-15 09:52:13,696.4,671775
2021-04-15 09:52:14,696.75,671798
2021-04-15 09:52:15,696.25,672050
2021-04-15 09:52:16,696.6,672100
2021-04-15 09:52:17,696.25,672141
2021-04-15 09:52:18,696.15,672229
2021-04-15 09:52:19,696.5,673408
2021-04-15 09:52:19,696.55,673613
2021-04-15 09:52:22,696.6,674218
2021-04-15 09:52:23,696.95,674238
2021-04-15 09:52:24,696.95,674443
2021-04-15 09:52:25,696.55,674519
2021-04-15 09:52:26,696.85,674527
2021-04-15 09:52:27,696.4,674927
2021-04-15 09:52:28,696.75,675198
2021-04-15 09:52:29,696.7,675234
2021-04-15 09:52:30,696.8,675334
2021-04-15 09:52:31,696.95,676444
2021-04-15 09:52:32,696.55,678954
2021-04-15 09:52:32,696.55,678954
2021-04-15 09:52:33,696.55,678997
2021-04-15 09:52:35,696.9,679409
2021-04-15 09:52:36,696.45,679503
2021-04-15 09:52:37,696.5,679534
2021-04-15 09:52:38,697.4,682177
2021-04-15 09:52:39,697.25,682663
2021-04-15 09:52:40,697.0,682823
2021-04-15 09:52:41,697.1,682851
2021-04-15 09:52:42,697.05,682875
2021-04-15 09:52:43,697.0,682930
2021-04-15 09:52:44,696.95,682935
2021-04-15 09:52:45,696.95,682936
2021-04-15 09:52:46,697.75,687719
2021-04-15 09:52:47,697.75,688812
2021-04-15 09:52:48,697.9,688848
2021-04-15 09:52:49,697.55,688861
2021-04-15 09:52:50,697.55,688864
2021-04-15 09:52:50,697.55,688864
2021-04-15 09:52:51,697.55,688889
2021-04-15 09:52:52,697.55,688893
2021-04-15 09:52:54,697.85,688913
2021-04-15 09:52:55,697.55,688946
2021-04-15 09:52:56,697.75,689132
2021-04-15 09:52:57,697.75,689132
2021-04-15 09:52:58,697.55,689189
2021-04-15 09:52:59,697.75,689291
2021-04-15 09:53:00,697.45,690252
2021-04-15 09:53:01,697.25,691385
2021-04-15 09:53:02,696.95,691579
2021-04-15 09:53:03,696.95,691587
2021-04-15 09:53:04,697.25,691702
2021-04-15 09:53:05,697.05,691706
2021-04-15 09:53:06,697.45,691709
2021-04-15 09:53:07,697.45,691710
2021-04-15 09:53:08,697.5,691761
2021-04-15 09:53:09,697.1,691810
2021-04-15 09:53:10,697.1,691818
2021-04-15 09:53:12,697.95,694251
2021-04-15 09:53:13,698.0,695431
2021-04-15 09:53:14,697.55,695656
2021-04-15 09:53:15,697.55,695804
2021-04-15 09:53:16,697.6,695834
2021-04-15 09:53:17,698.0,695865
2021-04-15 09:53:18,697.65,695969
2021-04-15 09:53:19,697.9,696004
2021-04-15 09:53:20,697.9,696019
2021-04-15 09:53:21,697.9,696024
2021-04-15 09:53:22,697.9,696025
2021-04-15 09:53:23,697.55,696026
2021-04-15 09:53:24,697.55,696036
2021-04-15 09:53:25,697.65,696067
2021-04-15 09:53:26,697.7,696109
2021-04-15 09:53:27,697.6,696125
2021-04-15 09:53:28,697.6,696127
2021-04-15 09:53:29,697.9,696177
2021-04-15 09:53:30,697.55,696263
2021-04-15 09:53:31,697.55,696276
2021-04-15 09:53:32,697.6,696284
2021-04-15 09:53:33,697.6,696289
2021-04-15 09:53:34,697.85,696349
2021-04-15 09:53:35,697.85,696360
2021-04-15 09:53:36,698.0,696390
2021-04-15 09:53:38,697.85,696513
2021-04-15 09:53:37,697.85,696495
2021-04-15 09:53:39,697.9,696563
2021-04-15 09:53:40,697.85,696616
2021-04-15 09:53:41,697.85,696624
2021-04-15 09:53:42,697.85,696624
2021-04-15 09:53:43,697.9,696649
2021-04-15 09:53:44,698.0,696965
2021-04-15 09:53:45,697.85,697020
2021-04-15 09:53:46,697.85,697240
2021-04-15 09:53:47,698.0,697379
2021-04-15 09:53:48,697.85,697396
2021-04-15 09:53:49,698.0,697406
2021-04-15 09:53:50,697.85,697410
2021-04-15 09:53:51,697.85,697410
2021-04-15 09:53:52,698.0,697421
2021-04-15 09:53:53,697.9,697423
2021-04-15 09:53:54,697.9,697423
2021-04-15 09:53:55,697.9,697423
2021-04-15 09:53:57,698.0,697464
2021-04-15 09:53:58,697.9,697471
2021-04-15 09:53:59,697.9,697471
2021-04-15 09:54:00,697.9,697471
2021-04-15 09:54:01,697.9,697471
2021-04-15 09:54:02,698.0,697521
2021-04-15 09:54:03,698.0,697531
2021-04-15 09:54:04,698.0,697531
2021-04-15 09:54:06,698.0,697531
2021-04-15 09:54:05,698.0,697531
2021-04-15 09:54:07,698.0,697547
2021-04-15 09:54:08,697.85,697585
2021-04-15 09:54:09,697.85,697591
2021-04-15 09:54:10,697.85,698083
2021-04-15 09:54:12,697.85,698278
2021-04-15 09:54:13,697.6,698294
2021-04-15 09:54:14,697.8,698306
2021-04-15 09:54:15,697.6,698308
2021-04-15 09:54:16,697.05,700676
2021-04-15 09:54:17,696.8,701633
2021-04-15 09:54:18,696.55,701799
2021-04-15 09:54:19,696.5,701811
2021-04-15 09:54:20,697.1,702011
2021-04-15 09:54:21,696.6,702046
2021-04-15 09:54:22,696.85,702065
2021-04-15 09:54:23,696.85,702065
2021-04-15 09:54:25,696.7,702069
2021-04-15 09:54:26,697.05,702244
2021-04-15 09:54:27,696.75,702277
2021-04-15 09:54:28,696.65,702495
2021-04-15 09:54:29,696.8,702534
2021-04-15 09:54:30,697.1,702538
2021-04-15 09:54:32,697.1,702538
2021-04-15 09:54:33,696.75,702588
2021-04-15 09:54:34,696.7,702597
2021-04-15 09:54:35,696.7,702597
2021-04-15 09:54:36,697.05,702633
2021-04-15 09:54:37,697.05,702674
2021-04-15 09:54:38,697.05,702749
2021-04-15 09:54:39,697.05,702749
2021-04-15 09:54:40,697.05,702761
2021-04-15 09:54:41,697.1,702763
2021-04-15 09:54:42,697.1,702763
2021-04-15 09:54:43,697.1,702763
2021-04-15 09:54:44,697.1,702763
2021-04-15 09:54:45,697.1,702763
2021-04-15 09:54:46,697.15,702775
2021-04-15 09:54:47,697.1,702778
2021-04-15 09:54:48,697.1,702778
2021-04-15 09:54:49,697.1,702778
2021-04-15 09:54:50,697.1,702783
2021-04-15 09:54:51,697.1,702784
2021-04-15 09:54:52,697.1,702784
2021-04-15 09:54:54,696.75,703214
2021-04-15 09:54:55,697.0,703254
2021-04-15 09:54:56,696.7,703261
2021-04-15 09:54:57,697.0,703265
2021-04-15 09:54:58,696.7,703367
2021-04-15 09:54:59,696.7,703385
2021-04-15 09:55:01,697.0,703405
2021-04-15 09:55:01,696.6,703505
2021-04-15 09:55:02,696.8,703532
2021-04-15 09:55:03,696.6,703535
2021-04-15 09:55:04,696.9,703554
2021-04-15 09:55:05,696.6,703557
2021-04-15 09:55:06,696.95,703704
2021-04-15 09:55:07,696.6,703735
2021-04-15 09:55:08,696.9,703786
2021-04-15 09:55:09,696.6,703804
2021-04-15 09:55:11,696.6,703805
2021-04-15 09:55:11,696.6,703805
2021-04-15 09:55:13,696.9,703835
2021-04-15 09:55:13,696.7,703841
2021-04-15 09:55:14,696.7,703991
2021-04-15 09:55:15,696.65,704032
2021-04-15 09:55:16,696.65,704060
2021-04-15 09:55:17,696.7,704074
2021-04-15 09:55:18,696.7,704076
2021-04-15 09:55:19,696.7,704076
2021-04-15 09:55:20,696.65,704078
2021-04-15 09:55:21,696.65,704078
2021-04-15 09:55:22,697.3,704837
2021-04-15 09:55:24,697.7,705091
2021-04-15 09:55:25,697.35,705113
2021-04-15 09:55:26,697.35,705113
2021-04-15 09:55:27,697.35,705113
2021-04-15 09:55:27,697.35,705113
2021-04-15 09:55:28,697.6,705114
2021-04-15 09:55:29,697.3,705117
2021-04-15 09:55:30,697.65,705218
2021-04-15 09:55:31,697.35,705311
2021-04-15 09:55:32,697.35,705324
2021-04-15 09:55:33,697.3,705397
2021-04-15 09:55:34,697.3,705410
2021-04-15 09:55:36,697.3,705415
2021-04-15 09:55:37,697.65,705430
2021-04-15 09:55:38,697.65,705432
2021-04-15 09:55:38,697.4,705433
2021-04-15 09:55:40,697.4,705433
2021-04-15 09:55:40,697.4,705433
2021-04-15 09:55:41,697.8,705436
2021-04-15 09:55:42,697.5,705450
2021-04-15 09:55:43,697.5,705522
2021-04-15 09:55:44,697.5,705648
2021-04-15 09:55:45,697.5,705740
2021-04-15 09:55:46,697.55,705927
2021-04-15 09:55:47,697.55,705989
2021-04-15 09:55:48,697.55,706031
2021-04-15 09:55:51,697.45,706534
2021-04-15 09:55:52,697.45,706565
2021-04-15 09:55:53,697.15,706608
2021-04-15 09:55:54,697.15,706608
2021-04-15 09:55:55,697.15,706608
2021-04-15 09:55:56,697.6,706727
2021-04-15 09:55:57,697.3,706871
2021-04-15 09:55:58,697.3,706995
2021-04-15 09:55:59,697.35,707113
2021-04-15 09:56:00,697.45,707274
2021-04-15 09:56:02,697.25,707502
2021-04-15 09:56:02,697.2,707537
2021-04-15 09:56:03,697.2,707639
2021-04-15 09:56:05,697.6,707687
2021-04-15 09:56:06,697.55,707693
2021-04-15 09:56:06,697.85,707709
2021-04-15 09:56:07,697.5,707814
2021-04-15 09:56:08,697.45,707940
2021-04-15 09:56:09,697.85,707972
2021-04-15 09:56:10,698.0,708074
2021-04-15 09:56:11,697.5,708107
2021-04-15 09:56:12,698.0,708749
2021-04-15 09:56:13,698.0,708875
2021-04-15 09:56:14,698.0,708978
2021-04-15 09:56:15,698.0,709060
2021-04-15 09:56:16,698.0,709091
2021-04-15 09:56:17,698.0,709124
2021-04-15 09:56:19,698.15,709138
2021-04-15 09:56:20,698.0,709139
2021-04-15 09:56:21,698.45,710171
2021-04-15 09:56:22,698.05,710256
2021-04-15 09:56:23,698.05,710380
2021-04-15 09:56:25,698.5,710573
2021-04-15 09:56:27,698.55,710824
2021-04-15 09:56:27,698.55,710824
2021-04-15 09:56:28,698.15,710869
2021-04-15 09:56:30,698.3,710899
2021-04-15 09:56:30,698.3,710899
2021-04-15 09:56:31,698.0,710904
2021-04-15 09:56:32,698.0,710904
2021-04-15 09:56:33,698.45,710966
2021-04-15 09:56:34,698.3,710977
2021-04-15 09:56:35,698.3,710977
2021-04-15 09:56:36,698.6,710994
2021-04-15 09:56:38,698.55,711050
2021-04-15 09:56:38,698.55,711050
2021-04-15 09:56:40,698.65,711822
2021-04-15 09:56:40,698.65,711986
2021-04-15 09:56:42,698.5,712137
2021-04-15 09:56:43,698.5,712178
2021-04-15 09:56:43,698.6,712176
2021-04-15 09:56:44,698.5,712186
2021-04-15 09:56:45,698.2,712258
2021-04-15 09:56:46,698.6,712289
2021-04-15 09:56:47,698.1,712292
2021-04-15 09:56:49,697.75,713016
2021-04-15 09:56:50,697.45,713070
2021-04-15 09:56:51,697.45,713165
2021-04-15 09:56:52,697.45,713181
2021-04-15 09:56:53,697.25,713184
2021-04-15 09:56:54,697.6,713214
2021-04-15 09:56:55,697.25,713220
2021-04-15 09:56:56,697.6,713298
2021-04-15 09:56:57,697.35,713360
2021-04-15 09:56:58,697.35,713369
2021-04-15 09:56:59,697.8,713387
2021-04-15 09:57:00,697.45,713390
2021-04-15 09:57:01,697.85,713475
2021-04-15 09:57:02,697.55,713490
2021-04-15 09:57:03,697.55,713490
2021-04-15 09:57:05,697.5,713496
2021-04-15 09:57:06,697.5,713511
2021-04-15 09:57:08,697.8,713632
2021-04-15 09:57:08,697.8,713632
2021-04-15 09:57:09,697.75,713650
2021-04-15 09:57:10,697.75,713650
2021-04-15 09:57:11,697.75,713650
2021-04-15 09:57:12,697.75,713650
2021-04-15 09:57:13,697.75,713650
2021-04-15 09:57:16,697.75,713650
2021-04-15 09:57:17,697.75,713650
2021-04-15 09:57:18,697.75,713650
2021-04-15 09:57:19,697.75,713700
2021-04-15 09:57:20,698.0,713711
2021-04-15 09:57:21,697.65,713786
2021-04-15 09:57:22,697.65,713814
2021-04-15 09:57:24,697.5,714066
2021-04-15 09:57:25,697.65,714116
2021-04-15 09:57:26,697.5,714169
2021-04-15 09:57:26,697.5,714169
2021-04-15 09:57:27,697.65,714329
2021-04-15 09:57:28,697.55,714357
2021-04-15 09:57:30,697.6,714813
2021-04-15 09:57:30,697.6,714894
2021-04-15 09:57:31,697.6,714894
2021-04-15 09:57:32,697.8,715006
2021-04-15 09:57:33,697.7,715040
2021-04-15 09:57:34,697.6,715088
2021-04-15 09:57:36,697.8,715154
2021-04-15 09:57:37,697.85,715205
2021-04-15 09:57:38,697.5,715232
2021-04-15 09:57:39,697.85,715255
2021-04-15 09:57:40,697.85,715259
2021-04-15 09:57:41,697.45,715260
2021-04-15 09:57:42,697.55,716010
2021-04-15 09:57:43,697.55,716142
2021-04-15 09:57:44,697.45,716412
2021-04-15 09:57:44,697.45,716412
2021-04-15 09:57:45,697.6,716475
2021-04-15 09:57:46,697.6,716478
2021-04-15 09:57:47,697.6,716493
2021-04-15 09:57:48,697.6,716595
2021-04-15 09:57:49,697.4,716610
2021-04-15 09:57:50,697.4,716624
2021-04-15 09:57:51,697.4,716627
2021-04-15 09:57:52,697.4,716627
2021-04-15 09:57:53,697.8,717152
2021-04-15 09:57:54,697.75,717746
2021-04-15 09:57:55,697.4,717849
2021-04-15 09:57:56,697.6,717854
2021-04-15 09:57:58,697.45,718355
2021-04-15 09:57:59,697.4,718395
2021-04-15 09:58:00,697.4,718468
2021-04-15 09:58:02,697.4,718536
2021-04-15 09:58:03,697.45,718789
2021-04-15 09:58:04,697.45,718902
2021-04-15 09:58:06,697.5,718928
2021-04-15 09:58:07,697.5,718949
2021-04-15 09:58:08,697.6,718952
2021-04-15 09:58:09,697.5,719002
2021-04-15 09:58:09,697.5,719005
2021-04-15 09:58:10,697.5,719015
2021-04-15 09:58:11,697.5,719047
2021-04-15 09:58:12,697.95,719667
2021-04-15 09:58:13,697.4,722346
2021-04-15 09:58:14,697.3,722960
2021-04-15 09:58:15,697.3,722980
2021-04-15 09:58:17,697.3,723064
2021-04-15 09:58:18,697.3,723081
2021-04-15 09:58:19,697.3,723081
2021-04-15 09:58:20,697.3,723081
2021-04-15 09:58:20,697.3,723081
2021-04-15 09:58:21,697.3,723081
2021-04-15 09:58:22,697.3,723081
2021-04-15 09:58:23,697.3,723083
2021-04-15 09:58:24,697.7,723283
2021-04-15 09:58:26,697.3,723333
2021-04-15 09:58:27,697.3,723351
2021-04-15 09:58:28,697.3,723351
2021-04-15 09:58:30,697.3,723353
2021-04-15 09:58:31,697.3,723372
2021-04-15 09:58:32,697.5,723426
2021-04-15 09:58:32,697.3,723443
2021-04-15 09:58:33,697.5,723617
2021-04-15 09:58:34,697.3,723650
2021-04-15 09:58:35,697.3,723679
2021-04-15 09:58:36,697.3,723730
2021-04-15 09:58:37,697.3,723752
2021-04-15 09:58:38,697.3,723768
2021-04-15 09:58:39,697.3,723771
2021-04-15 09:58:40,697.3,723771
2021-04-15 09:58:41,697.3,723771
2021-04-15 09:58:42,697.3,723805
2021-04-15 09:58:44,697.3,723814
2021-04-15 09:58:46,697.3,723832
2021-04-15 09:58:47,697.3,723851
2021-04-15 09:58:47,697.3,723982
2021-04-15 09:58:48,697.3,724005
2021-04-15 09:58:49,697.7,724994
2021-04-15 09:58:50,697.55,725169
2021-04-15 09:58:51,697.8,725508
2021-04-15 09:58:52,697.6,725568
2021-04-15 09:58:53,697.9,725571
2021-04-15 09:58:54,698.05,726260
2021-04-15 09:58:56,698.4,726383
2021-04-15 09:58:57,698.4,726383
2021-04-15 09:58:58,698.4,726383
2021-04-15 09:58:59,698.4,726383
2021-04-15 09:59:00,697.9,727532
2021-04-15 09:59:00,697.9,727735
2021-04-15 09:59:01,697.85,728060
2021-04-15 09:59:02,698.35,728194
2021-04-15 09:59:03,698.1,728208
2021-04-15 09:59:04,697.85,728527
2021-04-15 09:59:05,697.85,728681
2021-04-15 09:59:06,698.25,728704
2021-04-15 09:59:07,698.3,728721
2021-04-15 09:59:08,697.95,728735
2021-04-15 09:59:09,698.0,728754
2021-04-15 09:59:10,698.0,728757
2021-04-15 09:59:12,698.4,728783
2021-04-15 09:59:13,698.4,729212
2021-04-15 09:59:14,698.15,729289
2021-04-15 09:59:15,698.6,729341
2021-04-15 09:59:16,698.25,729350
2021-04-15 09:59:17,698.6,729750
2021-04-15 09:59:18,698.25,729821
2021-04-15 09:59:19,698.6,729920
2021-04-15 09:59:20,698.6,729938
2021-04-15 09:59:21,698.6,729953
2021-04-15 09:59:22,698.6,729970
2021-04-15 09:59:22,698.6,729972
2021-04-15 09:59:23,698.6,729972
2021-04-15 09:59:24,698.6,729972
2021-04-15 09:59:25,698.6,730173
2021-04-15 09:59:28,698.7,730224
2021-04-15 09:59:29,698.6,730226
2021-04-15 09:59:30,698.6,730240
2021-04-15 09:59:31,698.6,730266
2021-04-15 09:59:32,698.6,730270
2021-04-15 09:59:33,698.6,730280
2021-04-15 09:59:33,698.6,730382
2021-04-15 09:59:36,698.85,730457
2021-04-15 09:59:37,698.6,730460
2021-04-15 09:59:38,698.6,730460
2021-04-15 09:59:40,698.6,730460
2021-04-15 09:59:41,698.9,730475
2021-04-15 09:59:42,698.65,730506
2021-04-15 09:59:43,698.65,730524
2021-04-15 09:59:43,698.65,730527
2021-04-15 09:59:44,698.65,730527
2021-04-15 09:59:45,698.9,730623
2021-04-15 09:59:46,698.95,730700
2021-04-15 09:59:47,698.65,730710
2021-04-15 09:59:48,698.65,730710
2021-04-15 09:59:49,698.95,730735
2021-04-15 09:59:51,699.0,731675
2021-04-15 09:59:52,699.0,732264
2021-04-15 09:59:53,698.65,732905
2021-04-15 09:59:54,698.8,733009
2021-04-15 09:59:55,699.0,733266
2021-04-15 09:59:55,698.65,733301
2021-04-15 09:59:56,698.65,733303
2021-04-15 09:59:57,698.65,733303
2021-04-15 09:59:58,698.65,733598
2021-04-15 09:59:59,698.6,733650
2021-04-15 10:00:01,698.95,733661
2021-04-15 10:00:01,698.95,733664
2021-04-15 10:00:03,698.8,733765
2021-04-15 10:00:04,699.0,733840
2021-04-15 10:00:04,698.7,733850
2021-04-15 10:00:05,698.7,734190
2021-04-15 10:00:06,699.0,734266
2021-04-15 10:00:07,699.0,734270
2021-04-15 10:00:08,699.0,734270
2021-04-15 10:00:09,699.0,734370
2021-04-15 10:00:10,698.65,734388
2021-04-15 10:00:11,698.6,734394
2021-04-15 10:00:12,698.6,734395
2021-04-15 10:00:14,698.6,734457
2021-04-15 10:00:13,699.0,734399
2021-04-15 10:00:15,698.6,734510
2021-04-15 10:00:17,698.5,734533
2021-04-15 10:00:18,698.8,734566
2021-04-15 10:00:19,698.8,734576
2021-04-15 10:00:20,698.8,734576
2021-04-15 10:00:21,698.8,734576
2021-04-15 10:00:23,698.8,734577
2021-04-15 10:00:24,698.5,734608
2021-04-15 10:00:25,698.5,734608
2021-04-15 10:00:26,698.5,734613
2021-04-15 10:00:27,698.5,734613
2021-04-15 10:00:28,698.8,734614
2021-04-15 10:00:29,698.5,734617
2021-04-15 10:00:30,698.5,734618
2021-04-15 10:00:30,698.5,734618
2021-04-15 10:00:31,698.95,735692
2021-04-15 10:00:33,698.5,735713
2021-04-15 10:00:34,698.4,735882
2021-04-15 10:00:36,698.6,735901
2021-04-15 10:00:37,698.4,735904
2021-04-15 10:00:37,698.4,735904
2021-04-15 10:00:38,698.35,735978
2021-04-15 10:00:39,698.35,736008
2021-04-15 10:00:41,698.6,736182
2021-04-15 10:00:43,698.6,736224
2021-04-15 10:00:44,698.65,736427
2021-04-15 10:00:44,698.6,736462
2021-04-15 10:00:45,698.6,736462
2021-04-15 10:00:47,698.65,736487
2021-04-15 10:00:48,698.6,736532
2021-04-15 10:00:48,698.6,736539
2021-04-15 10:00:49,698.7,736754
2021-04-15 10:00:50,698.3,738794
2021-04-15 10:00:51,698.25,739234
2021-04-15 10:00:52,698.25,739515
2021-04-15 10:00:54,698.25,739595
2021-04-15 10:00:55,698.5,739597
2021-04-15 10:00:56,698.5,739597
2021-04-15 10:00:57,698.4,739610
2021-04-15 10:00:58,698.4,739613
2021-04-15 10:00:59,698.95,739844
2021-04-15 10:01:00,698.75,739884
2021-04-15 10:01:01,698.95,739886
2021-04-15 10:01:03,698.55,740237
2021-04-15 10:01:03,698.7,740018
2021-04-15 10:01:04,698.8,740303
2021-04-15 10:01:06,698.5,740307
2021-04-15 10:01:07,699.0,740309
2021-04-15 10:01:08,699.0,740309
2021-04-15 10:01:08,699.0,740309
2021-04-15 10:01:09,699.0,740326
2021-04-15 10:01:11,698.65,740329
2021-04-15 10:01:12,698.65,740329
2021-04-15 10:01:13,698.55,740694
2021-04-15 10:01:15,698.55,740759
2021-04-15 10:01:16,698.55,740759
2021-04-15 10:01:17,698.55,740759
2021-04-15 10:01:18,698.5,740774
2021-04-15 10:01:19,698.5,740776
2021-04-15 10:01:20,698.85,740777
2021-04-15 10:01:21,698.85,740777
2021-04-15 10:01:22,698.85,740777
2021-04-15 10:01:23,699.0,740778
2021-04-15 10:01:24,698.85,740779
2021-04-15 10:01:25,698.85,740779
2021-04-15 10:01:26,699.05,741417
2021-04-15 10:01:27,699.1,741569
2021-04-15 10:01:28,699.0,741576
2021-04-15 10:01:29,699.0,741696
2021-04-15 10:01:30,699.0,741717
2021-04-15 10:01:31,699.1,741946
2021-04-15 10:01:32,699.0,741989
2021-04-15 10:01:33,699.1,741999
2021-04-15 10:01:34,699.0,742000
2021-04-15 10:01:35,699.0,742011
2021-04-15 10:01:36,699.0,742013
2021-04-15 10:01:37,699.0,742030
2021-04-15 10:01:38,699.0,742051
2021-04-15 10:01:39,699.0,742054
2021-04-15 10:01:40,699.0,742074
2021-04-15 10:01:41,699.0,742078
2021-04-15 10:01:42,699.1,742081
2021-04-15 10:01:42,699.3,742533
2021-04-15 10:01:45,699.6,743147
2021-04-15 10:01:46,699.4,743149
2021-04-15 10:01:47,699.5,743167
2021-04-15 10:01:48,699.5,743167
2021-04-15 10:01:49,699.5,743167
2021-04-15 10:01:50,699.5,743167
2021-04-15 10:01:51,699.5,743207
2021-04-15 10:01:52,699.5,743214
2021-04-15 10:01:53,699.5,743215
2021-04-15 10:01:54,699.6,743244
2021-04-15 10:01:55,699.5,743249
2021-04-15 10:01:56,699.6,743300
2021-04-15 10:01:57,699.7,743353
2021-04-15 10:01:57,699.7,743365
2021-04-15 10:01:58,699.7,743374
2021-04-15 10:01:59,699.7,743379
2021-04-15 10:02:01,699.7,743602
2021-04-15 10:02:02,699.6,743887
2021-04-15 10:02:04,699.6,743930
2021-04-15 10:02:05,699.35,744930
2021-04-15 10:02:06,699.05,745179
2021-04-15 10:02:07,699.1,745341
2021-04-15 10:02:08,699.1,745341
2021-04-15 10:02:09,699.1,745341
2021-04-15 10:02:10,699.1,745341
2021-04-15 10:02:11,699.1,745341
2021-04-15 10:02:12,699.1,745341
2021-04-15 10:02:13,699.1,745341
2021-04-15 10:02:15,699.15,746400
2021-04-15 10:02:16,699.15,746404
2021-04-15 10:02:17,699.15,746404
2021-04-15 10:02:18,699.15,746404
2021-04-15 10:02:19,699.15,746404
2021-04-15 10:02:20,699.15,746404
2021-04-15 10:02:21,699.3,746405
2021-04-15 10:02:23,699.7,746456
2021-04-15 10:02:23,699.35,746464
2021-04-15 10:02:24,699.35,746966
2021-04-15 10:02:25,699.2,747323
2021-04-15 10:02:27,699.35,747374
2021-04-15 10:02:28,699.35,747374
2021-04-15 10:02:28,699.35,747374
2021-04-15 10:02:29,699.35,747374
2021-04-15 10:02:30,699.7,747384
2021-04-15 10:02:31,699.6,747406
2021-04-15 10:02:33,699.8,747910
2021-04-15 10:02:34,699.3,747998
2021-04-15 10:02:35,699.3,747998
2021-04-15 10:02:36,699.3,747998
2021-04-15 10:02:37,699.3,747998
2021-04-15 10:02:37,699.3,748037
2021-04-15 10:02:38,699.35,748044
2021-04-15 10:02:41,699.65,748144
2021-04-15 10:02:42,699.55,748196
2021-04-15 10:02:44,699.65,748203
2021-04-15 10:02:45,699.35,748205
2021-04-15 10:02:46,699.35,748205
2021-04-15 10:02:47,699.35,748205
2021-04-15 10:02:48,699.35,748205
2021-04-15 10:02:49,699.35,748205
2021-04-15 10:02:50,699.6,748206
2021-04-15 10:02:51,699.6,748206
2021-04-15 10:02:53,700.55,751288
2021-04-15 10:02:54,701.0,752561
2021-04-15 10:02:54,700.3,752814
2021-04-15 10:02:56,700.5,752884
2021-04-15 10:02:57,700.3,752920
2021-04-15 10:02:58,700.5,752946
2021-04-15 10:02:59,700.8,752956
2021-04-15 10:03:00,700.5,752957
2021-04-15 10:03:01,700.9,752999
2021-04-15 10:03:02,700.85,753039
2021-04-15 10:03:03,700.85,753122
2021-04-15 10:03:05,700.35,753154
2021-04-15 10:03:06,700.35,753154
2021-04-15 10:03:07,700.8,753171
2021-04-15 10:03:08,700.85,753232
2021-04-15 10:03:09,700.1,753234
2021-04-15 10:03:09,700.1,753244
2021-04-15 10:03:11,700.1,753244
2021-04-15 10:03:12,700.25,753745
2021-04-15 10:03:13,700.25,753833
2021-04-15 10:03:14,700.25,753833
2021-04-15 10:03:15,700.15,753900
2021-04-15 10:03:16,700.15,753912
2021-04-15 10:03:17,700.15,753914
2021-04-15 10:03:18,700.15,753914
2021-04-15 10:03:19,700.55,754415
2021-04-15 10:03:20,700.15,754503
2021-04-15 10:03:21,700.55,754753
2021-04-15 10:03:22,700.2,754796
2021-04-15 10:03:23,700.15,754821
2021-04-15 10:03:24,700.15,754821
2021-04-15 10:03:25,700.25,754921
2021-04-15 10:03:26,700.5,754947
2021-04-15 10:03:27,700.2,754948
2021-04-15 10:03:28,700.5,754960
2021-04-15 10:03:29,701.0,756314
2021-04-15 10:03:30,700.6,756891
2021-04-15 10:03:31,700.6,756891
2021-04-15 10:03:32,700.6,756950
2021-04-15 10:03:33,701.0,756960
2021-04-15 10:03:34,701.0,757368
2021-04-15 10:03:35,701.35,757773
2021-04-15 10:03:36,701.4,757848
2021-04-15 10:03:37,701.4,758159
2021-04-15 10:03:38,701.45,758585
2021-04-15 10:03:39,701.05,758604
2021-04-15 10:03:40,701.35,758752
2021-04-15 10:03:41,701.0,758770
2021-04-15 10:03:42,701.0,758770
2021-04-15 10:03:43,701.35,758779
2021-04-15 10:03:44,701.05,758780
2021-04-15 10:03:45,701.35,758800
2021-04-15 10:03:46,701.45,758979
2021-04-15 10:03:47,701.5,759110
2021-04-15 10:03:48,701.05,759292
2021-04-15 10:03:49,701.05,759360
2021-04-15 10:03:50,700.75,763050
2021-04-15 10:03:51,700.75,763787
2021-04-15 10:03:52,700.75,764103
2021-04-15 10:03:53,700.75,764408
2021-04-15 10:03:54,700.75,764462
2021-04-15 10:03:55,700.75,764507
2021-04-15 10:03:56,700.5,764515
2021-04-15 10:03:57,700.75,764565
2021-04-15 10:03:58,700.9,764646
2021-04-15 10:03:59,700.55,764659
2021-04-15 10:04:00,701.25,765811
2021-04-15 10:04:01,700.75,765921
2021-04-15 10:04:02,701.25,766336
2021-04-15 10:04:03,700.5,766628
2021-04-15 10:04:04,700.75,767749
2021-04-15 10:04:05,700.2,767938
2021-04-15 10:04:07,701.0,768330
2021-04-15 10:04:08,701.15,768840
2021-04-15 10:04:09,701.15,768840
2021-04-15 10:04:10,700.85,769019
2021-04-15 10:04:11,700.9,769037
2021-04-15 10:04:13,701.0,769098
2021-04-15 10:04:14,700.95,769102
2021-04-15 10:04:15,701.4,769653
2021-04-15 10:04:16,701.05,769750
2021-04-15 10:04:17,701.05,769751
2021-04-15 10:04:18,701.55,769930
2021-04-15 10:04:19,701.35,770270
2021-04-15 10:04:21,700.95,770325
2021-04-15 10:04:22,701.4,770350
2021-04-15 10:04:23,701.65,771146
2021-04-15 10:04:24,701.1,771286
2021-04-15 10:04:25,701.15,771287
2021-04-15 10:04:26,701.15,771287
2021-04-15 10:04:27,701.15,771287
2021-04-15 10:04:28,701.55,771307
2021-04-15 10:04:29,701.1,771435
2021-04-15 10:04:30,701.1,771459
2021-04-15 10:04:31,701.1,771459
2021-04-15 10:04:32,701.5,771924
2021-04-15 10:04:33,701.45,772036
2021-04-15 10:04:34,701.5,772146
2021-04-15 10:04:35,701.45,772166
2021-04-15 10:04:36,701.55,772202
2021-04-15 10:04:37,701.15,772208
2021-04-15 10:04:38,701.15,772220
2021-04-15 10:04:39,701.15,772222
2021-04-15 10:04:40,701.15,772222
2021-04-15 10:04:41,701.45,772247
2021-04-15 10:04:42,701.5,772268
2021-04-15 10:04:43,701.5,772268
2021-04-15 10:04:44,701.2,772381
2021-04-15 10:04:45,701.2,772400
2021-04-15 10:04:46,701.2,772401
2021-04-15 10:04:47,701.2,772470
2021-04-15 10:04:48,701.2,772482
2021-04-15 10:04:49,701.2,772482
2021-04-15 10:04:50,701.25,772743
2021-04-15 10:04:51,701.3,772788
2021-04-15 10:04:52,701.3,772788
2021-04-15 10:04:53,701.3,772789
2021-04-15 10:04:54,701.3,772792
2021-04-15 10:04:55,701.6,772819
2021-04-15 10:04:56,701.3,772826
2021-04-15 10:04:57,701.3,772827
2021-04-15 10:04:58,701.6,772842
2021-04-15 10:04:59,701.3,772864
2021-04-15 10:05:00,701.3,772873
2021-04-15 10:05:02,701.45,772895
2021-04-15 10:05:03,701.6,772999
2021-04-15 10:05:04,701.55,773676
2021-04-15 10:05:05,701.75,774294
2021-04-15 10:05:06,701.75,774413
2021-04-15 10:05:07,701.4,774419
2021-04-15 10:05:08,701.4,774419
2021-04-15 10:05:09,701.4,774419
2021-04-15 10:05:10,701.6,774429
2021-04-15 10:05:11,701.55,774430
2021-04-15 10:05:12,701.9,774720
2021-04-15 10:05:13,701.55,774935
2021-04-15 10:05:14,701.4,775019
2021-04-15 10:05:15,701.4,775019
2021-04-15 10:05:17,701.4,775054
2021-04-15 10:05:18,701.8,775059
2021-04-15 10:05:19,701.4,775060
2021-04-15 10:05:20,701.85,775128
2021-04-15 10:05:21,701.4,775240
2021-04-15 10:05:22,701.85,775345
2021-04-15 10:05:23,701.9,775563
2021-04-15 10:05:24,701.85,775662
2021-04-15 10:05:25,701.85,775774
2021-04-15 10:05:26,701.55,775791
2021-04-15 10:05:27,701.9,776133
2021-04-15 10:05:28,701.5,776193
2021-04-15 10:05:29,701.45,776387
2021-04-15 10:05:30,701.45,776423
2021-04-15 10:05:31,701.45,776434
2021-04-15 10:05:32,701.4,776934
2021-04-15 10:05:33,701.4,777022
2021-04-15 10:05:34,701.4,777022
2021-04-15 10:05:35,701.55,777027
2021-04-15 10:05:36,701.55,777043
2021-04-15 10:05:37,701.55,777045
2021-04-15 10:05:39,701.55,777045
2021-04-15 10:05:40,701.5,777354
2021-04-15 10:05:40,701.5,777407
2021-04-15 10:05:41,701.5,777407
2021-04-15 10:05:42,701.5,777407
2021-04-15 10:05:43,701.45,777457
2021-04-15 10:05:45,701.45,777466
2021-04-15 10:05:45,701.45,777466
2021-04-15 10:05:46,701.75,777535
2021-04-15 10:05:47,701.75,777572
2021-04-15 10:05:48,701.45,777602
2021-04-15 10:05:49,701.45,777606
2021-04-15 10:05:51,701.4,777809
2021-04-15 10:05:51,701.4,777859
2021-04-15 10:05:52,701.5,777976
2021-04-15 10:05:53,701.15,780538
2021-04-15 10:05:54,701.0,780627
2021-04-15 10:05:55,700.35,782517
2021-04-15 10:05:56,700.35,782763
2021-04-15 10:05:57,700.2,782813
2021-04-15 10:05:59,700.0,783567
2021-04-15 10:06:00,700.0,783567
2021-04-15 10:06:01,700.0,783567
2021-04-15 10:06:02,700.0,783570
2021-04-15 10:06:03,700.0,783588
2021-04-15 10:06:04,700.0,783741
2021-04-15 10:06:05,700.2,783903
2021-04-15 10:06:06,700.55,783943
2021-04-15 10:06:07,700.3,783956
2021-04-15 10:06:08,700.3,784058
2021-04-15 10:06:09,700.35,784094
2021-04-15 10:06:11,700.35,784307
2021-04-15 10:06:11,700.35,784276
2021-04-15 10:06:12,700.7,784457
2021-04-15 10:06:13,700.55,784544
2021-04-15 10:06:15,700.5,784554
2021-04-15 10:06:16,700.5,784554
2021-04-15 10:06:16,700.5,784554
2021-04-15 10:06:17,700.5,784554
2021-04-15 10:06:18,700.5,784554
2021-04-15 10:06:19,700.75,784854
2021-04-15 10:06:20,700.5,784907
2021-04-15 10:06:21,700.8,784964
2021-04-15 10:06:22,700.8,784974
2021-04-15 10:06:23,700.8,785002
2021-04-15 10:06:25,700.8,785175
2021-04-15 10:06:26,700.55,785180
2021-04-15 10:06:27,700.55,785181
2021-04-15 10:06:28,700.5,785186
2021-04-15 10:06:29,700.5,785186
2021-04-15 10:06:30,700.5,785201
2021-04-15 10:06:31,700.8,785211
2021-04-15 10:06:32,700.55,785223
2021-04-15 10:06:33,700.55,785225
2021-04-15 10:06:34,700.55,785225
2021-04-15 10:06:35,700.55,785559
2021-04-15 10:06:37,700.75,785634
2021-04-15 10:06:37,700.3,785736
2021-04-15 10:06:38,700.3,785767
2021-04-15 10:06:40,700.05,785798
2021-04-15 10:06:40,700.3,785784
2021-04-15 10:06:41,700.0,785801
2021-04-15 10:06:42,700.5,786403
2021-04-15 10:06:43,700.45,786577
2021-04-15 10:06:44,700.05,786590
2021-04-15 10:06:45,700.05,786590
2021-04-15 10:06:46,700.05,786590
2021-04-15 10:06:48,700.1,786707
2021-04-15 10:06:49,700.05,786710
2021-04-15 10:06:50,700.0,786712
2021-04-15 10:06:51,700.0,786712
2021-04-15 10:06:52,700.05,787666
2021-04-15 10:06:53,699.7,787843
2021-04-15 10:06:55,699.7,787873
2021-04-15 10:06:56,699.75,787877
2021-04-15 10:06:57,699.75,787878
2021-04-15 10:06:57,699.75,787878
2021-04-15 10:06:58,700.05,787928
2021-04-15 10:06:59,700.0,787937
2021-04-15 10:07:00,700.0,787938
2021-04-15 10:07:01,700.0,787938
2021-04-15 10:07:02,699.55,788114
2021-04-15 10:07:03,699.5,788148
2021-04-15 10:07:04,699.5,788248
2021-04-15 10:07:05,699.5,788252
2021-04-15 10:07:06,699.9,788428
2021-04-15 10:07:07,699.5,788634
2021-04-15 10:07:09,699.5,788634
2021-04-15 10:07:09,699.55,788653
2021-04-15 10:07:10,699.4,788655
2021-04-15 10:07:11,699.4,788703
2021-04-15 10:07:12,699.35,788809
2021-04-15 10:07:13,699.6,788828
2021-04-15 10:07:14,699.6,788828
2021-04-15 10:07:15,700.0,788839
2021-04-15 10:07:16,699.6,789341
2021-04-15 10:07:17,699.55,789579
2021-04-15 10:07:18,699.6,789605
2021-04-15 10:07:19,699.95,789606
2021-04-15 10:07:20,699.95,789606
2021-04-15 10:07:21,699.95,789606
2021-04-15 10:07:22,699.95,789606
2021-04-15 10:07:23,699.95,789706
2021-04-15 10:07:24,699.65,789734
2021-04-15 10:07:25,699.65,789736
2021-04-15 10:07:26,699.9,789741
2021-04-15 10:07:27,699.6,789748
2021-04-15 10:07:28,699.6,789750
2021-04-15 10:07:29,699.55,789760
2021-04-15 10:07:30,699.55,789775
2021-04-15 10:07:31,699.55,789777
2021-04-15 10:07:32,699.55,789777
2021-04-15 10:07:33,699.55,789777
2021-04-15 10:07:34,699.55,789777
2021-04-15 10:07:36,699.5,789811
2021-04-15 10:07:36,699.5,789833
2021-04-15 10:07:37,699.5,789843
2021-04-15 10:07:38,699.5,789847
2021-04-15 10:07:39,699.5,789857
2021-04-15 10:07:40,699.5,789860
2021-04-15 10:07:41,699.5,789869
2021-04-15 10:07:42,699.5,789979
2021-04-15 10:07:44,699.6,789999
2021-04-15 10:07:45,699.6,789999
2021-04-15 10:07:46,699.6,789999
2021-04-15 10:07:47,699.85,790299
2021-04-15 10:07:48,699.55,790349
2021-04-15 10:07:49,699.5,790402
2021-04-15 10:07:50,699.5,790443
2021-04-15 10:07:52,699.5,790448
2021-04-15 10:07:53,699.5,790448
2021-04-15 10:07:53,699.5,790448
2021-04-15 10:07:54,699.5,790531
2021-04-15 10:07:55,699.5,790546
2021-04-15 10:07:58,699.5,790546
2021-04-15 10:07:59,699.5,790546
2021-04-15 10:08:01,699.55,790604
2021-04-15 10:08:01,699.55,790614
2021-04-15 10:08:02,699.55,790614
2021-04-15 10:08:03,699.55,790614
2021-04-15 10:08:04,699.6,790616
2021-04-15 10:08:05,699.6,790616
2021-04-15 10:08:06,699.8,790646
2021-04-15 10:08:08,699.5,790651
2021-04-15 10:08:09,699.7,790653
2021-04-15 10:08:10,699.5,790654
2021-04-15 10:08:11,699.5,790654
2021-04-15 10:08:12,699.5,790654
2021-04-15 10:08:12,699.55,790814
2021-04-15 10:08:13,699.55,790852
2021-04-15 10:08:14,699.55,790854
2021-04-15 10:08:15,699.5,790954
2021-04-15 10:08:16,699.9,791071
2021-04-15 10:08:17,699.45,791289
2021-04-15 10:08:18,699.55,791324
2021-04-15 10:08:19,699.5,791361
2021-04-15 10:08:20,699.9,791371
2021-04-15 10:08:21,699.5,791571
2021-04-15 10:08:22,699.5,791607
2021-04-15 10:08:23,699.9,791697
2021-04-15 10:08:24,699.9,791813
2021-04-15 10:08:25,699.7,792183
2021-04-15 10:08:26,699.7,792246
2021-04-15 10:08:27,699.7,792256
2021-04-15 10:08:28,699.7,792256
2021-04-15 10:08:29,699.6,792258
2021-04-15 10:08:30,699.6,792259
2021-04-15 10:08:31,699.75,792412
2021-04-15 10:08:32,699.6,792419
2021-04-15 10:08:33,699.6,792419
2021-04-15 10:08:34,699.7,792466
2021-04-15 10:08:35,699.55,792609
2021-04-15 10:08:36,699.55,792637
2021-04-15 10:08:38,699.5,792670
2021-04-15 10:08:39,699.5,792670
2021-04-15 10:08:40,699.75,792677
2021-04-15 10:08:41,699.5,792692
2021-04-15 10:08:42,699.75,792697
2021-04-15 10:08:43,699.75,792697
2021-04-15 10:08:44,699.75,792697
2021-04-15 10:08:45,699.7,792857
2021-04-15 10:08:46,699.5,792868
2021-04-15 10:08:47,699.4,792935
2021-04-15 10:08:49,699.2,792965
2021-04-15 10:08:49,699.15,793060
2021-04-15 10:08:50,699.05,793133
2021-04-15 10:08:52,699.05,793179
2021-04-15 10:08:53,699.15,793198
2021-04-15 10:08:54,699.15,793207
2021-04-15 10:08:55,699.55,793239
2021-04-15 10:08:56,699.3,793344
2021-04-15 10:08:57,699.3,793361
2021-04-15 10:08:58,699.55,793366
2021-04-15 10:08:59,699.4,793367
2021-04-15 10:09:00,699.4,793367
2021-04-15 10:09:01,699.4,793370
2021-04-15 10:09:02,699.5,793391
2021-04-15 10:09:03,699.4,793394
2021-04-15 10:09:04,699.4,793394
2021-04-15 10:09:05,699.4,793416
2021-04-15 10:09:06,699.5,793441
2021-04-15 10:09:07,699.4,793445
2021-04-15 10:09:08,699.5,793446
2021-04-15 10:09:09,699.4,793460
2021-04-15 10:09:10,699.4,793609
2021-04-15 10:09:11,699.05,793734
2021-04-15 10:09:12,699.4,793753
2021-04-15 10:09:14,699.4,793753
2021-04-15 10:09:15,699.05,794053
2021-04-15 10:09:16,699.0,794826
2021-04-15 10:09:17,699.05,794954
2021-04-15 10:09:18,699.05,794977
2021-04-15 10:09:18,699.0,794981
2021-04-15 10:09:19,699.0,795007
2021-04-15 10:09:20,699.0,795209
2021-04-15 10:09:21,699.0,795244
2021-04-15 10:09:22,699.0,795244
2021-04-15 10:09:24,699.0,795244
2021-04-15 10:09:25,699.0,795244
2021-04-15 10:09:26,698.45,796362
2021-04-15 10:09:27,698.4,796412
2021-04-15 10:09:28,698.4,796496
2021-04-15 10:09:29,698.0,796581
2021-04-15 10:09:30,698.0,796598
2021-04-15 10:09:31,698.0,796615
2021-04-15 10:09:32,698.0,796775
2021-04-15 10:09:33,698.0,796803
2021-04-15 10:09:35,698.0,796803
2021-04-15 10:09:36,698.0,796851
2021-04-15 10:09:37,698.0,796890
2021-04-15 10:09:38,698.0,796911
2021-04-15 10:09:39,698.0,796913
2021-04-15 10:09:40,698.05,796924
2021-04-15 10:09:41,698.0,796926
2021-04-15 10:09:41,698.0,796961
2021-04-15 10:09:42,698.05,796968
2021-04-15 10:09:43,698.0,797005
2021-04-15 10:09:44,698.0,797012
2021-04-15 10:09:45,698.0,797041
2021-04-15 10:09:46,698.2,797048
2021-04-15 10:09:47,698.05,797049
2021-04-15 10:09:48,698.5,797563
2021-04-15 10:09:50,698.0,797797
2021-04-15 10:09:51,698.0,797815
2021-04-15 10:09:52,698.0,797839
2021-04-15 10:09:53,698.0,797959
2021-04-15 10:09:54,698.0,798014
2021-04-15 10:09:56,698.0,798352
2021-04-15 10:09:57,698.0,798352
2021-04-15 10:09:58,698.0,798368
2021-04-15 10:09:59,698.0,798371
2021-04-15 10:10:00,698.2,798641
2021-04-15 10:10:01,698.0,798789
2021-04-15 10:10:02,698.0,798857
2021-04-15 10:10:03,698.0,798997
2021-04-15 10:10:04,698.0,799020
2021-04-15 10:10:06,698.0,799024
2021-04-15 10:10:07,698.0,799197
2021-04-15 10:10:07,698.1,799232
2021-04-15 10:10:08,698.1,799243
2021-04-15 10:10:10,698.1,799295
2021-04-15 10:10:11,698.0,799344
2021-04-15 10:10:12,697.7,799351
2021-04-15 10:10:13,698.05,799352
2021-04-15 10:10:13,698.05,799352
2021-04-15 10:10:14,698.05,799352
2021-04-15 10:10:16,698.05,799363
2021-04-15 10:10:17,697.7,799465
2021-04-15 10:10:18,697.75,799468
2021-04-15 10:10:19,698.05,799569
2021-04-15 10:10:20,697.7,799584
2021-04-15 10:10:21,697.7,799584
2021-04-15 10:10:23,697.7,799584
2021-04-15 10:10:24,698.0,799589
2021-04-15 10:10:25,697.6,799610
2021-04-15 10:10:26,697.6,799613
2021-04-15 10:10:27,697.55,799643
2021-04-15 10:10:27,697.5,799669
2021-04-15 10:10:28,697.5,799672
2021-04-15 10:10:30,697.55,799692
2021-04-15 10:10:31,697.5,799711
2021-04-15 10:10:31,697.5,799718
2021-04-15 10:10:32,697.5,799719
2021-04-15 10:10:34,697.65,799836
2021-04-15 10:10:34,697.55,799857
2021-04-15 10:10:35,697.5,799884
2021-04-15 10:10:36,697.9,799905
2021-04-15 10:10:38,697.9,799924
2021-04-15 10:10:39,697.75,799930
2021-04-15 10:10:40,697.7,799931
2021-04-15 10:10:41,697.7,799931
2021-04-15 10:10:42,697.7,799931
2021-04-15 10:10:42,697.7,799931
2021-04-15 10:10:43,697.55,799992
2021-04-15 10:10:44,697.75,800204
2021-04-15 10:10:45,697.7,800263
2021-04-15 10:10:46,697.85,800780
2021-04-15 10:10:47,697.4,800847
2021-04-15 10:10:48,697.15,802875
2021-04-15 10:10:49,697.15,803228
2021-04-15 10:10:50,697.1,803520
2021-04-15 10:10:51,697.4,803572
2021-04-15 10:10:53,697.0,804073
2021-04-15 10:10:53,697.05,804161
2021-04-15 10:10:54,697.0,804731
2021-04-15 10:10:55,697.1,805564
2021-04-15 10:10:56,697.45,805698
2021-04-15 10:10:57,697.05,805712
2021-04-15 10:10:58,697.5,806023
2021-04-15 10:10:59,697.15,806077
2021-04-15 10:11:00,697.15,806077
2021-04-15 10:11:01,697.15,806107
2021-04-15 10:11:02,697.1,806313
2021-04-15 10:11:03,697.1,806649
2021-04-15 10:11:04,697.5,806704
2021-04-15 10:11:05,697.1,806818
2021-04-15 10:11:06,697.5,807105
2021-04-15 10:11:07,697.0,807377
2021-04-15 10:11:08,697.0,807502
2021-04-15 10:11:09,697.05,807517
2021-04-15 10:11:10,697.4,807617
2021-04-15 10:11:11,697.3,807635
2021-04-15 10:11:13,697.25,808135
2021-04-15 10:11:13,697.3,808457
2021-04-15 10:11:14,697.3,808499
2021-04-15 10:11:15,697.65,808848
2021-04-15 10:11:17,697.55,808909
2021-04-15 10:11:18,697.8,808914
2021-04-15 10:11:19,697.8,808958
2021-04-15 10:11:20,697.5,808966
2021-04-15 10:11:21,697.5,808966
2021-04-15 10:11:21,697.5,808966
2021-04-15 10:11:22,697.5,808966
2021-04-15 10:11:24,697.5,808966
2021-04-15 10:11:25,697.5,808966
2021-04-15 10:11:26,697.5,808966
2021-04-15 10:11:27,697.5,808966
2021-04-15 10:11:28,697.75,809017
2021-04-15 10:11:30,697.5,809026
2021-04-15 10:11:31,697.5,809026
2021-04-15 10:11:32,697.75,809028
2021-04-15 10:11:33,697.75,809028
2021-04-15 10:11:34,697.75,809028
2021-04-15 10:11:35,697.9,809472
2021-04-15 10:11:36,697.9,809570
2021-04-15 10:11:37,697.9,809575
2021-04-15 10:11:38,697.75,809576
2021-04-15 10:11:39,697.75,809576
2021-04-15 10:11:39,698.0,809775
2021-04-15 10:11:40,698.0,809820
2021-04-15 10:11:41,698.0,809822
2021-04-15 10:11:43,698.0,810202
2021-04-15 10:11:43,698.0,810222
2021-04-15 10:11:44,698.0,810288
2021-04-15 10:11:45,698.0,810302
