timestamp,ltp,volume
2021-04-15 09:15:04,6818.1,12653
2021-04-15 09:15:05,6816.85,13048
2021-04-15 09:15:06,6817.3,13317
2021-04-15 09:15:07,6816.55,13823
2021-04-15 09:15:08,6811.55,14085
2021-04-15 09:15:09,6811.9,14700
2021-04-15 09:15:10,6809.1,15240
2021-04-15 09:15:11,6801.85,15772
2021-04-15 09:15:12,6801.3,16096
2021-04-15 09:15:13,6805.9,16460
2021-04-15 09:15:14,6805.9,16929
2021-04-15 09:15:15,6805.95,17111
2021-04-15 09:15:16,6805.5,17418
2021-04-15 09:15:17,6800.45,17542
2021-04-15 09:15:18,6801.85,17964
2021-04-15 09:15:19,6801.4,18074
2021-04-15 09:15:20,6800.5,18980
2021-04-15 09:15:21,6800.0,19583
2021-04-15 09:15:22,6799.85,19998
2021-04-15 09:15:23,6797.25,20110
2021-04-15 09:15:24,6794.0,20502
2021-04-15 09:15:25,6794.0,20850
2021-04-15 09:15:26,6791.75,21172
2021-04-15 09:15:27,6790.65,21354
2021-04-15 09:15:28,6790.6,21414
2021-04-15 09:15:29,6790.55,21692
2021-04-15 09:15:30,6790.65,21880
2021-04-15 09:15:31,6790.65,21885
2021-04-15 09:15:32,6791.65,22387
2021-04-15 09:15:33,6791.2,22628
2021-04-15 09:15:34,6793.3,22907
2021-04-15 09:15:35,6800.0,23446
2021-04-15 09:15:36,6795.55,23762
2021-04-15 09:15:37,6800.55,24188
2021-04-15 09:15:37,6801.8,24195
2021-04-15 09:15:38,6799.4,24746
2021-04-15 09:15:40,6797.15,24946
2021-04-15 09:15:41,6797.15,25078
2021-04-15 09:15:42,6799.65,25196
2021-04-15 09:15:43,6795.75,25691
2021-04-15 09:15:44,6792.5,25768
2021-04-15 09:15:45,6791.65,25901
2021-04-15 09:15:46,6792.55,26005
2021-04-15 09:15:47,6790.35,26136
2021-04-15 09:15:48,6797.15,26624
2021-04-15 09:15:49,6800.25,26937
2021-04-15 09:15:50,6799.95,27565
2021-04-15 09:15:51,6809.45,27838
2021-04-15 09:15:52,6806.5,28142
2021-04-15 09:15:53,6807.7,28178
2021-04-15 09:15:54,6809.45,28468
2021-04-15 09:15:55,6808.15,30013
2021-04-15 09:15:56,6808.6,30165
2021-04-15 09:15:57,6808.6,30277
2021-04-15 09:15:58,6809.1,30431
2021-04-15 09:15:59,6809.4,30492
2021-04-15 09:16:00,6809.25,30617
2021-04-15 09:16:01,6809.15,30923
2021-04-15 09:16:02,6807.65,31139
2021-04-15 09:16:03,6807.65,31196
2021-04-15 09:16:04,6811.7,31264
2021-04-15 09:16:05,6811.65,31373
2021-04-15 09:16:05,6810.0,31426
2021-04-15 09:16:06,6808.85,31530
2021-04-15 09:16:07,6809.3,31713
2021-04-15 09:16:08,6807.75,33350
2021-04-15 09:16:10,6808.2,33510
2021-04-15 09:16:11,6808.6,33685
2021-04-15 09:16:12,6803.8,34039
2021-04-15 09:16:13,6804.25,34214
2021-04-15 09:16:14,6800.75,34312
2021-04-15 09:16:15,6800.8,34397
2021-04-15 09:16:16,6804.2,34490
2021-04-15 09:16:17,6801.2,34533
2021-04-15 09:16:18,6804.0,34561
2021-04-15 09:16:19,6803.9,34715
2021-04-15 09:16:20,6800.05,34837
2021-04-15 09:16:21,6803.85,34846
2021-04-15 09:16:22,6800.55,35019
2021-04-15 09:16:23,6803.55,35106
2021-04-15 09:16:24,6803.55,35322
2021-04-15 09:16:25,6801.35,35449
2021-04-15 09:16:26,6802.7,36028
2021-04-15 09:16:26,6808.0,36253
2021-04-15 09:16:28,6805.45,36912
2021-04-15 09:16:28,6805.7,36795
2021-04-15 09:16:29,6805.85,36947
2021-04-15 09:16:30,6805.85,37188
2021-04-15 09:16:31,6805.75,37494
2021-04-15 09:16:32,6804.05,37671
2021-04-15 09:16:34,6807.15,37713
2021-04-15 09:16:35,6807.2,37728
2021-04-15 09:16:36,6806.5,37751
2021-04-15 09:16:37,6806.5,37769
2021-04-15 09:16:38,6806.35,37979
2021-04-15 09:16:39,6806.45,38059
2021-04-15 09:16:39,6806.45,38068
2021-04-15 09:16:40,6806.45,38209
2021-04-15 09:16:41,6806.45,38288
2021-04-15 09:16:42,6803.2,38347
2021-04-15 09:16:43,6804.4,38414
2021-04-15 09:16:44,6806.5,38462
2021-04-15 09:16:45,6804.4,38518
2021-04-15 09:16:46,6806.45,38561
2021-04-15 09:16:48,6802.1,38981
2021-04-15 09:16:49,6806.1,39075
2021-04-15 09:16:50,6806.1,39088
2021-04-15 09:16:51,6805.95,39150
2021-04-15 09:16:51,6805.95,39150
2021-04-15 09:16:52,6802.9,39306
2021-04-15 09:16:53,6803.35,39402
2021-04-15 09:16:55,6801.6,39445
2021-04-15 09:16:56,6801.45,39451
2021-04-15 09:16:57,6801.45,39606
2021-04-15 09:16:58,6804.1,39783
2021-04-15 09:16:59,6804.65,39919
2021-04-15 09:17:00,6814.0,40722
2021-04-15 09:17:01,6813.85,40820
2021-04-15 09:17:02,6809.4,41155
2021-04-15 09:17:03,6804.0,41370
2021-04-15 09:17:04,6803.6,41589
2021-04-15 09:17:05,6806.4,41687
2021-04-15 09:17:06,6806.4,41831
2021-04-15 09:17:07,6804.5,41876
2021-04-15 09:17:08,6806.75,42099
2021-04-15 09:17:09,6803.55,42384
2021-04-15 09:17:10,6806.4,42414
2021-04-15 09:17:11,6806.4,42528
2021-04-15 09:17:12,6805.5,42557
2021-04-15 09:17:13,6805.5,42722
2021-04-15 09:17:13,6806.4,42718
2021-04-15 09:17:15,6805.3,42756
2021-04-15 09:17:16,6805.5,43894
2021-04-15 09:17:17,6809.65,44113
2021-04-15 09:17:18,6808.15,44693
2021-04-15 09:17:19,6810.25,44831
2021-04-15 09:17:20,6810.7,45047
2021-04-15 09:17:21,6812.7,45416
2021-04-15 09:17:22,6812.6,45618
2021-04-15 09:17:22,6812.6,45618
2021-04-15 09:17:24,6812.5,45648
2021-04-15 09:17:25,6810.45,45678
2021-04-15 09:17:26,6810.05,45682
2021-04-15 09:17:27,6811.3,45687
2021-04-15 09:17:28,6810.55,45719
2021-04-15 09:17:29,6811.3,45739
2021-04-15 09:17:30,6810.9,45779
2021-04-15 09:17:31,6810.95,45934
2021-04-15 09:17:32,6811.15,46013
2021-04-15 09:17:32,6811.15,46013
2021-04-15 09:17:33,6807.65,46075
2021-04-15 09:17:35,6810.05,46186
2021-04-15 09:17:36,6809.9,46266
2021-04-15 09:17:37,6809.9,46266
2021-04-15 09:17:38,6809.85,46398
2021-04-15 09:17:39,6809.85,46431
2021-04-15 09:17:40,6805.8,47514
2021-04-15 09:17:41,6802.65,47690
2021-04-15 09:17:41,6806.4,47738
2021-04-15 09:17:43,6806.4,47811
2021-04-15 09:17:44,6806.4,47893
2021-04-15 09:17:45,6805.1,47959
2021-04-15 09:17:46,6805.75,48095
2021-04-15 09:17:47,6803.45,48322
2021-04-15 09:17:48,6803.45,48322
2021-04-15 09:17:49,6804.4,48449
2021-04-15 09:17:50,6804.35,48451
2021-04-15 09:17:51,6801.3,48478
2021-04-15 09:17:52,6800.95,48516
2021-04-15 09:17:53,6800.8,48640
2021-04-15 09:17:54,6796.8,49145
2021-04-15 09:17:55,6803.85,49159
2021-04-15 09:17:56,6801.75,49258
2021-04-15 09:17:56,6801.75,49253
2021-04-15 09:17:58,6801.75,49344
2021-04-15 09:17:59,6803.6,49482
2021-04-15 09:18:00,6802.7,49647
2021-04-15 09:18:01,6800.65,49669
2021-04-15 09:18:02,6802.7,49736
2021-04-15 09:18:03,6800.55,49784
2021-04-15 09:18:04,6803.4,50111
2021-04-15 09:18:04,6803.4,50111
2021-04-15 09:18:05,6802.0,50301
2021-04-15 09:18:07,6802.0,50355
2021-04-15 09:18:08,6800.45,50496
2021-04-15 09:18:09,6803.6,50763
2021-04-15 09:18:10,6806.0,51404
2021-04-15 09:18:11,6809.65,51491
2021-04-15 09:18:12,6811.8,52384
2021-04-15 09:18:13,6811.85,52593
2021-04-15 09:18:14,6809.35,52606
2021-04-15 09:18:15,6811.85,52720
2021-04-15 09:18:15,6811.9,52702
2021-04-15 09:18:17,6815.0,53106
2021-04-15 09:18:18,6812.0,53116
2021-04-15 09:18:19,6815.65,53281
2021-04-15 09:18:20,6815.6,53482
2021-04-15 09:18:21,6815.65,53487
2021-04-15 09:18:22,6815.65,53498
2021-04-15 09:18:23,6816.85,53770
2021-04-15 09:18:24,6815.5,53998
2021-04-15 09:18:24,6815.5,53998
2021-04-15 09:18:25,6815.0,54010
2021-04-15 09:18:27,6814.5,54180
2021-04-15 09:18:28,6814.45,54218
2021-04-15 09:18:29,6813.75,54228
2021-04-15 09:18:30,6813.75,54282
2021-04-15 09:18:31,6811.85,54310
2021-04-15 09:18:33,6811.0,54552
2021-04-15 09:18:34,6813.1,54574
2021-04-15 09:18:35,6813.1,54579
2021-04-15 09:18:36,6813.1,54579
2021-04-15 09:18:37,6812.65,56360
2021-04-15 09:18:38,6812.8,56496
2021-04-15 09:18:39,6815.0,56707
2021-04-15 09:18:40,6814.1,56717
2021-04-15 09:18:41,6813.7,56880
2021-04-15 09:18:42,6814.1,56886
2021-04-15 09:18:43,6812.8,56939
2021-04-15 09:18:44,6813.05,56942
2021-04-15 09:18:45,6813.7,57132
2021-04-15 09:18:46,6813.2,57224
2021-04-15 09:18:47,6814.85,57236
2021-04-15 09:18:48,6812.85,57465
2021-04-15 09:18:48,6812.85,57465
2021-04-15 09:18:49,6811.05,57526
2021-04-15 09:18:50,6808.85,57584
2021-04-15 09:18:51,6811.5,57598
2021-04-15 09:18:53,6807.6,57701
2021-04-15 09:18:54,6810.35,57825
2021-04-15 09:18:55,6809.95,57833
2021-04-15 09:18:56,6807.65,57917
2021-04-15 09:18:57,6810.55,58017
2021-04-15 09:18:58,6808.45,58106
2021-04-15 09:18:59,6812.6,58166
2021-04-15 09:19:00,6810.85,58278
2021-04-15 09:19:01,6811.1,58305
2021-04-15 09:19:02,6811.1,58326
2021-04-15 09:19:03,6808.8,58383
2021-04-15 09:19:04,6810.35,58504
2021-04-15 09:19:05,6807.65,58611
2021-04-15 09:19:06,6807.65,58616
2021-04-15 09:19:07,6807.65,58769
2021-04-15 09:19:08,6811.0,59115
2021-04-15 09:19:09,6810.65,59155
2021-04-15 09:19:10,6810.0,59240
2021-04-15 09:19:11,6808.15,59243
2021-04-15 09:19:12,6810.65,59816
2021-04-15 09:19:13,6812.0,59973
2021-04-15 09:19:14,6810.3,60096
2021-04-15 09:19:15,6815.0,60286
2021-04-15 09:19:17,6810.7,60478
2021-04-15 09:19:18,6811.2,60525
2021-04-15 09:19:19,6814.25,60580
2021-04-15 09:19:20,6814.4,60691
2021-04-15 09:19:21,6811.25,60761
2021-04-15 09:19:22,6815.0,61001
2021-04-15 09:19:23,6815.0,61001
2021-04-15 09:19:24,6813.25,61093
2021-04-15 09:19:25,6813.25,61093
2021-04-15 09:19:26,6810.55,61142
2021-04-15 09:19:27,6810.4,61151
2021-04-15 09:19:28,6808.1,61329
2021-04-15 09:19:29,6808.1,61368
2021-04-15 09:19:30,6808.0,61424
2021-04-15 09:19:31,6808.3,61653
2021-04-15 09:19:32,6810.0,61945
2021-04-15 09:19:33,6809.85,62061
2021-04-15 09:19:34,6810.4,62110
2021-04-15 09:19:35,6808.2,62370
2021-04-15 09:19:36,6808.15,62384
2021-04-15 09:19:37,6807.65,62511
2021-04-15 09:19:38,6810.7,62543
2021-04-15 09:19:39,6810.0,62545
2021-04-15 09:19:40,6810.65,62562
2021-04-15 09:19:42,6807.1,62680
2021-04-15 09:19:43,6807.0,62699
2021-04-15 09:19:44,6807.0,62699
2021-04-15 09:19:45,6807.0,63739
2021-04-15 09:19:46,6807.0,63843
2021-04-15 09:19:47,6807.0,63843
2021-04-15 09:19:48,6805.75,63872
2021-04-15 09:19:49,6801.05,64304
2021-04-15 09:19:50,6800.05,64371
2021-04-15 09:19:51,6803.9,64459
2021-04-15 09:19:52,6801.3,64474
2021-04-15 09:19:53,6801.1,64692
2021-04-15 09:19:54,6801.05,64719
2021-04-15 09:19:55,6800.35,64733
2021-04-15 09:19:56,6800.35,64797
2021-04-15 09:19:57,6800.0,64821
2021-04-15 09:19:58,6800.0,64821
2021-04-15 09:19:59,6800.0,65337
2021-04-15 09:20:00,6797.2,65338
2021-04-15 09:20:01,6799.75,65666
2021-04-15 09:20:02,6796.55,65755
2021-04-15 09:20:03,6795.9,65871
2021-04-15 09:20:04,6793.85,66267
2021-04-15 09:20:05,6792.45,66350
2021-04-15 09:20:06,6792.45,66362
2021-04-15 09:20:07,6792.45,66362
2021-04-15 09:20:08,6796.15,66659
2021-04-15 09:20:09,6793.15,66777
2021-04-15 09:20:10,6791.0,66821
2021-04-15 09:20:11,6790.55,68325
2021-04-15 09:20:12,6790.15,68663
2021-04-15 09:20:13,6790.2,68673
2021-04-15 09:20:14,6790.2,68673
2021-04-15 09:20:15,6790.2,68760
2021-04-15 09:20:16,6791.1,68902
2021-04-15 09:20:17,6789.75,69116
2021-04-15 09:20:18,6790.05,69358
2021-04-15 09:20:19,6789.55,69628
2021-04-15 09:20:20,6789.55,69628
2021-04-15 09:20:21,6790.0,69637
2021-04-15 09:20:22,6789.45,69678
2021-04-15 09:20:23,6790.05,69769
2021-04-15 09:20:24,6783.35,72358
2021-04-15 09:20:25,6787.7,72676
2021-04-15 09:20:26,6784.25,72915
2021-04-15 09:20:27,6786.0,73005
2021-04-15 09:20:28,6786.0,73027
2021-04-15 09:20:29,6785.0,73031
2021-04-15 09:20:30,6783.9,73086
2021-04-15 09:20:31,6784.2,73115
2021-04-15 09:20:32,6782.6,73402
2021-04-15 09:20:33,6783.25,73420
2021-04-15 09:20:34,6781.45,73531
2021-04-15 09:20:35,6783.45,73581
2021-04-15 09:20:36,6783.5,73660
2021-04-15 09:20:37,6781.8,73701
2021-04-15 09:20:38,6783.5,73738
2021-04-15 09:20:39,6781.85,73745
2021-04-15 09:20:40,6781.85,73810
2021-04-15 09:20:41,6780.45,73962
2021-04-15 09:20:42,6782.0,73976
2021-04-15 09:20:43,6782.0,74026
2021-04-15 09:20:45,6781.45,74158
2021-04-15 09:20:46,6781.45,74158
2021-04-15 09:20:47,6782.0,74174
2021-04-15 09:20:48,6781.6,74221
2021-04-15 09:20:49,6782.0,74236
2021-04-15 09:20:50,6780.0,74328
2021-04-15 09:20:51,6779.55,74380
2021-04-15 09:20:52,6780.3,74382
2021-04-15 09:20:53,6780.1,74425
2021-04-15 09:20:54,6780.1,74466
2021-04-15 09:20:55,6780.2,74642
2021-04-15 09:20:56,6779.05,74749
2021-04-15 09:20:57,6780.15,74767
2021-04-15 09:20:58,6777.0,74831
2021-04-15 09:20:59,6777.0,74861
2021-04-15 09:21:00,6778.0,74926
2021-04-15 09:21:01,6775.0,74980
2021-04-15 09:21:02,6775.0,74984
2021-04-15 09:21:03,6772.2,75233
2021-04-15 09:21:04,6770.0,75527
2021-04-15 09:21:05,6770.6,75628
2021-04-15 09:21:06,6773.1,75959
2021-04-15 09:21:07,6771.2,76063
2021-04-15 09:21:08,6781.0,76410
2021-04-15 09:21:09,6776.8,76440
2021-04-15 09:21:10,6777.55,76573
2021-04-15 09:21:11,6781.45,76678
2021-04-15 09:21:12,6779.85,76691
2021-04-15 09:21:13,6778.35,76714
2021-04-15 09:21:14,6779.85,76940
2021-04-15 09:21:16,6777.85,76997
2021-04-15 09:21:17,6778.6,77213
2021-04-15 09:21:18,6783.45,77454
2021-04-15 09:21:18,6789.3,78124
2021-04-15 09:21:19,6783.25,78237
2021-04-15 09:21:20,6787.5,78452
2021-04-15 09:21:21,6786.3,78554
2021-04-15 09:21:22,6788.6,78580
2021-04-15 09:21:23,6787.4,78638
2021-04-15 09:21:24,6787.4,78669
2021-04-15 09:21:26,6787.4,78711
2021-04-15 09:21:26,6789.0,78721
2021-04-15 09:21:27,6783.0,78765
2021-04-15 09:21:29,6786.45,78957
2021-04-15 09:21:29,6786.35,78947
2021-04-15 09:21:31,6786.45,79046
2021-04-15 09:21:32,6788.0,79056
2021-04-15 09:21:34,6779.85,79472
2021-04-15 09:21:35,6782.1,79479
2021-04-15 09:21:36,6780.6,79493
2021-04-15 09:21:37,6780.75,79498
2021-04-15 09:21:38,6782.4,79671
2021-04-15 09:21:38,6782.4,79671
2021-04-15 09:21:39,6786.35,79713
2021-04-15 09:21:40,6782.55,79741
2021-04-15 09:21:41,6782.55,79741
2021-04-15 09:21:42,6782.55,79778
2021-04-15 09:21:43,6784.15,79834
2021-04-15 09:21:44,6784.15,79834
2021-04-15 09:21:45,6782.4,79971
2021-04-15 09:21:46,6782.4,79985
2021-04-15 09:21:47,6783.55,80022
2021-04-15 09:21:48,6782.5,80166
2021-04-15 09:21:49,6783.55,80177
2021-04-15 09:21:50,6780.6,80285
2021-04-15 09:21:51,6781.05,80288
2021-04-15 09:21:52,6782.5,80295
2021-04-15 09:21:53,6782.5,80332
2021-04-15 09:21:54,6781.1,80373
2021-04-15 09:21:55,6781.1,80379
2021-04-15 09:21:56,6781.1,80396
2021-04-15 09:21:57,6781.1,80396
2021-04-15 09:21:58,6779.0,80548
2021-04-15 09:21:59,6777.9,80574
2021-04-15 09:22:00,6777.55,80589
2021-04-15 09:22:01,6776.8,80616
2021-04-15 09:22:02,6776.25,80818
2021-04-15 09:22:03,6776.25,80819
2021-04-15 09:22:04,6775.05,81349
2021-04-15 09:22:05,6774.0,81460
2021-04-15 09:22:06,6771.0,81487
2021-04-15 09:22:07,6771.9,81609
2021-04-15 09:22:08,6771.9,81609
2021-04-15 09:22:09,6771.8,81618
2021-04-15 09:22:10,6771.75,81638
2021-04-15 09:22:11,6773.1,81657
2021-04-15 09:22:12,6774.0,81668
2021-04-15 09:22:14,6774.0,81673
2021-04-15 09:22:14,6774.0,81673
2021-04-15 09:22:15,6773.0,81683
2021-04-15 09:22:16,6771.45,81686
2021-04-15 09:22:17,6773.0,81721
2021-04-15 09:22:18,6773.0,81754
2021-04-15 09:22:19,6773.0,81804
2021-04-15 09:22:20,6773.2,82017
2021-04-15 09:22:21,6771.45,82029
2021-04-15 09:22:22,6771.1,82062
2021-04-15 09:22:23,6771.1,82062
2021-04-15 09:22:24,6771.1,82062
2021-04-15 09:22:25,6773.0,82065
2021-04-15 09:22:26,6770.35,82125
2021-04-15 09:22:27,6772.5,82247
2021-04-15 09:22:28,6771.0,82269
2021-04-15 09:22:29,6773.0,82438
2021-04-15 09:22:30,6770.6,82448
2021-04-15 09:22:31,6773.0,82466
2021-04-15 09:22:32,6773.0,82476
2021-04-15 09:22:33,6771.5,82600
2021-04-15 09:22:34,6773.75,82648
2021-04-15 09:22:36,6770.5,82916
2021-04-15 09:22:37,6773.0,83097
2021-04-15 09:22:38,6770.5,83132
2021-04-15 09:22:38,6770.5,83132
2021-04-15 09:22:39,6770.5,83163
2021-04-15 09:22:40,6770.5,83198
2021-04-15 09:22:41,6770.0,83349
2021-04-15 09:22:42,6773.55,83601
2021-04-15 09:22:43,6770.55,83619
2021-04-15 09:22:44,6770.0,83721
2021-04-15 09:22:45,6770.0,83771
2021-04-15 09:22:46,6775.5,84057
2021-04-15 09:22:47,6773.1,84169
2021-04-15 09:22:48,6772.85,84179
2021-04-15 09:22:49,6772.65,84252
2021-04-15 09:22:50,6772.65,84306
2021-04-15 09:22:51,6771.35,84370
2021-04-15 09:22:52,6771.35,84370
2021-04-15 09:22:53,6775.75,84424
2021-04-15 09:22:55,6779.0,84539
2021-04-15 09:22:55,6779.0,84539
2021-04-15 09:22:56,6776.0,84591
2021-04-15 09:22:57,6775.95,84605
2021-04-15 09:22:58,6778.0,84606
2021-04-15 09:22:59,6775.9,84615
2021-04-15 09:23:00,6778.75,84666
2021-04-15 09:23:01,6778.9,84747
2021-04-15 09:23:02,6775.55,84771
2021-04-15 09:23:03,6772.8,84776
2021-04-15 09:23:04,6772.2,84799
2021-04-15 09:23:05,6775.1,84803
2021-04-15 09:23:06,6774.9,84927
2021-04-15 09:23:07,6774.9,84971
2021-04-15 09:23:08,6774.9,84971
2021-04-15 09:23:09,6774.9,85126
2021-04-15 09:23:10,6772.4,85128
2021-04-15 09:23:11,6773.0,85139
2021-04-15 09:23:12,6772.2,85150
2021-04-15 09:23:13,6772.2,85209
2021-04-15 09:23:14,6772.0,85217
2021-04-15 09:23:15,6772.0,85221
2021-04-15 09:23:16,6770.0,86004
2021-04-15 09:23:17,6771.3,86031
2021-04-15 09:23:18,6767.9,86081
2021-04-15 09:23:19,6767.9,86081
2021-04-15 09:23:20,6767.9,86117
2021-04-15 09:23:21,6767.85,86123
2021-04-15 09:23:22,6769.8,86416
2021-04-15 09:23:23,6767.05,86428
2021-04-15 09:23:25,6767.0,86529
2021-04-15 09:23:27,6767.0,86599
2021-04-15 09:23:29,6768.25,86850
2021-04-15 09:23:30,6767.0,86854
2021-04-15 09:23:31,6765.0,87329
2021-04-15 09:23:31,6766.0,87429
2021-04-15 09:23:33,6767.45,87491
2021-04-15 09:23:33,6765.0,87521
2021-04-15 09:23:35,6768.05,87675
2021-04-15 09:23:36,6767.0,87733
2021-04-15 09:23:37,6767.0,87779
2021-04-15 09:23:38,6767.0,87876
2021-04-15 09:23:39,6768.4,87992
2021-04-15 09:23:40,6765.95,88014
2021-04-15 09:23:41,6767.0,88015
2021-04-15 09:23:42,6767.0,88020
2021-04-15 09:23:43,6765.25,88102
2021-04-15 09:23:44,6767.0,88177
2021-04-15 09:23:45,6767.0,88187
2021-04-15 09:23:46,6767.0,88207
2021-04-15 09:23:48,6767.0,88497
2021-04-15 09:23:49,6767.0,88497
2021-04-15 09:23:49,6767.0,88497
2021-04-15 09:23:51,6766.8,88596
2021-04-15 09:23:52,6763.65,88638
2021-04-15 09:23:53,6766.8,88670
2021-04-15 09:23:54,6763.3,88697
2021-04-15 09:23:55,6762.35,88737
2021-04-15 09:23:56,6762.6,88741
2021-04-15 09:23:57,6766.0,88907
2021-04-15 09:23:58,6766.0,88967
2021-04-15 09:23:58,6765.0,88972
2021-04-15 09:23:59,6762.75,88977
2021-04-15 09:24:00,6762.35,89100
2021-04-15 09:24:01,6762.35,89126
2021-04-15 09:24:02,6771.7,89593
2021-04-15 09:24:03,6767.15,89650
2021-04-15 09:24:04,6767.15,89707
2021-04-15 09:24:05,6767.15,89850
2021-04-15 09:24:06,6767.45,89863
2021-04-15 09:24:07,6769.95,89885
2021-04-15 09:24:08,6766.5,90023
2021-04-15 09:24:09,6767.1,90033
2021-04-15 09:24:10,6767.1,90085
2021-04-15 09:24:11,6767.1,90105
2021-04-15 09:24:12,6767.0,90141
2021-04-15 09:24:13,6767.7,90277
2021-04-15 09:24:14,6769.95,90377
2021-04-15 09:24:15,6764.05,90534
2021-04-15 09:24:16,6767.15,90614
2021-04-15 09:24:17,6767.15,90832
2021-04-15 09:24:18,6764.45,90878
2021-04-15 09:24:19,6767.1,90880
2021-04-15 09:24:20,6764.45,90905
2021-04-15 09:24:21,6767.05,90941
2021-04-15 09:24:22,6764.45,90979
2021-04-15 09:24:23,6764.05,91008
2021-04-15 09:24:24,6764.0,91151
2021-04-15 09:24:25,6764.45,91166
2021-04-15 09:24:26,6763.6,91184
2021-04-15 09:24:27,6764.45,91307
2021-04-15 09:24:28,6762.4,91383
2021-04-15 09:24:29,6765.75,91386
2021-04-15 09:24:31,6762.6,91536
2021-04-15 09:24:32,6762.55,91557
2021-04-15 09:24:33,6763.8,91630
2021-04-15 09:24:34,6767.1,91643
2021-04-15 09:24:35,6767.1,91659
2021-04-15 09:24:36,6768.5,91679
2021-04-15 09:24:36,6768.5,91679
2021-04-15 09:24:37,6767.15,91724
2021-04-15 09:24:38,6764.85,91735
2021-04-15 09:24:39,6764.6,91843
2021-04-15 09:24:40,6764.45,91844
2021-04-15 09:24:41,6768.0,91929
2021-04-15 09:24:42,6766.8,91950
2021-04-15 09:24:43,6761.35,92358
2021-04-15 09:24:44,6760.15,92373
2021-04-15 09:24:46,6761.35,92446
2021-04-15 09:24:46,6760.0,92453
2021-04-15 09:24:48,6763.05,92682
2021-04-15 09:24:49,6764.25,92794
2021-04-15 09:24:50,6760.0,92816
2021-04-15 09:24:51,6760.25,92828
2021-04-15 09:24:52,6760.0,92925
2021-04-15 09:24:53,6760.0,92975
2021-04-15 09:24:54,6760.0,93299
2021-04-15 09:24:55,6757.8,93408
2021-04-15 09:24:56,6757.5,93422
2021-04-15 09:24:57,6756.15,93471
2021-04-15 09:24:58,6757.5,93481
2021-04-15 09:24:59,6756.15,93560
2021-04-15 09:25:00,6756.0,93654
2021-04-15 09:25:01,6756.0,93769
2021-04-15 09:25:02,6759.0,93782
2021-04-15 09:25:03,6756.0,93884
2021-04-15 09:25:04,6752.1,94107
2021-04-15 09:25:05,6755.55,94220
2021-04-15 09:25:06,6754.2,94308
2021-04-15 09:25:07,6755.05,94358
2021-04-15 09:25:08,6755.0,94418
2021-04-15 09:25:09,6755.0,94470
2021-04-15 09:25:10,6753.6,94507
2021-04-15 09:25:11,6752.25,94519
2021-04-15 09:25:12,6751.1,94619
2021-04-15 09:25:13,6753.6,94647
2021-04-15 09:25:14,6755.0,94685
2021-04-15 09:25:15,6753.85,94716
2021-04-15 09:25:16,6752.2,94968
2021-04-15 09:25:17,6753.0,94984
2021-04-15 09:25:18,6751.5,95051
2021-04-15 09:25:19,6751.1,95102
2021-04-15 09:25:20,6753.05,95388
2021-04-15 09:25:21,6752.9,95423
2021-04-15 09:25:22,6754.0,95591
2021-04-15 09:25:23,6753.7,95620
2021-04-15 09:25:24,6753.65,95630
2021-04-15 09:25:27,6759.3,96030
2021-04-15 09:25:29,6753.3,96201
2021-04-15 09:25:30,6759.8,96351
2021-04-15 09:25:31,6756.05,96363
2021-04-15 09:25:31,6755.15,96371
2021-04-15 09:25:32,6756.05,96418
2021-04-15 09:25:33,6756.05,96548
2021-04-15 09:25:34,6756.05,96584
2021-04-15 09:25:36,6760.0,96825
2021-04-15 09:25:36,6760.0,96825
2021-04-15 09:25:38,6765.0,97440
2021-04-15 09:25:39,6767.7,97625
2021-04-15 09:25:40,6767.55,97658
2021-04-15 09:25:41,6767.55,97734
2021-04-15 09:25:42,6763.5,97806
2021-04-15 09:25:43,6763.5,97806
2021-04-15 09:25:44,6764.95,97878
2021-04-15 09:25:45,6761.8,97902
2021-04-15 09:25:46,6760.2,97908
2021-04-15 09:25:47,6760.2,98008
2021-04-15 09:25:47,6760.2,98008
2021-04-15 09:25:49,6760.2,98008
2021-04-15 09:25:50,6762.0,98093
2021-04-15 09:25:51,6764.8,98225
2021-04-15 09:25:52,6763.95,98290
2021-04-15 09:25:53,6764.2,98313
2021-04-15 09:25:54,6762.4,98339
2021-04-15 09:25:55,6767.05,98359
2021-04-15 09:25:56,6768.0,98521
2021-04-15 09:25:57,6764.45,98524
2021-04-15 09:25:58,6764.45,98547
2021-04-15 09:25:59,6764.4,98564
2021-04-15 09:26:00,6764.4,98564
2021-04-15 09:26:00,6764.4,98564
2021-04-15 09:26:02,6765.0,98680
2021-04-15 09:26:03,6765.0,98680
2021-04-15 09:26:04,6765.0,98695
2021-04-15 09:26:04,6765.0,98695
2021-04-15 09:26:06,6768.0,98742
2021-04-15 09:26:06,6768.0,98742
2021-04-15 09:26:07,6768.0,98742
2021-04-15 09:26:08,6768.0,98859
2021-04-15 09:26:09,6768.0,98859
2021-04-15 09:26:10,6768.0,98879
2021-04-15 09:26:11,6766.5,98890
2021-04-15 09:26:12,6765.1,98903
2021-04-15 09:26:14,6766.5,99076
2021-04-15 09:26:15,6766.5,99076
2021-04-15 09:26:18,6765.4,99177
2021-04-15 09:26:19,6765.0,99205
2021-04-15 09:26:19,6765.4,99192
2021-04-15 09:26:20,6765.4,99306
2021-04-15 09:26:21,6765.1,99331
2021-04-15 09:26:22,6765.0,99427
2021-04-15 09:26:23,6765.1,99448
2021-04-15 09:26:24,6765.1,99453
2021-04-15 09:26:25,6765.1,99453
2021-04-15 09:26:26,6762.0,99473
2021-04-15 09:26:27,6765.05,99553
2021-04-15 09:26:28,6760.7,99652
2021-04-15 09:26:30,6763.75,99654
2021-04-15 09:26:31,6763.75,99654
2021-04-15 09:26:32,6760.75,99662
2021-04-15 09:26:33,6760.7,99663
2021-04-15 09:26:34,6761.8,99781
2021-04-15 09:26:34,6762.65,99776
2021-04-15 09:26:38,6764.0,99968
2021-04-15 09:26:40,6764.0,99968
2021-04-15 09:26:41,6766.5,100083
2021-04-15 09:26:42,6763.6,100085
2021-04-15 09:26:43,6763.6,100089
2021-04-15 09:26:43,6763.6,100089
2021-04-15 09:26:44,6763.25,100095
2021-04-15 09:26:45,6763.25,100095
2021-04-15 09:26:46,6764.0,100096
2021-04-15 09:26:48,6763.55,100126
2021-04-15 09:26:49,6762.6,100152
2021-04-15 09:26:50,6764.0,100262
2021-04-15 09:26:50,6764.0,100262
2021-04-15 09:26:51,6761.0,100298
2021-04-15 09:26:52,6761.0,100298
2021-04-15 09:26:54,6763.55,100349
2021-04-15 09:26:55,6763.55,100393
2021-04-15 09:26:56,6765.85,100509
2021-04-15 09:26:56,6765.85,100509
2021-04-15 09:26:57,6762.85,100514
2021-04-15 09:26:59,6762.85,100531
2021-04-15 09:27:00,6762.85,100546
2021-04-15 09:27:01,6762.85,100718
2021-04-15 09:27:02,6762.15,100831
2021-04-15 09:27:02,6760.85,100833
2021-04-15 09:27:03,6764.4,100956
2021-04-15 09:27:04,6760.4,100959
2021-04-15 09:27:06,6763.75,100985
2021-04-15 09:27:07,6760.35,101005
2021-04-15 09:27:08,6760.35,101035
2021-04-15 09:27:09,6760.2,101091
2021-04-15 09:27:10,6760.25,101098
2021-04-15 09:27:10,6760.25,101098
2021-04-15 09:27:11,6764.55,101309
2021-04-15 09:27:14,6763.25,101329
2021-04-15 09:27:15,6763.25,101409
2021-04-15 09:27:16,6760.0,101430
2021-04-15 09:27:16,6762.6,101431
2021-04-15 09:27:17,6760.0,101614
2021-04-15 09:27:19,6762.0,101730
2021-04-15 09:27:20,6761.7,101813
2021-04-15 09:27:21,6761.15,101961
2021-04-15 09:27:21,6761.15,101961
2021-04-15 09:27:22,6760.25,102079
2021-04-15 09:27:23,6760.7,102104
2021-04-15 09:27:25,6768.2,102548
2021-04-15 09:27:26,6768.2,102548
2021-04-15 09:27:27,6765.1,102610
2021-04-15 09:27:28,6768.2,102718
2021-04-15 09:27:29,6765.3,102771
2021-04-15 09:27:29,6765.3,102771
2021-04-15 09:27:30,6769.15,102910
2021-04-15 09:27:31,6770.5,103206
2021-04-15 09:27:32,6772.5,103364
2021-04-15 09:27:33,6772.5,103364
2021-04-15 09:27:34,6773.0,103366
2021-04-15 09:27:36,6773.5,103557
2021-04-15 09:27:37,6773.45,103569
2021-04-15 09:27:38,6775.1,103594
2021-04-15 09:27:39,6780.0,105751
2021-04-15 09:27:40,6780.25,105771
2021-04-15 09:27:40,6780.25,105771
2021-04-15 09:27:41,6780.7,105903
2021-04-15 09:27:42,6782.15,105926
2021-04-15 09:27:43,6778.65,105990
2021-04-15 09:27:44,6778.55,106027
2021-04-15 09:27:46,6782.15,106134
2021-04-15 09:27:47,6781.75,106190
2021-04-15 09:27:48,6781.45,106278
2021-04-15 09:27:49,6780.65,106322
2021-04-15 09:27:50,6781.45,106435
2021-04-15 09:27:51,6779.7,106481
2021-04-15 09:27:51,6778.5,106485
2021-04-15 09:27:52,6778.0,106646
2021-04-15 09:27:53,6778.0,106646
2021-04-15 09:27:54,6777.0,106647
2021-04-15 09:27:55,6780.55,106698
2021-04-15 09:27:57,6777.0,106727
2021-04-15 09:27:58,6778.5,106807
2021-04-15 09:27:59,6781.2,106950
2021-04-15 09:28:00,6778.4,107005
2021-04-15 09:28:01,6778.4,107005
2021-04-15 09:28:02,6780.0,107009
2021-04-15 09:28:03,6777.5,107083
2021-04-15 09:28:04,6777.5,107127
2021-04-15 09:28:04,6777.5,107126
2021-04-15 09:28:06,6779.95,107137
2021-04-15 09:28:07,6776.6,107148
2021-04-15 09:28:08,6776.5,107149
2021-04-15 09:28:09,6776.35,107156
2021-04-15 09:28:10,6777.05,107445
2021-04-15 09:28:11,6777.5,107545
2021-04-15 09:28:12,6776.25,107557
2021-04-15 09:28:12,6776.25,107557
2021-04-15 09:28:14,6777.0,107636
2021-04-15 09:28:15,6777.0,107669
2021-04-15 09:28:16,6777.5,107671
2021-04-15 09:28:17,6777.05,107681
2021-04-15 09:28:18,6777.05,107714
2021-04-15 09:28:19,6777.5,107748
2021-04-15 09:28:20,6777.05,107753
2021-04-15 09:28:22,6779.05,107859
2021-04-15 09:28:23,6777.05,107882
2021-04-15 09:28:23,6786.5,108882
2021-04-15 09:28:27,6779.95,108923
2021-04-15 09:28:28,6781.0,108979
2021-04-15 09:28:29,6780.0,109010
2021-04-15 09:28:30,6780.0,109017
2021-04-15 09:28:31,6779.95,109041
2021-04-15 09:28:31,6779.95,109041
2021-04-15 09:28:32,6779.0,109052
2021-04-15 09:28:34,6779.0,109123
2021-04-15 09:28:35,6776.65,109324
2021-04-15 09:28:36,6776.7,109361
2021-04-15 09:28:37,6779.0,109437
2021-04-15 09:28:37,6779.0,109437
2021-04-15 09:28:38,6779.0,109437
2021-04-15 09:28:40,6770.5,110431
2021-04-15 09:28:41,6770.5,110431
2021-04-15 09:28:42,6770.2,110605
2021-04-15 09:28:43,6770.2,110631
2021-04-15 09:28:44,6770.2,110636
2021-04-15 09:28:44,6766.7,110686
2021-04-15 09:28:46,6766.2,110823
2021-04-15 09:28:47,6766.25,110837
2021-04-15 09:28:48,6766.35,110953
2021-04-15 09:28:49,6770.25,111068
2021-04-15 09:28:49,6770.25,111068
2021-04-15 09:28:50,6766.0,111226
2021-04-15 09:28:52,6769.4,111227
2021-04-15 09:28:53,6766.35,111228
2021-04-15 09:28:54,6766.15,111245
2021-04-15 09:28:55,6769.15,111291
2021-04-15 09:28:56,6767.1,111344
2021-04-15 09:28:57,6767.1,111378
2021-04-15 09:28:58,6767.0,111383
2021-04-15 09:28:59,6768.3,111436
2021-04-15 09:28:59,6768.3,111436
2021-04-15 09:29:00,6767.1,111469
2021-04-15 09:29:02,6767.1,111507
2021-04-15 09:29:03,6768.6,111516
2021-04-15 09:29:04,6766.0,111579
2021-04-15 09:29:05,6770.2,111964
2021-04-15 09:29:05,6770.2,111964
2021-04-15 09:29:06,6772.0,112015
2021-04-15 09:29:08,6770.2,112063
2021-04-15 09:29:09,6770.2,112063
2021-04-15 09:29:10,6770.2,112229
2021-04-15 09:29:11,6770.2,112364
2021-04-15 09:29:12,6771.95,112370
2021-04-15 09:29:12,6771.95,112370
2021-04-15 09:29:13,6770.2,112455
2021-04-15 09:29:15,6770.25,112469
2021-04-15 09:29:16,6770.25,112469
2021-04-15 09:29:17,6771.0,112572
2021-04-15 09:29:18,6771.0,112578
2021-04-15 09:29:18,6770.2,112629
2021-04-15 09:29:20,6770.2,112723
2021-04-15 09:29:21,6770.65,112858
2021-04-15 09:29:22,6770.25,112870
2021-04-15 09:29:23,6772.0,112956
2021-04-15 09:29:24,6770.2,113070
2021-04-15 09:29:25,6770.7,113072
2021-04-15 09:29:26,6770.7,113082
2021-04-15 09:29:27,6772.0,113141
2021-04-15 09:29:27,6772.0,113141
2021-04-15 09:29:29,6770.3,113170
2021-04-15 09:29:30,6770.3,113247
2021-04-15 09:29:31,6770.2,113263
2021-04-15 09:29:32,6770.2,113478
2021-04-15 09:29:33,6770.2,113500
2021-04-15 09:29:34,6775.0,113625
2021-04-15 09:29:35,6770.25,113637
2021-04-15 09:29:36,6770.2,113879
2021-04-15 09:29:36,6770.2,113879
2021-04-15 09:29:38,6771.95,113888
2021-04-15 09:29:39,6771.85,113988
2021-04-15 09:29:40,6770.2,114183
2021-04-15 09:29:41,6770.2,114183
2021-04-15 09:29:42,6770.2,114236
2021-04-15 09:29:42,6770.2,114236
2021-04-15 09:29:44,6771.05,114560
2021-04-15 09:29:45,6767.0,114653
2021-04-15 09:29:46,6768.6,114659
2021-04-15 09:29:47,6768.45,114666
2021-04-15 09:29:48,6765.0,114720
2021-04-15 09:29:49,6765.9,114733
2021-04-15 09:29:50,6765.6,114761
2021-04-15 09:29:51,6765.55,114795
2021-04-15 09:29:52,6768.3,114809
2021-04-15 09:29:53,6765.1,114855
2021-04-15 09:29:54,6765.1,114910
2021-04-15 09:29:55,6765.0,115104
2021-04-15 09:29:56,6765.0,115104
2021-04-15 09:29:57,6764.5,115116
2021-04-15 09:29:58,6762.6,115216
2021-04-15 09:29:59,6765.1,115273
2021-04-15 09:30:00,6765.1,115322
2021-04-15 09:30:01,6765.2,115326
2021-04-15 09:30:02,6765.2,115327
2021-04-15 09:30:03,6762.65,115329
2021-04-15 09:30:04,6762.6,115343
2021-04-15 09:30:05,6762.6,115354
2021-04-15 09:30:06,6765.2,115355
2021-04-15 09:30:07,6765.2,115375
2021-04-15 09:30:08,6764.1,115580
2021-04-15 09:30:09,6755.65,116070
2021-04-15 09:30:10,6758.45,116621
2021-04-15 09:30:11,6757.45,116672
2021-04-15 09:30:12,6758.5,116892
2021-04-15 09:30:13,6758.5,116892
2021-04-15 09:30:14,6757.9,116959
2021-04-15 09:30:15,6757.3,116992
2021-04-15 09:30:16,6757.3,116992
2021-04-15 09:30:17,6756.8,117017
2021-04-15 09:30:18,6756.05,117063
2021-04-15 09:30:19,6756.05,117065
2021-04-15 09:30:20,6756.05,117065
2021-04-15 09:30:21,6756.7,117432
2021-04-15 09:30:22,6757.3,117579
2021-04-15 09:30:23,6759.75,117591
2021-04-15 09:30:24,6759.0,117604
2021-04-15 09:30:25,6759.0,117604
2021-04-15 09:30:26,6756.7,117614
2021-04-15 09:30:27,6756.75,117662
2021-04-15 09:30:28,6757.3,117688
2021-04-15 09:30:29,6757.3,117688
2021-04-15 09:30:30,6756.75,117717
2021-04-15 09:30:31,6756.3,117817
2021-04-15 09:30:32,6759.15,117869
2021-04-15 09:30:34,6756.8,117877
2021-04-15 09:30:33,6756.8,117877
2021-04-15 09:30:35,6759.15,117888
2021-04-15 09:30:36,6759.0,117980
2021-04-15 09:30:37,6759.0,117980
2021-04-15 09:30:38,6759.0,118012
2021-04-15 09:30:39,6758.0,118057
2021-04-15 09:30:40,6757.9,118143
2021-04-15 09:30:41,6759.0,118225
2021-04-15 09:30:42,6759.0,118226
2021-04-15 09:30:43,6759.0,118284
2021-04-15 09:30:44,6759.0,118290
2021-04-15 09:30:45,6759.0,118291
2021-04-15 09:30:46,6756.75,118302
2021-04-15 09:30:47,6756.7,118422
2021-04-15 09:30:48,6756.75,118429
2021-04-15 09:30:50,6756.75,118510
2021-04-15 09:30:49,6756.75,118510
2021-04-15 09:30:51,6756.05,118531
2021-04-15 09:30:52,6757.9,118584
2021-04-15 09:30:53,6758.75,118598
2021-04-15 09:30:54,6757.5,118665
2021-04-15 09:30:55,6756.8,118715
2021-04-15 09:30:56,6758.75,118716
2021-04-15 09:30:57,6759.2,118845
2021-04-15 09:30:58,6756.3,118945
2021-04-15 09:30:59,6756.0,119083
2021-04-15 09:31:00,6756.1,119151
2021-04-15 09:31:01,6756.0,119227
2021-04-15 09:31:02,6757.3,119277
2021-04-15 09:31:03,6757.3,119278
2021-04-15 09:31:05,6755.0,119315
2021-04-15 09:31:06,6755.1,119375
2021-04-15 09:31:07,6757.3,119433
2021-04-15 09:31:08,6757.3,119439
2021-04-15 09:31:09,6754.6,119441
2021-04-15 09:31:10,6756.0,119455
2021-04-15 09:31:11,6754.5,119473
2021-04-15 09:31:12,6756.0,119475
2021-04-15 09:31:13,6755.0,119490
2021-04-15 09:31:14,6756.0,119646
2021-04-15 09:31:15,6753.35,119699
2021-04-15 09:31:16,6756.0,119700
2021-04-15 09:31:17,6756.0,119706
2021-04-15 09:31:18,6755.0,119819
2021-04-15 09:31:19,6755.0,119853
2021-04-15 09:31:20,6754.0,119899
2021-04-15 09:31:21,6753.35,119901
2021-04-15 09:31:22,6753.35,119901
2021-04-15 09:31:23,6753.3,119952
2021-04-15 09:31:24,6752.2,119976
2021-04-15 09:31:25,6755.35,120035
2021-04-15 09:31:26,6755.0,120037
2021-04-15 09:31:27,6755.3,120048
2021-04-15 09:31:28,6755.25,120141
2021-04-15 09:31:29,6751.5,120491
2021-04-15 09:31:30,6751.5,120496
2021-04-15 09:31:31,6752.55,120505
2021-04-15 09:31:32,6751.1,120673
2021-04-15 09:31:33,6751.0,120701
2021-04-15 09:31:34,6750.05,121101
2021-04-15 09:31:35,6751.5,121375
2021-04-15 09:31:36,6750.0,121467
2021-04-15 09:31:37,6750.0,121519
2021-04-15 09:31:38,6750.0,121798
2021-04-15 09:31:39,6750.0,121798
2021-04-15 09:31:40,6750.75,121917
2021-04-15 09:31:41,6750.05,122017
2021-04-15 09:31:42,6746.65,122449
2021-04-15 09:31:43,6750.55,122459
2021-04-15 09:31:44,6750.95,123643
2021-04-15 09:31:45,6754.8,123753
2021-04-15 09:31:46,6750.8,123757
2021-04-15 09:31:47,6750.8,123757
2021-04-15 09:31:48,6752.85,123847
2021-04-15 09:31:49,6746.7,123968
2021-04-15 09:31:50,6746.65,123970
2021-04-15 09:31:51,6746.5,123972
2021-04-15 09:31:52,6746.0,123997
2021-04-15 09:31:53,6746.25,124125
2021-04-15 09:31:54,6746.25,124125
2021-04-15 09:31:55,6746.4,124133
2021-04-15 09:31:56,6746.45,124211
2021-04-15 09:31:57,6750.0,124252
2021-04-15 09:31:58,6746.9,124277
2021-04-15 09:31:59,6749.3,124289
2021-04-15 09:32:01,6746.0,124349
2021-04-15 09:32:02,6745.95,124463
2021-04-15 09:32:03,6748.8,124495
2021-04-15 09:32:04,6749.5,124507
2021-04-15 09:32:05,6749.5,124507
2021-04-15 09:32:06,6746.0,124521
2021-04-15 09:32:07,6748.2,124532
2021-04-15 09:32:09,6746.0,124619
2021-04-15 09:32:09,6746.0,124563
2021-04-15 09:32:10,6749.0,124745
2021-04-15 09:32:11,6745.75,124750
2021-04-15 09:32:12,6745.95,124753
2021-04-15 09:32:13,6745.85,124759
2021-04-15 09:32:14,6745.95,124760
2021-04-15 09:32:15,6749.0,124966
2021-04-15 09:32:16,6752.55,125790
2021-04-15 09:32:17,6751.65,125992
2021-04-15 09:32:18,6754.8,126012
2021-04-15 09:32:20,6752.95,126095
2021-04-15 09:32:20,6752.95,126095
2021-04-15 09:32:21,6752.95,126095
2021-04-15 09:32:22,6748.8,126231
2021-04-15 09:32:23,6752.1,126257
2021-04-15 09:32:24,6752.1,126276
2021-04-15 09:32:25,6749.3,126277
2021-04-15 09:32:26,6749.3,126277
2021-04-15 09:32:27,6752.1,126279
2021-04-15 09:32:28,6752.1,126280
2021-04-15 09:32:29,6750.1,126329
2021-04-15 09:32:30,6750.1,126329
2021-04-15 09:32:31,6750.1,126359
2021-04-15 09:32:32,6751.1,126419
2021-04-15 09:32:33,6749.3,126430
2021-04-15 09:32:34,6750.05,126433
2021-04-15 09:32:35,6750.0,126485
2021-04-15 09:32:36,6748.5,126510
2021-04-15 09:32:37,6748.8,126616
2021-04-15 09:32:38,6749.7,126636
2021-04-15 09:32:39,6749.1,126654
2021-04-15 09:32:40,6749.05,126664
2021-04-15 09:32:41,6745.9,126677
2021-04-15 09:32:42,6748.8,126688
2021-04-15 09:32:43,6748.9,126697
2021-04-15 09:32:44,6745.85,126720
2021-04-15 09:32:45,6745.85,126731
2021-04-15 09:32:47,6747.2,126767
2021-04-15 09:32:48,6749.95,126870
2021-04-15 09:32:48,6749.35,126869
2021-04-15 09:32:49,6749.95,127446
2021-04-15 09:32:50,6749.6,127504
2021-04-15 09:32:51,6748.8,127534
2021-04-15 09:32:52,6749.3,127668
2021-04-15 09:32:53,6749.3,127668
2021-04-15 09:32:54,6749.55,127673
2021-04-15 09:32:55,6749.65,127695
2021-04-15 09:32:56,6746.2,127706
2021-04-15 09:32:57,6749.25,127708
2021-04-15 09:32:58,6746.2,127727
2021-04-15 09:33:00,6746.2,127727
2021-04-15 09:33:02,6748.9,127777
2021-04-15 09:33:03,6747.0,127787
2021-04-15 09:33:04,6748.9,127804
2021-04-15 09:33:05,6746.05,127810
2021-04-15 09:33:06,6744.8,128793
2021-04-15 09:33:07,6744.5,128797
2021-04-15 09:33:07,6748.2,128901
2021-04-15 09:33:08,6744.15,128910
2021-04-15 09:33:09,6747.4,128934
2021-04-15 09:33:10,6744.15,129023
2021-04-15 09:33:11,6743.75,129177
2021-04-15 09:33:12,6744.15,129360
2021-04-15 09:33:14,6743.15,129382
2021-04-15 09:33:14,6743.15,129382
2021-04-15 09:33:15,6743.15,129501
2021-04-15 09:33:16,6746.4,129976
2021-04-15 09:33:17,6746.6,130030
2021-04-15 09:33:18,6746.4,130080
2021-04-15 09:33:19,6746.3,130111
2021-04-15 09:33:20,6745.9,130262
2021-04-15 09:33:21,6748.35,130348
2021-04-15 09:33:22,6746.6,130370
2021-04-15 09:33:23,6749.5,130481
2021-04-15 09:33:24,6748.15,130895
2021-04-15 09:33:25,6743.75,130934
2021-04-15 09:33:26,6743.55,130965
2021-04-15 09:33:27,6743.55,130971
2021-04-15 09:33:29,6743.0,131067
2021-04-15 09:33:30,6743.0,131067
2021-04-15 09:33:31,6743.0,131086
2021-04-15 09:33:32,6743.0,131097
2021-04-15 09:33:33,6743.0,131097
2021-04-15 09:33:34,6744.0,131344
2021-04-15 09:33:35,6742.5,131360
2021-04-15 09:33:36,6742.5,131378
2021-04-15 09:33:36,6742.5,131437
2021-04-15 09:33:37,6742.2,131457
2021-04-15 09:33:38,6742.3,131563
2021-04-15 09:33:39,6747.55,131940
2021-04-15 09:33:40,6744.45,132027
2021-04-15 09:33:41,6744.45,132052
2021-04-15 09:33:42,6744.45,132056
2021-04-15 09:33:43,6744.35,132060
2021-04-15 09:33:44,6745.0,132083
2021-04-15 09:33:45,6742.8,132117
2021-04-15 09:33:46,6742.8,132117
2021-04-15 09:33:48,6744.95,132161
2021-04-15 09:33:48,6744.95,132161
2021-04-15 09:33:49,6745.0,132168
2021-04-15 09:33:50,6742.4,132170
2021-04-15 09:33:51,6742.4,132178
2021-04-15 09:33:52,6742.3,132192
2021-04-15 09:33:53,6742.3,132206
2021-04-15 09:33:54,6742.3,132312
2021-04-15 09:33:55,6742.3,132312
2021-04-15 09:33:56,6744.35,132418
2021-04-15 09:33:58,6744.35,132454
2021-04-15 09:33:59,6747.4,132555
2021-04-15 09:33:59,6742.55,132658
2021-04-15 09:34:00,6743.4,132666
2021-04-15 09:34:01,6746.5,132722
2021-04-15 09:34:02,6741.2,132752
2021-04-15 09:34:03,6741.45,132787
2021-04-15 09:34:05,6742.0,132842
2021-04-15 09:34:06,6741.0,132860
2021-04-15 09:34:06,6741.0,132860
2021-04-15 09:34:07,6741.0,132999
2021-04-15 09:34:09,6741.0,133030
2021-04-15 09:34:10,6741.0,133050
2021-04-15 09:34:12,6741.0,133074
2021-04-15 09:34:13,6743.5,133236
2021-04-15 09:34:14,6741.0,133246
2021-04-15 09:34:15,6740.85,133270
2021-04-15 09:34:16,6742.55,133347
2021-04-15 09:34:17,6742.5,133411
2021-04-15 09:34:17,6742.5,133411
2021-04-15 09:34:18,6741.6,133412
2021-04-15 09:34:19,6741.55,133445
2021-04-15 09:34:20,6745.0,133872
2021-04-15 09:34:21,6741.8,133875
2021-04-15 09:34:22,6741.85,133894
2021-04-15 09:34:23,6741.0,134073
2021-04-15 09:34:25,6741.0,134187
2021-04-15 09:34:26,6741.0,134198
2021-04-15 09:34:27,6741.0,134199
2021-04-15 09:34:28,6741.05,134316
2021-04-15 09:34:30,6741.0,134331
2021-04-15 09:34:31,6741.1,134382
2021-04-15 09:34:31,6741.1,134382
2021-04-15 09:34:32,6740.25,134423
2021-04-15 09:34:33,6740.25,134442
2021-04-15 09:34:34,6743.75,134463
2021-04-15 09:34:35,6741.0,134500
2021-04-15 09:34:37,6740.7,134549
2021-04-15 09:34:38,6741.0,134643
2021-04-15 09:34:38,6743.6,134550
2021-04-15 09:34:39,6740.2,134793
2021-04-15 09:34:40,6740.2,134870
2021-04-15 09:34:41,6741.0,134941
2021-04-15 09:34:42,6740.2,135056
2021-04-15 09:34:43,6740.15,135086
2021-04-15 09:34:45,6741.0,135117
2021-04-15 09:34:47,6741.35,135140
2021-04-15 09:34:48,6741.35,135143
2021-04-15 09:34:48,6743.2,135153
2021-04-15 09:34:49,6740.2,135257
2021-04-15 09:34:50,6743.35,135262
2021-04-15 09:34:51,6741.5,135322
2021-04-15 09:34:52,6738.0,137458
2021-04-15 09:34:53,6737.55,137509
2021-04-15 09:34:55,6736.6,137555
2021-04-15 09:34:57,6735.05,137612
2021-04-15 09:34:57,6735.05,137612
2021-04-15 09:34:58,6735.0,137824
2021-04-15 09:34:59,6734.15,137889
2021-04-15 09:35:00,6734.1,137992
2021-04-15 09:35:02,6736.45,138398
2021-04-15 09:35:03,6733.3,138412
2021-04-15 09:35:04,6732.2,138432
2021-04-15 09:35:05,6731.3,138556
2021-04-15 09:35:05,6731.5,138551
2021-04-15 09:35:06,6731.0,138643
2021-04-15 09:35:07,6730.25,138680
2021-04-15 09:35:08,6730.25,138686
2021-04-15 09:35:09,6730.7,138864
2021-04-15 09:35:10,6730.0,139151
2021-04-15 09:35:11,6730.75,139331
2021-04-15 09:35:12,6730.1,139369
2021-04-15 09:35:13,6731.0,139477
2021-04-15 09:35:14,6731.0,139529
2021-04-15 09:35:15,6729.9,139686
2021-04-15 09:35:17,6729.95,139767
2021-04-15 09:35:18,6729.95,139786
2021-04-15 09:35:19,6730.0,139814
2021-04-15 09:35:19,6730.0,139814
2021-04-15 09:35:20,6729.9,139819
2021-04-15 09:35:21,6728.0,139855
2021-04-15 09:35:22,6729.25,139917
2021-04-15 09:35:23,6727.0,139935
2021-04-15 09:35:24,6725.5,139939
2021-04-15 09:35:25,6725.5,139982
2021-04-15 09:35:26,6725.5,140180
2021-04-15 09:35:27,6726.0,140360
2021-04-15 09:35:28,6725.0,140380
2021-04-15 09:35:29,6724.95,140472
2021-04-15 09:35:31,6724.0,140493
2021-04-15 09:35:32,6725.5,140643
2021-04-15 09:35:32,6724.0,140511
2021-04-15 09:35:33,6727.05,140726
2021-04-15 09:35:34,6724.2,140753
2021-04-15 09:35:35,6724.2,140778
2021-04-15 09:35:36,6723.0,141055
2021-04-15 09:35:37,6723.0,141055
2021-04-15 09:35:38,6723.9,141113
2021-04-15 09:35:39,6721.0,141299
2021-04-15 09:35:40,6721.5,141753
2021-04-15 09:35:41,6722.2,141776
2021-04-15 09:35:42,6721.0,141895
2021-04-15 09:35:43,6720.5,141911
2021-04-15 09:35:44,6720.95,142060
2021-04-15 09:35:46,6725.0,142707
2021-04-15 09:35:47,6720.7,142761
2021-04-15 09:35:48,6720.7,142862
2021-04-15 09:35:49,6720.3,143121
2021-04-15 09:35:50,6723.7,143350
2021-04-15 09:35:51,6720.3,143446
2021-04-15 09:35:51,6721.0,143447
2021-04-15 09:35:52,6721.0,143541
2021-04-15 09:35:53,6720.3,143771
2021-04-15 09:35:54,6720.15,143969
2021-04-15 09:35:55,6720.05,144086
2021-04-15 09:35:56,6723.25,144088
2021-04-15 09:35:57,6723.2,144247
2021-04-15 09:35:58,6723.2,144599
2021-04-15 09:35:59,6723.0,144728
2021-04-15 09:36:00,6723.2,144909
2021-04-15 09:36:01,6721.0,145008
2021-04-15 09:36:03,6723.1,145048
2021-04-15 09:36:04,6721.3,145587
2021-04-15 09:36:05,6721.5,145644
2021-04-15 09:36:07,6722.95,145770
2021-04-15 09:36:08,6720.55,145788
2021-04-15 09:36:09,6720.1,145888
2021-04-15 09:36:10,6720.1,146090
2021-04-15 09:36:11,6720.15,146265
2021-04-15 09:36:12,6721.8,146410
2021-04-15 09:36:13,6719.0,146486
2021-04-15 09:36:14,6719.0,146852
2021-04-15 09:36:15,6719.0,146915
2021-04-15 09:36:16,6716.65,146945
2021-04-15 09:36:17,6717.0,146960
2021-04-15 09:36:18,6716.2,147018
2021-04-15 09:36:19,6715.0,147174
2021-04-15 09:36:20,6716.2,147228
2021-04-15 09:36:21,6714.5,147301
2021-04-15 09:36:22,6713.0,147368
2021-04-15 09:36:23,6718.75,147529
2021-04-15 09:36:24,6715.0,147594
2021-04-15 09:36:25,6713.25,147746
2021-04-15 09:36:26,6712.0,147872
2021-04-15 09:36:27,6712.4,148013
2021-04-15 09:36:28,6711.0,148257
2021-04-15 09:36:29,6710.95,148263
2021-04-15 09:36:30,6710.0,148336
2021-04-15 09:36:30,6710.0,148336
2021-04-15 09:36:31,6710.25,148595
2021-04-15 09:36:32,6710.7,148749
2021-04-15 09:36:33,6710.7,148782
2021-04-15 09:36:34,6711.25,148984
2021-04-15 09:36:35,6711.0,148989
2021-04-15 09:36:36,6710.15,149088
2021-04-15 09:36:37,6711.1,149438
2021-04-15 09:36:38,6710.0,149756
2021-04-15 09:36:39,6709.5,149821
2021-04-15 09:36:40,6710.65,149985
2021-04-15 09:36:41,6714.0,150324
2021-04-15 09:36:42,6711.0,150668
2021-04-15 09:36:43,6713.9,150960
2021-04-15 09:36:44,6713.9,150960
2021-04-15 09:36:45,6712.55,151021
2021-04-15 09:36:46,6713.9,151056
2021-04-15 09:36:47,6713.9,151226
2021-04-15 09:36:48,6712.7,151325
2021-04-15 09:36:49,6711.9,151980
2021-04-15 09:36:50,6716.65,152095
2021-04-15 09:36:51,6713.85,152202
2021-04-15 09:36:52,6712.05,152417
2021-04-15 09:36:55,6711.3,152927
2021-04-15 09:36:56,6712.5,152987
2021-04-15 09:36:57,6712.55,153102
2021-04-15 09:36:58,6712.0,153202
2021-04-15 09:36:59,6712.55,153237
2021-04-15 09:37:00,6714.0,153350
2021-04-15 09:37:01,6714.25,153502
2021-04-15 09:37:02,6713.9,153590
2021-04-15 09:37:02,6713.9,153590
2021-04-15 09:37:03,6716.15,153700
2021-04-15 09:37:04,6716.2,153803
2021-04-15 09:37:05,6717.0,153848
2021-04-15 09:37:06,6716.15,153920
2021-04-15 09:37:07,6717.0,153953
2021-04-15 09:37:08,6715.0,153995
2021-04-15 09:37:09,6715.0,154065
2021-04-15 09:37:10,6714.25,154087
2021-04-15 09:37:11,6714.25,154118
2021-04-15 09:37:12,6714.3,154194
2021-04-15 09:37:13,6706.5,155653
2021-04-15 09:37:14,6706.0,155771
2021-04-15 09:37:15,6705.55,155806
2021-04-15 09:37:16,6705.5,155884
2021-04-15 09:37:17,6705.0,156165
2021-04-15 09:37:18,6705.0,156189
2021-04-15 09:37:20,6703.3,156232
2021-04-15 09:37:21,6705.0,156493
2021-04-15 09:37:22,6705.0,156574
2021-04-15 09:37:23,6703.35,156636
2021-04-15 09:37:24,6703.0,156846
2021-04-15 09:37:26,6702.9,157154
2021-04-15 09:37:26,6704.95,157254
2021-04-15 09:37:27,6702.0,157302
2021-04-15 09:37:28,6701.65,157537
2021-04-15 09:37:29,6701.25,157615
2021-04-15 09:37:30,6701.0,157774
2021-04-15 09:37:31,6702.75,157893
2021-04-15 09:37:32,6702.75,157949
2021-04-15 09:37:33,6700.85,157996
2021-04-15 09:37:34,6700.5,158032
2021-04-15 09:37:35,6700.5,158097
2021-04-15 09:37:37,6700.0,158206
2021-04-15 09:37:38,6700.5,158346
2021-04-15 09:37:39,6700.0,158410
2021-04-15 09:37:40,6700.0,158571
2021-04-15 09:37:41,6702.25,158825
2021-04-15 09:37:42,6701.3,159004
2021-04-15 09:37:43,6700.85,159323
2021-04-15 09:37:44,6700.8,159472
2021-04-15 09:37:45,6701.85,159570
2021-04-15 09:37:46,6702.85,159743
2021-04-15 09:37:47,6700.25,159793
2021-04-15 09:37:48,6700.0,159955
2021-04-15 09:37:48,6700.0,159957
2021-04-15 09:37:49,6700.85,160167
2021-04-15 09:37:50,6702.25,160243
2021-04-15 09:37:51,6705.95,160408
2021-04-15 09:37:52,6708.75,160562
2021-04-15 09:37:53,6710.65,160650
2021-04-15 09:37:55,6713.0,160846
2021-04-15 09:37:56,6708.8,160875
2021-04-15 09:37:57,6708.95,160896
2021-04-15 09:37:58,6710.65,160943
2021-04-15 09:37:59,6708.75,161014
2021-04-15 09:38:00,6706.0,161135
2021-04-15 09:38:01,6705.95,161152
2021-04-15 09:38:02,6707.1,161361
2021-04-15 09:38:03,6710.35,161493
2021-04-15 09:38:05,6708.0,161558
2021-04-15 09:38:06,6708.0,161579
2021-04-15 09:38:07,6710.95,161728
2021-04-15 09:38:07,6710.95,161728
2021-04-15 09:38:08,6710.5,161778
2021-04-15 09:38:09,6706.1,161865
2021-04-15 09:38:10,6708.3,161927
2021-04-15 09:38:11,6708.0,162054
2021-04-15 09:38:12,6709.95,162097
2021-04-15 09:38:13,6708.0,162141
2021-04-15 09:38:14,6707.35,162202
2021-04-15 09:38:15,6705.95,162401
2021-04-15 09:38:17,6705.05,162515
2021-04-15 09:38:18,6709.75,162604
2021-04-15 09:38:19,6705.95,162635
2021-04-15 09:38:20,6706.05,162718
2021-04-15 09:38:21,6706.05,162774
2021-04-15 09:38:22,6705.9,162840
2021-04-15 09:38:23,6708.75,162872
2021-04-15 09:38:24,6707.45,162892
2021-04-15 09:38:25,6706.0,162901
2021-04-15 09:38:26,6706.4,162974
2021-04-15 09:38:27,6706.4,162980
2021-04-15 09:38:28,6708.3,163013
2021-04-15 09:38:29,6707.45,163055
2021-04-15 09:38:30,6705.95,163057
2021-04-15 09:38:31,6705.05,163139
2021-04-15 09:38:32,6707.75,163225
2021-04-15 09:38:33,6710.15,163698
2021-04-15 09:38:34,6710.2,163756
2021-04-15 09:38:35,6711.0,163856
2021-04-15 09:38:36,6711.0,163881
2021-04-15 09:38:36,6709.25,163891
2021-04-15 09:38:37,6711.0,163907
2021-04-15 09:38:40,6712.0,164005
2021-04-15 09:38:41,6710.95,164030
2021-04-15 09:38:42,6709.2,164072
2021-04-15 09:38:43,6713.55,164262
2021-04-15 09:38:44,6713.5,164483
2021-04-15 09:38:45,6713.35,164490
2021-04-15 09:38:46,6713.4,164621
2021-04-15 09:38:46,6713.4,164621
2021-04-15 09:38:47,6713.4,164635
2021-04-15 09:38:48,6711.0,164784
2021-04-15 09:38:49,6713.35,164797
2021-04-15 09:38:50,6710.35,164850
2021-04-15 09:38:52,6710.95,164863
2021-04-15 09:38:54,6711.5,165000
2021-04-15 09:38:55,6711.5,165017
2021-04-15 09:38:56,6710.35,165038
2021-04-15 09:38:58,6711.1,165309
2021-04-15 09:38:59,6711.2,165362
2021-04-15 09:38:59,6711.2,165362
2021-04-15 09:39:00,6711.2,165432
2021-04-15 09:39:01,6709.0,165442
2021-04-15 09:39:02,6713.6,165575
2021-04-15 09:39:03,6710.45,165715
2021-04-15 09:39:05,6711.2,165774
2021-04-15 09:39:06,6711.5,165782
2021-04-15 09:39:07,6711.15,165784
2021-04-15 09:39:08,6710.0,165907
2021-04-15 09:39:09,6710.1,165990
2021-04-15 09:39:11,6705.65,166017
2021-04-15 09:39:12,6707.0,166121
2021-04-15 09:39:13,6705.95,166122
2021-04-15 09:39:14,6705.5,166125
2021-04-15 09:39:15,6705.3,166147
2021-04-15 09:39:15,6705.3,166147
2021-04-15 09:39:16,6705.65,166234
2021-04-15 09:39:17,6707.5,166373
2021-04-15 09:39:18,6706.35,166573
2021-04-15 09:39:20,6709.85,166607
2021-04-15 09:39:21,6705.95,166623
2021-04-15 09:39:22,6706.2,166687
2021-04-15 09:39:24,6706.05,166723
2021-04-15 09:39:25,6709.4,166738
2021-04-15 09:39:26,6706.5,166854
2021-04-15 09:39:27,6706.5,166858
2021-04-15 09:39:28,6709.55,166968
2021-04-15 09:39:29,6709.55,166968
2021-04-15 09:39:30,6706.8,166991
2021-04-15 09:39:31,6707.6,167065
2021-04-15 09:39:32,6710.0,167120
2021-04-15 09:39:34,6720.6,170899
2021-04-15 09:39:35,6722.2,172665
2021-04-15 09:39:35,6722.2,172665
2021-04-15 09:39:36,6719.5,172784
2021-04-15 09:39:37,6719.0,172786
2021-04-15 09:39:38,6718.5,172796
2021-04-15 09:39:39,6718.0,172797
2021-04-15 09:39:41,6717.5,172800
2021-04-15 09:39:42,6716.0,172804
2021-04-15 09:39:43,6714.5,172841
2021-04-15 09:39:44,6714.0,172842
2021-04-15 09:39:45,6713.0,172894
2021-04-15 09:39:46,6712.05,172897
2021-04-15 09:39:46,6712.05,172896
2021-04-15 09:39:47,6713.5,172903
2021-04-15 09:39:48,6713.45,172905
2021-04-15 09:39:49,6708.8,173011
2021-04-15 09:39:50,6709.7,173393
2021-04-15 09:39:51,6709.65,173416
2021-04-15 09:39:52,6711.1,173433
2021-04-15 09:39:53,6711.1,173567
2021-04-15 09:39:55,6710.0,173576
2021-04-15 09:39:56,6708.8,173687
2021-04-15 09:39:58,6707.05,173920
2021-04-15 09:39:58,6710.0,173914
2021-04-15 09:39:59,6707.5,174036
2021-04-15 09:40:00,6706.55,174038
2021-04-15 09:40:02,6706.55,174047
2021-04-15 09:40:03,6706.05,174268
2021-04-15 09:40:04,6706.55,174291
2021-04-15 09:40:05,6703.05,175058
2021-04-15 09:40:06,6701.05,175108
2021-04-15 09:40:07,6700.5,175203
2021-04-15 09:40:08,6701.95,175277
2021-04-15 09:40:09,6700.0,176379
2021-04-15 09:40:10,6698.2,176468
2021-04-15 09:40:11,6696.35,176506
2021-04-15 09:40:12,6696.35,176533
2021-04-15 09:40:13,6697.0,176938
2021-04-15 09:40:14,6695.95,176948
2021-04-15 09:40:15,6695.95,177009
2021-04-15 09:40:16,6699.45,178064
2021-04-15 09:40:17,6695.05,178321
2021-04-15 09:40:18,6699.55,178749
2021-04-15 09:40:19,6695.2,178857
2021-04-15 09:40:20,6695.45,179169
2021-04-15 09:40:21,6694.5,179251
2021-04-15 09:40:22,6696.35,179404
2021-04-15 09:40:23,6700.2,179525
2021-04-15 09:40:24,6700.75,179626
2021-04-15 09:40:25,6700.75,179626
2021-04-15 09:40:26,6700.0,179847
2021-04-15 09:40:27,6699.3,180204
2021-04-15 09:40:28,6696.6,180232
2021-04-15 09:40:29,6696.6,180490
2021-04-15 09:40:30,6697.25,180602
2021-04-15 09:40:31,6699.75,180604
2021-04-15 09:40:32,6700.25,181225
2021-04-15 09:40:33,6700.1,181291
2021-04-15 09:40:34,6700.3,181309
2021-04-15 09:40:35,6699.0,181382
2021-04-15 09:40:36,6700.3,181415
2021-04-15 09:40:37,6697.0,181469
2021-04-15 09:40:38,6699.25,181611
2021-04-15 09:40:39,6696.05,181756
2021-04-15 09:40:40,6696.05,181783
2021-04-15 09:40:41,6699.2,181960
2021-04-15 09:40:43,6699.1,182068
2021-04-15 09:40:42,6699.1,182068
2021-04-15 09:40:44,6696.6,182169
2021-04-15 09:40:45,6699.0,182295
2021-04-15 09:40:46,6696.0,182421
2021-04-15 09:40:47,6695.95,182465
2021-04-15 09:40:48,6696.1,182479
2021-04-15 09:40:49,6696.0,182480
2021-04-15 09:40:50,6696.05,182605
2021-04-15 09:40:51,6698.7,182668
2021-04-15 09:40:52,6698.95,182673
2021-04-15 09:40:53,6695.55,182691
2021-04-15 09:40:54,6695.55,182734
2021-04-15 09:40:55,6699.0,182750
2021-04-15 09:40:56,6695.65,182790
2021-04-15 09:40:57,6699.2,182837
2021-04-15 09:40:58,6696.2,182853
2021-04-15 09:40:59,6696.2,182853
2021-04-15 09:41:00,6695.0,183281
2021-04-15 09:41:01,6695.0,183281
2021-04-15 09:41:02,6695.0,183718
2021-04-15 09:41:04,6695.0,184156
2021-04-15 09:41:05,6695.0,184243
2021-04-15 09:41:06,6695.45,184316
2021-04-15 09:41:07,6695.0,184408
2021-04-15 09:41:08,6695.0,184445
2021-04-15 09:41:09,6695.0,184512
2021-04-15 09:41:10,6695.45,184584
2021-04-15 09:41:11,6699.2,184751
2021-04-15 09:41:12,6699.15,184857
2021-04-15 09:41:13,6696.5,184912
2021-04-15 09:41:14,6696.55,184920
2021-04-15 09:41:15,6695.8,185066
2021-04-15 09:41:16,6695.8,185219
2021-04-15 09:41:17,6695.8,185290
2021-04-15 09:41:18,6700.0,185479
2021-04-15 09:41:19,6695.85,185528
2021-04-15 09:41:20,6696.5,185562
2021-04-15 09:41:21,6697.5,185618
2021-04-15 09:41:22,6699.25,185640
2021-04-15 09:41:24,6700.0,185998
2021-04-15 09:41:23,6699.25,185659
2021-04-15 09:41:25,6699.25,186166
2021-04-15 09:41:26,6701.85,187986
2021-04-15 09:41:27,6701.55,188170
2021-04-15 09:41:28,6703.95,188177
2021-04-15 09:41:29,6701.7,188193
2021-04-15 09:41:30,6701.5,188232
2021-04-15 09:41:31,6701.05,188460
2021-04-15 09:41:32,6702.75,188481
2021-04-15 09:41:33,6702.75,188583
2021-04-15 09:41:34,6703.2,188748
2021-04-15 09:41:35,6700.05,188779
2021-04-15 09:41:36,6699.5,188818
2021-04-15 09:41:37,6700.7,189023
2021-04-15 09:41:38,6699.2,189056
2021-04-15 09:41:39,6700.7,189082
2021-04-15 09:41:41,6700.0,189157
2021-04-15 09:41:40,6700.0,189157
2021-04-15 09:41:42,6696.5,189283
2021-04-15 09:41:47,6696.25,189915
2021-04-15 09:41:48,6697.95,189966
2021-04-15 09:41:49,6695.05,189971
2021-04-15 09:41:50,6698.3,190103
2021-04-15 09:41:51,6698.3,190103
2021-04-15 09:41:52,6695.35,190130
2021-04-15 09:41:53,6699.6,190133
2021-04-15 09:41:54,6698.45,190136
2021-04-15 09:41:55,6698.3,190143
2021-04-15 09:41:56,6699.3,190167
2021-04-15 09:41:57,6696.05,190169
2021-04-15 09:41:58,6696.0,190184
2021-04-15 09:41:59,6701.85,190225
2021-04-15 09:42:00,6697.4,190418
2021-04-15 09:42:01,6696.75,190420
2021-04-15 09:42:02,6699.0,190430
2021-04-15 09:42:03,6699.0,190508
2021-04-15 09:42:04,6700.75,190657
2021-04-15 09:42:05,6698.55,190665
2021-04-15 09:42:06,6697.7,190828
2021-04-15 09:42:07,6699.0,190862
2021-04-15 09:42:08,6699.0,190862
2021-04-15 09:42:09,6696.75,190905
2021-04-15 09:42:10,6696.7,190920
2021-04-15 09:42:11,6696.6,190975
2021-04-15 09:42:12,6699.25,191013
2021-04-15 09:42:13,6699.25,191042
2021-04-15 09:42:14,6700.0,191132
2021-04-15 09:42:15,6696.5,191135
2021-04-15 09:42:16,6696.6,191189
2021-04-15 09:42:17,6696.75,191288
2021-04-15 09:42:18,6697.0,191353
2021-04-15 09:42:20,6700.0,191595
2021-04-15 09:42:21,6700.05,191676
2021-04-15 09:42:22,6700.05,191681
2021-04-15 09:42:23,6700.0,191837
2021-04-15 09:42:24,6700.0,191864
2021-04-15 09:42:25,6700.0,191934
2021-04-15 09:42:26,6700.0,191971
2021-04-15 09:42:27,6700.0,191971
2021-04-15 09:42:28,6700.0,192008
2021-04-15 09:42:29,6700.0,192024
2021-04-15 09:42:30,6701.0,192126
2021-04-15 09:42:31,6700.7,192171
2021-04-15 09:42:33,6700.25,192222
2021-04-15 09:42:32,6700.1,192220
2021-04-15 09:42:34,6700.25,192293
2021-04-15 09:42:35,6704.45,192609
2021-04-15 09:42:36,6704.65,192613
2021-04-15 09:42:37,6703.1,192668
2021-04-15 09:42:38,6708.25,192792
2021-04-15 09:42:39,6707.85,192897
2021-04-15 09:42:40,6702.1,192945
2021-04-15 09:42:41,6702.0,192976
2021-04-15 09:42:42,6701.35,193052
2021-04-15 09:42:43,6702.25,193179
2021-04-15 09:42:45,6702.5,193186
2021-04-15 09:42:45,6702.5,193186
2021-04-15 09:42:46,6702.25,193190
2021-04-15 09:42:47,6703.0,193459
2021-04-15 09:42:48,6701.1,193475
2021-04-15 09:42:49,6704.0,193479
2021-04-15 09:42:50,6702.4,193535
2021-04-15 09:42:51,6702.6,193559
2021-04-15 09:42:53,6703.05,193646
2021-04-15 09:42:53,6703.05,193646
2021-04-15 09:42:54,6703.95,193676
2021-04-15 09:42:55,6705.5,193788
2021-04-15 09:42:56,6701.65,194019
2021-04-15 09:42:57,6702.45,194067
2021-04-15 09:42:59,6703.05,194265
2021-04-15 09:42:59,6703.3,194307
2021-04-15 09:43:02,6703.25,194382
2021-04-15 09:43:03,6702.45,194389
2021-04-15 09:43:04,6702.25,194428
2021-04-15 09:43:05,6705.6,194498
2021-04-15 09:43:06,6702.1,194634
2021-04-15 09:43:07,6702.85,194749
2021-04-15 09:43:09,6702.6,194777
2021-04-15 09:43:10,6702.5,194831
2021-04-15 09:43:11,6704.25,194952
2021-04-15 09:43:11,6704.25,194952
2021-04-15 09:43:12,6704.2,194964
2021-04-15 09:43:13,6702.6,194976
2021-04-15 09:43:14,6703.8,195045
2021-04-15 09:43:15,6700.8,195046
2021-04-15 09:43:17,6700.7,195117
2021-04-15 09:43:17,6700.7,195117
2021-04-15 09:43:18,6700.5,195125
2021-04-15 09:43:19,6700.15,195128
2021-04-15 09:43:20,6700.0,195189
2021-04-15 09:43:21,6700.0,195326
2021-04-15 09:43:22,6700.0,195354
2021-04-15 09:43:23,6700.2,195366
2021-04-15 09:43:24,6702.0,195420
2021-04-15 09:43:25,6700.05,195423
2021-04-15 09:43:26,6700.15,195495
2021-04-15 09:43:28,6700.0,195638
2021-04-15 09:43:28,6700.2,195640
2021-04-15 09:43:29,6702.0,195697
2021-04-15 09:43:31,6700.8,195728
2021-04-15 09:43:32,6700.8,195787
2021-04-15 09:43:35,6700.05,195931
2021-04-15 09:43:36,6700.0,195956
2021-04-15 09:43:37,6699.0,196119
2021-04-15 09:43:39,6698.0,196152
2021-04-15 09:43:40,6700.0,196154
2021-04-15 09:43:41,6699.8,196296
2021-04-15 09:43:41,6699.9,196312
2021-04-15 09:43:42,6696.95,196397
2021-04-15 09:43:43,6696.85,196405
2021-04-15 09:43:44,6696.85,196441
2021-04-15 09:43:45,6696.5,196443
2021-04-15 09:43:46,6696.25,196505
2021-04-15 09:43:48,6699.0,196511
2021-04-15 09:43:49,6696.0,196527
2021-04-15 09:43:50,6696.0,196713
2021-04-15 09:43:51,6695.45,196758
2021-04-15 09:43:52,6695.45,196809
2021-04-15 09:43:52,6695.45,196809
2021-04-15 09:43:53,6695.2,196891
2021-04-15 09:43:54,6695.55,197001
2021-04-15 09:43:55,6698.3,197101
2021-04-15 09:43:57,6696.0,197166
2021-04-15 09:43:57,6696.0,197166
2021-04-15 09:43:58,6696.0,197334
2021-04-15 09:43:59,6698.35,197369
2021-04-15 09:44:00,6696.0,197376
2021-04-15 09:44:02,6696.0,197758
2021-04-15 09:44:03,6696.0,197827
2021-04-15 09:44:05,6696.0,197843
2021-04-15 09:44:06,6698.3,197983
2021-04-15 09:44:06,6698.3,197985
2021-04-15 09:44:07,6696.0,198267
2021-04-15 09:44:08,6698.3,198282
2021-04-15 09:44:09,6695.0,198365
2021-04-15 09:44:10,6695.0,198395
2021-04-15 09:44:11,6696.0,198413
2021-04-15 09:44:12,6697.5,198557
2021-04-15 09:44:13,6695.55,198565
2021-04-15 09:44:14,6695.05,198594
2021-04-15 09:44:15,6695.05,198675
2021-04-15 09:44:17,6695.55,198860
2021-04-15 09:44:17,6694.75,198861
2021-04-15 09:44:18,6694.5,198864
2021-04-15 09:44:19,6696.05,199230
2021-04-15 09:44:20,6693.85,199336
2021-04-15 09:44:21,6693.65,199412
2021-04-15 09:44:22,6696.85,199558
2021-04-15 09:44:25,6693.25,200378
2021-04-15 09:44:27,6695.0,200618
2021-04-15 09:44:28,6693.65,200753
2021-04-15 09:44:29,6693.2,200776
2021-04-15 09:44:30,6695.2,200811
2021-04-15 09:44:31,6693.0,200823
2021-04-15 09:44:32,6693.0,200831
2021-04-15 09:44:33,6693.0,200862
2021-04-15 09:44:35,6693.0,200960
2021-04-15 09:44:35,6692.45,201047
2021-04-15 09:44:36,6691.0,201179
2021-04-15 09:44:37,6692.45,201271
2021-04-15 09:44:38,6693.0,201483
2021-04-15 09:44:39,6692.45,201535
2021-04-15 09:44:40,6691.0,201602
2021-04-15 09:44:41,6693.0,201624
2021-04-15 09:44:42,6690.4,201654
2021-04-15 09:44:44,6690.3,201668
2021-04-15 09:44:45,6690.4,201684
2021-04-15 09:44:45,6690.05,201711
2021-04-15 09:44:46,6690.0,201866
2021-04-15 09:44:47,6690.05,201939
2021-04-15 09:44:48,6693.0,202288
2021-04-15 09:44:50,6693.1,202429
2021-04-15 09:44:51,6692.0,202539
2021-04-15 09:44:52,6692.0,202730
2021-04-15 09:44:53,6692.0,202812
2021-04-15 09:44:54,6692.0,202897
2021-04-15 09:44:55,6693.55,202948
2021-04-15 09:44:55,6692.05,202950
2021-04-15 09:44:56,6690.55,203090
2021-04-15 09:44:57,6690.4,203171
2021-04-15 09:44:58,6694.15,203227
2021-04-15 09:44:59,6690.25,203270
2021-04-15 09:45:01,6692.25,203314
2021-04-15 09:45:02,6693.0,203387
2021-04-15 09:45:03,6690.4,203453
2021-04-15 09:45:04,6690.05,203533
2021-04-15 09:45:05,6694.05,203696
2021-04-15 09:45:06,6690.1,203703
2021-04-15 09:45:07,6690.2,203747
2021-04-15 09:45:08,6693.3,203943
2021-04-15 09:45:10,6695.4,203994
2021-04-15 09:45:11,6693.35,203997
2021-04-15 09:45:11,6693.35,203997
2021-04-15 09:45:12,6694.2,204021
2021-04-15 09:45:13,6693.3,204038
2021-04-15 09:45:14,6694.9,204402
2021-04-15 09:45:16,6694.8,204549
2021-04-15 09:45:17,6694.8,204580
2021-04-15 09:45:18,6694.95,204683
2021-04-15 09:45:18,6692.5,204701
2021-04-15 09:45:19,6695.0,204827
2021-04-15 09:45:20,6691.25,204978
2021-04-15 09:45:21,6690.0,205177
2021-04-15 09:45:23,6692.75,205298
2021-04-15 09:45:24,6690.0,205356
2021-04-15 09:45:24,6689.65,205363
2021-04-15 09:45:25,6691.25,205411
2021-04-15 09:45:26,6691.0,205435
2021-04-15 09:45:28,6689.5,205458
2021-04-15 09:45:29,6688.5,206557
2021-04-15 09:45:29,6685.5,206558
2021-04-15 09:45:30,6685.0,206592
2021-04-15 09:45:31,6685.0,206686
2021-04-15 09:45:33,6682.2,206710
2021-04-15 09:45:34,6682.2,206932
2021-04-15 09:45:35,6684.9,206968
2021-04-15 09:45:35,6682.2,206971
2021-04-15 09:45:36,6682.05,207079
2021-04-15 09:45:37,6681.9,207151
2021-04-15 09:45:38,6684.0,207176
2021-04-15 09:45:39,6684.05,207291
2021-04-15 09:45:40,6680.55,207666
2021-04-15 09:45:41,6680.55,208723
2021-04-15 09:45:42,6681.65,208963
2021-04-15 09:45:43,6681.3,209090
2021-04-15 09:45:44,6681.75,209276
2021-04-15 09:45:46,6683.95,209646
2021-04-15 09:45:47,6683.7,209819
2021-04-15 09:45:48,6683.3,209862
2021-04-15 09:45:49,6680.15,209889
2021-04-15 09:45:50,6683.4,210076
2021-04-15 09:45:51,6680.0,210082
2021-04-15 09:45:51,6679.4,210084
2021-04-15 09:45:52,6679.5,210278
2021-04-15 09:45:53,6683.05,210354
2021-04-15 09:45:54,6680.0,210409
2021-04-15 09:45:56,6680.15,210512
2021-04-15 09:45:57,6679.55,210548
2021-04-15 09:45:57,6680.45,210551
2021-04-15 09:45:58,6680.05,210680
2021-04-15 09:45:59,6683.0,210858
2021-04-15 09:46:00,6682.95,210905
2021-04-15 09:46:01,6681.0,211035
2021-04-15 09:46:03,6682.9,211086
2021-04-15 09:46:04,6683.0,211167
2021-04-15 09:46:05,6682.8,211230
2021-04-15 09:46:05,6682.95,211304
2021-04-15 09:46:06,6681.3,211451
2021-04-15 09:46:07,6682.85,211588
2021-04-15 09:46:08,6682.8,211682
2021-04-15 09:46:10,6682.8,211726
2021-04-15 09:46:11,6682.8,211787
2021-04-15 09:46:12,6680.55,211825
2021-04-15 09:46:12,6682.0,211835
2021-04-15 09:46:14,6682.7,211865
2021-04-15 09:46:14,6680.55,211869
2021-04-15 09:46:16,6680.55,212009
2021-04-15 09:46:17,6678.0,212142
2021-04-15 09:46:18,6678.0,212176
2021-04-15 09:46:18,6677.0,212184
2021-04-15 09:46:19,6677.0,212193
2021-04-15 09:46:20,6677.2,212229
2021-04-15 09:46:21,6676.0,212276
2021-04-15 09:46:22,6677.25,212312
2021-04-15 09:46:24,6677.35,212385
2021-04-15 09:46:26,6680.55,212418
2021-04-15 09:46:26,6680.55,212422
2021-04-15 09:46:27,6679.2,212527
2021-04-15 09:46:28,6681.65,212711
2021-04-15 09:46:30,6681.55,212787
2021-04-15 09:46:31,6678.7,212848
2021-04-15 09:46:31,6680.7,212841
2021-04-15 09:46:32,6679.8,212928
2021-04-15 09:46:33,6679.8,212966
2021-04-15 09:46:34,6677.25,213079
2021-04-15 09:46:36,6677.0,213107
2021-04-15 09:46:37,6676.0,213140
2021-04-15 09:46:38,6676.0,213155
2021-04-15 09:46:39,6678.0,213275
2021-04-15 09:46:39,6675.55,213276
2021-04-15 09:46:40,6677.25,213332
2021-04-15 09:46:41,6675.5,213557
2021-04-15 09:46:42,6675.35,213615
2021-04-15 09:46:43,6675.55,213848
2021-04-15 09:46:44,6675.35,213895
2021-04-15 09:46:46,6675.0,214083
2021-04-15 09:46:47,6675.0,214144
2021-04-15 09:46:47,6675.15,214138
2021-04-15 09:46:48,6674.35,214169
2021-04-15 09:46:49,6673.75,214261
2021-04-15 09:46:51,6673.75,214297
2021-04-15 09:46:52,6673.8,214374
2021-04-15 09:46:53,6678.0,214856
2021-04-15 09:46:54,6678.05,215021
2021-04-15 09:46:55,6678.05,215551
2021-04-15 09:46:56,6678.0,215759
2021-04-15 09:46:57,6678.0,216340
2021-04-15 09:46:58,6678.0,216586
2021-04-15 09:46:58,6678.0,216592
2021-04-15 09:46:59,6676.0,216595
2021-04-15 09:47:00,6676.55,216725
2021-04-15 09:47:02,6675.0,216890
2021-04-15 09:47:03,6673.8,216906
2021-04-15 09:47:04,6673.8,216971
2021-04-15 09:47:05,6672.2,217119
2021-04-15 09:47:05,6672.2,217205
2021-04-15 09:47:06,6673.75,217250
2021-04-15 09:47:07,6673.75,217292
2021-04-15 09:47:08,6678.1,217444
2021-04-15 09:47:09,6677.25,217492
2021-04-15 09:47:11,6678.5,217565
2021-04-15 09:47:12,6679.0,217601
2021-04-15 09:47:13,6674.65,217746
2021-04-15 09:47:14,6674.7,217867
2021-04-15 09:47:15,6674.6,217922
2021-04-15 09:47:16,6678.1,218018
2021-04-15 09:47:17,6674.55,218115
2021-04-15 09:47:17,6674.5,218129
2021-04-15 09:47:18,6674.5,218149
2021-04-15 09:47:19,6677.75,218236
2021-04-15 09:47:20,6674.6,218470
2021-04-15 09:47:21,6677.65,218575
2021-04-15 09:47:22,6675.0,218577
2021-04-15 09:47:23,6674.5,218706
2021-04-15 09:47:25,6676.95,218753
2021-04-15 09:47:26,6676.95,218842
2021-04-15 09:47:27,6673.0,218860
2021-04-15 09:47:28,6676.0,218887
2021-04-15 09:47:29,6672.2,218980
2021-04-15 09:47:30,6676.5,219006
2021-04-15 09:47:31,6673.0,219014
2021-04-15 09:47:32,6675.0,219132
2021-04-15 09:47:33,6672.3,219183
2021-04-15 09:47:35,6673.5,219246
2021-04-15 09:47:37,6673.25,219262
2021-04-15 09:47:38,6676.6,219346
2021-04-15 09:47:39,6673.25,219354
2021-04-15 09:47:40,6672.2,219415
2021-04-15 09:47:41,6675.3,220353
2021-04-15 09:47:42,6675.1,220446
2021-04-15 09:47:42,6675.0,220448
2021-04-15 09:47:43,6675.0,220456
2021-04-15 09:47:44,6673.1,220506
2021-04-15 09:47:45,6679.2,220747
2021-04-15 09:47:46,6675.5,221195
2021-04-15 09:47:48,6673.0,221207
2021-04-15 09:47:49,6672.5,221208
2021-04-15 09:47:50,6672.25,221285
2021-04-15 09:47:51,6672.0,221395
2021-04-15 09:47:52,6671.55,221653
2021-04-15 09:47:54,6671.5,221669
2021-04-15 09:47:55,6671.0,221701
2021-04-15 09:47:56,6670.9,221703
2021-04-15 09:47:57,6670.9,221708
2021-04-15 09:47:57,6670.9,221708
2021-04-15 09:47:58,6672.4,221835
2021-04-15 09:48:00,6670.5,221841
2021-04-15 09:48:01,6674.85,221991
2021-04-15 09:48:02,6670.9,222397
2021-04-15 09:48:03,6670.25,222751
2021-04-15 09:48:04,6670.55,222943
2021-04-15 09:48:05,6670.5,222968
2021-04-15 09:48:06,6670.5,222976
2021-04-15 09:48:07,6670.35,223012
2021-04-15 09:48:08,6671.5,223033
2021-04-15 09:48:09,6671.25,223235
2021-04-15 09:48:10,6674.3,223400
2021-04-15 09:48:12,6675.85,223436
2021-04-15 09:48:13,6675.55,223445
2021-04-15 09:48:14,6671.95,223481
2021-04-15 09:48:15,6671.95,223487
2021-04-15 09:48:15,6671.65,223505
2021-04-15 09:48:16,6671.45,223641
2021-04-15 09:48:17,6671.0,223891
2021-04-15 09:48:19,6670.1,224013
2021-04-15 09:48:19,6670.0,224034
2021-04-15 09:48:21,6670.0,224562
2021-04-15 09:48:22,6670.05,224651
2021-04-15 09:48:23,6669.5,224716
2021-04-15 09:48:24,6670.15,224847
2021-04-15 09:48:25,6669.5,224973
2021-04-15 09:48:25,6669.9,224991
2021-04-15 09:48:26,6669.9,225091
2021-04-15 09:48:29,6670.1,225347
2021-04-15 09:48:30,6670.0,225470
2021-04-15 09:48:31,6670.1,225545
2021-04-15 09:48:31,6666.85,225616
2021-04-15 09:48:32,6666.6,225640
2021-04-15 09:48:34,6669.5,225695
2021-04-15 09:48:35,6670.1,225814
2021-04-15 09:48:36,6668.0,225868
2021-04-15 09:48:36,6668.4,225834
2021-04-15 09:48:37,6668.55,225966
2021-04-15 09:48:38,6672.0,226010
2021-04-15 09:48:39,6672.0,226032
2021-04-15 09:48:40,6673.45,226440
2021-04-15 09:48:42,6670.5,226591
2021-04-15 09:48:43,6670.4,226709
2021-04-15 09:48:44,6673.4,226843
2021-04-15 09:48:45,6673.7,226865
2021-04-15 09:48:46,6670.1,226871
2021-04-15 09:48:47,6670.0,227051
2021-04-15 09:48:48,6672.5,227085
2021-04-15 09:48:49,6668.1,227116
2021-04-15 09:48:50,6668.05,227265
2021-04-15 09:48:51,6668.7,227677
2021-04-15 09:48:52,6671.35,227746
2021-04-15 09:48:53,6669.0,227760
2021-04-15 09:48:53,6668.4,227762
2021-04-15 09:48:54,6672.45,227881
2021-04-15 09:48:55,6670.8,227920
2021-04-15 09:48:56,6672.5,228068
2021-04-15 09:48:58,6672.5,228091
2021-04-15 09:48:58,6673.95,228211
2021-04-15 09:49:01,6669.4,228355
2021-04-15 09:49:02,6670.0,228381
2021-04-15 09:49:03,6673.8,228482
2021-04-15 09:49:03,6670.05,228486
2021-04-15 09:49:04,6673.5,228614
2021-04-15 09:49:06,6669.45,228621
2021-04-15 09:49:07,6673.9,228786
2021-04-15 09:49:08,6672.45,228838
2021-04-15 09:49:09,6675.3,229291
2021-04-15 09:49:11,6675.3,229408
2021-04-15 09:49:12,6673.5,229461
2021-04-15 09:49:13,6674.0,229508
2021-04-15 09:49:14,6672.95,229602
2021-04-15 09:49:15,6673.1,229642
2021-04-15 09:49:16,6670.5,229812
2021-04-15 09:49:17,6670.85,229886
2021-04-15 09:49:18,6671.55,229933
2021-04-15 09:49:19,6672.45,229934
2021-04-15 09:49:20,6672.0,229935
2021-04-15 09:49:22,6671.5,230181
2021-04-15 09:49:22,6671.3,230183
2021-04-15 09:49:24,6670.8,230202
2021-04-15 09:49:25,6673.7,230224
2021-04-15 09:49:26,6671.6,230240
2021-04-15 09:49:27,6671.6,230240
2021-04-15 09:49:28,6671.95,230252
2021-04-15 09:49:29,6674.75,230329
2021-04-15 09:49:30,6675.95,230440
2021-04-15 09:49:31,6674.65,230529
2021-04-15 09:49:32,6674.55,230568
2021-04-15 09:49:33,6677.45,230595
2021-04-15 09:49:34,6677.65,230658
2021-04-15 09:49:36,6673.8,230936
2021-04-15 09:49:36,6673.8,230936
2021-04-15 09:49:38,6673.5,230944
2021-04-15 09:49:39,6676.8,230967
2021-04-15 09:49:40,6674.3,230987
2021-04-15 09:49:41,6677.2,231073
2021-04-15 09:49:42,6674.05,231104
2021-04-15 09:49:42,6678.0,231181
2021-04-15 09:49:44,6678.0,231304
2021-04-15 09:49:44,6674.25,231231
2021-04-15 09:49:46,6677.15,231321
2021-04-15 09:49:47,6677.7,231401
2021-04-15 09:49:48,6674.15,231430
2021-04-15 09:49:49,6674.0,231451
2021-04-15 09:49:49,6674.05,231446
2021-04-15 09:49:51,6674.0,231668
2021-04-15 09:49:52,6674.0,231730
2021-04-15 09:49:53,6677.15,231778
2021-04-15 09:49:54,6674.1,231927
2021-04-15 09:49:55,6684.85,232886
2021-04-15 09:49:56,6681.6,233021
2021-04-15 09:49:56,6681.7,233015
2021-04-15 09:49:58,6681.55,233224
2021-04-15 09:49:59,6681.55,233355
2021-04-15 09:50:00,6683.7,233587
2021-04-15 09:50:01,6682.1,233735
2021-04-15 09:50:02,6679.15,233847
2021-04-15 09:50:03,6678.5,233851
2021-04-15 09:50:03,6678.35,233949
2021-04-15 09:50:04,6678.0,233961
2021-04-15 09:50:06,6676.3,234028
2021-04-15 09:50:07,6676.35,234143
2021-04-15 09:50:08,6676.35,234228
2021-04-15 09:50:09,6674.0,234446
2021-04-15 09:50:10,6673.95,234531
2021-04-15 09:50:11,6675.25,234679
2021-04-15 09:50:12,6674.35,234729
2021-04-15 09:50:13,6671.4,234747
2021-04-15 09:50:14,6671.15,234852
2021-04-15 09:50:16,6671.15,234946
2021-04-15 09:50:17,6671.05,235155
2021-04-15 09:50:18,6671.0,235269
2021-04-15 09:50:19,6670.65,235278
2021-04-15 09:50:20,6670.6,235279
2021-04-15 09:50:20,6674.35,235429
2021-04-15 09:50:21,6670.55,235463
2021-04-15 09:50:22,6671.15,235505
2021-04-15 09:50:24,6670.1,235705
2021-04-15 09:50:25,6673.2,235758
2021-04-15 09:50:26,6671.25,236115
2021-04-15 09:50:27,6670.1,236174
2021-04-15 09:50:28,6671.25,236247
2021-04-15 09:50:29,6671.0,236265
2021-04-15 09:50:30,6670.9,236371
2021-04-15 09:50:30,6670.95,236379
2021-04-15 09:50:32,6670.1,236401
2021-04-15 09:50:33,6671.25,236517
2021-04-15 09:50:34,6670.25,236553
2021-04-15 09:50:35,6672.65,236585
2021-04-15 09:50:36,6676.2,236752
2021-04-15 09:50:36,6671.45,236771
2021-04-15 09:50:37,6671.45,236785
2021-04-15 09:50:39,6675.0,236838
2021-04-15 09:50:40,6671.15,236848
2021-04-15 09:50:41,6671.0,236861
2021-04-15 09:50:42,6674.55,237075
2021-04-15 09:50:43,6671.15,237083
2021-04-15 09:50:44,6671.0,237145
2021-04-15 09:50:44,6670.9,237151
2021-04-15 09:50:46,6674.15,237197
2021-04-15 09:50:47,6673.9,237218
2021-04-15 09:50:48,6670.0,237481
2021-04-15 09:50:49,6670.0,237651
2021-04-15 09:50:49,6670.0,237697
2021-04-15 09:50:51,6668.0,238058
2021-04-15 09:50:52,6668.0,238187
2021-04-15 09:50:53,6667.2,238204
2021-04-15 09:50:54,6668.0,238205
2021-04-15 09:50:55,6667.0,238213
2021-04-15 09:50:57,6661.8,238899
2021-04-15 09:50:58,6666.0,239138
2021-04-15 09:50:59,6660.9,239195
2021-04-15 09:51:00,6662.15,239217
2021-04-15 09:51:00,6669.7,239457
2021-04-15 09:51:01,6668.95,239726
2021-04-15 09:51:02,6667.05,239800
2021-04-15 09:51:04,6664.6,239879
2021-04-15 09:51:05,6668.35,239934
2021-04-15 09:51:06,6664.55,239946
2021-04-15 09:51:07,6664.55,240014
2021-04-15 09:51:08,6668.3,240156
2021-04-15 09:51:09,6661.15,240186
2021-04-15 09:51:10,6667.35,240288
2021-04-15 09:51:11,6661.25,240586
2021-04-15 09:51:12,6661.25,240620
2021-04-15 09:51:14,6661.25,240908
2021-04-15 09:51:15,6660.0,241076
2021-04-15 09:51:16,6660.0,241102
2021-04-15 09:51:17,6661.2,241334
2021-04-15 09:51:18,6662.0,241513
2021-04-15 09:51:20,6662.4,241636
2021-04-15 09:51:21,6660.0,241700
2021-04-15 09:51:23,6660.0,241767
2021-04-15 09:51:22,6661.8,241759
2021-04-15 09:51:24,6658.0,241803
2021-04-15 09:51:25,6658.0,241846
2021-04-15 09:51:26,6659.5,241862
2021-04-15 09:51:27,6658.0,241906
2021-04-15 09:51:28,6658.05,241929
2021-04-15 09:51:29,6659.35,242085
2021-04-15 09:51:30,6658.1,242224
2021-04-15 09:51:31,6658.1,242256
2021-04-15 09:51:32,6658.0,242602
2021-04-15 09:51:33,6657.05,242714
2021-04-15 09:51:34,6657.05,242891
2021-04-15 09:51:35,6659.9,243117
2021-04-15 09:51:36,6656.65,243151
2021-04-15 09:51:37,6659.3,243153
2021-04-15 09:51:38,6659.2,243185
2021-04-15 09:51:39,6657.05,243346
2021-04-15 09:51:40,6659.3,243395
2021-04-15 09:51:41,6656.0,243487
2021-04-15 09:51:42,6655.85,243563
2021-04-15 09:51:43,6656.0,243583
2021-04-15 09:51:44,6656.0,243735
2021-04-15 09:51:45,6655.1,243902
2021-04-15 09:51:46,6658.95,244005
2021-04-15 09:51:47,6658.95,244219
2021-04-15 09:51:48,6658.85,244292
2021-04-15 09:51:49,6656.0,244399
2021-04-15 09:51:50,6655.0,244753
2021-04-15 09:51:51,6657.85,244818
2021-04-15 09:51:52,6657.75,244864
2021-04-15 09:51:53,6655.0,244948
2021-04-15 09:51:54,6654.55,244950
2021-04-15 09:51:55,6653.55,244977
2021-04-15 09:51:57,6655.0,245009
2021-04-15 09:51:58,6656.0,245058
2021-04-15 09:51:59,6654.3,246122
2021-04-15 09:52:00,6654.5,246416
2021-04-15 09:52:01,6652.0,246432
2021-04-15 09:52:02,6655.1,246616
2021-04-15 09:52:03,6651.0,246680
2021-04-15 09:52:05,6651.0,247014
2021-04-15 09:52:04,6651.0,246933
2021-04-15 09:52:07,6650.55,247366
2021-04-15 09:52:08,6652.0,247491
2021-04-15 09:52:09,6651.0,247562
2021-04-15 09:52:11,6651.0,247942
2021-04-15 09:52:12,6650.1,248006
2021-04-15 09:52:13,6652.0,248105
2021-04-15 09:52:14,6652.0,248120
2021-04-15 09:52:15,6650.05,248178
2021-04-15 09:52:17,6650.05,248395
2021-04-15 09:52:16,6650.15,248367
2021-04-15 09:52:18,6650.05,248438
2021-04-15 09:52:19,6653.45,248755
2021-04-15 09:52:20,6652.95,249187
2021-04-15 09:52:21,6655.85,249695
2021-04-15 09:52:24,6655.25,250057
2021-04-15 09:52:25,6652.5,250115
2021-04-15 09:52:26,6651.75,250212
2021-04-15 09:52:27,6652.05,250404
2021-04-15 09:52:28,6654.8,250494
2021-04-15 09:52:29,6654.95,250542
2021-04-15 09:52:30,6651.9,250549
2021-04-15 09:52:31,6651.8,250570
2021-04-15 09:52:33,6651.3,250710
2021-04-15 09:52:34,6651.3,250736
2021-04-15 09:52:35,6651.15,250801
2021-04-15 09:52:36,6652.2,250812
2021-04-15 09:52:37,6654.8,250823
2021-04-15 09:52:38,6651.3,250907
2021-04-15 09:52:40,6652.2,251065
2021-04-15 09:52:41,6650.05,251135
2021-04-15 09:52:42,6650.05,251155
2021-04-15 09:52:43,6654.45,251317
2021-04-15 09:52:44,6654.45,251351
2021-04-15 09:52:45,6650.05,251564
2021-04-15 09:52:46,6655.65,252011
2021-04-15 09:52:47,6654.15,252045
2021-04-15 09:52:48,6653.0,252098
2021-04-15 09:52:51,6651.6,252169
2021-04-15 09:52:52,6655.25,252439
2021-04-15 09:52:53,6655.1,252497
2021-04-15 09:52:54,6654.5,252625
2021-04-15 09:52:55,6651.3,252731
2021-04-15 09:52:56,6650.35,252753
2021-04-15 09:52:57,6650.6,252938
2021-04-15 09:52:58,6650.35,252970
2021-04-15 09:52:59,6650.4,253035
2021-04-15 09:53:00,6654.25,253106
2021-04-15 09:53:01,6654.3,253169
2021-04-15 09:53:02,6650.85,253252
2021-04-15 09:53:03,6653.85,253406
2021-04-15 09:53:04,6653.85,253438
2021-04-15 09:53:05,6654.5,253488
2021-04-15 09:53:06,6651.25,253491
2021-04-15 09:53:09,6651.25,253704
2021-04-15 09:53:10,6651.25,253777
2021-04-15 09:53:11,6652.0,253886
2021-04-15 09:53:12,6652.0,253996
2021-04-15 09:53:13,6651.65,254046
2021-04-15 09:53:14,6651.65,254052
2021-04-15 09:53:15,6651.3,254074
2021-04-15 09:53:16,6652.0,254113
2021-04-15 09:53:17,6654.0,254134
2021-04-15 09:53:18,6652.0,254136
2021-04-15 09:53:19,6654.0,254248
2021-04-15 09:53:20,6653.6,254364
2021-04-15 09:53:21,6651.05,254512
2021-04-15 09:53:23,6651.1,254676
2021-04-15 09:53:24,6653.9,254798
2021-04-15 09:53:24,6653.9,254787
2021-04-15 09:53:25,6654.0,254849
2021-04-15 09:53:27,6651.2,254990
2021-04-15 09:53:27,6651.05,255005
2021-04-15 09:53:28,6653.95,255024
2021-04-15 09:53:29,6650.35,255078
2021-04-15 09:53:30,6651.05,255125
2021-04-15 09:53:31,6651.05,255129
2021-04-15 09:53:32,6651.0,255322
2021-04-15 09:53:34,6651.05,255485
2021-04-15 09:53:34,6651.2,255508
2021-04-15 09:53:35,6651.05,255542
2021-04-15 09:53:36,6651.4,255578
2021-04-15 09:53:37,6651.05,255653
2021-04-15 09:53:38,6651.45,255791
2021-04-15 09:53:40,6654.8,255865
2021-04-15 09:53:40,6657.5,256152
2021-04-15 09:53:41,6660.0,256302
2021-04-15 09:53:42,6656.65,256430
2021-04-15 09:53:43,6657.55,256544
2021-04-15 09:53:44,6659.05,256587
2021-04-15 09:53:45,6656.45,256775
2021-04-15 09:53:47,6655.55,256803
2021-04-15 09:53:47,6655.55,256804
2021-04-15 09:53:48,6655.65,256815
2021-04-15 09:53:49,6657.0,256860
2021-04-15 09:53:50,6656.0,256996
2021-04-15 09:53:51,6656.0,257361
2021-04-15 09:53:53,6654.75,257382
2021-04-15 09:53:53,6655.0,257388
2021-04-15 09:53:54,6654.5,257395
2021-04-15 09:53:55,6655.5,257481
2021-04-15 09:53:57,6656.0,257620
2021-04-15 09:53:58,6656.0,257813
2021-04-15 09:54:00,6655.5,258098
2021-04-15 09:54:00,6656.0,258086
2021-04-15 09:54:01,6654.4,258116
2021-04-15 09:54:02,6660.0,258354
2021-04-15 09:54:03,6658.95,258660
2021-04-15 09:54:04,6655.4,258745
2021-04-15 09:54:05,6655.0,258747
2021-04-15 09:54:06,6655.0,258758
2021-04-15 09:54:08,6655.25,258791
2021-04-15 09:54:08,6652.85,258794
2021-04-15 09:54:09,6655.25,258800
2021-04-15 09:54:10,6652.85,258802
2021-04-15 09:54:11,6655.05,258811
2021-04-15 09:54:13,6652.1,258923
2021-04-15 09:54:13,6652.1,258886
2021-04-15 09:54:14,6655.15,258963
2021-04-15 09:54:15,6657.35,259038
2021-04-15 09:54:16,6652.2,259062
2021-04-15 09:54:18,6652.0,259313
2021-04-15 09:54:18,6652.2,259236
2021-04-15 09:54:19,6653.0,259475
2021-04-15 09:54:20,6653.55,259513
2021-04-15 09:54:21,6652.0,259555
2021-04-15 09:54:23,6653.95,259675
2021-04-15 09:54:23,6651.4,259821
2021-04-15 09:54:24,6651.85,259836
2021-04-15 09:54:25,6654.35,259854
2021-04-15 09:54:26,6652.0,259914
2021-04-15 09:54:27,6651.4,259935
2021-04-15 09:54:29,6654.0,259942
2021-04-15 09:54:29,6652.05,259949
2021-04-15 09:54:30,6652.05,260009
2021-04-15 09:54:31,6652.0,260122
2021-04-15 09:54:32,6652.0,260137
2021-04-15 09:54:34,6651.15,260153
2021-04-15 09:54:34,6652.0,260155
2021-04-15 09:54:35,6655.25,260338
2021-04-15 09:54:36,6654.35,260370
2021-04-15 09:54:37,6652.25,260401
2021-04-15 09:54:39,6652.05,260465
2021-04-15 09:54:39,6652.1,260471
2021-04-15 09:54:40,6652.05,260663
2021-04-15 09:54:41,6651.05,260785
2021-04-15 09:54:42,6651.05,260795
2021-04-15 09:54:43,6651.0,260892
2021-04-15 09:54:45,6653.65,260910
2021-04-15 09:54:45,6652.0,260911
2021-04-15 09:54:46,6651.0,260959
2021-04-15 09:54:47,6650.3,261091
2021-04-15 09:54:48,6650.1,261138
2021-04-15 09:54:49,6651.05,261153
2021-04-15 09:54:51,6653.4,261215
2021-04-15 09:54:51,6650.15,261221
2021-04-15 09:54:52,6650.15,261267
2021-04-15 09:54:53,6650.05,261335
2021-04-15 09:54:54,6650.0,261989
2021-04-15 09:54:55,6650.0,262192
2021-04-15 09:54:57,6652.4,262208
2021-04-15 09:54:58,6650.0,262556
2021-04-15 09:54:59,6650.0,262827
2021-04-15 09:54:59,6650.2,262837
2021-04-15 09:55:00,6650.0,262848
2021-04-15 09:55:01,6650.2,263015
2021-04-15 09:55:02,6650.0,263291
2021-04-15 09:55:05,6652.55,263404
2021-04-15 09:55:05,6649.35,263406
2021-04-15 09:55:06,6647.45,263538
2021-04-15 09:55:07,6647.2,263565
2021-04-15 09:55:08,6647.05,263622
2021-04-15 09:55:09,6649.35,263802
2021-04-15 09:55:10,6645.8,263880
2021-04-15 09:55:11,6649.45,263915
2021-04-15 09:55:12,6649.45,263955
2021-04-15 09:55:14,6646.0,264079
2021-04-15 09:55:14,6646.05,264067
2021-04-15 09:55:15,6647.85,264124
2021-04-15 09:55:16,6647.85,264147
2021-04-15 09:55:17,6647.75,264256
2021-04-15 09:55:19,6648.0,264295
2021-04-15 09:55:19,6653.05,264386
2021-04-15 09:55:20,6651.6,264452
2021-04-15 09:55:21,6654.35,264494
2021-04-15 09:55:22,6651.1,264548
2021-04-15 09:55:24,6650.3,264753
2021-04-15 09:55:24,6650.3,264775
2021-04-15 09:55:25,6650.05,264780
2021-04-15 09:55:26,6652.0,264801
2021-04-15 09:55:27,6650.4,264847
2021-04-15 09:55:29,6650.5,264896
2021-04-15 09:55:29,6653.0,264903
2021-04-15 09:55:30,6653.9,264959
2021-04-15 09:55:31,6650.55,264997
2021-04-15 09:55:32,6650.55,265012
2021-04-15 09:55:33,6650.5,265029
2021-04-15 09:55:34,6653.8,265051
2021-04-15 09:55:35,6650.75,265162
2021-04-15 09:55:36,6650.6,265219
2021-04-15 09:55:37,6655.55,265470
2021-04-15 09:55:39,6658.85,265512
2021-04-15 09:55:40,6655.9,265763
2021-04-15 09:55:40,6655.85,265792
2021-04-15 09:55:42,6655.5,265854
2021-04-15 09:55:44,6655.3,265866
2021-04-15 09:55:45,6655.3,265895
2021-04-15 09:55:45,6654.3,265898
2021-04-15 09:55:46,6654.3,265920
2021-04-15 09:55:47,6657.25,265948
2021-04-15 09:55:49,6656.0,266161
2021-04-15 09:55:49,6655.6,266173
2021-04-15 09:55:50,6655.45,266204
2021-04-15 09:55:51,6655.05,266307
2021-04-15 09:55:52,6658.0,266397
2021-04-15 09:55:54,6656.0,266511
2021-04-15 09:55:55,6655.85,266561
2021-04-15 09:55:56,6658.65,266690
2021-04-15 09:55:57,6655.9,266900
2021-04-15 09:55:57,6655.9,266921
2021-04-15 09:55:59,6656.05,267056
2021-04-15 09:55:59,6659.8,267091
2021-04-15 09:56:00,6656.25,267395
2021-04-15 09:56:01,6656.55,267453
2021-04-15 09:56:02,6659.9,267464
2021-04-15 09:56:04,6659.8,267886
2021-04-15 09:56:05,6659.55,267986
2021-04-15 09:56:05,6656.5,267978
2021-04-15 09:56:06,6655.85,268014
2021-04-15 09:56:07,6659.0,268143
2021-04-15 09:56:08,6659.0,268204
2021-04-15 09:56:11,6660.0,268397
2021-04-15 09:56:12,6656.0,268605
2021-04-15 09:56:13,6656.0,268632
2021-04-15 09:56:14,6658.65,268786
2021-04-15 09:56:16,6655.85,268908
2021-04-15 09:56:17,6664.8,269229
2021-04-15 09:56:17,6664.8,269310
2021-04-15 09:56:18,6663.55,270076
2021-04-15 09:56:19,6663.45,270438
2021-04-15 09:56:20,6662.3,270501
2021-04-15 09:56:22,6661.55,270739
2021-04-15 09:56:23,6661.55,270818
2021-04-15 09:56:23,6661.5,270824
2021-04-15 09:56:24,6662.15,270928
2021-04-15 09:56:25,6669.65,271985
2021-04-15 09:56:26,6673.95,272257
2021-04-15 09:56:28,6671.15,272434
2021-04-15 09:56:28,6671.15,272448
2021-04-15 09:56:29,6670.9,272636
2021-04-15 09:56:30,6672.1,272856
2021-04-15 09:56:31,6668.85,272882
2021-04-15 09:56:33,6673.2,273000
2021-04-15 09:56:34,6670.25,273122
2021-04-15 09:56:35,6669.25,273156
2021-04-15 09:56:35,6673.45,273191
2021-04-15 09:56:36,6670.6,273246
2021-04-15 09:56:37,6673.1,273369
2021-04-15 09:56:39,6674.55,273543
2021-04-15 09:56:40,6671.05,273600
2021-04-15 09:56:40,6673.05,273624
2021-04-15 09:56:41,6670.05,273709
2021-04-15 09:56:42,6673.95,273933
2021-04-15 09:56:44,6673.75,273992
2021-04-15 09:56:45,6670.15,274186
2021-04-15 09:56:45,6670.2,274167
2021-04-15 09:56:46,6670.15,274250
2021-04-15 09:56:46,6670.15,274250
2021-04-15 09:56:47,6674.8,274388
2021-04-15 09:56:49,6671.1,274440
2021-04-15 09:56:50,6674.15,274597
2021-04-15 09:56:50,6672.35,274498
2021-04-15 09:56:51,6674.2,274676
2021-04-15 09:56:52,6671.05,274702
2021-04-15 09:56:53,6671.05,274729
2021-04-15 09:56:55,6671.0,274820
2021-04-15 09:56:56,6676.15,275950
2021-04-15 09:56:56,6673.05,276098
2021-04-15 09:56:57,6676.05,276110
2021-04-15 09:56:58,6672.55,276262
2021-04-15 09:56:59,6674.0,276340
2021-04-15 09:57:01,6672.55,276347
2021-04-15 09:57:02,6672.5,276388
2021-04-15 09:57:02,6672.55,276383
2021-04-15 09:57:03,6673.5,276474
2021-04-15 09:57:04,6670.45,276479
2021-04-15 09:57:05,6670.45,276544
2021-04-15 09:57:06,6672.4,276577
2021-04-15 09:57:08,6670.05,276597
2021-04-15 09:57:09,6670.1,276652
2021-04-15 09:57:10,6670.1,276965
2021-04-15 09:57:12,6669.3,277236
2021-04-15 09:57:14,6670.0,277260
2021-04-15 09:57:15,6668.85,277270
2021-04-15 09:57:16,6668.5,277278
2021-04-15 09:57:16,6668.0,277279
2021-04-15 09:57:17,6667.5,277291
2021-04-15 09:57:18,6667.0,277295
2021-04-15 09:57:20,6666.55,277299
2021-04-15 09:57:21,6670.35,277320
2021-04-15 09:57:22,6666.0,277642
2021-04-15 09:57:22,6666.0,277648
2021-04-15 09:57:23,6669.25,277749
2021-04-15 09:57:24,6668.9,278056
2021-04-15 09:57:25,6665.4,278089
2021-04-15 09:57:26,6665.25,278102
2021-04-15 09:57:28,6665.65,278167
2021-04-15 09:57:29,6666.9,278226
2021-04-15 09:57:29,6666.9,278231
2021-04-15 09:57:30,6668.55,278298
2021-04-15 09:57:31,6668.55,278392
2021-04-15 09:57:32,6666.75,278426
2021-04-15 09:57:34,6666.05,278436
2021-04-15 09:57:35,6669.0,278440
2021-04-15 09:57:36,6666.1,278460
2021-04-15 09:57:37,6666.3,278475
2021-04-15 09:57:37,6668.55,278476
2021-04-15 09:57:38,6668.55,278479
2021-04-15 09:57:40,6670.6,278491
2021-04-15 09:57:41,6669.8,278494
2021-04-15 09:57:42,6670.95,278539
2021-04-15 09:57:43,6670.5,278577
2021-04-15 09:57:44,6667.0,278585
2021-04-15 09:57:45,6669.7,278649
2021-04-15 09:57:46,6667.0,278718
2021-04-15 09:57:46,6666.2,278725
2021-04-15 09:57:47,6669.5,278882
2021-04-15 09:57:49,6666.15,278904
2021-04-15 09:57:50,6669.45,278979
2021-04-15 09:57:51,6666.1,279097
2021-04-15 09:57:52,6667.0,279124
2021-04-15 09:57:55,6667.65,279765
2021-04-15 09:57:56,6664.65,279892
2021-04-15 09:57:56,6667.75,279870
2021-04-15 09:57:57,6667.65,279895
2021-04-15 09:57:58,6664.6,280023
2021-04-15 09:58:00,6664.55,280316
2021-04-15 09:58:01,6667.25,280348
2021-04-15 09:58:02,6664.15,280459
2021-04-15 09:58:03,6665.0,280473
2021-04-15 09:58:04,6665.0,280505
2021-04-15 09:58:05,6664.0,280522
2021-04-15 09:58:05,6664.0,280564
2021-04-15 09:58:06,6664.0,280634
2021-04-15 09:58:07,6663.0,280641
2021-04-15 09:58:08,6666.85,280646
2021-04-15 09:58:10,6665.0,280805
2021-04-15 09:58:11,6664.15,280918
2021-04-15 09:58:12,6663.25,281148
2021-04-15 09:58:12,6665.1,281248
2021-04-15 09:58:13,6664.5,281270
2021-04-15 09:58:15,6661.15,281281
2021-04-15 09:58:16,6661.15,281330
2021-04-15 09:58:17,6661.15,281384
2021-04-15 09:58:17,6664.0,281441
2021-04-15 09:58:18,6664.95,281611
2021-04-15 09:58:20,6665.0,281677
2021-04-15 09:58:21,6665.0,281831
2021-04-15 09:58:22,6667.95,281851
2021-04-15 09:58:22,6665.25,281874
2021-04-15 09:58:23,6664.25,281967
2021-04-15 09:58:24,6664.25,282035
2021-04-15 09:58:25,6665.8,282129
2021-04-15 09:58:27,6662.6,282139
2021-04-15 09:58:28,6665.75,282161
2021-04-15 09:58:29,6665.15,282330
2021-04-15 09:58:30,6665.15,282363
2021-04-15 09:58:31,6665.15,282400
2021-04-15 09:58:31,6664.65,282416
2021-04-15 09:58:32,6665.0,282441
2021-04-15 09:58:36,6665.0,282530
2021-04-15 09:58:37,6665.3,282533
2021-04-15 09:58:37,6665.05,282534
2021-04-15 09:58:38,6665.0,282591
2021-04-15 09:58:40,6667.65,282601
2021-04-15 09:58:41,6664.4,282611
2021-04-15 09:58:42,6665.0,282626
2021-04-15 09:58:43,6664.0,282776
2021-04-15 09:58:43,6663.0,282781
2021-04-15 09:58:44,6663.0,282801
2021-04-15 09:58:46,6662.85,283355
2021-04-15 09:58:47,6664.95,283424
2021-04-15 09:58:48,6666.95,283624
2021-04-15 09:58:48,6663.75,283628
2021-04-15 09:58:49,6663.75,283651
2021-04-15 09:58:50,6663.35,283718
2021-04-15 09:58:52,6666.7,283741
2021-04-15 09:58:53,6663.3,283762
2021-04-15 09:58:54,6666.9,283929
2021-04-15 09:58:55,6663.5,284018
2021-04-15 09:58:55,6663.5,283947
2021-04-15 09:58:56,6664.35,284085
2021-04-15 09:58:57,6663.15,284111
2021-04-15 09:58:59,6663.15,284127
2021-04-15 09:59:00,6663.05,284189
2021-04-15 09:59:01,6666.0,284214
2021-04-15 09:59:02,6664.35,284222
2021-04-15 09:59:04,6664.95,284225
2021-04-15 09:59:05,6665.0,284236
2021-04-15 09:59:06,6666.0,284247
2021-04-15 09:59:07,6666.0,284273
2021-04-15 09:59:08,6665.05,284317
2021-04-15 09:59:09,6666.0,284352
2021-04-15 09:59:09,6666.0,284397
2021-04-15 09:59:10,6668.0,284403
2021-04-15 09:59:11,6666.1,284511
2021-04-15 09:59:12,6668.95,284581
2021-04-15 09:59:14,6666.15,284629
2021-04-15 09:59:15,6668.0,284654
2021-04-15 09:59:16,6666.1,284679
2021-04-15 09:59:16,6666.15,284681
2021-04-15 09:59:17,6666.9,284740
2021-04-15 09:59:19,6665.9,284805
2021-04-15 09:59:20,6665.0,284811
2021-04-15 09:59:21,6664.7,285031
2021-04-15 09:59:22,6666.0,285048
2021-04-15 09:59:23,6664.85,285148
2021-04-15 09:59:23,6668.0,285212
2021-04-15 09:59:24,6664.6,285216
2021-04-15 09:59:26,6664.4,285337
2021-04-15 09:59:27,6667.05,285370
2021-04-15 09:59:28,6664.6,285384
2021-04-15 09:59:28,6665.0,285394
2021-04-15 09:59:29,6665.0,285413
2021-04-15 09:59:30,6665.9,285418
2021-04-15 09:59:32,6667.0,285428
2021-04-15 09:59:33,6667.05,285514
2021-04-15 09:59:34,6666.1,285549
2021-04-15 09:59:34,6666.1,285535
2021-04-15 09:59:35,6667.05,285552
2021-04-15 09:59:37,6663.0,286816
2021-04-15 09:59:38,6663.0,286943
2021-04-15 09:59:39,6662.85,286953
2021-04-15 09:59:40,6662.05,287016
2021-04-15 09:59:41,6663.4,287027
2021-04-15 09:59:42,6662.05,287092
2021-04-15 09:59:44,6661.0,287118
2021-04-15 09:59:45,6662.05,287137
2021-04-15 09:59:46,6660.55,287219
2021-04-15 09:59:46,6660.55,287237
2021-04-15 09:59:48,6660.95,287412
2021-04-15 09:59:49,6661.35,287497
2021-04-15 09:59:50,6661.1,287533
2021-04-15 09:59:51,6660.7,287586
2021-04-15 09:59:51,6664.0,287581
2021-04-15 09:59:53,6661.0,287620
2021-04-15 09:59:54,6661.6,287914
2021-04-15 09:59:55,6664.95,288015
2021-04-15 09:59:56,6666.45,288081
2021-04-15 09:59:56,6665.45,288088
2021-04-15 09:59:58,6666.45,288109
2021-04-15 09:59:59,6665.0,288122
2021-04-15 10:00:00,6666.5,288301
2021-04-15 10:00:01,6665.25,288482
2021-04-15 10:00:02,6665.0,288521
2021-04-15 10:00:02,6664.15,288524
2021-04-15 10:00:04,6667.55,288582
2021-04-15 10:00:05,6665.3,288655
2021-04-15 10:00:06,6665.05,288779
2021-04-15 10:00:07,6664.5,288792
2021-04-15 10:00:08,6670.0,289006
2021-04-15 10:00:08,6668.3,289030
2021-04-15 10:00:10,6665.75,289262
2021-04-15 10:00:11,6666.4,289289
2021-04-15 10:00:12,6666.45,289393
2021-04-15 10:00:13,6667.05,289422
2021-04-15 10:00:13,6667.05,289424
2021-04-15 10:00:15,6665.2,289445
2021-04-15 10:00:16,6667.45,289675
2021-04-15 10:00:17,6665.2,289712
2021-04-15 10:00:18,6665.05,289747
2021-04-15 10:00:19,6665.0,289822
2021-04-15 10:00:19,6665.15,289824
2021-04-15 10:00:21,6669.6,289950
2021-04-15 10:00:22,6665.1,290014
2021-04-15 10:00:24,6669.0,290705
2021-04-15 10:00:25,6665.05,290741
2021-04-15 10:00:26,6664.15,290799
2021-04-15 10:00:27,6667.2,290960
2021-04-15 10:00:28,6664.05,291075
2021-04-15 10:00:28,6664.25,291086
2021-04-15 10:00:29,6665.0,291088
2021-04-15 10:00:32,6667.35,291242
2021-04-15 10:00:33,6664.0,291343
2021-04-15 10:00:35,6669.95,291500
2021-04-15 10:00:36,6666.05,291545
2021-04-15 10:00:37,6666.05,291563
2021-04-15 10:00:37,6666.05,291566
2021-04-15 10:00:39,6665.05,291599
2021-04-15 10:00:40,6665.0,291601
2021-04-15 10:00:41,6675.0,292264
2021-04-15 10:00:42,6671.85,292283
2021-04-15 10:00:44,6672.6,293014
2021-04-15 10:00:44,6670.5,293020
2021-04-15 10:00:46,6669.55,293021
2021-04-15 10:00:47,6673.1,293044
2021-04-15 10:00:48,6669.55,293047
2021-04-15 10:00:49,6668.6,293079
2021-04-15 10:00:50,6668.5,293082
2021-04-15 10:00:50,6670.0,293090
2021-04-15 10:00:52,6668.0,293167
2021-04-15 10:00:53,6668.0,293321
2021-04-15 10:00:54,6669.45,293671
2021-04-15 10:00:55,6668.5,293882
2021-04-15 10:00:55,6668.5,293884
2021-04-15 10:00:57,6667.6,293937
2021-04-15 10:00:59,6669.6,294046
2021-04-15 10:01:00,6669.4,294074
2021-04-15 10:01:00,6672.5,294088
2021-04-15 10:01:02,6672.35,294136
2021-04-15 10:01:03,6668.5,294155
2021-04-15 10:01:04,6672.15,294252
2021-04-15 10:01:05,6669.0,294368
2021-04-15 10:01:05,6669.0,294357
2021-04-15 10:01:07,6669.0,294433
2021-04-15 10:01:08,6669.0,294521
2021-04-15 10:01:09,6668.95,294539
2021-04-15 10:01:10,6668.7,294555
2021-04-15 10:01:10,6668.0,294557
2021-04-15 10:01:11,6668.65,294562
2021-04-15 10:01:13,6672.35,294608
2021-04-15 10:01:14,6672.85,294655
2021-04-15 10:01:15,6671.2,294662
2021-04-15 10:01:16,6669.3,294690
2021-04-15 10:01:16,6669.05,294723
2021-04-15 10:01:17,6670.0,294729
2021-04-15 10:01:19,6670.0,294731
2021-04-15 10:01:20,6670.5,294744
2021-04-15 10:01:21,6671.35,294808
2021-04-15 10:01:22,6671.2,294857
2021-04-15 10:01:23,6669.4,294956
2021-04-15 10:01:24,6670.05,294961
2021-04-15 10:01:24,6670.05,294961
2021-04-15 10:01:26,6670.0,295065
2021-04-15 10:01:27,6672.3,295157
2021-04-15 10:01:28,6672.0,295196
2021-04-15 10:01:29,6672.0,295214
2021-04-15 10:01:30,6671.6,295224
2021-04-15 10:01:31,6672.0,295247
2021-04-15 10:01:32,6672.3,295316
2021-04-15 10:01:32,6672.3,295324
2021-04-15 10:01:34,6672.5,295407
2021-04-15 10:01:35,6672.5,295417
2021-04-15 10:01:36,6672.5,295541
2021-04-15 10:01:37,6673.0,295741
2021-04-15 10:01:38,6670.55,295745
2021-04-15 10:01:39,6670.5,295781
2021-04-15 10:01:40,6670.5,295837
2021-04-15 10:01:40,6670.5,295824
2021-04-15 10:01:42,6670.5,295860
2021-04-15 10:01:43,6673.0,295865
2021-04-15 10:01:44,6672.95,295867
2021-04-15 10:01:45,6677.85,296113
2021-04-15 10:01:46,6672.8,296145
2021-04-15 10:01:47,6672.65,296198
2021-04-15 10:01:48,6672.15,296245
2021-04-15 10:01:49,6673.0,296251
2021-04-15 10:01:50,6672.1,296274
2021-04-15 10:01:52,6675.35,296281
2021-04-15 10:01:53,6675.45,296371
2021-04-15 10:01:54,6672.35,296448
2021-04-15 10:01:55,6674.4,296662
2021-04-15 10:01:56,6675.4,296875
2021-04-15 10:01:57,6672.9,296894
2021-04-15 10:01:58,6675.05,296936
2021-04-15 10:01:58,6671.95,296938
2021-04-15 10:02:00,6671.95,296948
2021-04-15 10:02:01,6674.6,297031
2021-04-15 10:02:03,6671.05,297077
2021-04-15 10:02:04,6674.0,297139
2021-04-15 10:02:05,6672.25,297151
2021-04-15 10:02:06,6673.8,297183
2021-04-15 10:02:07,6673.9,297256
2021-04-15 10:02:08,6670.8,297284
2021-04-15 10:02:09,6670.55,297286
2021-04-15 10:02:10,6670.55,297309
2021-04-15 10:02:11,6670.15,297522
2021-04-15 10:02:12,6670.0,297668
2021-04-15 10:02:13,6670.1,297762
2021-04-15 10:02:15,6672.9,297787
2021-04-15 10:02:16,6670.1,297812
2021-04-15 10:02:17,6670.0,298029
2021-04-15 10:02:18,6670.0,298040
2021-04-15 10:02:19,6670.0,298078
2021-04-15 10:02:20,6670.2,298144
2021-04-15 10:02:21,6670.0,298168
2021-04-15 10:02:22,6670.25,298255
2021-04-15 10:02:23,6670.0,298301
2021-04-15 10:02:25,6673.0,298419
2021-04-15 10:02:26,6673.55,298454
2021-04-15 10:02:27,6674.0,298562
2021-04-15 10:02:28,6673.45,298584
2021-04-15 10:02:30,6670.15,298622
2021-04-15 10:02:32,6670.05,298747
2021-04-15 10:02:33,6670.0,298786
2021-04-15 10:02:34,6671.65,298911
2021-04-15 10:02:35,6668.7,298920
2021-04-15 10:02:36,6668.7,298920
2021-04-15 10:02:37,6668.65,298928
2021-04-15 10:02:38,6668.5,298939
2021-04-15 10:02:39,6668.05,299110
2021-04-15 10:02:40,6670.85,299132
2021-04-15 10:02:41,6671.1,299142
2021-04-15 10:02:42,6670.0,299143
2021-04-15 10:02:43,6670.0,299152
2021-04-15 10:02:44,6671.2,299248
2021-04-15 10:02:45,6668.0,299492
2021-04-15 10:02:46,6668.05,299529
2021-04-15 10:02:47,6670.0,299694
2021-04-15 10:02:48,6668.1,299704
2021-04-15 10:02:49,6671.45,299766
2021-04-15 10:02:50,6670.0,299780
2021-04-15 10:02:51,6668.9,300032
2021-04-15 10:02:52,6668.95,300060
2021-04-15 10:02:53,6670.05,300066
2021-04-15 10:02:54,6671.3,300216
2021-04-15 10:02:55,6671.05,300222
2021-04-15 10:02:56,6671.05,300225
2021-04-15 10:02:57,6670.0,300325
2021-04-15 10:02:58,6669.85,300494
2021-04-15 10:02:59,6668.35,300523
2021-04-15 10:03:00,6671.95,300640
2021-04-15 10:03:01,6673.0,300701
2021-04-15 10:03:02,6670.8,300806
2021-04-15 10:03:03,6670.0,300832
2021-04-15 10:03:04,6668.3,300866
2021-04-15 10:03:05,6668.3,300932
2021-04-15 10:03:06,6668.1,300939
2021-04-15 10:03:07,6668.2,300998
2021-04-15 10:03:08,6668.65,301068
2021-04-15 10:03:09,6668.35,301088
2021-04-15 10:03:10,6671.9,301099
2021-04-15 10:03:11,6669.3,301115
2021-04-15 10:03:12,6671.1,301119
2021-04-15 10:03:13,6669.3,301174
2021-04-15 10:03:14,6670.8,301243
2021-04-15 10:03:15,6671.1,301287
2021-04-15 10:03:16,6668.0,301422
2021-04-15 10:03:17,6668.0,301453
2021-04-15 10:03:18,6667.55,301671
2021-04-15 10:03:19,6667.5,301673
2021-04-15 10:03:20,6666.1,301757
2021-04-15 10:03:21,6666.1,301793
2021-04-15 10:03:22,6669.2,301798
2021-04-15 10:03:23,6670.75,302017
2021-04-15 10:03:24,6667.25,302542
2021-04-15 10:03:25,6665.65,302580
2021-04-15 10:03:27,6668.95,302619
2021-04-15 10:03:26,6669.15,302616
2021-04-15 10:03:28,6665.35,302626
2021-04-15 10:03:29,6665.0,302664
2021-04-15 10:03:30,6666.0,302769
2021-04-15 10:03:31,6664.6,302826
2021-04-15 10:03:32,6664.65,302869
2021-04-15 10:03:33,6665.0,302904
2021-04-15 10:03:34,6666.0,302907
2021-04-15 10:03:35,6665.25,303018
2021-04-15 10:03:36,6665.0,303075
2021-04-15 10:03:37,6665.0,303138
2021-04-15 10:03:38,6665.0,303161
2021-04-15 10:03:39,6663.55,303184
2021-04-15 10:03:40,6663.5,303213
2021-04-15 10:03:41,6666.4,303217
2021-04-15 10:03:42,6666.4,303217
2021-04-15 10:03:43,6663.5,303218
2021-04-15 10:03:44,6663.5,303218
2021-04-15 10:03:45,6665.0,303243
2021-04-15 10:03:46,6663.6,303258
2021-04-15 10:03:47,6663.55,303289
2021-04-15 10:03:48,6666.35,303417
2021-04-15 10:03:49,6665.15,303467
2021-04-15 10:03:50,6666.9,303669
2021-04-15 10:03:51,6668.6,303789
2021-04-15 10:03:52,6666.0,303790
2021-04-15 10:03:53,6665.1,304123
2021-04-15 10:03:54,6666.75,304293
2021-04-15 10:03:55,6666.45,304409
2021-04-15 10:03:56,6663.6,304520
2021-04-15 10:03:57,6666.45,304598
2021-04-15 10:03:58,6666.45,304632
2021-04-15 10:04:00,6664.2,304689
2021-04-15 10:04:01,6663.7,304824
2021-04-15 10:04:02,6663.2,305040
2021-04-15 10:04:03,6663.2,305062
2021-04-15 10:04:04,6665.6,305090
2021-04-15 10:04:05,6665.35,305103
2021-04-15 10:04:06,6664.95,305183
2021-04-15 10:04:07,6663.0,305245
2021-04-15 10:04:08,6661.6,305368
2021-04-15 10:04:10,6664.75,305448
2021-04-15 10:04:10,6668.8,305549
2021-04-15 10:04:11,6665.0,305559
2021-04-15 10:04:12,6666.95,305611
2021-04-15 10:04:13,6666.6,305675
2021-04-15 10:04:15,6663.4,305776
2021-04-15 10:04:16,6663.0,305879
2021-04-15 10:04:16,6663.05,305834
2021-04-15 10:04:17,6663.0,305905
2021-04-15 10:04:18,6662.5,305907
2021-04-15 10:04:19,6661.5,305913
2021-04-15 10:04:20,6664.4,306019
2021-04-15 10:04:21,6661.15,306030
2021-04-15 10:04:24,6660.65,306133
2021-04-15 10:04:25,6660.5,306151
2021-04-15 10:04:26,6659.25,306654
2021-04-15 10:04:27,6659.2,306719
2021-04-15 10:04:28,6659.25,306805
2021-04-15 10:04:30,6656.0,306946
2021-04-15 10:04:30,6658.0,306945
2021-04-15 10:04:31,6656.0,307118
2021-04-15 10:04:32,6656.35,307312
2021-04-15 10:04:33,6658.5,307413
2021-04-15 10:04:34,6655.5,307434
2021-04-15 10:04:35,6654.85,307539
2021-04-15 10:04:37,6656.35,307560
2021-04-15 10:04:37,6654.0,307665
2021-04-15 10:04:38,6654.05,307674
2021-04-15 10:04:39,6654.8,307683
2021-04-15 10:04:40,6654.85,307744
2021-04-15 10:04:41,6654.85,307816
2021-04-15 10:04:42,6653.5,307825
2021-04-15 10:04:43,6653.5,307831
2021-04-15 10:04:44,6653.2,307954
2021-04-15 10:04:45,6653.9,308062
2021-04-15 10:04:47,6654.85,308195
2021-04-15 10:04:47,6652.8,308205
2021-04-15 10:04:49,6652.15,308268
2021-04-15 10:04:49,6652.0,308305
2021-04-15 10:04:50,6652.0,308344
2021-04-15 10:04:51,6652.8,308358
2021-04-15 10:04:52,6654.4,308369
2021-04-15 10:04:53,6652.0,308392
2021-04-15 10:04:55,6652.0,308440
2021-04-15 10:04:55,6651.4,308451
2021-04-15 10:04:56,6651.0,308538
2021-04-15 10:04:57,6651.0,308576
2021-04-15 10:04:58,6654.4,308817
2021-04-15 10:04:59,6654.4,308874
2021-04-15 10:05:00,6651.45,308895
2021-04-15 10:05:02,6651.0,308938
2021-04-15 10:05:02,6651.1,308941
2021-04-15 10:05:03,6654.0,308968
2021-04-15 10:05:04,6651.4,308996
2021-04-15 10:05:05,6651.4,308999
2021-04-15 10:05:06,6654.85,309145
2021-04-15 10:05:07,6654.4,309249
2021-04-15 10:05:09,6658.4,309319
2021-04-15 10:05:09,6655.1,309308
2021-04-15 10:05:10,6655.1,309433
2021-04-15 10:05:11,6658.9,309533
2021-04-15 10:05:12,6658.5,309564
2021-04-15 10:05:13,6658.55,309588
2021-04-15 10:05:14,6658.45,309693
2021-04-15 10:05:16,6658.45,309697
2021-04-15 10:05:16,6655.9,309705
2021-04-15 10:05:17,6655.85,309808
2021-04-15 10:05:18,6658.35,310031
2021-04-15 10:05:19,6655.55,310055
2021-04-15 10:05:20,6655.55,310118
2021-04-15 10:05:21,6657.95,310130
2021-04-15 10:05:22,6657.85,310154
2021-04-15 10:05:23,6655.0,310160
2021-04-15 10:05:25,6655.1,310188
2021-04-15 10:05:25,6655.2,310191
2021-04-15 10:05:26,6655.2,310191
2021-04-15 10:05:27,6657.9,310227
2021-04-15 10:05:28,6658.1,310318
2021-04-15 10:05:29,6655.2,310334
2021-04-15 10:05:30,6658.0,310359
2021-04-15 10:05:31,6655.3,310387
2021-04-15 10:05:33,6655.0,310436
2021-04-15 10:05:33,6655.0,310456
2021-04-15 10:05:34,6654.4,310474
2021-04-15 10:05:35,6655.1,310486
2021-04-15 10:05:36,6655.0,310489
2021-04-15 10:05:37,6654.4,310511
2021-04-15 10:05:38,6655.0,310529
