timestamp,ltp,volume
2021-05-24 09:35:45,14145.15,0
2021-05-24 09:35:46,14146.65,0
2021-05-24 09:35:47,14147.9,0
2021-05-24 09:35:48,14147.4,0
2021-05-24 09:35:49,14149.1,0
2021-05-24 09:35:50,14151.0,0
2021-05-24 09:35:51,14152.05,0
2021-05-24 09:35:53,14150.45,0
2021-05-24 09:35:54,14152.7,0
2021-05-24 09:35:55,14152.85,0
2021-05-24 09:35:56,14148.95,0
2021-05-24 09:35:57,14150.3,0
2021-05-24 09:35:58,14148.7,0
2021-05-24 09:35:59,14148.35,0
2021-05-24 09:36:00,14151.0,0
2021-05-24 09:36:01,14150.3,0
2021-05-24 09:36:02,14148.6,0
2021-05-24 09:36:04,14147.35,0
2021-05-24 09:36:05,14149.4,0
2021-05-24 09:36:06,14147.6,0
2021-05-24 09:36:08,14144.85,0
2021-05-24 09:36:09,14143.8,0
2021-05-24 09:36:10,14146.35,0
2021-05-24 09:36:12,14144.55,0
2021-05-24 09:36:13,14141.85,0
2021-05-24 09:36:15,14143.6,0
2021-05-24 09:36:16,14142.95,0
2021-05-24 09:36:18,14144.85,0
2021-05-24 09:36:21,14146.8,0
2021-05-24 09:36:23,14147.3,0
2021-05-24 09:36:24,14146.85,0
2021-05-24 09:36:26,14146.75,0
2021-05-24 09:36:27,14150.0,0
2021-05-24 09:36:28,14147.45,0
2021-05-24 09:36:29,14148.8,0
2021-05-24 09:36:30,14153.25,0
2021-05-24 09:36:34,14157.3,0
2021-05-24 09:36:35,14156.1,0
2021-05-24 09:36:36,14157.05,0
2021-05-24 09:36:37,14157.15,0
2021-05-24 09:36:38,14157.15,0
2021-05-24 09:36:39,14156.4,0
2021-05-24 09:36:40,14157.85,0
2021-05-24 09:36:41,14157.7,0
2021-05-24 09:36:42,14158.1,0
2021-05-24 09:36:43,14159.25,0
2021-05-24 09:36:44,14158.5,0
2021-05-24 09:36:45,14159.1,0
2021-05-24 09:36:47,14159.25,0
2021-05-24 09:36:48,14158.7,0
2021-05-24 09:36:49,14156.85,0
2021-05-24 09:36:50,14155.75,0
2021-05-24 09:36:51,14156.1,0
2021-05-24 09:36:52,14156.55,0
2021-05-24 09:36:53,14156.75,0
2021-05-24 09:36:54,14157.8,0
2021-05-24 09:36:55,14157.35,0
2021-05-24 09:36:56,14157.85,0
2021-05-24 09:36:57,14158.6,0
2021-05-24 09:36:58,14156.55,0
2021-05-24 09:37:00,14157.6,0
2021-05-24 09:37:01,14159.0,0
2021-05-24 09:37:02,14155.1,0
2021-05-24 09:37:03,14156.95,0
2021-05-24 09:37:04,14155.0,0
2021-05-24 09:37:05,14155.35,0
2021-05-24 09:37:06,14155.6,0
2021-05-24 09:37:07,14155.75,0
2021-05-24 09:37:08,14154.25,0
2021-05-24 09:37:09,14155.65,0
2021-05-24 09:37:11,14155.7,0
2021-05-24 09:37:13,14157.1,0
2021-05-24 09:37:14,14156.25,0
2021-05-24 09:37:15,14157.6,0
2021-05-24 09:37:16,14157.9,0
2021-05-24 09:37:17,14157.1,0
2021-05-24 09:37:18,14154.85,0
2021-05-24 09:37:19,14155.65,0
2021-05-24 09:37:20,14156.15,0
2021-05-24 09:37:21,14155.8,0
2021-05-24 09:37:22,14153.95,0
2021-05-24 09:37:23,14155.0,0
2021-05-24 09:37:24,14154.7,0
2021-05-24 09:37:26,14157.2,0
2021-05-24 09:37:27,14154.25,0
2021-05-24 09:37:28,14155.05,0
2021-05-24 09:37:29,14156.4,0
2021-05-24 09:37:30,14153.65,0
2021-05-24 09:37:31,14148.15,0
2021-05-24 09:37:33,14150.15,0
2021-05-24 09:37:34,14147.5,0
2021-05-24 09:37:37,14151.95,0
2021-05-24 09:37:38,14147.9,0
2021-05-24 09:37:39,14147.95,0
2021-05-24 09:37:40,14150.1,0
2021-05-24 09:37:42,14149.65,0
2021-05-24 09:37:44,14150.9,0
2021-05-24 09:37:46,14149.65,0
2021-05-24 09:37:47,14151.65,0
2021-05-24 09:37:48,14151.8,0
2021-05-24 09:37:49,14151.5,0
2021-05-24 09:37:50,14151.55,0
2021-05-24 09:37:51,14156.6,0
2021-05-24 09:37:52,14157.6,0
2021-05-24 09:37:53,14157.05,0
2021-05-24 09:37:54,14161.8,0
2021-05-24 09:37:55,14159.3,0
2021-05-24 09:37:56,14157.95,0
2021-05-24 09:37:57,14158.3,0
2021-05-24 09:37:58,14159.95,0
2021-05-24 09:37:59,14158.75,0
2021-05-24 09:38:00,14159.5,0
2021-05-24 09:38:02,14158.05,0
2021-05-24 09:38:03,14158.0,0
2021-05-24 09:38:04,14160.65,0
2021-05-24 09:38:05,14159.45,0
2021-05-24 09:38:06,14160.05,0
2021-05-24 09:38:07,14160.25,0
2021-05-24 09:38:08,14159.05,0
2021-05-24 09:38:09,14158.8,0
2021-05-24 09:38:11,14159.65,0
2021-05-24 09:38:12,14157.9,0
2021-05-24 09:38:13,14158.2,0
2021-05-24 09:38:15,14159.2,0
2021-05-24 09:38:16,14161.55,0
2021-05-24 09:38:17,14159.85,0
2021-05-24 09:38:18,14158.25,0
2021-05-24 09:38:19,14154.5,0
2021-05-24 09:38:21,14157.5,0
2021-05-24 09:38:22,14155.7,0
2021-05-24 09:38:23,14157.15,0
2021-05-24 09:38:24,14154.5,0
2021-05-24 09:38:26,14158.4,0
2021-05-24 09:38:27,14156.15,0
2021-05-24 09:38:29,14155.65,0
2021-05-24 09:38:31,14159.55,0
2021-05-24 09:38:32,14159.85,0
2021-05-24 09:38:33,14158.6,0
2021-05-24 09:38:35,14159.15,0
2021-05-24 09:38:36,14159.6,0
2021-05-24 09:38:37,14160.8,0
2021-05-24 09:38:38,14159.2,0
2021-05-24 09:38:39,14160.1,0
2021-05-24 09:38:40,14159.55,0
2021-05-24 09:38:41,14160.7,0
2021-05-24 09:38:42,14160.7,0
2021-05-24 09:38:43,14159.6,0
2021-05-24 09:38:45,14157.95,0
2021-05-24 09:38:44,14158.25,0
2021-05-24 09:38:46,14158.05,0
2021-05-24 09:38:47,14156.4,0
2021-05-24 09:38:48,14159.0,0
2021-05-24 09:38:49,14157.25,0
2021-05-24 09:38:50,14157.55,0
2021-05-24 09:38:51,14157.45,0
2021-05-24 09:38:55,14156.7,0
2021-05-24 09:38:56,14156.7,0
2021-05-24 09:38:57,14155.9,0
2021-05-24 09:38:58,14156.3,0
2021-05-24 09:39:00,14155.3,0
2021-05-24 09:39:01,14152.85,0
2021-05-24 09:39:02,14154.4,0
2021-05-24 09:39:03,14154.2,0
2021-05-24 09:39:04,14155.15,0
2021-05-24 09:39:05,14152.9,0
2021-05-24 09:39:07,14154.7,0
2021-05-24 09:39:09,14151.5,0
2021-05-24 09:39:11,14153.5,0
2021-05-24 09:39:12,14152.3,0
2021-05-24 09:39:13,14151.9,0
2021-05-24 09:39:15,14153.05,0
2021-05-24 09:39:16,14151.9,0
2021-05-24 09:39:17,14151.95,0
2021-05-24 09:39:18,14150.4,0
2021-05-24 09:39:19,14151.2,0
2021-05-24 09:39:21,14152.5,0
2021-05-24 09:39:22,14152.8,0
2021-05-24 09:39:23,14151.75,0
2021-05-24 09:39:24,14153.7,0
2021-05-24 09:39:25,14152.1,0
2021-05-24 09:39:27,14149.15,0
2021-05-24 09:39:29,14150.15,0
2021-05-24 09:39:31,14151.75,0
2021-05-24 09:39:32,14152.2,0
2021-05-24 09:39:33,14151.5,0
2021-05-24 09:39:34,14152.7,0
2021-05-24 09:39:35,14152.25,0
2021-05-24 09:39:37,14149.7,0
2021-05-24 09:39:38,14148.55,0
2021-05-24 09:39:39,14150.75,0
2021-05-24 09:39:41,14150.65,0
2021-05-24 09:39:42,14150.65,0
2021-05-24 09:39:43,14150.95,0
2021-05-24 09:39:44,14150.05,0
2021-05-24 09:39:45,14151.3,0
2021-05-24 09:39:46,14152.25,0
2021-05-24 09:39:48,14152.9,0
2021-05-24 09:39:52,14151.35,0
2021-05-24 09:39:53,14153.8,0
2021-05-24 09:39:54,14153.25,0
2021-05-24 09:39:55,14153.8,0
2021-05-24 09:39:57,14154.4,0
2021-05-24 09:39:58,14154.95,0
2021-05-24 09:39:59,14157.4,0
2021-05-24 09:40:00,14157.0,0
2021-05-24 09:40:01,14156.35,0
2021-05-24 09:40:02,14158.55,0
2021-05-24 09:40:03,14157.25,0
2021-05-24 09:40:04,14159.6,0
2021-05-24 09:40:05,14159.3,0
2021-05-24 09:40:06,14159.75,0
2021-05-24 09:40:08,14157.8,0
2021-05-24 09:40:09,14159.05,0
2021-05-24 09:40:10,14158.15,0
2021-05-24 09:40:11,14156.6,0
2021-05-24 09:40:12,14155.45,0
2021-05-24 09:40:13,14155.05,0
2021-05-24 09:40:15,14152.95,0
2021-05-24 09:40:16,14150.85,0
2021-05-24 09:40:17,14150.2,0
2021-05-24 09:40:18,14150.75,0
2021-05-24 09:40:19,14151.55,0
2021-05-24 09:40:20,14150.85,0
2021-05-24 09:40:21,14149.95,0
2021-05-24 09:40:22,14151.15,0
2021-05-24 09:40:23,14150.85,0
2021-05-24 09:40:24,14150.9,0
2021-05-24 09:40:25,14150.55,0
2021-05-24 09:40:26,14148.8,0
2021-05-24 09:40:29,14148.75,0
2021-05-24 09:40:32,14136.05,0
2021-05-24 09:40:34,14136.75,0
2021-05-24 09:40:35,14138.4,0
2021-05-24 09:40:36,14135.8,0
2021-05-24 09:40:37,14134.95,0
2021-05-24 09:40:38,14134.85,0
2021-05-24 09:40:39,14135.4,0
2021-05-24 09:40:40,14136.9,0
2021-05-24 09:40:41,14135.45,0
2021-05-24 09:40:42,14139.5,0
2021-05-24 09:40:43,14144.65,0
2021-05-24 09:40:45,14141.6,0
2021-05-24 09:40:46,14140.3,0
2021-05-24 09:40:47,14138.65,0
2021-05-24 09:40:49,14136.4,0
2021-05-24 09:40:50,14136.3,0
2021-05-24 09:40:51,14139.7,0
2021-05-24 09:40:52,14141.3,0
2021-05-24 09:40:53,14138.1,0
2021-05-24 09:40:54,14140.5,0
2021-05-24 09:40:55,14140.25,0
2021-05-24 09:40:57,14143.15,0
2021-05-24 09:40:59,14138.9,0
2021-05-24 09:41:01,14140.5,0
2021-05-24 09:41:02,14141.05,0
2021-05-24 09:41:03,14140.95,0
2021-05-24 09:41:04,14141.65,0
2021-05-24 09:41:05,14141.15,0
2021-05-24 09:41:07,14141.55,0
2021-05-24 09:41:08,14141.95,0
2021-05-24 09:41:09,14142.05,0
2021-05-24 09:41:10,14141.45,0
2021-05-24 09:41:11,14141.95,0
2021-05-24 09:41:12,14142.65,0
2021-05-24 09:41:13,14142.2,0
2021-05-24 09:41:14,14144.05,0
2021-05-24 09:41:15,14143.5,0
2021-05-24 09:41:17,14145.15,0
2021-05-24 09:41:18,14143.55,0
2021-05-24 09:41:19,14141.75,0
2021-05-24 09:41:20,14141.45,0
2021-05-24 09:41:21,14146.0,0
2021-05-24 09:41:22,14144.0,0
2021-05-24 09:41:23,14143.15,0
2021-05-24 09:41:24,14143.65,0
2021-05-24 09:41:25,14143.6,0
2021-05-24 09:41:27,14141.65,0
2021-05-24 09:41:28,14142.1,0
2021-05-24 09:41:30,14139.8,0
2021-05-24 09:41:31,14136.85,0
2021-05-24 09:41:33,14134.9,0
2021-05-24 09:41:34,14134.45,0
2021-05-24 09:41:35,14134.05,0
2021-05-24 09:41:38,14134.55,0
2021-05-24 09:41:39,14134.05,0
2021-05-24 09:41:40,14136.0,0
2021-05-24 09:41:41,14135.15,0
2021-05-24 09:41:43,14130.8,0
2021-05-24 09:41:45,14130.4,0
2021-05-24 09:41:47,14131.65,0
2021-05-24 09:41:48,14132.65,0
2021-05-24 09:41:49,14132.3,0
2021-05-24 09:41:50,14132.2,0
2021-05-24 09:41:52,14131.4,0
2021-05-24 09:41:53,14132.0,0
2021-05-24 09:41:54,14131.65,0
2021-05-24 09:41:55,14131.85,0
2021-05-24 09:41:57,14132.15,0
2021-05-24 09:42:00,14132.85,0
2021-05-24 09:42:01,14132.75,0
2021-05-24 09:42:02,14132.0,0
2021-05-24 09:42:03,14135.7,0
2021-05-24 09:42:05,14134.0,0
2021-05-24 09:42:06,14129.35,0
2021-05-24 09:42:08,14130.05,0
2021-05-24 09:42:09,14130.55,0
2021-05-24 09:42:10,14132.25,0
2021-05-24 09:42:11,14128.25,0
2021-05-24 09:42:12,14129.4,0
2021-05-24 09:42:13,14127.6,0
2021-05-24 09:42:14,14128.05,0
2021-05-24 09:42:15,14128.9,0
2021-05-24 09:42:16,14127.15,0
2021-05-24 09:42:17,14127.9,0
2021-05-24 09:42:18,14127.5,0
2021-05-24 09:42:19,14126.65,0
2021-05-24 09:42:20,14127.5,0
2021-05-24 09:42:22,14126.0,0
2021-05-24 09:42:24,14125.95,0
2021-05-24 09:42:25,14127.2,0
2021-05-24 09:42:26,14126.25,0
2021-05-24 09:42:27,14125.65,0
2021-05-24 09:42:28,14126.65,0
2021-05-24 09:42:29,14127.95,0
2021-05-24 09:42:30,14126.6,0
2021-05-24 09:42:31,14128.05,0
2021-05-24 09:42:33,14126.35,0
2021-05-24 09:42:35,14127.0,0
2021-05-24 09:42:36,14127.1,0
2021-05-24 09:42:37,14126.9,0
2021-05-24 09:42:39,14127.2,0
2021-05-24 09:42:40,14127.65,0
2021-05-24 09:42:41,14129.25,0
2021-05-24 09:42:42,14126.9,0
2021-05-24 09:42:44,14129.1,0
2021-05-24 09:42:45,14129.9,0
2021-05-24 09:42:46,14130.7,0
2021-05-24 09:42:47,14132.7,0
2021-05-24 09:42:48,14134.95,0
2021-05-24 09:42:49,14136.0,0
2021-05-24 09:42:51,14134.8,0
2021-05-24 09:42:52,14136.4,0
2021-05-24 09:42:54,14134.75,0
2021-05-24 09:42:55,14135.9,0
2021-05-24 09:42:56,14135.9,0
2021-05-24 09:42:57,14136.95,0
2021-05-24 09:42:58,14136.6,0
2021-05-24 09:42:59,14136.65,0
2021-05-24 09:43:00,14138.35,0
2021-05-24 09:43:03,14135.6,0
2021-05-24 09:43:04,14135.85,0
2021-05-24 09:43:06,14133.15,0
2021-05-24 09:43:07,14135.45,0
2021-05-24 09:43:08,14133.35,0
2021-05-24 09:43:09,14134.2,0
2021-05-24 09:43:10,14134.9,0
2021-05-24 09:43:11,14136.05,0
2021-05-24 09:43:12,14135.45,0
2021-05-24 09:43:13,14134.45,0
2021-05-24 09:43:14,14135.25,0
2021-05-24 09:43:15,14135.8,0
2021-05-24 09:43:16,14136.1,0
2021-05-24 09:43:17,14137.75,0
2021-05-24 09:43:18,14136.7,0
2021-05-24 09:43:19,14136.55,0
2021-05-24 09:43:20,14138.5,0
2021-05-24 09:43:21,14137.75,0
2021-05-24 09:43:22,14137.05,0
2021-05-24 09:43:24,14135.35,0
2021-05-24 09:43:25,14135.85,0
2021-05-24 09:43:26,14136.95,0
2021-05-24 09:43:27,14138.05,0
2021-05-24 09:43:30,14136.9,0
2021-05-24 09:43:31,14139.1,0
2021-05-24 09:43:32,14139.5,0
2021-05-24 09:43:33,14137.85,0
2021-05-24 09:43:34,14138.8,0
2021-05-24 09:43:35,14138.65,0
2021-05-24 09:43:36,14140.5,0
2021-05-24 09:43:37,14140.05,0
2021-05-24 09:43:38,14137.95,0
2021-05-24 09:43:40,14138.95,0
2021-05-24 09:43:41,14138.0,0
2021-05-24 09:43:42,14139.15,0
2021-05-24 09:43:44,14138.9,0
2021-05-24 09:43:45,14139.95,0
2021-05-24 09:43:46,14141.55,0
2021-05-24 09:43:48,14140.6,0
2021-05-24 09:43:49,14141.75,0
2021-05-24 09:43:50,14140.1,0
2021-05-24 09:43:51,14139.95,0
2021-05-24 09:43:52,14142.2,0
2021-05-24 09:43:53,14140.45,0
2021-05-24 09:43:55,14140.65,0
2021-05-24 09:43:56,14140.15,0
2021-05-24 09:43:57,14141.95,0
2021-05-24 09:43:58,14141.25,0
2021-05-24 09:43:59,14140.75,0
2021-05-24 09:44:00,14140.3,0
2021-05-24 09:44:01,14140.7,0
2021-05-24 09:44:02,14139.6,0
2021-05-24 09:44:03,14140.35,0
2021-05-24 09:44:04,14139.6,0
2021-05-24 09:44:05,14139.95,0
2021-05-24 09:44:06,14140.0,0
2021-05-24 09:44:08,14136.6,0
2021-05-24 09:44:09,14135.8,0
2021-05-24 09:44:10,14135.4,0
2021-05-24 09:44:11,14136.9,0
2021-05-24 09:44:14,14137.6,0
2021-05-24 09:44:17,14137.05,0
2021-05-24 09:44:18,14135.1,0
2021-05-24 09:44:19,14135.1,0
2021-05-24 09:44:20,14136.6,0
2021-05-24 09:44:21,14137.3,0
2021-05-24 09:44:22,14134.8,0
2021-05-24 09:44:24,14135.15,0
2021-05-24 09:44:25,14134.25,0
2021-05-24 09:44:26,14135.1,0
2021-05-24 09:44:27,14134.35,0
2021-05-24 09:44:29,14135.6,0
2021-05-24 09:44:31,14133.75,0
2021-05-24 09:44:32,14134.7,0
2021-05-24 09:44:33,14135.05,0
2021-05-24 09:44:34,14135.05,0
2021-05-24 09:44:35,14137.55,0
2021-05-24 09:44:36,14136.55,0
2021-05-24 09:44:37,14135.65,0
2021-05-24 09:44:38,14135.1,0
2021-05-24 09:44:40,14136.6,0
2021-05-24 09:44:41,14137.6,0
2021-05-24 09:44:42,14136.0,0
2021-05-24 09:44:43,14136.9,0
2021-05-24 09:44:44,14135.5,0
2021-05-24 09:44:45,14136.15,0
2021-05-24 09:44:46,14136.45,0
2021-05-24 09:44:47,14135.5,0
2021-05-24 09:44:48,14136.35,0
2021-05-24 09:44:49,14136.6,0
2021-05-24 09:44:50,14135.05,0
2021-05-24 09:44:51,14133.75,0
2021-05-24 09:44:52,14133.95,0
2021-05-24 09:44:53,14133.15,0
2021-05-24 09:44:54,14135.95,0
2021-05-24 09:44:55,14135.35,0
2021-05-24 09:44:56,14135.35,0
2021-05-24 09:44:57,14136.4,0
2021-05-24 09:44:58,14136.2,0
2021-05-24 09:44:59,14134.7,0
2021-05-24 09:45:00,14132.5,0
2021-05-24 09:45:01,14132.95,0
2021-05-24 09:45:02,14134.2,0
2021-05-24 09:45:03,14135.3,0
2021-05-24 09:45:04,14134.8,0
2021-05-24 09:45:05,14135.45,0
2021-05-24 09:45:06,14135.5,0
2021-05-24 09:45:08,14137.05,0
2021-05-24 09:45:09,14135.45,0
2021-05-24 09:45:10,14137.65,0
2021-05-24 09:45:11,14140.85,0
2021-05-24 09:45:13,14145.7,0
2021-05-24 09:45:14,14149.2,0
2021-05-24 09:45:15,14147.2,0
2021-05-24 09:45:16,14148.0,0
2021-05-24 09:45:17,14149.05,0
2021-05-24 09:45:19,14149.2,0
2021-05-24 09:45:21,14149.7,0
2021-05-24 09:45:22,14151.6,0
2021-05-24 09:45:23,14149.65,0
2021-05-24 09:45:24,14149.55,0
2021-05-24 09:45:25,14150.0,0
2021-05-24 09:45:26,14148.85,0
2021-05-24 09:45:27,14148.05,0
2021-05-24 09:45:28,14149.5,0
2021-05-24 09:45:29,14149.2,0
2021-05-24 09:45:30,14150.55,0
2021-05-24 09:45:31,14151.1,0
2021-05-24 09:45:32,14149.3,0
2021-05-24 09:45:33,14150.3,0
2021-05-24 09:45:34,14151.55,0
2021-05-24 09:45:35,14150.0,0
2021-05-24 09:45:36,14150.7,0
2021-05-24 09:45:37,14150.05,0
2021-05-24 09:45:38,14150.95,0
2021-05-24 09:45:39,14151.55,0
2021-05-24 09:45:40,14148.9,0
2021-05-24 09:45:41,14152.3,0
2021-05-24 09:45:42,14151.5,0
2021-05-24 09:45:43,14153.5,0
2021-05-24 09:45:44,14153.25,0
2021-05-24 09:45:45,14154.35,0
2021-05-24 09:45:47,14153.3,0
2021-05-24 09:45:49,14154.35,0
2021-05-24 09:45:50,14154.25,0
2021-05-24 09:45:51,14152.95,0
2021-05-24 09:45:52,14152.7,0
2021-05-24 09:45:53,14153.7,0
2021-05-24 09:45:54,14155.5,0
2021-05-24 09:45:56,14154.65,0
2021-05-24 09:45:57,14154.9,0
2021-05-24 09:45:58,14154.05,0
2021-05-24 09:45:59,14153.65,0
2021-05-24 09:46:00,14154.35,0
2021-05-24 09:46:01,14154.35,0
2021-05-24 09:46:02,14154.5,0
2021-05-24 09:46:03,14152.9,0
2021-05-24 09:46:05,14151.7,0
2021-05-24 09:46:06,14151.7,0
2021-05-24 09:46:07,14152.05,0
2021-05-24 09:46:09,14151.9,0
2021-05-24 09:46:12,14148.6,0
2021-05-24 09:46:13,14150.2,0
2021-05-24 09:46:14,14147.9,0
2021-05-24 09:46:16,14149.3,0
2021-05-24 09:46:17,14149.85,0
2021-05-24 09:46:18,14149.9,0
2021-05-24 09:46:19,14148.0,0
2021-05-24 09:46:21,14149.5,0
2021-05-24 09:46:22,14148.35,0
2021-05-24 09:46:25,14149.95,0
2021-05-24 09:46:26,14150.4,0
2021-05-24 09:46:27,14150.7,0
2021-05-24 09:46:28,14148.95,0
2021-05-24 09:46:29,14148.55,0
2021-05-24 09:46:30,14148.55,0
2021-05-24 09:46:31,14146.55,0
2021-05-24 09:46:32,14147.35,0
2021-05-24 09:46:33,14148.25,0
2021-05-24 09:46:34,14148.8,0
2021-05-24 09:46:35,14149.05,0
2021-05-24 09:46:36,14148.0,0
2021-05-24 09:46:38,14148.1,0
2021-05-24 09:46:39,14149.25,0
2021-05-24 09:46:40,14148.0,0
2021-05-24 09:46:41,14148.3,0
2021-05-24 09:46:42,14148.75,0
2021-05-24 09:46:43,14150.6,0
2021-05-24 09:46:44,14150.6,0
2021-05-24 09:46:45,14149.75,0
2021-05-24 09:46:47,14150.35,0
2021-05-24 09:46:48,14148.7,0
2021-05-24 09:46:49,14150.2,0
2021-05-24 09:46:50,14150.3,0
2021-05-24 09:46:51,14148.35,0
2021-05-24 09:46:54,14151.55,0
2021-05-24 09:46:55,14150.8,0
2021-05-24 09:46:57,14149.7,0
2021-05-24 09:46:58,14148.8,0
2021-05-24 09:46:59,14147.55,0
2021-05-24 09:47:00,14147.3,0
2021-05-24 09:47:01,14147.8,0
2021-05-24 09:47:02,14147.35,0
2021-05-24 09:47:03,14146.55,0
2021-05-24 09:47:04,14147.85,0
2021-05-24 09:47:05,14147.95,0
2021-05-24 09:47:06,14147.85,0
2021-05-24 09:47:07,14147.9,0
2021-05-24 09:47:08,14147.25,0
2021-05-24 09:47:09,14147.45,0
2021-05-24 09:47:10,14147.75,0
2021-05-24 09:47:11,14148.15,0
2021-05-24 09:47:12,14147.8,0
2021-05-24 09:47:13,14148.5,0
2021-05-24 09:47:14,14148.45,0
2021-05-24 09:47:15,14149.0,0
2021-05-24 09:47:16,14149.75,0
2021-05-24 09:47:17,14149.55,0
2021-05-24 09:47:18,14149.9,0
2021-05-24 09:47:19,14149.7,0
2021-05-24 09:47:20,14152.1,0
2021-05-24 09:47:21,14151.25,0
2021-05-24 09:47:22,14151.15,0
2021-05-24 09:47:23,14150.65,0
2021-05-24 09:47:24,14151.95,0
2021-05-24 09:47:27,14152.25,0
2021-05-24 09:47:29,14149.15,0
2021-05-24 09:47:30,14147.95,0
2021-05-24 09:47:31,14147.7,0
2021-05-24 09:47:32,14148.55,0
2021-05-24 09:47:33,14148.1,0
2021-05-24 09:47:34,14149.35,0
2021-05-24 09:47:35,14150.35,0
2021-05-24 09:47:36,14149.8,0
2021-05-24 09:47:38,14150.4,0
2021-05-24 09:47:39,14150.15,0
2021-05-24 09:47:40,14151.25,0
2021-05-24 09:47:41,14150.4,0
2021-05-24 09:47:42,14150.15,0
2021-05-24 09:47:43,14151.15,0
2021-05-24 09:47:44,14151.4,0
2021-05-24 09:47:45,14151.4,0
2021-05-24 09:47:46,14150.2,0
2021-05-24 09:47:49,14152.6,0
2021-05-24 09:47:50,14153.15,0
2021-05-24 09:47:52,14152.4,0
2021-05-24 09:47:53,14152.5,0
2021-05-24 09:47:54,14155.5,0
2021-05-24 09:47:55,14155.65,0
2021-05-24 09:47:56,14156.2,0
2021-05-24 09:47:58,14155.85,0
2021-05-24 09:47:59,14155.95,0
2021-05-24 09:48:04,14158.6,0
2021-05-24 09:48:05,14157.85,0
2021-05-24 09:48:06,14157.0,0
2021-05-24 09:48:07,14157.15,0
2021-05-24 09:48:09,14157.25,0
2021-05-24 09:48:12,14158.95,0
2021-05-24 09:48:14,14160.45,0
2021-05-24 09:48:16,14158.05,0
2021-05-24 09:48:17,14160.4,0
2021-05-24 09:48:19,14160.15,0
2021-05-24 09:48:20,14158.15,0
2021-05-24 09:48:22,14160.9,0
2021-05-24 09:48:23,14160.25,0
2021-05-24 09:48:24,14161.2,0
2021-05-24 09:48:25,14158.15,0
2021-05-24 09:48:26,14158.55,0
2021-05-24 09:48:27,14160.05,0
2021-05-24 09:48:28,14160.0,0
2021-05-24 09:48:29,14161.15,0
2021-05-24 09:48:30,14160.2,0
2021-05-24 09:48:31,14158.25,0
2021-05-24 09:48:32,14161.35,0
2021-05-24 09:48:33,14159.3,0
2021-05-24 09:48:34,14158.5,0
2021-05-24 09:48:35,14159.25,0
2021-05-24 09:48:38,14156.1,0
2021-05-24 09:48:39,14155.85,0
2021-05-24 09:48:40,14153.7,0
2021-05-24 09:48:42,14155.4,0
2021-05-24 09:48:43,14154.0,0
2021-05-24 09:48:44,14153.15,0
2021-05-24 09:48:45,14151.95,0
2021-05-24 09:48:46,14152.95,0
2021-05-24 09:48:47,14154.3,0
2021-05-24 09:48:48,14151.35,0
2021-05-24 09:48:49,14151.3,0
2021-05-24 09:48:50,14151.9,0
2021-05-24 09:48:52,14151.65,0
2021-05-24 09:48:53,14149.65,0
2021-05-24 09:48:55,14150.45,0
2021-05-24 09:48:56,14149.05,0
2021-05-24 09:48:58,14150.85,0
2021-05-24 09:48:59,14150.5,0
2021-05-24 09:49:00,14151.75,0
2021-05-24 09:49:01,14151.05,0
2021-05-24 09:49:02,14150.85,0
2021-05-24 09:49:03,14150.1,0
2021-05-24 09:49:04,14151.0,0
2021-05-24 09:49:05,14151.25,0
2021-05-24 09:49:06,14154.15,0
2021-05-24 09:49:07,14151.4,0
2021-05-24 09:49:08,14153.2,0
2021-05-24 09:49:09,14151.4,0
2021-05-24 09:49:10,14153.9,0
2021-05-24 09:49:11,14153.75,0
2021-05-24 09:49:12,14153.4,0
2021-05-24 09:49:13,14154.45,0
2021-05-24 09:49:14,14155.75,0
2021-05-24 09:49:15,14155.55,0
2021-05-24 09:49:16,14154.65,0
2021-05-24 09:49:18,14154.75,0
2021-05-24 09:49:19,14156.85,0
2021-05-24 09:49:20,14156.4,0
2021-05-24 09:49:21,14156.7,0
2021-05-24 09:49:22,14156.6,0
2021-05-24 09:49:23,14155.7,0
2021-05-24 09:49:24,14154.6,0
2021-05-24 09:49:25,14158.7,0
2021-05-24 09:49:26,14156.5,0
2021-05-24 09:49:27,14156.35,0
2021-05-24 09:49:28,14155.7,0
2021-05-24 09:49:29,14155.05,0
2021-05-24 09:49:30,14154.85,0
2021-05-24 09:49:33,14155.05,0
2021-05-24 09:49:34,14154.4,0
2021-05-24 09:49:35,14153.05,0
2021-05-24 09:49:36,14154.5,0
2021-05-24 09:49:37,14154.4,0
2021-05-24 09:49:38,14153.1,0
2021-05-24 09:49:42,14151.4,0
2021-05-24 09:49:43,14151.3,0
2021-05-24 09:49:44,14153.15,0
2021-05-24 09:49:45,14153.45,0
2021-05-24 09:49:46,14152.65,0
2021-05-24 09:49:47,14154.2,0
2021-05-24 09:49:48,14153.9,0
2021-05-24 09:49:49,14154.75,0
2021-05-24 09:49:50,14156.45,0
2021-05-24 09:49:52,14154.55,0
2021-05-24 09:49:53,14156.05,0
2021-05-24 09:49:54,14156.2,0
2021-05-24 09:49:55,14157.35,0
2021-05-24 09:49:56,14158.2,0
2021-05-24 09:49:57,14157.85,0
2021-05-24 09:49:58,14157.85,0
2021-05-24 09:49:59,14158.6,0
2021-05-24 09:50:00,14157.8,0
2021-05-24 09:50:01,14155.5,0
2021-05-24 09:50:02,14155.05,0
2021-05-24 09:50:03,14155.85,0
2021-05-24 09:50:04,14156.05,0
2021-05-24 09:50:05,14157.05,0
2021-05-24 09:50:06,14158.65,0
2021-05-24 09:50:07,14157.7,0
2021-05-24 09:50:09,14157.75,0
2021-05-24 09:50:10,14157.5,0
2021-05-24 09:50:11,14156.9,0
2021-05-24 09:50:12,14157.05,0
2021-05-24 09:50:13,14157.4,0
2021-05-24 09:50:14,14157.5,0
2021-05-24 09:50:15,14157.9,0
2021-05-24 09:50:16,14159.0,0
2021-05-24 09:50:17,14157.35,0
2021-05-24 09:50:18,14157.6,0
2021-05-24 09:50:19,14156.15,0
2021-05-24 09:50:20,14157.95,0
2021-05-24 09:50:22,14156.6,0
2021-05-24 09:50:23,14157.25,0
2021-05-24 09:50:25,14160.2,0
2021-05-24 09:50:28,14158.95,0
2021-05-24 09:50:31,14157.7,0
2021-05-24 09:50:32,14158.9,0
2021-05-24 09:50:34,14159.05,0
2021-05-24 09:50:35,14157.8,0
2021-05-24 09:50:36,14159.7,0
2021-05-24 09:50:37,14159.6,0
2021-05-24 09:50:38,14161.0,0
2021-05-24 09:50:39,14160.25,0
2021-05-24 09:50:40,14160.65,0
2021-05-24 09:50:42,14159.2,0
2021-05-24 09:50:44,14159.75,0
2021-05-24 09:50:45,14160.8,0
2021-05-24 09:50:46,14160.4,0
2021-05-24 09:50:47,14161.15,0
2021-05-24 09:50:48,14160.6,0
2021-05-24 09:50:49,14161.4,0
2021-05-24 09:50:50,14159.75,0
2021-05-24 09:50:51,14161.4,0
2021-05-24 09:50:52,14160.0,0
2021-05-24 09:50:53,14161.75,0
2021-05-24 09:50:54,14160.15,0
2021-05-24 09:50:55,14158.15,0
2021-05-24 09:50:56,14157.95,0
2021-05-24 09:50:57,14157.55,0
2021-05-24 09:50:58,14157.8,0
2021-05-24 09:50:59,14156.5,0
2021-05-24 09:51:00,14156.0,0
2021-05-24 09:51:01,14154.9,0
2021-05-24 09:51:02,14155.4,0
2021-05-24 09:51:03,14155.25,0
2021-05-24 09:51:04,14155.1,0
2021-05-24 09:51:05,14154.5,0
2021-05-24 09:51:07,14151.65,0
2021-05-24 09:51:10,14153.5,0
2021-05-24 09:51:11,14153.2,0
2021-05-24 09:51:12,14154.05,0
2021-05-24 09:51:13,14155.2,0
2021-05-24 09:51:14,14154.7,0
2021-05-24 09:51:15,14155.75,0
2021-05-24 09:51:16,14155.55,0
2021-05-24 09:51:17,14156.0,0
2021-05-24 09:51:18,14155.95,0
2021-05-24 09:51:19,14154.3,0
2021-05-24 09:51:20,14154.25,0
2021-05-24 09:51:21,14153.55,0
2021-05-24 09:51:22,14152.9,0
2021-05-24 09:51:23,14154.1,0
2021-05-24 09:51:24,14151.65,0
2021-05-24 09:51:25,14152.7,0
2021-05-24 09:51:26,14153.9,0
2021-05-24 09:51:27,14152.45,0
2021-05-24 09:51:28,14151.6,0
2021-05-24 09:51:29,14152.7,0
2021-05-24 09:51:30,14151.3,0
2021-05-24 09:51:31,14152.5,0
2021-05-24 09:51:32,14153.4,0
2021-05-24 09:51:33,14151.75,0
2021-05-24 09:51:35,14151.25,0
2021-05-24 09:51:37,14152.95,0
2021-05-24 09:51:38,14151.6,0
2021-05-24 09:51:39,14151.55,0
2021-05-24 09:51:40,14151.4,0
2021-05-24 09:51:41,14152.8,0
2021-05-24 09:51:42,14154.35,0
2021-05-24 09:51:43,14154.95,0
2021-05-24 09:51:44,14155.5,0
2021-05-24 09:51:45,14154.55,0
2021-05-24 09:51:46,14152.65,0
2021-05-24 09:51:47,14153.55,0
2021-05-24 09:51:48,14153.55,0
2021-05-24 09:51:49,14153.45,0
2021-05-24 09:51:50,14154.5,0
2021-05-24 09:51:51,14153.5,0
2021-05-24 09:51:52,14154.65,0
2021-05-24 09:51:55,14154.05,0
2021-05-24 09:51:56,14153.85,0
2021-05-24 09:51:57,14155.55,0
2021-05-24 09:51:58,14155.25,0
2021-05-24 09:51:59,14155.65,0
2021-05-24 09:52:00,14156.5,0
2021-05-24 09:52:01,14155.25,0
2021-05-24 09:52:02,14157.15,0
2021-05-24 09:52:03,14156.0,0
2021-05-24 09:52:04,14157.6,0
2021-05-24 09:52:05,14159.5,0
2021-05-24 09:52:06,14156.7,0
2021-05-24 09:52:07,14156.45,0
2021-05-24 09:52:08,14153.75,0
2021-05-24 09:52:09,14156.35,0
2021-05-24 09:52:10,14155.3,0
2021-05-24 09:52:11,14154.95,0
2021-05-24 09:52:13,14151.85,0
2021-05-24 09:52:14,14150.6,0
2021-05-24 09:52:15,14150.85,0
2021-05-24 09:52:16,14151.3,0
2021-05-24 09:52:17,14151.1,0
2021-05-24 09:52:18,14148.75,0
2021-05-24 09:52:19,14147.75,0
2021-05-24 09:52:20,14147.95,0
2021-05-24 09:52:21,14146.55,0
2021-05-24 09:52:22,14146.2,0
2021-05-24 09:52:23,14147.85,0
2021-05-24 09:52:25,14147.5,0
2021-05-24 09:52:27,14145.25,0
2021-05-24 09:52:28,14145.7,0
2021-05-24 09:52:29,14144.15,0
2021-05-24 09:52:30,14146.3,0
2021-05-24 09:52:31,14144.95,0
2021-05-24 09:52:32,14144.15,0
2021-05-24 09:52:33,14145.2,0
2021-05-24 09:52:34,14145.15,0
2021-05-24 09:52:35,14144.45,0
2021-05-24 09:52:37,14144.15,0
2021-05-24 09:52:39,14144.9,0
2021-05-24 09:52:41,14146.05,0
2021-05-24 09:52:42,14145.25,0
2021-05-24 09:52:45,14147.0,0
2021-05-24 09:52:46,14148.9,0
2021-05-24 09:52:48,14148.8,0
2021-05-24 09:52:50,14148.25,0
2021-05-24 09:52:51,14147.75,0
2021-05-24 09:52:52,14148.4,0
2021-05-24 09:52:53,14146.3,0
2021-05-24 09:52:57,14147.65,0
2021-05-24 09:52:58,14147.2,0
2021-05-24 09:52:59,14149.1,0
2021-05-24 09:53:00,14147.25,0
2021-05-24 09:53:01,14147.65,0
2021-05-24 09:53:02,14148.9,0
2021-05-24 09:53:03,14148.65,0
2021-05-24 09:53:04,14150.45,0
2021-05-24 09:53:06,14149.25,0
2021-05-24 09:53:07,14150.5,0
2021-05-24 09:53:08,14150.5,0
2021-05-24 09:53:09,14151.25,0
2021-05-24 09:53:10,14150.45,0
2021-05-24 09:53:11,14151.8,0
2021-05-24 09:53:12,14151.65,0
2021-05-24 09:53:13,14151.6,0
2021-05-24 09:53:14,14152.5,0
2021-05-24 09:53:15,14151.1,0
2021-05-24 09:53:16,14149.95,0
2021-05-24 09:53:17,14149.0,0
2021-05-24 09:53:18,14149.3,0
2021-05-24 09:53:19,14149.3,0
2021-05-24 09:53:20,14148.8,0
2021-05-24 09:53:22,14145.9,0
2021-05-24 09:53:23,14147.5,0
2021-05-24 09:53:24,14146.35,0
2021-05-24 09:53:26,14148.85,0
2021-05-24 09:53:27,14148.1,0
2021-05-24 09:53:31,14148.55,0
2021-05-24 09:53:32,14152.05,0
2021-05-24 09:53:33,14151.95,0
2021-05-24 09:53:34,14152.35,0
2021-05-24 09:53:35,14153.2,0
2021-05-24 09:53:37,14153.45,0
2021-05-24 09:53:38,14153.75,0
2021-05-24 09:53:39,14153.6,0
2021-05-24 09:53:40,14152.75,0
2021-05-24 09:53:41,14153.25,0
2021-05-24 09:53:42,14152.95,0
2021-05-24 09:53:43,14153.45,0
2021-05-24 09:53:44,14153.65,0
2021-05-24 09:53:45,14152.2,0
2021-05-24 09:53:46,14152.75,0
2021-05-24 09:53:47,14154.65,0
2021-05-24 09:53:48,14155.25,0
2021-05-24 09:53:49,14155.1,0
2021-05-24 09:53:50,14156.9,0
2021-05-24 09:53:52,14157.2,0
2021-05-24 09:53:53,14156.5,0
2021-05-24 09:53:54,14159.6,0
2021-05-24 09:53:56,14161.5,0
2021-05-24 09:53:57,14161.75,0
2021-05-24 09:53:58,14161.5,0
2021-05-24 09:53:59,14161.15,0
2021-05-24 09:54:01,14163.15,0
2021-05-24 09:54:02,14163.55,0
2021-05-24 09:54:03,14162.0,0
2021-05-24 09:54:05,14165.45,0
2021-05-24 09:54:06,14164.2,0
2021-05-24 09:54:07,14164.35,0
2021-05-24 09:54:08,14164.15,0
2021-05-24 09:54:09,14166.0,0
2021-05-24 09:54:10,14166.85,0
2021-05-24 09:54:11,14167.25,0
2021-05-24 09:54:12,14165.65,0
2021-05-24 09:54:13,14166.55,0
2021-05-24 09:54:14,14165.6,0
2021-05-24 09:54:15,14166.1,0
2021-05-24 09:54:16,14165.6,0
2021-05-24 09:54:17,14164.45,0
2021-05-24 09:54:18,14165.45,0
2021-05-24 09:54:19,14164.6,0
2021-05-24 09:54:20,14167.6,0
2021-05-24 09:54:21,14167.95,0
2021-05-24 09:54:22,14166.3,0
2021-05-24 09:54:23,14166.45,0
2021-05-24 09:54:24,14166.9,0
2021-05-24 09:54:25,14165.6,0
2021-05-24 09:54:26,14165.25,0
2021-05-24 09:54:27,14164.65,0
2021-05-24 09:54:28,14162.75,0
2021-05-24 09:54:29,14162.8,0
2021-05-24 09:54:30,14164.75,0
2021-05-24 09:54:31,14163.0,0
2021-05-24 09:54:32,14164.15,0
2021-05-24 09:54:33,14163.05,0
2021-05-24 09:54:34,14161.65,0
2021-05-24 09:54:35,14163.95,0
2021-05-24 09:54:36,14164.6,0
2021-05-24 09:54:37,14163.4,0
2021-05-24 09:54:38,14165.45,0
2021-05-24 09:54:39,14162.7,0
2021-05-24 09:54:40,14164.3,0
2021-05-24 09:54:41,14163.95,0
2021-05-24 09:54:42,14163.05,0
2021-05-24 09:54:43,14163.5,0
2021-05-24 09:54:44,14163.6,0
2021-05-24 09:54:45,14165.7,0
2021-05-24 09:54:47,14165.4,0
2021-05-24 09:54:48,14165.05,0
2021-05-24 09:54:49,14165.15,0
2021-05-24 09:54:50,14165.6,0
2021-05-24 09:54:51,14165.55,0
2021-05-24 09:54:52,14164.95,0
2021-05-24 09:54:53,14163.55,0
2021-05-24 09:54:54,14165.1,0
2021-05-24 09:54:56,14163.75,0
2021-05-24 09:54:57,14163.35,0
2021-05-24 09:54:58,14164.3,0
2021-05-24 09:54:59,14164.85,0
2021-05-24 09:55:00,14163.95,0
2021-05-24 09:55:01,14165.9,0
2021-05-24 09:55:02,14166.0,0
2021-05-24 09:55:04,14164.6,0
2021-05-24 09:55:05,14163.35,0
2021-05-24 09:55:06,14163.2,0
2021-05-24 09:55:07,14164.6,0
2021-05-24 09:55:08,14163.55,0
2021-05-24 09:55:09,14162.9,0
2021-05-24 09:55:10,14164.15,0
2021-05-24 09:55:12,14165.15,0
2021-05-24 09:55:14,14166.15,0
2021-05-24 09:55:15,14167.15,0
2021-05-24 09:55:16,14167.5,0
2021-05-24 09:55:18,14167.8,0
2021-05-24 09:55:19,14167.85,0
2021-05-24 09:55:20,14167.1,0
2021-05-24 09:55:21,14167.2,0
2021-05-24 09:55:22,14168.7,0
2021-05-24 09:55:23,14166.3,0
2021-05-24 09:55:24,14166.1,0
2021-05-24 09:55:25,14166.8,0
2021-05-24 09:55:26,14167.65,0
2021-05-24 09:55:27,14168.1,0
2021-05-24 09:55:28,14169.2,0
2021-05-24 09:55:30,14169.6,0
2021-05-24 09:55:31,14169.3,0
2021-05-24 09:55:32,14167.7,0
2021-05-24 09:55:35,14167.15,0
2021-05-24 09:55:36,14169.4,0
2021-05-24 09:55:38,14168.85,0
2021-05-24 09:55:40,14169.5,0
2021-05-24 09:55:41,14168.4,0
2021-05-24 09:55:42,14168.05,0
2021-05-24 09:55:43,14166.9,0
2021-05-24 09:55:44,14170.35,0
2021-05-24 09:55:45,14167.6,0
2021-05-24 09:55:46,14168.1,0
2021-05-24 09:55:47,14168.45,0
2021-05-24 09:55:48,14168.75,0
2021-05-24 09:55:50,14169.45,0
2021-05-24 09:55:54,14168.0,0
2021-05-24 09:55:56,14170.15,0
2021-05-24 09:55:57,14169.8,0
2021-05-24 09:55:58,14169.65,0
2021-05-24 09:55:59,14168.85,0
2021-05-24 09:56:00,14167.35,0
2021-05-24 09:56:01,14167.2,0
2021-05-24 09:56:02,14167.95,0
2021-05-24 09:56:03,14169.25,0
2021-05-24 09:56:04,14167.9,0
2021-05-24 09:56:05,14167.2,0
2021-05-24 09:56:06,14168.35,0
2021-05-24 09:56:07,14169.9,0
2021-05-24 09:56:08,14168.75,0
2021-05-24 09:56:09,14169.2,0
2021-05-24 09:56:10,14168.3,0
2021-05-24 09:56:11,14169.65,0
2021-05-24 09:56:12,14169.1,0
2021-05-24 09:56:13,14168.95,0
2021-05-24 09:56:14,14170.05,0
2021-05-24 09:56:15,14171.15,0
2021-05-24 09:56:16,14171.0,0
2021-05-24 09:56:17,14169.45,0
2021-05-24 09:56:18,14169.35,0
2021-05-24 09:56:19,14168.4,0
2021-05-24 09:56:20,14168.8,0
2021-05-24 09:56:22,14169.95,0
2021-05-24 09:56:23,14167.85,0
2021-05-24 09:56:24,14166.8,0
2021-05-24 09:56:25,14165.5,0
2021-05-24 09:56:26,14161.2,0
2021-05-24 09:56:28,14159.75,0
2021-05-24 09:56:29,14162.25,0
2021-05-24 09:56:30,14160.75,0
2021-05-24 09:56:31,14162.05,0
2021-05-24 09:56:33,14161.6,0
2021-05-24 09:56:35,14160.35,0
2021-05-24 09:56:36,14158.95,0
2021-05-24 09:56:37,14158.55,0
2021-05-24 09:56:38,14158.3,0
2021-05-24 09:56:39,14158.7,0
2021-05-24 09:56:40,14159.65,0
2021-05-24 09:56:41,14157.2,0
2021-05-24 09:56:42,14156.75,0
2021-05-24 09:56:43,14156.1,0
2021-05-24 09:56:44,14157.05,0
2021-05-24 09:56:46,14158.15,0
2021-05-24 09:56:48,14154.3,0
2021-05-24 09:56:49,14158.7,0
2021-05-24 09:56:50,14159.3,0
2021-05-24 09:56:51,14159.3,0
2021-05-24 09:56:52,14155.8,0
2021-05-24 09:56:54,14158.55,0
2021-05-24 09:56:55,14158.55,0
2021-05-24 09:56:56,14160.1,0
2021-05-24 09:56:57,14158.25,0
2021-05-24 09:56:58,14157.85,0
2021-05-24 09:56:59,14161.3,0
2021-05-24 09:57:00,14161.05,0
2021-05-24 09:57:01,14160.45,0
2021-05-24 09:57:02,14161.3,0
2021-05-24 09:57:03,14161.75,0
2021-05-24 09:57:04,14160.1,0
2021-05-24 09:57:05,14161.5,0
2021-05-24 09:57:06,14161.25,0
2021-05-24 09:57:08,14162.4,0
2021-05-24 09:57:11,14161.15,0
2021-05-24 09:57:12,14158.95,0
2021-05-24 09:57:14,14161.65,0
2021-05-24 09:57:15,14160.25,0
2021-05-24 09:57:16,14162.25,0
2021-05-24 09:57:17,14160.9,0
2021-05-24 09:57:18,14161.4,0
2021-05-24 09:57:19,14160.65,0
2021-05-24 09:57:20,14160.45,0
2021-05-24 09:57:21,14160.35,0
2021-05-24 09:57:22,14161.95,0
2021-05-24 09:57:23,14162.7,0
2021-05-24 09:57:24,14162.05,0
2021-05-24 09:57:28,14161.8,0
2021-05-24 09:57:29,14162.2,0
2021-05-24 09:57:30,14161.7,0
2021-05-24 09:57:33,14161.05,0
2021-05-24 09:57:34,14161.75,0
2021-05-24 09:57:36,14163.95,0
2021-05-24 09:57:37,14163.1,0
2021-05-24 09:57:38,14163.7,0
2021-05-24 09:57:39,14164.05,0
2021-05-24 09:57:41,14163.75,0
2021-05-24 09:57:42,14163.1,0
2021-05-24 09:57:44,14163.45,0
2021-05-24 09:57:45,14163.3,0
2021-05-24 09:57:46,14163.6,0
2021-05-24 09:57:47,14163.85,0
2021-05-24 09:57:48,14162.25,0
2021-05-24 09:57:49,14162.1,0
2021-05-24 09:57:50,14163.55,0
2021-05-24 09:57:51,14163.6,0
2021-05-24 09:57:52,14163.35,0
2021-05-24 09:57:53,14164.0,0
2021-05-24 09:57:54,14163.55,0
2021-05-24 09:57:55,14163.7,0
2021-05-24 09:57:56,14162.6,0
2021-05-24 09:57:57,14162.55,0
2021-05-24 09:57:58,14163.05,0
2021-05-24 09:57:59,14161.65,0
2021-05-24 09:58:00,14163.0,0
2021-05-24 09:58:01,14163.2,0
2021-05-24 09:58:02,14161.65,0
2021-05-24 09:58:03,14162.6,0
2021-05-24 09:58:04,14163.85,0
2021-05-24 09:58:06,14163.35,0
2021-05-24 09:58:07,14163.45,0
2021-05-24 09:58:09,14162.6,0
2021-05-24 09:58:11,14161.85,0
2021-05-24 09:58:14,14161.55,0
2021-05-24 09:58:17,14161.7,0
2021-05-24 09:58:18,14163.0,0
2021-05-24 09:58:22,14161.85,0
2021-05-24 09:58:23,14161.8,0
2021-05-24 09:58:24,14161.9,0
2021-05-24 09:58:25,14162.0,0
2021-05-24 09:58:27,14160.65,0
2021-05-24 09:58:28,14159.65,0
2021-05-24 09:58:30,14160.9,0
2021-05-24 09:58:31,14161.8,0
2021-05-24 09:58:32,14161.65,0
2021-05-24 09:58:33,14162.85,0
2021-05-24 09:58:34,14162.0,0
2021-05-24 09:58:35,14160.55,0
2021-05-24 09:58:36,14161.05,0
2021-05-24 09:58:37,14161.0,0
2021-05-24 09:58:38,14161.25,0
2021-05-24 09:58:39,14162.45,0
2021-05-24 09:58:40,14161.3,0
2021-05-24 09:58:41,14162.15,0
2021-05-24 09:58:42,14161.05,0
2021-05-24 09:58:43,14160.95,0
2021-05-24 09:58:44,14161.1,0
2021-05-24 09:58:45,14161.05,0
2021-05-24 09:58:46,14161.1,0
2021-05-24 09:58:47,14160.5,0
2021-05-24 09:58:48,14160.5,0
2021-05-24 09:58:49,14161.85,0
2021-05-24 09:58:50,14162.1,0
2021-05-24 09:58:51,14160.85,0
2021-05-24 09:58:53,14161.55,0
2021-05-24 09:58:55,14161.9,0
2021-05-24 09:58:57,14163.05,0
2021-05-24 09:58:58,14162.5,0
2021-05-24 09:59:00,14162.5,0
2021-05-24 09:59:01,14161.6,0
2021-05-24 09:59:02,14161.25,0
2021-05-24 09:59:03,14162.0,0
2021-05-24 09:59:04,14160.05,0
2021-05-24 09:59:05,14160.0,0
2021-05-24 09:59:07,14161.45,0
2021-05-24 09:59:08,14160.1,0
2021-05-24 09:59:09,14161.15,0
2021-05-24 09:59:10,14160.25,0
2021-05-24 09:59:11,14159.7,0
2021-05-24 09:59:12,14157.9,0
2021-05-24 09:59:13,14158.05,0
2021-05-24 09:59:14,14158.1,0
2021-05-24 09:59:16,14158.05,0
2021-05-24 09:59:15,14157.75,0
2021-05-24 09:59:17,14158.6,0
2021-05-24 09:59:18,14158.9,0
2021-05-24 09:59:19,14159.25,0
2021-05-24 09:59:20,14158.3,0
2021-05-24 09:59:21,14157.7,0
2021-05-24 09:59:23,14155.4,0
2021-05-24 09:59:24,14155.55,0
2021-05-24 09:59:25,14156.05,0
2021-05-24 09:59:26,14155.35,0
2021-05-24 09:59:27,14155.45,0
2021-05-24 09:59:29,14154.25,0
2021-05-24 09:59:30,14154.65,0
2021-05-24 09:59:31,14153.25,0
2021-05-24 09:59:32,14155.35,0
2021-05-24 09:59:33,14156.25,0
2021-05-24 09:59:35,14154.4,0
2021-05-24 09:59:36,14155.05,0
2021-05-24 09:59:37,14156.7,0
2021-05-24 09:59:38,14156.55,0
2021-05-24 09:59:40,14154.9,0
2021-05-24 09:59:42,14154.85,0
2021-05-24 09:59:44,14153.25,0
2021-05-24 09:59:45,14154.3,0
2021-05-24 09:59:46,14154.6,0
2021-05-24 09:59:47,14153.65,0
2021-05-24 09:59:48,14154.1,0
2021-05-24 09:59:50,14152.15,0
2021-05-24 09:59:51,14151.1,0
2021-05-24 09:59:52,14149.05,0
2021-05-24 09:59:54,14145.75,0
2021-05-24 09:59:55,14142.95,0
2021-05-24 09:59:56,14137.85,0
2021-05-24 09:59:57,14134.9,0
2021-05-24 09:59:59,14133.65,0
2021-05-24 10:00:00,14135.25,0
2021-05-24 10:00:01,14135.7,0
2021-05-24 10:00:02,14136.05,0
2021-05-24 10:00:03,14135.3,0
2021-05-24 10:00:04,14136.25,0
2021-05-24 10:00:05,14135.3,0
2021-05-24 10:00:06,14136.5,0
2021-05-24 10:00:07,14136.6,0
2021-05-24 10:00:08,14135.55,0
2021-05-24 10:00:10,14138.8,0
2021-05-24 10:00:11,14137.8,0
2021-05-24 10:00:12,14139.35,0
2021-05-24 10:00:13,14138.1,0
2021-05-24 10:00:14,14139.9,0
2021-05-24 10:00:15,14140.4,0
2021-05-24 10:00:16,14139.9,0
2021-05-24 10:00:17,14138.3,0
2021-05-24 10:00:18,14139.05,0
2021-05-24 10:00:20,14138.7,0
2021-05-24 10:00:21,14139.25,0
2021-05-24 10:00:22,14139.4,0
2021-05-24 10:00:23,14138.15,0
2021-05-24 10:00:24,14141.25,0
2021-05-24 10:00:25,14139.9,0
2021-05-24 10:00:26,14139.7,0
2021-05-24 10:00:28,14141.2,0
2021-05-24 10:00:30,14140.3,0
2021-05-24 10:00:32,14142.2,0
2021-05-24 10:00:33,14141.55,0
2021-05-24 10:00:34,14138.6,0
2021-05-24 10:00:37,14139.6,0
2021-05-24 10:00:38,14138.85,0
2021-05-24 10:00:39,14139.7,0
2021-05-24 10:00:41,14139.85,0
2021-05-24 10:00:43,14140.0,0
2021-05-24 10:00:44,14139.7,0
2021-05-24 10:00:45,14139.95,0
2021-05-24 10:00:46,14140.25,0
2021-05-24 10:00:47,14138.95,0
2021-05-24 10:00:49,14137.0,0
2021-05-24 10:00:50,14137.45,0
2021-05-24 10:00:51,14138.2,0
2021-05-24 10:00:52,14137.3,0
2021-05-24 10:00:54,14137.3,0
2021-05-24 10:00:55,14137.45,0
2021-05-24 10:00:56,14137.05,0
2021-05-24 10:00:57,14138.2,0
2021-05-24 10:00:58,14138.0,0
2021-05-24 10:00:59,14136.05,0
2021-05-24 10:01:00,14137.5,0
2021-05-24 10:01:01,14136.7,0
2021-05-24 10:01:02,14137.6,0
2021-05-24 10:01:04,14139.6,0
2021-05-24 10:01:05,14138.8,0
2021-05-24 10:01:06,14136.9,0
2021-05-24 10:01:07,14138.4,0
2021-05-24 10:01:10,14138.1,0
2021-05-24 10:01:11,14139.45,0
2021-05-24 10:01:12,14139.8,0
2021-05-24 10:01:13,14139.35,0
2021-05-24 10:01:15,14140.3,0
2021-05-24 10:01:16,14140.25,0
2021-05-24 10:01:17,14141.0,0
2021-05-24 10:01:18,14142.2,0
2021-05-24 10:01:19,14140.45,0
2021-05-24 10:01:20,14140.95,0
2021-05-24 10:01:21,14141.75,0
2021-05-24 10:01:22,14139.95,0
2021-05-24 10:01:23,14139.85,0
2021-05-24 10:01:24,14139.75,0
2021-05-24 10:01:25,14138.9,0
2021-05-24 10:01:26,14141.15,0
2021-05-24 10:01:27,14142.55,0
2021-05-24 10:01:28,14141.35,0
2021-05-24 10:01:30,14140.7,0
2021-05-24 10:01:31,14140.3,0
2021-05-24 10:01:32,14140.0,0
2021-05-24 10:01:33,14138.85,0
2021-05-24 10:01:34,14142.1,0
2021-05-24 10:01:36,14139.05,0
2021-05-24 10:01:37,14139.65,0
2021-05-24 10:01:38,14139.55,0
2021-05-24 10:01:39,14140.9,0
2021-05-24 10:01:41,14138.65,0
2021-05-24 10:01:42,14139.4,0
2021-05-24 10:01:43,14139.15,0
2021-05-24 10:01:44,14138.55,0
2021-05-24 10:01:46,14139.15,0
2021-05-24 10:01:47,14139.0,0
2021-05-24 10:01:48,14138.6,0
2021-05-24 10:01:49,14137.7,0
2021-05-24 10:01:50,14138.25,0
2021-05-24 10:01:51,14137.5,0
2021-05-24 10:01:52,14138.0,0
2021-05-24 10:01:53,14136.45,0
2021-05-24 10:01:54,14135.2,0
2021-05-24 10:01:55,14134.7,0
2021-05-24 10:01:58,14134.35,0
2021-05-24 10:01:59,14136.4,0
2021-05-24 10:02:02,14136.25,0
2021-05-24 10:02:03,14136.05,0
2021-05-24 10:02:04,14134.55,0
2021-05-24 10:02:05,14134.5,0
2021-05-24 10:02:06,14133.65,0
2021-05-24 10:02:07,14136.4,0
2021-05-24 10:02:08,14133.6,0
2021-05-24 10:02:09,14133.35,0
2021-05-24 10:02:10,14133.5,0
2021-05-24 10:02:11,14133.05,0
2021-05-24 10:02:12,14135.05,0
2021-05-24 10:02:13,14134.75,0
2021-05-24 10:02:15,14134.35,0
2021-05-24 10:02:16,14134.55,0
2021-05-24 10:02:17,14134.5,0
2021-05-24 10:02:18,14133.25,0
2021-05-24 10:02:19,14133.1,0
2021-05-24 10:02:20,14132.45,0
2021-05-24 10:02:21,14133.0,0
2021-05-24 10:02:22,14132.4,0
2021-05-24 10:02:23,14134.35,0
2021-05-24 10:02:24,14134.65,0
2021-05-24 10:02:25,14135.85,0
2021-05-24 10:02:26,14135.2,0
2021-05-24 10:02:28,14137.75,0
2021-05-24 10:02:30,14135.35,0
2021-05-24 10:02:31,14136.7,0
2021-05-24 10:02:32,14134.1,0
2021-05-24 10:02:33,14135.15,0
2021-05-24 10:02:34,14134.6,0
2021-05-24 10:02:35,14133.9,0
2021-05-24 10:02:36,14134.15,0
2021-05-24 10:02:37,14135.75,0
2021-05-24 10:02:38,14135.75,0
2021-05-24 10:02:39,14134.2,0
2021-05-24 10:02:40,14132.3,0
2021-05-24 10:02:42,14133.6,0
2021-05-24 10:02:44,14133.6,0
2021-05-24 10:02:45,14133.15,0
2021-05-24 10:02:46,14133.05,0
2021-05-24 10:02:47,14133.2,0
2021-05-24 10:02:49,14132.8,0
2021-05-24 10:02:50,14132.15,0
2021-05-24 10:02:51,14132.35,0
2021-05-24 10:02:52,14133.25,0
2021-05-24 10:02:53,14132.15,0
2021-05-24 10:02:54,14131.75,0
2021-05-24 10:02:55,14132.1,0
2021-05-24 10:02:56,14131.3,0
2021-05-24 10:02:57,14131.45,0
2021-05-24 10:02:58,14131.2,0
2021-05-24 10:02:59,14131.75,0
2021-05-24 10:03:00,14131.15,0
2021-05-24 10:03:01,14130.0,0
2021-05-24 10:03:03,14131.7,0
2021-05-24 10:03:05,14128.95,0
2021-05-24 10:03:07,14128.0,0
2021-05-24 10:03:08,14128.35,0
2021-05-24 10:03:09,14128.65,0
2021-05-24 10:03:11,14130.6,0
2021-05-24 10:03:10,14129.15,0
2021-05-24 10:03:12,14129.45,0
2021-05-24 10:03:13,14129.45,0
2021-05-24 10:03:15,14130.4,0
2021-05-24 10:03:17,14131.35,0
2021-05-24 10:03:18,14131.15,0
2021-05-24 10:03:19,14131.1,0
2021-05-24 10:03:20,14130.1,0
2021-05-24 10:03:21,14131.65,0
2021-05-24 10:03:22,14131.25,0
2021-05-24 10:03:23,14130.75,0
2021-05-24 10:03:24,14131.3,0
2021-05-24 10:03:25,14132.0,0
2021-05-24 10:03:26,14132.45,0
2021-05-24 10:03:29,14126.75,0
2021-05-24 10:03:30,14128.8,0
2021-05-24 10:03:31,14128.85,0
2021-05-24 10:03:32,14128.5,0
2021-05-24 10:03:35,14129.8,0
2021-05-24 10:03:36,14130.75,0
2021-05-24 10:03:37,14129.55,0
2021-05-24 10:03:40,14129.5,0
2021-05-24 10:03:41,14128.45,0
2021-05-24 10:03:43,14127.85,0
2021-05-24 10:03:44,14128.8,0
2021-05-24 10:03:45,14129.0,0
2021-05-24 10:03:47,14129.95,0
2021-05-24 10:03:48,14129.8,0
2021-05-24 10:03:49,14126.6,0
2021-05-24 10:03:51,14124.3,0
2021-05-24 10:03:54,14123.55,0
2021-05-24 10:03:55,14121.55,0
2021-05-24 10:03:56,14120.15,0
2021-05-24 10:03:57,14121.05,0
2021-05-24 10:03:58,14121.05,0
2021-05-24 10:03:59,14120.9,0
2021-05-24 10:04:00,14120.65,0
2021-05-24 10:04:01,14119.8,0
2021-05-24 10:04:02,14120.1,0
2021-05-24 10:04:03,14120.55,0
2021-05-24 10:04:05,14120.85,0
2021-05-24 10:04:09,14119.15,0
2021-05-24 10:04:10,14118.85,0
2021-05-24 10:04:11,14118.95,0
2021-05-24 10:04:12,14119.9,0
2021-05-24 10:04:13,14119.05,0
2021-05-24 10:04:15,14115.55,0
2021-05-24 10:04:16,14116.9,0
2021-05-24 10:04:17,14119.35,0
2021-05-24 10:04:18,14117.85,0
2021-05-24 10:04:19,14117.9,0
2021-05-24 10:04:20,14116.35,0
2021-05-24 10:04:22,14116.5,0
2021-05-24 10:04:23,14114.4,0
2021-05-24 10:04:24,14113.85,0
2021-05-24 10:04:25,14112.1,0
2021-05-24 10:04:26,14112.35,0
2021-05-24 10:04:27,14112.15,0
2021-05-24 10:04:28,14108.2,0
2021-05-24 10:04:29,14109.9,0
2021-05-24 10:04:30,14110.0,0
2021-05-24 10:04:31,14109.45,0
2021-05-24 10:04:32,14114.75,0
2021-05-24 10:04:33,14114.95,0
2021-05-24 10:04:34,14115.85,0
2021-05-24 10:04:35,14114.2,0
2021-05-24 10:04:36,14112.65,0
2021-05-24 10:04:38,14112.35,0
2021-05-24 10:04:39,14111.5,0
2021-05-24 10:04:40,14112.65,0
2021-05-24 10:04:42,14112.7,0
2021-05-24 10:04:43,14111.2,0
2021-05-24 10:04:44,14110.75,0
2021-05-24 10:04:45,14110.6,0
2021-05-24 10:04:46,14110.5,0
2021-05-24 10:04:47,14110.2,0
2021-05-24 10:04:49,14109.8,0
2021-05-24 10:04:51,14111.5,0
2021-05-24 10:04:52,14111.0,0
2021-05-24 10:04:53,14110.45,0
2021-05-24 10:04:55,14108.85,0
2021-05-24 10:04:56,14109.15,0
2021-05-24 10:04:57,14109.65,0
2021-05-24 10:04:58,14109.95,0
2021-05-24 10:05:00,14109.6,0
2021-05-24 10:05:02,14108.6,0
2021-05-24 10:05:03,14108.45,0
2021-05-24 10:05:04,14108.55,0
2021-05-24 10:05:06,14106.65,0
2021-05-24 10:05:07,14107.05,0
2021-05-24 10:05:08,14107.75,0
2021-05-24 10:05:09,14107.6,0
2021-05-24 10:05:11,14108.35,0
2021-05-24 10:05:12,14108.75,0
2021-05-24 10:05:14,14109.35,0
2021-05-24 10:05:15,14109.7,0
2021-05-24 10:05:16,14110.6,0
2021-05-24 10:05:17,14115.45,0
2021-05-24 10:05:19,14114.85,0
2021-05-24 10:05:21,14113.3,0
2021-05-24 10:05:22,14117.3,0
2021-05-24 10:05:23,14116.0,0
2021-05-24 10:05:24,14114.95,0
2021-05-24 10:05:25,14115.0,0
2021-05-24 10:05:26,14112.7,0
2021-05-24 10:05:27,14112.75,0
2021-05-24 10:05:28,14115.5,0
2021-05-24 10:05:29,14113.85,0
2021-05-24 10:05:30,14115.7,0
2021-05-24 10:05:32,14116.15,0
2021-05-24 10:05:33,14115.35,0
2021-05-24 10:05:34,14115.15,0
2021-05-24 10:05:35,14114.9,0
2021-05-24 10:05:37,14116.55,0
2021-05-24 10:05:38,14117.85,0
2021-05-24 10:05:39,14117.1,0
2021-05-24 10:05:40,14117.25,0
2021-05-24 10:05:41,14116.75,0
2021-05-24 10:05:43,14116.9,0
2021-05-24 10:05:44,14116.85,0
2021-05-24 10:05:45,14117.5,0
2021-05-24 10:05:46,14116.5,0
2021-05-24 10:05:47,14117.65,0
2021-05-24 10:05:49,14115.25,0
2021-05-24 10:05:50,14116.95,0
2021-05-24 10:05:51,14116.9,0
2021-05-24 10:05:52,14116.35,0
2021-05-24 10:05:53,14117.85,0
2021-05-24 10:05:54,14118.1,0
2021-05-24 10:05:55,14119.7,0
2021-05-24 10:05:56,14119.5,0
2021-05-24 10:05:57,14118.6,0
2021-05-24 10:05:59,14120.0,0
2021-05-24 10:06:00,14118.5,0
2021-05-24 10:06:01,14118.55,0
2021-05-24 10:06:02,14118.95,0
2021-05-24 10:06:03,14119.1,0
2021-05-24 10:06:04,14118.4,0
2021-05-24 10:06:05,14117.65,0
2021-05-24 10:06:06,14116.6,0
2021-05-24 10:06:07,14117.2,0
2021-05-24 10:06:08,14115.9,0
2021-05-24 10:06:09,14115.5,0
2021-05-24 10:06:11,14118.3,0
2021-05-24 10:06:12,14119.05,0
2021-05-24 10:06:13,14119.65,0
2021-05-24 10:06:14,14119.85,0
2021-05-24 10:06:15,14119.35,0
2021-05-24 10:06:16,14118.05,0
2021-05-24 10:06:17,14118.6,0
2021-05-24 10:06:18,14120.4,0
2021-05-24 10:06:19,14119.4,0
2021-05-24 10:06:21,14119.3,0
2021-05-24 10:06:22,14119.9,0
2021-05-24 10:06:23,14120.1,0
2021-05-24 10:06:24,14118.9,0
2021-05-24 10:06:26,14120.8,0
2021-05-24 10:06:27,14119.8,0
2021-05-24 10:06:28,14118.55,0
2021-05-24 10:06:29,14119.25,0
2021-05-24 10:06:30,14120.3,0
2021-05-24 10:06:31,14119.7,0
2021-05-24 10:06:32,14120.2,0
2021-05-24 10:06:33,14119.95,0
2021-05-24 10:06:34,14120.85,0
2021-05-24 10:06:35,14120.75,0
2021-05-24 10:06:36,14116.55,0
2021-05-24 10:06:37,14117.0,0
2021-05-24 10:06:38,14116.65,0
2021-05-24 10:06:40,14115.55,0
2021-05-24 10:06:41,14116.95,0
2021-05-24 10:06:42,14116.8,0
2021-05-24 10:06:44,14118.0,0
2021-05-24 10:06:45,14118.05,0
2021-05-24 10:06:46,14119.9,0
2021-05-24 10:06:48,14119.75,0
2021-05-24 10:06:49,14119.25,0
2021-05-24 10:06:50,14118.5,0
2021-05-24 10:06:51,14118.7,0
2021-05-24 10:06:52,14117.85,0
2021-05-24 10:06:53,14118.6,0
2021-05-24 10:06:54,14118.75,0
2021-05-24 10:06:56,14120.05,0
2021-05-24 10:06:57,14119.6,0
2021-05-24 10:06:58,14119.5,0
2021-05-24 10:06:59,14120.55,0
2021-05-24 10:07:00,14120.95,0
2021-05-24 10:07:01,14119.75,0
2021-05-24 10:07:02,14119.0,0
2021-05-24 10:07:03,14119.1,0
2021-05-24 10:07:09,14117.1,0
2021-05-24 10:07:12,14117.1,0
2021-05-24 10:07:13,14116.8,0
2021-05-24 10:07:15,14117.45,0
2021-05-24 10:07:16,14115.4,0
2021-05-24 10:07:17,14114.95,0
2021-05-24 10:07:18,14116.2,0
2021-05-24 10:07:19,14116.65,0
2021-05-24 10:07:20,14116.45,0
2021-05-24 10:07:21,14116.7,0
2021-05-24 10:07:22,14116.7,0
2021-05-24 10:07:23,14114.9,0
2021-05-24 10:07:24,14115.3,0
2021-05-24 10:07:26,14116.25,0
2021-05-24 10:07:27,14116.15,0
2021-05-24 10:07:28,14115.35,0
2021-05-24 10:07:29,14114.7,0
2021-05-24 10:07:30,14115.95,0
2021-05-24 10:07:31,14116.0,0
2021-05-24 10:07:34,14115.4,0
2021-05-24 10:07:35,14115.7,0
2021-05-24 10:07:37,14118.15,0
2021-05-24 10:07:38,14117.85,0
2021-05-24 10:07:39,14119.05,0
2021-05-24 10:07:40,14119.6,0
2021-05-24 10:07:41,14119.95,0
2021-05-24 10:07:43,14118.5,0
2021-05-24 10:07:44,14118.7,0
2021-05-24 10:07:45,14120.05,0
2021-05-24 10:07:46,14120.0,0
2021-05-24 10:07:47,14119.65,0
2021-05-24 10:07:48,14119.25,0
2021-05-24 10:07:50,14118.25,0
2021-05-24 10:07:51,14120.45,0
2021-05-24 10:07:52,14119.95,0
2021-05-24 10:07:53,14120.15,0
2021-05-24 10:07:54,14120.5,0
2021-05-24 10:07:55,14119.35,0
2021-05-24 10:07:59,14119.7,0
2021-05-24 10:08:00,14116.7,0
2021-05-24 10:08:02,14116.25,0
2021-05-24 10:08:03,14117.2,0
2021-05-24 10:08:04,14116.6,0
2021-05-24 10:08:05,14112.85,0
2021-05-24 10:08:06,14113.1,0
2021-05-24 10:08:07,14112.25,0
2021-05-24 10:08:08,14111.4,0
2021-05-24 10:08:10,14114.35,0
2021-05-24 10:08:11,14115.55,0
2021-05-24 10:08:12,14115.35,0
2021-05-24 10:08:13,14116.85,0
2021-05-24 10:08:14,14116.4,0
2021-05-24 10:08:15,14118.45,0
2021-05-24 10:08:17,14126.65,0
2021-05-24 10:08:18,14127.5,0
2021-05-24 10:08:20,14128.65,0
2021-05-24 10:08:21,14129.0,0
2021-05-24 10:08:22,14129.5,0
2021-05-24 10:08:23,14129.55,0
2021-05-24 10:08:25,14127.75,0
2021-05-24 10:08:26,14127.55,0
2021-05-24 10:08:27,14129.05,0
2021-05-24 10:08:28,14129.05,0
2021-05-24 10:08:29,14128.8,0
2021-05-24 10:08:30,14127.3,0
2021-05-24 10:08:31,14129.3,0
2021-05-24 10:08:32,14129.6,0
2021-05-24 10:08:33,14130.15,0
2021-05-24 10:08:34,14130.5,0
2021-05-24 10:08:35,14128.1,0
2021-05-24 10:08:36,14129.55,0
2021-05-24 10:08:37,14130.35,0
2021-05-24 10:08:38,14130.3,0
2021-05-24 10:08:39,14130.55,0
2021-05-24 10:08:41,14130.1,0
2021-05-24 10:08:42,14130.95,0
2021-05-24 10:08:44,14132.25,0
2021-05-24 10:08:45,14132.3,0
2021-05-24 10:08:46,14132.0,0
2021-05-24 10:08:47,14129.65,0
2021-05-24 10:08:48,14130.95,0
2021-05-24 10:08:49,14130.2,0
2021-05-24 10:08:50,14131.0,0
2021-05-24 10:08:51,14131.0,0
2021-05-24 10:08:53,14132.25,0
2021-05-24 10:08:54,14132.65,0
2021-05-24 10:08:55,14132.05,0
2021-05-24 10:08:56,14131.75,0
2021-05-24 10:08:57,14133.6,0
2021-05-24 10:08:58,14132.4,0
2021-05-24 10:08:59,14132.4,0
2021-05-24 10:09:00,14133.1,0
2021-05-24 10:09:01,14133.45,0
2021-05-24 10:09:02,14132.6,0
2021-05-24 10:09:03,14132.9,0
2021-05-24 10:09:04,14133.05,0
2021-05-24 10:09:05,14132.45,0
2021-05-24 10:09:07,14132.55,0
2021-05-24 10:09:08,14133.55,0
2021-05-24 10:09:09,14131.9,0
2021-05-24 10:09:10,14132.65,0
2021-05-24 10:09:11,14133.2,0
2021-05-24 10:09:12,14131.8,0
2021-05-24 10:09:14,14132.5,0
2021-05-24 10:09:15,14133.25,0
2021-05-24 10:09:16,14132.85,0
2021-05-24 10:09:18,14130.05,0
2021-05-24 10:09:20,14131.95,0
2021-05-24 10:09:21,14131.2,0
2021-05-24 10:09:23,14128.9,0
2021-05-24 10:09:24,14129.9,0
2021-05-24 10:09:28,14127.8,0
2021-05-24 10:09:29,14120.45,0
2021-05-24 10:09:31,14123.9,0
2021-05-24 10:09:33,14123.25,0
2021-05-24 10:09:36,14126.4,0
2021-05-24 10:09:37,14127.35,0
2021-05-24 10:09:38,14128.25,0
2021-05-24 10:09:40,14129.05,0
2021-05-24 10:09:41,14131.35,0
2021-05-24 10:09:43,14128.1,0
2021-05-24 10:09:44,14129.8,0
2021-05-24 10:09:46,14131.75,0
2021-05-24 10:09:47,14131.9,0
2021-05-24 10:09:50,14131.7,0
2021-05-24 10:09:53,14132.05,0
2021-05-24 10:09:54,14132.8,0
2021-05-24 10:09:55,14130.6,0
2021-05-24 10:09:57,14131.3,0
2021-05-24 10:09:58,14129.8,0
2021-05-24 10:10:01,14129.3,0
2021-05-24 10:10:02,14128.65,0
2021-05-24 10:10:03,14130.15,0
2021-05-24 10:10:04,14129.85,0
2021-05-24 10:10:05,14130.4,0
2021-05-24 10:10:07,14130.25,0
2021-05-24 10:10:08,14129.0,0
2021-05-24 10:10:09,14128.85,0
2021-05-24 10:10:10,14128.9,0
2021-05-24 10:10:11,14127.3,0
2021-05-24 10:10:12,14127.95,0
2021-05-24 10:10:13,14127.4,0
2021-05-24 10:10:14,14127.8,0
2021-05-24 10:10:16,14129.5,0
2021-05-24 10:10:17,14128.15,0
2021-05-24 10:10:18,14127.8,0
2021-05-24 10:10:19,14127.75,0
2021-05-24 10:10:20,14128.5,0
2021-05-24 10:10:21,14127.7,0
2021-05-24 10:10:23,14128.35,0
2021-05-24 10:10:25,14127.65,0
2021-05-24 10:10:28,14125.95,0
2021-05-24 10:10:29,14126.15,0
2021-05-24 10:10:30,14126.1,0
2021-05-24 10:10:31,14123.75,0
2021-05-24 10:10:32,14124.75,0
2021-05-24 10:10:33,14124.55,0
2021-05-24 10:10:34,14123.5,0
2021-05-24 10:10:35,14123.85,0
2021-05-24 10:10:36,14126.05,0
2021-05-24 10:10:37,14124.95,0
2021-05-24 10:10:38,14124.8,0
2021-05-24 10:10:39,14124.8,0
2021-05-24 10:10:40,14125.9,0
2021-05-24 10:10:41,14125.5,0
2021-05-24 10:10:42,14125.95,0
2021-05-24 10:10:43,14125.7,0
2021-05-24 10:10:44,14125.45,0
2021-05-24 10:10:46,14128.25,0
2021-05-24 10:10:48,14128.5,0
2021-05-24 10:10:49,14127.35,0
2021-05-24 10:10:51,14127.25,0
2021-05-24 10:10:52,14127.35,0
2021-05-24 10:10:53,14128.4,0
2021-05-24 10:10:54,14126.95,0
2021-05-24 10:10:55,14126.85,0
2021-05-24 10:10:56,14126.75,0
2021-05-24 10:10:57,14127.45,0
2021-05-24 10:10:58,14126.85,0
2021-05-24 10:11:00,14125.35,0
2021-05-24 10:11:01,14127.45,0
2021-05-24 10:11:02,14128.35,0
2021-05-24 10:11:03,14127.65,0
2021-05-24 10:11:04,14127.1,0
2021-05-24 10:11:05,14128.1,0
2021-05-24 10:11:06,14126.75,0
2021-05-24 10:11:07,14127.5,0
2021-05-24 10:11:08,14126.65,0
2021-05-24 10:11:09,14127.75,0
2021-05-24 10:11:10,14127.4,0
2021-05-24 10:11:11,14127.0,0
2021-05-24 10:11:12,14126.9,0
2021-05-24 10:11:13,14128.0,0
2021-05-24 10:11:14,14130.75,0
2021-05-24 10:11:16,14131.4,0
2021-05-24 10:11:17,14130.2,0
2021-05-24 10:11:18,14132.55,0
2021-05-24 10:11:19,14131.65,0
2021-05-24 10:11:20,14132.75,0
2021-05-24 10:11:21,14132.55,0
2021-05-24 10:11:22,14133.2,0
2021-05-24 10:11:23,14132.7,0
2021-05-24 10:11:24,14132.55,0
2021-05-24 10:11:25,14133.8,0
2021-05-24 10:11:26,14133.65,0
2021-05-24 10:11:27,14133.0,0
2021-05-24 10:11:29,14133.15,0
2021-05-24 10:11:30,14134.1,0
2021-05-24 10:11:32,14132.0,0
2021-05-24 10:11:33,14131.25,0
2021-05-24 10:11:34,14133.2,0
2021-05-24 10:11:35,14133.85,0
2021-05-24 10:11:36,14133.3,0
2021-05-24 10:11:37,14133.55,0
2021-05-24 10:11:38,14132.2,0
2021-05-24 10:11:40,14131.85,0
2021-05-24 10:11:42,14132.95,0
2021-05-24 10:11:44,14135.45,0
2021-05-24 10:11:45,14133.95,0
2021-05-24 10:11:48,14133.75,0
2021-05-24 10:11:49,14134.4,0
2021-05-24 10:11:51,14133.75,0
2021-05-24 10:11:53,14133.1,0
2021-05-24 10:11:55,14134.8,0
2021-05-24 10:11:56,14133.9,0
2021-05-24 10:11:57,14133.8,0
2021-05-24 10:11:58,14133.95,0
2021-05-24 10:11:59,14134.15,0
2021-05-24 10:12:00,14133.55,0
2021-05-24 10:12:02,14132.65,0
2021-05-24 10:12:03,14135.05,0
2021-05-24 10:12:04,14133.55,0
2021-05-24 10:12:07,14133.1,0
2021-05-24 10:12:09,14132.9,0
2021-05-24 10:12:10,14134.05,0
2021-05-24 10:12:11,14132.7,0
2021-05-24 10:12:12,14134.9,0
2021-05-24 10:12:13,14134.9,0
2021-05-24 10:12:14,14133.1,0
2021-05-24 10:12:15,14134.65,0
2021-05-24 10:12:16,14135.75,0
2021-05-24 10:12:17,14133.2,0
2021-05-24 10:12:20,14132.55,0
2021-05-24 10:12:22,14131.05,0
2021-05-24 10:12:23,14130.9,0
2021-05-24 10:12:25,14129.3,0
2021-05-24 10:12:26,14130.4,0
2021-05-24 10:12:27,14128.9,0
2021-05-24 10:12:28,14129.45,0
2021-05-24 10:12:29,14129.2,0
2021-05-24 10:12:30,14129.95,0
2021-05-24 10:12:31,14129.75,0
2021-05-24 10:12:32,14126.95,0
2021-05-24 10:12:34,14127.95,0
2021-05-24 10:12:35,14129.15,0
2021-05-24 10:12:36,14125.9,0
2021-05-24 10:12:37,14124.85,0
2021-05-24 10:12:38,14124.5,0
2021-05-24 10:12:39,14125.8,0
2021-05-24 10:12:41,14129.5,0
2021-05-24 10:12:43,14128.8,0
2021-05-24 10:12:44,14130.35,0
2021-05-24 10:12:45,14130.65,0
2021-05-24 10:12:46,14130.6,0
2021-05-24 10:12:47,14132.7,0
2021-05-24 10:12:48,14132.15,0
2021-05-24 10:12:49,14132.8,0
2021-05-24 10:12:50,14132.4,0
2021-05-24 10:12:52,14133.4,0
2021-05-24 10:12:53,14133.4,0
2021-05-24 10:12:55,14134.6,0
2021-05-24 10:12:56,14135.35,0
2021-05-24 10:12:57,14134.5,0
2021-05-24 10:12:58,14135.15,0
2021-05-24 10:12:59,14134.3,0
2021-05-24 10:13:00,14134.65,0
2021-05-24 10:13:01,14135.45,0
2021-05-24 10:13:02,14135.1,0
2021-05-24 10:13:03,14135.2,0
2021-05-24 10:13:04,14133.95,0
2021-05-24 10:13:05,14133.75,0
2021-05-24 10:13:06,14135.7,0
2021-05-24 10:13:07,14135.45,0
2021-05-24 10:13:08,14136.35,0
2021-05-24 10:13:09,14136.0,0
2021-05-24 10:13:10,14136.65,0
2021-05-24 10:13:11,14136.6,0
2021-05-24 10:13:12,14137.0,0
2021-05-24 10:13:13,14137.0,0
2021-05-24 10:13:14,14137.85,0
2021-05-24 10:13:15,14137.3,0
2021-05-24 10:13:16,14135.7,0
2021-05-24 10:13:18,14135.7,0
2021-05-24 10:13:19,14134.0,0
2021-05-24 10:13:21,14136.05,0
2021-05-24 10:13:22,14134.55,0
2021-05-24 10:13:23,14135.0,0
2021-05-24 10:13:24,14135.05,0
2021-05-24 10:13:25,14135.4,0
2021-05-24 10:13:26,14135.8,0
2021-05-24 10:13:27,14135.65,0
2021-05-24 10:13:28,14134.55,0
2021-05-24 10:13:29,14130.0,0
2021-05-24 10:13:30,14132.1,0
2021-05-24 10:13:31,14128.45,0
2021-05-24 10:13:32,14130.05,0
2021-05-24 10:13:34,14125.25,0
2021-05-24 10:13:35,14124.7,0
2021-05-24 10:13:36,14124.9,0
2021-05-24 10:13:37,14131.25,0
2021-05-24 10:13:38,14129.25,0
2021-05-24 10:13:39,14129.05,0
2021-05-24 10:13:41,14129.25,0
2021-05-24 10:13:42,14128.35,0
2021-05-24 10:13:43,14127.55,0
2021-05-24 10:13:44,14128.7,0
2021-05-24 10:13:45,14127.55,0
2021-05-24 10:13:46,14128.25,0
2021-05-24 10:13:47,14128.35,0
2021-05-24 10:13:49,14126.05,0
2021-05-24 10:13:50,14128.5,0
2021-05-24 10:13:51,14129.0,0
2021-05-24 10:13:52,14128.05,0
2021-05-24 10:13:53,14125.95,0
2021-05-24 10:13:54,14126.7,0
2021-05-24 10:13:55,14127.2,0
2021-05-24 10:13:56,14126.05,0
2021-05-24 10:13:57,14125.9,0
2021-05-24 10:13:58,14125.75,0
2021-05-24 10:13:59,14125.75,0
2021-05-24 10:14:00,14125.55,0
2021-05-24 10:14:02,14125.5,0
2021-05-24 10:14:05,14127.05,0
2021-05-24 10:14:06,14126.95,0
2021-05-24 10:14:07,14127.7,0
2021-05-24 10:14:08,14126.55,0
2021-05-24 10:14:09,14126.25,0
2021-05-24 10:14:10,14126.75,0
2021-05-24 10:14:12,14127.35,0
2021-05-24 10:14:13,14127.95,0
2021-05-24 10:14:14,14128.9,0
2021-05-24 10:14:15,14127.7,0
2021-05-24 10:14:17,14125.3,0
2021-05-24 10:14:19,14125.15,0
2021-05-24 10:14:20,14125.75,0
2021-05-24 10:14:21,14124.1,0
2021-05-24 10:14:22,14125.0,0
2021-05-24 10:14:23,14125.45,0
2021-05-24 10:14:25,14125.15,0
2021-05-24 10:14:27,14123.6,0
2021-05-24 10:14:28,14124.2,0
2021-05-24 10:14:29,14121.95,0
2021-05-24 10:14:31,14122.8,0
2021-05-24 10:14:32,14122.9,0
2021-05-24 10:14:33,14123.2,0
2021-05-24 10:14:34,14123.05,0
2021-05-24 10:14:36,14121.8,0
2021-05-24 10:14:37,14122.0,0
2021-05-24 10:14:38,14121.8,0
2021-05-24 10:14:39,14123.0,0
2021-05-24 10:14:40,14121.95,0
2021-05-24 10:14:41,14122.95,0
2021-05-24 10:14:42,14122.3,0
2021-05-24 10:14:43,14123.55,0
2021-05-24 10:14:44,14120.8,0
2021-05-24 10:14:45,14121.85,0
2021-05-24 10:14:46,14121.85,0
2021-05-24 10:14:47,14120.45,0
2021-05-24 10:14:48,14120.8,0
2021-05-24 10:14:49,14120.75,0
2021-05-24 10:14:50,14119.1,0
2021-05-24 10:14:51,14119.4,0
2021-05-24 10:14:54,14118.0,0
2021-05-24 10:14:55,14117.3,0
2021-05-24 10:14:56,14117.9,0
2021-05-24 10:14:57,14116.85,0
2021-05-24 10:14:58,14116.8,0
2021-05-24 10:14:59,14116.15,0
2021-05-24 10:15:00,14117.9,0
2021-05-24 10:15:01,14117.55,0
2021-05-24 10:15:02,14115.05,0
2021-05-24 10:15:03,14114.95,0
2021-05-24 10:15:05,14116.55,0
2021-05-24 10:15:07,14114.5,0
2021-05-24 10:15:08,14115.0,0
2021-05-24 10:15:09,14114.9,0
2021-05-24 10:15:10,14115.15,0
2021-05-24 10:15:13,14114.65,0
2021-05-24 10:15:14,14113.5,0
2021-05-24 10:15:15,14113.05,0
2021-05-24 10:15:16,14114.35,0
2021-05-24 10:15:17,14114.85,0
2021-05-24 10:15:18,14114.4,0
2021-05-24 10:15:19,14114.4,0
2021-05-24 10:15:20,14115.45,0
2021-05-24 10:15:21,14114.5,0
2021-05-24 10:15:22,14114.0,0
2021-05-24 10:15:23,14117.0,0
2021-05-24 10:15:24,14115.25,0
2021-05-24 10:15:25,14115.4,0
2021-05-24 10:15:27,14114.3,0
2021-05-24 10:15:26,14115.7,0
2021-05-24 10:15:28,14113.8,0
2021-05-24 10:15:29,14113.25,0
2021-05-24 10:15:31,14113.45,0
2021-05-24 10:15:33,14115.85,0
2021-05-24 10:15:35,14112.95,0
2021-05-24 10:15:37,14111.6,0
2021-05-24 10:15:39,14108.3,0
2021-05-24 10:15:40,14108.55,0
2021-05-24 10:15:41,14108.25,0
2021-05-24 10:15:42,14108.9,0
2021-05-24 10:15:43,14107.85,0
2021-05-24 10:15:44,14107.55,0
2021-05-24 10:15:45,14107.9,0
2021-05-24 10:15:46,14109.55,0
2021-05-24 10:15:47,14111.45,0
2021-05-24 10:15:48,14111.05,0
2021-05-24 10:15:49,14109.0,0
2021-05-24 10:15:51,14108.55,0
2021-05-24 10:15:53,14108.45,0
2021-05-24 10:15:54,14109.35,0
2021-05-24 10:15:55,14109.25,0
2021-05-24 10:15:56,14109.45,0
2021-05-24 10:15:57,14109.65,0
2021-05-24 10:15:58,14109.55,0
2021-05-24 10:15:59,14109.85,0
2021-05-24 10:16:00,14110.3,0
2021-05-24 10:16:02,14109.85,0
2021-05-24 10:16:03,14109.15,0
2021-05-24 10:16:04,14110.5,0
2021-05-24 10:16:05,14108.4,0
2021-05-24 10:16:06,14110.0,0
2021-05-24 10:16:07,14109.55,0
2021-05-24 10:16:09,14108.85,0
2021-05-24 10:16:10,14109.45,0
2021-05-24 10:16:11,14107.15,0
2021-05-24 10:16:12,14106.6,0
2021-05-24 10:16:14,14106.25,0
2021-05-24 10:16:15,14106.55,0
2021-05-24 10:16:16,14105.75,0
2021-05-24 10:16:17,14104.55,0
2021-05-24 10:16:18,14105.3,0
2021-05-24 10:16:19,14106.6,0
2021-05-24 10:16:21,14110.1,0
2021-05-24 10:16:24,14108.65,0
2021-05-24 10:16:25,14107.9,0
2021-05-24 10:16:27,14108.05,0
2021-05-24 10:16:29,14107.9,0
2021-05-24 10:16:30,14107.7,0
2021-05-24 10:16:31,14107.1,0
2021-05-24 10:16:32,14105.4,0
2021-05-24 10:16:33,14104.3,0
2021-05-24 10:16:35,14105.2,0
2021-05-24 10:16:36,14105.35,0
2021-05-24 10:16:38,14104.4,0
2021-05-24 10:16:39,14105.95,0
2021-05-24 10:16:40,14107.2,0
2021-05-24 10:16:42,14105.35,0
2021-05-24 10:16:46,14104.1,0
2021-05-24 10:16:47,14104.45,0
2021-05-24 10:16:48,14103.8,0
2021-05-24 10:16:49,14103.85,0
2021-05-24 10:16:50,14106.15,0
2021-05-24 10:16:51,14103.65,0
2021-05-24 10:16:54,14103.45,0
2021-05-24 10:16:55,14102.35,0
2021-05-24 10:16:56,14103.35,0
2021-05-24 10:16:57,14102.7,0
2021-05-24 10:16:58,14102.65,0
2021-05-24 10:16:59,14102.5,0
2021-05-24 10:17:00,14101.85,0
2021-05-24 10:17:01,14102.65,0
2021-05-24 10:17:02,14101.1,0
2021-05-24 10:17:07,14101.2,0
2021-05-24 10:17:08,14099.8,0
2021-05-24 10:17:10,14099.3,0
2021-05-24 10:17:11,14100.2,0
2021-05-24 10:17:12,14095.0,0
2021-05-24 10:17:13,14095.2,0
2021-05-24 10:17:14,14095.65,0
2021-05-24 10:17:16,14094.65,0
2021-05-24 10:17:17,14095.55,0
2021-05-24 10:17:19,14097.4,0
2021-05-24 10:17:18,14094.7,0
2021-05-24 10:17:20,14095.95,0
2021-05-24 10:17:21,14097.9,0
2021-05-24 10:17:22,14098.05,0
2021-05-24 10:17:23,14099.35,0
2021-05-24 10:17:25,14098.25,0
2021-05-24 10:17:27,14097.05,0
2021-05-24 10:17:29,14093.25,0
2021-05-24 10:17:30,14093.6,0
2021-05-24 10:17:31,14095.65,0
2021-05-24 10:17:32,14096.1,0
2021-05-24 10:17:35,14094.8,0
2021-05-24 10:17:36,14094.95,0
2021-05-24 10:17:37,14097.7,0
2021-05-24 10:17:38,14097.2,0
2021-05-24 10:17:39,14098.75,0
2021-05-24 10:17:40,14097.9,0
2021-05-24 10:17:41,14097.1,0
2021-05-24 10:17:42,14096.95,0
2021-05-24 10:17:43,14098.25,0
2021-05-24 10:17:47,14099.55,0
2021-05-24 10:17:48,14099.3,0
2021-05-24 10:17:49,14101.05,0
2021-05-24 10:17:50,14101.45,0
2021-05-24 10:17:51,14098.35,0
2021-05-24 10:17:52,14098.15,0
2021-05-24 10:17:53,14100.7,0
2021-05-24 10:17:54,14101.75,0
2021-05-24 10:17:55,14101.35,0
2021-05-24 10:17:58,14107.85,0
2021-05-24 10:18:00,14108.5,0
2021-05-24 10:18:01,14110.95,0
2021-05-24 10:18:02,14111.4,0
2021-05-24 10:18:03,14112.25,0
2021-05-24 10:18:04,14108.8,0
2021-05-24 10:18:06,14108.65,0
2021-05-24 10:18:07,14109.3,0
2021-05-24 10:18:08,14109.35,0
2021-05-24 10:18:09,14110.0,0
2021-05-24 10:18:11,14109.9,0
2021-05-24 10:18:12,14110.1,0
2021-05-24 10:18:13,14110.0,0
2021-05-24 10:18:14,14110.4,0
2021-05-24 10:18:18,14112.95,0
2021-05-24 10:18:19,14112.9,0
2021-05-24 10:18:20,14111.8,0
2021-05-24 10:18:21,14112.6,0
2021-05-24 10:18:27,14110.2,0
2021-05-24 10:18:28,14111.5,0
2021-05-24 10:18:29,14112.2,0
2021-05-24 10:18:31,14112.0,0
2021-05-24 10:18:32,14111.85,0
2021-05-24 10:18:33,14114.1,0
2021-05-24 10:18:34,14113.55,0
2021-05-24 10:18:35,14113.7,0
2021-05-24 10:18:36,14114.05,0
2021-05-24 10:18:37,14113.8,0
2021-05-24 10:18:38,14113.2,0
2021-05-24 10:18:39,14114.95,0
2021-05-24 10:18:40,14115.55,0
2021-05-24 10:18:41,14116.8,0
2021-05-24 10:18:42,14116.8,0
2021-05-24 10:18:43,14115.7,0
2021-05-24 10:18:44,14115.15,0
2021-05-24 10:18:46,14115.75,0
2021-05-24 10:18:47,14114.45,0
2021-05-24 10:18:49,14116.3,0
2021-05-24 10:18:50,14116.3,0
2021-05-24 10:18:51,14117.3,0
2021-05-24 10:18:53,14118.4,0
2021-05-24 10:18:54,14118.65,0
2021-05-24 10:18:55,14118.9,0
2021-05-24 10:18:56,14118.9,0
2021-05-24 10:18:57,14117.85,0
2021-05-24 10:18:58,14118.6,0
2021-05-24 10:18:59,14120.4,0
2021-05-24 10:19:01,14118.35,0
2021-05-24 10:19:02,14116.0,0
2021-05-24 10:19:03,14116.3,0
2021-05-24 10:19:05,14116.25,0
2021-05-24 10:19:06,14113.15,0
2021-05-24 10:19:07,14113.4,0
2021-05-24 10:19:08,14114.2,0
2021-05-24 10:19:09,14115.8,0
2021-05-24 10:19:10,14115.45,0
2021-05-24 10:19:11,14116.25,0
2021-05-24 10:19:12,14114.05,0
2021-05-24 10:19:14,14115.3,0
2021-05-24 10:19:15,14115.7,0
2021-05-24 10:19:16,14115.55,0
2021-05-24 10:19:18,14115.3,0
2021-05-24 10:19:19,14115.4,0
2021-05-24 10:19:20,14115.9,0
2021-05-24 10:19:21,14116.2,0
2021-05-24 10:19:22,14115.65,0
2021-05-24 10:19:24,14116.85,0
2021-05-24 10:19:25,14115.1,0
2021-05-24 10:19:26,14116.1,0
2021-05-24 10:19:27,14115.75,0
2021-05-24 10:19:28,14115.95,0
2021-05-24 10:19:29,14114.0,0
2021-05-24 10:19:30,14113.55,0
2021-05-24 10:19:31,14113.5,0
2021-05-24 10:19:32,14113.85,0
2021-05-24 10:19:33,14115.3,0
2021-05-24 10:19:34,14115.25,0
2021-05-24 10:19:35,14112.9,0
2021-05-24 10:19:36,14113.9,0
2021-05-24 10:19:37,14114.05,0
2021-05-24 10:19:38,14112.45,0
2021-05-24 10:19:39,14112.75,0
2021-05-24 10:19:40,14111.9,0
2021-05-24 10:19:41,14113.15,0
2021-05-24 10:19:42,14112.45,0
2021-05-24 10:19:43,14112.55,0
2021-05-24 10:19:44,14110.8,0
2021-05-24 10:19:45,14111.0,0
2021-05-24 10:19:47,14110.65,0
2021-05-24 10:19:48,14110.6,0
2021-05-24 10:19:49,14110.55,0
2021-05-24 10:19:50,14111.25,0
2021-05-24 10:19:51,14110.25,0
2021-05-24 10:19:55,14111.2,0
2021-05-24 10:19:56,14108.55,0
2021-05-24 10:19:58,14109.5,0
2021-05-24 10:19:59,14109.35,0
2021-05-24 10:20:00,14113.95,0
2021-05-24 10:20:01,14112.55,0
2021-05-24 10:20:02,14110.05,0
2021-05-24 10:20:03,14110.45,0
2021-05-24 10:20:04,14109.5,0
2021-05-24 10:20:05,14109.35,0
2021-05-24 10:20:06,14110.45,0
2021-05-24 10:20:07,14111.2,0
2021-05-24 10:20:08,14110.0,0
2021-05-24 10:20:09,14111.1,0
2021-05-24 10:20:11,14108.7,0
2021-05-24 10:20:12,14109.95,0
2021-05-24 10:20:13,14108.2,0
2021-05-24 10:20:14,14105.05,0
2021-05-24 10:20:15,14106.7,0
2021-05-24 10:20:16,14105.1,0
2021-05-24 10:20:17,14105.45,0
2021-05-24 10:20:18,14105.5,0
2021-05-24 10:20:19,14105.85,0
2021-05-24 10:20:20,14105.55,0
2021-05-24 10:20:21,14105.8,0
2021-05-24 10:20:23,14107.05,0
2021-05-24 10:20:24,14104.95,0
2021-05-24 10:20:25,14104.55,0
2021-05-24 10:20:26,14102.65,0
2021-05-24 10:20:27,14106.0,0
2021-05-24 10:20:29,14105.3,0
2021-05-24 10:20:30,14106.25,0
2021-05-24 10:20:32,14106.65,0
2021-05-24 10:20:33,14106.7,0
2021-05-24 10:20:34,14106.95,0
2021-05-24 10:20:36,14109.15,0
2021-05-24 10:20:37,14107.55,0
2021-05-24 10:20:38,14107.55,0
2021-05-24 10:20:39,14108.4,0
2021-05-24 10:20:41,14110.2,0
2021-05-24 10:20:43,14107.1,0
2021-05-24 10:20:44,14108.3,0
2021-05-24 10:20:45,14109.9,0
2021-05-24 10:20:48,14110.5,0
2021-05-24 10:20:49,14110.15,0
2021-05-24 10:20:50,14110.75,0
2021-05-24 10:20:51,14110.75,0
2021-05-24 10:20:52,14111.3,0
2021-05-24 10:20:53,14111.25,0
2021-05-24 10:20:54,14110.45,0
2021-05-24 10:20:55,14110.25,0
2021-05-24 10:20:56,14110.75,0
2021-05-24 10:20:57,14108.5,0
2021-05-24 10:20:58,14108.25,0
2021-05-24 10:21:01,14106.75,0
2021-05-24 10:21:02,14108.45,0
2021-05-24 10:21:03,14107.35,0
2021-05-24 10:21:04,14108.2,0
2021-05-24 10:21:05,14108.05,0
2021-05-24 10:21:08,14109.25,0
2021-05-24 10:21:09,14109.5,0
2021-05-24 10:21:10,14110.05,0
2021-05-24 10:21:13,14111.5,0
2021-05-24 10:21:14,14108.35,0
2021-05-24 10:21:15,14108.9,0
2021-05-24 10:21:16,14107.2,0
2021-05-24 10:21:17,14108.9,0
2021-05-24 10:21:18,14108.9,0
2021-05-24 10:21:19,14107.7,0
2021-05-24 10:21:20,14109.3,0
2021-05-24 10:21:21,14110.15,0
2021-05-24 10:21:22,14110.0,0
2021-05-24 10:21:23,14109.8,0
2021-05-24 10:21:24,14108.4,0
2021-05-24 10:21:25,14106.0,0
2021-05-24 10:21:26,14107.3,0
2021-05-24 10:21:27,14106.0,0
2021-05-24 10:21:28,14107.2,0
2021-05-24 10:21:29,14107.25,0
2021-05-24 10:21:30,14107.35,0
2021-05-24 10:21:31,14107.0,0
2021-05-24 10:21:32,14106.55,0
2021-05-24 10:21:33,14106.8,0
2021-05-24 10:21:34,14108.55,0
2021-05-24 10:21:35,14108.85,0
2021-05-24 10:21:36,14109.45,0
2021-05-24 10:21:39,14107.0,0
2021-05-24 10:21:40,14108.1,0
2021-05-24 10:21:42,14108.1,0
2021-05-24 10:21:44,14107.2,0
2021-05-24 10:21:45,14106.55,0
2021-05-24 10:21:46,14106.8,0
2021-05-24 10:21:48,14108.05,0
2021-05-24 10:21:49,14108.6,0
2021-05-24 10:21:51,14108.55,0
2021-05-24 10:21:53,14109.7,0
2021-05-24 10:21:56,14109.5,0
2021-05-24 10:21:58,14107.8,0
2021-05-24 10:21:59,14109.1,0
2021-05-24 10:22:00,14109.7,0
2021-05-24 10:22:01,14110.15,0
2021-05-24 10:22:02,14111.25,0
2021-05-24 10:22:03,14110.2,0
2021-05-24 10:22:04,14108.6,0
2021-05-24 10:22:06,14108.35,0
2021-05-24 10:22:07,14108.35,0
2021-05-24 10:22:08,14109.05,0
2021-05-24 10:22:09,14108.65,0
2021-05-24 10:22:10,14107.45,0
2021-05-24 10:22:11,14108.35,0
2021-05-24 10:22:12,14109.1,0
2021-05-24 10:22:13,14109.15,0
2021-05-24 10:22:14,14109.7,0
2021-05-24 10:22:15,14109.75,0
2021-05-24 10:22:22,14111.05,0
2021-05-24 10:22:26,14105.65,0
2021-05-24 10:22:27,14104.95,0
2021-05-24 10:22:28,14106.35,0
2021-05-24 10:22:29,14106.3,0
2021-05-24 10:22:30,14106.2,0
2021-05-24 10:22:32,14107.95,0
2021-05-24 10:22:33,14108.05,0
2021-05-24 10:22:34,14107.05,0
2021-05-24 10:22:35,14103.85,0
2021-05-24 10:22:36,14103.15,0
2021-05-24 10:22:37,14102.95,0
2021-05-24 10:22:38,14102.95,0
2021-05-24 10:22:39,14105.05,0
2021-05-24 10:22:40,14105.35,0
2021-05-24 10:22:43,14106.3,0
2021-05-24 10:22:44,14104.95,0
2021-05-24 10:22:45,14106.15,0
2021-05-24 10:22:46,14104.95,0
2021-05-24 10:22:47,14105.2,0
2021-05-24 10:22:48,14105.5,0
2021-05-24 10:22:49,14105.15,0
2021-05-24 10:22:50,14105.9,0
2021-05-24 10:22:51,14104.6,0
2021-05-24 10:22:52,14104.45,0
2021-05-24 10:22:53,14104.75,0
2021-05-24 10:22:54,14103.6,0
2021-05-24 10:22:55,14105.1,0
2021-05-24 10:22:56,14105.6,0
2021-05-24 10:22:58,14105.05,0
2021-05-24 10:22:59,14102.85,0
2021-05-24 10:23:00,14104.85,0
2021-05-24 10:23:01,14105.65,0
2021-05-24 10:23:02,14105.4,0
2021-05-24 10:23:03,14105.3,0
2021-05-24 10:23:04,14106.15,0
2021-05-24 10:23:05,14105.75,0
2021-05-24 10:23:06,14105.2,0
2021-05-24 10:23:07,14105.4,0
2021-05-24 10:23:08,14104.95,0
2021-05-24 10:23:09,14104.6,0
2021-05-24 10:23:10,14106.3,0
2021-05-24 10:23:12,14105.95,0
2021-05-24 10:23:13,14105.85,0
2021-05-24 10:23:14,14105.85,0
2021-05-24 10:23:15,14104.35,0
2021-05-24 10:23:16,14103.45,0
2021-05-24 10:23:17,14104.45,0
2021-05-24 10:23:18,14105.5,0
2021-05-24 10:23:19,14101.75,0
2021-05-24 10:23:20,14103.3,0
2021-05-24 10:23:21,14102.2,0
2021-05-24 10:23:22,14102.25,0
2021-05-24 10:23:23,14101.7,0
2021-05-24 10:23:24,14103.65,0
2021-05-24 10:23:25,14103.6,0
2021-05-24 10:23:29,14103.25,0
2021-05-24 10:23:31,14104.35,0
2021-05-24 10:23:32,14101.7,0
2021-05-24 10:23:33,14103.15,0
2021-05-24 10:23:34,14103.9,0
2021-05-24 10:23:35,14104.75,0
2021-05-24 10:23:39,14103.55,0
2021-05-24 10:23:40,14104.25,0
2021-05-24 10:23:41,14102.7,0
2021-05-24 10:23:42,14107.85,0
2021-05-24 10:23:44,14108.85,0
2021-05-24 10:23:45,14109.05,0
2021-05-24 10:23:46,14109.45,0
2021-05-24 10:23:47,14109.75,0
2021-05-24 10:23:48,14114.95,0
2021-05-24 10:23:49,14114.5,0
2021-05-24 10:23:50,14114.55,0
2021-05-24 10:23:51,14115.35,0
2021-05-24 10:23:53,14115.45,0
2021-05-24 10:23:54,14115.05,0
2021-05-24 10:23:55,14115.9,0
2021-05-24 10:23:56,14116.75,0
2021-05-24 10:23:59,14118.6,0
2021-05-24 10:24:00,14115.95,0
2021-05-24 10:24:01,14116.1,0
2021-05-24 10:24:04,14116.7,0
2021-05-24 10:24:05,14114.65,0
2021-05-24 10:24:08,14114.15,0
2021-05-24 10:24:09,14114.3,0
2021-05-24 10:24:11,14114.1,0
2021-05-24 10:24:12,14114.25,0
2021-05-24 10:24:14,14113.45,0
2021-05-24 10:24:15,14115.5,0
2021-05-24 10:24:16,14112.6,0
2021-05-24 10:24:17,14113.85,0
2021-05-24 10:24:19,14111.7,0
2021-05-24 10:24:20,14112.65,0
2021-05-24 10:24:22,14111.95,0
2021-05-24 10:24:23,14111.3,0
2021-05-24 10:24:24,14111.25,0
2021-05-24 10:24:26,14111.15,0
2021-05-24 10:24:27,14111.35,0
2021-05-24 10:24:28,14112.05,0
2021-05-24 10:24:29,14112.5,0
2021-05-24 10:24:30,14111.7,0
2021-05-24 10:24:31,14110.9,0
2021-05-24 10:24:32,14110.6,0
2021-05-24 10:24:33,14110.55,0
2021-05-24 10:24:34,14112.65,0
2021-05-24 10:24:35,14113.65,0
2021-05-24 10:24:36,14113.0,0
2021-05-24 10:24:37,14112.35,0
2021-05-24 10:24:38,14112.5,0
2021-05-24 10:24:39,14111.7,0
2021-05-24 10:24:40,14111.15,0
2021-05-24 10:24:41,14110.95,0
2021-05-24 10:24:43,14107.5,0
2021-05-24 10:24:45,14108.0,0
2021-05-24 10:24:46,14108.6,0
2021-05-24 10:24:48,14107.7,0
2021-05-24 10:24:49,14108.65,0
2021-05-24 10:24:50,14108.6,0
2021-05-24 10:24:52,14108.75,0
2021-05-24 10:24:53,14108.35,0
2021-05-24 10:24:54,14108.25,0
2021-05-24 10:24:55,14109.5,0
2021-05-24 10:24:56,14109.65,0
2021-05-24 10:24:57,14109.7,0
2021-05-24 10:24:58,14108.5,0
2021-05-24 10:24:59,14109.8,0
2021-05-24 10:25:00,14109.75,0
2021-05-24 10:25:01,14109.4,0
2021-05-24 10:25:02,14110.8,0
2021-05-24 10:25:03,14111.3,0
2021-05-24 10:25:06,14111.0,0
2021-05-24 10:25:07,14111.7,0
2021-05-24 10:25:08,14110.25,0
2021-05-24 10:25:09,14108.15,0
2021-05-24 10:25:10,14107.95,0
2021-05-24 10:25:11,14108.6,0
2021-05-24 10:25:13,14107.1,0
2021-05-24 10:25:14,14108.15,0
2021-05-24 10:25:15,14110.15,0
2021-05-24 10:25:16,14109.2,0
2021-05-24 10:25:17,14108.65,0
2021-05-24 10:25:19,14109.15,0
2021-05-24 10:25:20,14108.9,0
2021-05-24 10:25:22,14100.75,0
2021-05-24 10:25:23,14101.5,0
2021-05-24 10:25:24,14101.8,0
2021-05-24 10:25:26,14101.5,0
2021-05-24 10:25:27,14098.95,0
2021-05-24 10:25:28,14099.65,0
2021-05-24 10:25:29,14100.0,0
2021-05-24 10:25:30,14100.15,0
2021-05-24 10:25:32,14101.35,0
2021-05-24 10:25:33,14101.9,0
2021-05-24 10:25:34,14102.5,0
2021-05-24 10:25:35,14103.05,0
2021-05-24 10:25:38,14103.25,0
2021-05-24 10:25:39,14102.9,0
2021-05-24 10:25:40,14102.75,0
2021-05-24 10:25:41,14102.8,0
2021-05-24 10:25:42,14101.65,0
2021-05-24 10:25:43,14100.55,0
2021-05-24 10:25:44,14100.85,0
2021-05-24 10:25:45,14101.5,0
2021-05-24 10:25:47,14103.25,0
2021-05-24 10:25:48,14103.4,0
2021-05-24 10:25:49,14102.7,0
2021-05-24 10:25:50,14102.25,0
2021-05-24 10:25:51,14104.15,0
2021-05-24 10:25:52,14104.25,0
2021-05-24 10:25:53,14104.5,0
2021-05-24 10:25:54,14104.85,0
2021-05-24 10:25:55,14105.25,0
2021-05-24 10:25:56,14103.45,0
2021-05-24 10:25:57,14104.15,0
2021-05-24 10:25:58,14106.6,0
2021-05-24 10:25:59,14108.15,0
2021-05-24 10:26:00,14109.45,0
2021-05-24 10:26:01,14109.9,0
2021-05-24 10:26:04,14108.5,0
2021-05-24 10:26:05,14107.6,0
2021-05-24 10:26:07,14106.45,0
2021-05-24 10:26:08,14107.8,0
2021-05-24 10:26:09,14108.4,0
2021-05-24 10:26:10,14108.45,0
2021-05-24 10:26:11,14106.85,0
2021-05-24 10:26:12,14109.7,0
2021-05-24 10:26:13,14107.9,0
2021-05-24 10:26:14,14108.3,0
2021-05-24 10:26:16,14109.35,0
2021-05-24 10:26:17,14109.3,0
2021-05-24 10:26:18,14110.1,0
2021-05-24 10:26:19,14110.0,0
2021-05-24 10:26:20,14111.7,0
2021-05-24 10:26:21,14111.25,0
2021-05-24 10:26:22,14109.5,0
2021-05-24 10:26:24,14111.7,0
2021-05-24 10:26:25,14112.55,0
2021-05-24 10:26:26,14112.05,0
2021-05-24 10:26:27,14110.7,0
2021-05-24 10:26:28,14111.35,0
2021-05-24 10:26:30,14110.75,0
2021-05-24 10:26:33,14111.75,0
2021-05-24 10:26:35,14112.75,0
2021-05-24 10:26:36,14112.3,0
2021-05-24 10:26:37,14114.85,0
2021-05-24 10:26:38,14114.2,0
2021-05-24 10:26:39,14113.95,0
2021-05-24 10:26:40,14113.3,0
2021-05-24 10:26:41,14114.25,0
2021-05-24 10:26:44,14113.65,0
2021-05-24 10:26:45,14114.1,0
2021-05-24 10:26:46,14113.75,0
2021-05-24 10:26:47,14113.8,0
2021-05-24 10:26:48,14114.85,0
2021-05-24 10:26:49,14114.9,0
2021-05-24 10:26:50,14114.5,0
2021-05-24 10:26:51,14115.9,0
2021-05-24 10:26:52,14115.55,0
2021-05-24 10:26:53,14115.7,0
2021-05-24 10:26:54,14115.75,0
2021-05-24 10:26:55,14115.35,0
2021-05-24 10:26:56,14116.5,0
2021-05-24 10:26:57,14117.0,0
2021-05-24 10:26:58,14116.15,0
2021-05-24 10:26:59,14116.25,0
2021-05-24 10:27:00,14116.0,0
2021-05-24 10:27:01,14115.05,0
2021-05-24 10:27:02,14114.1,0
2021-05-24 10:27:03,14115.75,0
2021-05-24 10:27:04,14116.0,0
2021-05-24 10:27:05,14113.1,0
2021-05-24 10:27:06,14114.5,0
2021-05-24 10:27:07,14115.3,0
2021-05-24 10:27:08,14114.9,0
2021-05-24 10:27:09,14115.5,0
2021-05-24 10:27:10,14114.95,0
2021-05-24 10:27:11,14116.05,0
2021-05-24 10:27:12,14116.1,0
2021-05-24 10:27:14,14115.95,0
2021-05-24 10:27:15,14114.7,0
2021-05-24 10:27:17,14114.2,0
2021-05-24 10:27:18,14113.25,0
2021-05-24 10:27:19,14113.25,0
2021-05-24 10:27:20,14114.4,0
2021-05-24 10:27:21,14112.9,0
2021-05-24 10:27:22,14112.2,0
2021-05-24 10:27:25,14111.65,0
2021-05-24 10:27:26,14112.8,0
2021-05-24 10:27:27,14113.4,0
2021-05-24 10:27:29,14113.0,0
2021-05-24 10:27:30,14111.0,0
2021-05-24 10:27:31,14111.3,0
2021-05-24 10:27:32,14111.2,0
2021-05-24 10:27:33,14112.6,0
2021-05-24 10:27:34,14113.25,0
2021-05-24 10:27:35,14115.45,0
2021-05-24 10:27:36,14114.5,0
2021-05-24 10:27:37,14114.7,0
2021-05-24 10:27:38,14113.85,0
2021-05-24 10:27:39,14111.45,0
2021-05-24 10:27:40,14112.4,0
2021-05-24 10:27:42,14111.8,0
2021-05-24 10:27:43,14111.45,0
2021-05-24 10:27:44,14111.8,0
2021-05-24 10:27:45,14113.05,0
2021-05-24 10:27:46,14114.15,0
2021-05-24 10:27:48,14114.35,0
2021-05-24 10:27:49,14114.7,0
2021-05-24 10:27:50,14113.85,0
2021-05-24 10:27:51,14113.4,0
2021-05-24 10:27:52,14113.7,0
2021-05-24 10:27:53,14113.75,0
2021-05-24 10:27:56,14112.4,0
2021-05-24 10:27:57,14111.65,0
2021-05-24 10:27:58,14111.5,0
2021-05-24 10:27:59,14111.65,0
2021-05-24 10:28:00,14111.15,0
2021-05-24 10:28:01,14110.6,0
2021-05-24 10:28:02,14111.3,0
2021-05-24 10:28:03,14111.3,0
2021-05-24 10:28:04,14110.95,0
2021-05-24 10:28:06,14110.6,0
2021-05-24 10:28:07,14110.6,0
2021-05-24 10:28:08,14110.8,0
2021-05-24 10:28:09,14111.5,0
2021-05-24 10:28:10,14111.6,0
2021-05-24 10:28:11,14110.5,0
2021-05-24 10:28:12,14111.25,0
2021-05-24 10:28:13,14111.7,0
2021-05-24 10:28:14,14111.8,0
2021-05-24 10:28:15,14111.65,0
2021-05-24 10:28:16,14110.0,0
2021-05-24 10:28:17,14112.1,0
2021-05-24 10:28:20,14111.1,0
2021-05-24 10:28:21,14111.35,0
2021-05-24 10:28:22,14110.35,0
2021-05-24 10:28:23,14110.3,0
2021-05-24 10:28:24,14108.75,0
2021-05-24 10:28:25,14106.9,0
2021-05-24 10:28:26,14106.85,0
2021-05-24 10:28:27,14107.2,0
2021-05-24 10:28:28,14107.45,0
2021-05-24 10:28:29,14106.35,0
2021-05-24 10:28:30,14108.25,0
2021-05-24 10:28:31,14107.65,0
2021-05-24 10:28:33,14107.4,0
2021-05-24 10:28:34,14107.8,0
2021-05-24 10:28:35,14107.7,0
2021-05-24 10:28:36,14109.25,0
2021-05-24 10:28:38,14108.85,0
2021-05-24 10:28:39,14108.7,0
2021-05-24 10:28:40,14111.25,0
2021-05-24 10:28:41,14110.4,0
2021-05-24 10:28:42,14111.85,0
2021-05-24 10:28:44,14110.8,0
2021-05-24 10:28:45,14110.7,0
2021-05-24 10:28:46,14110.75,0
2021-05-24 10:28:47,14111.95,0
2021-05-24 10:28:48,14111.9,0
2021-05-24 10:28:49,14110.85,0
2021-05-24 10:28:50,14110.0,0
2021-05-24 10:28:52,14110.2,0
2021-05-24 10:28:53,14109.4,0
2021-05-24 10:28:54,14108.8,0
2021-05-24 10:28:55,14108.6,0
2021-05-24 10:28:56,14108.25,0
2021-05-24 10:28:57,14109.35,0
2021-05-24 10:28:58,14109.65,0
2021-05-24 10:28:59,14108.9,0
2021-05-24 10:29:01,14109.4,0
2021-05-24 10:29:03,14108.7,0
2021-05-24 10:29:05,14110.85,0
2021-05-24 10:29:06,14109.65,0
2021-05-24 10:29:07,14108.55,0
2021-05-24 10:29:08,14110.55,0
2021-05-24 10:29:09,14110.9,0
2021-05-24 10:29:10,14110.7,0
2021-05-24 10:29:11,14110.55,0
2021-05-24 10:29:12,14110.95,0
2021-05-24 10:29:13,14111.25,0
2021-05-24 10:29:14,14109.8,0
2021-05-24 10:29:15,14110.5,0
2021-05-24 10:29:17,14109.65,0
2021-05-24 10:29:18,14110.8,0
2021-05-24 10:29:19,14109.85,0
2021-05-24 10:29:20,14110.15,0
2021-05-24 10:29:21,14111.65,0
2021-05-24 10:29:22,14113.15,0
2021-05-24 10:29:23,14113.05,0
2021-05-24 10:29:25,14111.6,0
2021-05-24 10:29:27,14111.95,0
2021-05-24 10:29:29,14111.4,0
2021-05-24 10:29:30,14111.15,0
2021-05-24 10:29:31,14110.9,0
2021-05-24 10:29:32,14111.75,0
2021-05-24 10:29:34,14112.75,0
2021-05-24 10:29:35,14110.95,0
2021-05-24 10:29:36,14111.25,0
2021-05-24 10:29:37,14111.95,0
2021-05-24 10:29:38,14112.9,0
2021-05-24 10:29:39,14112.55,0
2021-05-24 10:29:40,14110.85,0
2021-05-24 10:29:41,14110.1,0
2021-05-24 10:29:42,14111.25,0
2021-05-24 10:29:43,14110.65,0
2021-05-24 10:29:46,14112.35,0
2021-05-24 10:29:48,14111.05,0
2021-05-24 10:29:50,14112.65,0
2021-05-24 10:29:51,14112.4,0
2021-05-24 10:29:52,14112.5,0
2021-05-24 10:29:53,14111.15,0
2021-05-24 10:29:54,14112.4,0
2021-05-24 10:29:55,14112.6,0
2021-05-24 10:29:56,14112.0,0
2021-05-24 10:29:57,14112.3,0
2021-05-24 10:29:58,14114.35,0
2021-05-24 10:29:59,14114.0,0
2021-05-24 10:30:00,14113.75,0
2021-05-24 10:30:01,14113.7,0
2021-05-24 10:30:02,14113.15,0
2021-05-24 10:30:03,14113.35,0
2021-05-24 10:30:04,14113.6,0
2021-05-24 10:30:05,14112.9,0
2021-05-24 10:30:07,14112.3,0
2021-05-24 10:30:09,14112.95,0
2021-05-24 10:30:10,14113.55,0
2021-05-24 10:30:11,14113.35,0
2021-05-24 10:30:12,14113.05,0
2021-05-24 10:30:13,14112.6,0
2021-05-24 10:30:14,14111.65,0
2021-05-24 10:30:16,14111.0,0
2021-05-24 10:30:17,14111.5,0
2021-05-24 10:30:19,14112.7,0
2021-05-24 10:30:21,14111.95,0
2021-05-24 10:30:22,14111.95,0
2021-05-24 10:30:23,14112.15,0
2021-05-24 10:30:24,14111.65,0
2021-05-24 10:30:25,14111.45,0
2021-05-24 10:30:27,14111.4,0
2021-05-24 10:30:28,14112.3,0
2021-05-24 10:30:29,14111.15,0
2021-05-24 10:30:31,14111.85,0
2021-05-24 10:30:32,14110.2,0
2021-05-24 10:30:33,14110.35,0
2021-05-24 10:30:35,14110.45,0
2021-05-24 10:30:36,14111.9,0
2021-05-24 10:30:37,14111.35,0
2021-05-24 10:30:38,14110.8,0
2021-05-24 10:30:39,14110.0,0
2021-05-24 10:30:40,14108.3,0
2021-05-24 10:30:41,14111.5,0
2021-05-24 10:30:42,14110.8,0
2021-05-24 10:30:43,14110.65,0
2021-05-24 10:30:44,14109.7,0
2021-05-24 10:30:45,14109.85,0
2021-05-24 10:30:46,14109.95,0
2021-05-24 10:30:47,14108.9,0
2021-05-24 10:30:48,14108.1,0
2021-05-24 10:30:49,14107.5,0
2021-05-24 10:30:50,14108.35,0
2021-05-24 10:30:53,14108.9,0
2021-05-24 10:30:54,14108.35,0
2021-05-24 10:30:55,14108.15,0
2021-05-24 10:30:56,14107.65,0
2021-05-24 10:30:57,14107.65,0
2021-05-24 10:30:59,14105.05,0
2021-05-24 10:31:00,14105.35,0
2021-05-24 10:31:01,14105.0,0
2021-05-24 10:31:02,14104.8,0
2021-05-24 10:31:03,14104.6,0
2021-05-24 10:31:04,14105.05,0
2021-05-24 10:31:05,14103.85,0
2021-05-24 10:31:07,14104.7,0
2021-05-24 10:31:08,14104.4,0
2021-05-24 10:31:09,14105.1,0
2021-05-24 10:31:11,14105.2,0
2021-05-24 10:31:12,14103.55,0
2021-05-24 10:31:13,14102.9,0
2021-05-24 10:31:14,14104.6,0
2021-05-24 10:31:15,14105.3,0
2021-05-24 10:31:16,14105.5,0
2021-05-24 10:31:17,14103.5,0
2021-05-24 10:31:18,14102.7,0
2021-05-24 10:31:19,14104.6,0
2021-05-24 10:31:20,14104.3,0
2021-05-24 10:31:21,14103.9,0
2021-05-24 10:31:22,14101.0,0
2021-05-24 10:31:24,14101.3,0
2021-05-24 10:31:26,14101.8,0
2021-05-24 10:31:27,14102.45,0
2021-05-24 10:31:28,14100.6,0
2021-05-24 10:31:29,14102.4,0
2021-05-24 10:31:31,14100.45,0
2021-05-24 10:31:32,14096.6,0
2021-05-24 10:31:34,14097.5,0
2021-05-24 10:31:35,14097.75,0
2021-05-24 10:31:37,14096.6,0
2021-05-24 10:31:38,14096.35,0
2021-05-24 10:31:39,14098.1,0
2021-05-24 10:31:40,14097.45,0
2021-05-24 10:31:42,14099.4,0
2021-05-24 10:31:44,14098.35,0
2021-05-24 10:31:45,14097.25,0
2021-05-24 10:31:46,14098.3,0
2021-05-24 10:31:47,14100.6,0
2021-05-24 10:31:48,14100.15,0
2021-05-24 10:31:49,14098.6,0
2021-05-24 10:31:50,14098.1,0
2021-05-24 10:31:51,14097.65,0
2021-05-24 10:31:52,14098.5,0
2021-05-24 10:31:53,14099.35,0
2021-05-24 10:31:54,14101.1,0
2021-05-24 10:31:55,14099.0,0
2021-05-24 10:31:56,14097.7,0
2021-05-24 10:31:58,14098.4,0
2021-05-24 10:31:59,14098.85,0
2021-05-24 10:32:00,14099.75,0
2021-05-24 10:32:02,14100.85,0
2021-05-24 10:32:03,14102.15,0
2021-05-24 10:32:04,14101.0,0
2021-05-24 10:32:08,14099.45,0
2021-05-24 10:32:10,14098.75,0
2021-05-24 10:32:11,14100.5,0
2021-05-24 10:32:12,14102.55,0
2021-05-24 10:32:13,14100.9,0
2021-05-24 10:32:14,14100.5,0
2021-05-24 10:32:15,14101.75,0
2021-05-24 10:32:16,14102.25,0
2021-05-24 10:32:17,14101.15,0
2021-05-24 10:32:20,14101.7,0
2021-05-24 10:32:21,14101.4,0
2021-05-24 10:32:22,14101.7,0
2021-05-24 10:32:23,14101.75,0
2021-05-24 10:32:24,14103.0,0
2021-05-24 10:32:25,14101.9,0
2021-05-24 10:32:26,14102.1,0
2021-05-24 10:32:28,14101.15,0
2021-05-24 10:32:29,14100.1,0
2021-05-24 10:32:30,14101.3,0
2021-05-24 10:32:31,14101.75,0
2021-05-24 10:32:32,14100.75,0
2021-05-24 10:32:33,14102.95,0
2021-05-24 10:32:34,14102.3,0
2021-05-24 10:32:35,14102.55,0
2021-05-24 10:32:37,14102.45,0
2021-05-24 10:32:38,14102.35,0
2021-05-24 10:32:39,14101.85,0
2021-05-24 10:32:40,14102.7,0
2021-05-24 10:32:41,14101.8,0
2021-05-24 10:32:42,14101.75,0
2021-05-24 10:32:43,14102.35,0
2021-05-24 10:32:44,14102.2,0
2021-05-24 10:32:45,14100.25,0
2021-05-24 10:32:46,14101.85,0
2021-05-24 10:32:47,14102.7,0
2021-05-24 10:32:48,14103.9,0
2021-05-24 10:32:49,14103.75,0
2021-05-24 10:32:50,14103.75,0
2021-05-24 10:32:51,14103.1,0
2021-05-24 10:32:52,14102.9,0
2021-05-24 10:32:53,14103.35,0
2021-05-24 10:32:55,14102.5,0
2021-05-24 10:32:56,14102.05,0
2021-05-24 10:32:57,14101.55,0
2021-05-24 10:32:59,14101.3,0
2021-05-24 10:33:00,14101.65,0
2021-05-24 10:33:01,14102.7,0
2021-05-24 10:33:02,14102.05,0
2021-05-24 10:33:04,14102.45,0
2021-05-24 10:33:05,14101.65,0
2021-05-24 10:33:07,14101.75,0
2021-05-24 10:33:08,14101.6,0
2021-05-24 10:33:09,14102.0,0
2021-05-24 10:33:10,14102.0,0
2021-05-24 10:33:11,14102.05,0
2021-05-24 10:33:13,14103.15,0
2021-05-24 10:33:15,14102.85,0
2021-05-24 10:33:16,14103.5,0
2021-05-24 10:33:17,14103.6,0
2021-05-24 10:33:18,14103.3,0
2021-05-24 10:33:19,14102.1,0
2021-05-24 10:33:20,14103.95,0
2021-05-24 10:33:21,14104.05,0
2021-05-24 10:33:22,14102.75,0
2021-05-24 10:33:24,14103.1,0
2021-05-24 10:33:25,14103.55,0
2021-05-24 10:33:26,14102.5,0
2021-05-24 10:33:27,14103.6,0
2021-05-24 10:33:28,14103.5,0
2021-05-24 10:33:29,14103.25,0
2021-05-24 10:33:30,14104.3,0
2021-05-24 10:33:32,14101.65,0
2021-05-24 10:33:33,14101.35,0
2021-05-24 10:33:34,14101.8,0
2021-05-24 10:33:35,14101.95,0
2021-05-24 10:33:36,14104.1,0
2021-05-24 10:33:37,14102.85,0
2021-05-24 10:33:39,14104.55,0
2021-05-24 10:33:40,14103.2,0
2021-05-24 10:33:41,14104.3,0
2021-05-24 10:33:42,14103.1,0
2021-05-24 10:33:43,14103.85,0
2021-05-24 10:33:44,14102.65,0
2021-05-24 10:33:45,14101.7,0
2021-05-24 10:33:46,14102.5,0
2021-05-24 10:33:47,14102.3,0
2021-05-24 10:33:48,14101.6,0
2021-05-24 10:33:50,14100.0,0
2021-05-24 10:33:51,14100.0,0
2021-05-24 10:33:53,14101.6,0
2021-05-24 10:33:55,14103.2,0
2021-05-24 10:33:57,14102.8,0
2021-05-24 10:33:58,14102.35,0
2021-05-24 10:33:59,14102.55,0
2021-05-24 10:34:02,14101.1,0
2021-05-24 10:34:04,14101.15,0
2021-05-24 10:34:06,14102.2,0
2021-05-24 10:34:09,14100.3,0
2021-05-24 10:34:10,14101.15,0
2021-05-24 10:34:11,14100.6,0
2021-05-24 10:34:12,14101.4,0
2021-05-24 10:34:14,14100.9,0
2021-05-24 10:34:15,14099.4,0
2021-05-24 10:34:16,14099.4,0
2021-05-24 10:34:18,14098.6,0
2021-05-24 10:34:19,14098.85,0
2021-05-24 10:34:20,14100.45,0
2021-05-24 10:34:21,14100.45,0
2021-05-24 10:34:22,14099.45,0
2021-05-24 10:34:23,14099.2,0
2021-05-24 10:34:24,14100.0,0
2021-05-24 10:34:25,14100.0,0
2021-05-24 10:34:26,14100.2,0
2021-05-24 10:34:27,14100.25,0
2021-05-24 10:34:28,14099.0,0
2021-05-24 10:34:30,14099.65,0
2021-05-24 10:34:31,14097.1,0
2021-05-24 10:34:32,14097.1,0
2021-05-24 10:34:33,14097.8,0
2021-05-24 10:34:34,14099.7,0
2021-05-24 10:34:35,14098.1,0
2021-05-24 10:34:36,14097.3,0
2021-05-24 10:34:39,14095.7,0
2021-05-24 10:34:41,14095.65,0
2021-05-24 10:34:42,14095.15,0
2021-05-24 10:34:43,14094.6,0
2021-05-24 10:34:44,14094.35,0
2021-05-24 10:34:45,14094.85,0
2021-05-24 10:34:47,14094.85,0
2021-05-24 10:34:48,14094.9,0
2021-05-24 10:34:49,14096.4,0
2021-05-24 10:34:51,14095.1,0
2021-05-24 10:34:52,14095.0,0
2021-05-24 10:34:53,14095.25,0
2021-05-24 10:34:55,14095.2,0
2021-05-24 10:34:57,14097.15,0
2021-05-24 10:34:56,14096.05,0
2021-05-24 10:34:59,14097.1,0
2021-05-24 10:35:00,14096.9,0
2021-05-24 10:35:01,14096.45,0
2021-05-24 10:35:02,14095.2,0
2021-05-24 10:35:03,14095.6,0
2021-05-24 10:35:04,14095.05,0
2021-05-24 10:35:05,14094.3,0
2021-05-24 10:35:06,14094.3,0
2021-05-24 10:35:08,14096.4,0
2021-05-24 10:35:09,14094.75,0
2021-05-24 10:35:10,14095.0,0
2021-05-24 10:35:11,14095.5,0
2021-05-24 10:35:12,14095.35,0
2021-05-24 10:35:13,14095.55,0
2021-05-24 10:35:14,14096.2,0
2021-05-24 10:35:15,14095.65,0
2021-05-24 10:35:16,14096.35,0
2021-05-24 10:35:17,14095.9,0
2021-05-24 10:35:18,14095.1,0
2021-05-24 10:35:19,14095.3,0
2021-05-24 10:35:20,14095.85,0
2021-05-24 10:35:21,14095.9,0
2021-05-24 10:35:22,14096.4,0
2021-05-24 10:35:23,14095.85,0
2021-05-24 10:35:24,14096.35,0
2021-05-24 10:35:25,14097.5,0
2021-05-24 10:35:26,14097.0,0
2021-05-24 10:35:27,14097.15,0
2021-05-24 10:35:28,14097.0,0
2021-05-24 10:35:29,14097.1,0
2021-05-24 10:35:30,14096.75,0
2021-05-24 10:35:31,14095.7,0
2021-05-24 10:35:32,14096.4,0
2021-05-24 10:35:34,14096.1,0
2021-05-24 10:35:35,14096.5,0
2021-05-24 10:35:36,14098.2,0
2021-05-24 10:35:38,14096.95,0
2021-05-24 10:35:39,14096.35,0
2021-05-24 10:35:40,14097.35,0
2021-05-24 10:35:41,14097.05,0
2021-05-24 10:35:42,14096.45,0
2021-05-24 10:35:43,14095.35,0
2021-05-24 10:35:44,14094.8,0
2021-05-24 10:35:45,14094.25,0
2021-05-24 10:35:47,14094.6,0
2021-05-24 10:35:49,14094.1,0
2021-05-24 10:35:50,14095.55,0
2021-05-24 10:35:51,14094.55,0
2021-05-24 10:35:52,14094.9,0
2021-05-24 10:35:53,14094.0,0
2021-05-24 10:35:54,14094.3,0
2021-05-24 10:35:55,14094.3,0
2021-05-24 10:35:56,14094.3,0
2021-05-24 10:35:57,14093.25,0
2021-05-24 10:35:58,14095.0,0
2021-05-24 10:36:00,14095.05,0
2021-05-24 10:36:01,14093.45,0
2021-05-24 10:36:02,14092.65,0
2021-05-24 10:36:03,14093.6,0
2021-05-24 10:36:04,14094.55,0
2021-05-24 10:36:05,14094.55,0
2021-05-24 10:36:06,14095.25,0
2021-05-24 10:36:07,14095.8,0
2021-05-24 10:36:09,14096.25,0
2021-05-24 10:36:11,14093.2,0
2021-05-24 10:36:12,14092.2,0
2021-05-24 10:36:13,14092.3,0
2021-05-24 10:36:14,14091.85,0
2021-05-24 10:36:15,14091.6,0
2021-05-24 10:36:16,14093.2,0
2021-05-24 10:36:17,14092.1,0
2021-05-24 10:36:19,14092.9,0
2021-05-24 10:36:20,14091.95,0
2021-05-24 10:36:21,14091.3,0
2021-05-24 10:36:22,14092.0,0
2021-05-24 10:36:23,14091.7,0
2021-05-24 10:36:24,14090.65,0
2021-05-24 10:36:25,14091.6,0
2021-05-24 10:36:26,14092.35,0
2021-05-24 10:36:28,14090.15,0
2021-05-24 10:36:29,14093.1,0
2021-05-24 10:36:30,14091.5,0
2021-05-24 10:36:31,14089.55,0
2021-05-24 10:36:32,14090.45,0
2021-05-24 10:36:33,14089.65,0
2021-05-24 10:36:35,14087.5,0
2021-05-24 10:36:36,14086.8,0
2021-05-24 10:36:38,14087.35,0
2021-05-24 10:36:39,14086.95,0
2021-05-24 10:36:40,14086.35,0
2021-05-24 10:36:41,14084.55,0
2021-05-24 10:36:42,14083.85,0
2021-05-24 10:36:43,14084.3,0
2021-05-24 10:36:46,14087.45,0
2021-05-24 10:36:47,14087.2,0
2021-05-24 10:36:48,14085.65,0
2021-05-24 10:36:49,14084.05,0
2021-05-24 10:36:52,14084.25,0
2021-05-24 10:36:53,14084.25,0
2021-05-24 10:36:54,14084.45,0
2021-05-24 10:36:55,14085.55,0
2021-05-24 10:36:56,14085.65,0
2021-05-24 10:36:59,14087.25,0
2021-05-24 10:37:00,14085.4,0
2021-05-24 10:37:02,14086.1,0
2021-05-24 10:37:04,14084.75,0
2021-05-24 10:37:08,14087.05,0
2021-05-24 10:37:09,14084.0,0
2021-05-24 10:37:10,14084.0,0
2021-05-24 10:37:11,14082.9,0
2021-05-24 10:37:12,14084.95,0
2021-05-24 10:37:13,14085.1,0
2021-05-24 10:37:14,14085.5,0
2021-05-24 10:37:16,14088.5,0
2021-05-24 10:37:18,14088.4,0
2021-05-24 10:37:19,14088.3,0
2021-05-24 10:37:20,14086.65,0
2021-05-24 10:37:21,14087.15,0
2021-05-24 10:37:23,14085.65,0
2021-05-24 10:37:24,14086.05,0
2021-05-24 10:37:25,14086.8,0
2021-05-24 10:37:26,14087.65,0
2021-05-24 10:37:27,14088.45,0
2021-05-24 10:37:28,14087.3,0
2021-05-24 10:37:29,14087.7,0
2021-05-24 10:37:31,14086.75,0
2021-05-24 10:37:32,14088.0,0
2021-05-24 10:37:33,14088.5,0
2021-05-24 10:37:34,14089.25,0
2021-05-24 10:37:35,14088.4,0
2021-05-24 10:37:36,14087.55,0
2021-05-24 10:37:37,14087.6,0
2021-05-24 10:37:38,14088.6,0
2021-05-24 10:37:39,14088.15,0
2021-05-24 10:37:40,14089.65,0
2021-05-24 10:37:41,14088.45,0
2021-05-24 10:37:42,14088.95,0
2021-05-24 10:37:43,14089.5,0
2021-05-24 10:37:44,14089.0,0
2021-05-24 10:37:45,14089.1,0
2021-05-24 10:37:46,14088.95,0
2021-05-24 10:37:48,14092.25,0
2021-05-24 10:37:49,14092.35,0
2021-05-24 10:37:50,14092.35,0
2021-05-24 10:37:51,14091.3,0
2021-05-24 10:37:52,14091.25,0
2021-05-24 10:37:53,14090.6,0
2021-05-24 10:37:54,14089.5,0
2021-05-24 10:37:55,14089.0,0
2021-05-24 10:37:56,14090.0,0
2021-05-24 10:37:57,14091.05,0
2021-05-24 10:37:58,14091.2,0
2021-05-24 10:38:00,14092.95,0
2021-05-24 10:38:01,14091.65,0
2021-05-24 10:38:02,14090.95,0
2021-05-24 10:38:03,14090.95,0
2021-05-24 10:38:04,14091.2,0
2021-05-24 10:38:05,14091.05,0
2021-05-24 10:38:07,14092.05,0
2021-05-24 10:38:08,14091.85,0
2021-05-24 10:38:09,14092.3,0
2021-05-24 10:38:10,14092.3,0
2021-05-24 10:38:11,14092.05,0
2021-05-24 10:38:12,14092.4,0
2021-05-24 10:38:14,14093.5,0
2021-05-24 10:38:15,14093.2,0
2021-05-24 10:38:16,14093.5,0
2021-05-24 10:38:17,14092.3,0
2021-05-24 10:38:18,14089.65,0
2021-05-24 10:38:19,14089.85,0
2021-05-24 10:38:20,14088.8,0
2021-05-24 10:38:22,14088.6,0
2021-05-24 10:38:24,14089.15,0
2021-05-24 10:38:25,14090.75,0
2021-05-24 10:38:26,14090.4,0
2021-05-24 10:38:27,14090.7,0
2021-05-24 10:38:28,14089.2,0
2021-05-24 10:38:29,14089.1,0
2021-05-24 10:38:30,14089.9,0
2021-05-24 10:38:31,14088.7,0
2021-05-24 10:38:34,14088.9,0
2021-05-24 10:38:35,14088.8,0
2021-05-24 10:38:36,14089.6,0
2021-05-24 10:38:37,14090.25,0
2021-05-24 10:38:38,14090.05,0
2021-05-24 10:38:39,14090.45,0
2021-05-24 10:38:40,14090.45,0
2021-05-24 10:38:41,14090.45,0
2021-05-24 10:38:42,14090.55,0
2021-05-24 10:38:43,14088.95,0
2021-05-24 10:38:44,14090.05,0
2021-05-24 10:38:45,14089.75,0
2021-05-24 10:38:48,14089.65,0
2021-05-24 10:38:49,14091.9,0
2021-05-24 10:38:50,14091.6,0
2021-05-24 10:38:51,14091.9,0
2021-05-24 10:38:53,14091.35,0
2021-05-24 10:38:55,14089.9,0
2021-05-24 10:38:56,14089.9,0
2021-05-24 10:38:57,14089.7,0
2021-05-24 10:38:58,14088.95,0
2021-05-24 10:38:59,14089.5,0
2021-05-24 10:39:00,14089.7,0
2021-05-24 10:39:01,14089.5,0
2021-05-24 10:39:02,14090.2,0
2021-05-24 10:39:04,14090.45,0
2021-05-24 10:39:06,14091.2,0
2021-05-24 10:39:07,14091.5,0
2021-05-24 10:39:08,14091.85,0
2021-05-24 10:39:10,14092.0,0
2021-05-24 10:39:11,14091.35,0
2021-05-24 10:39:12,14090.85,0
2021-05-24 10:39:13,14091.55,0
2021-05-24 10:39:14,14091.85,0
2021-05-24 10:39:15,14091.45,0
2021-05-24 10:39:17,14091.0,0
2021-05-24 10:39:18,14093.05,0
2021-05-24 10:39:19,14092.15,0
2021-05-24 10:39:21,14092.6,0
2021-05-24 10:39:22,14091.1,0
2021-05-24 10:39:23,14091.7,0
2021-05-24 10:39:24,14091.75,0
2021-05-24 10:39:25,14091.8,0
2021-05-24 10:39:26,14091.15,0
2021-05-24 10:39:28,14092.1,0
2021-05-24 10:39:29,14092.1,0
2021-05-24 10:39:31,14091.9,0
2021-05-24 10:39:32,14091.55,0
2021-05-24 10:39:33,14090.3,0
2021-05-24 10:39:34,14091.3,0
2021-05-24 10:39:35,14091.65,0
2021-05-24 10:39:36,14091.6,0
2021-05-24 10:39:37,14090.25,0
2021-05-24 10:39:38,14090.5,0
2021-05-24 10:39:40,14089.35,0
2021-05-24 10:39:42,14090.2,0
2021-05-24 10:39:43,14090.4,0
2021-05-24 10:39:44,14090.15,0
2021-05-24 10:39:45,14089.8,0
2021-05-24 10:39:46,14091.05,0
2021-05-24 10:39:47,14090.55,0
2021-05-24 10:39:48,14091.75,0
2021-05-24 10:39:49,14091.75,0
2021-05-24 10:39:50,14091.25,0
2021-05-24 10:39:51,14091.15,0
2021-05-24 10:39:53,14089.8,0
2021-05-24 10:39:54,14089.9,0
2021-05-24 10:39:55,14088.8,0
2021-05-24 10:39:56,14088.8,0
2021-05-24 10:39:57,14089.65,0
2021-05-24 10:39:58,14091.0,0
2021-05-24 10:39:59,14090.55,0
2021-05-24 10:40:00,14088.75,0
2021-05-24 10:40:01,14088.75,0
2021-05-24 10:40:03,14088.35,0
2021-05-24 10:40:04,14088.9,0
2021-05-24 10:40:05,14088.45,0
2021-05-24 10:40:06,14087.25,0
2021-05-24 10:40:08,14090.45,0
2021-05-24 10:40:10,14090.35,0
2021-05-24 10:40:11,14090.8,0
2021-05-24 10:40:12,14090.2,0
2021-05-24 10:40:13,14090.1,0
2021-05-24 10:40:14,14090.2,0
2021-05-24 10:40:15,14090.3,0
2021-05-24 10:40:16,14089.95,0
2021-05-24 10:40:17,14089.75,0
2021-05-24 10:40:18,14088.9,0
2021-05-24 10:40:19,14087.85,0
2021-05-24 10:40:20,14087.55,0
2021-05-24 10:40:21,14086.85,0
2021-05-24 10:40:22,14086.7,0
2021-05-24 10:40:23,14087.55,0
2021-05-24 10:40:24,14088.35,0
2021-05-24 10:40:26,14087.55,0
2021-05-24 10:40:27,14088.8,0
2021-05-24 10:40:28,14088.75,0
2021-05-24 10:40:29,14087.7,0
2021-05-24 10:40:30,14087.55,0
2021-05-24 10:40:31,14085.7,0
2021-05-24 10:40:32,14082.5,0
2021-05-24 10:40:33,14082.8,0
2021-05-24 10:40:34,14083.4,0
2021-05-24 10:40:35,14083.4,0
2021-05-24 10:40:36,14082.95,0
2021-05-24 10:40:39,14085.05,0
2021-05-24 10:40:40,14083.6,0
2021-05-24 10:40:43,14082.65,0
2021-05-24 10:40:44,14083.3,0
2021-05-24 10:40:45,14084.0,0
2021-05-24 10:40:46,14083.7,0
2021-05-24 10:40:47,14082.55,0
2021-05-24 10:40:48,14084.25,0
2021-05-24 10:40:49,14081.4,0
2021-05-24 10:40:50,14081.55,0
2021-05-24 10:40:51,14082.1,0
2021-05-24 10:40:52,14081.8,0
2021-05-24 10:40:53,14081.35,0
2021-05-24 10:40:55,14079.7,0
2021-05-24 10:40:56,14081.25,0
2021-05-24 10:40:57,14081.05,0
2021-05-24 10:40:59,14080.2,0
2021-05-24 10:41:01,14080.45,0
2021-05-24 10:41:02,14080.1,0
2021-05-24 10:41:03,14079.4,0
2021-05-24 10:41:04,14077.55,0
2021-05-24 10:41:05,14077.75,0
2021-05-24 10:41:07,14076.4,0
2021-05-24 10:41:08,14077.7,0
2021-05-24 10:41:09,14079.35,0
2021-05-24 10:41:10,14078.55,0
2021-05-24 10:41:11,14077.7,0
2021-05-24 10:41:12,14078.7,0
2021-05-24 10:41:13,14080.1,0
2021-05-24 10:41:14,14079.2,0
2021-05-24 10:41:16,14076.7,0
2021-05-24 10:41:17,14079.6,0
2021-05-24 10:41:18,14079.5,0
2021-05-24 10:41:19,14080.65,0
2021-05-24 10:41:20,14079.7,0
2021-05-24 10:41:21,14080.75,0
2021-05-24 10:41:22,14082.3,0
2021-05-24 10:41:23,14082.5,0
2021-05-24 10:41:26,14082.3,0
2021-05-24 10:41:27,14081.95,0
2021-05-24 10:41:28,14081.65,0
2021-05-24 10:41:29,14081.9,0
2021-05-24 10:41:30,14081.2,0
2021-05-24 10:41:31,14081.1,0
2021-05-24 10:41:32,14081.5,0
2021-05-24 10:41:34,14082.6,0
2021-05-24 10:41:36,14082.45,0
2021-05-24 10:41:37,14083.15,0
2021-05-24 10:41:38,14083.3,0
2021-05-24 10:41:39,14082.95,0
2021-05-24 10:41:40,14081.85,0
2021-05-24 10:41:41,14080.5,0
2021-05-24 10:41:42,14080.0,0
2021-05-24 10:41:43,14080.4,0
2021-05-24 10:41:45,14080.3,0
2021-05-24 10:41:46,14080.4,0
2021-05-24 10:41:47,14081.5,0
2021-05-24 10:41:48,14081.8,0
2021-05-24 10:41:49,14080.0,0
2021-05-24 10:41:51,14081.15,0
2021-05-24 10:41:52,14080.45,0
2021-05-24 10:41:53,14080.1,0
2021-05-24 10:41:54,14080.65,0
2021-05-24 10:41:56,14081.55,0
2021-05-24 10:41:57,14081.35,0
2021-05-24 10:41:59,14082.3,0
2021-05-24 10:42:00,14083.7,0
2021-05-24 10:42:01,14082.8,0
2021-05-24 10:42:02,14082.65,0
2021-05-24 10:42:04,14082.75,0
2021-05-24 10:42:06,14084.35,0
2021-05-24 10:42:07,14085.35,0
2021-05-24 10:42:09,14084.65,0
2021-05-24 10:42:10,14083.95,0
2021-05-24 10:42:11,14084.15,0
2021-05-24 10:42:12,14083.9,0
2021-05-24 10:42:13,14083.1,0
2021-05-24 10:42:14,14083.2,0
2021-05-24 10:42:15,14084.3,0
2021-05-24 10:42:16,14083.85,0
2021-05-24 10:42:17,14083.25,0
2021-05-24 10:42:18,14084.8,0
2021-05-24 10:42:19,14084.45,0
2021-05-24 10:42:21,14084.5,0
2021-05-24 10:42:22,14084.8,0
2021-05-24 10:42:23,14084.55,0
2021-05-24 10:42:24,14084.3,0
2021-05-24 10:42:25,14086.7,0
2021-05-24 10:42:26,14086.85,0
2021-05-24 10:42:27,14087.05,0
2021-05-24 10:42:28,14086.6,0
2021-05-24 10:42:29,14087.5,0
2021-05-24 10:42:30,14086.85,0
2021-05-24 10:42:31,14086.9,0
2021-05-24 10:42:32,14087.05,0
2021-05-24 10:42:33,14087.6,0
2021-05-24 10:42:34,14088.25,0
2021-05-24 10:42:35,14087.55,0
2021-05-24 10:42:36,14088.15,0
2021-05-24 10:42:37,14087.3,0
2021-05-24 10:42:38,14087.85,0
2021-05-24 10:42:40,14086.3,0
2021-05-24 10:42:41,14086.3,0
2021-05-24 10:42:42,14085.65,0
2021-05-24 10:42:44,14086.65,0
2021-05-24 10:42:45,14085.25,0
2021-05-24 10:42:46,14085.0,0
2021-05-24 10:42:47,14085.7,0
2021-05-24 10:42:48,14085.35,0
2021-05-24 10:42:49,14086.15,0
2021-05-24 10:42:50,14086.25,0
