timestamp,ltp,volume
2021-05-24 13:58:34,15194.6,0
2021-05-24 13:58:36,15193.85,0
2021-05-24 13:58:37,15194.15,0
2021-05-24 13:58:38,15194.0,0
2021-05-24 13:58:39,15194.05,0
2021-05-24 13:58:40,15194.2,0
2021-05-24 13:58:41,15195.75,0
2021-05-24 13:58:42,15195.95,0
2021-05-24 13:58:43,15196.45,0
2021-05-24 13:58:45,15196.35,0
2021-05-24 13:58:46,15196.6,0
2021-05-24 13:58:47,15196.65,0
2021-05-24 13:58:49,15197.35,0
2021-05-24 13:58:50,15197.15,0
2021-05-24 13:58:51,15197.35,0
2021-05-24 13:58:52,15197.45,0
2021-05-24 13:58:53,15196.9,0
2021-05-24 13:58:54,15198.05,0
2021-05-24 13:58:55,15198.5,0
2021-05-24 13:58:56,15198.2,0
2021-05-24 13:58:57,15199.0,0
2021-05-24 13:58:58,15199.1,0
2021-05-24 13:59:00,15199.15,0
2021-05-24 13:59:01,15200.25,0
2021-05-24 13:59:02,15199.25,0
2021-05-24 13:59:03,15199.75,0
2021-05-24 13:59:04,15199.35,0
2021-05-24 13:59:05,15199.85,0
2021-05-24 13:59:06,15200.0,0
2021-05-24 13:59:07,15199.55,0
2021-05-24 13:59:08,15200.7,0
2021-05-24 13:59:09,15200.7,0
2021-05-24 13:59:11,15200.55,0
2021-05-24 13:59:12,15200.7,0
2021-05-24 13:59:13,15202.7,0
2021-05-24 13:59:14,15204.0,0
2021-05-24 13:59:15,15204.05,0
2021-05-24 13:59:16,15205.5,0
2021-05-24 13:59:19,15206.1,0
2021-05-24 13:59:21,15205.7,0
2021-05-24 13:59:22,15205.15,0
2021-05-24 13:59:25,15205.3,0
2021-05-24 13:59:26,15204.65,0
2021-05-24 13:59:28,15205.2,0
2021-05-24 13:59:29,15205.6,0
2021-05-24 13:59:31,15205.65,0
2021-05-24 13:59:32,15205.75,0
2021-05-24 13:59:33,15205.5,0
2021-05-24 13:59:34,15205.95,0
2021-05-24 13:59:35,15205.95,0
2021-05-24 13:59:36,15205.2,0
2021-05-24 13:59:37,15206.45,0
2021-05-24 13:59:39,15206.0,0
2021-05-24 13:59:40,15207.7,0
2021-05-24 13:59:41,15206.85,0
2021-05-24 13:59:42,15206.2,0
2021-05-24 13:59:43,15206.75,0
2021-05-24 13:59:44,15206.55,0
2021-05-24 13:59:45,15208.5,0
2021-05-24 13:59:46,15208.2,0
2021-05-24 13:59:47,15207.85,0
2021-05-24 13:59:48,15209.25,0
2021-05-24 13:59:49,15209.15,0
2021-05-24 13:59:50,15209.0,0
2021-05-24 13:59:51,15209.0,0
2021-05-24 13:59:52,15208.4,0
2021-05-24 13:59:53,15210.35,0
2021-05-24 13:59:54,15209.9,0
2021-05-24 13:59:55,15209.85,0
2021-05-24 13:59:56,15209.65,0
2021-05-24 13:59:57,15209.3,0
2021-05-24 13:59:58,15210.65,0
2021-05-24 13:59:59,15210.95,0
2021-05-24 14:00:00,15211.0,0
2021-05-24 14:00:01,15212.3,0
2021-05-24 14:00:03,15212.45,0
2021-05-24 14:00:04,15212.95,0
2021-05-24 14:00:05,15213.65,0
2021-05-24 14:00:06,15212.95,0
2021-05-24 14:00:08,15213.65,0
2021-05-24 14:00:09,15215.35,0
2021-05-24 14:00:11,15215.8,0
2021-05-24 14:00:12,15215.45,0
2021-05-24 14:00:13,15216.35,0
2021-05-24 14:00:14,15215.4,0
2021-05-24 14:00:15,15214.9,0
2021-05-24 14:00:16,15215.5,0
2021-05-24 14:00:17,15214.2,0
2021-05-24 14:00:18,15213.8,0
2021-05-24 14:00:19,15214.8,0
2021-05-24 14:00:20,15214.65,0
2021-05-24 14:00:21,15214.1,0
2021-05-24 14:00:22,15214.8,0
2021-05-24 14:00:23,15212.85,0
2021-05-24 14:00:24,15213.55,0
2021-05-24 14:00:25,15213.2,0
2021-05-24 14:00:26,15212.7,0
2021-05-24 14:00:27,15212.45,0
2021-05-24 14:00:28,15212.2,0
2021-05-24 14:00:29,15211.55,0
2021-05-24 14:00:30,15210.2,0
2021-05-24 14:00:32,15210.55,0
2021-05-24 14:00:34,15207.2,0
2021-05-24 14:00:36,15206.7,0
2021-05-24 14:00:38,15206.25,0
2021-05-24 14:00:39,15206.1,0
2021-05-24 14:00:40,15207.05,0
2021-05-24 14:00:41,15207.25,0
2021-05-24 14:00:42,15207.75,0
2021-05-24 14:00:43,15208.05,0
2021-05-24 14:00:44,15207.25,0
2021-05-24 14:00:45,15207.2,0
2021-05-24 14:00:46,15206.7,0
2021-05-24 14:00:47,15206.45,0
2021-05-24 14:00:48,15206.55,0
2021-05-24 14:00:49,15207.9,0
2021-05-24 14:00:50,15207.75,0
2021-05-24 14:00:51,15207.95,0
2021-05-24 14:00:52,15207.35,0
2021-05-24 14:00:53,15207.2,0
2021-05-24 14:00:55,15207.35,0
2021-05-24 14:00:56,15207.05,0
2021-05-24 14:00:57,15206.9,0
2021-05-24 14:00:58,15207.6,0
2021-05-24 14:00:59,15207.15,0
2021-05-24 14:01:00,15207.95,0
2021-05-24 14:01:01,15207.55,0
2021-05-24 14:01:02,15207.55,0
2021-05-24 14:01:03,15207.6,0
2021-05-24 14:01:04,15206.5,0
2021-05-24 14:01:05,15206.85,0
2021-05-24 14:01:06,15207.35,0
2021-05-24 14:01:07,15207.6,0
2021-05-24 14:01:08,15206.95,0
2021-05-24 14:01:09,15207.1,0
2021-05-24 14:01:10,15206.55,0
2021-05-24 14:01:11,15206.7,0
2021-05-24 14:01:12,15206.3,0
2021-05-24 14:01:13,15206.55,0
2021-05-24 14:01:14,15207.35,0
2021-05-24 14:01:15,15207.2,0
2021-05-24 14:01:16,15207.65,0
2021-05-24 14:01:17,15207.1,0
2021-05-24 14:01:18,15206.55,0
2021-05-24 14:01:20,15206.85,0
2021-05-24 14:01:21,15206.8,0
2021-05-24 14:01:23,15206.15,0
2021-05-24 14:01:24,15206.5,0
2021-05-24 14:01:25,15207.0,0
2021-05-24 14:01:26,15206.0,0
2021-05-24 14:01:28,15205.0,0
2021-05-24 14:01:29,15205.5,0
2021-05-24 14:01:30,15204.6,0
2021-05-24 14:01:31,15204.5,0
2021-05-24 14:01:32,15204.2,0
2021-05-24 14:01:34,15205.3,0
2021-05-24 14:01:35,15204.65,0
2021-05-24 14:01:36,15204.5,0
2021-05-24 14:01:37,15204.4,0
2021-05-24 14:01:38,15204.5,0
2021-05-24 14:01:39,15205.05,0
2021-05-24 14:01:40,15204.85,0
2021-05-24 14:01:41,15204.75,0
2021-05-24 14:01:42,15204.65,0
2021-05-24 14:01:43,15205.1,0
2021-05-24 14:01:45,15204.65,0
2021-05-24 14:01:46,15204.4,0
2021-05-24 14:01:47,15204.15,0
2021-05-24 14:01:48,15203.95,0
2021-05-24 14:01:49,15203.9,0
2021-05-24 14:01:51,15203.85,0
2021-05-24 14:01:53,15203.8,0
2021-05-24 14:01:54,15203.85,0
2021-05-24 14:01:55,15203.5,0
2021-05-24 14:01:56,15203.45,0
2021-05-24 14:01:57,15203.7,0
2021-05-24 14:01:58,15203.1,0
2021-05-24 14:01:59,15203.1,0
2021-05-24 14:02:00,15202.4,0
2021-05-24 14:02:01,15202.45,0
2021-05-24 14:02:02,15201.95,0
2021-05-24 14:02:04,15202.7,0
2021-05-24 14:02:05,15202.4,0
2021-05-24 14:02:06,15201.95,0
2021-05-24 14:02:07,15202.1,0
2021-05-24 14:02:08,15201.75,0
2021-05-24 14:02:09,15202.4,0
2021-05-24 14:02:10,15202.9,0
2021-05-24 14:02:11,15202.55,0
2021-05-24 14:02:12,15202.25,0
2021-05-24 14:02:13,15202.0,0
2021-05-24 14:02:14,15201.6,0
2021-05-24 14:02:15,15201.4,0
2021-05-24 14:02:16,15201.15,0
2021-05-24 14:02:17,15201.45,0
2021-05-24 14:02:18,15201.35,0
2021-05-24 14:02:19,15201.25,0
2021-05-24 14:02:20,15200.55,0
2021-05-24 14:02:22,15200.35,0
2021-05-24 14:02:23,15200.8,0
2021-05-24 14:02:24,15200.9,0
2021-05-24 14:02:25,15200.5,0
2021-05-24 14:02:26,15200.45,0
2021-05-24 14:02:27,15200.85,0
2021-05-24 14:02:28,15201.35,0
2021-05-24 14:02:29,15201.2,0
2021-05-24 14:02:30,15201.0,0
2021-05-24 14:02:31,15200.85,0
2021-05-24 14:02:32,15201.4,0
2021-05-24 14:02:33,15201.6,0
2021-05-24 14:02:34,15201.2,0
2021-05-24 14:02:36,15199.3,0
2021-05-24 14:02:37,15201.35,0
2021-05-24 14:02:38,15200.7,0
2021-05-24 14:02:40,15200.4,0
2021-05-24 14:02:41,15200.65,0
2021-05-24 14:02:42,15200.35,0
2021-05-24 14:02:43,15200.35,0
2021-05-24 14:02:44,15200.2,0
2021-05-24 14:02:46,15198.45,0
2021-05-24 14:02:47,15197.75,0
2021-05-24 14:02:48,15198.0,0
2021-05-24 14:02:49,15197.7,0
2021-05-24 14:02:50,15197.8,0
2021-05-24 14:02:51,15198.15,0
2021-05-24 14:02:52,15197.7,0
2021-05-24 14:02:53,15198.35,0
2021-05-24 14:02:54,15198.3,0
2021-05-24 14:02:55,15199.45,0
2021-05-24 14:02:56,15198.9,0
2021-05-24 14:02:57,15198.95,0
2021-05-24 14:02:58,15198.9,0
2021-05-24 14:02:59,15199.05,0
2021-05-24 14:03:00,15198.95,0
2021-05-24 14:03:01,15199.3,0
2021-05-24 14:03:02,15199.55,0
2021-05-24 14:03:03,15199.2,0
2021-05-24 14:03:04,15200.35,0
2021-05-24 14:03:05,15200.15,0
2021-05-24 14:03:06,15199.45,0
2021-05-24 14:03:07,15199.7,0
2021-05-24 14:03:08,15198.55,0
2021-05-24 14:03:09,15198.6,0
2021-05-24 14:03:10,15198.35,0
2021-05-24 14:03:11,15198.2,0
2021-05-24 14:03:12,15198.15,0
2021-05-24 14:03:14,15198.1,0
2021-05-24 14:03:16,15198.25,0
2021-05-24 14:03:17,15198.3,0
2021-05-24 14:03:18,15198.05,0
2021-05-24 14:03:19,15198.55,0
2021-05-24 14:03:20,15198.5,0
2021-05-24 14:03:21,15198.85,0
2021-05-24 14:03:22,15199.45,0
2021-05-24 14:03:23,15198.85,0
2021-05-24 14:03:24,15199.0,0
2021-05-24 14:03:25,15199.1,0
2021-05-24 14:03:26,15198.65,0
2021-05-24 14:03:27,15199.05,0
2021-05-24 14:03:28,15198.6,0
2021-05-24 14:03:29,15198.25,0
2021-05-24 14:03:30,15198.5,0
2021-05-24 14:03:31,15199.15,0
2021-05-24 14:03:32,15198.3,0
2021-05-24 14:03:33,15198.25,0
2021-05-24 14:03:34,15198.25,0
2021-05-24 14:03:35,15198.15,0
2021-05-24 14:03:36,15198.2,0
2021-05-24 14:03:37,15198.55,0
2021-05-24 14:03:38,15199.2,0
2021-05-24 14:03:39,15199.15,0
2021-05-24 14:03:40,15199.7,0
2021-05-24 14:03:41,15199.4,0
2021-05-24 14:03:42,15199.6,0
2021-05-24 14:03:43,15199.35,0
2021-05-24 14:03:44,15199.25,0
2021-05-24 14:03:45,15198.9,0
2021-05-24 14:03:46,15199.45,0
2021-05-24 14:03:47,15199.25,0
2021-05-24 14:03:48,15199.65,0
2021-05-24 14:03:49,15199.65,0
2021-05-24 14:03:50,15199.45,0
2021-05-24 14:03:51,15199.15,0
2021-05-24 14:03:53,15199.1,0
2021-05-24 14:03:54,15199.0,0
2021-05-24 14:03:55,15199.0,0
2021-05-24 14:03:56,15198.65,0
2021-05-24 14:03:57,15199.25,0
2021-05-24 14:03:58,15199.45,0
2021-05-24 14:03:59,15199.35,0
2021-05-24 14:04:00,15198.1,0
2021-05-24 14:04:03,15198.05,0
2021-05-24 14:04:04,15198.25,0
2021-05-24 14:04:05,15196.6,0
2021-05-24 14:04:06,15196.85,0
2021-05-24 14:04:07,15197.85,0
2021-05-24 14:04:08,15197.05,0
2021-05-24 14:04:09,15197.2,0
2021-05-24 14:04:10,15197.6,0
2021-05-24 14:04:13,15197.15,0
2021-05-24 14:04:14,15196.95,0
2021-05-24 14:04:15,15196.6,0
2021-05-24 14:04:16,15196.9,0
2021-05-24 14:04:17,15197.1,0
2021-05-24 14:04:18,15197.15,0
2021-05-24 14:04:20,15197.5,0
2021-05-24 14:04:21,15198.4,0
2021-05-24 14:04:23,15198.4,0
2021-05-24 14:04:24,15198.9,0
2021-05-24 14:04:25,15199.25,0
2021-05-24 14:04:26,15198.65,0
2021-05-24 14:04:27,15198.25,0
2021-05-24 14:04:28,15198.9,0
2021-05-24 14:04:29,15199.3,0
2021-05-24 14:04:30,15198.9,0
2021-05-24 14:04:31,15199.5,0
2021-05-24 14:04:32,15199.1,0
2021-05-24 14:04:33,15199.75,0
2021-05-24 14:04:34,15200.0,0
2021-05-24 14:04:35,15199.55,0
2021-05-24 14:04:36,15198.85,0
2021-05-24 14:04:37,15198.8,0
2021-05-24 14:04:38,15198.0,0
2021-05-24 14:04:39,15199.05,0
2021-05-24 14:04:40,15199.15,0
2021-05-24 14:04:41,15198.75,0
2021-05-24 14:04:42,15198.55,0
2021-05-24 14:04:43,15199.05,0
2021-05-24 14:04:44,15198.75,0
2021-05-24 14:04:45,15198.6,0
2021-05-24 14:04:46,15198.25,0
2021-05-24 14:04:47,15198.75,0
2021-05-24 14:04:48,15198.0,0
2021-05-24 14:04:49,15198.3,0
2021-05-24 14:04:50,15197.9,0
2021-05-24 14:04:51,15198.65,0
2021-05-24 14:04:52,15198.45,0
2021-05-24 14:04:53,15197.85,0
2021-05-24 14:04:54,15198.0,0
2021-05-24 14:04:55,15198.2,0
2021-05-24 14:04:56,15197.8,0
2021-05-24 14:04:57,15197.1,0
2021-05-24 14:04:58,15196.6,0
2021-05-24 14:04:59,15197.2,0
2021-05-24 14:05:01,15197.5,0
2021-05-24 14:05:02,15196.5,0
2021-05-24 14:05:03,15196.4,0
2021-05-24 14:05:04,15196.75,0
2021-05-24 14:05:05,15196.95,0
2021-05-24 14:05:06,15195.9,0
2021-05-24 14:05:07,15196.15,0
2021-05-24 14:05:08,15196.05,0
2021-05-24 14:05:09,15195.65,0
2021-05-24 14:05:11,15196.6,0
2021-05-24 14:05:12,15196.65,0
2021-05-24 14:05:13,15196.45,0
2021-05-24 14:05:14,15196.35,0
2021-05-24 14:05:15,15196.45,0
2021-05-24 14:05:16,15196.15,0
2021-05-24 14:05:17,15196.55,0
2021-05-24 14:05:19,15197.2,0
2021-05-24 14:05:20,15196.6,0
2021-05-24 14:05:21,15196.45,0
2021-05-24 14:05:22,15196.25,0
2021-05-24 14:05:23,15196.2,0
2021-05-24 14:05:24,15195.4,0
2021-05-24 14:05:26,15194.8,0
2021-05-24 14:05:27,15195.1,0
2021-05-24 14:05:28,15195.5,0
2021-05-24 14:05:29,15194.95,0
2021-05-24 14:05:30,15194.25,0
2021-05-24 14:05:31,15194.4,0
2021-05-24 14:05:32,15194.65,0
2021-05-24 14:05:33,15194.55,0
2021-05-24 14:05:34,15194.25,0
2021-05-24 14:05:35,15194.4,0
2021-05-24 14:05:37,15195.1,0
2021-05-24 14:05:38,15194.9,0
2021-05-24 14:05:39,15194.6,0
2021-05-24 14:05:40,15194.25,0
2021-05-24 14:05:41,15194.6,0
2021-05-24 14:05:42,15194.35,0
2021-05-24 14:05:43,15194.4,0
2021-05-24 14:05:44,15194.5,0
2021-05-24 14:05:46,15194.95,0
2021-05-24 14:05:47,15195.05,0
2021-05-24 14:05:48,15193.85,0
2021-05-24 14:05:49,15194.55,0
2021-05-24 14:05:50,15194.55,0
2021-05-24 14:05:51,15194.75,0
2021-05-24 14:05:52,15194.5,0
2021-05-24 14:05:53,15194.75,0
2021-05-24 14:05:54,15194.5,0
2021-05-24 14:05:55,15195.95,0
2021-05-24 14:05:56,15195.6,0
2021-05-24 14:05:57,15194.5,0
2021-05-24 14:05:58,15194.2,0
2021-05-24 14:05:59,15194.65,0
2021-05-24 14:06:00,15195.15,0
2021-05-24 14:06:01,15194.8,0
2021-05-24 14:06:02,15194.6,0
2021-05-24 14:06:03,15194.1,0
2021-05-24 14:06:05,15194.55,0
2021-05-24 14:06:06,15193.4,0
2021-05-24 14:06:07,15193.3,0
2021-05-24 14:06:08,15193.3,0
2021-05-24 14:06:09,15193.5,0
2021-05-24 14:06:10,15193.3,0
2021-05-24 14:06:11,15193.4,0
2021-05-24 14:06:12,15193.35,0
2021-05-24 14:06:13,15194.35,0
2021-05-24 14:06:14,15193.6,0
2021-05-24 14:06:15,15192.5,0
2021-05-24 14:06:16,15193.45,0
2021-05-24 14:06:17,15192.7,0
2021-05-24 14:06:18,15192.3,0
2021-05-24 14:06:19,15192.05,0
2021-05-24 14:06:20,15192.45,0
2021-05-24 14:06:21,15192.85,0
2021-05-24 14:06:22,15193.05,0
2021-05-24 14:06:23,15192.45,0
2021-05-24 14:06:24,15193.4,0
2021-05-24 14:06:25,15193.15,0
2021-05-24 14:06:26,15192.35,0
2021-05-24 14:06:27,15193.4,0
2021-05-24 14:06:28,15192.3,0
2021-05-24 14:06:29,15192.75,0
2021-05-24 14:06:30,15192.85,0
2021-05-24 14:06:31,15193.8,0
2021-05-24 14:06:32,15193.15,0
2021-05-24 14:06:33,15192.75,0
2021-05-24 14:06:34,15193.35,0
2021-05-24 14:06:35,15193.45,0
2021-05-24 14:06:36,15193.4,0
2021-05-24 14:06:37,15193.45,0
2021-05-24 14:06:38,15193.25,0
2021-05-24 14:06:39,15193.0,0
2021-05-24 14:06:40,15193.8,0
2021-05-24 14:06:41,15193.4,0
2021-05-24 14:06:42,15193.6,0
2021-05-24 14:06:43,15193.2,0
2021-05-24 14:06:44,15193.75,0
2021-05-24 14:06:45,15194.3,0
2021-05-24 14:06:46,15194.9,0
2021-05-24 14:06:47,15195.25,0
2021-05-24 14:06:48,15195.15,0
2021-05-24 14:06:49,15196.1,0
2021-05-24 14:06:50,15196.1,0
2021-05-24 14:06:51,15196.1,0
2021-05-24 14:06:52,15196.15,0
2021-05-24 14:06:53,15196.6,0
2021-05-24 14:06:54,15196.05,0
2021-05-24 14:06:55,15196.4,0
2021-05-24 14:06:57,15196.4,0
2021-05-24 14:06:58,15197.45,0
2021-05-24 14:06:59,15197.0,0
2021-05-24 14:07:02,15196.85,0
2021-05-24 14:07:03,15197.1,0
2021-05-24 14:07:04,15197.25,0
2021-05-24 14:07:06,15197.55,0
2021-05-24 14:07:07,15197.95,0
2021-05-24 14:07:10,15195.55,0
2021-05-24 14:07:11,15196.25,0
2021-05-24 14:07:12,15195.9,0
2021-05-24 14:07:13,15195.7,0
2021-05-24 14:07:14,15195.55,0
2021-05-24 14:07:15,15195.85,0
2021-05-24 14:07:16,15196.75,0
2021-05-24 14:07:17,15196.25,0
2021-05-24 14:07:18,15195.6,0
2021-05-24 14:07:19,15195.75,0
2021-05-24 14:07:20,15196.5,0
2021-05-24 14:07:21,15196.4,0
2021-05-24 14:07:22,15196.45,0
2021-05-24 14:07:23,15196.25,0
2021-05-24 14:07:25,15196.5,0
2021-05-24 14:07:26,15195.85,0
2021-05-24 14:07:27,15195.9,0
2021-05-24 14:07:28,15195.3,0
2021-05-24 14:07:29,15194.1,0
2021-05-24 14:07:30,15193.75,0
2021-05-24 14:07:31,15193.65,0
2021-05-24 14:07:32,15192.8,0
2021-05-24 14:07:33,15192.55,0
2021-05-24 14:07:34,15193.3,0
2021-05-24 14:07:35,15193.35,0
2021-05-24 14:07:36,15193.25,0
2021-05-24 14:07:37,15193.55,0
2021-05-24 14:07:38,15194.2,0
2021-05-24 14:07:40,15193.6,0
2021-05-24 14:07:41,15194.65,0
2021-05-24 14:07:44,15194.2,0
2021-05-24 14:07:45,15194.45,0
2021-05-24 14:07:47,15194.8,0
2021-05-24 14:07:48,15194.4,0
2021-05-24 14:07:49,15194.8,0
2021-05-24 14:07:50,15195.25,0
2021-05-24 14:07:51,15195.0,0
2021-05-24 14:07:52,15195.65,0
2021-05-24 14:07:53,15194.1,0
2021-05-24 14:07:54,15194.8,0
2021-05-24 14:07:55,15195.1,0
2021-05-24 14:07:56,15194.8,0
2021-05-24 14:07:57,15195.0,0
2021-05-24 14:07:58,15194.0,0
2021-05-24 14:07:59,15194.45,0
2021-05-24 14:08:00,15194.15,0
2021-05-24 14:08:01,15195.7,0
2021-05-24 14:08:02,15195.15,0
2021-05-24 14:08:03,15194.85,0
2021-05-24 14:08:04,15194.75,0
2021-05-24 14:08:05,15194.8,0
2021-05-24 14:08:06,15193.7,0
2021-05-24 14:08:07,15194.4,0
2021-05-24 14:08:08,15194.7,0
2021-05-24 14:08:09,15194.15,0
2021-05-24 14:08:10,15194.8,0
2021-05-24 14:08:11,15194.6,0
2021-05-24 14:08:13,15194.25,0
2021-05-24 14:08:14,15193.4,0
2021-05-24 14:08:15,15195.0,0
2021-05-24 14:08:16,15194.8,0
2021-05-24 14:08:17,15194.3,0
2021-05-24 14:08:18,15194.35,0
2021-05-24 14:08:19,15195.75,0
2021-05-24 14:08:21,15195.25,0
2021-05-24 14:08:22,15195.2,0
2021-05-24 14:08:24,15194.95,0
2021-05-24 14:08:25,15195.3,0
2021-05-24 14:08:26,15195.05,0
2021-05-24 14:08:27,15195.15,0
2021-05-24 14:08:28,15196.3,0
2021-05-24 14:08:29,15195.65,0
2021-05-24 14:08:30,15195.15,0
2021-05-24 14:08:32,15195.25,0
2021-05-24 14:08:33,15195.65,0
2021-05-24 14:08:34,15196.2,0
2021-05-24 14:08:35,15196.3,0
2021-05-24 14:08:36,15196.15,0
2021-05-24 14:08:39,15196.35,0
2021-05-24 14:08:40,15196.65,0
2021-05-24 14:08:41,15195.7,0
2021-05-24 14:08:42,15196.5,0
2021-05-24 14:08:43,15195.45,0
2021-05-24 14:08:44,15195.2,0
2021-05-24 14:08:45,15195.1,0
2021-05-24 14:08:46,15196.05,0
2021-05-24 14:08:47,15196.45,0
2021-05-24 14:08:49,15195.3,0
2021-05-24 14:08:51,15196.6,0
2021-05-24 14:08:52,15194.85,0
2021-05-24 14:08:53,15194.65,0
2021-05-24 14:08:54,15194.45,0
2021-05-24 14:08:55,15195.55,0
2021-05-24 14:08:56,15194.45,0
2021-05-24 14:08:57,15194.45,0
2021-05-24 14:08:58,15194.0,0
2021-05-24 14:08:59,15194.6,0
2021-05-24 14:09:00,15194.25,0
2021-05-24 14:09:02,15194.45,0
2021-05-24 14:09:03,15194.75,0
2021-05-24 14:09:04,15195.2,0
2021-05-24 14:09:05,15195.35,0
2021-05-24 14:09:06,15194.95,0
2021-05-24 14:09:07,15195.65,0
2021-05-24 14:09:08,15195.3,0
2021-05-24 14:09:09,15195.15,0
2021-05-24 14:09:11,15195.3,0
2021-05-24 14:09:12,15195.6,0
2021-05-24 14:09:13,15196.85,0
2021-05-24 14:09:14,15196.45,0
2021-05-24 14:09:15,15196.75,0
2021-05-24 14:09:16,15195.85,0
2021-05-24 14:09:17,15196.15,0
2021-05-24 14:09:18,15196.35,0
2021-05-24 14:09:19,15196.7,0
2021-05-24 14:09:20,15196.85,0
2021-05-24 14:09:21,15196.85,0
2021-05-24 14:09:22,15197.35,0
2021-05-24 14:09:23,15197.35,0
2021-05-24 14:09:24,15197.8,0
2021-05-24 14:09:25,15197.2,0
2021-05-24 14:09:26,15197.05,0
2021-05-24 14:09:27,15197.6,0
2021-05-24 14:09:28,15197.65,0
2021-05-24 14:09:29,15197.85,0
2021-05-24 14:09:32,15198.6,0
2021-05-24 14:09:31,15199.05,0
2021-05-24 14:09:33,15198.6,0
2021-05-24 14:09:34,15199.2,0
2021-05-24 14:09:35,15199.7,0
2021-05-24 14:09:36,15200.9,0
2021-05-24 14:09:37,15200.45,0
2021-05-24 14:09:38,15200.3,0
2021-05-24 14:09:39,15201.05,0
2021-05-24 14:09:43,15201.25,0
2021-05-24 14:09:44,15201.1,0
2021-05-24 14:09:45,15201.2,0
2021-05-24 14:09:47,15201.35,0
2021-05-24 14:09:48,15201.55,0
2021-05-24 14:09:49,15201.9,0
2021-05-24 14:09:50,15201.65,0
2021-05-24 14:09:51,15202.4,0
2021-05-24 14:09:52,15202.2,0
2021-05-24 14:09:53,15202.2,0
2021-05-24 14:09:54,15202.1,0
2021-05-24 14:09:55,15202.55,0
2021-05-24 14:09:56,15202.4,0
2021-05-24 14:09:57,15202.45,0
2021-05-24 14:09:58,15202.85,0
2021-05-24 14:09:59,15202.8,0
2021-05-24 14:10:00,15202.5,0
2021-05-24 14:10:01,15203.0,0
2021-05-24 14:10:02,15202.85,0
2021-05-24 14:10:03,15202.75,0
2021-05-24 14:10:04,15203.15,0
2021-05-24 14:10:05,15203.15,0
2021-05-24 14:10:06,15202.95,0
2021-05-24 14:10:07,15203.7,0
2021-05-24 14:10:08,15203.55,0
2021-05-24 14:10:09,15203.75,0
2021-05-24 14:10:11,15203.8,0
2021-05-24 14:10:12,15204.1,0
2021-05-24 14:10:13,15203.9,0
2021-05-24 14:10:14,15204.25,0
2021-05-24 14:10:15,15203.75,0
2021-05-24 14:10:16,15203.45,0
2021-05-24 14:10:17,15203.9,0
2021-05-24 14:10:18,15203.15,0
2021-05-24 14:10:19,15204.0,0
2021-05-24 14:10:20,15203.65,0
2021-05-24 14:10:21,15204.35,0
2021-05-24 14:10:23,15204.25,0
2021-05-24 14:10:24,15203.4,0
2021-05-24 14:10:26,15205.15,0
2021-05-24 14:10:27,15205.4,0
2021-05-24 14:10:28,15205.3,0
2021-05-24 14:10:30,15205.85,0
2021-05-24 14:10:31,15205.85,0
2021-05-24 14:10:33,15206.4,0
2021-05-24 14:10:35,15206.65,0
2021-05-24 14:10:36,15205.7,0
2021-05-24 14:10:38,15206.5,0
2021-05-24 14:10:40,15206.5,0
2021-05-24 14:10:41,15207.7,0
2021-05-24 14:10:42,15207.3,0
2021-05-24 14:10:43,15205.85,0
2021-05-24 14:10:44,15204.1,0
2021-05-24 14:10:45,15205.3,0
2021-05-24 14:10:46,15205.3,0
2021-05-24 14:10:47,15206.2,0
2021-05-24 14:10:48,15206.6,0
2021-05-24 14:10:49,15206.55,0
2021-05-24 14:10:50,15206.35,0
2021-05-24 14:10:51,15206.8,0
2021-05-24 14:10:52,15207.2,0
2021-05-24 14:10:54,15205.55,0
2021-05-24 14:10:55,15205.6,0
2021-05-24 14:10:56,15205.35,0
2021-05-24 14:10:57,15205.85,0
2021-05-24 14:10:58,15204.25,0
2021-05-24 14:10:59,15204.0,0
2021-05-24 14:11:00,15203.5,0
2021-05-24 14:11:01,15204.3,0
2021-05-24 14:11:02,15203.7,0
2021-05-24 14:11:03,15203.45,0
2021-05-24 14:11:04,15203.55,0
2021-05-24 14:11:05,15204.4,0
2021-05-24 14:11:06,15203.45,0
2021-05-24 14:11:07,15204.0,0
2021-05-24 14:11:08,15203.7,0
2021-05-24 14:11:10,15205.15,0
2021-05-24 14:11:11,15204.6,0
2021-05-24 14:11:12,15205.0,0
2021-05-24 14:11:14,15204.85,0
2021-05-24 14:11:15,15204.65,0
2021-05-24 14:11:16,15204.7,0
2021-05-24 14:11:17,15204.95,0
2021-05-24 14:11:18,15204.2,0
2021-05-24 14:11:19,15205.9,0
2021-05-24 14:11:20,15205.6,0
2021-05-24 14:11:21,15205.7,0
2021-05-24 14:11:22,15205.55,0
2021-05-24 14:11:23,15205.25,0
2021-05-24 14:11:24,15204.5,0
2021-05-24 14:11:25,15203.4,0
2021-05-24 14:11:26,15203.7,0
2021-05-24 14:11:27,15202.4,0
2021-05-24 14:11:28,15203.1,0
2021-05-24 14:11:29,15201.95,0
2021-05-24 14:11:30,15201.25,0
2021-05-24 14:11:31,15200.05,0
2021-05-24 14:11:32,15199.45,0
2021-05-24 14:11:33,15198.0,0
2021-05-24 14:11:34,15197.65,0
2021-05-24 14:11:35,15197.5,0
2021-05-24 14:11:36,15197.85,0
2021-05-24 14:11:37,15199.3,0
2021-05-24 14:11:38,15199.4,0
2021-05-24 14:11:39,15198.4,0
2021-05-24 14:11:40,15199.15,0
2021-05-24 14:11:41,15199.55,0
2021-05-24 14:11:42,15199.0,0
2021-05-24 14:11:44,15200.15,0
2021-05-24 14:11:45,15200.35,0
2021-05-24 14:11:46,15200.7,0
2021-05-24 14:11:47,15200.0,0
2021-05-24 14:11:48,15200.75,0
2021-05-24 14:11:49,15201.35,0
2021-05-24 14:11:50,15201.45,0
2021-05-24 14:11:51,15202.5,0
2021-05-24 14:11:52,15203.1,0
2021-05-24 14:11:53,15202.15,0
2021-05-24 14:11:54,15202.25,0
2021-05-24 14:11:55,15202.4,0
2021-05-24 14:11:56,15201.45,0
2021-05-24 14:11:57,15201.55,0
2021-05-24 14:11:58,15201.4,0
2021-05-24 14:11:59,15201.25,0
2021-05-24 14:12:00,15201.45,0
2021-05-24 14:12:01,15200.95,0
2021-05-24 14:12:02,15201.55,0
2021-05-24 14:12:03,15201.35,0
2021-05-24 14:12:04,15203.5,0
2021-05-24 14:12:05,15202.95,0
2021-05-24 14:12:07,15203.25,0
2021-05-24 14:12:08,15202.75,0
2021-05-24 14:12:09,15203.35,0
2021-05-24 14:12:10,15203.9,0
2021-05-24 14:12:11,15204.4,0
2021-05-24 14:12:12,15204.0,0
2021-05-24 14:12:13,15205.65,0
2021-05-24 14:12:14,15204.75,0
2021-05-24 14:12:15,15204.35,0
2021-05-24 14:12:16,15203.3,0
2021-05-24 14:12:17,15202.65,0
2021-05-24 14:12:18,15203.25,0
2021-05-24 14:12:19,15203.4,0
2021-05-24 14:12:20,15203.45,0
2021-05-24 14:12:21,15204.4,0
2021-05-24 14:12:22,15204.5,0
2021-05-24 14:12:23,15205.15,0
2021-05-24 14:12:24,15205.0,0
2021-05-24 14:12:25,15204.9,0
2021-05-24 14:12:26,15204.0,0
2021-05-24 14:12:27,15204.9,0
2021-05-24 14:12:28,15205.15,0
2021-05-24 14:12:29,15205.2,0
2021-05-24 14:12:30,15204.95,0
2021-05-24 14:12:31,15205.25,0
2021-05-24 14:12:32,15205.1,0
2021-05-24 14:12:33,15204.55,0
2021-05-24 14:12:34,15204.85,0
2021-05-24 14:12:35,15204.25,0
2021-05-24 14:12:36,15205.0,0
2021-05-24 14:12:37,15205.7,0
2021-05-24 14:12:38,15205.4,0
2021-05-24 14:12:39,15205.65,0
2021-05-24 14:12:40,15206.0,0
2021-05-24 14:12:41,15205.5,0
2021-05-24 14:12:42,15205.8,0
2021-05-24 14:12:44,15205.4,0
2021-05-24 14:12:45,15205.0,0
2021-05-24 14:12:46,15204.9,0
2021-05-24 14:12:47,15205.35,0
2021-05-24 14:12:48,15204.0,0
2021-05-24 14:12:49,15205.4,0
2021-05-24 14:12:50,15204.3,0
2021-05-24 14:12:53,15205.45,0
2021-05-24 14:12:54,15205.0,0
2021-05-24 14:12:55,15205.5,0
2021-05-24 14:12:56,15205.15,0
2021-05-24 14:12:57,15204.35,0
2021-05-24 14:12:58,15205.3,0
2021-05-24 14:12:59,15204.85,0
2021-05-24 14:13:00,15204.7,0
2021-05-24 14:13:01,15205.15,0
2021-05-24 14:13:02,15204.15,0
2021-05-24 14:13:03,15204.05,0
2021-05-24 14:13:04,15203.9,0
2021-05-24 14:13:05,15204.35,0
2021-05-24 14:13:06,15204.05,0
2021-05-24 14:13:07,15205.35,0
2021-05-24 14:13:08,15204.9,0
2021-05-24 14:13:09,15205.15,0
2021-05-24 14:13:10,15205.4,0
2021-05-24 14:13:11,15204.9,0
2021-05-24 14:13:12,15205.7,0
2021-05-24 14:13:13,15204.9,0
2021-05-24 14:13:15,15205.3,0
2021-05-24 14:13:17,15205.55,0
2021-05-24 14:13:18,15205.45,0
2021-05-24 14:13:19,15205.0,0
2021-05-24 14:13:20,15204.8,0
2021-05-24 14:13:21,15205.0,0
2021-05-24 14:13:23,15204.15,0
2021-05-24 14:13:24,15204.2,0
2021-05-24 14:13:25,15205.2,0
2021-05-24 14:13:26,15205.05,0
2021-05-24 14:13:27,15205.2,0
2021-05-24 14:13:28,15204.95,0
2021-05-24 14:13:29,15205.0,0
2021-05-24 14:13:30,15205.2,0
2021-05-24 14:13:31,15205.9,0
2021-05-24 14:13:32,15206.45,0
2021-05-24 14:13:33,15206.1,0
2021-05-24 14:13:34,15207.05,0
2021-05-24 14:13:35,15207.0,0
2021-05-24 14:13:36,15206.15,0
2021-05-24 14:13:37,15206.7,0
2021-05-24 14:13:38,15207.2,0
2021-05-24 14:13:39,15206.5,0
2021-05-24 14:13:40,15206.25,0
2021-05-24 14:13:41,15206.8,0
2021-05-24 14:13:42,15207.45,0
2021-05-24 14:13:43,15208.75,0
2021-05-24 14:13:44,15208.25,0
2021-05-24 14:13:45,15208.0,0
2021-05-24 14:13:46,15207.95,0
2021-05-24 14:13:47,15208.6,0
2021-05-24 14:13:48,15208.05,0
2021-05-24 14:13:49,15208.7,0
2021-05-24 14:13:50,15208.65,0
2021-05-24 14:13:51,15208.7,0
2021-05-24 14:13:52,15208.8,0
2021-05-24 14:13:53,15208.45,0
2021-05-24 14:13:54,15208.0,0
2021-05-24 14:13:55,15208.05,0
2021-05-24 14:13:56,15207.6,0
2021-05-24 14:13:57,15207.65,0
2021-05-24 14:13:58,15207.65,0
2021-05-24 14:13:59,15207.65,0
2021-05-24 14:14:00,15207.9,0
2021-05-24 14:14:01,15208.15,0
2021-05-24 14:14:02,15208.15,0
2021-05-24 14:14:03,15208.25,0
2021-05-24 14:14:04,15207.9,0
2021-05-24 14:14:05,15208.1,0
2021-05-24 14:14:06,15208.0,0
2021-05-24 14:14:07,15207.65,0
2021-05-24 14:14:08,15207.9,0
2021-05-24 14:14:09,15208.0,0
2021-05-24 14:14:10,15208.6,0
2021-05-24 14:14:11,15208.35,0
2021-05-24 14:14:12,15207.95,0
2021-05-24 14:14:13,15207.75,0
2021-05-24 14:14:14,15207.35,0
2021-05-24 14:14:15,15206.9,0
2021-05-24 14:14:16,15206.2,0
2021-05-24 14:14:17,15204.9,0
2021-05-24 14:14:18,15205.0,0
2021-05-24 14:14:19,15206.6,0
2021-05-24 14:14:20,15206.5,0
2021-05-24 14:14:21,15205.9,0
2021-05-24 14:14:22,15206.15,0
2021-05-24 14:14:23,15205.75,0
2021-05-24 14:14:24,15206.95,0
2021-05-24 14:14:25,15206.35,0
2021-05-24 14:14:26,15207.05,0
2021-05-24 14:14:27,15206.75,0
2021-05-24 14:14:28,15207.2,0
2021-05-24 14:14:29,15206.3,0
2021-05-24 14:14:30,15205.75,0
2021-05-24 14:14:31,15206.75,0
2021-05-24 14:14:32,15205.95,0
2021-05-24 14:14:33,15206.5,0
2021-05-24 14:14:34,15206.75,0
2021-05-24 14:14:35,15206.65,0
2021-05-24 14:14:36,15206.9,0
2021-05-24 14:14:37,15207.65,0
2021-05-24 14:14:38,15207.15,0
2021-05-24 14:14:39,15206.95,0
2021-05-24 14:14:40,15206.5,0
2021-05-24 14:14:41,15206.35,0
2021-05-24 14:14:42,15206.55,0
2021-05-24 14:14:43,15207.0,0
2021-05-24 14:14:44,15206.45,0
2021-05-24 14:14:45,15205.55,0
2021-05-24 14:14:46,15206.85,0
2021-05-24 14:14:48,15205.75,0
2021-05-24 14:14:49,15206.3,0
2021-05-24 14:14:50,15206.2,0
2021-05-24 14:14:51,15206.8,0
2021-05-24 14:14:52,15205.2,0
2021-05-24 14:14:53,15204.45,0
2021-05-24 14:14:54,15204.0,0
2021-05-24 14:14:55,15205.85,0
2021-05-24 14:14:56,15204.55,0
2021-05-24 14:14:57,15205.6,0
2021-05-24 14:14:58,15204.95,0
2021-05-24 14:14:59,15204.8,0
2021-05-24 14:15:00,15204.95,0
2021-05-24 14:15:01,15205.25,0
2021-05-24 14:15:02,15205.0,0
2021-05-24 14:15:03,15204.4,0
2021-05-24 14:15:05,15205.5,0
2021-05-24 14:15:06,15205.25,0
2021-05-24 14:15:08,15204.65,0
2021-05-24 14:15:09,15205.25,0
2021-05-24 14:15:10,15204.3,0
2021-05-24 14:15:11,15204.85,0
2021-05-24 14:15:12,15205.85,0
2021-05-24 14:15:14,15205.35,0
2021-05-24 14:15:15,15205.05,0
2021-05-24 14:15:16,15204.5,0
2021-05-24 14:15:17,15204.55,0
2021-05-24 14:15:18,15204.3,0
2021-05-24 14:15:20,15203.8,0
2021-05-24 14:15:21,15203.75,0
2021-05-24 14:15:22,15204.3,0
2021-05-24 14:15:23,15203.3,0
2021-05-24 14:15:24,15202.85,0
2021-05-24 14:15:25,15203.2,0
2021-05-24 14:15:26,15203.55,0
2021-05-24 14:15:27,15202.95,0
2021-05-24 14:15:28,15203.05,0
2021-05-24 14:15:29,15203.35,0
2021-05-24 14:15:30,15203.4,0
2021-05-24 14:15:31,15204.15,0
2021-05-24 14:15:32,15203.65,0
2021-05-24 14:15:33,15203.9,0
2021-05-24 14:15:34,15202.95,0
2021-05-24 14:15:35,15202.95,0
2021-05-24 14:15:36,15203.75,0
2021-05-24 14:15:37,15204.1,0
2021-05-24 14:15:38,15203.25,0
2021-05-24 14:15:39,15203.7,0
2021-05-24 14:15:40,15204.75,0
2021-05-24 14:15:41,15204.05,0
2021-05-24 14:15:42,15204.05,0
2021-05-24 14:15:43,15203.85,0
2021-05-24 14:15:44,15204.0,0
2021-05-24 14:15:45,15203.55,0
2021-05-24 14:15:46,15203.45,0
2021-05-24 14:15:48,15203.9,0
2021-05-24 14:15:50,15204.1,0
2021-05-24 14:15:51,15204.65,0
2021-05-24 14:15:52,15205.05,0
2021-05-24 14:15:53,15204.75,0
2021-05-24 14:15:54,15204.75,0
2021-05-24 14:15:55,15204.7,0
2021-05-24 14:15:57,15205.2,0
2021-05-24 14:15:58,15205.65,0
2021-05-24 14:15:59,15205.5,0
2021-05-24 14:16:00,15205.0,0
2021-05-24 14:16:01,15205.45,0
2021-05-24 14:16:02,15206.1,0
2021-05-24 14:16:03,15205.85,0
2021-05-24 14:16:04,15206.3,0
2021-05-24 14:16:05,15206.1,0
2021-05-24 14:16:06,15206.0,0
2021-05-24 14:16:07,15207.05,0
2021-05-24 14:16:08,15206.1,0
2021-05-24 14:16:09,15206.6,0
2021-05-24 14:16:10,15206.15,0
2021-05-24 14:16:11,15206.0,0
2021-05-24 14:16:12,15205.65,0
2021-05-24 14:16:13,15206.15,0
2021-05-24 14:16:14,15206.1,0
2021-05-24 14:16:15,15206.1,0
2021-05-24 14:16:16,15206.9,0
2021-05-24 14:16:17,15206.2,0
2021-05-24 14:16:18,15206.45,0
2021-05-24 14:16:19,15206.2,0
2021-05-24 14:16:20,15206.5,0
2021-05-24 14:16:21,15206.75,0
2021-05-24 14:16:22,15206.45,0
2021-05-24 14:16:23,15206.55,0
2021-05-24 14:16:24,15206.35,0
2021-05-24 14:16:25,15207.55,0
2021-05-24 14:16:26,15206.05,0
2021-05-24 14:16:27,15206.75,0
2021-05-24 14:16:28,15207.1,0
2021-05-24 14:16:29,15206.9,0
2021-05-24 14:16:30,15206.35,0
2021-05-24 14:16:31,15206.6,0
2021-05-24 14:16:32,15206.7,0
2021-05-24 14:16:33,15206.2,0
2021-05-24 14:16:34,15206.7,0
2021-05-24 14:16:35,15206.05,0
2021-05-24 14:16:36,15205.9,0
2021-05-24 14:16:37,15206.05,0
2021-05-24 14:16:38,15205.2,0
2021-05-24 14:16:39,15205.45,0
2021-05-24 14:16:40,15205.0,0
2021-05-24 14:16:41,15205.1,0
2021-05-24 14:16:42,15205.2,0
2021-05-24 14:16:43,15205.95,0
2021-05-24 14:16:44,15205.5,0
2021-05-24 14:16:45,15205.5,0
2021-05-24 14:16:46,15204.9,0
2021-05-24 14:16:47,15205.0,0
2021-05-24 14:16:48,15205.15,0
2021-05-24 14:16:49,15205.5,0
2021-05-24 14:16:50,15205.6,0
2021-05-24 14:16:51,15206.1,0
2021-05-24 14:16:52,15206.5,0
2021-05-24 14:16:53,15206.15,0
2021-05-24 14:16:54,15206.6,0
2021-05-24 14:16:55,15206.0,0
2021-05-24 14:16:56,15205.75,0
2021-05-24 14:16:57,15205.75,0
2021-05-24 14:16:58,15205.7,0
2021-05-24 14:16:59,15206.0,0
2021-05-24 14:17:00,15206.15,0
2021-05-24 14:17:01,15207.6,0
2021-05-24 14:17:02,15206.8,0
2021-05-24 14:17:03,15206.75,0
2021-05-24 14:17:04,15207.0,0
2021-05-24 14:17:05,15206.8,0
2021-05-24 14:17:06,15206.6,0
2021-05-24 14:17:07,15206.75,0
2021-05-24 14:17:08,15206.45,0
2021-05-24 14:17:09,15206.8,0
2021-05-24 14:17:10,15207.05,0
2021-05-24 14:17:11,15206.6,0
2021-05-24 14:17:12,15207.0,0
2021-05-24 14:17:13,15206.85,0
2021-05-24 14:17:14,15206.0,0
2021-05-24 14:17:15,15206.0,0
2021-05-24 14:17:16,15205.95,0
2021-05-24 14:17:17,15206.25,0
2021-05-24 14:17:18,15206.3,0
2021-05-24 14:17:20,15206.45,0
2021-05-24 14:17:21,15206.25,0
2021-05-24 14:17:22,15206.4,0
2021-05-24 14:17:23,15207.25,0
2021-05-24 14:17:25,15207.2,0
2021-05-24 14:17:26,15207.15,0
2021-05-24 14:17:27,15207.15,0
2021-05-24 14:17:28,15207.8,0
2021-05-24 14:17:29,15207.05,0
2021-05-24 14:17:30,15206.85,0
2021-05-24 14:17:32,15206.95,0
2021-05-24 14:17:33,15206.95,0
2021-05-24 14:17:34,15207.0,0
2021-05-24 14:17:35,15206.85,0
2021-05-24 14:17:36,15207.3,0
2021-05-24 14:17:37,15207.9,0
2021-05-24 14:17:39,15207.1,0
2021-05-24 14:17:41,15206.85,0
2021-05-24 14:17:40,15207.15,0
2021-05-24 14:17:42,15207.3,0
2021-05-24 14:17:43,15207.7,0
2021-05-24 14:17:44,15207.3,0
2021-05-24 14:17:45,15206.6,0
2021-05-24 14:17:47,15206.65,0
2021-05-24 14:17:48,15206.75,0
2021-05-24 14:17:49,15206.45,0
2021-05-24 14:17:53,15205.85,0
2021-05-24 14:17:54,15205.95,0
2021-05-24 14:17:55,15206.1,0
2021-05-24 14:17:56,15205.05,0
2021-05-24 14:17:57,15204.75,0
2021-05-24 14:17:58,15204.85,0
2021-05-24 14:17:59,15205.75,0
2021-05-24 14:18:00,15205.25,0
2021-05-24 14:18:01,15204.65,0
2021-05-24 14:18:02,15205.05,0
2021-05-24 14:18:04,15205.5,0
2021-05-24 14:18:05,15205.1,0
2021-05-24 14:18:06,15204.85,0
2021-05-24 14:18:07,15205.4,0
2021-05-24 14:18:08,15204.7,0
2021-05-24 14:18:09,15205.7,0
2021-05-24 14:18:10,15204.85,0
2021-05-24 14:18:11,15205.1,0
2021-05-24 14:18:12,15206.2,0
2021-05-24 14:18:14,15205.9,0
2021-05-24 14:18:15,15206.15,0
2021-05-24 14:18:16,15205.7,0
2021-05-24 14:18:17,15206.85,0
2021-05-24 14:18:18,15206.75,0
2021-05-24 14:18:19,15207.5,0
2021-05-24 14:18:20,15207.15,0
2021-05-24 14:18:21,15206.85,0
2021-05-24 14:18:22,15208.15,0
2021-05-24 14:18:23,15207.8,0
2021-05-24 14:18:24,15207.75,0
2021-05-24 14:18:25,15207.8,0
2021-05-24 14:18:26,15207.95,0
2021-05-24 14:18:27,15207.95,0
2021-05-24 14:18:28,15208.6,0
2021-05-24 14:18:29,15207.95,0
2021-05-24 14:18:30,15207.8,0
2021-05-24 14:18:31,15208.95,0
2021-05-24 14:18:32,15208.5,0
2021-05-24 14:18:33,15208.4,0
2021-05-24 14:18:34,15208.1,0
2021-05-24 14:18:35,15208.0,0
2021-05-24 14:18:36,15208.6,0
2021-05-24 14:18:37,15208.55,0
2021-05-24 14:18:38,15208.5,0
2021-05-24 14:18:39,15208.6,0
2021-05-24 14:18:40,15209.4,0
2021-05-24 14:18:41,15209.1,0
2021-05-24 14:18:42,15208.8,0
2021-05-24 14:18:43,15208.75,0
2021-05-24 14:18:44,15208.7,0
2021-05-24 14:18:45,15208.95,0
2021-05-24 14:18:46,15208.9,0
2021-05-24 14:18:47,15208.85,0
2021-05-24 14:18:48,15208.8,0
2021-05-24 14:18:49,15209.6,0
2021-05-24 14:18:50,15209.55,0
2021-05-24 14:18:51,15209.4,0
2021-05-24 14:18:52,15209.15,0
2021-05-24 14:18:53,15208.9,0
2021-05-24 14:18:54,15208.8,0
2021-05-24 14:18:55,15208.9,0
2021-05-24 14:18:56,15209.0,0
2021-05-24 14:18:57,15209.4,0
2021-05-24 14:18:58,15210.05,0
2021-05-24 14:18:59,15209.8,0
2021-05-24 14:19:00,15209.4,0
2021-05-24 14:19:01,15209.55,0
2021-05-24 14:19:02,15209.2,0
2021-05-24 14:19:03,15209.0,0
2021-05-24 14:19:04,15208.85,0
2021-05-24 14:19:05,15208.9,0
2021-05-24 14:19:06,15208.9,0
2021-05-24 14:19:07,15209.65,0
2021-05-24 14:19:08,15209.3,0
2021-05-24 14:19:09,15209.2,0
2021-05-24 14:19:10,15209.1,0
2021-05-24 14:19:11,15209.15,0
2021-05-24 14:19:12,15209.55,0
2021-05-24 14:19:13,15209.35,0
2021-05-24 14:19:14,15209.2,0
2021-05-24 14:19:15,15208.65,0
2021-05-24 14:19:16,15209.55,0
2021-05-24 14:19:17,15209.05,0
2021-05-24 14:19:18,15209.3,0
2021-05-24 14:19:19,15209.3,0
2021-05-24 14:19:20,15209.7,0
2021-05-24 14:19:21,15209.4,0
2021-05-24 14:19:22,15209.15,0
2021-05-24 14:19:23,15208.7,0
2021-05-24 14:19:24,15208.55,0
2021-05-24 14:19:25,15209.6,0
2021-05-24 14:19:27,15209.1,0
2021-05-24 14:19:28,15208.95,0
2021-05-24 14:19:29,15209.35,0
2021-05-24 14:19:30,15209.35,0
2021-05-24 14:19:31,15208.9,0
2021-05-24 14:19:32,15209.1,0
2021-05-24 14:19:33,15208.65,0
2021-05-24 14:19:34,15209.85,0
2021-05-24 14:19:35,15209.6,0
2021-05-24 14:19:37,15209.1,0
2021-05-24 14:19:38,15209.05,0
2021-05-24 14:19:39,15208.95,0
2021-05-24 14:19:40,15209.0,0
2021-05-24 14:19:43,15209.8,0
2021-05-24 14:19:44,15209.3,0
2021-05-24 14:19:45,15209.5,0
2021-05-24 14:19:46,15209.15,0
2021-05-24 14:19:47,15209.4,0
2021-05-24 14:19:48,15209.5,0
2021-05-24 14:19:49,15209.55,0
2021-05-24 14:19:50,15208.8,0
2021-05-24 14:19:51,15209.15,0
2021-05-24 14:19:52,15209.4,0
2021-05-24 14:19:53,15208.85,0
2021-05-24 14:19:54,15208.6,0
2021-05-24 14:19:55,15208.7,0
2021-05-24 14:19:57,15208.3,0
2021-05-24 14:19:58,15207.95,0
2021-05-24 14:20:00,15207.8,0
2021-05-24 14:20:02,15207.6,0
2021-05-24 14:20:03,15206.75,0
2021-05-24 14:20:04,15206.95,0
2021-05-24 14:20:05,15206.6,0
2021-05-24 14:20:06,15207.0,0
2021-05-24 14:20:07,15207.3,0
2021-05-24 14:20:08,15207.0,0
2021-05-24 14:20:09,15207.3,0
2021-05-24 14:20:12,15206.95,0
2021-05-24 14:20:13,15206.65,0
2021-05-24 14:20:14,15206.8,0
2021-05-24 14:20:15,15206.8,0
2021-05-24 14:20:16,15207.25,0
2021-05-24 14:20:18,15206.85,0
2021-05-24 14:20:19,15207.75,0
2021-05-24 14:20:20,15206.1,0
2021-05-24 14:20:21,15206.3,0
2021-05-24 14:20:22,15206.45,0
2021-05-24 14:20:23,15206.2,0
2021-05-24 14:20:24,15206.1,0
2021-05-24 14:20:25,15206.05,0
2021-05-24 14:20:26,15205.9,0
2021-05-24 14:20:27,15206.2,0
2021-05-24 14:20:29,15206.9,0
2021-05-24 14:20:30,15206.7,0
2021-05-24 14:20:31,15206.8,0
2021-05-24 14:20:32,15206.5,0
2021-05-24 14:20:33,15206.95,0
2021-05-24 14:20:34,15206.5,0
2021-05-24 14:20:35,15206.95,0
2021-05-24 14:20:36,15206.55,0
2021-05-24 14:20:37,15207.2,0
2021-05-24 14:20:38,15206.6,0
2021-05-24 14:20:39,15206.8,0
2021-05-24 14:20:40,15206.3,0
2021-05-24 14:20:41,15206.35,0
2021-05-24 14:20:42,15206.3,0
2021-05-24 14:20:43,15205.8,0
2021-05-24 14:20:44,15205.95,0
2021-05-24 14:20:45,15205.6,0
2021-05-24 14:20:46,15206.6,0
2021-05-24 14:20:47,15206.9,0
2021-05-24 14:20:48,15206.35,0
2021-05-24 14:20:49,15206.45,0
2021-05-24 14:20:50,15206.2,0
2021-05-24 14:20:51,15206.2,0
2021-05-24 14:20:52,15205.85,0
2021-05-24 14:20:53,15205.65,0
2021-05-24 14:20:54,15205.8,0
2021-05-24 14:20:55,15206.4,0
2021-05-24 14:20:56,15205.6,0
2021-05-24 14:20:57,15205.45,0
2021-05-24 14:20:58,15205.65,0
2021-05-24 14:20:59,15205.65,0
2021-05-24 14:21:00,15205.4,0
2021-05-24 14:21:01,15205.8,0
2021-05-24 14:21:03,15204.2,0
2021-05-24 14:21:04,15204.65,0
2021-05-24 14:21:05,15204.15,0
2021-05-24 14:21:06,15203.85,0
2021-05-24 14:21:07,15204.1,0
2021-05-24 14:21:08,15204.15,0
2021-05-24 14:21:09,15203.7,0
2021-05-24 14:21:10,15203.35,0
2021-05-24 14:21:11,15203.4,0
2021-05-24 14:21:12,15203.0,0
2021-05-24 14:21:13,15204.35,0
2021-05-24 14:21:14,15203.7,0
2021-05-24 14:21:15,15203.4,0
2021-05-24 14:21:16,15203.05,0
2021-05-24 14:21:17,15201.8,0
2021-05-24 14:21:18,15200.95,0
2021-05-24 14:21:19,15202.1,0
2021-05-24 14:21:20,15200.95,0
2021-05-24 14:21:21,15200.95,0
2021-05-24 14:21:22,15202.05,0
2021-05-24 14:21:23,15200.3,0
2021-05-24 14:21:24,15200.15,0
2021-05-24 14:21:25,15199.7,0
2021-05-24 14:21:26,15198.8,0
2021-05-24 14:21:27,15198.0,0
2021-05-24 14:21:28,15196.55,0
2021-05-24 14:21:29,15198.25,0
2021-05-24 14:21:30,15196.3,0
2021-05-24 14:21:31,15198.0,0
2021-05-24 14:21:32,15197.1,0
2021-05-24 14:21:33,15197.0,0
2021-05-24 14:21:34,15197.65,0
2021-05-24 14:21:35,15198.45,0
2021-05-24 14:21:36,15197.95,0
2021-05-24 14:21:37,15197.7,0
2021-05-24 14:21:38,15198.05,0
2021-05-24 14:21:39,15198.4,0
2021-05-24 14:21:40,15198.95,0
2021-05-24 14:21:41,15199.85,0
2021-05-24 14:21:42,15199.95,0
2021-05-24 14:21:43,15200.35,0
2021-05-24 14:21:44,15200.8,0
2021-05-24 14:21:45,15200.7,0
2021-05-24 14:21:46,15200.6,0
2021-05-24 14:21:47,15200.65,0
2021-05-24 14:21:48,15200.25,0
2021-05-24 14:21:49,15201.6,0
2021-05-24 14:21:50,15201.0,0
2021-05-24 14:21:51,15200.85,0
2021-05-24 14:21:52,15200.45,0
2021-05-24 14:21:53,15200.1,0
2021-05-24 14:21:54,15200.1,0
2021-05-24 14:21:55,15199.7,0
2021-05-24 14:21:57,15199.55,0
2021-05-24 14:21:58,15200.45,0
2021-05-24 14:21:59,15199.6,0
2021-05-24 14:22:00,15199.9,0
2021-05-24 14:22:01,15200.4,0
2021-05-24 14:22:02,15199.2,0
2021-05-24 14:22:03,15198.5,0
2021-05-24 14:22:04,15198.4,0
2021-05-24 14:22:05,15198.75,0
2021-05-24 14:22:06,15198.95,0
2021-05-24 14:22:07,15199.5,0
2021-05-24 14:22:08,15198.55,0
2021-05-24 14:22:09,15198.95,0
2021-05-24 14:22:10,15198.35,0
2021-05-24 14:22:12,15197.6,0
2021-05-24 14:22:13,15197.4,0
2021-05-24 14:22:14,15197.85,0
2021-05-24 14:22:15,15196.5,0
2021-05-24 14:22:16,15198.15,0
2021-05-24 14:22:17,15197.65,0
2021-05-24 14:22:18,15197.85,0
2021-05-24 14:22:19,15197.45,0
2021-05-24 14:22:21,15197.8,0
2021-05-24 14:22:22,15198.0,0
2021-05-24 14:22:23,15197.65,0
2021-05-24 14:22:24,15197.45,0
2021-05-24 14:22:25,15198.45,0
2021-05-24 14:22:26,15197.45,0
2021-05-24 14:22:27,15197.4,0
2021-05-24 14:22:29,15197.6,0
2021-05-24 14:22:30,15197.35,0
2021-05-24 14:22:31,15197.15,0
2021-05-24 14:22:32,15197.05,0
2021-05-24 14:22:33,15196.95,0
2021-05-24 14:22:34,15197.6,0
2021-05-24 14:22:35,15196.7,0
2021-05-24 14:22:36,15196.75,0
2021-05-24 14:22:37,15196.9,0
2021-05-24 14:22:38,15197.2,0
2021-05-24 14:22:39,15196.35,0
2021-05-24 14:22:40,15196.75,0
2021-05-24 14:22:41,15196.45,0
2021-05-24 14:22:42,15196.45,0
2021-05-24 14:22:43,15197.5,0
2021-05-24 14:22:44,15196.65,0
2021-05-24 14:22:45,15196.5,0
2021-05-24 14:22:46,15196.2,0
2021-05-24 14:22:48,15195.2,0
2021-05-24 14:22:49,15195.55,0
2021-05-24 14:22:50,15195.25,0
2021-05-24 14:22:51,15195.2,0
2021-05-24 14:22:52,15196.25,0
2021-05-24 14:22:53,15195.25,0
2021-05-24 14:22:55,15195.0,0
2021-05-24 14:22:56,15193.5,0
2021-05-24 14:22:57,15193.9,0
2021-05-24 14:22:58,15193.45,0
2021-05-24 14:22:59,15193.25,0
2021-05-24 14:23:00,15193.0,0
2021-05-24 14:23:01,15194.4,0
2021-05-24 14:23:02,15193.85,0
2021-05-24 14:23:03,15193.2,0
2021-05-24 14:23:04,15194.25,0
2021-05-24 14:23:05,15194.35,0
2021-05-24 14:23:06,15194.75,0
2021-05-24 14:23:07,15194.75,0
2021-05-24 14:23:08,15194.5,0
2021-05-24 14:23:09,15194.7,0
2021-05-24 14:23:10,15195.25,0
2021-05-24 14:23:11,15194.2,0
2021-05-24 14:23:12,15195.1,0
2021-05-24 14:23:13,15194.9,0
2021-05-24 14:23:14,15195.25,0
2021-05-24 14:23:15,15194.95,0
2021-05-24 14:23:16,15195.8,0
2021-05-24 14:23:18,15196.35,0
2021-05-24 14:23:19,15196.8,0
2021-05-24 14:23:20,15196.1,0
2021-05-24 14:23:21,15196.85,0
2021-05-24 14:23:22,15197.15,0
2021-05-24 14:23:23,15196.25,0
2021-05-24 14:23:24,15196.45,0
2021-05-24 14:23:25,15197.1,0
2021-05-24 14:23:26,15196.35,0
2021-05-24 14:23:27,15196.9,0
2021-05-24 14:23:28,15197.65,0
2021-05-24 14:23:29,15196.55,0
2021-05-24 14:23:30,15196.7,0
2021-05-24 14:23:31,15197.05,0
2021-05-24 14:23:32,15197.2,0
2021-05-24 14:23:33,15197.05,0
2021-05-24 14:23:35,15196.6,0
2021-05-24 14:23:36,15196.6,0
2021-05-24 14:23:37,15197.45,0
2021-05-24 14:23:38,15196.65,0
2021-05-24 14:23:39,15196.5,0
2021-05-24 14:23:40,15196.75,0
2021-05-24 14:23:41,15196.7,0
2021-05-24 14:23:42,15196.7,0
2021-05-24 14:23:43,15196.85,0
2021-05-24 14:23:44,15196.85,0
2021-05-24 14:23:45,15195.65,0
2021-05-24 14:23:46,15197.1,0
2021-05-24 14:23:47,15196.35,0
2021-05-24 14:23:48,15196.15,0
2021-05-24 14:23:49,15196.45,0
2021-05-24 14:23:50,15195.65,0
2021-05-24 14:23:51,15196.45,0
2021-05-24 14:23:52,15196.75,0
2021-05-24 14:23:53,15196.45,0
2021-05-24 14:23:54,15196.25,0
2021-05-24 14:23:56,15197.2,0
2021-05-24 14:23:57,15197.1,0
2021-05-24 14:23:58,15196.65,0
2021-05-24 14:23:59,15197.9,0
2021-05-24 14:24:00,15198.2,0
2021-05-24 14:24:01,15198.4,0
2021-05-24 14:24:02,15198.65,0
2021-05-24 14:24:03,15197.6,0
2021-05-24 14:24:04,15199.1,0
2021-05-24 14:24:05,15198.65,0
2021-05-24 14:24:06,15197.75,0
2021-05-24 14:24:07,15198.1,0
2021-05-24 14:24:08,15198.05,0
2021-05-24 14:24:10,15198.4,0
2021-05-24 14:24:11,15198.55,0
2021-05-24 14:24:12,15199.2,0
2021-05-24 14:24:13,15199.7,0
2021-05-24 14:24:14,15199.2,0
2021-05-24 14:24:15,15200.3,0
2021-05-24 14:24:16,15199.85,0
2021-05-24 14:24:17,15200.05,0
2021-05-24 14:24:18,15200.25,0
2021-05-24 14:24:19,15200.1,0
2021-05-24 14:24:20,15200.45,0
2021-05-24 14:24:21,15200.7,0
2021-05-24 14:24:22,15201.35,0
2021-05-24 14:24:23,15199.35,0
2021-05-24 14:24:24,15199.65,0
2021-05-24 14:24:25,15200.05,0
2021-05-24 14:24:26,15199.5,0
2021-05-24 14:24:27,15198.65,0
2021-05-24 14:24:28,15199.1,0
2021-05-24 14:24:29,15198.3,0
2021-05-24 14:24:30,15198.75,0
2021-05-24 14:24:31,15199.95,0
2021-05-24 14:24:32,15200.1,0
2021-05-24 14:24:33,15199.5,0
2021-05-24 14:24:35,15200.05,0
2021-05-24 14:24:36,15200.9,0
2021-05-24 14:24:38,15202.0,0
2021-05-24 14:24:39,15203.25,0
2021-05-24 14:24:41,15204.35,0
2021-05-24 14:24:42,15204.55,0
2021-05-24 14:24:44,15204.85,0
2021-05-24 14:24:45,15204.35,0
2021-05-24 14:24:46,15204.2,0
2021-05-24 14:24:47,15204.0,0
2021-05-24 14:24:48,15204.5,0
2021-05-24 14:24:49,15205.6,0
2021-05-24 14:24:50,15205.3,0
2021-05-24 14:24:51,15204.85,0
2021-05-24 14:24:52,15205.1,0
2021-05-24 14:24:53,15204.75,0
2021-05-24 14:24:54,15204.7,0
2021-05-24 14:24:55,15204.5,0
2021-05-24 14:24:56,15204.6,0
2021-05-24 14:24:58,15205.55,0
2021-05-24 14:24:59,15205.35,0
2021-05-24 14:25:00,15205.0,0
2021-05-24 14:25:01,15205.25,0
2021-05-24 14:25:02,15205.6,0
2021-05-24 14:25:03,15205.5,0
2021-05-24 14:25:04,15205.15,0
2021-05-24 14:25:05,15205.15,0
2021-05-24 14:25:06,15205.4,0
2021-05-24 14:25:07,15206.05,0
2021-05-24 14:25:08,15205.45,0
2021-05-24 14:25:09,15206.5,0
2021-05-24 14:25:10,15206.1,0
2021-05-24 14:25:11,15206.1,0
2021-05-24 14:25:12,15206.35,0
2021-05-24 14:25:13,15206.05,0
2021-05-24 14:25:14,15205.6,0
2021-05-24 14:25:15,15206.15,0
2021-05-24 14:25:16,15207.0,0
2021-05-24 14:25:17,15205.85,0
2021-05-24 14:25:18,15206.2,0
2021-05-24 14:25:19,15205.95,0
2021-05-24 14:25:20,15206.35,0
2021-05-24 14:25:21,15206.25,0
2021-05-24 14:25:22,15206.15,0
2021-05-24 14:25:23,15206.35,0
2021-05-24 14:25:24,15206.25,0
2021-05-24 14:25:25,15206.85,0
2021-05-24 14:25:26,15206.15,0
2021-05-24 14:25:27,15205.85,0
2021-05-24 14:25:28,15205.6,0
2021-05-24 14:25:29,15205.9,0
2021-05-24 14:25:30,15206.0,0
2021-05-24 14:25:31,15206.2,0
2021-05-24 14:25:32,15206.3,0
2021-05-24 14:25:33,15206.05,0
2021-05-24 14:25:34,15206.95,0
2021-05-24 14:25:35,15206.55,0
2021-05-24 14:25:36,15206.3,0
2021-05-24 14:25:37,15206.35,0
2021-05-24 14:25:38,15206.55,0
2021-05-24 14:25:39,15206.25,0
2021-05-24 14:25:40,15206.0,0
2021-05-24 14:25:41,15206.05,0
2021-05-24 14:25:43,15206.7,0
2021-05-24 14:25:44,15205.8,0
2021-05-24 14:25:45,15205.75,0
2021-05-24 14:25:46,15205.6,0
2021-05-24 14:25:47,15205.5,0
2021-05-24 14:25:48,15205.55,0
2021-05-24 14:25:49,15204.95,0
2021-05-24 14:25:50,15205.35,0
2021-05-24 14:25:51,15203.3,0
2021-05-24 14:25:52,15203.2,0
2021-05-24 14:25:53,15202.1,0
2021-05-24 14:25:54,15201.8,0
2021-05-24 14:25:55,15201.6,0
2021-05-24 14:25:56,15201.6,0
2021-05-24 14:25:57,15201.95,0
2021-05-24 14:25:58,15201.15,0
2021-05-24 14:25:59,15201.3,0
2021-05-24 14:26:00,15200.95,0
2021-05-24 14:26:01,15202.8,0
2021-05-24 14:26:02,15201.6,0
2021-05-24 14:26:03,15201.35,0
2021-05-24 14:26:04,15201.7,0
2021-05-24 14:26:05,15201.4,0
2021-05-24 14:26:06,15201.15,0
2021-05-24 14:26:07,15202.0,0
2021-05-24 14:26:08,15202.65,0
2021-05-24 14:26:09,15203.1,0
2021-05-24 14:26:10,15203.8,0
2021-05-24 14:26:11,15202.9,0
2021-05-24 14:26:12,15203.0,0
2021-05-24 14:26:13,15203.2,0
2021-05-24 14:26:14,15202.95,0
2021-05-24 14:26:15,15201.45,0
2021-05-24 14:26:17,15202.55,0
2021-05-24 14:26:18,15202.35,0
2021-05-24 14:26:19,15203.3,0
2021-05-24 14:26:21,15202.2,0
2021-05-24 14:26:22,15202.0,0
2021-05-24 14:26:23,15201.6,0
2021-05-24 14:26:25,15202.0,0
2021-05-24 14:26:26,15202.25,0
2021-05-24 14:26:27,15202.4,0
2021-05-24 14:26:28,15202.9,0
2021-05-24 14:26:29,15202.7,0
2021-05-24 14:26:30,15201.85,0
2021-05-24 14:26:31,15202.0,0
2021-05-24 14:26:32,15202.0,0
2021-05-24 14:26:33,15201.3,0
2021-05-24 14:26:35,15202.45,0
2021-05-24 14:26:36,15202.3,0
2021-05-24 14:26:38,15202.5,0
2021-05-24 14:26:39,15202.4,0
2021-05-24 14:26:40,15202.4,0
2021-05-24 14:26:41,15203.2,0
2021-05-24 14:26:42,15203.3,0
2021-05-24 14:26:43,15203.1,0
2021-05-24 14:26:44,15203.1,0
2021-05-24 14:26:45,15202.8,0
2021-05-24 14:26:46,15203.7,0
2021-05-24 14:26:47,15202.85,0
2021-05-24 14:26:48,15202.7,0
2021-05-24 14:26:49,15202.75,0
2021-05-24 14:26:50,15202.25,0
2021-05-24 14:26:51,15202.35,0
2021-05-24 14:26:52,15202.5,0
2021-05-24 14:26:53,15203.15,0
2021-05-24 14:26:55,15203.3,0
2021-05-24 14:26:56,15202.7,0
2021-05-24 14:26:57,15202.3,0
2021-05-24 14:26:59,15202.35,0
2021-05-24 14:27:00,15202.1,0
2021-05-24 14:27:02,15202.2,0
2021-05-24 14:27:03,15201.45,0
2021-05-24 14:27:04,15201.65,0
2021-05-24 14:27:06,15200.3,0
2021-05-24 14:27:07,15200.75,0
2021-05-24 14:27:08,15200.4,0
2021-05-24 14:27:09,15200.65,0
2021-05-24 14:27:10,15200.6,0
2021-05-24 14:27:11,15200.45,0
2021-05-24 14:27:12,15200.7,0
2021-05-24 14:27:13,15202.75,0
2021-05-24 14:27:14,15202.75,0
2021-05-24 14:27:15,15202.7,0
2021-05-24 14:27:16,15202.75,0
2021-05-24 14:27:17,15202.45,0
2021-05-24 14:27:18,15202.85,0
2021-05-24 14:27:19,15202.9,0
2021-05-24 14:27:20,15202.85,0
2021-05-24 14:27:21,15203.25,0
2021-05-24 14:27:22,15203.8,0
2021-05-24 14:27:23,15203.55,0
2021-05-24 14:27:24,15203.5,0
2021-05-24 14:27:25,15202.65,0
2021-05-24 14:27:26,15202.45,0
2021-05-24 14:27:27,15203.05,0
2021-05-24 14:27:28,15203.85,0
2021-05-24 14:27:29,15204.1,0
2021-05-24 14:27:30,15204.2,0
2021-05-24 14:27:31,15205.5,0
2021-05-24 14:27:32,15204.9,0
2021-05-24 14:27:33,15204.4,0
2021-05-24 14:27:34,15204.6,0
2021-05-24 14:27:35,15204.6,0
2021-05-24 14:27:36,15204.5,0
2021-05-24 14:27:37,15205.25,0
2021-05-24 14:27:38,15204.95,0
2021-05-24 14:27:39,15204.9,0
2021-05-24 14:27:40,15205.3,0
2021-05-24 14:27:41,15204.15,0
2021-05-24 14:27:42,15203.95,0
2021-05-24 14:27:43,15204.2,0
2021-05-24 14:27:44,15203.8,0
2021-05-24 14:27:45,15203.75,0
2021-05-24 14:27:46,15204.15,0
2021-05-24 14:27:47,15204.0,0
2021-05-24 14:27:48,15203.8,0
2021-05-24 14:27:49,15204.85,0
2021-05-24 14:27:50,15204.45,0
2021-05-24 14:27:51,15204.25,0
2021-05-24 14:27:52,15203.8,0
2021-05-24 14:27:53,15204.2,0
2021-05-24 14:27:54,15204.45,0
2021-05-24 14:27:55,15203.9,0
2021-05-24 14:27:56,15204.1,0
2021-05-24 14:27:57,15203.55,0
2021-05-24 14:27:58,15204.55,0
2021-05-24 14:27:59,15204.15,0
2021-05-24 14:28:00,15203.95,0
2021-05-24 14:28:01,15204.1,0
2021-05-24 14:28:02,15203.9,0
2021-05-24 14:28:03,15204.65,0
2021-05-24 14:28:04,15204.1,0
2021-05-24 14:28:05,15204.05,0
2021-05-24 14:28:06,15205.0,0
2021-05-24 14:28:07,15205.65,0
2021-05-24 14:28:08,15205.2,0
2021-05-24 14:28:09,15204.9,0
2021-05-24 14:28:10,15205.15,0
2021-05-24 14:28:11,15205.3,0
2021-05-24 14:28:12,15205.15,0
2021-05-24 14:28:14,15205.0,0
2021-05-24 14:28:15,15205.1,0
2021-05-24 14:28:16,15205.5,0
2021-05-24 14:28:17,15204.75,0
2021-05-24 14:28:18,15204.3,0
2021-05-24 14:28:19,15203.7,0
2021-05-24 14:28:20,15203.8,0
2021-05-24 14:28:21,15204.05,0
2021-05-24 14:28:22,15203.8,0
2021-05-24 14:28:23,15202.5,0
2021-05-24 14:28:24,15203.3,0
2021-05-24 14:28:25,15203.85,0
2021-05-24 14:28:26,15202.55,0
2021-05-24 14:28:27,15203.05,0
2021-05-24 14:28:28,15203.05,0
2021-05-24 14:28:29,15202.75,0
2021-05-24 14:28:30,15202.35,0
2021-05-24 14:28:31,15202.85,0
2021-05-24 14:28:32,15202.9,0
2021-05-24 14:28:33,15202.8,0
2021-05-24 14:28:34,15203.8,0
2021-05-24 14:28:35,15203.35,0
2021-05-24 14:28:36,15202.75,0
2021-05-24 14:28:37,15203.6,0
2021-05-24 14:28:38,15203.45,0
2021-05-24 14:28:39,15203.65,0
2021-05-24 14:28:41,15203.55,0
2021-05-24 14:28:44,15203.7,0
2021-05-24 14:28:45,15203.35,0
2021-05-24 14:28:47,15203.15,0
2021-05-24 14:28:48,15203.65,0
2021-05-24 14:28:50,15203.8,0
2021-05-24 14:28:52,15204.3,0
2021-05-24 14:28:53,15203.85,0
2021-05-24 14:28:54,15203.8,0
2021-05-24 14:28:55,15203.45,0
2021-05-24 14:28:56,15203.75,0
2021-05-24 14:28:58,15203.65,0
2021-05-24 14:28:59,15203.55,0
2021-05-24 14:29:00,15203.4,0
2021-05-24 14:29:01,15204.35,0
2021-05-24 14:29:02,15203.85,0
2021-05-24 14:29:03,15203.9,0
2021-05-24 14:29:05,15203.75,0
2021-05-24 14:29:06,15203.8,0
2021-05-24 14:29:07,15203.55,0
2021-05-24 14:29:08,15203.9,0
2021-05-24 14:29:09,15203.6,0
2021-05-24 14:29:10,15204.45,0
2021-05-24 14:29:11,15203.8,0
2021-05-24 14:29:12,15203.65,0
2021-05-24 14:29:13,15203.75,0
2021-05-24 14:29:14,15203.75,0
2021-05-24 14:29:15,15203.45,0
2021-05-24 14:29:16,15202.95,0
2021-05-24 14:29:17,15203.8,0
2021-05-24 14:29:18,15203.3,0
2021-05-24 14:29:19,15204.35,0
2021-05-24 14:29:20,15203.45,0
2021-05-24 14:29:22,15201.75,0
2021-05-24 14:29:23,15201.5,0
2021-05-24 14:29:24,15201.15,0
2021-05-24 14:29:25,15201.1,0
2021-05-24 14:29:26,15199.0,0
2021-05-24 14:29:27,15199.4,0
2021-05-24 14:29:29,15199.5,0
2021-05-24 14:29:30,15199.4,0
2021-05-24 14:29:31,15198.8,0
2021-05-24 14:29:32,15198.9,0
2021-05-24 14:29:33,15198.75,0
2021-05-24 14:29:34,15199.4,0
2021-05-24 14:29:35,15200.35,0
2021-05-24 14:29:36,15200.15,0
2021-05-24 14:29:37,15201.45,0
2021-05-24 14:29:38,15200.6,0
2021-05-24 14:29:39,15200.45,0
2021-05-24 14:29:40,15201.3,0
2021-05-24 14:29:41,15200.85,0
2021-05-24 14:29:42,15200.75,0
2021-05-24 14:29:43,15200.4,0
2021-05-24 14:29:44,15200.9,0
2021-05-24 14:29:45,15200.7,0
2021-05-24 14:29:46,15201.5,0
2021-05-24 14:29:48,15200.75,0
2021-05-24 14:29:49,15200.25,0
2021-05-24 14:29:50,15200.6,0
2021-05-24 14:29:51,15200.7,0
2021-05-24 14:29:52,15200.65,0
2021-05-24 14:29:53,15200.85,0
2021-05-24 14:29:54,15200.2,0
2021-05-24 14:29:55,15200.7,0
2021-05-24 14:29:56,15200.0,0
2021-05-24 14:29:57,15200.15,0
2021-05-24 14:29:58,15199.85,0
2021-05-24 14:29:59,15200.0,0
2021-05-24 14:30:00,15200.6,0
2021-05-24 14:30:01,15201.45,0
2021-05-24 14:30:02,15201.15,0
2021-05-24 14:30:03,15201.3,0
2021-05-24 14:30:04,15201.65,0
2021-05-24 14:30:05,15200.8,0
2021-05-24 14:30:06,15201.65,0
2021-05-24 14:30:07,15201.7,0
2021-05-24 14:30:08,15201.3,0
2021-05-24 14:30:09,15201.9,0
2021-05-24 14:30:10,15201.1,0
2021-05-24 14:30:11,15201.6,0
2021-05-24 14:30:12,15201.25,0
2021-05-24 14:30:13,15202.4,0
2021-05-24 14:30:14,15201.8,0
2021-05-24 14:30:15,15201.85,0
2021-05-24 14:30:16,15201.1,0
2021-05-24 14:30:17,15201.1,0
2021-05-24 14:30:18,15201.05,0
2021-05-24 14:30:19,15201.7,0
2021-05-24 14:30:20,15201.5,0
2021-05-24 14:30:21,15201.05,0
2021-05-24 14:30:22,15202.0,0
2021-05-24 14:30:23,15201.9,0
2021-05-24 14:30:24,15201.2,0
2021-05-24 14:30:25,15201.55,0
2021-05-24 14:30:26,15201.3,0
2021-05-24 14:30:27,15201.25,0
2021-05-24 14:30:28,15201.35,0
2021-05-24 14:30:29,15201.5,0
2021-05-24 14:30:30,15201.1,0
2021-05-24 14:30:31,15201.25,0
2021-05-24 14:30:32,15200.8,0
2021-05-24 14:30:33,15200.7,0
2021-05-24 14:30:34,15201.25,0
2021-05-24 14:30:35,15201.4,0
2021-05-24 14:30:36,15200.95,0
2021-05-24 14:30:38,15201.1,0
2021-05-24 14:30:39,15201.7,0
2021-05-24 14:30:40,15202.6,0
2021-05-24 14:30:41,15201.8,0
2021-05-24 14:30:42,15201.3,0
2021-05-24 14:30:43,15201.55,0
2021-05-24 14:30:44,15201.3,0
2021-05-24 14:30:45,15201.3,0
2021-05-24 14:30:46,15201.65,0
2021-05-24 14:30:47,15201.7,0
2021-05-24 14:30:48,15201.8,0
2021-05-24 14:30:49,15202.8,0
2021-05-24 14:30:50,15202.5,0
2021-05-24 14:30:51,15202.2,0
2021-05-24 14:30:52,15202.15,0
2021-05-24 14:30:53,15203.9,0
2021-05-24 14:30:54,15203.65,0
2021-05-24 14:30:55,15204.35,0
2021-05-24 14:30:56,15205.0,0
2021-05-24 14:30:57,15204.95,0
2021-05-24 14:30:58,15205.35,0
2021-05-24 14:30:59,15204.85,0
2021-05-24 14:31:01,15205.55,0
2021-05-24 14:31:03,15205.95,0
2021-05-24 14:31:05,15206.1,0
2021-05-24 14:31:06,15206.2,0
2021-05-24 14:31:07,15206.85,0
2021-05-24 14:31:08,15206.4,0
2021-05-24 14:31:09,15206.6,0
2021-05-24 14:31:12,15206.0,0
2021-05-24 14:31:13,15206.05,0
2021-05-24 14:31:14,15206.1,0
2021-05-24 14:31:15,15206.45,0
2021-05-24 14:31:16,15206.6,0
2021-05-24 14:31:17,15206.55,0
2021-05-24 14:31:18,15205.85,0
2021-05-24 14:31:19,15205.95,0
2021-05-24 14:31:20,15206.1,0
2021-05-24 14:31:21,15205.9,0
2021-05-24 14:31:22,15206.1,0
2021-05-24 14:31:23,15206.25,0
2021-05-24 14:31:24,15206.65,0
2021-05-24 14:31:25,15207.5,0
2021-05-24 14:31:26,15206.9,0
2021-05-24 14:31:27,15206.4,0
2021-05-24 14:31:28,15206.05,0
2021-05-24 14:31:29,15207.35,0
2021-05-24 14:31:30,15207.15,0
2021-05-24 14:31:31,15207.2,0
2021-05-24 14:31:33,15206.5,0
2021-05-24 14:31:34,15207.55,0
2021-05-24 14:31:36,15206.0,0
2021-05-24 14:31:38,15206.25,0
2021-05-24 14:31:41,15205.85,0
2021-05-24 14:31:42,15204.15,0
2021-05-24 14:31:45,15204.45,0
2021-05-24 14:31:46,15203.7,0
2021-05-24 14:31:47,15204.4,0
2021-05-24 14:31:48,15204.35,0
2021-05-24 14:31:49,15204.6,0
2021-05-24 14:31:50,15204.35,0
2021-05-24 14:31:51,15204.3,0
2021-05-24 14:31:52,15204.5,0
2021-05-24 14:31:53,15203.95,0
2021-05-24 14:31:54,15204.3,0
2021-05-24 14:31:55,15204.75,0
2021-05-24 14:31:56,15204.65,0
2021-05-24 14:31:57,15204.5,0
2021-05-24 14:31:58,15204.65,0
2021-05-24 14:31:59,15204.3,0
2021-05-24 14:32:00,15204.95,0
2021-05-24 14:32:01,15205.8,0
2021-05-24 14:32:02,15205.0,0
2021-05-24 14:32:03,15204.1,0
2021-05-24 14:32:04,15204.45,0
2021-05-24 14:32:05,15204.1,0
2021-05-24 14:32:06,15204.85,0
2021-05-24 14:32:07,15204.35,0
2021-05-24 14:32:08,15204.0,0
2021-05-24 14:32:09,15204.0,0
2021-05-24 14:32:10,15204.9,0
2021-05-24 14:32:11,15204.05,0
2021-05-24 14:32:12,15203.95,0
2021-05-24 14:32:13,15203.6,0
2021-05-24 14:32:14,15203.65,0
2021-05-24 14:32:15,15202.95,0
2021-05-24 14:32:16,15203.8,0
2021-05-24 14:32:17,15202.7,0
2021-05-24 14:32:18,15202.55,0
2021-05-24 14:32:19,15203.05,0
2021-05-24 14:32:20,15203.0,0
2021-05-24 14:32:21,15202.75,0
2021-05-24 14:32:22,15202.65,0
2021-05-24 14:32:23,15202.8,0
2021-05-24 14:32:24,15201.4,0
2021-05-24 14:32:25,15201.25,0
2021-05-24 14:32:26,15201.3,0
2021-05-24 14:32:27,15200.65,0
2021-05-24 14:32:28,15201.75,0
2021-05-24 14:32:29,15200.85,0
2021-05-24 14:32:30,15201.45,0
2021-05-24 14:32:31,15201.55,0
2021-05-24 14:32:32,15201.2,0
2021-05-24 14:32:33,15201.25,0
2021-05-24 14:32:34,15201.45,0
2021-05-24 14:32:35,15201.85,0
2021-05-24 14:32:36,15202.05,0
2021-05-24 14:32:37,15202.85,0
2021-05-24 14:32:38,15202.15,0
2021-05-24 14:32:39,15202.4,0
2021-05-24 14:32:40,15201.55,0
2021-05-24 14:32:42,15200.85,0
2021-05-24 14:32:43,15200.55,0
2021-05-24 14:32:44,15200.85,0
2021-05-24 14:32:45,15201.5,0
2021-05-24 14:32:46,15203.1,0
2021-05-24 14:32:47,15202.0,0
2021-05-24 14:32:48,15201.75,0
2021-05-24 14:32:49,15201.85,0
2021-05-24 14:32:50,15202.0,0
2021-05-24 14:32:51,15202.5,0
2021-05-24 14:32:52,15202.2,0
2021-05-24 14:32:53,15201.9,0
2021-05-24 14:32:54,15201.8,0
2021-05-24 14:32:55,15203.1,0
2021-05-24 14:32:56,15202.35,0
2021-05-24 14:32:57,15202.25,0
2021-05-24 14:32:58,15202.3,0
2021-05-24 14:32:59,15202.2,0
2021-05-24 14:33:00,15202.8,0
2021-05-24 14:33:01,15203.85,0
2021-05-24 14:33:02,15203.1,0
2021-05-24 14:33:03,15202.95,0
2021-05-24 14:33:04,15203.65,0
2021-05-24 14:33:05,15203.35,0
2021-05-24 14:33:06,15203.35,0
2021-05-24 14:33:07,15203.45,0
2021-05-24 14:33:08,15203.1,0
2021-05-24 14:33:09,15202.95,0
2021-05-24 14:33:10,15203.1,0
2021-05-24 14:33:11,15202.85,0
2021-05-24 14:33:12,15203.2,0
2021-05-24 14:33:13,15203.55,0
2021-05-24 14:33:14,15203.6,0
2021-05-24 14:33:15,15203.3,0
2021-05-24 14:33:17,15202.95,0
2021-05-24 14:33:18,15203.15,0
2021-05-24 14:33:19,15203.65,0
2021-05-24 14:33:20,15203.95,0
2021-05-24 14:33:21,15204.8,0
2021-05-24 14:33:22,15205.5,0
2021-05-24 14:33:23,15204.65,0
2021-05-24 14:33:24,15204.2,0
2021-05-24 14:33:25,15204.15,0
2021-05-24 14:33:26,15204.4,0
2021-05-24 14:33:27,15204.85,0
2021-05-24 14:33:28,15204.5,0
2021-05-24 14:33:29,15204.4,0
2021-05-24 14:33:30,15204.5,0
2021-05-24 14:33:32,15205.75,0
2021-05-24 14:33:33,15205.55,0
2021-05-24 14:33:34,15204.7,0
2021-05-24 14:33:36,15205.25,0
2021-05-24 14:33:37,15205.25,0
2021-05-24 14:33:38,15204.9,0
2021-05-24 14:33:39,15205.1,0
2021-05-24 14:33:40,15205.85,0
2021-05-24 14:33:41,15205.95,0
2021-05-24 14:33:43,15205.1,0
2021-05-24 14:33:44,15205.25,0
2021-05-24 14:33:45,15205.9,0
2021-05-24 14:33:46,15206.15,0
2021-05-24 14:33:47,15205.95,0
2021-05-24 14:33:48,15206.35,0
2021-05-24 14:33:49,15206.75,0
2021-05-24 14:33:50,15206.45,0
2021-05-24 14:33:52,15206.05,0
2021-05-24 14:33:53,15205.3,0
2021-05-24 14:33:55,15205.3,0
2021-05-24 14:33:56,15204.2,0
2021-05-24 14:33:57,15204.45,0
2021-05-24 14:33:58,15204.9,0
2021-05-24 14:33:59,15204.4,0
2021-05-24 14:34:01,15204.0,0
2021-05-24 14:34:02,15204.05,0
2021-05-24 14:34:03,15203.95,0
2021-05-24 14:34:04,15204.2,0
2021-05-24 14:34:05,15204.5,0
2021-05-24 14:34:06,15204.75,0
2021-05-24 14:34:07,15204.8,0
2021-05-24 14:34:08,15204.9,0
2021-05-24 14:34:09,15204.35,0
2021-05-24 14:34:10,15204.6,0
2021-05-24 14:34:11,15203.75,0
2021-05-24 14:34:12,15203.9,0
2021-05-24 14:34:13,15203.8,0
2021-05-24 14:34:14,15203.9,0
2021-05-24 14:34:15,15203.95,0
2021-05-24 14:34:16,15205.2,0
2021-05-24 14:34:17,15204.75,0
2021-05-24 14:34:18,15205.15,0
2021-05-24 14:34:19,15204.7,0
2021-05-24 14:34:20,15204.85,0
2021-05-24 14:34:21,15204.75,0
2021-05-24 14:34:22,15205.4,0
2021-05-24 14:34:23,15204.7,0
2021-05-24 14:34:24,15204.35,0
2021-05-24 14:34:25,15205.8,0
2021-05-24 14:34:26,15205.05,0
2021-05-24 14:34:27,15204.6,0
2021-05-24 14:34:28,15204.9,0
2021-05-24 14:34:29,15204.95,0
2021-05-24 14:34:30,15205.05,0
2021-05-24 14:34:31,15204.85,0
2021-05-24 14:34:32,15204.75,0
2021-05-24 14:34:33,15204.4,0
2021-05-24 14:34:34,15205.25,0
2021-05-24 14:34:35,15204.6,0
2021-05-24 14:34:36,15205.1,0
2021-05-24 14:34:37,15205.3,0
2021-05-24 14:34:38,15205.8,0
2021-05-24 14:34:39,15205.5,0
2021-05-24 14:34:40,15205.65,0
2021-05-24 14:34:41,15205.95,0
2021-05-24 14:34:42,15205.3,0
2021-05-24 14:34:43,15205.65,0
2021-05-24 14:34:44,15205.45,0
2021-05-24 14:34:45,15205.2,0
2021-05-24 14:34:46,15205.5,0
2021-05-24 14:34:47,15206.2,0
2021-05-24 14:34:48,15206.0,0
2021-05-24 14:34:49,15205.9,0
2021-05-24 14:34:50,15206.65,0
2021-05-24 14:34:51,15206.6,0
2021-05-24 14:34:52,15207.0,0
2021-05-24 14:34:53,15206.45,0
2021-05-24 14:34:54,15206.3,0
2021-05-24 14:34:55,15206.3,0
2021-05-24 14:34:56,15206.35,0
2021-05-24 14:34:57,15206.3,0
2021-05-24 14:34:58,15206.0,0
2021-05-24 14:34:59,15206.05,0
2021-05-24 14:35:00,15206.1,0
2021-05-24 14:35:01,15207.05,0
2021-05-24 14:35:02,15206.65,0
2021-05-24 14:35:03,15206.05,0
2021-05-24 14:35:04,15205.9,0
2021-05-24 14:35:05,15205.6,0
2021-05-24 14:35:06,15205.6,0
2021-05-24 14:35:07,15205.95,0
2021-05-24 14:35:08,15205.5,0
2021-05-24 14:35:09,15206.0,0
2021-05-24 14:35:11,15206.15,0
2021-05-24 14:35:12,15206.15,0
2021-05-24 14:35:13,15206.0,0
2021-05-24 14:35:14,15205.35,0
2021-05-24 14:35:15,15205.55,0
2021-05-24 14:35:16,15205.6,0
2021-05-24 14:35:17,15205.55,0
2021-05-24 14:35:18,15205.6,0
2021-05-24 14:35:19,15206.1,0
2021-05-24 14:35:20,15205.95,0
2021-05-24 14:35:21,15205.9,0
2021-05-24 14:35:22,15206.05,0
2021-05-24 14:35:23,15205.95,0
2021-05-24 14:35:24,15205.45,0
2021-05-24 14:35:25,15204.9,0
2021-05-24 14:35:26,15205.35,0
2021-05-24 14:35:27,15204.65,0
2021-05-24 14:35:28,15205.6,0
2021-05-24 14:35:29,15205.0,0
2021-05-24 14:35:30,15205.2,0
2021-05-24 14:35:31,15205.25,0
2021-05-24 14:35:32,15205.15,0
2021-05-24 14:35:35,15205.25,0
2021-05-24 14:35:36,15204.85,0
2021-05-24 14:35:37,15205.1,0
2021-05-24 14:35:38,15204.85,0
2021-05-24 14:35:39,15204.65,0
2021-05-24 14:35:40,15204.75,0
2021-05-24 14:35:41,15205.4,0
2021-05-24 14:35:42,15205.2,0
2021-05-24 14:35:43,15205.2,0
2021-05-24 14:35:45,15205.4,0
2021-05-24 14:35:46,15205.5,0
2021-05-24 14:35:47,15205.0,0
2021-05-24 14:35:48,15204.6,0
2021-05-24 14:35:49,15204.55,0
2021-05-24 14:35:50,15205.1,0
2021-05-24 14:35:51,15204.95,0
2021-05-24 14:35:52,15205.55,0
2021-05-24 14:35:53,15205.6,0
2021-05-24 14:35:54,15204.95,0
2021-05-24 14:35:55,15205.75,0
2021-05-24 14:35:56,15205.1,0
2021-05-24 14:35:58,15205.05,0
2021-05-24 14:35:59,15205.35,0
2021-05-24 14:36:00,15204.85,0
2021-05-24 14:36:01,15205.35,0
2021-05-24 14:36:03,15205.05,0
2021-05-24 14:36:04,15205.65,0
2021-05-24 14:36:05,15205.45,0
2021-05-24 14:36:06,15204.9,0
2021-05-24 14:36:07,15205.0,0
2021-05-24 14:36:09,15205.3,0
2021-05-24 14:36:11,15205.2,0
2021-05-24 14:36:12,15204.6,0
2021-05-24 14:36:13,15205.3,0
2021-05-24 14:36:14,15205.4,0
2021-05-24 14:36:16,15205.05,0
2021-05-24 14:36:17,15204.4,0
2021-05-24 14:36:18,15203.65,0
2021-05-24 14:36:19,15204.4,0
2021-05-24 14:36:20,15204.45,0
2021-05-24 14:36:21,15204.5,0
2021-05-24 14:36:22,15204.9,0
2021-05-24 14:36:23,15204.9,0
2021-05-24 14:36:24,15205.1,0
2021-05-24 14:36:25,15204.7,0
2021-05-24 14:36:26,15204.7,0
2021-05-24 14:36:27,15204.35,0
2021-05-24 14:36:28,15205.0,0
2021-05-24 14:36:29,15204.8,0
2021-05-24 14:36:30,15205.05,0
2021-05-24 14:36:31,15205.35,0
2021-05-24 14:36:32,15204.9,0
2021-05-24 14:36:33,15205.4,0
2021-05-24 14:36:34,15205.6,0
2021-05-24 14:36:35,15205.7,0
2021-05-24 14:36:36,15206.0,0
2021-05-24 14:36:37,15206.1,0
2021-05-24 14:36:38,15205.75,0
2021-05-24 14:36:39,15205.9,0
2021-05-24 14:36:40,15206.45,0
2021-05-24 14:36:41,15205.95,0
2021-05-24 14:36:42,15205.75,0
2021-05-24 14:36:43,15206.0,0
2021-05-24 14:36:44,15206.2,0
2021-05-24 14:36:45,15205.8,0
2021-05-24 14:36:46,15206.5,0
2021-05-24 14:36:47,15210.65,0
2021-05-24 14:36:48,15210.05,0
2021-05-24 14:36:49,15212.3,0
2021-05-24 14:36:50,15211.95,0
2021-05-24 14:36:51,15212.6,0
2021-05-24 14:36:52,15213.5,0
2021-05-24 14:36:53,15213.45,0
2021-05-24 14:36:54,15213.6,0
2021-05-24 14:36:55,15214.25,0
2021-05-24 14:36:56,15213.4,0
2021-05-24 14:36:57,15213.35,0
2021-05-24 14:36:58,15214.3,0
2021-05-24 14:36:59,15214.9,0
2021-05-24 14:37:00,15216.75,0
2021-05-24 14:37:01,15217.45,0
2021-05-24 14:37:02,15217.45,0
2021-05-24 14:37:03,15220.1,0
2021-05-24 14:37:04,15222.25,0
2021-05-24 14:37:05,15222.4,0
2021-05-24 14:37:06,15222.25,0
2021-05-24 14:37:07,15221.25,0
2021-05-24 14:37:08,15220.35,0
2021-05-24 14:37:09,15220.95,0
2021-05-24 14:37:10,15223.45,0
2021-05-24 14:37:11,15222.05,0
2021-05-24 14:37:12,15222.3,0
2021-05-24 14:37:13,15222.55,0
2021-05-24 14:37:14,15222.65,0
2021-05-24 14:37:15,15221.5,0
2021-05-24 14:37:16,15223.3,0
2021-05-24 14:37:17,15222.45,0
2021-05-24 14:37:18,15221.25,0
2021-05-24 14:37:19,15222.75,0
2021-05-24 14:37:20,15222.5,0
2021-05-24 14:37:21,15222.6,0
2021-05-24 14:37:22,15223.2,0
2021-05-24 14:37:23,15221.8,0
2021-05-24 14:37:24,15221.65,0
2021-05-24 14:37:25,15222.25,0
2021-05-24 14:37:26,15221.45,0
2021-05-24 14:37:27,15221.15,0
2021-05-24 14:37:28,15221.6,0
2021-05-24 14:37:29,15221.65,0
2021-05-24 14:37:30,15220.6,0
2021-05-24 14:37:31,15220.95,0
2021-05-24 14:37:32,15220.9,0
2021-05-24 14:37:33,15221.65,0
2021-05-24 14:37:34,15223.25,0
2021-05-24 14:37:35,15224.05,0
2021-05-24 14:37:37,15224.7,0
2021-05-24 14:37:39,15225.15,0
2021-05-24 14:37:40,15226.2,0
2021-05-24 14:37:41,15226.05,0
2021-05-24 14:37:43,15227.0,0
2021-05-24 14:37:44,15225.85,0
2021-05-24 14:37:45,15226.45,0
2021-05-24 14:37:46,15226.65,0
2021-05-24 14:37:47,15226.2,0
2021-05-24 14:37:48,15226.5,0
2021-05-24 14:37:49,15225.9,0
2021-05-24 14:37:50,15227.75,0
2021-05-24 14:37:51,15227.4,0
2021-05-24 14:37:52,15228.7,0
2021-05-24 14:37:53,15229.5,0
2021-05-24 14:37:54,15228.9,0
2021-05-24 14:37:55,15228.1,0
2021-05-24 14:37:56,15227.75,0
2021-05-24 14:37:57,15226.85,0
2021-05-24 14:37:58,15226.7,0
2021-05-24 14:37:59,15226.75,0
2021-05-24 14:38:01,15226.8,0
2021-05-24 14:38:02,15227.0,0
2021-05-24 14:38:03,15227.15,0
2021-05-24 14:38:05,15227.05,0
2021-05-24 14:38:06,15227.5,0
2021-05-24 14:38:07,15227.35,0
2021-05-24 14:38:10,15227.3,0
2021-05-24 14:38:11,15226.0,0
2021-05-24 14:38:12,15225.2,0
2021-05-24 14:38:13,15225.0,0
2021-05-24 14:38:15,15225.0,0
2021-05-24 14:38:16,15223.45,0
2021-05-24 14:38:17,15223.05,0
2021-05-24 14:38:18,15222.7,0
2021-05-24 14:38:19,15224.05,0
2021-05-24 14:38:20,15223.75,0
2021-05-24 14:38:21,15223.1,0
2021-05-24 14:38:22,15223.5,0
2021-05-24 14:38:23,15224.75,0
2021-05-24 14:38:24,15224.65,0
2021-05-24 14:38:25,15225.05,0
2021-05-24 14:38:26,15225.2,0
2021-05-24 14:38:27,15225.95,0
2021-05-24 14:38:28,15226.85,0
2021-05-24 14:38:29,15226.15,0
2021-05-24 14:38:31,15226.25,0
2021-05-24 14:38:33,15225.9,0
2021-05-24 14:38:36,15226.3,0
2021-05-24 14:38:39,15226.95,0
2021-05-24 14:38:41,15226.85,0
2021-05-24 14:38:40,15226.75,0
2021-05-24 14:38:42,15226.95,0
2021-05-24 14:38:43,15226.65,0
2021-05-24 14:38:44,15226.7,0
2021-05-24 14:38:45,15226.75,0
2021-05-24 14:38:46,15227.45,0
2021-05-24 14:38:47,15226.8,0
2021-05-24 14:38:48,15226.45,0
2021-05-24 14:38:49,15226.2,0
2021-05-24 14:38:50,15226.65,0
2021-05-24 14:38:51,15226.5,0
2021-05-24 14:38:52,15226.8,0
2021-05-24 14:38:53,15227.45,0
2021-05-24 14:38:54,15226.5,0
2021-05-24 14:38:55,15227.2,0
2021-05-24 14:38:56,15227.15,0
2021-05-24 14:38:57,15226.75,0
2021-05-24 14:38:58,15226.7,0
2021-05-24 14:38:59,15226.45,0
2021-05-24 14:39:00,15226.7,0
2021-05-24 14:39:01,15226.9,0
2021-05-24 14:39:02,15227.75,0
2021-05-24 14:39:03,15228.15,0
2021-05-24 14:39:05,15227.4,0
2021-05-24 14:39:06,15227.75,0
2021-05-24 14:39:07,15228.35,0
2021-05-24 14:39:09,15228.65,0
2021-05-24 14:39:10,15229.25,0
2021-05-24 14:39:11,15229.75,0
2021-05-24 14:39:12,15230.45,0
2021-05-24 14:39:13,15230.8,0
2021-05-24 14:39:15,15230.1,0
2021-05-24 14:39:16,15230.65,0
2021-05-24 14:39:17,15230.5,0
2021-05-24 14:39:18,15230.3,0
2021-05-24 14:39:19,15230.75,0
2021-05-24 14:39:20,15231.0,0
2021-05-24 14:39:21,15230.35,0
2021-05-24 14:39:22,15231.35,0
2021-05-24 14:39:23,15230.9,0
2021-05-24 14:39:24,15230.85,0
2021-05-24 14:39:25,15230.8,0
2021-05-24 14:39:26,15230.5,0
2021-05-24 14:39:28,15230.15,0
2021-05-24 14:39:29,15229.55,0
2021-05-24 14:39:30,15230.5,0
2021-05-24 14:39:31,15230.9,0
2021-05-24 14:39:32,15230.25,0
2021-05-24 14:39:33,15229.95,0
2021-05-24 14:39:35,15230.3,0
2021-05-24 14:39:36,15230.05,0
2021-05-24 14:39:37,15230.6,0
2021-05-24 14:39:38,15231.15,0
2021-05-24 14:39:39,15230.3,0
2021-05-24 14:39:40,15230.9,0
2021-05-24 14:39:41,15230.45,0
2021-05-24 14:39:42,15230.8,0
2021-05-24 14:39:43,15229.95,0
2021-05-24 14:39:44,15230.15,0
2021-05-24 14:39:45,15229.75,0
2021-05-24 14:39:46,15229.9,0
2021-05-24 14:39:47,15229.7,0
2021-05-24 14:39:48,15230.0,0
2021-05-24 14:39:49,15231.0,0
2021-05-24 14:39:50,15230.45,0
2021-05-24 14:39:51,15231.7,0
2021-05-24 14:39:52,15233.25,0
2021-05-24 14:39:53,15232.6,0
2021-05-24 14:39:54,15233.0,0
2021-05-24 14:39:55,15232.55,0
2021-05-24 14:39:56,15232.9,0
2021-05-24 14:39:58,15233.7,0
2021-05-24 14:39:59,15233.6,0
2021-05-24 14:40:00,15233.45,0
2021-05-24 14:40:01,15233.6,0
2021-05-24 14:40:02,15233.3,0
2021-05-24 14:40:03,15233.25,0
2021-05-24 14:40:05,15233.85,0
2021-05-24 14:40:06,15233.65,0
2021-05-24 14:40:08,15235.85,0
2021-05-24 14:40:10,15235.85,0
2021-05-24 14:40:11,15235.15,0
2021-05-24 14:40:12,15235.7,0
2021-05-24 14:40:14,15235.2,0
2021-05-24 14:40:15,15235.5,0
2021-05-24 14:40:16,15235.95,0
2021-05-24 14:40:17,15236.2,0
2021-05-24 14:40:18,15235.65,0
2021-05-24 14:40:19,15235.3,0
2021-05-24 14:40:20,15235.55,0
2021-05-24 14:40:21,15235.4,0
2021-05-24 14:40:22,15235.45,0
2021-05-24 14:40:23,15235.75,0
2021-05-24 14:40:24,15236.0,0
2021-05-24 14:40:25,15236.4,0
2021-05-24 14:40:26,15236.85,0
2021-05-24 14:40:27,15236.45,0
2021-05-24 14:40:28,15236.5,0
2021-05-24 14:40:29,15236.9,0
2021-05-24 14:40:30,15236.4,0
2021-05-24 14:40:31,15236.3,0
2021-05-24 14:40:32,15237.65,0
2021-05-24 14:40:34,15238.9,0
2021-05-24 14:40:35,15238.0,0
2021-05-24 14:40:36,15238.55,0
2021-05-24 14:40:37,15237.5,0
2021-05-24 14:40:38,15238.5,0
2021-05-24 14:40:40,15237.75,0
2021-05-24 14:40:41,15237.25,0
2021-05-24 14:40:42,15237.95,0
2021-05-24 14:40:43,15237.95,0
2021-05-24 14:40:45,15236.95,0
2021-05-24 14:40:46,15236.3,0
2021-05-24 14:40:48,15235.95,0
2021-05-24 14:40:49,15235.4,0
2021-05-24 14:40:50,15234.85,0
2021-05-24 14:40:51,15234.85,0
2021-05-24 14:40:52,15235.75,0
2021-05-24 14:40:55,15234.5,0
2021-05-24 14:40:56,15235.75,0
2021-05-24 14:40:57,15235.15,0
2021-05-24 14:40:58,15234.95,0
2021-05-24 14:40:59,15234.45,0
2021-05-24 14:41:00,15234.65,0
2021-05-24 14:41:02,15235.3,0
2021-05-24 14:41:03,15234.05,0
2021-05-24 14:41:04,15234.5,0
2021-05-24 14:41:05,15235.0,0
2021-05-24 14:41:06,15234.75,0
2021-05-24 14:41:07,15234.35,0
2021-05-24 14:41:08,15234.1,0
2021-05-24 14:41:09,15234.95,0
2021-05-24 14:41:10,15234.75,0
2021-05-24 14:41:11,15234.85,0
2021-05-24 14:41:12,15235.2,0
2021-05-24 14:41:13,15234.8,0
2021-05-24 14:41:14,15235.3,0
2021-05-24 14:41:15,15234.35,0
2021-05-24 14:41:16,15234.5,0
2021-05-24 14:41:17,15234.55,0
2021-05-24 14:41:18,15234.6,0
2021-05-24 14:41:19,15235.2,0
2021-05-24 14:41:20,15235.45,0
2021-05-24 14:41:21,15235.1,0
2021-05-24 14:41:22,15235.15,0
2021-05-24 14:41:23,15235.35,0
2021-05-24 14:41:24,15235.25,0
2021-05-24 14:41:25,15234.55,0
2021-05-24 14:41:26,15233.3,0
2021-05-24 14:41:27,15234.3,0
2021-05-24 14:41:28,15234.95,0
2021-05-24 14:41:30,15233.45,0
2021-05-24 14:41:31,15233.0,0
2021-05-24 14:41:33,15232.6,0
2021-05-24 14:41:34,15232.3,0
2021-05-24 14:41:37,15233.2,0
2021-05-24 14:41:38,15232.85,0
2021-05-24 14:41:39,15232.6,0
2021-05-24 14:41:40,15232.2,0
2021-05-24 14:41:41,15232.3,0
2021-05-24 14:41:42,15233.1,0
2021-05-24 14:41:44,15233.25,0
2021-05-24 14:41:45,15232.75,0
2021-05-24 14:41:46,15233.6,0
2021-05-24 14:41:47,15233.25,0
2021-05-24 14:41:48,15233.25,0
2021-05-24 14:41:50,15232.9,0
2021-05-24 14:41:51,15233.3,0
2021-05-24 14:41:52,15232.75,0
2021-05-24 14:41:53,15232.55,0
2021-05-24 14:41:55,15233.1,0
2021-05-24 14:41:56,15232.15,0
2021-05-24 14:41:58,15231.75,0
2021-05-24 14:41:59,15231.95,0
2021-05-24 14:42:00,15231.9,0
2021-05-24 14:42:02,15231.7,0
2021-05-24 14:42:03,15232.0,0
2021-05-24 14:42:04,15232.8,0
2021-05-24 14:42:05,15231.85,0
2021-05-24 14:42:06,15232.25,0
2021-05-24 14:42:07,15232.9,0
2021-05-24 14:42:08,15232.95,0
2021-05-24 14:42:09,15233.65,0
2021-05-24 14:42:10,15233.45,0
2021-05-24 14:42:12,15233.05,0
2021-05-24 14:42:13,15234.4,0
2021-05-24 14:42:14,15233.7,0
2021-05-24 14:42:15,15232.75,0
2021-05-24 14:42:16,15233.45,0
2021-05-24 14:42:17,15232.9,0
2021-05-24 14:42:18,15233.35,0
2021-05-24 14:42:19,15233.35,0
2021-05-24 14:42:20,15233.35,0
2021-05-24 14:42:21,15233.55,0
2021-05-24 14:42:22,15234.45,0
2021-05-24 14:42:23,15233.7,0
2021-05-24 14:42:24,15233.55,0
2021-05-24 14:42:25,15233.4,0
2021-05-24 14:42:27,15233.35,0
2021-05-24 14:42:28,15233.95,0
2021-05-24 14:42:29,15234.15,0
2021-05-24 14:42:30,15234.25,0
2021-05-24 14:42:31,15235.0,0
2021-05-24 14:42:32,15234.55,0
2021-05-24 14:42:34,15234.4,0
2021-05-24 14:42:36,15234.3,0
2021-05-24 14:42:37,15234.5,0
2021-05-24 14:42:38,15234.4,0
2021-05-24 14:42:40,15234.05,0
2021-05-24 14:42:41,15234.2,0
2021-05-24 14:42:42,15234.35,0
2021-05-24 14:42:43,15234.1,0
2021-05-24 14:42:44,15234.6,0
2021-05-24 14:42:45,15233.5,0
2021-05-24 14:42:47,15233.95,0
2021-05-24 14:42:48,15234.5,0
2021-05-24 14:42:49,15234.95,0
2021-05-24 14:42:50,15234.1,0
2021-05-24 14:42:51,15234.35,0
2021-05-24 14:42:53,15233.85,0
2021-05-24 14:42:54,15233.45,0
2021-05-24 14:42:55,15234.05,0
2021-05-24 14:42:56,15233.75,0
2021-05-24 14:42:57,15234.3,0
2021-05-24 14:42:59,15233.9,0
2021-05-24 14:43:00,15234.2,0
2021-05-24 14:43:01,15234.65,0
2021-05-24 14:43:02,15234.95,0
2021-05-24 14:43:03,15235.0,0
2021-05-24 14:43:04,15235.3,0
2021-05-24 14:43:05,15235.3,0
2021-05-24 14:43:06,15234.85,0
2021-05-24 14:43:07,15235.5,0
2021-05-24 14:43:08,15235.35,0
2021-05-24 14:43:09,15235.25,0
2021-05-24 14:43:10,15234.75,0
2021-05-24 14:43:11,15234.85,0
2021-05-24 14:43:12,15234.3,0
2021-05-24 14:43:13,15234.35,0
2021-05-24 14:43:14,15233.95,0
2021-05-24 14:43:15,15234.4,0
2021-05-24 14:43:16,15235.15,0
2021-05-24 14:43:17,15235.15,0
2021-05-24 14:43:18,15234.1,0
2021-05-24 14:43:19,15234.0,0
2021-05-24 14:43:20,15234.05,0
2021-05-24 14:43:21,15234.45,0
2021-05-24 14:43:22,15234.55,0
2021-05-24 14:43:23,15233.6,0
2021-05-24 14:43:24,15234.2,0
2021-05-24 14:43:25,15235.4,0
2021-05-24 14:43:26,15234.05,0
2021-05-24 14:43:27,15234.05,0
2021-05-24 14:43:28,15234.6,0
2021-05-24 14:43:29,15234.35,0
2021-05-24 14:43:30,15234.5,0
2021-05-24 14:43:31,15233.75,0
2021-05-24 14:43:32,15233.85,0
2021-05-24 14:43:33,15233.6,0
2021-05-24 14:43:34,15233.8,0
2021-05-24 14:43:35,15233.6,0
2021-05-24 14:43:36,15233.7,0
2021-05-24 14:43:37,15232.55,0
2021-05-24 14:43:38,15232.5,0
2021-05-24 14:43:39,15232.9,0
2021-05-24 14:43:41,15232.4,0
2021-05-24 14:43:42,15233.15,0
2021-05-24 14:43:43,15233.2,0
2021-05-24 14:43:44,15232.8,0
2021-05-24 14:43:45,15232.9,0
2021-05-24 14:43:46,15232.95,0
2021-05-24 14:43:47,15232.1,0
2021-05-24 14:43:48,15230.5,0
2021-05-24 14:43:49,15230.9,0
2021-05-24 14:43:50,15230.65,0
2021-05-24 14:43:51,15230.9,0
2021-05-24 14:43:52,15231.75,0
2021-05-24 14:43:53,15231.6,0
2021-05-24 14:43:54,15231.25,0
2021-05-24 14:43:55,15230.55,0
2021-05-24 14:43:56,15230.85,0
2021-05-24 14:43:57,15230.2,0
2021-05-24 14:43:58,15230.0,0
2021-05-24 14:43:59,15229.95,0
2021-05-24 14:44:00,15230.0,0
2021-05-24 14:44:01,15230.85,0
2021-05-24 14:44:02,15230.75,0
2021-05-24 14:44:03,15230.8,0
2021-05-24 14:44:04,15230.55,0
2021-05-24 14:44:05,15231.8,0
2021-05-24 14:44:06,15231.35,0
2021-05-24 14:44:07,15230.95,0
2021-05-24 14:44:08,15231.2,0
2021-05-24 14:44:10,15232.1,0
2021-05-24 14:44:11,15231.1,0
2021-05-24 14:44:12,15231.55,0
2021-05-24 14:44:13,15231.2,0
2021-05-24 14:44:14,15230.75,0
2021-05-24 14:44:15,15230.4,0
2021-05-24 14:44:16,15230.4,0
2021-05-24 14:44:17,15229.9,0
2021-05-24 14:44:18,15230.8,0
2021-05-24 14:44:19,15231.35,0
2021-05-24 14:44:20,15230.55,0
2021-05-24 14:44:21,15231.05,0
2021-05-24 14:44:22,15230.85,0
2021-05-24 14:44:23,15230.6,0
2021-05-24 14:44:24,15230.6,0
2021-05-24 14:44:25,15231.15,0
2021-05-24 14:44:26,15231.05,0
2021-05-24 14:44:27,15230.9,0
2021-05-24 14:44:28,15231.35,0
2021-05-24 14:44:29,15231.25,0
2021-05-24 14:44:30,15231.75,0
2021-05-24 14:44:31,15231.5,0
2021-05-24 14:44:32,15231.75,0
2021-05-24 14:44:33,15232.2,0
2021-05-24 14:44:34,15232.35,0
2021-05-24 14:44:35,15231.8,0
2021-05-24 14:44:36,15232.4,0
2021-05-24 14:44:37,15232.6,0
2021-05-24 14:44:38,15231.65,0
2021-05-24 14:44:39,15232.25,0
2021-05-24 14:44:41,15232.6,0
2021-05-24 14:44:42,15232.0,0
2021-05-24 14:44:43,15232.75,0
2021-05-24 14:44:44,15232.25,0
2021-05-24 14:44:45,15232.45,0
2021-05-24 14:44:46,15232.9,0
2021-05-24 14:44:47,15232.85,0
2021-05-24 14:44:48,15233.2,0
2021-05-24 14:44:49,15232.95,0
2021-05-24 14:44:50,15232.35,0
2021-05-24 14:44:51,15232.75,0
2021-05-24 14:44:52,15232.9,0
2021-05-24 14:44:53,15233.6,0
2021-05-24 14:44:54,15233.15,0
2021-05-24 14:44:55,15233.95,0
2021-05-24 14:44:56,15232.95,0
2021-05-24 14:44:57,15232.1,0
2021-05-24 14:44:59,15233.0,0
2021-05-24 14:45:00,15232.75,0
2021-05-24 14:45:01,15232.85,0
2021-05-24 14:45:02,15232.9,0
2021-05-24 14:45:03,15232.85,0
2021-05-24 14:45:04,15235.7,0
2021-05-24 14:45:05,15235.5,0
2021-05-24 14:45:06,15235.4,0
2021-05-24 14:45:07,15236.0,0
2021-05-24 14:45:08,15236.0,0
2021-05-24 14:45:09,15237.25,0
2021-05-24 14:45:10,15237.35,0
2021-05-24 14:45:11,15236.8,0
2021-05-24 14:45:12,15236.6,0
2021-05-24 14:45:13,15236.85,0
2021-05-24 14:45:14,15236.85,0
2021-05-24 14:45:15,15237.2,0
2021-05-24 14:45:16,15237.1,0
2021-05-24 14:45:17,15236.65,0
2021-05-24 14:45:18,15237.1,0
2021-05-24 14:45:19,15237.55,0
2021-05-24 14:45:20,15236.5,0
2021-05-24 14:45:21,15237.25,0
2021-05-24 14:45:22,15237.05,0
2021-05-24 14:45:23,15236.8,0
2021-05-24 14:45:24,15237.6,0
2021-05-24 14:45:25,15237.15,0
2021-05-24 14:45:26,15237.25,0
2021-05-24 14:45:27,15237.05,0
2021-05-24 14:45:28,15236.8,0
2021-05-24 14:45:29,15236.65,0
2021-05-24 14:45:30,15236.7,0
2021-05-24 14:45:31,15237.05,0
2021-05-24 14:45:32,15236.25,0
2021-05-24 14:45:33,15235.8,0
2021-05-24 14:45:34,15236.1,0
2021-05-24 14:45:35,15236.6,0
2021-05-24 14:45:36,15236.4,0
2021-05-24 14:45:37,15235.85,0
2021-05-24 14:45:38,15236.4,0
2021-05-24 14:45:39,15236.8,0
2021-05-24 14:45:40,15237.1,0
2021-05-24 14:45:41,15236.35,0
2021-05-24 14:45:42,15236.3,0
2021-05-24 14:45:43,15235.4,0
2021-05-24 14:45:44,15235.65,0
2021-05-24 14:45:45,15235.95,0
2021-05-24 14:45:46,15235.85,0
2021-05-24 14:45:47,15236.5,0
2021-05-24 14:45:49,15237.5,0
2021-05-24 14:45:50,15236.2,0
2021-05-24 14:45:51,15236.15,0
2021-05-24 14:45:52,15236.3,0
2021-05-24 14:45:53,15236.9,0
2021-05-24 14:45:54,15236.95,0
2021-05-24 14:45:55,15237.8,0
2021-05-24 14:45:56,15237.55,0
2021-05-24 14:45:57,15238.0,0
2021-05-24 14:45:58,15238.3,0
2021-05-24 14:45:59,15238.85,0
2021-05-24 14:46:00,15238.3,0
2021-05-24 14:46:01,15237.85,0
2021-05-24 14:46:02,15237.7,0
2021-05-24 14:46:03,15237.55,0
2021-05-24 14:46:04,15237.3,0
2021-05-24 14:46:05,15237.65,0
2021-05-24 14:46:06,15237.35,0
2021-05-24 14:46:07,15237.9,0
2021-05-24 14:46:08,15237.95,0
2021-05-24 14:46:09,15237.7,0
2021-05-24 14:46:10,15237.9,0
2021-05-24 14:46:11,15237.85,0
2021-05-24 14:46:12,15238.0,0
2021-05-24 14:46:13,15237.9,0
2021-05-24 14:46:14,15238.0,0
2021-05-24 14:46:15,15237.55,0
2021-05-24 14:46:16,15238.25,0
2021-05-24 14:46:17,15237.6,0
2021-05-24 14:46:18,15238.15,0
2021-05-24 14:46:19,15238.3,0
2021-05-24 14:46:20,15238.0,0
2021-05-24 14:46:22,15238.5,0
2021-05-24 14:46:23,15238.85,0
2021-05-24 14:46:24,15238.4,0
2021-05-24 14:46:25,15239.1,0
2021-05-24 14:46:26,15238.7,0
2021-05-24 14:46:27,15238.55,0
2021-05-24 14:46:28,15238.15,0
2021-05-24 14:46:29,15238.4,0
2021-05-24 14:46:30,15238.8,0
2021-05-24 14:46:31,15238.2,0
2021-05-24 14:46:32,15238.6,0
2021-05-24 14:46:33,15238.1,0
2021-05-24 14:46:34,15238.85,0
2021-05-24 14:46:35,15238.45,0
2021-05-24 14:46:36,15238.4,0
2021-05-24 14:46:37,15238.45,0
2021-05-24 14:46:38,15238.25,0
2021-05-24 14:46:39,15238.45,0
2021-05-24 14:46:40,15238.15,0
2021-05-24 14:46:41,15238.25,0
2021-05-24 14:46:42,15238.55,0
2021-05-24 14:46:43,15239.1,0
2021-05-24 14:46:44,15238.45,0
2021-05-24 14:46:45,15239.25,0
2021-05-24 14:46:46,15239.0,0
2021-05-24 14:46:47,15238.75,0
2021-05-24 14:46:48,15239.1,0
2021-05-24 14:46:49,15238.65,0
2021-05-24 14:46:50,15239.15,0
2021-05-24 14:46:51,15238.9,0
2021-05-24 14:46:52,15239.6,0
2021-05-24 14:46:53,15239.75,0
2021-05-24 14:46:54,15239.0,0
2021-05-24 14:46:55,15239.15,0
2021-05-24 14:46:56,15239.6,0
2021-05-24 14:46:58,15239.5,0
2021-05-24 14:46:59,15239.15,0
2021-05-24 14:47:00,15239.55,0
2021-05-24 14:47:01,15240.75,0
2021-05-24 14:47:02,15240.5,0
2021-05-24 14:47:03,15240.2,0
2021-05-24 14:47:04,15241.15,0
2021-05-24 14:47:05,15241.35,0
2021-05-24 14:47:06,15241.9,0
2021-05-24 14:47:07,15241.75,0
2021-05-24 14:47:08,15242.65,0
2021-05-24 14:47:09,15242.9,0
2021-05-24 14:47:10,15242.85,0
2021-05-24 14:47:11,15242.35,0
2021-05-24 14:47:14,15241.95,0
2021-05-24 14:47:15,15242.25,0
2021-05-24 14:47:16,15242.7,0
2021-05-24 14:47:18,15243.05,0
2021-05-24 14:47:20,15243.15,0
2021-05-24 14:47:21,15243.8,0
2021-05-24 14:47:23,15243.8,0
2021-05-24 14:47:24,15244.6,0
2021-05-24 14:47:25,15245.1,0
2021-05-24 14:47:27,15245.05,0
2021-05-24 14:47:28,15246.05,0
2021-05-24 14:47:31,15246.05,0
2021-05-24 14:47:32,15246.1,0
2021-05-24 14:47:33,15246.3,0
2021-05-24 14:47:37,15245.9,0
2021-05-24 14:47:38,15245.25,0
2021-05-24 14:47:39,15244.45,0
2021-05-24 14:47:40,15244.85,0
2021-05-24 14:47:42,15243.8,0
2021-05-24 14:47:43,15243.9,0
2021-05-24 14:47:44,15243.6,0
2021-05-24 14:47:45,15243.75,0
2021-05-24 14:47:47,15243.25,0
2021-05-24 14:47:48,15244.2,0
2021-05-24 14:47:49,15244.6,0
2021-05-24 14:47:50,15244.1,0
2021-05-24 14:47:51,15244.4,0
2021-05-24 14:47:52,15244.5,0
2021-05-24 14:47:53,15245.2,0
2021-05-24 14:47:54,15246.3,0
2021-05-24 14:47:55,15246.85,0
2021-05-24 14:47:56,15246.15,0
2021-05-24 14:47:57,15246.75,0
2021-05-24 14:47:58,15247.0,0
2021-05-24 14:47:59,15247.0,0
2021-05-24 14:48:00,15247.45,0
2021-05-24 14:48:01,15247.4,0
2021-05-24 14:48:02,15248.35,0
2021-05-24 14:48:03,15249.05,0
2021-05-24 14:48:04,15250.05,0
2021-05-24 14:48:05,15249.65,0
2021-05-24 14:48:06,15249.3,0
2021-05-24 14:48:07,15249.25,0
2021-05-24 14:48:09,15249.65,0
2021-05-24 14:48:10,15250.7,0
2021-05-24 14:48:11,15251.15,0
2021-05-24 14:48:12,15251.3,0
2021-05-24 14:48:13,15251.7,0
2021-05-24 14:48:15,15249.55,0
2021-05-24 14:48:17,15247.55,0
2021-05-24 14:48:18,15247.1,0
2021-05-24 14:48:19,15245.7,0
2021-05-24 14:48:20,15245.4,0
2021-05-24 14:48:21,15244.2,0
2021-05-24 14:48:22,15245.65,0
2021-05-24 14:48:23,15244.25,0
2021-05-24 14:48:24,15244.75,0
2021-05-24 14:48:25,15243.75,0
2021-05-24 14:48:26,15243.95,0
2021-05-24 14:48:27,15243.95,0
2021-05-24 14:48:28,15243.75,0
2021-05-24 14:48:29,15243.7,0
2021-05-24 14:48:31,15244.35,0
2021-05-24 14:48:32,15244.25,0
2021-05-24 14:48:33,15245.65,0
2021-05-24 14:48:34,15246.1,0
2021-05-24 14:48:35,15245.25,0
2021-05-24 14:48:36,15245.45,0
2021-05-24 14:48:37,15246.05,0
2021-05-24 14:48:38,15246.55,0
2021-05-24 14:48:39,15249.35,0
2021-05-24 14:48:40,15249.9,0
2021-05-24 14:48:41,15249.95,0
2021-05-24 14:48:42,15248.85,0
2021-05-24 14:48:43,15248.8,0
2021-05-24 14:48:44,15248.5,0
2021-05-24 14:48:45,15248.8,0
2021-05-24 14:48:46,15250.85,0
2021-05-24 14:48:47,15250.45,0
2021-05-24 14:48:48,15250.35,0
2021-05-24 14:48:49,15251.15,0
2021-05-24 14:48:50,15250.05,0
2021-05-24 14:48:51,15251.05,0
2021-05-24 14:48:52,15250.15,0
2021-05-24 14:48:53,15250.35,0
2021-05-24 14:48:54,15250.3,0
2021-05-24 14:48:55,15250.9,0
2021-05-24 14:48:56,15250.6,0
2021-05-24 14:48:57,15249.5,0
2021-05-24 14:48:58,15250.15,0
2021-05-24 14:48:59,15249.2,0
2021-05-24 14:49:00,15250.15,0
2021-05-24 14:49:01,15249.8,0
2021-05-24 14:49:02,15250.85,0
2021-05-24 14:49:03,15249.75,0
2021-05-24 14:49:04,15249.6,0
2021-05-24 14:49:05,15250.35,0
2021-05-24 14:49:06,15249.65,0
2021-05-24 14:49:07,15249.85,0
2021-05-24 14:49:08,15249.3,0
2021-05-24 14:49:09,15248.35,0
2021-05-24 14:49:10,15247.05,0
2021-05-24 14:49:11,15246.25,0
2021-05-24 14:49:12,15245.95,0
2021-05-24 14:49:13,15246.0,0
2021-05-24 14:49:14,15245.1,0
2021-05-24 14:49:15,15243.8,0
2021-05-24 14:49:16,15244.6,0
2021-05-24 14:49:17,15244.0,0
2021-05-24 14:49:18,15243.2,0
2021-05-24 14:49:19,15241.8,0
2021-05-24 14:49:20,15239.55,0
2021-05-24 14:49:21,15238.8,0
2021-05-24 14:49:22,15238.7,0
2021-05-24 14:49:23,15238.5,0
2021-05-24 14:49:24,15238.95,0
2021-05-24 14:49:25,15239.7,0
2021-05-24 14:49:26,15239.05,0
2021-05-24 14:49:27,15239.95,0
2021-05-24 14:49:28,15240.0,0
2021-05-24 14:49:30,15240.55,0
2021-05-24 14:49:31,15242.25,0
2021-05-24 14:49:32,15242.4,0
2021-05-24 14:49:33,15242.05,0
2021-05-24 14:49:34,15243.05,0
2021-05-24 14:49:35,15241.35,0
2021-05-24 14:49:37,15241.3,0
2021-05-24 14:49:38,15241.9,0
2021-05-24 14:49:39,15241.6,0
2021-05-24 14:49:40,15241.05,0
2021-05-24 14:49:41,15241.3,0
2021-05-24 14:49:42,15240.8,0
2021-05-24 14:49:43,15241.6,0
2021-05-24 14:49:44,15240.4,0
2021-05-24 14:49:45,15240.45,0
2021-05-24 14:49:48,15240.5,0
2021-05-24 14:49:49,15241.05,0
2021-05-24 14:49:51,15241.9,0
2021-05-24 14:49:52,15242.1,0
2021-05-24 14:49:54,15241.15,0
2021-05-24 14:49:55,15242.05,0
2021-05-24 14:49:56,15242.75,0
2021-05-24 14:49:57,15242.6,0
2021-05-24 14:49:58,15242.75,0
2021-05-24 14:49:59,15242.3,0
2021-05-24 14:50:01,15245.0,0
2021-05-24 14:50:02,15244.5,0
2021-05-24 14:50:03,15243.35,0
2021-05-24 14:50:05,15243.8,0
2021-05-24 14:50:06,15244.4,0
2021-05-24 14:50:08,15245.35,0
2021-05-24 14:50:09,15244.7,0
2021-05-24 14:50:10,15246.25,0
2021-05-24 14:50:11,15246.5,0
2021-05-24 14:50:12,15246.5,0
2021-05-24 14:50:13,15246.35,0
2021-05-24 14:50:14,15246.9,0
2021-05-24 14:50:16,15247.25,0
2021-05-24 14:50:17,15248.0,0
2021-05-24 14:50:19,15248.05,0
2021-05-24 14:50:20,15248.2,0
2021-05-24 14:50:21,15247.75,0
2021-05-24 14:50:22,15247.85,0
2021-05-24 14:50:24,15247.65,0
2021-05-24 14:50:25,15246.85,0
2021-05-24 14:50:26,15247.55,0
2021-05-24 14:50:27,15247.2,0
2021-05-24 14:50:28,15247.9,0
2021-05-24 14:50:29,15247.55,0
2021-05-24 14:50:30,15247.7,0
2021-05-24 14:50:31,15247.75,0
2021-05-24 14:50:32,15248.05,0
2021-05-24 14:50:33,15248.45,0
2021-05-24 14:50:34,15248.25,0
2021-05-24 14:50:35,15248.4,0
2021-05-24 14:50:36,15249.1,0
2021-05-24 14:50:37,15249.2,0
2021-05-24 14:50:38,15249.05,0
2021-05-24 14:50:39,15248.15,0
2021-05-24 14:50:40,15248.35,0
2021-05-24 14:50:41,15248.25,0
2021-05-24 14:50:42,15247.9,0
2021-05-24 14:50:43,15247.75,0
2021-05-24 14:50:45,15247.9,0
2021-05-24 14:50:46,15248.4,0
2021-05-24 14:50:47,15247.8,0
2021-05-24 14:50:48,15248.65,0
2021-05-24 14:50:49,15247.85,0
2021-05-24 14:50:50,15248.95,0
2021-05-24 14:50:51,15248.75,0
2021-05-24 14:50:52,15248.9,0
2021-05-24 14:50:53,15247.9,0
2021-05-24 14:50:54,15247.0,0
2021-05-24 14:50:55,15249.2,0
2021-05-24 14:50:57,15247.8,0
2021-05-24 14:50:58,15248.25,0
2021-05-24 14:50:59,15246.65,0
2021-05-24 14:51:00,15247.35,0
2021-05-24 14:51:01,15247.7,0
2021-05-24 14:51:03,15247.1,0
2021-05-24 14:51:04,15247.65,0
2021-05-24 14:51:05,15246.85,0
2021-05-24 14:51:06,15246.65,0
2021-05-24 14:51:07,15244.85,0
2021-05-24 14:51:08,15244.05,0
2021-05-24 14:51:09,15243.9,0
2021-05-24 14:51:10,15244.45,0
2021-05-24 14:51:11,15243.3,0
2021-05-24 14:51:12,15242.7,0
2021-05-24 14:51:13,15243.25,0
2021-05-24 14:51:14,15242.4,0
2021-05-24 14:51:15,15241.75,0
2021-05-24 14:51:16,15242.1,0
2021-05-24 14:51:17,15242.9,0
2021-05-24 14:51:18,15242.0,0
2021-05-24 14:51:19,15244.2,0
2021-05-24 14:51:20,15244.4,0
2021-05-24 14:51:21,15245.85,0
2021-05-24 14:51:22,15245.85,0
2021-05-24 14:51:23,15244.7,0
2021-05-24 14:51:24,15245.5,0
2021-05-24 14:51:25,15244.9,0
2021-05-24 14:51:26,15245.5,0
2021-05-24 14:51:27,15246.6,0
2021-05-24 14:51:29,15246.5,0
2021-05-24 14:51:30,15246.95,0
2021-05-24 14:51:31,15247.45,0
2021-05-24 14:51:32,15247.65,0
2021-05-24 14:51:33,15247.1,0
2021-05-24 14:51:34,15247.4,0
2021-05-24 14:51:35,15247.9,0
2021-05-24 14:51:36,15248.35,0
2021-05-24 14:51:37,15247.6,0
2021-05-24 14:51:38,15247.55,0
2021-05-24 14:51:39,15247.7,0
2021-05-24 14:51:41,15248.25,0
2021-05-24 14:51:42,15247.95,0
2021-05-24 14:51:43,15247.65,0
2021-05-24 14:51:44,15247.6,0
2021-05-24 14:51:45,15247.5,0
2021-05-24 14:51:46,15246.5,0
2021-05-24 14:51:47,15246.45,0
2021-05-24 14:51:48,15247.15,0
2021-05-24 14:51:49,15247.7,0
2021-05-24 14:51:50,15247.4,0
2021-05-24 14:51:51,15246.65,0
2021-05-24 14:51:52,15247.25,0
2021-05-24 14:51:53,15247.0,0
2021-05-24 14:51:54,15247.45,0
2021-05-24 14:51:56,15247.65,0
2021-05-24 14:51:58,15248.05,0
2021-05-24 14:52:01,15248.4,0
2021-05-24 14:52:02,15248.6,0
2021-05-24 14:52:03,15248.5,0
2021-05-24 14:52:04,15248.0,0
2021-05-24 14:52:05,15248.65,0
2021-05-24 14:52:06,15249.0,0
2021-05-24 14:52:08,15249.2,0
2021-05-24 14:52:09,15249.15,0
2021-05-24 14:52:10,15248.85,0
2021-05-24 14:52:11,15249.4,0
2021-05-24 14:52:12,15250.15,0
2021-05-24 14:52:13,15250.6,0
2021-05-24 14:52:14,15250.5,0
2021-05-24 14:52:17,15252.1,0
2021-05-24 14:52:18,15252.15,0
2021-05-24 14:52:19,15251.8,0
2021-05-24 14:52:20,15251.85,0
2021-05-24 14:52:21,15253.7,0
2021-05-24 14:52:22,15253.5,0
2021-05-24 14:52:23,15252.95,0
2021-05-24 14:52:24,15253.55,0
2021-05-24 14:52:25,15253.4,0
2021-05-24 14:52:26,15253.45,0
2021-05-24 14:52:27,15253.45,0
2021-05-24 14:52:28,15252.05,0
2021-05-24 14:52:29,15251.8,0
2021-05-24 14:52:30,15251.2,0
2021-05-24 14:52:31,15251.65,0
2021-05-24 14:52:32,15251.6,0
2021-05-24 14:52:33,15251.6,0
2021-05-24 14:52:34,15253.05,0
2021-05-24 14:52:35,15252.5,0
2021-05-24 14:52:36,15251.65,0
2021-05-24 14:52:37,15251.6,0
2021-05-24 14:52:38,15252.6,0
2021-05-24 14:52:39,15252.0,0
2021-05-24 14:52:40,15251.95,0
2021-05-24 14:52:41,15252.25,0
2021-05-24 14:52:42,15250.95,0
2021-05-24 14:52:43,15251.7,0
2021-05-24 14:52:44,15251.1,0
2021-05-24 14:52:45,15251.15,0
2021-05-24 14:52:46,15251.6,0
2021-05-24 14:52:47,15252.6,0
2021-05-24 14:52:48,15253.1,0
2021-05-24 14:52:49,15254.0,0
2021-05-24 14:52:50,15254.2,0
2021-05-24 14:52:51,15253.7,0
2021-05-24 14:52:52,15254.6,0
2021-05-24 14:52:53,15254.8,0
2021-05-24 14:52:54,15254.95,0
2021-05-24 14:52:55,15255.6,0
2021-05-24 14:52:56,15255.85,0
2021-05-24 14:52:57,15255.15,0
2021-05-24 14:52:58,15255.05,0
2021-05-24 14:52:59,15255.35,0
2021-05-24 14:53:00,15254.4,0
2021-05-24 14:53:01,15255.75,0
2021-05-24 14:53:02,15255.1,0
2021-05-24 14:53:03,15255.05,0
2021-05-24 14:53:04,15254.8,0
2021-05-24 14:53:05,15254.7,0
2021-05-24 14:53:06,15253.65,0
2021-05-24 14:53:07,15254.75,0
2021-05-24 14:53:08,15254.55,0
2021-05-24 14:53:09,15254.0,0
2021-05-24 14:53:10,15254.45,0
2021-05-24 14:53:11,15254.2,0
2021-05-24 14:53:12,15253.85,0
2021-05-24 14:53:13,15253.4,0
2021-05-24 14:53:14,15253.65,0
2021-05-24 14:53:15,15253.85,0
2021-05-24 14:53:16,15253.5,0
2021-05-24 14:53:17,15253.8,0
2021-05-24 14:53:18,15254.3,0
2021-05-24 14:53:19,15255.35,0
2021-05-24 14:53:20,15254.65,0
2021-05-24 14:53:21,15255.15,0
2021-05-24 14:53:22,15254.75,0
2021-05-24 14:53:23,15255.1,0
2021-05-24 14:53:24,15254.55,0
2021-05-24 14:53:25,15254.9,0
2021-05-24 14:53:26,15254.75,0
2021-05-24 14:53:27,15254.25,0
2021-05-24 14:53:29,15254.8,0
2021-05-24 14:53:30,15254.9,0
2021-05-24 14:53:31,15254.15,0
2021-05-24 14:53:32,15254.45,0
2021-05-24 14:53:33,15253.75,0
2021-05-24 14:53:34,15253.35,0
2021-05-24 14:53:35,15254.45,0
2021-05-24 14:53:36,15253.85,0
2021-05-24 14:53:37,15255.1,0
2021-05-24 14:53:38,15254.0,0
2021-05-24 14:53:39,15253.7,0
2021-05-24 14:53:40,15254.0,0
2021-05-24 14:53:41,15254.95,0
2021-05-24 14:53:42,15254.5,0
2021-05-24 14:53:43,15254.4,0
2021-05-24 14:53:44,15255.4,0
2021-05-24 14:53:45,15254.65,0
2021-05-24 14:53:46,15255.75,0
2021-05-24 14:53:47,15255.45,0
2021-05-24 14:53:48,15254.9,0
2021-05-24 14:53:49,15254.2,0
2021-05-24 14:53:50,15254.35,0
2021-05-24 14:53:51,15253.75,0
2021-05-24 14:53:52,15253.1,0
2021-05-24 14:53:53,15253.7,0
2021-05-24 14:53:54,15252.65,0
2021-05-24 14:53:55,15253.75,0
2021-05-24 14:53:57,15253.65,0
2021-05-24 14:53:58,15253.25,0
2021-05-24 14:53:59,15253.25,0
2021-05-24 14:54:00,15252.9,0
2021-05-24 14:54:01,15253.2,0
2021-05-24 14:54:03,15253.0,0
2021-05-24 14:54:05,15252.7,0
2021-05-24 14:54:06,15253.6,0
2021-05-24 14:54:07,15253.9,0
2021-05-24 14:54:09,15254.25,0
2021-05-24 14:54:10,15253.95,0
2021-05-24 14:54:12,15253.8,0
2021-05-24 14:54:13,15254.65,0
2021-05-24 14:54:15,15254.05,0
2021-05-24 14:54:16,15253.95,0
2021-05-24 14:54:17,15254.3,0
2021-05-24 14:54:18,15254.1,0
2021-05-24 14:54:19,15253.55,0
2021-05-24 14:54:20,15253.55,0
2021-05-24 14:54:22,15255.0,0
2021-05-24 14:54:25,15253.85,0
2021-05-24 14:54:27,15253.95,0
2021-05-24 14:54:29,15255.05,0
2021-05-24 14:54:30,15255.2,0
2021-05-24 14:54:31,15256.0,0
2021-05-24 14:54:32,15254.9,0
2021-05-24 14:54:33,15255.5,0
2021-05-24 14:54:34,15254.3,0
2021-05-24 14:54:35,15254.4,0
2021-05-24 14:54:36,15254.1,0
2021-05-24 14:54:37,15253.55,0
2021-05-24 14:54:38,15253.65,0
2021-05-24 14:54:39,15253.6,0
2021-05-24 14:54:40,15254.2,0
2021-05-24 14:54:41,15253.85,0
2021-05-24 14:54:42,15253.05,0
2021-05-24 14:54:43,15253.25,0
2021-05-24 14:54:44,15252.3,0
2021-05-24 14:54:45,15252.15,0
2021-05-24 14:54:47,15253.3,0
2021-05-24 14:54:48,15253.2,0
2021-05-24 14:54:49,15253.4,0
2021-05-24 14:54:50,15252.85,0
2021-05-24 14:54:51,15252.05,0
2021-05-24 14:54:52,15252.2,0
2021-05-24 14:54:53,15252.15,0
2021-05-24 14:54:54,15251.55,0
2021-05-24 14:54:55,15252.25,0
2021-05-24 14:54:56,15251.7,0
2021-05-24 14:54:57,15251.4,0
2021-05-24 14:54:58,15251.95,0
2021-05-24 14:54:59,15251.15,0
2021-05-24 14:55:00,15252.9,0
2021-05-24 14:55:01,15252.5,0
2021-05-24 14:55:02,15252.8,0
2021-05-24 14:55:03,15252.3,0
2021-05-24 14:55:04,15252.3,0
2021-05-24 14:55:05,15252.75,0
2021-05-24 14:55:06,15252.35,0
2021-05-24 14:55:07,15252.6,0
2021-05-24 14:55:08,15251.95,0
2021-05-24 14:55:09,15251.65,0
2021-05-24 14:55:10,15250.9,0
2021-05-24 14:55:11,15251.4,0
2021-05-24 14:55:12,15250.7,0
2021-05-24 14:55:13,15250.65,0
2021-05-24 14:55:14,15251.0,0
2021-05-24 14:55:15,15250.4,0
2021-05-24 14:55:16,15249.9,0
2021-05-24 14:55:17,15249.1,0
2021-05-24 14:55:18,15249.0,0
2021-05-24 14:55:19,15247.8,0
2021-05-24 14:55:20,15246.5,0
2021-05-24 14:55:21,15245.05,0
2021-05-24 14:55:22,15244.7,0
2021-05-24 14:55:23,15245.15,0
2021-05-24 14:55:24,15244.25,0
2021-05-24 14:55:25,15243.95,0
2021-05-24 14:55:26,15243.55,0
2021-05-24 14:55:27,15243.7,0
2021-05-24 14:55:28,15243.3,0
2021-05-24 14:55:29,15243.15,0
2021-05-24 14:55:30,15243.05,0
2021-05-24 14:55:31,15243.85,0
2021-05-24 14:55:32,15243.8,0
2021-05-24 14:55:33,15243.5,0
2021-05-24 14:55:34,15244.25,0
2021-05-24 14:55:35,15245.7,0
2021-05-24 14:55:36,15245.2,0
2021-05-24 14:55:37,15245.05,0
2021-05-24 14:55:39,15244.95,0
2021-05-24 14:55:40,15245.05,0
2021-05-24 14:55:41,15245.2,0
2021-05-24 14:55:42,15245.05,0
2021-05-24 14:55:43,15245.25,0
2021-05-24 14:55:44,15245.4,0
2021-05-24 14:55:45,15246.3,0
2021-05-24 14:55:46,15246.0,0
2021-05-24 14:55:47,15245.85,0
2021-05-24 14:55:48,15246.75,0
2021-05-24 14:55:49,15246.85,0
2021-05-24 14:55:50,15247.55,0
2021-05-24 14:55:51,15248.05,0
2021-05-24 14:55:52,15247.4,0
2021-05-24 14:55:53,15247.6,0
2021-05-24 14:55:54,15248.0,0
2021-05-24 14:55:55,15248.0,0
2021-05-24 14:55:56,15247.85,0
2021-05-24 14:55:57,15247.6,0
2021-05-24 14:55:58,15247.9,0
2021-05-24 14:55:59,15248.2,0
2021-05-24 14:56:00,15248.85,0
2021-05-24 14:56:01,15247.65,0
2021-05-24 14:56:02,15248.4,0
2021-05-24 14:56:03,15249.45,0
2021-05-24 14:56:04,15248.75,0
2021-05-24 14:56:05,15249.7,0
2021-05-24 14:56:06,15249.05,0
2021-05-24 14:56:07,15249.25,0
2021-05-24 14:56:08,15248.8,0
2021-05-24 14:56:09,15247.8,0
2021-05-24 14:56:10,15248.55,0
2021-05-24 14:56:11,15248.25,0
2021-05-24 14:56:12,15247.3,0
2021-05-24 14:56:13,15247.1,0
2021-05-24 14:56:14,15247.4,0
2021-05-24 14:56:16,15247.35,0
2021-05-24 14:56:15,15246.95,0
2021-05-24 14:56:17,15246.25,0
2021-05-24 14:56:20,15246.85,0
2021-05-24 14:56:19,15246.3,0
2021-05-24 14:56:21,15246.3,0
2021-05-24 14:56:22,15246.5,0
2021-05-24 14:56:23,15246.2,0
2021-05-24 14:56:24,15245.75,0
2021-05-24 14:56:25,15245.55,0
2021-05-24 14:56:27,15246.05,0
2021-05-24 14:56:28,15245.6,0
2021-05-24 14:56:29,15244.65,0
2021-05-24 14:56:30,15243.8,0
2021-05-24 14:56:31,15244.4,0
2021-05-24 14:56:32,15243.65,0
2021-05-24 14:56:33,15243.9,0
2021-05-24 14:56:34,15244.0,0
2021-05-24 14:56:35,15244.0,0
2021-05-24 14:56:36,15243.75,0
2021-05-24 14:56:38,15243.85,0
2021-05-24 14:56:39,15243.45,0
2021-05-24 14:56:40,15243.6,0
2021-05-24 14:56:41,15242.7,0
2021-05-24 14:56:42,15241.45,0
2021-05-24 14:56:43,15242.4,0
2021-05-24 14:56:44,15241.95,0
2021-05-24 14:56:45,15242.45,0
2021-05-24 14:56:46,15242.05,0
2021-05-24 14:56:47,15241.75,0
2021-05-24 14:56:48,15242.1,0
2021-05-24 14:56:49,15241.5,0
2021-05-24 14:56:51,15241.6,0
2021-05-24 14:56:52,15241.45,0
2021-05-24 14:56:53,15241.25,0
2021-05-24 14:56:54,15241.4,0
2021-05-24 14:56:55,15241.45,0
2021-05-24 14:56:56,15242.3,0
2021-05-24 14:56:57,15241.65,0
2021-05-24 14:56:58,15242.4,0
2021-05-24 14:56:59,15241.05,0
2021-05-24 14:57:00,15242.8,0
2021-05-24 14:57:01,15242.8,0
2021-05-24 14:57:02,15242.85,0
2021-05-24 14:57:03,15243.05,0
2021-05-24 14:57:04,15244.2,0
2021-05-24 14:57:05,15243.35,0
2021-05-24 14:57:06,15243.35,0
2021-05-24 14:57:07,15243.25,0
2021-05-24 14:57:08,15244.3,0
2021-05-24 14:57:09,15243.35,0
2021-05-24 14:57:10,15244.15,0
2021-05-24 14:57:11,15243.6,0
2021-05-24 14:57:12,15244.5,0
2021-05-24 14:57:13,15245.05,0
2021-05-24 14:57:14,15244.45,0
2021-05-24 14:57:15,15244.7,0
2021-05-24 14:57:16,15244.5,0
2021-05-24 14:57:17,15244.8,0
2021-05-24 14:57:18,15244.4,0
2021-05-24 14:57:19,15245.3,0
2021-05-24 14:57:20,15245.35,0
2021-05-24 14:57:21,15245.1,0
2021-05-24 14:57:22,15245.0,0
2021-05-24 14:57:23,15245.0,0
2021-05-24 14:57:24,15244.6,0
2021-05-24 14:57:25,15244.15,0
2021-05-24 14:57:26,15244.5,0
2021-05-24 14:57:27,15244.8,0
2021-05-24 14:57:28,15244.05,0
2021-05-24 14:57:29,15244.0,0
2021-05-24 14:57:30,15243.65,0
2021-05-24 14:57:31,15244.3,0
2021-05-24 14:57:32,15244.05,0
2021-05-24 14:57:34,15243.9,0
2021-05-24 14:57:35,15244.0,0
2021-05-24 14:57:36,15244.1,0
2021-05-24 14:57:37,15243.8,0
2021-05-24 14:57:38,15244.0,0
2021-05-24 14:57:39,15243.95,0
2021-05-24 14:57:40,15244.25,0
2021-05-24 14:57:41,15243.95,0
2021-05-24 14:57:42,15243.65,0
2021-05-24 14:57:43,15242.95,0
2021-05-24 14:57:44,15243.0,0
2021-05-24 14:57:45,15243.15,0
2021-05-24 14:57:46,15243.55,0
2021-05-24 14:57:47,15242.9,0
2021-05-24 14:57:48,15243.35,0
2021-05-24 14:57:49,15242.9,0
2021-05-24 14:57:50,15243.15,0
2021-05-24 14:57:51,15242.25,0
2021-05-24 14:57:52,15242.35,0
2021-05-24 14:57:53,15241.8,0
2021-05-24 14:57:54,15241.25,0
2021-05-24 14:57:55,15241.55,0
2021-05-24 14:57:56,15241.4,0
2021-05-24 14:57:57,15241.65,0
2021-05-24 14:57:58,15241.45,0
2021-05-24 14:57:59,15241.2,0
2021-05-24 14:58:00,15241.25,0
2021-05-24 14:58:01,15240.85,0
2021-05-24 14:58:02,15241.35,0
2021-05-24 14:58:03,15241.2,0
2021-05-24 14:58:05,15240.75,0
2021-05-24 14:58:06,15241.2,0
2021-05-24 14:58:07,15241.1,0
2021-05-24 14:58:08,15240.7,0
2021-05-24 14:58:09,15240.0,0
2021-05-24 14:58:10,15240.4,0
2021-05-24 14:58:11,15240.2,0
2021-05-24 14:58:12,15240.65,0
2021-05-24 14:58:13,15240.6,0
2021-05-24 14:58:14,15240.5,0
2021-05-24 14:58:15,15240.65,0
2021-05-24 14:58:16,15240.35,0
2021-05-24 14:58:17,15240.25,0
2021-05-24 14:58:18,15240.6,0
