timestamp,ltp,volume
2021-05-24 13:59:29,2393.65,0
2021-05-24 13:59:32,2393.6,0
2021-05-24 13:59:33,2393.35,0
2021-05-24 13:59:35,2393.75,0
2021-05-24 13:59:36,2393.7,0
2021-05-24 13:59:37,2393.5,0
2021-05-24 13:59:44,2393.4,0
2021-05-24 13:59:45,2393.95,0
2021-05-24 13:59:49,2393.85,0
2021-05-24 13:59:50,2394.1,0
2021-05-24 13:59:53,2393.05,0
2021-05-24 13:59:54,2393.15,0
2021-05-24 14:00:00,2393.5,0
2021-05-24 14:00:04,2393.65,0
2021-05-24 14:00:05,2393.6,0
2021-05-24 14:00:08,2393.75,0
2021-05-24 14:00:09,2394.3,0
2021-05-24 14:00:10,2394.35,0
2021-05-24 14:00:12,2394.4,0
2021-05-24 14:00:13,2394.1,0
2021-05-24 14:00:14,2394.65,0
2021-05-24 14:00:15,2394.25,0
2021-05-24 14:00:16,2394.55,0
2021-05-24 14:00:17,2394.2,0
2021-05-24 14:00:18,2394.25,0
2021-05-24 14:00:19,2394.75,0
2021-05-24 14:00:20,2394.2,0
2021-05-24 14:00:21,2394.15,0
2021-05-24 14:00:24,2393.8,0
2021-05-24 14:00:25,2393.6,0
2021-05-24 14:00:26,2393.6,0
2021-05-24 14:00:27,2393.45,0
2021-05-24 14:00:29,2393.45,0
2021-05-24 14:00:31,2393.55,0
2021-05-24 14:00:32,2393.05,0
2021-05-24 14:00:36,2392.95,0
2021-05-24 14:00:40,2393.15,0
2021-05-24 14:00:42,2393.95,0
2021-05-24 14:00:43,2393.85,0
2021-05-24 14:00:45,2393.0,0
2021-05-24 14:00:46,2392.95,0
2021-05-24 14:00:47,2392.55,0
2021-05-24 14:00:48,2392.85,0
2021-05-24 14:00:49,2393.35,0
2021-05-24 14:00:50,2392.7,0
2021-05-24 14:00:53,2393.2,0
2021-05-24 14:00:55,2392.75,0
2021-05-24 14:00:58,2393.05,0
2021-05-24 14:00:59,2393.15,0
2021-05-24 14:01:01,2392.95,0
2021-05-24 14:01:02,2393.7,0
2021-05-24 14:01:03,2394.0,0
2021-05-24 14:01:04,2393.55,0
2021-05-24 14:01:05,2393.55,0
2021-05-24 14:01:08,2393.0,0
2021-05-24 14:01:10,2393.25,0
2021-05-24 14:01:11,2393.7,0
2021-05-24 14:01:15,2393.65,0
2021-05-24 14:01:18,2394.7,0
2021-05-24 14:01:19,2394.05,0
2021-05-24 14:01:20,2394.5,0
2021-05-24 14:01:22,2393.8,0
2021-05-24 14:01:23,2393.95,0
2021-05-24 14:01:24,2394.25,0
2021-05-24 14:01:25,2394.35,0
2021-05-24 14:01:26,2394.05,0
2021-05-24 14:01:27,2394.2,0
2021-05-24 14:01:28,2393.6,0
2021-05-24 14:01:29,2394.1,0
2021-05-24 14:01:30,2393.85,0
2021-05-24 14:01:32,2393.55,0
2021-05-24 14:01:33,2394.0,0
2021-05-24 14:01:35,2394.15,0
2021-05-24 14:01:39,2393.9,0
2021-05-24 14:01:40,2393.8,0
2021-05-24 14:01:42,2394.15,0
2021-05-24 14:01:43,2393.6,0
2021-05-24 14:01:44,2394.05,0
2021-05-24 14:01:45,2393.8,0
2021-05-24 14:01:47,2393.85,0
2021-05-24 14:01:48,2393.9,0
2021-05-24 14:01:50,2393.4,0
2021-05-24 14:01:51,2393.75,0
2021-05-24 14:01:53,2392.95,0
2021-05-24 14:01:54,2393.65,0
2021-05-24 14:01:56,2393.1,0
2021-05-24 14:01:58,2393.5,0
2021-05-24 14:01:59,2393.75,0
2021-05-24 14:02:00,2394.1,0
2021-05-24 14:02:02,2394.05,0
2021-05-24 14:02:04,2393.85,0
2021-05-24 14:02:05,2393.6,0
2021-05-24 14:02:07,2394.1,0
2021-05-24 14:02:08,2393.9,0
2021-05-24 14:02:10,2393.5,0
2021-05-24 14:02:11,2393.95,0
2021-05-24 14:02:12,2393.85,0
2021-05-24 14:02:13,2394.2,0
2021-05-24 14:02:16,2393.55,0
2021-05-24 14:02:17,2393.8,0
2021-05-24 14:02:18,2393.4,0
2021-05-24 14:02:22,2393.9,0
2021-05-24 14:02:24,2393.55,0
2021-05-24 14:02:27,2393.9,0
2021-05-24 14:02:30,2394.95,0
2021-05-24 14:02:31,2394.8,0
2021-05-24 14:02:34,2394.5,0
2021-05-24 14:02:36,2393.9,0
2021-05-24 14:02:37,2393.9,0
2021-05-24 14:02:41,2395.25,0
2021-05-24 14:02:42,2394.85,0
2021-05-24 14:02:46,2393.9,0
2021-05-24 14:02:47,2393.15,0
2021-05-24 14:02:48,2393.8,0
2021-05-24 14:02:49,2393.9,0
2021-05-24 14:02:50,2393.9,0
2021-05-24 14:02:51,2393.9,0
2021-05-24 14:02:53,2393.65,0
2021-05-24 14:02:54,2393.65,0
2021-05-24 14:02:55,2393.6,0
2021-05-24 14:02:56,2393.8,0
2021-05-24 14:02:58,2394.0,0
2021-05-24 14:03:03,2394.25,0
2021-05-24 14:03:06,2394.5,0
2021-05-24 14:03:07,2394.0,0
2021-05-24 14:03:08,2393.8,0
2021-05-24 14:03:10,2394.4,0
2021-05-24 14:03:11,2394.15,0
2021-05-24 14:03:13,2394.55,0
2021-05-24 14:03:14,2394.35,0
2021-05-24 14:03:16,2394.1,0
2021-05-24 14:03:17,2394.55,0
2021-05-24 14:03:19,2394.4,0
2021-05-24 14:03:20,2393.95,0
2021-05-24 14:03:22,2393.25,0
2021-05-24 14:03:24,2393.1,0
2021-05-24 14:03:25,2393.15,0
2021-05-24 14:03:27,2394.05,0
2021-05-24 14:03:28,2394.2,0
2021-05-24 14:03:30,2393.65,0
2021-05-24 14:03:31,2393.6,0
2021-05-24 14:03:32,2393.35,0
2021-05-24 14:03:33,2393.1,0
2021-05-24 14:03:34,2394.4,0
2021-05-24 14:03:35,2393.7,0
2021-05-24 14:03:36,2393.2,0
2021-05-24 14:03:38,2394.25,0
2021-05-24 14:03:39,2394.15,0
2021-05-24 14:03:40,2393.9,0
2021-05-24 14:03:41,2394.55,0
2021-05-24 14:03:44,2393.85,0
2021-05-24 14:03:46,2393.8,0
2021-05-24 14:03:48,2393.95,0
2021-05-24 14:03:49,2394.3,0
2021-05-24 14:03:50,2394.05,0
2021-05-24 14:03:53,2394.4,0
2021-05-24 14:03:55,2394.95,0
2021-05-24 14:03:56,2394.8,0
2021-05-24 14:03:57,2394.3,0
2021-05-24 14:03:58,2393.8,0
2021-05-24 14:03:59,2394.7,0
2021-05-24 14:04:01,2393.8,0
2021-05-24 14:04:03,2394.45,0
2021-05-24 14:04:04,2393.65,0
2021-05-24 14:04:08,2393.85,0
2021-05-24 14:04:12,2393.65,0
2021-05-24 14:04:14,2393.7,0
2021-05-24 14:04:15,2394.1,0
2021-05-24 14:04:16,2393.85,0
2021-05-24 14:04:17,2393.45,0
2021-05-24 14:04:20,2393.85,0
2021-05-24 14:04:21,2393.95,0
2021-05-24 14:04:22,2394.15,0
2021-05-24 14:04:23,2393.85,0
2021-05-24 14:04:25,2394.1,0
2021-05-24 14:04:26,2394.35,0
2021-05-24 14:04:30,2394.55,0
2021-05-24 14:04:32,2394.0,0
2021-05-24 14:04:33,2394.75,0
2021-05-24 14:04:34,2394.75,0
2021-05-24 14:04:35,2394.55,0
2021-05-24 14:04:38,2394.35,0
2021-05-24 14:04:40,2394.35,0
2021-05-24 14:04:42,2394.45,0
2021-05-24 14:04:47,2395.1,0
2021-05-24 14:04:48,2394.0,0
2021-05-24 14:04:53,2394.15,0
2021-05-24 14:04:55,2394.6,0
2021-05-24 14:04:56,2394.35,0
2021-05-24 14:04:57,2393.95,0
2021-05-24 14:04:58,2394.0,0
2021-05-24 14:05:01,2394.1,0
2021-05-24 14:05:02,2393.75,0
2021-05-24 14:05:03,2393.1,0
2021-05-24 14:05:07,2393.7,0
2021-05-24 14:05:09,2393.65,0
2021-05-24 14:05:11,2393.35,0
2021-05-24 14:05:13,2393.5,0
2021-05-24 14:05:14,2393.5,0
2021-05-24 14:05:16,2393.1,0
2021-05-24 14:05:17,2392.55,0
2021-05-24 14:05:21,2393.25,0
2021-05-24 14:05:22,2392.95,0
2021-05-24 14:05:23,2393.4,0
2021-05-24 14:05:24,2393.5,0
2021-05-24 14:05:26,2393.25,0
2021-05-24 14:05:27,2393.45,0
2021-05-24 14:05:29,2393.45,0
2021-05-24 14:05:30,2393.35,0
2021-05-24 14:05:32,2392.9,0
2021-05-24 14:05:33,2393.15,0
2021-05-24 14:05:34,2393.2,0
2021-05-24 14:05:37,2393.3,0
2021-05-24 14:05:39,2393.25,0
2021-05-24 14:05:42,2393.1,0
2021-05-24 14:05:44,2393.4,0
2021-05-24 14:05:46,2393.2,0
2021-05-24 14:05:48,2393.45,0
2021-05-24 14:05:49,2393.3,0
2021-05-24 14:05:50,2392.9,0
2021-05-24 14:05:52,2393.0,0
2021-05-24 14:05:53,2393.2,0
2021-05-24 14:05:54,2393.2,0
2021-05-24 14:05:55,2393.35,0
2021-05-24 14:05:56,2393.65,0
2021-05-24 14:05:57,2393.5,0
2021-05-24 14:06:00,2393.5,0
2021-05-24 14:06:02,2393.45,0
2021-05-24 14:06:03,2394.1,0
2021-05-24 14:06:04,2393.55,0
2021-05-24 14:06:05,2393.55,0
2021-05-24 14:06:06,2393.4,0
2021-05-24 14:06:07,2393.65,0
2021-05-24 14:06:08,2393.65,0
2021-05-24 14:06:09,2393.85,0
2021-05-24 14:06:11,2393.65,0
2021-05-24 14:06:13,2393.25,0
2021-05-24 14:06:14,2393.65,0
2021-05-24 14:06:15,2394.35,0
2021-05-24 14:06:17,2394.2,0
2021-05-24 14:06:18,2393.45,0
2021-05-24 14:06:22,2393.8,0
2021-05-24 14:06:23,2393.85,0
2021-05-24 14:06:24,2393.55,0
2021-05-24 14:06:25,2394.25,0
2021-05-24 14:06:26,2393.65,0
2021-05-24 14:06:27,2393.7,0
2021-05-24 14:06:29,2394.15,0
2021-05-24 14:06:32,2393.0,0
2021-05-24 14:06:33,2392.8,0
2021-05-24 14:06:35,2392.9,0
2021-05-24 14:06:36,2393.0,0
2021-05-24 14:06:37,2392.65,0
2021-05-24 14:06:39,2393.85,0
2021-05-24 14:06:40,2393.45,0
2021-05-24 14:06:46,2393.9,0
2021-05-24 14:06:47,2394.15,0
2021-05-24 14:06:48,2394.05,0
2021-05-24 14:06:49,2394.15,0
2021-05-24 14:06:50,2393.75,0
2021-05-24 14:06:51,2394.0,0
2021-05-24 14:06:53,2394.95,0
2021-05-24 14:06:55,2394.4,0
2021-05-24 14:06:57,2395.0,0
2021-05-24 14:06:58,2394.25,0
2021-05-24 14:06:59,2394.95,0
2021-05-24 14:07:02,2394.1,0
2021-05-24 14:07:04,2394.05,0
2021-05-24 14:07:06,2394.35,0
2021-05-24 14:07:11,2394.3,0
2021-05-24 14:07:12,2394.85,0
2021-05-24 14:07:16,2394.1,0
2021-05-24 14:07:17,2394.45,0
2021-05-24 14:07:19,2394.8,0
2021-05-24 14:07:21,2394.7,0
2021-05-24 14:07:25,2394.3,0
2021-05-24 14:07:26,2394.35,0
2021-05-24 14:07:27,2394.5,0
2021-05-24 14:07:28,2394.3,0
2021-05-24 14:07:31,2393.7,0
2021-05-24 14:07:32,2393.9,0
2021-05-24 14:07:33,2393.7,0
2021-05-24 14:07:48,2393.8,0
2021-05-24 14:07:49,2393.95,0
2021-05-24 14:07:50,2393.95,0
2021-05-24 14:07:51,2393.25,0
2021-05-24 14:07:52,2393.4,0
2021-05-24 14:07:54,2393.55,0
2021-05-24 14:07:55,2392.95,0
2021-05-24 14:07:56,2393.2,0
2021-05-24 14:07:57,2393.05,0
2021-05-24 14:07:58,2392.85,0
2021-05-24 14:07:59,2393.55,0
2021-05-24 14:08:00,2393.2,0
2021-05-24 14:08:01,2393.2,0
2021-05-24 14:08:05,2393.25,0
2021-05-24 14:08:06,2393.4,0
2021-05-24 14:08:07,2393.2,0
2021-05-24 14:08:10,2393.0,0
2021-05-24 14:08:12,2392.05,0
2021-05-24 14:08:15,2392.7,0
2021-05-24 14:08:17,2392.25,0
2021-05-24 14:08:18,2392.15,0
2021-05-24 14:08:19,2392.8,0
2021-05-24 14:08:22,2392.2,0
2021-05-24 14:08:24,2392.5,0
2021-05-24 14:08:25,2392.85,0
2021-05-24 14:08:26,2392.7,0
2021-05-24 14:08:28,2392.85,0
2021-05-24 14:08:33,2392.5,0
2021-05-24 14:08:34,2392.3,0
2021-05-24 14:08:35,2392.5,0
2021-05-24 14:08:36,2392.6,0
2021-05-24 14:08:37,2392.75,0
2021-05-24 14:08:38,2392.65,0
2021-05-24 14:08:39,2392.95,0
2021-05-24 14:08:40,2393.0,0
2021-05-24 14:08:41,2393.25,0
2021-05-24 14:08:42,2392.8,0
2021-05-24 14:08:43,2392.9,0
2021-05-24 14:08:44,2392.5,0
2021-05-24 14:08:45,2392.65,0
2021-05-24 14:08:46,2392.8,0
2021-05-24 14:08:49,2393.3,0
2021-05-24 14:08:50,2392.5,0
2021-05-24 14:08:54,2392.2,0
2021-05-24 14:08:56,2392.1,0
2021-05-24 14:09:01,2392.45,0
2021-05-24 14:09:02,2392.65,0
2021-05-24 14:09:03,2392.3,0
2021-05-24 14:09:04,2392.05,0
2021-05-24 14:09:07,2392.7,0
2021-05-24 14:09:09,2392.35,0
2021-05-24 14:09:11,2392.2,0
2021-05-24 14:09:12,2393.25,0
2021-05-24 14:09:16,2393.05,0
2021-05-24 14:09:18,2392.9,0
2021-05-24 14:09:22,2393.3,0
2021-05-24 14:09:23,2393.2,0
2021-05-24 14:09:24,2392.95,0
2021-05-24 14:09:25,2393.55,0
2021-05-24 14:09:27,2394.15,0
2021-05-24 14:09:28,2393.65,0
2021-05-24 14:09:29,2394.45,0
2021-05-24 14:09:31,2394.9,0
2021-05-24 14:09:33,2394.45,0
2021-05-24 14:09:34,2394.95,0
2021-05-24 14:09:36,2394.95,0
2021-05-24 14:09:38,2394.15,0
2021-05-24 14:09:45,2394.8,0
2021-05-24 14:09:48,2394.5,0
2021-05-24 14:09:51,2394.7,0
2021-05-24 14:09:52,2395.1,0
2021-05-24 14:09:56,2395.1,0
2021-05-24 14:09:59,2394.9,0
2021-05-24 14:10:01,2394.8,0
2021-05-24 14:10:02,2394.6,0
2021-05-24 14:10:04,2394.05,0
2021-05-24 14:10:05,2394.3,0
2021-05-24 14:10:06,2394.5,0
2021-05-24 14:10:08,2394.45,0
2021-05-24 14:10:09,2394.45,0
2021-05-24 14:10:10,2394.55,0
2021-05-24 14:10:12,2394.9,0
2021-05-24 14:10:13,2394.15,0
2021-05-24 14:10:14,2393.9,0
2021-05-24 14:10:15,2394.0,0
2021-05-24 14:10:16,2394.35,0
2021-05-24 14:10:19,2394.45,0
2021-05-24 14:10:20,2394.45,0
2021-05-24 14:10:21,2394.0,0
2021-05-24 14:10:23,2394.65,0
2021-05-24 14:10:24,2394.1,0
2021-05-24 14:10:25,2394.45,0
2021-05-24 14:10:26,2394.15,0
2021-05-24 14:10:28,2394.65,0
2021-05-24 14:10:29,2394.45,0
2021-05-24 14:10:30,2394.6,0
2021-05-24 14:10:33,2395.2,0
2021-05-24 14:10:35,2395.2,0
2021-05-24 14:10:36,2395.4,0
2021-05-24 14:10:40,2395.35,0
2021-05-24 14:10:43,2395.0,0
2021-05-24 14:10:44,2394.5,0
2021-05-24 14:10:45,2395.0,0
2021-05-24 14:10:46,2395.25,0
2021-05-24 14:10:47,2395.55,0
2021-05-24 14:10:48,2395.5,0
2021-05-24 14:10:49,2395.55,0
2021-05-24 14:10:51,2395.45,0
2021-05-24 14:10:54,2394.55,0
2021-05-24 14:10:55,2394.65,0
2021-05-24 14:10:56,2394.35,0
2021-05-24 14:10:57,2395.4,0
2021-05-24 14:10:58,2395.15,0
2021-05-24 14:11:01,2394.85,0
2021-05-24 14:11:03,2394.05,0
2021-05-24 14:11:04,2393.95,0
2021-05-24 14:11:05,2394.5,0
2021-05-24 14:11:08,2394.7,0
2021-05-24 14:11:10,2394.55,0
2021-05-24 14:11:12,2394.8,0
2021-05-24 14:11:14,2395.2,0
2021-05-24 14:11:15,2394.55,0
2021-05-24 14:11:16,2395.0,0
2021-05-24 14:11:17,2395.0,0
2021-05-24 14:11:18,2394.5,0
2021-05-24 14:11:20,2394.95,0
2021-05-24 14:11:21,2394.95,0
2021-05-24 14:11:22,2394.95,0
2021-05-24 14:11:24,2394.85,0
2021-05-24 14:11:25,2394.55,0
2021-05-24 14:11:28,2394.4,0
2021-05-24 14:11:31,2393.6,0
2021-05-24 14:11:32,2393.8,0
2021-05-24 14:11:33,2393.8,0
2021-05-24 14:11:34,2393.0,0
2021-05-24 14:11:36,2393.45,0
2021-05-24 14:11:37,2393.5,0
2021-05-24 14:11:38,2393.7,0
2021-05-24 14:11:39,2393.95,0
2021-05-24 14:11:40,2394.3,0
2021-05-24 14:11:41,2394.15,0
2021-05-24 14:11:42,2394.2,0
2021-05-24 14:11:44,2394.15,0
2021-05-24 14:11:45,2394.45,0
2021-05-24 14:11:48,2393.95,0
2021-05-24 14:11:49,2394.4,0
2021-05-24 14:11:52,2394.0,0
2021-05-24 14:11:54,2393.75,0
2021-05-24 14:11:55,2393.85,0
2021-05-24 14:11:56,2393.25,0
2021-05-24 14:12:00,2393.8,0
2021-05-24 14:12:02,2393.85,0
2021-05-24 14:12:03,2394.05,0
2021-05-24 14:12:04,2394.25,0
2021-05-24 14:12:05,2394.0,0
2021-05-24 14:12:08,2393.8,0
2021-05-24 14:12:09,2394.4,0
2021-05-24 14:12:10,2393.8,0
2021-05-24 14:12:11,2394.35,0
2021-05-24 14:12:16,2394.15,0
2021-05-24 14:12:17,2394.65,0
2021-05-24 14:12:20,2394.7,0
2021-05-24 14:12:21,2394.6,0
2021-05-24 14:12:25,2394.1,0
2021-05-24 14:12:27,2394.55,0
2021-05-24 14:12:28,2394.75,0
2021-05-24 14:12:29,2394.75,0
2021-05-24 14:12:31,2394.95,0
2021-05-24 14:12:33,2394.95,0
2021-05-24 14:12:35,2395.15,0
2021-05-24 14:12:36,2395.25,0
2021-05-24 14:12:37,2395.5,0
2021-05-24 14:12:38,2395.3,0
2021-05-24 14:12:39,2395.7,0
2021-05-24 14:12:40,2395.7,0
2021-05-24 14:12:42,2395.5,0
2021-05-24 14:12:44,2394.95,0
2021-05-24 14:12:48,2395.4,0
2021-05-24 14:12:49,2395.55,0
2021-05-24 14:12:54,2395.15,0
2021-05-24 14:12:55,2395.5,0
2021-05-24 14:12:56,2395.4,0
2021-05-24 14:12:58,2395.4,0
2021-05-24 14:13:00,2395.25,0
2021-05-24 14:13:01,2395.15,0
2021-05-24 14:13:03,2395.2,0
2021-05-24 14:13:06,2394.95,0
2021-05-24 14:13:09,2395.2,0
2021-05-24 14:13:11,2395.05,0
2021-05-24 14:13:13,2395.35,0
2021-05-24 14:13:15,2394.85,0
2021-05-24 14:13:16,2395.1,0
2021-05-24 14:13:17,2394.9,0
2021-05-24 14:13:20,2394.65,0
2021-05-24 14:13:21,2394.7,0
2021-05-24 14:13:23,2394.25,0
2021-05-24 14:13:24,2394.45,0
2021-05-24 14:13:27,2394.6,0
2021-05-24 14:13:28,2394.05,0
2021-05-24 14:13:29,2394.3,0
2021-05-24 14:13:30,2394.85,0
2021-05-24 14:13:33,2394.25,0
2021-05-24 14:13:38,2394.05,0
2021-05-24 14:13:39,2394.6,0
2021-05-24 14:13:40,2394.65,0
2021-05-24 14:13:41,2394.9,0
2021-05-24 14:13:43,2395.05,0
2021-05-24 14:13:45,2394.85,0
2021-05-24 14:13:46,2394.5,0
2021-05-24 14:13:47,2394.85,0
2021-05-24 14:13:49,2395.1,0
2021-05-24 14:13:50,2394.9,0
2021-05-24 14:13:51,2394.95,0
2021-05-24 14:13:53,2394.85,0
2021-05-24 14:14:00,2394.7,0
2021-05-24 14:14:01,2395.35,0
2021-05-24 14:14:02,2394.7,0
2021-05-24 14:14:04,2394.25,0
2021-05-24 14:14:05,2394.35,0
2021-05-24 14:14:07,2394.25,0
2021-05-24 14:14:09,2394.65,0
2021-05-24 14:14:10,2394.75,0
2021-05-24 14:14:11,2394.65,0
2021-05-24 14:14:12,2394.55,0
2021-05-24 14:14:13,2394.35,0
2021-05-24 14:14:14,2394.35,0
2021-05-24 14:14:16,2394.0,0
2021-05-24 14:14:17,2393.9,0
2021-05-24 14:14:19,2394.8,0
2021-05-24 14:14:20,2394.7,0
2021-05-24 14:14:24,2394.6,0
2021-05-24 14:14:25,2394.85,0
2021-05-24 14:14:26,2394.6,0
2021-05-24 14:14:27,2394.45,0
2021-05-24 14:14:29,2394.85,0
2021-05-24 14:14:30,2395.15,0
2021-05-24 14:14:31,2395.15,0
2021-05-24 14:14:32,2395.15,0
2021-05-24 14:14:34,2395.15,0
2021-05-24 14:14:35,2395.05,0
2021-05-24 14:14:37,2395.0,0
2021-05-24 14:14:38,2394.45,0
2021-05-24 14:14:39,2395.1,0
2021-05-24 14:14:40,2395.05,0
2021-05-24 14:14:41,2394.85,0
2021-05-24 14:14:42,2395.05,0
2021-05-24 14:14:43,2395.3,0
2021-05-24 14:14:44,2394.95,0
2021-05-24 14:14:47,2395.3,0
2021-05-24 14:14:48,2394.55,0
2021-05-24 14:14:49,2394.95,0
2021-05-24 14:14:50,2394.9,0
2021-05-24 14:14:53,2394.6,0
2021-05-24 14:14:54,2394.35,0
2021-05-24 14:14:56,2394.1,0
2021-05-24 14:14:58,2394.1,0
2021-05-24 14:15:00,2394.6,0
2021-05-24 14:15:01,2394.2,0
2021-05-24 14:15:06,2394.6,0
2021-05-24 14:15:08,2394.8,0
2021-05-24 14:15:10,2394.55,0
2021-05-24 14:15:13,2394.45,0
2021-05-24 14:15:14,2394.35,0
2021-05-24 14:15:15,2394.6,0
2021-05-24 14:15:16,2394.3,0
2021-05-24 14:15:20,2394.8,0
2021-05-24 14:15:21,2394.25,0
2021-05-24 14:15:24,2394.05,0
2021-05-24 14:15:28,2394.1,0
2021-05-24 14:15:30,2394.15,0
2021-05-24 14:15:32,2394.5,0
2021-05-24 14:15:35,2394.45,0
2021-05-24 14:15:36,2394.8,0
2021-05-24 14:15:37,2394.45,0
2021-05-24 14:15:39,2394.4,0
2021-05-24 14:15:40,2394.1,0
2021-05-24 14:15:42,2394.65,0
2021-05-24 14:15:44,2394.25,0
2021-05-24 14:15:47,2394.2,0
2021-05-24 14:15:48,2393.8,0
2021-05-24 14:15:50,2394.15,0
2021-05-24 14:15:51,2394.5,0
2021-05-24 14:15:52,2394.25,0
2021-05-24 14:15:54,2393.95,0
2021-05-24 14:15:55,2394.05,0
2021-05-24 14:15:56,2394.0,0
2021-05-24 14:16:00,2394.85,0
2021-05-24 14:16:02,2395.3,0
2021-05-24 14:16:03,2395.0,0
2021-05-24 14:16:04,2395.35,0
2021-05-24 14:16:05,2394.9,0
2021-05-24 14:16:10,2394.85,0
2021-05-24 14:16:13,2395.15,0
2021-05-24 14:16:14,2395.25,0
2021-05-24 14:16:15,2394.9,0
2021-05-24 14:16:16,2394.5,0
2021-05-24 14:16:18,2394.45,0
2021-05-24 14:16:20,2395.3,0
2021-05-24 14:16:21,2395.05,0
2021-05-24 14:16:22,2394.65,0
2021-05-24 14:16:23,2394.5,0
2021-05-24 14:16:24,2394.1,0
2021-05-24 14:16:26,2394.6,0
2021-05-24 14:16:27,2394.55,0
2021-05-24 14:16:28,2394.5,0
2021-05-24 14:16:31,2394.8,0
2021-05-24 14:16:34,2394.9,0
2021-05-24 14:16:36,2394.55,0
2021-05-24 14:16:37,2395.1,0
2021-05-24 14:16:38,2395.25,0
2021-05-24 14:16:42,2395.45,0
2021-05-24 14:16:43,2395.25,0
2021-05-24 14:16:45,2395.5,0
2021-05-24 14:16:46,2395.8,0
2021-05-24 14:16:48,2395.25,0
2021-05-24 14:16:49,2395.7,0
2021-05-24 14:16:50,2395.45,0
2021-05-24 14:16:51,2395.25,0
2021-05-24 14:16:52,2395.1,0
2021-05-24 14:16:54,2395.1,0
2021-05-24 14:16:55,2395.25,0
2021-05-24 14:16:56,2395.65,0
2021-05-24 14:16:58,2395.65,0
2021-05-24 14:16:59,2395.45,0
2021-05-24 14:17:03,2396.45,0
2021-05-24 14:17:04,2396.0,0
2021-05-24 14:17:05,2396.45,0
2021-05-24 14:17:06,2396.5,0
2021-05-24 14:17:08,2396.7,0
2021-05-24 14:17:09,2396.65,0
2021-05-24 14:17:12,2396.7,0
2021-05-24 14:17:13,2395.9,0
2021-05-24 14:17:14,2396.55,0
2021-05-24 14:17:15,2396.75,0
2021-05-24 14:17:16,2396.1,0
2021-05-24 14:17:17,2396.1,0
2021-05-24 14:17:18,2396.25,0
2021-05-24 14:17:19,2396.3,0
2021-05-24 14:17:21,2395.75,0
2021-05-24 14:17:22,2396.8,0
2021-05-24 14:17:23,2396.9,0
2021-05-24 14:17:24,2397.4,0
2021-05-24 14:17:25,2396.9,0
2021-05-24 14:17:26,2396.6,0
2021-05-24 14:17:27,2397.35,0
2021-05-24 14:17:29,2397.55,0
2021-05-24 14:17:30,2397.25,0
2021-05-24 14:17:31,2397.0,0
2021-05-24 14:17:35,2396.75,0
2021-05-24 14:17:36,2396.65,0
2021-05-24 14:17:40,2397.85,0
2021-05-24 14:17:44,2397.6,0
2021-05-24 14:17:45,2397.3,0
2021-05-24 14:17:47,2397.8,0
2021-05-24 14:17:50,2397.35,0
2021-05-24 14:17:51,2397.2,0
2021-05-24 14:17:53,2397.05,0
2021-05-24 14:17:56,2396.75,0
2021-05-24 14:17:58,2396.6,0
2021-05-24 14:18:00,2396.8,0
2021-05-24 14:18:01,2396.15,0
2021-05-24 14:18:03,2396.25,0
2021-05-24 14:18:04,2396.7,0
2021-05-24 14:18:09,2396.65,0
2021-05-24 14:18:10,2396.2,0
2021-05-24 14:18:11,2396.8,0
2021-05-24 14:18:12,2396.95,0
2021-05-24 14:18:14,2397.05,0
2021-05-24 14:18:15,2396.3,0
2021-05-24 14:18:16,2396.25,0
2021-05-24 14:18:17,2397.15,0
2021-05-24 14:18:19,2397.25,0
2021-05-24 14:18:20,2396.65,0
2021-05-24 14:18:21,2396.65,0
2021-05-24 14:18:22,2397.4,0
2021-05-24 14:18:23,2397.35,0
2021-05-24 14:18:24,2397.2,0
2021-05-24 14:18:25,2397.3,0
2021-05-24 14:18:26,2396.9,0
2021-05-24 14:18:27,2397.55,0
2021-05-24 14:18:28,2397.55,0
2021-05-24 14:18:29,2397.35,0
2021-05-24 14:18:32,2396.95,0
2021-05-24 14:18:33,2396.75,0
2021-05-24 14:18:34,2396.2,0
2021-05-24 14:18:37,2397.25,0
2021-05-24 14:18:38,2397.15,0
2021-05-24 14:18:39,2396.7,0
2021-05-24 14:18:40,2397.3,0
2021-05-24 14:18:43,2397.45,0
2021-05-24 14:18:44,2397.35,0
2021-05-24 14:18:45,2397.35,0
2021-05-24 14:18:46,2398.0,0
2021-05-24 14:18:47,2397.6,0
2021-05-24 14:18:48,2397.55,0
2021-05-24 14:18:49,2397.5,0
2021-05-24 14:18:50,2397.5,0
2021-05-24 14:18:51,2396.85,0
2021-05-24 14:18:52,2397.75,0
2021-05-24 14:18:53,2397.3,0
2021-05-24 14:18:56,2398.0,0
2021-05-24 14:18:57,2397.5,0
2021-05-24 14:18:58,2397.9,0
2021-05-24 14:18:59,2397.85,0
2021-05-24 14:19:00,2397.7,0
2021-05-24 14:19:02,2397.45,0
2021-05-24 14:19:03,2397.8,0
2021-05-24 14:19:05,2397.9,0
2021-05-24 14:19:06,2397.35,0
2021-05-24 14:19:07,2397.55,0
2021-05-24 14:19:08,2398.05,0
2021-05-24 14:19:10,2398.15,0
2021-05-24 14:19:11,2398.4,0
2021-05-24 14:19:12,2398.15,0
2021-05-24 14:19:13,2397.9,0
2021-05-24 14:19:15,2398.0,0
2021-05-24 14:19:17,2398.55,0
2021-05-24 14:19:20,2398.2,0
2021-05-24 14:19:22,2398.55,0
2021-05-24 14:19:23,2398.55,0
2021-05-24 14:19:25,2398.55,0
2021-05-24 14:19:26,2398.55,0
2021-05-24 14:19:28,2398.6,0
2021-05-24 14:19:30,2398.65,0
2021-05-24 14:19:31,2398.55,0
2021-05-24 14:19:32,2398.8,0
2021-05-24 14:19:33,2398.5,0
2021-05-24 14:19:34,2398.95,0
2021-05-24 14:19:35,2398.95,0
2021-05-24 14:19:36,2398.9,0
2021-05-24 14:19:38,2398.05,0
2021-05-24 14:19:39,2398.4,0
2021-05-24 14:19:41,2397.8,0
2021-05-24 14:19:44,2398.3,0
2021-05-24 14:19:48,2398.7,0
2021-05-24 14:19:49,2398.4,0
2021-05-24 14:19:50,2398.3,0
2021-05-24 14:19:52,2398.05,0
2021-05-24 14:19:53,2397.75,0
2021-05-24 14:19:54,2398.1,0
2021-05-24 14:19:57,2398.55,0
2021-05-24 14:19:58,2398.5,0
2021-05-24 14:20:00,2398.3,0
2021-05-24 14:20:05,2397.9,0
2021-05-24 14:20:06,2397.8,0
2021-05-24 14:20:07,2398.2,0
2021-05-24 14:20:08,2397.9,0
2021-05-24 14:20:11,2397.75,0
2021-05-24 14:20:12,2398.4,0
2021-05-24 14:20:13,2397.95,0
2021-05-24 14:20:14,2397.55,0
2021-05-24 14:20:15,2397.95,0
2021-05-24 14:20:16,2398.0,0
2021-05-24 14:20:17,2397.6,0
2021-05-24 14:20:21,2398.15,0
2021-05-24 14:20:22,2398.4,0
2021-05-24 14:20:24,2398.05,0
2021-05-24 14:20:25,2397.85,0
2021-05-24 14:20:26,2397.95,0
2021-05-24 14:20:27,2398.35,0
2021-05-24 14:20:28,2398.05,0
2021-05-24 14:20:32,2398.05,0
2021-05-24 14:20:33,2398.25,0
2021-05-24 14:20:34,2398.55,0
2021-05-24 14:20:35,2397.9,0
2021-05-24 14:20:36,2398.3,0
2021-05-24 14:20:39,2398.1,0
2021-05-24 14:20:40,2397.65,0
2021-05-24 14:20:41,2398.35,0
2021-05-24 14:20:42,2397.95,0
2021-05-24 14:20:45,2397.75,0
2021-05-24 14:20:47,2397.55,0
2021-05-24 14:20:49,2397.95,0
2021-05-24 14:20:50,2398.25,0
2021-05-24 14:20:51,2397.6,0
2021-05-24 14:20:52,2397.55,0
2021-05-24 14:20:53,2397.9,0
2021-05-24 14:20:55,2397.95,0
2021-05-24 14:20:56,2398.0,0
2021-05-24 14:20:57,2398.1,0
2021-05-24 14:20:59,2398.05,0
2021-05-24 14:21:00,2397.9,0
2021-05-24 14:21:01,2398.0,0
2021-05-24 14:21:05,2398.05,0
2021-05-24 14:21:06,2397.45,0
2021-05-24 14:21:07,2397.95,0
2021-05-24 14:21:11,2397.65,0
2021-05-24 14:21:12,2397.8,0
2021-05-24 14:21:13,2398.25,0
2021-05-24 14:21:14,2397.75,0
2021-05-24 14:21:17,2397.95,0
2021-05-24 14:21:21,2397.85,0
2021-05-24 14:21:24,2397.55,0
2021-05-24 14:21:25,2397.5,0
2021-05-24 14:21:26,2396.4,0
2021-05-24 14:21:27,2396.65,0
2021-05-24 14:21:28,2396.9,0
2021-05-24 14:21:29,2397.25,0
2021-05-24 14:21:30,2396.75,0
2021-05-24 14:21:31,2396.8,0
2021-05-24 14:21:32,2396.2,0
2021-05-24 14:21:33,2397.15,0
2021-05-24 14:21:34,2396.6,0
2021-05-24 14:21:36,2396.9,0
2021-05-24 14:21:38,2396.4,0
2021-05-24 14:21:40,2397.05,0
2021-05-24 14:21:41,2397.1,0
2021-05-24 14:21:42,2397.1,0
2021-05-24 14:21:43,2397.1,0
2021-05-24 14:21:44,2396.75,0
2021-05-24 14:21:45,2397.0,0
2021-05-24 14:21:46,2396.95,0
2021-05-24 14:21:47,2396.85,0
2021-05-24 14:21:48,2396.95,0
2021-05-24 14:21:49,2397.2,0
2021-05-24 14:21:50,2396.95,0
2021-05-24 14:21:51,2396.75,0
2021-05-24 14:21:53,2397.0,0
2021-05-24 14:21:54,2397.0,0
2021-05-24 14:21:55,2396.55,0
2021-05-24 14:21:56,2396.7,0
2021-05-24 14:21:58,2396.4,0
2021-05-24 14:21:59,2396.75,0
2021-05-24 14:22:04,2396.05,0
2021-05-24 14:22:05,2396.25,0
2021-05-24 14:22:08,2395.7,0
2021-05-24 14:22:12,2395.0,0
2021-05-24 14:22:13,2395.5,0
2021-05-24 14:22:14,2395.75,0
2021-05-24 14:22:16,2395.1,0
2021-05-24 14:22:17,2395.45,0
2021-05-24 14:22:22,2395.3,0
2021-05-24 14:22:23,2395.7,0
2021-05-24 14:22:24,2395.6,0
2021-05-24 14:22:25,2395.95,0
2021-05-24 14:22:30,2394.75,0
2021-05-24 14:22:31,2395.35,0
2021-05-24 14:22:32,2395.35,0
2021-05-24 14:22:33,2394.95,0
2021-05-24 14:22:34,2395.15,0
2021-05-24 14:22:38,2395.1,0
2021-05-24 14:22:39,2395.0,0
2021-05-24 14:22:40,2394.85,0
2021-05-24 14:22:42,2394.6,0
2021-05-24 14:22:43,2394.7,0
2021-05-24 14:22:46,2395.2,0
2021-05-24 14:22:47,2394.85,0
2021-05-24 14:22:48,2394.8,0
2021-05-24 14:22:50,2394.45,0
2021-05-24 14:22:51,2394.85,0
2021-05-24 14:22:52,2394.75,0
2021-05-24 14:22:54,2395.0,0
2021-05-24 14:22:55,2395.05,0
2021-05-24 14:22:56,2394.25,0
2021-05-24 14:22:58,2394.25,0
2021-05-24 14:23:03,2394.35,0
2021-05-24 14:23:06,2393.5,0
2021-05-24 14:23:07,2394.15,0
2021-05-24 14:23:09,2394.05,0
2021-05-24 14:23:11,2393.95,0
2021-05-24 14:23:12,2394.1,0
2021-05-24 14:23:13,2393.65,0
2021-05-24 14:23:15,2393.95,0
2021-05-24 14:23:18,2393.9,0
2021-05-24 14:23:19,2393.9,0
2021-05-24 14:23:20,2393.65,0
2021-05-24 14:23:21,2393.95,0
2021-05-24 14:23:22,2393.45,0
2021-05-24 14:23:23,2393.65,0
2021-05-24 14:23:25,2393.95,0
2021-05-24 14:23:27,2393.7,0
2021-05-24 14:23:29,2394.0,0
2021-05-24 14:23:30,2393.55,0
2021-05-24 14:23:31,2393.8,0
2021-05-24 14:23:32,2394.0,0
2021-05-24 14:23:33,2393.45,0
2021-05-24 14:23:34,2393.45,0
2021-05-24 14:23:35,2393.75,0
2021-05-24 14:23:36,2393.95,0
2021-05-24 14:23:37,2393.95,0
2021-05-24 14:23:38,2393.85,0
2021-05-24 14:23:39,2393.85,0
2021-05-24 14:23:40,2394.2,0
2021-05-24 14:23:41,2393.65,0
2021-05-24 14:23:43,2393.35,0
2021-05-24 14:23:44,2394.2,0
2021-05-24 14:23:45,2394.15,0
2021-05-24 14:23:46,2393.75,0
2021-05-24 14:23:47,2394.1,0
2021-05-24 14:23:49,2393.65,0
2021-05-24 14:23:50,2394.3,0
2021-05-24 14:23:51,2394.05,0
2021-05-24 14:23:52,2393.9,0
2021-05-24 14:23:53,2394.0,0
2021-05-24 14:23:56,2393.75,0
2021-05-24 14:23:57,2393.85,0
2021-05-24 14:24:01,2394.55,0
2021-05-24 14:24:02,2394.6,0
2021-05-24 14:24:03,2394.25,0
2021-05-24 14:24:04,2394.3,0
2021-05-24 14:24:06,2393.85,0
2021-05-24 14:24:07,2394.15,0
2021-05-24 14:24:08,2393.6,0
2021-05-24 14:24:11,2393.6,0
2021-05-24 14:24:14,2394.1,0
2021-05-24 14:24:16,2394.55,0
2021-05-24 14:24:17,2394.55,0
2021-05-24 14:24:19,2394.25,0
2021-05-24 14:24:21,2394.15,0
2021-05-24 14:24:22,2394.25,0
2021-05-24 14:24:23,2394.4,0
2021-05-24 14:24:24,2394.6,0
2021-05-24 14:24:25,2394.45,0
2021-05-24 14:24:26,2393.8,0
2021-05-24 14:24:28,2394.25,0
2021-05-24 14:24:30,2394.2,0
2021-05-24 14:24:34,2394.25,0
2021-05-24 14:24:35,2394.45,0
2021-05-24 14:24:36,2394.6,0
2021-05-24 14:24:41,2395.05,0
2021-05-24 14:24:42,2394.95,0
2021-05-24 14:24:44,2395.4,0
2021-05-24 14:24:46,2394.5,0
2021-05-24 14:24:47,2394.65,0
2021-05-24 14:24:48,2394.85,0
2021-05-24 14:24:49,2395.6,0
2021-05-24 14:24:50,2395.4,0
2021-05-24 14:24:51,2395.05,0
2021-05-24 14:24:52,2395.45,0
2021-05-24 14:24:54,2394.8,0
2021-05-24 14:24:56,2395.1,0
2021-05-24 14:24:58,2394.8,0
2021-05-24 14:24:59,2395.25,0
2021-05-24 14:25:00,2395.1,0
2021-05-24 14:25:02,2394.25,0
2021-05-24 14:25:03,2394.25,0
2021-05-24 14:25:04,2394.55,0
2021-05-24 14:25:05,2395.05,0
2021-05-24 14:25:06,2394.9,0
2021-05-24 14:25:08,2394.6,0
2021-05-24 14:25:10,2394.8,0
2021-05-24 14:25:12,2394.8,0
2021-05-24 14:25:14,2394.6,0
2021-05-24 14:25:17,2394.95,0
2021-05-24 14:25:19,2395.25,0
2021-05-24 14:25:20,2395.55,0
2021-05-24 14:25:21,2395.1,0
2021-05-24 14:25:22,2395.0,0
2021-05-24 14:25:24,2395.2,0
2021-05-24 14:25:25,2395.0,0
2021-05-24 14:25:26,2395.4,0
2021-05-24 14:25:28,2394.7,0
2021-05-24 14:25:29,2395.0,0
2021-05-24 14:25:30,2394.75,0
2021-05-24 14:25:31,2395.2,0
2021-05-24 14:25:33,2395.4,0
2021-05-24 14:25:35,2394.95,0
2021-05-24 14:25:36,2394.8,0
2021-05-24 14:25:40,2394.55,0
2021-05-24 14:25:41,2394.35,0
2021-05-24 14:25:43,2395.1,0
2021-05-24 14:25:44,2394.7,0
2021-05-24 14:25:45,2395.0,0
2021-05-24 14:25:46,2395.15,0
2021-05-24 14:25:47,2395.2,0
2021-05-24 14:25:48,2394.95,0
2021-05-24 14:25:49,2395.25,0
2021-05-24 14:25:50,2394.8,0
2021-05-24 14:25:51,2394.4,0
2021-05-24 14:25:53,2394.15,0
2021-05-24 14:25:54,2394.05,0
2021-05-24 14:25:55,2394.65,0
2021-05-24 14:25:56,2393.7,0
2021-05-24 14:25:57,2394.5,0
2021-05-24 14:25:59,2394.15,0
2021-05-24 14:26:02,2393.75,0
2021-05-24 14:26:03,2393.85,0
2021-05-24 14:26:04,2394.4,0
2021-05-24 14:26:05,2393.75,0
2021-05-24 14:26:06,2394.4,0
2021-05-24 14:26:07,2394.45,0
2021-05-24 14:26:08,2394.25,0
2021-05-24 14:26:09,2393.95,0
2021-05-24 14:26:10,2394.25,0
2021-05-24 14:26:11,2394.55,0
2021-05-24 14:26:13,2394.15,0
2021-05-24 14:26:15,2394.45,0
2021-05-24 14:26:17,2394.05,0
2021-05-24 14:26:18,2394.05,0
2021-05-24 14:26:21,2393.65,0
2021-05-24 14:26:23,2393.6,0
2021-05-24 14:26:25,2393.85,0
2021-05-24 14:26:27,2394.35,0
2021-05-24 14:26:28,2393.65,0
2021-05-24 14:26:32,2393.6,0
2021-05-24 14:26:33,2393.5,0
2021-05-24 14:26:34,2393.6,0
2021-05-24 14:26:38,2394.0,0
2021-05-24 14:26:39,2394.2,0
2021-05-24 14:26:40,2394.3,0
2021-05-24 14:26:41,2393.55,0
2021-05-24 14:26:42,2394.05,0
2021-05-24 14:26:43,2393.45,0
2021-05-24 14:26:44,2394.0,0
2021-05-24 14:26:46,2394.5,0
2021-05-24 14:26:47,2394.6,0
2021-05-24 14:26:49,2394.15,0
2021-05-24 14:26:50,2393.85,0
2021-05-24 14:26:51,2394.4,0
2021-05-24 14:26:53,2394.25,0
2021-05-24 14:26:56,2394.15,0
2021-05-24 14:26:57,2394.8,0
2021-05-24 14:27:00,2394.8,0
2021-05-24 14:27:02,2394.9,0
2021-05-24 14:27:03,2394.7,0
2021-05-24 14:27:04,2394.4,0
2021-05-24 14:27:05,2394.4,0
2021-05-24 14:27:06,2394.2,0
2021-05-24 14:27:07,2394.75,0
2021-05-24 14:27:08,2394.15,0
2021-05-24 14:27:09,2394.65,0
2021-05-24 14:27:10,2394.4,0
2021-05-24 14:27:17,2393.95,0
2021-05-24 14:27:18,2393.7,0
2021-05-24 14:27:20,2394.6,0
2021-05-24 14:27:22,2394.2,0
2021-05-24 14:27:23,2394.3,0
2021-05-24 14:27:24,2394.3,0
2021-05-24 14:27:30,2394.05,0
2021-05-24 14:27:31,2393.65,0
2021-05-24 14:27:32,2394.25,0
2021-05-24 14:27:34,2393.9,0
2021-05-24 14:27:35,2394.35,0
2021-05-24 14:27:43,2393.8,0
2021-05-24 14:27:46,2393.65,0
2021-05-24 14:27:47,2393.3,0
2021-05-24 14:27:50,2394.1,0
2021-05-24 14:27:51,2393.8,0
2021-05-24 14:27:54,2393.9,0
2021-05-24 14:27:55,2394.3,0
2021-05-24 14:27:56,2394.35,0
2021-05-24 14:27:57,2393.85,0
2021-05-24 14:27:58,2393.8,0
2021-05-24 14:27:59,2393.2,0
2021-05-24 14:28:00,2393.15,0
2021-05-24 14:28:01,2393.65,0
2021-05-24 14:28:02,2394.5,0
2021-05-24 14:28:03,2394.6,0
2021-05-24 14:28:04,2394.55,0
2021-05-24 14:28:06,2393.9,0
2021-05-24 14:28:07,2394.05,0
2021-05-24 14:28:09,2393.7,0
2021-05-24 14:28:10,2393.7,0
2021-05-24 14:28:12,2393.55,0
2021-05-24 14:28:15,2393.55,0
2021-05-24 14:28:16,2393.7,0
2021-05-24 14:28:17,2393.7,0
2021-05-24 14:28:19,2393.65,0
2021-05-24 14:28:20,2394.0,0
2021-05-24 14:28:21,2394.0,0
2021-05-24 14:28:23,2393.4,0
2021-05-24 14:28:24,2393.5,0
2021-05-24 14:28:25,2393.4,0
2021-05-24 14:28:27,2393.1,0
2021-05-24 14:28:28,2393.0,0
2021-05-24 14:28:29,2393.1,0
2021-05-24 14:28:30,2393.25,0
2021-05-24 14:28:32,2393.05,0
2021-05-24 14:28:33,2392.95,0
2021-05-24 14:28:34,2393.2,0
2021-05-24 14:28:36,2393.45,0
2021-05-24 14:28:38,2392.35,0
2021-05-24 14:28:41,2392.85,0
2021-05-24 14:28:44,2393.35,0
2021-05-24 14:28:45,2393.15,0
2021-05-24 14:28:47,2393.7,0
2021-05-24 14:28:49,2393.6,0
2021-05-24 14:28:50,2393.3,0
2021-05-24 14:28:51,2393.4,0
2021-05-24 14:28:52,2393.0,0
2021-05-24 14:28:55,2392.6,0
2021-05-24 14:28:57,2392.85,0
2021-05-24 14:28:59,2392.6,0
2021-05-24 14:29:00,2392.4,0
2021-05-24 14:29:01,2392.8,0
2021-05-24 14:29:03,2393.05,0
2021-05-24 14:29:04,2392.7,0
2021-05-24 14:29:05,2393.25,0
2021-05-24 14:29:06,2393.05,0
2021-05-24 14:29:07,2392.9,0
2021-05-24 14:29:08,2393.2,0
2021-05-24 14:29:09,2392.8,0
2021-05-24 14:29:10,2393.65,0
2021-05-24 14:29:11,2393.45,0
2021-05-24 14:29:12,2393.65,0
2021-05-24 14:29:13,2393.25,0
2021-05-24 14:29:15,2392.7,0
2021-05-24 14:29:17,2393.25,0
2021-05-24 14:29:19,2393.45,0
2021-05-24 14:29:23,2393.15,0
2021-05-24 14:29:26,2392.65,0
2021-05-24 14:29:29,2392.6,0
2021-05-24 14:29:30,2392.95,0
2021-05-24 14:29:32,2392.5,0
2021-05-24 14:29:33,2392.5,0
2021-05-24 14:29:35,2393.4,0
2021-05-24 14:29:36,2392.95,0
2021-05-24 14:29:39,2393.3,0
2021-05-24 14:29:40,2392.9,0
2021-05-24 14:29:42,2393.2,0
2021-05-24 14:29:45,2393.2,0
2021-05-24 14:29:46,2392.8,0
2021-05-24 14:29:48,2392.85,0
2021-05-24 14:29:49,2392.85,0
2021-05-24 14:29:50,2392.55,0
2021-05-24 14:29:52,2392.65,0
2021-05-24 14:29:53,2392.75,0
2021-05-24 14:29:54,2392.55,0
2021-05-24 14:29:55,2393.0,0
2021-05-24 14:29:56,2392.8,0
2021-05-24 14:29:57,2392.7,0
2021-05-24 14:29:58,2392.9,0
2021-05-24 14:29:59,2392.6,0
2021-05-24 14:30:00,2393.25,0
2021-05-24 14:30:01,2393.3,0
2021-05-24 14:30:03,2393.3,0
2021-05-24 14:30:04,2392.55,0
2021-05-24 14:30:10,2392.85,0
2021-05-24 14:30:12,2392.65,0
2021-05-24 14:30:15,2393.3,0
2021-05-24 14:30:16,2393.9,0
2021-05-24 14:30:17,2393.35,0
2021-05-24 14:30:18,2392.95,0
2021-05-24 14:30:20,2393.25,0
2021-05-24 14:30:21,2393.0,0
2021-05-24 14:30:22,2392.7,0
2021-05-24 14:30:23,2393.15,0
2021-05-24 14:30:24,2393.25,0
2021-05-24 14:30:25,2393.3,0
2021-05-24 14:30:28,2393.1,0
2021-05-24 14:30:29,2393.85,0
2021-05-24 14:30:30,2393.7,0
2021-05-24 14:30:32,2393.4,0
2021-05-24 14:30:34,2392.75,0
2021-05-24 14:30:35,2393.3,0
2021-05-24 14:30:36,2393.2,0
2021-05-24 14:30:39,2393.3,0
2021-05-24 14:30:40,2393.55,0
2021-05-24 14:30:41,2392.9,0
2021-05-24 14:30:43,2394.05,0
2021-05-24 14:30:44,2393.55,0
2021-05-24 14:30:45,2393.7,0
2021-05-24 14:30:47,2393.8,0
2021-05-24 14:30:48,2394.1,0
2021-05-24 14:30:49,2394.1,0
2021-05-24 14:30:50,2393.85,0
2021-05-24 14:30:52,2393.85,0
2021-05-24 14:30:58,2394.3,0
2021-05-24 14:30:59,2394.45,0
2021-05-24 14:31:01,2394.55,0
2021-05-24 14:31:03,2394.35,0
2021-05-24 14:31:07,2394.2,0
2021-05-24 14:31:09,2393.85,0
2021-05-24 14:31:13,2394.1,0
2021-05-24 14:31:15,2394.0,0
2021-05-24 14:31:16,2393.85,0
2021-05-24 14:31:17,2394.25,0
2021-05-24 14:31:19,2394.25,0
2021-05-24 14:31:20,2394.15,0
2021-05-24 14:31:22,2394.0,0
2021-05-24 14:31:23,2394.2,0
2021-05-24 14:31:25,2394.4,0
2021-05-24 14:31:26,2394.5,0
2021-05-24 14:31:27,2394.15,0
2021-05-24 14:31:28,2394.35,0
2021-05-24 14:31:30,2394.0,0
2021-05-24 14:31:31,2394.25,0
2021-05-24 14:31:34,2393.25,0
2021-05-24 14:31:36,2392.9,0
2021-05-24 14:31:38,2393.2,0
2021-05-24 14:31:39,2392.95,0
2021-05-24 14:31:40,2393.3,0
2021-05-24 14:31:41,2393.1,0
2021-05-24 14:31:42,2393.1,0
2021-05-24 14:31:45,2393.15,0
2021-05-24 14:31:46,2393.25,0
2021-05-24 14:31:48,2393.6,0
2021-05-24 14:31:49,2393.8,0
2021-05-24 14:31:50,2393.75,0
2021-05-24 14:31:51,2393.3,0
2021-05-24 14:31:52,2393.35,0
2021-05-24 14:31:55,2393.25,0
2021-05-24 14:31:56,2393.05,0
2021-05-24 14:31:58,2393.25,0
2021-05-24 14:31:59,2393.3,0
2021-05-24 14:32:00,2393.35,0
2021-05-24 14:32:01,2393.7,0
2021-05-24 14:32:02,2393.6,0
2021-05-24 14:32:03,2393.65,0
2021-05-24 14:32:04,2392.8,0
2021-05-24 14:32:07,2393.15,0
2021-05-24 14:32:09,2393.6,0
2021-05-24 14:32:10,2393.8,0
2021-05-24 14:32:11,2393.65,0
2021-05-24 14:32:12,2393.65,0
2021-05-24 14:32:13,2393.3,0
2021-05-24 14:32:15,2393.05,0
2021-05-24 14:32:16,2393.2,0
2021-05-24 14:32:17,2393.0,0
2021-05-24 14:32:18,2392.85,0
2021-05-24 14:32:19,2392.8,0
2021-05-24 14:32:20,2392.7,0
2021-05-24 14:32:21,2393.1,0
2021-05-24 14:32:22,2392.7,0
2021-05-24 14:32:23,2392.5,0
2021-05-24 14:32:24,2392.55,0
2021-05-24 14:32:25,2392.35,0
2021-05-24 14:32:26,2392.45,0
2021-05-24 14:32:30,2393.15,0
2021-05-24 14:32:31,2393.35,0
2021-05-24 14:32:35,2392.6,0
2021-05-24 14:32:36,2393.1,0
2021-05-24 14:32:38,2393.15,0
2021-05-24 14:32:39,2393.0,0
2021-05-24 14:32:40,2393.1,0
2021-05-24 14:32:41,2393.15,0
2021-05-24 14:32:42,2393.15,0
2021-05-24 14:32:44,2393.3,0
2021-05-24 14:32:45,2393.6,0
2021-05-24 14:32:48,2393.45,0
2021-05-24 14:32:49,2393.5,0
2021-05-24 14:32:51,2392.45,0
2021-05-24 14:32:53,2393.25,0
2021-05-24 14:32:54,2392.75,0
2021-05-24 14:32:55,2392.7,0
2021-05-24 14:32:57,2393.45,0
2021-05-24 14:33:01,2393.65,0
2021-05-24 14:33:02,2393.55,0
2021-05-24 14:33:03,2393.55,0
2021-05-24 14:33:04,2393.1,0
2021-05-24 14:33:07,2392.95,0
2021-05-24 14:33:08,2393.15,0
2021-05-24 14:33:09,2392.8,0
2021-05-24 14:33:10,2393.65,0
2021-05-24 14:33:12,2393.5,0
2021-05-24 14:33:13,2393.4,0
2021-05-24 14:33:15,2393.6,0
2021-05-24 14:33:18,2392.9,0
2021-05-24 14:33:19,2393.1,0
2021-05-24 14:33:20,2393.5,0
2021-05-24 14:33:23,2392.75,0
2021-05-24 14:33:24,2392.9,0
2021-05-24 14:33:25,2392.8,0
2021-05-24 14:33:26,2392.8,0
2021-05-24 14:33:27,2392.25,0
2021-05-24 14:33:28,2392.3,0
2021-05-24 14:33:29,2392.65,0
2021-05-24 14:33:32,2393.05,0
2021-05-24 14:33:36,2392.5,0
2021-05-24 14:33:38,2392.75,0
2021-05-24 14:33:40,2392.95,0
2021-05-24 14:33:42,2393.25,0
2021-05-24 14:33:44,2393.45,0
2021-05-24 14:33:45,2393.9,0
2021-05-24 14:33:51,2393.55,0
2021-05-24 14:33:52,2392.65,0
2021-05-24 14:33:53,2392.75,0
2021-05-24 14:33:55,2393.45,0
2021-05-24 14:33:57,2393.25,0
2021-05-24 14:33:59,2393.25,0
2021-05-24 14:34:02,2392.8,0
2021-05-24 14:34:03,2392.7,0
2021-05-24 14:34:04,2392.9,0
2021-05-24 14:34:08,2393.65,0
2021-05-24 14:34:10,2393.4,0
2021-05-24 14:34:12,2393.15,0
2021-05-24 14:34:14,2393.15,0
2021-05-24 14:34:15,2392.35,0
2021-05-24 14:34:16,2393.1,0
2021-05-24 14:34:17,2393.1,0
2021-05-24 14:34:22,2392.7,0
2021-05-24 14:34:23,2392.5,0
2021-05-24 14:34:24,2392.75,0
2021-05-24 14:34:25,2392.5,0
2021-05-24 14:34:26,2392.4,0
2021-05-24 14:34:27,2392.25,0
2021-05-24 14:34:28,2391.8,0
2021-05-24 14:34:31,2392.3,0
2021-05-24 14:34:32,2392.5,0
2021-05-24 14:34:33,2392.3,0
2021-05-24 14:34:34,2392.75,0
2021-05-24 14:34:35,2392.6,0
2021-05-24 14:34:39,2392.2,0
2021-05-24 14:34:41,2392.7,0
2021-05-24 14:34:42,2392.6,0
2021-05-24 14:34:43,2392.15,0
2021-05-24 14:34:44,2392.35,0
2021-05-24 14:34:45,2392.55,0
2021-05-24 14:34:46,2392.35,0
2021-05-24 14:34:47,2392.45,0
2021-05-24 14:34:48,2392.65,0
2021-05-24 14:34:50,2392.3,0
2021-05-24 14:34:51,2392.0,0
2021-05-24 14:34:52,2392.85,0
2021-05-24 14:34:55,2392.1,0
2021-05-24 14:34:56,2392.4,0
2021-05-24 14:34:57,2392.25,0
2021-05-24 14:34:58,2392.5,0
2021-05-24 14:34:59,2392.9,0
2021-05-24 14:35:01,2392.7,0
2021-05-24 14:35:02,2392.75,0
2021-05-24 14:35:05,2392.75,0
2021-05-24 14:35:07,2392.5,0
2021-05-24 14:35:08,2392.0,0
2021-05-24 14:35:10,2392.65,0
2021-05-24 14:35:11,2392.65,0
2021-05-24 14:35:12,2392.45,0
2021-05-24 14:35:13,2392.6,0
2021-05-24 14:35:14,2392.75,0
2021-05-24 14:35:15,2392.4,0
2021-05-24 14:35:16,2392.25,0
2021-05-24 14:35:17,2392.25,0
2021-05-24 14:35:19,2392.4,0
2021-05-24 14:35:20,2392.55,0
2021-05-24 14:35:23,2392.35,0
2021-05-24 14:35:24,2391.55,0
2021-05-24 14:35:25,2392.3,0
2021-05-24 14:35:26,2392.4,0
2021-05-24 14:35:29,2391.95,0
2021-05-24 14:35:30,2392.75,0
2021-05-24 14:35:32,2392.3,0
2021-05-24 14:35:33,2392.45,0
2021-05-24 14:35:37,2392.55,0
2021-05-24 14:35:38,2392.45,0
2021-05-24 14:35:39,2392.55,0
2021-05-24 14:35:40,2392.65,0
2021-05-24 14:35:41,2393.0,0
2021-05-24 14:35:42,2392.6,0
2021-05-24 14:35:49,2392.75,0
2021-05-24 14:35:51,2393.7,0
2021-05-24 14:35:52,2393.8,0
2021-05-24 14:35:53,2393.65,0
2021-05-24 14:35:54,2393.3,0
2021-05-24 14:35:59,2393.3,0
2021-05-24 14:36:03,2393.0,0
2021-05-24 14:36:04,2393.25,0
2021-05-24 14:36:07,2392.9,0
2021-05-24 14:36:12,2393.15,0
2021-05-24 14:36:13,2393.4,0
2021-05-24 14:36:16,2392.95,0
2021-05-24 14:36:17,2393.05,0
2021-05-24 14:36:19,2393.8,0
2021-05-24 14:36:21,2393.45,0
2021-05-24 14:36:22,2393.1,0
2021-05-24 14:36:25,2393.45,0
2021-05-24 14:36:26,2394.05,0
2021-05-24 14:36:28,2393.05,0
2021-05-24 14:36:29,2392.9,0
2021-05-24 14:36:30,2393.35,0
2021-05-24 14:36:31,2393.25,0
2021-05-24 14:36:32,2393.4,0
2021-05-24 14:36:34,2393.2,0
2021-05-24 14:36:35,2393.35,0
2021-05-24 14:36:36,2393.75,0
2021-05-24 14:36:37,2393.45,0
2021-05-24 14:36:38,2393.8,0
2021-05-24 14:36:39,2393.65,0
2021-05-24 14:36:40,2393.55,0
2021-05-24 14:36:41,2393.75,0
2021-05-24 14:36:42,2393.25,0
2021-05-24 14:36:44,2393.4,0
2021-05-24 14:36:45,2393.55,0
2021-05-24 14:36:49,2395.85,0
2021-05-24 14:36:52,2396.25,0
2021-05-24 14:36:55,2396.65,0
2021-05-24 14:36:56,2396.4,0
2021-05-24 14:36:59,2396.05,0
2021-05-24 14:37:00,2397.0,0
2021-05-24 14:37:01,2396.6,0
2021-05-24 14:37:03,2397.75,0
2021-05-24 14:37:04,2397.1,0
2021-05-24 14:37:06,2397.35,0
2021-05-24 14:37:07,2397.4,0
2021-05-24 14:37:08,2397.95,0
2021-05-24 14:37:11,2397.2,0
2021-05-24 14:37:12,2398.45,0
2021-05-24 14:37:14,2398.5,0
2021-05-24 14:37:16,2398.85,0
2021-05-24 14:37:18,2398.5,0
2021-05-24 14:37:21,2398.5,0
2021-05-24 14:37:22,2399.25,0
2021-05-24 14:37:28,2398.55,0
2021-05-24 14:37:29,2398.9,0
2021-05-24 14:37:30,2398.95,0
2021-05-24 14:37:32,2398.9,0
2021-05-24 14:37:35,2399.55,0
2021-05-24 14:37:37,2400.0,0
2021-05-24 14:37:39,2399.55,0
2021-05-24 14:37:40,2400.25,0
2021-05-24 14:37:43,2400.2,0
2021-05-24 14:37:44,2399.85,0
2021-05-24 14:37:45,2400.1,0
2021-05-24 14:37:46,2400.3,0
2021-05-24 14:37:48,2401.05,0
2021-05-24 14:37:49,2401.85,0
2021-05-24 14:37:52,2401.95,0
2021-05-24 14:37:54,2401.9,0
2021-05-24 14:37:58,2401.1,0
2021-05-24 14:37:59,2402.35,0
2021-05-24 14:38:02,2402.15,0
2021-05-24 14:38:05,2402.2,0
2021-05-24 14:38:06,2402.2,0
2021-05-24 14:38:10,2401.75,0
2021-05-24 14:38:12,2402.15,0
2021-05-24 14:38:13,2402.35,0
2021-05-24 14:38:14,2401.85,0
2021-05-24 14:38:15,2401.3,0
2021-05-24 14:38:16,2402.0,0
2021-05-24 14:38:17,2402.0,0
2021-05-24 14:38:19,2402.2,0
2021-05-24 14:38:20,2401.85,0
2021-05-24 14:38:21,2402.0,0
2021-05-24 14:38:22,2402.2,0
2021-05-24 14:38:24,2402.2,0
2021-05-24 14:38:25,2403.25,0
2021-05-24 14:38:27,2403.25,0
2021-05-24 14:38:31,2403.45,0
2021-05-24 14:38:32,2403.4,0
2021-05-24 14:38:33,2403.75,0
2021-05-24 14:38:36,2402.7,0
2021-05-24 14:38:40,2403.65,0
2021-05-24 14:38:42,2403.5,0
2021-05-24 14:38:43,2404.1,0
2021-05-24 14:38:44,2404.2,0
2021-05-24 14:38:49,2404.15,0
2021-05-24 14:38:50,2404.55,0
2021-05-24 14:38:51,2404.55,0
2021-05-24 14:38:52,2404.45,0
2021-05-24 14:38:55,2404.35,0
2021-05-24 14:38:56,2404.6,0
2021-05-24 14:38:57,2404.55,0
2021-05-24 14:38:58,2404.25,0
2021-05-24 14:38:59,2404.4,0
2021-05-24 14:39:02,2405.45,0
2021-05-24 14:39:04,2405.8,0
2021-05-24 14:39:06,2405.6,0
2021-05-24 14:39:07,2405.75,0
2021-05-24 14:39:09,2405.05,0
2021-05-24 14:39:10,2405.35,0
2021-05-24 14:39:13,2406.6,0
2021-05-24 14:39:17,2405.6,0
2021-05-24 14:39:18,2405.45,0
2021-05-24 14:39:22,2405.85,0
2021-05-24 14:39:23,2406.0,0
2021-05-24 14:39:24,2406.0,0
2021-05-24 14:39:25,2405.9,0
2021-05-24 14:39:26,2406.2,0
2021-05-24 14:39:28,2406.65,0
2021-05-24 14:39:33,2406.25,0
2021-05-24 14:39:38,2406.75,0
2021-05-24 14:39:40,2406.55,0
2021-05-24 14:39:42,2406.8,0
2021-05-24 14:39:43,2406.25,0
2021-05-24 14:39:44,2406.55,0
2021-05-24 14:39:46,2406.5,0
2021-05-24 14:39:50,2406.6,0
2021-05-24 14:39:51,2407.4,0
2021-05-24 14:39:54,2408.1,0
2021-05-24 14:40:00,2407.5,0
2021-05-24 14:40:04,2408.4,0
2021-05-24 14:40:05,2408.35,0
2021-05-24 14:40:08,2408.8,0
2021-05-24 14:40:10,2408.65,0
2021-05-24 14:40:11,2408.6,0
2021-05-24 14:40:12,2408.9,0
2021-05-24 14:40:18,2409.3,0
2021-05-24 14:40:23,2409.1,0
2021-05-24 14:40:28,2409.2,0
2021-05-24 14:40:35,2409.05,0
2021-05-24 14:40:38,2409.1,0
2021-05-24 14:40:40,2409.45,0
2021-05-24 14:40:42,2409.35,0
2021-05-24 14:40:43,2408.4,0
2021-05-24 14:40:44,2408.95,0
2021-05-24 14:40:45,2408.65,0
2021-05-24 14:40:46,2408.15,0
2021-05-24 14:40:48,2407.65,0
2021-05-24 14:40:49,2407.45,0
2021-05-24 14:40:50,2407.65,0
2021-05-24 14:40:51,2407.9,0
2021-05-24 14:40:52,2407.35,0
2021-05-24 14:40:53,2407.65,0
2021-05-24 14:40:55,2407.65,0
2021-05-24 14:40:56,2407.7,0
2021-05-24 14:40:59,2407.3,0
2021-05-24 14:41:11,2406.65,0
2021-05-24 14:41:13,2407.25,0
2021-05-24 14:41:16,2407.1,0
2021-05-24 14:41:17,2406.45,0
2021-05-24 14:41:19,2406.45,0
2021-05-24 14:41:22,2406.05,0
2021-05-24 14:41:28,2406.6,0
2021-05-24 14:41:31,2405.75,0
2021-05-24 14:41:33,2405.9,0
2021-05-24 14:41:34,2406.2,0
2021-05-24 14:41:35,2405.4,0
2021-05-24 14:41:39,2405.65,0
2021-05-24 14:41:42,2405.65,0
2021-05-24 14:41:45,2405.35,0
2021-05-24 14:41:48,2405.05,0
2021-05-24 14:41:50,2404.95,0
2021-05-24 14:41:51,2405.4,0
2021-05-24 14:41:52,2404.8,0
2021-05-24 14:41:53,2405.25,0
2021-05-24 14:41:55,2404.75,0
2021-05-24 14:41:56,2405.3,0
2021-05-24 14:42:01,2405.05,0
2021-05-24 14:42:07,2405.45,0
2021-05-24 14:42:11,2405.4,0
2021-05-24 14:42:16,2405.5,0
2021-05-24 14:42:20,2404.75,0
2021-05-24 14:42:23,2405.1,0
2021-05-24 14:42:24,2405.15,0
2021-05-24 14:42:26,2404.85,0
2021-05-24 14:42:28,2405.4,0
2021-05-24 14:42:31,2405.15,0
2021-05-24 14:42:32,2405.55,0
2021-05-24 14:42:33,2405.1,0
2021-05-24 14:42:36,2405.1,0
2021-05-24 14:42:38,2405.85,0
2021-05-24 14:42:39,2405.85,0
2021-05-24 14:42:40,2405.75,0
2021-05-24 14:42:41,2405.4,0
2021-05-24 14:42:42,2405.2,0
2021-05-24 14:42:43,2405.6,0
2021-05-24 14:42:47,2405.7,0
2021-05-24 14:42:49,2406.15,0
2021-05-24 14:42:51,2406.2,0
2021-05-24 14:42:53,2405.65,0
2021-05-24 14:42:54,2405.55,0
2021-05-24 14:42:59,2405.1,0
2021-05-24 14:43:00,2405.55,0
2021-05-24 14:43:07,2405.75,0
2021-05-24 14:43:09,2405.2,0
2021-05-24 14:43:10,2405.35,0
2021-05-24 14:43:11,2405.95,0
2021-05-24 14:43:15,2405.4,0
2021-05-24 14:43:16,2405.95,0
2021-05-24 14:43:17,2405.75,0
2021-05-24 14:43:18,2405.25,0
2021-05-24 14:43:21,2405.7,0
2021-05-24 14:43:24,2404.95,0
2021-05-24 14:43:26,2405.15,0
2021-05-24 14:43:28,2405.25,0
2021-05-24 14:43:32,2404.85,0
2021-05-24 14:43:33,2405.1,0
2021-05-24 14:43:35,2405.2,0
2021-05-24 14:43:36,2404.6,0
2021-05-24 14:43:37,2404.95,0
2021-05-24 14:43:38,2404.8,0
2021-05-24 14:43:41,2404.65,0
2021-05-24 14:43:44,2404.95,0
2021-05-24 14:43:48,2405.05,0
2021-05-24 14:43:49,2404.7,0
2021-05-24 14:43:52,2405.2,0
2021-05-24 14:43:53,2404.5,0
2021-05-24 14:43:55,2404.45,0
2021-05-24 14:43:56,2404.7,0
2021-05-24 14:43:57,2404.65,0
2021-05-24 14:43:58,2404.4,0
2021-05-24 14:43:59,2405.0,0
2021-05-24 14:44:03,2404.65,0
2021-05-24 14:44:05,2404.95,0
2021-05-24 14:44:10,2404.6,0
2021-05-24 14:44:11,2405.05,0
2021-05-24 14:44:12,2404.8,0
2021-05-24 14:44:13,2404.95,0
2021-05-24 14:44:15,2404.95,0
2021-05-24 14:44:16,2404.75,0
2021-05-24 14:44:17,2404.45,0
2021-05-24 14:44:19,2404.5,0
2021-05-24 14:44:23,2404.8,0
2021-05-24 14:44:24,2404.7,0
2021-05-24 14:44:27,2404.45,0
2021-05-24 14:44:28,2404.45,0
2021-05-24 14:44:29,2404.6,0
2021-05-24 14:44:30,2404.4,0
2021-05-24 14:44:32,2405.85,0
2021-05-24 14:44:34,2405.7,0
2021-05-24 14:44:41,2405.45,0
2021-05-24 14:44:42,2405.8,0
2021-05-24 14:44:44,2405.75,0
2021-05-24 14:44:45,2405.5,0
2021-05-24 14:44:47,2405.9,0
2021-05-24 14:44:49,2406.1,0
2021-05-24 14:44:51,2406.25,0
2021-05-24 14:44:54,2405.15,0
2021-05-24 14:44:58,2405.8,0
2021-05-24 14:45:05,2405.9,0
2021-05-24 14:45:06,2405.7,0
2021-05-24 14:45:09,2406.2,0
2021-05-24 14:45:10,2406.7,0
2021-05-24 14:45:11,2406.6,0
2021-05-24 14:45:13,2406.4,0
2021-05-24 14:45:14,2406.3,0
2021-05-24 14:45:17,2406.8,0
2021-05-24 14:45:18,2406.6,0
2021-05-24 14:45:19,2406.75,0
2021-05-24 14:45:20,2406.65,0
2021-05-24 14:45:21,2406.35,0
2021-05-24 14:45:23,2406.1,0
2021-05-24 14:45:24,2406.0,0
2021-05-24 14:45:26,2406.65,0
2021-05-24 14:45:27,2406.1,0
2021-05-24 14:45:28,2406.65,0
2021-05-24 14:45:29,2406.0,0
2021-05-24 14:45:30,2406.05,0
2021-05-24 14:45:31,2405.55,0
2021-05-24 14:45:44,2404.9,0
2021-05-24 14:45:46,2405.9,0
2021-05-24 14:45:47,2406.3,0
2021-05-24 14:45:48,2405.7,0
2021-05-24 14:45:50,2405.35,0
2021-05-24 14:45:52,2406.2,0
2021-05-24 14:45:53,2406.05,0
2021-05-24 14:45:55,2405.85,0
2021-05-24 14:45:56,2406.0,0
2021-05-24 14:45:57,2405.95,0
2021-05-24 14:46:03,2405.65,0
2021-05-24 14:46:06,2406.25,0
2021-05-24 14:46:08,2405.3,0
2021-05-24 14:46:10,2405.65,0
2021-05-24 14:46:11,2405.9,0
2021-05-24 14:46:12,2405.55,0
2021-05-24 14:46:13,2405.8,0
2021-05-24 14:46:17,2406.1,0
2021-05-24 14:46:18,2406.05,0
2021-05-24 14:46:20,2406.15,0
2021-05-24 14:46:21,2405.1,0
2021-05-24 14:46:22,2405.65,0
2021-05-24 14:46:23,2405.75,0
2021-05-24 14:46:24,2406.0,0
2021-05-24 14:46:25,2406.0,0
2021-05-24 14:46:26,2405.65,0
2021-05-24 14:46:27,2406.0,0
2021-05-24 14:46:28,2405.7,0
2021-05-24 14:46:29,2405.65,0
2021-05-24 14:46:31,2405.95,0
2021-05-24 14:46:36,2405.55,0
2021-05-24 14:46:37,2405.7,0
2021-05-24 14:46:38,2405.45,0
2021-05-24 14:46:41,2405.9,0
2021-05-24 14:46:42,2405.55,0
2021-05-24 14:46:45,2405.8,0
2021-05-24 14:46:46,2405.35,0
2021-05-24 14:46:47,2405.5,0
2021-05-24 14:46:48,2406.0,0
2021-05-24 14:46:49,2406.05,0
2021-05-24 14:46:50,2405.75,0
2021-05-24 14:46:53,2406.55,0
2021-05-24 14:46:54,2406.1,0
2021-05-24 14:46:55,2405.65,0
2021-05-24 14:46:57,2406.3,0
2021-05-24 14:46:58,2405.9,0
2021-05-24 14:47:00,2406.15,0
2021-05-24 14:47:03,2405.95,0
2021-05-24 14:47:05,2405.7,0
2021-05-24 14:47:08,2406.65,0
2021-05-24 14:47:09,2406.0,0
2021-05-24 14:47:15,2406.2,0
2021-05-24 14:47:16,2405.95,0
2021-05-24 14:47:18,2406.35,0
2021-05-24 14:47:21,2406.85,0
2021-05-24 14:47:25,2406.85,0
2021-05-24 14:47:27,2406.5,0
2021-05-24 14:47:28,2406.8,0
2021-05-24 14:47:29,2407.05,0
2021-05-24 14:47:32,2407.15,0
2021-05-24 14:47:44,2408.3,0
2021-05-24 14:47:45,2407.9,0
2021-05-24 14:47:48,2408.45,0
2021-05-24 14:47:50,2408.25,0
2021-05-24 14:47:52,2408.7,0
2021-05-24 14:47:54,2408.45,0
2021-05-24 14:47:56,2407.8,0
2021-05-24 14:47:58,2408.45,0
2021-05-24 14:48:02,2409.2,0
2021-05-24 14:48:07,2409.15,0
2021-05-24 14:48:10,2410.25,0
2021-05-24 14:48:11,2410.1,0
2021-05-24 14:48:12,2410.2,0
2021-05-24 14:48:17,2409.85,0
2021-05-24 14:48:20,2409.5,0
2021-05-24 14:48:22,2409.65,0
2021-05-24 14:48:23,2409.8,0
2021-05-24 14:48:24,2410.25,0
2021-05-24 14:48:25,2410.0,0
2021-05-24 14:48:27,2409.45,0
2021-05-24 14:48:29,2409.3,0
2021-05-24 14:48:32,2409.65,0
2021-05-24 14:48:33,2408.7,0
2021-05-24 14:48:34,2409.05,0
2021-05-24 14:48:35,2409.05,0
2021-05-24 14:48:36,2409.3,0
2021-05-24 14:48:38,2409.55,0
2021-05-24 14:48:39,2409.75,0
2021-05-24 14:48:40,2410.05,0
2021-05-24 14:48:42,2409.75,0
2021-05-24 14:48:43,2410.2,0
2021-05-24 14:48:44,2409.8,0
2021-05-24 14:48:47,2409.85,0
2021-05-24 14:48:49,2410.0,0
2021-05-24 14:48:51,2410.1,0
2021-05-24 14:48:52,2409.75,0
2021-05-24 14:48:57,2409.35,0
2021-05-24 14:49:00,2408.7,0
2021-05-24 14:49:03,2408.75,0
2021-05-24 14:49:05,2408.55,0
2021-05-24 14:49:06,2408.9,0
2021-05-24 14:49:08,2408.9,0
2021-05-24 14:49:09,2408.8,0
2021-05-24 14:49:10,2408.65,0
2021-05-24 14:49:11,2409.25,0
2021-05-24 14:49:12,2409.15,0
2021-05-24 14:49:13,2409.3,0
2021-05-24 14:49:14,2409.2,0
2021-05-24 14:49:15,2409.1,0
2021-05-24 14:49:17,2408.3,0
2021-05-24 14:49:18,2408.9,0
2021-05-24 14:49:22,2407.5,0
2021-05-24 14:49:23,2407.4,0
2021-05-24 14:49:26,2407.8,0
2021-05-24 14:49:32,2408.15,0
2021-05-24 14:49:34,2408.8,0
2021-05-24 14:49:36,2407.6,0
2021-05-24 14:49:40,2407.45,0
2021-05-24 14:49:42,2407.45,0
2021-05-24 14:49:49,2407.45,0
2021-05-24 14:49:50,2407.95,0
2021-05-24 14:49:51,2407.7,0
2021-05-24 14:49:52,2407.75,0
2021-05-24 14:49:55,2407.7,0
2021-05-24 14:49:56,2407.55,0
2021-05-24 14:49:58,2407.9,0
2021-05-24 14:49:59,2407.25,0
2021-05-24 14:50:02,2407.55,0
2021-05-24 14:50:03,2407.85,0
2021-05-24 14:50:05,2407.55,0
2021-05-24 14:50:06,2407.95,0
2021-05-24 14:50:08,2408.6,0
2021-05-24 14:50:10,2408.6,0
2021-05-24 14:50:15,2408.4,0
2021-05-24 14:50:16,2408.6,0
2021-05-24 14:50:20,2408.9,0
2021-05-24 14:50:21,2409.45,0
2021-05-24 14:50:22,2409.65,0
2021-05-24 14:50:23,2408.5,0
2021-05-24 14:50:24,2409.2,0
2021-05-24 14:50:27,2409.95,0
2021-05-24 14:50:28,2409.5,0
2021-05-24 14:50:30,2410.15,0
2021-05-24 14:50:31,2410.35,0
2021-05-24 14:50:32,2410.2,0
2021-05-24 14:50:33,2410.35,0
2021-05-24 14:50:34,2410.9,0
2021-05-24 14:50:35,2410.25,0
2021-05-24 14:50:36,2410.7,0
2021-05-24 14:50:38,2410.55,0
2021-05-24 14:50:42,2409.85,0
2021-05-24 14:50:43,2410.35,0
2021-05-24 14:50:44,2410.4,0
2021-05-24 14:50:45,2410.35,0
2021-05-24 14:50:46,2410.15,0
2021-05-24 14:50:52,2410.85,0
2021-05-24 14:50:53,2411.4,0
2021-05-24 14:50:54,2411.05,0
2021-05-24 14:50:55,2410.7,0
2021-05-24 14:50:57,2410.5,0
2021-05-24 14:50:58,2409.95,0
2021-05-24 14:50:59,2409.8,0
2021-05-24 14:51:00,2410.1,0
2021-05-24 14:51:01,2410.3,0
2021-05-24 14:51:02,2410.6,0
2021-05-24 14:51:06,2409.4,0
2021-05-24 14:51:07,2409.55,0
2021-05-24 14:51:09,2409.95,0
2021-05-24 14:51:10,2410.2,0
2021-05-24 14:51:15,2409.45,0
2021-05-24 14:51:16,2409.6,0
2021-05-24 14:51:17,2409.7,0
2021-05-24 14:51:19,2410.0,0
2021-05-24 14:51:21,2410.1,0
2021-05-24 14:51:23,2410.3,0
2021-05-24 14:51:24,2409.4,0
2021-05-24 14:51:26,2409.65,0
2021-05-24 14:51:28,2409.95,0
2021-05-24 14:51:29,2409.8,0
2021-05-24 14:51:30,2409.65,0
2021-05-24 14:51:32,2409.95,0
2021-05-24 14:51:33,2410.85,0
2021-05-24 14:51:36,2409.75,0
2021-05-24 14:51:37,2409.75,0
2021-05-24 14:51:38,2409.9,0
2021-05-24 14:51:40,2409.7,0
2021-05-24 14:51:41,2409.55,0
2021-05-24 14:51:42,2409.65,0
2021-05-24 14:51:44,2409.55,0
2021-05-24 14:51:46,2409.1,0
2021-05-24 14:51:48,2408.9,0
2021-05-24 14:51:49,2408.5,0
2021-05-24 14:51:50,2408.25,0
2021-05-24 14:51:51,2408.1,0
2021-05-24 14:51:52,2408.65,0
2021-05-24 14:51:53,2408.45,0
2021-05-24 14:51:56,2408.5,0
2021-05-24 14:51:57,2408.5,0
2021-05-24 14:51:58,2408.3,0
2021-05-24 14:51:59,2408.2,0
2021-05-24 14:52:01,2409.1,0
2021-05-24 14:52:02,2409.6,0
2021-05-24 14:52:04,2408.95,0
2021-05-24 14:52:06,2409.1,0
2021-05-24 14:52:10,2408.55,0
2021-05-24 14:52:17,2409.15,0
2021-05-24 14:52:18,2409.45,0
2021-05-24 14:52:19,2409.0,0
2021-05-24 14:52:24,2410.35,0
2021-05-24 14:52:29,2410.55,0
2021-05-24 14:52:30,2410.0,0
2021-05-24 14:52:31,2410.65,0
2021-05-24 14:52:33,2410.05,0
2021-05-24 14:52:35,2409.75,0
2021-05-24 14:52:37,2410.15,0
2021-05-24 14:52:38,2410.35,0
2021-05-24 14:52:39,2409.75,0
2021-05-24 14:52:40,2410.1,0
2021-05-24 14:52:42,2409.8,0
2021-05-24 14:52:43,2409.4,0
2021-05-24 14:52:46,2409.55,0
2021-05-24 14:52:50,2410.0,0
2021-05-24 14:52:51,2409.65,0
2021-05-24 14:52:54,2410.0,0
2021-05-24 14:52:56,2409.75,0
2021-05-24 14:52:57,2410.05,0
2021-05-24 14:53:01,2410.35,0
2021-05-24 14:53:02,2410.2,0
2021-05-24 14:53:03,2410.0,0
2021-05-24 14:53:05,2410.75,0
2021-05-24 14:53:07,2410.6,0
2021-05-24 14:53:08,2410.4,0
2021-05-24 14:53:11,2410.25,0
2021-05-24 14:53:12,2410.45,0
2021-05-24 14:53:16,2410.5,0
2021-05-24 14:53:18,2410.6,0
2021-05-24 14:53:19,2410.75,0
2021-05-24 14:53:20,2410.95,0
2021-05-24 14:53:21,2411.35,0
2021-05-24 14:53:22,2410.35,0
2021-05-24 14:53:23,2411.0,0
2021-05-24 14:53:24,2410.9,0
2021-05-24 14:53:30,2411.05,0
2021-05-24 14:53:33,2410.75,0
2021-05-24 14:53:34,2410.65,0
2021-05-24 14:53:38,2410.6,0
2021-05-24 14:53:42,2411.6,0
2021-05-24 14:53:43,2411.05,0
2021-05-24 14:53:44,2411.2,0
2021-05-24 14:53:47,2411.15,0
2021-05-24 14:53:49,2411.3,0
2021-05-24 14:53:51,2411.35,0
2021-05-24 14:53:52,2410.95,0
2021-05-24 14:53:53,2411.45,0
2021-05-24 14:53:57,2411.8,0
2021-05-24 14:54:06,2411.65,0
2021-05-24 14:54:07,2412.65,0
2021-05-24 14:54:08,2412.2,0
2021-05-24 14:54:11,2412.6,0
2021-05-24 14:54:18,2412.75,0
2021-05-24 14:54:20,2412.95,0
2021-05-24 14:54:24,2413.3,0
2021-05-24 14:54:25,2412.75,0
2021-05-24 14:54:26,2412.9,0
2021-05-24 14:54:27,2412.6,0
2021-05-24 14:54:28,2412.8,0
2021-05-24 14:54:29,2412.85,0
2021-05-24 14:54:31,2413.15,0
2021-05-24 14:54:33,2413.35,0
2021-05-24 14:54:35,2412.45,0
2021-05-24 14:54:36,2411.95,0
2021-05-24 14:54:39,2411.15,0
2021-05-24 14:54:40,2411.1,0
2021-05-24 14:54:45,2411.0,0
2021-05-24 14:54:48,2410.8,0
2021-05-24 14:54:51,2410.35,0
2021-05-24 14:54:52,2410.5,0
2021-05-24 14:54:53,2411.05,0
2021-05-24 14:54:54,2410.25,0
2021-05-24 14:54:55,2410.8,0
2021-05-24 14:54:56,2410.85,0
2021-05-24 14:54:58,2410.55,0
2021-05-24 14:54:59,2410.7,0
2021-05-24 14:55:01,2410.8,0
2021-05-24 14:55:02,2411.05,0
2021-05-24 14:55:04,2411.2,0
2021-05-24 14:55:05,2411.15,0
2021-05-24 14:55:06,2411.0,0
2021-05-24 14:55:08,2410.65,0
2021-05-24 14:55:09,2411.05,0
2021-05-24 14:55:10,2411.05,0
2021-05-24 14:55:12,2411.6,0
2021-05-24 14:55:14,2411.4,0
2021-05-24 14:55:15,2410.95,0
2021-05-24 14:55:16,2411.25,0
2021-05-24 14:55:17,2410.85,0
2021-05-24 14:55:22,2410.65,0
2021-05-24 14:55:25,2410.65,0
2021-05-24 14:55:26,2410.2,0
2021-05-24 14:55:27,2410.25,0
2021-05-24 14:55:30,2409.9,0
2021-05-24 14:55:34,2410.05,0
2021-05-24 14:55:35,2410.3,0
2021-05-24 14:55:37,2410.75,0
2021-05-24 14:55:38,2410.1,0
2021-05-24 14:55:40,2410.65,0
2021-05-24 14:55:41,2409.8,0
2021-05-24 14:55:42,2410.7,0
2021-05-24 14:55:43,2409.55,0
2021-05-24 14:55:44,2409.7,0
2021-05-24 14:55:46,2410.15,0
2021-05-24 14:55:47,2410.45,0
2021-05-24 14:55:50,2410.6,0
2021-05-24 14:55:52,2410.25,0
2021-05-24 14:55:53,2409.95,0
2021-05-24 14:56:00,2410.0,0
2021-05-24 14:56:06,2410.8,0
2021-05-24 14:56:11,2410.55,0
2021-05-24 14:56:13,2410.4,0
2021-05-24 14:56:15,2410.4,0
2021-05-24 14:56:17,2410.65,0
2021-05-24 14:56:22,2409.75,0
2021-05-24 14:56:25,2409.75,0
2021-05-24 14:56:26,2409.4,0
2021-05-24 14:56:28,2407.7,0
2021-05-24 14:56:31,2408.35,0
2021-05-24 14:56:32,2408.15,0
2021-05-24 14:56:33,2408.0,0
2021-05-24 14:56:34,2407.9,0
2021-05-24 14:56:35,2408.1,0
2021-05-24 14:56:36,2407.7,0
2021-05-24 14:56:37,2407.65,0
2021-05-24 14:56:46,2407.0,0
2021-05-24 14:56:48,2406.55,0
2021-05-24 14:56:50,2406.9,0
2021-05-24 14:56:53,2406.7,0
2021-05-24 14:56:56,2406.6,0
2021-05-24 14:56:57,2406.95,0
2021-05-24 14:56:58,2407.2,0
2021-05-24 14:56:59,2407.2,0
2021-05-24 14:57:00,2408.15,0
2021-05-24 14:57:02,2408.9,0
2021-05-24 14:57:03,2408.7,0
2021-05-24 14:57:04,2409.1,0
2021-05-24 14:57:05,2409.05,0
2021-05-24 14:57:06,2408.55,0
2021-05-24 14:57:07,2407.8,0
2021-05-24 14:57:09,2408.75,0
2021-05-24 14:57:10,2408.35,0
2021-05-24 14:57:11,2408.6,0
2021-05-24 14:57:12,2408.2,0
2021-05-24 14:57:13,2408.3,0
2021-05-24 14:57:15,2408.45,0
2021-05-24 14:57:17,2408.6,0
2021-05-24 14:57:18,2408.1,0
2021-05-24 14:57:22,2408.2,0
2021-05-24 14:57:29,2406.65,0
2021-05-24 14:57:30,2406.2,0
2021-05-24 14:57:33,2406.95,0
2021-05-24 14:57:37,2406.3,0
2021-05-24 14:57:38,2406.7,0
2021-05-24 14:57:39,2407.1,0
2021-05-24 14:57:40,2407.2,0
2021-05-24 14:57:43,2406.1,0
2021-05-24 14:57:45,2406.35,0
2021-05-24 14:57:48,2406.65,0
2021-05-24 14:57:49,2405.95,0
2021-05-24 14:57:51,2406.1,0
2021-05-24 14:57:52,2405.8,0
2021-05-24 14:57:53,2406.05,0
2021-05-24 14:57:55,2405.7,0
2021-05-24 14:57:56,2405.65,0
2021-05-24 14:57:57,2405.85,0
2021-05-24 14:58:00,2406.05,0
2021-05-24 14:58:08,2405.35,0
2021-05-24 14:58:09,2405.65,0
2021-05-24 14:58:10,2405.5,0
2021-05-24 14:58:11,2405.25,0
2021-05-24 14:58:12,2405.0,0
2021-05-24 14:58:13,2404.95,0
2021-05-24 14:58:15,2405.8,0
2021-05-24 14:58:17,2404.9,0
2021-05-24 14:58:19,2404.8,0
2021-05-24 14:58:21,2404.95,0
2021-05-24 14:58:23,2405.35,0
2021-05-24 14:58:25,2405.15,0
2021-05-24 14:58:26,2404.7,0
2021-05-24 14:58:27,2404.2,0
2021-05-24 14:58:29,2404.45,0
2021-05-24 14:58:30,2405.1,0
2021-05-24 14:58:31,2405.4,0
2021-05-24 14:58:32,2405.05,0
2021-05-24 14:58:37,2404.5,0
2021-05-24 14:58:38,2404.05,0
2021-05-24 14:58:39,2404.1,0
2021-05-24 14:58:41,2403.9,0
2021-05-24 14:58:42,2404.45,0
2021-05-24 14:58:43,2404.35,0
2021-05-24 14:58:44,2404.4,0
2021-05-24 14:58:45,2405.15,0
2021-05-24 14:58:46,2404.2,0
2021-05-24 14:58:48,2404.7,0
2021-05-24 14:58:50,2406.45,0
2021-05-24 14:58:52,2406.15,0
2021-05-24 14:58:53,2406.35,0
2021-05-24 14:58:54,2406.9,0
2021-05-24 14:58:55,2406.4,0
2021-05-24 14:58:58,2406.1,0
2021-05-24 14:59:00,2405.75,0
2021-05-24 14:58:59,2406.05,0
2021-05-24 14:59:01,2405.8,0
2021-05-24 14:59:02,2406.6,0
2021-05-24 14:59:04,2405.8,0
2021-05-24 14:59:05,2405.9,0
2021-05-24 14:59:07,2406.25,0
2021-05-24 14:59:08,2406.7,0
2021-05-24 14:59:09,2405.7,0
2021-05-24 14:59:10,2405.85,0
2021-05-24 14:59:13,2406.3,0
2021-05-24 14:59:14,2406.4,0
2021-05-24 14:59:15,2405.45,0
2021-05-24 14:59:17,2406.35,0
2021-05-24 14:59:18,2406.15,0
2021-05-24 14:59:20,2406.15,0
2021-05-24 14:59:21,2406.25,0
2021-05-24 14:59:22,2405.65,0
2021-05-24 14:59:23,2406.1,0
2021-05-24 14:59:26,2406.5,0
2021-05-24 14:59:28,2406.0,0
2021-05-24 14:59:29,2405.95,0
2021-05-24 14:59:30,2406.4,0
2021-05-24 14:59:31,2405.7,0
2021-05-24 14:59:34,2406.25,0
2021-05-24 14:59:35,2405.8,0
2021-05-24 14:59:37,2405.55,0
2021-05-24 14:59:38,2405.55,0
2021-05-24 14:59:39,2406.0,0
2021-05-24 14:59:40,2406.2,0
2021-05-24 14:59:41,2405.85,0
2021-05-24 14:59:46,2405.7,0
2021-05-24 14:59:48,2406.75,0
2021-05-24 14:59:51,2405.25,0
2021-05-24 14:59:53,2406.0,0
2021-05-24 14:59:55,2406.2,0
2021-05-24 14:59:56,2406.45,0
2021-05-24 15:00:03,2407.05,0
2021-05-24 15:00:05,2407.05,0
2021-05-24 15:00:11,2406.8,0
2021-05-24 15:00:13,2406.95,0
2021-05-24 15:00:14,2407.05,0
2021-05-24 15:00:16,2407.25,0
2021-05-24 15:00:20,2407.6,0
2021-05-24 15:00:23,2407.4,0
2021-05-24 15:00:25,2407.85,0
2021-05-24 15:00:26,2408.25,0
2021-05-24 15:00:27,2408.15,0
2021-05-24 15:00:28,2408.45,0
2021-05-24 15:00:30,2407.55,0
2021-05-24 15:00:37,2406.8,0
2021-05-24 15:00:38,2406.55,0
2021-05-24 15:00:40,2406.85,0
2021-05-24 15:00:42,2406.65,0
2021-05-24 15:00:45,2406.05,0
2021-05-24 15:00:49,2405.25,0
2021-05-24 15:00:50,2405.95,0
2021-05-24 15:00:52,2404.8,0
2021-05-24 15:00:55,2404.95,0
2021-05-24 15:00:56,2404.85,0
2021-05-24 15:00:57,2404.8,0
2021-05-24 15:00:59,2405.25,0
2021-05-24 15:01:00,2404.9,0
2021-05-24 15:01:01,2405.5,0
2021-05-24 15:01:02,2405.0,0
2021-05-24 15:01:05,2405.0,0
2021-05-24 15:01:06,2405.25,0
2021-05-24 15:01:07,2405.5,0
2021-05-24 15:01:08,2405.2,0
2021-05-24 15:01:10,2404.8,0
2021-05-24 15:01:11,2405.0,0
2021-05-24 15:01:13,2404.75,0
2021-05-24 15:01:15,2404.6,0
2021-05-24 15:01:17,2405.3,0
2021-05-24 15:01:22,2404.3,0
2021-05-24 15:01:28,2403.9,0
2021-05-24 15:01:32,2403.15,0
2021-05-24 15:01:33,2403.0,0
2021-05-24 15:01:34,2403.3,0
2021-05-24 15:01:35,2402.75,0
2021-05-24 15:01:36,2402.2,0
2021-05-24 15:01:37,2402.85,0
2021-05-24 15:01:39,2403.45,0
2021-05-24 15:01:40,2403.25,0
2021-05-24 15:01:41,2403.0,0
2021-05-24 15:01:44,2402.9,0
2021-05-24 15:01:46,2402.8,0
2021-05-24 15:01:47,2403.05,0
2021-05-24 15:01:49,2403.0,0
2021-05-24 15:01:56,2403.6,0
2021-05-24 15:01:57,2404.2,0
2021-05-24 15:01:58,2404.1,0
2021-05-24 15:01:59,2403.85,0
2021-05-24 15:02:02,2403.9,0
2021-05-24 15:02:03,2403.95,0
2021-05-24 15:02:05,2403.75,0
2021-05-24 15:02:06,2403.4,0
2021-05-24 15:02:07,2403.35,0
2021-05-24 15:02:08,2403.3,0
2021-05-24 15:02:10,2403.0,0
2021-05-24 15:02:17,2403.05,0
2021-05-24 15:02:18,2403.2,0
2021-05-24 15:02:21,2403.15,0
2021-05-24 15:02:22,2402.7,0
2021-05-24 15:02:25,2402.45,0
2021-05-24 15:02:28,2402.75,0
2021-05-24 15:02:34,2403.25,0
2021-05-24 15:02:35,2403.25,0
2021-05-24 15:02:37,2403.7,0
2021-05-24 15:02:39,2403.15,0
2021-05-24 15:02:40,2403.5,0
2021-05-24 15:02:43,2403.65,0
2021-05-24 15:02:45,2403.1,0
2021-05-24 15:02:49,2403.6,0
2021-05-24 15:02:50,2403.65,0
2021-05-24 15:02:54,2403.65,0
2021-05-24 15:02:56,2402.7,0
2021-05-24 15:02:57,2402.85,0
2021-05-24 15:02:58,2402.85,0
2021-05-24 15:03:00,2403.25,0
2021-05-24 15:03:02,2403.15,0
2021-05-24 15:03:04,2402.9,0
2021-05-24 15:03:05,2403.85,0
2021-05-24 15:03:06,2403.7,0
2021-05-24 15:03:07,2402.95,0
2021-05-24 15:03:10,2402.75,0
2021-05-24 15:03:11,2402.95,0
2021-05-24 15:03:12,2403.1,0
2021-05-24 15:03:13,2403.3,0
2021-05-24 15:03:16,2402.5,0
2021-05-24 15:03:17,2403.4,0
2021-05-24 15:03:19,2403.3,0
2021-05-24 15:03:21,2403.45,0
2021-05-24 15:03:22,2403.25,0
2021-05-24 15:03:23,2403.1,0
2021-05-24 15:03:25,2403.25,0
2021-05-24 15:03:26,2403.3,0
2021-05-24 15:03:27,2403.35,0
2021-05-24 15:03:28,2403.1,0
2021-05-24 15:03:29,2403.3,0
2021-05-24 15:03:31,2402.8,0
2021-05-24 15:03:35,2403.1,0
2021-05-24 15:03:36,2403.15,0
2021-05-24 15:03:37,2403.4,0
2021-05-24 15:03:39,2402.65,0
2021-05-24 15:03:42,2403.5,0
2021-05-24 15:03:43,2403.8,0
2021-05-24 15:03:45,2403.45,0
2021-05-24 15:03:47,2404.0,0
2021-05-24 15:03:48,2403.25,0
2021-05-24 15:03:51,2402.95,0
2021-05-24 15:03:52,2402.95,0
2021-05-24 15:03:54,2403.9,0
2021-05-24 15:03:55,2403.15,0
2021-05-24 15:03:56,2403.3,0
2021-05-24 15:03:57,2403.7,0
2021-05-24 15:04:00,2403.8,0
2021-05-24 15:04:05,2403.25,0
2021-05-24 15:04:06,2403.2,0
2021-05-24 15:04:09,2402.65,0
2021-05-24 15:04:12,2402.65,0
2021-05-24 15:04:17,2403.25,0
2021-05-24 15:04:22,2403.95,0
2021-05-24 15:04:23,2403.2,0
2021-05-24 15:04:24,2403.15,0
2021-05-24 15:04:31,2403.0,0
2021-05-24 15:04:32,2402.55,0
2021-05-24 15:04:34,2402.2,0
2021-05-24 15:04:35,2402.55,0
2021-05-24 15:04:36,2403.3,0
2021-05-24 15:04:37,2403.6,0
2021-05-24 15:04:39,2403.15,0
2021-05-24 15:04:41,2402.35,0
2021-05-24 15:04:44,2402.8,0
2021-05-24 15:04:45,2403.2,0
2021-05-24 15:04:46,2402.75,0
2021-05-24 15:04:47,2402.05,0
2021-05-24 15:04:48,2401.85,0
2021-05-24 15:04:50,2401.85,0
2021-05-24 15:04:51,2402.1,0
2021-05-24 15:04:52,2401.7,0
2021-05-24 15:04:54,2400.75,0
2021-05-24 15:04:57,2401.75,0
2021-05-24 15:05:00,2401.65,0
2021-05-24 15:05:03,2402.1,0
2021-05-24 15:05:05,2401.5,0
2021-05-24 15:05:10,2401.55,0
2021-05-24 15:05:11,2401.8,0
2021-05-24 15:05:12,2401.8,0
2021-05-24 15:05:13,2401.0,0
2021-05-24 15:05:14,2400.85,0
2021-05-24 15:05:15,2401.2,0
2021-05-24 15:05:19,2401.65,0
2021-05-24 15:05:20,2401.1,0
2021-05-24 15:05:25,2400.5,0
2021-05-24 15:05:26,2400.2,0
2021-05-24 15:05:27,2399.65,0
2021-05-24 15:05:31,2398.95,0
2021-05-24 15:05:32,2399.45,0
2021-05-24 15:05:34,2399.65,0
2021-05-24 15:05:36,2399.85,0
2021-05-24 15:05:37,2399.75,0
2021-05-24 15:05:39,2399.0,0
2021-05-24 15:05:42,2398.6,0
2021-05-24 15:05:43,2397.75,0
2021-05-24 15:05:45,2397.7,0
2021-05-24 15:05:46,2398.6,0
2021-05-24 15:05:48,2397.9,0
2021-05-24 15:05:50,2397.05,0
2021-05-24 15:05:51,2396.8,0
2021-05-24 15:05:52,2397.1,0
2021-05-24 15:05:54,2396.55,0
2021-05-24 15:05:56,2396.8,0
2021-05-24 15:05:59,2397.0,0
2021-05-24 15:06:00,2397.25,0
2021-05-24 15:06:02,2397.15,0
2021-05-24 15:06:03,2396.95,0
2021-05-24 15:06:08,2397.6,0
2021-05-24 15:06:09,2397.5,0
2021-05-24 15:06:13,2396.45,0
2021-05-24 15:06:14,2396.45,0
2021-05-24 15:06:17,2397.1,0
2021-05-24 15:06:18,2397.2,0
2021-05-24 15:06:22,2397.15,0
2021-05-24 15:06:24,2397.75,0
2021-05-24 15:06:27,2396.6,0
2021-05-24 15:06:29,2396.6,0
2021-05-24 15:06:32,2396.2,0
2021-05-24 15:06:33,2396.45,0
2021-05-24 15:06:34,2397.15,0
2021-05-24 15:06:37,2398.3,0
2021-05-24 15:06:40,2398.2,0
2021-05-24 15:06:43,2398.8,0
2021-05-24 15:06:45,2398.45,0
2021-05-24 15:06:49,2397.9,0
2021-05-24 15:06:52,2397.7,0
2021-05-24 15:06:54,2399.25,0
2021-05-24 15:06:56,2397.8,0
2021-05-24 15:06:57,2397.9,0
2021-05-24 15:07:01,2397.8,0
2021-05-24 15:07:12,2397.15,0
2021-05-24 15:07:13,2397.05,0
2021-05-24 15:07:15,2397.15,0
2021-05-24 15:07:17,2397.7,0
2021-05-24 15:07:18,2397.75,0
2021-05-24 15:07:21,2397.95,0
2021-05-24 15:07:28,2397.5,0
2021-05-24 15:07:30,2396.95,0
2021-05-24 15:07:32,2396.9,0
2021-05-24 15:07:34,2396.75,0
2021-05-24 15:07:36,2395.25,0
2021-05-24 15:07:39,2395.1,0
2021-05-24 15:07:41,2395.3,0
2021-05-24 15:07:42,2394.4,0
2021-05-24 15:07:43,2395.0,0
2021-05-24 15:07:44,2394.75,0
2021-05-24 15:07:48,2394.25,0
2021-05-24 15:07:51,2394.85,0
2021-05-24 15:07:55,2394.9,0
2021-05-24 15:07:56,2395.35,0
2021-05-24 15:07:58,2394.6,0
2021-05-24 15:07:59,2395.25,0
2021-05-24 15:08:01,2394.95,0
2021-05-24 15:08:03,2394.95,0
2021-05-24 15:08:04,2395.25,0
2021-05-24 15:08:09,2396.3,0
2021-05-24 15:08:13,2396.0,0
2021-05-24 15:08:17,2397.5,0
2021-05-24 15:08:20,2396.55,0
2021-05-24 15:08:22,2396.6,0
2021-05-24 15:08:23,2397.05,0
2021-05-24 15:08:25,2396.35,0
2021-05-24 15:08:26,2396.15,0
2021-05-24 15:08:28,2397.05,0
2021-05-24 15:08:29,2397.8,0
2021-05-24 15:08:30,2396.4,0
2021-05-24 15:08:31,2396.55,0
2021-05-24 15:08:34,2397.3,0
2021-05-24 15:08:38,2397.15,0
2021-05-24 15:08:49,2399.55,0
2021-05-24 15:08:52,2400.1,0
2021-05-24 15:08:53,2399.75,0
2021-05-24 15:08:56,2400.75,0
2021-05-24 15:08:57,2400.9,0
2021-05-24 15:08:58,2400.35,0
2021-05-24 15:09:00,2399.7,0
2021-05-24 15:09:01,2400.0,0
2021-05-24 15:09:04,2399.85,0
2021-05-24 15:09:06,2399.75,0
2021-05-24 15:09:09,2398.8,0
2021-05-24 15:09:17,2399.5,0
2021-05-24 15:09:18,2399.65,0
2021-05-24 15:09:19,2400.1,0
2021-05-24 15:09:24,2399.45,0
2021-05-24 15:09:25,2399.2,0
2021-05-24 15:09:27,2399.85,0
2021-05-24 15:09:28,2399.85,0
2021-05-24 15:09:31,2399.5,0
2021-05-24 15:09:32,2400.35,0
2021-05-24 15:09:34,2399.8,0
2021-05-24 15:09:35,2399.7,0
2021-05-24 15:09:36,2400.15,0
2021-05-24 15:09:39,2399.6,0
2021-05-24 15:09:40,2400.65,0
2021-05-24 15:09:41,2399.55,0
2021-05-24 15:09:45,2400.85,0
2021-05-24 15:09:46,2401.0,0
2021-05-24 15:09:47,2401.3,0
2021-05-24 15:09:50,2401.6,0
2021-05-24 15:09:51,2401.0,0
2021-05-24 15:09:52,2401.2,0
2021-05-24 15:09:55,2401.2,0
2021-05-24 15:09:56,2400.85,0
2021-05-24 15:09:58,2401.45,0
2021-05-24 15:10:01,2400.85,0
2021-05-24 15:10:03,2401.1,0
2021-05-24 15:10:07,2401.65,0
2021-05-24 15:10:10,2401.4,0
2021-05-24 15:10:12,2401.55,0
2021-05-24 15:10:14,2400.8,0
2021-05-24 15:10:16,2401.0,0
2021-05-24 15:10:18,2401.4,0
2021-05-24 15:10:19,2401.35,0
2021-05-24 15:10:20,2401.25,0
2021-05-24 15:10:21,2401.5,0
2021-05-24 15:10:22,2401.05,0
2021-05-24 15:10:23,2401.7,0
2021-05-24 15:10:24,2401.8,0
2021-05-24 15:10:25,2401.45,0
2021-05-24 15:10:27,2401.65,0
2021-05-24 15:10:28,2401.75,0
2021-05-24 15:10:29,2401.7,0
2021-05-24 15:10:31,2401.0,0
2021-05-24 15:10:36,2401.4,0
2021-05-24 15:10:37,2402.0,0
2021-05-24 15:10:38,2401.9,0
2021-05-24 15:10:42,2401.85,0
2021-05-24 15:10:43,2401.85,0
2021-05-24 15:10:44,2401.5,0
2021-05-24 15:10:45,2401.0,0
2021-05-24 15:10:46,2401.55,0
2021-05-24 15:10:48,2401.75,0
2021-05-24 15:10:49,2401.85,0
2021-05-24 15:10:51,2402.5,0
2021-05-24 15:10:55,2402.9,0
2021-05-24 15:10:57,2402.35,0
2021-05-24 15:11:03,2402.4,0
2021-05-24 15:11:04,2402.1,0
2021-05-24 15:11:06,2402.95,0
2021-05-24 15:11:07,2402.95,0
2021-05-24 15:11:08,2403.1,0
2021-05-24 15:11:11,2401.8,0
2021-05-24 15:11:13,2402.65,0
2021-05-24 15:11:15,2402.5,0
2021-05-24 15:11:17,2401.95,0
2021-05-24 15:11:18,2401.35,0
2021-05-24 15:11:21,2402.05,0
2021-05-24 15:11:22,2402.05,0
2021-05-24 15:11:23,2402.05,0
2021-05-24 15:11:24,2402.1,0
2021-05-24 15:11:28,2401.15,0
2021-05-24 15:11:29,2401.1,0
2021-05-24 15:11:31,2400.5,0
2021-05-24 15:11:33,2400.2,0
2021-05-24 15:11:35,2400.55,0
2021-05-24 15:11:38,2400.0,0
2021-05-24 15:11:39,2400.4,0
2021-05-24 15:11:40,2400.75,0
2021-05-24 15:11:41,2400.8,0
2021-05-24 15:11:42,2400.4,0
2021-05-24 15:11:46,2400.75,0
2021-05-24 15:11:51,2400.6,0
2021-05-24 15:11:54,2400.5,0
2021-05-24 15:11:56,2400.2,0
2021-05-24 15:12:03,2401.0,0
2021-05-24 15:12:04,2400.95,0
2021-05-24 15:12:06,2401.5,0
2021-05-24 15:12:07,2400.45,0
2021-05-24 15:12:09,2401.1,0
2021-05-24 15:12:11,2401.2,0
2021-05-24 15:12:13,2400.5,0
2021-05-24 15:12:14,2400.7,0
2021-05-24 15:12:16,2400.85,0
2021-05-24 15:12:17,2401.25,0
2021-05-24 15:12:18,2400.6,0
2021-05-24 15:12:22,2400.9,0
2021-05-24 15:12:23,2400.35,0
2021-05-24 15:12:24,2399.8,0
2021-05-24 15:12:25,2400.25,0
2021-05-24 15:12:27,2400.75,0
2021-05-24 15:12:29,2400.0,0
2021-05-24 15:12:30,2400.25,0
2021-05-24 15:12:31,2399.75,0
2021-05-24 15:12:32,2399.75,0
2021-05-24 15:12:34,2399.85,0
2021-05-24 15:12:37,2399.7,0
2021-05-24 15:12:38,2400.05,0
2021-05-24 15:12:39,2400.05,0
2021-05-24 15:12:40,2399.25,0
2021-05-24 15:12:42,2399.25,0
2021-05-24 15:12:43,2399.4,0
2021-05-24 15:12:45,2398.35,0
2021-05-24 15:12:47,2399.9,0
2021-05-24 15:12:48,2399.35,0
2021-05-24 15:12:54,2399.8,0
2021-05-24 15:12:57,2399.35,0
2021-05-24 15:13:02,2399.85,0
2021-05-24 15:13:05,2399.8,0
2021-05-24 15:13:06,2399.65,0
2021-05-24 15:13:07,2399.75,0
2021-05-24 15:13:12,2399.95,0
2021-05-24 15:13:14,2399.0,0
2021-05-24 15:13:15,2399.3,0
2021-05-24 15:13:16,2399.15,0
2021-05-24 15:13:17,2399.4,0
2021-05-24 15:13:18,2399.45,0
2021-05-24 15:13:19,2399.2,0
2021-05-24 15:13:22,2398.95,0
2021-05-24 15:13:27,2399.4,0
2021-05-24 15:13:31,2400.2,0
2021-05-24 15:13:34,2400.4,0
2021-05-24 15:13:35,2401.0,0
2021-05-24 15:13:36,2400.35,0
2021-05-24 15:13:37,2400.15,0
2021-05-24 15:13:40,2399.7,0
2021-05-24 15:13:41,2399.9,0
2021-05-24 15:13:42,2399.7,0
2021-05-24 15:13:43,2400.5,0
2021-05-24 15:13:44,2400.45,0
2021-05-24 15:13:47,2399.95,0
2021-05-24 15:13:49,2399.9,0
2021-05-24 15:13:54,2400.5,0
2021-05-24 15:13:55,2400.5,0
2021-05-24 15:14:00,2400.2,0
2021-05-24 15:14:04,2400.2,0
2021-05-24 15:14:08,2400.2,0
2021-05-24 15:14:10,2399.65,0
2021-05-24 15:14:12,2399.85,0
2021-05-24 15:14:14,2400.55,0
2021-05-24 15:14:21,2400.5,0
2021-05-24 15:14:22,2400.4,0
2021-05-24 15:14:23,2401.05,0
2021-05-24 15:14:26,2400.65,0
2021-05-24 15:14:30,2400.15,0
2021-05-24 15:14:31,2400.3,0
2021-05-24 15:14:34,2400.15,0
2021-05-24 15:14:38,2401.05,0
2021-05-24 15:14:41,2400.7,0
2021-05-24 15:14:43,2400.05,0
2021-05-24 15:14:44,2400.45,0
2021-05-24 15:14:45,2400.7,0
2021-05-24 15:14:47,2401.0,0
2021-05-24 15:14:48,2399.85,0
2021-05-24 15:14:49,2400.3,0
2021-05-24 15:14:50,2400.55,0
2021-05-24 15:14:52,2400.7,0
2021-05-24 15:14:55,2400.7,0
2021-05-24 15:14:56,2400.4,0
2021-05-24 15:14:59,2401.4,0
2021-05-24 15:15:00,2401.1,0
2021-05-24 15:15:02,2400.1,0
2021-05-24 15:15:03,2401.1,0
2021-05-24 15:15:04,2400.9,0
2021-05-24 15:15:05,2401.35,0
2021-05-24 15:15:06,2401.1,0
2021-05-24 15:15:07,2401.1,0
2021-05-24 15:15:13,2400.5,0
2021-05-24 15:15:16,2400.0,0
2021-05-24 15:15:17,2400.1,0
2021-05-24 15:15:19,2400.2,0
2021-05-24 15:15:22,2400.25,0
2021-05-24 15:15:26,2399.65,0
2021-05-24 15:15:31,2399.45,0
2021-05-24 15:15:36,2398.6,0
2021-05-24 15:15:40,2398.25,0
2021-05-24 15:15:43,2398.65,0
2021-05-24 15:15:46,2398.4,0
2021-05-24 15:15:47,2397.85,0
2021-05-24 15:15:49,2397.85,0
2021-05-24 15:15:51,2396.9,0
2021-05-24 15:15:52,2397.55,0
2021-05-24 15:15:53,2397.1,0
2021-05-24 15:15:54,2397.9,0
2021-05-24 15:15:56,2397.15,0
2021-05-24 15:15:57,2397.85,0
2021-05-24 15:15:59,2397.7,0
2021-05-24 15:16:05,2397.15,0
2021-05-24 15:16:08,2397.1,0
2021-05-24 15:16:09,2397.0,0
2021-05-24 15:16:13,2397.1,0
2021-05-24 15:16:14,2397.5,0
2021-05-24 15:16:16,2396.9,0
2021-05-24 15:16:17,2397.15,0
2021-05-24 15:16:18,2396.75,0
2021-05-24 15:16:24,2397.0,0
2021-05-24 15:16:25,2397.05,0
2021-05-24 15:16:27,2397.05,0
2021-05-24 15:16:28,2396.95,0
2021-05-24 15:16:29,2397.0,0
2021-05-24 15:16:30,2396.6,0
2021-05-24 15:16:32,2396.8,0
2021-05-24 15:16:33,2396.3,0
2021-05-24 15:16:36,2396.1,0
2021-05-24 15:16:37,2396.65,0
2021-05-24 15:16:39,2396.1,0
2021-05-24 15:16:41,2396.05,0
2021-05-24 15:16:42,2395.95,0
2021-05-24 15:16:47,2396.65,0
2021-05-24 15:16:48,2395.75,0
2021-05-24 15:16:51,2396.25,0
2021-05-24 15:16:52,2395.85,0
2021-05-24 15:16:53,2395.3,0
2021-05-24 15:16:54,2395.75,0
2021-05-24 15:16:55,2396.1,0
2021-05-24 15:16:56,2395.2,0
2021-05-24 15:16:57,2395.25,0
2021-05-24 15:16:59,2395.2,0
2021-05-24 15:17:01,2394.85,0
2021-05-24 15:17:04,2395.3,0
2021-05-24 15:17:05,2395.35,0
2021-05-24 15:17:07,2394.9,0
2021-05-24 15:17:10,2395.05,0
2021-05-24 15:17:13,2394.6,0
2021-05-24 15:17:14,2394.5,0
2021-05-24 15:17:15,2395.05,0
2021-05-24 15:17:17,2395.65,0
2021-05-24 15:17:18,2394.35,0
2021-05-24 15:17:22,2394.2,0
2021-05-24 15:17:24,2394.9,0
2021-05-24 15:17:25,2394.2,0
2021-05-24 15:17:27,2394.5,0
2021-05-24 15:17:32,2394.4,0
2021-05-24 15:17:34,2394.35,0
2021-05-24 15:17:37,2394.3,0
2021-05-24 15:17:40,2394.45,0
2021-05-24 15:17:43,2394.8,0
2021-05-24 15:17:45,2394.2,0
2021-05-24 15:17:46,2394.45,0
2021-05-24 15:17:47,2394.05,0
2021-05-24 15:17:50,2394.15,0
2021-05-24 15:17:53,2393.05,0
2021-05-24 15:17:56,2393.5,0
2021-05-24 15:17:57,2393.65,0
2021-05-24 15:18:04,2394.35,0
2021-05-24 15:18:05,2394.0,0
2021-05-24 15:18:08,2393.8,0
2021-05-24 15:18:14,2394.35,0
2021-05-24 15:18:17,2394.2,0
2021-05-24 15:18:18,2394.75,0
2021-05-24 15:18:19,2394.6,0
2021-05-24 15:18:24,2394.0,0
2021-05-24 15:18:27,2394.5,0
2021-05-24 15:18:28,2394.6,0
2021-05-24 15:18:29,2395.0,0
2021-05-24 15:18:30,2394.3,0
2021-05-24 15:18:32,2394.55,0
2021-05-24 15:18:33,2394.85,0
2021-05-24 15:18:36,2395.2,0
2021-05-24 15:18:37,2394.35,0
2021-05-24 15:18:38,2394.75,0
2021-05-24 15:18:39,2394.6,0
2021-05-24 15:18:42,2394.4,0
2021-05-24 15:18:47,2396.3,0
2021-05-24 15:18:51,2396.1,0
2021-05-24 15:18:54,2395.7,0
2021-05-24 15:18:55,2396.5,0
2021-05-24 15:18:57,2396.7,0
2021-05-24 15:19:00,2396.05,0
2021-05-24 15:19:04,2396.5,0
2021-05-24 15:19:05,2395.4,0
2021-05-24 15:19:06,2395.85,0
2021-05-24 15:19:08,2396.15,0
2021-05-24 15:19:10,2396.7,0
2021-05-24 15:19:11,2396.0,0
2021-05-24 15:19:12,2396.2,0
2021-05-24 15:19:14,2396.25,0
2021-05-24 15:19:15,2396.2,0
2021-05-24 15:19:16,2396.5,0
2021-05-24 15:19:17,2396.25,0
2021-05-24 15:19:19,2396.65,0
2021-05-24 15:19:20,2395.85,0
2021-05-24 15:19:24,2395.7,0
2021-05-24 15:19:26,2395.6,0
2021-05-24 15:19:27,2395.4,0
2021-05-24 15:19:28,2395.65,0
2021-05-24 15:19:29,2395.3,0
2021-05-24 15:19:30,2394.8,0
2021-05-24 15:19:35,2395.7,0
2021-05-24 15:19:37,2396.0,0
2021-05-24 15:19:38,2396.7,0
2021-05-24 15:19:41,2396.0,0
2021-05-24 15:19:43,2395.4,0
2021-05-24 15:19:44,2395.85,0
2021-05-24 15:19:46,2396.15,0
2021-05-24 15:19:49,2396.4,0
2021-05-24 15:19:50,2395.85,0
2021-05-24 15:19:51,2395.65,0
2021-05-24 15:19:52,2395.45,0
2021-05-24 15:19:54,2395.7,0
2021-05-24 15:19:56,2395.6,0
2021-05-24 15:19:58,2395.85,0
2021-05-24 15:19:59,2395.55,0
2021-05-24 15:20:00,2395.6,0
2021-05-24 15:20:01,2396.05,0
2021-05-24 15:20:02,2395.75,0
2021-05-24 15:20:10,2396.15,0
2021-05-24 15:20:13,2396.05,0
2021-05-24 15:20:16,2396.8,0
2021-05-24 15:20:18,2396.85,0
2021-05-24 15:20:20,2396.75,0
2021-05-24 15:20:22,2396.35,0
2021-05-24 15:20:24,2397.55,0
2021-05-24 15:20:25,2396.45,0
2021-05-24 15:20:26,2396.95,0
2021-05-24 15:20:27,2397.3,0
2021-05-24 15:20:28,2396.8,0
2021-05-24 15:20:30,2396.55,0
2021-05-24 15:20:31,2396.9,0
2021-05-24 15:20:33,2396.8,0
2021-05-24 15:20:34,2396.85,0
2021-05-24 15:20:35,2396.6,0
2021-05-24 15:20:38,2396.9,0
2021-05-24 15:20:39,2396.95,0
2021-05-24 15:20:41,2396.4,0
2021-05-24 15:20:43,2396.95,0
2021-05-24 15:20:44,2396.8,0
2021-05-24 15:20:46,2396.95,0
2021-05-24 15:20:47,2397.25,0
2021-05-24 15:20:51,2396.9,0
2021-05-24 15:20:55,2396.3,0
2021-05-24 15:20:56,2397.45,0
2021-05-24 15:20:58,2397.0,0
2021-05-24 15:20:59,2396.95,0
2021-05-24 15:21:01,2397.3,0
2021-05-24 15:21:05,2396.45,0
2021-05-24 15:21:06,2396.8,0
2021-05-24 15:21:10,2396.75,0
2021-05-24 15:21:11,2396.5,0
2021-05-24 15:21:12,2396.5,0
2021-05-24 15:21:14,2395.95,0
2021-05-24 15:21:16,2396.65,0
2021-05-24 15:21:21,2396.0,0
2021-05-24 15:21:22,2395.85,0
2021-05-24 15:21:29,2396.3,0
2021-05-24 15:21:30,2395.65,0
2021-05-24 15:21:31,2396.35,0
2021-05-24 15:21:32,2396.05,0
2021-05-24 15:21:33,2396.35,0
2021-05-24 15:21:34,2395.5,0
2021-05-24 15:21:35,2396.05,0
2021-05-24 15:21:36,2395.05,0
2021-05-24 15:21:37,2395.5,0
2021-05-24 15:21:42,2396.2,0
2021-05-24 15:21:43,2395.85,0
2021-05-24 15:21:45,2396.65,0
2021-05-24 15:21:46,2396.65,0
2021-05-24 15:21:47,2396.5,0
2021-05-24 15:21:48,2396.75,0
2021-05-24 15:21:51,2398.95,0
2021-05-24 15:21:52,2399.5,0
2021-05-24 15:21:54,2399.45,0
2021-05-24 15:21:55,2399.2,0
2021-05-24 15:21:56,2399.55,0
2021-05-24 15:21:57,2399.5,0
2021-05-24 15:21:58,2398.95,0
2021-05-24 15:22:00,2398.15,0
2021-05-24 15:22:01,2397.25,0
2021-05-24 15:22:03,2397.4,0
2021-05-24 15:22:09,2396.35,0
2021-05-24 15:22:10,2396.3,0
2021-05-24 15:22:12,2396.75,0
2021-05-24 15:22:13,2395.5,0
2021-05-24 15:22:15,2393.7,0
2021-05-24 15:22:16,2394.0,0
2021-05-24 15:22:18,2393.65,0
2021-05-24 15:22:19,2394.35,0
2021-05-24 15:22:20,2394.15,0
2021-05-24 15:22:24,2392.2,0
2021-05-24 15:22:25,2392.7,0
2021-05-24 15:22:28,2393.25,0
2021-05-24 15:22:29,2393.0,0
2021-05-24 15:22:30,2393.85,0
2021-05-24 15:22:31,2393.8,0
2021-05-24 15:22:32,2394.15,0
2021-05-24 15:22:34,2393.7,0
2021-05-24 15:22:35,2394.45,0
2021-05-24 15:22:36,2393.9,0
2021-05-24 15:22:37,2394.25,0
2021-05-24 15:22:39,2394.3,0
2021-05-24 15:22:40,2394.0,0
2021-05-24 15:22:44,2393.25,0
2021-05-24 15:22:45,2393.7,0
2021-05-24 15:22:48,2394.5,0
2021-05-24 15:22:49,2394.3,0
2021-05-24 15:22:50,2393.75,0
2021-05-24 15:22:52,2394.9,0
2021-05-24 15:22:53,2394.55,0
2021-05-24 15:22:55,2394.05,0
2021-05-24 15:22:56,2394.45,0
2021-05-24 15:22:58,2394.6,0
2021-05-24 15:23:00,2394.95,0
2021-05-24 15:23:02,2395.35,0
2021-05-24 15:23:04,2395.6,0
2021-05-24 15:23:05,2395.45,0
2021-05-24 15:23:07,2395.4,0
2021-05-24 15:23:10,2395.6,0
2021-05-24 15:23:11,2395.2,0
2021-05-24 15:23:13,2395.1,0
2021-05-24 15:23:14,2395.55,0
2021-05-24 15:23:17,2395.65,0
2021-05-24 15:23:19,2395.85,0
2021-05-24 15:23:20,2395.15,0
2021-05-24 15:23:21,2395.7,0
2021-05-24 15:23:26,2395.9,0
2021-05-24 15:23:31,2395.9,0
2021-05-24 15:23:32,2396.25,0
2021-05-24 15:23:34,2396.15,0
2021-05-24 15:23:37,2395.75,0
2021-05-24 15:23:45,2396.35,0
2021-05-24 15:23:46,2396.75,0
2021-05-24 15:23:48,2396.1,0
2021-05-24 15:23:50,2396.65,0
2021-05-24 15:23:52,2396.6,0
2021-05-24 15:23:53,2395.8,0
2021-05-24 15:23:54,2396.4,0
2021-05-24 15:23:55,2396.0,0
2021-05-24 15:23:59,2396.15,0
2021-05-24 15:24:00,2396.0,0
2021-05-24 15:24:01,2395.65,0
2021-05-24 15:24:02,2396.1,0
2021-05-24 15:24:05,2396.55,0
2021-05-24 15:24:06,2396.8,0
2021-05-24 15:24:07,2396.7,0
2021-05-24 15:24:08,2396.0,0
2021-05-24 15:24:10,2396.75,0
2021-05-24 15:24:12,2396.4,0
2021-05-24 15:24:14,2396.9,0
2021-05-24 15:24:19,2396.95,0
2021-05-24 15:24:21,2397.0,0
2021-05-24 15:24:22,2397.1,0
2021-05-24 15:24:23,2397.3,0
2021-05-24 15:24:28,2396.4,0
2021-05-24 15:24:30,2396.55,0
2021-05-24 15:24:31,2396.95,0
2021-05-24 15:24:32,2397.1,0
2021-05-24 15:24:33,2396.95,0
2021-05-24 15:24:36,2396.65,0
2021-05-24 15:24:39,2397.25,0
2021-05-24 15:24:40,2396.75,0
2021-05-24 15:24:42,2397.1,0
2021-05-24 15:24:44,2396.85,0
2021-05-24 15:24:52,2396.55,0
2021-05-24 15:24:53,2396.05,0
2021-05-24 15:24:54,2396.75,0
2021-05-24 15:24:55,2397.2,0
2021-05-24 15:24:56,2396.9,0
2021-05-24 15:24:57,2396.35,0
2021-05-24 15:25:00,2397.4,0
2021-05-24 15:25:01,2397.3,0
2021-05-24 15:25:04,2397.8,0
2021-05-24 15:25:06,2397.0,0
2021-05-24 15:25:07,2397.8,0
2021-05-24 15:25:08,2397.6,0
2021-05-24 15:25:09,2397.35,0
2021-05-24 15:25:11,2396.85,0
2021-05-24 15:25:12,2397.7,0
2021-05-24 15:25:13,2397.75,0
2021-05-24 15:25:15,2397.35,0
2021-05-24 15:25:20,2396.95,0
2021-05-24 15:25:21,2397.05,0
2021-05-24 15:25:24,2397.75,0
2021-05-24 15:25:25,2397.75,0
2021-05-24 15:25:26,2396.9,0
2021-05-24 15:25:28,2397.35,0
2021-05-24 15:25:29,2397.5,0
2021-05-24 15:25:30,2397.0,0
2021-05-24 15:25:31,2397.55,0
2021-05-24 15:25:34,2396.9,0
2021-05-24 15:25:37,2397.65,0
2021-05-24 15:25:38,2397.2,0
2021-05-24 15:25:41,2396.9,0
2021-05-24 15:25:45,2397.05,0
2021-05-24 15:25:46,2397.25,0
2021-05-24 15:25:50,2397.45,0
2021-05-24 15:25:51,2397.2,0
2021-05-24 15:25:52,2397.65,0
2021-05-24 15:25:53,2397.7,0
2021-05-24 15:25:54,2397.9,0
2021-05-24 15:25:57,2396.9,0
2021-05-24 15:26:00,2397.5,0
2021-05-24 15:26:10,2396.85,0
2021-05-24 15:26:14,2396.5,0
2021-05-24 15:26:15,2396.35,0
2021-05-24 15:26:17,2396.45,0
2021-05-24 15:26:18,2395.95,0
2021-05-24 15:26:19,2396.4,0
2021-05-24 15:26:25,2396.0,0
2021-05-24 15:26:26,2396.45,0
2021-05-24 15:26:27,2396.7,0
2021-05-24 15:26:28,2396.25,0
2021-05-24 15:26:34,2396.3,0
2021-05-24 15:26:39,2395.15,0
2021-05-24 15:26:47,2395.55,0
2021-05-24 15:26:48,2395.75,0
2021-05-24 15:26:50,2395.0,0
2021-05-24 15:26:51,2396.35,0
2021-05-24 15:26:52,2395.7,0
2021-05-24 15:26:55,2395.35,0
2021-05-24 15:26:56,2396.0,0
2021-05-24 15:26:57,2395.95,0
2021-05-24 15:27:00,2395.25,0
2021-05-24 15:27:01,2395.15,0
2021-05-24 15:27:02,2395.6,0
2021-05-24 15:27:03,2395.65,0
2021-05-24 15:27:06,2395.3,0
2021-05-24 15:27:08,2395.55,0
2021-05-24 15:27:11,2394.7,0
2021-05-24 15:27:17,2395.0,0
2021-05-24 15:27:23,2394.95,0
2021-05-24 15:27:24,2395.0,0
2021-05-24 15:27:26,2395.2,0
2021-05-24 15:27:27,2394.75,0
2021-05-24 15:27:30,2393.95,0
2021-05-24 15:27:32,2394.8,0
2021-05-24 15:27:33,2394.95,0
2021-05-24 15:27:34,2394.4,0
2021-05-24 15:27:35,2395.05,0
2021-05-24 15:27:41,2394.7,0
2021-05-24 15:27:42,2395.05,0
2021-05-24 15:27:43,2395.35,0
2021-05-24 15:27:44,2395.5,0
2021-05-24 15:27:49,2395.15,0
2021-05-24 15:27:54,2394.65,0
2021-05-24 15:27:58,2394.35,0
2021-05-24 15:27:59,2394.35,0
2021-05-24 15:28:01,2394.3,0
2021-05-24 15:28:02,2394.75,0
2021-05-24 15:28:03,2394.65,0
2021-05-24 15:28:04,2394.45,0
2021-05-24 15:28:05,2394.15,0
2021-05-24 15:28:08,2395.35,0
2021-05-24 15:28:13,2394.1,0
2021-05-24 15:28:14,2393.85,0
2021-05-24 15:28:19,2393.8,0
2021-05-24 15:28:23,2393.6,0
2021-05-24 15:28:24,2394.45,0
2021-05-24 15:28:27,2394.15,0
2021-05-24 15:28:30,2394.25,0
2021-05-24 15:28:32,2393.4,0
2021-05-24 15:28:34,2394.15,0
2021-05-24 15:28:35,2394.1,0
2021-05-24 15:28:40,2393.55,0
2021-05-24 15:28:44,2394.0,0
2021-05-24 15:28:46,2393.45,0
2021-05-24 15:28:49,2394.1,0
2021-05-24 15:28:52,2393.75,0
2021-05-24 15:28:57,2394.6,0
2021-05-24 15:28:59,2393.75,0
2021-05-24 15:29:00,2394.3,0
2021-05-24 15:29:01,2394.3,0
2021-05-24 15:29:03,2394.0,0
2021-05-24 15:29:06,2394.7,0
2021-05-24 15:29:07,2394.55,0
2021-05-24 15:29:10,2394.15,0
2021-05-24 15:29:11,2394.75,0
2021-05-24 15:29:12,2395.05,0
2021-05-24 15:29:14,2394.55,0
2021-05-24 15:29:15,2395.2,0
2021-05-24 15:29:16,2394.7,0
2021-05-24 15:29:18,2394.35,0
2021-05-24 15:29:19,2393.6,0
2021-05-24 15:29:20,2394.95,0
2021-05-24 15:29:21,2394.8,0
2021-05-24 15:29:23,2395.15,0
2021-05-24 15:29:24,2395.4,0
2021-05-24 15:29:27,2395.4,0
2021-05-24 15:29:28,2395.4,0
2021-05-24 15:29:30,2396.05,0
2021-05-24 15:29:32,2395.35,0
2021-05-24 15:29:33,2395.25,0
2021-05-24 15:29:36,2395.35,0
2021-05-24 15:29:37,2395.15,0
2021-05-24 15:29:38,2395.75,0
2021-05-24 15:29:40,2395.7,0
2021-05-24 15:29:46,2395.6,0
2021-05-24 15:29:50,2396.0,0
2021-05-24 15:29:52,2395.0,0
2021-05-24 15:29:54,2396.05,0
2021-05-24 15:29:57,2395.7,0
2021-05-24 15:29:58,2396.15,0
2021-05-24 15:29:59,2396.6,0
2021-05-24 15:30:00,2396.3,0
2021-05-24 15:30:01,2396.3,0
2021-05-24 15:30:02,2396.3,0
2021-05-24 15:30:03,2396.3,0
2021-05-24 15:30:04,2396.3,0
2021-05-24 15:30:05,2396.3,0
2021-05-24 15:30:06,2396.3,0
2021-05-24 15:30:07,2396.3,0
2021-05-24 15:30:08,2396.3,0
2021-05-24 15:30:09,2396.3,0
2021-05-24 15:30:10,2396.3,0
2021-05-24 15:30:11,2396.3,0
2021-05-24 15:30:12,2396.3,0
2021-05-24 15:30:13,2396.3,0
2021-05-24 15:30:14,2396.3,0
2021-05-24 15:30:15,2396.3,0
2021-05-24 15:30:16,2396.3,0
2021-05-24 15:30:17,2396.3,0
2021-05-24 15:30:18,2396.3,0
2021-05-24 15:30:20,2396.3,0
2021-05-24 15:30:21,2396.3,0
2021-05-24 15:30:22,2396.3,0
2021-05-24 15:30:23,2396.3,0
2021-05-24 15:30:24,2396.3,0
2021-05-24 15:30:25,2396.3,0
2021-05-24 15:30:27,2396.3,0
2021-05-24 15:30:28,2396.3,0
2021-05-24 15:30:29,2396.3,0
2021-05-24 15:30:30,2396.3,0
2021-05-24 15:30:31,2396.3,0
2021-05-24 15:30:32,2396.3,0
2021-05-24 15:30:33,2396.3,0
2021-05-24 15:30:34,2396.3,0
2021-05-24 15:30:35,2396.3,0
2021-05-24 15:30:36,2396.3,0
2021-05-24 15:30:37,2396.3,0
2021-05-24 15:30:38,2396.3,0
2021-05-24 15:30:39,2396.3,0
2021-05-24 15:30:40,2396.3,0
2021-05-24 15:30:41,2396.3,0
2021-05-24 15:30:42,2396.3,0
2021-05-24 15:30:43,2396.3,0
2021-05-24 15:30:44,2396.3,0
2021-05-24 15:30:46,2396.3,0
2021-05-24 15:30:48,2396.3,0
2021-05-24 15:30:49,2396.3,0
2021-05-24 15:30:54,2396.3,0
2021-05-24 15:30:55,2396.3,0
2021-05-24 15:30:56,2396.3,0
2021-05-24 15:30:58,2396.3,0
2021-05-24 15:30:59,2396.3,0
2021-05-24 15:31:00,2398.15,0
2021-05-24 15:31:01,2398.15,0
2021-05-24 15:31:02,2398.15,0
2021-05-24 15:31:03,2398.15,0
2021-05-24 15:31:05,2398.15,0
2021-05-24 15:31:06,2398.15,0
2021-05-24 15:31:07,2398.15,0
2021-05-24 15:31:08,2398.15,0
2021-05-24 15:31:09,2398.15,0
2021-05-24 15:31:10,2398.15,0
2021-05-24 15:31:11,2398.15,0
2021-05-24 15:31:12,2398.15,0
2021-05-24 15:31:13,2398.15,0
2021-05-24 15:31:14,2398.15,0
2021-05-24 15:31:15,2398.15,0
2021-05-24 15:31:16,2398.15,0
2021-05-24 15:31:17,2398.15,0
2021-05-24 15:31:18,2398.15,0
2021-05-24 15:31:20,2398.15,0
2021-05-24 15:31:21,2398.15,0
2021-05-24 15:31:23,2398.15,0
2021-05-24 15:31:24,2398.15,0
2021-05-24 15:31:27,2398.15,0
2021-05-24 15:31:28,2398.15,0
2021-05-24 15:31:30,2398.15,0
2021-05-24 15:31:31,2398.15,0
2021-05-24 15:31:32,2398.15,0
2021-05-24 15:31:33,2398.15,0
2021-05-24 15:31:34,2398.15,0
2021-05-24 15:31:35,2398.15,0
2021-05-24 15:31:37,2398.15,0
2021-05-24 15:31:38,2398.15,0
2021-05-24 15:31:39,2398.15,0
2021-05-24 15:31:41,2398.15,0
2021-05-24 15:31:42,2398.15,0
2021-05-24 15:31:44,2398.15,0
2021-05-24 15:31:45,2398.15,0
2021-05-24 15:31:46,2398.15,0
2021-05-24 15:31:47,2398.15,0
2021-05-24 15:31:52,2398.15,0
2021-05-24 15:31:53,2398.15,0
2021-05-24 15:31:54,2398.15,0
2021-05-24 15:31:55,2398.15,0
2021-05-24 15:31:56,2398.15,0
2021-05-24 15:31:58,2398.15,0
2021-05-24 15:32:01,2398.15,0
2021-05-24 15:32:02,2398.15,0
2021-05-24 15:32:03,2398.15,0
2021-05-24 15:32:04,2398.15,0
2021-05-24 15:32:05,2398.15,0
2021-05-24 15:32:06,2398.15,0
2021-05-24 15:32:07,2398.15,0
2021-05-24 15:32:08,2398.15,0
2021-05-24 15:32:09,2398.15,0
2021-05-24 15:32:10,2398.15,0
2021-05-24 15:32:11,2398.15,0
2021-05-24 15:32:12,2398.15,0
2021-05-24 15:32:13,2398.15,0
2021-05-24 15:32:14,2398.15,0
2021-05-24 15:32:15,2398.15,0
2021-05-24 15:32:16,2398.15,0
2021-05-24 15:32:17,2398.15,0
2021-05-24 15:32:18,2398.15,0
2021-05-24 15:32:19,2398.15,0
2021-05-24 15:32:20,2398.15,0
2021-05-24 15:32:21,2398.15,0
2021-05-24 15:32:22,2398.15,0
2021-05-24 15:32:24,2398.15,0
2021-05-24 15:32:26,2398.15,0
2021-05-24 15:32:27,2398.15,0
2021-05-24 15:32:28,2398.15,0
2021-05-24 15:32:29,2398.15,0
2021-05-24 15:32:30,2398.15,0
2021-05-24 15:32:31,2398.15,0
2021-05-24 15:32:33,2398.15,0
2021-05-24 15:32:34,2398.15,0
2021-05-24 15:32:37,2398.15,0
2021-05-24 15:32:39,2398.15,0
2021-05-24 15:32:40,2398.15,0
2021-05-24 15:32:42,2398.15,0
2021-05-24 15:32:43,2398.15,0
2021-05-24 15:32:45,2398.15,0
2021-05-24 15:32:46,2398.15,0
2021-05-24 15:32:48,2398.15,0
2021-05-24 15:32:50,2398.15,0
2021-05-24 15:32:52,2398.15,0
2021-05-24 15:32:56,2398.15,0
2021-05-24 15:32:57,2398.15,0
2021-05-24 15:32:58,2398.15,0
2021-05-24 15:33:04,2398.15,0
2021-05-24 15:33:09,2398.15,0
2021-05-24 15:33:10,2398.15,0
2021-05-24 15:33:11,2398.15,0
2021-05-24 15:33:12,2398.15,0
2021-05-24 15:33:13,2398.15,0
2021-05-24 15:33:14,2398.15,0
2021-05-24 15:33:15,2398.15,0
2021-05-24 15:33:16,2398.15,0
2021-05-24 15:33:17,2398.15,0
2021-05-24 15:33:18,2398.15,0
2021-05-24 15:33:20,2398.15,0
2021-05-24 15:33:21,2398.15,0
2021-05-24 15:33:22,2398.15,0
2021-05-24 15:33:23,2398.15,0
2021-05-24 15:33:24,2398.15,0
2021-05-24 15:33:26,2398.15,0
2021-05-24 15:33:27,2398.15,0
2021-05-24 15:33:28,2398.15,0
2021-05-24 15:33:29,2398.15,0
2021-05-24 15:33:30,2398.15,0
2021-05-24 15:33:31,2398.15,0
2021-05-24 15:33:32,2398.15,0
2021-05-24 15:33:33,2398.15,0
2021-05-24 15:33:34,2398.15,0
2021-05-24 15:33:35,2398.15,0
2021-05-24 15:33:36,2398.15,0
2021-05-24 15:33:37,2398.15,0
2021-05-24 15:33:38,2398.15,0
2021-05-24 15:33:39,2398.15,0
2021-05-24 15:33:40,2398.15,0
2021-05-24 15:33:41,2398.15,0
2021-05-24 15:33:42,2398.15,0
2021-05-24 15:33:48,2398.15,0
2021-05-24 15:33:49,2398.15,0
2021-05-24 15:33:50,2398.15,0
2021-05-24 15:33:51,2398.15,0
2021-05-24 15:33:52,2398.15,0
2021-05-24 15:33:53,2398.15,0
2021-05-24 15:33:55,2398.15,0
2021-05-24 15:33:56,2398.15,0
2021-05-24 15:33:58,2398.15,0
2021-05-24 15:34:00,2398.15,0
2021-05-24 15:34:01,2398.15,0
2021-05-24 15:34:02,2398.15,0
2021-05-24 15:34:05,2398.15,0
2021-05-24 15:34:06,2398.15,0
2021-05-24 15:34:07,2398.15,0
2021-05-24 15:34:08,2398.15,0
2021-05-24 15:34:09,2398.15,0
2021-05-24 15:34:10,2398.15,0
2021-05-24 15:34:12,2398.15,0
2021-05-24 15:34:13,2398.15,0
2021-05-24 15:34:14,2398.15,0
2021-05-24 15:34:16,2398.15,0
2021-05-24 15:34:17,2398.15,0
2021-05-24 15:34:18,2398.15,0
2021-05-24 15:34:19,2398.15,0
2021-05-24 15:34:21,2398.15,0
2021-05-24 15:34:24,2398.15,0
2021-05-24 15:34:25,2398.15,0
2021-05-24 15:34:27,2398.15,0
2021-05-24 15:34:28,2398.15,0
2021-05-24 15:34:29,2398.15,0
2021-05-24 15:34:30,2398.15,0
2021-05-24 15:34:31,2398.15,0
2021-05-24 15:34:32,2398.15,0
2021-05-24 15:34:33,2398.15,0
2021-05-24 15:34:35,2398.15,0
2021-05-24 15:34:36,2398.15,0
2021-05-24 15:34:37,2398.15,0
2021-05-24 15:34:38,2398.15,0
2021-05-24 15:34:39,2398.15,0
2021-05-24 15:34:40,2398.15,0
2021-05-24 15:34:41,2398.15,0
2021-05-24 15:34:42,2398.15,0
2021-05-24 15:34:43,2398.15,0
2021-05-24 15:34:45,2398.15,0
2021-05-24 15:34:46,2398.15,0
2021-05-24 15:34:47,2398.15,0
2021-05-24 15:34:48,2398.15,0
2021-05-24 15:34:49,2398.15,0
2021-05-24 15:34:50,2398.15,0
2021-05-24 15:34:51,2398.15,0
2021-05-24 15:34:52,2398.15,0
2021-05-24 15:34:53,2398.15,0
2021-05-24 15:34:54,2398.15,0
2021-05-24 15:34:55,2398.15,0
2021-05-24 15:34:57,2398.15,0
2021-05-24 15:34:58,2398.15,0
2021-05-24 15:34:59,2398.15,0
2021-05-24 15:35:00,2398.15,0
2021-05-24 15:35:01,2398.15,0
2021-05-24 15:35:02,2398.15,0
2021-05-24 15:35:03,2398.15,0
2021-05-24 15:35:04,2398.15,0
2021-05-24 15:35:05,2398.15,0
2021-05-24 15:35:06,2398.15,0
2021-05-24 15:35:07,2398.15,0
2021-05-24 15:35:08,2398.15,0
2021-05-24 15:35:09,2398.15,0
2021-05-24 15:35:12,2398.15,0
2021-05-24 15:35:15,2398.15,0
2021-05-24 15:35:20,2398.15,0
2021-05-24 15:35:21,2398.15,0
2021-05-24 15:35:22,2398.15,0
2021-05-24 15:35:23,2398.15,0
2021-05-24 15:35:24,2398.15,0
2021-05-24 15:35:25,2398.15,0
2021-05-24 15:35:27,2398.15,0
2021-05-24 15:35:29,2398.15,0
2021-05-24 15:35:31,2398.15,0
2021-05-24 15:35:33,2398.15,0
2021-05-24 15:35:34,2398.15,0
2021-05-24 15:35:35,2398.15,0
2021-05-24 15:35:36,2398.15,0
2021-05-24 15:35:37,2398.15,0
2021-05-24 15:35:38,2398.15,0
2021-05-24 15:35:42,2398.15,0
2021-05-24 15:35:44,2398.15,0
2021-05-24 15:35:49,2398.15,0
2021-05-24 15:35:51,2398.15,0
2021-05-24 15:35:54,2398.15,0
2021-05-24 15:35:56,2398.15,0
2021-05-24 15:35:57,2398.15,0
2021-05-24 15:35:58,2398.15,0
2021-05-24 15:35:59,2398.15,0
2021-05-24 15:36:00,2398.15,0
2021-05-24 15:36:02,2398.15,0
2021-05-24 15:36:03,2398.15,0
2021-05-24 15:36:05,2398.15,0
2021-05-24 15:36:06,2398.15,0
2021-05-24 15:36:07,2398.15,0
2021-05-24 15:36:08,2398.15,0
2021-05-24 15:36:09,2398.15,0
2021-05-24 15:36:11,2398.15,0
2021-05-24 15:36:13,2398.15,0
2021-05-24 15:36:14,2398.15,0
2021-05-24 15:36:18,2398.15,0
2021-05-24 15:36:19,2398.15,0
2021-05-24 15:36:20,2398.15,0
2021-05-24 15:36:21,2398.15,0
2021-05-24 15:36:23,2398.15,0
2021-05-24 15:36:24,2398.15,0
2021-05-24 15:36:25,2398.15,0
2021-05-24 15:36:26,2398.15,0
2021-05-24 15:36:27,2398.15,0
2021-05-24 15:36:28,2398.15,0
2021-05-24 15:36:29,2398.15,0
2021-05-24 15:36:30,2398.15,0
2021-05-24 15:36:31,2398.15,0
2021-05-24 15:36:32,2398.15,0
2021-05-24 15:36:33,2398.15,0
2021-05-24 15:36:35,2398.15,0
2021-05-24 15:36:36,2398.15,0
2021-05-24 15:36:37,2398.15,0
2021-05-24 15:36:38,2398.15,0
2021-05-24 15:36:40,2398.15,0
2021-05-24 15:36:41,2398.15,0
2021-05-24 15:36:42,2398.15,0
2021-05-24 15:36:43,2398.15,0
2021-05-24 15:36:45,2398.15,0
2021-05-24 15:36:46,2398.15,0
2021-05-24 15:36:48,2398.15,0
2021-05-24 15:36:49,2398.15,0
2021-05-24 15:36:50,2398.15,0
2021-05-24 15:36:51,2398.15,0
2021-05-24 15:36:52,2398.15,0
2021-05-24 15:36:53,2398.15,0
2021-05-24 15:36:54,2398.15,0
2021-05-24 15:36:55,2398.15,0
2021-05-24 15:36:56,2398.15,0
2021-05-24 15:36:57,2398.15,0
2021-05-24 15:36:59,2398.15,0
2021-05-24 15:37:00,2398.15,0
2021-05-24 15:37:01,2398.15,0
2021-05-24 15:37:02,2398.15,0
2021-05-24 15:37:03,2398.15,0
2021-05-24 15:37:04,2398.15,0
2021-05-24 15:37:05,2398.15,0
2021-05-24 15:37:06,2398.15,0
2021-05-24 15:37:07,2398.15,0
2021-05-24 15:37:08,2398.15,0
2021-05-24 15:37:10,2398.15,0
2021-05-24 15:37:11,2398.15,0
2021-05-24 15:37:12,2398.15,0
2021-05-24 15:37:13,2398.15,0
2021-05-24 15:37:14,2398.15,0
2021-05-24 15:37:15,2398.15,0
2021-05-24 15:37:16,2398.15,0
2021-05-24 15:37:17,2398.15,0
2021-05-24 15:37:18,2398.15,0
2021-05-24 15:37:20,2398.15,0
2021-05-24 15:37:21,2398.15,0
2021-05-24 15:37:22,2398.15,0
2021-05-24 15:37:23,2398.15,0
2021-05-24 15:37:24,2398.15,0
2021-05-24 15:37:25,2398.15,0
2021-05-24 15:37:27,2398.15,0
2021-05-24 15:37:29,2398.15,0
2021-05-24 15:37:30,2398.15,0
2021-05-24 15:37:31,2398.15,0
2021-05-24 15:37:33,2398.15,0
2021-05-24 15:37:35,2398.15,0
2021-05-24 15:37:36,2398.15,0
2021-05-24 15:37:37,2398.15,0
2021-05-24 15:37:38,2398.15,0
2021-05-24 15:37:40,2398.15,0
2021-05-24 15:37:41,2398.15,0
2021-05-24 15:37:42,2398.15,0
2021-05-24 15:37:43,2398.15,0
2021-05-24 15:37:44,2398.15,0
2021-05-24 15:37:45,2398.15,0
2021-05-24 15:37:46,2398.15,0
2021-05-24 15:37:47,2398.15,0
2021-05-24 15:37:49,2398.15,0
2021-05-24 15:37:51,2398.15,0
2021-05-24 15:37:53,2398.15,0
2021-05-24 15:37:55,2398.15,0
2021-05-24 15:37:56,2398.15,0
2021-05-24 15:37:57,2398.15,0
2021-05-24 15:37:58,2398.15,0
2021-05-24 15:37:59,2398.15,0
2021-05-24 15:38:01,2398.15,0
2021-05-24 15:38:03,2398.15,0
2021-05-24 15:38:04,2398.15,0
2021-05-24 15:38:05,2398.15,0
2021-05-24 15:38:07,2398.15,0
2021-05-24 15:38:08,2398.15,0
2021-05-24 15:38:09,2398.15,0
2021-05-24 15:38:10,2398.15,0
2021-05-24 15:38:11,2398.15,0
2021-05-24 15:38:12,2398.15,0
2021-05-24 15:38:14,2398.15,0
2021-05-24 15:38:15,2398.15,0
2021-05-24 15:38:16,2398.15,0
2021-05-24 15:38:17,2398.15,0
2021-05-24 15:38:18,2398.15,0
2021-05-24 15:38:19,2398.15,0
2021-05-24 15:38:20,2398.15,0
2021-05-24 15:38:21,2398.15,0
2021-05-24 15:38:22,2398.15,0
2021-05-24 15:38:23,2398.15,0
2021-05-24 15:38:24,2398.15,0
2021-05-24 15:38:25,2398.15,0
2021-05-24 15:38:26,2398.15,0
2021-05-24 15:38:27,2398.15,0
2021-05-24 15:38:28,2398.15,0
2021-05-24 15:38:29,2398.15,0
2021-05-24 15:38:30,2398.15,0
2021-05-24 15:38:31,2398.15,0
2021-05-24 15:38:32,2398.15,0
2021-05-24 15:38:33,2398.15,0
2021-05-24 15:38:34,2398.15,0
2021-05-24 15:38:35,2398.15,0
2021-05-24 15:38:36,2398.15,0
2021-05-24 15:38:37,2398.15,0
2021-05-24 15:38:38,2398.15,0
2021-05-24 15:38:39,2398.15,0
2021-05-24 15:38:40,2398.15,0
2021-05-24 15:38:41,2398.15,0
2021-05-24 15:38:42,2398.15,0
2021-05-24 15:38:44,2398.15,0
2021-05-24 15:38:45,2398.15,0
2021-05-24 15:38:46,2398.15,0
2021-05-24 15:38:47,2398.15,0
2021-05-24 15:38:48,2398.15,0
2021-05-24 15:38:49,2398.15,0
2021-05-24 15:38:50,2398.15,0
2021-05-24 15:38:51,2398.15,0
2021-05-24 15:38:52,2398.15,0
2021-05-24 15:38:53,2398.15,0
2021-05-24 15:38:54,2398.15,0
2021-05-24 15:38:55,2398.15,0
2021-05-24 15:38:56,2398.15,0
2021-05-24 15:38:57,2398.15,0
2021-05-24 15:38:58,2398.15,0
2021-05-24 15:39:00,2398.15,0
2021-05-24 15:39:01,2398.15,0
2021-05-24 15:39:04,2398.15,0
2021-05-24 15:39:05,2398.15,0
2021-05-24 15:39:06,2398.15,0
2021-05-24 15:39:07,2398.15,0
2021-05-24 15:39:08,2398.15,0
2021-05-24 15:39:10,2398.15,0
2021-05-24 15:39:11,2398.15,0
2021-05-24 15:39:12,2398.15,0
2021-05-24 15:39:14,2398.15,0
2021-05-24 15:39:15,2398.15,0
2021-05-24 15:39:18,2398.15,0
2021-05-24 15:39:21,2398.15,0
2021-05-24 15:39:22,2398.15,0
2021-05-24 15:39:23,2398.15,0
2021-05-24 15:39:25,2398.15,0
2021-05-24 15:39:26,2398.15,0
2021-05-24 15:39:27,2398.15,0
2021-05-24 15:39:28,2398.15,0
2021-05-24 15:39:29,2398.15,0
2021-05-24 15:39:32,2398.15,0
2021-05-24 15:39:33,2398.15,0
2021-05-24 15:39:34,2398.15,0
2021-05-24 15:39:35,2398.15,0
2021-05-24 15:39:36,2398.15,0
2021-05-24 15:39:37,2398.15,0
2021-05-24 15:39:38,2398.15,0
2021-05-24 15:39:39,2398.15,0
2021-05-24 15:39:40,2398.15,0
2021-05-24 15:39:41,2398.15,0
2021-05-24 15:39:42,2398.15,0
2021-05-24 15:39:43,2398.15,0
2021-05-24 15:39:45,2398.15,0
2021-05-24 15:39:46,2398.15,0
2021-05-24 15:39:47,2398.15,0
2021-05-24 15:39:48,2398.15,0
2021-05-24 15:39:49,2398.15,0
2021-05-24 15:39:50,2398.15,0
2021-05-24 15:39:51,2398.15,0
2021-05-24 15:39:59,2398.15,0
2021-05-24 15:40:00,2398.15,0
2021-05-24 15:40:02,2398.15,0
2021-05-24 15:40:03,2398.15,0
2021-05-24 15:40:05,2398.15,0
2021-05-24 15:40:06,2398.15,0
2021-05-24 15:40:07,2398.15,0
2021-05-24 15:40:09,2398.15,0
2021-05-24 15:40:10,2398.15,0
2021-05-24 15:40:11,2398.15,0
2021-05-24 15:40:12,2398.15,0
2021-05-24 15:40:14,2398.15,0
2021-05-24 15:40:15,2398.15,0
2021-05-24 15:40:16,2398.15,0
2021-05-24 15:40:17,2398.15,0
2021-05-24 15:40:18,2398.15,0
2021-05-24 15:40:19,2398.15,0
2021-05-24 15:40:20,2398.15,0
2021-05-24 15:40:21,2398.15,0
2021-05-24 15:40:22,2398.15,0
2021-05-24 15:40:23,2398.15,0
2021-05-24 15:40:24,2398.15,0
2021-05-24 15:40:26,2398.15,0
2021-05-24 15:40:27,2398.15,0
2021-05-24 15:40:28,2398.15,0
