timestamp,ltp,volume
2021-04-20 09:15:32,655.9,147828
2021-04-20 09:15:33,655.8,151912
2021-04-20 09:15:34,655.8,152074
2021-04-20 09:15:35,656.45,156101
2021-04-20 09:15:36,655.8,156226
2021-04-20 09:15:37,656.0,159128
2021-04-20 09:15:38,656.25,164519
2021-04-20 09:15:39,656.6,169688
2021-04-20 09:15:40,656.1,172688
2021-04-20 09:15:41,655.7,174777
2021-04-20 09:15:42,655.7,180506
2021-04-20 09:15:43,655.7,182714
2021-04-20 09:15:44,656.1,185262
2021-04-20 09:15:45,656.55,185825
2021-04-20 09:15:46,656.55,186072
2021-04-20 09:15:47,656.35,189275
2021-04-20 09:15:48,656.05,190716
2021-04-20 09:15:49,656.1,191507
2021-04-20 09:15:50,656.25,192271
2021-04-20 09:15:51,656.05,194252
2021-04-20 09:15:52,656.0,195202
2021-04-20 09:15:53,655.95,197029
2021-04-20 09:15:54,656.0,199158
2021-04-20 09:15:55,655.8,200547
2021-04-20 09:15:57,655.55,201170
2021-04-20 09:15:56,655.8,201039
2021-04-20 09:15:58,655.55,201632
2021-04-20 09:15:59,655.55,202186
2021-04-20 09:16:00,655.85,202702
2021-04-20 09:16:01,655.65,204254
2021-04-20 09:16:02,655.65,205241
2021-04-20 09:16:03,656.0,212778
2021-04-20 09:16:04,656.05,213860
2021-04-20 09:16:05,656.55,214644
2021-04-20 09:16:06,656.0,216155
2021-04-20 09:16:08,656.1,216999
2021-04-20 09:16:09,656.2,217253
2021-04-20 09:16:10,656.1,219652
2021-04-20 09:16:10,656.1,219677
2021-04-20 09:16:12,655.7,231608
2021-04-20 09:16:13,655.85,232762
2021-04-20 09:16:13,655.85,232767
2021-04-20 09:16:14,655.5,240581
2021-04-20 09:16:15,655.75,241971
2021-04-20 09:16:16,655.6,245858
2021-04-20 09:16:17,655.15,247477
2021-04-20 09:16:18,655.15,248821
2021-04-20 09:16:19,656.0,261644
2021-04-20 09:16:21,655.45,262933
2021-04-20 09:16:22,655.35,263828
2021-04-20 09:16:23,655.1,265523
2021-04-20 09:16:23,655.45,265513
2021-04-20 09:16:24,655.45,269599
2021-04-20 09:16:25,655.55,271775
2021-04-20 09:16:26,655.5,272484
2021-04-20 09:16:27,655.6,275462
2021-04-20 09:16:28,655.55,279276
2021-04-20 09:16:29,655.55,281764
2021-04-20 09:16:30,655.25,282698
2021-04-20 09:16:31,654.8,285442
2021-04-20 09:16:32,654.75,285630
2021-04-20 09:16:33,654.95,290488
2021-04-20 09:16:34,654.55,291590
2021-04-20 09:16:36,654.45,294439
2021-04-20 09:16:37,654.5,297521
2021-04-20 09:16:38,654.1,298956
2021-04-20 09:16:39,654.05,299928
2021-04-20 09:16:39,654.35,300028
2021-04-20 09:16:40,654.15,301477
2021-04-20 09:16:41,654.4,303413
2021-04-20 09:16:42,654.0,305591
2021-04-20 09:16:43,654.05,310420
2021-04-20 09:16:44,653.7,313434
2021-04-20 09:16:45,653.45,315835
2021-04-20 09:16:47,653.45,318213
2021-04-20 09:16:47,653.1,318183
2021-04-20 09:16:48,653.15,319982
2021-04-20 09:16:50,653.4,321697
2021-04-20 09:16:51,653.45,327241
2021-04-20 09:16:52,653.6,331543
2021-04-20 09:16:53,653.9,337509
2021-04-20 09:16:53,653.6,338133
2021-04-20 09:16:55,653.7,341606
2021-04-20 09:16:56,653.95,342448
2021-04-20 09:16:57,653.8,342573
2021-04-20 09:16:57,653.8,343378
2021-04-20 09:16:58,653.9,349301
2021-04-20 09:17:01,653.95,356385
2021-04-20 09:17:02,654.2,358671
2021-04-20 09:17:03,654.6,360193
2021-04-20 09:17:04,654.6,360947
2021-04-20 09:17:04,654.5,361467
2021-04-20 09:17:06,654.55,366475
2021-04-20 09:17:07,654.6,367873
2021-04-20 09:17:08,654.6,377197
2021-04-20 09:17:09,654.7,378651
2021-04-20 09:17:10,654.6,381733
2021-04-20 09:17:11,654.7,390443
2021-04-20 09:17:11,654.7,391375
2021-04-20 09:17:12,654.7,394510
2021-04-20 09:17:13,655.0,401929
2021-04-20 09:17:14,654.95,403284
2021-04-20 09:17:15,654.9,403803
2021-04-20 09:17:16,654.9,404310
2021-04-20 09:17:17,655.0,406360
2021-04-20 09:17:18,654.95,409701
2021-04-20 09:17:19,654.9,410065
2021-04-20 09:17:20,654.85,410693
2021-04-20 09:17:22,654.85,411237
2021-04-20 09:17:23,654.95,411933
2021-04-20 09:17:24,654.9,418408
2021-04-20 09:17:24,654.8,419188
2021-04-20 09:17:25,654.85,419248
2021-04-20 09:17:26,654.9,420474
2021-04-20 09:17:27,655.0,423740
2021-04-20 09:17:28,655.0,424219
2021-04-20 09:17:30,655.0,428276
2021-04-20 09:17:31,655.0,433746
2021-04-20 09:17:32,655.25,434887
2021-04-20 09:17:33,655.35,437047
2021-04-20 09:17:33,655.3,438132
2021-04-20 09:17:34,655.05,439253
2021-04-20 09:17:35,655.0,440828
2021-04-20 09:17:36,655.05,441522
2021-04-20 09:17:37,654.95,442224
2021-04-20 09:17:38,655.1,442430
2021-04-20 09:17:39,655.2,443681
2021-04-20 09:17:40,655.05,445989
2021-04-20 09:17:42,655.3,446979
2021-04-20 09:17:42,655.0,447158
2021-04-20 09:17:43,655.1,448123
2021-04-20 09:17:44,655.0,449188
2021-04-20 09:17:45,654.8,451168
2021-04-20 09:17:46,654.85,451618
2021-04-20 09:17:47,654.6,453714
2021-04-20 09:17:48,654.65,455129
2021-04-20 09:17:49,654.6,456650
2021-04-20 09:17:50,654.6,464531
2021-04-20 09:17:51,654.3,466191
2021-04-20 09:17:52,654.5,466564
2021-04-20 09:17:53,654.2,466757
2021-04-20 09:17:55,654.5,466788
2021-04-20 09:17:56,654.4,468675
2021-04-20 09:17:57,654.4,469245
2021-04-20 09:17:57,654.4,468681
2021-04-20 09:17:58,654.6,472715
2021-04-20 09:17:59,654.8,476939
2021-04-20 09:18:00,654.8,477429
2021-04-20 09:18:01,654.8,478828
2021-04-20 09:18:02,654.8,478934
2021-04-20 09:18:03,654.9,479082
2021-04-20 09:18:04,654.75,480120
2021-04-20 09:18:05,654.6,480607
2021-04-20 09:18:06,654.5,481569
2021-04-20 09:18:07,654.35,482002
2021-04-20 09:18:08,654.1,482347
2021-04-20 09:18:09,654.35,482388
2021-04-20 09:18:11,654.15,483325
2021-04-20 09:18:12,654.15,490381
2021-04-20 09:18:13,653.9,492379
2021-04-20 09:18:14,653.75,499274
2021-04-20 09:18:15,653.8,500459
2021-04-20 09:18:16,653.7,503269
2021-04-20 09:18:17,653.4,505921
2021-04-20 09:18:18,653.35,507715
2021-04-20 09:18:19,653.5,509093
2021-04-20 09:18:19,653.5,509093
2021-04-20 09:18:20,653.25,509194
2021-04-20 09:18:21,653.25,509252
2021-04-20 09:18:22,653.0,517138
2021-04-20 09:18:23,653.05,518992
2021-04-20 09:18:25,652.9,520499
2021-04-20 09:18:26,653.5,525877
2021-04-20 09:18:27,653.25,527909
2021-04-20 09:18:27,653.3,527879
2021-04-20 09:18:28,653.4,528460
2021-04-20 09:18:29,653.45,528970
2021-04-20 09:18:30,653.25,529570
2021-04-20 09:18:31,653.45,530241
2021-04-20 09:18:32,653.25,531762
2021-04-20 09:18:33,653.4,533697
2021-04-20 09:18:34,653.25,534119
2021-04-20 09:18:36,653.4,534575
2021-04-20 09:18:37,653.25,535450
2021-04-20 09:18:38,653.25,541006
2021-04-20 09:18:38,653.1,541483
2021-04-20 09:18:39,653.25,542047
2021-04-20 09:18:40,653.25,542271
2021-04-20 09:18:41,653.25,542683
2021-04-20 09:18:42,653.25,544017
2021-04-20 09:18:43,653.35,545649
2021-04-20 09:18:45,653.45,546753
2021-04-20 09:18:46,653.35,549450
2021-04-20 09:18:47,653.95,551351
2021-04-20 09:18:48,653.8,553199
2021-04-20 09:18:48,653.6,553928
2021-04-20 09:18:49,653.65,554553
2021-04-20 09:18:50,653.9,555506
2021-04-20 09:18:51,653.65,555597
2021-04-20 09:18:52,653.85,556011
2021-04-20 09:18:53,653.85,556781
2021-04-20 09:18:54,653.85,557033
2021-04-20 09:18:55,653.55,558296
2021-04-20 09:18:56,653.5,558474
2021-04-20 09:18:57,653.6,559068
2021-04-20 09:18:58,653.7,559102
2021-04-20 09:18:59,653.7,559227
2021-04-20 09:19:00,653.6,559619
2021-04-20 09:19:01,653.7,560011
2021-04-20 09:19:03,653.6,567151
2021-04-20 09:19:05,653.7,567527
2021-04-20 09:19:06,653.65,567876
2021-04-20 09:19:07,653.7,570330
2021-04-20 09:19:07,654.0,570384
2021-04-20 09:19:08,654.0,571109
2021-04-20 09:19:10,653.75,571514
2021-04-20 09:19:11,653.9,571929
2021-04-20 09:19:11,653.9,571929
2021-04-20 09:19:12,653.9,572301
2021-04-20 09:19:13,653.85,574360
2021-04-20 09:19:14,653.9,574461
2021-04-20 09:19:15,653.65,575173
2021-04-20 09:19:16,653.75,575968
2021-04-20 09:19:18,653.7,576634
2021-04-20 09:19:19,653.6,578643
2021-04-20 09:19:19,653.6,582401
2021-04-20 09:19:21,653.45,584365
2021-04-20 09:19:21,653.6,585045
2021-04-20 09:19:22,653.45,587384
2021-04-20 09:19:24,653.45,589328
2021-04-20 09:19:25,653.45,590259
2021-04-20 09:19:26,653.0,591512
2021-04-20 09:19:27,652.95,600936
2021-04-20 09:19:28,652.8,601723
2021-04-20 09:19:28,652.65,601359
2021-04-20 09:19:30,652.55,605053
2021-04-20 09:19:31,652.5,605442
2021-04-20 09:19:32,651.75,617940
2021-04-20 09:19:33,652.2,619266
2021-04-20 09:19:33,652.2,619578
2021-04-20 09:19:34,651.8,628170
2021-04-20 09:19:35,652.1,629575
2021-04-20 09:19:36,652.05,632639
2021-04-20 09:19:37,652.25,637909
2021-04-20 09:19:38,652.25,639659
2021-04-20 09:19:39,652.25,639754
2021-04-20 09:19:40,652.25,642099
2021-04-20 09:19:41,652.45,643892
2021-04-20 09:19:43,652.25,645073
2021-04-20 09:19:43,652.25,645073
2021-04-20 09:19:45,652.45,646676
2021-04-20 09:19:45,652.45,646172
2021-04-20 09:19:46,652.15,650047
2021-04-20 09:19:48,652.55,652722
2021-04-20 09:19:49,652.6,654279
2021-04-20 09:19:49,652.85,654404
2021-04-20 09:19:51,653.2,655376
2021-04-20 09:19:52,652.9,658290
2021-04-20 09:19:53,653.1,658765
2021-04-20 09:19:54,653.0,659033
2021-04-20 09:19:54,653.1,659023
2021-04-20 09:19:56,652.85,661409
2021-04-20 09:19:56,652.85,661409
2021-04-20 09:19:57,653.0,661937
2021-04-20 09:19:58,653.05,662531
2021-04-20 09:19:59,653.1,663632
2021-04-20 09:20:00,653.1,665360
2021-04-20 09:20:01,653.0,665608
2021-04-20 09:20:02,653.2,668650
2021-04-20 09:20:03,653.5,670513
2021-04-20 09:20:04,653.4,671263
2021-04-20 09:20:05,653.7,675776
2021-04-20 09:20:06,654.0,677083
2021-04-20 09:20:07,654.0,677251
2021-04-20 09:20:09,653.9,683531
2021-04-20 09:20:10,654.0,685045
2021-04-20 09:20:11,654.2,685245
2021-04-20 09:20:12,654.25,685308
2021-04-20 09:20:13,654.05,686073
2021-04-20 09:20:14,654.15,690773
2021-04-20 09:20:14,654.05,690432
2021-04-20 09:20:16,654.05,692223
2021-04-20 09:20:17,654.05,694286
2021-04-20 09:20:17,654.3,694453
2021-04-20 09:20:18,654.45,695751
2021-04-20 09:20:19,654.5,696388
2021-04-20 09:20:21,654.35,696888
2021-04-20 09:20:22,654.6,698105
2021-04-20 09:20:24,654.65,699735
2021-04-20 09:20:25,654.55,699865
2021-04-20 09:20:26,654.6,700112
2021-04-20 09:20:27,654.6,700196
2021-04-20 09:20:27,654.6,700196
2021-04-20 09:20:28,654.95,703043
2021-04-20 09:20:30,654.8,708692
2021-04-20 09:20:31,654.75,711150
2021-04-20 09:20:31,654.7,711200
2021-04-20 09:20:32,654.7,713575
2021-04-20 09:20:33,654.9,715067
2021-04-20 09:20:35,655.0,725605
2021-04-20 09:20:36,655.1,726939
2021-04-20 09:20:37,655.3,727115
2021-04-20 09:20:38,655.3,729015
2021-04-20 09:20:39,655.3,729579
2021-04-20 09:20:40,655.4,730398
2021-04-20 09:20:41,655.15,730779
2021-04-20 09:20:41,655.15,730979
2021-04-20 09:20:42,655.15,732633
2021-04-20 09:20:43,655.35,734634
2021-04-20 09:20:45,655.25,735139
2021-04-20 09:20:46,655.4,735597
2021-04-20 09:20:47,655.55,737061
2021-04-20 09:20:48,655.5,738800
2021-04-20 09:20:49,655.8,743294
2021-04-20 09:20:50,655.5,744844
2021-04-20 09:20:51,655.7,750268
2021-04-20 09:20:52,655.7,751959
2021-04-20 09:20:53,655.95,754747
2021-04-20 09:20:53,655.75,754848
2021-04-20 09:20:54,655.85,756506
2021-04-20 09:20:55,655.8,757035
2021-04-20 09:20:56,655.95,757729
2021-04-20 09:20:58,656.2,763020
2021-04-20 09:20:59,656.3,764616
2021-04-20 09:21:00,656.2,770365
2021-04-20 09:21:01,656.4,771466
2021-04-20 09:21:01,656.2,771586
2021-04-20 09:21:02,656.2,772138
2021-04-20 09:21:03,656.55,773927
2021-04-20 09:21:04,656.55,774412
2021-04-20 09:21:06,656.35,776429
2021-04-20 09:21:07,656.7,777205
2021-04-20 09:21:08,656.45,777959
2021-04-20 09:21:09,656.4,779857
2021-04-20 09:21:09,656.3,780448
2021-04-20 09:21:11,656.15,785435
2021-04-20 09:21:11,655.85,787787
2021-04-20 09:21:13,656.15,794612
2021-04-20 09:21:13,655.75,796640
2021-04-20 09:21:14,655.7,797090
2021-04-20 09:21:16,656.45,799485
2021-04-20 09:21:17,656.1,810220
2021-04-20 09:21:18,656.1,811777
2021-04-20 09:21:18,656.1,811777
2021-04-20 09:21:19,656.4,812616
2021-04-20 09:21:20,656.9,818803
2021-04-20 09:21:22,656.7,820436
2021-04-20 09:21:23,656.6,822513
2021-04-20 09:21:24,656.75,827562
2021-04-20 09:21:25,656.7,828449
2021-04-20 09:21:26,656.35,829339
2021-04-20 09:21:26,656.55,829319
2021-04-20 09:21:27,656.45,829709
2021-04-20 09:21:28,656.6,830554
2021-04-20 09:21:29,656.45,831118
2021-04-20 09:21:30,656.8,831883
2021-04-20 09:21:32,656.65,835776
2021-04-20 09:21:32,656.65,835233
2021-04-20 09:21:34,656.5,836608
2021-04-20 09:21:34,656.5,836609
2021-04-20 09:21:35,656.5,837146
2021-04-20 09:21:36,656.55,841123
2021-04-20 09:21:38,656.7,842419
2021-04-20 09:21:38,656.6,843021
2021-04-20 09:21:39,656.75,843452
2021-04-20 09:21:40,656.75,844367
2021-04-20 09:21:41,656.8,844823
2021-04-20 09:21:42,656.8,844843
2021-04-20 09:21:43,657.0,853662
2021-04-20 09:21:44,657.0,854744
2021-04-20 09:21:45,657.05,855806
2021-04-20 09:21:46,657.05,856974
2021-04-20 09:21:47,657.05,861001
2021-04-20 09:21:49,657.0,865107
2021-04-20 09:21:49,656.9,865682
2021-04-20 09:21:50,656.85,866633
2021-04-20 09:21:51,657.0,867324
2021-04-20 09:21:53,656.9,870943
2021-04-20 09:21:54,657.0,871699
2021-04-20 09:21:55,657.0,872280
2021-04-20 09:21:56,656.9,872861
2021-04-20 09:21:57,657.0,873130
2021-04-20 09:21:58,656.85,875781
2021-04-20 09:21:59,656.7,881178
2021-04-20 09:22:00,656.55,881940
2021-04-20 09:22:01,656.55,882629
2021-04-20 09:22:02,656.65,887241
2021-04-20 09:22:03,656.55,888621
2021-04-20 09:22:04,656.45,888964
2021-04-20 09:22:06,656.8,889470
2021-04-20 09:22:06,656.85,891024
2021-04-20 09:22:07,656.85,891496
2021-04-20 09:22:08,656.85,891650
2021-04-20 09:22:09,656.7,891960
2021-04-20 09:22:10,656.7,893000
2021-04-20 09:22:11,656.85,894632
2021-04-20 09:22:12,656.85,894632
2021-04-20 09:22:13,656.85,895713
2021-04-20 09:22:14,656.65,897477
2021-04-20 09:22:15,656.75,897752
2021-04-20 09:22:16,657.0,905719
2021-04-20 09:22:17,656.85,906975
2021-04-20 09:22:18,657.0,908009
2021-04-20 09:22:19,656.95,908932
2021-04-20 09:22:20,657.1,911415
2021-04-20 09:22:21,656.7,912528
2021-04-20 09:22:23,656.5,913436
2021-04-20 09:22:24,656.85,914322
2021-04-20 09:22:25,656.95,915095
2021-04-20 09:22:25,656.85,915145
2021-04-20 09:22:26,657.0,916217
2021-04-20 09:22:27,657.0,916217
2021-04-20 09:22:29,657.05,917151
2021-04-20 09:22:30,657.0,917713
2021-04-20 09:22:31,657.3,917725
2021-04-20 09:22:32,657.3,917868
2021-04-20 09:22:33,657.3,919117
2021-04-20 09:22:34,657.3,919764
2021-04-20 09:22:35,657.5,924445
2021-04-20 09:22:35,657.65,925835
2021-04-20 09:22:36,657.8,926783
2021-04-20 09:22:37,657.75,928071
2021-04-20 09:22:38,657.75,932129
2021-04-20 09:22:39,658.4,938771
2021-04-20 09:22:40,658.1,940522
2021-04-20 09:22:41,658.2,943796
2021-04-20 09:22:42,658.15,945252
2021-04-20 09:22:43,658.2,945460
2021-04-20 09:22:44,658.0,945634
2021-04-20 09:22:45,658.1,947517
2021-04-20 09:22:46,658.0,948453
2021-04-20 09:22:47,658.1,949550
2021-04-20 09:22:49,658.1,949680
2021-04-20 09:22:49,657.5,950858
2021-04-20 09:22:51,658.1,952111
2021-04-20 09:22:53,658.2,952898
2021-04-20 09:22:54,658.25,953900
2021-04-20 09:22:55,658.1,955408
2021-04-20 09:22:56,658.6,956889
2021-04-20 09:22:57,658.25,957843
2021-04-20 09:22:58,658.5,960092
2021-04-20 09:22:59,658.35,961380
2021-04-20 09:23:00,658.35,961480
2021-04-20 09:23:01,658.65,964701
2021-04-20 09:23:02,658.7,965946
2021-04-20 09:23:02,658.5,965941
2021-04-20 09:23:04,658.75,967222
2021-04-20 09:23:05,658.75,967448
2021-04-20 09:23:06,658.5,968605
2021-04-20 09:23:07,658.75,968662
2021-04-20 09:23:08,658.7,970506
2021-04-20 09:23:09,658.8,971756
2021-04-20 09:23:10,658.6,976958
2021-04-20 09:23:11,658.95,985219
2021-04-20 09:23:12,659.2,987769
2021-04-20 09:23:13,659.15,988530
2021-04-20 09:23:14,659.3,989130
2021-04-20 09:23:15,659.3,989375
2021-04-20 09:23:16,659.35,992011
2021-04-20 09:23:17,659.0,993309
2021-04-20 09:23:18,658.85,994228
2021-04-20 09:23:19,658.85,995373
2021-04-20 09:23:20,658.75,997819
2021-04-20 09:23:21,658.4,1000338
2021-04-20 09:23:22,658.65,1000350
2021-04-20 09:23:23,658.4,1004764
2021-04-20 09:23:24,658.25,1005331
2021-04-20 09:23:25,658.0,1006532
2021-04-20 09:23:26,658.1,1006844
2021-04-20 09:23:27,658.35,1008761
2021-04-20 09:23:28,658.55,1009683
2021-04-20 09:23:29,658.4,1010480
2021-04-20 09:23:30,658.25,1010883
2021-04-20 09:23:31,658.25,1011145
2021-04-20 09:23:32,658.3,1012273
2021-04-20 09:23:33,658.4,1014096
2021-04-20 09:23:34,658.65,1014348
2021-04-20 09:23:35,658.65,1014874
2021-04-20 09:23:36,658.65,1020046
2021-04-20 09:23:37,658.65,1021243
2021-04-20 09:23:38,658.55,1021574
2021-04-20 09:23:39,658.35,1022114
2021-04-20 09:23:40,658.5,1022241
2021-04-20 09:23:41,658.5,1022466
2021-04-20 09:23:42,658.5,1022671
2021-04-20 09:23:43,658.4,1022742
2021-04-20 09:23:44,658.5,1023042
2021-04-20 09:23:45,658.5,1023052
2021-04-20 09:23:46,658.55,1024732
2021-04-20 09:23:47,657.85,1030154
2021-04-20 09:23:48,658.2,1030249
2021-04-20 09:23:49,658.2,1031092
2021-04-20 09:23:50,657.8,1032755
2021-04-20 09:23:51,658.0,1033235
2021-04-20 09:23:52,658.0,1033469
2021-04-20 09:23:53,658.05,1034083
2021-04-20 09:23:54,658.0,1034313
2021-04-20 09:23:55,658.0,1034989
2021-04-20 09:23:56,657.7,1035754
2021-04-20 09:23:57,657.7,1035836
2021-04-20 09:23:58,658.0,1035901
2021-04-20 09:23:59,657.75,1036357
2021-04-20 09:24:00,658.2,1041241
2021-04-20 09:24:01,658.4,1042635
2021-04-20 09:24:02,658.4,1043166
2021-04-20 09:24:03,658.7,1045392
2021-04-20 09:24:04,658.8,1046881
2021-04-20 09:24:05,658.85,1048252
2021-04-20 09:24:06,659.0,1048414
2021-04-20 09:24:07,658.9,1048495
2021-04-20 09:24:08,658.8,1049007
2021-04-20 09:24:09,658.5,1052092
2021-04-20 09:24:10,658.25,1057875
2021-04-20 09:24:11,658.4,1058666
2021-04-20 09:24:12,658.6,1058767
2021-04-20 09:24:13,658.7,1058982
2021-04-20 09:24:14,658.75,1059573
2021-04-20 09:24:15,658.85,1061007
2021-04-20 09:24:16,658.9,1061230
2021-04-20 09:24:17,658.7,1061826
2021-04-20 09:24:18,658.75,1062053
2021-04-20 09:24:19,658.95,1063816
2021-04-20 09:24:20,659.0,1064500
2021-04-20 09:24:21,658.95,1064594
2021-04-20 09:24:22,659.1,1078219
2021-04-20 09:24:23,659.05,1080253
2021-04-20 09:24:24,659.15,1080341
2021-04-20 09:24:25,659.0,1082022
2021-04-20 09:24:26,659.15,1082228
2021-04-20 09:24:27,658.85,1083284
2021-04-20 09:24:28,659.1,1083464
2021-04-20 09:24:29,658.95,1083714
2021-04-20 09:24:30,659.1,1083925
2021-04-20 09:24:31,658.95,1085623
2021-04-20 09:24:32,658.95,1086620
2021-04-20 09:24:33,659.0,1086934
2021-04-20 09:24:34,658.9,1089094
2021-04-20 09:24:35,659.0,1090189
2021-04-20 09:24:36,658.7,1091149
2021-04-20 09:24:37,658.95,1091399
2021-04-20 09:24:38,658.75,1091603
2021-04-20 09:24:39,658.95,1092108
2021-04-20 09:24:40,658.5,1092996
2021-04-20 09:24:41,658.6,1093111
2021-04-20 09:24:42,658.6,1093116
2021-04-20 09:24:43,658.4,1093647
2021-04-20 09:24:44,658.4,1093834
2021-04-20 09:24:45,658.55,1093846
2021-04-20 09:24:46,658.65,1095777
2021-04-20 09:24:47,658.65,1095788
2021-04-20 09:24:48,658.65,1096477
2021-04-20 09:24:49,658.65,1096681
2021-04-20 09:24:50,658.55,1097468
2021-04-20 09:24:51,658.45,1098184
2021-04-20 09:24:52,658.45,1098478
2021-04-20 09:24:53,658.5,1099604
2021-04-20 09:24:54,658.65,1099869
2021-04-20 09:24:55,658.5,1100466
2021-04-20 09:24:56,658.25,1102162
2021-04-20 09:24:57,658.45,1103579
2021-04-20 09:24:58,658.65,1103843
2021-04-20 09:24:59,658.65,1104214
2021-04-20 09:25:00,658.65,1106071
2021-04-20 09:25:01,658.75,1106296
2021-04-20 09:25:02,658.75,1106349
2021-04-20 09:25:03,658.75,1107553
2021-04-20 09:25:04,658.75,1108229
2021-04-20 09:25:05,658.75,1108509
2021-04-20 09:25:06,658.65,1108560
2021-04-20 09:25:07,658.95,1109630
2021-04-20 09:25:08,658.85,1110995
2021-04-20 09:25:09,658.95,1111904
2021-04-20 09:25:10,659.0,1112878
2021-04-20 09:25:11,658.65,1114388
2021-04-20 09:25:12,658.65,1114409
2021-04-20 09:25:13,658.7,1115441
2021-04-20 09:25:14,658.3,1124417
2021-04-20 09:25:15,658.4,1124622
2021-04-20 09:25:16,658.15,1126214
2021-04-20 09:25:17,658.45,1126559
2021-04-20 09:25:18,658.4,1127447
2021-04-20 09:25:19,658.4,1127717
2021-04-20 09:25:20,658.2,1128367
2021-04-20 09:25:21,658.4,1128480
2021-04-20 09:25:22,658.15,1129811
2021-04-20 09:25:23,658.2,1129854
2021-04-20 09:25:24,658.0,1130977
2021-04-20 09:25:25,658.25,1132373
2021-04-20 09:25:26,658.15,1132446
2021-04-20 09:25:27,658.15,1132632
2021-04-20 09:25:28,658.15,1132738
2021-04-20 09:25:30,658.25,1134510
2021-04-20 09:25:29,658.15,1133360
2021-04-20 09:25:31,658.0,1134630
2021-04-20 09:25:32,658.25,1134650
2021-04-20 09:25:33,658.05,1134710
2021-04-20 09:25:34,658.25,1135071
2021-04-20 09:25:35,658.35,1135739
2021-04-20 09:25:36,658.4,1135990
2021-04-20 09:25:37,658.6,1137024
2021-04-20 09:25:38,658.3,1137625
2021-04-20 09:25:39,658.5,1137669
2021-04-20 09:25:40,658.55,1137692
2021-04-20 09:25:41,658.4,1137775
2021-04-20 09:25:42,658.45,1138015
2021-04-20 09:25:43,658.45,1138022
2021-04-20 09:25:44,658.5,1138042
2021-04-20 09:25:45,658.6,1138385
2021-04-20 09:25:46,658.55,1139793
2021-04-20 09:25:47,658.9,1140847
2021-04-20 09:25:48,658.8,1141216
2021-04-20 09:25:49,658.65,1145293
2021-04-20 09:25:50,658.6,1145926
2021-04-20 09:25:51,658.65,1149496
2021-04-20 09:25:52,658.65,1149496
2021-04-20 09:25:53,658.65,1149606
2021-04-20 09:25:54,658.45,1149866
2021-04-20 09:25:55,658.55,1150007
2021-04-20 09:25:56,658.6,1151012
2021-04-20 09:25:57,658.75,1152249
2021-04-20 09:25:58,658.65,1152332
2021-04-20 09:25:59,658.8,1152383
2021-04-20 09:26:00,658.65,1152786
2021-04-20 09:26:01,658.8,1152796
2021-04-20 09:26:02,659.0,1164020
2021-04-20 09:26:03,659.0,1165760
2021-04-20 09:26:04,659.1,1166486
2021-04-20 09:26:05,659.0,1168488
2021-04-20 09:26:06,659.1,1168914
2021-04-20 09:26:07,659.25,1169596
2021-04-20 09:26:08,659.3,1170333
2021-04-20 09:26:09,659.3,1170586
2021-04-20 09:26:10,659.25,1171064
2021-04-20 09:26:11,659.35,1171636
2021-04-20 09:26:12,659.4,1178277
2021-04-20 09:26:13,659.45,1179836
2021-04-20 09:26:14,659.45,1180556
2021-04-20 09:26:15,659.5,1181353
2021-04-20 09:26:16,659.4,1181657
2021-04-20 09:26:17,659.5,1181975
2021-04-20 09:26:18,659.45,1187921
2021-04-20 09:26:19,659.3,1191258
2021-04-20 09:26:20,658.75,1194650
2021-04-20 09:26:21,658.5,1196383
2021-04-20 09:26:22,658.65,1196730
2021-04-20 09:26:23,658.35,1199664
2021-04-20 09:26:24,658.65,1200371
2021-04-20 09:26:25,658.3,1208819
2021-04-20 09:26:26,658.5,1211758
2021-04-20 09:26:27,658.5,1212903
2021-04-20 09:26:28,659.05,1214290
2021-04-20 09:26:29,659.35,1215632
2021-04-20 09:26:30,659.4,1217353
2021-04-20 09:26:31,659.2,1218552
2021-04-20 09:26:32,659.2,1224366
2021-04-20 09:26:33,659.2,1226499
2021-04-20 09:26:34,659.2,1231568
2021-04-20 09:26:35,659.45,1234110
2021-04-20 09:26:36,659.55,1239210
2021-04-20 09:26:37,659.3,1241842
2021-04-20 09:26:38,659.9,1247598
2021-04-20 09:26:39,659.9,1263021
2021-04-20 09:26:40,660.15,1266532
2021-04-20 09:26:41,660.8,1268963
2021-04-20 09:26:42,661.0,1272354
2021-04-20 09:26:43,660.7,1275096
2021-04-20 09:26:44,660.8,1276328
2021-04-20 09:26:45,661.0,1277576
2021-04-20 09:26:46,660.85,1277985
2021-04-20 09:26:47,661.35,1285554
2021-04-20 09:26:48,661.05,1288780
2021-04-20 09:26:49,661.55,1291552
2021-04-20 09:26:51,661.55,1293398
2021-04-20 09:26:52,661.35,1295868
2021-04-20 09:26:53,661.35,1296660
2021-04-20 09:26:54,661.35,1299661
2021-04-20 09:26:55,661.5,1301164
2021-04-20 09:26:56,661.5,1302846
2021-04-20 09:26:56,661.3,1302813
2021-04-20 09:26:57,661.3,1311028
2021-04-20 09:26:58,661.35,1311746
2021-04-20 09:26:59,661.35,1313843
2021-04-20 09:27:00,661.6,1314711
2021-04-20 09:27:01,661.45,1315694
2021-04-20 09:27:02,661.4,1317092
2021-04-20 09:27:03,661.45,1319711
2021-04-20 09:27:04,660.8,1320452
2021-04-20 09:27:06,660.65,1323443
2021-04-20 09:27:07,660.85,1334675
2021-04-20 09:27:07,660.85,1334715
2021-04-20 09:27:08,661.2,1336262
2021-04-20 09:27:09,661.05,1337014
2021-04-20 09:27:10,660.95,1337208
2021-04-20 09:27:11,661.25,1347955
2021-04-20 09:27:12,660.95,1351007
2021-04-20 09:27:13,660.9,1353366
2021-04-20 09:27:14,661.25,1355132
2021-04-20 09:27:15,660.75,1357746
2021-04-20 09:27:16,661.0,1368938
2021-04-20 09:27:17,660.9,1370633
2021-04-20 09:27:18,660.85,1371047
2021-04-20 09:27:19,660.35,1375240
2021-04-20 09:27:20,660.35,1375494
2021-04-20 09:27:21,660.2,1377343
2021-04-20 09:27:22,660.9,1387453
2021-04-20 09:27:23,660.65,1389227
2021-04-20 09:27:24,660.65,1389977
2021-04-20 09:27:26,661.1,1400855
2021-04-20 09:27:27,660.75,1402150
2021-04-20 09:27:28,661.0,1403211
2021-04-20 09:27:29,660.8,1403230
2021-04-20 09:27:30,661.05,1405358
2021-04-20 09:27:31,661.1,1414603
2021-04-20 09:27:32,661.15,1416442
2021-04-20 09:27:32,660.8,1416287
2021-04-20 09:27:33,660.8,1417629
2021-04-20 09:27:34,660.35,1420565
2021-04-20 09:27:35,660.35,1421696
2021-04-20 09:27:36,660.6,1421786
2021-04-20 09:27:37,660.35,1421965
2021-04-20 09:27:38,660.6,1422070
2021-04-20 09:27:39,660.6,1422518
2021-04-20 09:27:40,660.45,1424579
2021-04-20 09:27:41,660.45,1425364
2021-04-20 09:27:42,660.65,1425474
2021-04-20 09:27:43,660.65,1425711
2021-04-20 09:27:45,660.6,1426606
2021-04-20 09:27:45,660.7,1426878
2021-04-20 09:27:46,660.65,1428166
2021-04-20 09:27:47,660.75,1428269
2021-04-20 09:27:48,661.0,1429549
2021-04-20 09:27:49,660.6,1430206
2021-04-20 09:27:50,660.7,1432626
2021-04-20 09:27:51,660.45,1432696
2021-04-20 09:27:52,660.4,1433048
2021-04-20 09:27:54,661.0,1438598
2021-04-20 09:27:55,660.5,1439755
2021-04-20 09:27:56,660.25,1441231
2021-04-20 09:27:57,660.4,1441486
2021-04-20 09:27:58,660.7,1442233
2021-04-20 09:27:58,660.4,1442283
2021-04-20 09:27:59,661.05,1454851
2021-04-20 09:28:00,661.0,1456415
2021-04-20 09:28:01,661.0,1456761
2021-04-20 09:28:02,660.85,1458665
2021-04-20 09:28:03,661.0,1459636
2021-04-20 09:28:04,660.95,1462449
2021-04-20 09:28:05,660.65,1463433
2021-04-20 09:28:06,660.85,1463642
2021-04-20 09:28:07,660.8,1464662
2021-04-20 09:28:08,660.8,1465187
2021-04-20 09:28:09,660.65,1465333
2021-04-20 09:28:10,660.4,1467050
2021-04-20 09:28:11,660.5,1467780
2021-04-20 09:28:12,660.5,1468341
2021-04-20 09:28:14,660.5,1468375
2021-04-20 09:28:14,660.5,1468550
2021-04-20 09:28:15,660.5,1468853
2021-04-20 09:28:16,660.05,1470878
2021-04-20 09:28:17,660.1,1478371
2021-04-20 09:28:19,659.85,1478387
2021-04-20 09:28:20,660.05,1478986
2021-04-20 09:28:21,660.05,1479176
2021-04-20 09:28:21,660.05,1479168
2021-04-20 09:28:22,660.05,1480109
2021-04-20 09:28:23,660.05,1480477
2021-04-20 09:28:24,660.0,1481617
2021-04-20 09:28:25,660.0,1483145
2021-04-20 09:28:27,660.0,1484692
2021-04-20 09:28:27,660.0,1484704
2021-04-20 09:28:28,660.0,1486852
2021-04-20 09:28:29,660.0,1487156
2021-04-20 09:28:30,660.0,1488776
2021-04-20 09:28:31,660.05,1489475
2021-04-20 09:28:32,660.0,1489669
2021-04-20 09:28:33,660.1,1490073
2021-04-20 09:28:34,660.0,1490379
2021-04-20 09:28:35,660.2,1490805
2021-04-20 09:28:36,660.05,1491205
2021-04-20 09:28:37,660.0,1491762
2021-04-20 09:28:39,659.85,1492907
2021-04-20 09:28:40,659.85,1493785
2021-04-20 09:28:41,659.85,1495169
2021-04-20 09:28:42,659.85,1495642
2021-04-20 09:28:43,660.0,1496244
2021-04-20 09:28:45,659.85,1498100
2021-04-20 09:28:46,659.85,1499953
2021-04-20 09:28:47,659.9,1500204
2021-04-20 09:28:48,660.0,1500784
2021-04-20 09:28:49,659.9,1501242
2021-04-20 09:28:50,659.75,1505104
2021-04-20 09:28:51,659.7,1508164
2021-04-20 09:28:53,659.85,1509213
2021-04-20 09:28:53,659.55,1509649
2021-04-20 09:28:54,659.55,1510803
2021-04-20 09:28:55,659.4,1511190
2021-04-20 09:28:56,659.8,1513341
2021-04-20 09:28:57,659.3,1513524
2021-04-20 09:28:59,659.5,1514238
2021-04-20 09:29:00,659.2,1517603
2021-04-20 09:29:01,658.7,1519247
2021-04-20 09:29:02,658.9,1520418
2021-04-20 09:29:02,658.95,1520423
2021-04-20 09:29:03,658.85,1521690
2021-04-20 09:29:04,659.5,1524109
2021-04-20 09:29:06,659.2,1525239
2021-04-20 09:29:07,659.5,1525312
2021-04-20 09:29:08,659.35,1525659
2021-04-20 09:29:09,659.35,1525659
2021-04-20 09:29:10,659.25,1526146
2021-04-20 09:29:11,659.45,1526521
2021-04-20 09:29:13,659.5,1527692
2021-04-20 09:29:14,659.2,1527826
2021-04-20 09:29:15,659.2,1527830
2021-04-20 09:29:16,659.15,1529327
2021-04-20 09:29:16,659.15,1529327
2021-04-20 09:29:17,658.85,1530152
2021-04-20 09:29:18,658.7,1531659
2021-04-20 09:29:20,659.2,1532329
2021-04-20 09:29:21,659.1,1533117
2021-04-20 09:29:22,659.3,1533676
2021-04-20 09:29:23,658.95,1536262
2021-04-20 09:29:23,658.85,1536302
2021-04-20 09:29:24,659.0,1536330
2021-04-20 09:29:25,658.6,1537189
2021-04-20 09:29:26,658.9,1538103
2021-04-20 09:29:27,658.65,1538473
2021-04-20 09:29:28,658.8,1538740
2021-04-20 09:29:29,658.8,1539414
2021-04-20 09:29:31,659.0,1539870
2021-04-20 09:29:32,659.0,1541491
2021-04-20 09:29:33,659.2,1545268
2021-04-20 09:29:33,659.1,1546048
2021-04-20 09:29:34,659.1,1546381
2021-04-20 09:29:35,659.55,1547804
2021-04-20 09:29:36,659.75,1547970
2021-04-20 09:29:37,659.6,1547984
2021-04-20 09:29:39,659.8,1548024
2021-04-20 09:29:40,660.05,1558397
2021-04-20 09:29:41,660.2,1559511
2021-04-20 09:29:41,660.2,1559511
2021-04-20 09:29:42,660.05,1561968
2021-04-20 09:29:43,660.35,1563701
2021-04-20 09:29:44,660.5,1565226
2021-04-20 09:29:45,660.2,1565255
2021-04-20 09:29:46,660.25,1565802
2021-04-20 09:29:47,660.35,1565854
2021-04-20 09:29:48,660.45,1566174
2021-04-20 09:29:49,660.3,1566220
2021-04-20 09:29:50,660.25,1566642
2021-04-20 09:29:51,660.25,1566864
2021-04-20 09:29:52,660.25,1567463
2021-04-20 09:29:53,660.15,1568862
2021-04-20 09:29:54,660.1,1569429
2021-04-20 09:29:55,660.0,1570212
2021-04-20 09:29:56,659.9,1570489
2021-04-20 09:29:57,660.0,1570675
2021-04-20 09:29:58,659.8,1576277
2021-04-20 09:29:59,659.85,1577377
2021-04-20 09:30:02,659.9,1577427
2021-04-20 09:30:03,660.05,1577563
2021-04-20 09:30:04,660.15,1580344
2021-04-20 09:30:04,660.1,1580978
2021-04-20 09:30:05,660.2,1581311
2021-04-20 09:30:06,660.45,1581527
2021-04-20 09:30:08,660.2,1582161
2021-04-20 09:30:09,660.35,1583763
2021-04-20 09:30:10,660.4,1584323
2021-04-20 09:30:11,660.3,1589091
2021-04-20 09:30:11,660.3,1590027
2021-04-20 09:30:12,660.25,1593469
2021-04-20 09:30:13,660.2,1594266
2021-04-20 09:30:14,660.2,1595161
2021-04-20 09:30:15,660.1,1595740
2021-04-20 09:30:17,660.05,1596358
2021-04-20 09:30:18,659.85,1597494
2021-04-20 09:30:19,659.85,1597790
2021-04-20 09:30:20,659.9,1599335
2021-04-20 09:30:20,659.9,1599385
2021-04-20 09:30:21,659.9,1599705
2021-04-20 09:30:22,660.35,1604819
2021-04-20 09:30:23,660.0,1605605
2021-04-20 09:30:24,659.85,1606301
2021-04-20 09:30:25,659.9,1607021
2021-04-20 09:30:27,659.65,1607124
2021-04-20 09:30:29,660.05,1609732
2021-04-20 09:30:30,659.85,1609792
2021-04-20 09:30:31,659.9,1610300
2021-04-20 09:30:32,660.1,1611166
2021-04-20 09:30:34,660.4,1611687
2021-04-20 09:30:36,660.4,1612719
2021-04-20 09:30:37,660.4,1615847
2021-04-20 09:30:38,660.6,1618624
2021-04-20 09:30:39,660.8,1619524
2021-04-20 09:30:40,660.6,1620133
2021-04-20 09:30:41,660.9,1620544
2021-04-20 09:30:42,660.55,1621062
2021-04-20 09:30:43,660.55,1622012
2021-04-20 09:30:44,660.55,1622572
2021-04-20 09:30:44,660.8,1622973
2021-04-20 09:30:45,660.8,1622984
2021-04-20 09:30:46,660.8,1623412
2021-04-20 09:30:47,660.75,1623422
2021-04-20 09:30:48,660.85,1623732
2021-04-20 09:30:49,660.6,1624363
2021-04-20 09:30:50,660.55,1624469
2021-04-20 09:30:51,661.0,1627939
2021-04-20 09:30:52,660.9,1628886
2021-04-20 09:30:53,661.0,1629354
2021-04-20 09:30:54,660.8,1630555
2021-04-20 09:30:55,660.8,1631026
2021-04-20 09:30:56,660.8,1631371
2021-04-20 09:30:57,661.0,1631431
2021-04-20 09:30:59,660.95,1631445
2021-04-20 09:31:00,660.9,1634046
2021-04-20 09:31:01,661.0,1635420
2021-04-20 09:31:02,660.25,1639730
2021-04-20 09:31:03,660.4,1639882
2021-04-20 09:31:04,660.3,1640212
2021-04-20 09:31:05,660.1,1640805
2021-04-20 09:31:05,660.05,1640915
2021-04-20 09:31:06,660.35,1642658
2021-04-20 09:31:07,660.25,1642989
2021-04-20 09:31:08,660.2,1643721
2021-04-20 09:31:09,659.8,1649304
2021-04-20 09:31:10,660.15,1651622
2021-04-20 09:31:11,659.9,1652278
2021-04-20 09:31:12,660.15,1652529
2021-04-20 09:31:13,660.2,1652725
2021-04-20 09:31:14,659.95,1653725
2021-04-20 09:31:15,660.1,1653966
2021-04-20 09:31:16,660.25,1654537
2021-04-20 09:31:18,660.15,1655149
2021-04-20 09:31:19,660.0,1655233
2021-04-20 09:31:20,660.0,1655321
2021-04-20 09:31:21,660.0,1655335
2021-04-20 09:31:22,660.0,1655526
2021-04-20 09:31:23,660.0,1657717
2021-04-20 09:31:23,660.0,1658163
2021-04-20 09:31:24,659.8,1660659
2021-04-20 09:31:25,659.65,1662390
2021-04-20 09:31:27,659.85,1662833
2021-04-20 09:31:28,659.6,1663083
2021-04-20 09:31:29,659.85,1664567
2021-04-20 09:31:30,659.85,1664657
2021-04-20 09:31:31,659.6,1664859
2021-04-20 09:31:32,659.6,1664859
2021-04-20 09:31:33,659.7,1665166
2021-04-20 09:31:34,659.65,1665306
2021-04-20 09:31:34,659.8,1665291
2021-04-20 09:31:35,659.8,1665572
2021-04-20 09:31:36,659.65,1665672
2021-04-20 09:31:37,659.7,1665762
2021-04-20 09:31:38,659.65,1665833
2021-04-20 09:31:39,659.7,1666870
2021-04-20 09:31:40,659.65,1666939
2021-04-20 09:31:41,659.6,1668272
2021-04-20 09:31:43,659.7,1669078
2021-04-20 09:31:44,659.4,1669641
2021-04-20 09:31:45,659.4,1670468
2021-04-20 09:31:46,659.65,1670729
2021-04-20 09:31:47,659.4,1671173
2021-04-20 09:31:48,659.4,1671751
2021-04-20 09:31:49,659.45,1672011
2021-04-20 09:31:51,659.4,1672307
2021-04-20 09:31:52,659.4,1672407
2021-04-20 09:31:53,659.65,1672877
2021-04-20 09:31:54,659.5,1673028
2021-04-20 09:31:55,659.55,1673900
2021-04-20 09:31:56,659.65,1674002
2021-04-20 09:31:57,659.65,1674068
2021-04-20 09:31:58,659.65,1674149
2021-04-20 09:31:59,659.65,1674149
2021-04-20 09:32:00,659.65,1674281
2021-04-20 09:32:00,659.6,1674431
2021-04-20 09:32:01,659.65,1675413
2021-04-20 09:32:02,659.65,1675891
2021-04-20 09:32:03,659.65,1676000
2021-04-20 09:32:04,659.5,1676746
2021-04-20 09:32:05,659.5,1681655
2021-04-20 09:32:07,659.4,1682669
2021-04-20 09:32:08,659.5,1682819
2021-04-20 09:32:10,659.45,1683733
2021-04-20 09:32:11,659.4,1684311
2021-04-20 09:32:12,659.3,1685866
2021-04-20 09:32:12,659.2,1686143
2021-04-20 09:32:13,659.4,1686154
2021-04-20 09:32:14,659.4,1686486
2021-04-20 09:32:15,659.4,1686640
2021-04-20 09:32:16,659.1,1686748
2021-04-20 09:32:17,659.3,1686829
2021-04-20 09:32:18,659.2,1687484
2021-04-20 09:32:19,659.3,1687732
2021-04-20 09:32:20,659.3,1688455
2021-04-20 09:32:21,659.3,1688560
2021-04-20 09:32:23,659.2,1688847
2021-04-20 09:32:24,659.15,1691735
2021-04-20 09:32:25,659.1,1692253
2021-04-20 09:32:26,659.1,1692918
2021-04-20 09:32:27,659.1,1693503
2021-04-20 09:32:28,659.3,1693584
2021-04-20 09:32:29,659.3,1696496
2021-04-20 09:32:30,659.35,1697647
2021-04-20 09:32:31,659.4,1697757
2021-04-20 09:32:32,659.4,1697842
2021-04-20 09:32:33,659.55,1697862
2021-04-20 09:32:34,659.4,1697887
2021-04-20 09:32:35,659.5,1698087
2021-04-20 09:32:36,659.4,1698109
2021-04-20 09:32:37,659.55,1698145
2021-04-20 09:32:38,659.4,1698482
2021-04-20 09:32:39,659.45,1698533
2021-04-20 09:32:40,659.5,1700616
2021-04-20 09:32:40,659.4,1701067
2021-04-20 09:32:41,659.35,1701402
2021-04-20 09:32:42,659.3,1702115
2021-04-20 09:32:43,659.35,1702415
2021-04-20 09:32:44,659.4,1702820
2021-04-20 09:32:45,659.5,1703350
2021-04-20 09:32:46,659.45,1703451
2021-04-20 09:32:47,659.35,1703551
2021-04-20 09:32:49,659.6,1704825
2021-04-20 09:32:50,659.6,1705382
2021-04-20 09:32:51,659.6,1705608
2021-04-20 09:32:52,659.45,1706164
2021-04-20 09:32:53,659.6,1706175
2021-04-20 09:32:54,659.65,1706207
2021-04-20 09:32:55,659.65,1706227
2021-04-20 09:32:56,659.35,1706804
2021-04-20 09:32:57,659.55,1709177
2021-04-20 09:32:58,659.2,1709497
2021-04-20 09:32:59,659.25,1709819
2021-04-20 09:33:00,659.25,1709819
2021-04-20 09:33:01,659.4,1709832
2021-04-20 09:33:02,659.25,1709940
2021-04-20 09:33:03,659.35,1710045
2021-04-20 09:33:04,659.35,1710155
2021-04-20 09:33:05,659.4,1710166
2021-04-20 09:33:05,659.4,1710166
2021-04-20 09:33:06,659.25,1710226
2021-04-20 09:33:07,659.25,1710827
2021-04-20 09:33:09,659.25,1711223
2021-04-20 09:33:10,659.3,1711426
2021-04-20 09:33:11,659.35,1711476
2021-04-20 09:33:12,659.35,1711476
2021-04-20 09:33:13,659.35,1711546
2021-04-20 09:33:14,659.3,1711766
2021-04-20 09:33:15,659.3,1711896
2021-04-20 09:33:16,659.3,1712146
2021-04-20 09:33:18,659.3,1712579
2021-04-20 09:33:19,659.35,1712589
2021-04-20 09:33:20,659.3,1712600
2021-04-20 09:33:21,659.35,1712610
2021-04-20 09:33:22,659.35,1713678
2021-04-20 09:33:23,659.35,1715943
2021-04-20 09:33:24,659.35,1716431
2021-04-20 09:33:25,659.35,1716497
2021-04-20 09:33:26,659.3,1716930
2021-04-20 09:33:27,659.35,1716935
2021-04-20 09:33:27,659.35,1716935
2021-04-20 09:33:28,659.3,1717141
2021-04-20 09:33:29,659.35,1717252
2021-04-20 09:33:30,659.35,1717487
2021-04-20 09:33:31,659.35,1717643
2021-04-20 09:33:32,659.35,1722334
2021-04-20 09:33:33,659.4,1723166
2021-04-20 09:33:34,659.4,1723166
2021-04-20 09:33:36,659.4,1723166
2021-04-20 09:33:37,659.4,1723486
2021-04-20 09:33:38,659.4,1723580
2021-04-20 09:33:39,659.4,1723880
2021-04-20 09:33:40,659.4,1724030
2021-04-20 09:33:41,659.4,1724047
2021-04-20 09:33:42,659.35,1724116
2021-04-20 09:33:42,659.35,1724116
2021-04-20 09:33:44,659.35,1724855
2021-04-20 09:33:45,659.4,1724915
2021-04-20 09:33:46,659.35,1727139
2021-04-20 09:33:47,659.25,1727240
2021-04-20 09:33:48,659.35,1727865
2021-04-20 09:33:49,659.35,1728388
2021-04-20 09:33:50,659.25,1728415
2021-04-20 09:33:51,659.2,1728732
2021-04-20 09:33:52,659.35,1728772
2021-04-20 09:33:53,659.2,1729991
2021-04-20 09:33:53,659.2,1729991
2021-04-20 09:33:54,659.1,1730061
2021-04-20 09:33:55,658.65,1737486
2021-04-20 09:33:56,658.6,1737504
2021-04-20 09:33:57,658.6,1738323
2021-04-20 09:33:58,658.8,1738848
2021-04-20 09:33:59,658.6,1738853
2021-04-20 09:34:00,658.55,1739475
2021-04-20 09:34:01,658.8,1739510
2021-04-20 09:34:03,658.75,1739545
2021-04-20 09:34:04,658.75,1739645
2021-04-20 09:34:05,658.8,1739707
2021-04-20 09:34:06,658.8,1739726
2021-04-20 09:34:07,658.75,1739851
2021-04-20 09:34:08,658.8,1740051
2021-04-20 09:34:09,658.8,1742384
2021-04-20 09:34:10,658.8,1742384
2021-04-20 09:34:11,658.8,1742876
2021-04-20 09:34:12,658.85,1742896
2021-04-20 09:34:13,658.85,1743232
2021-04-20 09:34:14,658.9,1743403
2021-04-20 09:34:15,658.85,1743516
2021-04-20 09:34:15,658.85,1743526
2021-04-20 09:34:16,658.85,1743551
2021-04-20 09:34:17,659.0,1743562
2021-04-20 09:34:18,659.0,1743562
2021-04-20 09:34:20,658.85,1744079
2021-04-20 09:34:21,658.85,1744457
2021-04-20 09:34:22,659.0,1744758
2021-04-20 09:34:23,659.0,1744778
2021-04-20 09:34:24,659.0,1744778
2021-04-20 09:34:25,659.0,1744788
2021-04-20 09:34:26,658.95,1744823
2021-04-20 09:34:27,659.0,1747331
2021-04-20 09:34:28,659.05,1747634
2021-04-20 09:34:29,659.05,1748299
2021-04-20 09:34:30,659.0,1748681
2021-04-20 09:34:30,659.0,1748684
2021-04-20 09:34:31,659.0,1748699
2021-04-20 09:34:32,658.95,1748789
2021-04-20 09:34:33,659.0,1749080
2021-04-20 09:34:34,658.95,1749546
2021-04-20 09:34:36,658.95,1750265
2021-04-20 09:34:37,658.8,1753935
2021-04-20 09:34:38,658.8,1754570
2021-04-20 09:34:39,658.95,1755372
2021-04-20 09:34:40,658.8,1755663
2021-04-20 09:34:41,658.9,1755940
2021-04-20 09:34:42,658.85,1756410
2021-04-20 09:34:43,658.9,1756703
2021-04-20 09:34:44,658.9,1756911
2021-04-20 09:34:44,658.9,1756911
2021-04-20 09:34:46,658.9,1756922
2021-04-20 09:34:47,659.0,1757542
2021-04-20 09:34:48,658.5,1771598
2021-04-20 09:34:49,658.65,1771858
2021-04-20 09:34:50,658.8,1772311
2021-04-20 09:34:51,658.5,1774052
2021-04-20 09:34:52,658.5,1774584
2021-04-20 09:34:53,658.5,1774802
2021-04-20 09:34:54,658.75,1775444
2021-04-20 09:34:55,658.65,1775601
2021-04-20 09:34:56,658.6,1776041
2021-04-20 09:34:57,658.75,1776857
2021-04-20 09:34:58,658.75,1776964
2021-04-20 09:34:59,658.85,1777289
2021-04-20 09:35:01,658.7,1778633
2021-04-20 09:35:02,658.75,1778971
2021-04-20 09:35:03,658.65,1778985
2021-04-20 09:35:03,658.65,1778985
2021-04-20 09:35:04,658.65,1778996
2021-04-20 09:35:06,658.65,1779100
2021-04-20 09:35:07,658.7,1779417
2021-04-20 09:35:08,658.75,1779646
2021-04-20 09:35:09,658.95,1784906
2021-04-20 09:35:10,658.95,1785887
2021-04-20 09:35:11,658.95,1786138
2021-04-20 09:35:12,658.95,1786590
2021-04-20 09:35:13,659.0,1786905
2021-04-20 09:35:14,659.2,1787557
2021-04-20 09:35:15,659.2,1787562
2021-04-20 09:35:16,659.15,1787606
2021-04-20 09:35:17,659.05,1787953
2021-04-20 09:35:18,659.3,1788655
2021-04-20 09:35:19,659.3,1789230
2021-04-20 09:35:20,659.25,1789345
2021-04-20 09:35:21,659.5,1791926
2021-04-20 09:35:22,659.9,1792604
2021-04-20 09:35:23,659.6,1793072
2021-04-20 09:35:24,660.0,1800082
2021-04-20 09:35:25,659.85,1801023
2021-04-20 09:35:26,659.95,1802411
2021-04-20 09:35:27,659.9,1802505
2021-04-20 09:35:28,659.55,1802734
2021-04-20 09:35:29,659.5,1803077
2021-04-20 09:35:30,659.35,1803700
2021-04-20 09:35:31,659.35,1804081
2021-04-20 09:35:32,659.4,1804590
2021-04-20 09:35:33,659.4,1804671
2021-04-20 09:35:34,659.1,1804832
2021-04-20 09:35:35,659.1,1805127
2021-04-20 09:35:36,659.35,1805347
2021-04-20 09:35:37,659.25,1805357
2021-04-20 09:35:38,659.3,1806235
2021-04-20 09:35:39,659.2,1806400
2021-04-20 09:35:40,659.0,1807956
2021-04-20 09:35:41,658.75,1809382
2021-04-20 09:35:42,659.2,1811502
2021-04-20 09:35:43,658.85,1812126
2021-04-20 09:35:44,659.05,1812127
2021-04-20 09:35:45,658.75,1812487
2021-04-20 09:35:46,658.9,1812532
2021-04-20 09:35:47,659.0,1812734
2021-04-20 09:35:48,658.7,1814796
2021-04-20 09:35:49,658.5,1815317
2021-04-20 09:35:50,658.3,1817300
2021-04-20 09:35:51,658.5,1817750
2021-04-20 09:35:52,658.15,1818761
2021-04-20 09:35:53,658.3,1824126
2021-04-20 09:35:54,658.4,1826322
2021-04-20 09:35:55,658.0,1827676
2021-04-20 09:35:56,658.25,1828926
2021-04-20 09:35:57,658.45,1829436
2021-04-20 09:35:58,658.05,1829507
2021-04-20 09:35:59,658.0,1829889
2021-04-20 09:36:00,658.0,1830100
2021-04-20 09:36:02,658.0,1830514
2021-04-20 09:36:01,658.0,1830479
2021-04-20 09:36:03,657.9,1835804
2021-04-20 09:36:05,657.9,1836895
2021-04-20 09:36:06,657.8,1837884
2021-04-20 09:36:07,657.65,1838388
2021-04-20 09:36:08,657.9,1838425
2021-04-20 09:36:09,657.8,1838888
2021-04-20 09:36:10,657.9,1838889
2021-04-20 09:36:11,657.8,1839320
2021-04-20 09:36:12,657.55,1839894
2021-04-20 09:36:13,657.65,1840146
2021-04-20 09:36:14,657.75,1840161
2021-04-20 09:36:15,657.55,1840211
2021-04-20 09:36:16,657.65,1841702
2021-04-20 09:36:17,657.6,1842058
2021-04-20 09:36:18,657.65,1842766
2021-04-20 09:36:19,657.7,1845077
2021-04-20 09:36:20,657.8,1845912
2021-04-20 09:36:21,658.0,1846912
2021-04-20 09:36:22,657.9,1848112
2021-04-20 09:36:23,657.85,1848709
2021-04-20 09:36:24,657.85,1849102
2021-04-20 09:36:25,657.95,1849282
2021-04-20 09:36:26,658.0,1849430
2021-04-20 09:36:27,658.0,1850130
2021-04-20 09:36:28,658.0,1850492
2021-04-20 09:36:29,657.7,1851027
2021-04-20 09:36:30,657.95,1851195
2021-04-20 09:36:32,657.9,1852241
2021-04-20 09:36:33,658.0,1852760
2021-04-20 09:36:34,658.0,1852780
2021-04-20 09:36:35,658.2,1853905
2021-04-20 09:36:36,658.0,1854549
2021-04-20 09:36:37,658.25,1854586
2021-04-20 09:36:38,658.0,1854694
2021-04-20 09:36:39,657.9,1854739
2021-04-20 09:36:40,658.1,1854963
2021-04-20 09:36:41,658.0,1856410
2021-04-20 09:36:42,658.2,1856411
2021-04-20 09:36:43,658.15,1856657
2021-04-20 09:36:44,658.65,1857888
2021-04-20 09:36:45,658.75,1858578
2021-04-20 09:36:46,658.4,1859216
2021-04-20 09:36:47,658.55,1859372
2021-04-20 09:36:48,658.65,1859426
2021-04-20 09:36:50,658.9,1864711
2021-04-20 09:36:51,658.75,1865492
2021-04-20 09:36:52,658.9,1865523
2021-04-20 09:36:53,658.75,1865780
2021-04-20 09:36:54,658.9,1865791
2021-04-20 09:36:55,659.1,1867804
2021-04-20 09:36:56,659.2,1868367
2021-04-20 09:36:57,659.1,1868493
2021-04-20 09:36:58,659.1,1868798
2021-04-20 09:36:59,659.1,1868813
2021-04-20 09:37:00,659.2,1869721
2021-04-20 09:37:01,658.9,1871354
2021-04-20 09:37:02,658.95,1872207
2021-04-20 09:37:03,658.9,1874079
2021-04-20 09:37:04,658.15,1886211
2021-04-20 09:37:05,658.3,1886797
2021-04-20 09:37:06,658.1,1888127
2021-04-20 09:37:07,658.1,1888783
2021-04-20 09:37:08,658.1,1888796
2021-04-20 09:37:09,658.4,1889287
2021-04-20 09:37:10,658.45,1890008
2021-04-20 09:37:11,658.5,1890690
2021-04-20 09:37:12,658.2,1892574
2021-04-20 09:37:13,658.55,1892720
2021-04-20 09:37:14,658.05,1897005
2021-04-20 09:37:15,658.0,1897041
2021-04-20 09:37:16,658.0,1897146
2021-04-20 09:37:19,658.0,1902723
2021-04-20 09:37:20,657.85,1903023
2021-04-20 09:37:21,658.05,1903138
2021-04-20 09:37:23,657.7,1904846
2021-04-20 09:37:24,657.7,1905010
2021-04-20 09:37:25,657.6,1905179
2021-04-20 09:37:26,657.75,1905481
2021-04-20 09:37:28,657.55,1908021
2021-04-20 09:37:29,657.5,1910044
2021-04-20 09:37:30,657.4,1910645
2021-04-20 09:37:32,657.4,1911278
2021-04-20 09:37:32,657.4,1911319
2021-04-20 09:37:33,657.6,1911338
2021-04-20 09:37:34,657.5,1911828
2021-04-20 09:37:35,658.0,1915329
2021-04-20 09:37:36,658.05,1916055
2021-04-20 09:37:37,658.25,1916848
2021-04-20 09:37:38,658.3,1916854
2021-04-20 09:37:39,658.7,1919049
2021-04-20 09:37:40,659.0,1922415
2021-04-20 09:37:42,658.75,1922902
2021-04-20 09:37:42,658.75,1922902
2021-04-20 09:37:43,658.7,1923008
2021-04-20 09:37:44,658.7,1923010
2021-04-20 09:37:45,658.35,1925518
2021-04-20 09:37:46,658.1,1926186
2021-04-20 09:37:47,658.25,1926211
2021-04-20 09:37:48,658.1,1929213
2021-04-20 09:37:49,658.35,1930651
2021-04-20 09:37:50,658.5,1930729
2021-04-20 09:37:52,658.25,1932785
2021-04-20 09:37:52,658.25,1932785
2021-04-20 09:37:53,658.35,1933264
2021-04-20 09:37:54,658.35,1933337
2021-04-20 09:37:55,658.45,1934937
2021-04-20 09:37:56,658.15,1935254
2021-04-20 09:37:57,658.35,1935265
2021-04-20 09:37:58,658.2,1935266
2021-04-20 09:38:00,658.2,1938217
2021-04-20 09:38:01,658.15,1938991
2021-04-20 09:38:02,658.15,1939357
2021-04-20 09:38:03,658.15,1939387
2021-04-20 09:38:04,658.2,1939590
2021-04-20 09:38:05,658.15,1939637
2021-04-20 09:38:06,658.35,1940832
2021-04-20 09:38:07,658.2,1940836
2021-04-20 09:38:08,658.15,1941176
2021-04-20 09:38:09,658.1,1944368
2021-04-20 09:38:10,657.75,1944988
2021-04-20 09:38:11,657.6,1945375
2021-04-20 09:38:12,657.5,1947975
2021-04-20 09:38:13,657.5,1947991
2021-04-20 09:38:14,657.5,1948782
2021-04-20 09:38:16,657.75,1949324
2021-04-20 09:38:16,657.75,1949324
2021-04-20 09:38:17,657.75,1950348
2021-04-20 09:38:18,657.5,1953127
2021-04-20 09:38:20,657.5,1954731
2021-04-20 09:38:22,657.65,1955352
2021-04-20 09:38:23,657.35,1956461
2021-04-20 09:38:24,657.45,1957272
2021-04-20 09:38:26,657.35,1959825
2021-04-20 09:38:26,657.35,1960449
2021-04-20 09:38:27,657.45,1960554
2021-04-20 09:38:28,657.45,1960613
2021-04-20 09:38:29,658.45,1969186
2021-04-20 09:38:30,658.35,1973234
2021-04-20 09:38:31,658.5,1975579
2021-04-20 09:38:32,658.5,1975925
2021-04-20 09:38:33,658.45,1976218
2021-04-20 09:38:34,658.95,1984748
2021-04-20 09:38:35,658.75,1986775
2021-04-20 09:38:36,658.7,1986831
2021-04-20 09:38:37,658.9,1987009
2021-04-20 09:38:38,659.1,2016020
2021-04-20 09:38:39,659.15,2017884
2021-04-20 09:38:40,659.0,2018814
2021-04-20 09:38:41,658.55,2018913
2021-04-20 09:38:42,658.45,2020026
2021-04-20 09:38:44,658.35,2020875
2021-04-20 09:38:44,658.35,2020875
2021-04-20 09:38:45,658.4,2022127
2021-04-20 09:38:46,658.55,2022534
2021-04-20 09:38:47,658.6,2026503
2021-04-20 09:38:48,658.55,2027291
2021-04-20 09:38:49,658.6,2027661
2021-04-20 09:38:50,658.5,2027667
2021-04-20 09:38:52,658.4,2028160
2021-04-20 09:38:53,658.2,2028177
2021-04-20 09:38:53,658.45,2028302
2021-04-20 09:38:54,658.5,2028595
2021-04-20 09:38:55,658.5,2028845
2021-04-20 09:38:56,658.5,2028974
2021-04-20 09:38:58,658.45,2029435
2021-04-20 09:38:58,658.45,2029437
2021-04-20 09:38:59,657.95,2033301
2021-04-20 09:39:00,657.9,2033524
2021-04-20 09:39:01,657.6,2035111
2021-04-20 09:39:02,657.65,2035125
2021-04-20 09:39:03,657.5,2041603
2021-04-20 09:39:04,657.5,2042545
2021-04-20 09:39:05,657.1,2068481
2021-04-20 09:39:06,657.15,2070719
2021-04-20 09:39:07,657.1,2077125
2021-04-20 09:39:09,657.05,2078089
2021-04-20 09:39:09,657.0,2078028
2021-04-20 09:39:10,657.35,2078099
2021-04-20 09:39:11,657.55,2079538
2021-04-20 09:39:12,657.5,2079645
2021-04-20 09:39:13,657.5,2080242
2021-04-20 09:39:14,657.45,2081349
2021-04-20 09:39:15,657.4,2082046
2021-04-20 09:39:16,657.4,2082252
2021-04-20 09:39:18,657.55,2082393
2021-04-20 09:39:18,657.55,2082393
2021-04-20 09:39:19,657.4,2085012
2021-04-20 09:39:20,657.5,2086460
2021-04-20 09:39:21,657.5,2086872
2021-04-20 09:39:22,657.4,2087029
2021-04-20 09:39:23,657.4,2087034
2021-04-20 09:39:24,657.05,2089728
2021-04-20 09:39:25,657.05,2089883
2021-04-20 09:39:26,657.0,2090789
2021-04-20 09:39:27,657.0,2090959
2021-04-20 09:39:29,657.25,2091728
2021-04-20 09:39:29,657.25,2091728
2021-04-20 09:39:30,657.05,2092768
2021-04-20 09:39:31,657.0,2093136
2021-04-20 09:39:32,657.0,2093303
2021-04-20 09:39:33,657.1,2093474
2021-04-20 09:39:35,657.1,2094170
2021-04-20 09:39:36,657.05,2094601
2021-04-20 09:39:37,657.3,2095299
2021-04-20 09:39:37,657.3,2095299
2021-04-20 09:39:38,657.8,2101477
2021-04-20 09:39:39,657.65,2103025
2021-04-20 09:39:40,657.6,2103476
2021-04-20 09:39:41,658.4,2105597
2021-04-20 09:39:42,658.25,2106551
2021-04-20 09:39:43,658.05,2106929
2021-04-20 09:39:44,658.0,2108457
2021-04-20 09:39:46,657.85,2109202
2021-04-20 09:39:47,658.45,2109777
2021-04-20 09:39:48,658.2,2109943
2021-04-20 09:39:48,657.9,2110806
2021-04-20 09:39:49,657.65,2111788
2021-04-20 09:39:51,658.0,2112918
2021-04-20 09:39:52,658.05,2115042
2021-04-20 09:39:53,658.05,2115103
2021-04-20 09:39:53,658.05,2115103
2021-04-20 09:39:54,658.15,2119187
2021-04-20 09:39:55,658.0,2120943
2021-04-20 09:39:56,658.05,2121253
2021-04-20 09:39:57,658.0,2121322
2021-04-20 09:39:58,658.1,2121372
2021-04-20 09:39:59,658.15,2121378
2021-04-20 09:40:00,658.35,2122380
2021-04-20 09:40:01,658.3,2122448
2021-04-20 09:40:03,658.3,2124306
2021-04-20 09:40:04,658.35,2124829
2021-04-20 09:40:05,658.25,2125437
2021-04-20 09:40:06,658.25,2126186
2021-04-20 09:40:06,658.25,2126186
2021-04-20 09:40:07,658.1,2126513
2021-04-20 09:40:08,658.2,2126623
2021-04-20 09:40:09,658.2,2126844
2021-04-20 09:40:10,658.3,2127354
2021-04-20 09:40:11,658.25,2127456
2021-04-20 09:40:12,658.25,2127887
2021-04-20 09:40:14,658.05,2127952
2021-04-20 09:40:14,658.05,2128035
2021-04-20 09:40:16,658.05,2128852
2021-04-20 09:40:17,658.15,2134588
2021-04-20 09:40:18,658.15,2135991
2021-04-20 09:40:18,658.3,2136242
2021-04-20 09:40:19,658.2,2136247
2021-04-20 09:40:20,658.2,2136253
2021-04-20 09:40:21,658.2,2136269
2021-04-20 09:40:22,658.15,2136335
2021-04-20 09:40:23,658.2,2138129
2021-04-20 09:40:24,658.2,2138138
2021-04-20 09:40:25,658.15,2138408
2021-04-20 09:40:26,657.5,2150857
2021-04-20 09:40:28,657.3,2151378
2021-04-20 09:40:29,657.2,2153153
2021-04-20 09:40:30,657.2,2153219
2021-04-20 09:40:30,657.2,2153220
2021-04-20 09:40:31,657.05,2160171
2021-04-20 09:40:32,657.0,2160317
2021-04-20 09:40:33,657.25,2161313
2021-04-20 09:40:34,657.25,2161526
2021-04-20 09:40:35,657.25,2161615
2021-04-20 09:40:36,657.05,2162468
2021-04-20 09:40:38,657.1,2162707
2021-04-20 09:40:39,657.15,2163134
2021-04-20 09:40:40,657.15,2163367
2021-04-20 09:40:41,657.4,2163486
2021-04-20 09:40:41,657.25,2163488
2021-04-20 09:40:42,657.4,2163501
2021-04-20 09:40:43,657.25,2163858
2021-04-20 09:40:44,657.4,2165910
2021-04-20 09:40:45,657.35,2167596
2021-04-20 09:40:46,657.4,2167903
2021-04-20 09:40:47,657.35,2168659
2021-04-20 09:40:48,657.35,2168667
2021-04-20 09:40:50,657.4,2169101
2021-04-20 09:40:51,657.4,2169110
2021-04-20 09:40:51,657.4,2169112
2021-04-20 09:40:52,657.4,2169173
2021-04-20 09:40:53,657.4,2169241
2021-04-20 09:40:54,657.4,2170223
2021-04-20 09:40:55,657.4,2170383
2021-04-20 09:40:56,657.4,2170758
2021-04-20 09:40:58,657.55,2171049
2021-04-20 09:40:59,657.4,2171074
2021-04-20 09:41:00,657.4,2171685
2021-04-20 09:41:00,657.4,2171583
2021-04-20 09:41:02,657.3,2174628
2021-04-20 09:41:03,657.2,2174902
2021-04-20 09:41:04,657.2,2175028
2021-04-20 09:41:05,657.2,2175128
2021-04-20 09:41:06,657.2,2175250
2021-04-20 09:41:07,657.3,2175284
2021-04-20 09:41:09,657.3,2175337
2021-04-20 09:41:10,657.3,2175359
2021-04-20 09:41:10,657.2,2177864
2021-04-20 09:41:12,657.2,2178072
2021-04-20 09:41:13,657.2,2178870
2021-04-20 09:41:14,657.2,2178889
2021-04-20 09:41:14,657.3,2178895
2021-04-20 09:41:15,657.2,2178910
2021-04-20 09:41:16,657.2,2178914
2021-04-20 09:41:17,657.2,2179119
2021-04-20 09:41:18,657.3,2183098
2021-04-20 09:41:19,657.2,2183576
2021-04-20 09:41:20,657.4,2183586
2021-04-20 09:41:21,657.65,2188748
2021-04-20 09:41:22,657.35,2190096
2021-04-20 09:41:23,657.4,2190115
2021-04-20 09:41:25,657.4,2190115
2021-04-20 09:41:26,657.45,2191136
2021-04-20 09:41:27,657.6,2191287
2021-04-20 09:41:28,657.45,2191294
2021-04-20 09:41:28,657.45,2191294
2021-04-20 09:41:29,657.75,2191308
2021-04-20 09:41:30,657.75,2191308
2021-04-20 09:41:31,657.55,2191419
2021-04-20 09:41:32,657.55,2191754
2021-04-20 09:41:33,657.55,2192843
2021-04-20 09:41:34,658.15,2200380
2021-04-20 09:41:35,657.95,2201656
2021-04-20 09:41:36,657.75,2201672
2021-04-20 09:41:38,658.3,2204673
2021-04-20 09:41:39,658.3,2206139
2021-04-20 09:41:40,658.15,2206279
2021-04-20 09:41:40,658.3,2206281
2021-04-20 09:41:41,658.3,2206312
2021-04-20 09:41:42,658.15,2206502
2021-04-20 09:41:44,658.3,2206517
2021-04-20 09:41:45,658.3,2210716
2021-04-20 09:41:46,658.3,2210825
2021-04-20 09:41:46,658.3,2210928
2021-04-20 09:41:47,658.3,2211149
2021-04-20 09:41:48,658.3,2212877
2021-04-20 09:41:50,658.2,2212919
2021-04-20 09:41:51,658.3,2213430
2021-04-20 09:41:52,658.45,2214859
2021-04-20 09:41:53,658.25,2221429
2021-04-20 09:41:53,658.0,2221427
2021-04-20 09:41:54,658.3,2221793
2021-04-20 09:41:55,658.05,2222099
2021-04-20 09:41:57,658.0,2222572
2021-04-20 09:41:58,658.0,2222628
2021-04-20 09:41:59,658.0,2223407
2021-04-20 09:41:59,658.0,2223407
2021-04-20 09:42:00,658.2,2223626
2021-04-20 09:42:02,658.1,2223969
2021-04-20 09:42:03,658.0,2224041
2021-04-20 09:42:04,657.8,2231349
2021-04-20 09:42:04,657.8,2231349
2021-04-20 09:42:06,657.6,2233493
2021-04-20 09:42:08,657.6,2233556
2021-04-20 09:42:09,657.75,2233747
2021-04-20 09:42:10,657.5,2236728
2021-04-20 09:42:11,657.25,2236840
2021-04-20 09:42:11,657.45,2236836
2021-04-20 09:42:12,657.3,2237256
2021-04-20 09:42:13,657.45,2237340
2021-04-20 09:42:15,657.55,2237942
2021-04-20 09:42:16,657.55,2238055
2021-04-20 09:42:17,657.55,2238076
2021-04-20 09:42:17,657.55,2238076
2021-04-20 09:42:18,657.65,2238140
2021-04-20 09:42:20,657.7,2238454
2021-04-20 09:42:21,657.8,2238841
2021-04-20 09:42:22,657.75,2238852
2021-04-20 09:42:22,657.8,2238966
2021-04-20 09:42:23,657.8,2239030
2021-04-20 09:42:25,657.8,2239108
2021-04-20 09:42:26,657.8,2239246
2021-04-20 09:42:27,657.8,2239756
2021-04-20 09:42:27,657.8,2239756
2021-04-20 09:42:28,657.8,2239794
2021-04-20 09:42:30,657.75,2239947
2021-04-20 09:42:31,657.75,2240413
2021-04-20 09:42:32,657.8,2240615
2021-04-20 09:42:32,657.8,2240630
2021-04-20 09:42:33,657.85,2240763
2021-04-20 09:42:34,657.8,2241487
2021-04-20 09:42:36,657.9,2241547
2021-04-20 09:42:37,657.9,2241801
2021-04-20 09:42:38,658.0,2247252
2021-04-20 09:42:39,658.6,2255251
2021-04-20 09:42:39,658.6,2255251
2021-04-20 09:42:40,658.4,2255416
2021-04-20 09:42:42,658.55,2255521
2021-04-20 09:42:43,658.6,2256677
2021-04-20 09:42:44,658.75,2257728
2021-04-20 09:42:44,658.75,2257738
2021-04-20 09:42:45,658.85,2258989
2021-04-20 09:42:47,658.65,2260189
2021-04-20 09:42:48,658.65,2260979
2021-04-20 09:42:49,658.9,2261768
2021-04-20 09:42:49,658.9,2261089
2021-04-20 09:42:50,658.65,2263477
2021-04-20 09:42:51,658.65,2264713
2021-04-20 09:42:52,658.65,2264713
2021-04-20 09:42:54,658.7,2265025
2021-04-20 09:42:55,658.7,2265158
2021-04-20 09:42:56,658.7,2265636
2021-04-20 09:42:56,658.7,2265636
2021-04-20 09:42:57,658.75,2266649
2021-04-20 09:42:59,658.8,2268259
2021-04-20 09:43:00,659.1,2286320
2021-04-20 09:43:01,659.1,2287432
2021-04-20 09:43:01,659.1,2287418
2021-04-20 09:43:02,659.1,2287533
2021-04-20 09:43:03,659.1,2287653
2021-04-20 09:43:05,659.15,2287666
2021-04-20 09:43:06,659.25,2289193
2021-04-20 09:43:07,659.1,2289355
2021-04-20 09:43:08,659.1,2289407
2021-04-20 09:43:09,659.25,2289627
2021-04-20 09:43:09,659.25,2289627
2021-04-20 09:43:10,659.2,2291256
2021-04-20 09:43:11,659.4,2291596
2021-04-20 09:43:13,659.3,2291597
2021-04-20 09:43:14,659.45,2292233
2021-04-20 09:43:15,659.45,2292993
2021-04-20 09:43:16,659.45,2293364
2021-04-20 09:43:17,659.3,2295057
2021-04-20 09:43:18,659.4,2295079
2021-04-20 09:43:18,659.4,2295079
2021-04-20 09:43:19,659.55,2295456
2021-04-20 09:43:21,659.45,2296173
2021-04-20 09:43:22,659.5,2296183
2021-04-20 09:43:23,659.45,2296635
2021-04-20 09:43:24,659.9,2301809
2021-04-20 09:43:24,659.8,2302931
2021-04-20 09:43:25,659.75,2307943
2021-04-20 09:43:27,659.85,2308643
2021-04-20 09:43:28,659.75,2309338
2021-04-20 09:43:29,659.85,2314695
2021-04-20 09:43:30,659.95,2316177
2021-04-20 09:43:31,659.95,2316182
2021-04-20 09:43:31,659.95,2316182
2021-04-20 09:43:32,660.2,2328421
2021-04-20 09:43:34,660.25,2333100
2021-04-20 09:43:35,660.2,2334070
2021-04-20 09:43:36,659.95,2334772
2021-04-20 09:43:36,660.05,2334275
2021-04-20 09:43:37,659.9,2335423
2021-04-20 09:43:38,659.9,2335660
2021-04-20 09:43:39,660.0,2339957
2021-04-20 09:43:40,660.0,2340747
2021-04-20 09:43:41,660.2,2340874
2021-04-20 09:43:43,659.95,2343749
2021-04-20 09:43:44,659.95,2343749
2021-04-20 09:43:45,660.1,2344171
2021-04-20 09:43:46,660.1,2344175
2021-04-20 09:43:47,660.15,2345154
2021-04-20 09:43:47,660.15,2345154
2021-04-20 09:43:48,659.9,2345188
2021-04-20 09:43:50,659.85,2350287
2021-04-20 09:43:51,659.75,2351153
2021-04-20 09:43:52,660.1,2352077
2021-04-20 09:43:53,660.1,2355383
2021-04-20 09:43:54,659.95,2355634
2021-04-20 09:43:55,659.95,2355634
2021-04-20 09:43:55,659.8,2355834
2021-04-20 09:43:57,660.1,2357040
2021-04-20 09:43:58,659.85,2357398
2021-04-20 09:43:59,660.05,2360936
2021-04-20 09:44:00,660.4,2361712
2021-04-20 09:44:01,660.15,2362705
2021-04-20 09:44:02,660.15,2362779
2021-04-20 09:44:03,660.35,2362832
2021-04-20 09:44:04,660.15,2363005
2021-04-20 09:44:04,660.15,2363250
2021-04-20 09:44:06,660.0,2363630
2021-04-20 09:44:07,660.0,2363948
2021-04-20 09:44:08,660.25,2364098
2021-04-20 09:44:09,660.15,2365197
2021-04-20 09:44:10,660.0,2365965
2021-04-20 09:44:11,660.3,2365982
2021-04-20 09:44:11,660.3,2365982
2021-04-20 09:44:13,660.15,2366183
2021-04-20 09:44:14,660.3,2366344
2021-04-20 09:44:15,660.4,2366702
2021-04-20 09:44:16,660.4,2367502
2021-04-20 09:44:17,660.35,2368131
2021-04-20 09:44:17,660.25,2368133
2021-04-20 09:44:18,660.25,2368445
2021-04-20 09:44:19,660.3,2368508
2021-04-20 09:44:21,660.4,2369255
2021-04-20 09:44:22,660.25,2369890
2021-04-20 09:44:23,660.25,2370046
2021-04-20 09:44:24,660.45,2372158
2021-04-20 09:44:25,660.7,2374788
2021-04-20 09:44:26,660.45,2375492
2021-04-20 09:44:26,660.45,2375492
2021-04-20 09:44:28,660.5,2375517
2021-04-20 09:44:29,660.55,2375623
2021-04-20 09:44:30,660.45,2375706
2021-04-20 09:44:31,660.55,2376355
2021-04-20 09:44:31,660.5,2376375
2021-04-20 09:44:33,660.5,2376832
2021-04-20 09:44:34,660.6,2376967
2021-04-20 09:44:35,660.55,2377076
2021-04-20 09:44:36,660.55,2382297
2021-04-20 09:44:37,661.25,2401450
2021-04-20 09:44:37,661.25,2401450
2021-04-20 09:44:39,661.25,2402572
2021-04-20 09:44:40,661.45,2403440
2021-04-20 09:44:41,661.25,2403523
2021-04-20 09:44:42,661.45,2404145
2021-04-20 09:44:43,661.2,2404684
2021-04-20 09:44:43,661.2,2404934
2021-04-20 09:44:44,661.2,2404976
2021-04-20 09:44:45,661.3,2405533
2021-04-20 09:44:46,661.45,2405602
2021-04-20 09:44:48,661.25,2410223
2021-04-20 09:44:49,661.35,2411173
2021-04-20 09:44:50,661.1,2412330
2021-04-20 09:44:51,661.1,2415343
2021-04-20 09:44:51,661.1,2414875
2021-04-20 09:44:53,661.1,2415828
2021-04-20 09:44:54,661.25,2416046
2021-04-20 09:44:55,661.0,2416824
2021-04-20 09:44:56,661.2,2417432
2021-04-20 09:44:57,661.3,2417640
2021-04-20 09:44:58,661.3,2417742
2021-04-20 09:44:58,661.3,2417742
2021-04-20 09:44:59,661.15,2417779
2021-04-20 09:45:01,661.95,2432857
2021-04-20 09:45:02,661.6,2436894
2021-04-20 09:45:04,661.85,2440154
2021-04-20 09:45:05,661.7,2440607
2021-04-20 09:45:05,661.7,2440607
2021-04-20 09:45:07,661.95,2451958
2021-04-20 09:45:08,662.0,2453984
2021-04-20 09:45:09,661.95,2454762
2021-04-20 09:45:10,661.95,2455118
2021-04-20 09:45:10,661.8,2455369
2021-04-20 09:45:12,661.7,2456480
2021-04-20 09:45:13,661.85,2456897
2021-04-20 09:45:14,661.55,2459850
2021-04-20 09:45:15,661.75,2460570
2021-04-20 09:45:16,662.0,2464819
2021-04-20 09:45:17,661.4,2472501
2021-04-20 09:45:17,661.05,2472498
2021-04-20 09:45:19,661.65,2474445
2021-04-20 09:45:20,661.85,2476375
2021-04-20 09:45:21,661.45,2477311
2021-04-20 09:45:22,661.3,2477701
2021-04-20 09:45:23,661.65,2477727
2021-04-20 09:45:24,661.55,2479047
2021-04-20 09:45:24,661.75,2479797
2021-04-20 09:45:26,661.7,2482722
2021-04-20 09:45:27,661.75,2484450
2021-04-20 09:45:28,661.5,2487537
2021-04-20 09:45:29,661.55,2489405
2021-04-20 09:45:29,661.4,2490103
2021-04-20 09:45:31,661.4,2491310
2021-04-20 09:45:32,661.35,2491923
2021-04-20 09:45:33,661.3,2493166
2021-04-20 09:45:34,661.35,2494759
2021-04-20 09:45:35,661.05,2495797
2021-04-20 09:45:36,661.45,2495860
2021-04-20 09:45:38,661.0,2497192
2021-04-20 09:45:39,661.15,2497942
2021-04-20 09:45:40,661.35,2497993
2021-04-20 09:45:41,661.25,2498077
2021-04-20 09:45:41,661.25,2498077
2021-04-20 09:45:43,661.25,2498091
2021-04-20 09:45:44,661.25,2498159
2021-04-20 09:45:45,661.2,2498240
2021-04-20 09:45:46,661.05,2499387
2021-04-20 09:45:46,661.05,2499487
2021-04-20 09:45:48,661.0,2500077
2021-04-20 09:45:49,661.2,2500888
2021-04-20 09:45:50,661.05,2501058
2021-04-20 09:45:51,661.0,2502733
2021-04-20 09:45:52,661.0,2502936
2021-04-20 09:45:53,660.9,2503766
2021-04-20 09:45:54,660.9,2503861
2021-04-20 09:45:55,660.9,2503861
2021-04-20 09:45:56,660.8,2509297
2021-04-20 09:45:57,660.7,2510726
2021-04-20 09:45:58,660.5,2511195
2021-04-20 09:45:59,660.5,2512353
2021-04-20 09:46:00,660.5,2512505
2021-04-20 09:46:01,660.85,2518393
2021-04-20 09:46:02,660.85,2519576
2021-04-20 09:46:03,660.55,2522288
2021-04-20 09:46:04,660.55,2522363
2021-04-20 09:46:05,660.65,2524089
2021-04-20 09:46:06,660.6,2524825
2021-04-20 09:46:07,660.9,2525559
2021-04-20 09:46:08,660.9,2525559
2021-04-20 09:46:09,660.9,2525619
2021-04-20 09:46:10,660.9,2526873
2021-04-20 09:46:11,660.6,2526953
2021-04-20 09:46:12,660.8,2527797
2021-04-20 09:46:13,660.55,2528327
2021-04-20 09:46:14,660.55,2528640
2021-04-20 09:46:15,660.6,2528771
2021-04-20 09:46:16,660.6,2528771
2021-04-20 09:46:17,660.6,2528789
2021-04-20 09:46:18,660.65,2530164
2021-04-20 09:46:19,660.65,2531026
2021-04-20 09:46:20,660.55,2532362
2021-04-20 09:46:21,660.55,2532362
2021-04-20 09:46:22,660.5,2532483
2021-04-20 09:46:23,660.45,2533120
2021-04-20 09:46:24,660.5,2533734
2021-04-20 09:46:25,660.3,2534494
2021-04-20 09:46:26,660.5,2534531
2021-04-20 09:46:27,660.3,2535081
2021-04-20 09:46:28,660.3,2535086
2021-04-20 09:46:29,660.3,2535086
2021-04-20 09:46:30,660.5,2535266
2021-04-20 09:46:31,660.55,2535267
2021-04-20 09:46:33,660.6,2536206
2021-04-20 09:46:34,660.6,2536744
2021-04-20 09:46:35,660.6,2536748
2021-04-20 09:46:36,660.5,2537582
2021-04-20 09:46:38,660.45,2537972
2021-04-20 09:46:39,660.5,2538008
2021-04-20 09:46:40,660.75,2541257
2021-04-20 09:46:41,660.65,2542193
2021-04-20 09:46:42,660.7,2542225
2021-04-20 09:46:43,660.65,2542346
2021-04-20 09:46:44,660.65,2542428
2021-04-20 09:46:45,660.85,2542439
2021-04-20 09:46:46,660.85,2542439
2021-04-20 09:46:47,660.7,2542589
2021-04-20 09:46:48,660.75,2542660
2021-04-20 09:46:49,660.85,2542775
2021-04-20 09:46:50,660.75,2542922
2021-04-20 09:46:51,660.85,2543179
2021-04-20 09:46:52,660.75,2544019
2021-04-20 09:46:53,660.85,2544638
2021-04-20 09:46:54,660.9,2544845
2021-04-20 09:46:55,660.9,2545032
2021-04-20 09:46:56,660.8,2545988
2021-04-20 09:46:57,660.8,2546049
2021-04-20 09:46:58,660.85,2546399
2021-04-20 09:46:59,660.85,2546439
2021-04-20 09:47:00,660.9,2546689
2021-04-20 09:47:01,660.9,2546755
2021-04-20 09:47:02,660.9,2547237
2021-04-20 09:47:03,660.75,2547322
2021-04-20 09:47:04,660.8,2547427
2021-04-20 09:47:05,660.9,2549076
2021-04-20 09:47:06,661.2,2556085
2021-04-20 09:47:07,661.05,2557379
2021-04-20 09:47:08,661.05,2557529
2021-04-20 09:47:09,661.05,2557740
2021-04-20 09:47:10,661.2,2557770
2021-04-20 09:47:11,661.15,2557804
2021-04-20 09:47:13,661.05,2557892
2021-04-20 09:47:14,661.05,2557937
2021-04-20 09:47:15,661.05,2557937
2021-04-20 09:47:16,661.05,2558273
2021-04-20 09:47:17,661.05,2558297
2021-04-20 09:47:18,661.2,2558613
2021-04-20 09:47:19,661.05,2559181
2021-04-20 09:47:20,661.15,2559193
2021-04-20 09:47:21,661.2,2559586
2021-04-20 09:47:22,661.15,2560129
2021-04-20 09:47:23,661.2,2561027
2021-04-20 09:47:24,661.2,2561027
2021-04-20 09:47:25,661.2,2561400
2021-04-20 09:47:26,661.15,2561500
2021-04-20 09:47:27,661.2,2561560
2021-04-20 09:47:28,661.15,2564836
2021-04-20 09:47:29,660.75,2575754
2021-04-20 09:47:30,660.85,2576069
2021-04-20 09:47:31,660.95,2577276
2021-04-20 09:47:32,660.95,2577380
2021-04-20 09:47:33,660.95,2577480
2021-04-20 09:47:34,660.55,2577533
2021-04-20 09:47:35,660.85,2577553
2021-04-20 09:47:36,660.85,2577703
2021-04-20 09:47:37,660.6,2578314
2021-04-20 09:47:38,660.9,2579664
2021-04-20 09:47:39,660.55,2580444
2021-04-20 09:47:41,660.55,2580770
2021-04-20 09:47:40,660.55,2580650
2021-04-20 09:47:42,660.8,2580885
2021-04-20 09:47:43,660.8,2583523
2021-04-20 09:47:44,660.7,2585167
2021-04-20 09:47:45,660.7,2585855
2021-04-20 09:47:46,661.0,2585920
2021-04-20 09:47:47,661.0,2587454
2021-04-20 09:47:48,661.0,2588265
2021-04-20 09:47:49,661.0,2588390
2021-04-20 09:47:50,661.2,2590247
2021-04-20 09:47:51,661.1,2590297
2021-04-20 09:47:52,661.1,2590402
2021-04-20 09:47:53,661.1,2590402
2021-04-20 09:47:54,661.1,2590432
2021-04-20 09:47:55,661.15,2590527
2021-04-20 09:47:56,661.05,2592586
2021-04-20 09:47:57,661.0,2592844
2021-04-20 09:47:58,661.05,2594126
2021-04-20 09:47:59,661.05,2594131
2021-04-20 09:48:01,661.05,2594953
2021-04-20 09:48:02,661.0,2596133
2021-04-20 09:48:03,660.7,2596772
2021-04-20 09:48:03,660.7,2596772
2021-04-20 09:48:04,660.9,2596855
2021-04-20 09:48:05,660.9,2598440
2021-04-20 09:48:06,660.85,2598466
2021-04-20 09:48:07,660.65,2598501
2021-04-20 09:48:08,660.65,2599226
2021-04-20 09:48:10,660.65,2600032
2021-04-20 09:48:11,660.65,2600032
2021-04-20 09:48:12,660.7,2604287
2021-04-20 09:48:13,660.6,2606233
2021-04-20 09:48:14,660.7,2606603
2021-04-20 09:48:15,660.5,2607038
2021-04-20 09:48:16,660.5,2607038
2021-04-20 09:48:17,660.65,2607112
2021-04-20 09:48:19,660.6,2607217
2021-04-20 09:48:19,660.6,2607217
2021-04-20 09:48:20,660.7,2607425
2021-04-20 09:48:21,660.65,2607597
2021-04-20 09:48:22,660.8,2608846
2021-04-20 09:48:24,660.9,2608878
2021-04-20 09:48:25,660.75,2608879
2021-04-20 09:48:25,660.9,2608889
2021-04-20 09:48:26,660.75,2608914
2021-04-20 09:48:27,660.9,2609501
2021-04-20 09:48:28,660.8,2609521
2021-04-20 09:48:30,660.8,2609608
2021-04-20 09:48:30,660.8,2609608
2021-04-20 09:48:31,660.8,2609608
2021-04-20 09:48:32,660.8,2609608
2021-04-20 09:48:33,660.9,2609732
2021-04-20 09:48:34,660.9,2609984
2021-04-20 09:48:36,660.9,2610084
2021-04-20 09:48:37,660.9,2610104
2021-04-20 09:48:38,660.85,2610215
2021-04-20 09:48:39,660.85,2610215
2021-04-20 09:48:40,660.85,2610747
2021-04-20 09:48:40,660.85,2610747
2021-04-20 09:48:41,660.9,2610763
2021-04-20 09:48:42,660.9,2610867
2021-04-20 09:48:43,660.85,2611042
2021-04-20 09:48:44,660.85,2611723
2021-04-20 09:48:46,660.85,2613137
2021-04-20 09:48:47,660.85,2613422
2021-04-20 09:48:47,660.85,2613422
2021-04-20 09:48:48,660.9,2614480
2021-04-20 09:48:49,660.9,2614619
2021-04-20 09:48:50,660.8,2615336
2021-04-20 09:48:51,660.8,2615509
2021-04-20 09:48:53,660.8,2615809
2021-04-20 09:48:54,660.8,2616859
2021-04-20 09:48:54,660.85,2616860
2021-04-20 09:48:55,660.8,2617233
2021-04-20 09:48:56,660.65,2618761
2021-04-20 09:48:57,660.1,2625100
2021-04-20 09:48:58,660.15,2625360
2021-04-20 09:48:59,660.35,2627421
2021-04-20 09:49:00,660.2,2627493
2021-04-20 09:49:01,660.3,2627624
2021-04-20 09:49:03,660.15,2627634
2021-04-20 09:49:03,660.15,2627634
2021-04-20 09:49:04,660.05,2628805
2021-04-20 09:49:05,660.05,2628821
2021-04-20 09:49:06,660.05,2629091
2021-04-20 09:49:08,660.05,2630766
2021-04-20 09:49:08,660.3,2630866
2021-04-20 09:49:09,660.3,2630882
2021-04-20 09:49:10,660.3,2632741
2021-04-20 09:49:11,660.2,2633456
2021-04-20 09:49:12,660.4,2633497
2021-04-20 09:49:14,660.4,2633517
2021-04-20 09:49:15,660.25,2633538
2021-04-20 09:49:16,660.15,2634043
2021-04-20 09:49:16,660.15,2634043
2021-04-20 09:49:17,660.3,2634258
2021-04-20 09:49:18,660.35,2634463
2021-04-20 09:49:19,660.3,2634875
2021-04-20 09:49:20,660.3,2635057
2021-04-20 09:49:22,660.3,2636087
2021-04-20 09:49:22,660.3,2636095
2021-04-20 09:49:23,660.35,2636419
2021-04-20 09:49:25,660.3,2637038
2021-04-20 09:49:27,660.3,2637130
2021-04-20 09:49:28,660.4,2637160
2021-04-20 09:49:28,660.4,2637160
2021-04-20 09:49:29,660.3,2637776
2021-04-20 09:49:30,660.3,2637878
2021-04-20 09:49:31,660.3,2637888
2021-04-20 09:49:32,660.3,2638219
2021-04-20 09:49:33,660.2,2638781
2021-04-20 09:49:35,660.2,2638805
2021-04-20 09:49:36,660.2,2638807
2021-04-20 09:49:36,660.2,2638807
2021-04-20 09:49:37,660.2,2639035
2021-04-20 09:49:38,660.2,2639090
2021-04-20 09:49:39,660.2,2639260
2021-04-20 09:49:41,660.1,2642887
2021-04-20 09:49:41,660.15,2643404
2021-04-20 09:49:42,660.0,2644506
2021-04-20 09:49:43,660.2,2644606
2021-04-20 09:49:44,660.05,2647784
2021-04-20 09:49:45,660.15,2649086
2021-04-20 09:49:46,659.9,2649280
2021-04-20 09:49:47,660.1,2649323
2021-04-20 09:49:49,660.05,2649378
2021-04-20 09:49:49,660.1,2649389
2021-04-20 09:49:50,660.1,2652401
2021-04-20 09:49:51,660.0,2653025
2021-04-20 09:49:52,660.05,2653282
2021-04-20 09:49:53,660.05,2653303
2021-04-20 09:49:54,660.05,2653955
2021-04-20 09:49:56,660.05,2653965
2021-04-20 09:49:56,660.05,2653965
2021-04-20 09:49:57,660.05,2654008
2021-04-20 09:49:58,660.05,2654370
2021-04-20 09:49:59,660.1,2654592
2021-04-20 09:50:00,660.1,2654997
2021-04-20 09:50:01,660.15,2655008
2021-04-20 09:50:02,660.15,2655209
2021-04-20 09:50:03,660.1,2655255
2021-04-20 09:50:04,660.15,2657511
2021-04-20 09:50:06,660.0,2657933
2021-04-20 09:50:06,660.0,2657933
2021-04-20 09:50:07,660.1,2657945
2021-04-20 09:50:08,659.9,2658270
2021-04-20 09:50:10,659.95,2659112
2021-04-20 09:50:11,659.7,2659489
2021-04-20 09:50:12,659.7,2659650
2021-04-20 09:50:12,659.7,2659580
2021-04-20 09:50:13,659.8,2659662
2021-04-20 09:50:14,659.7,2660191
2021-04-20 09:50:15,659.7,2660322
2021-04-20 09:50:16,659.55,2661652
2021-04-20 09:50:17,659.3,2662491
2021-04-20 09:50:19,659.75,2662797
2021-04-20 09:50:20,659.7,2664985
2021-04-20 09:50:21,659.65,2666054
2021-04-20 09:50:21,659.35,2666366
2021-04-20 09:50:22,659.45,2666566
2021-04-20 09:50:23,659.3,2666958
2021-04-20 09:50:25,659.1,2668800
2021-04-20 09:50:27,659.3,2669667
2021-04-20 09:50:28,659.45,2669813
2021-04-20 09:50:29,659.5,2669896
2021-04-20 09:50:30,659.2,2670796
2021-04-20 09:50:31,659.35,2670846
2021-04-20 09:50:32,659.15,2670974
2021-04-20 09:50:32,659.15,2670974
2021-04-20 09:50:33,659.3,2671284
2021-04-20 09:50:34,659.45,2673993
2021-04-20 09:50:35,659.15,2674681
2021-04-20 09:50:36,659.2,2674952
2021-04-20 09:50:37,659.4,2674992
2021-04-20 09:50:39,659.2,2675336
2021-04-20 09:50:40,659.2,2675341
2021-04-20 09:50:40,659.3,2675343
2021-04-20 09:50:41,659.2,2676069
2021-04-20 09:50:42,659.15,2676387
2021-04-20 09:50:44,659.3,2676712
2021-04-20 09:50:45,659.25,2676723
2021-04-20 09:50:45,659.3,2677023
2021-04-20 09:50:46,659.2,2677230
2021-04-20 09:50:47,659.3,2678212
2021-04-20 09:50:49,659.3,2678212
2021-04-20 09:50:50,659.2,2679081
2021-04-20 09:50:50,659.2,2679081
2021-04-20 09:50:51,659.3,2679252
2021-04-20 09:50:52,659.2,2679282
2021-04-20 09:50:54,659.35,2680448
2021-04-20 09:50:55,659.2,2681349
2021-04-20 09:50:56,659.65,2682933
2021-04-20 09:50:57,659.3,2683701
2021-04-20 09:50:57,659.3,2683701
2021-04-20 09:50:58,659.5,2683707
2021-04-20 09:50:59,659.7,2684047
2021-04-20 09:51:00,659.35,2684207
2021-04-20 09:51:02,659.4,2684353
2021-04-20 09:51:03,659.35,2684437
2021-04-20 09:51:04,659.35,2684437
2021-04-20 09:51:05,659.3,2684576
2021-04-20 09:51:06,659.45,2684826
2021-04-20 09:51:08,659.7,2685476
2021-04-20 09:51:09,659.65,2685875
2021-04-20 09:51:10,659.9,2685936
2021-04-20 09:51:11,659.35,2686061
2021-04-20 09:51:12,659.6,2686064
2021-04-20 09:51:13,659.5,2686065
2021-04-20 09:51:14,659.6,2687201
2021-04-20 09:51:14,659.6,2687201
2021-04-20 09:51:15,660.0,2687714
2021-04-20 09:51:16,659.5,2688026
2021-04-20 09:51:17,659.65,2688131
2021-04-20 09:51:19,659.65,2688131
2021-04-20 09:51:20,659.65,2688431
2021-04-20 09:51:20,659.65,2688431
2021-04-20 09:51:21,659.8,2689373
2021-04-20 09:51:22,659.55,2689764
2021-04-20 09:51:24,659.55,2689774
2021-04-20 09:51:25,659.55,2689815
2021-04-20 09:51:25,659.55,2689815
2021-04-20 09:51:26,659.5,2689871
2021-04-20 09:51:27,659.8,2689891
2021-04-20 09:51:28,659.8,2689893
2021-04-20 09:51:29,659.8,2690004
2021-04-20 09:51:31,659.55,2690048
2021-04-20 09:51:32,659.55,2690048
2021-04-20 09:51:32,659.55,2690048
2021-04-20 09:51:33,659.85,2690069
2021-04-20 09:51:34,659.55,2690111
2021-04-20 09:51:35,659.55,2690111
2021-04-20 09:51:36,659.55,2690311
2021-04-20 09:51:37,659.8,2690332
2021-04-20 09:51:38,659.6,2690342
2021-04-20 09:51:39,659.55,2690362
2021-04-20 09:51:40,659.5,2690862
2021-04-20 09:51:41,659.5,2690924
2021-04-20 09:51:42,659.5,2690924
2021-04-20 09:51:43,659.8,2691118
2021-04-20 09:51:44,659.6,2691123
2021-04-20 09:51:45,659.6,2691289
2021-04-20 09:51:46,659.6,2691289
2021-04-20 09:51:47,659.6,2691391
2021-04-20 09:51:48,659.5,2693214
2021-04-20 09:51:49,659.5,2693246
2021-04-20 09:51:51,659.45,2693561
2021-04-20 09:51:52,659.5,2693639
2021-04-20 09:51:52,659.5,2693644
2021-04-20 09:51:53,659.5,2693671
2021-04-20 09:51:54,659.5,2693671
2021-04-20 09:51:55,659.5,2693839
2021-04-20 09:51:56,659.55,2694585
2021-04-20 09:51:57,659.45,2695008
2021-04-20 09:51:59,659.55,2695009
2021-04-20 09:51:59,659.55,2695009
2021-04-20 09:52:00,659.55,2695311
2021-04-20 09:52:01,659.45,2695325
2021-04-20 09:52:02,659.45,2695826
2021-04-20 09:52:04,659.5,2696692
2021-04-20 09:52:05,659.6,2697016
2021-04-20 09:52:06,659.6,2697016
2021-04-20 09:52:07,659.55,2697117
2021-04-20 09:52:08,659.55,2697118
2021-04-20 09:52:09,659.5,2697188
2021-04-20 09:52:10,659.6,2697220
2021-04-20 09:52:12,659.5,2697230
2021-04-20 09:52:12,659.5,2698147
2021-04-20 09:52:13,659.5,2698168
2021-04-20 09:52:14,659.35,2703551
2021-04-20 09:52:15,659.05,2714451
2021-04-20 09:52:16,658.75,2715564
2021-04-20 09:52:17,658.75,2715859
2021-04-20 09:52:19,658.6,2715993
2021-04-20 09:52:20,658.6,2716010
2021-04-20 09:52:21,658.6,2716115
2021-04-20 09:52:22,658.6,2716243
2021-04-20 09:52:22,658.65,2716278
2021-04-20 09:52:23,658.6,2716284
2021-04-20 09:52:24,658.65,2717088
2021-04-20 09:52:25,658.65,2717444
2021-04-20 09:52:26,659.15,2719388
2021-04-20 09:52:27,658.8,2719762
2021-04-20 09:52:28,658.75,2720084
2021-04-20 09:52:30,658.95,2720550
2021-04-20 09:52:31,659.55,2725465
2021-04-20 09:52:32,659.55,2726601
2021-04-20 09:52:33,659.55,2726968
2021-04-20 09:52:34,659.65,2728514
2021-04-20 09:52:35,659.85,2728532
2021-04-20 09:52:37,660.1,2737916
2021-04-20 09:52:37,659.95,2737930
2021-04-20 09:52:38,660.15,2738035
2021-04-20 09:52:39,660.25,2738635
2021-04-20 09:52:40,660.2,2738694
2021-04-20 09:52:41,660.15,2738751
2021-04-20 09:52:42,660.25,2738993
2021-04-20 09:52:43,660.3,2741668
2021-04-20 09:52:44,660.3,2742593
2021-04-20 09:52:45,660.3,2743257
2021-04-20 09:52:46,660.35,2743426
2021-04-20 09:52:47,660.35,2744196
2021-04-20 09:52:48,660.35,2744544
2021-04-20 09:52:50,660.15,2747336
2021-04-20 09:52:51,660.15,2749799
2021-04-20 09:52:52,659.95,2750088
2021-04-20 09:52:53,659.95,2750138
2021-04-20 09:52:53,659.75,2751316
2021-04-20 09:52:54,659.6,2751912
2021-04-20 09:52:55,659.5,2752271
2021-04-20 09:52:56,659.7,2752890
2021-04-20 09:52:58,659.05,2761131
2021-04-20 09:52:59,658.85,2763202
2021-04-20 09:53:00,658.85,2763220
2021-04-20 09:53:01,659.0,2763678
2021-04-20 09:53:03,659.1,2765084
2021-04-20 09:53:04,659.05,2765103
2021-04-20 09:53:05,659.2,2765273
2021-04-20 09:53:06,659.15,2765355
2021-04-20 09:53:07,659.3,2765463
2021-04-20 09:53:08,659.15,2766915
2021-04-20 09:53:08,659.15,2766913
2021-04-20 09:53:09,659.4,2767546
2021-04-20 09:53:10,659.35,2768022
2021-04-20 09:53:12,659.35,2768032
2021-04-20 09:53:13,659.0,2770137
2021-04-20 09:53:14,659.0,2770328
2021-04-20 09:53:15,658.8,2772084
2021-04-20 09:53:16,658.65,2772427
2021-04-20 09:53:17,658.85,2772447
2021-04-20 09:53:18,658.55,2773122
2021-04-20 09:53:19,658.55,2773178
2021-04-20 09:53:20,659.35,2783528
2021-04-20 09:53:21,659.35,2784467
2021-04-20 09:53:22,659.7,2784690
2021-04-20 09:53:23,659.7,2784698
2021-04-20 09:53:24,659.7,2784875
2021-04-20 09:53:25,659.9,2788303
2021-04-20 09:53:26,659.8,2789036
2021-04-20 09:53:27,660.0,2796294
2021-04-20 09:53:28,660.15,2798812
2021-04-20 09:53:29,660.1,2799297
2021-04-20 09:53:30,660.15,2799359
2021-04-20 09:53:31,660.1,2799517
2021-04-20 09:53:32,660.05,2800211
2021-04-20 09:53:32,660.15,2800347
2021-04-20 09:53:33,660.0,2800687
2021-04-20 09:53:34,660.0,2800711
2021-04-20 09:53:35,659.9,2800772
2021-04-20 09:53:36,659.9,2801478
2021-04-20 09:53:38,659.85,2803010
2021-04-20 09:53:39,659.85,2803032
2021-04-20 09:53:40,659.85,2803430
2021-04-20 09:53:41,659.75,2804437
2021-04-20 09:53:42,659.75,2804637
2021-04-20 09:53:43,659.9,2806212
2021-04-20 09:53:44,659.95,2806720
2021-04-20 09:53:44,659.9,2807727
2021-04-20 09:53:45,659.95,2808384
2021-04-20 09:53:46,659.9,2808390
2021-04-20 09:53:47,659.9,2809057
2021-04-20 09:53:48,659.8,2809066
2021-04-20 09:53:49,659.85,2809083
2021-04-20 09:53:50,659.8,2809109
2021-04-20 09:53:52,659.7,2809119
2021-04-20 09:53:52,659.7,2809183
2021-04-20 09:53:53,659.9,2809330
2021-04-20 09:53:55,659.8,2810349
2021-04-20 09:53:56,659.8,2810843
2021-04-20 09:53:57,659.85,2811381
2021-04-20 09:53:58,659.65,2811535
2021-04-20 09:53:59,659.85,2811602
2021-04-20 09:54:00,659.85,2811758
2021-04-20 09:54:01,659.6,2820740
2021-04-20 09:54:01,659.6,2820740
2021-04-20 09:54:02,659.5,2821792
2021-04-20 09:54:03,659.35,2821831
2021-04-20 09:54:04,659.3,2821864
2021-04-20 09:54:06,659.3,2823281
2021-04-20 09:54:07,659.2,2823863
2021-04-20 09:54:08,659.25,2825182
2021-04-20 09:54:09,658.9,2831710
2021-04-20 09:54:10,658.9,2832695
2021-04-20 09:54:11,658.9,2832710
2021-04-20 09:54:12,659.0,2832726
2021-04-20 09:54:13,659.15,2832735
2021-04-20 09:54:14,658.6,2835541
2021-04-20 09:54:15,658.6,2836193
2021-04-20 09:54:16,658.6,2836353
2021-04-20 09:54:16,658.6,2836355
2021-04-20 09:54:17,658.6,2837639
2021-04-20 09:54:18,658.6,2838473
2021-04-20 09:54:19,658.6,2838598
2021-04-20 09:54:20,658.9,2838899
2021-04-20 09:54:21,658.75,2838928
2021-04-20 09:54:22,658.75,2838935
2021-04-20 09:54:24,658.75,2839441
2021-04-20 09:54:25,659.05,2839542
2021-04-20 09:54:26,659.2,2845452
2021-04-20 09:54:27,659.05,2846239
2021-04-20 09:54:28,659.25,2848460
2021-04-20 09:54:29,659.6,2848940
2021-04-20 09:54:30,659.65,2849629
2021-04-20 09:54:31,659.7,2849695
2021-04-20 09:54:32,659.4,2849778
2021-04-20 09:54:33,659.95,2850712
2021-04-20 09:54:34,660.1,2857250
2021-04-20 09:54:35,660.1,2858158
2021-04-20 09:54:36,660.05,2859120
2021-04-20 09:54:37,660.0,2860432
2021-04-20 09:54:38,659.85,2861249
2021-04-20 09:54:39,659.9,2861257
2021-04-20 09:54:40,659.85,2861417
2021-04-20 09:54:41,659.9,2861423
2021-04-20 09:54:42,659.9,2861440
2021-04-20 09:54:43,659.95,2862279
2021-04-20 09:54:44,659.95,2862298
2021-04-20 09:54:45,659.95,2862551
2021-04-20 09:54:46,660.0,2863419
2021-04-20 09:54:47,660.0,2863539
2021-04-20 09:54:48,659.9,2864313
2021-04-20 09:54:49,659.9,2864313
2021-04-20 09:54:50,659.8,2864479
2021-04-20 09:54:51,659.75,2865605
2021-04-20 09:54:52,659.5,2866471
2021-04-20 09:54:53,659.5,2866638
2021-04-20 09:54:54,659.2,2868713
2021-04-20 09:54:55,659.5,2870015
2021-04-20 09:54:56,659.6,2870488
2021-04-20 09:54:57,659.6,2870615
2021-04-20 09:54:58,659.65,2870642
2021-04-20 09:54:59,659.55,2876198
2021-04-20 09:55:00,659.55,2877157
2021-04-20 09:55:01,659.25,2877707
2021-04-20 09:55:02,659.05,2878025
2021-04-20 09:55:03,659.2,2878032
2021-04-20 09:55:04,659.2,2878049
2021-04-20 09:55:05,659.7,2878232
2021-04-20 09:55:06,659.4,2878370
2021-04-20 09:55:07,659.4,2878386
2021-04-20 09:55:08,659.4,2878399
2021-04-20 09:55:09,659.2,2881011
2021-04-20 09:55:09,659.45,2881056
2021-04-20 09:55:10,659.15,2881601
2021-04-20 09:55:11,659.2,2881653
2021-04-20 09:55:13,659.25,2881868
2021-04-20 09:55:14,659.1,2882102
2021-04-20 09:55:15,659.25,2882402
2021-04-20 09:55:16,659.25,2882601
2021-04-20 09:55:17,659.45,2882836
2021-04-20 09:55:18,659.2,2883529
2021-04-20 09:55:19,659.3,2885188
2021-04-20 09:55:20,659.2,2885287
2021-04-20 09:55:22,659.15,2886198
2021-04-20 09:55:21,659.15,2886037
2021-04-20 09:55:23,659.1,2886425
2021-04-20 09:55:24,659.1,2886442
2021-04-20 09:55:25,659.3,2886559
2021-04-20 09:55:26,659.3,2886667
2021-04-20 09:55:27,659.05,2887673
2021-04-20 09:55:28,659.1,2887830
2021-04-20 09:55:30,659.05,2888219
2021-04-20 09:55:31,659.1,2888227
2021-04-20 09:55:32,659.1,2888736
2021-04-20 09:55:33,659.1,2890295
2021-04-20 09:55:34,659.2,2890740
2021-04-20 09:55:35,659.85,2906234
2021-04-20 09:55:36,659.8,2907444
2021-04-20 09:55:37,660.2,2910695
2021-04-20 09:55:38,660.25,2911225
2021-04-20 09:55:39,660.3,2911372
2021-04-20 09:55:40,660.3,2911376
2021-04-20 09:55:41,660.3,2911404
2021-04-20 09:55:42,660.25,2911722
2021-04-20 09:55:43,660.25,2911885
2021-04-20 09:55:44,660.2,2911896
2021-04-20 09:55:45,660.15,2912623
2021-04-20 09:55:46,660.0,2912928
2021-04-20 09:55:47,659.8,2913218
2021-04-20 09:55:48,660.15,2915341
2021-04-20 09:55:49,660.15,2915828
2021-04-20 09:55:50,660.15,2916071
2021-04-20 09:55:51,659.9,2916213
2021-04-20 09:55:52,659.9,2916369
2021-04-20 09:55:53,659.85,2916386
2021-04-20 09:55:54,659.85,2916395
2021-04-20 09:55:54,659.85,2916397
2021-04-20 09:55:55,659.75,2916764
2021-04-20 09:55:57,659.65,2917225
2021-04-20 09:55:58,659.6,2923261
2021-04-20 09:55:58,659.6,2923887
2021-04-20 09:55:59,659.7,2924812
2021-04-20 09:56:00,659.6,2931688
2021-04-20 09:56:01,659.6,2932882
2021-04-20 09:56:02,659.9,2933647
2021-04-20 09:56:04,659.85,2937748
2021-04-20 09:56:05,659.65,2938443
2021-04-20 09:56:06,659.65,2942715
2021-04-20 09:56:07,659.6,2943349
2021-04-20 09:56:08,659.65,2943834
2021-04-20 09:56:09,659.75,2943951
2021-04-20 09:56:10,659.65,2947114
2021-04-20 09:56:11,659.6,2948237
2021-04-20 09:56:12,660.7,2958591
2021-04-20 09:56:13,660.45,2960308
2021-04-20 09:56:14,660.45,2960585
2021-04-20 09:56:15,660.7,2961056
2021-04-20 09:56:16,660.7,2961272
2021-04-20 09:56:17,660.45,2962320
2021-04-20 09:56:18,660.55,2962408
2021-04-20 09:56:19,660.55,2962580
2021-04-20 09:56:20,660.7,2962845
2021-04-20 09:56:21,660.75,2962871
2021-04-20 09:56:22,660.5,2963131
2021-04-20 09:56:23,660.5,2963532
2021-04-20 09:56:24,660.45,2963672
2021-04-20 09:56:25,660.4,2963994
2021-04-20 09:56:26,660.4,2964009
2021-04-20 09:56:27,660.55,2964219
2021-04-20 09:56:28,660.65,2964234
2021-04-20 09:56:29,660.5,2964349
2021-04-20 09:56:30,660.55,2964399
2021-04-20 09:56:31,660.55,2964470
2021-04-20 09:56:32,660.45,2964955
2021-04-20 09:56:33,660.5,2965493
2021-04-20 09:56:34,660.5,2965493
2021-04-20 09:56:35,660.5,2965502
2021-04-20 09:56:36,660.55,2965525
2021-04-20 09:56:37,660.55,2967200
2021-04-20 09:56:38,660.55,2967200
2021-04-20 09:56:39,660.45,2967753
2021-04-20 09:56:40,660.55,2967854
2021-04-20 09:56:41,660.5,2967904
2021-04-20 09:56:42,660.45,2968139
2021-04-20 09:56:43,660.5,2968239
2021-04-20 09:56:44,660.45,2968400
2021-04-20 09:56:45,660.45,2968435
2021-04-20 09:56:46,660.45,2968878
2021-04-20 09:56:47,660.45,2976628
2021-04-20 09:56:48,660.35,2977564
2021-04-20 09:56:49,660.35,2977575
2021-04-20 09:56:50,660.35,2977635
2021-04-20 09:56:51,660.35,2977642
2021-04-20 09:56:52,660.35,2977802
2021-04-20 09:56:53,660.35,2978065
2021-04-20 09:56:54,660.35,2978247
2021-04-20 09:56:55,660.35,2979523
2021-04-20 09:56:56,660.4,2979628
2021-04-20 09:56:57,660.4,2979755
2021-04-20 09:56:58,660.4,2980642
2021-04-20 09:56:59,660.35,2984492
2021-04-20 09:57:00,660.35,2985211
2021-04-20 09:57:01,660.45,2985223
2021-04-20 09:57:02,660.35,2985529
2021-04-20 09:57:03,660.35,2986260
2021-04-20 09:57:04,660.35,2986416
2021-04-20 09:57:05,660.45,2986592
2021-04-20 09:57:06,660.45,2986692
2021-04-20 09:57:07,660.35,2986702
2021-04-20 09:57:08,660.5,2987202
2021-04-20 09:57:09,660.5,2987234
2021-04-20 09:57:10,660.35,2987596
2021-04-20 09:57:11,660.5,2988186
2021-04-20 09:57:12,660.35,2988244
2021-04-20 09:57:13,660.35,2988245
2021-04-20 09:57:14,660.55,2988755
2021-04-20 09:57:15,660.65,2990017
2021-04-20 09:57:16,660.5,2990057
2021-04-20 09:57:17,660.5,2990132
2021-04-20 09:57:18,660.35,2991177
2021-04-20 09:57:19,660.3,2993452
2021-04-20 09:57:20,660.3,2993452
2021-04-20 09:57:21,660.25,2994818
2021-04-20 09:57:22,660.15,2995178
2021-04-20 09:57:23,660.0,2995540
2021-04-20 09:57:24,659.95,2995995
2021-04-20 09:57:25,660.2,2996045
2021-04-20 09:57:27,660.25,2996209
2021-04-20 09:57:26,660.25,2996209
2021-04-20 09:57:28,660.3,2996651
2021-04-20 09:57:29,660.1,2997294
2021-04-20 09:57:30,660.25,2997594
2021-04-20 09:57:31,660.25,2998186
2021-04-20 09:57:32,660.25,2998186
2021-04-20 09:57:33,660.1,2998397
2021-04-20 09:57:34,660.2,2998407
2021-04-20 09:57:35,660.1,2999032
2021-04-20 09:57:36,660.0,2999167
2021-04-20 09:57:37,660.2,2999177
2021-04-20 09:57:38,660.2,2999481
2021-04-20 09:57:40,660.05,2999693
2021-04-20 09:57:39,660.15,2999643
2021-04-20 09:57:41,660.25,2999715
2021-04-20 09:57:42,660.05,2999766
2021-04-20 09:57:44,660.05,2999917
2021-04-20 09:57:45,660.25,2999995
2021-04-20 09:57:46,660.25,3000600
2021-04-20 09:57:47,660.25,3000600
2021-04-20 09:57:48,660.25,3000852
2021-04-20 09:57:49,660.05,3001006
2021-04-20 09:57:50,660.05,3001182
2021-04-20 09:57:52,660.25,3001192
2021-04-20 09:57:51,660.25,3001187
2021-04-20 09:57:53,660.25,3001695
2021-04-20 09:57:54,660.2,3001806
2021-04-20 09:57:55,660.25,3002026
2021-04-20 09:57:56,660.2,3002050
2021-04-20 09:57:57,660.25,3002066
2021-04-20 09:57:58,660.2,3002296
2021-04-20 09:57:59,660.2,3002342
2021-04-20 09:58:00,660.1,3004192
2021-04-20 09:58:01,660.0,3005074
2021-04-20 09:58:02,660.0,3005656
2021-04-20 09:58:03,660.0,3005656
2021-04-20 09:58:04,659.65,3006689
2021-04-20 09:58:05,659.9,3006716
2021-04-20 09:58:06,659.7,3007031
2021-04-20 09:58:07,659.7,3007051
2021-04-20 09:58:08,659.7,3007051
2021-04-20 09:58:09,659.65,3008539
2021-04-20 09:58:10,659.65,3008539
2021-04-20 09:58:11,659.85,3008714
2021-04-20 09:58:12,659.65,3008875
2021-04-20 09:58:13,660.05,3012092
2021-04-20 09:58:14,659.95,3013402
2021-04-20 09:58:15,659.95,3014083
2021-04-20 09:58:16,659.95,3014083
2021-04-20 09:58:17,659.85,3014474
2021-04-20 09:58:18,660.0,3014547
2021-04-20 09:58:19,660.0,3014602
2021-04-20 09:58:20,660.0,3014906
2021-04-20 09:58:21,659.8,3015045
2021-04-20 09:58:22,659.85,3015055
2021-04-20 09:58:23,659.9,3015453
2021-04-20 09:58:24,660.0,3015496
2021-04-20 09:58:25,660.0,3015725
2021-04-20 09:58:26,660.0,3015769
2021-04-20 09:58:27,659.85,3015838
2021-04-20 09:58:28,660.0,3016013
2021-04-20 09:58:29,659.95,3016245
2021-04-20 09:58:30,659.95,3016245
2021-04-20 09:58:31,659.95,3016382
2021-04-20 09:58:32,660.2,3017592
2021-04-20 09:58:33,660.2,3017796
2021-04-20 09:58:35,660.1,3018142
2021-04-20 09:58:35,660.1,3018142
2021-04-20 09:58:36,660.1,3018198
2021-04-20 09:58:37,660.3,3018329
2021-04-20 09:58:38,660.3,3018516
2021-04-20 09:58:40,660.2,3018517
2021-04-20 09:58:40,660.2,3018517
2021-04-20 09:58:41,660.3,3018538
2021-04-20 09:58:42,660.2,3018545
2021-04-20 09:58:43,660.35,3018641
2021-04-20 09:58:44,660.35,3018850
2021-04-20 09:58:45,660.3,3019091
2021-04-20 09:58:46,660.35,3020195
2021-04-20 09:58:47,660.35,3020368
2021-04-20 09:58:49,660.3,3020524
2021-04-20 09:58:49,660.4,3020536
2021-04-20 09:58:50,660.3,3020926
2021-04-20 09:58:51,660.35,3021278
2021-04-20 09:58:52,660.4,3021579
2021-04-20 09:58:53,660.3,3021618
2021-04-20 09:58:54,660.35,3021732
2021-04-20 09:58:56,660.4,3021787
2021-04-20 09:58:56,660.25,3021887
2021-04-20 09:58:58,660.3,3021897
2021-04-20 09:58:58,660.3,3021907
2021-04-20 09:58:59,660.3,3022797
2021-04-20 09:59:00,660.3,3022797
2021-04-20 09:59:01,660.1,3026177
2021-04-20 09:59:02,660.1,3026177
2021-04-20 09:59:04,659.9,3026423
2021-04-20 09:59:04,659.9,3026423
2021-04-20 09:59:05,660.05,3026617
2021-04-20 09:59:06,660.05,3026680
2021-04-20 09:59:07,660.15,3026690
2021-04-20 09:59:08,659.9,3026865
2021-04-20 09:59:10,659.95,3028363
2021-04-20 09:59:10,659.95,3028364
2021-04-20 09:59:11,659.85,3028410
2021-04-20 09:59:12,660.0,3028872
2021-04-20 09:59:13,660.05,3028957
2021-04-20 09:59:14,659.85,3030464
2021-04-20 09:59:15,659.85,3033005
2021-04-20 09:59:17,659.85,3034979
2021-04-20 09:59:17,659.9,3034993
2021-04-20 09:59:18,659.85,3035568
2021-04-20 09:59:19,659.95,3038731
2021-04-20 09:59:20,659.85,3039073
2021-04-20 09:59:22,659.95,3039245
2021-04-20 09:59:22,659.95,3039245
2021-04-20 09:59:23,659.95,3039245
2021-04-20 09:59:24,660.0,3040184
2021-04-20 09:59:25,660.0,3040258
2021-04-20 09:59:26,659.95,3041089
2021-04-20 09:59:28,659.75,3041236
2021-04-20 09:59:28,659.75,3041236
2021-04-20 09:59:30,659.95,3041380
2021-04-20 09:59:30,659.75,3041379
2021-04-20 09:59:31,659.95,3041602
2021-04-20 09:59:32,659.8,3041814
2021-04-20 09:59:34,660.1,3047698
2021-04-20 09:59:36,660.1,3048711
2021-04-20 09:59:36,660.1,3048711
2021-04-20 09:59:37,660.05,3049334
2021-04-20 09:59:38,660.2,3049426
2021-04-20 09:59:39,660.1,3049753
2021-04-20 09:59:41,660.3,3050239
2021-04-20 09:59:41,660.3,3050251
2021-04-20 09:59:42,660.4,3051982
2021-04-20 09:59:43,660.6,3052581
2021-04-20 09:59:44,660.4,3052721
2021-04-20 09:59:45,660.3,3052826
2021-04-20 09:59:46,660.3,3052826
2021-04-20 09:59:47,660.35,3053010
2021-04-20 09:59:49,660.3,3053165
2021-04-20 09:59:49,660.5,3053176
2021-04-20 09:59:50,660.35,3053488
2021-04-20 09:59:51,660.35,3053565
2021-04-20 09:59:52,660.35,3053614
2021-04-20 09:59:54,660.5,3053685
2021-04-20 09:59:54,660.5,3053685
2021-04-20 09:59:55,660.5,3053788
2021-04-20 09:59:56,660.5,3053814
2021-04-20 09:59:57,660.4,3053856
2021-04-20 09:59:58,660.4,3053918
2021-04-20 10:00:00,660.5,3054464
2021-04-20 10:00:00,660.5,3053919
2021-04-20 10:00:01,660.6,3057720
2021-04-20 10:00:02,660.5,3064131
2021-04-20 10:00:03,660.45,3064182
2021-04-20 10:00:04,660.5,3065375
2021-04-20 10:00:05,660.6,3066398
2021-04-20 10:00:06,661.05,3078399
2021-04-20 10:00:09,661.65,3085453
2021-04-20 10:00:10,661.75,3087004
2021-04-20 10:00:11,661.8,3087640
2021-04-20 10:00:12,661.35,3089084
2021-04-20 10:00:13,661.6,3089312
2021-04-20 10:00:14,661.35,3089628
2021-04-20 10:00:16,661.35,3089663
2021-04-20 10:00:16,661.35,3089663
2021-04-20 10:00:17,661.65,3089745
2021-04-20 10:00:18,661.6,3089776
2021-04-20 10:00:19,661.6,3090428
2021-04-20 10:00:20,661.75,3090667
2021-04-20 10:00:22,661.75,3090815
2021-04-20 10:00:22,661.75,3090835
2021-04-20 10:00:23,661.55,3091496
2021-04-20 10:00:24,661.55,3092299
2021-04-20 10:00:25,661.55,3092465
2021-04-20 10:00:27,661.55,3092517
2021-04-20 10:00:28,661.65,3092806
2021-04-20 10:00:28,661.55,3092906
2021-04-20 10:00:29,661.7,3092938
2021-04-20 10:00:30,661.6,3092945
2021-04-20 10:00:31,661.6,3093112
2021-04-20 10:00:33,661.55,3093766
2021-04-20 10:00:33,661.55,3094786
2021-04-20 10:00:34,661.55,3095454
2021-04-20 10:00:35,661.55,3095704
2021-04-20 10:00:36,661.6,3095904
2021-04-20 10:00:38,661.55,3095941
2021-04-20 10:00:39,661.7,3096306
2021-04-20 10:00:39,661.7,3096256
2021-04-20 10:00:40,661.55,3096563
2021-04-20 10:00:41,661.65,3096590
2021-04-20 10:00:43,661.7,3096863
2021-04-20 10:00:44,661.7,3097891
2021-04-20 10:00:45,661.7,3097954
2021-04-20 10:00:45,661.55,3098322
2021-04-20 10:00:46,661.75,3098345
2021-04-20 10:00:47,661.75,3098909
2021-04-20 10:00:49,661.65,3099593
2021-04-20 10:00:50,661.85,3104114
2021-04-20 10:00:51,661.65,3105129
2021-04-20 10:00:51,661.65,3105129
2021-04-20 10:00:52,661.55,3105292
2021-04-20 10:00:53,661.7,3105554
2021-04-20 10:00:54,661.65,3106728
2021-04-20 10:00:55,661.75,3107494
2021-04-20 10:00:56,661.65,3108098
2021-04-20 10:00:57,661.7,3108371
2021-04-20 10:00:59,661.75,3108782
2021-04-20 10:01:00,661.5,3108959
2021-04-20 10:01:01,661.7,3114380
2021-04-20 10:01:02,661.6,3115881
2021-04-20 10:01:03,661.45,3116377
2021-04-20 10:01:04,661.7,3119155
2021-04-20 10:01:05,661.7,3120500
2021-04-20 10:01:06,661.7,3120957
2021-04-20 10:01:06,661.65,3120975
2021-04-20 10:01:07,661.6,3120998
2021-04-20 10:01:08,661.7,3121412
2021-04-20 10:01:09,661.75,3121831
2021-04-20 10:01:11,661.9,3123952
2021-04-20 10:01:12,661.65,3124677
2021-04-20 10:01:13,661.9,3125611
2021-04-20 10:01:13,661.9,3125661
2021-04-20 10:01:14,661.6,3125818
2021-04-20 10:01:15,661.5,3127985
2021-04-20 10:01:16,661.2,3130001
2021-04-20 10:01:18,661.2,3130713
2021-04-20 10:01:19,661.0,3135122
2021-04-20 10:01:20,661.0,3135385
2021-04-20 10:01:21,660.75,3136835
2021-04-20 10:01:22,660.3,3139678
2021-04-20 10:01:22,660.35,3139329
2021-04-20 10:01:23,660.65,3140456
2021-04-20 10:01:24,660.45,3140620
2021-04-20 10:01:25,660.45,3141137
2021-04-20 10:01:27,660.9,3142250
2021-04-20 10:01:28,660.65,3142263
2021-04-20 10:01:29,660.6,3142610
2021-04-20 10:01:29,660.9,3142589
2021-04-20 10:01:30,661.35,3146218
2021-04-20 10:01:31,661.35,3147082
2021-04-20 10:01:32,661.3,3147092
2021-04-20 10:01:33,661.35,3147567
2021-04-20 10:01:35,661.65,3148491
2021-04-20 10:01:36,661.3,3148753
2021-04-20 10:01:36,661.5,3148854
2021-04-20 10:01:37,661.45,3148959
2021-04-20 10:01:39,661.4,3149206
2021-04-20 10:01:40,661.2,3149922
2021-04-20 10:01:40,661.4,3153444
2021-04-20 10:01:42,661.45,3154451
2021-04-20 10:01:43,661.45,3154462
2021-04-20 10:01:44,661.45,3154847
2021-04-20 10:01:45,661.2,3155218
2021-04-20 10:01:46,661.2,3156121
2021-04-20 10:01:47,661.1,3156510
2021-04-20 10:01:48,661.15,3157018
2021-04-20 10:01:49,661.2,3157278
2021-04-20 10:01:49,661.2,3157281
2021-04-20 10:01:50,661.35,3158352
2021-04-20 10:01:51,661.3,3158760
2021-04-20 10:01:52,661.3,3158760
2021-04-20 10:01:53,661.4,3159031
2021-04-20 10:01:54,661.45,3159139
2021-04-20 10:01:55,661.25,3159572
2021-04-20 10:01:56,660.6,3164964
2021-04-20 10:01:57,660.6,3165031
2021-04-20 10:01:58,660.75,3165192
2021-04-20 10:01:59,660.7,3166983
2021-04-20 10:02:00,660.8,3167848
2021-04-20 10:02:02,660.85,3167858
2021-04-20 10:02:03,660.7,3167860
2021-04-20 10:02:04,660.65,3168130
2021-04-20 10:02:04,660.65,3168130
2021-04-20 10:02:06,661.0,3168340
2021-04-20 10:02:07,661.2,3173341
2021-04-20 10:02:08,660.75,3174171
2021-04-20 10:02:09,660.95,3174787
2021-04-20 10:02:10,660.85,3174897
2021-04-20 10:02:11,660.85,3175013
2021-04-20 10:02:12,660.95,3175915
2021-04-20 10:02:13,660.65,3176340
2021-04-20 10:02:15,660.85,3176503
2021-04-20 10:02:16,660.85,3176503
2021-04-20 10:02:17,660.8,3176539
2021-04-20 10:02:18,660.8,3176776
2021-04-20 10:02:18,661.0,3176952
2021-04-20 10:02:19,661.0,3177001
2021-04-20 10:02:20,661.0,3178818
2021-04-20 10:02:21,661.05,3179661
2021-04-20 10:02:22,661.25,3179688
2021-04-20 10:02:23,661.3,3179769
2021-04-20 10:02:24,661.25,3179877
2021-04-20 10:02:25,661.3,3180234
2021-04-20 10:02:26,661.5,3184069
2021-04-20 10:02:27,661.25,3185093
2021-04-20 10:02:30,661.35,3185491
2021-04-20 10:02:32,661.25,3185852
2021-04-20 10:02:33,661.6,3187361
2021-04-20 10:02:34,661.45,3190583
2021-04-20 10:02:34,661.35,3189957
2021-04-20 10:02:35,661.45,3192462
2021-04-20 10:02:36,661.45,3193193
2021-04-20 10:02:37,661.45,3193213
2021-04-20 10:02:38,661.45,3193215
2021-04-20 10:02:39,661.35,3203997
2021-04-20 10:02:40,661.05,3205133
2021-04-20 10:02:41,661.25,3205763
2021-04-20 10:02:42,661.0,3207969
2021-04-20 10:02:43,661.0,3208004
2021-04-20 10:02:45,660.8,3209168
2021-04-20 10:02:46,660.5,3211196
2021-04-20 10:02:47,660.4,3211825
2021-04-20 10:02:48,660.45,3212193
2021-04-20 10:02:49,660.55,3212543
2021-04-20 10:02:50,660.55,3213127
2021-04-20 10:02:50,660.65,3213618
2021-04-20 10:02:51,660.65,3218045
2021-04-20 10:02:53,660.55,3219033
2021-04-20 10:02:54,660.7,3220118
2021-04-20 10:02:55,660.7,3220440
2021-04-20 10:02:56,660.75,3220720
2021-04-20 10:02:57,660.95,3220771
2021-04-20 10:02:57,660.95,3220809
2021-04-20 10:02:58,660.75,3220840
2021-04-20 10:02:59,660.7,3220848
2021-04-20 10:03:00,660.65,3221281
2021-04-20 10:03:01,660.65,3221450
2021-04-20 10:03:02,660.65,3221459
2021-04-20 10:03:03,660.6,3221668
2021-04-20 10:03:04,660.6,3221809
2021-04-20 10:03:05,660.5,3225574
2021-04-20 10:03:06,660.4,3226170
2021-04-20 10:03:07,660.4,3226300
2021-04-20 10:03:09,660.4,3226383
2021-04-20 10:03:10,660.35,3226657
2021-04-20 10:03:11,660.5,3227287
2021-04-20 10:03:12,660.45,3227823
2021-04-20 10:03:13,660.45,3227930
2021-04-20 10:03:14,660.65,3228163
2021-04-20 10:03:14,660.45,3228238
2021-04-20 10:03:15,660.45,3228257
2021-04-20 10:03:16,660.45,3228270
2021-04-20 10:03:17,660.45,3228402
2021-04-20 10:03:18,660.45,3229644
2021-04-20 10:03:19,660.35,3231847
2021-04-20 10:03:21,660.3,3232516
2021-04-20 10:03:22,661.0,3240851
2021-04-20 10:03:22,660.75,3242255
2021-04-20 10:03:24,660.7,3242851
2021-04-20 10:03:25,661.05,3242937
2021-04-20 10:03:25,661.05,3242969
2021-04-20 10:03:26,661.0,3243211
2021-04-20 10:03:27,661.05,3245502
2021-04-20 10:03:28,660.8,3246234
2021-04-20 10:03:29,660.8,3246553
2021-04-20 10:03:30,660.75,3251323
2021-04-20 10:03:32,661.2,3253544
2021-04-20 10:03:33,661.0,3253651
2021-04-20 10:03:33,660.95,3253647
2021-04-20 10:03:34,660.8,3253783
2021-04-20 10:03:35,660.75,3254146
2021-04-20 10:03:36,661.0,3254185
2021-04-20 10:03:37,660.95,3254360
2021-04-20 10:03:38,660.95,3254391
2021-04-20 10:03:40,660.95,3255984
2021-04-20 10:03:40,660.8,3257268
2021-04-20 10:03:41,660.6,3257591
2021-04-20 10:03:42,661.0,3257599
2021-04-20 10:03:43,660.85,3257705
2021-04-20 10:03:44,660.7,3257833
2021-04-20 10:03:45,660.65,3257959
2021-04-20 10:03:46,660.65,3257966
2021-04-20 10:03:47,660.7,3258033
2021-04-20 10:03:48,660.6,3259812
2021-04-20 10:03:49,660.55,3259900
2021-04-20 10:03:50,660.6,3259906
2021-04-20 10:03:51,660.45,3260162
2021-04-20 10:03:53,660.5,3260268
2021-04-20 10:03:53,660.45,3261141
2021-04-20 10:03:55,660.2,3261774
2021-04-20 10:03:56,660.1,3262233
2021-04-20 10:03:57,660.3,3262972
2021-04-20 10:03:58,660.05,3263472
2021-04-20 10:03:59,660.3,3263513
2021-04-20 10:03:59,660.0,3263869
2021-04-20 10:04:00,659.9,3272884
2021-04-20 10:04:01,659.35,3279255
2021-04-20 10:04:02,659.2,3279986
2021-04-20 10:04:03,659.35,3280881
2021-04-20 10:04:05,659.3,3282483
2021-04-20 10:04:05,659.1,3283033
2021-04-20 10:04:06,659.35,3284037
2021-04-20 10:04:07,659.25,3284117
2021-04-20 10:04:09,659.2,3284950
2021-04-20 10:04:09,659.25,3285222
2021-04-20 10:04:10,659.25,3285222
2021-04-20 10:04:11,659.25,3286478
2021-04-20 10:04:13,659.2,3287647
2021-04-20 10:04:14,659.25,3288023
2021-04-20 10:04:15,659.4,3293174
2021-04-20 10:04:16,659.2,3294054
2021-04-20 10:04:17,659.5,3294180
2021-04-20 10:04:18,659.5,3294524
2021-04-20 10:04:19,659.75,3294882
2021-04-20 10:04:20,659.65,3296916
2021-04-20 10:04:20,659.6,3297228
2021-04-20 10:04:21,659.6,3297264
2021-04-20 10:04:22,659.75,3297328
2021-04-20 10:04:23,659.85,3297660
2021-04-20 10:04:24,660.0,3298894
2021-04-20 10:04:25,660.2,3299185
2021-04-20 10:04:26,660.25,3299568
2021-04-20 10:04:27,660.3,3299597
2021-04-20 10:04:28,660.35,3300820
2021-04-20 10:04:29,660.3,3301757
2021-04-20 10:04:30,660.3,3302798
2021-04-20 10:04:31,660.6,3303561
2021-04-20 10:04:32,660.75,3304139
2021-04-20 10:04:33,660.75,3304197
2021-04-20 10:04:34,660.8,3307918
2021-04-20 10:04:35,660.45,3308722
2021-04-20 10:04:36,660.75,3309235
2021-04-20 10:04:38,660.95,3309787
2021-04-20 10:04:39,660.85,3310245
2021-04-20 10:04:39,660.85,3315297
2021-04-20 10:04:40,660.6,3315841
2021-04-20 10:04:41,660.65,3317470
2021-04-20 10:04:42,660.5,3318375
2021-04-20 10:04:43,660.6,3318545
2021-04-20 10:04:45,660.8,3319390
2021-04-20 10:04:48,660.75,3320954
2021-04-20 10:04:49,660.8,3321497
2021-04-20 10:04:50,660.5,3322261
2021-04-20 10:04:51,660.5,3322268
2021-04-20 10:04:52,660.5,3322433
2021-04-20 10:04:52,660.15,3326083
2021-04-20 10:04:53,660.05,3326171
2021-04-20 10:04:55,659.7,3327453
2021-04-20 10:04:56,660.05,3328750
2021-04-20 10:04:57,660.05,3328768
2021-04-20 10:04:58,660.05,3328886
2021-04-20 10:04:59,660.05,3329007
2021-04-20 10:05:01,660.0,3333713
