timestamp,ltp,volume
2021-04-20 09:15:32,850.65,144138
2021-04-20 09:15:33,850.8,153869
2021-04-20 09:15:34,850.3,159665
2021-04-20 09:15:35,851.0,162097
2021-04-20 09:15:36,850.5,164872
2021-04-20 09:15:37,850.25,167152
2021-04-20 09:15:38,850.15,169944
2021-04-20 09:15:39,849.1,175444
2021-04-20 09:15:40,849.1,177867
2021-04-20 09:15:41,849.4,181037
2021-04-20 09:15:42,849.0,183363
2021-04-20 09:15:43,848.15,185133
2021-04-20 09:15:44,849.0,188793
2021-04-20 09:15:45,850.55,194255
2021-04-20 09:15:46,850.55,200593
2021-04-20 09:15:47,851.25,203315
2021-04-20 09:15:48,850.2,206230
2021-04-20 09:15:49,849.5,207859
2021-04-20 09:15:50,848.65,210831
2021-04-20 09:15:51,847.65,215137
2021-04-20 09:15:52,847.95,216220
2021-04-20 09:15:53,847.35,222982
2021-04-20 09:15:54,846.9,226145
2021-04-20 09:15:56,847.35,228857
2021-04-20 09:15:57,848.25,229742
2021-04-20 09:15:58,848.3,231612
2021-04-20 09:15:59,849.4,232379
2021-04-20 09:16:00,848.7,235017
2021-04-20 09:16:01,848.95,237594
2021-04-20 09:16:02,849.2,237895
2021-04-20 09:16:03,849.15,240655
2021-04-20 09:16:05,849.0,245424
2021-04-20 09:16:05,849.0,245427
2021-04-20 09:16:06,849.45,245712
2021-04-20 09:16:07,849.55,247662
2021-04-20 09:16:08,849.6,247924
2021-04-20 09:16:09,849.15,249116
2021-04-20 09:16:10,849.15,249700
2021-04-20 09:16:11,850.8,254433
2021-04-20 09:16:12,850.3,255140
2021-04-20 09:16:13,850.35,255369
2021-04-20 09:16:14,850.2,255861
2021-04-20 09:16:15,850.5,256509
2021-04-20 09:16:16,850.25,256817
2021-04-20 09:16:17,849.05,262256
2021-04-20 09:16:18,848.05,265291
2021-04-20 09:16:19,848.55,266208
2021-04-20 09:16:20,848.05,267587
2021-04-20 09:16:21,849.0,268894
2021-04-20 09:16:22,849.25,269234
2021-04-20 09:16:23,849.25,269449
2021-04-20 09:16:24,848.85,270352
2021-04-20 09:16:25,849.6,270629
2021-04-20 09:16:26,849.55,272186
2021-04-20 09:16:27,849.6,272704
2021-04-20 09:16:28,849.05,273781
2021-04-20 09:16:29,849.9,275481
2021-04-20 09:16:30,848.65,277560
2021-04-20 09:16:31,849.2,278321
2021-04-20 09:16:32,849.15,278744
2021-04-20 09:16:33,848.3,282185
2021-04-20 09:16:34,849.3,282975
2021-04-20 09:16:35,848.3,285474
2021-04-20 09:16:36,848.45,290712
2021-04-20 09:16:37,848.4,292363
2021-04-20 09:16:38,848.4,293129
2021-04-20 09:16:39,848.05,293773
2021-04-20 09:16:40,848.1,294665
2021-04-20 09:16:41,848.1,294780
2021-04-20 09:16:42,847.05,311237
2021-04-20 09:16:43,846.6,312307
2021-04-20 09:16:44,847.25,313454
2021-04-20 09:16:45,847.3,313752
2021-04-20 09:16:46,846.9,313864
2021-04-20 09:16:47,847.55,314072
2021-04-20 09:16:48,847.25,315148
2021-04-20 09:16:49,847.7,315264
2021-04-20 09:16:50,848.25,317061
2021-04-20 09:16:52,847.05,319926
2021-04-20 09:16:53,847.15,319960
2021-04-20 09:16:54,847.0,322594
2021-04-20 09:16:55,847.3,323354
2021-04-20 09:16:56,846.9,324906
2021-04-20 09:16:57,846.5,325180
2021-04-20 09:16:58,847.0,325687
2021-04-20 09:16:59,847.0,326496
2021-04-20 09:17:00,847.0,326536
2021-04-20 09:17:02,847.8,331771
2021-04-20 09:17:03,848.3,331824
2021-04-20 09:17:04,848.15,331972
2021-04-20 09:17:05,847.0,336163
2021-04-20 09:17:06,847.75,336704
2021-04-20 09:17:07,847.7,337444
2021-04-20 09:17:08,848.1,340787
2021-04-20 09:17:09,849.45,350240
2021-04-20 09:17:10,849.8,359846
2021-04-20 09:17:11,849.85,362549
2021-04-20 09:17:12,849.8,362840
2021-04-20 09:17:13,849.4,365861
2021-04-20 09:17:13,849.4,366061
2021-04-20 09:17:14,849.75,367839
2021-04-20 09:17:16,849.5,374068
2021-04-20 09:17:17,849.9,374289
2021-04-20 09:17:18,849.85,374848
2021-04-20 09:17:19,850.0,376066
2021-04-20 09:17:20,850.05,376632
2021-04-20 09:17:21,850.0,376654
2021-04-20 09:17:22,849.85,377866
2021-04-20 09:17:23,849.5,377966
2021-04-20 09:17:24,850.2,378608
2021-04-20 09:17:25,850.2,378936
2021-04-20 09:17:27,850.8,379801
2021-04-20 09:17:28,850.35,379979
2021-04-20 09:17:29,851.0,381961
2021-04-20 09:17:30,850.5,382654
2021-04-20 09:17:31,850.9,383894
2021-04-20 09:17:32,850.7,383945
2021-04-20 09:17:33,850.45,384062
2021-04-20 09:17:34,850.95,384761
2021-04-20 09:17:35,850.95,384976
2021-04-20 09:17:36,850.2,385176
2021-04-20 09:17:36,850.5,385231
2021-04-20 09:17:38,850.95,386464
2021-04-20 09:17:39,850.9,386854
2021-04-20 09:17:40,850.3,388242
2021-04-20 09:17:41,850.2,388467
2021-04-20 09:17:42,850.05,389148
2021-04-20 09:17:43,850.05,389375
2021-04-20 09:17:44,850.5,389448
2021-04-20 09:17:45,850.5,389701
2021-04-20 09:17:46,850.0,390995
2021-04-20 09:17:46,850.45,390745
2021-04-20 09:17:48,850.0,396284
2021-04-20 09:17:49,850.05,396792
2021-04-20 09:17:50,849.75,397900
2021-04-20 09:17:51,849.7,398205
2021-04-20 09:17:52,850.1,400064
2021-04-20 09:17:53,850.0,400080
2021-04-20 09:17:54,850.2,400525
2021-04-20 09:17:55,850.0,400673
2021-04-20 09:17:56,849.4,401036
2021-04-20 09:17:57,849.55,401995
2021-04-20 09:17:58,849.7,402126
2021-04-20 09:17:59,850.1,403037
2021-04-20 09:18:00,850.4,403169
2021-04-20 09:18:01,850.0,403779
2021-04-20 09:18:02,849.9,405509
2021-04-20 09:18:03,850.3,406023
2021-04-20 09:18:04,850.2,406086
2021-04-20 09:18:05,849.95,406392
2021-04-20 09:18:06,849.5,406586
2021-04-20 09:18:07,849.4,407374
2021-04-20 09:18:08,849.15,409265
2021-04-20 09:18:09,849.4,409376
2021-04-20 09:18:10,849.05,409407
2021-04-20 09:18:11,848.9,410003
2021-04-20 09:18:12,849.05,410013
2021-04-20 09:18:13,849.2,410426
2021-04-20 09:18:14,849.0,410655
2021-04-20 09:18:15,848.9,410836
2021-04-20 09:18:15,848.9,410716
2021-04-20 09:18:17,848.9,411471
2021-04-20 09:18:18,848.55,411522
2021-04-20 09:18:19,848.75,411947
2021-04-20 09:18:20,848.5,412211
2021-04-20 09:18:21,848.0,412584
2021-04-20 09:18:22,848.3,412702
2021-04-20 09:18:23,848.05,412824
2021-04-20 09:18:24,848.1,412929
2021-04-20 09:18:25,848.05,413061
2021-04-20 09:18:27,848.05,413963
2021-04-20 09:18:28,848.1,414049
2021-04-20 09:18:29,848.25,414112
2021-04-20 09:18:30,848.2,414254
2021-04-20 09:18:31,848.2,414523
2021-04-20 09:18:32,847.1,420133
2021-04-20 09:18:33,847.35,420391
2021-04-20 09:18:34,847.55,421275
2021-04-20 09:18:35,847.0,422032
2021-04-20 09:18:36,847.0,422287
2021-04-20 09:18:37,847.4,422945
2021-04-20 09:18:38,847.3,427199
2021-04-20 09:18:39,847.0,427250
2021-04-20 09:18:40,847.05,427994
2021-04-20 09:18:41,847.0,428367
2021-04-20 09:18:41,847.0,428367
2021-04-20 09:18:42,847.4,428554
2021-04-20 09:18:43,847.0,428639
2021-04-20 09:18:44,847.35,428901
2021-04-20 09:18:45,847.05,429051
2021-04-20 09:18:46,846.6,430804
2021-04-20 09:18:47,847.0,430905
2021-04-20 09:18:49,847.0,430963
2021-04-20 09:18:50,847.05,431455
2021-04-20 09:18:51,846.7,431723
2021-04-20 09:18:52,847.0,432374
2021-04-20 09:18:53,847.0,433227
2021-04-20 09:18:54,847.0,433300
2021-04-20 09:18:55,846.7,433381
2021-04-20 09:18:56,846.6,433527
2021-04-20 09:18:57,846.3,439891
2021-04-20 09:18:58,845.9,440306
2021-04-20 09:18:59,845.9,440830
2021-04-20 09:19:00,846.45,441131
2021-04-20 09:19:01,846.05,441195
2021-04-20 09:19:02,846.0,441397
2021-04-20 09:19:03,846.0,441445
2021-04-20 09:19:04,846.05,441469
2021-04-20 09:19:05,846.05,442156
2021-04-20 09:19:06,846.3,442315
2021-04-20 09:19:07,846.1,442702
2021-04-20 09:19:08,846.0,443102
2021-04-20 09:19:09,846.0,443466
2021-04-20 09:19:10,845.7,444614
2021-04-20 09:19:11,846.0,444784
2021-04-20 09:19:12,845.6,444834
2021-04-20 09:19:13,846.4,446820
2021-04-20 09:19:13,846.0,447251
2021-04-20 09:19:14,846.0,447612
2021-04-20 09:19:15,845.65,448085
2021-04-20 09:19:16,845.75,448153
2021-04-20 09:19:17,845.8,448535
2021-04-20 09:19:18,846.0,448566
2021-04-20 09:19:19,846.0,450528
2021-04-20 09:19:20,845.8,452264
2021-04-20 09:19:21,845.7,453310
2021-04-20 09:19:22,846.0,453343
2021-04-20 09:19:23,845.5,453693
2021-04-20 09:19:24,845.65,455391
2021-04-20 09:19:25,845.25,456718
2021-04-20 09:19:26,844.85,464976
2021-04-20 09:19:27,844.5,465237
2021-04-20 09:19:28,844.45,465918
2021-04-20 09:19:29,844.4,466197
2021-04-20 09:19:30,844.95,469431
2021-04-20 09:19:31,844.75,469819
2021-04-20 09:19:32,844.7,470456
2021-04-20 09:19:33,844.0,473762
2021-04-20 09:19:34,844.0,473998
2021-04-20 09:19:35,844.4,474483
2021-04-20 09:19:36,844.0,476263
2021-04-20 09:19:37,844.25,478188
2021-04-20 09:19:38,844.25,478557
2021-04-20 09:19:39,844.2,478677
2021-04-20 09:19:40,845.4,486613
2021-04-20 09:19:41,845.3,487514
2021-04-20 09:19:42,845.25,488088
2021-04-20 09:19:43,845.25,488564
2021-04-20 09:19:44,845.0,489016
2021-04-20 09:19:45,845.3,489119
2021-04-20 09:19:46,845.3,489228
2021-04-20 09:19:47,845.55,490045
2021-04-20 09:19:48,845.1,490048
2021-04-20 09:19:49,845.0,490723
2021-04-20 09:19:50,845.45,491315
2021-04-20 09:19:51,845.3,491427
2021-04-20 09:19:52,845.6,492015
2021-04-20 09:19:53,845.25,493076
2021-04-20 09:19:54,845.0,493211
2021-04-20 09:19:55,845.35,493394
2021-04-20 09:19:56,845.0,498190
2021-04-20 09:19:57,844.75,498591
2021-04-20 09:19:58,844.75,498882
2021-04-20 09:19:59,844.95,500111
2021-04-20 09:20:00,844.9,500231
2021-04-20 09:20:01,844.7,500697
2021-04-20 09:20:02,845.0,501457
2021-04-20 09:20:03,845.6,505279
2021-04-20 09:20:04,844.95,505960
2021-04-20 09:20:05,845.65,522236
2021-04-20 09:20:06,846.15,522251
2021-04-20 09:20:08,845.5,522590
2021-04-20 09:20:09,845.55,522861
2021-04-20 09:20:10,845.4,523241
2021-04-20 09:20:11,845.7,523299
2021-04-20 09:20:11,845.7,523324
2021-04-20 09:20:12,845.5,523735
2021-04-20 09:20:13,845.1,524951
2021-04-20 09:20:14,845.15,525850
2021-04-20 09:20:15,845.0,525980
2021-04-20 09:20:16,845.0,526006
2021-04-20 09:20:17,845.3,526035
2021-04-20 09:20:18,845.0,526072
2021-04-20 09:20:19,845.1,526772
2021-04-20 09:20:20,845.35,526975
2021-04-20 09:20:21,845.1,527369
2021-04-20 09:20:22,845.4,528123
2021-04-20 09:20:23,845.1,529223
2021-04-20 09:20:24,844.55,531673
2021-04-20 09:20:25,844.5,533373
2021-04-20 09:20:26,844.25,534117
2021-04-20 09:20:27,844.4,534433
2021-04-20 09:20:29,844.55,535942
2021-04-20 09:20:30,844.15,536612
2021-04-20 09:20:30,844.6,536662
2021-04-20 09:20:31,845.0,537315
2021-04-20 09:20:32,845.3,537575
2021-04-20 09:20:33,845.1,537605
2021-04-20 09:20:34,845.0,538282
2021-04-20 09:20:35,845.55,538372
2021-04-20 09:20:36,846.4,543478
2021-04-20 09:20:38,845.85,544062
2021-04-20 09:20:39,846.45,544073
2021-04-20 09:20:39,845.9,544223
2021-04-20 09:20:41,846.35,544456
2021-04-20 09:20:42,845.75,544914
2021-04-20 09:20:43,846.0,544916
2021-04-20 09:20:44,845.65,545064
2021-04-20 09:20:45,846.2,545173
2021-04-20 09:20:45,845.9,545183
2021-04-20 09:20:46,846.0,545203
2021-04-20 09:20:47,845.9,545387
2021-04-20 09:20:48,846.5,546592
2021-04-20 09:20:49,846.5,546794
2021-04-20 09:20:50,846.0,547185
2021-04-20 09:20:51,845.75,547491
2021-04-20 09:20:52,845.7,547528
2021-04-20 09:20:53,846.0,547728
2021-04-20 09:20:54,846.0,547737
2021-04-20 09:20:55,846.0,548039
2021-04-20 09:20:56,846.0,548359
2021-04-20 09:20:57,846.0,548629
2021-04-20 09:20:58,846.0,548778
2021-04-20 09:20:59,846.45,549399
2021-04-20 09:21:00,846.4,549409
2021-04-20 09:21:01,846.0,549414
2021-04-20 09:21:02,846.75,550667
2021-04-20 09:21:03,846.95,550922
2021-04-20 09:21:04,847.0,551452
2021-04-20 09:21:05,847.0,551704
2021-04-20 09:21:06,846.75,552318
2021-04-20 09:21:07,846.7,552338
2021-04-20 09:21:08,846.95,552378
2021-04-20 09:21:09,846.5,552672
2021-04-20 09:21:10,846.45,553786
2021-04-20 09:21:11,846.1,554336
2021-04-20 09:21:12,846.05,554916
2021-04-20 09:21:13,846.5,554967
2021-04-20 09:21:15,846.45,555367
2021-04-20 09:21:16,847.0,555749
2021-04-20 09:21:17,847.0,556278
2021-04-20 09:21:18,846.95,556438
2021-04-20 09:21:19,847.0,557091
2021-04-20 09:21:20,847.0,557221
2021-04-20 09:21:21,847.0,558470
2021-04-20 09:21:22,847.0,558645
2021-04-20 09:21:23,846.85,559015
2021-04-20 09:21:24,846.95,559121
2021-04-20 09:21:25,846.8,559528
2021-04-20 09:21:26,846.85,560382
2021-04-20 09:21:27,846.95,560432
2021-04-20 09:21:28,846.95,560482
2021-04-20 09:21:29,846.85,560533
2021-04-20 09:21:30,846.85,560690
2021-04-20 09:21:31,846.85,560690
2021-04-20 09:21:32,846.5,560880
2021-04-20 09:21:33,846.9,561025
2021-04-20 09:21:34,846.95,561065
2021-04-20 09:21:35,846.5,561746
2021-04-20 09:21:36,846.85,561794
2021-04-20 09:21:37,846.9,563136
2021-04-20 09:21:38,846.9,564771
2021-04-20 09:21:38,847.4,565472
2021-04-20 09:21:40,846.95,566254
2021-04-20 09:21:41,847.5,567503
2021-04-20 09:21:42,847.6,568344
2021-04-20 09:21:43,847.7,569321
2021-04-20 09:21:44,847.7,569816
2021-04-20 09:21:45,847.65,570160
2021-04-20 09:21:45,847.65,570185
2021-04-20 09:21:46,847.35,571039
2021-04-20 09:21:47,847.0,571398
2021-04-20 09:21:49,846.9,571947
2021-04-20 09:21:50,847.25,572163
2021-04-20 09:21:51,847.2,572998
2021-04-20 09:21:52,847.35,573158
2021-04-20 09:21:53,847.5,573376
2021-04-20 09:21:54,847.0,575485
2021-04-20 09:21:54,847.55,574744
2021-04-20 09:21:56,847.45,575747
2021-04-20 09:21:57,847.55,576151
2021-04-20 09:21:58,847.55,576424
2021-04-20 09:21:59,847.3,576466
2021-04-20 09:22:00,847.0,577662
2021-04-20 09:22:01,846.95,578088
2021-04-20 09:22:02,847.0,580336
2021-04-20 09:22:03,847.5,580801
2021-04-20 09:22:04,847.5,580873
2021-04-20 09:22:05,847.45,581224
2021-04-20 09:22:06,847.7,585659
2021-04-20 09:22:06,847.1,584931
2021-04-20 09:22:07,847.75,585904
2021-04-20 09:22:08,847.75,595288
2021-04-20 09:22:09,847.6,597066
2021-04-20 09:22:11,847.95,597261
2021-04-20 09:22:12,847.5,601421
2021-04-20 09:22:13,848.0,601898
2021-04-20 09:22:14,848.5,602033
2021-04-20 09:22:15,848.6,602468
2021-04-20 09:22:16,848.6,602478
2021-04-20 09:22:17,849.0,603292
2021-04-20 09:22:18,848.65,604207
2021-04-20 09:22:18,848.65,604224
2021-04-20 09:22:20,848.55,604650
2021-04-20 09:22:21,848.65,604873
2021-04-20 09:22:22,848.65,605178
2021-04-20 09:22:23,848.65,605260
2021-04-20 09:22:25,848.9,606595
2021-04-20 09:22:25,848.9,606595
2021-04-20 09:22:27,848.7,606631
2021-04-20 09:22:28,848.95,606669
2021-04-20 09:22:29,849.0,607721
2021-04-20 09:22:30,849.4,612289
2021-04-20 09:22:31,849.45,613439
2021-04-20 09:22:31,849.45,613472
2021-04-20 09:22:33,849.85,617212
2021-04-20 09:22:34,850.8,629079
2021-04-20 09:22:35,850.5,631875
2021-04-20 09:22:36,850.8,634803
2021-04-20 09:22:37,851.0,635291
2021-04-20 09:22:37,851.4,642395
2021-04-20 09:22:39,851.5,643563
2021-04-20 09:22:40,851.75,646171
2021-04-20 09:22:41,851.4,646596
2021-04-20 09:22:42,851.35,647405
2021-04-20 09:22:43,851.8,647690
2021-04-20 09:22:44,851.95,648811
2021-04-20 09:22:45,852.0,649138
2021-04-20 09:22:46,851.45,650289
2021-04-20 09:22:46,851.8,650314
2021-04-20 09:22:47,851.9,651230
2021-04-20 09:22:49,851.7,651510
2021-04-20 09:22:50,851.4,652211
2021-04-20 09:22:51,851.85,652577
2021-04-20 09:22:53,851.7,653156
2021-04-20 09:22:54,852.0,653707
2021-04-20 09:22:55,852.0,663166
2021-04-20 09:22:56,852.0,663695
2021-04-20 09:22:57,851.75,664231
2021-04-20 09:22:58,851.7,664946
2021-04-20 09:22:59,852.35,668865
2021-04-20 09:23:00,851.7,669295
2021-04-20 09:23:01,851.65,669595
2021-04-20 09:23:02,852.8,675492
2021-04-20 09:23:03,852.1,675758
2021-04-20 09:23:04,852.7,676116
2021-04-20 09:23:05,852.35,677242
2021-04-20 09:23:06,852.4,677563
2021-04-20 09:23:07,852.25,678724
2021-04-20 09:23:08,852.3,678729
2021-04-20 09:23:09,852.75,679149
2021-04-20 09:23:10,852.75,680481
2021-04-20 09:23:11,853.0,682467
2021-04-20 09:23:12,852.75,683810
2021-04-20 09:23:13,853.0,684276
2021-04-20 09:23:14,853.2,686543
2021-04-20 09:23:15,852.8,686887
2021-04-20 09:23:16,853.0,687275
2021-04-20 09:23:17,852.75,687425
2021-04-20 09:23:19,852.25,689958
2021-04-20 09:23:18,852.3,689947
2021-04-20 09:23:20,852.25,692402
2021-04-20 09:23:21,852.25,692657
2021-04-20 09:23:22,852.45,694818
2021-04-20 09:23:23,852.7,696215
2021-04-20 09:23:24,852.3,696486
2021-04-20 09:23:25,852.3,697598
2021-04-20 09:23:26,852.75,698302
2021-04-20 09:23:27,852.8,701022
2021-04-20 09:23:28,852.7,701668
2021-04-20 09:23:29,852.9,702214
2021-04-20 09:23:30,852.5,702855
2021-04-20 09:23:31,852.5,702993
2021-04-20 09:23:32,852.4,704533
2021-04-20 09:23:33,852.7,704942
2021-04-20 09:23:34,852.7,705017
2021-04-20 09:23:35,852.3,705443
2021-04-20 09:23:37,852.45,705856
2021-04-20 09:23:36,852.4,705855
2021-04-20 09:23:38,852.9,707416
2021-04-20 09:23:39,853.0,712189
2021-04-20 09:23:40,853.0,712753
2021-04-20 09:23:41,853.0,713798
2021-04-20 09:23:42,853.0,718803
2021-04-20 09:23:43,852.5,726159
2021-04-20 09:23:44,852.95,726970
2021-04-20 09:23:45,852.85,728517
2021-04-20 09:23:47,852.3,729454
2021-04-20 09:23:46,852.45,729364
2021-04-20 09:23:48,852.65,729700
2021-04-20 09:23:49,852.65,729856
2021-04-20 09:23:50,852.6,730265
2021-04-20 09:23:51,852.3,732634
2021-04-20 09:23:52,852.4,732735
2021-04-20 09:23:53,852.4,733159
2021-04-20 09:23:54,852.25,733625
2021-04-20 09:23:55,853.35,740067
2021-04-20 09:23:56,853.25,740506
2021-04-20 09:23:57,853.7,740576
2021-04-20 09:23:58,853.7,740799
2021-04-20 09:23:59,853.8,741367
2021-04-20 09:24:00,854.2,744494
2021-04-20 09:24:01,854.0,745571
2021-04-20 09:24:02,854.2,746770
2021-04-20 09:24:03,854.75,747443
2021-04-20 09:24:04,854.8,748481
2021-04-20 09:24:05,854.8,749150
2021-04-20 09:24:06,854.95,751527
2021-04-20 09:24:08,854.55,755163
2021-04-20 09:24:07,854.55,755146
2021-04-20 09:24:09,854.9,756036
2021-04-20 09:24:10,855.2,764950
2021-04-20 09:24:11,854.95,765908
2021-04-20 09:24:12,855.55,766814
2021-04-20 09:24:13,855.3,767073
2021-04-20 09:24:14,855.7,768705
2021-04-20 09:24:15,855.25,769918
2021-04-20 09:24:16,855.4,770661
2021-04-20 09:24:17,855.3,772142
2021-04-20 09:24:19,855.25,774147
2021-04-20 09:24:21,855.4,774578
2021-04-20 09:24:23,855.45,776005
2021-04-20 09:24:22,855.45,775994
2021-04-20 09:24:24,855.05,777488
2021-04-20 09:24:25,855.3,783951
2021-04-20 09:24:26,855.6,784680
2021-04-20 09:24:27,855.05,785472
2021-04-20 09:24:28,855.05,785472
2021-04-20 09:24:29,855.05,785492
2021-04-20 09:24:30,855.25,786291
2021-04-20 09:24:31,855.0,786341
2021-04-20 09:24:32,854.8,790057
2021-04-20 09:24:33,854.4,790895
2021-04-20 09:24:34,854.45,791115
2021-04-20 09:24:35,855.0,791267
2021-04-20 09:24:36,855.0,791708
2021-04-20 09:24:37,854.55,791947
2021-04-20 09:24:39,854.8,792249
2021-04-20 09:24:40,854.4,795917
2021-04-20 09:24:41,854.35,798070
2021-04-20 09:24:42,854.75,798557
2021-04-20 09:24:43,854.3,798823
2021-04-20 09:24:44,854.3,799551
2021-04-20 09:24:45,854.3,799551
2021-04-20 09:24:46,854.55,799713
2021-04-20 09:24:47,854.3,799931
2021-04-20 09:24:48,854.3,799942
2021-04-20 09:24:49,854.0,801637
2021-04-20 09:24:50,853.9,802459
2021-04-20 09:24:51,854.4,802569
2021-04-20 09:24:52,854.35,802763
2021-04-20 09:24:53,854.4,802969
2021-04-20 09:24:54,854.4,803115
2021-04-20 09:24:55,854.4,803477
2021-04-20 09:24:57,854.15,804246
2021-04-20 09:24:56,854.2,803907
2021-04-20 09:24:58,854.5,813653
2021-04-20 09:24:59,854.9,814165
2021-04-20 09:25:00,854.5,814200
2021-04-20 09:25:01,854.5,814367
2021-04-20 09:25:03,854.55,814543
2021-04-20 09:25:03,854.6,814566
2021-04-20 09:25:04,854.7,818455
2021-04-20 09:25:05,854.65,818608
2021-04-20 09:25:06,854.65,818718
2021-04-20 09:25:08,854.9,818896
2021-04-20 09:25:09,854.55,819021
2021-04-20 09:25:10,854.45,827254
2021-04-20 09:25:10,854.65,826904
2021-04-20 09:25:11,854.0,828636
2021-04-20 09:25:12,854.15,828776
2021-04-20 09:25:13,853.65,828916
2021-04-20 09:25:14,853.6,829450
2021-04-20 09:25:15,853.25,830285
2021-04-20 09:25:16,853.65,830498
2021-04-20 09:25:18,853.2,831175
2021-04-20 09:25:19,853.25,831764
2021-04-20 09:25:19,853.7,831816
2021-04-20 09:25:20,853.25,832837
2021-04-20 09:25:21,853.5,833556
2021-04-20 09:25:22,853.55,834193
2021-04-20 09:25:23,853.55,834196
2021-04-20 09:25:24,853.05,834336
2021-04-20 09:25:25,853.2,835761
2021-04-20 09:25:26,853.0,836055
2021-04-20 09:25:27,853.25,836350
2021-04-20 09:25:29,852.75,837077
2021-04-20 09:25:30,852.65,837394
2021-04-20 09:25:30,853.1,837494
2021-04-20 09:25:31,852.6,837941
2021-04-20 09:25:32,853.0,838482
2021-04-20 09:25:33,853.0,838774
2021-04-20 09:25:34,853.0,839521
2021-04-20 09:25:35,853.2,840623
2021-04-20 09:25:36,853.2,842718
2021-04-20 09:25:37,853.3,843817
2021-04-20 09:25:38,853.25,844286
2021-04-20 09:25:40,853.0,844560
2021-04-20 09:25:41,853.25,845384
2021-04-20 09:25:41,853.7,844874
2021-04-20 09:25:43,853.75,847235
2021-04-20 09:25:44,853.95,847803
2021-04-20 09:25:45,853.95,848988
2021-04-20 09:25:46,854.05,849693
2021-04-20 09:25:47,854.05,850119
2021-04-20 09:25:48,854.3,851242
2021-04-20 09:25:48,854.3,851242
2021-04-20 09:25:49,853.85,851359
2021-04-20 09:25:50,854.05,851541
2021-04-20 09:25:51,854.3,852079
2021-04-20 09:25:53,854.0,852101
2021-04-20 09:25:55,854.05,852788
2021-04-20 09:25:55,854.05,852788
2021-04-20 09:25:56,854.0,853523
2021-04-20 09:25:57,854.45,854059
2021-04-20 09:25:58,854.0,854218
2021-04-20 09:25:59,854.0,854236
2021-04-20 09:26:00,854.3,854623
2021-04-20 09:26:01,854.4,856600
2021-04-20 09:26:02,854.45,856697
2021-04-20 09:26:03,854.5,857231
2021-04-20 09:26:04,854.4,857779
2021-04-20 09:26:05,854.7,858698
2021-04-20 09:26:06,854.85,865835
2021-04-20 09:26:08,854.8,867274
2021-04-20 09:26:09,855.0,867967
2021-04-20 09:26:10,855.0,868100
2021-04-20 09:26:10,855.0,868150
2021-04-20 09:26:11,855.0,868172
2021-04-20 09:26:12,854.05,872551
2021-04-20 09:26:13,854.65,873445
2021-04-20 09:26:14,854.2,874069
2021-04-20 09:26:16,854.05,876207
2021-04-20 09:26:16,854.05,876207
2021-04-20 09:26:17,854.6,876625
2021-04-20 09:26:19,854.5,878739
2021-04-20 09:26:21,854.45,878958
2021-04-20 09:26:22,854.45,878969
2021-04-20 09:26:23,854.4,879242
2021-04-20 09:26:23,854.45,879244
2021-04-20 09:26:24,854.5,879311
2021-04-20 09:26:25,854.75,879902
2021-04-20 09:26:26,854.45,879954
2021-04-20 09:26:27,854.85,880519
2021-04-20 09:26:28,855.0,886085
2021-04-20 09:26:29,854.8,887103
2021-04-20 09:26:30,854.9,891395
2021-04-20 09:26:32,854.95,891555
2021-04-20 09:26:33,855.0,891875
2021-04-20 09:26:34,854.95,892878
2021-04-20 09:26:34,855.0,892928
2021-04-20 09:26:35,854.95,893086
2021-04-20 09:26:36,855.05,893540
2021-04-20 09:26:37,855.0,894297
2021-04-20 09:26:38,855.0,895448
2021-04-20 09:26:39,854.7,895691
2021-04-20 09:26:40,855.7,899768
2021-04-20 09:26:41,855.75,900447
2021-04-20 09:26:42,855.4,902599
2021-04-20 09:26:43,855.55,906314
2021-04-20 09:26:45,855.4,907354
2021-04-20 09:26:45,855.95,907491
2021-04-20 09:26:46,855.55,907973
2021-04-20 09:26:47,856.0,909303
2021-04-20 09:26:48,856.0,909351
2021-04-20 09:26:49,855.75,909873
2021-04-20 09:26:50,855.7,910297
2021-04-20 09:26:51,856.0,910802
2021-04-20 09:26:52,856.0,917482
2021-04-20 09:26:53,856.0,920055
2021-04-20 09:26:54,856.0,922185
2021-04-20 09:26:55,856.05,922364
2021-04-20 09:26:57,855.95,924750
2021-04-20 09:26:57,856.0,924790
2021-04-20 09:26:59,856.3,925065
2021-04-20 09:26:59,856.3,925065
2021-04-20 09:27:00,855.75,926594
2021-04-20 09:27:01,856.25,927157
2021-04-20 09:27:02,855.7,928220
2021-04-20 09:27:03,855.5,928428
2021-04-20 09:27:04,855.4,928723
2021-04-20 09:27:05,855.95,933879
2021-04-20 09:27:06,855.9,934502
2021-04-20 09:27:07,855.5,934520
2021-04-20 09:27:09,855.5,936788
2021-04-20 09:27:10,855.75,936908
2021-04-20 09:27:10,855.75,936908
2021-04-20 09:27:11,855.8,937067
2021-04-20 09:27:12,855.75,937931
2021-04-20 09:27:14,856.4,938688
2021-04-20 09:27:15,856.0,939840
2021-04-20 09:27:15,856.0,939840
2021-04-20 09:27:16,856.35,940504
2021-04-20 09:27:17,856.35,941404
2021-04-20 09:27:19,855.95,941604
2021-04-20 09:27:20,856.2,942780
2021-04-20 09:27:21,855.85,943097
2021-04-20 09:27:22,855.85,943602
2021-04-20 09:27:22,856.35,944049
2021-04-20 09:27:23,856.45,944713
2021-04-20 09:27:24,856.0,945573
2021-04-20 09:27:25,856.4,946579
2021-04-20 09:27:26,856.45,947111
2021-04-20 09:27:27,856.0,948580
2021-04-20 09:27:29,856.0,948844
2021-04-20 09:27:30,856.25,950379
2021-04-20 09:27:31,855.35,954472
2021-04-20 09:27:31,855.95,955021
2021-04-20 09:27:32,856.0,955065
2021-04-20 09:27:33,855.25,955220
2021-04-20 09:27:35,855.25,955353
2021-04-20 09:27:36,855.55,955484
2021-04-20 09:27:37,855.05,958104
2021-04-20 09:27:38,855.4,958407
2021-04-20 09:27:38,855.4,958507
2021-04-20 09:27:39,855.15,959382
2021-04-20 09:27:40,855.55,959669
2021-04-20 09:27:41,855.55,959710
2021-04-20 09:27:42,855.3,960162
2021-04-20 09:27:43,855.65,960171
2021-04-20 09:27:44,855.25,961029
2021-04-20 09:27:45,855.6,961393
2021-04-20 09:27:46,855.6,961459
2021-04-20 09:27:48,855.9,961776
2021-04-20 09:27:49,855.35,962036
2021-04-20 09:27:50,855.45,963442
2021-04-20 09:27:50,855.25,963443
2021-04-20 09:27:51,855.05,963598
2021-04-20 09:27:52,855.0,963969
2021-04-20 09:27:54,855.05,964109
2021-04-20 09:27:55,855.0,964900
2021-04-20 09:27:55,855.0,964900
2021-04-20 09:27:56,855.0,971168
2021-04-20 09:27:57,854.65,971203
2021-04-20 09:27:58,854.7,971689
2021-04-20 09:28:00,855.0,971811
2021-04-20 09:28:01,854.9,972628
2021-04-20 09:28:02,855.05,972710
2021-04-20 09:28:03,855.0,972932
2021-04-20 09:28:04,854.6,973232
2021-04-20 09:28:04,854.6,973232
2021-04-20 09:28:05,854.9,973242
2021-04-20 09:28:06,854.9,973513
2021-04-20 09:28:07,854.6,973846
2021-04-20 09:28:09,854.7,974367
2021-04-20 09:28:10,854.7,974752
2021-04-20 09:28:10,854.7,974752
2021-04-20 09:28:11,854.75,975225
2021-04-20 09:28:12,854.6,975298
2021-04-20 09:28:13,854.85,975618
2021-04-20 09:28:14,854.55,976339
2021-04-20 09:28:16,854.75,976494
2021-04-20 09:28:17,854.4,976676
2021-04-20 09:28:18,854.6,977015
2021-04-20 09:28:19,854.4,977029
2021-04-20 09:28:19,854.4,977029
2021-04-20 09:28:20,854.7,977389
2021-04-20 09:28:21,854.3,977452
2021-04-20 09:28:22,854.3,977625
2021-04-20 09:28:24,854.05,978751
2021-04-20 09:28:25,854.55,978777
2021-04-20 09:28:25,854.55,978777
2021-04-20 09:28:26,854.55,978995
2021-04-20 09:28:27,854.15,979741
2021-04-20 09:28:28,854.6,979871
2021-04-20 09:28:29,854.15,979971
2021-04-20 09:28:31,854.3,980514
2021-04-20 09:28:32,854.75,982414
2021-04-20 09:28:32,854.75,982444
2021-04-20 09:28:33,854.75,982615
2021-04-20 09:28:34,854.7,982640
2021-04-20 09:28:35,854.35,982857
2021-04-20 09:28:37,854.25,983868
2021-04-20 09:28:38,854.1,985023
2021-04-20 09:28:38,854.1,985023
2021-04-20 09:28:39,854.55,985128
2021-04-20 09:28:40,854.55,988432
2021-04-20 09:28:42,855.0,990599
2021-04-20 09:28:43,855.15,994515
2021-04-20 09:28:43,855.65,994525
2021-04-20 09:28:44,855.2,994729
2021-04-20 09:28:45,855.55,995281
2021-04-20 09:28:47,855.65,997768
2021-04-20 09:28:48,855.35,998028
2021-04-20 09:28:50,855.1,998278
2021-04-20 09:28:53,855.5,999534
2021-04-20 09:28:54,855.6,999599
2021-04-20 09:28:54,855.6,999619
2021-04-20 09:28:55,855.65,1001806
2021-04-20 09:28:56,855.45,1001957
2021-04-20 09:28:58,855.45,1001982
2021-04-20 09:28:59,855.65,1002745
2021-04-20 09:28:59,855.65,1002417
2021-04-20 09:29:00,855.65,1003321
2021-04-20 09:29:01,855.3,1003591
2021-04-20 09:29:03,855.6,1003701
2021-04-20 09:29:04,856.6,1016165
2021-04-20 09:29:04,856.9,1016225
2021-04-20 09:29:05,857.0,1016993
2021-04-20 09:29:06,856.9,1017164
2021-04-20 09:29:08,857.0,1018539
2021-04-20 09:29:09,856.95,1018953
2021-04-20 09:29:10,856.95,1019391
2021-04-20 09:29:10,856.95,1019395
2021-04-20 09:29:11,856.85,1019861
2021-04-20 09:29:12,856.75,1019901
2021-04-20 09:29:13,856.25,1020277
2021-04-20 09:29:14,856.6,1020297
2021-04-20 09:29:16,855.3,1027868
2021-04-20 09:29:17,855.1,1027888
2021-04-20 09:29:18,854.65,1030292
2021-04-20 09:29:19,854.3,1030730
2021-04-20 09:29:20,854.75,1030856
2021-04-20 09:29:21,854.4,1031135
2021-04-20 09:29:22,854.3,1031323
2021-04-20 09:29:23,854.3,1031328
2021-04-20 09:29:23,854.6,1031762
2021-04-20 09:29:24,854.75,1031877
2021-04-20 09:29:26,854.7,1032229
2021-04-20 09:29:27,854.35,1032622
2021-04-20 09:29:28,854.1,1032923
2021-04-20 09:29:29,854.4,1033114
2021-04-20 09:29:29,854.2,1033129
2021-04-20 09:29:30,854.4,1033373
2021-04-20 09:29:31,854.7,1034482
2021-04-20 09:29:32,854.85,1035213
2021-04-20 09:29:34,854.75,1035630
2021-04-20 09:29:35,855.25,1035848
2021-04-20 09:29:36,855.25,1036158
2021-04-20 09:29:37,855.25,1036246
2021-04-20 09:29:37,855.6,1036396
2021-04-20 09:29:38,855.25,1036567
2021-04-20 09:29:39,855.35,1036718
2021-04-20 09:29:41,855.5,1038288
2021-04-20 09:29:42,856.0,1038870
2021-04-20 09:29:43,855.75,1038880
2021-04-20 09:29:44,856.0,1039028
2021-04-20 09:29:45,855.7,1039192
2021-04-20 09:29:46,855.6,1039352
2021-04-20 09:29:47,855.9,1039404
2021-04-20 09:29:47,855.9,1039404
2021-04-20 09:29:48,855.75,1039416
2021-04-20 09:29:49,855.65,1039514
2021-04-20 09:29:50,855.65,1039630
2021-04-20 09:29:51,855.4,1039794
2021-04-20 09:29:52,855.85,1040444
2021-04-20 09:29:54,855.85,1040854
2021-04-20 09:29:55,855.6,1040895
2021-04-20 09:29:56,855.75,1041113
2021-04-20 09:29:56,855.75,1041113
2021-04-20 09:29:57,855.45,1041193
2021-04-20 09:29:59,855.7,1041231
2021-04-20 09:30:00,855.3,1042225
2021-04-20 09:30:01,855.7,1042509
2021-04-20 09:30:02,855.6,1042555
2021-04-20 09:30:03,855.6,1043120
2021-04-20 09:30:03,855.65,1043268
2021-04-20 09:30:04,855.35,1044985
2021-04-20 09:30:06,855.85,1045155
2021-04-20 09:30:07,855.85,1046937
2021-04-20 09:30:08,855.65,1047160
2021-04-20 09:30:09,855.9,1047607
2021-04-20 09:30:09,855.9,1047607
2021-04-20 09:30:10,856.1,1051566
2021-04-20 09:30:11,856.25,1051676
2021-04-20 09:30:12,855.65,1052782
2021-04-20 09:30:13,856.15,1053217
2021-04-20 09:30:15,855.0,1055485
2021-04-20 09:30:16,855.35,1055648
2021-04-20 09:30:17,855.0,1060198
2021-04-20 09:30:18,855.0,1060815
2021-04-20 09:30:18,855.05,1060323
2021-04-20 09:30:19,855.4,1061051
2021-04-20 09:30:21,855.4,1061053
2021-04-20 09:30:22,855.6,1062183
2021-04-20 09:30:23,855.85,1064205
2021-04-20 09:30:24,855.05,1066599
2021-04-20 09:30:24,855.3,1066574
2021-04-20 09:30:25,855.35,1067258
2021-04-20 09:30:26,855.2,1067393
2021-04-20 09:30:28,855.15,1067913
2021-04-20 09:30:29,855.15,1068639
2021-04-20 09:30:30,855.15,1069276
2021-04-20 09:30:31,855.25,1069339
2021-04-20 09:30:32,856.0,1076015
2021-04-20 09:30:32,855.8,1074851
2021-04-20 09:30:33,856.0,1076219
2021-04-20 09:30:34,856.2,1076587
2021-04-20 09:30:36,856.5,1078090
2021-04-20 09:30:37,856.55,1078716
2021-04-20 09:30:38,857.55,1084087
2021-04-20 09:30:39,857.6,1084996
2021-04-20 09:30:40,858.0,1089298
2021-04-20 09:30:40,858.0,1088858
2021-04-20 09:30:41,857.45,1089581
2021-04-20 09:30:42,857.65,1089864
2021-04-20 09:30:43,857.65,1090573
2021-04-20 09:30:45,857.55,1090574
2021-04-20 09:30:46,857.65,1091370
2021-04-20 09:30:47,857.45,1092227
2021-04-20 09:30:48,857.55,1092277
2021-04-20 09:30:48,857.45,1092433
2021-04-20 09:30:49,857.4,1092468
2021-04-20 09:30:51,857.55,1092837
2021-04-20 09:30:52,857.9,1093071
2021-04-20 09:30:53,857.5,1093190
2021-04-20 09:30:54,857.4,1093341
2021-04-20 09:30:55,857.95,1093973
2021-04-20 09:30:55,857.55,1093928
2021-04-20 09:30:56,857.65,1094336
2021-04-20 09:30:57,857.85,1095233
2021-04-20 09:30:58,857.55,1096111
2021-04-20 09:30:59,857.55,1096316
2021-04-20 09:31:00,857.8,1096549
2021-04-20 09:31:01,857.45,1099831
2021-04-20 09:31:02,856.9,1101203
2021-04-20 09:31:03,857.4,1103898
2021-04-20 09:31:04,857.4,1103943
2021-04-20 09:31:06,857.6,1105576
2021-04-20 09:31:07,857.2,1105646
2021-04-20 09:31:08,857.25,1106527
2021-04-20 09:31:09,857.1,1107333
2021-04-20 09:31:10,856.65,1107987
2021-04-20 09:31:11,856.65,1108116
2021-04-20 09:31:12,857.1,1108496
2021-04-20 09:31:12,857.1,1108496
2021-04-20 09:31:13,857.15,1109985
2021-04-20 09:31:15,857.7,1111410
2021-04-20 09:31:16,857.4,1111485
2021-04-20 09:31:17,857.2,1112091
2021-04-20 09:31:17,857.2,1112091
2021-04-20 09:31:18,857.05,1112430
2021-04-20 09:31:19,857.05,1114855
2021-04-20 09:31:20,856.65,1115228
2021-04-20 09:31:22,857.05,1115750
2021-04-20 09:31:23,856.8,1116771
2021-04-20 09:31:24,856.55,1118258
2021-04-20 09:31:25,856.2,1118476
2021-04-20 09:31:26,856.75,1118886
2021-04-20 09:31:27,856.8,1118903
2021-04-20 09:31:27,856.8,1118903
2021-04-20 09:31:29,856.5,1119086
2021-04-20 09:31:30,856.7,1119248
2021-04-20 09:31:31,856.6,1119942
2021-04-20 09:31:33,856.5,1120802
2021-04-20 09:31:34,856.5,1121187
2021-04-20 09:31:35,856.5,1122859
2021-04-20 09:31:36,856.6,1123067
2021-04-20 09:31:36,856.2,1123069
2021-04-20 09:31:37,856.7,1123209
2021-04-20 09:31:38,856.05,1123513
2021-04-20 09:31:40,856.5,1123915
2021-04-20 09:31:41,856.45,1124066
2021-04-20 09:31:42,856.1,1124094
2021-04-20 09:31:43,856.0,1124379
2021-04-20 09:31:44,856.0,1124454
2021-04-20 09:31:45,856.2,1124494
2021-04-20 09:31:46,855.7,1125519
2021-04-20 09:31:47,855.95,1125856
2021-04-20 09:31:48,855.9,1126568
2021-04-20 09:31:49,856.0,1126799
2021-04-20 09:31:49,856.05,1126809
2021-04-20 09:31:51,856.05,1126889
2021-04-20 09:31:52,856.0,1127314
2021-04-20 09:31:53,856.0,1127394
2021-04-20 09:31:54,855.6,1127463
2021-04-20 09:31:55,855.6,1127683
2021-04-20 09:31:56,856.2,1127857
2021-04-20 09:31:57,856.0,1128161
2021-04-20 09:31:58,856.0,1128262
2021-04-20 09:31:59,856.0,1128372
2021-04-20 09:32:00,855.6,1128497
2021-04-20 09:32:01,855.9,1129196
2021-04-20 09:32:02,855.5,1129327
2021-04-20 09:32:03,855.9,1129395
2021-04-20 09:32:04,855.3,1130564
2021-04-20 09:32:05,855.25,1130837
2021-04-20 09:32:06,855.5,1130839
2021-04-20 09:32:07,855.75,1131045
2021-04-20 09:32:07,855.8,1131095
2021-04-20 09:32:09,855.6,1131267
2021-04-20 09:32:10,855.8,1131570
2021-04-20 09:32:11,855.6,1131875
2021-04-20 09:32:12,855.8,1132519
2021-04-20 09:32:14,855.4,1133047
2021-04-20 09:32:18,855.3,1133535
2021-04-20 09:32:20,855.85,1135735
2021-04-20 09:32:21,855.7,1135760
2021-04-20 09:32:22,855.75,1135826
2021-04-20 09:32:23,855.75,1136055
2021-04-20 09:32:24,855.7,1136174
2021-04-20 09:32:25,855.6,1136452
2021-04-20 09:32:26,855.7,1137064
2021-04-20 09:32:27,855.7,1137075
2021-04-20 09:32:28,855.9,1137222
2021-04-20 09:32:29,856.0,1137456
2021-04-20 09:32:30,856.0,1141529
2021-04-20 09:32:31,856.25,1142426
2021-04-20 09:32:32,856.25,1142426
2021-04-20 09:32:33,856.5,1142446
2021-04-20 09:32:34,856.5,1142867
2021-04-20 09:32:35,856.5,1143976
2021-04-20 09:32:36,856.5,1144560
2021-04-20 09:32:37,856.4,1144585
2021-04-20 09:32:38,856.4,1144670
2021-04-20 09:32:39,856.25,1144893
2021-04-20 09:32:40,856.15,1145947
2021-04-20 09:32:41,856.15,1145948
2021-04-20 09:32:41,856.45,1146548
2021-04-20 09:32:42,856.0,1146864
2021-04-20 09:32:43,856.15,1147014
2021-04-20 09:32:44,856.35,1147593
2021-04-20 09:32:45,856.0,1147808
2021-04-20 09:32:46,856.0,1148198
2021-04-20 09:32:48,855.95,1148561
2021-04-20 09:32:49,855.65,1148714
2021-04-20 09:32:50,856.0,1148724
2021-04-20 09:32:51,856.0,1148753
2021-04-20 09:32:51,855.95,1148738
2021-04-20 09:32:53,855.9,1150782
2021-04-20 09:32:54,856.15,1150787
2021-04-20 09:32:55,856.0,1151436
2021-04-20 09:32:56,856.0,1151791
2021-04-20 09:32:56,856.05,1151796
2021-04-20 09:32:58,856.0,1152209
2021-04-20 09:32:59,855.65,1152368
2021-04-20 09:33:00,856.1,1152732
2021-04-20 09:33:01,856.0,1152817
2021-04-20 09:33:02,856.0,1154828
2021-04-20 09:33:03,856.0,1155358
2021-04-20 09:33:04,856.0,1155579
2021-04-20 09:33:05,855.65,1155616
2021-04-20 09:33:06,856.05,1155907
2021-04-20 09:33:07,855.7,1156156
2021-04-20 09:33:08,855.6,1156306
2021-04-20 09:33:09,855.9,1156610
2021-04-20 09:33:10,855.25,1156965
2021-04-20 09:33:11,855.65,1156972
2021-04-20 09:33:12,855.65,1156977
2021-04-20 09:33:13,855.7,1157526
2021-04-20 09:33:14,855.7,1157526
2021-04-20 09:33:15,855.7,1157676
2021-04-20 09:33:15,855.7,1157676
2021-04-20 09:33:17,855.7,1157785
2021-04-20 09:33:18,855.5,1157947
2021-04-20 09:33:19,855.65,1158300
2021-04-20 09:33:20,855.65,1158471
2021-04-20 09:33:21,855.9,1158735
2021-04-20 09:33:23,855.55,1158748
2021-04-20 09:33:24,855.55,1159359
2021-04-20 09:33:25,855.55,1159479
2021-04-20 09:33:26,855.65,1160736
2021-04-20 09:33:27,855.65,1160736
2021-04-20 09:33:28,855.7,1160887
2021-04-20 09:33:29,856.0,1161718
2021-04-20 09:33:30,856.0,1161933
2021-04-20 09:33:31,855.95,1161950
2021-04-20 09:33:32,856.0,1162361
2021-04-20 09:33:33,855.55,1162564
2021-04-20 09:33:34,855.65,1162664
2021-04-20 09:33:35,855.75,1162837
2021-04-20 09:33:36,855.95,1162847
2021-04-20 09:33:37,855.95,1162848
2021-04-20 09:33:39,855.7,1162858
2021-04-20 09:33:38,855.7,1162858
2021-04-20 09:33:40,855.7,1162927
2021-04-20 09:33:41,855.95,1163129
2021-04-20 09:33:42,855.75,1163133
2021-04-20 09:33:43,855.75,1163133
2021-04-20 09:33:44,855.6,1163298
2021-04-20 09:33:45,855.6,1163298
2021-04-20 09:33:46,855.7,1163844
2021-04-20 09:33:47,855.7,1163890
2021-04-20 09:33:48,855.7,1163892
2021-04-20 09:33:49,855.6,1164012
2021-04-20 09:33:50,855.7,1164092
2021-04-20 09:33:51,855.7,1164193
2021-04-20 09:33:52,855.7,1164193
2021-04-20 09:33:54,855.8,1164577
2021-04-20 09:33:53,855.8,1164552
2021-04-20 09:33:55,855.1,1165679
2021-04-20 09:33:56,855.25,1165700
2021-04-20 09:33:57,855.4,1165715
2021-04-20 09:33:58,855.55,1165895
2021-04-20 09:33:59,855.55,1165900
2021-04-20 09:34:00,855.9,1166516
2021-04-20 09:34:02,855.9,1166871
2021-04-20 09:34:03,855.7,1166972
2021-04-20 09:34:04,855.45,1167022
2021-04-20 09:34:05,855.4,1167122
2021-04-20 09:34:06,855.7,1167370
2021-04-20 09:34:07,855.55,1167420
2021-04-20 09:34:08,856.05,1181275
2021-04-20 09:34:09,856.05,1181611
2021-04-20 09:34:10,856.0,1183522
2021-04-20 09:34:11,856.0,1183624
2021-04-20 09:34:12,856.0,1183625
2021-04-20 09:34:13,855.9,1183873
2021-04-20 09:34:14,856.3,1183908
2021-04-20 09:34:15,855.9,1184146
2021-04-20 09:34:16,855.7,1184364
2021-04-20 09:34:17,855.6,1184577
2021-04-20 09:34:18,856.0,1184637
2021-04-20 09:34:20,855.95,1185082
2021-04-20 09:34:19,855.95,1185082
2021-04-20 09:34:21,856.0,1185432
2021-04-20 09:34:22,855.85,1185813
2021-04-20 09:34:23,855.8,1186056
2021-04-20 09:34:24,855.75,1186295
2021-04-20 09:34:25,856.0,1186496
2021-04-20 09:34:26,856.15,1187318
2021-04-20 09:34:27,856.15,1187388
2021-04-20 09:34:29,856.25,1187786
2021-04-20 09:34:28,856.0,1187442
2021-04-20 09:34:30,855.85,1188092
2021-04-20 09:34:31,855.8,1188292
2021-04-20 09:34:32,856.2,1189147
2021-04-20 09:34:34,855.85,1189156
2021-04-20 09:34:35,856.25,1189500
2021-04-20 09:34:36,855.7,1191108
2021-04-20 09:34:37,855.75,1191109
2021-04-20 09:34:38,855.5,1191314
2021-04-20 09:34:39,855.25,1191935
2021-04-20 09:34:40,855.4,1192101
2021-04-20 09:34:41,855.75,1192143
2021-04-20 09:34:43,855.5,1192152
2021-04-20 09:34:42,855.5,1192152
2021-04-20 09:34:44,855.5,1192152
2021-04-20 09:34:45,855.45,1192311
2021-04-20 09:34:46,855.05,1192730
2021-04-20 09:34:47,854.5,1203068
2021-04-20 09:34:48,854.95,1203546
2021-04-20 09:34:49,854.5,1204083
2021-04-20 09:34:50,854.95,1205053
2021-04-20 09:34:51,854.55,1205363
2021-04-20 09:34:52,854.65,1205390
2021-04-20 09:34:53,854.65,1205534
2021-04-20 09:34:54,854.65,1205534
2021-04-20 09:34:55,854.55,1205993
2021-04-20 09:34:56,854.95,1206123
2021-04-20 09:34:57,854.95,1206251
2021-04-20 09:34:58,855.0,1206376
2021-04-20 09:34:59,854.6,1206481
2021-04-20 09:35:00,855.0,1206598
2021-04-20 09:35:01,854.95,1206608
2021-04-20 09:35:02,854.55,1206893
2021-04-20 09:35:03,854.55,1206894
2021-04-20 09:35:04,854.9,1208263
2021-04-20 09:35:05,854.8,1208363
2021-04-20 09:35:06,854.6,1208372
2021-04-20 09:35:07,854.5,1208497
2021-04-20 09:35:08,854.65,1208634
2021-04-20 09:35:09,854.65,1208734
2021-04-20 09:35:10,854.65,1208734
2021-04-20 09:35:11,854.65,1208982
2021-04-20 09:35:12,854.7,1209674
2021-04-20 09:35:13,854.7,1209674
2021-04-20 09:35:14,854.65,1210097
2021-04-20 09:35:15,854.65,1210379
2021-04-20 09:35:16,855.0,1210528
2021-04-20 09:35:17,854.95,1210629
2021-04-20 09:35:18,854.9,1210679
2021-04-20 09:35:19,854.9,1210734
2021-04-20 09:35:20,854.9,1210848
2021-04-20 09:35:21,854.9,1210881
2021-04-20 09:35:22,855.1,1213829
2021-04-20 09:35:23,855.5,1214439
2021-04-20 09:35:24,856.4,1222099
2021-04-20 09:35:25,856.3,1222649
2021-04-20 09:35:26,856.3,1223173
2021-04-20 09:35:29,855.8,1227723
2021-04-20 09:35:30,856.0,1227888
2021-04-20 09:35:31,855.75,1228023
2021-04-20 09:35:32,855.75,1228045
2021-04-20 09:35:33,856.0,1228347
2021-04-20 09:35:34,856.25,1229350
2021-04-20 09:35:35,855.9,1229423
2021-04-20 09:35:36,856.0,1229579
2021-04-20 09:35:38,855.85,1229797
2021-04-20 09:35:39,855.8,1229822
2021-04-20 09:35:39,855.8,1229822
2021-04-20 09:35:40,855.9,1229887
2021-04-20 09:35:41,855.15,1230165
2021-04-20 09:35:42,855.8,1230184
2021-04-20 09:35:43,855.8,1230299
2021-04-20 09:35:44,855.85,1230960
2021-04-20 09:35:45,855.45,1231070
2021-04-20 09:35:46,855.45,1231182
2021-04-20 09:35:47,855.45,1231202
2021-04-20 09:35:48,855.0,1231832
2021-04-20 09:35:49,855.1,1232619
2021-04-20 09:35:50,854.65,1234029
2021-04-20 09:35:51,854.5,1234109
2021-04-20 09:35:52,854.45,1236177
2021-04-20 09:35:53,854.2,1236530
2021-04-20 09:35:54,854.55,1236555
2021-04-20 09:35:55,853.65,1241958
2021-04-20 09:35:56,854.05,1242297
2021-04-20 09:35:58,854.05,1242516
2021-04-20 09:35:59,854.45,1243485
2021-04-20 09:36:00,854.2,1243499
2021-04-20 09:36:01,854.35,1243729
2021-04-20 09:36:02,854.05,1243955
2021-04-20 09:36:03,854.0,1244005
2021-04-20 09:36:04,853.65,1244122
2021-04-20 09:36:05,854.0,1244254
2021-04-20 09:36:06,854.05,1245291
2021-04-20 09:36:06,854.05,1245291
2021-04-20 09:36:07,853.55,1247443
2021-04-20 09:36:08,853.7,1250461
2021-04-20 09:36:09,853.75,1250662
2021-04-20 09:36:10,853.8,1252262
2021-04-20 09:36:11,853.9,1252564
2021-04-20 09:36:12,853.55,1252766
2021-04-20 09:36:13,853.65,1252892
2021-04-20 09:36:14,853.65,1253139
2021-04-20 09:36:15,853.15,1257173
2021-04-20 09:36:16,853.0,1258429
2021-04-20 09:36:17,853.5,1259415
2021-04-20 09:36:18,853.75,1259449
2021-04-20 09:36:19,853.95,1261016
2021-04-20 09:36:20,853.65,1261182
2021-04-20 09:36:21,853.65,1261315
2021-04-20 09:36:22,853.95,1261880
2021-04-20 09:36:23,853.95,1262126
2021-04-20 09:36:24,853.95,1262226
2021-04-20 09:36:25,854.0,1262271
2021-04-20 09:36:26,854.0,1262492
2021-04-20 09:36:27,853.85,1262831
2021-04-20 09:36:28,854.3,1263328
2021-04-20 09:36:29,853.9,1263349
2021-04-20 09:36:30,854.0,1263708
2021-04-20 09:36:32,854.95,1264584
2021-04-20 09:36:32,854.75,1264667
2021-04-20 09:36:33,855.25,1265382
2021-04-20 09:36:34,855.1,1267914
2021-04-20 09:36:35,854.75,1268077
2021-04-20 09:36:36,855.1,1268308
2021-04-20 09:36:38,854.6,1268876
2021-04-20 09:36:38,854.3,1269564
2021-04-20 09:36:39,854.5,1269806
2021-04-20 09:36:40,855.25,1270699
2021-04-20 09:36:42,855.4,1271005
2021-04-20 09:36:42,855.1,1271055
2021-04-20 09:36:43,855.4,1271401
2021-04-20 09:36:44,855.4,1271753
2021-04-20 09:36:45,855.45,1272483
2021-04-20 09:36:46,855.4,1272615
2021-04-20 09:36:48,855.5,1273121
2021-04-20 09:36:49,855.2,1273254
2021-04-20 09:36:49,855.25,1273264
2021-04-20 09:36:50,855.2,1273660
2021-04-20 09:36:51,855.95,1274290
2021-04-20 09:36:52,855.55,1274345
2021-04-20 09:36:53,855.55,1274667
2021-04-20 09:36:54,855.55,1274687
2021-04-20 09:36:55,856.0,1283931
2021-04-20 09:36:56,856.0,1284676
2021-04-20 09:36:57,855.8,1285796
2021-04-20 09:36:58,855.75,1285939
2021-04-20 09:37:00,855.9,1286063
2021-04-20 09:37:00,855.6,1286196
2021-04-20 09:37:01,855.6,1286961
2021-04-20 09:37:02,855.55,1287094
2021-04-20 09:37:03,855.3,1287287
2021-04-20 09:37:04,855.75,1287423
2021-04-20 09:37:05,855.5,1287556
2021-04-20 09:37:06,855.45,1287696
2021-04-20 09:37:08,856.1,1289352
2021-04-20 09:37:08,856.35,1289659
2021-04-20 09:37:09,856.7,1292796
2021-04-20 09:37:10,856.55,1293133
2021-04-20 09:37:12,856.5,1293233
2021-04-20 09:37:12,856.5,1293233
2021-04-20 09:37:13,856.5,1293248
2021-04-20 09:37:14,856.7,1293647
2021-04-20 09:37:15,856.25,1294410
2021-04-20 09:37:16,855.95,1294818
2021-04-20 09:37:17,856.2,1295028
2021-04-20 09:37:18,856.35,1295365
2021-04-20 09:37:20,856.4,1295654
2021-04-20 09:37:20,856.4,1295654
2021-04-20 09:37:21,855.9,1295951
2021-04-20 09:37:22,856.2,1295979
2021-04-20 09:37:24,855.3,1296375
2021-04-20 09:37:25,855.7,1296380
2021-04-20 09:37:26,855.05,1297437
2021-04-20 09:37:28,855.45,1297535
2021-04-20 09:37:28,855.45,1297535
2021-04-20 09:37:29,855.0,1297846
2021-04-20 09:37:30,854.95,1298231
2021-04-20 09:37:31,854.95,1298467
2021-04-20 09:37:32,854.95,1298467
2021-04-20 09:37:34,854.9,1298675
2021-04-20 09:37:34,854.5,1298712
2021-04-20 09:37:36,854.65,1298772
2021-04-20 09:37:36,854.65,1298772
2021-04-20 09:37:37,854.85,1298790
2021-04-20 09:37:39,854.5,1299430
2021-04-20 09:37:40,855.0,1299510
2021-04-20 09:37:41,854.75,1299750
2021-04-20 09:37:42,854.65,1299820
2021-04-20 09:37:44,854.5,1299989
2021-04-20 09:37:45,854.95,1300011
2021-04-20 09:37:46,854.9,1301173
2021-04-20 09:37:46,854.9,1300573
2021-04-20 09:37:47,854.5,1301698
2021-04-20 09:37:48,854.5,1301893
2021-04-20 09:37:49,854.5,1301893
2021-04-20 09:37:51,854.35,1302198
2021-04-20 09:37:52,854.8,1302300
2021-04-20 09:37:53,854.5,1302304
2021-04-20 09:37:53,854.5,1302440
2021-04-20 09:37:54,854.5,1302467
2021-04-20 09:37:55,854.45,1302722
2021-04-20 09:37:56,854.65,1302801
2021-04-20 09:37:57,854.4,1302892
2021-04-20 09:37:58,854.15,1303011
2021-04-20 09:38:00,854.5,1303171
2021-04-20 09:38:02,854.15,1303233
2021-04-20 09:38:03,854.2,1303294
2021-04-20 09:38:04,854.15,1303416
2021-04-20 09:38:05,854.55,1303561
2021-04-20 09:38:05,854.65,1303736
2021-04-20 09:38:06,854.5,1304138
2021-04-20 09:38:07,854.45,1304193
2021-04-20 09:38:08,854.6,1304420
2021-04-20 09:38:10,854.6,1304550
2021-04-20 09:38:11,854.35,1305158
2021-04-20 09:38:12,854.4,1305208
2021-04-20 09:38:12,854.4,1305208
2021-04-20 09:38:13,854.4,1305417
2021-04-20 09:38:14,854.6,1305442
2021-04-20 09:38:15,854.55,1305610
2021-04-20 09:38:17,855.0,1306088
2021-04-20 09:38:18,855.25,1306089
2021-04-20 09:38:19,854.95,1306139
2021-04-20 09:38:20,855.25,1306480
2021-04-20 09:38:20,855.25,1306488
2021-04-20 09:38:21,855.3,1306490
2021-04-20 09:38:22,855.3,1306729
2021-04-20 09:38:24,855.4,1306993
2021-04-20 09:38:25,855.0,1307063
2021-04-20 09:38:26,855.0,1307170
2021-04-20 09:38:26,855.35,1307350
2021-04-20 09:38:27,854.95,1307460
2021-04-20 09:38:28,855.0,1307793
2021-04-20 09:38:29,855.05,1307959
2021-04-20 09:38:30,855.4,1308163
2021-04-20 09:38:32,855.4,1308163
2021-04-20 09:38:33,855.15,1308263
2021-04-20 09:38:34,855.05,1308349
2021-04-20 09:38:34,855.05,1308349
2021-04-20 09:38:35,855.05,1308349
2021-04-20 09:38:36,855.0,1308849
2021-04-20 09:38:37,855.0,1309020
2021-04-20 09:38:38,855.1,1309247
2021-04-20 09:38:39,855.5,1309447
2021-04-20 09:38:40,855.4,1310094
2021-04-20 09:38:42,855.95,1310961
2021-04-20 09:38:43,854.3,1334576
2021-04-20 09:38:43,853.5,1334877
2021-04-20 09:38:45,854.15,1335382
2021-04-20 09:38:45,854.25,1336591
2021-04-20 09:38:47,854.25,1336611
2021-04-20 09:38:48,854.25,1336611
2021-04-20 09:38:49,854.3,1337165
2021-04-20 09:38:49,854.3,1337165
2021-04-20 09:38:51,854.25,1337964
2021-04-20 09:38:52,854.1,1338559
2021-04-20 09:38:52,853.95,1338757
2021-04-20 09:38:54,854.0,1339117
2021-04-20 09:38:54,853.9,1339167
2021-04-20 09:38:55,853.9,1339921
2021-04-20 09:38:56,853.9,1340590
2021-04-20 09:38:57,853.9,1340647
2021-04-20 09:38:59,853.65,1340880
2021-04-20 09:39:00,854.0,1341266
2021-04-20 09:39:00,853.6,1341246
2021-04-20 09:39:01,853.9,1341376
2021-04-20 09:39:02,853.5,1342075
2021-04-20 09:39:03,853.8,1342305
2021-04-20 09:39:04,853.6,1342806
2021-04-20 09:39:06,853.5,1343631
2021-04-20 09:39:07,853.55,1343921
2021-04-20 09:39:07,853.4,1344812
2021-04-20 09:39:08,853.8,1344980
2021-04-20 09:39:09,853.5,1345190
2021-04-20 09:39:10,853.5,1345190
2021-04-20 09:39:12,853.95,1345374
2021-04-20 09:39:13,853.55,1345484
2021-04-20 09:39:14,854.0,1345687
2021-04-20 09:39:15,853.55,1345801
2021-04-20 09:39:15,853.55,1345801
2021-04-20 09:39:16,853.5,1346014
2021-04-20 09:39:18,853.85,1346097
2021-04-20 09:39:19,853.9,1346362
2021-04-20 09:39:19,853.9,1346362
2021-04-20 09:39:20,853.6,1346441
2021-04-20 09:39:21,853.6,1346490
2021-04-20 09:39:22,853.6,1346690
2021-04-20 09:39:23,853.35,1349568
2021-04-20 09:39:25,853.05,1349951
2021-04-20 09:39:26,853.45,1349971
2021-04-20 09:39:27,853.0,1350529
2021-04-20 09:39:28,853.4,1350776
2021-04-20 09:39:28,853.4,1350776
2021-04-20 09:39:29,853.15,1351351
2021-04-20 09:39:31,853.0,1351751
2021-04-20 09:39:32,853.0,1352251
2021-04-20 09:39:33,853.0,1352358
2021-04-20 09:39:33,853.0,1352358
2021-04-20 09:39:34,853.35,1352751
2021-04-20 09:39:35,853.1,1353048
2021-04-20 09:39:36,853.0,1353330
2021-04-20 09:39:38,853.35,1353632
2021-04-20 09:39:39,853.5,1353840
2021-04-20 09:39:40,853.0,1354783
2021-04-20 09:39:40,853.0,1354783
2021-04-20 09:39:41,853.1,1354919
2021-04-20 09:39:43,853.35,1354937
2021-04-20 09:39:43,853.1,1354939
2021-04-20 09:39:45,853.5,1355269
2021-04-20 09:39:46,853.45,1355399
2021-04-20 09:39:47,853.35,1355695
2021-04-20 09:39:48,853.35,1356016
2021-04-20 09:39:48,853.35,1356011
2021-04-20 09:39:49,853.35,1356028
2021-04-20 09:39:50,853.4,1356133
2021-04-20 09:39:51,853.5,1356157
2021-04-20 09:39:52,853.4,1356251
2021-04-20 09:39:54,853.9,1357196
2021-04-20 09:39:55,854.55,1362059
2021-04-20 09:39:56,854.55,1362189
2021-04-20 09:39:57,854.65,1362270
2021-04-20 09:39:58,854.4,1362349
2021-04-20 09:39:59,854.4,1362468
2021-04-20 09:40:00,855.0,1368474
2021-04-20 09:40:02,855.5,1371707
2021-04-20 09:40:03,855.5,1371707
2021-04-20 09:40:04,855.5,1371717
2021-04-20 09:40:04,855.5,1371718
2021-04-20 09:40:06,855.1,1372068
2021-04-20 09:40:07,855.1,1372068
2021-04-20 09:40:08,855.1,1372248
2021-04-20 09:40:09,855.15,1372388
2021-04-20 09:40:10,855.45,1372513
2021-04-20 09:40:10,855.45,1372513
2021-04-20 09:40:11,855.45,1372593
2021-04-20 09:40:12,855.0,1374963
2021-04-20 09:40:14,855.0,1374982
2021-04-20 09:40:15,855.0,1375006
2021-04-20 09:40:16,855.3,1375008
2021-04-20 09:40:17,855.0,1375108
2021-04-20 09:40:18,855.15,1375367
2021-04-20 09:40:19,854.8,1376411
2021-04-20 09:40:19,855.15,1375413
2021-04-20 09:40:20,854.65,1377037
2021-04-20 09:40:21,854.95,1377087
2021-04-20 09:40:22,854.95,1377117
2021-04-20 09:40:24,854.9,1377127
2021-04-20 09:40:25,854.65,1377163
2021-04-20 09:40:26,854.55,1377277
2021-04-20 09:40:27,854.4,1377377
2021-04-20 09:40:28,854.2,1377437
2021-04-20 09:40:29,854.5,1377508
2021-04-20 09:40:30,854.5,1377580
2021-04-20 09:40:31,854.05,1377805
2021-04-20 09:40:32,854.05,1377805
2021-04-20 09:40:33,854.35,1377810
2021-04-20 09:40:34,854.55,1378445
2021-04-20 09:40:35,854.55,1378445
2021-04-20 09:40:35,854.55,1378445
2021-04-20 09:40:36,854.55,1378445
2021-04-20 09:40:37,854.35,1378465
2021-04-20 09:40:39,854.55,1378556
2021-04-20 09:40:40,854.65,1378557
2021-04-20 09:40:41,854.75,1378972
2021-04-20 09:40:42,854.35,1379373
2021-04-20 09:40:43,854.45,1379433
2021-04-20 09:40:44,854.45,1379459
2021-04-20 09:40:45,854.5,1379784
2021-04-20 09:40:46,854.55,1380284
2021-04-20 09:40:46,854.55,1380284
2021-04-20 09:40:47,854.5,1380522
2021-04-20 09:40:48,854.45,1380692
2021-04-20 09:40:50,854.1,1381854
2021-04-20 09:40:51,854.5,1381873
2021-04-20 09:40:52,854.5,1382032
2021-04-20 09:40:53,854.4,1382288
2021-04-20 09:40:53,854.4,1382288
2021-04-20 09:40:54,854.0,1382433
2021-04-20 09:40:56,854.3,1382459
2021-04-20 09:40:57,854.2,1382491
2021-04-20 09:40:58,854.3,1382511
2021-04-20 09:40:59,854.35,1382546
2021-04-20 09:41:00,854.35,1382665
2021-04-20 09:41:00,854.45,1382815
2021-04-20 09:41:01,854.45,1382815
2021-04-20 09:41:02,854.0,1382874
2021-04-20 09:41:04,854.0,1382919
2021-04-20 09:41:05,854.2,1383556
2021-04-20 09:41:06,854.0,1383756
2021-04-20 09:41:07,854.0,1383952
2021-04-20 09:41:07,854.0,1383952
2021-04-20 09:41:08,854.0,1383988
2021-04-20 09:41:10,854.0,1384013
2021-04-20 09:41:11,854.0,1384013
2021-04-20 09:41:12,854.0,1386037
2021-04-20 09:41:12,854.0,1386037
2021-04-20 09:41:13,854.0,1386037
2021-04-20 09:41:15,853.4,1386308
2021-04-20 09:41:16,853.8,1386312
2021-04-20 09:41:17,853.8,1386313
2021-04-20 09:41:18,853.4,1386428
2021-04-20 09:41:19,853.35,1386615
2021-04-20 09:41:20,853.35,1386715
2021-04-20 09:41:21,853.35,1386747
2021-04-20 09:41:21,853.35,1386747
2021-04-20 09:41:22,853.35,1387098
2021-04-20 09:41:24,853.4,1387317
2021-04-20 09:41:25,853.35,1387687
2021-04-20 09:41:26,853.35,1387688
2021-04-20 09:41:26,853.35,1387688
2021-04-20 09:41:27,853.4,1387718
2021-04-20 09:41:29,853.75,1387894
2021-04-20 09:41:30,853.75,1387961
2021-04-20 09:41:31,853.4,1388211
2021-04-20 09:41:32,853.4,1388238
2021-04-20 09:41:32,853.4,1388238
2021-04-20 09:41:33,853.75,1388739
2021-04-20 09:41:35,853.75,1388809
2021-04-20 09:41:36,853.75,1388809
2021-04-20 09:41:37,853.35,1389113
2021-04-20 09:41:38,853.75,1389317
2021-04-20 09:41:38,853.75,1389317
2021-04-20 09:41:39,853.95,1389373
2021-04-20 09:41:41,853.95,1389373
2021-04-20 09:41:42,854.0,1389470
2021-04-20 09:41:43,854.0,1389470
2021-04-20 09:41:44,853.95,1389640
2021-04-20 09:41:45,853.95,1390444
2021-04-20 09:41:47,853.95,1390633
2021-04-20 09:41:48,853.6,1390895
2021-04-20 09:41:49,854.0,1391021
2021-04-20 09:41:50,853.7,1392018
2021-04-20 09:41:50,854.0,1392028
2021-04-20 09:41:51,854.2,1393657
2021-04-20 09:41:54,854.0,1394110
2021-04-20 09:41:55,854.0,1394345
2021-04-20 09:41:56,854.05,1394382
2021-04-20 09:41:56,854.05,1394393
2021-04-20 09:41:57,854.05,1394504
2021-04-20 09:41:59,854.05,1394697
2021-04-20 09:42:00,854.25,1396053
2021-04-20 09:42:01,854.15,1396094
2021-04-20 09:42:02,854.15,1396162
2021-04-20 09:42:02,854.15,1396162
2021-04-20 09:42:04,854.15,1396168
2021-04-20 09:42:05,854.5,1396535
2021-04-20 09:42:06,854.85,1396667
2021-04-20 09:42:07,854.25,1397829
2021-04-20 09:42:08,854.45,1397933
2021-04-20 09:42:09,854.3,1398117
2021-04-20 09:42:09,854.3,1398117
2021-04-20 09:42:11,854.3,1398118
2021-04-20 09:42:12,854.5,1398128
2021-04-20 09:42:13,854.25,1398408
2021-04-20 09:42:14,854.6,1398467
2021-04-20 09:42:15,854.2,1398683
2021-04-20 09:42:16,854.45,1398786
2021-04-20 09:42:16,854.45,1398832
2021-04-20 09:42:18,854.35,1398957
2021-04-20 09:42:19,854.45,1399064
2021-04-20 09:42:20,854.4,1399143
2021-04-20 09:42:21,854.2,1399314
2021-04-20 09:42:22,854.5,1399334
2021-04-20 09:42:23,854.15,1399650
2021-04-20 09:42:23,854.2,1399666
2021-04-20 09:42:25,854.5,1399678
2021-04-20 09:42:26,854.5,1399701
2021-04-20 09:42:27,854.5,1399701
2021-04-20 09:42:28,854.2,1399713
2021-04-20 09:42:28,854.2,1399713
2021-04-20 09:42:29,854.2,1400123
2021-04-20 09:42:31,854.2,1400123
2021-04-20 09:42:32,854.2,1400253
2021-04-20 09:42:33,854.5,1400357
2021-04-20 09:42:34,854.35,1400377
2021-04-20 09:42:35,854.1,1401498
2021-04-20 09:42:35,854.1,1401498
2021-04-20 09:42:37,854.5,1401580
2021-04-20 09:42:38,854.65,1410075
2021-04-20 09:42:39,855.4,1411128
2021-04-20 09:42:40,855.05,1411308
2021-04-20 09:42:41,855.4,1411431
2021-04-20 09:42:42,855.5,1412086
2021-04-20 09:42:43,855.5,1412086
2021-04-20 09:42:44,855.95,1419799
2021-04-20 09:42:45,856.35,1419928
2021-04-20 09:42:46,856.4,1420016
2021-04-20 09:42:46,856.4,1420041
2021-04-20 09:42:48,856.4,1420260
2021-04-20 09:42:49,856.4,1420319
2021-04-20 09:42:50,856.15,1420523
2021-04-20 09:42:51,856.1,1421192
2021-04-20 09:42:52,856.2,1421520
2021-04-20 09:42:52,856.25,1421381
2021-04-20 09:42:53,856.25,1421692
2021-04-20 09:42:54,856.15,1422004
2021-04-20 09:42:55,856.4,1422054
2021-04-20 09:42:57,856.1,1422625
2021-04-20 09:42:58,856.15,1423627
2021-04-20 09:42:59,856.2,1424148
2021-04-20 09:43:00,856.4,1424590
2021-04-20 09:43:00,856.4,1424590
2021-04-20 09:43:02,855.85,1424879
2021-04-20 09:43:03,856.35,1424886
2021-04-20 09:43:04,855.95,1424892
2021-04-20 09:43:05,856.0,1424977
2021-04-20 09:43:05,856.0,1424977
2021-04-20 09:43:07,856.4,1425186
2021-04-20 09:43:08,856.0,1425273
2021-04-20 09:43:09,856.35,1425373
2021-04-20 09:43:10,856.35,1425478
2021-04-20 09:43:11,856.35,1425503
2021-04-20 09:43:11,856.35,1425503
2021-04-20 09:43:13,856.35,1425614
2021-04-20 09:43:14,856.25,1428950
2021-04-20 09:43:15,856.2,1429060
2021-04-20 09:43:16,856.1,1429660
2021-04-20 09:43:17,856.45,1432674
2021-04-20 09:43:17,854.95,1438538
2021-04-20 09:43:19,854.45,1439727
2021-04-20 09:43:20,854.55,1440677
2021-04-20 09:43:21,854.45,1440803
2021-04-20 09:43:22,854.7,1440851
2021-04-20 09:43:23,854.8,1441010
2021-04-20 09:43:24,854.65,1441065
2021-04-20 09:43:24,854.8,1441075
2021-04-20 09:43:26,854.75,1441235
2021-04-20 09:43:27,854.0,1443814
2021-04-20 09:43:28,854.25,1444061
2021-04-20 09:43:29,853.85,1446281
2021-04-20 09:43:30,853.55,1446581
2021-04-20 09:43:30,854.05,1446611
2021-04-20 09:43:32,854.1,1446761
2021-04-20 09:43:33,854.0,1446901
2021-04-20 09:43:34,854.2,1446904
2021-04-20 09:43:35,854.2,1446934
2021-04-20 09:43:36,853.75,1447609
2021-04-20 09:43:37,853.75,1447650
2021-04-20 09:43:38,853.65,1447879
2021-04-20 09:43:39,853.65,1447983
2021-04-20 09:43:40,853.65,1448229
2021-04-20 09:43:41,853.6,1449377
2021-04-20 09:43:42,853.75,1449477
2021-04-20 09:43:43,853.75,1449494
2021-04-20 09:43:43,853.75,1449496
2021-04-20 09:43:44,853.75,1449501
2021-04-20 09:43:46,853.55,1449901
2021-04-20 09:43:47,853.75,1449951
2021-04-20 09:43:48,853.7,1449953
2021-04-20 09:43:49,853.85,1450100
2021-04-20 09:43:50,854.1,1451349
2021-04-20 09:43:50,854.1,1451349
2021-04-20 09:43:52,854.0,1451609
2021-04-20 09:43:53,854.0,1451659
2021-04-20 09:43:54,854.05,1451709
2021-04-20 09:43:55,854.0,1451832
2021-04-20 09:43:56,854.0,1451832
2021-04-20 09:43:57,854.6,1451837
2021-04-20 09:43:57,854.6,1451837
2021-04-20 09:43:59,854.75,1452018
2021-04-20 09:44:00,854.8,1452102
2021-04-20 09:44:01,854.35,1452251
2021-04-20 09:44:02,854.35,1452301
2021-04-20 09:44:02,854.35,1452301
2021-04-20 09:44:03,854.25,1452366
2021-04-20 09:44:05,854.6,1452788
2021-04-20 09:44:06,854.4,1452808
2021-04-20 09:44:07,854.4,1452808
2021-04-20 09:44:08,854.4,1452808
2021-04-20 09:44:09,854.45,1452818
2021-04-20 09:44:10,854.9,1452842
2021-04-20 09:44:11,854.9,1452842
2021-04-20 09:44:12,854.9,1452842
2021-04-20 09:44:13,854.5,1452875
2021-04-20 09:44:14,854.7,1452895
2021-04-20 09:44:15,854.4,1452981
2021-04-20 09:44:16,854.4,1452981
2021-04-20 09:44:17,854.45,1453772
2021-04-20 09:44:18,854.7,1453847
2021-04-20 09:44:19,854.7,1453862
2021-04-20 09:44:20,854.5,1453972
2021-04-20 09:44:21,854.5,1453972
2021-04-20 09:44:22,854.7,1454052
2021-04-20 09:44:23,854.45,1454080
2021-04-20 09:44:24,854.8,1454229
2021-04-20 09:44:25,854.8,1454244
2021-04-20 09:44:26,854.8,1454244
2021-04-20 09:44:27,854.8,1454544
2021-04-20 09:44:28,854.8,1454554
2021-04-20 09:44:29,854.45,1454559
2021-04-20 09:44:30,854.75,1455230
2021-04-20 09:44:31,854.75,1455240
2021-04-20 09:44:32,854.4,1455255
2021-04-20 09:44:33,854.4,1455255
2021-04-20 09:44:34,854.75,1455663
2021-04-20 09:44:35,854.85,1456028
2021-04-20 09:44:36,854.4,1456181
2021-04-20 09:44:37,854.75,1456206
2021-04-20 09:44:38,854.75,1456206
2021-04-20 09:44:39,854.75,1456206
2021-04-20 09:44:40,854.75,1456206
2021-04-20 09:44:41,854.9,1456244
2021-04-20 09:44:42,854.9,1456294
2021-04-20 09:44:43,855.0,1456347
2021-04-20 09:44:44,854.85,1456656
2021-04-20 09:44:45,855.1,1459148
2021-04-20 09:44:46,855.15,1459815
2021-04-20 09:44:47,855.15,1460143
2021-04-20 09:44:48,855.4,1460165
2021-04-20 09:44:49,855.4,1460165
2021-04-20 09:44:50,855.2,1460175
2021-04-20 09:44:51,855.1,1460679
2021-04-20 09:44:52,855.2,1460730
2021-04-20 09:44:53,855.05,1461032
2021-04-20 09:44:55,855.45,1461035
2021-04-20 09:44:54,855.45,1461035
2021-04-20 09:44:56,855.85,1461768
2021-04-20 09:44:58,855.5,1462699
2021-04-20 09:44:59,855.45,1462713
2021-04-20 09:45:01,856.0,1462955
2021-04-20 09:45:00,856.0,1462955
2021-04-20 09:45:02,855.85,1463154
2021-04-20 09:45:03,856.0,1463184
2021-04-20 09:45:04,855.85,1463269
2021-04-20 09:45:05,855.7,1463415
2021-04-20 09:45:06,856.0,1463526
2021-04-20 09:45:07,856.7,1467354
2021-04-20 09:45:08,856.3,1467594
2021-04-20 09:45:09,856.5,1467612
2021-04-20 09:45:10,856.5,1467691
2021-04-20 09:45:11,856.5,1467787
2021-04-20 09:45:12,856.25,1468922
2021-04-20 09:45:13,856.25,1468977
2021-04-20 09:45:14,856.5,1468992
2021-04-20 09:45:15,856.5,1468992
2021-04-20 09:45:16,856.5,1470129
2021-04-20 09:45:17,856.85,1473156
2021-04-20 09:45:18,856.85,1473448
2021-04-20 09:45:19,857.0,1482599
2021-04-20 09:45:20,856.85,1484329
2021-04-20 09:45:21,856.9,1484334
2021-04-20 09:45:22,856.9,1484658
2021-04-20 09:45:23,857.0,1485318
2021-04-20 09:45:24,857.25,1486116
2021-04-20 09:45:25,856.9,1486577
2021-04-20 09:45:26,856.8,1486983
2021-04-20 09:45:27,856.8,1486983
2021-04-20 09:45:28,857.1,1487337
2021-04-20 09:45:29,857.0,1487342
2021-04-20 09:45:30,857.2,1487442
2021-04-20 09:45:31,856.95,1487749
2021-04-20 09:45:32,856.6,1487999
2021-04-20 09:45:33,856.4,1489090
2021-04-20 09:45:34,856.4,1489160
2021-04-20 09:45:35,856.4,1489190
2021-04-20 09:45:36,856.4,1489214
2021-04-20 09:45:37,856.0,1489775
2021-04-20 09:45:38,856.0,1490090
2021-04-20 09:45:39,856.1,1490120
2021-04-20 09:45:40,856.45,1490221
2021-04-20 09:45:41,856.45,1490331
2021-04-20 09:45:42,856.45,1490331
2021-04-20 09:45:43,856.45,1490331
2021-04-20 09:45:44,856.0,1491281
2021-04-20 09:45:45,856.1,1491336
2021-04-20 09:45:46,856.15,1491562
2021-04-20 09:45:47,856.15,1491562
2021-04-20 09:45:48,856.45,1491593
2021-04-20 09:45:49,856.15,1491645
2021-04-20 09:45:50,856.45,1491655
2021-04-20 09:45:51,856.2,1491785
2021-04-20 09:45:52,856.2,1492262
2021-04-20 09:45:53,856.45,1492347
2021-04-20 09:45:54,856.45,1492544
2021-04-20 09:45:55,856.2,1492554
2021-04-20 09:45:56,856.2,1492554
2021-04-20 09:45:57,856.2,1492579
2021-04-20 09:45:58,856.2,1492638
2021-04-20 09:45:59,856.2,1492702
2021-04-20 09:46:00,856.2,1492729
2021-04-20 09:46:01,856.6,1492831
2021-04-20 09:46:02,856.6,1492831
2021-04-20 09:46:03,856.2,1492860
2021-04-20 09:46:04,856.15,1492935
2021-04-20 09:46:05,856.15,1493136
2021-04-20 09:46:06,856.15,1493136
2021-04-20 09:46:07,856.2,1493141
2021-04-20 09:46:08,856.2,1493141
2021-04-20 09:46:09,856.2,1493181
2021-04-20 09:46:10,856.2,1493188
2021-04-20 09:46:11,856.15,1493382
2021-04-20 09:46:12,856.4,1493534
2021-04-20 09:46:13,856.15,1493539
2021-04-20 09:46:14,856.15,1493539
2021-04-20 09:46:15,856.0,1495563
2021-04-20 09:46:16,855.65,1495567
2021-04-20 09:46:18,856.05,1495607
2021-04-20 09:46:18,856.05,1495607
2021-04-20 09:46:19,856.05,1495718
2021-04-20 09:46:20,855.8,1495931
2021-04-20 09:46:21,855.8,1495981
2021-04-20 09:46:23,855.3,1496178
2021-04-20 09:46:23,855.65,1496180
2021-04-20 09:46:24,855.7,1496321
2021-04-20 09:46:25,855.4,1496366
2021-04-20 09:46:26,855.4,1496371
2021-04-20 09:46:28,855.65,1496872
2021-04-20 09:46:29,855.9,1496901
2021-04-20 09:46:30,855.9,1496901
2021-04-20 09:46:31,855.85,1497033
2021-04-20 09:46:32,855.9,1497038
2021-04-20 09:46:34,855.9,1497088
2021-04-20 09:46:34,856.0,1497393
2021-04-20 09:46:35,855.9,1497398
2021-04-20 09:46:36,856.0,1497673
2021-04-20 09:46:37,856.0,1497689
2021-04-20 09:46:38,856.0,1498845
2021-04-20 09:46:40,855.8,1499097
2021-04-20 09:46:40,855.8,1499097
2021-04-20 09:46:41,856.25,1500275
2021-04-20 09:46:42,856.15,1500382
2021-04-20 09:46:43,856.15,1500382
2021-04-20 09:46:44,856.15,1500382
2021-04-20 09:46:45,856.4,1500409
2021-04-20 09:46:46,856.15,1500424
2021-04-20 09:46:48,856.15,1500425
2021-04-20 09:46:48,856.15,1500425
2021-04-20 09:46:49,856.15,1500438
2021-04-20 09:46:50,856.35,1500443
2021-04-20 09:46:51,856.15,1500476
2021-04-20 09:46:52,856.2,1500576
2021-04-20 09:46:53,856.0,1501009
2021-04-20 09:46:55,856.0,1501069
2021-04-20 09:46:55,856.0,1501069
2021-04-20 09:46:57,856.0,1501455
2021-04-20 09:46:58,856.2,1501465
2021-04-20 09:47:00,856.35,1501744
2021-04-20 09:47:00,856.35,1501744
2021-04-20 09:47:01,856.05,1502028
2021-04-20 09:47:02,856.1,1502128
2021-04-20 09:47:03,855.9,1503156
2021-04-20 09:47:05,856.3,1503271
2021-04-20 09:47:05,856.5,1503780
2021-04-20 09:47:06,856.5,1503781
2021-04-20 09:47:08,856.4,1504032
2021-04-20 09:47:09,856.95,1504889
2021-04-20 09:47:11,856.95,1505194
2021-04-20 09:47:13,856.5,1505200
2021-04-20 09:47:13,856.5,1505205
2021-04-20 09:47:14,856.8,1505728
2021-04-20 09:47:15,856.45,1505738
2021-04-20 09:47:17,856.95,1506044
2021-04-20 09:47:19,856.55,1506047
2021-04-20 09:47:19,856.8,1506052
2021-04-20 09:47:20,857.0,1506248
2021-04-20 09:47:21,857.0,1509578
2021-04-20 09:47:22,857.0,1509739
2021-04-20 09:47:23,857.0,1509904
2021-04-20 09:47:25,857.0,1511439
2021-04-20 09:47:25,857.0,1511439
2021-04-20 09:47:26,857.0,1514469
2021-04-20 09:47:27,857.0,1515013
2021-04-20 09:47:28,857.05,1515124
2021-04-20 09:47:29,856.95,1515384
2021-04-20 09:47:30,856.8,1515529
2021-04-20 09:47:32,856.8,1516080
2021-04-20 09:47:33,856.6,1516491
2021-04-20 09:47:34,857.05,1516509
2021-04-20 09:47:35,857.0,1516574
2021-04-20 09:47:37,857.0,1516614
2021-04-20 09:47:37,857.0,1516614
2021-04-20 09:47:38,857.0,1516657
2021-04-20 09:47:39,857.35,1517191
2021-04-20 09:47:40,857.25,1517506
2021-04-20 09:47:41,857.35,1517802
2021-04-20 09:47:43,857.35,1517827
2021-04-20 09:47:44,857.35,1518108
2021-04-20 09:47:45,857.35,1518108
2021-04-20 09:47:45,857.35,1518108
2021-04-20 09:47:46,857.2,1518192
2021-04-20 09:47:48,857.35,1518781
2021-04-20 09:47:48,857.0,1519001
2021-04-20 09:47:49,857.5,1519984
2021-04-20 09:47:50,857.15,1525285
2021-04-20 09:47:51,857.05,1526925
2021-04-20 09:47:53,857.35,1527501
2021-04-20 09:47:53,857.0,1527807
2021-04-20 09:47:54,857.1,1528239
2021-04-20 09:47:55,857.2,1528249
2021-04-20 09:47:56,856.55,1529021
2021-04-20 09:47:57,856.15,1529493
2021-04-20 09:47:58,856.8,1529951
2021-04-20 09:47:59,856.4,1530014
2021-04-20 09:48:01,857.0,1530139
2021-04-20 09:48:01,857.0,1530139
2021-04-20 09:48:02,857.05,1530212
2021-04-20 09:48:03,856.8,1530370
2021-04-20 09:48:04,856.9,1531170
2021-04-20 09:48:05,856.55,1531743
2021-04-20 09:48:06,856.55,1531743
2021-04-20 09:48:07,856.4,1532243
2021-04-20 09:48:08,856.8,1532258
2021-04-20 09:48:09,856.8,1532258
2021-04-20 09:48:11,856.35,1532683
2021-04-20 09:48:11,856.35,1532683
2021-04-20 09:48:12,856.5,1532783
2021-04-20 09:48:13,856.65,1532918
2021-04-20 09:48:14,856.35,1532921
2021-04-20 09:48:15,856.55,1532928
2021-04-20 09:48:16,856.3,1533029
2021-04-20 09:48:17,856.55,1533091
2021-04-20 09:48:19,856.4,1533104
2021-04-20 09:48:20,856.25,1533105
2021-04-20 09:48:20,856.25,1533105
2021-04-20 09:48:21,856.7,1533205
2021-04-20 09:48:22,856.25,1533472
2021-04-20 09:48:23,856.55,1533674
2021-04-20 09:48:24,856.3,1533680
2021-04-20 09:48:25,856.3,1533680
2021-04-20 09:48:26,856.3,1533680
2021-04-20 09:48:28,856.45,1535284
2021-04-20 09:48:29,856.25,1535304
2021-04-20 09:48:30,856.5,1535306
2021-04-20 09:48:31,856.25,1535656
2021-04-20 09:48:32,856.25,1535696
2021-04-20 09:48:33,856.45,1535705
2021-04-20 09:48:34,856.25,1535716
2021-04-20 09:48:35,856.3,1535816
2021-04-20 09:48:37,856.4,1535851
2021-04-20 09:48:38,856.25,1536026
2021-04-20 09:48:39,856.25,1536126
2021-04-20 09:48:40,856.35,1537202
2021-04-20 09:48:40,856.4,1537102
2021-04-20 09:48:42,856.5,1537886
2021-04-20 09:48:42,856.5,1537886
2021-04-20 09:48:43,856.75,1538422
2021-04-20 09:48:44,856.45,1538432
2021-04-20 09:48:45,856.55,1538576
2021-04-20 09:48:47,856.3,1538715
2021-04-20 09:48:48,856.25,1538825
2021-04-20 09:48:49,856.35,1538950
2021-04-20 09:48:50,856.25,1538952
2021-04-20 09:48:50,856.25,1538952
2021-04-20 09:48:51,856.6,1539047
2021-04-20 09:48:52,856.6,1539047
2021-04-20 09:48:53,856.25,1539059
2021-04-20 09:48:54,856.8,1540093
2021-04-20 09:48:55,856.8,1540093
2021-04-20 09:48:57,856.3,1540133
2021-04-20 09:48:58,856.0,1544488
2021-04-20 09:48:58,856.0,1544488
2021-04-20 09:49:00,856.45,1549190
2021-04-20 09:49:00,856.45,1549151
2021-04-20 09:49:01,856.5,1549395
2021-04-20 09:49:03,856.5,1549395
2021-04-20 09:49:04,856.7,1550041
2021-04-20 09:49:05,856.5,1550051
2021-04-20 09:49:06,856.45,1550556
2021-04-20 09:49:07,856.5,1550961
2021-04-20 09:49:09,856.9,1551476
2021-04-20 09:49:10,856.85,1552182
2021-04-20 09:49:11,856.85,1552182
2021-04-20 09:49:11,856.85,1552182
2021-04-20 09:49:12,856.65,1552220
2021-04-20 09:49:13,856.6,1552369
2021-04-20 09:49:14,856.85,1552401
2021-04-20 09:49:16,856.95,1554328
2021-04-20 09:49:17,857.0,1557639
2021-04-20 09:49:18,857.05,1558175
2021-04-20 09:49:18,857.0,1558056
2021-04-20 09:49:19,857.0,1558475
2021-04-20 09:49:20,857.0,1558975
2021-04-20 09:49:21,856.9,1559206
2021-04-20 09:49:22,857.2,1559708
2021-04-20 09:49:24,856.95,1561093
2021-04-20 09:49:25,857.05,1561306
2021-04-20 09:49:26,857.05,1561378
2021-04-20 09:49:27,857.5,1562323
2021-04-20 09:49:28,857.45,1562646
2021-04-20 09:49:28,857.5,1562676
2021-04-20 09:49:30,857.2,1563165
2021-04-20 09:49:31,857.45,1563315
2021-04-20 09:49:31,857.45,1563315
2021-04-20 09:49:32,857.3,1563533
2021-04-20 09:49:33,857.05,1563869
2021-04-20 09:49:34,857.05,1563979
2021-04-20 09:49:36,857.45,1564192
2021-04-20 09:49:37,857.05,1564216
2021-04-20 09:49:38,857.3,1564342
2021-04-20 09:49:38,857.3,1564342
2021-04-20 09:49:40,857.3,1564492
2021-04-20 09:49:41,857.05,1564592
2021-04-20 09:49:42,857.05,1564641
2021-04-20 09:49:43,857.05,1564753
2021-04-20 09:49:45,856.8,1566062
2021-04-20 09:49:46,857.05,1566356
2021-04-20 09:49:46,857.0,1566359
2021-04-20 09:49:47,856.7,1566391
2021-04-20 09:49:48,856.75,1566584
2021-04-20 09:49:49,857.05,1567084
2021-04-20 09:49:50,856.95,1567365
2021-04-20 09:49:51,856.9,1567474
2021-04-20 09:49:52,857.0,1567824
2021-04-20 09:49:53,857.5,1569787
2021-04-20 09:49:55,857.5,1569807
2021-04-20 09:49:56,857.5,1570043
2021-04-20 09:49:57,857.35,1570093
2021-04-20 09:49:57,857.3,1570389
2021-04-20 09:49:58,856.7,1570684
2021-04-20 09:49:59,857.2,1570841
2021-04-20 09:50:01,857.5,1571121
2021-04-20 09:50:02,857.15,1571151
2021-04-20 09:50:03,857.0,1571901
2021-04-20 09:50:04,857.0,1571956
2021-04-20 09:50:04,857.0,1571956
2021-04-20 09:50:05,857.0,1571956
2021-04-20 09:50:06,857.35,1572078
2021-04-20 09:50:07,857.3,1574509
2021-04-20 09:50:08,857.2,1574565
2021-04-20 09:50:09,857.3,1575858
2021-04-20 09:50:11,857.3,1575858
2021-04-20 09:50:12,857.0,1575882
2021-04-20 09:50:13,857.0,1576193
2021-04-20 09:50:14,856.5,1577427
2021-04-20 09:50:14,856.5,1577427
2021-04-20 09:50:15,856.7,1577587
2021-04-20 09:50:16,855.85,1578815
2021-04-20 09:50:17,855.8,1578931
2021-04-20 09:50:18,856.15,1578941
2021-04-20 09:50:20,856.25,1579516
2021-04-20 09:50:21,856.35,1580737
2021-04-20 09:50:21,856.35,1580737
2021-04-20 09:50:22,856.0,1580915
2021-04-20 09:50:23,856.25,1581015
2021-04-20 09:50:24,855.95,1581065
2021-04-20 09:50:26,856.4,1581075
2021-04-20 09:50:27,856.0,1581185
2021-04-20 09:50:28,856.25,1581295
2021-04-20 09:50:28,856.25,1581295
2021-04-20 09:50:29,856.4,1581635
2021-04-20 09:50:30,856.1,1581645
2021-04-20 09:50:31,855.6,1582090
2021-04-20 09:50:33,856.0,1582718
2021-04-20 09:50:34,855.6,1583972
2021-04-20 09:50:35,855.6,1583972
2021-04-20 09:50:35,855.6,1583972
2021-04-20 09:50:36,855.8,1584015
2021-04-20 09:50:38,856.1,1584039
2021-04-20 09:50:40,855.95,1587284
2021-04-20 09:50:41,855.5,1587767
2021-04-20 09:50:42,855.75,1587787
2021-04-20 09:50:42,855.9,1587837
2021-04-20 09:50:43,855.9,1587841
2021-04-20 09:50:45,855.9,1587849
2021-04-20 09:50:46,855.75,1587900
2021-04-20 09:50:47,855.6,1588255
2021-04-20 09:50:48,855.9,1588380
2021-04-20 09:50:49,855.9,1588380
2021-04-20 09:50:49,855.9,1588380
2021-04-20 09:50:50,855.5,1588580
2021-04-20 09:50:52,855.9,1588590
2021-04-20 09:50:53,855.5,1588666
2021-04-20 09:50:54,855.75,1588791
2021-04-20 09:50:55,857.15,1596562
2021-04-20 09:50:55,857.15,1596562
2021-04-20 09:50:56,857.1,1596767
2021-04-20 09:50:57,857.3,1597192
2021-04-20 09:50:59,856.9,1597914
2021-04-20 09:51:00,857.4,1598031
2021-04-20 09:51:01,857.3,1598186
2021-04-20 09:51:02,857.4,1598688
2021-04-20 09:51:02,857.4,1598688
2021-04-20 09:51:03,856.9,1598720
2021-04-20 09:51:04,857.15,1598820
2021-04-20 09:51:06,856.9,1599085
2021-04-20 09:51:07,857.15,1599444
2021-04-20 09:51:08,857.15,1599563
2021-04-20 09:51:09,857.15,1599783
2021-04-20 09:51:09,857.0,1599939
2021-04-20 09:51:10,856.85,1599989
2021-04-20 09:51:12,856.85,1599989
2021-04-20 09:51:13,857.15,1600495
2021-04-20 09:51:14,857.05,1600779
2021-04-20 09:51:14,857.0,1600879
2021-04-20 09:51:15,857.0,1600944
2021-04-20 09:51:16,857.0,1600944
2021-04-20 09:51:17,857.0,1600993
2021-04-20 09:51:18,856.7,1601165
2021-04-20 09:51:20,857.3,1603932
2021-04-20 09:51:21,857.3,1603932
2021-04-20 09:51:22,857.3,1603932
2021-04-20 09:51:23,857.0,1603952
2021-04-20 09:51:24,857.4,1604032
2021-04-20 09:51:24,857.4,1604032
2021-04-20 09:51:26,857.0,1604526
2021-04-20 09:51:28,857.0,1604530
2021-04-20 09:51:29,857.4,1604557
2021-04-20 09:51:30,857.4,1604557
2021-04-20 09:51:31,857.4,1604657
2021-04-20 09:51:32,857.4,1604762
2021-04-20 09:51:32,857.4,1604762
2021-04-20 09:51:33,857.0,1604854
2021-04-20 09:51:34,857.0,1604854
2021-04-20 09:51:35,857.0,1604854
2021-04-20 09:51:37,857.4,1605204
2021-04-20 09:51:37,857.1,1605226
2021-04-20 09:51:39,857.4,1606091
2021-04-20 09:51:40,857.4,1606192
2021-04-20 09:51:41,857.2,1606330
2021-04-20 09:51:41,857.2,1606325
2021-04-20 09:51:42,857.4,1606891
2021-04-20 09:51:43,857.2,1607395
2021-04-20 09:51:44,857.2,1607420
2021-04-20 09:51:46,857.35,1610925
2021-04-20 09:51:47,857.2,1610975
2021-04-20 09:51:48,857.2,1611479
2021-04-20 09:51:48,857.4,1611480
2021-04-20 09:51:49,856.95,1611590
2021-04-20 09:51:50,857.2,1612120
2021-04-20 09:51:52,856.9,1612447
2021-04-20 09:51:52,857.0,1612663
2021-04-20 09:51:53,856.55,1612713
2021-04-20 09:51:55,856.6,1612726
2021-04-20 09:51:56,857.05,1612873
2021-04-20 09:51:57,857.2,1613014
2021-04-20 09:51:58,857.1,1613194
2021-04-20 09:51:58,857.9,1618210
2021-04-20 09:51:59,857.5,1619010
2021-04-20 09:52:00,858.25,1636992
2021-04-20 09:52:01,858.5,1638117
2021-04-20 09:52:03,858.8,1638364
2021-04-20 09:52:04,858.9,1638578
2021-04-20 09:52:05,858.8,1639990
2021-04-20 09:52:06,858.7,1640397
2021-04-20 09:52:06,858.7,1640397
2021-04-20 09:52:07,858.85,1640978
2021-04-20 09:52:08,859.0,1644268
2021-04-20 09:52:10,858.95,1644294
2021-04-20 09:52:12,858.7,1645146
2021-04-20 09:52:12,858.35,1645136
2021-04-20 09:52:13,858.95,1645651
2021-04-20 09:52:14,858.7,1645959
2021-04-20 09:52:16,859.0,1648414
2021-04-20 09:52:17,858.7,1649701
2021-04-20 09:52:18,858.9,1651899
2021-04-20 09:52:19,858.65,1652700
2021-04-20 09:52:19,858.7,1653758
2021-04-20 09:52:20,858.55,1654108
2021-04-20 09:52:22,858.6,1654503
2021-04-20 09:52:23,858.2,1654710
2021-04-20 09:52:24,858.2,1654710
2021-04-20 09:52:24,858.2,1654710
2021-04-20 09:52:25,858.3,1655112
2021-04-20 09:52:26,858.5,1656273
2021-04-20 09:52:28,858.95,1656403
2021-04-20 09:52:29,858.75,1656606
2021-04-20 09:52:30,858.85,1656810
2021-04-20 09:52:30,858.85,1656835
2021-04-20 09:52:31,858.85,1656835
2021-04-20 09:52:32,858.95,1657102
2021-04-20 09:52:33,858.8,1657168
2021-04-20 09:52:35,858.6,1658305
2021-04-20 09:52:36,858.95,1658764
2021-04-20 09:52:37,858.95,1659158
2021-04-20 09:52:37,858.95,1659158
2021-04-20 09:52:38,858.8,1659203
2021-04-20 09:52:40,858.3,1659846
2021-04-20 09:52:41,858.7,1660668
2021-04-20 09:52:42,858.2,1660782
2021-04-20 09:52:43,858.2,1662354
2021-04-20 09:52:44,858.5,1662757
2021-04-20 09:52:45,858.5,1662881
2021-04-20 09:52:45,858.8,1662961
2021-04-20 09:52:46,858.65,1664136
2021-04-20 09:52:47,858.85,1664781
2021-04-20 09:52:49,858.8,1664966
2021-04-20 09:52:50,858.9,1665635
2021-04-20 09:52:51,858.95,1666017
2021-04-20 09:52:52,858.55,1666454
2021-04-20 09:52:53,858.65,1666919
2021-04-20 09:52:53,858.65,1666919
2021-04-20 09:52:55,858.65,1667629
2021-04-20 09:52:56,858.95,1667818
2021-04-20 09:52:57,858.3,1668048
2021-04-20 09:52:58,858.8,1668233
2021-04-20 09:52:58,858.8,1668233
2021-04-20 09:53:00,858.8,1668549
2021-04-20 09:53:01,858.3,1668729
2021-04-20 09:53:02,858.2,1668830
2021-04-20 09:53:03,858.45,1669260
2021-04-20 09:53:04,858.45,1669799
2021-04-20 09:53:05,858.0,1670125
2021-04-20 09:53:05,858.0,1670125
2021-04-20 09:53:07,858.05,1670249
2021-04-20 09:53:08,858.3,1670261
2021-04-20 09:53:09,858.3,1670456
2021-04-20 09:53:10,858.05,1672641
2021-04-20 09:53:10,858.05,1672441
2021-04-20 09:53:12,858.65,1672923
2021-04-20 09:53:13,858.15,1673209
2021-04-20 09:53:14,858.15,1673209
2021-04-20 09:53:15,858.05,1673444
2021-04-20 09:53:16,857.9,1673694
2021-04-20 09:53:17,857.85,1674649
2021-04-20 09:53:18,857.85,1674785
2021-04-20 09:53:18,857.85,1674785
2021-04-20 09:53:20,857.55,1675126
2021-04-20 09:53:21,857.85,1675137
2021-04-20 09:53:22,857.6,1675440
2021-04-20 09:53:23,857.65,1675580
2021-04-20 09:53:24,857.65,1675781
2021-04-20 09:53:24,857.9,1675791
2021-04-20 09:53:25,858.0,1675966
2021-04-20 09:53:26,857.6,1676824
2021-04-20 09:53:28,857.6,1676824
2021-04-20 09:53:29,857.85,1677043
2021-04-20 09:53:30,858.5,1678534
2021-04-20 09:53:31,858.5,1678835
2021-04-20 09:53:31,858.5,1678835
2021-04-20 09:53:33,858.3,1678984
2021-04-20 09:53:34,858.0,1679024
2021-04-20 09:53:35,858.0,1679145
2021-04-20 09:53:36,858.0,1679169
2021-04-20 09:53:36,858.0,1679169
2021-04-20 09:53:37,858.0,1679507
2021-04-20 09:53:39,858.1,1679628
2021-04-20 09:53:40,858.35,1679648
2021-04-20 09:53:41,858.0,1680153
2021-04-20 09:53:42,858.0,1680353
2021-04-20 09:53:42,857.9,1680363
2021-04-20 09:53:44,858.15,1682611
2021-04-20 09:53:45,858.5,1682616
2021-04-20 09:53:46,858.5,1682836
2021-04-20 09:53:47,858.5,1682836
2021-04-20 09:53:48,858.7,1683049
2021-04-20 09:53:48,858.05,1683540
2021-04-20 09:53:50,858.3,1683771
2021-04-20 09:53:51,858.35,1684021
2021-04-20 09:53:52,859.3,1696647
2021-04-20 09:53:53,859.4,1697870
2021-04-20 09:53:54,859.6,1700225
2021-04-20 09:53:55,859.85,1701080
2021-04-20 09:53:55,859.65,1701280
2021-04-20 09:53:57,859.65,1701845
2021-04-20 09:53:58,859.7,1703018
2021-04-20 09:53:59,859.5,1704288
2021-04-20 09:54:00,859.55,1704660
2021-04-20 09:54:01,859.6,1708546
2021-04-20 09:54:01,859.6,1708841
2021-04-20 09:54:03,859.8,1709478
2021-04-20 09:54:04,860.0,1709881
2021-04-20 09:54:05,859.95,1712217
2021-04-20 09:54:06,859.95,1712376
2021-04-20 09:54:07,859.7,1713287
2021-04-20 09:54:08,859.85,1713861
2021-04-20 09:54:09,859.85,1713900
2021-04-20 09:54:09,859.85,1713951
2021-04-20 09:54:10,860.0,1713993
2021-04-20 09:54:12,859.95,1714135
2021-04-20 09:54:13,859.95,1714665
2021-04-20 09:54:14,859.85,1716594
2021-04-20 09:54:15,859.85,1716899
2021-04-20 09:54:16,860.0,1719057
2021-04-20 09:54:17,860.0,1720041
2021-04-20 09:54:18,859.9,1720259
2021-04-20 09:54:19,860.0,1721628
2021-04-20 09:54:19,859.85,1721678
2021-04-20 09:54:22,860.0,1722796
2021-04-20 09:54:23,860.0,1723348
2021-04-20 09:54:24,860.0,1723435
2021-04-20 09:54:25,859.85,1723691
2021-04-20 09:54:26,859.95,1724058
2021-04-20 09:54:27,859.95,1724844
2021-04-20 09:54:28,859.85,1725800
2021-04-20 09:54:28,859.85,1725790
2021-04-20 09:54:29,859.95,1726181
2021-04-20 09:54:30,859.95,1726344
2021-04-20 09:54:32,859.85,1726783
2021-04-20 09:54:33,859.95,1726863
2021-04-20 09:54:34,859.85,1728599
2021-04-20 09:54:35,859.95,1728716
2021-04-20 09:54:36,859.95,1729662
2021-04-20 09:54:36,859.9,1729712
2021-04-20 09:54:38,859.95,1730138
2021-04-20 09:54:39,859.85,1730313
2021-04-20 09:54:40,859.9,1730544
2021-04-20 09:54:41,859.85,1730798
2021-04-20 09:54:41,859.85,1730798
2021-04-20 09:54:42,859.85,1730908
2021-04-20 09:54:44,859.9,1731394
2021-04-20 09:54:45,859.9,1731834
2021-04-20 09:54:46,859.65,1733339
2021-04-20 09:54:47,859.85,1733495
2021-04-20 09:54:49,859.65,1733633
2021-04-20 09:54:48,859.65,1733629
2021-04-20 09:54:50,859.85,1733761
2021-04-20 09:54:51,859.75,1733894
2021-04-20 09:54:52,859.75,1733964
2021-04-20 09:54:53,859.8,1734018
2021-04-20 09:54:54,859.75,1734147
2021-04-20 09:54:55,859.7,1734148
2021-04-20 09:54:56,859.65,1734359
2021-04-20 09:54:57,859.8,1734582
2021-04-20 09:54:58,859.8,1734763
2021-04-20 09:54:59,859.75,1734790
2021-04-20 09:55:00,859.85,1735350
2021-04-20 09:55:01,859.75,1735353
2021-04-20 09:55:02,859.75,1735353
2021-04-20 09:55:03,859.75,1735378
2021-04-20 09:55:04,859.3,1736128
2021-04-20 09:55:05,859.5,1736648
2021-04-20 09:55:06,859.25,1737080
2021-04-20 09:55:07,859.5,1737401
2021-04-20 09:55:08,859.5,1738203
2021-04-20 09:55:09,859.65,1738421
2021-04-20 09:55:10,859.5,1738493
2021-04-20 09:55:11,859.5,1738543
2021-04-20 09:55:12,859.2,1738557
2021-04-20 09:55:13,859.15,1738897
2021-04-20 09:55:14,859.3,1740490
2021-04-20 09:55:15,859.0,1740970
2021-04-20 09:55:17,858.9,1741489
2021-04-20 09:55:16,859.0,1741139
2021-04-20 09:55:18,858.55,1742108
2021-04-20 09:55:19,858.2,1746608
2021-04-20 09:55:20,857.75,1746836
2021-04-20 09:55:21,857.75,1747190
2021-04-20 09:55:22,857.75,1747291
2021-04-20 09:55:23,858.2,1747301
2021-04-20 09:55:24,858.2,1747301
2021-04-20 09:55:25,858.15,1747401
2021-04-20 09:55:26,858.15,1747413
2021-04-20 09:55:27,858.0,1747513
2021-04-20 09:55:28,857.9,1747878
2021-04-20 09:55:29,857.5,1747976
2021-04-20 09:55:30,857.5,1748131
2021-04-20 09:55:31,857.5,1748789
2021-04-20 09:55:32,857.5,1748789
2021-04-20 09:55:33,857.75,1749688
2021-04-20 09:55:34,857.7,1749700
2021-04-20 09:55:35,857.35,1749734
2021-04-20 09:55:36,857.35,1749835
2021-04-20 09:55:37,857.65,1749886
2021-04-20 09:55:38,857.6,1751005
2021-04-20 09:55:39,858.0,1751806
2021-04-20 09:55:40,857.75,1752036
2021-04-20 09:55:41,857.6,1752852
2021-04-20 09:55:42,858.0,1753191
2021-04-20 09:55:43,858.0,1753560
2021-04-20 09:55:44,858.0,1753868
2021-04-20 09:55:45,858.0,1753869
2021-04-20 09:55:46,858.3,1753994
2021-04-20 09:55:47,858.05,1754016
2021-04-20 09:55:48,858.3,1754308
2021-04-20 09:55:49,858.0,1754520
2021-04-20 09:55:50,858.05,1754571
2021-04-20 09:55:51,858.05,1754601
2021-04-20 09:55:52,858.05,1754601
2021-04-20 09:55:53,858.0,1754654
2021-04-20 09:55:54,858.0,1755176
2021-04-20 09:55:55,858.0,1755506
2021-04-20 09:55:56,858.1,1756338
2021-04-20 09:55:57,858.1,1756338
2021-04-20 09:55:59,858.0,1757424
2021-04-20 09:56:00,858.0,1757464
2021-04-20 09:56:01,857.7,1757750
2021-04-20 09:56:03,858.0,1757875
2021-04-20 09:56:02,858.0,1757875
2021-04-20 09:56:04,858.05,1757930
2021-04-20 09:56:05,858.2,1758037
2021-04-20 09:56:06,858.15,1759461
2021-04-20 09:56:07,858.2,1759616
2021-04-20 09:56:09,858.2,1759966
2021-04-20 09:56:08,858.0,1759866
2021-04-20 09:56:10,858.05,1759994
2021-04-20 09:56:11,857.7,1762289
2021-04-20 09:56:12,858.0,1762789
2021-04-20 09:56:13,858.0,1762790
2021-04-20 09:56:14,858.0,1762790
2021-04-20 09:56:15,857.9,1762913
2021-04-20 09:56:16,857.75,1762935
2021-04-20 09:56:17,857.75,1762935
2021-04-20 09:56:18,857.7,1763125
2021-04-20 09:56:19,857.7,1763125
2021-04-20 09:56:20,857.5,1763297
2021-04-20 09:56:21,857.5,1763297
2021-04-20 09:56:22,857.7,1763521
2021-04-20 09:56:23,857.7,1763521
2021-04-20 09:56:24,857.85,1763540
2021-04-20 09:56:25,857.9,1764189
2021-04-20 09:56:26,857.9,1764342
2021-04-20 09:56:27,857.5,1764417
2021-04-20 09:56:29,857.5,1764436
2021-04-20 09:56:28,857.5,1764421
2021-04-20 09:56:30,857.9,1764656
2021-04-20 09:56:31,857.55,1764731
2021-04-20 09:56:32,857.7,1764783
2021-04-20 09:56:33,857.7,1764788
2021-04-20 09:56:34,857.95,1765051
2021-04-20 09:56:36,857.95,1765423
2021-04-20 09:56:37,857.95,1765524
2021-04-20 09:56:38,857.5,1765684
2021-04-20 09:56:39,857.5,1765684
2021-04-20 09:56:40,857.6,1765704
2021-04-20 09:56:41,857.6,1765704
2021-04-20 09:56:42,857.9,1765804
2021-04-20 09:56:43,857.55,1765865
2021-04-20 09:56:44,857.55,1765865
2021-04-20 09:56:45,857.6,1765974
2021-04-20 09:56:46,857.6,1765974
2021-04-20 09:56:47,857.5,1766092
2021-04-20 09:56:48,857.55,1766300
2021-04-20 09:56:49,857.55,1766300
2021-04-20 09:56:50,857.5,1766307
2021-04-20 09:56:51,857.5,1766507
2021-04-20 09:56:52,857.9,1766513
2021-04-20 09:56:53,857.5,1767033
2021-04-20 09:56:54,857.55,1767045
2021-04-20 09:56:55,857.9,1767106
2021-04-20 09:56:56,857.9,1767106
2021-04-20 09:56:57,857.9,1767106
2021-04-20 09:56:58,857.7,1767419
2021-04-20 09:56:59,857.85,1767980
2021-04-20 09:57:02,857.9,1768221
2021-04-20 09:57:02,857.9,1768221
2021-04-20 09:57:03,857.7,1768324
2021-04-20 09:57:04,857.7,1768324
2021-04-20 09:57:05,857.7,1768324
2021-04-20 09:57:06,857.7,1768324
2021-04-20 09:57:07,857.7,1768450
2021-04-20 09:57:09,857.7,1768577
2021-04-20 09:57:09,857.85,1768627
2021-04-20 09:57:10,857.7,1768794
2021-04-20 09:57:11,857.7,1768844
2021-04-20 09:57:12,857.9,1769484
2021-04-20 09:57:14,857.85,1769586
2021-04-20 09:57:14,857.85,1769586
2021-04-20 09:57:15,857.75,1769596
2021-04-20 09:57:16,857.85,1769604
2021-04-20 09:57:17,857.9,1770166
2021-04-20 09:57:18,857.5,1773286
2021-04-20 09:57:19,857.2,1773345
2021-04-20 09:57:20,857.55,1773400
2021-04-20 09:57:21,856.75,1780408
2021-04-20 09:57:22,856.35,1780583
2021-04-20 09:57:24,856.6,1780726
2021-04-20 09:57:24,856.35,1780796
2021-04-20 09:57:25,856.8,1781309
2021-04-20 09:57:26,856.8,1781384
2021-04-20 09:57:27,857.2,1781459
2021-04-20 09:57:29,857.0,1781741
2021-04-20 09:57:29,857.0,1781741
2021-04-20 09:57:30,857.0,1781762
2021-04-20 09:57:31,857.0,1781763
2021-04-20 09:57:33,857.0,1782249
2021-04-20 09:57:34,857.0,1782249
2021-04-20 09:57:34,857.0,1782249
2021-04-20 09:57:35,857.0,1782249
2021-04-20 09:57:36,857.0,1782271
2021-04-20 09:57:38,857.0,1782304
2021-04-20 09:57:38,857.0,1782304
2021-04-20 09:57:39,857.0,1782419
2021-04-20 09:57:40,857.0,1782419
2021-04-20 09:57:41,857.2,1782499
2021-04-20 09:57:42,857.2,1783128
2021-04-20 09:57:43,857.2,1783128
2021-04-20 09:57:45,857.45,1783422
2021-04-20 09:57:45,857.45,1783422
2021-04-20 09:57:46,857.25,1783734
2021-04-20 09:57:47,857.55,1784078
2021-04-20 09:57:48,857.15,1784888
2021-04-20 09:57:50,857.1,1785051
2021-04-20 09:57:50,857.1,1785051
2021-04-20 09:57:51,857.1,1785102
2021-04-20 09:57:52,857.15,1785725
2021-04-20 09:57:53,857.2,1785822
2021-04-20 09:57:54,857.15,1785935
2021-04-20 09:57:56,857.15,1785935
2021-04-20 09:57:56,857.55,1786015
2021-04-20 09:57:58,857.5,1786163
2021-04-20 09:57:58,857.5,1786163
2021-04-20 09:57:59,857.5,1786173
2021-04-20 09:58:00,856.9,1787206
2021-04-20 09:58:01,857.0,1787383
2021-04-20 09:58:02,857.05,1788058
2021-04-20 09:58:03,857.05,1788060
2021-04-20 09:58:05,856.75,1789663
2021-04-20 09:58:05,856.75,1789663
2021-04-20 09:58:06,857.0,1789664
2021-04-20 09:58:07,857.0,1789735
2021-04-20 09:58:08,857.0,1789904
2021-04-20 09:58:10,856.9,1789994
2021-04-20 09:58:10,856.8,1790029
2021-04-20 09:58:11,857.0,1790121
2021-04-20 09:58:12,857.4,1790289
2021-04-20 09:58:13,857.5,1790598
2021-04-20 09:58:14,857.15,1790925
2021-04-20 09:58:15,857.1,1790998
2021-04-20 09:58:17,857.05,1791534
2021-04-20 09:58:17,857.05,1791534
2021-04-20 09:58:18,857.0,1791736
2021-04-20 09:58:19,857.4,1791865
2021-04-20 09:58:20,857.35,1791894
2021-04-20 09:58:21,856.95,1793164
2021-04-20 09:58:22,857.0,1793384
2021-04-20 09:58:23,856.65,1794958
2021-04-20 09:58:24,857.0,1794978
2021-04-20 09:58:27,856.75,1795348
2021-04-20 09:58:28,856.75,1795371
2021-04-20 09:58:29,857.35,1796503
2021-04-20 09:58:30,857.05,1796623
2021-04-20 09:58:31,857.5,1796906
2021-04-20 09:58:33,857.0,1797581
2021-04-20 09:58:33,857.5,1797590
2021-04-20 09:58:34,857.5,1797640
2021-04-20 09:58:35,857.6,1797895
2021-04-20 09:58:36,857.4,1798295
2021-04-20 09:58:37,857.3,1798460
2021-04-20 09:58:38,857.7,1798661
2021-04-20 09:58:40,857.3,1798769
2021-04-20 09:58:40,857.1,1798804
2021-04-20 09:58:41,857.1,1798804
2021-04-20 09:58:42,857.1,1798804
2021-04-20 09:58:43,857.4,1798827
2021-04-20 09:58:44,857.4,1799330
2021-04-20 09:58:45,857.5,1799472
2021-04-20 09:58:46,857.5,1799472
2021-04-20 09:58:48,857.5,1799622
2021-04-20 09:58:48,857.15,1799672
2021-04-20 09:58:49,857.15,1799717
2021-04-20 09:58:50,857.1,1800302
2021-04-20 09:58:51,857.4,1800330
2021-04-20 09:58:52,857.0,1800400
2021-04-20 09:58:53,857.0,1800438
2021-04-20 09:58:54,857.0,1800438
2021-04-20 09:58:55,857.0,1800443
2021-04-20 09:58:56,857.0,1802984
2021-04-20 09:58:57,857.0,1802984
2021-04-20 09:58:58,856.8,1803109
2021-04-20 09:59:00,856.85,1803143
2021-04-20 09:59:00,856.85,1803143
2021-04-20 09:59:01,856.35,1805311
2021-04-20 09:59:02,856.1,1805521
2021-04-20 09:59:03,856.2,1805532
2021-04-20 09:59:04,856.25,1805583
2021-04-20 09:59:06,856.25,1805593
2021-04-20 09:59:06,856.25,1805593
2021-04-20 09:59:07,856.25,1805602
2021-04-20 09:59:09,856.1,1805667
2021-04-20 09:59:10,856.2,1805872
2021-04-20 09:59:11,856.5,1805972
2021-04-20 09:59:11,856.5,1805978
2021-04-20 09:59:12,856.15,1806062
2021-04-20 09:59:13,856.15,1806062
2021-04-20 09:59:14,856.15,1806306
2021-04-20 09:59:15,856.25,1806886
2021-04-20 09:59:17,856.35,1807903
2021-04-20 09:59:18,856.25,1807914
2021-04-20 09:59:19,856.3,1808246
2021-04-20 09:59:20,856.05,1808883
2021-04-20 09:59:20,856.05,1808883
2021-04-20 09:59:21,856.1,1808952
2021-04-20 09:59:23,856.05,1809667
2021-04-20 09:59:24,856.05,1809678
2021-04-20 09:59:25,856.05,1809678
2021-04-20 09:59:27,856.05,1810842
2021-04-20 09:59:28,856.05,1810844
2021-04-20 09:59:29,856.25,1810877
2021-04-20 09:59:29,856.1,1810868
2021-04-20 09:59:30,856.0,1811425
2021-04-20 09:59:31,856.0,1811504
2021-04-20 09:59:32,856.25,1812051
2021-04-20 09:59:34,856.25,1812352
2021-04-20 09:59:35,856.35,1812738
2021-04-20 09:59:35,856.35,1812738
2021-04-20 09:59:36,856.05,1812789
2021-04-20 09:59:37,856.25,1813404
2021-04-20 09:59:39,856.25,1813454
2021-04-20 09:59:40,856.25,1813496
2021-04-20 09:59:41,856.5,1813512
2021-04-20 09:59:41,856.5,1813512
2021-04-20 09:59:42,856.5,1813619
2021-04-20 09:59:43,856.55,1813749
2021-04-20 09:59:44,856.6,1813762
2021-04-20 09:59:46,856.95,1813952
2021-04-20 09:59:47,857.0,1813962
2021-04-20 09:59:48,857.0,1814004
2021-04-20 09:59:49,856.95,1815019
2021-04-20 09:59:50,856.9,1815337
2021-04-20 09:59:50,856.9,1815337
2021-04-20 09:59:51,857.0,1815376
2021-04-20 09:59:53,856.55,1815627
2021-04-20 09:59:54,856.6,1816020
2021-04-20 09:59:55,857.2,1818440
2021-04-20 09:59:56,856.95,1818611
2021-04-20 09:59:58,857.25,1818667
2021-04-20 09:59:59,857.35,1821736
2021-04-20 09:59:59,857.7,1821771
2021-04-20 10:00:00,857.25,1821818
2021-04-20 10:00:01,857.15,1822020
2021-04-20 10:00:02,856.9,1822029
2021-04-20 10:00:03,857.2,1822109
2021-04-20 10:00:05,857.25,1822177
2021-04-20 10:00:06,857.4,1822293
2021-04-20 10:00:07,857.5,1822808
2021-04-20 10:00:07,857.5,1822808
2021-04-20 10:00:08,857.5,1822858
2021-04-20 10:00:09,857.8,1823051
2021-04-20 10:00:11,857.9,1825733
2021-04-20 10:00:14,857.45,1827332
2021-04-20 10:00:15,857.4,1827956
2021-04-20 10:00:15,857.35,1827961
2021-04-20 10:00:16,857.35,1827967
2021-04-20 10:00:17,857.35,1827967
2021-04-20 10:00:18,857.8,1828168
2021-04-20 10:00:19,857.4,1828267
2021-04-20 10:00:20,857.9,1828332
2021-04-20 10:00:21,857.9,1828397
2021-04-20 10:00:23,857.9,1828397
2021-04-20 10:00:24,857.9,1828397
2021-04-20 10:00:25,857.5,1828564
2021-04-20 10:00:25,857.5,1828564
2021-04-20 10:00:27,857.9,1828632
2021-04-20 10:00:28,857.5,1828654
2021-04-20 10:00:30,857.5,1828679
2021-04-20 10:00:31,857.5,1828679
2021-04-20 10:00:33,857.5,1828802
2021-04-20 10:00:33,857.5,1828822
2021-04-20 10:00:34,857.55,1829366
2021-04-20 10:00:35,857.1,1829466
2021-04-20 10:00:36,857.55,1829467
2021-04-20 10:00:38,857.05,1829767
2021-04-20 10:00:39,857.05,1829767
2021-04-20 10:00:40,857.0,1829817
2021-04-20 10:00:41,857.4,1830812
2021-04-20 10:00:41,857.4,1830812
2021-04-20 10:00:42,857.4,1830827
2021-04-20 10:00:43,857.4,1830827
2021-04-20 10:00:44,857.35,1830838
2021-04-20 10:00:47,857.55,1830937
2021-04-20 10:00:48,857.1,1831140
2021-04-20 10:00:49,857.1,1831140
2021-04-20 10:00:50,857.55,1832244
2021-04-20 10:00:52,857.45,1832273
2021-04-20 10:00:53,857.35,1832385
2021-04-20 10:00:54,857.35,1833248
2021-04-20 10:00:55,857.35,1833353
2021-04-20 10:00:55,857.35,1833353
2021-04-20 10:00:56,857.35,1833353
2021-04-20 10:00:57,857.4,1833373
2021-04-20 10:00:58,857.4,1833374
2021-04-20 10:00:59,857.4,1833391
2021-04-20 10:01:01,857.6,1834106
2021-04-20 10:01:02,857.6,1834106
2021-04-20 10:01:02,857.6,1834106
2021-04-20 10:01:03,857.6,1834115
2021-04-20 10:01:04,857.6,1834122
2021-04-20 10:01:05,857.6,1834322
2021-04-20 10:01:07,857.35,1834351
2021-04-20 10:01:08,857.4,1834426
2021-04-20 10:01:08,857.4,1834429
2021-04-20 10:01:09,857.4,1834429
2021-04-20 10:01:10,857.55,1834728
2021-04-20 10:01:11,857.35,1834792
2021-04-20 10:01:12,857.1,1835317
2021-04-20 10:01:13,857.3,1835327
2021-04-20 10:01:14,857.3,1835348
2021-04-20 10:01:16,857.3,1835349
2021-04-20 10:01:17,857.3,1835356
2021-04-20 10:01:18,857.3,1835356
2021-04-20 10:01:18,857.3,1835418
2021-04-20 10:01:19,857.35,1835514
2021-04-20 10:01:20,857.35,1835520
2021-04-20 10:01:22,857.25,1835711
2021-04-20 10:01:23,856.55,1836474
2021-04-20 10:01:24,856.55,1836577
2021-04-20 10:01:25,856.95,1836608
2021-04-20 10:01:26,856.95,1836707
2021-04-20 10:01:27,856.95,1836899
2021-04-20 10:01:28,857.0,1836928
2021-04-20 10:01:28,857.0,1836928
2021-04-20 10:01:29,856.55,1837038
2021-04-20 10:01:30,856.65,1837139
2021-04-20 10:01:32,856.65,1837139
2021-04-20 10:01:33,857.0,1837141
2021-04-20 10:01:34,857.0,1837316
2021-04-20 10:01:35,856.7,1837320
2021-04-20 10:01:35,856.7,1837325
2021-04-20 10:01:36,856.7,1837325
2021-04-20 10:01:38,856.5,1837376
2021-04-20 10:01:39,856.5,1837437
2021-04-20 10:01:40,856.9,1837547
2021-04-20 10:01:41,856.85,1837570
2021-04-20 10:01:41,856.5,1837560
2021-04-20 10:01:42,856.7,1837587
2021-04-20 10:01:43,856.4,1837598
2021-04-20 10:01:44,856.8,1837753
2021-04-20 10:01:46,856.4,1838126
2021-04-20 10:01:47,856.4,1838597
2021-04-20 10:01:48,856.4,1838597
2021-04-20 10:01:48,856.4,1838597
2021-04-20 10:01:49,856.7,1839485
2021-04-20 10:01:50,856.7,1839595
2021-04-20 10:01:52,856.55,1839709
2021-04-20 10:01:53,856.55,1839751
2021-04-20 10:01:54,856.3,1839926
2021-04-20 10:01:54,856.3,1839926
2021-04-20 10:01:55,856.75,1839951
2021-04-20 10:01:57,856.2,1841204
2021-04-20 10:01:58,856.2,1841405
2021-04-20 10:01:59,856.05,1842297
2021-04-20 10:02:00,856.05,1842732
2021-04-20 10:02:00,856.05,1842732
2021-04-20 10:02:01,856.25,1849018
2021-04-20 10:02:04,856.05,1850513
2021-04-20 10:02:05,856.3,1851023
2021-04-20 10:02:06,856.35,1851123
2021-04-20 10:02:07,856.25,1851143
2021-04-20 10:02:08,856.05,1852196
2021-04-20 10:02:08,856.05,1852196
2021-04-20 10:02:09,856.05,1852296
2021-04-20 10:02:10,856.35,1852300
2021-04-20 10:02:12,856.3,1852374
2021-04-20 10:02:13,855.9,1857222
2021-04-20 10:02:14,855.7,1858052
2021-04-20 10:02:14,855.7,1858052
2021-04-20 10:02:15,856.05,1858062
2021-04-20 10:02:16,855.75,1858247
2021-04-20 10:02:18,855.7,1858422
2021-04-20 10:02:19,856.0,1858430
2021-04-20 10:02:20,855.5,1859077
2021-04-20 10:02:20,856.0,1859087
2021-04-20 10:02:21,855.95,1860122
2021-04-20 10:02:22,856.0,1860490
2021-04-20 10:02:23,856.0,1860813
2021-04-20 10:02:25,856.0,1860813
2021-04-20 10:02:26,856.0,1860928
2021-04-20 10:02:27,855.75,1860948
2021-04-20 10:02:29,855.7,1861109
2021-04-20 10:02:29,855.7,1861109
2021-04-20 10:02:30,855.65,1861179
2021-04-20 10:02:31,855.7,1861314
2021-04-20 10:02:32,855.95,1861363
2021-04-20 10:02:33,855.85,1862989
2021-04-20 10:02:35,855.7,1863009
2021-04-20 10:02:36,856.0,1863060
2021-04-20 10:02:37,855.6,1863571
2021-04-20 10:02:37,855.6,1863571
2021-04-20 10:02:38,855.8,1863701
2021-04-20 10:02:39,855.8,1864513
2021-04-20 10:02:40,855.8,1864528
2021-04-20 10:02:43,855.7,1864642
2021-04-20 10:02:44,855.7,1864642
2021-04-20 10:02:45,855.7,1864771
2021-04-20 10:02:46,855.55,1864952
2021-04-20 10:02:46,855.55,1864952
2021-04-20 10:02:47,855.55,1864979
2021-04-20 10:02:48,855.65,1864981
2021-04-20 10:02:49,855.65,1865001
2021-04-20 10:02:50,855.65,1865001
2021-04-20 10:02:52,855.55,1865081
2021-04-20 10:02:53,855.55,1865191
2021-04-20 10:02:54,855.7,1865651
2021-04-20 10:02:55,855.55,1865820
2021-04-20 10:02:56,855.5,1866352
2021-04-20 10:02:57,855.5,1866639
2021-04-20 10:02:59,855.5,1866662
2021-04-20 10:03:00,855.7,1866701
2021-04-20 10:03:01,855.8,1866902
2021-04-20 10:03:02,855.9,1867038
2021-04-20 10:03:03,856.0,1867045
2021-04-20 10:03:04,855.8,1867059
2021-04-20 10:03:05,856.0,1867679
2021-04-20 10:03:06,856.0,1867786
2021-04-20 10:03:08,855.7,1867826
2021-04-20 10:03:09,855.9,1867828
2021-04-20 10:03:10,855.6,1867930
2021-04-20 10:03:10,856.0,1867945
2021-04-20 10:03:11,856.0,1867945
2021-04-20 10:03:12,856.0,1868146
2021-04-20 10:03:13,855.65,1868206
2021-04-20 10:03:15,855.65,1868273
2021-04-20 10:03:16,855.65,1868273
2021-04-20 10:03:17,855.65,1868273
2021-04-20 10:03:19,855.7,1868527
2021-04-20 10:03:20,855.7,1868734
2021-04-20 10:03:21,855.95,1868810
2021-04-20 10:03:22,855.8,1868956
2021-04-20 10:03:22,855.8,1868956
2021-04-20 10:03:24,855.8,1868956
2021-04-20 10:03:25,856.0,1874276
2021-04-20 10:03:26,856.25,1874429
2021-04-20 10:03:27,856.25,1874610
2021-04-20 10:03:28,856.05,1874681
2021-04-20 10:03:28,856.25,1874686
2021-04-20 10:03:30,856.05,1874815
2021-04-20 10:03:31,856.05,1874875
2021-04-20 10:03:32,856.05,1874885
2021-04-20 10:03:32,856.05,1874875
2021-04-20 10:03:34,856.35,1874890
2021-04-20 10:03:35,856.0,1875047
2021-04-20 10:03:36,856.0,1875102
2021-04-20 10:03:37,856.1,1875107
2021-04-20 10:03:38,856.35,1875112
2021-04-20 10:03:38,856.1,1875212
2021-04-20 10:03:39,856.1,1875390
2021-04-20 10:03:41,856.1,1875390
2021-04-20 10:03:42,856.45,1875405
2021-04-20 10:03:43,856.45,1875405
2021-04-20 10:03:44,856.5,1875711
2021-04-20 10:03:45,856.35,1875778
2021-04-20 10:03:47,856.4,1875803
2021-04-20 10:03:48,856.5,1875816
2021-04-20 10:03:49,856.0,1877690
2021-04-20 10:03:50,856.2,1877710
2021-04-20 10:03:50,856.2,1877710
2021-04-20 10:03:52,855.7,1880014
2021-04-20 10:03:53,856.05,1880039
2021-04-20 10:03:54,856.05,1880039
2021-04-20 10:03:55,855.85,1880106
2021-04-20 10:03:56,855.65,1880316
2021-04-20 10:03:57,855.95,1880366
2021-04-20 10:03:58,855.65,1880376
2021-04-20 10:03:59,855.65,1880444
2021-04-20 10:03:59,855.65,1880444
2021-04-20 10:04:01,855.65,1880495
2021-04-20 10:04:02,855.4,1882889
2021-04-20 10:04:03,855.15,1883372
2021-04-20 10:04:04,855.0,1885324
2021-04-20 10:04:05,855.4,1885470
2021-04-20 10:04:06,855.4,1885470
2021-04-20 10:04:07,855.3,1885528
2021-04-20 10:04:07,855.3,1885528
2021-04-20 10:04:09,855.05,1885578
2021-04-20 10:04:10,855.05,1885578
2021-04-20 10:04:11,854.7,1889140
2021-04-20 10:04:12,855.0,1889327
2021-04-20 10:04:13,854.7,1889565
2021-04-20 10:04:14,855.0,1890130
2021-04-20 10:04:15,854.7,1891195
2021-04-20 10:04:16,855.05,1891220
2021-04-20 10:04:17,855.05,1891220
2021-04-20 10:04:18,854.7,1891295
2021-04-20 10:04:19,854.75,1893116
2021-04-20 10:04:20,854.75,1893216
2021-04-20 10:04:21,854.75,1893219
2021-04-20 10:04:22,854.75,1893219
2021-04-20 10:04:23,855.45,1893792
2021-04-20 10:04:24,855.9,1894343
2021-04-20 10:04:24,855.9,1894343
2021-04-20 10:04:25,855.85,1894552
2021-04-20 10:04:27,855.9,1894582
2021-04-20 10:04:28,855.9,1894582
2021-04-20 10:04:29,855.55,1894588
2021-04-20 10:04:30,855.9,1894748
2021-04-20 10:04:31,855.9,1894774
2021-04-20 10:04:32,855.6,1894874
2021-04-20 10:04:34,855.6,1894939
2021-04-20 10:04:35,855.6,1895015
2021-04-20 10:04:36,855.9,1895215
2021-04-20 10:04:37,855.6,1895310
2021-04-20 10:04:38,856.2,1896233
2021-04-20 10:04:39,856.4,1896312
2021-04-20 10:04:39,856.4,1896338
2021-04-20 10:04:40,856.05,1896600
2021-04-20 10:04:41,856.45,1896612
2021-04-20 10:04:44,856.5,1896648
2021-04-20 10:04:45,856.5,1896648
2021-04-20 10:04:46,856.1,1897248
2021-04-20 10:04:47,856.1,1897248
2021-04-20 10:04:48,856.5,1897282
2021-04-20 10:04:49,856.55,1897487
2021-04-20 10:04:49,856.55,1897487
2021-04-20 10:04:50,856.3,1897488
2021-04-20 10:04:51,856.5,1897499
2021-04-20 10:04:53,856.5,1897499
2021-04-20 10:04:54,856.15,1897599
2021-04-20 10:04:55,856.4,1897829
2021-04-20 10:04:56,856.05,1897858
2021-04-20 10:04:57,855.85,1898958
2021-04-20 10:04:57,855.85,1898958
2021-04-20 10:04:59,855.95,1898999
2021-04-20 10:05:00,856.35,1899050
2021-04-20 10:05:01,856.35,1899050
2021-04-20 10:05:02,856.35,1899206
2021-04-20 10:05:02,856.35,1899206
2021-04-20 10:05:04,856.35,1899206
2021-04-20 10:05:05,855.95,1899208
2021-04-20 10:05:06,855.95,1899208
2021-04-20 10:05:07,855.95,1899308
2021-04-20 10:05:08,855.55,1899359
2021-04-20 10:05:09,855.9,1899369
2021-04-20 10:05:10,855.9,1899369
2021-04-20 10:05:11,855.9,1899528
2021-04-20 10:05:11,855.5,1899530
2021-04-20 10:05:13,855.5,1899537
2021-04-20 10:05:14,855.85,1899548
2021-04-20 10:05:15,855.85,1899573
2021-04-20 10:05:16,855.85,1899573
2021-04-20 10:05:17,855.85,1899573
2021-04-20 10:05:18,855.75,1899624
2021-04-20 10:05:18,855.75,1899624
2021-04-20 10:05:19,855.8,1899749
2021-04-20 10:05:20,855.05,1902273
2021-04-20 10:05:22,855.05,1902543
2021-04-20 10:05:23,855.05,1902543
2021-04-20 10:05:24,855.05,1902543
2021-04-20 10:05:25,855.55,1902593
2021-04-20 10:05:26,855.5,1902713
2021-04-20 10:05:26,855.5,1902798
2021-04-20 10:05:27,855.5,1902798
2021-04-20 10:05:29,855.65,1902818
2021-04-20 10:05:30,855.5,1902853
