timestamp,ltp,volume
2021-04-20 09:15:29,1911.8,270906
2021-04-20 09:15:34,1907.5,296891
2021-04-20 09:15:35,1907.3,300711
2021-04-20 09:15:36,1908.5,304408
2021-04-20 09:15:36,1907.5,311501
2021-04-20 09:15:38,1906.65,317922
2021-04-20 09:15:39,1906.4,320221
2021-04-20 09:15:39,1906.55,320596
2021-04-20 09:15:40,1906.55,321933
2021-04-20 09:15:41,1905.7,323380
2021-04-20 09:15:42,1906.5,327098
2021-04-20 09:15:43,1906.5,330701
2021-04-20 09:15:45,1906.5,337380
2021-04-20 09:15:45,1906.5,338814
2021-04-20 09:15:47,1907.4,351424
2021-04-20 09:15:47,1906.5,353622
2021-04-20 09:15:49,1906.8,355641
2021-04-20 09:15:50,1907.2,360338
2021-04-20 09:15:50,1906.8,360652
2021-04-20 09:15:51,1906.8,361587
2021-04-20 09:15:52,1909.0,364277
2021-04-20 09:15:53,1908.9,366337
2021-04-20 09:15:55,1909.45,370372
2021-04-20 09:15:56,1911.35,372952
2021-04-20 09:15:56,1910.25,373179
2021-04-20 09:15:57,1910.25,374379
2021-04-20 09:15:58,1910.45,376377
2021-04-20 09:15:59,1911.75,381941
2021-04-20 09:16:01,1911.75,384837
2021-04-20 09:16:02,1911.6,389371
2021-04-20 09:16:02,1911.6,389423
2021-04-20 09:16:03,1908.8,396876
2021-04-20 09:16:04,1909.15,400787
2021-04-20 09:16:05,1909.75,402189
2021-04-20 09:16:06,1909.5,404999
2021-04-20 09:16:09,1910.1,407559
2021-04-20 09:16:09,1910.25,407504
2021-04-20 09:16:10,1910.0,412013
2021-04-20 09:16:11,1911.25,412798
2021-04-20 09:16:12,1910.9,414888
2021-04-20 09:16:14,1910.9,417227
2021-04-20 09:16:15,1911.35,418350
2021-04-20 09:16:15,1911.45,418595
2021-04-20 09:16:16,1911.25,419653
2021-04-20 09:16:17,1911.65,420873
2021-04-20 09:16:18,1911.5,422354
2021-04-20 09:16:20,1911.6,424662
2021-04-20 09:16:21,1911.6,427575
2021-04-20 09:16:21,1911.5,427565
2021-04-20 09:16:22,1911.55,429299
2021-04-20 09:16:23,1912.0,433832
2021-04-20 09:16:25,1912.15,434790
2021-04-20 09:16:26,1913.8,439608
2021-04-20 09:16:26,1913.65,439583
2021-04-20 09:16:27,1913.7,440469
2021-04-20 09:16:28,1913.6,442559
2021-04-20 09:16:29,1913.6,444005
2021-04-20 09:16:31,1913.7,449058
2021-04-20 09:16:32,1914.0,451554
2021-04-20 09:16:33,1914.1,453121
2021-04-20 09:16:33,1914.15,452869
2021-04-20 09:16:34,1913.7,466335
2021-04-20 09:16:35,1913.65,466725
2021-04-20 09:16:36,1913.5,468418
2021-04-20 09:16:38,1913.8,472514
2021-04-20 09:16:39,1913.8,474767
2021-04-20 09:16:39,1913.8,474767
2021-04-20 09:16:40,1913.8,475990
2021-04-20 09:16:41,1913.8,478407
2021-04-20 09:16:43,1913.8,482298
2021-04-20 09:16:44,1913.7,483374
2021-04-20 09:16:45,1913.7,486872
2021-04-20 09:16:45,1913.8,486816
2021-04-20 09:16:46,1913.8,488891
2021-04-20 09:16:48,1914.15,491424
2021-04-20 09:16:49,1914.1,491600
2021-04-20 09:16:50,1914.45,493464
2021-04-20 09:16:51,1914.4,494769
2021-04-20 09:16:52,1914.6,498444
2021-04-20 09:16:53,1914.45,499410
2021-04-20 09:16:53,1914.45,499548
2021-04-20 09:16:54,1913.4,501733
2021-04-20 09:16:55,1913.35,502441
2021-04-20 09:16:56,1913.65,503423
2021-04-20 09:16:57,1914.1,505372
2021-04-20 09:16:58,1914.1,510324
2021-04-20 09:16:59,1914.45,512128
2021-04-20 09:17:00,1914.45,512451
2021-04-20 09:17:01,1914.1,513338
2021-04-20 09:17:03,1914.55,514023
2021-04-20 09:17:04,1914.55,515885
2021-04-20 09:17:05,1914.0,520290
2021-04-20 09:17:06,1914.55,521948
2021-04-20 09:17:06,1914.55,521948
2021-04-20 09:17:07,1914.45,523256
2021-04-20 09:17:08,1914.05,524024
2021-04-20 09:17:09,1914.55,525831
2021-04-20 09:17:11,1914.45,526407
2021-04-20 09:17:12,1914.45,526521
2021-04-20 09:17:13,1914.55,534385
2021-04-20 09:17:14,1915.05,540040
2021-04-20 09:17:14,1915.0,540023
2021-04-20 09:17:15,1915.65,540854
2021-04-20 09:17:16,1915.65,542085
2021-04-20 09:17:18,1915.65,543079
2021-04-20 09:17:19,1915.15,544028
2021-04-20 09:17:20,1915.65,545560
2021-04-20 09:17:21,1915.2,546545
2021-04-20 09:17:22,1915.95,547045
2021-04-20 09:17:23,1916.0,550635
2021-04-20 09:17:24,1915.55,552231
2021-04-20 09:17:24,1915.95,552240
2021-04-20 09:17:25,1915.15,554161
2021-04-20 09:17:26,1915.75,554516
2021-04-20 09:17:27,1915.6,556575
2021-04-20 09:17:28,1915.3,557555
2021-04-20 09:17:29,1915.25,559825
2021-04-20 09:17:31,1915.55,562828
2021-04-20 09:17:32,1915.5,563131
2021-04-20 09:17:33,1915.65,565044
2021-04-20 09:17:34,1915.6,566203
2021-04-20 09:17:34,1915.6,566238
2021-04-20 09:17:35,1915.55,566580
2021-04-20 09:17:36,1915.35,568752
2021-04-20 09:17:38,1914.8,571672
2021-04-20 09:17:40,1914.15,576329
2021-04-20 09:17:41,1914.15,578098
2021-04-20 09:17:42,1914.45,578968
2021-04-20 09:17:42,1914.2,579058
2021-04-20 09:17:43,1914.45,579863
2021-04-20 09:17:44,1914.45,580510
2021-04-20 09:17:45,1914.45,581313
2021-04-20 09:17:46,1914.15,582912
2021-04-20 09:17:47,1914.15,584043
2021-04-20 09:17:48,1914.05,585505
2021-04-20 09:17:49,1913.65,586119
2021-04-20 09:17:50,1913.85,587143
2021-04-20 09:17:52,1913.2,588265
2021-04-20 09:17:53,1912.95,589066
2021-04-20 09:17:54,1913.65,590873
2021-04-20 09:17:55,1913.65,592120
2021-04-20 09:17:56,1913.85,594522
2021-04-20 09:17:57,1913.65,595609
2021-04-20 09:17:58,1913.6,597031
2021-04-20 09:17:58,1913.65,597046
2021-04-20 09:17:59,1913.75,599152
2021-04-20 09:18:01,1913.55,601843
2021-04-20 09:18:02,1913.75,603051
2021-04-20 09:18:03,1913.35,604210
2021-04-20 09:18:03,1913.35,604210
2021-04-20 09:18:04,1913.65,604597
2021-04-20 09:18:05,1913.0,608132
2021-04-20 09:18:06,1912.25,609054
2021-04-20 09:18:08,1912.85,609527
2021-04-20 09:18:09,1912.55,610135
2021-04-20 09:18:10,1912.5,610359
2021-04-20 09:18:10,1913.05,610390
2021-04-20 09:18:11,1912.9,612149
2021-04-20 09:18:12,1912.9,613171
2021-04-20 09:18:14,1912.95,613815
2021-04-20 09:18:15,1912.15,614135
2021-04-20 09:18:16,1911.65,615270
2021-04-20 09:18:17,1911.7,616208
2021-04-20 09:18:18,1912.1,616964
2021-04-20 09:18:19,1911.95,621068
2021-04-20 09:18:20,1911.15,621325
2021-04-20 09:18:21,1911.7,622850
2021-04-20 09:18:22,1911.7,623830
2021-04-20 09:18:22,1911.7,623830
2021-04-20 09:18:23,1911.7,624252
2021-04-20 09:18:24,1911.7,625303
2021-04-20 09:18:26,1911.55,625434
2021-04-20 09:18:27,1910.9,625645
2021-04-20 09:18:28,1911.5,625964
2021-04-20 09:18:29,1911.1,626295
2021-04-20 09:18:30,1911.0,627924
2021-04-20 09:18:31,1910.95,628176
2021-04-20 09:18:32,1910.95,628925
2021-04-20 09:18:33,1910.95,629055
2021-04-20 09:18:34,1910.55,630171
2021-04-20 09:18:35,1910.1,631053
2021-04-20 09:18:36,1910.2,631400
2021-04-20 09:18:36,1910.05,631402
2021-04-20 09:18:37,1909.6,635656
2021-04-20 09:18:38,1910.4,636873
2021-04-20 09:18:39,1909.4,637355
2021-04-20 09:18:41,1909.7,637889
2021-04-20 09:18:42,1910.4,640411
2021-04-20 09:18:43,1909.95,641578
2021-04-20 09:18:44,1909.85,642591
2021-04-20 09:18:44,1909.85,642593
2021-04-20 09:18:45,1909.85,643191
2021-04-20 09:18:46,1909.8,643474
2021-04-20 09:18:48,1909.9,645741
2021-04-20 09:18:49,1909.3,645821
2021-04-20 09:18:50,1909.7,646203
2021-04-20 09:18:51,1909.9,650102
2021-04-20 09:18:52,1909.75,650674
2021-04-20 09:18:53,1909.05,651159
2021-04-20 09:18:54,1909.6,651950
2021-04-20 09:18:55,1909.6,652045
2021-04-20 09:18:55,1909.6,652045
2021-04-20 09:18:57,1909.4,653058
2021-04-20 09:18:58,1909.75,656366
2021-04-20 09:18:59,1909.8,657561
2021-04-20 09:19:00,1909.85,657920
2021-04-20 09:19:00,1909.85,657920
2021-04-20 09:19:02,1909.8,658595
2021-04-20 09:19:03,1909.8,660182
2021-04-20 09:19:04,1909.8,660223
2021-04-20 09:19:05,1909.8,660228
2021-04-20 09:19:06,1909.5,664717
2021-04-20 09:19:06,1909.45,664737
2021-04-20 09:19:08,1909.4,665014
2021-04-20 09:19:09,1909.0,665394
2021-04-20 09:19:10,1909.5,665974
2021-04-20 09:19:11,1909.45,666642
2021-04-20 09:19:12,1909.45,666985
2021-04-20 09:19:13,1909.15,667121
2021-04-20 09:19:14,1909.45,667255
2021-04-20 09:19:15,1909.5,667860
2021-04-20 09:19:16,1909.5,668177
2021-04-20 09:19:17,1909.45,668714
2021-04-20 09:19:18,1909.5,668797
2021-04-20 09:19:19,1909.55,669370
2021-04-20 09:19:19,1909.55,669374
2021-04-20 09:19:20,1909.45,669424
2021-04-20 09:19:21,1909.45,670134
2021-04-20 09:19:22,1909.45,670303
2021-04-20 09:19:24,1909.5,670433
2021-04-20 09:19:25,1909.5,670637
2021-04-20 09:19:26,1909.5,671701
2021-04-20 09:19:27,1909.45,671748
2021-04-20 09:19:27,1909.45,671748
2021-04-20 09:19:28,1909.45,671896
2021-04-20 09:19:30,1909.0,672162
2021-04-20 09:19:31,1909.3,672309
2021-04-20 09:19:32,1909.25,672458
2021-04-20 09:19:33,1909.25,672516
2021-04-20 09:19:34,1908.7,678103
2021-04-20 09:19:35,1908.55,678261
2021-04-20 09:19:35,1908.55,679200
2021-04-20 09:19:37,1908.65,680077
2021-04-20 09:19:38,1908.7,682072
2021-04-20 09:19:39,1908.5,687123
2021-04-20 09:19:40,1908.7,687508
2021-04-20 09:19:41,1908.25,687796
2021-04-20 09:19:41,1908.25,687797
2021-04-20 09:19:42,1908.5,687976
2021-04-20 09:19:43,1908.5,688459
2021-04-20 09:19:44,1908.4,688578
2021-04-20 09:19:46,1908.4,689258
2021-04-20 09:19:47,1909.15,692506
2021-04-20 09:19:48,1909.15,692548
2021-04-20 09:19:49,1909.35,692898
2021-04-20 09:19:50,1909.85,693801
2021-04-20 09:19:51,1909.5,695092
2021-04-20 09:19:51,1909.5,695092
2021-04-20 09:19:52,1910.0,695516
2021-04-20 09:19:53,1910.0,696325
2021-04-20 09:19:55,1910.5,697473
2021-04-20 09:19:56,1910.35,697533
2021-04-20 09:19:57,1910.35,697887
2021-04-20 09:19:58,1910.0,698117
2021-04-20 09:19:59,1910.0,698420
2021-04-20 09:20:00,1910.55,701567
2021-04-20 09:20:00,1910.55,701668
2021-04-20 09:20:02,1910.55,704176
2021-04-20 09:20:02,1910.85,704294
2021-04-20 09:20:04,1911.2,704470
2021-04-20 09:20:05,1910.9,704615
2021-04-20 09:20:06,1912.0,708100
2021-04-20 09:20:07,1911.2,708316
2021-04-20 09:20:08,1911.2,708441
2021-04-20 09:20:08,1911.2,708441
2021-04-20 09:20:09,1911.2,708784
2021-04-20 09:20:10,1911.45,709039
2021-04-20 09:20:12,1911.0,710573
2021-04-20 09:20:13,1911.2,710774
2021-04-20 09:20:14,1911.4,711217
2021-04-20 09:20:15,1911.2,711552
2021-04-20 09:20:16,1912.0,712869
2021-04-20 09:20:17,1912.0,712896
2021-04-20 09:20:17,1912.0,712899
2021-04-20 09:20:19,1911.6,712920
2021-04-20 09:20:20,1911.6,712948
2021-04-20 09:20:21,1912.0,713301
2021-04-20 09:20:22,1912.0,713821
2021-04-20 09:20:23,1911.7,713926
2021-04-20 09:20:23,1912.0,713931
2021-04-20 09:20:24,1912.0,714144
2021-04-20 09:20:26,1911.7,714495
2021-04-20 09:20:27,1912.0,714619
2021-04-20 09:20:28,1911.95,715011
2021-04-20 09:20:29,1912.0,715538
2021-04-20 09:20:30,1912.1,715903
2021-04-20 09:20:31,1912.15,716168
2021-04-20 09:20:31,1912.15,716706
2021-04-20 09:20:32,1912.15,717415
2021-04-20 09:20:33,1912.7,717592
2021-04-20 09:20:35,1912.45,717602
2021-04-20 09:20:36,1912.6,717726
2021-04-20 09:20:37,1912.75,717914
2021-04-20 09:20:38,1912.7,718338
2021-04-20 09:20:39,1912.5,718703
2021-04-20 09:20:40,1912.15,721343
2021-04-20 09:20:41,1910.05,727331
2021-04-20 09:20:42,1910.8,727521
2021-04-20 09:20:43,1910.8,728665
2021-04-20 09:20:43,1910.8,728666
2021-04-20 09:20:45,1910.55,728882
2021-04-20 09:20:46,1910.95,729089
2021-04-20 09:20:47,1911.6,729596
2021-04-20 09:20:48,1911.7,730629
2021-04-20 09:20:50,1911.6,731474
2021-04-20 09:20:51,1911.1,731856
2021-04-20 09:20:51,1911.4,731866
2021-04-20 09:20:53,1911.05,732169
2021-04-20 09:20:54,1911.0,732652
2021-04-20 09:20:54,1911.65,732995
2021-04-20 09:20:56,1911.65,733288
2021-04-20 09:20:57,1911.8,734186
2021-04-20 09:20:58,1912.5,734957
2021-04-20 09:20:59,1912.1,735019
2021-04-20 09:21:00,1912.4,735270
2021-04-20 09:21:01,1912.4,737955
2021-04-20 09:21:03,1912.45,739101
2021-04-20 09:21:02,1912.05,739060
2021-04-20 09:21:04,1912.4,739215
2021-04-20 09:21:05,1911.75,740311
2021-04-20 09:21:06,1911.7,740766
2021-04-20 09:21:07,1912.3,742784
2021-04-20 09:21:08,1912.25,742785
2021-04-20 09:21:09,1912.0,742887
2021-04-20 09:21:10,1911.4,744877
2021-04-20 09:21:11,1912.0,744894
2021-04-20 09:21:12,1911.35,745102
2021-04-20 09:21:13,1911.3,749302
2021-04-20 09:21:14,1911.75,749724
2021-04-20 09:21:15,1911.35,750336
2021-04-20 09:21:16,1912.0,750969
2021-04-20 09:21:17,1912.0,750969
2021-04-20 09:21:18,1911.9,751143
2021-04-20 09:21:19,1911.9,751193
2021-04-20 09:21:20,1911.75,751648
2021-04-20 09:21:21,1912.0,752300
2021-04-20 09:21:22,1912.0,752960
2021-04-20 09:21:23,1912.0,753175
2021-04-20 09:21:24,1911.95,753309
2021-04-20 09:21:25,1911.95,753649
2021-04-20 09:21:26,1911.95,753704
2021-04-20 09:21:27,1911.95,753996
2021-04-20 09:21:29,1911.75,754290
2021-04-20 09:21:30,1911.7,754328
2021-04-20 09:21:31,1911.9,754350
2021-04-20 09:21:32,1911.3,756242
2021-04-20 09:21:33,1911.45,756854
2021-04-20 09:21:34,1911.1,757346
2021-04-20 09:21:35,1911.15,757699
2021-04-20 09:21:36,1911.15,757699
2021-04-20 09:21:37,1911.25,760610
2021-04-20 09:21:38,1911.3,760641
2021-04-20 09:21:39,1911.35,762518
2021-04-20 09:21:40,1911.5,763076
2021-04-20 09:21:41,1911.95,763650
2021-04-20 09:21:42,1911.95,763768
2021-04-20 09:21:43,1911.9,764793
2021-04-20 09:21:44,1911.5,765528
2021-04-20 09:21:45,1911.8,765529
2021-04-20 09:21:46,1911.5,768232
2021-04-20 09:21:47,1911.5,768576
2021-04-20 09:21:48,1911.4,768694
2021-04-20 09:21:49,1911.4,769895
2021-04-20 09:21:50,1911.5,770585
2021-04-20 09:21:51,1912.05,771628
2021-04-20 09:21:52,1911.95,771745
2021-04-20 09:21:53,1911.7,772043
2021-04-20 09:21:55,1912.0,773301
2021-04-20 09:21:54,1911.4,772939
2021-04-20 09:21:57,1911.5,774341
2021-04-20 09:21:58,1912.05,774571
2021-04-20 09:21:59,1912.0,774725
2021-04-20 09:22:00,1912.0,774776
2021-04-20 09:22:01,1912.0,774812
2021-04-20 09:22:02,1912.0,775302
2021-04-20 09:22:03,1912.0,775539
2021-04-20 09:22:04,1912.0,775544
2021-04-20 09:22:05,1912.0,776194
2021-04-20 09:22:06,1911.75,776461
2021-04-20 09:22:07,1911.75,776490
2021-04-20 09:22:08,1911.7,776785
2021-04-20 09:22:09,1911.6,778073
2021-04-20 09:22:10,1911.45,778284
2021-04-20 09:22:12,1910.65,778592
2021-04-20 09:22:11,1910.9,778591
2021-04-20 09:22:13,1910.6,778714
2021-04-20 09:22:14,1910.85,779878
2021-04-20 09:22:15,1910.9,780280
2021-04-20 09:22:16,1910.85,781092
2021-04-20 09:22:17,1910.85,781372
2021-04-20 09:22:18,1910.85,781417
2021-04-20 09:22:19,1910.85,781419
2021-04-20 09:22:20,1910.0,781654
2021-04-20 09:22:21,1911.0,786565
2021-04-20 09:22:22,1910.8,786582
2021-04-20 09:22:23,1910.8,787000
2021-04-20 09:22:24,1910.8,787000
2021-04-20 09:22:25,1910.8,788026
2021-04-20 09:22:26,1910.8,791060
2021-04-20 09:22:27,1910.8,791197
2021-04-20 09:22:29,1910.8,792125
2021-04-20 09:22:28,1910.8,792110
2021-04-20 09:22:30,1910.8,793562
2021-04-20 09:22:31,1910.8,794053
2021-04-20 09:22:32,1910.55,794069
2021-04-20 09:22:33,1910.55,794200
2021-04-20 09:22:34,1910.5,794401
2021-04-20 09:22:35,1910.5,794601
2021-04-20 09:22:36,1910.1,794677
2021-04-20 09:22:37,1910.5,794682
2021-04-20 09:22:38,1910.35,795732
2021-04-20 09:22:39,1910.35,796271
2021-04-20 09:22:40,1910.05,798503
2021-04-20 09:22:41,1910.35,799133
2021-04-20 09:22:42,1910.3,799134
2021-04-20 09:22:44,1910.3,799406
2021-04-20 09:22:45,1909.0,805005
2021-04-20 09:22:46,1909.6,805598
2021-04-20 09:22:47,1909.0,805808
2021-04-20 09:22:48,1908.85,806151
2021-04-20 09:22:49,1908.85,807465
2021-04-20 09:22:50,1908.8,807756
2021-04-20 09:22:51,1908.85,807985
2021-04-20 09:22:52,1908.75,814163
2021-04-20 09:22:53,1908.5,814465
2021-04-20 09:22:54,1908.7,814845
2021-04-20 09:22:55,1908.7,814941
2021-04-20 09:22:56,1908.7,815356
2021-04-20 09:22:57,1908.7,815356
2021-04-20 09:22:58,1908.7,816414
2021-04-20 09:22:59,1908.7,816964
2021-04-20 09:23:00,1908.7,817609
2021-04-20 09:23:01,1908.7,819287
2021-04-20 09:23:02,1908.7,819474
2021-04-20 09:23:03,1908.7,819957
2021-04-20 09:23:04,1908.7,820072
2021-04-20 09:23:06,1908.7,820267
2021-04-20 09:23:08,1908.9,824897
2021-04-20 09:23:08,1908.9,824908
2021-04-20 09:23:09,1909.85,826915
2021-04-20 09:23:10,1909.9,827038
2021-04-20 09:23:11,1909.75,827663
2021-04-20 09:23:13,1909.85,829105
2021-04-20 09:23:13,1909.85,829105
2021-04-20 09:23:14,1910.4,829458
2021-04-20 09:23:15,1910.0,829868
2021-04-20 09:23:16,1910.45,830517
2021-04-20 09:23:18,1910.5,831271
2021-04-20 09:23:18,1910.8,831402
2021-04-20 09:23:19,1909.7,832015
2021-04-20 09:23:20,1910.15,832212
2021-04-20 09:23:21,1910.15,833408
2021-04-20 09:23:22,1910.15,833521
2021-04-20 09:23:23,1910.15,833712
2021-04-20 09:23:24,1910.15,833742
2021-04-20 09:23:25,1910.15,833855
2021-04-20 09:23:26,1910.15,833909
2021-04-20 09:23:27,1910.15,834489
2021-04-20 09:23:28,1910.75,835163
2021-04-20 09:23:29,1910.3,835217
2021-04-20 09:23:30,1910.75,835444
2021-04-20 09:23:32,1910.75,835522
2021-04-20 09:23:33,1910.95,835648
2021-04-20 09:23:33,1910.75,835698
2021-04-20 09:23:34,1910.95,835892
2021-04-20 09:23:35,1910.95,836842
2021-04-20 09:23:36,1910.95,837541
2021-04-20 09:23:38,1910.95,837665
2021-04-20 09:23:38,1910.95,837659
2021-04-20 09:23:39,1910.9,837804
2021-04-20 09:23:40,1910.3,837989
2021-04-20 09:23:41,1910.75,838002
2021-04-20 09:23:42,1910.3,838887
2021-04-20 09:23:44,1910.75,839209
2021-04-20 09:23:44,1910.75,839209
2021-04-20 09:23:45,1910.75,839414
2021-04-20 09:23:46,1910.75,839494
2021-04-20 09:23:47,1910.85,841082
2021-04-20 09:23:49,1910.55,841583
2021-04-20 09:23:50,1911.05,843919
2021-04-20 09:23:50,1911.2,844121
2021-04-20 09:23:51,1910.55,844144
2021-04-20 09:23:52,1910.55,844173
2021-04-20 09:23:53,1910.55,844186
2021-04-20 09:23:55,1911.85,846354
2021-04-20 09:23:56,1911.8,846948
2021-04-20 09:23:57,1911.9,847428
2021-04-20 09:23:58,1912.0,847665
2021-04-20 09:24:00,1911.9,847933
2021-04-20 09:24:00,1911.8,847820
2021-04-20 09:24:01,1911.8,848412
2021-04-20 09:24:02,1911.9,848447
2021-04-20 09:24:03,1911.8,848636
2021-04-20 09:24:04,1911.9,848891
2021-04-20 09:24:05,1911.85,848936
2021-04-20 09:24:06,1911.85,849003
2021-04-20 09:24:07,1911.85,849314
2021-04-20 09:24:08,1911.9,851062
2021-04-20 09:24:09,1911.9,851102
2021-04-20 09:24:10,1911.8,851636
2021-04-20 09:24:12,1912.0,852329
2021-04-20 09:24:13,1912.0,852906
2021-04-20 09:24:14,1912.0,853244
2021-04-20 09:24:15,1911.75,854280
2021-04-20 09:24:16,1911.6,854354
2021-04-20 09:24:17,1911.5,854408
2021-04-20 09:24:19,1911.5,854622
2021-04-20 09:24:19,1911.5,854622
2021-04-20 09:24:20,1911.0,854849
2021-04-20 09:24:21,1911.5,854931
2021-04-20 09:24:22,1911.5,855073
2021-04-20 09:24:23,1911.5,855133
2021-04-20 09:24:24,1911.5,856063
2021-04-20 09:24:25,1911.5,857131
2021-04-20 09:24:26,1911.5,857618
2021-04-20 09:24:28,1911.5,858120
2021-04-20 09:24:30,1911.0,858607
2021-04-20 09:24:31,1911.0,859095
2021-04-20 09:24:31,1911.0,859095
2021-04-20 09:24:32,1911.4,859105
2021-04-20 09:24:33,1911.35,859300
2021-04-20 09:24:34,1911.65,859570
2021-04-20 09:24:35,1911.65,859746
2021-04-20 09:24:36,1911.65,859996
2021-04-20 09:24:37,1911.5,860003
2021-04-20 09:24:39,1911.65,860118
2021-04-20 09:24:39,1911.65,860118
2021-04-20 09:24:40,1911.6,860465
2021-04-20 09:24:41,1911.6,860474
2021-04-20 09:24:42,1911.6,860519
2021-04-20 09:24:43,1911.7,861235
2021-04-20 09:24:45,1911.5,861417
2021-04-20 09:24:46,1911.5,861711
2021-04-20 09:24:47,1911.5,861784
2021-04-20 09:24:48,1911.5,861801
2021-04-20 09:24:48,1911.5,861801
2021-04-20 09:24:49,1911.05,863731
2021-04-20 09:24:50,1911.0,864289
2021-04-20 09:24:51,1911.2,864371
2021-04-20 09:24:53,1911.05,864781
2021-04-20 09:24:53,1911.05,864781
2021-04-20 09:24:54,1911.2,865094
2021-04-20 09:24:55,1911.2,865390
2021-04-20 09:24:56,1911.2,865550
2021-04-20 09:24:57,1911.2,865692
2021-04-20 09:24:59,1911.2,865854
2021-04-20 09:25:00,1911.2,865931
2021-04-20 09:25:03,1912.0,869230
2021-04-20 09:25:04,1912.0,869251
2021-04-20 09:25:06,1912.0,869466
2021-04-20 09:25:06,1912.0,869516
2021-04-20 09:25:07,1912.0,869516
2021-04-20 09:25:08,1911.6,869616
2021-04-20 09:25:09,1912.0,869876
2021-04-20 09:25:10,1911.95,870320
2021-04-20 09:25:12,1911.95,870408
2021-04-20 09:25:12,1911.95,870408
2021-04-20 09:25:13,1911.95,870599
2021-04-20 09:25:14,1911.6,871827
2021-04-20 09:25:15,1910.9,873991
2021-04-20 09:25:16,1910.9,874998
2021-04-20 09:25:18,1911.0,875275
2021-04-20 09:25:19,1910.35,876078
2021-04-20 09:25:20,1910.8,876316
2021-04-20 09:25:21,1910.7,876509
2021-04-20 09:25:21,1910.7,876509
2021-04-20 09:25:22,1910.05,879365
2021-04-20 09:25:23,1910.7,881512
2021-04-20 09:25:24,1910.35,881639
2021-04-20 09:25:26,1910.1,882098
2021-04-20 09:25:27,1910.1,882633
2021-04-20 09:25:27,1910.1,882638
2021-04-20 09:25:28,1910.1,883276
2021-04-20 09:25:29,1910.1,883979
2021-04-20 09:25:31,1910.15,884289
2021-04-20 09:25:32,1909.5,884803
2021-04-20 09:25:32,1909.5,884803
2021-04-20 09:25:33,1910.15,885042
2021-04-20 09:25:34,1910.25,885121
2021-04-20 09:25:35,1910.4,885359
2021-04-20 09:25:36,1910.25,885412
2021-04-20 09:25:37,1910.0,885619
2021-04-20 09:25:38,1910.1,885783
2021-04-20 09:25:39,1910.1,885855
2021-04-20 09:25:40,1910.1,885898
2021-04-20 09:25:42,1910.1,886075
2021-04-20 09:25:43,1910.2,886253
2021-04-20 09:25:44,1910.2,886314
2021-04-20 09:25:45,1910.25,886939
2021-04-20 09:25:46,1910.25,887066
2021-04-20 09:25:47,1910.4,889425
2021-04-20 09:25:47,1910.4,889465
2021-04-20 09:25:48,1910.7,891207
2021-04-20 09:25:49,1910.15,891460
2021-04-20 09:25:50,1910.15,891565
2021-04-20 09:25:51,1910.7,892017
2021-04-20 09:25:52,1910.7,892027
2021-04-20 09:25:53,1910.7,892222
2021-04-20 09:25:54,1910.7,892362
2021-04-20 09:25:55,1910.7,892465
2021-04-20 09:25:56,1910.35,892466
2021-04-20 09:25:57,1910.4,892532
2021-04-20 09:25:58,1910.7,892661
2021-04-20 09:25:59,1910.65,892710
2021-04-20 09:26:00,1910.4,892788
2021-04-20 09:26:01,1910.7,893806
2021-04-20 09:26:02,1910.85,893819
2021-04-20 09:26:03,1910.85,893960
2021-04-20 09:26:04,1910.85,893990
2021-04-20 09:26:06,1911.0,894826
2021-04-20 09:26:07,1910.85,894836
2021-04-20 09:26:08,1911.0,894910
2021-04-20 09:26:09,1910.85,895339
2021-04-20 09:26:10,1910.75,895613
2021-04-20 09:26:10,1910.75,895613
2021-04-20 09:26:11,1910.95,897048
2021-04-20 09:26:12,1910.7,897791
2021-04-20 09:26:13,1910.55,898837
2021-04-20 09:26:15,1910.55,898895
2021-04-20 09:26:16,1910.1,900248
2021-04-20 09:26:17,1910.0,900551
2021-04-20 09:26:17,1910.35,900546
2021-04-20 09:26:18,1910.35,900806
2021-04-20 09:26:19,1910.55,900813
2021-04-20 09:26:21,1910.3,901242
2021-04-20 09:26:22,1910.55,901334
2021-04-20 09:26:23,1910.3,901391
2021-04-20 09:26:24,1910.3,901812
2021-04-20 09:26:25,1910.0,902386
2021-04-20 09:26:25,1909.9,903305
2021-04-20 09:26:26,1910.2,903376
2021-04-20 09:26:27,1910.2,903384
2021-04-20 09:26:28,1910.0,903484
2021-04-20 09:26:29,1910.3,904054
2021-04-20 09:26:30,1910.2,904104
2021-04-20 09:26:32,1909.7,904174
2021-04-20 09:26:33,1910.15,904410
2021-04-20 09:26:33,1910.0,904560
2021-04-20 09:26:34,1910.0,904595
2021-04-20 09:26:35,1910.0,904677
2021-04-20 09:26:37,1910.15,905233
2021-04-20 09:26:38,1909.85,905318
2021-04-20 09:26:39,1910.0,905465
2021-04-20 09:26:40,1910.0,905468
2021-04-20 09:26:41,1910.0,905473
2021-04-20 09:26:42,1910.0,905633
2021-04-20 09:26:42,1910.0,906393
2021-04-20 09:26:43,1909.65,906459
2021-04-20 09:26:45,1909.65,906604
2021-04-20 09:26:46,1909.9,906721
2021-04-20 09:26:47,1909.9,906991
2021-04-20 09:26:48,1909.9,907167
2021-04-20 09:26:49,1909.9,907173
2021-04-20 09:26:50,1909.9,907307
2021-04-20 09:26:51,1909.9,907433
2021-04-20 09:26:52,1909.9,907448
2021-04-20 09:26:53,1909.9,907554
2021-04-20 09:26:54,1909.9,908016
2021-04-20 09:26:55,1909.9,908053
2021-04-20 09:26:55,1909.9,908053
2021-04-20 09:26:56,1909.9,908065
2021-04-20 09:26:57,1909.9,908178
2021-04-20 09:26:58,1909.9,908286
2021-04-20 09:26:59,1909.9,908447
2021-04-20 09:27:00,1909.9,908537
2021-04-20 09:27:01,1909.9,908588
2021-04-20 09:27:02,1909.9,908613
2021-04-20 09:27:03,1909.9,908630
2021-04-20 09:27:04,1909.9,908651
2021-04-20 09:27:05,1909.9,908986
2021-04-20 09:27:06,1909.7,909068
2021-04-20 09:27:07,1909.9,909109
2021-04-20 09:27:08,1909.9,909239
2021-04-20 09:27:09,1909.9,909724
2021-04-20 09:27:10,1909.9,909780
2021-04-20 09:27:11,1909.9,909859
2021-04-20 09:27:13,1909.9,909881
2021-04-20 09:27:14,1909.9,909988
2021-04-20 09:27:14,1909.9,909988
2021-04-20 09:27:15,1909.7,910393
2021-04-20 09:27:16,1909.9,910448
2021-04-20 09:27:17,1909.9,911493
2021-04-20 09:27:18,1909.5,913437
2021-04-20 09:27:19,1909.85,914934
2021-04-20 09:27:20,1909.9,915059
2021-04-20 09:27:22,1909.9,916301
2021-04-20 09:27:23,1909.55,916871
2021-04-20 09:27:23,1909.55,916871
2021-04-20 09:27:24,1909.55,916996
2021-04-20 09:27:25,1909.55,917327
2021-04-20 09:27:26,1909.5,917378
2021-04-20 09:27:28,1909.55,917412
2021-04-20 09:27:29,1908.95,920164
2021-04-20 09:27:30,1908.0,924057
2021-04-20 09:27:31,1908.55,924067
2021-04-20 09:27:33,1908.05,924485
2021-04-20 09:27:34,1908.0,924511
2021-04-20 09:27:35,1908.0,929233
2021-04-20 09:27:36,1908.05,930991
2021-04-20 09:27:37,1908.1,931151
2021-04-20 09:27:39,1908.05,931337
2021-04-20 09:27:40,1908.05,931445
2021-04-20 09:27:41,1908.05,931763
2021-04-20 09:27:41,1908.05,931813
2021-04-20 09:27:42,1908.05,932081
2021-04-20 09:27:43,1908.05,932401
2021-04-20 09:27:44,1908.05,932462
2021-04-20 09:27:45,1909.55,937657
2021-04-20 09:27:46,1909.25,937745
2021-04-20 09:27:47,1909.6,938099
2021-04-20 09:27:48,1909.5,938386
2021-04-20 09:27:49,1909.55,938790
2021-04-20 09:27:50,1909.55,939130
2021-04-20 09:27:51,1909.75,939597
2021-04-20 09:27:52,1909.75,939666
2021-04-20 09:27:53,1909.75,939774
2021-04-20 09:27:54,1909.75,939784
2021-04-20 09:27:55,1909.8,939888
2021-04-20 09:27:56,1910.0,939990
2021-04-20 09:27:57,1910.0,940022
2021-04-20 09:27:58,1910.0,940024
2021-04-20 09:28:00,1909.9,940268
2021-04-20 09:28:01,1910.0,940371
2021-04-20 09:28:02,1909.85,940540
2021-04-20 09:28:03,1910.15,945367
2021-04-20 09:28:03,1910.15,945367
2021-04-20 09:28:04,1910.0,946345
2021-04-20 09:28:05,1910.0,946350
2021-04-20 09:28:06,1910.15,947427
2021-04-20 09:28:07,1910.0,948004
2021-04-20 09:28:09,1910.15,948059
2021-04-20 09:28:10,1910.15,948600
2021-04-20 09:28:11,1910.15,948617
2021-04-20 09:28:12,1910.15,948618
2021-04-20 09:28:13,1910.15,948782
2021-04-20 09:28:14,1910.15,949073
2021-04-20 09:28:15,1910.15,949336
2021-04-20 09:28:16,1910.3,950880
2021-04-20 09:28:17,1910.25,950926
2021-04-20 09:28:18,1910.3,950939
2021-04-20 09:28:19,1910.25,950994
2021-04-20 09:28:20,1910.25,951010
2021-04-20 09:28:21,1910.3,951649
2021-04-20 09:28:22,1910.25,951773
2021-04-20 09:28:23,1910.35,952705
2021-04-20 09:28:24,1910.55,953595
2021-04-20 09:28:25,1911.0,954120
2021-04-20 09:28:26,1911.4,954207
2021-04-20 09:28:27,1911.0,954225
2021-04-20 09:28:28,1911.4,954262
2021-04-20 09:28:29,1911.4,954316
2021-04-20 09:28:30,1911.3,954446
2021-04-20 09:28:31,1911.4,954791
2021-04-20 09:28:31,1911.4,954791
2021-04-20 09:28:32,1911.4,954856
2021-04-20 09:28:33,1911.35,955042
2021-04-20 09:28:34,1911.4,955078
2021-04-20 09:28:36,1911.35,955324
2021-04-20 09:28:37,1911.75,956264
2021-04-20 09:28:38,1911.75,956499
2021-04-20 09:28:39,1911.75,956532
2021-04-20 09:28:40,1912.05,961622
2021-04-20 09:28:40,1912.05,961622
2021-04-20 09:28:41,1912.3,962142
2021-04-20 09:28:42,1912.4,962640
2021-04-20 09:28:43,1912.4,962641
2021-04-20 09:28:45,1912.5,963780
2021-04-20 09:28:46,1912.5,963858
2021-04-20 09:28:47,1912.5,964292
2021-04-20 09:28:48,1912.25,964990
2021-04-20 09:28:49,1912.4,965042
2021-04-20 09:28:50,1912.4,965369
2021-04-20 09:28:51,1912.4,966513
2021-04-20 09:28:52,1912.3,967453
2021-04-20 09:28:53,1911.6,967636
2021-04-20 09:28:54,1911.8,967809
2021-04-20 09:28:55,1911.6,967896
2021-04-20 09:28:56,1912.1,968037
2021-04-20 09:28:57,1912.1,968056
2021-04-20 09:28:59,1912.0,968526
2021-04-20 09:28:59,1912.05,968501
2021-04-20 09:29:00,1912.0,968736
2021-04-20 09:29:01,1912.0,968953
2021-04-20 09:29:04,1912.15,971426
2021-04-20 09:29:05,1912.15,971603
2021-04-20 09:29:06,1912.1,971696
2021-04-20 09:29:07,1912.1,971697
2021-04-20 09:29:08,1912.1,971946
2021-04-20 09:29:09,1912.1,974294
2021-04-20 09:29:10,1911.4,975190
2021-04-20 09:29:11,1912.05,975687
2021-04-20 09:29:12,1912.1,975971
2021-04-20 09:29:12,1912.1,976071
2021-04-20 09:29:13,1912.05,976106
2021-04-20 09:29:14,1912.05,976301
2021-04-20 09:29:15,1912.05,976316
2021-04-20 09:29:16,1911.15,977279
2021-04-20 09:29:17,1911.5,977283
2021-04-20 09:29:18,1911.7,977390
2021-04-20 09:29:19,1911.9,979628
2021-04-20 09:29:20,1911.8,979990
2021-04-20 09:29:21,1911.6,980031
2021-04-20 09:29:22,1911.8,980302
2021-04-20 09:29:23,1911.8,980303
2021-04-20 09:29:25,1911.15,980382
2021-04-20 09:29:26,1911.8,981827
2021-04-20 09:29:27,1911.4,981859
2021-04-20 09:29:28,1911.8,981931
2021-04-20 09:29:29,1911.8,982722
2021-04-20 09:29:30,1911.8,983477
2021-04-20 09:29:31,1911.8,983782
2021-04-20 09:29:32,1911.8,983832
2021-04-20 09:29:33,1911.8,984046
2021-04-20 09:29:34,1911.85,984466
2021-04-20 09:29:35,1911.9,984786
2021-04-20 09:29:36,1911.8,984922
2021-04-20 09:29:37,1911.7,985234
2021-04-20 09:29:38,1911.0,985241
2021-04-20 09:29:38,1911.7,985236
2021-04-20 09:29:39,1911.45,985246
2021-04-20 09:29:40,1911.7,985321
2021-04-20 09:29:41,1911.75,985576
2021-04-20 09:29:42,1911.75,985794
2021-04-20 09:29:44,1911.75,986093
2021-04-20 09:29:45,1911.1,986443
2021-04-20 09:29:46,1911.5,986463
2021-04-20 09:29:47,1911.3,986805
2021-04-20 09:29:48,1911.75,986845
2021-04-20 09:29:49,1912.05,989860
2021-04-20 09:29:49,1912.05,989860
2021-04-20 09:29:51,1911.9,990372
2021-04-20 09:29:52,1911.3,990530
2021-04-20 09:29:54,1911.95,990694
2021-04-20 09:29:55,1911.95,990749
2021-04-20 09:29:56,1911.95,990766
2021-04-20 09:29:57,1911.95,990791
2021-04-20 09:29:58,1911.5,991025
2021-04-20 09:29:59,1911.95,991449
2021-04-20 09:29:59,1911.75,991454
2021-04-20 09:30:00,1911.5,991659
2021-04-20 09:30:01,1911.95,992274
2021-04-20 09:30:02,1911.95,992384
2021-04-20 09:30:03,1911.95,992417
2021-04-20 09:30:04,1911.95,992457
2021-04-20 09:30:05,1911.95,992462
2021-04-20 09:30:07,1911.75,992791
2021-04-20 09:30:08,1911.55,992800
2021-04-20 09:30:09,1911.95,993586
2021-04-20 09:30:10,1911.4,994807
2021-04-20 09:30:11,1911.4,998162
2021-04-20 09:30:12,1911.95,998589
2021-04-20 09:30:12,1911.95,998689
2021-04-20 09:30:14,1911.95,998720
2021-04-20 09:30:15,1911.15,1000765
2021-04-20 09:30:16,1911.6,1000916
2021-04-20 09:30:17,1911.4,1000924
2021-04-20 09:30:18,1911.5,1001662
2021-04-20 09:30:19,1911.5,1001866
2021-04-20 09:30:21,1911.55,1003777
2021-04-20 09:30:22,1911.45,1003827
2021-04-20 09:30:23,1911.55,1003889
2021-04-20 09:30:25,1911.65,1004289
2021-04-20 09:30:26,1911.75,1005122
2021-04-20 09:30:27,1911.7,1005159
2021-04-20 09:30:29,1911.7,1005689
2021-04-20 09:30:30,1911.8,1005764
2021-04-20 09:30:31,1911.8,1005779
2021-04-20 09:30:32,1911.85,1005824
2021-04-20 09:30:33,1911.8,1005882
2021-04-20 09:30:34,1911.85,1005903
2021-04-20 09:30:36,1911.85,1006262
2021-04-20 09:30:36,1911.85,1006262
2021-04-20 09:30:38,1911.85,1006592
2021-04-20 09:30:39,1912.5,1009705
2021-04-20 09:30:40,1912.5,1009749
2021-04-20 09:30:41,1912.5,1009775
2021-04-20 09:30:42,1912.5,1010037
2021-04-20 09:30:42,1912.5,1010187
2021-04-20 09:30:44,1912.5,1011550
2021-04-20 09:30:45,1912.8,1015267
2021-04-20 09:30:46,1912.75,1015300
2021-04-20 09:30:47,1912.5,1015470
2021-04-20 09:30:48,1912.7,1015571
2021-04-20 09:30:49,1912.5,1015704
2021-04-20 09:30:50,1912.65,1015714
2021-04-20 09:30:51,1912.9,1017673
2021-04-20 09:30:52,1912.9,1018013
2021-04-20 09:30:53,1912.9,1018118
2021-04-20 09:30:53,1912.9,1018118
2021-04-20 09:30:54,1912.9,1018232
2021-04-20 09:30:55,1912.9,1018278
2021-04-20 09:30:56,1912.75,1018428
2021-04-20 09:30:58,1912.95,1019919
2021-04-20 09:30:59,1913.1,1019938
2021-04-20 09:31:00,1912.95,1020347
2021-04-20 09:31:01,1913.1,1020897
2021-04-20 09:31:02,1913.1,1020897
2021-04-20 09:31:03,1913.1,1021008
2021-04-20 09:31:04,1912.95,1021330
2021-04-20 09:31:05,1913.0,1021464
2021-04-20 09:31:06,1913.0,1021874
2021-04-20 09:31:07,1912.9,1021889
2021-04-20 09:31:08,1912.95,1022752
2021-04-20 09:31:09,1912.65,1022917
2021-04-20 09:31:09,1912.95,1022926
2021-04-20 09:31:11,1912.5,1022980
2021-04-20 09:31:12,1912.8,1023260
2021-04-20 09:31:13,1912.9,1023755
2021-04-20 09:31:14,1912.65,1023824
2021-04-20 09:31:15,1912.9,1024184
2021-04-20 09:31:16,1912.9,1024454
2021-04-20 09:31:17,1912.95,1024483
2021-04-20 09:31:18,1912.9,1024699
2021-04-20 09:31:19,1912.95,1025205
2021-04-20 09:31:20,1912.9,1025235
2021-04-20 09:31:21,1912.95,1025485
2021-04-20 09:31:22,1912.95,1025740
2021-04-20 09:31:23,1912.95,1026151
2021-04-20 09:31:25,1912.95,1026734
2021-04-20 09:31:26,1912.95,1026973
2021-04-20 09:31:27,1913.05,1029112
2021-04-20 09:31:28,1913.05,1029244
2021-04-20 09:31:29,1913.05,1029564
2021-04-20 09:31:29,1913.05,1029564
2021-04-20 09:31:31,1913.05,1029620
2021-04-20 09:31:32,1913.05,1029663
2021-04-20 09:31:33,1913.0,1029858
2021-04-20 09:31:34,1913.05,1031472
2021-04-20 09:31:36,1913.05,1034765
2021-04-20 09:31:37,1913.05,1035195
2021-04-20 09:31:38,1913.05,1035458
2021-04-20 09:31:39,1913.05,1035767
2021-04-20 09:31:40,1912.85,1035849
2021-04-20 09:31:41,1912.85,1035926
2021-04-20 09:31:42,1912.95,1036000
2021-04-20 09:31:43,1912.85,1036242
2021-04-20 09:31:44,1912.85,1036544
2021-04-20 09:31:45,1913.0,1036561
2021-04-20 09:31:47,1912.75,1036830
2021-04-20 09:31:46,1912.75,1036827
2021-04-20 09:31:48,1913.0,1037134
2021-04-20 09:31:49,1912.8,1037135
2021-04-20 09:31:50,1912.8,1037195
2021-04-20 09:31:51,1912.8,1037540
2021-04-20 09:31:52,1912.9,1037910
2021-04-20 09:31:53,1912.9,1038060
2021-04-20 09:31:54,1912.8,1038117
2021-04-20 09:31:55,1912.8,1038238
2021-04-20 09:31:56,1912.9,1038358
2021-04-20 09:31:57,1912.85,1038510
2021-04-20 09:31:58,1912.85,1038627
2021-04-20 09:31:59,1912.9,1038977
2021-04-20 09:32:00,1913.0,1039448
2021-04-20 09:32:01,1913.0,1039530
2021-04-20 09:32:02,1913.0,1039550
2021-04-20 09:32:03,1913.0,1039790
2021-04-20 09:32:04,1913.0,1040161
2021-04-20 09:32:05,1913.15,1042484
2021-04-20 09:32:06,1914.5,1045582
2021-04-20 09:32:07,1914.15,1046790
2021-04-20 09:32:08,1914.0,1047107
2021-04-20 09:32:09,1913.4,1047139
2021-04-20 09:32:11,1913.6,1047300
2021-04-20 09:32:10,1913.3,1047299
2021-04-20 09:32:12,1913.6,1047302
2021-04-20 09:32:13,1913.35,1047323
2021-04-20 09:32:14,1913.35,1047345
2021-04-20 09:32:15,1913.6,1047499
2021-04-20 09:32:16,1913.8,1048430
2021-04-20 09:32:17,1913.8,1048470
2021-04-20 09:32:18,1913.8,1049056
2021-04-20 09:32:19,1913.5,1049406
2021-04-20 09:32:20,1914.0,1051986
2021-04-20 09:32:22,1914.1,1052172
2021-04-20 09:32:21,1914.1,1052167
2021-04-20 09:32:23,1913.95,1052394
2021-04-20 09:32:24,1913.95,1052778
2021-04-20 09:32:25,1914.15,1053123
2021-04-20 09:32:27,1914.15,1053253
2021-04-20 09:32:26,1914.0,1053251
2021-04-20 09:32:28,1914.1,1053440
2021-04-20 09:32:29,1914.15,1053709
2021-04-20 09:32:30,1914.05,1054923
2021-04-20 09:32:31,1914.0,1055271
2021-04-20 09:32:32,1914.15,1055326
2021-04-20 09:32:34,1914.15,1055716
2021-04-20 09:32:35,1913.65,1056289
2021-04-20 09:32:36,1913.85,1058347
2021-04-20 09:32:38,1913.75,1058488
2021-04-20 09:32:37,1913.75,1058488
2021-04-20 09:32:39,1913.75,1058557
2021-04-20 09:32:40,1913.65,1059333
2021-04-20 09:32:41,1913.5,1059363
2021-04-20 09:32:42,1913.45,1059499
2021-04-20 09:32:43,1913.5,1059995
2021-04-20 09:32:44,1913.65,1060236
2021-04-20 09:32:45,1913.65,1060506
2021-04-20 09:32:46,1913.65,1060562
2021-04-20 09:32:47,1913.5,1060869
2021-04-20 09:32:48,1913.65,1060888
2021-04-20 09:32:49,1913.8,1061720
2021-04-20 09:32:50,1913.8,1061831
2021-04-20 09:32:52,1913.5,1062112
2021-04-20 09:32:53,1913.8,1062136
2021-04-20 09:32:54,1913.75,1062204
2021-04-20 09:32:55,1913.75,1062537
2021-04-20 09:32:56,1914.3,1065050
2021-04-20 09:32:57,1914.35,1065620
2021-04-20 09:32:59,1915.5,1078739
2021-04-20 09:33:00,1915.15,1081483
2021-04-20 09:33:01,1915.15,1081500
2021-04-20 09:33:02,1915.15,1083803
2021-04-20 09:33:03,1915.15,1084063
2021-04-20 09:33:04,1915.0,1084246
2021-04-20 09:33:05,1914.8,1085523
2021-04-20 09:33:06,1914.5,1085555
2021-04-20 09:33:07,1915.1,1085902
2021-04-20 09:33:08,1915.1,1085942
2021-04-20 09:33:09,1915.1,1086001
2021-04-20 09:33:10,1915.0,1086086
2021-04-20 09:33:11,1915.0,1086136
2021-04-20 09:33:12,1915.0,1086508
2021-04-20 09:33:13,1916.35,1106557
2021-04-20 09:33:14,1916.85,1106562
2021-04-20 09:33:15,1915.85,1110391
2021-04-20 09:33:16,1915.9,1111531
2021-04-20 09:33:17,1915.75,1111683
2021-04-20 09:33:18,1915.6,1111920
2021-04-20 09:33:19,1916.4,1112976
2021-04-20 09:33:20,1915.85,1114323
2021-04-20 09:33:21,1915.85,1114693
2021-04-20 09:33:22,1916.3,1114714
2021-04-20 09:33:23,1916.0,1114996
2021-04-20 09:33:24,1916.35,1115984
2021-04-20 09:33:25,1916.35,1120197
2021-04-20 09:33:26,1915.95,1120317
2021-04-20 09:33:27,1915.8,1122140
2021-04-20 09:33:28,1916.0,1122773
2021-04-20 09:33:29,1916.3,1123154
2021-04-20 09:33:30,1915.75,1124287
2021-04-20 09:33:31,1916.0,1124949
2021-04-20 09:33:32,1915.15,1125612
2021-04-20 09:33:33,1916.0,1125739
2021-04-20 09:33:34,1916.25,1126033
2021-04-20 09:33:35,1916.25,1126106
2021-04-20 09:33:36,1916.3,1126586
2021-04-20 09:33:37,1916.0,1126696
2021-04-20 09:33:38,1916.25,1127124
2021-04-20 09:33:39,1916.3,1127147
2021-04-20 09:33:40,1916.3,1127385
2021-04-20 09:33:41,1916.75,1127910
2021-04-20 09:33:42,1916.5,1128042
2021-04-20 09:33:43,1916.05,1129492
2021-04-20 09:33:44,1916.3,1130204
2021-04-20 09:33:45,1916.3,1130994
2021-04-20 09:33:46,1916.3,1131093
2021-04-20 09:33:47,1916.4,1131794
2021-04-20 09:33:48,1916.0,1133305
2021-04-20 09:33:49,1916.3,1133487
2021-04-20 09:33:50,1916.4,1135556
2021-04-20 09:33:51,1916.3,1135907
2021-04-20 09:33:53,1916.4,1136033
2021-04-20 09:33:54,1916.2,1136390
2021-04-20 09:33:54,1916.2,1136390
2021-04-20 09:33:55,1916.4,1136682
2021-04-20 09:33:56,1916.4,1138135
2021-04-20 09:33:57,1916.2,1138188
2021-04-20 09:33:58,1916.3,1138946
2021-04-20 09:33:59,1916.25,1139334
2021-04-20 09:34:00,1916.2,1140388
2021-04-20 09:34:01,1915.8,1140801
2021-04-20 09:34:02,1916.2,1141304
2021-04-20 09:34:03,1916.1,1141986
2021-04-20 09:34:04,1916.0,1142213
2021-04-20 09:34:06,1916.2,1142707
2021-04-20 09:34:06,1916.2,1142767
2021-04-20 09:34:07,1915.25,1143170
2021-04-20 09:34:08,1916.15,1145595
2021-04-20 09:34:09,1916.15,1146902
2021-04-20 09:34:10,1916.0,1147103
2021-04-20 09:34:11,1916.1,1147133
2021-04-20 09:34:12,1916.1,1147438
2021-04-20 09:34:14,1916.0,1148214
2021-04-20 09:34:15,1916.0,1148768
2021-04-20 09:34:16,1916.15,1149128
2021-04-20 09:34:17,1916.15,1149207
2021-04-20 09:34:18,1916.15,1149282
2021-04-20 09:34:20,1916.15,1149287
2021-04-20 09:34:21,1916.15,1150026
2021-04-20 09:34:21,1916.15,1150026
2021-04-20 09:34:22,1916.0,1150157
2021-04-20 09:34:23,1916.0,1150611
2021-04-20 09:34:24,1916.1,1150748
2021-04-20 09:34:25,1916.0,1150893
2021-04-20 09:34:26,1916.0,1151687
2021-04-20 09:34:28,1916.15,1151892
2021-04-20 09:34:28,1916.0,1151937
2021-04-20 09:34:29,1916.05,1152113
2021-04-20 09:34:30,1916.05,1152337
2021-04-20 09:34:31,1916.0,1152644
2021-04-20 09:34:32,1916.05,1152761
2021-04-20 09:34:33,1916.0,1153261
2021-04-20 09:34:35,1916.0,1153329
2021-04-20 09:34:36,1916.0,1153387
2021-04-20 09:34:36,1916.05,1153530
2021-04-20 09:34:37,1915.95,1153966
2021-04-20 09:34:38,1915.5,1154098
2021-04-20 09:34:39,1915.95,1154337
2021-04-20 09:34:40,1916.05,1156593
2021-04-20 09:34:41,1916.1,1157449
2021-04-20 09:34:42,1916.1,1157463
2021-04-20 09:34:43,1916.0,1157740
2021-04-20 09:34:44,1915.55,1157769
2021-04-20 09:34:46,1916.0,1157890
2021-04-20 09:34:46,1916.0,1157890
2021-04-20 09:34:47,1915.05,1158674
2021-04-20 09:34:48,1915.0,1159527
2021-04-20 09:34:49,1915.75,1160188
2021-04-20 09:34:50,1915.65,1160374
2021-04-20 09:34:51,1915.65,1160598
2021-04-20 09:34:52,1915.0,1160861
2021-04-20 09:34:55,1915.0,1161579
2021-04-20 09:34:55,1915.0,1161579
2021-04-20 09:34:56,1915.0,1161826
2021-04-20 09:34:57,1915.2,1161870
2021-04-20 09:34:58,1915.2,1161975
2021-04-20 09:34:59,1915.0,1163102
2021-04-20 09:35:00,1914.1,1165236
2021-04-20 09:35:01,1914.3,1165585
2021-04-20 09:35:03,1914.35,1165732
2021-04-20 09:35:04,1915.0,1166299
2021-04-20 09:35:04,1915.0,1166299
2021-04-20 09:35:05,1915.0,1169734
2021-04-20 09:35:07,1915.0,1170747
2021-04-20 09:35:09,1914.95,1171370
2021-04-20 09:35:09,1914.95,1171370
2021-04-20 09:35:10,1914.45,1171541
2021-04-20 09:35:11,1914.95,1171699
2021-04-20 09:35:12,1914.4,1172121
2021-04-20 09:35:13,1914.95,1172167
2021-04-20 09:35:15,1914.5,1172254
2021-04-20 09:35:15,1914.5,1172254
2021-04-20 09:35:16,1914.35,1172326
2021-04-20 09:35:17,1914.95,1172508
2021-04-20 09:35:18,1915.0,1173852
2021-04-20 09:35:19,1915.3,1176369
2021-04-20 09:35:21,1915.25,1176834
2021-04-20 09:35:21,1915.4,1176890
2021-04-20 09:35:22,1914.9,1177473
2021-04-20 09:35:23,1915.35,1178690
2021-04-20 09:35:24,1915.75,1179076
2021-04-20 09:35:25,1915.65,1180227
2021-04-20 09:35:26,1915.5,1180238
2021-04-20 09:35:28,1915.65,1180933
2021-04-20 09:35:28,1915.65,1180933
2021-04-20 09:35:29,1915.75,1181020
2021-04-20 09:35:30,1915.8,1181331
2021-04-20 09:35:31,1916.0,1181569
2021-04-20 09:35:32,1915.7,1181571
2021-04-20 09:35:33,1915.6,1181683
2021-04-20 09:35:34,1915.5,1182422
2021-04-20 09:35:35,1915.3,1183458
2021-04-20 09:35:37,1915.55,1183600
2021-04-20 09:35:37,1915.55,1183600
2021-04-20 09:35:38,1915.5,1183716
2021-04-20 09:35:39,1915.5,1183751
2021-04-20 09:35:40,1915.0,1183973
2021-04-20 09:35:41,1915.0,1184836
2021-04-20 09:35:42,1915.0,1184891
2021-04-20 09:35:43,1915.0,1184972
2021-04-20 09:35:44,1915.1,1185114
2021-04-20 09:35:46,1915.0,1185436
2021-04-20 09:35:46,1914.75,1185476
2021-04-20 09:35:47,1915.0,1185736
2021-04-20 09:35:48,1915.0,1185858
2021-04-20 09:35:49,1915.05,1185968
2021-04-20 09:35:50,1914.75,1186173
2021-04-20 09:35:51,1915.0,1186620
2021-04-20 09:35:52,1915.0,1186951
2021-04-20 09:35:53,1915.0,1187186
2021-04-20 09:35:54,1915.0,1187317
2021-04-20 09:35:55,1915.0,1187468
2021-04-20 09:35:56,1914.95,1187872
2021-04-20 09:35:57,1914.7,1188617
2021-04-20 09:35:59,1913.35,1192804
2021-04-20 09:36:00,1914.1,1192976
2021-04-20 09:36:01,1914.05,1193531
2021-04-20 09:36:01,1914.05,1193531
2021-04-20 09:36:02,1914.1,1193631
2021-04-20 09:36:04,1914.1,1193748
2021-04-20 09:36:05,1913.55,1193820
2021-04-20 09:36:06,1913.55,1193840
2021-04-20 09:36:07,1913.45,1194053
2021-04-20 09:36:08,1913.75,1194188
2021-04-20 09:36:09,1913.55,1194194
2021-04-20 09:36:11,1913.45,1194265
2021-04-20 09:36:12,1913.7,1194390
2021-04-20 09:36:13,1913.45,1194421
2021-04-20 09:36:14,1913.5,1195476
2021-04-20 09:36:14,1913.5,1195476
2021-04-20 09:36:15,1913.0,1195977
2021-04-20 09:36:16,1912.65,1197555
2021-04-20 09:36:17,1911.3,1199260
2021-04-20 09:36:18,1911.3,1199466
2021-04-20 09:36:19,1911.7,1199543
2021-04-20 09:36:20,1911.8,1199663
2021-04-20 09:36:21,1911.7,1199987
2021-04-20 09:36:23,1911.25,1200880
2021-04-20 09:36:24,1911.25,1200980
2021-04-20 09:36:25,1911.25,1201030
2021-04-20 09:36:25,1911.25,1201030
2021-04-20 09:36:26,1911.7,1203230
2021-04-20 09:36:27,1911.3,1203324
2021-04-20 09:36:28,1911.3,1203424
2021-04-20 09:36:29,1911.3,1203464
2021-04-20 09:36:30,1911.3,1203776
2021-04-20 09:36:31,1911.4,1204088
2021-04-20 09:36:33,1911.45,1204675
2021-04-20 09:36:34,1911.45,1205102
2021-04-20 09:36:34,1911.25,1205303
2021-04-20 09:36:35,1911.45,1205605
2021-04-20 09:36:38,1911.4,1205815
2021-04-20 09:36:39,1911.45,1207143
2021-04-20 09:36:39,1911.3,1207189
2021-04-20 09:36:40,1911.3,1207250
2021-04-20 09:36:41,1911.45,1207316
2021-04-20 09:36:42,1911.45,1207396
2021-04-20 09:36:43,1911.9,1209749
2021-04-20 09:36:44,1911.45,1209932
2021-04-20 09:36:45,1911.6,1210037
2021-04-20 09:36:46,1911.6,1210068
2021-04-20 09:36:47,1911.6,1212974
2021-04-20 09:36:48,1911.6,1213098
2021-04-20 09:36:50,1911.6,1213569
2021-04-20 09:36:51,1911.6,1213865
2021-04-20 09:36:52,1911.6,1213886
2021-04-20 09:36:53,1911.6,1214061
2021-04-20 09:36:54,1911.5,1214371
2021-04-20 09:36:55,1911.65,1216067
2021-04-20 09:36:56,1912.0,1216073
2021-04-20 09:36:57,1912.0,1216338
2021-04-20 09:36:58,1912.0,1216359
2021-04-20 09:36:58,1912.0,1216359
2021-04-20 09:36:59,1912.1,1216774
2021-04-20 09:37:00,1912.1,1216774
2021-04-20 09:37:02,1912.1,1216829
2021-04-20 09:37:03,1912.05,1216860
2021-04-20 09:37:04,1912.15,1217170
2021-04-20 09:37:05,1912.0,1217219
2021-04-20 09:37:06,1912.1,1217269
2021-04-20 09:37:06,1912.0,1217280
2021-04-20 09:37:07,1912.15,1217516
2021-04-20 09:37:08,1912.05,1217524
2021-04-20 09:37:09,1912.65,1218768
2021-04-20 09:37:10,1912.75,1218949
2021-04-20 09:37:11,1912.6,1219240
2021-04-20 09:37:13,1912.8,1219757
2021-04-20 09:37:14,1912.6,1220164
2021-04-20 09:37:15,1912.6,1220172
2021-04-20 09:37:16,1912.8,1220532
2021-04-20 09:37:17,1912.75,1220558
2021-04-20 09:37:20,1912.75,1220872
2021-04-20 09:37:22,1912.7,1221901
2021-04-20 09:37:23,1912.6,1221979
2021-04-20 09:37:23,1912.6,1224295
2021-04-20 09:37:24,1912.65,1224574
2021-04-20 09:37:25,1911.6,1225845
2021-04-20 09:37:26,1912.0,1226304
2021-04-20 09:37:27,1911.6,1226463
2021-04-20 09:37:28,1912.2,1226666
2021-04-20 09:37:30,1912.2,1226702
2021-04-20 09:37:31,1912.2,1226948
2021-04-20 09:37:31,1912.0,1226969
2021-04-20 09:37:32,1912.0,1226994
2021-04-20 09:37:33,1911.6,1227460
2021-04-20 09:37:35,1912.0,1227536
2021-04-20 09:37:36,1912.2,1227692
2021-04-20 09:37:36,1911.65,1228025
2021-04-20 09:37:37,1911.8,1228886
2021-04-20 09:37:38,1911.95,1228898
2021-04-20 09:37:40,1911.75,1229009
2021-04-20 09:37:41,1912.0,1229064
2021-04-20 09:37:42,1912.0,1229219
2021-04-20 09:37:43,1912.0,1229556
2021-04-20 09:37:43,1911.65,1229557
2021-04-20 09:37:44,1911.65,1229557
2021-04-20 09:37:45,1911.75,1229617
2021-04-20 09:37:46,1911.7,1229700
2021-04-20 09:37:47,1911.9,1230090
2021-04-20 09:37:48,1911.7,1230524
2021-04-20 09:37:49,1911.7,1230582
2021-04-20 09:37:51,1911.7,1230934
2021-04-20 09:37:52,1911.7,1231254
2021-04-20 09:37:53,1911.65,1231304
2021-04-20 09:37:53,1911.65,1231304
2021-04-20 09:37:54,1911.65,1231438
2021-04-20 09:37:55,1911.7,1231485
2021-04-20 09:37:56,1911.7,1231565
2021-04-20 09:37:57,1911.65,1231994
2021-04-20 09:37:58,1911.65,1232329
2021-04-20 09:37:59,1911.65,1232385
2021-04-20 09:38:00,1911.65,1232495
2021-04-20 09:38:01,1911.7,1232914
2021-04-20 09:38:03,1911.7,1232944
2021-04-20 09:38:04,1911.65,1233165
2021-04-20 09:38:05,1911.65,1233796
2021-04-20 09:38:05,1911.65,1233796
2021-04-20 09:38:06,1911.7,1233907
2021-04-20 09:38:07,1911.7,1233911
2021-04-20 09:38:08,1911.7,1233911
2021-04-20 09:38:10,1911.7,1233939
2021-04-20 09:38:11,1911.7,1233952
2021-04-20 09:38:11,1911.7,1233952
2021-04-20 09:38:12,1911.7,1234081
2021-04-20 09:38:13,1911.7,1234215
2021-04-20 09:38:15,1911.7,1234227
2021-04-20 09:38:16,1911.65,1234239
2021-04-20 09:38:17,1911.7,1234319
2021-04-20 09:38:17,1911.65,1234359
2021-04-20 09:38:18,1911.65,1234379
2021-04-20 09:38:20,1911.7,1234727
2021-04-20 09:38:21,1911.7,1235514
2021-04-20 09:38:22,1911.7,1235533
2021-04-20 09:38:22,1911.7,1235531
2021-04-20 09:38:23,1911.7,1235656
2021-04-20 09:38:24,1911.7,1235667
2021-04-20 09:38:25,1911.55,1236190
2021-04-20 09:38:26,1911.65,1236319
2021-04-20 09:38:28,1911.7,1236335
2021-04-20 09:38:29,1911.7,1236339
2021-04-20 09:38:30,1911.7,1236360
2021-04-20 09:38:31,1911.7,1236370
2021-04-20 09:38:32,1911.7,1236385
2021-04-20 09:38:33,1911.5,1236901
2021-04-20 09:38:33,1911.5,1236901
2021-04-20 09:38:34,1911.6,1237181
2021-04-20 09:38:35,1911.6,1237284
2021-04-20 09:38:36,1911.6,1237291
2021-04-20 09:38:37,1911.6,1237326
2021-04-20 09:38:38,1911.55,1237336
2021-04-20 09:38:39,1911.5,1237713
2021-04-20 09:38:40,1911.6,1240552
2021-04-20 09:38:41,1911.35,1240562
2021-04-20 09:38:42,1911.6,1240584
2021-04-20 09:38:43,1911.6,1240584
2021-04-20 09:38:44,1911.5,1240752
2021-04-20 09:38:46,1911.5,1240955
2021-04-20 09:38:47,1911.3,1241215
2021-04-20 09:38:48,1911.3,1241215
2021-04-20 09:38:49,1911.5,1241248
2021-04-20 09:38:49,1911.3,1241530
2021-04-20 09:38:50,1911.5,1242956
2021-04-20 09:38:52,1911.5,1243017
2021-04-20 09:38:53,1911.3,1243117
2021-04-20 09:38:54,1911.3,1243542
2021-04-20 09:38:54,1911.3,1243542
2021-04-20 09:38:55,1911.3,1243828
2021-04-20 09:38:57,1911.25,1243866
2021-04-20 09:38:58,1911.3,1243868
2021-04-20 09:38:59,1911.3,1244973
2021-04-20 09:39:00,1911.3,1245628
2021-04-20 09:39:00,1911.25,1245757
2021-04-20 09:39:01,1911.3,1246004
2021-04-20 09:39:02,1911.3,1246281
2021-04-20 09:39:04,1911.2,1247722
2021-04-20 09:39:05,1911.1,1248019
2021-04-20 09:39:06,1911.05,1248317
2021-04-20 09:39:06,1911.25,1248367
2021-04-20 09:39:07,1910.0,1255760
2021-04-20 09:39:09,1910.0,1256855
2021-04-20 09:39:10,1910.0,1257031
2021-04-20 09:39:11,1910.0,1257201
2021-04-20 09:39:11,1910.0,1257388
2021-04-20 09:39:12,1910.05,1257438
2021-04-20 09:39:14,1910.05,1257473
2021-04-20 09:39:15,1909.95,1260253
2021-04-20 09:39:16,1909.85,1260595
2021-04-20 09:39:17,1909.85,1260687
2021-04-20 09:39:18,1909.8,1261009
2021-04-20 09:39:19,1909.3,1261570
2021-04-20 09:39:19,1909.8,1261771
2021-04-20 09:39:20,1909.8,1261936
2021-04-20 09:39:22,1909.8,1261956
2021-04-20 09:39:23,1909.8,1262494
2021-04-20 09:39:24,1909.8,1262620
2021-04-20 09:39:25,1909.7,1262622
2021-04-20 09:39:26,1909.7,1262643
2021-04-20 09:39:27,1909.9,1265410
2021-04-20 09:39:27,1910.25,1267704
2021-04-20 09:39:28,1910.5,1267712
2021-04-20 09:39:29,1910.25,1269484
2021-04-20 09:39:31,1910.5,1269659
2021-04-20 09:39:32,1910.5,1269951
2021-04-20 09:39:33,1910.35,1270662
2021-04-20 09:39:34,1910.5,1270995
2021-04-20 09:39:34,1910.4,1271023
2021-04-20 09:39:35,1910.4,1271798
2021-04-20 09:39:36,1910.4,1272038
2021-04-20 09:39:37,1910.5,1272446
2021-04-20 09:39:39,1910.45,1272795
2021-04-20 09:39:40,1910.4,1273183
2021-04-20 09:39:41,1910.5,1273249
2021-04-20 09:39:41,1910.4,1273954
2021-04-20 09:39:42,1910.4,1274100
2021-04-20 09:39:43,1910.5,1274335
2021-04-20 09:39:45,1910.4,1274913
2021-04-20 09:39:46,1910.4,1274913
2021-04-20 09:39:47,1910.4,1275438
2021-04-20 09:39:47,1910.5,1275594
2021-04-20 09:39:48,1910.4,1275825
2021-04-20 09:39:50,1910.4,1276025
2021-04-20 09:39:51,1910.5,1276275
2021-04-20 09:39:52,1910.45,1276370
2021-04-20 09:39:53,1910.4,1276813
2021-04-20 09:39:53,1910.4,1276813
2021-04-20 09:39:54,1910.6,1277239
2021-04-20 09:39:55,1910.4,1277249
2021-04-20 09:39:56,1910.5,1277330
2021-04-20 09:39:58,1910.6,1277615
2021-04-20 09:39:59,1910.4,1277692
2021-04-20 09:40:00,1911.05,1279079
2021-04-20 09:40:01,1911.5,1279188
2021-04-20 09:40:02,1911.05,1279290
2021-04-20 09:40:02,1911.05,1279378
2021-04-20 09:40:03,1911.05,1279548
2021-04-20 09:40:04,1911.5,1280151
2021-04-20 09:40:05,1911.5,1280445
2021-04-20 09:40:07,1911.3,1280458
2021-04-20 09:40:08,1911.5,1280784
2021-04-20 09:40:09,1911.5,1280829
2021-04-20 09:40:09,1911.5,1280829
2021-04-20 09:40:10,1911.5,1281018
2021-04-20 09:40:11,1911.5,1281281
2021-04-20 09:40:12,1911.6,1281691
2021-04-20 09:40:14,1911.5,1281765
2021-04-20 09:40:15,1911.6,1281845
2021-04-20 09:40:16,1911.5,1282363
2021-04-20 09:40:17,1911.6,1282532
2021-04-20 09:40:18,1911.5,1282599
2021-04-20 09:40:18,1911.6,1282601
2021-04-20 09:40:19,1911.6,1282942
2021-04-20 09:40:20,1911.6,1282962
2021-04-20 09:40:21,1911.6,1283457
2021-04-20 09:40:23,1911.5,1283559
2021-04-20 09:40:24,1911.5,1283971
2021-04-20 09:40:25,1911.6,1283973
2021-04-20 09:40:26,1911.6,1284086
2021-04-20 09:40:27,1911.6,1284088
2021-04-20 09:40:28,1911.5,1284631
2021-04-20 09:40:29,1911.6,1285281
2021-04-20 09:40:29,1911.6,1285287
2021-04-20 09:40:30,1911.6,1286077
2021-04-20 09:40:32,1911.6,1286451
2021-04-20 09:40:33,1911.7,1286745
2021-04-20 09:40:34,1911.7,1286745
2021-04-20 09:40:35,1911.6,1286855
2021-04-20 09:40:36,1911.6,1286856
2021-04-20 09:40:36,1911.6,1286856
2021-04-20 09:40:38,1911.6,1287114
2021-04-20 09:40:39,1911.6,1287277
2021-04-20 09:40:40,1911.8,1287717
2021-04-20 09:40:41,1911.8,1287717
2021-04-20 09:40:42,1911.85,1288200
2021-04-20 09:40:43,1912.05,1289935
2021-04-20 09:40:44,1911.65,1291379
2021-04-20 09:40:45,1912.05,1291569
2021-04-20 09:40:46,1912.15,1292169
2021-04-20 09:40:47,1912.05,1292213
2021-04-20 09:40:48,1912.05,1292496
2021-04-20 09:40:49,1912.05,1292519
2021-04-20 09:40:50,1912.05,1292520
2021-04-20 09:40:50,1912.05,1292630
2021-04-20 09:40:52,1912.0,1292660
2021-04-20 09:40:53,1912.05,1292671
2021-04-20 09:40:54,1912.05,1292815
2021-04-20 09:40:55,1912.05,1292888
2021-04-20 09:40:56,1912.15,1293337
2021-04-20 09:40:57,1912.05,1293678
2021-04-20 09:40:58,1912.05,1293683
2021-04-20 09:40:58,1912.05,1293743
2021-04-20 09:41:00,1912.2,1293768
2021-04-20 09:41:01,1912.15,1293903
2021-04-20 09:41:02,1912.3,1294005
2021-04-20 09:41:03,1912.15,1294132
2021-04-20 09:41:04,1912.2,1294311
2021-04-20 09:41:05,1912.15,1294336
2021-04-20 09:41:06,1912.2,1294721
2021-04-20 09:41:06,1912.2,1294721
2021-04-20 09:41:08,1912.15,1295556
2021-04-20 09:41:08,1912.15,1296468
2021-04-20 09:41:09,1912.15,1296497
2021-04-20 09:41:10,1912.2,1296766
2021-04-20 09:41:11,1912.2,1296816
2021-04-20 09:41:12,1912.2,1297071
2021-04-20 09:41:14,1912.15,1297077
2021-04-20 09:41:15,1912.2,1297482
2021-04-20 09:41:16,1912.2,1297551
2021-04-20 09:41:17,1912.2,1297551
2021-04-20 09:41:18,1912.2,1297681
2021-04-20 09:41:19,1912.2,1297726
2021-04-20 09:41:19,1912.2,1297726
2021-04-20 09:41:20,1912.15,1297752
2021-04-20 09:41:21,1912.2,1297994
2021-04-20 09:41:23,1912.15,1298263
2021-04-20 09:41:24,1912.15,1298389
2021-04-20 09:41:25,1912.15,1298485
2021-04-20 09:41:26,1912.15,1298505
2021-04-20 09:41:27,1912.2,1298586
2021-04-20 09:41:28,1912.15,1298636
2021-04-20 09:41:29,1912.2,1298822
2021-04-20 09:41:30,1912.2,1298980
2021-04-20 09:41:31,1912.2,1299205
2021-04-20 09:41:32,1912.2,1299944
2021-04-20 09:41:33,1912.2,1299952
2021-04-20 09:41:34,1912.2,1300323
2021-04-20 09:41:35,1912.2,1300375
2021-04-20 09:41:35,1912.2,1300377
2021-04-20 09:41:37,1912.2,1300433
2021-04-20 09:41:38,1911.05,1309059
2021-04-20 09:41:38,1911.6,1309179
2021-04-20 09:41:39,1911.6,1309204
2021-04-20 09:41:41,1911.6,1309586
2021-04-20 09:41:42,1911.5,1310715
2021-04-20 09:41:43,1911.6,1310990
2021-04-20 09:41:44,1911.6,1310990
2021-04-20 09:41:44,1911.5,1311005
2021-04-20 09:41:45,1911.5,1311216
2021-04-20 09:41:46,1911.6,1311238
2021-04-20 09:41:48,1911.6,1311291
2021-04-20 09:41:49,1911.6,1311293
2021-04-20 09:41:50,1911.55,1311315
2021-04-20 09:41:51,1911.85,1313309
2021-04-20 09:41:52,1912.2,1313431
2021-04-20 09:41:53,1912.15,1313459
2021-04-20 09:41:54,1912.2,1314122
2021-04-20 09:41:54,1912.2,1314124
2021-04-20 09:41:55,1912.15,1314129
2021-04-20 09:41:57,1912.15,1314159
2021-04-20 09:41:58,1912.05,1314515
2021-04-20 09:41:59,1912.15,1314524
2021-04-20 09:42:00,1912.25,1314714
2021-04-20 09:42:01,1912.05,1314915
2021-04-20 09:42:02,1912.25,1315024
2021-04-20 09:42:03,1912.2,1315079
2021-04-20 09:42:04,1912.2,1315394
2021-04-20 09:42:05,1912.2,1315532
2021-04-20 09:42:06,1912.2,1315532
2021-04-20 09:42:07,1912.05,1315577
2021-04-20 09:42:08,1912.05,1315653
2021-04-20 09:42:09,1912.05,1315653
2021-04-20 09:42:09,1912.05,1315653
2021-04-20 09:42:11,1912.2,1315665
2021-04-20 09:42:12,1912.2,1315973
2021-04-20 09:42:13,1912.2,1315975
2021-04-20 09:42:14,1912.2,1316333
2021-04-20 09:42:15,1912.2,1316345
2021-04-20 09:42:16,1912.05,1317248
2021-04-20 09:42:17,1912.05,1317248
2021-04-20 09:42:17,1912.2,1317298
2021-04-20 09:42:18,1912.2,1317526
2021-04-20 09:42:20,1912.2,1317541
2021-04-20 09:42:21,1912.1,1317881
2021-04-20 09:42:22,1912.35,1318563
2021-04-20 09:42:23,1912.2,1318929
2021-04-20 09:42:24,1912.2,1319030
2021-04-20 09:42:24,1912.1,1318990
2021-04-20 09:42:26,1912.4,1319447
2021-04-20 09:42:27,1912.2,1319547
2021-04-20 09:42:29,1912.4,1319569
2021-04-20 09:42:30,1912.55,1322679
2021-04-20 09:42:31,1913.45,1322708
2021-04-20 09:42:32,1913.4,1322874
2021-04-20 09:42:33,1913.4,1322909
2021-04-20 09:42:34,1913.4,1322914
2021-04-20 09:42:35,1913.4,1323120
2021-04-20 09:42:36,1913.7,1323207
2021-04-20 09:42:37,1913.65,1323468
2021-04-20 09:42:38,1913.6,1323658
2021-04-20 09:42:39,1913.95,1323925
2021-04-20 09:42:40,1914.1,1324325
2021-04-20 09:42:41,1913.9,1324340
2021-04-20 09:42:42,1913.9,1325684
2021-04-20 09:42:43,1914.1,1326044
2021-04-20 09:42:44,1914.05,1326127
2021-04-20 09:42:45,1914.05,1326127
2021-04-20 09:42:46,1913.9,1326306
2021-04-20 09:42:47,1914.05,1326362
2021-04-20 09:42:48,1914.0,1326737
2021-04-20 09:42:49,1914.0,1326746
2021-04-20 09:42:50,1914.0,1326882
2021-04-20 09:42:51,1914.0,1327115
2021-04-20 09:42:52,1914.1,1329568
2021-04-20 09:42:53,1914.15,1330659
2021-04-20 09:42:54,1913.95,1330893
2021-04-20 09:42:55,1914.15,1330913
2021-04-20 09:42:56,1914.0,1331257
2021-04-20 09:42:57,1914.15,1331409
2021-04-20 09:42:58,1914.25,1331821
2021-04-20 09:42:59,1914.25,1331929
2021-04-20 09:43:00,1914.25,1331998
2021-04-20 09:43:01,1914.25,1332026
2021-04-20 09:43:02,1914.1,1332473
2021-04-20 09:43:03,1914.1,1332613
2021-04-20 09:43:04,1914.1,1332613
2021-04-20 09:43:05,1914.45,1332819
2021-04-20 09:43:06,1914.15,1332888
2021-04-20 09:43:07,1914.15,1332888
2021-04-20 09:43:08,1914.25,1332935
2021-04-20 09:43:09,1914.25,1333010
2021-04-20 09:43:10,1914.45,1333352
2021-04-20 09:43:11,1914.45,1333369
2021-04-20 09:43:12,1914.3,1333402
2021-04-20 09:43:13,1914.3,1333402
2021-04-20 09:43:15,1914.4,1334365
2021-04-20 09:43:14,1914.4,1334365
2021-04-20 09:43:16,1914.35,1335264
2021-04-20 09:43:17,1914.35,1335712
2021-04-20 09:43:18,1914.45,1336214
2021-04-20 09:43:19,1914.45,1336349
2021-04-20 09:43:20,1914.5,1336452
2021-04-20 09:43:21,1914.4,1336819
2021-04-20 09:43:22,1914.4,1336823
2021-04-20 09:43:23,1914.4,1337016
2021-04-20 09:43:24,1914.4,1337158
2021-04-20 09:43:26,1914.55,1337211
2021-04-20 09:43:25,1914.55,1337211
2021-04-20 09:43:27,1914.5,1337218
2021-04-20 09:43:28,1914.5,1337228
2021-04-20 09:43:29,1914.65,1337555
2021-04-20 09:43:30,1914.65,1337918
2021-04-20 09:43:31,1914.6,1337959
2021-04-20 09:43:32,1915.4,1342535
2021-04-20 09:43:33,1915.45,1342910
2021-04-20 09:43:34,1915.45,1342910
2021-04-20 09:43:35,1915.5,1343131
2021-04-20 09:43:36,1915.5,1346342
2021-04-20 09:43:37,1915.85,1346419
2021-04-20 09:43:38,1915.4,1348682
2021-04-20 09:43:39,1915.0,1348817
2021-04-20 09:43:41,1915.35,1348945
2021-04-20 09:43:40,1915.0,1348892
2021-04-20 09:43:42,1915.35,1349127
2021-04-20 09:43:43,1915.35,1349394
2021-04-20 09:43:44,1915.35,1349625
2021-04-20 09:43:45,1915.05,1349700
2021-04-20 09:43:47,1915.05,1349802
2021-04-20 09:43:46,1915.05,1349802
2021-04-20 09:43:48,1915.05,1350020
2021-04-20 09:43:50,1915.35,1350072
2021-04-20 09:43:51,1915.35,1350222
2021-04-20 09:43:52,1915.35,1350301
2021-04-20 09:43:53,1915.05,1350321
2021-04-20 09:43:54,1915.05,1350321
2021-04-20 09:43:55,1915.25,1351331
2021-04-20 09:43:56,1915.1,1351416
2021-04-20 09:43:57,1915.1,1351844
2021-04-20 09:43:58,1915.1,1351903
2021-04-20 09:43:59,1915.25,1351910
2021-04-20 09:44:00,1915.2,1352076
2021-04-20 09:44:01,1915.2,1352272
2021-04-20 09:44:02,1915.25,1352474
2021-04-20 09:44:03,1915.25,1352607
2021-04-20 09:44:04,1915.25,1352717
2021-04-20 09:44:05,1915.2,1352946
2021-04-20 09:44:06,1915.25,1354075
2021-04-20 09:44:07,1915.2,1354236
2021-04-20 09:44:08,1915.2,1354703
2021-04-20 09:44:09,1915.2,1355253
2021-04-20 09:44:10,1915.2,1355342
2021-04-20 09:44:11,1915.2,1355503
2021-04-20 09:44:12,1915.2,1355664
2021-04-20 09:44:13,1915.2,1355974
2021-04-20 09:44:14,1915.2,1356123
2021-04-20 09:44:15,1914.9,1358481
2021-04-20 09:44:16,1914.85,1358586
2021-04-20 09:44:17,1914.85,1358702
2021-04-20 09:44:18,1914.85,1358702
2021-04-20 09:44:19,1914.4,1358727
2021-04-20 09:44:20,1914.85,1358860
2021-04-20 09:44:21,1914.85,1358968
2021-04-20 09:44:22,1914.4,1359358
2021-04-20 09:44:23,1914.85,1359556
2021-04-20 09:44:24,1914.45,1359719
2021-04-20 09:44:26,1913.35,1363889
2021-04-20 09:44:25,1913.0,1363872
2021-04-20 09:44:27,1913.35,1363897
2021-04-20 09:44:28,1913.0,1363940
2021-04-20 09:44:29,1913.35,1364052
2021-04-20 09:44:30,1913.0,1364061
2021-04-20 09:44:31,1913.35,1364377
2021-04-20 09:44:32,1913.0,1364500
2021-04-20 09:44:33,1913.0,1364510
2021-04-20 09:44:34,1913.35,1364581
2021-04-20 09:44:35,1913.35,1364581
2021-04-20 09:44:36,1913.35,1364611
2021-04-20 09:44:37,1913.35,1364712
2021-04-20 09:44:38,1913.3,1364921
2021-04-20 09:44:39,1913.0,1365398
2021-04-20 09:44:40,1913.0,1365428
2021-04-20 09:44:41,1913.3,1365537
2021-04-20 09:44:43,1913.0,1365538
2021-04-20 09:44:44,1913.25,1365915
2021-04-20 09:44:44,1913.3,1365916
2021-04-20 09:44:45,1913.3,1365916
2021-04-20 09:44:46,1913.3,1366032
2021-04-20 09:44:47,1913.0,1366104
2021-04-20 09:44:48,1913.3,1366121
2021-04-20 09:44:49,1913.3,1366151
2021-04-20 09:44:51,1913.3,1366448
2021-04-20 09:44:52,1913.1,1366570
2021-04-20 09:44:52,1913.1,1366570
2021-04-20 09:44:53,1913.25,1366762
2021-04-20 09:44:55,1913.25,1366967
2021-04-20 09:44:56,1913.1,1367041
2021-04-20 09:44:57,1913.25,1367329
2021-04-20 09:44:58,1913.1,1367584
2021-04-20 09:45:00,1913.1,1367792
2021-04-20 09:45:00,1913.1,1367792
2021-04-20 09:45:01,1913.25,1368543
2021-04-20 09:45:02,1913.25,1368561
2021-04-20 09:45:03,1913.25,1368631
2021-04-20 09:45:04,1913.25,1368637
2021-04-20 09:45:06,1913.25,1368857
2021-04-20 09:45:07,1913.25,1368857
2021-04-20 09:45:08,1913.25,1368970
2021-04-20 09:45:08,1913.25,1368983
2021-04-20 09:45:09,1913.5,1375440
2021-04-20 09:45:10,1913.8,1375976
2021-04-20 09:45:11,1913.95,1376084
2021-04-20 09:45:12,1913.8,1376129
2021-04-20 09:45:13,1913.8,1376278
2021-04-20 09:45:15,1913.8,1376348
2021-04-20 09:45:15,1913.8,1376348
2021-04-20 09:45:16,1913.95,1376854
2021-04-20 09:45:17,1913.8,1378729
2021-04-20 09:45:18,1913.95,1378966
2021-04-20 09:45:19,1913.95,1378979
2021-04-20 09:45:21,1913.95,1379391
2021-04-20 09:45:21,1913.95,1379391
2021-04-20 09:45:22,1913.95,1379475
2021-04-20 09:45:23,1913.95,1379475
2021-04-20 09:45:24,1913.95,1379580
2021-04-20 09:45:25,1913.8,1380077
2021-04-20 09:45:27,1913.95,1380228
2021-04-20 09:45:27,1913.95,1380228
2021-04-20 09:45:28,1913.9,1380288
2021-04-20 09:45:29,1913.9,1380390
2021-04-20 09:45:30,1913.85,1380575
2021-04-20 09:45:31,1913.9,1380923
2021-04-20 09:45:33,1913.9,1380928
2021-04-20 09:45:33,1913.85,1380958
2021-04-20 09:45:34,1913.25,1382443
2021-04-20 09:45:35,1913.5,1382611
2021-04-20 09:45:36,1913.5,1382611
2021-04-20 09:45:37,1913.55,1382636
2021-04-20 09:45:38,1913.55,1382637
2021-04-20 09:45:40,1913.55,1382687
2021-04-20 09:45:40,1913.55,1382687
2021-04-20 09:45:41,1913.25,1383090
2021-04-20 09:45:42,1913.35,1383300
2021-04-20 09:45:43,1913.5,1384547
2021-04-20 09:45:44,1913.45,1384598
2021-04-20 09:45:46,1913.45,1384598
2021-04-20 09:45:46,1913.45,1384598
2021-04-20 09:45:47,1913.45,1384903
2021-04-20 09:45:48,1913.45,1384912
2021-04-20 09:45:49,1913.45,1385983
2021-04-20 09:45:50,1913.5,1386892
2021-04-20 09:45:52,1913.5,1387131
2021-04-20 09:45:53,1913.45,1387238
2021-04-20 09:45:54,1913.45,1387245
2021-04-20 09:45:55,1913.45,1387255
2021-04-20 09:45:56,1913.45,1387479
2021-04-20 09:45:59,1913.5,1387519
2021-04-20 09:45:59,1913.5,1387536
2021-04-20 09:46:00,1913.5,1387592
2021-04-20 09:46:01,1913.45,1388247
2021-04-20 09:46:02,1913.5,1388315
2021-04-20 09:46:04,1913.35,1390935
2021-04-20 09:46:04,1913.4,1390987
2021-04-20 09:46:05,1913.4,1391122
2021-04-20 09:46:06,1913.35,1391164
2021-04-20 09:46:07,1913.1,1391178
2021-04-20 09:46:08,1913.1,1391289
2021-04-20 09:46:10,1913.1,1391620
2021-04-20 09:46:10,1913.35,1391625
2021-04-20 09:46:11,1913.35,1392363
2021-04-20 09:46:12,1913.2,1393819
2021-04-20 09:46:13,1913.4,1398093
2021-04-20 09:46:14,1913.45,1398339
2021-04-20 09:46:15,1913.3,1398973
2021-04-20 09:46:16,1913.35,1398975
2021-04-20 09:46:17,1913.35,1399110
2021-04-20 09:46:18,1913.35,1399115
2021-04-20 09:46:20,1913.25,1400152
2021-04-20 09:46:20,1913.25,1400152
2021-04-20 09:46:21,1912.7,1401497
2021-04-20 09:46:22,1912.2,1401986
2021-04-20 09:46:23,1912.2,1402232
2021-04-20 09:46:25,1912.2,1402482
2021-04-20 09:46:25,1912.2,1402434
2021-04-20 09:46:26,1912.2,1402482
2021-04-20 09:46:27,1912.55,1402483
2021-04-20 09:46:28,1912.25,1402561
2021-04-20 09:46:30,1912.25,1402636
2021-04-20 09:46:30,1912.45,1402627
2021-04-20 09:46:31,1912.25,1402664
2021-04-20 09:46:32,1912.25,1402664
2021-04-20 09:46:33,1912.45,1402704
2021-04-20 09:46:35,1912.45,1402729
2021-04-20 09:46:35,1912.45,1402729
2021-04-20 09:46:36,1912.25,1402733
2021-04-20 09:46:38,1912.25,1402810
2021-04-20 09:46:38,1912.25,1402810
2021-04-20 09:46:39,1912.45,1402886
2021-04-20 09:46:40,1912.45,1402892
2021-04-20 09:46:41,1912.25,1403062
2021-04-20 09:46:42,1912.45,1403067
2021-04-20 09:46:44,1912.45,1403077
2021-04-20 09:46:44,1912.45,1403077
2021-04-20 09:46:45,1912.25,1403117
2021-04-20 09:46:46,1912.25,1403117
2021-04-20 09:46:47,1912.45,1403304
2021-04-20 09:46:48,1912.25,1403425
2021-04-20 09:46:49,1912.25,1403448
2021-04-20 09:46:51,1912.45,1403636
2021-04-20 09:46:51,1912.45,1403636
2021-04-20 09:46:53,1912.25,1403736
2021-04-20 09:46:54,1912.45,1403933
2021-04-20 09:46:56,1912.25,1403943
2021-04-20 09:46:57,1912.25,1404143
2021-04-20 09:46:58,1912.45,1404181
2021-04-20 09:46:59,1912.25,1404191
2021-04-20 09:47:00,1912.25,1404215
2021-04-20 09:47:01,1912.25,1404258
2021-04-20 09:47:02,1912.35,1404499
2021-04-20 09:47:03,1912.25,1404507
2021-04-20 09:47:04,1912.35,1404647
2021-04-20 09:47:05,1912.35,1404647
2021-04-20 09:47:05,1912.35,1404647
2021-04-20 09:47:06,1912.35,1406025
2021-04-20 09:47:07,1912.35,1406177
2021-04-20 09:47:08,1912.25,1406370
2021-04-20 09:47:09,1912.35,1406930
2021-04-20 09:47:11,1912.35,1407885
2021-04-20 09:47:12,1912.35,1407885
2021-04-20 09:47:12,1912.25,1407890
2021-04-20 09:47:13,1912.25,1408235
2021-04-20 09:47:14,1912.35,1410308
2021-04-20 09:47:16,1912.3,1410511
2021-04-20 09:47:17,1912.35,1411329
2021-04-20 09:47:18,1912.35,1411642
2021-04-20 09:47:19,1912.35,1412570
2021-04-20 09:47:20,1912.5,1412870
2021-04-20 09:47:20,1912.5,1412970
2021-04-20 09:47:21,1912.4,1413194
2021-04-20 09:47:22,1912.45,1413722
2021-04-20 09:47:23,1912.4,1413890
2021-04-20 09:47:24,1912.4,1413945
2021-04-20 09:47:26,1912.45,1414505
2021-04-20 09:47:27,1912.4,1414508
2021-04-20 09:47:28,1912.45,1414513
2021-04-20 09:47:28,1912.45,1414613
2021-04-20 09:47:29,1912.45,1414709
2021-04-20 09:47:31,1912.45,1414818
2021-04-20 09:47:32,1912.4,1414822
2021-04-20 09:47:33,1912.4,1415010
2021-04-20 09:47:34,1912.45,1415163
2021-04-20 09:47:34,1912.5,1415263
2021-04-20 09:47:35,1912.5,1415284
2021-04-20 09:47:36,1912.4,1415344
2021-04-20 09:47:38,1912.4,1415459
2021-04-20 09:47:39,1912.45,1415512
2021-04-20 09:47:39,1912.5,1415505
2021-04-20 09:47:40,1912.4,1415537
2021-04-20 09:47:41,1912.5,1415561
2021-04-20 09:47:42,1912.5,1415743
2021-04-20 09:47:44,1912.55,1415763
2021-04-20 09:47:45,1912.55,1415763
2021-04-20 09:47:45,1912.7,1417158
2021-04-20 09:47:46,1912.7,1417173
2021-04-20 09:47:47,1912.5,1417177
2021-04-20 09:47:49,1912.5,1417177
2021-04-20 09:47:50,1912.7,1417210
2021-04-20 09:47:51,1912.7,1417325
2021-04-20 09:47:52,1912.7,1417335
2021-04-20 09:47:53,1912.7,1417456
2021-04-20 09:47:54,1912.7,1417456
2021-04-20 09:47:55,1912.55,1417674
2021-04-20 09:47:56,1912.55,1417913
2021-04-20 09:47:57,1912.6,1417918
2021-04-20 09:47:57,1912.6,1417918
2021-04-20 09:47:58,1912.6,1417978
2021-04-20 09:47:59,1912.7,1418683
2021-04-20 09:48:00,1912.7,1419263
2021-04-20 09:48:02,1912.7,1419301
2021-04-20 09:48:03,1912.7,1419303
2021-04-20 09:48:04,1912.7,1419357
2021-04-20 09:48:04,1912.7,1419357
2021-04-20 09:48:05,1912.7,1419508
2021-04-20 09:48:06,1912.7,1419520
2021-04-20 09:48:08,1912.55,1419536
2021-04-20 09:48:09,1912.6,1422479
2021-04-20 09:48:10,1912.6,1422481
2021-04-20 09:48:10,1912.6,1423101
2021-04-20 09:48:11,1912.6,1423101
2021-04-20 09:48:12,1912.6,1423101
2021-04-20 09:48:13,1912.6,1423116
2021-04-20 09:48:15,1912.6,1423117
2021-04-20 09:48:16,1912.45,1423275
2021-04-20 09:48:17,1912.45,1423275
2021-04-20 09:48:18,1912.45,1423275
2021-04-20 09:48:19,1912.45,1423275
2021-04-20 09:48:19,1912.45,1423275
2021-04-20 09:48:20,1912.6,1423276
2021-04-20 09:48:21,1912.6,1423282
2021-04-20 09:48:23,1912.6,1423332
2021-04-20 09:48:24,1912.6,1423355
2021-04-20 09:48:24,1912.6,1423355
2021-04-20 09:48:25,1912.6,1423355
2021-04-20 09:48:26,1912.55,1423365
2021-04-20 09:48:27,1912.6,1423366
2021-04-20 09:48:29,1912.55,1423369
2021-04-20 09:48:30,1912.6,1423412
2021-04-20 09:48:31,1912.6,1423414
2021-04-20 09:48:31,1912.6,1423414
2021-04-20 09:48:32,1912.6,1423421
2021-04-20 09:48:33,1912.6,1423481
2021-04-20 09:48:34,1912.6,1423490
2021-04-20 09:48:36,1912.55,1423795
2021-04-20 09:48:37,1912.6,1423810
2021-04-20 09:48:37,1912.6,1423810
2021-04-20 09:48:38,1912.6,1424310
2021-04-20 09:48:39,1912.6,1425914
2021-04-20 09:48:41,1912.75,1428829
2021-04-20 09:48:42,1913.0,1429199
2021-04-20 09:48:42,1913.0,1429199
2021-04-20 09:48:43,1912.85,1429299
2021-04-20 09:48:44,1912.85,1429310
2021-04-20 09:48:45,1912.9,1429588
2021-04-20 09:48:46,1912.9,1429898
2021-04-20 09:48:47,1913.0,1430213
2021-04-20 09:48:49,1913.0,1430263
2021-04-20 09:48:50,1912.95,1430363
2021-04-20 09:48:50,1913.0,1430414
2021-04-20 09:48:51,1912.9,1430899
2021-04-20 09:48:52,1913.0,1430900
2021-04-20 09:48:53,1912.95,1432557
2021-04-20 09:48:55,1912.9,1434250
2021-04-20 09:48:56,1912.5,1434559
2021-04-20 09:48:56,1912.5,1434559
2021-04-20 09:48:57,1912.4,1434715
2021-04-20 09:48:58,1911.85,1436527
2021-04-20 09:49:00,1911.95,1436544
2021-04-20 09:49:01,1911.95,1437132
2021-04-20 09:49:02,1911.95,1437139
2021-04-20 09:49:03,1911.95,1437245
2021-04-20 09:49:04,1911.95,1437265
2021-04-20 09:49:05,1911.95,1437725
2021-04-20 09:49:06,1911.95,1437729
2021-04-20 09:49:06,1911.95,1437729
2021-04-20 09:49:07,1911.65,1437744
2021-04-20 09:49:09,1911.9,1437773
2021-04-20 09:49:10,1911.9,1437909
2021-04-20 09:49:11,1911.9,1437910
2021-04-20 09:49:12,1911.7,1437940
2021-04-20 09:49:13,1911.85,1437955
2021-04-20 09:49:14,1911.85,1437955
2021-04-20 09:49:14,1911.85,1437955
2021-04-20 09:49:15,1911.85,1438006
2021-04-20 09:49:16,1911.85,1438081
2021-04-20 09:49:18,1911.85,1438181
2021-04-20 09:49:19,1911.85,1438236
2021-04-20 09:49:20,1911.85,1438236
2021-04-20 09:49:21,1911.85,1438246
2021-04-20 09:49:21,1911.8,1438296
2021-04-20 09:49:22,1911.85,1438503
2021-04-20 09:49:23,1911.85,1438503
2021-04-20 09:49:25,1911.85,1438530
2021-04-20 09:49:26,1911.85,1438875
2021-04-20 09:49:27,1911.85,1438897
2021-04-20 09:49:27,1911.85,1438921
2021-04-20 09:49:28,1911.85,1439065
2021-04-20 09:49:29,1911.85,1439202
2021-04-20 09:49:31,1911.8,1439210
2021-04-20 09:49:32,1911.85,1439293
2021-04-20 09:49:33,1911.8,1439424
2021-04-20 09:49:33,1911.85,1439421
2021-04-20 09:49:34,1911.85,1439474
2021-04-20 09:49:36,1911.85,1439574
2021-04-20 09:49:37,1911.85,1439595
2021-04-20 09:49:37,1911.8,1439647
2021-04-20 09:49:39,1911.85,1439648
2021-04-20 09:49:40,1911.8,1439660
2021-04-20 09:49:41,1911.85,1439715
2021-04-20 09:49:42,1911.8,1439768
2021-04-20 09:49:42,1911.8,1439970
2021-04-20 09:49:43,1911.85,1441112
2021-04-20 09:49:45,1911.8,1441968
2021-04-20 09:49:46,1911.8,1442002
2021-04-20 09:49:47,1911.7,1442392
2021-04-20 09:49:48,1911.7,1442392
2021-04-20 09:49:48,1911.7,1442392
2021-04-20 09:49:49,1911.8,1442393
2021-04-20 09:49:51,1911.8,1442403
2021-04-20 09:49:52,1911.8,1442512
2021-04-20 09:49:53,1911.8,1442513
2021-04-20 09:49:53,1911.8,1442513
2021-04-20 09:49:54,1911.8,1442529
2021-04-20 09:49:56,1911.7,1442569
2021-04-20 09:49:57,1911.7,1442763
2021-04-20 09:49:58,1911.8,1442769
2021-04-20 09:49:58,1911.7,1443766
2021-04-20 09:49:59,1911.7,1443845
2021-04-20 09:50:00,1911.7,1444060
2021-04-20 09:50:01,1911.75,1444063
2021-04-20 09:50:03,1911.75,1444065
2021-04-20 09:50:04,1911.75,1444115
2021-04-20 09:50:05,1911.7,1444775
2021-04-20 09:50:06,1911.7,1444794
2021-04-20 09:50:07,1911.1,1445850
2021-04-20 09:50:08,1911.55,1446702
2021-04-20 09:50:08,1911.55,1446702
2021-04-20 09:50:09,1911.55,1446737
2021-04-20 09:50:10,1911.1,1446776
2021-04-20 09:50:11,1911.1,1446888
2021-04-20 09:50:13,1911.3,1447122
2021-04-20 09:50:14,1911.1,1447411
2021-04-20 09:50:15,1911.3,1447516
2021-04-20 09:50:15,1911.3,1447516
2021-04-20 09:50:16,1911.1,1447680
2021-04-20 09:50:17,1911.1,1447685
2021-04-20 09:50:20,1911.1,1447885
2021-04-20 09:50:21,1911.3,1447895
2021-04-20 09:50:22,1911.3,1447895
2021-04-20 09:50:22,1911.1,1447900
2021-04-20 09:50:23,1911.3,1447908
2021-04-20 09:50:24,1911.3,1447980
2021-04-20 09:50:26,1911.3,1448195
2021-04-20 09:50:27,1911.1,1448220
2021-04-20 09:50:28,1911.1,1448220
2021-04-20 09:50:29,1911.1,1448254
2021-04-20 09:50:30,1911.1,1448275
2021-04-20 09:50:31,1911.2,1448875
2021-04-20 09:50:31,1911.2,1448869
2021-04-20 09:50:32,1911.2,1448919
2021-04-20 09:50:33,1911.2,1449513
2021-04-20 09:50:35,1911.2,1449683
2021-04-20 09:50:36,1911.2,1449828
2021-04-20 09:50:37,1911.1,1449926
2021-04-20 09:50:37,1911.1,1449926
2021-04-20 09:50:38,1911.2,1449927
2021-04-20 09:50:39,1911.2,1450027
2021-04-20 09:50:40,1911.2,1450027
2021-04-20 09:50:41,1911.2,1450056
2021-04-20 09:50:43,1911.1,1450089
2021-04-20 09:50:44,1911.1,1450118
2021-04-20 09:50:45,1911.2,1450170
2021-04-20 09:50:45,1911.2,1450160
2021-04-20 09:50:46,1911.1,1451090
2021-04-20 09:50:47,1911.1,1452323
2021-04-20 09:50:48,1911.1,1452323
2021-04-20 09:50:50,1911.1,1452395
2021-04-20 09:50:52,1911.0,1453311
2021-04-20 09:50:52,1911.0,1453311
2021-04-20 09:50:53,1910.65,1453516
2021-04-20 09:50:54,1910.7,1453668
2021-04-20 09:50:56,1911.0,1453999
2021-04-20 09:50:57,1911.0,1454055
2021-04-20 09:50:58,1911.0,1454167
2021-04-20 09:50:59,1911.0,1454922
2021-04-20 09:50:59,1911.0,1454922
2021-04-20 09:51:00,1910.6,1455033
2021-04-20 09:51:02,1911.0,1455326
2021-04-20 09:51:02,1911.0,1455306
2021-04-20 09:51:04,1911.0,1456908
2021-04-20 09:51:04,1911.0,1456938
2021-04-20 09:51:05,1911.0,1459893
2021-04-20 09:51:06,1910.9,1460283
2021-04-20 09:51:07,1911.3,1463982
2021-04-20 09:51:09,1911.05,1465533
2021-04-20 09:51:10,1911.3,1465543
2021-04-20 09:51:11,1911.1,1466057
2021-04-20 09:51:12,1911.3,1466195
2021-04-20 09:51:13,1911.1,1466399
2021-04-20 09:51:14,1911.05,1466750
2021-04-20 09:51:14,1911.05,1466750
2021-04-20 09:51:16,1911.3,1466930
2021-04-20 09:51:17,1911.1,1466964
2021-04-20 09:51:18,1911.1,1466985
2021-04-20 09:51:19,1911.1,1467038
2021-04-20 09:51:20,1911.3,1467538
2021-04-20 09:51:21,1911.3,1467538
2021-04-20 09:51:22,1911.1,1467584
2021-04-20 09:51:23,1911.3,1467585
2021-04-20 09:51:25,1911.1,1467635
2021-04-20 09:51:26,1911.15,1467769
2021-04-20 09:51:27,1911.15,1467779
2021-04-20 09:51:28,1911.3,1467781
2021-04-20 09:51:28,1911.3,1467781
2021-04-20 09:51:30,1911.2,1467811
2021-04-20 09:51:31,1911.2,1467832
2021-04-20 09:51:32,1911.2,1467851
2021-04-20 09:51:33,1911.15,1467886
2021-04-20 09:51:34,1911.15,1469912
2021-04-20 09:51:35,1911.15,1470402
2021-04-20 09:51:35,1911.15,1470402
2021-04-20 09:51:36,1911.2,1470452
2021-04-20 09:51:38,1911.2,1471523
2021-04-20 09:51:39,1911.2,1471529
2021-04-20 09:51:40,1911.2,1471584
2021-04-20 09:51:41,1911.2,1471584
2021-04-20 09:51:42,1911.2,1471584
2021-04-20 09:51:43,1911.2,1471597
2021-04-20 09:51:44,1911.2,1471616
2021-04-20 09:51:45,1911.2,1472127
2021-04-20 09:51:46,1911.2,1472144
2021-04-20 09:51:47,1911.2,1472531
2021-04-20 09:51:48,1911.05,1472534
2021-04-20 09:51:49,1911.2,1472540
2021-04-20 09:51:50,1911.05,1472566
2021-04-20 09:51:51,1911.15,1472590
2021-04-20 09:51:52,1911.05,1472717
2021-04-20 09:51:53,1911.05,1472737
2021-04-20 09:51:54,1911.15,1472824
2021-04-20 09:51:55,1911.15,1472824
2021-04-20 09:51:56,1911.15,1472826
2021-04-20 09:51:57,1911.15,1472843
2021-04-20 09:51:58,1911.15,1472843
2021-04-20 09:51:59,1911.15,1472929
2021-04-20 09:52:00,1911.15,1472947
2021-04-20 09:52:01,1911.15,1473248
2021-04-20 09:52:02,1911.1,1473263
2021-04-20 09:52:03,1911.1,1473263
2021-04-20 09:52:04,1911.15,1473489
2021-04-20 09:52:05,1911.1,1473508
2021-04-20 09:52:06,1910.7,1476464
2021-04-20 09:52:07,1910.9,1476764
2021-04-20 09:52:08,1910.55,1476958
2021-04-20 09:52:09,1910.55,1476985
2021-04-20 09:52:10,1910.35,1477231
2021-04-20 09:52:11,1910.55,1477356
2021-04-20 09:52:11,1910.55,1477256
2021-04-20 09:52:12,1910.55,1477376
2021-04-20 09:52:13,1910.35,1477491
2021-04-20 09:52:15,1910.35,1477591
2021-04-20 09:52:16,1910.4,1477593
2021-04-20 09:52:17,1910.4,1477791
2021-04-20 09:52:18,1910.55,1477842
2021-04-20 09:52:19,1910.4,1477942
2021-04-20 09:52:20,1910.4,1478001
2021-04-20 09:52:21,1910.4,1479179
2021-04-20 09:52:22,1910.55,1479399
2021-04-20 09:52:22,1910.55,1479409
2021-04-20 09:52:23,1910.55,1479786
2021-04-20 09:52:24,1910.55,1479828
2021-04-20 09:52:25,1910.55,1479911
2021-04-20 09:52:26,1910.55,1480129
2021-04-20 09:52:28,1910.55,1480159
2021-04-20 09:52:29,1910.55,1480195
2021-04-20 09:52:30,1910.6,1481131
2021-04-20 09:52:31,1910.6,1481804
2021-04-20 09:52:32,1910.6,1482027
2021-04-20 09:52:33,1910.55,1482052
2021-04-20 09:52:34,1910.7,1482412
2021-04-20 09:52:35,1910.7,1482466
2021-04-20 09:52:36,1910.7,1482591
2021-04-20 09:52:37,1910.75,1482595
2021-04-20 09:52:38,1910.6,1482596
2021-04-20 09:52:39,1910.7,1482606
2021-04-20 09:52:40,1910.85,1482838
2021-04-20 09:52:41,1910.85,1482858
2021-04-20 09:52:42,1910.85,1482862
2021-04-20 09:52:43,1910.85,1482862
2021-04-20 09:52:44,1910.85,1482862
2021-04-20 09:52:45,1910.7,1482983
2021-04-20 09:52:46,1910.9,1483037
2021-04-20 09:52:46,1910.9,1483037
2021-04-20 09:52:47,1910.9,1483050
2021-04-20 09:52:48,1910.9,1483050
2021-04-20 09:52:49,1910.85,1483339
2021-04-20 09:52:51,1910.9,1483386
2021-04-20 09:52:52,1910.9,1483580
2021-04-20 09:52:53,1910.85,1483659
2021-04-20 09:52:54,1910.85,1483659
2021-04-20 09:52:55,1910.9,1485732
2021-04-20 09:52:56,1910.9,1485896
2021-04-20 09:52:57,1910.75,1488383
2021-04-20 09:52:58,1910.9,1488598
2021-04-20 09:52:59,1910.9,1488795
2021-04-20 09:53:00,1910.9,1488803
2021-04-20 09:53:01,1910.9,1488829
2021-04-20 09:53:02,1910.9,1488939
2021-04-20 09:53:03,1910.85,1489009
2021-04-20 09:53:04,1910.85,1489151
2021-04-20 09:53:05,1910.9,1489401
2021-04-20 09:53:06,1911.0,1489999
2021-04-20 09:53:06,1910.85,1489997
2021-04-20 09:53:08,1910.85,1490479
2021-04-20 09:53:08,1910.85,1490479
2021-04-20 09:53:09,1911.2,1492590
2021-04-20 09:53:11,1911.55,1493943
2021-04-20 09:53:12,1911.15,1493950
2021-04-20 09:53:13,1911.35,1494444
2021-04-20 09:53:14,1911.35,1494444
2021-04-20 09:53:15,1912.0,1498386
2021-04-20 09:53:15,1912.2,1498559
2021-04-20 09:53:16,1912.2,1498640
2021-04-20 09:53:17,1912.2,1499146
2021-04-20 09:53:18,1912.2,1499257
2021-04-20 09:53:19,1912.2,1499513
2021-04-20 09:53:20,1912.2,1499539
2021-04-20 09:53:22,1912.2,1499542
2021-04-20 09:53:23,1912.2,1499607
2021-04-20 09:53:24,1912.2,1499632
2021-04-20 09:53:25,1912.2,1501441
2021-04-20 09:53:26,1912.35,1501747
2021-04-20 09:53:27,1912.35,1502273
2021-04-20 09:53:28,1912.2,1502278
2021-04-20 09:53:29,1912.2,1502317
2021-04-20 09:53:30,1912.9,1502772
2021-04-20 09:53:31,1912.6,1503388
2021-04-20 09:53:32,1912.75,1503394
2021-04-20 09:53:33,1912.75,1503394
2021-04-20 09:53:34,1912.75,1503394
2021-04-20 09:53:35,1912.75,1503416
2021-04-20 09:53:36,1912.8,1503888
2021-04-20 09:53:37,1912.9,1503891
2021-04-20 09:53:38,1912.8,1504244
2021-04-20 09:53:39,1913.1,1504256
2021-04-20 09:53:40,1913.1,1504256
2021-04-20 09:53:41,1913.1,1504328
2021-04-20 09:53:42,1912.85,1504442
2021-04-20 09:53:43,1912.85,1504442
2021-04-20 09:53:44,1913.0,1504472
2021-04-20 09:53:45,1913.0,1504704
2021-04-20 09:53:46,1913.5,1505525
2021-04-20 09:53:47,1913.35,1506139
2021-04-20 09:53:48,1913.3,1506449
2021-04-20 09:53:49,1913.45,1506495
2021-04-20 09:53:50,1913.35,1506545
2021-04-20 09:53:51,1913.35,1506545
2021-04-20 09:53:52,1913.45,1506661
2021-04-20 09:53:53,1913.45,1506661
2021-04-20 09:53:54,1913.45,1506661
2021-04-20 09:53:55,1913.5,1506909
2021-04-20 09:53:56,1913.7,1507541
2021-04-20 09:53:57,1913.35,1508396
2021-04-20 09:53:58,1913.75,1508664
2021-04-20 09:53:59,1913.4,1508670
2021-04-20 09:54:00,1913.75,1508686
2021-04-20 09:54:01,1913.75,1508691
2021-04-20 09:54:02,1913.45,1508692
2021-04-20 09:54:03,1913.75,1508773
2021-04-20 09:54:04,1913.75,1508833
2021-04-20 09:54:05,1913.75,1508833
2021-04-20 09:54:06,1913.9,1509944
2021-04-20 09:54:07,1913.75,1510204
2021-04-20 09:54:08,1913.75,1510320
2021-04-20 09:54:09,1914.0,1510620
2021-04-20 09:54:10,1913.75,1510636
2021-04-20 09:54:12,1914.0,1510638
2021-04-20 09:54:13,1913.75,1510830
2021-04-20 09:54:14,1913.9,1511047
2021-04-20 09:54:15,1913.9,1511189
2021-04-20 09:54:16,1913.9,1511205
2021-04-20 09:54:17,1913.9,1511274
2021-04-20 09:54:18,1913.75,1511664
2021-04-20 09:54:19,1913.9,1511675
2021-04-20 09:54:20,1913.75,1512816
2021-04-20 09:54:21,1913.75,1513222
2021-04-20 09:54:22,1913.1,1514175
2021-04-20 09:54:23,1913.1,1514175
2021-04-20 09:54:24,1913.4,1514427
2021-04-20 09:54:25,1913.4,1514432
2021-04-20 09:54:26,1913.4,1514532
2021-04-20 09:54:27,1913.4,1514532
2021-04-20 09:54:28,1913.25,1515190
2021-04-20 09:54:29,1913.4,1515705
2021-04-20 09:54:30,1913.25,1515719
2021-04-20 09:54:31,1913.4,1515729
2021-04-20 09:54:32,1913.4,1515739
2021-04-20 09:54:33,1913.4,1515739
2021-04-20 09:54:34,1913.4,1515742
2021-04-20 09:54:35,1913.25,1516012
2021-04-20 09:54:36,1913.25,1516012
2021-04-20 09:54:37,1913.4,1516016
2021-04-20 09:54:38,1913.4,1516019
2021-04-20 09:54:39,1913.4,1516019
2021-04-20 09:54:40,1913.4,1516188
2021-04-20 09:54:41,1913.4,1516188
2021-04-20 09:54:42,1913.4,1516443
2021-04-20 09:54:43,1913.25,1516449
2021-04-20 09:54:44,1913.4,1516953
2021-04-20 09:54:45,1913.4,1516953
2021-04-20 09:54:46,1913.25,1516980
2021-04-20 09:54:47,1913.35,1516981
2021-04-20 09:54:48,1913.35,1516982
2021-04-20 09:54:49,1913.25,1516992
2021-04-20 09:54:50,1913.35,1516993
2021-04-20 09:54:51,1913.35,1516993
2021-04-20 09:54:52,1913.35,1516993
2021-04-20 09:54:53,1913.35,1517173
2021-04-20 09:54:54,1913.25,1517678
2021-04-20 09:54:55,1913.35,1517834
2021-04-20 09:54:56,1913.25,1518154
2021-04-20 09:54:57,1913.25,1518978
2021-04-20 09:54:58,1913.2,1519023
2021-04-20 09:54:59,1913.25,1519331
2021-04-20 09:55:00,1913.2,1519469
2021-04-20 09:55:01,1913.15,1519917
2021-04-20 09:55:02,1913.15,1520349
2021-04-20 09:55:03,1913.15,1520419
2021-04-20 09:55:04,1913.25,1520722
2021-04-20 09:55:05,1913.15,1521024
2021-04-20 09:55:06,1913.15,1521049
2021-04-20 09:55:07,1913.25,1521169
2021-04-20 09:55:08,1913.15,1521263
2021-04-20 09:55:09,1913.25,1521264
2021-04-20 09:55:11,1913.25,1521947
2021-04-20 09:55:10,1913.25,1521635
2021-04-20 09:55:12,1913.15,1522442
2021-04-20 09:55:13,1913.25,1522541
2021-04-20 09:55:14,1913.15,1523151
2021-04-20 09:55:15,1913.25,1523266
2021-04-20 09:55:16,1913.25,1523606
2021-04-20 09:55:17,1913.25,1524361
2021-04-20 09:55:18,1913.6,1527303
2021-04-20 09:55:19,1913.6,1527402
2021-04-20 09:55:20,1913.95,1527502
2021-04-20 09:55:21,1913.95,1527502
2021-04-20 09:55:22,1913.95,1527502
2021-04-20 09:55:23,1913.6,1527807
2021-04-20 09:55:24,1913.9,1527840
2021-04-20 09:55:25,1913.55,1528487
2021-04-20 09:55:26,1913.6,1528602
2021-04-20 09:55:27,1913.6,1528825
2021-04-20 09:55:28,1913.1,1529883
2021-04-20 09:55:29,1913.1,1529950
2021-04-20 09:55:30,1913.25,1529970
2021-04-20 09:55:31,1912.6,1530823
2021-04-20 09:55:32,1912.85,1530830
2021-04-20 09:55:33,1912.85,1530836
2021-04-20 09:55:34,1913.1,1530912
2021-04-20 09:55:35,1913.1,1530912
2021-04-20 09:55:37,1913.1,1530912
2021-04-20 09:55:37,1913.1,1530917
2021-04-20 09:55:38,1913.1,1530937
2021-04-20 09:55:39,1913.1,1530981
2021-04-20 09:55:40,1913.1,1531020
2021-04-20 09:55:41,1913.0,1531243
2021-04-20 09:55:43,1913.0,1531410
2021-04-20 09:55:43,1913.0,1531420
2021-04-20 09:55:44,1913.0,1531420
2021-04-20 09:55:45,1913.0,1531829
2021-04-20 09:55:46,1913.0,1532504
2021-04-20 09:55:47,1913.0,1532504
2021-04-20 09:55:48,1913.0,1532504
2021-04-20 09:55:49,1913.0,1532687
2021-04-20 09:55:50,1913.0,1532933
2021-04-20 09:55:51,1913.1,1532945
2021-04-20 09:55:52,1913.1,1533020
2021-04-20 09:55:53,1913.1,1533211
2021-04-20 09:55:54,1913.1,1533211
2021-04-20 09:55:55,1913.0,1533242
2021-04-20 09:55:56,1913.0,1533253
2021-04-20 09:55:57,1913.1,1533255
2021-04-20 09:55:58,1913.0,1533259
2021-04-20 09:55:59,1913.1,1533309
2021-04-20 09:56:00,1913.1,1533309
2021-04-20 09:56:01,1913.1,1533309
2021-04-20 09:56:02,1913.0,1533611
2021-04-20 09:56:03,1913.1,1534104
2021-04-20 09:56:04,1913.1,1535926
2021-04-20 09:56:05,1913.1,1536648
2021-04-20 09:56:06,1913.0,1536654
2021-04-20 09:56:07,1913.0,1537054
2021-04-20 09:56:08,1913.0,1537190
2021-04-20 09:56:09,1913.1,1537383
2021-04-20 09:56:10,1913.0,1537559
2021-04-20 09:56:11,1913.0,1537595
2021-04-20 09:56:12,1913.0,1537603
2021-04-20 09:56:13,1913.0,1537704
2021-04-20 09:56:14,1913.1,1537716
2021-04-20 09:56:15,1913.0,1537801
2021-04-20 09:56:16,1913.1,1537805
2021-04-20 09:56:17,1913.1,1537805
2021-04-20 09:56:18,1913.1,1537805
2021-04-20 09:56:19,1912.6,1538087
2021-04-20 09:56:20,1912.6,1538087
2021-04-20 09:56:21,1912.95,1538088
2021-04-20 09:56:22,1912.6,1538098
2021-04-20 09:56:23,1912.9,1538109
2021-04-20 09:56:24,1912.9,1538127
2021-04-20 09:56:25,1912.6,1539029
2021-04-20 09:56:27,1912.6,1539033
2021-04-20 09:56:27,1912.6,1539033
2021-04-20 09:56:28,1912.2,1539424
2021-04-20 09:56:29,1912.6,1539536
2021-04-20 09:56:30,1912.5,1540325
2021-04-20 09:56:31,1912.5,1540325
2021-04-20 09:56:32,1912.0,1540330
2021-04-20 09:56:33,1912.0,1540330
2021-04-20 09:56:34,1912.0,1540439
2021-04-20 09:56:35,1912.05,1541076
2021-04-20 09:56:36,1912.05,1541076
2021-04-20 09:56:37,1912.05,1541084
2021-04-20 09:56:38,1912.35,1541110
2021-04-20 09:56:39,1912.35,1541110
2021-04-20 09:56:40,1912.35,1541112
2021-04-20 09:56:41,1912.05,1543615
2021-04-20 09:56:42,1912.35,1543625
2021-04-20 09:56:43,1912.05,1543695
2021-04-20 09:56:45,1912.35,1543736
2021-04-20 09:56:45,1912.35,1543731
2021-04-20 09:56:46,1912.0,1544155
2021-04-20 09:56:47,1912.0,1545127
2021-04-20 09:56:48,1911.9,1545139
2021-04-20 09:56:49,1911.9,1545188
2021-04-20 09:56:50,1911.4,1545415
2021-04-20 09:56:51,1911.75,1545417
2021-04-20 09:56:52,1911.75,1545433
2021-04-20 09:56:54,1911.75,1545546
2021-04-20 09:56:54,1911.75,1545546
2021-04-20 09:56:55,1911.75,1545651
2021-04-20 09:56:56,1911.4,1545671
2021-04-20 09:56:57,1911.75,1545675
2021-04-20 09:56:58,1911.75,1545890
2021-04-20 09:56:59,1911.75,1545958
2021-04-20 09:57:00,1911.75,1545966
2021-04-20 09:57:02,1911.45,1545987
2021-04-20 09:57:02,1911.75,1545989
2021-04-20 09:57:03,1911.4,1546341
2021-04-20 09:57:04,1911.75,1546361
2021-04-20 09:57:05,1911.75,1546636
2021-04-20 09:57:06,1911.75,1546639
2021-04-20 09:57:07,1911.75,1546958
2021-04-20 09:57:09,1911.75,1546992
2021-04-20 09:57:09,1911.75,1546992
2021-04-20 09:57:10,1911.75,1547255
2021-04-20 09:57:11,1911.75,1547266
2021-04-20 09:57:12,1911.75,1547374
2021-04-20 09:57:13,1911.75,1547375
2021-04-20 09:57:15,1911.75,1547375
2021-04-20 09:57:15,1911.5,1547385
2021-04-20 09:57:16,1911.75,1547440
2021-04-20 09:57:17,1911.75,1547466
2021-04-20 09:57:18,1911.75,1547804
2021-04-20 09:57:19,1911.75,1547868
2021-04-20 09:57:20,1911.5,1547893
2021-04-20 09:57:22,1911.7,1547901
2021-04-20 09:57:22,1911.7,1548001
2021-04-20 09:57:23,1911.7,1548011
2021-04-20 09:57:24,1911.7,1548014
2021-04-20 09:57:25,1911.7,1548024
2021-04-20 09:57:26,1911.7,1548034
2021-04-20 09:57:27,1911.7,1548110
2021-04-20 09:57:28,1911.7,1548110
2021-04-20 09:57:30,1911.5,1548289
2021-04-20 09:57:30,1911.5,1548289
2021-04-20 09:57:31,1911.5,1548289
2021-04-20 09:57:32,1911.7,1548425
2021-04-20 09:57:33,1911.7,1548437
2021-04-20 09:57:34,1911.7,1548437
2021-04-20 09:57:35,1911.7,1548443
2021-04-20 09:57:36,1911.7,1548454
2021-04-20 09:57:37,1911.7,1548476
2021-04-20 09:57:38,1911.7,1548476
2021-04-20 09:57:39,1911.7,1548995
2021-04-20 09:57:41,1911.7,1548995
2021-04-20 09:57:41,1911.7,1548996
2021-04-20 09:57:42,1911.5,1549496
2021-04-20 09:57:43,1911.5,1549506
2021-04-20 09:57:44,1911.5,1549507
2021-04-20 09:57:45,1911.7,1549670
2021-04-20 09:57:46,1911.7,1549677
2021-04-20 09:57:47,1911.7,1549687
2021-04-20 09:57:48,1911.6,1549725
2021-04-20 09:57:49,1911.7,1549786
2021-04-20 09:57:51,1911.6,1550033
2021-04-20 09:57:52,1911.7,1550089
2021-04-20 09:57:53,1911.6,1550159
2021-04-20 09:57:54,1911.6,1551527
2021-04-20 09:57:55,1911.7,1551536
2021-04-20 09:57:56,1911.7,1551536
2021-04-20 09:57:57,1911.6,1551546
2021-04-20 09:57:57,1911.7,1551547
2021-04-20 09:57:58,1911.7,1551548
2021-04-20 09:57:59,1911.7,1551969
2021-04-20 09:58:00,1911.5,1553274
2021-04-20 09:58:02,1911.6,1553362
2021-04-20 09:58:03,1911.7,1553384
2021-04-20 09:58:03,1911.6,1553438
2021-04-20 09:58:04,1911.7,1553469
2021-04-20 09:58:05,1911.65,1553486
2021-04-20 09:58:07,1911.65,1553514
2021-04-20 09:58:08,1911.65,1553629
2021-04-20 09:58:08,1911.65,1553627
2021-04-20 09:58:09,1911.65,1553681
2021-04-20 09:58:10,1911.65,1553720
2021-04-20 09:58:11,1911.7,1554316
2021-04-20 09:58:12,1911.7,1554512
2021-04-20 09:58:14,1911.8,1555234
2021-04-20 09:58:15,1911.65,1555494
2021-04-20 09:58:16,1911.8,1555504
2021-04-20 09:58:16,1911.8,1555499
2021-04-20 09:58:17,1911.7,1555505
2021-04-20 09:58:18,1911.7,1555510
2021-04-20 09:58:19,1911.7,1555728
2021-04-20 09:58:20,1911.8,1555953
2021-04-20 09:58:21,1911.65,1556615
2021-04-20 09:58:22,1911.7,1556646
2021-04-20 09:58:24,1911.8,1557236
2021-04-20 09:58:25,1911.8,1557796
2021-04-20 09:58:26,1911.8,1558153
2021-04-20 09:58:26,1911.8,1558158
2021-04-20 09:58:27,1911.7,1558159
2021-04-20 09:58:28,1911.8,1558529
2021-04-20 09:58:29,1911.85,1558974
2021-04-20 09:58:31,1911.85,1559022
2021-04-20 09:58:32,1911.85,1559028
2021-04-20 09:58:32,1911.85,1559029
2021-04-20 09:58:33,1911.85,1559137
2021-04-20 09:58:34,1912.0,1559864
2021-04-20 09:58:35,1912.0,1559864
2021-04-20 09:58:36,1912.0,1560244
2021-04-20 09:58:38,1912.0,1560296
2021-04-20 09:58:39,1911.85,1560447
2021-04-20 09:58:40,1912.0,1560498
2021-04-20 09:58:41,1912.0,1561516
2021-04-20 09:58:41,1912.0,1561515
2021-04-20 09:58:42,1912.0,1561824
2021-04-20 09:58:43,1912.0,1561834
2021-04-20 09:58:44,1912.0,1561843
2021-04-20 09:58:46,1911.95,1561906
2021-04-20 09:58:47,1912.0,1561909
2021-04-20 09:58:47,1912.0,1561909
2021-04-20 09:58:48,1912.0,1562132
2021-04-20 09:58:49,1912.0,1562239
2021-04-20 09:58:50,1912.0,1562345
2021-04-20 09:58:51,1912.0,1562370
2021-04-20 09:58:53,1912.0,1562715
2021-04-20 09:58:54,1911.95,1562815
2021-04-20 09:58:55,1911.95,1562815
2021-04-20 09:58:55,1911.95,1562815
2021-04-20 09:58:56,1911.95,1562818
2021-04-20 09:58:57,1912.0,1562820
2021-04-20 09:58:58,1912.0,1562821
2021-04-20 09:58:59,1912.0,1563510
2021-04-20 09:59:01,1912.0,1563520
2021-04-20 09:59:02,1912.0,1563526
2021-04-20 09:59:03,1912.0,1563644
2021-04-20 09:59:03,1912.0,1563644
2021-04-20 09:59:04,1911.95,1563732
2021-04-20 09:59:05,1912.0,1565000
2021-04-20 09:59:06,1912.0,1565106
2021-04-20 09:59:07,1911.95,1565154
2021-04-20 09:59:09,1912.0,1565156
2021-04-20 09:59:10,1912.0,1565158
2021-04-20 09:59:10,1912.0,1565193
2021-04-20 09:59:11,1911.95,1565208
2021-04-20 09:59:12,1912.0,1565456
2021-04-20 09:59:13,1912.0,1565507
2021-04-20 09:59:15,1911.65,1568379
2021-04-20 09:59:16,1911.6,1568381
2021-04-20 09:59:17,1911.6,1568383
2021-04-20 09:59:17,1911.6,1568384
2021-04-20 09:59:18,1911.6,1568510
2021-04-20 09:59:19,1911.6,1568522
2021-04-20 09:59:20,1911.4,1571374
2021-04-20 09:59:21,1911.35,1571375
2021-04-20 09:59:23,1911.35,1571390
2021-04-20 09:59:24,1911.35,1571406
2021-04-20 09:59:25,1911.05,1571480
2021-04-20 09:59:25,1911.35,1571483
2021-04-20 09:59:26,1911.05,1571513
2021-04-20 09:59:27,1911.05,1571536
2021-04-20 09:59:28,1911.35,1571706
2021-04-20 09:59:30,1911.35,1571723
2021-04-20 09:59:31,1911.35,1571943
2021-04-20 09:59:31,1911.35,1571943
2021-04-20 09:59:32,1911.05,1572106
2021-04-20 09:59:33,1911.35,1572576
2021-04-20 09:59:34,1911.35,1573348
2021-04-20 09:59:35,1911.35,1573455
2021-04-20 09:59:36,1911.35,1573521
2021-04-20 09:59:37,1911.35,1573579
2021-04-20 09:59:39,1911.35,1573692
2021-04-20 09:59:40,1911.25,1574383
2021-04-20 09:59:40,1911.35,1574503
2021-04-20 09:59:41,1911.35,1574505
2021-04-20 09:59:43,1911.35,1574784
2021-04-20 09:59:44,1911.35,1574805
2021-04-20 09:59:44,1911.35,1574806
2021-04-20 09:59:45,1911.35,1574864
2021-04-20 09:59:46,1911.35,1577709
2021-04-20 09:59:47,1911.35,1577766
2021-04-20 09:59:49,1911.35,1577837
2021-04-20 09:59:50,1911.05,1577888
2021-04-20 09:59:51,1911.05,1577888
2021-04-20 09:59:51,1911.05,1577888
2021-04-20 09:59:52,1911.35,1578011
2021-04-20 09:59:53,1911.35,1578020
2021-04-20 09:59:54,1911.35,1578020
2021-04-20 09:59:55,1911.35,1578132
2021-04-20 09:59:56,1911.05,1578152
2021-04-20 09:59:58,1911.35,1578335
2021-04-20 09:59:59,1911.35,1578341
2021-04-20 10:00:00,1911.1,1578457
2021-04-20 10:00:01,1911.35,1578516
2021-04-20 10:00:01,1911.35,1578516
2021-04-20 10:00:02,1911.35,1578636
2021-04-20 10:00:04,1911.35,1578936
2021-04-20 10:00:05,1911.35,1579149
2021-04-20 10:00:06,1911.35,1579581
2021-04-20 10:00:06,1911.35,1579581
2021-04-20 10:00:07,1911.35,1579610
2021-04-20 10:00:08,1911.55,1579748
2021-04-20 10:00:09,1911.35,1579763
2021-04-20 10:00:11,1911.35,1579816
2021-04-20 10:00:12,1911.35,1579826
2021-04-20 10:00:13,1911.55,1579828
2021-04-20 10:00:14,1911.55,1579885
2021-04-20 10:00:15,1911.55,1579885
2021-04-20 10:00:16,1911.35,1580041
2021-04-20 10:00:16,1911.35,1580041
2021-04-20 10:00:17,1911.35,1580148
2021-04-20 10:00:19,1911.55,1580434
2021-04-20 10:00:20,1911.55,1580442
2021-04-20 10:00:21,1911.55,1580727
2021-04-20 10:00:22,1911.55,1580728
2021-04-20 10:00:23,1911.55,1580731
2021-04-20 10:00:24,1911.55,1580832
2021-04-20 10:00:24,1911.55,1580832
2021-04-20 10:00:25,1911.5,1580835
2021-04-20 10:00:26,1911.35,1580875
2021-04-20 10:00:27,1911.55,1581352
2021-04-20 10:00:28,1911.55,1581375
2021-04-20 10:00:30,1911.55,1581412
2021-04-20 10:00:31,1911.35,1581551
2021-04-20 10:00:32,1911.55,1581753
2021-04-20 10:00:33,1911.55,1581785
2021-04-20 10:00:33,1911.55,1581785
2021-04-20 10:00:34,1911.5,1581839
2021-04-20 10:00:35,1911.55,1581840
2021-04-20 10:00:36,1911.55,1582145
2021-04-20 10:00:38,1911.5,1582558
2021-04-20 10:00:39,1911.55,1582559
2021-04-20 10:00:40,1911.5,1582800
2021-04-20 10:00:41,1911.5,1583094
2021-04-20 10:00:41,1911.5,1583094
2021-04-20 10:00:42,1911.5,1583144
2021-04-20 10:00:43,1911.5,1583199
2021-04-20 10:00:44,1911.55,1583233
2021-04-20 10:00:46,1911.55,1583245
2021-04-20 10:00:47,1911.55,1583366
2021-04-20 10:00:48,1911.55,1583366
2021-04-20 10:00:49,1911.5,1583369
2021-04-20 10:00:50,1911.55,1583447
2021-04-20 10:00:51,1911.5,1583472
2021-04-20 10:00:51,1911.5,1583472
2021-04-20 10:00:52,1911.55,1583507
2021-04-20 10:00:53,1911.55,1583620
2021-04-20 10:00:54,1911.5,1583702
2021-04-20 10:00:56,1911.6,1584510
2021-04-20 10:00:57,1911.5,1584613
2021-04-20 10:00:58,1911.6,1584614
2021-04-20 10:00:59,1911.6,1584635
2021-04-20 10:00:59,1911.6,1584635
2021-04-20 10:01:00,1911.6,1584709
2021-04-20 10:01:01,1911.6,1584780
2021-04-20 10:01:03,1911.6,1584836
2021-04-20 10:01:04,1911.5,1584853
2021-04-20 10:01:05,1911.5,1584854
2021-04-20 10:01:06,1911.5,1584859
2021-04-20 10:01:07,1911.6,1585035
2021-04-20 10:01:08,1911.65,1585070
2021-04-20 10:01:09,1911.65,1585072
2021-04-20 10:01:09,1911.8,1586111
2021-04-20 10:01:10,1911.85,1586647
2021-04-20 10:01:11,1911.7,1586851
2021-04-20 10:01:12,1911.8,1586931
2021-04-20 10:01:14,1911.8,1587705
2021-04-20 10:01:14,1911.7,1587713
2021-04-20 10:01:16,1911.8,1587813
2021-04-20 10:01:17,1911.8,1588008
2021-04-20 10:01:18,1911.7,1588034
2021-04-20 10:01:18,1911.7,1588034
2021-04-20 10:01:19,1911.8,1588039
2021-04-20 10:01:20,1911.75,1588045
2021-04-20 10:01:21,1911.8,1588269
2021-04-20 10:01:22,1911.75,1588271
2021-04-20 10:01:23,1911.75,1588271
2021-04-20 10:01:24,1911.8,1588380
2021-04-20 10:01:26,1911.8,1588412
2021-04-20 10:01:27,1911.8,1588528
2021-04-20 10:01:28,1911.8,1588529
2021-04-20 10:01:29,1911.8,1588546
2021-04-20 10:01:29,1911.8,1588546
2021-04-20 10:01:30,1912.0,1590158
2021-04-20 10:01:31,1912.0,1590158
2021-04-20 10:01:32,1912.0,1590374
2021-04-20 10:01:33,1912.0,1590380
2021-04-20 10:01:34,1912.0,1590453
2021-04-20 10:01:36,1912.0,1590463
2021-04-20 10:01:37,1911.85,1590467
2021-04-20 10:01:38,1912.0,1590468
2021-04-20 10:01:39,1912.0,1590468
2021-04-20 10:01:40,1911.9,1590950
2021-04-20 10:01:41,1911.9,1590950
2021-04-20 10:01:42,1911.9,1590955
2021-04-20 10:01:43,1911.9,1590960
2021-04-20 10:01:43,1911.9,1590955
2021-04-20 10:01:44,1911.9,1591036
2021-04-20 10:01:45,1912.0,1591087
2021-04-20 10:01:47,1911.9,1591097
2021-04-20 10:01:48,1911.9,1591097
2021-04-20 10:01:49,1911.9,1591097
2021-04-20 10:01:50,1912.0,1591826
2021-04-20 10:01:51,1912.0,1591888
2021-04-20 10:01:52,1912.0,1591888
2021-04-20 10:01:53,1912.0,1591906
2021-04-20 10:01:54,1912.0,1591997
2021-04-20 10:01:55,1911.95,1592162
2021-04-20 10:01:55,1911.95,1592162
2021-04-20 10:01:56,1912.0,1592262
2021-04-20 10:01:57,1912.0,1592277
2021-04-20 10:01:59,1912.0,1592279
2021-04-20 10:02:00,1911.95,1592794
2021-04-20 10:02:01,1912.0,1592990
2021-04-20 10:02:02,1911.95,1592991
2021-04-20 10:02:02,1912.0,1594730
2021-04-20 10:02:04,1912.0,1594730
2021-04-20 10:02:05,1911.8,1596008
2021-04-20 10:02:06,1911.85,1596009
2021-04-20 10:02:07,1911.85,1596009
2021-04-20 10:02:08,1911.8,1596088
2021-04-20 10:02:09,1911.85,1596094
2021-04-20 10:02:09,1911.85,1596094
2021-04-20 10:02:10,1911.8,1596096
2021-04-20 10:02:12,1911.85,1596101
2021-04-20 10:02:13,1911.8,1596123
2021-04-20 10:02:14,1911.8,1596510
2021-04-20 10:02:15,1911.8,1596652
2021-04-20 10:02:16,1911.7,1596883
2021-04-20 10:02:17,1911.8,1596884
2021-04-20 10:02:17,1911.8,1596884
2021-04-20 10:02:19,1911.8,1597217
2021-04-20 10:02:20,1911.7,1597262
2021-04-20 10:02:21,1911.8,1598055
2021-04-20 10:02:22,1911.8,1598168
2021-04-20 10:02:23,1911.75,1598191
2021-04-20 10:02:24,1911.75,1598199
2021-04-20 10:02:24,1911.8,1598202
2021-04-20 10:02:26,1911.8,1598288
2021-04-20 10:02:27,1911.75,1598530
2021-04-20 10:02:28,1911.75,1598530
2021-04-20 10:02:29,1911.8,1598548
2021-04-20 10:02:30,1911.8,1598572
2021-04-20 10:02:30,1911.8,1598572
2021-04-20 10:02:32,1911.8,1598572
2021-04-20 10:02:33,1911.75,1599406
2021-04-20 10:02:34,1911.8,1599422
2021-04-20 10:02:35,1911.8,1599422
2021-04-20 10:02:36,1911.8,1599452
2021-04-20 10:02:36,1911.75,1599432
2021-04-20 10:02:37,1911.8,1599454
2021-04-20 10:02:39,1911.75,1599504
2021-04-20 10:02:40,1911.8,1599672
2021-04-20 10:02:41,1911.8,1599693
2021-04-20 10:02:42,1911.8,1600030
2021-04-20 10:02:43,1911.8,1600117
2021-04-20 10:02:44,1911.75,1600152
2021-04-20 10:02:44,1911.8,1600157
2021-04-20 10:02:46,1911.8,1600158
2021-04-20 10:02:47,1911.8,1600249
2021-04-20 10:02:48,1911.8,1600326
2021-04-20 10:02:49,1911.8,1600339
2021-04-20 10:02:49,1911.8,1600349
2021-04-20 10:02:50,1911.8,1600597
2021-04-20 10:02:51,1911.8,1600597
2021-04-20 10:02:53,1911.8,1600667
2021-04-20 10:02:54,1911.85,1601177
2021-04-20 10:02:55,1911.85,1601177
2021-04-20 10:02:56,1911.8,1601233
2021-04-20 10:02:57,1911.85,1601250
2021-04-20 10:02:58,1911.85,1601250
2021-04-20 10:02:58,1911.85,1601255
2021-04-20 10:03:00,1911.8,1601313
2021-04-20 10:03:01,1911.85,1601388
2021-04-20 10:03:02,1911.85,1601444
2021-04-20 10:03:03,1911.85,1601457
2021-04-20 10:03:04,1911.8,1602032
2021-04-20 10:03:04,1911.9,1602042
2021-04-20 10:03:06,1911.9,1602070
2021-04-20 10:03:07,1911.9,1602085
2021-04-20 10:03:08,1911.85,1602205
2021-04-20 10:03:09,1911.9,1602240
2021-04-20 10:03:10,1911.85,1603945
2021-04-20 10:03:11,1911.85,1603947
2021-04-20 10:03:12,1911.85,1604248
2021-04-20 10:03:12,1911.85,1604248
2021-04-20 10:03:14,1911.85,1604295
2021-04-20 10:03:15,1911.85,1604295
2021-04-20 10:03:16,1911.75,1604785
2021-04-20 10:03:17,1911.85,1604854
2021-04-20 10:03:18,1911.6,1605918
2021-04-20 10:03:18,1911.8,1605919
2021-04-20 10:03:20,1911.6,1606132
2021-04-20 10:03:21,1911.85,1606145
2021-04-20 10:03:22,1911.85,1606297
2021-04-20 10:03:23,1911.85,1606353
2021-04-20 10:03:24,1911.6,1606605
2021-04-20 10:03:25,1911.8,1606620
2021-04-20 10:03:26,1911.6,1606820
2021-04-20 10:03:26,1911.6,1606820
2021-04-20 10:03:28,1911.6,1606895
2021-04-20 10:03:29,1911.75,1607190
2021-04-20 10:03:30,1911.6,1607194
2021-04-20 10:03:31,1911.6,1607224
2021-04-20 10:03:32,1911.75,1607245
2021-04-20 10:03:32,1911.75,1607245
2021-04-20 10:03:33,1911.75,1607247
2021-04-20 10:03:35,1911.75,1607247
2021-04-20 10:03:36,1911.75,1607484
2021-04-20 10:03:37,1911.75,1607491
2021-04-20 10:03:38,1911.65,1607542
2021-04-20 10:03:39,1911.65,1608393
2021-04-20 10:03:40,1911.5,1608913
2021-04-20 10:03:41,1911.7,1608980
2021-04-20 10:03:42,1911.7,1609368
2021-04-20 10:03:42,1911.7,1609368
2021-04-20 10:03:44,1911.7,1609417
2021-04-20 10:03:45,1911.7,1609418
2021-04-20 10:03:46,1911.7,1609621
2021-04-20 10:03:47,1911.7,1609621
2021-04-20 10:03:47,1911.7,1609621
