timestamp,ltp,volume
2021-05-17 09:15:25,25681.45,0
2021-05-17 09:15:26,25705.05,0
2021-05-17 09:15:28,25709.2,0
2021-05-17 09:15:29,25697.15,0
2021-05-17 09:15:30,25700.5,0
2021-05-17 09:15:31,25711.4,0
2021-05-17 09:15:32,25709.6,0
2021-05-17 09:15:33,25712.7,0
2021-05-17 09:15:34,25717.7,0
2021-05-17 09:15:35,25714.1,0
2021-05-17 09:15:36,25713.6,0
2021-05-17 09:15:37,25724.1,0
2021-05-17 09:15:38,25729.25,0
2021-05-17 09:15:39,25724.05,0
2021-05-17 09:15:40,25734.05,0
2021-05-17 09:15:41,25736.95,0
2021-05-17 09:15:42,25741.05,0
2021-05-17 09:15:43,25744.35,0
2021-05-17 09:15:44,25744.55,0
2021-05-17 09:15:45,25750.0,0
2021-05-17 09:15:46,25747.75,0
2021-05-17 09:15:47,25738.65,0
2021-05-17 09:15:48,25744.8,0
2021-05-17 09:15:49,25737.7,0
2021-05-17 09:15:50,25740.95,0
2021-05-17 09:15:51,25728.4,0
2021-05-17 09:15:52,25726.85,0
2021-05-17 09:15:53,25727.2,0
2021-05-17 09:15:55,25724.05,0
2021-05-17 09:15:56,25725.1,0
2021-05-17 09:15:57,25717.55,0
2021-05-17 09:15:58,25725.3,0
2021-05-17 09:15:59,25720.65,0
2021-05-17 09:16:00,25721.35,0
2021-05-17 09:16:02,25718.55,0
2021-05-17 09:16:03,25725.35,0
2021-05-17 09:16:04,25721.95,0
2021-05-17 09:16:05,25723.35,0
2021-05-17 09:16:06,25725.5,0
2021-05-17 09:16:07,25719.4,0
2021-05-17 09:16:08,25722.5,0
2021-05-17 09:16:09,25719.95,0
2021-05-17 09:16:10,25714.25,0
2021-05-17 09:16:11,25704.3,0
2021-05-17 09:16:13,25704.8,0
2021-05-17 09:16:14,25706.6,0
2021-05-17 09:16:15,25702.25,0
2021-05-17 09:16:16,25702.05,0
2021-05-17 09:16:17,25709.6,0
2021-05-17 09:16:18,25712.6,0
2021-05-17 09:16:19,25712.9,0
2021-05-17 09:16:20,25709.2,0
2021-05-17 09:16:21,25709.0,0
2021-05-17 09:16:22,25709.6,0
2021-05-17 09:16:23,25702.0,0
2021-05-17 09:16:24,25703.85,0
2021-05-17 09:16:25,25703.9,0
2021-05-17 09:16:26,25695.0,0
2021-05-17 09:16:27,25697.1,0
2021-05-17 09:16:28,25696.35,0
2021-05-17 09:16:29,25693.2,0
2021-05-17 09:16:30,25694.2,0
2021-05-17 09:16:31,25689.6,0
2021-05-17 09:16:32,25687.15,0
2021-05-17 09:16:33,25685.05,0
2021-05-17 09:16:35,25689.85,0
2021-05-17 09:16:36,25686.7,0
2021-05-17 09:16:37,25684.0,0
2021-05-17 09:16:38,25675.05,0
2021-05-17 09:16:39,25679.2,0
2021-05-17 09:16:40,25679.3,0
2021-05-17 09:16:41,25676.85,0
2021-05-17 09:16:42,25678.8,0
2021-05-17 09:16:43,25675.5,0
2021-05-17 09:16:44,25674.4,0
2021-05-17 09:16:45,25674.35,0
2021-05-17 09:16:46,25674.05,0
2021-05-17 09:16:47,25675.1,0
2021-05-17 09:16:48,25671.1,0
2021-05-17 09:16:49,25667.95,0
2021-05-17 09:16:50,25675.2,0
2021-05-17 09:16:51,25671.15,0
2021-05-17 09:16:52,25669.4,0
2021-05-17 09:16:53,25664.85,0
2021-05-17 09:16:54,25666.7,0
2021-05-17 09:16:55,25663.05,0
2021-05-17 09:16:56,25662.6,0
2021-05-17 09:16:57,25663.3,0
2021-05-17 09:16:58,25668.3,0
2021-05-17 09:16:59,25663.3,0
2021-05-17 09:17:00,25667.35,0
2021-05-17 09:17:01,25662.3,0
2021-05-17 09:17:02,25666.5,0
2021-05-17 09:17:03,25663.6,0
2021-05-17 09:17:04,25663.3,0
2021-05-17 09:17:05,25663.4,0
2021-05-17 09:17:06,25663.05,0
2021-05-17 09:17:07,25667.45,0
2021-05-17 09:17:08,25665.55,0
2021-05-17 09:17:09,25667.0,0
2021-05-17 09:17:10,25664.2,0
2021-05-17 09:17:11,25665.6,0
2021-05-17 09:17:12,25661.45,0
2021-05-17 09:17:13,25665.05,0
2021-05-17 09:17:14,25671.6,0
2021-05-17 09:17:15,25670.2,0
2021-05-17 09:17:16,25674.25,0
2021-05-17 09:17:17,25673.45,0
2021-05-17 09:17:18,25675.95,0
2021-05-17 09:17:19,25676.0,0
2021-05-17 09:17:20,25674.65,0
2021-05-17 09:17:21,25668.75,0
2021-05-17 09:17:22,25677.0,0
2021-05-17 09:17:23,25675.2,0
2021-05-17 09:17:24,25671.2,0
2021-05-17 09:17:25,25665.65,0
2021-05-17 09:17:26,25669.1,0
2021-05-17 09:17:27,25665.9,0
2021-05-17 09:17:28,25669.95,0
2021-05-17 09:17:29,25671.4,0
2021-05-17 09:17:30,25672.45,0
2021-05-17 09:17:31,25671.85,0
2021-05-17 09:17:33,25670.6,0
2021-05-17 09:17:35,25674.65,0
2021-05-17 09:17:36,25676.4,0
2021-05-17 09:17:37,25676.55,0
2021-05-17 09:17:38,25676.9,0
2021-05-17 09:17:39,25672.7,0
2021-05-17 09:17:40,25673.95,0
2021-05-17 09:17:41,25676.2,0
2021-05-17 09:17:42,25673.55,0
2021-05-17 09:17:43,25673.4,0
2021-05-17 09:17:44,25673.55,0
2021-05-17 09:17:45,25674.15,0
2021-05-17 09:17:46,25677.25,0
2021-05-17 09:17:47,25678.45,0
2021-05-17 09:17:48,25678.25,0
2021-05-17 09:17:49,25679.2,0
2021-05-17 09:17:50,25680.0,0
2021-05-17 09:17:51,25672.45,0
2021-05-17 09:17:52,25680.5,0
2021-05-17 09:17:53,25674.8,0
2021-05-17 09:17:54,25671.1,0
2021-05-17 09:17:55,25674.5,0
2021-05-17 09:17:56,25672.5,0
2021-05-17 09:17:57,25670.8,0
2021-05-17 09:17:58,25672.6,0
2021-05-17 09:17:59,25675.25,0
2021-05-17 09:18:00,25668.95,0
2021-05-17 09:18:01,25669.45,0
2021-05-17 09:18:02,25672.4,0
2021-05-17 09:18:03,25670.65,0
2021-05-17 09:18:04,25670.05,0
2021-05-17 09:18:07,25676.45,0
2021-05-17 09:18:08,25681.65,0
2021-05-17 09:18:09,25684.6,0
2021-05-17 09:18:10,25691.5,0
2021-05-17 09:18:11,25690.25,0
2021-05-17 09:18:12,25693.3,0
2021-05-17 09:18:13,25694.6,0
2021-05-17 09:18:15,25702.05,0
2021-05-17 09:18:16,25708.05,0
2021-05-17 09:18:17,25702.6,0
2021-05-17 09:18:18,25707.1,0
2021-05-17 09:18:20,25702.65,0
2021-05-17 09:18:22,25711.15,0
2021-05-17 09:18:23,25710.25,0
2021-05-17 09:18:24,25709.7,0
2021-05-17 09:18:26,25706.35,0
2021-05-17 09:18:28,25723.0,0
2021-05-17 09:18:30,25723.8,0
2021-05-17 09:18:31,25724.3,0
2021-05-17 09:18:32,25728.9,0
2021-05-17 09:18:34,25722.05,0
2021-05-17 09:18:36,25736.35,0
2021-05-17 09:18:37,25746.0,0
2021-05-17 09:18:38,25742.25,0
2021-05-17 09:18:39,25740.0,0
2021-05-17 09:18:40,25740.4,0
2021-05-17 09:18:41,25740.45,0
2021-05-17 09:18:43,25741.75,0
2021-05-17 09:18:44,25741.0,0
2021-05-17 09:18:45,25739.35,0
2021-05-17 09:18:46,25720.85,0
2021-05-17 09:18:48,25719.15,0
2021-05-17 09:18:49,25718.6,0
2021-05-17 09:18:50,25734.7,0
2021-05-17 09:18:51,25735.65,0
2021-05-17 09:18:52,25733.65,0
2021-05-17 09:18:53,25736.65,0
2021-05-17 09:18:55,25741.95,0
2021-05-17 09:18:56,25737.8,0
2021-05-17 09:18:57,25738.05,0
2021-05-17 09:18:58,25742.0,0
2021-05-17 09:18:59,25741.15,0
2021-05-17 09:19:00,25742.2,0
2021-05-17 09:19:01,25741.85,0
2021-05-17 09:19:02,25746.9,0
2021-05-17 09:19:04,25749.4,0
2021-05-17 09:19:05,25748.3,0
2021-05-17 09:19:07,25751.2,0
2021-05-17 09:19:08,25754.6,0
2021-05-17 09:19:09,25753.15,0
2021-05-17 09:19:10,25754.7,0
2021-05-17 09:19:11,25759.05,0
2021-05-17 09:19:12,25760.25,0
2021-05-17 09:19:13,25762.45,0
2021-05-17 09:19:14,25763.0,0
2021-05-17 09:19:15,25762.9,0
2021-05-17 09:19:16,25770.5,0
2021-05-17 09:19:17,25762.3,0
2021-05-17 09:19:18,25764.35,0
2021-05-17 09:19:19,25764.5,0
2021-05-17 09:19:20,25765.25,0
2021-05-17 09:19:21,25758.05,0
2021-05-17 09:19:22,25751.6,0
2021-05-17 09:19:23,25750.3,0
2021-05-17 09:19:24,25747.4,0
2021-05-17 09:19:25,25749.0,0
2021-05-17 09:19:26,25749.9,0
2021-05-17 09:19:27,25755.1,0
2021-05-17 09:19:28,25754.4,0
2021-05-17 09:19:29,25756.5,0
2021-05-17 09:19:30,25754.65,0
2021-05-17 09:19:31,25757.7,0
2021-05-17 09:19:32,25761.0,0
2021-05-17 09:19:33,25762.9,0
2021-05-17 09:19:34,25764.05,0
2021-05-17 09:19:35,25763.8,0
2021-05-17 09:19:36,25762.55,0
2021-05-17 09:19:37,25762.3,0
2021-05-17 09:19:38,25758.85,0
2021-05-17 09:19:39,25762.5,0
2021-05-17 09:19:40,25760.35,0
2021-05-17 09:19:41,25765.8,0
2021-05-17 09:19:42,25761.8,0
2021-05-17 09:19:43,25762.15,0
2021-05-17 09:19:44,25763.25,0
2021-05-17 09:19:45,25762.6,0
2021-05-17 09:19:46,25761.1,0
2021-05-17 09:19:47,25761.6,0
2021-05-17 09:19:48,25760.8,0
2021-05-17 09:19:49,25763.15,0
2021-05-17 09:19:50,25764.1,0
2021-05-17 09:19:51,25758.5,0
2021-05-17 09:19:52,25758.1,0
2021-05-17 09:19:53,25760.05,0
2021-05-17 09:19:54,25760.95,0
2021-05-17 09:19:57,25758.45,0
2021-05-17 09:19:58,25745.8,0
2021-05-17 09:19:59,25742.9,0
2021-05-17 09:20:00,25741.55,0
2021-05-17 09:20:01,25744.7,0
2021-05-17 09:20:02,25742.3,0
2021-05-17 09:20:03,25737.3,0
2021-05-17 09:20:04,25733.0,0
2021-05-17 09:20:05,25741.8,0
2021-05-17 09:20:06,25732.45,0
2021-05-17 09:20:07,25732.15,0
2021-05-17 09:20:08,25728.75,0
2021-05-17 09:20:09,25729.95,0
2021-05-17 09:20:10,25743.85,0
2021-05-17 09:20:11,25745.9,0
2021-05-17 09:20:14,25742.3,0
2021-05-17 09:20:15,25740.0,0
2021-05-17 09:20:16,25733.85,0
2021-05-17 09:20:17,25733.7,0
2021-05-17 09:20:18,25731.65,0
2021-05-17 09:20:19,25738.25,0
2021-05-17 09:20:20,25734.25,0
2021-05-17 09:20:22,25733.55,0
2021-05-17 09:20:23,25736.35,0
2021-05-17 09:20:24,25731.75,0
2021-05-17 09:20:25,25732.5,0
2021-05-17 09:20:26,25729.45,0
2021-05-17 09:20:27,25724.35,0
2021-05-17 09:20:31,25728.25,0
2021-05-17 09:20:33,25729.75,0
2021-05-17 09:20:35,25726.4,0
2021-05-17 09:20:39,25727.65,0
2021-05-17 09:20:41,25728.0,0
2021-05-17 09:20:43,25731.35,0
2021-05-17 09:20:44,25730.4,0
2021-05-17 09:20:46,25731.4,0
2021-05-17 09:20:47,25728.6,0
2021-05-17 09:20:49,25725.4,0
2021-05-17 09:20:50,25728.1,0
2021-05-17 09:20:51,25725.4,0
2021-05-17 09:20:52,25724.65,0
2021-05-17 09:20:53,25725.95,0
2021-05-17 09:20:54,25727.8,0
2021-05-17 09:20:55,25725.9,0
2021-05-17 09:20:56,25722.15,0
2021-05-17 09:20:57,25727.35,0
2021-05-17 09:20:58,25725.9,0
2021-05-17 09:20:59,25723.6,0
2021-05-17 09:21:00,25722.0,0
2021-05-17 09:21:01,25720.9,0
2021-05-17 09:21:03,25724.6,0
2021-05-17 09:21:04,25720.8,0
2021-05-17 09:21:05,25723.75,0
2021-05-17 09:21:06,25722.55,0
2021-05-17 09:21:07,25718.0,0
2021-05-17 09:21:08,25723.0,0
2021-05-17 09:21:09,25723.65,0
2021-05-17 09:21:10,25728.2,0
2021-05-17 09:21:12,25725.15,0
2021-05-17 09:21:13,25725.7,0
2021-05-17 09:21:14,25726.0,0
2021-05-17 09:21:15,25722.3,0
2021-05-17 09:21:17,25721.4,0
2021-05-17 09:21:18,25724.15,0
2021-05-17 09:21:22,25726.3,0
2021-05-17 09:21:23,25723.65,0
2021-05-17 09:21:24,25722.3,0
2021-05-17 09:21:26,25706.4,0
2021-05-17 09:21:27,25713.3,0
2021-05-17 09:21:28,25711.05,0
2021-05-17 09:21:29,25711.85,0
2021-05-17 09:21:30,25708.45,0
2021-05-17 09:21:31,25703.85,0
2021-05-17 09:21:32,25713.8,0
2021-05-17 09:21:33,25711.9,0
2021-05-17 09:21:34,25711.85,0
2021-05-17 09:21:35,25718.1,0
2021-05-17 09:21:36,25712.15,0
2021-05-17 09:21:37,25713.15,0
2021-05-17 09:21:38,25721.45,0
2021-05-17 09:21:39,25719.25,0
2021-05-17 09:21:40,25717.2,0
2021-05-17 09:21:41,25717.9,0
2021-05-17 09:21:42,25716.4,0
2021-05-17 09:21:43,25717.35,0
2021-05-17 09:21:44,25714.4,0
2021-05-17 09:21:45,25714.3,0
2021-05-17 09:21:46,25706.25,0
2021-05-17 09:21:47,25712.35,0
2021-05-17 09:21:48,25710.15,0
2021-05-17 09:21:49,25711.9,0
2021-05-17 09:21:50,25710.4,0
2021-05-17 09:21:51,25710.65,0
2021-05-17 09:21:52,25713.3,0
2021-05-17 09:21:53,25711.45,0
2021-05-17 09:21:54,25711.55,0
2021-05-17 09:21:55,25709.5,0
2021-05-17 09:21:56,25711.3,0
2021-05-17 09:21:58,25699.65,0
2021-05-17 09:21:59,25700.8,0
2021-05-17 09:22:00,25703.1,0
2021-05-17 09:22:02,25698.35,0
2021-05-17 09:22:03,25699.85,0
2021-05-17 09:22:04,25694.8,0
2021-05-17 09:22:05,25697.25,0
2021-05-17 09:22:06,25695.9,0
2021-05-17 09:22:07,25698.1,0
2021-05-17 09:22:08,25693.2,0
2021-05-17 09:22:10,25684.75,0
2021-05-17 09:22:11,25687.75,0
2021-05-17 09:22:12,25686.4,0
2021-05-17 09:22:14,25687.65,0
2021-05-17 09:22:16,25686.5,0
2021-05-17 09:22:17,25684.2,0
2021-05-17 09:22:19,25682.75,0
2021-05-17 09:22:20,25684.15,0
2021-05-17 09:22:21,25681.75,0
2021-05-17 09:22:22,25679.35,0
2021-05-17 09:22:23,25682.25,0
2021-05-17 09:22:24,25680.85,0
2021-05-17 09:22:27,25695.75,0
2021-05-17 09:22:28,25694.7,0
2021-05-17 09:22:29,25692.05,0
2021-05-17 09:22:30,25698.15,0
2021-05-17 09:22:31,25695.45,0
2021-05-17 09:22:32,25694.35,0
2021-05-17 09:22:33,25693.1,0
2021-05-17 09:22:34,25693.75,0
2021-05-17 09:22:36,25704.85,0
2021-05-17 09:22:37,25704.7,0
2021-05-17 09:22:38,25706.1,0
2021-05-17 09:22:39,25705.8,0
2021-05-17 09:22:40,25706.3,0
2021-05-17 09:22:41,25706.6,0
2021-05-17 09:22:42,25705.1,0
2021-05-17 09:22:43,25704.2,0
2021-05-17 09:22:45,25705.75,0
2021-05-17 09:22:46,25707.05,0
2021-05-17 09:22:48,25704.75,0
2021-05-17 09:22:49,25705.25,0
2021-05-17 09:22:50,25700.95,0
2021-05-17 09:22:52,25698.95,0
2021-05-17 09:22:53,25700.5,0
2021-05-17 09:22:54,25700.5,0
2021-05-17 09:22:55,25700.35,0
2021-05-17 09:22:56,25699.7,0
2021-05-17 09:22:58,25698.45,0
2021-05-17 09:22:59,25694.5,0
2021-05-17 09:23:02,25694.7,0
2021-05-17 09:23:06,25697.55,0
2021-05-17 09:23:09,25696.1,0
2021-05-17 09:23:11,25703.15,0
2021-05-17 09:23:13,25698.65,0
2021-05-17 09:23:14,25699.6,0
2021-05-17 09:23:15,25699.0,0
2021-05-17 09:23:16,25699.15,0
2021-05-17 09:23:17,25698.85,0
2021-05-17 09:23:18,25700.7,0
2021-05-17 09:23:19,25700.75,0
2021-05-17 09:23:20,25700.4,0
2021-05-17 09:23:21,25703.95,0
2021-05-17 09:23:22,25701.35,0
2021-05-17 09:23:23,25702.4,0
2021-05-17 09:23:25,25705.95,0
2021-05-17 09:23:26,25702.9,0
2021-05-17 09:23:27,25702.85,0
2021-05-17 09:23:28,25702.75,0
2021-05-17 09:23:29,25700.5,0
2021-05-17 09:23:30,25701.1,0
2021-05-17 09:23:31,25699.1,0
2021-05-17 09:23:32,25698.3,0
2021-05-17 09:23:33,25694.0,0
2021-05-17 09:23:34,25694.2,0
2021-05-17 09:23:35,25697.7,0
2021-05-17 09:23:36,25695.05,0
2021-05-17 09:23:37,25694.9,0
2021-05-17 09:23:38,25690.25,0
2021-05-17 09:23:39,25692.7,0
2021-05-17 09:23:40,25694.55,0
2021-05-17 09:23:42,25706.3,0
2021-05-17 09:23:43,25704.8,0
2021-05-17 09:23:44,25708.0,0
2021-05-17 09:23:45,25706.5,0
2021-05-17 09:23:47,25708.3,0
2021-05-17 09:23:48,25707.65,0
2021-05-17 09:23:49,25711.0,0
2021-05-17 09:23:51,25709.85,0
2021-05-17 09:23:53,25710.4,0
2021-05-17 09:23:55,25708.95,0
2021-05-17 09:23:56,25707.8,0
2021-05-17 09:23:57,25709.55,0
2021-05-17 09:23:58,25707.15,0
2021-05-17 09:23:59,25708.35,0
2021-05-17 09:24:00,25709.2,0
2021-05-17 09:24:01,25709.05,0
2021-05-17 09:24:02,25710.2,0
2021-05-17 09:24:03,25710.5,0
2021-05-17 09:24:04,25709.35,0
2021-05-17 09:24:05,25710.0,0
2021-05-17 09:24:06,25708.75,0
2021-05-17 09:24:07,25708.75,0
2021-05-17 09:24:08,25710.95,0
2021-05-17 09:24:09,25707.95,0
2021-05-17 09:24:10,25709.65,0
2021-05-17 09:24:11,25707.3,0
2021-05-17 09:24:12,25710.65,0
2021-05-17 09:24:13,25711.4,0
2021-05-17 09:24:14,25711.4,0
2021-05-17 09:24:15,25712.05,0
2021-05-17 09:24:16,25710.15,0
2021-05-17 09:24:17,25713.4,0
2021-05-17 09:24:18,25712.1,0
2021-05-17 09:24:19,25714.15,0
2021-05-17 09:24:20,25713.55,0
2021-05-17 09:24:21,25715.3,0
2021-05-17 09:24:22,25715.05,0
2021-05-17 09:24:23,25716.55,0
2021-05-17 09:24:24,25716.05,0
2021-05-17 09:24:25,25711.95,0
2021-05-17 09:24:26,25713.45,0
2021-05-17 09:24:27,25713.15,0
2021-05-17 09:24:28,25714.45,0
2021-05-17 09:24:29,25713.15,0
2021-05-17 09:24:30,25711.75,0
2021-05-17 09:24:31,25710.7,0
2021-05-17 09:24:32,25714.2,0
2021-05-17 09:24:33,25715.4,0
2021-05-17 09:24:34,25712.95,0
2021-05-17 09:24:35,25704.35,0
2021-05-17 09:24:36,25701.65,0
2021-05-17 09:24:37,25697.2,0
2021-05-17 09:24:38,25699.75,0
2021-05-17 09:24:39,25697.1,0
2021-05-17 09:24:40,25696.15,0
2021-05-17 09:24:41,25693.85,0
2021-05-17 09:24:42,25693.4,0
2021-05-17 09:24:43,25692.6,0
2021-05-17 09:24:44,25695.5,0
2021-05-17 09:24:45,25694.05,0
2021-05-17 09:24:46,25695.6,0
2021-05-17 09:24:47,25697.0,0
2021-05-17 09:24:48,25696.85,0
2021-05-17 09:24:49,25697.45,0
2021-05-17 09:24:50,25695.95,0
2021-05-17 09:24:51,25700.75,0
2021-05-17 09:24:52,25702.3,0
2021-05-17 09:24:53,25704.5,0
2021-05-17 09:24:54,25704.2,0
2021-05-17 09:24:55,25705.5,0
2021-05-17 09:24:56,25712.2,0
2021-05-17 09:24:57,25709.5,0
2021-05-17 09:24:58,25717.2,0
2021-05-17 09:24:59,25715.7,0
2021-05-17 09:25:00,25714.45,0
2021-05-17 09:25:01,25717.3,0
2021-05-17 09:25:02,25713.1,0
2021-05-17 09:25:03,25712.0,0
2021-05-17 09:25:05,25714.35,0
2021-05-17 09:25:06,25713.25,0
2021-05-17 09:25:07,25718.25,0
2021-05-17 09:25:08,25719.85,0
2021-05-17 09:25:09,25719.45,0
2021-05-17 09:25:10,25723.95,0
2021-05-17 09:25:11,25722.25,0
2021-05-17 09:25:12,25717.95,0
2021-05-17 09:25:13,25716.7,0
2021-05-17 09:25:15,25721.1,0
2021-05-17 09:25:17,25719.05,0
2021-05-17 09:25:19,25717.9,0
2021-05-17 09:25:21,25716.4,0
2021-05-17 09:25:22,25718.3,0
2021-05-17 09:25:23,25716.2,0
2021-05-17 09:25:24,25717.3,0
2021-05-17 09:25:25,25721.3,0
2021-05-17 09:25:26,25730.25,0
2021-05-17 09:25:28,25738.3,0
2021-05-17 09:25:29,25739.95,0
2021-05-17 09:25:30,25738.8,0
2021-05-17 09:25:31,25737.2,0
2021-05-17 09:25:32,25736.15,0
2021-05-17 09:25:33,25737.9,0
2021-05-17 09:25:34,25738.65,0
2021-05-17 09:25:35,25741.75,0
2021-05-17 09:25:36,25739.9,0
2021-05-17 09:25:37,25740.25,0
2021-05-17 09:25:38,25737.55,0
2021-05-17 09:25:39,25737.0,0
2021-05-17 09:25:40,25740.3,0
2021-05-17 09:25:41,25740.45,0
2021-05-17 09:25:42,25741.0,0
2021-05-17 09:25:43,25734.05,0
2021-05-17 09:25:44,25742.55,0
2021-05-17 09:25:45,25738.8,0
2021-05-17 09:25:47,25738.2,0
2021-05-17 09:25:48,25739.95,0
2021-05-17 09:25:49,25735.75,0
2021-05-17 09:25:50,25729.85,0
2021-05-17 09:25:52,25729.05,0
2021-05-17 09:25:54,25729.2,0
2021-05-17 09:25:55,25723.8,0
2021-05-17 09:25:56,25723.6,0
2021-05-17 09:25:57,25722.8,0
2021-05-17 09:25:58,25724.55,0
2021-05-17 09:25:59,25723.55,0
2021-05-17 09:26:00,25719.8,0
2021-05-17 09:26:03,25713.85,0
2021-05-17 09:26:04,25708.05,0
2021-05-17 09:26:05,25705.45,0
2021-05-17 09:26:06,25707.1,0
2021-05-17 09:26:07,25706.3,0
2021-05-17 09:26:08,25700.7,0
2021-05-17 09:26:09,25702.6,0
2021-05-17 09:26:10,25702.25,0
2021-05-17 09:26:11,25707.05,0
2021-05-17 09:26:12,25705.3,0
2021-05-17 09:26:13,25705.0,0
2021-05-17 09:26:14,25708.3,0
2021-05-17 09:26:15,25710.45,0
2021-05-17 09:26:17,25711.25,0
2021-05-17 09:26:18,25705.45,0
2021-05-17 09:26:19,25705.35,0
2021-05-17 09:26:20,25704.05,0
2021-05-17 09:26:22,25702.1,0
2021-05-17 09:26:23,25699.8,0
2021-05-17 09:26:24,25701.2,0
2021-05-17 09:26:25,25695.15,0
2021-05-17 09:26:27,25677.05,0
2021-05-17 09:26:28,25676.15,0
2021-05-17 09:26:29,25676.55,0
2021-05-17 09:26:30,25673.25,0
2021-05-17 09:26:31,25679.4,0
2021-05-17 09:26:32,25682.9,0
2021-05-17 09:26:33,25682.85,0
2021-05-17 09:26:34,25682.55,0
2021-05-17 09:26:35,25681.7,0
2021-05-17 09:26:36,25679.5,0
2021-05-17 09:26:37,25676.9,0
2021-05-17 09:26:38,25675.95,0
2021-05-17 09:26:39,25676.5,0
2021-05-17 09:26:40,25671.55,0
2021-05-17 09:26:41,25665.55,0
2021-05-17 09:26:42,25669.1,0
2021-05-17 09:26:43,25671.45,0
2021-05-17 09:26:44,25668.6,0
2021-05-17 09:26:45,25668.6,0
2021-05-17 09:26:46,25665.85,0
2021-05-17 09:26:47,25667.4,0
2021-05-17 09:26:48,25664.7,0
2021-05-17 09:26:50,25664.5,0
2021-05-17 09:26:51,25663.0,0
2021-05-17 09:26:52,25665.0,0
2021-05-17 09:26:53,25663.5,0
2021-05-17 09:26:54,25663.85,0
2021-05-17 09:26:55,25663.7,0
2021-05-17 09:26:56,25657.2,0
2021-05-17 09:26:57,25661.3,0
2021-05-17 09:26:58,25660.7,0
2021-05-17 09:26:59,25656.95,0
2021-05-17 09:27:00,25659.45,0
2021-05-17 09:27:01,25656.15,0
2021-05-17 09:27:02,25657.6,0
2021-05-17 09:27:03,25656.95,0
2021-05-17 09:27:04,25656.95,0
2021-05-17 09:27:05,25656.45,0
2021-05-17 09:27:06,25653.3,0
2021-05-17 09:27:07,25653.45,0
2021-05-17 09:27:08,25661.35,0
2021-05-17 09:27:09,25662.8,0
2021-05-17 09:27:11,25665.6,0
2021-05-17 09:27:12,25665.55,0
2021-05-17 09:27:13,25667.2,0
2021-05-17 09:27:14,25671.8,0
2021-05-17 09:27:15,25667.95,0
2021-05-17 09:27:16,25669.0,0
2021-05-17 09:27:17,25673.05,0
2021-05-17 09:27:18,25666.9,0
2021-05-17 09:27:19,25666.6,0
2021-05-17 09:27:20,25666.8,0
2021-05-17 09:27:21,25665.0,0
2021-05-17 09:27:22,25666.85,0
2021-05-17 09:27:23,25666.15,0
2021-05-17 09:27:24,25664.4,0
2021-05-17 09:27:25,25666.55,0
2021-05-17 09:27:26,25667.8,0
2021-05-17 09:27:27,25664.85,0
2021-05-17 09:27:30,25666.5,0
2021-05-17 09:27:31,25669.55,0
2021-05-17 09:27:32,25672.05,0
2021-05-17 09:27:33,25672.4,0
2021-05-17 09:27:34,25671.15,0
2021-05-17 09:27:35,25672.55,0
2021-05-17 09:27:36,25669.5,0
2021-05-17 09:27:37,25667.5,0
2021-05-17 09:27:38,25666.4,0
2021-05-17 09:27:39,25665.5,0
2021-05-17 09:27:40,25661.45,0
2021-05-17 09:27:41,25667.7,0
2021-05-17 09:27:42,25666.2,0
2021-05-17 09:27:43,25667.3,0
2021-05-17 09:27:44,25666.4,0
2021-05-17 09:27:45,25665.95,0
2021-05-17 09:27:46,25665.35,0
2021-05-17 09:27:47,25663.45,0
2021-05-17 09:27:50,25665.05,0
2021-05-17 09:27:51,25666.05,0
2021-05-17 09:27:52,25660.55,0
2021-05-17 09:27:53,25660.85,0
2021-05-17 09:27:54,25661.05,0
2021-05-17 09:27:55,25664.25,0
2021-05-17 09:27:56,25666.5,0
2021-05-17 09:27:57,25667.85,0
2021-05-17 09:27:58,25670.9,0
2021-05-17 09:27:59,25668.2,0
2021-05-17 09:28:00,25669.45,0
2021-05-17 09:28:01,25668.0,0
2021-05-17 09:28:03,25675.4,0
2021-05-17 09:28:04,25675.65,0
2021-05-17 09:28:06,25686.1,0
2021-05-17 09:28:07,25685.55,0
2021-05-17 09:28:08,25689.5,0
2021-05-17 09:28:09,25690.55,0
2021-05-17 09:28:10,25690.1,0
2021-05-17 09:28:11,25690.95,0
2021-05-17 09:28:12,25688.1,0
2021-05-17 09:28:13,25684.7,0
2021-05-17 09:28:14,25683.2,0
2021-05-17 09:28:15,25686.65,0
2021-05-17 09:28:16,25684.05,0
2021-05-17 09:28:17,25684.6,0
2021-05-17 09:28:18,25681.5,0
2021-05-17 09:28:19,25678.25,0
2021-05-17 09:28:21,25671.25,0
2021-05-17 09:28:23,25661.6,0
2021-05-17 09:28:24,25664.5,0
2021-05-17 09:28:26,25655.75,0
2021-05-17 09:28:27,25649.55,0
2021-05-17 09:28:28,25650.55,0
2021-05-17 09:28:29,25653.2,0
2021-05-17 09:28:30,25653.55,0
2021-05-17 09:28:31,25649.95,0
2021-05-17 09:28:32,25651.25,0
2021-05-17 09:28:33,25653.1,0
2021-05-17 09:28:34,25651.15,0
2021-05-17 09:28:35,25648.75,0
2021-05-17 09:28:36,25645.95,0
2021-05-17 09:28:37,25651.65,0
2021-05-17 09:28:38,25649.1,0
2021-05-17 09:28:39,25647.7,0
2021-05-17 09:28:40,25647.65,0
2021-05-17 09:28:41,25636.0,0
2021-05-17 09:28:42,25631.0,0
2021-05-17 09:28:43,25631.55,0
2021-05-17 09:28:44,25631.5,0
2021-05-17 09:28:45,25633.75,0
2021-05-17 09:28:46,25631.65,0
2021-05-17 09:28:47,25633.25,0
2021-05-17 09:28:48,25631.7,0
2021-05-17 09:28:49,25637.7,0
2021-05-17 09:28:50,25639.9,0
2021-05-17 09:28:51,25640.65,0
2021-05-17 09:28:52,25639.0,0
2021-05-17 09:28:53,25638.7,0
2021-05-17 09:28:55,25641.6,0
2021-05-17 09:28:56,25645.25,0
2021-05-17 09:28:57,25647.6,0
2021-05-17 09:28:58,25647.55,0
2021-05-17 09:28:59,25645.85,0
2021-05-17 09:29:00,25646.4,0
2021-05-17 09:29:01,25644.1,0
2021-05-17 09:29:02,25641.55,0
2021-05-17 09:29:03,25639.85,0
2021-05-17 09:29:04,25642.8,0
2021-05-17 09:29:05,25644.4,0
2021-05-17 09:29:06,25644.85,0
2021-05-17 09:29:08,25649.7,0
2021-05-17 09:29:09,25651.4,0
2021-05-17 09:29:10,25659.05,0
2021-05-17 09:29:11,25662.3,0
2021-05-17 09:29:13,25660.75,0
2021-05-17 09:29:14,25660.7,0
2021-05-17 09:29:15,25658.85,0
2021-05-17 09:29:16,25659.3,0
2021-05-17 09:29:17,25657.5,0
2021-05-17 09:29:18,25657.15,0
2021-05-17 09:29:19,25658.25,0
2021-05-17 09:29:20,25657.0,0
2021-05-17 09:29:21,25654.45,0
2021-05-17 09:29:22,25649.9,0
2021-05-17 09:29:23,25651.9,0
2021-05-17 09:29:24,25652.35,0
2021-05-17 09:29:25,25653.05,0
2021-05-17 09:29:26,25651.4,0
2021-05-17 09:29:27,25650.05,0
2021-05-17 09:29:29,25648.45,0
2021-05-17 09:29:30,25648.1,0
2021-05-17 09:29:31,25647.85,0
2021-05-17 09:29:33,25649.1,0
2021-05-17 09:29:34,25648.5,0
2021-05-17 09:29:37,25636.55,0
2021-05-17 09:29:38,25635.95,0
2021-05-17 09:29:39,25637.85,0
2021-05-17 09:29:40,25636.15,0
2021-05-17 09:29:41,25635.6,0
2021-05-17 09:29:45,25636.0,0
2021-05-17 09:29:46,25635.85,0
2021-05-17 09:29:47,25635.65,0
2021-05-17 09:29:48,25631.3,0
2021-05-17 09:29:49,25631.85,0
2021-05-17 09:29:50,25636.65,0
2021-05-17 09:29:51,25632.85,0
2021-05-17 09:29:53,25631.95,0
2021-05-17 09:29:54,25631.75,0
2021-05-17 09:29:55,25631.0,0
2021-05-17 09:29:56,25631.9,0
2021-05-17 09:29:57,25632.3,0
2021-05-17 09:29:58,25633.6,0
2021-05-17 09:29:59,25633.6,0
2021-05-17 09:30:00,25633.55,0
2021-05-17 09:30:01,25635.6,0
2021-05-17 09:30:03,25629.45,0
2021-05-17 09:30:04,25627.3,0
2021-05-17 09:30:05,25626.2,0
2021-05-17 09:30:06,25630.25,0
2021-05-17 09:30:07,25628.1,0
2021-05-17 09:30:08,25626.7,0
2021-05-17 09:30:09,25627.45,0
2021-05-17 09:30:10,25628.45,0
2021-05-17 09:30:11,25625.9,0
2021-05-17 09:30:12,25622.95,0
2021-05-17 09:30:13,25625.0,0
2021-05-17 09:30:14,25625.85,0
2021-05-17 09:30:15,25626.25,0
2021-05-17 09:30:16,25624.3,0
2021-05-17 09:30:17,25627.05,0
2021-05-17 09:30:18,25621.35,0
2021-05-17 09:30:19,25619.9,0
2021-05-17 09:30:20,25606.45,0
2021-05-17 09:30:21,25606.55,0
2021-05-17 09:30:22,25600.05,0
2021-05-17 09:30:23,25599.6,0
2021-05-17 09:30:25,25604.1,0
2021-05-17 09:30:26,25603.25,0
2021-05-17 09:30:28,25604.0,0
2021-05-17 09:30:29,25597.75,0
2021-05-17 09:30:30,25601.05,0
2021-05-17 09:30:31,25602.25,0
2021-05-17 09:30:32,25599.5,0
2021-05-17 09:30:33,25599.55,0
2021-05-17 09:30:34,25600.05,0
2021-05-17 09:30:35,25599.5,0
2021-05-17 09:30:36,25599.95,0
2021-05-17 09:30:37,25596.0,0
2021-05-17 09:30:39,25592.4,0
2021-05-17 09:30:40,25591.65,0
2021-05-17 09:30:41,25592.15,0
2021-05-17 09:30:42,25591.05,0
2021-05-17 09:30:43,25589.85,0
2021-05-17 09:30:44,25591.05,0
2021-05-17 09:30:45,25603.6,0
2021-05-17 09:30:46,25600.85,0
2021-05-17 09:30:47,25599.7,0
2021-05-17 09:30:48,25602.05,0
2021-05-17 09:30:49,25604.15,0
2021-05-17 09:30:50,25602.0,0
2021-05-17 09:30:51,25604.65,0
2021-05-17 09:30:52,25603.05,0
2021-05-17 09:30:53,25603.35,0
2021-05-17 09:30:54,25600.2,0
2021-05-17 09:30:55,25600.45,0
2021-05-17 09:30:56,25598.9,0
2021-05-17 09:30:57,25600.75,0
2021-05-17 09:30:58,25597.4,0
2021-05-17 09:30:59,25597.15,0
2021-05-17 09:31:00,25595.15,0
2021-05-17 09:31:01,25593.7,0
2021-05-17 09:31:03,25594.55,0
2021-05-17 09:31:04,25594.2,0
2021-05-17 09:31:05,25592.8,0
2021-05-17 09:31:06,25595.15,0
2021-05-17 09:31:07,25596.65,0
2021-05-17 09:31:08,25599.4,0
2021-05-17 09:31:09,25598.85,0
2021-05-17 09:31:10,25591.7,0
2021-05-17 09:31:11,25591.15,0
2021-05-17 09:31:12,25590.85,0
2021-05-17 09:31:13,25588.95,0
2021-05-17 09:31:14,25583.25,0
2021-05-17 09:31:15,25587.4,0
2021-05-17 09:31:16,25586.2,0
2021-05-17 09:31:17,25584.35,0
2021-05-17 09:31:19,25582.55,0
2021-05-17 09:31:20,25581.5,0
2021-05-17 09:31:21,25581.25,0
2021-05-17 09:31:22,25579.45,0
2021-05-17 09:31:23,25567.9,0
2021-05-17 09:31:24,25569.65,0
2021-05-17 09:31:25,25569.05,0
2021-05-17 09:31:26,25565.0,0
2021-05-17 09:31:27,25564.4,0
2021-05-17 09:31:28,25563.45,0
2021-05-17 09:31:30,25563.5,0
2021-05-17 09:31:31,25561.15,0
2021-05-17 09:31:32,25558.9,0
2021-05-17 09:31:33,25558.55,0
2021-05-17 09:31:34,25559.7,0
2021-05-17 09:31:35,25549.65,0
2021-05-17 09:31:36,25546.5,0
2021-05-17 09:31:37,25549.35,0
2021-05-17 09:31:38,25550.95,0
2021-05-17 09:31:39,25549.05,0
2021-05-17 09:31:40,25549.45,0
2021-05-17 09:31:41,25551.95,0
2021-05-17 09:31:42,25552.5,0
2021-05-17 09:31:43,25556.15,0
2021-05-17 09:31:44,25555.6,0
2021-05-17 09:31:45,25554.45,0
2021-05-17 09:31:46,25552.35,0
2021-05-17 09:31:47,25552.95,0
2021-05-17 09:31:48,25553.35,0
2021-05-17 09:31:49,25553.95,0
2021-05-17 09:31:50,25550.7,0
2021-05-17 09:31:51,25554.3,0
2021-05-17 09:31:52,25550.45,0
2021-05-17 09:31:53,25548.75,0
2021-05-17 09:31:54,25547.5,0
2021-05-17 09:31:55,25553.15,0
2021-05-17 09:31:56,25551.9,0
2021-05-17 09:31:57,25556.55,0
2021-05-17 09:31:58,25557.2,0
2021-05-17 09:32:00,25555.6,0
2021-05-17 09:32:01,25550.35,0
2021-05-17 09:32:02,25546.6,0
2021-05-17 09:32:04,25549.9,0
2021-05-17 09:32:05,25565.75,0
2021-05-17 09:32:06,25567.1,0
2021-05-17 09:32:07,25566.1,0
2021-05-17 09:32:08,25567.95,0
2021-05-17 09:32:09,25564.6,0
2021-05-17 09:32:10,25568.1,0
2021-05-17 09:32:11,25561.65,0
2021-05-17 09:32:12,25567.75,0
2021-05-17 09:32:13,25566.7,0
2021-05-17 09:32:14,25564.55,0
2021-05-17 09:32:15,25564.25,0
2021-05-17 09:32:16,25566.8,0
2021-05-17 09:32:17,25568.35,0
2021-05-17 09:32:18,25566.95,0
2021-05-17 09:32:19,25572.7,0
2021-05-17 09:32:20,25567.8,0
2021-05-17 09:32:22,25565.1,0
2021-05-17 09:32:23,25568.5,0
2021-05-17 09:32:24,25565.2,0
2021-05-17 09:32:25,25562.35,0
2021-05-17 09:32:26,25564.4,0
2021-05-17 09:32:27,25562.1,0
2021-05-17 09:32:28,25562.7,0
2021-05-17 09:32:29,25562.35,0
2021-05-17 09:32:30,25563.95,0
2021-05-17 09:32:31,25563.5,0
2021-05-17 09:32:32,25565.65,0
2021-05-17 09:32:33,25566.95,0
2021-05-17 09:32:34,25570.45,0
2021-05-17 09:32:35,25568.1,0
2021-05-17 09:32:36,25570.1,0
2021-05-17 09:32:38,25572.7,0
2021-05-17 09:32:39,25570.85,0
2021-05-17 09:32:40,25570.6,0
2021-05-17 09:32:41,25574.0,0
2021-05-17 09:32:42,25574.45,0
2021-05-17 09:32:44,25576.35,0
2021-05-17 09:32:45,25574.9,0
2021-05-17 09:32:46,25575.7,0
2021-05-17 09:32:48,25572.4,0
2021-05-17 09:32:50,25574.4,0
2021-05-17 09:32:54,25571.8,0
2021-05-17 09:32:55,25568.4,0
2021-05-17 09:32:56,25567.1,0
2021-05-17 09:32:57,25573.3,0
2021-05-17 09:32:58,25573.85,0
2021-05-17 09:32:59,25574.25,0
2021-05-17 09:33:00,25574.95,0
2021-05-17 09:33:01,25569.2,0
2021-05-17 09:33:02,25567.0,0
2021-05-17 09:33:03,25566.9,0
2021-05-17 09:33:04,25563.85,0
2021-05-17 09:33:05,25562.0,0
2021-05-17 09:33:06,25557.45,0
2021-05-17 09:33:07,25558.05,0
2021-05-17 09:33:08,25554.65,0
2021-05-17 09:33:09,25559.2,0
2021-05-17 09:33:10,25556.05,0
2021-05-17 09:33:11,25556.3,0
2021-05-17 09:33:12,25560.2,0
2021-05-17 09:33:13,25557.0,0
2021-05-17 09:33:14,25555.45,0
2021-05-17 09:33:16,25556.0,0
2021-05-17 09:33:17,25557.0,0
2021-05-17 09:33:18,25555.95,0
2021-05-17 09:33:19,25554.2,0
2021-05-17 09:33:20,25553.75,0
2021-05-17 09:33:21,25575.3,0
2021-05-17 09:33:22,25580.85,0
2021-05-17 09:33:23,25583.3,0
2021-05-17 09:33:24,25584.1,0
2021-05-17 09:33:25,25581.55,0
2021-05-17 09:33:26,25581.15,0
2021-05-17 09:33:27,25586.05,0
2021-05-17 09:33:28,25587.55,0
2021-05-17 09:33:29,25587.25,0
2021-05-17 09:33:30,25585.8,0
2021-05-17 09:33:31,25583.2,0
2021-05-17 09:33:32,25584.7,0
2021-05-17 09:33:33,25581.8,0
2021-05-17 09:33:34,25578.75,0
2021-05-17 09:33:36,25577.2,0
2021-05-17 09:33:37,25577.4,0
2021-05-17 09:33:38,25575.85,0
2021-05-17 09:33:39,25579.0,0
2021-05-17 09:33:40,25578.05,0
2021-05-17 09:33:41,25582.4,0
2021-05-17 09:33:43,25583.4,0
2021-05-17 09:33:44,25580.9,0
2021-05-17 09:33:45,25581.75,0
2021-05-17 09:33:46,25583.8,0
2021-05-17 09:33:47,25582.0,0
2021-05-17 09:33:48,25585.8,0
2021-05-17 09:33:49,25581.25,0
2021-05-17 09:33:50,25582.05,0
2021-05-17 09:33:51,25582.4,0
2021-05-17 09:33:52,25583.55,0
2021-05-17 09:33:53,25580.6,0
2021-05-17 09:33:54,25581.8,0
2021-05-17 09:33:55,25580.65,0
2021-05-17 09:33:56,25581.45,0
2021-05-17 09:33:57,25582.45,0
2021-05-17 09:33:58,25581.4,0
2021-05-17 09:33:59,25581.95,0
2021-05-17 09:34:00,25581.6,0
2021-05-17 09:34:01,25580.6,0
2021-05-17 09:34:02,25579.0,0
2021-05-17 09:34:03,25577.2,0
2021-05-17 09:34:04,25577.35,0
2021-05-17 09:34:05,25576.4,0
2021-05-17 09:34:06,25570.4,0
2021-05-17 09:34:07,25569.95,0
2021-05-17 09:34:08,25565.05,0
2021-05-17 09:34:09,25562.8,0
2021-05-17 09:34:10,25562.05,0
2021-05-17 09:34:11,25562.6,0
2021-05-17 09:34:14,25559.25,0
2021-05-17 09:34:16,25560.35,0
2021-05-17 09:34:17,25562.6,0
2021-05-17 09:34:21,25561.15,0
2021-05-17 09:34:22,25563.3,0
2021-05-17 09:34:23,25563.95,0
2021-05-17 09:34:24,25562.45,0
2021-05-17 09:34:25,25562.85,0
2021-05-17 09:34:26,25563.5,0
2021-05-17 09:34:27,25562.05,0
2021-05-17 09:34:28,25561.65,0
2021-05-17 09:34:29,25562.8,0
2021-05-17 09:34:30,25564.35,0
2021-05-17 09:34:31,25565.75,0
2021-05-17 09:34:32,25566.3,0
2021-05-17 09:34:33,25564.05,0
2021-05-17 09:34:34,25563.0,0
2021-05-17 09:34:35,25564.7,0
2021-05-17 09:34:36,25565.45,0
2021-05-17 09:34:37,25562.3,0
2021-05-17 09:34:38,25565.05,0
2021-05-17 09:34:39,25562.1,0
2021-05-17 09:34:40,25560.55,0
2021-05-17 09:34:41,25561.85,0
2021-05-17 09:34:42,25562.85,0
2021-05-17 09:34:43,25563.45,0
2021-05-17 09:34:44,25558.8,0
2021-05-17 09:34:45,25560.85,0
2021-05-17 09:34:46,25558.35,0
2021-05-17 09:34:47,25557.35,0
2021-05-17 09:34:48,25555.65,0
2021-05-17 09:34:49,25555.2,0
2021-05-17 09:34:50,25557.55,0
2021-05-17 09:34:51,25574.7,0
2021-05-17 09:34:52,25573.6,0
2021-05-17 09:34:53,25569.95,0
2021-05-17 09:34:54,25572.65,0
2021-05-17 09:34:55,25576.6,0
2021-05-17 09:34:57,25574.05,0
2021-05-17 09:34:58,25580.25,0
2021-05-17 09:34:59,25579.75,0
2021-05-17 09:35:00,25578.4,0
2021-05-17 09:35:01,25575.8,0
2021-05-17 09:35:03,25575.45,0
2021-05-17 09:35:05,25571.6,0
2021-05-17 09:35:06,25572.1,0
2021-05-17 09:35:08,25572.45,0
2021-05-17 09:35:09,25573.7,0
2021-05-17 09:35:10,25568.05,0
2021-05-17 09:35:11,25564.9,0
2021-05-17 09:35:12,25564.8,0
2021-05-17 09:35:13,25563.9,0
2021-05-17 09:35:14,25566.7,0
2021-05-17 09:35:15,25564.5,0
2021-05-17 09:35:16,25563.85,0
2021-05-17 09:35:17,25562.85,0
2021-05-17 09:35:18,25565.45,0
2021-05-17 09:35:19,25566.7,0
2021-05-17 09:35:20,25565.35,0
2021-05-17 09:35:21,25564.15,0
2021-05-17 09:35:22,25567.35,0
2021-05-17 09:35:23,25564.25,0
2021-05-17 09:35:24,25567.2,0
2021-05-17 09:35:25,25564.5,0
2021-05-17 09:35:26,25569.5,0
2021-05-17 09:35:27,25567.7,0
2021-05-17 09:35:28,25579.15,0
2021-05-17 09:35:29,25584.6,0
2021-05-17 09:35:30,25581.0,0
2021-05-17 09:35:31,25579.4,0
2021-05-17 09:35:32,25584.6,0
2021-05-17 09:35:33,25585.0,0
2021-05-17 09:35:34,25583.95,0
2021-05-17 09:35:35,25585.25,0
2021-05-17 09:35:36,25585.5,0
2021-05-17 09:35:37,25583.55,0
2021-05-17 09:35:38,25586.05,0
2021-05-17 09:35:39,25586.85,0
2021-05-17 09:35:40,25584.6,0
2021-05-17 09:35:41,25586.25,0
2021-05-17 09:35:42,25588.15,0
2021-05-17 09:35:43,25587.15,0
2021-05-17 09:35:44,25588.45,0
2021-05-17 09:35:45,25587.45,0
2021-05-17 09:35:46,25583.85,0
2021-05-17 09:35:47,25586.75,0
2021-05-17 09:35:48,25590.4,0
2021-05-17 09:35:49,25590.9,0
2021-05-17 09:35:50,25590.65,0
2021-05-17 09:35:51,25587.65,0
2021-05-17 09:35:52,25587.55,0
2021-05-17 09:35:53,25586.9,0
2021-05-17 09:35:54,25587.5,0
2021-05-17 09:35:55,25589.9,0
2021-05-17 09:35:56,25592.5,0
2021-05-17 09:35:57,25590.0,0
2021-05-17 09:35:58,25592.75,0
2021-05-17 09:35:59,25592.7,0
2021-05-17 09:36:00,25595.2,0
2021-05-17 09:36:01,25598.3,0
2021-05-17 09:36:02,25593.25,0
2021-05-17 09:36:03,25596.85,0
2021-05-17 09:36:04,25599.15,0
2021-05-17 09:36:05,25597.95,0
2021-05-17 09:36:06,25597.0,0
2021-05-17 09:36:07,25599.05,0
2021-05-17 09:36:08,25599.7,0
2021-05-17 09:36:09,25597.15,0
2021-05-17 09:36:10,25598.45,0
2021-05-17 09:36:11,25607.4,0
2021-05-17 09:36:12,25606.9,0
2021-05-17 09:36:13,25603.2,0
2021-05-17 09:36:14,25601.8,0
2021-05-17 09:36:15,25605.3,0
2021-05-17 09:36:16,25606.8,0
2021-05-17 09:36:17,25606.2,0
2021-05-17 09:36:18,25605.8,0
2021-05-17 09:36:19,25607.75,0
2021-05-17 09:36:20,25607.95,0
2021-05-17 09:36:21,25608.8,0
2021-05-17 09:36:22,25606.7,0
2021-05-17 09:36:23,25609.2,0
2021-05-17 09:36:24,25602.8,0
2021-05-17 09:36:25,25602.35,0
2021-05-17 09:36:27,25601.4,0
2021-05-17 09:36:28,25601.5,0
2021-05-17 09:36:29,25598.65,0
2021-05-17 09:36:30,25598.1,0
2021-05-17 09:36:31,25597.2,0
2021-05-17 09:36:32,25596.5,0
2021-05-17 09:36:33,25595.2,0
2021-05-17 09:36:34,25590.4,0
2021-05-17 09:36:35,25588.6,0
2021-05-17 09:36:36,25587.2,0
2021-05-17 09:36:37,25586.05,0
2021-05-17 09:36:38,25586.75,0
2021-05-17 09:36:39,25584.45,0
2021-05-17 09:36:40,25583.1,0
2021-05-17 09:36:41,25587.15,0
2021-05-17 09:36:42,25588.9,0
2021-05-17 09:36:43,25588.95,0
2021-05-17 09:36:44,25589.1,0
2021-05-17 09:36:45,25589.35,0
2021-05-17 09:36:46,25591.2,0
2021-05-17 09:36:47,25587.8,0
2021-05-17 09:36:49,25589.9,0
2021-05-17 09:36:50,25588.45,0
2021-05-17 09:36:51,25582.75,0
2021-05-17 09:36:52,25588.5,0
2021-05-17 09:36:53,25587.55,0
2021-05-17 09:36:54,25590.4,0
2021-05-17 09:36:55,25588.4,0
2021-05-17 09:36:56,25586.5,0
2021-05-17 09:36:57,25584.3,0
2021-05-17 09:36:58,25585.25,0
2021-05-17 09:36:59,25580.15,0
2021-05-17 09:37:00,25579.8,0
2021-05-17 09:37:01,25575.45,0
2021-05-17 09:37:03,25571.35,0
2021-05-17 09:37:04,25571.35,0
2021-05-17 09:37:05,25570.55,0
2021-05-17 09:37:06,25573.05,0
2021-05-17 09:37:07,25573.25,0
2021-05-17 09:37:08,25570.75,0
2021-05-17 09:37:09,25569.7,0
2021-05-17 09:37:10,25570.45,0
2021-05-17 09:37:12,25563.65,0
2021-05-17 09:37:13,25565.95,0
2021-05-17 09:37:14,25566.55,0
2021-05-17 09:37:15,25569.55,0
2021-05-17 09:37:16,25568.5,0
2021-05-17 09:37:17,25567.55,0
2021-05-17 09:37:18,25567.15,0
2021-05-17 09:37:19,25568.55,0
2021-05-17 09:37:20,25569.5,0
2021-05-17 09:37:22,25565.0,0
2021-05-17 09:37:23,25566.4,0
2021-05-17 09:37:24,25568.15,0
2021-05-17 09:37:25,25562.15,0
2021-05-17 09:37:26,25565.6,0
2021-05-17 09:37:29,25565.75,0
2021-05-17 09:37:30,25568.1,0
2021-05-17 09:37:31,25564.3,0
2021-05-17 09:37:32,25564.0,0
2021-05-17 09:37:33,25563.45,0
2021-05-17 09:37:35,25567.5,0
2021-05-17 09:37:36,25569.3,0
2021-05-17 09:37:37,25566.9,0
2021-05-17 09:37:38,25567.1,0
2021-05-17 09:37:39,25565.9,0
2021-05-17 09:37:40,25565.9,0
2021-05-17 09:37:41,25565.85,0
2021-05-17 09:37:42,25567.85,0
2021-05-17 09:37:43,25568.65,0
2021-05-17 09:37:45,25570.7,0
2021-05-17 09:37:46,25574.25,0
2021-05-17 09:37:47,25570.55,0
2021-05-17 09:37:49,25572.0,0
2021-05-17 09:37:50,25572.2,0
2021-05-17 09:37:51,25570.6,0
2021-05-17 09:37:52,25571.8,0
2021-05-17 09:37:53,25572.45,0
2021-05-17 09:37:54,25573.7,0
2021-05-17 09:37:55,25574.5,0
2021-05-17 09:37:56,25575.2,0
2021-05-17 09:37:57,25571.6,0
2021-05-17 09:37:58,25572.9,0
2021-05-17 09:37:59,25572.75,0
2021-05-17 09:38:00,25575.5,0
2021-05-17 09:38:01,25571.0,0
2021-05-17 09:38:02,25564.55,0
2021-05-17 09:38:03,25565.3,0
2021-05-17 09:38:04,25566.15,0
2021-05-17 09:38:05,25566.95,0
2021-05-17 09:38:06,25565.55,0
2021-05-17 09:38:07,25565.9,0
2021-05-17 09:38:08,25566.5,0
2021-05-17 09:38:09,25566.15,0
2021-05-17 09:38:10,25569.65,0
2021-05-17 09:38:11,25569.45,0
2021-05-17 09:38:12,25568.6,0
2021-05-17 09:38:13,25567.0,0
2021-05-17 09:38:14,25568.0,0
2021-05-17 09:38:16,25565.55,0
2021-05-17 09:38:17,25566.15,0
2021-05-17 09:38:18,25565.45,0
2021-05-17 09:38:19,25561.9,0
2021-05-17 09:38:20,25562.45,0
2021-05-17 09:38:21,25565.95,0
2021-05-17 09:38:22,25562.8,0
2021-05-17 09:38:23,25559.7,0
2021-05-17 09:38:24,25562.0,0
2021-05-17 09:38:25,25561.95,0
2021-05-17 09:38:26,25559.65,0
2021-05-17 09:38:27,25561.7,0
2021-05-17 09:38:28,25559.4,0
2021-05-17 09:38:30,25560.4,0
2021-05-17 09:38:31,25558.25,0
2021-05-17 09:38:32,25558.25,0
2021-05-17 09:38:33,25556.65,0
2021-05-17 09:38:34,25559.65,0
2021-05-17 09:38:35,25562.5,0
2021-05-17 09:38:36,25562.7,0
2021-05-17 09:38:37,25562.45,0
2021-05-17 09:38:38,25558.15,0
2021-05-17 09:38:39,25560.55,0
2021-05-17 09:38:40,25563.5,0
2021-05-17 09:38:41,25569.2,0
2021-05-17 09:38:42,25568.1,0
2021-05-17 09:38:43,25567.2,0
2021-05-17 09:38:44,25570.25,0
2021-05-17 09:38:46,25570.95,0
2021-05-17 09:38:47,25571.9,0
2021-05-17 09:38:48,25569.3,0
2021-05-17 09:38:49,25570.95,0
2021-05-17 09:38:51,25571.45,0
2021-05-17 09:38:52,25573.2,0
2021-05-17 09:38:53,25572.25,0
2021-05-17 09:38:54,25568.45,0
2021-05-17 09:38:55,25572.65,0
2021-05-17 09:38:56,25571.2,0
2021-05-17 09:38:57,25568.95,0
2021-05-17 09:38:58,25566.95,0
2021-05-17 09:38:59,25569.6,0
2021-05-17 09:39:00,25567.7,0
2021-05-17 09:39:01,25566.15,0
2021-05-17 09:39:02,25565.55,0
2021-05-17 09:39:03,25561.95,0
2021-05-17 09:39:04,25563.25,0
2021-05-17 09:39:05,25561.55,0
2021-05-17 09:39:06,25561.2,0
2021-05-17 09:39:07,25561.35,0
2021-05-17 09:39:08,25555.2,0
2021-05-17 09:39:09,25552.75,0
2021-05-17 09:39:10,25552.8,0
2021-05-17 09:39:11,25552.25,0
2021-05-17 09:39:12,25548.3,0
2021-05-17 09:39:13,25540.9,0
2021-05-17 09:39:14,25538.4,0
2021-05-17 09:39:15,25536.15,0
2021-05-17 09:39:16,25530.65,0
2021-05-17 09:39:17,25531.75,0
2021-05-17 09:39:18,25533.5,0
2021-05-17 09:39:20,25532.25,0
2021-05-17 09:39:21,25534.4,0
2021-05-17 09:39:22,25535.7,0
2021-05-17 09:39:23,25542.9,0
2021-05-17 09:39:24,25541.8,0
2021-05-17 09:39:25,25542.45,0
2021-05-17 09:39:27,25541.2,0
2021-05-17 09:39:28,25542.3,0
2021-05-17 09:39:29,25545.15,0
2021-05-17 09:39:30,25545.45,0
2021-05-17 09:39:31,25546.3,0
2021-05-17 09:39:35,25552.35,0
2021-05-17 09:39:36,25546.5,0
2021-05-17 09:39:37,25548.0,0
2021-05-17 09:39:38,25547.4,0
2021-05-17 09:39:39,25546.75,0
2021-05-17 09:39:40,25546.85,0
2021-05-17 09:39:41,25545.15,0
2021-05-17 09:39:42,25548.35,0
2021-05-17 09:39:43,25543.5,0
2021-05-17 09:39:44,25546.85,0
2021-05-17 09:39:46,25551.0,0
2021-05-17 09:39:47,25552.1,0
2021-05-17 09:39:48,25553.05,0
2021-05-17 09:39:49,25553.35,0
2021-05-17 09:39:50,25551.5,0
2021-05-17 09:39:51,25551.65,0
2021-05-17 09:39:52,25554.55,0
2021-05-17 09:39:53,25554.95,0
2021-05-17 09:39:54,25551.4,0
2021-05-17 09:39:55,25556.15,0
2021-05-17 09:39:56,25551.0,0
2021-05-17 09:39:57,25555.05,0
2021-05-17 09:39:58,25554.2,0
2021-05-17 09:39:59,25555.85,0
2021-05-17 09:40:00,25553.05,0
2021-05-17 09:40:01,25556.4,0
2021-05-17 09:40:02,25551.7,0
2021-05-17 09:40:03,25551.5,0
2021-05-17 09:40:04,25550.8,0
2021-05-17 09:40:05,25551.25,0
2021-05-17 09:40:06,25552.5,0
2021-05-17 09:40:07,25551.7,0
2021-05-17 09:40:08,25551.0,0
2021-05-17 09:40:09,25553.2,0
2021-05-17 09:40:10,25550.4,0
2021-05-17 09:40:11,25550.45,0
2021-05-17 09:40:12,25550.8,0
2021-05-17 09:40:13,25554.35,0
2021-05-17 09:40:14,25552.75,0
2021-05-17 09:40:15,25555.65,0
2021-05-17 09:40:16,25555.8,0
2021-05-17 09:40:17,25554.4,0
2021-05-17 09:40:18,25561.3,0
2021-05-17 09:40:19,25558.55,0
2021-05-17 09:40:20,25562.45,0
2021-05-17 09:40:21,25559.3,0
2021-05-17 09:40:22,25561.5,0
2021-05-17 09:40:23,25562.75,0
2021-05-17 09:40:25,25560.55,0
2021-05-17 09:40:26,25561.3,0
2021-05-17 09:40:27,25559.5,0
2021-05-17 09:40:28,25558.5,0
2021-05-17 09:40:29,25558.25,0
2021-05-17 09:40:30,25559.75,0
2021-05-17 09:40:31,25557.75,0
2021-05-17 09:40:32,25559.2,0
2021-05-17 09:40:33,25560.6,0
2021-05-17 09:40:34,25562.2,0
2021-05-17 09:40:36,25560.6,0
2021-05-17 09:40:37,25562.25,0
2021-05-17 09:40:38,25561.7,0
2021-05-17 09:40:39,25563.2,0
2021-05-17 09:40:41,25563.3,0
2021-05-17 09:40:43,25564.35,0
2021-05-17 09:40:44,25562.15,0
2021-05-17 09:40:45,25563.9,0
2021-05-17 09:40:48,25561.95,0
2021-05-17 09:40:49,25558.95,0
2021-05-17 09:40:50,25557.35,0
2021-05-17 09:40:51,25556.95,0
2021-05-17 09:40:52,25557.2,0
2021-05-17 09:40:53,25558.95,0
2021-05-17 09:40:54,25559.25,0
2021-05-17 09:40:55,25559.55,0
2021-05-17 09:40:56,25559.7,0
2021-05-17 09:40:57,25559.4,0
2021-05-17 09:40:59,25558.75,0
2021-05-17 09:41:00,25556.4,0
2021-05-17 09:41:01,25559.05,0
2021-05-17 09:41:02,25557.75,0
2021-05-17 09:41:03,25557.6,0
2021-05-17 09:41:04,25559.15,0
2021-05-17 09:41:05,25558.25,0
2021-05-17 09:41:06,25557.75,0
2021-05-17 09:41:07,25558.9,0
2021-05-17 09:41:08,25554.55,0
2021-05-17 09:41:09,25558.4,0
2021-05-17 09:41:10,25556.1,0
2021-05-17 09:41:11,25556.25,0
2021-05-17 09:41:12,25557.2,0
2021-05-17 09:41:13,25555.35,0
2021-05-17 09:41:14,25555.95,0
2021-05-17 09:41:15,25554.95,0
2021-05-17 09:41:16,25553.95,0
2021-05-17 09:41:17,25557.55,0
2021-05-17 09:41:18,25557.8,0
2021-05-17 09:41:19,25557.6,0
2021-05-17 09:41:20,25556.55,0
2021-05-17 09:41:21,25559.1,0
2021-05-17 09:41:22,25559.1,0
2021-05-17 09:41:23,25559.05,0
2021-05-17 09:41:24,25559.3,0
2021-05-17 09:41:25,25556.0,0
2021-05-17 09:41:26,25559.9,0
2021-05-17 09:41:27,25558.0,0
2021-05-17 09:41:29,25554.75,0
2021-05-17 09:41:30,25553.4,0
2021-05-17 09:41:31,25556.25,0
2021-05-17 09:41:32,25556.35,0
2021-05-17 09:41:33,25556.25,0
2021-05-17 09:41:34,25554.4,0
2021-05-17 09:41:36,25554.15,0
2021-05-17 09:41:37,25552.4,0
2021-05-17 09:41:38,25548.0,0
2021-05-17 09:41:39,25552.6,0
2021-05-17 09:41:40,25551.3,0
2021-05-17 09:41:41,25551.55,0
2021-05-17 09:41:42,25552.7,0
2021-05-17 09:41:43,25550.3,0
2021-05-17 09:41:44,25548.35,0
2021-05-17 09:41:45,25549.3,0
2021-05-17 09:41:46,25547.85,0
2021-05-17 09:41:48,25547.5,0
2021-05-17 09:41:49,25546.15,0
2021-05-17 09:41:50,25544.3,0
2021-05-17 09:41:51,25550.45,0
2021-05-17 09:41:52,25548.2,0
2021-05-17 09:41:53,25548.15,0
2021-05-17 09:41:54,25548.7,0
2021-05-17 09:41:55,25551.7,0
2021-05-17 09:41:56,25554.0,0
2021-05-17 09:41:57,25553.05,0
2021-05-17 09:41:58,25558.6,0
2021-05-17 09:41:59,25557.0,0
2021-05-17 09:42:00,25557.9,0
2021-05-17 09:42:01,25557.75,0
2021-05-17 09:42:02,25557.55,0
2021-05-17 09:42:03,25560.55,0
2021-05-17 09:42:04,25559.3,0
2021-05-17 09:42:05,25558.75,0
2021-05-17 09:42:06,25560.95,0
2021-05-17 09:42:07,25560.9,0
2021-05-17 09:42:08,25564.05,0
2021-05-17 09:42:09,25563.25,0
2021-05-17 09:42:10,25560.3,0
2021-05-17 09:42:12,25560.1,0
2021-05-17 09:42:13,25564.3,0
2021-05-17 09:42:14,25561.7,0
2021-05-17 09:42:15,25563.0,0
2021-05-17 09:42:16,25561.35,0
2021-05-17 09:42:17,25562.45,0
2021-05-17 09:42:18,25562.5,0
2021-05-17 09:42:19,25558.85,0
2021-05-17 09:42:20,25560.25,0
2021-05-17 09:42:21,25559.6,0
2021-05-17 09:42:22,25556.75,0
2021-05-17 09:42:23,25557.8,0
2021-05-17 09:42:24,25559.6,0
2021-05-17 09:42:26,25560.8,0
2021-05-17 09:42:27,25561.95,0
2021-05-17 09:42:28,25558.9,0
2021-05-17 09:42:29,25559.75,0
2021-05-17 09:42:31,25559.3,0
2021-05-17 09:42:32,25559.55,0
2021-05-17 09:42:33,25561.65,0
2021-05-17 09:42:34,25558.2,0
2021-05-17 09:42:35,25557.4,0
2021-05-17 09:42:36,25557.55,0
2021-05-17 09:42:37,25553.3,0
2021-05-17 09:42:38,25558.85,0
2021-05-17 09:42:39,25555.3,0
2021-05-17 09:42:40,25556.55,0
2021-05-17 09:42:42,25555.3,0
2021-05-17 09:42:43,25555.8,0
2021-05-17 09:42:44,25555.75,0
2021-05-17 09:42:45,25558.35,0
2021-05-17 09:42:46,25556.35,0
2021-05-17 09:42:47,25555.85,0
2021-05-17 09:42:48,25558.5,0
2021-05-17 09:42:49,25557.5,0
2021-05-17 09:42:50,25561.8,0
2021-05-17 09:42:51,25560.3,0
2021-05-17 09:42:52,25562.45,0
2021-05-17 09:42:53,25565.15,0
2021-05-17 09:42:55,25565.25,0
2021-05-17 09:42:56,25565.85,0
2021-05-17 09:42:58,25562.2,0
2021-05-17 09:42:59,25561.95,0
2021-05-17 09:43:01,25562.85,0
2021-05-17 09:43:02,25564.1,0
2021-05-17 09:43:03,25563.95,0
2021-05-17 09:43:05,25564.25,0
2021-05-17 09:43:06,25558.95,0
2021-05-17 09:43:07,25555.7,0
2021-05-17 09:43:08,25557.5,0
2021-05-17 09:43:09,25555.8,0
2021-05-17 09:43:10,25556.7,0
2021-05-17 09:43:11,25557.45,0
2021-05-17 09:43:12,25558.35,0
2021-05-17 09:43:13,25558.55,0
2021-05-17 09:43:14,25558.6,0
2021-05-17 09:43:16,25545.75,0
2021-05-17 09:43:17,25550.7,0
2021-05-17 09:43:18,25549.25,0
2021-05-17 09:43:19,25547.85,0
2021-05-17 09:43:20,25551.85,0
2021-05-17 09:43:21,25556.05,0
2021-05-17 09:43:22,25554.65,0
2021-05-17 09:43:23,25554.8,0
2021-05-17 09:43:24,25554.25,0
2021-05-17 09:43:25,25555.35,0
2021-05-17 09:43:26,25552.65,0
2021-05-17 09:43:27,25553.8,0
2021-05-17 09:43:28,25556.15,0
2021-05-17 09:43:29,25555.6,0
2021-05-17 09:43:30,25555.75,0
2021-05-17 09:43:31,25552.45,0
2021-05-17 09:43:32,25554.4,0
2021-05-17 09:43:33,25553.35,0
2021-05-17 09:43:34,25553.25,0
2021-05-17 09:43:36,25553.8,0
2021-05-17 09:43:37,25554.75,0
2021-05-17 09:43:38,25554.8,0
2021-05-17 09:43:39,25556.4,0
2021-05-17 09:43:40,25556.15,0
2021-05-17 09:43:41,25556.35,0
2021-05-17 09:43:42,25556.65,0
2021-05-17 09:43:43,25554.95,0
2021-05-17 09:43:44,25554.05,0
2021-05-17 09:43:45,25554.25,0
2021-05-17 09:43:46,25553.35,0
2021-05-17 09:43:47,25553.6,0
2021-05-17 09:43:48,25553.0,0
2021-05-17 09:43:49,25552.6,0
2021-05-17 09:43:50,25553.4,0
2021-05-17 09:43:51,25552.75,0
2021-05-17 09:43:52,25550.4,0
2021-05-17 09:43:53,25549.2,0
2021-05-17 09:43:54,25552.4,0
2021-05-17 09:43:55,25551.55,0
2021-05-17 09:43:56,25550.9,0
2021-05-17 09:43:57,25548.4,0
2021-05-17 09:43:58,25547.1,0
2021-05-17 09:43:59,25545.9,0
2021-05-17 09:44:00,25546.15,0
2021-05-17 09:44:01,25542.1,0
2021-05-17 09:44:03,25540.65,0
2021-05-17 09:44:04,25546.0,0
2021-05-17 09:44:05,25544.8,0
2021-05-17 09:44:06,25545.5,0
2021-05-17 09:44:08,25544.0,0
2021-05-17 09:44:09,25542.0,0
2021-05-17 09:44:10,25545.3,0
2021-05-17 09:44:11,25542.6,0
2021-05-17 09:44:13,25543.85,0
2021-05-17 09:44:14,25542.65,0
2021-05-17 09:44:15,25544.3,0
2021-05-17 09:44:16,25540.85,0
2021-05-17 09:44:17,25541.0,0
2021-05-17 09:44:18,25542.5,0
2021-05-17 09:44:19,25544.2,0
2021-05-17 09:44:20,25543.75,0
2021-05-17 09:44:21,25544.65,0
2021-05-17 09:44:22,25543.15,0
2021-05-17 09:44:24,25544.25,0
2021-05-17 09:44:25,25545.15,0
2021-05-17 09:44:26,25542.85,0
2021-05-17 09:44:27,25542.65,0
2021-05-17 09:44:28,25539.15,0
2021-05-17 09:44:29,25541.15,0
2021-05-17 09:44:30,25541.35,0
2021-05-17 09:44:31,25541.25,0
2021-05-17 09:44:32,25541.45,0
2021-05-17 09:44:33,25540.95,0
2021-05-17 09:44:34,25540.7,0
2021-05-17 09:44:35,25540.7,0
2021-05-17 09:44:36,25541.4,0
2021-05-17 09:44:37,25545.2,0
2021-05-17 09:44:38,25543.1,0
2021-05-17 09:44:39,25546.6,0
2021-05-17 09:44:40,25548.55,0
2021-05-17 09:44:41,25548.8,0
2021-05-17 09:44:42,25547.85,0
2021-05-17 09:44:43,25548.55,0
2021-05-17 09:44:44,25550.3,0
2021-05-17 09:44:45,25550.8,0
2021-05-17 09:44:46,25551.15,0
2021-05-17 09:44:47,25552.2,0
2021-05-17 09:44:48,25552.65,0
2021-05-17 09:44:49,25551.1,0
2021-05-17 09:44:50,25552.55,0
2021-05-17 09:44:51,25553.9,0
2021-05-17 09:44:52,25554.5,0
2021-05-17 09:44:53,25554.35,0
2021-05-17 09:44:54,25552.6,0
2021-05-17 09:44:55,25553.9,0
2021-05-17 09:44:56,25554.15,0
2021-05-17 09:44:57,25553.75,0
2021-05-17 09:44:58,25552.4,0
2021-05-17 09:44:59,25553.65,0
2021-05-17 09:45:00,25552.05,0
2021-05-17 09:45:01,25549.4,0
2021-05-17 09:45:02,25549.25,0
2021-05-17 09:45:03,25549.65,0
2021-05-17 09:45:04,25549.75,0
2021-05-17 09:45:05,25548.8,0
2021-05-17 09:45:06,25550.1,0
2021-05-17 09:45:07,25552.35,0
2021-05-17 09:45:08,25552.2,0
2021-05-17 09:45:09,25554.1,0
2021-05-17 09:45:10,25551.7,0
2021-05-17 09:45:12,25552.15,0
2021-05-17 09:45:13,25550.9,0
2021-05-17 09:45:15,25550.6,0
2021-05-17 09:45:16,25549.1,0
2021-05-17 09:45:17,25548.35,0
2021-05-17 09:45:18,25550.45,0
2021-05-17 09:45:19,25548.15,0
2021-05-17 09:45:20,25547.9,0
2021-05-17 09:45:22,25544.1,0
2021-05-17 09:45:23,25548.05,0
2021-05-17 09:45:24,25548.0,0
2021-05-17 09:45:25,25549.75,0
2021-05-17 09:45:26,25546.7,0
2021-05-17 09:45:27,25543.9,0
2021-05-17 09:45:28,25542.65,0
2021-05-17 09:45:29,25541.55,0
2021-05-17 09:45:30,25541.75,0
2021-05-17 09:45:31,25540.65,0
2021-05-17 09:45:32,25535.95,0
2021-05-17 09:45:33,25534.8,0
2021-05-17 09:45:34,25529.0,0
2021-05-17 09:45:35,25528.65,0
2021-05-17 09:45:36,25530.0,0
2021-05-17 09:45:37,25532.35,0
2021-05-17 09:45:38,25532.7,0
2021-05-17 09:45:39,25532.25,0
2021-05-17 09:45:40,25537.2,0
2021-05-17 09:45:41,25536.6,0
2021-05-17 09:45:42,25537.35,0
2021-05-17 09:45:43,25537.1,0
2021-05-17 09:45:44,25537.55,0
2021-05-17 09:45:45,25533.65,0
2021-05-17 09:45:46,25536.4,0
2021-05-17 09:45:47,25536.45,0
2021-05-17 09:45:48,25533.65,0
2021-05-17 09:45:49,25531.95,0
2021-05-17 09:45:50,25535.8,0
2021-05-17 09:45:51,25533.45,0
2021-05-17 09:45:52,25532.8,0
2021-05-17 09:45:53,25533.0,0
2021-05-17 09:45:54,25536.0,0
2021-05-17 09:45:55,25538.35,0
2021-05-17 09:45:56,25537.6,0
2021-05-17 09:45:57,25537.2,0
2021-05-17 09:45:58,25533.65,0
2021-05-17 09:45:59,25533.9,0
2021-05-17 09:46:00,25537.7,0
2021-05-17 09:46:01,25533.75,0
2021-05-17 09:46:02,25536.6,0
2021-05-17 09:46:03,25536.45,0
2021-05-17 09:46:04,25535.25,0
2021-05-17 09:46:05,25535.7,0
2021-05-17 09:46:06,25535.65,0
2021-05-17 09:46:07,25536.0,0
2021-05-17 09:46:08,25535.75,0
2021-05-17 09:46:09,25534.25,0
2021-05-17 09:46:10,25534.4,0
2021-05-17 09:46:11,25533.75,0
2021-05-17 09:46:12,25534.15,0
2021-05-17 09:46:13,25529.7,0
2021-05-17 09:46:14,25530.2,0
2021-05-17 09:46:16,25527.65,0
2021-05-17 09:46:17,25527.9,0
2021-05-17 09:46:18,25525.0,0
2021-05-17 09:46:19,25522.5,0
2021-05-17 09:46:20,25517.6,0
2021-05-17 09:46:21,25517.25,0
2021-05-17 09:46:22,25518.2,0
2021-05-17 09:46:23,25517.55,0
2021-05-17 09:46:24,25522.65,0
2021-05-17 09:46:25,25521.35,0
2021-05-17 09:46:26,25523.1,0
2021-05-17 09:46:28,25518.4,0
2021-05-17 09:46:29,25521.9,0
2021-05-17 09:46:31,25521.8,0
2021-05-17 09:46:32,25520.75,0
2021-05-17 09:46:33,25523.8,0
2021-05-17 09:46:34,25522.3,0
2021-05-17 09:46:35,25521.15,0
2021-05-17 09:46:36,25521.9,0
2021-05-17 09:46:37,25520.2,0
2021-05-17 09:46:39,25525.05,0
2021-05-17 09:46:40,25523.95,0
2021-05-17 09:46:41,25521.9,0
2021-05-17 09:46:42,25526.95,0
2021-05-17 09:46:43,25533.8,0
2021-05-17 09:46:44,25534.0,0
2021-05-17 09:46:45,25529.15,0
2021-05-17 09:46:46,25535.7,0
2021-05-17 09:46:47,25535.8,0
2021-05-17 09:46:48,25535.6,0
2021-05-17 09:46:49,25536.1,0
2021-05-17 09:46:50,25537.85,0
2021-05-17 09:46:51,25536.5,0
2021-05-17 09:46:52,25534.15,0
2021-05-17 09:46:53,25529.75,0
2021-05-17 09:46:54,25529.45,0
2021-05-17 09:46:55,25530.65,0
2021-05-17 09:46:56,25535.55,0
2021-05-17 09:46:57,25532.35,0
2021-05-17 09:46:58,25529.9,0
2021-05-17 09:46:59,25529.2,0
2021-05-17 09:47:00,25531.95,0
2021-05-17 09:47:01,25531.15,0
2021-05-17 09:47:02,25531.65,0
2021-05-17 09:47:03,25529.0,0
2021-05-17 09:47:04,25533.4,0
2021-05-17 09:47:05,25536.3,0
2021-05-17 09:47:06,25533.35,0
2021-05-17 09:47:07,25534.8,0
2021-05-17 09:47:08,25532.3,0
2021-05-17 09:47:09,25531.7,0
2021-05-17 09:47:11,25529.95,0
2021-05-17 09:47:12,25530.65,0
2021-05-17 09:47:13,25531.85,0
2021-05-17 09:47:14,25531.85,0
2021-05-17 09:47:15,25530.05,0
2021-05-17 09:47:16,25530.05,0
2021-05-17 09:47:17,25525.5,0
2021-05-17 09:47:19,25526.2,0
2021-05-17 09:47:20,25524.6,0
2021-05-17 09:47:21,25527.4,0
2021-05-17 09:47:22,25528.75,0
2021-05-17 09:47:23,25527.15,0
2021-05-17 09:47:24,25530.2,0
2021-05-17 09:47:25,25528.7,0
2021-05-17 09:47:26,25522.7,0
2021-05-17 09:47:27,25520.15,0
2021-05-17 09:47:28,25522.35,0
2021-05-17 09:47:29,25521.05,0
2021-05-17 09:47:30,25521.25,0
2021-05-17 09:47:31,25523.65,0
2021-05-17 09:47:32,25522.9,0
2021-05-17 09:47:34,25519.6,0
2021-05-17 09:47:36,25521.65,0
2021-05-17 09:47:40,25520.3,0
2021-05-17 09:47:42,25524.15,0
2021-05-17 09:47:43,25521.4,0
2021-05-17 09:47:44,25524.85,0
2021-05-17 09:47:45,25522.0,0
2021-05-17 09:47:46,25521.5,0
2021-05-17 09:47:47,25525.45,0
2021-05-17 09:47:48,25522.9,0
2021-05-17 09:47:49,25525.2,0
2021-05-17 09:47:50,25525.2,0
2021-05-17 09:47:51,25525.3,0
2021-05-17 09:47:52,25528.9,0
2021-05-17 09:47:53,25526.25,0
2021-05-17 09:47:54,25526.45,0
2021-05-17 09:47:55,25524.65,0
2021-05-17 09:47:56,25525.8,0
2021-05-17 09:47:57,25524.3,0
2021-05-17 09:47:58,25527.8,0
2021-05-17 09:47:59,25529.4,0
2021-05-17 09:48:00,25526.0,0
2021-05-17 09:48:01,25530.5,0
2021-05-17 09:48:03,25526.7,0
2021-05-17 09:48:04,25526.4,0
2021-05-17 09:48:05,25527.75,0
2021-05-17 09:48:06,25526.9,0
2021-05-17 09:48:07,25524.7,0
2021-05-17 09:48:08,25526.45,0
2021-05-17 09:48:09,25526.6,0
2021-05-17 09:48:10,25528.05,0
2021-05-17 09:48:11,25525.3,0
2021-05-17 09:48:12,25523.0,0
2021-05-17 09:48:13,25526.2,0
2021-05-17 09:48:14,25527.5,0
2021-05-17 09:48:15,25525.7,0
2021-05-17 09:48:16,25525.4,0
2021-05-17 09:48:17,25522.6,0
2021-05-17 09:48:18,25526.55,0
2021-05-17 09:48:19,25527.4,0
2021-05-17 09:48:20,25521.4,0
2021-05-17 09:48:21,25521.3,0
2021-05-17 09:48:22,25524.6,0
2021-05-17 09:48:23,25523.5,0
2021-05-17 09:48:24,25522.9,0
2021-05-17 09:48:25,25520.7,0
2021-05-17 09:48:26,25525.1,0
2021-05-17 09:48:27,25524.2,0
2021-05-17 09:48:28,25524.55,0
2021-05-17 09:48:29,25524.75,0
2021-05-17 09:48:30,25523.3,0
2021-05-17 09:48:31,25521.95,0
2021-05-17 09:48:32,25521.7,0
2021-05-17 09:48:33,25521.3,0
2021-05-17 09:48:34,25520.45,0
2021-05-17 09:48:35,25522.05,0
2021-05-17 09:48:36,25519.65,0
2021-05-17 09:48:37,25521.3,0
2021-05-17 09:48:38,25521.6,0
2021-05-17 09:48:39,25521.7,0
2021-05-17 09:48:40,25521.1,0
2021-05-17 09:48:41,25521.9,0
2021-05-17 09:48:42,25520.8,0
2021-05-17 09:48:43,25521.4,0
2021-05-17 09:48:44,25520.9,0
2021-05-17 09:48:45,25518.95,0
2021-05-17 09:48:46,25519.1,0
2021-05-17 09:48:47,25518.9,0
2021-05-17 09:48:48,25519.25,0
2021-05-17 09:48:49,25520.6,0
2021-05-17 09:48:50,25522.95,0
2021-05-17 09:48:51,25523.75,0
2021-05-17 09:48:52,25525.55,0
2021-05-17 09:48:54,25527.7,0
2021-05-17 09:48:55,25523.75,0
2021-05-17 09:48:56,25526.15,0
2021-05-17 09:48:57,25522.4,0
2021-05-17 09:48:58,25523.6,0
2021-05-17 09:48:59,25523.5,0
2021-05-17 09:49:00,25527.3,0
2021-05-17 09:49:01,25526.65,0
2021-05-17 09:49:02,25526.7,0
2021-05-17 09:49:03,25520.5,0
2021-05-17 09:49:04,25518.0,0
2021-05-17 09:49:05,25518.0,0
2021-05-17 09:49:06,25515.2,0
2021-05-17 09:49:07,25515.45,0
2021-05-17 09:49:08,25515.15,0
2021-05-17 09:49:09,25515.5,0
2021-05-17 09:49:10,25513.6,0
2021-05-17 09:49:11,25512.75,0
2021-05-17 09:49:12,25515.1,0
2021-05-17 09:49:13,25514.95,0
2021-05-17 09:49:14,25513.95,0
2021-05-17 09:49:15,25514.1,0
2021-05-17 09:49:17,25511.2,0
2021-05-17 09:49:18,25510.7,0
2021-05-17 09:49:19,25514.2,0
2021-05-17 09:49:20,25510.1,0
2021-05-17 09:49:21,25516.45,0
2021-05-17 09:49:22,25514.0,0
2021-05-17 09:49:23,25512.55,0
2021-05-17 09:49:24,25508.75,0
2021-05-17 09:49:25,25509.3,0
2021-05-17 09:49:26,25510.45,0
2021-05-17 09:49:27,25508.15,0
2021-05-17 09:49:28,25506.9,0
2021-05-17 09:49:30,25508.85,0
2021-05-17 09:49:31,25507.95,0
2021-05-17 09:49:32,25507.7,0
2021-05-17 09:49:33,25508.1,0
2021-05-17 09:49:34,25508.7,0
2021-05-17 09:49:35,25508.75,0
2021-05-17 09:49:36,25505.1,0
2021-05-17 09:49:37,25504.55,0
2021-05-17 09:49:38,25503.2,0
2021-05-17 09:49:39,25503.4,0
2021-05-17 09:49:41,25504.65,0
2021-05-17 09:49:42,25505.4,0
2021-05-17 09:49:43,25505.6,0
2021-05-17 09:49:44,25503.6,0
2021-05-17 09:49:45,25504.45,0
2021-05-17 09:49:46,25505.0,0
2021-05-17 09:49:47,25504.85,0
2021-05-17 09:49:48,25505.15,0
2021-05-17 09:49:49,25500.8,0
2021-05-17 09:49:50,25501.45,0
2021-05-17 09:49:51,25502.95,0
2021-05-17 09:49:53,25500.8,0
2021-05-17 09:49:56,25502.5,0
2021-05-17 09:49:57,25501.3,0
2021-05-17 09:49:58,25502.75,0
2021-05-17 09:49:59,25504.1,0
2021-05-17 09:50:00,25500.2,0
2021-05-17 09:50:01,25502.05,0
2021-05-17 09:50:02,25503.0,0
2021-05-17 09:50:03,25503.85,0
2021-05-17 09:50:04,25503.8,0
2021-05-17 09:50:05,25504.85,0
2021-05-17 09:50:06,25507.6,0
2021-05-17 09:50:07,25505.15,0
2021-05-17 09:50:08,25506.15,0
2021-05-17 09:50:09,25508.35,0
2021-05-17 09:50:10,25510.55,0
2021-05-17 09:50:11,25511.4,0
2021-05-17 09:50:12,25513.95,0
2021-05-17 09:50:13,25514.65,0
2021-05-17 09:50:14,25514.1,0
2021-05-17 09:50:15,25516.05,0
2021-05-17 09:50:16,25515.45,0
2021-05-17 09:50:17,25517.1,0
2021-05-17 09:50:18,25516.0,0
2021-05-17 09:50:19,25519.55,0
2021-05-17 09:50:21,25517.05,0
2021-05-17 09:50:22,25520.75,0
2021-05-17 09:50:23,25518.75,0
2021-05-17 09:50:24,25520.3,0
2021-05-17 09:50:25,25520.1,0
2021-05-17 09:50:26,25522.0,0
2021-05-17 09:50:27,25522.05,0
2021-05-17 09:50:29,25517.95,0
2021-05-17 09:50:28,25520.0,0
2021-05-17 09:50:30,25521.25,0
2021-05-17 09:50:31,25520.6,0
2021-05-17 09:50:32,25519.6,0
2021-05-17 09:50:33,25521.3,0
2021-05-17 09:50:35,25518.15,0
2021-05-17 09:50:34,25518.55,0
2021-05-17 09:50:36,25518.85,0
2021-05-17 09:50:37,25519.3,0
2021-05-17 09:50:38,25518.3,0
2021-05-17 09:50:39,25521.55,0
2021-05-17 09:50:40,25520.35,0
2021-05-17 09:50:41,25518.85,0
2021-05-17 09:50:42,25519.7,0
2021-05-17 09:50:43,25520.95,0
2021-05-17 09:50:45,25519.85,0
2021-05-17 09:50:47,25517.0,0
2021-05-17 09:50:48,25519.95,0
2021-05-17 09:50:49,25518.4,0
2021-05-17 09:50:50,25517.0,0
2021-05-17 09:50:51,25519.8,0
2021-05-17 09:50:52,25519.7,0
2021-05-17 09:50:53,25516.95,0
2021-05-17 09:50:54,25517.95,0
2021-05-17 09:50:55,25516.65,0
2021-05-17 09:50:56,25518.25,0
2021-05-17 09:50:57,25519.45,0
2021-05-17 09:50:58,25520.7,0
2021-05-17 09:50:59,25519.0,0
2021-05-17 09:51:00,25521.05,0
2021-05-17 09:51:01,25519.7,0
2021-05-17 09:51:02,25521.1,0
2021-05-17 09:51:03,25519.15,0
2021-05-17 09:51:04,25521.25,0
2021-05-17 09:51:05,25521.1,0
2021-05-17 09:51:06,25517.25,0
2021-05-17 09:51:07,25517.65,0
2021-05-17 09:51:08,25516.4,0
2021-05-17 09:51:09,25519.8,0
2021-05-17 09:51:10,25517.25,0
2021-05-17 09:51:11,25519.3,0
2021-05-17 09:51:12,25520.9,0
2021-05-17 09:51:13,25519.8,0
2021-05-17 09:51:15,25518.95,0
2021-05-17 09:51:16,25517.1,0
2021-05-17 09:51:17,25516.5,0
2021-05-17 09:51:18,25517.55,0
2021-05-17 09:51:19,25519.55,0
2021-05-17 09:51:20,25518.95,0
2021-05-17 09:51:22,25518.1,0
2021-05-17 09:51:23,25516.8,0
2021-05-17 09:51:24,25518.2,0
2021-05-17 09:51:25,25519.5,0
2021-05-17 09:51:26,25517.8,0
2021-05-17 09:51:27,25518.15,0
2021-05-17 09:51:28,25514.05,0
2021-05-17 09:51:29,25516.9,0
2021-05-17 09:51:31,25514.45,0
2021-05-17 09:51:32,25513.3,0
2021-05-17 09:51:35,25513.5,0
2021-05-17 09:51:36,25515.55,0
2021-05-17 09:51:37,25515.2,0
2021-05-17 09:51:38,25512.45,0
2021-05-17 09:51:39,25512.15,0
2021-05-17 09:51:40,25513.2,0
2021-05-17 09:51:41,25504.8,0
2021-05-17 09:51:42,25504.65,0
2021-05-17 09:51:43,25505.4,0
2021-05-17 09:51:44,25505.45,0
2021-05-17 09:51:45,25507.05,0
2021-05-17 09:51:46,25505.5,0
2021-05-17 09:51:47,25504.55,0
2021-05-17 09:51:48,25506.2,0
2021-05-17 09:51:49,25504.35,0
2021-05-17 09:51:50,25505.85,0
2021-05-17 09:51:51,25504.35,0
2021-05-17 09:51:52,25500.5,0
2021-05-17 09:51:53,25502.35,0
2021-05-17 09:51:54,25504.4,0
2021-05-17 09:51:57,25503.2,0
2021-05-17 09:51:59,25503.2,0
2021-05-17 09:52:01,25501.8,0
2021-05-17 09:52:02,25504.55,0
2021-05-17 09:52:03,25501.2,0
2021-05-17 09:52:04,25506.0,0
2021-05-17 09:52:06,25504.2,0
2021-05-17 09:52:08,25503.85,0
2021-05-17 09:52:09,25508.75,0
2021-05-17 09:52:10,25507.95,0
2021-05-17 09:52:12,25510.55,0
2021-05-17 09:52:13,25509.9,0
2021-05-17 09:52:14,25516.15,0
2021-05-17 09:52:15,25519.05,0
2021-05-17 09:52:16,25517.15,0
2021-05-17 09:52:17,25518.75,0
2021-05-17 09:52:18,25518.8,0
2021-05-17 09:52:19,25514.7,0
2021-05-17 09:52:20,25513.3,0
2021-05-17 09:52:21,25514.95,0
2021-05-17 09:52:22,25511.35,0
2021-05-17 09:52:23,25513.05,0
2021-05-17 09:52:24,25511.85,0
2021-05-17 09:52:25,25512.0,0
2021-05-17 09:52:26,25510.3,0
2021-05-17 09:52:27,25511.95,0
2021-05-17 09:52:28,25511.95,0
2021-05-17 09:52:29,25512.45,0
2021-05-17 09:52:30,25513.6,0
2021-05-17 09:52:31,25511.6,0
2021-05-17 09:52:32,25512.8,0
2021-05-17 09:52:33,25511.15,0
2021-05-17 09:52:34,25511.1,0
2021-05-17 09:52:35,25511.1,0
2021-05-17 09:52:36,25509.05,0
2021-05-17 09:52:37,25511.4,0
2021-05-17 09:52:38,25512.4,0
2021-05-17 09:52:39,25512.15,0
2021-05-17 09:52:40,25511.75,0
2021-05-17 09:52:41,25507.25,0
2021-05-17 09:52:42,25505.6,0
2021-05-17 09:52:43,25505.85,0
2021-05-17 09:52:44,25505.85,0
2021-05-17 09:52:45,25510.95,0
2021-05-17 09:52:46,25511.3,0
2021-05-17 09:52:47,25509.25,0
2021-05-17 09:52:48,25512.1,0
2021-05-17 09:52:49,25511.8,0
2021-05-17 09:52:50,25514.85,0
2021-05-17 09:52:52,25513.7,0
2021-05-17 09:52:53,25512.95,0
2021-05-17 09:52:54,25514.25,0
2021-05-17 09:52:55,25510.2,0
2021-05-17 09:52:56,25509.85,0
2021-05-17 09:52:57,25512.5,0
2021-05-17 09:52:58,25511.75,0
2021-05-17 09:52:59,25512.55,0
2021-05-17 09:53:00,25510.05,0
2021-05-17 09:53:01,25510.5,0
2021-05-17 09:53:02,25510.05,0
2021-05-17 09:53:03,25510.7,0
2021-05-17 09:53:04,25510.95,0
2021-05-17 09:53:05,25511.7,0
2021-05-17 09:53:06,25512.15,0
2021-05-17 09:53:07,25510.7,0
2021-05-17 09:53:08,25509.9,0
2021-05-17 09:53:09,25511.15,0
2021-05-17 09:53:10,25510.2,0
2021-05-17 09:53:11,25510.95,0
2021-05-17 09:53:12,25511.25,0
2021-05-17 09:53:13,25507.6,0
2021-05-17 09:53:14,25507.65,0
2021-05-17 09:53:15,25512.1,0
2021-05-17 09:53:16,25511.2,0
2021-05-17 09:53:17,25524.85,0
2021-05-17 09:53:18,25520.65,0
2021-05-17 09:53:19,25524.5,0
2021-05-17 09:53:20,25525.25,0
2021-05-17 09:53:21,25523.85,0
2021-05-17 09:53:22,25519.75,0
2021-05-17 09:53:23,25520.85,0
2021-05-17 09:53:24,25519.75,0
2021-05-17 09:53:25,25516.9,0
2021-05-17 09:53:26,25516.05,0
2021-05-17 09:53:27,25518.75,0
2021-05-17 09:53:28,25515.55,0
2021-05-17 09:53:29,25519.95,0
2021-05-17 09:53:30,25517.3,0
2021-05-17 09:53:31,25518.25,0
2021-05-17 09:53:32,25521.3,0
2021-05-17 09:53:33,25520.45,0
2021-05-17 09:53:34,25517.85,0
2021-05-17 09:53:35,25518.55,0
2021-05-17 09:53:36,25519.55,0
2021-05-17 09:53:38,25518.4,0
2021-05-17 09:53:39,25518.8,0
2021-05-17 09:53:40,25518.55,0
2021-05-17 09:53:41,25513.1,0
2021-05-17 09:53:43,25517.1,0
2021-05-17 09:53:44,25517.1,0
2021-05-17 09:53:45,25516.6,0
2021-05-17 09:53:46,25515.65,0
2021-05-17 09:53:47,25515.5,0
2021-05-17 09:53:48,25515.55,0
2021-05-17 09:53:49,25513.45,0
2021-05-17 09:53:50,25515.0,0
2021-05-17 09:53:51,25513.55,0
2021-05-17 09:53:52,25513.3,0
2021-05-17 09:53:53,25513.85,0
2021-05-17 09:53:54,25514.35,0
2021-05-17 09:53:55,25511.95,0
2021-05-17 09:53:56,25511.25,0
2021-05-17 09:53:57,25514.2,0
2021-05-17 09:53:58,25513.65,0
2021-05-17 09:53:59,25513.75,0
2021-05-17 09:54:00,25514.5,0
2021-05-17 09:54:01,25512.2,0
2021-05-17 09:54:02,25512.65,0
2021-05-17 09:54:03,25514.65,0
2021-05-17 09:54:04,25513.75,0
2021-05-17 09:54:05,25512.2,0
2021-05-17 09:54:06,25512.65,0
2021-05-17 09:54:07,25515.25,0
2021-05-17 09:54:08,25516.4,0
2021-05-17 09:54:09,25517.0,0
2021-05-17 09:54:10,25515.75,0
2021-05-17 09:54:11,25515.25,0
2021-05-17 09:54:12,25515.05,0
2021-05-17 09:54:13,25515.6,0
2021-05-17 09:54:14,25515.15,0
2021-05-17 09:54:15,25514.15,0
2021-05-17 09:54:16,25514.5,0
2021-05-17 09:54:18,25511.85,0
2021-05-17 09:54:19,25513.85,0
2021-05-17 09:54:20,25512.85,0
2021-05-17 09:54:21,25514.4,0
2021-05-17 09:54:22,25515.2,0
2021-05-17 09:54:23,25514.45,0
2021-05-17 09:54:24,25516.1,0
2021-05-17 09:54:25,25515.45,0
2021-05-17 09:54:26,25514.7,0
2021-05-17 09:54:27,25513.6,0
2021-05-17 09:54:28,25513.55,0
2021-05-17 09:54:29,25514.0,0
2021-05-17 09:54:30,25514.65,0
2021-05-17 09:54:31,25515.55,0
2021-05-17 09:54:32,25515.0,0
2021-05-17 09:54:33,25513.95,0
2021-05-17 09:54:34,25514.35,0
2021-05-17 09:54:35,25515.15,0
2021-05-17 09:54:36,25514.8,0
2021-05-17 09:54:37,25512.35,0
2021-05-17 09:54:39,25518.85,0
2021-05-17 09:54:40,25518.8,0
2021-05-17 09:54:41,25519.45,0
2021-05-17 09:54:42,25520.9,0
2021-05-17 09:54:43,25520.5,0
2021-05-17 09:54:44,25520.3,0
2021-05-17 09:54:45,25520.15,0
2021-05-17 09:54:46,25520.2,0
2021-05-17 09:54:47,25515.35,0
2021-05-17 09:54:48,25516.3,0
2021-05-17 09:54:49,25516.05,0
2021-05-17 09:54:51,25512.8,0
2021-05-17 09:54:52,25512.9,0
2021-05-17 09:54:53,25509.45,0
2021-05-17 09:54:54,25511.4,0
2021-05-17 09:54:55,25512.45,0
2021-05-17 09:54:56,25511.5,0
2021-05-17 09:54:57,25510.8,0
2021-05-17 09:54:58,25512.85,0
2021-05-17 09:54:59,25511.2,0
2021-05-17 09:55:00,25510.7,0
2021-05-17 09:55:01,25511.25,0
2021-05-17 09:55:03,25511.25,0
2021-05-17 09:55:04,25511.85,0
2021-05-17 09:55:05,25510.6,0
2021-05-17 09:55:06,25512.05,0
2021-05-17 09:55:07,25511.25,0
2021-05-17 09:55:09,25513.2,0
2021-05-17 09:55:10,25511.5,0
2021-05-17 09:55:11,25511.05,0
2021-05-17 09:55:12,25509.4,0
2021-05-17 09:55:13,25508.95,0
2021-05-17 09:55:14,25511.55,0
2021-05-17 09:55:15,25511.35,0
2021-05-17 09:55:16,25512.6,0
2021-05-17 09:55:17,25511.85,0
2021-05-17 09:55:18,25511.95,0
2021-05-17 09:55:19,25511.3,0
2021-05-17 09:55:20,25510.75,0
2021-05-17 09:55:21,25511.05,0
2021-05-17 09:55:22,25510.7,0
2021-05-17 09:55:23,25511.45,0
2021-05-17 09:55:24,25510.9,0
2021-05-17 09:55:25,25510.45,0
2021-05-17 09:55:26,25511.6,0
2021-05-17 09:55:27,25512.0,0
2021-05-17 09:55:28,25512.3,0
2021-05-17 09:55:29,25513.6,0
2021-05-17 09:55:30,25515.2,0
2021-05-17 09:55:31,25515.15,0
2021-05-17 09:55:32,25515.6,0
2021-05-17 09:55:33,25517.55,0
2021-05-17 09:55:34,25517.9,0
2021-05-17 09:55:35,25518.05,0
2021-05-17 09:55:36,25518.15,0
2021-05-17 09:55:37,25518.35,0
2021-05-17 09:55:38,25518.7,0
2021-05-17 09:55:39,25516.85,0
2021-05-17 09:55:40,25517.45,0
2021-05-17 09:55:41,25518.15,0
2021-05-17 09:55:42,25517.45,0
2021-05-17 09:55:43,25517.8,0
2021-05-17 09:55:44,25517.75,0
2021-05-17 09:55:45,25518.5,0
2021-05-17 09:55:46,25516.95,0
2021-05-17 09:55:47,25515.3,0
2021-05-17 09:55:48,25514.4,0
2021-05-17 09:55:49,25514.55,0
2021-05-17 09:55:50,25515.25,0
2021-05-17 09:55:51,25514.6,0
2021-05-17 09:55:52,25515.55,0
2021-05-17 09:55:53,25514.7,0
2021-05-17 09:55:54,25513.95,0
2021-05-17 09:55:55,25515.6,0
2021-05-17 09:55:56,25515.25,0
2021-05-17 09:55:57,25515.9,0
2021-05-17 09:55:59,25517.7,0
2021-05-17 09:56:00,25517.7,0
2021-05-17 09:56:02,25516.7,0
2021-05-17 09:56:04,25517.1,0
2021-05-17 09:56:06,25519.2,0
2021-05-17 09:56:07,25521.2,0
2021-05-17 09:56:08,25520.7,0
2021-05-17 09:56:09,25521.05,0
2021-05-17 09:56:10,25522.1,0
2021-05-17 09:56:11,25522.05,0
2021-05-17 09:56:12,25520.4,0
2021-05-17 09:56:13,25523.1,0
2021-05-17 09:56:14,25523.1,0
2021-05-17 09:56:15,25521.95,0
2021-05-17 09:56:17,25523.3,0
2021-05-17 09:56:18,25523.1,0
2021-05-17 09:56:19,25523.85,0
2021-05-17 09:56:20,25522.9,0
2021-05-17 09:56:21,25522.45,0
2021-05-17 09:56:23,25524.8,0
2021-05-17 09:56:24,25527.95,0
2021-05-17 09:56:25,25528.45,0
2021-05-17 09:56:26,25531.75,0
2021-05-17 09:56:27,25529.8,0
2021-05-17 09:56:28,25528.65,0
2021-05-17 09:56:29,25529.0,0
2021-05-17 09:56:31,25530.55,0
2021-05-17 09:56:32,25532.85,0
2021-05-17 09:56:33,25533.4,0
2021-05-17 09:56:34,25531.55,0
2021-05-17 09:56:35,25533.1,0
2021-05-17 09:56:37,25532.85,0
2021-05-17 09:56:38,25533.85,0
2021-05-17 09:56:39,25532.1,0
2021-05-17 09:56:40,25532.7,0
2021-05-17 09:56:41,25532.65,0
2021-05-17 09:56:42,25534.55,0
2021-05-17 09:56:43,25534.4,0
2021-05-17 09:56:44,25532.55,0
2021-05-17 09:56:45,25534.25,0
2021-05-17 09:56:46,25535.15,0
2021-05-17 09:56:48,25535.8,0
2021-05-17 09:56:49,25537.75,0
2021-05-17 09:56:50,25538.35,0
2021-05-17 09:56:51,25539.4,0
2021-05-17 09:56:53,25538.25,0
2021-05-17 09:56:54,25538.35,0
2021-05-17 09:56:55,25539.65,0
2021-05-17 09:56:57,25538.9,0
2021-05-17 09:56:58,25538.3,0
2021-05-17 09:56:59,25539.9,0
2021-05-17 09:57:00,25544.45,0
2021-05-17 09:57:01,25543.55,0
2021-05-17 09:57:02,25542.6,0
2021-05-17 09:57:03,25541.45,0
2021-05-17 09:57:04,25543.0,0
2021-05-17 09:57:05,25540.8,0
2021-05-17 09:57:06,25542.75,0
2021-05-17 09:57:07,25542.05,0
2021-05-17 09:57:08,25540.95,0
2021-05-17 09:57:09,25542.75,0
2021-05-17 09:57:10,25542.5,0
2021-05-17 09:57:11,25542.25,0
2021-05-17 09:57:12,25544.3,0
2021-05-17 09:57:13,25541.45,0
2021-05-17 09:57:14,25542.85,0
2021-05-17 09:57:15,25545.15,0
2021-05-17 09:57:16,25543.25,0
2021-05-17 09:57:17,25543.0,0
2021-05-17 09:57:18,25544.35,0
2021-05-17 09:57:19,25544.85,0
2021-05-17 09:57:23,25543.95,0
2021-05-17 09:57:24,25545.4,0
2021-05-17 09:57:25,25549.95,0
2021-05-17 09:57:26,25550.05,0
2021-05-17 09:57:27,25551.4,0
2021-05-17 09:57:28,25549.6,0
2021-05-17 09:57:29,25549.9,0
2021-05-17 09:57:30,25548.85,0
2021-05-17 09:57:31,25551.65,0
2021-05-17 09:57:32,25552.5,0
2021-05-17 09:57:33,25548.75,0
2021-05-17 09:57:34,25549.6,0
2021-05-17 09:57:35,25549.25,0
2021-05-17 09:57:36,25550.45,0
2021-05-17 09:57:37,25549.65,0
2021-05-17 09:57:38,25551.65,0
2021-05-17 09:57:39,25551.25,0
2021-05-17 09:57:40,25552.15,0
2021-05-17 09:57:41,25554.9,0
2021-05-17 09:57:42,25555.3,0
2021-05-17 09:57:43,25553.2,0
2021-05-17 09:57:44,25554.8,0
2021-05-17 09:57:45,25554.45,0
2021-05-17 09:57:46,25554.0,0
2021-05-17 09:57:47,25553.4,0
2021-05-17 09:57:48,25553.25,0
2021-05-17 09:57:49,25556.5,0
2021-05-17 09:57:50,25557.3,0
2021-05-17 09:57:51,25556.5,0
2021-05-17 09:57:52,25555.55,0
2021-05-17 09:57:53,25556.65,0
2021-05-17 09:57:54,25555.95,0
2021-05-17 09:57:55,25560.55,0
2021-05-17 09:57:56,25563.1,0
2021-05-17 09:57:57,25559.75,0
2021-05-17 09:57:58,25562.3,0
2021-05-17 09:57:59,25563.15,0
2021-05-17 09:58:00,25562.5,0
2021-05-17 09:58:01,25563.2,0
2021-05-17 09:58:02,25562.65,0
2021-05-17 09:58:03,25562.2,0
2021-05-17 09:58:04,25561.55,0
2021-05-17 09:58:06,25558.6,0
2021-05-17 09:58:07,25558.35,0
2021-05-17 09:58:08,25555.95,0
2021-05-17 09:58:09,25558.0,0
2021-05-17 09:58:10,25556.6,0
2021-05-17 09:58:11,25557.4,0
2021-05-17 09:58:12,25558.75,0
2021-05-17 09:58:13,25555.5,0
2021-05-17 09:58:14,25557.8,0
2021-05-17 09:58:16,25559.9,0
2021-05-17 09:58:17,25559.3,0
2021-05-17 09:58:18,25559.6,0
2021-05-17 09:58:21,25557.8,0
2021-05-17 09:58:23,25558.15,0
2021-05-17 09:58:25,25559.55,0
2021-05-17 09:58:26,25556.0,0
2021-05-17 09:58:27,25556.35,0
2021-05-17 09:58:28,25556.7,0
2021-05-17 09:58:30,25562.2,0
2021-05-17 09:58:31,25563.6,0
2021-05-17 09:58:32,25567.4,0
2021-05-17 09:58:33,25567.15,0
2021-05-17 09:58:34,25567.25,0
2021-05-17 09:58:35,25566.3,0
2021-05-17 09:58:36,25567.25,0
2021-05-17 09:58:37,25564.75,0
2021-05-17 09:58:38,25568.8,0
2021-05-17 09:58:39,25569.0,0
2021-05-17 09:58:40,25568.35,0
2021-05-17 09:58:41,25570.35,0
2021-05-17 09:58:42,25567.85,0
2021-05-17 09:58:43,25569.85,0
2021-05-17 09:58:44,25569.65,0
2021-05-17 09:58:45,25569.55,0
2021-05-17 09:58:46,25569.25,0
2021-05-17 09:58:47,25570.4,0
2021-05-17 09:58:48,25570.75,0
2021-05-17 09:58:49,25570.15,0
2021-05-17 09:58:51,25572.15,0
2021-05-17 09:58:52,25569.6,0
2021-05-17 09:58:53,25571.75,0
2021-05-17 09:58:54,25571.45,0
2021-05-17 09:58:55,25573.5,0
2021-05-17 09:58:56,25572.65,0
2021-05-17 09:58:57,25571.9,0
2021-05-17 09:58:58,25572.5,0
2021-05-17 09:58:59,25571.35,0
2021-05-17 09:59:00,25573.9,0
2021-05-17 09:59:01,25573.55,0
2021-05-17 09:59:02,25573.85,0
2021-05-17 09:59:03,25574.5,0
2021-05-17 09:59:04,25572.85,0
2021-05-17 09:59:05,25572.7,0
2021-05-17 09:59:06,25574.4,0
2021-05-17 09:59:08,25575.7,0
2021-05-17 09:59:09,25575.4,0
2021-05-17 09:59:10,25575.35,0
2021-05-17 09:59:11,25575.6,0
2021-05-17 09:59:12,25575.3,0
2021-05-17 09:59:15,25574.35,0
2021-05-17 09:59:16,25577.5,0
2021-05-17 09:59:17,25578.5,0
2021-05-17 09:59:18,25578.2,0
2021-05-17 09:59:19,25578.6,0
2021-05-17 09:59:21,25576.05,0
2021-05-17 09:59:22,25575.8,0
2021-05-17 09:59:23,25575.0,0
2021-05-17 09:59:24,25573.15,0
2021-05-17 09:59:25,25574.5,0
2021-05-17 09:59:26,25572.45,0
2021-05-17 09:59:27,25573.15,0
2021-05-17 09:59:28,25574.5,0
2021-05-17 09:59:29,25575.5,0
2021-05-17 09:59:31,25577.5,0
2021-05-17 09:59:32,25576.85,0
2021-05-17 09:59:33,25576.8,0
2021-05-17 09:59:34,25577.8,0
2021-05-17 09:59:35,25577.25,0
2021-05-17 09:59:36,25578.65,0
2021-05-17 09:59:37,25577.4,0
2021-05-17 09:59:38,25576.4,0
2021-05-17 09:59:39,25577.25,0
2021-05-17 09:59:40,25576.75,0
2021-05-17 09:59:41,25574.3,0
2021-05-17 09:59:42,25575.9,0
2021-05-17 09:59:43,25577.8,0
2021-05-17 09:59:44,25576.2,0
2021-05-17 09:59:45,25573.7,0
2021-05-17 09:59:46,25573.35,0
2021-05-17 09:59:47,25574.35,0
2021-05-17 09:59:48,25572.65,0
2021-05-17 09:59:49,25573.6,0
2021-05-17 09:59:50,25575.6,0
2021-05-17 09:59:51,25573.7,0
2021-05-17 09:59:53,25574.75,0
2021-05-17 09:59:54,25575.65,0
2021-05-17 09:59:55,25575.35,0
2021-05-17 09:59:56,25576.45,0
2021-05-17 09:59:57,25576.0,0
2021-05-17 09:59:58,25574.65,0
2021-05-17 09:59:59,25574.55,0
2021-05-17 10:00:00,25576.35,0
2021-05-17 10:00:01,25577.3,0
2021-05-17 10:00:02,25577.6,0
2021-05-17 10:00:03,25578.35,0
2021-05-17 10:00:04,25578.65,0
2021-05-17 10:00:05,25577.85,0
2021-05-17 10:00:06,25576.75,0
2021-05-17 10:00:08,25578.4,0
2021-05-17 10:00:09,25578.1,0
2021-05-17 10:00:10,25579.1,0
2021-05-17 10:00:11,25581.75,0
2021-05-17 10:00:12,25577.9,0
2021-05-17 10:00:13,25582.4,0
2021-05-17 10:00:14,25583.0,0
2021-05-17 10:00:15,25584.95,0
2021-05-17 10:00:16,25586.3,0
2021-05-17 10:00:17,25584.9,0
2021-05-17 10:00:18,25587.8,0
2021-05-17 10:00:19,25588.45,0
2021-05-17 10:00:20,25589.35,0
2021-05-17 10:00:21,25591.6,0
2021-05-17 10:00:22,25595.4,0
2021-05-17 10:00:23,25593.45,0
2021-05-17 10:00:24,25594.9,0
2021-05-17 10:00:25,25593.8,0
2021-05-17 10:00:26,25597.05,0
2021-05-17 10:00:27,25596.35,0
2021-05-17 10:00:28,25597.05,0
2021-05-17 10:00:29,25596.5,0
2021-05-17 10:00:30,25599.9,0
2021-05-17 10:00:31,25601.1,0
2021-05-17 10:00:32,25600.05,0
2021-05-17 10:00:33,25601.95,0
2021-05-17 10:00:35,25599.7,0
2021-05-17 10:00:37,25601.05,0
2021-05-17 10:00:38,25602.55,0
2021-05-17 10:00:40,25603.25,0
2021-05-17 10:00:41,25602.75,0
2021-05-17 10:00:42,25602.3,0
2021-05-17 10:00:43,25599.3,0
2021-05-17 10:00:44,25596.7,0
2021-05-17 10:00:45,25598.15,0
2021-05-17 10:00:46,25599.25,0
2021-05-17 10:00:47,25596.5,0
2021-05-17 10:00:49,25595.0,0
2021-05-17 10:00:50,25592.85,0
2021-05-17 10:00:51,25594.35,0
2021-05-17 10:00:52,25595.2,0
2021-05-17 10:00:53,25595.85,0
2021-05-17 10:00:54,25595.05,0
2021-05-17 10:00:55,25595.25,0
2021-05-17 10:00:56,25593.65,0
2021-05-17 10:00:57,25593.15,0
2021-05-17 10:00:58,25595.1,0
2021-05-17 10:00:59,25596.6,0
2021-05-17 10:01:00,25597.0,0
2021-05-17 10:01:01,25593.95,0
2021-05-17 10:01:02,25595.25,0
2021-05-17 10:01:03,25596.3,0
2021-05-17 10:01:04,25597.15,0
2021-05-17 10:01:05,25597.75,0
2021-05-17 10:01:06,25600.05,0
2021-05-17 10:01:08,25595.35,0
2021-05-17 10:01:09,25600.4,0
2021-05-17 10:01:10,25600.8,0
2021-05-17 10:01:11,25601.95,0
2021-05-17 10:01:12,25600.75,0
2021-05-17 10:01:13,25601.25,0
2021-05-17 10:01:14,25599.85,0
2021-05-17 10:01:15,25601.05,0
2021-05-17 10:01:17,25598.6,0
2021-05-17 10:01:19,25601.85,0
2021-05-17 10:01:21,25599.15,0
2021-05-17 10:01:23,25592.45,0
2021-05-17 10:01:24,25591.35,0
2021-05-17 10:01:25,25590.55,0
2021-05-17 10:01:27,25592.25,0
2021-05-17 10:01:28,25597.55,0
2021-05-17 10:01:29,25595.05,0
2021-05-17 10:01:30,25594.7,0
2021-05-17 10:01:31,25594.1,0
2021-05-17 10:01:32,25593.1,0
2021-05-17 10:01:33,25595.8,0
2021-05-17 10:01:34,25597.3,0
2021-05-17 10:01:35,25597.8,0
2021-05-17 10:01:36,25597.3,0
2021-05-17 10:01:37,25597.0,0
2021-05-17 10:01:38,25598.1,0
2021-05-17 10:01:39,25598.3,0
2021-05-17 10:01:40,25596.2,0
2021-05-17 10:01:41,25593.75,0
2021-05-17 10:01:42,25592.0,0
2021-05-17 10:01:43,25591.75,0
2021-05-17 10:01:45,25588.55,0
2021-05-17 10:01:46,25590.3,0
2021-05-17 10:01:47,25590.05,0
2021-05-17 10:01:49,25592.05,0
2021-05-17 10:01:50,25593.75,0
2021-05-17 10:01:51,25589.6,0
2021-05-17 10:01:53,25587.25,0
2021-05-17 10:01:54,25589.25,0
2021-05-17 10:01:55,25589.3,0
2021-05-17 10:01:56,25586.4,0
2021-05-17 10:01:58,25586.0,0
2021-05-17 10:02:00,25584.95,0
2021-05-17 10:02:02,25581.5,0
2021-05-17 10:02:03,25583.55,0
2021-05-17 10:02:05,25582.0,0
2021-05-17 10:02:06,25585.15,0
2021-05-17 10:02:07,25585.6,0
2021-05-17 10:02:08,25585.9,0
2021-05-17 10:02:09,25583.8,0
2021-05-17 10:02:10,25583.8,0
2021-05-17 10:02:11,25585.2,0
2021-05-17 10:02:12,25584.85,0
2021-05-17 10:02:15,25583.8,0
2021-05-17 10:02:16,25586.65,0
2021-05-17 10:02:17,25584.05,0
2021-05-17 10:02:18,25584.25,0
2021-05-17 10:02:19,25587.05,0
2021-05-17 10:02:21,25588.7,0
2021-05-17 10:02:22,25588.8,0
2021-05-17 10:02:23,25587.9,0
2021-05-17 10:02:24,25587.55,0
2021-05-17 10:02:25,25587.15,0
2021-05-17 10:02:26,25589.1,0
2021-05-17 10:02:27,25588.25,0
2021-05-17 10:02:28,25593.5,0
2021-05-17 10:02:29,25588.75,0
2021-05-17 10:02:30,25591.75,0
2021-05-17 10:02:31,25591.4,0
2021-05-17 10:02:32,25591.9,0
2021-05-17 10:02:33,25589.85,0
2021-05-17 10:02:34,25590.8,0
2021-05-17 10:02:35,25594.8,0
2021-05-17 10:02:36,25597.55,0
2021-05-17 10:02:37,25596.3,0
2021-05-17 10:02:38,25594.15,0
2021-05-17 10:02:39,25594.8,0
2021-05-17 10:02:40,25594.85,0
2021-05-17 10:02:41,25595.6,0
2021-05-17 10:02:42,25594.95,0
2021-05-17 10:02:43,25595.75,0
2021-05-17 10:02:44,25595.75,0
2021-05-17 10:02:45,25597.0,0
2021-05-17 10:02:46,25596.55,0
2021-05-17 10:02:47,25596.3,0
2021-05-17 10:02:49,25597.8,0
2021-05-17 10:02:50,25598.3,0
2021-05-17 10:02:52,25598.15,0
2021-05-17 10:02:54,25596.85,0
2021-05-17 10:02:55,25599.05,0
2021-05-17 10:02:56,25600.0,0
2021-05-17 10:02:57,25600.15,0
2021-05-17 10:02:59,25598.2,0
2021-05-17 10:03:00,25599.7,0
2021-05-17 10:03:01,25600.95,0
2021-05-17 10:03:02,25602.85,0
2021-05-17 10:03:03,25600.35,0
2021-05-17 10:03:05,25600.55,0
2021-05-17 10:03:06,25596.6,0
2021-05-17 10:03:07,25597.35,0
2021-05-17 10:03:08,25596.5,0
2021-05-17 10:03:09,25597.6,0
2021-05-17 10:03:10,25597.45,0
2021-05-17 10:03:11,25599.15,0
2021-05-17 10:03:12,25598.8,0
2021-05-17 10:03:13,25596.45,0
2021-05-17 10:03:15,25597.0,0
2021-05-17 10:03:16,25596.4,0
2021-05-17 10:03:17,25593.75,0
2021-05-17 10:03:18,25593.95,0
2021-05-17 10:03:19,25596.3,0
2021-05-17 10:03:20,25592.65,0
2021-05-17 10:03:21,25592.7,0
2021-05-17 10:03:22,25591.25,0
2021-05-17 10:03:23,25592.65,0
2021-05-17 10:03:24,25591.15,0
2021-05-17 10:03:25,25590.3,0
2021-05-17 10:03:26,25589.35,0
2021-05-17 10:03:27,25588.95,0
2021-05-17 10:03:28,25590.0,0
2021-05-17 10:03:30,25589.05,0
2021-05-17 10:03:31,25590.25,0
2021-05-17 10:03:32,25589.6,0
2021-05-17 10:03:33,25589.7,0
2021-05-17 10:03:35,25587.55,0
2021-05-17 10:03:37,25587.3,0
2021-05-17 10:03:38,25590.7,0
2021-05-17 10:03:39,25587.15,0
2021-05-17 10:03:40,25588.45,0
2021-05-17 10:03:41,25587.3,0
2021-05-17 10:03:42,25584.65,0
2021-05-17 10:03:43,25585.55,0
2021-05-17 10:03:44,25586.25,0
2021-05-17 10:03:45,25587.3,0
2021-05-17 10:03:46,25585.15,0
2021-05-17 10:03:47,25585.5,0
2021-05-17 10:03:48,25586.2,0
2021-05-17 10:03:49,25587.1,0
2021-05-17 10:03:50,25585.4,0
2021-05-17 10:03:51,25585.55,0
2021-05-17 10:03:52,25586.5,0
2021-05-17 10:03:53,25587.95,0
2021-05-17 10:03:54,25588.85,0
2021-05-17 10:03:55,25588.85,0
2021-05-17 10:03:56,25588.15,0
2021-05-17 10:03:57,25586.8,0
2021-05-17 10:03:58,25588.55,0
2021-05-17 10:03:59,25584.85,0
2021-05-17 10:04:00,25591.1,0
2021-05-17 10:04:01,25585.7,0
2021-05-17 10:04:02,25585.2,0
2021-05-17 10:04:03,25584.4,0
2021-05-17 10:04:04,25588.4,0
2021-05-17 10:04:05,25588.35,0
2021-05-17 10:04:06,25585.5,0
2021-05-17 10:04:07,25585.55,0
2021-05-17 10:04:08,25584.65,0
2021-05-17 10:04:10,25586.15,0
2021-05-17 10:04:11,25585.95,0
2021-05-17 10:04:12,25585.3,0
2021-05-17 10:04:13,25587.15,0
2021-05-17 10:04:14,25584.85,0
2021-05-17 10:04:15,25587.25,0
2021-05-17 10:04:16,25587.4,0
2021-05-17 10:04:17,25592.35,0
2021-05-17 10:04:18,25590.2,0
2021-05-17 10:04:19,25587.75,0
2021-05-17 10:04:20,25585.55,0
2021-05-17 10:04:21,25586.4,0
2021-05-17 10:04:22,25585.9,0
2021-05-17 10:04:23,25578.1,0
2021-05-17 10:04:24,25579.25,0
2021-05-17 10:04:25,25583.8,0
2021-05-17 10:04:26,25581.45,0
2021-05-17 10:04:27,25579.15,0
2021-05-17 10:04:29,25581.9,0
2021-05-17 10:04:30,25583.2,0
2021-05-17 10:04:32,25583.35,0
2021-05-17 10:04:34,25584.6,0
2021-05-17 10:04:35,25584.95,0
2021-05-17 10:04:36,25580.05,0
2021-05-17 10:04:37,25584.9,0
2021-05-17 10:04:38,25584.85,0
2021-05-17 10:04:39,25584.1,0
2021-05-17 10:04:40,25584.8,0
2021-05-17 10:04:41,25584.2,0
2021-05-17 10:04:42,25585.55,0
2021-05-17 10:04:43,25584.1,0
2021-05-17 10:04:44,25584.05,0
2021-05-17 10:04:45,25582.8,0
2021-05-17 10:04:46,25583.7,0
2021-05-17 10:04:47,25584.2,0
2021-05-17 10:04:48,25582.9,0
2021-05-17 10:04:49,25583.2,0
2021-05-17 10:04:50,25579.8,0
2021-05-17 10:04:51,25580.8,0
2021-05-17 10:04:52,25579.9,0
2021-05-17 10:04:53,25581.6,0
2021-05-17 10:04:54,25580.45,0
2021-05-17 10:04:55,25582.2,0
2021-05-17 10:04:56,25580.55,0
2021-05-17 10:04:57,25582.15,0
2021-05-17 10:04:58,25577.2,0
2021-05-17 10:04:59,25577.5,0
2021-05-17 10:05:00,25579.25,0
2021-05-17 10:05:01,25577.95,0
2021-05-17 10:05:02,25575.9,0
2021-05-17 10:05:03,25576.6,0
2021-05-17 10:05:04,25576.1,0
2021-05-17 10:05:06,25575.85,0
2021-05-17 10:05:07,25573.85,0
2021-05-17 10:05:08,25576.25,0
2021-05-17 10:05:09,25572.4,0
2021-05-17 10:05:10,25569.9,0
2021-05-17 10:05:11,25570.35,0
2021-05-17 10:05:14,25565.75,0
2021-05-17 10:05:15,25563.7,0
2021-05-17 10:05:16,25559.9,0
2021-05-17 10:05:17,25559.3,0
2021-05-17 10:05:18,25565.35,0
2021-05-17 10:05:19,25568.45,0
2021-05-17 10:05:20,25569.0,0
2021-05-17 10:05:21,25568.15,0
2021-05-17 10:05:22,25570.85,0
2021-05-17 10:05:23,25569.5,0
2021-05-17 10:05:24,25570.4,0
2021-05-17 10:05:25,25570.3,0
2021-05-17 10:05:26,25567.1,0
2021-05-17 10:05:27,25569.1,0
2021-05-17 10:05:28,25566.15,0
2021-05-17 10:05:29,25563.55,0
2021-05-17 10:05:30,25565.35,0
2021-05-17 10:05:31,25566.9,0
2021-05-17 10:05:32,25566.9,0
2021-05-17 10:05:34,25568.25,0
2021-05-17 10:05:35,25568.5,0
2021-05-17 10:05:37,25565.05,0
2021-05-17 10:05:38,25564.0,0
2021-05-17 10:05:39,25562.65,0
2021-05-17 10:05:40,25558.0,0
2021-05-17 10:05:41,25560.25,0
2021-05-17 10:05:42,25558.85,0
2021-05-17 10:05:43,25561.25,0
2021-05-17 10:05:44,25559.65,0
2021-05-17 10:05:45,25559.95,0
2021-05-17 10:05:46,25560.95,0
2021-05-17 10:05:47,25563.9,0
2021-05-17 10:05:49,25568.05,0
2021-05-17 10:05:50,25568.95,0
2021-05-17 10:05:51,25574.25,0
2021-05-17 10:05:52,25577.9,0
2021-05-17 10:05:54,25576.6,0
2021-05-17 10:05:55,25579.75,0
2021-05-17 10:05:57,25579.6,0
2021-05-17 10:05:58,25579.3,0
2021-05-17 10:05:59,25579.55,0
2021-05-17 10:06:01,25579.45,0
2021-05-17 10:06:02,25579.85,0
2021-05-17 10:06:03,25582.85,0
2021-05-17 10:06:05,25583.35,0
2021-05-17 10:06:06,25584.25,0
2021-05-17 10:06:07,25583.0,0
2021-05-17 10:06:08,25584.4,0
2021-05-17 10:06:09,25584.15,0
2021-05-17 10:06:10,25582.2,0
2021-05-17 10:06:11,25580.25,0
2021-05-17 10:06:12,25584.6,0
2021-05-17 10:06:13,25581.15,0
2021-05-17 10:06:14,25584.6,0
2021-05-17 10:06:15,25580.65,0
2021-05-17 10:06:16,25584.65,0
2021-05-17 10:06:17,25584.5,0
2021-05-17 10:06:18,25583.4,0
2021-05-17 10:06:19,25582.0,0
2021-05-17 10:06:22,25583.5,0
2021-05-17 10:06:23,25584.3,0
2021-05-17 10:06:24,25583.4,0
2021-05-17 10:06:25,25583.65,0
2021-05-17 10:06:26,25584.05,0
2021-05-17 10:06:27,25582.3,0
2021-05-17 10:06:28,25584.15,0
2021-05-17 10:06:29,25584.6,0
2021-05-17 10:06:30,25585.3,0
2021-05-17 10:06:31,25586.75,0
2021-05-17 10:06:32,25585.6,0
2021-05-17 10:06:33,25585.15,0
2021-05-17 10:06:34,25587.75,0
2021-05-17 10:06:35,25586.05,0
2021-05-17 10:06:36,25586.25,0
2021-05-17 10:06:37,25585.05,0
2021-05-17 10:06:38,25585.55,0
2021-05-17 10:06:39,25583.85,0
2021-05-17 10:06:40,25583.45,0
2021-05-17 10:06:41,25584.05,0
2021-05-17 10:06:42,25585.6,0
2021-05-17 10:06:43,25582.55,0
2021-05-17 10:06:44,25585.55,0
2021-05-17 10:06:45,25586.8,0
2021-05-17 10:06:46,25589.3,0
2021-05-17 10:06:47,25586.55,0
2021-05-17 10:06:48,25588.95,0
2021-05-17 10:06:49,25589.3,0
2021-05-17 10:06:50,25588.6,0
2021-05-17 10:06:51,25589.45,0
2021-05-17 10:06:52,25590.6,0
2021-05-17 10:06:53,25593.3,0
2021-05-17 10:06:54,25593.55,0
2021-05-17 10:06:55,25593.1,0
2021-05-17 10:06:56,25593.2,0
2021-05-17 10:06:57,25595.4,0
2021-05-17 10:06:58,25595.35,0
2021-05-17 10:06:59,25593.2,0
2021-05-17 10:07:00,25595.05,0
2021-05-17 10:07:01,25594.15,0
2021-05-17 10:07:02,25594.95,0
2021-05-17 10:07:03,25595.45,0
2021-05-17 10:07:04,25594.15,0
2021-05-17 10:07:05,25594.1,0
2021-05-17 10:07:06,25593.55,0
2021-05-17 10:07:07,25595.05,0
2021-05-17 10:07:08,25600.15,0
2021-05-17 10:07:09,25596.95,0
2021-05-17 10:07:10,25596.75,0
2021-05-17 10:07:11,25598.5,0
2021-05-17 10:07:12,25599.5,0
2021-05-17 10:07:14,25598.3,0
2021-05-17 10:07:15,25600.35,0
2021-05-17 10:07:16,25601.5,0
2021-05-17 10:07:17,25597.55,0
2021-05-17 10:07:18,25596.75,0
2021-05-17 10:07:19,25599.85,0
2021-05-17 10:07:20,25599.25,0
2021-05-17 10:07:21,25599.3,0
2021-05-17 10:07:22,25600.25,0
2021-05-17 10:07:26,25602.8,0
2021-05-17 10:07:27,25604.15,0
2021-05-17 10:07:28,25606.1,0
2021-05-17 10:07:31,25607.95,0
2021-05-17 10:07:32,25607.55,0
2021-05-17 10:07:33,25609.9,0
2021-05-17 10:07:34,25610.5,0
2021-05-17 10:07:35,25610.25,0
2021-05-17 10:07:36,25609.6,0
2021-05-17 10:07:37,25606.8,0
2021-05-17 10:07:38,25607.3,0
2021-05-17 10:07:39,25608.35,0
2021-05-17 10:07:40,25609.1,0
2021-05-17 10:07:41,25609.0,0
2021-05-17 10:07:42,25609.5,0
2021-05-17 10:07:43,25608.2,0
2021-05-17 10:07:44,25608.65,0
2021-05-17 10:07:45,25607.95,0
2021-05-17 10:07:46,25607.8,0
2021-05-17 10:07:47,25606.4,0
2021-05-17 10:07:48,25608.25,0
2021-05-17 10:07:49,25606.85,0
2021-05-17 10:07:50,25609.5,0
2021-05-17 10:07:51,25609.2,0
2021-05-17 10:07:52,25608.5,0
2021-05-17 10:07:53,25606.8,0
2021-05-17 10:07:54,25608.0,0
2021-05-17 10:07:55,25605.4,0
2021-05-17 10:07:56,25605.0,0
2021-05-17 10:07:57,25608.6,0
2021-05-17 10:07:58,25606.2,0
2021-05-17 10:07:59,25607.0,0
2021-05-17 10:08:00,25605.9,0
2021-05-17 10:08:01,25607.3,0
2021-05-17 10:08:02,25609.2,0
2021-05-17 10:08:03,25607.1,0
2021-05-17 10:08:04,25607.55,0
2021-05-17 10:08:06,25607.5,0
2021-05-17 10:08:07,25607.3,0
2021-05-17 10:08:08,25607.0,0
2021-05-17 10:08:09,25606.4,0
2021-05-17 10:08:10,25607.75,0
2021-05-17 10:08:11,25606.5,0
2021-05-17 10:08:12,25607.45,0
2021-05-17 10:08:13,25608.4,0
2021-05-17 10:08:15,25608.45,0
2021-05-17 10:08:16,25614.9,0
2021-05-17 10:08:17,25614.45,0
2021-05-17 10:08:18,25614.8,0
2021-05-17 10:08:19,25616.3,0
2021-05-17 10:08:20,25616.5,0
2021-05-17 10:08:21,25617.8,0
2021-05-17 10:08:22,25621.8,0
2021-05-17 10:08:24,25618.6,0
2021-05-17 10:08:25,25621.0,0
2021-05-17 10:08:26,25621.2,0
2021-05-17 10:08:27,25620.75,0
2021-05-17 10:08:28,25619.85,0
2021-05-17 10:08:29,25624.5,0
2021-05-17 10:08:30,25623.3,0
2021-05-17 10:08:31,25622.2,0
2021-05-17 10:08:32,25619.15,0
2021-05-17 10:08:33,25620.5,0
2021-05-17 10:08:34,25622.2,0
2021-05-17 10:08:35,25619.3,0
2021-05-17 10:08:36,25614.1,0
2021-05-17 10:08:37,25616.25,0
2021-05-17 10:08:38,25617.8,0
2021-05-17 10:08:40,25617.3,0
2021-05-17 10:08:41,25617.4,0
2021-05-17 10:08:42,25619.8,0
2021-05-17 10:08:43,25614.25,0
2021-05-17 10:08:44,25616.4,0
2021-05-17 10:08:45,25618.65,0
2021-05-17 10:08:46,25618.05,0
2021-05-17 10:08:47,25619.9,0
2021-05-17 10:08:48,25617.25,0
2021-05-17 10:08:49,25617.6,0
2021-05-17 10:08:50,25614.6,0
2021-05-17 10:08:51,25613.3,0
2021-05-17 10:08:52,25616.65,0
2021-05-17 10:08:54,25615.4,0
2021-05-17 10:08:55,25615.9,0
2021-05-17 10:08:56,25614.25,0
2021-05-17 10:08:57,25615.95,0
2021-05-17 10:08:58,25615.7,0
2021-05-17 10:08:59,25617.3,0
2021-05-17 10:09:00,25615.25,0
2021-05-17 10:09:01,25612.45,0
2021-05-17 10:09:02,25616.35,0
2021-05-17 10:09:03,25616.1,0
2021-05-17 10:09:04,25616.9,0
2021-05-17 10:09:06,25610.0,0
2021-05-17 10:09:07,25608.65,0
2021-05-17 10:09:08,25609.8,0
2021-05-17 10:09:09,25611.4,0
2021-05-17 10:09:10,25611.35,0
2021-05-17 10:09:11,25607.6,0
2021-05-17 10:09:12,25605.25,0
2021-05-17 10:09:13,25603.9,0
2021-05-17 10:09:14,25603.45,0
2021-05-17 10:09:15,25600.5,0
2021-05-17 10:09:16,25604.85,0
2021-05-17 10:09:17,25605.55,0
2021-05-17 10:09:18,25605.75,0
2021-05-17 10:09:19,25606.05,0
2021-05-17 10:09:20,25606.6,0
2021-05-17 10:09:21,25605.45,0
2021-05-17 10:09:22,25609.45,0
2021-05-17 10:09:23,25609.4,0
2021-05-17 10:09:24,25609.5,0
2021-05-17 10:09:25,25610.3,0
2021-05-17 10:09:26,25611.25,0
2021-05-17 10:09:27,25611.65,0
2021-05-17 10:09:28,25609.75,0
2021-05-17 10:09:29,25605.65,0
2021-05-17 10:09:30,25606.75,0
2021-05-17 10:09:32,25608.6,0
2021-05-17 10:09:33,25609.1,0
2021-05-17 10:09:34,25608.6,0
2021-05-17 10:09:35,25605.55,0
2021-05-17 10:09:39,25607.65,0
2021-05-17 10:09:48,25608.5,0
2021-05-17 10:09:50,25612.4,0
2021-05-17 10:09:51,25612.0,0
2021-05-17 10:09:53,25611.9,0
2021-05-17 10:09:55,25611.15,0
2021-05-17 10:09:56,25613.65,0
2021-05-17 10:09:57,25612.2,0
2021-05-17 10:09:59,25612.55,0
2021-05-17 10:10:00,25614.35,0
2021-05-17 10:10:01,25610.95,0
2021-05-17 10:10:02,25610.8,0
2021-05-17 10:10:04,25614.85,0
2021-05-17 10:10:05,25614.4,0
2021-05-17 10:10:06,25612.75,0
2021-05-17 10:10:07,25612.35,0
2021-05-17 10:10:08,25614.85,0
2021-05-17 10:10:09,25614.0,0
2021-05-17 10:10:10,25615.3,0
2021-05-17 10:10:11,25618.6,0
2021-05-17 10:10:12,25618.6,0
2021-05-17 10:10:13,25617.65,0
2021-05-17 10:10:14,25620.25,0
2021-05-17 10:10:16,25620.15,0
2021-05-17 10:10:18,25618.45,0
2021-05-17 10:10:19,25617.95,0
2021-05-17 10:10:20,25620.05,0
2021-05-17 10:10:21,25620.7,0
2021-05-17 10:10:22,25620.2,0
2021-05-17 10:10:23,25622.45,0
2021-05-17 10:10:24,25622.55,0
2021-05-17 10:10:27,25623.35,0
2021-05-17 10:10:28,25622.6,0
2021-05-17 10:10:29,25625.0,0
2021-05-17 10:10:30,25622.45,0
2021-05-17 10:10:32,25625.0,0
2021-05-17 10:10:33,25627.7,0
2021-05-17 10:10:34,25628.65,0
2021-05-17 10:10:35,25630.9,0
2021-05-17 10:10:36,25630.95,0
2021-05-17 10:10:37,25629.1,0
2021-05-17 10:10:40,25629.0,0
2021-05-17 10:10:42,25628.7,0
2021-05-17 10:10:43,25626.95,0
2021-05-17 10:10:44,25628.3,0
2021-05-17 10:10:45,25628.05,0
2021-05-17 10:10:46,25624.75,0
2021-05-17 10:10:47,25628.7,0
2021-05-17 10:10:48,25628.85,0
2021-05-17 10:10:50,25629.4,0
2021-05-17 10:10:51,25631.45,0
2021-05-17 10:10:52,25629.8,0
2021-05-17 10:10:53,25626.55,0
2021-05-17 10:10:54,25628.45,0
2021-05-17 10:10:56,25631.55,0
2021-05-17 10:10:57,25631.6,0
2021-05-17 10:10:58,25630.0,0
2021-05-17 10:10:59,25632.3,0
2021-05-17 10:11:00,25631.75,0
2021-05-17 10:11:01,25631.7,0
2021-05-17 10:11:02,25631.25,0
2021-05-17 10:11:03,25631.65,0
2021-05-17 10:11:04,25629.7,0
2021-05-17 10:11:05,25629.45,0
2021-05-17 10:11:06,25629.5,0
2021-05-17 10:11:07,25629.05,0
2021-05-17 10:11:08,25628.3,0
2021-05-17 10:11:09,25629.9,0
2021-05-17 10:11:10,25627.9,0
2021-05-17 10:11:11,25629.15,0
2021-05-17 10:11:13,25628.75,0
2021-05-17 10:11:14,25630.0,0
2021-05-17 10:11:15,25631.9,0
2021-05-17 10:11:16,25630.95,0
2021-05-17 10:11:17,25632.1,0
2021-05-17 10:11:18,25632.25,0
2021-05-17 10:11:19,25632.05,0
2021-05-17 10:11:20,25633.7,0
2021-05-17 10:11:21,25634.05,0
2021-05-17 10:11:22,25635.25,0
2021-05-17 10:11:23,25635.6,0
2021-05-17 10:11:24,25633.4,0
2021-05-17 10:11:25,25632.3,0
2021-05-17 10:11:26,25633.95,0
2021-05-17 10:11:27,25632.45,0
2021-05-17 10:11:28,25632.35,0
2021-05-17 10:11:29,25634.6,0
2021-05-17 10:11:30,25634.55,0
2021-05-17 10:11:32,25632.35,0
2021-05-17 10:11:33,25634.35,0
2021-05-17 10:11:34,25634.6,0
2021-05-17 10:11:35,25636.6,0
2021-05-17 10:11:36,25637.2,0
2021-05-17 10:11:37,25637.05,0
2021-05-17 10:11:38,25640.95,0
2021-05-17 10:11:39,25641.6,0
2021-05-17 10:11:40,25641.9,0
2021-05-17 10:11:41,25641.65,0
2021-05-17 10:11:42,25639.7,0
2021-05-17 10:11:43,25641.1,0
2021-05-17 10:11:44,25640.3,0
2021-05-17 10:11:45,25642.55,0
2021-05-17 10:11:47,25646.55,0
2021-05-17 10:11:48,25646.9,0
2021-05-17 10:11:49,25644.3,0
2021-05-17 10:11:50,25647.2,0
2021-05-17 10:11:51,25647.4,0
2021-05-17 10:11:52,25647.35,0
2021-05-17 10:11:53,25646.65,0
2021-05-17 10:11:54,25643.15,0
2021-05-17 10:11:55,25643.65,0
2021-05-17 10:11:56,25646.55,0
2021-05-17 10:11:57,25647.6,0
2021-05-17 10:11:58,25644.6,0
2021-05-17 10:11:59,25644.95,0
2021-05-17 10:12:00,25645.65,0
2021-05-17 10:12:01,25640.85,0
2021-05-17 10:12:03,25642.5,0
2021-05-17 10:12:04,25642.35,0
2021-05-17 10:12:05,25639.65,0
2021-05-17 10:12:06,25641.6,0
2021-05-17 10:12:07,25639.55,0
2021-05-17 10:12:08,25642.15,0
2021-05-17 10:12:09,25642.5,0
2021-05-17 10:12:10,25641.6,0
2021-05-17 10:12:11,25637.6,0
2021-05-17 10:12:12,25637.05,0
2021-05-17 10:12:14,25632.05,0
2021-05-17 10:12:15,25636.3,0
2021-05-17 10:12:16,25632.95,0
2021-05-17 10:12:17,25632.35,0
2021-05-17 10:12:18,25633.7,0
2021-05-17 10:12:19,25633.85,0
2021-05-17 10:12:20,25631.7,0
2021-05-17 10:12:22,25631.5,0
2021-05-17 10:12:23,25633.4,0
2021-05-17 10:12:24,25633.15,0
2021-05-17 10:12:25,25633.55,0
2021-05-17 10:12:26,25632.6,0
2021-05-17 10:12:27,25632.1,0
2021-05-17 10:12:28,25632.45,0
2021-05-17 10:12:29,25630.25,0
2021-05-17 10:12:30,25631.6,0
2021-05-17 10:12:31,25631.4,0
2021-05-17 10:12:32,25632.05,0
2021-05-17 10:12:33,25631.55,0
2021-05-17 10:12:35,25633.9,0
2021-05-17 10:12:36,25630.6,0
2021-05-17 10:12:37,25625.15,0
2021-05-17 10:12:38,25624.8,0
2021-05-17 10:12:39,25629.4,0
2021-05-17 10:12:40,25630.8,0
2021-05-17 10:12:41,25629.7,0
2021-05-17 10:12:42,25630.25,0
2021-05-17 10:12:44,25628.85,0
2021-05-17 10:12:45,25627.05,0
2021-05-17 10:12:46,25629.7,0
2021-05-17 10:12:47,25629.65,0
2021-05-17 10:12:48,25634.25,0
2021-05-17 10:12:49,25632.05,0
2021-05-17 10:12:50,25631.9,0
2021-05-17 10:12:52,25635.25,0
2021-05-17 10:12:54,25632.3,0
2021-05-17 10:12:55,25634.55,0
2021-05-17 10:12:56,25633.15,0
2021-05-17 10:12:57,25636.2,0
2021-05-17 10:12:58,25633.25,0
2021-05-17 10:12:59,25635.6,0
2021-05-17 10:13:00,25635.05,0
2021-05-17 10:13:02,25637.9,0
2021-05-17 10:13:04,25636.25,0
2021-05-17 10:13:05,25636.05,0
2021-05-17 10:13:06,25637.85,0
2021-05-17 10:13:07,25636.65,0
2021-05-17 10:13:08,25634.5,0
2021-05-17 10:13:09,25636.55,0
2021-05-17 10:13:10,25636.35,0
2021-05-17 10:13:11,25635.85,0
2021-05-17 10:13:12,25635.7,0
2021-05-17 10:13:13,25637.4,0
2021-05-17 10:13:14,25637.15,0
2021-05-17 10:13:15,25636.9,0
2021-05-17 10:13:16,25636.8,0
2021-05-17 10:13:17,25636.1,0
2021-05-17 10:13:18,25637.8,0
2021-05-17 10:13:19,25636.15,0
2021-05-17 10:13:21,25638.45,0
2021-05-17 10:13:22,25636.75,0
2021-05-17 10:13:23,25636.05,0
2021-05-17 10:13:24,25637.8,0
2021-05-17 10:13:25,25637.7,0
2021-05-17 10:13:26,25637.6,0
2021-05-17 10:13:27,25636.5,0
2021-05-17 10:13:28,25636.0,0
2021-05-17 10:13:29,25635.55,0
2021-05-17 10:13:30,25636.95,0
2021-05-17 10:13:31,25635.95,0
2021-05-17 10:13:32,25635.0,0
2021-05-17 10:13:33,25634.7,0
2021-05-17 10:13:34,25635.3,0
2021-05-17 10:13:35,25635.55,0
2021-05-17 10:13:36,25634.7,0
2021-05-17 10:13:37,25633.9,0
2021-05-17 10:13:38,25633.95,0
2021-05-17 10:13:39,25633.9,0
2021-05-17 10:13:40,25636.15,0
2021-05-17 10:13:41,25635.55,0
2021-05-17 10:13:42,25634.5,0
2021-05-17 10:13:43,25634.45,0
2021-05-17 10:13:44,25635.6,0
2021-05-17 10:13:45,25633.75,0
2021-05-17 10:13:46,25635.3,0
2021-05-17 10:13:47,25634.1,0
2021-05-17 10:13:48,25634.9,0
2021-05-17 10:13:49,25634.5,0
2021-05-17 10:13:50,25633.7,0
2021-05-17 10:13:51,25633.65,0
2021-05-17 10:13:52,25634.4,0
2021-05-17 10:13:53,25634.3,0
2021-05-17 10:13:54,25633.45,0
2021-05-17 10:13:55,25633.8,0
2021-05-17 10:13:56,25633.45,0
2021-05-17 10:13:57,25633.6,0
2021-05-17 10:13:58,25633.9,0
2021-05-17 10:14:00,25633.45,0
2021-05-17 10:14:01,25633.95,0
2021-05-17 10:14:03,25633.9,0
2021-05-17 10:14:04,25633.7,0
2021-05-17 10:14:05,25634.55,0
2021-05-17 10:14:06,25637.05,0
2021-05-17 10:14:07,25637.15,0
2021-05-17 10:14:08,25641.85,0
2021-05-17 10:14:09,25642.1,0
2021-05-17 10:14:10,25644.95,0
2021-05-17 10:14:11,25645.4,0
2021-05-17 10:14:12,25643.25,0
2021-05-17 10:14:13,25646.85,0
2021-05-17 10:14:14,25644.9,0
2021-05-17 10:14:15,25645.95,0
2021-05-17 10:14:16,25645.95,0
2021-05-17 10:14:17,25649.0,0
2021-05-17 10:14:18,25650.85,0
2021-05-17 10:14:19,25651.5,0
2021-05-17 10:14:20,25648.0,0
2021-05-17 10:14:21,25647.65,0
2021-05-17 10:14:22,25649.6,0
2021-05-17 10:14:23,25647.5,0
2021-05-17 10:14:24,25646.6,0
2021-05-17 10:14:25,25647.65,0
2021-05-17 10:14:26,25648.05,0
2021-05-17 10:14:27,25648.6,0
2021-05-17 10:14:29,25648.95,0
2021-05-17 10:14:30,25649.0,0
2021-05-17 10:14:31,25647.15,0
2021-05-17 10:14:33,25649.5,0
2021-05-17 10:14:34,25646.35,0
2021-05-17 10:14:35,25647.3,0
2021-05-17 10:14:36,25648.5,0
2021-05-17 10:14:37,25646.2,0
2021-05-17 10:14:38,25641.05,0
2021-05-17 10:14:39,25642.85,0
2021-05-17 10:14:41,25645.85,0
2021-05-17 10:14:42,25648.7,0
2021-05-17 10:14:43,25646.85,0
2021-05-17 10:14:44,25645.25,0
2021-05-17 10:14:46,25642.95,0
2021-05-17 10:14:47,25645.0,0
2021-05-17 10:14:48,25647.75,0
2021-05-17 10:14:49,25647.2,0
2021-05-17 10:14:51,25648.65,0
2021-05-17 10:14:52,25647.55,0
2021-05-17 10:14:53,25646.85,0
2021-05-17 10:14:54,25645.4,0
2021-05-17 10:14:55,25649.4,0
2021-05-17 10:14:57,25650.35,0
2021-05-17 10:14:58,25650.25,0
2021-05-17 10:14:59,25649.55,0
2021-05-17 10:15:01,25653.45,0
2021-05-17 10:15:02,25652.35,0
2021-05-17 10:15:03,25649.35,0
2021-05-17 10:15:04,25650.15,0
2021-05-17 10:15:05,25651.5,0
2021-05-17 10:15:08,25650.9,0
2021-05-17 10:15:10,25651.25,0
2021-05-17 10:15:11,25648.1,0
2021-05-17 10:15:13,25649.45,0
2021-05-17 10:15:15,25646.8,0
2021-05-17 10:15:16,25649.85,0
2021-05-17 10:15:17,25647.15,0
2021-05-17 10:15:18,25645.3,0
2021-05-17 10:15:19,25645.3,0
2021-05-17 10:15:20,25645.7,0
2021-05-17 10:15:21,25647.5,0
2021-05-17 10:15:22,25649.45,0
2021-05-17 10:15:23,25647.8,0
2021-05-17 10:15:25,25651.05,0
2021-05-17 10:15:26,25652.2,0
2021-05-17 10:15:28,25650.05,0
2021-05-17 10:15:29,25650.05,0
2021-05-17 10:15:30,25653.1,0
2021-05-17 10:15:33,25649.95,0
2021-05-17 10:15:34,25651.4,0
2021-05-17 10:15:35,25651.3,0
2021-05-17 10:15:36,25651.15,0
2021-05-17 10:15:37,25648.6,0
2021-05-17 10:15:38,25648.9,0
2021-05-17 10:15:39,25648.65,0
2021-05-17 10:15:40,25646.45,0
2021-05-17 10:15:41,25649.05,0
2021-05-17 10:15:42,25648.9,0
2021-05-17 10:15:44,25648.55,0
2021-05-17 10:15:45,25648.85,0
2021-05-17 10:15:46,25648.9,0
2021-05-17 10:15:47,25649.3,0
2021-05-17 10:15:48,25650.05,0
2021-05-17 10:15:49,25650.7,0
2021-05-17 10:15:50,25650.4,0
2021-05-17 10:15:51,25650.4,0
2021-05-17 10:15:52,25650.6,0
2021-05-17 10:15:53,25650.5,0
2021-05-17 10:15:54,25654.2,0
2021-05-17 10:15:55,25654.2,0
2021-05-17 10:15:56,25656.25,0
2021-05-17 10:15:57,25655.4,0
2021-05-17 10:15:58,25652.6,0
2021-05-17 10:16:00,25650.0,0
2021-05-17 10:16:01,25651.7,0
2021-05-17 10:16:02,25651.65,0
2021-05-17 10:16:03,25648.95,0
2021-05-17 10:16:04,25649.65,0
2021-05-17 10:16:05,25648.9,0
2021-05-17 10:16:06,25647.6,0
2021-05-17 10:16:07,25645.9,0
2021-05-17 10:16:08,25646.15,0
2021-05-17 10:16:09,25643.15,0
2021-05-17 10:16:10,25644.1,0
2021-05-17 10:16:11,25645.55,0
2021-05-17 10:16:12,25642.65,0
2021-05-17 10:16:13,25643.6,0
2021-05-17 10:16:14,25642.15,0
2021-05-17 10:16:15,25643.05,0
2021-05-17 10:16:16,25643.45,0
2021-05-17 10:16:17,25644.85,0
2021-05-17 10:16:18,25641.65,0
