timestamp,ltp,volume
2021-04-13 09:15:00,332.05,120996
2021-04-13 09:15:00,332.05,120996
2021-04-13 09:15:02,331.15,169874
2021-04-13 09:15:03,331.4,209350
2021-04-13 09:15:04,331.45,222352
2021-04-13 09:15:05,331.75,249667
2021-04-13 09:15:06,331.45,260781
2021-04-13 09:15:07,331.2,284242
2021-04-13 09:15:08,331.35,296113
2021-04-13 09:15:09,330.8,332358
2021-04-13 09:15:10,331.05,340122
2021-04-13 09:15:11,331.0,344602
2021-04-13 09:15:12,330.85,355992
2021-04-13 09:15:13,331.35,373833
2021-04-13 09:15:14,331.25,384059
2021-04-13 09:15:15,331.25,391329
2021-04-13 09:15:16,331.0,397103
2021-04-13 09:15:17,331.3,405936
2021-04-13 09:15:18,331.05,416522
2021-04-13 09:15:19,331.0,429481
2021-04-13 09:15:20,331.25,443509
2021-04-13 09:15:21,331.45,468040
2021-04-13 09:15:22,331.4,484454
2021-04-13 09:15:23,331.6,489666
2021-04-13 09:15:24,331.4,496406
2021-04-13 09:15:25,331.7,501606
2021-04-13 09:15:26,331.8,510805
2021-04-13 09:15:27,331.75,517738
2021-04-13 09:15:28,331.95,524952
2021-04-13 09:15:29,331.7,530256
2021-04-13 09:15:30,331.95,540025
2021-04-13 09:15:30,331.7,541553
2021-04-13 09:15:32,331.95,550308
2021-04-13 09:15:33,331.9,559877
2021-04-13 09:15:34,331.9,564771
2021-04-13 09:15:35,332.25,576247
2021-04-13 09:15:36,332.25,591996
2021-04-13 09:15:37,332.95,609875
2021-04-13 09:15:38,332.85,618039
2021-04-13 09:15:39,333.0,631443
2021-04-13 09:15:40,332.95,639131
2021-04-13 09:15:41,333.25,651049
2021-04-13 09:15:42,333.0,657273
2021-04-13 09:15:43,333.0,661583
2021-04-13 09:15:44,333.45,673595
2021-04-13 09:15:45,333.3,683139
2021-04-13 09:15:46,333.55,695071
2021-04-13 09:15:47,333.35,706041
2021-04-13 09:15:48,333.35,718095
2021-04-13 09:15:49,333.45,736624
2021-04-13 09:15:50,333.45,754647
2021-04-13 09:15:51,333.55,765090
2021-04-13 09:15:52,333.55,779717
2021-04-13 09:15:53,333.55,816783
2021-04-13 09:15:54,333.55,850003
2021-04-13 09:15:55,333.2,877065
2021-04-13 09:15:57,333.35,911617
2021-04-13 09:15:56,333.25,910440
2021-04-13 09:15:58,333.4,924457
2021-04-13 09:15:59,333.4,930655
2021-04-13 09:16:00,333.4,937158
2021-04-13 09:16:01,333.25,945188
2021-04-13 09:16:02,333.2,986847
2021-04-13 09:16:03,333.3,1030761
2021-04-13 09:16:04,333.05,1038840
2021-04-13 09:16:05,333.1,1045773
2021-04-13 09:16:06,333.15,1051923
2021-04-13 09:16:07,333.15,1052043
2021-04-13 09:16:08,333.0,1066724
2021-04-13 09:16:09,333.05,1075225
2021-04-13 09:16:10,332.95,1089497
2021-04-13 09:16:11,332.85,1095300
2021-04-13 09:16:12,332.6,1100058
2021-04-13 09:16:13,332.6,1107571
2021-04-13 09:16:14,332.55,1109974
2021-04-13 09:16:15,332.2,1126575
2021-04-13 09:16:16,332.15,1137906
2021-04-13 09:16:17,332.25,1162885
2021-04-13 09:16:18,332.3,1173767
2021-04-13 09:16:19,332.5,1182324
2021-04-13 09:16:20,332.65,1192896
2021-04-13 09:16:21,332.6,1193964
2021-04-13 09:16:22,332.9,1198754
2021-04-13 09:16:23,332.9,1200323
2021-04-13 09:16:24,332.8,1203817
2021-04-13 09:16:25,332.9,1205273
2021-04-13 09:16:26,332.9,1210983
2021-04-13 09:16:27,332.9,1212884
2021-04-13 09:16:28,332.85,1216674
2021-04-13 09:16:29,333.0,1220902
2021-04-13 09:16:30,333.0,1241864
2021-04-13 09:16:31,333.05,1257331
2021-04-13 09:16:32,333.45,1282881
2021-04-13 09:16:33,333.2,1287155
2021-04-13 09:16:34,333.1,1296234
2021-04-13 09:16:35,333.3,1311722
2021-04-13 09:16:36,333.05,1316690
2021-04-13 09:16:37,333.3,1325970
2021-04-13 09:16:39,333.25,1334627
2021-04-13 09:16:40,333.25,1335388
2021-04-13 09:16:41,333.15,1340579
2021-04-13 09:16:42,333.35,1347457
2021-04-13 09:16:43,333.4,1360887
2021-04-13 09:16:44,333.15,1372618
2021-04-13 09:16:45,333.3,1375187
2021-04-13 09:16:46,333.05,1479597
2021-04-13 09:16:47,332.9,1480053
2021-04-13 09:16:48,332.9,1484639
2021-04-13 09:16:49,332.9,1489556
2021-04-13 09:16:50,332.8,1499590
2021-04-13 09:16:51,332.75,1510779
2021-04-13 09:16:52,332.9,1513735
2021-04-13 09:16:53,333.1,1517800
2021-04-13 09:16:54,333.05,1523857
2021-04-13 09:16:55,333.15,1529506
2021-04-13 09:16:56,333.15,1532467
2021-04-13 09:16:57,333.1,1536330
2021-04-13 09:16:58,333.05,1539982
2021-04-13 09:16:59,333.05,1543203
2021-04-13 09:17:00,333.0,1548201
2021-04-13 09:17:01,332.95,1557767
2021-04-13 09:17:02,333.0,1562202
2021-04-13 09:17:03,333.0,1576151
2021-04-13 09:17:04,333.05,1582689
2021-04-13 09:17:05,333.05,1585032
2021-04-13 09:17:06,333.2,1587427
2021-04-13 09:17:07,333.15,1593280
2021-04-13 09:17:08,333.05,1601614
2021-04-13 09:17:09,333.3,1606598
2021-04-13 09:17:10,333.3,1608314
2021-04-13 09:17:11,333.2,1613936
2021-04-13 09:17:12,333.2,1621465
2021-04-13 09:17:13,333.3,1634713
2021-04-13 09:17:14,333.45,1645137
2021-04-13 09:17:15,333.45,1649401
2021-04-13 09:17:16,333.5,1655873
2021-04-13 09:17:17,333.5,1665089
2021-04-13 09:17:18,333.5,1669345
2021-04-13 09:17:19,333.35,1669392
2021-04-13 09:17:20,333.5,1673875
2021-04-13 09:17:21,333.65,1685059
2021-04-13 09:17:22,333.5,1692089
2021-04-13 09:17:23,333.7,1695300
2021-04-13 09:17:24,333.7,1701451
2021-04-13 09:17:25,333.7,1707170
2021-04-13 09:17:26,333.55,1710352
2021-04-13 09:17:27,333.85,1718266
2021-04-13 09:17:28,333.9,1723072
2021-04-13 09:17:29,333.9,1730963
2021-04-13 09:17:30,333.9,1739533
2021-04-13 09:17:31,333.65,1742064
2021-04-13 09:17:32,333.9,1743795
2021-04-13 09:17:33,333.9,1752245
2021-04-13 09:17:34,333.9,1772997
2021-04-13 09:17:35,334.0,1778016
2021-04-13 09:17:36,333.9,1784663
2021-04-13 09:17:37,333.95,1793770
2021-04-13 09:17:38,333.9,1795074
2021-04-13 09:17:39,334.0,1800326
2021-04-13 09:17:40,333.75,1809658
2021-04-13 09:17:41,333.85,1819094
2021-04-13 09:17:43,333.9,1831187
2021-04-13 09:17:42,333.75,1823746
2021-04-13 09:17:44,333.95,1837095
2021-04-13 09:17:45,334.0,1850702
2021-04-13 09:17:46,334.0,1856474
2021-04-13 09:17:48,333.75,1873259
2021-04-13 09:17:49,333.85,1882480
2021-04-13 09:17:50,333.9,1894269
2021-04-13 09:17:51,333.95,1898616
2021-04-13 09:17:52,333.85,1900492
2021-04-13 09:17:53,334.0,1916690
2021-04-13 09:17:54,334.0,1916690
2021-04-13 09:17:55,333.9,1921335
2021-04-13 09:17:56,333.75,1932040
2021-04-13 09:17:57,333.85,1938318
2021-04-13 09:17:58,333.85,1939624
2021-04-13 09:17:59,334.0,1951945
2021-04-13 09:18:00,333.85,1953982
2021-04-13 09:18:01,333.85,1956168
2021-04-13 09:18:02,333.85,1964911
2021-04-13 09:18:03,333.85,1974147
2021-04-13 09:18:04,333.6,1981166
2021-04-13 09:18:05,333.9,1996428
2021-04-13 09:18:06,333.75,1999245
2021-04-13 09:18:08,333.8,2010706
2021-04-13 09:18:08,333.8,2009901
2021-04-13 09:18:09,333.8,2016836
2021-04-13 09:18:10,333.55,2022515
2021-04-13 09:18:11,333.6,2023709
2021-04-13 09:18:12,333.55,2081388
2021-04-13 09:18:13,333.35,2083424
2021-04-13 09:18:14,333.25,2198403
2021-04-13 09:18:15,333.3,2207098
2021-04-13 09:18:16,333.2,2213436
2021-04-13 09:18:17,332.85,2285494
2021-04-13 09:18:18,332.9,2287181
2021-04-13 09:18:19,332.65,2289937
2021-04-13 09:18:20,332.8,2294060
2021-04-13 09:18:21,332.55,2303179
2021-04-13 09:18:22,332.75,2304342
2021-04-13 09:18:23,332.75,2308708
2021-04-13 09:18:24,332.75,2314029
2021-04-13 09:18:25,332.7,2331125
2021-04-13 09:18:26,332.7,2333647
2021-04-13 09:18:27,332.7,2398987
2021-04-13 09:18:28,332.5,2404193
2021-04-13 09:18:29,332.7,2405038
2021-04-13 09:18:30,332.4,2408597
2021-04-13 09:18:31,332.35,2409996
2021-04-13 09:18:32,332.35,2411431
2021-04-13 09:18:33,332.35,2412855
2021-04-13 09:18:34,332.65,2416870
2021-04-13 09:18:35,332.65,2419150
2021-04-13 09:18:36,332.7,2422218
2021-04-13 09:18:37,332.8,2423500
2021-04-13 09:18:38,332.6,2425810
2021-04-13 09:18:39,332.8,2427970
2021-04-13 09:18:40,332.7,2433367
2021-04-13 09:18:41,332.8,2435452
2021-04-13 09:18:42,332.7,2435997
2021-04-13 09:18:43,332.8,2437237
2021-04-13 09:18:44,332.8,2438484
2021-04-13 09:18:45,332.65,2442043
2021-04-13 09:18:46,332.8,2443639
2021-04-13 09:18:47,332.7,2445973
2021-04-13 09:18:48,332.65,2449768
2021-04-13 09:18:49,332.85,2454068
2021-04-13 09:18:50,332.9,2455216
2021-04-13 09:18:51,332.9,2457809
2021-04-13 09:18:52,332.9,2460264
2021-04-13 09:18:53,332.85,2461704
2021-04-13 09:18:54,333.0,2470980
2021-04-13 09:18:55,333.0,2475076
2021-04-13 09:18:57,332.95,2475884
2021-04-13 09:18:57,332.9,2476085
2021-04-13 09:18:58,332.95,2481962
2021-04-13 09:18:59,332.8,2490924
2021-04-13 09:19:00,332.85,2493906
2021-04-13 09:19:01,332.85,2497820
2021-04-13 09:19:02,332.9,2500833
2021-04-13 09:19:03,332.85,2506311
2021-04-13 09:19:04,332.75,2521113
2021-04-13 09:19:06,332.6,2523158
2021-04-13 09:19:07,332.65,2524788
2021-04-13 09:19:08,332.65,2528008
2021-04-13 09:19:09,332.6,2529039
2021-04-13 09:19:10,332.6,2530693
2021-04-13 09:19:11,332.6,2532971
2021-04-13 09:19:12,332.55,2534766
2021-04-13 09:19:13,332.6,2536518
2021-04-13 09:19:14,332.55,2551114
2021-04-13 09:19:15,332.55,2554171
2021-04-13 09:19:16,332.5,2569273
2021-04-13 09:19:17,332.5,2572075
2021-04-13 09:19:18,332.35,2576414
2021-04-13 09:19:19,332.3,2577437
2021-04-13 09:19:20,332.3,2584291
2021-04-13 09:19:21,332.5,2586571
2021-04-13 09:19:22,332.4,2588490
2021-04-13 09:19:23,332.5,2589239
2021-04-13 09:19:24,332.5,2591291
2021-04-13 09:19:25,332.5,2598622
2021-04-13 09:19:27,332.45,2604168
2021-04-13 09:19:27,332.45,2604358
2021-04-13 09:19:29,332.4,2608781
2021-04-13 09:19:29,332.35,2608941
2021-04-13 09:19:30,332.45,2610323
2021-04-13 09:19:31,332.35,2612608
2021-04-13 09:19:32,332.45,2614554
2021-04-13 09:19:33,332.35,2617422
2021-04-13 09:19:34,332.35,2618015
2021-04-13 09:19:35,332.2,2622709
2021-04-13 09:19:36,332.2,2627429
2021-04-13 09:19:37,332.3,2629426
2021-04-13 09:19:38,332.1,2632082
2021-04-13 09:19:39,332.15,2634361
2021-04-13 09:19:40,332.25,2637472
2021-04-13 09:19:41,332.25,2638232
2021-04-13 09:19:43,332.0,2649519
2021-04-13 09:19:44,332.15,2656817
2021-04-13 09:19:44,332.15,2658029
2021-04-13 09:19:45,332.15,2662520
2021-04-13 09:19:46,332.0,2668920
2021-04-13 09:19:47,332.0,2705546
2021-04-13 09:19:48,331.95,2715784
2021-04-13 09:19:49,331.95,2717908
2021-04-13 09:19:50,331.85,2719986
2021-04-13 09:19:51,331.95,2722950
2021-04-13 09:19:53,331.9,2725903
2021-04-13 09:19:53,331.75,2725928
2021-04-13 09:19:54,331.8,2727866
2021-04-13 09:19:55,331.8,2732353
2021-04-13 09:19:56,331.95,2738093
2021-04-13 09:19:57,331.9,2742262
2021-04-13 09:19:58,331.8,2745895
2021-04-13 09:19:59,331.8,2747686
2021-04-13 09:20:00,331.8,2748624
2021-04-13 09:20:01,331.6,2752336
2021-04-13 09:20:02,331.55,2767126
2021-04-13 09:20:03,331.45,2770113
2021-04-13 09:20:04,331.65,2775201
2021-04-13 09:20:06,331.6,2780662
2021-04-13 09:20:06,331.6,2781822
2021-04-13 09:20:07,331.55,2783511
2021-04-13 09:20:08,331.6,2790789
2021-04-13 09:20:09,331.25,2799531
2021-04-13 09:20:10,331.45,2803601
2021-04-13 09:20:11,331.35,2807952
2021-04-13 09:20:12,331.4,2813130
2021-04-13 09:20:13,331.5,2813881
2021-04-13 09:20:14,331.5,2815485
2021-04-13 09:20:16,331.25,2818812
2021-04-13 09:20:16,331.25,2820832
2021-04-13 09:20:17,331.25,2823794
2021-04-13 09:20:19,331.25,2826502
2021-04-13 09:20:20,331.05,2831563
2021-04-13 09:20:21,331.1,2845137
2021-04-13 09:20:21,331.2,2845139
2021-04-13 09:20:22,331.15,2848926
2021-04-13 09:20:23,331.2,2871558
2021-04-13 09:20:24,331.15,2873726
2021-04-13 09:20:25,331.05,2879358
2021-04-13 09:20:26,331.2,2887282
2021-04-13 09:20:27,331.0,2889590
2021-04-13 09:20:28,331.1,2891086
2021-04-13 09:20:29,331.05,2904151
2021-04-13 09:20:31,331.0,2907739
2021-04-13 09:20:32,330.9,2914712
2021-04-13 09:20:32,330.9,2914947
2021-04-13 09:20:34,330.9,2919697
2021-04-13 09:20:34,330.8,2921977
2021-04-13 09:20:35,330.75,2937969
2021-04-13 09:20:36,330.65,2961692
2021-04-13 09:20:37,330.7,2964575
2021-04-13 09:20:38,330.9,2978476
2021-04-13 09:20:39,330.8,2986744
2021-04-13 09:20:40,331.0,3020311
2021-04-13 09:20:41,330.95,3025018
2021-04-13 09:20:42,331.0,3034337
2021-04-13 09:20:43,330.9,3042995
2021-04-13 09:20:44,331.1,3047587
2021-04-13 09:20:45,331.15,3069974
2021-04-13 09:20:46,331.1,3075027
2021-04-13 09:20:47,331.1,3078973
2021-04-13 09:20:48,331.1,3084298
2021-04-13 09:20:49,331.15,3085682
2021-04-13 09:20:50,331.1,3090420
2021-04-13 09:20:51,331.1,3093146
2021-04-13 09:20:52,331.05,3094222
2021-04-13 09:20:53,331.1,3098770
2021-04-13 09:20:54,331.1,3103924
2021-04-13 09:20:56,331.05,3113140
2021-04-13 09:20:55,331.1,3107427
2021-04-13 09:20:57,331.1,3124993
2021-04-13 09:20:58,331.1,3133667
2021-04-13 09:20:59,331.2,3146101
2021-04-13 09:21:00,331.25,3159405
2021-04-13 09:21:01,331.3,3161150
2021-04-13 09:21:02,331.3,3167399
2021-04-13 09:21:03,331.5,3169879
2021-04-13 09:21:04,331.6,3181343
2021-04-13 09:21:05,331.45,3189072
2021-04-13 09:21:06,331.55,3194810
2021-04-13 09:21:08,331.55,3197163
2021-04-13 09:21:09,331.55,3199058
2021-04-13 09:21:09,331.75,3205112
2021-04-13 09:21:10,331.85,3205971
2021-04-13 09:21:11,332.0,3242506
2021-04-13 09:21:12,331.85,3246196
2021-04-13 09:21:13,331.7,3250765
2021-04-13 09:21:14,331.7,3253168
2021-04-13 09:21:15,332.0,3255073
2021-04-13 09:21:16,332.0,3256384
2021-04-13 09:21:17,332.0,3259615
2021-04-13 09:21:18,332.25,3260792
2021-04-13 09:21:20,332.0,3264821
2021-04-13 09:21:21,332.25,3267055
2021-04-13 09:21:21,332.1,3267035
2021-04-13 09:21:22,332.5,3277051
2021-04-13 09:21:23,332.5,3297514
2021-04-13 09:21:24,332.4,3302555
2021-04-13 09:21:25,332.85,3330109
2021-04-13 09:21:26,332.85,3335710
2021-04-13 09:21:27,332.85,3338254
2021-04-13 09:21:28,333.0,3362825
2021-04-13 09:21:29,333.2,3364708
2021-04-13 09:21:30,333.35,3369566
2021-04-13 09:21:31,333.2,3376689
2021-04-13 09:21:33,333.35,3386929
2021-04-13 09:21:34,333.35,3388930
2021-04-13 09:21:35,333.65,3396674
2021-04-13 09:21:36,333.6,3406291
2021-04-13 09:21:36,333.5,3402261
2021-04-13 09:21:37,333.55,3409605
2021-04-13 09:21:39,333.35,3414472
2021-04-13 09:21:39,333.3,3418244
2021-04-13 09:21:41,333.4,3423978
2021-04-13 09:21:42,333.85,3447708
2021-04-13 09:21:43,333.7,3456857
2021-04-13 09:21:43,333.7,3456667
2021-04-13 09:21:44,333.8,3458795
2021-04-13 09:21:45,333.8,3475918
2021-04-13 09:21:46,333.65,3479807
2021-04-13 09:21:47,333.7,3486004
2021-04-13 09:21:48,333.8,3488975
2021-04-13 09:21:50,333.65,3491562
2021-04-13 09:21:52,333.6,3502827
2021-04-13 09:21:53,333.65,3505340
2021-04-13 09:21:54,333.6,3506455
2021-04-13 09:21:55,333.7,3508916
2021-04-13 09:21:56,333.7,3514687
2021-04-13 09:21:57,333.6,3516519
2021-04-13 09:21:57,333.7,3517870
2021-04-13 09:21:58,333.7,3519246
2021-04-13 09:21:59,333.6,3520243
2021-04-13 09:22:00,333.7,3545153
2021-04-13 09:22:01,333.7,3549771
2021-04-13 09:22:02,333.85,3566530
2021-04-13 09:22:03,333.75,3568092
2021-04-13 09:22:05,333.8,3573915
2021-04-13 09:22:07,334.0,3673374
2021-04-13 09:22:07,333.85,3676004
2021-04-13 09:22:08,333.8,3681195
2021-04-13 09:22:09,333.6,3686937
2021-04-13 09:22:10,333.7,3705012
2021-04-13 09:22:11,332.45,3791686
2021-04-13 09:22:12,332.2,3844008
2021-04-13 09:22:13,332.95,3854474
2021-04-13 09:22:14,333.15,3856188
2021-04-13 09:22:15,333.05,3873510
2021-04-13 09:22:16,332.85,3876514
2021-04-13 09:22:17,333.4,3879530
2021-04-13 09:22:18,333.6,3882767
2021-04-13 09:22:20,333.6,3887739
2021-04-13 09:22:21,333.65,3890165
2021-04-13 09:22:22,333.55,3891476
2021-04-13 09:22:23,333.5,3892024
2021-04-13 09:22:24,333.4,3896449
2021-04-13 09:22:25,333.35,3897658
2021-04-13 09:22:25,333.2,3901112
2021-04-13 09:22:27,333.25,3904526
2021-04-13 09:22:28,333.35,3906714
2021-04-13 09:22:29,333.2,3909512
2021-04-13 09:22:30,333.4,3912572
2021-04-13 09:22:31,333.45,3916368
2021-04-13 09:22:31,333.45,3918942
2021-04-13 09:22:33,333.35,3920123
2021-04-13 09:22:33,333.4,3920886
2021-04-13 09:22:34,333.4,3922687
2021-04-13 09:22:36,333.25,3928168
2021-04-13 09:22:37,333.35,3937184
2021-04-13 09:22:38,333.35,3938394
2021-04-13 09:22:39,333.3,3943593
2021-04-13 09:22:40,333.35,3945213
2021-04-13 09:22:41,333.45,3955211
2021-04-13 09:22:42,333.5,3956430
2021-04-13 09:22:43,333.4,3959236
2021-04-13 09:22:44,333.5,3968487
2021-04-13 09:22:45,333.5,3970791
2021-04-13 09:22:46,333.5,3972351
2021-04-13 09:22:47,333.35,3974984
2021-04-13 09:22:48,333.3,3976343
2021-04-13 09:22:49,333.35,3982978
2021-04-13 09:22:50,333.25,3987232
2021-04-13 09:22:51,333.5,3989400
2021-04-13 09:22:52,333.5,3993712
2021-04-13 09:22:53,333.35,3996825
2021-04-13 09:22:54,333.5,3998306
2021-04-13 09:22:55,333.5,4002333
2021-04-13 09:22:56,333.5,4006894
2021-04-13 09:22:57,333.5,4009884
2021-04-13 09:22:57,333.35,4010524
2021-04-13 09:22:58,333.45,4011723
2021-04-13 09:22:59,333.5,4013153
2021-04-13 09:23:00,333.55,4020875
2021-04-13 09:23:01,333.55,4027047
2021-04-13 09:23:02,333.65,4030543
2021-04-13 09:23:03,333.7,4037298
2021-04-13 09:23:04,333.85,4049996
2021-04-13 09:23:05,333.9,4050306
2021-04-13 09:23:06,333.75,4059768
2021-04-13 09:23:07,333.75,4149188
2021-04-13 09:23:08,333.8,4211316
2021-04-13 09:23:09,333.85,4212172
2021-04-13 09:23:10,333.9,4214730
2021-04-13 09:23:11,334.05,4217130
2021-04-13 09:23:12,334.0,4222685
2021-04-13 09:23:13,334.05,4224672
2021-04-13 09:23:14,334.0,4265126
2021-04-13 09:23:15,334.05,4272204
2021-04-13 09:23:16,334.05,4282539
2021-04-13 09:23:17,334.05,4284620
2021-04-13 09:23:18,334.1,4296303
2021-04-13 09:23:19,334.1,4309034
2021-04-13 09:23:20,334.2,4311942
2021-04-13 09:23:21,334.1,4321272
2021-04-13 09:23:22,334.15,4327532
2021-04-13 09:23:23,334.15,4328624
2021-04-13 09:23:24,334.3,4331816
2021-04-13 09:23:25,334.0,4345774
2021-04-13 09:23:26,334.0,4348198
2021-04-13 09:23:27,334.15,4352153
2021-04-13 09:23:28,334.15,4361452
2021-04-13 09:23:29,334.15,4361735
2021-04-13 09:23:30,334.05,4363724
2021-04-13 09:23:31,334.15,4367339
2021-04-13 09:23:32,334.15,4369863
2021-04-13 09:23:33,334.25,4373177
2021-04-13 09:23:34,334.1,4377045
2021-04-13 09:23:35,334.1,4380060
2021-04-13 09:23:36,334.2,4381463
2021-04-13 09:23:37,334.2,4382775
2021-04-13 09:23:38,334.2,4386090
2021-04-13 09:23:39,334.2,4388750
2021-04-13 09:23:40,334.2,4390753
2021-04-13 09:23:41,334.25,4393254
2021-04-13 09:23:42,334.1,4395286
2021-04-13 09:23:44,334.2,4398150
2021-04-13 09:23:45,334.2,4399818
2021-04-13 09:23:46,334.15,4400534
2021-04-13 09:23:47,334.2,4402212
2021-04-13 09:23:48,334.15,4403246
2021-04-13 09:23:49,334.2,4405728
2021-04-13 09:23:50,334.2,4408753
2021-04-13 09:23:51,334.2,4411363
2021-04-13 09:23:52,334.15,4412431
2021-04-13 09:23:53,334.2,4416099
2021-04-13 09:23:54,334.25,4419038
2021-04-13 09:23:55,334.15,4420504
2021-04-13 09:23:56,334.1,4421786
2021-04-13 09:23:57,334.1,4428519
2021-04-13 09:23:58,334.2,4432841
2021-04-13 09:23:59,334.2,4434704
2021-04-13 09:24:00,334.1,4435909
2021-04-13 09:24:01,334.15,4437421
2021-04-13 09:24:02,334.15,4443714
2021-04-13 09:24:03,334.1,4445615
2021-04-13 09:24:04,334.1,4452282
2021-04-13 09:24:05,334.2,4454387
2021-04-13 09:24:06,334.05,4456105
2021-04-13 09:24:07,334.2,4456755
2021-04-13 09:24:08,334.2,4458619
2021-04-13 09:24:09,334.1,4460147
2021-04-13 09:24:10,333.8,4495533
2021-04-13 09:24:11,333.9,4497555
2021-04-13 09:24:12,333.8,4498713
2021-04-13 09:24:13,333.9,4502577
2021-04-13 09:24:14,334.05,4506480
2021-04-13 09:24:15,333.9,4509315
2021-04-13 09:24:16,333.95,4512338
2021-04-13 09:24:17,333.95,4514509
2021-04-13 09:24:18,334.0,4516053
2021-04-13 09:24:19,334.0,4534899
2021-04-13 09:24:20,334.0,4537552
2021-04-13 09:24:21,334.1,4620701
2021-04-13 09:24:22,334.2,4632940
2021-04-13 09:24:23,334.25,4635200
2021-04-13 09:24:24,334.35,4637342
2021-04-13 09:24:25,334.35,4642795
2021-04-13 09:24:26,334.5,4643325
2021-04-13 09:24:27,334.2,4648789
2021-04-13 09:24:28,334.2,4655726
2021-04-13 09:24:29,334.35,4658017
2021-04-13 09:24:30,334.3,4658781
2021-04-13 09:24:31,334.2,4659657
2021-04-13 09:24:32,334.3,4664288
2021-04-13 09:24:33,334.3,4666713
2021-04-13 09:24:34,334.2,4667446
2021-04-13 09:24:35,334.3,4669862
2021-04-13 09:24:36,334.35,4671854
2021-04-13 09:24:37,334.35,4674995
2021-04-13 09:24:38,334.45,4682671
2021-04-13 09:24:39,334.35,4686411
2021-04-13 09:24:40,334.4,4687801
2021-04-13 09:24:41,334.1,4711587
2021-04-13 09:24:42,334.0,4711984
2021-04-13 09:24:43,334.15,4714389
2021-04-13 09:24:44,334.1,4718170
2021-04-13 09:24:45,334.35,4722923
2021-04-13 09:24:46,334.1,4725020
2021-04-13 09:24:47,334.3,4727792
2021-04-13 09:24:48,334.2,4730457
2021-04-13 09:24:49,334.0,4730803
2021-04-13 09:24:50,334.2,4732617
2021-04-13 09:24:51,334.2,4735837
2021-04-13 09:24:52,334.05,4736754
2021-04-13 09:24:53,334.2,4738703
2021-04-13 09:24:54,334.15,4747160
2021-04-13 09:24:55,333.75,4770767
2021-04-13 09:24:56,333.75,4774059
2021-04-13 09:24:57,333.9,4781555
2021-04-13 09:24:58,333.9,4782336
2021-04-13 09:24:59,333.9,4784742
2021-04-13 09:25:00,333.6,4793712
2021-04-13 09:25:01,333.7,4797228
2021-04-13 09:25:02,333.65,4799308
2021-04-13 09:25:03,333.5,4804851
2021-04-13 09:25:04,333.65,4807015
2021-04-13 09:25:05,333.6,4821098
2021-04-13 09:25:06,333.45,4824762
2021-04-13 09:25:07,333.45,4825749
2021-04-13 09:25:08,333.35,4826198
2021-04-13 09:25:09,333.45,4832926
2021-04-13 09:25:10,333.45,4839188
2021-04-13 09:25:11,333.3,4839720
2021-04-13 09:25:12,333.45,4842891
2021-04-13 09:25:13,333.5,4845989
2021-04-13 09:25:14,333.55,4846379
2021-04-13 09:25:15,333.65,4848001
2021-04-13 09:25:16,333.75,4851175
2021-04-13 09:25:17,333.7,4852043
2021-04-13 09:25:18,333.6,4853901
2021-04-13 09:25:19,333.75,4856129
2021-04-13 09:25:20,333.75,4856989
2021-04-13 09:25:21,333.75,4858391
2021-04-13 09:25:21,333.8,4858394
2021-04-13 09:25:22,333.7,4859537
2021-04-13 09:25:23,333.85,4860945
2021-04-13 09:25:24,333.8,4861690
2021-04-13 09:25:25,333.9,4862554
2021-04-13 09:25:26,334.0,4862844
2021-04-13 09:25:27,334.0,4864375
2021-04-13 09:25:28,334.15,4873716
2021-04-13 09:25:29,334.05,4873994
2021-04-13 09:25:30,334.2,4875579
2021-04-13 09:25:31,334.1,4876691
2021-04-13 09:25:32,334.1,4880789
2021-04-13 09:25:33,334.1,4886515
2021-04-13 09:25:34,334.1,4887974
2021-04-13 09:25:35,334.0,4892969
2021-04-13 09:25:36,334.1,4894547
2021-04-13 09:25:37,334.1,4897727
2021-04-13 09:25:38,334.1,4903366
2021-04-13 09:25:39,334.25,4906348
2021-04-13 09:25:40,334.25,4907835
2021-04-13 09:25:41,334.25,4912253
2021-04-13 09:25:42,334.25,4913632
2021-04-13 09:25:43,334.1,4918598
2021-04-13 09:25:44,334.3,4920344
2021-04-13 09:25:45,334.4,4945990
2021-04-13 09:25:46,334.3,4947311
2021-04-13 09:25:47,334.45,4948948
2021-04-13 09:25:48,334.3,4951100
2021-04-13 09:25:49,334.35,4952343
2021-04-13 09:25:50,334.2,4961516
2021-04-13 09:25:51,334.0,4967973
2021-04-13 09:25:52,334.2,4970186
2021-04-13 09:25:53,334.0,4980407
2021-04-13 09:25:54,334.2,4983083
2021-04-13 09:25:55,334.0,4984805
2021-04-13 09:25:56,334.05,4985504
2021-04-13 09:25:57,334.0,4987108
2021-04-13 09:25:59,334.0,4996732
2021-04-13 09:26:00,334.0,4997899
2021-04-13 09:26:01,334.1,4999035
2021-04-13 09:26:02,334.05,5001320
2021-04-13 09:26:03,334.15,5011793
2021-04-13 09:26:05,334.0,5019302
2021-04-13 09:26:06,334.05,5024533
2021-04-13 09:26:07,334.05,5026283
2021-04-13 09:26:08,334.0,5038300
2021-04-13 09:26:09,334.0,5041302
2021-04-13 09:26:10,334.2,5045583
2021-04-13 09:26:11,334.0,5053003
2021-04-13 09:26:12,334.15,5054124
2021-04-13 09:26:13,334.1,5054298
2021-04-13 09:26:14,334.15,5055418
2021-04-13 09:26:15,334.25,5062007
2021-04-13 09:26:16,334.2,5062384
2021-04-13 09:26:17,334.2,5062450
2021-04-13 09:26:18,334.15,5065462
2021-04-13 09:26:19,334.2,5070451
2021-04-13 09:26:20,334.3,5073919
2021-04-13 09:26:21,334.35,5077719
2021-04-13 09:26:22,334.0,5087077
2021-04-13 09:26:23,334.1,5088339
2021-04-13 09:26:24,334.0,5093862
2021-04-13 09:26:25,333.85,5107825
2021-04-13 09:26:26,333.95,5116924
2021-04-13 09:26:27,334.0,5124135
2021-04-13 09:26:28,334.1,5136553
2021-04-13 09:26:29,334.1,5136973
2021-04-13 09:26:30,334.0,5137303
2021-04-13 09:26:31,334.05,5141224
2021-04-13 09:26:32,334.1,5146853
2021-04-13 09:26:33,333.9,5153128
2021-04-13 09:26:34,334.05,5155059
2021-04-13 09:26:35,334.0,5157416
2021-04-13 09:26:36,333.95,5174611
2021-04-13 09:26:37,333.7,5179606
2021-04-13 09:26:38,333.95,5183289
2021-04-13 09:26:39,333.95,5187684
2021-04-13 09:26:40,333.95,5188929
2021-04-13 09:26:41,333.8,5189971
2021-04-13 09:26:42,334.0,5192126
2021-04-13 09:26:43,334.05,5193065
2021-04-13 09:26:44,333.9,5194659
2021-04-13 09:26:45,333.95,5195008
2021-04-13 09:26:46,333.95,5197249
2021-04-13 09:26:47,334.0,5204389
2021-04-13 09:26:48,333.95,5209852
2021-04-13 09:26:49,333.95,5210932
2021-04-13 09:26:50,333.85,5211494
2021-04-13 09:26:51,333.95,5212344
2021-04-13 09:26:52,333.85,5214572
2021-04-13 09:26:53,333.95,5224886
2021-04-13 09:26:54,333.85,5226945
2021-04-13 09:26:55,333.85,5230288
2021-04-13 09:26:56,333.45,5250453
2021-04-13 09:26:57,333.55,5250691
2021-04-13 09:26:58,333.55,5260951
2021-04-13 09:26:59,333.65,5261504
2021-04-13 09:27:00,333.6,5264503
2021-04-13 09:27:01,333.65,5280630
2021-04-13 09:27:02,333.6,5282481
2021-04-13 09:27:03,333.55,5286806
2021-04-13 09:27:04,333.7,5292650
2021-04-13 09:27:05,333.7,5298968
2021-04-13 09:27:06,333.7,5300481
2021-04-13 09:27:07,333.8,5304103
2021-04-13 09:27:08,333.7,5307792
2021-04-13 09:27:09,333.65,5311196
2021-04-13 09:27:10,333.7,5311203
2021-04-13 09:27:11,333.7,5312034
2021-04-13 09:27:12,333.7,5312450
2021-04-13 09:27:13,333.8,5312870
2021-04-13 09:27:14,333.7,5313256
2021-04-13 09:27:15,333.8,5315906
2021-04-13 09:27:16,333.95,5322561
2021-04-13 09:27:17,333.85,5324466
2021-04-13 09:27:18,334.0,5331705
2021-04-13 09:27:19,334.1,5355341
2021-04-13 09:27:20,334.1,5356611
2021-04-13 09:27:21,334.2,5357122
2021-04-13 09:27:22,334.2,5357806
2021-04-13 09:27:23,334.2,5357806
2021-04-13 09:27:24,334.25,5367358
2021-04-13 09:27:25,334.2,5369416
2021-04-13 09:27:26,334.2,5369931
2021-04-13 09:27:27,334.1,5371521
2021-04-13 09:27:28,334.15,5372248
2021-04-13 09:27:29,334.15,5372674
2021-04-13 09:27:30,334.15,5373212
2021-04-13 09:27:31,334.1,5374724
2021-04-13 09:27:32,334.15,5375814
2021-04-13 09:27:34,334.0,5377786
2021-04-13 09:27:35,334.1,5378280
2021-04-13 09:27:36,334.1,5379905
2021-04-13 09:27:37,334.1,5382246
2021-04-13 09:27:38,334.1,5382950
2021-04-13 09:27:39,334.1,5383029
2021-04-13 09:27:40,334.0,5384075
2021-04-13 09:27:41,334.1,5384699
2021-04-13 09:27:42,334.0,5386201
2021-04-13 09:27:43,334.05,5386820
2021-04-13 09:27:44,334.0,5388284
2021-04-13 09:27:45,334.05,5388981
2021-04-13 09:27:46,334.05,5390474
2021-04-13 09:27:47,334.15,5400613
2021-04-13 09:27:48,334.1,5401577
2021-04-13 09:27:49,334.0,5403590
2021-04-13 09:27:50,334.05,5404686
2021-04-13 09:27:51,334.05,5405560
2021-04-13 09:27:52,334.0,5409496
2021-04-13 09:27:53,334.05,5409759
2021-04-13 09:27:54,334.05,5409759
2021-04-13 09:27:55,333.95,5424481
2021-04-13 09:27:56,333.95,5426733
2021-04-13 09:27:57,333.95,5427993
2021-04-13 09:27:58,333.85,5429197
2021-04-13 09:27:59,333.95,5429972
2021-04-13 09:28:00,334.05,5431090
2021-04-13 09:28:01,334.0,5443232
2021-04-13 09:28:02,334.15,5444366
2021-04-13 09:28:03,334.0,5444522
2021-04-13 09:28:04,334.1,5444640
2021-04-13 09:28:05,334.1,5446033
2021-04-13 09:28:06,333.95,5457033
2021-04-13 09:28:07,333.95,5458113
2021-04-13 09:28:08,334.0,5459111
2021-04-13 09:28:09,334.0,5459334
2021-04-13 09:28:10,334.0,5462213
2021-04-13 09:28:11,334.0,5463161
2021-04-13 09:28:12,333.9,5464807
2021-04-13 09:28:13,333.9,5470664
2021-04-13 09:28:14,333.8,5473311
2021-04-13 09:28:15,333.9,5474537
2021-04-13 09:28:16,333.75,5476720
2021-04-13 09:28:17,333.8,5477924
2021-04-13 09:28:18,333.9,5479093
2021-04-13 09:28:19,333.9,5483223
2021-04-13 09:28:20,333.9,5484720
2021-04-13 09:28:21,333.8,5486165
2021-04-13 09:28:22,333.9,5488187
2021-04-13 09:28:23,333.8,5494116
2021-04-13 09:28:24,333.85,5511654
2021-04-13 09:28:25,333.75,5524763
2021-04-13 09:28:26,333.75,5529316
2021-04-13 09:28:27,333.75,5531997
2021-04-13 09:28:28,333.75,5532430
2021-04-13 09:28:29,333.85,5533933
2021-04-13 09:28:30,333.7,5537580
2021-04-13 09:28:31,333.7,5546176
2021-04-13 09:28:32,333.8,5555458
2021-04-13 09:28:33,333.95,5562405
2021-04-13 09:28:34,334.0,5567336
2021-04-13 09:28:35,334.0,5568961
2021-04-13 09:28:36,334.0,5584048
2021-04-13 09:28:37,334.0,5589561
2021-04-13 09:28:38,334.05,5590119
2021-04-13 09:28:39,333.95,5602136
2021-04-13 09:28:40,334.1,5653676
2021-04-13 09:28:41,334.0,5656412
2021-04-13 09:28:42,334.1,5659827
2021-04-13 09:28:43,334.1,5668237
2021-04-13 09:28:44,334.0,5668987
2021-04-13 09:28:46,334.0,5676197
2021-04-13 09:28:47,334.15,5677285
2021-04-13 09:28:48,334.0,5685165
2021-04-13 09:28:49,334.0,5686203
2021-04-13 09:28:49,334.2,5686262
2021-04-13 09:28:51,334.1,5688328
2021-04-13 09:28:52,334.15,5689450
2021-04-13 09:28:53,334.1,5695183
2021-04-13 09:28:54,334.15,5697496
2021-04-13 09:28:55,334.3,5699966
2021-04-13 09:28:55,334.3,5704999
2021-04-13 09:28:56,334.2,5705792
2021-04-13 09:28:57,334.4,5719419
2021-04-13 09:28:58,334.25,5720935
2021-04-13 09:28:59,334.45,5724787
2021-04-13 09:29:00,334.45,5791860
2021-04-13 09:29:01,334.45,5793321
2021-04-13 09:29:02,334.55,5795500
2021-04-13 09:29:03,334.45,5797641
2021-04-13 09:29:04,334.4,5798337
2021-04-13 09:29:06,334.4,5799124
2021-04-13 09:29:07,334.4,5802457
2021-04-13 09:29:08,334.4,5805313
2021-04-13 09:29:09,334.4,5811071
2021-04-13 09:29:10,334.4,5811301
2021-04-13 09:29:11,334.4,5811820
2021-04-13 09:29:11,334.45,5813594
2021-04-13 09:29:12,334.45,5814996
2021-04-13 09:29:13,334.5,5818043
2021-04-13 09:29:14,334.3,5819101
2021-04-13 09:29:15,334.35,5822030
2021-04-13 09:29:16,334.3,5822474
2021-04-13 09:29:17,334.35,5825137
2021-04-13 09:29:18,334.35,5828976
2021-04-13 09:29:19,334.35,5829261
2021-04-13 09:29:20,334.25,5833220
2021-04-13 09:29:21,334.35,5834005
2021-04-13 09:29:22,334.35,5834491
2021-04-13 09:29:23,334.35,5835496
2021-04-13 09:29:24,334.35,5835723
2021-04-13 09:29:25,334.45,5855006
2021-04-13 09:29:27,334.7,5884466
2021-04-13 09:29:28,334.8,5885198
2021-04-13 09:29:29,334.8,5894502
2021-04-13 09:29:30,334.8,5895399
2021-04-13 09:29:31,334.75,5904637
2021-04-13 09:29:32,334.7,5905064
2021-04-13 09:29:33,334.75,5906417
2021-04-13 09:29:33,334.75,5906432
2021-04-13 09:29:34,334.65,5909262
2021-04-13 09:29:35,334.8,5912673
2021-04-13 09:29:36,334.7,5915993
2021-04-13 09:29:37,334.8,5917944
2021-04-13 09:29:38,334.85,5918889
2021-04-13 09:29:39,334.8,5920616
2021-04-13 09:29:40,334.7,5928648
2021-04-13 09:29:41,334.75,5932388
2021-04-13 09:29:42,334.85,5933836
2021-04-13 09:29:43,334.8,5935458
2021-04-13 09:29:44,334.8,5936314
2021-04-13 09:29:45,334.8,5937359
2021-04-13 09:29:46,334.7,5939619
2021-04-13 09:29:47,334.75,5941604
2021-04-13 09:29:48,334.75,5943312
2021-04-13 09:29:49,334.75,5944220
2021-04-13 09:29:50,334.7,5947542
2021-04-13 09:29:51,334.85,5950265
2021-04-13 09:29:52,334.9,5952709
2021-04-13 09:29:53,334.9,5962799
2021-04-13 09:29:54,334.95,6066886
2021-04-13 09:29:55,334.85,6069037
2021-04-13 09:29:56,334.75,6072028
2021-04-13 09:29:57,334.85,6072260
2021-04-13 09:29:58,334.85,6075080
2021-04-13 09:29:59,334.85,6077195
2021-04-13 09:30:00,334.85,6090165
2021-04-13 09:30:01,334.9,6099690
2021-04-13 09:30:02,334.9,6100308
2021-04-13 09:30:03,334.95,6102287
2021-04-13 09:30:04,334.95,6103672
2021-04-13 09:30:05,334.95,6106463
2021-04-13 09:30:06,334.9,6107681
2021-04-13 09:30:07,334.95,6109491
2021-04-13 09:30:08,334.95,6113229
2021-04-13 09:30:09,334.95,6115452
2021-04-13 09:30:10,334.95,6117362
2021-04-13 09:30:11,334.95,6122463
2021-04-13 09:30:12,334.95,6130295
2021-04-13 09:30:13,334.9,6132084
2021-04-13 09:30:14,334.7,6153420
2021-04-13 09:30:15,334.7,6159507
2021-04-13 09:30:16,334.7,6161563
2021-04-13 09:30:17,334.5,6164699
2021-04-13 09:30:18,334.5,6166294
2021-04-13 09:30:20,334.5,6174621
2021-04-13 09:30:21,334.45,6176042
2021-04-13 09:30:22,334.3,6178600
2021-04-13 09:30:23,334.05,6183882
2021-04-13 09:30:24,334.2,6191050
2021-04-13 09:30:26,334.2,6194372
2021-04-13 09:30:26,334.2,6194372
2021-04-13 09:30:27,334.05,6204804
2021-04-13 09:30:28,334.05,6206525
2021-04-13 09:30:29,334.1,6210021
2021-04-13 09:30:30,334.0,6253472
2021-04-13 09:30:31,334.2,6255819
2021-04-13 09:30:32,334.15,6256832
2021-04-13 09:30:33,334.15,6261591
2021-04-13 09:30:34,334.0,6266218
2021-04-13 09:30:35,334.15,6271882
2021-04-13 09:30:37,334.15,6273267
2021-04-13 09:30:38,334.15,6274132
2021-04-13 09:30:39,334.2,6275064
2021-04-13 09:30:40,334.35,6281556
2021-04-13 09:30:41,334.25,6284100
2021-04-13 09:30:42,334.25,6286933
2021-04-13 09:30:42,334.25,6286937
2021-04-13 09:30:43,334.2,6287110
2021-04-13 09:30:44,334.15,6288789
2021-04-13 09:30:45,334.35,6297080
2021-04-13 09:30:46,334.3,6297412
2021-04-13 09:30:47,334.35,6298781
2021-04-13 09:30:48,334.25,6299555
2021-04-13 09:30:49,334.35,6314182
2021-04-13 09:30:51,334.15,6319184
2021-04-13 09:30:52,334.3,6321687
2021-04-13 09:30:53,334.25,6322421
2021-04-13 09:30:53,334.2,6322621
2021-04-13 09:30:54,334.2,6323193
2021-04-13 09:30:55,334.25,6326252
2021-04-13 09:30:56,334.25,6326689
2021-04-13 09:30:58,334.15,6327765
2021-04-13 09:30:59,334.2,6334224
2021-04-13 09:31:00,334.1,6342422
2021-04-13 09:31:01,334.0,6344852
2021-04-13 09:31:02,334.1,6346462
2021-04-13 09:31:03,334.1,6348953
2021-04-13 09:31:04,334.2,6354264
2021-04-13 09:31:05,334.2,6354556
2021-04-13 09:31:06,334.2,6359400
2021-04-13 09:31:07,334.25,6360433
2021-04-13 09:31:08,334.15,6361452
2021-04-13 09:31:09,334.1,6362439
2021-04-13 09:31:10,334.15,6363190
2021-04-13 09:31:11,334.05,6364975
2021-04-13 09:31:12,334.05,6366962
2021-04-13 09:31:14,334.0,6368172
2021-04-13 09:31:15,334.15,6368684
2021-04-13 09:31:16,334.15,6369649
2021-04-13 09:31:16,334.15,6369649
2021-04-13 09:31:17,334.15,6370079
2021-04-13 09:31:18,334.05,6409289
2021-04-13 09:31:19,334.0,6418613
2021-04-13 09:31:20,334.0,6418803
2021-04-13 09:31:21,333.9,6422378
2021-04-13 09:31:22,333.9,6423385
2021-04-13 09:31:23,333.8,6432799
2021-04-13 09:31:24,333.8,6433746
2021-04-13 09:31:25,333.75,6434415
2021-04-13 09:31:26,333.55,6441209
2021-04-13 09:31:27,333.5,6446980
2021-04-13 09:31:28,333.5,6448238
2021-04-13 09:31:29,333.5,6457753
2021-04-13 09:31:30,333.5,6458068
2021-04-13 09:31:31,333.45,6465108
2021-04-13 09:31:33,333.4,6468342
2021-04-13 09:31:34,333.3,6470478
2021-04-13 09:31:35,333.5,6470846
2021-04-13 09:31:36,333.45,6472762
2021-04-13 09:31:37,333.25,6475742
2021-04-13 09:31:38,333.2,6483666
2021-04-13 09:31:38,333.4,6483716
2021-04-13 09:31:40,333.1,6490276
2021-04-13 09:31:41,332.95,6544442
2021-04-13 09:31:42,332.95,6549176
2021-04-13 09:31:43,333.0,6551356
2021-04-13 09:31:44,333.0,6554534
2021-04-13 09:31:45,333.05,6557147
2021-04-13 09:31:46,333.0,6561945
2021-04-13 09:31:47,333.05,6563860
2021-04-13 09:31:48,333.05,6565758
2021-04-13 09:31:49,333.0,6566669
2021-04-13 09:31:50,332.95,6568100
2021-04-13 09:31:51,333.0,6568752
2021-04-13 09:31:52,332.9,6571326
2021-04-13 09:31:53,332.8,6575710
2021-04-13 09:31:54,332.85,6577073
2021-04-13 09:31:55,332.55,6602207
2021-04-13 09:31:56,332.6,6603800
2021-04-13 09:31:58,332.65,6621408
2021-04-13 09:31:59,332.6,6630477
2021-04-13 09:32:01,332.7,6633794
2021-04-13 09:32:02,332.7,6641035
2021-04-13 09:32:03,332.7,6647389
2021-04-13 09:32:04,332.7,6648292
2021-04-13 09:32:04,332.7,6648510
2021-04-13 09:32:05,332.85,6651188
2021-04-13 09:32:06,332.95,6665479
2021-04-13 09:32:07,332.95,6671393
2021-04-13 09:32:08,332.9,6674565
2021-04-13 09:32:09,332.8,6675883
2021-04-13 09:32:10,333.0,6688339
2021-04-13 09:32:11,332.9,6691583
2021-04-13 09:32:12,332.9,6692651
2021-04-13 09:32:13,332.95,6694815
2021-04-13 09:32:14,333.0,6699940
2021-04-13 09:32:15,332.95,6703724
2021-04-13 09:32:17,333.0,6704969
2021-04-13 09:32:18,333.0,6710937
2021-04-13 09:32:19,333.1,6724303
2021-04-13 09:32:20,332.95,6725723
2021-04-13 09:32:21,332.85,6730538
2021-04-13 09:32:22,333.0,6735347
2021-04-13 09:32:23,332.8,6737045
2021-04-13 09:32:24,332.95,6739208
2021-04-13 09:32:25,332.95,6739691
2021-04-13 09:32:26,333.0,6742035
2021-04-13 09:32:27,332.9,6745844
2021-04-13 09:32:28,332.9,6751257
2021-04-13 09:32:29,332.9,6752624
2021-04-13 09:32:30,332.85,6753499
2021-04-13 09:32:31,332.75,6754297
2021-04-13 09:32:32,332.9,6755126
2021-04-13 09:32:33,332.9,6756298
2021-04-13 09:32:33,332.9,6757048
2021-04-13 09:32:34,332.85,6760197
2021-04-13 09:32:35,332.85,6761023
2021-04-13 09:32:36,332.9,6762337
2021-04-13 09:32:37,332.9,6763410
2021-04-13 09:32:39,332.9,6765295
2021-04-13 09:32:40,332.9,6767117
2021-04-13 09:32:40,332.85,6767127
2021-04-13 09:32:41,332.9,6768624
2021-04-13 09:32:42,332.9,6770978
2021-04-13 09:32:44,332.9,6779620
2021-04-13 09:32:45,332.9,6781058
2021-04-13 09:32:45,332.9,6780980
2021-04-13 09:32:46,332.9,6782294
2021-04-13 09:32:47,332.9,6783665
2021-04-13 09:32:49,332.9,6785096
2021-04-13 09:32:50,332.85,6790074
2021-04-13 09:32:50,332.9,6790174
2021-04-13 09:32:51,332.75,6801937
2021-04-13 09:32:52,332.75,6806788
2021-04-13 09:32:53,332.75,6808809
2021-04-13 09:32:55,332.6,6811644
2021-04-13 09:32:56,332.65,6832919
2021-04-13 09:32:57,332.65,6841212
2021-04-13 09:32:58,332.5,6842381
2021-04-13 09:32:59,332.55,6865840
2021-04-13 09:33:00,332.45,6867183
2021-04-13 09:33:00,332.45,6867458
2021-04-13 09:33:01,332.45,6878824
2021-04-13 09:33:02,332.45,6888972
2021-04-13 09:33:03,332.3,6892012
2021-04-13 09:33:05,332.3,6895373
2021-04-13 09:33:06,332.4,6897362
2021-04-13 09:33:07,332.4,6898020
2021-04-13 09:33:08,332.4,6900677
2021-04-13 09:33:09,332.3,6903988
2021-04-13 09:33:10,332.3,6906969
2021-04-13 09:33:11,332.2,6908474
2021-04-13 09:33:11,332.25,6908314
2021-04-13 09:33:12,332.25,6911298
2021-04-13 09:33:13,332.2,6913851
2021-04-13 09:33:14,332.3,6914560
2021-04-13 09:33:15,332.2,6915781
2021-04-13 09:33:17,332.3,6917750
2021-04-13 09:33:18,332.3,6920093
2021-04-13 09:33:19,332.4,6931379
2021-04-13 09:33:20,332.45,6932646
2021-04-13 09:33:20,332.35,6932647
2021-04-13 09:33:21,332.45,6933472
2021-04-13 09:33:22,332.45,6936436
2021-04-13 09:33:23,332.7,6946934
2021-04-13 09:33:25,332.8,6948990
2021-04-13 09:33:26,332.9,6951806
2021-04-13 09:33:27,332.9,6953096
2021-04-13 09:33:28,332.95,6954667
2021-04-13 09:33:29,332.95,6955099
2021-04-13 09:33:29,332.95,6955149
2021-04-13 09:33:30,333.0,6957019
2021-04-13 09:33:32,332.9,6957532
2021-04-13 09:33:33,333.0,6958378
2021-04-13 09:33:34,332.9,6962370
2021-04-13 09:33:35,333.1,6973095
2021-04-13 09:33:35,333.1,6973105
2021-04-13 09:33:36,333.0,6980797
2021-04-13 09:33:38,333.2,6981501
2021-04-13 09:33:40,333.35,6985992
2021-04-13 09:33:41,333.55,7008859
2021-04-13 09:33:41,333.55,7008703
2021-04-13 09:33:42,333.6,7009550
2021-04-13 09:33:43,333.6,7012243
2021-04-13 09:33:44,333.65,7015752
2021-04-13 09:33:45,333.45,7018529
2021-04-13 09:33:46,333.45,7019019
2021-04-13 09:33:48,333.3,7021027
2021-04-13 09:33:49,333.4,7026873
2021-04-13 09:33:50,333.3,7027499
2021-04-13 09:33:50,333.45,7027498
2021-04-13 09:33:51,333.3,7028964
2021-04-13 09:33:53,333.4,7029272
2021-04-13 09:33:54,333.4,7030077
2021-04-13 09:33:55,333.3,7031735
2021-04-13 09:33:55,333.25,7032010
2021-04-13 09:33:56,333.4,7033155
2021-04-13 09:33:58,333.45,7038132
2021-04-13 09:33:59,333.45,7039272
2021-04-13 09:34:00,333.5,7042651
2021-04-13 09:34:00,333.5,7042651
2021-04-13 09:34:01,333.4,7048157
2021-04-13 09:34:03,333.4,7051359
2021-04-13 09:34:04,333.4,7057357
2021-04-13 09:34:05,333.45,7060396
2021-04-13 09:34:05,333.5,7060526
2021-04-13 09:34:06,333.55,7067135
2021-04-13 09:34:08,333.6,7067475
2021-04-13 09:34:09,333.7,7078169
2021-04-13 09:34:10,333.7,7080236
2021-04-13 09:34:10,333.7,7080252
2021-04-13 09:34:11,333.75,7082657
2021-04-13 09:34:13,333.6,7084455
2021-04-13 09:34:14,333.7,7084798
2021-04-13 09:34:15,333.8,7092144
2021-04-13 09:34:15,333.8,7092333
2021-04-13 09:34:16,333.75,7092933
2021-04-13 09:34:17,333.7,7093562
2021-04-13 09:34:18,333.6,7094330
2021-04-13 09:34:20,333.55,7094870
2021-04-13 09:34:21,333.5,7106559
2021-04-13 09:34:22,333.6,7109982
2021-04-13 09:34:23,333.6,7110120
2021-04-13 09:34:23,333.5,7110019
2021-04-13 09:34:24,333.5,7114020
2021-04-13 09:34:26,333.6,7115480
2021-04-13 09:34:28,333.5,7116159
2021-04-13 09:34:29,333.55,7117990
2021-04-13 09:34:30,333.5,7121493
2021-04-13 09:34:30,333.4,7121652
2021-04-13 09:34:31,333.55,7121844
2021-04-13 09:34:33,333.4,7122900
2021-04-13 09:34:34,333.4,7124119
2021-04-13 09:34:35,333.45,7125065
2021-04-13 09:34:35,333.45,7125085
2021-04-13 09:34:36,333.4,7125359
2021-04-13 09:34:37,333.4,7126201
2021-04-13 09:34:39,333.4,7129604
2021-04-13 09:34:40,333.15,7131888
2021-04-13 09:34:41,333.3,7132926
2021-04-13 09:34:42,333.0,7134229
2021-04-13 09:34:42,333.0,7134289
2021-04-13 09:34:43,333.1,7134511
2021-04-13 09:34:44,333.25,7136461
2021-04-13 09:34:47,333.3,7137266
2021-04-13 09:34:48,333.3,7137472
2021-04-13 09:34:49,333.2,7140185
2021-04-13 09:34:49,333.3,7140386
2021-04-13 09:34:50,333.25,7141237
2021-04-13 09:34:52,333.35,7143316
2021-04-13 09:34:53,333.15,7144335
2021-04-13 09:34:54,333.3,7145192
2021-04-13 09:34:54,333.3,7145217
2021-04-13 09:34:55,333.4,7145394
2021-04-13 09:34:57,333.4,7145587
2021-04-13 09:34:58,333.3,7145879
2021-04-13 09:34:59,333.25,7148584
2021-04-13 09:34:59,333.25,7148685
2021-04-13 09:35:00,333.4,7150519
2021-04-13 09:35:02,333.3,7151077
2021-04-13 09:35:03,333.3,7152479
2021-04-13 09:35:04,333.3,7152480
2021-04-13 09:35:05,333.4,7154953
2021-04-13 09:35:06,333.3,7157263
2021-04-13 09:35:06,333.3,7157313
2021-04-13 09:35:08,333.3,7157533
2021-04-13 09:35:09,333.3,7157848
2021-04-13 09:35:10,333.4,7158289
2021-04-13 09:35:11,333.4,7160390
2021-04-13 09:35:11,333.35,7160400
2021-04-13 09:35:13,333.4,7161767
2021-04-13 09:35:14,333.4,7161929
2021-04-13 09:35:15,333.3,7165581
2021-04-13 09:35:16,333.35,7166418
2021-04-13 09:35:17,333.2,7169757
2021-04-13 09:35:18,333.1,7171931
2021-04-13 09:35:18,333.0,7172931
2021-04-13 09:35:19,333.0,7197238
2021-04-13 09:35:20,333.0,7197917
2021-04-13 09:35:22,332.95,7204195
2021-04-13 09:35:23,332.95,7205546
2021-04-13 09:35:24,332.95,7206104
2021-04-13 09:35:25,332.85,7207551
2021-04-13 09:35:26,332.95,7211612
2021-04-13 09:35:27,333.0,7215395
2021-04-13 09:35:28,332.9,7216632
2021-04-13 09:35:28,333.0,7217545
2021-04-13 09:35:29,332.95,7217634
2021-04-13 09:35:31,333.2,7220017
2021-04-13 09:35:32,333.1,7222649
2021-04-13 09:35:33,333.1,7223803
2021-04-13 09:35:34,333.1,7225147
2021-04-13 09:35:34,333.2,7226647
2021-04-13 09:35:36,333.1,7228926
2021-04-13 09:35:37,333.2,7229932
2021-04-13 09:35:38,333.05,7230372
2021-04-13 09:35:39,333.15,7230673
2021-04-13 09:35:40,333.1,7231812
2021-04-13 09:35:40,333.2,7231872
2021-04-13 09:35:42,333.2,7233565
2021-04-13 09:35:43,333.2,7235964
2021-04-13 09:35:44,333.2,7236683
2021-04-13 09:35:45,333.15,7237881
2021-04-13 09:35:46,333.15,7238131
2021-04-13 09:35:47,333.2,7238511
2021-04-13 09:35:47,333.2,7238551
2021-04-13 09:35:49,333.1,7242860
2021-04-13 09:35:50,333.1,7244058
2021-04-13 09:35:51,333.0,7245209
2021-04-13 09:35:52,333.05,7245773
2021-04-13 09:35:52,333.05,7245773
2021-04-13 09:35:54,333.1,7246529
2021-04-13 09:35:55,333.15,7247919
2021-04-13 09:35:56,333.15,7248198
2021-04-13 09:35:57,333.3,7249498
2021-04-13 09:35:57,333.2,7249764
2021-04-13 09:35:59,333.1,7259523
2021-04-13 09:36:00,333.35,7259963
2021-04-13 09:36:01,333.1,7260124
2021-04-13 09:36:02,333.2,7260274
2021-04-13 09:36:03,333.2,7261823
2021-04-13 09:36:03,333.15,7262003
2021-04-13 09:36:05,333.4,7263771
2021-04-13 09:36:06,333.5,7266350
2021-04-13 09:36:07,333.45,7266832
2021-04-13 09:36:08,333.6,7288047
2021-04-13 09:36:08,333.55,7287394
2021-04-13 09:36:10,333.5,7288783
2021-04-13 09:36:11,333.65,7291446
2021-04-13 09:36:12,333.65,7291448
2021-04-13 09:36:13,333.5,7292635
2021-04-13 09:36:14,333.6,7295975
2021-04-13 09:36:14,333.6,7295975
2021-04-13 09:36:16,333.6,7297017
2021-04-13 09:36:17,333.6,7297228
2021-04-13 09:36:18,333.8,7306441
2021-04-13 09:36:19,333.75,7306743
2021-04-13 09:36:19,333.8,7306642
2021-04-13 09:36:21,333.8,7307068
2021-04-13 09:36:22,333.8,7307620
2021-04-13 09:36:23,333.8,7307774
2021-04-13 09:36:24,333.7,7308540
2021-04-13 09:36:24,333.7,7308540
2021-04-13 09:36:26,333.6,7310677
2021-04-13 09:36:27,333.75,7311765
2021-04-13 09:36:28,333.8,7311902
2021-04-13 09:36:29,333.75,7313338
2021-04-13 09:36:30,333.75,7314021
2021-04-13 09:36:31,333.7,7314736
2021-04-13 09:36:31,333.7,7314678
2021-04-13 09:36:33,333.8,7317830
2021-04-13 09:36:34,333.7,7318295
2021-04-13 09:36:35,333.8,7327473
2021-04-13 09:36:36,333.8,7329892
2021-04-13 09:36:37,333.7,7332110
2021-04-13 09:36:37,333.7,7332310
2021-04-13 09:36:39,333.75,7332535
2021-04-13 09:36:40,333.75,7333655
2021-04-13 09:36:41,333.75,7333958
2021-04-13 09:36:42,333.75,7334980
2021-04-13 09:36:42,333.75,7334983
2021-04-13 09:36:44,333.75,7336084
2021-04-13 09:36:45,333.75,7336967
2021-04-13 09:36:46,333.85,7344384
2021-04-13 09:36:47,333.85,7344694
2021-04-13 09:36:48,333.75,7344744
2021-04-13 09:36:49,333.8,7344970
2021-04-13 09:36:50,333.75,7345357
2021-04-13 09:36:50,333.8,7345361
2021-04-13 09:36:52,333.8,7347096
2021-04-13 09:36:53,333.75,7347810
2021-04-13 09:36:54,333.7,7354449
2021-04-13 09:36:55,333.7,7355734
2021-04-13 09:36:56,333.65,7355970
2021-04-13 09:36:57,333.65,7356385
2021-04-13 09:36:58,333.55,7356899
2021-04-13 09:36:59,333.55,7357122
2021-04-13 09:37:00,333.55,7357226
2021-04-13 09:37:00,333.6,7358226
2021-04-13 09:37:02,333.7,7359284
2021-04-13 09:37:03,333.5,7362293
2021-04-13 09:37:04,333.55,7362436
2021-04-13 09:37:05,333.65,7362825
2021-04-13 09:37:06,333.65,7364188
2021-04-13 09:37:07,333.65,7364487
2021-04-13 09:37:08,333.65,7368113
2021-04-13 09:37:08,333.65,7368108
2021-04-13 09:37:10,333.65,7369755
2021-04-13 09:37:11,333.65,7369963
2021-04-13 09:37:12,333.65,7370123
2021-04-13 09:37:13,333.65,7370200
2021-04-13 09:37:14,333.65,7372169
2021-04-13 09:37:15,333.65,7372420
2021-04-13 09:37:16,333.75,7378881
2021-04-13 09:37:17,333.65,7379055
2021-04-13 09:37:18,333.7,7380218
2021-04-13 09:37:19,333.7,7381919
2021-04-13 09:37:20,333.65,7381939
2021-04-13 09:37:21,333.7,7382375
2021-04-13 09:37:22,333.7,7383212
2021-04-13 09:37:23,333.65,7384639
2021-04-13 09:37:24,333.6,7384816
2021-04-13 09:37:25,333.65,7385089
2021-04-13 09:37:26,333.5,7393601
2021-04-13 09:37:27,333.5,7394177
2021-04-13 09:37:28,333.5,7394227
2021-04-13 09:37:29,333.45,7395931
2021-04-13 09:37:30,333.45,7396932
2021-04-13 09:37:31,333.45,7397237
2021-04-13 09:37:32,333.45,7397839
2021-04-13 09:37:33,333.4,7400262
2021-04-13 09:37:34,333.45,7400263
2021-04-13 09:37:35,333.35,7406646
2021-04-13 09:37:36,333.35,7408040
2021-04-13 09:37:37,333.3,7409962
2021-04-13 09:37:38,333.4,7410917
2021-04-13 09:37:40,333.3,7412349
2021-04-13 09:37:39,333.45,7412339
2021-04-13 09:37:41,333.3,7412512
2021-04-13 09:37:42,333.35,7413618
2021-04-13 09:37:43,333.1,7427264
2021-04-13 09:37:44,333.3,7427527
2021-04-13 09:37:45,333.35,7427692
2021-04-13 09:37:46,333.25,7428148
2021-04-13 09:37:47,333.15,7428601
2021-04-13 09:37:48,333.15,7428857
2021-04-13 09:37:49,333.15,7428903
2021-04-13 09:37:50,333.1,7430206
2021-04-13 09:37:51,333.0,7435221
2021-04-13 09:37:53,333.1,7437081
2021-04-13 09:37:52,333.1,7437001
2021-04-13 09:37:54,333.0,7437643
2021-04-13 09:37:55,333.45,7454729
2021-04-13 09:37:56,333.3,7455507
2021-04-13 09:37:57,333.15,7456159
2021-04-13 09:37:58,333.15,7456357
2021-04-13 09:37:59,333.2,7459245
2021-04-13 09:38:00,333.35,7461683
2021-04-13 09:38:01,333.3,7461924
2021-04-13 09:38:02,333.3,7461924
2021-04-13 09:38:03,333.1,7462439
2021-04-13 09:38:04,333.25,7462986
2021-04-13 09:38:05,333.5,7482454
2021-04-13 09:38:06,333.2,7492012
2021-04-13 09:38:07,333.2,7492187
2021-04-13 09:38:09,333.25,7493024
2021-04-13 09:38:08,333.2,7493018
2021-04-13 09:38:10,333.25,7493274
2021-04-13 09:38:11,333.25,7493463
2021-04-13 09:38:12,333.2,7496469
2021-04-13 09:38:13,333.2,7496809
2021-04-13 09:38:14,333.2,7498318
2021-04-13 09:38:15,333.1,7501673
2021-04-13 09:38:16,333.1,7501840
2021-04-13 09:38:17,333.15,7502573
2021-04-13 09:38:18,333.1,7503761
2021-04-13 09:38:19,333.05,7506391
2021-04-13 09:38:20,333.1,7507042
2021-04-13 09:38:21,333.0,7534257
2021-04-13 09:38:22,333.0,7534367
2021-04-13 09:38:23,332.9,7537496
2021-04-13 09:38:24,332.85,7538653
2021-04-13 09:38:25,332.8,7539653
2021-04-13 09:38:26,332.85,7539768
2021-04-13 09:38:27,332.85,7540058
2021-04-13 09:38:28,332.85,7540078
2021-04-13 09:38:29,332.85,7540368
2021-04-13 09:38:30,332.75,7542178
2021-04-13 09:38:31,332.7,7543868
2021-04-13 09:38:32,332.55,7548384
2021-04-13 09:38:33,332.55,7570349
2021-04-13 09:38:34,332.55,7570682
2021-04-13 09:38:35,332.55,7570682
2021-04-13 09:38:36,332.55,7572869
2021-04-13 09:38:37,332.55,7577835
2021-04-13 09:38:38,332.55,7577858
2021-04-13 09:38:39,332.65,7579507
2021-04-13 09:38:40,332.65,7580591
2021-04-13 09:38:41,332.55,7580693
2021-04-13 09:38:42,332.65,7583031
2021-04-13 09:38:43,332.75,7583252
2021-04-13 09:38:44,332.7,7585547
2021-04-13 09:38:45,332.7,7586074
2021-04-13 09:38:46,332.7,7586881
2021-04-13 09:38:47,332.8,7587921
2021-04-13 09:38:48,332.7,7588041
2021-04-13 09:38:49,332.8,7588526
2021-04-13 09:38:50,332.8,7589368
2021-04-13 09:38:51,332.8,7591041
2021-04-13 09:38:52,332.8,7592213
2021-04-13 09:38:53,332.85,7593783
2021-04-13 09:38:55,332.85,7594424
2021-04-13 09:38:54,332.85,7594274
2021-04-13 09:38:56,332.75,7597113
2021-04-13 09:38:57,332.8,7597506
2021-04-13 09:38:58,332.9,7598913
2021-04-13 09:38:59,332.85,7599639
2021-04-13 09:39:00,333.0,7599654
2021-04-13 09:39:01,332.9,7600307
2021-04-13 09:39:02,333.0,7600562
2021-04-13 09:39:03,332.85,7601893
2021-04-13 09:39:04,333.0,7602600
2021-04-13 09:39:05,333.0,7602600
2021-04-13 09:39:06,332.85,7603253
2021-04-13 09:39:07,333.0,7603573
2021-04-13 09:39:08,332.95,7604224
2021-04-13 09:39:09,332.7,7617656
2021-04-13 09:39:10,332.65,7618626
2021-04-13 09:39:11,332.7,7626210
2021-04-13 09:39:12,332.65,7627010
2021-04-13 09:39:13,332.65,7627011
2021-04-13 09:39:14,332.65,7627485
2021-04-13 09:39:15,332.65,7627790
2021-04-13 09:39:16,332.65,7630659
2021-04-13 09:39:17,332.9,7633056
2021-04-13 09:39:18,332.9,7633081
2021-04-13 09:39:19,332.8,7634283
2021-04-13 09:39:20,332.95,7634638
2021-04-13 09:39:21,332.85,7634745
2021-04-13 09:39:23,332.9,7634833
2021-04-13 09:39:23,332.9,7634833
2021-04-13 09:39:24,332.95,7635863
2021-04-13 09:39:25,333.0,7641627
2021-04-13 09:39:26,333.15,7642489
2021-04-13 09:39:28,333.0,7646435
2021-04-13 09:39:28,333.05,7646333
2021-04-13 09:39:29,333.0,7646999
2021-04-13 09:39:30,332.95,7647593
2021-04-13 09:39:31,332.85,7651208
2021-04-13 09:39:32,332.9,7652245
2021-04-13 09:39:34,332.85,7652804
2021-04-13 09:39:34,332.85,7653336
2021-04-13 09:39:35,332.7,7653825
2021-04-13 09:39:36,332.75,7656797
2021-04-13 09:39:37,332.75,7662455
2021-04-13 09:39:38,332.7,7662642
2021-04-13 09:39:39,332.65,7663167
2021-04-13 09:39:41,332.65,7665202
2021-04-13 09:39:41,332.5,7685541
2021-04-13 09:39:42,332.6,7687308
2021-04-13 09:39:43,332.6,7687628
2021-04-13 09:39:44,332.6,7692641
2021-04-13 09:39:45,332.65,7693704
2021-04-13 09:39:47,332.75,7694119
2021-04-13 09:39:47,332.65,7694085
2021-04-13 09:39:48,332.6,7694706
2021-04-13 09:39:49,332.75,7695147
2021-04-13 09:39:50,332.65,7695332
2021-04-13 09:39:51,332.7,7696351
2021-04-13 09:39:53,332.65,7697235
2021-04-13 09:39:53,332.65,7697235
2021-04-13 09:39:54,332.6,7699338
2021-04-13 09:39:55,332.65,7700156
2021-04-13 09:39:56,332.55,7701777
2021-04-13 09:39:57,332.75,7703572
2021-04-13 09:39:59,332.55,7706761
2021-04-13 09:39:59,332.75,7707075
2021-04-13 09:40:00,332.75,7708804
2021-04-13 09:40:01,332.8,7710868
2021-04-13 09:40:02,332.75,7711215
2021-04-13 09:40:03,332.8,7712472
2021-04-13 09:40:05,332.8,7714375
2021-04-13 09:40:05,332.8,7714781
2021-04-13 09:40:06,332.9,7716611
2021-04-13 09:40:07,332.75,7716712
2021-04-13 09:40:08,332.9,7717359
2021-04-13 09:40:10,332.75,7717495
2021-04-13 09:40:10,332.75,7717715
2021-04-13 09:40:11,332.75,7720745
2021-04-13 09:40:12,332.75,7723130
2021-04-13 09:40:13,332.75,7723420
2021-04-13 09:40:14,332.65,7730563
2021-04-13 09:40:16,332.55,7748215
2021-04-13 09:40:16,332.55,7749394
2021-04-13 09:40:17,332.45,7749962
2021-04-13 09:40:18,332.2,7786209
2021-04-13 09:40:19,332.45,7789358
2021-04-13 09:40:21,332.5,7791393
2021-04-13 09:40:21,332.5,7791393
2021-04-13 09:40:22,332.5,7791684
2021-04-13 09:40:23,332.35,7792080
2021-04-13 09:40:24,332.3,7793602
2021-04-13 09:40:26,332.45,7794032
2021-04-13 09:40:26,332.45,7794082
2021-04-13 09:40:27,332.3,7794973
2021-04-13 09:40:28,332.4,7795085
2021-04-13 09:40:29,332.4,7795456
2021-04-13 09:40:31,332.35,7799065
2021-04-13 09:40:31,332.35,7799028
2021-04-13 09:40:32,332.4,7801151
2021-04-13 09:40:33,332.4,7801281
2021-04-13 09:40:34,332.35,7802011
2021-04-13 09:40:36,332.35,7805536
2021-04-13 09:40:36,332.35,7805536
2021-04-13 09:40:37,332.3,7806702
2021-04-13 09:40:38,332.4,7809317
2021-04-13 09:40:39,332.5,7809931
2021-04-13 09:40:40,332.45,7812456
2021-04-13 09:40:42,332.45,7815711
2021-04-13 09:40:42,332.5,7815912
2021-04-13 09:40:43,332.5,7821195
2021-04-13 09:40:44,332.6,7829462
2021-04-13 09:40:45,332.6,7831790
2021-04-13 09:40:47,332.45,7837357
2021-04-13 09:40:47,332.45,7837245
2021-04-13 09:40:48,332.6,7837478
2021-04-13 09:40:49,332.6,7838449
2021-04-13 09:40:50,332.55,7839113
2021-04-13 09:40:52,332.55,7839499
2021-04-13 09:40:52,332.55,7839569
2021-04-13 09:40:53,332.55,7839953
2021-04-13 09:40:54,332.4,7841971
2021-04-13 09:40:55,332.4,7843730
2021-04-13 09:40:57,332.5,7845847
2021-04-13 09:40:57,332.5,7845842
2021-04-13 09:40:58,332.4,7846157
2021-04-13 09:40:59,332.45,7848357
2021-04-13 09:41:00,332.5,7849124
2021-04-13 09:41:01,332.5,7853420
2021-04-13 09:41:03,332.55,7854265
2021-04-13 09:41:03,332.55,7854076
2021-04-13 09:41:04,332.5,7854690
2021-04-13 09:41:05,332.6,7854773
2021-04-13 09:41:06,332.5,7855339
2021-04-13 09:41:07,332.55,7855502
2021-04-13 09:41:08,332.55,7855900
2021-04-13 09:41:10,332.55,7856618
2021-04-13 09:41:10,332.5,7856644
2021-04-13 09:41:11,332.45,7859404
2021-04-13 09:41:12,332.45,7860957
2021-04-13 09:41:13,332.4,7862673
2021-04-13 09:41:14,332.45,7863165
2021-04-13 09:41:16,332.45,7865682
2021-04-13 09:41:16,332.45,7863594
2021-04-13 09:41:17,332.4,7867101
2021-04-13 09:41:18,332.5,7867180
2021-04-13 09:41:19,332.45,7868260
2021-04-13 09:41:20,332.5,7868415
2021-04-13 09:41:22,332.3,7873299
2021-04-13 09:41:22,332.4,7872868
2021-04-13 09:41:23,332.3,7877646
2021-04-13 09:41:24,332.25,7878439
2021-04-13 09:41:25,332.3,7879823
2021-04-13 09:41:27,332.15,7925546
2021-04-13 09:41:28,332.0,7928783
2021-04-13 09:41:28,332.15,7928934
2021-04-13 09:41:29,332.1,7931405
2021-04-13 09:41:30,332.0,7933657
2021-04-13 09:41:32,332.0,7935462
2021-04-13 09:41:33,332.1,7935930
2021-04-13 09:41:34,332.0,7938049
2021-04-13 09:41:34,332.15,7939989
2021-04-13 09:41:35,331.85,8009542
2021-04-13 09:41:36,332.0,8070411
2021-04-13 09:41:37,332.0,8075050
2021-04-13 09:41:39,331.8,8076583
2021-04-13 09:41:40,331.8,8079082
2021-04-13 09:41:40,331.85,8079172
2021-04-13 09:41:41,331.95,8082895
2021-04-13 09:41:42,331.95,8084984
2021-04-13 09:41:44,332.0,8095694
2021-04-13 09:41:45,332.0,8121228
2021-04-13 09:41:45,331.9,8121319
2021-04-13 09:41:46,332.0,8123317
2021-04-13 09:41:47,332.0,8123736
2021-04-13 09:41:48,332.1,8129517
2021-04-13 09:41:50,332.1,8131048
2021-04-13 09:41:51,332.1,8131245
2021-04-13 09:41:51,332.2,8131247
2021-04-13 09:41:52,332.3,8137718
2021-04-13 09:41:53,332.1,8140554
2021-04-13 09:41:55,332.2,8141563
2021-04-13 09:41:56,332.1,8143347
2021-04-13 09:41:56,332.2,8144057
2021-04-13 09:41:57,332.2,8144673
2021-04-13 09:41:58,332.35,8145514
2021-04-13 09:41:59,332.3,8149290
2021-04-13 09:42:01,332.3,8151939
2021-04-13 09:42:02,332.25,8152280
2021-04-13 09:42:03,332.1,8153345
2021-04-13 09:42:04,332.1,8153541
2021-04-13 09:42:06,332.3,8154896
2021-04-13 09:42:07,332.3,8155086
2021-04-13 09:42:07,332.1,8157086
2021-04-13 09:42:08,332.3,8160608
2021-04-13 09:42:09,332.3,8167619
2021-04-13 09:42:10,332.15,8168008
2021-04-13 09:42:12,332.1,8168304
2021-04-13 09:42:13,332.2,8170981
2021-04-13 09:42:13,332.2,8171081
2021-04-13 09:42:14,332.15,8173343
2021-04-13 09:42:15,332.15,8174401
2021-04-13 09:42:16,332.15,8177955
2021-04-13 09:42:18,332.15,8178990
2021-04-13 09:42:19,332.1,8180195
2021-04-13 09:42:19,332.0,8180535
2021-04-13 09:42:20,332.1,8182356
2021-04-13 09:42:21,332.05,8182381
2021-04-13 09:42:23,332.0,8183627
2021-04-13 09:42:24,332.05,8184436
2021-04-13 09:42:24,332.0,8184586
2021-04-13 09:42:25,331.85,8205767
2021-04-13 09:42:26,331.85,8207052
2021-04-13 09:42:28,331.8,8208150
2021-04-13 09:42:29,331.85,8208990
2021-04-13 09:42:29,331.85,8210100
2021-04-13 09:42:30,331.8,8214455
2021-04-13 09:42:31,331.8,8214906
2021-04-13 09:42:32,331.8,8218633
2021-04-13 09:42:33,331.8,8223486
2021-04-13 09:42:35,331.9,8226674
2021-04-13 09:42:36,331.8,8228655
2021-04-13 09:42:37,331.75,8230701
2021-04-13 09:42:37,331.9,8232613
2021-04-13 09:42:38,331.9,8237487
2021-04-13 09:42:39,331.95,8248115
2021-04-13 09:42:40,331.85,8248885
2021-04-13 09:42:41,331.9,8250277
2021-04-13 09:42:42,331.9,8250685
2021-04-13 09:42:44,331.8,8252126
2021-04-13 09:42:45,331.9,8252780
2021-04-13 09:42:46,331.8,8254286
2021-04-13 09:42:47,331.9,8260190
2021-04-13 09:42:48,332.1,8282805
2021-04-13 09:42:49,332.0,8286427
2021-04-13 09:42:50,332.15,8290483
2021-04-13 09:42:53,332.0,8297696
2021-04-13 09:42:54,332.05,8299340
2021-04-13 09:42:54,332.0,8300140
2021-04-13 09:42:55,332.2,8300196
2021-04-13 09:42:56,332.1,8300998
2021-04-13 09:42:57,332.15,8301018
2021-04-13 09:42:58,332.1,8301906
2021-04-13 09:42:59,332.2,8302124
2021-04-13 09:43:00,332.2,8316149
2021-04-13 09:43:01,332.2,8320653
2021-04-13 09:43:02,332.2,8322111
2021-04-13 09:43:03,332.15,8328102
2021-04-13 09:43:04,332.5,8347202
2021-04-13 09:43:05,332.35,8347510
2021-04-13 09:43:06,332.5,8351370
2021-04-13 09:43:07,332.45,8358128
2021-04-13 09:43:08,332.6,8358937
2021-04-13 09:43:09,332.5,8362405
2021-04-13 09:43:11,332.75,8362887
2021-04-13 09:43:12,332.8,8365318
2021-04-13 09:43:13,332.8,8366438
2021-04-13 09:43:13,332.75,8366503
2021-04-13 09:43:14,332.75,8366629
2021-04-13 09:43:15,332.9,8374022
2021-04-13 09:43:16,333.1,8412119
2021-04-13 09:43:17,333.0,8415899
2021-04-13 09:43:18,333.1,8416798
2021-04-13 09:43:19,333.0,8417602
2021-04-13 09:43:20,333.0,8418708
2021-04-13 09:43:21,333.05,8419789
2021-04-13 09:43:22,333.1,8423331
2021-04-13 09:43:23,333.2,8427069
2021-04-13 09:43:24,333.2,8427191
2021-04-13 09:43:25,333.2,8429516
2021-04-13 09:43:26,333.2,8429812
2021-04-13 09:43:27,333.2,8430911
2021-04-13 09:43:28,333.15,8431650
2021-04-13 09:43:30,333.2,8435977
2021-04-13 09:43:32,333.0,8440620
2021-04-13 09:43:33,333.05,8441566
2021-04-13 09:43:34,333.1,8445297
2021-04-13 09:43:35,333.0,8446211
2021-04-13 09:43:36,333.1,8447233
2021-04-13 09:43:37,333.1,8447678
2021-04-13 09:43:37,333.1,8447678
2021-04-13 09:43:38,333.15,8447679
2021-04-13 09:43:39,333.05,8449179
2021-04-13 09:43:41,333.05,8449222
2021-04-13 09:43:42,333.0,8455436
2021-04-13 09:43:43,332.95,8456090
2021-04-13 09:43:44,332.7,8459512
2021-04-13 09:43:45,332.9,8462148
2021-04-13 09:43:45,332.95,8463698
2021-04-13 09:43:46,332.95,8464473
2021-04-13 09:43:47,332.85,8465503
2021-04-13 09:43:48,332.85,8466518
2021-04-13 09:43:50,332.7,8466538
2021-04-13 09:43:51,332.8,8467523
2021-04-13 09:43:52,332.8,8467965
2021-04-13 09:43:53,332.75,8471266
2021-04-13 09:43:54,332.6,8474102
2021-04-13 09:43:55,332.6,8475618
2021-04-13 09:43:56,332.55,8476930
2021-04-13 09:43:57,332.55,8482316
2021-04-13 09:43:58,332.5,8482892
2021-04-13 09:43:59,332.3,8483233
2021-04-13 09:44:00,332.45,8484652
2021-04-13 09:44:01,332.35,8484992
2021-04-13 09:44:02,332.35,8487253
2021-04-13 09:44:03,332.35,8487580
2021-04-13 09:44:04,332.45,8488118
2021-04-13 09:44:05,332.35,8488276
2021-04-13 09:44:06,332.35,8488696
2021-04-13 09:44:07,332.4,8489137
2021-04-13 09:44:08,332.35,8491968
2021-04-13 09:44:09,332.35,8493417
2021-04-13 09:44:09,332.35,8493442
2021-04-13 09:44:10,332.35,8494202
2021-04-13 09:44:11,332.3,8494904
2021-04-13 09:44:12,332.4,8496420
2021-04-13 09:44:13,332.2,8508202
2021-04-13 09:44:15,332.25,8508755
2021-04-13 09:44:16,332.15,8509114
2021-04-13 09:44:17,332.3,8509245
2021-04-13 09:44:18,332.2,8511173
2021-04-13 09:44:18,332.2,8511173
2021-04-13 09:44:19,332.2,8511789
2021-04-13 09:44:20,332.2,8512088
2021-04-13 09:44:22,332.25,8512599
2021-04-13 09:44:23,332.45,8514948
2021-04-13 09:44:24,332.4,8515284
2021-04-13 09:44:25,332.5,8515315
2021-04-13 09:44:26,332.45,8516431
2021-04-13 09:44:27,332.6,8519507
2021-04-13 09:44:27,332.6,8519607
2021-04-13 09:44:28,332.6,8520734
2021-04-13 09:44:30,332.8,8521286
2021-04-13 09:44:31,332.85,8521494
2021-04-13 09:44:32,332.8,8522345
2021-04-13 09:44:33,332.75,8522929
2021-04-13 09:44:34,332.9,8523053
2021-04-13 09:44:34,332.9,8523040
2021-04-13 09:44:35,332.85,8523240
2021-04-13 09:44:37,332.9,8525123
2021-04-13 09:44:38,332.9,8526615
2021-04-13 09:44:39,332.9,8535078
2021-04-13 09:44:39,332.85,8535178
2021-04-13 09:44:40,332.95,8538312
2021-04-13 09:44:42,332.95,8540289
2021-04-13 09:44:43,333.0,8542313
2021-04-13 09:44:44,332.9,8544125
2021-04-13 09:44:45,332.95,8544231
2021-04-13 09:44:46,333.0,8544525
2021-04-13 09:44:47,333.0,8548633
2021-04-13 09:44:48,332.85,8549622
2021-04-13 09:44:48,332.95,8549422
2021-04-13 09:44:49,332.85,8549790
2021-04-13 09:44:50,332.9,8550873
2021-04-13 09:44:51,332.9,8552575
2021-04-13 09:44:53,332.9,8552700
2021-04-13 09:44:54,332.85,8553062
2021-04-13 09:44:55,333.15,8590956
2021-04-13 09:44:56,333.15,8591120
2021-04-13 09:44:57,333.1,8591507
2021-04-13 09:44:58,333.1,8591698
2021-04-13 09:44:58,333.1,8591798
2021-04-13 09:44:59,333.1,8592693
2021-04-13 09:45:01,333.1,8593014
2021-04-13 09:45:02,333.1,8594035
2021-04-13 09:45:03,333.1,8596052
2021-04-13 09:45:04,332.95,8599347
2021-04-13 09:45:05,332.95,8600841
2021-04-13 09:45:05,332.95,8600841
2021-04-13 09:45:06,332.9,8603602
2021-04-13 09:45:08,332.95,8603692
2021-04-13 09:45:09,332.95,8605151
2021-04-13 09:45:10,332.9,8608979
2021-04-13 09:45:10,332.95,8609004
2021-04-13 09:45:11,332.95,8610363
2021-04-13 09:45:13,332.95,8611689
2021-04-13 09:45:14,333.0,8612199
2021-04-13 09:45:15,333.0,8612415
2021-04-13 09:45:16,332.95,8613332
2021-04-13 09:45:16,332.95,8613332
2021-04-13 09:45:17,333.1,8621995
2021-04-13 09:45:18,333.15,8622286
2021-04-13 09:45:19,333.15,8622329
2021-04-13 09:45:20,333.25,8658381
2021-04-13 09:45:21,333.3,8659501
2021-04-13 09:45:22,333.3,8660624
2021-04-13 09:45:23,333.2,8661433
2021-04-13 09:45:25,333.3,8665705
2021-04-13 09:45:26,333.25,8666040
2021-04-13 09:45:27,333.3,8667498
2021-04-13 09:45:28,333.3,8670615
2021-04-13 09:45:29,333.3,8672892
2021-04-13 09:45:30,333.2,8673816
2021-04-13 09:45:31,333.25,8675281
2021-04-13 09:45:32,333.25,8675567
2021-04-13 09:45:33,333.25,8675879
2021-04-13 09:45:34,333.2,8676728
2021-04-13 09:45:35,333.25,8676964
2021-04-13 09:45:36,333.25,8677123
2021-04-13 09:45:37,333.25,8677657
2021-04-13 09:45:38,333.25,8678727
2021-04-13 09:45:39,333.2,8679140
2021-04-13 09:45:40,333.25,8680017
2021-04-13 09:45:41,333.2,8680345
2021-04-13 09:45:42,333.2,8681839
2021-04-13 09:45:43,333.2,8683054
2021-04-13 09:45:43,333.2,8683054
2021-04-13 09:45:44,333.15,8684265
2021-04-13 09:45:46,333.15,8684505
2021-04-13 09:45:47,333.1,8687567
2021-04-13 09:45:48,333.0,8688613
2021-04-13 09:45:49,333.05,8689862
2021-04-13 09:45:50,333.0,8691629
2021-04-13 09:45:51,333.05,8692481
2021-04-13 09:45:52,333.05,8694434
2021-04-13 09:45:52,333.05,8694434
2021-04-13 09:45:53,333.05,8695552
2021-04-13 09:45:55,333.0,8696834
2021-04-13 09:45:56,333.0,8697024
2021-04-13 09:45:57,333.0,8697662
2021-04-13 09:45:58,333.0,8697805
2021-04-13 09:45:59,333.05,8699872
2021-04-13 09:46:00,333.05,8701562
2021-04-13 09:46:00,333.05,8701565
2021-04-13 09:46:01,333.05,8701676
2021-04-13 09:46:02,333.05,8701706
2021-04-13 09:46:03,333.05,8702165
2021-04-13 09:46:04,333.05,8705928
2021-04-13 09:46:05,333.1,8708174
2021-04-13 09:46:07,333.0,8708972
2021-04-13 09:46:08,333.0,8710075
2021-04-13 09:46:09,333.0,8710096
2021-04-13 09:46:10,333.0,8710568
2021-04-13 09:46:11,333.05,8713785
2021-04-13 09:46:12,333.1,8717293
2021-04-13 09:46:13,333.05,8717986
2021-04-13 09:46:14,333.05,8718124
2021-04-13 09:46:15,333.05,8718387
2021-04-13 09:46:16,333.05,8718438
2021-04-13 09:46:17,333.1,8719546
2021-04-13 09:46:18,333.05,8719567
2021-04-13 09:46:19,333.1,8719915
2021-04-13 09:46:20,333.1,8719946
2021-04-13 09:46:21,333.1,8720231
2021-04-13 09:46:22,333.1,8720674
2021-04-13 09:46:23,333.05,8721517
2021-04-13 09:46:24,333.0,8722122
2021-04-13 09:46:25,333.0,8724246
2021-04-13 09:46:25,333.05,8728105
2021-04-13 09:46:27,333.0,8728417
2021-04-13 09:46:28,333.0,8728724
2021-04-13 09:46:29,333.05,8731329
2021-04-13 09:46:30,333.0,8731776
2021-04-13 09:46:31,333.05,8731866
2021-04-13 09:46:32,333.0,8733052
2021-04-13 09:46:33,333.05,8734055
2021-04-13 09:46:34,333.15,8743366
2021-04-13 09:46:35,333.05,8744423
2021-04-13 09:46:36,333.05,8744451
2021-04-13 09:46:37,333.1,8744495
2021-04-13 09:46:38,333.05,8746988
2021-04-13 09:46:39,333.05,8747232
2021-04-13 09:46:39,333.1,8747282
2021-04-13 09:46:40,333.1,8749902
2021-04-13 09:46:41,333.1,8750766
2021-04-13 09:46:42,333.2,8750916
2021-04-13 09:46:43,333.1,8751783
2021-04-13 09:46:45,333.25,8760458
2021-04-13 09:46:46,333.25,8761964
2021-04-13 09:46:47,333.25,8762082
2021-04-13 09:46:48,333.25,8762159
2021-04-13 09:46:49,333.25,8765917
2021-04-13 09:46:50,333.25,8766246
2021-04-13 09:46:51,333.2,8766356
2021-04-13 09:46:51,333.25,8766374
2021-04-13 09:46:52,333.25,8766640
2021-04-13 09:46:53,333.15,8770567
2021-04-13 09:46:55,333.25,8772748
2021-04-13 09:46:56,333.25,8773609
2021-04-13 09:46:57,333.3,8775733
2021-04-13 09:46:58,333.25,8775939
2021-04-13 09:46:59,333.35,8790742
2021-04-13 09:47:00,333.25,8792610
2021-04-13 09:47:01,333.2,8792748
2021-04-13 09:47:02,333.2,8793193
2021-04-13 09:47:03,333.35,8793431
2021-04-13 09:47:04,333.35,8793578
2021-04-13 09:47:05,333.3,8794697
2021-04-13 09:47:05,333.3,8794697
2021-04-13 09:47:07,333.25,8794715
2021-04-13 09:47:08,333.3,8795109
2021-04-13 09:47:09,333.3,8797592
2021-04-13 09:47:10,333.3,8797807
2021-04-13 09:47:11,333.35,8798415
2021-04-13 09:47:12,333.4,8798638
2021-04-13 09:47:13,333.3,8799027
2021-04-13 09:47:14,333.35,8799550
2021-04-13 09:47:15,333.35,8799648
2021-04-13 09:47:15,333.35,8799648
2021-04-13 09:47:16,333.3,8800512
2021-04-13 09:47:17,333.3,8800622
2021-04-13 09:47:19,333.3,8804528
2021-04-13 09:47:20,333.3,8804880
2021-04-13 09:47:21,333.25,8809449
2021-04-13 09:47:22,333.25,8810361
2021-04-13 09:47:23,333.15,8811526
2021-04-13 09:47:24,333.2,8811539
2021-04-13 09:47:25,333.25,8812803
2021-04-13 09:47:25,333.25,8812905
2021-04-13 09:47:26,333.25,8813127
2021-04-13 09:47:28,333.3,8814149
2021-04-13 09:47:29,333.25,8819359
2021-04-13 09:47:30,333.4,8819656
2021-04-13 09:47:31,333.3,8821112
2021-04-13 09:47:32,333.3,8823072
2021-04-13 09:47:33,333.4,8824175
2021-04-13 09:47:34,333.3,8824675
2021-04-13 09:47:35,333.4,8824893
2021-04-13 09:47:36,333.35,8828144
2021-04-13 09:47:37,333.3,8828433
2021-04-13 09:47:38,333.4,8829063
2021-04-13 09:47:38,333.4,8829063
2021-04-13 09:47:39,333.3,8829228
2021-04-13 09:47:41,333.4,8829620
2021-04-13 09:47:42,333.3,8830057
2021-04-13 09:47:43,333.3,8830315
2021-04-13 09:47:44,333.4,8834723
2021-04-13 09:47:45,333.3,8835699
2021-04-13 09:47:46,333.35,8836001
2021-04-13 09:47:47,333.35,8836486
2021-04-13 09:47:48,333.4,8836496
2021-04-13 09:47:49,333.35,8837937
2021-04-13 09:47:50,333.35,8858278
2021-04-13 09:47:51,333.45,8858288
2021-04-13 09:47:52,333.45,8858586
2021-04-13 09:47:53,333.45,8858644
2021-04-13 09:47:54,333.45,8858660
2021-04-13 09:47:55,333.4,8860959
2021-04-13 09:47:56,333.5,8863698
2021-04-13 09:47:57,333.5,8864102
2021-04-13 09:47:58,333.5,8864232
2021-04-13 09:47:59,333.45,8865184
2021-04-13 09:48:00,333.5,8865240
2021-04-13 09:48:01,333.5,8865974
2021-04-13 09:48:02,333.5,8866249
2021-04-13 09:48:03,333.5,8866431
2021-04-13 09:48:04,333.5,8866648
2021-04-13 09:48:05,333.5,8866712
2021-04-13 09:48:06,333.5,8869024
2021-04-13 09:48:07,333.4,8869580
2021-04-13 09:48:08,333.5,8870188
2021-04-13 09:48:09,333.35,8870248
2021-04-13 09:48:10,333.4,8872301
2021-04-13 09:48:11,333.4,8873455
2021-04-13 09:48:12,333.4,8873601
2021-04-13 09:48:13,333.4,8875710
2021-04-13 09:48:14,333.35,8877156
2021-04-13 09:48:15,333.25,8877848
2021-04-13 09:48:16,333.3,8881251
2021-04-13 09:48:17,333.2,8881457
2021-04-13 09:48:18,333.35,8882511
2021-04-13 09:48:20,333.25,8883326
2021-04-13 09:48:21,333.25,8883493
2021-04-13 09:48:22,333.3,8883595
2021-04-13 09:48:23,333.25,8884789
2021-04-13 09:48:24,333.25,8886081
2021-04-13 09:48:26,333.25,8887550
2021-04-13 09:48:27,333.3,8888866
2021-04-13 09:48:28,333.25,8889778
2021-04-13 09:48:30,333.2,8890509
2021-04-13 09:48:29,333.3,8890408
2021-04-13 09:48:31,333.25,8891398
2021-04-13 09:48:32,333.2,8894635
2021-04-13 09:48:33,333.25,8894713
2021-04-13 09:48:34,333.35,8898378
2021-04-13 09:48:35,333.3,8898747
2021-04-13 09:48:37,333.3,8899489
2021-04-13 09:48:36,333.35,8899449
2021-04-13 09:48:38,333.3,8899731
2021-04-13 09:48:39,333.3,8900458
2021-04-13 09:48:40,333.4,8900802
2021-04-13 09:48:41,333.35,8902345
2021-04-13 09:48:42,333.45,8908788
2021-04-13 09:48:43,333.5,8945437
2021-04-13 09:48:44,333.5,8945763
2021-04-13 09:48:45,333.5,8945779
2021-04-13 09:48:46,333.5,8946139
2021-04-13 09:48:47,333.45,8946141
2021-04-13 09:48:48,333.5,8946168
2021-04-13 09:48:49,333.45,8946188
2021-04-13 09:48:50,333.5,8946338
2021-04-13 09:48:51,333.5,8947117
2021-04-13 09:48:52,333.6,8960864
2021-04-13 09:48:53,333.65,8961008
2021-04-13 09:48:54,333.65,8961640
2021-04-13 09:48:55,333.7,8966916
2021-04-13 09:48:56,333.8,8971758
2021-04-13 09:48:57,333.8,8973149
2021-04-13 09:48:58,333.8,8973439
2021-04-13 09:48:59,333.8,8973934
2021-04-13 09:49:00,333.9,8979218
2021-04-13 09:49:01,333.9,8988178
2021-04-13 09:49:02,333.95,8988837
2021-04-13 09:49:03,333.95,8989183
2021-04-13 09:49:04,333.9,8989980
2021-04-13 09:49:06,333.95,8992447
2021-04-13 09:49:05,333.95,8992447
2021-04-13 09:49:07,333.95,8993333
2021-04-13 09:49:08,334.0,9013887
2021-04-13 09:49:09,334.0,9017554
2021-04-13 09:49:10,334.0,9020223
2021-04-13 09:49:11,333.95,9022607
2021-04-13 09:49:12,333.95,9024932
2021-04-13 09:49:13,334.0,9025683
2021-04-13 09:49:14,334.15,9081423
2021-04-13 09:49:15,333.95,9083238
2021-04-13 09:49:17,333.95,9084914
2021-04-13 09:49:18,334.0,9085015
2021-04-13 09:49:19,333.95,9085683
2021-04-13 09:49:20,334.0,9086315
2021-04-13 09:49:21,334.0,9088716
2021-04-13 09:49:22,334.0,9089136
2021-04-13 09:49:23,333.9,9090628
2021-04-13 09:49:24,333.9,9090798
2021-04-13 09:49:25,334.0,9091751
2021-04-13 09:49:26,333.95,9092952
2021-04-13 09:49:27,333.95,9094219
2021-04-13 09:49:28,333.95,9095309
2021-04-13 09:49:29,334.0,9095479
2021-04-13 09:49:31,333.9,9096395
2021-04-13 09:49:30,333.95,9096092
2021-04-13 09:49:32,333.8,9099715
2021-04-13 09:49:33,333.8,9100598
2021-04-13 09:49:34,333.95,9104712
2021-04-13 09:49:35,333.95,9105502
2021-04-13 09:49:36,333.95,9106004
2021-04-13 09:49:37,333.95,9106146
2021-04-13 09:49:38,334.0,9127346
2021-04-13 09:49:39,334.05,9128907
2021-04-13 09:49:40,334.0,9132571
2021-04-13 09:49:41,334.0,9132979
2021-04-13 09:49:42,334.05,9134604
2021-04-13 09:49:43,334.1,9134683
2021-04-13 09:49:44,334.15,9137063
2021-04-13 09:49:45,334.1,9138466
2021-04-13 09:49:46,334.15,9139457
2021-04-13 09:49:47,334.15,9139663
2021-04-13 09:49:48,334.15,9141788
2021-04-13 09:49:49,334.3,9150836
2021-04-13 09:49:50,334.35,9151353
2021-04-13 09:49:51,334.25,9152690
2021-04-13 09:49:52,334.3,9153670
2021-04-13 09:49:53,334.35,9155140
2021-04-13 09:49:54,334.4,9156828
2021-04-13 09:49:57,334.25,9161871
2021-04-13 09:49:57,334.4,9162671
2021-04-13 09:49:58,334.35,9164458
2021-04-13 09:49:59,334.2,9166537
2021-04-13 09:50:00,334.4,9167828
2021-04-13 09:50:01,334.35,9168167
2021-04-13 09:50:02,334.3,9169759
2021-04-13 09:50:03,334.3,9172308
2021-04-13 09:50:04,334.35,9172680
2021-04-13 09:50:05,334.3,9173227
2021-04-13 09:50:06,334.2,9178388
2021-04-13 09:50:07,334.25,9183958
2021-04-13 09:50:08,334.3,9185788
2021-04-13 09:50:09,334.15,9188167
2021-04-13 09:50:10,334.3,9189160
2021-04-13 09:50:12,334.3,9189606
2021-04-13 09:50:12,334.3,9189606
2021-04-13 09:50:13,334.3,9190677
2021-04-13 09:50:14,334.25,9192767
2021-04-13 09:50:15,334.2,9195568
2021-04-13 09:50:16,334.25,9199748
2021-04-13 09:50:17,334.15,9200024
2021-04-13 09:50:18,334.15,9200916
2021-04-13 09:50:19,334.2,9200932
2021-04-13 09:50:20,334.2,9204449
2021-04-13 09:50:21,334.2,9204633
2021-04-13 09:50:22,334.1,9209260
2021-04-13 09:50:24,334.2,9217714
2021-04-13 09:50:25,334.2,9217978
2021-04-13 09:50:25,334.1,9218110
2021-04-13 09:50:26,334.1,9218508
2021-04-13 09:50:27,334.2,9219192
2021-04-13 09:50:28,334.15,9220297
2021-04-13 09:50:30,334.1,9221173
2021-04-13 09:50:31,334.1,9228080
2021-04-13 09:50:32,334.2,9229656
2021-04-13 09:50:34,334.1,9231215
2021-04-13 09:50:35,334.1,9231316
2021-04-13 09:50:36,334.1,9235463
2021-04-13 09:50:37,334.1,9235865
2021-04-13 09:50:38,334.0,9236038
2021-04-13 09:50:40,334.1,9243079
2021-04-13 09:50:40,334.1,9242879
2021-04-13 09:50:41,334.05,9244544
2021-04-13 09:50:42,334.1,9245407
2021-04-13 09:50:43,334.0,9246023
2021-04-13 09:50:44,334.2,9251540
2021-04-13 09:50:45,334.15,9252367
2021-04-13 09:50:46,334.1,9253851
2021-04-13 09:50:47,334.1,9254774
2021-04-13 09:50:49,334.2,9266193
2021-04-13 09:50:49,334.3,9266443
2021-04-13 09:50:51,334.2,9268348
2021-04-13 09:50:52,334.3,9269299
2021-04-13 09:50:53,334.3,9270340
2021-04-13 09:50:54,334.2,9270601
2021-04-13 09:50:55,334.35,9281745
2021-04-13 09:50:56,334.45,9293319
2021-04-13 09:50:57,334.35,9297086
2021-04-13 09:50:58,334.35,9298066
2021-04-13 09:50:59,334.5,9306164
2021-04-13 09:51:00,334.65,9356745
2021-04-13 09:51:01,334.7,9357578
2021-04-13 09:51:02,334.7,9358400
2021-04-13 09:51:03,334.7,9358888
2021-04-13 09:51:04,334.85,9372722
2021-04-13 09:51:05,334.9,9381059
2021-04-13 09:51:06,334.9,9382838
2021-04-13 09:51:07,334.9,9383941
2021-04-13 09:51:08,334.8,9384509
2021-04-13 09:51:09,334.9,9386978
2021-04-13 09:51:10,334.8,9389663
2021-04-13 09:51:11,334.85,9392089
2021-04-13 09:51:12,334.9,9404430
2021-04-13 09:51:13,334.85,9407141
2021-04-13 09:51:14,334.75,9413605
2021-04-13 09:51:16,334.8,9420061
2021-04-13 09:51:17,334.8,9420943
2021-04-13 09:51:18,334.8,9421555
2021-04-13 09:51:19,334.85,9423125
2021-04-13 09:51:20,334.85,9428074
2021-04-13 09:51:21,334.85,9430398
2021-04-13 09:51:22,334.65,9431217
2021-04-13 09:51:23,334.8,9432309
2021-04-13 09:51:24,334.7,9433655
2021-04-13 09:51:25,334.8,9437243
2021-04-13 09:51:26,334.7,9440341
2021-04-13 09:51:27,334.7,9440629
2021-04-13 09:51:28,334.8,9442237
2021-04-13 09:51:29,334.7,9443251
2021-04-13 09:51:30,334.7,9444178
2021-04-13 09:51:31,334.7,9444386
2021-04-13 09:51:32,334.6,9445641
2021-04-13 09:51:32,334.7,9446655
2021-04-13 09:51:34,334.7,9447151
2021-04-13 09:51:34,334.7,9447161
2021-04-13 09:51:35,334.6,9450603
2021-04-13 09:51:36,334.7,9451578
2021-04-13 09:51:37,334.6,9453216
2021-04-13 09:51:38,334.4,9463639
2021-04-13 09:51:39,334.5,9469037
2021-04-13 09:51:40,334.4,9470024
2021-04-13 09:51:41,334.4,9470925
2021-04-13 09:51:43,334.5,9471511
2021-04-13 09:51:43,334.4,9471611
2021-04-13 09:51:44,334.45,9472781
2021-04-13 09:51:45,334.55,9474041
2021-04-13 09:51:46,334.35,9477641
2021-04-13 09:51:47,334.45,9478381
2021-04-13 09:51:48,334.6,9479887
2021-04-13 09:51:49,334.5,9481117
2021-04-13 09:51:50,334.5,9481570
2021-04-13 09:51:51,334.5,9482221
2021-04-13 09:51:52,334.65,9484159
2021-04-13 09:51:53,334.5,9484970
2021-04-13 09:51:54,334.55,9485996
2021-04-13 09:51:55,334.5,9487298
2021-04-13 09:51:56,334.6,9488904
2021-04-13 09:51:57,334.5,9489095
2021-04-13 09:51:59,334.5,9489611
2021-04-13 09:51:59,334.5,9490331
2021-04-13 09:52:00,334.55,9491265
2021-04-13 09:52:01,334.65,9492440
2021-04-13 09:52:02,334.6,9492598
2021-04-13 09:52:04,334.55,9493853
2021-04-13 09:52:05,334.65,9494201
2021-04-13 09:52:05,334.65,9494217
2021-04-13 09:52:06,334.6,9494509
2021-04-13 09:52:07,334.8,9527590
2021-04-13 09:52:08,334.6,9531328
2021-04-13 09:52:09,334.7,9531435
2021-04-13 09:52:10,334.7,9531537
2021-04-13 09:52:11,334.65,9532279
2021-04-13 09:52:12,334.85,9538473
2021-04-13 09:52:13,334.9,9542881
2021-04-13 09:52:14,334.75,9543545
2021-04-13 09:52:15,334.7,9543866
2021-04-13 09:52:16,334.8,9546557
2021-04-13 09:52:17,334.65,9546970
2021-04-13 09:52:19,334.65,9548539
2021-04-13 09:52:20,334.75,9550659
2021-04-13 09:52:20,334.6,9557417
2021-04-13 09:52:21,334.6,9557956
2021-04-13 09:52:22,334.6,9559375
2021-04-13 09:52:23,334.5,9559931
2021-04-13 09:52:24,334.55,9560173
2021-04-13 09:52:25,334.7,9560642
2021-04-13 09:52:27,334.65,9560986
2021-04-13 09:52:28,334.7,9561713
2021-04-13 09:52:29,334.7,9563035
2021-04-13 09:52:29,334.7,9563114
2021-04-13 09:52:30,334.7,9563373
2021-04-13 09:52:31,334.7,9565223
2021-04-13 09:52:32,334.65,9567008
2021-04-13 09:52:33,334.65,9569041
2021-04-13 09:52:34,334.65,9569219
2021-04-13 09:52:35,334.65,9569344
2021-04-13 09:52:36,334.6,9570183
2021-04-13 09:52:37,334.65,9571332
2021-04-13 09:52:38,334.6,9572288
2021-04-13 09:52:39,334.6,9572688
2021-04-13 09:52:41,334.55,9583149
2021-04-13 09:52:42,334.55,9585100
2021-04-13 09:52:42,334.4,9585206
2021-04-13 09:52:43,334.6,9589081
2021-04-13 09:52:44,334.55,9589808
2021-04-13 09:52:45,334.6,9590534
2021-04-13 09:52:46,334.45,9591385
2021-04-13 09:52:48,334.45,9591518
2021-04-13 09:52:49,334.55,9591688
2021-04-13 09:52:49,334.45,9591763
2021-04-13 09:52:50,334.45,9593039
2021-04-13 09:52:51,334.6,9596287
2021-04-13 09:52:52,334.4,9597429
2021-04-13 09:52:53,334.5,9597680
2021-04-13 09:52:54,334.3,9602769
2021-04-13 09:52:56,334.3,9602882
2021-04-13 09:52:57,334.25,9603734
2021-04-13 09:52:58,334.3,9604228
2021-04-13 09:52:58,334.3,9604226
2021-04-13 09:52:59,334.3,9605733
2021-04-13 09:53:00,334.3,9608668
2021-04-13 09:53:01,334.45,9608789
2021-04-13 09:53:02,334.45,9609220
2021-04-13 09:53:05,334.5,9611028
2021-04-13 09:53:06,334.45,9611657
2021-04-13 09:53:07,334.4,9613718
2021-04-13 09:53:07,334.5,9613748
2021-04-13 09:53:08,334.45,9615999
2021-04-13 09:53:09,334.45,9621340
2021-04-13 09:53:10,334.5,9624142
2021-04-13 09:53:11,334.5,9624384
2021-04-13 09:53:12,334.4,9625500
2021-04-13 09:53:14,334.4,9626606
2021-04-13 09:53:14,334.45,9626660
2021-04-13 09:53:16,334.4,9627332
2021-04-13 09:53:17,334.4,9628038
2021-04-13 09:53:17,334.4,9627928
2021-04-13 09:53:18,334.25,9630159
2021-04-13 09:53:19,334.3,9630293
2021-04-13 09:53:20,334.35,9630359
2021-04-13 09:53:21,334.35,9631704
2021-04-13 09:53:22,334.4,9632175
2021-04-13 09:53:24,334.4,9632473
2021-04-13 09:53:25,334.35,9633288
2021-04-13 09:53:25,334.35,9633368
2021-04-13 09:53:27,334.5,9633471
2021-04-13 09:53:28,334.4,9633658
2021-04-13 09:53:29,334.4,9634067
2021-04-13 09:53:30,334.4,9634201
2021-04-13 09:53:32,334.35,9634372
2021-04-13 09:53:33,334.35,9636657
2021-04-13 09:53:33,334.3,9636064
2021-04-13 09:53:34,334.35,9637140
2021-04-13 09:53:35,334.25,9637445
2021-04-13 09:53:36,334.15,9641629
2021-04-13 09:53:37,334.2,9641939
2021-04-13 09:53:39,334.2,9642704
2021-04-13 09:53:40,334.15,9644351
2021-04-13 09:53:41,334.2,9644814
2021-04-13 09:53:41,334.2,9645814
2021-04-13 09:53:42,334.2,9646507
2021-04-13 09:53:43,334.1,9647624
2021-04-13 09:53:45,334.2,9648067
2021-04-13 09:53:46,334.3,9649673
2021-04-13 09:53:46,334.15,9649523
2021-04-13 09:53:47,334.15,9650313
2021-04-13 09:53:48,334.2,9651336
2021-04-13 09:53:49,334.2,9652421
2021-04-13 09:53:50,334.1,9652626
2021-04-13 09:53:52,334.2,9652932
2021-04-13 09:53:53,334.15,9653760
2021-04-13 09:53:54,334.1,9654232
2021-04-13 09:53:55,334.15,9654350
2021-04-13 09:53:55,334.15,9654350
2021-04-13 09:53:56,334.1,9655133
2021-04-13 09:53:57,334.1,9659130
2021-04-13 09:53:59,334.1,9659281
2021-04-13 09:54:00,334.15,9659533
2021-04-13 09:54:00,334.15,9659583
2021-04-13 09:54:01,334.1,9659898
2021-04-13 09:54:02,334.15,9660390
2021-04-13 09:54:03,334.15,9662079
2021-04-13 09:54:05,334.1,9662291
2021-04-13 09:54:06,334.15,9666003
2021-04-13 09:54:06,334.15,9668368
2021-04-13 09:54:07,334.1,9670971
2021-04-13 09:54:08,334.25,9672439
2021-04-13 09:54:10,334.25,9672910
2021-04-13 09:54:11,334.1,9674063
2021-04-13 09:54:12,334.15,9675994
2021-04-13 09:54:13,334.15,9676104
2021-04-13 09:54:13,334.15,9676084
2021-04-13 09:54:14,334.25,9676209
2021-04-13 09:54:16,334.2,9676734
2021-04-13 09:54:17,334.2,9676811
2021-04-13 09:54:18,334.2,9677072
2021-04-13 09:54:19,334.15,9677483
2021-04-13 09:54:19,334.2,9677485
2021-04-13 09:54:20,334.15,9679044
2021-04-13 09:54:21,334.1,9681487
2021-04-13 09:54:23,334.2,9682858
2021-04-13 09:54:24,334.15,9683055
2021-04-13 09:54:25,334.15,9687142
2021-04-13 09:54:25,334.1,9687154
2021-04-13 09:54:26,334.15,9687605
2021-04-13 09:54:27,334.2,9687849
2021-04-13 09:54:28,334.2,9689154
2021-04-13 09:54:30,334.15,9689274
2021-04-13 09:54:31,334.1,9690033
2021-04-13 09:54:32,334.15,9691196
2021-04-13 09:54:32,334.15,9691346
2021-04-13 09:54:33,334.15,9695194
2021-04-13 09:54:34,334.2,9699229
2021-04-13 09:54:35,334.25,9699391
2021-04-13 09:54:37,334.25,9699876
2021-04-13 09:54:38,334.25,9700060
2021-04-13 09:54:39,334.2,9700632
2021-04-13 09:54:40,334.1,9715159
2021-04-13 09:54:41,334.05,9715512
2021-04-13 09:54:41,334.2,9715561
2021-04-13 09:54:42,334.2,9715997
2021-04-13 09:54:43,334.05,9716764
2021-04-13 09:54:45,334.15,9717252
2021-04-13 09:54:46,334.25,9719060
2021-04-13 09:54:47,334.2,9720451
2021-04-13 09:54:47,334.25,9720951
2021-04-13 09:54:48,334.25,9720961
2021-04-13 09:54:50,334.3,9722294
2021-04-13 09:54:51,334.2,9723860
2021-04-13 09:54:51,334.2,9724129
2021-04-13 09:54:52,334.3,9724649
2021-04-13 09:54:53,334.2,9724668
2021-04-13 09:54:54,334.1,9726015
2021-04-13 09:54:56,334.05,9726195
2021-04-13 09:54:57,334.05,9727922
2021-04-13 09:54:58,334.2,9729039
2021-04-13 09:54:58,334.2,9729039
2021-04-13 09:54:59,334.2,9729840
2021-04-13 09:55:01,334.2,9730261
2021-04-13 09:55:02,334.2,9730367
2021-04-13 09:55:03,334.2,9731007
2021-04-13 09:55:03,334.2,9731018
2021-04-13 09:55:04,334.15,9731234
2021-04-13 09:55:05,334.15,9732037
2021-04-13 09:55:07,334.15,9733346
2021-04-13 09:55:08,334.15,9733407
2021-04-13 09:55:09,334.1,9733662
2021-04-13 09:55:10,334.05,9746193
2021-04-13 09:55:11,334.05,9750616
2021-04-13 09:55:12,333.9,9783648
2021-04-13 09:55:12,333.9,9785742
2021-04-13 09:55:13,333.9,9788453
2021-04-13 09:55:15,333.9,9788518
2021-04-13 09:55:16,333.95,9789662
2021-04-13 09:55:17,333.95,9790713
2021-04-13 09:55:17,333.95,9790713
2021-04-13 09:55:18,333.9,9793141
2021-04-13 09:55:20,333.95,9793653
2021-04-13 09:55:21,333.8,9795457
2021-04-13 09:55:22,333.8,9795723
2021-04-13 09:55:23,333.9,9796241
2021-04-13 09:55:23,333.9,9796257
2021-04-13 09:55:24,333.85,9796870
2021-04-13 09:55:26,333.8,9798174
2021-04-13 09:55:27,333.85,9798932
2021-04-13 09:55:28,333.85,9800708
2021-04-13 09:55:28,333.9,9800811
2021-04-13 09:55:29,333.9,9801041
2021-04-13 09:55:32,333.85,9802544
2021-04-13 09:55:33,333.85,9803193
2021-04-13 09:55:34,333.9,9804911
2021-04-13 09:55:34,333.9,9806212
2021-04-13 09:55:35,333.85,9807514
2021-04-13 09:55:36,333.95,9809291
2021-04-13 09:55:37,333.95,9810812
2021-04-13 09:55:39,333.9,9810863
2021-04-13 09:55:40,333.9,9812048
2021-04-13 09:55:41,333.8,9812934
2021-04-13 09:55:41,333.9,9812409
2021-04-13 09:55:42,333.85,9813132
2021-04-13 09:55:44,333.8,9813743
2021-04-13 09:55:45,333.85,9814865
2021-04-13 09:55:46,333.9,9817951
2021-04-13 09:55:46,333.8,9817914
2021-04-13 09:55:47,333.8,9824351
2021-04-13 09:55:50,333.75,9828772
2021-04-13 09:55:51,333.75,9829200
2021-04-13 09:55:52,333.7,9829501
2021-04-13 09:55:52,333.7,9829901
2021-04-13 09:55:53,333.7,9830791
2021-04-13 09:55:54,333.65,9832029
2021-04-13 09:55:56,333.75,9832700
2021-04-13 09:55:57,333.75,9833172
2021-04-13 09:55:58,333.65,9835205
2021-04-13 09:55:58,333.7,9835215
2021-04-13 09:55:59,333.75,9837125
2021-04-13 09:56:01,333.8,9837862
2021-04-13 09:56:02,333.65,9839003
2021-04-13 09:56:03,333.65,9839901
2021-04-13 09:56:03,333.65,9839901
2021-04-13 09:56:04,333.7,9841621
2021-04-13 09:56:06,333.8,9848999
2021-04-13 09:56:07,333.8,9850073
2021-04-13 09:56:08,333.85,9850325
2021-04-13 09:56:08,333.85,9850401
2021-04-13 09:56:09,333.85,9851027
2021-04-13 09:56:10,333.85,9851437
2021-04-13 09:56:11,333.85,9851669
2021-04-13 09:56:13,333.8,9851913
2021-04-13 09:56:14,333.75,9852068
2021-04-13 09:56:15,333.7,9857201
2021-04-13 09:56:15,333.7,9857201
2021-04-13 09:56:16,333.75,9859336
2021-04-13 09:56:18,333.7,9862101
2021-04-13 09:56:18,333.7,9862214
2021-04-13 09:56:20,333.65,9863774
2021-04-13 09:56:21,333.7,9864989
2021-04-13 09:56:22,333.65,9865119
2021-04-13 09:56:23,333.75,9867267
2021-04-13 09:56:24,333.65,9867798
2021-04-13 09:56:24,333.65,9867798
2021-04-13 09:56:26,333.75,9868914
2021-04-13 09:56:27,333.8,9869757
2021-04-13 09:56:28,333.65,9870499
2021-04-13 09:56:29,333.8,9870634
2021-04-13 09:56:30,333.65,9871551
2021-04-13 09:56:30,333.75,9871555
2021-04-13 09:56:31,333.8,9872771
2021-04-13 09:56:34,333.95,9882963
2021-04-13 09:56:35,334.0,9885703
2021-04-13 09:56:36,334.0,9885996
2021-04-13 09:56:37,334.0,9886950
2021-04-13 09:56:38,333.95,9887265
2021-04-13 09:56:38,333.95,9887265
2021-04-13 09:56:39,333.95,9887795
2021-04-13 09:56:40,334.0,9887981
2021-04-13 09:56:42,333.95,9888239
2021-04-13 09:56:43,334.0,9888349
2021-04-13 09:56:44,334.0,9888353
2021-04-13 09:56:45,334.0,9888639
2021-04-13 09:56:46,334.0,9889298
2021-04-13 09:56:47,333.95,9889378
2021-04-13 09:56:48,334.0,9889878
2021-04-13 09:56:49,334.0,9893249
2021-04-13 09:56:50,334.0,9893584
2021-04-13 09:56:51,333.95,9895965
2021-04-13 09:56:51,334.0,9896074
2021-04-13 09:56:52,334.0,9897227
2021-04-13 09:56:54,334.0,9898123
2021-04-13 09:56:55,333.95,9901034
2021-04-13 09:56:56,334.0,9902000
2021-04-13 09:56:57,334.0,9910431
2021-04-13 09:56:58,334.0,9911012
2021-04-13 09:56:59,334.0,9915906
2021-04-13 09:57:00,334.0,9915951
2021-04-13 09:57:01,333.95,9916720
2021-04-13 09:57:02,333.95,9917205
2021-04-13 09:57:03,333.9,9918436
2021-04-13 09:57:04,333.95,9918745
2021-04-13 09:57:05,333.75,9920070
2021-04-13 09:57:06,333.7,9920803
2021-04-13 09:57:06,333.7,9920803
2021-04-13 09:57:07,333.7,9922066
2021-04-13 09:57:09,333.85,9922321
2021-04-13 09:57:10,333.85,9923102
2021-04-13 09:57:11,333.85,9923596
2021-04-13 09:57:12,333.8,9923679
2021-04-13 09:57:12,333.8,9923679
2021-04-13 09:57:13,333.8,9924107
2021-04-13 09:57:14,333.85,9924422
2021-04-13 09:57:16,333.8,9924490
2021-04-13 09:57:17,333.85,9927879
2021-04-13 09:57:18,333.95,9928603
2021-04-13 09:57:19,334.0,9936724
2021-04-13 09:57:21,334.0,9937327
2021-04-13 09:57:22,334.05,9938359
2021-04-13 09:57:23,334.1,9938667
2021-04-13 09:57:24,334.25,9948564
2021-04-13 09:57:25,334.25,9952263
2021-04-13 09:57:26,334.15,9952940
2021-04-13 09:57:26,334.15,9952929
2021-04-13 09:57:27,334.3,9953591
2021-04-13 09:57:29,334.3,9955831
2021-04-13 09:57:30,334.45,9958773
2021-04-13 09:57:31,334.45,9959014
2021-04-13 09:57:32,334.5,9963019
2021-04-13 09:57:32,334.5,9963019
2021-04-13 09:57:33,334.5,9963229
2021-04-13 09:57:34,334.4,9963496
2021-04-13 09:57:36,334.5,9964722
2021-04-13 09:57:37,334.35,9966727
2021-04-13 09:57:38,334.5,9966831
2021-04-13 09:57:39,334.85,10089425
2021-04-13 09:57:40,334.8,10102664
2021-04-13 09:57:41,334.75,10108541
2021-04-13 09:57:41,334.75,10108582
2021-04-13 09:57:43,334.6,10114037
2021-04-13 09:57:43,334.75,10114041
2021-04-13 09:57:44,334.8,10116361
2021-04-13 09:57:47,334.8,10118782
2021-04-13 09:57:48,335.0,10130287
2021-04-13 09:57:49,335.0,10137078
2021-04-13 09:57:50,334.9,10139379
2021-04-13 09:57:50,334.9,10139479
2021-04-13 09:57:51,335.0,10141797
2021-04-13 09:57:53,335.0,10145087
2021-04-13 09:57:54,334.95,10145971
2021-04-13 09:57:55,335.0,10150157
2021-04-13 09:57:56,335.0,10151032
2021-04-13 09:57:57,334.9,10151918
2021-04-13 09:57:58,334.9,10162806
2021-04-13 09:57:59,334.9,10164563
2021-04-13 09:57:59,334.9,10165889
2021-04-13 09:58:00,334.9,10166516
2021-04-13 09:58:02,334.8,10168752
2021-04-13 09:58:02,334.8,10168752
2021-04-13 09:58:03,334.9,10171123
2021-04-13 09:58:05,334.9,10171369
2021-04-13 09:58:06,334.95,10176834
2021-04-13 09:58:07,334.95,10177579
2021-04-13 09:58:08,334.85,10180107
2021-04-13 09:58:09,334.95,10180717
2021-04-13 09:58:09,334.9,10180986
2021-04-13 09:58:10,334.95,10183397
2021-04-13 09:58:12,334.95,10184429
2021-04-13 09:58:13,334.95,10185360
2021-04-13 09:58:14,335.4,10318666
2021-04-13 09:58:15,335.25,10322600
2021-04-13 09:58:15,335.25,10323142
2021-04-13 09:58:17,335.4,10331957
2021-04-13 09:58:18,335.2,10345646
2021-04-13 09:58:19,335.2,10348485
2021-04-13 09:58:21,335.1,10351776
2021-04-13 09:58:21,335.2,10351797
2021-04-13 09:58:22,335.2,10355084
2021-04-13 09:58:24,335.25,10359278
2021-04-13 09:58:26,335.15,10360940
2021-04-13 09:58:25,335.2,10360855
2021-04-13 09:58:27,335.2,10367094
2021-04-13 09:58:28,335.2,10368243
2021-04-13 09:58:29,335.2,10369159
2021-04-13 09:58:30,335.2,10370882
2021-04-13 09:58:31,335.2,10371653
2021-04-13 09:58:32,335.15,10372756
2021-04-13 09:58:33,335.2,10374026
2021-04-13 09:58:34,335.2,10377489
2021-04-13 09:58:35,335.05,10379824
2021-04-13 09:58:36,335.2,10380200
2021-04-13 09:58:38,335.15,10382734
2021-04-13 09:58:37,335.15,10381151
2021-04-13 09:58:39,335.15,10383201
2021-04-13 09:58:40,335.2,10384648
2021-04-13 09:58:41,335.15,10387191
2021-04-13 09:58:42,335.2,10391406
2021-04-13 09:58:43,335.15,10394030
2021-04-13 09:58:44,335.2,10394487
2021-04-13 09:58:45,335.2,10395254
2021-04-13 09:58:46,335.1,10397982
2021-04-13 09:58:47,335.15,10411148
2021-04-13 09:58:48,335.2,10413958
2021-04-13 09:58:49,335.2,10414838
2021-04-13 09:58:50,335.2,10415650
2021-04-13 09:58:51,335.2,10421765
2021-04-13 09:58:52,335.2,10421985
2021-04-13 09:58:53,335.1,10423813
2021-04-13 09:58:54,335.2,10425480
2021-04-13 09:58:56,335.1,10429855
2021-04-13 09:58:57,335.05,10433363
2021-04-13 09:58:58,335.05,10433576
2021-04-13 09:58:59,335.05,10434893
2021-04-13 09:59:00,334.75,10460291
2021-04-13 09:59:01,335.05,10462240
2021-04-13 09:59:02,335.05,10463233
2021-04-13 09:59:03,335.15,10463820
2021-04-13 09:59:04,335.15,10464431
2021-04-13 09:59:05,335.15,10466842
2021-04-13 09:59:07,335.15,10471068
2021-04-13 09:59:06,335.15,10471068
2021-04-13 09:59:08,335.0,10473443
2021-04-13 09:59:09,335.0,10474260
2021-04-13 09:59:10,335.0,10475081
2021-04-13 09:59:11,334.9,10477042
2021-04-13 09:59:12,335.0,10477787
2021-04-13 09:59:13,334.95,10481753
2021-04-13 09:59:14,334.9,10482042
2021-04-13 09:59:15,335.0,10484567
2021-04-13 09:59:17,334.95,10487168
2021-04-13 09:59:16,334.8,10487118
2021-04-13 09:59:18,334.8,10489034
2021-04-13 09:59:19,334.8,10489336
2021-04-13 09:59:20,334.9,10490232
2021-04-13 09:59:21,334.85,10492319
2021-04-13 09:59:22,334.85,10492412
2021-04-13 09:59:23,334.85,10492797
2021-04-13 09:59:24,334.85,10493158
2021-04-13 09:59:25,334.85,10493696
2021-04-13 09:59:26,334.85,10493816
2021-04-13 09:59:27,334.85,10502431
2021-04-13 09:59:28,334.9,10503412
2021-04-13 09:59:29,335.0,10504743
2021-04-13 09:59:31,335.0,10505461
2021-04-13 09:59:30,335.0,10505446
2021-04-13 09:59:32,335.0,10505542
2021-04-13 09:59:33,334.9,10505607
2021-04-13 09:59:34,334.95,10506005
2021-04-13 09:59:35,334.9,10507049
2021-04-13 09:59:36,334.9,10507189
2021-04-13 09:59:37,334.9,10508201
2021-04-13 09:59:38,335.0,10510204
2021-04-13 09:59:39,334.95,10512560
2021-04-13 09:59:40,334.95,10512560
2021-04-13 09:59:41,334.9,10513351
2021-04-13 09:59:42,334.9,10514048
2021-04-13 09:59:43,334.8,10516248
2021-04-13 09:59:44,334.8,10516522
2021-04-13 09:59:45,334.8,10516931
2021-04-13 09:59:46,334.9,10517753
2021-04-13 09:59:47,334.9,10518403
2021-04-13 09:59:48,334.95,10519099
2021-04-13 09:59:49,334.85,10519175
2021-04-13 09:59:50,334.85,10519396
2021-04-13 09:59:51,334.85,10520097
2021-04-13 09:59:52,334.9,10520329
2021-04-13 09:59:53,334.85,10521404
2021-04-13 09:59:54,335.0,10522108
2021-04-13 09:59:55,334.85,10522754
2021-04-13 09:59:56,334.95,10523054
2021-04-13 09:59:57,335.0,10523581
2021-04-13 09:59:58,334.95,10524591
2021-04-13 09:59:59,334.95,10524739
2021-04-13 10:00:00,334.85,10525454
2021-04-13 10:00:01,335.05,10547298
2021-04-13 10:00:02,335.1,10548011
2021-04-13 10:00:03,335.0,10548112
2021-04-13 10:00:04,335.15,10549168
2021-04-13 10:00:05,335.15,10555430
2021-04-13 10:00:06,335.2,10556693
2021-04-13 10:00:07,335.15,10557096
2021-04-13 10:00:08,335.1,10561987
2021-04-13 10:00:09,335.1,10562026
2021-04-13 10:00:10,335.2,10562291
2021-04-13 10:00:11,335.2,10566960
2021-04-13 10:00:12,335.3,10568379
2021-04-13 10:00:13,335.5,10584728
2021-04-13 10:00:14,335.35,10590628
2021-04-13 10:00:15,335.5,10591581
2021-04-13 10:00:16,335.5,10596910
2021-04-13 10:00:17,335.5,10598204
2021-04-13 10:00:18,335.5,10598705
2021-04-13 10:00:19,335.5,10601462
2021-04-13 10:00:21,335.5,10605879
2021-04-13 10:00:22,335.25,10614744
2021-04-13 10:00:23,335.35,10614998
2021-04-13 10:00:24,335.5,10615996
2021-04-13 10:00:25,335.5,10616461
2021-04-13 10:00:26,335.45,10617325
2021-04-13 10:00:27,335.45,10621101
2021-04-13 10:00:28,335.45,10621199
2021-04-13 10:00:29,335.35,10623360
2021-04-13 10:00:30,335.5,10624172
2021-04-13 10:00:31,335.5,10625635
2021-04-13 10:00:32,335.5,10651624
2021-04-13 10:00:33,335.6,10652415
2021-04-13 10:00:34,335.7,10653087
2021-04-13 10:00:35,335.5,10655151
2021-04-13 10:00:36,335.5,10656742
2021-04-13 10:00:37,335.6,10658238
2021-04-13 10:00:38,335.6,10662772
2021-04-13 10:00:40,335.6,10670686
2021-04-13 10:00:40,335.6,10671059
2021-04-13 10:00:41,335.65,10672837
2021-04-13 10:00:42,335.65,10674168
2021-04-13 10:00:43,335.65,10677172
2021-04-13 10:00:44,335.55,10690426
2021-04-13 10:00:45,335.6,10696789
2021-04-13 10:00:46,335.55,10698963
2021-04-13 10:00:47,335.6,10701244
2021-04-13 10:00:48,335.6,10704390
2021-04-13 10:00:49,335.6,10705492
2021-04-13 10:00:50,335.5,10708383
2021-04-13 10:00:51,335.5,10710138
2021-04-13 10:00:52,335.5,10711854
2021-04-13 10:00:53,335.4,10719523
2021-04-13 10:00:54,335.4,10721248
2021-04-13 10:00:55,335.4,10721424
2021-04-13 10:00:56,335.45,10722619
2021-04-13 10:00:59,335.3,10725979
2021-04-13 10:01:00,335.45,10726884
2021-04-13 10:01:01,335.45,10727557
2021-04-13 10:01:02,335.45,10728539
2021-04-13 10:01:03,335.5,10729149
2021-04-13 10:01:04,335.3,10735337
2021-04-13 10:01:05,335.45,10736354
2021-04-13 10:01:06,335.45,10737150
2021-04-13 10:01:07,335.45,10738180
2021-04-13 10:01:08,335.5,10740057
2021-04-13 10:01:09,335.45,10742397
2021-04-13 10:01:10,335.5,10744151
2021-04-13 10:01:11,335.5,10745402
2021-04-13 10:01:12,335.4,10745767
2021-04-13 10:01:13,335.5,10746151
2021-04-13 10:01:14,335.5,10751219
2021-04-13 10:01:15,335.4,10752899
2021-04-13 10:01:16,335.5,10754815
2021-04-13 10:01:17,335.45,10756767
2021-04-13 10:01:18,335.5,10757148
2021-04-13 10:01:19,335.5,10757822
2021-04-13 10:01:21,335.4,10762000
2021-04-13 10:01:22,335.4,10762557
2021-04-13 10:01:24,335.3,10764427
2021-04-13 10:01:24,335.5,10765865
2021-04-13 10:01:26,335.4,10766394
2021-04-13 10:01:26,335.5,10766402
2021-04-13 10:01:27,335.45,10768306
2021-04-13 10:01:28,335.4,10770126
2021-04-13 10:01:29,335.35,10770411
2021-04-13 10:01:30,335.25,10789827
2021-04-13 10:01:31,335.15,10790523
2021-04-13 10:01:32,335.25,10793334
2021-04-13 10:01:33,335.25,10793392
2021-04-13 10:01:34,335.1,10793779
2021-04-13 10:01:35,335.15,10794752
2021-04-13 10:01:36,335.2,10796848
2021-04-13 10:01:37,335.25,10817684
2021-04-13 10:01:39,335.2,10819049
2021-04-13 10:01:39,335.2,10819049
2021-04-13 10:01:40,335.25,10819269
2021-04-13 10:01:41,335.15,10819614
2021-04-13 10:01:42,335.1,10820500
2021-04-13 10:01:43,335.15,10820689
2021-04-13 10:01:44,335.15,10822627
2021-04-13 10:01:45,335.15,10822651
2021-04-13 10:01:46,335.1,10823223
2021-04-13 10:01:47,335.15,10825638
2021-04-13 10:01:48,335.0,10827316
2021-04-13 10:01:49,335.05,10828533
2021-04-13 10:01:50,335.15,10829853
2021-04-13 10:01:51,335.05,10830199
2021-04-13 10:01:53,335.15,10834726
2021-04-13 10:01:54,335.05,10835147
2021-04-13 10:01:55,335.05,10836586
2021-04-13 10:01:56,335.05,10837102
2021-04-13 10:01:58,335.2,10840589
2021-04-13 10:01:58,335.35,10841225
2021-04-13 10:01:59,335.2,10841907
2021-04-13 10:02:00,335.2,10857301
2021-04-13 10:02:01,335.15,10857820
2021-04-13 10:02:02,335.1,10858265
2021-04-13 10:02:03,335.15,10858365
2021-04-13 10:02:05,335.15,10864230
2021-04-13 10:02:05,335.05,10864259
2021-04-13 10:02:06,335.1,10865561
2021-04-13 10:02:08,335.2,10867233
2021-04-13 10:02:09,335.2,10868875
2021-04-13 10:02:10,335.2,10869486
2021-04-13 10:02:11,335.25,10872393
2021-04-13 10:02:12,335.25,10873504
2021-04-13 10:02:13,335.35,10875916
2021-04-13 10:02:14,335.4,10877568
2021-04-13 10:02:15,335.4,10877848
2021-04-13 10:02:16,335.4,10878206
2021-04-13 10:02:17,335.4,10878824
2021-04-13 10:02:18,335.4,10880666
2021-04-13 10:02:19,335.65,10917791
2021-04-13 10:02:20,335.75,10932547
2021-04-13 10:02:21,335.75,10934163
2021-04-13 10:02:22,335.7,10934189
2021-04-13 10:02:23,335.75,10936884
2021-04-13 10:02:24,335.75,10936981
2021-04-13 10:02:25,335.75,10937267
2021-04-13 10:02:26,335.75,10937794
2021-04-13 10:02:27,335.6,10938470
2021-04-13 10:02:28,335.65,10940441
2021-04-13 10:02:29,335.8,10946490
2021-04-13 10:02:30,335.7,10948072
2021-04-13 10:02:31,335.75,10948408
2021-04-13 10:02:32,335.75,10949473
2021-04-13 10:02:33,335.65,10950846
2021-04-13 10:02:34,335.65,10951883
2021-04-13 10:02:35,335.55,10955517
2021-04-13 10:02:36,335.55,10955889
2021-04-13 10:02:37,335.6,10956568
2021-04-13 10:02:38,335.5,10958292
2021-04-13 10:02:39,335.65,10959738
2021-04-13 10:02:40,335.65,10960322
2021-04-13 10:02:42,335.7,10961724
2021-04-13 10:02:43,335.8,10967786
2021-04-13 10:02:44,335.8,10972361
2021-04-13 10:02:44,335.8,10970683
2021-04-13 10:02:45,335.7,10975450
2021-04-13 10:02:46,335.75,10976734
2021-04-13 10:02:47,335.8,10978433
2021-04-13 10:02:49,335.75,10980174
2021-04-13 10:02:50,335.8,10982163
2021-04-13 10:02:50,335.8,10982163
2021-04-13 10:02:51,335.75,10983061
2021-04-13 10:02:52,335.7,10988426
2021-04-13 10:02:53,335.7,10988955
2021-04-13 10:02:54,335.75,10991766
2021-04-13 10:02:56,335.7,10992660
2021-04-13 10:02:57,335.75,10994666
2021-04-13 10:02:58,335.75,10995263
2021-04-13 10:02:58,335.65,10996363
2021-04-13 10:02:59,335.75,10997437
2021-04-13 10:03:00,335.65,10999852
2021-04-13 10:03:02,335.75,11000041
2021-04-13 10:03:03,335.8,11005755
2021-04-13 10:03:03,335.7,11005324
2021-04-13 10:03:04,335.75,11007845
2021-04-13 10:03:05,335.75,11009490
2021-04-13 10:03:07,335.65,11011696
2021-04-13 10:03:08,335.65,11013762
2021-04-13 10:03:08,335.65,11013757
2021-04-13 10:03:09,335.65,11014353
2021-04-13 10:03:10,335.65,11019626
2021-04-13 10:03:12,335.75,11020027
2021-04-13 10:03:13,335.65,11020521
2021-04-13 10:03:13,335.75,11020630
2021-04-13 10:03:15,335.65,11023188
2021-04-13 10:03:16,335.75,11024559
2021-04-13 10:03:17,335.8,11026821
2021-04-13 10:03:19,335.7,11030791
2021-04-13 10:03:20,335.75,11031030
2021-04-13 10:03:20,335.8,11031073
2021-04-13 10:03:21,335.8,11031645
2021-04-13 10:03:22,336.0,11118192
2021-04-13 10:03:23,335.95,11121987
2021-04-13 10:03:26,335.9,11125077
2021-04-13 10:03:26,335.85,11125177
2021-04-13 10:03:27,335.9,11127974
2021-04-13 10:03:28,335.75,11133502
2021-04-13 10:03:30,335.75,11134231
2021-04-13 10:03:31,335.95,11139128
2021-04-13 10:03:32,335.95,11139290
2021-04-13 10:03:33,335.95,11139586
2021-04-13 10:03:34,335.95,11139866
2021-04-13 10:03:35,335.95,11140515
2021-04-13 10:03:36,335.95,11148149
2021-04-13 10:03:37,335.95,11154493
2021-04-13 10:03:37,335.95,11154493
2021-04-13 10:03:38,335.95,11155621
2021-04-13 10:03:39,335.95,11156339
2021-04-13 10:03:40,335.9,11159234
2021-04-13 10:03:42,336.0,11160935
2021-04-13 10:03:43,335.95,11162166
2021-04-13 10:03:44,335.95,11162675
2021-04-13 10:03:44,335.95,11162675
2021-04-13 10:03:45,335.95,11165125
2021-04-13 10:03:46,335.95,11166433
2021-04-13 10:03:47,335.95,11171016
2021-04-13 10:03:49,335.9,11171605
2021-04-13 10:03:50,335.9,11174501
2021-04-13 10:03:50,335.85,11175692
2021-04-13 10:03:51,335.9,11176936
2021-04-13 10:03:52,335.8,11178195
2021-04-13 10:03:54,335.9,11179939
2021-04-13 10:03:55,335.8,11180756
2021-04-13 10:03:55,335.8,11180756
2021-04-13 10:03:56,335.8,11185879
2021-04-13 10:03:57,335.8,11197525
2021-04-13 10:03:58,335.7,11200663
2021-04-13 10:03:59,335.7,11201965
