timestamp,ltp,volume
2021-05-11 09:07:21,3860.0,1195
2021-05-11 09:15:00,3854.65,1397
2021-05-11 09:15:01,3850.85,1500
2021-05-11 09:15:02,3852.95,1568
2021-05-11 09:15:03,3854.45,1618
2021-05-11 09:15:05,3853.9,1667
2021-05-11 09:15:06,3853.4,1823
2021-05-11 09:15:07,3845.3,2006
2021-05-11 09:15:08,3841.05,2245
2021-05-11 09:15:09,3843.75,2469
2021-05-11 09:15:10,3841.95,2594
2021-05-11 09:15:11,3845.5,2645
2021-05-11 09:15:12,3840.1,2799
2021-05-11 09:15:13,3843.4,2890
2021-05-11 09:15:14,3843.25,2962
2021-05-11 09:15:14,3842.2,2952
2021-05-11 09:15:15,3843.4,2965
2021-05-11 09:15:16,3843.4,2989
2021-05-11 09:15:17,3841.8,3090
2021-05-11 09:15:18,3840.0,3166
2021-05-11 09:15:20,3840.1,3193
2021-05-11 09:15:23,3840.55,4168
2021-05-11 09:15:25,3841.8,4409
2021-05-11 09:15:28,3845.05,4515
2021-05-11 09:15:28,3845.05,4515
2021-05-11 09:15:29,3845.3,4537
2021-05-11 09:15:31,3842.55,4556
2021-05-11 09:15:32,3843.7,4611
2021-05-11 09:15:33,3845.6,4642
2021-05-11 09:15:34,3843.4,4850
2021-05-11 09:15:34,3845.0,4970
2021-05-11 09:15:35,3843.0,5127
2021-05-11 09:15:37,3840.0,5742
2021-05-11 09:15:38,3842.25,5969
2021-05-11 09:15:39,3838.1,6176
2021-05-11 09:15:40,3837.0,6354
2021-05-11 09:15:41,3837.0,6465
2021-05-11 09:15:42,3836.9,6520
2021-05-11 09:15:43,3839.45,6694
2021-05-11 09:15:43,3839.5,6742
2021-05-11 09:15:44,3839.1,6745
2021-05-11 09:15:46,3839.75,6895
2021-05-11 09:15:47,3836.05,7069
2021-05-11 09:15:48,3838.85,7179
2021-05-11 09:15:49,3839.6,7244
2021-05-11 09:15:50,3837.1,7357
2021-05-11 09:15:51,3838.75,7386
2021-05-11 09:15:53,3838.8,7435
2021-05-11 09:15:54,3838.8,7457
2021-05-11 09:15:55,3836.8,7466
2021-05-11 09:15:57,3837.15,7494
2021-05-11 09:15:57,3838.8,7478
2021-05-11 09:15:58,3838.4,7499
2021-05-11 09:15:59,3838.4,7501
2021-05-11 09:16:01,3838.4,7506
2021-05-11 09:16:02,3838.4,7512
2021-05-11 09:16:03,3836.7,7721
2021-05-11 09:16:04,3837.9,7848
2021-05-11 09:16:04,3837.9,7872
2021-05-11 09:16:05,3838.4,8026
2021-05-11 09:16:06,3838.8,8065
2021-05-11 09:16:07,3836.85,8080
2021-05-11 09:16:09,3835.25,8100
2021-05-11 09:16:10,3836.7,8115
2021-05-11 09:16:11,3836.7,8126
2021-05-11 09:16:12,3836.7,8145
2021-05-11 09:16:13,3836.7,8171
2021-05-11 09:16:14,3836.3,8196
2021-05-11 09:16:15,3836.3,8212
2021-05-11 09:16:15,3836.35,8209
2021-05-11 09:16:16,3837.6,8416
2021-05-11 09:16:17,3836.7,8817
2021-05-11 09:16:19,3837.3,8949
2021-05-11 09:16:20,3835.3,9032
2021-05-11 09:16:21,3835.2,9072
2021-05-11 09:16:21,3837.05,9075
2021-05-11 09:16:22,3835.0,9228
2021-05-11 09:16:23,3835.65,9270
2021-05-11 09:16:25,3834.75,9301
2021-05-11 09:16:26,3834.7,9313
2021-05-11 09:16:27,3834.7,9316
2021-05-11 09:16:27,3834.7,9317
2021-05-11 09:16:28,3835.1,9375
2021-05-11 09:16:30,3833.3,9454
2021-05-11 09:16:31,3834.2,9640
2021-05-11 09:16:32,3834.5,9756
2021-05-11 09:16:34,3833.4,9776
2021-05-11 09:16:35,3832.9,9892
2021-05-11 09:16:36,3830.65,10081
2021-05-11 09:16:37,3832.8,10112
2021-05-11 09:16:38,3831.5,10162
2021-05-11 09:16:39,3830.0,10574
2021-05-11 09:16:40,3830.4,10708
2021-05-11 09:16:41,3835.05,11011
2021-05-11 09:16:41,3833.35,11033
2021-05-11 09:16:42,3833.35,11033
2021-05-11 09:16:44,3830.9,11169
2021-05-11 09:16:45,3830.25,11287
2021-05-11 09:16:46,3827.4,11502
2021-05-11 09:16:47,3827.55,11655
2021-05-11 09:16:48,3826.75,11799
2021-05-11 09:16:49,3826.95,11843
2021-05-11 09:16:49,3826.95,11843
2021-05-11 09:16:50,3828.7,11866
2021-05-11 09:16:52,3827.9,11889
2021-05-11 09:16:53,3826.8,11990
2021-05-11 09:16:54,3827.9,11992
2021-05-11 09:16:55,3827.9,11996
2021-05-11 09:16:55,3827.9,11996
2021-05-11 09:16:56,3826.65,12019
2021-05-11 09:16:59,3829.15,12100
2021-05-11 09:17:00,3830.05,12456
2021-05-11 09:17:01,3828.4,12475
2021-05-11 09:17:02,3828.4,13200
2021-05-11 09:17:03,3829.75,13747
2021-05-11 09:17:03,3827.0,13810
2021-05-11 09:17:05,3826.65,13837
2021-05-11 09:17:06,3826.35,13897
2021-05-11 09:17:07,3828.05,13991
2021-05-11 09:17:08,3827.7,14643
2021-05-11 09:17:09,3828.2,15021
2021-05-11 09:17:10,3829.9,15157
2021-05-11 09:17:11,3828.0,15218
2021-05-11 09:17:12,3827.5,15224
2021-05-11 09:17:13,3829.75,15297
2021-05-11 09:17:14,3827.1,15327
2021-05-11 09:17:15,3827.1,15345
2021-05-11 09:17:16,3828.9,15358
2021-05-11 09:17:17,3827.1,15446
2021-05-11 09:17:17,3827.1,15446
2021-05-11 09:17:19,3830.05,15510
2021-05-11 09:17:20,3829.75,15524
2021-05-11 09:17:21,3829.75,15524
2021-05-11 09:17:22,3829.75,15524
2021-05-11 09:17:23,3830.4,15553
2021-05-11 09:17:24,3830.4,15553
2021-05-11 09:17:24,3830.4,15553
2021-05-11 09:17:26,3831.25,15915
2021-05-11 09:17:27,3834.3,16307
2021-05-11 09:17:29,3830.3,18420
2021-05-11 09:17:30,3828.9,19862
2021-05-11 09:17:30,3832.05,20191
2021-05-11 09:17:32,3827.05,20327
2021-05-11 09:17:33,3828.6,20384
2021-05-11 09:17:34,3829.15,20598
2021-05-11 09:17:35,3830.0,20644
2021-05-11 09:17:36,3830.05,20674
2021-05-11 09:17:37,3830.4,20709
2021-05-11 09:17:38,3836.8,20720
2021-05-11 09:17:39,3837.4,20943
2021-05-11 09:17:40,3837.75,20986
2021-05-11 09:17:41,3838.25,21168
2021-05-11 09:17:41,3837.75,20986
2021-05-11 09:17:42,3838.25,21168
2021-05-11 09:17:44,3838.2,21182
2021-05-11 09:17:45,3838.25,21238
2021-05-11 09:17:46,3837.7,21268
2021-05-11 09:17:47,3838.0,21298
2021-05-11 09:17:47,3838.0,21298
2021-05-11 09:17:49,3838.0,21308
2021-05-11 09:17:50,3838.0,21333
2021-05-11 09:17:51,3837.3,21408
2021-05-11 09:17:51,3837.95,21418
2021-05-11 09:17:53,3838.35,21696
2021-05-11 09:17:54,3839.8,21706
2021-05-11 09:17:55,3838.0,21767
2021-05-11 09:17:56,3837.4,21826
2021-05-11 09:17:57,3837.4,21826
2021-05-11 09:17:58,3838.0,21827
2021-05-11 09:17:59,3838.0,21828
2021-05-11 09:17:59,3838.0,21828
2021-05-11 09:18:00,3841.45,22068
2021-05-11 09:18:02,3840.45,22100
2021-05-11 09:18:03,3840.55,22155
2021-05-11 09:18:04,3840.2,22180
2021-05-11 09:18:05,3840.2,22515
2021-05-11 09:18:06,3840.2,22536
2021-05-11 09:18:06,3840.2,22536
2021-05-11 09:18:08,3840.2,22544
2021-05-11 09:18:09,3839.8,23192
2021-05-11 09:18:10,3837.1,24113
2021-05-11 09:18:11,3837.3,24388
2021-05-11 09:18:11,3837.45,24461
2021-05-11 09:18:13,3838.5,24555
2021-05-11 09:18:14,3838.6,24589
2021-05-11 09:18:15,3838.6,24599
2021-05-11 09:18:16,3838.6,24603
2021-05-11 09:18:17,3838.0,24648
2021-05-11 09:18:17,3838.0,24648
2021-05-11 09:18:18,3838.0,24652
2021-05-11 09:18:20,3838.0,24664
2021-05-11 09:18:21,3837.6,24701
2021-05-11 09:18:22,3837.45,25203
2021-05-11 09:18:23,3835.1,25307
2021-05-11 09:18:24,3835.1,25327
2021-05-11 09:18:24,3835.1,25327
2021-05-11 09:18:26,3836.25,25345
2021-05-11 09:18:27,3836.25,25345
2021-05-11 09:18:28,3836.25,25345
2021-05-11 09:18:29,3836.25,25345
2021-05-11 09:18:30,3836.3,25350
2021-05-11 09:18:31,3836.3,25351
2021-05-11 09:18:31,3836.25,25407
2021-05-11 09:18:33,3835.1,25439
2021-05-11 09:18:34,3835.1,25439
2021-05-11 09:18:35,3835.1,25439
2021-05-11 09:18:36,3835.1,25439
2021-05-11 09:18:37,3835.1,25440
2021-05-11 09:18:38,3835.1,25465
2021-05-11 09:18:39,3833.0,25809
2021-05-11 09:18:40,3831.9,25828
2021-05-11 09:18:41,3829.0,26136
2021-05-11 09:18:41,3829.0,26198
2021-05-11 09:18:43,3831.45,26249
2021-05-11 09:18:44,3830.9,26250
2021-05-11 09:18:45,3830.95,26258
2021-05-11 09:18:46,3830.55,26300
2021-05-11 09:18:46,3830.55,26296
2021-05-11 09:18:48,3832.4,26631
2021-05-11 09:18:49,3828.95,26700
2021-05-11 09:18:50,3829.05,26725
2021-05-11 09:18:51,3828.3,26886
2021-05-11 09:18:52,3829.0,31046
2021-05-11 09:18:53,3827.55,31608
2021-05-11 09:18:54,3825.95,31732
2021-05-11 09:18:54,3825.95,31732
2021-05-11 09:18:56,3826.65,32010
2021-05-11 09:18:57,3825.25,32022
2021-05-11 09:18:58,3826.35,32043
2021-05-11 09:18:59,3825.15,32060
2021-05-11 09:19:00,3826.35,32101
2021-05-11 09:19:01,3826.35,32112
2021-05-11 09:19:02,3826.35,32112
2021-05-11 09:19:03,3826.35,32112
2021-05-11 09:19:04,3824.95,32585
2021-05-11 09:19:05,3826.75,33035
2021-05-11 09:19:06,3825.9,33113
2021-05-11 09:19:07,3825.0,33128
2021-05-11 09:19:08,3823.15,33535
2021-05-11 09:19:09,3823.15,33535
2021-05-11 09:19:11,3825.2,33723
2021-05-11 09:19:12,3824.65,33730
2021-05-11 09:19:13,3823.15,33768
2021-05-11 09:19:14,3825.2,33874
2021-05-11 09:19:15,3825.75,33947
2021-05-11 09:19:16,3827.8,34034
2021-05-11 09:19:17,3827.8,34034
2021-05-11 09:19:18,3827.45,34041
2021-05-11 09:19:19,3826.0,34045
2021-05-11 09:19:20,3827.75,34146
2021-05-11 09:19:21,3825.5,34219
2021-05-11 09:19:22,3825.85,34505
2021-05-11 09:19:23,3823.1,34531
2021-05-11 09:19:24,3823.0,34596
2021-05-11 09:19:25,3823.0,34606
2021-05-11 09:19:26,3823.0,34606
2021-05-11 09:19:27,3824.1,34625
2021-05-11 09:19:28,3824.4,34635
2021-05-11 09:19:29,3824.45,34662
2021-05-11 09:19:30,3824.45,34662
2021-05-11 09:19:31,3824.45,34662
2021-05-11 09:19:32,3824.45,34668
2021-05-11 09:19:33,3823.1,34695
2021-05-11 09:19:34,3823.1,34695
2021-05-11 09:19:35,3825.2,34763
2021-05-11 09:19:36,3825.85,34764
2021-05-11 09:19:37,3828.0,34840
2021-05-11 09:19:38,3826.1,34860
2021-05-11 09:19:39,3827.0,34919
2021-05-11 09:19:40,3827.0,34919
2021-05-11 09:19:41,3827.05,34929
2021-05-11 09:19:42,3827.1,34940
2021-05-11 09:19:43,3825.6,34990
2021-05-11 09:19:44,3825.6,35002
2021-05-11 09:19:45,3829.1,35190
2021-05-11 09:19:46,3829.0,35212
2021-05-11 09:19:47,3827.7,35232
2021-05-11 09:19:48,3827.7,35232
2021-05-11 09:19:49,3828.85,35236
2021-05-11 09:19:50,3828.6,35244
2021-05-11 09:19:51,3828.6,35248
2021-05-11 09:19:52,3827.05,35300
2021-05-11 09:19:53,3828.2,35301
2021-05-11 09:19:54,3828.2,35301
2021-05-11 09:19:55,3828.2,35320
2021-05-11 09:19:56,3828.2,35323
2021-05-11 09:19:57,3828.2,35325
2021-05-11 09:19:58,3828.2,35326
2021-05-11 09:19:59,3828.6,35376
2021-05-11 09:20:00,3828.6,35376
2021-05-11 09:20:01,3827.7,35397
2021-05-11 09:20:02,3827.7,35435
2021-05-11 09:20:03,3827.7,35465
2021-05-11 09:20:04,3829.1,35696
2021-05-11 09:20:05,3827.7,35717
2021-05-11 09:20:06,3827.7,35768
2021-05-11 09:20:07,3827.65,35859
2021-05-11 09:20:08,3826.7,35871
2021-05-11 09:20:09,3825.3,36379
2021-05-11 09:20:10,3818.0,37368
2021-05-11 09:20:11,3817.95,37556
2021-05-11 09:20:12,3813.75,37863
2021-05-11 09:20:13,3812.0,38176
2021-05-11 09:20:14,3812.35,38245
2021-05-11 09:20:15,3818.1,38887
2021-05-11 09:20:16,3821.5,39188
2021-05-11 09:20:17,3822.3,39355
2021-05-11 09:20:18,3819.75,39386
2021-05-11 09:20:19,3817.45,39593
2021-05-11 09:20:20,3820.0,39697
2021-05-11 09:20:21,3817.45,39825
2021-05-11 09:20:22,3817.45,40041
2021-05-11 09:20:23,3817.0,40444
2021-05-11 09:20:24,3815.0,40481
2021-05-11 09:20:25,3815.0,40794
2021-05-11 09:20:26,3814.4,41029
2021-05-11 09:20:27,3814.3,41105
2021-05-11 09:20:28,3815.0,41106
2021-05-11 09:20:29,3817.2,41369
2021-05-11 09:20:31,3815.0,41446
2021-05-11 09:20:30,3815.0,41446
2021-05-11 09:20:32,3815.0,41460
2021-05-11 09:20:33,3814.6,41574
2021-05-11 09:20:34,3814.6,41584
2021-05-11 09:20:35,3815.7,41626
2021-05-11 09:20:36,3815.0,41688
2021-05-11 09:20:37,3815.2,41711
2021-05-11 09:20:38,3815.55,41778
2021-05-11 09:20:39,3815.55,41778
2021-05-11 09:20:40,3814.2,41866
2021-05-11 09:20:41,3815.0,41886
2021-05-11 09:20:42,3815.0,41912
2021-05-11 09:20:43,3813.25,42119
2021-05-11 09:20:44,3813.25,42168
2021-05-11 09:20:45,3812.55,42396
2021-05-11 09:20:46,3814.8,42438
2021-05-11 09:20:50,3814.65,42827
2021-05-11 09:20:51,3816.1,42837
2021-05-11 09:20:52,3813.6,42854
2021-05-11 09:20:53,3813.6,42854
2021-05-11 09:20:54,3816.1,42910
2021-05-11 09:20:55,3816.1,42918
2021-05-11 09:20:56,3817.65,43490
2021-05-11 09:20:57,3816.1,43492
2021-05-11 09:20:58,3816.5,43660
2021-05-11 09:20:59,3818.05,43887
2021-05-11 09:21:00,3818.0,43899
2021-05-11 09:21:01,3817.6,43932
2021-05-11 09:21:02,3817.85,43943
2021-05-11 09:21:03,3817.85,43943
2021-05-11 09:21:04,3818.05,43996
2021-05-11 09:21:05,3815.7,44126
2021-05-11 09:21:06,3817.1,44136
2021-05-11 09:21:07,3816.8,44138
2021-05-11 09:21:08,3816.5,44143
2021-05-11 09:21:09,3816.3,44155
2021-05-11 09:21:10,3818.05,44343
2021-05-11 09:21:11,3819.0,44423
2021-05-11 09:21:12,3820.0,44618
2021-05-11 09:21:13,3818.4,44664
2021-05-11 09:21:15,3819.15,44777
2021-05-11 09:21:15,3819.0,44793
2021-05-11 09:21:16,3817.05,44808
2021-05-11 09:21:17,3817.05,44838
2021-05-11 09:21:18,3817.05,44838
2021-05-11 09:21:19,3818.7,44847
2021-05-11 09:21:21,3818.7,44847
2021-05-11 09:21:21,3818.7,44847
2021-05-11 09:21:22,3818.7,44847
2021-05-11 09:21:23,3818.15,44867
2021-05-11 09:21:24,3818.35,44872
2021-05-11 09:21:25,3819.4,45061
2021-05-11 09:21:26,3818.05,45080
2021-05-11 09:21:28,3820.0,45125
2021-05-11 09:21:28,3820.0,45125
2021-05-11 09:21:29,3820.0,45126
2021-05-11 09:21:30,3820.0,45210
2021-05-11 09:21:31,3820.0,45217
2021-05-11 09:21:32,3818.9,45270
2021-05-11 09:21:33,3818.9,45270
2021-05-11 09:21:34,3820.0,45311
2021-05-11 09:21:35,3820.0,45311
2021-05-11 09:21:37,3820.0,45343
2021-05-11 09:21:37,3818.55,45328
2021-05-11 09:21:38,3823.65,45468
2021-05-11 09:21:40,3823.9,45691
2021-05-11 09:21:40,3824.7,45688
2021-05-11 09:21:41,3823.9,45691
2021-05-11 09:21:42,3822.45,45700
2021-05-11 09:21:43,3822.4,45702
2021-05-11 09:21:45,3823.9,45737
2021-05-11 09:21:45,3823.9,45737
2021-05-11 09:21:46,3824.7,45742
2021-05-11 09:21:47,3824.7,45743
2021-05-11 09:21:48,3824.7,45835
2021-05-11 09:21:49,3823.35,45921
2021-05-11 09:21:50,3821.3,46155
2021-05-11 09:21:52,3821.0,46173
2021-05-11 09:21:52,3820.95,46176
2021-05-11 09:21:53,3824.0,46386
2021-05-11 09:21:54,3822.2,46449
2021-05-11 09:21:55,3822.2,46459
2021-05-11 09:21:56,3822.65,46462
2021-05-11 09:21:57,3822.65,46462
2021-05-11 09:21:59,3825.5,46573
2021-05-11 09:21:59,3825.5,46573
2021-05-11 09:22:00,3825.75,46579
2021-05-11 09:22:01,3825.75,46579
2021-05-11 09:22:02,3825.75,46579
2021-05-11 09:22:03,3824.25,46589
2021-05-11 09:22:04,3824.25,46589
2021-05-11 09:22:05,3827.55,46656
2021-05-11 09:22:07,3826.0,46668
2021-05-11 09:22:07,3826.0,46668
2021-05-11 09:22:08,3827.55,46700
2021-05-11 09:22:09,3827.55,46700
2021-05-11 09:22:10,3826.0,46701
2021-05-11 09:22:11,3827.85,46786
2021-05-11 09:22:13,3827.0,46789
2021-05-11 09:22:13,3827.0,46789
2021-05-11 09:22:14,3827.0,46790
2021-05-11 09:22:15,3825.6,47128
2021-05-11 09:22:16,3827.15,47191
2021-05-11 09:22:17,3827.05,47218
2021-05-11 09:22:18,3827.05,47218
2021-05-11 09:22:20,3827.05,47223
2021-05-11 09:22:21,3827.05,47230
2021-05-11 09:22:21,3827.05,47230
2021-05-11 09:22:22,3825.3,47231
2021-05-11 09:22:23,3825.3,47231
2021-05-11 09:22:24,3825.3,47231
2021-05-11 09:22:25,3825.0,47252
2021-05-11 09:22:26,3826.65,47352
2021-05-11 09:22:27,3825.75,47358
2021-05-11 09:22:28,3825.75,47358
2021-05-11 09:22:29,3825.75,47358
2021-05-11 09:22:30,3825.0,47401
2021-05-11 09:22:31,3824.85,47411
2021-05-11 09:22:32,3822.65,47419
2021-05-11 09:22:33,3824.65,47440
2021-05-11 09:22:34,3823.95,47452
2021-05-11 09:22:35,3824.7,47462
2021-05-11 09:22:36,3822.75,47464
2021-05-11 09:22:37,3824.7,47475
2021-05-11 09:22:38,3824.7,47475
2021-05-11 09:22:39,3824.7,47475
2021-05-11 09:22:40,3824.7,47485
2021-05-11 09:22:41,3824.7,47489
2021-05-11 09:22:42,3824.7,47489
2021-05-11 09:22:43,3823.65,47539
2021-05-11 09:22:44,3823.65,47547
2021-05-11 09:22:45,3824.6,47549
2021-05-11 09:22:46,3825.1,47695
2021-05-11 09:22:47,3825.15,47706
2021-05-11 09:22:48,3825.15,47706
2021-05-11 09:22:49,3825.0,47728
2021-05-11 09:22:50,3825.3,47770
2021-05-11 09:22:51,3825.15,47873
2021-05-11 09:22:52,3825.15,47873
2021-05-11 09:22:53,3825.15,47873
2021-05-11 09:22:54,3825.15,47873
2021-05-11 09:22:55,3825.15,47873
2021-05-11 09:22:56,3824.7,47877
2021-05-11 09:22:59,3824.05,47942
2021-05-11 09:23:00,3825.25,47954
2021-05-11 09:23:02,3823.6,47979
2021-05-11 09:23:03,3824.95,47980
2021-05-11 09:23:04,3825.0,47994
2021-05-11 09:23:05,3825.0,47994
2021-05-11 09:23:06,3825.0,47994
2021-05-11 09:23:07,3825.0,47994
2021-05-11 09:23:08,3825.0,47994
2021-05-11 09:23:09,3825.0,47994
2021-05-11 09:23:10,3825.0,47994
2021-05-11 09:23:11,3824.95,47998
2021-05-11 09:23:13,3824.95,47998
2021-05-11 09:23:14,3824.95,47998
2021-05-11 09:23:15,3824.0,48012
2021-05-11 09:23:17,3824.0,48019
2021-05-11 09:23:18,3825.0,48038
2021-05-11 09:23:19,3824.0,48048
2021-05-11 09:23:21,3824.0,48063
2021-05-11 09:23:22,3822.8,48263
2021-05-11 09:23:23,3823.2,48329
2021-05-11 09:23:24,3824.95,48333
2021-05-11 09:23:24,3824.95,48333
2021-05-11 09:23:25,3823.25,48389
2021-05-11 09:23:26,3823.25,48389
2021-05-11 09:23:27,3824.65,48395
2021-05-11 09:23:28,3825.0,48451
2021-05-11 09:23:29,3824.35,48457
2021-05-11 09:23:30,3824.35,48457
2021-05-11 09:23:31,3824.35,48457
2021-05-11 09:23:32,3824.35,48457
2021-05-11 09:23:33,3825.0,48503
2021-05-11 09:23:34,3825.0,48504
2021-05-11 09:23:36,3823.25,48515
2021-05-11 09:23:37,3822.2,48567
2021-05-11 09:23:38,3823.0,48586
2021-05-11 09:23:39,3823.25,49339
2021-05-11 09:23:40,3822.0,49368
2021-05-11 09:23:41,3821.6,49472
2021-05-11 09:23:42,3819.95,49697
2021-05-11 09:23:43,3818.85,49860
2021-05-11 09:23:44,3816.65,49885
2021-05-11 09:23:45,3816.0,50045
2021-05-11 09:23:46,3817.05,50197
2021-05-11 09:23:47,3816.65,50261
2021-05-11 09:23:48,3817.05,50273
2021-05-11 09:23:49,3815.85,50274
2021-05-11 09:23:50,3815.85,50274
2021-05-11 09:23:52,3815.85,50274
2021-05-11 09:23:53,3817.05,50287
2021-05-11 09:23:54,3817.05,50289
2021-05-11 09:23:56,3817.05,50367
2021-05-11 09:23:57,3817.45,50467
2021-05-11 09:24:00,3817.45,50525
2021-05-11 09:24:01,3817.45,50525
2021-05-11 09:24:03,3817.85,50584
2021-05-11 09:24:04,3818.15,50587
2021-05-11 09:24:05,3819.3,50592
2021-05-11 09:24:06,3818.2,50598
2021-05-11 09:24:06,3818.2,50610
2021-05-11 09:24:07,3818.2,50610
2021-05-11 09:24:08,3821.15,50620
2021-05-11 09:24:09,3821.15,50620
2021-05-11 09:24:10,3821.15,50620
2021-05-11 09:24:11,3820.0,50678
2021-05-11 09:24:12,3820.0,50688
2021-05-11 09:24:13,3821.05,50738
2021-05-11 09:24:14,3819.15,50894
2021-05-11 09:24:15,3819.15,50894
2021-05-11 09:24:16,3819.2,50895
2021-05-11 09:24:17,3819.2,50895
2021-05-11 09:24:18,3817.75,50905
2021-05-11 09:24:19,3817.4,51205
2021-05-11 09:24:20,3817.7,51303
2021-05-11 09:24:21,3816.0,51348
2021-05-11 09:24:22,3819.55,51456
2021-05-11 09:24:23,3819.45,51492
2021-05-11 09:24:24,3817.85,51504
2021-05-11 09:24:25,3817.85,51504
2021-05-11 09:24:26,3817.85,51504
2021-05-11 09:24:30,3819.55,51581
2021-05-11 09:24:31,3819.55,51582
2021-05-11 09:24:33,3819.95,51638
2021-05-11 09:24:35,3818.75,52276
2021-05-11 09:24:36,3818.95,52306
2021-05-11 09:24:37,3819.15,52338
2021-05-11 09:24:38,3819.2,52358
2021-05-11 09:24:39,3819.2,52358
2021-05-11 09:24:40,3819.2,52358
2021-05-11 09:24:41,3818.0,52383
2021-05-11 09:24:42,3818.0,52393
2021-05-11 09:24:43,3818.0,52393
2021-05-11 09:24:44,3818.0,52784
2021-05-11 09:24:45,3816.8,52851
2021-05-11 09:24:46,3818.0,52951
2021-05-11 09:24:47,3818.4,53057
2021-05-11 09:24:48,3818.4,53057
2021-05-11 09:24:49,3818.4,53057
2021-05-11 09:24:50,3818.0,53125
2021-05-11 09:24:51,3818.0,53126
2021-05-11 09:24:52,3818.0,53126
2021-05-11 09:24:53,3818.4,53328
2021-05-11 09:24:54,3818.4,53328
2021-05-11 09:24:55,3818.4,53328
2021-05-11 09:24:56,3818.4,53328
2021-05-11 09:24:57,3817.6,53418
2021-05-11 09:24:58,3817.6,53548
2021-05-11 09:24:59,3818.0,53589
2021-05-11 09:25:00,3818.4,53691
2021-05-11 09:25:02,3818.4,53691
2021-05-11 09:25:03,3818.4,53691
2021-05-11 09:25:04,3818.4,53691
2021-05-11 09:25:05,3818.4,53722
2021-05-11 09:25:06,3818.0,53759
2021-05-11 09:25:07,3819.0,53884
2021-05-11 09:25:08,3819.0,53884
2021-05-11 09:25:09,3819.45,53890
2021-05-11 09:25:10,3820.4,53989
2021-05-11 09:25:11,3820.95,54000
2021-05-11 09:25:12,3821.0,54001
2021-05-11 09:25:13,3821.0,54006
2021-05-11 09:25:14,3820.4,54017
2021-05-11 09:25:15,3820.05,54027
2021-05-11 09:25:16,3821.3,54052
2021-05-11 09:25:17,3820.05,54077
2021-05-11 09:25:18,3820.05,54077
2021-05-11 09:25:19,3820.05,54077
2021-05-11 09:25:19,3820.05,54077
2021-05-11 09:25:20,3821.0,54099
2021-05-11 09:25:21,3821.0,54099
2021-05-11 09:25:22,3821.0,54099
2021-05-11 09:25:23,3821.0,54099
2021-05-11 09:25:24,3821.0,54099
2021-05-11 09:25:25,3821.25,54110
2021-05-11 09:25:26,3820.25,54404
2021-05-11 09:25:27,3819.85,54427
2021-05-11 09:25:28,3819.8,54442
2021-05-11 09:25:29,3819.8,54453
2021-05-11 09:25:30,3819.8,54453
2021-05-11 09:25:31,3819.65,54504
2021-05-11 09:25:32,3818.0,54544
2021-05-11 09:25:33,3819.2,54549
2021-05-11 09:25:34,3819.2,54554
2021-05-11 09:25:35,3818.0,54593
2021-05-11 09:25:36,3819.05,54594
2021-05-11 09:25:37,3819.05,54594
2021-05-11 09:25:39,3819.05,54594
2021-05-11 09:25:41,3818.65,55001
2021-05-11 09:25:42,3818.65,55041
2021-05-11 09:25:43,3817.5,55083
2021-05-11 09:25:44,3818.6,55084
2021-05-11 09:25:45,3818.2,55086
2021-05-11 09:25:46,3816.45,55124
2021-05-11 09:25:47,3818.0,55203
2021-05-11 09:25:48,3816.95,55242
2021-05-11 09:25:49,3818.65,55342
2021-05-11 09:25:50,3817.1,55346
2021-05-11 09:25:51,3817.1,55346
2021-05-11 09:25:52,3816.25,55446
2021-05-11 09:25:53,3816.25,55446
2021-05-11 09:25:54,3816.25,55446
2021-05-11 09:25:55,3816.25,55446
2021-05-11 09:25:56,3818.0,55447
2021-05-11 09:25:57,3817.9,55452
2021-05-11 09:25:58,3817.9,55452
2021-05-11 09:25:59,3816.0,55977
2021-05-11 09:26:00,3816.0,55977
2021-05-11 09:26:01,3814.0,56894
2021-05-11 09:26:02,3813.0,57113
2021-05-11 09:26:03,3812.05,57165
2021-05-11 09:26:04,3813.0,57166
2021-05-11 09:26:05,3812.05,57170
2021-05-11 09:26:06,3813.0,57177
2021-05-11 09:26:07,3813.0,57182
2021-05-11 09:26:08,3813.0,57182
2021-05-11 09:26:09,3813.0,57212
2021-05-11 09:26:10,3813.0,57238
2021-05-11 09:26:11,3813.0,57238
2021-05-11 09:26:12,3813.0,57298
2021-05-11 09:26:13,3813.85,57499
2021-05-11 09:26:14,3813.85,57519
2021-05-11 09:26:15,3813.85,57519
2021-05-11 09:26:16,3813.85,57519
2021-05-11 09:26:17,3813.85,57527
2021-05-11 09:26:18,3813.85,57527
2021-05-11 09:26:19,3813.85,57527
2021-05-11 09:26:20,3814.25,57599
2021-05-11 09:26:21,3814.2,57609
2021-05-11 09:26:22,3816.0,57633
2021-05-11 09:26:23,3816.5,57637
2021-05-11 09:26:24,3816.0,57639
2021-05-11 09:26:25,3816.0,57639
2021-05-11 09:26:26,3816.4,57646
2021-05-11 09:26:27,3816.4,57651
2021-05-11 09:26:28,3816.0,57662
2021-05-11 09:26:29,3816.8,57706
2021-05-11 09:26:30,3817.0,57740
2021-05-11 09:26:31,3816.8,57745
2021-05-11 09:26:32,3816.1,57760
2021-05-11 09:26:33,3817.0,57881
2021-05-11 09:26:34,3817.0,57885
2021-05-11 09:26:35,3817.0,57885
2021-05-11 09:26:36,3817.95,57905
2021-05-11 09:26:37,3817.95,57908
2021-05-11 09:26:38,3817.35,58022
2021-05-11 09:26:39,3817.0,58199
2021-05-11 09:26:40,3817.0,58199
2021-05-11 09:26:41,3817.0,58199
2021-05-11 09:26:42,3818.1,58230
2021-05-11 09:26:43,3818.3,58260
2021-05-11 09:26:44,3819.0,58308
2021-05-11 09:26:45,3819.0,58309
2021-05-11 09:26:46,3819.0,58317
2021-05-11 09:26:48,3818.95,58403
2021-05-11 09:26:50,3818.15,58418
2021-05-11 09:26:50,3818.15,58419
2021-05-11 09:26:51,3818.85,58527
2021-05-11 09:26:52,3818.65,58545
2021-05-11 09:26:53,3819.0,59357
2021-05-11 09:26:54,3817.55,59359
2021-05-11 09:26:55,3817.35,59484
2021-05-11 09:26:56,3819.15,59496
2021-05-11 09:26:57,3819.15,59496
2021-05-11 09:26:59,3820.15,59500
2021-05-11 09:27:00,3819.15,59502
2021-05-11 09:27:01,3820.15,59503
2021-05-11 09:27:02,3820.15,59503
2021-05-11 09:27:03,3819.15,59533
2021-05-11 09:27:05,3819.15,59654
2021-05-11 09:27:06,3819.15,59654
2021-05-11 09:27:07,3819.15,59654
2021-05-11 09:27:08,3819.15,59664
2021-05-11 09:27:09,3820.85,59725
2021-05-11 09:27:10,3820.85,59725
2021-05-11 09:27:11,3820.85,59725
2021-05-11 09:27:12,3819.2,59730
2021-05-11 09:27:13,3819.35,59760
2021-05-11 09:27:14,3820.05,60444
2021-05-11 09:27:15,3820.45,60483
2021-05-11 09:27:15,3820.45,60483
2021-05-11 09:27:17,3822.0,60634
2021-05-11 09:27:18,3822.0,60634
2021-05-11 09:27:19,3824.4,60724
2021-05-11 09:27:20,3824.4,60724
2021-05-11 09:27:21,3823.0,60730
2021-05-11 09:27:22,3823.0,60795
2021-05-11 09:27:23,3825.0,60867
2021-05-11 09:27:24,3825.0,60890
2021-05-11 09:27:26,3825.0,60918
2021-05-11 09:27:26,3825.0,60944
2021-05-11 09:27:28,3823.15,60965
2021-05-11 09:27:28,3823.15,60965
2021-05-11 09:27:29,3825.0,61013
2021-05-11 09:27:30,3825.0,61013
2021-05-11 09:27:31,3824.75,61015
2021-05-11 09:27:32,3823.0,61019
2021-05-11 09:27:34,3824.7,61020
2021-05-11 09:27:35,3824.7,61020
2021-05-11 09:27:36,3824.7,61025
2021-05-11 09:27:37,3825.0,61085
2021-05-11 09:27:38,3824.7,61154
2021-05-11 09:27:39,3822.95,61169
2021-05-11 09:27:40,3822.55,61424
2021-05-11 09:27:41,3823.85,61506
2021-05-11 09:27:42,3822.55,61526
2021-05-11 09:27:43,3822.55,61526
2021-05-11 09:27:44,3824.2,61546
2021-05-11 09:27:45,3822.15,61551
2021-05-11 09:27:46,3824.25,61658
2021-05-11 09:27:47,3821.75,61688
2021-05-11 09:27:48,3821.2,61711
2021-05-11 09:27:49,3821.2,61711
2021-05-11 09:27:50,3822.0,61761
2021-05-11 09:27:51,3820.9,61880
2021-05-11 09:27:52,3820.9,61880
2021-05-11 09:27:53,3820.9,61880
2021-05-11 09:27:54,3822.0,61961
2021-05-11 09:27:55,3822.0,61963
2021-05-11 09:27:56,3821.65,62031
2021-05-11 09:27:57,3822.35,62035
2021-05-11 09:27:58,3821.05,62059
2021-05-11 09:27:59,3821.05,62059
2021-05-11 09:28:00,3821.05,62061
2021-05-11 09:28:01,3821.05,62061
2021-05-11 09:28:02,3821.05,62061
2021-05-11 09:28:03,3821.05,62061
2021-05-11 09:28:04,3821.05,62061
2021-05-11 09:28:05,3821.05,62063
2021-05-11 09:28:06,3821.05,62063
2021-05-11 09:28:07,3821.85,62064
2021-05-11 09:28:08,3821.05,62066
2021-05-11 09:28:09,3821.05,62070
2021-05-11 09:28:10,3821.05,62132
2021-05-11 09:28:11,3821.05,62143
2021-05-11 09:28:13,3821.85,62149
2021-05-11 09:28:14,3818.4,62967
2021-05-11 09:28:15,3818.45,63172
2021-05-11 09:28:16,3817.35,63565
2021-05-11 09:28:17,3821.05,64216
2021-05-11 09:28:18,3819.8,64301
2021-05-11 09:28:19,3819.8,64301
2021-05-11 09:28:20,3819.8,64301
2021-05-11 09:28:21,3819.8,64301
2021-05-11 09:28:22,3816.95,64314
2021-05-11 09:28:22,3816.95,64314
2021-05-11 09:28:23,3816.95,64446
2021-05-11 09:28:24,3816.95,64687
2021-05-11 09:28:25,3816.95,64806
2021-05-11 09:28:26,3817.7,64821
2021-05-11 09:28:27,3816.2,64947
2021-05-11 09:28:28,3818.1,64962
2021-05-11 09:28:29,3818.1,64962
2021-05-11 09:28:30,3816.35,64974
2021-05-11 09:28:31,3817.4,64990
2021-05-11 09:28:32,3816.55,64998
2021-05-11 09:28:33,3817.8,65019
2021-05-11 09:28:34,3817.8,65059
2021-05-11 09:28:35,3816.85,65061
2021-05-11 09:28:36,3816.7,65076
2021-05-11 09:28:37,3816.55,65079
2021-05-11 09:28:38,3816.55,65079
2021-05-11 09:28:39,3817.05,65160
2021-05-11 09:28:40,3817.8,65177
2021-05-11 09:28:41,3817.8,65177
2021-05-11 09:28:42,3817.8,65177
2021-05-11 09:28:44,3817.7,65299
2021-05-11 09:28:45,3817.7,65332
2021-05-11 09:28:46,3817.7,65332
2021-05-11 09:28:47,3816.55,65729
2021-05-11 09:28:48,3814.1,65785
2021-05-11 09:28:49,3814.3,65889
2021-05-11 09:28:50,3814.1,65935
2021-05-11 09:28:51,3815.55,65941
2021-05-11 09:28:52,3814.15,65957
2021-05-11 09:28:53,3814.15,65959
2021-05-11 09:28:54,3814.15,65959
2021-05-11 09:28:55,3814.15,65959
2021-05-11 09:28:56,3814.0,67420
2021-05-11 09:28:57,3813.9,67926
2021-05-11 09:28:58,3811.65,68003
2021-05-11 09:28:59,3814.1,68450
2021-05-11 09:29:00,3811.4,68542
2021-05-11 09:29:01,3812.15,68669
2021-05-11 09:29:02,3814.0,68778
2021-05-11 09:29:03,3811.65,68799
2021-05-11 09:29:04,3813.35,68808
2021-05-11 09:29:05,3811.95,68866
2021-05-11 09:29:06,3813.5,68876
2021-05-11 09:29:07,3813.5,68880
2021-05-11 09:29:08,3813.5,69013
2021-05-11 09:29:09,3813.15,69036
2021-05-11 09:29:10,3813.6,69058
2021-05-11 09:29:11,3813.15,69064
2021-05-11 09:29:12,3811.55,69122
2021-05-11 09:29:13,3812.0,69160
2021-05-11 09:29:14,3813.55,69265
2021-05-11 09:29:15,3812.85,69275
2021-05-11 09:29:16,3812.0,69277
2021-05-11 09:29:17,3813.55,69278
2021-05-11 09:29:18,3813.55,69278
2021-05-11 09:29:19,3813.55,69282
2021-05-11 09:29:22,3813.55,69467
2021-05-11 09:29:23,3813.0,69487
2021-05-11 09:29:24,3813.0,69574
2021-05-11 09:29:25,3813.55,69619
2021-05-11 09:29:26,3813.55,69619
2021-05-11 09:29:27,3813.55,69619
2021-05-11 09:29:28,3813.55,69619
2021-05-11 09:29:29,3813.55,69624
2021-05-11 09:29:30,3813.55,69633
2021-05-11 09:29:31,3813.55,69633
2021-05-11 09:29:32,3813.55,69643
2021-05-11 09:29:33,3813.55,69643
2021-05-11 09:29:34,3813.5,69652
2021-05-11 09:29:35,3812.6,69917
2021-05-11 09:29:36,3813.55,69958
2021-05-11 09:29:37,3813.55,69963
2021-05-11 09:29:38,3817.95,70337
2021-05-11 09:29:39,3817.7,70357
2021-05-11 09:29:40,3817.2,70393
2021-05-11 09:29:41,3817.0,70441
2021-05-11 09:29:42,3817.0,70441
2021-05-11 09:29:43,3816.85,70447
2021-05-11 09:29:44,3816.85,70447
2021-05-11 09:29:45,3815.95,70449
2021-05-11 09:29:46,3815.95,70499
2021-05-11 09:29:47,3816.95,70581
2021-05-11 09:29:48,3817.0,70632
2021-05-11 09:29:49,3815.55,70897
2021-05-11 09:29:50,3817.85,70935
2021-05-11 09:29:51,3817.85,70935
2021-05-11 09:29:52,3817.95,70953
2021-05-11 09:29:53,3817.0,70955
2021-05-11 09:29:54,3817.0,70955
2021-05-11 09:29:55,3818.3,70968
2021-05-11 09:29:56,3818.3,70968
2021-05-11 09:29:57,3818.3,70968
2021-05-11 09:29:58,3818.65,71076
2021-05-11 09:29:59,3820.0,71143
2021-05-11 09:30:00,3821.6,71156
2021-05-11 09:30:01,3821.05,71158
2021-05-11 09:30:02,3821.05,71159
2021-05-11 09:30:03,3821.05,71159
2021-05-11 09:30:04,3821.05,71159
2021-05-11 09:30:05,3819.85,71259
2021-05-11 09:30:06,3821.1,71268
2021-05-11 09:30:07,3821.05,71274
2021-05-11 09:30:08,3822.5,71575
2021-05-11 09:30:09,3821.95,71616
2021-05-11 09:30:10,3821.95,71622
2021-05-11 09:30:11,3820.45,71631
2021-05-11 09:30:12,3822.65,71676
2021-05-11 09:30:13,3822.65,71676
2021-05-11 09:30:14,3820.25,71706
2021-05-11 09:30:15,3822.3,71746
2021-05-11 09:30:16,3821.7,71753
2021-05-11 09:30:17,3821.7,71760
2021-05-11 09:30:18,3821.7,71760
2021-05-11 09:30:19,3821.7,71765
2021-05-11 09:30:20,3821.7,71765
2021-05-11 09:30:21,3822.0,71772
2021-05-11 09:30:22,3822.0,71772
2021-05-11 09:30:23,3822.0,71773
2021-05-11 09:30:24,3821.9,71779
2021-05-11 09:30:25,3821.9,71790
2021-05-11 09:30:26,3821.9,71790
2021-05-11 09:30:27,3822.0,71821
2021-05-11 09:30:28,3821.5,72077
2021-05-11 09:30:29,3822.0,72118
2021-05-11 09:30:30,3822.0,72120
2021-05-11 09:30:31,3822.0,72160
2021-05-11 09:30:32,3821.9,72181
2021-05-11 09:30:33,3821.5,72196
2021-05-11 09:30:34,3821.95,72199
2021-05-11 09:30:35,3821.95,72207
2021-05-11 09:30:36,3821.0,72365
2021-05-11 09:30:37,3821.85,72383
2021-05-11 09:30:38,3821.85,72383
2021-05-11 09:30:39,3821.85,72383
2021-05-11 09:30:40,3821.85,72383
2021-05-11 09:30:41,3821.85,72383
2021-05-11 09:30:42,3821.85,72383
2021-05-11 09:30:43,3821.95,72413
2021-05-11 09:30:44,3821.5,72595
2021-05-11 09:30:45,3821.55,72775
2021-05-11 09:30:46,3822.95,72785
2021-05-11 09:30:47,3822.0,72792
2021-05-11 09:30:48,3823.4,72799
2021-05-11 09:30:49,3824.0,72925
2021-05-11 09:30:50,3824.9,72944
2021-05-11 09:30:51,3824.95,72946
2021-05-11 09:30:52,3824.95,72956
2021-05-11 09:30:53,3824.95,72966
2021-05-11 09:30:54,3824.95,72968
2021-05-11 09:30:55,3825.0,72990
2021-05-11 09:30:56,3823.4,72995
2021-05-11 09:30:57,3824.55,72999
2021-05-11 09:30:58,3824.55,72999
2021-05-11 09:30:59,3824.0,73000
2021-05-11 09:31:00,3824.0,73000
2021-05-11 09:31:01,3824.0,73080
2021-05-11 09:31:02,3823.4,73097
2021-05-11 09:31:03,3824.0,73099
2021-05-11 09:31:04,3824.0,73114
2021-05-11 09:31:05,3824.95,73150
2021-05-11 09:31:06,3824.55,73186
2021-05-11 09:31:07,3824.0,73187
2021-05-11 09:31:08,3824.55,73202
2021-05-11 09:31:09,3824.55,73273
2021-05-11 09:31:10,3824.55,73293
2021-05-11 09:31:11,3824.0,73313
2021-05-11 09:31:12,3824.0,73314
2021-05-11 09:31:13,3823.6,73334
2021-05-11 09:31:14,3823.6,73354
2021-05-11 09:31:15,3823.6,73374
2021-05-11 09:31:16,3823.95,73399
2021-05-11 09:31:17,3823.6,73429
2021-05-11 09:31:18,3823.95,73525
2021-05-11 09:31:19,3824.0,73606
2021-05-11 09:31:20,3823.15,73643
2021-05-11 09:31:21,3823.95,73656
2021-05-11 09:31:22,3823.9,73663
2021-05-11 09:31:23,3824.55,74416
2021-05-11 09:31:24,3825.0,74514
2021-05-11 09:31:25,3825.6,75237
2021-05-11 09:31:26,3826.85,75244
2021-05-11 09:31:27,3826.85,75336
2021-05-11 09:31:28,3826.95,75352
2021-05-11 09:31:29,3826.95,75355
2021-05-11 09:31:30,3827.0,75440
2021-05-11 09:31:31,3827.0,75440
2021-05-11 09:31:32,3826.95,75455
2021-05-11 09:31:33,3827.0,75462
2021-05-11 09:31:34,3827.0,75463
2021-05-11 09:31:35,3826.9,75464
2021-05-11 09:31:36,3826.9,75464
2021-05-11 09:31:37,3826.9,75464
2021-05-11 09:31:38,3827.55,75713
2021-05-11 09:31:40,3826.95,75806
2021-05-11 09:31:41,3828.0,75838
2021-05-11 09:31:42,3826.95,75995
2021-05-11 09:31:43,3826.95,76044
2021-05-11 09:31:44,3826.95,76094
2021-05-11 09:31:45,3826.95,76208
2021-05-11 09:31:46,3826.9,76223
2021-05-11 09:31:47,3826.9,76226
2021-05-11 09:31:48,3826.9,76226
2021-05-11 09:31:49,3828.0,76610
2021-05-11 09:31:50,3828.0,76662
2021-05-11 09:31:51,3828.0,76669
2021-05-11 09:31:52,3826.9,76674
2021-05-11 09:31:53,3827.05,76684
2021-05-11 09:31:54,3827.05,76684
2021-05-11 09:31:55,3827.05,76684
2021-05-11 09:31:56,3827.05,76714
2021-05-11 09:31:57,3828.6,79016
2021-05-11 09:31:58,3830.65,79082
2021-05-11 09:31:59,3829.9,79095
2021-05-11 09:32:01,3829.9,79122
2021-05-11 09:32:02,3830.4,79172
2021-05-11 09:32:03,3830.4,79179
2021-05-11 09:32:04,3830.6,79185
2021-05-11 09:32:05,3830.55,79324
2021-05-11 09:32:06,3830.6,79446
2021-05-11 09:32:07,3830.0,79762
2021-05-11 09:32:08,3830.0,79803
2021-05-11 09:32:09,3830.0,79833
2021-05-11 09:32:10,3830.0,79933
2021-05-11 09:32:11,3830.0,79959
2021-05-11 09:32:12,3830.0,80084
2021-05-11 09:32:13,3830.0,80108
2021-05-11 09:32:14,3830.0,80108
2021-05-11 09:32:15,3830.0,80108
2021-05-11 09:32:16,3830.0,80108
2021-05-11 09:32:17,3828.5,80113
2021-05-11 09:32:18,3828.45,80143
2021-05-11 09:32:19,3829.0,80150
2021-05-11 09:32:20,3829.4,80160
2021-05-11 09:32:21,3830.4,80254
2021-05-11 09:32:22,3830.6,80279
2021-05-11 09:32:23,3830.6,80279
2021-05-11 09:32:24,3830.6,80279
2021-05-11 09:32:25,3830.0,80309
2021-05-11 09:32:26,3830.0,80309
2021-05-11 09:32:28,3830.0,81301
2021-05-11 09:32:29,3830.6,81545
2021-05-11 09:32:30,3830.0,81597
2021-05-11 09:32:31,3830.0,81698
2021-05-11 09:32:32,3830.0,81725
2021-05-11 09:32:33,3830.55,81728
2021-05-11 09:32:34,3830.55,81728
2021-05-11 09:32:35,3830.55,81728
2021-05-11 09:32:36,3830.0,81757
2021-05-11 09:32:37,3829.6,81775
2021-05-11 09:32:38,3829.95,81777
2021-05-11 09:32:39,3829.95,81778
2021-05-11 09:32:40,3829.95,81788
2021-05-11 09:32:41,3829.95,81801
2021-05-11 09:32:42,3830.4,81901
2021-05-11 09:32:43,3830.35,81920
2021-05-11 09:32:45,3830.35,81920
2021-05-11 09:32:46,3829.95,81925
2021-05-11 09:32:47,3829.95,81925
2021-05-11 09:32:48,3830.35,81926
2021-05-11 09:32:50,3829.95,81934
2021-05-11 09:32:49,3829.6,81928
2021-05-11 09:32:51,3829.95,81934
2021-05-11 09:32:52,3829.95,81976
2021-05-11 09:32:53,3829.95,81976
2021-05-11 09:32:54,3829.95,81976
2021-05-11 09:32:55,3829.95,81996
2021-05-11 09:32:56,3829.95,81996
2021-05-11 09:32:57,3829.95,81996
2021-05-11 09:32:58,3831.1,82438
2021-05-11 09:32:59,3831.55,82448
2021-05-11 09:33:00,3832.0,82589
2021-05-11 09:33:01,3832.0,82611
2021-05-11 09:33:02,3832.0,82612
2021-05-11 09:33:03,3830.8,82864
2021-05-11 09:33:04,3830.8,82928
2021-05-11 09:33:06,3832.0,83030
2021-05-11 09:33:05,3831.9,82938
2021-05-11 09:33:07,3830.9,83032
2021-05-11 09:33:07,3833.0,83052
2021-05-11 09:33:08,3833.0,83159
2021-05-11 09:33:09,3832.9,83171
2021-05-11 09:33:10,3831.6,83222
2021-05-11 09:33:12,3833.6,83242
2021-05-11 09:33:13,3833.6,83245
2021-05-11 09:33:14,3832.0,83260
2021-05-11 09:33:15,3832.1,83263
2021-05-11 09:33:16,3832.1,83263
2021-05-11 09:33:17,3833.6,83269
2021-05-11 09:33:18,3833.65,83559
2021-05-11 09:33:19,3834.45,83682
2021-05-11 09:33:20,3834.85,83714
2021-05-11 09:33:22,3833.65,84491
2021-05-11 09:33:23,3834.95,84541
2021-05-11 09:33:24,3833.65,84608
2021-05-11 09:33:25,3833.65,84717
2021-05-11 09:33:26,3834.0,84750
2021-05-11 09:33:27,3835.0,84828
2021-05-11 09:33:28,3835.0,84848
2021-05-11 09:33:29,3835.0,84853
2021-05-11 09:33:30,3835.0,84853
2021-05-11 09:33:31,3833.65,84954
2021-05-11 09:33:32,3834.0,84964
2021-05-11 09:33:33,3835.0,85011
2021-05-11 09:33:34,3833.7,85012
2021-05-11 09:33:35,3833.7,85056
2021-05-11 09:33:36,3834.0,85071
2021-05-11 09:33:37,3834.0,85071
2021-05-11 09:33:38,3834.0,85123
2021-05-11 09:33:39,3833.7,85125
2021-05-11 09:33:40,3833.95,85135
2021-05-11 09:33:41,3834.4,85446
2021-05-11 09:33:42,3833.7,85576
2021-05-11 09:33:44,3835.0,85605
2021-05-11 09:33:45,3835.0,85626
2021-05-11 09:33:46,3835.0,85656
2021-05-11 09:33:46,3835.0,85656
2021-05-11 09:33:48,3834.95,85665
2021-05-11 09:33:49,3835.0,85734
2021-05-11 09:33:49,3834.95,85778
2021-05-11 09:33:50,3834.95,85781
2021-05-11 09:33:51,3835.0,85783
2021-05-11 09:33:52,3835.0,85783
2021-05-11 09:33:53,3835.0,85843
2021-05-11 09:33:54,3835.0,85964
2021-05-11 09:33:55,3834.95,85980
2021-05-11 09:33:56,3835.0,86017
2021-05-11 09:33:57,3835.0,86077
2021-05-11 09:33:59,3834.95,86078
2021-05-11 09:34:00,3834.95,86090
2021-05-11 09:34:02,3835.0,86255
2021-05-11 09:34:03,3835.0,86277
2021-05-11 09:34:04,3835.0,86280
2021-05-11 09:34:04,3835.0,86280
2021-05-11 09:34:05,3834.05,86299
2021-05-11 09:34:06,3834.05,86299
2021-05-11 09:34:07,3835.0,86302
2021-05-11 09:34:08,3835.0,86392
2021-05-11 09:34:09,3835.0,86408
2021-05-11 09:34:10,3835.0,86408
2021-05-11 09:34:11,3835.0,86408
2021-05-11 09:34:12,3835.0,86409
2021-05-11 09:34:13,3835.0,86429
2021-05-11 09:34:14,3834.05,86478
2021-05-11 09:34:15,3835.0,86501
2021-05-11 09:34:16,3835.0,86764
2021-05-11 09:34:18,3835.0,86798
2021-05-11 09:34:19,3835.0,86798
2021-05-11 09:34:20,3835.0,86858
2021-05-11 09:34:21,3835.0,86858
2021-05-11 09:34:22,3834.05,86878
2021-05-11 09:34:23,3835.0,86892
2021-05-11 09:34:24,3835.0,86892
2021-05-11 09:34:25,3834.9,86934
2021-05-11 09:34:26,3834.1,86954
2021-05-11 09:34:27,3835.0,86966
2021-05-11 09:34:28,3835.0,86966
2021-05-11 09:34:29,3834.05,87101
2021-05-11 09:34:30,3834.05,87150
2021-05-11 09:34:31,3834.05,87175
2021-05-11 09:34:31,3834.05,87175
2021-05-11 09:34:32,3834.05,87215
2021-05-11 09:34:34,3834.1,87422
2021-05-11 09:34:34,3834.05,87479
2021-05-11 09:34:35,3834.05,87501
2021-05-11 09:34:36,3834.05,87504
2021-05-11 09:34:37,3834.05,87504
2021-05-11 09:34:39,3834.4,87541
2021-05-11 09:34:39,3834.4,87555
2021-05-11 09:34:40,3834.4,87555
2021-05-11 09:34:41,3834.8,87685
2021-05-11 09:34:42,3834.8,87703
2021-05-11 09:34:43,3834.8,87703
2021-05-11 09:34:44,3834.8,87703
2021-05-11 09:34:45,3834.05,87710
2021-05-11 09:34:46,3834.05,87712
2021-05-11 09:34:47,3834.0,87723
2021-05-11 09:34:49,3834.0,87723
2021-05-11 09:34:49,3834.0,87752
2021-05-11 09:34:50,3834.0,87792
2021-05-11 09:34:51,3834.65,87805
2021-05-11 09:34:52,3834.65,87805
2021-05-11 09:34:53,3834.0,87811
2021-05-11 09:34:55,3834.0,87923
2021-05-11 09:34:56,3834.0,88009
2021-05-11 09:34:56,3834.0,88009
2021-05-11 09:34:57,3834.65,88017
2021-05-11 09:34:59,3834.65,88017
2021-05-11 09:35:00,3834.65,88067
2021-05-11 09:35:01,3834.65,88076
2021-05-11 09:35:01,3834.65,88076
2021-05-11 09:35:02,3834.7,88124
2021-05-11 09:35:03,3834.7,88129
2021-05-11 09:35:04,3834.7,88134
2021-05-11 09:35:05,3834.7,88134
2021-05-11 09:35:07,3834.7,88134
2021-05-11 09:35:08,3834.7,88134
2021-05-11 09:35:08,3834.9,88164
2021-05-11 09:35:10,3834.9,88165
2021-05-11 09:35:11,3834.7,88167
2021-05-11 09:35:12,3834.7,88167
2021-05-11 09:35:13,3834.7,88167
2021-05-11 09:35:14,3834.7,88167
2021-05-11 09:35:15,3834.65,88172
2021-05-11 09:35:17,3834.65,88172
2021-05-11 09:35:18,3834.65,88172
2021-05-11 09:35:20,3835.8,89549
2021-05-11 09:35:22,3839.0,89729
2021-05-11 09:35:23,3837.8,89737
2021-05-11 09:35:24,3837.8,89737
2021-05-11 09:35:25,3837.8,89759
2021-05-11 09:35:25,3837.8,89759
2021-05-11 09:35:26,3837.8,89759
2021-05-11 09:35:27,3838.75,90081
2021-05-11 09:35:28,3837.25,90124
2021-05-11 09:35:29,3837.25,90128
2021-05-11 09:35:30,3837.25,90129
2021-05-11 09:35:31,3837.0,90144
2021-05-11 09:35:32,3837.0,90144
2021-05-11 09:35:33,3837.25,90307
2021-05-11 09:35:34,3837.25,90322
2021-05-11 09:35:35,3836.95,90326
2021-05-11 09:35:36,3837.0,90346
2021-05-11 09:35:37,3837.0,90346
2021-05-11 09:35:38,3837.0,90353
2021-05-11 09:35:40,3837.4,90395
2021-05-11 09:35:41,3837.4,90395
2021-05-11 09:35:42,3837.0,90421
2021-05-11 09:35:43,3837.0,90430
2021-05-11 09:35:44,3837.0,90430
2021-05-11 09:35:45,3837.0,90430
2021-05-11 09:35:46,3836.6,90435
2021-05-11 09:35:47,3837.0,90447
2021-05-11 09:35:48,3836.6,90460
2021-05-11 09:35:49,3836.6,90472
2021-05-11 09:35:49,3837.0,90572
2021-05-11 09:35:51,3837.0,90629
2021-05-11 09:35:52,3837.0,90629
2021-05-11 09:35:53,3836.75,90902
2021-05-11 09:35:54,3837.8,90941
2021-05-11 09:35:55,3837.0,90942
2021-05-11 09:35:56,3837.6,91202
2021-05-11 09:35:57,3837.6,91278
2021-05-11 09:35:57,3836.5,91279
2021-05-11 09:35:59,3836.5,91291
2021-05-11 09:36:00,3836.5,91291
2021-05-11 09:36:01,3837.25,91301
2021-05-11 09:36:01,3837.25,91301
2021-05-11 09:36:02,3837.0,91313
2021-05-11 09:36:04,3836.35,91334
2021-05-11 09:36:04,3836.35,91334
2021-05-11 09:36:07,3836.5,91487
2021-05-11 09:36:08,3836.4,91502
2021-05-11 09:36:09,3834.9,91542
2021-05-11 09:36:10,3836.35,91550
2021-05-11 09:36:11,3836.35,91555
2021-05-11 09:36:12,3834.9,91656
2021-05-11 09:36:14,3836.2,91666
2021-05-11 09:36:15,3836.2,91666
2021-05-11 09:36:16,3836.2,91666
2021-05-11 09:36:17,3836.2,91666
2021-05-11 09:36:18,3836.2,91666
2021-05-11 09:36:19,3836.2,91666
2021-05-11 09:36:20,3834.9,91667
2021-05-11 09:36:21,3836.2,91768
2021-05-11 09:36:22,3836.0,91781
2021-05-11 09:36:23,3836.0,91781
2021-05-11 09:36:24,3836.0,91781
2021-05-11 09:36:25,3836.0,91781
2021-05-11 09:36:26,3835.85,91782
2021-05-11 09:36:27,3835.85,91782
2021-05-11 09:36:28,3834.65,91812
2021-05-11 09:36:29,3834.9,91862
2021-05-11 09:36:30,3835.9,91863
2021-05-11 09:36:31,3834.65,91882
2021-05-11 09:36:32,3835.6,91987
2021-05-11 09:36:33,3835.25,92097
2021-05-11 09:36:34,3835.15,92111
2021-05-11 09:36:35,3835.0,92131
2021-05-11 09:36:36,3835.0,92131
2021-05-11 09:36:37,3834.95,92136
2021-05-11 09:36:38,3834.95,92136
2021-05-11 09:36:38,3833.0,92228
2021-05-11 09:36:39,3833.0,92241
2021-05-11 09:36:40,3832.2,92244
2021-05-11 09:36:41,3832.2,92244
2021-05-11 09:36:42,3833.0,92344
2021-05-11 09:36:44,3833.0,92359
2021-05-11 09:36:45,3832.0,92361
2021-05-11 09:36:47,3832.0,92361
2021-05-11 09:36:49,3832.0,92366
2021-05-11 09:36:50,3830.0,93111
2021-05-11 09:36:51,3831.7,93156
2021-05-11 09:36:52,3830.0,93258
2021-05-11 09:36:52,3831.35,93271
2021-05-11 09:36:55,3830.0,93272
2021-05-11 09:36:56,3830.0,93275
2021-05-11 09:36:57,3830.0,93275
2021-05-11 09:36:58,3830.0,93275
2021-05-11 09:36:58,3830.0,93275
2021-05-11 09:36:59,3831.0,93385
2021-05-11 09:37:00,3831.3,93413
2021-05-11 09:37:01,3831.3,93413
2021-05-11 09:37:02,3831.3,93413
2021-05-11 09:37:03,3831.3,93413
2021-05-11 09:37:04,3830.65,93446
2021-05-11 09:37:05,3830.65,93446
2021-05-11 09:37:06,3831.25,93453
2021-05-11 09:37:08,3830.25,93498
2021-05-11 09:37:09,3830.25,93498
2021-05-11 09:37:10,3830.0,93609
2021-05-11 09:37:11,3831.1,93630
2021-05-11 09:37:12,3831.1,93633
2021-05-11 09:37:13,3831.1,93633
2021-05-11 09:37:14,3830.0,93643
2021-05-11 09:37:15,3830.0,93643
2021-05-11 09:37:17,3830.0,93643
2021-05-11 09:37:19,3830.0,93649
2021-05-11 09:37:20,3830.0,93649
2021-05-11 09:37:21,3830.0,93662
2021-05-11 09:37:22,3830.0,93798
2021-05-11 09:37:23,3829.0,94030
2021-05-11 09:37:26,3828.3,94250
2021-05-11 09:37:29,3826.75,94276
2021-05-11 09:37:33,3827.1,95431
2021-05-11 09:37:37,3825.55,95756
2021-05-11 09:37:41,3825.6,95881
2021-05-11 09:37:45,3825.0,96007
2021-05-11 09:37:49,3826.0,96220
2021-05-11 09:37:53,3828.15,96434
2021-05-11 09:37:57,3828.2,96446
2021-05-11 09:38:01,3826.8,96455
2021-05-11 09:38:05,3828.85,96505
2021-05-11 09:38:08,3828.55,96512
2021-05-11 09:38:11,3829.3,96598
2021-05-11 09:38:15,3829.5,96661
2021-05-11 09:38:19,3830.9,96726
2021-05-11 09:38:23,3829.5,96745
2021-05-11 09:38:26,3831.0,96807
2021-05-11 09:38:30,3830.4,96880
2021-05-11 09:38:34,3830.0,96892
2021-05-11 09:38:37,3830.0,96941
2021-05-11 09:38:41,3830.0,97129
2021-05-11 09:38:44,3830.95,97151
2021-05-11 09:38:48,3831.25,97152
2021-05-11 09:38:51,3830.4,97224
2021-05-11 09:38:55,3831.75,97282
2021-05-11 09:38:58,3830.4,97301
2021-05-11 09:39:02,3830.4,97455
2021-05-11 09:39:06,3830.0,97541
2021-05-11 09:39:10,3830.0,97541
2021-05-11 09:39:18,3829.0,97660
2021-05-11 09:39:21,3828.95,97692
2021-05-11 09:39:25,3829.0,97823
2021-05-11 09:39:29,3829.0,97846
2021-05-11 09:39:32,3828.7,98204
2021-05-11 09:39:36,3828.9,98284
2021-05-11 09:39:40,3828.9,98302
2021-05-11 09:39:43,3828.9,98304
2021-05-11 09:39:47,3828.9,98324
2021-05-11 09:39:50,3827.7,98346
2021-05-11 09:39:54,3828.9,98396
2021-05-11 09:39:57,3827.7,98452
2021-05-11 09:40:01,3827.7,98458
2021-05-11 09:40:05,3827.7,98458
2021-05-11 09:40:09,3828.9,98464
2021-05-11 09:40:12,3825.0,99844
2021-05-11 09:40:15,3825.0,99899
2021-05-11 09:40:19,3826.45,99936
2021-05-11 09:40:22,3825.0,100033
2021-05-11 09:40:26,3826.35,100093
2021-05-11 09:40:30,3825.0,100161
2021-05-11 09:40:34,3825.05,100239
2021-05-11 09:40:38,3825.0,100405
2021-05-11 09:40:41,3826.35,100467
2021-05-11 09:40:45,3826.35,100490
2021-05-11 09:40:49,3826.35,100521
2021-05-11 09:40:52,3826.35,100749
2021-05-11 09:40:56,3826.35,100782
2021-05-11 09:40:59,3826.45,100793
2021-05-11 09:41:03,3825.05,101164
2021-05-11 09:41:07,3826.45,101416
2021-05-11 09:41:11,3826.5,101467
2021-05-11 09:41:15,3826.35,101489
2021-05-11 09:41:18,3826.0,101503
2021-05-11 09:41:22,3826.35,101504
2021-05-11 09:41:25,3826.9,101646
2021-05-11 09:41:29,3825.35,101692
2021-05-11 09:41:32,3826.0,101729
2021-05-11 09:41:36,3826.75,101730
2021-05-11 09:41:39,3826.75,101747
2021-05-11 09:41:43,3827.15,101780
2021-05-11 09:41:46,3826.8,101914
2021-05-11 09:41:50,3827.0,101936
2021-05-11 09:41:53,3830.0,102528
2021-05-11 09:41:57,3830.25,103128
2021-05-11 09:42:00,3833.0,103369
2021-05-11 09:42:07,3834.0,103480
2021-05-11 09:42:12,3834.35,103511
2021-05-11 09:42:15,3834.65,103594
2021-05-11 09:42:19,3835.0,104264
2021-05-11 09:42:23,3836.0,104395
2021-05-11 09:42:24,3836.0,104411
2021-05-11 09:42:25,3835.9,104467
2021-05-11 09:42:26,3835.1,104486
2021-05-11 09:42:27,3835.1,104486
2021-05-11 09:42:28,3836.0,104687
2021-05-11 09:42:29,3836.05,104696
2021-05-11 09:42:30,3837.6,104724
2021-05-11 09:42:31,3836.45,104792
2021-05-11 09:42:32,3836.5,104805
2021-05-11 09:42:33,3838.4,104807
2021-05-11 09:42:34,3838.4,104807
2021-05-11 09:42:35,3836.4,104857
2021-05-11 09:42:37,3838.0,104900
2021-05-11 09:42:38,3838.0,104900
2021-05-11 09:42:39,3838.0,104901
2021-05-11 09:42:40,3838.0,104951
2021-05-11 09:42:41,3838.0,105013
2021-05-11 09:42:42,3838.0,105033
2021-05-11 09:42:43,3838.0,105033
2021-05-11 09:42:44,3836.7,105053
2021-05-11 09:42:45,3836.7,105053
2021-05-11 09:42:46,3836.7,105053
2021-05-11 09:42:47,3836.7,105053
2021-05-11 09:42:49,3836.7,105053
2021-05-11 09:42:50,3836.7,105053
2021-05-11 09:42:52,3838.0,105093
2021-05-11 09:42:53,3838.0,105093
2021-05-11 09:42:54,3838.0,105093
2021-05-11 09:42:55,3836.7,105128
2021-05-11 09:42:55,3838.0,105118
2021-05-11 09:42:56,3836.7,105128
2021-05-11 09:42:57,3836.7,105128
2021-05-11 09:42:58,3836.75,105431
2021-05-11 09:42:59,3838.0,105578
2021-05-11 09:43:00,3838.0,105593
2021-05-11 09:43:01,3838.0,105593
2021-05-11 09:43:02,3836.8,105601
2021-05-11 09:43:03,3838.4,105671
2021-05-11 09:43:04,3838.0,105674
2021-05-11 09:43:05,3838.0,105675
2021-05-11 09:43:06,3838.0,105684
2021-05-11 09:43:07,3839.0,105785
2021-05-11 09:43:08,3839.0,105810
2021-05-11 09:43:09,3839.0,105810
2021-05-11 09:43:10,3839.0,105810
2021-05-11 09:43:11,3839.0,105810
2021-05-11 09:43:12,3839.0,105810
2021-05-11 09:43:13,3838.85,105848
2021-05-11 09:43:14,3838.85,105848
2021-05-11 09:43:15,3837.2,105861
2021-05-11 09:43:16,3838.85,105862
2021-05-11 09:43:18,3838.5,105872
2021-05-11 09:43:17,3838.85,105862
2021-05-11 09:43:19,3838.5,105872
2021-05-11 09:43:20,3838.5,105872
2021-05-11 09:43:21,3839.0,105883
2021-05-11 09:43:23,3839.0,105900
2021-05-11 09:43:24,3839.0,105914
2021-05-11 09:43:25,3839.0,105914
2021-05-11 09:43:25,3839.0,105914
2021-05-11 09:43:26,3838.1,105944
2021-05-11 09:43:27,3838.8,105946
2021-05-11 09:43:28,3838.8,105946
2021-05-11 09:43:29,3838.45,105948
2021-05-11 09:43:30,3838.45,105967
2021-05-11 09:43:31,3838.45,105972
2021-05-11 09:43:32,3838.45,106029
2021-05-11 09:43:34,3838.45,106071
2021-05-11 09:43:34,3838.45,106108
2021-05-11 09:43:36,3837.3,106112
2021-05-11 09:43:36,3838.5,106164
2021-05-11 09:43:38,3838.5,106164
2021-05-11 09:43:39,3838.5,106218
2021-05-11 09:43:41,3838.5,106219
2021-05-11 09:43:42,3838.5,106224
2021-05-11 09:43:43,3838.5,106234
2021-05-11 09:43:45,3838.0,106237
2021-05-11 09:43:46,3837.1,106453
2021-05-11 09:43:47,3837.1,106454
2021-05-11 09:43:48,3837.2,106464
2021-05-11 09:43:49,3837.0,106470
2021-05-11 09:43:50,3837.0,106470
2021-05-11 09:43:51,3837.0,106470
2021-05-11 09:43:52,3837.0,106470
2021-05-11 09:43:53,3837.0,106470
2021-05-11 09:43:54,3836.95,106475
2021-05-11 09:43:55,3836.95,106475
2021-05-11 09:43:56,3836.95,106475
2021-05-11 09:43:57,3838.55,106975
2021-05-11 09:43:58,3838.8,106985
2021-05-11 09:43:59,3836.55,107021
2021-05-11 09:44:00,3836.6,107023
2021-05-11 09:44:01,3838.8,107026
2021-05-11 09:44:03,3838.8,107026
2021-05-11 09:44:03,3838.8,107026
2021-05-11 09:44:04,3837.0,107076
2021-05-11 09:44:05,3838.45,107081
2021-05-11 09:44:06,3838.45,107081
2021-05-11 09:44:08,3838.45,107081
2021-05-11 09:44:08,3838.45,107081
2021-05-11 09:44:09,3838.45,107081
2021-05-11 09:44:10,3837.95,107101
2021-05-11 09:44:11,3838.0,107102
2021-05-11 09:44:12,3838.0,107102
2021-05-11 09:44:13,3838.0,107102
2021-05-11 09:44:14,3838.0,107107
2021-05-11 09:44:15,3838.0,107107
2021-05-11 09:44:16,3838.0,107107
2021-05-11 09:44:17,3838.0,107321
2021-05-11 09:44:18,3838.0,107321
2021-05-11 09:44:19,3838.0,107321
2021-05-11 09:44:20,3838.0,107321
2021-05-11 09:44:21,3838.0,107321
2021-05-11 09:44:24,3837.65,107374
2021-05-11 09:44:25,3837.65,107375
2021-05-11 09:44:26,3837.65,107375
2021-05-11 09:44:27,3837.95,107388
2021-05-11 09:44:28,3836.75,107393
2021-05-11 09:44:29,3836.75,107393
2021-05-11 09:44:30,3836.75,107403
2021-05-11 09:44:31,3837.9,107404
2021-05-11 09:44:32,3837.9,107404
2021-05-11 09:44:34,3837.9,107404
2021-05-11 09:44:35,3837.9,107405
2021-05-11 09:44:36,3836.75,107415
2021-05-11 09:44:37,3836.75,107415
2021-05-11 09:44:38,3837.0,107418
2021-05-11 09:44:39,3837.0,107420
2021-05-11 09:44:40,3837.0,107420
2021-05-11 09:44:41,3837.0,107422
2021-05-11 09:44:42,3837.0,107422
2021-05-11 09:44:43,3837.0,107422
2021-05-11 09:44:43,3837.0,107422
2021-05-11 09:44:44,3837.0,107506
2021-05-11 09:44:46,3836.25,107512
2021-05-11 09:44:47,3836.25,107512
2021-05-11 09:44:48,3836.25,107512
2021-05-11 09:44:49,3836.25,107513
2021-05-11 09:44:50,3836.25,107513
2021-05-11 09:44:51,3837.4,107516
2021-05-11 09:44:51,3837.4,107516
2021-05-11 09:44:52,3837.4,107516
2021-05-11 09:44:53,3836.25,107517
2021-05-11 09:44:56,3837.0,107518
2021-05-11 09:44:57,3836.95,107524
2021-05-11 09:44:57,3836.95,107524
2021-05-11 09:44:59,3836.0,107527
2021-05-11 09:45:00,3834.85,107570
2021-05-11 09:45:01,3834.85,107570
2021-05-11 09:45:02,3834.85,107570
2021-05-11 09:45:03,3834.85,107570
2021-05-11 09:45:03,3834.85,107570
2021-05-11 09:45:04,3834.85,107570
2021-05-11 09:45:05,3834.95,107590
2021-05-11 09:45:06,3834.95,107596
2021-05-11 09:45:07,3834.95,107600
2021-05-11 09:45:08,3834.95,107600
2021-05-11 09:45:10,3834.95,107600
2021-05-11 09:45:10,3834.95,107650
2021-05-11 09:45:12,3834.95,107652
2021-05-11 09:45:12,3834.95,107653
2021-05-11 09:45:14,3834.95,107653
2021-05-11 09:45:15,3834.95,107653
2021-05-11 09:45:15,3834.95,107653
2021-05-11 09:45:16,3834.9,107654
2021-05-11 09:45:17,3834.9,107654
2021-05-11 09:45:18,3834.9,107654
2021-05-11 09:45:19,3834.9,107654
2021-05-11 09:45:21,3832.95,107866
2021-05-11 09:45:22,3833.45,107879
2021-05-11 09:45:23,3833.45,107885
2021-05-11 09:45:23,3833.4,107886
2021-05-11 09:45:24,3833.4,107886
2021-05-11 09:45:25,3833.4,107886
2021-05-11 09:45:26,3832.0,107986
2021-05-11 09:45:27,3833.35,107994
2021-05-11 09:45:28,3832.0,107998
2021-05-11 09:45:29,3832.0,107998
2021-05-11 09:45:30,3832.0,108064
2021-05-11 09:45:31,3833.15,108110
2021-05-11 09:45:32,3833.2,108115
2021-05-11 09:45:33,3832.0,108148
2021-05-11 09:45:34,3832.0,108148
2021-05-11 09:45:35,3832.0,108148
2021-05-11 09:45:36,3832.0,108148
2021-05-11 09:45:37,3832.0,108148
2021-05-11 09:45:38,3833.25,108149
2021-05-11 09:45:40,3833.25,108149
2021-05-11 09:45:41,3833.25,108149
2021-05-11 09:45:42,3833.25,108149
2021-05-11 09:45:43,3831.3,108165
2021-05-11 09:45:44,3830.2,108210
2021-05-11 09:45:45,3830.2,108210
2021-05-11 09:45:45,3830.2,108210
2021-05-11 09:45:46,3830.2,108210
2021-05-11 09:45:47,3830.2,108210
2021-05-11 09:45:48,3831.95,108211
2021-05-11 09:45:49,3831.95,108211
2021-05-11 09:45:50,3831.95,108216
2021-05-11 09:45:51,3831.95,108216
2021-05-11 09:45:52,3831.95,108216
2021-05-11 09:45:53,3831.95,108216
2021-05-11 09:45:54,3831.95,108216
2021-05-11 09:45:55,3831.95,108216
2021-05-11 09:45:56,3831.0,108217
2021-05-11 09:45:58,3831.9,108227
2021-05-11 09:45:57,3831.0,108217
2021-05-11 09:45:59,3831.9,108233
2021-05-11 09:46:01,3831.9,108233
2021-05-11 09:46:02,3831.9,108233
2021-05-11 09:46:03,3831.9,108233
2021-05-11 09:46:03,3831.9,108237
2021-05-11 09:46:04,3831.9,108237
2021-05-11 09:46:05,3831.9,108247
2021-05-11 09:46:06,3831.9,108247
2021-05-11 09:46:07,3831.9,108247
2021-05-11 09:46:08,3831.9,108247
2021-05-11 09:46:09,3831.9,108247
2021-05-11 09:46:11,3831.9,108247
2021-05-11 09:46:12,3831.0,108270
2021-05-11 09:46:13,3831.0,108270
2021-05-11 09:46:14,3831.85,108274
2021-05-11 09:46:15,3831.85,108274
2021-05-11 09:46:16,3831.0,108276
2021-05-11 09:46:18,3831.0,108277
2021-05-11 09:46:19,3831.85,108324
2021-05-11 09:46:20,3830.0,108834
2021-05-11 09:46:20,3831.5,108845
2021-05-11 09:46:21,3830.0,109000
2021-05-11 09:46:22,3830.05,109062
2021-05-11 09:46:24,3831.85,109068
2021-05-11 09:46:24,3830.15,109097
2021-05-11 09:46:26,3830.15,109097
2021-05-11 09:46:27,3832.25,109222
2021-05-11 09:46:27,3832.25,109208
2021-05-11 09:46:29,3831.0,109226
2021-05-11 09:46:30,3831.0,109226
2021-05-11 09:46:31,3831.0,109226
2021-05-11 09:46:32,3831.1,109342
2021-05-11 09:46:32,3832.65,109326
2021-05-11 09:46:33,3831.1,109342
2021-05-11 09:46:34,3831.1,109342
2021-05-11 09:46:35,3831.1,109342
2021-05-11 09:46:36,3832.9,109514
2021-05-11 09:46:37,3831.65,109607
2021-05-11 09:46:38,3831.65,109607
2021-05-11 09:46:40,3831.65,109607
2021-05-11 09:46:40,3832.9,109626
2021-05-11 09:46:42,3831.25,109726
2021-05-11 09:46:43,3832.9,109740
2021-05-11 09:46:44,3832.9,109740
2021-05-11 09:46:45,3833.3,109776
2021-05-11 09:46:47,3832.9,109814
2021-05-11 09:46:46,3832.9,109814
2021-05-11 09:46:47,3834.9,109816
2021-05-11 09:46:49,3834.9,109816
2021-05-11 09:46:50,3834.9,109816
2021-05-11 09:46:51,3835.0,109839
2021-05-11 09:46:51,3835.0,109839
2021-05-11 09:46:53,3835.0,109839
2021-05-11 09:46:54,3834.8,109884
2021-05-11 09:46:55,3834.8,109908
2021-05-11 09:46:56,3834.8,109967
2021-05-11 09:46:57,3834.8,109967
2021-05-11 09:46:58,3834.8,109967
2021-05-11 09:46:59,3833.3,109970
2021-05-11 09:46:59,3833.3,109970
2021-05-11 09:47:00,3834.8,110004
2021-05-11 09:47:01,3834.8,110004
2021-05-11 09:47:02,3834.8,110004
2021-05-11 09:47:04,3835.35,110218
2021-05-11 09:47:05,3835.75,110251
2021-05-11 09:47:08,3838.5,110505
2021-05-11 09:47:09,3838.5,110514
2021-05-11 09:47:09,3838.65,110516
2021-05-11 09:47:11,3838.65,110532
2021-05-11 09:47:11,3836.65,110553
2021-05-11 09:47:12,3836.65,110553
2021-05-11 09:47:14,3834.95,111322
2021-05-11 09:47:16,3837.1,111328
2021-05-11 09:47:17,3837.1,111328
2021-05-11 09:47:17,3837.1,111328
2021-05-11 09:47:19,3836.75,111336
2021-05-11 09:47:20,3836.75,111336
2021-05-11 09:47:21,3836.75,111336
2021-05-11 09:47:21,3836.75,111336
2021-05-11 09:47:23,3834.8,111356
2021-05-11 09:47:25,3834.8,111356
2021-05-11 09:47:26,3834.8,111356
2021-05-11 09:47:27,3834.8,111356
2021-05-11 09:47:28,3834.8,111361
2021-05-11 09:47:29,3834.8,111366
2021-05-11 09:47:30,3834.8,111366
2021-05-11 09:47:31,3834.8,111366
2021-05-11 09:47:32,3834.8,111366
2021-05-11 09:47:33,3834.8,111368
2021-05-11 09:47:34,3834.8,111368
2021-05-11 09:47:35,3834.8,111368
2021-05-11 09:47:36,3834.8,111368
2021-05-11 09:47:37,3834.8,111394
2021-05-11 09:47:37,3834.8,111394
2021-05-11 09:47:38,3834.8,111394
2021-05-11 09:47:39,3834.55,111494
2021-05-11 09:47:40,3834.55,111556
2021-05-11 09:47:42,3834.55,111561
2021-05-11 09:47:43,3834.55,111563
2021-05-11 09:47:44,3834.55,111571
2021-05-11 09:47:45,3834.55,111581
2021-05-11 09:47:46,3834.55,111622
2021-05-11 09:47:47,3834.55,111622
2021-05-11 09:47:47,3834.55,111622
2021-05-11 09:47:48,3834.5,111653
2021-05-11 09:47:50,3834.55,111736
2021-05-11 09:47:51,3834.55,111757
2021-05-11 09:47:52,3834.55,111757
2021-05-11 09:47:52,3834.55,111757
2021-05-11 09:47:53,3834.55,111757
2021-05-11 09:47:54,3834.55,111757
2021-05-11 09:47:56,3834.55,111757
2021-05-11 09:47:58,3834.4,111761
2021-05-11 09:47:59,3834.4,111761
2021-05-11 09:48:00,3834.4,111761
2021-05-11 09:48:01,3834.4,111761
2021-05-11 09:48:01,3834.4,111761
2021-05-11 09:48:03,3834.35,111767
2021-05-11 09:48:04,3834.35,111767
2021-05-11 09:48:05,3834.35,111767
2021-05-11 09:48:05,3834.35,111767
2021-05-11 09:48:07,3834.35,111770
2021-05-11 09:48:08,3834.35,111770
2021-05-11 09:48:09,3834.35,111770
2021-05-11 09:48:09,3834.35,111770
2021-05-11 09:48:10,3834.35,111770
2021-05-11 09:48:11,3834.35,111770
2021-05-11 09:48:13,3832.7,111818
2021-05-11 09:48:14,3834.3,111827
2021-05-11 09:48:15,3834.3,111827
2021-05-11 09:48:16,3834.3,111827
2021-05-11 09:48:17,3834.3,111827
2021-05-11 09:48:17,3834.3,111827
2021-05-11 09:48:18,3834.3,111827
2021-05-11 09:48:19,3834.3,111827
2021-05-11 09:48:21,3834.3,111827
2021-05-11 09:48:22,3834.3,111827
2021-05-11 09:48:22,3834.0,111840
2021-05-11 09:48:23,3834.3,111841
2021-05-11 09:48:24,3834.3,111841
2021-05-11 09:48:25,3832.8,111842
2021-05-11 09:48:27,3832.5,112065
2021-05-11 09:48:28,3833.6,112078
2021-05-11 09:48:29,3833.5,112299
2021-05-11 09:48:30,3833.5,112299
2021-05-11 09:48:32,3832.0,112440
2021-05-11 09:48:32,3832.0,112440
2021-05-11 09:48:34,3832.8,112442
2021-05-11 09:48:35,3832.0,112454
2021-05-11 09:48:36,3831.6,112481
2021-05-11 09:48:37,3831.6,112481
2021-05-11 09:48:39,3831.95,112509
2021-05-11 09:48:39,3831.95,112509
2021-05-11 09:48:41,3832.0,112605
2021-05-11 09:48:41,3832.0,112605
2021-05-11 09:48:43,3832.0,112605
2021-05-11 09:48:44,3832.0,112605
2021-05-11 09:48:46,3832.0,112605
2021-05-11 09:48:47,3832.0,112605
2021-05-11 09:48:48,3832.35,112606
2021-05-11 09:48:49,3831.6,112612
2021-05-11 09:48:50,3831.6,112612
2021-05-11 09:48:51,3831.6,112612
2021-05-11 09:48:51,3832.35,112635
2021-05-11 09:48:53,3831.6,112636
2021-05-11 09:48:54,3831.6,112636
2021-05-11 09:48:54,3831.6,112636
2021-05-11 09:48:55,3831.6,112636
2021-05-11 09:48:57,3831.6,112636
2021-05-11 09:48:58,3831.6,112639
2021-05-11 09:48:59,3831.6,112639
2021-05-11 09:49:00,3831.6,112639
2021-05-11 09:49:01,3831.6,112639
2021-05-11 09:49:02,3831.6,112639
2021-05-11 09:49:03,3831.6,112640
2021-05-11 09:49:04,3831.6,112640
2021-05-11 09:49:05,3831.6,112650
2021-05-11 09:49:06,3831.6,112650
2021-05-11 09:49:08,3831.9,112653
2021-05-11 09:49:09,3831.9,112674
2021-05-11 09:49:10,3831.9,112674
2021-05-11 09:49:12,3831.9,112674
2021-05-11 09:49:13,3831.9,112675
2021-05-11 09:49:14,3831.9,112675
2021-05-11 09:49:15,3832.3,112810
2021-05-11 09:49:16,3832.3,112812
2021-05-11 09:49:17,3832.3,112814
2021-05-11 09:49:18,3832.4,112816
2021-05-11 09:49:19,3832.4,112816
2021-05-11 09:49:20,3832.0,112817
2021-05-11 09:49:20,3832.0,112821
2021-05-11 09:49:21,3832.0,112821
2021-05-11 09:49:23,3832.0,112822
2021-05-11 09:49:24,3832.0,112822
2021-05-11 09:49:25,3832.0,112822
2021-05-11 09:49:26,3832.0,112822
2021-05-11 09:49:27,3832.0,112822
2021-05-11 09:49:28,3832.0,112829
2021-05-11 09:49:29,3832.0,112829
2021-05-11 09:49:30,3832.0,112829
2021-05-11 09:49:32,3832.0,112829
2021-05-11 09:49:34,3832.4,112839
2021-05-11 09:49:35,3832.4,112839
2021-05-11 09:49:35,3832.4,112839
2021-05-11 09:49:36,3832.4,112839
2021-05-11 09:49:38,3832.4,112839
2021-05-11 09:49:39,3832.4,112839
2021-05-11 09:49:40,3832.4,112839
2021-05-11 09:49:41,3832.4,112839
2021-05-11 09:49:42,3832.4,112839
2021-05-11 09:49:42,3832.4,112839
2021-05-11 09:49:44,3832.4,112839
2021-05-11 09:49:44,3832.4,112839
2021-05-11 09:49:46,3832.1,113477
2021-05-11 09:49:47,3832.4,113486
2021-05-11 09:49:47,3832.4,113529
2021-05-11 09:49:50,3831.15,113611
2021-05-11 09:49:51,3832.45,113618
2021-05-11 09:49:52,3832.45,113618
2021-05-11 09:49:53,3832.45,113618
2021-05-11 09:49:54,3832.45,113618
2021-05-11 09:49:55,3832.45,113618
2021-05-11 09:49:56,3832.45,113627
2021-05-11 09:49:57,3832.45,113627
2021-05-11 09:49:57,3832.45,113627
2021-05-11 09:49:58,3832.45,113627
2021-05-11 09:50:00,3831.3,113631
2021-05-11 09:50:00,3831.3,113631
2021-05-11 09:50:03,3832.1,113651
2021-05-11 09:50:04,3832.1,113651
2021-05-11 09:50:04,3832.1,113651
2021-05-11 09:50:06,3832.1,113651
2021-05-11 09:50:07,3832.8,113676
2021-05-11 09:50:08,3832.8,113676
2021-05-11 09:50:09,3832.8,113676
2021-05-11 09:50:10,3832.8,113676
2021-05-11 09:50:11,3832.8,113676
2021-05-11 09:50:12,3832.8,113676
2021-05-11 09:50:13,3832.8,113676
2021-05-11 09:50:13,3832.8,113676
2021-05-11 09:50:15,3832.8,113677
2021-05-11 09:50:15,3832.8,113679
2021-05-11 09:50:17,3832.8,113680
2021-05-11 09:50:18,3832.8,113680
2021-05-11 09:50:20,3832.05,113691
2021-05-11 09:50:21,3832.8,113692
2021-05-11 09:50:23,3832.05,113697
2021-05-11 09:50:24,3832.8,113701
2021-05-11 09:50:25,3832.8,113701
2021-05-11 09:50:26,3832.8,113701
2021-05-11 09:50:26,3832.8,113704
2021-05-11 09:50:28,3832.05,113708
2021-05-11 09:50:30,3832.05,113708
2021-05-11 09:50:30,3832.05,113708
2021-05-11 09:50:31,3830.95,114349
2021-05-11 09:50:32,3830.5,114360
2021-05-11 09:50:33,3832.1,114390
2021-05-11 09:50:34,3832.05,114392
2021-05-11 09:50:36,3832.05,114393
2021-05-11 09:50:37,3832.0,114408
2021-05-11 09:50:38,3832.0,114408
2021-05-11 09:50:39,3832.0,114408
2021-05-11 09:50:40,3832.0,114408
2021-05-11 09:50:41,3832.0,114568
2021-05-11 09:50:41,3832.45,114582
2021-05-11 09:50:42,3832.45,114582
2021-05-11 09:50:43,3832.0,114584
2021-05-11 09:50:44,3832.0,114945
2021-05-11 09:50:46,3832.0,114945
2021-05-11 09:50:47,3832.0,114945
2021-05-11 09:50:48,3831.6,114995
2021-05-11 09:50:49,3832.45,115068
2021-05-11 09:50:50,3832.45,115068
2021-05-11 09:50:51,3832.45,115068
2021-05-11 09:50:52,3832.0,115085
2021-05-11 09:50:53,3832.4,115120
2021-05-11 09:50:55,3832.4,115120
2021-05-11 09:50:55,3832.4,115120
2021-05-11 09:50:56,3832.4,115120
2021-05-11 09:50:57,3832.4,115120
2021-05-11 09:50:59,3831.6,115123
2021-05-11 09:50:59,3831.6,115123
2021-05-11 09:51:01,3831.6,115123
2021-05-11 09:51:01,3831.6,115123
2021-05-11 09:51:03,3831.6,115123
2021-05-11 09:51:04,3831.6,115123
2021-05-11 09:51:05,3831.6,115123
2021-05-11 09:51:06,3831.6,115123
2021-05-11 09:51:07,3832.4,115124
2021-05-11 09:51:09,3832.4,115124
2021-05-11 09:51:10,3832.4,115124
2021-05-11 09:51:11,3832.4,115124
2021-05-11 09:51:12,3832.4,115124
2021-05-11 09:51:13,3832.4,115124
2021-05-11 09:51:14,3832.4,115124
2021-05-11 09:51:15,3832.0,115125
2021-05-11 09:51:16,3832.0,115125
2021-05-11 09:51:17,3832.0,115125
2021-05-11 09:51:18,3832.0,115147
2021-05-11 09:51:19,3832.0,115147
2021-05-11 09:51:20,3832.25,115157
2021-05-11 09:51:22,3832.25,115157
2021-05-11 09:51:21,3832.25,115157
2021-05-11 09:51:23,3832.25,115157
2021-05-11 09:51:24,3832.25,115157
2021-05-11 09:51:25,3832.0,115236
2021-05-11 09:51:26,3832.0,115236
2021-05-11 09:51:28,3832.45,115265
2021-05-11 09:51:30,3832.45,115265
2021-05-11 09:51:31,3832.45,115265
2021-05-11 09:51:32,3832.45,115265
2021-05-11 09:51:33,3833.0,115538
2021-05-11 09:51:34,3832.85,115557
2021-05-11 09:51:35,3832.85,115557
2021-05-11 09:51:36,3832.85,115557
2021-05-11 09:51:37,3832.85,115557
2021-05-11 09:51:38,3832.85,115557
2021-05-11 09:51:39,3832.85,115557
2021-05-11 09:51:40,3832.85,115557
2021-05-11 09:51:41,3833.0,115587
2021-05-11 09:51:42,3833.25,115624
2021-05-11 09:51:43,3834.4,115634
2021-05-11 09:51:44,3834.4,115634
2021-05-11 09:51:45,3834.4,115634
2021-05-11 09:51:46,3834.4,115634
2021-05-11 09:51:47,3834.4,115634
2021-05-11 09:51:49,3834.4,115634
2021-05-11 09:51:48,3834.4,115634
2021-05-11 09:51:50,3834.4,115634
2021-05-11 09:51:51,3832.8,115666
2021-05-11 09:51:52,3832.8,115666
2021-05-11 09:51:53,3832.7,115667
2021-05-11 09:51:54,3832.7,115667
2021-05-11 09:51:55,3832.7,115667
2021-05-11 09:51:56,3832.7,115667
2021-05-11 09:51:57,3832.7,115667
2021-05-11 09:51:58,3832.7,115667
2021-05-11 09:51:59,3832.7,115667
2021-05-11 09:52:00,3832.7,115667
2021-05-11 09:52:01,3832.7,115667
2021-05-11 09:52:02,3832.7,115667
2021-05-11 09:52:03,3832.7,115667
2021-05-11 09:52:04,3832.7,115667
2021-05-11 09:52:05,3832.7,115667
2021-05-11 09:52:06,3832.7,115667
2021-05-11 09:52:07,3832.7,115667
2021-05-11 09:52:08,3832.7,115667
2021-05-11 09:52:09,3832.7,115667
2021-05-11 09:52:10,3834.4,115688
2021-05-11 09:52:11,3834.4,115688
2021-05-11 09:52:12,3834.4,115688
2021-05-11 09:52:13,3834.4,115688
2021-05-11 09:52:14,3834.35,115696
2021-05-11 09:52:16,3834.35,115696
2021-05-11 09:52:17,3834.4,115728
2021-05-11 09:52:18,3833.05,115729
2021-05-11 09:52:19,3833.05,115729
2021-05-11 09:52:21,3833.05,115729
2021-05-11 09:52:22,3834.4,115731
2021-05-11 09:52:23,3834.4,115755
2021-05-11 09:52:27,3834.4,115760
2021-05-11 09:52:30,3834.5,115771
2021-05-11 09:52:33,3836.8,116060
2021-05-11 09:52:36,3834.8,116170
2021-05-11 09:52:40,3836.4,116184
2021-05-11 09:52:43,3836.3,116203
2021-05-11 09:52:46,3836.3,116206
2021-05-11 09:52:49,3836.3,116207
2021-05-11 09:52:52,3836.3,116207
2021-05-11 09:52:55,3834.8,116210
2021-05-11 09:52:58,3834.85,116212
2021-05-11 09:53:01,3836.2,116357
2021-05-11 09:53:04,3836.3,116363
2021-05-11 09:53:07,3836.35,116400
2021-05-11 09:53:11,3836.4,116452
2021-05-11 09:53:14,3836.75,116482
2021-05-11 09:53:17,3837.4,116507
2021-05-11 09:53:21,3837.55,116630
2021-05-11 09:53:24,3836.35,116887
2021-05-11 09:53:27,3837.55,116892
2021-05-11 09:53:33,3837.55,116918
2021-05-11 09:53:39,3836.35,116920
2021-05-11 09:53:43,3837.5,116925
2021-05-11 09:53:46,3835.9,116993
2021-05-11 09:53:49,3835.55,117007
2021-05-11 09:53:53,3834.55,117011
2021-05-11 09:53:56,3834.75,117064
2021-05-11 09:53:59,3834.75,117066
2021-05-11 09:54:03,3834.05,117127
2021-05-11 09:54:06,3833.25,117146
2021-05-11 09:54:12,3834.35,117158
2021-05-11 09:54:16,3834.75,117219
2021-05-11 09:54:19,3834.8,117275
2021-05-11 09:54:22,3835.0,117277
2021-05-11 09:54:25,3835.0,117277
2021-05-11 09:54:29,3838.05,117847
2021-05-11 09:54:32,3841.55,119836
2021-05-11 09:54:36,3840.7,119943
2021-05-11 09:54:39,3840.7,120052
2021-05-11 09:54:42,3840.7,120122
2021-05-11 09:54:45,3841.1,120135
2021-05-11 09:54:48,3841.55,120178
2021-05-11 09:54:51,3841.55,120183
2021-05-11 09:54:54,3841.1,120214
2021-05-11 09:54:57,3841.05,120243
2021-05-11 09:55:01,3841.0,120477
2021-05-11 09:55:05,3841.0,120534
2021-05-11 09:55:08,3841.65,120545
2021-05-11 09:55:11,3841.7,120876
2021-05-11 09:55:15,3841.65,120935
2021-05-11 09:55:19,3843.75,121596
2021-05-11 09:55:22,3842.0,121698
2021-05-11 09:55:25,3844.4,121773
2021-05-11 09:55:28,3844.0,121853
2021-05-11 09:55:31,3843.1,121928
2021-05-11 09:55:34,3844.5,121944
2021-05-11 09:55:37,3844.45,121947
2021-05-11 09:55:41,3843.6,123030
2021-05-11 09:55:44,3844.3,123172
2021-05-11 09:55:47,3842.7,123213
2021-05-11 09:55:50,3848.35,124227
2021-05-11 09:55:53,3848.75,124396
2021-05-11 09:55:56,3848.0,124423
2021-05-11 09:55:59,3848.35,125188
2021-05-11 09:56:02,3850.0,125192
2021-05-11 09:56:05,3849.9,125524
2021-05-11 09:56:09,3849.95,125612
2021-05-11 09:56:12,3848.0,125752
2021-05-11 09:56:15,3848.0,125779
2021-05-11 09:56:18,3849.95,125790
2021-05-11 09:56:21,3848.75,125805
2021-05-11 09:56:25,3849.15,126078
2021-05-11 09:56:28,3848.75,126145
2021-05-11 09:56:31,3848.75,126265
2021-05-11 09:56:34,3849.15,127080
2021-05-11 09:56:37,3848.35,127274
2021-05-11 09:56:41,3848.35,127318
2021-05-11 09:56:44,3849.0,127437
2021-05-11 09:56:47,3849.0,127610
2021-05-11 09:56:54,3849.0,127692
2021-05-11 09:56:57,3850.0,129074
2021-05-11 09:57:00,3850.0,129324
2021-05-11 09:57:04,3851.0,129345
2021-05-11 09:57:07,3851.0,129489
2021-05-11 09:57:10,3849.7,129496
2021-05-11 09:57:13,3851.0,129513
2021-05-11 09:57:17,3850.05,129578
2021-05-11 09:57:20,3851.95,130593
2021-05-11 09:57:23,3851.35,130955
2021-05-11 09:57:24,3853.5,130972
2021-05-11 09:57:25,3853.85,130998
2021-05-11 09:57:26,3851.95,131036
2021-05-11 09:57:28,3851.7,131070
2021-05-11 09:57:29,3851.3,131088
2021-05-11 09:57:30,3852.8,131103
2021-05-11 09:57:31,3853.15,131158
2021-05-11 09:57:32,3853.45,131167
2021-05-11 09:57:33,3852.0,131173
2021-05-11 09:57:34,3852.0,131173
2021-05-11 09:57:35,3853.75,131175
2021-05-11 09:57:36,3853.75,131175
2021-05-11 09:57:37,3851.95,131273
2021-05-11 09:57:37,3851.95,131272
2021-05-11 09:57:38,3851.95,131273
2021-05-11 09:57:39,3853.0,131297
2021-05-11 09:57:40,3853.0,131297
2021-05-11 09:57:41,3853.0,131297
2021-05-11 09:57:43,3851.95,131397
2021-05-11 09:57:44,3852.95,131417
2021-05-11 09:57:44,3852.95,131417
2021-05-11 09:57:45,3852.95,131418
2021-05-11 09:57:47,3852.95,131418
2021-05-11 09:57:48,3852.95,131423
2021-05-11 09:57:49,3852.95,131423
2021-05-11 09:57:49,3852.95,131423
2021-05-11 09:57:50,3852.95,131426
2021-05-11 09:57:51,3852.95,131447
2021-05-11 09:57:52,3852.95,131447
2021-05-11 09:57:53,3852.9,131473
2021-05-11 09:57:55,3852.9,131474
2021-05-11 09:57:56,3852.9,131480
2021-05-11 09:57:57,3852.9,131480
2021-05-11 09:57:58,3852.9,131480
2021-05-11 09:57:58,3852.85,131490
2021-05-11 09:57:59,3852.0,131597
2021-05-11 09:58:00,3852.0,131622
2021-05-11 09:58:01,3852.85,131636
2021-05-11 09:58:02,3852.85,131641
2021-05-11 09:58:03,3851.9,132539
2021-05-11 09:58:05,3852.0,132565
2021-05-11 09:58:06,3852.0,132587
2021-05-11 09:58:07,3852.85,132742
2021-05-11 09:58:08,3852.85,132765
2021-05-11 09:58:09,3852.0,132785
2021-05-11 09:58:10,3852.0,132786
2021-05-11 09:58:11,3852.0,132786
2021-05-11 09:58:12,3852.8,132836
2021-05-11 09:58:13,3852.8,132836
2021-05-11 09:58:14,3853.2,133331
2021-05-11 09:58:16,3853.45,133335
2021-05-11 09:58:15,3853.4,133332
2021-05-11 09:58:17,3853.8,133361
2021-05-11 09:58:18,3852.85,133389
2021-05-11 09:58:19,3854.15,133392
2021-05-11 09:58:20,3854.8,133406
2021-05-11 09:58:20,3854.8,133406
2021-05-11 09:58:22,3854.7,133407
2021-05-11 09:58:22,3854.7,133407
2021-05-11 09:58:24,3854.7,133565
2021-05-11 09:58:24,3854.7,133599
2021-05-11 09:58:25,3854.3,133610
2021-05-11 09:58:26,3853.85,134103
2021-05-11 09:58:27,3852.0,134141
2021-05-11 09:58:28,3854.2,134154
2021-05-11 09:58:29,3854.6,134197
2021-05-11 09:58:30,3854.6,134199
2021-05-11 09:58:32,3854.6,134199
2021-05-11 09:58:33,3854.6,134207
2021-05-11 09:58:34,3854.6,134207
2021-05-11 09:58:35,3854.6,134207
2021-05-11 09:58:37,3852.8,134209
2021-05-11 09:58:38,3852.8,134209
2021-05-11 09:58:39,3852.8,134209
2021-05-11 09:58:40,3852.8,134209
2021-05-11 09:58:43,3852.8,134209
2021-05-11 09:58:44,3852.8,134216
2021-05-11 09:58:45,3854.0,134241
2021-05-11 09:58:45,3854.0,134241
2021-05-11 09:58:46,3854.0,134247
2021-05-11 09:58:49,3854.0,134247
2021-05-11 09:58:48,3854.0,134247
2021-05-11 09:58:50,3852.0,134347
2021-05-11 09:58:51,3853.95,134358
2021-05-11 09:58:51,3853.95,134358
2021-05-11 09:58:53,3853.95,134358
2021-05-11 09:58:54,3852.8,134359
2021-05-11 09:58:55,3852.8,134359
2021-05-11 09:58:56,3852.8,134359
2021-05-11 09:58:57,3852.1,134360
2021-05-11 09:58:58,3852.1,134360
2021-05-11 09:58:59,3852.0,134587
2021-05-11 09:59:00,3851.7,134610
2021-05-11 09:59:01,3851.7,134610
2021-05-11 09:59:02,3851.7,134610
2021-05-11 09:59:02,3851.7,134610
2021-05-11 09:59:04,3852.0,134635
2021-05-11 09:59:04,3852.0,134635
2021-05-11 09:59:06,3852.0,134666
2021-05-11 09:59:09,3851.7,134667
2021-05-11 09:59:12,3851.7,134667
2021-05-11 09:59:13,3851.7,134667
2021-05-11 09:59:14,3851.7,134667
2021-05-11 09:59:15,3851.7,134667
2021-05-11 09:59:16,3851.7,134667
2021-05-11 09:59:16,3851.7,134667
2021-05-11 09:59:17,3851.7,134667
2021-05-11 09:59:18,3851.7,134667
2021-05-11 09:59:20,3851.7,134667
2021-05-11 09:59:21,3851.7,134667
2021-05-11 09:59:21,3851.7,134667
2021-05-11 09:59:23,3851.7,134667
2021-05-11 09:59:24,3851.7,134667
2021-05-11 09:59:25,3851.7,134670
2021-05-11 09:59:26,3851.7,134670
2021-05-11 09:59:27,3851.7,134670
2021-05-11 09:59:27,3851.7,134670
2021-05-11 09:59:28,3851.7,134670
2021-05-11 09:59:30,3851.7,134673
2021-05-11 09:59:30,3851.7,134673
2021-05-11 09:59:32,3851.7,134673
2021-05-11 09:59:33,3851.7,134673
2021-05-11 09:59:34,3851.7,134708
2021-05-11 09:59:35,3851.7,134708
2021-05-11 09:59:36,3851.7,134758
2021-05-11 09:59:37,3851.7,134758
2021-05-11 09:59:38,3851.7,134758
2021-05-11 09:59:39,3850.0,134878
2021-05-11 09:59:40,3851.9,134892
2021-05-11 09:59:41,3850.05,134893
2021-05-11 09:59:41,3850.05,134893
2021-05-11 09:59:43,3850.05,134893
2021-05-11 09:59:43,3850.05,134893
2021-05-11 09:59:44,3850.05,134893
2021-05-11 09:59:45,3850.05,134893
2021-05-11 09:59:47,3851.85,134943
2021-05-11 09:59:48,3851.85,134950
2021-05-11 09:59:49,3851.85,134957
2021-05-11 09:59:50,3850.0,134973
2021-05-11 09:59:51,3851.85,134974
2021-05-11 09:59:52,3850.0,135075
2021-05-11 09:59:53,3851.85,135081
2021-05-11 09:59:54,3850.0,135083
2021-05-11 09:59:55,3850.0,135083
2021-05-11 09:59:56,3850.0,135083
2021-05-11 09:59:58,3850.0,135083
2021-05-11 09:59:59,3850.0,135083
2021-05-11 10:00:00,3851.85,135084
2021-05-11 10:00:01,3851.85,135084
2021-05-11 10:00:02,3851.85,135084
2021-05-11 10:00:03,3850.0,135094
2021-05-11 10:00:04,3850.0,135094
2021-05-11 10:00:05,3850.0,135125
2021-05-11 10:00:06,3850.0,135126
2021-05-11 10:00:07,3850.0,135126
2021-05-11 10:00:08,3850.0,135126
2021-05-11 10:00:09,3850.0,135126
2021-05-11 10:00:10,3850.0,135126
2021-05-11 10:00:11,3850.0,135126
2021-05-11 10:00:12,3850.0,135127
2021-05-11 10:00:13,3850.0,135127
2021-05-11 10:00:14,3851.6,135129
2021-05-11 10:00:15,3851.6,135129
2021-05-11 10:00:16,3851.6,135129
2021-05-11 10:00:17,3851.55,135130
2021-05-11 10:00:18,3851.55,135130
2021-05-11 10:00:19,3850.0,135132
2021-05-11 10:00:20,3851.55,135216
2021-05-11 10:00:21,3851.55,135216
2021-05-11 10:00:21,3851.55,135216
2021-05-11 10:00:22,3851.55,135216
2021-05-11 10:00:23,3851.55,135216
2021-05-11 10:00:25,3851.55,135216
2021-05-11 10:00:25,3851.5,135222
2021-05-11 10:00:26,3850.0,135272
2021-05-11 10:00:28,3850.0,135277
2021-05-11 10:00:29,3850.0,135277
2021-05-11 10:00:30,3850.0,135277
2021-05-11 10:00:31,3850.0,135277
2021-05-11 10:00:32,3850.0,135287
2021-05-11 10:00:33,3850.0,135288
2021-05-11 10:00:34,3850.0,135288
2021-05-11 10:00:35,3851.4,135294
2021-05-11 10:00:36,3851.4,135304
2021-05-11 10:00:37,3851.4,135304
2021-05-11 10:00:38,3851.4,135304
2021-05-11 10:00:39,3850.0,135327
2021-05-11 10:00:40,3850.0,135327
2021-05-11 10:00:41,3850.0,135347
2021-05-11 10:00:42,3850.0,135347
2021-05-11 10:00:43,3850.0,135347
2021-05-11 10:00:44,3849.2,135548
2021-05-11 10:00:45,3851.0,135562
2021-05-11 10:00:46,3851.0,135562
2021-05-11 10:00:46,3851.0,135562
2021-05-11 10:00:48,3850.0,135572
2021-05-11 10:00:49,3850.0,135572
2021-05-11 10:00:50,3850.0,135572
2021-05-11 10:00:51,3850.0,135572
2021-05-11 10:00:51,3850.0,135572
2021-05-11 10:00:52,3850.0,135622
2021-05-11 10:00:53,3851.0,135732
2021-05-11 10:00:54,3850.0,135768
2021-05-11 10:00:55,3850.0,135793
2021-05-11 10:00:56,3850.0,135793
2021-05-11 10:00:57,3851.4,136166
2021-05-11 10:00:58,3851.4,136206
2021-05-11 10:01:00,3851.4,136210
2021-05-11 10:01:00,3851.4,136211
2021-05-11 10:01:02,3851.4,136211
2021-05-11 10:01:03,3851.4,136211
2021-05-11 10:01:04,3851.4,136211
2021-05-11 10:01:05,3850.05,136216
2021-05-11 10:01:06,3850.05,136216
2021-05-11 10:01:06,3850.05,136216
2021-05-11 10:01:08,3850.05,136216
2021-05-11 10:01:08,3850.05,136216
2021-05-11 10:01:10,3851.0,136226
2021-05-11 10:01:11,3850.0,136411
2021-05-11 10:01:12,3849.6,136435
2021-05-11 10:01:13,3849.6,136435
2021-05-11 10:01:14,3850.0,136436
2021-05-11 10:01:15,3850.0,136436
2021-05-11 10:01:16,3850.0,136436
2021-05-11 10:01:17,3850.0,136436
2021-05-11 10:01:18,3850.0,136436
2021-05-11 10:01:19,3850.0,136436
2021-05-11 10:01:20,3850.0,136436
2021-05-11 10:01:21,3850.0,136436
2021-05-11 10:01:22,3850.0,136436
2021-05-11 10:01:23,3850.0,136436
2021-05-11 10:01:24,3850.0,136436
2021-05-11 10:01:25,3850.0,136446
2021-05-11 10:01:26,3850.0,136447
2021-05-11 10:01:27,3850.0,136447
2021-05-11 10:01:28,3850.0,137033
2021-05-11 10:01:29,3850.0,137090
2021-05-11 10:01:30,3850.0,137101
2021-05-11 10:01:31,3850.0,137103
2021-05-11 10:01:32,3849.9,137378
2021-05-11 10:01:33,3849.7,137386
2021-05-11 10:01:34,3849.8,137414
2021-05-11 10:01:35,3849.8,137414
2021-05-11 10:01:36,3849.8,137414
2021-05-11 10:01:37,3849.8,137414
2021-05-11 10:01:38,3849.8,137414
2021-05-11 10:01:39,3849.8,137414
2021-05-11 10:01:41,3849.8,137414
2021-05-11 10:01:42,3849.8,137432
2021-05-11 10:01:43,3849.8,137432
2021-05-11 10:01:44,3849.8,137432
2021-05-11 10:01:45,3849.8,137432
2021-05-11 10:01:46,3849.8,137432
2021-05-11 10:01:47,3848.0,137493
2021-05-11 10:01:48,3849.75,137499
2021-05-11 10:01:49,3847.6,137559
2021-05-11 10:01:50,3849.7,137564
2021-05-11 10:01:51,3849.7,137564
2021-05-11 10:01:52,3849.7,137564
2021-05-11 10:01:53,3847.65,137572
2021-05-11 10:01:54,3849.45,137573
2021-05-11 10:01:55,3849.45,137573
2021-05-11 10:01:56,3849.45,137573
2021-05-11 10:01:57,3849.45,137573
2021-05-11 10:01:58,3848.0,137595
2021-05-11 10:01:59,3849.45,137614
2021-05-11 10:02:00,3849.45,137614
2021-05-11 10:02:01,3848.0,137622
2021-05-11 10:02:02,3848.0,137622
2021-05-11 10:02:03,3847.6,137624
2021-05-11 10:02:04,3847.2,137651
2021-05-11 10:02:05,3847.95,137653
2021-05-11 10:02:06,3847.95,137709
2021-05-11 10:02:07,3847.95,137710
2021-05-11 10:02:09,3847.95,137710
2021-05-11 10:02:10,3846.35,137803
2021-05-11 10:02:11,3845.0,137877
2021-05-11 10:02:12,3846.4,137883
2021-05-11 10:02:13,3846.4,137887
2021-05-11 10:02:14,3846.4,137887
2021-05-11 10:02:15,3845.0,137902
2021-05-11 10:02:17,3846.45,137904
2021-05-11 10:02:18,3846.45,137904
2021-05-11 10:02:19,3846.45,137904
2021-05-11 10:02:20,3846.4,137933
2021-05-11 10:02:21,3846.45,138043
2021-05-11 10:02:22,3845.0,138065
2021-05-11 10:02:23,3845.0,138065
2021-05-11 10:02:28,3846.0,138076
2021-05-11 10:02:31,3845.6,138338
2021-05-11 10:02:35,3845.55,138357
2021-05-11 10:02:38,3845.6,138402
2021-05-11 10:02:41,3844.7,138524
2021-05-11 10:02:44,3845.0,138542
2021-05-11 10:02:47,3845.0,138564
2021-05-11 10:02:51,3844.7,138567
2021-05-11 10:02:54,3844.4,138577
2021-05-11 10:02:57,3844.4,138578
2021-05-11 10:03:00,3843.95,138635
2021-05-11 10:03:03,3843.9,138683
2021-05-11 10:03:06,3843.95,138698
2021-05-11 10:03:08,3843.0,138699
2021-05-11 10:03:11,3843.95,138756
2021-05-11 10:03:17,3843.0,138810
2021-05-11 10:03:20,3843.0,138814
2021-05-11 10:03:23,3843.0,138814
2021-05-11 10:03:25,3843.0,138814
2021-05-11 10:03:28,3843.0,138902
2021-05-11 10:03:31,3843.0,139024
2021-05-11 10:03:34,3843.0,139025
2021-05-11 10:03:37,3843.0,139129
2021-05-11 10:03:40,3842.0,139156
2021-05-11 10:03:43,3842.95,139157
2021-05-11 10:03:46,3843.0,139186
2021-05-11 10:03:49,3843.0,139186
2021-05-11 10:03:51,3843.0,139186
2021-05-11 10:03:54,3843.0,139186
2021-05-11 10:03:57,3843.0,139186
2021-05-11 10:04:00,3843.0,139236
2021-05-11 10:04:04,3843.0,139277
2021-05-11 10:04:08,3842.5,139457
2021-05-11 10:04:11,3842.45,139476
2021-05-11 10:04:15,3842.45,139476
2021-05-11 10:04:18,3842.45,139698
2021-05-11 10:04:21,3840.75,139757
2021-05-11 10:04:25,3840.65,139810
2021-05-11 10:04:28,3842.15,139815
2021-05-11 10:04:31,3842.15,139819
2021-05-11 10:04:34,3842.15,139819
2021-05-11 10:04:37,3845.0,141151
2021-05-11 10:04:40,3846.0,141263
2021-05-11 10:04:43,3846.0,141309
2021-05-11 10:04:46,3847.2,141323
2021-05-11 10:04:49,3846.0,141407
2021-05-11 10:04:52,3846.05,141412
2021-05-11 10:04:55,3846.05,141412
2021-05-11 10:04:58,3845.95,141414
2021-05-11 10:05:01,3846.9,141471
2021-05-11 10:05:04,3846.9,141504
2021-05-11 10:05:07,3846.0,141509
2021-05-11 10:05:09,3846.9,141511
2021-05-11 10:05:12,3846.9,141511
2021-05-11 10:05:15,3846.45,141543
2021-05-11 10:05:18,3846.0,141649
2021-05-11 10:05:21,3846.85,141849
2021-05-11 10:05:24,3849.45,141940
2021-05-11 10:05:27,3849.95,141946
2021-05-11 10:05:30,3848.45,141947
2021-05-11 10:05:33,3849.9,141992
2021-05-11 10:05:36,3849.9,141993
2021-05-11 10:05:39,3849.9,141996
2021-05-11 10:05:42,3849.9,141996
2021-05-11 10:05:45,3849.9,142051
2021-05-11 10:05:48,3849.9,142117
2021-05-11 10:05:51,3850.0,142436
2021-05-11 10:05:54,3850.0,142473
2021-05-11 10:05:58,3850.0,142615
2021-05-11 10:06:01,3850.0,142662
2021-05-11 10:06:04,3850.0,142664
2021-05-11 10:06:07,3850.0,142674
2021-05-11 10:06:10,3850.0,142731
2021-05-11 10:06:13,3849.1,142735
2021-05-11 10:06:16,3850.4,144475
2021-05-11 10:06:19,3849.7,144494
2021-05-11 10:06:22,3850.0,144497
2021-05-11 10:06:24,3852.0,144575
2021-05-11 10:06:27,3851.9,144675
2021-05-11 10:06:30,3851.0,144705
2021-05-11 10:06:33,3851.9,144706
2021-05-11 10:06:36,3851.9,144732
2021-05-11 10:06:39,3851.9,144732
2021-05-11 10:06:42,3851.9,144758
2021-05-11 10:06:45,3851.9,144772
2021-05-11 10:06:47,3851.9,144794
2021-05-11 10:06:50,3851.9,144820
2021-05-11 10:06:53,3851.9,144835
2021-05-11 10:06:56,3851.9,144835
2021-05-11 10:06:59,3852.0,144873
2021-05-11 10:07:02,3851.9,144905
2021-05-11 10:07:05,3852.0,144918
2021-05-11 10:07:08,3852.7,145039
2021-05-11 10:07:11,3852.7,145039
2021-05-11 10:07:14,3852.7,145078
2021-05-11 10:07:17,3852.7,145078
2021-05-11 10:07:20,3852.7,145109
2021-05-11 10:07:23,3851.4,145120
2021-05-11 10:07:26,3852.7,145158
2021-05-11 10:07:29,3852.7,145163
2021-05-11 10:07:32,3852.95,145535
2021-05-11 10:07:35,3852.95,145632
2021-05-11 10:07:38,3852.0,145758
2021-05-11 10:07:41,3853.35,145798
2021-05-11 10:07:44,3854.0,145929
2021-05-11 10:07:46,3854.0,145946
2021-05-11 10:07:50,3853.8,146059
2021-05-11 10:07:53,3854.0,146060
2021-05-11 10:07:56,3854.4,146211
2021-05-11 10:07:59,3854.4,146296
2021-05-11 10:08:01,3853.8,146344
2021-05-11 10:08:08,3853.7,146408
2021-05-11 10:08:11,3853.7,146437
2021-05-11 10:08:14,3853.8,146637
2021-05-11 10:08:20,3854.1,146669
2021-05-11 10:08:22,3854.1,146669
2021-05-11 10:08:25,3854.0,146675
2021-05-11 10:08:28,3854.0,146679
2021-05-11 10:08:31,3854.0,146698
2021-05-11 10:08:34,3854.0,146745
2021-05-11 10:08:37,3853.0,146934
2021-05-11 10:08:39,3851.4,147036
2021-05-11 10:08:42,3853.0,147047
2021-05-11 10:08:45,3853.0,147047
2021-05-11 10:08:48,3853.0,147047
2021-05-11 10:08:51,3852.9,147056
2021-05-11 10:08:54,3851.4,147057
2021-05-11 10:08:57,3850.25,147222
2021-05-11 10:09:00,3851.6,147243
2021-05-11 10:09:03,3850.0,147245
2021-05-11 10:09:06,3851.55,147257
2021-05-11 10:09:09,3850.0,147374
2021-05-11 10:09:11,3850.0,147375
2021-05-11 10:09:14,3848.85,147884
2021-05-11 10:09:17,3849.75,147939
2021-05-11 10:09:20,3849.75,147962
2021-05-11 10:09:23,3849.75,147991
2021-05-11 10:09:26,3849.75,147997
2021-05-11 10:09:29,3849.75,147997
2021-05-11 10:09:32,3849.7,148010
2021-05-11 10:09:34,3848.5,148049
2021-05-11 10:09:37,3849.7,148053
2021-05-11 10:09:40,3849.65,148071
2021-05-11 10:09:42,3848.5,148095
2021-05-11 10:09:45,3849.55,148097
2021-05-11 10:09:48,3849.5,148105
2021-05-11 10:09:50,3849.0,148110
2021-05-11 10:09:54,3848.5,148124
2021-05-11 10:09:56,3848.95,148126
2021-05-11 10:09:59,3848.95,148133
2021-05-11 10:10:02,3848.5,148154
2021-05-11 10:10:05,3848.95,148156
2021-05-11 10:10:08,3848.95,148161
2021-05-11 10:10:11,3848.95,148162
2021-05-11 10:10:14,3848.95,148162
2021-05-11 10:10:17,3848.95,148217
2021-05-11 10:10:20,3848.95,148217
2021-05-11 10:10:23,3848.95,148239
2021-05-11 10:10:26,3848.95,148538
2021-05-11 10:10:30,3849.0,148575
2021-05-11 10:10:33,3849.0,148685
2021-05-11 10:10:36,3848.0,148707
2021-05-11 10:10:39,3848.0,148762
2021-05-11 10:10:42,3849.0,148765
2021-05-11 10:10:45,3848.0,148775
2021-05-11 10:10:48,3849.0,148776
2021-05-11 10:10:50,3849.0,148776
2021-05-11 10:10:53,3849.0,148777
2021-05-11 10:10:56,3849.0,148780
2021-05-11 10:10:58,3848.0,148783
2021-05-11 10:11:01,3848.0,148783
2021-05-11 10:11:04,3848.0,148807
2021-05-11 10:11:07,3849.0,148814
2021-05-11 10:11:10,3848.0,148819
2021-05-11 10:11:13,3849.0,148831
2021-05-11 10:11:15,3849.0,148833
2021-05-11 10:11:18,3848.0,148862
2021-05-11 10:11:20,3849.0,148881
2021-05-11 10:11:23,3849.0,148882
2021-05-11 10:11:29,3849.0,148882
2021-05-11 10:11:32,3849.0,148882
2021-05-11 10:11:35,3849.0,148882
2021-05-11 10:11:38,3848.0,148883
2021-05-11 10:11:40,3848.9,148910
2021-05-11 10:11:43,3848.9,148910
2021-05-11 10:11:46,3848.9,148910
2021-05-11 10:11:49,3848.0,148964
2021-05-11 10:11:52,3848.9,148969
2021-05-11 10:11:55,3848.9,149011
2021-05-11 10:11:58,3848.9,149027
2021-05-11 10:12:01,3848.9,149027
2021-05-11 10:12:04,3848.1,149052
2021-05-11 10:12:06,3848.9,149072
2021-05-11 10:12:10,3848.9,149076
2021-05-11 10:12:12,3848.9,149076
2021-05-11 10:12:15,3848.9,149076
2021-05-11 10:12:17,3848.0,149104
2021-05-11 10:12:23,3848.9,149109
2021-05-11 10:12:26,3848.9,149109
2021-05-11 10:12:28,3848.9,149109
2021-05-11 10:12:32,3848.9,149109
2021-05-11 10:12:34,3848.9,149109
2021-05-11 10:12:37,3848.9,149109
2021-05-11 10:12:40,3848.85,149184
2021-05-11 10:12:42,3848.85,149185
2021-05-11 10:12:45,3848.85,149185
2021-05-11 10:12:48,3848.85,149185
2021-05-11 10:12:51,3848.85,149185
2021-05-11 10:12:56,3848.1,149207
2021-05-11 10:12:59,3848.85,149246
2021-05-11 10:13:02,3848.85,149298
2021-05-11 10:13:04,3848.85,149323
2021-05-11 10:13:07,3848.0,149363
2021-05-11 10:13:10,3848.95,149400
2021-05-11 10:13:13,3849.0,149427
2021-05-11 10:13:15,3849.0,149436
2021-05-11 10:13:18,3848.05,149476
2021-05-11 10:13:21,3849.05,149492
2021-05-11 10:13:24,3849.55,149698
2021-05-11 10:13:26,3848.75,149758
2021-05-11 10:13:29,3848.75,149758
2021-05-11 10:13:32,3851.0,149791
2021-05-11 10:13:34,3851.0,149791
2021-05-11 10:13:37,3851.0,149791
2021-05-11 10:13:39,3851.0,149800
2021-05-11 10:13:42,3851.9,149902
2021-05-11 10:13:45,3851.9,149902
2021-05-11 10:13:47,3851.0,149956
2021-05-11 10:13:50,3851.0,149957
2021-05-11 10:13:52,3851.4,149988
2021-05-11 10:13:55,3851.0,149989
2021-05-11 10:13:58,3851.4,150001
2021-05-11 10:14:01,3851.4,150001
2021-05-11 10:14:03,3851.4,150001
2021-05-11 10:14:06,3851.4,150003
2021-05-11 10:14:08,3851.4,150003
2021-05-11 10:14:11,3851.4,150003
2021-05-11 10:14:14,3851.4,150004
2021-05-11 10:14:17,3850.25,150005
2021-05-11 10:14:20,3850.25,150034
2021-05-11 10:14:23,3850.25,150045
2021-05-11 10:14:27,3851.0,150057
2021-05-11 10:14:30,3851.0,150061
2021-05-11 10:14:33,3851.0,150061
2021-05-11 10:14:36,3851.4,150134
2021-05-11 10:14:39,3851.0,150192
2021-05-11 10:14:42,3852.0,150241
2021-05-11 10:14:46,3851.8,150299
2021-05-11 10:14:48,3852.8,150300
2021-05-11 10:14:51,3852.8,150300
2021-05-11 10:14:54,3852.8,150300
2021-05-11 10:14:57,3853.0,150304
2021-05-11 10:15:00,3853.0,150305
2021-05-11 10:15:02,3853.0,150315
2021-05-11 10:15:06,3853.0,150315
2021-05-11 10:15:09,3852.35,150467
2021-05-11 10:15:12,3853.0,150523
2021-05-11 10:15:15,3854.0,150789
2021-05-11 10:15:18,3852.15,151011
2021-05-11 10:15:20,3854.0,151078
2021-05-11 10:15:23,3852.0,151131
2021-05-11 10:15:26,3853.5,151138
2021-05-11 10:15:29,3853.5,151138
2021-05-11 10:15:32,3852.6,151290
2021-05-11 10:15:35,3850.0,151815
2021-05-11 10:15:37,3850.0,151859
2021-05-11 10:15:40,3850.0,151860
2021-05-11 10:15:43,3850.0,151860
2021-05-11 10:15:46,3851.05,151876
2021-05-11 10:15:49,3850.0,151907
2021-05-11 10:15:51,3850.0,151907
2021-05-11 10:15:55,3850.0,151907
2021-05-11 10:15:58,3850.4,151914
2021-05-11 10:16:01,3851.05,151931
2021-05-11 10:16:04,3851.05,151931
2021-05-11 10:16:08,3850.4,151935
2021-05-11 10:16:11,3850.4,151943
2021-05-11 10:16:14,3851.0,151963
2021-05-11 10:16:17,3851.0,151964
2021-05-11 10:16:19,3851.0,151967
2021-05-11 10:16:22,3850.4,152043
2021-05-11 10:16:25,3849.0,152146
2021-05-11 10:16:28,3850.0,152183
2021-05-11 10:16:32,3850.0,152184
2021-05-11 10:16:35,3849.95,152192
2021-05-11 10:16:38,3849.95,152209
2021-05-11 10:16:40,3849.95,152210
2021-05-11 10:16:43,3849.0,152216
2021-05-11 10:16:46,3849.9,152220
2021-05-11 10:16:49,3849.8,152226
2021-05-11 10:16:52,3849.8,152227
2021-05-11 10:16:55,3849.0,152228
2021-05-11 10:16:57,3849.0,152228
2021-05-11 10:17:00,3849.0,152228
2021-05-11 10:17:03,3849.75,152230
2021-05-11 10:17:06,3849.0,152263
2021-05-11 10:17:09,3849.0,152273
2021-05-11 10:17:12,3849.35,152274
2021-05-11 10:17:15,3849.35,152274
2021-05-11 10:17:18,3849.3,152277
2021-05-11 10:17:20,3849.3,152312
2021-05-11 10:17:23,3849.3,152316
2021-05-11 10:17:26,3849.3,152344
2021-05-11 10:17:29,3848.6,152388
2021-05-11 10:17:32,3849.3,152398
2021-05-11 10:17:35,3849.3,152398
2021-05-11 10:17:38,3849.3,152398
2021-05-11 10:17:40,3849.3,152398
2021-05-11 10:17:43,3849.3,152398
2021-05-11 10:17:47,3849.2,152402
2021-05-11 10:17:50,3849.0,152439
2021-05-11 10:17:53,3849.0,152446
2021-05-11 10:17:56,3849.2,152471
2021-05-11 10:17:59,3849.2,152477
2021-05-11 10:18:03,3849.75,152663
2021-05-11 10:18:09,3849.0,152688
2021-05-11 10:18:12,3849.0,152688
2021-05-11 10:18:15,3849.6,152695
2021-05-11 10:18:17,3849.6,153288
2021-05-11 10:18:20,3850.8,153392
2021-05-11 10:18:23,3850.0,153442
2021-05-11 10:18:26,3850.0,153481
2021-05-11 10:18:29,3850.8,153771
2021-05-11 10:18:31,3850.8,153841
2021-05-11 10:18:34,3853.2,153865
2021-05-11 10:18:41,3853.7,153892
2021-05-11 10:18:43,3853.7,153892
2021-05-11 10:18:46,3853.55,153899
2021-05-11 10:18:49,3853.55,153899
2021-05-11 10:18:52,3853.55,153899
2021-05-11 10:18:54,3853.15,153900
2021-05-11 10:18:57,3853.15,153900
2021-05-11 10:18:59,3853.15,153900
2021-05-11 10:19:02,3850.8,153911
2021-05-11 10:19:05,3850.8,153911
2021-05-11 10:19:08,3853.0,153919
2021-05-11 10:19:11,3853.0,153921
2021-05-11 10:19:14,3850.9,153931
2021-05-11 10:19:16,3850.9,153931
2021-05-11 10:19:19,3850.9,153981
2021-05-11 10:19:22,3852.9,153989
2021-05-11 10:19:24,3850.8,154014
2021-05-11 10:19:27,3852.9,154029
2021-05-11 10:19:30,3852.9,154031
2021-05-11 10:19:33,3852.0,154047
2021-05-11 10:19:36,3852.9,154054
2021-05-11 10:19:39,3851.9,154056
2021-05-11 10:19:42,3851.9,154058
2021-05-11 10:19:45,3852.3,154073
2021-05-11 10:19:48,3851.5,154078
2021-05-11 10:19:51,3851.95,154080
2021-05-11 10:19:54,3851.5,154136
2021-05-11 10:19:56,3851.5,154140
2021-05-11 10:19:59,3852.0,154141
2021-05-11 10:20:02,3852.3,154214
2021-05-11 10:20:05,3852.3,154226
2021-05-11 10:20:08,3851.5,154276
2021-05-11 10:20:10,3852.7,154295
2021-05-11 10:20:17,3851.8,154299
2021-05-11 10:20:20,3852.3,154334
2021-05-11 10:20:24,3852.7,154339
2021-05-11 10:20:27,3852.7,154339
2021-05-11 10:20:30,3852.5,154341
2021-05-11 10:20:33,3852.3,154343
2021-05-11 10:20:36,3852.3,154343
2021-05-11 10:20:39,3852.3,154343
2021-05-11 10:20:42,3852.3,154343
2021-05-11 10:20:45,3852.3,154348
2021-05-11 10:20:48,3850.0,154623
2021-05-11 10:20:51,3852.1,154646
2021-05-11 10:20:53,3850.05,154648
2021-05-11 10:20:56,3850.75,154656
2021-05-11 10:20:59,3850.0,154684
2021-05-11 10:21:05,3850.25,154690
2021-05-11 10:21:08,3850.25,154690
2021-05-11 10:21:11,3850.2,154695
2021-05-11 10:21:14,3848.05,154728
2021-05-11 10:21:16,3849.6,154737
2021-05-11 10:21:19,3850.0,154738
2021-05-11 10:21:22,3850.0,154738
2021-05-11 10:21:25,3848.45,154739
2021-05-11 10:21:28,3849.95,154797
2021-05-11 10:21:31,3850.0,154800
2021-05-11 10:21:38,3849.75,154823
2021-05-11 10:21:41,3849.75,154824
2021-05-11 10:21:43,3849.75,154825
2021-05-11 10:21:46,3849.7,154853
2021-05-11 10:21:49,3848.0,155321
2021-05-11 10:21:52,3848.7,155448
2021-05-11 10:21:54,3848.7,155494
2021-05-11 10:21:57,3846.15,155714
2021-05-11 10:22:00,3848.85,155986
2021-05-11 10:22:03,3849.4,156268
2021-05-11 10:22:06,3848.1,156343
2021-05-11 10:22:09,3848.0,156388
2021-05-11 10:22:14,3848.85,156390
2021-05-11 10:22:17,3848.85,156390
2021-05-11 10:22:19,3848.1,156429
2021-05-11 10:22:22,3848.85,156439
2021-05-11 10:22:25,3848.85,156439
2021-05-11 10:22:28,3848.45,156440
2021-05-11 10:22:30,3848.85,156441
2021-05-11 10:22:33,3848.85,156442
2021-05-11 10:22:36,3848.85,156447
2021-05-11 10:22:39,3848.85,156465
2021-05-11 10:22:42,3849.0,156499
2021-05-11 10:22:45,3850.0,156569
2021-05-11 10:22:48,3851.0,156933
2021-05-11 10:22:51,3851.0,156975
2021-05-11 10:22:53,3851.0,156975
2021-05-11 10:22:56,3851.0,156975
2021-05-11 10:22:59,3850.8,156976
2021-05-11 10:23:01,3850.8,156982
2021-05-11 10:23:04,3850.4,158011
2021-05-11 10:23:09,3852.0,158031
2021-05-11 10:23:12,3852.8,158100
2021-05-11 10:23:15,3852.4,158128
2021-05-11 10:23:17,3852.8,158146
2021-05-11 10:23:19,3852.8,158146
2021-05-11 10:23:22,3851.95,158161
2021-05-11 10:23:24,3852.7,158169
2021-05-11 10:23:27,3852.65,158200
2021-05-11 10:23:30,3852.35,158205
2021-05-11 10:23:32,3850.5,158207
2021-05-11 10:23:35,3850.0,158443
2021-05-11 10:23:38,3850.0,158457
2021-05-11 10:23:41,3851.9,158515
2021-05-11 10:23:44,3851.9,158525
2021-05-11 10:23:47,3850.0,158527
2021-05-11 10:23:50,3851.75,158537
2021-05-11 10:23:53,3850.0,158538
2021-05-11 10:23:55,3850.0,158538
2021-05-11 10:23:58,3850.0,158538
2021-05-11 10:24:01,3850.0,158538
2021-05-11 10:24:04,3851.0,158540
2021-05-11 10:24:07,3850.0,158561
2021-05-11 10:24:10,3850.0,158571
2021-05-11 10:24:15,3850.0,158572
2021-05-11 10:24:18,3849.85,159037
2021-05-11 10:24:21,3849.85,159264
2021-05-11 10:24:25,3848.0,159349
2021-05-11 10:24:29,3847.5,159368
2021-05-11 10:24:33,3847.95,159371
2021-05-11 10:24:36,3848.0,159601
2021-05-11 10:24:39,3848.35,159652
2021-05-11 10:24:42,3848.3,159716
2021-05-11 10:24:45,3848.3,159788
2021-05-11 10:24:48,3848.6,159802
2021-05-11 10:24:51,3848.75,159803
2021-05-11 10:24:55,3848.3,159804
2021-05-11 10:24:58,3848.75,159854
2021-05-11 10:25:01,3848.75,159871
2021-05-11 10:25:04,3848.75,159877
2021-05-11 10:25:07,3848.75,159880
2021-05-11 10:25:10,3848.75,159926
2021-05-11 10:25:13,3848.75,159930
2021-05-11 10:25:16,3848.75,159930
2021-05-11 10:25:19,3848.75,159930
2021-05-11 10:25:22,3849.55,159988
2021-05-11 10:25:25,3849.55,159999
2021-05-11 10:25:29,3849.55,160001
2021-05-11 10:25:33,3849.55,160001
2021-05-11 10:25:36,3849.55,160001
2021-05-11 10:25:39,3849.55,160001
2021-05-11 10:25:42,3849.55,160026
2021-05-11 10:25:45,3849.55,160038
2021-05-11 10:25:47,3849.55,160038
2021-05-11 10:25:50,3849.55,160038
2021-05-11 10:25:53,3849.55,160038
2021-05-11 10:25:56,3849.55,160044
2021-05-11 10:25:59,3848.5,160045
2021-05-11 10:26:05,3848.0,160355
2021-05-11 10:26:11,3847.0,160357
2021-05-11 10:26:14,3848.0,160379
2021-05-11 10:26:17,3848.0,160554
2021-05-11 10:26:20,3848.0,160588
2021-05-11 10:26:23,3848.0,160589
2021-05-11 10:26:26,3848.0,160612
2021-05-11 10:26:29,3848.0,160625
2021-05-11 10:26:31,3847.35,160626
2021-05-11 10:26:34,3847.35,160652
2021-05-11 10:26:37,3847.35,160696
2021-05-11 10:26:39,3847.35,160697
2021-05-11 10:26:42,3847.3,160699
2021-05-11 10:26:45,3847.3,160699
2021-05-11 10:26:47,3847.3,160718
2021-05-11 10:26:50,3847.3,161009
2021-05-11 10:26:52,3849.0,161033
2021-05-11 10:26:55,3847.0,161058
2021-05-11 10:26:57,3848.75,161070
2021-05-11 10:27:01,3846.55,161114
2021-05-11 10:27:04,3848.4,161122
2021-05-11 10:27:07,3848.35,161142
2021-05-11 10:27:10,3848.35,161152
2021-05-11 10:27:13,3848.35,161152
2021-05-11 10:27:15,3848.35,161152
2021-05-11 10:27:21,3848.25,161177
2021-05-11 10:27:24,3846.6,161249
2021-05-11 10:27:25,3848.3,161260
2021-05-11 10:27:26,3847.0,161273
2021-05-11 10:27:27,3847.0,161273
2021-05-11 10:27:28,3846.9,161277
2021-05-11 10:27:29,3846.55,161279
2021-05-11 10:27:30,3846.55,161279
2021-05-11 10:27:31,3847.0,161300
2021-05-11 10:27:32,3847.0,161300
2021-05-11 10:27:33,3847.0,161301
2021-05-11 10:27:34,3847.0,161301
2021-05-11 10:27:35,3847.0,161301
2021-05-11 10:27:36,3847.0,161301
2021-05-11 10:27:37,3847.0,161301
2021-05-11 10:27:38,3847.0,161319
2021-05-11 10:27:39,3847.0,161319
2021-05-11 10:27:40,3847.0,161319
2021-05-11 10:27:41,3847.0,161321
2021-05-11 10:27:42,3847.0,161321
2021-05-11 10:27:43,3847.0,161321
2021-05-11 10:27:44,3847.0,161321
2021-05-11 10:27:45,3847.0,161321
2021-05-11 10:27:47,3847.0,161321
2021-05-11 10:27:48,3847.0,161321
2021-05-11 10:27:49,3847.0,161321
2021-05-11 10:27:50,3847.0,161321
2021-05-11 10:27:51,3847.0,161321
2021-05-11 10:27:52,3847.0,161321
2021-05-11 10:27:53,3847.0,161321
2021-05-11 10:27:55,3847.0,161335
2021-05-11 10:27:56,3847.0,161335
2021-05-11 10:27:57,3847.0,161415
2021-05-11 10:27:58,3847.0,161426
2021-05-11 10:27:59,3847.0,161430
2021-05-11 10:28:00,3847.0,161430
2021-05-11 10:28:01,3847.35,161438
2021-05-11 10:28:02,3847.35,161438
2021-05-11 10:28:03,3847.35,161438
2021-05-11 10:28:04,3847.35,161438
2021-05-11 10:28:05,3847.4,161444
2021-05-11 10:28:06,3847.4,161444
2021-05-11 10:28:07,3847.4,161444
2021-05-11 10:28:09,3847.35,161445
2021-05-11 10:28:08,3847.35,161445
2021-05-11 10:28:10,3847.35,161445
2021-05-11 10:28:11,3845.5,161450
2021-05-11 10:28:12,3847.35,161451
2021-05-11 10:28:13,3847.35,161451
2021-05-11 10:28:14,3847.35,161451
2021-05-11 10:28:15,3847.35,161451
2021-05-11 10:28:16,3847.35,161451
2021-05-11 10:28:17,3847.0,161452
2021-05-11 10:28:18,3847.0,161452
2021-05-11 10:28:19,3847.0,161452
2021-05-11 10:28:20,3847.0,161452
2021-05-11 10:28:21,3847.0,161452
2021-05-11 10:28:21,3847.0,161452
2021-05-11 10:28:22,3847.0,161452
2021-05-11 10:28:23,3847.0,161452
2021-05-11 10:28:25,3846.95,161460
2021-05-11 10:28:26,3846.95,161461
2021-05-11 10:28:27,3846.95,161461
2021-05-11 10:28:28,3846.95,161461
2021-05-11 10:28:28,3846.95,161461
2021-05-11 10:28:29,3846.95,161461
2021-05-11 10:28:31,3846.95,161461
2021-05-11 10:28:33,3846.95,161461
2021-05-11 10:28:35,3845.6,161462
2021-05-11 10:28:35,3846.25,161463
2021-05-11 10:28:37,3845.6,161464
2021-05-11 10:28:38,3846.25,161475
2021-05-11 10:28:40,3846.25,161475
2021-05-11 10:28:41,3846.25,161504
2021-05-11 10:28:42,3846.25,161505
2021-05-11 10:28:43,3846.25,161505
2021-05-11 10:28:44,3846.25,161505
2021-05-11 10:28:45,3846.25,161505
2021-05-11 10:28:46,3846.25,161505
2021-05-11 10:28:46,3846.25,161505
2021-05-11 10:28:49,3846.25,161505
2021-05-11 10:28:50,3846.25,161505
2021-05-11 10:28:51,3846.0,161507
2021-05-11 10:28:52,3846.0,161507
2021-05-11 10:28:53,3846.0,161507
2021-05-11 10:28:54,3846.0,161507
2021-05-11 10:28:55,3846.25,161539
2021-05-11 10:28:55,3846.25,161535
2021-05-11 10:28:56,3846.25,161560
2021-05-11 10:28:57,3846.25,161564
2021-05-11 10:28:58,3846.25,161637
2021-05-11 10:28:59,3846.65,161647
2021-05-11 10:29:00,3846.65,161647
2021-05-11 10:29:01,3846.65,161647
2021-05-11 10:29:02,3846.65,161647
2021-05-11 10:29:03,3846.65,161647
2021-05-11 10:29:04,3846.65,161647
2021-05-11 10:29:05,3846.65,161647
2021-05-11 10:29:06,3846.6,161650
2021-05-11 10:29:07,3846.6,161651
2021-05-11 10:29:08,3846.6,161651
2021-05-11 10:29:09,3846.6,161651
2021-05-11 10:29:10,3846.6,161651
2021-05-11 10:29:11,3846.6,161651
2021-05-11 10:29:13,3846.6,161652
2021-05-11 10:29:13,3846.6,161652
2021-05-11 10:29:15,3846.6,161652
2021-05-11 10:29:16,3846.6,161652
2021-05-11 10:29:17,3846.6,161652
2021-05-11 10:29:18,3846.6,161652
2021-05-11 10:29:19,3846.6,161661
2021-05-11 10:29:21,3846.6,161667
2021-05-11 10:29:23,3847.0,161669
2021-05-11 10:29:24,3847.0,161669
2021-05-11 10:29:25,3847.0,161669
2021-05-11 10:29:25,3847.0,161669
2021-05-11 10:29:28,3845.75,161674
2021-05-11 10:29:29,3845.75,161674
2021-05-11 10:29:30,3846.95,161678
2021-05-11 10:29:31,3846.95,161678
2021-05-11 10:29:33,3850.0,162098
2021-05-11 10:29:34,3850.0,162155
2021-05-11 10:29:35,3850.9,162737
2021-05-11 10:29:36,3850.0,162743
2021-05-11 10:29:37,3850.0,162773
2021-05-11 10:29:38,3850.0,162774
2021-05-11 10:29:39,3850.8,162809
2021-05-11 10:29:40,3850.8,162819
2021-05-11 10:29:42,3850.9,162822
2021-05-11 10:29:43,3854.0,163842
2021-05-11 10:29:43,3854.0,163842
2021-05-11 10:29:44,3854.0,163946
2021-05-11 10:29:46,3854.0,163947
2021-05-11 10:29:47,3854.0,163947
2021-05-11 10:29:48,3852.6,163964
2021-05-11 10:29:50,3854.5,163965
2021-05-11 10:29:51,3854.5,163965
2021-05-11 10:29:52,3854.65,163974
2021-05-11 10:29:53,3854.65,163974
2021-05-11 10:29:54,3854.65,163974
2021-05-11 10:29:54,3854.0,163977
2021-05-11 10:29:55,3854.0,163977
2021-05-11 10:29:57,3854.0,163977
