timestamp,ltp,volume
2021-05-11 09:07:20,2425.0,3627
2021-05-11 09:15:00,2421.0,3727
2021-05-11 09:15:01,2424.25,3924
2021-05-11 09:15:02,2424.7,4148
2021-05-11 09:15:03,2424.95,4238
2021-05-11 09:15:04,2424.95,4497
2021-05-11 09:15:05,2424.95,4912
2021-05-11 09:15:06,2425.0,6158
2021-05-11 09:15:07,2424.95,10707
2021-05-11 09:15:08,2425.0,11422
2021-05-11 09:15:09,2425.6,12181
2021-05-11 09:15:10,2425.0,12308
2021-05-11 09:15:11,2425.0,12380
2021-05-11 09:15:12,2425.0,14230
2021-05-11 09:15:13,2424.95,14982
2021-05-11 09:15:14,2425.0,15286
2021-05-11 09:15:15,2425.1,15746
2021-05-11 09:15:16,2425.0,16159
2021-05-11 09:15:16,2424.4,17212
2021-05-11 09:15:17,2424.65,18014
2021-05-11 09:15:18,2423.75,18484
2021-05-11 09:15:19,2421.15,19020
2021-05-11 09:15:20,2421.05,19905
2021-05-11 09:15:21,2421.15,20043
2021-05-11 09:15:22,2421.05,20158
2021-05-11 09:15:23,2420.7,20220
2021-05-11 09:15:24,2420.9,20358
2021-05-11 09:15:25,2420.65,20370
2021-05-11 09:15:26,2419.3,20374
2021-05-11 09:15:27,2417.2,20479
2021-05-11 09:15:28,2417.6,20522
2021-05-11 09:15:29,2418.85,20542
2021-05-11 09:15:30,2416.7,20800
2021-05-11 09:15:31,2416.25,21140
2021-05-11 09:15:32,2417.7,21170
2021-05-11 09:15:33,2416.15,21187
2021-05-11 09:15:34,2416.25,21243
2021-05-11 09:15:35,2416.0,21379
2021-05-11 09:15:36,2416.5,21415
2021-05-11 09:15:37,2416.85,21534
2021-05-11 09:15:38,2416.15,21540
2021-05-11 09:15:39,2415.85,21640
2021-05-11 09:15:40,2415.85,21654
2021-05-11 09:15:41,2415.8,21668
2021-05-11 09:15:42,2415.85,21676
2021-05-11 09:15:43,2417.15,21727
2021-05-11 09:15:44,2416.85,21728
2021-05-11 09:15:45,2416.7,21747
2021-05-11 09:15:47,2418.15,21805
2021-05-11 09:15:48,2417.45,21834
2021-05-11 09:15:49,2417.35,22375
2021-05-11 09:15:50,2417.25,22529
2021-05-11 09:15:51,2416.9,22727
2021-05-11 09:15:52,2416.9,22742
2021-05-11 09:15:53,2418.05,22756
2021-05-11 09:15:54,2417.1,22813
2021-05-11 09:15:55,2417.3,22827
2021-05-11 09:15:56,2417.15,22916
2021-05-11 09:15:57,2416.9,23101
2021-05-11 09:15:58,2417.85,23102
2021-05-11 09:15:59,2416.85,23353
2021-05-11 09:16:00,2418.45,23902
2021-05-11 09:16:01,2417.2,23930
2021-05-11 09:16:02,2417.2,23930
2021-05-11 09:16:03,2418.3,24085
2021-05-11 09:16:04,2416.9,24086
2021-05-11 09:16:05,2418.4,24319
2021-05-11 09:16:06,2418.4,24319
2021-05-11 09:16:07,2417.5,24359
2021-05-11 09:16:08,2417.5,24359
2021-05-11 09:16:09,2416.75,24658
2021-05-11 09:16:10,2415.5,24768
2021-05-11 09:16:11,2417.5,25173
2021-05-11 09:16:12,2415.6,25293
2021-05-11 09:16:13,2415.5,25415
2021-05-11 09:16:15,2414.95,26218
2021-05-11 09:16:15,2414.25,26403
2021-05-11 09:16:16,2414.15,26436
2021-05-11 09:16:17,2415.4,26736
2021-05-11 09:16:18,2415.4,26736
2021-05-11 09:16:19,2415.25,26757
2021-05-11 09:16:20,2415.25,27186
2021-05-11 09:16:21,2414.75,27235
2021-05-11 09:16:23,2414.4,27315
2021-05-11 09:16:24,2414.4,27315
2021-05-11 09:16:25,2414.6,27494
2021-05-11 09:16:25,2415.65,27544
2021-05-11 09:16:27,2415.05,27624
2021-05-11 09:16:28,2417.85,27919
2021-05-11 09:16:29,2419.15,28159
2021-05-11 09:16:30,2415.3,28754
2021-05-11 09:16:31,2415.3,28754
2021-05-11 09:16:33,2415.45,28876
2021-05-11 09:16:34,2415.95,28914
2021-05-11 09:16:34,2415.0,28977
2021-05-11 09:16:35,2415.0,29212
2021-05-11 09:16:37,2415.8,29216
2021-05-11 09:16:38,2415.3,29229
2021-05-11 09:16:39,2415.3,29229
2021-05-11 09:16:40,2416.3,29230
2021-05-11 09:16:42,2416.3,29237
2021-05-11 09:16:43,2416.3,29238
2021-05-11 09:16:44,2415.85,29278
2021-05-11 09:16:45,2415.85,29286
2021-05-11 09:16:46,2415.85,29403
2021-05-11 09:16:47,2416.2,29444
2021-05-11 09:16:49,2415.65,29553
2021-05-11 09:16:50,2418.4,30004
2021-05-11 09:16:51,2417.3,30024
2021-05-11 09:16:52,2418.6,30031
2021-05-11 09:16:52,2418.6,30031
2021-05-11 09:16:53,2418.6,30031
2021-05-11 09:16:54,2417.15,30033
2021-05-11 09:16:56,2417.0,30184
2021-05-11 09:16:55,2417.0,30184
2021-05-11 09:17:01,2420.0,30608
2021-05-11 09:17:02,2419.0,30631
2021-05-11 09:17:03,2419.55,30773
2021-05-11 09:17:04,2417.65,30873
2021-05-11 09:17:06,2419.15,30933
2021-05-11 09:17:07,2418.3,30963
2021-05-11 09:17:07,2418.3,30995
2021-05-11 09:17:08,2418.3,31104
2021-05-11 09:17:10,2418.3,31199
2021-05-11 09:17:11,2418.8,31283
2021-05-11 09:17:12,2418.3,31313
2021-05-11 09:17:12,2418.65,31700
2021-05-11 09:17:13,2417.6,31992
2021-05-11 09:17:15,2418.5,32124
2021-05-11 09:17:16,2420.25,32625
2021-05-11 09:17:17,2420.25,32625
2021-05-11 09:17:18,2418.65,32692
2021-05-11 09:17:19,2420.0,32712
2021-05-11 09:17:20,2420.15,32797
2021-05-11 09:17:21,2419.6,32847
2021-05-11 09:17:22,2419.5,32907
2021-05-11 09:17:22,2419.45,33087
2021-05-11 09:17:23,2419.5,33363
2021-05-11 09:17:24,2421.0,33475
2021-05-11 09:17:26,2419.75,33485
2021-05-11 09:17:27,2419.7,33753
2021-05-11 09:17:28,2422.0,34253
2021-05-11 09:17:29,2421.9,34274
2021-05-11 09:17:30,2419.55,34702
2021-05-11 09:17:31,2419.7,34775
2021-05-11 09:17:32,2419.7,34915
2021-05-11 09:17:33,2419.7,34943
2021-05-11 09:17:34,2420.5,34948
2021-05-11 09:17:35,2419.7,34949
2021-05-11 09:17:36,2419.7,34951
2021-05-11 09:17:37,2419.7,35001
2021-05-11 09:17:38,2420.0,35084
2021-05-11 09:17:38,2420.0,35084
2021-05-11 09:17:39,2420.0,35085
2021-05-11 09:17:40,2420.0,35085
2021-05-11 09:17:41,2417.35,35491
2021-05-11 09:17:43,2418.4,35697
2021-05-11 09:17:44,2418.6,35828
2021-05-11 09:17:45,2419.8,35887
2021-05-11 09:17:45,2419.8,35887
2021-05-11 09:17:46,2419.8,35887
2021-05-11 09:17:48,2420.45,35975
2021-05-11 09:17:49,2420.45,35975
2021-05-11 09:17:50,2419.9,35983
2021-05-11 09:17:51,2419.9,35983
2021-05-11 09:17:52,2420.5,36097
2021-05-11 09:17:53,2420.5,36097
2021-05-11 09:17:54,2419.9,36099
2021-05-11 09:17:55,2419.9,36365
2021-05-11 09:17:55,2419.9,36365
2021-05-11 09:17:56,2419.9,36365
2021-05-11 09:17:58,2420.0,36560
2021-05-11 09:17:58,2420.7,36570
2021-05-11 09:17:59,2420.7,36570
2021-05-11 09:18:00,2420.7,36570
2021-05-11 09:18:01,2420.7,36570
2021-05-11 09:18:03,2419.9,36612
2021-05-11 09:18:03,2419.9,36612
2021-05-11 09:18:04,2419.9,36633
2021-05-11 09:18:06,2420.4,36669
2021-05-11 09:18:06,2419.9,36694
2021-05-11 09:18:07,2419.85,36878
2021-05-11 09:18:08,2419.85,36938
2021-05-11 09:18:09,2419.75,37111
2021-05-11 09:18:10,2420.4,37410
2021-05-11 09:18:11,2420.0,37530
2021-05-11 09:18:12,2420.05,37533
2021-05-11 09:18:14,2420.05,37586
2021-05-11 09:18:15,2420.05,37652
2021-05-11 09:18:16,2420.75,37771
2021-05-11 09:18:17,2420.3,37787
2021-05-11 09:18:18,2419.6,38129
2021-05-11 09:18:19,2419.65,38130
2021-05-11 09:18:20,2419.45,38198
2021-05-11 09:18:21,2419.45,38198
2021-05-11 09:18:22,2419.45,38228
2021-05-11 09:18:22,2419.45,38228
2021-05-11 09:18:23,2420.15,38303
2021-05-11 09:18:25,2420.6,38375
2021-05-11 09:18:25,2420.6,38375
2021-05-11 09:18:26,2420.05,38382
2021-05-11 09:18:27,2420.05,38382
2021-05-11 09:18:28,2420.05,38382
2021-05-11 09:18:29,2419.45,38385
2021-05-11 09:18:30,2419.45,38424
2021-05-11 09:18:31,2419.75,38454
2021-05-11 09:18:32,2419.1,38479
2021-05-11 09:18:33,2419.1,38502
2021-05-11 09:18:35,2418.5,38547
2021-05-11 09:18:36,2418.65,38584
2021-05-11 09:18:36,2418.0,38589
2021-05-11 09:18:38,2418.0,38609
2021-05-11 09:18:39,2417.75,38625
2021-05-11 09:18:40,2417.7,38656
2021-05-11 09:18:41,2417.7,38673
2021-05-11 09:18:42,2417.0,38810
2021-05-11 09:18:42,2416.0,38820
2021-05-11 09:18:43,2415.9,38928
2021-05-11 09:18:44,2415.95,38953
2021-05-11 09:18:45,2416.35,38966
2021-05-11 09:18:46,2416.55,39013
2021-05-11 09:18:48,2416.55,39013
2021-05-11 09:18:49,2416.4,39046
2021-05-11 09:18:50,2415.85,39079
2021-05-11 09:18:50,2415.8,39112
2021-05-11 09:18:51,2416.4,39416
2021-05-11 09:18:53,2415.75,39438
2021-05-11 09:18:53,2415.75,39540
2021-05-11 09:18:54,2416.25,39583
2021-05-11 09:18:56,2415.3,39623
2021-05-11 09:18:57,2415.6,39628
2021-05-11 09:18:58,2415.6,39628
2021-05-11 09:18:58,2415.3,39756
2021-05-11 09:18:59,2415.25,39831
2021-05-11 09:19:01,2414.6,40364
2021-05-11 09:19:01,2415.0,40369
2021-05-11 09:19:03,2415.0,40398
2021-05-11 09:19:04,2415.1,40415
2021-05-11 09:19:06,2415.1,40423
2021-05-11 09:19:07,2415.05,40440
2021-05-11 09:19:07,2415.0,40454
2021-05-11 09:19:09,2415.7,40464
2021-05-11 09:19:09,2415.7,40467
2021-05-11 09:19:10,2417.75,41498
2021-05-11 09:19:14,2418.8,41680
2021-05-11 09:19:15,2417.45,41681
2021-05-11 09:19:16,2417.45,41686
2021-05-11 09:19:17,2417.45,41692
2021-05-11 09:19:18,2417.45,41692
2021-05-11 09:19:19,2417.4,41728
2021-05-11 09:19:19,2417.35,41756
2021-05-11 09:19:20,2416.8,41757
2021-05-11 09:19:22,2416.8,41757
2021-05-11 09:19:23,2416.8,41757
2021-05-11 09:19:24,2416.8,41757
2021-05-11 09:19:25,2415.7,41769
2021-05-11 09:19:26,2416.85,42167
2021-05-11 09:19:27,2416.85,42167
2021-05-11 09:19:28,2415.9,42177
2021-05-11 09:19:29,2415.9,42177
2021-05-11 09:19:30,2416.7,42192
2021-05-11 09:19:31,2416.0,42193
2021-05-11 09:19:32,2416.0,42310
2021-05-11 09:19:33,2416.7,42518
2021-05-11 09:19:34,2416.05,42523
2021-05-11 09:19:36,2416.8,42548
2021-05-11 09:19:37,2416.8,42749
2021-05-11 09:19:38,2416.45,42830
2021-05-11 09:19:39,2417.0,42926
2021-05-11 09:19:40,2417.05,42962
2021-05-11 09:19:41,2418.4,43063
2021-05-11 09:19:42,2418.4,43063
2021-05-11 09:19:42,2418.4,43063
2021-05-11 09:19:43,2418.4,43063
2021-05-11 09:19:44,2416.7,43124
2021-05-11 09:19:46,2416.45,43129
2021-05-11 09:19:46,2416.45,43300
2021-05-11 09:19:47,2417.8,43325
2021-05-11 09:19:48,2418.0,43340
2021-05-11 09:19:50,2415.9,43380
2021-05-11 09:19:51,2417.1,43390
2021-05-11 09:19:52,2417.05,43400
2021-05-11 09:19:53,2418.05,43725
2021-05-11 09:19:54,2418.1,43785
2021-05-11 09:19:55,2418.1,43785
2021-05-11 09:19:56,2419.45,43790
2021-05-11 09:19:57,2419.45,43790
2021-05-11 09:19:58,2418.0,43794
2021-05-11 09:19:59,2418.0,43799
2021-05-11 09:20:00,2417.9,44009
2021-05-11 09:20:01,2418.5,44034
2021-05-11 09:20:02,2418.5,44079
2021-05-11 09:20:03,2419.2,44279
2021-05-11 09:20:04,2419.15,44280
2021-05-11 09:20:05,2417.95,44393
2021-05-11 09:20:05,2417.95,44393
2021-05-11 09:20:06,2417.5,44463
2021-05-11 09:20:07,2416.6,44480
2021-05-11 09:20:09,2416.15,44559
2021-05-11 09:20:10,2416.4,44589
2021-05-11 09:20:11,2416.1,44689
2021-05-11 09:20:12,2416.1,44689
2021-05-11 09:20:13,2417.4,44709
2021-05-11 09:20:14,2417.4,44711
2021-05-11 09:20:15,2417.15,44723
2021-05-11 09:20:16,2417.15,44723
2021-05-11 09:20:17,2416.9,45178
2021-05-11 09:20:18,2416.9,45178
2021-05-11 09:20:19,2416.4,45200
2021-05-11 09:20:20,2417.9,45247
2021-05-11 09:20:21,2417.9,45249
2021-05-11 09:20:22,2417.9,45249
2021-05-11 09:20:23,2417.75,45289
2021-05-11 09:20:23,2417.75,45289
2021-05-11 09:20:24,2417.75,45293
2021-05-11 09:20:26,2417.0,45303
2021-05-11 09:20:26,2417.95,45323
2021-05-11 09:20:28,2417.95,45373
2021-05-11 09:20:29,2417.6,45395
2021-05-11 09:20:30,2417.6,45397
2021-05-11 09:20:31,2418.0,45427
2021-05-11 09:20:32,2418.8,45436
2021-05-11 09:20:33,2418.8,45462
2021-05-11 09:20:34,2419.15,45532
2021-05-11 09:20:35,2418.75,45544
2021-05-11 09:20:36,2418.5,45624
2021-05-11 09:20:37,2418.5,45624
2021-05-11 09:20:38,2417.85,45864
2021-05-11 09:20:39,2419.0,46064
2021-05-11 09:20:40,2418.2,46068
2021-05-11 09:20:42,2418.85,46077
2021-05-11 09:20:42,2418.5,46078
2021-05-11 09:20:44,2418.85,46165
2021-05-11 09:20:45,2418.85,46165
2021-05-11 09:20:46,2418.5,46248
2021-05-11 09:20:47,2419.1,46249
2021-05-11 09:20:48,2419.55,46350
2021-05-11 09:20:49,2419.1,46355
2021-05-11 09:20:50,2419.1,46355
2021-05-11 09:20:51,2418.5,46458
2021-05-11 09:20:52,2419.6,46461
2021-05-11 09:20:53,2418.95,46482
2021-05-11 09:20:53,2418.95,46484
2021-05-11 09:20:55,2418.95,46484
2021-05-11 09:20:56,2418.8,46485
2021-05-11 09:20:57,2418.8,46485
2021-05-11 09:20:57,2418.8,46490
2021-05-11 09:20:59,2418.8,46526
2021-05-11 09:21:00,2418.65,46560
2021-05-11 09:21:01,2418.65,46560
2021-05-11 09:21:02,2418.8,46578
2021-05-11 09:21:03,2418.8,46583
2021-05-11 09:21:04,2418.65,46770
2021-05-11 09:21:05,2418.8,46799
2021-05-11 09:21:06,2419.8,46826
2021-05-11 09:21:07,2418.8,46847
2021-05-11 09:21:08,2418.8,46847
2021-05-11 09:21:09,2418.8,46847
2021-05-11 09:21:10,2418.85,46859
2021-05-11 09:21:11,2418.85,46859
2021-05-11 09:21:12,2418.85,46859
2021-05-11 09:21:13,2419.75,46860
2021-05-11 09:21:15,2419.0,46861
2021-05-11 09:21:16,2419.0,46863
2021-05-11 09:21:17,2418.7,46942
2021-05-11 09:21:18,2418.0,46983
2021-05-11 09:21:19,2418.5,46998
2021-05-11 09:21:20,2418.0,47003
2021-05-11 09:21:21,2418.75,47055
2021-05-11 09:21:22,2419.0,47137
2021-05-11 09:21:23,2419.0,47138
2021-05-11 09:21:24,2419.9,47141
2021-05-11 09:21:25,2419.7,47349
2021-05-11 09:21:26,2419.7,47349
2021-05-11 09:21:27,2419.5,47354
2021-05-11 09:21:28,2420.0,47458
2021-05-11 09:21:29,2420.0,47512
2021-05-11 09:21:30,2419.8,47543
2021-05-11 09:21:31,2419.8,47575
2021-05-11 09:21:32,2420.0,47585
2021-05-11 09:21:33,2419.8,47601
2021-05-11 09:21:34,2420.0,47958
2021-05-11 09:21:35,2419.8,48111
2021-05-11 09:21:36,2419.8,48167
2021-05-11 09:21:37,2419.8,48167
2021-05-11 09:21:38,2419.8,48169
2021-05-11 09:21:39,2419.8,48229
2021-05-11 09:21:40,2419.8,48229
2021-05-11 09:21:41,2419.8,48229
2021-05-11 09:21:43,2419.9,48284
2021-05-11 09:21:44,2419.05,48371
2021-05-11 09:21:45,2420.0,48389
2021-05-11 09:21:46,2419.95,48390
2021-05-11 09:21:47,2419.95,48390
2021-05-11 09:21:48,2419.0,48502
2021-05-11 09:21:49,2418.8,48630
2021-05-11 09:21:50,2419.6,48707
2021-05-11 09:21:51,2418.3,48941
2021-05-11 09:21:52,2418.25,48972
2021-05-11 09:21:53,2419.45,48982
2021-05-11 09:21:54,2418.45,49015
2021-05-11 09:21:55,2419.45,49017
2021-05-11 09:21:56,2418.85,49020
2021-05-11 09:21:57,2418.2,49260
2021-05-11 09:21:58,2418.5,49357
2021-05-11 09:21:59,2419.3,49592
2021-05-11 09:22:00,2419.3,49592
2021-05-11 09:22:01,2419.3,49592
2021-05-11 09:22:02,2419.45,49593
2021-05-11 09:22:03,2419.45,49593
2021-05-11 09:22:04,2419.85,49621
2021-05-11 09:22:05,2419.9,49629
2021-05-11 09:22:06,2419.9,49629
2021-05-11 09:22:07,2420.0,49659
2021-05-11 09:22:08,2420.0,49665
2021-05-11 09:22:09,2419.55,49720
2021-05-11 09:22:10,2420.0,49939
2021-05-11 09:22:11,2420.3,50133
2021-05-11 09:22:12,2420.15,50428
2021-05-11 09:22:13,2420.15,50472
2021-05-11 09:22:14,2420.15,50472
2021-05-11 09:22:15,2420.05,50575
2021-05-11 09:22:16,2420.05,50575
2021-05-11 09:22:17,2420.05,50575
2021-05-11 09:22:18,2420.05,50575
2021-05-11 09:22:19,2420.6,50577
2021-05-11 09:22:20,2420.6,50587
2021-05-11 09:22:21,2420.6,50592
2021-05-11 09:22:22,2420.6,50592
2021-05-11 09:22:23,2420.3,50593
2021-05-11 09:22:24,2420.45,50671
2021-05-11 09:22:25,2420.2,50761
2021-05-11 09:22:26,2420.85,50850
2021-05-11 09:22:27,2420.45,50860
2021-05-11 09:22:28,2420.45,50887
2021-05-11 09:22:29,2420.45,50887
2021-05-11 09:22:30,2420.45,50887
2021-05-11 09:22:31,2420.45,50887
2021-05-11 09:22:32,2420.45,50887
2021-05-11 09:22:33,2420.45,50915
2021-05-11 09:22:34,2420.45,50915
2021-05-11 09:22:35,2421.0,50965
2021-05-11 09:22:36,2421.0,50965
2021-05-11 09:22:37,2421.0,50965
2021-05-11 09:22:38,2421.0,50965
2021-05-11 09:22:39,2421.0,50965
2021-05-11 09:22:40,2421.0,50970
2021-05-11 09:22:41,2421.0,50970
2021-05-11 09:22:42,2420.6,51151
2021-05-11 09:22:43,2420.6,51180
2021-05-11 09:22:44,2420.45,51207
2021-05-11 09:22:45,2420.45,51294
2021-05-11 09:22:46,2420.45,51294
2021-05-11 09:22:47,2421.0,51444
2021-05-11 09:22:48,2420.15,51449
2021-05-11 09:22:49,2421.0,51499
2021-05-11 09:22:50,2420.6,51501
2021-05-11 09:22:51,2420.6,51503
2021-05-11 09:22:52,2420.6,51504
2021-05-11 09:22:53,2420.6,51504
2021-05-11 09:22:54,2420.6,51504
2021-05-11 09:22:55,2420.0,51507
2021-05-11 09:22:56,2420.0,51525
2021-05-11 09:22:57,2420.45,51527
2021-05-11 09:22:58,2420.0,51542
2021-05-11 09:22:59,2419.45,51604
2021-05-11 09:23:00,2419.45,51626
2021-05-11 09:23:01,2419.1,51666
2021-05-11 09:23:02,2419.1,51753
2021-05-11 09:23:03,2419.45,51783
2021-05-11 09:23:04,2418.2,51799
2021-05-11 09:23:05,2418.0,51804
2021-05-11 09:23:06,2418.95,51960
2021-05-11 09:23:07,2418.0,52111
2021-05-11 09:23:08,2418.0,52131
2021-05-11 09:23:09,2418.0,52244
2021-05-11 09:23:10,2418.45,52254
2021-05-11 09:23:11,2417.95,52260
2021-05-11 09:23:12,2418.55,52262
2021-05-11 09:23:13,2418.55,52262
2021-05-11 09:23:14,2418.55,52262
2021-05-11 09:23:15,2418.55,52299
2021-05-11 09:23:16,2418.55,52299
2021-05-11 09:23:17,2418.55,52299
2021-05-11 09:23:18,2418.55,52299
2021-05-11 09:23:19,2418.55,52299
2021-05-11 09:23:20,2418.55,52299
2021-05-11 09:23:21,2418.55,52299
2021-05-11 09:23:22,2418.0,52360
2021-05-11 09:23:23,2418.65,52365
2021-05-11 09:23:24,2418.65,52366
2021-05-11 09:23:25,2418.65,52367
2021-05-11 09:23:26,2418.0,52401
2021-05-11 09:23:27,2418.0,52434
2021-05-11 09:23:28,2418.0,52434
2021-05-11 09:23:29,2418.0,52434
2021-05-11 09:23:30,2418.0,52475
2021-05-11 09:23:31,2418.0,52475
2021-05-11 09:23:32,2418.0,52475
2021-05-11 09:23:33,2418.65,52506
2021-05-11 09:23:34,2418.65,52506
2021-05-11 09:23:35,2418.65,52506
2021-05-11 09:23:36,2418.65,52508
2021-05-11 09:23:37,2418.1,52514
2021-05-11 09:23:38,2418.1,52514
2021-05-11 09:23:39,2418.0,52556
2021-05-11 09:23:40,2418.1,52557
2021-05-11 09:23:41,2418.1,52557
2021-05-11 09:23:42,2418.55,52612
2021-05-11 09:23:43,2418.55,52612
2021-05-11 09:23:44,2418.0,52644
2021-05-11 09:23:45,2418.0,52646
2021-05-11 09:23:46,2419.0,52944
2021-05-11 09:23:47,2419.0,52944
2021-05-11 09:23:48,2419.0,52944
2021-05-11 09:23:49,2419.0,52944
2021-05-11 09:23:50,2419.0,52944
2021-05-11 09:23:51,2418.55,52947
2021-05-11 09:23:52,2418.4,52977
2021-05-11 09:23:53,2418.4,52977
2021-05-11 09:23:54,2418.2,52986
2021-05-11 09:23:55,2418.2,52986
2021-05-11 09:23:56,2418.2,52986
2021-05-11 09:23:57,2418.2,52986
2021-05-11 09:23:58,2418.2,52986
2021-05-11 09:23:59,2418.2,53039
2021-05-11 09:24:00,2418.4,53044
2021-05-11 09:24:01,2418.4,53044
2021-05-11 09:24:02,2418.4,53060
2021-05-11 09:24:03,2418.25,53127
2021-05-11 09:24:04,2418.4,53139
2021-05-11 09:24:05,2418.4,53142
2021-05-11 09:24:06,2419.1,53420
2021-05-11 09:24:07,2419.55,53428
2021-05-11 09:24:08,2419.3,53433
2021-05-11 09:24:09,2420.0,53463
2021-05-11 09:24:10,2420.0,53463
2021-05-11 09:24:11,2419.3,53473
2021-05-11 09:24:12,2420.0,53499
2021-05-11 09:24:13,2420.45,53506
2021-05-11 09:24:14,2420.45,53506
2021-05-11 09:24:15,2420.5,53507
2021-05-11 09:24:16,2420.5,53509
2021-05-11 09:24:17,2420.5,53513
2021-05-11 09:24:18,2420.8,53595
2021-05-11 09:24:19,2420.6,53607
2021-05-11 09:24:20,2420.0,53859
2021-05-11 09:24:21,2418.4,53879
2021-05-11 09:24:22,2418.4,53879
2021-05-11 09:24:23,2418.4,53879
2021-05-11 09:24:24,2419.6,53882
2021-05-11 09:24:25,2419.6,53882
2021-05-11 09:24:26,2419.6,53892
2021-05-11 09:24:27,2419.45,53942
2021-05-11 09:24:28,2419.45,53953
2021-05-11 09:24:29,2419.05,53954
2021-05-11 09:24:30,2419.05,53959
2021-05-11 09:24:31,2419.45,53983
2021-05-11 09:24:32,2419.45,53988
2021-05-11 09:24:33,2419.45,53988
2021-05-11 09:24:34,2419.45,54010
2021-05-11 09:24:35,2419.45,54010
2021-05-11 09:24:36,2419.0,54020
2021-05-11 09:24:37,2419.0,54020
2021-05-11 09:24:38,2419.45,54070
2021-05-11 09:24:39,2419.5,54075
2021-05-11 09:24:40,2419.5,54075
2021-05-11 09:24:41,2419.5,54075
2021-05-11 09:24:42,2419.5,54076
2021-05-11 09:24:43,2420.0,54078
2021-05-11 09:24:44,2419.0,54242
2021-05-11 09:24:45,2419.0,54503
2021-05-11 09:24:46,2419.0,54529
2021-05-11 09:24:47,2418.4,54558
2021-05-11 09:24:48,2417.8,54869
2021-05-11 09:24:49,2417.5,55097
2021-05-11 09:24:50,2417.7,55284
2021-05-11 09:24:51,2417.0,55307
2021-05-11 09:24:52,2417.0,55307
2021-05-11 09:24:53,2417.0,55307
2021-05-11 09:24:54,2416.85,55433
2021-05-11 09:24:55,2417.0,55469
2021-05-11 09:24:56,2417.0,55469
2021-05-11 09:24:57,2416.6,55476
2021-05-11 09:24:58,2416.3,55479
2021-05-11 09:24:59,2416.2,55550
2021-05-11 09:25:00,2416.0,55601
2021-05-11 09:25:01,2416.0,55601
2021-05-11 09:25:02,2416.0,55625
2021-05-11 09:25:03,2416.85,55674
2021-05-11 09:25:04,2416.1,55714
2021-05-11 09:25:05,2416.15,55718
2021-05-11 09:25:06,2416.1,55720
2021-05-11 09:25:07,2416.05,55745
2021-05-11 09:25:08,2416.05,55769
2021-05-11 09:25:09,2416.7,55844
2021-05-11 09:25:10,2416.2,55990
2021-05-11 09:25:11,2416.1,55997
2021-05-11 09:25:12,2416.2,56017
2021-05-11 09:25:13,2416.05,56137
2021-05-11 09:25:14,2416.6,56157
2021-05-11 09:25:15,2416.8,56167
2021-05-11 09:25:16,2416.65,56201
2021-05-11 09:25:17,2416.65,56201
2021-05-11 09:25:18,2416.5,56205
2021-05-11 09:25:19,2416.5,56205
2021-05-11 09:25:20,2416.05,56230
2021-05-11 09:25:21,2416.05,56311
2021-05-11 09:25:22,2416.05,56355
2021-05-11 09:25:23,2416.5,56375
2021-05-11 09:25:24,2416.0,56475
2021-05-11 09:25:25,2416.6,56492
2021-05-11 09:25:26,2416.6,56492
2021-05-11 09:25:27,2416.6,56512
2021-05-11 09:25:28,2416.6,56512
2021-05-11 09:25:29,2416.05,56513
2021-05-11 09:25:30,2416.05,56518
2021-05-11 09:25:32,2416.05,56921
2021-05-11 09:25:32,2416.1,56941
2021-05-11 09:25:33,2416.4,57019
2021-05-11 09:25:34,2417.0,57100
2021-05-11 09:25:35,2416.1,57134
2021-05-11 09:25:36,2415.4,57224
2021-05-11 09:25:37,2415.4,57224
2021-05-11 09:25:38,2415.25,57253
2021-05-11 09:25:39,2415.95,57390
2021-05-11 09:25:40,2415.95,57390
2021-05-11 09:25:41,2416.3,57396
2021-05-11 09:25:42,2416.3,57396
2021-05-11 09:25:43,2415.6,57398
2021-05-11 09:25:44,2416.95,57421
2021-05-11 09:25:45,2416.95,57421
2021-05-11 09:25:46,2415.85,57476
2021-05-11 09:25:47,2416.15,57480
2021-05-11 09:25:48,2416.15,57497
2021-05-11 09:25:49,2417.0,57529
2021-05-11 09:25:50,2417.0,57547
2021-05-11 09:25:51,2416.2,57567
2021-05-11 09:25:52,2416.2,57581
2021-05-11 09:25:53,2416.2,57581
2021-05-11 09:25:54,2416.45,57592
2021-05-11 09:25:55,2416.45,57592
2021-05-11 09:25:56,2416.45,57592
2021-05-11 09:25:57,2416.85,57593
2021-05-11 09:25:58,2416.85,57595
2021-05-11 09:25:59,2417.0,57744
2021-05-11 09:26:00,2417.0,57775
2021-05-11 09:26:01,2417.0,57775
2021-05-11 09:26:02,2417.6,57776
2021-05-11 09:26:03,2417.6,57776
2021-05-11 09:26:04,2416.45,57792
2021-05-11 09:26:05,2417.0,57824
2021-05-11 09:26:06,2416.45,57830
2021-05-11 09:26:08,2416.45,57834
2021-05-11 09:26:08,2417.65,57934
2021-05-11 09:26:09,2416.45,57968
2021-05-11 09:26:10,2416.45,57997
2021-05-11 09:26:11,2416.45,58005
2021-05-11 09:26:12,2416.4,58039
2021-05-11 09:26:13,2416.4,58074
2021-05-11 09:26:14,2416.4,58074
2021-05-11 09:26:15,2416.4,58074
2021-05-11 09:26:16,2416.4,58085
2021-05-11 09:26:17,2416.4,58085
2021-05-11 09:26:18,2416.4,58087
2021-05-11 09:26:19,2416.4,58087
2021-05-11 09:26:20,2416.95,58128
2021-05-11 09:26:21,2416.95,58128
2021-05-11 09:26:22,2416.9,58212
2021-05-11 09:26:23,2416.9,58212
2021-05-11 09:26:24,2416.9,58212
2021-05-11 09:26:25,2415.55,58243
2021-05-11 09:26:26,2415.6,58248
2021-05-11 09:26:27,2415.6,58288
2021-05-11 09:26:28,2416.0,58318
2021-05-11 09:26:29,2415.6,58430
2021-05-11 09:26:30,2416.8,58439
2021-05-11 09:26:31,2416.8,58439
2021-05-11 09:26:32,2416.8,58439
2021-05-11 09:26:33,2416.0,58454
2021-05-11 09:26:34,2416.0,58454
2021-05-11 09:26:35,2416.0,58454
2021-05-11 09:26:36,2416.0,58454
2021-05-11 09:26:37,2416.0,58470
2021-05-11 09:26:38,2415.5,58576
2021-05-11 09:26:39,2416.25,58655
2021-05-11 09:26:40,2416.25,58655
2021-05-11 09:26:41,2416.25,58682
2021-05-11 09:26:42,2415.65,58713
2021-05-11 09:26:43,2415.65,58713
2021-05-11 09:26:44,2416.0,58714
2021-05-11 09:26:45,2416.0,58724
2021-05-11 09:26:46,2416.0,58740
2021-05-11 09:26:47,2416.0,58943
2021-05-11 09:26:48,2415.6,58952
2021-05-11 09:26:49,2415.6,58998
2021-05-11 09:26:50,2415.6,59003
2021-05-11 09:26:51,2416.0,59056
2021-05-11 09:26:52,2415.6,59071
2021-05-11 09:26:53,2415.3,59096
2021-05-11 09:26:54,2415.3,59096
2021-05-11 09:26:55,2415.25,59105
2021-05-11 09:26:56,2415.6,59123
2021-05-11 09:26:58,2415.6,59189
2021-05-11 09:26:58,2415.6,59193
2021-05-11 09:26:59,2415.6,59205
2021-05-11 09:27:00,2416.0,59221
2021-05-11 09:27:01,2415.25,59256
2021-05-11 09:27:02,2415.6,59337
2021-05-11 09:27:03,2415.6,59337
2021-05-11 09:27:04,2415.45,59341
2021-05-11 09:27:05,2415.3,59342
2021-05-11 09:27:06,2415.3,59342
2021-05-11 09:27:07,2415.3,59342
2021-05-11 09:27:08,2415.1,59358
2021-05-11 09:27:09,2415.1,59390
2021-05-11 09:27:10,2415.15,59397
2021-05-11 09:27:11,2415.15,59397
2021-05-11 09:27:12,2415.05,59435
2021-05-11 09:27:13,2415.1,59665
2021-05-11 09:27:14,2415.1,59665
2021-05-11 09:27:15,2415.0,60161
2021-05-11 09:27:16,2415.0,60189
2021-05-11 09:27:17,2415.2,60199
2021-05-11 09:27:18,2415.0,60274
2021-05-11 09:27:19,2415.0,60274
2021-05-11 09:27:20,2415.1,60285
2021-05-11 09:27:21,2415.0,60294
2021-05-11 09:27:22,2415.1,60337
2021-05-11 09:27:23,2415.1,60337
2021-05-11 09:27:24,2415.1,60337
2021-05-11 09:27:25,2415.1,60337
2021-05-11 09:27:28,2415.1,60459
2021-05-11 09:27:29,2415.2,60498
2021-05-11 09:27:31,2415.2,60498
2021-05-11 09:27:32,2415.0,60513
2021-05-11 09:27:33,2415.2,60583
2021-05-11 09:27:34,2415.0,60617
2021-05-11 09:27:35,2415.2,60697
2021-05-11 09:27:36,2415.2,60761
2021-05-11 09:27:36,2415.2,60761
2021-05-11 09:27:38,2415.0,60777
2021-05-11 09:27:38,2415.0,60777
2021-05-11 09:27:39,2415.2,60779
2021-05-11 09:27:40,2415.2,60779
2021-05-11 09:27:41,2415.0,60831
2021-05-11 09:27:42,2417.0,61149
2021-05-11 09:27:43,2416.1,61164
2021-05-11 09:27:44,2416.3,61212
2021-05-11 09:27:45,2416.2,61242
2021-05-11 09:27:47,2416.2,61242
2021-05-11 09:27:47,2416.2,61242
2021-05-11 09:27:49,2416.2,61242
2021-05-11 09:27:49,2416.2,61242
2021-05-11 09:27:50,2416.2,61242
2021-05-11 09:27:51,2416.2,61242
2021-05-11 09:27:52,2416.2,61242
2021-05-11 09:27:54,2416.25,61287
2021-05-11 09:27:54,2416.25,61303
2021-05-11 09:27:55,2416.25,61304
2021-05-11 09:27:56,2417.0,61314
2021-05-11 09:27:57,2416.85,61315
2021-05-11 09:27:58,2416.8,61415
2021-05-11 09:27:59,2417.1,61490
2021-05-11 09:28:00,2416.85,61576
2021-05-11 09:28:01,2416.85,61661
2021-05-11 09:28:02,2416.85,61661
2021-05-11 09:28:03,2416.85,61661
2021-05-11 09:28:04,2416.25,61677
2021-05-11 09:28:05,2416.25,61677
2021-05-11 09:28:06,2416.7,61769
2021-05-11 09:28:07,2416.25,61774
2021-05-11 09:28:08,2416.55,61889
2021-05-11 09:28:09,2416.2,62005
2021-05-11 09:28:10,2415.1,62020
2021-05-11 09:28:11,2415.8,62132
2021-05-11 09:28:12,2416.2,62232
2021-05-11 09:28:13,2415.2,62264
2021-05-11 09:28:14,2415.2,62264
2021-05-11 09:28:15,2415.2,62265
2021-05-11 09:28:16,2415.2,62272
2021-05-11 09:28:18,2415.2,62291
2021-05-11 09:28:18,2415.2,62294
2021-05-11 09:28:19,2417.0,62818
2021-05-11 09:28:21,2416.2,62847
2021-05-11 09:28:21,2416.2,62847
2021-05-11 09:28:23,2416.0,62967
2021-05-11 09:28:24,2416.05,62987
2021-05-11 09:28:25,2416.0,63087
2021-05-11 09:28:26,2416.9,63189
2021-05-11 09:28:27,2417.6,63192
2021-05-11 09:28:28,2416.9,63207
2021-05-11 09:28:29,2417.45,63248
2021-05-11 09:28:30,2416.75,63280
2021-05-11 09:28:31,2416.55,63319
2021-05-11 09:28:32,2416.55,63319
2021-05-11 09:28:32,2416.8,63340
2021-05-11 09:28:34,2416.75,63353
2021-05-11 09:28:34,2417.45,63508
2021-05-11 09:28:35,2416.75,63526
2021-05-11 09:28:36,2416.75,63622
2021-05-11 09:28:37,2416.55,63671
2021-05-11 09:28:38,2416.55,63671
2021-05-11 09:28:39,2416.55,63690
2021-05-11 09:28:40,2416.55,63690
2021-05-11 09:28:41,2416.55,63690
2021-05-11 09:28:42,2416.55,63691
2021-05-11 09:28:43,2417.25,63692
2021-05-11 09:28:44,2416.55,63693
2021-05-11 09:28:45,2416.55,63693
2021-05-11 09:28:46,2416.55,63723
2021-05-11 09:28:47,2416.55,64016
2021-05-11 09:28:48,2416.5,64041
2021-05-11 09:28:49,2416.4,64050
2021-05-11 09:28:50,2416.4,64050
2021-05-11 09:28:52,2415.45,64065
2021-05-11 09:28:52,2416.25,64075
2021-05-11 09:28:54,2416.25,64075
2021-05-11 09:28:55,2416.5,64185
2021-05-11 09:28:56,2416.5,64185
2021-05-11 09:28:57,2415.8,64263
2021-05-11 09:28:58,2415.8,64263
2021-05-11 09:28:58,2415.55,64283
2021-05-11 09:28:59,2415.4,64334
2021-05-11 09:29:00,2415.4,64334
2021-05-11 09:29:01,2415.25,64357
2021-05-11 09:29:02,2415.1,64403
2021-05-11 09:29:03,2415.1,64403
2021-05-11 09:29:04,2415.2,64406
2021-05-11 09:29:05,2415.2,64406
2021-05-11 09:29:06,2415.25,64410
2021-05-11 09:29:07,2415.4,64430
2021-05-11 09:29:08,2415.35,64431
2021-05-11 09:29:09,2416.55,64435
2021-05-11 09:29:10,2416.4,64438
2021-05-11 09:29:11,2416.4,64438
2021-05-11 09:29:12,2416.25,64486
2021-05-11 09:29:13,2416.0,64593
2021-05-11 09:29:14,2415.95,64644
2021-05-11 09:29:15,2416.05,64648
2021-05-11 09:29:16,2416.35,64664
2021-05-11 09:29:17,2416.35,64667
2021-05-11 09:29:18,2416.95,64719
2021-05-11 09:29:19,2416.95,64788
2021-05-11 09:29:20,2416.95,64803
2021-05-11 09:29:21,2417.7,64804
2021-05-11 09:29:22,2416.95,64805
2021-05-11 09:29:23,2416.95,64835
2021-05-11 09:29:24,2417.1,64841
2021-05-11 09:29:26,2417.55,64856
2021-05-11 09:29:27,2417.55,64856
2021-05-11 09:29:28,2417.1,64857
2021-05-11 09:29:29,2417.1,64857
2021-05-11 09:29:30,2417.5,64861
2021-05-11 09:29:31,2417.5,64882
2021-05-11 09:29:32,2417.5,64882
2021-05-11 09:29:33,2417.5,64882
2021-05-11 09:29:34,2417.1,64896
2021-05-11 09:29:35,2417.1,64896
2021-05-11 09:29:35,2417.4,64902
2021-05-11 09:29:36,2417.45,64909
2021-05-11 09:29:37,2417.4,64912
2021-05-11 09:29:38,2417.4,64920
2021-05-11 09:29:39,2417.4,64942
2021-05-11 09:29:41,2417.45,64946
2021-05-11 09:29:42,2417.4,64950
2021-05-11 09:29:43,2416.95,65041
2021-05-11 09:29:44,2417.45,65050
2021-05-11 09:29:45,2416.95,65066
2021-05-11 09:29:46,2416.95,65066
2021-05-11 09:29:47,2416.95,65066
2021-05-11 09:29:48,2416.95,65066
2021-05-11 09:29:49,2416.95,65071
2021-05-11 09:29:50,2416.95,65090
2021-05-11 09:29:51,2416.95,65090
2021-05-11 09:29:52,2417.3,65127
2021-05-11 09:29:53,2417.0,65197
2021-05-11 09:29:54,2417.2,65214
2021-05-11 09:29:55,2416.95,65348
2021-05-11 09:29:56,2416.95,65377
2021-05-11 09:29:57,2416.95,65447
2021-05-11 09:29:58,2416.55,66266
2021-05-11 09:29:59,2416.9,66334
2021-05-11 09:30:00,2416.5,66426
2021-05-11 09:30:01,2416.9,66428
2021-05-11 09:30:02,2416.95,66718
2021-05-11 09:30:03,2417.55,66757
2021-05-11 09:30:04,2418.55,67162
2021-05-11 09:30:05,2419.3,67230
2021-05-11 09:30:06,2419.5,68118
2021-05-11 09:30:07,2419.7,68358
2021-05-11 09:30:08,2419.65,68414
2021-05-11 09:30:09,2419.7,68472
2021-05-11 09:30:12,2420.6,68496
2021-05-11 09:30:14,2420.45,68501
2021-05-11 09:30:14,2420.45,68526
2021-05-11 09:30:15,2420.45,68526
2021-05-11 09:30:16,2420.45,68526
2021-05-11 09:30:17,2420.45,68526
2021-05-11 09:30:18,2420.3,68529
2021-05-11 09:30:19,2420.3,68529
2021-05-11 09:30:20,2420.15,68666
2021-05-11 09:30:21,2419.85,68699
2021-05-11 09:30:22,2420.3,68726
2021-05-11 09:30:23,2420.3,68726
2021-05-11 09:30:24,2420.3,68726
2021-05-11 09:30:25,2420.15,68727
2021-05-11 09:30:26,2420.3,68786
2021-05-11 09:30:27,2419.9,68812
2021-05-11 09:30:29,2419.9,68841
2021-05-11 09:30:30,2420.3,68957
2021-05-11 09:30:31,2420.3,69115
2021-05-11 09:30:32,2419.7,69366
2021-05-11 09:30:33,2419.7,69601
2021-05-11 09:30:34,2419.7,69601
2021-05-11 09:30:36,2419.7,69616
2021-05-11 09:30:37,2419.85,69692
2021-05-11 09:30:38,2419.7,69769
2021-05-11 09:30:39,2419.7,69814
2021-05-11 09:30:40,2419.7,69916
2021-05-11 09:30:41,2419.7,69932
2021-05-11 09:30:42,2419.65,70068
2021-05-11 09:30:43,2419.5,70466
2021-05-11 09:30:44,2419.6,70530
2021-05-11 09:30:45,2418.65,70588
2021-05-11 09:30:46,2418.65,70592
2021-05-11 09:30:47,2418.65,70592
2021-05-11 09:30:48,2418.65,70592
2021-05-11 09:30:49,2418.65,70597
2021-05-11 09:30:50,2418.65,70600
2021-05-11 09:30:51,2419.6,70655
2021-05-11 09:30:52,2419.6,70655
2021-05-11 09:30:53,2419.65,70694
2021-05-11 09:30:54,2419.65,70694
2021-05-11 09:30:55,2419.65,70694
2021-05-11 09:30:56,2419.65,70694
2021-05-11 09:30:57,2418.8,70700
2021-05-11 09:30:58,2419.65,70701
2021-05-11 09:30:59,2418.7,70761
2021-05-11 09:31:00,2418.7,70761
2021-05-11 09:31:01,2418.7,70761
2021-05-11 09:31:02,2419.6,70769
2021-05-11 09:31:03,2419.0,71009
2021-05-11 09:31:04,2419.0,71009
2021-05-11 09:31:04,2418.7,71134
2021-05-11 09:31:05,2419.0,71192
2021-05-11 09:31:06,2419.0,71197
2021-05-11 09:31:07,2419.0,71210
2021-05-11 09:31:09,2418.75,71212
2021-05-11 09:31:10,2418.75,71212
2021-05-11 09:31:11,2419.15,71609
2021-05-11 09:31:12,2420.8,71843
2021-05-11 09:31:13,2420.8,71843
2021-05-11 09:31:14,2419.05,71943
2021-05-11 09:31:15,2419.05,71943
2021-05-11 09:31:16,2419.05,71943
2021-05-11 09:31:17,2419.05,71943
2021-05-11 09:31:18,2419.8,71948
2021-05-11 09:31:19,2419.8,71948
2021-05-11 09:31:20,2419.2,71955
2021-05-11 09:31:21,2419.85,72148
2021-05-11 09:31:22,2419.85,72148
2021-05-11 09:31:23,2419.2,72178
2021-05-11 09:31:24,2419.2,72178
2021-05-11 09:31:25,2419.7,72210
2021-05-11 09:31:26,2419.8,72229
2021-05-11 09:31:27,2419.8,72229
2021-05-11 09:31:28,2419.8,72229
2021-05-11 09:31:28,2420.8,72528
2021-05-11 09:31:29,2421.7,72537
2021-05-11 09:31:30,2421.1,72538
2021-05-11 09:31:31,2421.1,72580
2021-05-11 09:31:32,2421.55,72598
2021-05-11 09:31:33,2421.55,72598
2021-05-11 09:31:34,2421.8,72697
2021-05-11 09:31:35,2421.2,72701
2021-05-11 09:31:36,2421.4,72799
2021-05-11 09:31:38,2421.1,72857
2021-05-11 09:31:39,2421.25,73405
2021-05-11 09:31:40,2422.7,76101
2021-05-11 09:31:41,2422.35,76272
2021-05-11 09:31:42,2423.0,76501
2021-05-11 09:31:43,2421.95,76583
2021-05-11 09:31:44,2420.8,77134
2021-05-11 09:31:45,2421.9,77204
2021-05-11 09:31:46,2420.8,77603
2021-05-11 09:31:47,2420.8,77638
2021-05-11 09:31:48,2421.75,78051
2021-05-11 09:31:49,2420.7,78075
2021-05-11 09:31:50,2421.05,78076
2021-05-11 09:31:51,2421.5,78244
2021-05-11 09:31:52,2420.65,78265
2021-05-11 09:31:53,2420.65,78265
2021-05-11 09:31:54,2420.65,78301
2021-05-11 09:31:55,2420.65,78301
2021-05-11 09:31:56,2421.0,78321
2021-05-11 09:31:57,2420.7,78394
2021-05-11 09:31:58,2420.7,78394
2021-05-11 09:31:59,2420.55,78419
2021-05-11 09:32:00,2420.3,78498
2021-05-11 09:32:01,2420.3,78499
2021-05-11 09:32:02,2420.3,78531
2021-05-11 09:32:03,2420.3,78653
2021-05-11 09:32:04,2420.3,78653
2021-05-11 09:32:05,2420.3,78653
2021-05-11 09:32:06,2420.0,78731
2021-05-11 09:32:07,2420.0,78731
2021-05-11 09:32:08,2419.9,78743
2021-05-11 09:32:09,2419.9,78749
2021-05-11 09:32:10,2419.9,78749
2021-05-11 09:32:11,2419.9,78749
2021-05-11 09:32:12,2419.0,78849
2021-05-11 09:32:13,2419.0,78849
2021-05-11 09:32:14,2418.9,78976
2021-05-11 09:32:15,2418.9,78976
2021-05-11 09:32:16,2418.9,78976
2021-05-11 09:32:17,2419.05,78978
2021-05-11 09:32:18,2419.05,78982
2021-05-11 09:32:19,2418.8,78987
2021-05-11 09:32:20,2418.8,79010
2021-05-11 09:32:21,2419.0,79011
2021-05-11 09:32:22,2419.0,79016
2021-05-11 09:32:23,2418.0,79187
2021-05-11 09:32:24,2418.0,79200
2021-05-11 09:32:26,2418.0,79227
2021-05-11 09:32:29,2418.3,79255
2021-05-11 09:32:31,2417.0,80113
2021-05-11 09:32:32,2417.15,80212
2021-05-11 09:32:33,2416.8,80216
2021-05-11 09:32:34,2416.7,80217
2021-05-11 09:32:35,2415.85,80376
2021-05-11 09:32:36,2415.85,80376
2021-05-11 09:32:37,2415.85,80398
2021-05-11 09:32:38,2415.8,80434
2021-05-11 09:32:39,2416.8,80505
2021-05-11 09:32:40,2416.8,80505
2021-05-11 09:32:41,2416.8,80513
2021-05-11 09:32:42,2416.8,80514
2021-05-11 09:32:43,2416.8,80514
2021-05-11 09:32:44,2415.85,80515
2021-05-11 09:32:45,2415.0,82407
2021-05-11 09:32:46,2415.0,82617
2021-05-11 09:32:47,2414.85,82962
2021-05-11 09:32:48,2415.05,83007
2021-05-11 09:32:49,2414.8,83022
2021-05-11 09:32:50,2416.2,83325
2021-05-11 09:32:51,2415.05,83351
2021-05-11 09:32:52,2415.05,83351
2021-05-11 09:32:53,2415.05,83353
2021-05-11 09:32:54,2415.05,83353
2021-05-11 09:32:55,2415.05,83594
2021-05-11 09:32:56,2415.05,83594
2021-05-11 09:32:57,2415.1,83695
2021-05-11 09:32:58,2415.1,83695
2021-05-11 09:32:59,2415.1,83695
2021-05-11 09:33:00,2415.5,83727
2021-05-11 09:33:01,2415.5,83727
2021-05-11 09:33:03,2416.0,83728
2021-05-11 09:33:04,2416.0,83805
2021-05-11 09:33:05,2415.9,83851
2021-05-11 09:33:06,2415.0,83991
2021-05-11 09:33:07,2415.8,83993
2021-05-11 09:33:08,2415.0,84003
2021-05-11 09:33:09,2415.0,84043
2021-05-11 09:33:10,2415.0,84076
2021-05-11 09:33:11,2415.0,84118
2021-05-11 09:33:12,2415.0,84118
2021-05-11 09:33:13,2415.0,84125
2021-05-11 09:33:14,2415.0,84125
2021-05-11 09:33:15,2414.85,84138
2021-05-11 09:33:17,2415.0,84164
2021-05-11 09:33:16,2414.85,84138
2021-05-11 09:33:18,2414.95,84306
2021-05-11 09:33:19,2415.9,84381
2021-05-11 09:33:21,2415.9,84460
2021-05-11 09:33:22,2415.9,84460
2021-05-11 09:33:23,2415.9,84460
2021-05-11 09:33:24,2415.9,84560
2021-05-11 09:33:25,2415.9,84560
2021-05-11 09:33:26,2415.9,84560
2021-05-11 09:33:27,2415.9,84560
2021-05-11 09:33:28,2415.9,84560
2021-05-11 09:33:29,2415.8,84594
2021-05-11 09:33:30,2415.9,84609
2021-05-11 09:33:31,2415.8,84614
2021-05-11 09:33:32,2415.8,84614
2021-05-11 09:33:33,2415.9,84623
2021-05-11 09:33:34,2415.8,84653
2021-05-11 09:33:35,2415.8,84657
2021-05-11 09:33:36,2415.8,84657
2021-05-11 09:33:37,2415.0,84700
2021-05-11 09:33:38,2415.8,84701
2021-05-11 09:33:39,2415.8,84726
2021-05-11 09:33:40,2415.8,84738
2021-05-11 09:33:41,2415.1,84760
2021-05-11 09:33:42,2415.1,84760
2021-05-11 09:33:43,2415.1,84760
2021-05-11 09:33:44,2415.1,84760
2021-05-11 09:33:45,2415.1,84760
2021-05-11 09:33:46,2415.1,84760
2021-05-11 09:33:47,2415.1,84760
2021-05-11 09:33:48,2415.1,84761
2021-05-11 09:33:49,2415.9,84911
2021-05-11 09:33:50,2415.9,84911
2021-05-11 09:33:53,2415.3,84936
2021-05-11 09:33:54,2415.75,84938
2021-05-11 09:33:55,2415.75,84938
2021-05-11 09:33:56,2415.3,84987
2021-05-11 09:33:57,2415.3,84996
2021-05-11 09:33:58,2415.45,85096
2021-05-11 09:33:59,2415.45,85096
2021-05-11 09:34:00,2415.1,85112
2021-05-11 09:34:01,2415.45,85115
2021-05-11 09:34:03,2415.5,85181
2021-05-11 09:34:04,2415.7,85278
2021-05-11 09:34:04,2415.6,85280
2021-05-11 09:34:05,2415.0,85380
2021-05-11 09:34:07,2415.0,85426
2021-05-11 09:34:08,2415.0,85430
2021-05-11 09:34:08,2415.0,85430
2021-05-11 09:34:09,2415.55,85455
2021-05-11 09:34:10,2415.55,85455
2021-05-11 09:34:13,2415.6,85506
2021-05-11 09:34:14,2415.15,85541
2021-05-11 09:34:15,2415.6,85551
2021-05-11 09:34:15,2415.6,85551
2021-05-11 09:34:16,2415.6,85551
2021-05-11 09:34:17,2415.6,85552
2021-05-11 09:34:18,2415.6,85552
2021-05-11 09:34:19,2415.6,85553
2021-05-11 09:34:20,2415.6,85557
2021-05-11 09:34:21,2415.6,85557
2021-05-11 09:34:22,2415.6,85558
2021-05-11 09:34:23,2415.65,85583
2021-05-11 09:34:24,2415.65,85583
2021-05-11 09:34:25,2415.65,85583
2021-05-11 09:34:26,2415.65,85583
2021-05-11 09:34:27,2415.65,85583
2021-05-11 09:34:28,2415.5,85585
2021-05-11 09:34:29,2415.75,85939
2021-05-11 09:34:30,2415.75,86271
2021-05-11 09:34:31,2415.75,86271
2021-05-11 09:34:32,2415.75,86271
2021-05-11 09:34:33,2415.5,86282
2021-05-11 09:34:34,2415.5,86287
2021-05-11 09:34:35,2415.5,86288
2021-05-11 09:34:36,2415.5,86288
2021-05-11 09:34:37,2415.75,86293
2021-05-11 09:34:38,2415.65,86294
2021-05-11 09:34:39,2415.65,86294
2021-05-11 09:34:40,2415.75,86295
2021-05-11 09:34:41,2415.75,86295
2021-05-11 09:34:42,2415.75,86320
2021-05-11 09:34:43,2415.75,86320
2021-05-11 09:34:44,2416.15,86541
2021-05-11 09:34:45,2415.85,86576
2021-05-11 09:34:46,2415.85,86576
2021-05-11 09:34:47,2415.85,86576
2021-05-11 09:34:49,2415.85,86576
2021-05-11 09:34:50,2415.85,86576
2021-05-11 09:34:51,2415.85,86576
2021-05-11 09:34:52,2415.85,86576
2021-05-11 09:34:53,2415.85,86576
2021-05-11 09:34:54,2415.85,86576
2021-05-11 09:34:55,2415.85,86576
2021-05-11 09:34:56,2416.5,86633
2021-05-11 09:34:57,2416.15,86643
2021-05-11 09:34:58,2416.15,86643
2021-05-11 09:34:59,2417.0,86801
2021-05-11 09:35:00,2417.75,86869
2021-05-11 09:35:02,2417.75,86869
2021-05-11 09:35:03,2417.75,86869
2021-05-11 09:35:04,2417.75,86869
2021-05-11 09:35:05,2417.95,86969
2021-05-11 09:35:05,2417.2,87048
2021-05-11 09:35:06,2417.2,87054
2021-05-11 09:35:07,2417.2,87094
2021-05-11 09:35:08,2417.2,87094
2021-05-11 09:35:09,2417.2,87094
2021-05-11 09:35:10,2417.2,87094
2021-05-11 09:35:11,2417.2,87094
2021-05-11 09:35:12,2417.2,87094
2021-05-11 09:35:13,2417.2,87094
2021-05-11 09:35:14,2417.05,87125
2021-05-11 09:35:15,2416.8,87301
2021-05-11 09:35:16,2417.0,87446
2021-05-11 09:35:17,2417.0,87446
2021-05-11 09:35:18,2417.0,87446
2021-05-11 09:35:19,2417.0,87446
2021-05-11 09:35:20,2417.0,87446
2021-05-11 09:35:21,2415.5,87520
2021-05-11 09:35:22,2416.05,87528
2021-05-11 09:35:24,2415.5,87611
2021-05-11 09:35:23,2415.45,87574
2021-05-11 09:35:25,2415.2,87631
2021-05-11 09:35:26,2416.1,87637
2021-05-11 09:35:27,2412.0,92735
2021-05-11 09:35:28,2413.75,93776
2021-05-11 09:35:29,2412.8,93805
2021-05-11 09:35:30,2412.8,93881
2021-05-11 09:35:31,2411.4,94153
2021-05-11 09:35:33,2412.65,94319
2021-05-11 09:35:32,2411.6,94318
2021-05-11 09:35:34,2411.4,94377
2021-05-11 09:35:36,2411.4,94389
2021-05-11 09:35:36,2411.6,94594
2021-05-11 09:35:38,2411.3,94770
2021-05-11 09:35:38,2411.5,94743
2021-05-11 09:35:39,2412.45,95097
2021-05-11 09:35:41,2413.0,95138
2021-05-11 09:35:42,2413.0,95138
2021-05-11 09:35:42,2413.0,95138
2021-05-11 09:35:43,2413.0,95144
2021-05-11 09:35:44,2413.2,95423
2021-05-11 09:35:45,2412.4,95473
2021-05-11 09:35:47,2412.4,95508
2021-05-11 09:35:48,2412.6,95613
2021-05-11 09:35:48,2412.85,95703
2021-05-11 09:35:49,2412.6,95773
2021-05-11 09:35:50,2413.0,95780
2021-05-11 09:35:51,2411.8,95902
2021-05-11 09:35:52,2411.8,95914
2021-05-11 09:35:53,2411.65,95976
2021-05-11 09:35:54,2411.65,96042
2021-05-11 09:35:55,2411.55,96091
2021-05-11 09:35:56,2411.7,96106
2021-05-11 09:35:57,2412.9,96149
2021-05-11 09:35:58,2412.0,96184
2021-05-11 09:35:59,2411.7,96318
2021-05-11 09:36:00,2412.6,96438
2021-05-11 09:36:01,2412.6,96438
2021-05-11 09:36:02,2412.6,96438
2021-05-11 09:36:03,2411.75,96444
2021-05-11 09:36:04,2411.9,96546
2021-05-11 09:36:06,2411.2,96681
2021-05-11 09:36:07,2411.9,96702
2021-05-11 09:36:08,2411.3,96805
2021-05-11 09:36:10,2411.9,96817
2021-05-11 09:36:11,2411.9,96952
2021-05-11 09:36:12,2411.3,96981
2021-05-11 09:36:14,2412.0,97095
2021-05-11 09:36:16,2411.25,97241
2021-05-11 09:36:17,2411.25,97241
2021-05-11 09:36:18,2411.9,97257
2021-05-11 09:36:19,2411.9,97257
2021-05-11 09:36:20,2411.9,97257
2021-05-11 09:36:20,2412.6,97406
2021-05-11 09:36:21,2413.45,97407
2021-05-11 09:36:23,2412.3,97433
2021-05-11 09:36:24,2412.6,97443
2021-05-11 09:36:25,2412.6,97443
2021-05-11 09:36:26,2412.6,97458
2021-05-11 09:36:28,2413.3,97470
2021-05-11 09:36:29,2413.3,97498
2021-05-11 09:36:30,2413.3,97498
2021-05-11 09:36:32,2413.3,97498
2021-05-11 09:36:32,2413.3,97498
2021-05-11 09:36:34,2413.0,97652
2021-05-11 09:36:35,2411.95,97734
2021-05-11 09:36:36,2413.1,97735
2021-05-11 09:36:37,2412.3,97740
2021-05-11 09:36:38,2412.3,97740
2021-05-11 09:36:39,2412.3,97740
2021-05-11 09:36:40,2413.3,97840
2021-05-11 09:36:41,2412.3,97953
2021-05-11 09:36:42,2414.05,98953
2021-05-11 09:36:43,2412.5,99049
2021-05-11 09:36:44,2412.3,99050
2021-05-11 09:36:45,2412.3,99177
2021-05-11 09:36:47,2412.3,99200
2021-05-11 09:36:48,2412.3,99225
2021-05-11 09:36:48,2412.3,99225
2021-05-11 09:36:49,2412.3,99225
2021-05-11 09:36:50,2412.3,99225
2021-05-11 09:36:51,2411.9,99771
2021-05-11 09:36:52,2413.0,99926
2021-05-11 09:36:53,2413.0,99926
2021-05-11 09:36:55,2412.5,99956
2021-05-11 09:36:56,2412.5,100019
2021-05-11 09:36:57,2413.1,100048
2021-05-11 09:36:58,2413.1,100048
2021-05-11 09:36:59,2411.9,100074
2021-05-11 09:37:00,2413.1,100076
2021-05-11 09:37:01,2411.9,100081
2021-05-11 09:37:02,2413.0,100134
2021-05-11 09:37:03,2412.0,100135
2021-05-11 09:37:04,2411.9,100307
2021-05-11 09:37:05,2412.5,100326
2021-05-11 09:37:07,2412.5,100326
2021-05-11 09:37:08,2412.5,100326
2021-05-11 09:37:08,2412.0,100346
2021-05-11 09:37:09,2412.5,100351
2021-05-11 09:37:10,2411.8,100361
2021-05-11 09:37:11,2411.9,100363
2021-05-11 09:37:13,2412.5,100384
2021-05-11 09:37:14,2411.9,100417
2021-05-11 09:37:15,2412.5,100420
2021-05-11 09:37:16,2412.5,100420
2021-05-11 09:37:17,2412.5,100420
2021-05-11 09:37:18,2412.5,100512
2021-05-11 09:37:19,2412.1,100582
2021-05-11 09:37:19,2412.1,100582
2021-05-11 09:37:21,2412.05,100627
2021-05-11 09:37:21,2412.05,100627
2021-05-11 09:37:22,2412.05,100627
2021-05-11 09:37:23,2412.05,100628
2021-05-11 09:37:24,2412.05,100631
2021-05-11 09:37:25,2412.05,100636
2021-05-11 09:37:26,2412.5,100641
2021-05-11 09:37:27,2412.05,100647
2021-05-11 09:37:28,2412.5,100651
2021-05-11 09:37:29,2412.05,101702
2021-05-11 09:37:30,2412.45,101872
2021-05-11 09:37:31,2412.45,101872
2021-05-11 09:37:32,2411.0,101936
2021-05-11 09:37:34,2411.8,101970
2021-05-11 09:37:35,2411.8,101990
2021-05-11 09:37:36,2411.0,101991
2021-05-11 09:37:37,2411.0,102283
2021-05-11 09:37:38,2411.0,102283
2021-05-11 09:37:38,2411.7,102286
2021-05-11 09:37:39,2411.7,102286
2021-05-11 09:37:40,2411.5,102288
2021-05-11 09:37:41,2411.5,102323
2021-05-11 09:37:42,2411.5,102386
2021-05-11 09:37:43,2411.5,102386
2021-05-11 09:37:44,2411.5,102386
2021-05-11 09:37:46,2411.5,102401
2021-05-11 09:37:47,2411.5,102401
2021-05-11 09:37:48,2411.65,102422
2021-05-11 09:37:49,2411.5,102429
2021-05-11 09:37:49,2411.5,102487
2021-05-11 09:37:50,2412.35,102550
2021-05-11 09:37:51,2411.65,102560
2021-05-11 09:37:52,2411.65,102562
2021-05-11 09:37:53,2411.5,102564
2021-05-11 09:37:55,2411.65,102590
2021-05-11 09:37:55,2411.65,102590
2021-05-11 09:37:56,2411.65,102590
2021-05-11 09:37:57,2411.65,102590
2021-05-11 09:37:58,2411.65,102590
2021-05-11 09:38:00,2411.5,102607
2021-05-11 09:38:00,2411.5,102610
2021-05-11 09:38:01,2411.5,102610
2021-05-11 09:38:02,2412.0,102760
2021-05-11 09:38:04,2412.0,102994
2021-05-11 09:38:05,2412.0,102994
2021-05-11 09:38:05,2412.0,102995
2021-05-11 09:38:06,2412.0,103017
2021-05-11 09:38:07,2412.0,103237
2021-05-11 09:38:08,2412.3,103299
2021-05-11 09:38:09,2412.6,103368
2021-05-11 09:38:10,2412.6,103368
2021-05-11 09:38:11,2412.6,103368
2021-05-11 09:38:12,2412.3,103369
2021-05-11 09:38:13,2412.3,103369
2021-05-11 09:38:14,2412.75,103469
2021-05-11 09:38:15,2412.1,103481
2021-05-11 09:38:17,2412.0,103502
2021-05-11 09:38:18,2412.6,103503
2021-05-11 09:38:19,2412.6,103503
2021-05-11 09:38:21,2412.65,103504
2021-05-11 09:38:22,2412.65,103504
2021-05-11 09:38:23,2412.65,103504
2021-05-11 09:38:24,2412.65,103504
2021-05-11 09:38:25,2412.65,103505
2021-05-11 09:38:25,2412.65,103505
2021-05-11 09:38:27,2412.65,103559
2021-05-11 09:38:28,2412.65,103559
2021-05-11 09:38:29,2412.6,103893
2021-05-11 09:38:29,2412.55,103944
2021-05-11 09:38:30,2412.55,103944
2021-05-11 09:38:31,2412.0,103973
2021-05-11 09:38:33,2412.0,103976
2021-05-11 09:38:33,2412.0,103976
2021-05-11 09:38:35,2412.0,104043
2021-05-11 09:38:36,2412.0,104043
2021-05-11 09:38:37,2412.05,104068
2021-05-11 09:38:38,2412.55,104132
2021-05-11 09:38:38,2412.55,104132
2021-05-11 09:38:39,2411.5,104432
2021-05-11 09:38:41,2411.5,104432
2021-05-11 09:38:42,2411.5,104437
2021-05-11 09:38:42,2411.5,104437
2021-05-11 09:38:44,2412.35,104438
2021-05-11 09:38:45,2412.35,104500
2021-05-11 09:38:46,2412.35,104513
2021-05-11 09:38:47,2412.35,104513
2021-05-11 09:38:48,2412.3,104532
2021-05-11 09:38:49,2412.0,104542
2021-05-11 09:38:49,2411.25,104553
2021-05-11 09:38:51,2411.25,104553
2021-05-11 09:38:52,2411.25,104553
2021-05-11 09:38:53,2411.25,104558
2021-05-11 09:38:54,2411.25,104558
2021-05-11 09:38:55,2411.25,104558
2021-05-11 09:38:56,2411.25,104558
2021-05-11 09:38:57,2411.25,104558
2021-05-11 09:38:57,2412.2,104568
2021-05-11 09:38:59,2411.3,104585
2021-05-11 09:38:59,2412.3,104650
2021-05-11 09:39:00,2412.25,104651
2021-05-11 09:39:01,2411.4,104665
2021-05-11 09:39:02,2411.4,104666
2021-05-11 09:39:03,2412.2,104676
2021-05-11 09:39:04,2412.2,104676
2021-05-11 09:39:05,2411.3,104776
2021-05-11 09:39:11,2411.05,104976
2021-05-11 09:39:11,2411.05,104976
2021-05-11 09:39:13,2412.1,104979
2021-05-11 09:39:14,2411.3,104982
2021-05-11 09:39:17,2411.8,104992
2021-05-11 09:39:19,2411.05,105044
2021-05-11 09:39:20,2411.05,105044
2021-05-11 09:39:20,2411.4,105051
2021-05-11 09:39:22,2411.4,105052
2021-05-11 09:39:24,2411.4,105052
2021-05-11 09:39:25,2411.0,105128
2021-05-11 09:39:26,2411.0,105130
2021-05-11 09:39:27,2411.0,105130
2021-05-11 09:39:28,2411.0,105147
2021-05-11 09:39:29,2411.0,105162
2021-05-11 09:39:30,2411.0,105163
2021-05-11 09:39:31,2411.0,105163
2021-05-11 09:39:32,2411.65,105197
2021-05-11 09:39:34,2411.65,105197
2021-05-11 09:39:35,2411.65,105197
2021-05-11 09:39:36,2411.5,105297
2021-05-11 09:39:37,2411.5,105297
2021-05-11 09:39:37,2411.5,105297
2021-05-11 09:39:38,2411.5,105297
2021-05-11 09:39:39,2411.0,105514
2021-05-11 09:39:40,2411.5,105539
2021-05-11 09:39:41,2411.5,105540
2021-05-11 09:39:43,2411.5,105540
2021-05-11 09:39:44,2411.0,105545
2021-05-11 09:39:45,2411.0,105545
2021-05-11 09:39:47,2411.5,105582
2021-05-11 09:39:48,2411.5,105582
2021-05-11 09:39:49,2411.0,105602
2021-05-11 09:39:50,2411.0,105602
2021-05-11 09:39:51,2411.05,105608
2021-05-11 09:39:52,2411.05,105608
2021-05-11 09:39:53,2411.05,105608
2021-05-11 09:39:54,2411.5,105609
2021-05-11 09:39:55,2411.5,105611
2021-05-11 09:39:55,2411.25,105616
2021-05-11 09:39:57,2411.25,105679
2021-05-11 09:39:59,2411.25,105789
2021-05-11 09:40:00,2411.25,105789
2021-05-11 09:40:00,2411.5,105794
2021-05-11 09:40:02,2411.25,105824
2021-05-11 09:40:03,2411.25,105824
2021-05-11 09:40:03,2411.25,105824
2021-05-11 09:40:04,2411.05,105874
2021-05-11 09:40:05,2411.0,105986
2021-05-11 09:40:06,2411.0,105986
2021-05-11 09:40:07,2411.0,105986
2021-05-11 09:40:08,2411.5,105999
2021-05-11 09:40:10,2411.5,105999
2021-05-11 09:40:11,2411.4,106034
2021-05-11 09:40:12,2411.0,106084
2021-05-11 09:40:13,2411.0,106099
2021-05-11 09:40:14,2411.0,106103
2021-05-11 09:40:15,2411.0,106165
2021-05-11 09:40:16,2411.5,106197
2021-05-11 09:40:17,2411.0,106203
2021-05-11 09:40:18,2411.45,106458
2021-05-11 09:40:19,2411.5,106494
2021-05-11 09:40:20,2411.5,106524
2021-05-11 09:40:21,2411.5,106594
2021-05-11 09:40:22,2411.0,106618
2021-05-11 09:40:23,2411.0,106618
2021-05-11 09:40:24,2411.0,106743
2021-05-11 09:40:25,2411.5,106778
2021-05-11 09:40:26,2411.15,106779
2021-05-11 09:40:27,2411.5,106869
2021-05-11 09:40:28,2411.15,106888
2021-05-11 09:40:29,2411.15,106888
2021-05-11 09:40:30,2411.5,106890
2021-05-11 09:40:31,2411.5,106890
2021-05-11 09:40:32,2411.0,107160
2021-05-11 09:40:33,2410.8,107228
2021-05-11 09:40:34,2410.8,107249
2021-05-11 09:40:35,2410.8,107249
2021-05-11 09:40:36,2411.15,107250
2021-05-11 09:40:36,2411.15,107250
2021-05-11 09:40:38,2411.15,107250
2021-05-11 09:40:39,2410.8,107251
2021-05-11 09:40:40,2411.15,107278
2021-05-11 09:40:41,2411.15,107278
2021-05-11 09:40:41,2411.15,107280
2021-05-11 09:40:42,2410.8,107290
2021-05-11 09:40:44,2411.2,107865
2021-05-11 09:40:45,2410.3,109119
2021-05-11 09:40:46,2412.0,109327
2021-05-11 09:40:48,2412.0,109327
2021-05-11 09:40:49,2411.75,109338
2021-05-11 09:40:51,2411.75,109338
2021-05-11 09:40:51,2411.75,109371
2021-05-11 09:40:53,2411.75,109371
2021-05-11 09:40:54,2411.75,109398
2021-05-11 09:40:55,2412.0,109654
2021-05-11 09:40:56,2412.8,109755
2021-05-11 09:40:57,2412.8,109755
2021-05-11 09:40:58,2412.8,109755
2021-05-11 09:40:59,2411.65,109772
2021-05-11 09:40:59,2411.65,109772
2021-05-11 09:41:00,2411.6,109787
2021-05-11 09:41:01,2412.3,109855
2021-05-11 09:41:03,2412.4,109856
2021-05-11 09:41:04,2412.4,109856
2021-05-11 09:41:07,2412.4,110098
2021-05-11 09:41:08,2412.4,110099
2021-05-11 09:41:09,2411.8,110530
2021-05-11 09:41:10,2411.0,110648
2021-05-11 09:41:11,2411.0,110648
2021-05-11 09:41:12,2411.0,110648
2021-05-11 09:41:12,2413.5,111222
2021-05-11 09:41:13,2414.0,111617
2021-05-11 09:41:14,2412.95,111657
2021-05-11 09:41:15,2412.8,111673
2021-05-11 09:41:17,2412.8,111674
2021-05-11 09:41:18,2414.0,111712
2021-05-11 09:41:19,2412.75,111732
2021-05-11 09:41:20,2413.7,111733
2021-05-11 09:41:21,2413.7,111733
2021-05-11 09:41:22,2412.8,111743
2021-05-11 09:41:23,2412.8,111745
2021-05-11 09:41:24,2413.5,111776
2021-05-11 09:41:25,2413.5,111776
2021-05-11 09:41:26,2413.5,111776
2021-05-11 09:41:26,2413.5,111776
2021-05-11 09:41:27,2412.7,111869
2021-05-11 09:41:29,2411.35,112067
2021-05-11 09:41:30,2411.3,112148
2021-05-11 09:41:31,2411.05,112158
2021-05-11 09:41:32,2411.2,112167
2021-05-11 09:41:32,2412.0,112194
2021-05-11 09:41:33,2412.0,112194
2021-05-11 09:41:34,2412.0,112194
2021-05-11 09:41:35,2412.0,112194
2021-05-11 09:41:37,2412.0,112194
2021-05-11 09:41:38,2412.0,112209
2021-05-11 09:41:39,2411.0,112211
2021-05-11 09:41:40,2411.2,112497
2021-05-11 09:41:41,2411.2,112497
2021-05-11 09:41:42,2411.2,112497
2021-05-11 09:41:43,2411.2,112497
2021-05-11 09:41:44,2411.95,112502
2021-05-11 09:41:45,2411.2,112519
2021-05-11 09:41:47,2411.2,112554
2021-05-11 09:41:48,2411.0,112587
2021-05-11 09:41:49,2412.25,112690
2021-05-11 09:41:50,2411.25,112713
2021-05-11 09:41:51,2411.05,112754
2021-05-11 09:41:52,2411.05,112754
2021-05-11 09:41:53,2411.05,112754
2021-05-11 09:41:55,2411.95,112756
2021-05-11 09:41:56,2412.0,112770
2021-05-11 09:41:57,2412.0,112770
2021-05-11 09:41:58,2412.0,112770
2021-05-11 09:41:59,2412.0,112787
2021-05-11 09:42:00,2412.0,112787
2021-05-11 09:42:01,2412.0,112787
2021-05-11 09:42:02,2412.2,112788
2021-05-11 09:42:02,2412.2,112788
2021-05-11 09:42:04,2412.0,112801
2021-05-11 09:42:05,2412.2,112820
2021-05-11 09:42:06,2412.25,112870
2021-05-11 09:42:07,2412.2,112939
2021-05-11 09:42:08,2411.95,113018
2021-05-11 09:42:09,2411.95,113018
2021-05-11 09:42:10,2411.95,113018
2021-05-11 09:42:11,2411.95,113018
2021-05-11 09:42:12,2412.2,113032
2021-05-11 09:42:13,2412.2,113032
2021-05-11 09:42:14,2412.2,113032
2021-05-11 09:42:15,2412.2,113082
2021-05-11 09:42:16,2412.2,113082
2021-05-11 09:42:17,2412.2,113097
2021-05-11 09:42:17,2412.2,113097
2021-05-11 09:42:18,2412.2,113126
2021-05-11 09:42:19,2412.2,113126
2021-05-11 09:42:20,2412.2,113126
2021-05-11 09:42:21,2412.2,113126
2021-05-11 09:42:23,2412.2,113126
2021-05-11 09:42:25,2412.2,113158
2021-05-11 09:42:26,2412.25,113160
2021-05-11 09:42:27,2412.25,113160
2021-05-11 09:42:28,2412.25,113167
2021-05-11 09:42:30,2412.2,113184
2021-05-11 09:42:31,2412.2,113186
2021-05-11 09:42:32,2412.2,113186
2021-05-11 09:42:33,2412.2,113246
2021-05-11 09:42:34,2412.25,113266
2021-05-11 09:42:35,2411.0,113368
2021-05-11 09:42:36,2412.1,113411
2021-05-11 09:42:38,2412.1,113411
2021-05-11 09:42:39,2411.65,113418
2021-05-11 09:42:40,2411.1,113447
2021-05-11 09:42:41,2411.65,113457
2021-05-11 09:42:42,2411.1,113458
2021-05-11 09:42:43,2411.0,113535
2021-05-11 09:42:44,2411.0,113537
2021-05-11 09:42:45,2411.0,113537
2021-05-11 09:42:47,2411.65,113551
2021-05-11 09:42:46,2411.65,113551
2021-05-11 09:42:48,2411.65,113551
2021-05-11 09:42:50,2411.65,113551
2021-05-11 09:42:51,2411.3,113556
2021-05-11 09:42:52,2411.3,113556
2021-05-11 09:42:54,2411.3,113556
2021-05-11 09:42:53,2411.3,113556
2021-05-11 09:42:55,2411.3,113556
2021-05-11 09:42:56,2411.0,113583
2021-05-11 09:42:57,2411.65,113594
2021-05-11 09:42:58,2411.65,113594
2021-05-11 09:42:59,2411.0,113618
2021-05-11 09:43:00,2411.0,113618
2021-05-11 09:43:01,2411.0,113665
2021-05-11 09:43:02,2411.0,113671
2021-05-11 09:43:03,2411.0,113671
2021-05-11 09:43:04,2411.65,113749
2021-05-11 09:43:05,2411.0,113780
2021-05-11 09:43:06,2411.65,113783
2021-05-11 09:43:07,2411.65,113783
2021-05-11 09:43:08,2411.65,113784
2021-05-11 09:43:09,2411.65,113784
2021-05-11 09:43:11,2411.65,113784
2021-05-11 09:43:12,2411.65,113784
2021-05-11 09:43:13,2411.65,113797
2021-05-11 09:43:14,2411.65,113799
2021-05-11 09:43:15,2411.65,113799
2021-05-11 09:43:16,2411.65,113799
2021-05-11 09:43:17,2411.65,113799
2021-05-11 09:43:18,2411.65,113800
2021-05-11 09:43:19,2411.65,113800
2021-05-11 09:43:20,2411.3,113842
2021-05-11 09:43:21,2411.3,113842
2021-05-11 09:43:23,2411.3,113842
2021-05-11 09:43:22,2411.3,113842
2021-05-11 09:43:24,2411.65,113860
2021-05-11 09:43:25,2411.3,113888
2021-05-11 09:43:26,2411.3,113947
2021-05-11 09:43:27,2411.6,113956
2021-05-11 09:43:28,2411.3,113992
2021-05-11 09:43:29,2411.6,113993
2021-05-11 09:43:30,2411.3,114093
2021-05-11 09:43:31,2411.3,114093
2021-05-11 09:43:32,2411.3,114093
2021-05-11 09:43:33,2411.3,114093
2021-05-11 09:43:34,2411.6,114096
2021-05-11 09:43:36,2411.6,114096
2021-05-11 09:43:37,2411.6,114096
2021-05-11 09:43:38,2411.35,114117
2021-05-11 09:43:39,2411.35,114127
2021-05-11 09:43:40,2411.35,114127
2021-05-11 09:43:41,2411.6,114143
2021-05-11 09:43:42,2411.35,114183
2021-05-11 09:43:43,2411.6,114184
2021-05-11 09:43:44,2411.6,114184
2021-05-11 09:43:45,2411.6,114209
2021-05-11 09:43:46,2411.6,114209
2021-05-11 09:43:47,2411.6,114210
2021-05-11 09:43:48,2411.6,114210
2021-05-11 09:43:49,2411.35,114221
2021-05-11 09:43:50,2411.35,114221
2021-05-11 09:43:51,2411.75,114522
2021-05-11 09:43:52,2412.2,114624
2021-05-11 09:43:53,2412.2,114624
2021-05-11 09:43:54,2412.2,114624
2021-05-11 09:43:55,2412.2,114624
2021-05-11 09:43:56,2412.2,114624
2021-05-11 09:43:57,2411.6,114630
2021-05-11 09:43:58,2411.7,114635
2021-05-11 09:43:59,2411.65,114652
2021-05-11 09:44:00,2411.65,114652
2021-05-11 09:44:01,2412.2,114691
2021-05-11 09:44:02,2412.2,114692
2021-05-11 09:44:03,2411.65,114704
2021-05-11 09:44:04,2411.65,114704
2021-05-11 09:44:05,2411.85,114705
2021-05-11 09:44:06,2411.85,114715
2021-05-11 09:44:07,2411.85,114715
2021-05-11 09:44:08,2411.85,114715
2021-05-11 09:44:09,2411.85,114715
2021-05-11 09:44:10,2412.2,114716
2021-05-11 09:44:11,2412.2,114716
2021-05-11 09:44:12,2412.2,114716
2021-05-11 09:44:13,2412.2,114726
2021-05-11 09:44:14,2412.2,114786
2021-05-11 09:44:15,2411.85,114823
2021-05-11 09:44:16,2411.85,114823
2021-05-11 09:44:17,2412.2,114833
2021-05-11 09:44:18,2412.2,114833
2021-05-11 09:44:19,2412.2,114833
2021-05-11 09:44:20,2412.2,114834
2021-05-11 09:44:21,2412.2,114834
2021-05-11 09:44:22,2412.9,114905
2021-05-11 09:44:23,2412.9,114905
2021-05-11 09:44:24,2411.9,114914
2021-05-11 09:44:25,2412.2,114963
2021-05-11 09:44:26,2412.2,114963
2021-05-11 09:44:27,2412.2,114964
2021-05-11 09:44:28,2412.0,114984
2021-05-11 09:44:29,2412.0,114984
2021-05-11 09:44:30,2412.0,114984
2021-05-11 09:44:31,2412.0,114984
2021-05-11 09:44:32,2412.0,114984
2021-05-11 09:44:33,2412.0,114984
2021-05-11 09:44:34,2412.0,114994
2021-05-11 09:44:35,2412.0,114994
2021-05-11 09:44:36,2412.55,114995
2021-05-11 09:44:37,2412.55,114995
2021-05-11 09:44:38,2412.55,114995
2021-05-11 09:44:39,2412.55,114995
2021-05-11 09:44:40,2412.0,115013
2021-05-11 09:44:42,2412.5,115031
2021-05-11 09:44:43,2412.55,115057
2021-05-11 09:44:44,2412.55,115071
2021-05-11 09:44:45,2412.0,115121
2021-05-11 09:44:46,2412.0,115121
2021-05-11 09:44:48,2412.55,115157
2021-05-11 09:44:47,2412.0,115156
2021-05-11 09:44:49,2412.55,115157
2021-05-11 09:44:50,2412.55,115158
2021-05-11 09:44:52,2412.0,115193
2021-05-11 09:44:53,2412.55,115198
2021-05-11 09:44:54,2412.55,115198
2021-05-11 09:44:54,2412.55,115198
2021-05-11 09:44:56,2412.55,115207
2021-05-11 09:44:56,2412.05,115208
2021-05-11 09:44:58,2412.55,115210
2021-05-11 09:44:59,2412.05,115245
2021-05-11 09:45:00,2412.55,115305
2021-05-11 09:45:00,2412.55,115305
2021-05-11 09:45:01,2412.55,115423
2021-05-11 09:45:02,2412.5,115428
2021-05-11 09:45:03,2412.05,115429
2021-05-11 09:45:04,2412.05,115492
2021-05-11 09:45:05,2412.05,115492
2021-05-11 09:45:06,2412.05,115492
2021-05-11 09:45:07,2412.65,115560
2021-05-11 09:45:09,2412.65,115560
2021-05-11 09:45:09,2412.65,115560
2021-05-11 09:45:10,2412.65,115562
2021-05-11 09:45:11,2412.65,115562
2021-05-11 09:45:12,2412.65,115562
2021-05-11 09:45:13,2412.65,115562
2021-05-11 09:45:14,2412.65,115562
2021-05-11 09:45:16,2412.6,115564
2021-05-11 09:45:16,2412.6,115566
2021-05-11 09:45:17,2412.6,115569
2021-05-11 09:45:18,2412.15,115573
2021-05-11 09:45:20,2412.1,115593
2021-05-11 09:45:20,2412.15,115573
2021-05-11 09:45:21,2412.5,115594
2021-05-11 09:45:22,2412.5,115594
2021-05-11 09:45:23,2412.5,115594
2021-05-11 09:45:24,2412.5,115594
2021-05-11 09:45:25,2412.5,115596
2021-05-11 09:45:28,2412.1,115614
2021-05-11 09:45:29,2412.5,115634
2021-05-11 09:45:32,2412.5,115793
2021-05-11 09:45:34,2412.1,115815
2021-05-11 09:45:36,2412.2,115951
2021-05-11 09:45:37,2412.2,115951
2021-05-11 09:45:37,2412.55,116010
2021-05-11 09:45:38,2412.9,116211
2021-05-11 09:45:39,2413.0,116219
2021-05-11 09:45:41,2413.0,116219
2021-05-11 09:45:42,2413.0,116219
2021-05-11 09:45:43,2412.2,116264
2021-05-11 09:45:43,2412.2,116264
2021-05-11 09:45:44,2412.2,116264
2021-05-11 09:45:45,2412.2,116266
2021-05-11 09:45:46,2412.2,116266
2021-05-11 09:45:47,2412.2,116273
2021-05-11 09:45:49,2412.5,116274
2021-05-11 09:45:50,2412.5,116274
2021-05-11 09:45:51,2412.65,116334
2021-05-11 09:45:52,2412.65,116334
2021-05-11 09:45:53,2412.65,116334
2021-05-11 09:45:54,2412.65,116334
2021-05-11 09:45:55,2412.65,116334
2021-05-11 09:45:56,2412.2,116359
2021-05-11 09:45:57,2412.2,116359
2021-05-11 09:45:58,2412.2,116452
2021-05-11 09:46:00,2412.2,116452
2021-05-11 09:46:00,2412.2,116452
2021-05-11 09:46:01,2412.8,116453
2021-05-11 09:46:02,2412.8,116453
2021-05-11 09:46:03,2412.8,116453
2021-05-11 09:46:04,2412.8,116453
2021-05-11 09:46:06,2412.8,116453
2021-05-11 09:46:07,2412.8,116463
2021-05-11 09:46:08,2412.8,116463
2021-05-11 09:46:08,2412.8,116463
2021-05-11 09:46:09,2412.85,116483
2021-05-11 09:46:10,2412.85,116483
2021-05-11 09:46:11,2412.85,116483
2021-05-11 09:46:12,2412.85,116483
2021-05-11 09:46:13,2412.85,116483
2021-05-11 09:46:14,2412.85,116483
2021-05-11 09:46:16,2412.8,116490
2021-05-11 09:46:17,2412.8,116490
2021-05-11 09:46:17,2412.8,116490
2021-05-11 09:46:18,2412.8,116492
2021-05-11 09:46:19,2412.9,116508
2021-05-11 09:46:21,2412.85,116578
2021-05-11 09:46:22,2412.85,116578
2021-05-11 09:46:24,2412.9,116626
2021-05-11 09:46:25,2413.0,116682
2021-05-11 09:46:26,2413.0,116682
2021-05-11 09:46:26,2412.85,116722
2021-05-11 09:46:27,2413.15,116900
2021-05-11 09:46:28,2412.95,116921
2021-05-11 09:46:29,2412.95,116938
2021-05-11 09:46:31,2412.95,116938
2021-05-11 09:46:31,2412.95,116938
2021-05-11 09:46:32,2413.3,116939
2021-05-11 09:46:33,2413.3,116939
2021-05-11 09:46:35,2412.95,116941
2021-05-11 09:46:35,2412.95,116941
2021-05-11 09:46:36,2413.3,116942
2021-05-11 09:46:37,2412.95,116944
2021-05-11 09:46:39,2413.3,116954
2021-05-11 09:46:39,2413.3,116954
2021-05-11 09:46:40,2412.95,116963
2021-05-11 09:46:41,2413.3,116964
2021-05-11 09:46:42,2413.0,117265
2021-05-11 09:46:43,2413.0,117310
2021-05-11 09:46:44,2413.0,117310
2021-05-11 09:46:45,2414.15,117466
2021-05-11 09:46:46,2414.15,117510
2021-05-11 09:46:47,2413.3,117512
2021-05-11 09:46:48,2413.3,117512
2021-05-11 09:46:49,2413.3,117512
2021-05-11 09:46:50,2413.3,117512
2021-05-11 09:46:51,2413.3,117512
2021-05-11 09:46:52,2413.3,117512
2021-05-11 09:46:53,2413.3,117512
2021-05-11 09:46:54,2414.15,117549
2021-05-11 09:46:56,2413.7,117550
2021-05-11 09:46:56,2414.3,117789
2021-05-11 09:46:58,2413.9,117810
2021-05-11 09:46:59,2413.9,117827
2021-05-11 09:46:59,2413.9,117827
2021-05-11 09:47:00,2413.9,117828
2021-05-11 09:47:01,2414.15,117832
2021-05-11 09:47:02,2413.9,117833
2021-05-11 09:47:03,2414.15,117834
2021-05-11 09:47:04,2414.15,117834
2021-05-11 09:47:05,2414.15,117834
2021-05-11 09:47:06,2414.15,117834
2021-05-11 09:47:07,2414.15,117834
2021-05-11 09:47:08,2414.75,117978
2021-05-11 09:47:09,2414.75,118033
2021-05-11 09:47:10,2414.75,118033
2021-05-11 09:47:11,2414.75,118033
2021-05-11 09:47:14,2414.0,118034
2021-05-11 09:47:15,2414.75,118246
2021-05-11 09:47:16,2414.0,118269
2021-05-11 09:47:17,2414.0,118289
2021-05-11 09:47:18,2414.0,118389
2021-05-11 09:47:18,2414.0,118389
2021-05-11 09:47:20,2414.0,118405
2021-05-11 09:47:21,2414.15,118435
2021-05-11 09:47:22,2414.15,118435
2021-05-11 09:47:23,2414.15,118435
2021-05-11 09:47:27,2414.7,118445
2021-05-11 09:47:29,2414.15,118510
2021-05-11 09:47:32,2414.7,118533
2021-05-11 09:47:35,2414.15,118575
2021-05-11 09:47:38,2414.7,118632
2021-05-11 09:47:41,2414.4,118655
2021-05-11 09:47:44,2414.7,118663
2021-05-11 09:47:46,2414.4,118668
2021-05-11 09:47:49,2414.15,118847
2021-05-11 09:47:52,2414.5,118859
2021-05-11 09:47:55,2414.0,119150
2021-05-11 09:47:57,2414.0,119298
2021-05-11 09:48:00,2414.45,119348
2021-05-11 09:48:03,2414.3,119351
2021-05-11 09:48:05,2414.0,119357
2021-05-11 09:48:08,2414.0,119359
2021-05-11 09:48:11,2414.15,119360
2021-05-11 09:48:13,2413.5,119412
2021-05-11 09:48:16,2413.45,119460
2021-05-11 09:48:19,2413.95,119583
2021-05-11 09:48:21,2413.95,119648
2021-05-11 09:48:24,2413.45,119651
2021-05-11 09:48:26,2413.45,119829
2021-05-11 09:48:29,2412.0,119883
2021-05-11 09:48:32,2412.0,119883
2021-05-11 09:48:35,2411.95,120521
2021-05-11 09:48:38,2411.3,120637
2021-05-11 09:48:40,2412.0,120693
2021-05-11 09:48:43,2412.0,120713
2021-05-11 09:48:46,2411.3,120898
2021-05-11 09:48:49,2411.3,120900
2021-05-11 09:48:51,2411.05,120957
2021-05-11 09:48:54,2411.05,121022
2021-05-11 09:48:56,2411.3,121072
2021-05-11 09:48:58,2411.5,121093
2021-05-11 09:49:01,2411.5,121147
2021-05-11 09:49:03,2411.1,121170
2021-05-11 09:49:06,2411.1,121186
2021-05-11 09:49:09,2411.1,121280
2021-05-11 09:49:11,2411.05,121310
2021-05-11 09:49:14,2411.3,121315
2021-05-11 09:49:17,2411.3,121320
2021-05-11 09:49:19,2411.5,121327
2021-05-11 09:49:22,2411.5,121333
2021-05-11 09:49:25,2411.5,121334
2021-05-11 09:49:27,2411.5,121338
2021-05-11 09:49:30,2411.3,121392
2021-05-11 09:49:32,2411.05,121476
2021-05-11 09:49:35,2411.05,121476
2021-05-11 09:49:37,2411.05,121516
2021-05-11 09:49:43,2411.6,121624
2021-05-11 09:49:46,2411.5,121630
2021-05-11 09:49:48,2411.3,121635
2021-05-11 09:49:51,2411.3,121640
2021-05-11 09:49:53,2411.5,121650
2021-05-11 09:49:56,2411.5,121717
2021-05-11 09:50:01,2411.5,121737
2021-05-11 09:50:04,2411.5,121791
2021-05-11 09:50:06,2411.3,121861
2021-05-11 09:50:09,2411.5,121986
2021-05-11 09:50:11,2411.6,122015
2021-05-11 09:50:14,2411.5,122025
2021-05-11 09:50:16,2411.6,122035
2021-05-11 09:50:19,2411.55,122037
2021-05-11 09:50:21,2411.55,122290
2021-05-11 09:50:23,2411.3,122891
2021-05-11 09:50:26,2411.2,122953
2021-05-11 09:50:29,2411.2,122971
2021-05-11 09:50:31,2411.1,123087
2021-05-11 09:50:34,2411.1,123117
2021-05-11 09:50:36,2411.1,123144
2021-05-11 09:50:39,2411.5,123159
2021-05-11 09:50:43,2411.1,123212
2021-05-11 09:50:46,2411.5,123213
2021-05-11 09:50:48,2411.2,123252
2021-05-11 09:50:50,2411.1,123292
2021-05-11 09:50:53,2411.1,123292
2021-05-11 09:50:55,2411.1,123308
2021-05-11 09:51:00,2412.0,123788
2021-05-11 09:51:03,2411.1,124050
2021-05-11 09:51:05,2411.1,124080
2021-05-11 09:51:08,2412.0,124184
2021-05-11 09:51:10,2411.1,124194
2021-05-11 09:51:12,2411.1,124200
2021-05-11 09:51:15,2411.05,124425
2021-05-11 09:51:17,2408.9,127844
2021-05-11 09:51:20,2408.6,128315
2021-05-11 09:51:23,2408.65,129102
2021-05-11 09:51:25,2408.85,129349
2021-05-11 09:51:28,2410.35,129577
2021-05-11 09:51:30,2408.95,129656
2021-05-11 09:51:32,2409.0,129711
2021-05-11 09:51:35,2409.6,129714
2021-05-11 09:51:37,2409.6,129714
2021-05-11 09:51:42,2408.85,129853
2021-05-11 09:51:44,2408.85,129865
2021-05-11 09:51:47,2409.7,129886
2021-05-11 09:51:49,2408.85,129891
2021-05-11 09:51:51,2409.6,130033
2021-05-11 09:51:53,2409.7,130155
2021-05-11 09:51:56,2409.7,130256
2021-05-11 09:51:58,2409.7,130268
2021-05-11 09:52:01,2409.7,130268
2021-05-11 09:52:03,2409.1,130270
2021-05-11 09:52:06,2409.7,130297
2021-05-11 09:52:08,2409.7,130298
2021-05-11 09:52:11,2409.1,130337
2021-05-11 09:52:14,2409.7,130469
2021-05-11 09:52:16,2409.7,130505
2021-05-11 09:52:18,2409.7,130515
2021-05-11 09:52:21,2410.0,130550
2021-05-11 09:52:23,2409.5,130551
2021-05-11 09:52:24,2409.5,130551
2021-05-11 09:52:25,2409.5,130552
2021-05-11 09:52:26,2409.5,130552
2021-05-11 09:52:27,2409.5,130552
2021-05-11 09:52:28,2409.5,130552
2021-05-11 09:52:29,2409.5,130552
2021-05-11 09:52:30,2409.5,130552
2021-05-11 09:52:31,2410.0,130573
2021-05-11 09:52:32,2410.0,130573
2021-05-11 09:52:33,2409.7,130575
2021-05-11 09:52:34,2409.5,130607
2021-05-11 09:52:35,2409.5,130607
2021-05-11 09:52:36,2409.5,130607
2021-05-11 09:52:37,2409.5,130608
2021-05-11 09:52:38,2409.9,131107
2021-05-11 09:52:39,2410.05,131202
2021-05-11 09:52:40,2411.0,131205
2021-05-11 09:52:41,2410.0,131232
2021-05-11 09:52:42,2410.0,131232
2021-05-11 09:52:43,2410.0,131232
2021-05-11 09:52:44,2410.0,131232
2021-05-11 09:52:45,2409.85,131242
2021-05-11 09:52:46,2409.85,131242
2021-05-11 09:52:47,2409.85,131243
2021-05-11 09:52:48,2409.85,131243
2021-05-11 09:52:49,2409.85,131243
2021-05-11 09:52:50,2409.85,131243
2021-05-11 09:52:51,2409.85,131243
2021-05-11 09:52:53,2410.0,131252
2021-05-11 09:52:54,2410.0,131252
2021-05-11 09:52:55,2410.0,131258
2021-05-11 09:52:55,2410.0,131258
2021-05-11 09:52:57,2410.5,131263
2021-05-11 09:52:58,2410.5,131263
2021-05-11 09:52:59,2410.5,131265
2021-05-11 09:53:00,2410.5,131267
2021-05-11 09:53:02,2410.0,131319
2021-05-11 09:53:03,2410.0,131319
2021-05-11 09:53:04,2410.0,131319
2021-05-11 09:53:06,2410.5,131325
2021-05-11 09:53:07,2410.5,131329
2021-05-11 09:53:08,2410.5,131329
2021-05-11 09:53:09,2410.5,131329
2021-05-11 09:53:10,2410.5,131347
2021-05-11 09:53:11,2410.5,131371
2021-05-11 09:53:12,2409.85,131571
2021-05-11 09:53:12,2409.85,131571
2021-05-11 09:53:13,2409.85,131571
2021-05-11 09:53:15,2409.85,131571
2021-05-11 09:53:16,2409.85,131597
2021-05-11 09:53:17,2409.85,131597
2021-05-11 09:53:18,2409.85,131617
2021-05-11 09:53:19,2410.0,131638
2021-05-11 09:53:20,2410.0,131642
2021-05-11 09:53:21,2409.85,131658
2021-05-11 09:53:22,2410.4,131681
2021-05-11 09:53:23,2410.0,131714
2021-05-11 09:53:24,2409.85,131748
2021-05-11 09:53:25,2410.4,131758
2021-05-11 09:53:26,2410.4,131758
2021-05-11 09:53:26,2409.8,131823
2021-05-11 09:53:28,2409.85,131848
2021-05-11 09:53:29,2410.1,131858
2021-05-11 09:53:31,2408.6,132456
2021-05-11 09:53:33,2408.4,132484
2021-05-11 09:53:34,2409.0,132485
2021-05-11 09:53:35,2409.0,132485
2021-05-11 09:53:37,2408.35,132489
2021-05-11 09:53:38,2408.35,132504
2021-05-11 09:53:39,2408.35,132504
2021-05-11 09:53:40,2408.95,132525
2021-05-11 09:53:41,2407.55,133885
2021-05-11 09:53:42,2407.05,133987
2021-05-11 09:53:43,2407.1,134191
2021-05-11 09:53:44,2407.1,134191
2021-05-11 09:53:45,2407.1,134214
2021-05-11 09:53:46,2407.45,134311
2021-05-11 09:53:47,2407.15,134372
2021-05-11 09:53:48,2407.15,134372
2021-05-11 09:53:49,2407.15,134372
2021-05-11 09:53:50,2407.5,134390
2021-05-11 09:53:51,2407.5,134390
2021-05-11 09:53:52,2407.9,134417
2021-05-11 09:53:53,2407.95,134442
2021-05-11 09:53:54,2407.95,134445
2021-05-11 09:53:55,2407.95,134445
2021-05-11 09:53:56,2407.95,134445
2021-05-11 09:53:58,2407.9,134447
2021-05-11 09:53:59,2407.1,134472
2021-05-11 09:54:00,2407.1,134472
2021-05-11 09:54:01,2407.1,134472
2021-05-11 09:54:02,2407.1,134472
2021-05-11 09:54:03,2407.9,134488
2021-05-11 09:54:04,2407.9,134495
2021-05-11 09:54:05,2407.9,134495
2021-05-11 09:54:07,2407.4,134586
2021-05-11 09:54:08,2407.4,134586
2021-05-11 09:54:09,2407.4,134636
2021-05-11 09:54:10,2407.4,134636
2021-05-11 09:54:11,2407.7,134761
2021-05-11 09:54:12,2407.85,134764
2021-05-11 09:54:13,2407.8,134851
2021-05-11 09:54:14,2407.8,134851
2021-05-11 09:54:15,2407.8,134872
2021-05-11 09:54:16,2407.8,134872
2021-05-11 09:54:17,2407.8,134872
2021-05-11 09:54:18,2407.8,134876
2021-05-11 09:54:19,2407.8,134876
2021-05-11 09:54:20,2407.8,134896
2021-05-11 09:54:21,2407.8,134896
2021-05-11 09:54:22,2407.8,134896
2021-05-11 09:54:23,2407.8,134912
2021-05-11 09:54:24,2407.8,134912
2021-05-11 09:54:25,2407.8,134912
2021-05-11 09:54:26,2407.8,134913
2021-05-11 09:54:27,2407.8,134914
2021-05-11 09:54:28,2407.8,134932
2021-05-11 09:54:29,2407.8,134938
2021-05-11 09:54:30,2407.15,135172
2021-05-11 09:54:31,2407.9,135177
2021-05-11 09:54:32,2407.8,135202
2021-05-11 09:54:33,2407.9,135203
2021-05-11 09:54:34,2407.9,135203
2021-05-11 09:54:35,2407.9,135240
2021-05-11 09:54:36,2409.0,135340
2021-05-11 09:54:37,2408.0,135342
2021-05-11 09:54:39,2408.9,135352
2021-05-11 09:54:40,2408.9,135352
2021-05-11 09:54:41,2408.9,135352
2021-05-11 09:54:42,2408.9,135352
2021-05-11 09:54:43,2408.9,135352
2021-05-11 09:54:44,2408.3,135364
2021-05-11 09:54:45,2408.9,135365
2021-05-11 09:54:46,2408.9,135365
2021-05-11 09:54:47,2408.3,135414
2021-05-11 09:54:48,2408.3,135414
2021-05-11 09:54:49,2408.9,135432
2021-05-11 09:54:50,2409.0,135447
2021-05-11 09:54:51,2409.0,135447
2021-05-11 09:54:52,2409.0,135447
2021-05-11 09:54:53,2408.7,135467
2021-05-11 09:54:54,2408.7,135467
2021-05-11 09:54:55,2408.9,135468
2021-05-11 09:54:56,2409.0,135478
2021-05-11 09:54:57,2408.9,135481
2021-05-11 09:54:58,2408.9,135481
2021-05-11 09:54:59,2408.9,135481
2021-05-11 09:55:00,2409.0,135501
2021-05-11 09:55:01,2409.0,135502
2021-05-11 09:55:02,2408.0,135554
2021-05-11 09:55:03,2409.05,135636
2021-05-11 09:55:04,2408.9,135660
2021-05-11 09:55:05,2408.9,135660
2021-05-11 09:55:06,2409.25,135661
2021-05-11 09:55:07,2409.25,135661
2021-05-11 09:55:08,2409.25,135661
2021-05-11 09:55:09,2409.25,135661
2021-05-11 09:55:10,2409.25,135661
2021-05-11 09:55:11,2409.25,135661
2021-05-11 09:55:12,2409.25,135661
2021-05-11 09:55:13,2409.0,135691
2021-05-11 09:55:14,2409.0,135691
2021-05-11 09:55:15,2409.0,135741
2021-05-11 09:55:16,2409.0,135741
2021-05-11 09:55:17,2409.0,135744
2021-05-11 09:55:18,2409.0,135744
2021-05-11 09:55:19,2409.0,135747
2021-05-11 09:55:20,2409.0,135747
2021-05-11 09:55:21,2409.5,135789
2021-05-11 09:55:22,2409.5,135789
2021-05-11 09:55:23,2409.5,135789
2021-05-11 09:55:24,2409.5,135789
2021-05-11 09:55:25,2409.5,135789
2021-05-11 09:55:26,2409.5,135789
2021-05-11 09:55:27,2409.5,135789
2021-05-11 09:55:28,2409.5,135789
2021-05-11 09:55:29,2409.5,135789
2021-05-11 09:55:30,2409.75,135839
2021-05-11 09:55:31,2409.75,135839
2021-05-11 09:55:32,2409.75,135839
2021-05-11 09:55:33,2409.75,135839
2021-05-11 09:55:34,2409.0,135843
2021-05-11 09:55:35,2409.65,135845
2021-05-11 09:55:36,2409.0,135865
2021-05-11 09:55:37,2409.6,135891
2021-05-11 09:55:38,2409.55,135941
2021-05-11 09:55:39,2408.9,135958
2021-05-11 09:55:40,2409.25,135967
2021-05-11 09:55:41,2409.35,136067
2021-05-11 09:55:42,2409.35,136067
2021-05-11 09:55:43,2408.9,136097
2021-05-11 09:55:44,2408.9,136170
2021-05-11 09:55:45,2409.55,136195
2021-05-11 09:55:47,2408.4,136285
2021-05-11 09:55:47,2408.15,136295
2021-05-11 09:55:48,2408.15,136295
2021-05-11 09:55:49,2409.5,136374
2021-05-11 09:55:51,2409.55,136413
2021-05-11 09:55:52,2409.0,136423
2021-05-11 09:55:53,2409.0,136423
2021-05-11 09:55:54,2409.6,136431
2021-05-11 09:55:55,2409.95,136446
2021-05-11 09:55:56,2409.9,136447
2021-05-11 09:55:57,2409.9,136447
2021-05-11 09:55:58,2409.95,136448
2021-05-11 09:55:59,2409.95,136453
2021-05-11 09:56:01,2409.05,136463
2021-05-11 09:56:01,2409.95,136483
2021-05-11 09:56:02,2409.95,136483
2021-05-11 09:56:03,2409.95,136483
2021-05-11 09:56:04,2409.5,136487
2021-05-11 09:56:05,2409.6,136495
2021-05-11 09:56:06,2409.6,136495
2021-05-11 09:56:07,2409.6,136496
2021-05-11 09:56:08,2409.6,136507
2021-05-11 09:56:09,2409.6,136508
2021-05-11 09:56:10,2409.5,136519
2021-05-11 09:56:11,2409.5,136519
2021-05-11 09:56:12,2409.6,136532
2021-05-11 09:56:13,2409.6,136532
2021-05-11 09:56:14,2409.6,136532
2021-05-11 09:56:15,2409.6,136534
2021-05-11 09:56:17,2409.25,136664
2021-05-11 09:56:17,2409.25,136664
2021-05-11 09:56:18,2409.25,136665
2021-05-11 09:56:19,2409.05,136668
2021-05-11 09:56:21,2409.05,136669
2021-05-11 09:56:22,2409.05,136669
2021-05-11 09:56:23,2409.05,136669
2021-05-11 09:56:24,2409.05,136677
2021-05-11 09:56:26,2409.25,136679
2021-05-11 09:56:28,2409.25,136681
2021-05-11 09:56:29,2409.25,136681
2021-05-11 09:56:30,2409.25,136681
2021-05-11 09:56:31,2409.25,136681
2021-05-11 09:56:33,2409.25,136681
2021-05-11 09:56:33,2409.25,136681
2021-05-11 09:56:34,2409.0,136757
2021-05-11 09:56:36,2409.0,136757
2021-05-11 09:56:37,2409.0,136759
2021-05-11 09:56:37,2409.0,136759
2021-05-11 09:56:38,2409.0,136759
2021-05-11 09:56:39,2409.0,136759
2021-05-11 09:56:40,2409.0,136759
2021-05-11 09:56:41,2409.25,136761
2021-05-11 09:56:42,2409.1,136763
2021-05-11 09:56:43,2409.1,136782
2021-05-11 09:56:44,2409.1,136782
2021-05-11 09:56:45,2408.85,137002
2021-05-11 09:56:46,2408.9,137063
2021-05-11 09:56:47,2408.9,137078
2021-05-11 09:56:50,2408.1,137113
2021-05-11 09:56:50,2408.1,137113
2021-05-11 09:56:51,2408.1,137113
2021-05-11 09:56:52,2408.95,137214
2021-05-11 09:56:53,2408.0,137229
2021-05-11 09:56:54,2408.0,137229
2021-05-11 09:56:55,2408.95,137256
2021-05-11 09:56:56,2408.45,137276
2021-05-11 09:56:57,2409.0,137336
2021-05-11 09:56:58,2409.0,137336
2021-05-11 09:56:59,2409.0,137336
2021-05-11 09:57:00,2408.45,137348
2021-05-11 09:57:01,2408.45,137351
2021-05-11 09:57:02,2408.45,137351
2021-05-11 09:57:03,2408.0,137361
2021-05-11 09:57:04,2408.0,137365
2021-05-11 09:57:05,2408.0,137387
2021-05-11 09:57:06,2408.05,137403
2021-05-11 09:57:07,2408.0,137404
2021-05-11 09:57:08,2408.0,137404
2021-05-11 09:57:10,2408.05,137424
2021-05-11 09:57:11,2408.1,137431
2021-05-11 09:57:12,2408.05,137433
2021-05-11 09:57:13,2408.05,137433
2021-05-11 09:57:14,2408.05,137433
2021-05-11 09:57:15,2408.05,137433
2021-05-11 09:57:16,2408.1,137457
2021-05-11 09:57:17,2408.1,137457
2021-05-11 09:57:18,2408.1,137460
2021-05-11 09:57:20,2408.1,137493
2021-05-11 09:57:19,2408.1,137491
2021-05-11 09:57:21,2408.05,137496
2021-05-11 09:57:22,2408.05,137520
2021-05-11 09:57:23,2408.05,137531
2021-05-11 09:57:24,2408.05,137531
2021-05-11 09:57:25,2408.0,137541
2021-05-11 09:57:26,2408.0,137541
2021-05-11 09:57:27,2408.0,137541
2021-05-11 09:57:28,2408.0,137542
2021-05-11 09:57:29,2408.0,137542
2021-05-11 09:57:30,2408.1,137614
2021-05-11 09:57:31,2408.0,137648
2021-05-11 09:57:32,2407.9,137715
2021-05-11 09:57:33,2407.9,137715
2021-05-11 09:57:34,2408.2,137786
2021-05-11 09:57:37,2407.9,137795
2021-05-11 09:57:38,2407.9,137795
2021-05-11 09:57:39,2407.7,138035
2021-05-11 09:57:39,2407.9,138060
2021-05-11 09:57:40,2408.0,138154
2021-05-11 09:57:41,2408.0,138154
2021-05-11 09:57:42,2408.0,138154
2021-05-11 09:57:43,2408.0,138154
2021-05-11 09:57:44,2407.9,138158
2021-05-11 09:57:45,2407.1,138212
2021-05-11 09:57:47,2407.8,138218
2021-05-11 09:57:47,2407.8,138218
2021-05-11 09:57:48,2407.1,138234
2021-05-11 09:57:49,2407.75,138296
2021-05-11 09:57:50,2407.15,138341
2021-05-11 09:57:51,2407.15,138344
2021-05-11 09:57:52,2407.0,138370
2021-05-11 09:57:53,2407.0,138411
2021-05-11 09:57:54,2407.8,138475
2021-05-11 09:57:55,2407.0,138514
2021-05-11 09:57:57,2407.4,138515
2021-05-11 09:57:58,2407.4,138515
2021-05-11 09:57:59,2407.4,138515
2021-05-11 09:58:00,2407.0,138552
2021-05-11 09:58:01,2407.0,138552
2021-05-11 09:58:02,2407.4,138652
2021-05-11 09:58:04,2407.0,138673
2021-05-11 09:58:05,2407.0,138677
2021-05-11 09:58:05,2406.4,139830
2021-05-11 09:58:06,2406.3,139888
2021-05-11 09:58:07,2406.3,139920
2021-05-11 09:58:08,2406.5,139925
2021-05-11 09:58:10,2406.3,139954
2021-05-11 09:58:11,2406.3,139956
2021-05-11 09:58:12,2406.3,139971
2021-05-11 09:58:13,2406.3,139971
2021-05-11 09:58:14,2406.3,139971
2021-05-11 09:58:15,2406.3,139971
2021-05-11 09:58:16,2406.3,140026
2021-05-11 09:58:17,2406.5,140201
2021-05-11 09:58:18,2406.0,140237
2021-05-11 09:58:19,2406.0,140241
2021-05-11 09:58:20,2406.0,140298
2021-05-11 09:58:21,2406.0,140298
2021-05-11 09:58:23,2405.8,140339
2021-05-11 09:58:24,2405.8,140390
2021-05-11 09:58:25,2405.9,140391
2021-05-11 09:58:26,2405.1,140677
2021-05-11 09:58:27,2405.1,140677
2021-05-11 09:58:28,2405.15,140683
2021-05-11 09:58:29,2405.2,140733
2021-05-11 09:58:31,2406.0,140935
2021-05-11 09:58:33,2406.0,140935
2021-05-11 09:58:33,2405.1,140956
2021-05-11 09:58:35,2405.5,140957
2021-05-11 09:58:36,2405.45,140980
2021-05-11 09:58:37,2405.1,141014
2021-05-11 09:58:37,2405.1,141014
2021-05-11 09:58:38,2405.1,141073
2021-05-11 09:58:39,2405.95,141136
2021-05-11 09:58:40,2406.0,141286
2021-05-11 09:58:41,2406.0,141356
2021-05-11 09:58:42,2405.25,141469
2021-05-11 09:58:43,2406.0,141569
2021-05-11 09:58:44,2406.1,141599
2021-05-11 09:58:45,2406.1,141599
2021-05-11 09:58:46,2405.7,141600
2021-05-11 09:58:47,2405.25,141611
2021-05-11 09:58:48,2405.75,141614
2021-05-11 09:58:49,2405.25,141618
2021-05-11 09:58:50,2405.75,141619
2021-05-11 09:58:51,2405.75,141647
2021-05-11 09:58:52,2405.7,141697
2021-05-11 09:58:53,2405.7,141697
2021-05-11 09:58:54,2405.7,141710
2021-05-11 09:58:55,2405.75,141715
2021-05-11 09:58:57,2405.75,142101
2021-05-11 09:58:58,2405.25,142205
2021-05-11 09:58:59,2405.25,142205
2021-05-11 09:59:00,2406.0,142207
2021-05-11 09:59:01,2406.0,142331
2021-05-11 09:59:02,2406.0,142331
2021-05-11 09:59:02,2406.0,142331
2021-05-11 09:59:03,2405.9,142333
2021-05-11 09:59:04,2406.55,143260
2021-05-11 09:59:06,2407.0,143361
2021-05-11 09:59:07,2408.1,143589
2021-05-11 09:59:08,2406.4,143593
2021-05-11 09:59:09,2407.55,143594
2021-05-11 09:59:10,2406.4,143624
2021-05-11 09:59:11,2407.4,143730
2021-05-11 09:59:12,2407.4,143730
2021-05-11 09:59:13,2407.4,143730
2021-05-11 09:59:14,2407.05,143731
2021-05-11 09:59:15,2407.0,143732
2021-05-11 09:59:16,2407.0,143742
2021-05-11 09:59:17,2407.0,143742
2021-05-11 09:59:18,2407.0,143742
2021-05-11 09:59:19,2407.0,143756
2021-05-11 09:59:20,2407.0,143756
2021-05-11 09:59:21,2406.45,143804
2021-05-11 09:59:22,2407.0,143936
2021-05-11 09:59:23,2407.0,143955
2021-05-11 09:59:25,2407.75,144011
2021-05-11 09:59:26,2407.75,144011
2021-05-11 09:59:27,2407.0,144015
2021-05-11 09:59:28,2407.0,144016
2021-05-11 09:59:29,2407.0,144016
2021-05-11 09:59:30,2407.0,144016
2021-05-11 09:59:31,2407.0,144017
2021-05-11 09:59:32,2407.75,144019
2021-05-11 09:59:33,2407.35,144025
2021-05-11 09:59:34,2407.35,144025
2021-05-11 09:59:36,2407.75,144031
2021-05-11 09:59:37,2407.75,144034
2021-05-11 09:59:38,2407.75,144035
2021-05-11 09:59:39,2407.75,144035
2021-05-11 09:59:40,2407.0,144059
2021-05-11 09:59:41,2407.0,144059
2021-05-11 09:59:41,2407.0,144059
2021-05-11 09:59:42,2407.0,144059
2021-05-11 09:59:43,2407.55,144086
2021-05-11 09:59:44,2407.75,144097
2021-05-11 09:59:45,2407.75,144116
2021-05-11 09:59:46,2407.0,144271
2021-05-11 09:59:47,2407.0,144291
2021-05-11 09:59:48,2407.75,144321
2021-05-11 09:59:49,2407.0,144325
2021-05-11 09:59:50,2407.0,144325
2021-05-11 09:59:51,2407.75,144326
2021-05-11 09:59:52,2407.75,144326
2021-05-11 09:59:53,2407.75,144326
2021-05-11 09:59:55,2407.75,144326
2021-05-11 09:59:56,2407.75,144332
2021-05-11 09:59:56,2407.75,144332
2021-05-11 09:59:57,2407.75,144333
2021-05-11 09:59:58,2407.75,144358
2021-05-11 09:59:59,2407.75,144358
2021-05-11 10:00:00,2407.75,144358
2021-05-11 10:00:01,2408.0,144560
2021-05-11 10:00:02,2408.0,144703
2021-05-11 10:00:03,2408.0,144704
2021-05-11 10:00:04,2408.0,144704
2021-05-11 10:00:05,2408.3,144849
2021-05-11 10:00:06,2407.9,144952
2021-05-11 10:00:07,2407.9,144952
2021-05-11 10:00:09,2407.9,144952
2021-05-11 10:00:10,2407.85,144958
2021-05-11 10:00:11,2407.85,144958
2021-05-11 10:00:12,2407.1,145031
2021-05-11 10:00:13,2407.3,145056
2021-05-11 10:00:14,2407.3,145056
2021-05-11 10:00:15,2407.0,145102
2021-05-11 10:00:15,2407.0,145102
2021-05-11 10:00:16,2407.0,145124
2021-05-11 10:00:17,2407.0,145125
2021-05-11 10:00:19,2407.65,145144
2021-05-11 10:00:20,2407.65,145144
2021-05-11 10:00:21,2407.4,145195
2021-05-11 10:00:22,2407.4,145195
2021-05-11 10:00:23,2407.4,145195
2021-05-11 10:00:24,2406.5,145196
2021-05-11 10:00:26,2407.4,145200
2021-05-11 10:00:27,2407.05,145210
2021-05-11 10:00:28,2407.05,145216
2021-05-11 10:00:29,2407.05,145220
2021-05-11 10:00:30,2406.5,145229
2021-05-11 10:00:31,2406.5,145229
2021-05-11 10:00:32,2407.0,145231
2021-05-11 10:00:33,2407.05,145233
2021-05-11 10:00:34,2407.0,145265
2021-05-11 10:00:35,2407.0,145270
2021-05-11 10:00:36,2407.0,145270
2021-05-11 10:00:38,2407.0,145270
2021-05-11 10:00:38,2407.0,145270
2021-05-11 10:00:40,2407.0,145281
2021-05-11 10:00:41,2407.0,145283
2021-05-11 10:00:42,2407.0,145284
2021-05-11 10:00:43,2407.0,145284
2021-05-11 10:00:44,2407.0,145284
2021-05-11 10:00:45,2407.0,145284
2021-05-11 10:00:46,2407.0,145284
2021-05-11 10:00:47,2407.0,145284
2021-05-11 10:00:48,2406.85,145304
2021-05-11 10:00:49,2406.65,145307
2021-05-11 10:00:50,2406.85,145308
2021-05-11 10:00:51,2406.85,145308
2021-05-11 10:00:51,2406.85,145308
2021-05-11 10:00:52,2406.5,145356
2021-05-11 10:00:53,2406.5,145425
2021-05-11 10:00:54,2406.75,145429
2021-05-11 10:00:55,2406.75,145429
2021-05-11 10:00:57,2406.75,145429
2021-05-11 10:00:59,2406.75,145429
2021-05-11 10:01:00,2406.65,145430
2021-05-11 10:01:01,2406.5,145525
2021-05-11 10:01:01,2406.5,145525
2021-05-11 10:01:02,2406.5,145547
2021-05-11 10:01:03,2406.5,145553
2021-05-11 10:01:04,2406.5,145557
2021-05-11 10:01:05,2406.5,145557
2021-05-11 10:01:06,2406.0,145574
2021-05-11 10:01:07,2406.65,145674
2021-05-11 10:01:08,2406.55,145699
2021-05-11 10:01:09,2406.65,145749
2021-05-11 10:01:10,2406.65,145787
2021-05-11 10:01:11,2406.65,145787
2021-05-11 10:01:12,2406.5,145788
2021-05-11 10:01:13,2406.5,145788
2021-05-11 10:01:15,2406.55,145793
2021-05-11 10:01:16,2406.55,145793
2021-05-11 10:01:17,2406.5,145794
2021-05-11 10:01:18,2406.5,145799
2021-05-11 10:01:19,2406.55,145809
2021-05-11 10:01:20,2406.55,145810
2021-05-11 10:01:21,2406.5,145814
2021-05-11 10:01:22,2406.55,145819
2021-05-11 10:01:22,2406.65,145851
2021-05-11 10:01:23,2406.65,145851
2021-05-11 10:01:24,2406.65,145851
2021-05-11 10:01:25,2406.0,145956
2021-05-11 10:01:26,2406.5,146033
2021-05-11 10:01:27,2406.5,146033
2021-05-11 10:01:28,2406.55,146121
2021-05-11 10:01:29,2406.55,146121
2021-05-11 10:01:30,2406.65,146136
2021-05-11 10:01:31,2406.65,146146
2021-05-11 10:01:33,2407.05,146470
2021-05-11 10:01:34,2406.5,146524
2021-05-11 10:01:35,2406.5,146524
2021-05-11 10:01:36,2407.0,146527
2021-05-11 10:01:37,2407.0,146527
2021-05-11 10:01:38,2407.0,146527
2021-05-11 10:01:39,2407.0,146527
2021-05-11 10:01:40,2407.0,146527
2021-05-11 10:01:42,2407.4,146595
2021-05-11 10:01:41,2406.65,146581
2021-05-11 10:01:43,2407.0,146596
2021-05-11 10:01:44,2407.4,146626
2021-05-11 10:01:45,2407.0,146668
2021-05-11 10:01:46,2407.8,146722
2021-05-11 10:01:48,2407.8,146722
2021-05-11 10:01:49,2407.0,146726
2021-05-11 10:01:50,2407.9,146750
2021-05-11 10:01:51,2407.4,147510
2021-05-11 10:01:52,2407.4,147510
2021-05-11 10:01:53,2408.3,147584
2021-05-11 10:01:54,2407.0,147616
2021-05-11 10:01:54,2407.0,147616
2021-05-11 10:01:55,2407.5,147622
2021-05-11 10:01:56,2407.5,147649
2021-05-11 10:01:57,2408.2,147769
2021-05-11 10:01:58,2406.6,148019
2021-05-11 10:01:59,2406.9,148090
2021-05-11 10:02:00,2406.9,148094
2021-05-11 10:02:01,2408.6,148146
2021-05-11 10:02:02,2407.4,148206
2021-05-11 10:02:03,2408.55,148217
2021-05-11 10:02:04,2407.25,148221
2021-05-11 10:02:06,2407.25,148226
2021-05-11 10:02:07,2407.25,148226
2021-05-11 10:02:07,2407.25,148226
2021-05-11 10:02:08,2407.25,148226
2021-05-11 10:02:09,2408.0,148251
2021-05-11 10:02:11,2408.2,148369
2021-05-11 10:02:12,2408.2,148369
2021-05-11 10:02:14,2408.2,148369
2021-05-11 10:02:15,2408.2,148369
2021-05-11 10:02:16,2408.2,148369
2021-05-11 10:02:17,2408.4,148370
2021-05-11 10:02:18,2408.4,148370
2021-05-11 10:02:19,2408.4,148386
2021-05-11 10:02:21,2408.4,148386
2021-05-11 10:02:22,2409.4,148510
2021-05-11 10:02:23,2408.2,148525
2021-05-11 10:02:23,2408.2,148525
2021-05-11 10:02:24,2409.4,148669
2021-05-11 10:02:25,2408.9,148689
2021-05-11 10:02:26,2408.25,148691
2021-05-11 10:02:28,2408.25,148722
2021-05-11 10:02:28,2408.25,148723
2021-05-11 10:02:29,2408.9,148724
2021-05-11 10:02:30,2408.9,148747
2021-05-11 10:02:31,2408.9,148747
2021-05-11 10:02:32,2408.9,148769
2021-05-11 10:02:33,2409.5,148822
2021-05-11 10:02:34,2408.9,148826
2021-05-11 10:02:35,2409.05,148835
2021-05-11 10:02:36,2409.05,148835
2021-05-11 10:02:38,2409.5,148855
2021-05-11 10:02:39,2409.05,148905
2021-05-11 10:02:40,2409.05,148905
2021-05-11 10:02:41,2409.05,148905
2021-05-11 10:02:42,2408.95,148935
2021-05-11 10:02:43,2408.95,148935
2021-05-11 10:02:44,2408.95,148935
2021-05-11 10:02:45,2408.95,148935
2021-05-11 10:02:46,2408.95,148935
2021-05-11 10:02:47,2408.95,148935
2021-05-11 10:02:48,2408.95,148938
2021-05-11 10:02:48,2408.95,148938
2021-05-11 10:02:49,2408.95,148941
2021-05-11 10:02:51,2408.95,148941
2021-05-11 10:02:52,2409.05,148957
2021-05-11 10:02:53,2409.05,148957
2021-05-11 10:02:54,2409.05,148957
2021-05-11 10:02:54,2409.05,148957
2021-05-11 10:02:55,2408.9,149011
2021-05-11 10:02:56,2409.05,149013
2021-05-11 10:02:58,2409.05,149013
2021-05-11 10:03:00,2409.05,149250
2021-05-11 10:03:01,2409.3,149483
2021-05-11 10:03:02,2409.8,149544
2021-05-11 10:03:03,2409.4,149545
2021-05-11 10:03:03,2409.4,149545
2021-05-11 10:03:05,2409.0,149846
2021-05-11 10:03:06,2409.8,149890
2021-05-11 10:03:06,2409.8,149890
2021-05-11 10:03:07,2409.8,149890
2021-05-11 10:03:08,2409.05,149990
2021-05-11 10:03:09,2409.05,149990
2021-05-11 10:03:10,2409.8,150016
2021-05-11 10:03:11,2409.8,150019
2021-05-11 10:03:12,2409.35,150020
2021-05-11 10:03:13,2409.35,150020
2021-05-11 10:03:14,2409.35,150020
2021-05-11 10:03:15,2409.35,150020
2021-05-11 10:03:17,2409.35,150020
2021-05-11 10:03:18,2409.8,150021
2021-05-11 10:03:18,2409.4,150050
2021-05-11 10:03:19,2408.95,150152
2021-05-11 10:03:20,2408.95,150152
2021-05-11 10:03:22,2409.5,150219
2021-05-11 10:03:23,2409.5,150219
2021-05-11 10:03:24,2409.5,150219
2021-05-11 10:03:25,2409.4,150220
2021-05-11 10:03:26,2409.4,150220
2021-05-11 10:03:27,2409.35,150221
2021-05-11 10:03:29,2409.4,150334
2021-05-11 10:03:30,2409.4,150354
2021-05-11 10:03:31,2409.5,150440
2021-05-11 10:03:32,2409.2,150471
2021-05-11 10:03:33,2409.2,150471
2021-05-11 10:03:34,2409.5,150500
2021-05-11 10:03:34,2409.5,150500
2021-05-11 10:03:35,2409.5,150505
2021-05-11 10:03:37,2409.5,150520
2021-05-11 10:03:38,2409.5,150523
2021-05-11 10:03:39,2409.8,150573
2021-05-11 10:03:40,2409.8,150573
2021-05-11 10:03:41,2409.8,150573
2021-05-11 10:03:42,2409.8,150573
2021-05-11 10:03:42,2409.8,150573
2021-05-11 10:03:44,2409.55,150579
2021-05-11 10:03:45,2409.55,150580
2021-05-11 10:03:45,2409.55,150580
2021-05-11 10:03:46,2409.55,150580
2021-05-11 10:03:47,2409.55,150580
2021-05-11 10:03:49,2409.8,150584
2021-05-11 10:03:50,2409.3,150588
2021-05-11 10:03:50,2409.3,150588
2021-05-11 10:03:51,2409.5,150590
2021-05-11 10:03:53,2409.8,150690
2021-05-11 10:03:55,2409.5,150700
2021-05-11 10:03:55,2409.8,150800
2021-05-11 10:03:58,2409.3,150859
2021-05-11 10:03:58,2409.1,150971
2021-05-11 10:04:00,2409.1,150972
2021-05-11 10:04:01,2408.9,151056
2021-05-11 10:04:01,2409.5,151186
2021-05-11 10:04:04,2408.3,151241
2021-05-11 10:04:06,2409.25,151251
2021-05-11 10:04:05,2408.3,151241
2021-05-11 10:04:07,2408.15,151301
2021-05-11 10:04:08,2408.15,151301
2021-05-11 10:04:09,2408.15,151301
2021-05-11 10:04:11,2408.15,151301
2021-05-11 10:04:12,2408.3,151303
2021-05-11 10:04:14,2408.3,151303
2021-05-11 10:04:15,2408.1,151312
2021-05-11 10:04:16,2408.2,151331
2021-05-11 10:04:17,2408.2,151331
2021-05-11 10:04:19,2408.2,151331
2021-05-11 10:04:18,2408.2,151331
2021-05-11 10:04:20,2409.05,151336
2021-05-11 10:04:21,2409.05,151337
2021-05-11 10:04:22,2409.05,151337
2021-05-11 10:04:23,2409.05,151337
2021-05-11 10:04:24,2409.05,151337
2021-05-11 10:04:25,2408.75,151338
2021-05-11 10:04:26,2408.75,151338
2021-05-11 10:04:27,2408.5,151339
2021-05-11 10:04:28,2408.5,151340
2021-05-11 10:04:29,2408.0,151641
2021-05-11 10:04:30,2409.3,151737
2021-05-11 10:04:31,2409.3,151737
2021-05-11 10:04:32,2408.2,151738
2021-05-11 10:04:33,2408.05,151762
2021-05-11 10:04:34,2408.05,151765
2021-05-11 10:04:35,2408.05,151765
2021-05-11 10:04:36,2409.15,151790
2021-05-11 10:04:37,2408.6,151792
2021-05-11 10:04:38,2408.6,151792
2021-05-11 10:04:39,2408.6,151792
2021-05-11 10:04:40,2408.6,151792
2021-05-11 10:04:41,2408.5,151793
2021-05-11 10:04:42,2408.6,151799
2021-05-11 10:04:43,2408.6,151819
2021-05-11 10:04:44,2408.6,151819
2021-05-11 10:04:45,2408.6,151819
2021-05-11 10:04:46,2408.6,151819
2021-05-11 10:04:47,2409.65,151919
2021-05-11 10:04:48,2409.65,151919
2021-05-11 10:04:49,2408.6,151923
2021-05-11 10:04:50,2408.6,151925
2021-05-11 10:04:51,2408.6,151925
2021-05-11 10:04:52,2408.6,151928
2021-05-11 10:04:53,2408.6,151928
2021-05-11 10:04:54,2408.6,151928
2021-05-11 10:04:55,2408.6,151928
2021-05-11 10:04:56,2408.6,151928
2021-05-11 10:04:57,2408.6,151928
2021-05-11 10:04:58,2408.6,151929
2021-05-11 10:04:59,2408.6,151929
2021-05-11 10:05:00,2408.6,151929
2021-05-11 10:05:01,2408.55,151985
2021-05-11 10:05:02,2408.55,152009
2021-05-11 10:05:03,2409.45,152032
2021-05-11 10:05:04,2408.55,152135
2021-05-11 10:05:05,2408.55,152135
2021-05-11 10:05:06,2408.55,152135
2021-05-11 10:05:07,2408.55,152135
2021-05-11 10:05:08,2409.5,152136
2021-05-11 10:05:09,2409.5,152136
2021-05-11 10:05:10,2408.6,152181
2021-05-11 10:05:11,2409.45,152192
2021-05-11 10:05:12,2409.45,152192
2021-05-11 10:05:13,2409.5,152193
2021-05-11 10:05:14,2409.0,152194
2021-05-11 10:05:15,2409.0,152194
2021-05-11 10:05:16,2409.0,152199
2021-05-11 10:05:17,2409.0,152199
2021-05-11 10:05:18,2408.6,152200
2021-05-11 10:05:19,2408.6,152200
2021-05-11 10:05:20,2408.6,152200
2021-05-11 10:05:21,2408.6,152205
2021-05-11 10:05:22,2408.6,152207
2021-05-11 10:05:23,2408.6,152207
2021-05-11 10:05:24,2408.6,152207
2021-05-11 10:05:25,2408.6,152207
2021-05-11 10:05:26,2408.6,152209
2021-05-11 10:05:27,2408.8,152212
2021-05-11 10:05:29,2409.0,152275
2021-05-11 10:05:30,2409.1,152551
2021-05-11 10:05:31,2409.1,152551
2021-05-11 10:05:32,2409.1,152551
2021-05-11 10:05:33,2408.65,152573
2021-05-11 10:05:34,2409.0,152578
2021-05-11 10:05:35,2408.75,152582
2021-05-11 10:05:36,2408.75,152582
2021-05-11 10:05:37,2409.0,152583
2021-05-11 10:05:38,2409.0,152583
2021-05-11 10:05:39,2409.0,152583
2021-05-11 10:05:40,2409.1,152776
2021-05-11 10:05:41,2409.1,152776
2021-05-11 10:05:42,2409.1,152776
2021-05-11 10:05:43,2409.0,152789
2021-05-11 10:05:44,2409.0,152789
2021-05-11 10:05:45,2409.5,152811
2021-05-11 10:05:46,2409.5,152811
2021-05-11 10:05:47,2409.5,152811
2021-05-11 10:05:48,2409.5,152811
2021-05-11 10:05:49,2409.0,152815
2021-05-11 10:05:50,2409.5,152820
2021-05-11 10:05:51,2409.5,152820
2021-05-11 10:05:52,2409.6,152920
2021-05-11 10:05:53,2409.3,152976
2021-05-11 10:05:54,2409.3,152976
2021-05-11 10:05:55,2409.3,152976
2021-05-11 10:05:56,2409.0,152998
2021-05-11 10:05:57,2409.0,152998
2021-05-11 10:05:59,2409.6,152999
2021-05-11 10:06:00,2409.0,153000
2021-05-11 10:06:01,2409.0,153000
2021-05-11 10:06:02,2409.6,153036
2021-05-11 10:06:03,2409.6,153036
2021-05-11 10:06:04,2409.6,153040
2021-05-11 10:06:05,2409.6,153044
2021-05-11 10:06:06,2409.65,153049
2021-05-11 10:06:07,2409.6,153055
2021-05-11 10:06:08,2409.6,153058
2021-05-11 10:06:09,2409.6,153058
2021-05-11 10:06:10,2409.6,153058
2021-05-11 10:06:11,2409.6,153058
2021-05-11 10:06:12,2409.6,153058
2021-05-11 10:06:13,2409.6,153084
2021-05-11 10:06:14,2409.6,153084
2021-05-11 10:06:15,2409.6,153084
2021-05-11 10:06:16,2409.6,153084
2021-05-11 10:06:17,2409.6,153084
2021-05-11 10:06:18,2409.65,153104
2021-05-11 10:06:19,2409.6,153108
2021-05-11 10:06:20,2409.65,153110
2021-05-11 10:06:21,2409.6,153195
2021-05-11 10:06:22,2409.6,153195
2021-05-11 10:06:23,2409.55,153211
2021-05-11 10:06:24,2409.0,153233
2021-05-11 10:06:25,2409.0,153233
2021-05-11 10:06:26,2409.0,153234
2021-05-11 10:06:27,2409.0,153234
2021-05-11 10:06:29,2409.0,153245
2021-05-11 10:06:30,2409.0,153245
2021-05-11 10:06:31,2409.55,153255
2021-05-11 10:06:32,2409.55,153255
2021-05-11 10:06:33,2409.55,153255
2021-05-11 10:06:34,2409.0,154210
2021-05-11 10:06:35,2409.0,154210
2021-05-11 10:06:36,2409.0,154233
2021-05-11 10:06:37,2409.2,154278
2021-05-11 10:06:38,2408.7,154279
2021-05-11 10:06:39,2408.7,154279
2021-05-11 10:06:40,2408.7,154279
2021-05-11 10:06:41,2408.7,154279
2021-05-11 10:06:42,2408.8,154321
2021-05-11 10:06:43,2408.8,154321
2021-05-11 10:06:44,2408.8,154321
2021-05-11 10:06:45,2408.9,154323
2021-05-11 10:06:46,2408.9,154323
2021-05-11 10:06:47,2408.9,154323
2021-05-11 10:06:48,2408.7,154329
2021-05-11 10:06:49,2409.0,154389
2021-05-11 10:06:50,2408.7,154399
2021-05-11 10:06:52,2409.0,154406
2021-05-11 10:06:53,2409.0,154406
2021-05-11 10:06:54,2409.0,154406
2021-05-11 10:06:55,2408.8,154419
2021-05-11 10:06:56,2408.8,154420
2021-05-11 10:06:58,2408.8,154421
2021-05-11 10:06:58,2408.8,154421
2021-05-11 10:07:00,2408.8,154490
2021-05-11 10:07:00,2408.8,154490
2021-05-11 10:07:01,2408.6,154551
2021-05-11 10:07:02,2408.8,154552
2021-05-11 10:07:03,2408.7,154556
2021-05-11 10:07:05,2409.0,154610
2021-05-11 10:07:05,2409.0,154610
2021-05-11 10:07:06,2408.8,154612
2021-05-11 10:07:07,2408.8,154612
2021-05-11 10:07:08,2408.8,154618
2021-05-11 10:07:09,2408.8,154618
2021-05-11 10:07:11,2408.8,154623
2021-05-11 10:07:12,2408.8,154623
2021-05-11 10:07:12,2408.7,154659
2021-05-11 10:07:13,2409.45,154707
2021-05-11 10:07:15,2409.45,154707
2021-05-11 10:07:15,2409.45,154707
2021-05-11 10:07:16,2408.7,154730
2021-05-11 10:07:17,2408.7,154731
2021-05-11 10:07:18,2408.75,154735
2021-05-11 10:07:19,2408.7,154746
2021-05-11 10:07:20,2408.7,154746
2021-05-11 10:07:21,2408.7,154746
2021-05-11 10:07:22,2408.7,155250
2021-05-11 10:07:24,2408.7,155250
2021-05-11 10:07:24,2408.7,155250
2021-05-11 10:07:25,2409.55,155302
2021-05-11 10:07:26,2408.7,155303
2021-05-11 10:07:27,2408.7,155304
2021-05-11 10:07:28,2408.6,155323
2021-05-11 10:07:29,2409.4,155487
2021-05-11 10:07:30,2409.4,155542
2021-05-11 10:07:31,2409.4,155543
2021-05-11 10:07:32,2409.4,155543
2021-05-11 10:07:33,2409.4,155543
2021-05-11 10:07:35,2409.0,155552
2021-05-11 10:07:35,2409.0,155552
2021-05-11 10:07:36,2409.0,155552
2021-05-11 10:07:37,2409.0,155556
2021-05-11 10:07:38,2409.4,155660
2021-05-11 10:07:39,2409.2,155690
2021-05-11 10:07:40,2408.8,155941
2021-05-11 10:07:41,2408.8,155941
2021-05-11 10:07:42,2409.35,156005
2021-05-11 10:07:43,2409.3,156016
2021-05-11 10:07:44,2409.3,156016
2021-05-11 10:07:45,2409.3,156016
2021-05-11 10:07:48,2409.35,156019
2021-05-11 10:07:48,2409.35,156019
2021-05-11 10:07:49,2408.55,156023
2021-05-11 10:07:50,2408.55,156023
2021-05-11 10:07:51,2408.55,156023
2021-05-11 10:07:52,2408.55,156023
2021-05-11 10:07:53,2409.35,156025
2021-05-11 10:07:54,2409.35,156025
2021-05-11 10:07:55,2409.35,156025
2021-05-11 10:07:57,2409.3,156064
2021-05-11 10:07:59,2409.3,156087
2021-05-11 10:08:00,2409.3,156087
2021-05-11 10:08:01,2408.5,156109
2021-05-11 10:08:05,2409.25,156119
2021-05-11 10:08:06,2409.25,156119
2021-05-11 10:08:08,2409.25,156119
2021-05-11 10:08:08,2409.25,156119
2021-05-11 10:08:09,2409.25,156129
2021-05-11 10:08:10,2409.25,156129
2021-05-11 10:08:11,2408.9,156134
2021-05-11 10:08:12,2408.9,156134
2021-05-11 10:08:13,2408.5,156135
2021-05-11 10:08:14,2408.55,156139
2021-05-11 10:08:15,2408.5,156203
2021-05-11 10:08:16,2408.5,156204
2021-05-11 10:08:17,2408.55,156206
2021-05-11 10:08:18,2408.5,156209
2021-05-11 10:08:19,2408.55,156211
2021-05-11 10:08:20,2408.5,156215
2021-05-11 10:08:21,2408.5,156215
2021-05-11 10:08:22,2408.5,156215
2021-05-11 10:08:23,2408.95,156323
2021-05-11 10:08:24,2408.5,156355
2021-05-11 10:08:26,2408.5,156355
2021-05-11 10:08:26,2408.5,156355
2021-05-11 10:08:27,2408.5,156355
2021-05-11 10:08:28,2408.5,156356
2021-05-11 10:08:29,2408.55,156362
2021-05-11 10:08:30,2408.5,156375
2021-05-11 10:08:31,2408.5,156375
2021-05-11 10:08:32,2408.5,156378
2021-05-11 10:08:33,2408.5,156388
2021-05-11 10:08:34,2408.5,156392
2021-05-11 10:08:35,2408.5,156424
2021-05-11 10:08:36,2408.55,156425
2021-05-11 10:08:37,2408.55,156464
2021-05-11 10:08:39,2408.55,156465
2021-05-11 10:08:40,2407.7,156818
2021-05-11 10:08:40,2408.35,156996
2021-05-11 10:08:44,2408.25,157117
2021-05-11 10:08:45,2407.4,157141
2021-05-11 10:08:45,2407.45,157121
2021-05-11 10:08:46,2407.4,157143
2021-05-11 10:08:47,2408.0,157170
2021-05-11 10:08:48,2408.0,157170
2021-05-11 10:08:49,2408.0,157170
2021-05-11 10:08:50,2407.4,157173
2021-05-11 10:08:51,2407.4,157173
2021-05-11 10:08:52,2407.4,157191
2021-05-11 10:08:53,2408.1,157211
2021-05-11 10:08:54,2408.1,157222
2021-05-11 10:08:55,2407.6,157226
2021-05-11 10:08:56,2407.6,157226
2021-05-11 10:08:57,2408.1,157228
2021-05-11 10:08:58,2408.1,157228
2021-05-11 10:08:59,2408.1,157229
2021-05-11 10:09:00,2408.1,157229
2021-05-11 10:09:01,2408.1,157229
2021-05-11 10:09:02,2408.1,157229
2021-05-11 10:09:03,2408.1,157229
2021-05-11 10:09:05,2407.6,157233
2021-05-11 10:09:06,2408.1,157253
2021-05-11 10:09:07,2408.1,157253
2021-05-11 10:09:09,2407.85,157254
2021-05-11 10:09:10,2407.4,157313
2021-05-11 10:09:10,2407.4,157313
2021-05-11 10:09:11,2407.85,157415
2021-05-11 10:09:12,2408.1,157463
2021-05-11 10:09:13,2407.45,157464
2021-05-11 10:09:14,2407.1,157465
2021-05-11 10:09:15,2407.1,157465
2021-05-11 10:09:16,2407.1,157465
2021-05-11 10:09:18,2407.1,157465
2021-05-11 10:09:18,2407.1,157465
