timestamp,ltp,volume
2021-05-11 09:07:23,112.55,87997
2021-05-11 09:15:03,112.2,110616
2021-05-11 09:15:12,112.0,215672
2021-05-11 09:15:20,111.9,326061
2021-05-11 09:15:27,112.1,400489
2021-05-11 09:15:34,111.9,431436
2021-05-11 09:15:40,111.6,457067
2021-05-11 09:15:47,111.7,480997
2021-05-11 09:15:53,111.75,610779
2021-05-11 09:16:00,111.7,627750
2021-05-11 09:16:06,111.5,661608
2021-05-11 09:16:12,111.6,671452
2021-05-11 09:16:18,111.7,688974
2021-05-11 09:16:24,111.7,727778
2021-05-11 09:16:30,111.5,791150
2021-05-11 09:16:36,111.3,812470
2021-05-11 09:16:41,111.15,842683
2021-05-11 09:16:47,111.05,896695
2021-05-11 09:16:53,111.05,920362
2021-05-11 09:16:59,111.05,949825
2021-05-11 09:17:04,111.05,964237
2021-05-11 09:17:10,111.0,980211
2021-05-11 09:17:16,110.85,1001259
2021-05-11 09:17:22,110.9,1031010
2021-05-11 09:17:28,110.9,1041531
2021-05-11 09:17:33,111.0,1051183
2021-05-11 09:17:39,111.0,1099640
2021-05-11 09:17:45,111.0,1114005
2021-05-11 09:17:50,111.1,1126593
2021-05-11 09:17:56,111.0,1158167
2021-05-11 09:18:02,111.0,1172415
2021-05-11 09:18:07,111.05,1188446
2021-05-11 09:18:13,111.1,1217769
2021-05-11 09:18:18,111.25,1239653
2021-05-11 09:18:24,111.25,1246273
2021-05-11 09:18:30,111.35,1266207
2021-05-11 09:18:35,111.5,1293533
2021-05-11 09:18:40,111.45,1338035
2021-05-11 09:18:46,111.35,1359818
2021-05-11 09:18:51,111.45,1374061
2021-05-11 09:18:57,111.45,1388368
2021-05-11 09:19:02,111.4,1426086
2021-05-11 09:19:08,111.3,1439561
2021-05-11 09:19:13,111.3,1448302
2021-05-11 09:19:18,111.4,1451454
2021-05-11 09:19:24,111.4,1461534
2021-05-11 09:19:29,111.55,1480350
2021-05-11 09:19:35,111.55,1491646
2021-05-11 09:19:40,111.7,1510038
2021-05-11 09:19:46,111.8,1517208
2021-05-11 09:19:51,111.8,1524764
2021-05-11 09:19:56,111.8,1535431
2021-05-11 09:20:02,111.8,1547238
2021-05-11 09:20:07,111.8,1549313
2021-05-11 09:20:12,111.8,1588413
2021-05-11 09:20:17,111.75,1645403
2021-05-11 09:20:23,111.7,1654716
2021-05-11 09:20:28,111.7,1660170
2021-05-11 09:20:33,111.65,1696153
2021-05-11 09:20:39,111.8,1704112
2021-05-11 09:20:44,111.75,1705777
2021-05-11 09:20:49,111.75,1707028
2021-05-11 09:20:54,111.85,1741856
2021-05-11 09:20:59,111.9,1758861
2021-05-11 09:21:04,112.0,1763255
2021-05-11 09:21:09,111.9,1785228
2021-05-11 09:21:15,112.2,1829965
2021-05-11 09:21:19,112.1,1844508
2021-05-11 09:21:24,112.2,1927656
2021-05-11 09:21:29,112.1,1934865
2021-05-11 09:21:35,112.15,1947814
2021-05-11 09:21:40,112.2,1953403
2021-05-11 09:21:45,112.2,1985652
2021-05-11 09:21:50,112.05,1998983
2021-05-11 09:21:56,112.1,2009307
2021-05-11 09:22:01,112.15,2014092
2021-05-11 09:22:06,112.1,2018354
2021-05-11 09:22:11,112.2,2020779
2021-05-11 09:22:17,112.2,2027885
2021-05-11 09:22:22,112.25,2036923
2021-05-11 09:22:24,112.2,2038153
2021-05-11 09:22:25,112.2,2038355
2021-05-11 09:22:26,112.15,2084185
2021-05-11 09:22:27,112.15,2084427
2021-05-11 09:22:28,112.1,2088948
2021-05-11 09:22:29,112.1,2089968
2021-05-11 09:22:30,112.05,2091708
2021-05-11 09:22:31,112.05,2092308
2021-05-11 09:22:32,112.15,2092558
2021-05-11 09:22:33,112.1,2092608
2021-05-11 09:22:34,112.15,2092708
2021-05-11 09:22:35,112.15,2092921
2021-05-11 09:22:36,112.15,2092921
2021-05-11 09:22:37,112.1,2093923
2021-05-11 09:22:38,112.05,2098910
2021-05-11 09:22:39,112.1,2099020
2021-05-11 09:22:40,112.1,2099070
2021-05-11 09:22:41,112.1,2099070
2021-05-11 09:22:42,112.15,2099101
2021-05-11 09:22:43,112.15,2100111
2021-05-11 09:22:44,112.1,2101111
2021-05-11 09:22:45,112.15,2108785
2021-05-11 09:22:46,112.05,2109526
2021-05-11 09:22:47,112.15,2109642
2021-05-11 09:22:48,112.1,2110408
2021-05-11 09:22:49,112.1,2110408
2021-05-11 09:22:50,112.15,2112763
2021-05-11 09:22:51,112.15,2112763
2021-05-11 09:22:52,112.1,2113104
2021-05-11 09:22:53,112.15,2117931
2021-05-11 09:22:54,112.05,2118731
2021-05-11 09:22:55,112.15,2136201
2021-05-11 09:22:56,112.15,2136201
2021-05-11 09:22:57,112.15,2141222
2021-05-11 09:22:58,112.2,2141862
2021-05-11 09:23:00,112.2,2143052
2021-05-11 09:23:01,112.15,2143252
2021-05-11 09:23:01,112.2,2143274
2021-05-11 09:23:02,112.15,2143275
2021-05-11 09:23:03,112.25,2146925
2021-05-11 09:23:04,112.15,2147935
2021-05-11 09:23:05,112.2,2148215
2021-05-11 09:23:06,112.2,2148891
2021-05-11 09:23:07,112.2,2148916
2021-05-11 09:23:08,112.2,2149022
2021-05-11 09:23:09,112.25,2149182
2021-05-11 09:23:10,112.2,2150192
2021-05-11 09:23:11,112.2,2150523
2021-05-11 09:23:12,112.25,2151024
2021-05-11 09:23:13,112.25,2151129
2021-05-11 09:23:14,112.25,2154512
2021-05-11 09:23:15,112.25,2158702
2021-05-11 09:23:17,112.3,2165583
2021-05-11 09:23:17,112.3,2165423
2021-05-11 09:23:18,112.3,2165900
2021-05-11 09:23:19,112.3,2165901
2021-05-11 09:23:20,112.2,2167001
2021-05-11 09:23:21,112.3,2167033
2021-05-11 09:23:22,112.25,2167060
2021-05-11 09:23:23,112.25,2167060
2021-05-11 09:23:25,112.3,2168504
2021-05-11 09:23:24,112.3,2167284
2021-05-11 09:23:26,112.3,2168707
2021-05-11 09:23:27,112.3,2172130
2021-05-11 09:23:28,112.3,2173203
2021-05-11 09:23:29,112.35,2174452
2021-05-11 09:23:30,112.35,2175560
2021-05-11 09:23:31,112.35,2175560
2021-05-11 09:23:32,112.3,2176454
2021-05-11 09:23:33,112.3,2176657
2021-05-11 09:23:34,112.25,2177812
2021-05-11 09:23:35,112.3,2178532
2021-05-11 09:23:36,112.3,2178899
2021-05-11 09:23:37,112.3,2178899
2021-05-11 09:23:38,112.3,2179304
2021-05-11 09:23:40,112.3,2180426
2021-05-11 09:23:41,112.35,2183217
2021-05-11 09:23:42,112.4,2184296
2021-05-11 09:23:43,112.3,2184422
2021-05-11 09:23:45,112.3,2184748
2021-05-11 09:23:46,112.35,2184880
2021-05-11 09:23:48,112.45,2205547
2021-05-11 09:23:49,112.4,2208600
2021-05-11 09:23:50,112.45,2209706
2021-05-11 09:23:50,112.4,2213929
2021-05-11 09:23:51,112.45,2217121
2021-05-11 09:23:52,112.45,2217591
2021-05-11 09:23:53,112.45,2217657
2021-05-11 09:23:54,112.45,2217663
2021-05-11 09:23:55,112.35,2222794
2021-05-11 09:23:57,112.45,2224208
2021-05-11 09:23:58,112.5,2245046
2021-05-11 09:23:59,112.5,2247200
2021-05-11 09:24:00,112.45,2251508
2021-05-11 09:24:01,112.45,2256144
2021-05-11 09:24:02,112.4,2257222
2021-05-11 09:24:03,112.5,2257330
2021-05-11 09:24:04,112.45,2258427
2021-05-11 09:24:05,112.45,2264644
2021-05-11 09:24:06,112.5,2267265
2021-05-11 09:24:07,112.45,2272623
2021-05-11 09:24:08,112.5,2273423
2021-05-11 09:24:09,112.45,2273517
2021-05-11 09:24:10,112.55,2300730
2021-05-11 09:24:11,112.5,2312000
2021-05-11 09:24:12,112.5,2313157
2021-05-11 09:24:13,112.5,2315277
2021-05-11 09:24:14,112.5,2315559
2021-05-11 09:24:15,112.5,2327036
2021-05-11 09:24:16,112.5,2329199
2021-05-11 09:24:17,112.5,2330540
2021-05-11 09:24:18,112.5,2332266
2021-05-11 09:24:19,112.5,2332751
2021-05-11 09:24:20,112.45,2333950
2021-05-11 09:24:21,112.45,2334454
2021-05-11 09:24:22,112.5,2334564
2021-05-11 09:24:23,112.5,2335675
2021-05-11 09:24:24,112.5,2337281
2021-05-11 09:24:25,112.5,2339543
2021-05-11 09:24:26,112.5,2354475
2021-05-11 09:24:27,112.55,2355969
2021-05-11 09:24:28,112.5,2360169
2021-05-11 09:24:29,112.5,2379672
2021-05-11 09:24:30,112.5,2381825
2021-05-11 09:24:31,112.45,2383890
2021-05-11 09:24:33,112.5,2384632
2021-05-11 09:24:33,112.45,2384746
2021-05-11 09:24:35,112.45,2385937
2021-05-11 09:24:35,112.5,2386056
2021-05-11 09:24:36,112.5,2387251
2021-05-11 09:24:37,112.5,2387521
2021-05-11 09:24:38,112.45,2387631
2021-05-11 09:24:39,112.45,2388807
2021-05-11 09:24:40,112.5,2388994
2021-05-11 09:24:41,112.45,2389220
2021-05-11 09:24:43,112.5,2391905
2021-05-11 09:24:44,112.5,2392874
2021-05-11 09:24:45,112.5,2393108
2021-05-11 09:24:46,112.45,2393149
2021-05-11 09:24:47,112.5,2393409
2021-05-11 09:24:48,112.45,2416016
2021-05-11 09:24:49,112.4,2418336
2021-05-11 09:24:50,112.4,2419295
2021-05-11 09:24:51,112.45,2424857
2021-05-11 09:24:52,112.35,2425488
2021-05-11 09:24:53,112.45,2427826
2021-05-11 09:24:54,112.45,2428880
2021-05-11 09:24:55,112.45,2479948
2021-05-11 09:24:56,112.45,2485194
2021-05-11 09:24:57,112.55,2485741
2021-05-11 09:24:58,112.45,2486858
2021-05-11 09:24:59,112.55,2489200
2021-05-11 09:25:00,112.55,2490168
2021-05-11 09:25:01,112.55,2490952
2021-05-11 09:25:02,112.45,2491281
2021-05-11 09:25:04,112.5,2491784
2021-05-11 09:25:04,112.55,2491884
2021-05-11 09:25:06,112.55,2492045
2021-05-11 09:25:07,112.5,2495069
2021-05-11 09:25:07,112.45,2502577
2021-05-11 09:25:08,112.45,2503337
2021-05-11 09:25:09,112.55,2503569
2021-05-11 09:25:10,112.55,2503900
2021-05-11 09:25:11,112.45,2523398
2021-05-11 09:25:12,112.55,2525418
2021-05-11 09:25:13,112.45,2525508
2021-05-11 09:25:14,112.55,2525558
2021-05-11 09:25:16,112.5,2525836
2021-05-11 09:25:19,112.55,2527746
2021-05-11 09:25:20,112.5,2531897
2021-05-11 09:25:20,112.5,2531898
2021-05-11 09:25:21,112.55,2532099
2021-05-11 09:25:22,112.5,2532951
2021-05-11 09:25:23,112.55,2533921
2021-05-11 09:25:24,112.55,2533981
2021-05-11 09:25:25,112.5,2533992
2021-05-11 09:25:26,112.5,2535031
2021-05-11 09:25:27,112.55,2536366
2021-05-11 09:25:28,112.5,2540200
2021-05-11 09:25:29,112.5,2540204
2021-05-11 09:25:30,112.5,2541215
2021-05-11 09:25:31,112.55,2543381
2021-05-11 09:25:32,112.45,2547396
2021-05-11 09:25:33,112.55,2547898
2021-05-11 09:25:34,112.55,2548716
2021-05-11 09:25:35,112.6,2571841
2021-05-11 09:25:36,112.5,2572101
2021-05-11 09:25:37,112.5,2572206
2021-05-11 09:25:38,112.55,2575514
2021-05-11 09:25:39,112.6,2575539
2021-05-11 09:25:40,112.55,2576975
2021-05-11 09:25:41,112.55,2578025
2021-05-11 09:25:43,112.6,2578877
2021-05-11 09:25:44,112.55,2579495
2021-05-11 09:25:45,112.65,2587264
2021-05-11 09:25:46,112.6,2587457
2021-05-11 09:25:47,112.6,2589207
2021-05-11 09:25:47,112.6,2589207
2021-05-11 09:25:48,112.65,2590762
2021-05-11 09:25:49,112.6,2590881
2021-05-11 09:25:50,112.6,2591354
2021-05-11 09:25:51,112.65,2597424
2021-05-11 09:25:52,112.65,2597424
2021-05-11 09:25:53,112.6,2597525
2021-05-11 09:25:54,112.65,2603103
2021-05-11 09:25:55,112.6,2604453
2021-05-11 09:25:56,112.65,2605504
2021-05-11 09:25:57,112.6,2605905
2021-05-11 09:25:59,112.7,2608938
2021-05-11 09:25:59,112.7,2609098
2021-05-11 09:26:00,112.7,2609469
2021-05-11 09:26:01,112.65,2609470
2021-05-11 09:26:02,112.7,2609885
2021-05-11 09:26:03,112.65,2614898
2021-05-11 09:26:04,112.7,2615278
2021-05-11 09:26:05,112.7,2623507
2021-05-11 09:26:06,112.6,2624401
2021-05-11 09:26:07,112.6,2625589
2021-05-11 09:26:08,112.6,2626684
2021-05-11 09:26:09,112.65,2627534
2021-05-11 09:26:10,112.65,2627534
2021-05-11 09:26:11,112.65,2631576
2021-05-11 09:26:13,112.65,2631928
2021-05-11 09:26:14,112.55,2648077
2021-05-11 09:26:15,112.5,2654271
2021-05-11 09:26:16,112.5,2654371
2021-05-11 09:26:17,112.55,2659586
2021-05-11 09:26:18,112.6,2660699
2021-05-11 09:26:19,112.6,2661049
2021-05-11 09:26:20,112.6,2661186
2021-05-11 09:26:20,112.6,2661186
2021-05-11 09:26:22,112.65,2664810
2021-05-11 09:26:22,112.65,2664810
2021-05-11 09:26:24,112.7,2681078
2021-05-11 09:26:24,112.7,2680828
2021-05-11 09:26:25,112.7,2681507
2021-05-11 09:26:26,112.7,2682571
2021-05-11 09:26:27,112.75,2686988
2021-05-11 09:26:28,112.65,2687115
2021-05-11 09:26:29,112.7,2687570
2021-05-11 09:26:30,112.7,2688070
2021-05-11 09:26:31,112.7,2688384
2021-05-11 09:26:32,112.75,2688634
2021-05-11 09:26:33,112.75,2690282
2021-05-11 09:26:34,112.8,2691665
2021-05-11 09:26:35,112.8,2695846
2021-05-11 09:26:36,112.85,2696075
2021-05-11 09:26:37,112.85,2696080
2021-05-11 09:26:38,112.85,2697257
2021-05-11 09:26:40,112.85,2698007
2021-05-11 09:26:40,112.75,2698017
2021-05-11 09:26:42,112.9,2738332
2021-05-11 09:26:43,112.85,2739409
2021-05-11 09:26:44,112.8,2743752
2021-05-11 09:26:45,112.8,2744777
2021-05-11 09:26:46,112.8,2744979
2021-05-11 09:26:47,112.9,2744999
2021-05-11 09:26:47,112.9,2745029
2021-05-11 09:26:48,112.85,2746295
2021-05-11 09:26:49,112.9,2749263
2021-05-11 09:26:50,112.9,2749263
2021-05-11 09:26:51,112.65,2869807
2021-05-11 09:26:52,112.65,2871847
2021-05-11 09:26:54,112.6,2883543
2021-05-11 09:26:55,112.55,2947082
2021-05-11 09:26:56,112.45,2949352
2021-05-11 09:26:57,112.4,2955679
2021-05-11 09:26:58,112.55,2977548
2021-05-11 09:26:59,112.6,2985379
2021-05-11 09:27:00,112.65,2987444
2021-05-11 09:27:01,112.6,2987961
2021-05-11 09:27:02,112.65,2988062
2021-05-11 09:27:03,112.65,2988716
2021-05-11 09:27:04,112.45,3083447
2021-05-11 09:27:05,112.5,3098510
2021-05-11 09:27:07,112.6,3101336
2021-05-11 09:27:07,112.55,3102990
2021-05-11 09:27:09,112.65,3115580
2021-05-11 09:27:10,112.65,3118203
2021-05-11 09:27:11,112.65,3119036
2021-05-11 09:27:13,112.65,3119532
2021-05-11 09:27:13,112.75,3121368
2021-05-11 09:27:15,112.7,3127346
2021-05-11 09:27:16,112.7,3128605
2021-05-11 09:27:17,112.7,3128793
2021-05-11 09:27:18,112.6,3133836
2021-05-11 09:27:19,112.5,3135525
2021-05-11 09:27:20,112.5,3136644
2021-05-11 09:27:22,112.6,3136928
2021-05-11 09:27:23,112.6,3137046
2021-05-11 09:27:24,112.6,3138680
2021-05-11 09:27:29,112.7,3139712
2021-05-11 09:27:34,112.7,3143526
2021-05-11 09:27:39,112.65,3152010
2021-05-11 09:27:44,112.65,3174045
2021-05-11 09:27:48,112.65,3181163
2021-05-11 09:27:53,112.65,3181971
2021-05-11 09:27:57,112.65,3182737
2021-05-11 09:28:02,112.75,3203328
2021-05-11 09:28:06,112.75,3213939
2021-05-11 09:28:11,112.75,3217396
2021-05-11 09:28:16,112.7,3228732
2021-05-11 09:28:21,112.75,3237712
2021-05-11 09:28:25,112.75,3239236
2021-05-11 09:28:30,112.75,3255971
2021-05-11 09:28:34,112.75,3258945
2021-05-11 09:28:39,112.85,3288925
2021-05-11 09:28:44,112.75,3294837
2021-05-11 09:28:48,112.75,3296774
2021-05-11 09:28:53,112.8,3298044
2021-05-11 09:28:57,112.85,3301762
2021-05-11 09:29:02,112.85,3304280
2021-05-11 09:29:06,112.9,3306422
2021-05-11 09:29:11,112.8,3339290
2021-05-11 09:29:15,112.9,3450329
2021-05-11 09:29:19,113.0,3470538
2021-05-11 09:29:24,113.05,3480945
2021-05-11 09:29:28,113.1,3487072
2021-05-11 09:29:33,113.0,3491466
2021-05-11 09:29:37,113.1,3493736
2021-05-11 09:29:46,113.1,3509235
2021-05-11 09:29:50,113.1,3534129
2021-05-11 09:29:55,113.1,3542824
2021-05-11 09:29:59,113.1,3550336
2021-05-11 09:30:04,113.1,3567756
2021-05-11 09:30:09,113.05,3599981
2021-05-11 09:30:14,113.15,3634242
2021-05-11 09:30:18,113.1,3650378
2021-05-11 09:30:23,113.1,3679301
2021-05-11 09:30:32,113.1,3685947
2021-05-11 09:30:37,113.15,3723707
2021-05-11 09:30:41,113.2,3728999
2021-05-11 09:30:46,113.15,3736055
2021-05-11 09:30:51,113.2,3747678
2021-05-11 09:30:56,113.25,3753659
2021-05-11 09:31:00,113.25,3769343
2021-05-11 09:31:05,113.15,3777923
2021-05-11 09:31:09,113.2,3789897
2021-05-11 09:31:14,113.35,3808417
2021-05-11 09:31:19,113.45,3843190
2021-05-11 09:31:24,113.5,3857175
2021-05-11 09:31:29,113.5,3861636
2021-05-11 09:31:33,113.5,3886362
2021-05-11 09:31:38,113.5,3899373
2021-05-11 09:31:42,113.55,3910665
2021-05-11 09:31:47,113.5,3929616
2021-05-11 09:31:51,113.5,3947880
2021-05-11 09:31:56,113.5,3955139
2021-05-11 09:32:05,113.4,4073833
2021-05-11 09:32:10,113.45,4094710
2021-05-11 09:32:15,113.4,4100476
2021-05-11 09:32:19,113.45,4109505
2021-05-11 09:32:23,113.45,4116888
2021-05-11 09:32:24,113.4,4118871
2021-05-11 09:32:25,113.45,4125987
2021-05-11 09:32:26,113.65,4277739
2021-05-11 09:32:27,113.6,4298264
2021-05-11 09:32:28,113.9,4456548
2021-05-11 09:32:29,113.9,4485445
2021-05-11 09:32:30,113.8,4510161
2021-05-11 09:32:31,113.85,4513646
2021-05-11 09:32:32,113.9,4523471
2021-05-11 09:32:34,113.95,4536428
2021-05-11 09:32:35,114.0,4553165
2021-05-11 09:32:36,114.0,4603535
2021-05-11 09:32:37,114.0,4618815
2021-05-11 09:32:38,113.95,4619300
2021-05-11 09:32:39,113.95,4623210
2021-05-11 09:32:40,113.95,4623410
2021-05-11 09:32:42,113.95,4627713
2021-05-11 09:32:43,113.95,4630743
2021-05-11 09:32:44,113.85,4635438
2021-05-11 09:32:45,113.9,4637325
2021-05-11 09:32:46,113.9,4638075
2021-05-11 09:32:47,113.9,4638075
2021-05-11 09:32:48,113.95,4646250
2021-05-11 09:32:49,113.95,4660826
2021-05-11 09:32:50,113.95,4661775
2021-05-11 09:32:51,114.05,4702870
2021-05-11 09:32:52,114.1,4736315
2021-05-11 09:32:53,114.2,4743651
2021-05-11 09:32:54,114.15,4749859
2021-05-11 09:32:55,114.15,4754923
2021-05-11 09:32:56,114.25,4794468
2021-05-11 09:32:57,114.15,4798570
2021-05-11 09:32:58,114.25,4802822
2021-05-11 09:32:59,114.25,4805362
2021-05-11 09:33:00,114.25,4814408
2021-05-11 09:33:02,114.25,4829276
2021-05-11 09:33:01,114.25,4817313
2021-05-11 09:33:03,114.25,4936827
2021-05-11 09:33:04,114.15,4939499
2021-05-11 09:33:05,114.2,4945041
2021-05-11 09:33:06,114.25,4955680
2021-05-11 09:33:07,114.15,4962059
2021-05-11 09:33:08,114.2,4964213
2021-05-11 09:33:09,114.25,4967820
2021-05-11 09:33:10,114.2,4969710
2021-05-11 09:33:11,114.25,4973772
2021-05-11 09:33:12,114.25,4973822
2021-05-11 09:33:13,114.2,4980062
2021-05-11 09:33:14,114.2,4980642
2021-05-11 09:33:15,114.25,4984973
2021-05-11 09:33:16,114.25,4991135
2021-05-11 09:33:17,114.25,4997083
2021-05-11 09:33:18,114.25,5002329
2021-05-11 09:33:19,114.25,5011222
2021-05-11 09:33:20,114.25,5023235
2021-05-11 09:33:22,114.3,5030585
2021-05-11 09:33:23,114.25,5049171
2021-05-11 09:33:24,114.2,5074457
2021-05-11 09:33:25,114.2,5112439
2021-05-11 09:33:26,114.1,5125989
2021-05-11 09:33:27,114.1,5132539
2021-05-11 09:33:28,114.1,5135114
2021-05-11 09:33:30,114.05,5149270
2021-05-11 09:33:29,114.15,5142488
2021-05-11 09:33:31,114.15,5150100
2021-05-11 09:33:32,114.1,5155230
2021-05-11 09:33:33,114.1,5169332
2021-05-11 09:33:34,114.1,5178107
2021-05-11 09:33:36,114.05,5190505
2021-05-11 09:33:36,114.0,5190860
2021-05-11 09:33:38,114.1,5201687
2021-05-11 09:33:38,114.0,5202690
2021-05-11 09:33:39,114.1,5213761
2021-05-11 09:33:41,114.0,5232198
2021-05-11 09:33:41,114.05,5233945
2021-05-11 09:33:43,113.95,5238677
2021-05-11 09:33:44,114.0,5239669
2021-05-11 09:33:45,114.0,5241966
2021-05-11 09:33:45,113.9,5243602
2021-05-11 09:33:46,113.9,5356255
2021-05-11 09:33:47,114.0,5429699
2021-05-11 09:33:48,113.8,5435920
2021-05-11 09:33:49,113.85,5439952
2021-05-11 09:33:50,113.8,5453688
2021-05-11 09:33:51,113.85,5475731
2021-05-11 09:33:52,113.9,5481879
2021-05-11 09:33:53,113.95,5485834
2021-05-11 09:33:54,113.9,5493440
2021-05-11 09:33:55,113.95,5497481
2021-05-11 09:33:56,113.9,5503370
2021-05-11 09:33:57,113.9,5529288
2021-05-11 09:33:58,113.9,5534819
2021-05-11 09:33:59,113.8,5552041
2021-05-11 09:34:00,113.8,5570716
2021-05-11 09:34:01,113.8,5573284
2021-05-11 09:34:02,113.75,5586429
2021-05-11 09:34:03,113.8,5596565
2021-05-11 09:34:04,113.8,5606068
2021-05-11 09:34:05,113.8,5610828
2021-05-11 09:34:06,113.75,5642299
2021-05-11 09:34:07,113.7,5648778
2021-05-11 09:34:08,113.75,5660804
2021-05-11 09:34:09,113.7,5670116
2021-05-11 09:34:11,113.75,5672152
2021-05-11 09:34:11,113.75,5677121
2021-05-11 09:34:12,113.75,5679259
2021-05-11 09:34:14,113.75,5681078
2021-05-11 09:34:14,113.75,5681285
2021-05-11 09:34:16,113.65,5695170
2021-05-11 09:34:17,113.7,5722312
2021-05-11 09:34:18,113.65,5727677
2021-05-11 09:34:19,113.75,5728838
2021-05-11 09:34:21,113.7,5743354
2021-05-11 09:34:22,113.65,5755490
2021-05-11 09:34:23,113.8,5787473
2021-05-11 09:34:24,113.8,5797369
2021-05-11 09:34:25,113.7,5803612
2021-05-11 09:34:26,113.7,5806907
2021-05-11 09:34:27,113.7,5807627
2021-05-11 09:34:28,113.7,5812242
2021-05-11 09:34:29,113.75,5813154
2021-05-11 09:34:30,113.7,5815163
2021-05-11 09:34:31,113.7,5817163
2021-05-11 09:34:32,113.75,5817926
2021-05-11 09:34:33,113.75,5818625
2021-05-11 09:34:34,113.7,5820152
2021-05-11 09:34:35,113.7,5821073
2021-05-11 09:34:36,113.75,5825183
2021-05-11 09:34:37,113.8,5842158
2021-05-11 09:34:38,113.75,5852482
2021-05-11 09:34:39,113.8,5855855
2021-05-11 09:34:41,113.8,5857066
2021-05-11 09:34:41,113.8,5857248
2021-05-11 09:34:42,113.75,5865759
2021-05-11 09:34:43,113.8,5869086
2021-05-11 09:34:44,113.7,5882538
2021-05-11 09:34:45,113.75,5884763
2021-05-11 09:34:46,113.75,5887337
2021-05-11 09:34:47,113.75,5889913
2021-05-11 09:34:48,113.75,5891752
2021-05-11 09:34:49,113.75,5892453
2021-05-11 09:34:50,113.75,5895043
2021-05-11 09:34:51,113.75,5902340
2021-05-11 09:34:52,113.75,5903534
2021-05-11 09:34:53,113.75,5906788
2021-05-11 09:34:54,113.8,5907832
2021-05-11 09:34:55,113.75,5909090
2021-05-11 09:34:56,113.8,5910844
2021-05-11 09:34:57,113.75,5911797
2021-05-11 09:34:58,113.8,5912568
2021-05-11 09:34:59,113.8,5912858
2021-05-11 09:35:00,113.8,5912902
2021-05-11 09:35:01,113.75,5912913
2021-05-11 09:35:02,113.75,5921556
2021-05-11 09:35:03,113.75,5923191
2021-05-11 09:35:04,113.7,5923697
2021-05-11 09:35:05,113.8,5925598
2021-05-11 09:35:06,113.8,5926183
2021-05-11 09:35:07,113.7,5927648
2021-05-11 09:35:08,113.75,5928042
2021-05-11 09:35:09,113.75,5928407
2021-05-11 09:35:10,113.75,5928570
2021-05-11 09:35:12,113.75,5932157
2021-05-11 09:35:11,113.8,5930644
2021-05-11 09:35:13,113.8,5932947
2021-05-11 09:35:14,113.75,5933794
2021-05-11 09:35:15,113.8,5934277
2021-05-11 09:35:16,113.8,5936940
2021-05-11 09:35:17,113.8,5937865
2021-05-11 09:35:18,113.8,5938665
2021-05-11 09:35:20,113.8,5970137
2021-05-11 09:35:21,113.8,5982311
2021-05-11 09:35:22,113.9,5984875
2021-05-11 09:35:23,113.9,5985659
2021-05-11 09:35:24,113.85,5997224
2021-05-11 09:35:25,113.95,6014750
2021-05-11 09:35:27,113.95,6015661
2021-05-11 09:35:28,113.9,6017794
2021-05-11 09:35:29,113.9,6026096
2021-05-11 09:35:30,113.95,6028971
2021-05-11 09:35:31,113.85,6037696
2021-05-11 09:35:32,113.8,6040415
2021-05-11 09:35:33,113.9,6043925
2021-05-11 09:35:34,113.85,6047022
2021-05-11 09:35:35,113.9,6048701
2021-05-11 09:35:37,113.85,6050192
2021-05-11 09:35:38,113.9,6053584
2021-05-11 09:35:38,113.9,6052440
2021-05-11 09:35:39,113.9,6055766
2021-05-11 09:35:40,113.9,6056607
2021-05-11 09:35:41,113.9,6057136
2021-05-11 09:35:42,113.9,6057876
2021-05-11 09:35:43,113.85,6058291
2021-05-11 09:35:44,113.9,6059068
2021-05-11 09:35:45,113.9,6080226
2021-05-11 09:35:46,113.9,6080383
2021-05-11 09:35:47,113.9,6080635
2021-05-11 09:35:48,113.9,6081561
2021-05-11 09:35:50,113.95,6103728
2021-05-11 09:35:51,113.95,6105578
2021-05-11 09:35:52,114.0,6107578
2021-05-11 09:35:53,113.9,6109824
2021-05-11 09:35:54,113.95,6110999
2021-05-11 09:35:55,113.9,6115477
2021-05-11 09:35:57,113.9,6116199
2021-05-11 09:35:58,113.95,6118908
2021-05-11 09:35:59,114.0,6121728
2021-05-11 09:36:00,114.0,6132293
2021-05-11 09:36:01,114.0,6143311
2021-05-11 09:36:02,114.0,6143465
2021-05-11 09:36:03,114.0,6169660
2021-05-11 09:36:04,114.0,6176767
2021-05-11 09:36:05,113.95,6185762
2021-05-11 09:36:06,113.75,6251906
2021-05-11 09:36:07,113.95,6261949
2021-05-11 09:36:09,113.9,6262602
2021-05-11 09:36:10,113.95,6262854
2021-05-11 09:36:11,113.95,6263058
2021-05-11 09:36:11,113.9,6263995
2021-05-11 09:36:12,113.95,6265095
2021-05-11 09:36:14,113.9,6283816
2021-05-11 09:36:15,113.9,6286645
2021-05-11 09:36:16,113.85,6296733
2021-05-11 09:36:17,113.85,6299696
2021-05-11 09:36:18,113.85,6300291
2021-05-11 09:36:19,113.8,6301205
2021-05-11 09:36:20,113.85,6303442
2021-05-11 09:36:21,113.8,6304136
2021-05-11 09:36:22,113.7,6320193
2021-05-11 09:36:23,113.75,6322601
2021-05-11 09:36:24,113.75,6324668
2021-05-11 09:36:25,113.8,6325154
2021-05-11 09:36:26,113.8,6325397
2021-05-11 09:36:27,113.8,6325934
2021-05-11 09:36:28,113.8,6327070
2021-05-11 09:36:29,113.85,6330491
2021-05-11 09:36:30,113.8,6331255
2021-05-11 09:36:32,113.8,6350991
2021-05-11 09:36:32,113.8,6357334
2021-05-11 09:36:33,113.85,6381738
2021-05-11 09:36:34,113.8,6385642
2021-05-11 09:36:35,113.85,6386237
2021-05-11 09:36:36,113.8,6386498
2021-05-11 09:36:38,113.8,6387237
2021-05-11 09:36:38,113.85,6390439
2021-05-11 09:36:39,113.8,6391683
2021-05-11 09:36:40,113.85,6391970
2021-05-11 09:36:41,113.85,6392014
2021-05-11 09:36:42,113.85,6392070
2021-05-11 09:36:43,113.85,6392508
2021-05-11 09:36:44,113.8,6392854
2021-05-11 09:36:45,113.85,6393056
2021-05-11 09:36:46,113.8,6394147
2021-05-11 09:36:47,113.8,6394411
2021-05-11 09:36:48,113.85,6396901
2021-05-11 09:36:49,113.9,6406455
2021-05-11 09:36:50,113.85,6409028
2021-05-11 09:36:51,113.9,6409414
2021-05-11 09:36:52,113.85,6410012
2021-05-11 09:36:53,113.9,6411135
2021-05-11 09:36:54,113.8,6413089
2021-05-11 09:36:55,113.8,6414603
2021-05-11 09:36:56,113.85,6415730
2021-05-11 09:36:57,113.8,6420960
2021-05-11 09:36:58,113.85,6422110
2021-05-11 09:36:59,113.8,6422304
2021-05-11 09:37:00,113.8,6422723
2021-05-11 09:37:01,113.85,6423086
2021-05-11 09:37:02,113.9,6437287
2021-05-11 09:37:03,113.85,6443932
2021-05-11 09:37:04,113.95,6444032
2021-05-11 09:37:05,113.85,6448153
2021-05-11 09:37:06,113.95,6448404
2021-05-11 09:37:08,113.9,6468392
2021-05-11 09:37:09,113.9,6469107
2021-05-11 09:37:09,113.9,6469057
2021-05-11 09:37:10,113.95,6469410
2021-05-11 09:37:11,113.9,6486536
2021-05-11 09:37:13,113.9,6486611
2021-05-11 09:37:14,113.9,6490938
2021-05-11 09:37:15,113.9,6492299
2021-05-11 09:37:16,113.95,6506668
2021-05-11 09:37:17,113.9,6506828
2021-05-11 09:37:18,113.9,6506828
2021-05-11 09:37:19,113.9,6507983
2021-05-11 09:37:20,113.95,6507995
2021-05-11 09:37:21,113.95,6509345
2021-05-11 09:37:22,113.95,6509554
2021-05-11 09:37:23,113.85,6572803
2021-05-11 09:37:25,113.75,6582422
2021-05-11 09:37:26,113.85,6584486
2021-05-11 09:37:27,113.85,6584905
2021-05-11 09:37:28,113.75,6586128
2021-05-11 09:37:28,113.85,6586312
2021-05-11 09:37:29,113.85,6586954
2021-05-11 09:37:30,113.85,6587281
2021-05-11 09:37:31,113.75,6587584
2021-05-11 09:37:32,113.75,6588064
2021-05-11 09:37:33,113.75,6592949
2021-05-11 09:37:35,113.75,6593704
2021-05-11 09:37:36,113.85,6594317
2021-05-11 09:37:38,113.85,6598211
2021-05-11 09:37:39,113.75,6599040
2021-05-11 09:37:40,113.85,6599768
2021-05-11 09:37:41,113.85,6599929
2021-05-11 09:37:42,113.7,6604343
2021-05-11 09:37:43,113.8,6605690
2021-05-11 09:37:44,113.85,6606989
2021-05-11 09:37:45,113.85,6616534
2021-05-11 09:37:46,113.8,6618565
2021-05-11 09:37:47,113.85,6620343
2021-05-11 09:37:48,113.85,6620611
2021-05-11 09:37:50,113.85,6620864
2021-05-11 09:37:51,113.8,6621411
2021-05-11 09:37:51,113.8,6621493
2021-05-11 09:37:52,113.75,6627144
2021-05-11 09:37:53,113.8,6628327
2021-05-11 09:37:54,113.85,6629946
2021-05-11 09:37:55,113.8,6630289
2021-05-11 09:37:57,113.75,6632190
2021-05-11 09:37:58,113.75,6632357
2021-05-11 09:37:59,113.8,6636265
2021-05-11 09:38:00,113.8,6638960
2021-05-11 09:38:01,113.75,6640866
2021-05-11 09:38:02,113.8,6642207
2021-05-11 09:38:04,113.8,6642408
2021-05-11 09:38:05,113.75,6643519
2021-05-11 09:38:06,113.8,6643685
2021-05-11 09:38:07,113.8,6644210
2021-05-11 09:38:08,113.75,6646289
2021-05-11 09:38:08,113.8,6646601
2021-05-11 09:38:09,113.75,6649292
2021-05-11 09:38:10,113.75,6649827
2021-05-11 09:38:12,113.8,6651660
2021-05-11 09:38:13,113.8,6651996
2021-05-11 09:38:14,113.7,6652691
2021-05-11 09:38:14,113.8,6652795
2021-05-11 09:38:15,113.75,6652814
2021-05-11 09:38:16,113.8,6652816
2021-05-11 09:38:18,113.8,6653377
2021-05-11 09:38:19,113.7,6655213
2021-05-11 09:38:20,113.7,6657988
2021-05-11 09:38:20,113.8,6658405
2021-05-11 09:38:21,113.7,6658991
2021-05-11 09:38:22,113.75,6659789
2021-05-11 09:38:23,113.8,6659911
2021-05-11 09:38:24,113.75,6659934
2021-05-11 09:38:26,113.7,6661048
2021-05-11 09:38:27,113.75,6661716
2021-05-11 09:38:28,113.7,6680605
2021-05-11 09:38:29,113.65,6684217
2021-05-11 09:38:30,113.7,6684961
2021-05-11 09:38:31,113.65,6711093
2021-05-11 09:38:32,113.55,6720953
2021-05-11 09:38:32,113.65,6722432
2021-05-11 09:38:33,113.65,6722887
2021-05-11 09:38:34,113.65,6729050
2021-05-11 09:38:35,113.65,6730575
2021-05-11 09:38:36,113.6,6755006
2021-05-11 09:38:37,113.5,6759272
2021-05-11 09:38:38,113.5,6760369
2021-05-11 09:38:39,113.5,6766034
2021-05-11 09:38:40,113.55,6769558
2021-05-11 09:38:41,113.55,6779194
2021-05-11 09:38:42,113.6,6782122
2021-05-11 09:38:43,113.65,6782772
2021-05-11 09:38:44,113.6,6785305
2021-05-11 09:38:47,113.65,6788883
2021-05-11 09:38:48,113.65,6790777
2021-05-11 09:38:49,113.6,6791196
2021-05-11 09:38:50,113.6,6797174
2021-05-11 09:38:51,113.65,6798798
2021-05-11 09:38:52,113.6,6801065
2021-05-11 09:38:53,113.65,6840117
2021-05-11 09:38:54,113.65,6848128
2021-05-11 09:38:55,113.75,6849590
2021-05-11 09:38:56,113.7,6851901
2021-05-11 09:38:57,113.7,6869212
2021-05-11 09:38:57,113.7,6862487
2021-05-11 09:38:58,113.65,6870571
2021-05-11 09:38:59,113.75,6872014
2021-05-11 09:39:00,113.7,6872365
2021-05-11 09:39:01,113.75,6872528
2021-05-11 09:39:02,113.7,6873581
2021-05-11 09:39:03,113.7,6874564
2021-05-11 09:39:04,113.75,6874718
2021-05-11 09:39:05,113.65,6877751
2021-05-11 09:39:06,113.65,6879571
2021-05-11 09:39:07,113.75,6883344
2021-05-11 09:39:08,113.65,6884010
2021-05-11 09:39:10,113.65,6884143
2021-05-11 09:39:11,113.7,6884176
2021-05-11 09:39:11,113.65,6884281
2021-05-11 09:39:12,113.65,6884405
2021-05-11 09:39:13,113.7,6884423
2021-05-11 09:39:14,113.65,6884632
2021-05-11 09:39:16,113.65,6884815
2021-05-11 09:39:16,113.65,6890901
2021-05-11 09:39:17,113.7,6892079
2021-05-11 09:39:18,113.65,6892687
2021-05-11 09:39:19,113.65,6893002
2021-05-11 09:39:20,113.65,6893061
2021-05-11 09:39:21,113.65,6894312
2021-05-11 09:39:22,113.7,6895600
2021-05-11 09:39:23,113.65,6897093
2021-05-11 09:39:24,113.7,6902703
2021-05-11 09:39:25,113.65,6907431
2021-05-11 09:39:26,113.65,6908500
2021-05-11 09:39:27,113.7,6959912
2021-05-11 09:39:29,113.7,6973865
2021-05-11 09:39:30,113.8,6975958
2021-05-11 09:39:31,113.8,6981772
2021-05-11 09:39:32,113.8,6983338
2021-05-11 09:39:32,113.75,6983134
2021-05-11 09:39:33,113.75,6984878
2021-05-11 09:39:34,113.75,6985409
2021-05-11 09:39:36,113.75,6985947
2021-05-11 09:39:37,113.8,6988669
2021-05-11 09:39:38,113.75,6989275
2021-05-11 09:39:39,113.8,6989589
2021-05-11 09:39:40,113.8,6989636
2021-05-11 09:39:41,113.75,6989743
2021-05-11 09:39:43,113.8,6990954
2021-05-11 09:39:44,113.75,6991696
2021-05-11 09:39:44,113.8,6991808
2021-05-11 09:39:46,113.7,6992541
2021-05-11 09:39:46,113.8,6992343
2021-05-11 09:39:47,113.85,7062653
2021-05-11 09:39:48,113.8,7080265
2021-05-11 09:39:49,113.9,7082907
2021-05-11 09:39:50,113.8,7084308
2021-05-11 09:39:51,113.85,7084519
2021-05-11 09:39:52,113.85,7084555
2021-05-11 09:39:53,113.75,7084754
2021-05-11 09:39:54,113.8,7084799
2021-05-11 09:39:55,113.85,7085057
2021-05-11 09:39:56,113.75,7086501
2021-05-11 09:39:57,113.85,7087724
2021-05-11 09:39:58,113.75,7088067
2021-05-11 09:39:59,113.85,7088388
2021-05-11 09:40:01,113.8,7088551
2021-05-11 09:40:02,113.85,7088644
2021-05-11 09:40:03,113.85,7088669
2021-05-11 09:40:04,113.8,7089733
2021-05-11 09:40:05,113.75,7090554
2021-05-11 09:40:05,113.85,7090677
2021-05-11 09:40:06,113.75,7092696
2021-05-11 09:40:08,113.85,7093461
2021-05-11 09:40:09,113.75,7093777
2021-05-11 09:40:10,113.8,7093834
2021-05-11 09:40:11,113.75,7093884
2021-05-11 09:40:12,113.75,7094991
2021-05-11 09:40:13,113.85,7095157
2021-05-11 09:40:14,113.85,7095314
2021-05-11 09:40:14,113.85,7095347
2021-05-11 09:40:15,113.85,7096854
2021-05-11 09:40:17,113.85,7097145
2021-05-11 09:40:18,113.8,7097289
2021-05-11 09:40:19,113.85,7099926
2021-05-11 09:40:20,113.8,7100323
2021-05-11 09:40:21,113.8,7100939
2021-05-11 09:40:22,113.85,7101047
2021-05-11 09:40:23,113.85,7101074
2021-05-11 09:40:24,113.85,7101078
2021-05-11 09:40:25,113.85,7101789
2021-05-11 09:40:25,113.85,7101896
2021-05-11 09:40:26,113.8,7102012
2021-05-11 09:40:28,113.8,7103062
2021-05-11 09:40:29,113.8,7113611
2021-05-11 09:40:30,113.85,7115193
2021-05-11 09:40:31,113.75,7119565
2021-05-11 09:40:32,113.8,7120476
2021-05-11 09:40:33,113.8,7121163
2021-05-11 09:40:34,113.8,7122226
2021-05-11 09:40:35,113.85,7125135
2021-05-11 09:40:35,113.75,7125574
2021-05-11 09:40:37,113.8,7126393
2021-05-11 09:40:38,113.8,7126516
2021-05-11 09:40:39,113.75,7126544
2021-05-11 09:40:40,113.8,7126648
2021-05-11 09:40:41,113.75,7134396
2021-05-11 09:40:42,113.75,7136854
2021-05-11 09:40:43,113.8,7138601
2021-05-11 09:40:43,113.8,7138329
2021-05-11 09:40:45,113.75,7139642
2021-05-11 09:40:47,113.8,7140914
2021-05-11 09:40:48,113.75,7141017
2021-05-11 09:40:49,113.75,7141095
2021-05-11 09:40:49,113.8,7142107
2021-05-11 09:40:51,113.7,7143207
2021-05-11 09:40:52,113.75,7143515
2021-05-11 09:40:53,113.75,7144142
2021-05-11 09:40:54,113.7,7144306
2021-05-11 09:40:55,113.75,7146448
2021-05-11 09:40:56,113.7,7147034
2021-05-11 09:40:56,113.75,7147121
2021-05-11 09:40:58,113.75,7147188
2021-05-11 09:40:59,113.7,7151271
2021-05-11 09:41:00,113.8,7152152
2021-05-11 09:41:01,113.8,7152748
2021-05-11 09:41:03,113.75,7183911
2021-05-11 09:41:04,113.75,7189271
2021-05-11 09:41:05,113.75,7192375
2021-05-11 09:41:07,113.8,7192911
2021-05-11 09:41:08,113.75,7193932
2021-05-11 09:41:09,113.8,7194085
2021-05-11 09:41:10,113.8,7213249
2021-05-11 09:41:11,113.85,7216346
2021-05-11 09:41:12,113.9,7216810
2021-05-11 09:41:13,113.85,7232880
2021-05-11 09:41:14,113.9,7235291
2021-05-11 09:41:15,113.9,7237447
2021-05-11 09:41:15,113.85,7237166
2021-05-11 09:41:17,113.85,7237693
2021-05-11 09:41:18,113.85,7238738
2021-05-11 09:41:18,113.85,7239446
2021-05-11 09:41:20,113.9,7239669
2021-05-11 09:41:21,113.85,7239803
2021-05-11 09:41:22,113.85,7240320
2021-05-11 09:41:23,113.9,7241967
2021-05-11 09:41:24,113.85,7242289
2021-05-11 09:41:25,113.85,7245512
2021-05-11 09:41:26,113.85,7246440
2021-05-11 09:41:27,113.8,7246581
2021-05-11 09:41:28,113.9,7246604
2021-05-11 09:41:29,113.8,7246677
2021-05-11 09:41:29,113.9,7246688
2021-05-11 09:41:30,113.8,7247749
2021-05-11 09:41:31,113.9,7248258
2021-05-11 09:41:32,113.9,7248444
2021-05-11 09:41:34,113.9,7248679
2021-05-11 09:41:35,113.9,7249390
2021-05-11 09:41:36,113.8,7249598
2021-05-11 09:41:37,113.9,7249864
2021-05-11 09:41:38,113.9,7250406
2021-05-11 09:41:39,113.9,7263823
2021-05-11 09:41:40,113.9,7269658
2021-05-11 09:41:41,113.85,7270537
2021-05-11 09:41:42,113.85,7275001
2021-05-11 09:41:43,113.85,7276202
2021-05-11 09:41:44,113.85,7276649
2021-05-11 09:41:45,113.85,7281051
2021-05-11 09:41:45,113.85,7281713
2021-05-11 09:41:47,113.85,7282740
2021-05-11 09:41:47,113.9,7282894
2021-05-11 09:41:48,113.9,7283424
2021-05-11 09:41:50,113.85,7283604
2021-05-11 09:41:51,113.85,7288768
2021-05-11 09:41:52,113.9,7289543
2021-05-11 09:41:53,113.9,7292129
2021-05-11 09:41:54,113.9,7292727
2021-05-11 09:41:55,113.85,7292844
2021-05-11 09:41:56,113.9,7292900
2021-05-11 09:41:57,113.9,7292963
2021-05-11 09:41:58,113.8,7306560
2021-05-11 09:41:59,113.85,7308599
2021-05-11 09:42:00,113.85,7308905
2021-05-11 09:42:01,113.85,7308951
2021-05-11 09:42:03,113.8,7309368
2021-05-11 09:42:03,113.8,7309630
2021-05-11 09:42:04,113.8,7325368
2021-05-11 09:42:05,113.8,7337180
2021-05-11 09:42:07,113.75,7345478
2021-05-11 09:42:08,113.75,7346723
2021-05-11 09:42:09,113.75,7351284
2021-05-11 09:42:10,113.75,7352069
2021-05-11 09:42:11,113.7,7364251
2021-05-11 09:42:12,113.65,7366088
2021-05-11 09:42:13,113.65,7370691
2021-05-11 09:42:14,113.65,7375908
2021-05-11 09:42:15,113.55,7386864
2021-05-11 09:42:16,113.5,7389137
2021-05-11 09:42:17,113.5,7396808
2021-05-11 09:42:18,113.55,7398312
2021-05-11 09:42:19,113.65,7398953
2021-05-11 09:42:20,113.65,7399080
2021-05-11 09:42:21,113.6,7399337
2021-05-11 09:42:22,113.6,7406851
2021-05-11 09:42:23,113.55,7412900
2021-05-11 09:42:24,113.55,7414259
2021-05-11 09:42:25,113.5,7418790
2021-05-11 09:42:26,113.55,7419475
2021-05-11 09:42:27,113.55,7421388
2021-05-11 09:42:28,113.6,7426717
2021-05-11 09:42:29,113.55,7427737
2021-05-11 09:42:30,113.5,7432217
2021-05-11 09:42:31,113.6,7433141
2021-05-11 09:42:32,113.6,7433493
2021-05-11 09:42:33,113.55,7433546
2021-05-11 09:42:34,113.5,7437931
2021-05-11 09:42:35,113.5,7439781
2021-05-11 09:42:36,113.6,7443368
2021-05-11 09:42:37,113.55,7443946
2021-05-11 09:42:38,113.6,7444032
2021-05-11 09:42:40,113.55,7444118
2021-05-11 09:42:41,113.5,7448565
2021-05-11 09:42:42,113.5,7449398
2021-05-11 09:42:43,113.6,7449523
2021-05-11 09:42:44,113.55,7450109
2021-05-11 09:42:45,113.6,7498775
2021-05-11 09:42:46,113.6,7508979
2021-05-11 09:42:47,113.65,7516813
2021-05-11 09:42:48,113.65,7517988
2021-05-11 09:42:49,113.65,7518165
2021-05-11 09:42:50,113.55,7522890
2021-05-11 09:42:51,113.6,7524243
2021-05-11 09:42:52,113.6,7532330
2021-05-11 09:42:53,113.7,7536030
2021-05-11 09:42:54,113.7,7536585
2021-05-11 09:42:55,113.7,7536804
2021-05-11 09:42:56,113.75,7539587
2021-05-11 09:42:57,113.7,7540456
2021-05-11 09:42:58,113.7,7540657
2021-05-11 09:42:59,113.75,7540789
2021-05-11 09:43:00,113.75,7541704
2021-05-11 09:43:01,113.75,7542341
2021-05-11 09:43:02,113.7,7542613
2021-05-11 09:43:03,113.75,7542881
2021-05-11 09:43:04,113.75,7542928
2021-05-11 09:43:05,113.7,7543336
2021-05-11 09:43:06,113.7,7544556
2021-05-11 09:43:07,113.75,7551739
2021-05-11 09:43:08,113.7,7552916
2021-05-11 09:43:09,113.75,7553816
2021-05-11 09:43:10,113.7,7554688
2021-05-11 09:43:11,113.75,7554841
2021-05-11 09:43:12,113.65,7559997
2021-05-11 09:43:13,113.75,7560877
2021-05-11 09:43:14,113.75,7561059
2021-05-11 09:43:15,113.7,7562151
2021-05-11 09:43:16,113.75,7562915
2021-05-11 09:43:17,113.65,7564528
2021-05-11 09:43:18,113.75,7567307
2021-05-11 09:43:19,113.75,7567723
2021-05-11 09:43:20,113.8,7571796
2021-05-11 09:43:21,113.65,7572512
2021-05-11 09:43:22,113.7,7572719
2021-05-11 09:43:23,113.75,7572750
2021-05-11 09:43:24,113.75,7573866
2021-05-11 09:43:25,113.75,7574033
2021-05-11 09:43:26,113.7,7574711
2021-05-11 09:43:27,113.7,7576727
2021-05-11 09:43:28,113.75,7577039
2021-05-11 09:43:29,113.7,7577157
2021-05-11 09:43:30,113.7,7587353
2021-05-11 09:43:31,113.7,7589022
2021-05-11 09:43:32,113.65,7589423
2021-05-11 09:43:33,113.7,7589537
2021-05-11 09:43:34,113.7,7590574
2021-05-11 09:43:36,113.7,7591317
2021-05-11 09:43:37,113.7,7591865
2021-05-11 09:43:38,113.7,7592147
2021-05-11 09:43:39,113.7,7592691
2021-05-11 09:43:40,113.65,7593373
2021-05-11 09:43:41,113.75,7593475
2021-05-11 09:43:42,113.75,7593491
2021-05-11 09:43:44,113.75,7597062
2021-05-11 09:43:45,113.7,7598589
2021-05-11 09:43:48,113.7,7599088
2021-05-11 09:43:49,113.7,7599119
2021-05-11 09:43:50,113.75,7599123
2021-05-11 09:43:51,113.7,7599362
2021-05-11 09:43:52,113.75,7601266
2021-05-11 09:43:53,113.7,7601571
2021-05-11 09:43:54,113.65,7602621
2021-05-11 09:43:55,113.75,7602787
2021-05-11 09:43:56,113.7,7603516
2021-05-11 09:43:57,113.65,7604506
2021-05-11 09:43:58,113.6,7613308
2021-05-11 09:43:59,113.65,7619726
2021-05-11 09:44:00,113.65,7620751
2021-05-11 09:44:01,113.6,7625239
2021-05-11 09:44:02,113.6,7635449
2021-05-11 09:44:03,113.7,7642651
2021-05-11 09:44:04,113.65,7648163
2021-05-11 09:44:05,113.6,7655853
2021-05-11 09:44:06,113.6,7657106
2021-05-11 09:44:07,113.7,7657314
2021-05-11 09:44:08,113.6,7657877
2021-05-11 09:44:09,113.7,7657962
2021-05-11 09:44:10,113.6,7662311
2021-05-11 09:44:11,113.7,7662963
2021-05-11 09:44:12,113.7,7664624
2021-05-11 09:44:13,113.6,7669200
2021-05-11 09:44:14,113.65,7670061
2021-05-11 09:44:15,113.65,7675843
2021-05-11 09:44:16,113.6,7681038
2021-05-11 09:44:17,113.65,7681917
2021-05-11 09:44:18,113.7,7682059
2021-05-11 09:44:19,113.7,7682780
2021-05-11 09:44:20,113.6,7684987
2021-05-11 09:44:21,113.65,7685569
2021-05-11 09:44:22,113.65,7690050
2021-05-11 09:44:23,113.65,7691722
2021-05-11 09:44:24,113.6,7702377
2021-05-11 09:44:26,113.65,7705453
2021-05-11 09:44:27,113.7,7706022
2021-05-11 09:44:28,113.7,7707570
2021-05-11 09:44:29,113.7,7707872
2021-05-11 09:44:30,113.7,7709761
2021-05-11 09:44:31,113.7,7710170
2021-05-11 09:44:32,113.7,7711338
2021-05-11 09:44:32,113.7,7711683
2021-05-11 09:44:34,113.65,7711765
2021-05-11 09:44:35,113.7,7711777
2021-05-11 09:44:35,113.7,7711784
2021-05-11 09:44:37,113.7,7711888
2021-05-11 09:44:38,113.65,7712038
2021-05-11 09:44:37,113.7,7711904
2021-05-11 09:44:39,113.6,7713561
2021-05-11 09:44:40,113.65,7714686
2021-05-11 09:44:41,113.6,7714920
2021-05-11 09:44:42,113.6,7714959
2021-05-11 09:44:43,113.6,7714968
2021-05-11 09:44:45,113.65,7715592
2021-05-11 09:44:46,113.65,7718242
2021-05-11 09:44:47,113.65,7718850
2021-05-11 09:44:48,113.6,7721663
2021-05-11 09:44:50,113.6,7723759
2021-05-11 09:44:51,113.6,7725479
2021-05-11 09:44:52,113.6,7725738
2021-05-11 09:44:53,113.6,7727574
2021-05-11 09:44:54,113.65,7728382
2021-05-11 09:44:55,113.6,7735085
2021-05-11 09:44:57,113.6,7736371
2021-05-11 09:44:58,113.6,7741583
2021-05-11 09:44:59,113.65,7745042
2021-05-11 09:45:00,113.65,7746606
2021-05-11 09:45:01,113.6,7751277
2021-05-11 09:45:02,113.6,7760019
2021-05-11 09:45:03,113.65,7761330
2021-05-11 09:45:04,113.65,7762532
2021-05-11 09:45:05,113.6,7763913
2021-05-11 09:45:08,113.55,7784853
2021-05-11 09:45:09,113.5,7785517
2021-05-11 09:45:11,113.5,7790449
2021-05-11 09:45:11,113.6,7791191
2021-05-11 09:45:12,113.6,7791312
2021-05-11 09:45:13,113.5,7791743
2021-05-11 09:45:14,113.5,7792658
2021-05-11 09:45:15,113.6,7792916
2021-05-11 09:45:16,113.5,7793058
2021-05-11 09:45:18,113.5,7798324
2021-05-11 09:45:19,113.6,7798454
2021-05-11 09:45:20,113.6,7804692
2021-05-11 09:45:21,113.5,7806128
2021-05-11 09:45:22,113.6,7806344
2021-05-11 09:45:23,113.5,7806576
2021-05-11 09:45:24,113.6,7807399
2021-05-11 09:45:25,113.5,7811849
2021-05-11 09:45:26,113.6,7812517
2021-05-11 09:45:27,113.6,7813517
2021-05-11 09:45:28,113.5,7818064
2021-05-11 09:45:29,113.6,7818746
2021-05-11 09:45:30,113.6,7819582
2021-05-11 09:45:32,113.55,7820612
2021-05-11 09:45:33,113.5,7825733
2021-05-11 09:45:34,113.5,7826502
2021-05-11 09:45:35,113.5,7826743
2021-05-11 09:45:36,113.5,7836136
2021-05-11 09:45:37,113.5,7837769
2021-05-11 09:45:38,113.5,7838068
2021-05-11 09:45:39,113.5,7838368
2021-05-11 09:45:40,113.5,7838413
2021-05-11 09:45:41,113.5,7838419
2021-05-11 09:45:42,113.45,7839135
2021-05-11 09:45:43,113.5,7839681
2021-05-11 09:45:44,113.5,7839773
2021-05-11 09:45:45,113.45,7840076
2021-05-11 09:45:46,113.5,7840122
2021-05-11 09:45:47,113.5,7840304
2021-05-11 09:45:48,113.5,7847516
2021-05-11 09:45:49,113.5,7849598
2021-05-11 09:45:50,113.5,7849910
2021-05-11 09:45:51,113.5,7851257
2021-05-11 09:45:52,113.45,7852510
2021-05-11 09:45:53,113.5,7852698
2021-05-11 09:45:54,113.5,7853936
2021-05-11 09:45:55,113.45,7854186
2021-05-11 09:45:56,113.45,7854323
2021-05-11 09:45:57,113.45,7858771
2021-05-11 09:45:58,113.45,7859838
2021-05-11 09:45:59,113.4,7861068
2021-05-11 09:46:00,113.45,7861263
2021-05-11 09:46:01,113.5,7866519
2021-05-11 09:46:02,113.5,7867367
2021-05-11 09:46:03,113.5,7867836
2021-05-11 09:46:04,113.4,7868048
2021-05-11 09:46:06,113.35,7873302
2021-05-11 09:46:07,113.45,7873425
2021-05-11 09:46:08,113.35,7873492
2021-05-11 09:46:09,113.35,7879329
2021-05-11 09:46:10,113.35,7880416
2021-05-11 09:46:11,113.45,7880580
2021-05-11 09:46:12,113.35,7884981
2021-05-11 09:46:13,113.35,7885991
2021-05-11 09:46:14,113.45,7886143
2021-05-11 09:46:15,113.35,7892392
2021-05-11 09:46:16,113.4,7930660
2021-05-11 09:46:17,113.45,7936752
2021-05-11 09:46:18,113.45,7942143
2021-05-11 09:46:19,113.45,7943113
2021-05-11 09:46:20,113.45,7943259
2021-05-11 09:46:21,113.4,7947918
2021-05-11 09:46:22,113.45,7948977
2021-05-11 09:46:23,113.35,7949256
2021-05-11 09:46:24,113.35,7953635
2021-05-11 09:46:25,113.35,7955312
2021-05-11 09:46:26,113.35,7955778
2021-05-11 09:46:28,113.4,7960855
2021-05-11 09:46:29,113.4,7961817
2021-05-11 09:46:30,113.35,7962653
2021-05-11 09:46:31,113.3,7967105
2021-05-11 09:46:32,113.3,7967783
2021-05-11 09:46:33,113.3,7967917
2021-05-11 09:46:34,113.3,7968937
2021-05-11 09:46:34,113.35,7969090
2021-05-11 09:46:35,113.35,7969221
2021-05-11 09:46:36,113.35,7969240
2021-05-11 09:46:38,113.3,7970888
2021-05-11 09:46:40,113.3,7971461
2021-05-11 09:46:41,113.35,7971618
2021-05-11 09:46:42,113.35,7972242
2021-05-11 09:46:43,113.3,7972366
2021-05-11 09:46:44,113.35,7972384
2021-05-11 09:46:46,113.3,7973929
2021-05-11 09:46:48,113.25,8007490
2021-05-11 09:46:49,113.3,8013092
2021-05-11 09:46:49,113.35,8013932
2021-05-11 09:46:50,113.3,8017298
2021-05-11 09:46:51,113.25,8018290
2021-05-11 09:46:52,113.3,8019044
2021-05-11 09:46:53,113.3,8019858
2021-05-11 09:46:54,113.25,8020070
2021-05-11 09:46:55,113.3,8020167
2021-05-11 09:46:56,113.3,8021136
2021-05-11 09:46:57,113.2,8024358
2021-05-11 09:46:58,113.2,8027512
2021-05-11 09:46:59,113.25,8029785
2021-05-11 09:47:00,113.2,8032022
2021-05-11 09:47:01,113.2,8036652
2021-05-11 09:47:02,113.25,8038596
2021-05-11 09:47:03,113.25,8039092
2021-05-11 09:47:04,113.2,8039667
2021-05-11 09:47:05,113.15,8054253
2021-05-11 09:47:06,113.25,8071818
2021-05-11 09:47:07,113.25,8086513
2021-05-11 09:47:09,113.3,8091776
2021-05-11 09:47:10,113.25,8093147
2021-05-11 09:47:12,113.25,8098257
2021-05-11 09:47:14,113.25,8100485
2021-05-11 09:47:15,113.3,8100812
2021-05-11 09:47:16,113.3,8100861
2021-05-11 09:47:17,113.2,8101534
2021-05-11 09:47:18,113.25,8101648
2021-05-11 09:47:19,113.25,8102067
2021-05-11 09:47:19,113.25,8102129
2021-05-11 09:47:21,113.25,8104085
2021-05-11 09:47:22,113.2,8104382
2021-05-11 09:47:22,113.25,8104427
2021-05-11 09:47:23,113.2,8104496
2021-05-11 09:47:28,113.15,8112261
2021-05-11 09:47:32,113.15,8141169
2021-05-11 09:47:36,113.15,8156038
2021-05-11 09:47:40,113.1,8158623
2021-05-11 09:47:44,113.2,8163325
2021-05-11 09:47:48,113.15,8170163
2021-05-11 09:47:52,113.15,8175702
2021-05-11 09:47:57,113.15,8188960
2021-05-11 09:48:01,113.15,8201120
2021-05-11 09:48:05,113.15,8205072
2021-05-11 09:48:09,113.15,8213362
2021-05-11 09:48:13,113.15,8227103
2021-05-11 09:48:17,113.2,8237984
2021-05-11 09:48:21,113.2,8247428
2021-05-11 09:48:25,113.2,8256270
2021-05-11 09:48:29,113.1,8262838
2021-05-11 09:48:33,113.15,8267380
2021-05-11 09:48:42,113.15,8275412
2021-05-11 09:48:46,113.15,8281467
2021-05-11 09:48:51,113.15,8285050
2021-05-11 09:48:55,113.15,8304191
2021-05-11 09:48:58,113.2,8310874
2021-05-11 09:49:02,113.15,8314903
2021-05-11 09:49:07,113.2,8316403
2021-05-11 09:49:11,113.25,8336935
2021-05-11 09:49:15,113.3,8353371
2021-05-11 09:49:19,113.2,8366707
2021-05-11 09:49:23,113.15,8375304
2021-05-11 09:49:27,113.2,8404473
2021-05-11 09:49:31,113.15,8411336
2021-05-11 09:49:35,113.15,8412966
2021-05-11 09:49:39,113.15,8434248
2021-05-11 09:49:43,113.2,8445768
2021-05-11 09:49:47,113.2,8449697
2021-05-11 09:49:51,113.25,8451413
2021-05-11 09:49:55,113.2,8452775
2021-05-11 09:49:59,113.2,8456625
2021-05-11 09:50:03,113.2,8458099
2021-05-11 09:50:07,113.25,8469270
2021-05-11 09:50:11,113.25,8472223
2021-05-11 09:50:15,113.3,8499151
2021-05-11 09:50:23,113.35,8508335
2021-05-11 09:50:27,113.4,8509715
2021-05-11 09:50:31,113.35,8538231
2021-05-11 09:50:35,113.45,8542647
2021-05-11 09:50:39,113.4,8544845
2021-05-11 09:50:43,113.4,8545628
2021-05-11 09:50:47,113.4,8546538
2021-05-11 09:50:51,113.45,8552599
2021-05-11 09:50:55,113.5,8557633
2021-05-11 09:50:59,113.45,8561868
2021-05-11 09:51:03,113.5,8566003
2021-05-11 09:51:07,113.5,8567124
2021-05-11 09:51:11,113.5,8584697
2021-05-11 09:51:15,113.5,8588592
2021-05-11 09:51:19,113.5,8606344
2021-05-11 09:51:23,113.5,8609312
2021-05-11 09:51:27,113.5,8610025
2021-05-11 09:51:31,113.35,8634808
2021-05-11 09:51:35,113.35,8638831
2021-05-11 09:51:39,113.35,8639886
2021-05-11 09:51:43,113.4,8649897
2021-05-11 09:51:47,113.4,8652096
2021-05-11 09:51:50,113.4,8653411
2021-05-11 09:51:54,113.5,8653730
2021-05-11 09:51:58,113.4,8656988
2021-05-11 09:52:02,113.4,8661686
2021-05-11 09:52:06,113.35,8668999
2021-05-11 09:52:10,113.4,8670546
2021-05-11 09:52:14,113.35,8671707
2021-05-11 09:52:18,113.35,8672894
2021-05-11 09:52:22,113.35,8673185
2021-05-11 09:52:26,113.35,8674424
2021-05-11 09:52:30,113.3,8704195
2021-05-11 09:52:33,113.3,8710673
2021-05-11 09:52:37,113.3,8712258
2021-05-11 09:52:41,113.25,8714200
2021-05-11 09:52:45,113.3,8714819
2021-05-11 09:52:48,113.25,8715091
2021-05-11 09:52:52,113.25,8716167
2021-05-11 09:52:56,113.3,8717713
2021-05-11 09:53:04,113.25,8718671
2021-05-11 09:53:07,113.25,8721578
2021-05-11 09:53:11,113.3,8722558
2021-05-11 09:53:15,113.25,8729832
2021-05-11 09:53:18,113.2,8740013
2021-05-11 09:53:22,113.3,8750559
2021-05-11 09:53:26,113.3,8753323
2021-05-11 09:53:34,113.3,8756460
2021-05-11 09:53:37,113.25,8756588
2021-05-11 09:53:41,113.2,8758918
2021-05-11 09:53:49,113.3,8763121
2021-05-11 09:53:53,113.25,8764749
2021-05-11 09:53:56,113.3,8769013
2021-05-11 09:54:00,113.2,8771986
2021-05-11 09:54:03,113.25,8772485
2021-05-11 09:54:11,113.25,8776959
2021-05-11 09:54:15,113.2,8777611
2021-05-11 09:54:19,113.2,8778176
2021-05-11 09:54:22,113.25,8786869
2021-05-11 09:54:26,113.2,8819899
2021-05-11 09:54:30,113.2,8829051
2021-05-11 09:54:34,113.3,8830766
2021-05-11 09:54:38,113.3,8832256
2021-05-11 09:54:41,113.2,8833230
2021-05-11 09:54:45,113.2,8833916
2021-05-11 09:54:49,113.25,8834219
2021-05-11 09:54:53,113.2,8839021
2021-05-11 09:54:57,113.2,8863006
2021-05-11 09:55:02,113.2,8867225
2021-05-11 09:55:06,113.25,8868267
2021-05-11 09:55:10,113.15,8880697
2021-05-11 09:55:14,113.15,8882832
2021-05-11 09:55:18,113.15,8884447
2021-05-11 09:55:21,113.2,8885248
2021-05-11 09:55:25,113.15,8886850
2021-05-11 09:55:29,113.15,8888220
2021-05-11 09:55:32,113.2,8889360
2021-05-11 09:55:36,113.15,8891261
2021-05-11 09:55:40,113.15,8894997
2021-05-11 09:55:43,113.15,8895643
2021-05-11 09:55:47,113.15,8896993
2021-05-11 09:55:51,113.2,8897557
2021-05-11 09:55:54,113.2,8897664
2021-05-11 09:55:57,113.2,8897881
2021-05-11 09:56:00,113.15,8899027
2021-05-11 09:56:08,113.15,8907922
2021-05-11 09:56:12,113.15,8909636
2021-05-11 09:56:16,113.15,8912171
2021-05-11 09:56:19,113.15,8912567
2021-05-11 09:56:23,113.1,8950746
2021-05-11 09:56:27,113.0,8978197
2021-05-11 09:56:30,113.1,8984013
2021-05-11 09:56:33,113.0,8993899
2021-05-11 09:56:37,113.1,8995653
2021-05-11 09:56:41,113.05,8995919
2021-05-11 09:56:45,113.0,9001578
2021-05-11 09:56:53,113.1,9011667
2021-05-11 09:56:56,113.05,9025382
2021-05-11 09:57:00,113.1,9027597
2021-05-11 09:57:08,113.05,9039739
2021-05-11 09:57:12,113.1,9041916
2021-05-11 09:57:16,113.05,9054018
2021-05-11 09:57:20,113.15,9062974
2021-05-11 09:57:24,113.25,9078877
2021-05-11 09:57:27,113.15,9086332
2021-05-11 09:57:31,113.2,9088532
2021-05-11 09:57:35,113.25,9088955
2021-05-11 09:57:38,113.2,9089044
2021-05-11 09:57:42,113.25,9094572
2021-05-11 09:57:46,113.25,9095541
2021-05-11 09:57:49,113.2,9101259
2021-05-11 09:57:54,113.25,9102375
2021-05-11 09:57:57,113.25,9102562
2021-05-11 09:58:01,113.25,9104343
2021-05-11 09:58:05,113.2,9108949
2021-05-11 09:58:09,113.2,9112953
2021-05-11 09:58:13,113.2,9118007
2021-05-11 09:58:17,113.25,9120522
2021-05-11 09:58:24,113.3,9128214
2021-05-11 09:58:28,113.25,9134723
2021-05-11 09:58:32,113.2,9137383
2021-05-11 09:58:36,113.3,9138549
2021-05-11 09:58:39,113.2,9143299
2021-05-11 09:58:43,113.25,9144584
2021-05-11 09:58:47,113.3,9145112
2021-05-11 09:58:50,113.3,9145272
2021-05-11 09:58:54,113.25,9150072
2021-05-11 09:58:58,113.3,9151447
2021-05-11 09:59:02,113.3,9151784
2021-05-11 09:59:05,113.25,9151965
2021-05-11 09:59:08,113.25,9158391
2021-05-11 09:59:12,113.25,9159675
2021-05-11 09:59:16,113.25,9159968
2021-05-11 09:59:19,113.25,9162318
2021-05-11 09:59:23,113.25,9166333
2021-05-11 09:59:27,113.25,9168287
2021-05-11 09:59:31,113.25,9168956
2021-05-11 09:59:35,113.25,9174360
2021-05-11 09:59:38,113.2,9184868
2021-05-11 09:59:42,113.2,9199992
2021-05-11 09:59:45,113.2,9206867
2021-05-11 09:59:49,113.15,9214769
2021-05-11 10:00:00,113.15,9226492
2021-05-11 10:00:04,113.15,9242218
2021-05-11 10:00:08,113.1,9249064
2021-05-11 10:00:11,113.1,9250263
2021-05-11 10:00:15,113.15,9251250
2021-05-11 10:00:19,113.1,9256367
2021-05-11 10:00:23,113.15,9266531
2021-05-11 10:00:27,113.15,9269909
2021-05-11 10:00:31,113.15,9271497
2021-05-11 10:00:35,113.1,9273961
2021-05-11 10:00:39,113.1,9275366
2021-05-11 10:00:42,113.15,9276067
2021-05-11 10:00:46,113.1,9277279
2021-05-11 10:00:49,113.1,9277766
2021-05-11 10:00:53,113.15,9278110
2021-05-11 10:00:56,113.15,9279360
2021-05-11 10:01:00,113.1,9280827
2021-05-11 10:01:04,113.15,9291387
2021-05-11 10:01:08,113.1,9294643
2021-05-11 10:01:12,113.15,9296272
2021-05-11 10:01:15,113.15,9297537
2021-05-11 10:01:19,113.1,9298136
2021-05-11 10:01:23,113.15,9298546
2021-05-11 10:01:27,113.15,9315305
2021-05-11 10:01:30,113.15,9320406
2021-05-11 10:01:34,113.25,9322573
2021-05-11 10:01:38,113.25,9324021
2021-05-11 10:01:42,113.25,9325423
2021-05-11 10:01:46,113.1,9345450
2021-05-11 10:01:50,113.05,9375831
2021-05-11 10:01:53,113.1,9380405
2021-05-11 10:01:57,113.15,9382985
2021-05-11 10:02:01,113.1,9385720
2021-05-11 10:02:04,113.1,9387231
2021-05-11 10:02:08,113.05,9387573
2021-05-11 10:02:11,113.1,9389825
2021-05-11 10:02:15,113.1,9390415
2021-05-11 10:02:18,113.05,9390975
2021-05-11 10:02:22,113.05,9391182
2021-05-11 10:02:26,113.05,9394224
2021-05-11 10:02:30,113.1,9405303
2021-05-11 10:02:34,113.05,9408215
2021-05-11 10:02:39,113.1,9432957
2021-05-11 10:02:43,113.15,9439865
2021-05-11 10:02:47,113.15,9446478
2021-05-11 10:02:51,113.2,9448746
2021-05-11 10:02:55,113.15,9449692
2021-05-11 10:02:58,113.2,9454609
2021-05-11 10:03:02,113.2,9456352
2021-05-11 10:03:06,113.2,9456621
2021-05-11 10:03:09,113.2,9456788
2021-05-11 10:03:13,113.25,9479142
2021-05-11 10:03:16,113.3,9486487
2021-05-11 10:03:19,113.35,9489293
2021-05-11 10:03:26,113.3,9497356
2021-05-11 10:03:29,113.35,9506779
2021-05-11 10:03:33,113.3,9508325
2021-05-11 10:03:37,113.35,9509698
2021-05-11 10:03:40,113.35,9510912
2021-05-11 10:03:43,113.3,9511095
2021-05-11 10:03:47,113.3,9511162
2021-05-11 10:03:50,113.35,9511449
2021-05-11 10:03:53,113.3,9511569
2021-05-11 10:03:57,113.3,9516110
2021-05-11 10:04:01,113.2,9532653
2021-05-11 10:04:05,113.2,9542180
2021-05-11 10:04:10,113.25,9544617
2021-05-11 10:04:17,113.2,9551703
2021-05-11 10:04:21,113.2,9556378
2021-05-11 10:04:25,113.25,9557085
2021-05-11 10:04:29,113.25,9557588
2021-05-11 10:04:33,113.2,9566104
2021-05-11 10:04:36,113.2,9567398
2021-05-11 10:04:40,113.2,9568406
2021-05-11 10:04:44,113.25,9569319
2021-05-11 10:04:47,113.2,9569472
2021-05-11 10:04:51,113.2,9570504
2021-05-11 10:04:54,113.25,9571185
2021-05-11 10:04:58,113.25,9574096
2021-05-11 10:05:01,113.2,9574995
2021-05-11 10:05:04,113.2,9576443
2021-05-11 10:05:08,113.2,9576737
2021-05-11 10:05:12,113.25,9587289
2021-05-11 10:05:15,113.2,9589187
2021-05-11 10:05:18,113.2,9589505
2021-05-11 10:05:22,113.25,9590067
2021-05-11 10:05:26,113.25,9592315
2021-05-11 10:05:29,113.25,9592987
2021-05-11 10:05:33,113.2,9614907
2021-05-11 10:05:37,113.2,9620914
2021-05-11 10:05:41,113.2,9622967
2021-05-11 10:05:44,113.15,9628026
2021-05-11 10:05:47,113.15,9629112
2021-05-11 10:05:51,113.15,9629288
2021-05-11 10:05:54,113.25,9629440
2021-05-11 10:05:58,113.2,9630178
2021-05-11 10:06:02,113.2,9631220
2021-05-11 10:06:05,113.25,9631510
2021-05-11 10:06:09,113.25,9631957
2021-05-11 10:06:13,113.2,9632233
2021-05-11 10:06:17,113.2,9632328
2021-05-11 10:06:20,113.25,9656702
2021-05-11 10:06:23,113.3,9660573
2021-05-11 10:06:27,113.3,9661238
2021-05-11 10:06:30,113.3,9669275
2021-05-11 10:06:34,113.35,9670738
2021-05-11 10:06:38,113.35,9681400
2021-05-11 10:06:41,113.35,9684234
2021-05-11 10:06:45,113.35,9684768
2021-05-11 10:06:48,113.4,9687458
2021-05-11 10:06:51,113.4,9688362
2021-05-11 10:06:55,113.45,9688551
2021-05-11 10:06:58,113.4,9689852
2021-05-11 10:07:01,113.45,9705105
2021-05-11 10:07:05,113.5,9719854
2021-05-11 10:07:08,113.5,9723811
2021-05-11 10:07:12,113.45,9724810
2021-05-11 10:07:16,113.45,9725025
2021-05-11 10:07:19,113.45,9725367
2021-05-11 10:07:23,113.5,9731448
2021-05-11 10:07:30,113.5,9732795
2021-05-11 10:07:33,113.5,9734048
2021-05-11 10:07:37,113.5,9735879
2021-05-11 10:07:40,113.45,9738556
2021-05-11 10:07:43,113.45,9739077
2021-05-11 10:07:47,113.45,9739417
2021-05-11 10:07:50,113.5,9740486
2021-05-11 10:07:53,113.5,9741133
2021-05-11 10:07:57,113.5,9741243
2021-05-11 10:08:00,113.45,9744367
2021-05-11 10:08:03,113.45,9745675
2021-05-11 10:08:07,113.45,9746695
2021-05-11 10:08:11,113.5,9755573
2021-05-11 10:08:15,113.45,9758146
2021-05-11 10:08:18,113.5,9760432
2021-05-11 10:08:21,113.5,9761702
2021-05-11 10:08:25,113.55,9762088
2021-05-11 10:08:28,113.5,9762298
2021-05-11 10:08:31,113.5,9762832
2021-05-11 10:08:35,113.5,9762964
2021-05-11 10:08:38,113.55,9763275
2021-05-11 10:08:41,113.55,9763605
2021-05-11 10:08:44,113.55,9764194
2021-05-11 10:08:48,113.55,9765393
2021-05-11 10:08:52,113.55,9765641
2021-05-11 10:08:55,113.5,9765689
2021-05-11 10:08:58,113.5,9766207
2021-05-11 10:09:02,113.5,9766291
2021-05-11 10:09:05,113.5,9766879
2021-05-11 10:09:09,113.5,9766978
2021-05-11 10:09:12,113.55,9767503
2021-05-11 10:09:15,113.55,9789880
2021-05-11 10:09:19,113.55,9800042
2021-05-11 10:09:22,113.6,9803184
2021-05-11 10:09:26,113.6,9803729
2021-05-11 10:09:30,113.5,9806200
2021-05-11 10:09:34,113.6,9807145
2021-05-11 10:09:37,113.5,9808069
2021-05-11 10:09:40,113.5,9808908
2021-05-11 10:09:43,113.55,9809097
2021-05-11 10:09:46,113.6,9814151
2021-05-11 10:09:50,113.6,9815022
2021-05-11 10:09:56,113.6,9820418
2021-05-11 10:09:59,113.6,9820750
2021-05-11 10:10:03,113.55,9822106
2021-05-11 10:10:07,113.55,9822339
2021-05-11 10:10:10,113.6,9822555
2021-05-11 10:10:13,113.6,9836311
2021-05-11 10:10:17,113.55,9841506
2021-05-11 10:10:20,113.65,9847976
2021-05-11 10:10:24,113.65,9851444
2021-05-11 10:10:28,113.65,9852370
2021-05-11 10:10:31,113.65,9858593
2021-05-11 10:10:35,113.65,9860924
2021-05-11 10:10:38,113.7,9861396
2021-05-11 10:10:42,113.6,9870239
2021-05-11 10:10:45,113.7,9871654
2021-05-11 10:10:49,113.7,9877227
2021-05-11 10:10:52,113.6,9878638
2021-05-11 10:10:55,113.6,9893201
2021-05-11 10:10:59,113.55,9904102
2021-05-11 10:11:02,113.6,9906207
2021-05-11 10:11:06,113.55,9916776
2021-05-11 10:11:09,113.5,9919373
2021-05-11 10:11:13,113.55,9923825
2021-05-11 10:11:16,113.6,9928360
2021-05-11 10:11:19,113.6,9933385
2021-05-11 10:11:23,113.55,9941224
2021-05-11 10:11:26,113.55,9952745
2021-05-11 10:11:30,113.4,9996178
2021-05-11 10:11:33,113.4,10007422
2021-05-11 10:11:36,113.45,10024193
2021-05-11 10:11:40,113.5,10169687
2021-05-11 10:11:43,113.45,10182632
2021-05-11 10:11:47,113.5,10194022
2021-05-11 10:11:51,113.4,10197093
2021-05-11 10:11:55,113.4,10197941
2021-05-11 10:11:58,113.4,10198146
2021-05-11 10:12:02,113.4,10199138
2021-05-11 10:12:05,113.4,10199296
2021-05-11 10:12:08,113.4,10199449
2021-05-11 10:12:12,113.4,10199482
2021-05-11 10:12:15,113.4,10199587
2021-05-11 10:12:18,113.4,10200230
2021-05-11 10:12:21,113.45,10202118
2021-05-11 10:12:24,113.4,10202547
2021-05-11 10:12:28,113.4,10202690
2021-05-11 10:12:32,113.45,10203082
2021-05-11 10:12:35,113.4,10204373
2021-05-11 10:12:39,113.45,10206813
2021-05-11 10:12:42,113.45,10207255
2021-05-11 10:12:46,113.4,10207499
2021-05-11 10:12:49,113.45,10208508
2021-05-11 10:12:53,113.4,10211246
2021-05-11 10:12:57,113.4,10211720
2021-05-11 10:13:00,113.4,10211945
2021-05-11 10:13:03,113.4,10212730
2021-05-11 10:13:07,113.4,10213856
2021-05-11 10:13:10,113.4,10214188
2021-05-11 10:13:13,113.4,10214363
2021-05-11 10:13:16,113.4,10214537
2021-05-11 10:13:19,113.4,10223905
2021-05-11 10:13:23,113.35,10225353
2021-05-11 10:13:26,113.3,10231616
2021-05-11 10:13:29,113.25,10240289
2021-05-11 10:13:32,113.35,10242002
2021-05-11 10:13:35,113.25,10242367
2021-05-11 10:13:39,113.3,10243136
2021-05-11 10:13:42,113.25,10243303
2021-05-11 10:13:45,113.3,10245570
2021-05-11 10:13:48,113.25,10248412
2021-05-11 10:13:52,113.25,10249181
2021-05-11 10:13:55,113.25,10249308
2021-05-11 10:13:59,113.3,10254839
2021-05-11 10:14:02,113.3,10259837
2021-05-11 10:14:05,113.3,10266598
2021-05-11 10:14:09,113.25,10268613
2021-05-11 10:14:12,113.3,10269079
2021-05-11 10:14:15,113.25,10269239
2021-05-11 10:14:18,113.25,10269497
2021-05-11 10:14:22,113.3,10275859
2021-05-11 10:14:26,113.3,10278425
2021-05-11 10:14:29,113.3,10279626
2021-05-11 10:14:32,113.3,10280009
2021-05-11 10:14:36,113.3,10282307
2021-05-11 10:14:39,113.4,10290413
2021-05-11 10:14:43,113.4,10291675
2021-05-11 10:14:47,113.4,10291875
2021-05-11 10:14:50,113.4,10291976
2021-05-11 10:14:53,113.35,10292551
2021-05-11 10:14:57,113.35,10292818
2021-05-11 10:15:01,113.35,10293051
2021-05-11 10:15:04,113.4,10310169
2021-05-11 10:15:09,113.45,10313857
2021-05-11 10:15:12,113.4,10315825
2021-05-11 10:15:16,113.45,10316120
2021-05-11 10:15:19,113.4,10316293
2021-05-11 10:15:23,113.45,10316329
2021-05-11 10:15:26,113.45,10316513
2021-05-11 10:15:30,113.4,10316545
2021-05-11 10:15:36,113.4,10317163
2021-05-11 10:15:40,113.4,10317283
2021-05-11 10:15:43,113.4,10317352
2021-05-11 10:15:47,113.45,10317773
2021-05-11 10:15:50,113.4,10318362
2021-05-11 10:15:53,113.45,10323163
2021-05-11 10:15:57,113.5,10331164
2021-05-11 10:16:00,113.45,10334812
2021-05-11 10:16:04,113.5,10335600
2021-05-11 10:16:11,113.45,10338678
2021-05-11 10:16:14,113.5,10338904
2021-05-11 10:16:17,113.5,10339055
2021-05-11 10:16:20,113.45,10339099
2021-05-11 10:16:23,113.45,10339177
2021-05-11 10:16:26,113.5,10340311
2021-05-11 10:16:33,113.45,10341332
2021-05-11 10:16:37,113.45,10342457
2021-05-11 10:16:40,113.45,10347910
2021-05-11 10:16:43,113.5,10350239
2021-05-11 10:16:46,113.5,10350916
2021-05-11 10:16:50,113.5,10351138
2021-05-11 10:16:54,113.5,10351279
2021-05-11 10:16:57,113.5,10359180
2021-05-11 10:17:00,113.5,10360394
2021-05-11 10:17:04,113.55,10360967
2021-05-11 10:17:07,113.55,10365932
2021-05-11 10:17:10,113.6,10366768
2021-05-11 10:17:14,113.55,10366998
2021-05-11 10:17:17,113.55,10371071
2021-05-11 10:17:21,113.55,10371934
2021-05-11 10:17:24,113.55,10372225
2021-05-11 10:17:28,113.5,10372328
2021-05-11 10:17:31,113.5,10372551
2021-05-11 10:17:35,113.55,10372797
2021-05-11 10:17:38,113.5,10374407
2021-05-11 10:17:41,113.55,10375183
2021-05-11 10:17:45,113.55,10375300
2021-05-11 10:17:49,113.55,10375780
2021-05-11 10:17:53,113.5,10375862
2021-05-11 10:17:56,113.55,10388034
2021-05-11 10:18:00,113.65,10416947
2021-05-11 10:18:04,113.65,10425865
2021-05-11 10:18:08,113.65,10428711
2021-05-11 10:18:11,113.7,10429438
2021-05-11 10:18:15,113.65,10429736
2021-05-11 10:18:19,113.65,10433673
2021-05-11 10:18:22,113.65,10441934
2021-05-11 10:18:26,113.65,10443221
2021-05-11 10:18:29,113.7,10444437
2021-05-11 10:18:33,113.7,10445901
2021-05-11 10:18:37,113.65,10474417
2021-05-11 10:18:40,113.65,10483270
2021-05-11 10:18:43,113.7,10485921
2021-05-11 10:18:47,113.7,10486390
2021-05-11 10:18:50,113.65,10486731
2021-05-11 10:18:53,113.65,10488424
2021-05-11 10:18:56,113.7,10489118
2021-05-11 10:19:00,113.65,10489232
2021-05-11 10:19:03,113.65,10489384
2021-05-11 10:19:06,113.65,10489416
2021-05-11 10:19:10,113.7,10491453
2021-05-11 10:19:14,113.7,10492863
2021-05-11 10:19:17,113.65,10497644
2021-05-11 10:19:20,113.65,10499085
2021-05-11 10:19:23,113.6,10500460
2021-05-11 10:19:26,113.6,10500887
2021-05-11 10:19:29,113.65,10501253
2021-05-11 10:19:33,113.6,10501508
2021-05-11 10:19:36,113.6,10502009
2021-05-11 10:19:40,113.65,10505219
2021-05-11 10:19:43,113.6,10506736
2021-05-11 10:19:47,113.55,10542821
2021-05-11 10:19:50,113.45,10556988
2021-05-11 10:19:53,113.4,10563675
2021-05-11 10:19:56,113.55,10568359
2021-05-11 10:19:59,113.5,10569157
2021-05-11 10:20:02,113.55,10570221
2021-05-11 10:20:06,113.5,10584267
2021-05-11 10:20:09,113.55,10589336
2021-05-11 10:20:12,113.6,10592145
2021-05-11 10:20:16,113.6,10593072
2021-05-11 10:20:19,113.6,10593386
2021-05-11 10:20:23,113.65,10593873
2021-05-11 10:20:26,113.6,10594103
2021-05-11 10:20:30,113.6,10594150
2021-05-11 10:20:33,113.6,10594310
2021-05-11 10:20:37,113.6,10594392
2021-05-11 10:20:45,113.6,10606330
2021-05-11 10:20:48,113.6,10607033
2021-05-11 10:20:51,113.55,10608489
2021-05-11 10:20:54,113.6,10608763
2021-05-11 10:20:57,113.65,10608956
2021-05-11 10:21:01,113.55,10609000
2021-05-11 10:21:04,113.65,10609109
2021-05-11 10:21:07,113.6,10609145
2021-05-11 10:21:10,113.55,10611202
2021-05-11 10:21:14,113.5,10611715
2021-05-11 10:21:17,113.5,10611862
2021-05-11 10:21:23,113.5,10612400
2021-05-11 10:21:27,113.55,10614438
2021-05-11 10:21:31,113.55,10614950
2021-05-11 10:21:34,113.5,10615141
2021-05-11 10:21:38,113.55,10615446
2021-05-11 10:21:41,113.5,10615537
2021-05-11 10:21:44,113.5,10616153
2021-05-11 10:21:48,113.5,10616425
2021-05-11 10:21:51,113.55,10616591
2021-05-11 10:21:54,113.5,10616799
2021-05-11 10:21:57,113.55,10616984
2021-05-11 10:22:00,113.55,10622235
2021-05-11 10:22:03,113.5,10623098
2021-05-11 10:22:06,113.5,10623539
2021-05-11 10:22:09,113.5,10623607
2021-05-11 10:22:13,113.5,10624121
2021-05-11 10:22:16,113.55,10624282
2021-05-11 10:22:19,113.5,10624368
2021-05-11 10:22:22,113.55,10624398
2021-05-11 10:22:24,113.6,10626335
2021-05-11 10:22:27,113.55,10626628
2021-05-11 10:22:30,113.55,10626687
2021-05-11 10:22:33,113.5,10626882
2021-05-11 10:22:36,113.5,10626972
2021-05-11 10:22:40,113.55,10626987
2021-05-11 10:22:43,113.55,10626989
2021-05-11 10:22:46,113.5,10627046
2021-05-11 10:22:50,113.5,10628329
2021-05-11 10:22:53,113.55,10629922
2021-05-11 10:22:56,113.5,10630166
2021-05-11 10:22:59,113.5,10630713
2021-05-11 10:23:02,113.5,10633295
2021-05-11 10:23:05,113.5,10634337
2021-05-11 10:23:08,113.5,10634504
2021-05-11 10:23:11,113.5,10643448
2021-05-11 10:23:14,113.5,10644825
2021-05-11 10:23:17,113.45,10646036
2021-05-11 10:23:20,113.5,10646261
2021-05-11 10:23:24,113.45,10646302
2021-05-11 10:23:27,113.45,10647337
2021-05-11 10:23:34,113.5,10647520
2021-05-11 10:23:37,113.45,10651548
2021-05-11 10:23:40,113.4,10672802
2021-05-11 10:23:47,113.45,10679611
2021-05-11 10:23:50,113.4,10686795
2021-05-11 10:23:53,113.4,10687989
2021-05-11 10:23:56,113.55,10704748
2021-05-11 10:24:00,113.6,10708742
2021-05-11 10:24:04,113.5,10709573
2021-05-11 10:24:07,113.5,10710899
2021-05-11 10:24:10,113.55,10711114
2021-05-11 10:24:13,113.5,10711249
2021-05-11 10:24:16,113.6,10734157
2021-05-11 10:24:24,113.6,10738529
2021-05-11 10:24:28,113.6,10739267
2021-05-11 10:24:32,113.6,10739488
2021-05-11 10:24:36,113.65,10739725
2021-05-11 10:24:40,113.6,10739841
2021-05-11 10:24:43,113.6,10740685
2021-05-11 10:24:46,113.6,10741044
2021-05-11 10:24:50,113.6,10742208
2021-05-11 10:24:53,113.55,10742457
2021-05-11 10:24:56,113.55,10742524
2021-05-11 10:24:59,113.6,10742661
2021-05-11 10:25:03,113.55,10742782
2021-05-11 10:25:07,113.6,10743575
2021-05-11 10:25:10,113.6,10743696
2021-05-11 10:25:14,113.6,10744906
2021-05-11 10:25:17,113.55,10745124
2021-05-11 10:25:21,113.55,10745375
2021-05-11 10:25:25,113.55,10745564
2021-05-11 10:25:29,113.55,10746444
2021-05-11 10:25:32,113.55,10747201
2021-05-11 10:25:36,113.55,10747407
2021-05-11 10:25:40,113.6,10747444
2021-05-11 10:25:43,113.6,10747553
2021-05-11 10:25:46,113.6,10747571
2021-05-11 10:25:50,113.6,10747575
2021-05-11 10:25:53,113.6,10747595
2021-05-11 10:25:56,113.55,10748600
2021-05-11 10:26:00,113.6,10749886
2021-05-11 10:26:03,113.55,10752423
2021-05-11 10:26:07,113.65,10800512
2021-05-11 10:26:10,113.7,10832725
2021-05-11 10:26:14,113.75,10896530
2021-05-11 10:26:17,113.75,10906289
2021-05-11 10:26:20,113.8,10908876
2021-05-11 10:26:23,113.75,10913758
2021-05-11 10:26:26,113.75,10914617
2021-05-11 10:26:29,113.7,10920541
2021-05-11 10:26:32,113.65,10937536
2021-05-11 10:26:36,113.7,10940189
2021-05-11 10:26:39,113.65,10942762
2021-05-11 10:26:42,113.65,10947477
2021-05-11 10:26:45,113.65,10951916
2021-05-11 10:26:48,113.7,10957757
2021-05-11 10:26:51,113.65,10968312
2021-05-11 10:26:54,113.7,10970190
2021-05-11 10:26:57,113.65,10971495
2021-05-11 10:27:01,113.65,10976632
2021-05-11 10:27:04,113.6,10977718
2021-05-11 10:27:08,113.65,10977883
2021-05-11 10:27:11,113.65,10979108
2021-05-11 10:27:14,113.65,10979353
2021-05-11 10:27:21,113.65,10979552
2021-05-11 10:27:25,113.6,10979705
2021-05-11 10:27:28,113.6,10983733
2021-05-11 10:27:32,113.65,10986860
2021-05-11 10:27:35,113.6,10988555
2021-05-11 10:27:39,113.65,10988879
2021-05-11 10:27:42,113.6,10989147
2021-05-11 10:27:45,113.6,10993530
2021-05-11 10:27:48,113.65,10995289
2021-05-11 10:27:51,113.6,10999050
2021-05-11 10:27:55,113.6,10999626
2021-05-11 10:27:58,113.65,10999922
2021-05-11 10:28:01,113.65,11004862
2021-05-11 10:28:04,113.6,11005798
2021-05-11 10:28:07,113.65,11006301
2021-05-11 10:28:11,113.6,11006679
2021-05-11 10:28:14,113.65,11006929
2021-05-11 10:28:17,113.6,11009720
2021-05-11 10:28:20,113.6,11010145
2021-05-11 10:28:24,113.6,11012264
2021-05-11 10:28:27,113.55,11018347
2021-05-11 10:28:31,113.6,11020279
2021-05-11 10:28:34,113.55,11020719
2021-05-11 10:28:37,113.6,11020994
2021-05-11 10:28:41,113.55,11025997
2021-05-11 10:28:44,113.6,11026748
2021-05-11 10:28:47,113.55,11027877
2021-05-11 10:28:50,113.55,11032699
2021-05-11 10:28:53,113.6,11036642
2021-05-11 10:28:57,113.55,11037237
2021-05-11 10:29:00,113.5,11042705
2021-05-11 10:29:03,113.55,11049155
2021-05-11 10:29:06,113.6,11050133
2021-05-11 10:29:10,113.6,11052820
2021-05-11 10:29:14,113.6,11053458
2021-05-11 10:29:17,113.6,11053611
2021-05-11 10:29:20,113.55,11053883
2021-05-11 10:29:24,113.6,11057232
2021-05-11 10:29:27,113.55,11058048
2021-05-11 10:29:31,113.55,11058180
2021-05-11 10:29:34,113.55,11058763
2021-05-11 10:29:37,113.55,11058863
2021-05-11 10:29:40,113.6,11072129
2021-05-11 10:29:43,113.6,11082895
2021-05-11 10:29:46,113.55,11085530
2021-05-11 10:29:49,113.55,11087201
2021-05-11 10:29:52,113.55,11087918
2021-05-11 10:29:55,113.55,11088691
2021-05-11 10:29:59,113.6,11089829
2021-05-11 10:30:02,113.55,11091267
2021-05-11 10:30:05,113.5,11094493
2021-05-11 10:30:08,113.55,11095400
2021-05-11 10:30:12,113.55,11095567
2021-05-11 10:30:15,113.5,11095676
2021-05-11 10:30:18,113.5,11095758
2021-05-11 10:30:21,113.55,11096573
2021-05-11 10:30:25,113.55,11124751
2021-05-11 10:30:28,113.55,11137642
2021-05-11 10:30:31,113.55,11139666
2021-05-11 10:30:34,113.55,11141069
2021-05-11 10:30:38,113.5,11141496
2021-05-11 10:30:41,113.5,11141597
2021-05-11 10:30:44,113.55,11141883
2021-05-11 10:30:47,113.5,11141965
2021-05-11 10:30:50,113.5,11142185
2021-05-11 10:30:57,113.5,11142317
2021-05-11 10:31:00,113.5,11143838
2021-05-11 10:31:03,113.55,11144066
2021-05-11 10:31:06,113.5,11144113
2021-05-11 10:31:09,113.55,11144371
2021-05-11 10:31:12,113.55,11146611
2021-05-11 10:31:16,113.5,11146949
2021-05-11 10:31:22,113.55,11148761
2021-05-11 10:31:25,113.5,11148871
2021-05-11 10:31:29,113.55,11148925
2021-05-11 10:31:32,113.55,11148935
2021-05-11 10:31:35,113.5,11149074
2021-05-11 10:31:38,113.5,11149902
2021-05-11 10:31:41,113.5,11150028
2021-05-11 10:31:44,113.5,11150141
2021-05-11 10:31:47,113.5,11150659
2021-05-11 10:31:50,113.55,11151245
2021-05-11 10:31:53,113.5,11152169
2021-05-11 10:31:56,113.5,11152313
2021-05-11 10:31:59,113.5,11153854
2021-05-11 10:32:02,113.55,11154981
2021-05-11 10:32:05,113.55,11156224
2021-05-11 10:32:08,113.5,11156502
2021-05-11 10:32:11,113.5,11156944
2021-05-11 10:32:14,113.5,11157211
2021-05-11 10:32:18,113.5,11157261
2021-05-11 10:32:21,113.5,11157304
2021-05-11 10:32:24,113.5,11157323
2021-05-11 10:32:27,113.55,11157379
2021-05-11 10:32:30,113.5,11157396
2021-05-11 10:32:34,113.55,11157399
2021-05-11 10:32:37,113.5,11159408
2021-05-11 10:32:39,113.5,11159890
2021-05-11 10:32:42,113.55,11159963
2021-05-11 10:32:45,113.5,11160172
2021-05-11 10:32:48,113.5,11160253
2021-05-11 10:32:51,113.5,11160268
2021-05-11 10:32:54,113.5,11162332
2021-05-11 10:32:57,113.5,11162987
2021-05-11 10:33:01,113.5,11163159
2021-05-11 10:33:04,113.5,11163777
2021-05-11 10:33:07,113.5,11163878
2021-05-11 10:33:10,113.55,11164008
2021-05-11 10:33:13,113.55,11164128
2021-05-11 10:33:16,113.5,11164159
2021-05-11 10:33:19,113.55,11164329
2021-05-11 10:33:22,113.5,11164366
2021-05-11 10:33:25,113.5,11164372
2021-05-11 10:33:28,113.5,11164377
2021-05-11 10:33:31,113.55,11164380
2021-05-11 10:33:34,113.5,11164431
2021-05-11 10:33:37,113.5,11164509
2021-05-11 10:33:40,113.5,11164549
2021-05-11 10:33:43,113.5,11164640
2021-05-11 10:33:46,113.5,11164881
2021-05-11 10:33:49,113.55,11165962
2021-05-11 10:33:52,113.55,11166645
2021-05-11 10:33:56,113.5,11166750
2021-05-11 10:33:59,113.5,11168193
2021-05-11 10:34:03,113.55,11169315
2021-05-11 10:34:06,113.5,11169572
2021-05-11 10:34:09,113.5,11169624
2021-05-11 10:34:12,113.55,11170354
2021-05-11 10:34:15,113.5,11170468
2021-05-11 10:34:18,113.55,11170485
2021-05-11 10:34:21,113.5,11170649
2021-05-11 10:34:24,113.55,11178491
2021-05-11 10:34:30,113.55,11181059
2021-05-11 10:34:34,113.55,11181639
2021-05-11 10:34:36,113.55,11181745
2021-05-11 10:34:39,113.6,11181767
2021-05-11 10:34:42,113.55,11181790
2021-05-11 10:34:45,113.5,11206571
2021-05-11 10:34:48,113.5,11210416
2021-05-11 10:34:51,113.5,11211132
2021-05-11 10:34:54,113.55,11212381
2021-05-11 10:34:57,113.5,11212946
2021-05-11 10:35:00,113.5,11215223
2021-05-11 10:35:06,113.5,11215750
2021-05-11 10:35:09,113.55,11215781
2021-05-11 10:35:12,113.5,11216886
2021-05-11 10:35:15,113.5,11217077
2021-05-11 10:35:18,113.5,11217107
2021-05-11 10:35:21,113.55,11217492
2021-05-11 10:35:23,113.55,11217857
2021-05-11 10:35:26,113.5,11219133
2021-05-11 10:35:29,113.5,11219327
2021-05-11 10:35:32,113.5,11219887
2021-05-11 10:35:35,113.5,11223198
2021-05-11 10:35:38,113.55,11223781
2021-05-11 10:35:41,113.55,11223889
2021-05-11 10:35:44,113.55,11225416
2021-05-11 10:35:48,113.5,11225748
2021-05-11 10:35:51,113.5,11225891
2021-05-11 10:35:54,113.5,11226174
2021-05-11 10:35:57,113.5,11226407
2021-05-11 10:36:00,113.55,11227349
2021-05-11 10:36:06,113.5,11228028
2021-05-11 10:36:09,113.5,11231106
2021-05-11 10:36:12,113.5,11232088
2021-05-11 10:36:15,113.5,11232243
2021-05-11 10:36:21,113.5,11232777
2021-05-11 10:36:24,113.5,11232839
2021-05-11 10:36:27,113.5,11232849
2021-05-11 10:36:30,113.55,11232878
2021-05-11 10:36:32,113.55,11232882
2021-05-11 10:36:35,113.5,11234305
2021-05-11 10:36:38,113.5,11234555
2021-05-11 10:36:40,113.5,11235203
2021-05-11 10:36:43,113.55,11237440
2021-05-11 10:36:47,113.5,11237934
2021-05-11 10:36:50,113.5,11238047
2021-05-11 10:36:53,113.5,11238365
2021-05-11 10:36:56,113.5,11238422
2021-05-11 10:36:59,113.45,11330980
2021-05-11 10:37:01,113.4,11350046
2021-05-11 10:37:04,113.45,11362861
2021-05-11 10:37:10,113.4,11365612
2021-05-11 10:37:13,113.4,11366025
2021-05-11 10:37:16,113.4,11368109
2021-05-11 10:37:19,113.4,11369423
2021-05-11 10:37:22,113.4,11369928
2021-05-11 10:37:25,113.4,11375104
2021-05-11 10:37:28,113.4,11375888
2021-05-11 10:37:31,113.45,11392499
2021-05-11 10:37:33,113.4,11394993
2021-05-11 10:37:36,113.4,11396081
2021-05-11 10:37:39,113.45,11396314
2021-05-11 10:37:42,113.4,11396749
2021-05-11 10:37:45,113.4,11396827
2021-05-11 10:37:51,113.4,11397506
2021-05-11 10:37:54,113.45,11397990
2021-05-11 10:37:56,113.45,11406622
2021-05-11 10:37:59,113.45,11407943
2021-05-11 10:38:02,113.4,11409536
2021-05-11 10:38:04,113.45,11409920
2021-05-11 10:38:07,113.4,11410186
2021-05-11 10:38:10,113.4,11410227
2021-05-11 10:38:13,113.4,11462022
2021-05-11 10:38:16,113.5,11469817
2021-05-11 10:38:19,113.45,11471021
2021-05-11 10:38:22,113.5,11471328
2021-05-11 10:38:25,113.45,11472437
2021-05-11 10:38:28,113.45,11472605
2021-05-11 10:38:30,113.45,11472633
2021-05-11 10:38:33,113.5,11472638
2021-05-11 10:38:36,113.5,11472751
2021-05-11 10:38:39,113.45,11472969
2021-05-11 10:38:42,113.5,11473104
2021-05-11 10:38:45,113.45,11476736
2021-05-11 10:38:48,113.5,11478331
2021-05-11 10:38:51,113.45,11478696
2021-05-11 10:38:53,113.45,11478784
2021-05-11 10:38:56,113.45,11478880
2021-05-11 10:38:59,113.45,11478914
2021-05-11 10:39:02,113.45,11478937
2021-05-11 10:39:06,113.45,11483449
2021-05-11 10:39:09,113.4,11485846
2021-05-11 10:39:12,113.4,11487309
2021-05-11 10:39:15,113.4,11488532
2021-05-11 10:39:18,113.45,11488715
2021-05-11 10:39:21,113.45,11489250
2021-05-11 10:39:24,113.45,11489331
2021-05-11 10:39:27,113.4,11489544
2021-05-11 10:39:31,113.4,11491081
2021-05-11 10:39:33,113.4,11491505
2021-05-11 10:39:36,113.4,11493105
2021-05-11 10:39:39,113.45,11493445
2021-05-11 10:39:42,113.45,11495526
2021-05-11 10:39:44,113.45,11495998
2021-05-11 10:39:48,113.4,11496435
2021-05-11 10:39:51,113.45,11497000
2021-05-11 10:39:54,113.45,11497141
2021-05-11 10:39:57,113.45,11497270
2021-05-11 10:40:00,113.45,11498366
2021-05-11 10:40:03,113.45,11498538
2021-05-11 10:40:06,113.4,11498716
2021-05-11 10:40:09,113.45,11498772
2021-05-11 10:40:12,113.4,11499270
2021-05-11 10:40:14,113.4,11499365
2021-05-11 10:40:17,113.4,11499692
2021-05-11 10:40:20,113.4,11499759
2021-05-11 10:40:23,113.45,11500215
2021-05-11 10:40:25,113.4,11500679
2021-05-11 10:40:28,113.45,11500751
2021-05-11 10:40:31,113.4,11500777
2021-05-11 10:40:34,113.45,11500781
2021-05-11 10:40:37,113.4,11500791
2021-05-11 10:40:40,113.4,11500801
2021-05-11 10:40:43,113.4,11503854
2021-05-11 10:40:46,113.4,11504435
2021-05-11 10:40:48,113.45,11506588
2021-05-11 10:40:51,113.4,11506920
2021-05-11 10:40:54,113.4,11507785
2021-05-11 10:40:57,113.4,11507969
2021-05-11 10:41:00,113.4,11507998
2021-05-11 10:41:03,113.4,11508051
2021-05-11 10:41:06,113.4,11508169
2021-05-11 10:41:08,113.45,11509329
2021-05-11 10:41:11,113.45,11509503
2021-05-11 10:41:13,113.45,11509624
2021-05-11 10:41:16,113.3,11521425
2021-05-11 10:41:19,113.3,11523576
2021-05-11 10:41:22,113.3,11523987
2021-05-11 10:41:25,113.35,11529401
2021-05-11 10:41:28,113.35,11530717
2021-05-11 10:41:31,113.35,11531315
2021-05-11 10:41:34,113.35,11531474
2021-05-11 10:41:37,113.3,11531510
2021-05-11 10:41:40,113.3,11531681
2021-05-11 10:41:42,113.3,11531751
2021-05-11 10:41:46,113.4,11532017
2021-05-11 10:41:49,113.3,11532171
2021-05-11 10:41:52,113.35,11532352
2021-05-11 10:41:55,113.35,11532393
2021-05-11 10:41:57,113.35,11532502
2021-05-11 10:42:00,113.4,11532696
2021-05-11 10:42:02,113.35,11532826
2021-05-11 10:42:05,113.35,11533063
2021-05-11 10:42:08,113.4,11533099
2021-05-11 10:42:11,113.35,11534535
2021-05-11 10:42:14,113.4,11546095
2021-05-11 10:42:17,113.35,11547894
2021-05-11 10:42:20,113.4,11548526
2021-05-11 10:42:23,113.4,11548638
2021-05-11 10:42:25,113.35,11555444
2021-05-11 10:42:28,113.35,11557506
2021-05-11 10:42:30,113.4,11557818
2021-05-11 10:42:32,113.4,11557955
2021-05-11 10:42:35,113.4,11559221
2021-05-11 10:42:37,113.4,11559519
2021-05-11 10:42:40,113.4,11560159
2021-05-11 10:42:43,113.4,11561792
2021-05-11 10:42:45,113.4,11562163
2021-05-11 10:42:51,113.4,11567335
2021-05-11 10:42:53,113.4,11567503
2021-05-11 10:42:56,113.45,11567611
2021-05-11 10:42:58,113.5,11567728
2021-05-11 10:43:00,113.45,11567848
2021-05-11 10:43:03,113.45,11567866
2021-05-11 10:43:06,113.5,11569380
2021-05-11 10:43:09,113.4,11569614
2021-05-11 10:43:12,113.4,11569744
2021-05-11 10:43:14,113.5,11569764
2021-05-11 10:43:17,113.5,11569767
2021-05-11 10:43:20,113.4,11569772
2021-05-11 10:43:22,113.4,11570988
2021-05-11 10:43:25,113.4,11573622
2021-05-11 10:43:28,113.45,11574118
2021-05-11 10:43:31,113.45,11575391
2021-05-11 10:43:33,113.4,11575788
2021-05-11 10:43:36,113.4,11575938
2021-05-11 10:43:40,113.4,11576574
2021-05-11 10:43:43,113.4,11576670
2021-05-11 10:43:46,113.45,11576756
2021-05-11 10:43:49,113.4,11576905
2021-05-11 10:43:53,113.45,11577509
2021-05-11 10:43:56,113.4,11578530
2021-05-11 10:43:58,113.45,11578826
2021-05-11 10:44:04,113.4,11581196
2021-05-11 10:44:06,113.4,11581478
2021-05-11 10:44:09,113.45,11581720
2021-05-11 10:44:11,113.4,11581768
2021-05-11 10:44:14,113.45,11585275
2021-05-11 10:44:16,113.4,11585913
2021-05-11 10:44:19,113.4,11586036
2021-05-11 10:44:22,113.4,11586063
2021-05-11 10:44:24,113.4,11586481
2021-05-11 10:44:27,113.45,11586674
2021-05-11 10:44:29,113.4,11586756
2021-05-11 10:44:32,113.4,11586864
2021-05-11 10:44:34,113.45,11586880
2021-05-11 10:44:37,113.4,11587027
2021-05-11 10:44:39,113.4,11587050
2021-05-11 10:44:41,113.4,11587204
2021-05-11 10:44:44,113.4,11587242
2021-05-11 10:44:47,113.45,11587398
2021-05-11 10:44:49,113.4,11587471
2021-05-11 10:44:52,113.4,11587789
2021-05-11 10:44:55,113.4,11587852
2021-05-11 10:44:58,113.4,11588037
2021-05-11 10:45:01,113.4,11588116
2021-05-11 10:45:03,113.4,11588337
2021-05-11 10:45:06,113.4,11588394
2021-05-11 10:45:09,113.45,11588405
2021-05-11 10:45:11,113.45,11588508
2021-05-11 10:45:14,113.4,11592437
2021-05-11 10:45:17,113.45,11593030
2021-05-11 10:45:20,113.45,11593224
2021-05-11 10:45:23,113.45,11594264
2021-05-11 10:45:26,113.4,11594446
2021-05-11 10:45:28,113.4,11594626
2021-05-11 10:45:31,113.4,11629032
2021-05-11 10:45:34,113.35,11634288
2021-05-11 10:45:36,113.35,11635434
2021-05-11 10:45:39,113.35,11639900
2021-05-11 10:45:42,113.35,11641605
2021-05-11 10:45:44,113.4,11641861
2021-05-11 10:45:51,113.4,11641918
2021-05-11 10:45:54,113.35,11641977
2021-05-11 10:45:57,113.35,11641988
2021-05-11 10:46:00,113.4,11642089
2021-05-11 10:46:03,113.35,11642459
2021-05-11 10:46:06,113.35,11642517
2021-05-11 10:46:08,113.35,11642597
2021-05-11 10:46:11,113.35,11642611
2021-05-11 10:46:14,113.4,11642615
2021-05-11 10:46:17,113.35,11642618
2021-05-11 10:46:20,113.35,11643619
2021-05-11 10:46:22,113.35,11643884
2021-05-11 10:46:25,113.35,11643927
2021-05-11 10:46:27,113.35,11644383
2021-05-11 10:46:30,113.4,11644506
2021-05-11 10:46:33,113.35,11644530
2021-05-11 10:46:36,113.35,11644545
2021-05-11 10:46:39,113.4,11644579
2021-05-11 10:46:42,113.35,11644610
2021-05-11 10:46:44,113.35,11644715
2021-05-11 10:46:47,113.4,11644831
2021-05-11 10:46:49,113.35,11644950
2021-05-11 10:46:52,113.4,11645028
2021-05-11 10:46:55,113.35,11645074
2021-05-11 10:46:59,113.35,11645206
2021-05-11 10:47:01,113.35,11652436
2021-05-11 10:47:04,113.35,11653706
2021-05-11 10:47:08,113.35,11655605
2021-05-11 10:47:10,113.4,11655941
2021-05-11 10:47:13,113.4,11657559
2021-05-11 10:47:16,113.35,11657912
2021-05-11 10:47:19,113.35,11658016
2021-05-11 10:47:21,113.35,11658170
2021-05-11 10:47:24,113.35,11658773
2021-05-11 10:47:26,113.4,11659224
2021-05-11 10:47:29,113.35,11660205
2021-05-11 10:47:31,113.4,11661032
2021-05-11 10:47:34,113.4,11662182
2021-05-11 10:47:37,113.4,11662466
2021-05-11 10:47:40,113.4,11662519
2021-05-11 10:47:43,113.4,11662689
2021-05-11 10:47:46,113.35,11662831
2021-05-11 10:47:49,113.35,11662856
2021-05-11 10:47:51,113.35,11663368
2021-05-11 10:47:54,113.4,11663655
2021-05-11 10:47:57,113.35,11663700
2021-05-11 10:48:00,113.4,11663707
2021-05-11 10:48:03,113.35,11663719
2021-05-11 10:48:05,113.4,11664860
2021-05-11 10:48:08,113.35,11665088
2021-05-11 10:48:11,113.35,11665173
2021-05-11 10:48:14,113.35,11665497
2021-05-11 10:48:17,113.35,11666228
2021-05-11 10:48:20,113.35,11666648
2021-05-11 10:48:23,113.35,11667041
2021-05-11 10:48:26,113.35,11667305
2021-05-11 10:48:28,113.35,11667595
2021-05-11 10:48:31,113.4,11667659
2021-05-11 10:48:34,113.4,11677682
2021-05-11 10:48:37,113.4,11679845
2021-05-11 10:48:39,113.4,11680209
2021-05-11 10:48:42,113.35,11680327
2021-05-11 10:48:45,113.35,11680536
2021-05-11 10:48:47,113.4,11680588
2021-05-11 10:48:50,113.4,11680596
2021-05-11 10:48:53,113.35,11680607
2021-05-11 10:48:56,113.35,11680611
2021-05-11 10:48:59,113.4,11680652
2021-05-11 10:49:02,113.35,11680798
2021-05-11 10:49:05,113.35,11680831
2021-05-11 10:49:08,113.35,11682244
2021-05-11 10:49:11,113.35,11682457
2021-05-11 10:49:13,113.4,11683339
2021-05-11 10:49:16,113.35,11684223
2021-05-11 10:49:18,113.4,11695008
2021-05-11 10:49:21,113.35,11696674
2021-05-11 10:49:24,113.3,11697427
2021-05-11 10:49:27,113.35,11697691
2021-05-11 10:49:30,113.3,11697750
2021-05-11 10:49:32,113.35,11697981
2021-05-11 10:49:38,113.3,11699543
2021-05-11 10:49:41,113.35,11700585
2021-05-11 10:49:44,113.35,11700765
2021-05-11 10:49:47,113.3,11700910
2021-05-11 10:49:49,113.35,11700932
2021-05-11 10:49:52,113.35,11707184
2021-05-11 10:49:55,113.3,11708132
2021-05-11 10:49:58,113.35,11708481
2021-05-11 10:50:00,113.35,11709534
2021-05-11 10:50:03,113.35,11709694
2021-05-11 10:50:06,113.35,11709801
2021-05-11 10:50:09,113.35,11709917
2021-05-11 10:50:13,113.35,11710250
2021-05-11 10:50:15,113.3,11710364
2021-05-11 10:50:18,113.3,11715424
2021-05-11 10:50:20,113.3,11716932
2021-05-11 10:50:23,113.3,11717219
2021-05-11 10:50:25,113.3,11718313
2021-05-11 10:50:28,113.35,11718477
2021-05-11 10:50:30,113.35,11719605
2021-05-11 10:50:33,113.35,11719774
2021-05-11 10:50:35,113.3,11720060
2021-05-11 10:50:38,113.35,11720773
2021-05-11 10:50:40,113.3,11721907
2021-05-11 10:50:43,113.3,11722097
2021-05-11 10:50:46,113.3,11722129
2021-05-11 10:50:49,113.3,11722135
2021-05-11 10:50:52,113.35,11722622
2021-05-11 10:50:55,113.3,11724387
2021-05-11 10:50:57,113.35,11724781
2021-05-11 10:51:00,113.35,11725702
2021-05-11 10:51:02,113.35,11732782
2021-05-11 10:51:05,113.4,11734929
2021-05-11 10:51:09,113.4,11738776
2021-05-11 10:51:12,113.4,11739508
2021-05-11 10:51:14,113.45,11740475
2021-05-11 10:51:17,113.45,11740620
2021-05-11 10:51:19,113.35,11741850
2021-05-11 10:51:22,113.35,11744673
2021-05-11 10:51:24,113.45,11746455
2021-05-11 10:51:27,113.35,11746763
2021-05-11 10:51:30,113.35,11749888
2021-05-11 10:51:32,113.4,11750391
2021-05-11 10:51:35,113.4,11751328
2021-05-11 10:51:37,113.35,11752610
2021-05-11 10:51:43,113.4,11753820
2021-05-11 10:51:46,113.45,11754704
2021-05-11 10:51:49,113.45,11755711
2021-05-11 10:51:51,113.35,11755881
2021-05-11 10:51:54,113.45,11756766
2021-05-11 10:51:57,113.45,11756899
2021-05-11 10:51:59,113.45,11758978
2021-05-11 10:52:02,113.4,11759445
2021-05-11 10:52:07,113.45,11763812
2021-05-11 10:52:10,113.45,11765233
2021-05-11 10:52:13,113.4,11765500
2021-05-11 10:52:16,113.4,11766402
2021-05-11 10:52:18,113.45,11766638
2021-05-11 10:52:21,113.45,11767539
2021-05-11 10:52:24,113.5,11775578
2021-05-11 10:52:27,113.4,11776809
2021-05-11 10:52:30,113.5,11777860
2021-05-11 10:52:33,113.4,11782447
2021-05-11 10:52:35,113.4,11783998
2021-05-11 10:52:38,113.35,11788581
2021-05-11 10:52:41,113.4,11790377
2021-05-11 10:52:44,113.45,11791558
2021-05-11 10:52:46,113.35,11796524
2021-05-11 10:52:49,113.45,11798352
2021-05-11 10:52:51,113.35,11798634
2021-05-11 10:52:54,113.45,11799634
2021-05-11 10:52:57,113.45,11804274
2021-05-11 10:53:00,113.45,11806069
2021-05-11 10:53:02,113.35,11806849
2021-05-11 10:53:05,113.4,11807835
2021-05-11 10:53:08,113.45,11808316
2021-05-11 10:53:11,113.45,11809430
2021-05-11 10:53:13,113.4,11810197
2021-05-11 10:53:16,113.45,11811175
2021-05-11 10:53:19,113.45,11812279
2021-05-11 10:53:22,113.45,11812445
2021-05-11 10:53:24,113.45,11813391
2021-05-11 10:53:30,113.45,11819244
2021-05-11 10:53:33,113.4,11819556
2021-05-11 10:53:35,113.4,11820472
2021-05-11 10:53:38,113.4,11821582
2021-05-11 10:53:41,113.55,11855154
2021-05-11 10:53:43,113.5,11866006
2021-05-11 10:53:46,113.5,11868594
2021-05-11 10:53:48,113.5,11868992
2021-05-11 10:53:50,113.6,11870181
2021-05-11 10:53:53,113.7,11971280
2021-05-11 10:53:55,113.7,11987718
2021-05-11 10:54:01,113.7,11992608
2021-05-11 10:54:07,113.7,11997088
2021-05-11 10:54:10,113.7,11998243
2021-05-11 10:54:13,113.7,12000021
2021-05-11 10:54:16,113.65,12009911
2021-05-11 10:54:19,113.7,12012854
2021-05-11 10:54:22,113.7,12013363
2021-05-11 10:54:25,113.65,12014758
2021-05-11 10:54:28,113.6,12014970
2021-05-11 10:54:31,113.65,12015882
2021-05-11 10:54:34,113.7,12016893
2021-05-11 10:54:37,113.6,12017096
2021-05-11 10:54:39,113.65,12019536
2021-05-11 10:54:42,113.65,12020086
2021-05-11 10:54:45,113.6,12022044
2021-05-11 10:54:48,113.7,12022358
2021-05-11 10:54:50,113.65,12023272
2021-05-11 10:54:53,113.65,12023944
2021-05-11 10:54:55,113.65,12024929
2021-05-11 10:54:58,113.6,12033061
2021-05-11 10:55:01,113.7,12036235
2021-05-11 10:55:03,113.65,12036839
2021-05-11 10:55:06,113.7,12038154
2021-05-11 10:55:09,113.7,12045097
2021-05-11 10:55:12,113.7,12051372
2021-05-11 10:55:15,113.65,12053219
2021-05-11 10:55:18,113.65,12055633
2021-05-11 10:55:21,113.65,12057105
2021-05-11 10:55:24,113.7,12060175
2021-05-11 10:55:26,113.7,12063116
2021-05-11 10:55:29,113.65,12064429
2021-05-11 10:55:32,113.7,12077048
2021-05-11 10:55:34,113.7,12080198
2021-05-11 10:55:37,113.65,12082493
2021-05-11 10:55:40,113.7,12085575
2021-05-11 10:55:43,113.65,12086256
2021-05-11 10:55:46,113.65,12088361
2021-05-11 10:55:49,113.7,12092446
2021-05-11 10:55:52,113.65,12094069
2021-05-11 10:55:55,113.7,12097418
2021-05-11 10:55:57,113.7,12098212
2021-05-11 10:56:00,113.7,12099289
2021-05-11 10:56:02,113.75,12101160
2021-05-11 10:56:05,113.7,12103502
2021-05-11 10:56:08,113.7,12103911
2021-05-11 10:56:11,113.75,12104830
2021-05-11 10:56:13,113.7,12107173
2021-05-11 10:56:17,113.7,12109285
2021-05-11 10:56:20,113.75,12111666
2021-05-11 10:56:23,113.75,12112237
2021-05-11 10:56:26,113.75,12116384
2021-05-11 10:56:28,113.65,12118542
2021-05-11 10:56:32,113.7,12120610
2021-05-11 10:56:35,113.65,12122094
2021-05-11 10:56:38,113.7,12122471
2021-05-11 10:56:41,113.7,12124204
2021-05-11 10:56:44,113.75,12126972
2021-05-11 10:56:46,113.7,12129127
2021-05-11 10:56:54,113.75,12132649
2021-05-11 10:56:57,113.75,12133275
2021-05-11 10:56:59,113.75,12134227
2021-05-11 10:57:02,113.75,12172307
2021-05-11 10:57:04,113.8,12193432
2021-05-11 10:57:07,113.85,12200948
2021-05-11 10:57:10,113.85,12209328
2021-05-11 10:57:12,113.85,12212386
2021-05-11 10:57:15,113.85,12213751
2021-05-11 10:57:18,113.8,12216743
2021-05-11 10:57:21,113.8,12218264
2021-05-11 10:57:24,113.9,12220348
2021-05-11 10:57:25,113.75,12239302
2021-05-11 10:57:26,113.85,12242156
2021-05-11 10:57:27,113.85,12247586
2021-05-11 10:57:28,113.9,12248561
2021-05-11 10:57:29,113.9,12249565
2021-05-11 10:57:31,113.9,12251302
2021-05-11 10:57:33,113.9,12251676
2021-05-11 10:57:34,113.9,12251697
2021-05-11 10:57:36,113.9,12252805
2021-05-11 10:57:37,113.9,12253315
2021-05-11 10:57:38,113.85,12253601
2021-05-11 10:57:39,113.9,12255102
2021-05-11 10:57:40,113.85,12255330
2021-05-11 10:57:41,113.9,12255365
2021-05-11 10:57:42,113.85,12255753
2021-05-11 10:57:43,113.85,12255811
2021-05-11 10:57:44,113.85,12255910
2021-05-11 10:57:45,113.8,12256784
2021-05-11 10:57:46,113.75,12264627
2021-05-11 10:57:47,113.8,12265823
2021-05-11 10:57:48,113.8,12267103
2021-05-11 10:57:49,113.75,12271631
2021-05-11 10:57:50,113.8,12273169
2021-05-11 10:57:51,113.8,12274176
2021-05-11 10:57:52,113.75,12274334
2021-05-11 10:57:53,113.8,12274397
2021-05-11 10:57:54,113.8,12274407
2021-05-11 10:57:55,113.8,12275750
2021-05-11 10:57:56,113.8,12275952
2021-05-11 10:57:57,113.75,12276092
2021-05-11 10:57:58,113.8,12276113
2021-05-11 10:57:59,113.8,12276560
2021-05-11 10:58:00,113.8,12281828
2021-05-11 10:58:01,113.75,12286975
2021-05-11 10:58:02,113.75,12287907
2021-05-11 10:58:03,113.8,12290048
2021-05-11 10:58:04,113.8,12290369
2021-05-11 10:58:05,113.8,12296604
2021-05-11 10:58:06,113.8,12297539
2021-05-11 10:58:07,113.75,12297687
2021-05-11 10:58:08,113.75,12297786
2021-05-11 10:58:09,113.8,12297912
2021-05-11 10:58:10,113.75,12298800
2021-05-11 10:58:11,113.8,12298985
2021-05-11 10:58:12,113.8,12299013
2021-05-11 10:58:13,113.8,12299319
2021-05-11 10:58:14,113.8,12300223
2021-05-11 10:58:15,113.8,12300616
2021-05-11 10:58:16,113.75,12300686
2021-05-11 10:58:17,113.8,12300696
2021-05-11 10:58:18,113.75,12300700
2021-05-11 10:58:19,113.75,12305896
2021-05-11 10:58:20,113.75,12307228
2021-05-11 10:58:21,113.75,12307427
2021-05-11 10:58:22,113.7,12311784
2021-05-11 10:58:23,113.75,12312438
2021-05-11 10:58:24,113.75,12313395
2021-05-11 10:58:25,113.7,12319083
2021-05-11 10:58:26,113.65,12324267
2021-05-11 10:58:27,113.75,12325044
2021-05-11 10:58:28,113.7,12325267
2021-05-11 10:58:29,113.7,12330966
2021-05-11 10:58:30,113.7,12332321
2021-05-11 10:58:31,113.7,12332524
2021-05-11 10:58:32,113.7,12332555
2021-05-11 10:58:33,113.7,12332559
2021-05-11 10:58:34,113.7,12333418
2021-05-11 10:58:35,113.7,12333758
2021-05-11 10:58:36,113.7,12333809
2021-05-11 10:58:37,113.7,12333817
2021-05-11 10:58:38,113.65,12338818
2021-05-11 10:58:39,113.7,12340427
2021-05-11 10:58:40,113.7,12340668
2021-05-11 10:58:41,113.7,12341281
2021-05-11 10:58:42,113.7,12342073
2021-05-11 10:58:43,113.65,12352192
2021-05-11 10:58:44,113.7,12363790
2021-05-11 10:58:45,113.7,12365792
2021-05-11 10:58:46,113.7,12366092
2021-05-11 10:58:47,113.7,12366137
2021-05-11 10:58:48,113.7,12371145
2021-05-11 10:58:50,113.7,12373441
2021-05-11 10:58:51,113.7,12373603
2021-05-11 10:58:53,113.65,12376992
2021-05-11 10:58:54,113.65,12378948
2021-05-11 10:58:55,113.65,12379344
2021-05-11 10:58:56,113.65,12379404
2021-05-11 10:58:57,113.65,12379413
2021-05-11 10:58:58,113.65,12406416
2021-05-11 10:58:59,113.65,12411326
2021-05-11 10:59:00,113.6,12412469
2021-05-11 10:59:01,113.6,12412651
2021-05-11 10:59:02,113.6,12412678
2021-05-11 10:59:03,113.6,12412682
2021-05-11 10:59:04,113.6,12413541
2021-05-11 10:59:05,113.6,12413676
2021-05-11 10:59:06,113.55,12413704
2021-05-11 10:59:07,113.6,12415708
2021-05-11 10:59:08,113.6,12416293
2021-05-11 10:59:09,113.6,12417239
2021-05-11 10:59:10,113.6,12417381
2021-05-11 10:59:11,113.55,12417422
2021-05-11 10:59:12,113.55,12418380
2021-05-11 10:59:13,113.6,12418523
2021-05-11 10:59:16,113.6,12420248
2021-05-11 10:59:17,113.55,12420273
2021-05-11 10:59:18,113.55,12422777
2021-05-11 10:59:19,113.6,12424011
2021-05-11 10:59:20,113.6,12424196
2021-05-11 10:59:21,113.5,12424332
2021-05-11 10:59:22,113.5,12424442
2021-05-11 10:59:23,113.5,12449459
2021-05-11 10:59:24,113.6,12454069
2021-05-11 10:59:25,113.55,12454962
2021-05-11 10:59:26,113.6,12455297
2021-05-11 10:59:27,113.6,12455347
2021-05-11 10:59:28,113.6,12455354
2021-05-11 10:59:29,113.6,12456216
2021-05-11 10:59:30,113.6,12456348
2021-05-11 10:59:31,113.6,12456367
2021-05-11 10:59:32,113.5,12456770
2021-05-11 10:59:33,113.6,12457222
2021-05-11 10:59:34,113.6,12459150
2021-05-11 10:59:35,113.55,12459452
2021-05-11 10:59:36,113.55,12460379
2021-05-11 10:59:37,113.6,12460518
2021-05-11 10:59:40,113.6,12467400
2021-05-11 10:59:40,113.6,12468429
2021-05-11 10:59:41,113.55,12469782
2021-05-11 10:59:43,113.6,12469985
2021-05-11 10:59:43,113.6,12470015
2021-05-11 10:59:44,113.6,12470887
2021-05-11 10:59:45,113.6,12471494
2021-05-11 10:59:47,113.6,12471829
2021-05-11 10:59:47,113.6,12471785
2021-05-11 10:59:49,113.55,12475301
2021-05-11 10:59:49,113.6,12476679
2021-05-11 10:59:50,113.6,12476886
2021-05-11 10:59:51,113.6,12476918
2021-05-11 10:59:52,113.55,12476932
2021-05-11 10:59:53,113.6,12476940
2021-05-11 10:59:54,113.6,12477799
2021-05-11 10:59:55,113.55,12477954
2021-05-11 10:59:56,113.55,12477979
2021-05-11 10:59:57,113.6,12477983
2021-05-11 10:59:58,113.6,12477984
2021-05-11 10:59:59,113.6,12479304
2021-05-11 11:00:00,113.6,12480250
2021-05-11 11:00:01,113.55,12480642
2021-05-11 11:00:03,113.6,12480701
2021-05-11 11:00:03,113.55,12480710
2021-05-11 11:00:04,113.6,12481570
2021-05-11 11:00:05,113.55,12481700
2021-05-11 11:00:06,113.6,12481719
2021-05-11 11:00:07,113.6,12481722
2021-05-11 11:00:08,113.6,12482454
2021-05-11 11:00:10,113.55,12484646
2021-05-11 11:00:10,113.6,12485704
2021-05-11 11:00:11,113.6,12485863
2021-05-11 11:00:13,113.55,12486037
2021-05-11 11:00:13,113.6,12486063
2021-05-11 11:00:14,113.6,12486925
2021-05-11 11:00:15,113.6,12487855
2021-05-11 11:00:16,113.6,12487994
2021-05-11 11:00:17,113.55,12488016
2021-05-11 11:00:18,113.55,12488064
2021-05-11 11:00:19,113.55,12491421
2021-05-11 11:00:20,113.6,12493045
2021-05-11 11:00:21,113.55,12493297
2021-05-11 11:00:22,113.6,12493335
2021-05-11 11:00:23,113.55,12493745
2021-05-11 11:00:24,113.6,12496666
2021-05-11 11:00:25,113.55,12501108
2021-05-11 11:00:26,113.6,12501774
2021-05-11 11:00:27,113.6,12501874
2021-05-11 11:00:29,113.6,12503250
2021-05-11 11:00:29,113.55,12503558
2021-05-11 11:00:30,113.6,12503614
2021-05-11 11:00:31,113.6,12503622
2021-05-11 11:00:32,113.6,12503624
2021-05-11 11:00:33,113.55,12503824
2021-05-11 11:00:34,113.6,12504712
2021-05-11 11:00:35,113.55,12504847
2021-05-11 11:00:36,113.55,12504894
2021-05-11 11:00:37,113.6,12504911
2021-05-11 11:00:38,113.6,12504914
2021-05-11 11:00:39,113.6,12506482
2021-05-11 11:00:40,113.55,12506719
2021-05-11 11:00:42,113.6,12506771
2021-05-11 11:00:42,113.55,12506764
2021-05-11 11:00:43,113.55,12506972
2021-05-11 11:00:44,113.6,12507862
2021-05-11 11:00:45,113.55,12507998
2021-05-11 11:00:46,113.6,12508218
2021-05-11 11:00:47,113.6,12508251
2021-05-11 11:00:49,113.6,12509115
2021-05-11 11:00:50,113.6,12509243
2021-05-11 11:00:51,113.6,12509263
2021-05-11 11:00:52,113.55,12509274
2021-05-11 11:00:53,113.55,12509286
2021-05-11 11:00:54,113.6,12510288
2021-05-11 11:00:57,113.6,12511507
2021-05-11 11:00:58,113.6,12511531
2021-05-11 11:00:58,113.6,12511535
2021-05-11 11:01:00,113.55,12514420
2021-05-11 11:01:01,113.65,12533916
2021-05-11 11:01:02,113.65,12536859
2021-05-11 11:01:04,113.65,12542821
2021-05-11 11:01:05,113.6,12543050
2021-05-11 11:01:06,113.6,12543236
2021-05-11 11:01:07,113.65,12543264
2021-05-11 11:01:08,113.65,12543268
2021-05-11 11:01:09,113.65,12544126
2021-05-11 11:01:10,113.65,12544547
2021-05-11 11:01:11,113.6,12544710
2021-05-11 11:01:12,113.6,12544736
2021-05-11 11:01:13,113.65,12544930
2021-05-11 11:01:14,113.65,12545866
2021-05-11 11:01:15,113.6,12546008
2021-05-11 11:01:16,113.6,12549226
2021-05-11 11:01:17,113.6,12549730
2021-05-11 11:01:18,113.65,12549806
2021-05-11 11:01:19,113.65,12550686
2021-05-11 11:01:20,113.6,12550826
2021-05-11 11:01:21,113.65,12550894
2021-05-11 11:01:22,113.6,12550915
2021-05-11 11:01:23,113.65,12550926
2021-05-11 11:01:24,113.65,12551986
2021-05-11 11:01:25,113.6,12552148
2021-05-11 11:01:26,113.6,12577215
2021-05-11 11:01:28,113.6,12581144
2021-05-11 11:01:29,113.65,12582799
2021-05-11 11:01:28,113.65,12581837
2021-05-11 11:01:30,113.6,12583419
2021-05-11 11:01:31,113.65,12583512
2021-05-11 11:01:32,113.65,12583526
2021-05-11 11:01:33,113.65,12583628
2021-05-11 11:01:34,113.6,12584504
2021-05-11 11:01:35,113.6,12588261
2021-05-11 11:01:36,113.65,12588824
2021-05-11 11:01:37,113.65,12588909
2021-05-11 11:01:38,113.65,12588922
2021-05-11 11:01:39,113.65,12589782
2021-05-11 11:01:40,113.6,12589962
2021-05-11 11:01:41,113.65,12589990
2021-05-11 11:01:42,113.65,12589994
2021-05-11 11:01:43,113.6,12590745
2021-05-11 11:01:44,113.65,12591716
2021-05-11 11:01:45,113.6,12591878
2021-05-11 11:01:46,113.65,12591952
2021-05-11 11:01:47,113.6,12591964
2021-05-11 11:01:48,113.65,12591966
2021-05-11 11:01:49,113.65,12592826
2021-05-11 11:01:50,113.6,12592962
2021-05-11 11:01:53,113.55,12594784
2021-05-11 11:01:54,113.6,12595949
2021-05-11 11:01:56,113.55,12595997
2021-05-11 11:01:57,113.55,12596545
2021-05-11 11:01:58,113.6,12596627
2021-05-11 11:01:59,113.6,12596684
2021-05-11 11:01:59,113.6,12597886
2021-05-11 11:02:01,113.55,12598076
2021-05-11 11:02:02,113.55,12598107
2021-05-11 11:02:02,113.6,12598111
2021-05-11 11:02:03,113.55,12598253
2021-05-11 11:02:04,113.6,12599230
2021-05-11 11:02:05,113.55,12599685
2021-05-11 11:02:07,113.55,12599787
2021-05-11 11:02:08,113.55,12599811
2021-05-11 11:02:09,113.55,12599865
2021-05-11 11:02:10,113.6,12600731
2021-05-11 11:02:10,113.65,12600861
2021-05-11 11:02:11,113.6,12600880
2021-05-11 11:02:12,113.6,12601194
2021-05-11 11:02:14,113.65,12601241
2021-05-11 11:02:15,113.6,12602109
2021-05-11 11:02:16,113.65,12602440
2021-05-11 11:02:17,113.6,12607612
2021-05-11 11:02:18,113.6,12608625
2021-05-11 11:02:18,113.6,12608493
2021-05-11 11:02:19,113.65,12610339
2021-05-11 11:02:20,113.55,12610604
2021-05-11 11:02:22,113.65,12610945
2021-05-11 11:02:23,113.55,12611005
2021-05-11 11:02:23,113.65,12611014
2021-05-11 11:02:25,113.6,12611874
2021-05-11 11:02:28,113.55,12614408
2021-05-11 11:02:31,113.6,12615993
2021-05-11 11:02:34,113.6,12617090
2021-05-11 11:02:41,113.6,12624346
2021-05-11 11:02:44,113.55,12626164
2021-05-11 11:02:47,113.55,12630767
2021-05-11 11:02:51,113.55,12636642
2021-05-11 11:02:54,113.6,12638493
2021-05-11 11:02:56,113.55,12638773
2021-05-11 11:02:59,113.6,12644010
2021-05-11 11:03:02,113.5,12644998
2021-05-11 11:03:05,113.55,12646006
2021-05-11 11:03:07,113.6,12646746
2021-05-11 11:03:10,113.6,12647751
2021-05-11 11:03:13,113.6,12648102
2021-05-11 11:03:15,113.5,12654320
2021-05-11 11:03:18,113.55,12656258
2021-05-11 11:03:21,113.55,12668425
2021-05-11 11:03:24,113.6,12671450
2021-05-11 11:03:27,113.55,12674264
2021-05-11 11:03:30,113.55,12676045
2021-05-11 11:03:33,113.55,12680363
2021-05-11 11:03:36,113.6,12681899
2021-05-11 11:03:39,113.6,12683528
2021-05-11 11:03:42,113.6,12683819
2021-05-11 11:03:45,113.55,12684822
2021-05-11 11:03:48,113.55,12685134
2021-05-11 11:03:51,113.55,12686043
2021-05-11 11:03:54,113.6,12687165
2021-05-11 11:03:56,113.55,12687545
2021-05-11 11:03:59,113.6,12688471
2021-05-11 11:04:02,113.6,12688811
2021-05-11 11:04:04,113.6,12689720
2021-05-11 11:04:08,113.6,12690369
2021-05-11 11:04:11,113.6,12691625
