timestamp,ltp,volume
2021-05-11 09:07:21,220.0,31361
2021-05-11 09:15:00,219.95,31989
2021-05-11 09:15:08,219.7,61703
2021-05-11 09:15:16,218.6,95537
2021-05-11 09:15:24,218.8,108226
2021-05-11 09:15:37,218.85,133182
2021-05-11 09:15:44,218.9,149764
2021-05-11 09:15:50,219.25,160765
2021-05-11 09:15:57,219.65,176162
2021-05-11 09:16:03,219.55,182524
2021-05-11 09:16:09,219.7,189015
2021-05-11 09:16:21,219.8,208923
2021-05-11 09:16:27,219.5,218707
2021-05-11 09:16:33,219.65,224775
2021-05-11 09:16:39,219.45,231757
2021-05-11 09:16:44,219.4,234863
2021-05-11 09:16:50,219.45,236903
2021-05-11 09:16:56,219.55,240426
2021-05-11 09:17:02,219.45,242528
2021-05-11 09:17:07,219.5,246026
2021-05-11 09:17:13,219.75,255343
2021-05-11 09:17:19,219.65,259299
2021-05-11 09:17:25,219.65,260451
2021-05-11 09:17:36,219.35,272882
2021-05-11 09:17:42,219.6,276129
2021-05-11 09:17:48,219.6,282213
2021-05-11 09:17:53,219.8,290283
2021-05-11 09:17:59,219.95,293876
2021-05-11 09:18:04,219.95,300936
2021-05-11 09:18:10,220.0,338068
2021-05-11 09:18:16,220.0,362261
2021-05-11 09:18:21,220.0,373143
2021-05-11 09:18:27,219.8,383379
2021-05-11 09:18:32,219.75,390431
2021-05-11 09:18:38,220.0,395811
2021-05-11 09:18:43,219.95,433353
2021-05-11 09:18:49,220.0,448288
2021-05-11 09:18:54,220.0,459726
2021-05-11 09:19:00,220.0,466505
2021-05-11 09:19:05,219.9,556316
2021-05-11 09:19:10,220.0,600719
2021-05-11 09:19:16,219.95,614709
2021-05-11 09:19:21,219.95,621420
2021-05-11 09:19:27,219.95,632075
2021-05-11 09:19:32,220.0,642980
2021-05-11 09:19:38,220.0,664413
2021-05-11 09:19:43,219.95,674017
2021-05-11 09:19:48,220.0,695493
2021-05-11 09:19:54,220.0,708607
2021-05-11 09:19:59,219.95,715089
2021-05-11 09:20:04,219.95,724635
2021-05-11 09:20:10,219.85,735708
2021-05-11 09:20:15,219.75,738815
2021-05-11 09:20:20,219.9,740573
2021-05-11 09:20:25,219.85,741008
2021-05-11 09:20:31,219.9,746459
2021-05-11 09:20:36,219.7,761650
2021-05-11 09:20:41,219.75,764508
2021-05-11 09:20:46,219.75,767424
2021-05-11 09:20:52,219.75,768385
2021-05-11 09:20:57,219.75,770089
2021-05-11 09:21:02,219.7,770809
2021-05-11 09:21:07,219.7,772916
2021-05-11 09:21:12,219.85,774850
2021-05-11 09:21:17,219.7,775823
2021-05-11 09:21:22,219.8,776476
2021-05-11 09:21:27,219.7,776579
2021-05-11 09:21:32,219.75,776976
2021-05-11 09:21:37,219.6,784844
2021-05-11 09:21:43,219.6,786130
2021-05-11 09:21:48,219.5,790362
2021-05-11 09:21:53,219.8,796856
2021-05-11 09:21:58,219.8,797923
2021-05-11 09:22:03,219.7,798170
2021-05-11 09:22:09,219.8,799285
2021-05-11 09:22:14,219.6,800803
2021-05-11 09:22:19,219.65,801941
2021-05-11 09:22:25,219.65,803476
2021-05-11 09:22:30,219.65,804166
2021-05-11 09:22:35,219.6,804462
2021-05-11 09:22:40,219.6,808716
2021-05-11 09:22:45,219.5,809414
2021-05-11 09:22:51,219.45,814152
2021-05-11 09:22:56,219.5,817509
2021-05-11 09:23:01,219.35,819032
2021-05-11 09:23:06,219.4,819460
2021-05-11 09:23:11,219.4,820332
2021-05-11 09:23:16,219.4,821456
2021-05-11 09:23:21,219.45,821995
2021-05-11 09:23:26,219.5,822571
2021-05-11 09:23:31,219.45,823125
2021-05-11 09:23:36,219.6,826875
2021-05-11 09:23:41,219.75,827838
2021-05-11 09:23:46,219.75,829682
2021-05-11 09:23:52,219.8,834648
2021-05-11 09:23:57,219.65,836254
2021-05-11 09:24:02,220.0,864469
2021-05-11 09:24:07,219.95,889241
2021-05-11 09:24:12,219.9,893939
2021-05-11 09:24:17,219.85,902145
2021-05-11 09:24:22,219.9,908695
2021-05-11 09:24:28,220.0,911470
2021-05-11 09:24:33,220.0,962782
2021-05-11 09:24:38,219.95,986800
2021-05-11 09:24:43,220.0,998274
2021-05-11 09:24:48,219.9,1026786
2021-05-11 09:24:53,219.85,1033496
2021-05-11 09:24:58,219.75,1036283
2021-05-11 09:25:03,219.55,1074937
2021-05-11 09:25:08,219.85,1079290
2021-05-11 09:25:14,219.85,1081700
2021-05-11 09:25:18,219.85,1082588
2021-05-11 09:25:24,219.85,1083822
2021-05-11 09:25:29,219.85,1084322
2021-05-11 09:25:34,219.6,1087483
2021-05-11 09:25:39,219.65,1088732
2021-05-11 09:25:45,219.6,1096785
2021-05-11 09:25:50,219.55,1098082
2021-05-11 09:26:05,219.6,1101126
2021-05-11 09:26:09,219.4,1102038
2021-05-11 09:26:14,219.45,1107278
2021-05-11 09:26:19,219.3,1108929
2021-05-11 09:26:24,219.65,1113589
2021-05-11 09:26:30,219.55,1117522
2021-05-11 09:26:35,219.6,1120716
2021-05-11 09:26:40,219.6,1121757
2021-05-11 09:26:44,219.7,1126437
2021-05-11 09:26:49,219.85,1131741
2021-05-11 09:26:54,219.8,1134902
2021-05-11 09:26:58,219.85,1140210
2021-05-11 09:27:03,219.8,1142821
2021-05-11 09:27:08,219.85,1143814
2021-05-11 09:27:12,219.85,1144718
2021-05-11 09:27:17,219.8,1145083
2021-05-11 09:27:22,219.7,1146447
2021-05-11 09:27:27,219.75,1146682
2021-05-11 09:27:32,219.75,1147033
2021-05-11 09:27:37,219.75,1147998
2021-05-11 09:27:41,219.75,1148500
2021-05-11 09:27:46,219.8,1149534
2021-05-11 09:27:51,219.65,1159789
2021-05-11 09:27:55,219.75,1161671
2021-05-11 09:28:00,219.7,1162789
2021-05-11 09:28:04,219.75,1165077
2021-05-11 09:28:09,219.7,1165975
2021-05-11 09:28:14,219.7,1167181
2021-05-11 09:28:19,219.7,1169511
2021-05-11 09:28:23,219.7,1170219
2021-05-11 09:28:28,219.6,1170949
2021-05-11 09:28:32,219.65,1171339
2021-05-11 09:28:37,219.75,1173249
2021-05-11 09:28:41,219.85,1173536
2021-05-11 09:28:46,219.8,1173939
2021-05-11 09:28:51,219.75,1174726
2021-05-11 09:28:55,219.8,1176792
2021-05-11 09:29:00,219.85,1177229
2021-05-11 09:29:04,219.95,1178391
2021-05-11 09:29:09,219.9,1187227
2021-05-11 09:29:13,220.0,1193108
2021-05-11 09:29:17,219.95,1193976
2021-05-11 09:29:22,219.95,1194459
2021-05-11 09:29:26,219.85,1197225
2021-05-11 09:29:31,219.9,1198394
2021-05-11 09:29:35,219.8,1198678
2021-05-11 09:29:39,219.9,1199228
2021-05-11 09:29:44,219.8,1199652
2021-05-11 09:29:48,219.95,1202259
2021-05-11 09:29:53,219.9,1203715
2021-05-11 09:29:57,220.0,1207583
2021-05-11 09:30:01,220.0,1209324
2021-05-11 09:30:07,220.0,1209606
2021-05-11 09:30:11,219.9,1209950
2021-05-11 09:30:16,219.9,1210507
2021-05-11 09:30:21,219.9,1238095
2021-05-11 09:30:25,219.8,1250826
2021-05-11 09:30:30,219.7,1252917
2021-05-11 09:30:35,219.85,1258845
2021-05-11 09:30:39,219.8,1261868
2021-05-11 09:30:44,220.0,1262577
2021-05-11 09:30:49,220.0,1266717
2021-05-11 09:30:53,220.0,1267876
2021-05-11 09:30:58,220.0,1268155
2021-05-11 09:31:02,220.0,1275310
2021-05-11 09:31:07,220.0,1276955
2021-05-11 09:31:12,219.9,1282511
2021-05-11 09:31:17,219.95,1283806
2021-05-11 09:31:22,219.95,1285791
2021-05-11 09:31:27,219.95,1287115
2021-05-11 09:31:31,219.95,1292392
2021-05-11 09:31:36,219.95,1301709
2021-05-11 09:31:40,220.0,1302702
2021-05-11 09:31:45,219.95,1303253
2021-05-11 09:31:49,220.0,1307631
2021-05-11 09:31:54,220.0,1313195
2021-05-11 09:31:58,219.85,1316316
2021-05-11 09:32:03,219.9,1323363
2021-05-11 09:32:08,219.9,1331142
2021-05-11 09:32:13,219.85,1332732
2021-05-11 09:32:17,219.9,1347468
2021-05-11 09:32:22,219.85,1350129
2021-05-11 09:32:31,219.95,1355225
2021-05-11 09:32:36,219.9,1357741
2021-05-11 09:32:41,219.75,1361491
2021-05-11 09:32:46,219.9,1364345
2021-05-11 09:32:51,219.95,1371145
2021-05-11 09:32:55,220.2,1394541
2021-05-11 09:33:00,219.95,1399676
2021-05-11 09:33:05,220.15,1405403
2021-05-11 09:33:09,220.25,1420384
2021-05-11 09:33:14,220.25,1425282
2021-05-11 09:33:19,220.8,1445972
2021-05-11 09:33:23,220.75,1447023
2021-05-11 09:33:28,220.6,1452113
2021-05-11 09:33:33,220.5,1460926
2021-05-11 09:33:38,220.55,1470572
2021-05-11 09:33:43,220.6,1474009
2021-05-11 09:33:48,220.55,1477552
2021-05-11 09:33:53,220.4,1481099
2021-05-11 09:33:57,220.65,1499080
2021-05-11 09:34:02,220.5,1501050
2021-05-11 09:34:07,220.55,1507005
2021-05-11 09:34:11,220.45,1510851
2021-05-11 09:34:20,220.7,1522006
2021-05-11 09:34:24,220.7,1522583
2021-05-11 09:34:28,220.5,1543460
2021-05-11 09:34:33,220.5,1550076
2021-05-11 09:34:37,220.35,1555104
2021-05-11 09:34:42,220.45,1559877
2021-05-11 09:34:46,220.55,1561457
2021-05-11 09:34:50,220.45,1564616
2021-05-11 09:34:55,220.4,1569608
2021-05-11 09:35:00,220.5,1570010
2021-05-11 09:35:04,220.5,1571212
2021-05-11 09:35:09,220.5,1574462
2021-05-11 09:35:14,220.45,1575693
2021-05-11 09:35:18,220.45,1576030
2021-05-11 09:35:23,220.7,1578592
2021-05-11 09:35:28,220.8,1581837
2021-05-11 09:35:32,220.65,1582365
2021-05-11 09:35:36,220.8,1582638
2021-05-11 09:35:40,220.8,1584732
2021-05-11 09:35:45,220.95,1588527
2021-05-11 09:35:49,220.85,1589048
2021-05-11 09:35:54,220.95,1593814
2021-05-11 09:35:58,220.95,1596161
2021-05-11 09:36:02,220.7,1608777
2021-05-11 09:36:07,220.8,1614019
2021-05-11 09:36:11,220.8,1615043
2021-05-11 09:36:16,220.85,1616054
2021-05-11 09:36:20,220.8,1618834
2021-05-11 09:36:25,220.85,1624833
2021-05-11 09:36:30,220.8,1626336
2021-05-11 09:36:34,220.8,1627619
2021-05-11 09:36:39,220.85,1632769
2021-05-11 09:36:44,220.85,1634156
2021-05-11 09:36:48,220.85,1634652
2021-05-11 09:36:52,220.85,1634908
2021-05-11 09:36:57,220.85,1637957
2021-05-11 09:37:02,220.75,1638654
2021-05-11 09:37:06,220.85,1639753
2021-05-11 09:37:11,220.85,1640343
2021-05-11 09:37:15,221.15,1658954
2021-05-11 09:37:20,221.25,1666650
2021-05-11 09:37:23,221.15,1675614
2021-05-11 09:37:24,221.2,1677114
2021-05-11 09:37:25,221.2,1677114
2021-05-11 09:37:26,221.15,1678127
2021-05-11 09:37:27,221.15,1678401
2021-05-11 09:37:28,221.15,1678742
2021-05-11 09:37:30,221.15,1679328
2021-05-11 09:37:30,221.15,1679458
2021-05-11 09:37:31,221.15,1679728
2021-05-11 09:37:32,221.15,1681523
2021-05-11 09:37:33,221.15,1694298
2021-05-11 09:37:34,221.15,1694302
2021-05-11 09:37:35,221.15,1694412
2021-05-11 09:37:36,221.2,1694562
2021-05-11 09:37:37,221.15,1694570
2021-05-11 09:37:38,221.15,1694599
2021-05-11 09:37:39,221.2,1698004
2021-05-11 09:37:40,221.2,1698337
2021-05-11 09:37:41,221.2,1698588
2021-05-11 09:37:42,221.15,1700842
2021-05-11 09:37:43,221.25,1704327
2021-05-11 09:37:44,221.25,1704357
2021-05-11 09:37:45,221.2,1704492
2021-05-11 09:37:46,221.2,1704636
2021-05-11 09:37:47,221.2,1704652
2021-05-11 09:37:48,221.15,1705269
2021-05-11 09:37:49,221.05,1706264
2021-05-11 09:37:51,221.0,1709159
2021-05-11 09:37:52,221.0,1712698
2021-05-11 09:37:53,221.0,1713274
2021-05-11 09:37:54,221.15,1713474
2021-05-11 09:37:55,221.15,1714031
2021-05-11 09:37:56,221.15,1714111
2021-05-11 09:37:58,221.0,1714153
2021-05-11 09:37:59,221.1,1714267
2021-05-11 09:37:59,221.15,1714807
2021-05-11 09:38:00,221.05,1718162
2021-05-11 09:38:01,221.2,1718303
2021-05-11 09:38:02,221.0,1718612
2021-05-11 09:38:03,221.15,1719023
2021-05-11 09:38:05,221.1,1719391
2021-05-11 09:38:06,221.15,1720011
2021-05-11 09:38:07,221.15,1720438
2021-05-11 09:38:08,221.15,1720953
2021-05-11 09:38:09,221.15,1721274
2021-05-11 09:38:11,221.15,1721466
2021-05-11 09:38:12,221.05,1721641
2021-05-11 09:38:12,221.05,1721641
2021-05-11 09:38:14,221.1,1722718
2021-05-11 09:38:16,221.1,1723919
2021-05-11 09:38:16,221.1,1724370
2021-05-11 09:38:17,221.1,1724442
2021-05-11 09:38:19,221.1,1725379
2021-05-11 09:38:20,221.1,1725642
2021-05-11 09:38:21,221.15,1728003
2021-05-11 09:38:22,221.2,1728004
2021-05-11 09:38:23,221.2,1728481
2021-05-11 09:38:23,221.2,1728512
2021-05-11 09:38:24,221.2,1728966
2021-05-11 09:38:25,221.25,1732885
2021-05-11 09:38:27,221.2,1734331
2021-05-11 09:38:27,221.2,1734483
2021-05-11 09:38:28,221.2,1734645
2021-05-11 09:38:29,221.3,1734861
2021-05-11 09:38:30,221.3,1735312
2021-05-11 09:38:31,221.25,1735525
2021-05-11 09:38:32,221.3,1735628
2021-05-11 09:38:33,221.25,1737634
2021-05-11 09:38:34,221.25,1738185
2021-05-11 09:38:35,221.25,1738196
2021-05-11 09:38:36,221.3,1739400
2021-05-11 09:38:37,221.45,1744331
2021-05-11 09:38:38,221.35,1745636
2021-05-11 09:38:39,221.45,1745638
2021-05-11 09:38:40,221.4,1745645
2021-05-11 09:38:41,221.4,1746459
2021-05-11 09:38:42,221.35,1746558
2021-05-11 09:38:44,221.4,1747128
2021-05-11 09:38:45,221.4,1747874
2021-05-11 09:38:46,221.3,1758157
2021-05-11 09:38:47,221.2,1758313
2021-05-11 09:38:48,221.35,1758314
2021-05-11 09:38:49,221.3,1759818
2021-05-11 09:38:50,221.3,1761486
2021-05-11 09:38:52,221.4,1764834
2021-05-11 09:38:52,221.4,1765235
2021-05-11 09:38:54,221.3,1765733
2021-05-11 09:38:55,221.4,1766436
2021-05-11 09:38:56,221.4,1766438
2021-05-11 09:38:56,221.35,1766439
2021-05-11 09:38:57,221.4,1766939
2021-05-11 09:38:58,221.4,1775153
2021-05-11 09:38:59,221.4,1775282
2021-05-11 09:39:00,221.35,1777497
2021-05-11 09:39:01,221.4,1778599
2021-05-11 09:39:02,221.25,1783096
2021-05-11 09:39:03,221.25,1786446
2021-05-11 09:39:04,221.25,1786446
2021-05-11 09:39:05,221.4,1786696
2021-05-11 09:39:06,221.4,1786752
2021-05-11 09:39:07,221.4,1788661
2021-05-11 09:39:08,221.5,1795662
2021-05-11 09:39:09,221.35,1795887
2021-05-11 09:39:10,221.35,1795887
2021-05-11 09:39:11,221.5,1797487
2021-05-11 09:39:12,221.4,1797520
2021-05-11 09:39:13,221.4,1797520
2021-05-11 09:39:14,221.4,1797665
2021-05-11 09:39:15,221.5,1797666
2021-05-11 09:39:17,221.5,1804507
2021-05-11 09:39:18,221.5,1807417
2021-05-11 09:39:19,221.4,1808257
2021-05-11 09:39:20,221.5,1808545
2021-05-11 09:39:21,221.55,1815371
2021-05-11 09:39:21,221.55,1815371
2021-05-11 09:39:22,221.5,1815461
2021-05-11 09:39:23,221.55,1815511
2021-05-11 09:39:24,221.55,1815704
2021-05-11 09:39:25,221.7,1821896
2021-05-11 09:39:26,221.55,1821951
2021-05-11 09:39:27,221.75,1824184
2021-05-11 09:39:28,221.8,1825003
2021-05-11 09:39:30,221.75,1825499
2021-05-11 09:39:31,221.75,1828128
2021-05-11 09:39:31,221.75,1828093
2021-05-11 09:39:33,221.8,1828478
2021-05-11 09:39:34,221.8,1828698
2021-05-11 09:39:35,221.8,1828738
2021-05-11 09:39:35,221.8,1828738
2021-05-11 09:39:36,221.8,1829536
2021-05-11 09:39:37,221.85,1829636
2021-05-11 09:39:38,221.8,1829786
2021-05-11 09:39:39,221.8,1829786
2021-05-11 09:39:40,221.85,1830787
2021-05-11 09:39:41,221.85,1831552
2021-05-11 09:39:42,221.85,1831962
2021-05-11 09:39:43,221.8,1832262
2021-05-11 09:39:45,221.8,1836252
2021-05-11 09:39:45,221.75,1836277
2021-05-11 09:39:47,221.7,1839971
2021-05-11 09:39:47,221.75,1839995
2021-05-11 09:39:48,221.5,1847834
2021-05-11 09:39:49,221.5,1848924
2021-05-11 09:39:51,221.55,1849924
2021-05-11 09:39:51,221.45,1850270
2021-05-11 09:39:52,221.55,1851167
2021-05-11 09:39:53,221.5,1855594
2021-05-11 09:39:54,221.55,1856143
2021-05-11 09:39:55,221.5,1856676
2021-05-11 09:39:58,221.5,1857579
2021-05-11 09:39:58,221.45,1857628
2021-05-11 09:39:59,221.4,1858178
2021-05-11 09:40:00,221.5,1858291
2021-05-11 09:40:01,221.4,1859291
2021-05-11 09:40:03,221.5,1859891
2021-05-11 09:40:03,221.4,1862361
2021-05-11 09:40:04,221.5,1862477
2021-05-11 09:40:05,221.5,1863477
2021-05-11 09:40:07,221.5,1864136
2021-05-11 09:40:08,221.5,1864336
2021-05-11 09:40:09,221.5,1866483
2021-05-11 09:40:09,221.5,1866592
2021-05-11 09:40:10,221.5,1867428
2021-05-11 09:40:11,221.65,1869081
2021-05-11 09:40:13,221.65,1869271
2021-05-11 09:40:14,221.65,1869271
2021-05-11 09:40:15,221.55,1869445
2021-05-11 09:40:16,221.6,1870270
2021-05-11 09:40:17,221.65,1870800
2021-05-11 09:40:18,221.6,1871845
2021-05-11 09:40:19,221.65,1872200
2021-05-11 09:40:20,221.65,1872211
2021-05-11 09:40:20,221.5,1893769
2021-05-11 09:40:21,221.55,1894516
2021-05-11 09:40:22,221.55,1895622
2021-05-11 09:40:23,221.55,1895866
2021-05-11 09:40:25,221.55,1896636
2021-05-11 09:40:26,221.6,1905940
2021-05-11 09:40:27,221.5,1906623
2021-05-11 09:40:28,221.6,1906754
2021-05-11 09:40:29,221.65,1907703
2021-05-11 09:40:30,221.65,1907703
2021-05-11 09:40:31,221.65,1907708
2021-05-11 09:40:32,221.65,1908108
2021-05-11 09:40:33,221.55,1908769
2021-05-11 09:40:34,221.6,1908923
2021-05-11 09:40:35,221.65,1908948
2021-05-11 09:40:36,221.65,1909043
2021-05-11 09:40:37,221.65,1909645
2021-05-11 09:40:37,221.6,1909646
2021-05-11 09:40:38,221.55,1910601
2021-05-11 09:40:39,221.65,1911101
2021-05-11 09:40:40,221.65,1911301
2021-05-11 09:40:42,221.65,1911911
2021-05-11 09:40:43,221.55,1912231
2021-05-11 09:40:44,221.65,1913006
2021-05-11 09:40:44,221.65,1913006
2021-05-11 09:40:47,221.65,1913351
2021-05-11 09:40:48,221.4,1924877
2021-05-11 09:40:49,221.5,1930428
2021-05-11 09:40:50,221.5,1930818
2021-05-11 09:40:51,221.2,2042974
2021-05-11 09:40:52,221.3,2043284
2021-05-11 09:40:53,221.1,2050284
2021-05-11 09:40:54,221.3,2050924
2021-05-11 09:40:55,221.3,2055799
2021-05-11 09:40:56,221.2,2056154
2021-05-11 09:40:57,221.0,2096664
2021-05-11 09:40:57,221.0,2096664
2021-05-11 09:40:58,221.1,2097258
2021-05-11 09:40:59,221.05,2097842
2021-05-11 09:41:00,221.15,2097942
2021-05-11 09:41:02,221.15,2099140
2021-05-11 09:41:02,221.05,2099210
2021-05-11 09:41:03,221.05,2099522
2021-05-11 09:41:05,221.15,2100187
2021-05-11 09:41:06,221.15,2100352
2021-05-11 09:41:07,221.15,2100552
2021-05-11 09:41:08,221.1,2100602
2021-05-11 09:41:09,221.15,2101742
2021-05-11 09:41:10,221.2,2103242
2021-05-11 09:41:12,221.25,2104244
2021-05-11 09:41:12,221.25,2104244
2021-05-11 09:41:13,221.3,2104471
2021-05-11 09:41:14,221.3,2104996
2021-05-11 09:41:16,221.25,2105643
2021-05-11 09:41:16,221.25,2105878
2021-05-11 09:41:17,221.25,2107682
2021-05-11 09:41:19,221.2,2110757
2021-05-11 09:41:20,221.35,2112457
2021-05-11 09:41:21,221.3,2112557
2021-05-11 09:41:22,221.25,2112780
2021-05-11 09:41:23,221.35,2112850
2021-05-11 09:41:24,221.25,2113075
2021-05-11 09:41:25,221.2,2113499
2021-05-11 09:41:26,221.2,2114911
2021-05-11 09:41:27,221.2,2114911
2021-05-11 09:41:28,221.25,2114986
2021-05-11 09:41:29,221.15,2115345
2021-05-11 09:41:30,221.15,2119324
2021-05-11 09:41:30,221.1,2119431
2021-05-11 09:41:31,221.1,2119946
2021-05-11 09:41:32,221.1,2119946
2021-05-11 09:41:34,221.0,2124992
2021-05-11 09:41:35,221.0,2131017
2021-05-11 09:41:36,221.0,2135563
2021-05-11 09:41:36,221.15,2135870
2021-05-11 09:41:37,221.15,2135915
2021-05-11 09:41:38,221.0,2137957
2021-05-11 09:41:39,221.1,2140373
2021-05-11 09:41:41,221.0,2140423
2021-05-11 09:41:42,221.0,2142839
2021-05-11 09:41:42,221.05,2150245
2021-05-11 09:41:44,221.0,2151310
2021-05-11 09:41:45,220.95,2151328
2021-05-11 09:41:46,220.85,2155158
2021-05-11 09:41:47,220.95,2155288
2021-05-11 09:41:48,220.95,2155988
2021-05-11 09:41:48,220.95,2155988
2021-05-11 09:41:50,220.95,2156103
2021-05-11 09:41:51,221.25,2169701
2021-05-11 09:41:52,221.25,2169701
2021-05-11 09:41:53,221.2,2169732
2021-05-11 09:41:54,221.2,2170192
2021-05-11 09:41:55,221.15,2174654
2021-05-11 09:41:56,221.15,2174654
2021-05-11 09:41:57,221.1,2174755
2021-05-11 09:41:58,221.0,2174764
2021-05-11 09:41:59,221.05,2177052
2021-05-11 09:42:00,221.1,2177082
2021-05-11 09:42:00,221.05,2177282
2021-05-11 09:42:02,221.0,2177857
2021-05-11 09:42:03,221.0,2178658
2021-05-11 09:42:04,221.05,2179658
2021-05-11 09:42:05,221.0,2182468
2021-05-11 09:42:06,221.0,2182518
2021-05-11 09:42:07,221.0,2185658
2021-05-11 09:42:09,220.85,2187747
2021-05-11 09:42:10,221.0,2187767
2021-05-11 09:42:11,220.85,2188190
2021-05-11 09:42:12,221.0,2190401
2021-05-11 09:42:13,220.8,2192615
2021-05-11 09:42:14,220.8,2192713
2021-05-11 09:42:15,220.8,2194753
2021-05-11 09:42:16,220.9,2199053
2021-05-11 09:42:17,220.75,2199189
2021-05-11 09:42:18,220.75,2202031
2021-05-11 09:42:19,220.7,2202122
2021-05-11 09:42:20,220.9,2203372
2021-05-11 09:42:21,220.7,2203392
2021-05-11 09:42:22,220.7,2203392
2021-05-11 09:42:23,220.8,2205906
2021-05-11 09:42:25,220.6,2209624
2021-05-11 09:42:26,220.8,2209649
2021-05-11 09:42:27,220.85,2209969
2021-05-11 09:42:28,220.8,2212058
2021-05-11 09:42:29,220.8,2212162
2021-05-11 09:42:31,220.6,2214301
2021-05-11 09:42:30,220.6,2214301
2021-05-11 09:42:32,220.7,2214371
2021-05-11 09:42:33,220.7,2214371
2021-05-11 09:42:34,220.5,2220600
2021-05-11 09:42:35,220.65,2220893
2021-05-11 09:42:36,220.45,2224262
2021-05-11 09:42:37,220.4,2224532
2021-05-11 09:42:38,220.5,2224533
2021-05-11 09:42:39,220.4,2224613
2021-05-11 09:42:40,220.5,2225263
2021-05-11 09:42:41,220.4,2225283
2021-05-11 09:42:42,220.5,2227625
2021-05-11 09:42:43,220.5,2227731
2021-05-11 09:42:44,220.45,2230065
2021-05-11 09:42:45,220.55,2237662
2021-05-11 09:42:46,220.6,2239348
2021-05-11 09:42:47,220.5,2241898
2021-05-11 09:42:48,220.5,2242793
2021-05-11 09:42:49,220.3,2245527
2021-05-11 09:42:50,220.45,2245728
2021-05-11 09:42:51,220.4,2245797
2021-05-11 09:42:52,220.5,2246497
2021-05-11 09:42:53,220.5,2246497
2021-05-11 09:42:54,220.5,2246497
2021-05-11 09:42:55,220.35,2246597
2021-05-11 09:42:56,220.3,2246697
2021-05-11 09:42:57,220.3,2246697
2021-05-11 09:42:58,220.3,2246697
2021-05-11 09:42:59,220.45,2246865
2021-05-11 09:43:00,220.4,2250565
2021-05-11 09:43:01,220.35,2250578
2021-05-11 09:43:02,220.35,2251925
2021-05-11 09:43:03,220.35,2252406
2021-05-11 09:43:04,220.4,2252866
2021-05-11 09:43:05,220.4,2252866
2021-05-11 09:43:06,220.3,2253041
2021-05-11 09:43:07,220.4,2253086
2021-05-11 09:43:08,220.4,2253486
2021-05-11 09:43:09,220.6,2254074
2021-05-11 09:43:10,220.55,2256923
2021-05-11 09:43:11,220.5,2260823
2021-05-11 09:43:12,220.7,2260854
2021-05-11 09:43:14,220.7,2260854
2021-05-11 09:43:15,220.7,2260974
2021-05-11 09:43:16,220.7,2261232
2021-05-11 09:43:17,220.45,2262832
2021-05-11 09:43:18,220.45,2262832
2021-05-11 09:43:19,220.55,2262852
2021-05-11 09:43:20,220.65,2262855
2021-05-11 09:43:21,220.55,2263105
2021-05-11 09:43:22,220.55,2263105
2021-05-11 09:43:23,220.65,2263370
2021-05-11 09:43:24,220.65,2263370
2021-05-11 09:43:25,220.65,2264196
2021-05-11 09:43:26,220.65,2264196
2021-05-11 09:43:27,220.7,2265000
2021-05-11 09:43:28,220.7,2265713
2021-05-11 09:43:29,220.7,2269159
2021-05-11 09:43:30,220.6,2269167
2021-05-11 09:43:31,220.6,2269167
2021-05-11 09:43:32,220.6,2275391
2021-05-11 09:43:33,220.65,2276391
2021-05-11 09:43:34,220.6,2276400
2021-05-11 09:43:35,220.6,2276620
2021-05-11 09:43:36,220.6,2276620
2021-05-11 09:43:37,220.5,2276730
2021-05-11 09:43:38,220.5,2278781
2021-05-11 09:43:39,220.5,2279031
2021-05-11 09:43:40,220.6,2279032
2021-05-11 09:43:41,220.6,2279032
2021-05-11 09:43:42,220.6,2279132
2021-05-11 09:43:43,220.45,2281133
2021-05-11 09:43:44,220.55,2281154
2021-05-11 09:43:45,220.55,2281227
2021-05-11 09:43:46,220.55,2281227
2021-05-11 09:43:47,220.55,2281227
2021-05-11 09:43:48,220.55,2281292
2021-05-11 09:43:49,220.5,2281507
2021-05-11 09:43:50,220.5,2281892
2021-05-11 09:43:51,220.5,2281912
2021-05-11 09:43:52,220.5,2282103
2021-05-11 09:43:53,220.5,2284138
2021-05-11 09:43:54,220.5,2284138
2021-05-11 09:43:56,220.55,2284918
2021-05-11 09:43:57,220.6,2285794
2021-05-11 09:43:58,220.45,2289872
2021-05-11 09:43:59,220.4,2289921
2021-05-11 09:44:00,220.4,2292209
2021-05-11 09:44:01,220.35,2296195
2021-05-11 09:44:02,220.4,2301008
2021-05-11 09:44:03,220.4,2301009
2021-05-11 09:44:04,220.3,2303048
2021-05-11 09:44:05,220.15,2311553
2021-05-11 09:44:06,220.15,2311553
2021-05-11 09:44:07,220.3,2313090
2021-05-11 09:44:08,220.3,2313090
2021-05-11 09:44:09,220.35,2315060
2021-05-11 09:44:10,220.2,2317100
2021-05-11 09:44:11,220.35,2317475
2021-05-11 09:44:12,220.35,2317475
2021-05-11 09:44:14,220.35,2321510
2021-05-11 09:44:15,220.35,2321510
2021-05-11 09:44:16,220.4,2323553
2021-05-11 09:44:17,220.25,2326114
2021-05-11 09:44:19,220.35,2326470
2021-05-11 09:44:20,220.35,2326470
2021-05-11 09:44:24,220.35,2327459
2021-05-11 09:44:25,220.25,2327503
2021-05-11 09:44:26,220.35,2327505
2021-05-11 09:44:27,220.35,2329038
2021-05-11 09:44:28,220.3,2329055
2021-05-11 09:44:29,220.35,2329174
2021-05-11 09:44:30,220.3,2329300
2021-05-11 09:44:31,220.3,2329300
2021-05-11 09:44:32,220.3,2330800
2021-05-11 09:44:33,220.25,2330851
2021-05-11 09:44:34,220.3,2331165
2021-05-11 09:44:35,220.25,2333158
2021-05-11 09:44:36,220.25,2333209
2021-05-11 09:44:37,220.25,2333209
2021-05-11 09:44:38,220.25,2333238
2021-05-11 09:44:39,220.25,2333484
2021-05-11 09:44:40,220.15,2334587
2021-05-11 09:44:42,220.2,2334837
2021-05-11 09:44:43,220.2,2335237
2021-05-11 09:44:44,220.2,2335437
2021-05-11 09:44:45,220.15,2335779
2021-05-11 09:44:46,220.15,2335852
2021-05-11 09:44:47,220.15,2335867
2021-05-11 09:44:48,220.15,2335880
2021-05-11 09:44:49,220.05,2337609
2021-05-11 09:44:50,220.05,2338269
2021-05-11 09:44:51,220.25,2338402
2021-05-11 09:44:52,220.25,2338429
2021-05-11 09:44:53,220.35,2341289
2021-05-11 09:44:54,220.3,2347654
2021-05-11 09:44:55,220.45,2348876
2021-05-11 09:44:56,220.35,2349421
2021-05-11 09:44:58,220.3,2351569
2021-05-11 09:44:59,220.45,2353903
2021-05-11 09:45:00,220.25,2356048
2021-05-11 09:45:01,220.45,2357419
2021-05-11 09:45:02,220.3,2358327
2021-05-11 09:45:03,220.35,2358519
2021-05-11 09:45:04,220.45,2358557
2021-05-11 09:45:05,220.5,2361408
2021-05-11 09:45:06,220.5,2361717
2021-05-11 09:45:07,220.4,2363757
2021-05-11 09:45:09,220.5,2364165
2021-05-11 09:45:09,220.4,2364271
2021-05-11 09:45:10,220.3,2366541
2021-05-11 09:45:11,220.5,2367095
2021-05-11 09:45:12,220.5,2368081
2021-05-11 09:45:13,220.4,2368778
2021-05-11 09:45:14,220.6,2371114
2021-05-11 09:45:16,220.45,2372413
2021-05-11 09:45:16,220.6,2372695
2021-05-11 09:45:17,220.6,2375815
2021-05-11 09:45:19,220.6,2376065
2021-05-11 09:45:20,220.6,2376694
2021-05-11 09:45:21,220.5,2378861
2021-05-11 09:45:21,220.5,2379294
2021-05-11 09:45:23,220.6,2382774
2021-05-11 09:45:24,220.6,2383470
2021-05-11 09:45:25,220.5,2384459
2021-05-11 09:45:26,220.45,2386696
2021-05-11 09:45:27,220.55,2386998
2021-05-11 09:45:28,220.6,2388254
2021-05-11 09:45:29,220.4,2390593
2021-05-11 09:45:30,220.5,2391736
2021-05-11 09:45:31,220.5,2391964
2021-05-11 09:45:31,220.5,2392010
2021-05-11 09:45:32,220.5,2392019
2021-05-11 09:45:33,220.35,2392171
2021-05-11 09:45:34,220.35,2392201
2021-05-11 09:45:35,220.25,2393275
2021-05-11 09:45:36,220.45,2394409
2021-05-11 09:45:37,220.35,2394695
2021-05-11 09:45:38,220.5,2394777
2021-05-11 09:45:39,220.5,2394817
2021-05-11 09:45:40,220.5,2394825
2021-05-11 09:45:41,220.4,2397095
2021-05-11 09:45:42,220.5,2397549
2021-05-11 09:45:43,220.5,2397640
2021-05-11 09:45:44,220.5,2398220
2021-05-11 09:45:45,220.5,2399404
2021-05-11 09:45:46,220.5,2401573
2021-05-11 09:45:47,220.6,2402107
2021-05-11 09:45:48,220.6,2402815
2021-05-11 09:45:49,220.55,2403649
2021-05-11 09:45:50,220.5,2404926
2021-05-11 09:45:51,220.65,2405181
2021-05-11 09:45:52,220.65,2405232
2021-05-11 09:45:53,220.6,2405463
2021-05-11 09:45:54,220.6,2405509
2021-05-11 09:45:55,220.65,2405518
2021-05-11 09:45:57,220.65,2405520
2021-05-11 09:45:57,220.45,2407559
2021-05-11 09:45:58,220.65,2408046
2021-05-11 09:45:59,220.65,2408143
2021-05-11 09:46:00,220.65,2408228
2021-05-11 09:46:01,220.45,2410284
2021-05-11 09:46:02,220.5,2410710
2021-05-11 09:46:04,220.65,2410843
2021-05-11 09:46:03,220.5,2410815
2021-05-11 09:46:05,220.6,2410894
2021-05-11 09:46:06,220.45,2412968
2021-05-11 09:46:07,220.8,2416497
2021-05-11 09:46:08,220.75,2418219
2021-05-11 09:46:09,220.7,2423247
2021-05-11 09:46:10,220.9,2424925
2021-05-11 09:46:11,220.85,2424993
2021-05-11 09:46:12,220.7,2427313
2021-05-11 09:46:13,220.75,2427731
2021-05-11 09:46:14,220.8,2427814
2021-05-11 09:46:15,220.7,2429870
2021-05-11 09:46:16,220.75,2431498
2021-05-11 09:46:17,220.85,2431824
2021-05-11 09:46:18,220.8,2434296
2021-05-11 09:46:19,220.85,2434816
2021-05-11 09:46:21,220.85,2437163
2021-05-11 09:46:23,220.85,2437781
2021-05-11 09:46:23,220.85,2438014
2021-05-11 09:46:24,220.65,2440100
2021-05-11 09:46:25,220.7,2440667
2021-05-11 09:46:27,220.7,2440851
2021-05-11 09:46:27,220.6,2443072
2021-05-11 09:46:28,220.8,2443172
2021-05-11 09:46:30,220.6,2445709
2021-05-11 09:46:31,220.75,2446201
2021-05-11 09:46:32,220.8,2446299
2021-05-11 09:46:33,220.8,2446319
2021-05-11 09:46:34,220.8,2446323
2021-05-11 09:46:35,220.75,2446605
2021-05-11 09:46:36,220.75,2446662
2021-05-11 09:46:37,220.75,2446676
2021-05-11 09:46:38,220.75,2446779
2021-05-11 09:46:39,220.7,2446800
2021-05-11 09:46:41,220.65,2448443
2021-05-11 09:46:42,220.7,2448518
2021-05-11 09:46:43,220.75,2448887
2021-05-11 09:46:44,220.75,2449008
2021-05-11 09:46:45,220.75,2449042
2021-05-11 09:46:46,220.75,2449049
2021-05-11 09:46:46,220.75,2449050
2021-05-11 09:46:47,220.75,2449050
2021-05-11 09:46:48,220.7,2449055
2021-05-11 09:46:50,220.7,2449276
2021-05-11 09:46:51,220.8,2452467
2021-05-11 09:46:52,220.8,2452812
2021-05-11 09:46:53,220.8,2453275
2021-05-11 09:46:54,220.8,2453367
2021-05-11 09:46:55,220.8,2453386
2021-05-11 09:46:56,220.8,2453389
2021-05-11 09:46:57,220.85,2464192
2021-05-11 09:46:58,220.9,2464987
2021-05-11 09:46:59,220.85,2466560
2021-05-11 09:47:00,220.85,2468075
2021-05-11 09:47:01,220.9,2468378
2021-05-11 09:47:02,220.9,2468439
2021-05-11 09:47:03,220.9,2468451
2021-05-11 09:47:04,220.9,2468703
2021-05-11 09:47:04,220.9,2468754
2021-05-11 09:47:05,220.85,2469447
2021-05-11 09:47:06,220.95,2469585
2021-05-11 09:47:07,220.95,2469873
2021-05-11 09:47:08,220.95,2469931
2021-05-11 09:47:10,221.0,2470542
2021-05-11 09:47:11,221.0,2471164
2021-05-11 09:47:11,221.0,2471289
2021-05-11 09:47:12,221.0,2471815
2021-05-11 09:47:13,220.85,2472420
2021-05-11 09:47:14,221.0,2472571
2021-05-11 09:47:19,220.85,2473985
2021-05-11 09:47:20,221.0,2474491
2021-05-11 09:47:21,221.0,2474695
2021-05-11 09:47:22,220.85,2474737
2021-05-11 09:47:23,221.0,2475525
2021-05-11 09:47:24,221.0,2475733
2021-05-11 09:47:26,221.0,2475775
2021-05-11 09:47:26,221.0,2475870
2021-05-11 09:47:27,221.0,2478424
2021-05-11 09:47:29,220.95,2481004
2021-05-11 09:47:30,221.0,2481620
2021-05-11 09:47:31,221.05,2482043
2021-05-11 09:47:32,221.05,2482128
2021-05-11 09:47:33,221.05,2484711
2021-05-11 09:47:33,221.05,2485227
2021-05-11 09:47:35,221.05,2485959
2021-05-11 09:47:35,221.0,2486105
2021-05-11 09:47:36,221.0,2486135
2021-05-11 09:47:37,221.05,2489281
2021-05-11 09:47:38,221.15,2490022
2021-05-11 09:47:40,221.15,2490214
2021-05-11 09:47:41,221.1,2490223
2021-05-11 09:47:42,221.05,2490275
2021-05-11 09:47:43,221.1,2490285
2021-05-11 09:47:44,221.15,2490387
2021-05-11 09:47:46,221.15,2493223
2021-05-11 09:47:47,221.2,2494355
2021-05-11 09:47:48,221.2,2494946
2021-05-11 09:47:48,221.1,2495169
2021-05-11 09:47:49,221.1,2495304
2021-05-11 09:47:50,221.15,2502205
2021-05-11 09:47:52,221.1,2504861
2021-05-11 09:47:53,221.3,2505116
2021-05-11 09:47:54,221.3,2505208
2021-05-11 09:47:55,221.3,2505227
2021-05-11 09:47:57,221.2,2505584
2021-05-11 09:47:58,221.3,2508431
2021-05-11 09:47:59,221.1,2511911
2021-05-11 09:48:00,221.25,2512607
2021-05-11 09:48:01,221.05,2514787
2021-05-11 09:48:02,221.2,2514938
2021-05-11 09:48:03,221.2,2515281
2021-05-11 09:48:04,221.2,2518707
2021-05-11 09:48:04,221.2,2518136
2021-05-11 09:48:06,221.2,2519072
2021-05-11 09:48:07,221.15,2519152
2021-05-11 09:48:08,221.15,2519178
2021-05-11 09:48:08,221.15,2519283
2021-05-11 09:48:09,221.0,2521594
2021-05-11 09:48:10,221.2,2522556
2021-05-11 09:48:11,221.1,2522753
2021-05-11 09:48:12,221.2,2522794
2021-05-11 09:48:13,221.1,2522887
2021-05-11 09:48:14,221.25,2522907
2021-05-11 09:48:16,221.25,2524511
2021-05-11 09:48:16,221.0,2526870
2021-05-11 09:48:17,221.2,2527622
2021-05-11 09:48:18,221.2,2527773
2021-05-11 09:48:19,221.1,2528123
2021-05-11 09:48:21,221.1,2530232
2021-05-11 09:48:22,221.2,2530656
2021-05-11 09:48:22,221.2,2530740
2021-05-11 09:48:24,221.25,2531857
2021-05-11 09:48:25,221.0,2534120
2021-05-11 09:48:26,221.0,2536822
2021-05-11 09:48:28,221.1,2537628
2021-05-11 09:48:29,221.1,2537667
2021-05-11 09:48:32,221.2,2542794
2021-05-11 09:48:32,221.25,2543282
2021-05-11 09:48:33,221.2,2543480
2021-05-11 09:48:34,221.25,2545578
2021-05-11 09:48:35,221.25,2545998
2021-05-11 09:48:37,221.15,2546187
2021-05-11 09:48:39,221.25,2546592
2021-05-11 09:48:40,221.25,2549107
2021-05-11 09:48:41,221.25,2549660
2021-05-11 09:48:42,221.35,2550970
2021-05-11 09:48:43,221.25,2551283
2021-05-11 09:48:43,221.25,2551396
2021-05-11 09:48:44,221.35,2552419
2021-05-11 09:48:46,221.3,2552634
2021-05-11 09:48:47,221.4,2552777
2021-05-11 09:48:48,221.3,2552896
2021-05-11 09:48:49,221.4,2552947
2021-05-11 09:48:49,221.4,2552958
2021-05-11 09:48:51,221.4,2553260
2021-05-11 09:48:52,221.4,2553420
2021-05-11 09:48:53,221.4,2553652
2021-05-11 09:48:54,221.3,2553816
2021-05-11 09:48:55,221.4,2553948
2021-05-11 09:48:55,221.4,2553975
2021-05-11 09:48:57,221.45,2555080
2021-05-11 09:48:57,221.4,2555690
2021-05-11 09:48:58,221.4,2555962
2021-05-11 09:48:59,221.35,2556037
2021-05-11 09:49:01,221.35,2556202
2021-05-11 09:49:02,221.4,2556235
2021-05-11 09:49:03,221.4,2556241
2021-05-11 09:49:04,221.4,2556420
2021-05-11 09:49:05,221.35,2556556
2021-05-11 09:49:06,221.4,2556584
2021-05-11 09:49:06,221.4,2556590
2021-05-11 09:49:07,221.35,2556791
2021-05-11 09:49:08,221.35,2556835
2021-05-11 09:49:09,221.35,2557582
2021-05-11 09:49:11,221.35,2557856
2021-05-11 09:49:12,221.45,2560300
2021-05-11 09:49:13,221.4,2560818
2021-05-11 09:49:14,221.25,2563041
2021-05-11 09:49:14,221.4,2563485
2021-05-11 09:49:16,221.45,2563574
2021-05-11 09:49:17,221.25,2565631
2021-05-11 09:49:18,221.4,2566042
2021-05-11 09:49:18,221.4,2566125
2021-05-11 09:49:19,221.3,2566341
2021-05-11 09:49:20,221.4,2566584
2021-05-11 09:49:21,221.4,2566883
2021-05-11 09:49:22,221.4,2566943
2021-05-11 09:49:23,221.4,2566985
2021-05-11 09:49:24,221.4,2568103
2021-05-11 09:49:25,221.4,2568832
2021-05-11 09:49:26,221.4,2568978
2021-05-11 09:49:28,221.3,2569099
2021-05-11 09:49:29,221.3,2572575
2021-05-11 09:49:30,221.2,2573272
2021-05-11 09:49:32,221.2,2573417
2021-05-11 09:49:33,221.25,2573463
2021-05-11 09:49:34,221.35,2573974
2021-05-11 09:49:35,221.3,2574100
2021-05-11 09:49:36,221.3,2574126
2021-05-11 09:49:37,221.3,2574131
2021-05-11 09:49:38,221.3,2574133
2021-05-11 09:49:39,221.3,2574134
2021-05-11 09:49:40,221.3,2574134
2021-05-11 09:49:41,221.25,2574942
2021-05-11 09:49:41,221.3,2575104
2021-05-11 09:49:43,221.25,2575486
2021-05-11 09:49:44,221.3,2575687
2021-05-11 09:49:45,221.3,2575739
2021-05-11 09:49:46,221.3,2575749
2021-05-11 09:49:46,221.3,2575751
2021-05-11 09:49:47,221.3,2575851
2021-05-11 09:49:48,221.3,2576323
2021-05-11 09:49:50,221.3,2577270
2021-05-11 09:49:51,221.2,2577688
2021-05-11 09:49:51,221.25,2577772
2021-05-11 09:49:52,221.2,2577839
2021-05-11 09:49:54,221.35,2579150
2021-05-11 09:49:55,221.35,2579412
2021-05-11 09:49:56,221.35,2579835
2021-05-11 09:49:56,221.25,2579765
2021-05-11 09:49:58,221.25,2580054
2021-05-11 09:49:58,221.35,2580098
2021-05-11 09:49:59,221.2,2580358
2021-05-11 09:50:00,221.35,2580410
2021-05-11 09:50:03,221.3,2580690
2021-05-11 09:50:04,221.35,2580799
2021-05-11 09:50:05,221.2,2581521
2021-05-11 09:50:06,221.25,2581694
2021-05-11 09:50:08,221.25,2583902
2021-05-11 09:50:10,221.45,2597496
2021-05-11 09:50:11,221.55,2607613
2021-05-11 09:50:13,221.6,2610130
2021-05-11 09:50:14,221.5,2610902
2021-05-11 09:50:15,221.5,2611496
2021-05-11 09:50:16,221.5,2611614
2021-05-11 09:50:17,221.5,2611673
2021-05-11 09:50:20,221.5,2611702
2021-05-11 09:50:21,221.5,2611708
2021-05-11 09:50:22,221.4,2612057
2021-05-11 09:50:24,221.5,2612338
2021-05-11 09:50:25,221.5,2614303
2021-05-11 09:50:26,221.5,2615111
2021-05-11 09:50:27,221.5,2615272
2021-05-11 09:50:28,221.5,2616038
2021-05-11 09:50:29,221.5,2616191
2021-05-11 09:50:30,221.5,2616221
2021-05-11 09:50:31,221.5,2620475
2021-05-11 09:50:32,221.55,2621426
2021-05-11 09:50:33,221.55,2621616
2021-05-11 09:50:34,221.5,2622526
2021-05-11 09:50:35,221.5,2622708
2021-05-11 09:50:35,221.5,2622745
2021-05-11 09:50:37,221.55,2623012
2021-05-11 09:50:38,221.55,2623086
2021-05-11 09:50:39,221.55,2623100
2021-05-11 09:50:40,221.55,2623103
2021-05-11 09:50:41,221.45,2623515
2021-05-11 09:50:43,221.5,2625907
2021-05-11 09:50:43,221.5,2626099
2021-05-11 09:50:44,221.5,2626198
2021-05-11 09:50:45,221.6,2626218
2021-05-11 09:50:47,221.6,2626222
2021-05-11 09:50:48,221.6,2626223
2021-05-11 09:50:50,221.45,2626588
2021-05-11 09:50:51,221.5,2626661
2021-05-11 09:50:52,221.5,2627170
2021-05-11 09:50:53,221.5,2627372
2021-05-11 09:50:54,221.45,2627860
2021-05-11 09:50:55,221.6,2627957
2021-05-11 09:50:55,221.5,2628077
2021-05-11 09:50:56,221.6,2628101
2021-05-11 09:50:58,221.6,2628516
2021-05-11 09:50:59,221.5,2628679
2021-05-11 09:51:00,221.6,2628712
2021-05-11 09:51:01,221.55,2628719
2021-05-11 09:51:02,221.5,2628820
2021-05-11 09:51:04,221.6,2630420
2021-05-11 09:51:05,221.6,2630734
2021-05-11 09:51:06,221.6,2630797
2021-05-11 09:51:07,221.6,2630810
2021-05-11 09:51:08,221.5,2633314
2021-05-11 09:51:09,221.55,2633915
2021-05-11 09:51:10,221.5,2634238
2021-05-11 09:51:11,221.5,2634365
2021-05-11 09:51:12,221.5,2634960
2021-05-11 09:51:13,221.5,2636941
2021-05-11 09:51:14,221.35,2637567
2021-05-11 09:51:16,221.5,2637839
2021-05-11 09:51:17,221.45,2637880
2021-05-11 09:51:17,221.45,2637873
2021-05-11 09:51:19,221.45,2637982
2021-05-11 09:51:20,221.45,2638013
2021-05-11 09:51:21,221.4,2638019
2021-05-11 09:51:22,221.4,2638020
2021-05-11 09:51:23,221.45,2638070
2021-05-11 09:51:24,221.3,2638730
2021-05-11 09:51:24,221.4,2638862
2021-05-11 09:51:26,221.4,2638889
2021-05-11 09:51:27,221.45,2638894
2021-05-11 09:51:28,221.4,2638944
2021-05-11 09:51:29,221.45,2638989
2021-05-11 09:51:30,221.45,2638998
2021-05-11 09:51:31,221.4,2639949
2021-05-11 09:51:32,221.4,2640139
2021-05-11 09:51:33,221.35,2640277
2021-05-11 09:51:34,221.35,2640322
2021-05-11 09:51:35,221.4,2640335
2021-05-11 09:51:36,221.4,2640337
2021-05-11 09:51:37,221.3,2640388
2021-05-11 09:51:38,221.4,2640988
2021-05-11 09:51:39,221.4,2641108
2021-05-11 09:51:40,221.3,2641382
2021-05-11 09:51:41,221.4,2641452
2021-05-11 09:51:42,221.3,2641567
2021-05-11 09:51:43,221.4,2641690
2021-05-11 09:51:44,221.4,2641714
2021-05-11 09:51:45,221.4,2641719
2021-05-11 09:51:46,221.4,2641720
2021-05-11 09:51:47,221.4,2641897
2021-05-11 09:51:48,221.4,2641933
2021-05-11 09:51:49,221.4,2642822
2021-05-11 09:51:49,221.3,2642674
2021-05-11 09:51:50,221.4,2642852
2021-05-11 09:51:52,221.3,2643371
2021-05-11 09:51:53,221.4,2643474
2021-05-11 09:51:54,221.4,2643495
2021-05-11 09:51:55,221.3,2644799
2021-05-11 09:51:56,221.3,2645260
2021-05-11 09:51:57,221.4,2645372
2021-05-11 09:51:58,221.3,2645445
2021-05-11 09:51:59,221.4,2645539
2021-05-11 09:52:00,221.35,2645574
2021-05-11 09:52:01,221.35,2645581
2021-05-11 09:52:02,221.3,2645922
2021-05-11 09:52:03,221.35,2646007
2021-05-11 09:52:03,221.3,2646064
2021-05-11 09:52:05,221.3,2646224
2021-05-11 09:52:06,221.3,2646257
2021-05-11 09:52:07,221.35,2646449
2021-05-11 09:52:08,221.35,2646512
2021-05-11 09:52:09,221.35,2646525
2021-05-11 09:52:10,221.35,2646652
2021-05-11 09:52:11,221.35,2646678
2021-05-11 09:52:12,221.35,2646697
2021-05-11 09:52:13,221.35,2646701
2021-05-11 09:52:14,221.3,2646740
2021-05-11 09:52:15,221.35,2646748
2021-05-11 09:52:16,221.3,2649426
2021-05-11 09:52:17,221.3,2649679
2021-05-11 09:52:18,221.35,2650062
2021-05-11 09:52:19,221.3,2650139
2021-05-11 09:52:20,221.25,2650274
2021-05-11 09:52:21,221.2,2650317
2021-05-11 09:52:22,221.3,2651392
2021-05-11 09:52:23,221.2,2651657
2021-05-11 09:52:24,221.3,2651710
2021-05-11 09:52:25,221.3,2651734
2021-05-11 09:52:25,221.3,2651739
2021-05-11 09:52:26,221.3,2651740
2021-05-11 09:52:28,221.05,2652706
2021-05-11 09:52:28,221.15,2652899
2021-05-11 09:52:30,221.0,2659519
2021-05-11 09:52:30,221.15,2661048
2021-05-11 09:52:32,221.2,2661109
2021-05-11 09:52:33,221.2,2661379
2021-05-11 09:52:34,221.25,2661442
2021-05-11 09:52:35,221.25,2661473
2021-05-11 09:52:36,221.25,2661563
2021-05-11 09:52:37,221.3,2661581
2021-05-11 09:52:38,221.2,2661704
2021-05-11 09:52:38,221.3,2661729
2021-05-11 09:52:39,221.15,2662734
2021-05-11 09:52:40,221.3,2662935
2021-05-11 09:52:41,221.15,2663075
2021-05-11 09:52:42,221.4,2675366
2021-05-11 09:52:43,221.35,2687591
2021-05-11 09:52:44,221.4,2690286
2021-05-11 09:52:45,221.55,2690895
2021-05-11 09:52:47,221.45,2691221
2021-05-11 09:52:48,221.55,2691286
2021-05-11 09:52:49,221.55,2691299
2021-05-11 09:52:50,221.5,2691302
2021-05-11 09:52:51,221.5,2691302
2021-05-11 09:52:52,221.3,2691303
2021-05-11 09:52:53,221.3,2691679
2021-05-11 09:52:54,221.45,2691784
2021-05-11 09:52:55,221.45,2691805
2021-05-11 09:52:56,221.45,2692857
2021-05-11 09:52:57,221.45,2693067
2021-05-11 09:52:58,221.45,2693109
2021-05-11 09:52:59,221.35,2693318
2021-05-11 09:53:00,221.3,2694364
2021-05-11 09:53:01,221.2,2694943
2021-05-11 09:53:02,221.3,2695059
2021-05-11 09:53:03,221.3,2695082
2021-05-11 09:53:04,221.3,2695086
2021-05-11 09:53:05,221.2,2695576
2021-05-11 09:53:06,221.2,2695724
2021-05-11 09:53:07,221.3,2695754
2021-05-11 09:53:09,221.3,2695761
2021-05-11 09:53:10,221.3,2695761
2021-05-11 09:53:11,221.3,2696761
2021-05-11 09:53:12,221.3,2696961
2021-05-11 09:53:13,221.15,2699040
2021-05-11 09:53:14,221.3,2699456
2021-05-11 09:53:15,221.15,2700080
2021-05-11 09:53:16,221.15,2702157
2021-05-11 09:53:17,221.2,2703057
2021-05-11 09:53:18,221.1,2705276
2021-05-11 09:53:19,221.2,2705820
2021-05-11 09:53:20,221.1,2708018
2021-05-11 09:53:21,221.2,2708095
2021-05-11 09:53:22,221.1,2711151
2021-05-11 09:53:23,221.25,2711287
2021-05-11 09:53:24,221.25,2712290
2021-05-11 09:53:25,221.25,2712530
2021-05-11 09:53:26,221.1,2712586
2021-05-11 09:53:27,221.2,2712647
2021-05-11 09:53:28,221.25,2712660
2021-05-11 09:53:29,221.25,2712662
2021-05-11 09:53:30,221.2,2713293
2021-05-11 09:53:31,221.2,2713919
2021-05-11 09:53:32,221.15,2714139
2021-05-11 09:53:34,221.15,2714196
2021-05-11 09:53:35,221.15,2715836
2021-05-11 09:53:36,221.15,2717539
2021-05-11 09:53:37,221.25,2717880
2021-05-11 09:53:38,221.15,2720902
2021-05-11 09:53:39,221.15,2721118
2021-05-11 09:53:40,221.2,2721594
2021-05-11 09:53:41,221.15,2721794
2021-05-11 09:53:42,221.15,2722334
2021-05-11 09:53:43,221.2,2722442
2021-05-11 09:53:44,221.2,2722464
2021-05-11 09:53:45,221.15,2722512
2021-05-11 09:53:46,221.2,2722522
2021-05-11 09:53:47,221.15,2722774
2021-05-11 09:53:48,221.2,2722924
2021-05-11 09:53:49,221.2,2722954
2021-05-11 09:53:50,221.15,2723064
2021-05-11 09:53:51,221.15,2723714
2021-05-11 09:53:52,221.2,2724144
2021-05-11 09:53:53,221.2,2724239
2021-05-11 09:53:54,221.2,2724258
2021-05-11 09:53:55,221.2,2724262
2021-05-11 09:53:56,221.2,2724263
2021-05-11 09:53:57,221.2,2724263
2021-05-11 09:53:58,221.15,2724363
2021-05-11 09:53:59,221.15,2724384
2021-05-11 09:54:00,221.15,2724988
2021-05-11 09:54:01,221.2,2725209
2021-05-11 09:54:02,221.15,2725503
2021-05-11 09:54:03,221.15,2725662
2021-05-11 09:54:04,221.25,2725904
2021-05-11 09:54:05,221.25,2725952
2021-05-11 09:54:06,221.25,2726042
2021-05-11 09:54:07,221.25,2726060
2021-05-11 09:54:08,221.25,2726063
2021-05-11 09:54:09,221.15,2726189
2021-05-11 09:54:10,221.15,2727663
2021-05-11 09:54:11,221.15,2728075
2021-05-11 09:54:12,221.15,2728226
2021-05-11 09:54:13,221.25,2728306
2021-05-11 09:54:14,221.25,2728328
2021-05-11 09:54:15,221.25,2728333
2021-05-11 09:54:16,221.25,2728434
2021-05-11 09:54:17,221.25,2728454
2021-05-11 09:54:18,221.15,2728758
2021-05-11 09:54:19,221.25,2728819
2021-05-11 09:54:20,221.25,2728831
2021-05-11 09:54:21,221.25,2730677
2021-05-11 09:54:22,221.3,2731047
2021-05-11 09:54:23,221.3,2731121
2021-05-11 09:54:24,221.3,2731143
2021-05-11 09:54:25,221.3,2731150
2021-05-11 09:54:26,221.3,2731151
2021-05-11 09:54:27,221.25,2732151
2021-05-11 09:54:28,221.25,2732395
2021-05-11 09:54:29,221.3,2732444
2021-05-11 09:54:30,221.3,2732454
2021-05-11 09:54:32,221.3,2732600
2021-05-11 09:54:33,221.3,2732605
2021-05-11 09:54:34,221.3,2732606
2021-05-11 09:54:35,221.25,2733045
2021-05-11 09:54:36,221.3,2733143
2021-05-11 09:54:37,221.3,2733163
2021-05-11 09:54:38,221.3,2733167
2021-05-11 09:54:39,221.25,2733432
2021-05-11 09:54:40,221.3,2733485
2021-05-11 09:54:41,221.25,2733627
2021-05-11 09:54:42,221.25,2733756
2021-05-11 09:54:43,221.3,2733781
2021-05-11 09:54:44,221.3,2738050
2021-05-11 09:54:45,221.25,2739404
2021-05-11 09:54:46,221.4,2739675
2021-05-11 09:54:47,221.4,2739759
2021-05-11 09:54:48,221.4,2739776
2021-05-11 09:54:51,221.4,2740680
2021-05-11 09:54:52,221.4,2740827
2021-05-11 09:54:53,221.45,2740885
2021-05-11 09:54:54,221.45,2740897
2021-05-11 09:54:55,221.4,2740900
2021-05-11 09:54:57,221.4,2740952
2021-05-11 09:54:58,221.4,2740963
2021-05-11 09:54:59,221.4,2740966
2021-05-11 09:55:00,221.4,2740967
2021-05-11 09:55:01,221.25,2741779
2021-05-11 09:55:02,221.25,2742767
2021-05-11 09:55:03,221.15,2745253
2021-05-11 09:55:04,221.15,2745751
2021-05-11 09:55:05,221.0,2753871
2021-05-11 09:55:06,221.05,2754365
2021-05-11 09:55:07,221.1,2756194
2021-05-11 09:55:08,220.95,2756910
2021-05-11 09:55:09,221.1,2757073
2021-05-11 09:55:10,221.1,2757106
2021-05-11 09:55:11,221.1,2757227
2021-05-11 09:55:12,221.05,2757251
2021-05-11 09:55:13,221.1,2757256
2021-05-11 09:55:14,221.1,2757257
2021-05-11 09:55:15,221.1,2757257
2021-05-11 09:55:16,221.1,2757257
2021-05-11 09:55:17,220.95,2757319
2021-05-11 09:55:19,220.85,2759673
2021-05-11 09:55:20,220.9,2761008
2021-05-11 09:55:21,220.9,2761321
2021-05-11 09:55:22,220.95,2763789
2021-05-11 09:55:23,220.95,2764483
2021-05-11 09:55:24,220.9,2764723
2021-05-11 09:55:25,220.85,2769031
2021-05-11 09:55:26,220.95,2769892
2021-05-11 09:55:27,220.95,2770065
2021-05-11 09:55:28,220.95,2770099
2021-05-11 09:55:30,220.9,2770156
2021-05-11 09:55:30,220.9,2770933
2021-05-11 09:55:32,220.9,2771290
2021-05-11 09:55:33,220.9,2771310
2021-05-11 09:55:34,220.9,2771364
2021-05-11 09:55:35,220.9,2771397
2021-05-11 09:55:36,220.8,2771522
2021-05-11 09:55:37,220.9,2771547
2021-05-11 09:55:38,220.8,2771652
2021-05-11 09:55:39,220.8,2772004
2021-05-11 09:55:40,220.85,2772927
2021-05-11 09:55:41,220.9,2773133
2021-05-11 09:55:42,220.9,2773174
2021-05-11 09:55:43,220.85,2773182
2021-05-11 09:55:44,220.85,2773184
2021-05-11 09:55:45,220.8,2773393
2021-05-11 09:55:46,220.85,2773435
2021-05-11 09:55:47,220.8,2773448
2021-05-11 09:55:48,220.85,2773451
2021-05-11 09:55:49,220.85,2773501
2021-05-11 09:55:50,220.8,2773835
2021-05-11 09:55:51,220.8,2773918
2021-05-11 09:55:52,220.55,2777071
2021-05-11 09:55:53,220.65,2777291
2021-05-11 09:55:55,220.6,2777895
2021-05-11 09:55:55,220.7,2778016
2021-05-11 09:55:57,220.55,2778205
2021-05-11 09:55:59,220.7,2778461
2021-05-11 09:56:00,220.7,2778469
2021-05-11 09:56:01,220.7,2778526
2021-05-11 09:56:03,220.7,2778560
2021-05-11 09:56:04,220.7,2778564
2021-05-11 09:56:05,220.7,2780213
2021-05-11 09:56:06,220.75,2780743
2021-05-11 09:56:07,220.75,2781066
2021-05-11 09:56:08,220.7,2781140
2021-05-11 09:56:09,220.75,2781155
2021-05-11 09:56:10,220.7,2781258
2021-05-11 09:56:11,220.75,2781279
2021-05-11 09:56:12,220.75,2781283
2021-05-11 09:56:13,220.75,2781284
2021-05-11 09:56:14,220.7,2781313
2021-05-11 09:56:15,220.7,2781319
2021-05-11 09:56:16,220.7,2781321
2021-05-11 09:56:17,220.7,2781321
2021-05-11 09:56:18,220.65,2782561
2021-05-11 09:56:20,220.6,2783249
2021-05-11 09:56:21,220.6,2783337
2021-05-11 09:56:22,220.65,2783497
2021-05-11 09:56:23,220.65,2783614
2021-05-11 09:56:24,220.65,2783652
2021-05-11 09:56:25,220.65,2783725
2021-05-11 09:56:26,220.65,2783774
2021-05-11 09:56:27,220.55,2783800
2021-05-11 09:56:29,220.5,2785531
2021-05-11 09:56:30,220.55,2785856
2021-05-11 09:56:31,220.55,2786046
2021-05-11 09:56:32,220.5,2786094
2021-05-11 09:56:34,220.55,2786104
2021-05-11 09:56:34,220.55,2786106
2021-05-11 09:56:36,220.55,2786926
2021-05-11 09:56:36,220.55,2786789
2021-05-11 09:56:37,220.5,2787044
2021-05-11 09:56:38,220.5,2787747
2021-05-11 09:56:39,220.6,2787888
2021-05-11 09:56:41,220.55,2788048
2021-05-11 09:56:42,220.6,2788621
2021-05-11 09:56:44,220.6,2788735
2021-05-11 09:56:44,220.55,2788758
2021-05-11 09:56:45,220.55,2788773
2021-05-11 09:56:46,220.6,2789376
2021-05-11 09:56:47,220.55,2789501
2021-05-11 09:56:48,220.6,2789674
2021-05-11 09:56:49,220.6,2789709
2021-05-11 09:56:50,220.6,2789716
2021-05-11 09:56:51,220.55,2790394
2021-05-11 09:56:52,220.6,2790530
2021-05-11 09:56:53,220.6,2790557
2021-05-11 09:56:54,220.55,2790613
2021-05-11 09:56:55,220.5,2790824
2021-05-11 09:56:56,220.5,2790876
2021-05-11 09:56:58,220.7,2793886
2021-05-11 09:56:58,220.65,2793888
2021-05-11 09:57:00,220.7,2794489
2021-05-11 09:57:01,220.65,2794753
2021-05-11 09:57:01,220.65,2794709
2021-05-11 09:57:02,220.65,2794762
2021-05-11 09:57:03,220.65,2794794
2021-05-11 09:57:04,220.65,2794800
2021-05-11 09:57:05,220.6,2794826
2021-05-11 09:57:06,220.55,2794858
2021-05-11 09:57:07,220.6,2794881
2021-05-11 09:57:08,220.6,2795139
2021-05-11 09:57:09,220.65,2795191
2021-05-11 09:57:10,220.6,2795677
2021-05-11 09:57:11,220.6,2795875
2021-05-11 09:57:13,220.75,2796714
2021-05-11 09:57:13,220.6,2797032
2021-05-11 09:57:14,220.75,2797096
2021-05-11 09:57:17,220.65,2797113
2021-05-11 09:57:18,220.75,2797114
2021-05-11 09:57:19,220.75,2797114
2021-05-11 09:57:19,220.75,2797114
2021-05-11 09:57:20,220.75,2797306
2021-05-11 09:57:21,220.75,2797452
2021-05-11 09:57:22,220.8,2797482
2021-05-11 09:57:24,220.8,2797488
2021-05-11 09:57:24,220.8,2797489
2021-05-11 09:57:25,220.8,2797489
2021-05-11 09:57:26,220.9,2797798
2021-05-11 09:57:27,220.9,2797860
2021-05-11 09:57:28,220.8,2797879
2021-05-11 09:57:29,220.8,2797895
2021-05-11 09:57:30,220.9,2798088
2021-05-11 09:57:31,220.85,2798127
2021-05-11 09:57:32,220.85,2798135
2021-05-11 09:57:33,220.85,2798136
2021-05-11 09:57:35,220.85,2798136
2021-05-11 09:57:36,220.85,2798636
2021-05-11 09:57:37,220.75,2798753
2021-05-11 09:57:38,220.85,2798777
2021-05-11 09:57:38,220.8,2798783
2021-05-11 09:57:40,220.8,2798883
2021-05-11 09:57:42,220.75,2798908
2021-05-11 09:57:42,220.8,2798909
2021-05-11 09:57:43,220.8,2798909
2021-05-11 09:57:45,220.8,2798944
2021-05-11 09:57:46,220.8,2798952
2021-05-11 09:57:46,220.8,2798951
2021-05-11 09:57:48,220.75,2799007
2021-05-11 09:57:49,220.8,2799018
2021-05-11 09:57:50,220.75,2799168
2021-05-11 09:57:51,220.8,2799198
2021-05-11 09:57:52,220.75,2799224
2021-05-11 09:57:52,220.8,2799229
2021-05-11 09:57:53,220.8,2799230
2021-05-11 09:57:54,220.8,2799230
2021-05-11 09:57:55,220.75,2799236
2021-05-11 09:57:56,220.75,2799248
2021-05-11 09:57:57,220.8,2799251
2021-05-11 09:57:58,220.75,2799543
2021-05-11 09:57:59,220.8,2799602
2021-05-11 09:58:00,220.8,2799619
2021-05-11 09:58:01,220.8,2799622
2021-05-11 09:58:02,220.7,2799846
2021-05-11 09:58:03,220.8,2801931
2021-05-11 09:58:04,220.8,2802448
2021-05-11 09:58:05,220.8,2802552
2021-05-11 09:58:06,220.65,2802590
2021-05-11 09:58:07,220.7,2802773
2021-05-11 09:58:08,220.7,2802815
2021-05-11 09:58:09,220.8,2802823
2021-05-11 09:58:11,220.8,2802925
2021-05-11 09:58:11,220.8,2808753
2021-05-11 09:58:12,220.8,2809534
2021-05-11 09:58:14,220.85,2810075
2021-05-11 09:58:16,220.85,2810303
2021-05-11 09:58:16,220.85,2810311
2021-05-11 09:58:17,220.85,2810312
2021-05-11 09:58:18,220.75,2810327
2021-05-11 09:58:19,220.85,2810413
2021-05-11 09:58:20,220.65,2812470
2021-05-11 09:58:21,220.85,2812990
2021-05-11 09:58:22,220.75,2813107
2021-05-11 09:58:23,220.85,2813130
2021-05-11 09:58:24,220.85,2813135
2021-05-11 09:58:25,220.8,2813136
2021-05-11 09:58:27,220.8,2813136
2021-05-11 09:58:28,220.65,2815181
2021-05-11 09:58:28,220.65,2815597
2021-05-11 09:58:29,220.8,2815884
2021-05-11 09:58:32,220.7,2815988
2021-05-11 09:58:33,220.8,2816199
2021-05-11 09:58:34,220.8,2816246
2021-05-11 09:58:34,220.8,2816255
2021-05-11 09:58:37,220.75,2816813
2021-05-11 09:58:38,220.6,2818865
2021-05-11 09:58:39,220.75,2819280
2021-05-11 09:58:40,220.65,2819697
2021-05-11 09:58:41,220.7,2819780
2021-05-11 09:58:42,220.7,2819797
2021-05-11 09:58:44,220.7,2819800
2021-05-11 09:58:45,220.7,2820426
2021-05-11 09:58:46,220.65,2820618
2021-05-11 09:58:47,220.75,2820653
2021-05-11 09:58:48,220.8,2820664
2021-05-11 09:58:49,220.75,2820667
2021-05-11 09:58:49,220.75,2820682
2021-05-11 09:58:50,220.75,2820703
2021-05-11 09:58:52,220.65,2823197
2021-05-11 09:58:52,220.75,2823695
2021-05-11 09:58:53,220.75,2823795
2021-05-11 09:58:54,220.75,2823818
2021-05-11 09:58:55,220.75,2823923
2021-05-11 09:58:56,220.75,2824444
2021-05-11 09:58:57,220.65,2824598
2021-05-11 09:58:58,220.65,2824669
2021-05-11 09:58:59,220.7,2824675
2021-05-11 09:59:00,220.7,2824794
2021-05-11 09:59:01,220.7,2824818
2021-05-11 09:59:02,220.7,2824823
2021-05-11 09:59:03,220.7,2824824
2021-05-11 09:59:04,220.65,2825124
2021-05-11 09:59:05,220.6,2825459
2021-05-11 09:59:06,220.65,2825526
2021-05-11 09:59:07,220.65,2825941
2021-05-11 09:59:08,220.65,2826028
2021-05-11 09:59:09,220.7,2826049
2021-05-11 09:59:10,220.7,2826053
2021-05-11 09:59:11,220.7,2826054
2021-05-11 09:59:12,220.7,2826054
2021-05-11 09:59:13,220.75,2826916
2021-05-11 09:59:14,220.75,2827188
2021-05-11 09:59:15,220.8,2827368
2021-05-11 09:59:16,220.75,2827450
2021-05-11 09:59:17,220.8,2827466
2021-05-11 09:59:19,220.75,2827474
2021-05-11 09:59:20,220.8,2827476
2021-05-11 09:59:21,220.75,2827495
2021-05-11 09:59:22,220.8,2827549
2021-05-11 09:59:22,220.8,2827560
2021-05-11 09:59:23,220.8,2828639
2021-05-11 09:59:25,220.85,2828855
2021-05-11 09:59:26,220.9,2828898
2021-05-11 09:59:27,220.85,2828907
2021-05-11 09:59:28,220.9,2828908
2021-05-11 09:59:29,220.8,2829016
2021-05-11 09:59:30,220.95,2829569
2021-05-11 09:59:31,221.0,2830385
2021-05-11 09:59:32,220.8,2830761
2021-05-11 09:59:32,220.9,2830836
2021-05-11 09:59:33,220.9,2830851
2021-05-11 09:59:34,220.9,2830854
2021-05-11 09:59:35,220.8,2832896
2021-05-11 09:59:37,220.8,2833321
2021-05-11 09:59:38,220.65,2835445
2021-05-11 09:59:39,220.65,2837590
2021-05-11 09:59:40,220.65,2840060
2021-05-11 09:59:41,220.85,2840544
2021-05-11 09:59:42,220.85,2842842
2021-05-11 09:59:42,220.75,2842692
2021-05-11 09:59:43,220.75,2843251
2021-05-11 09:59:46,220.8,2845842
2021-05-11 09:59:47,220.85,2845972
2021-05-11 09:59:48,220.65,2848337
2021-05-11 09:59:48,220.75,2848341
2021-05-11 09:59:49,220.85,2848811
2021-05-11 09:59:50,220.85,2850905
2021-05-11 09:59:51,220.75,2851334
2021-05-11 09:59:52,220.8,2851470
2021-05-11 09:59:53,220.8,2851577
2021-05-11 09:59:54,220.8,2851598
2021-05-11 09:59:55,220.65,2853642
2021-05-11 09:59:56,220.75,2854050
2021-05-11 09:59:57,220.75,2854138
2021-05-11 09:59:59,220.75,2854171
2021-05-11 10:00:00,220.75,2854177
2021-05-11 10:00:01,220.75,2854178
2021-05-11 10:00:02,220.75,2854179
2021-05-11 10:00:03,220.75,2854179
2021-05-11 10:00:05,220.75,2854214
2021-05-11 10:00:06,220.65,2854238
2021-05-11 10:00:07,220.6,2856435
2021-05-11 10:00:08,220.75,2856898
2021-05-11 10:00:09,220.75,2856995
2021-05-11 10:00:11,220.75,2857018
2021-05-11 10:00:12,220.75,2857099
2021-05-11 10:00:13,220.75,2857115
2021-05-11 10:00:14,220.7,2857118
2021-05-11 10:00:15,220.7,2857382
2021-05-11 10:00:16,220.7,2857434
2021-05-11 10:00:17,220.7,2857445
2021-05-11 10:00:19,220.6,2857749
2021-05-11 10:00:20,220.6,2858038
2021-05-11 10:00:22,220.6,2858432
2021-05-11 10:00:23,220.6,2859051
2021-05-11 10:00:24,220.6,2859775
2021-05-11 10:00:24,220.55,2860228
2021-05-11 10:00:25,220.55,2860487
2021-05-11 10:00:27,220.55,2860538
2021-05-11 10:00:27,220.6,2861150
2021-05-11 10:00:29,220.65,2861429
2021-05-11 10:00:29,220.6,2861487
2021-05-11 10:00:30,220.6,2861498
2021-05-11 10:00:32,220.6,2862536
2021-05-11 10:00:32,220.6,2862743
2021-05-11 10:00:33,220.6,2862771
2021-05-11 10:00:35,220.65,2862790
2021-05-11 10:00:35,220.65,2862794
2021-05-11 10:00:36,220.6,2862798
2021-05-11 10:00:37,220.55,2862799
2021-05-11 10:00:38,220.55,2863611
2021-05-11 10:00:39,220.65,2864137
2021-05-11 10:00:41,220.7,2864390
2021-05-11 10:00:42,220.8,2865941
2021-05-11 10:00:43,220.8,2868482
2021-05-11 10:00:44,220.7,2868963
2021-05-11 10:00:45,220.75,2869087
2021-05-11 10:00:46,220.75,2869111
2021-05-11 10:00:47,220.75,2869159
2021-05-11 10:00:47,220.65,2869151
2021-05-11 10:00:48,220.75,2869161
2021-05-11 10:00:50,220.65,2869179
2021-05-11 10:00:51,220.65,2869933
2021-05-11 10:00:52,220.65,2870102
2021-05-11 10:00:53,220.7,2870183
2021-05-11 10:00:54,220.65,2870275
2021-05-11 10:00:55,220.7,2870293
2021-05-11 10:00:56,220.7,2870297
2021-05-11 10:00:57,220.7,2870297
2021-05-11 10:00:58,220.65,2870303
2021-05-11 10:00:58,220.7,2870305
2021-05-11 10:00:59,220.7,2870305
2021-05-11 10:01:00,220.65,2870764
2021-05-11 10:01:01,220.75,2870856
2021-05-11 10:01:03,220.7,2870874
2021-05-11 10:01:04,220.75,2871526
2021-05-11 10:01:06,220.8,2872803
2021-05-11 10:01:05,220.85,2872590
2021-05-11 10:01:07,220.75,2872962
2021-05-11 10:01:07,220.8,2872993
2021-05-11 10:01:08,220.75,2873224
2021-05-11 10:01:10,220.8,2873551
2021-05-11 10:01:11,220.9,2873626
2021-05-11 10:01:13,220.8,2873674
2021-05-11 10:01:14,220.85,2873681
2021-05-11 10:01:15,220.8,2873688
2021-05-11 10:01:16,220.85,2873690
2021-05-11 10:01:17,220.85,2873690
2021-05-11 10:01:18,220.8,2873695
2021-05-11 10:01:19,220.8,2873796
2021-05-11 10:01:20,220.8,2874333
2021-05-11 10:01:21,220.9,2874441
2021-05-11 10:01:22,220.9,2874562
2021-05-11 10:01:23,220.9,2874586
2021-05-11 10:01:24,220.9,2874591
2021-05-11 10:01:25,220.9,2874592
2021-05-11 10:01:25,220.9,2874592
2021-05-11 10:01:27,220.8,2874752
2021-05-11 10:01:28,220.9,2874784
2021-05-11 10:01:29,220.8,2874795
2021-05-11 10:01:30,220.9,2874797
2021-05-11 10:01:31,220.8,2874801
2021-05-11 10:01:31,220.9,2874802
2021-05-11 10:01:32,220.9,2874803
2021-05-11 10:01:33,220.9,2874809
2021-05-11 10:01:34,220.85,2874810
2021-05-11 10:01:35,220.8,2875094
2021-05-11 10:01:36,220.85,2875151
2021-05-11 10:01:38,220.8,2875184
2021-05-11 10:01:39,220.85,2875191
2021-05-11 10:01:39,220.85,2875192
2021-05-11 10:01:42,220.85,2875397
2021-05-11 10:01:43,220.9,2875425
2021-05-11 10:01:44,220.9,2876769
2021-05-11 10:01:45,221.0,2877384
2021-05-11 10:01:46,221.0,2881570
2021-05-11 10:01:47,221.0,2883826
2021-05-11 10:01:47,220.95,2882477
2021-05-11 10:01:48,221.1,2888112
2021-05-11 10:01:50,221.15,2889892
2021-05-11 10:01:51,221.1,2891372
2021-05-11 10:01:51,221.15,2891668
2021-05-11 10:01:52,221.1,2891738
2021-05-11 10:01:54,221.15,2893368
2021-05-11 10:01:55,221.2,2897946
2021-05-11 10:01:56,221.15,2901425
2021-05-11 10:01:57,221.2,2906146
2021-05-11 10:01:58,221.2,2923251
2021-05-11 10:01:59,221.2,2923251
2021-05-11 10:02:00,221.15,2923272
2021-05-11 10:02:01,221.15,2923276
2021-05-11 10:02:02,221.05,2930219
2021-05-11 10:02:02,221.1,2930269
2021-05-11 10:02:03,221.15,2932020
2021-05-11 10:02:04,221.15,2939968
2021-05-11 10:02:06,221.15,2940643
2021-05-11 10:02:07,221.05,2941906
2021-05-11 10:02:08,221.15,2942110
2021-05-11 10:02:10,221.25,2957665
2021-05-11 10:02:11,221.15,2957719
2021-05-11 10:02:12,221.15,2957830
2021-05-11 10:02:13,221.15,2957852
2021-05-11 10:02:14,221.15,2957909
2021-05-11 10:02:15,221.0,2958053
2021-05-11 10:02:15,221.1,2958082
2021-05-11 10:02:17,221.1,2958155
2021-05-11 10:02:18,221.15,2958158
2021-05-11 10:02:20,221.1,2960203
2021-05-11 10:02:21,221.1,2960537
2021-05-11 10:02:22,221.15,2960779
2021-05-11 10:02:23,221.15,2960840
2021-05-11 10:02:24,221.05,2960952
2021-05-11 10:02:25,220.95,2966938
2021-05-11 10:02:26,221.0,2968135
2021-05-11 10:02:27,221.0,2968374
2021-05-11 10:02:28,220.95,2968508
2021-05-11 10:02:28,220.9,2968504
2021-05-11 10:02:29,220.9,2975262
2021-05-11 10:02:30,220.9,2977044
2021-05-11 10:02:31,220.95,2977600
2021-05-11 10:02:32,220.95,2977711
2021-05-11 10:02:34,220.95,2977733
2021-05-11 10:02:35,220.85,2980283
2021-05-11 10:02:36,220.85,2980810
2021-05-11 10:02:37,220.95,2980965
2021-05-11 10:02:38,220.9,2981001
2021-05-11 10:02:39,220.95,2981009
2021-05-11 10:02:40,220.9,2982546
2021-05-11 10:02:41,220.9,2982853
2021-05-11 10:02:42,220.9,2984153
2021-05-11 10:02:43,220.9,2984841
2021-05-11 10:02:44,220.95,2986685
2021-05-11 10:02:45,220.95,2987054
2021-05-11 10:02:45,220.9,2988278
2021-05-11 10:02:46,220.9,2988523
2021-05-11 10:02:47,220.85,2988576
2021-05-11 10:02:48,220.85,2988686
2021-05-11 10:02:49,220.9,2989758
2021-05-11 10:02:50,220.9,2990633
2021-05-11 10:02:52,220.85,2990874
2021-05-11 10:02:52,220.9,2990966
2021-05-11 10:02:54,220.9,2991221
2021-05-11 10:02:55,221.0,2991273
2021-05-11 10:02:56,220.9,2991334
2021-05-11 10:02:57,221.0,2991347
2021-05-11 10:02:59,221.0,2991602
2021-05-11 10:03:00,220.9,2991656
2021-05-11 10:03:00,221.0,2991895
2021-05-11 10:03:01,221.0,2992051
2021-05-11 10:03:02,221.0,2992051
2021-05-11 10:03:04,221.05,2992479
2021-05-11 10:03:05,221.0,2992661
2021-05-11 10:03:06,221.0,2992678
2021-05-11 10:03:08,221.0,2992782
2021-05-11 10:03:09,221.0,2992782
2021-05-11 10:03:10,221.0,2993156
2021-05-11 10:03:11,221.0,2994457
2021-05-11 10:03:12,221.0,2994777
2021-05-11 10:03:13,221.0,2994777
2021-05-11 10:03:14,221.05,2994778
2021-05-11 10:03:15,221.0,2994779
2021-05-11 10:03:16,221.0,2994780
2021-05-11 10:03:17,221.0,2994780
2021-05-11 10:03:17,221.0,2994995
2021-05-11 10:03:18,221.0,2994995
2021-05-11 10:03:20,221.0,2995150
2021-05-11 10:03:21,221.0,2995166
2021-05-11 10:03:22,221.0,2995316
2021-05-11 10:03:23,221.0,2995327
2021-05-11 10:03:23,221.0,2995327
2021-05-11 10:03:24,221.0,2995327
2021-05-11 10:03:25,221.0,2995327
2021-05-11 10:03:27,221.05,3000572
2021-05-11 10:03:28,221.15,3000581
2021-05-11 10:03:29,221.15,3000581
2021-05-11 10:03:31,221.05,3000587
2021-05-11 10:03:32,221.05,3000587
2021-05-11 10:03:33,221.15,3000757
2021-05-11 10:03:33,221.15,3000757
2021-05-11 10:03:34,221.15,3000807
2021-05-11 10:03:35,221.15,3001007
2021-05-11 10:03:36,221.0,3001024
2021-05-11 10:03:38,221.0,3002024
2021-05-11 10:03:39,221.0,3002024
2021-05-11 10:03:40,221.0,3002474
2021-05-11 10:03:41,221.0,3002564
2021-05-11 10:03:42,221.0,3002582
2021-05-11 10:03:43,220.95,3002592
2021-05-11 10:03:45,221.0,3002619
2021-05-11 10:03:46,220.95,3003389
2021-05-11 10:03:47,221.0,3003543
2021-05-11 10:03:48,220.95,3003578
2021-05-11 10:03:49,221.0,3003758
2021-05-11 10:03:50,221.0,3003794
2021-05-11 10:03:51,221.0,3003801
2021-05-11 10:03:52,220.95,3003821
2021-05-11 10:03:53,221.0,3003826
2021-05-11 10:03:54,221.0,3003827
2021-05-11 10:03:55,220.95,3003828
2021-05-11 10:03:56,220.9,3005867
2021-05-11 10:03:57,221.0,3005922
2021-05-11 10:03:58,221.0,3006291
2021-05-11 10:03:59,220.95,3006365
2021-05-11 10:04:00,220.85,3008024
2021-05-11 10:04:01,220.9,3008356
2021-05-11 10:04:02,220.9,3008423
2021-05-11 10:04:03,220.9,3008443
2021-05-11 10:04:04,220.9,3008710
2021-05-11 10:04:05,220.75,3010802
2021-05-11 10:04:06,220.75,3011222
2021-05-11 10:04:07,220.85,3011526
2021-05-11 10:04:09,220.8,3012027
2021-05-11 10:04:08,220.75,3011944
2021-05-11 10:04:10,220.85,3012235
2021-05-11 10:04:11,220.8,3012276
2021-05-11 10:04:14,220.8,3014986
2021-05-11 10:04:13,220.7,3014570
2021-05-11 10:04:15,220.8,3015575
2021-05-11 10:04:16,220.75,3015707
2021-05-11 10:04:17,220.75,3015734
2021-05-11 10:04:18,220.75,3015795
2021-05-11 10:04:19,220.75,3016198
2021-05-11 10:04:20,220.7,3016735
2021-05-11 10:04:21,220.7,3018775
2021-05-11 10:04:22,220.75,3019200
2021-05-11 10:04:23,220.8,3019285
2021-05-11 10:04:24,220.75,3019332
2021-05-11 10:04:25,220.6,3024866
2021-05-11 10:04:26,220.8,3025973
2021-05-11 10:04:27,220.8,3026194
2021-05-11 10:04:28,220.8,3026238
2021-05-11 10:04:29,220.8,3026250
2021-05-11 10:04:30,220.7,3026253
2021-05-11 10:04:31,220.8,3026254
2021-05-11 10:04:32,220.6,3028293
2021-05-11 10:04:33,220.75,3028701
2021-05-11 10:04:34,220.75,3028783
2021-05-11 10:04:35,220.75,3028799
2021-05-11 10:04:36,220.65,3028805
2021-05-11 10:04:37,220.7,3028972
2021-05-11 10:04:38,220.7,3029011
2021-05-11 10:04:39,220.75,3029019
2021-05-11 10:04:40,220.7,3033434
2021-05-11 10:04:41,220.8,3033534
2021-05-11 10:04:42,220.85,3034337
2021-05-11 10:04:43,220.85,3034498
2021-05-11 10:04:44,220.85,3034530
2021-05-11 10:04:45,220.85,3034536
2021-05-11 10:04:46,220.9,3034738
2021-05-11 10:04:47,220.85,3034778
2021-05-11 10:04:48,220.8,3035090
2021-05-11 10:04:49,220.85,3035134
2021-05-11 10:04:50,220.95,3035161
2021-05-11 10:04:51,220.65,3037641
2021-05-11 10:04:52,220.8,3038137
2021-05-11 10:04:54,220.75,3038485
2021-05-11 10:04:55,220.8,3038989
2021-05-11 10:04:56,220.8,3039090
2021-05-11 10:04:57,220.8,3039156
2021-05-11 10:04:58,220.75,3039162
2021-05-11 10:04:59,220.85,3039771
2021-05-11 10:05:00,220.8,3041258
2021-05-11 10:05:01,220.8,3041359
2021-05-11 10:05:02,220.8,3041359
2021-05-11 10:05:03,220.75,3041419
2021-05-11 10:05:04,220.75,3041419
2021-05-11 10:05:05,220.75,3041419
2021-05-11 10:05:06,220.65,3041420
2021-05-11 10:05:07,220.65,3041437
2021-05-11 10:05:08,220.65,3041437
2021-05-11 10:05:09,220.7,3041438
2021-05-11 10:05:10,220.7,3041438
2021-05-11 10:05:11,220.7,3041438
2021-05-11 10:05:12,220.7,3041438
2021-05-11 10:05:13,220.7,3041688
2021-05-11 10:05:14,220.7,3041688
2021-05-11 10:05:15,220.65,3041930
2021-05-11 10:05:17,220.65,3042032
2021-05-11 10:05:18,220.65,3042085
2021-05-11 10:05:19,220.65,3042085
2021-05-11 10:05:20,220.65,3042085
2021-05-11 10:05:21,220.65,3042085
2021-05-11 10:05:22,220.65,3042101
2021-05-11 10:05:23,220.65,3042101
2021-05-11 10:05:24,220.65,3042201
2021-05-11 10:05:25,220.65,3042201
2021-05-11 10:05:26,220.65,3042202
2021-05-11 10:05:27,220.6,3044396
2021-05-11 10:05:29,220.55,3044407
2021-05-11 10:05:30,220.55,3044488
2021-05-11 10:05:31,220.55,3044697
2021-05-11 10:05:32,220.55,3044737
2021-05-11 10:05:33,220.55,3044737
2021-05-11 10:05:34,220.55,3044737
2021-05-11 10:05:35,220.55,3044737
2021-05-11 10:05:36,220.5,3044738
2021-05-11 10:05:37,220.4,3059613
2021-05-11 10:05:38,220.3,3068641
2021-05-11 10:05:40,220.3,3068644
2021-05-11 10:05:41,220.3,3068662
2021-05-11 10:05:42,220.3,3068662
2021-05-11 10:05:43,220.3,3068707
2021-05-11 10:05:44,220.3,3068752
2021-05-11 10:05:45,220.3,3069090
2021-05-11 10:05:46,220.35,3070215
2021-05-11 10:05:47,220.35,3070425
2021-05-11 10:05:48,220.3,3070429
2021-05-11 10:05:49,220.3,3070448
2021-05-11 10:05:50,220.3,3074687
2021-05-11 10:05:51,220.25,3074689
2021-05-11 10:05:52,220.3,3074700
2021-05-11 10:05:53,220.3,3074765
2021-05-11 10:05:54,220.3,3075697
2021-05-11 10:05:55,220.25,3075920
2021-05-11 10:05:56,220.25,3075920
2021-05-11 10:05:57,220.3,3076192
2021-05-11 10:05:58,220.3,3076198
2021-05-11 10:05:59,220.25,3076278
2021-05-11 10:06:00,220.25,3077160
2021-05-11 10:06:01,220.3,3077525
2021-05-11 10:06:02,220.3,3077525
2021-05-11 10:06:03,220.2,3077530
2021-05-11 10:06:05,220.2,3077530
2021-05-11 10:06:05,220.2,3077530
2021-05-11 10:06:06,220.2,3077567
2021-05-11 10:06:08,220.3,3077613
2021-05-11 10:06:09,220.3,3077638
2021-05-11 10:06:10,220.25,3077854
2021-05-11 10:06:11,220.25,3077854
2021-05-11 10:06:12,220.15,3080024
2021-05-11 10:06:13,220.1,3080064
2021-05-11 10:06:15,220.2,3080265
2021-05-11 10:06:14,220.2,3080264
2021-05-11 10:06:16,220.3,3081266
2021-05-11 10:06:17,220.3,3081266
2021-05-11 10:06:18,220.3,3081266
2021-05-11 10:06:19,220.2,3081277
2021-05-11 10:06:20,220.2,3081325
2021-05-11 10:06:21,220.2,3081445
2021-05-11 10:06:22,220.2,3081445
2021-05-11 10:06:23,220.2,3081490
2021-05-11 10:06:24,220.15,3081504
2021-05-11 10:06:25,220.15,3081682
2021-05-11 10:06:26,220.1,3081782
2021-05-11 10:06:27,220.1,3081782
2021-05-11 10:06:29,220.15,3082168
2021-05-11 10:06:29,220.1,3082245
2021-05-11 10:06:30,220.1,3082245
2021-05-11 10:06:31,220.2,3082337
2021-05-11 10:06:33,220.15,3082363
2021-05-11 10:06:33,220.2,3082863
2021-05-11 10:06:34,220.2,3082863
2021-05-11 10:06:35,220.2,3083335
2021-05-11 10:06:36,220.3,3088335
2021-05-11 10:06:37,220.2,3088351
2021-05-11 10:06:38,220.25,3088356
2021-05-11 10:06:39,220.25,3088536
2021-05-11 10:06:40,220.25,3088536
2021-05-11 10:06:41,220.25,3088606
2021-05-11 10:06:42,220.25,3088606
2021-05-11 10:06:43,220.25,3088606
2021-05-11 10:06:44,220.25,3088711
2021-05-11 10:06:45,220.25,3088724
2021-05-11 10:06:46,220.3,3088744
2021-05-11 10:06:47,220.3,3088748
2021-05-11 10:06:48,220.25,3088752
2021-05-11 10:06:49,220.25,3088752
2021-05-11 10:06:50,220.25,3089058
2021-05-11 10:06:51,220.15,3091060
2021-05-11 10:06:52,220.15,3091060
2021-05-11 10:06:53,220.25,3091074
2021-05-11 10:06:54,220.25,3091196
2021-05-11 10:06:55,220.25,3091196
2021-05-11 10:06:56,220.25,3091697
2021-05-11 10:06:57,220.25,3091697
2021-05-11 10:06:58,220.2,3091703
2021-05-11 10:06:59,220.25,3091734
2021-05-11 10:07:00,220.2,3092101
2021-05-11 10:07:01,220.2,3092101
2021-05-11 10:07:02,220.2,3092102
2021-05-11 10:07:03,220.2,3092102
2021-05-11 10:07:04,220.25,3093202
2021-05-11 10:07:05,220.2,3093937
2021-05-11 10:07:06,220.2,3100232
2021-05-11 10:07:07,220.15,3100316
2021-05-11 10:07:08,220.3,3103316
2021-05-11 10:07:10,220.2,3103346
2021-05-11 10:07:10,220.2,3103346
2021-05-11 10:07:11,220.2,3103346
2021-05-11 10:07:12,220.15,3103438
2021-05-11 10:07:13,220.2,3103458
2021-05-11 10:07:14,220.2,3103465
2021-05-11 10:07:15,220.2,3103505
2021-05-11 10:07:16,220.2,3103520
2021-05-11 10:07:17,220.2,3103520
2021-05-11 10:07:18,220.2,3103745
2021-05-11 10:07:19,220.2,3103745
2021-05-11 10:07:20,220.2,3103765
2021-05-11 10:07:22,220.1,3103782
2021-05-11 10:07:23,220.1,3103786
2021-05-11 10:07:24,220.2,3103806
2021-05-11 10:07:25,220.2,3103806
2021-05-11 10:07:26,220.1,3104810
2021-05-11 10:07:27,220.1,3104810
2021-05-11 10:07:29,220.1,3104817
2021-05-11 10:07:29,220.1,3104927
2021-05-11 10:07:31,220.2,3106257
2021-05-11 10:07:31,220.2,3106257
2021-05-11 10:07:32,220.2,3106257
2021-05-11 10:07:33,220.2,3106257
2021-05-11 10:07:34,220.2,3106457
2021-05-11 10:07:35,220.2,3106457
2021-05-11 10:07:36,220.1,3106475
2021-05-11 10:07:37,220.1,3106853
2021-05-11 10:07:38,220.1,3106879
2021-05-11 10:07:39,220.1,3107963
2021-05-11 10:07:40,220.1,3107979
2021-05-11 10:07:41,220.15,3107983
2021-05-11 10:07:42,220.1,3108053
2021-05-11 10:07:43,220.15,3108078
2021-05-11 10:07:44,220.15,3108078
2021-05-11 10:07:45,220.0,3125200
2021-05-11 10:07:46,220.0,3125701
2021-05-11 10:07:47,220.0,3125701
2021-05-11 10:07:48,220.0,3125701
2021-05-11 10:07:50,220.0,3128665
2021-05-11 10:07:50,220.0,3128255
2021-05-11 10:07:51,220.1,3128761
2021-05-11 10:07:52,220.1,3128761
2021-05-11 10:07:53,220.1,3128761
2021-05-11 10:07:54,220.1,3128961
2021-05-11 10:07:55,220.2,3128971
2021-05-11 10:07:56,220.2,3128971
2021-05-11 10:07:57,220.2,3128971
2021-05-11 10:07:58,220.1,3129111
2021-05-11 10:07:59,220.1,3129216
2021-05-11 10:08:00,220.1,3129277
2021-05-11 10:08:01,220.15,3129617
2021-05-11 10:08:03,220.1,3129743
2021-05-11 10:08:05,220.1,3129743
2021-05-11 10:08:06,220.1,3130503
2021-05-11 10:08:07,220.1,3130504
2021-05-11 10:08:08,220.1,3130535
2021-05-11 10:08:09,220.1,3130535
2021-05-11 10:08:10,220.1,3130535
2021-05-11 10:08:11,220.15,3130631
2021-05-11 10:08:11,220.15,3130631
2021-05-11 10:08:12,220.1,3130641
2021-05-11 10:08:13,220.2,3130655
2021-05-11 10:08:14,220.2,3130655
2021-05-11 10:08:15,220.1,3130855
2021-05-11 10:08:16,220.2,3130858
2021-05-11 10:08:17,220.2,3130858
2021-05-11 10:08:18,220.15,3130878
2021-05-11 10:08:20,220.15,3130878
2021-05-11 10:08:21,220.15,3130894
2021-05-11 10:08:22,220.2,3130895
2021-05-11 10:08:23,220.2,3130995
2021-05-11 10:08:23,220.2,3130995
2021-05-11 10:08:24,220.2,3130995
2021-05-11 10:08:26,220.2,3130995
2021-05-11 10:08:27,220.2,3131215
2021-05-11 10:08:28,220.15,3131219
2021-05-11 10:08:29,220.15,3131326
2021-05-11 10:08:30,220.15,3131326
2021-05-11 10:08:31,220.15,3131327
2021-05-11 10:08:32,220.15,3131327
2021-05-11 10:08:33,220.2,3131427
2021-05-11 10:08:34,220.2,3131477
2021-05-11 10:08:35,220.15,3131677
2021-05-11 10:08:36,220.2,3131744
2021-05-11 10:08:37,220.15,3131845
2021-05-11 10:08:38,220.1,3131850
2021-05-11 10:08:40,220.1,3131850
2021-05-11 10:08:41,220.1,3131850
2021-05-11 10:08:44,220.0,3132741
2021-05-11 10:08:45,220.0,3132741
2021-05-11 10:08:46,220.05,3132791
2021-05-11 10:08:46,220.05,3132792
2021-05-11 10:08:47,220.15,3133092
2021-05-11 10:08:48,220.1,3133096
2021-05-11 10:08:49,220.0,3133176
2021-05-11 10:08:50,220.0,3133176
2021-05-11 10:08:51,220.1,3133327
2021-05-11 10:08:52,220.0,3133427
2021-05-11 10:08:53,220.0,3133427
2021-05-11 10:08:54,220.0,3133437
2021-05-11 10:08:55,220.0,3133437
2021-05-11 10:08:56,220.05,3133487
2021-05-11 10:08:58,220.0,3133563
2021-05-11 10:08:59,220.0,3133563
2021-05-11 10:09:00,220.0,3133563
2021-05-11 10:09:01,220.0,3133563
2021-05-11 10:09:02,220.0,3133565
2021-05-11 10:09:03,220.0,3133565
2021-05-11 10:09:04,220.05,3133765
2021-05-11 10:09:05,220.05,3134445
2021-05-11 10:09:06,220.05,3134450
2021-05-11 10:09:07,220.0,3134875
2021-05-11 10:09:08,220.05,3134895
2021-05-11 10:09:09,220.05,3134895
2021-05-11 10:09:09,220.05,3134895
2021-05-11 10:09:12,220.05,3134895
2021-05-11 10:09:12,220.0,3134896
2021-05-11 10:09:13,220.15,3142991
2021-05-11 10:09:14,220.15,3142991
2021-05-11 10:09:15,220.15,3142991
2021-05-11 10:09:17,220.3,3143912
2021-05-11 10:09:18,220.35,3144057
2021-05-11 10:09:19,220.35,3144057
2021-05-11 10:09:20,220.4,3144062
2021-05-11 10:09:21,220.45,3144712
2021-05-11 10:09:22,220.4,3144829
2021-05-11 10:09:23,220.45,3148113
2021-05-11 10:09:24,220.45,3148113
2021-05-11 10:09:25,220.45,3148115
2021-05-11 10:09:26,220.45,3148116
2021-05-11 10:09:27,220.45,3148116
2021-05-11 10:09:29,220.45,3148123
2021-05-11 10:09:30,220.5,3148127
2021-05-11 10:09:31,220.55,3148191
2021-05-11 10:09:32,220.45,3159976
2021-05-11 10:09:33,220.4,3159978
2021-05-11 10:09:34,220.25,3162924
2021-05-11 10:09:34,220.25,3162924
2021-05-11 10:09:35,220.45,3162927
2021-05-11 10:09:36,220.3,3162928
2021-05-11 10:09:37,220.45,3163128
2021-05-11 10:09:38,220.45,3163128
2021-05-11 10:09:39,220.45,3163128
2021-05-11 10:09:40,220.3,3163138
2021-05-11 10:09:41,220.3,3163138
2021-05-11 10:09:43,220.3,3163144
2021-05-11 10:09:44,220.45,3163544
2021-05-11 10:09:45,220.45,3163544
2021-05-11 10:09:46,220.45,3163544
2021-05-11 10:09:46,220.4,3163545
2021-05-11 10:09:47,220.4,3163545
2021-05-11 10:09:48,220.45,3163841
2021-05-11 10:09:49,220.45,3164141
2021-05-11 10:09:51,220.4,3164243
2021-05-11 10:09:52,220.45,3164468
2021-05-11 10:09:53,220.45,3166034
2021-05-11 10:09:54,220.45,3166639
2021-05-11 10:09:55,220.45,3166739
2021-05-11 10:09:56,220.45,3167127
2021-05-11 10:09:58,220.45,3172968
2021-05-11 10:09:58,220.4,3176643
2021-05-11 10:10:00,220.3,3176644
2021-05-11 10:10:01,220.4,3176661
2021-05-11 10:10:02,220.4,3176661
2021-05-11 10:10:02,220.4,3176681
2021-05-11 10:10:03,220.4,3176731
2021-05-11 10:10:04,220.4,3176731
2021-05-11 10:10:05,220.25,3178522
2021-05-11 10:10:06,220.4,3178538
2021-05-11 10:10:07,220.4,3178538
2021-05-11 10:10:08,220.4,3178538
2021-05-11 10:10:10,220.25,3178572
2021-05-11 10:10:11,220.3,3178664
2021-05-11 10:10:12,220.4,3178834
2021-05-11 10:10:12,220.4,3178834
2021-05-11 10:10:14,220.4,3178834
2021-05-11 10:10:15,220.4,3178836
2021-05-11 10:10:15,220.4,3178836
2021-05-11 10:10:17,220.4,3178836
2021-05-11 10:10:18,220.35,3184836
2021-05-11 10:10:19,220.35,3184836
2021-05-11 10:10:20,220.35,3184836
2021-05-11 10:10:21,220.35,3184836
2021-05-11 10:10:22,220.2,3184847
2021-05-11 10:10:23,220.2,3184947
2021-05-11 10:10:25,220.15,3185030
2021-05-11 10:10:26,220.15,3185035
2021-05-11 10:10:27,220.15,3185035
2021-05-11 10:10:28,220.15,3185124
2021-05-11 10:10:28,220.1,3185131
2021-05-11 10:10:29,220.1,3185154
2021-05-11 10:10:30,220.1,3185154
2021-05-11 10:10:31,220.2,3187998
2021-05-11 10:10:33,220.0,3188872
2021-05-11 10:10:34,220.0,3188872
2021-05-11 10:10:35,220.1,3188877
2021-05-11 10:10:36,220.0,3189294
2021-05-11 10:10:36,220.0,3189294
2021-05-11 10:10:37,220.0,3189394
2021-05-11 10:10:38,220.0,3189418
2021-05-11 10:10:40,220.05,3191458
2021-05-11 10:10:41,220.15,3191658
2021-05-11 10:10:41,220.0,3191908
2021-05-11 10:10:42,220.15,3191909
2021-05-11 10:10:43,220.15,3191909
2021-05-11 10:10:45,220.1,3191939
2021-05-11 10:10:46,220.1,3192375
2021-05-11 10:10:47,220.0,3194615
2021-05-11 10:10:48,220.05,3194616
2021-05-11 10:10:49,220.1,3195616
2021-05-11 10:10:50,220.1,3195616
2021-05-11 10:10:51,220.0,3196297
2021-05-11 10:10:51,220.0,3196297
2021-05-11 10:10:53,220.0,3198462
2021-05-11 10:10:53,220.0,3198462
2021-05-11 10:10:54,220.0,3201092
2021-05-11 10:10:55,220.05,3203285
2021-05-11 10:10:56,220.05,3203285
2021-05-11 10:10:58,220.0,3205474
2021-05-11 10:10:59,219.9,3207477
2021-05-11 10:11:01,219.9,3209672
2021-05-11 10:11:02,219.95,3210998
2021-05-11 10:11:04,220.05,3213097
2021-05-11 10:11:05,219.95,3213233
2021-05-11 10:11:06,219.85,3216396
2021-05-11 10:11:07,220.0,3217120
2021-05-11 10:11:08,220.0,3221583
2021-05-11 10:11:09,220.15,3223533
2021-05-11 10:11:10,220.05,3231173
2021-05-11 10:11:11,219.95,3232659
2021-05-11 10:11:12,220.05,3232664
2021-05-11 10:11:13,220.05,3232890
2021-05-11 10:11:14,220.05,3232990
2021-05-11 10:11:14,220.05,3232940
2021-05-11 10:11:15,220.05,3233070
2021-05-11 10:11:16,220.05,3233072
2021-05-11 10:11:17,220.05,3233327
2021-05-11 10:11:18,220.05,3235388
2021-05-11 10:11:19,220.05,3235388
2021-05-11 10:11:21,219.95,3237427
2021-05-11 10:11:22,219.95,3237427
2021-05-11 10:11:23,220.0,3237502
2021-05-11 10:11:24,219.95,3243634
2021-05-11 10:11:25,219.9,3246720
2021-05-11 10:11:27,220.1,3253025
2021-05-11 10:11:27,219.85,3255064
2021-05-11 10:11:28,219.9,3256672
2021-05-11 10:11:29,219.9,3256672
2021-05-11 10:11:30,220.1,3262711
2021-05-11 10:11:31,219.85,3264187
2021-05-11 10:11:32,220.0,3266724
2021-05-11 10:11:34,219.95,3271095
2021-05-11 10:11:35,220.0,3271341
2021-05-11 10:11:36,220.05,3275824
2021-05-11 10:11:37,219.9,3277964
2021-05-11 10:11:38,219.95,3282037
2021-05-11 10:11:39,220.0,3283026
2021-05-11 10:11:40,220.1,3283414
2021-05-11 10:11:41,220.1,3284113
2021-05-11 10:11:42,220.1,3284114
2021-05-11 10:11:43,220.15,3284210
2021-05-11 10:11:44,220.1,3290449
2021-05-11 10:11:45,220.1,3290449
2021-05-11 10:11:46,220.2,3290899
2021-05-11 10:11:47,220.2,3291078
2021-05-11 10:11:48,220.25,3295182
2021-05-11 10:11:49,220.25,3295182
2021-05-11 10:11:50,220.25,3302553
2021-05-11 10:11:52,220.0,3305914
2021-05-11 10:11:53,220.1,3306409
2021-05-11 10:11:54,220.05,3311425
2021-05-11 10:11:55,220.05,3311425
2021-05-11 10:11:57,220.1,3312679
2021-05-11 10:11:58,220.1,3312698
2021-05-11 10:11:59,220.15,3313515
2021-05-11 10:12:00,220.2,3313521
2021-05-11 10:12:01,220.2,3314942
2021-05-11 10:12:02,220.2,3314942
2021-05-11 10:12:03,220.2,3319043
2021-05-11 10:12:04,220.2,3320069
2021-05-11 10:12:05,220.2,3320089
2021-05-11 10:12:06,220.2,3320195
2021-05-11 10:12:07,220.25,3323543
2021-05-11 10:12:08,220.25,3323547
2021-05-11 10:12:09,220.25,3324195
2021-05-11 10:12:10,220.25,3324195
2021-05-11 10:12:11,220.25,3324195
2021-05-11 10:12:11,220.25,3324195
2021-05-11 10:12:12,220.25,3324645
2021-05-11 10:12:13,220.25,3324645
2021-05-11 10:12:14,220.25,3324645
2021-05-11 10:12:15,220.25,3324645
2021-05-11 10:12:16,220.25,3324646
2021-05-11 10:12:18,220.25,3324752
2021-05-11 10:12:19,220.25,3324752
2021-05-11 10:12:20,220.25,3324752
2021-05-11 10:12:21,220.3,3328752
2021-05-11 10:12:22,220.25,3328769
2021-05-11 10:12:23,220.3,3328794
2021-05-11 10:12:23,220.3,3328794
2021-05-11 10:12:25,220.25,3328827
2021-05-11 10:12:26,220.25,3328827
2021-05-11 10:12:28,220.25,3329131
2021-05-11 10:12:29,220.25,3329138
2021-05-11 10:12:30,220.25,3329158
2021-05-11 10:12:32,220.25,3329290
2021-05-11 10:12:33,220.25,3330379
2021-05-11 10:12:36,220.25,3330395
2021-05-11 10:12:37,220.25,3330595
2021-05-11 10:12:38,220.25,3330619
2021-05-11 10:12:39,220.25,3330635
2021-05-11 10:12:40,220.25,3330635
2021-05-11 10:12:41,220.25,3330955
2021-05-11 10:12:43,220.25,3331005
2021-05-11 10:12:45,220.25,3331067
2021-05-11 10:12:46,220.25,3331067
2021-05-11 10:12:46,220.25,3331067
2021-05-11 10:12:47,220.25,3331067
2021-05-11 10:12:49,220.2,3333749
2021-05-11 10:12:49,220.2,3333749
2021-05-11 10:12:50,220.2,3333749
2021-05-11 10:12:51,220.2,3333788
2021-05-11 10:12:53,220.2,3333968
2021-05-11 10:12:54,220.15,3334023
2021-05-11 10:12:55,220.2,3336196
2021-05-11 10:12:57,220.2,3340496
2021-05-11 10:12:57,220.2,3340496
2021-05-11 10:12:58,220.2,3341518
2021-05-11 10:12:59,220.25,3341718
2021-05-11 10:13:02,220.3,3342303
2021-05-11 10:13:03,220.25,3355553
2021-05-11 10:13:03,220.25,3355553
2021-05-11 10:13:04,220.25,3355553
2021-05-11 10:13:05,220.1,3355605
2021-05-11 10:13:07,219.9,3360448
2021-05-11 10:13:07,219.9,3360448
2021-05-11 10:13:08,220.0,3360466
2021-05-11 10:13:09,220.0,3360486
2021-05-11 10:13:10,220.0,3360486
2021-05-11 10:13:11,220.0,3360674
2021-05-11 10:13:12,220.0,3360674
2021-05-11 10:13:13,220.05,3360684
2021-05-11 10:13:15,220.05,3361465
2021-05-11 10:13:16,219.9,3362012
2021-05-11 10:13:17,219.9,3362184
2021-05-11 10:13:18,219.95,3362446
2021-05-11 10:13:18,219.85,3362412
2021-05-11 10:13:19,220.0,3362550
2021-05-11 10:13:21,219.9,3362581
2021-05-11 10:13:22,220.0,3362586
2021-05-11 10:13:24,219.95,3362820
2021-05-11 10:13:25,220.0,3362909
2021-05-11 10:13:26,220.0,3363922
2021-05-11 10:13:27,219.95,3363972
2021-05-11 10:13:27,219.95,3363984
2021-05-11 10:13:28,219.85,3364086
2021-05-11 10:13:29,220.0,3364101
2021-05-11 10:13:30,220.0,3364103
2021-05-11 10:13:32,220.0,3364103
2021-05-11 10:13:33,220.0,3364103
2021-05-11 10:13:34,220.0,3364103
2021-05-11 10:13:35,220.0,3364103
2021-05-11 10:13:36,219.9,3364318
2021-05-11 10:13:37,219.9,3364388
2021-05-11 10:13:37,220.0,3364398
2021-05-11 10:13:38,220.0,3364900
2021-05-11 10:13:39,219.9,3364976
2021-05-11 10:13:40,220.0,3364987
2021-05-11 10:13:41,220.0,3364989
2021-05-11 10:13:42,220.0,3365357
2021-05-11 10:13:43,220.0,3365423
2021-05-11 10:13:44,220.0,3365432
2021-05-11 10:13:45,220.0,3365514
2021-05-11 10:13:46,220.0,3365526
2021-05-11 10:13:48,219.85,3367528
2021-05-11 10:13:49,219.95,3367632
2021-05-11 10:13:50,220.0,3367649
2021-05-11 10:13:51,220.0,3367651
2021-05-11 10:13:52,219.95,3367769
2021-05-11 10:13:53,219.95,3368543
2021-05-11 10:13:53,219.95,3368630
2021-05-11 10:13:54,220.0,3369643
2021-05-11 10:13:55,220.0,3369791
2021-05-11 10:13:56,220.0,3369918
2021-05-11 10:13:58,219.95,3370008
2021-05-11 10:13:58,219.9,3370036
2021-05-11 10:14:00,219.95,3370040
2021-05-11 10:14:00,219.95,3370041
2021-05-11 10:14:01,219.95,3370914
2021-05-11 10:14:02,220.0,3371050
2021-05-11 10:14:04,220.0,3371075
2021-05-11 10:14:05,219.95,3371154
2021-05-11 10:14:06,220.0,3371166
2021-05-11 10:14:07,219.95,3371185
2021-05-11 10:14:08,220.0,3371202
2021-05-11 10:14:09,220.0,3371204
2021-05-11 10:14:10,220.0,3371205
2021-05-11 10:14:11,220.0,3371205
2021-05-11 10:14:12,220.0,3371206
2021-05-11 10:14:12,220.0,3371205
2021-05-11 10:14:13,220.0,3371416
2021-05-11 10:14:14,220.0,3371447
2021-05-11 10:14:16,220.0,3371452
2021-05-11 10:14:17,220.0,3371527
2021-05-11 10:14:18,220.05,3373914
2021-05-11 10:14:19,220.05,3374157
2021-05-11 10:14:19,220.05,3374413
2021-05-11 10:14:20,220.05,3374439
2021-05-11 10:14:21,220.05,3374439
2021-05-11 10:14:22,220.05,3374439
2021-05-11 10:14:24,220.05,3374439
2021-05-11 10:14:25,220.05,3374439
2021-05-11 10:14:26,220.05,3374514
2021-05-11 10:14:27,220.05,3374514
2021-05-11 10:14:28,220.05,3374514
2021-05-11 10:14:28,220.05,3374521
2021-05-11 10:14:29,220.05,3374571
2021-05-11 10:14:30,220.05,3374571
2021-05-11 10:14:31,220.05,3374572
2021-05-11 10:14:32,220.05,3374576
2021-05-11 10:14:34,220.05,3374647
2021-05-11 10:14:35,220.05,3374647
2021-05-11 10:14:36,220.05,3374663
2021-05-11 10:14:37,220.05,3374693
2021-05-11 10:14:38,220.1,3374798
2021-05-11 10:14:39,220.1,3374798
2021-05-11 10:14:40,220.15,3374808
2021-05-11 10:14:41,220.1,3374913
2021-05-11 10:14:42,220.1,3374913
2021-05-11 10:14:43,220.15,3374914
2021-05-11 10:14:45,220.15,3374914
2021-05-11 10:14:44,220.15,3374914
2021-05-11 10:14:46,220.15,3374914
2021-05-11 10:14:47,220.15,3374914
2021-05-11 10:14:48,220.1,3374918
2021-05-11 10:14:49,220.1,3374965
2021-05-11 10:14:50,220.15,3375071
2021-05-11 10:14:51,220.15,3375088
2021-05-11 10:14:52,220.15,3375188
2021-05-11 10:14:53,220.15,3375188
2021-05-11 10:14:54,220.15,3375188
2021-05-11 10:14:55,220.15,3375188
2021-05-11 10:14:56,220.15,3375188
2021-05-11 10:14:57,220.15,3375188
2021-05-11 10:14:58,220.15,3375194
2021-05-11 10:14:59,220.2,3375240
2021-05-11 10:15:00,220.2,3375240
2021-05-11 10:15:01,220.2,3375332
2021-05-11 10:15:02,220.2,3375427
2021-05-11 10:15:03,220.15,3376198
2021-05-11 10:15:04,220.15,3376218
2021-05-11 10:15:05,220.15,3376218
2021-05-11 10:15:07,220.1,3376235
2021-05-11 10:15:08,220.1,3376362
2021-05-11 10:15:09,220.1,3376362
2021-05-11 10:15:10,220.1,3376683
2021-05-11 10:15:11,220.1,3376683
2021-05-11 10:15:12,220.1,3376783
2021-05-11 10:15:13,220.05,3376883
2021-05-11 10:15:14,220.05,3376883
2021-05-11 10:15:15,220.05,3376883
2021-05-11 10:15:16,220.1,3376913
2021-05-11 10:15:17,220.05,3376999
2021-05-11 10:15:18,220.05,3377004
2021-05-11 10:15:19,220.1,3377333
2021-05-11 10:15:20,220.1,3377333
2021-05-11 10:15:21,220.0,3377334
2021-05-11 10:15:22,220.0,3379623
2021-05-11 10:15:23,219.95,3379973
2021-05-11 10:15:24,220.0,3380035
2021-05-11 10:15:25,220.0,3380141
2021-05-11 10:15:26,220.0,3388187
2021-05-11 10:15:27,220.05,3388914
2021-05-11 10:15:28,220.05,3388918
2021-05-11 10:15:29,220.05,3388939
2021-05-11 10:15:30,220.05,3388939
2021-05-11 10:15:31,220.05,3388939
2021-05-11 10:15:32,220.05,3388941
2021-05-11 10:15:33,220.05,3388941
2021-05-11 10:15:34,220.1,3388942
2021-05-11 10:15:35,220.1,3388944
2021-05-11 10:15:36,220.05,3389034
2021-05-11 10:15:37,220.0,3389078
2021-05-11 10:15:38,220.05,3389086
2021-05-11 10:15:39,220.0,3389100
2021-05-11 10:15:40,220.1,3389110
2021-05-11 10:15:41,220.0,3389125
2021-05-11 10:15:42,220.0,3389125
2021-05-11 10:15:43,220.0,3389580
2021-05-11 10:15:46,220.3,3391009
2021-05-11 10:15:47,220.3,3391009
2021-05-11 10:15:48,220.3,3391009
2021-05-11 10:15:49,220.3,3391009
2021-05-11 10:15:50,220.2,3391025
2021-05-11 10:15:51,220.25,3391027
2021-05-11 10:15:52,220.3,3391129
2021-05-11 10:15:53,220.3,3391129
2021-05-11 10:15:54,220.3,3391129
2021-05-11 10:15:55,220.3,3391129
2021-05-11 10:15:57,220.3,3391529
2021-05-11 10:15:59,220.25,3394534
2021-05-11 10:16:00,220.35,3394584
2021-05-11 10:16:01,220.35,3394584
2021-05-11 10:16:02,220.35,3394584
2021-05-11 10:16:03,220.35,3394584
2021-05-11 10:16:04,220.35,3394634
2021-05-11 10:16:05,220.35,3394634
2021-05-11 10:16:06,220.3,3394652
2021-05-11 10:16:07,220.3,3394652
2021-05-11 10:16:08,220.3,3394656
2021-05-11 10:16:09,220.3,3394958
2021-05-11 10:16:10,220.3,3394958
2021-05-11 10:16:12,220.3,3394958
2021-05-11 10:16:13,220.3,3394959
2021-05-11 10:16:14,220.3,3394962
2021-05-11 10:16:15,220.3,3394962
2021-05-11 10:16:16,220.2,3394964
2021-05-11 10:16:17,220.25,3395220
2021-05-11 10:16:18,220.2,3397118
2021-05-11 10:16:19,220.2,3397118
2021-05-11 10:16:20,220.2,3397118
2021-05-11 10:16:21,220.2,3397118
2021-05-11 10:16:22,220.1,3397134
2021-05-11 10:16:23,220.1,3397134
2021-05-11 10:16:24,220.1,3397134
2021-05-11 10:16:25,220.1,3397135
2021-05-11 10:16:26,220.1,3397135
2021-05-11 10:16:27,220.1,3397135
2021-05-11 10:16:28,220.1,3397146
2021-05-11 10:16:29,220.1,3397153
2021-05-11 10:16:30,220.1,3398139
2021-05-11 10:16:31,220.1,3398143
2021-05-11 10:16:32,220.1,3398193
2021-05-11 10:16:33,220.05,3398353
2021-05-11 10:16:34,220.05,3398353
2021-05-11 10:16:35,220.05,3398354
2021-05-11 10:16:36,220.05,3398354
2021-05-11 10:16:37,220.0,3398373
2021-05-11 10:16:38,220.0,3398667
2021-05-11 10:16:39,220.0,3398667
2021-05-11 10:16:40,220.05,3398681
2021-05-11 10:16:41,220.0,3398831
2021-05-11 10:16:43,220.05,3399150
2021-05-11 10:16:42,220.0,3398831
2021-05-11 10:16:44,220.1,3399260
2021-05-11 10:16:45,220.1,3399260
2021-05-11 10:16:46,220.15,3399687
2021-05-11 10:16:47,220.15,3399768
2021-05-11 10:16:48,220.2,3399875
2021-05-11 10:16:49,220.3,3403885
2021-05-11 10:16:50,220.3,3404020
2021-05-11 10:16:51,220.3,3404020
2021-05-11 10:16:52,220.35,3404029
2021-05-11 10:16:53,220.35,3404046
2021-05-11 10:16:54,220.35,3404046
2021-05-11 10:16:55,220.3,3404056
2021-05-11 10:16:57,220.35,3404156
2021-05-11 10:16:58,220.3,3404162
2021-05-11 10:16:59,220.35,3404269
2021-05-11 10:17:01,220.35,3404269
2021-05-11 10:17:02,220.3,3404408
2021-05-11 10:17:03,220.3,3405165
2021-05-11 10:17:05,220.35,3405185
2021-05-11 10:17:06,220.35,3405185
2021-05-11 10:17:06,220.3,3405202
2021-05-11 10:17:07,220.3,3405203
2021-05-11 10:17:08,220.3,3405207
2021-05-11 10:17:09,220.3,3410260
2021-05-11 10:17:10,220.3,3410260
2021-05-11 10:17:11,220.3,3410260
2021-05-11 10:17:13,220.3,3410260
2021-05-11 10:17:14,220.3,3410260
2021-05-11 10:17:14,220.3,3410260
2021-05-11 10:17:15,220.25,3412334
2021-05-11 10:17:16,220.25,3412334
2021-05-11 10:17:17,220.25,3412334
2021-05-11 10:17:18,220.2,3413997
2021-05-11 10:17:20,220.35,3415997
2021-05-11 10:17:20,220.25,3416214
2021-05-11 10:17:22,220.3,3420214
2021-05-11 10:17:22,220.25,3420230
2021-05-11 10:17:26,220.35,3420340
2021-05-11 10:17:30,220.35,3421885
2021-05-11 10:17:33,220.35,3422236
2021-05-11 10:17:40,220.45,3422409
2021-05-11 10:17:43,220.4,3422634
2021-05-11 10:17:47,220.35,3423017
2021-05-11 10:17:51,220.35,3423634
2021-05-11 10:17:55,220.45,3425019
2021-05-11 10:17:58,220.5,3425169
2021-05-11 10:18:02,220.4,3429380
2021-05-11 10:18:06,220.4,3435044
2021-05-11 10:18:10,220.4,3436891
2021-05-11 10:18:13,220.3,3440749
2021-05-11 10:18:17,220.35,3440758
2021-05-11 10:18:20,220.3,3440899
2021-05-11 10:18:24,220.35,3442110
2021-05-11 10:18:27,220.35,3442140
2021-05-11 10:18:31,220.4,3442199
2021-05-11 10:18:35,220.4,3443160
2021-05-11 10:18:38,220.45,3443937
2021-05-11 10:18:42,220.5,3444187
2021-05-11 10:18:45,220.45,3444341
2021-05-11 10:18:48,220.45,3444343
2021-05-11 10:18:52,220.5,3444658
2021-05-11 10:18:55,220.45,3444969
2021-05-11 10:18:58,220.45,3445789
2021-05-11 10:19:01,220.45,3445940
2021-05-11 10:19:08,220.5,3446329
2021-05-11 10:19:12,220.45,3446639
2021-05-11 10:19:15,220.5,3447290
2021-05-11 10:19:19,220.45,3447633
2021-05-11 10:19:22,220.45,3447652
2021-05-11 10:19:25,220.45,3447673
2021-05-11 10:19:28,220.45,3447674
2021-05-11 10:19:31,220.5,3447691
2021-05-11 10:19:35,220.45,3447836
2021-05-11 10:19:38,220.45,3447890
2021-05-11 10:19:42,220.6,3452310
2021-05-11 10:19:45,220.55,3454314
2021-05-11 10:19:49,220.55,3456437
2021-05-11 10:19:52,220.5,3460194
2021-05-11 10:19:55,220.55,3462270
2021-05-11 10:19:58,220.45,3462290
2021-05-11 10:20:01,220.45,3462291
2021-05-11 10:20:04,220.5,3463817
2021-05-11 10:20:07,220.55,3464021
2021-05-11 10:20:10,220.5,3464063
2021-05-11 10:20:14,220.55,3465583
2021-05-11 10:20:18,220.5,3465592
2021-05-11 10:20:21,220.5,3465687
2021-05-11 10:20:25,220.5,3465779
2021-05-11 10:20:28,220.55,3466119
2021-05-11 10:20:32,220.65,3466121
2021-05-11 10:20:35,220.55,3466127
2021-05-11 10:20:39,220.6,3466169
2021-05-11 10:20:43,220.55,3466230
2021-05-11 10:20:47,220.55,3467335
2021-05-11 10:20:50,220.65,3467667
2021-05-11 10:20:53,220.55,3467896
2021-05-11 10:20:56,220.65,3468367
2021-05-11 10:20:59,220.55,3468372
2021-05-11 10:21:06,220.6,3468833
2021-05-11 10:21:09,220.55,3468899
2021-05-11 10:21:12,220.55,3468900
2021-05-11 10:21:16,220.65,3469010
2021-05-11 10:21:19,220.55,3469036
2021-05-11 10:21:22,220.6,3469153
2021-05-11 10:21:25,220.6,3469305
2021-05-11 10:21:29,220.65,3469322
2021-05-11 10:21:32,220.7,3469397
2021-05-11 10:21:36,220.65,3469877
2021-05-11 10:21:40,220.7,3469961
2021-05-11 10:21:43,220.7,3470086
2021-05-11 10:21:46,220.65,3470097
2021-05-11 10:21:49,220.65,3470097
2021-05-11 10:21:53,220.7,3470129
2021-05-11 10:21:56,220.65,3470152
2021-05-11 10:21:59,220.65,3472206
2021-05-11 10:22:02,220.65,3472207
2021-05-11 10:22:05,220.65,3472212
2021-05-11 10:22:08,220.65,3472233
2021-05-11 10:22:11,220.75,3472833
2021-05-11 10:22:14,220.75,3472833
2021-05-11 10:22:17,220.65,3472980
2021-05-11 10:22:20,220.7,3472985
2021-05-11 10:22:23,220.75,3473604
2021-05-11 10:22:26,220.65,3473844
2021-05-11 10:22:29,220.7,3473851
2021-05-11 10:22:32,220.7,3473953
2021-05-11 10:22:35,220.7,3474158
2021-05-11 10:22:38,220.8,3474222
2021-05-11 10:22:41,220.8,3474222
2021-05-11 10:22:45,220.75,3474226
2021-05-11 10:22:48,220.75,3474804
2021-05-11 10:22:51,220.7,3474905
2021-05-11 10:22:54,220.7,3474965
2021-05-11 10:22:57,220.7,3475024
2021-05-11 10:23:00,220.7,3475146
2021-05-11 10:23:03,220.7,3475372
2021-05-11 10:23:06,220.75,3475450
2021-05-11 10:23:09,220.7,3476628
2021-05-11 10:23:13,220.7,3476724
2021-05-11 10:23:16,220.7,3476731
2021-05-11 10:23:19,220.75,3476831
2021-05-11 10:23:22,220.7,3476848
2021-05-11 10:23:26,220.7,3477474
2021-05-11 10:23:29,220.65,3478503
2021-05-11 10:23:32,220.8,3479122
2021-05-11 10:23:35,220.75,3484072
2021-05-11 10:23:39,220.85,3484338
2021-05-11 10:23:42,220.85,3484338
2021-05-11 10:23:45,220.85,3485017
2021-05-11 10:23:52,220.75,3485214
2021-05-11 10:23:55,220.75,3485214
2021-05-11 10:23:58,220.85,3486504
2021-05-11 10:24:02,220.9,3487462
2021-05-11 10:24:06,220.85,3488118
2021-05-11 10:24:09,220.9,3488187
2021-05-11 10:24:12,220.9,3488188
2021-05-11 10:24:15,220.9,3488839
2021-05-11 10:24:18,220.95,3488968
2021-05-11 10:24:22,220.9,3489318
2021-05-11 10:24:26,220.9,3489367
2021-05-11 10:24:31,220.95,3489509
2021-05-11 10:24:34,220.95,3489671
2021-05-11 10:24:38,220.9,3489781
2021-05-11 10:24:41,220.95,3489881
2021-05-11 10:24:45,220.9,3489885
2021-05-11 10:24:48,220.9,3489953
2021-05-11 10:24:52,220.9,3490069
2021-05-11 10:24:55,220.9,3490131
2021-05-11 10:24:58,220.95,3490256
2021-05-11 10:25:01,220.95,3491266
2021-05-11 10:25:05,220.9,3492076
2021-05-11 10:25:09,220.9,3492409
2021-05-11 10:25:12,220.95,3492459
2021-05-11 10:25:16,220.9,3492511
2021-05-11 10:25:19,220.9,3493159
2021-05-11 10:25:23,220.95,3493177
2021-05-11 10:25:27,220.95,3493648
2021-05-11 10:25:31,220.9,3493886
2021-05-11 10:25:34,220.95,3494047
2021-05-11 10:25:38,220.9,3494226
2021-05-11 10:25:41,220.8,3496014
2021-05-11 10:25:45,220.8,3496190
2021-05-11 10:25:48,220.8,3496421
2021-05-11 10:25:51,220.8,3496441
2021-05-11 10:25:55,220.8,3498837
2021-05-11 10:25:58,220.8,3498837
2021-05-11 10:26:02,220.6,3500293
2021-05-11 10:26:05,220.65,3500444
2021-05-11 10:26:09,220.65,3506526
2021-05-11 10:26:12,220.6,3508889
2021-05-11 10:26:15,220.7,3509133
2021-05-11 10:26:19,220.75,3509592
2021-05-11 10:26:21,220.75,3512961
2021-05-11 10:26:24,220.85,3512963
2021-05-11 10:26:28,220.85,3513067
2021-05-11 10:26:31,220.65,3515113
2021-05-11 10:26:34,220.8,3515674
2021-05-11 10:26:37,220.75,3516502
2021-05-11 10:26:40,220.95,3522167
2021-05-11 10:26:43,221.1,3534025
2021-05-11 10:26:47,221.1,3539582
2021-05-11 10:26:50,221.0,3545081
2021-05-11 10:26:53,221.1,3548539
2021-05-11 10:26:56,221.2,3550394
2021-05-11 10:26:59,221.05,3553908
2021-05-11 10:27:03,221.1,3554682
2021-05-11 10:27:06,221.05,3556143
2021-05-11 10:27:10,221.1,3556542
2021-05-11 10:27:13,221.1,3557354
2021-05-11 10:27:16,221.2,3557970
2021-05-11 10:27:20,221.2,3558983
2021-05-11 10:27:23,221.0,3561627
2021-05-11 10:27:27,221.15,3561662
2021-05-11 10:27:30,221.1,3562012
2021-05-11 10:27:34,221.0,3562762
2021-05-11 10:27:37,221.05,3562950
2021-05-11 10:27:40,221.0,3563545
2021-05-11 10:27:44,221.05,3563745
2021-05-11 10:27:47,221.05,3566144
2021-05-11 10:27:50,221.05,3566707
2021-05-11 10:27:53,221.0,3566901
2021-05-11 10:27:56,220.95,3566906
2021-05-11 10:27:59,221.0,3567348
2021-05-11 10:28:03,220.95,3567797
2021-05-11 10:28:06,220.95,3567960
2021-05-11 10:28:09,221.0,3568497
2021-05-11 10:28:12,220.95,3568747
2021-05-11 10:28:15,221.0,3568898
2021-05-11 10:28:19,220.95,3569785
2021-05-11 10:28:22,220.9,3569935
2021-05-11 10:28:26,220.85,3572036
2021-05-11 10:28:29,220.9,3574866
2021-05-11 10:28:32,220.9,3575983
2021-05-11 10:28:36,220.85,3576528
2021-05-11 10:28:39,220.8,3576544
2021-05-11 10:28:42,220.8,3578813
2021-05-11 10:28:45,220.8,3578993
2021-05-11 10:28:49,220.65,3581190
2021-05-11 10:28:52,220.65,3581191
2021-05-11 10:28:55,220.7,3582556
2021-05-11 10:28:58,220.6,3584770
2021-05-11 10:29:02,220.75,3584971
2021-05-11 10:29:05,220.7,3585981
2021-05-11 10:29:08,220.7,3587428
2021-05-11 10:29:12,220.65,3588023
2021-05-11 10:29:19,220.85,3589065
2021-05-11 10:29:22,220.85,3589082
2021-05-11 10:29:25,220.85,3589082
2021-05-11 10:29:29,220.7,3592779
2021-05-11 10:29:32,220.7,3592900
2021-05-11 10:29:36,220.8,3592974
2021-05-11 10:29:39,220.85,3594776
2021-05-11 10:29:42,220.85,3595496
2021-05-11 10:29:44,220.8,3596065
2021-05-11 10:29:48,220.8,3596565
2021-05-11 10:29:51,220.85,3597165
2021-05-11 10:29:54,220.75,3597282
2021-05-11 10:29:57,220.8,3597291
2021-05-11 10:30:01,220.8,3598125
2021-05-11 10:30:04,220.75,3598702
2021-05-11 10:30:07,220.8,3598842
2021-05-11 10:30:10,220.8,3598947
2021-05-11 10:30:13,220.8,3599507
2021-05-11 10:30:16,220.75,3599514
2021-05-11 10:30:20,220.8,3599934
2021-05-11 10:30:23,220.85,3599965
2021-05-11 10:30:27,220.8,3600369
2021-05-11 10:30:30,220.85,3600482
2021-05-11 10:30:39,220.85,3602471
2021-05-11 10:30:42,220.85,3602771
2021-05-11 10:30:45,220.8,3603026
2021-05-11 10:30:49,220.8,3603376
2021-05-11 10:30:52,220.8,3603393
2021-05-11 10:30:58,220.8,3603642
2021-05-11 10:31:02,220.85,3605656
2021-05-11 10:31:05,220.85,3605815
2021-05-11 10:31:08,220.8,3606377
2021-05-11 10:31:11,220.85,3607397
2021-05-11 10:31:18,220.85,3607753
2021-05-11 10:31:21,220.75,3612484
2021-05-11 10:31:24,220.75,3612850
2021-05-11 10:31:27,220.75,3615007
2021-05-11 10:31:30,220.65,3615047
2021-05-11 10:31:33,220.85,3615655
2021-05-11 10:31:36,220.75,3616259
2021-05-11 10:31:39,220.75,3616309
2021-05-11 10:31:43,220.65,3616501
2021-05-11 10:31:46,220.65,3616706
2021-05-11 10:31:49,220.65,3617898
2021-05-11 10:31:52,220.65,3618124
2021-05-11 10:31:55,220.6,3621053
2021-05-11 10:31:58,220.75,3621173
2021-05-11 10:32:01,220.7,3621222
2021-05-11 10:32:04,220.7,3621251
2021-05-11 10:32:07,220.7,3621481
2021-05-11 10:32:09,220.65,3621632
2021-05-11 10:32:12,220.65,3621632
2021-05-11 10:32:16,220.6,3622086
2021-05-11 10:32:19,220.65,3622216
2021-05-11 10:32:22,220.6,3622232
2021-05-11 10:32:23,220.75,3622482
2021-05-11 10:32:24,220.8,3622833
2021-05-11 10:32:25,220.7,3622858
2021-05-11 10:32:26,220.7,3622858
2021-05-11 10:32:27,220.7,3622858
2021-05-11 10:32:28,220.7,3623008
2021-05-11 10:32:29,220.8,3624040
2021-05-11 10:32:30,220.8,3624140
2021-05-11 10:32:31,220.8,3624140
2021-05-11 10:32:32,220.8,3624140
2021-05-11 10:32:34,220.7,3624142
2021-05-11 10:32:35,220.7,3624142
2021-05-11 10:32:36,220.7,3624159
2021-05-11 10:32:37,220.7,3624160
2021-05-11 10:32:38,220.7,3624160
2021-05-11 10:32:39,220.7,3624160
2021-05-11 10:32:40,220.7,3624165
2021-05-11 10:32:40,220.7,3624165
2021-05-11 10:32:42,220.7,3624165
2021-05-11 10:32:43,220.7,3624265
2021-05-11 10:32:44,220.75,3625365
2021-05-11 10:32:45,220.7,3625370
2021-05-11 10:32:46,220.75,3625470
2021-05-11 10:32:47,220.75,3625470
2021-05-11 10:32:49,220.75,3625470
2021-05-11 10:32:50,220.7,3625480
2021-05-11 10:32:51,220.7,3625480
2021-05-11 10:32:52,220.7,3625481
2021-05-11 10:32:53,220.7,3625497
2021-05-11 10:32:54,220.7,3625772
2021-05-11 10:32:55,220.75,3626378
2021-05-11 10:32:55,220.7,3625778
2021-05-11 10:32:56,220.75,3626378
2021-05-11 10:32:57,220.75,3626378
2021-05-11 10:32:59,220.7,3626749
2021-05-11 10:32:59,220.7,3626749
2021-05-11 10:33:00,220.75,3626754
2021-05-11 10:33:02,220.7,3626776
2021-05-11 10:33:03,220.75,3626908
2021-05-11 10:33:03,220.75,3626908
2021-05-11 10:33:04,220.75,3626908
2021-05-11 10:33:06,220.8,3627312
2021-05-11 10:33:07,220.65,3627492
2021-05-11 10:33:07,220.7,3627468
2021-05-11 10:33:08,220.65,3627505
2021-05-11 10:33:11,220.7,3627665
2021-05-11 10:33:10,220.7,3627557
2021-05-11 10:33:11,220.65,3627718
2021-05-11 10:33:12,220.65,3627736
2021-05-11 10:33:13,220.6,3627739
2021-05-11 10:33:14,220.6,3627739
2021-05-11 10:33:15,220.6,3627746
2021-05-11 10:33:16,220.6,3627873
2021-05-11 10:33:17,220.7,3628792
2021-05-11 10:33:18,220.6,3630381
2021-05-11 10:33:19,220.6,3630631
2021-05-11 10:33:20,220.45,3632981
2021-05-11 10:33:22,220.35,3633709
2021-05-11 10:33:23,220.45,3633818
2021-05-11 10:33:24,220.5,3634334
2021-05-11 10:33:24,220.4,3634412
2021-05-11 10:33:25,220.45,3634444
2021-05-11 10:33:26,220.4,3634513
2021-05-11 10:33:27,220.5,3634624
2021-05-11 10:33:28,220.4,3634647
2021-05-11 10:33:29,220.4,3634651
2021-05-11 10:33:30,220.35,3635151
2021-05-11 10:33:32,220.4,3635227
2021-05-11 10:33:33,220.4,3635339
2021-05-11 10:33:34,220.4,3635356
2021-05-11 10:33:35,220.4,3635358
2021-05-11 10:33:36,220.4,3635358
2021-05-11 10:33:37,220.4,3635388
2021-05-11 10:33:38,220.4,3635551
2021-05-11 10:33:39,220.5,3636122
2021-05-11 10:33:41,220.35,3636278
2021-05-11 10:33:42,220.35,3636281
2021-05-11 10:33:43,220.35,3636282
2021-05-11 10:33:43,220.4,3636307
2021-05-11 10:33:44,220.4,3636315
2021-05-11 10:33:46,220.4,3636316
2021-05-11 10:33:48,220.4,3636318
2021-05-11 10:33:49,220.4,3636318
2021-05-11 10:33:50,220.4,3636327
2021-05-11 10:33:51,220.4,3636346
2021-05-11 10:33:52,220.4,3636450
2021-05-11 10:33:53,220.4,3637859
2021-05-11 10:33:53,220.4,3638070
2021-05-11 10:33:55,220.4,3639107
2021-05-11 10:33:55,220.4,3639262
2021-05-11 10:33:56,220.4,3639405
2021-05-11 10:33:57,220.4,3639427
2021-05-11 10:33:59,220.4,3639430
2021-05-11 10:34:00,220.45,3639481
2021-05-11 10:34:01,220.4,3639489
