timestamp,ltp,volume
2021-05-12 09:16:40,3414.55,7088
2021-05-12 09:16:45,3415.0,7283
2021-05-12 09:16:50,3417.45,7306
2021-05-12 09:16:55,3417.95,7353
2021-05-12 09:17:00,3417.0,7355
2021-05-12 09:17:05,3417.0,7379
2021-05-12 09:17:10,3417.85,7580
2021-05-12 09:17:15,3415.15,7599
2021-05-12 09:17:19,3415.9,7750
2021-05-12 09:17:24,3417.9,7857
2021-05-12 09:17:29,3415.5,7859
2021-05-12 09:17:34,3415.45,7934
2021-05-12 09:17:39,3417.8,7936
2021-05-12 09:17:43,3417.8,7936
2021-05-12 09:17:48,3417.8,7990
2021-05-12 09:17:53,3416.0,8135
2021-05-12 09:17:58,3417.75,8163
2021-05-12 09:18:02,3419.0,8334
2021-05-12 09:18:07,3417.75,8340
2021-05-12 09:18:12,3416.05,8357
2021-05-12 09:18:16,3418.0,8396
2021-05-12 09:18:21,3419.4,8829
2021-05-12 09:18:26,3419.4,8892
2021-05-12 09:18:30,3418.05,8928
2021-05-12 09:18:35,3419.4,9000
2021-05-12 09:18:40,3419.4,9015
2021-05-12 09:18:44,3418.05,9065
2021-05-12 09:18:49,3418.0,9081
2021-05-12 09:18:53,3418.9,9185
2021-05-12 09:18:58,3417.0,9200
2021-05-12 09:19:03,3418.5,9319
2021-05-12 09:19:07,3418.4,9334
2021-05-12 09:19:12,3415.05,9628
2021-05-12 09:19:17,3415.45,9633
2021-05-12 09:19:21,3415.65,10040
2021-05-12 09:19:26,3416.9,10280
2021-05-12 09:19:30,3415.95,10373
2021-05-12 09:19:35,3415.0,10466
2021-05-12 09:19:39,3416.45,10536
2021-05-12 09:19:44,3416.45,10554
2021-05-12 09:19:49,3416.45,10554
2021-05-12 09:19:53,3415.05,10557
2021-05-12 09:19:58,3416.45,10560
2021-05-12 09:20:03,3415.0,10582
2021-05-12 09:20:07,3415.0,10586
2021-05-12 09:20:12,3413.9,10660
2021-05-12 09:20:16,3415.05,10668
2021-05-12 09:20:21,3415.05,10668
2021-05-12 09:20:25,3413.9,10675
2021-05-12 09:20:30,3414.0,10691
2021-05-12 09:20:35,3413.9,10701
2021-05-12 09:20:39,3414.0,10707
2021-05-12 09:20:44,3414.0,11048
2021-05-12 09:20:48,3415.05,11366
2021-05-12 09:20:52,3415.9,11371
2021-05-12 09:20:57,3415.05,11424
2021-05-12 09:21:01,3418.0,11528
2021-05-12 09:21:06,3417.2,11615
2021-05-12 09:21:10,3417.15,11682
2021-05-12 09:21:15,3417.0,11683
2021-05-12 09:21:19,3417.1,11733
2021-05-12 09:21:23,3415.0,11824
2021-05-12 09:21:27,3415.75,12135
2021-05-12 09:21:32,3415.75,12145
2021-05-12 09:21:36,3415.75,12247
2021-05-12 09:21:41,3415.0,12432
2021-05-12 09:21:45,3414.0,12483
2021-05-12 09:21:50,3414.0,12483
2021-05-12 09:21:55,3414.0,12763
2021-05-12 09:21:59,3410.4,13688
2021-05-12 09:22:03,3412.5,13737
2021-05-12 09:22:08,3411.45,13739
2021-05-12 09:22:12,3410.05,13820
2021-05-12 09:22:16,3410.45,13941
2021-05-12 09:22:21,3410.0,14421
2021-05-12 09:22:25,3410.5,14431
2021-05-12 09:22:30,3410.0,14974
2021-05-12 09:22:34,3411.2,14979
2021-05-12 09:22:39,3411.2,14979
2021-05-12 09:22:43,3411.15,15141
2021-05-12 09:22:48,3411.0,15194
2021-05-12 09:22:52,3410.1,15249
2021-05-12 09:22:57,3410.0,15406
2021-05-12 09:23:01,3410.05,15426
2021-05-12 09:23:06,3412.45,15622
2021-05-12 09:23:10,3410.05,15626
2021-05-12 09:23:14,3410.0,15655
2021-05-12 09:23:19,3410.05,15749
2021-05-12 09:23:23,3410.0,15825
2021-05-12 09:23:28,3412.25,15880
2021-05-12 09:23:32,3410.55,15906
2021-05-12 09:23:37,3411.0,15929
2021-05-12 09:23:41,3411.7,15973
2021-05-12 09:23:45,3411.7,15995
2021-05-12 09:23:50,3411.9,15996
2021-05-12 09:23:54,3411.1,16008
2021-05-12 09:23:58,3411.1,16026
2021-05-12 09:24:03,3411.7,16149
2021-05-12 09:24:07,3411.7,16152
2021-05-12 09:24:12,3412.0,16448
2021-05-12 09:24:16,3411.0,16457
2021-05-12 09:24:20,3411.0,16485
2021-05-12 09:24:25,3411.0,16489
2021-05-12 09:24:29,3411.0,16489
2021-05-12 09:24:33,3411.7,16542
2021-05-12 09:24:42,3411.7,16565
2021-05-12 09:24:46,3411.7,17007
2021-05-12 09:24:51,3412.45,17032
2021-05-12 09:24:55,3411.7,17034
2021-05-12 09:25:00,3412.45,17045
2021-05-12 09:25:04,3412.0,17118
2021-05-12 09:25:08,3411.5,17146
2021-05-12 09:25:12,3411.5,17241
2021-05-12 09:25:16,3410.5,17274
2021-05-12 09:25:21,3408.0,17612
2021-05-12 09:25:25,3409.5,17722
2021-05-12 09:25:30,3408.1,17829
2021-05-12 09:25:34,3409.45,17834
2021-05-12 09:25:39,3409.15,17946
2021-05-12 09:25:43,3409.4,17974
2021-05-12 09:25:48,3409.4,18140
2021-05-12 09:25:52,3409.4,18146
2021-05-12 09:25:57,3409.4,18147
2021-05-12 09:26:01,3410.05,18249
2021-05-12 09:26:05,3410.8,18254
2021-05-12 09:26:10,3411.0,18275
2021-05-12 09:26:14,3410.75,18300
2021-05-12 09:26:18,3410.95,18411
2021-05-12 09:26:23,3411.0,18413
2021-05-12 09:26:27,3409.55,18425
2021-05-12 09:26:32,3410.8,18503
2021-05-12 09:26:36,3411.0,18505
2021-05-12 09:26:41,3410.0,18594
2021-05-12 09:26:45,3411.45,18596
2021-05-12 09:26:49,3411.45,18650
2021-05-12 09:26:53,3411.45,18650
2021-05-12 09:26:58,3411.25,18689
2021-05-12 09:27:02,3410.9,18718
2021-05-12 09:27:06,3410.9,18721
2021-05-12 09:27:11,3410.9,18721
2021-05-12 09:27:15,3411.8,18809
2021-05-12 09:27:19,3411.8,18809
2021-05-12 09:27:24,3412.0,18826
2021-05-12 09:27:28,3414.1,20281
2021-05-12 09:27:32,3411.95,20301
2021-05-12 09:27:36,3411.95,20301
2021-05-12 09:27:40,3409.2,20374
2021-05-12 09:27:45,3409.4,20414
2021-05-12 09:27:49,3411.7,20467
2021-05-12 09:27:53,3410.05,20491
2021-05-12 09:27:57,3410.0,20537
2021-05-12 09:28:01,3409.6,20568
2021-05-12 09:28:06,3409.6,20568
2021-05-12 09:28:10,3410.9,20584
2021-05-12 09:28:14,3408.9,20674
2021-05-12 09:28:18,3407.0,20749
2021-05-12 09:28:22,3406.2,20906
2021-05-12 09:28:26,3406.2,20948
2021-05-12 09:28:35,3406.4,21013
2021-05-12 09:28:39,3406.4,21013
2021-05-12 09:28:43,3407.95,21018
2021-05-12 09:28:51,3407.8,21087
2021-05-12 09:28:55,3407.7,21201
2021-05-12 09:28:59,3407.7,21223
2021-05-12 09:29:03,3408.0,21250
2021-05-12 09:29:11,3408.0,21564
2021-05-12 09:29:15,3408.0,21576
2021-05-12 09:29:20,3408.0,21589
2021-05-12 09:29:27,3407.75,21658
2021-05-12 09:29:31,3408.0,21910
2021-05-12 09:29:35,3409.35,21919
2021-05-12 09:29:39,3409.3,21937
2021-05-12 09:29:43,3409.3,21937
2021-05-12 09:29:47,3409.3,21949
2021-05-12 09:29:51,3409.3,21949
2021-05-12 09:29:55,3409.3,21949
2021-05-12 09:29:59,3409.3,21969
2021-05-12 09:30:04,3409.3,22019
2021-05-12 09:30:08,3409.6,22022
2021-05-12 09:30:12,3408.05,22076
2021-05-12 09:30:16,3409.3,22086
2021-05-12 09:30:20,3407.0,22591
2021-05-12 09:30:24,3409.0,22610
2021-05-12 09:30:29,3409.0,22615
2021-05-12 09:30:33,3409.0,22621
2021-05-12 09:30:37,3409.0,22626
2021-05-12 09:30:41,3409.0,22793
2021-05-12 09:30:45,3408.95,22807
2021-05-12 09:30:49,3409.0,22842
2021-05-12 09:30:53,3408.0,22846
2021-05-12 09:30:57,3409.0,22883
2021-05-12 09:31:01,3408.0,22919
2021-05-12 09:31:06,3409.65,22969
2021-05-12 09:31:10,3408.95,23027
2021-05-12 09:31:14,3407.3,23042
2021-05-12 09:31:18,3407.0,23257
2021-05-12 09:31:22,3407.0,23257
2021-05-12 09:31:27,3408.0,23260
2021-05-12 09:31:30,3408.0,23262
2021-05-12 09:31:35,3408.0,23262
2021-05-12 09:31:39,3408.0,23262
2021-05-12 09:31:43,3408.6,23273
2021-05-12 09:31:47,3409.0,23276
2021-05-12 09:31:52,3409.0,23278
2021-05-12 09:31:56,3408.6,23313
2021-05-12 09:32:00,3409.0,23338
2021-05-12 09:32:04,3407.0,23507
2021-05-12 09:32:08,3410.45,23625
2021-05-12 09:32:12,3409.6,23645
2021-05-12 09:32:17,3408.0,23650
2021-05-12 09:32:21,3408.0,23650
2021-05-12 09:32:25,3409.6,23651
2021-05-12 09:32:33,3409.5,23852
2021-05-12 09:32:37,3409.5,23852
2021-05-12 09:32:41,3410.0,23911
2021-05-12 09:32:45,3411.25,23921
2021-05-12 09:32:49,3411.5,23923
2021-05-12 09:32:53,3411.5,23975
2021-05-12 09:32:57,3413.0,23985
2021-05-12 09:33:01,3412.95,24089
2021-05-12 09:33:05,3413.0,24109
2021-05-12 09:33:08,3412.95,24112
2021-05-12 09:33:12,3412.0,24118
2021-05-12 09:33:16,3411.65,24140
2021-05-12 09:33:20,3408.4,25319
2021-05-12 09:33:23,3408.4,25319
2021-05-12 09:33:27,3408.4,25319
2021-05-12 09:33:31,3409.0,25464
2021-05-12 09:33:35,3409.0,25465
2021-05-12 09:33:39,3409.0,25492
2021-05-12 09:33:43,3409.0,25493
2021-05-12 09:33:47,3407.3,25550
2021-05-12 09:33:51,3407.3,25550
2021-05-12 09:33:59,3408.95,25641
2021-05-12 09:34:02,3407.0,25668
2021-05-12 09:34:07,3408.75,25696
2021-05-12 09:34:10,3408.65,25704
2021-05-12 09:34:14,3408.5,25755
2021-05-12 09:34:18,3408.5,25756
2021-05-12 09:34:22,3407.05,25757
2021-05-12 09:34:25,3407.0,25803
2021-05-12 09:34:29,3407.0,25803
2021-05-12 09:34:32,3408.3,25830
2021-05-12 09:34:36,3408.3,25971
2021-05-12 09:34:40,3408.3,25983
2021-05-12 09:34:44,3408.3,25983
2021-05-12 09:34:48,3408.3,25983
2021-05-12 09:34:52,3408.3,25983
2021-05-12 09:34:56,3407.3,25984
2021-05-12 09:35:00,3407.3,25984
2021-05-12 09:35:04,3408.3,26006
2021-05-12 09:35:07,3408.3,26217
2021-05-12 09:35:11,3408.3,26229
2021-05-12 09:35:14,3408.3,26273
2021-05-12 09:35:18,3408.3,26273
2021-05-12 09:35:21,3408.3,26299
2021-05-12 09:35:24,3409.15,26319
2021-05-12 09:35:28,3409.15,26319
2021-05-12 09:35:32,3409.15,26319
2021-05-12 09:35:36,3408.3,26335
2021-05-12 09:35:39,3408.3,26335
2021-05-12 09:35:43,3408.3,26351
2021-05-12 09:35:47,3409.2,26363
2021-05-12 09:35:50,3409.1,26398
2021-05-12 09:35:54,3409.1,26418
2021-05-12 09:35:57,3407.7,26436
2021-05-12 09:36:01,3405.05,27024
2021-05-12 09:36:05,3405.05,27095
2021-05-12 09:36:09,3406.5,27106
2021-05-12 09:36:13,3405.0,27659
2021-05-12 09:36:17,3405.0,27721
2021-05-12 09:36:21,3405.0,27722
2021-05-12 09:36:24,3405.05,27774
2021-05-12 09:36:28,3405.05,28532
2021-05-12 09:36:32,3405.05,28853
2021-05-12 09:36:36,3405.0,28881
2021-05-12 09:36:40,3405.0,28897
2021-05-12 09:36:44,3405.0,28897
2021-05-12 09:36:47,3405.05,28922
2021-05-12 09:36:50,3405.0,28978
2021-05-12 09:36:54,3405.0,29040
2021-05-12 09:36:57,3405.0,29048
2021-05-12 09:37:01,3404.85,29860
2021-05-12 09:37:04,3404.85,29865
2021-05-12 09:37:08,3404.1,30372
2021-05-12 09:37:12,3404.65,30477
2021-05-12 09:37:15,3403.05,30519
2021-05-12 09:37:19,3404.8,30537
2021-05-12 09:37:23,3403.05,30553
2021-05-12 09:37:26,3403.1,30676
2021-05-12 09:37:30,3403.1,30676
2021-05-12 09:37:33,3403.1,30814
2021-05-12 09:37:37,3403.05,30893
2021-05-12 09:37:41,3402.85,31648
2021-05-12 09:37:45,3401.4,31748
2021-05-12 09:37:49,3403.1,31781
2021-05-12 09:37:53,3401.9,31816
2021-05-12 09:37:57,3401.55,31958
2021-05-12 09:38:01,3402.95,31965
2021-05-12 09:38:04,3402.95,32024
2021-05-12 09:38:08,3402.95,32112
2021-05-12 09:38:12,3401.15,32356
2021-05-12 09:38:15,3401.3,32495
2021-05-12 09:38:19,3401.3,32495
2021-05-12 09:38:22,3408.6,33318
2021-05-12 09:38:26,3409.6,33323
2021-05-12 09:38:30,3406.5,33332
2021-05-12 09:38:33,3408.55,33351
2021-05-12 09:38:37,3408.55,33351
2021-05-12 09:38:41,3408.45,33360
2021-05-12 09:38:44,3408.3,33393
2021-05-12 09:38:48,3406.15,33406
2021-05-12 09:38:51,3408.2,33411
2021-05-12 09:38:54,3408.1,33416
2021-05-12 09:38:58,3408.05,33418
2021-05-12 09:39:02,3405.95,33451
2021-05-12 09:39:05,3406.1,33569
2021-05-12 09:39:16,3407.9,33619
2021-05-12 09:39:20,3408.5,33649
2021-05-12 09:39:24,3408.2,33685
2021-05-12 09:39:28,3407.85,33710
2021-05-12 09:39:32,3406.15,33712
2021-05-12 09:39:36,3407.8,33745
2021-05-12 09:39:40,3407.8,33745
2021-05-12 09:39:43,3407.9,33777
2021-05-12 09:39:47,3405.5,33808
2021-05-12 09:39:50,3405.3,33817
2021-05-12 09:39:54,3407.0,33897
2021-05-12 09:39:57,3406.1,33917
2021-05-12 09:40:01,3406.1,33917
2021-05-12 09:40:05,3406.1,33917
2021-05-12 09:40:08,3407.0,33954
2021-05-12 09:40:16,3406.1,34055
2021-05-12 09:40:19,3405.0,34126
2021-05-12 09:40:23,3406.0,34159
2021-05-12 09:40:27,3405.0,34191
2021-05-12 09:40:31,3405.0,34249
2021-05-12 09:40:35,3405.0,34301
2021-05-12 09:40:39,3405.0,34326
2021-05-12 09:40:43,3404.25,34327
2021-05-12 09:40:46,3404.9,34364
2021-05-12 09:40:50,3406.45,34664
2021-05-12 09:40:54,3406.45,34664
2021-05-12 09:40:58,3408.0,34707
2021-05-12 09:41:02,3408.0,34717
2021-05-12 09:41:06,3408.4,34721
2021-05-12 09:41:10,3408.7,34732
2021-05-12 09:41:14,3408.4,34753
2021-05-12 09:41:18,3408.8,34754
2021-05-12 09:41:22,3408.0,34764
2021-05-12 09:41:26,3407.0,34861
2021-05-12 09:41:30,3406.75,35072
2021-05-12 09:41:35,3406.75,35072
2021-05-12 09:41:39,3406.45,35086
2021-05-12 09:41:42,3406.45,35105
2021-05-12 09:41:47,3407.0,35216
2021-05-12 09:41:51,3407.0,35284
2021-05-12 09:41:55,3406.95,35366
2021-05-12 09:41:58,3406.95,35568
2021-05-12 09:42:01,3406.95,35568
2021-05-12 09:42:05,3406.95,35568
2021-05-12 09:42:08,3406.95,35578
2021-05-12 09:42:12,3406.95,35586
2021-05-12 09:42:16,3406.95,35689
2021-05-12 09:42:20,3407.0,35705
2021-05-12 09:42:24,3405.2,36002
2021-05-12 09:42:28,3408.7,36127
2021-05-12 09:42:32,3406.05,36140
2021-05-12 09:42:36,3407.7,36201
2021-05-12 09:42:40,3407.7,36204
2021-05-12 09:42:44,3406.05,36259
2021-05-12 09:42:47,3406.05,36304
2021-05-12 09:42:51,3406.05,36470
2021-05-12 09:42:54,3406.1,36484
2021-05-12 09:42:58,3406.05,36488
2021-05-12 09:43:01,3407.6,36581
2021-05-12 09:43:05,3406.05,36721
2021-05-12 09:43:08,3407.5,36726
2021-05-12 09:43:11,3406.05,36731
2021-05-12 09:43:15,3406.1,36776
2021-05-12 09:43:18,3406.0,36777
2021-05-12 09:43:22,3406.1,36800
2021-05-12 09:43:26,3406.1,36802
2021-05-12 09:43:29,3406.1,36803
2021-05-12 09:43:33,3406.1,36805
2021-05-12 09:43:36,3406.1,36806
2021-05-12 09:43:40,3406.1,36824
2021-05-12 09:43:43,3406.05,36829
2021-05-12 09:43:47,3406.1,36830
2021-05-12 09:43:50,3406.05,36837
2021-05-12 09:43:54,3406.1,36840
2021-05-12 09:43:57,3406.1,36845
2021-05-12 09:44:01,3407.95,36948
2021-05-12 09:44:04,3406.3,36952
2021-05-12 09:44:08,3407.9,36972
2021-05-12 09:44:11,3407.9,36974
2021-05-12 09:44:15,3406.45,37017
2021-05-12 09:44:18,3406.35,37019
2021-05-12 09:44:22,3406.05,37064
2021-05-12 09:44:26,3406.05,37064
2021-05-12 09:44:30,3407.85,37086
2021-05-12 09:44:36,3407.95,37121
2021-05-12 09:44:40,3407.9,37124
2021-05-12 09:44:43,3407.95,37149
2021-05-12 09:44:47,3407.95,37149
2021-05-12 09:44:51,3407.95,37163
2021-05-12 09:44:54,3407.95,37163
2021-05-12 09:45:04,3407.95,37196
2021-05-12 09:45:07,3407.8,37197
2021-05-12 09:45:11,3407.9,37229
2021-05-12 09:45:14,3407.4,37403
2021-05-12 09:45:18,3408.0,37503
2021-05-12 09:45:22,3408.0,37503
2021-05-12 09:45:25,3409.25,37520
2021-05-12 09:45:29,3409.25,37520
2021-05-12 09:45:32,3409.25,37521
2021-05-12 09:45:36,3409.2,37533
2021-05-12 09:45:39,3409.45,37763
2021-05-12 09:45:43,3407.35,38159
2021-05-12 09:45:47,3407.35,38162
2021-05-12 09:45:50,3408.25,38192
2021-05-12 09:45:54,3407.45,38195
2021-05-12 09:45:58,3409.35,38198
2021-05-12 09:46:01,3407.4,38218
2021-05-12 09:46:05,3407.4,38218
2021-05-12 09:46:09,3409.35,38277
2021-05-12 09:46:12,3409.0,38283
2021-05-12 09:46:16,3409.0,38283
2021-05-12 09:46:19,3409.0,38283
2021-05-12 09:46:22,3411.95,39051
2021-05-12 09:46:26,3411.1,39061
2021-05-12 09:46:30,3411.1,39073
2021-05-12 09:46:33,3410.35,39178
2021-05-12 09:46:37,3410.35,39178
2021-05-12 09:46:41,3410.2,39331
2021-05-12 09:46:45,3410.2,39362
2021-05-12 09:46:48,3409.0,39378
2021-05-12 09:46:52,3409.0,39380
2021-05-12 09:47:03,3408.1,39592
2021-05-12 09:47:06,3411.1,39733
2021-05-12 09:47:10,3411.1,39733
2021-05-12 09:47:13,3410.2,39748
2021-05-12 09:47:17,3410.2,39748
2021-05-12 09:47:21,3409.9,39841
2021-05-12 09:47:24,3410.1,39843
2021-05-12 09:47:28,3408.4,39845
2021-05-12 09:47:32,3409.75,39848
2021-05-12 09:47:35,3408.7,39851
2021-05-12 09:47:38,3409.8,39862
2021-05-12 09:47:45,3409.8,39919
2021-05-12 09:47:49,3409.8,39924
2021-05-12 09:47:52,3409.8,39924
2021-05-12 09:47:55,3409.1,40242
2021-05-12 09:48:02,3410.0,40245
2021-05-12 09:48:06,3409.8,40246
2021-05-12 09:48:10,3410.0,40297
2021-05-12 09:48:13,3410.0,40298
2021-05-12 09:48:17,3410.0,40298
2021-05-12 09:48:21,3409.95,40300
2021-05-12 09:48:24,3410.0,40315
2021-05-12 09:48:28,3409.15,40321
2021-05-12 09:48:35,3410.0,40323
2021-05-12 09:48:38,3410.0,40323
2021-05-12 09:48:42,3410.0,40328
2021-05-12 09:48:45,3410.0,40352
2021-05-12 09:48:49,3408.4,40678
2021-05-12 09:48:53,3408.4,40678
2021-05-12 09:48:56,3408.4,40678
2021-05-12 09:49:00,3408.4,40681
2021-05-12 09:49:07,3409.85,40683
2021-05-12 09:49:11,3409.85,40683
2021-05-12 09:49:14,3409.85,40926
2021-05-12 09:49:17,3410.0,40928
2021-05-12 09:49:20,3410.0,40968
2021-05-12 09:49:23,3410.0,40970
2021-05-12 09:49:26,3410.0,40970
2021-05-12 09:49:29,3410.0,40979
2021-05-12 09:49:32,3410.0,41094
2021-05-12 09:49:35,3410.0,41119
2021-05-12 09:49:39,3408.6,41132
2021-05-12 09:49:43,3410.0,41832
2021-05-12 09:49:46,3412.9,42713
2021-05-12 09:49:49,3412.9,42713
2021-05-12 09:49:52,3410.75,42793
2021-05-12 09:49:55,3412.8,42799
2021-05-12 09:49:58,3412.8,42799
2021-05-12 09:50:01,3411.2,42820
2021-05-12 09:50:04,3412.7,43013
2021-05-12 09:50:08,3412.75,43043
2021-05-12 09:50:11,3413.45,43593
2021-05-12 09:50:14,3414.5,43612
2021-05-12 09:50:18,3414.5,43612
2021-05-12 09:50:21,3414.5,43625
2021-05-12 09:50:25,3414.5,43626
2021-05-12 09:50:28,3414.0,43650
2021-05-12 09:50:31,3414.95,43742
2021-05-12 09:50:35,3413.0,43754
2021-05-12 09:50:38,3414.0,43762
2021-05-12 09:50:42,3414.0,43767
2021-05-12 09:50:45,3411.7,43807
2021-05-12 09:50:48,3413.85,43809
2021-05-12 09:50:51,3411.85,43815
2021-05-12 09:50:54,3411.85,43815
2021-05-12 09:50:58,3411.85,43815
2021-05-12 09:51:01,3413.7,43817
2021-05-12 09:51:05,3412.25,43821
2021-05-12 09:51:08,3412.25,43821
2021-05-12 09:51:11,3412.25,43821
2021-05-12 09:51:15,3413.7,43823
2021-05-12 09:51:18,3412.6,43831
2021-05-12 09:51:22,3413.0,43835
2021-05-12 09:51:25,3413.7,43888
2021-05-12 09:51:28,3413.7,43951
2021-05-12 09:51:31,3413.95,43954
2021-05-12 09:51:35,3413.7,44005
2021-05-12 09:51:38,3413.95,44106
2021-05-12 09:51:41,3413.95,44106
2021-05-12 09:51:45,3413.9,44161
2021-05-12 09:51:48,3413.9,44166
2021-05-12 09:51:51,3414.0,44515
2021-05-12 09:51:54,3415.2,45272
2021-05-12 09:51:57,3417.85,45274
2021-05-12 09:52:00,3418.0,45595
2021-05-12 09:52:04,3418.0,45595
2021-05-12 09:52:07,3417.85,45597
2021-05-12 09:52:10,3419.0,45637
2021-05-12 09:52:13,3418.0,45638
2021-05-12 09:52:16,3418.0,45638
2021-05-12 09:52:20,3418.0,45669
2021-05-12 09:52:23,3418.0,45669
2021-05-12 09:52:26,3416.6,45697
2021-05-12 09:52:29,3413.0,46080
2021-05-12 09:52:33,3413.0,46145
2021-05-12 09:52:36,3413.0,46145
2021-05-12 09:52:40,3414.15,46181
2021-05-12 09:52:43,3414.15,46196
2021-05-12 09:52:47,3414.15,46196
2021-05-12 09:52:50,3414.15,46196
2021-05-12 09:52:54,3414.15,46196
2021-05-12 09:52:57,3414.65,46263
2021-05-12 09:53:00,3414.65,46263
2021-05-12 09:53:03,3414.65,46263
2021-05-12 09:53:07,3414.65,46263
2021-05-12 09:53:10,3414.65,46263
2021-05-12 09:53:13,3414.9,46269
2021-05-12 09:53:17,3415.2,46279
2021-05-12 09:53:20,3415.2,46279
2021-05-12 09:53:23,3414.9,46280
2021-05-12 09:53:26,3414.9,46280
2021-05-12 09:53:29,3414.9,46280
2021-05-12 09:53:32,3414.9,46281
2021-05-12 09:53:36,3415.9,46282
2021-05-12 09:53:39,3416.6,46292
2021-05-12 09:53:43,3415.25,46302
2021-05-12 09:53:46,3415.15,46307
2021-05-12 09:53:50,3416.6,46312
2021-05-12 09:53:53,3416.55,46317
2021-05-12 09:53:56,3415.25,46335
2021-05-12 09:53:59,3415.5,46485
2021-05-12 09:54:02,3416.6,46621
2021-05-12 09:54:05,3416.6,46628
2021-05-12 09:54:09,3416.6,46628
2021-05-12 09:54:12,3415.0,46629
2021-05-12 09:54:15,3414.5,46787
2021-05-12 09:54:19,3414.5,46787
2021-05-12 09:54:22,3413.0,46843
2021-05-12 09:54:25,3413.0,46843
2021-05-12 09:54:29,3412.0,46845
2021-05-12 09:54:32,3413.8,47045
2021-05-12 09:54:35,3413.8,47045
2021-05-12 09:54:39,3413.8,47045
2021-05-12 09:54:42,3413.8,47045
2021-05-12 09:54:45,3413.55,47046
2021-05-12 09:54:48,3416.75,47564
2021-05-12 09:54:51,3414.8,47570
2021-05-12 09:54:54,3414.8,47570
2021-05-12 09:54:58,3416.9,47580
2021-05-12 09:55:01,3416.9,47580
2021-05-12 09:55:05,3416.5,47581
2021-05-12 09:55:08,3418.0,48042
2021-05-12 09:55:11,3418.0,48066
2021-05-12 09:55:15,3418.0,48096
2021-05-12 09:55:18,3418.0,48121
2021-05-12 09:55:21,3418.0,48121
2021-05-12 09:55:24,3418.0,48130
2021-05-12 09:55:27,3418.0,48130
2021-05-12 09:55:31,3417.95,48140
2021-05-12 09:55:34,3417.95,48140
2021-05-12 09:55:38,3416.65,48141
2021-05-12 09:55:41,3416.65,48145
2021-05-12 09:55:44,3416.65,48145
2021-05-12 09:55:47,3416.9,48147
2021-05-12 09:55:50,3416.9,48147
2021-05-12 09:55:53,3417.0,48148
2021-05-12 09:55:57,3417.0,48148
2021-05-12 09:55:59,3417.0,48148
2021-05-12 09:56:02,3417.0,48252
2021-05-12 09:56:05,3416.95,48254
2021-05-12 09:56:09,3416.4,48256
2021-05-12 09:56:12,3416.4,48256
2021-05-12 09:56:15,3417.0,48278
2021-05-12 09:56:18,3417.0,48382
2021-05-12 09:56:21,3417.0,48382
2021-05-12 09:56:24,3417.9,48398
2021-05-12 09:56:28,3417.9,48398
2021-05-12 09:56:31,3417.15,48403
2021-05-12 09:56:35,3417.1,48503
2021-05-12 09:56:39,3417.9,48559
2021-05-12 09:56:43,3417.0,48633
2021-05-12 09:56:46,3417.0,48645
2021-05-12 09:56:50,3417.0,48974
2021-05-12 09:56:53,3417.0,48974
2021-05-12 09:56:57,3417.65,49316
2021-05-12 09:57:01,3417.65,49316
2021-05-12 09:57:04,3413.05,49328
2021-05-12 09:57:08,3414.45,49353
2021-05-12 09:57:11,3414.45,49417
2021-05-12 09:57:15,3414.45,49417
2021-05-12 09:57:18,3413.05,49494
2021-05-12 09:57:21,3413.05,49494
2021-05-12 09:57:25,3413.05,49494
2021-05-12 09:57:28,3414.4,49508
2021-05-12 09:57:32,3413.0,49708
2021-05-12 09:57:35,3414.4,49711
2021-05-12 09:57:38,3414.4,49719
2021-05-12 09:57:42,3414.4,49726
2021-05-12 09:57:46,3413.05,49761
2021-05-12 09:57:49,3411.55,50265
2021-05-12 09:57:52,3412.2,50275
2021-05-12 09:57:55,3412.65,50286
2021-05-12 09:57:59,3412.8,50296
2021-05-12 09:58:02,3414.1,50304
2021-05-12 09:58:05,3414.1,50304
2021-05-12 09:58:08,3413.1,50306
2021-05-12 09:58:12,3414.1,50364
2021-05-12 09:58:15,3414.1,50364
2021-05-12 09:58:19,3413.35,50365
2021-05-12 09:58:22,3413.35,50365
2021-05-12 09:58:25,3413.35,50365
2021-05-12 09:58:28,3413.3,50371
2021-05-12 09:58:31,3413.3,50371
2021-05-12 09:58:34,3413.3,50371
2021-05-12 09:58:37,3413.3,50371
2021-05-12 09:58:43,3413.4,50447
2021-05-12 09:58:47,3413.4,50447
2021-05-12 09:58:50,3414.9,50477
2021-05-12 09:58:53,3414.9,50477
2021-05-12 09:58:59,3413.95,50482
2021-05-12 09:59:02,3413.95,50483
2021-05-12 09:59:05,3414.0,50484
2021-05-12 09:59:09,3413.35,50494
2021-05-12 09:59:12,3413.35,50494
2021-05-12 09:59:15,3413.95,50497
2021-05-12 09:59:18,3413.95,50497
2021-05-12 09:59:22,3413.95,50523
2021-05-12 09:59:25,3413.95,50523
2021-05-12 09:59:28,3413.95,50523
2021-05-12 09:59:30,3413.95,50524
2021-05-12 09:59:33,3413.95,50524
2021-05-12 09:59:36,3413.35,50528
2021-05-12 09:59:39,3413.9,50558
2021-05-12 09:59:42,3413.9,50558
2021-05-12 09:59:45,3413.9,50568
2021-05-12 09:59:49,3413.9,50568
2021-05-12 09:59:52,3413.9,50568
2021-05-12 09:59:55,3413.9,50569
2021-05-12 09:59:57,3413.9,50569
2021-05-12 10:00:00,3413.9,50569
2021-05-12 10:00:03,3413.9,50571
2021-05-12 10:00:06,3413.9,50572
2021-05-12 10:00:10,3413.9,50572
2021-05-12 10:00:13,3413.0,50618
2021-05-12 10:00:17,3413.0,50618
2021-05-12 10:00:20,3413.0,50639
2021-05-12 10:00:23,3413.9,50661
2021-05-12 10:00:29,3413.0,50664
2021-05-12 10:00:33,3413.0,50719
2021-05-12 10:00:40,3413.9,50722
2021-05-12 10:00:43,3413.9,50733
2021-05-12 10:00:46,3413.9,50733
2021-05-12 10:00:49,3414.0,50865
2021-05-12 10:00:52,3414.0,51276
2021-05-12 10:00:55,3414.0,51282
2021-05-12 10:00:58,3413.0,51293
2021-05-12 10:01:01,3413.0,51294
2021-05-12 10:01:04,3414.0,51303
2021-05-12 10:01:07,3417.7,51568
2021-05-12 10:01:10,3417.7,51568
2021-05-12 10:01:13,3417.7,51568
2021-05-12 10:01:16,3417.7,51568
2021-05-12 10:01:19,3417.7,51568
2021-05-12 10:01:22,3415.05,51573
2021-05-12 10:01:25,3417.1,51599
2021-05-12 10:01:28,3417.1,51599
2021-05-12 10:01:31,3417.1,51599
2021-05-12 10:01:33,3417.1,51599
2021-05-12 10:01:33,3417.1,51599
2021-05-12 10:01:35,3417.05,51604
2021-05-12 10:01:36,3417.05,51604
2021-05-12 10:01:37,3417.05,51604
2021-05-12 10:01:38,3417.05,51604
2021-05-12 10:01:39,3416.8,51605
2021-05-12 10:01:40,3416.8,51605
2021-05-12 10:01:41,3416.8,51605
2021-05-12 10:01:42,3416.85,51635
2021-05-12 10:01:43,3416.85,51635
2021-05-12 10:01:44,3416.85,51635
2021-05-12 10:01:45,3416.85,51635
2021-05-12 10:01:47,3416.85,51635
2021-05-12 10:01:47,3416.85,51635
2021-05-12 10:01:49,3416.85,51635
2021-05-12 10:01:50,3416.85,51635
2021-05-12 10:01:51,3416.85,51635
2021-05-12 10:01:52,3416.85,51635
2021-05-12 10:01:53,3416.2,51637
2021-05-12 10:01:54,3413.75,51677
2021-05-12 10:01:55,3413.75,51677
2021-05-12 10:01:56,3413.75,51677
2021-05-12 10:01:56,3413.75,51677
2021-05-12 10:01:57,3413.75,51677
2021-05-12 10:01:59,3413.75,51677
2021-05-12 10:02:02,3413.75,51677
2021-05-12 10:02:03,3413.75,51677
2021-05-12 10:02:04,3413.75,51677
2021-05-12 10:02:05,3413.75,51677
2021-05-12 10:02:06,3413.75,51677
2021-05-12 10:02:07,3413.75,51677
2021-05-12 10:02:08,3415.0,51917
2021-05-12 10:02:10,3415.0,51917
2021-05-12 10:02:13,3415.0,51925
2021-05-12 10:02:12,3415.0,51925
2021-05-12 10:02:14,3415.0,51925
2021-05-12 10:02:15,3413.15,51929
2021-05-12 10:02:16,3413.15,51929
2021-05-12 10:02:17,3413.15,51929
2021-05-12 10:02:18,3413.15,51929
2021-05-12 10:02:19,3413.15,51929
2021-05-12 10:02:20,3413.15,51929
2021-05-12 10:02:20,3413.15,51929
2021-05-12 10:02:22,3413.15,51929
2021-05-12 10:02:23,3413.15,51929
2021-05-12 10:02:24,3413.15,51929
2021-05-12 10:02:30,3413.15,51929
2021-05-12 10:02:30,3413.15,51929
2021-05-12 10:02:32,3413.15,51929
2021-05-12 10:02:33,3413.15,51929
2021-05-12 10:02:34,3413.15,51929
2021-05-12 10:02:38,3414.9,51968
2021-05-12 10:02:39,3414.9,51968
2021-05-12 10:02:40,3414.9,51968
2021-05-12 10:02:43,3414.9,51968
2021-05-12 10:02:45,3414.9,51968
2021-05-12 10:02:46,3414.9,51968
2021-05-12 10:02:47,3414.9,51968
2021-05-12 10:02:50,3414.9,51968
2021-05-12 10:02:51,3414.9,51968
2021-05-12 10:02:52,3414.9,51968
2021-05-12 10:02:53,3414.85,51970
2021-05-12 10:02:54,3414.85,51970
2021-05-12 10:02:54,3414.85,51971
2021-05-12 10:02:56,3414.85,51971
2021-05-12 10:02:58,3414.85,51971
2021-05-12 10:02:59,3414.85,51971
2021-05-12 10:03:00,3414.85,51971
2021-05-12 10:03:01,3413.6,51974
2021-05-12 10:03:02,3413.6,51974
2021-05-12 10:03:03,3413.6,51974
2021-05-12 10:03:03,3413.6,51974
2021-05-12 10:03:04,3413.6,51974
2021-05-12 10:03:05,3413.6,51974
2021-05-12 10:03:07,3413.6,51974
2021-05-12 10:03:08,3413.6,51974
2021-05-12 10:03:09,3413.6,51974
2021-05-12 10:03:10,3413.6,51974
2021-05-12 10:03:10,3413.6,51974
2021-05-12 10:03:11,3414.85,51989
2021-05-12 10:03:13,3414.85,51989
2021-05-12 10:03:14,3414.85,51989
2021-05-12 10:03:15,3413.15,51994
2021-05-12 10:03:15,3414.85,51989
2021-05-12 10:03:16,3413.15,51994
2021-05-12 10:03:17,3413.15,51994
2021-05-12 10:03:19,3413.15,51994
2021-05-12 10:03:20,3413.1,52004
2021-05-12 10:03:21,3413.1,52004
2021-05-12 10:03:22,3413.1,52004
2021-05-12 10:03:22,3413.1,52004
2021-05-12 10:03:23,3413.1,52004
2021-05-12 10:03:25,3413.1,52004
2021-05-12 10:03:26,3413.1,52004
2021-05-12 10:03:27,3413.1,52004
2021-05-12 10:03:28,3413.1,52004
2021-05-12 10:03:29,3413.1,52104
2021-05-12 10:03:30,3413.1,52104
2021-05-12 10:03:31,3415.0,52304
2021-05-12 10:03:32,3415.0,52304
2021-05-12 10:03:33,3415.0,52304
2021-05-12 10:03:34,3415.0,52304
2021-05-12 10:03:35,3414.5,52308
2021-05-12 10:03:36,3414.5,52308
2021-05-12 10:03:37,3414.5,52308
2021-05-12 10:03:38,3414.5,52308
2021-05-12 10:03:39,3414.5,52308
2021-05-12 10:03:40,3414.5,52308
2021-05-12 10:03:41,3414.5,52308
2021-05-12 10:03:43,3414.5,52308
2021-05-12 10:03:45,3414.5,52308
2021-05-12 10:03:46,3414.5,52308
2021-05-12 10:03:47,3414.5,52308
2021-05-12 10:03:48,3414.5,52308
2021-05-12 10:03:49,3414.5,52308
2021-05-12 10:03:51,3417.85,52758
2021-05-12 10:03:52,3417.85,52758
2021-05-12 10:03:53,3417.85,52758
2021-05-12 10:03:54,3417.85,52758
2021-05-12 10:03:56,3417.85,52758
2021-05-12 10:03:57,3417.85,52758
2021-05-12 10:03:57,3417.85,52758
2021-05-12 10:03:58,3417.85,52758
2021-05-12 10:04:00,3417.85,52766
2021-05-12 10:04:01,3417.85,52766
2021-05-12 10:04:02,3417.85,52766
2021-05-12 10:04:03,3417.85,52772
2021-05-12 10:04:04,3417.85,52772
2021-05-12 10:04:05,3417.85,52773
2021-05-12 10:04:06,3417.85,52773
2021-05-12 10:04:06,3417.85,52773
2021-05-12 10:04:08,3417.85,52773
2021-05-12 10:04:09,3417.85,52774
2021-05-12 10:04:10,3417.85,52774
2021-05-12 10:04:11,3417.85,52774
2021-05-12 10:04:12,3417.85,52774
2021-05-12 10:04:13,3417.85,52774
2021-05-12 10:04:14,3417.85,52824
2021-05-12 10:04:15,3415.7,52825
2021-05-12 10:04:16,3415.55,52875
2021-05-12 10:04:17,3415.55,52875
2021-05-12 10:04:18,3415.55,52875
2021-05-12 10:04:19,3415.55,52875
2021-05-12 10:04:19,3415.55,52875
2021-05-12 10:04:21,3415.55,52875
2021-05-12 10:04:22,3415.55,52875
2021-05-12 10:04:23,3417.65,52881
2021-05-12 10:04:24,3417.6,52891
2021-05-12 10:04:25,3417.6,52891
2021-05-12 10:04:26,3417.6,52891
2021-05-12 10:04:29,3417.85,53005
2021-05-12 10:04:30,3417.85,53005
2021-05-12 10:04:31,3417.85,53005
2021-05-12 10:04:32,3417.85,53005
2021-05-12 10:04:33,3417.85,53005
2021-05-12 10:04:34,3417.0,53058
2021-05-12 10:04:35,3417.0,53058
2021-05-12 10:04:36,3415.15,53370
2021-05-12 10:04:37,3415.15,53370
2021-05-12 10:04:38,3415.15,53370
2021-05-12 10:04:39,3415.15,53370
2021-05-12 10:04:40,3415.15,53370
2021-05-12 10:04:41,3417.0,53389
2021-05-12 10:04:42,3417.0,53389
2021-05-12 10:04:43,3417.0,53389
2021-05-12 10:04:44,3417.0,53394
2021-05-12 10:04:44,3417.0,53394
2021-05-12 10:04:45,3417.0,53394
2021-05-12 10:04:47,3418.4,53753
2021-05-12 10:04:48,3418.4,53753
2021-05-12 10:04:49,3419.35,53953
2021-05-12 10:04:50,3419.35,53953
2021-05-12 10:04:51,3419.35,53953
2021-05-12 10:04:53,3419.35,53953
2021-05-12 10:04:54,3419.35,53953
2021-05-12 10:04:56,3419.35,53953
2021-05-12 10:04:57,3419.5,54122
2021-05-12 10:04:58,3419.5,54122
2021-05-12 10:04:59,3419.5,54122
2021-05-12 10:05:00,3419.5,54122
2021-05-12 10:05:01,3419.5,54122
2021-05-12 10:05:02,3417.8,54123
2021-05-12 10:05:03,3422.4,55012
2021-05-12 10:05:04,3422.4,55012
2021-05-12 10:05:05,3422.4,55012
2021-05-12 10:05:06,3422.85,55020
2021-05-12 10:05:07,3422.85,55020
2021-05-12 10:05:08,3421.7,55025
2021-05-12 10:05:09,3421.7,55025
2021-05-12 10:05:10,3423.0,55035
2021-05-12 10:05:11,3423.0,55035
2021-05-12 10:05:12,3423.0,55035
2021-05-12 10:05:13,3424.0,55109
2021-05-12 10:05:13,3423.65,55051
2021-05-12 10:05:14,3424.4,55119
2021-05-12 10:05:15,3421.25,55172
2021-05-12 10:05:16,3423.95,55183
2021-05-12 10:05:18,3424.05,55184
2021-05-12 10:05:19,3424.05,55189
2021-05-12 10:05:20,3424.0,55209
2021-05-12 10:05:21,3424.25,55243
2021-05-12 10:05:23,3424.0,55251
2021-05-12 10:05:24,3424.0,55251
2021-05-12 10:05:25,3424.7,55268
2021-05-12 10:05:26,3424.0,55318
2021-05-12 10:05:27,3423.15,55399
2021-05-12 10:05:28,3424.9,55420
2021-05-12 10:05:29,3424.9,55420
2021-05-12 10:05:30,3424.9,55420
2021-05-12 10:05:31,3425.0,55784
2021-05-12 10:05:32,3426.45,56325
2021-05-12 10:05:32,3426.45,56325
2021-05-12 10:05:34,3427.7,56340
2021-05-12 10:05:35,3427.0,56457
2021-05-12 10:05:36,3427.0,56484
2021-05-12 10:05:37,3428.6,56489
2021-05-12 10:05:38,3426.8,56500
2021-05-12 10:05:39,3426.55,56540
2021-05-12 10:05:40,3428.6,56590
2021-05-12 10:05:41,3428.6,56593
2021-05-12 10:05:42,3428.55,56683
2021-05-12 10:05:43,3427.7,56693
2021-05-12 10:05:45,3426.8,56770
2021-05-12 10:05:47,3428.6,56792
2021-05-12 10:05:48,3428.6,56852
2021-05-12 10:05:49,3426.85,56858
2021-05-12 10:05:50,3428.55,56893
2021-05-12 10:05:51,3428.0,56943
2021-05-12 10:05:52,3426.95,57144
2021-05-12 10:05:52,3426.95,57144
2021-05-12 10:05:53,3426.95,57144
2021-05-12 10:05:54,3427.3,57169
2021-05-12 10:05:55,3427.6,57728
2021-05-12 10:05:56,3427.05,57853
2021-05-12 10:05:57,3428.55,57873
2021-05-12 10:05:58,3428.55,57873
2021-05-12 10:05:59,3429.45,57883
2021-05-12 10:06:01,3428.5,57970
2021-05-12 10:06:02,3428.5,57970
2021-05-12 10:06:05,3426.8,58304
2021-05-12 10:06:06,3426.8,58304
2021-05-12 10:06:07,3426.8,58304
2021-05-12 10:06:08,3427.6,58309
2021-05-12 10:06:09,3427.6,58368
2021-05-12 10:06:10,3427.6,58368
2021-05-12 10:06:11,3426.4,58437
2021-05-12 10:06:12,3426.8,58499
2021-05-12 10:06:13,3427.7,58501
2021-05-12 10:06:16,3427.9,58957
2021-05-12 10:06:17,3426.0,58967
2021-05-12 10:06:18,3426.0,58984
2021-05-12 10:06:19,3426.0,59017
2021-05-12 10:06:20,3426.0,59017
2021-05-12 10:06:21,3426.0,59017
2021-05-12 10:06:22,3426.0,59017
2021-05-12 10:06:24,3426.8,59028
2021-05-12 10:06:24,3426.8,59042
2021-05-12 10:06:25,3426.0,59067
2021-05-12 10:06:26,3426.8,59068
2021-05-12 10:06:27,3426.8,59068
2021-05-12 10:06:28,3425.7,59182
2021-05-12 10:06:29,3425.95,59291
2021-05-12 10:06:31,3426.0,59304
2021-05-12 10:06:32,3425.95,59306
2021-05-12 10:06:33,3425.95,59306
2021-05-12 10:06:34,3425.8,59313
2021-05-12 10:06:35,3425.8,59313
2021-05-12 10:06:36,3426.0,61013
2021-05-12 10:06:37,3425.4,61015
2021-05-12 10:06:38,3425.05,61025
2021-05-12 10:06:39,3425.9,61048
2021-05-12 10:06:41,3424.3,61198
2021-05-12 10:06:42,3424.3,61198
2021-05-12 10:06:43,3425.0,61199
2021-05-12 10:06:45,3425.0,61206
2021-05-12 10:06:46,3425.0,61206
2021-05-12 10:06:46,3425.0,61212
2021-05-12 10:06:48,3425.0,61232
2021-05-12 10:06:49,3425.0,61244
2021-05-12 10:06:50,3425.0,61249
2021-05-12 10:06:51,3425.0,61249
2021-05-12 10:06:53,3425.0,61249
2021-05-12 10:06:54,3425.0,61249
2021-05-12 10:06:56,3424.05,61260
2021-05-12 10:06:57,3424.05,61260
2021-05-12 10:06:58,3424.05,61260
2021-05-12 10:06:59,3424.05,61260
2021-05-12 10:07:00,3424.05,61270
2021-05-12 10:07:01,3424.05,61280
2021-05-12 10:07:02,3424.05,61282
2021-05-12 10:07:03,3424.05,61282
2021-05-12 10:07:04,3425.0,61382
2021-05-12 10:07:05,3425.0,61382
2021-05-12 10:07:06,3425.0,61382
2021-05-12 10:07:07,3425.0,61385
2021-05-12 10:07:09,3424.5,61386
2021-05-12 10:07:08,3424.5,61386
2021-05-12 10:07:10,3424.5,61388
2021-05-12 10:07:11,3424.5,61388
2021-05-12 10:07:13,3425.0,61392
2021-05-12 10:07:14,3425.0,61392
2021-05-12 10:07:15,3425.0,61392
2021-05-12 10:07:16,3425.0,61518
2021-05-12 10:07:17,3425.0,61518
2021-05-12 10:07:17,3425.0,61518
2021-05-12 10:07:18,3425.85,61592
2021-05-12 10:07:20,3425.85,61592
2021-05-12 10:07:22,3425.85,61592
2021-05-12 10:07:23,3425.85,61592
2021-05-12 10:07:24,3425.85,61592
2021-05-12 10:07:25,3425.85,61592
2021-05-12 10:07:26,3425.85,61592
2021-05-12 10:07:27,3425.85,61592
2021-05-12 10:07:28,3424.65,61612
2021-05-12 10:07:29,3424.65,61612
2021-05-12 10:07:30,3424.65,61612
2021-05-12 10:07:31,3426.45,61662
2021-05-12 10:07:32,3426.85,61682
2021-05-12 10:07:34,3426.85,61682
2021-05-12 10:07:35,3426.85,61682
2021-05-12 10:07:36,3426.85,61682
2021-05-12 10:07:37,3426.85,61682
2021-05-12 10:07:38,3426.9,61690
2021-05-12 10:07:39,3425.0,61691
2021-05-12 10:07:40,3426.9,61692
2021-05-12 10:07:41,3426.9,61692
2021-05-12 10:07:42,3425.0,61742
2021-05-12 10:07:43,3425.0,61742
2021-05-12 10:07:44,3425.0,61742
2021-05-12 10:07:45,3427.0,61882
2021-05-12 10:07:46,3427.0,61882
2021-05-12 10:07:47,3427.0,61882
2021-05-12 10:07:48,3427.0,61882
2021-05-12 10:07:49,3427.0,61882
2021-05-12 10:07:50,3425.0,61883
2021-05-12 10:07:51,3426.85,61891
2021-05-12 10:07:52,3426.85,61891
2021-05-12 10:07:53,3426.85,61891
2021-05-12 10:07:54,3426.85,62067
2021-05-12 10:07:55,3427.0,62069
2021-05-12 10:07:56,3427.0,62076
2021-05-12 10:07:57,3427.0,62076
2021-05-12 10:07:58,3427.0,62086
2021-05-12 10:07:59,3427.0,62086
2021-05-12 10:08:00,3427.85,62186
2021-05-12 10:08:01,3427.85,62186
2021-05-12 10:08:02,3427.85,62186
2021-05-12 10:08:03,3427.85,62186
2021-05-12 10:08:04,3426.85,62189
2021-05-12 10:08:06,3427.0,62310
2021-05-12 10:08:09,3427.0,62348
2021-05-12 10:08:10,3426.0,62358
2021-05-12 10:08:11,3426.0,62358
2021-05-12 10:08:12,3426.0,62358
2021-05-12 10:08:13,3426.0,62358
2021-05-12 10:08:14,3426.0,62370
2021-05-12 10:08:15,3425.0,62381
2021-05-12 10:08:16,3426.0,62470
2021-05-12 10:08:17,3425.2,62620
2021-05-12 10:08:19,3427.0,62629
2021-05-12 10:08:21,3427.0,62632
2021-05-12 10:08:22,3427.0,62670
2021-05-12 10:08:23,3427.0,62670
2021-05-12 10:08:24,3427.0,62670
2021-05-12 10:08:25,3427.0,62670
2021-05-12 10:08:26,3427.0,62670
2021-05-12 10:08:27,3427.2,62695
2021-05-12 10:08:28,3426.0,62723
2021-05-12 10:08:29,3426.0,62723
2021-05-12 10:08:30,3426.0,62723
2021-05-12 10:08:32,3427.15,62749
2021-05-12 10:08:33,3427.15,62749
2021-05-12 10:08:34,3426.9,62759
2021-05-12 10:08:35,3426.9,62759
2021-05-12 10:08:37,3426.9,62764
2021-05-12 10:08:38,3426.9,62764
2021-05-12 10:08:39,3425.2,62793
2021-05-12 10:08:40,3425.2,62793
2021-05-12 10:08:41,3426.9,62803
2021-05-12 10:08:42,3426.9,62803
2021-05-12 10:08:43,3426.95,62807
2021-05-12 10:08:44,3426.95,62807
2021-05-12 10:08:48,3425.25,62907
2021-05-12 10:08:49,3425.25,62907
2021-05-12 10:08:50,3425.25,62907
2021-05-12 10:08:51,3425.25,62907
2021-05-12 10:08:54,3425.25,62907
2021-05-12 10:08:55,3425.6,62915
2021-05-12 10:08:56,3426.9,62983
2021-05-12 10:08:57,3426.9,62993
2021-05-12 10:08:58,3426.9,62993
2021-05-12 10:08:59,3426.9,62993
2021-05-12 10:09:00,3426.9,62993
2021-05-12 10:09:02,3426.9,63003
2021-05-12 10:09:03,3426.9,63003
2021-05-12 10:09:04,3426.9,63003
2021-05-12 10:09:05,3427.0,63011
2021-05-12 10:09:06,3427.0,63011
2021-05-12 10:09:07,3427.0,63011
2021-05-12 10:09:10,3425.3,63021
2021-05-12 10:09:11,3426.5,63023
2021-05-12 10:09:12,3426.5,63023
2021-05-12 10:09:13,3426.5,63023
2021-05-12 10:09:14,3426.9,63033
2021-05-12 10:09:15,3427.0,63245
2021-05-12 10:09:16,3426.9,63246
2021-05-12 10:09:17,3428.0,63294
2021-05-12 10:09:18,3428.0,63294
2021-05-12 10:09:19,3428.0,63294
2021-05-12 10:09:20,3428.0,63294
2021-05-12 10:09:21,3428.0,63297
2021-05-12 10:09:22,3428.0,63297
2021-05-12 10:09:23,3426.9,63302
2021-05-12 10:09:24,3425.65,63303
2021-05-12 10:09:25,3425.65,63303
2021-05-12 10:09:26,3425.65,63303
2021-05-12 10:09:27,3426.95,63309
2021-05-12 10:09:28,3426.95,63309
2021-05-12 10:09:29,3426.9,63310
2021-05-12 10:09:30,3426.9,63310
2021-05-12 10:09:31,3426.9,63310
2021-05-12 10:09:32,3426.9,63310
2021-05-12 10:09:33,3426.9,63310
2021-05-12 10:09:34,3426.9,63312
2021-05-12 10:09:35,3426.9,63312
2021-05-12 10:09:36,3428.15,63557
2021-05-12 10:09:37,3428.15,63557
2021-05-12 10:09:38,3427.2,63565
2021-05-12 10:09:39,3427.2,63565
2021-05-12 10:09:40,3428.6,63571
2021-05-12 10:09:41,3428.6,63571
2021-05-12 10:09:42,3428.6,63571
2021-05-12 10:09:43,3428.6,63571
2021-05-12 10:09:45,3428.6,63571
2021-05-12 10:09:46,3428.6,63571
2021-05-12 10:09:47,3428.6,63572
2021-05-12 10:09:48,3428.6,63572
2021-05-12 10:09:49,3428.75,63672
2021-05-12 10:09:50,3427.2,63673
2021-05-12 10:09:51,3427.2,63673
2021-05-12 10:09:52,3427.2,63673
2021-05-12 10:09:53,3428.75,63675
2021-05-12 10:09:54,3427.15,63705
2021-05-12 10:09:56,3427.15,63705
2021-05-12 10:09:57,3427.0,63755
2021-05-12 10:09:57,3427.0,63755
2021-05-12 10:09:59,3427.0,63755
2021-05-12 10:10:00,3427.0,63755
2021-05-12 10:10:01,3428.75,63759
2021-05-12 10:10:02,3428.75,63759
2021-05-12 10:10:03,3427.0,63764
2021-05-12 10:10:05,3428.75,63765
2021-05-12 10:10:05,3427.0,63791
2021-05-12 10:10:06,3427.0,63791
2021-05-12 10:10:07,3428.75,63808
2021-05-12 10:10:08,3428.75,63814
2021-05-12 10:10:09,3428.75,63821
2021-05-12 10:10:10,3428.75,63821
2021-05-12 10:10:11,3428.75,63821
2021-05-12 10:10:12,3428.75,63821
2021-05-12 10:10:13,3428.75,63821
2021-05-12 10:10:15,3429.95,63849
2021-05-12 10:10:16,3428.75,63871
2021-05-12 10:10:17,3428.75,63871
2021-05-12 10:10:18,3428.75,63921
2021-05-12 10:10:19,3428.75,63921
2021-05-12 10:10:20,3428.75,63922
2021-05-12 10:10:21,3428.75,63922
2021-05-12 10:10:22,3427.15,63982
2021-05-12 10:10:23,3427.1,63986
2021-05-12 10:10:24,3427.1,63987
2021-05-12 10:10:25,3427.1,63987
2021-05-12 10:10:26,3428.5,64012
2021-05-12 10:10:28,3428.5,64012
2021-05-12 10:10:29,3429.35,64112
2021-05-12 10:10:29,3428.5,64012
2021-05-12 10:10:30,3429.35,64112
2021-05-12 10:10:31,3429.35,64112
2021-05-12 10:10:33,3429.35,64112
2021-05-12 10:10:32,3429.35,64112
2021-05-12 10:10:34,3429.15,64132
2021-05-12 10:10:35,3428.7,64222
2021-05-12 10:10:36,3428.95,64242
2021-05-12 10:10:38,3428.95,64242
2021-05-12 10:10:38,3428.95,64242
2021-05-12 10:10:39,3428.95,64247
2021-05-12 10:10:41,3428.95,64247
2021-05-12 10:10:41,3428.95,64247
2021-05-12 10:10:42,3428.95,64247
2021-05-12 10:10:43,3428.95,64247
2021-05-12 10:10:44,3429.0,64257
2021-05-12 10:10:45,3428.9,64307
2021-05-12 10:10:47,3428.9,64308
2021-05-12 10:10:48,3428.9,64308
2021-05-12 10:10:49,3428.9,64308
2021-05-12 10:10:51,3428.9,64317
2021-05-12 10:10:52,3427.2,64419
2021-05-12 10:10:53,3428.9,64428
2021-05-12 10:10:55,3428.9,64428
2021-05-12 10:10:55,3428.9,64428
2021-05-12 10:10:57,3428.9,64428
2021-05-12 10:10:58,3428.9,64428
2021-05-12 10:10:58,3427.1,64448
2021-05-12 10:10:59,3427.1,64448
2021-05-12 10:11:01,3427.1,64448
2021-05-12 10:11:01,3428.9,64464
2021-05-12 10:11:03,3428.8,64514
2021-05-12 10:11:03,3428.9,64464
2021-05-12 10:11:05,3428.95,64615
2021-05-12 10:11:05,3428.95,64615
2021-05-12 10:11:06,3428.95,64615
2021-05-12 10:11:07,3427.1,64720
2021-05-12 10:11:08,3428.95,64732
2021-05-12 10:11:09,3428.95,64732
2021-05-12 10:11:11,3427.1,64733
2021-05-12 10:11:12,3427.1,64733
2021-05-12 10:11:14,3428.9,64753
2021-05-12 10:11:17,3428.95,64763
2021-05-12 10:11:18,3428.95,64768
2021-05-12 10:11:19,3428.95,64768
2021-05-12 10:11:20,3428.95,64778
2021-05-12 10:11:22,3428.95,64778
2021-05-12 10:11:23,3428.95,64778
2021-05-12 10:11:23,3428.9,64788
2021-05-12 10:11:24,3428.9,64789
2021-05-12 10:11:25,3428.9,64789
2021-05-12 10:11:26,3428.9,64789
2021-05-12 10:11:27,3428.9,64790
2021-05-12 10:11:28,3428.95,64800
2021-05-12 10:11:29,3428.95,64800
2021-05-12 10:11:30,3427.1,64817
2021-05-12 10:11:32,3427.1,64817
2021-05-12 10:11:36,3427.5,64827
2021-05-12 10:11:39,3427.15,64946
2021-05-12 10:11:43,3428.9,64975
2021-05-12 10:11:46,3427.55,65038
2021-05-12 10:11:50,3429.0,65046
2021-05-12 10:11:53,3429.0,65046
2021-05-12 10:11:56,3429.7,65149
2021-05-12 10:11:59,3429.8,65150
2021-05-12 10:12:02,3429.0,65151
2021-05-12 10:12:05,3429.45,65156
2021-05-12 10:12:08,3429.0,65168
2021-05-12 10:12:10,3428.2,65173
2021-05-12 10:12:14,3429.0,65193
2021-05-12 10:12:17,3428.2,65213
2021-05-12 10:12:20,3428.25,65274
2021-05-12 10:12:23,3429.35,65305
2021-05-12 10:12:25,3428.2,65310
2021-05-12 10:12:28,3429.35,65316
2021-05-12 10:12:31,3429.35,65337
2021-05-12 10:12:34,3428.9,65372
2021-05-12 10:12:37,3429.35,65382
2021-05-12 10:12:47,3429.0,65401
2021-05-12 10:12:50,3427.5,65451
2021-05-12 10:12:53,3427.55,65456
2021-05-12 10:12:56,3427.0,65729
2021-05-12 10:12:59,3427.5,65736
2021-05-12 10:13:02,3426.5,65911
2021-05-12 10:13:05,3426.55,65925
2021-05-12 10:13:09,3426.0,66026
2021-05-12 10:13:12,3426.0,66038
2021-05-12 10:13:15,3423.35,66979
2021-05-12 10:13:18,3423.1,66990
2021-05-12 10:13:22,3427.05,67807
2021-05-12 10:13:28,3427.55,68015
2021-05-12 10:13:31,3427.55,68015
2021-05-12 10:13:33,3427.55,68113
2021-05-12 10:13:36,3429.0,68136
2021-05-12 10:13:39,3427.0,68141
2021-05-12 10:13:41,3427.55,68154
2021-05-12 10:13:44,3427.55,68156
2021-05-12 10:13:47,3427.55,68156
2021-05-12 10:13:50,3427.55,68211
2021-05-12 10:13:53,3427.55,68211
2021-05-12 10:13:55,3427.0,68551
2021-05-12 10:13:58,3427.55,68561
2021-05-12 10:14:01,3427.55,68561
2021-05-12 10:14:06,3428.0,68577
2021-05-12 10:14:09,3427.55,68578
2021-05-12 10:14:12,3427.55,68578
2021-05-12 10:14:14,3427.0,68598
2021-05-12 10:14:17,3427.0,68598
2021-05-12 10:14:20,3427.0,68600
2021-05-12 10:14:23,3427.55,68608
2021-05-12 10:14:26,3427.55,68608
2021-05-12 10:14:29,3427.0,68645
2021-05-12 10:14:37,3428.0,68746
2021-05-12 10:14:40,3428.0,68756
2021-05-12 10:14:43,3428.0,68786
2021-05-12 10:14:45,3428.0,69006
2021-05-12 10:14:48,3428.0,69006
2021-05-12 10:14:51,3428.0,69008
2021-05-12 10:14:54,3427.0,70227
2021-05-12 10:14:57,3428.0,70235
2021-05-12 10:15:00,3428.0,70236
2021-05-12 10:15:03,3428.0,70238
2021-05-12 10:15:06,3428.75,70450
2021-05-12 10:15:09,3428.0,70451
2021-05-12 10:15:12,3428.0,70451
2021-05-12 10:15:15,3427.15,70462
2021-05-12 10:15:17,3427.15,70462
2021-05-12 10:15:20,3428.9,70505
2021-05-12 10:15:23,3428.9,70505
2021-05-12 10:15:26,3428.7,70511
2021-05-12 10:15:29,3428.7,70511
2021-05-12 10:15:32,3428.0,70513
2021-05-12 10:15:35,3428.45,70544
2021-05-12 10:15:37,3427.0,70613
2021-05-12 10:15:40,3428.45,70618
2021-05-12 10:15:43,3428.45,70618
2021-05-12 10:15:46,3427.0,70619
2021-05-12 10:15:50,3427.15,70696
2021-05-12 10:15:52,3427.05,70756
2021-05-12 10:15:55,3429.0,70799
2021-05-12 10:15:58,3428.0,70930
2021-05-12 10:16:02,3427.2,71143
2021-05-12 10:16:06,3427.2,71143
2021-05-12 10:16:09,3428.75,71162
2021-05-12 10:16:15,3428.75,71207
2021-05-12 10:16:18,3428.75,71207
2021-05-12 10:16:22,3428.65,71272
2021-05-12 10:16:25,3428.55,71307
2021-05-12 10:16:28,3428.65,71359
2021-05-12 10:16:31,3428.75,71409
2021-05-12 10:16:33,3428.75,71409
2021-05-12 10:16:34,3428.75,71409
2021-05-12 10:16:35,3428.75,71409
2021-05-12 10:16:36,3428.75,71409
2021-05-12 10:16:37,3428.75,71410
2021-05-12 10:16:38,3428.75,71410
2021-05-12 10:16:38,3428.75,71435
2021-05-12 10:16:40,3428.75,71435
2021-05-12 10:16:41,3428.75,71435
2021-05-12 10:16:42,3427.5,71471
2021-05-12 10:16:43,3427.5,71471
2021-05-12 10:16:44,3428.75,71476
2021-05-12 10:16:45,3428.75,71477
2021-05-12 10:16:46,3428.0,71482
2021-05-12 10:16:47,3428.0,71482
2021-05-12 10:16:48,3427.5,71496
2021-05-12 10:16:49,3428.7,71499
2021-05-12 10:16:50,3428.7,71499
2021-05-12 10:16:51,3427.0,71599
2021-05-12 10:16:52,3427.0,71599
2021-05-12 10:16:55,3427.0,71599
2021-05-12 10:16:56,3427.0,71599
2021-05-12 10:16:56,3427.0,71640
2021-05-12 10:16:57,3427.0,71640
2021-05-12 10:16:58,3427.0,71640
2021-05-12 10:16:59,3427.0,71640
2021-05-12 10:17:00,3427.0,71685
2021-05-12 10:17:02,3427.0,71762
2021-05-12 10:17:04,3427.0,71762
2021-05-12 10:17:06,3425.0,72066
2021-05-12 10:17:07,3425.0,72066
2021-05-12 10:17:08,3425.0,72066
2021-05-12 10:17:10,3427.9,72138
2021-05-12 10:17:11,3428.4,72140
2021-05-12 10:17:12,3428.4,72140
2021-05-12 10:17:13,3428.4,72140
2021-05-12 10:17:14,3428.4,72140
2021-05-12 10:17:15,3428.4,72140
2021-05-12 10:17:16,3428.2,72141
2021-05-12 10:17:17,3428.2,72141
2021-05-12 10:17:18,3428.2,72141
2021-05-12 10:17:20,3428.2,72141
2021-05-12 10:17:21,3428.0,72162
2021-05-12 10:17:21,3425.85,72142
2021-05-12 10:17:23,3428.0,72162
2021-05-12 10:17:23,3428.0,72162
2021-05-12 10:17:24,3428.0,72162
2021-05-12 10:17:26,3428.0,72162
2021-05-12 10:17:27,3428.0,72162
2021-05-12 10:17:28,3428.0,72162
2021-05-12 10:17:29,3428.0,72162
2021-05-12 10:17:30,3428.0,72162
2021-05-12 10:17:30,3428.0,72162
2021-05-12 10:17:31,3428.0,72162
2021-05-12 10:17:32,3428.0,72162
2021-05-12 10:17:33,3428.0,72162
2021-05-12 10:17:34,3428.0,72162
2021-05-12 10:17:35,3428.0,72162
2021-05-12 10:17:40,3428.0,72171
2021-05-12 10:17:41,3428.0,72174
2021-05-12 10:17:43,3428.0,72174
2021-05-12 10:17:44,3426.15,72180
2021-05-12 10:17:47,3426.15,72180
2021-05-12 10:17:48,3426.15,72180
2021-05-12 10:17:49,3428.0,72185
2021-05-12 10:17:50,3428.0,72194
2021-05-12 10:17:50,3428.0,72194
2021-05-12 10:17:51,3428.0,72194
2021-05-12 10:17:52,3428.0,72194
2021-05-12 10:17:53,3428.0,72294
2021-05-12 10:17:55,3428.0,72294
2021-05-12 10:17:58,3428.0,72296
2021-05-12 10:17:59,3428.0,72296
2021-05-12 10:18:01,3425.9,72361
2021-05-12 10:18:00,3425.9,72361
2021-05-12 10:18:02,3425.9,72361
2021-05-12 10:18:03,3425.9,72361
2021-05-12 10:18:04,3425.9,72361
2021-05-12 10:18:05,3425.9,72361
2021-05-12 10:18:06,3425.9,72361
2021-05-12 10:18:07,3425.8,72391
2021-05-12 10:18:08,3425.8,72391
2021-05-12 10:18:09,3425.8,72391
2021-05-12 10:18:10,3425.8,72391
2021-05-12 10:18:11,3425.8,72391
2021-05-12 10:18:12,3425.55,72407
2021-05-12 10:18:13,3425.55,72407
2021-05-12 10:18:14,3425.55,72407
2021-05-12 10:18:15,3425.55,72407
2021-05-12 10:18:17,3427.0,72410
2021-05-12 10:18:18,3427.0,72410
2021-05-12 10:18:19,3427.0,72410
2021-05-12 10:18:20,3427.0,72410
2021-05-12 10:18:22,3427.0,72410
2021-05-12 10:18:23,3427.0,72410
2021-05-12 10:18:24,3427.0,72410
2021-05-12 10:18:25,3427.0,72410
2021-05-12 10:18:26,3427.0,72410
2021-05-12 10:18:27,3427.0,72410
2021-05-12 10:18:28,3425.3,72435
2021-05-12 10:18:29,3425.3,72435
2021-05-12 10:18:31,3425.3,72435
2021-05-12 10:18:32,3425.3,72435
2021-05-12 10:18:33,3427.0,72436
2021-05-12 10:18:34,3427.0,72446
2021-05-12 10:18:35,3427.0,72446
2021-05-12 10:18:36,3427.0,72446
2021-05-12 10:18:37,3425.0,72792
2021-05-12 10:18:38,3425.0,72792
2021-05-12 10:18:39,3425.0,72792
2021-05-12 10:18:40,3425.3,72793
2021-05-12 10:18:41,3425.3,72793
2021-05-12 10:18:43,3425.55,72798
2021-05-12 10:18:44,3425.55,72798
2021-05-12 10:18:46,3425.0,72799
2021-05-12 10:18:48,3425.0,72799
2021-05-12 10:18:49,3425.0,72799
2021-05-12 10:18:50,3425.0,72799
2021-05-12 10:18:52,3425.3,72822
2021-05-12 10:18:51,3425.3,72822
2021-05-12 10:18:54,3425.3,72822
2021-05-12 10:18:55,3425.3,72822
2021-05-12 10:18:56,3425.3,72822
2021-05-12 10:18:58,3425.0,72823
2021-05-12 10:18:59,3425.3,72832
2021-05-12 10:19:00,3425.3,72868
2021-05-12 10:19:01,3425.3,72868
2021-05-12 10:19:02,3425.3,72868
2021-05-12 10:19:03,3425.3,72868
2021-05-12 10:19:04,3425.3,72868
2021-05-12 10:19:05,3425.3,72868
2021-05-12 10:19:06,3425.0,72870
2021-05-12 10:19:07,3425.0,72870
2021-05-12 10:19:08,3425.0,72870
2021-05-12 10:19:09,3425.0,72870
2021-05-12 10:19:10,3425.0,72870
2021-05-12 10:19:11,3425.0,72870
2021-05-12 10:19:12,3425.3,72875
2021-05-12 10:19:13,3425.3,72875
2021-05-12 10:19:15,3425.3,72875
2021-05-12 10:19:16,3425.3,72875
2021-05-12 10:19:17,3425.3,72875
2021-05-12 10:19:18,3425.3,72883
2021-05-12 10:19:19,3425.3,72883
2021-05-12 10:19:20,3425.3,72892
2021-05-12 10:19:21,3425.3,72892
2021-05-12 10:19:22,3425.0,72894
2021-05-12 10:19:23,3425.3,72929
2021-05-12 10:19:25,3425.0,72995
2021-05-12 10:19:26,3425.0,72995
2021-05-12 10:19:27,3425.0,72995
2021-05-12 10:19:28,3425.0,72995
2021-05-12 10:19:29,3425.0,73006
2021-05-12 10:19:30,3425.0,73006
2021-05-12 10:19:31,3425.0,73006
2021-05-12 10:19:32,3425.0,73006
2021-05-12 10:19:33,3425.0,73006
2021-05-12 10:19:34,3425.0,73006
2021-05-12 10:19:35,3425.0,73006
2021-05-12 10:19:36,3425.0,73006
2021-05-12 10:19:37,3425.0,73006
2021-05-12 10:19:38,3425.0,73006
2021-05-12 10:19:39,3425.0,73006
2021-05-12 10:19:40,3425.0,73006
2021-05-12 10:19:42,3425.0,73006
2021-05-12 10:19:43,3425.0,73006
2021-05-12 10:19:45,3425.0,73006
2021-05-12 10:19:46,3425.0,73006
2021-05-12 10:19:47,3425.0,73006
2021-05-12 10:19:48,3425.0,73007
2021-05-12 10:19:50,3425.0,73014
2021-05-12 10:19:51,3425.0,73014
2021-05-12 10:19:52,3425.0,73014
2021-05-12 10:19:54,3425.0,73014
2021-05-12 10:19:55,3425.0,73014
2021-05-12 10:19:56,3425.0,73014
2021-05-12 10:19:57,3425.0,73014
2021-05-12 10:19:58,3425.3,73015
2021-05-12 10:19:59,3425.3,73015
2021-05-12 10:20:00,3425.0,73144
2021-05-12 10:20:01,3425.0,73144
2021-05-12 10:20:02,3422.5,73183
2021-05-12 10:20:03,3422.5,73183
2021-05-12 10:20:04,3422.5,73183
2021-05-12 10:20:05,3422.5,73183
2021-05-12 10:20:06,3422.5,73187
2021-05-12 10:20:07,3422.5,73187
2021-05-12 10:20:08,3421.25,73289
2021-05-12 10:20:09,3421.25,73289
2021-05-12 10:20:10,3421.25,73289
2021-05-12 10:20:11,3421.25,73289
2021-05-12 10:20:13,3421.25,73289
2021-05-12 10:20:13,3421.25,73289
2021-05-12 10:20:15,3421.25,73289
2021-05-12 10:20:16,3421.25,73289
2021-05-12 10:20:17,3423.55,73294
2021-05-12 10:20:18,3421.65,73344
2021-05-12 10:20:19,3423.55,73354
2021-05-12 10:20:20,3423.55,73354
2021-05-12 10:20:21,3423.55,73354
2021-05-12 10:20:22,3423.55,73354
2021-05-12 10:20:23,3423.55,73354
2021-05-12 10:20:24,3423.55,73355
2021-05-12 10:20:25,3423.55,73355
2021-05-12 10:20:26,3421.7,73375
2021-05-12 10:20:27,3421.7,73375
2021-05-12 10:20:28,3421.7,73375
2021-05-12 10:20:29,3421.7,73375
2021-05-12 10:20:30,3421.7,73375
2021-05-12 10:20:31,3421.7,73375
2021-05-12 10:20:32,3421.7,73375
2021-05-12 10:20:33,3423.5,73398
2021-05-12 10:20:34,3423.5,73398
2021-05-12 10:20:36,3421.7,73399
2021-05-12 10:20:37,3421.7,73399
2021-05-12 10:20:38,3421.7,73399
2021-05-12 10:20:39,3425.0,73899
2021-05-12 10:20:40,3422.7,73900
2021-05-12 10:20:41,3422.7,73900
2021-05-12 10:20:42,3422.7,73900
2021-05-12 10:20:43,3422.7,73900
2021-05-12 10:20:44,3422.7,73900
2021-05-12 10:20:46,3422.7,73910
2021-05-12 10:20:49,3422.7,73917
2021-05-12 10:20:50,3422.7,73917
2021-05-12 10:20:51,3424.2,73919
2021-05-12 10:20:52,3424.2,73919
2021-05-12 10:20:53,3424.2,73919
2021-05-12 10:20:54,3424.2,73919
2021-05-12 10:20:55,3424.2,73919
2021-05-12 10:20:56,3424.2,73919
2021-05-12 10:20:57,3424.2,73919
2021-05-12 10:20:58,3424.2,73919
2021-05-12 10:20:59,3423.0,73934
2021-05-12 10:21:00,3423.0,73934
2021-05-12 10:21:02,3424.2,73935
2021-05-12 10:21:03,3424.2,73935
2021-05-12 10:21:03,3424.2,73935
2021-05-12 10:21:04,3424.2,73935
2021-05-12 10:21:05,3424.2,73935
2021-05-12 10:21:06,3424.2,73935
2021-05-12 10:21:07,3424.2,73935
2021-05-12 10:21:09,3424.2,73935
2021-05-12 10:21:10,3423.55,73945
2021-05-12 10:21:11,3423.55,73945
2021-05-12 10:21:11,3423.8,73970
2021-05-12 10:21:12,3423.8,73970
2021-05-12 10:21:13,3423.8,73970
2021-05-12 10:21:14,3423.8,73970
2021-05-12 10:21:15,3422.0,73990
2021-05-12 10:21:16,3422.0,73990
2021-05-12 10:21:17,3422.0,73990
2021-05-12 10:21:18,3422.0,73990
2021-05-12 10:21:19,3422.0,73990
2021-05-12 10:21:20,3422.0,73990
2021-05-12 10:21:21,3421.6,74303
2021-05-12 10:21:23,3421.6,74303
2021-05-12 10:21:23,3421.6,74303
2021-05-12 10:21:24,3421.6,74303
2021-05-12 10:21:25,3421.6,74303
2021-05-12 10:21:27,3421.6,74303
2021-05-12 10:21:28,3421.6,74303
2021-05-12 10:21:28,3421.6,74303
2021-05-12 10:21:29,3422.4,74305
2021-05-12 10:21:30,3422.4,74307
2021-05-12 10:21:31,3421.6,74317
2021-05-12 10:21:33,3421.6,74317
2021-05-12 10:21:36,3421.6,74317
2021-05-12 10:21:39,3420.0,74796
2021-05-12 10:21:42,3421.7,74798
2021-05-12 10:21:45,3421.7,74798
2021-05-12 10:21:48,3422.05,74849
2021-05-12 10:21:51,3421.7,74850
2021-05-12 10:21:54,3421.95,75008
2021-05-12 10:21:57,3421.95,75011
2021-05-12 10:22:00,3421.95,75014
2021-05-12 10:22:03,3421.95,75014
2021-05-12 10:22:07,3421.75,75304
2021-05-12 10:22:11,3421.9,75310
2021-05-12 10:22:14,3422.0,75882
2021-05-12 10:22:17,3422.0,75882
2021-05-12 10:22:20,3420.0,76231
2021-05-12 10:22:23,3421.65,76233
2021-05-12 10:22:27,3421.0,76634
2021-05-12 10:22:30,3421.0,76634
2021-05-12 10:22:33,3421.2,76650
2021-05-12 10:22:37,3421.0,76758
2021-05-12 10:22:40,3421.0,76758
2021-05-12 10:22:44,3420.0,77045
2021-05-12 10:22:48,3421.0,77245
2021-05-12 10:22:51,3421.0,77511
2021-05-12 10:22:55,3422.0,77538
2021-05-12 10:22:58,3422.0,77540
2021-05-12 10:23:05,3422.0,77616
2021-05-12 10:23:08,3422.0,77620
2021-05-12 10:23:11,3422.0,77620
2021-05-12 10:23:14,3422.0,77622
2021-05-12 10:23:17,3422.0,77626
2021-05-12 10:23:21,3422.0,77626
2021-05-12 10:23:24,3420.9,77628
2021-05-12 10:23:27,3421.85,77702
2021-05-12 10:23:30,3421.95,77706
2021-05-12 10:23:33,3421.95,77710
2021-05-12 10:23:36,3421.95,77710
2021-05-12 10:23:40,3421.95,77712
2021-05-12 10:23:43,3420.8,77728
2021-05-12 10:23:46,3420.8,77728
2021-05-12 10:23:49,3421.7,77750
2021-05-12 10:23:56,3421.7,77770
2021-05-12 10:23:59,3421.7,77780
2021-05-12 10:24:03,3421.95,77787
2021-05-12 10:24:06,3420.8,77875
2021-05-12 10:24:09,3422.0,77880
2021-05-12 10:24:13,3422.0,77881
2021-05-12 10:24:15,3420.05,77927
2021-05-12 10:24:18,3420.05,77927
2021-05-12 10:24:22,3421.95,77928
2021-05-12 10:24:25,3421.95,77928
2021-05-12 10:24:28,3420.0,77948
2021-05-12 10:24:31,3420.0,77948
2021-05-12 10:24:34,3420.0,77948
2021-05-12 10:24:37,3420.0,77948
2021-05-12 10:24:40,3420.0,77949
2021-05-12 10:24:43,3420.0,77952
2021-05-12 10:24:49,3421.8,78037
2021-05-12 10:24:53,3420.5,78052
2021-05-12 10:24:56,3421.8,78122
2021-05-12 10:24:59,3421.8,78122
2021-05-12 10:25:03,3421.8,78132
2021-05-12 10:25:06,3421.0,78136
2021-05-12 10:25:09,3421.0,78151
2021-05-12 10:25:13,3421.8,78152
2021-05-12 10:25:16,3420.0,78376
2021-05-12 10:25:19,3421.75,78379
2021-05-12 10:25:23,3421.8,78389
2021-05-12 10:25:26,3420.0,78410
2021-05-12 10:25:29,3420.0,78531
2021-05-12 10:25:32,3420.0,78531
2021-05-12 10:25:35,3420.0,78531
2021-05-12 10:25:38,3421.8,78540
2021-05-12 10:25:41,3421.7,78546
2021-05-12 10:25:45,3421.7,78546
2021-05-12 10:25:48,3421.9,78593
2021-05-12 10:25:52,3422.0,78743
2021-05-12 10:25:55,3422.0,78743
2021-05-12 10:25:58,3422.5,78763
2021-05-12 10:26:01,3421.0,78771
2021-05-12 10:26:04,3421.0,78771
2021-05-12 10:26:08,3421.0,78779
2021-05-12 10:26:11,3422.4,78804
2021-05-12 10:26:15,3422.4,78804
2021-05-12 10:26:18,3422.8,78813
2021-05-12 10:26:21,3423.0,78913
2021-05-12 10:26:24,3423.0,78933
2021-05-12 10:26:27,3422.4,78944
2021-05-12 10:26:31,3421.0,78953
2021-05-12 10:26:32,3422.7,78955
2021-05-12 10:26:33,3422.7,78957
2021-05-12 10:26:33,3422.7,78957
2021-05-12 10:26:34,3422.7,78957
2021-05-12 10:26:36,3422.7,78957
2021-05-12 10:26:37,3422.7,78957
2021-05-12 10:26:38,3422.7,78967
2021-05-12 10:26:39,3422.7,78969
2021-05-12 10:26:40,3422.65,79043
2021-05-12 10:26:41,3422.65,79044
2021-05-12 10:26:43,3422.65,79060
2021-05-12 10:26:44,3422.65,79060
2021-05-12 10:26:45,3422.65,79060
2021-05-12 10:26:46,3422.65,79087
2021-05-12 10:26:47,3422.65,79087
2021-05-12 10:26:48,3422.65,79087
2021-05-12 10:26:50,3422.65,79087
2021-05-12 10:26:51,3422.65,79087
2021-05-12 10:26:52,3420.15,79203
2021-05-12 10:26:53,3420.75,79204
2021-05-12 10:26:54,3420.2,79283
2021-05-12 10:26:55,3420.1,79293
2021-05-12 10:26:56,3420.1,79293
2021-05-12 10:26:57,3420.1,79293
2021-05-12 10:26:58,3420.1,79293
2021-05-12 10:26:58,3420.1,79293
2021-05-12 10:27:01,3420.1,79293
2021-05-12 10:27:02,3420.1,79293
2021-05-12 10:27:03,3420.05,79294
2021-05-12 10:27:04,3420.05,79294
2021-05-12 10:27:05,3420.05,79294
2021-05-12 10:27:05,3420.05,79294
2021-05-12 10:27:06,3420.05,79300
2021-05-12 10:27:07,3422.0,79325
2021-05-12 10:27:09,3422.0,79325
2021-05-12 10:27:10,3422.0,79325
2021-05-12 10:27:11,3422.0,79325
2021-05-12 10:27:12,3422.0,79325
2021-05-12 10:27:13,3422.0,79325
2021-05-12 10:27:14,3422.0,79325
2021-05-12 10:27:15,3420.05,79331
2021-05-12 10:27:16,3420.05,79331
2021-05-12 10:27:17,3421.95,79334
2021-05-12 10:27:19,3421.95,79334
2021-05-12 10:27:22,3421.95,79334
2021-05-12 10:27:23,3421.95,79334
2021-05-12 10:27:23,3421.95,79334
2021-05-12 10:27:25,3421.95,79384
2021-05-12 10:27:26,3421.95,79384
2021-05-12 10:27:27,3421.95,79384
2021-05-12 10:27:28,3420.0,79484
2021-05-12 10:27:29,3420.0,79484
2021-05-12 10:27:29,3420.0,79484
2021-05-12 10:27:33,3420.0,79484
2021-05-12 10:27:34,3420.0,79484
2021-05-12 10:27:35,3420.1,79489
2021-05-12 10:27:36,3420.1,79489
2021-05-12 10:27:37,3420.1,79489
2021-05-12 10:27:37,3420.05,79490
2021-05-12 10:27:38,3420.0,79495
2021-05-12 10:27:40,3420.0,79495
2021-05-12 10:27:41,3420.05,79496
2021-05-12 10:27:42,3420.05,79529
2021-05-12 10:27:43,3420.05,79529
2021-05-12 10:27:44,3420.05,79529
2021-05-12 10:27:45,3420.05,79529
2021-05-12 10:27:46,3420.05,79534
2021-05-12 10:27:47,3420.05,79534
2021-05-12 10:27:48,3420.05,79534
2021-05-12 10:27:50,3420.0,79675
2021-05-12 10:27:51,3421.9,79693
2021-05-12 10:27:52,3421.9,79693
2021-05-12 10:27:53,3421.9,79693
2021-05-12 10:27:54,3421.9,79693
2021-05-12 10:27:55,3420.05,79893
2021-05-12 10:27:56,3420.05,79893
2021-05-12 10:27:57,3420.05,79893
2021-05-12 10:27:58,3422.0,79913
2021-05-12 10:27:59,3422.0,79913
2021-05-12 10:28:00,3422.0,79913
2021-05-12 10:28:01,3422.0,79916
2021-05-12 10:28:02,3422.0,79916
2021-05-12 10:28:03,3422.0,79918
2021-05-12 10:28:07,3422.0,79918
2021-05-12 10:28:08,3422.0,79918
2021-05-12 10:28:10,3422.0,79918
2021-05-12 10:28:10,3422.0,79918
2021-05-12 10:28:12,3420.0,80062
2021-05-12 10:28:13,3420.0,80066
2021-05-12 10:28:14,3420.0,80066
2021-05-12 10:28:15,3420.0,80066
2021-05-12 10:28:16,3420.0,80066
2021-05-12 10:28:17,3420.0,80066
2021-05-12 10:28:17,3420.0,80066
2021-05-12 10:28:19,3420.0,80066
2021-05-12 10:28:20,3420.0,80066
2021-05-12 10:28:21,3420.0,80066
2021-05-12 10:28:22,3420.0,80086
2021-05-12 10:28:23,3420.0,80136
2021-05-12 10:28:24,3420.0,80136
2021-05-12 10:28:26,3420.0,80136
2021-05-12 10:28:27,3420.0,80136
2021-05-12 10:28:28,3421.55,80150
2021-05-12 10:28:29,3421.9,80151
2021-05-12 10:28:30,3421.9,80152
2021-05-12 10:28:31,3421.9,80152
2021-05-12 10:28:32,3421.9,80152
2021-05-12 10:28:34,3421.9,80152
2021-05-12 10:28:35,3421.9,80152
2021-05-12 10:28:36,3421.9,80152
2021-05-12 10:28:37,3421.9,80153
2021-05-12 10:28:38,3421.9,80153
2021-05-12 10:28:39,3421.9,80153
2021-05-12 10:28:40,3420.35,80154
2021-05-12 10:28:41,3420.35,80154
2021-05-12 10:28:42,3420.35,80154
2021-05-12 10:28:43,3420.35,80154
2021-05-12 10:28:44,3420.35,80154
2021-05-12 10:28:45,3422.0,80166
2021-05-12 10:28:46,3422.0,80166
2021-05-12 10:28:47,3422.0,80166
2021-05-12 10:28:48,3421.95,80167
2021-05-12 10:28:49,3421.95,80167
2021-05-12 10:28:50,3421.95,80167
2021-05-12 10:28:51,3421.95,80167
2021-05-12 10:28:53,3420.6,80169
2021-05-12 10:28:55,3420.6,80169
2021-05-12 10:28:56,3422.0,80189
2021-05-12 10:28:57,3422.0,80189
2021-05-12 10:28:58,3420.2,80194
2021-05-12 10:28:59,3421.4,80279
2021-05-12 10:29:00,3421.4,80279
2021-05-12 10:29:01,3421.4,80279
2021-05-12 10:29:02,3421.4,80281
2021-05-12 10:29:03,3421.4,80281
2021-05-12 10:29:04,3421.4,80281
2021-05-12 10:29:05,3421.4,80281
2021-05-12 10:29:06,3421.4,80282
2021-05-12 10:29:07,3421.4,80282
2021-05-12 10:29:08,3421.4,80283
2021-05-12 10:29:09,3421.4,80284
2021-05-12 10:29:10,3421.4,80284
2021-05-12 10:29:11,3421.4,80284
2021-05-12 10:29:12,3421.4,80284
2021-05-12 10:29:13,3421.4,80284
2021-05-12 10:29:14,3421.4,80284
2021-05-12 10:29:15,3421.4,80286
2021-05-12 10:29:16,3421.4,80286
2021-05-12 10:29:17,3421.4,80291
2021-05-12 10:29:18,3421.4,80291
2021-05-12 10:29:21,3422.0,80292
2021-05-12 10:29:22,3422.0,80292
2021-05-12 10:29:23,3422.0,80292
2021-05-12 10:29:24,3422.0,80292
2021-05-12 10:29:26,3421.95,80294
2021-05-12 10:29:27,3421.95,80294
2021-05-12 10:29:32,3421.4,80314
2021-05-12 10:29:33,3421.4,80314
2021-05-12 10:29:36,3421.4,80314
2021-05-12 10:29:37,3421.4,80314
2021-05-12 10:29:38,3421.4,80316
2021-05-12 10:29:39,3421.4,80316
2021-05-12 10:29:40,3421.4,80317
2021-05-12 10:29:41,3421.4,80322
2021-05-12 10:29:42,3421.4,80332
2021-05-12 10:29:43,3421.4,80362
2021-05-12 10:29:44,3421.4,80362
2021-05-12 10:29:45,3421.4,80362
2021-05-12 10:29:46,3421.4,80362
2021-05-12 10:29:49,3421.0,80365
2021-05-12 10:29:50,3421.0,80365
2021-05-12 10:29:51,3420.5,80375
2021-05-12 10:29:52,3420.5,80375
2021-05-12 10:29:53,3420.5,80375
2021-05-12 10:29:55,3420.5,80375
2021-05-12 10:29:56,3420.5,80375
2021-05-12 10:29:57,3420.5,80375
2021-05-12 10:29:58,3420.5,80377
2021-05-12 10:30:01,3420.5,80377
2021-05-12 10:30:02,3420.5,80377
2021-05-12 10:30:03,3420.4,80378
2021-05-12 10:30:05,3420.4,80378
2021-05-12 10:30:06,3420.4,80379
2021-05-12 10:30:07,3420.4,80379
2021-05-12 10:30:08,3420.4,80379
2021-05-12 10:30:09,3420.4,80379
2021-05-12 10:30:11,3420.4,80379
2021-05-12 10:30:12,3420.4,80379
2021-05-12 10:30:13,3420.4,80380
2021-05-12 10:30:14,3420.4,80380
2021-05-12 10:30:15,3420.5,80382
2021-05-12 10:30:16,3420.5,80382
2021-05-12 10:30:17,3420.4,80383
2021-05-12 10:30:18,3420.4,80383
2021-05-12 10:30:19,3420.0,80463
2021-05-12 10:30:20,3420.5,80478
2021-05-12 10:30:21,3420.5,80478
2021-05-12 10:30:22,3420.5,80478
2021-05-12 10:30:23,3420.0,80479
2021-05-12 10:30:24,3420.0,80479
2021-05-12 10:30:25,3420.05,80481
2021-05-12 10:30:27,3420.05,80481
2021-05-12 10:30:26,3420.05,80481
2021-05-12 10:30:28,3420.05,80481
2021-05-12 10:30:29,3420.5,80485
2021-05-12 10:30:30,3420.5,80485
2021-05-12 10:30:31,3420.05,80488
2021-05-12 10:30:32,3420.0,80492
2021-05-12 10:30:33,3420.0,80492
2021-05-12 10:30:35,3420.0,80492
2021-05-12 10:30:36,3420.0,80542
2021-05-12 10:30:37,3420.0,80567
2021-05-12 10:30:38,3420.0,80575
2021-05-12 10:30:39,3420.0,80575
2021-05-12 10:30:40,3420.05,80663
2021-05-12 10:30:41,3420.05,80886
2021-05-12 10:30:42,3420.05,80896
2021-05-12 10:30:44,3420.0,80898
2021-05-12 10:30:44,3420.0,80898
2021-05-12 10:30:46,3420.0,80898
2021-05-12 10:30:47,3420.0,80899
2021-05-12 10:30:48,3420.05,80900
2021-05-12 10:30:49,3420.05,80900
2021-05-12 10:30:51,3420.5,81415
2021-05-12 10:30:51,3420.5,81415
2021-05-12 10:30:52,3420.5,81440
2021-05-12 10:30:54,3420.5,81440
2021-05-12 10:30:56,3420.5,81440
2021-05-12 10:30:58,3421.0,81444
2021-05-12 10:30:58,3421.5,81446
2021-05-12 10:30:59,3421.55,81448
2021-05-12 10:31:00,3421.55,81448
2021-05-12 10:31:02,3421.65,81452
2021-05-12 10:31:03,3421.65,81452
2021-05-12 10:31:04,3421.65,81452
2021-05-12 10:31:05,3421.65,81452
2021-05-12 10:31:06,3421.95,81453
2021-05-12 10:31:07,3421.95,81453
2021-05-12 10:31:09,3420.6,81454
2021-05-12 10:31:11,3420.6,81454
2021-05-12 10:31:12,3420.6,81457
2021-05-12 10:31:14,3421.95,81468
2021-05-12 10:31:15,3421.95,81472
2021-05-12 10:31:15,3421.95,81478
2021-05-12 10:31:16,3421.95,81486
2021-05-12 10:31:17,3421.95,81486
2021-05-12 10:31:18,3422.0,81506
2021-05-12 10:31:19,3422.0,81506
2021-05-12 10:31:20,3422.0,81506
2021-05-12 10:31:21,3422.55,81536
2021-05-12 10:31:23,3420.65,81537
2021-05-12 10:31:24,3420.65,81537
2021-05-12 10:31:25,3420.65,81537
2021-05-12 10:31:27,3420.65,81537
2021-05-12 10:31:27,3422.3,81539
2021-05-12 10:31:28,3422.65,81546
2021-05-12 10:31:29,3422.65,81548
2021-05-12 10:31:30,3422.65,81548
2021-05-12 10:31:32,3422.7,81589
2021-05-12 10:31:35,3422.65,81597
2021-05-12 10:31:38,3422.65,81597
2021-05-12 10:31:42,3422.85,81624
2021-05-12 10:31:45,3422.85,81624
2021-05-12 10:31:49,3421.05,81628
2021-05-12 10:31:52,3421.05,81628
2021-05-12 10:31:56,3421.05,81629
2021-05-12 10:31:59,3421.0,81680
2021-05-12 10:32:02,3421.0,81680
2021-05-12 10:32:05,3422.0,81731
2021-05-12 10:32:08,3422.0,81731
2021-05-12 10:32:11,3422.0,81731
2021-05-12 10:32:14,3422.0,81731
2021-05-12 10:32:17,3423.0,81761
2021-05-12 10:32:21,3423.25,81771
2021-05-12 10:32:25,3423.25,81771
2021-05-12 10:32:28,3423.25,81771
2021-05-12 10:32:30,3423.0,81795
2021-05-12 10:32:33,3423.35,81845
2021-05-12 10:32:36,3423.35,81904
2021-05-12 10:32:39,3422.0,82088
2021-05-12 10:32:42,3421.0,82096
2021-05-12 10:32:48,3420.0,82459
2021-05-12 10:32:51,3420.0,82459
2021-05-12 10:32:54,3422.55,82567
2021-05-12 10:32:57,3423.1,82573
2021-05-12 10:33:00,3423.75,82583
2021-05-12 10:33:04,3423.75,82583
2021-05-12 10:33:07,3422.0,82589
2021-05-12 10:33:10,3422.0,82589
2021-05-12 10:33:13,3423.75,82590
2021-05-12 10:33:16,3422.5,82592
2021-05-12 10:33:19,3422.5,82592
2021-05-12 10:33:23,3423.7,82621
2021-05-12 10:33:27,3423.7,82621
2021-05-12 10:33:30,3423.7,82621
2021-05-12 10:33:33,3422.5,82624
2021-05-12 10:33:36,3422.5,82624
2021-05-12 10:33:39,3422.5,82634
2021-05-12 10:33:42,3422.0,82644
2021-05-12 10:33:45,3422.5,82731
2021-05-12 10:33:48,3422.5,82731
2021-05-12 10:33:51,3422.5,82731
2021-05-12 10:33:54,3422.5,82731
2021-05-12 10:33:58,3422.5,82731
2021-05-12 10:34:01,3422.5,82770
2021-05-12 10:34:04,3422.55,82774
2021-05-12 10:34:06,3424.0,82779
2021-05-12 10:34:10,3424.0,82779
2021-05-12 10:34:13,3424.0,82779
2021-05-12 10:34:15,3424.0,82779
2021-05-12 10:34:18,3422.5,82790
2021-05-12 10:34:25,3423.9,83003
2021-05-12 10:34:29,3423.9,83003
2021-05-12 10:34:33,3423.9,83017
2021-05-12 10:34:36,3423.15,83020
2021-05-12 10:34:39,3424.0,83038
2021-05-12 10:34:42,3423.0,83040
2021-05-12 10:34:45,3423.0,83043
2021-05-12 10:34:48,3424.0,83053
2021-05-12 10:34:51,3424.0,83057
2021-05-12 10:34:55,3422.5,83094
2021-05-12 10:34:58,3422.5,83094
2021-05-12 10:35:01,3424.0,83096
2021-05-12 10:35:06,3424.0,83098
2021-05-12 10:35:08,3422.65,83099
2021-05-12 10:35:11,3422.65,83100
2021-05-12 10:35:14,3424.0,83106
2021-05-12 10:35:17,3424.0,83106
2021-05-12 10:35:20,3424.0,83106
2021-05-12 10:35:23,3423.95,83112
2021-05-12 10:35:26,3424.0,83226
2021-05-12 10:35:30,3424.0,83232
2021-05-12 10:35:33,3423.0,83303
2021-05-12 10:35:39,3424.0,83317
2021-05-12 10:35:42,3424.75,83423
2021-05-12 10:35:46,3423.15,83429
2021-05-12 10:35:49,3423.15,83432
2021-05-12 10:35:51,3424.0,83433
2021-05-12 10:35:54,3424.0,83444
2021-05-12 10:35:57,3424.75,83449
2021-05-12 10:35:59,3424.75,83449
2021-05-12 10:36:06,3424.95,83451
2021-05-12 10:36:09,3424.95,83473
2021-05-12 10:36:13,3425.0,83505
2021-05-12 10:36:16,3424.95,83530
2021-05-12 10:36:19,3424.95,83530
2021-05-12 10:36:22,3424.95,83530
2021-05-12 10:36:24,3425.0,83534
2021-05-12 10:36:27,3425.0,83534
2021-05-12 10:36:29,3425.5,83548
2021-05-12 10:36:32,3425.5,83548
2021-05-12 10:36:34,3427.5,83748
2021-05-12 10:36:34,3427.5,83748
2021-05-12 10:36:35,3427.5,83748
2021-05-12 10:36:36,3427.5,83748
2021-05-12 10:36:37,3427.5,83748
2021-05-12 10:36:39,3427.5,83748
2021-05-12 10:36:41,3427.5,83748
2021-05-12 10:36:42,3425.55,83768
2021-05-12 10:36:43,3427.4,83771
2021-05-12 10:36:44,3427.4,83771
2021-05-12 10:36:45,3427.45,83782
2021-05-12 10:36:46,3425.6,83792
2021-05-12 10:36:48,3425.6,83792
2021-05-12 10:36:49,3425.6,83792
2021-05-12 10:36:50,3425.6,83792
2021-05-12 10:36:52,3425.6,83792
2021-05-12 10:36:53,3425.6,83792
2021-05-12 10:36:53,3425.6,83792
2021-05-12 10:36:54,3425.6,83792
2021-05-12 10:36:55,3425.6,83792
2021-05-12 10:36:57,3425.75,83793
2021-05-12 10:36:58,3425.75,83793
2021-05-12 10:36:59,3425.75,83793
2021-05-12 10:37:00,3425.75,83793
2021-05-12 10:37:01,3425.75,83793
2021-05-12 10:37:02,3425.75,83793
2021-05-12 10:37:03,3425.75,83793
2021-05-12 10:37:04,3427.5,83794
2021-05-12 10:37:04,3427.5,83794
2021-05-12 10:37:07,3427.5,83795
2021-05-12 10:37:08,3427.5,83795
2021-05-12 10:37:09,3427.5,83795
2021-05-12 10:37:11,3427.5,83795
2021-05-12 10:37:12,3427.5,83795
2021-05-12 10:37:13,3427.5,83795
2021-05-12 10:37:16,3427.45,83796
2021-05-12 10:37:17,3427.45,83796
2021-05-12 10:37:18,3427.45,83796
2021-05-12 10:37:19,3427.45,83796
2021-05-12 10:37:21,3427.45,83796
2021-05-12 10:37:22,3427.45,83796
2021-05-12 10:37:23,3427.45,83796
2021-05-12 10:37:25,3427.45,83797
2021-05-12 10:37:26,3425.8,83799
2021-05-12 10:37:27,3425.8,83799
2021-05-12 10:37:27,3425.8,83799
2021-05-12 10:37:29,3427.3,83804
2021-05-12 10:37:30,3427.3,83854
2021-05-12 10:37:31,3427.3,83854
2021-05-12 10:37:31,3427.3,83857
2021-05-12 10:37:33,3427.3,83857
2021-05-12 10:37:34,3425.5,83957
2021-05-12 10:37:35,3425.5,83957
2021-05-12 10:37:36,3425.5,83957
2021-05-12 10:37:37,3425.5,83957
2021-05-12 10:37:38,3425.5,83957
2021-05-12 10:37:41,3425.5,83957
2021-05-12 10:37:43,3427.0,83958
2021-05-12 10:37:43,3427.0,83958
2021-05-12 10:37:45,3427.0,83958
2021-05-12 10:37:48,3425.5,84213
2021-05-12 10:37:48,3427.45,84218
2021-05-12 10:37:50,3427.45,84218
2021-05-12 10:37:51,3427.45,84218
2021-05-12 10:37:52,3427.45,84218
2021-05-12 10:37:53,3428.0,84469
2021-05-12 10:37:54,3428.0,84469
2021-05-12 10:37:55,3428.0,84469
2021-05-12 10:38:00,3428.0,84469
2021-05-12 10:38:01,3428.0,84469
2021-05-12 10:38:02,3428.0,84469
2021-05-12 10:38:03,3428.0,84469
2021-05-12 10:38:04,3428.0,84469
2021-05-12 10:38:05,3425.6,84494
2021-05-12 10:38:06,3425.6,84494
2021-05-12 10:38:06,3425.6,84494
2021-05-12 10:38:08,3425.6,84494
2021-05-12 10:38:09,3427.45,84496
2021-05-12 10:38:11,3425.75,84498
2021-05-12 10:38:12,3425.75,84498
2021-05-12 10:38:13,3425.75,84498
2021-05-12 10:38:14,3425.75,84498
2021-05-12 10:38:15,3427.45,84504
2021-05-12 10:38:16,3427.45,84504
2021-05-12 10:38:19,3427.45,84504
2021-05-12 10:38:20,3427.45,84504
2021-05-12 10:38:21,3427.45,84504
2021-05-12 10:38:21,3427.45,84504
2021-05-12 10:38:22,3425.75,84505
2021-05-12 10:38:23,3425.75,84505
2021-05-12 10:38:24,3427.45,84508
2021-05-12 10:38:26,3427.45,84508
2021-05-12 10:38:28,3427.45,84508
2021-05-12 10:38:29,3427.45,84508
2021-05-12 10:38:30,3427.45,84508
2021-05-12 10:38:31,3427.95,84513
2021-05-12 10:38:32,3427.95,84513
2021-05-12 10:38:33,3427.95,84513
2021-05-12 10:38:34,3427.95,84513
2021-05-12 10:38:35,3427.0,84517
2021-05-12 10:38:36,3427.0,84517
2021-05-12 10:38:37,3427.0,84517
2021-05-12 10:38:38,3426.0,84518
2021-05-12 10:38:39,3427.95,84533
2021-05-12 10:38:39,3427.95,84533
2021-05-12 10:38:42,3427.95,84533
2021-05-12 10:38:43,3427.95,84533
2021-05-12 10:38:44,3427.95,84533
2021-05-12 10:38:45,3427.95,84533
2021-05-12 10:38:47,3427.0,84536
2021-05-12 10:38:46,3427.95,84533
2021-05-12 10:38:47,3427.0,84536
2021-05-12 10:38:50,3427.0,84537
2021-05-12 10:38:52,3427.6,84552
2021-05-12 10:38:53,3427.6,84552
2021-05-12 10:38:54,3427.6,84552
2021-05-12 10:38:55,3427.6,84552
2021-05-12 10:38:56,3427.6,84552
2021-05-12 10:38:57,3425.85,84557
2021-05-12 10:38:58,3425.85,84557
2021-05-12 10:38:59,3427.65,84668
2021-05-12 10:39:00,3427.65,84668
2021-05-12 10:39:01,3427.65,84668
2021-05-12 10:39:02,3427.65,84668
2021-05-12 10:39:03,3427.65,84668
2021-05-12 10:39:04,3427.8,84669
2021-05-12 10:39:05,3427.8,84669
2021-05-12 10:39:06,3427.8,84669
2021-05-12 10:39:07,3427.8,84669
2021-05-12 10:39:08,3427.8,84670
2021-05-12 10:39:08,3427.8,84670
2021-05-12 10:39:10,3427.8,84670
2021-05-12 10:39:11,3427.6,84671
2021-05-12 10:39:12,3427.6,84671
2021-05-12 10:39:13,3427.6,84671
2021-05-12 10:39:14,3427.6,84671
2021-05-12 10:39:15,3427.6,84671
2021-05-12 10:39:17,3427.6,84671
2021-05-12 10:39:18,3427.75,84672
2021-05-12 10:39:19,3427.75,84672
2021-05-12 10:39:20,3427.75,84672
2021-05-12 10:39:21,3427.75,84677
2021-05-12 10:39:22,3427.75,84677
2021-05-12 10:39:23,3427.75,84677
2021-05-12 10:39:24,3427.75,84677
2021-05-12 10:39:26,3427.75,84677
2021-05-12 10:39:28,3427.75,84677
2021-05-12 10:39:30,3427.75,84677
2021-05-12 10:39:31,3427.75,84677
2021-05-12 10:39:32,3427.75,84677
2021-05-12 10:39:33,3426.0,84751
2021-05-12 10:39:35,3426.0,84751
2021-05-12 10:39:36,3425.9,84761
2021-05-12 10:39:37,3427.65,84763
2021-05-12 10:39:38,3427.65,84763
2021-05-12 10:39:39,3427.65,84763
2021-05-12 10:39:40,3427.0,84773
2021-05-12 10:39:41,3427.0,84773
2021-05-12 10:39:43,3427.7,84889
2021-05-12 10:39:44,3427.7,84889
2021-05-12 10:39:45,3427.0,84895
2021-05-12 10:39:46,3427.0,84895
2021-05-12 10:39:47,3427.0,84895
2021-05-12 10:39:48,3427.0,84895
2021-05-12 10:39:49,3427.0,84895
2021-05-12 10:39:50,3427.7,84896
2021-05-12 10:39:51,3427.65,84906
2021-05-12 10:39:52,3427.65,84918
2021-05-12 10:39:53,3427.65,84918
2021-05-12 10:39:54,3427.65,84923
2021-05-12 10:39:55,3426.75,84934
2021-05-12 10:39:56,3426.75,84934
2021-05-12 10:39:57,3426.75,84937
2021-05-12 10:39:58,3426.75,84937
2021-05-12 10:40:00,3426.0,84938
2021-05-12 10:40:02,3426.0,84938
2021-05-12 10:40:03,3426.75,84950
2021-05-12 10:40:06,3426.75,84950
2021-05-12 10:40:07,3426.75,84950
2021-05-12 10:40:09,3426.75,84950
2021-05-12 10:40:10,3426.75,84950
2021-05-12 10:40:11,3427.65,84951
2021-05-12 10:40:12,3427.0,84963
2021-05-12 10:40:13,3427.0,84963
2021-05-12 10:40:14,3427.0,84963
2021-05-12 10:40:15,3427.0,84963
2021-05-12 10:40:16,3427.0,84963
2021-05-12 10:40:18,3427.0,84968
2021-05-12 10:40:19,3427.0,84968
2021-05-12 10:40:20,3427.0,84968
2021-05-12 10:40:21,3427.0,84968
2021-05-12 10:40:22,3427.0,84968
2021-05-12 10:40:23,3427.0,84968
2021-05-12 10:40:25,3427.0,84968
2021-05-12 10:40:26,3427.0,84968
2021-05-12 10:40:27,3427.0,84968
2021-05-12 10:40:28,3427.0,84968
2021-05-12 10:40:29,3426.75,84981
2021-05-12 10:40:30,3426.75,84981
2021-05-12 10:40:31,3427.0,85011
2021-05-12 10:40:32,3427.0,85011
2021-05-12 10:40:33,3427.0,85011
2021-05-12 10:40:34,3427.0,85025
2021-05-12 10:40:36,3426.0,85039
2021-05-12 10:40:37,3426.0,85039
2021-05-12 10:40:38,3426.0,85039
2021-05-12 10:40:40,3426.0,85039
2021-05-12 10:40:41,3426.0,85039
2021-05-12 10:40:42,3426.0,85039
2021-05-12 10:40:43,3426.0,85039
2021-05-12 10:40:44,3427.7,85057
2021-05-12 10:40:46,3427.7,85057
2021-05-12 10:40:47,3427.7,85057
2021-05-12 10:40:48,3427.7,85057
2021-05-12 10:40:50,3427.7,85057
2021-05-12 10:40:54,3426.0,85072
2021-05-12 10:40:57,3426.0,85072
2021-05-12 10:40:58,3426.0,85072
2021-05-12 10:40:59,3426.0,85072
2021-05-12 10:41:00,3426.0,85072
2021-05-12 10:41:03,3426.0,85072
2021-05-12 10:41:04,3426.0,85072
2021-05-12 10:41:05,3426.0,85072
2021-05-12 10:41:06,3426.0,85072
2021-05-12 10:41:07,3426.0,85072
2021-05-12 10:41:08,3426.0,85072
2021-05-12 10:41:09,3426.0,85173
2021-05-12 10:41:10,3426.0,85173
2021-05-12 10:41:12,3427.0,85183
2021-05-12 10:41:13,3427.0,85183
2021-05-12 10:41:14,3427.0,85208
2021-05-12 10:41:15,3427.0,85208
2021-05-12 10:41:16,3427.0,85208
2021-05-12 10:41:18,3427.0,85208
2021-05-12 10:41:22,3427.0,85208
2021-05-12 10:41:22,3427.0,85258
2021-05-12 10:41:23,3427.0,85260
2021-05-12 10:41:24,3427.0,85260
2021-05-12 10:41:25,3427.0,85260
2021-05-12 10:41:27,3427.0,85260
2021-05-12 10:41:28,3427.0,85260
2021-05-12 10:41:29,3427.0,85260
2021-05-12 10:41:30,3427.0,85260
2021-05-12 10:41:31,3427.0,85261
2021-05-12 10:41:33,3427.0,85262
2021-05-12 10:41:37,3425.85,85264
2021-05-12 10:41:40,3425.85,85264
2021-05-12 10:41:43,3427.0,85285
2021-05-12 10:41:46,3427.0,85288
2021-05-12 10:41:48,3427.0,85288
2021-05-12 10:41:51,3427.0,85288
2021-05-12 10:41:54,3427.0,85288
2021-05-12 10:41:57,3427.95,85487
2021-05-12 10:41:59,3427.0,85497
2021-05-12 10:42:02,3427.0,85499
2021-05-12 10:42:04,3427.0,85503
2021-05-12 10:42:07,3427.0,85503
2021-05-12 10:42:10,3427.5,85608
2021-05-12 10:42:12,3427.5,85614
2021-05-12 10:42:15,3426.05,85635
2021-05-12 10:42:17,3427.5,85646
2021-05-12 10:42:21,3427.5,85646
2021-05-12 10:42:23,3427.5,85646
2021-05-12 10:42:26,3427.9,85691
2021-05-12 10:42:28,3427.9,85691
2021-05-12 10:42:31,3428.0,85791
2021-05-12 10:42:34,3427.0,85794
2021-05-12 10:42:36,3427.0,85794
2021-05-12 10:42:38,3427.0,85794
2021-05-12 10:42:41,3428.15,85894
2021-05-12 10:42:44,3426.0,85944
2021-05-12 10:42:47,3426.0,85944
2021-05-12 10:42:49,3426.0,85944
2021-05-12 10:42:52,3426.0,85944
2021-05-12 10:42:54,3426.0,85944
2021-05-12 10:42:57,3426.0,85944
2021-05-12 10:43:00,3426.0,85944
2021-05-12 10:43:03,3426.0,85944
2021-05-12 10:43:05,3428.0,85947
2021-05-12 10:43:08,3428.0,85947
2021-05-12 10:43:11,3428.0,85947
2021-05-12 10:43:13,3427.0,85948
2021-05-12 10:43:16,3427.0,85949
2021-05-12 10:43:18,3427.0,85949
2021-05-12 10:43:21,3426.2,85959
2021-05-12 10:43:24,3426.2,85959
2021-05-12 10:43:26,3426.2,85969
2021-05-12 10:43:29,3427.9,85984
2021-05-12 10:43:32,3427.9,85984
2021-05-12 10:43:34,3427.9,85985
2021-05-12 10:43:37,3427.9,85985
2021-05-12 10:43:40,3427.9,85985
2021-05-12 10:43:42,3427.9,85985
2021-05-12 10:43:45,3426.2,85986
2021-05-12 10:43:47,3426.2,85986
2021-05-12 10:43:50,3426.2,85986
2021-05-12 10:43:53,3426.2,85986
2021-05-12 10:43:56,3427.0,85991
2021-05-12 10:43:58,3427.0,85991
2021-05-12 10:44:00,3427.0,86007
2021-05-12 10:44:02,3427.0,86007
2021-05-12 10:44:05,3427.0,86007
2021-05-12 10:44:08,3424.6,86505
2021-05-12 10:44:10,3424.05,86519
2021-05-12 10:44:13,3425.0,86632
2021-05-12 10:44:15,3425.0,86632
2021-05-12 10:44:18,3425.0,86652
2021-05-12 10:44:21,3424.0,86662
2021-05-12 10:44:23,3424.0,86662
2021-05-12 10:44:25,3424.0,86663
2021-05-12 10:44:28,3424.0,86664
2021-05-12 10:44:30,3424.0,86664
2021-05-12 10:44:34,3424.0,86750
2021-05-12 10:44:37,3424.0,86750
2021-05-12 10:44:40,3424.85,86962
2021-05-12 10:44:45,3423.4,86963
2021-05-12 10:44:47,3424.85,86965
2021-05-12 10:44:49,3424.85,86966
2021-05-12 10:44:52,3423.4,86967
2021-05-12 10:44:55,3423.4,86967
2021-05-12 10:44:57,3423.4,86967
2021-05-12 10:45:00,3423.4,86967
2021-05-12 10:45:03,3423.4,87017
2021-05-12 10:45:06,3423.15,87018
2021-05-12 10:45:09,3423.5,87023
2021-05-12 10:45:11,3423.15,87024
2021-05-12 10:45:14,3423.5,87034
2021-05-12 10:45:17,3423.5,87034
2021-05-12 10:45:19,3423.5,87054
2021-05-12 10:45:22,3423.5,87055
2021-05-12 10:45:24,3423.5,87055
2021-05-12 10:45:27,3423.5,87065
2021-05-12 10:45:30,3422.55,87085
2021-05-12 10:45:33,3422.55,87085
2021-05-12 10:45:38,3423.5,87115
2021-05-12 10:45:41,3423.5,87116
2021-05-12 10:45:43,3423.5,87116
2021-05-12 10:45:46,3422.4,87126
2021-05-12 10:45:49,3422.4,87126
2021-05-12 10:45:51,3422.4,87206
2021-05-12 10:45:53,3422.4,87206
2021-05-12 10:45:56,3422.05,87208
2021-05-12 10:45:58,3422.05,87208
2021-05-12 10:46:01,3422.35,87228
2021-05-12 10:46:06,3422.35,87229
2021-05-12 10:46:09,3422.35,87229
2021-05-12 10:46:12,3422.35,87230
2021-05-12 10:46:15,3422.35,87230
2021-05-12 10:46:17,3422.35,87230
2021-05-12 10:46:20,3422.35,87232
2021-05-12 10:46:23,3422.0,87264
2021-05-12 10:46:25,3422.3,87266
2021-05-12 10:46:27,3422.0,87282
2021-05-12 10:46:30,3422.3,87298
2021-05-12 10:46:32,3421.55,87300
2021-05-12 10:46:35,3421.55,87300
2021-05-12 10:46:39,3421.55,87300
2021-05-12 10:46:42,3421.5,87598
2021-05-12 10:46:45,3421.55,87601
2021-05-12 10:46:47,3421.05,87623
2021-05-12 10:46:50,3421.05,87623
2021-05-12 10:46:52,3420.9,87635
2021-05-12 10:46:55,3420.9,87635
2021-05-12 10:46:57,3420.9,87639
2021-05-12 10:47:00,3422.3,87649
2021-05-12 10:47:02,3422.3,87650
2021-05-12 10:47:05,3422.3,87650
2021-05-12 10:47:08,3421.0,87651
2021-05-12 10:47:10,3421.0,87651
2021-05-12 10:47:13,3421.0,87651
2021-05-12 10:47:15,3421.0,87651
2021-05-12 10:47:18,3421.0,87651
2021-05-12 10:47:20,3422.9,87731
2021-05-12 10:47:23,3422.3,87739
2021-05-12 10:47:25,3422.3,87750
2021-05-12 10:47:28,3421.15,87760
2021-05-12 10:47:30,3422.3,87763
2021-05-12 10:47:33,3421.15,87765
2021-05-12 10:47:35,3422.0,87767
2021-05-12 10:47:38,3422.0,87767
2021-05-12 10:47:40,3422.0,87769
2021-05-12 10:47:43,3422.0,87769
2021-05-12 10:47:45,3422.0,87769
2021-05-12 10:47:47,3422.0,87870
2021-05-12 10:47:50,3422.0,87870
2021-05-12 10:47:52,3422.3,88021
2021-05-12 10:47:55,3422.3,88021
2021-05-12 10:47:57,3422.45,88027
2021-05-12 10:48:00,3422.45,88027
2021-05-12 10:48:02,3422.45,88027
2021-05-12 10:48:05,3422.7,88028
2021-05-12 10:48:07,3424.0,88029
2021-05-12 10:48:10,3424.0,88029
2021-05-12 10:48:12,3424.0,88029
2021-05-12 10:48:15,3424.0,88029
2021-05-12 10:48:17,3424.0,88031
2021-05-12 10:48:19,3424.0,88089
2021-05-12 10:48:22,3424.0,88089
2021-05-12 10:48:24,3424.0,88114
2021-05-12 10:48:27,3423.15,88115
2021-05-12 10:48:30,3424.0,88125
2021-05-12 10:48:33,3424.0,88125
2021-05-12 10:48:35,3424.9,88130
2021-05-12 10:48:38,3424.9,88130
2021-05-12 10:48:40,3424.9,88130
2021-05-12 10:48:43,3424.9,88130
2021-05-12 10:48:45,3425.85,88132
2021-05-12 10:48:48,3425.85,88132
2021-05-12 10:48:50,3425.55,88133
2021-05-12 10:48:53,3425.55,88145
2021-05-12 10:48:57,3425.6,88170
2021-05-12 10:49:00,3425.55,88172
2021-05-12 10:49:03,3425.55,88172
2021-05-12 10:49:06,3425.55,88172
2021-05-12 10:49:09,3425.55,88172
2021-05-12 10:49:12,3424.35,88176
2021-05-12 10:49:14,3424.35,88176
2021-05-12 10:49:17,3424.35,88176
2021-05-12 10:49:25,3424.35,88176
2021-05-12 10:49:28,3424.35,88176
2021-05-12 10:49:31,3424.2,88186
2021-05-12 10:49:34,3424.25,88216
2021-05-12 10:49:36,3424.25,88216
2021-05-12 10:49:39,3424.25,88216
2021-05-12 10:49:42,3422.2,88228
2021-05-12 10:49:44,3422.2,88228
2021-05-12 10:49:47,3422.2,88228
2021-05-12 10:49:49,3422.2,88238
2021-05-12 10:49:52,3424.35,88410
2021-05-12 10:49:54,3424.35,88410
2021-05-12 10:49:57,3424.35,88410
2021-05-12 10:49:59,3424.6,88422
2021-05-12 10:50:02,3424.6,88422
2021-05-12 10:50:05,3422.5,88423
2021-05-12 10:50:07,3422.5,88423
2021-05-12 10:50:12,3424.65,88498
2021-05-12 10:50:14,3424.65,88498
2021-05-12 10:50:17,3424.65,88498
2021-05-12 10:50:19,3424.65,88498
2021-05-12 10:50:22,3424.65,88553
2021-05-12 10:50:24,3426.35,88575
2021-05-12 10:50:26,3426.35,88575
2021-05-12 10:50:31,3426.5,88576
2021-05-12 10:50:33,3426.5,88576
2021-05-12 10:50:36,3429.0,89886
2021-05-12 10:50:38,3429.0,89938
2021-05-12 10:50:40,3429.0,89938
2021-05-12 10:50:43,3431.7,91081
2021-05-12 10:50:45,3430.85,91096
2021-05-12 10:50:48,3430.85,91096
2021-05-12 10:50:50,3431.7,91106
2021-05-12 10:50:52,3431.7,91131
2021-05-12 10:50:54,3431.75,91290
2021-05-12 10:50:56,3431.75,91292
2021-05-12 10:50:59,3431.75,91327
2021-05-12 10:51:01,3431.75,91432
2021-05-12 10:51:04,3430.85,91472
2021-05-12 10:51:06,3430.85,91474
2021-05-12 10:51:08,3430.85,91474
2021-05-12 10:51:11,3430.85,91474
2021-05-12 10:51:13,3434.45,92156
2021-05-12 10:51:15,3434.0,92181
2021-05-12 10:51:17,3435.0,92798
2021-05-12 10:51:20,3434.15,92907
2021-05-12 10:51:22,3433.4,92958
2021-05-12 10:51:25,3435.0,93112
2021-05-12 10:51:27,3436.8,93399
2021-05-12 10:51:29,3436.4,93519
2021-05-12 10:51:32,3434.45,93529
2021-05-12 10:51:33,3434.45,93531
2021-05-12 10:51:34,3436.35,93532
2021-05-12 10:51:35,3436.35,93532
2021-05-12 10:51:37,3435.0,93562
2021-05-12 10:51:39,3436.0,93620
2021-05-12 10:51:40,3434.4,93635
2021-05-12 10:51:41,3434.4,93635
2021-05-12 10:51:43,3434.4,93640
2021-05-12 10:51:44,3435.0,93671
2021-05-12 10:51:46,3436.0,93746
2021-05-12 10:51:45,3436.0,93746
2021-05-12 10:51:47,3436.0,93748
2021-05-12 10:51:48,3436.0,93748
2021-05-12 10:51:50,3435.35,95020
2021-05-12 10:51:49,3435.35,95020
2021-05-12 10:51:51,3435.05,95037
2021-05-12 10:51:53,3435.05,95441
2021-05-12 10:51:52,3435.05,95441
2021-05-12 10:51:54,3434.8,95517
2021-05-12 10:51:55,3434.8,95517
2021-05-12 10:51:56,3435.05,95542
2021-05-12 10:51:57,3434.75,95568
2021-05-12 10:51:58,3434.75,95568
2021-05-12 10:51:59,3436.8,95602
2021-05-12 10:52:00,3436.95,95603
2021-05-12 10:52:01,3436.95,95653
2021-05-12 10:52:02,3434.85,95775
2021-05-12 10:52:03,3434.85,95775
2021-05-12 10:52:04,3434.85,95775
2021-05-12 10:52:05,3434.5,96008
2021-05-12 10:52:06,3434.5,96008
2021-05-12 10:52:07,3434.5,96008
2021-05-12 10:52:08,3434.0,96010
2021-05-12 10:52:09,3433.7,96060
2021-05-12 10:52:10,3433.15,96100
2021-05-12 10:52:11,3433.15,96100
2021-05-12 10:52:12,3433.15,96100
2021-05-12 10:52:13,3433.15,96100
2021-05-12 10:52:14,3433.15,96100
2021-05-12 10:52:15,3433.15,96100
2021-05-12 10:52:16,3433.15,96100
2021-05-12 10:52:17,3433.15,96100
2021-05-12 10:52:18,3433.15,96100
2021-05-12 10:52:19,3433.15,96100
2021-05-12 10:52:20,3433.15,96100
2021-05-12 10:52:21,3433.05,96103
2021-05-12 10:52:22,3433.05,96103
2021-05-12 10:52:24,3434.0,96136
2021-05-12 10:52:25,3434.0,96138
2021-05-12 10:52:26,3434.0,96161
2021-05-12 10:52:27,3434.0,96161
2021-05-12 10:52:28,3433.15,96192
2021-05-12 10:52:29,3433.15,96206
2021-05-12 10:52:30,3431.35,96573
2021-05-12 10:52:31,3431.35,96573
2021-05-12 10:52:32,3431.35,96573
2021-05-12 10:52:33,3431.15,96575
2021-05-12 10:52:34,3431.15,96575
2021-05-12 10:52:36,3431.15,96575
2021-05-12 10:52:36,3431.15,96575
2021-05-12 10:52:37,3431.15,96575
2021-05-12 10:52:39,3431.15,96575
2021-05-12 10:52:39,3431.15,96575
2021-05-12 10:52:40,3431.15,96575
2021-05-12 10:52:41,3431.15,96575
2021-05-12 10:52:42,3431.15,96575
2021-05-12 10:52:43,3431.15,96575
2021-05-12 10:52:45,3431.15,96575
2021-05-12 10:52:45,3431.15,96575
2021-05-12 10:52:46,3431.15,96575
2021-05-12 10:52:47,3431.15,96575
2021-05-12 10:52:48,3431.15,96575
2021-05-12 10:52:49,3432.0,96600
2021-05-12 10:52:50,3432.0,96600
2021-05-12 10:52:51,3432.0,96600
2021-05-12 10:52:53,3432.0,96600
2021-05-12 10:52:54,3432.0,96600
2021-05-12 10:52:55,3431.5,96601
2021-05-12 10:52:56,3431.5,96601
2021-05-12 10:52:57,3431.5,96601
2021-05-12 10:52:59,3431.5,96601
2021-05-12 10:53:00,3431.5,96604
2021-05-12 10:53:00,3431.5,96604
2021-05-12 10:53:01,3431.5,96604
2021-05-12 10:53:02,3432.0,96606
2021-05-12 10:53:03,3432.0,96606
2021-05-12 10:53:05,3434.0,96706
2021-05-12 10:53:06,3434.0,96706
2021-05-12 10:53:07,3434.0,96706
2021-05-12 10:53:07,3434.0,96706
2021-05-12 10:53:10,3434.0,96706
2021-05-12 10:53:11,3434.0,96706
2021-05-12 10:53:12,3434.0,96706
2021-05-12 10:53:12,3433.9,96716
2021-05-12 10:53:13,3433.9,96716
2021-05-12 10:53:15,3433.9,96716
2021-05-12 10:53:15,3433.9,96716
2021-05-12 10:53:16,3433.9,96716
2021-05-12 10:53:17,3432.15,96723
2021-05-12 10:53:19,3432.15,96723
2021-05-12 10:53:20,3434.0,96743
2021-05-12 10:53:21,3434.0,96743
2021-05-12 10:53:22,3434.0,96743
2021-05-12 10:53:23,3434.0,96743
2021-05-12 10:53:24,3434.0,96743
2021-05-12 10:53:25,3434.0,96743
2021-05-12 10:53:26,3434.0,96743
2021-05-12 10:53:27,3434.0,96743
2021-05-12 10:53:28,3432.15,96748
2021-05-12 10:53:30,3432.15,96748
2021-05-12 10:53:31,3432.15,96758
2021-05-12 10:53:31,3432.15,96758
2021-05-12 10:53:32,3433.9,96759
2021-05-12 10:53:33,3433.9,96759
2021-05-12 10:53:34,3434.0,96829
2021-05-12 10:53:35,3436.3,97368
2021-05-12 10:53:36,3436.3,97368
2021-05-12 10:53:37,3436.3,97368
2021-05-12 10:53:38,3432.5,97377
2021-05-12 10:53:39,3432.5,97377
2021-05-12 10:53:40,3432.5,97377
2021-05-12 10:53:41,3432.5,97377
2021-05-12 10:53:42,3432.5,97377
2021-05-12 10:53:43,3432.5,97377
2021-05-12 10:53:44,3433.0,97397
2021-05-12 10:53:45,3433.0,97397
2021-05-12 10:53:46,3434.9,97417
2021-05-12 10:53:48,3434.9,97432
2021-05-12 10:53:49,3434.9,97432
2021-05-12 10:53:50,3434.9,97432
2021-05-12 10:53:51,3434.9,97432
2021-05-12 10:53:52,3432.95,97434
2021-05-12 10:53:53,3432.95,97434
2021-05-12 10:53:54,3432.95,97434
2021-05-12 10:53:55,3432.95,97434
2021-05-12 10:53:56,3432.95,97434
2021-05-12 10:53:58,3432.95,97434
2021-05-12 10:53:58,3432.95,97437
2021-05-12 10:53:59,3432.95,97437
2021-05-12 10:54:00,3434.9,97467
2021-05-12 10:54:01,3434.9,97467
2021-05-12 10:54:02,3434.9,97467
2021-05-12 10:54:04,3434.9,97467
2021-05-12 10:54:06,3432.95,97474
2021-05-12 10:54:06,3432.95,97474
2021-05-12 10:54:07,3434.85,97494
2021-05-12 10:54:09,3434.85,97494
2021-05-12 10:54:09,3434.9,97594
2021-05-12 10:54:10,3434.9,97594
2021-05-12 10:54:12,3435.0,97595
2021-05-12 10:54:13,3435.0,97595
2021-05-12 10:54:14,3435.0,97595
2021-05-12 10:54:15,3432.9,97695
2021-05-12 10:54:16,3434.9,97699
2021-05-12 10:54:19,3432.9,97706
2021-05-12 10:54:19,3436.0,97856
2021-05-12 10:54:20,3434.85,97861
2021-05-12 10:54:21,3434.85,97861
2021-05-12 10:54:22,3434.85,97861
2021-05-12 10:54:23,3435.0,97871
2021-05-12 10:54:24,3436.0,97971
2021-05-12 10:54:25,3436.0,97971
2021-05-12 10:54:26,3433.4,98006
2021-05-12 10:54:27,3435.75,98007
2021-05-12 10:54:28,3435.75,98007
2021-05-12 10:54:30,3435.75,98008
2021-05-12 10:54:31,3435.75,98008
2021-05-12 10:54:32,3435.75,98008
2021-05-12 10:54:33,3435.95,98011
2021-05-12 10:54:34,3435.1,98013
2021-05-12 10:54:35,3434.9,98014
2021-05-12 10:54:36,3434.9,98014
2021-05-12 10:54:37,3435.1,98019
2021-05-12 10:54:37,3434.0,98022
2021-05-12 10:54:39,3434.0,98022
2021-05-12 10:54:40,3434.0,98022
2021-05-12 10:54:41,3434.0,98022
2021-05-12 10:54:42,3434.0,98022
2021-05-12 10:54:43,3435.85,98122
2021-05-12 10:54:45,3435.85,98122
2021-05-12 10:54:46,3435.9,98124
2021-05-12 10:54:47,3435.9,98125
2021-05-12 10:54:48,3435.9,98125
2021-05-12 10:54:49,3435.9,98125
2021-05-12 10:54:50,3435.9,98125
2021-05-12 10:54:51,3435.9,98131
2021-05-12 10:54:52,3435.9,98131
2021-05-12 10:54:53,3435.9,98131
2021-05-12 10:54:54,3435.9,98131
2021-05-12 10:54:55,3435.9,98131
2021-05-12 10:54:56,3435.9,98131
2021-05-12 10:54:57,3436.0,98156
2021-05-12 10:54:59,3434.2,98194
2021-05-12 10:55:00,3434.2,98194
2021-05-12 10:55:01,3434.2,98194
2021-05-12 10:55:02,3434.2,98194
2021-05-12 10:55:03,3434.2,98206
2021-05-12 10:55:04,3434.2,98207
2021-05-12 10:55:06,3434.2,98217
2021-05-12 10:55:06,3433.2,98356
2021-05-12 10:55:07,3433.4,98361
2021-05-12 10:55:08,3433.4,98361
2021-05-12 10:55:09,3436.2,99261
2021-05-12 10:55:10,3436.2,99261
2021-05-12 10:55:11,3436.2,99261
2021-05-12 10:55:12,3436.2,99261
2021-05-12 10:55:13,3436.3,99340
2021-05-12 10:55:14,3436.2,99355
2021-05-12 10:55:16,3436.2,99355
2021-05-12 10:55:17,3436.0,99370
2021-05-12 10:55:18,3434.2,99380
2021-05-12 10:55:19,3434.2,99380
2021-05-12 10:55:20,3436.25,99381
2021-05-12 10:55:21,3435.7,99392
2021-05-12 10:55:21,3435.7,99392
2021-05-12 10:55:23,3436.5,99451
2021-05-12 10:55:24,3436.5,99451
2021-05-12 10:55:25,3435.7,99452
2021-05-12 10:55:26,3435.7,99458
2021-05-12 10:55:26,3435.7,99458
2021-05-12 10:55:27,3435.7,99458
2021-05-12 10:55:28,3435.7,99458
2021-05-12 10:55:29,3435.7,99458
2021-05-12 10:55:30,3436.75,99464
2021-05-12 10:55:31,3436.75,99464
2021-05-12 10:55:32,3436.75,99464
2021-05-12 10:55:33,3436.75,99464
2021-05-12 10:55:34,3436.75,99464
2021-05-12 10:55:35,3436.75,99464
2021-05-12 10:55:36,3435.6,99479
2021-05-12 10:55:37,3435.6,99479
2021-05-12 10:55:38,3435.35,99486
2021-05-12 10:55:39,3435.35,99486
2021-05-12 10:55:40,3435.35,99486
2021-05-12 10:55:41,3435.35,99486
2021-05-12 10:55:42,3435.35,99486
2021-05-12 10:55:43,3435.35,99487
2021-05-12 10:55:44,3435.35,99487
2021-05-12 10:55:45,3435.35,99488
2021-05-12 10:55:46,3435.35,99488
2021-05-12 10:55:47,3435.35,99488
2021-05-12 10:55:48,3435.35,99488
2021-05-12 10:55:49,3435.35,99488
2021-05-12 10:55:51,3435.35,99493
2021-05-12 10:55:51,3435.35,99494
2021-05-12 10:55:52,3435.0,99495
2021-05-12 10:55:53,3435.35,99496
2021-05-12 10:55:54,3435.35,99496
2021-05-12 10:55:55,3435.35,99501
2021-05-12 10:55:56,3435.35,99501
2021-05-12 10:55:57,3435.35,99502
2021-05-12 10:55:58,3435.35,99502
2021-05-12 10:55:59,3436.5,99607
2021-05-12 10:56:01,3436.5,99607
2021-05-12 10:56:02,3436.5,99607
2021-05-12 10:56:03,3436.5,99607
2021-05-12 10:56:04,3436.5,99607
2021-05-12 10:56:06,3436.5,99607
2021-05-12 10:56:06,3436.5,99607
2021-05-12 10:56:08,3436.5,99607
2021-05-12 10:56:09,3435.0,99608
2021-05-12 10:56:10,3435.0,99609
2021-05-12 10:56:11,3435.0,99609
2021-05-12 10:56:12,3436.5,99612
2021-05-12 10:56:13,3436.5,99612
2021-05-12 10:56:13,3436.5,99612
2021-05-12 10:56:15,3436.5,99612
2021-05-12 10:56:17,3436.8,99662
2021-05-12 10:56:18,3435.0,99663
2021-05-12 10:56:19,3435.0,99663
2021-05-12 10:56:20,3435.1,99664
2021-05-12 10:56:23,3435.1,99664
2021-05-12 10:56:24,3435.1,99664
2021-05-12 10:56:25,3436.8,99665
2021-05-12 10:56:25,3436.8,99665
2021-05-12 10:56:26,3436.8,99665
2021-05-12 10:56:27,3436.8,99665
2021-05-12 10:56:28,3436.8,99665
2021-05-12 10:56:30,3436.8,99715
2021-05-12 10:56:31,3436.8,99715
2021-05-12 10:56:32,3436.8,99715
2021-05-12 10:56:33,3436.5,99716
2021-05-12 10:56:34,3436.8,99720
2021-05-12 10:56:35,3436.8,99721
2021-05-12 10:56:37,3436.5,99723
2021-05-12 10:56:38,3436.5,99723
2021-05-12 10:56:39,3436.5,99723
2021-05-12 10:56:40,3435.1,99729
2021-05-12 10:56:42,3435.0,99750
2021-05-12 10:56:43,3435.0,99750
2021-05-12 10:56:44,3436.8,99775
2021-05-12 10:56:45,3436.8,99775
2021-05-12 10:56:46,3436.8,99783
2021-05-12 10:56:47,3436.8,99783
2021-05-12 10:56:48,3436.8,99783
2021-05-12 10:56:49,3436.8,99783
2021-05-12 10:56:49,3436.8,99783
2021-05-12 10:56:50,3436.8,99783
2021-05-12 10:56:51,3436.8,99783
2021-05-12 10:56:52,3436.8,99783
2021-05-12 10:56:54,3435.0,99800
2021-05-12 10:56:55,3435.0,99800
2021-05-12 10:56:57,3435.0,99800
2021-05-12 10:56:58,3435.0,99800
2021-05-12 10:56:59,3435.0,99800
2021-05-12 10:57:00,3435.0,99800
2021-05-12 10:57:01,3435.0,99800
2021-05-12 10:57:02,3435.0,99800
2021-05-12 10:57:03,3435.0,99800
2021-05-12 10:57:04,3436.5,99900
2021-05-12 10:57:05,3436.5,99900
2021-05-12 10:57:08,3436.5,99900
2021-05-12 10:57:09,3436.0,99910
2021-05-12 10:57:10,3436.0,99910
2021-05-12 10:57:14,3436.0,99910
2021-05-12 10:57:15,3436.0,99912
2021-05-12 10:57:17,3436.0,99912
2021-05-12 10:57:17,3436.0,99912
2021-05-12 10:57:18,3436.0,99912
2021-05-12 10:57:19,3436.0,99912
2021-05-12 10:57:21,3435.0,100012
2021-05-12 10:57:22,3435.0,100023
2021-05-12 10:57:23,3435.0,100023
2021-05-12 10:57:24,3435.0,100146
2021-05-12 10:57:25,3435.0,100146
2021-05-12 10:57:26,3434.2,100156
2021-05-12 10:57:27,3434.2,100156
2021-05-12 10:57:28,3434.0,100206
2021-05-12 10:57:29,3435.0,100211
2021-05-12 10:57:30,3435.0,100211
2021-05-12 10:57:31,3435.0,100211
2021-05-12 10:57:32,3435.0,100211
2021-05-12 10:57:33,3435.0,100211
2021-05-12 10:57:34,3435.0,100211
2021-05-12 10:57:35,3435.0,100211
2021-05-12 10:57:36,3434.85,100236
2021-05-12 10:57:37,3434.85,100236
2021-05-12 10:57:37,3434.85,100236
2021-05-12 10:57:38,3435.0,100246
2021-05-12 10:57:39,3435.0,100246
2021-05-12 10:57:40,3433.35,100855
2021-05-12 10:57:42,3433.35,100855
2021-05-12 10:57:44,3433.35,100855
2021-05-12 10:57:45,3433.35,100855
2021-05-12 10:57:47,3434.85,100863
2021-05-12 10:57:48,3434.85,100863
2021-05-12 10:57:49,3432.75,100963
2021-05-12 10:57:50,3434.85,100967
2021-05-12 10:57:51,3434.85,100967
2021-05-12 10:57:53,3432.85,100992
2021-05-12 10:57:54,3434.85,101002
2021-05-12 10:57:55,3434.85,101002
2021-05-12 10:57:56,3434.85,101002
2021-05-12 10:57:57,3432.85,101069
2021-05-12 10:57:58,3432.85,101069
2021-05-12 10:57:59,3434.8,101071
2021-05-12 10:58:01,3434.8,101071
2021-05-12 10:58:02,3434.8,101072
2021-05-12 10:58:03,3434.8,101072
2021-05-12 10:58:06,3432.6,101172
2021-05-12 10:58:07,3432.6,101172
2021-05-12 10:58:08,3432.6,101172
2021-05-12 10:58:10,3432.0,101375
2021-05-12 10:58:11,3432.0,101375
2021-05-12 10:58:12,3432.0,101375
2021-05-12 10:58:13,3433.65,101493
2021-05-12 10:58:13,3433.55,101492
2021-05-12 10:58:14,3433.65,101493
2021-05-12 10:58:16,3432.1,101515
2021-05-12 10:58:17,3432.1,101515
2021-05-12 10:58:17,3432.1,101515
2021-05-12 10:58:19,3432.1,101515
2021-05-12 10:58:20,3433.65,101616
2021-05-12 10:58:21,3434.95,101640
2021-05-12 10:58:22,3434.95,101640
2021-05-12 10:58:24,3434.85,101690
2021-05-12 10:58:25,3434.85,101690
2021-05-12 10:58:26,3432.55,101691
2021-05-12 10:58:27,3432.55,101691
2021-05-12 10:58:28,3432.3,101791
2021-05-12 10:58:29,3432.3,101791
2021-05-12 10:58:30,3432.3,101791
2021-05-12 10:58:31,3432.3,101791
2021-05-12 10:58:32,3432.3,101791
2021-05-12 10:58:33,3432.3,101791
2021-05-12 10:58:34,3432.3,101791
2021-05-12 10:58:36,3434.5,101908
2021-05-12 10:58:37,3434.5,101908
2021-05-12 10:58:38,3434.5,101908
2021-05-12 10:58:40,3434.5,101908
2021-05-12 10:58:41,3433.2,101913
2021-05-12 10:58:41,3433.2,101913
2021-05-12 10:58:43,3433.2,101916
2021-05-12 10:58:44,3434.65,101925
2021-05-12 10:58:44,3434.65,101920
2021-05-12 10:58:45,3433.2,101926
2021-05-12 10:58:46,3433.2,101926
2021-05-12 10:58:47,3433.2,101926
2021-05-12 10:58:48,3433.2,101926
2021-05-12 10:58:50,3433.2,101926
2021-05-12 10:58:50,3433.2,101926
2021-05-12 10:58:52,3434.6,101927
2021-05-12 10:58:53,3435.0,102127
2021-05-12 10:58:54,3435.0,102127
2021-05-12 10:58:55,3435.0,102137
2021-05-12 10:58:56,3436.0,102578
2021-05-12 10:58:56,3435.0,102548
2021-05-12 10:58:58,3436.0,102578
2021-05-12 10:58:59,3436.0,102578
2021-05-12 10:59:00,3435.0,102579
2021-05-12 10:59:01,3435.0,102580
2021-05-12 10:59:02,3435.0,102580
2021-05-12 10:59:03,3435.0,102610
2021-05-12 10:59:07,3436.0,102629
2021-05-12 10:59:06,3436.0,102629
2021-05-12 10:59:08,3436.0,102629
2021-05-12 10:59:09,3436.0,102629
2021-05-12 10:59:10,3435.45,102639
2021-05-12 10:59:11,3435.4,102649
2021-05-12 10:59:12,3435.4,102649
2021-05-12 10:59:13,3435.4,102649
2021-05-12 10:59:14,3436.5,102939
2021-05-12 10:59:15,3436.5,102939
2021-05-12 10:59:16,3436.5,102939
2021-05-12 10:59:18,3436.8,102959
2021-05-12 10:59:17,3435.25,102949
2021-05-12 10:59:18,3436.8,102959
2021-05-12 10:59:19,3436.8,102959
2021-05-12 10:59:20,3436.8,102960
2021-05-12 10:59:22,3436.5,103110
2021-05-12 10:59:23,3435.45,103121
2021-05-12 10:59:23,3436.5,103131
2021-05-12 10:59:24,3436.5,103136
2021-05-12 10:59:26,3435.55,103137
2021-05-12 10:59:27,3435.55,103137
2021-05-12 10:59:28,3436.5,103138
2021-05-12 10:59:29,3436.5,103149
2021-05-12 10:59:30,3436.5,103159
2021-05-12 10:59:31,3436.5,103159
2021-05-12 10:59:31,3436.5,103159
2021-05-12 10:59:33,3436.0,103169
2021-05-12 10:59:34,3436.0,103175
2021-05-12 10:59:35,3436.0,103175
2021-05-12 10:59:36,3437.5,103286
2021-05-12 10:59:37,3437.5,103286
2021-05-12 10:59:38,3437.5,103286
2021-05-12 10:59:39,3437.75,103311
2021-05-12 10:59:40,3437.75,103311
2021-05-12 10:59:41,3437.75,103311
2021-05-12 10:59:42,3437.75,103311
2021-05-12 10:59:43,3436.5,103313
2021-05-12 10:59:44,3436.0,103365
2021-05-12 10:59:45,3437.7,103371
2021-05-12 10:59:46,3437.95,103413
2021-05-12 10:59:47,3437.7,103423
2021-05-12 10:59:48,3437.7,103423
2021-05-12 10:59:49,3437.7,103423
2021-05-12 10:59:50,3437.7,103423
2021-05-12 10:59:51,3437.7,103423
2021-05-12 10:59:52,3437.75,103553
2021-05-12 10:59:52,3437.75,103553
2021-05-12 10:59:53,3437.7,103589
2021-05-12 10:59:55,3437.7,103589
2021-05-12 10:59:56,3438.9,105727
2021-05-12 10:59:57,3438.9,105806
2021-05-12 10:59:57,3438.9,105728
2021-05-12 10:59:58,3438.9,105806
2021-05-12 11:00:00,3438.9,105806
2021-05-12 11:00:01,3438.95,105809
2021-05-12 11:00:02,3439.0,105870
2021-05-12 11:00:03,3439.0,105880
2021-05-12 11:00:04,3439.0,105890
2021-05-12 11:00:05,3439.0,105890
2021-05-12 11:00:06,3439.0,105940
2021-05-12 11:00:06,3439.0,105940
2021-05-12 11:00:07,3439.0,105990
2021-05-12 11:00:08,3439.0,105990
2021-05-12 11:00:09,3439.0,105990
2021-05-12 11:00:10,3439.0,106022
2021-05-12 11:00:12,3438.9,106076
2021-05-12 11:00:13,3439.7,106135
2021-05-12 11:00:14,3437.7,106137
2021-05-12 11:00:15,3437.7,106137
2021-05-12 11:00:16,3437.7,106137
2021-05-12 11:00:17,3439.7,106237
2021-05-12 11:00:18,3439.7,106237
2021-05-12 11:00:20,3439.7,106237
2021-05-12 11:00:21,3438.9,106918
2021-05-12 11:00:22,3438.9,106918
2021-05-12 11:00:23,3438.5,106921
2021-05-12 11:00:24,3439.0,107121
2021-05-12 11:00:25,3439.0,107121
2021-05-12 11:00:26,3438.9,107177
2021-05-12 11:00:27,3438.9,107177
2021-05-12 11:00:28,3438.9,107177
2021-05-12 11:00:29,3438.9,107177
2021-05-12 11:00:30,3439.0,107190
2021-05-12 11:00:31,3439.5,107290
