timestamp,ltp,volume
2021-05-12 09:16:40,903.65,84641
2021-05-12 09:16:41,904.4,85633
2021-05-12 09:16:42,904.0,85995
2021-05-12 09:16:43,903.95,86527
2021-05-12 09:16:44,904.0,87363
2021-05-12 09:16:45,903.75,87534
2021-05-12 09:16:46,903.55,87783
2021-05-12 09:16:47,904.25,88517
2021-05-12 09:16:48,904.0,88711
2021-05-12 09:16:49,904.45,88942
2021-05-12 09:16:50,904.8,89339
2021-05-12 09:16:51,904.55,90254
2021-05-12 09:16:52,904.35,90314
2021-05-12 09:16:53,904.15,91020
2021-05-12 09:16:54,904.25,91191
2021-05-12 09:16:55,904.25,91201
2021-05-12 09:16:56,904.7,95711
2021-05-12 09:16:57,905.0,96015
2021-05-12 09:16:58,904.95,96047
2021-05-12 09:16:59,904.85,96104
2021-05-12 09:17:00,904.85,96190
2021-05-12 09:17:01,904.4,96892
2021-05-12 09:17:02,904.8,97036
2021-05-12 09:17:03,904.4,97178
2021-05-12 09:17:04,905.0,98397
2021-05-12 09:17:05,904.4,98782
2021-05-12 09:17:06,904.25,99242
2021-05-12 09:17:07,904.95,99395
2021-05-12 09:17:08,905.0,99514
2021-05-12 09:17:09,904.8,99984
2021-05-12 09:17:10,905.0,101019
2021-05-12 09:17:11,904.85,101316
2021-05-12 09:17:12,904.8,101325
2021-05-12 09:17:13,905.0,101854
2021-05-12 09:17:14,904.55,102120
2021-05-12 09:17:15,905.0,102306
2021-05-12 09:17:17,904.9,102392
2021-05-12 09:17:16,904.9,102341
2021-05-12 09:17:18,904.5,103402
2021-05-12 09:17:19,904.5,103946
2021-05-12 09:17:20,904.75,104557
2021-05-12 09:17:21,904.85,104579
2021-05-12 09:17:22,904.85,104632
2021-05-12 09:17:23,904.85,104746
2021-05-12 09:17:24,904.45,105962
2021-05-12 09:17:25,904.9,106253
2021-05-12 09:17:26,904.45,106498
2021-05-12 09:17:27,904.85,106583
2021-05-12 09:17:28,904.65,107481
2021-05-12 09:17:29,904.75,107701
2021-05-12 09:17:30,905.0,107812
2021-05-12 09:17:31,905.05,108032
2021-05-12 09:17:32,904.8,108127
2021-05-12 09:17:33,904.75,108157
2021-05-12 09:17:34,904.95,108256
2021-05-12 09:17:35,904.95,108290
2021-05-12 09:17:36,905.2,108369
2021-05-12 09:17:37,905.0,108415
2021-05-12 09:17:38,905.2,108591
2021-05-12 09:17:39,905.3,109586
2021-05-12 09:17:40,905.6,110615
2021-05-12 09:17:41,905.6,110625
2021-05-12 09:17:42,905.6,110626
2021-05-12 09:17:43,905.6,110626
2021-05-12 09:17:44,905.35,110886
2021-05-12 09:17:45,905.6,111060
2021-05-12 09:17:46,905.6,111060
2021-05-12 09:17:47,905.6,111243
2021-05-12 09:17:48,905.35,111461
2021-05-12 09:17:49,905.65,111471
2021-05-12 09:17:50,905.35,111533
2021-05-12 09:17:51,905.45,112706
2021-05-12 09:17:52,905.6,113157
2021-05-12 09:17:53,905.0,115168
2021-05-12 09:17:55,904.8,115820
2021-05-12 09:17:54,904.85,115815
2021-05-12 09:17:56,905.35,117858
2021-05-12 09:17:57,905.55,117940
2021-05-12 09:17:58,905.0,118415
2021-05-12 09:17:59,905.25,119442
2021-05-12 09:18:00,904.75,119803
2021-05-12 09:18:01,904.75,119803
2021-05-12 09:18:02,904.85,119873
2021-05-12 09:18:03,905.0,119900
2021-05-12 09:18:04,904.85,120071
2021-05-12 09:18:06,905.0,120459
2021-05-12 09:18:08,904.65,122345
2021-05-12 09:18:09,904.25,122350
2021-05-12 09:18:11,904.65,122701
2021-05-12 09:18:12,904.75,123069
2021-05-12 09:18:12,904.75,123081
2021-05-12 09:18:13,905.0,123570
2021-05-12 09:18:14,905.3,124120
2021-05-12 09:18:15,905.0,124156
2021-05-12 09:18:16,905.0,124629
2021-05-12 09:18:17,904.65,124788
2021-05-12 09:18:18,904.75,124914
2021-05-12 09:18:19,904.75,124942
2021-05-12 09:18:20,904.9,125056
2021-05-12 09:18:21,904.7,125078
2021-05-12 09:18:22,904.85,125482
2021-05-12 09:18:23,904.45,125644
2021-05-12 09:18:24,904.75,125784
2021-05-12 09:18:26,904.85,126222
2021-05-12 09:18:26,904.85,126222
2021-05-12 09:18:27,904.75,126236
2021-05-12 09:18:28,904.75,126491
2021-05-12 09:18:29,904.85,126622
2021-05-12 09:18:30,904.6,126643
2021-05-12 09:18:31,904.6,126766
2021-05-12 09:18:32,904.9,126876
2021-05-12 09:18:33,904.6,127311
2021-05-12 09:18:34,905.05,130141
2021-05-12 09:18:35,905.2,130142
2021-05-12 09:18:36,904.5,130844
2021-05-12 09:18:37,904.45,131716
2021-05-12 09:18:38,904.65,132327
2021-05-12 09:18:39,904.65,132460
2021-05-12 09:18:40,905.0,132473
2021-05-12 09:18:41,904.65,132836
2021-05-12 09:18:42,904.65,132868
2021-05-12 09:18:43,904.85,132870
2021-05-12 09:18:44,904.95,133319
2021-05-12 09:18:45,905.0,133424
2021-05-12 09:18:47,905.05,134220
2021-05-12 09:18:48,904.85,134227
2021-05-12 09:18:48,905.0,134289
2021-05-12 09:18:50,905.2,138842
2021-05-12 09:18:50,905.25,138856
2021-05-12 09:18:51,905.3,138878
2021-05-12 09:18:52,905.3,138878
2021-05-12 09:18:53,905.05,139104
2021-05-12 09:18:54,905.0,139132
2021-05-12 09:18:55,904.9,139182
2021-05-12 09:18:56,905.25,139607
2021-05-12 09:18:57,905.2,139619
2021-05-12 09:18:58,904.75,139903
2021-05-12 09:18:59,905.15,140053
2021-05-12 09:19:00,904.8,141237
2021-05-12 09:19:01,904.8,143182
2021-05-12 09:19:02,904.65,143802
2021-05-12 09:19:03,904.55,144008
2021-05-12 09:19:04,904.55,144510
2021-05-12 09:19:05,904.15,144727
2021-05-12 09:19:07,904.1,145152
2021-05-12 09:19:08,904.05,146064
2021-05-12 09:19:09,904.35,150331
2021-05-12 09:19:10,904.5,150605
2021-05-12 09:19:12,904.6,152204
2021-05-12 09:19:13,904.55,152570
2021-05-12 09:19:14,905.0,153021
2021-05-12 09:19:15,904.9,153044
2021-05-12 09:19:16,904.95,153818
2021-05-12 09:19:17,904.85,153861
2021-05-12 09:19:18,904.85,153973
2021-05-12 09:19:19,904.3,154494
2021-05-12 09:19:20,904.8,154641
2021-05-12 09:19:22,904.95,154771
2021-05-12 09:19:23,904.45,154927
2021-05-12 09:19:24,904.9,154929
2021-05-12 09:19:25,904.55,154965
2021-05-12 09:19:26,904.75,154966
2021-05-12 09:19:27,904.8,155206
2021-05-12 09:19:29,904.5,155257
2021-05-12 09:19:29,904.8,155394
2021-05-12 09:19:30,904.75,155423
2021-05-12 09:19:31,904.7,156517
2021-05-12 09:19:32,904.7,156595
2021-05-12 09:19:34,904.7,156938
2021-05-12 09:19:35,904.7,156958
2021-05-12 09:19:36,904.3,157028
2021-05-12 09:19:37,904.75,157353
2021-05-12 09:19:38,904.3,157376
2021-05-12 09:19:39,904.1,159934
2021-05-12 09:19:41,903.9,160324
2021-05-12 09:19:42,904.55,160990
2021-05-12 09:19:42,904.4,160995
2021-05-12 09:19:43,904.3,162639
2021-05-12 09:19:44,904.3,162689
2021-05-12 09:19:45,904.4,163569
2021-05-12 09:19:46,904.4,164062
2021-05-12 09:19:47,904.4,164142
2021-05-12 09:19:48,903.9,164223
2021-05-12 09:19:49,904.4,164224
2021-05-12 09:19:50,904.3,164389
2021-05-12 09:19:51,903.8,164699
2021-05-12 09:19:52,904.25,164971
2021-05-12 09:19:54,904.25,165135
2021-05-12 09:19:53,903.85,165131
2021-05-12 09:19:55,904.0,165406
2021-05-12 09:19:56,904.25,166280
2021-05-12 09:19:57,904.25,166858
2021-05-12 09:19:59,904.35,167608
2021-05-12 09:19:59,904.35,167608
2021-05-12 09:20:00,904.15,168270
2021-05-12 09:20:01,904.35,168387
2021-05-12 09:20:02,903.95,168808
2021-05-12 09:20:03,904.2,168867
2021-05-12 09:20:04,904.1,169078
2021-05-12 09:20:05,904.4,169263
2021-05-12 09:20:07,904.1,169376
2021-05-12 09:20:08,904.3,169452
2021-05-12 09:20:08,904.1,169572
2021-05-12 09:20:10,904.3,169644
2021-05-12 09:20:10,904.3,169644
2021-05-12 09:20:11,904.0,169699
2021-05-12 09:20:12,904.15,169704
2021-05-12 09:20:13,904.1,171723
2021-05-12 09:20:14,904.0,172186
2021-05-12 09:20:15,904.1,172449
2021-05-12 09:20:17,904.1,173783
2021-05-12 09:20:18,903.9,175134
2021-05-12 09:20:19,903.5,175345
2021-05-12 09:20:20,903.7,175872
2021-05-12 09:20:20,903.75,175972
2021-05-12 09:20:21,903.05,176731
2021-05-12 09:20:23,903.65,176779
2021-05-12 09:20:24,903.0,177133
2021-05-12 09:20:24,903.45,177695
2021-05-12 09:20:25,903.0,177881
2021-05-12 09:20:26,903.0,177992
2021-05-12 09:20:27,903.55,178708
2021-05-12 09:20:28,903.45,180806
2021-05-12 09:20:29,903.0,180949
2021-05-12 09:20:30,903.0,181135
2021-05-12 09:20:31,903.55,181579
2021-05-12 09:20:32,903.0,181684
2021-05-12 09:20:33,903.3,182121
2021-05-12 09:20:34,903.0,182156
2021-05-12 09:20:35,903.15,182685
2021-05-12 09:20:36,903.1,182723
2021-05-12 09:20:37,903.0,183266
2021-05-12 09:20:38,903.4,183379
2021-05-12 09:20:39,903.0,183596
2021-05-12 09:20:40,903.3,183646
2021-05-12 09:20:41,903.4,183820
2021-05-12 09:20:42,903.0,183840
2021-05-12 09:20:43,903.0,183941
2021-05-12 09:20:44,903.4,184025
2021-05-12 09:20:45,903.35,184041
2021-05-12 09:20:46,903.0,184105
2021-05-12 09:20:47,903.35,184245
2021-05-12 09:20:49,903.4,184327
2021-05-12 09:20:51,903.2,184826
2021-05-12 09:20:52,903.5,184922
2021-05-12 09:20:53,903.15,184926
2021-05-12 09:20:54,903.2,185028
2021-05-12 09:20:56,903.2,185065
2021-05-12 09:20:56,903.5,186500
2021-05-12 09:20:59,903.25,187764
2021-05-12 09:21:00,903.65,187805
2021-05-12 09:21:00,903.3,187837
2021-05-12 09:21:02,903.6,187862
2021-05-12 09:21:03,903.3,187873
2021-05-12 09:21:04,903.5,187923
2021-05-12 09:21:05,903.0,194650
2021-05-12 09:21:06,903.4,195138
2021-05-12 09:21:07,903.4,195289
2021-05-12 09:21:08,903.05,196719
2021-05-12 09:21:09,903.6,196762
2021-05-12 09:21:10,903.2,196820
2021-05-12 09:21:11,903.6,196900
2021-05-12 09:21:13,903.65,197086
2021-05-12 09:21:14,903.8,197596
2021-05-12 09:21:14,903.8,197617
2021-05-12 09:21:16,903.3,197687
2021-05-12 09:21:18,903.6,197821
2021-05-12 09:21:19,903.6,199438
2021-05-12 09:21:20,903.6,199751
2021-05-12 09:21:21,903.35,200321
2021-05-12 09:21:21,903.6,199826
2021-05-12 09:21:22,903.35,200321
2021-05-12 09:21:23,903.55,201476
2021-05-12 09:21:25,903.3,201696
2021-05-12 09:21:26,903.3,201696
2021-05-12 09:21:27,903.5,201716
2021-05-12 09:21:29,903.5,202126
2021-05-12 09:21:28,903.5,202115
2021-05-12 09:21:30,903.9,205741
2021-05-12 09:21:31,903.9,205741
2021-05-12 09:21:32,903.55,205751
2021-05-12 09:21:33,903.55,205751
2021-05-12 09:21:34,903.55,206012
2021-05-12 09:21:35,903.75,206326
2021-05-12 09:21:36,903.55,206353
2021-05-12 09:21:37,903.55,206878
2021-05-12 09:21:38,903.8,206913
2021-05-12 09:21:39,903.8,206913
2021-05-12 09:21:40,903.75,207047
2021-05-12 09:21:41,903.75,207054
2021-05-12 09:21:42,903.8,207093
2021-05-12 09:21:43,903.65,208033
2021-05-12 09:21:44,903.8,208348
2021-05-12 09:21:45,903.5,208417
2021-05-12 09:21:46,903.8,208737
2021-05-12 09:21:47,903.95,210594
2021-05-12 09:21:48,904.05,211782
2021-05-12 09:21:50,904.0,211799
2021-05-12 09:21:51,904.05,211821
2021-05-12 09:21:52,904.1,212473
2021-05-12 09:21:53,904.0,212739
2021-05-12 09:21:54,904.0,212768
2021-05-12 09:21:55,904.1,212878
2021-05-12 09:21:56,904.1,212878
2021-05-12 09:21:57,903.95,213654
2021-05-12 09:21:58,903.85,213909
2021-05-12 09:21:59,904.1,214160
2021-05-12 09:22:00,903.5,214211
2021-05-12 09:22:01,904.0,214422
2021-05-12 09:22:02,903.8,214477
2021-05-12 09:22:03,904.1,214669
2021-05-12 09:22:04,904.1,215169
2021-05-12 09:22:05,904.1,215174
2021-05-12 09:22:06,904.1,215174
2021-05-12 09:22:07,904.1,215319
2021-05-12 09:22:08,904.15,215330
2021-05-12 09:22:09,904.0,215383
2021-05-12 09:22:10,904.0,215414
2021-05-12 09:22:12,904.0,216760
2021-05-12 09:22:13,904.0,217234
2021-05-12 09:22:14,904.1,218153
2021-05-12 09:22:15,904.2,218279
2021-05-12 09:22:16,904.25,218330
2021-05-12 09:22:16,904.3,218334
2021-05-12 09:22:17,904.4,218567
2021-05-12 09:22:18,904.15,218627
2021-05-12 09:22:19,904.2,218631
2021-05-12 09:22:20,904.2,218646
2021-05-12 09:22:21,904.65,220717
2021-05-12 09:22:22,904.85,220725
2021-05-12 09:22:23,904.85,220725
2021-05-12 09:22:24,904.8,220742
2021-05-12 09:22:25,905.0,221194
2021-05-12 09:22:26,904.1,221558
2021-05-12 09:22:27,904.0,222136
2021-05-12 09:22:28,904.4,223241
2021-05-12 09:22:29,904.25,223288
2021-05-12 09:22:30,904.1,223565
2021-05-12 09:22:31,904.0,223755
2021-05-12 09:22:32,904.5,223861
2021-05-12 09:22:33,904.5,223874
2021-05-12 09:22:34,904.5,223876
2021-05-12 09:22:35,904.5,223883
2021-05-12 09:22:36,904.5,224023
2021-05-12 09:22:37,904.5,224025
2021-05-12 09:22:38,904.5,224025
2021-05-12 09:22:39,904.5,224025
2021-05-12 09:22:40,904.5,224039
2021-05-12 09:22:41,904.5,224042
2021-05-12 09:22:43,904.45,224485
2021-05-12 09:22:44,904.45,224593
2021-05-12 09:22:45,904.05,225775
2021-05-12 09:22:45,904.05,225775
2021-05-12 09:22:46,904.5,225901
2021-05-12 09:22:47,904.5,226001
2021-05-12 09:22:48,904.5,226002
2021-05-12 09:22:49,904.5,226002
2021-05-12 09:22:50,904.5,226049
2021-05-12 09:22:52,904.5,226154
2021-05-12 09:22:52,904.5,226154
2021-05-12 09:22:53,904.05,226267
2021-05-12 09:22:54,904.45,226272
2021-05-12 09:22:55,904.05,226273
2021-05-12 09:22:56,904.45,226333
2021-05-12 09:22:57,904.45,226483
2021-05-12 09:22:58,904.45,226483
2021-05-12 09:22:59,904.2,226516
2021-05-12 09:23:00,904.2,226516
2021-05-12 09:23:01,904.15,226875
2021-05-12 09:23:02,904.2,226903
2021-05-12 09:23:03,904.4,227033
2021-05-12 09:23:04,904.4,227037
2021-05-12 09:23:06,904.4,227040
2021-05-12 09:23:06,904.4,227040
2021-05-12 09:23:07,904.4,227250
2021-05-12 09:23:08,904.4,227265
2021-05-12 09:23:09,904.4,227266
2021-05-12 09:23:10,904.3,227336
2021-05-12 09:23:11,904.4,227349
2021-05-12 09:23:12,904.3,227389
2021-05-12 09:23:13,904.15,228097
2021-05-12 09:23:14,904.5,228425
2021-05-12 09:23:17,904.5,228653
2021-05-12 09:23:17,904.5,228673
2021-05-12 09:23:18,904.55,228969
2021-05-12 09:23:19,904.4,228974
2021-05-12 09:23:20,904.5,229279
2021-05-12 09:23:21,904.5,229982
2021-05-12 09:23:22,904.1,230205
2021-05-12 09:23:23,904.3,230542
2021-05-12 09:23:24,904.0,230567
2021-05-12 09:23:25,903.9,231671
2021-05-12 09:23:26,903.85,231794
2021-05-12 09:23:27,904.2,231926
2021-05-12 09:23:28,904.1,232363
2021-05-12 09:23:29,904.1,232538
2021-05-12 09:23:30,903.7,232760
2021-05-12 09:23:31,904.25,233063
2021-05-12 09:23:32,904.25,233102
2021-05-12 09:23:34,903.75,233121
2021-05-12 09:23:35,904.05,233151
2021-05-12 09:23:36,904.05,233520
2021-05-12 09:23:37,903.75,233583
2021-05-12 09:23:38,903.65,233744
2021-05-12 09:23:39,904.0,233807
2021-05-12 09:23:40,903.9,234357
2021-05-12 09:23:40,903.9,234359
2021-05-12 09:23:41,903.5,234473
2021-05-12 09:23:42,903.7,235240
2021-05-12 09:23:43,903.35,235256
2021-05-12 09:23:44,903.35,235392
2021-05-12 09:23:45,903.8,235893
2021-05-12 09:23:46,903.8,236056
2021-05-12 09:23:47,903.75,236057
2021-05-12 09:23:48,903.75,236319
2021-05-12 09:23:49,903.6,236328
2021-05-12 09:23:50,903.75,236578
2021-05-12 09:23:51,903.6,236586
2021-05-12 09:23:52,903.75,236616
2021-05-12 09:23:53,903.75,236762
2021-05-12 09:23:54,903.55,236806
2021-05-12 09:23:55,903.55,236846
2021-05-12 09:23:56,903.5,236968
2021-05-12 09:23:57,903.55,237092
2021-05-12 09:23:58,903.55,237092
2021-05-12 09:23:59,903.75,237294
2021-05-12 09:24:00,903.75,237294
2021-05-12 09:24:01,903.75,237406
2021-05-12 09:24:02,904.2,239045
2021-05-12 09:24:04,904.25,239175
2021-05-12 09:24:04,904.25,239175
2021-05-12 09:24:05,904.25,239217
2021-05-12 09:24:06,904.25,239245
2021-05-12 09:24:07,904.25,239361
2021-05-12 09:24:08,903.9,239461
2021-05-12 09:24:09,904.25,239463
2021-05-12 09:24:10,904.25,239483
2021-05-12 09:24:11,903.9,239499
2021-05-12 09:24:12,903.85,239700
2021-05-12 09:24:13,904.25,239711
2021-05-12 09:24:14,904.1,239721
2021-05-12 09:24:15,903.95,240084
2021-05-12 09:24:16,903.95,240084
2021-05-12 09:24:17,904.0,240261
2021-05-12 09:24:18,903.65,243187
2021-05-12 09:24:19,903.8,243695
2021-05-12 09:24:20,903.8,244018
2021-05-12 09:24:21,903.4,244083
2021-05-12 09:24:22,903.5,244126
2021-05-12 09:24:23,904.0,244278
2021-05-12 09:24:25,903.5,244398
2021-05-12 09:24:26,904.0,244503
2021-05-12 09:24:27,904.0,244551
2021-05-12 09:24:28,904.0,244551
2021-05-12 09:24:29,903.65,244705
2021-05-12 09:24:31,903.65,244705
2021-05-12 09:24:32,903.65,244710
2021-05-12 09:24:33,904.15,245187
2021-05-12 09:24:34,904.2,245297
2021-05-12 09:24:35,904.0,245416
2021-05-12 09:24:36,903.75,245515
2021-05-12 09:24:37,904.15,245520
2021-05-12 09:24:38,903.75,245543
2021-05-12 09:24:39,903.65,245743
2021-05-12 09:24:40,904.0,245758
2021-05-12 09:24:42,904.0,245782
2021-05-12 09:24:43,904.0,245832
2021-05-12 09:24:44,904.0,245832
2021-05-12 09:24:45,903.95,245871
2021-05-12 09:24:45,903.65,245873
2021-05-12 09:24:46,903.7,246091
2021-05-12 09:24:47,904.0,246106
2021-05-12 09:24:48,904.0,246118
2021-05-12 09:24:49,904.0,246643
2021-05-12 09:24:50,904.0,247659
2021-05-12 09:24:51,904.0,247683
2021-05-12 09:24:52,904.0,247693
2021-05-12 09:24:53,903.55,247842
2021-05-12 09:24:55,904.0,247920
2021-05-12 09:24:57,904.0,247939
2021-05-12 09:24:57,903.6,247947
2021-05-12 09:24:58,904.0,248507
2021-05-12 09:24:59,904.0,248630
2021-05-12 09:25:00,904.0,248729
2021-05-12 09:25:01,904.0,248929
2021-05-12 09:25:03,904.1,249159
2021-05-12 09:25:04,903.5,249277
2021-05-12 09:25:05,903.6,249324
2021-05-12 09:25:06,903.9,249410
2021-05-12 09:25:07,903.75,249554
2021-05-12 09:25:08,904.1,249671
2021-05-12 09:25:08,903.7,249710
2021-05-12 09:25:09,903.6,249770
2021-05-12 09:25:10,903.6,249770
2021-05-12 09:25:11,904.05,249904
2021-05-12 09:25:13,903.9,250007
2021-05-12 09:25:14,903.6,250087
2021-05-12 09:25:15,903.85,250456
2021-05-12 09:25:16,903.9,250751
2021-05-12 09:25:17,903.35,254533
2021-05-12 09:25:18,903.05,257313
2021-05-12 09:25:19,903.2,266343
2021-05-12 09:25:20,903.0,267144
2021-05-12 09:25:21,902.25,270168
2021-05-12 09:25:22,902.55,270272
2021-05-12 09:25:23,902.05,270907
2021-05-12 09:25:24,902.55,271091
2021-05-12 09:25:25,902.55,271116
2021-05-12 09:25:26,902.95,273376
2021-05-12 09:25:27,903.2,273772
2021-05-12 09:25:28,903.2,273876
2021-05-12 09:25:29,903.1,273977
2021-05-12 09:25:30,903.1,274040
2021-05-12 09:25:30,903.4,274043
2021-05-12 09:25:31,903.05,274606
2021-05-12 09:25:32,902.3,274721
2021-05-12 09:25:33,902.6,275408
2021-05-12 09:25:34,902.6,275513
2021-05-12 09:25:35,902.65,275756
2021-05-12 09:25:37,902.8,275957
2021-05-12 09:25:38,903.0,276007
2021-05-12 09:25:39,903.0,276072
2021-05-12 09:25:40,902.75,276112
2021-05-12 09:25:41,903.0,276113
2021-05-12 09:25:42,903.0,276123
2021-05-12 09:25:43,903.0,276255
2021-05-12 09:25:44,903.0,276700
2021-05-12 09:25:45,902.65,277618
2021-05-12 09:25:46,902.9,277728
2021-05-12 09:25:47,902.5,278946
2021-05-12 09:25:48,902.75,279168
2021-05-12 09:25:49,902.75,279185
2021-05-12 09:25:50,902.75,279186
2021-05-12 09:25:51,902.8,279515
2021-05-12 09:25:52,902.5,279522
2021-05-12 09:25:53,901.1,297597
2021-05-12 09:25:54,901.65,298330
2021-05-12 09:25:55,901.7,298589
2021-05-12 09:25:56,901.8,298977
2021-05-12 09:25:57,901.85,299205
2021-05-12 09:25:58,901.7,299224
2021-05-12 09:25:59,901.95,299436
2021-05-12 09:26:00,902.1,301443
2021-05-12 09:26:01,902.0,301639
2021-05-12 09:26:02,901.9,302513
2021-05-12 09:26:03,901.95,302665
2021-05-12 09:26:04,901.85,303468
2021-05-12 09:26:05,901.9,303530
2021-05-12 09:26:06,901.25,305120
2021-05-12 09:26:07,902.0,305173
2021-05-12 09:26:08,901.95,305607
2021-05-12 09:26:09,902.25,306294
2021-05-12 09:26:10,901.65,306678
2021-05-12 09:26:11,901.65,306678
2021-05-12 09:26:12,902.15,306778
2021-05-12 09:26:13,901.85,307255
2021-05-12 09:26:14,901.5,307269
2021-05-12 09:26:15,901.95,307289
2021-05-12 09:26:16,901.9,308109
2021-05-12 09:26:17,901.95,308244
2021-05-12 09:26:18,901.95,308520
2021-05-12 09:26:19,901.85,308572
2021-05-12 09:26:20,902.05,308633
2021-05-12 09:26:21,902.05,308650
2021-05-12 09:26:22,902.0,310040
2021-05-12 09:26:23,901.65,310894
2021-05-12 09:26:24,902.0,311108
2021-05-12 09:26:25,901.65,311593
2021-05-12 09:26:26,901.95,311742
2021-05-12 09:26:27,902.0,311788
2021-05-12 09:26:28,902.05,311972
2021-05-12 09:26:29,901.85,311981
2021-05-12 09:26:30,901.85,312141
2021-05-12 09:26:31,902.0,312271
2021-05-12 09:26:33,902.0,312735
2021-05-12 09:26:34,902.05,313006
2021-05-12 09:26:35,902.05,313077
2021-05-12 09:26:36,902.0,313149
2021-05-12 09:26:37,902.05,313173
2021-05-12 09:26:39,902.2,316414
2021-05-12 09:26:40,902.15,316514
2021-05-12 09:26:41,902.15,316514
2021-05-12 09:26:43,902.2,316539
2021-05-12 09:26:44,902.2,316544
2021-05-12 09:26:45,902.2,316550
2021-05-12 09:26:46,902.2,316621
2021-05-12 09:26:47,902.2,316641
2021-05-12 09:26:48,902.05,316765
2021-05-12 09:26:49,902.2,317246
2021-05-12 09:26:50,902.2,317363
2021-05-12 09:26:51,902.2,317363
2021-05-12 09:26:52,902.1,317393
2021-05-12 09:26:53,902.1,317418
2021-05-12 09:26:54,902.1,317445
2021-05-12 09:26:55,902.05,318344
2021-05-12 09:26:56,902.05,318427
2021-05-12 09:26:57,902.15,319870
2021-05-12 09:26:58,902.2,319985
2021-05-12 09:26:59,902.4,319987
2021-05-12 09:27:00,902.05,320097
2021-05-12 09:27:01,902.05,320097
2021-05-12 09:27:02,902.05,320097
2021-05-12 09:27:03,902.05,320097
2021-05-12 09:27:04,902.25,320199
2021-05-12 09:27:05,902.2,320210
2021-05-12 09:27:06,902.1,322190
2021-05-12 09:27:07,902.15,322224
2021-05-12 09:27:08,902.15,322338
2021-05-12 09:27:09,902.05,322471
2021-05-12 09:27:10,902.2,322486
2021-05-12 09:27:11,902.2,323483
2021-05-12 09:27:12,902.2,323659
2021-05-12 09:27:13,902.0,324135
2021-05-12 09:27:14,901.9,324280
2021-05-12 09:27:15,902.0,324579
2021-05-12 09:27:16,902.0,324728
2021-05-12 09:27:17,901.65,325246
2021-05-12 09:27:18,902.0,325324
2021-05-12 09:27:19,902.15,325325
2021-05-12 09:27:20,902.15,325498
2021-05-12 09:27:21,902.15,325632
2021-05-12 09:27:22,902.15,325652
2021-05-12 09:27:23,902.05,325990
2021-05-12 09:27:24,902.15,326060
2021-05-12 09:27:25,902.2,326070
2021-05-12 09:27:26,902.2,326873
2021-05-12 09:27:27,902.2,326875
2021-05-12 09:27:28,902.05,327007
2021-05-12 09:27:29,902.05,327074
2021-05-12 09:27:30,902.0,327804
2021-05-12 09:27:31,901.9,329142
2021-05-12 09:27:32,902.0,329308
2021-05-12 09:27:33,902.05,329519
2021-05-12 09:27:34,902.05,329519
2021-05-12 09:27:35,901.95,329747
2021-05-12 09:27:36,901.9,329850
2021-05-12 09:27:37,901.95,329857
2021-05-12 09:27:38,902.05,330160
2021-05-12 09:27:39,901.9,331134
2021-05-12 09:27:40,902.05,331169
2021-05-12 09:27:41,902.0,331754
2021-05-12 09:27:42,901.95,332110
2021-05-12 09:27:43,902.05,332130
2021-05-12 09:27:44,902.0,332165
2021-05-12 09:27:45,902.0,332208
2021-05-12 09:27:46,902.0,332208
2021-05-12 09:27:47,902.0,332208
2021-05-12 09:27:48,902.15,333248
2021-05-12 09:27:49,902.15,333334
2021-05-12 09:27:50,902.15,333419
2021-05-12 09:27:51,902.15,333423
2021-05-12 09:27:52,902.15,333495
2021-05-12 09:27:53,902.15,333518
2021-05-12 09:27:54,902.15,333613
2021-05-12 09:27:55,902.15,333714
2021-05-12 09:27:56,902.0,333843
2021-05-12 09:27:57,902.15,334152
2021-05-12 09:27:58,902.15,334221
2021-05-12 09:27:59,902.15,334221
2021-05-12 09:28:00,902.15,334362
2021-05-12 09:28:01,902.05,334373
2021-05-12 09:28:02,902.15,334504
2021-05-12 09:28:03,902.0,344546
2021-05-12 09:28:04,902.0,344560
2021-05-12 09:28:05,901.55,344796
2021-05-12 09:28:06,902.0,345417
2021-05-12 09:28:07,902.0,345427
2021-05-12 09:28:08,902.0,345957
2021-05-12 09:28:09,901.5,347957
2021-05-12 09:28:10,901.9,348031
2021-05-12 09:28:11,901.55,348065
2021-05-12 09:28:12,901.9,348303
2021-05-12 09:28:13,901.6,348503
2021-05-12 09:28:14,901.5,348604
2021-05-12 09:28:15,901.5,348707
2021-05-12 09:28:16,901.5,348906
2021-05-12 09:28:18,901.95,349092
2021-05-12 09:28:19,901.95,349191
2021-05-12 09:28:20,901.6,349376
2021-05-12 09:28:21,901.95,349382
2021-05-12 09:28:22,901.9,349682
2021-05-12 09:28:23,901.9,349764
2021-05-12 09:28:24,902.0,350474
2021-05-12 09:28:25,902.0,351914
2021-05-12 09:28:26,901.9,352063
2021-05-12 09:28:27,902.0,352285
2021-05-12 09:28:28,901.9,353015
2021-05-12 09:28:29,902.1,353060
2021-05-12 09:28:30,902.05,353319
2021-05-12 09:28:31,902.1,353400
2021-05-12 09:28:32,902.15,353701
2021-05-12 09:28:33,902.0,354411
2021-05-12 09:28:34,902.3,355419
2021-05-12 09:28:35,902.3,355533
2021-05-12 09:28:36,902.35,355535
2021-05-12 09:28:37,902.35,355664
2021-05-12 09:28:38,902.35,355664
2021-05-12 09:28:39,902.35,355670
2021-05-12 09:28:40,902.6,360909
2021-05-12 09:28:41,902.45,361609
2021-05-12 09:28:42,902.05,361634
2021-05-12 09:28:43,902.45,362367
2021-05-12 09:28:44,902.45,362393
2021-05-12 09:28:46,902.45,362435
2021-05-12 09:28:45,902.45,362435
2021-05-12 09:28:47,902.45,362439
2021-05-12 09:28:49,902.45,362657
2021-05-12 09:28:48,902.45,362457
2021-05-12 09:28:50,902.45,362666
2021-05-12 09:28:51,902.45,362713
2021-05-12 09:28:52,902.3,362714
2021-05-12 09:28:53,902.45,362736
2021-05-12 09:28:55,902.3,362927
2021-05-12 09:28:56,902.45,362940
2021-05-12 09:28:57,902.45,363005
2021-05-12 09:28:58,902.3,363019
2021-05-12 09:28:59,902.45,363363
2021-05-12 09:29:00,902.05,363413
2021-05-12 09:29:01,902.3,363420
2021-05-12 09:29:02,902.45,364575
2021-05-12 09:29:03,902.45,364575
2021-05-12 09:29:04,902.05,364625
2021-05-12 09:29:05,902.45,364632
2021-05-12 09:29:06,902.45,364642
2021-05-12 09:29:07,902.2,364708
2021-05-12 09:29:08,902.2,364708
2021-05-12 09:29:09,902.45,364728
2021-05-12 09:29:10,902.45,364866
2021-05-12 09:29:11,902.45,364942
2021-05-12 09:29:12,902.45,364952
2021-05-12 09:29:13,902.3,365073
2021-05-12 09:29:14,902.3,365320
2021-05-12 09:29:15,902.3,365546
2021-05-12 09:29:16,902.4,365945
2021-05-12 09:29:17,902.45,366381
2021-05-12 09:29:18,902.4,366382
2021-05-12 09:29:19,902.25,366562
2021-05-12 09:29:20,902.25,366777
2021-05-12 09:29:22,902.25,367401
2021-05-12 09:29:22,902.25,367401
2021-05-12 09:29:24,902.3,367457
2021-05-12 09:29:25,902.2,367485
2021-05-12 09:29:26,902.2,367496
2021-05-12 09:29:27,902.2,367514
2021-05-12 09:29:29,902.25,367703
2021-05-12 09:29:29,902.25,368005
2021-05-12 09:29:31,902.25,368123
2021-05-12 09:29:32,902.4,368591
2021-05-12 09:29:34,902.4,368704
2021-05-12 09:29:34,902.4,368702
2021-05-12 09:29:35,902.45,369016
2021-05-12 09:29:36,902.4,369037
2021-05-12 09:29:37,902.45,369042
2021-05-12 09:29:38,903.05,383170
2021-05-12 09:29:40,902.8,383251
2021-05-12 09:29:39,903.05,383201
2021-05-12 09:29:41,902.8,383272
2021-05-12 09:29:42,902.8,383272
2021-05-12 09:29:43,903.05,383677
2021-05-12 09:29:44,903.05,383682
2021-05-12 09:29:45,903.05,383778
2021-05-12 09:29:46,903.05,383837
2021-05-12 09:29:47,903.05,383857
2021-05-12 09:29:48,902.8,383898
2021-05-12 09:29:49,903.15,384132
2021-05-12 09:29:51,903.15,384132
2021-05-12 09:29:51,902.65,384378
2021-05-12 09:29:52,902.65,384414
2021-05-12 09:29:53,902.65,384481
2021-05-12 09:29:54,902.9,385143
2021-05-12 09:29:55,902.9,385155
2021-05-12 09:29:57,902.9,385319
2021-05-12 09:29:56,902.9,385170
2021-05-12 09:29:58,902.9,385329
2021-05-12 09:29:59,903.15,386205
2021-05-12 09:30:00,902.75,386215
2021-05-12 09:30:01,903.1,386229
2021-05-12 09:30:03,902.3,387726
2021-05-12 09:30:04,902.8,387748
2021-05-12 09:30:05,902.75,387766
2021-05-12 09:30:06,902.65,388061
2021-05-12 09:30:07,902.65,388094
2021-05-12 09:30:08,902.65,388201
2021-05-12 09:30:09,902.65,388207
2021-05-12 09:30:10,902.25,388534
2021-05-12 09:30:11,902.15,388654
2021-05-12 09:30:12,901.85,397192
2021-05-12 09:30:13,902.1,397247
2021-05-12 09:30:14,902.15,397257
2021-05-12 09:30:15,902.2,397279
2021-05-12 09:30:16,902.0,397342
2021-05-12 09:30:17,902.2,397472
2021-05-12 09:30:18,902.0,397522
2021-05-12 09:30:19,902.2,397548
2021-05-12 09:30:20,902.0,397573
2021-05-12 09:30:21,902.2,397793
2021-05-12 09:30:22,902.2,397798
2021-05-12 09:30:23,902.0,397835
2021-05-12 09:30:24,902.2,397840
2021-05-12 09:30:25,902.1,398549
2021-05-12 09:30:26,901.9,399497
2021-05-12 09:30:27,901.9,399658
2021-05-12 09:30:28,901.9,399717
2021-05-12 09:30:29,901.9,399730
2021-05-12 09:30:30,901.9,399735
2021-05-12 09:30:31,901.9,399751
2021-05-12 09:30:32,901.9,399831
2021-05-12 09:30:33,901.9,399862
2021-05-12 09:30:34,901.9,399884
2021-05-12 09:30:35,901.95,400031
2021-05-12 09:30:36,902.0,400046
2021-05-12 09:30:37,902.0,400059
2021-05-12 09:30:38,901.9,400236
2021-05-12 09:30:39,901.9,400242
2021-05-12 09:30:40,901.6,400274
2021-05-12 09:30:41,902.0,400278
2021-05-12 09:30:42,902.65,402508
2021-05-12 09:30:43,902.4,402893
2021-05-12 09:30:44,902.45,402908
2021-05-12 09:30:48,902.65,403049
2021-05-12 09:30:50,902.7,403087
2021-05-12 09:30:50,902.7,403087
2021-05-12 09:30:51,903.0,403123
2021-05-12 09:30:52,902.95,403179
2021-05-12 09:30:53,903.0,403216
2021-05-12 09:30:54,902.65,403223
2021-05-12 09:30:55,903.0,403394
2021-05-12 09:30:56,903.0,403519
2021-05-12 09:30:57,903.0,403522
2021-05-12 09:30:58,903.0,403644
2021-05-12 09:30:59,903.0,403674
2021-05-12 09:31:00,903.0,403681
2021-05-12 09:31:01,902.7,404056
2021-05-12 09:31:02,902.95,404057
2021-05-12 09:31:03,902.95,404057
2021-05-12 09:31:04,902.95,404279
2021-05-12 09:31:05,902.95,404429
2021-05-12 09:31:06,902.95,404441
2021-05-12 09:31:07,902.95,404571
2021-05-12 09:31:08,902.95,404624
2021-05-12 09:31:09,902.95,404643
2021-05-12 09:31:10,902.95,404643
2021-05-12 09:31:11,902.7,404661
2021-05-12 09:31:12,902.7,404662
2021-05-12 09:31:13,902.7,404690
2021-05-12 09:31:14,902.4,405071
2021-05-12 09:31:15,902.0,405087
2021-05-12 09:31:16,902.4,405145
2021-05-12 09:31:17,902.4,405165
2021-05-12 09:31:18,902.0,405220
2021-05-12 09:31:19,902.4,405242
2021-05-12 09:31:20,902.4,405481
2021-05-12 09:31:21,902.0,405683
2021-05-12 09:31:22,902.4,405734
2021-05-12 09:31:23,902.25,405870
2021-05-12 09:31:24,902.3,405973
2021-05-12 09:31:25,902.3,405979
2021-05-12 09:31:26,902.3,406729
2021-05-12 09:31:27,902.25,406897
2021-05-12 09:31:28,902.25,406904
2021-05-12 09:31:29,901.95,407068
2021-05-12 09:31:30,901.95,407238
2021-05-12 09:31:31,902.2,407252
2021-05-12 09:31:32,902.2,407254
2021-05-12 09:31:33,902.05,407342
2021-05-12 09:31:34,902.2,407393
2021-05-12 09:31:35,902.25,407561
2021-05-12 09:31:38,902.5,410050
2021-05-12 09:31:39,902.9,410085
2021-05-12 09:31:40,902.4,410606
2021-05-12 09:31:42,902.85,410618
2021-05-12 09:31:43,902.85,410810
2021-05-12 09:31:44,902.5,410820
2021-05-12 09:31:45,902.5,410822
2021-05-12 09:31:46,902.85,410843
2021-05-12 09:31:47,902.85,410843
2021-05-12 09:31:47,902.85,410843
2021-05-12 09:31:48,902.5,410917
2021-05-12 09:31:49,902.45,411430
2021-05-12 09:31:54,902.35,412002
2021-05-12 09:31:54,902.0,412033
2021-05-12 09:31:55,902.45,412424
2021-05-12 09:31:56,902.45,412481
2021-05-12 09:31:58,902.3,412547
2021-05-12 09:31:58,902.2,412542
2021-05-12 09:31:59,902.2,412619
2021-05-12 09:32:00,902.2,412619
2021-05-12 09:32:01,902.45,412742
2021-05-12 09:32:02,902.1,412839
2021-05-12 09:32:03,902.0,415105
2021-05-12 09:32:04,902.35,415115
2021-05-12 09:32:05,902.35,415118
2021-05-12 09:32:06,902.35,415573
2021-05-12 09:32:07,902.35,415650
2021-05-12 09:32:08,902.15,415680
2021-05-12 09:32:09,902.45,415717
2021-05-12 09:32:10,902.7,416105
2021-05-12 09:32:11,902.7,416105
2021-05-12 09:32:12,902.7,416127
2021-05-12 09:32:13,902.35,416187
2021-05-12 09:32:14,902.6,416191
2021-05-12 09:32:15,902.6,416191
2021-05-12 09:32:16,902.75,416401
2021-05-12 09:32:17,902.7,416402
2021-05-12 09:32:18,902.7,416484
2021-05-12 09:32:19,902.7,416484
2021-05-12 09:32:21,902.7,416562
2021-05-12 09:32:22,902.75,416565
2021-05-12 09:32:23,902.8,416598
2021-05-12 09:32:24,902.6,416623
2021-05-12 09:32:25,902.7,416716
2021-05-12 09:32:26,902.75,416762
2021-05-12 09:32:27,902.5,416895
2021-05-12 09:32:28,902.6,416901
2021-05-12 09:32:28,902.75,416904
2021-05-12 09:32:30,902.75,416908
2021-05-12 09:32:31,902.7,417719
2021-05-12 09:32:32,902.75,417776
2021-05-12 09:32:33,902.6,417826
2021-05-12 09:32:34,902.65,417976
2021-05-12 09:32:35,902.6,418003
2021-05-12 09:32:36,902.6,418013
2021-05-12 09:32:37,902.6,418013
2021-05-12 09:32:38,902.6,418013
2021-05-12 09:32:38,902.6,418017
2021-05-12 09:32:39,902.6,418031
2021-05-12 09:32:40,902.6,418033
2021-05-12 09:32:41,902.6,418033
2021-05-12 09:32:42,902.6,418034
2021-05-12 09:32:43,902.6,418180
2021-05-12 09:32:44,902.25,418690
2021-05-12 09:32:45,902.25,418690
2021-05-12 09:32:46,902.5,418748
2021-05-12 09:32:47,902.7,418839
2021-05-12 09:32:48,902.55,419519
2021-05-12 09:32:49,902.55,419531
2021-05-12 09:32:51,902.5,419547
2021-05-12 09:32:51,902.5,419547
2021-05-12 09:32:52,902.5,419561
2021-05-12 09:32:53,902.4,419579
2021-05-12 09:32:55,902.5,419617
2021-05-12 09:32:55,902.5,419672
2021-05-12 09:32:57,902.5,419676
2021-05-12 09:32:57,902.5,419891
2021-05-12 09:32:58,902.8,423241
2021-05-12 09:32:59,902.75,423441
2021-05-12 09:33:00,902.9,423767
2021-05-12 09:33:01,902.9,423854
2021-05-12 09:33:02,902.9,423855
2021-05-12 09:33:03,902.9,423855
2021-05-12 09:33:04,902.8,423932
2021-05-12 09:33:05,902.9,424435
2021-05-12 09:33:06,902.95,424440
2021-05-12 09:33:07,903.05,426365
2021-05-12 09:33:08,903.3,426395
2021-05-12 09:33:09,902.9,426431
2021-05-12 09:33:10,903.25,426529
2021-05-12 09:33:11,902.75,426839
2021-05-12 09:33:13,902.55,426891
2021-05-12 09:33:14,902.55,426891
2021-05-12 09:33:15,902.8,426941
2021-05-12 09:33:16,902.8,427001
2021-05-12 09:33:17,902.8,427001
2021-05-12 09:33:19,902.55,427338
2021-05-12 09:33:19,902.6,427349
2021-05-12 09:33:20,902.55,427960
2021-05-12 09:33:21,902.35,428264
2021-05-12 09:33:22,902.45,428283
2021-05-12 09:33:24,902.45,428308
2021-05-12 09:33:25,902.45,428334
2021-05-12 09:33:26,902.45,428335
2021-05-12 09:33:27,902.45,428335
2021-05-12 09:33:28,902.45,428492
2021-05-12 09:33:29,902.45,428496
2021-05-12 09:33:30,902.25,428526
2021-05-12 09:33:31,902.45,428550
2021-05-12 09:33:32,902.45,428571
2021-05-12 09:33:33,902.45,428704
2021-05-12 09:33:34,902.45,428906
2021-05-12 09:33:35,902.45,428908
2021-05-12 09:33:35,902.2,428949
2021-05-12 09:33:36,902.45,429065
2021-05-12 09:33:37,902.2,429290
2021-05-12 09:33:38,902.2,429290
2021-05-12 09:33:39,902.2,429596
2021-05-12 09:33:41,902.25,429728
2021-05-12 09:33:42,902.2,430316
2021-05-12 09:33:43,902.2,430329
2021-05-12 09:33:44,901.9,433811
2021-05-12 09:33:45,901.9,434796
2021-05-12 09:33:46,902.0,434868
2021-05-12 09:33:47,901.9,435218
2021-05-12 09:33:48,901.9,436177
2021-05-12 09:33:49,901.9,436182
2021-05-12 09:33:50,901.9,436288
2021-05-12 09:33:50,901.9,436296
2021-05-12 09:33:53,901.9,436371
2021-05-12 09:33:54,901.85,436479
2021-05-12 09:33:55,901.7,436768
2021-05-12 09:33:56,901.85,436786
2021-05-12 09:33:58,901.85,436857
2021-05-12 09:33:59,901.7,436884
2021-05-12 09:34:00,901.9,437365
2021-05-12 09:34:01,901.8,438233
2021-05-12 09:34:01,901.8,438233
2021-05-12 09:34:02,901.9,438532
2021-05-12 09:34:03,901.9,438559
2021-05-12 09:34:04,901.9,438661
2021-05-12 09:34:05,901.9,438662
2021-05-12 09:34:06,901.9,438682
2021-05-12 09:34:07,901.9,438902
2021-05-12 09:34:08,901.85,439078
2021-05-12 09:34:09,901.85,439078
2021-05-12 09:34:10,902.0,439085
2021-05-12 09:34:11,901.85,439110
2021-05-12 09:34:12,902.0,439126
2021-05-12 09:34:13,902.0,439190
2021-05-12 09:34:14,902.0,439195
2021-05-12 09:34:15,902.0,439210
2021-05-12 09:34:16,902.0,439211
2021-05-12 09:34:17,901.85,440781
2021-05-12 09:34:19,901.85,440800
2021-05-12 09:34:20,901.8,440850
2021-05-12 09:34:21,901.8,441011
2021-05-12 09:34:22,901.85,441121
2021-05-12 09:34:23,901.85,441187
2021-05-12 09:34:23,901.85,441187
2021-05-12 09:34:24,901.8,441196
2021-05-12 09:34:25,901.85,441466
2021-05-12 09:34:27,901.8,441777
2021-05-12 09:34:28,901.95,441882
2021-05-12 09:34:29,901.95,441882
2021-05-12 09:34:30,901.95,441935
2021-05-12 09:34:31,901.95,441935
2021-05-12 09:34:33,901.9,442130
2021-05-12 09:34:35,901.9,442190
2021-05-12 09:34:36,901.9,442240
2021-05-12 09:34:37,901.9,442318
2021-05-12 09:34:38,901.9,442428
2021-05-12 09:34:39,901.9,442698
2021-05-12 09:34:40,901.9,442748
2021-05-12 09:34:41,901.9,442836
2021-05-12 09:34:44,901.9,443121
2021-05-12 09:34:45,901.95,443238
2021-05-12 09:34:46,901.95,443775
2021-05-12 09:34:47,901.9,443785
2021-05-12 09:34:48,901.95,443795
2021-05-12 09:34:49,902.0,443945
2021-05-12 09:34:50,902.0,443961
2021-05-12 09:34:51,902.0,444077
2021-05-12 09:34:52,901.9,444292
2021-05-12 09:34:53,902.0,444301
2021-05-12 09:34:54,902.0,444409
2021-05-12 09:34:55,901.9,445161
2021-05-12 09:34:56,902.0,445966
2021-05-12 09:34:57,901.7,446083
2021-05-12 09:34:58,902.1,446183
2021-05-12 09:34:59,902.0,446190
2021-05-12 09:34:59,902.0,446190
2021-05-12 09:35:00,902.0,446192
2021-05-12 09:35:01,902.15,446244
2021-05-12 09:35:03,902.15,446291
2021-05-12 09:35:04,902.0,446443
2021-05-12 09:35:05,902.0,446443
2021-05-12 09:35:06,902.15,446521
2021-05-12 09:35:07,902.15,447554
2021-05-12 09:35:08,902.15,447624
2021-05-12 09:35:09,902.15,447653
2021-05-12 09:35:10,902.2,447696
2021-05-12 09:35:11,902.2,447734
2021-05-12 09:35:12,902.0,448303
2021-05-12 09:35:13,902.3,448304
2021-05-12 09:35:14,902.0,448320
2021-05-12 09:35:14,902.0,448320
2021-05-12 09:35:15,902.3,448325
2021-05-12 09:35:17,902.5,448430
2021-05-12 09:35:18,902.45,448877
2021-05-12 09:35:20,902.15,448881
2021-05-12 09:35:21,902.4,449473
2021-05-12 09:35:22,902.4,449503
2021-05-12 09:35:23,902.5,450503
2021-05-12 09:35:24,902.6,450520
2021-05-12 09:35:25,902.6,450561
2021-05-12 09:35:26,902.5,450568
2021-05-12 09:35:26,902.5,450563
2021-05-12 09:35:27,902.55,450569
2021-05-12 09:35:28,902.55,450690
2021-05-12 09:35:29,902.5,450703
2021-05-12 09:35:30,902.4,450818
2021-05-12 09:35:31,902.4,450818
2021-05-12 09:35:32,902.4,450918
2021-05-12 09:35:33,902.5,450931
2021-05-12 09:35:35,902.5,451055
2021-05-12 09:35:36,902.0,451393
2021-05-12 09:35:37,902.5,451401
2021-05-12 09:35:38,902.0,451544
2021-05-12 09:35:39,901.85,452984
2021-05-12 09:35:42,902.25,453141
2021-05-12 09:35:43,902.4,453264
2021-05-12 09:35:44,902.45,453403
2021-05-12 09:35:45,902.0,453453
2021-05-12 09:35:46,902.0,453453
2021-05-12 09:35:48,902.45,453516
2021-05-12 09:35:49,902.45,453616
2021-05-12 09:35:50,902.45,453731
2021-05-12 09:35:51,902.5,453906
2021-05-12 09:35:52,902.4,453916
2021-05-12 09:35:53,902.45,453921
2021-05-12 09:35:54,902.45,453959
2021-05-12 09:35:55,902.4,453974
2021-05-12 09:35:56,902.4,454006
2021-05-12 09:35:57,902.05,454197
2021-05-12 09:35:57,902.05,454197
2021-05-12 09:35:59,902.45,454202
2021-05-12 09:36:00,902.45,454217
2021-05-12 09:36:01,902.4,454347
2021-05-12 09:36:03,902.4,454718
2021-05-12 09:36:04,902.45,454738
2021-05-12 09:36:05,902.3,455000
2021-05-12 09:36:06,902.0,455055
2021-05-12 09:36:07,902.25,455286
2021-05-12 09:36:07,902.25,455284
2021-05-12 09:36:09,902.25,455336
2021-05-12 09:36:10,902.25,455406
2021-05-12 09:36:11,902.25,455429
2021-05-12 09:36:12,902.25,455431
2021-05-12 09:36:13,902.15,455436
2021-05-12 09:36:14,901.9,456072
2021-05-12 09:36:15,902.15,456359
2021-05-12 09:36:16,902.3,456409
2021-05-12 09:36:17,902.3,456409
2021-05-12 09:36:18,902.3,456409
2021-05-12 09:36:20,902.4,456727
2021-05-12 09:36:23,902.25,456844
2021-05-12 09:36:24,902.45,456934
2021-05-12 09:36:25,902.45,456965
2021-05-12 09:36:26,902.4,457165
2021-05-12 09:36:27,902.45,457378
2021-05-12 09:36:28,902.5,457658
2021-05-12 09:36:29,902.5,457679
2021-05-12 09:36:30,902.5,457691
2021-05-12 09:36:31,902.4,458109
2021-05-12 09:36:32,902.3,458134
2021-05-12 09:36:33,902.3,458134
2021-05-12 09:36:34,902.3,458218
2021-05-12 09:36:35,902.0,459658
2021-05-12 09:36:34,902.3,458218
2021-05-12 09:36:36,902.3,459688
2021-05-12 09:36:38,902.1,459722
2021-05-12 09:36:39,902.1,459787
2021-05-12 09:36:40,902.1,459809
2021-05-12 09:36:41,902.3,459811
2021-05-12 09:36:42,902.3,459826
2021-05-12 09:36:43,902.4,459927
2021-05-12 09:36:43,902.3,459940
2021-05-12 09:36:44,902.3,459946
2021-05-12 09:36:45,902.3,460066
2021-05-12 09:36:46,902.3,460088
2021-05-12 09:36:47,902.3,460089
2021-05-12 09:36:49,902.3,460091
2021-05-12 09:36:50,902.3,460105
2021-05-12 09:36:51,902.35,460895
2021-05-12 09:36:52,902.0,460901
2021-05-12 09:36:53,902.35,460932
2021-05-12 09:36:54,902.35,460933
2021-05-12 09:36:54,902.35,460933
2021-05-12 09:36:55,902.35,460945
2021-05-12 09:36:57,902.35,461134
2021-05-12 09:36:58,902.4,461164
2021-05-12 09:36:59,902.4,461194
2021-05-12 09:37:00,902.0,461324
2021-05-12 09:37:01,902.5,464397
2021-05-12 09:37:02,902.55,464417
2021-05-12 09:37:03,902.55,464417
2021-05-12 09:37:03,902.55,464417
2021-05-12 09:37:04,902.55,464417
2021-05-12 09:37:06,902.55,464417
2021-05-12 09:37:07,902.55,464504
2021-05-12 09:37:08,902.55,464527
2021-05-12 09:37:09,902.5,464533
2021-05-12 09:37:10,902.5,464619
2021-05-12 09:37:10,902.5,464619
2021-05-12 09:37:11,902.3,464732
2021-05-12 09:37:12,902.3,464732
2021-05-12 09:37:13,902.5,464846
2021-05-12 09:37:14,902.1,464904
2021-05-12 09:37:16,902.05,464978
2021-05-12 09:37:17,902.6,465184
2021-05-12 09:37:18,902.05,465241
2021-05-12 09:37:19,902.05,465246
2021-05-12 09:37:21,902.65,465950
2021-05-12 09:37:23,902.1,466064
2021-05-12 09:37:24,902.05,466329
2021-05-12 09:37:26,902.2,466710
2021-05-12 09:37:27,902.2,466723
2021-05-12 09:37:28,902.1,466755
2021-05-12 09:37:30,902.2,466770
2021-05-12 09:37:31,902.2,466893
2021-05-12 09:37:33,902.15,467041
2021-05-12 09:37:34,902.2,467093
2021-05-12 09:37:35,902.5,467094
2021-05-12 09:37:36,902.45,467549
2021-05-12 09:37:37,902.5,467551
2021-05-12 09:37:37,902.5,467551
2021-05-12 09:37:39,902.5,467552
2021-05-12 09:37:39,902.5,467562
2021-05-12 09:37:41,902.5,467575
2021-05-12 09:37:42,902.45,467627
2021-05-12 09:37:43,902.45,467628
2021-05-12 09:37:44,902.55,468113
2021-05-12 09:37:45,902.5,468124
2021-05-12 09:37:46,902.5,468130
2021-05-12 09:37:47,902.5,468134
2021-05-12 09:37:49,902.55,469099
2021-05-12 09:37:50,902.55,469105
2021-05-12 09:37:51,902.55,469156
2021-05-12 09:37:53,902.55,469281
2021-05-12 09:37:54,902.2,469501
2021-05-12 09:37:55,902.2,469501
2021-05-12 09:37:56,902.4,469513
2021-05-12 09:37:57,902.5,469733
2021-05-12 09:37:58,902.5,469738
2021-05-12 09:37:59,902.5,469739
2021-05-12 09:38:00,902.5,469741
2021-05-12 09:38:01,902.5,469741
2021-05-12 09:38:02,902.5,469741
2021-05-12 09:38:03,902.45,469841
2021-05-12 09:38:04,902.5,469886
2021-05-12 09:38:05,902.45,469899
2021-05-12 09:38:06,902.45,469909
2021-05-12 09:38:07,902.45,469909
2021-05-12 09:38:08,902.4,469918
2021-05-12 09:38:09,902.3,469981
2021-05-12 09:38:10,902.3,470395
2021-05-12 09:38:11,902.5,470397
2021-05-12 09:38:12,902.5,470410
2021-05-12 09:38:13,902.55,470460
2021-05-12 09:38:14,902.65,470523
2021-05-12 09:38:15,902.5,470614
2021-05-12 09:38:16,902.5,470614
2021-05-12 09:38:17,902.5,470625
2021-05-12 09:38:18,902.7,471025
2021-05-12 09:38:19,902.7,471025
2021-05-12 09:38:20,902.7,471029
2021-05-12 09:38:21,902.7,471109
2021-05-12 09:38:22,902.5,471141
2021-05-12 09:38:23,902.45,471156
2021-05-12 09:38:24,902.5,471211
2021-05-12 09:38:25,902.5,471244
2021-05-12 09:38:26,902.6,471375
2021-05-12 09:38:27,902.7,471401
2021-05-12 09:38:28,902.7,471412
2021-05-12 09:38:29,902.5,471418
2021-05-12 09:38:31,902.7,471419
2021-05-12 09:38:32,902.7,471453
2021-05-12 09:38:33,902.65,471469
2021-05-12 09:38:34,902.65,471564
2021-05-12 09:38:35,902.7,471648
2021-05-12 09:38:36,902.7,472541
2021-05-12 09:38:37,902.55,472546
2021-05-12 09:38:38,902.65,472730
2021-05-12 09:38:39,902.7,472732
2021-05-12 09:38:40,902.7,472782
2021-05-12 09:38:41,902.7,472811
2021-05-12 09:38:42,902.7,472818
2021-05-12 09:38:43,902.7,472873
2021-05-12 09:38:44,902.7,472979
2021-05-12 09:38:45,902.5,473009
2021-05-12 09:38:46,902.5,473009
2021-05-12 09:38:47,902.7,473019
2021-05-12 09:38:48,902.5,473279
2021-05-12 09:38:49,902.7,473280
2021-05-12 09:38:50,902.65,473386
2021-05-12 09:38:51,902.65,473386
2021-05-12 09:38:52,902.65,473490
2021-05-12 09:38:53,902.7,473591
2021-05-12 09:38:54,902.7,473592
2021-05-12 09:38:55,902.7,473598
2021-05-12 09:38:56,902.7,473609
2021-05-12 09:38:57,902.7,473639
2021-05-12 09:38:58,902.7,473639
2021-05-12 09:38:59,902.7,473765
2021-05-12 09:39:00,902.75,474244
2021-05-12 09:39:01,902.75,474283
2021-05-12 09:39:02,902.75,474304
2021-05-12 09:39:03,902.65,474312
2021-05-12 09:39:04,902.75,474322
2021-05-12 09:39:05,902.7,474328
2021-05-12 09:39:06,902.7,474328
2021-05-12 09:39:07,902.9,475547
2021-05-12 09:39:08,902.9,475566
2021-05-12 09:39:10,902.7,475684
2021-05-12 09:39:11,902.95,475697
2021-05-12 09:39:12,902.9,475719
2021-05-12 09:39:13,903.0,476319
2021-05-12 09:39:14,903.05,476619
2021-05-12 09:39:15,903.05,476619
2021-05-12 09:39:16,902.95,476636
2021-05-12 09:39:17,902.95,476636
2021-05-12 09:39:18,902.95,476686
2021-05-12 09:39:19,902.95,476686
2021-05-12 09:39:20,903.0,476903
2021-05-12 09:39:21,903.05,476909
2021-05-12 09:39:22,903.05,476909
2021-05-12 09:39:23,902.75,476970
2021-05-12 09:39:24,903.0,477003
2021-05-12 09:39:25,903.0,477003
2021-05-12 09:39:26,903.05,477028
2021-05-12 09:39:27,903.0,477049
2021-05-12 09:39:28,903.0,477061
2021-05-12 09:39:29,903.0,477062
2021-05-12 09:39:30,903.0,477081
2021-05-12 09:39:31,903.0,477158
2021-05-12 09:39:32,903.05,477864
2021-05-12 09:39:33,903.05,477913
2021-05-12 09:39:34,903.0,478040
2021-05-12 09:39:35,903.05,478051
2021-05-12 09:39:36,903.0,478221
2021-05-12 09:39:37,903.0,478221
2021-05-12 09:39:38,903.05,478380
2021-05-12 09:39:40,903.05,478632
2021-05-12 09:39:41,903.1,478671
2021-05-12 09:39:42,903.1,478680
2021-05-12 09:39:43,903.1,478680
2021-05-12 09:39:44,903.1,478856
2021-05-12 09:39:45,903.1,478858
2021-05-12 09:39:46,903.1,478908
2021-05-12 09:39:47,903.1,479073
2021-05-12 09:39:49,903.1,479485
2021-05-12 09:39:50,903.1,480315
2021-05-12 09:39:52,903.1,480369
2021-05-12 09:39:53,902.95,480419
2021-05-12 09:39:55,903.0,480431
2021-05-12 09:39:54,903.1,480420
2021-05-12 09:39:56,903.1,480560
2021-05-12 09:39:57,903.0,480572
2021-05-12 09:39:58,903.0,480720
2021-05-12 09:39:59,903.0,480866
2021-05-12 09:40:00,903.0,480970
2021-05-12 09:40:01,903.0,481010
2021-05-12 09:40:02,903.0,481115
2021-05-12 09:40:04,903.0,481508
2021-05-12 09:40:05,903.0,481540
2021-05-12 09:40:07,902.85,481635
2021-05-12 09:40:07,903.0,481645
2021-05-12 09:40:08,903.0,481686
2021-05-12 09:40:09,902.85,481696
2021-05-12 09:40:10,902.85,481698
2021-05-12 09:40:11,902.95,481908
2021-05-12 09:40:12,903.0,482180
2021-05-12 09:40:13,903.0,482181
2021-05-12 09:40:15,903.0,483301
2021-05-12 09:40:16,903.05,483465
2021-05-12 09:40:17,903.05,483474
2021-05-12 09:40:18,903.05,483484
2021-05-12 09:40:19,903.1,483556
2021-05-12 09:40:20,903.1,483576
2021-05-12 09:40:21,903.0,483864
2021-05-12 09:40:22,903.15,483924
2021-05-12 09:40:23,903.15,483926
2021-05-12 09:40:24,903.15,484256
2021-05-12 09:40:26,903.1,484336
2021-05-12 09:40:27,903.05,484378
2021-05-12 09:40:28,903.2,484391
2021-05-12 09:40:29,903.05,484416
2021-05-12 09:40:30,903.2,484548
2021-05-12 09:40:31,903.2,484588
2021-05-12 09:40:32,903.2,484788
2021-05-12 09:40:33,903.05,484794
2021-05-12 09:40:34,903.2,484842
2021-05-12 09:40:35,903.2,484852
2021-05-12 09:40:36,903.15,484857
2021-05-12 09:40:38,903.05,485573
2021-05-12 09:40:38,903.05,485573
2021-05-12 09:40:39,903.15,485583
2021-05-12 09:40:41,903.15,485743
2021-05-12 09:40:42,903.15,485745
2021-05-12 09:40:43,903.15,485749
2021-05-12 09:40:46,903.0,486517
2021-05-12 09:40:46,903.1,486417
2021-05-12 09:40:48,903.1,486727
2021-05-12 09:40:50,903.1,486949
2021-05-12 09:40:50,903.05,486950
2021-05-12 09:40:51,903.05,487087
2021-05-12 09:40:53,903.15,487607
2021-05-12 09:40:54,903.15,487607
2021-05-12 09:40:55,903.0,487648
2021-05-12 09:40:56,902.85,487683
2021-05-12 09:40:57,903.05,487688
2021-05-12 09:40:58,903.05,487703
2021-05-12 09:40:59,903.15,487704
2021-05-12 09:41:00,903.15,487754
2021-05-12 09:41:01,903.15,487754
2021-05-12 09:41:02,903.15,487834
2021-05-12 09:41:03,903.15,487864
2021-05-12 09:41:04,903.15,487939
2021-05-12 09:41:05,903.15,487940
2021-05-12 09:41:06,903.15,487940
2021-05-12 09:41:07,903.05,487960
2021-05-12 09:41:08,903.2,488071
2021-05-12 09:41:09,903.2,488083
2021-05-12 09:41:10,903.2,488083
2021-05-12 09:41:11,903.2,490145
2021-05-12 09:41:12,903.35,490160
2021-05-12 09:41:13,903.35,490160
2021-05-12 09:41:14,903.35,490265
2021-05-12 09:41:15,903.25,490292
2021-05-12 09:41:16,903.15,490489
2021-05-12 09:41:17,903.15,490490
2021-05-12 09:41:18,903.1,491383
2021-05-12 09:41:19,902.8,492114
2021-05-12 09:41:20,902.6,492374
2021-05-12 09:41:21,902.8,492414
2021-05-12 09:41:22,902.8,492514
2021-05-12 09:41:23,902.8,492555
2021-05-12 09:41:24,902.8,492560
2021-05-12 09:41:25,902.8,492566
2021-05-12 09:41:27,902.8,492566
2021-05-12 09:41:26,902.8,492566
2021-05-12 09:41:28,902.7,492596
2021-05-12 09:41:29,903.0,492959
2021-05-12 09:41:31,902.2,495454
2021-05-12 09:41:32,902.5,495536
2021-05-12 09:41:33,902.45,495557
2021-05-12 09:41:34,902.55,495633
2021-05-12 09:41:35,902.55,496140
2021-05-12 09:41:36,902.55,496140
2021-05-12 09:41:38,902.55,496192
2021-05-12 09:41:38,902.55,496392
2021-05-12 09:41:39,902.4,496942
2021-05-12 09:41:40,902.45,497050
2021-05-12 09:41:41,901.95,505714
2021-05-12 09:41:42,902.15,505774
2021-05-12 09:41:43,902.15,506694
2021-05-12 09:41:44,902.2,506713
2021-05-12 09:41:45,901.8,507396
2021-05-12 09:41:46,902.25,507402
2021-05-12 09:41:47,902.45,508019
2021-05-12 09:41:48,902.45,508019
2021-05-12 09:41:49,902.55,508347
2021-05-12 09:41:50,902.5,508975
2021-05-12 09:41:51,902.5,508975
2021-05-12 09:41:52,902.45,509033
2021-05-12 09:41:53,902.45,509047
2021-05-12 09:41:54,902.65,509266
2021-05-12 09:41:55,902.8,509920
2021-05-12 09:41:56,902.55,510520
2021-05-12 09:41:57,903.0,510530
2021-05-12 09:41:58,903.0,510545
2021-05-12 09:41:59,902.6,510551
2021-05-12 09:42:00,902.6,510551
2021-05-12 09:42:02,902.7,510676
2021-05-12 09:42:03,903.0,510686
2021-05-12 09:42:04,902.7,510688
2021-05-12 09:42:05,903.0,510793
2021-05-12 09:42:06,903.0,510809
2021-05-12 09:42:07,903.0,510955
2021-05-12 09:42:09,903.0,511360
2021-05-12 09:42:12,903.0,511574
2021-05-12 09:42:13,903.2,511698
2021-05-12 09:42:15,904.4,527659
2021-05-12 09:42:16,904.15,527822
2021-05-12 09:42:17,904.45,527827
2021-05-12 09:42:18,904.45,527831
2021-05-12 09:42:19,904.5,528496
2021-05-12 09:42:20,904.5,529570
2021-05-12 09:42:21,904.55,529590
2021-05-12 09:42:22,904.25,530102
2021-05-12 09:42:23,904.85,538003
2021-05-12 09:42:24,905.25,538013
2021-05-12 09:42:25,904.35,539106
2021-05-12 09:42:27,904.75,539160
2021-05-12 09:42:28,904.7,539585
2021-05-12 09:42:28,905.2,541425
2021-05-12 09:42:29,904.85,541711
2021-05-12 09:42:30,905.35,542359
2021-05-12 09:42:31,904.85,542373
2021-05-12 09:42:32,905.35,542514
2021-05-12 09:42:33,905.25,542532
2021-05-12 09:42:34,904.9,542723
2021-05-12 09:42:36,905.25,542868
2021-05-12 09:42:37,904.8,542955
2021-05-12 09:42:38,905.45,543476
2021-05-12 09:42:39,905.3,543481
2021-05-12 09:42:39,905.35,543634
2021-05-12 09:42:40,905.3,543709
2021-05-12 09:42:41,905.3,543923
2021-05-12 09:42:42,905.3,543923
2021-05-12 09:42:43,905.0,544074
2021-05-12 09:42:44,905.25,544124
2021-05-12 09:42:45,904.85,544624
2021-05-12 09:42:46,905.25,544724
2021-05-12 09:42:47,905.25,544739
2021-05-12 09:42:48,904.85,544824
2021-05-12 09:42:50,905.25,544839
2021-05-12 09:42:51,905.15,546641
2021-05-12 09:42:51,905.15,546641
2021-05-12 09:42:53,905.1,546805
2021-05-12 09:42:53,904.9,546821
2021-05-12 09:42:54,904.9,546858
2021-05-12 09:42:55,904.95,547012
2021-05-12 09:42:56,904.9,547136
2021-05-12 09:42:57,904.5,547206
2021-05-12 09:42:58,904.5,547206
2021-05-12 09:43:00,904.9,547327
2021-05-12 09:43:01,904.5,547497
2021-05-12 09:43:01,904.35,547622
2021-05-12 09:43:02,904.35,547622
2021-05-12 09:43:03,904.35,547642
2021-05-12 09:43:04,904.3,547735
2021-05-12 09:43:06,904.25,547783
2021-05-12 09:43:07,904.1,548003
2021-05-12 09:43:08,904.35,548023
2021-05-12 09:43:09,904.35,548025
2021-05-12 09:43:10,904.35,548025
2021-05-12 09:43:11,904.5,548736
2021-05-12 09:43:12,904.45,548766
2021-05-12 09:43:13,904.45,548766
2021-05-12 09:43:14,904.05,548776
2021-05-12 09:43:16,904.25,548836
2021-05-12 09:43:16,904.5,548861
2021-05-12 09:43:17,904.5,548861
2021-05-12 09:43:18,904.25,548963
2021-05-12 09:43:19,904.25,549019
2021-05-12 09:43:20,904.25,549029
2021-05-12 09:43:21,904.5,549032
2021-05-12 09:43:22,904.35,549402
2021-05-12 09:43:23,904.35,549402
2021-05-12 09:43:24,904.25,549719
2021-05-12 09:43:25,904.25,549865
2021-05-12 09:43:26,904.25,549922
2021-05-12 09:43:27,904.25,549923
2021-05-12 09:43:28,904.15,550228
2021-05-12 09:43:29,904.15,550233
2021-05-12 09:43:30,904.15,550299
2021-05-12 09:43:32,904.5,550330
2021-05-12 09:43:31,904.5,550330
2021-05-12 09:43:33,904.5,550352
2021-05-12 09:43:34,904.5,550513
2021-05-12 09:43:35,904.55,551705
2021-05-12 09:43:36,904.75,551841
2021-05-12 09:43:37,904.8,551853
2021-05-12 09:43:38,904.8,551853
2021-05-12 09:43:39,904.6,551865
2021-05-12 09:43:40,904.85,551866
2021-05-12 09:43:42,904.95,552262
2021-05-12 09:43:43,905.0,552432
2021-05-12 09:43:44,905.0,552432
2021-05-12 09:43:45,905.0,552432
2021-05-12 09:43:47,905.0,552472
2021-05-12 09:43:48,905.0,552531
2021-05-12 09:43:48,905.0,552581
2021-05-12 09:43:49,904.95,552594
2021-05-12 09:43:51,904.95,552644
2021-05-12 09:43:52,904.95,552654
2021-05-12 09:43:53,904.8,552705
2021-05-12 09:43:55,904.95,552740
2021-05-12 09:43:56,904.95,552741
2021-05-12 09:43:57,904.95,552791
2021-05-12 09:43:58,904.95,552819
2021-05-12 09:43:59,904.8,552914
2021-05-12 09:44:00,904.85,553152
2021-05-12 09:44:01,904.85,553207
2021-05-12 09:44:03,904.5,553348
2021-05-12 09:44:02,904.5,553348
2021-05-12 09:44:04,904.5,553366
2021-05-12 09:44:07,904.75,553375
2021-05-12 09:44:07,904.75,553375
2021-05-12 09:44:08,904.75,553411
2021-05-12 09:44:09,904.75,553415
2021-05-12 09:44:10,904.75,553446
2021-05-12 09:44:11,904.75,553446
2021-05-12 09:44:12,904.55,553528
2021-05-12 09:44:13,904.55,553565
2021-05-12 09:44:14,904.75,553592
2021-05-12 09:44:16,904.7,553683
2021-05-12 09:44:18,904.5,556072
2021-05-12 09:44:19,904.45,556218
2021-05-12 09:44:20,904.45,556225
2021-05-12 09:44:22,904.45,556432
2021-05-12 09:44:23,904.6,556639
2021-05-12 09:44:24,904.4,556889
2021-05-12 09:44:25,904.25,556925
2021-05-12 09:44:26,904.4,556952
2021-05-12 09:44:27,904.4,556952
2021-05-12 09:44:27,904.4,556952
2021-05-12 09:44:28,904.25,556982
2021-05-12 09:44:29,904.4,556985
2021-05-12 09:44:30,904.4,556985
2021-05-12 09:44:32,904.25,557083
2021-05-12 09:44:34,904.25,557303
2021-05-12 09:44:35,904.25,557466
2021-05-12 09:44:36,904.2,557484
2021-05-12 09:44:37,904.2,557484
2021-05-12 09:44:38,904.2,557484
2021-05-12 09:44:40,904.2,557570
2021-05-12 09:44:41,904.2,557572
2021-05-12 09:44:43,904.1,557702
2021-05-12 09:44:43,904.1,557702
2021-05-12 09:44:44,904.1,557732
2021-05-12 09:44:45,904.2,557925
2021-05-12 09:44:46,904.35,558096
2021-05-12 09:44:47,904.2,558349
2021-05-12 09:44:48,904.2,558349
2021-05-12 09:44:49,904.35,558550
2021-05-12 09:44:51,904.2,558555
2021-05-12 09:44:52,904.1,559255
2021-05-12 09:44:52,904.1,559255
2021-05-12 09:44:53,904.35,559290
2021-05-12 09:44:55,904.35,559390
2021-05-12 09:44:56,904.35,559390
2021-05-12 09:44:57,904.35,559390
2021-05-12 09:44:59,904.35,559420
2021-05-12 09:45:00,904.4,559697
2021-05-12 09:45:01,904.35,559707
2021-05-12 09:45:02,904.25,559718
2021-05-12 09:45:02,904.2,559951
2021-05-12 09:45:04,904.4,560217
2021-05-12 09:45:05,904.35,560236
2021-05-12 09:45:05,904.35,560236
2021-05-12 09:45:07,904.4,560367
2021-05-12 09:45:08,904.1,560467
2021-05-12 09:45:09,904.4,560483
2021-05-12 09:45:10,904.4,560488
2021-05-12 09:45:11,904.35,560588
2021-05-12 09:45:12,904.05,560632
2021-05-12 09:45:13,904.1,560698
2021-05-12 09:45:14,904.35,560776
2021-05-12 09:45:15,904.4,560787
2021-05-12 09:45:16,904.4,561393
2021-05-12 09:45:16,904.4,561393
2021-05-12 09:45:18,904.4,561394
2021-05-12 09:45:19,904.35,561423
2021-05-12 09:45:20,904.35,561423
2021-05-12 09:45:21,904.2,561425
2021-05-12 09:45:22,904.2,561466
2021-05-12 09:45:23,904.2,561466
2021-05-12 09:45:24,904.0,561616
2021-05-12 09:45:26,904.2,561653
2021-05-12 09:45:26,904.2,561655
2021-05-12 09:45:28,904.2,561669
2021-05-12 09:45:29,904.2,561672
2021-05-12 09:45:29,904.35,563627
2021-05-12 09:45:30,904.35,563630
2021-05-12 09:45:31,904.7,563767
2021-05-12 09:45:32,904.7,563767
2021-05-12 09:45:33,904.35,563780
2021-05-12 09:45:34,904.35,563780
2021-05-12 09:45:35,904.35,563801
2021-05-12 09:45:36,904.7,563824
2021-05-12 09:45:37,904.7,563824
2021-05-12 09:45:38,904.65,563839
2021-05-12 09:45:39,904.35,563889
2021-05-12 09:45:41,904.6,563890
2021-05-12 09:45:42,904.6,563890
2021-05-12 09:45:43,904.7,563990
2021-05-12 09:45:44,904.5,563995
2021-05-12 09:45:45,904.7,564320
2021-05-12 09:45:46,904.7,564382
2021-05-12 09:45:47,904.7,564382
2021-05-12 09:45:48,904.65,564733
2021-05-12 09:45:49,904.55,564743
2021-05-12 09:45:50,904.55,564763
2021-05-12 09:45:51,904.5,564826
2021-05-12 09:45:52,904.5,564826
2021-05-12 09:45:53,904.65,564853
2021-05-12 09:45:54,904.5,564866
2021-05-12 09:45:55,904.6,564876
2021-05-12 09:45:56,904.65,565032
2021-05-12 09:45:56,904.65,564976
2021-05-12 09:45:57,904.5,565052
2021-05-12 09:45:58,904.5,565453
2021-05-12 09:45:59,904.7,565484
2021-05-12 09:46:00,904.7,565524
2021-05-12 09:46:01,904.7,565524
2021-05-12 09:46:02,904.2,565643
2021-05-12 09:46:03,904.5,565743
2021-05-12 09:46:04,904.5,565745
2021-05-12 09:46:05,904.5,565745
2021-05-12 09:46:08,904.6,565767
2021-05-12 09:46:10,904.5,567183
2021-05-12 09:46:11,904.6,567189
2021-05-12 09:46:12,904.6,567200
2021-05-12 09:46:13,904.5,567205
2021-05-12 09:46:14,904.6,567221
2021-05-12 09:46:15,904.6,567222
2021-05-12 09:46:16,904.6,567236
2021-05-12 09:46:16,904.65,567602
2021-05-12 09:46:17,904.7,567637
2021-05-12 09:46:18,904.7,567637
2021-05-12 09:46:19,904.85,569113
2021-05-12 09:46:20,904.95,569148
2021-05-12 09:46:22,905.35,576693
2021-05-12 09:46:23,905.5,577173
2021-05-12 09:46:24,905.5,577173
2021-05-12 09:46:24,905.45,577174
2021-05-12 09:46:26,905.45,577594
2021-05-12 09:46:27,905.5,577738
2021-05-12 09:46:28,904.95,578198
2021-05-12 09:46:29,905.4,578359
2021-05-12 09:46:30,905.4,578366
2021-05-12 09:46:31,905.3,578584
2021-05-12 09:46:31,905.3,578584
2021-05-12 09:46:33,905.45,579174
2021-05-12 09:46:34,905.35,579297
2021-05-12 09:46:35,905.35,579509
2021-05-12 09:46:36,904.75,579789
2021-05-12 09:46:38,905.35,580356
2021-05-12 09:46:39,905.35,580419
2021-05-12 09:46:40,905.4,580629
2021-05-12 09:46:41,905.4,580846
2021-05-12 09:46:42,905.45,580911
2021-05-12 09:46:43,905.4,581860
2021-05-12 09:46:44,905.0,581919
2021-05-12 09:46:45,905.4,582019
2021-05-12 09:46:46,905.2,582193
2021-05-12 09:46:47,905.35,582258
2021-05-12 09:46:48,905.0,582667
2021-05-12 09:46:49,905.2,582765
2021-05-12 09:46:50,905.0,582775
2021-05-12 09:46:53,905.0,582843
2021-05-12 09:46:54,905.25,582853
2021-05-12 09:46:55,905.25,582853
2021-05-12 09:46:56,905.0,582881
2021-05-12 09:46:57,905.0,583099
2021-05-12 09:46:58,905.25,583153
2021-05-12 09:46:59,905.2,583218
2021-05-12 09:47:00,905.2,583348
2021-05-12 09:47:01,905.2,583365
2021-05-12 09:47:03,905.25,583379
2021-05-12 09:47:04,905.35,583579
2021-05-12 09:47:06,905.35,583631
2021-05-12 09:47:05,905.35,583591
2021-05-12 09:47:07,905.35,583632
2021-05-12 09:47:08,905.0,584251
2021-05-12 09:47:09,905.0,584251
2021-05-12 09:47:10,905.0,584400
2021-05-12 09:47:11,905.3,584598
2021-05-12 09:47:12,905.3,584598
2021-05-12 09:47:13,905.0,584619
2021-05-12 09:47:14,905.0,584621
2021-05-12 09:47:15,905.3,584624
2021-05-12 09:47:16,905.3,584645
2021-05-12 09:47:17,905.3,584645
2021-05-12 09:47:19,905.3,585078
2021-05-12 09:47:20,905.3,585199
2021-05-12 09:47:21,905.3,585230
2021-05-12 09:47:22,905.0,585235
2021-05-12 09:47:22,905.3,585237
2021-05-12 09:47:23,905.0,585619
2021-05-12 09:47:24,905.0,585619
2021-05-12 09:47:25,905.2,585999
2021-05-12 09:47:26,905.0,586121
2021-05-12 09:47:27,905.0,586121
2021-05-12 09:47:29,905.2,586271
2021-05-12 09:47:30,905.2,586271
2021-05-12 09:47:31,905.2,586273
2021-05-12 09:47:32,905.2,586318
2021-05-12 09:47:33,905.0,586368
2021-05-12 09:47:33,905.0,586387
2021-05-12 09:47:34,905.0,586538
2021-05-12 09:47:36,905.2,586951
2021-05-12 09:47:37,905.2,587000
2021-05-12 09:47:38,905.2,587050
2021-05-12 09:47:39,905.2,587055
2021-05-12 09:47:40,905.0,587159
2021-05-12 09:47:41,905.0,587159
2021-05-12 09:47:42,905.2,587337
2021-05-12 09:47:43,904.9,588003
2021-05-12 09:47:44,904.95,589134
2021-05-12 09:47:45,904.5,589161
2021-05-12 09:47:46,904.85,589364
2021-05-12 09:47:47,904.85,589499
2021-05-12 09:47:48,904.85,589670
2021-05-12 09:47:49,904.85,589670
2021-05-12 09:47:50,904.85,589672
2021-05-12 09:47:51,904.85,589673
2021-05-12 09:47:52,904.5,589679
2021-05-12 09:47:54,904.85,590290
2021-05-12 09:47:55,904.85,590390
2021-05-12 09:47:56,904.5,590491
2021-05-12 09:47:57,904.5,590536
2021-05-12 09:48:00,904.5,590756
2021-05-12 09:48:01,904.5,590766
2021-05-12 09:48:02,904.45,595111
2021-05-12 09:48:03,904.45,595112
2021-05-12 09:48:04,904.45,595112
2021-05-12 09:48:05,904.45,595112
2021-05-12 09:48:06,904.45,595259
2021-05-12 09:48:07,904.4,595519
2021-05-12 09:48:08,904.4,595529
2021-05-12 09:48:09,904.4,595529
2021-05-12 09:48:10,904.0,595539
2021-05-12 09:48:11,904.4,595540
2021-05-12 09:48:12,904.0,595596
2021-05-12 09:48:13,904.45,595697
2021-05-12 09:48:14,904.4,595976
2021-05-12 09:48:15,904.45,595986
2021-05-12 09:48:16,904.45,595986
2021-05-12 09:48:17,904.0,596123
2021-05-12 09:48:18,904.0,596175
2021-05-12 09:48:19,904.4,596325
2021-05-12 09:48:20,904.25,596330
2021-05-12 09:48:21,904.0,596495
2021-05-12 09:48:22,904.4,596497
2021-05-12 09:48:23,904.0,596697
2021-05-12 09:48:24,904.4,596797
2021-05-12 09:48:26,904.4,596903
2021-05-12 09:48:28,904.0,596943
2021-05-12 09:48:29,904.0,596943
2021-05-12 09:48:31,904.4,597076
2021-05-12 09:48:30,904.35,596976
2021-05-12 09:48:32,904.35,597077
2021-05-12 09:48:33,904.35,597077
2021-05-12 09:48:34,904.35,597077
2021-05-12 09:48:35,904.1,597376
2021-05-12 09:48:36,904.1,597386
2021-05-12 09:48:37,904.05,597763
2021-05-12 09:48:39,904.05,597787
2021-05-12 09:48:40,904.35,597790
2021-05-12 09:48:41,904.35,597791
2021-05-12 09:48:42,904.3,597821
2021-05-12 09:48:43,904.35,597833
2021-05-12 09:48:44,904.05,597965
2021-05-12 09:48:45,904.05,597965
2021-05-12 09:48:46,904.0,598142
2021-05-12 09:48:47,904.0,598142
2021-05-12 09:48:48,904.3,598253
2021-05-12 09:48:49,904.3,598253
2021-05-12 09:48:50,904.3,598263
2021-05-12 09:48:51,904.0,599735
2021-05-12 09:48:52,904.35,600235
2021-05-12 09:48:54,904.3,600255
2021-05-12 09:48:55,904.4,600429
2021-05-12 09:48:56,904.4,600429
2021-05-12 09:48:57,904.3,600489
2021-05-12 09:48:58,904.3,600490
2021-05-12 09:48:59,904.4,600496
2021-05-12 09:49:00,904.4,600627
2021-05-12 09:49:01,904.4,600627
2021-05-12 09:49:02,904.4,600687
2021-05-12 09:49:03,904.4,601037
2021-05-12 09:49:04,904.4,601037
2021-05-12 09:49:05,904.35,601074
2021-05-12 09:49:06,904.35,601125
2021-05-12 09:49:07,904.35,601126
2021-05-12 09:49:08,904.35,601126
2021-05-12 09:49:09,904.35,601135
2021-05-12 09:49:10,904.35,601175
2021-05-12 09:49:11,904.35,601176
2021-05-12 09:49:12,904.35,601176
2021-05-12 09:49:13,904.35,601177
2021-05-12 09:49:14,904.35,601178
2021-05-12 09:49:15,904.35,601209
2021-05-12 09:49:16,904.3,601259
2021-05-12 09:49:17,904.1,601374
2021-05-12 09:49:18,904.35,601384
2021-05-12 09:49:19,904.35,601385
2021-05-12 09:49:20,904.35,601393
2021-05-12 09:49:21,904.35,601418
2021-05-12 09:49:22,904.35,601418
2021-05-12 09:49:23,904.35,601423
2021-05-12 09:49:24,904.35,601430
2021-05-12 09:49:25,904.35,601983
2021-05-12 09:49:26,904.15,601988
2021-05-12 09:49:27,904.15,601988
2021-05-12 09:49:28,904.15,601988
2021-05-12 09:49:29,904.35,601989
2021-05-12 09:49:30,904.35,602004
2021-05-12 09:49:31,904.2,602104
2021-05-12 09:49:32,904.2,602220
2021-05-12 09:49:33,904.2,602220
2021-05-12 09:49:34,904.2,602269
2021-05-12 09:49:35,904.35,602290
2021-05-12 09:49:36,904.35,602305
2021-05-12 09:49:37,904.35,602305
2021-05-12 09:49:38,904.2,602310
2021-05-12 09:49:39,904.2,602358
2021-05-12 09:49:40,904.2,602358
2021-05-12 09:49:41,904.2,602358
2021-05-12 09:49:42,904.35,602458
2021-05-12 09:49:43,904.35,602689
2021-05-12 09:49:44,904.35,602689
2021-05-12 09:49:45,904.1,602889
2021-05-12 09:49:46,904.1,602889
2021-05-12 09:49:47,904.4,602899
2021-05-12 09:49:48,904.35,603440
2021-05-12 09:49:49,904.05,603465
2021-05-12 09:49:50,904.35,603497
2021-05-12 09:49:51,904.05,603647
2021-05-12 09:49:52,904.05,603755
2021-05-12 09:49:54,904.35,603775
2021-05-12 09:49:55,904.35,603775
2021-05-12 09:49:56,904.35,603775
2021-05-12 09:49:57,904.05,603875
2021-05-12 09:49:58,904.2,603899
2021-05-12 09:50:00,904.0,604904
2021-05-12 09:50:02,904.35,605260
2021-05-12 09:50:03,904.05,605411
2021-05-12 09:50:04,904.05,605411
2021-05-12 09:50:06,904.35,605770
2021-05-12 09:50:07,904.35,605778
2021-05-12 09:50:08,904.05,605978
2021-05-12 09:50:09,904.35,606035
2021-05-12 09:50:11,904.35,606049
2021-05-12 09:50:12,904.35,606049
2021-05-12 09:50:13,904.05,606149
2021-05-12 09:50:14,904.15,606150
2021-05-12 09:50:15,904.15,606150
2021-05-12 09:50:16,904.15,606150
2021-05-12 09:50:17,904.3,606271
2021-05-12 09:50:18,904.3,606283
2021-05-12 09:50:19,904.3,606283
2021-05-12 09:50:21,904.3,606283
2021-05-12 09:50:22,904.0,608280
2021-05-12 09:50:23,903.9,608451
2021-05-12 09:50:24,903.9,608451
2021-05-12 09:50:25,904.05,608476
2021-05-12 09:50:26,904.1,608687
2021-05-12 09:50:27,904.05,608859
2021-05-12 09:50:28,904.05,608870
2021-05-12 09:50:29,904.05,609039
2021-05-12 09:50:31,904.0,610205
2021-05-12 09:50:32,904.0,610218
2021-05-12 09:50:33,904.0,610358
2021-05-12 09:50:34,904.0,610370
2021-05-12 09:50:35,903.7,610463
2021-05-12 09:50:36,904.0,610471
2021-05-12 09:50:37,904.0,610532
2021-05-12 09:50:38,904.0,610535
2021-05-12 09:50:39,904.0,610546
2021-05-12 09:50:40,904.0,610567
2021-05-12 09:50:42,903.7,610598
2021-05-12 09:50:43,903.95,610645
2021-05-12 09:50:44,903.95,610796
2021-05-12 09:50:45,903.95,610796
2021-05-12 09:50:46,903.7,611734
2021-05-12 09:50:47,903.8,611885
2021-05-12 09:50:49,903.7,611891
2021-05-12 09:50:50,903.7,611891
2021-05-12 09:50:51,903.5,612220
2021-05-12 09:50:52,903.5,612222
2021-05-12 09:50:53,903.75,612285
2021-05-12 09:50:54,903.8,612305
2021-05-12 09:50:55,903.7,612325
2021-05-12 09:50:56,903.5,612361
2021-05-12 09:50:58,903.5,612361
2021-05-12 09:50:58,903.5,612661
2021-05-12 09:50:59,903.75,612711
2021-05-12 09:51:00,903.75,612897
2021-05-12 09:51:01,903.75,612897
2021-05-12 09:51:03,903.75,612897
2021-05-12 09:51:04,903.75,613003
2021-05-12 09:51:04,903.75,613043
2021-05-12 09:51:06,903.5,613071
2021-05-12 09:51:06,903.45,613362
2021-05-12 09:51:07,903.45,613362
2021-05-12 09:51:08,903.35,613708
2021-05-12 09:51:09,903.45,613727
2021-05-12 09:51:10,903.3,613982
2021-05-12 09:51:11,903.45,614083
2021-05-12 09:51:13,903.45,614214
2021-05-12 09:51:14,903.05,614344
2021-05-12 09:51:15,903.0,614496
2021-05-12 09:51:16,903.15,614697
2021-05-12 09:51:17,903.3,614698
2021-05-12 09:51:21,903.35,614865
2021-05-12 09:51:22,903.35,614865
2021-05-12 09:51:23,903.35,614875
2021-05-12 09:51:24,903.35,614877
2021-05-12 09:51:28,903.3,614881
2021-05-12 09:51:31,903.3,615053
2021-05-12 09:51:32,903.3,615239
2021-05-12 09:51:33,903.1,615278
2021-05-12 09:51:35,903.3,615330
2021-05-12 09:51:35,903.3,615330
2021-05-12 09:51:37,903.25,615368
2021-05-12 09:51:39,903.25,615408
2021-05-12 09:51:39,903.25,615433
2021-05-12 09:51:40,903.25,615474
2021-05-12 09:51:41,903.0,615779
2021-05-12 09:51:42,903.3,615835
2021-05-12 09:51:43,903.3,615835
2021-05-12 09:51:45,903.25,615909
2021-05-12 09:51:44,903.25,615889
2021-05-12 09:51:46,903.3,616056
2021-05-12 09:51:47,903.3,616056
2021-05-12 09:51:48,903.3,616056
2021-05-12 09:51:49,903.3,616185
2021-05-12 09:51:50,903.25,616252
2021-05-12 09:51:51,903.25,616554
2021-05-12 09:51:52,903.1,616564
2021-05-12 09:51:53,903.1,616589
2021-05-12 09:51:54,903.1,616701
2021-05-12 09:51:55,903.1,616701
2021-05-12 09:51:56,903.0,616703
2021-05-12 09:51:57,903.1,616814
2021-05-12 09:51:58,903.1,616825
2021-05-12 09:51:59,903.0,616875
2021-05-12 09:52:00,903.15,616979
2021-05-12 09:52:01,903.0,617568
2021-05-12 09:52:02,903.0,617573
2021-05-12 09:52:03,903.2,617680
2021-05-12 09:52:04,903.0,617850
2021-05-12 09:52:05,903.0,618897
2021-05-12 09:52:06,903.05,618899
2021-05-12 09:52:07,903.05,618907
2021-05-12 09:52:08,903.0,618927
2021-05-12 09:52:09,903.05,618947
2021-05-12 09:52:10,903.05,619615
2021-05-12 09:52:12,903.05,620126
2021-05-12 09:52:12,903.05,620280
2021-05-12 09:52:14,903.05,620295
2021-05-12 09:52:14,903.0,620498
2021-05-12 09:52:16,903.05,620636
2021-05-12 09:52:17,903.05,620636
2021-05-12 09:52:17,903.05,620636
2021-05-12 09:52:18,903.0,620788
2021-05-12 09:52:19,903.05,620810
2021-05-12 09:52:20,903.05,620810
2021-05-12 09:52:21,903.05,620820
2021-05-12 09:52:22,903.05,620825
2021-05-12 09:52:23,903.05,621565
2021-05-12 09:52:24,903.05,621568
2021-05-12 09:52:25,903.05,621570
2021-05-12 09:52:26,903.05,621570
2021-05-12 09:52:27,903.0,621580
2021-05-12 09:52:28,903.0,621580
2021-05-12 09:52:29,903.05,621601
2021-05-12 09:52:30,903.0,621639
2021-05-12 09:52:31,903.05,621648
2021-05-12 09:52:33,903.05,621669
2021-05-12 09:52:33,903.05,622172
2021-05-12 09:52:35,903.05,622233
2021-05-12 09:52:36,903.05,622453
2021-05-12 09:52:37,903.0,622465
2021-05-12 09:52:38,903.0,622495
2021-05-12 09:52:39,903.1,624880
2021-05-12 09:52:39,903.1,624888
2021-05-12 09:52:40,903.0,624903
2021-05-12 09:52:42,903.15,625045
2021-05-12 09:52:43,903.15,625231
2021-05-12 09:52:44,903.15,625231
2021-05-12 09:52:44,903.15,625465
2021-05-12 09:52:46,903.15,625589
2021-05-12 09:52:46,903.15,625589
2021-05-12 09:52:48,903.05,625596
2021-05-12 09:52:49,903.2,625964
2021-05-12 09:52:49,903.2,625964
2021-05-12 09:52:50,903.2,625964
2021-05-12 09:52:51,903.2,625964
2021-05-12 09:52:52,903.2,625964
2021-05-12 09:52:53,903.2,625964
2021-05-12 09:52:54,903.2,625986
2021-05-12 09:52:55,903.25,625987
2021-05-12 09:52:56,903.05,626017
2021-05-12 09:52:57,903.05,626029
2021-05-12 09:52:58,903.25,626030
2021-05-12 09:52:59,903.2,626042
2021-05-12 09:53:01,903.25,626110
2021-05-12 09:53:02,903.25,626113
2021-05-12 09:53:03,903.25,626113
2021-05-12 09:53:03,903.25,626118
2021-05-12 09:53:05,903.25,626160
2021-05-12 09:53:07,903.25,626352
2021-05-12 09:53:08,903.15,626859
2021-05-12 09:53:10,903.25,626865
2021-05-12 09:53:11,903.25,626865
2021-05-12 09:53:12,903.2,627206
2021-05-12 09:53:13,903.25,627209
2021-05-12 09:53:14,903.25,627307
2021-05-12 09:53:15,903.25,627307
2021-05-12 09:53:16,903.25,627313
2021-05-12 09:53:17,903.2,627323
2021-05-12 09:53:18,903.2,627323
2021-05-12 09:53:18,903.2,627323
2021-05-12 09:53:19,903.2,627414
2021-05-12 09:53:20,903.2,627414
2021-05-12 09:53:21,903.25,627494
2021-05-12 09:53:22,903.2,627564
2021-05-12 09:53:23,903.2,627587
2021-05-12 09:53:25,903.2,627587
2021-05-12 09:53:26,903.2,627590
2021-05-12 09:53:27,903.05,627978
2021-05-12 09:53:28,903.05,627995
2021-05-12 09:53:29,903.2,628000
2021-05-12 09:53:30,903.2,628000
2021-05-12 09:53:31,903.2,628000
2021-05-12 09:53:32,903.2,628000
2021-05-12 09:53:33,903.2,628009
2021-05-12 09:53:34,903.2,628059
2021-05-12 09:53:35,903.2,628134
2021-05-12 09:53:36,903.2,628134
2021-05-12 09:53:37,903.2,628139
2021-05-12 09:53:38,903.2,628139
2021-05-12 09:53:39,903.15,628145
2021-05-12 09:53:40,903.15,628145
2021-05-12 09:53:40,903.2,628245
2021-05-12 09:53:42,903.15,628261
2021-05-12 09:53:43,903.15,628290
2021-05-12 09:53:44,903.15,628300
2021-05-12 09:53:45,903.2,628379
2021-05-12 09:53:46,903.2,628403
2021-05-12 09:53:49,903.2,628430
2021-05-12 09:53:50,903.2,628434
2021-05-12 09:53:51,903.2,628434
2021-05-12 09:53:53,903.2,628434
2021-05-12 09:53:54,903.2,628473
2021-05-12 09:53:55,903.2,628638
2021-05-12 09:53:55,903.2,628638
2021-05-12 09:53:57,903.05,628645
2021-05-12 09:53:58,903.25,628666
2021-05-12 09:53:59,903.05,628676
2021-05-12 09:54:02,903.05,628710
2021-05-12 09:54:03,903.25,628735
2021-05-12 09:54:04,903.25,628735
2021-05-12 09:54:05,903.05,628744
2021-05-12 09:54:06,903.05,628744
2021-05-12 09:54:07,903.05,628744
2021-05-12 09:54:08,903.2,628764
2021-05-12 09:54:08,903.2,628764
2021-05-12 09:54:09,903.2,628766
2021-05-12 09:54:10,903.2,628777
2021-05-12 09:54:12,902.9,631733
2021-05-12 09:54:13,902.85,631781
2021-05-12 09:54:14,902.85,631990
2021-05-12 09:54:15,902.9,631997
2021-05-12 09:54:16,902.55,633022
2021-05-12 09:54:17,902.55,633083
2021-05-12 09:54:18,902.55,633110
2021-05-12 09:54:19,902.75,633112
2021-05-12 09:54:19,902.75,633142
2021-05-12 09:54:20,902.3,633648
2021-05-12 09:54:21,902.75,633653
2021-05-12 09:54:22,902.75,633804
2021-05-12 09:54:23,902.75,633824
2021-05-12 09:54:24,902.75,633844
2021-05-12 09:54:25,902.75,633917
2021-05-12 09:54:26,902.6,633968
2021-05-12 09:54:27,902.5,634013
2021-05-12 09:54:28,902.5,634013
2021-05-12 09:54:29,902.5,634013
2021-05-12 09:54:30,902.5,634013
2021-05-12 09:54:31,902.55,634023
2021-05-12 09:54:32,902.6,635966
2021-05-12 09:54:33,902.75,635970
2021-05-12 09:54:34,902.75,635971
2021-05-12 09:54:35,902.75,636156
2021-05-12 09:54:37,902.75,636156
2021-05-12 09:54:38,902.75,636358
2021-05-12 09:54:39,902.75,636358
2021-05-12 09:54:40,902.8,636513
2021-05-12 09:54:41,902.95,636514
2021-05-12 09:54:42,902.95,636514
2021-05-12 09:54:43,902.85,636519
2021-05-12 09:54:44,902.8,636561
2021-05-12 09:54:44,902.8,636561
2021-05-12 09:54:45,902.85,636615
2021-05-12 09:54:46,902.85,636665
2021-05-12 09:54:47,902.85,636665
2021-05-12 09:54:49,902.95,636775
2021-05-12 09:54:50,902.95,636881
2021-05-12 09:54:51,902.8,636936
2021-05-12 09:54:53,902.85,636956
2021-05-12 09:54:54,902.9,637056
2021-05-12 09:54:56,902.9,637208
2021-05-12 09:54:57,903.0,637353
2021-05-12 09:54:57,903.0,637353
2021-05-12 09:54:58,903.0,637353
2021-05-12 09:55:00,903.0,637380
2021-05-12 09:55:01,903.0,637389
2021-05-12 09:55:02,902.95,637395
2021-05-12 09:55:02,902.95,637395
2021-05-12 09:55:03,903.0,637427
2021-05-12 09:55:04,903.0,637438
2021-05-12 09:55:05,903.0,637539
2021-05-12 09:55:07,903.0,637553
2021-05-12 09:55:07,903.0,637553
2021-05-12 09:55:09,902.95,637580
2021-05-12 09:55:10,903.0,637581
2021-05-12 09:55:11,903.0,637585
2021-05-12 09:55:12,903.0,637585
2021-05-12 09:55:13,903.0,637585
2021-05-12 09:55:13,903.0,637585
2021-05-12 09:55:14,903.0,637597
2021-05-12 09:55:16,903.0,637648
2021-05-12 09:55:17,903.0,637757
2021-05-12 09:55:18,903.0,637975
2021-05-12 09:55:19,902.9,638215
2021-05-12 09:55:20,902.95,638239
2021-05-12 09:55:21,903.0,638304
2021-05-12 09:55:22,903.0,638314
2021-05-12 09:55:22,903.0,638314
2021-05-12 09:55:24,902.75,638373
2021-05-12 09:55:26,902.95,638543
2021-05-12 09:55:26,902.9,638569
2021-05-12 09:55:28,902.9,638609
2021-05-12 09:55:31,902.85,639019
2021-05-12 09:55:33,902.8,639054
2021-05-12 09:55:34,902.5,639074
2021-05-12 09:55:34,902.5,639080
2021-05-12 09:55:35,902.5,639140
2021-05-12 09:55:36,902.8,639146
2021-05-12 09:55:38,902.8,639166
2021-05-12 09:55:39,902.8,639277
2021-05-12 09:55:40,902.8,639277
2021-05-12 09:55:41,902.8,639298
2021-05-12 09:55:42,902.8,639320
2021-05-12 09:55:43,902.8,639325
2021-05-12 09:55:44,902.8,639357
2021-05-12 09:55:44,902.5,639523
2021-05-12 09:55:45,902.5,639525
2021-05-12 09:55:46,902.8,639532
2021-05-12 09:55:47,902.8,640521
2021-05-12 09:55:48,902.65,640542
2021-05-12 09:55:50,902.8,640551
2021-05-12 09:55:51,902.8,640551
2021-05-12 09:55:52,902.95,641291
2021-05-12 09:55:52,903.0,641292
2021-05-12 09:55:53,903.0,642524
2021-05-12 09:55:54,903.0,642534
2021-05-12 09:55:56,903.1,642675
2021-05-12 09:55:57,902.9,642800
2021-05-12 09:55:57,902.9,642800
2021-05-12 09:55:59,902.9,642800
2021-05-12 09:56:00,903.1,642822
2021-05-12 09:56:01,903.0,642850
2021-05-12 09:56:02,903.1,642916
2021-05-12 09:56:03,903.1,642916
2021-05-12 09:56:03,903.1,642937
2021-05-12 09:56:05,903.0,643009
2021-05-12 09:56:06,903.1,643634
2021-05-12 09:56:08,902.95,643662
2021-05-12 09:56:09,902.95,643769
2021-05-12 09:56:10,902.65,643895
2021-05-12 09:56:11,902.9,644039
2021-05-12 09:56:12,902.9,644049
2021-05-12 09:56:12,902.9,644049
2021-05-12 09:56:14,902.5,644244
2021-05-12 09:56:14,902.8,644172
2021-05-12 09:56:16,902.25,652301
2021-05-12 09:56:18,902.25,652522
2021-05-12 09:56:19,902.0,652572
2021-05-12 09:56:20,902.0,652578
2021-05-12 09:56:21,902.35,653515
2021-05-12 09:56:21,902.35,653515
2021-05-12 09:56:22,902.35,653646
2021-05-12 09:56:23,902.0,653706
2021-05-12 09:56:24,902.3,653707
2021-05-12 09:56:25,902.35,654017
2021-05-12 09:56:27,902.35,654043
2021-05-12 09:56:28,902.35,654043
2021-05-12 09:56:29,902.0,654154
2021-05-12 09:56:30,902.3,654155
2021-05-12 09:56:31,902.3,654155
2021-05-12 09:56:31,902.3,654175
2021-05-12 09:56:34,902.1,654389
2021-05-12 09:56:37,902.3,654526
2021-05-12 09:56:40,902.25,654976
2021-05-12 09:56:43,902.25,654978
2021-05-12 09:56:45,902.05,655554
2021-05-12 09:56:48,902.05,655603
2021-05-12 09:56:51,902.05,655760
2021-05-12 09:56:54,902.05,656053
2021-05-12 09:56:56,902.2,656452
2021-05-12 09:56:59,902.05,656502
2021-05-12 09:57:01,902.05,656657
2021-05-12 09:57:04,902.2,657423
2021-05-12 09:57:06,902.05,657502
2021-05-12 09:57:09,901.7,673103
2021-05-12 09:57:12,901.9,673304
2021-05-12 09:57:14,901.9,673318
2021-05-12 09:57:17,901.65,673409
2021-05-12 09:57:20,901.6,673895
2021-05-12 09:57:23,901.85,674573
2021-05-12 09:57:25,901.85,674623
2021-05-12 09:57:28,901.85,674745
2021-05-12 09:57:31,901.55,676499
2021-05-12 09:57:33,901.7,676576
2021-05-12 09:57:36,901.7,676725
2021-05-12 09:57:39,901.65,677413
2021-05-12 09:57:42,901.65,677599
2021-05-12 09:57:44,901.65,677684
2021-05-12 09:57:47,901.65,678508
2021-05-12 09:57:50,901.85,679898
2021-05-12 09:57:52,902.4,681921
2021-05-12 09:57:57,902.0,682235
2021-05-12 09:58:00,902.0,682235
2021-05-12 09:58:02,902.35,682573
2021-05-12 09:58:05,902.3,682628
2021-05-12 09:58:07,902.35,682732
2021-05-12 09:58:10,902.15,682882
2021-05-12 09:58:12,902.35,683277
2021-05-12 09:58:15,902.35,683312
2021-05-12 09:58:18,902.35,683466
2021-05-12 09:58:20,902.35,683471
2021-05-12 09:58:23,902.15,683676
2021-05-12 09:58:25,902.3,683709
2021-05-12 09:58:28,902.3,684551
2021-05-12 09:58:30,902.3,684584
2021-05-12 09:58:32,902.35,684834
2021-05-12 09:58:34,902.35,684887
2021-05-12 09:58:37,902.35,684892
2021-05-12 09:58:42,902.8,686291
2021-05-12 09:58:44,902.8,686297
2021-05-12 09:58:47,902.8,686299
2021-05-12 09:58:50,902.8,687151
2021-05-12 09:58:52,902.95,687234
2021-05-12 09:58:55,902.95,687296
2021-05-12 09:58:57,902.95,687346
2021-05-12 09:59:00,902.95,687810
2021-05-12 09:59:03,902.95,688253
2021-05-12 09:59:05,902.95,689280
2021-05-12 09:59:08,902.95,689447
2021-05-12 09:59:10,902.95,689513
2021-05-12 09:59:13,902.95,689524
2021-05-12 09:59:15,902.8,689562
2021-05-12 09:59:18,902.8,689725
2021-05-12 09:59:20,902.5,689907
2021-05-12 09:59:25,902.65,690061
2021-05-12 09:59:27,902.35,690080
2021-05-12 09:59:30,902.25,690666
2021-05-12 09:59:32,902.65,690714
2021-05-12 09:59:34,902.65,690751
2021-05-12 09:59:37,902.75,691189
2021-05-12 09:59:39,902.75,691203
2021-05-12 09:59:42,902.75,691206
2021-05-12 09:59:44,902.75,691745
2021-05-12 09:59:46,902.35,691774
2021-05-12 09:59:48,902.75,691789
2021-05-12 09:59:51,902.35,691848
2021-05-12 09:59:53,902.75,692010
2021-05-12 09:59:56,902.75,692223
2021-05-12 09:59:58,902.4,692269
2021-05-12 10:00:00,902.4,692406
2021-05-12 10:00:02,902.75,692572
2021-05-12 10:00:04,902.75,692690
2021-05-12 10:00:07,902.75,692751
2021-05-12 10:00:10,902.4,692995
2021-05-12 10:00:13,902.7,693103
2021-05-12 10:00:15,902.5,693106
2021-05-12 10:00:18,902.45,693168
2021-05-12 10:00:20,902.7,693739
2021-05-12 10:00:23,902.7,693743
2021-05-12 10:00:25,902.5,693787
2021-05-12 10:00:28,902.7,693802
2021-05-12 10:00:31,902.7,693844
2021-05-12 10:00:34,902.55,693876
2021-05-12 10:00:37,902.7,693890
2021-05-12 10:00:39,902.7,694008
2021-05-12 10:00:45,902.7,694176
2021-05-12 10:00:47,902.7,694177
2021-05-12 10:00:50,902.7,694228
2021-05-12 10:00:52,902.7,694253
2021-05-12 10:00:54,902.7,694315
2021-05-12 10:00:56,902.7,694355
2021-05-12 10:00:58,902.95,696379
2021-05-12 10:01:00,902.95,696434
2021-05-12 10:01:03,902.95,696439
2021-05-12 10:01:05,902.95,696764
2021-05-12 10:01:07,902.95,696829
2021-05-12 10:01:09,902.95,696837
2021-05-12 10:01:12,902.95,696854
2021-05-12 10:01:14,902.95,697010
2021-05-12 10:01:16,902.95,697674
2021-05-12 10:01:18,902.95,697744
2021-05-12 10:01:21,902.95,697907
2021-05-12 10:01:23,902.95,697982
2021-05-12 10:01:26,902.75,697993
2021-05-12 10:01:28,902.95,698029
2021-05-12 10:01:30,902.95,698033
2021-05-12 10:01:33,902.95,698149
2021-05-12 10:01:35,902.95,698276
2021-05-12 10:01:38,902.95,698282
2021-05-12 10:01:40,902.95,698314
2021-05-12 10:01:42,902.9,698430
2021-05-12 10:01:47,902.9,698601
2021-05-12 10:01:53,902.5,700728
2021-05-12 10:01:55,902.5,700910
2021-05-12 10:01:57,902.6,700920
2021-05-12 10:01:59,902.6,700955
2021-05-12 10:02:02,902.6,701218
2021-05-12 10:02:04,902.6,701219
2021-05-12 10:02:07,902.6,701970
2021-05-12 10:02:09,902.4,702135
2021-05-12 10:02:11,902.55,702325
2021-05-12 10:02:14,902.55,702828
2021-05-12 10:02:16,902.55,702945
2021-05-12 10:02:19,902.55,702985
2021-05-12 10:02:22,902.55,702985
2021-05-12 10:02:25,902.4,702996
2021-05-12 10:02:29,902.3,703174
2021-05-12 10:02:32,902.3,703236
2021-05-12 10:02:35,902.3,703379
2021-05-12 10:02:39,902.1,704161
2021-05-12 10:02:41,902.25,704200
2021-05-12 10:02:44,902.1,704304
2021-05-12 10:02:46,902.3,705576
2021-05-12 10:02:48,902.4,705607
2021-05-12 10:02:50,902.4,705627
2021-05-12 10:02:52,902.25,705663
2021-05-12 10:02:54,902.25,705671
2021-05-12 10:02:57,902.4,705723
2021-05-12 10:02:59,902.4,705759
2021-05-12 10:03:01,902.4,705762
2021-05-12 10:03:04,902.4,705799
2021-05-12 10:03:06,902.4,705846
2021-05-12 10:03:09,902.4,705874
2021-05-12 10:03:11,902.4,705907
2021-05-12 10:03:14,902.3,707753
2021-05-12 10:03:17,902.35,708095
2021-05-12 10:03:19,902.35,709319
2021-05-12 10:03:22,902.35,709967
2021-05-12 10:03:24,902.3,710049
2021-05-12 10:03:27,902.05,715328
2021-05-12 10:03:29,902.05,715787
2021-05-12 10:03:32,902.05,715852
2021-05-12 10:03:34,902.0,715949
2021-05-12 10:03:36,902.05,717469
2021-05-12 10:03:39,902.1,717728
2021-05-12 10:03:41,902.1,717955
2021-05-12 10:03:43,902.05,718023
2021-05-12 10:03:46,902.05,718025
2021-05-12 10:03:48,902.15,718619
2021-05-12 10:03:50,902.15,718676
2021-05-12 10:03:53,902.25,719093
2021-05-12 10:03:55,902.3,719133
2021-05-12 10:03:57,902.2,719745
2021-05-12 10:04:00,902.3,720486
2021-05-12 10:04:02,902.3,721251
2021-05-12 10:04:04,902.35,721259
2021-05-12 10:04:07,902.35,721441
2021-05-12 10:04:09,902.4,721544
2021-05-12 10:04:11,902.3,721666
2021-05-12 10:04:16,902.3,723053
2021-05-12 10:04:18,902.75,723292
2021-05-12 10:04:21,902.75,723301
2021-05-12 10:04:25,902.45,723333
2021-05-12 10:04:27,902.45,723398
2021-05-12 10:04:30,902.45,723458
2021-05-12 10:04:32,902.15,723575
2021-05-12 10:04:34,902.1,723593
2021-05-12 10:04:36,902.3,723622
2021-05-12 10:04:39,902.3,723717
2021-05-12 10:04:42,902.4,724222
2021-05-12 10:04:44,902.65,724913
2021-05-12 10:04:47,902.45,725234
2021-05-12 10:04:50,902.45,725235
2021-05-12 10:04:52,902.45,725469
2021-05-12 10:04:55,902.3,725616
2021-05-12 10:04:58,902.55,725866
2021-05-12 10:05:00,902.4,726225
2021-05-12 10:05:02,902.7,726233
2021-05-12 10:05:05,902.7,726300
2021-05-12 10:05:08,902.35,726431
2021-05-12 10:05:11,902.65,726622
2021-05-12 10:05:13,902.65,726650
2021-05-12 10:05:15,902.7,726910
2021-05-12 10:05:18,902.7,726990
2021-05-12 10:05:20,902.7,727206
2021-05-12 10:05:22,902.7,727221
2021-05-12 10:05:27,902.65,727508
2021-05-12 10:05:30,902.65,727510
2021-05-12 10:05:32,902.65,727517
2021-05-12 10:05:34,902.55,727565
2021-05-12 10:05:37,902.55,727591
2021-05-12 10:05:39,902.55,727666
2021-05-12 10:05:41,902.55,727666
2021-05-12 10:05:44,902.65,728419
2021-05-12 10:05:46,902.65,728818
2021-05-12 10:05:48,902.65,728921
2021-05-12 10:05:50,902.65,728932
2021-05-12 10:05:53,902.35,729007
2021-05-12 10:05:56,902.65,729085
2021-05-12 10:05:59,902.35,729243
2021-05-12 10:06:01,902.45,729659
2021-05-12 10:06:03,902.15,729725
2021-05-12 10:06:06,902.35,729743
2021-05-12 10:06:09,902.1,729858
2021-05-12 10:06:11,901.55,735330
2021-05-12 10:06:13,901.7,735811
2021-05-12 10:06:16,901.7,735816
2021-05-12 10:06:21,901.9,737016
2021-05-12 10:06:23,901.7,737051
2021-05-12 10:06:28,901.8,739391
2021-05-12 10:06:30,901.5,745758
2021-05-12 10:06:32,901.7,745771
2021-05-12 10:06:32,901.7,745771
2021-05-12 10:06:33,901.5,745781
2021-05-12 10:06:34,901.6,745788
2021-05-12 10:06:35,901.5,746110
2021-05-12 10:06:36,901.55,746135
2021-05-12 10:06:38,901.9,747285
2021-05-12 10:06:39,901.9,747368
2021-05-12 10:06:40,901.9,747482
2021-05-12 10:06:41,901.7,747483
2021-05-12 10:06:42,902.0,747510
2021-05-12 10:06:42,901.7,747490
2021-05-12 10:06:43,902.0,747520
2021-05-12 10:06:45,902.0,747535
2021-05-12 10:06:46,901.75,747637
2021-05-12 10:06:47,902.0,747647
2021-05-12 10:06:48,902.0,747709
2021-05-12 10:06:49,901.9,747755
2021-05-12 10:06:50,901.75,747756
2021-05-12 10:06:51,902.0,747769
2021-05-12 10:06:52,901.8,747792
2021-05-12 10:06:53,902.0,747793
2021-05-12 10:06:54,902.1,748115
2021-05-12 10:06:55,902.1,748115
2021-05-12 10:06:56,902.1,748115
2021-05-12 10:06:57,902.05,748119
2021-05-12 10:06:58,902.05,748123
2021-05-12 10:06:59,902.05,748161
2021-05-12 10:07:00,902.05,748161
2021-05-12 10:07:01,902.1,748230
2021-05-12 10:07:02,902.3,748312
2021-05-12 10:07:02,902.3,748312
2021-05-12 10:07:03,902.35,748543
2021-05-12 10:07:04,902.1,748546
2021-05-12 10:07:06,902.35,748547
2021-05-12 10:07:07,902.1,748576
2021-05-12 10:07:08,902.35,748577
2021-05-12 10:07:09,902.05,748727
2021-05-12 10:07:10,902.35,748738
2021-05-12 10:07:11,902.35,748946
2021-05-12 10:07:12,902.5,749452
2021-05-12 10:07:12,902.15,749453
2021-05-12 10:07:13,902.15,749467
2021-05-12 10:07:14,902.6,749501
2021-05-12 10:07:18,902.65,749524
2021-05-12 10:07:19,902.55,749542
2021-05-12 10:07:20,902.25,749742
2021-05-12 10:07:21,902.5,749792
2021-05-12 10:07:22,902.5,749810
2021-05-12 10:07:24,902.5,749811
2021-05-12 10:07:24,902.5,749811
2021-05-12 10:07:26,902.6,749911
2021-05-12 10:07:27,902.25,749916
2021-05-12 10:07:28,902.5,749921
2021-05-12 10:07:29,902.5,749928
2021-05-12 10:07:29,902.5,749944
2021-05-12 10:07:30,902.65,750944
2021-05-12 10:07:31,902.6,750945
2021-05-12 10:07:32,902.6,750954
2021-05-12 10:07:34,902.5,751038
2021-05-12 10:07:35,902.3,751049
2021-05-12 10:07:36,902.5,751064
2021-05-12 10:07:37,902.6,751116
2021-05-12 10:07:38,902.05,751903
2021-05-12 10:07:40,902.45,751929
2021-05-12 10:07:41,902.45,752097
2021-05-12 10:07:41,902.2,752830
2021-05-12 10:07:43,902.2,752833
2021-05-12 10:07:44,902.2,752897
2021-05-12 10:07:45,902.25,752966
2021-05-12 10:07:46,902.3,752988
2021-05-12 10:07:47,902.0,752992
2021-05-12 10:07:48,902.0,752992
2021-05-12 10:07:49,902.15,753047
2021-05-12 10:07:50,902.3,753093
2021-05-12 10:07:51,902.3,753133
2021-05-12 10:07:51,902.3,753133
2021-05-12 10:07:53,902.2,753396
2021-05-12 10:07:53,902.2,753396
2021-05-12 10:07:54,902.2,753396
2021-05-12 10:07:55,902.2,753399
2021-05-12 10:07:57,902.2,753412
2021-05-12 10:07:59,902.2,753443
2021-05-12 10:08:00,902.2,753633
2021-05-12 10:08:01,902.2,753673
2021-05-12 10:08:02,902.2,753726
2021-05-12 10:08:03,902.2,753726
2021-05-12 10:08:04,902.3,753827
2021-05-12 10:08:05,902.3,753827
2021-05-12 10:08:06,902.2,753848
2021-05-12 10:08:07,902.2,753854
2021-05-12 10:08:08,902.2,753854
2021-05-12 10:08:09,902.3,753961
2021-05-12 10:08:09,902.3,753961
2021-05-12 10:08:10,902.3,753961
2021-05-12 10:08:12,902.3,753968
2021-05-12 10:08:13,902.3,753994
2021-05-12 10:08:14,902.1,754729
2021-05-12 10:08:15,902.15,754762
2021-05-12 10:08:16,902.15,754762
2021-05-12 10:08:18,902.0,754816
2021-05-12 10:08:20,902.2,754933
2021-05-12 10:08:21,902.2,754933
2021-05-12 10:08:22,902.0,754936
2021-05-12 10:08:23,902.0,754936
2021-05-12 10:08:24,902.0,754936
2021-05-12 10:08:25,902.2,754938
2021-05-12 10:08:26,902.2,754959
2021-05-12 10:08:26,902.2,754959
2021-05-12 10:08:27,902.0,754968
2021-05-12 10:08:29,902.0,754968
2021-05-12 10:08:30,902.2,754969
2021-05-12 10:08:31,902.2,754977
2021-05-12 10:08:32,902.0,755079
2021-05-12 10:08:33,902.35,755189
2021-05-12 10:08:34,902.4,755314
2021-05-12 10:08:35,902.0,756014
2021-05-12 10:08:37,902.4,756029
2021-05-12 10:08:38,902.4,756136
2021-05-12 10:08:40,902.4,756137
2021-05-12 10:08:41,902.35,756265
2021-05-12 10:08:42,902.4,756268
2021-05-12 10:08:43,902.4,756268
2021-05-12 10:08:44,902.4,756268
2021-05-12 10:08:45,902.35,756326
2021-05-12 10:08:46,902.35,756346
2021-05-12 10:08:47,902.0,756351
2021-05-12 10:08:48,902.0,756351
2021-05-12 10:08:49,902.35,756372
2021-05-12 10:08:50,902.35,756373
2021-05-12 10:08:51,902.0,757896
2021-05-12 10:08:52,901.95,757904
2021-05-12 10:08:53,901.85,757910
2021-05-12 10:08:54,902.0,757926
2021-05-12 10:08:55,902.0,758032
2021-05-12 10:08:56,902.0,758040
2021-05-12 10:08:57,902.0,758044
2021-05-12 10:08:59,902.4,760449
2021-05-12 10:08:59,902.4,760450
2021-05-12 10:09:01,902.4,760450
2021-05-12 10:09:02,902.35,760452
2021-05-12 10:09:03,902.5,760545
2021-05-12 10:09:05,902.5,760583
2021-05-12 10:09:06,902.5,760583
2021-05-12 10:09:07,902.5,760588
2021-05-12 10:09:08,902.5,760588
2021-05-12 10:09:09,902.35,760666
2021-05-12 10:09:09,902.35,760666
2021-05-12 10:09:10,902.35,760666
2021-05-12 10:09:11,902.5,760686
2021-05-12 10:09:13,902.35,760728
2021-05-12 10:09:14,902.5,760754
2021-05-12 10:09:15,902.5,760759
2021-05-12 10:09:16,902.35,760769
2021-05-12 10:09:17,902.45,760774
2021-05-12 10:09:18,902.45,760809
2021-05-12 10:09:19,902.45,760810
2021-05-12 10:09:20,902.45,760820
2021-05-12 10:09:21,902.4,761143
2021-05-12 10:09:22,902.15,761159
2021-05-12 10:09:23,902.15,761162
2021-05-12 10:09:24,902.4,761183
2021-05-12 10:09:25,902.4,761561
2021-05-12 10:09:25,902.4,761561
2021-05-12 10:09:26,902.4,761567
2021-05-12 10:09:28,902.4,761825
2021-05-12 10:09:29,902.5,761931
2021-05-12 10:09:30,902.5,761982
2021-05-12 10:09:30,902.5,761982
2021-05-12 10:09:31,902.5,762045
2021-05-12 10:09:33,902.5,762295
2021-05-12 10:09:35,902.5,762300
2021-05-12 10:09:36,902.5,762300
2021-05-12 10:09:37,902.4,762416
2021-05-12 10:09:38,902.4,762436
2021-05-12 10:09:39,902.5,762456
2021-05-12 10:09:39,902.5,762456
2021-05-12 10:09:40,902.4,762662
2021-05-12 10:09:42,902.55,762667
2021-05-12 10:09:43,902.55,762677
2021-05-12 10:09:44,902.55,762677
2021-05-12 10:09:45,902.55,762737
2021-05-12 10:09:46,902.55,762737
2021-05-12 10:09:47,902.25,763720
2021-05-12 10:09:48,902.45,763725
2021-05-12 10:09:49,902.45,763848
2021-05-12 10:09:50,902.45,763848
2021-05-12 10:09:51,902.45,763848
2021-05-12 10:09:52,902.2,763851
2021-05-12 10:09:53,902.45,763871
2021-05-12 10:09:54,902.5,763952
2021-05-12 10:09:55,902.5,763953
2021-05-12 10:09:56,902.5,763953
2021-05-12 10:09:57,902.2,764003
2021-05-12 10:09:59,902.45,764017
2021-05-12 10:10:00,902.2,764128
2021-05-12 10:10:01,902.35,764452
2021-05-12 10:10:02,902.0,764457
2021-05-12 10:10:03,902.35,764464
2021-05-12 10:10:04,902.0,764484
2021-05-12 10:10:05,902.0,764484
2021-05-12 10:10:06,902.05,764592
2021-05-12 10:10:07,902.0,764596
2021-05-12 10:10:08,902.35,764621
2021-05-12 10:10:09,902.35,764624
2021-05-12 10:10:10,902.35,764624
2021-05-12 10:10:11,902.0,764631
2021-05-12 10:10:12,902.05,764635
2021-05-12 10:10:12,902.05,764635
2021-05-12 10:10:13,902.4,764913
2021-05-12 10:10:14,902.4,764913
2021-05-12 10:10:15,902.4,764948
2021-05-12 10:10:17,902.35,764981
2021-05-12 10:10:18,902.35,764981
2021-05-12 10:10:19,902.4,765046
2021-05-12 10:10:20,902.4,765046
2021-05-12 10:10:21,902.4,765046
2021-05-12 10:10:22,902.25,765054
2021-05-12 10:10:24,902.55,766257
2021-05-12 10:10:24,902.3,766264
2021-05-12 10:10:25,902.05,766303
2021-05-12 10:10:27,902.15,766306
2021-05-12 10:10:28,902.5,766335
2021-05-12 10:10:29,902.5,766337
2021-05-12 10:10:29,902.5,766337
2021-05-12 10:10:31,902.5,766337
2021-05-12 10:10:32,902.15,766344
2021-05-12 10:10:33,902.45,766346
2021-05-12 10:10:34,902.5,766371
2021-05-12 10:10:36,902.5,766381
2021-05-12 10:10:37,902.5,766417
2021-05-12 10:10:38,902.5,766471
2021-05-12 10:10:39,902.5,766471
2021-05-12 10:10:40,902.25,766473
2021-05-12 10:10:41,902.25,766473
2021-05-12 10:10:42,902.5,766576
2021-05-12 10:10:43,902.55,766596
2021-05-12 10:10:44,902.25,766635
2021-05-12 10:10:45,902.55,766636
2021-05-12 10:10:47,902.55,766687
2021-05-12 10:10:48,902.55,766687
2021-05-12 10:10:49,902.55,766710
2021-05-12 10:10:50,902.55,766713
2021-05-12 10:10:51,902.55,766713
2021-05-12 10:10:52,902.3,766715
2021-05-12 10:10:53,902.55,766803
2021-05-12 10:10:54,902.55,766803
2021-05-12 10:10:55,902.35,766918
2021-05-12 10:10:56,902.3,766974
2021-05-12 10:10:57,902.5,766997
2021-05-12 10:10:58,902.5,766997
2021-05-12 10:10:59,902.55,767162
2021-05-12 10:11:00,902.55,767162
2021-05-12 10:11:01,902.5,767172
2021-05-12 10:11:02,902.3,767181
2021-05-12 10:11:03,902.5,767186
2021-05-12 10:11:04,902.5,767188
2021-05-12 10:11:05,902.5,767193
2021-05-12 10:11:06,902.5,767276
2021-05-12 10:11:07,902.5,767280
2021-05-12 10:11:08,902.5,767299
2021-05-12 10:11:09,902.5,767310
2021-05-12 10:11:10,902.5,767443
2021-05-12 10:11:11,902.5,767494
2021-05-12 10:11:12,902.3,767596
2021-05-12 10:11:13,902.5,767608
2021-05-12 10:11:15,902.25,767851
2021-05-12 10:11:16,902.25,767859
2021-05-12 10:11:17,902.5,768059
2021-05-12 10:11:18,902.4,768579
2021-05-12 10:11:19,902.45,768752
2021-05-12 10:11:21,902.3,768784
2021-05-12 10:11:22,902.15,771840
2021-05-12 10:11:23,902.2,771863
2021-05-12 10:11:24,902.2,771879
2021-05-12 10:11:25,902.2,772082
2021-05-12 10:11:26,902.2,772097
2021-05-12 10:11:27,902.0,772297
2021-05-12 10:11:28,901.95,772333
2021-05-12 10:11:29,902.0,772359
2021-05-12 10:11:30,902.0,772398
2021-05-12 10:11:32,902.0,772459
2021-05-12 10:11:33,902.0,772459
2021-05-12 10:11:35,902.0,772716
2021-05-12 10:11:36,902.0,772720
2021-05-12 10:11:37,901.95,772744
2021-05-12 10:11:38,901.9,772768
2021-05-12 10:11:39,902.0,772785
2021-05-12 10:11:40,902.0,772869
2021-05-12 10:11:41,902.0,772874
2021-05-12 10:11:42,901.9,772901
2021-05-12 10:11:43,901.9,773152
2021-05-12 10:11:44,901.9,773313
2021-05-12 10:11:45,902.0,773315
2021-05-12 10:11:46,902.0,773325
2021-05-12 10:11:47,902.1,773449
2021-05-12 10:11:48,902.1,773450
2021-05-12 10:11:49,902.1,773457
2021-05-12 10:11:50,902.1,773507
2021-05-12 10:11:51,902.1,773517
2021-05-12 10:11:52,902.0,773524
2021-05-12 10:11:54,902.0,773569
2021-05-12 10:11:55,902.1,773570
2021-05-12 10:11:56,902.2,773583
2021-05-12 10:11:57,902.2,773612
2021-05-12 10:11:58,902.2,773612
2021-05-12 10:11:59,902.3,773863
2021-05-12 10:12:00,902.0,773976
2021-05-12 10:12:01,902.2,773978
2021-05-12 10:12:02,902.0,773990
2021-05-12 10:12:03,902.25,774031
2021-05-12 10:12:04,902.25,774031
2021-05-12 10:12:05,902.2,774033
2021-05-12 10:12:06,902.3,774038
2021-05-12 10:12:07,902.3,774104
2021-05-12 10:12:08,902.25,774807
2021-05-12 10:12:09,902.45,774808
2021-05-12 10:12:10,902.45,774808
2021-05-12 10:12:11,902.45,774848
2021-05-12 10:12:12,902.1,774861
2021-05-12 10:12:13,902.45,774864
2021-05-12 10:12:14,902.5,774965
2021-05-12 10:12:15,902.5,774966
2021-05-12 10:12:16,902.45,774970
2021-05-12 10:12:17,902.5,774988
2021-05-12 10:12:18,902.5,774988
2021-05-12 10:12:19,902.5,774993
2021-05-12 10:12:20,902.5,774994
2021-05-12 10:12:21,902.5,775340
2021-05-12 10:12:22,902.3,775359
2021-05-12 10:12:23,902.3,775359
2021-05-12 10:12:24,902.3,775392
2021-05-12 10:12:25,902.3,775392
2021-05-12 10:12:26,902.3,775411
2021-05-12 10:12:28,902.2,775415
2021-05-12 10:12:29,902.2,775415
2021-05-12 10:12:30,902.2,775415
2021-05-12 10:12:31,902.2,775475
2021-05-12 10:12:32,902.15,775484
2021-05-12 10:12:33,902.25,775501
2021-05-12 10:12:34,902.25,775501
2021-05-12 10:12:35,902.25,775501
2021-05-12 10:12:36,902.25,775506
2021-05-12 10:12:37,902.2,775510
2021-05-12 10:12:38,902.25,775530
2021-05-12 10:12:39,902.25,775531
2021-05-12 10:12:40,902.25,775532
2021-05-12 10:12:42,902.2,775534
2021-05-12 10:12:43,902.15,775613
2021-05-12 10:12:44,902.15,775653
2021-05-12 10:12:45,902.0,775829
2021-05-12 10:12:46,902.25,775989
2021-05-12 10:12:47,902.25,776019
2021-05-12 10:12:48,902.25,776019
2021-05-12 10:12:49,902.25,776028
2021-05-12 10:12:50,902.0,776275
2021-05-12 10:12:51,902.25,776329
2021-05-12 10:12:53,902.05,776331
2021-05-12 10:12:54,902.25,776337
2021-05-12 10:12:55,902.25,776346
2021-05-12 10:12:56,902.25,776348
2021-05-12 10:12:57,902.05,776352
2021-05-12 10:12:58,902.15,776382
2021-05-12 10:12:59,902.15,776426
2021-05-12 10:13:00,902.15,776436
2021-05-12 10:13:01,902.15,776438
2021-05-12 10:13:02,902.05,776441
2021-05-12 10:13:03,902.05,776441
2021-05-12 10:13:04,902.15,776487
2021-05-12 10:13:05,902.25,776512
2021-05-12 10:13:06,902.25,776746
2021-05-12 10:13:08,902.25,777153
2021-05-12 10:13:09,902.25,777155
2021-05-12 10:13:10,902.25,777183
2021-05-12 10:13:11,902.25,777189
2021-05-12 10:13:12,902.25,777210
2021-05-12 10:13:13,902.25,777591
2021-05-12 10:13:14,902.25,777591
2021-05-12 10:13:15,902.4,777596
2021-05-12 10:13:16,902.4,777597
2021-05-12 10:13:17,902.15,777732
2021-05-12 10:13:18,902.4,777803
2021-05-12 10:13:19,902.4,777808
2021-05-12 10:13:21,902.15,777809
2021-05-12 10:13:21,902.4,777828
2021-05-12 10:13:22,902.15,777860
2021-05-12 10:13:23,902.15,777860
2021-05-12 10:13:24,902.15,777860
2021-05-12 10:13:25,902.15,777860
2021-05-12 10:13:26,902.4,778586
2021-05-12 10:13:27,902.15,778646
2021-05-12 10:13:28,902.05,778650
2021-05-12 10:13:29,902.4,778655
2021-05-12 10:13:30,902.4,778859
2021-05-12 10:13:32,902.1,778956
2021-05-12 10:13:33,902.4,778982
2021-05-12 10:13:34,902.15,778988
2021-05-12 10:13:35,902.4,778989
2021-05-12 10:13:37,902.4,778998
2021-05-12 10:13:38,902.4,779076
2021-05-12 10:13:39,902.4,779076
2021-05-12 10:13:40,902.4,779084
2021-05-12 10:13:41,902.4,779084
2021-05-12 10:13:41,902.4,779086
2021-05-12 10:13:42,902.15,779098
2021-05-12 10:13:43,902.15,779098
2021-05-12 10:13:44,902.4,779099
2021-05-12 10:13:45,902.0,781041
2021-05-12 10:13:46,902.0,781041
2021-05-12 10:13:47,902.1,781095
2021-05-12 10:13:48,902.1,781105
2021-05-12 10:13:49,902.1,781156
2021-05-12 10:13:50,902.1,781177
2021-05-12 10:13:51,902.1,781177
2021-05-12 10:13:52,902.1,781185
2021-05-12 10:13:53,902.0,781317
2021-05-12 10:13:54,902.1,781376
2021-05-12 10:13:55,902.1,781451
2021-05-12 10:13:56,902.1,781654
2021-05-12 10:13:57,902.0,781657
2021-05-12 10:13:58,902.1,781661
2021-05-12 10:13:59,902.1,781781
2021-05-12 10:14:00,902.0,781891
2021-05-12 10:14:01,902.15,782202
2021-05-12 10:14:02,902.05,782223
2021-05-12 10:14:03,902.1,782333
2021-05-12 10:14:04,902.1,782333
2021-05-12 10:14:05,902.0,782365
2021-05-12 10:14:06,902.15,782401
2021-05-12 10:14:07,902.0,782567
2021-05-12 10:14:09,901.3,793531
2021-05-12 10:14:08,902.0,782579
2021-05-12 10:14:10,901.3,793568
2021-05-12 10:14:11,901.45,793580
2021-05-12 10:14:12,901.25,793800
2021-05-12 10:14:13,901.2,794587
2021-05-12 10:14:14,901.2,795987
2021-05-12 10:14:15,901.4,795988
2021-05-12 10:14:16,901.45,799757
2021-05-12 10:14:17,901.55,802109
2021-05-12 10:14:18,901.55,802109
2021-05-12 10:14:19,901.65,802229
2021-05-12 10:14:20,901.65,802239
2021-05-12 10:14:21,902.0,802457
2021-05-12 10:14:22,901.6,802474
2021-05-12 10:14:23,901.6,802474
2021-05-12 10:14:24,901.95,802996
2021-05-12 10:14:25,901.6,803120
2021-05-12 10:14:26,901.5,803141
2021-05-12 10:14:27,901.5,803146
2021-05-12 10:14:28,901.75,803205
2021-05-12 10:14:29,901.75,803241
2021-05-12 10:14:30,901.75,803241
2021-05-12 10:14:31,901.75,803256
2021-05-12 10:14:32,901.65,803379
2021-05-12 10:14:33,901.65,803904
2021-05-12 10:14:34,901.6,803919
2021-05-12 10:14:35,901.65,803927
2021-05-12 10:14:36,901.6,804143
2021-05-12 10:14:37,901.6,804248
2021-05-12 10:14:38,901.65,804521
2021-05-12 10:14:39,901.65,804596
2021-05-12 10:14:41,901.7,804749
2021-05-12 10:14:42,901.65,804752
2021-05-12 10:14:43,901.7,805566
2021-05-12 10:14:44,901.65,805660
2021-05-12 10:14:45,901.7,805868
2021-05-12 10:14:46,901.7,805868
2021-05-12 10:14:47,901.7,805873
2021-05-12 10:14:48,901.7,805885
2021-05-12 10:14:49,901.7,805951
2021-05-12 10:14:50,901.65,805976
2021-05-12 10:14:53,901.7,806083
2021-05-12 10:14:54,901.7,806084
2021-05-12 10:14:56,901.7,806259
2021-05-12 10:14:57,901.65,806415
2021-05-12 10:14:58,901.65,806468
2021-05-12 10:14:59,901.7,806575
2021-05-12 10:14:59,901.7,806575
2021-05-12 10:15:00,901.65,806718
2021-05-12 10:15:01,901.7,806770
2021-05-12 10:15:02,901.9,807080
2021-05-12 10:15:03,901.7,807081
2021-05-12 10:15:04,901.7,807091
2021-05-12 10:15:05,901.85,807112
2021-05-12 10:15:06,901.85,807122
2021-05-12 10:15:07,901.7,807128
2021-05-12 10:15:08,901.7,807540
2021-05-12 10:15:09,901.95,807560
2021-05-12 10:15:10,901.95,807560
2021-05-12 10:15:11,901.95,807595
2021-05-12 10:15:12,901.7,807624
2021-05-12 10:15:14,901.95,807644
2021-05-12 10:15:14,901.75,807700
2021-05-12 10:15:15,901.9,807720
2021-05-12 10:15:16,901.75,807742
2021-05-12 10:15:17,901.75,807745
2021-05-12 10:15:18,901.9,807795
2021-05-12 10:15:19,901.25,810038
2021-05-12 10:15:20,901.5,810110
2021-05-12 10:15:21,901.5,810112
2021-05-12 10:15:22,901.25,810114
2021-05-12 10:15:23,901.5,810119
2021-05-12 10:15:24,901.45,810625
2021-05-12 10:15:25,901.25,810745
