timestamp,ltp,volume
2021-05-12 09:16:40,2381.75,19549
2021-05-12 09:16:41,2380.4,19602
2021-05-12 09:16:42,2380.0,19759
2021-05-12 09:16:43,2380.0,19822
2021-05-12 09:16:44,2379.15,19991
2021-05-12 09:16:45,2380.55,20017
2021-05-12 09:16:46,2380.55,20018
2021-05-12 09:16:47,2380.7,20200
2021-05-12 09:16:48,2379.3,20336
2021-05-12 09:16:49,2380.7,20374
2021-05-12 09:16:50,2380.8,20537
2021-05-12 09:16:51,2381.1,20545
2021-05-12 09:16:52,2380.45,21710
2021-05-12 09:16:53,2379.15,21812
2021-05-12 09:16:54,2379.0,21928
2021-05-12 09:16:55,2379.9,22040
2021-05-12 09:16:56,2381.2,22333
2021-05-12 09:16:57,2380.45,22343
2021-05-12 09:16:58,2380.6,22348
2021-05-12 09:16:59,2380.75,22484
2021-05-12 09:17:00,2381.1,22811
2021-05-12 09:17:01,2380.0,22930
2021-05-12 09:17:02,2380.0,22931
2021-05-12 09:17:03,2380.45,22947
2021-05-12 09:17:04,2381.1,24045
2021-05-12 09:17:05,2381.1,24119
2021-05-12 09:17:06,2379.85,24134
2021-05-12 09:17:07,2380.85,24136
2021-05-12 09:17:08,2380.9,24187
2021-05-12 09:17:09,2380.9,24198
2021-05-12 09:17:10,2380.05,24245
2021-05-12 09:17:11,2379.7,24483
2021-05-12 09:17:12,2379.7,24483
2021-05-12 09:17:13,2380.05,24497
2021-05-12 09:17:14,2379.55,24560
2021-05-12 09:17:15,2379.5,24713
2021-05-12 09:17:17,2380.05,24799
2021-05-12 09:17:16,2380.05,24799
2021-05-12 09:17:18,2379.75,27597
2021-05-12 09:17:19,2378.6,27719
2021-05-12 09:17:20,2378.45,28148
2021-05-12 09:17:21,2378.65,28152
2021-05-12 09:17:22,2378.6,28182
2021-05-12 09:17:23,2379.65,28412
2021-05-12 09:17:24,2378.3,28534
2021-05-12 09:17:25,2378.3,28534
2021-05-12 09:17:26,2379.15,28562
2021-05-12 09:17:27,2379.15,28562
2021-05-12 09:17:28,2378.6,28640
2021-05-12 09:17:29,2379.0,28691
2021-05-12 09:17:30,2378.3,29051
2021-05-12 09:17:31,2379.15,29596
2021-05-12 09:17:32,2379.25,29846
2021-05-12 09:17:33,2378.5,31662
2021-05-12 09:17:34,2378.5,31662
2021-05-12 09:17:35,2378.3,31683
2021-05-12 09:17:36,2378.3,31683
2021-05-12 09:17:37,2379.35,31687
2021-05-12 09:17:38,2377.8,31787
2021-05-12 09:17:39,2379.3,32526
2021-05-12 09:17:40,2379.75,32917
2021-05-12 09:17:41,2379.1,33496
2021-05-12 09:17:42,2379.1,33496
2021-05-12 09:17:43,2380.0,33528
2021-05-12 09:17:44,2380.0,33528
2021-05-12 09:17:45,2380.8,33898
2021-05-12 09:17:46,2381.55,33899
2021-05-12 09:17:47,2381.55,33909
2021-05-12 09:17:48,2382.2,34030
2021-05-12 09:17:49,2382.2,34030
2021-05-12 09:17:50,2382.2,34030
2021-05-12 09:17:51,2381.15,34031
2021-05-12 09:17:52,2381.15,34034
2021-05-12 09:17:53,2381.1,34151
2021-05-12 09:17:54,2381.55,34251
2021-05-12 09:17:55,2383.75,37363
2021-05-12 09:17:56,2382.2,37426
2021-05-12 09:17:57,2382.0,37429
2021-05-12 09:17:58,2381.2,37499
2021-05-12 09:17:59,2380.0,37624
2021-05-12 09:18:00,2379.35,37646
2021-05-12 09:18:01,2380.6,37669
2021-05-12 09:18:02,2380.05,37986
2021-05-12 09:18:03,2380.0,38108
2021-05-12 09:18:04,2379.95,38144
2021-05-12 09:18:06,2380.35,38572
2021-05-12 09:18:08,2379.2,38729
2021-05-12 09:18:09,2379.2,38790
2021-05-12 09:18:11,2378.3,38860
2021-05-12 09:18:12,2378.7,39132
2021-05-12 09:18:12,2378.7,39132
2021-05-12 09:18:13,2378.1,39313
2021-05-12 09:18:14,2378.95,39446
2021-05-12 09:18:15,2378.1,39914
2021-05-12 09:18:16,2379.7,40650
2021-05-12 09:18:17,2380.65,40666
2021-05-12 09:18:18,2380.65,40666
2021-05-12 09:18:19,2380.65,40672
2021-05-12 09:18:20,2379.75,40688
2021-05-12 09:18:21,2379.05,40712
2021-05-12 09:18:22,2379.7,40894
2021-05-12 09:18:23,2379.0,40931
2021-05-12 09:18:24,2379.55,40976
2021-05-12 09:18:26,2379.55,41061
2021-05-12 09:18:27,2378.9,41211
2021-05-12 09:18:27,2378.9,41211
2021-05-12 09:18:28,2378.9,41211
2021-05-12 09:18:29,2380.75,41379
2021-05-12 09:18:30,2380.75,41379
2021-05-12 09:18:31,2379.7,42211
2021-05-12 09:18:32,2379.7,42211
2021-05-12 09:18:33,2380.7,42212
2021-05-12 09:18:34,2379.6,42213
2021-05-12 09:18:35,2379.8,42291
2021-05-12 09:18:36,2379.55,42558
2021-05-12 09:18:37,2379.7,42678
2021-05-12 09:18:38,2379.7,42679
2021-05-12 09:18:39,2379.65,42730
2021-05-12 09:18:40,2379.0,42780
2021-05-12 09:18:41,2379.6,42785
2021-05-12 09:18:43,2379.55,43270
2021-05-12 09:18:43,2379.8,43420
2021-05-12 09:18:44,2379.75,43430
2021-05-12 09:18:45,2379.35,43469
2021-05-12 09:18:47,2379.35,43588
2021-05-12 09:18:48,2379.0,43604
2021-05-12 09:18:49,2379.0,43604
2021-05-12 09:18:50,2379.0,43605
2021-05-12 09:18:51,2379.0,43629
2021-05-12 09:18:52,2379.0,43660
2021-05-12 09:18:53,2379.0,43675
2021-05-12 09:18:54,2379.0,43678
2021-05-12 09:18:55,2378.0,43932
2021-05-12 09:18:56,2378.8,44019
2021-05-12 09:18:57,2377.4,44179
2021-05-12 09:18:58,2377.4,44179
2021-05-12 09:18:59,2378.85,44254
2021-05-12 09:19:00,2378.1,44256
2021-05-12 09:19:01,2378.95,44506
2021-05-12 09:19:02,2378.95,44671
2021-05-12 09:19:03,2378.95,44696
2021-05-12 09:19:04,2378.95,44716
2021-05-12 09:19:05,2379.35,44927
2021-05-12 09:19:06,2380.95,47390
2021-05-12 09:19:07,2380.5,47459
2021-05-12 09:19:08,2380.5,47459
2021-05-12 09:19:09,2380.45,47531
2021-05-12 09:19:10,2380.45,47531
2021-05-12 09:19:12,2380.45,47554
2021-05-12 09:19:13,2379.8,47555
2021-05-12 09:19:15,2380.65,47582
2021-05-12 09:19:15,2380.65,47582
2021-05-12 09:19:16,2380.0,47583
2021-05-12 09:19:17,2380.5,47608
2021-05-12 09:19:18,2380.45,47610
2021-05-12 09:19:19,2379.65,47649
2021-05-12 09:19:20,2380.3,47897
2021-05-12 09:19:21,2379.95,48005
2021-05-12 09:19:22,2379.95,48005
2021-05-12 09:19:23,2380.3,48006
2021-05-12 09:19:24,2380.3,48057
2021-05-12 09:19:25,2379.2,48137
2021-05-12 09:19:26,2379.05,48228
2021-05-12 09:19:27,2380.25,48275
2021-05-12 09:19:29,2380.25,48472
2021-05-12 09:19:29,2380.25,48472
2021-05-12 09:19:30,2380.05,48649
2021-05-12 09:19:31,2379.95,48660
2021-05-12 09:19:32,2379.95,48712
2021-05-12 09:19:33,2378.35,48740
2021-05-12 09:19:34,2379.2,48872
2021-05-12 09:19:35,2379.2,48882
2021-05-12 09:19:36,2379.95,50044
2021-05-12 09:19:37,2379.95,50151
2021-05-12 09:19:38,2378.7,50179
2021-05-12 09:19:39,2379.25,50212
2021-05-12 09:19:41,2379.25,50212
2021-05-12 09:19:42,2378.05,50329
2021-05-12 09:19:42,2378.0,50386
2021-05-12 09:19:43,2378.0,50488
2021-05-12 09:19:44,2378.0,50605
2021-05-12 09:19:45,2379.0,50905
2021-05-12 09:19:47,2378.0,50984
2021-05-12 09:19:48,2378.0,51203
2021-05-12 09:19:49,2378.0,51204
2021-05-12 09:19:50,2378.0,51329
2021-05-12 09:19:50,2377.3,51349
2021-05-12 09:19:51,2378.0,51481
2021-05-12 09:19:52,2377.15,51531
2021-05-12 09:19:53,2378.0,51559
2021-05-12 09:19:54,2378.0,51559
2021-05-12 09:19:55,2378.0,51661
2021-05-12 09:19:56,2378.0,51673
2021-05-12 09:19:57,2378.0,51789
2021-05-12 09:19:59,2376.5,54758
2021-05-12 09:19:59,2377.15,54760
2021-05-12 09:20:00,2376.0,55008
2021-05-12 09:20:01,2376.0,55032
2021-05-12 09:20:02,2376.75,55117
2021-05-12 09:20:03,2376.5,55185
2021-05-12 09:20:04,2376.4,55361
2021-05-12 09:20:05,2376.4,55414
2021-05-12 09:20:07,2376.4,55578
2021-05-12 09:20:08,2375.25,55613
2021-05-12 09:20:08,2375.25,55663
2021-05-12 09:20:10,2375.2,55742
2021-05-12 09:20:10,2375.2,55742
2021-05-12 09:20:11,2375.1,55872
2021-05-12 09:20:12,2375.9,55944
2021-05-12 09:20:13,2374.7,58005
2021-05-12 09:20:14,2372.85,58146
2021-05-12 09:20:15,2372.25,58338
2021-05-12 09:20:17,2372.65,58989
2021-05-12 09:20:18,2372.75,59009
2021-05-12 09:20:19,2374.0,59555
2021-05-12 09:20:20,2372.9,59610
2021-05-12 09:20:20,2372.9,59680
2021-05-12 09:20:21,2373.9,59783
2021-05-12 09:20:23,2373.55,59987
2021-05-12 09:20:24,2374.65,60087
2021-05-12 09:20:24,2373.2,60149
2021-05-12 09:20:25,2373.1,60210
2021-05-12 09:20:26,2374.3,60459
2021-05-12 09:20:27,2374.8,60926
2021-05-12 09:20:28,2375.5,61156
2021-05-12 09:20:29,2373.0,61652
2021-05-12 09:20:30,2374.0,61653
2021-05-12 09:20:31,2374.0,61654
2021-05-12 09:20:32,2374.0,61770
2021-05-12 09:20:33,2373.3,62225
2021-05-12 09:20:34,2374.5,62335
2021-05-12 09:20:35,2373.9,62336
2021-05-12 09:20:37,2373.4,62449
2021-05-12 09:20:37,2373.4,62449
2021-05-12 09:20:38,2374.0,62469
2021-05-12 09:20:39,2374.2,62474
2021-05-12 09:20:40,2374.2,62474
2021-05-12 09:20:41,2374.05,62679
2021-05-12 09:20:42,2373.5,62711
2021-05-12 09:20:43,2373.4,62721
2021-05-12 09:20:44,2373.1,62746
2021-05-12 09:20:45,2374.55,62844
2021-05-12 09:20:46,2374.55,62844
2021-05-12 09:20:47,2374.6,62879
2021-05-12 09:20:49,2375.0,62883
2021-05-12 09:20:51,2375.4,62908
2021-05-12 09:20:52,2375.45,62909
2021-05-12 09:20:53,2375.45,62909
2021-05-12 09:20:54,2375.45,62909
2021-05-12 09:20:56,2375.0,63045
2021-05-12 09:20:56,2375.0,63075
2021-05-12 09:20:59,2375.0,63295
2021-05-12 09:21:00,2375.8,63305
2021-05-12 09:21:01,2374.55,63350
2021-05-12 09:21:02,2374.55,63573
2021-05-12 09:21:03,2375.0,63598
2021-05-12 09:21:04,2375.1,63611
2021-05-12 09:21:05,2374.0,63826
2021-05-12 09:21:06,2374.35,63842
2021-05-12 09:21:07,2374.5,64061
2021-05-12 09:21:08,2374.25,64066
2021-05-12 09:21:09,2373.05,65429
2021-05-12 09:21:10,2374.2,65539
2021-05-12 09:21:11,2373.15,65634
2021-05-12 09:21:13,2373.75,65716
2021-05-12 09:21:14,2373.8,65983
2021-05-12 09:21:14,2373.8,66010
2021-05-12 09:21:16,2373.8,66020
2021-05-12 09:21:18,2373.75,66138
2021-05-12 09:21:19,2373.7,66139
2021-05-12 09:21:20,2373.7,66139
2021-05-12 09:21:20,2373.7,66139
2021-05-12 09:21:21,2372.5,66421
2021-05-12 09:21:22,2372.9,66500
2021-05-12 09:21:23,2373.35,66501
2021-05-12 09:21:25,2372.1,66650
2021-05-12 09:21:26,2373.35,66655
2021-05-12 09:21:27,2372.0,67022
2021-05-12 09:21:27,2372.75,67025
2021-05-12 09:21:28,2372.35,67225
2021-05-12 09:21:29,2371.4,67268
2021-05-12 09:21:30,2372.75,67278
2021-05-12 09:21:31,2372.75,67278
2021-05-12 09:21:32,2372.75,67369
2021-05-12 09:21:33,2372.7,67460
2021-05-12 09:21:34,2372.7,67506
2021-05-12 09:21:35,2372.0,67508
2021-05-12 09:21:36,2372.0,67519
2021-05-12 09:21:37,2370.7,68566
2021-05-12 09:21:38,2371.5,68748
2021-05-12 09:21:39,2371.5,68748
2021-05-12 09:21:40,2372.45,68858
2021-05-12 09:21:41,2372.0,69020
2021-05-12 09:21:42,2371.85,69109
2021-05-12 09:21:43,2371.15,70270
2021-05-12 09:21:44,2372.5,70322
2021-05-12 09:21:45,2371.75,70357
2021-05-12 09:21:46,2372.45,70435
2021-05-12 09:21:47,2372.5,70780
2021-05-12 09:21:48,2373.35,71011
2021-05-12 09:21:50,2372.75,71734
2021-05-12 09:21:51,2374.7,72024
2021-05-12 09:21:52,2374.45,72150
2021-05-12 09:21:53,2373.25,72204
2021-05-12 09:21:54,2374.2,72205
2021-05-12 09:21:55,2372.95,72254
2021-05-12 09:21:56,2373.9,72284
2021-05-12 09:21:57,2371.8,72841
2021-05-12 09:21:58,2371.35,72895
2021-05-12 09:21:59,2371.3,73052
2021-05-12 09:22:00,2371.3,73108
2021-05-12 09:22:01,2371.3,73248
2021-05-12 09:22:02,2370.25,73359
2021-05-12 09:22:03,2371.35,73393
2021-05-12 09:22:04,2371.35,73394
2021-05-12 09:22:05,2371.0,73404
2021-05-12 09:22:06,2371.2,73424
2021-05-12 09:22:07,2371.2,73463
2021-05-12 09:22:08,2371.0,73518
2021-05-12 09:22:09,2370.25,73644
2021-05-12 09:22:10,2370.25,73644
2021-05-12 09:22:12,2370.75,73666
2021-05-12 09:22:13,2370.75,73760
2021-05-12 09:22:14,2370.25,73965
2021-05-12 09:22:15,2371.35,73967
2021-05-12 09:22:16,2371.35,74300
2021-05-12 09:22:16,2371.35,74320
2021-05-12 09:22:17,2370.0,78417
2021-05-12 09:22:18,2371.0,78498
2021-05-12 09:22:19,2370.7,78575
2021-05-12 09:22:20,2372.0,78742
2021-05-12 09:22:21,2371.2,78924
2021-05-12 09:22:22,2371.1,79090
2021-05-12 09:22:23,2371.15,79140
2021-05-12 09:22:24,2371.35,79245
2021-05-12 09:22:25,2371.2,79300
2021-05-12 09:22:26,2373.0,79371
2021-05-12 09:22:27,2371.8,79431
2021-05-12 09:22:28,2371.25,79535
2021-05-12 09:22:29,2371.25,79535
2021-05-12 09:22:30,2372.3,79635
2021-05-12 09:22:31,2371.3,79701
2021-05-12 09:22:32,2372.5,79751
2021-05-12 09:22:33,2371.0,79801
2021-05-12 09:22:34,2372.0,79837
2021-05-12 09:22:35,2371.75,79991
2021-05-12 09:22:36,2371.75,80163
2021-05-12 09:22:37,2372.25,80292
2021-05-12 09:22:38,2372.55,80397
2021-05-12 09:22:39,2372.4,80462
2021-05-12 09:22:40,2372.4,80722
2021-05-12 09:22:41,2372.25,80729
2021-05-12 09:22:43,2371.05,81332
2021-05-12 09:22:44,2371.8,82561
2021-05-12 09:22:45,2371.8,82565
2021-05-12 09:22:45,2371.85,82623
2021-05-12 09:22:46,2371.8,82624
2021-05-12 09:22:47,2371.65,82739
2021-05-12 09:22:48,2370.75,83233
2021-05-12 09:22:49,2370.45,84529
2021-05-12 09:22:50,2370.25,84580
2021-05-12 09:22:51,2371.15,84602
2021-05-12 09:22:52,2371.0,84763
2021-05-12 09:22:53,2370.25,84824
2021-05-12 09:22:54,2371.05,84835
2021-05-12 09:22:55,2370.1,85257
2021-05-12 09:22:56,2371.55,85319
2021-05-12 09:22:57,2371.05,85500
2021-05-12 09:22:58,2371.0,85513
2021-05-12 09:22:59,2371.3,85519
2021-05-12 09:23:00,2371.3,85521
2021-05-12 09:23:01,2371.3,85521
2021-05-12 09:23:02,2371.3,85521
2021-05-12 09:23:03,2370.5,85556
2021-05-12 09:23:04,2370.3,86159
2021-05-12 09:23:06,2370.9,86160
2021-05-12 09:23:07,2370.8,86272
2021-05-12 09:23:08,2370.05,86552
2021-05-12 09:23:09,2370.1,86713
2021-05-12 09:23:10,2371.35,86833
2021-05-12 09:23:11,2371.8,87103
2021-05-12 09:23:12,2371.6,87183
2021-05-12 09:23:13,2371.55,87451
2021-05-12 09:23:14,2371.4,87470
2021-05-12 09:23:17,2370.85,87579
2021-05-12 09:23:17,2371.7,87580
2021-05-12 09:23:18,2370.8,87612
2021-05-12 09:23:19,2371.55,87629
2021-05-12 09:23:20,2370.8,87791
2021-05-12 09:23:21,2371.3,87892
2021-05-12 09:23:22,2370.75,88108
2021-05-12 09:23:23,2371.0,88165
2021-05-12 09:23:24,2372.0,88388
2021-05-12 09:23:25,2371.2,88398
2021-05-12 09:23:26,2371.2,88398
2021-05-12 09:23:27,2371.2,88449
2021-05-12 09:23:28,2372.0,89022
2021-05-12 09:23:29,2372.0,89676
2021-05-12 09:23:30,2372.3,89733
2021-05-12 09:23:31,2372.3,89751
2021-05-12 09:23:32,2371.7,89805
2021-05-12 09:23:34,2372.3,89872
2021-05-12 09:23:35,2372.0,89924
2021-05-12 09:23:36,2372.3,89935
2021-05-12 09:23:37,2372.0,89947
2021-05-12 09:23:38,2371.4,89991
2021-05-12 09:23:39,2372.55,90361
2021-05-12 09:23:40,2372.4,90421
2021-05-12 09:23:40,2372.0,90424
2021-05-12 09:23:41,2372.0,90424
2021-05-12 09:23:42,2372.0,90475
2021-05-12 09:23:43,2372.0,90501
2021-05-12 09:23:44,2372.0,90506
2021-05-12 09:23:45,2371.95,90517
2021-05-12 09:23:46,2372.0,90547
2021-05-12 09:23:47,2371.05,90577
2021-05-12 09:23:48,2372.0,90579
2021-05-12 09:23:49,2372.0,90603
2021-05-12 09:23:50,2371.25,90650
2021-05-12 09:23:51,2371.25,90670
2021-05-12 09:23:52,2371.95,90700
2021-05-12 09:23:53,2371.0,90727
2021-05-12 09:23:54,2371.9,90732
2021-05-12 09:23:55,2371.0,90753
2021-05-12 09:23:56,2371.95,90854
2021-05-12 09:23:57,2371.0,90872
2021-05-12 09:23:58,2371.05,90877
2021-05-12 09:23:59,2371.3,90902
2021-05-12 09:24:00,2371.05,90910
2021-05-12 09:24:01,2371.25,90945
2021-05-12 09:24:02,2371.3,91004
2021-05-12 09:24:03,2371.3,91014
2021-05-12 09:24:04,2371.3,91014
2021-05-12 09:24:05,2371.3,91051
2021-05-12 09:24:06,2371.3,91067
2021-05-12 09:24:07,2371.0,91134
2021-05-12 09:24:08,2371.3,91135
2021-05-12 09:24:09,2370.95,92201
2021-05-12 09:24:10,2370.95,92212
2021-05-12 09:24:11,2371.0,92360
2021-05-12 09:24:12,2371.0,92440
2021-05-12 09:24:13,2370.3,92591
2021-05-12 09:24:14,2370.05,92600
2021-05-12 09:24:15,2370.0,94190
2021-05-12 09:24:16,2369.0,94243
2021-05-12 09:24:17,2369.0,94293
2021-05-12 09:24:18,2368.75,94306
2021-05-12 09:24:19,2368.5,94521
2021-05-12 09:24:20,2368.4,94569
2021-05-12 09:24:21,2368.0,94948
2021-05-12 09:24:22,2368.3,95062
2021-05-12 09:24:23,2367.8,95239
2021-05-12 09:24:24,2368.3,95352
2021-05-12 09:24:25,2368.95,95611
2021-05-12 09:24:26,2368.95,95670
2021-05-12 09:24:27,2368.9,95720
2021-05-12 09:24:29,2368.9,95843
2021-05-12 09:24:31,2368.9,95853
2021-05-12 09:24:32,2368.9,96353
2021-05-12 09:24:33,2367.45,96458
2021-05-12 09:24:34,2368.45,96493
2021-05-12 09:24:35,2368.1,96586
2021-05-12 09:24:36,2368.1,96586
2021-05-12 09:24:37,2368.0,96774
2021-05-12 09:24:38,2368.2,96780
2021-05-12 09:24:39,2368.2,96780
2021-05-12 09:24:40,2367.25,96866
2021-05-12 09:24:42,2368.3,96910
2021-05-12 09:24:43,2368.3,96924
2021-05-12 09:24:44,2367.1,97049
2021-05-12 09:24:45,2367.1,97049
2021-05-12 09:24:45,2368.1,97056
2021-05-12 09:24:46,2368.1,97056
2021-05-12 09:24:47,2368.1,97140
2021-05-12 09:24:48,2367.65,97496
2021-05-12 09:24:49,2368.1,97602
2021-05-12 09:24:50,2367.75,98014
2021-05-12 09:24:51,2367.9,98184
2021-05-12 09:24:52,2367.7,98448
2021-05-12 09:24:53,2367.5,98497
2021-05-12 09:24:55,2367.5,98793
2021-05-12 09:24:57,2368.15,99135
2021-05-12 09:24:57,2369.6,99205
2021-05-12 09:24:58,2369.65,99206
2021-05-12 09:24:59,2369.65,99217
2021-05-12 09:25:00,2370.3,99905
2021-05-12 09:25:01,2369.4,99908
2021-05-12 09:25:03,2369.4,99963
2021-05-12 09:25:04,2370.5,99983
2021-05-12 09:25:05,2370.35,99984
2021-05-12 09:25:06,2370.0,100086
2021-05-12 09:25:07,2369.4,100136
2021-05-12 09:25:08,2369.3,100184
2021-05-12 09:25:08,2369.3,100184
2021-05-12 09:25:09,2369.25,100194
2021-05-12 09:25:10,2369.25,100194
2021-05-12 09:25:11,2370.0,100195
2021-05-12 09:25:13,2370.0,100264
2021-05-12 09:25:14,2369.25,100265
2021-05-12 09:25:15,2370.0,100316
2021-05-12 09:25:16,2369.35,100373
2021-05-12 09:25:17,2369.25,100428
2021-05-12 09:25:18,2369.95,100454
2021-05-12 09:25:19,2369.85,100621
2021-05-12 09:25:20,2369.8,100630
2021-05-12 09:25:21,2367.5,102444
2021-05-12 09:25:22,2367.9,102613
2021-05-12 09:25:23,2367.9,102614
2021-05-12 09:25:24,2367.1,102688
2021-05-12 09:25:25,2367.9,102734
2021-05-12 09:25:26,2367.9,102748
2021-05-12 09:25:27,2367.1,103172
2021-05-12 09:25:28,2367.1,103208
2021-05-12 09:25:29,2367.1,103211
2021-05-12 09:25:30,2367.85,103286
2021-05-12 09:25:30,2367.85,103287
2021-05-12 09:25:31,2367.8,103418
2021-05-12 09:25:32,2367.85,103676
2021-05-12 09:25:33,2367.6,104635
2021-05-12 09:25:34,2367.75,104737
2021-05-12 09:25:35,2367.75,104737
2021-05-12 09:25:37,2367.85,105072
2021-05-12 09:25:38,2367.85,105072
2021-05-12 09:25:39,2367.85,105283
2021-05-12 09:25:40,2368.95,105303
2021-05-12 09:25:41,2368.95,105304
2021-05-12 09:25:42,2368.4,105309
2021-05-12 09:25:43,2367.85,105370
2021-05-12 09:25:44,2368.9,105381
2021-05-12 09:25:45,2368.9,105447
2021-05-12 09:25:46,2368.05,105450
2021-05-12 09:25:47,2367.85,105502
2021-05-12 09:25:48,2368.9,105546
2021-05-12 09:25:49,2368.6,105596
2021-05-12 09:25:50,2369.5,105597
2021-05-12 09:25:51,2368.65,105608
2021-05-12 09:25:52,2368.4,105663
2021-05-12 09:25:53,2368.4,105663
2021-05-12 09:25:54,2369.5,105761
2021-05-12 09:25:55,2369.5,105779
2021-05-12 09:25:56,2369.6,105787
2021-05-12 09:25:57,2369.6,105798
2021-05-12 09:25:58,2369.0,105840
2021-05-12 09:25:59,2369.6,105855
2021-05-12 09:26:00,2369.6,105867
2021-05-12 09:26:01,2369.6,105867
2021-05-12 09:26:02,2369.6,105915
2021-05-12 09:26:03,2369.6,105915
2021-05-12 09:26:04,2369.6,105916
2021-05-12 09:26:05,2369.6,105918
2021-05-12 09:26:06,2369.6,105920
2021-05-12 09:26:07,2368.65,105952
2021-05-12 09:26:08,2369.6,106153
2021-05-12 09:26:09,2370.0,106253
2021-05-12 09:26:10,2370.0,106253
2021-05-12 09:26:11,2369.6,106254
2021-05-12 09:26:12,2368.65,106403
2021-05-12 09:26:13,2369.6,106417
2021-05-12 09:26:14,2369.6,106432
2021-05-12 09:26:15,2369.6,106534
2021-05-12 09:26:16,2368.65,106540
2021-05-12 09:26:17,2368.7,106560
2021-05-12 09:26:18,2369.75,106680
2021-05-12 09:26:19,2369.75,106682
2021-05-12 09:26:20,2369.0,106722
2021-05-12 09:26:21,2369.0,106747
2021-05-12 09:26:22,2368.4,106798
2021-05-12 09:26:23,2369.0,106828
2021-05-12 09:26:24,2369.0,106857
2021-05-12 09:26:25,2369.0,106863
2021-05-12 09:26:26,2368.55,107053
2021-05-12 09:26:27,2368.35,107102
2021-05-12 09:26:28,2369.0,107147
2021-05-12 09:26:28,2369.6,107172
2021-05-12 09:26:30,2369.0,107173
2021-05-12 09:26:31,2369.0,107174
2021-05-12 09:26:33,2369.8,107309
2021-05-12 09:26:34,2369.8,107309
2021-05-12 09:26:35,2368.55,107609
2021-05-12 09:26:36,2368.55,107609
2021-05-12 09:26:37,2369.8,107687
2021-05-12 09:26:39,2369.45,107737
2021-05-12 09:26:40,2369.05,107749
2021-05-12 09:26:41,2369.05,107749
2021-05-12 09:26:43,2369.0,107830
2021-05-12 09:26:44,2371.25,110380
2021-05-12 09:26:45,2369.8,110396
2021-05-12 09:26:46,2369.85,110397
2021-05-12 09:26:47,2370.5,110463
2021-05-12 09:26:48,2369.8,110481
2021-05-12 09:26:49,2369.45,110485
2021-05-12 09:26:50,2368.2,110678
2021-05-12 09:26:51,2368.5,110778
2021-05-12 09:26:52,2367.6,111523
2021-05-12 09:26:53,2367.95,111581
2021-05-12 09:26:54,2368.5,111874
2021-05-12 09:26:55,2367.15,111949
2021-05-12 09:26:56,2367.8,111950
2021-05-12 09:26:57,2367.15,112073
2021-05-12 09:26:58,2366.85,112703
2021-05-12 09:26:59,2366.8,112725
2021-05-12 09:27:00,2366.8,112788
2021-05-12 09:27:01,2366.8,112795
2021-05-12 09:27:02,2366.8,112857
2021-05-12 09:27:03,2366.25,112984
2021-05-12 09:27:04,2366.8,113045
2021-05-12 09:27:05,2366.2,113057
2021-05-12 09:27:06,2366.1,113303
2021-05-12 09:27:07,2366.8,113415
2021-05-12 09:27:08,2366.4,113489
2021-05-12 09:27:09,2366.3,113490
2021-05-12 09:27:10,2367.6,113591
2021-05-12 09:27:11,2366.2,113691
2021-05-12 09:27:12,2367.55,113794
2021-05-12 09:27:13,2366.85,113795
2021-05-12 09:27:14,2367.2,113968
2021-05-12 09:27:15,2367.2,113968
2021-05-12 09:27:16,2367.1,113970
2021-05-12 09:27:17,2366.8,113977
2021-05-12 09:27:18,2366.1,114161
2021-05-12 09:27:19,2367.05,114217
2021-05-12 09:27:20,2366.1,114297
2021-05-12 09:27:21,2366.6,114332
2021-05-12 09:27:22,2366.6,114378
2021-05-12 09:27:23,2366.6,114452
2021-05-12 09:27:24,2366.6,114458
2021-05-12 09:27:25,2367.4,114733
2021-05-12 09:27:26,2369.0,114763
2021-05-12 09:27:27,2369.8,114930
2021-05-12 09:27:28,2369.9,115935
2021-05-12 09:27:29,2369.75,115939
2021-05-12 09:27:30,2368.65,116094
2021-05-12 09:27:31,2368.65,116136
2021-05-12 09:27:32,2369.8,116216
2021-05-12 09:27:33,2369.0,116221
2021-05-12 09:27:34,2368.75,116247
2021-05-12 09:27:35,2369.0,116346
2021-05-12 09:27:36,2369.6,116361
2021-05-12 09:27:37,2369.6,116362
2021-05-12 09:27:38,2369.6,116377
2021-05-12 09:27:39,2369.0,116389
2021-05-12 09:27:40,2369.0,116389
2021-05-12 09:27:41,2369.1,116394
2021-05-12 09:27:42,2368.5,116399
2021-05-12 09:27:43,2368.65,116409
2021-05-12 09:27:44,2367.65,116593
2021-05-12 09:27:46,2368.65,116654
2021-05-12 09:27:47,2367.5,116704
2021-05-12 09:27:48,2367.5,116704
2021-05-12 09:27:49,2368.6,116744
2021-05-12 09:27:50,2368.95,116946
2021-05-12 09:27:51,2368.95,116946
2021-05-12 09:27:52,2367.8,116980
2021-05-12 09:27:53,2368.6,116981
2021-05-12 09:27:54,2368.0,117063
2021-05-12 09:27:55,2368.8,117141
2021-05-12 09:27:56,2368.8,117271
2021-05-12 09:27:57,2368.7,117726
2021-05-12 09:27:58,2369.0,117784
2021-05-12 09:27:59,2367.8,117786
2021-05-12 09:28:00,2367.8,117786
2021-05-12 09:28:01,2368.5,117887
2021-05-12 09:28:02,2368.5,118027
2021-05-12 09:28:03,2368.75,118143
2021-05-12 09:28:04,2367.9,120673
2021-05-12 09:28:05,2367.9,120691
2021-05-12 09:28:06,2367.9,120701
2021-05-12 09:28:07,2366.75,120751
2021-05-12 09:28:08,2366.45,120802
2021-05-12 09:28:09,2367.15,120916
2021-05-12 09:28:10,2367.15,120926
2021-05-12 09:28:11,2367.15,121029
2021-05-12 09:28:12,2366.1,121255
2021-05-12 09:28:13,2366.1,121310
2021-05-12 09:28:14,2366.0,122207
2021-05-12 09:28:15,2366.5,122321
2021-05-12 09:28:16,2366.5,122376
2021-05-12 09:28:18,2365.9,122524
2021-05-12 09:28:19,2367.0,122809
2021-05-12 09:28:20,2367.0,122810
2021-05-12 09:28:21,2366.05,122827
2021-05-12 09:28:22,2366.9,123106
2021-05-12 09:28:23,2366.9,123106
2021-05-12 09:28:24,2366.85,123317
2021-05-12 09:28:25,2365.65,123483
2021-05-12 09:28:26,2365.65,123483
2021-05-12 09:28:27,2365.55,123533
2021-05-12 09:28:28,2366.85,123614
2021-05-12 09:28:29,2366.8,123616
2021-05-12 09:28:30,2365.6,123684
2021-05-12 09:28:31,2366.8,123714
2021-05-12 09:28:32,2365.6,123777
2021-05-12 09:28:33,2366.8,123782
2021-05-12 09:28:34,2366.6,123812
2021-05-12 09:28:35,2366.6,123864
2021-05-12 09:28:36,2366.6,123867
2021-05-12 09:28:37,2366.8,123948
2021-05-12 09:28:38,2366.8,123948
2021-05-12 09:28:39,2366.8,123948
2021-05-12 09:28:40,2366.45,123969
2021-05-12 09:28:41,2366.45,123980
2021-05-12 09:28:42,2366.45,123986
2021-05-12 09:28:43,2366.15,124020
2021-05-12 09:28:44,2366.15,124022
2021-05-12 09:28:46,2367.25,124234
2021-05-12 09:28:45,2367.25,124234
2021-05-12 09:28:47,2366.65,124266
2021-05-12 09:28:48,2366.55,124285
2021-05-12 09:28:49,2366.4,124390
2021-05-12 09:28:50,2366.4,124390
2021-05-12 09:28:51,2367.8,124406
2021-05-12 09:28:52,2366.4,124456
2021-05-12 09:28:53,2366.0,124642
2021-05-12 09:28:55,2367.0,124768
2021-05-12 09:28:56,2367.0,124786
2021-05-12 09:28:57,2366.4,124796
2021-05-12 09:28:58,2366.0,124816
2021-05-12 09:28:59,2367.0,124898
2021-05-12 09:29:00,2367.0,124998
2021-05-12 09:29:01,2367.0,127530
2021-05-12 09:29:02,2367.0,127530
2021-05-12 09:29:03,2367.0,127530
2021-05-12 09:29:04,2367.0,127530
2021-05-12 09:29:05,2367.15,127638
2021-05-12 09:29:06,2368.3,127653
2021-05-12 09:29:07,2368.3,127754
2021-05-12 09:29:08,2367.1,127804
2021-05-12 09:29:09,2368.25,127856
2021-05-12 09:29:10,2368.25,127857
2021-05-12 09:29:11,2367.1,127945
2021-05-12 09:29:12,2368.0,128045
2021-05-12 09:29:13,2368.0,128045
2021-05-12 09:29:14,2367.95,128076
2021-05-12 09:29:15,2367.95,128088
2021-05-12 09:29:16,2367.1,128133
2021-05-12 09:29:17,2367.1,128205
2021-05-12 09:29:18,2367.0,128498
2021-05-12 09:29:19,2367.0,128672
2021-05-12 09:29:20,2367.6,128873
2021-05-12 09:29:21,2367.6,128974
2021-05-12 09:29:23,2367.0,129034
2021-05-12 09:29:24,2367.15,129079
2021-05-12 09:29:25,2367.15,129084
2021-05-12 09:29:26,2367.15,129086
2021-05-12 09:29:27,2367.1,129199
2021-05-12 09:29:29,2367.1,129199
2021-05-12 09:29:29,2367.15,129278
2021-05-12 09:29:31,2367.0,129516
2021-05-12 09:29:32,2367.15,129521
2021-05-12 09:29:34,2367.1,129610
2021-05-12 09:29:34,2367.1,129610
2021-05-12 09:29:35,2367.0,129746
2021-05-12 09:29:36,2367.0,129746
2021-05-12 09:29:37,2367.15,129894
2021-05-12 09:29:38,2367.0,130477
2021-05-12 09:29:39,2367.1,130481
2021-05-12 09:29:40,2367.1,130588
2021-05-12 09:29:41,2367.05,130698
2021-05-12 09:29:42,2367.05,130698
2021-05-12 09:29:43,2366.0,130819
2021-05-12 09:29:44,2366.1,130883
2021-05-12 09:29:45,2364.9,133936
2021-05-12 09:29:46,2364.5,133974
2021-05-12 09:29:47,2364.9,134010
2021-05-12 09:29:48,2365.85,134114
2021-05-12 09:29:49,2364.5,134190
2021-05-12 09:29:51,2364.5,134217
2021-05-12 09:29:51,2364.5,134238
2021-05-12 09:29:52,2364.1,134891
2021-05-12 09:29:53,2363.1,134942
2021-05-12 09:29:54,2363.85,135070
2021-05-12 09:29:55,2363.8,135117
2021-05-12 09:29:57,2363.8,135668
2021-05-12 09:29:56,2363.8,135222
2021-05-12 09:29:58,2364.5,135747
2021-05-12 09:29:59,2364.4,135836
2021-05-12 09:30:00,2364.5,136242
2021-05-12 09:30:01,2365.45,136261
2021-05-12 09:30:03,2364.5,136311
2021-05-12 09:30:04,2364.05,136362
2021-05-12 09:30:05,2364.4,136414
2021-05-12 09:30:06,2364.4,136708
2021-05-12 09:30:07,2364.05,136741
2021-05-12 09:30:08,2364.7,136863
2021-05-12 09:30:09,2364.5,136879
2021-05-12 09:30:10,2364.5,137032
2021-05-12 09:30:11,2363.85,138027
2021-05-12 09:30:12,2363.0,138599
2021-05-12 09:30:13,2362.7,138957
2021-05-12 09:30:14,2363.3,139051
2021-05-12 09:30:16,2363.3,139165
2021-05-12 09:30:17,2362.2,139271
2021-05-12 09:30:18,2363.05,139441
2021-05-12 09:30:19,2363.0,139522
2021-05-12 09:30:20,2362.7,139526
2021-05-12 09:30:21,2363.0,139657
2021-05-12 09:30:22,2362.05,139820
2021-05-12 09:30:23,2362.0,140428
2021-05-12 09:30:24,2362.0,140625
2021-05-12 09:30:25,2362.75,140633
2021-05-12 09:30:26,2362.65,140775
2021-05-12 09:30:27,2362.0,140916
2021-05-12 09:30:28,2362.6,145352
2021-05-12 09:30:29,2362.7,145403
2021-05-12 09:30:30,2362.8,145439
2021-05-12 09:30:31,2363.4,146164
2021-05-12 09:30:32,2362.4,146486
2021-05-12 09:30:33,2363.0,146546
2021-05-12 09:30:34,2362.4,146578
2021-05-12 09:30:35,2362.35,146628
2021-05-12 09:30:37,2362.3,146912
2021-05-12 09:30:38,2363.2,147033
2021-05-12 09:30:39,2364.0,147189
2021-05-12 09:30:40,2363.65,147316
2021-05-12 09:30:41,2365.0,147428
2021-05-12 09:30:42,2364.0,147489
2021-05-12 09:30:43,2365.0,147804
2021-05-12 09:30:44,2365.55,147834
2021-05-12 09:30:48,2365.65,148639
2021-05-12 09:30:50,2365.65,148729
2021-05-12 09:30:50,2367.0,149039
2021-05-12 09:30:51,2367.1,149068
2021-05-12 09:30:52,2367.1,149445
2021-05-12 09:30:53,2368.0,149588
2021-05-12 09:30:54,2367.65,150634
2021-05-12 09:30:56,2367.95,150922
2021-05-12 09:30:57,2367.95,150981
2021-05-12 09:30:58,2366.2,151052
2021-05-12 09:30:59,2367.4,151489
2021-05-12 09:31:00,2367.9,151641
2021-05-12 09:31:01,2366.55,151690
2021-05-12 09:31:02,2366.8,151740
2021-05-12 09:31:03,2368.0,153471
2021-05-12 09:31:04,2367.0,153498
2021-05-12 09:31:05,2368.55,153598
2021-05-12 09:31:07,2366.95,153860
2021-05-12 09:31:09,2368.25,153864
2021-05-12 09:31:10,2366.4,153926
2021-05-12 09:31:11,2365.0,153972
2021-05-12 09:31:12,2365.75,153992
2021-05-12 09:31:13,2365.15,154142
2021-05-12 09:31:14,2365.05,154221
2021-05-12 09:31:15,2365.05,154221
2021-05-12 09:31:16,2365.75,154226
2021-05-12 09:31:17,2365.6,154275
2021-05-12 09:31:18,2365.6,154275
2021-05-12 09:31:19,2365.6,154295
2021-05-12 09:31:20,2365.0,154313
2021-05-12 09:31:21,2365.6,154314
2021-05-12 09:31:22,2365.6,154345
2021-05-12 09:31:23,2365.6,154405
2021-05-12 09:31:24,2365.6,154415
2021-05-12 09:31:25,2365.0,154473
2021-05-12 09:31:26,2365.55,154474
2021-05-12 09:31:27,2365.0,154499
2021-05-12 09:31:28,2365.0,154545
2021-05-12 09:31:29,2365.0,154551
2021-05-12 09:31:30,2365.0,154572
2021-05-12 09:31:31,2364.8,154590
2021-05-12 09:31:33,2364.65,154670
2021-05-12 09:31:34,2365.0,155104
2021-05-12 09:31:35,2365.0,155115
2021-05-12 09:31:36,2365.2,155121
2021-05-12 09:31:36,2365.9,155503
2021-05-12 09:31:37,2365.55,155559
2021-05-12 09:31:38,2367.3,155659
2021-05-12 09:31:40,2367.1,155664
2021-05-12 09:31:41,2367.05,155714
2021-05-12 09:31:43,2365.8,155787
2021-05-12 09:31:45,2367.45,155976
2021-05-12 09:31:46,2367.2,155981
2021-05-12 09:31:47,2365.9,156014
2021-05-12 09:31:48,2366.8,156015
2021-05-12 09:31:49,2366.8,156015
2021-05-12 09:31:52,2366.9,156286
2021-05-12 09:31:53,2365.55,156306
2021-05-12 09:31:54,2365.6,156309
2021-05-12 09:31:55,2366.4,156341
2021-05-12 09:31:56,2366.4,156342
2021-05-12 09:31:57,2365.55,156382
2021-05-12 09:31:58,2366.4,156394
2021-05-12 09:31:59,2366.4,156394
2021-05-12 09:32:01,2366.0,156994
2021-05-12 09:32:02,2366.4,157015
2021-05-12 09:32:03,2366.4,157015
2021-05-12 09:32:04,2366.0,157186
2021-05-12 09:32:05,2366.0,157191
2021-05-12 09:32:06,2366.0,157226
2021-05-12 09:32:07,2366.4,157306
2021-05-12 09:32:08,2365.25,157342
2021-05-12 09:32:09,2365.15,157458
2021-05-12 09:32:10,2365.25,157459
2021-05-12 09:32:11,2365.9,157560
2021-05-12 09:32:12,2365.8,157563
2021-05-12 09:32:13,2365.55,157609
2021-05-12 09:32:14,2365.55,157620
2021-05-12 09:32:15,2366.55,157730
2021-05-12 09:32:16,2366.7,157756
2021-05-12 09:32:17,2366.4,157757
2021-05-12 09:32:18,2366.8,157771
2021-05-12 09:32:19,2366.4,157824
2021-05-12 09:32:20,2365.9,157829
2021-05-12 09:32:21,2365.9,157852
2021-05-12 09:32:22,2366.4,157898
2021-05-12 09:32:23,2366.4,157899
2021-05-12 09:32:24,2366.4,157914
2021-05-12 09:32:25,2366.4,157926
2021-05-12 09:32:26,2366.4,157982
2021-05-12 09:32:27,2366.0,157996
2021-05-12 09:32:28,2366.35,157997
2021-05-12 09:32:29,2366.35,158009
2021-05-12 09:32:30,2366.35,158022
2021-05-12 09:32:31,2366.35,158023
2021-05-12 09:32:32,2365.4,158055
2021-05-12 09:32:33,2366.35,158060
2021-05-12 09:32:34,2366.35,158098
2021-05-12 09:32:35,2366.35,158109
2021-05-12 09:32:36,2365.7,158160
2021-05-12 09:32:37,2366.35,158266
2021-05-12 09:32:38,2366.35,158293
2021-05-12 09:32:39,2366.35,158293
2021-05-12 09:32:40,2366.15,158299
2021-05-12 09:32:41,2366.15,158300
2021-05-12 09:32:42,2366.0,158325
2021-05-12 09:32:43,2365.95,158430
2021-05-12 09:32:44,2366.0,158462
2021-05-12 09:32:47,2365.0,158520
2021-05-12 09:32:48,2364.0,162230
2021-05-12 09:32:49,2364.6,162240
2021-05-12 09:32:51,2364.1,162630
2021-05-12 09:32:52,2363.75,162685
2021-05-12 09:32:52,2363.75,162685
2021-05-12 09:32:53,2363.55,162794
2021-05-12 09:32:55,2363.0,163016
2021-05-12 09:32:55,2363.55,163021
2021-05-12 09:32:56,2363.55,163079
2021-05-12 09:32:57,2363.55,163163
2021-05-12 09:32:58,2363.55,163174
2021-05-12 09:32:59,2362.6,163226
2021-05-12 09:33:00,2363.55,163271
2021-05-12 09:33:01,2363.55,163340
2021-05-12 09:33:02,2363.55,163340
2021-05-12 09:33:03,2363.55,163340
2021-05-12 09:33:04,2363.55,163348
2021-05-12 09:33:05,2363.55,163349
2021-05-12 09:33:06,2363.65,163496
2021-05-12 09:33:07,2363.65,163541
2021-05-12 09:33:08,2363.65,163660
2021-05-12 09:33:09,2363.65,163670
2021-05-12 09:33:10,2363.65,163684
2021-05-12 09:33:11,2363.5,163740
2021-05-12 09:33:12,2364.6,163945
2021-05-12 09:33:13,2364.8,164040
2021-05-12 09:33:14,2364.9,164044
2021-05-12 09:33:15,2363.65,164178
2021-05-12 09:33:16,2364.7,164181
2021-05-12 09:33:17,2363.65,164225
2021-05-12 09:33:18,2363.65,164225
2021-05-12 09:33:19,2364.6,164226
2021-05-12 09:33:20,2364.6,164226
2021-05-12 09:33:22,2364.6,164243
2021-05-12 09:33:23,2364.6,164256
2021-05-12 09:33:27,2364.25,164633
2021-05-12 09:33:28,2364.25,164695
2021-05-12 09:33:29,2364.25,164801
2021-05-12 09:33:30,2364.95,164804
2021-05-12 09:33:31,2364.95,164804
2021-05-12 09:33:32,2364.9,164810
2021-05-12 09:33:33,2364.9,164846
2021-05-12 09:33:34,2364.9,164848
2021-05-12 09:33:36,2364.9,164880
2021-05-12 09:33:37,2364.9,164922
2021-05-12 09:33:38,2365.2,165085
2021-05-12 09:33:39,2364.5,165279
2021-05-12 09:33:40,2364.5,165279
2021-05-12 09:33:41,2364.5,165358
2021-05-12 09:33:42,2364.6,166009
2021-05-12 09:33:44,2364.5,166095
2021-05-12 09:33:45,2364.65,166098
2021-05-12 09:33:47,2364.65,166112
2021-05-12 09:33:48,2363.5,166189
2021-05-12 09:33:49,2364.5,166261
2021-05-12 09:33:50,2364.55,166301
2021-05-12 09:33:51,2364.5,166305
2021-05-12 09:33:52,2364.5,166312
2021-05-12 09:33:54,2364.5,166320
2021-05-12 09:33:55,2364.5,166375
2021-05-12 09:33:56,2364.45,166385
2021-05-12 09:33:58,2364.9,166485
2021-05-12 09:33:59,2364.5,166508
2021-05-12 09:34:00,2364.5,166642
2021-05-12 09:34:01,2364.5,166652
2021-05-12 09:34:02,2364.5,166721
2021-05-12 09:34:03,2364.5,166743
2021-05-12 09:34:04,2365.35,166793
2021-05-12 09:34:05,2365.4,166815
2021-05-12 09:34:06,2364.9,166833
2021-05-12 09:34:07,2364.9,166833
2021-05-12 09:34:08,2364.9,166855
2021-05-12 09:34:09,2365.4,166890
2021-05-12 09:34:10,2365.45,166915
2021-05-12 09:34:10,2365.5,166898
2021-05-12 09:34:11,2365.45,166915
2021-05-12 09:34:12,2365.45,166925
2021-05-12 09:34:13,2365.45,166925
2021-05-12 09:34:14,2365.5,166935
2021-05-12 09:34:15,2365.45,166952
2021-05-12 09:34:16,2365.45,166962
2021-05-12 09:34:17,2365.0,166966
2021-05-12 09:34:18,2365.0,166966
2021-05-12 09:34:19,2364.45,167272
2021-05-12 09:34:20,2364.45,167859
2021-05-12 09:34:21,2364.45,167859
2021-05-12 09:34:23,2364.3,167940
2021-05-12 09:34:24,2363.5,167941
2021-05-12 09:34:25,2364.0,168015
2021-05-12 09:34:25,2364.0,168015
2021-05-12 09:34:26,2364.0,168100
2021-05-12 09:34:27,2363.0,168103
2021-05-12 09:34:29,2363.35,168208
2021-05-12 09:34:29,2363.3,168235
2021-05-12 09:34:30,2363.0,168262
2021-05-12 09:34:32,2362.4,168379
2021-05-12 09:34:32,2362.75,168380
2021-05-12 09:34:34,2362.35,169721
2021-05-12 09:34:34,2362.55,169786
2021-05-12 09:34:35,2362.65,169802
2021-05-12 09:34:37,2362.95,169919
2021-05-12 09:34:37,2361.5,169962
2021-05-12 09:34:38,2361.0,170065
2021-05-12 09:34:39,2361.0,170295
2021-05-12 09:34:40,2361.8,170320
2021-05-12 09:34:42,2361.0,170376
2021-05-12 09:34:43,2361.8,170388
2021-05-12 09:34:44,2361.8,170467
2021-05-12 09:34:45,2363.0,170735
2021-05-12 09:34:46,2362.7,170746
2021-05-12 09:34:47,2362.9,170771
2021-05-12 09:34:47,2361.6,170776
2021-05-12 09:34:48,2361.5,170818
2021-05-12 09:34:49,2362.35,171450
2021-05-12 09:34:51,2362.7,171473
2021-05-12 09:34:51,2361.5,171545
2021-05-12 09:34:53,2362.65,171623
2021-05-12 09:34:54,2362.65,171639
2021-05-12 09:34:55,2362.0,171664
2021-05-12 09:34:56,2362.05,171685
2021-05-12 09:34:57,2361.75,171886
2021-05-12 09:34:58,2361.75,171886
2021-05-12 09:34:59,2361.75,171886
2021-05-12 09:35:00,2361.9,171935
2021-05-12 09:35:01,2361.9,171951
2021-05-12 09:35:02,2362.65,172041
2021-05-12 09:35:03,2361.6,172044
2021-05-12 09:35:04,2362.5,172055
2021-05-12 09:35:05,2362.5,172171
2021-05-12 09:35:07,2363.0,172353
2021-05-12 09:35:08,2363.0,172401
2021-05-12 09:35:09,2362.5,172503
2021-05-12 09:35:10,2362.5,172535
2021-05-12 09:35:12,2361.9,172855
2021-05-12 09:35:13,2361.9,172855
2021-05-12 09:35:14,2361.9,172855
2021-05-12 09:35:15,2363.85,173126
2021-05-12 09:35:16,2363.0,173128
2021-05-12 09:35:17,2363.0,173208
2021-05-12 09:35:17,2363.0,173208
2021-05-12 09:35:18,2363.0,173208
2021-05-12 09:35:19,2363.0,173319
2021-05-12 09:35:20,2362.9,173368
2021-05-12 09:35:21,2362.0,173374
2021-05-12 09:35:22,2362.0,173417
2021-05-12 09:35:24,2362.9,173443
2021-05-12 09:35:25,2362.95,173607
2021-05-12 09:35:26,2362.95,173705
2021-05-12 09:35:27,2362.0,173752
2021-05-12 09:35:28,2361.75,173804
2021-05-12 09:35:28,2362.8,173808
2021-05-12 09:35:29,2362.8,173808
2021-05-12 09:35:30,2362.8,173808
2021-05-12 09:35:31,2362.85,173849
2021-05-12 09:35:32,2362.85,173891
2021-05-12 09:35:33,2362.85,173891
2021-05-12 09:35:34,2362.85,173897
2021-05-12 09:35:35,2361.8,173965
2021-05-12 09:35:37,2362.85,173967
2021-05-12 09:35:38,2362.85,174027
2021-05-12 09:35:39,2362.45,174041
2021-05-12 09:35:40,2362.45,174077
2021-05-12 09:35:41,2362.85,174091
2021-05-12 09:35:42,2362.45,174118
2021-05-12 09:35:44,2362.85,174145
2021-05-12 09:35:45,2362.85,174145
2021-05-12 09:35:46,2362.85,174155
2021-05-12 09:35:47,2362.85,174156
2021-05-12 09:35:48,2362.85,174157
2021-05-12 09:35:49,2362.85,174182
2021-05-12 09:35:50,2362.85,174183
2021-05-12 09:35:51,2362.0,174204
2021-05-12 09:35:52,2362.0,174294
2021-05-12 09:35:53,2362.85,174439
2021-05-12 09:35:54,2362.75,174465
2021-05-12 09:35:55,2362.85,174523
2021-05-12 09:35:56,2362.8,174540
2021-05-12 09:35:57,2363.0,174642
2021-05-12 09:35:58,2361.75,174742
2021-05-12 09:35:58,2361.75,174742
2021-05-12 09:35:59,2362.6,174747
2021-05-12 09:36:00,2362.0,177747
2021-05-12 09:36:01,2362.5,177905
2021-05-12 09:36:02,2361.65,178047
2021-05-12 09:36:03,2362.6,178263
2021-05-12 09:36:06,2362.6,178281
2021-05-12 09:36:07,2361.75,178315
2021-05-12 09:36:08,2361.75,178448
2021-05-12 09:36:09,2361.7,178450
2021-05-12 09:36:10,2361.75,178522
2021-05-12 09:36:11,2362.8,179153
2021-05-12 09:36:13,2362.5,179342
2021-05-12 09:36:14,2361.65,179352
2021-05-12 09:36:15,2361.65,179402
2021-05-12 09:36:16,2362.5,179404
2021-05-12 09:36:17,2362.8,179450
2021-05-12 09:36:17,2361.5,179496
2021-05-12 09:36:18,2361.55,179534
2021-05-12 09:36:20,2362.0,179539
2021-05-12 09:36:20,2362.0,179539
2021-05-12 09:36:21,2361.7,179544
2021-05-12 09:36:22,2361.6,179597
2021-05-12 09:36:24,2361.6,179605
2021-05-12 09:36:25,2361.6,179655
2021-05-12 09:36:26,2362.0,179666
2021-05-12 09:36:27,2362.0,179676
2021-05-12 09:36:28,2362.0,179677
2021-05-12 09:36:29,2362.0,179686
2021-05-12 09:36:30,2362.0,179686
2021-05-12 09:36:31,2361.65,179687
2021-05-12 09:36:32,2361.55,179722
2021-05-12 09:36:33,2361.55,179797
2021-05-12 09:36:34,2361.6,179801
2021-05-12 09:36:35,2362.0,179858
2021-05-12 09:36:36,2362.0,179943
2021-05-12 09:36:37,2362.0,179943
2021-05-12 09:36:38,2361.8,179950
2021-05-12 09:36:39,2361.8,180000
2021-05-12 09:36:40,2361.8,180009
2021-05-12 09:36:41,2361.8,180024
2021-05-12 09:36:42,2362.0,180077
2021-05-12 09:36:43,2361.6,180168
2021-05-12 09:36:44,2362.0,180176
2021-05-12 09:36:45,2362.0,180189
2021-05-12 09:36:46,2362.0,180205
2021-05-12 09:36:47,2361.95,180209
2021-05-12 09:36:48,2362.0,180210
2021-05-12 09:36:49,2361.55,180228
2021-05-12 09:36:51,2362.0,180230
2021-05-12 09:36:52,2362.0,180231
2021-05-12 09:36:53,2362.0,180281
2021-05-12 09:36:55,2362.0,180342
2021-05-12 09:36:56,2362.0,180344
2021-05-12 09:36:57,2361.5,180377
2021-05-12 09:36:58,2362.0,180429
2021-05-12 09:36:59,2362.0,180521
2021-05-12 09:37:00,2362.0,180531
2021-05-12 09:37:01,2362.0,180587
2021-05-12 09:37:02,2362.0,180617
2021-05-12 09:37:03,2361.55,180687
2021-05-12 09:37:05,2361.5,180920
2021-05-12 09:37:06,2361.5,180920
2021-05-12 09:37:08,2362.0,181051
2021-05-12 09:37:09,2361.5,181062
2021-05-12 09:37:10,2361.2,181114
2021-05-12 09:37:11,2361.75,181180
2021-05-12 09:37:13,2361.75,181479
2021-05-12 09:37:14,2361.0,181529
2021-05-12 09:37:15,2360.5,182714
2021-05-12 09:37:15,2360.5,182760
2021-05-12 09:37:16,2361.3,182888
2021-05-12 09:37:17,2361.0,182965
2021-05-12 09:37:18,2360.15,183191
2021-05-12 09:37:19,2360.05,183237
2021-05-12 09:37:21,2360.05,183287
2021-05-12 09:37:22,2360.05,183346
2021-05-12 09:37:23,2360.0,183643
2021-05-12 09:37:24,2361.15,183647
2021-05-12 09:37:25,2360.1,183684
2021-05-12 09:37:26,2361.0,183798
2021-05-12 09:37:27,2360.05,183851
2021-05-12 09:37:29,2360.95,183852
2021-05-12 09:37:30,2360.95,183932
2021-05-12 09:37:31,2360.95,183984
2021-05-12 09:37:33,2360.05,184119
2021-05-12 09:37:33,2360.05,184119
2021-05-12 09:37:34,2360.9,184120
2021-05-12 09:37:35,2360.95,184152
2021-05-12 09:37:37,2360.95,184220
2021-05-12 09:37:38,2360.1,184285
2021-05-12 09:37:39,2360.7,184298
2021-05-12 09:37:40,2360.95,184398
2021-05-12 09:37:40,2360.95,184398
2021-05-12 09:37:41,2360.1,184448
2021-05-12 09:37:42,2360.1,184448
2021-05-12 09:37:43,2361.0,185236
2021-05-12 09:37:45,2360.9,185437
2021-05-12 09:37:46,2360.9,185518
2021-05-12 09:37:47,2360.75,185531
2021-05-12 09:37:48,2360.15,185586
2021-05-12 09:37:49,2360.5,185590
2021-05-12 09:37:50,2360.2,185669
2021-05-12 09:37:51,2361.0,185670
2021-05-12 09:37:52,2360.4,185678
2021-05-12 09:37:53,2360.15,185748
2021-05-12 09:37:54,2361.0,185771
2021-05-12 09:37:55,2361.0,185771
2021-05-12 09:37:56,2361.0,185771
2021-05-12 09:37:57,2361.0,186204
2021-05-12 09:37:58,2361.0,186204
2021-05-12 09:37:59,2361.25,186236
2021-05-12 09:38:00,2361.0,186414
2021-05-12 09:38:01,2361.0,186414
2021-05-12 09:38:02,2361.0,186570
2021-05-12 09:38:03,2361.0,186570
2021-05-12 09:38:04,2361.0,186705
2021-05-12 09:38:05,2361.0,186708
2021-05-12 09:38:06,2361.0,186765
2021-05-12 09:38:07,2361.0,187156
2021-05-12 09:38:08,2360.95,187271
2021-05-12 09:38:09,2360.7,187273
2021-05-12 09:38:10,2360.7,187298
2021-05-12 09:38:11,2360.7,187298
2021-05-12 09:38:12,2360.7,187303
2021-05-12 09:38:13,2360.7,187406
2021-05-12 09:38:14,2361.45,187808
2021-05-12 09:38:15,2360.25,187953
2021-05-12 09:38:16,2360.25,187953
2021-05-12 09:38:17,2360.95,188035
2021-05-12 09:38:18,2360.95,188080
2021-05-12 09:38:19,2360.95,188080
2021-05-12 09:38:20,2361.5,188095
2021-05-12 09:38:21,2361.5,188101
2021-05-12 09:38:22,2361.5,188103
2021-05-12 09:38:23,2361.5,188417
2021-05-12 09:38:24,2360.4,188440
2021-05-12 09:38:25,2360.3,188473
2021-05-12 09:38:26,2361.5,188493
2021-05-12 09:38:27,2360.3,188565
2021-05-12 09:38:28,2360.3,188565
2021-05-12 09:38:29,2361.5,188572
2021-05-12 09:38:30,2361.45,188654
2021-05-12 09:38:31,2361.5,188698
2021-05-12 09:38:32,2361.5,188699
2021-05-12 09:38:33,2361.5,188699
2021-05-12 09:38:34,2361.45,188709
2021-05-12 09:38:35,2360.25,188814
2021-05-12 09:38:36,2361.4,188822
2021-05-12 09:38:37,2361.0,188872
2021-05-12 09:38:38,2361.6,189146
2021-05-12 09:38:39,2361.75,189166
2021-05-12 09:38:40,2361.75,189166
2021-05-12 09:38:41,2361.75,189166
2021-05-12 09:38:42,2361.5,189242
2021-05-12 09:38:43,2361.5,189242
2021-05-12 09:38:44,2361.0,189248
2021-05-12 09:38:45,2361.95,189875
2021-05-12 09:38:46,2361.0,189890
2021-05-12 09:38:47,2361.0,189890
2021-05-12 09:38:48,2362.0,190030
2021-05-12 09:38:49,2362.0,190051
2021-05-12 09:38:50,2362.0,190072
2021-05-12 09:38:51,2362.0,190072
2021-05-12 09:38:52,2361.25,190112
2021-05-12 09:38:53,2361.1,190118
2021-05-12 09:38:54,2362.0,190507
2021-05-12 09:38:55,2362.0,190507
2021-05-12 09:38:56,2362.05,191493
2021-05-12 09:38:57,2361.05,191637
2021-05-12 09:38:58,2361.05,191637
2021-05-12 09:38:59,2362.05,191685
2021-05-12 09:39:00,2362.0,191702
2021-05-12 09:39:01,2362.0,191702
2021-05-12 09:39:02,2362.0,191754
2021-05-12 09:39:03,2361.1,191835
2021-05-12 09:39:04,2362.0,191850
2021-05-12 09:39:05,2362.0,191940
2021-05-12 09:39:06,2362.05,191945
2021-05-12 09:39:07,2362.05,191946
2021-05-12 09:39:08,2362.05,191946
2021-05-12 09:39:12,2362.0,192013
2021-05-12 09:39:13,2362.05,192025
2021-05-12 09:39:14,2362.05,192109
2021-05-12 09:39:15,2362.05,192109
2021-05-12 09:39:17,2362.0,192223
2021-05-12 09:39:18,2362.0,192227
2021-05-12 09:39:19,2362.5,192304
2021-05-12 09:39:20,2362.0,192306
2021-05-12 09:39:21,2362.0,192309
2021-05-12 09:39:22,2362.5,192318
2021-05-12 09:39:24,2362.5,192386
2021-05-12 09:39:25,2362.5,192433
2021-05-12 09:39:26,2362.0,192444
2021-05-12 09:39:27,2362.0,192478
2021-05-12 09:39:28,2362.5,192479
2021-05-12 09:39:29,2362.5,192480
2021-05-12 09:39:30,2362.5,192481
2021-05-12 09:39:31,2362.0,192871
2021-05-12 09:39:32,2362.4,192886
2021-05-12 09:39:33,2362.4,192946
2021-05-12 09:39:34,2362.4,192946
2021-05-12 09:39:35,2362.15,192951
2021-05-12 09:39:36,2361.5,193207
2021-05-12 09:39:37,2361.5,193253
2021-05-12 09:39:38,2361.0,193293
2021-05-12 09:39:39,2361.0,193310
2021-05-12 09:39:40,2361.0,194075
2021-05-12 09:39:41,2361.0,194185
2021-05-12 09:39:42,2360.5,194297
2021-05-12 09:39:43,2360.5,194365
2021-05-12 09:39:44,2360.45,194382
2021-05-12 09:39:45,2360.2,194818
2021-05-12 09:39:46,2360.2,194918
2021-05-12 09:39:47,2361.7,195586
2021-05-12 09:39:49,2361.7,195667
2021-05-12 09:39:50,2361.75,195898
2021-05-12 09:39:51,2361.75,195898
2021-05-12 09:39:52,2360.45,195969
2021-05-12 09:39:53,2361.3,196021
2021-05-12 09:39:54,2361.35,196042
2021-05-12 09:39:55,2361.3,196078
2021-05-12 09:39:56,2361.45,196083
2021-05-12 09:39:57,2360.1,196123
2021-05-12 09:39:59,2361.15,196130
2021-05-12 09:39:59,2361.15,196131
2021-05-12 09:40:01,2361.15,196133
2021-05-12 09:40:02,2361.15,196218
2021-05-12 09:40:03,2361.15,196243
2021-05-12 09:40:04,2361.15,196246
2021-05-12 09:40:05,2361.15,196262
2021-05-12 09:40:06,2361.85,196349
2021-05-12 09:40:07,2361.85,196349
2021-05-12 09:40:08,2361.0,196484
2021-05-12 09:40:09,2361.6,196496
2021-05-12 09:40:10,2361.6,196521
2021-05-12 09:40:12,2361.15,196537
2021-05-12 09:40:12,2361.55,196554
2021-05-12 09:40:14,2361.55,196555
2021-05-12 09:40:15,2361.55,196555
2021-05-12 09:40:15,2361.5,196561
2021-05-12 09:40:16,2361.15,196620
2021-05-12 09:40:18,2361.15,196622
2021-05-12 09:40:18,2361.15,196620
2021-05-12 09:40:19,2361.15,196637
2021-05-12 09:40:20,2361.15,196652
2021-05-12 09:40:22,2360.5,196729
2021-05-12 09:40:23,2360.5,196729
2021-05-12 09:40:24,2360.55,196885
2021-05-12 09:40:25,2360.3,197232
2021-05-12 09:40:26,2361.6,197234
2021-05-12 09:40:27,2361.0,197240
2021-05-12 09:40:28,2360.9,197261
2021-05-12 09:40:29,2360.9,197279
2021-05-12 09:40:30,2360.2,197326
2021-05-12 09:40:31,2360.9,197377
2021-05-12 09:40:34,2360.9,197623
2021-05-12 09:40:35,2360.9,197683
2021-05-12 09:40:34,2360.9,197683
2021-05-12 09:40:36,2361.35,197685
2021-05-12 09:40:37,2360.2,197715
2021-05-12 09:40:38,2360.5,197862
2021-05-12 09:40:39,2361.35,197867
2021-05-12 09:40:40,2360.5,197871
2021-05-12 09:40:41,2360.95,197886
2021-05-12 09:40:42,2360.95,197928
2021-05-12 09:40:43,2360.95,197951
2021-05-12 09:40:44,2360.95,198061
2021-05-12 09:40:45,2360.9,198064
2021-05-12 09:40:46,2360.9,198064
2021-05-12 09:40:47,2360.5,198102
2021-05-12 09:40:48,2360.95,198105
2021-05-12 09:40:49,2360.95,198105
2021-05-12 09:40:50,2360.95,198109
2021-05-12 09:40:51,2360.95,198134
2021-05-12 09:40:52,2361.0,198459
2021-05-12 09:40:54,2361.6,198494
2021-05-12 09:40:55,2361.6,198494
2021-05-12 09:40:56,2361.2,198624
2021-05-12 09:40:57,2361.15,198678
2021-05-12 09:40:58,2361.15,198678
2021-05-12 09:40:59,2362.0,198680
2021-05-12 09:41:00,2362.0,198684
2021-05-12 09:41:01,2362.0,198711
2021-05-12 09:41:02,2362.0,198769
2021-05-12 09:41:04,2361.9,198795
2021-05-12 09:41:04,2361.9,198795
2021-05-12 09:41:05,2361.9,198803
2021-05-12 09:41:06,2361.9,198805
2021-05-12 09:41:08,2360.95,198836
2021-05-12 09:41:08,2361.4,198841
2021-05-12 09:41:09,2361.4,198841
2021-05-12 09:41:10,2361.8,198881
2021-05-12 09:41:11,2361.85,198897
2021-05-12 09:41:12,2362.15,198912
2021-05-12 09:41:13,2362.3,199268
2021-05-12 09:41:15,2362.3,199268
2021-05-12 09:41:16,2362.3,199268
2021-05-12 09:41:19,2362.4,199316
2021-05-12 09:41:19,2362.15,199338
2021-05-12 09:41:20,2361.9,199458
2021-05-12 09:41:21,2362.0,199459
2021-05-12 09:41:22,2362.0,199479
2021-05-12 09:41:23,2362.0,199479
2021-05-12 09:41:24,2362.0,199479
2021-05-12 09:41:25,2361.9,199484
2021-05-12 09:41:26,2361.9,199486
2021-05-12 09:41:27,2361.7,199495
2021-05-12 09:41:28,2361.7,199495
2021-05-12 09:41:29,2361.7,199497
2021-05-12 09:41:30,2361.7,199499
2021-05-12 09:41:31,2361.2,199699
2021-05-12 09:41:32,2361.65,199724
2021-05-12 09:41:33,2361.65,199724
2021-05-12 09:41:34,2361.65,199734
2021-05-12 09:41:35,2361.65,199744
2021-05-12 09:41:36,2361.65,199746
2021-05-12 09:41:37,2361.65,199849
2021-05-12 09:41:38,2361.65,199860
2021-05-12 09:41:39,2361.65,199860
2021-05-12 09:41:40,2361.65,199860
2021-05-12 09:41:41,2361.0,200207
2021-05-12 09:41:42,2361.0,200207
2021-05-12 09:41:43,2361.0,200212
2021-05-12 09:41:44,2361.45,200253
2021-05-12 09:41:45,2361.45,200270
2021-05-12 09:41:46,2361.45,200296
2021-05-12 09:41:47,2361.3,200768
2021-05-12 09:41:48,2361.3,200773
2021-05-12 09:41:49,2361.65,200774
2021-05-12 09:41:50,2361.65,200774
2021-05-12 09:41:51,2361.65,201123
2021-05-12 09:41:52,2361.4,201174
2021-05-12 09:41:53,2362.0,201194
2021-05-12 09:41:54,2362.0,201200
2021-05-12 09:41:55,2361.5,201204
2021-05-12 09:41:57,2361.65,201261
2021-05-12 09:41:58,2361.65,201261
2021-05-12 09:41:59,2361.35,201381
2021-05-12 09:42:00,2361.3,201432
2021-05-12 09:42:01,2361.5,201476
2021-05-12 09:42:02,2362.5,201477
2021-05-12 09:42:03,2362.5,201477
2021-05-12 09:42:04,2362.5,201477
2021-05-12 09:42:05,2362.5,201488
2021-05-12 09:42:05,2362.5,201489
2021-05-12 09:42:06,2362.5,201529
2021-05-12 09:42:08,2362.45,201595
2021-05-12 09:42:11,2362.25,201598
2021-05-12 09:42:12,2361.35,201613
2021-05-12 09:42:13,2362.25,201619
2021-05-12 09:42:14,2362.0,201635
2021-05-12 09:42:15,2362.1,201686
2021-05-12 09:42:15,2362.1,201686
2021-05-12 09:42:16,2362.1,201711
2021-05-12 09:42:18,2362.1,201823
2021-05-12 09:42:19,2362.1,201834
2021-05-12 09:42:19,2362.1,201834
2021-05-12 09:42:20,2362.1,201849
2021-05-12 09:42:22,2361.75,202002
2021-05-12 09:42:22,2361.75,202002
2021-05-12 09:42:23,2362.1,202045
2021-05-12 09:42:24,2362.4,202357
2021-05-12 09:42:25,2362.4,202359
2021-05-12 09:42:26,2362.1,202365
2021-05-12 09:42:27,2362.4,202406
2021-05-12 09:42:28,2361.55,202407
2021-05-12 09:42:30,2361.55,202407
2021-05-12 09:42:31,2362.1,202408
2021-05-12 09:42:32,2362.4,202411
2021-05-12 09:42:33,2362.4,202411
2021-05-12 09:42:34,2362.4,202411
2021-05-12 09:42:35,2362.4,202412
2021-05-12 09:42:36,2362.4,202415
2021-05-12 09:42:37,2362.8,202741
2021-05-12 09:42:38,2362.85,202786
2021-05-12 09:42:40,2362.6,202791
2021-05-12 09:42:41,2362.85,202796
2021-05-12 09:42:42,2362.6,202797
2021-05-12 09:42:43,2362.6,202886
2021-05-12 09:42:45,2362.85,203038
2021-05-12 09:42:46,2362.85,203139
2021-05-12 09:42:47,2362.85,203155
2021-05-12 09:42:48,2363.0,203484
2021-05-12 09:42:49,2363.0,203486
2021-05-12 09:42:49,2364.5,205192
2021-05-12 09:42:50,2363.05,205488
2021-05-12 09:42:52,2363.0,205538
2021-05-12 09:42:54,2362.9,205603
2021-05-12 09:42:55,2362.9,205731
2021-05-12 09:42:55,2362.9,205731
2021-05-12 09:42:56,2362.85,206092
2021-05-12 09:42:57,2363.0,206142
2021-05-12 09:42:58,2363.85,206169
2021-05-12 09:42:59,2363.7,206273
2021-05-12 09:43:00,2362.4,206576
2021-05-12 09:43:01,2362.9,206596
2021-05-12 09:43:03,2362.9,206678
2021-05-12 09:43:04,2362.8,206682
2021-05-12 09:43:04,2362.8,206682
2021-05-12 09:43:06,2362.8,206732
2021-05-12 09:43:06,2362.1,206733
2021-05-12 09:43:08,2362.8,206739
2021-05-12 09:43:09,2362.45,206745
2021-05-12 09:43:10,2362.45,206824
2021-05-12 09:43:11,2362.45,206826
2021-05-12 09:43:11,2362.3,206836
2021-05-12 09:43:12,2362.45,206847
2021-05-12 09:43:13,2362.45,206853
2021-05-12 09:43:14,2362.25,207635
2021-05-12 09:43:15,2361.05,207641
2021-05-12 09:43:16,2362.25,207644
2021-05-12 09:43:18,2362.1,207719
2021-05-12 09:43:19,2362.25,207778
2021-05-12 09:43:20,2361.1,207794
2021-05-12 09:43:21,2361.4,208608
2021-05-12 09:43:22,2360.6,208671
2021-05-12 09:43:22,2360.6,208671
2021-05-12 09:43:24,2361.35,208737
2021-05-12 09:43:25,2361.35,208738
2021-05-12 09:43:26,2361.35,208751
2021-05-12 09:43:26,2361.35,208751
2021-05-12 09:43:28,2361.35,208778
2021-05-12 09:43:29,2362.15,208998
2021-05-12 09:43:30,2362.0,209003
2021-05-12 09:43:31,2362.0,209003
2021-05-12 09:43:32,2361.35,209075
2021-05-12 09:43:33,2361.35,209075
2021-05-12 09:43:34,2361.7,209077
2021-05-12 09:43:35,2361.7,209082
2021-05-12 09:43:36,2361.35,209091
2021-05-12 09:43:37,2361.65,209096
2021-05-12 09:43:38,2361.65,209096
2021-05-12 09:43:39,2361.5,209108
2021-05-12 09:43:40,2361.5,209133
2021-05-12 09:43:41,2361.5,209141
2021-05-12 09:43:41,2361.5,209141
2021-05-12 09:43:42,2361.5,209146
2021-05-12 09:43:44,2361.35,209200
2021-05-12 09:43:44,2361.35,209197
2021-05-12 09:43:46,2361.35,209253
2021-05-12 09:43:46,2361.35,209253
2021-05-12 09:43:47,2362.2,209318
2021-05-12 09:43:49,2361.35,209322
2021-05-12 09:43:49,2361.35,209319
2021-05-12 09:43:50,2361.35,209357
2021-05-12 09:43:51,2361.35,209357
2021-05-12 09:43:52,2362.4,209492
2021-05-12 09:43:53,2362.4,209492
2021-05-12 09:43:55,2362.15,209522
2021-05-12 09:43:56,2362.1,209527
2021-05-12 09:43:58,2362.1,209550
2021-05-12 09:43:59,2362.1,209555
2021-05-12 09:44:01,2361.05,209596
2021-05-12 09:44:02,2362.1,209746
2021-05-12 09:44:02,2362.1,209746
2021-05-12 09:44:04,2362.1,209809
2021-05-12 09:44:04,2362.1,209809
2021-05-12 09:44:05,2362.1,209947
2021-05-12 09:44:06,2361.85,209953
2021-05-12 09:44:08,2362.1,210005
2021-05-12 09:44:09,2362.1,210015
2021-05-12 09:44:10,2362.1,210016
2021-05-12 09:44:11,2362.0,210026
2021-05-12 09:44:12,2361.05,210036
2021-05-12 09:44:13,2361.1,210081
2021-05-12 09:44:13,2362.0,210101
2021-05-12 09:44:15,2361.0,210343
2021-05-12 09:44:15,2361.0,210343
2021-05-12 09:44:17,2360.9,210412
2021-05-12 09:44:17,2360.9,210412
2021-05-12 09:44:19,2361.05,210454
2021-05-12 09:44:20,2361.05,210454
2021-05-12 09:44:21,2362.0,210456
2021-05-12 09:44:22,2361.95,210462
2021-05-12 09:44:24,2361.95,210462
2021-05-12 09:44:25,2361.95,210462
2021-05-12 09:44:25,2361.95,210462
2021-05-12 09:44:27,2362.1,210505
2021-05-12 09:44:28,2361.0,210607
2021-05-12 09:44:29,2362.05,210667
2021-05-12 09:44:30,2362.05,210693
2021-05-12 09:44:31,2362.05,210704
2021-05-12 09:44:32,2361.0,210747
2021-05-12 09:44:33,2362.0,210750
2021-05-12 09:44:34,2362.95,211255
2021-05-12 09:44:35,2362.0,211266
2021-05-12 09:44:36,2362.0,211271
2021-05-12 09:44:37,2361.3,211322
2021-05-12 09:44:38,2362.0,211370
2021-05-12 09:44:39,2362.1,211403
2021-05-12 09:44:40,2361.3,211703
2021-05-12 09:44:41,2362.3,211705
2021-05-12 09:44:42,2361.0,211805
2021-05-12 09:44:43,2362.2,211856
2021-05-12 09:44:44,2362.2,211864
2021-05-12 09:44:45,2362.2,211864
2021-05-12 09:44:46,2362.2,211864
2021-05-12 09:44:47,2362.2,211872
2021-05-12 09:44:48,2362.2,211881
2021-05-12 09:44:49,2362.2,211881
2021-05-12 09:44:50,2362.2,211906
2021-05-12 09:44:50,2362.2,211906
2021-05-12 09:44:51,2362.2,211911
2021-05-12 09:44:53,2362.2,212213
2021-05-12 09:44:54,2363.05,212259
2021-05-12 09:44:54,2363.05,212259
2021-05-12 09:44:58,2361.8,212292
2021-05-12 09:44:58,2361.8,212292
2021-05-12 09:44:59,2361.8,212292
2021-05-12 09:45:00,2361.8,212293
2021-05-12 09:45:02,2361.8,212299
2021-05-12 09:45:03,2361.8,212322
2021-05-12 09:45:04,2361.75,212325
2021-05-12 09:45:05,2361.75,212325
2021-05-12 09:45:06,2361.8,212387
2021-05-12 09:45:07,2361.7,212389
2021-05-12 09:45:08,2361.6,212561
2021-05-12 09:45:09,2361.6,212567
2021-05-12 09:45:11,2362.0,212639
2021-05-12 09:45:12,2362.0,212671
2021-05-12 09:45:13,2362.0,212726
2021-05-12 09:45:14,2362.2,212741
2021-05-12 09:45:15,2362.05,212758
2021-05-12 09:45:16,2362.05,212758
2021-05-12 09:45:17,2362.2,212762
2021-05-12 09:45:18,2362.2,212762
2021-05-12 09:45:19,2362.0,212787
2021-05-12 09:45:20,2362.15,212792
2021-05-12 09:45:21,2362.45,212833
2021-05-12 09:45:22,2362.45,212833
2021-05-12 09:45:23,2362.45,212833
2021-05-12 09:45:24,2362.45,212833
2021-05-12 09:45:25,2362.45,212833
2021-05-12 09:45:26,2362.45,212833
2021-05-12 09:45:27,2362.5,212968
2021-05-12 09:45:27,2362.0,213068
2021-05-12 09:45:28,2362.5,213102
2021-05-12 09:45:30,2362.2,213122
2021-05-12 09:45:31,2362.2,213123
2021-05-12 09:45:32,2362.0,213242
2021-05-12 09:45:33,2362.5,213243
2021-05-12 09:45:34,2362.45,213247
2021-05-12 09:45:35,2362.0,213297
2021-05-12 09:45:36,2362.0,213312
2021-05-12 09:45:37,2362.5,213322
2021-05-12 09:45:38,2362.45,213339
2021-05-12 09:45:39,2362.25,213362
2021-05-12 09:45:39,2362.25,213362
2021-05-12 09:45:40,2362.0,213375
2021-05-12 09:45:41,2362.25,213381
2021-05-12 09:45:42,2362.25,213986
2021-05-12 09:45:43,2362.5,214002
2021-05-12 09:45:45,2362.0,214031
2021-05-12 09:45:46,2362.3,214048
2021-05-12 09:45:46,2362.25,214051
2021-05-12 09:45:47,2362.4,214128
2021-05-12 09:45:48,2362.4,214172
2021-05-12 09:45:49,2362.4,214172
2021-05-12 09:45:51,2362.4,214272
2021-05-12 09:45:52,2362.4,214272
2021-05-12 09:45:53,2362.4,214277
2021-05-12 09:45:54,2362.4,214277
2021-05-12 09:45:55,2363.25,214313
2021-05-12 09:45:56,2363.2,214324
2021-05-12 09:45:57,2362.35,214447
2021-05-12 09:45:58,2363.25,214448
2021-05-12 09:45:59,2362.9,214463
2021-05-12 09:45:59,2362.9,214463
2021-05-12 09:46:01,2362.9,214521
2021-05-12 09:46:02,2362.9,214541
2021-05-12 09:46:03,2362.9,214606
2021-05-12 09:46:04,2362.9,214606
2021-05-12 09:46:05,2362.9,214694
2021-05-12 09:46:06,2362.9,214918
2021-05-12 09:46:08,2363.7,215044
2021-05-12 09:46:09,2363.7,215044
2021-05-12 09:46:10,2363.25,215046
2021-05-12 09:46:11,2363.25,215056
2021-05-12 09:46:12,2363.9,215204
2021-05-12 09:46:13,2363.0,215234
2021-05-12 09:46:14,2363.0,215247
2021-05-12 09:46:16,2363.85,215255
2021-05-12 09:46:17,2363.85,215256
2021-05-12 09:46:19,2363.9,215272
2021-05-12 09:46:20,2363.85,215304
2021-05-12 09:46:21,2364.0,215458
2021-05-12 09:46:21,2364.0,215458
2021-05-12 09:46:22,2364.0,215489
2021-05-12 09:46:23,2364.0,215606
2021-05-12 09:46:25,2364.4,216391
2021-05-12 09:46:26,2364.65,216440
2021-05-12 09:46:28,2364.8,216616
2021-05-12 09:46:29,2364.8,216616
2021-05-12 09:46:30,2364.9,216680
2021-05-12 09:46:31,2364.0,216681
2021-05-12 09:46:32,2363.9,216761
2021-05-12 09:46:33,2364.8,216812
2021-05-12 09:46:34,2364.85,216839
2021-05-12 09:46:34,2364.9,216832
2021-05-12 09:46:35,2364.85,216841
2021-05-12 09:46:36,2364.75,216891
2021-05-12 09:46:38,2364.6,216937
2021-05-12 09:46:38,2364.0,216927
2021-05-12 09:46:40,2364.65,217040
2021-05-12 09:46:41,2364.6,217053
2021-05-12 09:46:41,2364.75,217082
2021-05-12 09:46:42,2364.15,217119
2021-05-12 09:46:44,2364.55,217231
2021-05-12 09:46:44,2364.55,217231
2021-05-12 09:46:45,2364.55,217231
2021-05-12 09:46:46,2364.0,217333
2021-05-12 09:46:47,2364.0,217442
2021-05-12 09:46:48,2364.6,217475
2021-05-12 09:46:49,2364.6,217477
2021-05-12 09:46:51,2364.6,217478
2021-05-12 09:46:52,2364.8,217484
2021-05-12 09:46:53,2364.8,217512
2021-05-12 09:46:54,2364.15,217513
2021-05-12 09:46:54,2364.3,217533
2021-05-12 09:46:55,2364.15,217535
2021-05-12 09:46:56,2364.0,217569
2021-05-12 09:46:58,2364.0,217600
2021-05-12 09:46:59,2364.9,217751
2021-05-12 09:46:59,2364.9,217751
2021-05-12 09:47:00,2364.9,217751
2021-05-12 09:47:01,2364.0,217761
2021-05-12 09:47:03,2364.0,217809
2021-05-12 09:47:03,2364.0,217834
2021-05-12 09:47:04,2364.4,217844
2021-05-12 09:47:06,2364.4,217847
2021-05-12 09:47:07,2364.4,217852
2021-05-12 09:47:08,2364.4,217852
2021-05-12 09:47:09,2364.4,217852
2021-05-12 09:47:10,2364.15,217864
2021-05-12 09:47:11,2364.0,217918
2021-05-12 09:47:12,2364.9,218024
2021-05-12 09:47:13,2364.05,218027
2021-05-12 09:47:14,2364.4,218029
2021-05-12 09:47:15,2364.4,218034
2021-05-12 09:47:16,2364.4,218048
2021-05-12 09:47:17,2364.4,218215
2021-05-12 09:47:18,2364.4,218265
2021-05-12 09:47:19,2364.4,218268
2021-05-12 09:47:20,2364.4,218273
2021-05-12 09:47:21,2364.0,219008
2021-05-12 09:47:22,2364.0,219008
2021-05-12 09:47:23,2364.15,219013
2021-05-12 09:47:24,2364.0,219082
2021-05-12 09:47:25,2364.05,219088
2021-05-12 09:47:26,2364.05,219144
2021-05-12 09:47:27,2364.0,219268
2021-05-12 09:47:28,2364.0,219268
2021-05-12 09:47:28,2364.0,219268
2021-05-12 09:47:29,2364.4,219276
2021-05-12 09:47:30,2364.05,219376
2021-05-12 09:47:32,2364.05,219376
2021-05-12 09:47:32,2364.05,219376
2021-05-12 09:47:34,2364.0,219395
2021-05-12 09:47:35,2364.4,219400
2021-05-12 09:47:36,2364.4,219610
2021-05-12 09:47:37,2364.6,219760
2021-05-12 09:47:38,2364.4,219768
2021-05-12 09:47:39,2364.4,219768
2021-05-12 09:47:40,2364.15,220122
2021-05-12 09:47:41,2364.05,220147
2021-05-12 09:47:42,2363.1,220196
2021-05-12 09:47:43,2364.0,220246
2021-05-12 09:47:44,2363.95,220339
2021-05-12 09:47:45,2363.95,220339
2021-05-12 09:47:46,2363.0,220492
2021-05-12 09:47:47,2363.0,220495
2021-05-12 09:47:48,2363.9,220497
2021-05-12 09:47:49,2363.4,220742
2021-05-12 09:47:50,2363.4,220745
2021-05-12 09:47:51,2363.4,220745
2021-05-12 09:47:52,2362.5,220796
2021-05-12 09:47:53,2362.5,220796
2021-05-12 09:47:54,2363.6,220901
2021-05-12 09:47:56,2363.35,220905
2021-05-12 09:47:57,2362.45,221010
2021-05-12 09:47:58,2363.35,221016
2021-05-12 09:47:59,2363.45,221054
2021-05-12 09:48:00,2363.4,221096
2021-05-12 09:48:01,2363.4,221100
2021-05-12 09:48:01,2363.4,221100
2021-05-12 09:48:03,2363.15,221378
2021-05-12 09:48:04,2362.5,221395
2021-05-12 09:48:05,2362.9,221428
2021-05-12 09:48:06,2362.9,221429
2021-05-12 09:48:07,2362.9,221468
2021-05-12 09:48:08,2362.0,221499
2021-05-12 09:48:10,2361.7,221750
2021-05-12 09:48:11,2362.45,221924
2021-05-12 09:48:12,2362.1,221985
2021-05-12 09:48:13,2362.25,222116
2021-05-12 09:48:14,2361.55,222174
2021-05-12 09:48:15,2361.55,222194
2021-05-12 09:48:16,2362.25,222235
2021-05-12 09:48:18,2361.0,222361
2021-05-12 09:48:19,2362.2,222371
2021-05-12 09:48:20,2362.2,222371
2021-05-12 09:48:21,2362.25,222386
2021-05-12 09:48:22,2362.25,222389
2021-05-12 09:48:22,2362.25,222389
2021-05-12 09:48:23,2362.25,222392
2021-05-12 09:48:24,2362.2,222402
2021-05-12 09:48:25,2362.25,222423
2021-05-12 09:48:26,2362.25,222431
2021-05-12 09:48:27,2362.25,222432
2021-05-12 09:48:28,2362.25,222432
2021-05-12 09:48:29,2361.5,222449
2021-05-12 09:48:30,2362.2,222454
2021-05-12 09:48:31,2361.5,222495
2021-05-12 09:48:32,2361.5,222495
2021-05-12 09:48:33,2362.15,222506
2021-05-12 09:48:35,2362.15,222506
2021-05-12 09:48:35,2362.15,222506
2021-05-12 09:48:37,2362.1,222590
2021-05-12 09:48:38,2361.15,222622
2021-05-12 09:48:40,2361.75,222683
2021-05-12 09:48:40,2361.75,222688
2021-05-12 09:48:43,2361.75,222734
2021-05-12 09:48:44,2361.55,222739
2021-05-12 09:48:45,2361.1,222858
2021-05-12 09:48:46,2360.9,225129
2021-05-12 09:48:47,2360.8,225169
2021-05-12 09:48:49,2360.5,225533
2021-05-12 09:48:51,2360.5,225657
2021-05-12 09:48:52,2358.0,237520
2021-05-12 09:48:53,2357.95,237571
2021-05-12 09:48:54,2356.5,237881
2021-05-12 09:48:55,2356.75,237888
2021-05-12 09:48:56,2358.0,237928
2021-05-12 09:48:57,2358.0,237958
2021-05-12 09:48:58,2356.95,238030
2021-05-12 09:48:59,2356.3,238182
2021-05-12 09:49:00,2358.0,238449
2021-05-12 09:49:01,2358.35,238798
2021-05-12 09:49:02,2357.35,238896
2021-05-12 09:49:03,2358.05,239133
2021-05-12 09:49:04,2358.05,239133
2021-05-12 09:49:05,2358.5,239313
2021-05-12 09:49:06,2358.5,239429
2021-05-12 09:49:07,2358.5,239429
2021-05-12 09:49:08,2358.05,239488
2021-05-12 09:49:09,2358.95,239568
2021-05-12 09:49:10,2358.95,239660
2021-05-12 09:49:11,2358.5,239661
2021-05-12 09:49:12,2358.95,239766
2021-05-12 09:49:13,2358.95,239868
2021-05-12 09:49:14,2358.05,240256
2021-05-12 09:49:15,2359.0,240461
2021-05-12 09:49:16,2358.95,240500
2021-05-12 09:49:17,2358.95,240500
2021-05-12 09:49:18,2359.75,240663
2021-05-12 09:49:19,2359.75,240670
2021-05-12 09:49:20,2359.45,240725
2021-05-12 09:49:21,2359.45,240725
2021-05-12 09:49:22,2359.45,240801
2021-05-12 09:49:23,2358.95,240907
2021-05-12 09:49:24,2359.45,240967
2021-05-12 09:49:25,2359.45,240968
2021-05-12 09:49:26,2359.0,241238
2021-05-12 09:49:27,2358.95,241291
2021-05-12 09:49:28,2358.95,241303
2021-05-12 09:49:29,2358.95,241306
2021-05-12 09:49:31,2359.45,241417
2021-05-12 09:49:32,2359.45,241655
2021-05-12 09:49:33,2359.45,241655
2021-05-12 09:49:34,2358.05,242194
2021-05-12 09:49:35,2359.45,242284
2021-05-12 09:49:36,2359.45,242363
2021-05-12 09:49:37,2360.0,242728
2021-05-12 09:49:38,2359.0,242890
2021-05-12 09:49:39,2359.95,242907
2021-05-12 09:49:40,2358.7,243057
2021-05-12 09:49:41,2359.75,243064
2021-05-12 09:49:42,2359.05,243135
2021-05-12 09:49:43,2359.9,243158
2021-05-12 09:49:44,2359.95,243159
2021-05-12 09:49:45,2359.95,243175
2021-05-12 09:49:46,2359.95,243231
2021-05-12 09:49:47,2359.55,243256
2021-05-12 09:49:48,2360.0,243281
2021-05-12 09:49:49,2359.45,243294
2021-05-12 09:49:50,2359.95,243295
2021-05-12 09:49:51,2359.8,243298
2021-05-12 09:49:52,2359.8,243463
2021-05-12 09:49:53,2359.8,243525
2021-05-12 09:49:54,2359.8,243525
2021-05-12 09:49:55,2359.8,243525
2021-05-12 09:49:56,2360.0,244032
2021-05-12 09:49:57,2359.8,244164
2021-05-12 09:49:58,2360.5,244246
2021-05-12 09:49:59,2360.65,244266
2021-05-12 09:50:00,2360.65,244266
2021-05-12 09:50:01,2360.65,244266
2021-05-12 09:50:02,2360.0,244272
2021-05-12 09:50:03,2359.45,244314
2021-05-12 09:50:05,2359.55,244403
2021-05-12 09:50:06,2358.6,244879
2021-05-12 09:50:07,2358.6,244882
2021-05-12 09:50:08,2357.6,245224
2021-05-12 09:50:09,2357.65,245229
2021-05-12 09:50:10,2357.65,245230
2021-05-12 09:50:11,2357.6,245248
2021-05-12 09:50:12,2357.6,245250
2021-05-12 09:50:13,2357.85,245427
2021-05-12 09:50:14,2357.2,245431
2021-05-12 09:50:15,2357.6,245449
2021-05-12 09:50:16,2357.6,245642
2021-05-12 09:50:17,2357.0,245650
2021-05-12 09:50:18,2357.6,245750
2021-05-12 09:50:19,2357.6,245753
2021-05-12 09:50:20,2357.6,245757
2021-05-12 09:50:21,2357.0,246116
2021-05-12 09:50:22,2357.5,246172
2021-05-12 09:50:23,2357.5,246174
2021-05-12 09:50:24,2357.45,246185
2021-05-12 09:50:25,2357.45,246235
2021-05-12 09:50:26,2357.45,246235
2021-05-12 09:50:27,2356.75,246261
2021-05-12 09:50:28,2356.75,246261
2021-05-12 09:50:29,2357.45,246275
2021-05-12 09:50:30,2357.45,246489
2021-05-12 09:50:31,2357.45,246499
2021-05-12 09:50:32,2357.45,246701
2021-05-12 09:50:33,2357.45,246732
2021-05-12 09:50:34,2357.45,246738
2021-05-12 09:50:35,2357.45,246739
2021-05-12 09:50:36,2357.55,246807
2021-05-12 09:50:37,2357.55,246825
2021-05-12 09:50:38,2357.55,247086
2021-05-12 09:50:39,2357.6,247110
2021-05-12 09:50:40,2357.6,247140
2021-05-12 09:50:41,2358.8,247143
2021-05-12 09:50:43,2358.8,247160
2021-05-12 09:50:42,2358.5,247145
2021-05-12 09:50:44,2358.8,247160
2021-05-12 09:50:45,2357.8,247198
2021-05-12 09:50:46,2359.0,247226
2021-05-12 09:50:47,2359.1,247240
2021-05-12 09:50:48,2357.95,247250
2021-05-12 09:50:49,2359.2,247263
2021-05-12 09:50:50,2359.5,247292
2021-05-12 09:50:51,2359.5,247292
2021-05-12 09:50:53,2359.55,247294
2021-05-12 09:50:54,2359.8,247305
2021-05-12 09:50:55,2359.9,247357
2021-05-12 09:50:56,2360.1,247360
2021-05-12 09:50:57,2360.55,247410
2021-05-12 09:50:58,2360.55,247410
2021-05-12 09:50:59,2360.55,247423
2021-05-12 09:51:00,2360.55,247423
2021-05-12 09:51:01,2359.6,247469
2021-05-12 09:51:02,2360.0,247470
2021-05-12 09:51:03,2359.85,247606
2021-05-12 09:51:04,2360.7,247868
2021-05-12 09:51:05,2361.0,247878
2021-05-12 09:51:07,2361.0,247913
2021-05-12 09:51:08,2360.35,247955
2021-05-12 09:51:09,2361.0,247961
2021-05-12 09:51:10,2361.0,247995
2021-05-12 09:51:11,2361.0,248045
2021-05-12 09:51:12,2361.0,248045
2021-05-12 09:51:13,2361.0,248045
2021-05-12 09:51:14,2360.55,248049
2021-05-12 09:51:15,2360.5,248065
2021-05-12 09:51:16,2360.3,248079
2021-05-12 09:51:17,2359.5,248091
2021-05-12 09:51:18,2360.3,248093
2021-05-12 09:51:19,2359.45,248116
2021-05-12 09:51:20,2359.8,248125
2021-05-12 09:51:21,2359.8,248125
2021-05-12 09:51:22,2359.8,248125
2021-05-12 09:51:23,2358.0,248414
2021-05-12 09:51:24,2359.2,248426
2021-05-12 09:51:25,2359.2,248513
2021-05-12 09:51:26,2359.2,248513
2021-05-12 09:51:27,2358.35,248701
2021-05-12 09:51:28,2359.75,248721
2021-05-12 09:51:29,2360.0,248741
2021-05-12 09:51:30,2360.3,248742
2021-05-12 09:51:31,2360.3,248760
2021-05-12 09:51:32,2360.0,248803
2021-05-12 09:51:33,2359.8,248823
2021-05-12 09:51:34,2360.3,248826
2021-05-12 09:51:36,2360.3,248863
2021-05-12 09:51:37,2360.3,248865
2021-05-12 09:51:38,2359.8,248866
2021-05-12 09:51:39,2360.05,248871
2021-05-12 09:51:40,2360.05,248872
2021-05-12 09:51:41,2360.05,248872
2021-05-12 09:51:42,2360.05,248872
2021-05-12 09:51:43,2360.0,248895
2021-05-12 09:51:44,2360.55,248915
2021-05-12 09:51:45,2360.55,248915
2021-05-12 09:51:46,2360.05,248919
2021-05-12 09:51:47,2360.05,248924
2021-05-12 09:51:48,2360.05,248941
2021-05-12 09:51:49,2360.05,249442
2021-05-12 09:51:50,2360.05,249469
2021-05-12 09:51:51,2360.05,249469
2021-05-12 09:51:52,2360.0,249529
2021-05-12 09:51:53,2360.05,249589
2021-05-12 09:51:54,2360.05,249600
2021-05-12 09:51:55,2360.05,249612
2021-05-12 09:51:56,2360.05,249621
2021-05-12 09:51:57,2359.75,249730
2021-05-12 09:51:58,2359.75,249750
2021-05-12 09:51:59,2359.75,249759
2021-05-12 09:52:01,2359.75,249812
2021-05-12 09:52:02,2359.75,249817
2021-05-12 09:52:03,2359.75,249823
2021-05-12 09:52:04,2359.75,249824
2021-05-12 09:52:05,2360.0,250033
2021-05-12 09:52:06,2360.8,250081
2021-05-12 09:52:07,2360.0,250128
2021-05-12 09:52:08,2361.0,250193
2021-05-12 09:52:09,2360.85,250206
2021-05-12 09:52:10,2361.0,250211
2021-05-12 09:52:11,2361.3,251921
2021-05-12 09:52:12,2361.05,252098
2021-05-12 09:52:13,2361.0,252119
2021-05-12 09:52:14,2361.0,252119
2021-05-12 09:52:15,2361.0,252119
2021-05-12 09:52:16,2361.0,252151
2021-05-12 09:52:18,2361.5,252198
2021-05-12 09:52:19,2361.0,252268
2021-05-12 09:52:19,2361.0,252268
2021-05-12 09:52:21,2361.0,252268
2021-05-12 09:52:22,2361.5,252273
2021-05-12 09:52:22,2361.5,252280
2021-05-12 09:52:23,2361.5,252280
2021-05-12 09:52:25,2359.55,252931
2021-05-12 09:52:26,2359.55,252931
2021-05-12 09:52:27,2361.3,252982
2021-05-12 09:52:28,2360.25,253013
2021-05-12 09:52:29,2360.2,253079
2021-05-12 09:52:30,2361.0,253080
2021-05-12 09:52:31,2359.75,253105
2021-05-12 09:52:32,2361.0,253126
2021-05-12 09:52:34,2360.2,253157
2021-05-12 09:52:34,2361.0,253181
2021-05-12 09:52:35,2361.0,253216
2021-05-12 09:52:36,2361.0,253218
2021-05-12 09:52:37,2361.0,253258
2021-05-12 09:52:38,2361.0,253268
2021-05-12 09:52:39,2361.45,253288
2021-05-12 09:52:40,2361.45,253288
2021-05-12 09:52:41,2361.1,253404
2021-05-12 09:52:42,2361.8,253405
2021-05-12 09:52:43,2362.2,253594
2021-05-12 09:52:44,2362.2,253598
2021-05-12 09:52:45,2361.4,253645
2021-05-12 09:52:46,2362.2,253657
2021-05-12 09:52:47,2361.15,253702
2021-05-12 09:52:48,2362.0,253732
2021-05-12 09:52:49,2362.0,253732
2021-05-12 09:52:50,2362.0,253732
2021-05-12 09:52:51,2362.0,253736
2021-05-12 09:52:52,2362.0,254770
2021-05-12 09:52:53,2362.0,254786
2021-05-12 09:52:54,2362.0,254806
2021-05-12 09:52:55,2362.6,255000
2021-05-12 09:52:56,2362.7,255103
2021-05-12 09:52:57,2362.8,255147
2021-05-12 09:52:58,2362.9,255148
2021-05-12 09:52:59,2362.1,255208
2021-05-12 09:53:00,2362.1,255208
2021-05-12 09:53:01,2362.95,255270
2021-05-12 09:53:02,2362.95,255270
2021-05-12 09:53:03,2363.0,255285
2021-05-12 09:53:04,2362.95,255289
2021-05-12 09:53:05,2361.2,255347
2021-05-12 09:53:06,2362.7,255348
2021-05-12 09:53:07,2362.4,255350
2021-05-12 09:53:08,2362.5,255378
2021-05-12 09:53:10,2361.7,255390
2021-05-12 09:53:11,2362.1,255392
2021-05-12 09:53:12,2361.7,255466
2021-05-12 09:53:12,2361.7,255466
2021-05-12 09:53:13,2361.1,255495
2021-05-12 09:53:14,2361.1,255495
2021-05-12 09:53:15,2361.1,255495
2021-05-12 09:53:17,2361.45,255528
2021-05-12 09:53:18,2361.45,255532
2021-05-12 09:53:20,2362.9,256394
2021-05-12 09:53:20,2362.9,256394
2021-05-12 09:53:21,2362.9,256398
2021-05-12 09:53:22,2362.7,256528
2021-05-12 09:53:23,2362.7,256528
2021-05-12 09:53:24,2361.5,256578
2021-05-12 09:53:25,2362.7,256611
2021-05-12 09:53:26,2362.7,256612
2021-05-12 09:53:27,2362.7,256615
2021-05-12 09:53:28,2363.0,256648
2021-05-12 09:53:29,2363.0,256660
2021-05-12 09:53:30,2363.6,257809
2021-05-12 09:53:32,2364.0,257829
2021-05-12 09:53:33,2363.95,257880
2021-05-12 09:53:34,2363.95,258006
2021-05-12 09:53:35,2363.0,258073
2021-05-12 09:53:36,2364.0,258078
2021-05-12 09:53:37,2364.15,259027
2021-05-12 09:53:38,2364.15,259027
2021-05-12 09:53:39,2364.2,259091
2021-05-12 09:53:40,2363.6,259101
2021-05-12 09:53:41,2364.9,259161
2021-05-12 09:53:42,2364.9,259161
2021-05-12 09:53:43,2364.6,259213
2021-05-12 09:53:44,2364.9,259259
2021-05-12 09:53:44,2364.9,259323
2021-05-12 09:53:45,2364.35,259670
2021-05-12 09:53:46,2364.9,259733
2021-05-12 09:53:47,2364.15,259786
2021-05-12 09:53:48,2366.0,260661
2021-05-12 09:53:49,2366.15,260828
2021-05-12 09:53:50,2366.15,260941
2021-05-12 09:53:51,2366.0,261060
2021-05-12 09:53:52,2365.0,261122
2021-05-12 09:53:53,2365.15,261252
2021-05-12 09:53:55,2366.3,261314
2021-05-12 09:53:56,2366.2,261325
2021-05-12 09:53:57,2366.0,261331
2021-05-12 09:53:58,2365.0,261381
2021-05-12 09:53:58,2365.0,261381
2021-05-12 09:53:59,2366.0,261429
2021-05-12 09:54:02,2366.0,261458
2021-05-12 09:54:03,2366.0,261463
2021-05-12 09:54:04,2366.0,261464
2021-05-12 09:54:05,2366.0,261524
2021-05-12 09:54:06,2366.0,261535
2021-05-12 09:54:07,2364.9,261572
2021-05-12 09:54:08,2364.9,261572
2021-05-12 09:54:09,2364.9,261572
2021-05-12 09:54:09,2364.9,261572
2021-05-12 09:54:10,2365.35,261577
2021-05-12 09:54:12,2365.05,261590
2021-05-12 09:54:13,2365.35,261592
2021-05-12 09:54:14,2365.05,261603
2021-05-12 09:54:15,2364.9,261812
2021-05-12 09:54:16,2364.9,261837
2021-05-12 09:54:16,2364.9,261847
2021-05-12 09:54:17,2364.0,262379
2021-05-12 09:54:18,2364.45,262438
2021-05-12 09:54:19,2364.45,262438
2021-05-12 09:54:20,2362.9,262578
2021-05-12 09:54:21,2362.95,262608
2021-05-12 09:54:23,2362.9,262719
2021-05-12 09:54:24,2362.9,262723
2021-05-12 09:54:25,2362.9,262723
2021-05-12 09:54:26,2364.0,262724
2021-05-12 09:54:27,2364.0,262735
2021-05-12 09:54:27,2364.0,262735
2021-05-12 09:54:28,2364.0,262735
2021-05-12 09:54:29,2364.0,262735
2021-05-12 09:54:30,2364.0,262737
2021-05-12 09:54:31,2364.0,262737
2021-05-12 09:54:32,2364.0,262737
2021-05-12 09:54:33,2364.0,262738
2021-05-12 09:54:34,2363.1,262743
2021-05-12 09:54:35,2364.0,262750
2021-05-12 09:54:37,2364.0,262765
2021-05-12 09:54:38,2364.0,262790
2021-05-12 09:54:39,2363.55,262803
2021-05-12 09:54:40,2364.0,262873
2021-05-12 09:54:41,2364.7,262875
2021-05-12 09:54:41,2364.7,262878
2021-05-12 09:54:43,2364.05,262908
2021-05-12 09:54:44,2364.7,262915
2021-05-12 09:54:45,2364.0,262944
2021-05-12 09:54:46,2364.0,263461
2021-05-12 09:54:46,2364.0,263446
2021-05-12 09:54:47,2364.0,263461
2021-05-12 09:54:48,2364.0,263464
2021-05-12 09:54:49,2364.0,263586
2021-05-12 09:54:50,2364.55,263590
2021-05-12 09:54:51,2364.0,263595
2021-05-12 09:54:52,2364.3,263610
2021-05-12 09:54:53,2363.35,263660
2021-05-12 09:54:55,2363.35,263660
2021-05-12 09:54:56,2364.3,263662
2021-05-12 09:54:57,2364.3,263780
2021-05-12 09:54:58,2364.3,263805
2021-05-12 09:54:59,2364.0,263813
2021-05-12 09:55:00,2364.0,263813
2021-05-12 09:55:01,2363.0,263827
2021-05-12 09:55:02,2364.0,263843
2021-05-12 09:55:02,2364.0,263844
2021-05-12 09:55:03,2364.0,263844
2021-05-12 09:55:04,2363.95,263856
2021-05-12 09:55:05,2364.0,264057
2021-05-12 09:55:07,2364.0,264627
2021-05-12 09:55:07,2365.05,264984
2021-05-12 09:55:08,2365.1,265000
2021-05-12 09:55:09,2365.1,265000
2021-05-12 09:55:11,2365.2,265001
2021-05-12 09:55:12,2365.5,265194
2021-05-12 09:55:12,2363.55,266049
2021-05-12 09:55:13,2363.55,266049
2021-05-12 09:55:14,2364.25,266101
2021-05-12 09:55:16,2365.5,266102
2021-05-12 09:55:17,2365.55,266180
2021-05-12 09:55:18,2365.5,266287
2021-05-12 09:55:19,2365.3,266337
2021-05-12 09:55:20,2365.3,266337
2021-05-12 09:55:21,2365.0,266351
2021-05-12 09:55:21,2365.0,266364
2021-05-12 09:55:22,2365.0,266504
2021-05-12 09:55:24,2365.8,266834
2021-05-12 09:55:24,2365.3,266836
2021-05-12 09:55:25,2365.3,266837
2021-05-12 09:55:26,2365.35,266851
2021-05-12 09:55:27,2364.8,266895
2021-05-12 09:55:28,2364.8,266895
2021-05-12 09:55:29,2364.1,266935
2021-05-12 09:55:30,2364.6,266943
2021-05-12 09:55:31,2364.0,266984
2021-05-12 09:55:33,2364.4,266992
2021-05-12 09:55:34,2364.5,267002
2021-05-12 09:55:34,2364.5,267004
2021-05-12 09:55:35,2364.5,267009
2021-05-12 09:55:37,2364.5,267100
2021-05-12 09:55:38,2364.55,267157
2021-05-12 09:55:39,2364.25,267167
2021-05-12 09:55:39,2364.25,267169
2021-05-12 09:55:42,2364.25,267190
2021-05-12 09:55:42,2364.0,267224
2021-05-12 09:55:43,2364.25,267278
2021-05-12 09:55:44,2364.3,267280
2021-05-12 09:55:45,2364.0,267310
2021-05-12 09:55:46,2364.45,267314
2021-05-12 09:55:47,2364.45,267328
2021-05-12 09:55:48,2364.45,267332
2021-05-12 09:55:49,2364.45,267333
2021-05-12 09:55:50,2364.45,267337
2021-05-12 09:55:51,2364.45,267337
2021-05-12 09:55:52,2364.0,267484
2021-05-12 09:55:53,2364.0,267484
2021-05-12 09:55:54,2365.0,267485
2021-05-12 09:55:55,2365.0,267495
2021-05-12 09:55:56,2365.0,267515
2021-05-12 09:55:57,2365.0,267548
2021-05-12 09:55:58,2365.0,267548
2021-05-12 09:55:59,2365.0,267549
2021-05-12 09:56:00,2365.0,267554
2021-05-12 09:56:01,2365.0,267573
2021-05-12 09:56:02,2364.25,267623
2021-05-12 09:56:03,2364.95,267628
2021-05-12 09:56:04,2365.4,267752
2021-05-12 09:56:06,2365.4,267760
2021-05-12 09:56:08,2365.4,267790
2021-05-12 09:56:09,2365.0,267823
2021-05-12 09:56:10,2365.0,267829
2021-05-12 09:56:11,2365.0,267829
2021-05-12 09:56:12,2365.1,272028
2021-05-12 09:56:12,2365.15,272078
2021-05-12 09:56:14,2365.5,272080
2021-05-12 09:56:14,2365.95,272230
2021-05-12 09:56:15,2365.95,272631
2021-05-12 09:56:17,2365.25,272641
2021-05-12 09:56:18,2365.95,272706
2021-05-12 09:56:19,2365.95,272712
2021-05-12 09:56:20,2365.95,272767
2021-05-12 09:56:21,2365.0,272882
2021-05-12 09:56:21,2365.9,272894
2021-05-12 09:56:22,2364.55,273012
2021-05-12 09:56:23,2365.5,273013
2021-05-12 09:56:24,2366.0,273289
2021-05-12 09:56:25,2365.4,273290
2021-05-12 09:56:26,2365.95,273447
2021-05-12 09:56:27,2366.0,273540
2021-05-12 09:56:28,2365.95,273545
2021-05-12 09:56:30,2365.9,273560
2021-05-12 09:56:31,2365.4,273690
2021-05-12 09:56:32,2365.9,273698
2021-05-12 09:56:32,2365.9,273698
2021-05-12 09:56:33,2365.9,273700
2021-05-12 09:56:35,2365.9,273846
2021-05-12 09:56:36,2365.9,273847
2021-05-12 09:56:37,2365.85,273867
2021-05-12 09:56:38,2365.4,273922
2021-05-12 09:56:39,2365.7,273923
2021-05-12 09:56:40,2365.7,273924
2021-05-12 09:56:41,2365.7,273924
2021-05-12 09:56:42,2365.4,274270
2021-05-12 09:56:42,2365.4,274270
2021-05-12 09:56:43,2364.45,274318
2021-05-12 09:56:44,2364.45,274328
2021-05-12 09:56:45,2363.8,274920
2021-05-12 09:56:47,2363.4,275037
2021-05-12 09:56:48,2364.05,275063
2021-05-12 09:56:49,2363.2,275064
2021-05-12 09:56:50,2363.0,275373
2021-05-12 09:56:51,2363.85,275414
2021-05-12 09:56:52,2363.85,275485
2021-05-12 09:56:53,2363.75,275501
2021-05-12 09:56:53,2363.75,275526
2021-05-12 09:56:54,2363.65,275586
2021-05-12 09:56:55,2363.65,275587
2021-05-12 09:56:57,2362.5,275728
2021-05-12 09:56:58,2363.6,275733
2021-05-12 09:56:59,2363.6,275741
2021-05-12 09:57:00,2363.6,275799
2021-05-12 09:57:00,2363.6,275800
2021-05-12 09:57:01,2362.7,276034
2021-05-12 09:57:02,2362.45,276071
2021-05-12 09:57:03,2362.0,276208
2021-05-12 09:57:05,2362.2,276215
2021-05-12 09:57:06,2362.2,276217
2021-05-12 09:57:07,2361.4,276699
2021-05-12 09:57:08,2360.8,276702
2021-05-12 09:57:09,2361.45,276794
2021-05-12 09:57:09,2361.45,276794
2021-05-12 09:57:10,2361.5,276799
2021-05-12 09:57:11,2361.4,276800
2021-05-12 09:57:12,2360.55,276817
2021-05-12 09:57:13,2360.25,276857
2021-05-12 09:57:14,2361.3,276875
2021-05-12 09:57:16,2361.2,277663
2021-05-12 09:57:17,2360.4,277756
2021-05-12 09:57:18,2361.2,277791
2021-05-12 09:57:19,2360.2,277830
2021-05-12 09:57:20,2360.05,278899
2021-05-12 09:57:21,2360.05,278899
2021-05-12 09:57:21,2360.05,278899
2021-05-12 09:57:22,2359.5,278959
2021-05-12 09:57:23,2359.5,279035
2021-05-12 09:57:24,2359.65,279092
2021-05-12 09:57:25,2359.65,279172
2021-05-12 09:57:26,2360.8,279176
2021-05-12 09:57:28,2360.8,279198
2021-05-12 09:57:29,2360.8,279221
2021-05-12 09:57:30,2360.8,279277
2021-05-12 09:57:30,2360.0,279287
2021-05-12 09:57:31,2360.75,279290
2021-05-12 09:57:34,2360.75,279310
2021-05-12 09:57:35,2360.65,279311
2021-05-12 09:57:36,2360.65,279312
2021-05-12 09:57:37,2360.65,279376
2021-05-12 09:57:38,2360.6,279383
2021-05-12 09:57:39,2360.35,279399
2021-05-12 09:57:40,2360.35,279405
2021-05-12 09:57:41,2360.35,279408
2021-05-12 09:57:42,2360.35,279422
2021-05-12 09:57:42,2360.35,279422
2021-05-12 09:57:43,2360.0,279462
2021-05-12 09:57:44,2360.45,279583
2021-05-12 09:57:46,2360.45,279584
2021-05-12 09:57:47,2360.4,279588
2021-05-12 09:57:48,2359.5,279655
2021-05-12 09:57:49,2360.35,279676
2021-05-12 09:57:50,2360.0,280047
2021-05-12 09:57:51,2360.2,280068
2021-05-12 09:57:52,2359.5,280105
2021-05-12 09:57:53,2359.5,280640
2021-05-12 09:57:54,2359.5,280640
2021-05-12 09:57:55,2359.55,280641
2021-05-12 09:57:56,2359.5,281053
2021-05-12 09:57:56,2359.5,281053
2021-05-12 09:57:57,2358.9,281517
2021-05-12 09:57:58,2358.0,283226
2021-05-12 09:57:59,2358.0,283270
2021-05-12 09:58:02,2358.0,284323
2021-05-12 09:58:03,2358.25,284441
2021-05-12 09:58:04,2358.3,284523
2021-05-12 09:58:05,2359.1,284571
2021-05-12 09:58:06,2359.2,284759
2021-05-12 09:58:07,2359.2,285032
2021-05-12 09:58:08,2359.2,285033
2021-05-12 09:58:09,2359.2,285089
2021-05-12 09:58:09,2359.2,285089
2021-05-12 09:58:10,2359.9,285245
2021-05-12 09:58:11,2360.05,285246
2021-05-12 09:58:13,2358.55,285328
2021-05-12 09:58:14,2358.55,285328
2021-05-12 09:58:15,2359.45,285329
2021-05-12 09:58:16,2359.45,285345
2021-05-12 09:58:17,2359.45,285601
2021-05-12 09:58:18,2359.9,285605
2021-05-12 09:58:19,2360.0,285620
2021-05-12 09:58:20,2360.0,285722
2021-05-12 09:58:21,2360.65,285779
2021-05-12 09:58:22,2359.8,285798
2021-05-12 09:58:22,2359.8,285796
2021-05-12 09:58:23,2360.4,285811
2021-05-12 09:58:25,2360.4,286076
2021-05-12 09:58:27,2359.25,286118
2021-05-12 09:58:28,2360.35,286158
2021-05-12 09:58:29,2360.35,286172
2021-05-12 09:58:30,2360.35,286176
2021-05-12 09:58:31,2360.35,286185
2021-05-12 09:58:33,2360.35,286377
2021-05-12 09:58:34,2360.35,286378
2021-05-12 09:58:35,2360.4,286386
2021-05-12 09:58:35,2360.65,286385
2021-05-12 09:58:36,2360.65,286397
2021-05-12 09:58:37,2360.55,286406
2021-05-12 09:58:38,2360.9,286513
2021-05-12 09:58:39,2360.9,286513
2021-05-12 09:58:41,2360.8,286646
2021-05-12 09:58:42,2360.6,286657
2021-05-12 09:58:44,2360.9,286703
2021-05-12 09:58:45,2360.6,286804
2021-05-12 09:58:46,2360.6,286811
2021-05-12 09:58:47,2359.7,286860
2021-05-12 09:58:48,2360.9,286910
2021-05-12 09:58:48,2360.9,286910
2021-05-12 09:58:49,2360.9,286910
2021-05-12 09:58:50,2360.9,286915
2021-05-12 09:58:51,2360.9,286922
2021-05-12 09:58:53,2360.9,286934
2021-05-12 09:58:54,2360.9,287090
2021-05-12 09:58:55,2361.2,287160
2021-05-12 09:58:56,2360.85,287163
2021-05-12 09:58:57,2360.4,287186
2021-05-12 09:58:58,2360.8,287193
2021-05-12 09:58:59,2360.35,287198
2021-05-12 09:58:59,2360.35,287198
2021-05-12 09:59:00,2360.35,287214
2021-05-12 09:59:01,2360.3,287231
2021-05-12 09:59:04,2359.8,287485
2021-05-12 09:59:05,2359.8,287488
2021-05-12 09:59:06,2359.8,287505
2021-05-12 09:59:07,2359.65,287650
2021-05-12 09:59:08,2360.0,287700
2021-05-12 09:59:11,2359.75,287763
2021-05-12 09:59:13,2359.75,287912
2021-05-12 09:59:14,2360.55,287921
2021-05-12 09:59:14,2360.55,287921
2021-05-12 09:59:15,2360.5,287922
2021-05-12 09:59:16,2360.5,287937
2021-05-12 09:59:18,2359.8,287980
2021-05-12 09:59:19,2359.8,287980
2021-05-12 09:59:20,2360.5,288015
2021-05-12 09:59:21,2360.5,288040
2021-05-12 09:59:22,2360.5,288042
2021-05-12 09:59:24,2359.8,288114
2021-05-12 09:59:24,2359.8,288114
2021-05-12 09:59:25,2360.6,288165
2021-05-12 09:59:27,2361.1,288298
2021-05-12 09:59:28,2361.1,288309
2021-05-12 09:59:29,2361.1,288314
2021-05-12 09:59:30,2361.1,288338
2021-05-12 09:59:31,2361.1,288340
2021-05-12 09:59:32,2360.5,288393
2021-05-12 09:59:33,2360.95,288400
2021-05-12 09:59:34,2361.0,288401
2021-05-12 09:59:34,2360.95,288402
2021-05-12 09:59:35,2361.05,288450
2021-05-12 09:59:36,2360.95,288460
2021-05-12 09:59:38,2361.1,288625
2021-05-12 09:59:39,2361.1,288625
2021-05-12 09:59:40,2360.75,288647
2021-05-12 09:59:41,2360.75,288653
2021-05-12 09:59:42,2360.25,288725
2021-05-12 09:59:43,2360.25,288725
2021-05-12 09:59:44,2360.25,288725
2021-05-12 09:59:45,2361.0,288733
2021-05-12 09:59:46,2361.0,288743
2021-05-12 09:59:47,2361.0,288884
2021-05-12 09:59:48,2361.0,288913
2021-05-12 09:59:49,2360.75,289048
2021-05-12 09:59:50,2360.9,289054
2021-05-12 09:59:51,2360.9,289055
2021-05-12 09:59:52,2360.9,289072
2021-05-12 09:59:53,2360.9,289120
2021-05-12 09:59:54,2360.9,289120
2021-05-12 09:59:55,2360.9,289125
2021-05-12 09:59:56,2360.9,289125
2021-05-12 09:59:57,2360.85,289133
2021-05-12 09:59:58,2360.85,289133
2021-05-12 09:59:59,2360.85,289337
2021-05-12 10:00:00,2360.85,289347
2021-05-12 10:00:01,2360.85,289355
2021-05-12 10:00:03,2360.8,289471
2021-05-12 10:00:02,2360.8,289471
2021-05-12 10:00:04,2360.8,289472
2021-05-12 10:00:05,2360.8,289473
2021-05-12 10:00:06,2360.8,289493
2021-05-12 10:00:07,2360.8,290412
2021-05-12 10:00:08,2360.8,290413
2021-05-12 10:00:09,2360.45,290515
2021-05-12 10:00:10,2360.45,290515
2021-05-12 10:00:11,2360.5,290522
2021-05-12 10:00:12,2360.8,290568
2021-05-12 10:00:13,2360.8,290628
2021-05-12 10:00:14,2360.25,291839
2021-05-12 10:00:15,2360.8,291859
2021-05-12 10:00:16,2360.8,291859
2021-05-12 10:00:17,2360.3,292026
2021-05-12 10:00:19,2360.0,292138
2021-05-12 10:00:21,2360.3,292154
2021-05-12 10:00:22,2360.3,292267
2021-05-12 10:00:23,2360.3,292302
2021-05-12 10:00:24,2361.1,292392
2021-05-12 10:00:25,2361.1,292397
2021-05-12 10:00:26,2360.95,292400
2021-05-12 10:00:27,2360.95,292509
2021-05-12 10:00:28,2360.95,292517
2021-05-12 10:00:29,2360.3,292526
2021-05-12 10:00:30,2360.9,292537
2021-05-12 10:00:31,2360.9,292537
2021-05-12 10:00:32,2360.9,292537
2021-05-12 10:00:33,2360.9,292578
2021-05-12 10:00:34,2360.9,292618
2021-05-12 10:00:35,2360.2,292620
2021-05-12 10:00:36,2360.9,292646
2021-05-12 10:00:37,2360.9,292750
2021-05-12 10:00:38,2360.9,292750
2021-05-12 10:00:39,2360.9,292753
2021-05-12 10:00:40,2360.9,292766
2021-05-12 10:00:41,2361.3,292872
2021-05-12 10:00:42,2361.3,292872
2021-05-12 10:00:43,2360.9,292892
2021-05-12 10:00:44,2361.3,292893
2021-05-12 10:00:45,2361.3,292893
2021-05-12 10:00:46,2361.25,292900
2021-05-12 10:00:47,2361.25,292915
2021-05-12 10:00:48,2360.6,293052
2021-05-12 10:00:49,2360.6,293052
2021-05-12 10:00:50,2361.25,293060
2021-05-12 10:00:51,2360.4,293081
2021-05-12 10:00:53,2361.3,293116
2021-05-12 10:00:54,2361.3,293142
2021-05-12 10:00:55,2361.3,293151
2021-05-12 10:00:56,2361.3,293158
2021-05-12 10:00:57,2361.3,293186
2021-05-12 10:00:58,2361.3,293189
2021-05-12 10:00:59,2361.3,293211
2021-05-12 10:01:00,2361.3,293214
2021-05-12 10:01:01,2361.3,293215
2021-05-12 10:01:02,2361.3,293216
2021-05-12 10:01:03,2361.3,293252
2021-05-12 10:01:04,2361.3,293252
2021-05-12 10:01:05,2361.3,293277
2021-05-12 10:01:06,2361.3,293284
2021-05-12 10:01:07,2361.3,293284
2021-05-12 10:01:08,2361.4,293610
2021-05-12 10:01:09,2361.0,293651
2021-05-12 10:01:10,2361.3,293652
2021-05-12 10:01:11,2361.3,293658
2021-05-12 10:01:12,2360.9,293659
2021-05-12 10:01:13,2361.65,293722
2021-05-12 10:01:14,2361.65,293722
2021-05-12 10:01:15,2361.65,293722
2021-05-12 10:01:16,2361.65,293732
2021-05-12 10:01:17,2361.65,293732
2021-05-12 10:01:18,2361.65,293733
2021-05-12 10:01:19,2361.65,293746
2021-05-12 10:01:20,2361.65,293746
2021-05-12 10:01:21,2361.65,293763
2021-05-12 10:01:22,2361.95,293793
2021-05-12 10:01:23,2361.7,293796
2021-05-12 10:01:24,2361.95,293798
2021-05-12 10:01:25,2361.95,293816
2021-05-12 10:01:26,2361.95,293821
2021-05-12 10:01:27,2361.95,293821
2021-05-12 10:01:29,2361.95,293883
2021-05-12 10:01:28,2361.95,293883
2021-05-12 10:01:30,2361.9,293884
2021-05-12 10:01:31,2361.9,293885
2021-05-12 10:01:32,2361.05,293917
2021-05-12 10:01:33,2361.05,293922
2021-05-12 10:01:34,2361.05,293922
2021-05-12 10:01:35,2361.9,293998
2021-05-12 10:01:36,2361.9,293998
2021-05-12 10:01:37,2361.95,294000
2021-05-12 10:01:38,2361.95,294000
2021-05-12 10:01:39,2362.0,294058
2021-05-12 10:01:40,2362.0,294058
2021-05-12 10:01:41,2362.0,294059
2021-05-12 10:01:42,2362.0,294070
2021-05-12 10:01:43,2362.0,294075
2021-05-12 10:01:44,2362.0,294079
2021-05-12 10:01:45,2361.9,294080
2021-05-12 10:01:46,2362.0,294098
2021-05-12 10:01:47,2362.1,294102
2021-05-12 10:01:49,2362.1,294157
2021-05-12 10:01:49,2362.1,294157
2021-05-12 10:01:50,2362.1,294263
2021-05-12 10:01:52,2362.1,294265
2021-05-12 10:01:52,2362.1,294270
2021-05-12 10:01:53,2362.05,294356
2021-05-12 10:01:54,2362.05,294356
2021-05-12 10:01:55,2362.05,294378
2021-05-12 10:01:56,2362.0,294398
2021-05-12 10:01:57,2362.0,294430
2021-05-12 10:01:58,2362.0,294438
2021-05-12 10:01:59,2362.05,294464
2021-05-12 10:02:00,2362.35,294471
2021-05-12 10:02:01,2362.35,294475
2021-05-12 10:02:02,2362.35,294486
2021-05-12 10:02:03,2362.35,294494
2021-05-12 10:02:04,2362.35,294505
2021-05-12 10:02:05,2362.0,294613
2021-05-12 10:02:06,2362.0,294613
2021-05-12 10:02:07,2361.45,294653
2021-05-12 10:02:09,2362.35,294753
2021-05-12 10:02:09,2362.35,294753
2021-05-12 10:02:10,2361.45,294827
2021-05-12 10:02:11,2362.2,294835
2021-05-12 10:02:12,2362.2,294924
2021-05-12 10:02:13,2361.3,294968
2021-05-12 10:02:14,2361.15,294981
2021-05-12 10:02:15,2361.15,294981
2021-05-12 10:02:16,2361.95,294991
2021-05-12 10:02:18,2361.9,295036
2021-05-12 10:02:19,2361.9,295036
2021-05-12 10:02:19,2361.9,295036
2021-05-12 10:02:20,2362.0,295059
2021-05-12 10:02:21,2362.1,295088
2021-05-12 10:02:22,2362.05,295089
2021-05-12 10:02:23,2362.0,295093
2021-05-12 10:02:25,2361.9,295106
2021-05-12 10:02:25,2361.9,295108
2021-05-12 10:02:26,2361.9,295111
2021-05-12 10:02:29,2361.9,295307
2021-05-12 10:02:30,2361.9,295310
2021-05-12 10:02:31,2361.9,295314
2021-05-12 10:02:33,2361.5,295446
2021-05-12 10:02:34,2361.9,295447
2021-05-12 10:02:35,2361.9,295447
2021-05-12 10:02:37,2361.9,295467
2021-05-12 10:02:39,2361.7,295482
2021-05-12 10:02:39,2361.7,295482
2021-05-12 10:02:40,2361.7,295495
2021-05-12 10:02:41,2361.7,295605
2021-05-12 10:02:42,2362.2,295707
2021-05-12 10:02:44,2362.2,295733
2021-05-12 10:02:45,2362.2,295794
2021-05-12 10:02:47,2361.5,295807
2021-05-12 10:02:48,2361.4,295808
2021-05-12 10:02:50,2362.15,295818
2021-05-12 10:02:50,2361.9,295821
2021-05-12 10:02:51,2362.2,295861
2021-05-12 10:02:52,2361.95,295898
2021-05-12 10:02:53,2361.95,295899
2021-05-12 10:02:54,2361.95,295900
2021-05-12 10:02:55,2361.0,296100
2021-05-12 10:02:56,2361.2,296200
2021-05-12 10:02:57,2361.0,296254
2021-05-12 10:02:58,2361.2,296271
2021-05-12 10:02:59,2362.1,296517
2021-05-12 10:03:01,2361.75,296533
2021-05-12 10:03:01,2361.75,296533
2021-05-12 10:03:02,2361.75,296542
2021-05-12 10:03:03,2362.0,296576
2021-05-12 10:03:04,2362.0,296577
2021-05-12 10:03:05,2361.95,296647
2021-05-12 10:03:06,2361.95,296647
2021-05-12 10:03:08,2360.25,296780
2021-05-12 10:03:09,2360.95,296784
2021-05-12 10:03:10,2360.95,296784
2021-05-12 10:03:10,2360.95,296784
2021-05-12 10:03:11,2360.95,296799
2021-05-12 10:03:12,2360.95,296832
2021-05-12 10:03:13,2360.95,296852
2021-05-12 10:03:14,2360.0,297122
2021-05-12 10:03:15,2360.35,297144
2021-05-12 10:03:16,2360.35,297161
2021-05-12 10:03:17,2360.0,297210
2021-05-12 10:03:19,2360.35,297330
2021-05-12 10:03:19,2360.35,297330
2021-05-12 10:03:20,2360.25,297374
2021-05-12 10:03:21,2361.3,297396
2021-05-12 10:03:22,2361.3,297396
2021-05-12 10:03:24,2361.2,297414
2021-05-12 10:03:24,2361.2,297414
2021-05-12 10:03:25,2361.65,297516
2021-05-12 10:03:27,2360.4,297556
2021-05-12 10:03:28,2361.6,297606
2021-05-12 10:03:29,2361.95,297615
2021-05-12 10:03:30,2361.95,297619
2021-05-12 10:03:31,2361.95,297675
2021-05-12 10:03:33,2361.95,297676
2021-05-12 10:03:34,2361.95,297679
2021-05-12 10:03:35,2361.95,297709
2021-05-12 10:03:36,2361.95,297709
2021-05-12 10:03:38,2361.95,297761
2021-05-12 10:03:38,2361.95,297761
2021-05-12 10:03:39,2361.65,297769
2021-05-12 10:03:40,2361.65,297779
2021-05-12 10:03:41,2361.65,297835
2021-05-12 10:03:42,2361.65,298041
2021-05-12 10:03:43,2361.4,298078
2021-05-12 10:03:44,2361.4,298078
2021-05-12 10:03:45,2361.4,298079
2021-05-12 10:03:46,2362.0,298239
2021-05-12 10:03:47,2361.65,298291
2021-05-12 10:03:48,2361.65,298291
2021-05-12 10:03:49,2362.0,298370
2021-05-12 10:03:50,2362.0,298384
2021-05-12 10:03:51,2362.0,298404
2021-05-12 10:03:53,2361.4,298443
2021-05-12 10:03:54,2361.4,298443
2021-05-12 10:03:55,2361.3,298445
2021-05-12 10:03:56,2362.0,298451
2021-05-12 10:03:57,2362.4,298453
2021-05-12 10:03:58,2362.4,298455
2021-05-12 10:03:59,2362.4,298457
2021-05-12 10:04:01,2362.4,298520
2021-05-12 10:04:01,2362.4,298520
2021-05-12 10:04:02,2362.4,298520
2021-05-12 10:04:03,2362.4,298520
2021-05-12 10:04:04,2362.4,298527
2021-05-12 10:04:05,2361.75,298532
2021-05-12 10:04:06,2362.4,298543
2021-05-12 10:04:07,2362.4,298905
2021-05-12 10:04:08,2362.35,298998
2021-05-12 10:04:10,2362.35,298999
2021-05-12 10:04:11,2362.35,299035
2021-05-12 10:04:11,2362.35,299036
2021-05-12 10:04:12,2362.3,299168
2021-05-12 10:04:15,2362.05,299444
2021-05-12 10:04:14,2361.7,299223
2021-05-12 10:04:16,2362.65,299464
2021-05-12 10:04:17,2361.85,299562
2021-05-12 10:04:18,2363.0,299584
2021-05-12 10:04:20,2363.0,299586
2021-05-12 10:04:21,2363.05,299596
2021-05-12 10:04:22,2363.05,299602
2021-05-12 10:04:23,2362.7,299724
2021-05-12 10:04:24,2363.7,299736
2021-05-12 10:04:25,2363.7,299739
2021-05-12 10:04:27,2363.9,299825
2021-05-12 10:04:28,2364.0,299966
2021-05-12 10:04:30,2364.0,299968
2021-05-12 10:04:31,2364.0,299975
2021-05-12 10:04:32,2363.05,300041
2021-05-12 10:04:33,2364.0,300101
2021-05-12 10:04:36,2364.9,300499
2021-05-12 10:04:36,2364.9,300499
2021-05-12 10:04:37,2364.0,300816
2021-05-12 10:04:38,2364.6,300822
2021-05-12 10:04:40,2364.7,300949
2021-05-12 10:04:41,2364.55,301028
2021-05-12 10:04:42,2363.5,301076
2021-05-12 10:04:42,2364.55,301028
2021-05-12 10:04:43,2364.9,301394
2021-05-12 10:04:44,2364.95,301411
2021-05-12 10:04:45,2364.95,301431
2021-05-12 10:04:47,2364.95,301503
2021-05-12 10:04:48,2364.95,301556
2021-05-12 10:04:49,2364.95,301578
2021-05-12 10:04:50,2364.95,301656
2021-05-12 10:04:51,2364.95,301664
2021-05-12 10:04:51,2364.95,301664
2021-05-12 10:04:52,2364.95,301732
2021-05-12 10:04:53,2365.0,301755
2021-05-12 10:04:54,2364.95,301756
2021-05-12 10:04:56,2365.1,302090
2021-05-12 10:04:57,2365.0,302133
2021-05-12 10:04:58,2365.0,302193
2021-05-12 10:04:59,2365.0,302210
2021-05-12 10:05:00,2365.0,302210
2021-05-12 10:05:01,2364.8,302224
2021-05-12 10:05:02,2364.9,302236
2021-05-12 10:05:02,2364.9,302236
2021-05-12 10:05:03,2365.0,302301
2021-05-12 10:05:04,2365.3,303709
2021-05-12 10:05:05,2365.3,303711
2021-05-12 10:05:06,2365.3,303722
2021-05-12 10:05:07,2365.35,303847
2021-05-12 10:05:09,2365.35,303868
2021-05-12 10:05:10,2365.35,303880
2021-05-12 10:05:11,2364.95,303927
2021-05-12 10:05:11,2364.95,303927
2021-05-12 10:05:12,2364.25,304035
2021-05-12 10:05:13,2364.1,304068
2021-05-12 10:05:14,2365.65,304076
2021-05-12 10:05:15,2365.7,304087
2021-05-12 10:05:16,2365.7,304092
2021-05-12 10:05:17,2365.7,304099
2021-05-12 10:05:19,2365.7,304100
2021-05-12 10:05:20,2365.7,304100
2021-05-12 10:05:21,2366.0,304260
2021-05-12 10:05:21,2366.0,304260
2021-05-12 10:05:22,2365.7,304275
2021-05-12 10:05:23,2365.7,304275
2021-05-12 10:05:24,2365.7,304292
2021-05-12 10:05:25,2365.7,304298
2021-05-12 10:05:26,2365.7,304361
2021-05-12 10:05:27,2365.05,304393
2021-05-12 10:05:28,2365.4,304453
2021-05-12 10:05:31,2365.3,304692
2021-05-12 10:05:32,2363.55,304893
2021-05-12 10:05:32,2363.15,304943
2021-05-12 10:05:34,2363.15,304943
2021-05-12 10:05:35,2364.05,304948
2021-05-12 10:05:37,2364.05,304966
2021-05-12 10:05:38,2363.8,305009
2021-05-12 10:05:39,2363.8,305009
2021-05-12 10:05:39,2363.8,305009
2021-05-12 10:05:40,2363.6,305019
2021-05-12 10:05:41,2363.6,305037
2021-05-12 10:05:43,2363.6,305038
2021-05-12 10:05:44,2363.1,305242
2021-05-12 10:05:45,2363.1,305242
2021-05-12 10:05:45,2363.1,305242
2021-05-12 10:05:46,2363.1,305257
2021-05-12 10:05:47,2361.8,305331
2021-05-12 10:05:49,2363.1,305332
2021-05-12 10:05:49,2363.1,305335
2021-05-12 10:05:51,2362.4,305344
2021-05-12 10:05:52,2362.4,305613
2021-05-12 10:05:52,2362.4,305613
2021-05-12 10:05:53,2362.5,305686
2021-05-12 10:05:54,2362.5,305686
2021-05-12 10:05:55,2363.05,305704
2021-05-12 10:05:56,2363.1,305712
2021-05-12 10:05:57,2363.1,305750
2021-05-12 10:05:58,2363.1,305752
2021-05-12 10:06:00,2362.3,305773
2021-05-12 10:06:01,2363.1,305792
2021-05-12 10:06:02,2362.3,305796
2021-05-12 10:06:02,2362.3,305796
2021-05-12 10:06:04,2363.1,305812
2021-05-12 10:06:05,2363.1,305813
2021-05-12 10:06:06,2363.1,305813
2021-05-12 10:06:07,2363.05,305866
2021-05-12 10:06:08,2363.1,305874
2021-05-12 10:06:10,2363.05,305877
2021-05-12 10:06:11,2363.05,305877
2021-05-12 10:06:12,2362.25,305879
2021-05-12 10:06:13,2362.2,305963
2021-05-12 10:06:14,2361.1,305989
2021-05-12 10:06:14,2361.1,305989
2021-05-12 10:06:15,2361.4,306010
2021-05-12 10:06:17,2361.0,306021
2021-05-12 10:06:19,2362.4,306349
2021-05-12 10:06:20,2362.35,306358
2021-05-12 10:06:22,2361.3,306394
2021-05-12 10:06:23,2361.25,306429
2021-05-12 10:06:24,2361.25,306429
2021-05-12 10:06:25,2362.1,306454
2021-05-12 10:06:26,2362.3,306456
2021-05-12 10:06:27,2362.15,306460
2021-05-12 10:06:28,2362.15,306460
2021-05-12 10:06:28,2362.3,306464
2021-05-12 10:06:30,2362.0,306495
2021-05-12 10:06:32,2362.3,306514
2021-05-12 10:06:33,2362.3,306517
2021-05-12 10:06:35,2362.3,306570
2021-05-12 10:06:36,2362.3,306571
2021-05-12 10:06:37,2362.15,306573
2021-05-12 10:06:38,2362.3,306577
2021-05-12 10:06:39,2362.15,306602
2021-05-12 10:06:41,2362.0,306603
2021-05-12 10:06:42,2362.15,306608
2021-05-12 10:06:43,2362.15,307000
2021-05-12 10:06:44,2361.7,307100
2021-05-12 10:06:46,2362.65,307110
2021-05-12 10:06:47,2362.75,307113
2021-05-12 10:06:48,2362.5,307127
2021-05-12 10:06:49,2362.5,307129
2021-05-12 10:06:50,2361.9,307138
2021-05-12 10:06:50,2362.0,307137
2021-05-12 10:06:51,2361.9,307138
2021-05-12 10:06:53,2362.5,307212
2021-05-12 10:06:54,2362.5,307213
2021-05-12 10:06:55,2362.5,307218
2021-05-12 10:06:55,2362.5,307218
2021-05-12 10:06:56,2362.5,307240
2021-05-12 10:06:57,2362.0,307243
2021-05-12 10:07:00,2362.5,307254
2021-05-12 10:07:01,2362.5,307259
2021-05-12 10:07:02,2362.45,307528
2021-05-12 10:07:03,2362.5,307659
2021-05-12 10:07:04,2362.5,307669
2021-05-12 10:07:05,2362.5,307676
2021-05-12 10:07:06,2362.5,307755
2021-05-12 10:07:08,2363.1,308203
2021-05-12 10:07:09,2362.9,308205
2021-05-12 10:07:10,2362.9,308220
2021-05-12 10:07:11,2363.1,308243
2021-05-12 10:07:12,2362.95,308273
2021-05-12 10:07:12,2362.95,308273
2021-05-12 10:07:15,2363.5,308285
2021-05-12 10:07:16,2363.5,308288
2021-05-12 10:07:17,2363.1,308291
2021-05-12 10:07:18,2363.5,308292
2021-05-12 10:07:19,2362.9,308312
2021-05-12 10:07:20,2362.9,308312
2021-05-12 10:07:21,2362.9,308312
2021-05-12 10:07:22,2363.05,308321
2021-05-12 10:07:24,2363.05,308326
2021-05-12 10:07:25,2363.05,308326
2021-05-12 10:07:26,2363.05,308340
2021-05-12 10:07:27,2362.9,308343
2021-05-12 10:07:28,2362.9,308351
2021-05-12 10:07:28,2363.05,308350
2021-05-12 10:07:29,2363.05,308474
2021-05-12 10:07:30,2363.05,308474
2021-05-12 10:07:31,2362.85,308483
2021-05-12 10:07:32,2362.85,308494
2021-05-12 10:07:34,2362.9,308594
2021-05-12 10:07:35,2362.85,308597
2021-05-12 10:07:36,2363.5,309080
2021-05-12 10:07:37,2363.25,309152
2021-05-12 10:07:37,2363.25,309152
2021-05-12 10:07:38,2362.6,309154
2021-05-12 10:07:39,2362.6,309215
2021-05-12 10:07:40,2362.6,309215
2021-05-12 10:07:41,2362.6,309227
2021-05-12 10:07:42,2363.15,309283
2021-05-12 10:07:44,2362.6,309289
2021-05-12 10:07:45,2362.6,309302
2021-05-12 10:07:46,2362.65,309308
2021-05-12 10:07:47,2362.1,309310
2021-05-12 10:07:48,2362.1,309310
2021-05-12 10:07:49,2362.1,309313
2021-05-12 10:07:50,2362.1,309313
2021-05-12 10:07:50,2362.1,309313
2021-05-12 10:07:51,2362.7,309325
