timestamp,ltp,volume
2021-06-11 09:15:32,853.1,122771
2021-06-11 09:15:36,853.6,136185
2021-06-11 09:15:37,853.55,139037
2021-06-11 09:15:38,853.0,141109
2021-06-11 09:15:39,853.1,146965
2021-06-11 09:15:40,853.3,148374
2021-06-11 09:15:41,853.3,149031
2021-06-11 09:15:42,853.05,150385
2021-06-11 09:15:43,853.3,152449
2021-06-11 09:15:44,853.3,153382
2021-06-11 09:15:45,853.4,155998
2021-06-11 09:15:46,853.1,158265
2021-06-11 09:15:47,853.4,159233
2021-06-11 09:15:48,852.05,163813
2021-06-11 09:15:49,852.2,170073
2021-06-11 09:15:50,851.9,170348
2021-06-11 09:15:51,851.95,170965
2021-06-11 09:15:52,853.25,197370
2021-06-11 09:15:53,852.95,200378
2021-06-11 09:15:54,853.7,202398
2021-06-11 09:15:55,853.05,204939
2021-06-11 09:15:56,853.5,207932
2021-06-11 09:15:57,853.95,209314
2021-06-11 09:15:58,853.25,212388
2021-06-11 09:15:59,853.45,214492
2021-06-11 09:16:00,854.15,223332
2021-06-11 09:16:01,854.3,224900
2021-06-11 09:16:02,854.05,228201
2021-06-11 09:16:03,854.4,229695
2021-06-11 09:16:04,854.25,231094
2021-06-11 09:16:05,854.05,236153
2021-06-11 09:16:06,854.05,236438
2021-06-11 09:16:07,853.75,242998
2021-06-11 09:16:08,853.75,246332
2021-06-11 09:16:09,853.8,249603
2021-06-11 09:16:11,853.05,254831
2021-06-11 09:16:12,853.4,256656
2021-06-11 09:16:13,852.65,260457
2021-06-11 09:16:14,853.0,261078
2021-06-11 09:16:15,853.0,262166
2021-06-11 09:16:16,853.25,263173
2021-06-11 09:16:17,852.6,264919
2021-06-11 09:16:18,852.95,265024
2021-06-11 09:16:19,853.05,265634
2021-06-11 09:16:20,853.0,265732
2021-06-11 09:16:21,853.0,266552
2021-06-11 09:16:22,853.0,266871
2021-06-11 09:16:23,852.6,267757
2021-06-11 09:16:24,852.6,271115
2021-06-11 09:16:25,851.9,276972
2021-06-11 09:16:26,851.4,280905
2021-06-11 09:16:27,851.8,283012
2021-06-11 09:16:28,851.8,284240
2021-06-11 09:16:29,851.65,285430
2021-06-11 09:16:30,851.85,285810
2021-06-11 09:16:30,850.7,303146
2021-06-11 09:16:31,850.4,309950
2021-06-11 09:16:32,850.75,311565
2021-06-11 09:16:33,851.75,321041
2021-06-11 09:16:34,851.85,323573
2021-06-11 09:16:35,851.85,324174
2021-06-11 09:16:36,851.45,325176
2021-06-11 09:16:37,851.85,326276
2021-06-11 09:16:39,851.5,328170
2021-06-11 09:16:40,851.65,329204
2021-06-11 09:16:41,851.5,329979
2021-06-11 09:16:42,851.65,330482
2021-06-11 09:16:43,851.65,331512
2021-06-11 09:16:44,852.25,335344
2021-06-11 09:16:45,852.0,335426
2021-06-11 09:16:46,852.0,336568
2021-06-11 09:16:47,851.85,336775
2021-06-11 09:16:48,851.85,337400
2021-06-11 09:16:48,852.0,337415
2021-06-11 09:16:49,852.0,337745
2021-06-11 09:16:50,851.9,340086
2021-06-11 09:16:51,852.0,341186
2021-06-11 09:16:52,852.9,348013
2021-06-11 09:16:53,853.0,348229
2021-06-11 09:16:54,853.0,349073
2021-06-11 09:16:55,853.4,353656
2021-06-11 09:16:56,853.5,354169
2021-06-11 09:16:57,853.8,355677
2021-06-11 09:16:58,853.35,356801
2021-06-11 09:16:59,853.8,357536
2021-06-11 09:17:00,853.8,359775
2021-06-11 09:17:01,853.8,360553
2021-06-11 09:17:02,853.45,361292
2021-06-11 09:17:03,853.45,362303
2021-06-11 09:17:04,853.8,362587
2021-06-11 09:17:05,853.5,363359
2021-06-11 09:17:06,853.8,364273
2021-06-11 09:17:07,853.8,364326
2021-06-11 09:17:08,853.65,365882
2021-06-11 09:17:09,853.65,367071
2021-06-11 09:17:10,853.45,367933
2021-06-11 09:17:11,853.65,370979
2021-06-11 09:17:12,853.65,372266
2021-06-11 09:17:13,853.65,374097
2021-06-11 09:17:14,853.7,374253
2021-06-11 09:17:15,854.0,375394
2021-06-11 09:17:16,854.0,376565
2021-06-11 09:17:17,854.0,376765
2021-06-11 09:17:18,853.8,377846
2021-06-11 09:17:19,854.0,381374
2021-06-11 09:17:20,854.05,385251
2021-06-11 09:17:21,854.05,385358
2021-06-11 09:17:22,854.2,386004
2021-06-11 09:17:24,853.75,386727
2021-06-11 09:17:25,854.05,387247
2021-06-11 09:17:26,854.25,389937
2021-06-11 09:17:27,854.0,391435
2021-06-11 09:17:28,854.1,391689
2021-06-11 09:17:29,854.35,392731
2021-06-11 09:17:30,854.7,394706
2021-06-11 09:17:31,854.7,395718
2021-06-11 09:17:32,854.75,397955
2021-06-11 09:17:33,854.2,399212
2021-06-11 09:17:34,854.6,400088
2021-06-11 09:17:35,854.05,403163
2021-06-11 09:17:36,854.65,403884
2021-06-11 09:17:37,854.7,403982
2021-06-11 09:17:38,854.7,406103
2021-06-11 09:17:39,854.35,407980
2021-06-11 09:17:40,855.75,426124
2021-06-11 09:17:41,855.95,438304
2021-06-11 09:17:42,855.8,440033
2021-06-11 09:17:43,856.3,442312
2021-06-11 09:17:43,856.3,442312
2021-06-11 09:17:44,856.2,443345
2021-06-11 09:17:45,856.4,446726
2021-06-11 09:17:46,855.3,449343
2021-06-11 09:17:47,855.0,450168
2021-06-11 09:17:48,855.7,452464
2021-06-11 09:17:49,855.0,469488
2021-06-11 09:17:50,855.15,474362
2021-06-11 09:17:51,855.8,475505
2021-06-11 09:17:52,855.6,476067
2021-06-11 09:17:53,855.8,476697
2021-06-11 09:17:54,855.7,476895
2021-06-11 09:17:55,855.7,477479
2021-06-11 09:17:56,855.75,489164
2021-06-11 09:17:57,855.3,494285
2021-06-11 09:17:58,855.9,496188
2021-06-11 09:17:59,855.55,497602
2021-06-11 09:18:01,855.55,500869
2021-06-11 09:18:02,855.9,501718
2021-06-11 09:18:03,856.1,512213
2021-06-11 09:18:04,855.85,514782
2021-06-11 09:18:05,856.0,516797
2021-06-11 09:18:07,855.9,518791
2021-06-11 09:18:08,856.0,520536
2021-06-11 09:18:09,855.85,522659
2021-06-11 09:18:10,855.45,523613
2021-06-11 09:18:11,855.95,524187
2021-06-11 09:18:12,855.55,527095
2021-06-11 09:18:13,855.45,527201
2021-06-11 09:18:14,855.0,528150
2021-06-11 09:18:15,854.8,532490
2021-06-11 09:18:15,854.8,532490
2021-06-11 09:18:16,854.8,533327
2021-06-11 09:18:17,854.75,534483
2021-06-11 09:18:18,855.2,534917
2021-06-11 09:18:19,854.8,536206
2021-06-11 09:18:20,855.0,537480
2021-06-11 09:18:21,854.9,538322
2021-06-11 09:18:22,855.0,540229
2021-06-11 09:18:23,854.9,540623
2021-06-11 09:18:25,854.95,543976
2021-06-11 09:18:26,854.95,544071
2021-06-11 09:18:27,854.8,544836
2021-06-11 09:18:30,854.55,546904
2021-06-11 09:18:31,854.5,547786
2021-06-11 09:18:32,854.4,551858
2021-06-11 09:18:33,854.45,552483
2021-06-11 09:18:34,854.35,553635
2021-06-11 09:18:35,854.25,557860
2021-06-11 09:18:36,854.35,558886
2021-06-11 09:18:37,854.0,559412
2021-06-11 09:18:38,854.35,560180
2021-06-11 09:18:38,853.95,560226
2021-06-11 09:18:39,853.75,569745
2021-06-11 09:18:40,854.15,573415
2021-06-11 09:18:41,854.05,573888
2021-06-11 09:18:42,854.05,574246
2021-06-11 09:18:43,853.6,575976
2021-06-11 09:18:44,853.55,576526
2021-06-11 09:18:45,853.55,577697
2021-06-11 09:18:46,853.3,578033
2021-06-11 09:18:47,853.55,578597
2021-06-11 09:18:49,853.3,580233
2021-06-11 09:18:50,853.5,581573
2021-06-11 09:18:51,853.55,581675
2021-06-11 09:18:51,853.15,581685
2021-06-11 09:18:52,853.3,581740
2021-06-11 09:18:53,853.1,582666
2021-06-11 09:18:54,853.25,583016
2021-06-11 09:18:55,853.35,583154
2021-06-11 09:18:56,853.35,583391
2021-06-11 09:18:57,853.35,583531
2021-06-11 09:18:58,853.3,586802
2021-06-11 09:18:59,853.2,586956
2021-06-11 09:19:00,853.3,588798
2021-06-11 09:19:01,853.0,594367
2021-06-11 09:19:02,852.9,594577
2021-06-11 09:19:03,853.3,595317
2021-06-11 09:19:04,853.0,595987
2021-06-11 09:19:05,853.0,596499
2021-06-11 09:19:06,853.2,596691
2021-06-11 09:19:07,853.2,598006
2021-06-11 09:19:08,852.9,598864
2021-06-11 09:19:09,853.0,599076
2021-06-11 09:19:11,853.05,600228
2021-06-11 09:19:12,853.0,602168
2021-06-11 09:19:13,853.35,606746
2021-06-11 09:19:14,853.05,608022
2021-06-11 09:19:15,853.5,611091
2021-06-11 09:19:16,853.45,613126
2021-06-11 09:19:17,853.2,613307
2021-06-11 09:19:18,853.3,613804
2021-06-11 09:19:18,853.3,613804
2021-06-11 09:19:20,853.45,614320
2021-06-11 09:19:22,853.8,614575
2021-06-11 09:19:23,853.6,617321
2021-06-11 09:19:24,853.6,618101
2021-06-11 09:19:24,853.6,618101
2021-06-11 09:19:25,853.8,620669
2021-06-11 09:19:26,853.55,623749
2021-06-11 09:19:28,853.95,623895
2021-06-11 09:19:29,853.5,624313
2021-06-11 09:19:30,853.95,626283
2021-06-11 09:19:31,854.35,626855
2021-06-11 09:19:32,854.35,627514
2021-06-11 09:19:32,854.25,627516
2021-06-11 09:19:33,854.35,628449
2021-06-11 09:19:34,854.35,628668
2021-06-11 09:19:35,854.35,629300
2021-06-11 09:19:37,854.1,629637
2021-06-11 09:19:38,854.1,629866
2021-06-11 09:19:39,854.2,629977
2021-06-11 09:19:40,854.2,630925
2021-06-11 09:19:41,853.95,631027
2021-06-11 09:19:42,854.0,631127
2021-06-11 09:19:43,854.0,631280
2021-06-11 09:19:44,854.0,631943
2021-06-11 09:19:44,854.0,631943
2021-06-11 09:19:45,853.65,632755
2021-06-11 09:19:46,853.65,636781
2021-06-11 09:19:47,853.65,636851
2021-06-11 09:19:48,853.65,639117
2021-06-11 09:19:49,853.65,639232
2021-06-11 09:19:52,853.65,640254
2021-06-11 09:19:53,853.6,643092
2021-06-11 09:19:54,853.55,643477
2021-06-11 09:19:55,853.65,646901
2021-06-11 09:19:55,853.65,646921
2021-06-11 09:19:56,853.65,646956
2021-06-11 09:19:57,853.65,647187
2021-06-11 09:19:58,853.65,648343
2021-06-11 09:20:00,853.7,648860
2021-06-11 09:20:01,854.0,649612
2021-06-11 09:20:02,853.85,649679
2021-06-11 09:20:03,853.65,649812
2021-06-11 09:20:04,853.65,650549
2021-06-11 09:20:05,854.0,651970
2021-06-11 09:20:06,854.0,651990
2021-06-11 09:20:07,854.0,652099
2021-06-11 09:20:08,853.95,653930
2021-06-11 09:20:09,853.95,654310
2021-06-11 09:20:10,853.65,654606
2021-06-11 09:20:11,853.5,657598
2021-06-11 09:20:11,853.5,657698
2021-06-11 09:20:12,853.2,658645
2021-06-11 09:20:13,852.65,666873
2021-06-11 09:20:14,852.7,667541
2021-06-11 09:20:15,852.65,670467
2021-06-11 09:20:16,852.35,670582
2021-06-11 09:20:18,852.4,675186
2021-06-11 09:20:19,852.65,677656
2021-06-11 09:20:20,852.6,678382
2021-06-11 09:20:21,852.65,678762
2021-06-11 09:20:22,852.65,678956
2021-06-11 09:20:23,852.2,681230
2021-06-11 09:20:24,852.55,681375
2021-06-11 09:20:24,852.55,681375
2021-06-11 09:20:25,852.2,682540
2021-06-11 09:20:26,852.5,682948
2021-06-11 09:20:27,852.5,685060
2021-06-11 09:20:30,853.0,686132
2021-06-11 09:20:31,852.95,687853
2021-06-11 09:20:32,853.0,689733
2021-06-11 09:20:33,853.0,689888
2021-06-11 09:20:34,853.0,690218
2021-06-11 09:20:35,853.0,690420
2021-06-11 09:20:36,853.0,691046
2021-06-11 09:20:37,852.75,691059
2021-06-11 09:20:37,852.75,691059
2021-06-11 09:20:38,852.8,691610
2021-06-11 09:20:40,852.85,691675
2021-06-11 09:20:42,852.9,691868
2021-06-11 09:20:43,852.95,696124
2021-06-11 09:20:44,852.95,696290
2021-06-11 09:20:45,852.95,696487
2021-06-11 09:20:46,852.95,696873
2021-06-11 09:20:47,852.9,696874
2021-06-11 09:20:48,852.9,696925
2021-06-11 09:20:49,852.95,697050
2021-06-11 09:20:50,853.0,697686
2021-06-11 09:20:51,852.9,698067
2021-06-11 09:20:52,853.0,698439
2021-06-11 09:20:52,853.0,698439
2021-06-11 09:20:53,853.0,700035
2021-06-11 09:20:54,852.95,700250
2021-06-11 09:20:55,852.95,700971
2021-06-11 09:20:56,853.05,701011
2021-06-11 09:20:58,853.05,701255
2021-06-11 09:20:59,853.0,701986
2021-06-11 09:21:00,853.4,702206
2021-06-11 09:21:01,853.4,702313
2021-06-11 09:21:02,853.25,702370
2021-06-11 09:21:03,853.3,703033
2021-06-11 09:21:04,853.4,703575
2021-06-11 09:21:05,853.25,704585
2021-06-11 09:21:06,853.05,704815
2021-06-11 09:21:06,853.25,704915
2021-06-11 09:21:07,853.2,705464
2021-06-11 09:21:08,852.95,708432
2021-06-11 09:21:09,852.95,709351
2021-06-11 09:21:10,852.75,709453
2021-06-11 09:21:11,853.05,709736
2021-06-11 09:21:13,852.75,709921
2021-06-11 09:21:14,853.0,711440
2021-06-11 09:21:15,853.0,711465
2021-06-11 09:21:16,852.75,712111
2021-06-11 09:21:17,852.75,712477
2021-06-11 09:21:18,852.5,712643
2021-06-11 09:21:19,852.55,712789
2021-06-11 09:21:20,852.75,713440
2021-06-11 09:21:21,852.55,713504
2021-06-11 09:21:22,852.75,714928
2021-06-11 09:21:23,852.75,715343
2021-06-11 09:21:24,852.7,718283
2021-06-11 09:21:25,852.75,718692
2021-06-11 09:21:26,852.65,719890
2021-06-11 09:21:27,853.0,720291
2021-06-11 09:21:28,853.0,721053
2021-06-11 09:21:28,853.0,721200
2021-06-11 09:21:29,853.0,721200
2021-06-11 09:21:30,853.0,722051
2021-06-11 09:21:32,852.75,722089
2021-06-11 09:21:33,853.0,722155
2021-06-11 09:21:34,853.0,722270
2021-06-11 09:21:35,853.0,722431
2021-06-11 09:21:35,852.85,722531
2021-06-11 09:21:36,853.0,722533
2021-06-11 09:21:37,852.85,722748
2021-06-11 09:21:39,852.9,723076
2021-06-11 09:21:40,852.9,723343
2021-06-11 09:21:41,852.9,723550
2021-06-11 09:21:42,852.85,723596
2021-06-11 09:21:43,852.9,723818
2021-06-11 09:21:44,852.9,724156
2021-06-11 09:21:44,852.9,724156
2021-06-11 09:21:45,852.9,725096
2021-06-11 09:21:46,852.85,726398
2021-06-11 09:21:47,852.85,726624
2021-06-11 09:21:48,852.85,729686
2021-06-11 09:21:49,852.85,729686
2021-06-11 09:21:50,852.85,729983
2021-06-11 09:21:51,852.95,730217
2021-06-11 09:21:53,852.85,730517
2021-06-11 09:21:54,852.9,730843
2021-06-11 09:21:55,852.75,732687
2021-06-11 09:21:56,852.9,733322
2021-06-11 09:21:57,852.9,733332
2021-06-11 09:21:58,852.95,734266
2021-06-11 09:21:59,852.7,734455
2021-06-11 09:22:00,852.65,735291
2021-06-11 09:22:01,852.65,736049
2021-06-11 09:22:02,852.7,736298
2021-06-11 09:22:03,852.7,736557
2021-06-11 09:22:04,852.65,738274
2021-06-11 09:22:05,852.65,738657
2021-06-11 09:22:06,852.65,738857
2021-06-11 09:22:07,852.5,739109
2021-06-11 09:22:08,852.15,753120
2021-06-11 09:22:09,852.0,753170
2021-06-11 09:22:10,851.75,753376
2021-06-11 09:22:10,851.75,753376
2021-06-11 09:22:11,851.7,753617
2021-06-11 09:22:13,851.75,754973
2021-06-11 09:22:14,851.75,755357
2021-06-11 09:22:15,851.75,755618
2021-06-11 09:22:17,851.7,760764
2021-06-11 09:22:18,851.7,762344
2021-06-11 09:22:19,851.95,763679
2021-06-11 09:22:20,852.5,764479
2021-06-11 09:22:21,852.1,764600
2021-06-11 09:22:22,852.45,764737
2021-06-11 09:22:23,852.45,766190
2021-06-11 09:22:24,852.1,766197
2021-06-11 09:22:25,852.45,766377
2021-06-11 09:22:26,852.0,766923
2021-06-11 09:22:27,852.15,767484
2021-06-11 09:22:28,852.15,767535
2021-06-11 09:22:29,852.0,767810
2021-06-11 09:22:30,852.1,767929
2021-06-11 09:22:31,852.1,767945
2021-06-11 09:22:32,851.95,771202
2021-06-11 09:22:32,852.05,771702
2021-06-11 09:22:33,851.65,771704
2021-06-11 09:22:34,851.65,772579
2021-06-11 09:22:35,852.0,772622
2021-06-11 09:22:36,851.95,772983
2021-06-11 09:22:37,851.7,773419
2021-06-11 09:22:38,851.6,774598
2021-06-11 09:22:40,851.85,774722
2021-06-11 09:22:41,851.65,775423
2021-06-11 09:22:42,851.6,775640
2021-06-11 09:22:43,851.6,775752
2021-06-11 09:22:44,851.6,776747
2021-06-11 09:22:45,851.6,780220
2021-06-11 09:22:46,851.6,780293
2021-06-11 09:22:47,851.6,781953
2021-06-11 09:22:47,851.6,781999
2021-06-11 09:22:48,851.95,785595
2021-06-11 09:22:50,851.65,785637
2021-06-11 09:22:51,852.0,785721
2021-06-11 09:22:53,851.7,785971
2021-06-11 09:22:54,852.0,786827
2021-06-11 09:22:55,851.6,786844
2021-06-11 09:22:58,851.7,789081
2021-06-11 09:22:59,852.0,789133
2021-06-11 09:23:00,852.0,789191
2021-06-11 09:23:01,852.0,789332
2021-06-11 09:23:02,851.7,792140
2021-06-11 09:23:03,851.95,792462
2021-06-11 09:23:04,851.95,792611
2021-06-11 09:23:05,852.0,793316
2021-06-11 09:23:06,852.0,793427
2021-06-11 09:23:07,852.0,793541
2021-06-11 09:23:08,852.0,795233
2021-06-11 09:23:09,852.0,796347
2021-06-11 09:23:10,851.95,796425
2021-06-11 09:23:11,851.75,796435
2021-06-11 09:23:12,851.75,796754
2021-06-11 09:23:12,851.9,797254
2021-06-11 09:23:14,851.7,798183
2021-06-11 09:23:15,851.95,799006
2021-06-11 09:23:16,851.9,799131
2021-06-11 09:23:17,851.95,799701
2021-06-11 09:23:18,851.7,799731
2021-06-11 09:23:19,851.95,800256
2021-06-11 09:23:21,851.7,801172
2021-06-11 09:23:22,851.75,803883
2021-06-11 09:23:23,851.6,804048
2021-06-11 09:23:24,851.8,804060
2021-06-11 09:23:25,851.8,804117
2021-06-11 09:23:26,851.85,804415
2021-06-11 09:23:27,851.7,804767
2021-06-11 09:23:28,851.6,805893
2021-06-11 09:23:29,851.6,810195
2021-06-11 09:23:30,851.3,814823
2021-06-11 09:23:31,851.6,819265
2021-06-11 09:23:32,851.55,819283
2021-06-11 09:23:33,851.15,822685
2021-06-11 09:23:34,851.2,822955
2021-06-11 09:23:35,851.2,822966
2021-06-11 09:23:36,851.45,824338
2021-06-11 09:23:37,851.45,824457
2021-06-11 09:23:38,851.2,825954
2021-06-11 09:23:39,851.15,826509
2021-06-11 09:23:40,851.55,827233
2021-06-11 09:23:41,851.55,827384
2021-06-11 09:23:42,850.8,838479
2021-06-11 09:23:43,850.9,839541
2021-06-11 09:23:44,850.55,839657
2021-06-11 09:23:45,850.8,840465
2021-06-11 09:23:46,850.25,852153
2021-06-11 09:23:47,850.55,853345
2021-06-11 09:23:48,850.25,854576
2021-06-11 09:23:49,850.65,854847
2021-06-11 09:23:50,850.3,855574
2021-06-11 09:23:51,850.45,855712
2021-06-11 09:23:52,850.25,856535
2021-06-11 09:23:53,850.3,858276
2021-06-11 09:23:54,850.25,858332
2021-06-11 09:23:57,850.25,861906
2021-06-11 09:23:59,850.2,865248
2021-06-11 09:24:01,850.2,866968
2021-06-11 09:24:02,850.15,868037
2021-06-11 09:24:03,850.3,868795
2021-06-11 09:24:04,850.2,871030
2021-06-11 09:24:05,850.15,872593
2021-06-11 09:24:06,850.25,872731
2021-06-11 09:24:07,850.1,875170
2021-06-11 09:24:08,850.25,876238
2021-06-11 09:24:09,850.1,876793
2021-06-11 09:24:10,850.05,878212
2021-06-11 09:24:11,850.05,878369
2021-06-11 09:24:12,850.05,878510
2021-06-11 09:24:13,849.0,902213
2021-06-11 09:24:14,848.95,903853
2021-06-11 09:24:15,849.25,905616
2021-06-11 09:24:16,848.95,905970
2021-06-11 09:24:17,848.75,906727
2021-06-11 09:24:18,849.0,908244
2021-06-11 09:24:19,848.95,910193
2021-06-11 09:24:20,849.0,910256
2021-06-11 09:24:22,849.0,912319
2021-06-11 09:24:23,849.55,913079
2021-06-11 09:24:24,849.55,914260
2021-06-11 09:24:25,849.4,914346
2021-06-11 09:24:26,849.55,915516
2021-06-11 09:24:27,849.55,916501
2021-06-11 09:24:28,849.2,916552
2021-06-11 09:24:30,849.1,917355
2021-06-11 09:24:29,849.3,917332
2021-06-11 09:24:31,849.15,918143
2021-06-11 09:24:32,849.15,919542
2021-06-11 09:24:33,849.15,919655
2021-06-11 09:24:34,849.1,920009
2021-06-11 09:24:36,849.15,922368
2021-06-11 09:24:35,849.0,921855
2021-06-11 09:24:37,849.15,927176
2021-06-11 09:24:38,849.65,932320
2021-06-11 09:24:39,849.6,933707
2021-06-11 09:24:40,850.0,935862
2021-06-11 09:24:41,850.0,935913
2021-06-11 09:24:42,850.1,937089
2021-06-11 09:24:43,850.15,938172
2021-06-11 09:24:44,850.4,940419
2021-06-11 09:24:45,850.55,946412
2021-06-11 09:24:46,850.95,947118
2021-06-11 09:24:47,850.6,947955
2021-06-11 09:24:48,851.0,948006
2021-06-11 09:24:49,850.6,948032
2021-06-11 09:24:50,851.0,949910
2021-06-11 09:24:51,851.05,950672
2021-06-11 09:24:52,851.1,951094
2021-06-11 09:24:53,851.2,951915
2021-06-11 09:24:54,851.2,951915
2021-06-11 09:24:55,851.15,951936
2021-06-11 09:24:56,851.45,951961
2021-06-11 09:24:57,851.45,954139
2021-06-11 09:24:58,851.45,956002
2021-06-11 09:24:59,851.45,956155
2021-06-11 09:25:00,851.45,956179
2021-06-11 09:25:01,851.15,956508
2021-06-11 09:25:02,851.2,957558
2021-06-11 09:25:03,851.0,957974
2021-06-11 09:25:04,851.4,958762
2021-06-11 09:25:05,851.05,960198
2021-06-11 09:25:06,851.1,960211
2021-06-11 09:25:07,851.15,960891
2021-06-11 09:25:08,850.8,960921
2021-06-11 09:25:09,850.8,961927
2021-06-11 09:25:10,851.05,962502
2021-06-11 09:25:11,850.5,963179
2021-06-11 09:25:12,850.55,964350
2021-06-11 09:25:13,850.5,964952
2021-06-11 09:25:14,850.3,965844
2021-06-11 09:25:15,850.7,966058
2021-06-11 09:25:16,850.15,966238
2021-06-11 09:25:17,850.15,966455
2021-06-11 09:25:18,850.6,967173
2021-06-11 09:25:19,850.25,967223
2021-06-11 09:25:20,850.65,967891
2021-06-11 09:25:21,850.7,970041
2021-06-11 09:25:22,850.5,970105
2021-06-11 09:25:23,850.5,970324
2021-06-11 09:25:24,850.5,970324
2021-06-11 09:25:25,850.65,970567
2021-06-11 09:25:26,850.15,971049
2021-06-11 09:25:27,850.05,971114
2021-06-11 09:25:28,850.1,974493
2021-06-11 09:25:29,850.2,974501
2021-06-11 09:25:31,850.0,974622
2021-06-11 09:25:31,850.0,974622
2021-06-11 09:25:32,850.15,974905
2021-06-11 09:25:33,850.15,975015
2021-06-11 09:25:34,849.8,975894
2021-06-11 09:25:35,850.0,977720
2021-06-11 09:25:36,850.15,978939
2021-06-11 09:25:37,850.2,980192
2021-06-11 09:25:38,850.0,980342
2021-06-11 09:25:39,850.2,980513
2021-06-11 09:25:40,850.05,981664
2021-06-11 09:25:41,850.1,981926
2021-06-11 09:25:42,850.05,982386
2021-06-11 09:25:43,850.15,983012
2021-06-11 09:25:44,850.5,983765
2021-06-11 09:25:45,850.05,984129
2021-06-11 09:25:46,850.05,984448
2021-06-11 09:25:47,850.1,984919
2021-06-11 09:25:48,850.0,985719
2021-06-11 09:25:49,850.4,986014
2021-06-11 09:25:51,850.1,986590
2021-06-11 09:25:52,850.5,986607
2021-06-11 09:25:53,850.5,986639
2021-06-11 09:25:54,850.5,986816
2021-06-11 09:25:55,850.1,987559
2021-06-11 09:25:56,850.15,988283
2021-06-11 09:25:57,850.5,989853
2021-06-11 09:25:58,850.4,990016
2021-06-11 09:25:58,850.4,990016
2021-06-11 09:25:59,850.5,990038
2021-06-11 09:26:00,850.5,990198
2021-06-11 09:26:01,850.5,990345
2021-06-11 09:26:02,850.4,990393
2021-06-11 09:26:03,850.3,990679
2021-06-11 09:26:04,850.35,990829
2021-06-11 09:26:05,850.15,994970
2021-06-11 09:26:07,850.15,995748
2021-06-11 09:26:07,850.35,996148
2021-06-11 09:26:08,850.35,996301
2021-06-11 09:26:09,850.2,996384
2021-06-11 09:26:10,850.2,996730
2021-06-11 09:26:11,850.1,997662
2021-06-11 09:26:12,850.3,997861
2021-06-11 09:26:13,850.2,997928
2021-06-11 09:26:14,849.55,1007859
2021-06-11 09:26:15,849.75,1010738
2021-06-11 09:26:16,849.25,1011291
2021-06-11 09:26:17,849.05,1019133
2021-06-11 09:26:18,849.05,1019585
2021-06-11 09:26:19,849.0,1019595
2021-06-11 09:26:20,848.55,1019845
2021-06-11 09:26:21,848.6,1020196
2021-06-11 09:26:22,848.55,1028927
2021-06-11 09:26:23,848.9,1029447
2021-06-11 09:26:24,848.55,1029975
2021-06-11 09:26:25,848.85,1030446
2021-06-11 09:26:26,848.8,1030790
2021-06-11 09:26:27,848.5,1030975
2021-06-11 09:26:28,848.5,1031100
2021-06-11 09:26:29,848.55,1031332
2021-06-11 09:26:30,848.8,1031594
2021-06-11 09:26:31,848.55,1031706
2021-06-11 09:26:32,848.85,1032661
2021-06-11 09:26:33,849.0,1033371
2021-06-11 09:26:34,849.0,1033748
2021-06-11 09:26:36,848.75,1034549
2021-06-11 09:26:37,849.0,1034980
2021-06-11 09:26:38,848.85,1041702
2021-06-11 09:26:38,848.75,1041719
2021-06-11 09:26:39,848.85,1043273
2021-06-11 09:26:40,848.95,1045100
2021-06-11 09:26:41,849.05,1046211
2021-06-11 09:26:42,849.15,1047734
2021-06-11 09:26:43,848.85,1048031
2021-06-11 09:26:44,849.2,1048281
2021-06-11 09:26:45,849.45,1049345
2021-06-11 09:26:46,849.35,1049857
2021-06-11 09:26:47,849.3,1051012
2021-06-11 09:26:48,849.4,1051471
2021-06-11 09:26:49,848.85,1052229
2021-06-11 09:26:50,848.85,1052229
2021-06-11 09:26:51,849.4,1053335
2021-06-11 09:26:52,849.35,1053341
2021-06-11 09:26:53,849.35,1053426
2021-06-11 09:26:54,849.35,1053582
2021-06-11 09:26:55,849.35,1053667
2021-06-11 09:26:56,849.4,1053759
2021-06-11 09:26:57,849.4,1053790
2021-06-11 09:26:58,849.35,1053916
2021-06-11 09:26:59,849.4,1054231
2021-06-11 09:27:00,849.4,1054315
2021-06-11 09:27:01,849.4,1054523
2021-06-11 09:27:02,849.35,1054827
2021-06-11 09:27:03,849.35,1054952
2021-06-11 09:27:04,849.1,1055182
2021-06-11 09:27:05,849.35,1056462
2021-06-11 09:27:06,849.15,1057357
2021-06-11 09:27:07,849.35,1057637
2021-06-11 09:27:08,849.0,1057750
2021-06-11 09:27:09,849.0,1057840
2021-06-11 09:27:10,849.0,1057871
2021-06-11 09:27:11,849.35,1057986
2021-06-11 09:27:12,849.35,1058857
2021-06-11 09:27:13,849.0,1059262
2021-06-11 09:27:14,849.35,1059264
2021-06-11 09:27:15,849.35,1059373
2021-06-11 09:27:16,849.1,1059986
2021-06-11 09:27:17,849.05,1060265
2021-06-11 09:27:18,849.05,1060276
2021-06-11 09:27:19,849.4,1060326
2021-06-11 09:27:20,849.4,1060946
2021-06-11 09:27:21,849.45,1061300
2021-06-11 09:27:23,849.2,1061330
2021-06-11 09:27:24,849.15,1063618
2021-06-11 09:27:25,849.05,1064228
2021-06-11 09:27:26,849.05,1064498
2021-06-11 09:27:27,849.4,1064929
2021-06-11 09:27:28,849.4,1065247
2021-06-11 09:27:29,849.05,1065639
2021-06-11 09:27:30,849.25,1065798
2021-06-11 09:27:30,849.25,1065798
2021-06-11 09:27:31,849.35,1066063
2021-06-11 09:27:32,848.85,1069172
2021-06-11 09:27:33,849.05,1069981
2021-06-11 09:27:34,849.3,1069996
2021-06-11 09:27:35,849.3,1070627
2021-06-11 09:27:36,849.25,1070745
2021-06-11 09:27:37,849.3,1070934
2021-06-11 09:27:38,849.45,1072657
2021-06-11 09:27:39,848.75,1080780
2021-06-11 09:27:40,848.9,1081325
2021-06-11 09:27:41,847.8,1102940
2021-06-11 09:27:42,847.4,1114058
2021-06-11 09:27:43,847.4,1116744
2021-06-11 09:27:44,847.0,1117092
2021-06-11 09:27:45,847.4,1118077
2021-06-11 09:27:46,847.0,1118384
2021-06-11 09:27:47,847.35,1119416
2021-06-11 09:27:48,847.3,1119753
2021-06-11 09:27:49,847.55,1122677
2021-06-11 09:27:50,847.5,1123965
2021-06-11 09:27:52,848.25,1128358
2021-06-11 09:27:53,848.45,1129031
2021-06-11 09:27:54,846.75,1151299
2021-06-11 09:27:54,846.75,1151299
2021-06-11 09:27:55,846.7,1156086
2021-06-11 09:27:56,846.7,1156471
2021-06-11 09:27:57,846.3,1157508
2021-06-11 09:27:58,846.3,1158003
2021-06-11 09:27:59,846.5,1158993
2021-06-11 09:28:00,846.5,1159255
2021-06-11 09:28:02,846.05,1160757
2021-06-11 09:28:03,846.05,1162177
2021-06-11 09:28:04,846.05,1171873
2021-06-11 09:28:04,846.05,1171874
2021-06-11 09:28:05,846.0,1174411
2021-06-11 09:28:06,846.05,1174946
2021-06-11 09:28:07,846.0,1175773
2021-06-11 09:28:09,846.45,1184303
2021-06-11 09:28:11,846.45,1185301
2021-06-11 09:28:13,846.3,1188831
2021-06-11 09:28:14,846.45,1189685
2021-06-11 09:28:14,846.1,1189686
2021-06-11 09:28:15,845.0,1235616
2021-06-11 09:28:16,845.3,1239201
2021-06-11 09:28:17,845.45,1245716
2021-06-11 09:28:18,845.35,1256758
2021-06-11 09:28:19,845.6,1258107
2021-06-11 09:28:20,845.15,1260685
2021-06-11 09:28:21,845.45,1262300
2021-06-11 09:28:23,845.45,1266605
2021-06-11 09:28:24,845.5,1267851
2021-06-11 09:28:24,845.5,1267856
2021-06-11 09:28:25,846.2,1269936
2021-06-11 09:28:26,846.7,1271705
2021-06-11 09:28:27,846.3,1272126
2021-06-11 09:28:28,846.7,1275673
2021-06-11 09:28:29,846.55,1276733
2021-06-11 09:28:30,846.3,1277533
2021-06-11 09:28:32,846.55,1278081
2021-06-11 09:28:33,846.3,1279390
2021-06-11 09:28:34,846.55,1281251
2021-06-11 09:28:34,846.55,1281251
2021-06-11 09:28:36,846.25,1282761
2021-06-11 09:28:37,846.05,1283642
2021-06-11 09:28:37,846.55,1284242
2021-06-11 09:28:38,846.25,1285002
2021-06-11 09:28:39,846.3,1285800
2021-06-11 09:28:41,846.2,1286790
2021-06-11 09:28:42,846.4,1287343
2021-06-11 09:28:42,846.2,1287353
2021-06-11 09:28:43,846.15,1287823
2021-06-11 09:28:44,846.7,1288204
2021-06-11 09:28:45,846.7,1288344
2021-06-11 09:28:46,846.5,1288918
2021-06-11 09:28:47,847.0,1289014
2021-06-11 09:28:48,847.0,1289346
2021-06-11 09:28:50,847.25,1291260
2021-06-11 09:28:51,847.5,1292786
2021-06-11 09:28:52,847.9,1293356
2021-06-11 09:28:52,847.9,1293356
2021-06-11 09:28:53,847.75,1294971
2021-06-11 09:28:54,847.6,1295767
2021-06-11 09:28:55,847.85,1296940
2021-06-11 09:28:56,847.75,1299394
2021-06-11 09:28:57,847.75,1299663
2021-06-11 09:28:58,847.6,1300877
2021-06-11 09:29:00,847.8,1300997
2021-06-11 09:29:01,848.0,1301752
2021-06-11 09:29:02,847.9,1301761
2021-06-11 09:29:03,848.0,1302345
2021-06-11 09:29:04,847.95,1304672
2021-06-11 09:29:04,847.95,1304672
2021-06-11 09:29:05,847.95,1305922
2021-06-11 09:29:06,847.95,1306773
2021-06-11 09:29:07,847.95,1306952
2021-06-11 09:29:08,847.45,1307880
2021-06-11 09:29:09,847.75,1308405
2021-06-11 09:29:11,847.8,1308914
2021-06-11 09:29:12,847.8,1309078
2021-06-11 09:29:13,847.8,1309585
2021-06-11 09:29:14,847.8,1309935
2021-06-11 09:29:15,847.8,1310976
2021-06-11 09:29:16,847.45,1312350
2021-06-11 09:29:16,847.35,1312376
2021-06-11 09:29:17,847.35,1312980
2021-06-11 09:29:18,847.5,1313436
2021-06-11 09:29:19,847.5,1314451
2021-06-11 09:29:20,847.75,1318617
2021-06-11 09:29:21,848.25,1319862
2021-06-11 09:29:22,847.85,1320145
2021-06-11 09:29:24,848.0,1321121
2021-06-11 09:29:25,848.1,1323325
2021-06-11 09:29:26,847.6,1324828
2021-06-11 09:29:26,847.8,1324836
2021-06-11 09:29:27,848.1,1325426
2021-06-11 09:29:28,848.2,1326426
2021-06-11 09:29:29,848.2,1327787
2021-06-11 09:29:30,848.15,1328092
2021-06-11 09:29:31,847.8,1328404
2021-06-11 09:29:32,848.15,1330395
2021-06-11 09:29:33,848.15,1330554
2021-06-11 09:29:34,848.15,1330700
2021-06-11 09:29:35,848.1,1330856
2021-06-11 09:29:36,848.0,1331910
2021-06-11 09:29:38,848.15,1331911
2021-06-11 09:29:39,848.05,1332411
2021-06-11 09:29:40,848.2,1340002
2021-06-11 09:29:40,848.2,1340002
2021-06-11 09:29:42,848.5,1341963
2021-06-11 09:29:43,848.65,1347173
2021-06-11 09:29:43,848.65,1347173
2021-06-11 09:29:44,848.5,1347887
2021-06-11 09:29:45,848.3,1348072
2021-06-11 09:29:46,848.65,1348378
2021-06-11 09:29:47,848.4,1348782
2021-06-11 09:29:48,848.2,1351625
2021-06-11 09:29:49,848.6,1351853
2021-06-11 09:29:51,848.6,1352502
2021-06-11 09:29:52,848.3,1362794
2021-06-11 09:29:52,848.3,1362794
2021-06-11 09:29:53,848.2,1362910
2021-06-11 09:29:54,848.0,1363093
2021-06-11 09:29:55,848.3,1363785
2021-06-11 09:29:57,848.0,1365033
2021-06-11 09:29:58,848.2,1365319
2021-06-11 09:29:59,848.0,1365620
2021-06-11 09:30:00,848.2,1365738
2021-06-11 09:30:01,848.15,1365875
2021-06-11 09:30:01,848.15,1365875
2021-06-11 09:30:02,848.15,1366275
2021-06-11 09:30:03,848.15,1366380
2021-06-11 09:30:04,848.2,1366970
2021-06-11 09:30:06,848.15,1367219
2021-06-11 09:30:07,848.4,1372402
2021-06-11 09:30:08,848.55,1372770
2021-06-11 09:30:09,848.3,1372771
2021-06-11 09:30:10,848.55,1373028
2021-06-11 09:30:10,848.35,1373064
2021-06-11 09:30:11,848.55,1373279
2021-06-11 09:30:12,848.65,1374618
2021-06-11 09:30:14,848.65,1374876
2021-06-11 09:30:15,848.65,1374905
2021-06-11 09:30:16,848.65,1375052
2021-06-11 09:30:16,848.65,1375082
2021-06-11 09:30:17,848.55,1375772
2021-06-11 09:30:18,848.65,1376732
2021-06-11 09:30:21,848.9,1377214
2021-06-11 09:30:22,848.9,1377220
2021-06-11 09:30:23,849.1,1378496
2021-06-11 09:30:24,849.1,1378792
2021-06-11 09:30:25,849.25,1379834
2021-06-11 09:30:26,849.3,1380560
2021-06-11 09:30:26,849.3,1380560
2021-06-11 09:30:27,849.55,1382881
2021-06-11 09:30:28,849.55,1383822
2021-06-11 09:30:29,849.55,1384607
2021-06-11 09:30:30,849.1,1386480
2021-06-11 09:30:32,849.5,1387033
2021-06-11 09:30:33,849.45,1388018
2021-06-11 09:30:34,849.35,1388556
2021-06-11 09:30:35,849.45,1388961
2021-06-11 09:30:36,849.4,1389740
2021-06-11 09:30:36,849.15,1389751
2021-06-11 09:30:37,849.3,1389836
2021-06-11 09:30:38,849.15,1390365
2021-06-11 09:30:39,849.05,1392614
2021-06-11 09:30:41,849.15,1394087
2021-06-11 09:30:42,849.15,1394137
2021-06-11 09:30:43,849.0,1396007
2021-06-11 09:30:44,849.15,1396058
2021-06-11 09:30:45,849.55,1398110
2021-06-11 09:30:45,849.55,1398110
2021-06-11 09:30:46,849.45,1398857
2021-06-11 09:30:47,849.1,1399000
2021-06-11 09:30:48,849.15,1399045
2021-06-11 09:30:49,849.45,1399209
2021-06-11 09:30:51,849.45,1399247
2021-06-11 09:30:52,849.2,1399431
2021-06-11 09:30:53,849.1,1400433
2021-06-11 09:30:54,849.45,1400603
2021-06-11 09:30:55,849.4,1400773
2021-06-11 09:30:55,849.4,1400773
2021-06-11 09:30:56,849.45,1401300
2021-06-11 09:30:57,849.5,1402126
2021-06-11 09:30:58,849.25,1402158
2021-06-11 09:30:59,849.25,1402158
2021-06-11 09:31:00,849.55,1402558
2021-06-11 09:31:02,849.5,1402837
2021-06-11 09:31:03,849.2,1403484
2021-06-11 09:31:04,849.25,1404081
2021-06-11 09:31:05,849.25,1404181
2021-06-11 09:31:06,849.0,1404246
2021-06-11 09:31:07,849.3,1404928
2021-06-11 09:31:07,849.3,1404928
2021-06-11 09:31:08,849.25,1405538
2021-06-11 09:31:09,849.1,1405998
2021-06-11 09:31:10,849.1,1406017
2021-06-11 09:31:12,849.1,1406083
2021-06-11 09:31:13,849.1,1406455
2021-06-11 09:31:14,849.1,1406674
2021-06-11 09:31:15,849.1,1406849
2021-06-11 09:31:16,848.95,1410359
2021-06-11 09:31:16,848.65,1410328
2021-06-11 09:31:17,848.65,1410371
2021-06-11 09:31:18,848.8,1410989
2021-06-11 09:31:19,848.55,1411240
2021-06-11 09:31:21,848.65,1411275
2021-06-11 09:31:22,848.65,1411285
2021-06-11 09:31:23,848.35,1412469
2021-06-11 09:31:24,848.55,1412648
2021-06-11 09:31:25,848.55,1412662
2021-06-11 09:31:26,848.4,1412685
2021-06-11 09:31:26,848.55,1412695
2021-06-11 09:31:27,848.4,1412783
2021-06-11 09:31:28,848.8,1413532
2021-06-11 09:31:29,849.3,1414032
2021-06-11 09:31:31,848.9,1414504
2021-06-11 09:31:32,848.9,1414608
2021-06-11 09:31:33,848.55,1414612
2021-06-11 09:31:34,848.45,1415182
2021-06-11 09:31:35,848.85,1415238
2021-06-11 09:31:36,848.55,1415289
2021-06-11 09:31:37,848.85,1415577
2021-06-11 09:31:38,848.5,1415738
2021-06-11 09:31:39,848.4,1416490
2021-06-11 09:31:40,848.7,1417327
2021-06-11 09:31:41,848.65,1417385
2021-06-11 09:31:42,848.65,1417385
2021-06-11 09:31:43,848.55,1418339
2021-06-11 09:31:44,848.5,1418657
2021-06-11 09:31:45,848.75,1418743
2021-06-11 09:31:46,848.75,1418808
2021-06-11 09:31:47,848.55,1418909
2021-06-11 09:31:48,848.55,1419329
2021-06-11 09:31:49,848.9,1421854
2021-06-11 09:31:50,848.9,1421907
2021-06-11 09:31:51,848.9,1422171
2021-06-11 09:31:52,849.8,1440086
2021-06-11 09:31:53,849.75,1441154
2021-06-11 09:31:54,849.75,1441154
2021-06-11 09:31:55,849.2,1441214
2021-06-11 09:31:56,849.2,1441239
2021-06-11 09:31:57,849.55,1441386
2021-06-11 09:31:58,849.15,1441548
2021-06-11 09:31:59,849.1,1441897
2021-06-11 09:32:00,849.35,1442603
2021-06-11 09:32:01,848.85,1443031
2021-06-11 09:32:02,849.15,1443086
2021-06-11 09:32:02,849.15,1443085
2021-06-11 09:32:05,849.25,1443648
2021-06-11 09:32:06,849.25,1443648
2021-06-11 09:32:07,849.3,1444995
2021-06-11 09:32:08,849.3,1445598
2021-06-11 09:32:09,849.15,1446059
2021-06-11 09:32:10,849.15,1446109
2021-06-11 09:32:11,848.85,1447863
2021-06-11 09:32:12,849.15,1448896
2021-06-11 09:32:13,849.15,1448946
2021-06-11 09:32:14,849.3,1449987
2021-06-11 09:32:15,849.05,1450010
2021-06-11 09:32:16,849.3,1450092
2021-06-11 09:32:17,849.2,1450791
2021-06-11 09:32:18,849.05,1451180
2021-06-11 09:32:19,849.05,1453392
2021-06-11 09:32:20,849.35,1453427
2021-06-11 09:32:21,849.35,1453547
2021-06-11 09:32:22,849.35,1453612
2021-06-11 09:32:23,849.35,1454048
2021-06-11 09:32:24,849.35,1454214
2021-06-11 09:32:25,849.35,1454214
2021-06-11 09:32:25,848.95,1454457
2021-06-11 09:32:28,848.95,1455467
2021-06-11 09:32:30,848.55,1456771
2021-06-11 09:32:31,848.65,1456947
2021-06-11 09:32:33,849.0,1458209
2021-06-11 09:32:34,848.65,1458216
2021-06-11 09:32:35,848.55,1458401
2021-06-11 09:32:36,848.9,1458451
2021-06-11 09:32:37,848.9,1458471
2021-06-11 09:32:38,848.6,1458486
2021-06-11 09:32:39,848.9,1458625
2021-06-11 09:32:40,848.7,1458657
2021-06-11 09:32:41,848.9,1458699
2021-06-11 09:32:42,848.9,1458734
2021-06-11 09:32:43,848.8,1459401
2021-06-11 09:32:44,848.8,1459646
2021-06-11 09:32:45,848.7,1459897
2021-06-11 09:32:46,848.8,1459927
2021-06-11 09:32:47,848.8,1460080
2021-06-11 09:32:48,848.55,1460933
2021-06-11 09:32:49,848.8,1460958
2021-06-11 09:32:50,848.6,1461393
2021-06-11 09:32:50,848.55,1461583
2021-06-11 09:32:52,848.6,1463192
2021-06-11 09:32:53,848.9,1463648
2021-06-11 09:32:54,848.95,1463761
2021-06-11 09:32:55,848.95,1464126
2021-06-11 09:32:56,848.9,1464528
2021-06-11 09:32:57,848.95,1464550
2021-06-11 09:32:58,848.9,1464772
2021-06-11 09:32:59,848.95,1464842
2021-06-11 09:33:00,848.9,1464915
2021-06-11 09:33:01,848.9,1464915
2021-06-11 09:33:02,848.95,1467614
2021-06-11 09:33:03,848.75,1467615
2021-06-11 09:33:03,848.95,1467617
2021-06-11 09:33:04,848.95,1467817
2021-06-11 09:33:06,849.0,1468021
2021-06-11 09:33:07,848.95,1468052
2021-06-11 09:33:08,848.95,1468098
2021-06-11 09:33:09,849.2,1468436
2021-06-11 09:33:10,849.15,1468546
2021-06-11 09:33:11,849.2,1468697
2021-06-11 09:33:12,848.95,1468759
2021-06-11 09:33:13,848.9,1468809
2021-06-11 09:33:14,849.2,1468819
2021-06-11 09:33:15,849.2,1468951
2021-06-11 09:33:16,849.2,1468984
2021-06-11 09:33:17,849.2,1469131
2021-06-11 09:33:18,849.2,1469144
2021-06-11 09:33:19,849.0,1469445
2021-06-11 09:33:21,849.2,1469482
2021-06-11 09:33:23,849.0,1469767
2021-06-11 09:33:24,849.2,1469789
2021-06-11 09:33:25,849.05,1469834
2021-06-11 09:33:26,849.2,1469924
2021-06-11 09:33:27,849.2,1470465
2021-06-11 09:33:28,849.05,1470501
2021-06-11 09:33:29,849.2,1470603
2021-06-11 09:33:30,849.2,1471507
2021-06-11 09:33:31,849.1,1471757
2021-06-11 09:33:32,849.2,1471898
2021-06-11 09:33:33,849.2,1471913
2021-06-11 09:33:34,849.25,1472021
2021-06-11 09:33:35,849.2,1472738
2021-06-11 09:33:36,849.0,1474050
2021-06-11 09:33:37,849.0,1474067
2021-06-11 09:33:38,849.15,1474810
2021-06-11 09:33:39,849.15,1474830
2021-06-11 09:33:40,849.1,1474882
2021-06-11 09:33:41,849.15,1474989
2021-06-11 09:33:42,849.15,1475018
2021-06-11 09:33:42,848.85,1475019
2021-06-11 09:33:43,848.8,1475157
2021-06-11 09:33:45,849.2,1475342
2021-06-11 09:33:46,848.8,1475624
2021-06-11 09:33:47,849.15,1476214
2021-06-11 09:33:48,849.1,1476221
2021-06-11 09:33:49,849.1,1476343
2021-06-11 09:33:50,849.1,1481351
2021-06-11 09:33:51,848.75,1481552
2021-06-11 09:33:52,848.9,1481557
2021-06-11 09:33:52,848.9,1481557
2021-06-11 09:33:54,848.8,1481568
2021-06-11 09:33:55,848.9,1481610
2021-06-11 09:33:56,848.85,1481680
2021-06-11 09:33:57,848.9,1481780
2021-06-11 09:33:58,848.8,1481940
2021-06-11 09:33:59,848.6,1483530
2021-06-11 09:34:00,848.0,1492008
2021-06-11 09:34:01,848.2,1492023
2021-06-11 09:34:02,848.2,1492259
2021-06-11 09:34:03,848.35,1492329
2021-06-11 09:34:04,848.4,1492350
2021-06-11 09:34:05,848.35,1492521
2021-06-11 09:34:06,848.35,1492523
2021-06-11 09:34:07,848.35,1495972
2021-06-11 09:34:08,848.35,1495975
2021-06-11 09:34:09,848.5,1496195
2021-06-11 09:34:10,848.5,1496218
2021-06-11 09:34:11,848.2,1496269
2021-06-11 09:34:12,848.5,1496619
2021-06-11 09:34:13,848.15,1496847
2021-06-11 09:34:14,848.5,1497231
2021-06-11 09:34:15,848.25,1497233
2021-06-11 09:34:16,848.25,1497523
2021-06-11 09:34:17,848.5,1498298
2021-06-11 09:34:18,848.15,1498371
2021-06-11 09:34:19,848.5,1499062
2021-06-11 09:34:20,848.5,1499162
2021-06-11 09:34:21,848.35,1499262
2021-06-11 09:34:23,848.35,1499293
2021-06-11 09:34:24,848.35,1499448
2021-06-11 09:34:25,848.35,1499473
2021-06-11 09:34:26,848.4,1500073
2021-06-11 09:34:27,848.4,1500329
2021-06-11 09:34:28,848.4,1500350
2021-06-11 09:34:29,848.4,1500356
2021-06-11 09:34:30,848.4,1500356
2021-06-11 09:34:31,848.4,1500358
2021-06-11 09:34:32,848.3,1500767
2021-06-11 09:34:33,848.05,1500816
2021-06-11 09:34:34,848.05,1500816
2021-06-11 09:34:36,848.3,1501062
2021-06-11 09:34:38,848.3,1501763
2021-06-11 09:34:39,848.0,1501825
2021-06-11 09:34:40,848.0,1502898
2021-06-11 09:34:42,848.0,1504034
2021-06-11 09:34:43,848.0,1504097
2021-06-11 09:34:44,848.15,1505047
2021-06-11 09:34:45,848.0,1506874
2021-06-11 09:34:46,848.0,1506990
2021-06-11 09:34:47,848.0,1507285
2021-06-11 09:34:48,848.1,1507405
2021-06-11 09:34:49,848.1,1507510
2021-06-11 09:34:50,848.1,1507543
2021-06-11 09:34:51,848.1,1507867
2021-06-11 09:34:52,848.0,1507878
2021-06-11 09:34:53,848.1,1508256
2021-06-11 09:34:54,848.35,1508585
2021-06-11 09:34:55,848.25,1508599
2021-06-11 09:34:57,848.1,1509481
2021-06-11 09:34:58,848.5,1509512
2021-06-11 09:34:59,848.5,1509562
2021-06-11 09:35:00,848.15,1509812
2021-06-11 09:35:01,848.5,1510850
2021-06-11 09:35:02,848.5,1511579
2021-06-11 09:35:03,848.15,1511808
2021-06-11 09:35:04,848.5,1511958
2021-06-11 09:35:05,848.5,1511958
2021-06-11 09:35:06,848.3,1512009
2021-06-11 09:35:07,848.5,1512034
2021-06-11 09:35:08,848.3,1512225
2021-06-11 09:35:09,848.4,1512250
2021-06-11 09:35:10,848.15,1512846
2021-06-11 09:35:11,848.15,1512898
2021-06-11 09:35:12,848.15,1512898
2021-06-11 09:35:13,848.15,1513098
2021-06-11 09:35:14,848.4,1513103
2021-06-11 09:35:15,848.15,1513196
2021-06-11 09:35:16,848.1,1513271
2021-06-11 09:35:17,848.1,1513273
2021-06-11 09:35:18,848.1,1513497
2021-06-11 09:35:19,848.15,1513603
2021-06-11 09:35:20,848.15,1513603
2021-06-11 09:35:21,848.15,1513706
2021-06-11 09:35:22,848.1,1515037
2021-06-11 09:35:24,848.0,1517768
2021-06-11 09:35:25,848.0,1517768
2021-06-11 09:35:26,848.1,1517866
2021-06-11 09:35:27,848.1,1517918
2021-06-11 09:35:28,848.0,1518261
2021-06-11 09:35:29,848.0,1518261
2021-06-11 09:35:30,848.1,1518362
2021-06-11 09:35:31,848.1,1518382
2021-06-11 09:35:32,848.0,1518982
2021-06-11 09:35:33,848.0,1522357
2021-06-11 09:35:34,848.0,1522666
2021-06-11 09:35:35,848.0,1523568
2021-06-11 09:35:36,847.65,1523619
2021-06-11 09:35:37,847.65,1523698
2021-06-11 09:35:38,847.75,1523793
2021-06-11 09:35:39,847.6,1524125
2021-06-11 09:35:40,847.75,1524175
2021-06-11 09:35:41,847.6,1524639
2021-06-11 09:35:42,847.75,1524836
2021-06-11 09:35:43,847.75,1524996
2021-06-11 09:35:44,847.6,1525106
2021-06-11 09:35:45,847.6,1525901
2021-06-11 09:35:46,847.5,1526968
2021-06-11 09:35:47,847.5,1527048
2021-06-11 09:35:48,847.6,1527309
2021-06-11 09:35:50,847.5,1527424
2021-06-11 09:35:49,847.6,1527334
2021-06-11 09:35:51,847.5,1528057
2021-06-11 09:35:52,847.6,1528212
2021-06-11 09:35:53,847.6,1530723
2021-06-11 09:35:54,847.5,1531333
2021-06-11 09:35:55,847.7,1531334
2021-06-11 09:35:56,847.5,1531336
2021-06-11 09:35:57,847.4,1531542
2021-06-11 09:35:58,847.35,1531637
2021-06-11 09:35:59,847.5,1532052
2021-06-11 09:36:00,847.5,1532149
2021-06-11 09:36:01,847.35,1532203
2021-06-11 09:36:02,847.35,1532263
2021-06-11 09:36:03,847.6,1532283
2021-06-11 09:36:04,847.25,1534530
2021-06-11 09:36:05,847.55,1535994
2021-06-11 09:36:06,847.3,1536071
2021-06-11 09:36:07,847.3,1536151
2021-06-11 09:36:08,847.3,1536151
2021-06-11 09:36:09,847.1,1536784
2021-06-11 09:36:10,847.0,1537910
2021-06-11 09:36:11,847.0,1537960
2021-06-11 09:36:12,847.25,1537962
2021-06-11 09:36:13,847.05,1538267
2021-06-11 09:36:14,847.0,1538479
2021-06-11 09:36:15,846.9,1541146
2021-06-11 09:36:16,846.7,1541368
2021-06-11 09:36:17,846.7,1541465
2021-06-11 09:36:18,846.4,1544166
2021-06-11 09:36:19,846.4,1544242
2021-06-11 09:36:20,846.4,1544292
2021-06-11 09:36:21,846.7,1545276
2021-06-11 09:36:22,846.7,1545303
2021-06-11 09:36:23,846.65,1549820
2021-06-11 09:36:24,846.3,1550348
2021-06-11 09:36:25,846.4,1550921
2021-06-11 09:36:26,846.05,1551010
2021-06-11 09:36:27,846.5,1551733
2021-06-11 09:36:28,846.25,1551834
2021-06-11 09:36:29,846.7,1552128
2021-06-11 09:36:30,846.5,1552944
2021-06-11 09:36:31,846.25,1553050
2021-06-11 09:36:32,846.6,1556004
2021-06-11 09:36:33,846.25,1556955
2021-06-11 09:36:34,846.5,1557102
2021-06-11 09:36:35,846.25,1557968
2021-06-11 09:36:36,846.25,1557978
2021-06-11 09:36:37,846.7,1559678
2021-06-11 09:36:38,846.7,1563408
2021-06-11 09:36:39,846.25,1564462
2021-06-11 09:36:40,846.5,1566527
2021-06-11 09:36:41,846.45,1566761
2021-06-11 09:36:42,846.45,1566761
2021-06-11 09:36:43,846.7,1566950
2021-06-11 09:36:44,846.25,1568682
2021-06-11 09:36:45,846.65,1568747
2021-06-11 09:36:46,846.5,1568957
2021-06-11 09:36:47,846.65,1569115
2021-06-11 09:36:48,846.65,1569704
2021-06-11 09:36:49,846.65,1570004
2021-06-11 09:36:50,846.9,1570117
2021-06-11 09:36:51,846.65,1570467
2021-06-11 09:36:52,846.9,1570705
2021-06-11 09:36:53,846.9,1571300
2021-06-11 09:36:54,846.65,1571521
2021-06-11 09:36:55,846.65,1572084
2021-06-11 09:36:56,846.8,1572953
2021-06-11 09:36:57,846.8,1574048
2021-06-11 09:36:58,847.05,1574276
2021-06-11 09:37:00,847.15,1574370
2021-06-11 09:37:01,846.65,1575356
2021-06-11 09:37:02,846.65,1575406
2021-06-11 09:37:03,847.0,1575705
2021-06-11 09:37:04,846.65,1577250
2021-06-11 09:37:05,846.6,1577698
2021-06-11 09:37:06,846.5,1578214
2021-06-11 09:37:07,847.0,1578504
2021-06-11 09:37:08,847.0,1578592
2021-06-11 09:37:09,846.85,1578928
2021-06-11 09:37:10,846.85,1580230
2021-06-11 09:37:11,846.6,1580529
2021-06-11 09:37:12,846.6,1580820
2021-06-11 09:37:13,846.8,1581012
2021-06-11 09:37:14,846.7,1581087
2021-06-11 09:37:15,846.7,1581882
2021-06-11 09:37:16,846.7,1584522
2021-06-11 09:37:17,846.7,1584551
2021-06-11 09:37:18,846.85,1584692
2021-06-11 09:37:19,846.65,1584961
2021-06-11 09:37:19,848.15,1595377
2021-06-11 09:37:20,848.15,1598201
2021-06-11 09:37:21,847.8,1598302
2021-06-11 09:37:22,847.8,1598504
2021-06-11 09:37:23,847.85,1598769
2021-06-11 09:37:24,847.95,1599229
2021-06-11 09:37:25,847.75,1599529
2021-06-11 09:37:26,847.55,1599530
2021-06-11 09:37:27,847.6,1599860
2021-06-11 09:37:28,848.0,1600010
2021-06-11 09:37:29,848.0,1600010
2021-06-11 09:37:30,847.55,1600030
2021-06-11 09:37:31,847.55,1600350
2021-06-11 09:37:32,847.75,1600778
2021-06-11 09:37:33,847.55,1600996
2021-06-11 09:37:34,847.5,1601717
2021-06-11 09:37:35,847.55,1601829
2021-06-11 09:37:36,847.45,1601993
2021-06-11 09:37:37,847.45,1602034
2021-06-11 09:37:38,847.15,1602284
2021-06-11 09:37:39,847.3,1602374
2021-06-11 09:37:40,846.75,1604188
2021-06-11 09:37:41,847.1,1604220
2021-06-11 09:37:42,847.15,1604882
2021-06-11 09:37:43,846.75,1604982
2021-06-11 09:37:44,847.2,1605214
2021-06-11 09:37:45,846.85,1605574
2021-06-11 09:37:46,846.75,1605744
2021-06-11 09:37:47,846.85,1605856
2021-06-11 09:37:48,846.85,1605879
2021-06-11 09:37:50,846.85,1606580
2021-06-11 09:37:52,846.85,1606817
2021-06-11 09:37:54,846.8,1610730
2021-06-11 09:37:55,847.0,1611863
2021-06-11 09:37:56,846.9,1612226
2021-06-11 09:37:57,846.95,1612317
2021-06-11 09:37:58,846.8,1612329
2021-06-11 09:37:59,846.95,1612437
2021-06-11 09:38:00,846.85,1612561
2021-06-11 09:38:01,846.85,1612686
2021-06-11 09:38:02,846.9,1612946
2021-06-11 09:38:03,846.55,1613001
2021-06-11 09:38:04,846.8,1613042
2021-06-11 09:38:05,846.85,1613121
2021-06-11 09:38:06,846.95,1614747
2021-06-11 09:38:07,846.8,1614770
2021-06-11 09:38:08,846.85,1618895
2021-06-11 09:38:09,846.85,1619055
2021-06-11 09:38:10,846.85,1619105
2021-06-11 09:38:11,846.85,1619405
2021-06-11 09:38:12,846.65,1619464
2021-06-11 09:38:13,846.65,1619464
2021-06-11 09:38:14,846.85,1619930
2021-06-11 09:38:15,846.65,1621823
2021-06-11 09:38:16,846.8,1621824
2021-06-11 09:38:17,846.8,1621844
2021-06-11 09:38:18,846.6,1621845
2021-06-11 09:38:19,846.65,1621894
2021-06-11 09:38:20,846.6,1622005
2021-06-11 09:38:21,846.65,1622226
2021-06-11 09:38:22,846.8,1622875
2021-06-11 09:38:23,846.6,1623030
2021-06-11 09:38:24,846.8,1623200
2021-06-11 09:38:25,846.85,1623230
2021-06-11 09:38:27,846.85,1623402
2021-06-11 09:38:28,846.9,1623587
2021-06-11 09:38:29,846.8,1624002
2021-06-11 09:38:30,846.95,1624302
2021-06-11 09:38:31,846.75,1624352
2021-06-11 09:38:33,846.75,1624415
2021-06-11 09:38:34,846.75,1624415
2021-06-11 09:38:35,847.0,1624792
2021-06-11 09:38:36,847.0,1628526
2021-06-11 09:38:37,847.0,1628551
2021-06-11 09:38:38,847.0,1628677
2021-06-11 09:38:39,847.15,1628714
2021-06-11 09:38:40,847.15,1628768
2021-06-11 09:38:41,847.0,1628918
2021-06-11 09:38:42,847.1,1629329
2021-06-11 09:38:43,847.0,1629842
2021-06-11 09:38:44,847.15,1629903
2021-06-11 09:38:45,847.15,1629950
2021-06-11 09:38:46,847.25,1630320
2021-06-11 09:38:47,846.75,1632105
2021-06-11 09:38:48,846.7,1632773
2021-06-11 09:38:49,846.95,1632998
2021-06-11 09:38:50,846.75,1633020
2021-06-11 09:38:51,846.95,1633410
2021-06-11 09:38:52,846.6,1634887
2021-06-11 09:38:53,846.6,1634933
2021-06-11 09:38:54,846.9,1635107
2021-06-11 09:38:56,846.9,1635498
2021-06-11 09:38:57,846.9,1635529
2021-06-11 09:38:58,846.9,1635531
2021-06-11 09:38:59,846.8,1635701
2021-06-11 09:39:00,846.8,1635928
2021-06-11 09:39:01,846.7,1636342
2021-06-11 09:39:02,846.4,1649753
2021-06-11 09:39:03,846.5,1650342
2021-06-11 09:39:04,846.45,1653121
2021-06-11 09:39:05,846.45,1653376
2021-06-11 09:39:06,846.45,1654831
2021-06-11 09:39:07,846.45,1655458
2021-06-11 09:39:08,846.45,1655763
2021-06-11 09:39:09,846.5,1656875
2021-06-11 09:39:10,846.2,1659063
2021-06-11 09:39:11,846.15,1659373
2021-06-11 09:39:12,846.3,1659934
2021-06-11 09:39:13,846.1,1660355
2021-06-11 09:39:14,846.4,1661908
2021-06-11 09:39:15,846.3,1661932
2021-06-11 09:39:16,846.75,1663535
2021-06-11 09:39:17,846.5,1663579
2021-06-11 09:39:18,846.5,1663606
2021-06-11 09:39:19,846.75,1663709
2021-06-11 09:39:20,846.7,1663868
2021-06-11 09:39:21,846.6,1664014
2021-06-11 09:39:22,846.95,1664115
2021-06-11 09:39:23,846.85,1664718
2021-06-11 09:39:25,846.85,1665248
2021-06-11 09:39:26,846.7,1666003
2021-06-11 09:39:27,846.7,1666016
2021-06-11 09:39:28,846.7,1666017
2021-06-11 09:39:29,846.7,1666312
2021-06-11 09:39:30,846.6,1666330
2021-06-11 09:39:31,846.2,1667899
2021-06-11 09:39:32,846.45,1668030
2021-06-11 09:39:33,846.5,1668186
2021-06-11 09:39:34,846.55,1668818
2021-06-11 09:39:35,846.25,1668857
2021-06-11 09:39:36,846.2,1668867
2021-06-11 09:39:37,846.5,1668946
2021-06-11 09:39:38,846.5,1668946
2021-06-11 09:39:39,846.45,1668952
2021-06-11 09:39:40,846.65,1669193
2021-06-11 09:39:41,846.9,1669720
2021-06-11 09:39:42,846.55,1669920
2021-06-11 09:39:43,846.85,1670271
2021-06-11 09:39:44,846.5,1670361
2021-06-11 09:39:45,846.3,1670832
2021-06-11 09:39:46,846.3,1671032
2021-06-11 09:39:47,846.45,1671248
2021-06-11 09:39:48,846.45,1671248
2021-06-11 09:39:49,846.45,1671248
2021-06-11 09:39:50,846.35,1671339
2021-06-11 09:39:51,846.4,1671441
2021-06-11 09:39:52,846.4,1671741
2021-06-11 09:39:53,846.4,1671783
2021-06-11 09:39:54,846.4,1671948
2021-06-11 09:39:55,846.45,1672275
2021-06-11 09:39:57,846.35,1672747
2021-06-11 09:39:57,846.45,1672787
2021-06-11 09:39:58,846.4,1673373
2021-06-11 09:39:59,846.25,1673394
2021-06-11 09:40:00,846.35,1673814
2021-06-11 09:40:01,846.45,1673819
2021-06-11 09:40:02,846.35,1673823
2021-06-11 09:40:03,846.35,1673907
2021-06-11 09:40:04,846.35,1673959
2021-06-11 09:40:05,846.5,1674190
2021-06-11 09:40:06,846.45,1674316
2021-06-11 09:40:07,846.4,1674372
2021-06-11 09:40:08,846.4,1674417
2021-06-11 09:40:10,846.4,1674555
2021-06-11 09:40:11,846.4,1674621
2021-06-11 09:40:12,846.4,1674763
2021-06-11 09:40:13,846.4,1674998
2021-06-11 09:40:14,846.4,1675022
2021-06-11 09:40:16,846.4,1675121
2021-06-11 09:40:17,846.3,1675246
2021-06-11 09:40:18,846.5,1675376
2021-06-11 09:40:19,846.45,1675426
2021-06-11 09:40:21,846.5,1675674
2021-06-11 09:40:22,846.5,1675774
2021-06-11 09:40:23,846.4,1675775
2021-06-11 09:40:25,846.4,1676590
2021-06-11 09:40:26,846.3,1677745
2021-06-11 09:40:27,846.5,1677787
2021-06-11 09:40:28,846.35,1677819
2021-06-11 09:40:29,846.3,1677825
2021-06-11 09:40:30,846.3,1678275
2021-06-11 09:40:31,846.3,1678352
2021-06-11 09:40:32,846.45,1678568
2021-06-11 09:40:33,846.35,1678883
2021-06-11 09:40:34,846.45,1678917
2021-06-11 09:40:35,846.8,1682073
2021-06-11 09:40:36,846.4,1682214
2021-06-11 09:40:37,846.75,1682265
2021-06-11 09:40:38,846.75,1682265
2021-06-11 09:40:39,846.75,1682279
2021-06-11 09:40:40,846.7,1682289
2021-06-11 09:40:41,846.75,1682294
2021-06-11 09:40:45,846.85,1683880
2021-06-11 09:40:46,846.75,1683901
2021-06-11 09:40:48,846.8,1683904
2021-06-11 09:40:48,846.85,1684135
2021-06-11 09:40:49,846.8,1684262
2021-06-11 09:40:50,846.8,1684268
2021-06-11 09:40:51,846.8,1684318
2021-06-11 09:40:53,847.0,1685420
2021-06-11 09:40:54,846.85,1685446
2021-06-11 09:40:55,847.0,1685867
2021-06-11 09:40:56,846.95,1686496
2021-06-11 09:40:57,846.65,1687042
2021-06-11 09:40:59,846.95,1687315
2021-06-11 09:41:01,847.2,1687562
2021-06-11 09:41:02,847.0,1687621
2021-06-11 09:41:03,847.0,1687902
2021-06-11 09:41:04,846.65,1689432
2021-06-11 09:41:05,846.75,1689765
2021-06-11 09:41:06,846.7,1689823
2021-06-11 09:41:07,846.5,1689999
2021-06-11 09:41:08,846.55,1690488
2021-06-11 09:41:09,846.55,1690557
2021-06-11 09:41:10,846.5,1691244
2021-06-11 09:41:11,846.5,1691578
2021-06-11 09:41:12,846.6,1691655
2021-06-11 09:41:14,846.6,1691901
2021-06-11 09:41:16,846.6,1692177
2021-06-11 09:41:17,846.6,1692487
2021-06-11 09:41:18,846.5,1692697
2021-06-11 09:41:19,846.5,1692964
2021-06-11 09:41:20,846.6,1693011
2021-06-11 09:41:21,846.6,1693012
2021-06-11 09:41:22,846.55,1693822
2021-06-11 09:41:23,846.5,1695786
2021-06-11 09:41:24,846.45,1697093
2021-06-11 09:41:25,846.45,1697193
2021-06-11 09:41:25,846.5,1697354
2021-06-11 09:41:26,846.5,1697354
2021-06-11 09:41:27,846.5,1698034
2021-06-11 09:41:28,846.5,1698060
2021-06-11 09:41:29,846.5,1698292
2021-06-11 09:41:30,846.55,1698752
2021-06-11 09:41:32,846.55,1699150
2021-06-11 09:41:33,846.5,1699727
2021-06-11 09:41:34,846.55,1699947
2021-06-11 09:41:35,846.55,1700055
2021-06-11 09:41:36,846.5,1700220
2021-06-11 09:41:37,846.55,1700222
2021-06-11 09:41:38,846.45,1700527
2021-06-11 09:41:39,846.45,1700627
2021-06-11 09:41:40,846.45,1700675
2021-06-11 09:41:42,846.65,1701120
2021-06-11 09:41:43,846.8,1701783
2021-06-11 09:41:44,846.85,1701823
2021-06-11 09:41:44,846.85,1701823
2021-06-11 09:41:45,846.9,1701873
2021-06-11 09:41:47,846.85,1702595
2021-06-11 09:41:48,846.85,1702871
2021-06-11 09:41:48,846.85,1702871
2021-06-11 09:41:49,846.85,1702934
2021-06-11 09:41:51,846.85,1703056
2021-06-11 09:41:52,846.95,1704446
2021-06-11 09:41:52,846.95,1704451
2021-06-11 09:41:53,846.7,1704496
2021-06-11 09:41:54,846.95,1704996
2021-06-11 09:41:55,846.95,1705046
2021-06-11 09:41:56,846.95,1705121
2021-06-11 09:41:58,846.9,1705129
2021-06-11 09:41:59,846.85,1705132
2021-06-11 09:42:00,846.85,1705210
2021-06-11 09:42:01,846.95,1705318
2021-06-11 09:42:02,846.95,1705368
2021-06-11 09:42:03,846.95,1705368
2021-06-11 09:42:04,846.6,1707354
2021-06-11 09:42:05,846.55,1707676
2021-06-11 09:42:06,845.75,1740173
2021-06-11 09:42:07,845.7,1741262
2021-06-11 09:42:07,845.7,1741262
2021-06-11 09:42:08,845.5,1741684
2021-06-11 09:42:09,845.5,1741764
2021-06-11 09:42:10,845.6,1742124
2021-06-11 09:42:11,845.6,1742722
2021-06-11 09:42:13,845.5,1742800
2021-06-11 09:42:14,845.5,1743078
2021-06-11 09:42:15,845.6,1743129
2021-06-11 09:42:16,845.5,1743243
2021-06-11 09:42:17,845.75,1744551
2021-06-11 09:42:18,845.75,1744601
2021-06-11 09:42:18,845.75,1744601
2021-06-11 09:42:19,845.8,1745088
2021-06-11 09:42:21,846.0,1745823
2021-06-11 09:42:22,845.65,1745842
2021-06-11 09:42:24,845.65,1745914
2021-06-11 09:42:25,845.75,1747966
2021-06-11 09:42:26,846.0,1748151
2021-06-11 09:42:27,846.0,1748172
2021-06-11 09:42:28,845.8,1748221
2021-06-11 09:42:28,845.8,1748216
2021-06-11 09:42:29,846.0,1748470
2021-06-11 09:42:30,845.55,1749445
2021-06-11 09:42:32,845.55,1749535
2021-06-11 09:42:33,845.95,1749787
2021-06-11 09:42:34,845.8,1750237
2021-06-11 09:42:35,845.8,1750387
2021-06-11 09:42:36,845.8,1750962
2021-06-11 09:42:37,845.8,1752975
2021-06-11 09:42:38,845.8,1753379
2021-06-11 09:42:39,845.95,1753489
2021-06-11 09:42:40,845.85,1753784
2021-06-11 09:42:41,845.85,1754059
2021-06-11 09:42:42,846.0,1754370
2021-06-11 09:42:43,845.8,1754542
2021-06-11 09:42:44,846.0,1754600
2021-06-11 09:42:45,846.0,1755614
2021-06-11 09:42:45,846.0,1755614
2021-06-11 09:42:46,845.95,1755631
2021-06-11 09:42:47,845.95,1755631
2021-06-11 09:42:48,846.0,1755704
2021-06-11 09:42:49,846.0,1755856
2021-06-11 09:42:50,845.95,1756020
2021-06-11 09:42:52,845.85,1756346
2021-06-11 09:42:53,846.0,1756351
2021-06-11 09:42:54,846.0,1757758
2021-06-11 09:42:55,846.0,1757805
2021-06-11 09:42:56,845.95,1758355
2021-06-11 09:42:57,846.0,1758827
2021-06-11 09:42:58,846.0,1758827
2021-06-11 09:42:59,846.0,1759027
2021-06-11 09:42:59,846.0,1759034
2021-06-11 09:43:00,846.0,1759150
2021-06-11 09:43:02,845.95,1759244
2021-06-11 09:43:03,845.95,1759255
2021-06-11 09:43:04,846.0,1759267
2021-06-11 09:43:05,846.0,1759322
2021-06-11 09:43:06,845.95,1759643
2021-06-11 09:43:07,845.8,1759796
2021-06-11 09:43:08,846.1,1759911
2021-06-11 09:43:08,846.1,1759911
2021-06-11 09:43:10,846.1,1759911
2021-06-11 09:43:11,846.1,1760303
2021-06-11 09:43:12,846.1,1760513
2021-06-11 09:43:13,846.1,1760563
2021-06-11 09:43:14,846.0,1760763
2021-06-11 09:43:15,846.0,1760840
2021-06-11 09:43:15,846.0,1760840
2021-06-11 09:43:16,846.0,1760874
2021-06-11 09:43:18,846.0,1760899
2021-06-11 09:43:19,845.95,1760921
2021-06-11 09:43:19,845.85,1762139
2021-06-11 09:43:20,846.0,1763619
2021-06-11 09:43:22,846.1,1763952
2021-06-11 09:43:23,845.95,1764065
2021-06-11 09:43:24,845.95,1764260
2021-06-11 09:43:25,846.1,1764413
2021-06-11 09:43:26,846.0,1764542
2021-06-11 09:43:27,846.0,1764959
2021-06-11 09:43:27,846.0,1764984
2021-06-11 09:43:28,845.8,1765370
2021-06-11 09:43:29,845.8,1765384
2021-06-11 09:43:30,846.0,1766153
2021-06-11 09:43:32,846.0,1767034
2021-06-11 09:43:33,845.85,1767133
2021-06-11 09:43:35,845.85,1767237
2021-06-11 09:43:36,845.9,1767437
2021-06-11 09:43:37,845.85,1767466
2021-06-11 09:43:38,845.85,1767743
2021-06-11 09:43:38,845.85,1767743
2021-06-11 09:43:40,845.9,1767744
2021-06-11 09:43:41,846.0,1768294
2021-06-11 09:43:42,845.9,1768299
2021-06-11 09:43:43,845.95,1768360
2021-06-11 09:43:44,845.95,1768365
2021-06-11 09:43:44,846.0,1768415
2021-06-11 09:43:46,846.0,1768625
2021-06-11 09:43:47,846.0,1768675
2021-06-11 09:43:48,845.85,1768820
2021-06-11 09:43:49,845.85,1768931
2021-06-11 09:43:49,845.85,1768931
2021-06-11 09:43:50,845.85,1769117
2021-06-11 09:43:52,845.95,1769313
2021-06-11 09:43:53,846.0,1770310
2021-06-11 09:43:54,846.0,1770812
2021-06-11 09:43:55,846.0,1770812
2021-06-11 09:43:56,846.0,1770912
2021-06-11 09:43:57,845.9,1771169
2021-06-11 09:43:58,845.9,1771325
2021-06-11 09:43:58,845.9,1771324
2021-06-11 09:43:59,845.9,1771329
2021-06-11 09:44:01,845.9,1771418
2021-06-11 09:44:02,846.0,1771534
2021-06-11 09:44:02,845.9,1771664
2021-06-11 09:44:04,845.95,1771827
2021-06-11 09:44:05,845.9,1772252
2021-06-11 09:44:05,846.0,1772265
2021-06-11 09:44:06,845.9,1772318
2021-06-11 09:44:07,845.95,1772381
2021-06-11 09:44:09,845.9,1772472
2021-06-11 09:44:10,845.95,1772508
2021-06-11 09:44:11,845.95,1772618
2021-06-11 09:44:12,845.95,1772655
2021-06-11 09:44:13,845.95,1772860
2021-06-11 09:44:14,845.85,1773219
2021-06-11 09:44:14,845.9,1773218
2021-06-11 09:44:15,845.85,1774325
2021-06-11 09:44:17,845.9,1774366
2021-06-11 09:44:18,845.85,1774627
2021-06-11 09:44:19,845.9,1774662
2021-06-11 09:44:20,845.9,1774790
2021-06-11 09:44:20,845.9,1774790
2021-06-11 09:44:23,845.55,1776346
2021-06-11 09:44:24,845.85,1776412
2021-06-11 09:44:25,845.85,1776453
2021-06-11 09:44:26,845.55,1776523
2021-06-11 09:44:27,845.55,1776605
2021-06-11 09:44:27,845.55,1776605
2021-06-11 09:44:28,845.85,1776621
2021-06-11 09:44:29,845.75,1776769
2021-06-11 09:44:31,845.6,1776880
2021-06-11 09:44:32,845.6,1777214
2021-06-11 09:44:33,845.6,1777214
2021-06-11 09:44:34,845.6,1777439
2021-06-11 09:44:35,845.8,1777564
2021-06-11 09:44:36,845.85,1777665
2021-06-11 09:44:36,845.85,1777665
2021-06-11 09:44:37,845.9,1777960
2021-06-11 09:44:39,845.75,1777989
2021-06-11 09:44:40,845.75,1778164
2021-06-11 09:44:41,845.9,1778316
2021-06-11 09:44:42,845.9,1778351
2021-06-11 09:44:43,845.9,1778446
2021-06-11 09:44:44,845.6,1778477
2021-06-11 09:44:44,845.6,1778477
2021-06-11 09:44:46,845.9,1778741
2021-06-11 09:44:47,845.7,1778855
2021-06-11 09:44:48,845.9,1779055
2021-06-11 09:44:49,845.9,1779354
2021-06-11 09:44:49,845.9,1779154
2021-06-11 09:44:50,845.6,1780354
2021-06-11 09:44:52,845.6,1781891
2021-06-11 09:44:53,845.6,1781961
2021-06-11 09:44:54,846.0,1781969
2021-06-11 09:44:55,846.0,1782002
2021-06-11 09:44:56,846.0,1782183
2021-06-11 09:44:57,846.0,1782469
2021-06-11 09:44:58,846.0,1782614
2021-06-11 09:44:59,846.0,1782626
2021-06-11 09:45:00,846.0,1782626
2021-06-11 09:45:01,845.85,1783068
2021-06-11 09:45:02,845.85,1783539
2021-06-11 09:45:03,845.8,1783642
2021-06-11 09:45:04,845.8,1783654
2021-06-11 09:45:05,845.85,1783660
2021-06-11 09:45:06,846.1,1789148
2021-06-11 09:45:07,846.0,1789232
2021-06-11 09:45:08,846.0,1789273
2021-06-11 09:45:09,845.95,1789346
2021-06-11 09:45:10,845.95,1789570
2021-06-11 09:45:11,846.1,1789624
2021-06-11 09:45:12,845.85,1790244
2021-06-11 09:45:13,845.85,1790395
2021-06-11 09:45:14,845.85,1790635
2021-06-11 09:45:16,846.1,1790885
2021-06-11 09:45:17,846.1,1790903
2021-06-11 09:45:18,846.1,1790910
2021-06-11 09:45:19,846.1,1790934
2021-06-11 09:45:20,846.1,1790934
2021-06-11 09:45:21,846.1,1791128
2021-06-11 09:45:22,846.1,1791133
2021-06-11 09:45:23,845.85,1791436
2021-06-11 09:45:24,846.1,1791597
2021-06-11 09:45:25,845.85,1791606
2021-06-11 09:45:26,845.85,1791629
2021-06-11 09:45:27,846.0,1791630
2021-06-11 09:45:28,846.05,1791679
2021-06-11 09:45:29,846.05,1792291
2021-06-11 09:45:30,846.05,1792291
2021-06-11 09:45:31,846.05,1792601
2021-06-11 09:45:32,846.05,1792644
2021-06-11 09:45:33,846.05,1792932
2021-06-11 09:45:34,846.05,1794587
2021-06-11 09:45:35,846.0,1794817
2021-06-11 09:45:36,846.0,1794920
2021-06-11 09:45:37,846.1,1795025
2021-06-11 09:45:38,846.05,1795030
2021-06-11 09:45:39,846.1,1795031
2021-06-11 09:45:40,846.05,1795032
2021-06-11 09:45:41,846.1,1795549
2021-06-11 09:45:42,846.0,1795661
2021-06-11 09:45:43,846.1,1795761
2021-06-11 09:45:44,846.0,1795911
2021-06-11 09:45:46,846.35,1797850
2021-06-11 09:45:47,846.45,1798137
2021-06-11 09:45:48,846.45,1798894
2021-06-11 09:45:49,846.45,1798894
2021-06-11 09:45:50,846.45,1798904
2021-06-11 09:45:51,846.25,1798952
2021-06-11 09:45:53,846.45,1799058
2021-06-11 09:45:54,846.25,1799140
2021-06-11 09:45:55,846.45,1799366
2021-06-11 09:45:56,846.25,1799481
2021-06-11 09:45:57,846.45,1799532
2021-06-11 09:45:58,846.3,1799807
2021-06-11 09:45:59,846.3,1799978
2021-06-11 09:46:00,846.75,1800885
2021-06-11 09:46:02,846.75,1800890
2021-06-11 09:46:01,846.75,1800885
2021-06-11 09:46:03,846.45,1801030
2021-06-11 09:46:04,846.2,1803092
2021-06-11 09:46:05,846.35,1803143
2021-06-11 09:46:06,846.7,1803246
2021-06-11 09:46:07,846.7,1803262
2021-06-11 09:46:08,846.45,1803520
2021-06-11 09:46:10,846.7,1804411
2021-06-11 09:46:09,846.7,1804411
2021-06-11 09:46:11,846.45,1804434
2021-06-11 09:46:12,846.4,1804923
2021-06-11 09:46:13,846.45,1806181
2021-06-11 09:46:15,846.75,1806694
2021-06-11 09:46:16,846.8,1806755
2021-06-11 09:46:17,846.75,1806806
2021-06-11 09:46:18,846.8,1807225
2021-06-11 09:46:19,846.8,1807225
2021-06-11 09:46:20,846.8,1807643
2021-06-11 09:46:21,847.0,1808061
2021-06-11 09:46:22,846.8,1808068
2021-06-11 09:46:23,847.0,1808648
2021-06-11 09:46:24,847.0,1808802
2021-06-11 09:46:25,847.1,1809313
2021-06-11 09:46:26,846.85,1809413
2021-06-11 09:46:27,846.8,1809913
2021-06-11 09:46:28,846.8,1810023
2021-06-11 09:46:29,846.95,1810290
2021-06-11 09:46:30,846.95,1810290
2021-06-11 09:46:31,846.95,1810326
2021-06-11 09:46:32,846.95,1810359
2021-06-11 09:46:33,846.95,1810416
2021-06-11 09:46:34,846.95,1810925
2021-06-11 09:46:36,846.85,1811976
2021-06-11 09:46:37,846.85,1812053
2021-06-11 09:46:38,846.8,1812284
2021-06-11 09:46:39,846.8,1813099
2021-06-11 09:46:40,846.85,1813600
2021-06-11 09:46:41,846.85,1813640
2021-06-11 09:46:42,846.85,1813670
2021-06-11 09:46:43,846.85,1813704
2021-06-11 09:46:44,846.85,1814001
2021-06-11 09:46:45,846.85,1814082
2021-06-11 09:46:46,846.8,1814278
2021-06-11 09:46:47,846.6,1815299
2021-06-11 09:46:48,846.65,1815610
2021-06-11 09:46:49,846.65,1815610
2021-06-11 09:46:51,846.6,1815744
2021-06-11 09:46:50,846.6,1815694
2021-06-11 09:46:52,846.6,1815752
2021-06-11 09:46:53,846.7,1815972
2021-06-11 09:46:54,846.8,1815973
2021-06-11 09:46:55,846.7,1816026
2021-06-11 09:46:56,846.8,1816130
2021-06-11 09:46:57,846.95,1816730
2021-06-11 09:46:58,847.0,1816822
2021-06-11 09:46:59,847.0,1816822
2021-06-11 09:47:00,846.7,1816919
2021-06-11 09:47:01,847.0,1817140
2021-06-11 09:47:02,846.7,1817177
2021-06-11 09:47:03,846.7,1817200
2021-06-11 09:47:04,847.0,1817800
2021-06-11 09:47:05,847.0,1817885
2021-06-11 09:47:06,847.0,1817923
2021-06-11 09:47:07,847.0,1817927
2021-06-11 09:47:08,847.0,1818069
2021-06-11 09:47:10,847.0,1818112
2021-06-11 09:47:10,847.0,1818112
2021-06-11 09:47:11,846.7,1819163
2021-06-11 09:47:12,847.0,1819715
2021-06-11 09:47:13,847.0,1819823
2021-06-11 09:47:14,847.0,1819877
2021-06-11 09:47:15,847.0,1819955
2021-06-11 09:47:16,847.0,1819977
2021-06-11 09:47:17,847.0,1820057
2021-06-11 09:47:18,847.0,1820247
2021-06-11 09:47:19,846.8,1820274
2021-06-11 09:47:20,847.0,1820316
2021-06-11 09:47:21,847.0,1820378
2021-06-11 09:47:22,847.0,1820528
2021-06-11 09:47:23,847.0,1820566
2021-06-11 09:47:24,847.0,1820572
2021-06-11 09:47:26,846.8,1820573
2021-06-11 09:47:26,847.0,1820583
2021-06-11 09:47:27,846.85,1820722
2021-06-11 09:47:28,846.8,1821338
2021-06-11 09:47:29,847.0,1821363
2021-06-11 09:47:30,846.85,1822082
2021-06-11 09:47:31,846.7,1822591
2021-06-11 09:47:32,846.9,1822766
2021-06-11 09:47:33,846.85,1822942
2021-06-11 09:47:34,846.85,1823094
2021-06-11 09:47:35,846.8,1823148
2021-06-11 09:47:36,846.8,1823356
2021-06-11 09:47:37,846.75,1825623
2021-06-11 09:47:38,846.75,1825736
2021-06-11 09:47:39,846.7,1825986
2021-06-11 09:47:40,846.75,1826137
2021-06-11 09:47:42,846.75,1826357
2021-06-11 09:47:43,846.75,1826551
2021-06-11 09:47:44,846.75,1826651
2021-06-11 09:47:45,846.75,1826881
2021-06-11 09:47:47,846.8,1827051
2021-06-11 09:47:47,846.65,1827185
2021-06-11 09:47:48,846.65,1827185
2021-06-11 09:47:49,846.8,1827200
2021-06-11 09:47:50,846.8,1827325
2021-06-11 09:47:51,846.85,1827526
2021-06-11 09:47:52,846.85,1827537
2021-06-11 09:47:53,846.85,1827572
2021-06-11 09:47:54,846.75,1827641
2021-06-11 09:47:55,847.2,1830045
2021-06-11 09:47:56,847.2,1830095
2021-06-11 09:47:57,847.2,1830116
2021-06-11 09:47:59,846.95,1830170
2021-06-11 09:47:59,847.2,1830195
2021-06-11 09:48:00,847.2,1830293
2021-06-11 09:48:02,847.2,1830376
2021-06-11 09:48:03,847.05,1830801
2021-06-11 09:48:05,847.05,1831117
2021-06-11 09:48:05,847.05,1831117
2021-06-11 09:48:07,847.1,1831477
2021-06-11 09:48:07,847.1,1831477
2021-06-11 09:48:08,847.0,1831967
2021-06-11 09:48:09,847.0,1832070
2021-06-11 09:48:10,847.05,1832075
2021-06-11 09:48:11,846.85,1832541
2021-06-11 09:48:12,846.85,1832596
2021-06-11 09:48:13,846.85,1832722
2021-06-11 09:48:14,846.8,1832789
2021-06-11 09:48:15,846.8,1832789
2021-06-11 09:48:17,846.85,1833024
2021-06-11 09:48:18,846.85,1833889
2021-06-11 09:48:18,846.85,1833889
2021-06-11 09:48:19,846.8,1834434
2021-06-11 09:48:20,846.8,1834654
2021-06-11 09:48:21,846.6,1834806
2021-06-11 09:48:22,846.8,1835007
2021-06-11 09:48:23,846.8,1835098
2021-06-11 09:48:24,846.8,1835558
2021-06-11 09:48:25,846.6,1835636
2021-06-11 09:48:26,846.8,1835785
2021-06-11 09:48:27,846.8,1835827
2021-06-11 09:48:28,846.7,1836034
2021-06-11 09:48:29,846.7,1836399
2021-06-11 09:48:31,846.7,1836582
2021-06-11 09:48:32,846.6,1836602
2021-06-11 09:48:33,846.7,1836615
2021-06-11 09:48:34,846.7,1836700
2021-06-11 09:48:35,846.6,1836750
2021-06-11 09:48:36,846.6,1837005
2021-06-11 09:48:37,846.5,1838282
2021-06-11 09:48:39,846.6,1839061
2021-06-11 09:48:38,846.5,1839022
2021-06-11 09:48:41,846.6,1839099
2021-06-11 09:48:42,846.5,1839246
2021-06-11 09:48:43,846.6,1839423
2021-06-11 09:48:44,846.6,1839473
2021-06-11 09:48:45,846.6,1839478
2021-06-11 09:48:47,846.5,1839514
2021-06-11 09:48:47,846.5,1840414
2021-06-11 09:48:48,846.65,1841114
2021-06-11 09:48:49,846.65,1841140
2021-06-11 09:48:50,846.65,1841287
2021-06-11 09:48:52,846.5,1841535
2021-06-11 09:48:52,846.15,1846125
2021-06-11 09:48:53,846.4,1846315
2021-06-11 09:48:54,846.5,1846325
2021-06-11 09:48:55,846.5,1846357
2021-06-11 09:48:56,846.15,1846364
2021-06-11 09:48:57,846.65,1848448
2021-06-11 09:48:58,846.6,1848673
2021-06-11 09:48:59,846.7,1849093
2021-06-11 09:49:00,846.6,1849201
2021-06-11 09:49:02,846.7,1849334
2021-06-11 09:49:03,846.6,1849335
2021-06-11 09:49:02,846.6,1849335
2021-06-11 09:49:05,846.6,1849712
2021-06-11 09:49:06,846.7,1850242
2021-06-11 09:49:07,846.7,1851273
2021-06-11 09:49:07,846.7,1851273
2021-06-11 09:49:08,846.7,1851274
2021-06-11 09:49:09,846.4,1851330
2021-06-11 09:49:10,846.35,1851455
2021-06-11 09:49:11,846.55,1851466
2021-06-11 09:49:12,846.55,1851492
2021-06-11 09:49:13,846.55,1851497
2021-06-11 09:49:14,846.55,1851549
2021-06-11 09:49:15,846.4,1851641
2021-06-11 09:49:17,846.35,1851741
2021-06-11 09:49:18,846.4,1851817
2021-06-11 09:49:19,846.3,1851934
2021-06-11 09:49:20,846.4,1852315
2021-06-11 09:49:21,846.4,1852315
2021-06-11 09:49:22,846.4,1852335
2021-06-11 09:49:23,846.35,1852442
2021-06-11 09:49:23,846.35,1852442
2021-06-11 09:49:26,846.5,1853775
2021-06-11 09:49:27,846.35,1853921
2021-06-11 09:49:27,846.35,1853921
2021-06-11 09:49:28,846.35,1853921
2021-06-11 09:49:29,846.3,1853947
2021-06-11 09:49:30,846.3,1854147
2021-06-11 09:49:31,846.2,1854160
2021-06-11 09:49:32,846.3,1854336
2021-06-11 09:49:33,846.3,1854361
2021-06-11 09:49:34,846.3,1854361
2021-06-11 09:49:35,846.15,1854497
2021-06-11 09:49:37,846.3,1854953
2021-06-11 09:49:38,846.5,1855069
2021-06-11 09:49:40,846.3,1855248
2021-06-11 09:49:41,846.3,1855269
2021-06-11 09:49:42,846.2,1855321
2021-06-11 09:49:44,846.3,1855442
2021-06-11 09:49:45,846.35,1855567
2021-06-11 09:49:45,846.2,1855588
2021-06-11 09:49:46,846.2,1855588
2021-06-11 09:49:47,846.2,1855858
2021-06-11 09:49:48,846.2,1855893
2021-06-11 09:49:49,846.4,1856443
2021-06-11 09:49:50,846.5,1856757
2021-06-11 09:49:52,846.3,1856882
2021-06-11 09:49:52,846.55,1856937
2021-06-11 09:49:53,846.35,1856938
2021-06-11 09:49:54,846.35,1856969
2021-06-11 09:49:56,846.2,1857354
2021-06-11 09:49:57,845.85,1865644
2021-06-11 09:49:57,845.85,1865745
2021-06-11 09:49:58,845.85,1866030
2021-06-11 09:49:59,845.85,1866032
2021-06-11 09:50:00,845.8,1866047
2021-06-11 09:50:01,845.8,1866069
2021-06-11 09:50:02,845.85,1866138
2021-06-11 09:50:03,845.8,1866154
2021-06-11 09:50:04,845.8,1866155
2021-06-11 09:50:05,845.75,1867077
2021-06-11 09:50:06,845.5,1868734
2021-06-11 09:50:07,845.5,1868947
2021-06-11 09:50:09,845.5,1869064
2021-06-11 09:50:10,845.6,1869537
2021-06-11 09:50:10,845.6,1870027
2021-06-11 09:50:11,845.5,1870481
2021-06-11 09:50:13,845.5,1870761
2021-06-11 09:50:14,845.6,1870919
2021-06-11 09:50:15,845.25,1873143
2021-06-11 09:50:16,845.5,1873753
2021-06-11 09:50:19,845.35,1874453
2021-06-11 09:50:20,845.35,1874888
2021-06-11 09:50:21,845.15,1875814
2021-06-11 09:50:22,845.15,1875914
2021-06-11 09:50:24,845.15,1876508
2021-06-11 09:50:24,845.1,1877379
2021-06-11 09:50:25,845.05,1879805
2021-06-11 09:50:26,845.05,1879958
2021-06-11 09:50:27,845.05,1881076
2021-06-11 09:50:28,845.05,1881321
2021-06-11 09:50:29,845.05,1881336
2021-06-11 09:50:30,845.1,1882055
2021-06-11 09:50:31,845.05,1882410
2021-06-11 09:50:32,845.05,1882591
2021-06-11 09:50:33,845.1,1882625
2021-06-11 09:50:35,845.15,1883902
2021-06-11 09:50:36,845.15,1884250
2021-06-11 09:50:37,845.15,1884259
2021-06-11 09:50:38,845.3,1884461
2021-06-11 09:50:39,845.15,1884569
2021-06-11 09:50:39,845.5,1884900
2021-06-11 09:50:40,845.1,1885259
2021-06-11 09:50:41,845.15,1885432
2021-06-11 09:50:42,845.5,1885437
2021-06-11 09:50:43,845.15,1885641
2021-06-11 09:50:46,845.5,1886406
2021-06-11 09:50:47,845.25,1886498
2021-06-11 09:50:48,845.5,1886733
2021-06-11 09:50:49,845.25,1886769
2021-06-11 09:50:49,845.25,1886769
2021-06-11 09:50:51,845.55,1887316
2021-06-11 09:50:52,845.6,1887328
2021-06-11 09:50:53,845.5,1887628
2021-06-11 09:50:54,845.5,1887828
2021-06-11 09:50:54,845.5,1887828
2021-06-11 09:50:55,845.55,1887884
2021-06-11 09:50:56,845.55,1888029
2021-06-11 09:50:57,845.55,1888039
2021-06-11 09:50:58,845.55,1888039
2021-06-11 09:50:59,845.55,1888070
2021-06-11 09:51:00,845.6,1888733
2021-06-11 09:51:01,845.6,1888825
2021-06-11 09:51:03,845.5,1889052
2021-06-11 09:51:03,845.55,1889100
2021-06-11 09:51:04,845.55,1889282
2021-06-11 09:51:05,845.55,1889726
2021-06-11 09:51:06,845.55,1889729
2021-06-11 09:51:07,845.55,1889738
2021-06-11 09:51:08,845.25,1891051
2021-06-11 09:51:09,845.25,1891156
2021-06-11 09:51:10,845.25,1894996
2021-06-11 09:51:11,845.25,1895128
2021-06-11 09:51:12,845.0,1900712
2021-06-11 09:51:13,844.25,1928243
2021-06-11 09:51:14,844.25,1928920
2021-06-11 09:51:15,844.0,1936544
2021-06-11 09:51:17,844.0,1940721
2021-06-11 09:51:18,844.0,1941246
2021-06-11 09:51:19,844.0,1945254
2021-06-11 09:51:20,844.0,1945606
2021-06-11 09:51:20,844.0,1945631
2021-06-11 09:51:21,844.0,1946280
2021-06-11 09:51:23,843.8,1950810
2021-06-11 09:51:24,844.05,1953761
2021-06-11 09:51:26,844.15,1954374
2021-06-11 09:51:27,844.05,1954944
2021-06-11 09:51:28,844.3,1955078
2021-06-11 09:51:29,844.1,1955734
2021-06-11 09:51:30,844.1,1955893
2021-06-11 09:51:31,844.3,1956236
2021-06-11 09:51:32,844.1,1956384
2021-06-11 09:51:33,844.35,1961363
2021-06-11 09:51:33,844.35,1961353
2021-06-11 09:51:34,844.25,1962747
2021-06-11 09:51:35,844.5,1962829
2021-06-11 09:51:36,844.25,1963332
2021-06-11 09:51:37,844.25,1963333
2021-06-11 09:51:38,844.35,1963394
2021-06-11 09:51:39,844.5,1963531
2021-06-11 09:51:40,844.25,1964667
2021-06-11 09:51:41,844.25,1965171
2021-06-11 09:51:42,844.5,1965522
2021-06-11 09:51:43,844.45,1965662
2021-06-11 09:51:44,844.25,1968837
2021-06-11 09:51:45,844.25,1969016
2021-06-11 09:51:46,844.1,1969148
2021-06-11 09:51:47,844.25,1969156
2021-06-11 09:51:48,844.25,1970181
2021-06-11 09:51:49,844.1,1970284
2021-06-11 09:51:50,844.25,1970769
2021-06-11 09:51:51,844.25,1971096
2021-06-11 09:51:52,844.1,1971381
2021-06-11 09:51:53,844.2,1971754
2021-06-11 09:51:54,844.25,1971764
2021-06-11 09:51:55,844.0,1974170
2021-06-11 09:51:57,844.2,1974179
2021-06-11 09:51:58,844.1,1974284
2021-06-11 09:51:59,844.2,1974646
2021-06-11 09:51:59,844.1,1974842
2021-06-11 09:52:00,844.2,1975054
2021-06-11 09:52:01,844.2,1975191
2021-06-11 09:52:02,844.1,1975367
2021-06-11 09:52:03,844.0,1976178
2021-06-11 09:52:04,844.0,1976773
2021-06-11 09:52:05,844.0,1977262
2021-06-11 09:52:07,844.0,1977867
2021-06-11 09:52:08,844.0,1981376
2021-06-11 09:52:09,844.0,1982441
2021-06-11 09:52:10,844.1,1982641
2021-06-11 09:52:11,844.1,1982851
2021-06-11 09:52:12,844.1,1983459
2021-06-11 09:52:13,844.2,1985074
2021-06-11 09:52:14,844.1,1986653
2021-06-11 09:52:14,844.5,1986753
2021-06-11 09:52:15,844.2,1986767
2021-06-11 09:52:16,844.1,1986865
2021-06-11 09:52:17,844.05,1986925
2021-06-11 09:52:18,844.0,1987249
2021-06-11 09:52:19,844.0,1987474
2021-06-11 09:52:20,844.1,1988150
2021-06-11 09:52:21,844.15,1988176
2021-06-11 09:52:22,844.2,1988232
2021-06-11 09:52:23,844.2,1988312
2021-06-11 09:52:24,844.2,1988642
2021-06-11 09:52:25,844.2,1988739
2021-06-11 09:52:26,844.2,1989551
2021-06-11 09:52:27,844.2,1989590
2021-06-11 09:52:28,844.2,1990105
2021-06-11 09:52:29,844.2,1990310
2021-06-11 09:52:30,844.15,1990383
2021-06-11 09:52:31,844.2,1990415
2021-06-11 09:52:32,844.2,1991115
2021-06-11 09:52:33,844.2,1994932
2021-06-11 09:52:34,844.2,1995183
2021-06-11 09:52:36,844.05,1995253
2021-06-11 09:52:37,844.2,1995303
2021-06-11 09:52:38,844.2,1995324
2021-06-11 09:52:39,844.15,1997141
2021-06-11 09:52:40,844.05,1997377
2021-06-11 09:52:41,844.15,1997712
2021-06-11 09:52:42,844.0,1997867
2021-06-11 09:52:43,844.15,1997970
2021-06-11 09:52:44,844.2,2000847
2021-06-11 09:52:45,844.15,2001429
2021-06-11 09:52:46,844.35,2001444
2021-06-11 09:52:47,844.05,2001749
2021-06-11 09:52:48,844.2,2001877
2021-06-11 09:52:49,844.2,2001899
2021-06-11 09:52:49,844.35,2002078
2021-06-11 09:52:51,844.15,2003496
2021-06-11 09:52:52,844.25,2004971
2021-06-11 09:52:53,844.25,2006120
2021-06-11 09:52:54,844.5,2006265
2021-06-11 09:52:55,844.5,2006509
2021-06-11 09:52:55,844.5,2006513
2021-06-11 09:52:56,844.3,2006517
2021-06-11 09:52:57,844.5,2007117
2021-06-11 09:52:58,844.6,2007424
2021-06-11 09:53:00,844.35,2007918
2021-06-11 09:53:01,844.5,2007960
2021-06-11 09:53:02,844.3,2008160
2021-06-11 09:53:02,844.6,2008176
2021-06-11 09:53:04,844.4,2008196
2021-06-11 09:53:05,844.25,2008224
2021-06-11 09:53:06,844.4,2008650
2021-06-11 09:53:07,844.5,2008740
2021-06-11 09:53:08,844.3,2008842
2021-06-11 09:53:09,844.3,2009177
2021-06-11 09:53:10,844.3,2009180
2021-06-11 09:53:11,844.35,2009413
2021-06-11 09:53:11,844.35,2009433
2021-06-11 09:53:12,844.25,2009437
2021-06-11 09:53:13,844.35,2009652
2021-06-11 09:53:15,844.25,2009727
2021-06-11 09:53:16,844.25,2010078
2021-06-11 09:53:17,844.2,2010323
2021-06-11 09:53:18,844.2,2010368
2021-06-11 09:53:19,844.15,2011610
2021-06-11 09:53:20,844.15,2011716
2021-06-11 09:53:21,844.25,2011717
2021-06-11 09:53:22,844.25,2011869
2021-06-11 09:53:23,844.25,2012051
2021-06-11 09:53:24,844.25,2013016
2021-06-11 09:53:25,844.05,2013362
2021-06-11 09:53:26,844.05,2013684
2021-06-11 09:53:26,844.25,2013678
2021-06-11 09:53:27,844.05,2013804
2021-06-11 09:53:28,844.25,2015146
2021-06-11 09:53:30,844.2,2015193
2021-06-11 09:53:31,844.15,2015942
2021-06-11 09:53:32,844.25,2016094
2021-06-11 09:53:33,844.3,2016846
2021-06-11 09:53:34,844.3,2016967
2021-06-11 09:53:35,844.05,2017978
2021-06-11 09:53:36,844.25,2018002
2021-06-11 09:53:37,844.25,2018857
2021-06-11 09:53:37,844.25,2018887
2021-06-11 09:53:38,844.2,2018895
2021-06-11 09:53:40,844.15,2019954
2021-06-11 09:53:41,844.2,2019994
2021-06-11 09:53:42,844.25,2020023
2021-06-11 09:53:43,844.05,2020408
2021-06-11 09:53:44,844.05,2020408
2021-06-11 09:53:45,844.1,2020672
2021-06-11 09:53:46,844.05,2021737
2021-06-11 09:53:47,844.1,2021963
2021-06-11 09:53:48,843.95,2032880
2021-06-11 09:53:49,843.9,2033447
2021-06-11 09:53:49,843.9,2033447
2021-06-11 09:53:50,843.7,2033518
2021-06-11 09:53:51,843.65,2033648
2021-06-11 09:53:52,843.65,2035092
2021-06-11 09:53:53,843.35,2039366
2021-06-11 09:53:54,843.4,2040983
2021-06-11 09:53:55,843.05,2041267
2021-06-11 09:53:57,843.0,2056471
2021-06-11 09:53:58,843.0,2060957
2021-06-11 09:53:59,842.75,2061330
2021-06-11 09:54:00,843.25,2065027
2021-06-11 09:54:01,842.85,2065330
2021-06-11 09:54:02,842.65,2066441
2021-06-11 09:54:03,842.7,2067143
2021-06-11 09:54:04,843.2,2080113
2021-06-11 09:54:05,843.2,2085546
2021-06-11 09:54:06,843.5,2088212
2021-06-11 09:54:07,843.55,2088540
2021-06-11 09:54:08,843.85,2088640
2021-06-11 09:54:09,843.9,2088810
2021-06-11 09:54:10,843.6,2088880
2021-06-11 09:54:11,843.55,2089098
2021-06-11 09:54:12,843.95,2089213
2021-06-11 09:54:13,843.5,2090028
2021-06-11 09:54:14,843.6,2090459
2021-06-11 09:54:15,843.65,2090793
2021-06-11 09:54:16,843.95,2090807
2021-06-11 09:54:17,843.95,2091254
2021-06-11 09:54:17,843.9,2091256
2021-06-11 09:54:18,843.5,2091704
2021-06-11 09:54:19,843.85,2096134
2021-06-11 09:54:20,843.85,2096134
2021-06-11 09:54:22,843.7,2097059
2021-06-11 09:54:23,844.0,2097429
2021-06-11 09:54:24,844.0,2097440
2021-06-11 09:54:25,843.45,2098232
2021-06-11 09:54:27,843.45,2101423
2021-06-11 09:54:28,843.7,2101523
2021-06-11 09:54:29,843.85,2102634
2021-06-11 09:54:30,843.85,2103085
2021-06-11 09:54:31,843.5,2103642
2021-06-11 09:54:33,843.7,2103869
2021-06-11 09:54:35,843.5,2104024
2021-06-11 09:54:36,843.5,2104124
2021-06-11 09:54:37,843.8,2104299
2021-06-11 09:54:38,843.5,2104359
2021-06-11 09:54:39,843.6,2105097
2021-06-11 09:54:40,843.5,2105262
2021-06-11 09:54:41,843.5,2105557
2021-06-11 09:54:42,843.45,2106645
2021-06-11 09:54:43,843.0,2108175
2021-06-11 09:54:44,843.3,2108697
2021-06-11 09:54:45,843.3,2109018
2021-06-11 09:54:46,843.15,2112551
2021-06-11 09:54:46,843.3,2112559
2021-06-11 09:54:47,843.4,2113110
2021-06-11 09:54:48,843.4,2113121
2021-06-11 09:54:49,843.2,2114801
2021-06-11 09:54:50,843.2,2115237
2021-06-11 09:54:51,842.85,2116505
2021-06-11 09:54:52,843.3,2118185
2021-06-11 09:54:53,843.2,2118449
2021-06-11 09:54:54,843.2,2118583
2021-06-11 09:54:55,843.3,2118722
2021-06-11 09:54:56,843.3,2120896
2021-06-11 09:54:57,842.9,2121804
2021-06-11 09:54:58,843.25,2123239
2021-06-11 09:55:00,843.0,2123710
2021-06-11 09:55:00,843.3,2127033
2021-06-11 09:55:01,843.0,2127761
2021-06-11 09:55:02,842.9,2128222
2021-06-11 09:55:04,842.8,2128483
2021-06-11 09:55:04,842.5,2129875
2021-06-11 09:55:05,842.5,2130008
2021-06-11 09:55:06,842.8,2130566
2021-06-11 09:55:07,842.5,2131491
2021-06-11 09:55:08,842.8,2132235
2021-06-11 09:55:09,842.4,2133278
2021-06-11 09:55:10,842.8,2133919
2021-06-11 09:55:12,842.45,2134883
2021-06-11 09:55:13,842.8,2135685
2021-06-11 09:55:14,842.5,2136439
2021-06-11 09:55:15,843.2,2138183
2021-06-11 09:55:15,843.0,2136757
2021-06-11 09:55:16,843.2,2138208
2021-06-11 09:55:17,842.9,2139388
2021-06-11 09:55:18,842.85,2140417
2021-06-11 09:55:19,842.5,2141031
2021-06-11 09:55:20,843.0,2142103
2021-06-11 09:55:21,842.9,2142322
2021-06-11 09:55:23,843.0,2143051
2021-06-11 09:55:24,842.85,2143538
2021-06-11 09:55:25,842.8,2145117
2021-06-11 09:55:26,842.5,2145497
2021-06-11 09:55:27,842.85,2145807
2021-06-11 09:55:28,842.85,2146328
2021-06-11 09:55:29,842.6,2146752
2021-06-11 09:55:30,842.9,2146852
2021-06-11 09:55:31,842.9,2146883
2021-06-11 09:55:31,842.5,2147684
2021-06-11 09:55:33,842.55,2148230
2021-06-11 09:55:34,842.5,2148681
2021-06-11 09:55:35,842.8,2148937
2021-06-11 09:55:36,842.8,2148941
2021-06-11 09:55:37,842.85,2150326
2021-06-11 09:55:38,842.6,2150513
2021-06-11 09:55:39,842.55,2150785
2021-06-11 09:55:40,842.55,2151265
2021-06-11 09:55:41,842.5,2151785
2021-06-11 09:55:42,842.55,2153192
2021-06-11 09:55:43,842.5,2153315
2021-06-11 09:55:44,842.5,2153594
2021-06-11 09:55:45,842.5,2153594
2021-06-11 09:55:46,843.0,2160017
2021-06-11 09:55:47,842.9,2161139
2021-06-11 09:55:48,843.15,2161149
2021-06-11 09:55:49,843.2,2161469
2021-06-11 09:55:50,842.75,2162029
2021-06-11 09:55:51,843.4,2164267
2021-06-11 09:55:52,843.05,2164493
2021-06-11 09:55:53,843.0,2165244
2021-06-11 09:55:54,843.0,2167994
2021-06-11 09:55:55,843.2,2168024
2021-06-11 09:55:56,843.0,2168454
2021-06-11 09:55:57,843.1,2168500
2021-06-11 09:55:58,843.1,2168772
2021-06-11 09:55:59,843.1,2168938
2021-06-11 09:56:00,843.1,2168986
2021-06-11 09:56:01,843.15,2169063
2021-06-11 09:56:03,843.15,2169676
2021-06-11 09:56:04,843.0,2169952
2021-06-11 09:56:05,843.15,2170103
2021-06-11 09:56:06,843.15,2170528
2021-06-11 09:56:07,843.0,2171056
2021-06-11 09:56:08,843.15,2171193
2021-06-11 09:56:09,843.05,2171267
2021-06-11 09:56:10,843.05,2171404
2021-06-11 09:56:11,843.05,2171801
2021-06-11 09:56:12,843.0,2173148
2021-06-11 09:56:13,843.05,2173638
2021-06-11 09:56:14,843.0,2174656
2021-06-11 09:56:15,843.0,2174672
2021-06-11 09:56:16,842.95,2177110
2021-06-11 09:56:17,842.65,2177574
2021-06-11 09:56:18,843.0,2177677
2021-06-11 09:56:19,842.65,2177862
2021-06-11 09:56:20,843.0,2177927
2021-06-11 09:56:21,843.0,2178273
2021-06-11 09:56:22,842.9,2178669
2021-06-11 09:56:23,842.9,2178897
2021-06-11 09:56:24,842.65,2179044
2021-06-11 09:56:25,842.85,2181022
2021-06-11 09:56:26,842.85,2181037
2021-06-11 09:56:27,842.85,2181231
2021-06-11 09:56:28,842.6,2181652
2021-06-11 09:56:30,843.0,2187933
2021-06-11 09:56:29,842.8,2187922
2021-06-11 09:56:31,842.7,2188408
2021-06-11 09:56:32,843.0,2188869
2021-06-11 09:56:33,842.8,2189650
2021-06-11 09:56:34,842.65,2191827
2021-06-11 09:56:35,842.6,2192932
2021-06-11 09:56:36,842.95,2193469
2021-06-11 09:56:37,842.95,2193988
2021-06-11 09:56:38,842.95,2194331
2021-06-11 09:56:39,842.85,2194364
2021-06-11 09:56:40,842.65,2195159
2021-06-11 09:56:41,842.85,2195180
2021-06-11 09:56:42,842.65,2202093
2021-06-11 09:56:43,842.85,2204148
2021-06-11 09:56:44,842.8,2204153
2021-06-11 09:56:45,842.7,2204753
2021-06-11 09:56:46,842.65,2205451
2021-06-11 09:56:47,842.65,2206262
2021-06-11 09:56:48,842.65,2206441
2021-06-11 09:56:49,842.65,2206780
2021-06-11 09:56:50,842.65,2206780
2021-06-11 09:56:51,842.45,2207690
2021-06-11 09:56:53,842.8,2207976
2021-06-11 09:56:52,842.8,2207966
2021-06-11 09:56:54,842.8,2208007
2021-06-11 09:56:55,842.5,2208090
2021-06-11 09:56:56,842.65,2208135
2021-06-11 09:56:57,842.85,2208974
2021-06-11 09:56:58,842.5,2209239
2021-06-11 09:56:59,842.5,2209358
2021-06-11 09:57:00,842.9,2209638
2021-06-11 09:57:01,842.8,2209732
2021-06-11 09:57:02,842.8,2209836
2021-06-11 09:57:03,842.8,2209842
2021-06-11 09:57:05,842.8,2209928
2021-06-11 09:57:06,842.8,2209945
2021-06-11 09:57:07,842.8,2210152
2021-06-11 09:57:08,842.8,2210262
2021-06-11 09:57:09,842.65,2214722
2021-06-11 09:57:10,842.85,2214782
2021-06-11 09:57:11,842.95,2215010
2021-06-11 09:57:12,842.65,2215030
2021-06-11 09:57:14,843.0,2215130
2021-06-11 09:57:13,843.0,2215130
2021-06-11 09:57:15,843.0,2215135
2021-06-11 09:57:16,843.35,2220843
2021-06-11 09:57:17,843.4,2221197
2021-06-11 09:57:18,843.45,2221597
2021-06-11 09:57:19,843.1,2221866
2021-06-11 09:57:20,843.4,2221966
2021-06-11 09:57:21,843.1,2222147
2021-06-11 09:57:22,843.1,2222174
2021-06-11 09:57:23,843.15,2222285
2021-06-11 09:57:24,843.15,2222596
2021-06-11 09:57:25,843.05,2223604
2021-06-11 09:57:26,843.4,2223681
2021-06-11 09:57:28,843.4,2224182
2021-06-11 09:57:27,843.4,2224082
2021-06-11 09:57:29,843.05,2224426
2021-06-11 09:57:30,843.35,2224645
2021-06-11 09:57:31,843.0,2225065
2021-06-11 09:57:32,843.0,2225065
2021-06-11 09:57:33,843.3,2225311
2021-06-11 09:57:34,843.0,2225470
2021-06-11 09:57:35,843.0,2225505
2021-06-11 09:57:36,843.0,2225560
2021-06-11 09:57:37,843.3,2225706
2021-06-11 09:57:38,843.35,2226414
2021-06-11 09:57:39,843.0,2229214
2021-06-11 09:57:40,843.15,2229247
2021-06-11 09:57:41,843.0,2230132
2021-06-11 09:57:42,843.15,2230383
2021-06-11 09:57:43,843.15,2230479
2021-06-11 09:57:44,843.15,2230479
2021-06-11 09:57:45,843.1,2230504
2021-06-11 09:57:46,843.3,2234085
2021-06-11 09:57:47,843.15,2234216
2021-06-11 09:57:48,843.05,2234721
2021-06-11 09:57:50,843.3,2234975
2021-06-11 09:57:51,843.4,2235606
2021-06-11 09:57:52,843.1,2235726
2021-06-11 09:57:53,843.1,2235726
2021-06-11 09:57:54,843.35,2235944
2021-06-11 09:57:55,843.35,2235969
2021-06-11 09:57:56,843.35,2236019
2021-06-11 09:57:57,843.35,2236019
2021-06-11 09:57:58,843.2,2236529
2021-06-11 09:57:59,843.25,2236729
2021-06-11 09:58:00,843.25,2236878
2021-06-11 09:58:02,843.3,2236979
2021-06-11 09:58:03,843.35,2237077
2021-06-11 09:58:04,843.2,2237417
2021-06-11 09:58:05,843.2,2238553
2021-06-11 09:58:06,843.2,2238563
2021-06-11 09:58:07,843.2,2238668
2021-06-11 09:58:08,843.15,2238891
2021-06-11 09:58:10,843.15,2243679
2021-06-11 09:58:12,843.4,2243932
2021-06-11 09:58:13,843.5,2244053
2021-06-11 09:58:13,843.5,2244113
2021-06-11 09:58:14,843.2,2244369
2021-06-11 09:58:15,843.5,2244374
2021-06-11 09:58:17,843.15,2244723
2021-06-11 09:58:17,843.15,2244723
2021-06-11 09:58:18,843.15,2244834
2021-06-11 09:58:19,843.2,2245098
2021-06-11 09:58:20,843.2,2245099
2021-06-11 09:58:21,843.7,2246743
2021-06-11 09:58:22,844.0,2253099
2021-06-11 09:58:23,843.8,2253758
2021-06-11 09:58:25,844.5,2255238
2021-06-11 09:58:25,844.3,2255163
2021-06-11 09:58:26,844.55,2255388
2021-06-11 09:58:27,844.3,2257638
2021-06-11 09:58:28,844.65,2257889
2021-06-11 09:58:29,844.55,2258429
2021-06-11 09:58:30,844.5,2258711
2021-06-11 09:58:31,844.55,2259040
2021-06-11 09:58:32,844.4,2260389
2021-06-11 09:58:34,844.55,2260400
2021-06-11 09:58:34,844.55,2260588
2021-06-11 09:58:35,844.55,2260618
2021-06-11 09:58:36,844.55,2261035
2021-06-11 09:58:37,844.55,2261335
2021-06-11 09:58:38,844.5,2262596
2021-06-11 09:58:39,844.45,2264749
2021-06-11 09:58:40,844.35,2264965
2021-06-11 09:58:41,844.35,2265097
2021-06-11 09:58:42,844.35,2265421
2021-06-11 09:58:43,844.15,2265453
2021-06-11 09:58:44,844.15,2265648
2021-06-11 09:58:46,844.05,2267041
2021-06-11 09:58:48,844.25,2267065
2021-06-11 09:58:49,844.15,2267085
2021-06-11 09:58:50,844.0,2269264
2021-06-11 09:58:51,844.0,2269275
2021-06-11 09:58:52,844.0,2269320
2021-06-11 09:58:53,844.05,2269498
2021-06-11 09:58:54,844.05,2269563
2021-06-11 09:58:54,844.05,2269563
2021-06-11 09:58:55,844.0,2269644
2021-06-11 09:58:56,844.25,2270345
2021-06-11 09:58:57,844.3,2270475
2021-06-11 09:58:58,844.0,2270821
2021-06-11 09:58:59,844.3,2270902
2021-06-11 09:59:00,844.3,2270927
2021-06-11 09:59:01,844.3,2271027
2021-06-11 09:59:02,844.3,2271147
2021-06-11 09:59:03,844.3,2271356
2021-06-11 09:59:04,844.25,2271577
2021-06-11 09:59:05,844.2,2271978
2021-06-11 09:59:06,844.3,2272508
2021-06-11 09:59:07,844.3,2272658
2021-06-11 09:59:09,844.2,2273356
2021-06-11 09:59:10,844.2,2273362
2021-06-11 09:59:11,844.2,2274250
2021-06-11 09:59:12,844.2,2274255
2021-06-11 09:59:13,844.05,2274352
2021-06-11 09:59:15,844.5,2276110
2021-06-11 09:59:16,844.5,2276310
2021-06-11 09:59:16,844.3,2276330
2021-06-11 09:59:17,844.2,2276337
2021-06-11 09:59:18,844.2,2276337
2021-06-11 09:59:19,844.25,2276362
2021-06-11 09:59:20,844.25,2276362
2021-06-11 09:59:21,844.25,2276573
2021-06-11 09:59:22,844.25,2276868
2021-06-11 09:59:23,844.05,2279945
2021-06-11 09:59:24,844.05,2279965
2021-06-11 09:59:25,844.2,2280515
2021-06-11 09:59:26,843.85,2280667
2021-06-11 09:59:27,844.0,2280729
2021-06-11 09:59:28,844.05,2281014
2021-06-11 09:59:29,844.0,2281130
2021-06-11 09:59:30,844.4,2282184
2021-06-11 09:59:31,844.0,2282224
2021-06-11 09:59:32,844.0,2282335
2021-06-11 09:59:33,844.05,2282339
2021-06-11 09:59:35,844.2,2282987
2021-06-11 09:59:36,844.1,2283097
2021-06-11 09:59:36,844.0,2283147
2021-06-11 09:59:37,844.0,2283557
2021-06-11 09:59:38,844.0,2284272
2021-06-11 09:59:39,844.1,2284275
2021-06-11 09:59:40,844.0,2285525
2021-06-11 09:59:41,844.0,2285592
2021-06-11 09:59:42,844.0,2285756
2021-06-11 09:59:43,844.0,2286151
2021-06-11 09:59:44,844.1,2286394
2021-06-11 09:59:45,844.1,2287636
2021-06-11 09:59:46,844.0,2287659
2021-06-11 09:59:47,843.8,2287950
2021-06-11 09:59:48,844.35,2293000
2021-06-11 09:59:49,844.4,2293176
2021-06-11 09:59:50,844.2,2293203
2021-06-11 09:59:51,844.05,2293623
2021-06-11 09:59:52,844.05,2293645
2021-06-11 09:59:53,844.05,2293773
2021-06-11 09:59:54,844.05,2293773
2021-06-11 09:59:55,844.05,2293773
2021-06-11 09:59:58,844.4,2294138
2021-06-11 10:00:00,844.05,2295121
2021-06-11 10:00:01,844.35,2298147
2021-06-11 10:00:02,844.0,2298247
2021-06-11 10:00:03,844.0,2298287
2021-06-11 10:00:04,844.35,2299567
2021-06-11 10:00:05,844.0,2304820
2021-06-11 10:00:06,844.05,2305368
2021-06-11 10:00:07,844.05,2305679
2021-06-11 10:00:10,844.1,2305825
2021-06-11 10:00:10,844.1,2305825
2021-06-11 10:00:11,844.2,2305845
2021-06-11 10:00:12,844.2,2306175
2021-06-11 10:00:13,844.2,2306347
2021-06-11 10:00:14,844.1,2306568
2021-06-11 10:00:15,844.1,2306737
2021-06-11 10:00:16,844.05,2306870
2021-06-11 10:00:17,844.05,2306910
2021-06-11 10:00:19,844.05,2307055
2021-06-11 10:00:20,844.05,2307389
2021-06-11 10:00:20,844.05,2307389
2021-06-11 10:00:21,844.1,2307404
2021-06-11 10:00:22,844.1,2307414
2021-06-11 10:00:23,844.05,2308861
2021-06-11 10:00:24,844.1,2309381
2021-06-11 10:00:25,844.1,2309404
2021-06-11 10:00:26,844.1,2309437
2021-06-11 10:00:27,844.0,2309438
2021-06-11 10:00:28,844.0,2309473
2021-06-11 10:00:30,844.05,2314231
2021-06-11 10:00:31,844.05,2314434
2021-06-11 10:00:32,843.65,2314505
2021-06-11 10:00:33,843.5,2314751
2021-06-11 10:00:34,843.85,2314916
2021-06-11 10:00:36,843.5,2315009
2021-06-11 10:00:37,843.9,2315030
2021-06-11 10:00:38,843.5,2315230
2021-06-11 10:00:39,843.5,2315281
2021-06-11 10:00:40,843.7,2315836
2021-06-11 10:00:41,843.7,2315967
2021-06-11 10:00:42,843.3,2316357
2021-06-11 10:00:42,843.7,2316057
2021-06-11 10:00:43,843.25,2316496
2021-06-11 10:00:44,843.6,2316751
2021-06-11 10:00:45,843.2,2317347
2021-06-11 10:00:47,843.2,2317507
2021-06-11 10:00:48,843.2,2317567
2021-06-11 10:00:49,843.4,2319908
2021-06-11 10:00:51,843.25,2320423
2021-06-11 10:00:52,843.85,2320823
2021-06-11 10:00:53,843.6,2320826
2021-06-11 10:00:54,843.35,2321044
2021-06-11 10:00:55,843.35,2321145
2021-06-11 10:00:57,843.75,2321331
2021-06-11 10:00:58,843.9,2321631
2021-06-11 10:00:59,843.65,2321711
2021-06-11 10:01:00,843.8,2322022
2021-06-11 10:01:02,843.75,2322025
2021-06-11 10:01:03,843.6,2322383
2021-06-11 10:01:04,843.85,2322398
2021-06-11 10:01:05,843.6,2322408
2021-06-11 10:01:06,843.85,2322520
2021-06-11 10:01:07,843.65,2322658
2021-06-11 10:01:08,843.65,2322724
2021-06-11 10:01:08,843.6,2322946
2021-06-11 10:01:09,843.75,2325860
2021-06-11 10:01:10,843.7,2326250
2021-06-11 10:01:11,843.75,2326391
2021-06-11 10:01:12,844.1,2331439
2021-06-11 10:01:13,844.0,2332927
2021-06-11 10:01:14,844.0,2333070
2021-06-11 10:01:15,844.4,2334091
2021-06-11 10:01:16,844.1,2334864
2021-06-11 10:01:17,844.1,2334864
2021-06-11 10:01:18,844.45,2335289
2021-06-11 10:01:19,844.45,2335395
2021-06-11 10:01:20,844.45,2335474
2021-06-11 10:01:21,844.15,2335586
2021-06-11 10:01:22,844.1,2335627
2021-06-11 10:01:23,844.0,2337863
2021-06-11 10:01:24,844.4,2337869
2021-06-11 10:01:25,844.1,2337880
2021-06-11 10:01:26,844.1,2337880
2021-06-11 10:01:27,844.45,2337931
2021-06-11 10:01:28,844.2,2339955
2021-06-11 10:01:29,844.45,2340827
2021-06-11 10:01:30,844.45,2340955
2021-06-11 10:01:31,844.45,2341341
2021-06-11 10:01:33,844.45,2341638
2021-06-11 10:01:34,844.4,2341648
2021-06-11 10:01:35,844.2,2341859
2021-06-11 10:01:36,844.45,2341912
2021-06-11 10:01:37,844.45,2341914
2021-06-11 10:01:38,844.4,2342250
2021-06-11 10:01:39,844.2,2344330
2021-06-11 10:01:39,844.4,2344331
2021-06-11 10:01:40,844.45,2345600
2021-06-11 10:01:41,844.45,2345688
2021-06-11 10:01:42,844.45,2345743
2021-06-11 10:01:43,844.4,2348403
2021-06-11 10:01:44,844.55,2349035
2021-06-11 10:01:45,844.65,2352923
2021-06-11 10:01:46,844.6,2354480
2021-06-11 10:01:47,845.5,2355779
2021-06-11 10:01:49,845.5,2355831
2021-06-11 10:01:50,845.5,2356332
2021-06-11 10:01:51,845.5,2356913
2021-06-11 10:01:52,845.2,2357870
2021-06-11 10:01:52,845.2,2357870
2021-06-11 10:01:53,845.5,2358820
2021-06-11 10:01:54,845.2,2359182
2021-06-11 10:01:55,845.15,2359483
2021-06-11 10:01:56,845.5,2359518
2021-06-11 10:01:57,845.15,2360115
2021-06-11 10:01:59,845.45,2360284
2021-06-11 10:02:00,845.5,2360844
2021-06-11 10:02:01,845.15,2361252
2021-06-11 10:02:02,845.35,2361523
2021-06-11 10:02:03,845.3,2362908
2021-06-11 10:02:05,845.4,2364635
2021-06-11 10:02:06,845.4,2364725
2021-06-11 10:02:07,845.2,2364727
2021-06-11 10:02:08,845.3,2365161
2021-06-11 10:02:09,845.3,2365702
2021-06-11 10:02:10,845.25,2367841
2021-06-11 10:02:11,845.25,2368006
2021-06-11 10:02:11,845.25,2369143
2021-06-11 10:02:12,845.6,2370143
2021-06-11 10:02:14,845.7,2371728
2021-06-11 10:02:15,845.25,2371743
2021-06-11 10:02:16,845.45,2371766
2021-06-11 10:02:17,845.25,2371907
2021-06-11 10:02:19,845.5,2372631
2021-06-11 10:02:21,845.85,2372711
2021-06-11 10:02:22,845.5,2373071
2021-06-11 10:02:22,845.8,2373099
2021-06-11 10:02:23,845.65,2373261
2021-06-11 10:02:24,845.45,2373639
2021-06-11 10:02:25,845.5,2374276
2021-06-11 10:02:26,845.8,2374361
2021-06-11 10:02:28,845.8,2374642
2021-06-11 10:02:29,845.8,2374955
2021-06-11 10:02:30,845.8,2375318
2021-06-11 10:02:31,845.8,2375635
2021-06-11 10:02:31,845.8,2376155
2021-06-11 10:02:32,845.75,2376158
2021-06-11 10:02:33,845.8,2376379
2021-06-11 10:02:34,845.8,2376441
2021-06-11 10:02:35,845.75,2376591
2021-06-11 10:02:36,845.8,2376774
2021-06-11 10:02:38,845.6,2377375
2021-06-11 10:02:39,845.65,2377676
2021-06-11 10:02:40,845.75,2377984
2021-06-11 10:02:41,845.75,2378164
2021-06-11 10:02:42,845.75,2378374
2021-06-11 10:02:43,845.75,2378667
2021-06-11 10:02:43,845.75,2378677
2021-06-11 10:02:44,845.55,2378712
2021-06-11 10:02:45,845.6,2379867
2021-06-11 10:02:46,845.55,2379962
2021-06-11 10:02:47,845.6,2380064
2021-06-11 10:02:48,845.5,2385749
2021-06-11 10:02:49,845.45,2385786
2021-06-11 10:02:50,845.45,2385786
2021-06-11 10:02:51,845.6,2385916
2021-06-11 10:02:53,845.4,2386225
2021-06-11 10:02:54,845.6,2386280
2021-06-11 10:02:55,845.45,2386544
2021-06-11 10:02:55,845.45,2386544
2021-06-11 10:02:56,845.5,2386780
2021-06-11 10:02:57,845.5,2386937
2021-06-11 10:02:58,846.35,2403601
2021-06-11 10:03:00,846.35,2404101
2021-06-11 10:03:01,846.1,2404840
2021-06-11 10:03:02,846.35,2406555
2021-06-11 10:03:03,846.0,2406656
2021-06-11 10:03:04,846.2,2406682
2021-06-11 10:03:05,846.0,2406749
2021-06-11 10:03:06,846.0,2406772
2021-06-11 10:03:07,846.2,2407536
2021-06-11 10:03:08,846.0,2408045
2021-06-11 10:03:09,846.1,2408853
2021-06-11 10:03:10,846.85,2417222
2021-06-11 10:03:10,846.85,2417222
2021-06-11 10:03:11,846.3,2419097
2021-06-11 10:03:12,846.65,2419262
2021-06-11 10:03:13,846.5,2419607
2021-06-11 10:03:14,846.65,2419967
2021-06-11 10:03:16,846.35,2420222
2021-06-11 10:03:17,846.7,2420272
2021-06-11 10:03:18,846.35,2420674
2021-06-11 10:03:19,846.6,2420810
2021-06-11 10:03:19,846.7,2420962
2021-06-11 10:03:20,846.5,2421236
2021-06-11 10:03:22,846.5,2423681
2021-06-11 10:03:23,846.7,2424195
2021-06-11 10:03:24,846.5,2424220
2021-06-11 10:03:25,846.75,2425627
2021-06-11 10:03:26,846.5,2426358
2021-06-11 10:03:28,846.85,2426983
2021-06-11 10:03:29,846.55,2427519
2021-06-11 10:03:30,846.55,2428100
2021-06-11 10:03:31,846.0,2429906
2021-06-11 10:03:31,846.4,2430079
2021-06-11 10:03:33,846.4,2430180
2021-06-11 10:03:34,846.4,2430350
2021-06-11 10:03:35,846.0,2431051
2021-06-11 10:03:36,846.05,2431093
2021-06-11 10:03:37,846.0,2431477
2021-06-11 10:03:38,846.1,2431657
2021-06-11 10:03:39,846.0,2433400
2021-06-11 10:03:40,846.0,2436360
2021-06-11 10:03:40,846.0,2436360
2021-06-11 10:03:41,846.1,2436440
2021-06-11 10:03:42,846.0,2436595
2021-06-11 10:03:43,846.0,2436668
2021-06-11 10:03:45,846.0,2438507
2021-06-11 10:03:46,846.1,2438953
2021-06-11 10:03:47,846.1,2439012
2021-06-11 10:03:48,846.1,2439077
2021-06-11 10:03:49,846.1,2439118
2021-06-11 10:03:50,846.0,2439173
2021-06-11 10:03:51,846.0,2439502
2021-06-11 10:03:52,846.0,2439858
2021-06-11 10:03:52,846.0,2439858
2021-06-11 10:03:53,846.05,2439879
2021-06-11 10:03:54,846.05,2439880
2021-06-11 10:03:56,845.95,2441950
2021-06-11 10:03:56,846.0,2442170
2021-06-11 10:03:58,846.0,2442621
2021-06-11 10:03:59,845.8,2442711
2021-06-11 10:04:00,846.0,2443021
2021-06-11 10:04:01,846.0,2443200
2021-06-11 10:04:02,846.0,2443236
2021-06-11 10:04:03,845.85,2443579
2021-06-11 10:04:04,846.0,2443640
2021-06-11 10:04:05,846.0,2443645
2021-06-11 10:04:05,846.0,2443645
2021-06-11 10:04:06,846.0,2443816
2021-06-11 10:04:07,846.0,2444156
2021-06-11 10:04:08,845.8,2444256
2021-06-11 10:04:09,845.9,2444356
2021-06-11 10:04:10,845.9,2445581
2021-06-11 10:04:12,845.9,2445601
2021-06-11 10:04:13,845.9,2445661
2021-06-11 10:04:14,845.65,2446742
2021-06-11 10:04:15,845.8,2450331
2021-06-11 10:04:16,845.8,2450471
2021-06-11 10:04:16,845.85,2450791
2021-06-11 10:04:18,845.85,2450914
2021-06-11 10:04:19,845.85,2450914
2021-06-11 10:04:20,845.9,2450934
2021-06-11 10:04:21,845.9,2451358
2021-06-11 10:04:22,845.85,2451566
2021-06-11 10:04:23,846.0,2452126
2021-06-11 10:04:23,846.0,2452126
2021-06-11 10:04:24,846.0,2452205
2021-06-11 10:04:25,846.0,2452205
2021-06-11 10:04:27,846.2,2454539
2021-06-11 10:04:28,846.25,2454544
2021-06-11 10:04:29,846.25,2454545
2021-06-11 10:04:30,846.25,2454545
2021-06-11 10:04:31,846.0,2454581
2021-06-11 10:04:32,846.25,2456604
2021-06-11 10:04:33,846.25,2456624
2021-06-11 10:04:34,846.25,2457024
2021-06-11 10:04:35,846.25,2458966
2021-06-11 10:04:36,846.25,2459241
2021-06-11 10:04:37,846.25,2459252
2021-06-11 10:04:38,846.15,2459784
2021-06-11 10:04:39,846.1,2460447
2021-06-11 10:04:39,846.1,2460447
2021-06-11 10:04:40,846.05,2460737
2021-06-11 10:04:42,846.25,2460877
2021-06-11 10:04:43,846.25,2461062
2021-06-11 10:04:44,846.25,2461322
2021-06-11 10:04:45,846.2,2461523
2021-06-11 10:04:46,846.25,2461528
2021-06-11 10:04:47,846.25,2461570
2021-06-11 10:04:48,846.2,2461735
2021-06-11 10:04:49,846.1,2461782
2021-06-11 10:04:50,846.1,2462059
2021-06-11 10:04:51,846.1,2462170
2021-06-11 10:04:52,846.1,2462170
2021-06-11 10:04:54,846.0,2462202
2021-06-11 10:04:55,846.05,2463118
2021-06-11 10:04:56,846.1,2463396
2021-06-11 10:04:57,846.2,2463442
2021-06-11 10:04:58,846.2,2465073
2021-06-11 10:04:59,846.15,2465076
2021-06-11 10:05:00,846.25,2465484
2021-06-11 10:05:01,846.05,2465535
2021-06-11 10:05:02,846.0,2466042
2021-06-11 10:05:02,846.0,2466059
2021-06-11 10:05:04,846.25,2467164
2021-06-11 10:05:05,846.25,2467419
2021-06-11 10:05:06,846.25,2467868
2021-06-11 10:05:07,846.1,2468868
2021-06-11 10:05:08,846.05,2469184
2021-06-11 10:05:09,846.15,2469286
2021-06-11 10:05:10,846.15,2469395
2021-06-11 10:05:11,846.15,2469399
2021-06-11 10:05:11,846.15,2469399
2021-06-11 10:05:13,846.15,2469796
2021-06-11 10:05:14,846.15,2469854
2021-06-11 10:05:15,846.0,2470655
2021-06-11 10:05:16,846.1,2470660
2021-06-11 10:05:17,846.1,2470660
2021-06-11 10:05:17,846.1,2470660
2021-06-11 10:05:18,846.0,2470862
2021-06-11 10:05:20,846.1,2470992
2021-06-11 10:05:21,846.1,2471540
2021-06-11 10:05:22,846.2,2471694
2021-06-11 10:05:23,846.0,2471794
2021-06-11 10:05:24,846.2,2471823
2021-06-11 10:05:25,846.0,2471923
2021-06-11 10:05:26,846.2,2472139
2021-06-11 10:05:26,846.0,2472290
2021-06-11 10:05:28,846.1,2472296
2021-06-11 10:05:29,846.0,2473416
2021-06-11 10:05:30,846.2,2473931
2021-06-11 10:05:31,846.2,2474108
2021-06-11 10:05:32,846.2,2474428
2021-06-11 10:05:33,846.2,2474428
2021-06-11 10:05:34,846.1,2474440
2021-06-11 10:05:35,846.1,2474467
2021-06-11 10:05:36,846.2,2474925
2021-06-11 10:05:37,846.2,2475196
2021-06-11 10:05:38,846.0,2475600
2021-06-11 10:05:39,846.1,2475945
2021-06-11 10:05:40,845.85,2477347
2021-06-11 10:05:41,846.1,2477770
2021-06-11 10:05:42,846.1,2477770
2021-06-11 10:05:43,846.0,2477772
2021-06-11 10:05:44,846.1,2477783
2021-06-11 10:05:45,846.1,2477789
2021-06-11 10:05:46,845.8,2478630
2021-06-11 10:05:47,846.0,2478710
2021-06-11 10:05:48,846.0,2479010
2021-06-11 10:05:49,845.8,2479037
2021-06-11 10:05:49,845.8,2479037
2021-06-11 10:05:50,845.75,2480400
2021-06-11 10:05:52,845.95,2480415
2021-06-11 10:05:53,845.65,2482067
2021-06-11 10:05:54,845.9,2482173
