timestamp,ltp,volume
2021-06-11 09:15:52,3568.45,4625
2021-06-11 09:15:52,3568.45,4625
2021-06-11 09:15:53,3568.45,4625
2021-06-11 09:15:54,3570.9,4627
2021-06-11 09:15:55,3568.1,4647
2021-06-11 09:15:56,3568.1,4660
2021-06-11 09:15:57,3570.7,4663
2021-06-11 09:15:58,3568.2,4664
2021-06-11 09:15:59,3568.2,4664
2021-06-11 09:16:00,3568.2,4664
2021-06-11 09:16:01,3568.3,4669
2021-06-11 09:16:02,3568.3,4672
2021-06-11 09:16:03,3568.3,4672
2021-06-11 09:16:04,3568.3,4672
2021-06-11 09:16:05,3568.3,4672
2021-06-11 09:16:06,3570.4,4675
2021-06-11 09:16:07,3570.4,4675
2021-06-11 09:16:08,3571.0,4697
2021-06-11 09:16:09,3568.4,4700
2021-06-11 09:16:10,3571.0,4705
2021-06-11 09:16:11,3571.0,4705
2021-06-11 09:16:12,3571.0,4755
2021-06-11 09:16:13,3573.35,5018
2021-06-11 09:16:14,3575.45,5085
2021-06-11 09:16:15,3575.3,5127
2021-06-11 09:16:16,3576.55,5176
2021-06-11 09:16:17,3576.25,5186
2021-06-11 09:16:18,3576.05,5191
2021-06-11 09:16:19,3575.45,5193
2021-06-11 09:16:20,3578.35,5198
2021-06-11 09:16:21,3575.95,5270
2021-06-11 09:16:22,3576.25,5288
2021-06-11 09:16:23,3576.25,5311
2021-06-11 09:16:24,3576.15,5316
2021-06-11 09:16:25,3576.15,5316
2021-06-11 09:16:26,3578.75,5336
2021-06-11 09:16:28,3576.3,5406
2021-06-11 09:16:28,3576.25,5428
2021-06-11 09:16:29,3576.55,5512
2021-06-11 09:16:30,3576.55,5563
2021-06-11 09:16:31,3579.2,5578
2021-06-11 09:16:32,3576.4,5582
2021-06-11 09:16:33,3576.4,5584
2021-06-11 09:16:34,3576.4,5584
2021-06-11 09:16:35,3578.9,5614
2021-06-11 09:16:36,3579.7,5717
2021-06-11 09:16:37,3576.25,5734
2021-06-11 09:16:38,3575.45,5912
2021-06-11 09:16:39,3574.9,6025
2021-06-11 09:16:40,3574.8,6088
2021-06-11 09:16:41,3572.3,6126
2021-06-11 09:16:42,3572.3,6126
2021-06-11 09:16:43,3572.6,6142
2021-06-11 09:16:44,3571.55,6145
2021-06-11 09:16:45,3571.55,6145
2021-06-11 09:16:47,3572.9,6188
2021-06-11 09:16:47,3571.0,6340
2021-06-11 09:16:49,3571.0,6356
2021-06-11 09:16:50,3569.45,6408
2021-06-11 09:16:51,3568.95,6414
2021-06-11 09:16:51,3570.0,6422
2021-06-11 09:16:52,3571.55,6510
2021-06-11 09:16:53,3572.95,6610
2021-06-11 09:16:54,3573.0,6620
2021-06-11 09:16:55,3574.15,6622
2021-06-11 09:16:56,3574.15,6622
2021-06-11 09:16:57,3572.95,6671
2021-06-11 09:16:58,3572.05,6706
2021-06-11 09:16:59,3572.05,6710
2021-06-11 09:17:00,3572.05,6721
2021-06-11 09:17:01,3572.0,6731
2021-06-11 09:17:02,3572.0,6732
2021-06-11 09:17:03,3572.0,6732
2021-06-11 09:17:04,3574.45,6832
2021-06-11 09:17:05,3574.0,6865
2021-06-11 09:17:06,3575.0,6894
2021-06-11 09:17:07,3573.2,6897
2021-06-11 09:17:08,3576.2,6987
2021-06-11 09:17:09,3573.25,6997
2021-06-11 09:17:10,3575.0,6998
2021-06-11 09:17:11,3574.0,7039
2021-06-11 09:17:12,3573.35,7043
2021-06-11 09:17:13,3574.0,7053
2021-06-11 09:17:14,3573.35,7054
2021-06-11 09:17:15,3573.35,7074
2021-06-11 09:17:16,3573.35,7117
2021-06-11 09:17:17,3573.35,7122
2021-06-11 09:17:18,3573.35,7122
2021-06-11 09:17:19,3574.0,7142
2021-06-11 09:17:20,3573.9,7464
2021-06-11 09:17:21,3573.95,7500
2021-06-11 09:17:22,3573.95,7503
2021-06-11 09:17:24,3573.95,7503
2021-06-11 09:17:24,3573.9,7507
2021-06-11 09:17:25,3575.0,7512
2021-06-11 09:17:26,3573.9,7514
2021-06-11 09:17:27,3574.0,7544
2021-06-11 09:17:28,3573.45,7617
2021-06-11 09:17:30,3573.45,7630
2021-06-11 09:17:30,3573.45,7631
2021-06-11 09:17:31,3573.45,7631
2021-06-11 09:17:32,3573.45,7631
2021-06-11 09:17:33,3573.45,7635
2021-06-11 09:17:34,3574.0,7637
2021-06-11 09:17:35,3574.0,7735
2021-06-11 09:17:36,3573.5,7746
2021-06-11 09:17:38,3574.9,7766
2021-06-11 09:17:39,3573.45,7769
2021-06-11 09:17:40,3573.45,7769
2021-06-11 09:17:41,3573.45,7769
2021-06-11 09:17:42,3573.45,7769
2021-06-11 09:17:43,3573.45,7773
2021-06-11 09:17:43,3573.45,7773
2021-06-11 09:17:45,3573.45,7773
2021-06-11 09:17:46,3575.0,7870
2021-06-11 09:17:46,3574.05,7891
2021-06-11 09:17:47,3574.5,7892
2021-06-11 09:17:48,3574.5,7892
2021-06-11 09:17:50,3574.85,8007
2021-06-11 09:17:52,3575.1,8039
2021-06-11 09:17:53,3575.1,8054
2021-06-11 09:17:55,3575.05,8057
2021-06-11 09:17:56,3575.05,8062
2021-06-11 09:17:57,3575.1,8063
2021-06-11 09:17:58,3575.1,8064
2021-06-11 09:17:59,3575.1,8064
2021-06-11 09:18:00,3575.1,8064
2021-06-11 09:18:01,3575.1,8064
2021-06-11 09:18:02,3575.1,8064
2021-06-11 09:18:03,3575.1,8080
2021-06-11 09:18:04,3575.05,8081
2021-06-11 09:18:04,3575.05,8083
2021-06-11 09:18:06,3575.1,8119
2021-06-11 09:18:07,3575.0,8126
2021-06-11 09:18:08,3574.95,8507
2021-06-11 09:18:09,3573.45,8543
2021-06-11 09:18:10,3573.0,8643
2021-06-11 09:18:10,3573.0,8643
2021-06-11 09:18:11,3573.4,8645
2021-06-11 09:18:12,3572.45,8653
2021-06-11 09:18:13,3572.45,8653
2021-06-11 09:18:14,3574.1,8693
2021-06-11 09:18:15,3572.4,8696
2021-06-11 09:18:16,3574.1,8741
2021-06-11 09:18:17,3572.15,8783
2021-06-11 09:18:18,3572.15,8787
2021-06-11 09:18:19,3573.8,8807
2021-06-11 09:18:20,3572.25,8810
2021-06-11 09:18:21,3572.25,8810
2021-06-11 09:18:22,3575.05,8811
2021-06-11 09:18:23,3575.1,8831
2021-06-11 09:18:25,3572.95,8887
2021-06-11 09:18:26,3572.95,8887
2021-06-11 09:18:27,3574.95,8892
2021-06-11 09:18:30,3573.0,8894
2021-06-11 09:18:31,3573.0,8894
2021-06-11 09:18:32,3574.0,8904
2021-06-11 09:18:32,3572.85,8905
2021-06-11 09:18:33,3574.0,8934
2021-06-11 09:18:34,3573.25,8937
2021-06-11 09:18:35,3573.25,8937
2021-06-11 09:18:37,3573.25,8937
2021-06-11 09:18:37,3573.25,8937
2021-06-11 09:18:39,3573.25,8937
2021-06-11 09:18:40,3575.0,8951
2021-06-11 09:18:40,3574.0,8953
2021-06-11 09:18:42,3575.0,8954
2021-06-11 09:18:42,3575.0,8954
2021-06-11 09:18:43,3575.0,8954
2021-06-11 09:18:44,3574.0,8955
2021-06-11 09:18:46,3573.3,8959
2021-06-11 09:18:46,3573.35,9001
2021-06-11 09:18:47,3573.4,9005
2021-06-11 09:18:48,3573.4,9005
2021-06-11 09:18:49,3573.4,9008
2021-06-11 09:18:50,3573.45,9009
2021-06-11 09:18:51,3573.45,9009
2021-06-11 09:18:52,3573.45,9009
2021-06-11 09:18:53,3573.45,9009
2021-06-11 09:18:54,3573.45,9009
2021-06-11 09:18:55,3573.55,9015
2021-06-11 09:18:57,3575.0,9020
2021-06-11 09:18:58,3573.55,9021
2021-06-11 09:18:59,3575.0,9022
2021-06-11 09:19:00,3575.75,9042
2021-06-11 09:19:01,3573.65,9044
2021-06-11 09:19:01,3574.8,9054
2021-06-11 09:19:02,3572.15,9389
2021-06-11 09:19:03,3572.2,9395
2021-06-11 09:19:04,3571.9,9470
2021-06-11 09:19:05,3571.9,9519
2021-06-11 09:19:06,3571.9,9524
2021-06-11 09:19:07,3571.9,9542
2021-06-11 09:19:09,3571.9,9544
2021-06-11 09:19:10,3571.9,9544
2021-06-11 09:19:11,3572.0,9594
2021-06-11 09:19:12,3573.35,9605
2021-06-11 09:19:13,3573.35,9605
2021-06-11 09:19:14,3573.35,9605
2021-06-11 09:19:15,3571.95,9607
2021-06-11 09:19:16,3573.35,9639
2021-06-11 09:19:17,3571.9,9694
2021-06-11 09:19:18,3571.9,9700
2021-06-11 09:19:20,3573.35,9752
2021-06-11 09:19:21,3572.6,9757
2021-06-11 09:19:23,3573.35,9766
2021-06-11 09:19:24,3572.15,9767
2021-06-11 09:19:26,3574.35,9781
2021-06-11 09:19:27,3572.3,9783
2021-06-11 09:19:28,3572.3,9783
2021-06-11 09:19:29,3574.4,9785
2021-06-11 09:19:30,3574.4,9785
2021-06-11 09:19:31,3574.4,9785
2021-06-11 09:19:32,3574.9,9786
2021-06-11 09:19:33,3575.45,9796
2021-06-11 09:19:34,3574.4,9797
2021-06-11 09:19:35,3575.65,9922
2021-06-11 09:19:36,3576.0,9977
2021-06-11 09:19:37,3576.85,9987
2021-06-11 09:19:38,3576.9,9988
2021-06-11 09:19:39,3576.9,9989
2021-06-11 09:19:40,3576.9,9989
2021-06-11 09:19:41,3576.9,9989
2021-06-11 09:19:42,3576.9,9989
2021-06-11 09:19:43,3577.0,10039
2021-06-11 09:19:44,3576.9,10052
2021-06-11 09:19:45,3578.75,10067
2021-06-11 09:19:46,3578.95,10111
2021-06-11 09:19:47,3576.85,10115
2021-06-11 09:19:48,3576.9,10121
2021-06-11 09:19:49,3579.0,10183
2021-06-11 09:19:50,3577.1,10197
2021-06-11 09:19:51,3579.0,10209
2021-06-11 09:19:52,3578.8,10214
2021-06-11 09:19:53,3577.45,10217
2021-06-11 09:19:54,3579.0,10227
2021-06-11 09:19:55,3577.5,10236
2021-06-11 09:19:56,3577.5,10237
2021-06-11 09:19:56,3577.5,10237
2021-06-11 09:19:57,3577.5,10237
2021-06-11 09:19:58,3577.5,10237
2021-06-11 09:20:00,3579.0,10437
2021-06-11 09:20:01,3579.15,10748
2021-06-11 09:20:01,3578.65,10811
2021-06-11 09:20:03,3578.85,10820
2021-06-11 09:20:04,3580.4,10836
2021-06-11 09:20:05,3578.85,10839
2021-06-11 09:20:06,3578.85,10840
2021-06-11 09:20:07,3578.85,10840
2021-06-11 09:20:07,3578.85,10840
2021-06-11 09:20:08,3578.85,10840
2021-06-11 09:20:09,3580.35,10845
2021-06-11 09:20:10,3578.8,10846
2021-06-11 09:20:12,3578.8,10915
2021-06-11 09:20:13,3578.0,10936
2021-06-11 09:20:14,3577.95,10939
2021-06-11 09:20:15,3578.0,10940
2021-06-11 09:20:16,3578.0,10940
2021-06-11 09:20:17,3579.7,10981
2021-06-11 09:20:18,3578.05,11050
2021-06-11 09:20:19,3580.2,11074
2021-06-11 09:20:20,3579.85,11080
2021-06-11 09:20:21,3579.0,11084
2021-06-11 09:20:22,3579.0,11085
2021-06-11 09:20:23,3579.0,11087
2021-06-11 09:20:23,3579.0,11087
2021-06-11 09:20:24,3580.0,11112
2021-06-11 09:20:25,3579.0,11118
2021-06-11 09:20:26,3579.0,11149
2021-06-11 09:20:27,3579.0,11876
2021-06-11 09:20:28,3575.7,11963
2021-06-11 09:20:29,3575.7,12052
2021-06-11 09:20:30,3575.5,12078
2021-06-11 09:20:31,3577.3,12087
2021-06-11 09:20:32,3575.45,12088
2021-06-11 09:20:33,3575.1,12089
2021-06-11 09:20:34,3575.1,12089
2021-06-11 09:20:35,3575.1,12089
2021-06-11 09:20:37,3575.25,12096
2021-06-11 09:20:38,3575.25,12097
2021-06-11 09:20:39,3575.25,12097
2021-06-11 09:20:40,3577.2,12149
2021-06-11 09:20:41,3575.75,12160
2021-06-11 09:20:41,3575.75,12161
2021-06-11 09:20:42,3575.75,12162
2021-06-11 09:20:43,3575.75,12163
2021-06-11 09:20:44,3577.25,12187
2021-06-11 09:20:47,3576.0,12250
2021-06-11 09:20:48,3576.0,12259
2021-06-11 09:20:49,3577.25,12286
2021-06-11 09:20:50,3576.0,12293
2021-06-11 09:20:51,3575.9,12294
2021-06-11 09:20:52,3575.9,12294
2021-06-11 09:20:54,3575.9,12294
2021-06-11 09:20:54,3575.9,12294
2021-06-11 09:20:55,3576.8,12304
2021-06-11 09:20:57,3575.9,12306
2021-06-11 09:20:58,3575.9,12306
2021-06-11 09:20:58,3575.9,12306
2021-06-11 09:20:59,3575.9,12306
2021-06-11 09:21:01,3575.9,12306
2021-06-11 09:21:01,3575.9,12306
2021-06-11 09:21:02,3575.9,12306
2021-06-11 09:21:03,3575.9,12306
2021-06-11 09:21:05,3575.9,12306
2021-06-11 09:21:07,3575.9,12309
2021-06-11 09:21:08,3576.8,12336
2021-06-11 09:21:09,3575.9,12347
2021-06-11 09:21:10,3575.9,12348
2021-06-11 09:21:11,3576.0,12349
2021-06-11 09:21:12,3576.8,12363
2021-06-11 09:21:12,3576.0,12365
2021-06-11 09:21:13,3576.0,12366
2021-06-11 09:21:14,3576.0,12367
2021-06-11 09:21:15,3576.8,12372
2021-06-11 09:21:16,3575.9,12425
2021-06-11 09:21:18,3575.9,12440
2021-06-11 09:21:19,3576.85,12445
2021-06-11 09:21:20,3576.85,12447
2021-06-11 09:21:21,3575.9,12477
2021-06-11 09:21:22,3575.9,12484
2021-06-11 09:21:23,3576.8,12486
2021-06-11 09:21:25,3576.8,12486
2021-06-11 09:21:26,3575.9,12496
2021-06-11 09:21:27,3575.9,12498
2021-06-11 09:21:28,3575.9,12499
2021-06-11 09:21:29,3575.9,12499
2021-06-11 09:21:30,3575.9,12499
2021-06-11 09:21:30,3575.9,12499
2021-06-11 09:21:31,3575.9,12510
2021-06-11 09:21:33,3575.9,12511
2021-06-11 09:21:33,3575.9,12512
2021-06-11 09:21:34,3575.9,12513
2021-06-11 09:21:37,3575.9,12513
2021-06-11 09:21:42,3575.9,12513
2021-06-11 09:21:46,3577.45,12565
2021-06-11 09:21:51,3577.15,12851
2021-06-11 09:21:56,3575.7,12911
2021-06-11 09:22:01,3575.05,12977
2021-06-11 09:22:06,3575.9,13029
2021-06-11 09:22:11,3576.9,13082
2021-06-11 09:22:20,3576.7,13395
2021-06-11 09:22:25,3576.5,13414
2021-06-11 09:22:30,3577.65,13418
2021-06-11 09:22:35,3576.4,13606
2021-06-11 09:22:40,3576.5,13691
2021-06-11 09:22:45,3575.5,13734
2021-06-11 09:22:49,3577.35,13884
2021-06-11 09:22:54,3575.0,14141
2021-06-11 09:22:59,3576.55,14238
2021-06-11 09:23:04,3575.3,14289
2021-06-11 09:23:09,3575.0,14299
2021-06-11 09:23:13,3575.3,14440
2021-06-11 09:23:18,3575.3,14497
2021-06-11 09:23:23,3576.1,14559
2021-06-11 09:23:28,3576.1,14581
2021-06-11 09:23:33,3576.15,14597
2021-06-11 09:23:38,3575.0,14601
2021-06-11 09:23:43,3576.45,14621
2021-06-11 09:23:47,3575.3,14672
2021-06-11 09:23:52,3576.9,14729
2021-06-11 09:23:57,3576.9,14775
2021-06-11 09:24:02,3576.45,14787
2021-06-11 09:24:07,3576.35,14909
2021-06-11 09:24:11,3576.35,14987
2021-06-11 09:24:16,3576.8,15048
2021-06-11 09:24:21,3574.25,15078
2021-06-11 09:24:26,3576.55,15133
2021-06-11 09:24:30,3574.25,15176
2021-06-11 09:24:35,3575.25,15181
2021-06-11 09:24:40,3575.25,15184
2021-06-11 09:24:44,3575.25,15187
2021-06-11 09:24:53,3574.55,15269
2021-06-11 09:24:58,3574.55,15346
2021-06-11 09:25:03,3574.55,15404
2021-06-11 09:25:08,3575.2,15411
2021-06-11 09:25:12,3575.6,15436
2021-06-11 09:25:17,3574.0,15521
2021-06-11 09:25:21,3573.0,15546
2021-06-11 09:25:31,3574.0,15668
2021-06-11 09:25:36,3574.8,15732
2021-06-11 09:25:41,3574.0,15757
2021-06-11 09:25:45,3573.0,15779
2021-06-11 09:25:50,3572.9,15801
2021-06-11 09:25:55,3572.9,15810
2021-06-11 09:25:59,3573.9,15823
2021-06-11 09:26:05,3575.0,15846
2021-06-11 09:26:09,3573.9,15864
2021-06-11 09:26:14,3573.05,15866
2021-06-11 09:26:18,3574.9,15877
2021-06-11 09:26:23,3573.9,15879
2021-06-11 09:26:28,3573.95,15903
2021-06-11 09:26:32,3573.0,15990
2021-06-11 09:26:37,3573.95,16041
2021-06-11 09:26:41,3573.8,16060
2021-06-11 09:26:46,3573.8,16062
2021-06-11 09:26:51,3573.95,16180
2021-06-11 09:26:55,3575.0,16203
2021-06-11 09:27:00,3575.0,16218
2021-06-11 09:27:04,3573.9,16696
2021-06-11 09:27:14,3572.95,16817
2021-06-11 09:27:18,3572.0,16846
2021-06-11 09:27:23,3573.0,16907
2021-06-11 09:27:28,3571.9,16913
2021-06-11 09:27:32,3573.0,16942
2021-06-11 09:27:37,3571.9,16959
2021-06-11 09:27:41,3573.4,17128
2021-06-11 09:27:46,3572.0,17269
2021-06-11 09:27:50,3572.0,17323
2021-06-11 09:27:55,3573.1,17398
2021-06-11 09:27:59,3573.1,17407
2021-06-11 09:28:03,3573.1,17419
2021-06-11 09:28:08,3573.2,17452
2021-06-11 09:28:13,3574.95,17607
2021-06-11 09:28:18,3573.25,17624
2021-06-11 09:28:23,3574.65,17627
2021-06-11 09:28:27,3573.25,17628
2021-06-11 09:28:32,3573.25,17630
2021-06-11 09:28:36,3573.25,17630
2021-06-11 09:28:41,3573.25,17646
2021-06-11 09:28:45,3573.25,17661
2021-06-11 09:28:49,3574.65,17671
2021-06-11 09:28:54,3573.2,17706
2021-06-11 09:28:58,3574.65,17715
2021-06-11 09:29:02,3574.65,17717
2021-06-11 09:29:07,3574.65,17750
2021-06-11 09:29:11,3574.7,17836
2021-06-11 09:29:16,3574.65,17846
2021-06-11 09:29:20,3573.2,17872
2021-06-11 09:29:24,3573.2,17875
2021-06-11 09:29:28,3573.2,17902
2021-06-11 09:29:33,3573.2,17906
2021-06-11 09:29:37,3573.2,17906
2021-06-11 09:29:41,3574.55,17916
2021-06-11 09:29:46,3573.2,17917
2021-06-11 09:29:50,3573.2,17925
2021-06-11 09:29:54,3574.0,17928
2021-06-11 09:29:58,3574.55,17931
2021-06-11 09:30:03,3574.6,18045
2021-06-11 09:30:07,3574.1,18058
2021-06-11 09:30:11,3574.0,18059
2021-06-11 09:30:20,3574.0,18082
2021-06-11 09:30:25,3574.0,18084
2021-06-11 09:30:29,3574.0,18084
2021-06-11 09:30:33,3574.0,18084
2021-06-11 09:30:38,3574.0,18084
2021-06-11 09:30:42,3574.0,18084
2021-06-11 09:30:46,3574.0,18114
2021-06-11 09:30:50,3573.9,18120
2021-06-11 09:30:55,3574.0,18122
2021-06-11 09:30:59,3574.0,18122
2021-06-11 09:31:03,3574.0,18122
2021-06-11 09:31:07,3574.0,18122
2021-06-11 09:31:12,3574.9,18123
2021-06-11 09:31:16,3574.9,18124
2021-06-11 09:31:20,3574.0,18131
2021-06-11 09:31:25,3574.0,18140
2021-06-11 09:31:29,3573.9,18200
2021-06-11 09:31:33,3573.9,18206
2021-06-11 09:31:37,3573.9,18206
2021-06-11 09:31:42,3573.9,18206
2021-06-11 09:31:47,3573.9,18264
2021-06-11 09:31:51,3573.9,18272
2021-06-11 09:31:56,3573.9,18272
2021-06-11 09:32:05,3573.9,18317
2021-06-11 09:32:09,3574.0,18332
2021-06-11 09:32:13,3573.9,18333
2021-06-11 09:32:18,3573.9,18333
2021-06-11 09:32:22,3574.0,18372
2021-06-11 09:32:27,3573.9,18376
2021-06-11 09:32:31,3574.0,18378
2021-06-11 09:32:36,3573.9,18379
2021-06-11 09:32:40,3573.9,18379
2021-06-11 09:32:45,3573.9,18379
2021-06-11 09:32:49,3573.95,18381
2021-06-11 09:32:53,3573.95,18405
2021-06-11 09:32:58,3573.9,18436
2021-06-11 09:33:02,3573.9,18440
2021-06-11 09:33:07,3573.9,18441
2021-06-11 09:33:11,3573.9,18494
2021-06-11 09:33:15,3571.0,19410
2021-06-11 09:33:19,3571.0,19509
2021-06-11 09:33:24,3570.1,19577
2021-06-11 09:33:28,3570.0,19717
2021-06-11 09:33:32,3570.0,19789
2021-06-11 09:33:37,3570.1,19805
2021-06-11 09:33:41,3570.0,19957
2021-06-11 09:33:45,3570.1,19983
2021-06-11 09:33:50,3570.1,19996
2021-06-11 09:33:54,3570.1,20023
2021-06-11 09:33:58,3571.4,20027
2021-06-11 09:34:03,3571.75,20079
2021-06-11 09:34:07,3570.1,20085
2021-06-11 09:34:12,3571.7,20228
2021-06-11 09:34:16,3572.15,20264
2021-06-11 09:34:20,3570.2,20275
2021-06-11 09:34:24,3570.75,20277
2021-06-11 09:34:29,3570.7,20295
2021-06-11 09:34:33,3571.5,20297
2021-06-11 09:34:37,3572.0,20299
2021-06-11 09:34:42,3571.5,20300
2021-06-11 09:34:46,3571.5,20300
2021-06-11 09:34:50,3572.0,20305
2021-06-11 09:34:54,3572.0,20305
2021-06-11 09:34:59,3572.0,20310
2021-06-11 09:35:03,3572.0,20321
2021-06-11 09:35:07,3571.5,20322
2021-06-11 09:35:11,3571.4,20522
2021-06-11 09:35:15,3570.75,20554
2021-06-11 09:35:20,3570.75,20555
2021-06-11 09:35:24,3571.45,20560
2021-06-11 09:35:28,3570.0,20561
2021-06-11 09:35:32,3570.0,20563
2021-06-11 09:35:36,3570.0,20563
2021-06-11 09:35:41,3571.5,20574
2021-06-11 09:35:45,3571.45,20577
2021-06-11 09:35:50,3570.0,20578
2021-06-11 09:35:54,3571.75,20589
2021-06-11 09:35:58,3570.25,20645
2021-06-11 09:36:02,3570.2,20653
2021-06-11 09:36:07,3570.2,20653
2021-06-11 09:36:11,3571.0,20654
2021-06-11 09:36:15,3571.0,20657
2021-06-11 09:36:19,3570.0,20664
2021-06-11 09:36:24,3570.0,20670
2021-06-11 09:36:28,3570.0,20676
2021-06-11 09:36:33,3570.0,20736
2021-06-11 09:36:37,3570.0,20747
2021-06-11 09:36:41,3570.0,20836
2021-06-11 09:36:46,3570.0,20868
2021-06-11 09:36:50,3571.0,20874
2021-06-11 09:36:54,3570.0,20876
2021-06-11 09:36:58,3570.0,20881
2021-06-11 09:37:02,3570.0,20887
2021-06-11 09:37:06,3571.0,21026
2021-06-11 09:37:11,3570.0,21046
2021-06-11 09:37:15,3570.3,21593
2021-06-11 09:37:19,3570.15,21654
2021-06-11 09:37:23,3570.15,21679
2021-06-11 09:37:28,3571.6,21687
2021-06-11 09:37:32,3571.9,21694
2021-06-11 09:37:36,3571.0,21695
2021-06-11 09:37:40,3572.0,21714
2021-06-11 09:37:44,3572.0,21720
2021-06-11 09:37:48,3572.0,21742
2021-06-11 09:37:52,3572.0,21753
2021-06-11 09:37:56,3572.0,21774
2021-06-11 09:38:01,3571.1,21776
2021-06-11 09:38:05,3572.0,21777
2021-06-11 09:38:09,3572.0,21787
2021-06-11 09:38:13,3572.0,21791
2021-06-11 09:38:17,3573.35,21895
2021-06-11 09:38:21,3571.65,21906
2021-06-11 09:38:25,3573.25,21907
2021-06-11 09:38:29,3573.8,22022
2021-06-11 09:38:33,3572.4,22035
2021-06-11 09:38:37,3573.9,22087
2021-06-11 09:38:41,3574.25,22169
2021-06-11 09:38:45,3572.55,22177
2021-06-11 09:38:49,3572.55,22180
2021-06-11 09:38:54,3572.5,22181
2021-06-11 09:38:58,3573.55,22190
2021-06-11 09:39:02,3572.55,22201
2021-06-11 09:39:06,3572.65,22202
2021-06-11 09:39:11,3573.55,22203
2021-06-11 09:39:15,3574.0,22319
2021-06-11 09:39:19,3574.0,22334
2021-06-11 09:39:23,3574.0,22334
2021-06-11 09:39:27,3574.0,22334
2021-06-11 09:39:31,3574.0,22334
2021-06-11 09:39:35,3574.0,22334
2021-06-11 09:39:39,3574.0,22334
2021-06-11 09:39:43,3574.0,22335
2021-06-11 09:39:47,3573.75,22339
2021-06-11 09:39:51,3573.75,22340
2021-06-11 09:39:55,3573.75,22340
2021-06-11 09:39:59,3573.75,22340
2021-06-11 09:40:03,3574.0,22350
2021-06-11 09:40:07,3574.0,22368
2021-06-11 09:40:12,3573.75,22382
2021-06-11 09:40:16,3573.75,22383
2021-06-11 09:40:20,3574.0,22398
2021-06-11 09:40:24,3574.0,22409
2021-06-11 09:40:29,3574.85,22411
2021-06-11 09:40:33,3574.85,22423
2021-06-11 09:40:37,3574.0,22426
2021-06-11 09:40:41,3574.0,22429
2021-06-11 09:40:45,3574.0,22451
2021-06-11 09:40:49,3574.0,22453
2021-06-11 09:40:53,3574.9,22462
2021-06-11 09:40:57,3574.05,22463
2021-06-11 09:41:04,3574.9,22465
2021-06-11 09:41:08,3574.9,22467
2021-06-11 09:41:12,3574.0,22468
2021-06-11 09:41:16,3574.0,22469
2021-06-11 09:41:20,3574.0,22472
2021-06-11 09:41:24,3576.95,22983
2021-06-11 09:41:28,3575.0,23058
2021-06-11 09:41:32,3575.0,23070
2021-06-11 09:41:37,3574.05,23071
2021-06-11 09:41:40,3575.0,23080
2021-06-11 09:41:44,3574.05,23081
2021-06-11 09:41:48,3575.0,23087
2021-06-11 09:41:52,3575.0,23087
2021-06-11 09:41:56,3575.6,23218
2021-06-11 09:42:00,3574.05,23253
2021-06-11 09:42:04,3575.0,23275
2021-06-11 09:42:08,3574.05,23277
2021-06-11 09:42:11,3574.05,23327
2021-06-11 09:42:15,3575.6,23363
2021-06-11 09:42:19,3574.15,23396
2021-06-11 09:42:23,3574.25,23400
2021-06-11 09:42:27,3574.25,23400
2021-06-11 09:42:31,3576.15,23410
2021-06-11 09:42:35,3574.25,23441
2021-06-11 09:42:38,3575.9,23447
2021-06-11 09:42:42,3575.9,23447
2021-06-11 09:42:45,3575.9,23462
2021-06-11 09:42:49,3575.9,23495
2021-06-11 09:42:53,3575.15,23502
2021-06-11 09:42:57,3576.95,23504
2021-06-11 09:43:00,3576.95,23504
2021-06-11 09:43:03,3576.95,23504
2021-06-11 09:43:07,3577.0,23516
2021-06-11 09:43:11,3576.95,23574
2021-06-11 09:43:15,3575.9,23628
2021-06-11 09:43:18,3578.0,23657
2021-06-11 09:43:22,3578.0,23694
2021-06-11 09:43:26,3579.0,23711
2021-06-11 09:43:30,3578.1,23715
2021-06-11 09:43:38,3578.8,23730
2021-06-11 09:43:41,3578.45,23849
2021-06-11 09:43:45,3579.0,23876
2021-06-11 09:43:49,3578.75,23910
2021-06-11 09:43:53,3578.9,23918
2021-06-11 09:43:56,3578.95,23920
2021-06-11 09:44:00,3579.95,23949
2021-06-11 09:44:04,3580.0,24091
2021-06-11 09:44:07,3580.0,24124
2021-06-11 09:44:11,3580.0,24135
2021-06-11 09:44:15,3580.0,24143
2021-06-11 09:44:18,3580.0,24197
2021-06-11 09:44:22,3582.0,24784
2021-06-11 09:44:26,3582.85,24927
2021-06-11 09:44:30,3583.0,25124
2021-06-11 09:44:34,3586.85,25559
2021-06-11 09:44:38,3584.35,26498
2021-06-11 09:44:42,3584.2,26695
2021-06-11 09:44:45,3583.7,26735
2021-06-11 09:44:49,3587.15,26841
2021-06-11 09:44:52,3586.25,26867
2021-06-11 09:44:56,3587.1,27061
2021-06-11 09:45:00,3588.0,27132
2021-06-11 09:45:03,3590.1,27538
2021-06-11 09:45:07,3592.5,27933
2021-06-11 09:45:11,3590.55,28738
2021-06-11 09:45:18,3590.75,29150
2021-06-11 09:45:22,3591.65,29612
2021-06-11 09:45:26,3592.95,29801
2021-06-11 09:45:30,3593.0,29856
2021-06-11 09:45:33,3592.95,29894
2021-06-11 09:45:37,3593.0,30210
2021-06-11 09:45:41,3594.45,30785
2021-06-11 09:45:45,3594.2,31313
2021-06-11 09:45:48,3594.6,31566
2021-06-11 09:45:52,3593.0,31705
2021-06-11 09:45:56,3592.45,31986
2021-06-11 09:46:00,3592.4,32120
2021-06-11 09:46:04,3593.8,32408
2021-06-11 09:46:07,3593.7,32576
2021-06-11 09:46:11,3593.0,32655
2021-06-11 09:46:15,3592.95,32706
2021-06-11 09:46:19,3592.0,32725
2021-06-11 09:46:22,3592.7,32733
2021-06-11 09:46:26,3591.95,32739
2021-06-11 09:46:29,3591.7,32782
2021-06-11 09:46:33,3591.8,32859
2021-06-11 09:46:35,3591.0,32939
2021-06-11 09:46:36,3591.0,32955
2021-06-11 09:46:37,3591.7,33078
2021-06-11 09:46:38,3591.0,33091
2021-06-11 09:46:39,3590.0,33226
2021-06-11 09:46:40,3589.15,33254
2021-06-11 09:46:41,3589.85,33292
2021-06-11 09:46:42,3590.5,33300
2021-06-11 09:46:43,3589.75,33302
2021-06-11 09:46:44,3590.15,33311
2021-06-11 09:46:45,3590.25,33319
2021-06-11 09:46:46,3589.8,33348
2021-06-11 09:46:47,3590.45,33356
2021-06-11 09:46:48,3590.45,33356
2021-06-11 09:46:49,3590.45,33356
2021-06-11 09:46:51,3590.25,33358
2021-06-11 09:46:52,3590.7,33367
2021-06-11 09:46:53,3589.05,33368
2021-06-11 09:46:54,3589.0,33369
2021-06-11 09:46:55,3589.0,33374
2021-06-11 09:46:56,3589.0,33374
2021-06-11 09:46:57,3590.75,33403
2021-06-11 09:46:58,3590.7,33421
2021-06-11 09:46:59,3589.0,33428
2021-06-11 09:47:00,3589.0,33436
2021-06-11 09:47:01,3589.0,33436
2021-06-11 09:47:02,3590.0,33444
2021-06-11 09:47:03,3589.5,33446
2021-06-11 09:47:04,3589.5,33446
2021-06-11 09:47:05,3589.5,33446
2021-06-11 09:47:06,3590.0,33448
2021-06-11 09:47:07,3590.2,33600
2021-06-11 09:47:08,3590.7,33631
2021-06-11 09:47:09,3590.0,33664
2021-06-11 09:47:11,3590.0,33703
2021-06-11 09:47:11,3591.65,33717
2021-06-11 09:47:12,3590.3,33721
2021-06-11 09:47:14,3590.75,33726
2021-06-11 09:47:15,3590.75,33726
2021-06-11 09:47:16,3590.75,33726
2021-06-11 09:47:17,3590.75,33726
2021-06-11 09:47:18,3589.0,34727
2021-06-11 09:47:19,3588.0,35126
2021-06-11 09:47:20,3587.95,35197
2021-06-11 09:47:21,3588.0,35229
2021-06-11 09:47:22,3587.35,35235
2021-06-11 09:47:23,3587.35,35235
2021-06-11 09:47:24,3589.2,35306
2021-06-11 09:47:25,3588.75,35321
2021-06-11 09:47:27,3588.75,35324
2021-06-11 09:47:28,3588.75,35324
2021-06-11 09:47:29,3590.05,35326
2021-06-11 09:47:30,3590.55,35328
2021-06-11 09:47:31,3589.55,35330
2021-06-11 09:47:30,3589.55,35330
2021-06-11 09:47:33,3590.0,35333
2021-06-11 09:47:34,3590.0,35333
2021-06-11 09:47:35,3590.0,35333
2021-06-11 09:47:36,3589.3,35334
2021-06-11 09:47:36,3589.3,35334
2021-06-11 09:47:38,3589.3,35334
2021-06-11 09:47:38,3590.0,35336
2021-06-11 09:47:39,3590.0,35336
2021-06-11 09:47:40,3590.0,35336
2021-06-11 09:47:41,3590.0,35336
2021-06-11 09:47:42,3590.0,35346
2021-06-11 09:47:43,3590.6,35467
2021-06-11 09:47:44,3589.3,35480
2021-06-11 09:47:45,3590.55,35497
2021-06-11 09:47:46,3589.6,35504
2021-06-11 09:47:47,3590.6,35604
2021-06-11 09:47:48,3589.6,35625
2021-06-11 09:47:49,3589.75,35628
2021-06-11 09:47:51,3591.25,35684
2021-06-11 09:47:52,3589.95,35695
2021-06-11 09:47:53,3591.5,35726
2021-06-11 09:47:54,3590.7,35733
2021-06-11 09:47:55,3591.15,35734
2021-06-11 09:47:56,3591.4,35745
2021-06-11 09:47:57,3591.4,35746
2021-06-11 09:47:58,3591.4,35746
2021-06-11 09:47:59,3591.4,35746
2021-06-11 09:48:00,3591.4,35746
2021-06-11 09:48:03,3591.15,35753
2021-06-11 09:48:04,3591.3,35793
2021-06-11 09:48:05,3591.3,35801
2021-06-11 09:48:06,3592.0,35878
2021-06-11 09:48:08,3592.0,35904
2021-06-11 09:48:08,3591.65,35908
2021-06-11 09:48:10,3591.65,35911
2021-06-11 09:48:10,3591.65,35911
2021-06-11 09:48:11,3591.95,35912
2021-06-11 09:48:12,3591.95,35912
2021-06-11 09:48:13,3592.6,35962
2021-06-11 09:48:14,3592.2,35972
2021-06-11 09:48:15,3592.3,35974
2021-06-11 09:48:16,3592.7,35976
2021-06-11 09:48:17,3592.7,35976
2021-06-11 09:48:18,3592.7,35976
2021-06-11 09:48:19,3592.7,35976
2021-06-11 09:48:20,3592.7,35977
2021-06-11 09:48:21,3592.7,35998
2021-06-11 09:48:23,3592.2,36223
2021-06-11 09:48:23,3592.45,36257
2021-06-11 09:48:24,3592.7,36301
2021-06-11 09:48:25,3592.7,36310
2021-06-11 09:48:27,3592.45,36324
2021-06-11 09:48:28,3592.7,36344
2021-06-11 09:48:29,3592.45,36348
2021-06-11 09:48:30,3592.45,36349
2021-06-11 09:48:31,3593.9,36463
2021-06-11 09:48:32,3592.1,36486
2021-06-11 09:48:33,3592.05,36489
2021-06-11 09:48:34,3592.1,36495
2021-06-11 09:48:35,3592.1,36496
2021-06-11 09:48:36,3593.9,36500
2021-06-11 09:48:37,3592.15,36502
2021-06-11 09:48:38,3592.15,36502
2021-06-11 09:48:40,3592.15,36502
2021-06-11 09:48:40,3593.9,36520
2021-06-11 09:48:41,3592.3,36526
2021-06-11 09:48:42,3593.9,36536
2021-06-11 09:48:43,3592.5,36538
2021-06-11 09:48:44,3592.5,36540
2021-06-11 09:48:45,3592.5,36540
2021-06-11 09:48:46,3594.0,36547
2021-06-11 09:48:47,3593.0,36548
2021-06-11 09:48:49,3593.95,36553
2021-06-11 09:48:50,3593.95,36553
2021-06-11 09:48:50,3593.95,36553
2021-06-11 09:48:51,3593.0,36554
2021-06-11 09:48:53,3593.0,36554
2021-06-11 09:48:53,3593.0,36554
2021-06-11 09:48:54,3593.0,36557
2021-06-11 09:48:56,3593.0,36585
2021-06-11 09:48:57,3593.85,36595
2021-06-11 09:48:57,3592.55,36596
2021-06-11 09:48:58,3593.0,36608
2021-06-11 09:48:59,3592.45,36611
2021-06-11 09:49:00,3592.1,36612
2021-06-11 09:49:01,3592.1,36612
2021-06-11 09:49:02,3593.0,37067
2021-06-11 09:49:04,3592.65,37113
2021-06-11 09:49:04,3594.0,37172
2021-06-11 09:49:05,3592.7,37185
2021-06-11 09:49:06,3594.0,37189
2021-06-11 09:49:07,3592.75,37191
2021-06-11 09:49:08,3592.75,37191
2021-06-11 09:49:09,3592.75,37191
2021-06-11 09:49:10,3594.0,37195
2021-06-11 09:49:12,3594.0,37199
2021-06-11 09:49:13,3594.0,37202
2021-06-11 09:49:13,3594.0,37222
2021-06-11 09:49:14,3594.45,37313
2021-06-11 09:49:15,3593.0,37322
2021-06-11 09:49:17,3592.5,37333
2021-06-11 09:49:18,3592.35,37335
2021-06-11 09:49:19,3594.4,37337
2021-06-11 09:49:20,3594.45,37344
2021-06-11 09:49:21,3592.45,37346
2021-06-11 09:49:23,3592.45,37346
2021-06-11 09:49:24,3592.45,37351
2021-06-11 09:49:24,3592.0,37353
2021-06-11 09:49:26,3591.15,37712
2021-06-11 09:49:26,3593.3,37463
2021-06-11 09:49:27,3591.65,37775
2021-06-11 09:49:28,3591.65,37794
2021-06-11 09:49:29,3591.65,37845
2021-06-11 09:49:30,3591.65,37869
2021-06-11 09:49:31,3590.0,38065
2021-06-11 09:49:32,3588.0,38089
2021-06-11 09:49:33,3588.0,38096
2021-06-11 09:49:34,3587.0,38115
2021-06-11 09:49:35,3588.95,38125
2021-06-11 09:49:36,3587.0,38126
2021-06-11 09:49:37,3589.2,38131
2021-06-11 09:49:38,3587.05,38133
2021-06-11 09:49:39,3587.05,38133
2021-06-11 09:49:40,3587.05,38133
2021-06-11 09:49:41,3589.65,38137
2021-06-11 09:49:42,3588.05,38138
2021-06-11 09:49:43,3588.05,38139
2021-06-11 09:49:44,3588.05,38139
2021-06-11 09:49:45,3588.05,38139
2021-06-11 09:49:46,3588.05,38139
2021-06-11 09:49:47,3588.05,38139
2021-06-11 09:49:48,3588.05,38139
2021-06-11 09:49:49,3588.05,38139
2021-06-11 09:49:50,3589.7,38149
2021-06-11 09:49:52,3589.65,38153
2021-06-11 09:49:53,3589.65,38157
2021-06-11 09:49:54,3588.0,38158
2021-06-11 09:49:55,3588.0,38159
2021-06-11 09:49:56,3588.0,38159
2021-06-11 09:49:56,3588.0,38159
2021-06-11 09:49:57,3588.0,38179
2021-06-11 09:49:58,3588.0,38183
2021-06-11 09:49:59,3588.0,38183
2021-06-11 09:50:00,3588.0,38183
2021-06-11 09:50:01,3588.0,38183
2021-06-11 09:50:02,3588.0,38183
2021-06-11 09:50:03,3588.2,38188
2021-06-11 09:50:04,3588.2,38215
2021-06-11 09:50:05,3588.0,38348
2021-06-11 09:50:06,3587.0,38395
2021-06-11 09:50:07,3586.0,38425
2021-06-11 09:50:08,3586.4,38429
2021-06-11 09:50:10,3586.55,38435
2021-06-11 09:50:10,3586.55,38435
2021-06-11 09:50:11,3586.55,38435
2021-06-11 09:50:12,3586.85,38517
2021-06-11 09:50:13,3587.0,38535
2021-06-11 09:50:15,3587.0,38537
2021-06-11 09:50:16,3586.95,38538
2021-06-11 09:50:17,3586.95,38539
2021-06-11 09:50:18,3586.95,38539
2021-06-11 09:50:19,3586.95,38539
2021-06-11 09:50:20,3586.95,38539
2021-06-11 09:50:21,3586.95,38539
2021-06-11 09:50:22,3586.95,38539
2021-06-11 09:50:23,3587.0,38554
2021-06-11 09:50:24,3586.0,38556
2021-06-11 09:50:25,3586.95,38563
2021-06-11 09:50:26,3586.0,38564
2021-06-11 09:50:27,3585.5,38565
2021-06-11 09:50:28,3585.5,38565
2021-06-11 09:50:29,3586.95,38569
2021-06-11 09:50:29,3585.55,38571
2021-06-11 09:50:30,3585.55,38571
2021-06-11 09:50:31,3585.55,38603
2021-06-11 09:50:32,3585.55,38633
2021-06-11 09:50:33,3585.6,38641
2021-06-11 09:50:34,3585.6,38643
2021-06-11 09:50:35,3585.6,38643
2021-06-11 09:50:36,3585.6,38643
2021-06-11 09:50:37,3585.6,38643
2021-06-11 09:50:39,3585.6,38643
2021-06-11 09:50:40,3585.6,38643
2021-06-11 09:50:41,3586.0,38646
2021-06-11 09:50:42,3586.0,38646
2021-06-11 09:50:42,3586.0,38648
2021-06-11 09:50:43,3586.0,38651
2021-06-11 09:50:44,3586.0,38651
2021-06-11 09:50:46,3586.0,38651
2021-06-11 09:50:49,3586.95,38653
2021-06-11 09:50:50,3586.95,38653
2021-06-11 09:50:51,3586.95,38653
2021-06-11 09:50:52,3586.95,38654
2021-06-11 09:50:52,3586.95,38681
2021-06-11 09:50:54,3586.0,38684
2021-06-11 09:50:55,3586.9,38695
2021-06-11 09:50:55,3585.55,38696
2021-06-11 09:50:57,3585.55,38697
2021-06-11 09:50:58,3585.55,38712
2021-06-11 09:50:58,3585.6,38713
2021-06-11 09:50:59,3585.4,38755
2021-06-11 09:51:00,3585.6,38775
2021-06-11 09:51:01,3585.55,38777
2021-06-11 09:51:02,3585.6,38779
2021-06-11 09:51:03,3585.6,38779
2021-06-11 09:51:04,3585.5,38780
2021-06-11 09:51:05,3586.95,38785
2021-06-11 09:51:06,3585.0,39101
2021-06-11 09:51:07,3584.65,39168
2021-06-11 09:51:08,3586.05,39189
2021-06-11 09:51:09,3585.0,39193
2021-06-11 09:51:10,3585.0,39197
2021-06-11 09:51:11,3585.0,39198
2021-06-11 09:51:12,3585.0,39199
2021-06-11 09:51:13,3586.55,39209
2021-06-11 09:51:14,3583.05,40139
2021-06-11 09:51:15,3582.0,40339
2021-06-11 09:51:16,3579.6,40494
2021-06-11 09:51:18,3579.25,40512
2021-06-11 09:51:18,3579.2,40516
2021-06-11 09:51:20,3579.2,40516
2021-06-11 09:51:21,3579.45,40522
2021-06-11 09:51:22,3579.5,40524
2021-06-11 09:51:23,3579.5,40524
2021-06-11 09:51:24,3579.5,40524
2021-06-11 09:51:25,3579.3,40604
2021-06-11 09:51:26,3579.35,40676
2021-06-11 09:51:27,3579.25,40690
2021-06-11 09:51:28,3579.3,40693
2021-06-11 09:51:29,3581.05,40707
2021-06-11 09:51:31,3581.1,40713
2021-06-11 09:51:32,3581.25,40719
2021-06-11 09:51:33,3580.0,40721
2021-06-11 09:51:34,3579.8,40722
2021-06-11 09:51:35,3579.8,40722
2021-06-11 09:51:36,3579.8,40722
2021-06-11 09:51:37,3579.8,40722
2021-06-11 09:51:38,3581.35,40727
2021-06-11 09:51:39,3579.85,40743
2021-06-11 09:51:40,3581.4,40768
2021-06-11 09:51:41,3579.8,40774
2021-06-11 09:51:42,3579.8,40774
2021-06-11 09:51:43,3579.9,40779
2021-06-11 09:51:44,3579.9,40781
2021-06-11 09:51:45,3579.9,40781
2021-06-11 09:51:46,3581.25,40805
2021-06-11 09:51:47,3580.25,40809
2021-06-11 09:51:48,3580.25,40821
2021-06-11 09:51:49,3580.25,40823
2021-06-11 09:51:49,3580.25,40823
2021-06-11 09:51:50,3580.25,40823
2021-06-11 09:51:51,3580.2,40832
2021-06-11 09:51:52,3580.2,40838
2021-06-11 09:51:53,3580.2,40841
2021-06-11 09:51:54,3580.2,40841
2021-06-11 09:51:56,3580.2,40841
2021-06-11 09:51:57,3580.2,40841
2021-06-11 09:51:58,3580.2,40841
2021-06-11 09:51:59,3580.2,40841
2021-06-11 09:52:00,3580.2,40841
2021-06-11 09:52:01,3580.2,40841
2021-06-11 09:52:02,3580.2,40841
2021-06-11 09:52:03,3580.2,40841
2021-06-11 09:52:04,3582.0,40851
2021-06-11 09:52:04,3580.35,40853
2021-06-11 09:52:05,3580.35,40853
2021-06-11 09:52:06,3581.9,40857
2021-06-11 09:52:07,3580.35,40858
2021-06-11 09:52:08,3580.35,40862
2021-06-11 09:52:09,3582.05,40863
2021-06-11 09:52:10,3582.05,40863
2021-06-11 09:52:12,3582.05,40868
2021-06-11 09:52:13,3580.35,40877
2021-06-11 09:52:14,3580.0,40932
2021-06-11 09:52:15,3580.0,40941
2021-06-11 09:52:15,3579.9,40944
2021-06-11 09:52:17,3579.8,40945
2021-06-11 09:52:18,3580.5,42041
2021-06-11 09:52:19,3580.1,42130
2021-06-11 09:52:20,3579.35,42139
2021-06-11 09:52:21,3579.2,42362
2021-06-11 09:52:22,3579.15,42406
2021-06-11 09:52:23,3579.1,42417
2021-06-11 09:52:24,3579.0,42445
2021-06-11 09:52:25,3579.0,42451
2021-06-11 09:52:26,3579.0,42452
2021-06-11 09:52:27,3579.0,42452
2021-06-11 09:52:28,3579.0,42457
2021-06-11 09:52:29,3578.05,42458
2021-06-11 09:52:31,3578.05,42470
2021-06-11 09:52:32,3578.0,42779
2021-06-11 09:52:33,3577.0,42833
2021-06-11 09:52:34,3577.0,42840
2021-06-11 09:52:35,3575.55,42902
2021-06-11 09:52:35,3575.0,42939
2021-06-11 09:52:36,3575.1,42957
2021-06-11 09:52:37,3575.1,42959
2021-06-11 09:52:38,3575.1,42967
2021-06-11 09:52:39,3575.1,42968
2021-06-11 09:52:40,3575.1,42969
2021-06-11 09:52:41,3576.85,42971
2021-06-11 09:52:42,3576.85,42971
2021-06-11 09:52:43,3576.85,42971
2021-06-11 09:52:45,3576.85,42971
2021-06-11 09:52:46,3576.85,42971
2021-06-11 09:52:47,3576.85,42971
2021-06-11 09:52:48,3576.85,42972
2021-06-11 09:52:50,3575.2,42979
2021-06-11 09:52:51,3575.2,42981
2021-06-11 09:52:52,3577.25,42991
2021-06-11 09:52:53,3575.4,42993
2021-06-11 09:52:54,3575.4,42993
2021-06-11 09:52:55,3575.4,42993
2021-06-11 09:52:56,3575.45,43015
2021-06-11 09:52:57,3575.5,43029
2021-06-11 09:52:58,3575.5,43033
2021-06-11 09:52:59,3577.25,43043
2021-06-11 09:53:01,3575.05,43050
2021-06-11 09:53:03,3576.0,43075
2021-06-11 09:53:03,3575.05,43079
2021-06-11 09:53:05,3575.05,43081
2021-06-11 09:53:05,3575.05,43081
2021-06-11 09:53:06,3575.05,43081
2021-06-11 09:53:07,3575.05,43081
2021-06-11 09:53:08,3575.05,43081
2021-06-11 09:53:09,3575.05,43081
2021-06-11 09:53:10,3575.05,43081
2021-06-11 09:53:12,3575.05,43081
2021-06-11 09:53:13,3575.05,43081
2021-06-11 09:53:14,3576.95,43086
2021-06-11 09:53:15,3576.95,43086
2021-06-11 09:53:16,3577.65,43096
2021-06-11 09:53:16,3576.0,43098
2021-06-11 09:53:18,3576.0,43101
2021-06-11 09:53:19,3576.0,43101
2021-06-11 09:53:21,3576.0,43101
2021-06-11 09:53:22,3576.0,43103
2021-06-11 09:53:22,3576.0,43103
2021-06-11 09:53:24,3577.95,43105
2021-06-11 09:53:25,3577.95,43105
2021-06-11 09:53:26,3577.95,43105
2021-06-11 09:53:27,3577.95,43105
2021-06-11 09:53:28,3577.95,43105
2021-06-11 09:53:29,3577.95,43105
2021-06-11 09:53:30,3577.95,43105
2021-06-11 09:53:31,3577.65,43106
2021-06-11 09:53:32,3577.65,43106
2021-06-11 09:53:33,3577.65,43106
2021-06-11 09:53:34,3577.65,43106
2021-06-11 09:53:35,3577.65,43108
2021-06-11 09:53:35,3577.65,43107
2021-06-11 09:53:36,3577.55,43275
2021-06-11 09:53:37,3576.0,43291
2021-06-11 09:53:39,3576.0,43328
2021-06-11 09:53:41,3576.35,43336
2021-06-11 09:53:42,3576.35,43336
2021-06-11 09:53:43,3576.35,43336
2021-06-11 09:53:44,3576.35,43348
2021-06-11 09:53:45,3576.35,43357
2021-06-11 09:53:46,3576.35,43358
2021-06-11 09:53:47,3576.05,43359
2021-06-11 09:53:48,3576.05,43359
2021-06-11 09:53:48,3576.05,43359
2021-06-11 09:53:49,3576.05,43359
2021-06-11 09:53:51,3576.05,43359
2021-06-11 09:53:52,3577.85,43364
2021-06-11 09:53:53,3577.85,43364
2021-06-11 09:53:54,3577.85,43375
2021-06-11 09:53:55,3576.05,43377
2021-06-11 09:53:56,3576.05,43378
2021-06-11 09:53:57,3576.05,43379
2021-06-11 09:53:57,3576.05,43379
2021-06-11 09:53:58,3576.05,43379
2021-06-11 09:54:00,3577.8,43382
2021-06-11 09:54:01,3577.8,43382
2021-06-11 09:54:02,3577.8,43382
2021-06-11 09:54:03,3577.8,43382
2021-06-11 09:54:04,3577.8,43382
2021-06-11 09:54:05,3577.8,43382
2021-06-11 09:54:06,3577.8,43482
2021-06-11 09:54:07,3576.05,43520
2021-06-11 09:54:08,3576.1,43524
2021-06-11 09:54:09,3576.1,43527
2021-06-11 09:54:10,3577.8,43548
2021-06-11 09:54:11,3576.1,43623
2021-06-11 09:54:12,3577.85,43643
2021-06-11 09:54:13,3576.05,43646
2021-06-11 09:54:14,3576.05,43646
2021-06-11 09:54:15,3576.05,43646
2021-06-11 09:54:16,3576.05,43646
2021-06-11 09:54:17,3577.9,43676
2021-06-11 09:54:18,3576.1,43734
2021-06-11 09:54:19,3576.05,43746
2021-06-11 09:54:20,3576.05,43747
2021-06-11 09:54:21,3576.05,43748
2021-06-11 09:54:22,3576.05,43749
2021-06-11 09:54:22,3576.05,43749
2021-06-11 09:54:24,3576.05,43749
2021-06-11 09:54:25,3576.05,43749
2021-06-11 09:54:26,3576.05,43749
2021-06-11 09:54:27,3576.05,43749
2021-06-11 09:54:28,3576.05,43838
2021-06-11 09:54:30,3577.9,43859
2021-06-11 09:54:31,3576.1,43861
2021-06-11 09:54:33,3576.0,44472
2021-06-11 09:54:34,3576.0,44538
2021-06-11 09:54:35,3576.0,44618
2021-06-11 09:54:36,3576.0,44834
2021-06-11 09:54:37,3575.6,44855
2021-06-11 09:54:38,3575.5,44880
2021-06-11 09:54:39,3577.25,44891
2021-06-11 09:54:40,3576.1,44898
2021-06-11 09:54:41,3576.0,44900
2021-06-11 09:54:42,3577.15,44950
2021-06-11 09:54:43,3575.55,44955
2021-06-11 09:54:44,3577.25,44985
2021-06-11 09:54:45,3575.5,44989
2021-06-11 09:54:46,3575.5,44994
2021-06-11 09:54:47,3575.65,45007
2021-06-11 09:54:48,3575.55,45009
2021-06-11 09:54:49,3575.55,45020
2021-06-11 09:54:50,3575.5,45022
2021-06-11 09:54:52,3577.2,45023
2021-06-11 09:54:53,3577.2,45023
2021-06-11 09:54:54,3575.5,45024
2021-06-11 09:54:55,3575.5,45024
2021-06-11 09:54:56,3575.5,45024
2021-06-11 09:54:57,3575.5,45024
2021-06-11 09:54:58,3575.5,45025
2021-06-11 09:54:59,3575.5,45025
2021-06-11 09:55:00,3575.5,45025
2021-06-11 09:55:01,3575.5,45025
2021-06-11 09:55:02,3575.5,45025
2021-06-11 09:55:03,3575.5,45025
2021-06-11 09:55:05,3575.5,45025
2021-06-11 09:55:06,3575.5,45025
2021-06-11 09:55:08,3577.55,45030
2021-06-11 09:55:09,3575.6,45032
2021-06-11 09:55:11,3575.6,45032
2021-06-11 09:55:10,3575.6,45032
2021-06-11 09:55:12,3575.6,45032
2021-06-11 09:55:13,3575.45,45459
2021-06-11 09:55:14,3575.25,45502
2021-06-11 09:55:15,3575.25,45506
2021-06-11 09:55:16,3575.25,45516
2021-06-11 09:55:16,3575.0,45517
2021-06-11 09:55:17,3575.0,45555
2021-06-11 09:55:18,3575.05,45566
2021-06-11 09:55:19,3575.05,45567
2021-06-11 09:55:21,3575.0,45568
2021-06-11 09:55:22,3578.0,46247
2021-06-11 09:55:22,3576.4,46353
2021-06-11 09:55:24,3576.0,46373
2021-06-11 09:55:24,3575.35,46375
2021-06-11 09:55:26,3575.35,46381
2021-06-11 09:55:27,3575.25,46382
2021-06-11 09:55:28,3575.05,46393
2021-06-11 09:55:29,3575.0,46990
2021-06-11 09:55:30,3574.1,46993
2021-06-11 09:55:31,3574.0,47010
2021-06-11 09:55:32,3574.0,47010
2021-06-11 09:55:33,3574.05,47063
2021-06-11 09:55:34,3574.0,47073
2021-06-11 09:55:35,3574.0,47073
2021-06-11 09:55:36,3574.95,47076
2021-06-11 09:55:37,3574.0,47080
2021-06-11 09:55:38,3574.0,47080
2021-06-11 09:55:39,3574.0,47085
2021-06-11 09:55:40,3574.0,47086
2021-06-11 09:55:42,3574.0,47086
2021-06-11 09:55:43,3574.0,47086
2021-06-11 09:55:44,3574.0,47086
2021-06-11 09:55:45,3575.0,47088
2021-06-11 09:55:46,3574.0,47089
2021-06-11 09:55:47,3574.0,47089
2021-06-11 09:55:48,3574.0,47089
2021-06-11 09:55:49,3574.0,47099
2021-06-11 09:55:50,3574.0,47101
2021-06-11 09:55:52,3574.0,47101
2021-06-11 09:55:53,3574.0,47101
2021-06-11 09:55:54,3574.0,47101
2021-06-11 09:55:55,3574.0,47101
2021-06-11 09:55:56,3574.0,47101
2021-06-11 09:55:57,3575.0,47102
2021-06-11 09:55:58,3575.0,47102
2021-06-11 09:55:59,3575.0,47102
2021-06-11 09:56:00,3575.0,47102
2021-06-11 09:56:01,3575.0,47102
2021-06-11 09:56:02,3575.0,47102
2021-06-11 09:56:04,3574.05,47111
2021-06-11 09:56:03,3575.0,47110
2021-06-11 09:56:05,3574.05,47111
2021-06-11 09:56:06,3574.0,47251
2021-06-11 09:56:07,3574.05,47261
2021-06-11 09:56:08,3574.0,47266
2021-06-11 09:56:09,3574.0,47266
2021-06-11 09:56:10,3575.0,47296
2021-06-11 09:56:11,3574.1,47297
2021-06-11 09:56:12,3574.0,47300
2021-06-11 09:56:13,3574.0,47300
2021-06-11 09:56:14,3574.0,47300
2021-06-11 09:56:15,3574.0,47300
2021-06-11 09:56:16,3574.0,47300
2021-06-11 09:56:17,3574.0,47350
2021-06-11 09:56:18,3574.0,47352
2021-06-11 09:56:19,3574.0,47357
2021-06-11 09:56:21,3574.0,47357
2021-06-11 09:56:22,3575.0,47362
2021-06-11 09:56:23,3574.0,47363
2021-06-11 09:56:24,3574.0,47364
2021-06-11 09:56:25,3574.0,47364
2021-06-11 09:56:26,3574.0,47364
2021-06-11 09:56:27,3574.0,47364
2021-06-11 09:56:28,3574.0,47364
2021-06-11 09:56:29,3575.0,47367
2021-06-11 09:56:30,3575.0,47367
2021-06-11 09:56:31,3575.0,47367
2021-06-11 09:56:34,3573.55,47599
2021-06-11 09:56:35,3573.0,47687
2021-06-11 09:56:36,3572.75,47694
2021-06-11 09:56:39,3574.45,47705
2021-06-11 09:56:42,3572.15,47716
2021-06-11 09:56:45,3572.0,47717
2021-06-11 09:56:49,3572.0,47717
2021-06-11 09:56:52,3573.0,47719
2021-06-11 09:56:56,3573.0,47720
2021-06-11 09:56:59,3572.0,47863
2021-06-11 09:57:03,3574.3,47964
2021-06-11 09:57:06,3572.25,47973
2021-06-11 09:57:10,3572.05,47983
2021-06-11 09:57:13,3572.0,47984
2021-06-11 09:57:17,3573.0,48026
2021-06-11 09:57:21,3572.25,48031
2021-06-11 09:57:24,3572.0,48033
2021-06-11 09:57:28,3572.0,48094
2021-06-11 09:57:31,3572.0,48115
2021-06-11 09:57:35,3572.0,48249
2021-06-11 09:57:39,3573.85,48269
2021-06-11 09:57:42,3571.75,48270
2021-06-11 09:57:46,3571.8,48271
2021-06-11 09:57:50,3573.9,48343
2021-06-11 09:57:53,3572.3,48351
2021-06-11 09:57:56,3573.0,48352
2021-06-11 09:58:00,3573.0,48517
2021-06-11 09:58:03,3571.85,48536
2021-06-11 09:58:07,3573.7,48595
2021-06-11 09:58:11,3572.2,48602
2021-06-11 09:58:14,3572.2,48602
2021-06-11 09:58:17,3572.2,48602
2021-06-11 09:58:20,3573.85,48603
2021-06-11 09:58:24,3574.0,48623
2021-06-11 09:58:27,3572.55,48625
2021-06-11 09:58:30,3572.55,48625
2021-06-11 09:58:34,3574.0,48640
2021-06-11 09:58:38,3572.55,48656
2021-06-11 09:58:41,3574.0,48715
2021-06-11 09:58:45,3572.6,48732
2021-06-11 09:58:48,3572.6,48738
2021-06-11 09:58:51,3572.6,48739
2021-06-11 09:58:55,3572.6,48739
2021-06-11 09:58:58,3572.6,48739
2021-06-11 09:59:01,3572.6,48789
2021-06-11 09:59:05,3572.7,48794
2021-06-11 09:59:08,3574.0,48797
2021-06-11 09:59:12,3574.0,48798
2021-06-11 09:59:15,3573.0,48799
2021-06-11 09:59:19,3574.0,48922
2021-06-11 09:59:22,3574.05,48935
2021-06-11 09:59:26,3574.0,48949
2021-06-11 09:59:30,3574.0,48971
2021-06-11 09:59:33,3574.05,49023
2021-06-11 09:59:37,3573.95,49029
2021-06-11 09:59:41,3573.95,49029
2021-06-11 09:59:45,3573.95,49037
2021-06-11 09:59:48,3574.0,49049
2021-06-11 09:59:51,3574.05,49051
2021-06-11 09:59:54,3574.0,49111
2021-06-11 09:59:58,3575.0,49127
2021-06-11 10:00:01,3574.0,49129
2021-06-11 10:00:05,3574.0,49129
2021-06-11 10:00:08,3575.0,49135
2021-06-11 10:00:11,3573.9,49317
2021-06-11 10:00:15,3574.0,49435
2021-06-11 10:00:18,3574.0,49439
2021-06-11 10:00:21,3574.0,49439
2021-06-11 10:00:25,3572.6,49446
2021-06-11 10:00:29,3572.0,49571
2021-06-11 10:00:32,3572.0,49585
2021-06-11 10:00:36,3572.0,49675
2021-06-11 10:00:40,3572.0,49685
2021-06-11 10:00:44,3572.1,49815
2021-06-11 10:00:47,3572.2,49830
2021-06-11 10:00:51,3572.2,49830
2021-06-11 10:00:55,3572.1,49880
2021-06-11 10:00:59,3572.15,49885
2021-06-11 10:01:03,3574.0,49900
2021-06-11 10:01:06,3572.2,49928
2021-06-11 10:01:10,3573.9,49932
2021-06-11 10:01:14,3573.9,49942
2021-06-11 10:01:18,3572.5,49943
2021-06-11 10:01:21,3572.5,49943
2021-06-11 10:01:25,3574.0,49953
2021-06-11 10:01:29,3572.5,49955
2021-06-11 10:01:32,3572.5,49955
2021-06-11 10:01:36,3574.3,49979
2021-06-11 10:01:40,3572.55,49982
2021-06-11 10:01:44,3574.55,49983
2021-06-11 10:01:47,3574.55,49983
2021-06-11 10:01:50,3574.45,49988
2021-06-11 10:01:53,3572.5,49994
2021-06-11 10:01:56,3574.4,49996
2021-06-11 10:01:59,3574.4,50004
2021-06-11 10:02:03,3572.6,50005
2021-06-11 10:02:06,3572.6,50005
2021-06-11 10:02:09,3574.4,50016
2021-06-11 10:02:12,3572.6,50017
2021-06-11 10:02:15,3572.6,50017
2021-06-11 10:02:19,3572.6,50020
2021-06-11 10:02:22,3574.35,50038
2021-06-11 10:02:25,3572.6,50041
2021-06-11 10:02:29,3572.6,50041
2021-06-11 10:02:32,3572.6,50041
2021-06-11 10:02:36,3572.6,50041
2021-06-11 10:02:39,3572.55,50166
2021-06-11 10:02:42,3572.55,50207
2021-06-11 10:02:46,3574.2,50226
2021-06-11 10:02:49,3572.55,50231
2021-06-11 10:02:53,3572.55,50231
2021-06-11 10:02:56,3572.55,50256
2021-06-11 10:03:00,3572.95,50699
2021-06-11 10:03:05,3573.8,50797
2021-06-11 10:03:08,3572.15,50807
2021-06-11 10:03:12,3572.0,51376
2021-06-11 10:03:15,3571.05,51494
2021-06-11 10:03:18,3570.25,52058
2021-06-11 10:03:25,3570.05,52119
2021-06-11 10:03:28,3570.0,52288
2021-06-11 10:03:32,3570.05,52319
2021-06-11 10:03:36,3570.05,52421
2021-06-11 10:03:39,3570.0,52442
2021-06-11 10:03:43,3571.9,52522
2021-06-11 10:03:46,3570.0,52532
2021-06-11 10:03:49,3570.0,52632
2021-06-11 10:03:52,3570.05,52643
2021-06-11 10:03:55,3570.05,52643
2021-06-11 10:03:58,3568.1,53235
2021-06-11 10:04:02,3568.0,53388
2021-06-11 10:04:05,3568.0,53427
2021-06-11 10:04:09,3569.0,53454
2021-06-11 10:04:13,3568.0,53457
2021-06-11 10:04:16,3569.0,53492
2021-06-11 10:04:19,3568.0,53496
2021-06-11 10:04:23,3568.0,53516
2021-06-11 10:04:26,3569.55,53533
2021-06-11 10:04:30,3569.75,53554
2021-06-11 10:04:34,3569.0,53576
2021-06-11 10:04:37,3569.9,53603
2021-06-11 10:04:41,3569.95,53655
2021-06-11 10:04:44,3570.0,53698
2021-06-11 10:04:48,3569.75,53702
2021-06-11 10:04:51,3569.5,53919
2021-06-11 10:04:55,3569.5,53984
2021-06-11 10:04:58,3568.0,53993
2021-06-11 10:05:01,3569.6,53999
2021-06-11 10:05:04,3568.0,54000
2021-06-11 10:05:08,3569.6,54004
2021-06-11 10:05:11,3567.2,54184
2021-06-11 10:05:15,3567.3,54204
2021-06-11 10:05:18,3567.3,54204
2021-06-11 10:05:21,3567.2,54252
2021-06-11 10:05:25,3567.15,54293
2021-06-11 10:05:28,3567.0,54507
2021-06-11 10:05:31,3568.7,54532
2021-06-11 10:05:35,3568.0,54558
2021-06-11 10:05:38,3566.95,54576
2021-06-11 10:05:41,3567.0,54577
2021-06-11 10:05:45,3568.9,54629
2021-06-11 10:05:48,3567.25,54635
2021-06-11 10:05:52,3567.2,54660
2021-06-11 10:05:56,3568.0,54677
2021-06-11 10:05:59,3568.1,54903
2021-06-11 10:06:02,3568.1,54927
2021-06-11 10:06:06,3569.0,54929
2021-06-11 10:06:10,3568.1,54941
2021-06-11 10:06:13,3567.7,54942
2021-06-11 10:06:16,3567.7,54946
2021-06-11 10:06:20,3567.7,54946
2021-06-11 10:06:23,3567.7,55157
2021-06-11 10:06:26,3567.65,55181
2021-06-11 10:06:30,3568.0,55204
2021-06-11 10:06:33,3568.0,55250
2021-06-11 10:06:36,3567.7,55254
2021-06-11 10:06:39,3567.55,55265
2021-06-11 10:06:43,3567.7,55439
2021-06-11 10:06:46,3567.0,55459
2021-06-11 10:06:50,3567.35,55480
2021-06-11 10:06:53,3567.0,55500
2021-06-11 10:06:57,3567.0,55502
2021-06-11 10:07:00,3567.0,55514
2021-06-11 10:07:04,3567.3,55516
2021-06-11 10:07:08,3567.3,55516
2021-06-11 10:07:11,3567.3,55564
2021-06-11 10:07:15,3567.0,55604
2021-06-11 10:07:18,3567.0,55698
2021-06-11 10:07:22,3566.5,55963
2021-06-11 10:07:26,3566.3,55992
2021-06-11 10:07:30,3567.0,56012
2021-06-11 10:07:33,3566.3,56027
2021-06-11 10:07:36,3566.95,56031
2021-06-11 10:07:40,3566.3,56062
2021-06-11 10:07:43,3566.3,56087
2021-06-11 10:07:47,3566.0,56238
2021-06-11 10:07:50,3566.0,56254
2021-06-11 10:07:53,3566.3,56255
2021-06-11 10:07:56,3566.0,56477
2021-06-11 10:08:00,3565.4,56496
2021-06-11 10:08:03,3565.15,56505
2021-06-11 10:08:06,3566.0,56605
2021-06-11 10:08:09,3565.1,56667
2021-06-11 10:08:13,3566.0,56693
2021-06-11 10:08:20,3566.0,56700
2021-06-11 10:08:23,3566.0,56702
2021-06-11 10:08:26,3565.0,56899
2021-06-11 10:08:29,3565.1,57067
2021-06-11 10:08:32,3565.0,57083
2021-06-11 10:08:35,3566.0,57122
2021-06-11 10:08:38,3564.9,57553
2021-06-11 10:08:42,3564.5,57590
2021-06-11 10:08:45,3565.0,57642
2021-06-11 10:08:48,3565.0,57656
2021-06-11 10:08:51,3564.2,57657
2021-06-11 10:08:55,3564.2,57659
2021-06-11 10:08:58,3564.2,57660
2021-06-11 10:09:01,3564.2,57773
2021-06-11 10:09:05,3565.0,58288
2021-06-11 10:09:08,3564.25,58299
2021-06-11 10:09:11,3565.0,58449
2021-06-11 10:09:14,3564.2,58461
2021-06-11 10:09:18,3565.0,58465
2021-06-11 10:09:21,3565.0,58465
2021-06-11 10:09:25,3565.0,58465
2021-06-11 10:09:28,3565.0,58475
2021-06-11 10:09:31,3565.0,58477
2021-06-11 10:09:34,3564.2,58491
2021-06-11 10:09:37,3564.2,58967
2021-06-11 10:09:40,3565.0,59038
2021-06-11 10:09:43,3564.05,59062
2021-06-11 10:09:47,3565.0,59104
2021-06-11 10:09:50,3564.0,59109
2021-06-11 10:09:53,3565.0,59117
2021-06-11 10:09:56,3564.2,59127
2021-06-11 10:09:59,3564.2,59165
2021-06-11 10:10:02,3564.0,59178
2021-06-11 10:10:05,3564.2,59185
2021-06-11 10:10:09,3564.0,59305
2021-06-11 10:10:12,3564.2,59374
2021-06-11 10:10:21,3564.2,59382
2021-06-11 10:10:24,3565.0,59472
2021-06-11 10:10:28,3565.0,59584
2021-06-11 10:10:32,3565.0,59608
2021-06-11 10:10:35,3565.0,59628
2021-06-11 10:10:39,3565.0,59757
2021-06-11 10:10:42,3565.0,59875
2021-06-11 10:10:45,3565.0,59918
2021-06-11 10:10:48,3565.0,60115
2021-06-11 10:10:51,3565.0,60138
2021-06-11 10:10:54,3564.2,60139
2021-06-11 10:10:58,3564.15,60162
2021-06-11 10:11:01,3565.0,60169
2021-06-11 10:11:05,3565.0,60414
2021-06-11 10:11:09,3566.0,60496
2021-06-11 10:11:12,3566.2,60619
2021-06-11 10:11:16,3567.0,60645
2021-06-11 10:11:19,3567.1,60652
2021-06-11 10:11:22,3567.1,60658
2021-06-11 10:11:26,3567.5,60746
2021-06-11 10:11:29,3567.0,60747
2021-06-11 10:11:32,3567.0,60759
2021-06-11 10:11:35,3566.25,60790
2021-06-11 10:11:39,3566.55,60843
2021-06-11 10:11:42,3566.55,60849
2021-06-11 10:11:45,3568.35,60853
2021-06-11 10:11:48,3568.3,60888
2021-06-11 10:11:51,3569.15,61051
2021-06-11 10:11:55,3566.8,61069
2021-06-11 10:11:58,3568.75,61100
2021-06-11 10:12:01,3567.3,61118
2021-06-11 10:12:05,3567.3,61120
2021-06-11 10:12:08,3568.0,61123
2021-06-11 10:12:12,3568.9,61208
2021-06-11 10:12:15,3568.75,61227
2021-06-11 10:12:18,3568.8,61257
2021-06-11 10:12:21,3568.8,61265
2021-06-11 10:12:25,3568.8,61265
2021-06-11 10:12:28,3569.7,61339
2021-06-11 10:12:31,3569.7,61358
2021-06-11 10:12:35,3569.7,61369
2021-06-11 10:12:38,3568.8,61370
2021-06-11 10:12:41,3568.8,61370
2021-06-11 10:12:44,3570.0,61400
2021-06-11 10:12:47,3568.8,61403
2021-06-11 10:12:51,3568.3,62544
2021-06-11 10:12:54,3567.6,62553
2021-06-11 10:12:57,3567.6,62671
2021-06-11 10:13:01,3567.6,62671
2021-06-11 10:13:04,3569.0,62676
2021-06-11 10:13:07,3569.0,62676
2021-06-11 10:13:11,3569.0,62676
2021-06-11 10:13:14,3569.0,62676
2021-06-11 10:13:18,3570.0,62692
2021-06-11 10:13:21,3569.6,62704
2021-06-11 10:13:24,3569.4,62705
2021-06-11 10:13:28,3571.2,62748
2021-06-11 10:13:32,3569.5,62753
2021-06-11 10:13:36,3569.5,62753
2021-06-11 10:13:39,3569.5,62753
2021-06-11 10:13:42,3569.5,62753
2021-06-11 10:13:45,3571.2,62763
2021-06-11 10:13:49,3569.55,62768
2021-06-11 10:13:53,3571.2,62788
2021-06-11 10:13:57,3571.25,62802
2021-06-11 10:14:00,3570.15,62803
2021-06-11 10:14:04,3571.95,62896
2021-06-11 10:14:07,3571.05,62911
2021-06-11 10:14:10,3572.0,62921
2021-06-11 10:14:14,3574.0,63144
2021-06-11 10:14:17,3572.2,63169
2021-06-11 10:14:21,3572.35,63215
2021-06-11 10:14:24,3574.2,63246
2021-06-11 10:14:27,3573.0,63279
2021-06-11 10:14:30,3574.2,63314
2021-06-11 10:14:37,3575.0,63408
2021-06-11 10:14:40,3574.9,63419
2021-06-11 10:14:44,3574.85,63462
2021-06-11 10:14:47,3574.9,63480
2021-06-11 10:14:50,3574.9,63480
2021-06-11 10:14:54,3573.3,63482
2021-06-11 10:14:57,3573.3,63544
2021-06-11 10:15:01,3574.0,63551
2021-06-11 10:15:04,3574.9,63552
2021-06-11 10:15:07,3574.05,63568
2021-06-11 10:15:10,3574.95,63596
2021-06-11 10:15:13,3575.0,63654
2021-06-11 10:15:17,3575.0,63739
2021-06-11 10:15:20,3574.0,63760
2021-06-11 10:15:23,3574.0,63762
2021-06-11 10:15:26,3573.95,63862
2021-06-11 10:15:29,3575.0,63890
2021-06-11 10:15:32,3575.0,63908
2021-06-11 10:15:35,3575.0,63927
2021-06-11 10:15:39,3575.0,63933
2021-06-11 10:15:42,3574.0,63943
2021-06-11 10:15:45,3575.0,64044
2021-06-11 10:15:48,3575.0,64207
2021-06-11 10:15:52,3574.0,64229
2021-06-11 10:15:55,3574.0,64237
2021-06-11 10:15:59,3575.0,64251
2021-06-11 10:16:02,3574.0,64297
2021-06-11 10:16:05,3575.0,64304
2021-06-11 10:16:08,3575.0,64309
2021-06-11 10:16:12,3575.0,64388
2021-06-11 10:16:15,3575.0,64411
2021-06-11 10:16:18,3575.0,64465
2021-06-11 10:16:21,3575.0,64624
2021-06-11 10:16:24,3574.0,64649
2021-06-11 10:16:26,3574.0,64683
2021-06-11 10:16:29,3573.95,64686
2021-06-11 10:16:32,3573.85,64914
2021-06-11 10:16:35,3573.85,65040
2021-06-11 10:16:38,3573.4,65060
2021-06-11 10:16:42,3573.0,65069
2021-06-11 10:16:45,3573.0,65073
2021-06-11 10:16:48,3573.8,65084
2021-06-11 10:16:51,3573.85,65101
2021-06-11 10:16:54,3572.65,65103
2021-06-11 10:16:57,3572.65,65103
2021-06-11 10:17:01,3573.85,65109
2021-06-11 10:17:04,3573.75,65110
2021-06-11 10:17:08,3574.0,65120
2021-06-11 10:17:11,3573.0,65133
2021-06-11 10:17:14,3574.9,65137
2021-06-11 10:17:16,3574.35,66032
2021-06-11 10:17:19,3574.55,66042
2021-06-11 10:17:22,3573.35,66100
2021-06-11 10:17:26,3574.05,66173
2021-06-11 10:17:29,3574.95,66177
2021-06-11 10:17:32,3575.6,66180
2021-06-11 10:17:39,3574.95,66202
2021-06-11 10:17:42,3574.95,66205
2021-06-11 10:17:45,3574.95,66205
2021-06-11 10:17:48,3574.0,66208
2021-06-11 10:17:51,3574.0,66209
2021-06-11 10:17:54,3574.95,66210
2021-06-11 10:17:57,3574.95,66211
2021-06-11 10:18:00,3574.95,66233
2021-06-11 10:18:03,3574.05,66237
2021-06-11 10:18:06,3574.05,66237
2021-06-11 10:18:10,3575.75,66307
2021-06-11 10:18:13,3576.55,66391
2021-06-11 10:18:16,3576.3,66411
2021-06-11 10:18:19,3574.7,66451
2021-06-11 10:18:23,3574.7,66456
2021-06-11 10:18:26,3576.0,66518
2021-06-11 10:18:30,3575.0,66530
2021-06-11 10:18:34,3575.0,66533
2021-06-11 10:18:37,3575.05,66534
2021-06-11 10:18:41,3576.0,66536
2021-06-11 10:18:44,3575.1,66538
2021-06-11 10:18:47,3574.0,66670
2021-06-11 10:18:54,3574.75,66733
2021-06-11 10:18:58,3574.65,66739
2021-06-11 10:19:01,3574.7,66751
2021-06-11 10:19:04,3574.9,66808
2021-06-11 10:19:08,3573.4,66813
2021-06-11 10:19:11,3573.2,66815
2021-06-11 10:19:15,3573.6,67079
2021-06-11 10:19:18,3575.5,67112
2021-06-11 10:19:21,3575.0,67114
2021-06-11 10:19:24,3575.0,67114
2021-06-11 10:19:28,3573.2,67376
2021-06-11 10:19:31,3573.2,67409
2021-06-11 10:19:34,3573.2,67411
2021-06-11 10:19:37,3573.2,67411
2021-06-11 10:19:41,3574.8,67413
2021-06-11 10:19:44,3574.75,67422
2021-06-11 10:19:47,3573.2,67481
2021-06-11 10:19:50,3573.2,67502
2021-06-11 10:19:54,3572.6,67504
2021-06-11 10:19:57,3572.6,67504
2021-06-11 10:20:00,3572.6,67504
2021-06-11 10:20:04,3574.15,67516
2021-06-11 10:20:07,3572.4,67560
2021-06-11 10:20:10,3572.35,67777
2021-06-11 10:20:14,3570.6,67858
2021-06-11 10:20:17,3570.45,67898
2021-06-11 10:20:20,3570.4,67900
2021-06-11 10:20:23,3570.05,67905
2021-06-11 10:20:27,3570.0,68066
2021-06-11 10:20:30,3569.4,68133
2021-06-11 10:20:34,3569.4,68155
2021-06-11 10:20:37,3569.1,68163
2021-06-11 10:20:40,3570.0,68172
2021-06-11 10:20:43,3569.1,68175
2021-06-11 10:20:50,3569.95,68183
2021-06-11 10:20:53,3568.45,68328
2021-06-11 10:20:56,3569.0,68382
2021-06-11 10:21:00,3569.35,68394
2021-06-11 10:21:03,3568.8,68428
2021-06-11 10:21:07,3567.35,68457
2021-06-11 10:21:10,3567.45,68466
2021-06-11 10:21:14,3567.5,68479
2021-06-11 10:21:17,3567.5,68485
2021-06-11 10:21:20,3567.55,68780
2021-06-11 10:21:24,3567.55,68985
2021-06-11 10:21:27,3567.65,68994
2021-06-11 10:21:31,3567.0,68995
2021-06-11 10:21:34,3566.15,69015
2021-06-11 10:21:37,3567.55,69080
2021-06-11 10:21:40,3567.75,69106
2021-06-11 10:21:44,3569.35,69159
2021-06-11 10:21:47,3567.15,69175
2021-06-11 10:21:50,3566.8,69223
2021-06-11 10:21:53,3566.5,69239
2021-06-11 10:21:56,3566.2,69243
2021-06-11 10:21:59,3566.15,69247
2021-06-11 10:22:02,3566.15,69367
2021-06-11 10:22:06,3566.2,69405
2021-06-11 10:22:09,3566.2,69413
2021-06-11 10:22:12,3566.3,69426
2021-06-11 10:22:15,3566.3,69429
2021-06-11 10:22:18,3567.0,69431
2021-06-11 10:22:21,3567.0,69437
2021-06-11 10:22:24,3566.3,69438
2021-06-11 10:22:27,3568.25,69513
2021-06-11 10:22:30,3567.35,69536
2021-06-11 10:22:33,3567.35,69541
2021-06-11 10:22:36,3567.35,69543
2021-06-11 10:22:39,3568.0,69569
2021-06-11 10:22:43,3571.35,69724
2021-06-11 10:22:46,3568.9,69772
2021-06-11 10:22:49,3568.95,69795
2021-06-11 10:22:52,3568.95,69851
2021-06-11 10:22:55,3570.75,69870
2021-06-11 10:22:58,3568.95,69876
2021-06-11 10:23:01,3568.95,69877
2021-06-11 10:23:04,3568.95,69878
2021-06-11 10:23:07,3568.95,69879
2021-06-11 10:23:10,3568.95,69880
2021-06-11 10:23:14,3570.75,69881
2021-06-11 10:23:17,3570.75,69881
2021-06-11 10:23:20,3570.75,69881
2021-06-11 10:23:23,3568.95,69917
2021-06-11 10:23:26,3568.9,69925
2021-06-11 10:23:29,3570.55,69939
2021-06-11 10:23:31,3568.85,69941
2021-06-11 10:23:34,3568.8,69970
2021-06-11 10:23:40,3568.85,69986
2021-06-11 10:23:44,3570.4,70012
2021-06-11 10:23:47,3568.9,70022
2021-06-11 10:23:50,3568.8,70028
2021-06-11 10:23:53,3568.95,70030
2021-06-11 10:23:57,3568.8,70031
2021-06-11 10:24:00,3568.8,70031
2021-06-11 10:24:03,3568.9,70032
2021-06-11 10:24:06,3568.9,70032
2021-06-11 10:24:09,3570.55,70034
2021-06-11 10:24:12,3568.9,70037
2021-06-11 10:24:15,3570.0,70050
2021-06-11 10:24:18,3570.0,70075
2021-06-11 10:24:21,3570.0,70083
2021-06-11 10:24:24,3570.0,70087
2021-06-11 10:24:27,3570.0,70089
2021-06-11 10:24:30,3570.0,70090
2021-06-11 10:24:33,3570.0,70090
2021-06-11 10:24:36,3570.0,70092
2021-06-11 10:24:39,3570.0,70093
2021-06-11 10:24:42,3570.0,70112
2021-06-11 10:24:45,3570.0,70125
2021-06-11 10:24:48,3570.0,70128
2021-06-11 10:24:51,3570.0,70131
2021-06-11 10:24:54,3570.0,70132
2021-06-11 10:24:57,3570.0,70132
2021-06-11 10:25:00,3571.35,70134
2021-06-11 10:25:03,3571.35,70134
2021-06-11 10:25:06,3570.0,70139
2021-06-11 10:25:09,3570.0,70142
2021-06-11 10:25:12,3570.0,70143
2021-06-11 10:25:15,3570.0,70144
2021-06-11 10:25:18,3570.55,70151
2021-06-11 10:25:21,3570.6,70156
2021-06-11 10:25:24,3570.6,70157
2021-06-11 10:25:27,3570.6,70157
2021-06-11 10:25:30,3570.25,70158
2021-06-11 10:25:33,3570.25,70159
2021-06-11 10:25:36,3570.25,70159
2021-06-11 10:25:39,3570.6,70165
2021-06-11 10:25:41,3571.0,70168
2021-06-11 10:25:44,3570.65,70170
2021-06-11 10:25:47,3570.65,70192
2021-06-11 10:25:50,3570.65,70200
2021-06-11 10:25:52,3570.6,70241
2021-06-11 10:25:55,3570.95,70345
2021-06-11 10:25:58,3570.75,70386
2021-06-11 10:26:01,3570.75,70397
2021-06-11 10:26:04,3570.75,70399
2021-06-11 10:26:07,3570.75,70400
2021-06-11 10:26:10,3570.75,70401
2021-06-11 10:26:14,3572.95,70509
2021-06-11 10:26:17,3571.05,70542
2021-06-11 10:26:19,3571.05,70549
2021-06-11 10:26:22,3571.0,70553
2021-06-11 10:26:25,3570.95,70569
2021-06-11 10:26:28,3570.95,70574
2021-06-11 10:26:31,3571.0,70575
2021-06-11 10:26:37,3570.8,70814
2021-06-11 10:26:40,3570.0,70831
2021-06-11 10:26:43,3570.0,70865
2021-06-11 10:26:46,3569.95,70867
2021-06-11 10:26:49,3569.0,70868
2021-06-11 10:26:52,3568.8,70874
2021-06-11 10:26:55,3568.8,70876
2021-06-11 10:26:58,3568.5,70881
2021-06-11 10:27:00,3567.45,70888
2021-06-11 10:27:03,3567.0,70930
2021-06-11 10:27:06,3566.5,70940
2021-06-11 10:27:09,3566.15,70972
2021-06-11 10:27:12,3566.2,70982
2021-06-11 10:27:15,3566.15,70985
2021-06-11 10:27:18,3566.15,71135
2021-06-11 10:27:21,3568.0,71238
2021-06-11 10:27:24,3566.4,71268
2021-06-11 10:27:27,3566.95,71277
2021-06-11 10:27:33,3567.2,71286
2021-06-11 10:27:36,3567.2,71288
2021-06-11 10:27:39,3567.2,71292
2021-06-11 10:27:41,3567.2,71296
2021-06-11 10:27:44,3567.2,71297
2021-06-11 10:27:47,3568.6,71302
2021-06-11 10:27:50,3567.25,71305
2021-06-11 10:27:53,3568.8,71307
2021-06-11 10:27:56,3568.8,71307
2021-06-11 10:27:59,3567.25,71308
2021-06-11 10:28:02,3567.2,71324
2021-06-11 10:28:05,3568.0,71328
2021-06-11 10:28:08,3568.0,71330
2021-06-11 10:28:10,3568.0,71331
2021-06-11 10:28:14,3568.0,71331
2021-06-11 10:28:16,3568.0,71338
2021-06-11 10:28:19,3567.9,71340
2021-06-11 10:28:23,3567.9,71341
2021-06-11 10:28:26,3568.5,71355
2021-06-11 10:28:33,3568.9,71361
2021-06-11 10:28:36,3568.15,71368
2021-06-11 10:28:39,3569.8,71414
2021-06-11 10:28:42,3568.05,71424
2021-06-11 10:28:45,3568.0,71440
2021-06-11 10:28:48,3568.0,71495
2021-06-11 10:28:51,3568.0,71512
2021-06-11 10:28:54,3568.0,71522
2021-06-11 10:28:57,3567.9,71530
2021-06-11 10:29:00,3567.9,71533
2021-06-11 10:29:03,3567.9,71533
2021-06-11 10:29:06,3567.9,71549
2021-06-11 10:29:09,3568.15,71556
2021-06-11 10:29:12,3567.9,71557
2021-06-11 10:29:15,3567.9,71557
2021-06-11 10:29:18,3569.15,71567
2021-06-11 10:29:21,3568.05,71569
2021-06-11 10:29:24,3568.0,71572
2021-06-11 10:29:27,3568.0,71572
2021-06-11 10:29:29,3568.0,71572
2021-06-11 10:29:32,3568.0,71572
2021-06-11 10:29:35,3569.15,71577
2021-06-11 10:29:37,3568.1,71578
2021-06-11 10:29:40,3568.05,71592
2021-06-11 10:29:43,3568.05,71596
2021-06-11 10:29:46,3568.05,71597
2021-06-11 10:29:49,3569.75,71604
2021-06-11 10:29:52,3569.7,71613
2021-06-11 10:29:55,3569.95,71730
2021-06-11 10:29:58,3568.15,71755
2021-06-11 10:30:01,3568.05,71778
2021-06-11 10:30:04,3568.0,71793
2021-06-11 10:30:07,3568.05,71797
2021-06-11 10:30:10,3568.0,71803
2021-06-11 10:30:13,3568.0,71812
2021-06-11 10:30:16,3568.0,71814
2021-06-11 10:30:18,3569.5,71835
2021-06-11 10:30:21,3568.05,71841
2021-06-11 10:30:24,3568.0,71843
2021-06-11 10:30:27,3568.0,71844
2021-06-11 10:30:30,3568.0,71844
2021-06-11 10:30:32,3568.05,71845
2021-06-11 10:30:35,3568.05,71845
2021-06-11 10:30:38,3569.45,71850
2021-06-11 10:30:41,3568.0,71887
2021-06-11 10:30:44,3568.0,71898
2021-06-11 10:30:47,3568.0,71905
2021-06-11 10:30:50,3568.0,71906
2021-06-11 10:30:53,3568.0,71921
2021-06-11 10:30:56,3568.0,71926
2021-06-11 10:30:59,3568.0,71943
2021-06-11 10:31:02,3568.0,71948
2021-06-11 10:31:05,3569.2,71960
2021-06-11 10:31:07,3568.0,71965
2021-06-11 10:31:10,3568.0,71966
2021-06-11 10:31:17,3568.0,71969
2021-06-11 10:31:19,3568.0,71969
2021-06-11 10:31:22,3568.0,71969
2021-06-11 10:31:25,3569.2,71970
2021-06-11 10:31:28,3568.0,71972
2021-06-11 10:31:31,3569.3,71977
2021-06-11 10:31:33,3568.05,71978
2021-06-11 10:31:37,3568.05,72018
2021-06-11 10:31:39,3568.05,72030
2021-06-11 10:31:43,3568.05,72033
2021-06-11 10:31:46,3568.05,72034
2021-06-11 10:31:50,3569.7,72064
2021-06-11 10:31:53,3568.15,72073
2021-06-11 10:31:55,3568.15,72076
2021-06-11 10:31:58,3569.75,72111
2021-06-11 10:32:01,3568.1,72122
2021-06-11 10:32:03,3568.1,72126
2021-06-11 10:32:05,3568.1,72126
2021-06-11 10:32:11,3568.1,72126
2021-06-11 10:32:13,3568.1,72126
2021-06-11 10:32:16,3568.1,72126
2021-06-11 10:32:19,3568.1,72126
2021-06-11 10:32:21,3568.15,72141
2021-06-11 10:32:24,3568.15,72146
2021-06-11 10:32:26,3568.15,72148
2021-06-11 10:32:29,3568.1,72165
2021-06-11 10:32:32,3568.1,72169
2021-06-11 10:32:35,3568.1,72171
2021-06-11 10:32:38,3569.5,72214
2021-06-11 10:32:41,3568.05,72227
2021-06-11 10:32:44,3568.05,72230
2021-06-11 10:32:46,3569.45,72234
2021-06-11 10:32:49,3569.45,72236
2021-06-11 10:32:52,3568.05,72237
2021-06-11 10:32:55,3568.05,72237
2021-06-11 10:32:58,3568.05,72237
2021-06-11 10:33:00,3568.05,72237
2021-06-11 10:33:03,3568.05,72237
2021-06-11 10:33:09,3568.05,72237
2021-06-11 10:33:11,3568.05,72237
2021-06-11 10:33:14,3569.4,72242
2021-06-11 10:33:17,3568.75,72244
2021-06-11 10:33:19,3570.0,72245
2021-06-11 10:33:22,3569.4,72249
2021-06-11 10:33:24,3570.0,72251
2021-06-11 10:33:27,3570.0,72252
2021-06-11 10:33:29,3570.0,72252
2021-06-11 10:33:32,3570.0,72252
2021-06-11 10:33:35,3570.0,72252
2021-06-11 10:33:38,3570.0,72252
2021-06-11 10:33:41,3571.55,72352
2021-06-11 10:33:44,3570.05,72354
2021-06-11 10:33:47,3570.0,72362
2021-06-11 10:33:50,3569.9,72367
2021-06-11 10:33:53,3569.9,72386
2021-06-11 10:33:55,3569.9,72393
2021-06-11 10:33:58,3569.9,72395
2021-06-11 10:34:00,3569.95,72400
2021-06-11 10:34:03,3571.6,72403
2021-06-11 10:34:06,3571.6,72406
2021-06-11 10:34:09,3569.9,72417
2021-06-11 10:34:11,3569.9,72422
2021-06-11 10:34:14,3569.9,72423
2021-06-11 10:34:17,3569.9,72427
2021-06-11 10:34:20,3569.9,72428
2021-06-11 10:34:23,3569.9,72430
2021-06-11 10:34:26,3569.9,72431
2021-06-11 10:34:28,3569.9,72432
2021-06-11 10:34:31,3571.0,72457
2021-06-11 10:34:34,3571.0,72490
2021-06-11 10:34:36,3570.0,72502
2021-06-11 10:34:39,3570.0,72507
2021-06-11 10:34:41,3570.0,72508
2021-06-11 10:34:44,3570.0,72509
2021-06-11 10:34:50,3570.0,72509
2021-06-11 10:34:53,3570.0,72509
2021-06-11 10:34:56,3570.0,72509
2021-06-11 10:34:59,3570.0,72511
2021-06-11 10:35:02,3571.25,72513
2021-06-11 10:35:04,3571.25,72513
2021-06-11 10:35:07,3571.25,72513
2021-06-11 10:35:10,3571.25,72513
2021-06-11 10:35:13,3571.0,72516
2021-06-11 10:35:16,3570.75,72938
2021-06-11 10:35:18,3569.0,73013
2021-06-11 10:35:21,3568.15,73061
2021-06-11 10:35:24,3568.05,73075
2021-06-11 10:35:27,3568.0,73103
2021-06-11 10:35:29,3568.0,73120
2021-06-11 10:35:32,3568.55,73142
2021-06-11 10:35:35,3568.0,73155
2021-06-11 10:35:37,3568.0,73157
2021-06-11 10:35:40,3568.0,73158
2021-06-11 10:35:43,3568.0,73159
2021-06-11 10:35:46,3568.0,73160
2021-06-11 10:35:49,3568.55,73165
2021-06-11 10:35:52,3568.0,73168
2021-06-11 10:35:55,3567.1,73269
2021-06-11 10:35:58,3567.0,73280
2021-06-11 10:36:01,3567.0,73307
2021-06-11 10:36:04,3567.05,73312
2021-06-11 10:36:06,3566.35,73316
2021-06-11 10:36:09,3566.35,73324
2021-06-11 10:36:11,3566.4,73326
2021-06-11 10:36:14,3566.45,73327
2021-06-11 10:36:17,3568.1,73332
2021-06-11 10:36:21,3566.55,73334
2021-06-11 10:36:24,3566.55,73335
2021-06-11 10:36:27,3566.55,73335
2021-06-11 10:36:29,3566.4,73355
2021-06-11 10:36:32,3566.45,73359
2021-06-11 10:36:35,3566.05,73363
2021-06-11 10:36:37,3566.05,73364
2021-06-11 10:36:40,3566.05,73364
2021-06-11 10:36:43,3566.55,73377
2021-06-11 10:36:46,3566.55,73381
2021-06-11 10:36:49,3567.0,73417
2021-06-11 10:36:52,3567.0,73436
2021-06-11 10:36:55,3566.6,73446
2021-06-11 10:36:58,3566.0,73457
2021-06-11 10:37:01,3566.1,73477
2021-06-11 10:37:04,3566.1,73483
2021-06-11 10:37:07,3566.1,73485
2021-06-11 10:37:10,3566.25,73493
2021-06-11 10:37:13,3566.25,73496
2021-06-11 10:37:16,3566.1,73560
2021-06-11 10:37:19,3566.0,73616
2021-06-11 10:37:22,3566.0,73634
2021-06-11 10:37:24,3566.0,73639
2021-06-11 10:37:27,3566.05,73659
2021-06-11 10:37:29,3566.05,73665
2021-06-11 10:37:32,3566.05,73666
2021-06-11 10:37:35,3566.05,73666
2021-06-11 10:37:38,3566.1,73691
2021-06-11 10:37:41,3566.05,73695
2021-06-11 10:37:44,3566.0,73740
2021-06-11 10:37:47,3566.1,73755
2021-06-11 10:37:49,3566.0,73759
2021-06-11 10:37:52,3566.05,73766
2021-06-11 10:37:55,3566.1,73773
2021-06-11 10:37:57,3566.0,73776
2021-06-11 10:38:01,3566.0,73780
2021-06-11 10:38:04,3566.0,73782
2021-06-11 10:38:07,3566.0,73782
2021-06-11 10:38:10,3566.0,73822
2021-06-11 10:38:13,3566.0,73834
2021-06-11 10:38:16,3566.0,73837
2021-06-11 10:38:19,3566.0,73848
2021-06-11 10:38:22,3566.0,73852
2021-06-11 10:38:24,3566.0,73853
2021-06-11 10:38:27,3566.1,73865
2021-06-11 10:38:29,3566.0,73869
2021-06-11 10:38:32,3566.0,73870
2021-06-11 10:38:35,3566.0,73871
2021-06-11 10:38:39,3566.0,73871
2021-06-11 10:38:42,3566.1,73877
2021-06-11 10:38:45,3566.05,73883
2021-06-11 10:38:48,3566.1,73891
2021-06-11 10:38:50,3566.05,73895
2021-06-11 10:38:53,3566.05,73899
2021-06-11 10:38:56,3566.05,73901
2021-06-11 10:38:59,3566.05,73902
2021-06-11 10:39:02,3566.05,73908
2021-06-11 10:39:05,3566.1,73914
2021-06-11 10:39:07,3566.05,73915
2021-06-11 10:39:10,3566.05,73915
2021-06-11 10:39:13,3566.05,73915
2021-06-11 10:39:16,3566.05,73919
2021-06-11 10:39:19,3566.05,73921
2021-06-11 10:39:22,3566.6,74836
2021-06-11 10:39:25,3568.35,75139
2021-06-11 10:39:28,3566.4,75295
2021-06-11 10:39:30,3566.6,75312
2021-06-11 10:39:33,3566.15,75492
2021-06-11 10:39:36,3566.1,75500
2021-06-11 10:39:39,3566.1,75554
2021-06-11 10:39:41,3566.7,75591
2021-06-11 10:39:44,3568.4,75602
2021-06-11 10:39:47,3568.4,75612
2021-06-11 10:39:49,3566.85,75615
2021-06-11 10:39:52,3566.85,75626
2021-06-11 10:39:55,3566.85,75629
2021-06-11 10:39:57,3566.85,75631
2021-06-11 10:40:00,3567.0,75636
2021-06-11 10:40:03,3567.0,75637
2021-06-11 10:40:06,3567.05,75638
2021-06-11 10:40:09,3567.05,75639
2021-06-11 10:40:12,3567.05,75640
2021-06-11 10:40:15,3567.05,75640
2021-06-11 10:40:17,3566.95,75641
2021-06-11 10:40:21,3566.95,75641
2021-06-11 10:40:23,3566.95,75641
2021-06-11 10:40:26,3566.95,75641
2021-06-11 10:40:29,3566.95,75641
2021-06-11 10:40:32,3567.0,75644
2021-06-11 10:40:34,3567.0,75645
2021-06-11 10:40:39,3567.8,75646
2021-06-11 10:40:42,3567.8,75646
2021-06-11 10:40:45,3567.8,75646
2021-06-11 10:40:48,3567.8,75648
2021-06-11 10:40:50,3567.0,75649
2021-06-11 10:40:53,3567.0,75650
2021-06-11 10:40:56,3566.95,75657
2021-06-11 10:40:58,3566.9,75658
2021-06-11 10:41:01,3566.9,75660
2021-06-11 10:41:04,3566.95,75661
2021-06-11 10:41:07,3566.95,75661
2021-06-11 10:41:10,3566.95,75661
2021-06-11 10:41:13,3566.95,75661
2021-06-11 10:41:15,3566.95,75661
2021-06-11 10:41:18,3566.95,75661
2021-06-11 10:41:22,3566.9,75662
2021-06-11 10:41:25,3568.5,75712
2021-06-11 10:41:28,3566.9,75739
2021-06-11 10:41:31,3568.4,75761
2021-06-11 10:41:34,3567.1,75765
2021-06-11 10:41:36,3567.0,75766
2021-06-11 10:41:39,3567.0,75766
2021-06-11 10:41:42,3568.5,75827
2021-06-11 10:41:44,3566.95,75839
2021-06-11 10:41:47,3567.05,75842
2021-06-11 10:41:50,3567.0,75852
2021-06-11 10:41:52,3568.4,75856
2021-06-11 10:41:55,3566.95,75858
2021-06-11 10:41:57,3566.95,75860
2021-06-11 10:42:03,3566.95,75860
2021-06-11 10:42:05,3566.95,75860
2021-06-11 10:42:11,3568.4,75861
2021-06-11 10:42:13,3566.95,75871
2021-06-11 10:42:16,3566.95,75893
2021-06-11 10:42:18,3566.95,75900
2021-06-11 10:42:21,3566.95,75901
2021-06-11 10:42:23,3568.4,75903
2021-06-11 10:42:26,3566.95,75905
2021-06-11 10:42:29,3566.95,75905
2021-06-11 10:42:32,3566.95,75905
2021-06-11 10:42:34,3566.95,75906
2021-06-11 10:42:37,3566.95,75907
2021-06-11 10:42:41,3566.95,75907
2021-06-11 10:42:44,3566.95,76058
2021-06-11 10:42:47,3566.95,76105
2021-06-11 10:42:49,3566.95,76118
2021-06-11 10:42:52,3566.95,76121
2021-06-11 10:42:54,3567.0,76122
2021-06-11 10:42:57,3566.95,76134
2021-06-11 10:42:59,3567.0,76138
2021-06-11 10:43:02,3566.95,76140
2021-06-11 10:43:05,3566.95,76142
2021-06-11 10:43:07,3566.95,76142
2021-06-11 10:43:10,3566.95,76146
2021-06-11 10:43:12,3567.9,76158
2021-06-11 10:43:15,3566.95,76168
2021-06-11 10:43:17,3566.95,76173
2021-06-11 10:43:20,3566.95,76175
2021-06-11 10:43:22,3567.0,76176
2021-06-11 10:43:24,3567.0,76176
2021-06-11 10:43:27,3566.95,76181
2021-06-11 10:43:29,3567.0,76183
2021-06-11 10:43:31,3567.0,76183
2021-06-11 10:43:34,3567.05,76189
2021-06-11 10:43:36,3566.95,76192
2021-06-11 10:43:39,3566.95,76192
2021-06-11 10:43:42,3566.95,76193
2021-06-11 10:43:44,3566.95,76194
2021-06-11 10:43:49,3566.95,76244
2021-06-11 10:43:52,3567.0,76258
2021-06-11 10:43:55,3567.0,76264
2021-06-11 10:43:57,3567.2,76265
2021-06-11 10:44:00,3567.15,76275
2021-06-11 10:44:02,3567.1,76279
2021-06-11 10:44:05,3567.1,76282
2021-06-11 10:44:08,3567.1,76282
2021-06-11 10:44:11,3567.1,76282
2021-06-11 10:44:13,3567.1,76282
2021-06-11 10:44:16,3567.1,76282
2021-06-11 10:44:19,3568.5,76283
2021-06-11 10:44:21,3568.5,76283
2021-06-11 10:44:24,3568.5,76309
2021-06-11 10:44:27,3567.4,76315
2021-06-11 10:44:29,3567.15,76354
2021-06-11 10:44:32,3567.15,76367
2021-06-11 10:44:34,3567.15,76395
2021-06-11 10:44:37,3567.15,76405
2021-06-11 10:44:39,3568.45,76417
2021-06-11 10:44:42,3567.15,76421
2021-06-11 10:44:44,3567.15,76422
2021-06-11 10:44:47,3567.15,76422
2021-06-11 10:44:50,3567.25,76423
2021-06-11 10:44:53,3567.25,76423
2021-06-11 10:44:55,3567.15,76473
2021-06-11 10:44:58,3567.15,76491
2021-06-11 10:45:00,3567.2,76497
2021-06-11 10:45:03,3567.15,76499
2021-06-11 10:45:06,3567.15,76500
2021-06-11 10:45:08,3567.15,76505
2021-06-11 10:45:11,3567.15,76506
2021-06-11 10:45:14,3567.15,76508
2021-06-11 10:45:16,3567.15,76509
2021-06-11 10:45:19,3567.15,76509
2021-06-11 10:45:21,3567.15,76509
2021-06-11 10:45:43,3566.0,77059
2021-06-11 10:45:45,3565.0,77158
2021-06-11 10:46:04,3563.0,77967
2021-06-11 10:46:07,3563.6,77980
2021-06-11 10:46:09,3563.0,77996
2021-06-11 10:46:12,3563.55,78078
2021-06-11 10:46:15,3563.0,78109
2021-06-11 10:46:28,3562.2,78220
2021-06-11 10:46:40,3561.9,78463
2021-06-11 10:46:45,3561.9,78572
2021-06-11 10:46:47,3561.8,78597
2021-06-11 10:46:50,3561.3,78611
2021-06-11 10:46:53,3561.3,78808
2021-06-11 10:46:55,3561.0,78849
2021-06-11 10:46:58,3561.3,78888
2021-06-11 10:47:00,3561.3,78903
2021-06-11 10:47:02,3561.3,78909
2021-06-11 10:47:05,3561.0,78913
2021-06-11 10:47:07,3561.0,78926
2021-06-11 10:47:10,3561.0,78929
2021-06-11 10:47:13,3561.0,78933
2021-06-11 10:47:15,3561.3,78939
2021-06-11 10:47:18,3561.0,78987
2021-06-11 10:47:20,3561.3,79006
2021-06-11 10:47:23,3561.0,79017
2021-06-11 10:47:26,3561.8,79184
2021-06-11 10:47:28,3562.55,79270
2021-06-11 10:47:31,3561.2,79287
2021-06-11 10:47:33,3561.65,79300
2021-06-11 10:47:36,3561.65,79305
2021-06-11 10:47:38,3562.55,79318
2021-06-11 10:47:41,3561.8,79323
2021-06-11 10:47:43,3562.55,79335
2021-06-11 10:47:46,3561.2,79387
2021-06-11 10:47:49,3561.05,79421
2021-06-11 10:47:51,3561.0,79439
2021-06-11 10:47:54,3561.0,79458
2021-06-11 10:47:57,3561.0,79475
2021-06-11 10:48:00,3561.0,79480
2021-06-11 10:48:03,3562.4,79528
2021-06-11 10:48:06,3562.4,79580
2021-06-11 10:48:09,3562.85,79602
2021-06-11 10:48:11,3562.95,79648
2021-06-11 10:48:15,3561.35,79663
2021-06-11 10:48:18,3561.35,79679
2021-06-11 10:48:21,3561.35,79684
2021-06-11 10:48:24,3562.95,79686
2021-06-11 10:48:26,3561.45,79687
2021-06-11 10:48:29,3561.5,79707
2021-06-11 10:48:32,3561.5,79714
2021-06-11 10:48:35,3563.95,79816
2021-06-11 10:48:38,3562.05,79848
2021-06-11 10:48:40,3562.05,79857
2021-06-11 10:48:43,3562.05,79859
2021-06-11 10:48:46,3562.05,79861
2021-06-11 10:48:48,3562.05,79871
2021-06-11 10:48:51,3561.95,79875
2021-06-11 10:48:53,3562.0,79892
2021-06-11 10:48:55,3561.95,79897
2021-06-11 10:48:57,3561.95,79907
2021-06-11 10:49:00,3562.0,79966
2021-06-11 10:49:02,3561.95,79984
2021-06-11 10:49:05,3561.95,79996
2021-06-11 10:49:08,3561.95,80011
2021-06-11 10:49:10,3561.95,80016
2021-06-11 10:49:13,3562.0,80027
2021-06-11 10:49:16,3562.0,80076
2021-06-11 10:49:18,3562.0,80104
2021-06-11 10:49:21,3562.0,80163
2021-06-11 10:49:23,3562.0,80281
2021-06-11 10:49:26,3562.0,80401
2021-06-11 10:49:28,3562.0,80437
2021-06-11 10:49:31,3562.1,80447
2021-06-11 10:49:33,3562.1,80450
2021-06-11 10:49:35,3562.1,80452
2021-06-11 10:49:38,3562.1,80463
2021-06-11 10:49:40,3562.1,80466
2021-06-11 10:49:43,3562.1,80467
2021-06-11 10:49:45,3563.45,80493
2021-06-11 10:49:48,3563.45,80505
2021-06-11 10:49:50,3564.0,80533
2021-06-11 10:49:53,3563.45,80542
2021-06-11 10:49:55,3563.45,80544
2021-06-11 10:49:58,3563.45,80557
2021-06-11 10:50:00,3563.45,80562
2021-06-11 10:50:03,3563.45,80566
2021-06-11 10:50:05,3564.0,80577
2021-06-11 10:50:08,3563.45,80592
2021-06-11 10:50:10,3564.0,80600
2021-06-11 10:50:16,3563.5,80603
2021-06-11 10:50:19,3563.85,80616
2021-06-11 10:50:21,3563.5,80625
2021-06-11 10:50:24,3563.75,80627
2021-06-11 10:50:27,3563.75,80638
2021-06-11 10:50:29,3563.65,80659
2021-06-11 10:50:31,3563.85,80669
2021-06-11 10:50:34,3563.65,80673
2021-06-11 10:50:36,3563.65,80674
2021-06-11 10:50:39,3563.65,80683
2021-06-11 10:50:42,3563.55,80698
2021-06-11 10:50:44,3563.65,80704
2021-06-11 10:50:46,3563.65,80707
2021-06-11 10:50:49,3563.55,80708
2021-06-11 10:50:51,3563.55,80710
2021-06-11 10:50:56,3563.55,80710
2021-06-11 10:50:59,3563.55,80806
2021-06-11 10:51:01,3563.65,81058
2021-06-11 10:51:04,3563.5,81133
2021-06-11 10:51:07,3564.15,81244
2021-06-11 10:51:09,3562.55,81274
2021-06-11 10:51:14,3562.0,81320
2021-06-11 10:51:16,3562.0,81326
2021-06-11 10:51:19,3562.0,81363
2021-06-11 10:51:21,3562.05,81377
2021-06-11 10:51:24,3562.1,81381
2021-06-11 10:51:26,3562.1,81382
2021-06-11 10:51:28,3562.1,81393
2021-06-11 10:51:31,3563.45,81401
2021-06-11 10:51:34,3562.1,81414
2021-06-11 10:51:36,3562.0,81478
2021-06-11 10:51:39,3562.0,81506
2021-06-11 10:51:41,3561.8,81520
2021-06-11 10:51:44,3562.1,81539
2021-06-11 10:51:47,3562.1,81545
2021-06-11 10:51:50,3562.1,81615
2021-06-11 10:51:52,3562.1,81638
2021-06-11 10:51:55,3562.15,81645
2021-06-11 10:51:57,3562.1,81657
2021-06-11 10:52:00,3562.0,81857
2021-06-11 10:52:02,3562.0,81894
2021-06-11 10:52:05,3562.0,81934
2021-06-11 10:52:07,3561.5,81949
2021-06-11 10:52:10,3561.5,81978
2021-06-11 10:52:12,3561.1,81987
2021-06-11 10:52:14,3561.1,82014
2021-06-11 10:52:17,3561.1,82022
2021-06-11 10:52:19,3561.1,82026
2021-06-11 10:52:21,3561.1,82027
2021-06-11 10:52:24,3561.5,82032
2021-06-11 10:52:27,3561.0,82040
2021-06-11 10:52:30,3561.05,82043
2021-06-11 10:52:35,3561.05,82044
2021-06-11 10:52:39,3561.05,82061
2021-06-11 10:52:42,3561.0,82070
2021-06-11 10:52:44,3561.0,82073
2021-06-11 10:52:47,3561.2,82078
2021-06-11 10:52:49,3561.0,82100
2021-06-11 10:52:52,3561.0,82112
2021-06-11 10:52:54,3561.2,82120
2021-06-11 10:52:56,3561.0,82123
2021-06-11 10:52:59,3561.0,82152
2021-06-11 10:53:01,3561.0,82163
2021-06-11 10:53:04,3561.0,82167
2021-06-11 10:53:06,3561.0,82171
2021-06-11 10:53:08,3561.0,82178
2021-06-11 10:53:11,3561.0,82193
2021-06-11 10:53:14,3561.0,82227
2021-06-11 10:53:19,3561.3,82243
2021-06-11 10:53:21,3561.7,82244
2021-06-11 10:53:24,3561.7,82244
2021-06-11 10:53:26,3561.7,82244
2021-06-11 10:53:28,3561.8,82256
2021-06-11 10:53:30,3561.8,82260
2021-06-11 10:53:33,3561.8,82263
2021-06-11 10:53:35,3561.8,82264
2021-06-11 10:53:38,3561.8,82275
2021-06-11 10:53:40,3561.8,82278
2021-06-11 10:53:42,3561.8,82280
2021-06-11 10:53:44,3561.8,82280
2021-06-11 10:53:47,3563.0,82281
2021-06-11 10:53:49,3561.85,82293
2021-06-11 10:53:52,3561.9,82316
2021-06-11 10:53:55,3562.2,82324
2021-06-11 10:53:58,3563.0,82346
2021-06-11 10:54:00,3563.0,82353
2021-06-11 10:54:03,3562.9,82355
2021-06-11 10:54:06,3562.9,82357
2021-06-11 10:54:09,3563.0,82416
2021-06-11 10:54:12,3564.2,82470
2021-06-11 10:54:14,3563.0,82486
2021-06-11 10:54:16,3564.0,82487
2021-06-11 10:54:19,3563.9,82488
2021-06-11 10:54:22,3564.0,82493
2021-06-11 10:54:24,3563.9,82494
2021-06-11 10:54:29,3563.9,82507
2021-06-11 10:54:31,3564.6,82508
2021-06-11 10:54:34,3564.2,82511
2021-06-11 10:54:36,3564.6,82517
2021-06-11 10:54:39,3563.9,82574
2021-06-11 10:54:41,3563.5,82641
2021-06-11 10:54:43,3562.0,82644
2021-06-11 10:54:46,3561.9,82654
2021-06-11 10:54:48,3561.8,82656
2021-06-11 10:54:50,3561.4,82684
2021-06-11 10:54:52,3561.4,82691
2021-06-11 10:54:55,3561.35,82696
2021-06-11 10:54:57,3561.35,82707
2021-06-11 10:54:59,3561.4,82712
2021-06-11 10:55:02,3561.4,82713
2021-06-11 10:55:05,3561.4,82714
2021-06-11 10:55:07,3561.4,82726
2021-06-11 10:55:10,3561.4,82729
2021-06-11 10:55:12,3561.4,82731
2021-06-11 10:55:15,3561.4,82731
2021-06-11 10:55:20,3561.4,82746
2021-06-11 10:55:23,3561.4,82746
2021-06-11 10:55:26,3561.4,82746
2021-06-11 10:55:28,3561.4,82757
2021-06-11 10:55:31,3561.4,82762
2021-06-11 10:55:33,3561.4,82764
2021-06-11 10:55:36,3562.75,82769
2021-06-11 10:55:38,3561.4,82796
2021-06-11 10:55:40,3562.75,82829
2021-06-11 10:55:43,3562.7,82847
2021-06-11 10:55:45,3562.7,82884
2021-06-11 10:55:48,3561.4,82901
2021-06-11 10:55:50,3562.7,82912
2021-06-11 10:55:55,3561.4,82916
2021-06-11 10:55:57,3561.4,82941
2021-06-11 10:56:00,3561.4,82949
2021-06-11 10:56:02,3561.4,82952
2021-06-11 10:56:05,3561.4,82953
2021-06-11 10:56:08,3560.65,83579
2021-06-11 10:56:10,3560.0,83757
2021-06-11 10:56:12,3560.0,83850
2021-06-11 10:56:15,3560.0,83979
2021-06-11 10:56:17,3560.0,84024
2021-06-11 10:56:19,3560.0,84033
2021-06-11 10:56:22,3560.0,84035
2021-06-11 10:56:24,3560.0,84035
2021-06-11 10:56:26,3560.05,84061
2021-06-11 10:56:29,3560.0,84076
2021-06-11 10:56:32,3560.0,84081
2021-06-11 10:56:34,3560.0,84182
2021-06-11 10:56:35,3560.0,84213
2021-06-11 10:56:36,3560.0,84238
2021-06-11 10:56:37,3560.0,84248
2021-06-11 10:56:38,3560.0,84271
2021-06-11 10:56:39,3560.25,84278
2021-06-11 10:56:41,3560.35,84341
2021-06-11 10:56:41,3561.85,84330
2021-06-11 10:56:42,3560.35,84349
2021-06-11 10:56:43,3561.0,84351
2021-06-11 10:56:45,3561.0,84385
2021-06-11 10:56:46,3561.0,84387
2021-06-11 10:56:47,3561.0,84396
2021-06-11 10:56:48,3561.0,84399
2021-06-11 10:56:49,3561.0,84402
2021-06-11 10:56:50,3561.0,84402
2021-06-11 10:56:51,3561.9,84422
2021-06-11 10:56:52,3561.0,84427
2021-06-11 10:56:53,3560.35,84429
2021-06-11 10:56:55,3561.9,84437
2021-06-11 10:56:55,3560.6,84438
2021-06-11 10:56:56,3560.6,84465
2021-06-11 10:56:57,3560.6,84472
2021-06-11 10:56:58,3561.9,84499
2021-06-11 10:56:59,3560.65,84508
2021-06-11 10:57:00,3560.65,84511
2021-06-11 10:57:01,3560.65,84511
2021-06-11 10:57:03,3560.65,84511
2021-06-11 10:57:04,3561.0,84538
2021-06-11 10:57:05,3561.0,84547
2021-06-11 10:57:06,3561.9,84564
2021-06-11 10:57:07,3560.0,85762
2021-06-11 10:57:08,3561.2,86028
2021-06-11 10:57:09,3560.0,86082
2021-06-11 10:57:09,3560.0,86092
2021-06-11 10:57:10,3560.0,86094
2021-06-11 10:57:11,3560.0,86095
2021-06-11 10:57:12,3560.0,86095
2021-06-11 10:57:13,3561.35,86141
2021-06-11 10:57:14,3561.0,86150
2021-06-11 10:57:15,3560.0,86152
2021-06-11 10:57:16,3560.0,86184
2021-06-11 10:57:17,3560.0,86190
2021-06-11 10:57:18,3560.0,86191
2021-06-11 10:57:19,3560.0,86192
2021-06-11 10:57:20,3560.0,86193
2021-06-11 10:57:21,3560.0,86193
2021-06-11 10:57:22,3560.0,86343
2021-06-11 10:57:23,3560.0,86390
2021-06-11 10:57:24,3560.0,86402
2021-06-11 10:57:25,3560.0,86406
2021-06-11 10:57:27,3560.0,86432
2021-06-11 10:57:28,3560.05,86438
2021-06-11 10:57:29,3560.05,86442
2021-06-11 10:57:29,3560.05,86443
2021-06-11 10:57:31,3560.05,86443
2021-06-11 10:57:32,3560.05,86443
2021-06-11 10:57:33,3560.95,86483
2021-06-11 10:57:34,3561.0,86496
2021-06-11 10:57:35,3561.75,86598
2021-06-11 10:57:36,3561.0,86631
2021-06-11 10:57:37,3561.0,86639
2021-06-11 10:57:38,3561.0,86643
2021-06-11 10:57:38,3560.05,86644
2021-06-11 10:57:39,3560.0,86645
2021-06-11 10:57:40,3560.95,86650
2021-06-11 10:57:41,3560.95,86653
2021-06-11 10:57:43,3560.95,86657
2021-06-11 10:57:44,3560.0,86659
2021-06-11 10:57:45,3560.95,86660
2021-06-11 10:57:46,3560.95,86660
2021-06-11 10:57:47,3560.0,86671
2021-06-11 10:57:48,3559.5,86672
2021-06-11 10:57:48,3559.5,86672
2021-06-11 10:57:50,3559.2,86673
2021-06-11 10:57:52,3559.2,86674
2021-06-11 10:57:53,3559.2,86675
2021-06-11 10:57:53,3559.2,86675
2021-06-11 10:57:55,3559.2,86677
2021-06-11 10:57:57,3559.1,86682
2021-06-11 10:57:58,3559.1,86682
2021-06-11 10:57:59,3559.1,86721
2021-06-11 10:58:00,3559.1,86733
2021-06-11 10:58:01,3559.1,86736
2021-06-11 10:58:02,3559.1,86739
2021-06-11 10:58:03,3559.1,86740
2021-06-11 10:58:04,3560.0,86742
2021-06-11 10:58:05,3560.0,86794
2021-06-11 10:58:06,3559.75,86816
2021-06-11 10:58:06,3561.45,86814
2021-06-11 10:58:07,3559.7,86822
2021-06-11 10:58:08,3559.55,86826
2021-06-11 10:58:09,3559.5,86827
2021-06-11 10:58:10,3559.5,86828
2021-06-11 10:58:11,3559.5,86830
2021-06-11 10:58:12,3559.5,86830
2021-06-11 10:58:13,3559.5,86830
2021-06-11 10:58:14,3560.0,86855
2021-06-11 10:58:15,3560.0,86863
2021-06-11 10:58:16,3560.0,86865
2021-06-11 10:58:17,3560.0,86865
2021-06-11 10:58:19,3559.45,86917
2021-06-11 10:58:20,3559.9,86954
2021-06-11 10:58:21,3559.9,86966
2021-06-11 10:58:22,3559.9,86970
2021-06-11 10:58:23,3559.9,86970
2021-06-11 10:58:24,3559.9,86980
2021-06-11 10:58:25,3559.9,86983
2021-06-11 10:58:27,3560.95,86994
2021-06-11 10:58:28,3559.9,86996
2021-06-11 10:58:29,3559.9,86999
2021-06-11 10:58:30,3559.9,87002
2021-06-11 10:58:31,3559.9,87003
2021-06-11 10:58:32,3559.9,87003
2021-06-11 10:58:33,3560.0,87006
2021-06-11 10:58:34,3560.0,87009
2021-06-11 10:58:35,3560.0,87011
2021-06-11 10:58:36,3561.0,87112
2021-06-11 10:58:37,3559.9,87127
2021-06-11 10:58:38,3559.5,87130
2021-06-11 10:58:39,3559.5,87134
2021-06-11 10:58:40,3559.1,87137
2021-06-11 10:58:41,3559.0,87139
2021-06-11 10:58:42,3560.0,87161
2021-06-11 10:58:42,3559.05,87162
2021-06-11 10:58:43,3559.0,87165
2021-06-11 10:58:45,3559.0,87167
2021-06-11 10:58:46,3559.0,87168
2021-06-11 10:58:47,3559.05,87169
2021-06-11 10:58:48,3560.0,87176
2021-06-11 10:58:49,3559.0,87178
2021-06-11 10:58:50,3559.0,87178
2021-06-11 10:58:51,3560.0,87189
2021-06-11 10:58:52,3560.0,87202
2021-06-11 10:58:52,3559.0,87206
2021-06-11 10:58:53,3559.0,87208
2021-06-11 10:58:54,3559.0,87209
2021-06-11 10:58:56,3559.0,87210
2021-06-11 10:58:57,3559.0,87210
2021-06-11 10:58:58,3559.0,87212
2021-06-11 10:59:00,3560.0,87219
2021-06-11 10:59:00,3559.0,87220
2021-06-11 10:59:01,3559.0,87221
2021-06-11 10:59:03,3559.0,87221
2021-06-11 10:59:03,3559.0,87221
2021-06-11 10:59:05,3560.0,87226
2021-06-11 10:59:06,3559.05,87227
2021-06-11 10:59:07,3559.05,87229
2021-06-11 10:59:08,3560.0,87239
2021-06-11 10:59:09,3559.05,87240
2021-06-11 10:59:10,3560.45,87290
2021-06-11 10:59:11,3559.05,87292
2021-06-11 10:59:12,3559.05,87299
2021-06-11 10:59:13,3559.05,87319
2021-06-11 10:59:13,3559.15,87321
2021-06-11 10:59:15,3559.0,87323
2021-06-11 10:59:16,3560.0,87329
2021-06-11 10:59:17,3559.05,87330
2021-06-11 10:59:18,3559.0,87331
2021-06-11 10:59:20,3559.0,87331
2021-06-11 10:59:20,3560.0,87332
2021-06-11 10:59:22,3559.0,87336
2021-06-11 10:59:23,3559.0,87336
2021-06-11 10:59:24,3559.0,87337
2021-06-11 10:59:25,3558.85,87338
2021-06-11 10:59:26,3558.85,87338
2021-06-11 10:59:27,3558.85,87338
2021-06-11 10:59:27,3558.85,87338
2021-06-11 10:59:29,3558.85,87338
2021-06-11 10:59:30,3558.85,87343
2021-06-11 10:59:32,3558.2,87355
2021-06-11 10:59:33,3558.85,87363
2021-06-11 10:59:34,3558.1,87368
2021-06-11 10:59:35,3558.25,87370
2021-06-11 10:59:36,3558.25,87370
2021-06-11 10:59:38,3558.25,87370
2021-06-11 10:59:39,3558.25,87370
2021-06-11 10:59:40,3558.25,87370
2021-06-11 10:59:41,3557.4,87520
2021-06-11 10:59:42,3557.15,87636
2021-06-11 10:59:43,3557.15,87700
2021-06-11 10:59:44,3558.9,87807
2021-06-11 10:59:45,3559.0,87828
2021-06-11 10:59:46,3559.0,87829
2021-06-11 10:59:47,3559.0,87829
2021-06-11 10:59:48,3557.25,87843
2021-06-11 10:59:49,3557.4,87846
2021-06-11 10:59:50,3557.4,87847
2021-06-11 10:59:51,3557.4,87866
2021-06-11 10:59:52,3557.5,87882
2021-06-11 10:59:53,3557.5,87886
2021-06-11 10:59:54,3557.55,87887
2021-06-11 10:59:55,3557.55,87888
2021-06-11 10:59:56,3557.55,87889
2021-06-11 10:59:57,3557.55,87889
2021-06-11 10:59:58,3557.55,87889
2021-06-11 10:59:59,3557.55,87889
2021-06-11 11:00:00,3558.0,87900
2021-06-11 11:00:01,3558.0,87902
2021-06-11 11:00:02,3558.0,87904
2021-06-11 11:00:03,3558.0,87904
2021-06-11 11:00:04,3558.0,87904
2021-06-11 11:00:05,3558.0,87904
2021-06-11 11:00:06,3558.0,87904
2021-06-11 11:00:07,3558.0,87904
2021-06-11 11:00:08,3559.1,87993
2021-06-11 11:00:09,3558.0,88018
2021-06-11 11:00:10,3559.55,88035
2021-06-11 11:00:11,3558.0,88040
2021-06-11 11:00:12,3559.65,88092
2021-06-11 11:00:13,3559.7,88209
2021-06-11 11:00:14,3558.1,88248
2021-06-11 11:00:15,3558.05,88276
2021-06-11 11:00:16,3558.1,88298
2021-06-11 11:00:17,3559.65,88326
2021-06-11 11:00:18,3558.0,88335
2021-06-11 11:00:19,3558.0,88337
2021-06-11 11:00:20,3558.0,88338
2021-06-11 11:00:21,3558.0,88338
2021-06-11 11:00:22,3558.0,88342
2021-06-11 11:00:23,3558.1,88353
2021-06-11 11:00:24,3558.0,88356
2021-06-11 11:00:25,3558.0,88357
2021-06-11 11:00:26,3558.0,88358
2021-06-11 11:00:27,3558.0,88359
2021-06-11 11:00:28,3558.0,88359
2021-06-11 11:00:30,3558.0,88360
2021-06-11 11:00:29,3558.0,88359
2021-06-11 11:00:32,3558.1,88372
2021-06-11 11:00:33,3558.1,88373
2021-06-11 11:00:34,3558.1,88373
2021-06-11 11:00:35,3558.1,88373
2021-06-11 11:00:36,3558.1,88373
2021-06-11 11:00:37,3558.1,88373
2021-06-11 11:00:39,3558.1,88468
2021-06-11 11:00:40,3559.0,88507
2021-06-11 11:00:41,3558.1,88519
2021-06-11 11:00:42,3558.1,88524
2021-06-11 11:00:43,3558.1,88525
2021-06-11 11:00:44,3558.1,88527
2021-06-11 11:00:45,3558.1,88528
2021-06-11 11:00:46,3558.1,88530
2021-06-11 11:00:47,3558.1,88530
2021-06-11 11:00:48,3559.0,88533
2021-06-11 11:00:49,3558.1,88534
2021-06-11 11:00:50,3558.1,88544
2021-06-11 11:00:51,3558.15,88550
2021-06-11 11:00:52,3558.15,88553
2021-06-11 11:00:54,3558.15,88595
2021-06-11 11:00:55,3558.1,88597
2021-06-11 11:00:57,3558.15,88665
2021-06-11 11:00:58,3558.15,88671
2021-06-11 11:00:59,3559.55,88683
2021-06-11 11:01:00,3558.15,88727
2021-06-11 11:01:01,3558.15,88730
2021-06-11 11:01:02,3558.1,88736
2021-06-11 11:01:03,3558.1,88738
2021-06-11 11:01:04,3558.15,88741
2021-06-11 11:01:05,3558.1,88742
2021-06-11 11:01:06,3558.15,88748
2021-06-11 11:01:07,3558.15,88750
2021-06-11 11:01:08,3558.1,88752
2021-06-11 11:01:09,3558.1,88752
2021-06-11 11:01:10,3558.1,88759
2021-06-11 11:01:11,3558.1,88762
2021-06-11 11:01:12,3558.1,88773
2021-06-11 11:01:13,3558.1,88776
2021-06-11 11:01:14,3558.1,88778
2021-06-11 11:01:15,3558.1,88778
2021-06-11 11:01:16,3558.1,88778
2021-06-11 11:01:17,3558.1,88788
2021-06-11 11:01:18,3558.15,88841
2021-06-11 11:01:19,3558.0,88865
2021-06-11 11:01:20,3558.0,88876
2021-06-11 11:01:21,3558.15,88879
2021-06-11 11:01:22,3558.15,88880
2021-06-11 11:01:23,3558.15,88880
2021-06-11 11:01:24,3558.05,88994
2021-06-11 11:01:25,3558.05,89030
2021-06-11 11:01:26,3558.05,89037
2021-06-11 11:01:27,3559.3,89058
2021-06-11 11:01:28,3558.05,89064
2021-06-11 11:01:29,3558.05,89065
2021-06-11 11:01:30,3558.05,89077
2021-06-11 11:01:31,3558.05,89082
2021-06-11 11:01:32,3558.05,89084
2021-06-11 11:01:35,3558.05,89084
2021-06-11 11:01:36,3558.05,89084
2021-06-11 11:01:37,3558.05,89088
2021-06-11 11:01:38,3558.05,89090
2021-06-11 11:01:39,3558.05,89091
2021-06-11 11:01:40,3558.05,89102
2021-06-11 11:01:41,3559.3,89108
2021-06-11 11:01:42,3558.05,89110
2021-06-11 11:01:43,3558.05,89111
2021-06-11 11:01:44,3558.05,89111
2021-06-11 11:01:45,3558.05,89111
2021-06-11 11:01:46,3558.05,89111
2021-06-11 11:01:48,3558.05,89111
2021-06-11 11:01:49,3559.2,89113
2021-06-11 11:01:50,3558.05,89122
2021-06-11 11:01:50,3559.3,89130
2021-06-11 11:01:51,3558.05,89133
2021-06-11 11:01:53,3558.05,89133
2021-06-11 11:01:55,3558.05,89133
2021-06-11 11:01:57,3558.05,89133
2021-06-11 11:01:57,3558.05,89133
2021-06-11 11:02:00,3558.1,89163
2021-06-11 11:02:01,3558.1,89173
2021-06-11 11:02:01,3558.1,89175
2021-06-11 11:02:02,3558.1,89176
2021-06-11 11:02:04,3558.1,89177
2021-06-11 11:02:04,3558.1,89177
2021-06-11 11:02:05,3558.1,89177
2021-06-11 11:02:07,3559.6,89178
2021-06-11 11:02:07,3558.1,89179
2021-06-11 11:02:08,3559.75,89279
2021-06-11 11:02:09,3558.2,89293
2021-06-11 11:02:10,3558.15,89299
2021-06-11 11:02:11,3558.1,89300
2021-06-11 11:02:12,3558.15,89326
2021-06-11 11:02:13,3558.15,89334
2021-06-11 11:02:14,3558.15,89336
2021-06-11 11:02:15,3558.15,89342
2021-06-11 11:02:16,3558.15,89343
2021-06-11 11:02:17,3558.15,89344
2021-06-11 11:02:19,3558.15,89344
2021-06-11 11:02:20,3558.15,89344
2021-06-11 11:02:20,3558.15,89344
2021-06-11 11:02:21,3558.15,89344
2021-06-11 11:02:23,3559.75,89348
2021-06-11 11:02:23,3558.15,89350
2021-06-11 11:02:24,3559.75,89360
2021-06-11 11:02:25,3558.15,89368
2021-06-11 11:02:26,3558.15,89371
2021-06-11 11:02:27,3558.15,89371
2021-06-11 11:02:28,3558.15,89371
2021-06-11 11:02:29,3558.15,89371
2021-06-11 11:02:31,3558.1,89373
2021-06-11 11:02:32,3558.1,89379
2021-06-11 11:02:33,3558.05,89406
2021-06-11 11:02:34,3558.05,89425
2021-06-11 11:02:35,3558.05,89431
2021-06-11 11:02:36,3558.05,89433
2021-06-11 11:02:37,3558.05,89433
2021-06-11 11:02:38,3558.05,89433
2021-06-11 11:02:39,3558.05,89433
2021-06-11 11:02:40,3558.05,89437
2021-06-11 11:02:42,3558.05,89439
2021-06-11 11:02:43,3559.3,89440
2021-06-11 11:02:45,3559.3,89440
2021-06-11 11:02:46,3558.05,89442
2021-06-11 11:02:46,3558.05,89441
2021-06-11 11:02:47,3559.3,89443
2021-06-11 11:02:48,3559.3,89443
2021-06-11 11:02:50,3558.05,89455
2021-06-11 11:02:50,3558.05,89459
2021-06-11 11:02:51,3558.05,89460
2021-06-11 11:02:53,3559.4,89501
2021-06-11 11:02:53,3559.4,89492
2021-06-11 11:02:54,3559.4,89509
2021-06-11 11:02:55,3559.4,89515
2021-06-11 11:02:56,3559.4,89518
2021-06-11 11:02:57,3558.05,89520
2021-06-11 11:02:58,3559.4,89522
2021-06-11 11:02:59,3559.4,89545
2021-06-11 11:03:00,3558.05,89552
2021-06-11 11:03:01,3559.4,89564
2021-06-11 11:03:02,3558.05,89567
2021-06-11 11:03:03,3558.05,89569
2021-06-11 11:03:05,3558.05,89569
2021-06-11 11:03:05,3558.05,89569
2021-06-11 11:03:06,3558.05,89569
2021-06-11 11:03:08,3558.05,89618
2021-06-11 11:03:08,3559.4,89640
2021-06-11 11:03:09,3558.1,89655
2021-06-11 11:03:10,3558.1,89669
2021-06-11 11:03:11,3558.1,89674
2021-06-11 11:03:12,3558.1,89675
2021-06-11 11:03:13,3558.1,89675
2021-06-11 11:03:14,3558.1,89675
2021-06-11 11:03:15,3558.1,89675
2021-06-11 11:03:16,3558.1,89676
2021-06-11 11:03:17,3558.1,89677
2021-06-11 11:03:18,3558.1,89677
2021-06-11 11:03:19,3558.1,89677
2021-06-11 11:03:20,3559.4,89730
2021-06-11 11:03:21,3558.1,89741
2021-06-11 11:03:22,3558.1,89748
2021-06-11 11:03:24,3558.05,89949
2021-06-11 11:03:24,3558.05,89992
2021-06-11 11:03:25,3558.05,90021
2021-06-11 11:03:26,3558.05,90039
2021-06-11 11:03:27,3558.0,90052
2021-06-11 11:03:28,3558.0,90059
2021-06-11 11:03:29,3558.0,90063
2021-06-11 11:03:30,3558.0,90082
2021-06-11 11:03:31,3558.0,90087
2021-06-11 11:03:32,3558.0,90089
2021-06-11 11:03:33,3558.15,90093
2021-06-11 11:03:34,3558.0,90094
2021-06-11 11:03:35,3558.0,90094
2021-06-11 11:03:36,3558.15,90170
2021-06-11 11:03:37,3558.0,90185
2021-06-11 11:03:39,3558.0,90201
2021-06-11 11:03:40,3558.0,90212
2021-06-11 11:03:41,3558.0,90215
2021-06-11 11:03:42,3558.0,90216
2021-06-11 11:03:43,3558.0,90217
2021-06-11 11:03:44,3558.05,90218
2021-06-11 11:03:45,3558.05,90218
2021-06-11 11:03:46,3558.05,90218
2021-06-11 11:03:48,3558.05,90218
2021-06-11 11:03:49,3558.05,90218
2021-06-11 11:03:50,3558.15,90229
2021-06-11 11:03:50,3558.2,90232
2021-06-11 11:03:51,3559.4,90234
2021-06-11 11:03:52,3559.4,90235
2021-06-11 11:03:53,3559.4,90235
2021-06-11 11:03:54,3559.4,90235
2021-06-11 11:03:56,3559.4,90236
2021-06-11 11:03:57,3558.9,90238
2021-06-11 11:03:59,3558.9,90238
2021-06-11 11:04:00,3558.9,90241
2021-06-11 11:04:01,3558.2,90242
2021-06-11 11:04:02,3558.15,90254
2021-06-11 11:04:03,3558.9,90258
2021-06-11 11:04:03,3558.1,90260
2021-06-11 11:04:04,3558.9,90265
2021-06-11 11:04:05,3558.9,90284
2021-06-11 11:04:06,3558.9,90291
2021-06-11 11:04:07,3558.9,90293
2021-06-11 11:04:09,3559.4,90295
2021-06-11 11:04:10,3559.4,90295
2021-06-11 11:04:10,3559.4,90295
2021-06-11 11:04:11,3559.4,90295
2021-06-11 11:04:12,3559.4,90295
2021-06-11 11:04:13,3559.4,90295
2021-06-11 11:04:14,3559.4,90295
2021-06-11 11:04:15,3559.4,90295
2021-06-11 11:04:17,3560.05,90501
2021-06-11 11:04:18,3560.05,90563
2021-06-11 11:04:19,3559.65,90564
2021-06-11 11:04:19,3558.9,90566
2021-06-11 11:04:21,3559.65,90574
2021-06-11 11:04:21,3558.9,90576
2021-06-11 11:04:22,3558.9,90577
2021-06-11 11:04:23,3558.9,90587
2021-06-11 11:04:24,3558.9,90592
2021-06-11 11:04:25,3559.65,90602
2021-06-11 11:04:26,3559.45,90605
2021-06-11 11:04:27,3559.4,90755
2021-06-11 11:04:28,3559.45,90785
2021-06-11 11:04:29,3559.4,90808
2021-06-11 11:04:30,3559.45,90817
2021-06-11 11:04:31,3559.45,90821
2021-06-11 11:04:32,3559.45,90828
2021-06-11 11:04:33,3559.45,90830
2021-06-11 11:04:34,3559.4,90831
2021-06-11 11:04:35,3559.65,90832
2021-06-11 11:04:36,3559.65,90832
2021-06-11 11:04:37,3559.65,90832
2021-06-11 11:04:38,3559.65,90832
2021-06-11 11:04:39,3561.0,90855
2021-06-11 11:04:40,3560.45,90866
2021-06-11 11:04:41,3560.45,90869
2021-06-11 11:04:42,3560.45,90869
2021-06-11 11:04:43,3560.45,90869
2021-06-11 11:04:45,3560.45,90869
2021-06-11 11:04:46,3560.45,90869
2021-06-11 11:04:47,3560.45,90869
2021-06-11 11:04:48,3560.45,90869
2021-06-11 11:04:49,3560.45,90869
2021-06-11 11:04:49,3560.45,90869
2021-06-11 11:04:50,3561.05,90881
2021-06-11 11:04:51,3561.05,90885
2021-06-11 11:04:52,3561.9,90906
2021-06-11 11:04:53,3561.05,90913
2021-06-11 11:04:54,3561.9,90915
2021-06-11 11:04:55,3561.05,90916
2021-06-11 11:04:56,3561.05,90916
2021-06-11 11:04:57,3561.9,91007
2021-06-11 11:04:58,3561.9,91026
2021-06-11 11:04:59,3561.25,91041
2021-06-11 11:05:00,3562.0,91071
2021-06-11 11:05:01,3561.15,91080
2021-06-11 11:05:02,3561.15,91083
2021-06-11 11:05:03,3562.6,91220
2021-06-11 11:05:04,3560.35,91263
2021-06-11 11:05:05,3560.35,91275
2021-06-11 11:05:06,3560.35,91278
2021-06-11 11:05:07,3560.45,91279
2021-06-11 11:05:08,3560.45,91283
2021-06-11 11:05:09,3560.45,91284
2021-06-11 11:05:10,3562.25,91285
2021-06-11 11:05:11,3560.45,91286
2021-06-11 11:05:12,3560.5,91287
2021-06-11 11:05:13,3560.5,91287
2021-06-11 11:05:14,3560.5,91287
2021-06-11 11:05:15,3560.5,91287
2021-06-11 11:05:16,3560.5,91287
2021-06-11 11:05:18,3560.5,91287
2021-06-11 11:05:19,3562.5,91317
2021-06-11 11:05:20,3560.95,91323
2021-06-11 11:05:21,3560.65,91327
2021-06-11 11:05:21,3560.7,91339
2021-06-11 11:05:22,3560.95,91346
2021-06-11 11:05:23,3560.95,91357
2021-06-11 11:05:24,3561.05,91360
2021-06-11 11:05:25,3561.05,91361
2021-06-11 11:05:26,3561.05,91361
2021-06-11 11:05:27,3561.05,91361
2021-06-11 11:05:28,3561.05,91361
2021-06-11 11:05:29,3561.05,91361
2021-06-11 11:05:30,3561.05,91361
2021-06-11 11:05:31,3562.5,91363
2021-06-11 11:05:32,3562.5,91363
2021-06-11 11:05:33,3562.5,91363
2021-06-11 11:05:34,3562.5,91363
2021-06-11 11:05:35,3562.5,91364
2021-06-11 11:05:37,3562.5,91364
2021-06-11 11:05:38,3562.5,91364
2021-06-11 11:05:39,3562.5,91364
2021-06-11 11:05:40,3562.25,91372
2021-06-11 11:05:41,3562.15,91376
2021-06-11 11:05:42,3562.15,91389
2021-06-11 11:05:42,3562.15,91392
2021-06-11 11:05:44,3562.15,91393
2021-06-11 11:05:44,3562.15,91393
2021-06-11 11:05:46,3562.15,91419
2021-06-11 11:05:47,3562.15,91421
2021-06-11 11:05:48,3562.15,91422
2021-06-11 11:05:49,3562.15,91422
2021-06-11 11:05:50,3562.15,91422
2021-06-11 11:05:51,3563.55,91427
2021-06-11 11:05:52,3562.15,91429
2021-06-11 11:05:53,3562.15,91429
2021-06-11 11:05:54,3562.15,91429
2021-06-11 11:05:55,3562.7,91441
2021-06-11 11:05:56,3562.15,91444
2021-06-11 11:05:58,3562.15,91449
2021-06-11 11:05:59,3562.15,91451
2021-06-11 11:06:00,3562.15,91463
2021-06-11 11:06:01,3562.15,91466
2021-06-11 11:06:02,3562.15,91473
2021-06-11 11:06:03,3562.15,91474
2021-06-11 11:06:05,3563.65,91589
2021-06-11 11:06:06,3562.15,91625
2021-06-11 11:06:07,3563.0,91636
2021-06-11 11:06:08,3563.85,91653
2021-06-11 11:06:09,3563.0,91657
2021-06-11 11:06:10,3563.0,91659
2021-06-11 11:06:11,3563.0,91659
2021-06-11 11:06:12,3563.0,91659
2021-06-11 11:06:12,3563.0,91659
2021-06-11 11:06:13,3563.0,91659
2021-06-11 11:06:14,3563.0,91659
2021-06-11 11:06:15,3563.0,91659
2021-06-11 11:06:16,3563.0,91659
2021-06-11 11:06:17,3563.0,91659
2021-06-11 11:06:18,3564.15,91689
2021-06-11 11:06:20,3563.0,91706
2021-06-11 11:06:21,3563.0,91708
2021-06-11 11:06:22,3564.25,91723
2021-06-11 11:06:23,3563.0,91727
2021-06-11 11:06:24,3563.0,91729
2021-06-11 11:06:25,3564.25,91735
2021-06-11 11:06:26,3563.0,91737
2021-06-11 11:06:28,3563.0,91739
2021-06-11 11:06:29,3563.0,91739
2021-06-11 11:06:30,3563.0,91748
2021-06-11 11:06:31,3563.0,91751
2021-06-11 11:06:32,3563.0,91752
2021-06-11 11:06:33,3563.0,91752
2021-06-11 11:06:34,3563.0,91752
2021-06-11 11:06:35,3563.0,91752
2021-06-11 11:06:37,3563.0,91752
2021-06-11 11:06:39,3563.0,91752
2021-06-11 11:06:42,3563.0,91764
2021-06-11 11:06:44,3564.35,91768
2021-06-11 11:06:46,3564.35,91776
2021-06-11 11:06:48,3563.0,91778
2021-06-11 11:06:51,3563.0,91821
2021-06-11 11:06:53,3563.0,91833
2021-06-11 11:06:56,3564.35,91887
2021-06-11 11:06:59,3563.0,91904
2021-06-11 11:07:01,3563.0,91909
2021-06-11 11:07:03,3564.35,91921
2021-06-11 11:07:06,3563.0,91925
2021-06-11 11:07:08,3564.35,91933
2021-06-11 11:07:10,3563.0,91939
