timestamp,ltp,volume
2021-06-11 09:15:32,5312.0,6082
2021-06-11 09:15:35,5310.65,6621
2021-06-11 09:15:36,5310.15,6689
2021-06-11 09:15:37,5314.45,6712
2021-06-11 09:15:38,5314.45,6712
2021-06-11 09:15:39,5311.1,6719
2021-06-11 09:15:40,5311.55,6725
2021-06-11 09:15:41,5314.35,6831
2021-06-11 09:15:43,5312.7,6845
2021-06-11 09:15:44,5310.0,6965
2021-06-11 09:15:45,5308.0,6996
2021-06-11 09:15:46,5305.0,7163
2021-06-11 09:15:47,5305.0,7286
2021-06-11 09:15:48,5307.25,7308
2021-06-11 09:15:49,5304.2,7312
2021-06-11 09:15:50,5304.3,7324
2021-06-11 09:15:51,5307.7,7415
2021-06-11 09:15:52,5306.55,7487
2021-06-11 09:15:53,5308.6,7500
2021-06-11 09:15:54,5308.6,7512
2021-06-11 09:15:55,5306.45,7553
2021-06-11 09:15:55,5306.45,7556
2021-06-11 09:15:56,5306.45,7576
2021-06-11 09:15:57,5310.0,7825
2021-06-11 09:15:58,5310.0,7825
2021-06-11 09:15:59,5310.0,7902
2021-06-11 09:16:00,5310.0,7902
2021-06-11 09:16:01,5309.1,8390
2021-06-11 09:16:02,5309.1,8448
2021-06-11 09:16:03,5309.4,8452
2021-06-11 09:16:04,5309.4,8455
2021-06-11 09:16:05,5311.05,8528
2021-06-11 09:16:06,5309.4,8531
2021-06-11 09:16:07,5311.05,8580
2021-06-11 09:16:08,5311.05,8725
2021-06-11 09:16:09,5311.0,8729
2021-06-11 09:16:10,5310.85,8835
2021-06-11 09:16:11,5311.05,9102
2021-06-11 09:16:12,5312.0,9117
2021-06-11 09:16:13,5313.25,9143
2021-06-11 09:16:15,5313.7,9229
2021-06-11 09:16:14,5313.9,9191
2021-06-11 09:16:16,5311.75,9327
2021-06-11 09:16:17,5311.8,9328
2021-06-11 09:16:18,5314.35,9492
2021-06-11 09:16:19,5314.05,9531
2021-06-11 09:16:20,5311.7,9536
2021-06-11 09:16:21,5311.7,9536
2021-06-11 09:16:22,5310.2,10086
2021-06-11 09:16:23,5313.0,10106
2021-06-11 09:16:24,5310.0,10189
2021-06-11 09:16:25,5312.75,10253
2021-06-11 09:16:26,5311.7,10257
2021-06-11 09:16:27,5310.0,10322
2021-06-11 09:16:29,5313.0,10390
2021-06-11 09:16:30,5310.0,10396
2021-06-11 09:16:30,5309.4,10406
2021-06-11 09:16:31,5312.35,10427
2021-06-11 09:16:32,5309.0,10480
2021-06-11 09:16:33,5310.0,10572
2021-06-11 09:16:34,5310.0,10572
2021-06-11 09:16:35,5309.1,10612
2021-06-11 09:16:36,5309.1,10634
2021-06-11 09:16:37,5310.0,10696
2021-06-11 09:16:38,5309.1,10730
2021-06-11 09:16:39,5309.1,10734
2021-06-11 09:16:40,5309.0,10785
2021-06-11 09:16:41,5308.95,11025
2021-06-11 09:16:42,5308.05,11162
2021-06-11 09:16:43,5307.0,11401
2021-06-11 09:16:44,5305.3,11529
2021-06-11 09:16:45,5305.3,11529
2021-06-11 09:16:46,5305.55,11837
2021-06-11 09:16:47,5308.35,11876
2021-06-11 09:16:48,5308.35,11876
2021-06-11 09:16:49,5308.45,11926
2021-06-11 09:16:50,5308.55,11969
2021-06-11 09:16:52,5305.05,12037
2021-06-11 09:16:52,5308.45,12097
2021-06-11 09:16:53,5305.3,12113
2021-06-11 09:16:54,5305.3,12113
2021-06-11 09:16:56,5306.05,12119
2021-06-11 09:16:56,5306.05,12119
2021-06-11 09:16:57,5305.5,12120
2021-06-11 09:16:59,5305.3,12292
2021-06-11 09:16:59,5305.3,12324
2021-06-11 09:17:00,5307.7,12354
2021-06-11 09:17:01,5308.0,12363
2021-06-11 09:17:02,5306.75,12368
2021-06-11 09:17:03,5308.45,12371
2021-06-11 09:17:04,5307.05,12382
2021-06-11 09:17:05,5309.6,12399
2021-06-11 09:17:06,5307.0,12424
2021-06-11 09:17:07,5308.0,12429
2021-06-11 09:17:08,5309.6,12485
2021-06-11 09:17:09,5307.7,12588
2021-06-11 09:17:10,5307.7,12588
2021-06-11 09:17:11,5307.1,12591
2021-06-11 09:17:12,5307.1,12641
2021-06-11 09:17:13,5309.4,12653
2021-06-11 09:17:14,5309.4,12653
2021-06-11 09:17:15,5306.65,12688
2021-06-11 09:17:16,5308.95,12764
2021-06-11 09:17:17,5306.8,12768
2021-06-11 09:17:18,5306.8,12769
2021-06-11 09:17:19,5306.8,12769
2021-06-11 09:17:20,5306.75,12773
2021-06-11 09:17:21,5308.95,12799
2021-06-11 09:17:22,5310.0,12910
2021-06-11 09:17:23,5309.2,12916
2021-06-11 09:17:24,5309.2,12921
2021-06-11 09:17:25,5309.2,13025
2021-06-11 09:17:26,5309.2,13025
2021-06-11 09:17:27,5310.05,13033
2021-06-11 09:17:28,5310.05,13033
2021-06-11 09:17:29,5310.05,13033
2021-06-11 09:17:31,5309.85,13058
2021-06-11 09:17:32,5309.85,13058
2021-06-11 09:17:33,5310.05,14063
2021-06-11 09:17:34,5309.95,14290
2021-06-11 09:17:35,5309.95,14312
2021-06-11 09:17:36,5310.0,14359
2021-06-11 09:17:37,5310.2,14367
2021-06-11 09:17:37,5310.0,14406
2021-06-11 09:17:38,5310.0,14466
2021-06-11 09:17:39,5308.0,14665
2021-06-11 09:17:40,5308.85,14676
2021-06-11 09:17:41,5308.85,14686
2021-06-11 09:17:42,5309.75,14708
2021-06-11 09:17:43,5308.0,14712
2021-06-11 09:17:44,5308.0,14712
2021-06-11 09:17:45,5309.75,14753
2021-06-11 09:17:46,5309.7,14777
2021-06-11 09:17:47,5309.7,14777
2021-06-11 09:17:48,5308.1,14787
2021-06-11 09:17:49,5308.1,14787
2021-06-11 09:17:50,5308.0,14788
2021-06-11 09:17:51,5308.0,14788
2021-06-11 09:17:52,5308.0,14788
2021-06-11 09:17:53,5308.0,14788
2021-06-11 09:17:54,5308.05,14802
2021-06-11 09:17:55,5308.05,14802
2021-06-11 09:17:56,5308.05,14802
2021-06-11 09:17:57,5309.0,14835
2021-06-11 09:17:58,5307.2,14985
2021-06-11 09:17:59,5307.0,15147
2021-06-11 09:18:00,5308.85,15155
2021-06-11 09:18:01,5309.65,15193
2021-06-11 09:18:02,5308.0,15194
2021-06-11 09:18:03,5308.0,15194
2021-06-11 09:18:04,5308.85,15195
2021-06-11 09:18:05,5308.85,15217
2021-06-11 09:18:06,5309.95,15246
2021-06-11 09:18:07,5308.0,15249
2021-06-11 09:18:08,5308.0,15255
2021-06-11 09:18:09,5308.2,15269
2021-06-11 09:18:11,5309.95,15293
2021-06-11 09:18:11,5309.95,15293
2021-06-11 09:18:13,5309.95,15298
2021-06-11 09:18:14,5310.0,15324
2021-06-11 09:18:15,5310.0,15324
2021-06-11 09:18:16,5310.0,15365
2021-06-11 09:18:17,5310.0,15365
2021-06-11 09:18:19,5308.1,15366
2021-06-11 09:18:20,5308.1,15366
2021-06-11 09:18:21,5307.9,15499
2021-06-11 09:18:22,5308.3,15526
2021-06-11 09:18:23,5309.75,15536
2021-06-11 09:18:25,5309.75,15536
2021-06-11 09:18:26,5309.75,15536
2021-06-11 09:18:27,5308.05,15545
2021-06-11 09:18:28,5309.75,15555
2021-06-11 09:18:29,5310.0,15655
2021-06-11 09:18:30,5308.1,15667
2021-06-11 09:18:31,5309.95,15677
2021-06-11 09:18:32,5309.95,15677
2021-06-11 09:18:33,5309.95,15677
2021-06-11 09:18:34,5309.95,15683
2021-06-11 09:18:35,5307.45,16002
2021-06-11 09:18:36,5305.3,16006
2021-06-11 09:18:37,5307.05,16007
2021-06-11 09:18:38,5307.05,16012
2021-06-11 09:18:39,5307.05,16031
2021-06-11 09:18:40,5307.05,16031
2021-06-11 09:18:41,5307.0,16051
2021-06-11 09:18:42,5305.3,16058
2021-06-11 09:18:43,5305.3,16058
2021-06-11 09:18:44,5307.5,16161
2021-06-11 09:18:45,5308.8,16230
2021-06-11 09:18:46,5306.0,16281
2021-06-11 09:18:48,5306.25,16282
2021-06-11 09:18:49,5306.2,16286
2021-06-11 09:18:50,5307.5,16289
2021-06-11 09:18:51,5307.5,16315
2021-06-11 09:18:52,5306.45,16316
2021-06-11 09:18:53,5307.5,16366
2021-06-11 09:18:54,5307.5,16368
2021-06-11 09:18:55,5307.5,16368
2021-06-11 09:18:56,5307.05,16375
2021-06-11 09:18:56,5307.05,16375
2021-06-11 09:18:57,5307.05,16375
2021-06-11 09:18:58,5306.05,16481
2021-06-11 09:18:59,5307.95,16551
2021-06-11 09:19:00,5308.35,16651
2021-06-11 09:19:02,5306.2,16656
2021-06-11 09:19:03,5306.2,16656
2021-06-11 09:19:04,5306.4,16696
2021-06-11 09:19:05,5306.15,16717
2021-06-11 09:19:06,5306.15,16717
2021-06-11 09:19:07,5308.5,16729
2021-06-11 09:19:08,5308.5,16729
2021-06-11 09:19:08,5308.5,16729
2021-06-11 09:19:09,5308.5,16729
2021-06-11 09:19:10,5309.45,16881
2021-06-11 09:19:11,5309.45,16881
2021-06-11 09:19:12,5305.95,16891
2021-06-11 09:19:13,5308.95,16991
2021-06-11 09:19:14,5306.65,17009
2021-06-11 09:19:15,5306.65,17009
2021-06-11 09:19:16,5307.2,17078
2021-06-11 09:19:17,5308.5,17103
2021-06-11 09:19:18,5308.5,17103
2021-06-11 09:19:19,5306.95,17105
2021-06-11 09:19:20,5308.5,17181
2021-06-11 09:19:22,5309.5,17191
2021-06-11 09:19:23,5309.0,17268
2021-06-11 09:19:24,5309.0,17268
2021-06-11 09:19:25,5309.0,17268
2021-06-11 09:19:26,5307.75,17307
2021-06-11 09:19:28,5310.0,18399
2021-06-11 09:19:30,5308.65,18409
2021-06-11 09:19:32,5308.6,18428
2021-06-11 09:19:33,5311.0,19122
2021-06-11 09:19:34,5309.75,19143
2021-06-11 09:19:35,5309.2,19166
2021-06-11 09:19:36,5309.2,19166
2021-06-11 09:19:37,5309.15,19234
2021-06-11 09:19:38,5311.95,19274
2021-06-11 09:19:39,5311.05,19294
2021-06-11 09:19:40,5311.05,19294
2021-06-11 09:19:41,5309.15,19295
2021-06-11 09:19:42,5310.0,19300
2021-06-11 09:19:43,5308.7,19319
2021-06-11 09:19:44,5308.7,19319
2021-06-11 09:19:45,5310.0,19362
2021-06-11 09:19:46,5308.65,19363
2021-06-11 09:19:47,5308.65,19385
2021-06-11 09:19:48,5310.15,19428
2021-06-11 09:19:49,5309.5,19430
2021-06-11 09:19:50,5308.65,19654
2021-06-11 09:19:51,5306.45,19664
2021-06-11 09:19:53,5306.4,19866
2021-06-11 09:19:57,5306.0,20082
2021-06-11 09:19:58,5305.0,20132
2021-06-11 09:19:59,5305.0,20133
2021-06-11 09:19:59,5305.0,20133
2021-06-11 09:20:00,5306.5,20134
2021-06-11 09:20:02,5306.5,20134
2021-06-11 09:20:02,5306.5,20134
2021-06-11 09:20:03,5305.65,20139
2021-06-11 09:20:04,5306.5,20153
2021-06-11 09:20:05,5306.5,20157
2021-06-11 09:20:08,5306.5,20171
2021-06-11 09:20:09,5306.5,20171
2021-06-11 09:20:10,5305.55,20244
2021-06-11 09:20:11,5306.5,20245
2021-06-11 09:20:12,5305.55,20273
2021-06-11 09:20:13,5305.55,20276
2021-06-11 09:20:14,5305.55,20276
2021-06-11 09:20:15,5305.55,20276
2021-06-11 09:20:15,5306.5,20317
2021-06-11 09:20:16,5306.5,20340
2021-06-11 09:20:17,5306.5,20340
2021-06-11 09:20:18,5306.5,20340
2021-06-11 09:20:19,5306.5,20340
2021-06-11 09:20:20,5306.45,20350
2021-06-11 09:20:21,5306.45,20350
2021-06-11 09:20:22,5306.0,20380
2021-06-11 09:20:24,5307.0,20491
2021-06-11 09:20:25,5307.0,20491
2021-06-11 09:20:26,5307.85,20496
2021-06-11 09:20:27,5306.0,20498
2021-06-11 09:20:28,5306.0,20498
2021-06-11 09:20:30,5306.1,20509
2021-06-11 09:20:31,5306.0,20515
2021-06-11 09:20:32,5307.8,20517
2021-06-11 09:20:33,5308.65,20567
2021-06-11 09:20:34,5308.65,20567
2021-06-11 09:20:35,5308.65,20567
2021-06-11 09:20:36,5308.65,20567
2021-06-11 09:20:36,5308.65,20567
2021-06-11 09:20:37,5306.25,20604
2021-06-11 09:20:39,5306.25,20604
2021-06-11 09:20:40,5306.15,20627
2021-06-11 09:20:40,5306.15,20627
2021-06-11 09:20:42,5306.2,20635
2021-06-11 09:20:43,5306.15,20642
2021-06-11 09:20:44,5306.15,20642
2021-06-11 09:20:45,5306.25,20665
2021-06-11 09:20:46,5306.5,20726
2021-06-11 09:20:47,5308.65,20826
2021-06-11 09:20:48,5308.65,20826
2021-06-11 09:20:49,5306.65,20834
2021-06-11 09:20:50,5306.65,20834
2021-06-11 09:20:51,5308.0,20846
2021-06-11 09:20:52,5308.0,20846
2021-06-11 09:20:53,5308.0,20848
2021-06-11 09:20:53,5308.0,20848
2021-06-11 09:20:55,5308.0,20848
2021-06-11 09:20:56,5306.4,20858
2021-06-11 09:20:56,5308.0,20859
2021-06-11 09:20:57,5308.0,20859
2021-06-11 09:20:59,5308.0,20891
2021-06-11 09:21:00,5308.0,20891
2021-06-11 09:21:00,5308.0,20891
2021-06-11 09:21:02,5306.65,20941
2021-06-11 09:21:03,5307.25,21042
2021-06-11 09:21:04,5308.05,21052
2021-06-11 09:21:05,5308.6,21088
2021-06-11 09:21:06,5308.6,21088
2021-06-11 09:21:07,5308.6,21119
2021-06-11 09:21:08,5308.65,21127
2021-06-11 09:21:09,5307.25,21143
2021-06-11 09:21:10,5307.2,21145
2021-06-11 09:21:11,5307.15,21179
2021-06-11 09:21:12,5308.0,21193
2021-06-11 09:21:13,5308.0,21193
2021-06-11 09:21:14,5306.75,21254
2021-06-11 09:21:15,5306.75,21254
2021-06-11 09:21:16,5309.85,21295
2021-06-11 09:21:17,5308.0,21320
2021-06-11 09:21:17,5308.75,21370
2021-06-11 09:21:18,5308.75,21370
2021-06-11 09:21:19,5306.8,21422
2021-06-11 09:21:21,5306.8,21422
2021-06-11 09:21:22,5306.8,21422
2021-06-11 09:21:23,5307.9,21432
2021-06-11 09:21:23,5307.9,21432
2021-06-11 09:21:24,5307.9,21432
2021-06-11 09:21:26,5307.9,21466
2021-06-11 09:21:26,5309.0,21471
2021-06-11 09:21:27,5309.0,21472
2021-06-11 09:21:28,5307.9,21477
2021-06-11 09:21:29,5307.9,21487
2021-06-11 09:21:31,5307.9,21489
2021-06-11 09:21:32,5309.9,21589
2021-06-11 09:21:32,5307.9,21689
2021-06-11 09:21:34,5307.9,21704
2021-06-11 09:21:35,5307.8,21835
2021-06-11 09:21:36,5307.8,21836
2021-06-11 09:21:37,5309.45,21841
2021-06-11 09:21:38,5309.6,21856
2021-06-11 09:21:39,5307.55,21859
2021-06-11 09:21:39,5307.55,21859
2021-06-11 09:21:40,5307.0,21864
2021-06-11 09:21:42,5309.25,21865
2021-06-11 09:21:42,5309.25,21875
2021-06-11 09:21:44,5307.5,21880
2021-06-11 09:21:45,5307.5,21880
2021-06-11 09:21:46,5311.0,22282
2021-06-11 09:21:47,5311.0,22292
2021-06-11 09:21:48,5311.0,22292
2021-06-11 09:21:49,5311.0,22292
2021-06-11 09:21:50,5310.15,22295
2021-06-11 09:21:51,5310.15,22298
2021-06-11 09:21:52,5310.0,22320
2021-06-11 09:21:54,5310.9,22379
2021-06-11 09:21:53,5308.65,22373
2021-06-11 09:21:55,5310.9,22379
2021-06-11 09:21:56,5308.4,22383
2021-06-11 09:21:57,5310.7,22416
2021-06-11 09:21:58,5310.7,22416
2021-06-11 09:21:59,5307.85,22418
2021-06-11 09:22:00,5310.0,22494
2021-06-11 09:22:01,5308.2,22550
2021-06-11 09:22:02,5308.1,22600
2021-06-11 09:22:03,5310.35,22645
2021-06-11 09:22:04,5310.35,22659
2021-06-11 09:22:05,5310.35,22659
2021-06-11 09:22:07,5308.2,22667
2021-06-11 09:22:08,5309.4,22812
2021-06-11 09:22:09,5309.4,22812
2021-06-11 09:22:10,5309.7,22813
2021-06-11 09:22:11,5309.65,22816
2021-06-11 09:22:12,5307.7,22820
2021-06-11 09:22:13,5307.7,22820
2021-06-11 09:22:14,5307.7,22820
2021-06-11 09:22:15,5307.7,22820
2021-06-11 09:22:16,5309.5,22865
2021-06-11 09:22:17,5309.65,22885
2021-06-11 09:22:18,5309.65,22885
2021-06-11 09:22:19,5309.95,22895
2021-06-11 09:22:20,5309.95,22895
2021-06-11 09:22:21,5308.15,22904
2021-06-11 09:22:22,5308.0,22952
2021-06-11 09:22:23,5309.65,22962
2021-06-11 09:22:24,5307.55,23062
2021-06-11 09:22:25,5309.25,23072
2021-06-11 09:22:26,5309.25,23072
2021-06-11 09:22:27,5309.25,23072
2021-06-11 09:22:28,5305.0,23419
2021-06-11 09:22:29,5305.0,23419
2021-06-11 09:22:30,5306.5,23514
2021-06-11 09:22:31,5306.5,23514
2021-06-11 09:22:32,5308.5,23636
2021-06-11 09:22:32,5308.5,23636
2021-06-11 09:22:34,5308.0,23638
2021-06-11 09:22:35,5308.0,23638
2021-06-11 09:22:36,5306.0,23658
2021-06-11 09:22:37,5306.0,23664
2021-06-11 09:22:38,5306.0,23664
2021-06-11 09:22:39,5306.05,23668
2021-06-11 09:22:40,5309.25,23768
2021-06-11 09:22:41,5309.2,23773
2021-06-11 09:22:41,5309.2,23773
2021-06-11 09:22:43,5308.9,23775
2021-06-11 09:22:44,5308.9,23775
2021-06-11 09:22:45,5308.2,23819
2021-06-11 09:22:46,5308.2,23819
2021-06-11 09:22:47,5305.95,23914
2021-06-11 09:22:47,5308.0,23924
2021-06-11 09:22:49,5308.0,23941
2021-06-11 09:22:50,5308.0,23941
2021-06-11 09:22:51,5308.0,23945
2021-06-11 09:22:52,5306.05,23949
2021-06-11 09:22:53,5306.05,23955
2021-06-11 09:22:54,5308.55,24005
2021-06-11 09:22:55,5308.55,24005
2021-06-11 09:22:56,5306.1,24025
2021-06-11 09:22:57,5306.1,24025
2021-06-11 09:22:58,5306.1,24025
2021-06-11 09:22:58,5306.05,24028
2021-06-11 09:23:00,5306.05,24028
2021-06-11 09:23:01,5306.05,24028
2021-06-11 09:23:02,5301.0,24764
2021-06-11 09:23:03,5301.0,24764
2021-06-11 09:23:04,5302.05,24849
2021-06-11 09:23:05,5301.0,24850
2021-06-11 09:23:06,5301.0,24867
2021-06-11 09:23:07,5301.0,24873
2021-06-11 09:23:08,5301.0,24881
2021-06-11 09:23:09,5301.9,24924
2021-06-11 09:23:10,5301.9,24944
2021-06-11 09:23:11,5302.0,24999
2021-06-11 09:23:12,5302.0,25000
2021-06-11 09:23:13,5302.0,25014
2021-06-11 09:23:14,5302.0,25030
2021-06-11 09:23:15,5302.0,25039
2021-06-11 09:23:16,5301.15,25082
2021-06-11 09:23:17,5301.15,25082
2021-06-11 09:23:18,5301.0,25083
2021-06-11 09:23:21,5301.0,25094
2021-06-11 09:23:22,5302.3,25144
2021-06-11 09:23:24,5302.3,25146
2021-06-11 09:23:25,5302.3,25146
2021-06-11 09:23:26,5302.3,25146
2021-06-11 09:23:28,5302.3,25146
2021-06-11 09:23:31,5302.0,25149
2021-06-11 09:23:32,5302.3,25150
2021-06-11 09:23:33,5302.3,25150
2021-06-11 09:23:34,5303.0,25650
2021-06-11 09:23:35,5303.0,25650
2021-06-11 09:23:36,5303.0,25650
2021-06-11 09:23:37,5301.0,25776
2021-06-11 09:23:38,5301.0,25786
2021-06-11 09:23:39,5301.0,25786
2021-06-11 09:23:40,5301.0,25786
2021-06-11 09:23:41,5301.0,25786
2021-06-11 09:23:42,5301.0,25786
2021-06-11 09:23:43,5301.0,25786
2021-06-11 09:23:44,5302.3,25787
2021-06-11 09:23:45,5302.3,25787
2021-06-11 09:23:47,5302.2,25840
2021-06-11 09:23:48,5302.2,25865
2021-06-11 09:23:49,5301.0,25975
2021-06-11 09:23:50,5301.0,25975
2021-06-11 09:23:51,5302.2,25976
2021-06-11 09:23:52,5302.2,25980
2021-06-11 09:23:53,5302.2,25980
2021-06-11 09:23:54,5301.0,26005
2021-06-11 09:23:55,5302.2,26007
2021-06-11 09:23:56,5302.2,26007
2021-06-11 09:23:57,5301.0,26028
2021-06-11 09:23:58,5301.0,26028
2021-06-11 09:23:59,5301.0,26028
2021-06-11 09:24:00,5301.0,26031
2021-06-11 09:24:02,5301.0,26037
2021-06-11 09:24:01,5301.0,26031
2021-06-11 09:24:03,5302.2,26083
2021-06-11 09:24:05,5302.2,26088
2021-06-11 09:24:04,5302.2,26083
2021-06-11 09:24:06,5301.0,26197
2021-06-11 09:24:07,5301.0,26197
2021-06-11 09:24:08,5302.2,26207
2021-06-11 09:24:09,5302.2,26207
2021-06-11 09:24:10,5301.0,26210
2021-06-11 09:24:11,5301.55,26211
2021-06-11 09:24:12,5301.55,26211
2021-06-11 09:24:13,5301.55,26211
2021-06-11 09:24:14,5301.55,26230
2021-06-11 09:24:15,5302.2,26391
2021-06-11 09:24:16,5302.2,26391
2021-06-11 09:24:17,5301.0,26441
2021-06-11 09:24:18,5301.0,26479
2021-06-11 09:24:19,5301.0,26673
2021-06-11 09:24:20,5301.0,26673
2021-06-11 09:24:21,5301.0,26681
2021-06-11 09:24:22,5301.0,26685
2021-06-11 09:24:23,5301.8,26711
2021-06-11 09:24:24,5301.0,26724
2021-06-11 09:24:25,5301.0,26724
2021-06-11 09:24:26,5301.4,26735
2021-06-11 09:24:27,5301.4,26735
2021-06-11 09:24:29,5301.4,26755
2021-06-11 09:24:28,5301.4,26755
2021-06-11 09:24:30,5297.0,27553
2021-06-11 09:24:31,5298.9,27595
2021-06-11 09:24:32,5297.0,27598
2021-06-11 09:24:33,5297.0,27598
2021-06-11 09:24:34,5296.0,27631
2021-06-11 09:24:35,5295.1,27651
2021-06-11 09:24:36,5295.1,27653
2021-06-11 09:24:37,5295.1,27654
2021-06-11 09:24:38,5295.1,27654
2021-06-11 09:24:39,5297.5,27667
2021-06-11 09:24:40,5297.5,27667
2021-06-11 09:24:41,5297.5,27667
2021-06-11 09:24:42,5297.0,27669
2021-06-11 09:24:43,5297.0,27669
2021-06-11 09:24:44,5297.0,27669
2021-06-11 09:24:45,5296.0,27737
2021-06-11 09:24:46,5296.0,27739
2021-06-11 09:24:47,5295.2,27839
2021-06-11 09:24:49,5295.2,27848
2021-06-11 09:24:48,5295.2,27839
2021-06-11 09:24:50,5295.1,27960
2021-06-11 09:24:51,5297.0,27993
2021-06-11 09:24:52,5297.0,27993
2021-06-11 09:24:54,5296.85,28012
2021-06-11 09:24:55,5296.85,28012
2021-06-11 09:24:56,5296.85,28012
2021-06-11 09:24:57,5296.25,28018
2021-06-11 09:24:58,5296.25,28022
2021-06-11 09:24:59,5295.35,28023
2021-06-11 09:25:00,5296.25,28033
2021-06-11 09:25:01,5295.1,28102
2021-06-11 09:25:02,5295.0,28180
2021-06-11 09:25:03,5295.0,28193
2021-06-11 09:25:04,5295.0,28233
2021-06-11 09:25:05,5295.0,28233
2021-06-11 09:25:06,5294.0,28372
2021-06-11 09:25:07,5293.4,28389
2021-06-11 09:25:08,5293.4,28389
2021-06-11 09:25:09,5293.25,28418
2021-06-11 09:25:10,5293.25,28418
2021-06-11 09:25:11,5294.75,28469
2021-06-11 09:25:12,5293.0,28489
2021-06-11 09:25:13,5293.0,28501
2021-06-11 09:25:14,5293.3,28698
2021-06-11 09:25:15,5294.0,28743
2021-06-11 09:25:16,5295.15,28753
2021-06-11 09:25:17,5295.15,28753
2021-06-11 09:25:18,5295.15,28753
2021-06-11 09:25:19,5295.15,28753
2021-06-11 09:25:20,5295.15,28764
2021-06-11 09:25:22,5295.0,28769
2021-06-11 09:25:21,5295.0,28767
2021-06-11 09:25:23,5295.0,28826
2021-06-11 09:25:24,5293.0,28882
2021-06-11 09:25:26,5293.0,28882
2021-06-11 09:25:27,5293.0,28887
2021-06-11 09:25:28,5293.0,28888
2021-06-11 09:25:29,5293.0,28896
2021-06-11 09:25:29,5293.0,28896
2021-06-11 09:25:30,5293.0,28902
2021-06-11 09:25:31,5294.6,28903
2021-06-11 09:25:32,5294.6,28903
2021-06-11 09:25:33,5294.6,28903
2021-06-11 09:25:34,5294.6,28904
2021-06-11 09:25:35,5294.6,28904
2021-06-11 09:25:36,5294.5,28935
2021-06-11 09:25:37,5294.5,28935
2021-06-11 09:25:38,5293.05,28941
2021-06-11 09:25:39,5293.0,29016
2021-06-11 09:25:40,5295.15,29685
2021-06-11 09:25:42,5295.0,29690
2021-06-11 09:25:42,5295.0,29740
2021-06-11 09:25:44,5295.0,29797
2021-06-11 09:25:45,5295.0,29797
2021-06-11 09:25:46,5295.0,29797
2021-06-11 09:25:47,5295.15,30162
2021-06-11 09:25:48,5295.15,30162
2021-06-11 09:25:49,5296.85,30165
2021-06-11 09:25:51,5296.85,30165
2021-06-11 09:25:52,5296.85,30165
2021-06-11 09:25:53,5295.65,30168
2021-06-11 09:25:54,5296.85,30169
2021-06-11 09:25:54,5296.85,30169
2021-06-11 09:25:55,5296.85,30179
2021-06-11 09:25:56,5296.85,30179
2021-06-11 09:25:57,5296.0,30184
2021-06-11 09:25:58,5295.7,30209
2021-06-11 09:26:00,5295.35,30222
2021-06-11 09:26:01,5296.85,30225
2021-06-11 09:26:02,5297.0,30239
2021-06-11 09:26:03,5297.0,30239
2021-06-11 09:26:04,5297.0,30239
2021-06-11 09:26:05,5297.0,30239
2021-06-11 09:26:05,5297.0,30239
2021-06-11 09:26:06,5297.0,30239
2021-06-11 09:26:07,5297.0,30239
2021-06-11 09:26:08,5297.0,30249
2021-06-11 09:26:10,5295.4,30252
2021-06-11 09:26:11,5295.4,30252
2021-06-11 09:26:11,5296.85,30254
2021-06-11 09:26:13,5295.4,30261
2021-06-11 09:26:14,5295.4,30261
2021-06-11 09:26:15,5295.4,30308
2021-06-11 09:26:16,5296.75,30341
2021-06-11 09:26:17,5296.75,30341
2021-06-11 09:26:18,5296.85,30361
2021-06-11 09:26:19,5297.0,30364
2021-06-11 09:26:20,5297.0,30365
2021-06-11 09:26:21,5296.0,30418
2021-06-11 09:26:21,5295.4,30420
2021-06-11 09:26:23,5295.15,30470
2021-06-11 09:26:24,5295.25,30566
2021-06-11 09:26:24,5295.25,30566
2021-06-11 09:26:25,5295.25,30566
2021-06-11 09:26:26,5295.25,30566
2021-06-11 09:26:27,5295.25,30566
2021-06-11 09:26:28,5295.25,30566
2021-06-11 09:26:29,5295.25,30566
2021-06-11 09:26:30,5297.0,30868
2021-06-11 09:26:31,5297.0,30868
2021-06-11 09:26:33,5297.0,30868
2021-06-11 09:26:34,5297.0,30868
2021-06-11 09:26:35,5297.0,30868
2021-06-11 09:26:36,5297.0,30868
2021-06-11 09:26:37,5297.0,30877
2021-06-11 09:26:38,5297.0,30877
2021-06-11 09:26:39,5295.5,30878
2021-06-11 09:26:40,5295.5,30878
2021-06-11 09:26:41,5295.5,30878
2021-06-11 09:26:42,5295.5,30878
2021-06-11 09:26:43,5295.5,30878
2021-06-11 09:26:44,5296.9,31021
2021-06-11 09:26:45,5296.9,31021
2021-06-11 09:26:46,5296.9,31021
2021-06-11 09:26:47,5296.9,31021
2021-06-11 09:26:48,5296.9,31021
2021-06-11 09:26:49,5296.9,31021
2021-06-11 09:26:50,5295.9,31027
2021-06-11 09:26:51,5295.9,31037
2021-06-11 09:26:52,5295.5,31068
2021-06-11 09:26:53,5295.5,31070
2021-06-11 09:26:54,5295.5,31070
2021-06-11 09:26:55,5295.5,31072
2021-06-11 09:26:56,5296.75,31086
2021-06-11 09:26:57,5296.75,31096
2021-06-11 09:26:58,5296.75,31096
2021-06-11 09:26:59,5296.75,31096
2021-06-11 09:27:00,5296.75,31096
2021-06-11 09:27:01,5296.0,31102
2021-06-11 09:27:02,5296.75,31123
2021-06-11 09:27:03,5293.5,31450
2021-06-11 09:27:04,5294.95,31526
2021-06-11 09:27:05,5295.0,31559
2021-06-11 09:27:06,5295.0,31559
2021-06-11 09:27:07,5295.0,31559
2021-06-11 09:27:08,5295.0,31559
2021-06-11 09:27:09,5295.0,31559
2021-06-11 09:27:10,5293.05,31584
2021-06-11 09:27:11,5294.5,31589
2021-06-11 09:27:12,5294.5,31593
2021-06-11 09:27:13,5294.5,31593
2021-06-11 09:27:14,5293.0,31881
2021-06-11 09:27:15,5293.0,31893
2021-06-11 09:27:16,5293.0,31893
2021-06-11 09:27:17,5293.0,31898
2021-06-11 09:27:18,5293.0,31904
2021-06-11 09:27:19,5294.5,31932
2021-06-11 09:27:20,5294.5,31950
2021-06-11 09:27:21,5294.5,31951
2021-06-11 09:27:22,5294.5,32104
2021-06-11 09:27:23,5295.0,32158
2021-06-11 09:27:24,5293.5,32202
2021-06-11 09:27:25,5293.5,32202
2021-06-11 09:27:26,5293.5,32202
2021-06-11 09:27:27,5293.5,32202
2021-06-11 09:27:28,5293.5,32202
2021-06-11 09:27:29,5293.5,32209
2021-06-11 09:27:30,5293.5,32209
2021-06-11 09:27:31,5293.0,32309
2021-06-11 09:27:32,5293.5,32409
2021-06-11 09:27:33,5293.5,32409
2021-06-11 09:27:38,5293.0,32413
2021-06-11 09:27:41,5293.95,32429
2021-06-11 09:27:42,5293.0,32479
2021-06-11 09:27:43,5293.0,32479
2021-06-11 09:27:44,5291.0,33440
2021-06-11 09:27:47,5292.5,33493
2021-06-11 09:27:48,5291.0,33502
2021-06-11 09:27:49,5288.55,33871
2021-06-11 09:27:50,5288.55,33871
2021-06-11 09:27:51,5288.55,33871
2021-06-11 09:27:53,5289.95,34126
2021-06-11 09:27:54,5289.95,34126
2021-06-11 09:27:54,5290.2,34145
2021-06-11 09:27:55,5290.2,34145
2021-06-11 09:27:56,5289.75,34170
2021-06-11 09:27:57,5291.9,34200
2021-06-11 09:27:58,5291.55,34225
2021-06-11 09:27:59,5291.55,34225
2021-06-11 09:28:01,5291.55,34225
2021-06-11 09:28:02,5289.7,34246
2021-06-11 09:28:03,5289.7,34270
2021-06-11 09:28:04,5289.4,34295
2021-06-11 09:28:05,5288.6,34336
2021-06-11 09:28:05,5288.6,34336
2021-06-11 09:28:07,5290.0,34422
2021-06-11 09:28:09,5290.05,34453
2021-06-11 09:28:10,5289.5,34533
2021-06-11 09:28:11,5289.55,34543
2021-06-11 09:28:13,5289.25,34554
2021-06-11 09:28:14,5289.55,34669
2021-06-11 09:28:14,5289.4,34704
2021-06-11 09:28:15,5289.4,34704
2021-06-11 09:28:16,5290.0,34707
2021-06-11 09:28:17,5290.0,34707
2021-06-11 09:28:18,5290.0,34707
2021-06-11 09:28:19,5290.0,34707
2021-06-11 09:28:20,5290.0,34707
2021-06-11 09:28:21,5290.0,34707
2021-06-11 09:28:22,5290.0,34707
2021-06-11 09:28:23,5290.0,34720
2021-06-11 09:28:24,5290.0,34820
2021-06-11 09:28:25,5291.65,34825
2021-06-11 09:28:26,5291.65,34825
2021-06-11 09:28:27,5290.0,34830
2021-06-11 09:28:28,5290.0,34831
2021-06-11 09:28:29,5290.0,34831
2021-06-11 09:28:30,5290.0,34831
2021-06-11 09:28:31,5292.25,34931
2021-06-11 09:28:32,5291.8,34934
2021-06-11 09:28:33,5290.0,34940
2021-06-11 09:28:35,5290.0,34950
2021-06-11 09:28:35,5290.0,34950
2021-06-11 09:28:36,5290.0,34978
2021-06-11 09:28:37,5290.0,34978
2021-06-11 09:28:38,5290.0,34981
2021-06-11 09:28:39,5290.0,34982
2021-06-11 09:28:40,5290.0,34982
2021-06-11 09:28:42,5290.0,35007
2021-06-11 09:28:43,5290.0,35007
2021-06-11 09:28:44,5290.0,35060
2021-06-11 09:28:45,5290.0,35078
2021-06-11 09:28:46,5290.05,35086
2021-06-11 09:28:47,5290.0,35099
2021-06-11 09:28:48,5290.0,35099
2021-06-11 09:28:49,5290.0,35099
2021-06-11 09:28:50,5290.05,35100
2021-06-11 09:28:51,5290.05,35100
2021-06-11 09:28:52,5290.05,35100
2021-06-11 09:28:53,5290.05,35100
2021-06-11 09:28:54,5290.05,35100
2021-06-11 09:28:55,5290.2,35102
2021-06-11 09:28:56,5290.2,35108
2021-06-11 09:28:56,5290.2,35108
2021-06-11 09:28:58,5290.1,35138
2021-06-11 09:28:58,5291.0,35140
2021-06-11 09:28:59,5291.0,35140
2021-06-11 09:29:00,5290.1,35190
2021-06-11 09:29:01,5291.0,35191
2021-06-11 09:29:02,5291.0,35191
2021-06-11 09:29:03,5291.0,35196
2021-06-11 09:29:04,5291.0,35289
2021-06-11 09:29:05,5290.1,35290
2021-06-11 09:29:06,5290.1,35290
2021-06-11 09:29:07,5291.0,35760
2021-06-11 09:29:08,5291.0,35760
2021-06-11 09:29:09,5291.0,35760
2021-06-11 09:29:10,5291.0,35760
2021-06-11 09:29:11,5292.0,35791
2021-06-11 09:29:12,5291.0,35801
2021-06-11 09:29:13,5291.0,35801
2021-06-11 09:29:14,5292.25,35806
2021-06-11 09:29:15,5291.2,35808
2021-06-11 09:29:16,5291.0,35902
2021-06-11 09:29:17,5291.0,35902
2021-06-11 09:29:19,5293.15,35962
2021-06-11 09:29:20,5293.15,35962
2021-06-11 09:29:20,5291.2,35963
2021-06-11 09:29:21,5293.15,36013
2021-06-11 09:29:22,5293.15,36013
2021-06-11 09:29:24,5293.15,36013
2021-06-11 09:29:25,5293.15,36073
2021-06-11 09:29:26,5293.15,36083
2021-06-11 09:29:26,5293.15,36083
2021-06-11 09:29:27,5293.15,36114
2021-06-11 09:29:28,5293.15,36114
2021-06-11 09:29:29,5293.15,36116
2021-06-11 09:29:31,5294.9,36140
2021-06-11 09:29:32,5294.9,36140
2021-06-11 09:29:33,5294.9,36140
2021-06-11 09:29:35,5295.0,36743
2021-06-11 09:29:36,5295.0,36743
2021-06-11 09:29:37,5294.0,36843
2021-06-11 09:29:38,5294.0,36843
2021-06-11 09:29:39,5294.0,36853
2021-06-11 09:29:40,5293.2,36903
2021-06-11 09:29:41,5292.3,36946
2021-06-11 09:29:42,5292.3,36946
2021-06-11 09:29:43,5292.3,36946
2021-06-11 09:29:44,5295.35,37049
2021-06-11 09:29:45,5295.45,37099
2021-06-11 09:29:46,5295.45,37099
2021-06-11 09:29:47,5295.45,37099
2021-06-11 09:29:48,5295.45,37099
2021-06-11 09:29:49,5295.45,37099
2021-06-11 09:29:50,5293.5,37110
2021-06-11 09:29:51,5293.5,37110
2021-06-11 09:29:52,5295.0,37206
2021-06-11 09:29:53,5295.0,37206
2021-06-11 09:29:54,5295.0,37206
2021-06-11 09:29:55,5296.4,37376
2021-06-11 09:29:57,5293.9,37378
2021-06-11 09:29:58,5296.15,37386
2021-06-11 09:29:59,5296.15,37386
2021-06-11 09:30:00,5296.15,37386
2021-06-11 09:30:02,5294.25,37391
2021-06-11 09:30:02,5296.15,37430
2021-06-11 09:30:03,5296.25,37431
2021-06-11 09:30:04,5296.25,37451
2021-06-11 09:30:05,5294.3,37551
2021-06-11 09:30:06,5294.3,37551
2021-06-11 09:30:07,5294.3,37551
2021-06-11 09:30:08,5294.3,37551
2021-06-11 09:30:10,5295.45,37576
2021-06-11 09:30:11,5295.0,37589
2021-06-11 09:30:12,5294.65,37592
2021-06-11 09:30:13,5297.0,37726
2021-06-11 09:30:14,5297.0,37726
2021-06-11 09:30:15,5296.9,37733
2021-06-11 09:30:16,5296.9,37735
2021-06-11 09:30:18,5298.0,37750
2021-06-11 09:30:18,5296.9,37751
2021-06-11 09:30:21,5296.9,37771
2021-06-11 09:30:22,5297.0,37774
2021-06-11 09:30:23,5297.0,37774
2021-06-11 09:30:24,5297.0,37774
2021-06-11 09:30:25,5298.0,37775
2021-06-11 09:30:26,5298.0,37775
2021-06-11 09:30:27,5295.45,38400
2021-06-11 09:30:28,5295.45,38403
2021-06-11 09:30:29,5297.3,38404
2021-06-11 09:30:30,5297.0,38429
2021-06-11 09:30:31,5297.0,38429
2021-06-11 09:30:32,5297.0,38439
2021-06-11 09:30:33,5297.0,38440
2021-06-11 09:30:34,5297.0,38440
2021-06-11 09:30:35,5297.0,38445
2021-06-11 09:30:36,5297.3,38455
2021-06-11 09:30:37,5297.3,38455
2021-06-11 09:30:38,5297.0,38456
2021-06-11 09:30:39,5297.0,38456
2021-06-11 09:30:40,5297.0,38456
2021-06-11 09:30:41,5296.95,38479
2021-06-11 09:30:42,5298.0,38547
2021-06-11 09:30:43,5298.0,38550
2021-06-11 09:30:44,5299.5,38552
2021-06-11 09:30:45,5298.1,38554
2021-06-11 09:30:46,5298.1,38578
2021-06-11 09:30:47,5298.1,38578
2021-06-11 09:30:48,5298.1,38628
2021-06-11 09:30:48,5298.1,38628
2021-06-11 09:30:49,5298.1,38628
2021-06-11 09:30:50,5298.1,38628
2021-06-11 09:30:52,5299.0,38631
2021-06-11 09:30:53,5300.0,38682
2021-06-11 09:30:54,5298.0,38784
2021-06-11 09:30:55,5298.0,38784
2021-06-11 09:30:56,5298.0,38784
2021-06-11 09:30:58,5298.15,38787
2021-06-11 09:30:59,5299.0,38803
2021-06-11 09:31:00,5299.9,38804
2021-06-11 09:31:01,5300.0,38854
2021-06-11 09:31:02,5298.05,38957
2021-06-11 09:31:03,5298.05,38957
2021-06-11 09:31:04,5298.05,38957
2021-06-11 09:31:05,5298.05,38957
2021-06-11 09:31:06,5298.05,38957
2021-06-11 09:31:07,5298.05,38957
2021-06-11 09:31:08,5298.75,38961
2021-06-11 09:31:09,5298.75,38984
2021-06-11 09:31:10,5298.2,38989
2021-06-11 09:31:11,5299.0,38999
2021-06-11 09:31:12,5298.05,39017
2021-06-11 09:31:13,5298.2,39022
2021-06-11 09:31:14,5298.2,39022
2021-06-11 09:31:15,5298.2,39022
2021-06-11 09:31:16,5298.2,39022
2021-06-11 09:31:17,5299.45,39032
2021-06-11 09:31:18,5298.05,39035
2021-06-11 09:31:19,5299.6,39085
2021-06-11 09:31:20,5298.05,39088
2021-06-11 09:31:21,5298.05,39088
2021-06-11 09:31:22,5299.45,39110
2021-06-11 09:31:23,5298.0,39112
2021-06-11 09:31:24,5298.0,39112
2021-06-11 09:31:25,5298.0,39183
2021-06-11 09:31:26,5295.5,39283
2021-06-11 09:31:28,5297.5,39291
2021-06-11 09:31:29,5297.5,39291
2021-06-11 09:31:30,5297.5,39301
2021-06-11 09:31:31,5295.65,39304
2021-06-11 09:31:32,5295.65,39305
2021-06-11 09:31:33,5295.6,39313
2021-06-11 09:31:34,5295.6,39313
2021-06-11 09:31:34,5295.6,39313
2021-06-11 09:31:35,5295.6,39313
2021-06-11 09:31:36,5295.6,39315
2021-06-11 09:31:37,5295.6,39315
2021-06-11 09:31:38,5295.45,39365
2021-06-11 09:31:39,5297.5,39371
2021-06-11 09:31:40,5297.5,39399
2021-06-11 09:31:41,5297.5,39400
2021-06-11 09:31:42,5297.5,39400
2021-06-11 09:31:43,5297.5,39425
2021-06-11 09:31:44,5297.5,39425
2021-06-11 09:31:45,5297.5,39425
2021-06-11 09:31:46,5297.5,39435
2021-06-11 09:31:47,5297.5,39448
2021-06-11 09:31:48,5297.5,39448
2021-06-11 09:31:49,5297.5,39448
2021-06-11 09:31:50,5296.05,39473
2021-06-11 09:31:51,5296.45,39474
2021-06-11 09:31:52,5299.2,39574
2021-06-11 09:31:53,5299.2,39574
2021-06-11 09:31:54,5299.1,39575
2021-06-11 09:31:55,5299.1,39575
2021-06-11 09:31:56,5299.1,39575
2021-06-11 09:31:57,5299.1,39575
2021-06-11 09:31:58,5299.1,39576
2021-06-11 09:32:00,5299.1,39576
2021-06-11 09:32:01,5299.1,39576
2021-06-11 09:32:02,5297.05,39584
2021-06-11 09:32:03,5297.05,39585
2021-06-11 09:32:04,5297.05,39594
2021-06-11 09:32:05,5297.05,39594
2021-06-11 09:32:06,5297.05,39594
2021-06-11 09:32:07,5297.05,39594
2021-06-11 09:32:08,5297.05,39594
2021-06-11 09:32:09,5297.05,39594
2021-06-11 09:32:10,5297.05,39594
2021-06-11 09:32:11,5297.05,39594
2021-06-11 09:32:12,5297.0,39596
2021-06-11 09:32:13,5297.0,39596
2021-06-11 09:32:14,5297.0,39602
2021-06-11 09:32:15,5297.05,39636
2021-06-11 09:32:16,5297.05,39636
2021-06-11 09:32:17,5297.05,39636
2021-06-11 09:32:18,5296.9,39750
2021-06-11 09:32:19,5297.0,39751
2021-06-11 09:32:20,5297.05,39766
2021-06-11 09:32:21,5298.05,39791
2021-06-11 09:32:22,5298.05,39791
2021-06-11 09:32:23,5298.05,39791
2021-06-11 09:32:24,5298.05,39791
2021-06-11 09:32:25,5297.0,39792
2021-06-11 09:32:26,5298.1,39942
2021-06-11 09:32:27,5298.1,39942
2021-06-11 09:32:28,5298.1,39942
2021-06-11 09:32:29,5295.7,39948
2021-06-11 09:32:29,5295.7,39948
2021-06-11 09:32:30,5297.0,39998
2021-06-11 09:32:31,5295.7,40000
2021-06-11 09:32:32,5295.7,40000
2021-06-11 09:32:33,5295.7,40000
2021-06-11 09:32:34,5295.7,40003
2021-06-11 09:32:35,5295.7,40003
2021-06-11 09:32:36,5295.7,40003
2021-06-11 09:32:37,5295.7,40023
2021-06-11 09:32:38,5297.05,40024
2021-06-11 09:32:39,5295.7,40069
2021-06-11 09:32:40,5295.7,40069
2021-06-11 09:32:41,5295.7,40074
2021-06-11 09:32:42,5295.7,40074
2021-06-11 09:32:44,5295.7,40080
2021-06-11 09:32:45,5295.7,40080
2021-06-11 09:32:46,5295.7,40080
2021-06-11 09:32:47,5295.7,40080
2021-06-11 09:32:47,5295.7,40080
2021-06-11 09:32:48,5295.7,40080
2021-06-11 09:32:50,5295.7,40080
2021-06-11 09:32:51,5295.7,40080
2021-06-11 09:32:52,5296.0,40100
2021-06-11 09:32:52,5296.0,40100
2021-06-11 09:32:53,5296.0,40100
2021-06-11 09:32:55,5296.0,40100
2021-06-11 09:32:56,5296.0,40100
2021-06-11 09:32:57,5297.05,40121
2021-06-11 09:32:58,5296.0,40130
2021-06-11 09:32:59,5296.0,40130
2021-06-11 09:33:00,5296.0,40138
2021-06-11 09:33:01,5296.0,40139
2021-06-11 09:33:02,5296.0,40145
2021-06-11 09:33:04,5297.0,40153
2021-06-11 09:33:05,5297.0,40153
2021-06-11 09:33:06,5297.0,40153
2021-06-11 09:33:07,5297.0,40153
2021-06-11 09:33:08,5297.0,40153
2021-06-11 09:33:09,5295.8,40155
2021-06-11 09:33:10,5295.8,40155
2021-06-11 09:33:11,5295.8,40155
2021-06-11 09:33:12,5295.8,40157
2021-06-11 09:33:13,5297.85,40223
2021-06-11 09:33:14,5297.85,40223
2021-06-11 09:33:15,5297.85,40223
2021-06-11 09:33:16,5296.0,40224
2021-06-11 09:33:17,5297.0,40399
2021-06-11 09:33:18,5297.0,40399
2021-06-11 09:33:19,5298.1,40400
2021-06-11 09:33:21,5298.1,40400
2021-06-11 09:33:22,5298.1,40400
2021-06-11 09:33:23,5298.1,40400
2021-06-11 09:33:24,5297.0,40415
2021-06-11 09:33:25,5297.0,40415
2021-06-11 09:33:26,5297.0,40416
2021-06-11 09:33:27,5297.0,40416
2021-06-11 09:33:28,5297.0,40416
2021-06-11 09:33:29,5297.0,40441
2021-06-11 09:33:30,5296.9,40675
2021-06-11 09:33:31,5296.0,40685
2021-06-11 09:33:31,5295.7,40687
2021-06-11 09:33:32,5295.7,40687
2021-06-11 09:33:33,5295.7,40687
2021-06-11 09:33:34,5295.7,40690
2021-06-11 09:33:35,5295.7,40690
2021-06-11 09:33:36,5295.7,40690
2021-06-11 09:33:38,5295.7,40726
2021-06-11 09:33:39,5295.7,40729
2021-06-11 09:33:40,5295.7,40742
2021-06-11 09:33:41,5295.7,40742
2021-06-11 09:33:42,5295.7,40745
2021-06-11 09:33:43,5297.55,40796
2021-06-11 09:33:43,5297.55,40796
2021-06-11 09:33:45,5295.7,40806
2021-06-11 09:33:46,5297.0,40906
2021-06-11 09:33:47,5297.0,40906
2021-06-11 09:33:49,5297.5,40907
2021-06-11 09:33:50,5297.55,40909
2021-06-11 09:33:51,5297.55,40909
2021-06-11 09:33:52,5295.7,40970
2021-06-11 09:33:53,5295.7,40970
2021-06-11 09:33:53,5295.7,40970
2021-06-11 09:33:55,5298.5,41030
2021-06-11 09:33:56,5298.5,41030
2021-06-11 09:33:56,5295.8,41150
2021-06-11 09:33:57,5295.8,41150
2021-06-11 09:33:58,5297.55,41155
2021-06-11 09:33:59,5297.55,41155
2021-06-11 09:34:00,5297.55,41155
2021-06-11 09:34:01,5295.7,41168
2021-06-11 09:34:02,5295.7,41168
2021-06-11 09:34:05,5298.2,41202
2021-06-11 09:34:06,5298.2,41202
2021-06-11 09:34:07,5297.0,41234
2021-06-11 09:34:08,5298.45,41239
2021-06-11 09:34:09,5298.45,41239
2021-06-11 09:34:10,5298.45,41239
2021-06-11 09:34:11,5298.45,41239
2021-06-11 09:34:12,5295.95,41241
2021-06-11 09:34:13,5295.95,41241
2021-06-11 09:34:14,5298.4,41245
2021-06-11 09:34:15,5298.4,41245
2021-06-11 09:34:16,5298.4,41245
2021-06-11 09:34:17,5298.75,41295
2021-06-11 09:34:18,5296.2,41305
2021-06-11 09:34:19,5296.2,41305
2021-06-11 09:34:20,5298.4,41312
2021-06-11 09:34:21,5298.4,41312
2021-06-11 09:34:22,5298.4,41312
2021-06-11 09:34:23,5300.0,41416
2021-06-11 09:34:24,5300.0,41416
2021-06-11 09:34:25,5300.0,41416
2021-06-11 09:34:26,5300.0,41418
2021-06-11 09:34:27,5298.45,41419
2021-06-11 09:34:28,5298.45,41419
2021-06-11 09:34:29,5298.45,41419
2021-06-11 09:34:30,5298.45,41419
2021-06-11 09:34:31,5298.9,41469
2021-06-11 09:34:32,5296.5,41471
2021-06-11 09:34:33,5296.5,41473
2021-06-11 09:34:34,5296.35,41476
2021-06-11 09:34:35,5298.4,41483
2021-06-11 09:34:36,5296.5,41484
2021-06-11 09:34:37,5296.5,41484
2021-06-11 09:34:40,5299.25,41534
2021-06-11 09:34:41,5299.25,41534
2021-06-11 09:34:42,5299.25,41534
2021-06-11 09:34:43,5299.25,41534
2021-06-11 09:34:44,5299.25,41534
2021-06-11 09:34:45,5299.25,41534
2021-06-11 09:34:46,5296.65,41552
2021-06-11 09:34:47,5296.65,41608
2021-06-11 09:34:48,5296.65,41608
2021-06-11 09:34:49,5296.65,41608
2021-06-11 09:34:50,5298.6,41614
2021-06-11 09:34:51,5298.6,41615
2021-06-11 09:34:52,5296.6,41618
2021-06-11 09:34:53,5296.6,41618
2021-06-11 09:34:54,5296.6,41618
2021-06-11 09:34:55,5296.6,41618
2021-06-11 09:34:56,5296.6,41618
2021-06-11 09:34:57,5296.6,41623
2021-06-11 09:34:58,5296.6,41623
2021-06-11 09:34:59,5296.6,41625
2021-06-11 09:35:00,5296.6,41644
2021-06-11 09:35:01,5296.5,41752
2021-06-11 09:35:02,5296.0,41755
2021-06-11 09:35:03,5296.0,41810
2021-06-11 09:35:05,5296.0,41810
2021-06-11 09:35:06,5296.0,41810
2021-06-11 09:35:07,5296.0,41810
2021-06-11 09:35:08,5296.0,41810
2021-06-11 09:35:09,5296.0,41810
2021-06-11 09:35:10,5296.0,41810
2021-06-11 09:35:11,5296.0,41810
2021-06-11 09:35:12,5296.05,41811
2021-06-11 09:35:13,5296.4,41819
2021-06-11 09:35:14,5296.4,41819
2021-06-11 09:35:15,5296.25,41824
2021-06-11 09:35:16,5296.2,41894
2021-06-11 09:35:17,5296.2,41894
2021-06-11 09:35:18,5296.0,41896
2021-06-11 09:35:19,5296.0,41906
2021-06-11 09:35:20,5295.45,42178
2021-06-11 09:35:21,5295.45,42178
2021-06-11 09:35:22,5295.05,42179
2021-06-11 09:35:23,5296.55,42231
2021-06-11 09:35:24,5296.55,42233
2021-06-11 09:35:25,5296.15,42238
2021-06-11 09:35:26,5296.5,42239
2021-06-11 09:35:27,5296.5,42240
2021-06-11 09:35:28,5296.5,42240
2021-06-11 09:35:29,5296.5,42240
2021-06-11 09:35:30,5296.5,42240
2021-06-11 09:35:31,5296.5,42240
2021-06-11 09:35:32,5297.0,42246
2021-06-11 09:35:33,5297.0,42249
2021-06-11 09:35:34,5297.0,42249
2021-06-11 09:35:35,5297.0,42249
2021-06-11 09:35:36,5297.0,42249
2021-06-11 09:35:37,5297.0,42249
2021-06-11 09:35:38,5296.5,42340
2021-06-11 09:35:39,5296.5,42340
2021-06-11 09:35:40,5296.5,42340
2021-06-11 09:35:41,5295.7,42343
2021-06-11 09:35:42,5295.7,42343
2021-06-11 09:35:43,5295.3,42349
2021-06-11 09:35:44,5295.3,42349
2021-06-11 09:35:45,5295.3,42358
2021-06-11 09:35:46,5295.3,42358
2021-06-11 09:35:47,5295.3,42358
2021-06-11 09:35:48,5295.25,42360
2021-06-11 09:35:49,5295.25,42360
2021-06-11 09:35:50,5295.05,42401
2021-06-11 09:35:51,5295.05,42403
2021-06-11 09:35:53,5295.05,42409
2021-06-11 09:35:54,5295.05,42409
2021-06-11 09:35:55,5295.05,42409
2021-06-11 09:35:56,5295.3,42446
2021-06-11 09:35:57,5295.3,42446
2021-06-11 09:35:59,5295.3,42446
2021-06-11 09:36:00,5296.5,42458
2021-06-11 09:36:01,5296.5,42458
2021-06-11 09:36:02,5295.2,42460
2021-06-11 09:36:03,5295.2,42460
2021-06-11 09:36:04,5295.2,42460
2021-06-11 09:36:05,5295.2,42460
2021-06-11 09:36:06,5295.2,42460
2021-06-11 09:36:07,5296.5,42461
2021-06-11 09:36:08,5296.5,42461
2021-06-11 09:36:09,5296.5,42461
2021-06-11 09:36:11,5296.5,42461
2021-06-11 09:36:13,5295.2,42465
2021-06-11 09:36:14,5295.2,42465
2021-06-11 09:36:15,5295.2,42465
2021-06-11 09:36:16,5295.2,42466
2021-06-11 09:36:17,5295.2,42473
2021-06-11 09:36:19,5295.2,42488
2021-06-11 09:36:19,5295.2,42490
2021-06-11 09:36:20,5296.5,42541
2021-06-11 09:36:21,5295.2,42544
2021-06-11 09:36:22,5295.2,42544
2021-06-11 09:36:23,5295.2,42558
2021-06-11 09:36:24,5295.2,42558
2021-06-11 09:36:26,5296.5,42620
2021-06-11 09:36:26,5295.2,42622
2021-06-11 09:36:27,5295.2,42622
2021-06-11 09:36:29,5295.2,42622
2021-06-11 09:36:29,5295.2,42627
2021-06-11 09:36:30,5295.2,42627
2021-06-11 09:36:31,5295.25,42679
2021-06-11 09:36:33,5295.25,42682
2021-06-11 09:36:34,5295.25,42685
2021-06-11 09:36:35,5296.5,42686
2021-06-11 09:36:35,5296.5,42686
2021-06-11 09:36:36,5296.0,42711
2021-06-11 09:36:37,5296.0,42711
2021-06-11 09:36:38,5296.0,42711
2021-06-11 09:36:39,5295.4,42736
2021-06-11 09:36:42,5296.0,42739
2021-06-11 09:36:43,5296.0,42739
2021-06-11 09:36:45,5295.5,42751
2021-06-11 09:36:46,5295.5,42753
2021-06-11 09:36:47,5295.5,42818
2021-06-11 09:36:48,5295.5,42820
2021-06-11 09:36:49,5296.0,42830
2021-06-11 09:36:50,5296.0,42830
2021-06-11 09:36:52,5295.5,42834
2021-06-11 09:36:53,5295.5,42834
2021-06-11 09:36:54,5295.5,42834
2021-06-11 09:36:55,5295.5,42955
2021-06-11 09:36:56,5296.0,42975
2021-06-11 09:36:57,5296.0,42975
2021-06-11 09:36:58,5295.5,42995
2021-06-11 09:36:59,5295.5,42997
2021-06-11 09:37:00,5295.5,42999
2021-06-11 09:37:01,5295.5,43062
2021-06-11 09:37:02,5295.5,43064
2021-06-11 09:37:03,5296.0,43067
2021-06-11 09:37:04,5296.0,43067
2021-06-11 09:37:06,5295.5,43069
2021-06-11 09:37:07,5296.0,43076
2021-06-11 09:37:08,5296.5,43127
2021-06-11 09:37:09,5296.5,43127
2021-06-11 09:37:11,5295.6,43129
2021-06-11 09:37:12,5295.6,43129
2021-06-11 09:37:13,5296.5,43179
2021-06-11 09:37:14,5295.6,43181
2021-06-11 09:37:15,5295.6,43183
2021-06-11 09:37:16,5295.6,43183
2021-06-11 09:37:18,5295.6,43188
2021-06-11 09:37:20,5295.6,43188
2021-06-11 09:37:22,5295.6,43190
2021-06-11 09:37:23,5296.5,43213
2021-06-11 09:37:24,5296.5,43213
2021-06-11 09:37:25,5296.5,43213
2021-06-11 09:37:26,5298.0,43263
2021-06-11 09:37:27,5298.0,43263
2021-06-11 09:37:28,5298.0,43263
2021-06-11 09:37:29,5298.0,43263
2021-06-11 09:37:29,5298.0,43264
2021-06-11 09:37:30,5298.35,43415
2021-06-11 09:37:31,5298.65,43465
2021-06-11 09:37:32,5295.9,43566
2021-06-11 09:37:33,5296.05,43568
2021-06-11 09:37:34,5296.05,43568
2021-06-11 09:37:35,5296.05,43568
2021-06-11 09:37:36,5296.05,43568
2021-06-11 09:37:37,5296.05,43568
2021-06-11 09:37:38,5296.05,43568
2021-06-11 09:37:39,5295.9,43602
2021-06-11 09:37:40,5298.5,43652
2021-06-11 09:37:41,5298.5,43652
2021-06-11 09:37:42,5296.9,43654
2021-06-11 09:37:43,5296.9,43704
2021-06-11 09:37:44,5296.9,43704
2021-06-11 09:37:45,5296.9,43704
2021-06-11 09:37:46,5296.5,43752
2021-06-11 09:37:49,5295.8,43854
2021-06-11 09:37:50,5298.2,43859
2021-06-11 09:37:51,5298.2,43859
2021-06-11 09:37:52,5298.2,43911
2021-06-11 09:37:53,5298.2,43911
2021-06-11 09:37:54,5298.95,43961
2021-06-11 09:37:55,5298.95,43961
2021-06-11 09:37:56,5298.15,43966
2021-06-11 09:37:57,5298.15,43966
2021-06-11 09:37:58,5298.15,43966
2021-06-11 09:38:00,5298.15,43966
2021-06-11 09:38:01,5296.5,43971
2021-06-11 09:38:01,5296.5,43971
2021-06-11 09:38:02,5295.5,44073
2021-06-11 09:38:03,5295.5,44073
2021-06-11 09:38:04,5295.5,44073
2021-06-11 09:38:05,5295.5,44073
2021-06-11 09:38:06,5295.6,44075
2021-06-11 09:38:07,5295.6,44075
2021-06-11 09:38:08,5295.6,44075
2021-06-11 09:38:09,5298.2,44101
2021-06-11 09:38:10,5298.15,44105
2021-06-11 09:38:11,5298.75,44106
2021-06-11 09:38:12,5295.95,44136
2021-06-11 09:38:13,5295.95,44136
2021-06-11 09:38:14,5295.95,44136
2021-06-11 09:38:15,5298.3,44186
2021-06-11 09:38:16,5295.8,44211
2021-06-11 09:38:17,5295.8,44213
2021-06-11 09:38:18,5295.8,44213
2021-06-11 09:38:19,5295.8,44214
2021-06-11 09:38:20,5295.8,44214
2021-06-11 09:38:21,5295.8,44214
2021-06-11 09:38:22,5296.0,44227
2021-06-11 09:38:23,5296.0,44242
2021-06-11 09:38:24,5296.0,44242
2021-06-11 09:38:25,5296.0,44250
2021-06-11 09:38:26,5296.0,44250
2021-06-11 09:38:27,5298.75,44300
2021-06-11 09:38:28,5298.75,44300
2021-06-11 09:38:29,5299.9,44411
2021-06-11 09:38:30,5298.05,44426
2021-06-11 09:38:32,5299.9,44432
2021-06-11 09:38:33,5298.05,44434
2021-06-11 09:38:34,5298.05,44434
2021-06-11 09:38:35,5298.05,44434
2021-06-11 09:38:36,5298.05,44434
2021-06-11 09:38:37,5298.05,44434
2021-06-11 09:38:38,5296.65,44702
2021-06-11 09:38:39,5296.65,44702
2021-06-11 09:38:40,5296.65,44702
2021-06-11 09:38:41,5296.25,44703
2021-06-11 09:38:42,5296.25,44703
2021-06-11 09:38:43,5296.25,44703
2021-06-11 09:38:44,5296.25,44703
2021-06-11 09:38:45,5296.25,44703
2021-06-11 09:38:46,5296.0,44708
2021-06-11 09:38:47,5295.5,44936
2021-06-11 09:38:48,5295.05,44942
2021-06-11 09:38:49,5296.0,44944
2021-06-11 09:38:50,5296.0,44944
2021-06-11 09:38:51,5296.0,44944
2021-06-11 09:38:52,5295.05,44947
2021-06-11 09:38:53,5295.05,44947
2021-06-11 09:38:54,5295.05,44948
2021-06-11 09:38:55,5295.05,44948
2021-06-11 09:38:56,5295.05,44948
2021-06-11 09:38:57,5295.05,44948
2021-06-11 09:38:57,5295.05,44949
2021-06-11 09:38:58,5295.05,44950
2021-06-11 09:38:59,5295.05,44955
2021-06-11 09:39:00,5295.05,44964
2021-06-11 09:39:02,5295.0,44996
2021-06-11 09:39:03,5296.3,45289
2021-06-11 09:39:04,5294.0,45319
2021-06-11 09:39:05,5294.0,45319
2021-06-11 09:39:06,5294.0,45319
2021-06-11 09:39:07,5294.0,45319
2021-06-11 09:39:08,5294.0,45369
2021-06-11 09:39:09,5294.0,45387
2021-06-11 09:39:10,5294.0,45387
2021-06-11 09:39:11,5294.0,45387
2021-06-11 09:39:12,5294.0,45387
2021-06-11 09:39:13,5294.0,45387
2021-06-11 09:39:14,5295.05,45442
2021-06-11 09:39:15,5295.05,45442
2021-06-11 09:39:16,5295.0,45444
2021-06-11 09:39:17,5294.0,45489
2021-06-11 09:39:18,5294.0,45491
2021-06-11 09:39:19,5294.0,45491
2021-06-11 09:39:20,5294.0,45491
2021-06-11 09:39:21,5294.0,45491
2021-06-11 09:39:22,5294.0,45498
2021-06-11 09:39:23,5296.15,45548
2021-06-11 09:39:24,5296.15,45548
2021-06-11 09:39:25,5296.15,45548
2021-06-11 09:39:26,5296.15,45548
2021-06-11 09:39:27,5296.15,45548
2021-06-11 09:39:28,5296.15,45548
2021-06-11 09:39:29,5296.15,45548
2021-06-11 09:39:30,5296.5,45598
2021-06-11 09:39:31,5296.5,45598
2021-06-11 09:39:32,5296.5,45598
2021-06-11 09:39:33,5294.25,45601
2021-06-11 09:39:34,5294.25,45601
2021-06-11 09:39:35,5294.25,45601
2021-06-11 09:39:36,5296.15,45713
2021-06-11 09:39:37,5296.15,45713
2021-06-11 09:39:38,5296.15,45713
2021-06-11 09:39:39,5296.15,45713
2021-06-11 09:39:40,5296.15,45713
2021-06-11 09:39:41,5294.25,45714
2021-06-11 09:39:42,5294.25,45714
2021-06-11 09:39:43,5294.25,45714
2021-06-11 09:39:44,5294.25,45714
2021-06-11 09:39:45,5296.5,45739
2021-06-11 09:39:46,5296.5,45739
2021-06-11 09:39:47,5294.25,45741
2021-06-11 09:39:48,5294.25,45741
2021-06-11 09:39:49,5294.25,45741
2021-06-11 09:39:50,5294.25,45741
2021-06-11 09:39:51,5294.25,45744
2021-06-11 09:39:52,5294.25,45744
2021-06-11 09:39:53,5294.25,45744
2021-06-11 09:39:54,5294.25,45744
2021-06-11 09:39:55,5294.25,45744
2021-06-11 09:39:56,5296.5,45794
2021-06-11 09:39:57,5296.5,45794
2021-06-11 09:39:58,5296.45,45799
2021-06-11 09:39:59,5296.45,45799
2021-06-11 09:40:00,5296.45,45799
2021-06-11 09:40:01,5294.25,45800
2021-06-11 09:40:02,5294.25,45802
2021-06-11 09:40:03,5296.35,45852
2021-06-11 09:40:04,5296.35,45852
2021-06-11 09:40:05,5294.25,45853
2021-06-11 09:40:06,5294.15,45873
2021-06-11 09:40:08,5296.3,45891
2021-06-11 09:40:08,5296.3,45891
2021-06-11 09:40:09,5296.3,45891
2021-06-11 09:40:10,5296.3,45891
2021-06-11 09:40:11,5296.3,45891
2021-06-11 09:40:12,5294.5,45902
2021-06-11 09:40:13,5294.5,45902
2021-06-11 09:40:14,5294.5,45902
2021-06-11 09:40:15,5296.35,45909
2021-06-11 09:40:16,5296.35,45915
2021-06-11 09:40:17,5295.15,45922
2021-06-11 09:40:18,5295.15,45922
2021-06-11 09:40:19,5295.1,45927
2021-06-11 09:40:20,5295.1,45930
2021-06-11 09:40:21,5295.1,45930
2021-06-11 09:40:22,5295.1,45930
2021-06-11 09:40:23,5295.1,45930
2021-06-11 09:40:24,5295.1,45930
2021-06-11 09:40:25,5295.1,45930
2021-06-11 09:40:26,5295.0,45931
2021-06-11 09:40:27,5295.0,45931
2021-06-11 09:40:28,5295.0,45932
2021-06-11 09:40:29,5296.0,45939
2021-06-11 09:40:30,5296.0,45939
2021-06-11 09:40:31,5296.0,45939
2021-06-11 09:40:32,5294.6,45941
2021-06-11 09:40:33,5296.0,45958
2021-06-11 09:40:34,5296.0,45998
2021-06-11 09:40:35,5296.0,45998
2021-06-11 09:40:36,5296.0,45998
2021-06-11 09:40:37,5296.0,45998
2021-06-11 09:40:39,5296.05,46060
2021-06-11 09:40:42,5296.05,46060
2021-06-11 09:40:43,5296.15,46065
2021-06-11 09:40:44,5298.0,46066
2021-06-11 09:40:45,5296.15,46069
2021-06-11 09:40:46,5296.15,46069
2021-06-11 09:40:47,5296.15,46069
2021-06-11 09:40:48,5298.05,46073
2021-06-11 09:40:49,5297.9,46077
2021-06-11 09:40:50,5297.9,46077
2021-06-11 09:40:51,5297.9,46077
2021-06-11 09:40:52,5297.9,46079
2021-06-11 09:40:54,5297.9,46089
2021-06-11 09:40:55,5298.05,46099
2021-06-11 09:40:56,5298.05,46099
2021-06-11 09:40:57,5298.05,46099
2021-06-11 09:40:58,5299.0,46147
2021-06-11 09:41:00,5299.0,46192
2021-06-11 09:41:02,5297.9,46212
2021-06-11 09:41:03,5297.9,46215
2021-06-11 09:41:04,5297.9,46222
2021-06-11 09:41:05,5298.95,46223
2021-06-11 09:41:06,5298.95,46223
2021-06-11 09:41:07,5298.95,46223
2021-06-11 09:41:08,5298.95,46233
2021-06-11 09:41:09,5298.95,46233
2021-06-11 09:41:10,5298.15,46235
2021-06-11 09:41:11,5298.15,46235
2021-06-11 09:41:13,5298.15,46235
2021-06-11 09:41:14,5298.15,46235
2021-06-11 09:41:15,5298.0,46237
2021-06-11 09:41:16,5299.0,46295
2021-06-11 09:41:17,5299.0,46302
2021-06-11 09:41:18,5297.9,46308
2021-06-11 09:41:19,5297.9,46308
2021-06-11 09:41:20,5297.9,46308
2021-06-11 09:41:21,5297.9,46308
2021-06-11 09:41:22,5297.9,46310
2021-06-11 09:41:23,5297.9,46310
2021-06-11 09:41:24,5298.15,46312
2021-06-11 09:41:25,5298.15,46312
2021-06-11 09:41:26,5298.15,46312
2021-06-11 09:41:26,5298.15,46312
2021-06-11 09:41:27,5298.15,46312
2021-06-11 09:41:28,5298.15,46312
2021-06-11 09:41:31,5299.0,46327
2021-06-11 09:41:32,5297.9,46329
2021-06-11 09:41:33,5299.0,46358
2021-06-11 09:41:34,5299.0,46358
2021-06-11 09:41:35,5297.4,46463
2021-06-11 09:41:36,5297.4,46463
2021-06-11 09:41:37,5297.4,46463
2021-06-11 09:41:38,5297.4,46463
2021-06-11 09:41:39,5297.4,46463
2021-06-11 09:41:40,5297.45,46503
2021-06-11 09:41:42,5297.05,46506
2021-06-11 09:41:43,5299.0,46556
2021-06-11 09:41:44,5299.0,46615
2021-06-11 09:41:45,5299.0,46615
2021-06-11 09:41:46,5299.0,46615
2021-06-11 09:41:47,5298.95,46617
2021-06-11 09:41:48,5298.95,46623
2021-06-11 09:41:48,5298.95,46623
2021-06-11 09:41:50,5298.95,46623
2021-06-11 09:41:51,5299.0,46640
2021-06-11 09:41:52,5299.5,46865
2021-06-11 09:41:52,5299.9,46921
2021-06-11 09:41:53,5299.9,46921
2021-06-11 09:41:55,5299.9,46921
2021-06-11 09:41:56,5299.9,46921
2021-06-11 09:41:57,5299.9,46922
2021-06-11 09:41:58,5299.9,46983
2021-06-11 09:41:59,5299.9,46983
2021-06-11 09:42:00,5304.4,48069
2021-06-11 09:42:01,5304.4,48069
2021-06-11 09:42:02,5304.4,48069
2021-06-11 09:42:03,5301.75,48073
2021-06-11 09:42:04,5303.0,48099
2021-06-11 09:42:04,5303.9,48074
2021-06-11 09:42:05,5303.0,48099
2021-06-11 09:42:06,5303.5,48106
2021-06-11 09:42:07,5303.55,48156
2021-06-11 09:42:09,5303.45,48168
2021-06-11 09:42:10,5303.45,48169
2021-06-11 09:42:11,5301.35,48187
2021-06-11 09:42:12,5301.35,48187
2021-06-11 09:42:12,5301.35,48190
2021-06-11 09:42:13,5303.45,48244
2021-06-11 09:42:15,5301.7,48306
2021-06-11 09:42:16,5301.7,48306
2021-06-11 09:42:17,5303.45,48310
2021-06-11 09:42:18,5302.15,48321
2021-06-11 09:42:19,5302.15,48321
2021-06-11 09:42:20,5302.15,48321
2021-06-11 09:42:21,5302.15,48321
2021-06-11 09:42:22,5304.8,48374
2021-06-11 09:42:23,5302.7,48391
2021-06-11 09:42:24,5305.0,48392
2021-06-11 09:42:25,5305.0,48392
2021-06-11 09:42:26,5305.0,48392
2021-06-11 09:42:27,5302.65,48426
2021-06-11 09:42:28,5302.65,48426
2021-06-11 09:42:29,5304.8,48436
2021-06-11 09:42:31,5304.9,48464
2021-06-11 09:42:32,5303.3,48466
2021-06-11 09:42:32,5303.25,48468
2021-06-11 09:42:33,5305.0,48668
2021-06-11 09:42:34,5305.0,48668
2021-06-11 09:42:35,5305.0,48668
2021-06-11 09:42:36,5303.25,48670
2021-06-11 09:42:37,5303.25,48670
2021-06-11 09:42:38,5303.25,48670
2021-06-11 09:42:40,5305.0,48672
2021-06-11 09:42:41,5305.5,49990
2021-06-11 09:42:42,5305.0,50050
2021-06-11 09:42:43,5304.6,50052
2021-06-11 09:42:45,5304.6,50052
2021-06-11 09:42:46,5304.6,50052
2021-06-11 09:42:46,5304.6,50052
2021-06-11 09:42:47,5304.75,50058
2021-06-11 09:42:48,5304.75,50058
2021-06-11 09:42:49,5304.75,50058
2021-06-11 09:42:51,5308.0,50229
2021-06-11 09:42:52,5308.0,50229
2021-06-11 09:42:53,5308.0,50229
2021-06-11 09:42:54,5308.0,50229
2021-06-11 09:42:55,5308.0,50229
2021-06-11 09:42:56,5308.0,50229
2021-06-11 09:42:57,5308.0,50229
2021-06-11 09:42:58,5308.0,50229
2021-06-11 09:42:59,5306.9,50232
2021-06-11 09:42:59,5306.9,50232
2021-06-11 09:43:02,5306.95,50269
2021-06-11 09:43:03,5308.0,50281
2021-06-11 09:43:03,5308.0,50281
2021-06-11 09:43:04,5308.0,50281
2021-06-11 09:43:05,5308.0,50282
2021-06-11 09:43:06,5308.0,50287
2021-06-11 09:43:07,5308.0,50287
2021-06-11 09:43:08,5308.0,50288
2021-06-11 09:43:10,5308.0,50288
2021-06-11 09:43:11,5308.0,50288
2021-06-11 09:43:11,5306.95,50290
2021-06-11 09:43:12,5307.85,50510
2021-06-11 09:43:13,5308.0,50511
2021-06-11 09:43:14,5308.0,50556
2021-06-11 09:43:16,5306.0,50559
2021-06-11 09:43:17,5308.0,50609
2021-06-11 09:43:18,5306.0,50624
2021-06-11 09:43:19,5307.8,50625
2021-06-11 09:43:20,5307.8,50625
2021-06-11 09:43:21,5308.0,50653
2021-06-11 09:43:22,5306.1,50655
2021-06-11 09:43:23,5306.1,50655
2021-06-11 09:43:24,5308.0,50667
2021-06-11 09:43:25,5308.0,50667
2021-06-11 09:43:25,5308.0,50667
2021-06-11 09:43:26,5308.0,50667
2021-06-11 09:43:28,5308.0,50800
2021-06-11 09:43:29,5306.7,50850
2021-06-11 09:43:30,5306.7,50850
2021-06-11 09:43:31,5306.7,50850
2021-06-11 09:43:32,5308.0,50860
2021-06-11 09:43:33,5306.45,50961
2021-06-11 09:43:34,5308.0,51012
2021-06-11 09:43:35,5308.0,51012
2021-06-11 09:43:36,5308.0,51012
2021-06-11 09:43:37,5308.0,51027
2021-06-11 09:43:38,5306.2,51051
2021-06-11 09:43:39,5308.2,51090
2021-06-11 09:43:40,5308.2,51090
2021-06-11 09:43:40,5308.2,51090
2021-06-11 09:43:41,5308.0,51091
2021-06-11 09:43:42,5308.0,51091
2021-06-11 09:43:43,5308.0,51091
2021-06-11 09:43:44,5308.0,51093
2021-06-11 09:43:45,5308.0,51118
2021-06-11 09:43:46,5308.0,51128
2021-06-11 09:43:47,5308.0,51137
2021-06-11 09:43:49,5308.0,51137
2021-06-11 09:43:50,5308.0,51137
2021-06-11 09:43:51,5308.0,51137
2021-06-11 09:43:52,5307.95,51181
2021-06-11 09:43:53,5307.95,51181
2021-06-11 09:43:54,5306.3,51217
2021-06-11 09:43:55,5306.2,51253
2021-06-11 09:43:56,5305.0,51753
2021-06-11 09:43:57,5307.95,51783
2021-06-11 09:43:57,5307.95,51783
2021-06-11 09:43:58,5307.55,51785
2021-06-11 09:43:59,5307.55,51785
2021-06-11 09:44:00,5307.55,51787
2021-06-11 09:44:01,5305.85,51790
2021-06-11 09:44:02,5305.85,51794
2021-06-11 09:44:03,5308.0,51844
2021-06-11 09:44:04,5308.0,51844
2021-06-11 09:44:06,5307.95,51847
2021-06-11 09:44:07,5307.8,51858
2021-06-11 09:44:08,5307.75,51860
2021-06-11 09:44:09,5307.75,51887
2021-06-11 09:44:10,5307.75,51891
2021-06-11 09:44:11,5307.75,51892
2021-06-11 09:44:11,5307.75,51893
2021-06-11 09:44:13,5307.75,51900
2021-06-11 09:44:14,5307.95,51905
2021-06-11 09:44:15,5307.75,51952
2021-06-11 09:44:16,5307.75,51992
2021-06-11 09:44:16,5307.75,51992
2021-06-11 09:44:17,5308.0,52002
2021-06-11 09:44:19,5308.0,52002
2021-06-11 09:44:20,5308.0,52002
2021-06-11 09:44:21,5307.75,52006
2021-06-11 09:44:22,5306.2,52035
2021-06-11 09:44:23,5306.15,52045
2021-06-11 09:44:24,5306.15,52045
2021-06-11 09:44:25,5307.0,52066
2021-06-11 09:44:25,5307.0,52066
2021-06-11 09:44:26,5307.0,52066
2021-06-11 09:44:28,5307.0,52066
2021-06-11 09:44:29,5307.0,52066
2021-06-11 09:44:30,5306.15,52067
2021-06-11 09:44:31,5307.0,52072
2021-06-11 09:44:32,5306.15,52073
2021-06-11 09:44:33,5306.15,52075
2021-06-11 09:44:34,5306.15,52075
2021-06-11 09:44:35,5306.15,52075
2021-06-11 09:44:36,5306.15,52075
2021-06-11 09:44:37,5306.15,52075
2021-06-11 09:44:37,5306.15,52075
2021-06-11 09:44:38,5306.15,52075
2021-06-11 09:44:40,5307.0,52125
2021-06-11 09:44:41,5306.15,52133
2021-06-11 09:44:41,5306.15,52133
2021-06-11 09:44:42,5306.15,52133
2021-06-11 09:44:43,5307.0,52141
2021-06-11 09:44:45,5307.0,52141
2021-06-11 09:44:46,5307.0,52141
2021-06-11 09:44:47,5307.0,52141
2021-06-11 09:44:48,5307.0,52155
2021-06-11 09:44:49,5307.0,52159
2021-06-11 09:44:50,5307.0,52159
2021-06-11 09:44:51,5307.0,52159
2021-06-11 09:44:53,5308.0,52176
2021-06-11 09:44:53,5308.0,52176
2021-06-11 09:44:55,5308.0,52176
2021-06-11 09:44:56,5308.0,52176
2021-06-11 09:44:57,5308.0,52176
2021-06-11 09:44:58,5308.0,52193
2021-06-11 09:44:59,5308.0,52193
2021-06-11 09:45:01,5308.0,52193
2021-06-11 09:45:02,5307.0,52198
2021-06-11 09:45:03,5308.95,52303
2021-06-11 09:45:04,5308.95,52303
2021-06-11 09:45:06,5308.95,52303
2021-06-11 09:45:05,5308.95,52303
2021-06-11 09:45:07,5307.0,52304
2021-06-11 09:45:08,5308.0,52305
2021-06-11 09:45:09,5308.0,52311
2021-06-11 09:45:10,5308.0,52311
2021-06-11 09:45:11,5308.0,52311
2021-06-11 09:45:12,5308.0,52513
2021-06-11 09:45:13,5308.0,52513
2021-06-11 09:45:14,5308.0,52513
2021-06-11 09:45:16,5309.95,52639
2021-06-11 09:45:17,5309.95,52639
2021-06-11 09:45:18,5310.0,52786
2021-06-11 09:45:19,5309.8,52790
2021-06-11 09:45:20,5309.8,52790
2021-06-11 09:45:21,5307.35,52891
2021-06-11 09:45:22,5309.75,52896
2021-06-11 09:45:23,5309.75,52896
2021-06-11 09:45:24,5309.75,52949
2021-06-11 09:45:25,5310.0,53049
2021-06-11 09:45:26,5310.0,53049
2021-06-11 09:45:27,5310.0,53049
2021-06-11 09:45:28,5310.9,54966
2021-06-11 09:45:29,5312.5,55009
2021-06-11 09:45:30,5310.8,55020
2021-06-11 09:45:31,5310.8,55020
2021-06-11 09:45:32,5313.85,55220
2021-06-11 09:45:33,5311.25,55229
2021-06-11 09:45:34,5313.75,55329
2021-06-11 09:45:35,5313.75,55341
2021-06-11 09:45:37,5312.15,55609
2021-06-11 09:45:36,5311.6,55606
2021-06-11 09:45:38,5313.0,55624
2021-06-11 09:45:39,5313.0,55624
2021-06-11 09:45:40,5312.3,55626
2021-06-11 09:45:41,5314.0,55733
2021-06-11 09:45:42,5314.0,55733
2021-06-11 09:45:43,5314.0,55733
2021-06-11 09:45:44,5312.6,55789
2021-06-11 09:45:45,5314.9,55899
2021-06-11 09:45:46,5315.0,55909
2021-06-11 09:45:47,5312.9,55914
2021-06-11 09:45:48,5312.9,55916
2021-06-11 09:45:49,5314.95,55917
2021-06-11 09:45:50,5314.95,55917
2021-06-11 09:45:51,5314.95,55919
2021-06-11 09:45:52,5312.45,56006
2021-06-11 09:45:53,5313.0,56011
2021-06-11 09:45:54,5314.9,56013
2021-06-11 09:45:55,5313.0,56033
2021-06-11 09:45:56,5314.9,56034
2021-06-11 09:45:57,5314.9,56034
2021-06-11 09:45:58,5314.9,56034
2021-06-11 09:45:59,5313.0,56059
2021-06-11 09:46:00,5312.9,56062
2021-06-11 09:46:01,5313.0,56169
2021-06-11 09:46:02,5313.0,56182
2021-06-11 09:46:03,5312.9,56192
2021-06-11 09:46:04,5312.9,56192
2021-06-11 09:46:05,5313.0,56217
2021-06-11 09:46:06,5313.0,56311
2021-06-11 09:46:07,5313.0,56313
2021-06-11 09:46:08,5313.0,56313
2021-06-11 09:46:09,5313.0,56313
2021-06-11 09:46:10,5313.0,56597
2021-06-11 09:46:11,5313.0,56597
2021-06-11 09:46:12,5314.9,56599
2021-06-11 09:46:13,5313.0,56642
2021-06-11 09:46:15,5314.9,56833
2021-06-11 09:46:16,5312.6,56946
2021-06-11 09:46:18,5312.6,56948
2021-06-11 09:46:19,5312.6,56948
2021-06-11 09:46:20,5312.6,56948
2021-06-11 09:46:21,5313.5,57507
2021-06-11 09:46:22,5313.5,57511
2021-06-11 09:46:23,5315.0,57518
2021-06-11 09:46:24,5315.0,57518
2021-06-11 09:46:25,5315.0,57520
2021-06-11 09:46:26,5315.0,57565
2021-06-11 09:46:27,5315.0,57565
2021-06-11 09:46:28,5315.0,57565
2021-06-11 09:46:29,5315.0,57565
2021-06-11 09:46:30,5315.0,58092
2021-06-11 09:46:31,5315.0,58102
2021-06-11 09:46:32,5315.0,58115
2021-06-11 09:46:33,5315.0,58127
2021-06-11 09:46:34,5315.0,58127
2021-06-11 09:46:35,5315.0,58245
2021-06-11 09:46:36,5315.0,58245
2021-06-11 09:46:37,5314.0,58274
2021-06-11 09:46:38,5314.8,58279
2021-06-11 09:46:39,5315.7,58281
2021-06-11 09:46:40,5314.25,58291
2021-06-11 09:46:41,5314.25,58291
2021-06-11 09:46:42,5315.0,58295
2021-06-11 09:46:43,5315.0,58295
2021-06-11 09:46:44,5315.0,58295
2021-06-11 09:46:45,5314.0,58315
2021-06-11 09:46:46,5314.0,58500
2021-06-11 09:46:47,5314.0,58500
2021-06-11 09:46:48,5313.0,58507
2021-06-11 09:46:49,5313.0,58511
2021-06-11 09:46:50,5313.0,58792
2021-06-11 09:46:51,5313.0,58794
2021-06-11 09:46:52,5313.0,58794
2021-06-11 09:46:53,5314.0,58795
2021-06-11 09:46:54,5312.45,58845
2021-06-11 09:46:55,5312.45,58860
2021-06-11 09:46:56,5312.45,58860
2021-06-11 09:46:57,5311.6,59247
2021-06-11 09:46:58,5313.95,59261
2021-06-11 09:46:59,5311.55,59266
2021-06-11 09:47:00,5311.55,59267
2021-06-11 09:47:01,5311.65,59273
2021-06-11 09:47:03,5311.65,59278
2021-06-11 09:47:04,5313.0,59325
2021-06-11 09:47:04,5313.95,59327
2021-06-11 09:47:05,5313.95,59327
2021-06-11 09:47:06,5313.0,59333
2021-06-11 09:47:07,5313.0,59333
2021-06-11 09:47:08,5311.0,59339
2021-06-11 09:47:09,5310.45,59379
2021-06-11 09:47:10,5310.45,59379
2021-06-11 09:47:12,5310.6,59381
2021-06-11 09:47:12,5310.6,59395
2021-06-11 09:47:13,5310.6,59395
2021-06-11 09:47:15,5310.6,59395
2021-06-11 09:47:16,5310.6,59395
2021-06-11 09:47:18,5310.6,59651
2021-06-11 09:47:19,5310.6,59651
2021-06-11 09:47:20,5313.5,59671
2021-06-11 09:47:21,5313.3,59696
2021-06-11 09:47:22,5313.3,59696
2021-06-11 09:47:23,5310.9,59704
2021-06-11 09:47:24,5313.85,59708
2021-06-11 09:47:25,5313.8,59711
2021-06-11 09:47:26,5313.8,59714
2021-06-11 09:47:27,5313.8,59714
2021-06-11 09:47:28,5313.8,59716
2021-06-11 09:47:29,5311.1,59753
2021-06-11 09:47:30,5313.0,59755
2021-06-11 09:47:31,5311.25,59757
2021-06-11 09:47:32,5311.25,59807
2021-06-11 09:47:33,5313.0,59809
2021-06-11 09:47:34,5313.0,59809
2021-06-11 09:47:36,5310.0,59910
2021-06-11 09:47:35,5310.0,59910
2021-06-11 09:47:37,5311.0,59922
2021-06-11 09:47:39,5311.0,59927
2021-06-11 09:47:40,5311.0,59927
2021-06-11 09:47:40,5312.75,59947
2021-06-11 09:47:41,5312.75,59947
2021-06-11 09:47:42,5312.75,59947
2021-06-11 09:47:43,5312.75,59947
2021-06-11 09:47:44,5312.75,59947
2021-06-11 09:47:45,5312.95,59949
2021-06-11 09:47:46,5312.9,59951
2021-06-11 09:47:47,5311.0,59957
2021-06-11 09:47:48,5311.0,59960
2021-06-11 09:47:49,5312.6,59961
2021-06-11 09:47:51,5310.4,59992
2021-06-11 09:47:51,5310.4,59992
2021-06-11 09:47:53,5310.0,60012
2021-06-11 09:47:53,5310.0,60012
2021-06-11 09:47:54,5311.5,60022
2021-06-11 09:47:55,5310.0,60027
2021-06-11 09:47:56,5310.0,60027
2021-06-11 09:47:57,5312.25,60092
2021-06-11 09:47:58,5310.05,60117
2021-06-11 09:47:59,5310.0,60164
2021-06-11 09:48:00,5310.0,60164
2021-06-11 09:48:03,5310.0,60176
2021-06-11 09:48:04,5310.0,60214
2021-06-11 09:48:05,5310.0,60214
2021-06-11 09:48:06,5310.0,60214
2021-06-11 09:48:07,5310.0,60214
2021-06-11 09:48:08,5310.0,60214
2021-06-11 09:48:09,5310.0,60214
2021-06-11 09:48:10,5310.0,60214
2021-06-11 09:48:11,5310.0,60214
2021-06-11 09:48:12,5310.05,60216
2021-06-11 09:48:13,5310.05,60217
2021-06-11 09:48:14,5310.05,60217
2021-06-11 09:48:15,5310.05,60217
2021-06-11 09:48:16,5311.8,60223
2021-06-11 09:48:17,5310.05,60225
2021-06-11 09:48:18,5310.05,60228
2021-06-11 09:48:19,5310.05,60228
2021-06-11 09:48:20,5312.25,60328
2021-06-11 09:48:21,5312.1,60335
2021-06-11 09:48:22,5310.05,60336
2021-06-11 09:48:24,5310.5,60386
2021-06-11 09:48:24,5310.5,60386
2021-06-11 09:48:25,5310.5,60436
2021-06-11 09:48:26,5310.5,60436
2021-06-11 09:48:27,5310.0,60844
2021-06-11 09:48:29,5310.95,60845
2021-06-11 09:48:30,5310.95,60846
2021-06-11 09:48:31,5310.95,60849
2021-06-11 09:48:32,5310.05,60854
2021-06-11 09:48:33,5310.05,60857
2021-06-11 09:48:34,5309.95,60905
2021-06-11 09:48:35,5309.9,60952
2021-06-11 09:48:36,5311.0,60959
2021-06-11 09:48:37,5311.0,60959
2021-06-11 09:48:39,5311.0,60959
2021-06-11 09:48:39,5311.0,60959
2021-06-11 09:48:41,5309.9,61005
2021-06-11 09:48:41,5309.9,61005
2021-06-11 09:48:42,5309.9,61007
2021-06-11 09:48:43,5309.9,61007
2021-06-11 09:48:44,5309.9,61009
2021-06-11 09:48:45,5309.9,61009
2021-06-11 09:48:46,5311.45,61018
2021-06-11 09:48:47,5309.9,61020
2021-06-11 09:48:48,5309.9,61030
2021-06-11 09:48:49,5309.9,61030
2021-06-11 09:48:51,5311.0,61048
2021-06-11 09:48:52,5311.0,61048
2021-06-11 09:48:53,5311.0,61048
2021-06-11 09:48:55,5312.0,61056
2021-06-11 09:48:55,5312.0,61056
2021-06-11 09:48:56,5312.0,61056
2021-06-11 09:48:57,5311.0,61061
2021-06-11 09:48:58,5311.0,61061
2021-06-11 09:48:59,5311.0,61066
2021-06-11 09:49:00,5311.0,61066
2021-06-11 09:49:01,5311.0,61079
2021-06-11 09:49:02,5311.0,61081
2021-06-11 09:49:03,5311.0,61082
2021-06-11 09:49:04,5311.0,61082
2021-06-11 09:49:05,5312.0,61096
2021-06-11 09:49:07,5311.0,61139
2021-06-11 09:49:06,5312.0,61101
2021-06-11 09:49:09,5311.0,61139
2021-06-11 09:49:10,5312.0,61147
2021-06-11 09:49:11,5311.0,61150
2021-06-11 09:49:12,5311.0,61157
2021-06-11 09:49:13,5311.0,61157
2021-06-11 09:49:14,5310.9,61158
2021-06-11 09:49:15,5312.0,61426
2021-06-11 09:49:16,5312.0,61426
2021-06-11 09:49:16,5312.0,61426
2021-06-11 09:49:17,5311.55,61448
2021-06-11 09:49:18,5311.55,61448
2021-06-11 09:49:19,5312.0,61515
2021-06-11 09:49:20,5312.0,61515
2021-06-11 09:49:21,5312.1,61530
2021-06-11 09:49:22,5313.0,61547
2021-06-11 09:49:24,5311.4,61595
2021-06-11 09:49:25,5311.4,61595
2021-06-11 09:49:26,5311.4,61595
2021-06-11 09:49:28,5311.5,61602
2021-06-11 09:49:29,5313.0,61617
2021-06-11 09:49:29,5313.0,61617
2021-06-11 09:49:32,5313.0,61803
2021-06-11 09:49:33,5313.0,61807
2021-06-11 09:49:34,5313.0,61807
2021-06-11 09:49:35,5313.9,61816
2021-06-11 09:49:36,5311.9,61826
2021-06-11 09:49:37,5311.9,61826
2021-06-11 09:49:38,5314.0,61836
2021-06-11 09:49:39,5313.0,61846
2021-06-11 09:49:40,5313.0,61846
2021-06-11 09:49:41,5312.7,61850
2021-06-11 09:49:41,5312.7,61850
2021-06-11 09:49:42,5312.7,61850
2021-06-11 09:49:43,5313.0,61851
2021-06-11 09:49:44,5312.4,61852
2021-06-11 09:49:45,5312.4,61852
2021-06-11 09:49:47,5314.0,61877
2021-06-11 09:49:49,5312.45,61879
2021-06-11 09:49:50,5314.0,61881
2021-06-11 09:49:51,5314.7,61893
2021-06-11 09:49:51,5315.0,61895
2021-06-11 09:49:52,5313.0,61898
2021-06-11 09:49:54,5313.0,61898
2021-06-11 09:49:55,5316.6,63157
2021-06-11 09:49:55,5315.2,63192
2021-06-11 09:49:58,5316.85,63294
2021-06-11 09:49:59,5314.85,63344
2021-06-11 09:50:00,5314.85,63344
2021-06-11 09:50:01,5318.0,63677
2021-06-11 09:50:02,5319.0,63905
2021-06-11 09:50:04,5318.8,63932
2021-06-11 09:50:03,5317.2,63913
2021-06-11 09:50:05,5318.8,63932
2021-06-11 09:50:05,5318.8,63967
2021-06-11 09:50:06,5318.8,63967
2021-06-11 09:50:07,5319.45,64276
2021-06-11 09:50:08,5319.0,64287
2021-06-11 09:50:09,5319.9,64350
2021-06-11 09:50:10,5319.9,64356
2021-06-11 09:50:11,5319.9,64426
2021-06-11 09:50:12,5319.8,64488
2021-06-11 09:50:13,5319.9,64489
2021-06-11 09:50:14,5320.0,64587
2021-06-11 09:50:16,5320.0,64755
2021-06-11 09:50:17,5319.8,64986
2021-06-11 09:50:18,5319.7,65003
2021-06-11 09:50:19,5320.0,65519
2021-06-11 09:50:20,5319.65,66537
2021-06-11 09:50:21,5319.8,66656
2021-06-11 09:50:22,5319.8,66688
2021-06-11 09:50:23,5320.0,66697
2021-06-11 09:50:23,5320.0,66697
2021-06-11 09:50:24,5320.0,66718
2021-06-11 09:50:26,5321.0,66776
2021-06-11 09:50:27,5320.0,66879
2021-06-11 09:50:28,5319.9,66883
2021-06-11 09:50:29,5319.2,66940
2021-06-11 09:50:29,5319.25,66942
2021-06-11 09:50:30,5319.25,66942
2021-06-11 09:50:31,5321.3,66998
2021-06-11 09:50:32,5321.3,66998
2021-06-11 09:50:33,5320.0,67004
2021-06-11 09:50:34,5319.9,67016
2021-06-11 09:50:35,5319.9,67016
2021-06-11 09:50:36,5318.8,67137
2021-06-11 09:50:37,5319.7,67149
2021-06-11 09:50:38,5318.0,67150
2021-06-11 09:50:40,5320.0,67180
2021-06-11 09:50:40,5316.5,67354
2021-06-11 09:50:42,5314.0,67506
2021-06-11 09:50:43,5314.0,67531
2021-06-11 09:50:43,5313.9,67546
2021-06-11 09:50:44,5313.95,67563
2021-06-11 09:50:45,5313.95,67563
2021-06-11 09:50:47,5314.0,67566
2021-06-11 09:50:48,5316.45,67596
2021-06-11 09:50:49,5314.15,67610
2021-06-11 09:50:50,5314.65,67620
2021-06-11 09:50:51,5314.65,67620
2021-06-11 09:50:52,5317.0,67650
2021-06-11 09:50:53,5317.0,67650
2021-06-11 09:50:55,5317.0,67650
2021-06-11 09:50:56,5317.0,67650
2021-06-11 09:50:57,5315.25,67690
2021-06-11 09:50:58,5317.0,67730
2021-06-11 09:50:59,5315.2,67750
2021-06-11 09:51:00,5317.0,67752
2021-06-11 09:51:00,5317.0,67752
2021-06-11 09:51:01,5316.0,67754
2021-06-11 09:51:02,5317.0,67779
2021-06-11 09:51:04,5317.0,67779
2021-06-11 09:51:04,5317.0,67779
2021-06-11 09:51:06,5316.0,67789
2021-06-11 09:51:07,5317.2,68089
2021-06-11 09:51:08,5316.05,68093
2021-06-11 09:51:09,5316.05,68093
2021-06-11 09:51:10,5318.0,68125
2021-06-11 09:51:11,5318.0,68140
2021-06-11 09:51:12,5318.0,68149
2021-06-11 09:51:13,5318.0,68152
2021-06-11 09:51:14,5319.6,68198
2021-06-11 09:51:15,5318.5,68223
2021-06-11 09:51:16,5318.5,68238
2021-06-11 09:51:17,5318.0,68290
2021-06-11 09:51:18,5318.0,68290
2021-06-11 09:51:19,5317.3,68579
2021-06-11 09:51:21,5317.3,68579
2021-06-11 09:51:22,5317.3,68579
2021-06-11 09:51:23,5317.3,68579
2021-06-11 09:51:25,5317.85,68612
2021-06-11 09:51:25,5317.85,68612
2021-06-11 09:51:27,5320.0,68614
2021-06-11 09:51:28,5318.1,68619
2021-06-11 09:51:29,5318.1,68619
2021-06-11 09:51:30,5318.1,68619
2021-06-11 09:51:31,5318.1,68619
2021-06-11 09:51:32,5318.1,68704
2021-06-11 09:51:33,5318.1,68706
2021-06-11 09:51:34,5320.0,68707
2021-06-11 09:51:35,5318.1,68730
2021-06-11 09:51:36,5318.1,68731
2021-06-11 09:51:37,5317.4,68732
2021-06-11 09:51:38,5317.4,68732
2021-06-11 09:51:39,5317.4,68734
2021-06-11 09:51:40,5317.4,68735
2021-06-11 09:51:41,5319.75,68745
2021-06-11 09:51:42,5318.0,68748
2021-06-11 09:51:43,5318.0,68748
2021-06-11 09:51:44,5318.5,68750
2021-06-11 09:51:45,5318.5,68750
2021-06-11 09:51:46,5318.5,68755
2021-06-11 09:51:47,5318.5,68755
2021-06-11 09:51:48,5318.0,68765
2021-06-11 09:51:49,5318.5,68965
2021-06-11 09:51:50,5318.5,68965
2021-06-11 09:51:51,5318.5,68965
2021-06-11 09:51:52,5318.95,69024
2021-06-11 09:51:53,5318.95,69024
2021-06-11 09:51:54,5318.95,69024
2021-06-11 09:51:55,5318.0,69025
2021-06-11 09:51:55,5318.0,69025
2021-06-11 09:51:56,5317.2,69026
2021-06-11 09:51:58,5318.5,69051
2021-06-11 09:51:59,5317.2,69153
2021-06-11 09:52:00,5317.2,69154
2021-06-11 09:52:01,5318.5,69156
2021-06-11 09:52:02,5318.5,69156
2021-06-11 09:52:02,5318.5,69156
2021-06-11 09:52:04,5317.0,69268
2021-06-11 09:52:05,5317.2,69339
2021-06-11 09:52:06,5317.2,69339
2021-06-11 09:52:07,5316.85,69359
2021-06-11 09:52:08,5318.0,69475
2021-06-11 09:52:09,5316.25,69477
2021-06-11 09:52:10,5316.25,69477
2021-06-11 09:52:11,5316.25,69477
2021-06-11 09:52:12,5318.5,69484
2021-06-11 09:52:12,5318.5,69484
2021-06-11 09:52:14,5315.45,69524
2021-06-11 09:52:15,5315.45,69524
2021-06-11 09:52:16,5317.0,69574
2021-06-11 09:52:16,5318.0,69575
2021-06-11 09:52:17,5316.9,69681
2021-06-11 09:52:18,5315.5,69683
2021-06-11 09:52:19,5318.0,69696
2021-06-11 09:52:21,5318.0,69696
2021-06-11 09:52:22,5318.0,69696
2021-06-11 09:52:23,5320.0,69702
2021-06-11 09:52:24,5319.1,70052
2021-06-11 09:52:25,5319.15,70103
2021-06-11 09:52:26,5319.15,70103
2021-06-11 09:52:27,5317.1,70112
2021-06-11 09:52:28,5317.1,70114
2021-06-11 09:52:29,5317.0,70314
2021-06-11 09:52:30,5317.0,70314
2021-06-11 09:52:31,5319.15,70316
2021-06-11 09:52:32,5319.15,70316
2021-06-11 09:52:33,5319.15,70326
2021-06-11 09:52:34,5319.15,70326
2021-06-11 09:52:35,5319.15,70326
2021-06-11 09:52:36,5319.15,70326
2021-06-11 09:52:37,5319.15,70326
2021-06-11 09:52:38,5319.15,70326
2021-06-11 09:52:39,5319.15,70326
2021-06-11 09:52:40,5320.5,71132
2021-06-11 09:52:41,5319.05,71162
2021-06-11 09:52:42,5319.15,71164
2021-06-11 09:52:43,5318.9,71165
2021-06-11 09:52:44,5318.9,71165
2021-06-11 09:52:44,5318.9,71165
2021-06-11 09:52:45,5318.9,71165
2021-06-11 09:52:46,5318.9,71165
2021-06-11 09:52:47,5319.1,71196
2021-06-11 09:52:48,5319.1,71196
2021-06-11 09:52:50,5319.05,71231
2021-06-11 09:52:51,5319.1,71241
2021-06-11 09:52:52,5319.1,71274
2021-06-11 09:52:53,5319.1,71274
2021-06-11 09:52:54,5320.0,71367
2021-06-11 09:52:55,5320.0,71367
2021-06-11 09:52:55,5320.05,71403
2021-06-11 09:52:57,5320.05,71403
2021-06-11 09:52:58,5320.0,71420
2021-06-11 09:52:59,5319.1,71435
2021-06-11 09:53:00,5319.1,71435
2021-06-11 09:53:01,5320.05,71515
2021-06-11 09:53:02,5320.05,71515
2021-06-11 09:53:03,5320.0,71519
2021-06-11 09:53:04,5319.1,71534
2021-06-11 09:53:05,5320.8,71538
2021-06-11 09:53:06,5320.8,71538
2021-06-11 09:53:07,5320.0,71539
2021-06-11 09:53:08,5319.15,71564
2021-06-11 09:53:09,5319.15,71564
2021-06-11 09:53:10,5321.0,71634
2021-06-11 09:53:11,5322.0,71753
2021-06-11 09:53:12,5320.55,71888
2021-06-11 09:53:14,5324.0,72117
2021-06-11 09:53:15,5324.0,72298
2021-06-11 09:53:16,5328.0,75777
2021-06-11 09:53:16,5328.65,76210
2021-06-11 09:53:18,5326.4,76273
2021-06-11 09:53:19,5328.0,76621
2021-06-11 09:53:20,5328.65,76895
2021-06-11 09:53:21,5328.0,77028
2021-06-11 09:53:22,5328.0,77548
2021-06-11 09:53:23,5329.8,77876
2021-06-11 09:53:24,5329.8,77876
2021-06-11 09:53:25,5328.0,77919
2021-06-11 09:53:26,5329.45,77969
2021-06-11 09:53:27,5327.9,78007
2021-06-11 09:53:28,5327.9,78007
2021-06-11 09:53:29,5327.85,78037
2021-06-11 09:53:30,5328.9,78242
2021-06-11 09:53:31,5326.9,78400
2021-06-11 09:53:31,5325.4,78453
2021-06-11 09:53:33,5324.55,79045
2021-06-11 09:53:34,5324.55,79061
2021-06-11 09:53:35,5324.55,79264
2021-06-11 09:53:36,5324.55,79302
2021-06-11 09:53:37,5324.85,79491
2021-06-11 09:53:38,5326.85,79550
2021-06-11 09:53:39,5326.85,79550
2021-06-11 09:53:40,5326.9,79639
2021-06-11 09:53:41,5326.85,79819
2021-06-11 09:53:42,5326.8,79927
2021-06-11 09:53:43,5326.8,79927
2021-06-11 09:53:44,5326.0,79944
2021-06-11 09:53:45,5326.0,79944
2021-06-11 09:53:46,5326.35,79947
2021-06-11 09:53:47,5326.8,80097
2021-06-11 09:53:48,5326.9,80192
2021-06-11 09:53:49,5325.0,80845
2021-06-11 09:53:50,5324.55,81106
2021-06-11 09:53:51,5326.75,81196
2021-06-11 09:53:52,5327.7,81345
2021-06-11 09:53:53,5325.3,81359
2021-06-11 09:53:54,5327.9,81524
2021-06-11 09:53:56,5326.0,81674
2021-06-11 09:53:58,5327.5,81718
2021-06-11 09:53:59,5330.0,82039
2021-06-11 09:53:59,5330.0,82039
2021-06-11 09:54:01,5330.0,82737
2021-06-11 09:54:02,5331.15,83171
2021-06-11 09:54:03,5331.25,83186
2021-06-11 09:54:04,5328.8,83208
2021-06-11 09:54:05,5327.2,83324
2021-06-11 09:54:06,5327.2,83324
2021-06-11 09:54:07,5329.65,83339
2021-06-11 09:54:08,5328.8,83340
2021-06-11 09:54:09,5330.15,83440
2021-06-11 09:54:10,5330.0,83450
2021-06-11 09:54:11,5330.0,83450
2021-06-11 09:54:12,5330.0,83585
2021-06-11 09:54:13,5330.0,83586
2021-06-11 09:54:14,5330.0,83588
2021-06-11 09:54:15,5330.0,83690
2021-06-11 09:54:16,5331.7,83869
2021-06-11 09:54:17,5330.05,83950
2021-06-11 09:54:18,5330.1,83952
2021-06-11 09:54:19,5332.45,84519
2021-06-11 09:54:20,5328.8,84799
2021-06-11 09:54:21,5330.95,84811
2021-06-11 09:54:22,5332.05,85061
2021-06-11 09:54:23,5332.0,85337
2021-06-11 09:54:24,5329.05,85338
2021-06-11 09:54:25,5329.05,85338
2021-06-11 09:54:27,5330.1,85431
2021-06-11 09:54:29,5330.1,85764
2021-06-11 09:54:30,5331.95,85855
2021-06-11 09:54:31,5330.0,85858
2021-06-11 09:54:32,5332.0,85921
2021-06-11 09:54:33,5331.95,85943
2021-06-11 09:54:34,5332.0,85960
2021-06-11 09:54:35,5332.0,85965
2021-06-11 09:54:36,5330.1,85967
2021-06-11 09:54:37,5330.1,86029
2021-06-11 09:54:38,5330.1,86077
2021-06-11 09:54:39,5332.0,86134
2021-06-11 09:54:40,5331.9,86145
2021-06-11 09:54:41,5331.05,86170
2021-06-11 09:54:41,5331.9,86203
2021-06-11 09:54:43,5329.6,86416
2021-06-11 09:54:44,5331.9,86441
2021-06-11 09:54:45,5331.9,86442
2021-06-11 09:54:46,5331.0,86447
2021-06-11 09:54:47,5331.9,86510
2021-06-11 09:54:48,5331.8,86560
2021-06-11 09:54:48,5332.0,86775
2021-06-11 09:54:49,5329.6,87015
2021-06-11 09:54:51,5327.85,87038
2021-06-11 09:54:52,5329.6,87099
2021-06-11 09:54:53,5328.15,87138
2021-06-11 09:54:54,5328.55,87140
2021-06-11 09:54:55,5328.55,87140
2021-06-11 09:54:56,5330.95,87173
2021-06-11 09:54:57,5330.95,87173
2021-06-11 09:54:58,5328.8,87183
2021-06-11 09:54:59,5331.0,87194
2021-06-11 09:55:00,5331.0,87196
2021-06-11 09:55:00,5331.1,87302
2021-06-11 09:55:01,5331.05,87520
2021-06-11 09:55:03,5331.0,87715
2021-06-11 09:55:04,5331.0,87728
2021-06-11 09:55:05,5331.0,87738
2021-06-11 09:55:06,5330.9,87801
2021-06-11 09:55:07,5330.9,87801
2021-06-11 09:55:08,5329.65,87901
2021-06-11 09:55:09,5331.0,88022
2021-06-11 09:55:10,5328.9,88032
2021-06-11 09:55:11,5329.6,88110
2021-06-11 09:55:12,5331.95,88118
2021-06-11 09:55:13,5329.1,88123
2021-06-11 09:55:14,5329.95,88125
2021-06-11 09:55:15,5329.95,88125
2021-06-11 09:55:16,5329.95,88125
2021-06-11 09:55:17,5329.95,88178
2021-06-11 09:55:18,5329.65,88214
2021-06-11 09:55:19,5328.95,88645
2021-06-11 09:55:20,5329.95,88656
2021-06-11 09:55:21,5329.95,88656
2021-06-11 09:55:22,5329.95,88756
2021-06-11 09:55:23,5330.0,88762
2021-06-11 09:55:24,5330.0,88763
2021-06-11 09:55:25,5330.0,88777
2021-06-11 09:55:26,5330.0,88808
2021-06-11 09:55:27,5328.6,88853
2021-06-11 09:55:28,5328.8,88979
2021-06-11 09:55:29,5330.0,88988
2021-06-11 09:55:30,5330.0,88988
2021-06-11 09:55:31,5328.1,89008
2021-06-11 09:55:32,5329.8,89009
2021-06-11 09:55:33,5327.4,89134
2021-06-11 09:55:34,5327.4,89134
2021-06-11 09:55:35,5327.25,89169
2021-06-11 09:55:36,5329.8,89244
2021-06-11 09:55:37,5326.4,89448
2021-06-11 09:55:38,5329.75,89460
2021-06-11 09:55:39,5328.0,89462
2021-06-11 09:55:40,5328.0,89521
2021-06-11 09:55:41,5328.0,89521
2021-06-11 09:55:42,5328.0,89642
2021-06-11 09:55:43,5327.95,89757
2021-06-11 09:55:44,5327.85,89941
2021-06-11 09:55:45,5327.9,89991
2021-06-11 09:55:46,5329.95,90228
2021-06-11 09:55:47,5329.75,90261
2021-06-11 09:55:48,5327.6,90263
2021-06-11 09:55:49,5329.95,90294
2021-06-11 09:55:50,5328.35,90742
2021-06-11 09:55:51,5328.15,90743
2021-06-11 09:55:52,5330.45,90783
2021-06-11 09:55:53,5330.45,90824
2021-06-11 09:55:55,5328.5,91311
2021-06-11 09:55:56,5330.95,91384
2021-06-11 09:55:57,5330.95,91384
2021-06-11 09:55:58,5328.35,91415
2021-06-11 09:55:59,5330.55,91417
2021-06-11 09:56:00,5330.5,91483
2021-06-11 09:56:01,5330.0,91586
2021-06-11 09:56:02,5332.0,91812
2021-06-11 09:56:03,5333.0,91914
2021-06-11 09:56:04,5330.65,91943
2021-06-11 09:56:05,5330.65,91943
2021-06-11 09:56:06,5330.75,92018
2021-06-11 09:56:07,5330.85,92073
2021-06-11 09:56:08,5332.0,92222
2021-06-11 09:56:09,5331.2,92322
2021-06-11 09:56:10,5333.55,92362
2021-06-11 09:56:11,5331.0,92373
2021-06-11 09:56:12,5330.75,92500
2021-06-11 09:56:13,5333.45,92588
2021-06-11 09:56:14,5331.3,92638
2021-06-11 09:56:15,5334.0,92756
2021-06-11 09:56:16,5333.0,92761
2021-06-11 09:56:17,5333.65,92865
2021-06-11 09:56:19,5330.4,93016
2021-06-11 09:56:20,5333.0,93029
2021-06-11 09:56:21,5332.8,93328
2021-06-11 09:56:22,5332.8,93531
2021-06-11 09:56:23,5331.3,93581
2021-06-11 09:56:24,5330.45,93631
2021-06-11 09:56:25,5333.9,93698
2021-06-11 09:56:26,5331.2,93798
2021-06-11 09:56:27,5330.2,93849
2021-06-11 09:56:28,5332.95,93861
2021-06-11 09:56:29,5332.5,93919
2021-06-11 09:56:30,5332.5,93929
2021-06-11 09:56:31,5332.5,93929
2021-06-11 09:56:32,5330.1,94020
2021-06-11 09:56:33,5333.05,94094
2021-06-11 09:56:34,5330.0,94179
2021-06-11 09:56:35,5332.1,94226
2021-06-11 09:56:36,5332.1,94226
2021-06-11 09:56:37,5330.0,94316
2021-06-11 09:56:38,5330.0,94376
2021-06-11 09:56:39,5331.0,94474
2021-06-11 09:56:40,5331.0,94504
2021-06-11 09:56:41,5331.65,94516
2021-06-11 09:56:42,5332.0,94550
2021-06-11 09:56:43,5330.0,94555
2021-06-11 09:56:44,5330.0,94555
2021-06-11 09:56:45,5330.0,94555
2021-06-11 09:56:46,5330.0,94556
2021-06-11 09:56:47,5330.1,94568
2021-06-11 09:56:48,5330.0,94571
2021-06-11 09:56:49,5328.8,94621
2021-06-11 09:56:50,5330.0,94787
2021-06-11 09:56:51,5330.0,94787
2021-06-11 09:56:52,5332.0,94983
2021-06-11 09:56:53,5332.0,94983
2021-06-11 09:56:54,5328.0,95088
2021-06-11 09:56:55,5328.85,95188
2021-06-11 09:56:56,5328.7,95264
2021-06-11 09:56:57,5328.7,95264
2021-06-11 09:56:58,5327.45,95414
2021-06-11 09:56:59,5327.2,95416
2021-06-11 09:57:00,5328.8,95440
2021-06-11 09:57:01,5327.25,95613
2021-06-11 09:57:02,5329.5,95643
2021-06-11 09:57:03,5327.2,95645
2021-06-11 09:57:04,5329.4,95898
2021-06-11 09:57:05,5329.75,96074
2021-06-11 09:57:06,5330.0,97181
2021-06-11 09:57:07,5328.75,97282
2021-06-11 09:57:08,5328.8,97332
2021-06-11 09:57:09,5328.6,97382
2021-06-11 09:57:10,5327.55,97584
2021-06-11 09:57:11,5327.5,97634
2021-06-11 09:57:12,5330.3,97650
2021-06-11 09:57:13,5328.4,97876
2021-06-11 09:57:15,5330.6,98018
2021-06-11 09:57:14,5330.6,98018
2021-06-11 09:57:16,5327.0,98259
2021-06-11 09:57:17,5327.0,98381
2021-06-11 09:57:18,5327.0,98381
2021-06-11 09:57:19,5328.0,98761
2021-06-11 09:57:20,5330.95,98861
2021-06-11 09:57:21,5328.0,98982
2021-06-11 09:57:22,5328.0,98982
2021-06-11 09:57:23,5327.5,99085
2021-06-11 09:57:24,5327.5,99137
2021-06-11 09:57:25,5327.5,99137
2021-06-11 09:57:26,5327.0,99287
2021-06-11 09:57:27,5326.15,99295
2021-06-11 09:57:30,5327.95,99326
2021-06-11 09:57:31,5327.0,99389
2021-06-11 09:57:32,5325.6,99543
2021-06-11 09:57:33,5325.6,99543
2021-06-11 09:57:34,5330.0,99755
2021-06-11 09:57:35,5326.0,99760
2021-06-11 09:57:36,5326.05,99816
2021-06-11 09:57:37,5326.05,99816
2021-06-11 09:57:38,5326.05,99816
2021-06-11 09:57:39,5326.05,99816
2021-06-11 09:57:40,5328.0,99824
2021-06-11 09:57:41,5327.0,99827
2021-06-11 09:57:42,5328.0,99836
2021-06-11 09:57:44,5328.0,99836
2021-06-11 09:57:45,5326.0,99929
2021-06-11 09:57:46,5325.75,99949
2021-06-11 09:57:46,5326.05,99955
2021-06-11 09:57:47,5328.0,100005
2021-06-11 09:57:48,5328.0,100046
2021-06-11 09:57:49,5328.0,100052
2021-06-11 09:57:50,5328.0,100052
2021-06-11 09:57:51,5329.8,100118
2021-06-11 09:57:52,5327.2,100218
2021-06-11 09:57:53,5327.2,100218
2021-06-11 09:57:54,5327.2,100218
2021-06-11 09:57:56,5329.0,100225
2021-06-11 09:57:57,5329.0,100225
2021-06-11 09:57:58,5329.0,100225
2021-06-11 09:57:59,5329.0,100253
2021-06-11 09:58:00,5329.0,100266
2021-06-11 09:58:01,5329.95,100413
2021-06-11 09:58:02,5327.5,100436
2021-06-11 09:58:03,5327.5,100447
2021-06-11 09:58:04,5329.85,100461
2021-06-11 09:58:06,5327.6,100521
2021-06-11 09:58:06,5327.2,100621
2021-06-11 09:58:07,5327.2,100621
2021-06-11 09:58:08,5329.0,100650
2021-06-11 09:58:10,5327.2,100662
2021-06-11 09:58:11,5327.0,100665
2021-06-11 09:58:12,5327.0,100665
2021-06-11 09:58:14,5329.0,100733
2021-06-11 09:58:14,5329.0,100733
2021-06-11 09:58:15,5327.0,100762
2021-06-11 09:58:16,5325.0,101093
2021-06-11 09:58:18,5325.45,101146
2021-06-11 09:58:18,5325.45,101146
2021-06-11 09:58:19,5325.75,101397
2021-06-11 09:58:20,5328.1,101398
2021-06-11 09:58:21,5328.1,101398
2021-06-11 09:58:22,5328.55,101406
2021-06-11 09:58:23,5328.55,101406
2021-06-11 09:58:24,5325.75,101456
2021-06-11 09:58:26,5325.3,101504
2021-06-11 09:58:26,5325.3,101504
2021-06-11 09:58:28,5326.85,101529
2021-06-11 09:58:28,5326.85,101529
2021-06-11 09:58:29,5326.85,101529
2021-06-11 09:58:30,5325.0,101629
2021-06-11 09:58:31,5325.0,101629
2021-06-11 09:58:32,5325.0,101700
2021-06-11 09:58:33,5325.0,101702
2021-06-11 09:58:35,5327.0,101710
2021-06-11 09:58:36,5327.0,101710
2021-06-11 09:58:36,5327.0,101710
2021-06-11 09:58:37,5325.0,101713
2021-06-11 09:58:38,5325.0,101714
2021-06-11 09:58:39,5325.0,101714
2021-06-11 09:58:40,5326.15,101745
2021-06-11 09:58:41,5326.15,101745
2021-06-11 09:58:42,5325.0,101752
2021-06-11 09:58:43,5325.0,101752
2021-06-11 09:58:44,5325.0,101782
2021-06-11 09:58:45,5325.0,101833
2021-06-11 09:58:46,5325.0,101833
2021-06-11 09:58:47,5325.0,101870
2021-06-11 09:58:48,5324.0,101972
2021-06-11 09:58:49,5325.0,101981
2021-06-11 09:58:50,5324.7,101983
2021-06-11 09:58:51,5323.25,101988
2021-06-11 09:58:52,5323.25,101988
2021-06-11 09:58:53,5323.45,101993
2021-06-11 09:58:55,5322.4,102037
2021-06-11 09:58:55,5322.4,102037
2021-06-11 09:58:56,5322.4,102037
2021-06-11 09:58:58,5322.0,102054
2021-06-11 09:58:58,5322.0,102054
2021-06-11 09:58:59,5322.0,102054
2021-06-11 09:59:01,5324.65,102094
2021-06-11 09:59:02,5321.8,102194
2021-06-11 09:59:03,5321.85,102211
2021-06-11 09:59:04,5324.3,102246
2021-06-11 09:59:05,5321.8,102247
2021-06-11 09:59:08,5321.85,102432
2021-06-11 09:59:09,5322.0,102454
2021-06-11 09:59:10,5323.55,102597
2021-06-11 09:59:11,5323.55,102597
2021-06-11 09:59:12,5320.8,102613
2021-06-11 09:59:13,5320.8,102613
2021-06-11 09:59:14,5320.8,102613
2021-06-11 09:59:15,5321.2,102614
2021-06-11 09:59:17,5320.0,102798
2021-06-11 09:59:18,5320.0,102803
2021-06-11 09:59:19,5320.0,102803
2021-06-11 09:59:20,5321.0,102804
2021-06-11 09:59:21,5321.0,102804
2021-06-11 09:59:22,5320.5,102807
2021-06-11 09:59:23,5320.3,103398
2021-06-11 09:59:23,5319.85,103400
2021-06-11 09:59:24,5318.0,103501
2021-06-11 09:59:25,5318.0,103501
2021-06-11 09:59:26,5318.0,103512
2021-06-11 09:59:27,5318.0,103545
2021-06-11 09:59:28,5316.85,103611
2021-06-11 09:59:29,5316.85,103611
2021-06-11 09:59:30,5316.85,103611
2021-06-11 09:59:31,5318.0,103649
2021-06-11 09:59:32,5318.0,103672
2021-06-11 09:59:33,5318.0,103683
2021-06-11 09:59:35,5318.95,103695
2021-06-11 09:59:37,5318.0,103810
2021-06-11 09:59:38,5318.0,103810
2021-06-11 09:59:39,5318.0,103921
2021-06-11 09:59:39,5318.0,103923
2021-06-11 09:59:41,5317.45,103949
2021-06-11 09:59:42,5318.0,104007
2021-06-11 09:59:42,5318.0,104007
2021-06-11 09:59:43,5318.0,104007
2021-06-11 09:59:45,5317.45,104010
2021-06-11 09:59:45,5317.45,104010
2021-06-11 09:59:46,5318.0,104044
2021-06-11 09:59:47,5318.0,104052
2021-06-11 09:59:48,5317.45,104054
2021-06-11 09:59:49,5317.45,104109
2021-06-11 09:59:50,5318.0,104893
2021-06-11 09:59:51,5318.0,104898
2021-06-11 09:59:52,5320.0,105085
2021-06-11 09:59:53,5320.0,105085
2021-06-11 09:59:54,5320.0,105338
2021-06-11 09:59:55,5320.5,105340
2021-06-11 09:59:56,5322.0,105422
2021-06-11 09:59:57,5320.5,105430
2021-06-11 09:59:58,5320.5,105431
2021-06-11 09:59:59,5320.5,105431
2021-06-11 10:00:00,5321.05,105434
2021-06-11 10:00:01,5320.05,105435
2021-06-11 10:00:02,5322.0,105462
2021-06-11 10:00:03,5322.95,105562
2021-06-11 10:00:04,5322.95,105562
2021-06-11 10:00:05,5321.2,105573
2021-06-11 10:00:06,5321.2,105573
2021-06-11 10:00:08,5321.2,105573
2021-06-11 10:00:09,5323.0,105577
2021-06-11 10:00:10,5323.0,105577
2021-06-11 10:00:11,5324.0,105587
2021-06-11 10:00:11,5324.0,105587
2021-06-11 10:00:12,5324.0,105587
2021-06-11 10:00:13,5324.0,105587
2021-06-11 10:00:14,5321.0,105637
2021-06-11 10:00:15,5325.6,105918
2021-06-11 10:00:16,5324.85,105998
2021-06-11 10:00:17,5323.0,106000
2021-06-11 10:00:18,5325.6,106100
2021-06-11 10:00:20,5325.6,106100
2021-06-11 10:00:21,5323.0,106110
2021-06-11 10:00:22,5323.0,106110
2021-06-11 10:00:22,5323.0,106110
2021-06-11 10:00:23,5323.0,106110
2021-06-11 10:00:24,5323.0,106110
2021-06-11 10:00:25,5325.0,106124
2021-06-11 10:00:26,5323.0,106134
2021-06-11 10:00:28,5323.0,106134
2021-06-11 10:00:28,5323.0,106134
2021-06-11 10:00:30,5325.5,106238
2021-06-11 10:00:31,5323.15,106278
2021-06-11 10:00:32,5323.2,106293
2021-06-11 10:00:33,5325.5,106296
2021-06-11 10:00:34,5323.2,106298
2021-06-11 10:00:35,5325.5,106300
2021-06-11 10:00:36,5325.5,106300
2021-06-11 10:00:37,5325.3,106301
2021-06-11 10:00:38,5325.3,106301
2021-06-11 10:00:39,5325.3,106301
2021-06-11 10:00:41,5325.3,106301
2021-06-11 10:00:42,5324.4,106303
2021-06-11 10:00:43,5323.45,106308
2021-06-11 10:00:44,5323.45,106308
2021-06-11 10:00:45,5323.45,106308
2021-06-11 10:00:48,5323.45,106313
2021-06-11 10:00:49,5323.45,106313
2021-06-11 10:00:49,5323.45,106313
2021-06-11 10:00:51,5324.75,106334
2021-06-11 10:00:52,5325.0,106356
2021-06-11 10:00:53,5325.0,106440
2021-06-11 10:00:53,5325.0,106440
2021-06-11 10:00:55,5325.0,106440
2021-06-11 10:00:56,5325.0,106469
2021-06-11 10:00:57,5325.0,106481
2021-06-11 10:00:59,5324.8,106502
2021-06-11 10:00:59,5324.8,106502
2021-06-11 10:01:00,5324.8,106502
2021-06-11 10:01:01,5324.9,106505
2021-06-11 10:01:02,5325.0,106671
2021-06-11 10:01:04,5325.0,106687
2021-06-11 10:01:05,5325.0,106689
2021-06-11 10:01:06,5324.8,106702
2021-06-11 10:01:07,5324.8,106747
2021-06-11 10:01:08,5324.8,106747
2021-06-11 10:01:09,5323.3,106748
2021-06-11 10:01:10,5324.8,106777
2021-06-11 10:01:11,5324.8,106777
2021-06-11 10:01:12,5323.3,106779
2021-06-11 10:01:13,5323.3,106779
2021-06-11 10:01:14,5323.3,106779
2021-06-11 10:01:14,5323.3,106779
2021-06-11 10:01:15,5322.0,107159
2021-06-11 10:01:16,5322.8,107166
2021-06-11 10:01:17,5322.8,107166
2021-06-11 10:01:18,5321.2,107221
2021-06-11 10:01:20,5323.0,107226
2021-06-11 10:01:20,5323.0,107226
2021-06-11 10:01:21,5323.0,107226
2021-06-11 10:01:22,5321.0,107412
2021-06-11 10:01:23,5321.0,107423
2021-06-11 10:01:24,5322.85,107430
2021-06-11 10:01:25,5322.85,107430
2021-06-11 10:01:27,5322.85,107436
2021-06-11 10:01:27,5322.85,107436
2021-06-11 10:01:28,5322.85,107436
2021-06-11 10:01:29,5321.0,107437
2021-06-11 10:01:30,5322.85,107453
2021-06-11 10:01:31,5322.85,107453
2021-06-11 10:01:32,5321.4,107461
2021-06-11 10:01:33,5321.95,107464
2021-06-11 10:01:34,5321.95,107468
2021-06-11 10:01:35,5321.95,107468
2021-06-11 10:01:36,5321.95,107468
2021-06-11 10:01:37,5321.95,107473
2021-06-11 10:01:38,5321.35,107508
2021-06-11 10:01:40,5321.35,107508
2021-06-11 10:01:41,5321.1,107549
2021-06-11 10:01:42,5321.1,107552
2021-06-11 10:01:43,5321.1,107552
2021-06-11 10:01:43,5321.1,107552
2021-06-11 10:01:44,5321.1,107552
2021-06-11 10:01:45,5322.9,107582
2021-06-11 10:01:46,5321.95,107584
2021-06-11 10:01:47,5321.95,107596
2021-06-11 10:01:48,5321.95,107596
2021-06-11 10:01:49,5322.9,107617
2021-06-11 10:01:50,5322.9,107623
2021-06-11 10:01:51,5323.2,107777
2021-06-11 10:01:52,5323.0,107783
2021-06-11 10:01:54,5323.0,107783
2021-06-11 10:01:55,5325.0,108793
2021-06-11 10:01:56,5325.0,108793
2021-06-11 10:01:57,5325.0,108844
2021-06-11 10:01:57,5325.0,108844
2021-06-11 10:01:58,5325.0,108864
2021-06-11 10:01:59,5325.0,108864
2021-06-11 10:02:02,5326.8,108903
2021-06-11 10:02:03,5325.35,108905
2021-06-11 10:02:04,5325.35,108905
2021-06-11 10:02:04,5325.35,108905
2021-06-11 10:02:05,5326.8,108910
2021-06-11 10:02:06,5326.8,109286
2021-06-11 10:02:09,5326.8,109294
2021-06-11 10:02:10,5326.8,109294
2021-06-11 10:02:11,5326.8,109294
2021-06-11 10:02:12,5328.0,109574
2021-06-11 10:02:13,5329.0,109656
2021-06-11 10:02:13,5329.0,109656
2021-06-11 10:02:15,5329.0,109791
2021-06-11 10:02:16,5329.15,109793
2021-06-11 10:02:17,5329.7,109803
2021-06-11 10:02:18,5329.7,109832
2021-06-11 10:02:18,5329.7,109832
2021-06-11 10:02:19,5330.0,109844
2021-06-11 10:02:20,5330.0,109844
2021-06-11 10:02:21,5329.85,109845
2021-06-11 10:02:23,5329.7,109849
2021-06-11 10:02:25,5327.15,110166
2021-06-11 10:02:26,5329.35,110183
2021-06-11 10:02:27,5329.35,110183
2021-06-11 10:02:27,5329.35,110183
2021-06-11 10:02:28,5329.35,110183
2021-06-11 10:02:29,5329.35,110183
2021-06-11 10:02:31,5329.8,110263
2021-06-11 10:02:32,5330.0,111578
2021-06-11 10:02:33,5328.3,111590
2021-06-11 10:02:34,5330.0,111601
2021-06-11 10:02:35,5330.0,111603
2021-06-11 10:02:36,5330.0,111603
2021-06-11 10:02:36,5330.0,111603
2021-06-11 10:02:37,5329.45,111608
2021-06-11 10:02:38,5330.15,111669
2021-06-11 10:02:39,5329.45,111694
2021-06-11 10:02:41,5328.0,111757
2021-06-11 10:02:42,5327.2,111759
2021-06-11 10:02:43,5327.2,111759
2021-06-11 10:02:44,5327.2,111765
2021-06-11 10:02:45,5329.2,111796
2021-06-11 10:02:46,5329.35,111899
2021-06-11 10:02:47,5329.35,111899
2021-06-11 10:02:48,5328.35,111911
2021-06-11 10:02:49,5327.0,111914
2021-06-11 10:02:50,5328.35,111921
2021-06-11 10:02:51,5327.0,111931
2021-06-11 10:02:51,5327.0,111931
2021-06-11 10:02:52,5328.2,111944
2021-06-11 10:02:53,5328.2,111944
2021-06-11 10:02:55,5328.2,111944
2021-06-11 10:02:56,5328.3,111953
2021-06-11 10:02:57,5327.6,112038
2021-06-11 10:02:57,5327.6,112038
2021-06-11 10:02:58,5327.2,112048
2021-06-11 10:02:59,5327.2,112048
2021-06-11 10:03:00,5327.2,112067
2021-06-11 10:03:01,5327.0,112076
2021-06-11 10:03:02,5326.8,112228
2021-06-11 10:03:03,5329.1,112388
2021-06-11 10:03:04,5329.1,112388
2021-06-11 10:03:05,5329.1,112388
2021-06-11 10:03:06,5329.45,112397
2021-06-11 10:03:08,5328.85,112440
2021-06-11 10:03:09,5329.45,112480
2021-06-11 10:03:10,5329.45,112480
2021-06-11 10:03:11,5326.8,112533
2021-06-11 10:03:12,5326.8,112535
2021-06-11 10:03:13,5329.9,112568
2021-06-11 10:03:14,5328.2,112618
2021-06-11 10:03:14,5329.9,112568
2021-06-11 10:03:15,5328.85,112698
2021-06-11 10:03:16,5330.0,112715
2021-06-11 10:03:17,5328.9,112717
2021-06-11 10:03:19,5328.9,112717
2021-06-11 10:03:20,5328.9,112717
2021-06-11 10:03:21,5330.0,112767
2021-06-11 10:03:22,5329.45,112842
2021-06-11 10:03:23,5329.95,112854
2021-06-11 10:03:24,5329.95,112862
2021-06-11 10:03:25,5328.2,112892
2021-06-11 10:03:26,5330.0,112926
2021-06-11 10:03:27,5330.0,112955
2021-06-11 10:03:27,5330.0,112955
2021-06-11 10:03:28,5328.55,113607
2021-06-11 10:03:29,5328.6,113642
2021-06-11 10:03:30,5330.0,113667
2021-06-11 10:03:32,5330.0,113695
2021-06-11 10:03:32,5329.95,113698
2021-06-11 10:03:33,5329.95,113698
2021-06-11 10:03:34,5331.0,113749
2021-06-11 10:03:35,5330.95,113810
2021-06-11 10:03:36,5330.95,113810
2021-06-11 10:03:37,5330.0,113835
2021-06-11 10:03:39,5330.0,113839
2021-06-11 10:03:40,5330.0,113852
2021-06-11 10:03:41,5330.0,113856
2021-06-11 10:03:42,5331.0,113871
2021-06-11 10:03:43,5331.0,113871
2021-06-11 10:03:44,5331.0,113876
2021-06-11 10:03:44,5331.0,113876
2021-06-11 10:03:45,5331.0,113880
2021-06-11 10:03:46,5331.0,113880
2021-06-11 10:03:47,5330.0,113936
2021-06-11 10:03:48,5332.0,114036
2021-06-11 10:03:49,5332.0,114036
2021-06-11 10:03:50,5330.0,114041
2021-06-11 10:03:52,5331.0,114131
2021-06-11 10:03:54,5332.0,114251
2021-06-11 10:03:55,5330.0,114301
2021-06-11 10:03:56,5330.0,114301
2021-06-11 10:03:57,5331.0,114306
2021-06-11 10:03:57,5330.0,114321
2021-06-11 10:03:58,5331.0,114381
2021-06-11 10:03:59,5331.0,114382
2021-06-11 10:04:00,5331.9,114438
2021-06-11 10:04:01,5330.0,114443
2021-06-11 10:04:02,5328.6,114487
2021-06-11 10:04:05,5328.2,114632
2021-06-11 10:04:06,5329.1,114683
2021-06-11 10:04:07,5329.5,114807
2021-06-11 10:04:08,5329.75,114813
2021-06-11 10:04:09,5331.9,115315
2021-06-11 10:04:10,5331.9,115315
2021-06-11 10:04:11,5328.8,115355
2021-06-11 10:04:12,5331.15,115365
2021-06-11 10:04:12,5331.15,115365
2021-06-11 10:04:14,5331.15,115365
2021-06-11 10:04:15,5332.0,115487
2021-06-11 10:04:16,5331.15,115543
2021-06-11 10:04:17,5332.0,115545
2021-06-11 10:04:18,5331.15,115547
2021-06-11 10:04:18,5331.15,115552
2021-06-11 10:04:19,5331.15,115576
2021-06-11 10:04:21,5332.0,115626
2021-06-11 10:04:22,5331.95,115756
2021-06-11 10:04:23,5332.0,115796
2021-06-11 10:04:24,5331.95,115826
2021-06-11 10:04:25,5331.95,115826
2021-06-11 10:04:26,5331.15,115846
2021-06-11 10:04:27,5331.95,115862
2021-06-11 10:04:28,5331.95,115863
2021-06-11 10:04:29,5331.15,115888
2021-06-11 10:04:30,5332.0,115909
2021-06-11 10:04:31,5331.6,115911
2021-06-11 10:04:31,5331.6,115911
2021-06-11 10:04:32,5331.0,115924
2021-06-11 10:04:34,5331.0,115924
2021-06-11 10:04:35,5331.0,115924
2021-06-11 10:04:36,5331.15,115928
2021-06-11 10:04:37,5329.55,116040
2021-06-11 10:04:38,5331.95,116065
2021-06-11 10:04:39,5331.0,116070
2021-06-11 10:04:40,5332.0,116191
2021-06-11 10:04:41,5332.0,116194
2021-06-11 10:04:42,5332.0,116205
2021-06-11 10:04:43,5331.0,116305
2021-06-11 10:04:44,5330.0,116340
2021-06-11 10:04:45,5332.0,116545
2021-06-11 10:04:45,5332.0,116545
2021-06-11 10:04:48,5330.5,116552
2021-06-11 10:04:49,5332.0,116597
2021-06-11 10:04:50,5332.0,116599
2021-06-11 10:04:51,5332.4,117436
2021-06-11 10:04:52,5332.4,117437
2021-06-11 10:04:53,5332.4,117474
2021-06-11 10:04:54,5332.35,117489
2021-06-11 10:04:54,5332.35,117494
2021-06-11 10:04:56,5332.0,117516
2021-06-11 10:04:56,5332.0,117516
2021-06-11 10:04:58,5333.0,117517
2021-06-11 10:04:59,5334.45,117580
2021-06-11 10:05:00,5334.45,117580
2021-06-11 10:05:01,5335.0,117689
2021-06-11 10:05:02,5335.0,117756
2021-06-11 10:05:03,5334.5,117759
2021-06-11 10:05:04,5335.0,117770
2021-06-11 10:05:04,5335.0,117770
2021-06-11 10:05:06,5335.0,119341
2021-06-11 10:05:07,5336.0,119365
2021-06-11 10:05:07,5336.0,119365
2021-06-11 10:05:08,5336.3,119585
2021-06-11 10:05:10,5334.0,119595
2021-06-11 10:05:11,5334.5,119783
2021-06-11 10:05:13,5336.5,119863
2021-06-11 10:05:14,5335.0,119866
2021-06-11 10:05:15,5336.45,119902
2021-06-11 10:05:16,5336.45,119902
2021-06-11 10:05:17,5335.0,119908
2021-06-11 10:05:18,5336.45,119981
2021-06-11 10:05:19,5338.0,120562
2021-06-11 10:05:20,5338.0,120791
2021-06-11 10:05:21,5338.3,121104
2021-06-11 10:05:21,5339.8,121145
2021-06-11 10:05:22,5339.0,121520
2021-06-11 10:05:24,5340.0,124613
2021-06-11 10:05:25,5340.4,125785
2021-06-11 10:05:26,5339.2,126000
2021-06-11 10:05:27,5341.75,126030
2021-06-11 10:05:28,5340.0,126099
2021-06-11 10:05:28,5341.0,126109
2021-06-11 10:05:30,5341.0,126230
2021-06-11 10:05:31,5339.1,126258
2021-06-11 10:05:32,5339.0,126293
2021-06-11 10:05:33,5339.0,126452
2021-06-11 10:05:33,5339.0,126452
2021-06-11 10:05:34,5340.95,126459
2021-06-11 10:05:35,5339.0,126521
2021-06-11 10:05:36,5339.0,126537
2021-06-11 10:05:37,5339.0,126820
2021-06-11 10:05:39,5340.0,126857
2021-06-11 10:05:40,5340.4,126974
2021-06-11 10:05:41,5340.0,127088
2021-06-11 10:05:43,5340.0,127227
2021-06-11 10:05:43,5340.0,127227
2021-06-11 10:05:45,5340.0,127948
2021-06-11 10:05:45,5340.0,127948
2021-06-11 10:05:47,5340.0,127949
2021-06-11 10:05:48,5338.4,128020
2021-06-11 10:05:49,5340.0,128024
2021-06-11 10:05:50,5339.0,128038
2021-06-11 10:05:51,5340.0,128089
2021-06-11 10:05:52,5337.5,128143
2021-06-11 10:05:52,5337.5,128143
2021-06-11 10:05:53,5336.4,128277
2021-06-11 10:05:55,5338.0,128279
2021-06-11 10:05:56,5338.0,128289
2021-06-11 10:05:57,5336.0,128381
2021-06-11 10:05:58,5336.25,128516
2021-06-11 10:05:59,5336.3,128541
2021-06-11 10:05:59,5336.3,128541
2021-06-11 10:06:00,5336.3,128541
2021-06-11 10:06:02,5336.0,128554
2021-06-11 10:06:03,5338.0,128677
2021-06-11 10:06:04,5338.0,128677
2021-06-11 10:06:05,5336.0,128702
2021-06-11 10:06:06,5337.0,128703
2021-06-11 10:06:07,5337.0,128748
2021-06-11 10:06:07,5337.0,128748
2021-06-11 10:06:08,5336.3,128789
2021-06-11 10:06:10,5336.0,128899
2021-06-11 10:06:11,5338.15,128959
2021-06-11 10:06:12,5337.95,128981
2021-06-11 10:06:13,5335.2,129034
2021-06-11 10:06:13,5335.2,129034
2021-06-11 10:06:15,5332.05,129208
2021-06-11 10:06:16,5336.3,129251
2021-06-11 10:06:17,5336.25,129267
2021-06-11 10:06:18,5335.0,129284
2021-06-11 10:06:19,5336.55,129442
2021-06-11 10:06:20,5337.9,129480
2021-06-11 10:06:21,5337.9,129480
2021-06-11 10:06:22,5337.85,129497
2021-06-11 10:06:23,5336.0,129506
2021-06-11 10:06:24,5336.0,129506
2021-06-11 10:06:25,5336.0,129506
2021-06-11 10:06:26,5338.0,129531
2021-06-11 10:06:27,5338.0,129565
2021-06-11 10:06:28,5336.3,129609
2021-06-11 10:06:29,5338.4,129712
2021-06-11 10:06:30,5337.0,129744
2021-06-11 10:06:31,5337.0,129744
2021-06-11 10:06:32,5337.85,129759
2021-06-11 10:06:33,5340.0,129797
2021-06-11 10:06:34,5337.9,129813
2021-06-11 10:06:35,5339.6,129817
2021-06-11 10:06:37,5339.9,129869
2021-06-11 10:06:38,5340.0,129891
2021-06-11 10:06:39,5340.0,129892
2021-06-11 10:06:40,5340.0,129994
2021-06-11 10:06:41,5340.0,130033
2021-06-11 10:06:43,5340.0,130133
2021-06-11 10:06:42,5340.0,130133
2021-06-11 10:06:44,5339.0,130138
2021-06-11 10:06:45,5339.95,130149
2021-06-11 10:06:46,5339.6,130336
2021-06-11 10:06:47,5340.0,130490
2021-06-11 10:06:48,5339.0,130501
2021-06-11 10:06:49,5339.0,130559
2021-06-11 10:06:50,5340.0,130593
2021-06-11 10:06:51,5339.55,131118
2021-06-11 10:06:52,5339.3,131291
2021-06-11 10:06:53,5339.3,131293
2021-06-11 10:06:54,5339.65,131379
2021-06-11 10:06:55,5339.35,131399
2021-06-11 10:06:56,5339.35,131399
2021-06-11 10:06:57,5339.3,131421
2021-06-11 10:06:58,5339.5,131446
2021-06-11 10:06:59,5339.5,131446
2021-06-11 10:07:00,5340.0,131475
2021-06-11 10:07:01,5341.0,131983
2021-06-11 10:07:02,5341.55,132018
2021-06-11 10:07:03,5341.5,132121
2021-06-11 10:07:04,5341.55,132161
2021-06-11 10:07:05,5341.55,132171
2021-06-11 10:07:06,5341.75,132172
2021-06-11 10:07:07,5340.0,132212
2021-06-11 10:07:08,5340.1,132256
2021-06-11 10:07:09,5340.1,132256
2021-06-11 10:07:10,5342.1,132726
2021-06-11 10:07:11,5343.1,132905
2021-06-11 10:07:13,5341.9,132931
2021-06-11 10:07:12,5341.9,132931
2021-06-11 10:07:14,5342.65,132935
2021-06-11 10:07:15,5344.0,133048
2021-06-11 10:07:16,5343.5,133080
2021-06-11 10:07:17,5344.0,133130
2021-06-11 10:07:18,5344.0,133187
2021-06-11 10:07:19,5343.15,133192
2021-06-11 10:07:20,5344.0,133251
2021-06-11 10:07:21,5343.6,133279
2021-06-11 10:07:22,5343.55,133427
2021-06-11 10:07:23,5343.8,133527
2021-06-11 10:07:24,5341.05,133578
