timestamp,ltp,volume
2021-06-11 09:15:31,1503.55,40537
2021-06-11 09:15:36,1507.4,45270
2021-06-11 09:15:40,1508.8,49079
2021-06-11 09:15:45,1508.8,51855
2021-06-11 09:15:50,1508.85,53437
2021-06-11 09:15:55,1505.65,57219
2021-06-11 09:15:59,1504.95,62676
2021-06-11 09:16:04,1503.0,64710
2021-06-11 09:16:08,1503.7,65116
2021-06-11 09:16:13,1504.65,68310
2021-06-11 09:16:17,1505.0,71795
2021-06-11 09:16:22,1505.6,72196
2021-06-11 09:16:26,1504.05,78605
2021-06-11 09:16:31,1504.95,79149
2021-06-11 09:16:35,1505.9,80069
2021-06-11 09:16:40,1506.85,80842
2021-06-11 09:16:44,1503.85,83112
2021-06-11 09:16:49,1505.05,83918
2021-06-11 09:16:53,1504.55,84427
2021-06-11 09:16:57,1505.0,84908
2021-06-11 09:17:02,1504.65,84953
2021-06-11 09:17:06,1505.0,85367
2021-06-11 09:17:10,1506.7,87331
2021-06-11 09:17:15,1505.95,87569
2021-06-11 09:17:19,1506.5,87790
2021-06-11 09:17:23,1507.3,94362
2021-06-11 09:17:28,1507.3,95655
2021-06-11 09:17:32,1506.0,96043
2021-06-11 09:17:37,1506.5,97208
2021-06-11 09:17:41,1505.0,97800
2021-06-11 09:17:45,1505.3,98369
2021-06-11 09:17:50,1505.55,98787
2021-06-11 09:17:54,1507.0,99057
2021-06-11 09:17:58,1505.55,99260
2021-06-11 09:18:02,1506.3,99696
2021-06-11 09:18:07,1506.0,99801
2021-06-11 09:18:11,1505.65,102684
2021-06-11 09:18:16,1505.5,103188
2021-06-11 09:18:20,1505.8,103635
2021-06-11 09:18:24,1503.05,106260
2021-06-11 09:18:28,1504.2,107550
2021-06-11 09:18:32,1502.2,109996
2021-06-11 09:18:36,1502.3,111286
2021-06-11 09:18:40,1503.45,111642
2021-06-11 09:18:44,1502.75,112183
2021-06-11 09:18:48,1503.6,112779
2021-06-11 09:18:52,1502.55,113207
2021-06-11 09:18:57,1503.4,113817
2021-06-11 09:19:01,1500.05,118940
2021-06-11 09:19:05,1501.35,119809
2021-06-11 09:19:09,1499.35,124225
2021-06-11 09:19:13,1501.5,127291
2021-06-11 09:19:18,1501.9,128643
2021-06-11 09:19:22,1502.05,130828
2021-06-11 09:19:26,1503.5,131292
2021-06-11 09:19:30,1503.85,131379
2021-06-11 09:19:34,1502.95,131758
2021-06-11 09:19:38,1503.95,132185
2021-06-11 09:19:55,1500.0,138944
2021-06-11 09:19:59,1500.3,139385
2021-06-11 09:20:03,1499.95,140077
2021-06-11 09:20:08,1499.5,140287
2021-06-11 09:20:12,1499.25,140390
2021-06-11 09:20:16,1500.15,141750
2021-06-11 09:20:20,1503.75,146824
2021-06-11 09:20:24,1502.6,146947
2021-06-11 09:20:29,1502.4,148814
2021-06-11 09:20:33,1502.0,149047
2021-06-11 09:20:37,1502.0,149193
2021-06-11 09:20:41,1501.65,149259
2021-06-11 09:20:45,1501.65,149458
2021-06-11 09:20:57,1500.5,150672
2021-06-11 09:21:01,1501.0,151050
2021-06-11 09:21:05,1502.75,153462
2021-06-11 09:21:09,1502.2,153488
2021-06-11 09:21:13,1504.0,154082
2021-06-11 09:21:21,1502.0,156613
2021-06-11 09:21:25,1504.5,160578
2021-06-11 09:21:29,1505.05,160761
2021-06-11 09:21:33,1506.2,161056
2021-06-11 09:21:36,1506.95,161825
2021-06-11 09:21:37,1506.65,161830
2021-06-11 09:21:38,1506.6,161858
2021-06-11 09:21:39,1506.6,161858
2021-06-11 09:21:40,1505.9,161859
2021-06-11 09:21:41,1505.7,162139
2021-06-11 09:21:42,1506.0,162199
2021-06-11 09:21:43,1506.0,162199
2021-06-11 09:21:44,1506.0,162249
2021-06-11 09:21:45,1505.35,162304
2021-06-11 09:21:46,1506.25,162526
2021-06-11 09:21:47,1506.25,162556
2021-06-11 09:21:48,1505.4,162656
2021-06-11 09:21:49,1505.55,163006
2021-06-11 09:21:50,1506.9,163011
2021-06-11 09:21:51,1506.0,163016
2021-06-11 09:21:52,1506.0,163016
2021-06-11 09:21:53,1506.0,163016
2021-06-11 09:21:54,1505.9,163087
2021-06-11 09:21:55,1505.9,163087
2021-06-11 09:21:56,1506.0,163105
2021-06-11 09:21:57,1506.0,163105
2021-06-11 09:21:58,1506.0,163105
2021-06-11 09:22:00,1504.0,163703
2021-06-11 09:22:01,1504.65,163723
2021-06-11 09:22:02,1504.0,163910
2021-06-11 09:22:03,1504.0,163910
2021-06-11 09:22:04,1504.45,164134
2021-06-11 09:22:06,1504.35,164154
2021-06-11 09:22:05,1504.35,164154
2021-06-11 09:22:07,1503.5,164382
2021-06-11 09:22:08,1504.65,164482
2021-06-11 09:22:09,1504.9,164502
2021-06-11 09:22:10,1504.9,164552
2021-06-11 09:22:11,1504.0,164554
2021-06-11 09:22:12,1504.0,164554
2021-06-11 09:22:13,1504.85,164584
2021-06-11 09:22:14,1504.85,164584
2021-06-11 09:22:15,1504.75,164589
2021-06-11 09:22:16,1504.9,164734
2021-06-11 09:22:17,1504.9,164734
2021-06-11 09:22:18,1504.9,164737
2021-06-11 09:22:19,1504.9,164737
2021-06-11 09:22:20,1505.0,165038
2021-06-11 09:22:21,1505.0,165038
2021-06-11 09:22:22,1505.0,165038
2021-06-11 09:22:23,1506.0,165138
2021-06-11 09:22:24,1505.9,165188
2021-06-11 09:22:25,1505.0,165323
2021-06-11 09:22:26,1504.95,165382
2021-06-11 09:22:27,1505.8,165383
2021-06-11 09:22:28,1505.7,165388
2021-06-11 09:22:29,1505.7,165388
2021-06-11 09:22:30,1505.85,165664
2021-06-11 09:22:31,1505.85,165664
2021-06-11 09:22:32,1505.1,165667
2021-06-11 09:22:33,1505.1,165667
2021-06-11 09:22:34,1505.1,165767
2021-06-11 09:22:35,1506.0,165867
2021-06-11 09:22:36,1506.0,165867
2021-06-11 09:22:37,1505.8,165887
2021-06-11 09:22:38,1505.0,165910
2021-06-11 09:22:39,1505.0,165910
2021-06-11 09:22:40,1505.8,165960
2021-06-11 09:22:41,1505.8,165960
2021-06-11 09:22:42,1505.8,165960
2021-06-11 09:22:43,1505.0,165970
2021-06-11 09:22:44,1505.0,165970
2021-06-11 09:22:45,1506.0,166350
2021-06-11 09:22:46,1506.0,166350
2021-06-11 09:22:47,1506.0,166676
2021-06-11 09:22:48,1506.0,166684
2021-06-11 09:22:49,1506.0,166684
2021-06-11 09:22:50,1506.0,166684
2021-06-11 09:22:51,1505.9,166709
2021-06-11 09:22:52,1505.9,166834
2021-06-11 09:22:53,1505.85,166890
2021-06-11 09:22:54,1505.0,167164
2021-06-11 09:22:55,1505.0,167164
2021-06-11 09:22:56,1504.25,168139
2021-06-11 09:22:57,1504.35,168297
2021-06-11 09:22:58,1504.35,168297
2021-06-11 09:23:00,1504.0,168358
2021-06-11 09:23:01,1504.0,168358
2021-06-11 09:23:02,1504.45,168408
2021-06-11 09:23:03,1504.65,168447
2021-06-11 09:23:04,1504.65,168448
2021-06-11 09:23:05,1504.65,168450
2021-06-11 09:23:06,1504.65,168450
2021-06-11 09:23:07,1504.65,168450
2021-06-11 09:23:08,1504.9,168551
2021-06-11 09:23:09,1504.0,168556
2021-06-11 09:23:10,1504.0,168558
2021-06-11 09:23:11,1504.0,168558
2021-06-11 09:23:12,1504.0,168558
2021-06-11 09:23:13,1505.1,168607
2021-06-11 09:23:14,1505.15,168632
2021-06-11 09:23:15,1505.25,168777
2021-06-11 09:23:16,1505.25,168777
2021-06-11 09:23:17,1505.2,168778
2021-06-11 09:23:18,1505.2,168778
2021-06-11 09:23:19,1505.2,168778
2021-06-11 09:23:20,1505.0,168795
2021-06-11 09:23:21,1505.0,168859
2021-06-11 09:23:22,1504.65,168884
2021-06-11 09:23:23,1504.8,168909
2021-06-11 09:23:24,1504.8,168909
2021-06-11 09:23:25,1504.85,168919
2021-06-11 09:23:26,1504.0,168949
2021-06-11 09:23:27,1504.0,168949
2021-06-11 09:23:28,1504.65,168959
2021-06-11 09:23:29,1504.0,168979
2021-06-11 09:23:30,1504.0,168984
2021-06-11 09:23:31,1504.0,168994
2021-06-11 09:23:32,1504.0,169175
2021-06-11 09:23:33,1504.0,169185
2021-06-11 09:23:34,1504.0,169295
2021-06-11 09:23:35,1504.0,169315
2021-06-11 09:23:36,1503.35,169317
2021-06-11 09:23:37,1504.0,169467
2021-06-11 09:23:38,1504.0,169467
2021-06-11 09:23:39,1503.45,169500
2021-06-11 09:23:40,1503.9,169505
2021-06-11 09:23:41,1503.9,169506
2021-06-11 09:23:42,1503.85,169516
2021-06-11 09:23:43,1503.85,169516
2021-06-11 09:23:44,1503.85,169516
2021-06-11 09:23:48,1503.5,169679
2021-06-11 09:23:49,1503.5,169692
2021-06-11 09:23:50,1503.9,169884
2021-06-11 09:23:51,1503.9,169884
2021-06-11 09:23:52,1503.9,169884
2021-06-11 09:23:53,1503.9,169884
2021-06-11 09:23:55,1504.8,169891
2021-06-11 09:23:55,1504.8,169891
2021-06-11 09:23:56,1504.8,169895
2021-06-11 09:23:57,1504.8,169895
2021-06-11 09:23:58,1504.8,169995
2021-06-11 09:23:59,1504.8,169995
2021-06-11 09:24:00,1504.35,170005
2021-06-11 09:24:01,1504.8,170040
2021-06-11 09:24:02,1504.8,170040
2021-06-11 09:24:03,1504.8,170040
2021-06-11 09:24:04,1505.35,170286
2021-06-11 09:24:05,1504.8,170306
2021-06-11 09:24:06,1504.8,170306
2021-06-11 09:24:07,1505.0,170330
2021-06-11 09:24:08,1505.0,170330
2021-06-11 09:24:09,1504.55,170376
2021-06-11 09:24:10,1504.55,170386
2021-06-11 09:24:11,1504.55,170386
2021-06-11 09:24:13,1504.0,170405
2021-06-11 09:24:13,1504.0,170405
2021-06-11 09:24:14,1503.25,170505
2021-06-11 09:24:15,1503.9,170547
2021-06-11 09:24:16,1504.3,170941
2021-06-11 09:24:17,1504.3,170941
2021-06-11 09:24:18,1503.4,170954
2021-06-11 09:24:20,1504.1,171064
2021-06-11 09:24:21,1504.05,171480
2021-06-11 09:24:22,1503.05,171520
2021-06-11 09:24:23,1503.05,171644
2021-06-11 09:24:24,1503.0,171695
2021-06-11 09:24:25,1503.8,171720
2021-06-11 09:24:26,1503.75,172338
2021-06-11 09:24:27,1503.75,172338
2021-06-11 09:24:28,1503.75,172358
2021-06-11 09:24:29,1503.75,172358
2021-06-11 09:24:30,1503.3,172397
2021-06-11 09:24:32,1503.3,172397
2021-06-11 09:24:33,1503.3,172397
2021-06-11 09:24:33,1503.5,172475
2021-06-11 09:24:34,1503.3,172778
2021-06-11 09:24:35,1503.1,172932
2021-06-11 09:24:36,1503.0,172935
2021-06-11 09:24:38,1502.1,173062
2021-06-11 09:24:39,1502.1,173062
2021-06-11 09:24:40,1502.1,173062
2021-06-11 09:24:41,1502.95,173112
2021-06-11 09:24:43,1502.25,173120
2021-06-11 09:24:44,1502.25,173120
2021-06-11 09:24:45,1502.1,173420
2021-06-11 09:24:45,1502.1,173420
2021-06-11 09:24:46,1503.1,173565
2021-06-11 09:24:48,1502.3,173675
2021-06-11 09:24:49,1503.65,174408
2021-06-11 09:24:50,1503.65,174408
2021-06-11 09:24:51,1502.45,174461
2021-06-11 09:24:52,1502.45,174461
2021-06-11 09:24:53,1502.45,174461
2021-06-11 09:24:54,1502.55,174486
2021-06-11 09:24:55,1502.7,174496
2021-06-11 09:24:56,1503.5,174646
2021-06-11 09:24:57,1503.5,174646
2021-06-11 09:24:58,1503.5,174646
2021-06-11 09:25:00,1503.4,174668
2021-06-11 09:25:01,1503.4,174773
2021-06-11 09:25:02,1503.4,174832
2021-06-11 09:25:03,1502.5,174847
2021-06-11 09:25:04,1502.0,175188
2021-06-11 09:25:05,1502.9,175247
2021-06-11 09:25:06,1502.9,175247
2021-06-11 09:25:07,1503.15,175249
2021-06-11 09:25:08,1503.15,175249
2021-06-11 09:25:09,1503.15,175249
2021-06-11 09:25:10,1503.15,175249
2021-06-11 09:25:11,1502.5,175254
2021-06-11 09:25:12,1502.0,175294
2021-06-11 09:25:13,1502.0,175297
2021-06-11 09:25:13,1502.0,175297
2021-06-11 09:25:14,1502.5,175306
2021-06-11 09:25:15,1502.9,175308
2021-06-11 09:25:16,1502.9,175308
2021-06-11 09:25:17,1502.9,175308
2021-06-11 09:25:18,1502.9,175308
2021-06-11 09:25:19,1502.9,175348
2021-06-11 09:25:20,1502.9,175478
2021-06-11 09:25:21,1502.9,175478
2021-06-11 09:25:22,1502.9,175478
2021-06-11 09:25:23,1502.9,175478
2021-06-11 09:25:24,1502.9,175478
2021-06-11 09:25:25,1502.5,175488
2021-06-11 09:25:26,1502.5,175488
2021-06-11 09:25:28,1502.5,175488
2021-06-11 09:25:29,1502.5,175488
2021-06-11 09:25:30,1502.5,175506
2021-06-11 09:25:31,1502.1,176009
2021-06-11 09:25:32,1502.1,176009
2021-06-11 09:25:33,1502.1,176009
2021-06-11 09:25:34,1502.1,176009
2021-06-11 09:25:35,1502.1,176035
2021-06-11 09:25:35,1502.1,176035
2021-06-11 09:25:36,1502.1,176035
2021-06-11 09:25:37,1502.5,176077
2021-06-11 09:25:38,1502.5,176180
2021-06-11 09:25:39,1502.0,176768
2021-06-11 09:25:40,1502.0,176768
2021-06-11 09:25:41,1502.1,176838
2021-06-11 09:25:42,1502.4,176889
2021-06-11 09:25:43,1502.4,176895
2021-06-11 09:25:44,1502.1,176916
2021-06-11 09:25:45,1502.0,177628
2021-06-11 09:25:46,1502.0,177628
2021-06-11 09:25:47,1502.0,177628
2021-06-11 09:25:48,1501.95,177630
2021-06-11 09:25:49,1501.95,177630
2021-06-11 09:25:50,1501.9,177680
2021-06-11 09:25:51,1502.05,177785
2021-06-11 09:25:53,1501.1,177787
2021-06-11 09:25:53,1501.1,177787
2021-06-11 09:25:54,1504.05,179354
2021-06-11 09:25:55,1504.05,179354
2021-06-11 09:25:56,1504.05,179354
2021-06-11 09:25:57,1504.05,179354
2021-06-11 09:25:58,1502.05,179864
2021-06-11 09:25:59,1503.65,180038
2021-06-11 09:26:00,1503.65,180038
2021-06-11 09:26:01,1503.4,180087
2021-06-11 09:26:02,1503.45,180125
2021-06-11 09:26:04,1502.5,180147
2021-06-11 09:26:05,1503.4,180176
2021-06-11 09:26:06,1503.65,180179
2021-06-11 09:26:07,1503.65,180179
2021-06-11 09:26:08,1502.1,180209
2021-06-11 09:26:09,1502.1,180209
2021-06-11 09:26:10,1502.95,180234
2021-06-11 09:26:11,1502.95,180234
2021-06-11 09:26:12,1502.95,180234
2021-06-11 09:26:13,1502.95,180234
2021-06-11 09:26:14,1502.95,180234
2021-06-11 09:26:15,1502.9,180246
2021-06-11 09:26:16,1502.9,180267
2021-06-11 09:26:16,1502.9,180267
2021-06-11 09:26:17,1502.95,180367
2021-06-11 09:26:18,1502.95,180367
2021-06-11 09:26:19,1502.05,180372
2021-06-11 09:26:20,1502.05,180372
2021-06-11 09:26:21,1503.5,180422
2021-06-11 09:26:23,1504.4,180700
2021-06-11 09:26:24,1504.4,180700
2021-06-11 09:26:25,1504.4,180700
2021-06-11 09:26:26,1503.85,180796
2021-06-11 09:26:27,1503.85,180796
2021-06-11 09:26:28,1503.6,180801
2021-06-11 09:26:29,1502.6,180901
2021-06-11 09:26:30,1502.6,180901
2021-06-11 09:26:31,1503.6,181001
2021-06-11 09:26:32,1502.7,181012
2021-06-11 09:26:33,1503.0,181017
2021-06-11 09:26:34,1503.6,181038
2021-06-11 09:26:35,1503.6,181038
2021-06-11 09:26:37,1503.8,181048
2021-06-11 09:26:38,1503.8,181048
2021-06-11 09:26:38,1503.8,181078
2021-06-11 09:26:39,1503.8,181078
2021-06-11 09:26:40,1503.8,181078
2021-06-11 09:26:41,1504.25,181328
2021-06-11 09:26:42,1504.25,181328
2021-06-11 09:26:43,1504.25,181328
2021-06-11 09:26:44,1504.25,181328
2021-06-11 09:26:45,1503.85,181331
2021-06-11 09:26:46,1503.85,181331
2021-06-11 09:26:47,1504.0,181337
2021-06-11 09:26:48,1504.0,181337
2021-06-11 09:26:50,1504.3,181364
2021-06-11 09:26:50,1504.3,181364
2021-06-11 09:26:51,1504.5,181384
2021-06-11 09:26:52,1504.65,181546
2021-06-11 09:26:53,1504.65,181546
2021-06-11 09:26:54,1504.0,181600
2021-06-11 09:26:55,1504.65,181620
2021-06-11 09:26:56,1504.6,181694
2021-06-11 09:26:57,1504.3,181744
2021-06-11 09:26:58,1503.85,181791
2021-06-11 09:26:59,1504.0,181831
2021-06-11 09:27:00,1504.0,181851
2021-06-11 09:27:02,1504.0,181861
2021-06-11 09:27:03,1504.0,181861
2021-06-11 09:27:04,1504.0,181861
2021-06-11 09:27:06,1504.0,181861
2021-06-11 09:27:07,1504.0,181861
2021-06-11 09:27:08,1504.0,181862
2021-06-11 09:27:09,1503.85,181863
2021-06-11 09:27:10,1504.05,182020
2021-06-11 09:27:11,1504.05,182070
2021-06-11 09:27:12,1503.85,182116
2021-06-11 09:27:13,1503.85,182116
2021-06-11 09:27:14,1503.85,182116
2021-06-11 09:27:14,1503.85,182116
2021-06-11 09:27:15,1503.85,182116
2021-06-11 09:27:17,1503.85,182116
2021-06-11 09:27:17,1503.85,182116
2021-06-11 09:27:18,1503.85,182116
2021-06-11 09:27:19,1503.6,182141
2021-06-11 09:27:20,1503.6,182141
2021-06-11 09:27:22,1503.6,182141
2021-06-11 09:27:23,1503.6,182141
2021-06-11 09:27:24,1502.6,182241
2021-06-11 09:27:24,1502.6,182241
2021-06-11 09:27:25,1503.4,182391
2021-06-11 09:27:26,1503.7,182503
2021-06-11 09:27:27,1503.85,182553
2021-06-11 09:27:28,1503.85,182563
2021-06-11 09:27:29,1502.2,183039
2021-06-11 09:27:30,1502.2,183039
2021-06-11 09:27:31,1502.95,183042
2021-06-11 09:27:33,1502.95,183042
2021-06-11 09:27:33,1502.15,183047
2021-06-11 09:27:35,1502.95,183112
2021-06-11 09:27:36,1502.95,183112
2021-06-11 09:27:37,1502.95,183112
2021-06-11 09:27:38,1502.95,183112
2021-06-11 09:27:39,1502.2,183139
2021-06-11 09:27:40,1502.2,183139
2021-06-11 09:27:41,1502.2,183139
2021-06-11 09:27:42,1503.15,183213
2021-06-11 09:27:43,1503.15,183213
2021-06-11 09:27:44,1503.0,183263
2021-06-11 09:27:44,1503.0,183263
2021-06-11 09:27:45,1503.0,183263
2021-06-11 09:27:46,1503.15,183265
2021-06-11 09:27:47,1503.15,183265
2021-06-11 09:27:48,1503.15,183265
2021-06-11 09:27:49,1502.2,183266
2021-06-11 09:27:50,1502.2,183266
2021-06-11 09:27:51,1502.2,183266
2021-06-11 09:27:53,1502.75,183452
2021-06-11 09:27:53,1502.75,183452
2021-06-11 09:27:54,1502.75,183452
2021-06-11 09:27:55,1502.75,183452
2021-06-11 09:27:56,1502.75,183452
2021-06-11 09:27:57,1502.75,183452
2021-06-11 09:27:58,1502.9,183477
2021-06-11 09:28:01,1501.8,183736
2021-06-11 09:28:03,1501.8,183736
2021-06-11 09:28:04,1501.8,183736
2021-06-11 09:28:04,1501.8,183736
2021-06-11 09:28:06,1501.8,183736
2021-06-11 09:28:07,1502.1,183756
2021-06-11 09:28:08,1501.2,183796
2021-06-11 09:28:08,1501.2,183801
2021-06-11 09:28:10,1501.2,183801
2021-06-11 09:28:11,1502.1,183802
2021-06-11 09:28:12,1502.1,183852
2021-06-11 09:28:12,1502.1,183852
2021-06-11 09:28:14,1501.8,183857
2021-06-11 09:28:15,1501.15,183917
2021-06-11 09:28:16,1501.15,183917
2021-06-11 09:28:17,1501.15,183917
2021-06-11 09:28:17,1502.0,183927
2021-06-11 09:28:18,1501.2,183978
2021-06-11 09:28:19,1502.0,184128
2021-06-11 09:28:20,1502.0,184151
2021-06-11 09:28:21,1502.0,184151
2021-06-11 09:28:22,1502.0,184151
2021-06-11 09:28:23,1502.0,184151
2021-06-11 09:28:25,1502.0,184171
2021-06-11 09:28:26,1502.0,184171
2021-06-11 09:28:27,1502.0,184228
2021-06-11 09:28:27,1502.0,184228
2021-06-11 09:28:28,1502.0,184228
2021-06-11 09:28:29,1502.0,184228
2021-06-11 09:28:32,1502.0,184228
2021-06-11 09:28:33,1502.0,184233
2021-06-11 09:28:32,1502.0,184233
2021-06-11 09:28:34,1502.0,184233
2021-06-11 09:28:35,1502.0,184233
2021-06-11 09:28:36,1503.1,185033
2021-06-11 09:28:37,1503.1,185033
2021-06-11 09:28:38,1503.1,185033
2021-06-11 09:28:39,1504.3,185038
2021-06-11 09:28:40,1504.3,185038
2021-06-11 09:28:42,1504.3,185038
2021-06-11 09:28:42,1503.85,185059
2021-06-11 09:28:43,1503.45,185350
2021-06-11 09:28:44,1503.3,185390
2021-06-11 09:28:45,1503.3,185390
2021-06-11 09:28:46,1503.3,185390
2021-06-11 09:28:47,1503.3,185390
2021-06-11 09:28:48,1503.3,185390
2021-06-11 09:28:49,1503.3,185390
2021-06-11 09:28:50,1504.45,185405
2021-06-11 09:28:51,1504.45,185405
2021-06-11 09:28:52,1504.45,185405
2021-06-11 09:28:53,1504.6,185413
2021-06-11 09:28:54,1504.6,185413
2021-06-11 09:28:55,1504.0,185423
2021-06-11 09:28:56,1504.0,185423
2021-06-11 09:28:57,1503.4,185511
2021-06-11 09:28:58,1503.4,185511
2021-06-11 09:28:59,1503.45,185521
2021-06-11 09:29:00,1503.45,185521
2021-06-11 09:29:01,1503.45,185521
2021-06-11 09:29:02,1503.45,185521
2021-06-11 09:29:03,1503.45,185521
2021-06-11 09:29:04,1503.45,185570
2021-06-11 09:29:05,1503.45,185570
2021-06-11 09:29:06,1503.45,185590
2021-06-11 09:29:07,1503.45,185590
2021-06-11 09:29:08,1503.45,185590
2021-06-11 09:29:10,1503.45,185590
2021-06-11 09:29:11,1504.0,185600
2021-06-11 09:29:12,1504.0,185601
2021-06-11 09:29:13,1504.0,185601
2021-06-11 09:29:13,1504.0,185601
2021-06-11 09:29:14,1504.0,185601
2021-06-11 09:29:15,1503.1,185651
2021-06-11 09:29:16,1503.1,185651
2021-06-11 09:29:17,1503.1,185651
2021-06-11 09:29:18,1503.1,185651
2021-06-11 09:29:19,1503.95,185851
2021-06-11 09:29:20,1503.95,185852
2021-06-11 09:29:21,1503.9,185863
2021-06-11 09:29:22,1503.9,185863
2021-06-11 09:29:23,1503.0,185869
2021-06-11 09:29:24,1503.0,185869
2021-06-11 09:29:25,1503.0,185869
2021-06-11 09:29:26,1503.0,185869
2021-06-11 09:29:27,1503.95,185944
2021-06-11 09:29:29,1503.95,185944
2021-06-11 09:29:30,1503.95,185944
2021-06-11 09:29:31,1503.15,185954
2021-06-11 09:29:32,1503.15,185954
2021-06-11 09:29:32,1503.15,185954
2021-06-11 09:29:33,1504.0,185955
2021-06-11 09:29:34,1503.15,185975
2021-06-11 09:29:35,1504.0,185979
2021-06-11 09:29:36,1504.0,185979
2021-06-11 09:29:37,1504.0,186000
2021-06-11 09:29:38,1504.0,186000
2021-06-11 09:29:39,1503.15,186012
2021-06-11 09:29:40,1503.15,186012
2021-06-11 09:29:41,1503.15,186013
2021-06-11 09:29:42,1504.0,186114
2021-06-11 09:29:43,1504.0,186114
2021-06-11 09:29:44,1504.0,186214
2021-06-11 09:29:46,1504.2,186275
2021-06-11 09:29:47,1504.2,186275
2021-06-11 09:29:48,1503.5,186278
2021-06-11 09:29:49,1504.1,186279
2021-06-11 09:29:50,1504.1,186279
2021-06-11 09:29:50,1504.1,186279
2021-06-11 09:29:51,1504.1,186288
2021-06-11 09:29:53,1504.25,186289
2021-06-11 09:29:53,1503.5,186339
2021-06-11 09:29:54,1504.8,186439
2021-06-11 09:29:55,1504.8,186439
2021-06-11 09:29:57,1503.25,186489
2021-06-11 09:29:58,1503.25,186489
2021-06-11 09:29:59,1504.05,186539
2021-06-11 09:30:00,1504.35,186590
2021-06-11 09:30:01,1504.35,186590
2021-06-11 09:30:03,1504.35,186590
2021-06-11 09:30:04,1504.35,186590
2021-06-11 09:30:05,1504.0,186650
2021-06-11 09:30:06,1503.3,186651
2021-06-11 09:30:07,1503.25,186701
2021-06-11 09:30:08,1503.25,186701
2021-06-11 09:30:09,1503.25,186701
2021-06-11 09:30:10,1504.0,186733
2021-06-11 09:30:11,1504.0,186733
2021-06-11 09:30:12,1504.0,186733
2021-06-11 09:30:13,1504.0,186773
2021-06-11 09:30:14,1504.0,186957
2021-06-11 09:30:17,1504.05,186967
2021-06-11 09:30:19,1504.75,186995
2021-06-11 09:30:19,1504.75,186995
2021-06-11 09:30:20,1504.75,186995
2021-06-11 09:30:22,1504.75,187030
2021-06-11 09:30:23,1504.75,187030
2021-06-11 09:30:24,1504.75,187030
2021-06-11 09:30:25,1504.75,187030
2021-06-11 09:30:26,1504.75,187030
2021-06-11 09:30:27,1504.75,187030
2021-06-11 09:30:28,1505.0,187080
2021-06-11 09:30:29,1505.0,187080
2021-06-11 09:30:30,1505.0,187080
2021-06-11 09:30:31,1505.0,187080
2021-06-11 09:30:32,1505.0,187080
2021-06-11 09:30:33,1505.0,187082
2021-06-11 09:30:34,1505.0,187082
2021-06-11 09:30:35,1505.0,187092
2021-06-11 09:30:36,1504.75,187093
2021-06-11 09:30:38,1505.0,187223
2021-06-11 09:30:40,1503.95,187723
2021-06-11 09:30:39,1503.95,187723
2021-06-11 09:30:40,1505.0,187753
2021-06-11 09:30:41,1505.0,187753
2021-06-11 09:30:43,1503.95,187830
2021-06-11 09:30:43,1503.95,187830
2021-06-11 09:30:45,1504.85,187875
2021-06-11 09:30:46,1504.85,187875
2021-06-11 09:30:47,1504.85,187875
2021-06-11 09:30:48,1504.85,187875
2021-06-11 09:30:49,1503.9,187915
2021-06-11 09:30:50,1504.65,187940
2021-06-11 09:30:51,1504.65,187940
2021-06-11 09:30:52,1504.7,187945
2021-06-11 09:30:53,1504.7,187945
2021-06-11 09:30:54,1504.7,187945
2021-06-11 09:30:55,1504.0,187950
2021-06-11 09:30:56,1504.0,187950
2021-06-11 09:30:57,1504.0,187950
2021-06-11 09:30:58,1504.0,187950
2021-06-11 09:30:59,1504.0,187950
2021-06-11 09:31:01,1504.0,187950
2021-06-11 09:31:00,1504.0,187950
2021-06-11 09:31:01,1504.0,187950
2021-06-11 09:31:02,1504.0,187950
2021-06-11 09:31:03,1504.0,187950
2021-06-11 09:31:04,1504.0,187950
2021-06-11 09:31:06,1504.7,187953
2021-06-11 09:31:06,1504.7,187953
2021-06-11 09:31:08,1504.7,188005
2021-06-11 09:31:08,1504.0,188034
2021-06-11 09:31:09,1504.0,188034
2021-06-11 09:31:10,1504.7,188159
2021-06-11 09:31:11,1504.7,188159
2021-06-11 09:31:12,1504.7,188159
2021-06-11 09:31:14,1504.95,189249
2021-06-11 09:31:15,1504.95,189249
2021-06-11 09:31:16,1504.95,189249
2021-06-11 09:31:17,1504.95,189249
2021-06-11 09:31:18,1504.95,189306
2021-06-11 09:31:19,1504.95,189306
2021-06-11 09:31:20,1504.95,189306
2021-06-11 09:31:21,1504.95,189306
2021-06-11 09:31:22,1504.95,189306
2021-06-11 09:31:23,1504.95,189306
2021-06-11 09:31:24,1504.15,189326
2021-06-11 09:31:25,1504.15,189340
2021-06-11 09:31:26,1504.15,189341
2021-06-11 09:31:28,1504.15,189341
2021-06-11 09:31:27,1504.15,189341
2021-06-11 09:31:29,1504.1,189431
2021-06-11 09:31:30,1504.1,189431
2021-06-11 09:31:31,1504.1,189431
2021-06-11 09:31:31,1504.05,189451
2021-06-11 09:31:33,1504.05,189511
2021-06-11 09:31:34,1504.35,189540
2021-06-11 09:31:35,1504.35,189540
2021-06-11 09:31:36,1504.75,189561
2021-06-11 09:31:37,1504.75,189561
2021-06-11 09:31:37,1503.8,189581
2021-06-11 09:31:39,1503.8,189588
2021-06-11 09:31:40,1503.8,189588
2021-06-11 09:31:41,1504.05,189618
2021-06-11 09:31:42,1504.05,189618
2021-06-11 09:31:43,1504.05,189618
2021-06-11 09:31:44,1504.05,189618
2021-06-11 09:31:45,1504.8,189639
2021-06-11 09:31:46,1504.0,189640
2021-06-11 09:31:46,1504.0,189640
2021-06-11 09:31:47,1504.0,189640
2021-06-11 09:31:48,1504.0,189640
2021-06-11 09:31:49,1504.0,189640
2021-06-11 09:31:51,1504.0,189640
2021-06-11 09:31:51,1504.75,189650
2021-06-11 09:31:52,1504.75,189650
2021-06-11 09:31:53,1504.75,189650
2021-06-11 09:31:55,1504.75,189650
2021-06-11 09:31:55,1504.75,189650
2021-06-11 09:31:56,1504.75,189660
2021-06-11 09:31:57,1504.75,189660
2021-06-11 09:31:58,1504.75,189660
2021-06-11 09:31:59,1504.75,189660
2021-06-11 09:32:00,1504.75,189660
2021-06-11 09:32:02,1504.75,189660
2021-06-11 09:32:03,1504.75,189660
2021-06-11 09:32:05,1504.0,190135
2021-06-11 09:32:05,1504.0,190135
2021-06-11 09:32:06,1504.0,190135
2021-06-11 09:32:07,1504.0,190136
2021-06-11 09:32:08,1504.8,190212
2021-06-11 09:32:09,1504.0,190312
2021-06-11 09:32:10,1504.0,190312
2021-06-11 09:32:11,1504.75,190344
2021-06-11 09:32:12,1504.75,190344
2021-06-11 09:32:13,1504.75,190344
2021-06-11 09:32:14,1505.8,195696
2021-06-11 09:32:15,1505.8,195747
2021-06-11 09:32:16,1505.8,195747
2021-06-11 09:32:17,1505.8,195747
2021-06-11 09:32:18,1505.8,195747
2021-06-11 09:32:19,1505.3,195752
2021-06-11 09:32:20,1506.45,195753
2021-06-11 09:32:21,1506.75,196093
2021-06-11 09:32:23,1505.25,196284
2021-06-11 09:32:24,1505.25,196284
2021-06-11 09:32:25,1506.8,196768
2021-06-11 09:32:26,1506.1,196868
2021-06-11 09:32:28,1506.85,196888
2021-06-11 09:32:29,1506.85,197177
2021-06-11 09:32:31,1506.85,197177
2021-06-11 09:32:32,1505.95,197228
2021-06-11 09:32:33,1505.95,197228
2021-06-11 09:32:34,1506.05,197288
2021-06-11 09:32:35,1506.05,197288
2021-06-11 09:32:36,1506.9,197308
2021-06-11 09:32:37,1506.9,197308
2021-06-11 09:32:38,1506.9,197310
2021-06-11 09:32:39,1506.9,197310
2021-06-11 09:32:40,1506.9,197310
2021-06-11 09:32:41,1506.2,197331
2021-06-11 09:32:42,1506.9,197351
2021-06-11 09:32:43,1506.25,197381
2021-06-11 09:32:44,1507.0,197481
2021-06-11 09:32:45,1507.0,197601
2021-06-11 09:32:47,1507.0,197751
2021-06-11 09:32:48,1507.0,197751
2021-06-11 09:32:49,1506.3,197857
2021-06-11 09:32:50,1506.3,197857
2021-06-11 09:32:51,1506.3,197857
2021-06-11 09:32:52,1506.4,198158
2021-06-11 09:32:53,1506.4,198158
2021-06-11 09:32:54,1506.4,198158
2021-06-11 09:32:55,1506.4,198158
2021-06-11 09:32:56,1506.35,198198
2021-06-11 09:32:57,1506.35,198198
2021-06-11 09:32:58,1506.35,198198
2021-06-11 09:32:59,1505.9,198201
2021-06-11 09:33:00,1505.9,198202
2021-06-11 09:33:01,1505.9,198222
2021-06-11 09:33:02,1506.9,199121
2021-06-11 09:33:03,1506.4,199134
2021-06-11 09:33:04,1506.9,199184
2021-06-11 09:33:05,1506.9,199205
2021-06-11 09:33:06,1506.15,199236
2021-06-11 09:33:07,1506.85,199276
2021-06-11 09:33:08,1506.9,199287
2021-06-11 09:33:09,1506.15,199298
2021-06-11 09:33:10,1506.15,199298
2021-06-11 09:33:11,1506.85,199398
2021-06-11 09:33:12,1506.9,199529
2021-06-11 09:33:13,1506.9,199529
2021-06-11 09:33:14,1506.9,199544
2021-06-11 09:33:15,1506.9,199544
2021-06-11 09:33:16,1505.9,199992
2021-06-11 09:33:17,1505.5,200081
2021-06-11 09:33:18,1505.45,200088
2021-06-11 09:33:19,1506.45,200243
2021-06-11 09:33:20,1505.5,200244
2021-06-11 09:33:21,1506.55,200249
2021-06-11 09:33:22,1506.6,200349
2021-06-11 09:33:23,1505.4,200389
2021-06-11 09:33:24,1506.45,200419
2021-06-11 09:33:25,1505.05,200689
2021-06-11 09:33:26,1505.05,200689
2021-06-11 09:33:27,1505.05,200689
2021-06-11 09:33:28,1505.05,200689
2021-06-11 09:33:29,1505.05,200689
2021-06-11 09:33:30,1505.05,200689
2021-06-11 09:33:31,1505.05,200689
2021-06-11 09:33:32,1506.2,200709
2021-06-11 09:33:33,1506.2,200719
2021-06-11 09:33:34,1506.2,200719
2021-06-11 09:33:35,1506.2,200723
2021-06-11 09:33:36,1506.2,200723
2021-06-11 09:33:37,1506.2,200723
2021-06-11 09:33:38,1505.35,201091
2021-06-11 09:33:39,1505.0,201191
2021-06-11 09:33:40,1505.5,201281
2021-06-11 09:33:41,1505.5,201281
2021-06-11 09:33:42,1505.45,201298
2021-06-11 09:33:43,1505.45,201298
2021-06-11 09:33:44,1505.85,201300
2021-06-11 09:33:45,1505.85,201300
2021-06-11 09:33:46,1504.55,201375
2021-06-11 09:33:47,1505.45,201376
2021-06-11 09:33:49,1504.5,201426
2021-06-11 09:33:50,1504.5,201426
2021-06-11 09:33:51,1504.5,201426
2021-06-11 09:33:52,1506.0,201436
2021-06-11 09:33:53,1504.85,201456
2021-06-11 09:33:54,1504.85,201456
2021-06-11 09:33:55,1504.85,201456
2021-06-11 09:33:56,1504.85,201456
2021-06-11 09:33:57,1504.85,201456
2021-06-11 09:33:58,1504.85,201456
2021-06-11 09:33:59,1504.85,201456
2021-06-11 09:34:00,1505.4,201501
2021-06-11 09:34:01,1505.4,201501
2021-06-11 09:34:02,1504.4,201566
2021-06-11 09:34:03,1504.4,201566
2021-06-11 09:34:04,1504.4,201566
2021-06-11 09:34:05,1504.0,201594
2021-06-11 09:34:06,1504.0,201594
2021-06-11 09:34:07,1504.0,201594
2021-06-11 09:34:08,1504.85,201597
2021-06-11 09:34:09,1504.85,201597
2021-06-11 09:34:10,1504.85,201597
2021-06-11 09:34:11,1504.15,201599
2021-06-11 09:34:12,1504.15,201599
2021-06-11 09:34:13,1504.15,201599
2021-06-11 09:34:14,1504.15,201599
2021-06-11 09:34:15,1504.15,201599
2021-06-11 09:34:16,1504.15,201599
2021-06-11 09:34:17,1504.0,201669
2021-06-11 09:34:18,1504.65,201674
2021-06-11 09:34:19,1504.65,201675
2021-06-11 09:34:20,1504.65,201675
2021-06-11 09:34:21,1504.0,201696
2021-06-11 09:34:22,1504.0,201696
2021-06-11 09:34:23,1504.0,201696
2021-06-11 09:34:24,1504.0,201796
2021-06-11 09:34:25,1504.0,201796
2021-06-11 09:34:26,1504.0,201796
2021-06-11 09:34:27,1504.05,201799
2021-06-11 09:34:28,1504.05,201799
2021-06-11 09:34:29,1504.3,203204
2021-06-11 09:34:30,1504.3,203204
2021-06-11 09:34:31,1504.0,203214
2021-06-11 09:34:32,1504.0,203214
2021-06-11 09:34:33,1504.0,203215
2021-06-11 09:34:34,1504.0,203228
2021-06-11 09:34:35,1504.0,203273
2021-06-11 09:34:36,1504.0,203304
2021-06-11 09:34:37,1503.5,203324
2021-06-11 09:34:38,1504.0,203336
2021-06-11 09:34:39,1504.0,203336
2021-06-11 09:34:42,1504.45,203356
2021-06-11 09:34:42,1504.65,203575
2021-06-11 09:34:43,1504.65,203575
2021-06-11 09:34:44,1503.5,203625
2021-06-11 09:34:45,1503.5,203625
2021-06-11 09:34:46,1503.5,203625
2021-06-11 09:34:47,1503.5,203625
2021-06-11 09:34:48,1503.65,203626
2021-06-11 09:34:49,1504.5,203636
2021-06-11 09:34:51,1504.5,203636
2021-06-11 09:34:51,1504.5,203636
2021-06-11 09:34:52,1504.55,203647
2021-06-11 09:34:53,1504.55,203647
2021-06-11 09:34:54,1504.55,203647
2021-06-11 09:34:55,1503.6,203743
2021-06-11 09:34:57,1504.5,203754
2021-06-11 09:34:58,1504.5,203774
2021-06-11 09:34:59,1503.55,203924
2021-06-11 09:35:00,1503.55,203924
2021-06-11 09:35:02,1503.55,203924
2021-06-11 09:35:03,1503.55,203924
2021-06-11 09:35:04,1503.55,203924
2021-06-11 09:35:04,1503.55,203924
2021-06-11 09:35:05,1503.55,203924
2021-06-11 09:35:06,1503.55,203924
2021-06-11 09:35:07,1503.55,203924
2021-06-11 09:35:08,1503.25,204008
2021-06-11 09:35:09,1503.95,204108
2021-06-11 09:35:10,1503.5,204208
2021-06-11 09:35:11,1503.5,204208
2021-06-11 09:35:12,1503.5,204208
2021-06-11 09:35:13,1503.5,204208
2021-06-11 09:35:14,1503.8,204308
2021-06-11 09:35:15,1503.85,204333
2021-06-11 09:35:16,1503.85,204333
2021-06-11 09:35:17,1503.85,204333
2021-06-11 09:35:18,1503.85,204333
2021-06-11 09:35:19,1503.85,204333
2021-06-11 09:35:20,1503.85,204508
2021-06-11 09:35:21,1503.85,204508
2021-06-11 09:35:22,1503.15,204509
2021-06-11 09:35:24,1503.15,204509
2021-06-11 09:35:25,1503.15,204509
2021-06-11 09:35:26,1503.15,204534
2021-06-11 09:35:27,1503.15,204534
2021-06-11 09:35:28,1503.15,204658
2021-06-11 09:35:29,1503.15,204658
2021-06-11 09:35:30,1503.15,204658
2021-06-11 09:35:31,1503.05,204668
2021-06-11 09:35:32,1503.05,204668
2021-06-11 09:35:33,1502.6,205147
2021-06-11 09:35:34,1503.15,205167
2021-06-11 09:35:35,1503.15,205167
2021-06-11 09:35:36,1503.15,205167
2021-06-11 09:35:37,1503.65,205667
2021-06-11 09:35:38,1503.15,205717
2021-06-11 09:35:39,1503.15,205717
2021-06-11 09:35:40,1503.15,205717
2021-06-11 09:35:41,1503.55,205724
2021-06-11 09:35:42,1503.55,205724
2021-06-11 09:35:43,1503.55,205724
2021-06-11 09:35:44,1501.25,206641
2021-06-11 09:35:45,1501.25,206641
2021-06-11 09:35:47,1501.25,206641
2021-06-11 09:35:48,1502.2,206691
2021-06-11 09:35:49,1502.2,206691
2021-06-11 09:35:50,1502.2,206691
2021-06-11 09:35:51,1501.2,206721
2021-06-11 09:35:52,1501.85,206892
2021-06-11 09:35:53,1501.85,206897
2021-06-11 09:35:54,1501.85,206897
2021-06-11 09:35:55,1501.85,206897
2021-06-11 09:35:56,1501.85,206897
2021-06-11 09:35:57,1501.85,206897
2021-06-11 09:35:58,1501.85,206897
2021-06-11 09:35:59,1501.3,206898
2021-06-11 09:36:01,1501.3,206898
2021-06-11 09:36:02,1501.3,206998
2021-06-11 09:36:03,1502.0,207008
2021-06-11 09:36:04,1502.0,207008
2021-06-11 09:36:05,1502.0,207008
2021-06-11 09:36:06,1502.0,207011
2021-06-11 09:36:06,1502.0,207101
2021-06-11 09:36:07,1502.0,207158
2021-06-11 09:36:09,1502.25,207758
2021-06-11 09:36:10,1502.25,207758
2021-06-11 09:36:11,1500.6,208618
2021-06-11 09:36:12,1500.6,208618
2021-06-11 09:36:13,1500.3,208858
2021-06-11 09:36:14,1500.25,208945
2021-06-11 09:36:15,1501.25,208985
2021-06-11 09:36:16,1501.25,208985
2021-06-11 09:36:17,1500.15,209235
2021-06-11 09:36:18,1500.15,209235
2021-06-11 09:36:19,1500.3,209242
2021-06-11 09:36:20,1500.8,210341
2021-06-11 09:36:21,1500.1,210352
2021-06-11 09:36:22,1500.1,210352
2021-06-11 09:36:23,1500.1,210352
2021-06-11 09:36:24,1500.1,210366
2021-06-11 09:36:25,1500.1,210372
2021-06-11 09:36:26,1500.1,210378
2021-06-11 09:36:27,1502.4,211926
2021-06-11 09:36:29,1502.95,211951
2021-06-11 09:36:29,1501.8,211957
2021-06-11 09:36:30,1503.2,212467
2021-06-11 09:36:31,1502.2,212517
2021-06-11 09:36:32,1502.05,212523
2021-06-11 09:36:33,1502.05,212523
2021-06-11 09:36:34,1502.05,212523
2021-06-11 09:36:35,1502.05,212523
2021-06-11 09:36:36,1502.55,212575
2021-06-11 09:36:37,1502.55,212575
2021-06-11 09:36:38,1502.55,212575
2021-06-11 09:36:39,1502.55,212575
2021-06-11 09:36:41,1502.45,212583
2021-06-11 09:36:42,1502.45,212583
2021-06-11 09:36:43,1502.1,212771
2021-06-11 09:36:43,1502.1,212771
2021-06-11 09:36:44,1502.1,212771
2021-06-11 09:36:45,1502.05,212778
2021-06-11 09:36:46,1503.05,212788
2021-06-11 09:36:47,1503.05,212788
2021-06-11 09:36:48,1503.0,212793
2021-06-11 09:36:49,1502.05,212893
2021-06-11 09:36:50,1502.1,212901
2021-06-11 09:36:51,1503.0,212931
2021-06-11 09:36:52,1503.0,212931
2021-06-11 09:36:54,1502.25,212939
2021-06-11 09:36:55,1503.0,212989
2021-06-11 09:36:56,1503.0,212989
2021-06-11 09:36:57,1502.25,213039
2021-06-11 09:36:58,1502.25,213039
2021-06-11 09:36:58,1502.25,213039
2021-06-11 09:36:59,1502.25,213045
2021-06-11 09:37:00,1502.25,213052
2021-06-11 09:37:01,1502.25,213052
2021-06-11 09:37:02,1502.25,213052
2021-06-11 09:37:03,1502.25,213052
2021-06-11 09:37:04,1502.25,213052
2021-06-11 09:37:05,1502.25,213052
2021-06-11 09:37:07,1502.35,213072
2021-06-11 09:37:08,1502.35,213072
2021-06-11 09:37:09,1502.35,213072
2021-06-11 09:37:10,1502.35,213072
2021-06-11 09:37:11,1502.3,213081
2021-06-11 09:37:12,1503.0,213082
2021-06-11 09:37:13,1503.0,213082
2021-06-11 09:37:14,1502.3,213088
2021-06-11 09:37:15,1502.3,213088
2021-06-11 09:37:16,1502.3,213088
2021-06-11 09:37:18,1502.3,213088
2021-06-11 09:37:19,1502.3,213088
2021-06-11 09:37:20,1503.0,213089
2021-06-11 09:37:20,1503.0,213089
2021-06-11 09:37:21,1503.0,213089
2021-06-11 09:37:22,1503.0,213089
2021-06-11 09:37:23,1503.0,213092
2021-06-11 09:37:24,1503.0,213092
2021-06-11 09:37:25,1503.0,213092
2021-06-11 09:37:26,1502.5,213104
2021-06-11 09:37:27,1502.5,213104
2021-06-11 09:37:28,1502.5,213104
2021-06-11 09:37:29,1502.9,213106
2021-06-11 09:37:30,1502.9,213106
2021-06-11 09:37:31,1502.45,213112
2021-06-11 09:37:32,1502.3,213120
2021-06-11 09:37:33,1502.25,213132
2021-06-11 09:37:34,1502.25,213132
2021-06-11 09:37:35,1502.25,213132
2021-06-11 09:37:36,1502.25,213132
2021-06-11 09:37:37,1502.9,213432
2021-06-11 09:37:38,1502.9,213432
2021-06-11 09:37:39,1502.9,213482
2021-06-11 09:37:40,1502.9,213482
2021-06-11 09:37:42,1502.9,213482
2021-06-11 09:37:43,1502.9,213482
2021-06-11 09:37:44,1502.9,213482
2021-06-11 09:37:45,1502.9,213482
2021-06-11 09:37:46,1502.9,213482
2021-06-11 09:37:47,1502.9,213482
2021-06-11 09:37:48,1502.9,213482
2021-06-11 09:37:50,1502.9,213482
2021-06-11 09:37:51,1502.9,213485
2021-06-11 09:37:52,1502.95,213595
2021-06-11 09:37:53,1502.95,213595
2021-06-11 09:37:54,1502.95,213595
2021-06-11 09:37:55,1502.95,213595
2021-06-11 09:37:56,1502.95,213595
2021-06-11 09:37:57,1502.95,213595
2021-06-11 09:37:59,1502.95,213595
2021-06-11 09:38:00,1502.95,213595
2021-06-11 09:38:01,1502.95,213595
2021-06-11 09:38:02,1502.95,213595
2021-06-11 09:38:03,1502.95,213595
2021-06-11 09:38:04,1502.95,213595
2021-06-11 09:38:05,1502.95,213595
2021-06-11 09:38:06,1502.25,213626
2021-06-11 09:38:07,1502.25,213626
2021-06-11 09:38:08,1502.25,213626
2021-06-11 09:38:09,1502.25,213626
2021-06-11 09:38:10,1502.25,213626
2021-06-11 09:38:11,1502.25,213626
2021-06-11 09:38:12,1502.9,213631
2021-06-11 09:38:13,1502.9,213631
2021-06-11 09:38:14,1502.9,213631
2021-06-11 09:38:15,1502.9,213631
2021-06-11 09:38:16,1502.9,213631
2021-06-11 09:38:17,1502.9,213632
2021-06-11 09:38:18,1502.9,213632
2021-06-11 09:38:19,1502.35,213682
2021-06-11 09:38:21,1502.35,213682
2021-06-11 09:38:21,1502.35,213682
2021-06-11 09:38:23,1502.35,213682
2021-06-11 09:38:24,1502.35,213682
2021-06-11 09:38:25,1502.35,213682
2021-06-11 09:38:26,1502.35,213682
2021-06-11 09:38:27,1502.35,213892
2021-06-11 09:38:27,1502.35,213892
2021-06-11 09:38:28,1502.35,213892
2021-06-11 09:38:29,1502.9,213913
2021-06-11 09:38:31,1502.9,213913
2021-06-11 09:38:32,1502.9,213913
2021-06-11 09:38:34,1502.9,213913
2021-06-11 09:38:35,1502.9,213913
2021-06-11 09:38:35,1502.9,213913
2021-06-11 09:38:36,1502.9,213913
2021-06-11 09:38:37,1502.2,213917
2021-06-11 09:38:38,1502.2,213917
2021-06-11 09:38:39,1502.2,213917
2021-06-11 09:38:40,1502.15,213945
2021-06-11 09:38:41,1503.25,214245
2021-06-11 09:38:42,1503.25,214245
2021-06-11 09:38:43,1502.9,214295
2021-06-11 09:38:44,1502.9,214296
2021-06-11 09:38:45,1503.25,214297
2021-06-11 09:38:47,1502.6,214383
2021-06-11 09:38:49,1503.5,214453
2021-06-11 09:38:51,1503.25,214461
2021-06-11 09:38:52,1503.25,214461
2021-06-11 09:38:53,1503.25,214461
2021-06-11 09:38:53,1503.25,214461
2021-06-11 09:38:55,1503.25,214461
2021-06-11 09:38:56,1504.0,214481
2021-06-11 09:38:57,1504.0,214481
2021-06-11 09:38:58,1503.25,214482
2021-06-11 09:38:59,1503.25,214482
2021-06-11 09:39:00,1503.25,214482
2021-06-11 09:39:01,1504.0,214502
2021-06-11 09:39:02,1503.7,214510
2021-06-11 09:39:03,1503.7,214510
2021-06-11 09:39:04,1503.7,214515
2021-06-11 09:39:05,1503.7,214515
2021-06-11 09:39:06,1503.7,214515
2021-06-11 09:39:07,1503.7,214515
2021-06-11 09:39:08,1503.7,214515
2021-06-11 09:39:09,1503.7,214515
2021-06-11 09:39:09,1503.7,214515
2021-06-11 09:39:10,1503.7,214515
2021-06-11 09:39:12,1503.7,214515
2021-06-11 09:39:13,1503.7,214515
2021-06-11 09:39:14,1503.7,214520
2021-06-11 09:39:15,1503.7,214520
2021-06-11 09:39:16,1503.7,214520
2021-06-11 09:39:17,1503.25,214635
2021-06-11 09:39:18,1503.5,215312
2021-06-11 09:39:19,1503.5,215312
2021-06-11 09:39:20,1503.5,215312
2021-06-11 09:39:21,1503.7,215313
2021-06-11 09:39:22,1503.7,215313
2021-06-11 09:39:24,1504.5,215328
2021-06-11 09:39:25,1504.5,215328
2021-06-11 09:39:25,1504.5,215328
2021-06-11 09:39:26,1504.5,215328
2021-06-11 09:39:27,1504.5,215328
2021-06-11 09:39:28,1504.5,215328
2021-06-11 09:39:29,1504.5,215328
2021-06-11 09:39:31,1504.5,215328
2021-06-11 09:39:32,1504.5,215328
2021-06-11 09:39:34,1504.5,215328
2021-06-11 09:39:35,1504.5,215328
2021-06-11 09:39:36,1504.5,215328
2021-06-11 09:39:37,1504.5,215328
2021-06-11 09:39:37,1504.5,215328
2021-06-11 09:39:38,1504.5,215328
2021-06-11 09:39:40,1504.5,215353
2021-06-11 09:39:40,1504.5,215353
2021-06-11 09:39:41,1504.5,215353
2021-06-11 09:39:42,1504.0,215403
2021-06-11 09:39:43,1504.0,215403
2021-06-11 09:39:45,1504.0,215403
2021-06-11 09:39:46,1504.0,215403
2021-06-11 09:39:47,1503.25,215410
2021-06-11 09:39:48,1503.25,215410
2021-06-11 09:39:49,1503.25,215410
2021-06-11 09:39:50,1503.25,215410
2021-06-11 09:39:51,1504.1,215423
2021-06-11 09:39:52,1503.0,215717
2021-06-11 09:39:53,1503.0,215717
2021-06-11 09:39:54,1503.3,215747
2021-06-11 09:39:55,1503.3,215747
2021-06-11 09:39:55,1503.3,215747
2021-06-11 09:39:56,1502.35,215822
2021-06-11 09:39:57,1502.35,215822
2021-06-11 09:39:58,1502.35,215822
2021-06-11 09:39:59,1503.15,215837
2021-06-11 09:40:00,1503.15,215847
2021-06-11 09:40:01,1503.0,215897
2021-06-11 09:40:02,1503.0,215897
2021-06-11 09:40:03,1503.0,215897
2021-06-11 09:40:04,1503.1,215907
2021-06-11 09:40:05,1503.1,215907
2021-06-11 09:40:06,1502.15,215920
2021-06-11 09:40:08,1503.05,216030
2021-06-11 09:40:08,1503.05,216030
2021-06-11 09:40:09,1503.05,216030
2021-06-11 09:40:10,1503.05,216030
2021-06-11 09:40:11,1503.05,216030
2021-06-11 09:40:12,1503.4,216043
2021-06-11 09:40:13,1503.4,216043
2021-06-11 09:40:16,1503.0,216080
2021-06-11 09:40:17,1503.0,216080
2021-06-11 09:40:18,1503.25,216085
2021-06-11 09:40:19,1503.25,216085
2021-06-11 09:40:19,1503.25,216085
2021-06-11 09:40:20,1503.25,216085
2021-06-11 09:40:21,1503.25,216085
2021-06-11 09:40:22,1503.25,216085
2021-06-11 09:40:23,1503.25,216085
2021-06-11 09:40:25,1503.25,216085
2021-06-11 09:40:25,1503.25,216085
2021-06-11 09:40:26,1503.25,216085
2021-06-11 09:40:27,1503.25,216085
2021-06-11 09:40:28,1503.25,216085
2021-06-11 09:40:30,1503.25,216085
2021-06-11 09:40:31,1503.65,216110
2021-06-11 09:40:32,1503.85,216111
2021-06-11 09:40:33,1503.85,216111
2021-06-11 09:40:34,1503.85,216111
2021-06-11 09:40:35,1503.85,216112
2021-06-11 09:40:36,1503.85,216112
2021-06-11 09:40:37,1503.85,216112
2021-06-11 09:40:38,1503.85,216112
2021-06-11 09:40:39,1503.85,216112
2021-06-11 09:40:41,1503.85,216112
2021-06-11 09:40:42,1504.0,216357
2021-06-11 09:40:42,1504.0,216357
2021-06-11 09:40:43,1504.0,216357
2021-06-11 09:40:45,1504.5,216360
2021-06-11 09:40:46,1504.5,216360
2021-06-11 09:40:47,1504.5,216360
2021-06-11 09:40:48,1504.5,216360
2021-06-11 09:40:50,1504.5,216360
2021-06-11 09:40:51,1503.25,216862
2021-06-11 09:40:52,1504.35,216882
2021-06-11 09:40:53,1504.35,216882
2021-06-11 09:40:54,1503.3,216892
2021-06-11 09:40:54,1503.3,216897
2021-06-11 09:40:55,1503.3,216897
2021-06-11 09:40:56,1503.25,216967
2021-06-11 09:40:57,1503.25,216967
2021-06-11 09:40:59,1503.35,217096
2021-06-11 09:41:01,1504.35,217126
2021-06-11 09:41:02,1504.35,217126
2021-06-11 09:41:03,1504.0,217131
2021-06-11 09:41:03,1504.0,217131
2021-06-11 09:41:04,1504.0,217131
2021-06-11 09:41:05,1504.0,217131
2021-06-11 09:41:07,1504.0,217131
2021-06-11 09:41:08,1504.4,217138
2021-06-11 09:41:08,1504.4,217138
2021-06-11 09:41:10,1504.4,217138
2021-06-11 09:41:10,1504.4,217138
2021-06-11 09:41:12,1503.4,217154
2021-06-11 09:41:13,1503.55,217171
2021-06-11 09:41:14,1503.55,217171
2021-06-11 09:41:15,1504.4,217211
2021-06-11 09:41:16,1504.4,217211
2021-06-11 09:41:17,1504.4,217211
2021-06-11 09:41:18,1504.4,217216
2021-06-11 09:41:19,1504.4,217216
2021-06-11 09:41:20,1503.5,217316
2021-06-11 09:41:21,1504.35,217322
2021-06-11 09:41:22,1504.35,217322
2021-06-11 09:41:23,1503.5,217324
2021-06-11 09:41:24,1503.5,217324
2021-06-11 09:41:25,1503.5,217324
2021-06-11 09:41:27,1503.5,217324
2021-06-11 09:41:28,1503.5,217324
2021-06-11 09:41:29,1503.5,217324
2021-06-11 09:41:30,1503.5,217324
2021-06-11 09:41:31,1503.5,217324
2021-06-11 09:41:32,1503.5,217324
2021-06-11 09:41:33,1503.5,217324
2021-06-11 09:41:34,1503.5,217324
2021-06-11 09:41:35,1503.5,217324
2021-06-11 09:41:35,1503.5,217324
2021-06-11 09:41:37,1503.5,217324
2021-06-11 09:41:37,1503.5,217324
2021-06-11 09:41:38,1503.5,217324
2021-06-11 09:41:39,1503.5,217324
2021-06-11 09:41:41,1503.5,217324
2021-06-11 09:41:42,1503.5,217324
2021-06-11 09:41:42,1504.3,217366
2021-06-11 09:41:43,1504.4,217378
2021-06-11 09:41:44,1504.3,217381
2021-06-11 09:41:46,1503.55,217401
2021-06-11 09:41:47,1504.35,217407
2021-06-11 09:41:47,1504.35,217413
2021-06-11 09:41:49,1503.55,217450
2021-06-11 09:41:50,1503.55,217450
2021-06-11 09:41:50,1503.55,217450
2021-06-11 09:41:51,1503.55,217450
2021-06-11 09:41:52,1503.55,217450
2021-06-11 09:41:53,1503.55,217450
2021-06-11 09:41:55,1503.55,217450
2021-06-11 09:41:56,1503.55,217450
2021-06-11 09:41:57,1503.55,217450
2021-06-11 09:41:58,1503.55,217450
2021-06-11 09:41:59,1503.55,217450
2021-06-11 09:42:00,1503.55,217510
2021-06-11 09:42:01,1503.55,217510
2021-06-11 09:42:02,1503.55,217510
2021-06-11 09:42:03,1503.55,217510
2021-06-11 09:42:04,1503.55,217510
2021-06-11 09:42:05,1503.55,217510
2021-06-11 09:42:06,1503.55,217510
2021-06-11 09:42:07,1503.55,217510
2021-06-11 09:42:09,1503.55,217510
2021-06-11 09:42:08,1503.55,217510
2021-06-11 09:42:10,1503.55,217515
2021-06-11 09:42:11,1503.55,217515
2021-06-11 09:42:12,1504.4,217615
2021-06-11 09:42:13,1504.4,217615
2021-06-11 09:42:13,1504.4,217615
2021-06-11 09:42:14,1504.4,217615
2021-06-11 09:42:15,1504.4,217615
2021-06-11 09:42:17,1504.4,217615
2021-06-11 09:42:17,1504.4,217615
2021-06-11 09:42:18,1504.4,217615
2021-06-11 09:42:20,1503.65,217680
2021-06-11 09:42:20,1503.65,217680
2021-06-11 09:42:22,1503.65,217680
2021-06-11 09:42:23,1503.65,217680
2021-06-11 09:42:24,1504.35,217687
2021-06-11 09:42:25,1504.35,217687
2021-06-11 09:42:27,1504.35,217687
2021-06-11 09:42:28,1504.35,217699
2021-06-11 09:42:28,1503.65,217691
2021-06-11 09:42:29,1504.35,217699
2021-06-11 09:42:30,1504.0,217704
2021-06-11 09:42:32,1504.0,217704
2021-06-11 09:42:33,1504.35,217705
2021-06-11 09:42:34,1504.35,217705
2021-06-11 09:42:35,1504.0,217755
2021-06-11 09:42:36,1504.0,217755
2021-06-11 09:42:37,1504.0,217755
2021-06-11 09:42:38,1504.0,217756
2021-06-11 09:42:39,1504.0,217756
2021-06-11 09:42:39,1504.0,217756
2021-06-11 09:42:40,1504.0,217766
2021-06-11 09:42:41,1504.0,217766
2021-06-11 09:42:42,1504.0,217766
2021-06-11 09:42:43,1504.0,217771
2021-06-11 09:42:44,1503.65,217786
2021-06-11 09:42:46,1503.65,217824
2021-06-11 09:42:47,1504.0,217831
2021-06-11 09:42:48,1503.5,217873
2021-06-11 09:42:49,1504.0,217923
2021-06-11 09:42:50,1504.0,217923
2021-06-11 09:42:51,1504.0,217923
2021-06-11 09:42:53,1503.45,217948
2021-06-11 09:42:54,1503.45,217948
2021-06-11 09:42:55,1503.45,217948
2021-06-11 09:42:56,1503.45,217948
2021-06-11 09:42:57,1503.45,217948
2021-06-11 09:42:58,1503.45,217948
2021-06-11 09:42:59,1503.45,217948
2021-06-11 09:43:00,1503.45,217948
2021-06-11 09:43:01,1503.45,217948
2021-06-11 09:43:01,1503.45,217948
2021-06-11 09:43:03,1504.0,218048
2021-06-11 09:43:04,1504.0,218068
2021-06-11 09:43:05,1504.0,218068
2021-06-11 09:43:06,1504.0,218068
2021-06-11 09:43:07,1504.0,218068
2021-06-11 09:43:08,1504.0,218068
2021-06-11 09:43:10,1504.0,218068
2021-06-11 09:43:11,1504.0,218068
2021-06-11 09:43:12,1504.0,218068
2021-06-11 09:43:13,1503.4,218118
2021-06-11 09:43:14,1503.4,218118
2021-06-11 09:43:15,1503.35,218178
2021-06-11 09:43:16,1503.35,218178
2021-06-11 09:43:17,1503.35,218178
2021-06-11 09:43:18,1503.9,218203
2021-06-11 09:43:19,1503.9,218203
2021-06-11 09:43:20,1503.9,218203
2021-06-11 09:43:21,1503.9,218203
2021-06-11 09:43:22,1503.9,218203
2021-06-11 09:43:23,1503.9,218203
2021-06-11 09:43:24,1503.9,218203
2021-06-11 09:43:25,1504.0,218229
2021-06-11 09:43:26,1504.0,218229
2021-06-11 09:43:27,1503.35,218234
2021-06-11 09:43:28,1503.9,218236
2021-06-11 09:43:29,1503.35,218281
2021-06-11 09:43:30,1503.35,218281
2021-06-11 09:43:31,1503.35,218281
2021-06-11 09:43:32,1503.35,218281
2021-06-11 09:43:33,1503.35,218281
2021-06-11 09:43:34,1503.35,218281
2021-06-11 09:43:35,1503.35,218301
2021-06-11 09:43:36,1503.35,218301
2021-06-11 09:43:37,1503.35,218301
2021-06-11 09:43:38,1503.35,218301
2021-06-11 09:43:39,1503.85,218311
2021-06-11 09:43:40,1503.85,218311
2021-06-11 09:43:41,1503.85,218311
2021-06-11 09:43:42,1503.85,218311
2021-06-11 09:43:43,1503.85,218311
2021-06-11 09:43:44,1503.85,218311
2021-06-11 09:43:45,1503.85,218316
2021-06-11 09:43:46,1503.85,218316
2021-06-11 09:43:47,1503.85,218316
2021-06-11 09:43:48,1503.35,218318
2021-06-11 09:43:49,1503.85,218328
2021-06-11 09:43:50,1503.85,218328
2021-06-11 09:43:51,1503.85,218328
2021-06-11 09:43:52,1503.85,218328
2021-06-11 09:43:53,1503.35,218329
2021-06-11 09:43:54,1503.0,218345
2021-06-11 09:43:55,1503.35,218378
2021-06-11 09:43:56,1503.35,218378
2021-06-11 09:43:57,1503.35,218378
2021-06-11 09:43:58,1503.35,218378
2021-06-11 09:43:59,1503.35,218378
2021-06-11 09:44:00,1503.35,218378
2021-06-11 09:44:01,1503.35,218397
2021-06-11 09:44:02,1503.35,218402
2021-06-11 09:44:03,1503.35,218409
2021-06-11 09:44:04,1503.35,218411
2021-06-11 09:44:05,1503.35,218411
2021-06-11 09:44:06,1503.0,218448
2021-06-11 09:44:07,1503.0,218460
2021-06-11 09:44:08,1503.35,218467
2021-06-11 09:44:09,1503.35,218474
2021-06-11 09:44:10,1503.35,218487
2021-06-11 09:44:11,1503.35,218487
2021-06-11 09:44:12,1503.35,218487
2021-06-11 09:44:13,1503.35,218524
2021-06-11 09:44:14,1503.35,218537
2021-06-11 09:44:15,1503.35,218537
2021-06-11 09:44:16,1503.35,218537
2021-06-11 09:44:17,1503.35,218537
2021-06-11 09:44:18,1503.35,218602
2021-06-11 09:44:19,1503.35,218603
2021-06-11 09:44:20,1503.9,218670
2021-06-11 09:44:21,1503.9,218670
2021-06-11 09:44:22,1503.9,218670
2021-06-11 09:44:23,1503.9,218670
2021-06-11 09:44:24,1503.0,218730
2021-06-11 09:44:25,1503.0,218730
2021-06-11 09:44:26,1503.0,218730
2021-06-11 09:44:27,1503.0,218730
2021-06-11 09:44:30,1502.8,218731
2021-06-11 09:44:29,1503.0,218730
2021-06-11 09:44:31,1502.8,218731
2021-06-11 09:44:32,1502.8,218731
2021-06-11 09:44:33,1502.8,218731
2021-06-11 09:44:34,1502.8,218731
2021-06-11 09:44:35,1502.8,218731
2021-06-11 09:44:36,1502.8,218731
2021-06-11 09:44:37,1502.8,218731
2021-06-11 09:44:38,1502.8,218731
2021-06-11 09:44:39,1503.7,218733
2021-06-11 09:44:40,1502.85,218745
2021-06-11 09:44:41,1502.85,218745
2021-06-11 09:44:42,1502.85,218765
2021-06-11 09:44:43,1503.7,218766
2021-06-11 09:44:44,1502.75,218884
2021-06-11 09:44:45,1503.7,218885
2021-06-11 09:44:46,1503.7,218885
2021-06-11 09:44:47,1502.8,218886
2021-06-11 09:44:48,1502.8,218886
2021-06-11 09:44:49,1502.8,218886
2021-06-11 09:44:50,1502.8,218886
2021-06-11 09:44:52,1502.8,218886
2021-06-11 09:44:53,1503.5,218887
2021-06-11 09:44:54,1503.5,218887
2021-06-11 09:44:55,1503.5,218887
2021-06-11 09:44:56,1503.5,218887
2021-06-11 09:44:57,1503.7,218912
2021-06-11 09:44:58,1503.7,218912
2021-06-11 09:44:59,1503.35,218915
2021-06-11 09:45:00,1503.35,218916
2021-06-11 09:45:02,1502.85,218927
2021-06-11 09:45:03,1502.85,218927
2021-06-11 09:45:04,1502.85,218927
2021-06-11 09:45:05,1502.85,218927
2021-06-11 09:45:06,1502.85,218927
2021-06-11 09:45:07,1502.85,218927
2021-06-11 09:45:08,1503.5,218977
2021-06-11 09:45:09,1503.5,218977
2021-06-11 09:45:10,1503.5,218977
2021-06-11 09:45:11,1502.95,218979
2021-06-11 09:45:12,1502.95,218979
2021-06-11 09:45:13,1502.95,218979
2021-06-11 09:45:14,1502.95,218979
2021-06-11 09:45:15,1502.95,218979
2021-06-11 09:45:16,1502.95,218979
2021-06-11 09:45:17,1503.5,218986
2021-06-11 09:45:18,1503.5,218986
2021-06-11 09:45:19,1503.05,218992
2021-06-11 09:45:20,1503.05,218992
2021-06-11 09:45:21,1503.0,219016
2021-06-11 09:45:22,1503.0,219016
2021-06-11 09:45:23,1503.0,219016
2021-06-11 09:45:24,1503.0,219016
2021-06-11 09:45:25,1503.85,219117
2021-06-11 09:45:26,1503.85,219117
2021-06-11 09:45:27,1503.0,219217
2021-06-11 09:45:28,1503.0,219262
2021-06-11 09:45:29,1503.0,219262
2021-06-11 09:45:31,1503.0,219262
2021-06-11 09:45:32,1503.0,219262
2021-06-11 09:45:33,1503.0,219262
2021-06-11 09:45:34,1503.0,219262
2021-06-11 09:45:35,1503.0,219262
2021-06-11 09:45:36,1503.0,219262
2021-06-11 09:45:38,1503.0,219262
2021-06-11 09:45:39,1503.0,219262
2021-06-11 09:45:40,1503.85,219298
2021-06-11 09:45:40,1503.85,219298
2021-06-11 09:45:41,1503.85,219298
2021-06-11 09:45:42,1503.85,219298
2021-06-11 09:45:43,1503.0,219320
2021-06-11 09:45:44,1503.0,219420
2021-06-11 09:45:45,1503.0,219420
2021-06-11 09:45:46,1503.0,219580
2021-06-11 09:45:47,1503.0,219580
2021-06-11 09:45:48,1504.0,220580
2021-06-11 09:45:49,1504.0,220580
2021-06-11 09:45:50,1504.0,220580
2021-06-11 09:45:51,1504.0,220591
2021-06-11 09:45:52,1504.0,220591
2021-06-11 09:45:54,1504.0,220591
2021-06-11 09:45:55,1503.05,220595
2021-06-11 09:45:56,1503.05,220595
2021-06-11 09:45:57,1503.05,220595
2021-06-11 09:45:58,1503.05,220595
2021-06-11 09:45:59,1503.05,220595
2021-06-11 09:46:01,1503.05,220595
2021-06-11 09:46:02,1503.85,220602
2021-06-11 09:46:03,1503.85,220602
2021-06-11 09:46:05,1503.0,220608
2021-06-11 09:46:07,1503.7,220614
2021-06-11 09:46:09,1503.7,220614
2021-06-11 09:46:10,1503.7,220614
2021-06-11 09:46:10,1503.7,220614
2021-06-11 09:46:12,1503.7,220621
2021-06-11 09:46:12,1503.7,220621
2021-06-11 09:46:13,1503.7,220621
2021-06-11 09:46:14,1503.7,220621
2021-06-11 09:46:15,1503.7,220621
2021-06-11 09:46:16,1503.7,220621
2021-06-11 09:46:17,1503.7,220621
2021-06-11 09:46:18,1503.7,220621
2021-06-11 09:46:20,1503.7,220621
2021-06-11 09:46:20,1503.25,220631
2021-06-11 09:46:23,1503.25,220631
2021-06-11 09:46:23,1503.25,220631
2021-06-11 09:46:24,1503.25,220631
2021-06-11 09:46:25,1503.45,220660
2021-06-11 09:46:26,1503.45,220666
2021-06-11 09:46:27,1503.45,220666
2021-06-11 09:46:28,1503.45,220666
2021-06-11 09:46:29,1503.45,220666
2021-06-11 09:46:30,1503.45,220666
2021-06-11 09:46:31,1503.45,220666
2021-06-11 09:46:32,1503.45,220666
2021-06-11 09:46:33,1503.45,220666
2021-06-11 09:46:34,1503.0,220671
2021-06-11 09:46:35,1503.75,221171
2021-06-11 09:46:37,1503.55,221187
2021-06-11 09:46:40,1503.0,221267
2021-06-11 09:46:43,1503.45,221397
2021-06-11 09:46:47,1503.45,221397
2021-06-11 09:46:50,1503.6,221403
2021-06-11 09:46:53,1503.6,221403
2021-06-11 09:46:55,1503.0,221406
2021-06-11 09:46:58,1503.6,221467
2021-06-11 09:47:01,1503.6,221474
2021-06-11 09:47:04,1503.6,221474
2021-06-11 09:47:07,1503.6,221482
2021-06-11 09:47:10,1503.6,221482
2021-06-11 09:47:13,1503.6,221502
2021-06-11 09:47:16,1502.0,223595
2021-06-11 09:47:18,1502.7,223695
2021-06-11 09:47:21,1502.7,223695
2021-06-11 09:47:24,1502.75,223702
2021-06-11 09:47:27,1502.0,223705
2021-06-11 09:47:31,1502.65,224229
2021-06-11 09:47:34,1502.65,224235
2021-06-11 09:47:37,1502.65,224235
2021-06-11 09:47:40,1502.65,224242
2021-06-11 09:47:46,1502.0,224412
2021-06-11 09:47:49,1502.65,224418
2021-06-11 09:47:52,1502.65,224454
2021-06-11 09:47:57,1502.65,224454
2021-06-11 09:48:00,1502.65,224454
2021-06-11 09:48:03,1502.3,224489
2021-06-11 09:48:06,1502.35,224490
2021-06-11 09:48:09,1502.35,224490
2021-06-11 09:48:13,1503.3,224599
2021-06-11 09:48:19,1502.65,224756
2021-06-11 09:48:22,1503.55,224765
2021-06-11 09:48:25,1503.55,224765
2021-06-11 09:48:28,1503.0,224775
2021-06-11 09:48:32,1503.0,224791
2021-06-11 09:48:35,1503.0,224844
2021-06-11 09:48:39,1503.0,224903
2021-06-11 09:48:42,1503.0,225038
2021-06-11 09:48:45,1503.0,225084
2021-06-11 09:48:49,1503.0,225149
2021-06-11 09:48:52,1503.0,225149
2021-06-11 09:48:55,1503.0,225162
2021-06-11 09:48:58,1503.0,225191
2021-06-11 09:49:01,1502.05,225361
2021-06-11 09:49:05,1502.45,225362
2021-06-11 09:49:08,1502.45,225382
2021-06-11 09:49:11,1502.8,225395
2021-06-11 09:49:14,1502.8,225410
2021-06-11 09:49:17,1503.0,225510
2021-06-11 09:49:20,1503.0,225510
2021-06-11 09:49:23,1503.2,225711
2021-06-11 09:49:26,1503.2,225711
2021-06-11 09:49:29,1503.2,225711
2021-06-11 09:49:32,1503.1,225789
2021-06-11 09:49:35,1502.95,225827
2021-06-11 09:49:38,1502.95,225840
2021-06-11 09:49:41,1502.05,225844
2021-06-11 09:49:44,1502.9,225847
2021-06-11 09:49:47,1502.9,225853
2021-06-11 09:49:50,1502.9,225876
2021-06-11 09:49:53,1503.0,225929
2021-06-11 09:49:56,1503.0,225929
2021-06-11 09:49:59,1503.0,225954
2021-06-11 09:50:02,1502.5,225975
2021-06-11 09:50:06,1503.0,225979
2021-06-11 09:50:09,1503.0,226060
2021-06-11 09:50:12,1502.0,227238
2021-06-11 09:50:15,1502.0,227238
2021-06-11 09:50:18,1502.0,227278
2021-06-11 09:50:21,1502.0,227278
2021-06-11 09:50:24,1501.8,227323
2021-06-11 09:50:27,1501.8,227340
2021-06-11 09:50:30,1502.0,227364
2021-06-11 09:50:34,1502.0,227371
2021-06-11 09:50:37,1502.0,227371
2021-06-11 09:50:40,1501.8,227477
2021-06-11 09:50:43,1502.0,227479
2021-06-11 09:50:46,1501.8,227489
2021-06-11 09:50:49,1501.8,227516
2021-06-11 09:50:52,1501.65,227666
2021-06-11 09:50:55,1502.0,227673
2021-06-11 09:50:57,1502.0,227676
2021-06-11 09:51:00,1502.0,227726
2021-06-11 09:51:03,1501.8,227728
2021-06-11 09:51:07,1502.0,227760
2021-06-11 09:51:10,1502.0,227765
2021-06-11 09:51:12,1502.0,227765
2021-06-11 09:51:18,1501.2,229689
2021-06-11 09:51:22,1500.25,230017
2021-06-11 09:51:25,1501.0,230057
2021-06-11 09:51:27,1500.3,230062
2021-06-11 09:51:30,1501.0,230190
2021-06-11 09:51:33,1500.95,230327
2021-06-11 09:51:36,1500.95,230327
2021-06-11 09:51:39,1500.95,230327
2021-06-11 09:51:45,1500.95,231085
2021-06-11 09:51:48,1501.05,231108
2021-06-11 09:51:51,1501.05,231108
2021-06-11 09:51:54,1501.0,231142
2021-06-11 09:51:57,1500.2,231170
2021-06-11 09:52:00,1500.2,231170
2021-06-11 09:52:03,1501.35,231327
2021-06-11 09:52:05,1501.25,231337
2021-06-11 09:52:08,1501.25,231387
2021-06-11 09:52:11,1501.25,231392
2021-06-11 09:52:14,1501.25,231392
2021-06-11 09:52:16,1501.15,231442
2021-06-11 09:52:19,1501.15,231442
2021-06-11 09:52:22,1501.15,231442
2021-06-11 09:52:25,1501.5,231452
2021-06-11 09:52:28,1501.1,231582
2021-06-11 09:52:31,1501.65,231592
2021-06-11 09:52:34,1501.65,231592
2021-06-11 09:52:38,1501.65,231612
2021-06-11 09:52:41,1501.75,231637
2021-06-11 09:52:44,1501.05,231666
2021-06-11 09:52:47,1501.75,231926
2021-06-11 09:52:52,1501.7,231943
2021-06-11 09:52:55,1501.7,231943
2021-06-11 09:52:58,1501.7,231943
2021-06-11 09:53:01,1501.7,231943
2021-06-11 09:53:04,1501.7,232193
2021-06-11 09:53:07,1500.75,232216
2021-06-11 09:53:10,1500.75,232216
2021-06-11 09:53:15,1501.6,232217
2021-06-11 09:53:18,1501.35,232585
2021-06-11 09:53:21,1501.35,232585
2021-06-11 09:53:24,1501.35,232585
2021-06-11 09:53:27,1500.35,232591
2021-06-11 09:53:29,1501.0,232641
2021-06-11 09:53:32,1501.0,232678
2021-06-11 09:53:35,1501.0,232678
2021-06-11 09:53:38,1500.3,232713
2021-06-11 09:53:41,1500.3,232713
2021-06-11 09:53:43,1501.25,232743
2021-06-11 09:53:46,1500.4,232776
2021-06-11 09:53:49,1500.4,232776
2021-06-11 09:53:52,1500.4,232776
2021-06-11 09:53:55,1500.4,232776
2021-06-11 09:53:58,1501.2,232779
2021-06-11 09:54:01,1501.2,232779
2021-06-11 09:54:04,1501.2,232779
2021-06-11 09:54:07,1501.2,232779
2021-06-11 09:54:10,1501.0,232869
2021-06-11 09:54:13,1501.0,232869
2021-06-11 09:54:16,1501.0,232921
2021-06-11 09:54:19,1501.0,232941
2021-06-11 09:54:22,1501.0,232941
2021-06-11 09:54:25,1501.0,232941
2021-06-11 09:54:28,1501.0,232941
2021-06-11 09:54:31,1501.0,232998
2021-06-11 09:54:34,1501.0,232998
2021-06-11 09:54:37,1501.0,232998
2021-06-11 09:54:40,1501.0,233154
2021-06-11 09:54:42,1501.0,233154
2021-06-11 09:54:45,1501.0,233154
2021-06-11 09:54:48,1501.0,233174
2021-06-11 09:54:51,1500.6,233179
2021-06-11 09:54:53,1501.0,233479
2021-06-11 09:54:56,1501.0,233479
2021-06-11 09:55:00,1501.0,233504
2021-06-11 09:55:03,1500.3,233743
2021-06-11 09:55:06,1500.2,233746
2021-06-11 09:55:08,1500.2,233846
2021-06-11 09:55:11,1500.2,233846
2021-06-11 09:55:14,1500.2,233991
2021-06-11 09:55:17,1500.2,234001
2021-06-11 09:55:20,1500.3,234021
2021-06-11 09:55:23,1500.3,234021
2021-06-11 09:55:25,1500.3,234021
2021-06-11 09:55:28,1500.3,234071
2021-06-11 09:55:31,1500.3,234077
2021-06-11 09:55:34,1500.3,234077
2021-06-11 09:55:37,1500.3,234100
2021-06-11 09:55:39,1501.0,234155
2021-06-11 09:55:42,1500.85,234165
2021-06-11 09:55:45,1501.0,234175
2021-06-11 09:55:48,1500.85,234182
2021-06-11 09:55:54,1500.85,234182
2021-06-11 09:55:56,1500.85,234182
2021-06-11 09:55:59,1500.85,234182
2021-06-11 09:56:02,1500.3,234384
2021-06-11 09:56:05,1501.0,234684
2021-06-11 09:56:08,1501.0,234684
2021-06-11 09:56:10,1501.0,234684
2021-06-11 09:56:13,1501.0,234684
2021-06-11 09:56:16,1500.05,235514
2021-06-11 09:56:18,1500.1,236240
2021-06-11 09:56:21,1500.05,238437
2021-06-11 09:56:27,1499.15,238747
2021-06-11 09:56:30,1499.2,238754
2021-06-11 09:56:33,1499.2,238755
2021-06-11 09:56:35,1499.2,238755
2021-06-11 09:56:36,1499.2,238755
2021-06-11 09:56:37,1500.0,238790
2021-06-11 09:56:38,1500.0,238790
2021-06-11 09:56:39,1500.0,238790
2021-06-11 09:56:41,1499.3,238891
2021-06-11 09:56:42,1499.2,238946
2021-06-11 09:56:42,1499.2,238946
2021-06-11 09:56:43,1499.2,238946
2021-06-11 09:56:44,1499.95,238976
2021-06-11 09:56:45,1499.25,238980
2021-06-11 09:56:46,1499.25,238980
2021-06-11 09:56:47,1499.25,238980
2021-06-11 09:56:48,1499.25,238981
2021-06-11 09:56:49,1499.25,238981
2021-06-11 09:56:50,1499.25,238981
2021-06-11 09:56:51,1499.25,238981
2021-06-11 09:56:52,1499.85,239081
2021-06-11 09:56:53,1499.85,239081
2021-06-11 09:56:54,1499.95,239084
2021-06-11 09:56:56,1500.0,239587
2021-06-11 09:56:56,1500.0,239587
2021-06-11 09:56:57,1500.0,239587
2021-06-11 09:56:58,1500.0,239587
2021-06-11 09:57:00,1499.25,239619
2021-06-11 09:57:02,1499.25,239619
2021-06-11 09:57:02,1500.0,239664
2021-06-11 09:57:03,1500.0,239664
2021-06-11 09:57:04,1500.0,239664
2021-06-11 09:57:05,1500.0,239664
2021-06-11 09:57:07,1500.0,239664
2021-06-11 09:57:07,1499.3,239739
2021-06-11 09:57:08,1499.3,239739
2021-06-11 09:57:09,1499.3,239739
2021-06-11 09:57:10,1499.3,239739
2021-06-11 09:57:11,1499.25,239749
2021-06-11 09:57:12,1500.0,239799
2021-06-11 09:57:13,1499.25,239816
2021-06-11 09:57:14,1500.0,239866
2021-06-11 09:57:15,1500.0,239866
2021-06-11 09:57:16,1500.0,239866
2021-06-11 09:57:17,1500.0,240166
2021-06-11 09:57:18,1500.0,240166
2021-06-11 09:57:19,1500.0,240166
2021-06-11 09:57:20,1500.0,240166
2021-06-11 09:57:21,1500.0,240166
2021-06-11 09:57:22,1500.0,240166
2021-06-11 09:57:23,1500.0,240166
2021-06-11 09:57:24,1500.0,240166
2021-06-11 09:57:25,1500.0,240166
2021-06-11 09:57:26,1500.0,240166
2021-06-11 09:57:27,1500.0,240166
2021-06-11 09:57:28,1499.25,240191
2021-06-11 09:57:29,1499.25,240191
2021-06-11 09:57:30,1499.25,240261
2021-06-11 09:57:31,1499.25,240261
2021-06-11 09:57:32,1499.25,240261
2021-06-11 09:57:33,1499.25,240261
2021-06-11 09:57:34,1499.25,240261
2021-06-11 09:57:35,1499.25,240371
2021-06-11 09:57:36,1499.25,240371
2021-06-11 09:57:37,1499.8,240421
2021-06-11 09:57:38,1499.8,240421
2021-06-11 09:57:39,1499.8,240421
2021-06-11 09:57:40,1499.8,240421
2021-06-11 09:57:41,1499.8,240527
2021-06-11 09:57:42,1499.8,240527
2021-06-11 09:57:43,1499.25,240547
2021-06-11 09:57:44,1499.25,240547
2021-06-11 09:57:45,1499.25,240547
2021-06-11 09:57:46,1499.3,240557
2021-06-11 09:57:47,1499.3,240560
2021-06-11 09:57:48,1499.3,240567
2021-06-11 09:57:49,1499.3,240567
2021-06-11 09:57:50,1499.3,240587
2021-06-11 09:57:51,1499.3,240597
2021-06-11 09:57:52,1499.3,240597
2021-06-11 09:57:53,1499.8,240647
2021-06-11 09:57:54,1499.8,240647
2021-06-11 09:57:55,1499.8,240647
2021-06-11 09:57:57,1499.35,240682
2021-06-11 09:57:57,1499.35,240682
2021-06-11 09:57:58,1499.35,240682
2021-06-11 09:57:59,1499.8,240982
2021-06-11 09:58:00,1499.8,240982
2021-06-11 09:58:01,1499.8,240982
2021-06-11 09:58:02,1499.8,240982
2021-06-11 09:58:03,1499.3,241018
2021-06-11 09:58:05,1499.3,241018
2021-06-11 09:58:06,1499.3,241018
2021-06-11 09:58:07,1499.3,241018
2021-06-11 09:58:09,1499.3,241018
2021-06-11 09:58:10,1499.8,241021
2021-06-11 09:58:11,1499.8,241021
2021-06-11 09:58:12,1499.8,241021
2021-06-11 09:58:13,1499.25,243538
2021-06-11 09:58:14,1499.0,243971
2021-06-11 09:58:15,1499.0,243971
2021-06-11 09:58:16,1499.0,243971
2021-06-11 09:58:17,1499.0,243971
2021-06-11 09:58:18,1499.75,244001
2021-06-11 09:58:19,1499.0,244151
2021-06-11 09:58:20,1499.0,244151
2021-06-11 09:58:21,1499.0,244151
2021-06-11 09:58:22,1499.0,244151
2021-06-11 09:58:24,1499.0,244291
2021-06-11 09:58:25,1499.0,244291
2021-06-11 09:58:26,1499.0,244291
2021-06-11 09:58:27,1499.0,244291
2021-06-11 09:58:28,1499.0,244291
2021-06-11 09:58:29,1499.0,244291
2021-06-11 09:58:30,1499.0,244297
2021-06-11 09:58:32,1499.0,244375
2021-06-11 09:58:33,1499.5,244413
2021-06-11 09:58:34,1499.5,244413
2021-06-11 09:58:35,1499.5,244413
2021-06-11 09:58:36,1499.1,244423
2021-06-11 09:58:37,1499.1,244423
2021-06-11 09:58:38,1499.1,244423
2021-06-11 09:58:39,1499.1,244423
2021-06-11 09:58:40,1499.1,244423
2021-06-11 09:58:41,1499.05,244448
2021-06-11 09:58:42,1499.05,244448
2021-06-11 09:58:43,1499.05,244448
2021-06-11 09:58:44,1499.05,244448
2021-06-11 09:58:45,1499.05,244448
2021-06-11 09:58:46,1499.5,244548
2021-06-11 09:58:47,1499.5,244548
2021-06-11 09:58:48,1499.5,244548
2021-06-11 09:58:49,1499.5,244548
2021-06-11 09:58:51,1499.5,244548
2021-06-11 09:58:53,1499.5,244548
2021-06-11 09:58:54,1499.5,244548
2021-06-11 09:58:55,1499.5,244548
2021-06-11 09:58:55,1499.5,244548
2021-06-11 09:58:56,1499.15,244588
2021-06-11 09:58:57,1499.15,244588
2021-06-11 09:58:58,1499.5,244590
2021-06-11 09:58:59,1499.5,244590
2021-06-11 09:59:00,1498.7,248188
2021-06-11 09:59:01,1498.7,248188
2021-06-11 09:59:02,1498.7,248188
2021-06-11 09:59:03,1498.7,248188
2021-06-11 09:59:04,1499.25,248199
2021-06-11 09:59:06,1498.2,248399
2021-06-11 09:59:06,1499.0,248468
2021-06-11 09:59:07,1499.5,248668
2021-06-11 09:59:08,1499.0,248768
2021-06-11 09:59:10,1498.3,248818
2021-06-11 09:59:11,1498.3,248818
2021-06-11 09:59:12,1498.3,248818
2021-06-11 09:59:13,1498.3,248818
2021-06-11 09:59:14,1498.25,248834
2021-06-11 09:59:15,1498.25,248844
2021-06-11 09:59:16,1499.1,248981
2021-06-11 09:59:18,1499.1,248981
2021-06-11 09:59:19,1498.25,249071
2021-06-11 09:59:20,1498.25,249071
2021-06-11 09:59:21,1498.25,249071
2021-06-11 09:59:22,1498.2,249124
2021-06-11 09:59:22,1498.2,249124
2021-06-11 09:59:23,1498.2,249124
2021-06-11 09:59:24,1498.0,249231
2021-06-11 09:59:25,1498.5,249331
2021-06-11 09:59:26,1497.5,249585
2021-06-11 09:59:27,1497.8,249595
2021-06-11 09:59:28,1497.35,249691
2021-06-11 09:59:29,1497.35,249701
2021-06-11 09:59:30,1497.25,249852
2021-06-11 09:59:31,1497.25,250091
2021-06-11 09:59:32,1497.0,250646
2021-06-11 09:59:33,1497.25,250846
2021-06-11 09:59:34,1497.2,250946
2021-06-11 09:59:35,1497.25,250956
2021-06-11 09:59:36,1497.25,250956
2021-06-11 09:59:37,1497.25,250956
2021-06-11 09:59:38,1497.7,251016
2021-06-11 09:59:39,1497.0,251026
2021-06-11 09:59:40,1497.0,251177
2021-06-11 09:59:41,1497.0,251177
2021-06-11 09:59:42,1496.85,251277
2021-06-11 09:59:43,1496.85,251302
2021-06-11 09:59:44,1496.75,251397
2021-06-11 09:59:45,1496.75,251397
2021-06-11 09:59:46,1496.75,251397
2021-06-11 09:59:47,1496.75,251397
2021-06-11 09:59:48,1497.05,251427
2021-06-11 09:59:49,1497.05,251427
2021-06-11 09:59:50,1497.05,251449
2021-06-11 09:59:51,1497.9,251679
2021-06-11 09:59:52,1497.95,251681
2021-06-11 09:59:53,1496.95,251756
2021-06-11 09:59:54,1497.85,251766
2021-06-11 09:59:55,1497.85,251766
2021-06-11 09:59:56,1497.85,251766
2021-06-11 09:59:57,1497.85,251766
2021-06-11 09:59:58,1497.25,251769
2021-06-11 09:59:59,1497.25,251769
2021-06-11 10:00:00,1497.0,251832
2021-06-11 10:00:01,1497.0,252083
2021-06-11 10:00:02,1497.0,252091
2021-06-11 10:00:03,1497.0,252103
2021-06-11 10:00:04,1497.0,252103
2021-06-11 10:00:05,1497.7,252114
2021-06-11 10:00:06,1497.7,252114
2021-06-11 10:00:07,1497.0,252134
2021-06-11 10:00:08,1497.0,252134
2021-06-11 10:00:10,1496.85,252710
2021-06-11 10:00:11,1496.0,253321
2021-06-11 10:00:11,1496.0,253321
2021-06-11 10:00:12,1496.0,253346
2021-06-11 10:00:13,1496.0,253354
2021-06-11 10:00:14,1496.0,253356
2021-06-11 10:00:15,1496.0,253366
2021-06-11 10:00:16,1496.0,253466
2021-06-11 10:00:17,1496.0,253466
2021-06-11 10:00:18,1496.0,253466
2021-06-11 10:00:19,1496.65,253467
2021-06-11 10:00:20,1497.15,253567
2021-06-11 10:00:21,1497.15,253567
2021-06-11 10:00:22,1496.55,253627
2021-06-11 10:00:23,1496.55,253627
2021-06-11 10:00:24,1496.85,253694
2021-06-11 10:00:25,1497.5,253756
2021-06-11 10:00:26,1496.8,253758
2021-06-11 10:00:27,1496.65,254258
2021-06-11 10:00:28,1496.7,254309
2021-06-11 10:00:29,1497.5,254375
2021-06-11 10:00:30,1496.9,254385
2021-06-11 10:00:31,1496.7,254387
2021-06-11 10:00:33,1496.7,254387
2021-06-11 10:00:32,1496.7,254387
2021-06-11 10:00:34,1496.45,254388
2021-06-11 10:00:35,1496.45,254388
2021-06-11 10:00:36,1497.0,254392
2021-06-11 10:00:37,1497.65,255212
2021-06-11 10:00:38,1497.65,255212
2021-06-11 10:00:39,1497.65,255212
2021-06-11 10:00:41,1497.85,255348
2021-06-11 10:00:41,1497.85,255348
2021-06-11 10:00:42,1497.5,255358
2021-06-11 10:00:43,1497.5,255363
2021-06-11 10:00:44,1497.5,255371
2021-06-11 10:00:45,1497.5,255376
2021-06-11 10:00:46,1497.5,255376
2021-06-11 10:00:48,1497.65,255396
2021-06-11 10:00:49,1497.65,255396
2021-06-11 10:00:49,1497.65,255396
2021-06-11 10:00:50,1497.65,255396
2021-06-11 10:00:51,1497.5,255406
2021-06-11 10:00:53,1497.65,255492
2021-06-11 10:00:54,1497.65,255492
2021-06-11 10:00:55,1497.65,255492
2021-06-11 10:00:56,1497.6,255610
2021-06-11 10:00:57,1497.55,255620
2021-06-11 10:00:57,1497.55,255620
2021-06-11 10:00:58,1497.55,255630
2021-06-11 10:00:59,1497.5,255640
2021-06-11 10:01:00,1497.5,255640
2021-06-11 10:01:01,1497.5,255640
2021-06-11 10:01:03,1498.25,255749
2021-06-11 10:01:04,1498.0,255837
2021-06-11 10:01:05,1497.55,255944
2021-06-11 10:01:07,1497.55,255944
2021-06-11 10:01:08,1497.55,255944
2021-06-11 10:01:09,1499.0,257280
2021-06-11 10:01:10,1499.0,257280
2021-06-11 10:01:11,1498.7,257488
2021-06-11 10:01:12,1498.7,257488
2021-06-11 10:01:13,1497.9,257498
2021-06-11 10:01:14,1497.8,257538
2021-06-11 10:01:14,1497.8,257538
2021-06-11 10:01:15,1497.8,257538
2021-06-11 10:01:16,1497.75,257638
2021-06-11 10:01:17,1497.75,257638
2021-06-11 10:01:18,1497.75,257638
2021-06-11 10:01:20,1497.75,257638
2021-06-11 10:01:21,1497.75,257638
2021-06-11 10:01:22,1498.0,257653
2021-06-11 10:01:23,1498.55,257661
2021-06-11 10:01:23,1498.0,257671
2021-06-11 10:01:24,1498.0,257671
2021-06-11 10:01:25,1498.0,257673
2021-06-11 10:01:26,1498.55,257747
2021-06-11 10:01:27,1498.55,257747
2021-06-11 10:01:28,1498.55,257747
2021-06-11 10:01:30,1498.6,257827
2021-06-11 10:01:31,1498.95,257830
2021-06-11 10:01:31,1498.95,257830
2021-06-11 10:01:32,1499.35,257920
2021-06-11 10:01:33,1499.35,257920
2021-06-11 10:01:34,1499.45,257929
2021-06-11 10:01:36,1498.65,258029
2021-06-11 10:01:37,1499.4,258030
2021-06-11 10:01:38,1498.55,258130
2021-06-11 10:01:39,1499.0,258140
2021-06-11 10:01:40,1499.0,258141
2021-06-11 10:01:41,1499.0,258141
2021-06-11 10:01:42,1499.0,258141
2021-06-11 10:01:43,1499.2,258241
2021-06-11 10:01:44,1499.2,258241
2021-06-11 10:01:45,1499.2,258241
2021-06-11 10:01:46,1498.15,258278
2021-06-11 10:01:47,1498.15,258278
2021-06-11 10:01:48,1498.15,258278
2021-06-11 10:01:50,1498.15,258278
2021-06-11 10:01:51,1498.1,258303
2021-06-11 10:01:52,1498.1,258303
2021-06-11 10:01:53,1498.1,258303
2021-06-11 10:01:54,1498.1,258303
2021-06-11 10:01:55,1498.25,258313
2021-06-11 10:01:56,1498.25,258313
2021-06-11 10:01:57,1498.25,258313
2021-06-11 10:01:58,1498.25,258313
2021-06-11 10:01:59,1498.25,258313
2021-06-11 10:02:00,1498.25,258314
2021-06-11 10:02:01,1498.25,258314
2021-06-11 10:02:02,1498.25,258314
2021-06-11 10:02:03,1498.25,258314
2021-06-11 10:02:04,1498.9,258317
2021-06-11 10:02:05,1498.9,258317
2021-06-11 10:02:06,1498.3,258320
2021-06-11 10:02:07,1498.3,258320
2021-06-11 10:02:08,1498.3,258355
2021-06-11 10:02:09,1499.0,258395
2021-06-11 10:02:09,1499.0,258395
2021-06-11 10:02:10,1498.4,258397
2021-06-11 10:02:11,1499.0,258416
2021-06-11 10:02:12,1499.0,258416
2021-06-11 10:02:13,1499.0,258428
2021-06-11 10:02:14,1498.8,258503
2021-06-11 10:02:15,1498.35,258553
2021-06-11 10:02:16,1498.35,258553
2021-06-11 10:02:18,1498.35,258553
2021-06-11 10:02:18,1498.35,258553
2021-06-11 10:02:19,1499.0,258613
2021-06-11 10:02:22,1499.45,258772
2021-06-11 10:02:23,1499.45,258772
2021-06-11 10:02:24,1499.45,258773
2021-06-11 10:02:25,1499.45,258773
2021-06-11 10:02:26,1499.45,258773
2021-06-11 10:02:27,1499.45,258773
2021-06-11 10:02:28,1499.45,258773
2021-06-11 10:02:29,1499.45,258773
2021-06-11 10:02:30,1499.45,258773
2021-06-11 10:02:31,1499.45,258773
2021-06-11 10:02:32,1499.45,258773
2021-06-11 10:02:33,1499.45,258773
2021-06-11 10:02:34,1499.45,258773
2021-06-11 10:02:35,1499.45,258773
2021-06-11 10:02:36,1499.45,258773
2021-06-11 10:02:37,1499.45,258785
2021-06-11 10:02:38,1499.45,258785
2021-06-11 10:02:39,1499.45,258785
2021-06-11 10:02:40,1499.95,259166
2021-06-11 10:02:41,1499.95,259166
2021-06-11 10:02:42,1499.55,259171
2021-06-11 10:02:43,1499.4,259246
2021-06-11 10:02:44,1499.4,259246
2021-06-11 10:02:47,1499.4,259246
2021-06-11 10:02:48,1499.4,259246
2021-06-11 10:02:49,1499.4,259246
2021-06-11 10:02:50,1499.4,259316
2021-06-11 10:02:51,1500.1,259417
2021-06-11 10:02:52,1500.3,259442
2021-06-11 10:02:52,1500.3,259442
2021-06-11 10:02:53,1500.2,259492
2021-06-11 10:02:54,1499.5,259494
2021-06-11 10:02:55,1500.5,259619
2021-06-11 10:02:57,1500.5,259619
2021-06-11 10:02:58,1500.35,259819
2021-06-11 10:02:59,1500.35,259819
2021-06-11 10:03:00,1500.35,259819
2021-06-11 10:03:01,1500.35,259819
2021-06-11 10:03:02,1500.35,259819
2021-06-11 10:03:03,1500.35,259819
2021-06-11 10:03:04,1500.35,259819
2021-06-11 10:03:05,1500.35,259819
2021-06-11 10:03:06,1500.35,259819
2021-06-11 10:03:07,1500.35,259819
2021-06-11 10:03:08,1500.35,259819
2021-06-11 10:03:09,1500.35,259819
2021-06-11 10:03:10,1500.35,259819
2021-06-11 10:03:10,1500.35,259819
2021-06-11 10:03:11,1500.35,259819
2021-06-11 10:03:12,1500.35,259819
2021-06-11 10:03:13,1500.35,259819
2021-06-11 10:03:14,1500.35,259819
2021-06-11 10:03:15,1500.7,260260
2021-06-11 10:03:17,1500.7,260260
2021-06-11 10:03:18,1500.7,260260
2021-06-11 10:03:19,1500.7,260260
2021-06-11 10:03:20,1500.7,260261
2021-06-11 10:03:21,1500.7,260261
2021-06-11 10:03:22,1499.6,260271
2021-06-11 10:03:23,1499.9,260326
2021-06-11 10:03:24,1499.9,260326
2021-06-11 10:03:25,1499.9,260326
2021-06-11 10:03:26,1499.9,260326
2021-06-11 10:03:27,1499.9,260326
2021-06-11 10:03:28,1499.9,260326
2021-06-11 10:03:29,1499.9,260326
2021-06-11 10:03:30,1499.9,260326
2021-06-11 10:03:31,1499.9,260326
2021-06-11 10:03:32,1499.9,260326
2021-06-11 10:03:33,1499.9,260326
2021-06-11 10:03:34,1500.25,260327
2021-06-11 10:03:35,1500.0,260427
2021-06-11 10:03:36,1500.0,260427
2021-06-11 10:03:37,1500.0,260427
2021-06-11 10:03:38,1500.0,260427
2021-06-11 10:03:38,1500.0,260427
2021-06-11 10:03:40,1500.0,260447
2021-06-11 10:03:40,1499.95,260498
2021-06-11 10:03:41,1499.95,260498
2021-06-11 10:03:42,1499.95,260498
2021-06-11 10:03:43,1499.95,260498
2021-06-11 10:03:44,1499.95,260498
2021-06-11 10:03:46,1499.95,260498
2021-06-11 10:03:47,1499.95,260498
2021-06-11 10:03:48,1499.95,260498
2021-06-11 10:03:49,1500.5,260667
2021-06-11 10:03:50,1500.5,260667
2021-06-11 10:03:51,1499.95,261167
2021-06-11 10:03:52,1499.95,261167
2021-06-11 10:03:54,1499.9,261177
2021-06-11 10:03:55,1499.9,261177
2021-06-11 10:03:56,1499.9,261177
2021-06-11 10:03:57,1499.9,261177
2021-06-11 10:03:58,1499.9,261177
2021-06-11 10:03:59,1499.9,261177
2021-06-11 10:04:00,1499.9,261177
2021-06-11 10:04:01,1499.9,261177
2021-06-11 10:04:02,1499.9,261177
2021-06-11 10:04:03,1499.9,261177
2021-06-11 10:04:04,1499.95,261178
2021-06-11 10:04:05,1499.95,261178
2021-06-11 10:04:06,1499.95,261178
2021-06-11 10:04:07,1499.5,262302
2021-06-11 10:04:08,1499.5,262302
2021-06-11 10:04:09,1499.0,262356
2021-06-11 10:04:10,1499.4,262358
2021-06-11 10:04:12,1499.4,262358
2021-06-11 10:04:13,1499.4,262358
2021-06-11 10:04:14,1499.0,262373
2021-06-11 10:04:15,1499.0,262373
2021-06-11 10:04:16,1499.4,262375
2021-06-11 10:04:17,1499.4,262375
2021-06-11 10:04:17,1499.4,262375
2021-06-11 10:04:18,1499.4,262375
2021-06-11 10:04:19,1499.4,262375
2021-06-11 10:04:21,1499.4,262380
2021-06-11 10:04:22,1499.4,262380
2021-06-11 10:04:23,1499.4,262380
2021-06-11 10:04:24,1499.4,262380
2021-06-11 10:04:25,1499.4,262433
2021-06-11 10:04:26,1499.4,262435
2021-06-11 10:04:27,1499.4,262465
2021-06-11 10:04:28,1499.4,262465
2021-06-11 10:04:29,1499.4,262465
2021-06-11 10:04:30,1499.4,262465
2021-06-11 10:04:31,1499.4,262465
2021-06-11 10:04:32,1499.4,262465
2021-06-11 10:04:32,1499.4,262465
2021-06-11 10:04:33,1499.4,262465
2021-06-11 10:04:35,1499.4,262465
2021-06-11 10:04:37,1499.4,262465
2021-06-11 10:04:37,1499.4,262465
2021-06-11 10:04:39,1499.0,262495
2021-06-11 10:04:40,1499.0,262495
2021-06-11 10:04:41,1498.0,264938
2021-06-11 10:04:42,1498.0,264938
2021-06-11 10:04:44,1499.4,264973
2021-06-11 10:04:45,1499.4,264973
2021-06-11 10:04:46,1498.65,264974
2021-06-11 10:04:47,1498.65,264974
2021-06-11 10:04:48,1498.65,264974
2021-06-11 10:04:49,1498.65,264974
2021-06-11 10:04:50,1498.65,264974
2021-06-11 10:04:51,1498.65,264974
2021-06-11 10:04:52,1498.65,264974
2021-06-11 10:04:53,1498.65,264974
2021-06-11 10:04:53,1498.65,264974
2021-06-11 10:04:55,1498.65,264974
2021-06-11 10:04:58,1498.0,264976
2021-06-11 10:04:59,1498.0,264976
2021-06-11 10:05:00,1498.0,264976
2021-06-11 10:05:01,1498.0,264976
2021-06-11 10:05:02,1498.0,264976
2021-06-11 10:05:03,1498.0,265076
2021-06-11 10:05:04,1498.0,265076
2021-06-11 10:05:05,1498.0,265076
2021-06-11 10:05:06,1498.0,265076
2021-06-11 10:05:07,1498.0,265076
2021-06-11 10:05:08,1498.0,265076
2021-06-11 10:05:09,1498.0,265076
2021-06-11 10:05:10,1498.0,265076
2021-06-11 10:05:11,1498.0,265076
2021-06-11 10:05:12,1498.0,265076
2021-06-11 10:05:13,1498.0,265076
2021-06-11 10:05:14,1499.3,265326
2021-06-11 10:05:15,1499.3,265326
2021-06-11 10:05:16,1499.3,265326
2021-06-11 10:05:17,1499.3,265326
2021-06-11 10:05:18,1499.3,265326
2021-06-11 10:05:19,1499.3,265326
2021-06-11 10:05:21,1499.3,265326
2021-06-11 10:05:22,1499.3,265326
2021-06-11 10:05:23,1499.3,265326
2021-06-11 10:05:24,1499.3,265326
2021-06-11 10:05:25,1499.3,265326
2021-06-11 10:05:26,1499.3,265326
2021-06-11 10:05:27,1499.3,265326
2021-06-11 10:05:28,1499.2,265328
2021-06-11 10:05:29,1498.55,265333
2021-06-11 10:05:30,1498.55,265333
2021-06-11 10:05:31,1498.55,265333
2021-06-11 10:05:33,1498.55,265338
2021-06-11 10:05:34,1498.55,265338
2021-06-11 10:05:35,1499.2,265343
2021-06-11 10:05:36,1499.2,265343
2021-06-11 10:05:37,1499.2,265343
2021-06-11 10:05:38,1499.2,265343
2021-06-11 10:05:39,1499.2,265343
2021-06-11 10:05:40,1499.2,265350
2021-06-11 10:05:41,1499.2,265350
2021-06-11 10:05:42,1499.2,265350
2021-06-11 10:05:43,1499.2,265350
2021-06-11 10:05:44,1499.2,265350
2021-06-11 10:05:45,1498.55,265355
2021-06-11 10:05:46,1498.55,265355
2021-06-11 10:05:47,1498.55,265355
2021-06-11 10:05:48,1498.55,265355
2021-06-11 10:05:49,1498.55,265355
2021-06-11 10:05:50,1498.55,265355
2021-06-11 10:05:51,1498.55,265355
2021-06-11 10:05:52,1498.55,265355
2021-06-11 10:05:53,1498.55,265355
2021-06-11 10:05:54,1498.55,265355
2021-06-11 10:05:55,1498.55,265355
2021-06-11 10:05:56,1499.2,265356
2021-06-11 10:05:57,1499.2,265360
2021-06-11 10:05:58,1499.2,265360
2021-06-11 10:05:59,1499.2,265360
2021-06-11 10:06:00,1499.2,265401
2021-06-11 10:06:01,1499.2,265401
2021-06-11 10:06:03,1499.2,265401
2021-06-11 10:06:05,1499.6,265719
2021-06-11 10:06:04,1499.6,265719
2021-06-11 10:06:06,1499.6,265719
2021-06-11 10:06:07,1499.6,265719
2021-06-11 10:06:09,1499.6,265719
2021-06-11 10:06:10,1499.6,265719
2021-06-11 10:06:11,1499.6,265719
2021-06-11 10:06:12,1499.6,265719
2021-06-11 10:06:13,1499.6,265719
2021-06-11 10:06:14,1499.6,265719
2021-06-11 10:06:15,1499.0,265763
2021-06-11 10:06:17,1499.0,265763
2021-06-11 10:06:18,1499.0,265763
2021-06-11 10:06:19,1499.0,265763
2021-06-11 10:06:20,1499.75,265765
2021-06-11 10:06:22,1499.75,265765
2021-06-11 10:06:24,1499.75,265765
2021-06-11 10:06:25,1499.75,265765
2021-06-11 10:06:26,1499.75,265765
2021-06-11 10:06:27,1498.6,266265
2021-06-11 10:06:28,1499.65,266268
2021-06-11 10:06:29,1499.65,266268
2021-06-11 10:06:30,1499.65,266268
2021-06-11 10:06:31,1499.65,266268
2021-06-11 10:06:32,1499.65,266268
2021-06-11 10:06:33,1498.7,266275
2021-06-11 10:06:34,1498.7,266275
2021-06-11 10:06:35,1498.7,266275
2021-06-11 10:06:36,1498.7,266275
2021-06-11 10:06:37,1498.7,266275
2021-06-11 10:06:39,1499.55,266305
2021-06-11 10:06:38,1499.55,266305
2021-06-11 10:06:40,1499.55,266305
2021-06-11 10:06:41,1498.55,266410
2021-06-11 10:06:42,1498.55,266410
2021-06-11 10:06:43,1498.55,266410
2021-06-11 10:06:44,1498.55,266410
2021-06-11 10:06:45,1498.55,266410
2021-06-11 10:06:46,1498.55,266410
2021-06-11 10:06:47,1499.45,266436
2021-06-11 10:06:48,1499.45,266436
2021-06-11 10:06:49,1499.45,266436
2021-06-11 10:06:50,1499.45,266436
2021-06-11 10:06:51,1499.45,266453
2021-06-11 10:06:52,1499.5,266467
2021-06-11 10:06:53,1499.5,266467
2021-06-11 10:06:54,1499.45,266567
2021-06-11 10:06:55,1499.45,266604
2021-06-11 10:06:56,1499.5,266607
2021-06-11 10:06:57,1499.5,266607
2021-06-11 10:06:58,1499.45,266617
2021-06-11 10:06:59,1499.45,266617
2021-06-11 10:07:00,1499.45,266617
2021-06-11 10:07:02,1499.45,266617
2021-06-11 10:07:03,1499.45,266617
2021-06-11 10:07:04,1499.8,266736
2021-06-11 10:07:05,1499.8,266736
2021-06-11 10:07:06,1500.0,267103
2021-06-11 10:07:07,1500.0,267103
2021-06-11 10:07:08,1500.0,267103
2021-06-11 10:07:09,1500.0,267103
2021-06-11 10:07:10,1500.0,267103
2021-06-11 10:07:11,1500.0,267103
2021-06-11 10:07:12,1500.0,267103
2021-06-11 10:07:13,1500.0,267103
2021-06-11 10:07:14,1500.0,267103
2021-06-11 10:07:15,1500.0,267103
2021-06-11 10:07:17,1500.5,267111
2021-06-11 10:07:18,1500.5,267111
2021-06-11 10:07:19,1499.5,267616
2021-06-11 10:07:20,1499.7,267816
2021-06-11 10:07:21,1499.1,268191
2021-06-11 10:07:22,1499.2,268291
2021-06-11 10:07:23,1499.2,268291
2021-06-11 10:07:24,1499.2,268291
2021-06-11 10:07:27,1500.5,268578
2021-06-11 10:07:28,1500.5,268578
2021-06-11 10:07:28,1500.5,268578
2021-06-11 10:07:30,1500.5,268578
2021-06-11 10:07:30,1500.5,268578
2021-06-11 10:07:31,1500.5,268578
2021-06-11 10:07:32,1500.3,268628
2021-06-11 10:07:33,1500.3,268638
2021-06-11 10:07:35,1500.3,268638
2021-06-11 10:07:36,1500.3,268638
2021-06-11 10:07:37,1500.3,268638
2021-06-11 10:07:37,1500.3,268638
2021-06-11 10:07:39,1500.3,268638
2021-06-11 10:07:39,1500.3,268638
2021-06-11 10:07:40,1500.3,268638
2021-06-11 10:07:41,1500.3,268638
2021-06-11 10:07:42,1500.3,268638
2021-06-11 10:07:43,1500.3,268638
2021-06-11 10:07:44,1500.3,268638
2021-06-11 10:07:45,1500.7,268685
2021-06-11 10:07:46,1500.7,268685
2021-06-11 10:07:47,1501.15,268786
2021-06-11 10:07:48,1501.15,268786
2021-06-11 10:07:49,1501.95,269286
2021-06-11 10:07:51,1501.65,269361
2021-06-11 10:07:52,1501.65,269361
2021-06-11 10:07:52,1501.65,269361
2021-06-11 10:07:53,1500.65,269371
2021-06-11 10:07:54,1501.75,269674
2021-06-11 10:07:56,1501.75,269674
2021-06-11 10:07:57,1501.75,269674
2021-06-11 10:07:58,1501.75,269674
2021-06-11 10:08:00,1501.75,269674
2021-06-11 10:08:01,1501.7,269675
2021-06-11 10:08:03,1501.7,269675
2021-06-11 10:08:03,1501.7,269675
2021-06-11 10:08:05,1500.75,269685
2021-06-11 10:08:05,1500.75,269685
2021-06-11 10:08:06,1500.75,269685
2021-06-11 10:08:07,1500.75,269685
2021-06-11 10:08:08,1500.75,269690
2021-06-11 10:08:09,1500.75,269690
2021-06-11 10:08:10,1500.75,269690
2021-06-11 10:08:11,1500.75,269691
2021-06-11 10:08:13,1500.75,269691
2021-06-11 10:08:13,1500.75,269691
2021-06-11 10:08:14,1500.9,270101
2021-06-11 10:08:15,1500.9,270101
2021-06-11 10:08:16,1500.9,270101
2021-06-11 10:08:17,1500.9,270101
2021-06-11 10:08:18,1500.9,270101
2021-06-11 10:08:19,1500.0,270111
2021-06-11 10:08:20,1500.0,270111
2021-06-11 10:08:21,1500.0,270131
2021-06-11 10:08:22,1500.0,270131
2021-06-11 10:08:23,1500.0,270131
2021-06-11 10:08:24,1500.0,270131
2021-06-11 10:08:25,1500.0,270131
2021-06-11 10:08:26,1500.75,270351
2021-06-11 10:08:27,1500.8,270401
2021-06-11 10:08:28,1500.8,270401
2021-06-11 10:08:29,1500.8,270401
2021-06-11 10:08:30,1500.8,270401
2021-06-11 10:08:31,1500.8,270401
2021-06-11 10:08:32,1500.8,270401
2021-06-11 10:08:33,1500.8,270401
2021-06-11 10:08:34,1500.8,270401
2021-06-11 10:08:35,1500.8,270401
2021-06-11 10:08:37,1500.8,270401
2021-06-11 10:08:37,1500.8,270401
2021-06-11 10:08:39,1500.8,270401
2021-06-11 10:08:41,1500.8,270401
2021-06-11 10:08:42,1500.1,270501
2021-06-11 10:08:43,1500.1,270501
2021-06-11 10:08:45,1500.7,270507
2021-06-11 10:08:45,1500.7,270507
2021-06-11 10:08:46,1500.8,270522
2021-06-11 10:08:47,1500.8,271008
2021-06-11 10:08:48,1500.7,271016
2021-06-11 10:08:49,1500.7,271016
2021-06-11 10:08:50,1501.6,271416
2021-06-11 10:08:51,1501.6,271416
2021-06-11 10:08:52,1501.6,271416
2021-06-11 10:08:53,1500.85,271421
2021-06-11 10:08:54,1500.75,271427
2021-06-11 10:08:56,1500.75,271427
2021-06-11 10:08:56,1500.75,271427
2021-06-11 10:08:58,1500.75,271427
2021-06-11 10:08:59,1500.2,271919
2021-06-11 10:08:59,1500.2,271919
2021-06-11 10:09:01,1501.0,272219
2021-06-11 10:09:02,1501.0,272219
2021-06-11 10:09:03,1501.0,272219
2021-06-11 10:09:04,1500.75,272221
2021-06-11 10:09:05,1500.75,272221
2021-06-11 10:09:06,1500.75,272221
2021-06-11 10:09:07,1501.5,272271
2021-06-11 10:09:08,1501.5,272271
2021-06-11 10:09:09,1501.5,272271
2021-06-11 10:09:10,1501.5,272271
2021-06-11 10:09:11,1501.5,272271
2021-06-11 10:09:13,1501.5,272271
2021-06-11 10:09:14,1501.5,272271
2021-06-11 10:09:15,1501.5,272271
2021-06-11 10:09:16,1500.8,272273
2021-06-11 10:09:18,1500.8,272273
2021-06-11 10:09:19,1501.25,272298
2021-06-11 10:09:22,1501.4,272307
2021-06-11 10:09:23,1501.4,272307
2021-06-11 10:09:24,1501.4,272307
2021-06-11 10:09:26,1501.4,272307
2021-06-11 10:09:27,1501.4,272307
2021-06-11 10:09:28,1501.4,272307
2021-06-11 10:09:29,1501.4,272307
2021-06-11 10:09:30,1501.4,272307
2021-06-11 10:09:31,1501.4,272307
2021-06-11 10:09:32,1501.5,272364
2021-06-11 10:09:32,1501.5,272364
2021-06-11 10:09:33,1501.5,272364
2021-06-11 10:09:34,1501.4,272365
2021-06-11 10:09:36,1501.5,272390
2021-06-11 10:09:36,1501.5,272390
2021-06-11 10:09:37,1501.5,272390
2021-06-11 10:09:39,1501.5,272403
2021-06-11 10:09:40,1501.5,272403
2021-06-11 10:09:41,1501.5,272403
2021-06-11 10:09:42,1501.5,272403
2021-06-11 10:09:43,1501.5,272405
2021-06-11 10:09:44,1501.5,272405
2021-06-11 10:09:45,1501.5,272406
2021-06-11 10:09:46,1501.5,272406
2021-06-11 10:09:46,1501.5,272406
2021-06-11 10:09:47,1501.5,272406
2021-06-11 10:09:48,1501.5,272406
2021-06-11 10:09:50,1501.5,272409
2021-06-11 10:09:51,1500.9,272453
2021-06-11 10:09:51,1500.9,272453
2021-06-11 10:09:52,1501.5,272455
2021-06-11 10:09:53,1501.5,272455
2021-06-11 10:09:55,1501.5,272555
2021-06-11 10:09:56,1501.5,272555
2021-06-11 10:09:57,1500.85,272605
2021-06-11 10:09:58,1501.65,272623
2021-06-11 10:09:59,1501.65,272623
2021-06-11 10:10:00,1501.7,272624
2021-06-11 10:10:00,1501.65,272623
2021-06-11 10:10:01,1501.7,272624
2021-06-11 10:10:02,1501.7,272625
2021-06-11 10:10:03,1501.7,272625
2021-06-11 10:10:04,1501.7,272625
2021-06-11 10:10:05,1501.7,272625
2021-06-11 10:10:06,1501.7,272625
2021-06-11 10:10:07,1501.7,272626
2021-06-11 10:10:10,1501.65,272627
2021-06-11 10:10:10,1501.65,272627
2021-06-11 10:10:11,1501.65,272627
2021-06-11 10:10:13,1501.65,272627
2021-06-11 10:10:14,1501.65,272627
2021-06-11 10:10:15,1501.65,272627
2021-06-11 10:10:16,1501.65,272627
2021-06-11 10:10:17,1501.65,272627
2021-06-11 10:10:18,1501.65,272627
2021-06-11 10:10:18,1501.65,272627
2021-06-11 10:10:19,1501.65,272627
2021-06-11 10:10:20,1501.45,272628
2021-06-11 10:10:22,1501.45,272628
2021-06-11 10:10:23,1501.45,272628
2021-06-11 10:10:23,1500.7,273778
2021-06-11 10:10:24,1500.1,273783
2021-06-11 10:10:25,1500.1,273783
2021-06-11 10:10:26,1500.6,273785
2021-06-11 10:10:27,1500.6,273817
2021-06-11 10:10:29,1500.6,273817
2021-06-11 10:10:31,1500.65,273821
2021-06-11 10:10:31,1500.65,273821
2021-06-11 10:10:32,1500.65,273821
2021-06-11 10:10:35,1500.7,273921
2021-06-11 10:10:36,1500.0,274333
2021-06-11 10:10:37,1500.0,274333
2021-06-11 10:10:38,1500.0,274333
2021-06-11 10:10:39,1500.0,274333
2021-06-11 10:10:40,1500.0,274333
2021-06-11 10:10:42,1499.5,274340
2021-06-11 10:10:43,1499.95,274347
2021-06-11 10:10:44,1499.95,274347
2021-06-11 10:10:45,1499.95,274347
2021-06-11 10:10:46,1499.95,274354
2021-06-11 10:10:46,1499.95,274354
2021-06-11 10:10:49,1499.95,274354
2021-06-11 10:10:50,1499.95,274354
2021-06-11 10:10:50,1499.95,274361
2021-06-11 10:10:51,1499.0,274505
2021-06-11 10:10:52,1499.0,274505
2021-06-11 10:10:53,1499.0,274505
2021-06-11 10:10:55,1498.6,274506
2021-06-11 10:10:56,1498.6,274506
2021-06-11 10:10:57,1498.6,274506
2021-06-11 10:10:58,1498.6,274506
2021-06-11 10:10:59,1498.6,274506
2021-06-11 10:11:00,1498.6,274506
2021-06-11 10:11:00,1498.6,274506
2021-06-11 10:11:01,1498.55,274507
2021-06-11 10:11:02,1498.55,274507
2021-06-11 10:11:03,1498.55,274507
2021-06-11 10:11:04,1498.55,274507
2021-06-11 10:11:05,1498.55,274507
2021-06-11 10:11:06,1498.55,274509
2021-06-11 10:11:07,1499.0,274528
2021-06-11 10:11:08,1498.5,274559
2021-06-11 10:11:09,1499.35,274572
2021-06-11 10:11:10,1499.35,274572
2021-06-11 10:11:11,1499.35,274572
2021-06-11 10:11:12,1499.35,274590
2021-06-11 10:11:14,1499.35,274590
2021-06-11 10:11:15,1499.0,274603
2021-06-11 10:11:15,1499.0,274603
2021-06-11 10:11:17,1499.0,274603
2021-06-11 10:11:18,1499.0,274603
2021-06-11 10:11:19,1499.0,274603
2021-06-11 10:11:20,1499.0,274603
2021-06-11 10:11:21,1499.0,274613
2021-06-11 10:11:21,1499.0,274613
2021-06-11 10:11:22,1499.0,274613
2021-06-11 10:11:23,1499.0,274613
2021-06-11 10:11:24,1499.0,274613
2021-06-11 10:11:25,1498.6,274623
2021-06-11 10:11:26,1498.6,274623
2021-06-11 10:11:27,1499.0,274633
2021-06-11 10:11:29,1498.6,274658
2021-06-11 10:11:30,1498.6,274658
2021-06-11 10:11:31,1498.5,274858
2021-06-11 10:11:32,1498.5,274858
2021-06-11 10:11:33,1499.0,274872
2021-06-11 10:11:34,1499.0,274879
2021-06-11 10:11:35,1499.0,274879
2021-06-11 10:11:35,1499.0,274879
2021-06-11 10:11:37,1499.0,275038
2021-06-11 10:11:38,1499.0,275038
2021-06-11 10:11:39,1499.0,275038
2021-06-11 10:11:40,1499.0,275038
2021-06-11 10:11:41,1499.0,275038
2021-06-11 10:11:42,1499.0,275038
2021-06-11 10:11:43,1499.0,275038
2021-06-11 10:11:44,1499.0,275038
2021-06-11 10:11:45,1499.0,275063
2021-06-11 10:11:46,1499.9,275065
2021-06-11 10:11:47,1499.9,275065
2021-06-11 10:11:48,1499.9,275065
2021-06-11 10:11:49,1499.9,275065
2021-06-11 10:11:51,1499.9,275065
2021-06-11 10:11:52,1499.9,275065
2021-06-11 10:11:52,1499.9,275065
2021-06-11 10:11:53,1499.9,275065
2021-06-11 10:11:54,1499.9,275065
2021-06-11 10:11:56,1499.9,275065
2021-06-11 10:11:57,1499.9,275065
2021-06-11 10:11:58,1499.9,275065
2021-06-11 10:11:59,1499.9,275065
2021-06-11 10:12:00,1499.9,275065
2021-06-11 10:12:01,1499.9,275065
2021-06-11 10:12:02,1499.9,275065
2021-06-11 10:12:03,1499.9,275065
2021-06-11 10:12:04,1499.9,275065
2021-06-11 10:12:05,1499.9,275065
2021-06-11 10:12:06,1499.9,275065
2021-06-11 10:12:08,1499.9,275065
2021-06-11 10:12:08,1500.0,275080
2021-06-11 10:12:09,1500.0,275080
2021-06-11 10:12:11,1500.0,275080
2021-06-11 10:12:12,1500.0,275080
2021-06-11 10:12:13,1499.1,275081
2021-06-11 10:12:14,1499.1,275081
2021-06-11 10:12:15,1499.1,275081
2021-06-11 10:12:16,1499.0,277183
2021-06-11 10:12:16,1499.0,277183
2021-06-11 10:12:17,1499.0,277183
2021-06-11 10:12:18,1499.0,277183
2021-06-11 10:12:19,1499.0,277183
2021-06-11 10:12:20,1499.0,277183
2021-06-11 10:12:21,1499.0,277183
2021-06-11 10:12:22,1499.0,277183
2021-06-11 10:12:23,1499.0,277183
2021-06-11 10:12:24,1499.0,277183
2021-06-11 10:12:25,1499.0,277183
2021-06-11 10:12:26,1499.5,277184
2021-06-11 10:12:28,1499.5,277184
2021-06-11 10:12:29,1499.5,277184
2021-06-11 10:12:30,1499.55,277202
2021-06-11 10:12:32,1499.55,277202
2021-06-11 10:12:33,1499.6,277203
2021-06-11 10:12:34,1499.6,277203
2021-06-11 10:12:35,1499.6,277203
2021-06-11 10:12:35,1499.6,277203
2021-06-11 10:12:36,1498.7,277207
2021-06-11 10:12:38,1498.7,277207
2021-06-11 10:12:39,1498.7,277207
2021-06-11 10:12:40,1498.7,277207
2021-06-11 10:12:40,1498.7,277207
2021-06-11 10:12:42,1498.7,277210
2021-06-11 10:12:43,1498.7,277210
2021-06-11 10:12:44,1498.7,277210
2021-06-11 10:12:45,1498.7,277210
2021-06-11 10:12:46,1498.7,277210
2021-06-11 10:12:47,1498.7,277210
2021-06-11 10:12:48,1498.7,277210
2021-06-11 10:12:49,1498.7,277210
2021-06-11 10:12:50,1498.7,277255
2021-06-11 10:12:51,1498.7,277255
2021-06-11 10:12:52,1498.7,277261
2021-06-11 10:12:53,1498.7,277261
2021-06-11 10:12:54,1498.7,277261
2021-06-11 10:12:55,1498.7,277261
2021-06-11 10:12:57,1498.7,277261
2021-06-11 10:12:59,1498.0,278261
2021-06-11 10:13:00,1498.5,278262
2021-06-11 10:13:01,1498.5,278262
2021-06-11 10:13:02,1498.5,278262
2021-06-11 10:13:03,1498.5,278262
2021-06-11 10:13:04,1498.05,278412
2021-06-11 10:13:05,1498.05,278413
2021-06-11 10:13:06,1498.05,278413
2021-06-11 10:13:07,1498.05,278413
2021-06-11 10:13:08,1498.05,278413
2021-06-11 10:13:09,1498.05,278413
2021-06-11 10:13:10,1498.6,278591
2021-06-11 10:13:11,1498.6,278591
2021-06-11 10:13:12,1499.0,278665
2021-06-11 10:13:13,1499.0,278666
2021-06-11 10:13:14,1499.0,278666
2021-06-11 10:13:15,1499.0,278666
2021-06-11 10:13:16,1499.0,278666
2021-06-11 10:13:18,1498.5,278683
2021-06-11 10:13:18,1498.5,278683
2021-06-11 10:13:19,1498.5,278683
2021-06-11 10:13:20,1499.0,278783
2021-06-11 10:13:22,1499.0,278783
2021-06-11 10:13:23,1499.0,278783
2021-06-11 10:13:24,1499.0,278783
2021-06-11 10:13:25,1498.55,278788
2021-06-11 10:13:25,1498.55,278788
2021-06-11 10:13:27,1498.55,278788
2021-06-11 10:13:28,1498.55,278802
2021-06-11 10:13:29,1498.55,278802
2021-06-11 10:13:30,1498.55,278802
2021-06-11 10:13:31,1498.55,278802
2021-06-11 10:13:32,1498.55,278802
2021-06-11 10:13:33,1498.55,278802
2021-06-11 10:13:34,1498.55,278802
2021-06-11 10:13:35,1498.55,278802
2021-06-11 10:13:36,1498.55,278802
2021-06-11 10:13:37,1498.55,278802
2021-06-11 10:13:38,1498.55,278811
2021-06-11 10:13:39,1498.55,278811
2021-06-11 10:13:40,1498.55,278811
2021-06-11 10:13:41,1498.55,278811
2021-06-11 10:13:42,1498.55,278811
2021-06-11 10:13:43,1498.55,278811
2021-06-11 10:13:44,1498.55,278811
2021-06-11 10:13:45,1498.55,278811
2021-06-11 10:13:46,1498.55,278811
2021-06-11 10:13:47,1498.55,278811
2021-06-11 10:13:47,1498.45,279021
2021-06-11 10:13:48,1498.85,279022
2021-06-11 10:13:50,1498.85,279022
2021-06-11 10:13:51,1498.85,279022
2021-06-11 10:13:52,1498.8,279043
2021-06-11 10:13:53,1498.85,279080
2021-06-11 10:13:54,1498.85,279080
2021-06-11 10:13:55,1498.9,279108
2021-06-11 10:13:56,1498.9,279108
2021-06-11 10:13:57,1499.0,279146
2021-06-11 10:13:58,1499.0,279146
2021-06-11 10:13:59,1499.0,279146
2021-06-11 10:14:00,1499.0,279151
2021-06-11 10:14:01,1499.0,279156
2021-06-11 10:14:02,1499.0,279156
2021-06-11 10:14:03,1499.0,279169
2021-06-11 10:14:04,1499.0,279169
2021-06-11 10:14:05,1498.85,279215
2021-06-11 10:14:06,1499.0,279265
2021-06-11 10:14:06,1499.0,279265
2021-06-11 10:14:08,1499.0,279265
2021-06-11 10:14:09,1499.0,279265
2021-06-11 10:14:10,1499.0,279265
2021-06-11 10:14:11,1498.85,279267
2021-06-11 10:14:12,1498.85,279267
2021-06-11 10:14:13,1498.85,279282
2021-06-11 10:14:14,1498.55,279541
2021-06-11 10:14:16,1498.55,279551
2021-06-11 10:14:17,1498.85,279576
2021-06-11 10:14:18,1498.9,279638
2021-06-11 10:14:19,1498.9,279638
2021-06-11 10:14:20,1498.9,279638
2021-06-11 10:14:21,1498.9,279652
2021-06-11 10:14:22,1498.9,279652
2021-06-11 10:14:23,1498.9,279652
2021-06-11 10:14:24,1498.9,279652
2021-06-11 10:14:26,1498.9,279655
2021-06-11 10:14:27,1498.9,279655
2021-06-11 10:14:29,1498.9,279700
2021-06-11 10:14:30,1498.9,279700
2021-06-11 10:14:31,1498.9,279713
2021-06-11 10:14:32,1498.9,279715
2021-06-11 10:14:33,1498.9,279722
2021-06-11 10:14:34,1498.9,279741
2021-06-11 10:14:36,1498.9,279768
2021-06-11 10:14:37,1498.9,279781
2021-06-11 10:14:38,1498.9,279787
2021-06-11 10:14:39,1498.9,279787
2021-06-11 10:14:40,1498.9,279801
2021-06-11 10:14:41,1498.9,279801
2021-06-11 10:14:42,1499.0,279841
2021-06-11 10:14:43,1499.0,279841
2021-06-11 10:14:44,1499.0,279841
2021-06-11 10:14:45,1498.55,279867
2021-06-11 10:14:46,1498.55,279867
2021-06-11 10:14:46,1498.55,279867
2021-06-11 10:14:47,1498.55,279867
2021-06-11 10:14:48,1498.55,279867
2021-06-11 10:14:50,1498.55,279867
2021-06-11 10:14:50,1498.9,279868
2021-06-11 10:14:53,1498.9,279868
2021-06-11 10:14:54,1498.9,279868
2021-06-11 10:14:55,1498.9,279868
2021-06-11 10:14:56,1498.9,279868
2021-06-11 10:14:57,1498.55,279918
2021-06-11 10:14:58,1498.55,279918
2021-06-11 10:14:59,1498.55,280018
2021-06-11 10:15:00,1498.55,280018
2021-06-11 10:15:01,1498.55,280018
2021-06-11 10:15:02,1498.55,280018
2021-06-11 10:15:03,1498.55,280018
2021-06-11 10:15:03,1498.55,280018
2021-06-11 10:15:04,1498.55,280108
2021-06-11 10:15:05,1498.55,280108
2021-06-11 10:15:06,1498.55,280108
2021-06-11 10:15:07,1498.55,280108
2021-06-11 10:15:08,1498.55,280108
2021-06-11 10:15:09,1498.55,280108
2021-06-11 10:15:11,1498.55,280141
2021-06-11 10:15:12,1498.8,280155
2021-06-11 10:15:13,1498.8,280155
2021-06-11 10:15:14,1498.8,280168
2021-06-11 10:15:15,1498.55,280176
2021-06-11 10:15:15,1498.55,280176
2021-06-11 10:15:16,1498.8,280202
2021-06-11 10:15:17,1498.8,280202
2021-06-11 10:15:19,1498.8,280202
2021-06-11 10:15:20,1498.8,280202
2021-06-11 10:15:21,1498.8,280202
2021-06-11 10:15:22,1498.8,280202
2021-06-11 10:15:24,1498.8,280202
2021-06-11 10:15:25,1498.8,280202
2021-06-11 10:15:27,1498.8,280202
2021-06-11 10:15:28,1498.8,280216
2021-06-11 10:15:29,1498.8,280229
2021-06-11 10:15:29,1498.8,280229
2021-06-11 10:15:30,1498.8,280229
2021-06-11 10:15:31,1498.8,280255
2021-06-11 10:15:32,1498.8,280255
2021-06-11 10:15:33,1499.0,280268
2021-06-11 10:15:34,1499.0,280281
2021-06-11 10:15:35,1499.45,280363
2021-06-11 10:15:36,1500.0,280377
2021-06-11 10:15:37,1500.0,280377
2021-06-11 10:15:38,1500.0,280389
2021-06-11 10:15:40,1500.0,280389
2021-06-11 10:15:41,1500.0,280389
2021-06-11 10:15:42,1500.0,280389
2021-06-11 10:15:43,1500.0,280389
2021-06-11 10:15:44,1500.0,280389
2021-06-11 10:15:45,1500.0,280389
2021-06-11 10:15:46,1500.0,280389
2021-06-11 10:15:47,1499.4,280401
2021-06-11 10:15:48,1499.15,280476
2021-06-11 10:15:49,1499.15,280476
2021-06-11 10:15:50,1499.15,280476
2021-06-11 10:15:51,1499.15,280476
2021-06-11 10:15:52,1499.15,280476
2021-06-11 10:15:53,1499.15,280476
2021-06-11 10:15:54,1499.15,280476
2021-06-11 10:15:55,1499.15,280476
2021-06-11 10:15:56,1499.6,280490
2021-06-11 10:15:57,1499.6,280490
2021-06-11 10:15:58,1499.7,280510
2021-06-11 10:15:59,1499.7,280510
2021-06-11 10:16:00,1499.7,280510
2021-06-11 10:16:01,1499.7,280510
2021-06-11 10:16:02,1499.7,280510
2021-06-11 10:16:03,1499.7,280510
2021-06-11 10:16:05,1499.8,280516
2021-06-11 10:16:06,1499.8,280529
2021-06-11 10:16:07,1499.8,280529
2021-06-11 10:16:09,1499.8,280611
2021-06-11 10:16:08,1499.8,280611
2021-06-11 10:16:10,1499.8,280611
2021-06-11 10:16:12,1499.8,280617
2021-06-11 10:16:13,1499.8,280617
2021-06-11 10:16:15,1499.75,280628
2021-06-11 10:16:16,1499.8,280642
2021-06-11 10:16:17,1499.8,280642
2021-06-11 10:16:18,1499.8,280648
2021-06-11 10:16:19,1499.8,280648
2021-06-11 10:16:20,1499.8,280648
2021-06-11 10:16:21,1499.8,280655
2021-06-11 10:16:22,1499.8,280655
2021-06-11 10:16:23,1499.8,280655
2021-06-11 10:16:24,1499.8,280661
2021-06-11 10:16:25,1499.8,280677
2021-06-11 10:16:26,1499.8,280677
2021-06-11 10:16:27,1499.8,280677
2021-06-11 10:16:28,1499.8,280677
2021-06-11 10:16:29,1499.8,280677
2021-06-11 10:16:30,1500.0,280887
2021-06-11 10:16:31,1500.0,280887
2021-06-11 10:16:32,1500.0,280887
2021-06-11 10:16:33,1500.0,281019
2021-06-11 10:16:34,1500.0,281019
2021-06-11 10:16:35,1500.0,281019
2021-06-11 10:16:37,1500.0,281020
2021-06-11 10:16:38,1500.0,281020
2021-06-11 10:16:39,1500.0,281020
2021-06-11 10:16:40,1500.0,281020
2021-06-11 10:16:41,1500.0,281020
2021-06-11 10:16:42,1500.0,281020
2021-06-11 10:16:43,1499.65,281029
2021-06-11 10:16:44,1499.65,281029
2021-06-11 10:16:45,1499.65,281029
2021-06-11 10:16:46,1499.65,281029
2021-06-11 10:16:47,1499.65,281029
2021-06-11 10:16:48,1499.65,281029
2021-06-11 10:16:49,1499.65,281029
2021-06-11 10:16:50,1499.65,281029
2021-06-11 10:16:51,1499.65,281029
2021-06-11 10:16:52,1499.75,281165
2021-06-11 10:16:53,1499.75,281165
2021-06-11 10:16:54,1499.75,281165
2021-06-11 10:16:55,1499.75,281165
2021-06-11 10:16:57,1499.75,281165
2021-06-11 10:16:59,1500.0,281172
2021-06-11 10:17:01,1500.0,281186
2021-06-11 10:17:03,1499.5,281286
2021-06-11 10:17:04,1499.5,281286
2021-06-11 10:17:05,1499.5,281286
2021-06-11 10:17:06,1499.5,281286
2021-06-11 10:17:07,1499.5,281286
2021-06-11 10:17:08,1500.0,281299
2021-06-11 10:17:09,1500.0,281299
2021-06-11 10:17:10,1500.0,281299
2021-06-11 10:17:11,1500.0,281299
2021-06-11 10:17:12,1500.0,281299
2021-06-11 10:17:14,1500.0,281299
2021-06-11 10:17:15,1500.0,281299
2021-06-11 10:17:16,1499.5,281300
2021-06-11 10:17:17,1499.5,281300
2021-06-11 10:17:18,1499.2,281325
2021-06-11 10:17:19,1499.2,281325
2021-06-11 10:17:20,1499.2,281325
2021-06-11 10:17:21,1499.2,281325
2021-06-11 10:17:22,1499.95,281330
2021-06-11 10:17:23,1499.95,281330
2021-06-11 10:17:24,1499.95,281330
2021-06-11 10:17:25,1499.95,281330
2021-06-11 10:17:28,1499.95,281330
2021-06-11 10:17:30,1499.95,281330
2021-06-11 10:17:29,1499.95,281330
2021-06-11 10:17:31,1499.95,281330
2021-06-11 10:17:32,1499.95,281336
2021-06-11 10:17:33,1499.95,281336
