timestamp,ltp,volume
2021-06-11 09:15:51,643.5,165940
2021-06-11 09:15:53,643.55,166080
2021-06-11 09:15:54,643.4,167064
2021-06-11 09:15:54,643.4,167204
2021-06-11 09:15:55,643.4,167441
2021-06-11 09:15:56,643.75,168221
2021-06-11 09:15:57,643.75,168712
2021-06-11 09:15:58,643.5,168888
2021-06-11 09:15:59,643.55,170747
2021-06-11 09:16:00,643.6,176269
2021-06-11 09:16:02,643.45,176908
2021-06-11 09:16:03,643.35,180584
2021-06-11 09:16:04,643.25,182530
2021-06-11 09:16:04,643.15,182700
2021-06-11 09:16:05,643.2,184256
2021-06-11 09:16:06,642.9,187826
2021-06-11 09:16:07,642.55,196378
2021-06-11 09:16:08,642.05,201919
2021-06-11 09:16:10,642.2,210183
2021-06-11 09:16:11,642.15,211055
2021-06-11 09:16:11,642.15,211055
2021-06-11 09:16:12,642.35,211115
2021-06-11 09:16:13,642.15,211951
2021-06-11 09:16:15,642.15,215175
2021-06-11 09:16:16,642.35,221689
2021-06-11 09:16:17,642.25,221773
2021-06-11 09:16:18,642.45,232226
2021-06-11 09:16:18,642.45,232226
2021-06-11 09:16:19,642.5,232252
2021-06-11 09:16:20,642.55,233086
2021-06-11 09:16:21,642.7,233726
2021-06-11 09:16:23,642.75,234886
2021-06-11 09:16:24,642.65,236495
2021-06-11 09:16:24,642.5,236494
2021-06-11 09:16:25,642.65,236846
2021-06-11 09:16:26,642.65,236952
2021-06-11 09:16:27,642.65,236954
2021-06-11 09:16:28,642.55,238511
2021-06-11 09:16:30,642.7,238876
2021-06-11 09:16:31,642.8,239138
2021-06-11 09:16:31,642.8,239138
2021-06-11 09:16:32,642.65,239160
2021-06-11 09:16:33,642.9,240781
2021-06-11 09:16:34,643.0,240806
2021-06-11 09:16:36,642.8,241321
2021-06-11 09:16:37,643.0,241348
2021-06-11 09:16:37,642.8,242723
2021-06-11 09:16:38,642.85,243319
2021-06-11 09:16:39,642.55,245556
2021-06-11 09:16:40,642.65,247434
2021-06-11 09:16:42,642.65,248269
2021-06-11 09:16:43,642.5,249940
2021-06-11 09:16:44,642.3,254524
2021-06-11 09:16:44,642.3,254524
2021-06-11 09:16:45,642.45,255650
2021-06-11 09:16:46,642.5,260675
2021-06-11 09:16:48,642.25,260776
2021-06-11 09:16:49,642.4,260990
2021-06-11 09:16:49,642.4,260990
2021-06-11 09:16:50,642.4,261472
2021-06-11 09:16:51,642.45,261594
2021-06-11 09:16:52,642.3,263465
2021-06-11 09:16:53,642.3,264355
2021-06-11 09:16:55,642.4,264648
2021-06-11 09:16:56,642.45,266193
2021-06-11 09:16:56,642.45,269522
2021-06-11 09:16:57,642.4,269807
2021-06-11 09:16:58,642.3,271847
2021-06-11 09:16:59,642.5,292154
2021-06-11 09:17:01,642.8,292590
2021-06-11 09:17:02,642.8,293051
2021-06-11 09:17:03,642.6,293756
2021-06-11 09:17:03,642.55,293805
2021-06-11 09:17:04,642.7,294097
2021-06-11 09:17:05,642.45,295823
2021-06-11 09:17:08,642.6,296352
2021-06-11 09:17:09,642.65,296394
2021-06-11 09:17:09,642.65,296444
2021-06-11 09:17:10,642.65,298030
2021-06-11 09:17:11,642.7,298201
2021-06-11 09:17:12,642.8,298852
2021-06-11 09:17:13,642.9,300095
2021-06-11 09:17:14,642.8,300327
2021-06-11 09:17:15,642.95,303027
2021-06-11 09:17:16,642.8,303127
2021-06-11 09:17:17,643.0,305152
2021-06-11 09:17:18,643.0,305350
2021-06-11 09:17:20,643.0,305440
2021-06-11 09:17:21,642.95,305519
2021-06-11 09:17:22,642.95,306305
2021-06-11 09:17:22,642.85,306343
2021-06-11 09:17:23,642.85,307203
2021-06-11 09:17:24,642.85,307647
2021-06-11 09:17:25,643.15,308565
2021-06-11 09:17:26,643.1,308760
2021-06-11 09:17:27,643.1,309261
2021-06-11 09:17:29,643.1,310634
2021-06-11 09:17:30,643.1,310657
2021-06-11 09:17:31,642.8,315872
2021-06-11 09:17:31,642.5,319124
2021-06-11 09:17:32,642.7,320025
2021-06-11 09:17:33,642.5,321682
2021-06-11 09:17:35,642.1,325175
2021-06-11 09:17:36,642.35,325364
2021-06-11 09:17:37,642.3,325503
2021-06-11 09:17:37,642.3,325503
2021-06-11 09:17:38,642.35,326268
2021-06-11 09:17:40,642.1,326500
2021-06-11 09:17:41,642.35,328316
2021-06-11 09:17:42,642.2,329148
2021-06-11 09:17:43,642.1,332717
2021-06-11 09:17:43,642.2,333289
2021-06-11 09:17:44,642.1,341954
2021-06-11 09:17:47,642.55,345109
2021-06-11 09:17:48,642.25,347430
2021-06-11 09:17:49,642.25,348095
2021-06-11 09:17:49,642.4,348203
2021-06-11 09:17:52,642.2,349708
2021-06-11 09:17:53,642.0,351329
2021-06-11 09:17:54,641.95,352421
2021-06-11 09:17:55,642.0,353262
2021-06-11 09:17:56,642.05,353993
2021-06-11 09:17:56,642.0,354041
2021-06-11 09:17:57,642.0,355701
2021-06-11 09:17:59,642.05,356912
2021-06-11 09:18:00,642.3,357122
2021-06-11 09:18:01,642.25,357483
2021-06-11 09:18:02,641.95,358919
2021-06-11 09:18:02,641.95,358919
2021-06-11 09:18:03,642.15,359388
2021-06-11 09:18:04,642.15,360830
2021-06-11 09:18:05,642.0,361555
2021-06-11 09:18:06,642.1,363104
2021-06-11 09:18:07,642.05,366545
2021-06-11 09:18:08,642.05,366555
2021-06-11 09:18:09,642.0,367770
2021-06-11 09:18:11,641.8,368555
2021-06-11 09:18:12,641.65,373414
2021-06-11 09:18:13,641.65,373459
2021-06-11 09:18:14,641.6,373850
2021-06-11 09:18:15,641.75,374065
2021-06-11 09:18:15,641.75,374065
2021-06-11 09:18:16,641.6,377985
2021-06-11 09:18:17,641.85,378093
2021-06-11 09:18:18,641.65,379928
2021-06-11 09:18:20,641.8,380200
2021-06-11 09:18:21,641.65,380404
2021-06-11 09:18:22,641.65,380704
2021-06-11 09:18:23,641.75,381043
2021-06-11 09:18:27,641.75,383567
2021-06-11 09:18:28,641.95,384000
2021-06-11 09:18:28,641.95,384000
2021-06-11 09:18:29,641.8,384115
2021-06-11 09:18:30,641.8,384165
2021-06-11 09:18:32,641.9,384970
2021-06-11 09:18:33,641.85,385078
2021-06-11 09:18:34,641.85,385709
2021-06-11 09:18:34,641.85,385709
2021-06-11 09:18:35,641.85,386530
2021-06-11 09:18:37,641.85,386530
2021-06-11 09:18:38,641.8,386540
2021-06-11 09:18:39,641.9,387488
2021-06-11 09:18:40,641.95,388304
2021-06-11 09:18:41,642.0,388878
2021-06-11 09:18:41,641.85,388871
2021-06-11 09:18:42,641.85,390183
2021-06-11 09:18:43,642.0,390544
2021-06-11 09:18:45,642.0,390632
2021-06-11 09:18:46,642.15,393225
2021-06-11 09:18:47,641.95,393298
2021-06-11 09:18:48,642.2,393648
2021-06-11 09:18:49,642.2,393670
2021-06-11 09:18:49,642.2,393770
2021-06-11 09:18:50,642.05,395121
2021-06-11 09:18:52,642.0,395503
2021-06-11 09:18:53,642.1,395568
2021-06-11 09:18:54,641.85,401513
2021-06-11 09:18:54,641.85,401513
2021-06-11 09:18:55,641.85,403558
2021-06-11 09:18:56,642.0,403829
2021-06-11 09:18:58,641.85,404255
2021-06-11 09:18:59,642.0,404287
2021-06-11 09:19:00,641.8,407895
2021-06-11 09:19:01,641.55,426315
2021-06-11 09:19:02,641.7,430953
2021-06-11 09:19:03,641.6,431433
2021-06-11 09:19:05,641.6,431449
2021-06-11 09:19:06,641.6,432249
2021-06-11 09:19:07,641.7,432412
2021-06-11 09:19:08,641.7,432511
2021-06-11 09:19:08,641.7,432511
2021-06-11 09:19:09,641.5,432594
2021-06-11 09:19:10,641.7,432704
2021-06-11 09:19:12,641.55,433947
2021-06-11 09:19:13,641.5,434093
2021-06-11 09:19:14,641.75,434431
2021-06-11 09:19:15,641.6,436352
2021-06-11 09:19:15,641.8,436302
2021-06-11 09:19:16,641.7,438938
2021-06-11 09:19:17,641.8,438965
2021-06-11 09:19:19,641.95,438997
2021-06-11 09:19:20,641.8,439090
2021-06-11 09:19:21,641.75,440725
2021-06-11 09:19:22,641.65,440852
2021-06-11 09:19:24,641.7,441025
2021-06-11 09:19:25,641.85,441705
2021-06-11 09:19:26,642.05,443141
2021-06-11 09:19:26,642.05,443141
2021-06-11 09:19:27,642.1,443289
2021-06-11 09:19:28,641.8,443362
2021-06-11 09:19:30,641.8,443526
2021-06-11 09:19:31,641.95,443759
2021-06-11 09:19:32,641.95,443994
2021-06-11 09:19:32,642.1,446477
2021-06-11 09:19:33,642.2,446667
2021-06-11 09:19:35,642.05,446758
2021-06-11 09:19:36,642.05,446758
2021-06-11 09:19:37,642.05,447164
2021-06-11 09:19:38,642.2,447229
2021-06-11 09:19:38,642.2,447229
2021-06-11 09:19:39,642.3,447879
2021-06-11 09:19:41,642.35,447900
2021-06-11 09:19:42,642.4,448254
2021-06-11 09:19:43,642.55,448258
2021-06-11 09:19:44,642.55,449035
2021-06-11 09:19:45,642.4,450164
2021-06-11 09:19:48,642.5,454998
2021-06-11 09:19:49,642.45,455498
2021-06-11 09:19:50,642.45,455498
2021-06-11 09:19:51,642.5,456240
2021-06-11 09:19:52,642.5,456240
2021-06-11 09:19:53,642.5,456294
2021-06-11 09:19:54,642.5,457922
2021-06-11 09:19:55,642.4,458242
2021-06-11 09:19:56,642.4,458475
2021-06-11 09:19:57,642.4,458515
2021-06-11 09:19:58,642.4,458915
2021-06-11 09:19:59,642.45,460139
2021-06-11 09:20:00,642.5,460394
2021-06-11 09:20:01,642.4,461206
2021-06-11 09:20:02,642.4,461807
2021-06-11 09:20:03,642.35,461882
2021-06-11 09:20:03,642.45,461955
2021-06-11 09:20:05,642.6,463604
2021-06-11 09:20:06,642.6,463762
2021-06-11 09:20:07,642.45,463922
2021-06-11 09:20:08,642.45,464196
2021-06-11 09:20:09,642.45,464736
2021-06-11 09:20:10,642.5,464881
2021-06-11 09:20:10,642.45,465705
2021-06-11 09:20:11,642.45,466074
2021-06-11 09:20:13,642.45,466094
2021-06-11 09:20:14,642.6,466392
2021-06-11 09:20:15,642.6,466455
2021-06-11 09:20:16,642.45,469198
2021-06-11 09:20:17,642.45,469401
2021-06-11 09:20:18,642.45,472201
2021-06-11 09:20:19,642.5,472697
2021-06-11 09:20:20,642.45,472877
2021-06-11 09:20:20,642.45,472877
2021-06-11 09:20:23,642.4,474806
2021-06-11 09:20:24,642.35,475650
2021-06-11 09:20:25,642.3,476149
2021-06-11 09:20:26,642.1,476501
2021-06-11 09:20:26,642.1,476501
2021-06-11 09:20:28,642.3,476870
2021-06-11 09:20:29,642.1,477378
2021-06-11 09:20:30,642.0,477817
2021-06-11 09:20:31,642.2,479246
2021-06-11 09:20:31,642.2,479246
2021-06-11 09:20:33,642.0,479852
2021-06-11 09:20:34,642.0,480132
2021-06-11 09:20:35,642.05,480209
2021-06-11 09:20:36,642.1,480840
2021-06-11 09:20:36,642.1,480840
2021-06-11 09:20:38,642.15,482174
2021-06-11 09:20:39,642.1,483818
2021-06-11 09:20:40,642.0,483847
2021-06-11 09:20:41,641.9,487307
2021-06-11 09:20:42,641.9,488569
2021-06-11 09:20:43,641.75,490837
2021-06-11 09:20:43,641.75,490839
2021-06-11 09:20:45,641.85,495306
2021-06-11 09:20:47,641.8,498762
2021-06-11 09:20:48,641.8,498762
2021-06-11 09:20:49,641.7,501915
2021-06-11 09:20:49,641.8,501873
2021-06-11 09:20:50,641.8,502116
2021-06-11 09:20:52,641.9,502445
2021-06-11 09:20:53,642.0,502545
2021-06-11 09:20:54,641.95,504515
2021-06-11 09:20:55,641.95,504656
2021-06-11 09:20:56,641.95,504681
2021-06-11 09:20:57,641.95,504950
2021-06-11 09:20:58,641.95,505170
2021-06-11 09:20:59,641.9,505173
2021-06-11 09:20:59,641.8,505294
2021-06-11 09:21:01,641.95,505689
2021-06-11 09:21:02,641.8,505848
2021-06-11 09:21:03,641.8,506002
2021-06-11 09:21:04,641.9,506007
2021-06-11 09:21:05,641.9,506017
2021-06-11 09:21:06,641.85,506207
2021-06-11 09:21:07,641.85,507724
2021-06-11 09:21:08,641.7,509474
2021-06-11 09:21:08,641.7,509403
2021-06-11 09:21:10,641.7,509575
2021-06-11 09:21:11,641.75,509587
2021-06-11 09:21:12,641.7,510689
2021-06-11 09:21:13,641.9,510699
2021-06-11 09:21:14,641.8,510799
2021-06-11 09:21:14,641.8,510807
2021-06-11 09:21:16,641.65,514767
2021-06-11 09:21:17,641.65,515186
2021-06-11 09:21:18,641.75,515286
2021-06-11 09:21:19,641.7,517500
2021-06-11 09:21:20,641.7,517547
2021-06-11 09:21:21,641.7,518340
2021-06-11 09:21:22,641.7,518340
2021-06-11 09:21:24,641.75,518746
2021-06-11 09:21:24,641.7,518747
2021-06-11 09:21:26,641.7,519286
2021-06-11 09:21:27,641.65,519684
2021-06-11 09:21:28,641.6,519794
2021-06-11 09:21:29,641.7,520555
2021-06-11 09:21:30,641.7,520607
2021-06-11 09:21:31,641.7,522622
2021-06-11 09:21:32,641.6,523262
2021-06-11 09:21:32,641.55,525582
2021-06-11 09:21:34,641.55,525733
2021-06-11 09:21:35,641.7,526170
2021-06-11 09:21:36,641.6,526320
2021-06-11 09:21:37,641.55,526571
2021-06-11 09:21:38,641.7,527118
2021-06-11 09:21:39,641.7,527157
2021-06-11 09:21:40,641.75,531161
2021-06-11 09:21:41,641.9,531498
2021-06-11 09:21:42,641.75,531763
2021-06-11 09:21:43,641.9,531973
2021-06-11 09:21:44,641.9,531973
2021-06-11 09:21:46,641.85,534908
2021-06-11 09:21:47,641.85,535509
2021-06-11 09:21:48,641.85,535569
2021-06-11 09:21:49,641.8,535924
2021-06-11 09:21:50,641.8,536029
2021-06-11 09:21:51,641.8,536049
2021-06-11 09:21:52,641.85,536272
2021-06-11 09:21:53,641.9,536802
2021-06-11 09:21:54,642.0,537122
2021-06-11 09:21:55,641.95,537822
2021-06-11 09:21:56,641.95,538488
2021-06-11 09:21:57,642.0,539181
2021-06-11 09:21:58,642.0,539245
2021-06-11 09:21:59,641.75,543333
2021-06-11 09:22:00,641.7,546777
2021-06-11 09:22:01,641.75,547979
2021-06-11 09:22:02,641.85,548745
2021-06-11 09:22:03,641.8,549875
2021-06-11 09:22:04,641.8,551101
2021-06-11 09:22:05,641.75,551169
2021-06-11 09:22:07,641.8,553353
2021-06-11 09:22:06,641.7,553209
2021-06-11 09:22:08,641.85,554516
2021-06-11 09:22:09,641.85,554597
2021-06-11 09:22:10,642.25,557423
2021-06-11 09:22:11,642.0,558096
2021-06-11 09:22:12,642.0,559941
2021-06-11 09:22:13,641.9,560823
2021-06-11 09:22:14,642.0,561214
2021-06-11 09:22:15,642.0,561834
2021-06-11 09:22:17,642.0,565944
2021-06-11 09:22:18,641.9,566053
2021-06-11 09:22:19,642.0,566291
2021-06-11 09:22:20,642.2,566296
2021-06-11 09:22:21,642.25,566615
2021-06-11 09:22:22,642.25,566616
2021-06-11 09:22:23,642.3,567014
2021-06-11 09:22:24,642.3,567014
2021-06-11 09:22:25,642.3,567049
2021-06-11 09:22:26,642.0,567325
2021-06-11 09:22:27,642.2,567435
2021-06-11 09:22:28,642.2,567988
2021-06-11 09:22:29,642.05,568128
2021-06-11 09:22:30,642.35,569295
2021-06-11 09:22:31,642.2,570062
2021-06-11 09:22:32,642.2,571620
2021-06-11 09:22:33,642.2,571623
2021-06-11 09:22:34,642.0,572999
2021-06-11 09:22:35,642.2,573114
2021-06-11 09:22:36,642.15,573326
2021-06-11 09:22:37,642.15,573459
2021-06-11 09:22:38,642.15,573735
2021-06-11 09:22:39,642.0,575138
2021-06-11 09:22:40,642.2,575538
2021-06-11 09:22:41,642.2,576262
2021-06-11 09:22:42,642.05,577772
2021-06-11 09:22:43,642.05,578259
2021-06-11 09:22:44,642.15,578275
2021-06-11 09:22:45,642.2,578317
2021-06-11 09:22:46,642.35,581049
2021-06-11 09:22:47,642.2,581196
2021-06-11 09:22:48,642.1,582722
2021-06-11 09:22:49,642.1,582722
2021-06-11 09:22:50,642.35,582936
2021-06-11 09:22:51,642.35,582938
2021-06-11 09:22:52,642.35,583340
2021-06-11 09:22:53,642.15,583977
2021-06-11 09:22:54,642.25,584165
2021-06-11 09:22:55,642.1,584490
2021-06-11 09:22:56,642.1,584844
2021-06-11 09:22:57,642.15,588970
2021-06-11 09:22:58,642.0,589306
2021-06-11 09:22:59,642.1,589331
2021-06-11 09:23:00,642.1,593203
2021-06-11 09:23:01,642.05,593213
2021-06-11 09:23:02,642.05,594554
2021-06-11 09:23:03,642.15,597635
2021-06-11 09:23:04,641.8,601438
2021-06-11 09:23:05,641.95,601984
2021-06-11 09:23:06,641.9,604160
2021-06-11 09:23:07,641.8,605763
2021-06-11 09:23:08,641.7,606172
2021-06-11 09:23:09,641.7,606422
2021-06-11 09:23:10,641.7,608359
2021-06-11 09:23:11,641.65,609455
2021-06-11 09:23:12,641.55,613109
2021-06-11 09:23:13,641.6,615359
2021-06-11 09:23:14,641.5,615498
2021-06-11 09:23:15,641.4,622744
2021-06-11 09:23:16,641.5,631777
2021-06-11 09:23:17,641.7,632078
2021-06-11 09:23:18,641.4,632258
2021-06-11 09:23:19,641.5,632397
2021-06-11 09:23:20,641.4,632592
2021-06-11 09:23:21,641.5,632637
2021-06-11 09:23:22,641.5,632642
2021-06-11 09:23:23,641.5,632724
2021-06-11 09:23:24,641.5,632806
2021-06-11 09:23:25,641.5,632932
2021-06-11 09:23:26,641.5,633039
2021-06-11 09:23:27,641.5,633046
2021-06-11 09:23:28,641.45,633612
2021-06-11 09:23:29,641.45,635587
2021-06-11 09:23:30,641.6,640793
2021-06-11 09:23:31,641.5,641045
2021-06-11 09:23:32,641.5,641045
2021-06-11 09:23:33,641.55,642444
2021-06-11 09:23:34,641.55,642552
2021-06-11 09:23:35,641.6,643211
2021-06-11 09:23:36,641.7,643623
2021-06-11 09:23:37,641.5,643961
2021-06-11 09:23:38,641.55,644466
2021-06-11 09:23:39,641.65,644766
2021-06-11 09:23:40,641.45,645787
2021-06-11 09:23:41,641.6,646091
2021-06-11 09:23:42,641.6,646103
2021-06-11 09:23:43,641.55,646104
2021-06-11 09:23:44,641.55,646107
2021-06-11 09:23:45,641.45,650233
2021-06-11 09:23:46,641.75,653164
2021-06-11 09:23:47,641.55,654393
2021-06-11 09:23:48,641.55,654586
2021-06-11 09:23:49,641.55,654586
2021-06-11 09:23:50,641.55,654631
2021-06-11 09:23:51,641.55,654745
2021-06-11 09:23:52,641.55,654771
2021-06-11 09:23:53,641.55,654776
2021-06-11 09:23:54,641.7,655170
2021-06-11 09:23:56,641.7,655568
2021-06-11 09:23:57,641.65,655792
2021-06-11 09:23:58,641.85,655947
2021-06-11 09:23:59,641.6,657322
2021-06-11 09:24:00,641.85,657582
2021-06-11 09:24:01,641.85,657583
2021-06-11 09:24:02,641.65,657639
2021-06-11 09:24:03,641.95,658007
2021-06-11 09:24:04,641.95,658931
2021-06-11 09:24:05,641.95,659081
2021-06-11 09:24:05,641.7,659086
2021-06-11 09:24:06,641.95,659093
2021-06-11 09:24:07,641.7,659573
2021-06-11 09:24:08,641.95,659578
2021-06-11 09:24:09,641.95,659745
2021-06-11 09:24:10,641.9,659881
2021-06-11 09:24:11,641.9,660081
2021-06-11 09:24:12,641.8,660232
2021-06-11 09:24:13,641.9,660288
2021-06-11 09:24:15,641.75,660780
2021-06-11 09:24:15,641.8,660781
2021-06-11 09:24:16,641.9,663416
2021-06-11 09:24:17,641.75,664005
2021-06-11 09:24:18,641.7,664560
2021-06-11 09:24:19,641.7,665602
2021-06-11 09:24:20,641.8,665627
2021-06-11 09:24:21,641.75,666407
2021-06-11 09:24:23,641.8,667060
2021-06-11 09:24:23,641.8,667062
2021-06-11 09:24:24,641.8,667551
2021-06-11 09:24:25,641.75,668143
2021-06-11 09:24:26,641.75,670050
2021-06-11 09:24:27,641.6,670175
2021-06-11 09:24:28,641.7,670178
2021-06-11 09:24:29,641.7,670278
2021-06-11 09:24:30,641.6,670788
2021-06-11 09:24:31,641.55,671300
2021-06-11 09:24:32,641.55,671350
2021-06-11 09:24:33,641.55,671641
2021-06-11 09:24:35,641.5,680839
2021-06-11 09:24:35,641.6,682039
2021-06-11 09:24:36,641.4,694421
2021-06-11 09:24:37,641.3,696442
2021-06-11 09:24:38,641.55,696494
2021-06-11 09:24:39,641.65,696647
2021-06-11 09:24:40,641.6,696918
2021-06-11 09:24:41,641.6,696918
2021-06-11 09:24:42,641.55,697403
2021-06-11 09:24:43,641.55,697420
2021-06-11 09:24:44,641.55,697567
2021-06-11 09:24:45,641.55,697986
2021-06-11 09:24:46,641.8,700577
2021-06-11 09:24:47,641.5,701138
2021-06-11 09:24:49,641.3,702102
2021-06-11 09:24:50,641.3,702860
2021-06-11 09:24:51,641.3,703543
2021-06-11 09:24:52,641.35,705401
2021-06-11 09:24:53,641.5,705681
2021-06-11 09:24:54,641.5,705881
2021-06-11 09:24:55,641.35,706231
2021-06-11 09:24:55,641.35,706231
2021-06-11 09:24:56,641.55,707155
2021-06-11 09:24:57,641.5,707232
2021-06-11 09:24:58,641.6,707418
2021-06-11 09:24:59,641.6,708171
2021-06-11 09:25:00,641.6,709037
2021-06-11 09:25:02,641.0,721316
2021-06-11 09:25:03,641.0,722463
2021-06-11 09:25:04,641.05,722737
2021-06-11 09:25:05,641.0,722857
2021-06-11 09:25:06,641.0,722928
2021-06-11 09:25:07,641.0,723094
2021-06-11 09:25:08,641.0,723356
2021-06-11 09:25:09,641.2,723982
2021-06-11 09:25:10,641.25,725171
2021-06-11 09:25:11,641.25,725202
2021-06-11 09:25:12,641.25,725302
2021-06-11 09:25:13,641.0,726202
2021-06-11 09:25:15,641.25,726333
2021-06-11 09:25:16,641.05,726794
2021-06-11 09:25:17,641.3,727331
2021-06-11 09:25:17,641.3,727356
2021-06-11 09:25:18,641.3,727856
2021-06-11 09:25:20,641.15,727941
2021-06-11 09:25:22,641.3,728199
2021-06-11 09:25:23,641.25,728418
2021-06-11 09:25:25,641.25,729023
2021-06-11 09:25:27,641.25,729864
2021-06-11 09:25:28,641.25,729938
2021-06-11 09:25:29,641.3,730066
2021-06-11 09:25:30,641.35,730119
2021-06-11 09:25:31,641.35,730119
2021-06-11 09:25:32,641.35,730123
2021-06-11 09:25:33,641.4,730424
2021-06-11 09:25:34,641.4,730466
2021-06-11 09:25:36,641.4,730475
2021-06-11 09:25:36,641.4,730480
2021-06-11 09:25:37,641.5,731082
2021-06-11 09:25:38,641.45,731083
2021-06-11 09:25:39,641.45,731083
2021-06-11 09:25:40,641.5,731184
2021-06-11 09:25:41,641.5,731235
2021-06-11 09:25:42,641.5,731775
2021-06-11 09:25:43,641.6,731793
2021-06-11 09:25:44,641.6,731794
2021-06-11 09:25:45,641.6,731795
2021-06-11 09:25:46,641.6,731846
2021-06-11 09:25:47,641.6,732315
2021-06-11 09:25:48,641.6,732324
2021-06-11 09:25:49,641.6,733064
2021-06-11 09:25:50,641.8,733377
2021-06-11 09:25:52,641.55,733637
2021-06-11 09:25:53,641.8,733640
2021-06-11 09:25:54,641.8,733640
2021-06-11 09:25:55,641.8,733692
2021-06-11 09:25:56,641.65,734095
2021-06-11 09:25:58,641.8,734216
2021-06-11 09:25:59,641.9,734566
2021-06-11 09:26:00,641.8,734567
2021-06-11 09:26:00,641.85,734647
2021-06-11 09:26:01,641.85,735503
2021-06-11 09:26:02,641.9,735515
2021-06-11 09:26:03,641.9,736165
2021-06-11 09:26:04,641.8,736190
2021-06-11 09:26:05,641.65,740054
2021-06-11 09:26:06,641.65,740054
2021-06-11 09:26:07,641.65,745329
2021-06-11 09:26:08,641.6,745330
2021-06-11 09:26:09,641.6,746256
2021-06-11 09:26:10,641.6,746261
2021-06-11 09:26:11,641.6,746382
2021-06-11 09:26:12,641.6,746391
2021-06-11 09:26:13,641.6,746486
2021-06-11 09:26:14,641.6,746517
2021-06-11 09:26:15,641.6,746565
2021-06-11 09:26:17,641.6,746595
2021-06-11 09:26:18,641.6,746603
2021-06-11 09:26:20,641.6,751722
2021-06-11 09:26:21,641.6,751722
2021-06-11 09:26:23,641.8,752029
2021-06-11 09:26:24,641.65,752031
2021-06-11 09:26:25,641.6,752032
2021-06-11 09:26:26,641.6,752032
2021-06-11 09:26:26,641.65,752033
2021-06-11 09:26:27,641.85,754943
2021-06-11 09:26:28,641.8,754997
2021-06-11 09:26:29,641.8,755235
2021-06-11 09:26:30,641.8,755287
2021-06-11 09:26:31,641.6,755292
2021-06-11 09:26:32,641.6,755292
2021-06-11 09:26:33,641.8,755317
2021-06-11 09:26:34,641.8,755772
2021-06-11 09:26:35,641.75,756342
2021-06-11 09:26:36,641.65,757036
2021-06-11 09:26:38,641.75,757076
2021-06-11 09:26:39,641.75,757086
2021-06-11 09:26:40,641.75,757086
2021-06-11 09:26:41,641.75,757092
2021-06-11 09:26:42,641.75,757092
2021-06-11 09:26:43,641.8,757152
2021-06-11 09:26:44,641.8,757457
2021-06-11 09:26:45,641.65,757593
2021-06-11 09:26:46,641.8,763226
2021-06-11 09:26:47,641.8,763226
2021-06-11 09:26:48,641.65,763286
2021-06-11 09:26:49,641.55,763338
2021-06-11 09:26:50,641.7,765773
2021-06-11 09:26:51,641.7,765773
2021-06-11 09:26:53,641.5,765956
2021-06-11 09:26:55,641.65,766336
2021-06-11 09:26:56,641.7,767217
2021-06-11 09:26:57,641.7,767317
2021-06-11 09:27:02,641.55,768043
2021-06-11 09:27:02,641.55,768043
2021-06-11 09:27:03,641.25,770320
2021-06-11 09:27:04,641.25,770423
2021-06-11 09:27:05,641.4,770506
2021-06-11 09:27:06,641.4,770856
2021-06-11 09:27:07,641.4,770866
2021-06-11 09:27:08,641.2,770941
2021-06-11 09:27:09,641.25,772463
2021-06-11 09:27:11,641.2,772721
2021-06-11 09:27:12,641.35,772879
2021-06-11 09:27:13,641.4,772892
2021-06-11 09:27:14,641.4,772917
2021-06-11 09:27:15,641.45,773391
2021-06-11 09:27:17,641.35,773400
2021-06-11 09:27:18,641.5,773435
2021-06-11 09:27:19,641.55,773535
2021-06-11 09:27:19,641.55,773535
2021-06-11 09:27:20,641.55,773535
2021-06-11 09:27:21,641.5,773819
2021-06-11 09:27:22,641.4,773830
2021-06-11 09:27:23,641.55,773970
2021-06-11 09:27:24,641.4,773995
2021-06-11 09:27:25,641.4,774343
2021-06-11 09:27:26,641.35,774441
2021-06-11 09:27:27,641.65,775121
2021-06-11 09:27:28,641.45,775173
2021-06-11 09:27:29,641.4,775297
2021-06-11 09:27:30,641.4,775297
2021-06-11 09:27:32,641.4,775310
2021-06-11 09:27:33,641.6,775984
2021-06-11 09:27:34,641.6,776084
2021-06-11 09:27:35,641.6,776164
2021-06-11 09:27:36,641.45,776175
2021-06-11 09:27:37,641.45,776179
2021-06-11 09:27:38,641.65,776199
2021-06-11 09:27:40,641.45,776319
2021-06-11 09:27:41,641.55,776369
2021-06-11 09:27:41,641.55,777227
2021-06-11 09:27:42,641.55,777227
2021-06-11 09:27:43,641.55,777235
2021-06-11 09:27:44,641.7,777535
2021-06-11 09:27:45,641.7,777535
2021-06-11 09:27:46,641.45,777567
2021-06-11 09:27:47,641.55,777615
2021-06-11 09:27:48,641.55,777695
2021-06-11 09:27:49,641.55,777695
2021-06-11 09:27:50,641.55,777745
2021-06-11 09:27:51,641.55,777745
2021-06-11 09:27:52,641.5,777875
2021-06-11 09:27:54,641.55,778380
2021-06-11 09:27:55,641.55,778380
2021-06-11 09:27:56,641.55,778380
2021-06-11 09:27:57,641.5,778381
2021-06-11 09:27:59,641.5,778383
2021-06-11 09:27:59,641.3,781133
2021-06-11 09:28:00,641.3,781133
2021-06-11 09:28:02,641.5,781333
2021-06-11 09:28:03,641.5,781495
2021-06-11 09:28:03,641.5,781500
2021-06-11 09:28:04,641.5,781608
2021-06-11 09:28:05,641.25,781745
2021-06-11 09:28:06,641.25,782399
2021-06-11 09:28:07,641.45,782412
2021-06-11 09:28:08,641.4,782763
2021-06-11 09:28:10,641.35,782785
2021-06-11 09:28:11,641.35,783498
2021-06-11 09:28:12,641.35,783549
2021-06-11 09:28:13,641.2,783835
2021-06-11 09:28:14,641.2,784156
2021-06-11 09:28:14,641.2,784156
2021-06-11 09:28:15,641.2,784156
2021-06-11 09:28:17,641.2,784933
2021-06-11 09:28:18,641.15,785173
2021-06-11 09:28:19,641.0,807115
2021-06-11 09:28:20,640.65,815142
2021-06-11 09:28:21,640.85,815440
2021-06-11 09:28:22,640.9,815501
2021-06-11 09:28:23,640.8,815541
2021-06-11 09:28:24,640.8,815741
2021-06-11 09:28:25,641.0,816085
2021-06-11 09:28:26,641.05,816286
2021-06-11 09:28:27,641.05,816286
2021-06-11 09:28:28,641.05,816286
2021-06-11 09:28:28,641.05,816286
2021-06-11 09:28:29,641.0,816322
2021-06-11 09:28:30,640.8,818131
2021-06-11 09:28:31,641.0,818188
2021-06-11 09:28:32,641.0,818189
2021-06-11 09:28:33,641.0,818190
2021-06-11 09:28:34,640.8,819293
2021-06-11 09:28:35,640.9,819365
2021-06-11 09:28:36,640.9,819510
2021-06-11 09:28:38,641.0,819729
2021-06-11 09:28:39,640.9,819880
2021-06-11 09:28:40,640.9,819880
2021-06-11 09:28:41,641.0,819888
2021-06-11 09:28:42,640.9,820438
2021-06-11 09:28:43,641.0,820520
2021-06-11 09:28:44,641.0,820520
2021-06-11 09:28:45,641.0,820700
2021-06-11 09:28:46,640.85,820763
2021-06-11 09:28:47,641.0,820873
2021-06-11 09:28:48,640.8,821373
2021-06-11 09:28:49,640.8,821383
2021-06-11 09:28:50,640.95,821514
2021-06-11 09:28:51,640.95,821554
2021-06-11 09:28:52,640.95,821728
2021-06-11 09:28:53,640.95,821829
2021-06-11 09:28:54,641.0,822039
2021-06-11 09:28:55,640.85,822586
2021-06-11 09:28:56,641.0,822617
2021-06-11 09:28:57,641.0,822617
2021-06-11 09:28:58,640.95,822707
2021-06-11 09:28:59,640.95,822768
2021-06-11 09:29:00,640.95,822770
2021-06-11 09:29:01,640.9,822810
2021-06-11 09:29:02,640.9,825196
2021-06-11 09:29:03,640.9,825342
2021-06-11 09:29:04,640.85,825344
2021-06-11 09:29:05,640.85,825712
2021-06-11 09:29:06,640.95,825836
2021-06-11 09:29:07,640.95,825891
2021-06-11 09:29:08,640.85,825966
2021-06-11 09:29:09,640.85,826482
2021-06-11 09:29:10,640.9,829971
2021-06-11 09:29:10,640.9,829971
2021-06-11 09:29:11,640.85,830071
2021-06-11 09:29:12,640.9,830208
2021-06-11 09:29:13,640.85,830209
2021-06-11 09:29:15,640.85,830293
2021-06-11 09:29:16,640.6,833993
2021-06-11 09:29:17,640.65,834068
2021-06-11 09:29:18,640.8,834098
2021-06-11 09:29:19,640.85,834148
2021-06-11 09:29:20,640.85,834655
2021-06-11 09:29:21,640.6,834896
2021-06-11 09:29:22,640.85,835071
2021-06-11 09:29:23,640.85,835071
2021-06-11 09:29:24,640.85,835072
2021-06-11 09:29:25,640.85,835082
2021-06-11 09:29:26,640.8,835172
2021-06-11 09:29:27,640.85,835175
2021-06-11 09:29:28,640.85,835177
2021-06-11 09:29:29,640.8,835525
2021-06-11 09:29:30,640.7,838659
2021-06-11 09:29:31,640.7,842135
2021-06-11 09:29:32,640.5,842223
2021-06-11 09:29:33,640.7,842623
2021-06-11 09:29:33,640.7,842623
2021-06-11 09:29:34,640.65,843575
2021-06-11 09:29:35,640.6,843725
2021-06-11 09:29:37,640.6,843865
2021-06-11 09:29:37,640.6,843865
2021-06-11 09:29:38,640.65,844482
2021-06-11 09:29:39,640.65,844542
2021-06-11 09:29:41,640.55,844575
2021-06-11 09:29:42,640.7,844614
2021-06-11 09:29:43,640.65,845131
2021-06-11 09:29:44,640.7,845157
2021-06-11 09:29:45,640.7,845335
2021-06-11 09:29:46,640.55,845852
2021-06-11 09:29:47,640.5,845913
2021-06-11 09:29:48,640.55,846314
2021-06-11 09:29:49,640.55,846453
2021-06-11 09:29:50,640.55,847831
2021-06-11 09:29:51,640.55,847831
2021-06-11 09:29:52,640.5,848242
2021-06-11 09:29:53,640.6,848892
2021-06-11 09:29:54,640.6,848902
2021-06-11 09:29:55,640.5,849617
2021-06-11 09:29:56,640.5,849918
2021-06-11 09:29:56,640.5,849918
2021-06-11 09:29:57,640.4,852793
2021-06-11 09:29:58,640.5,853189
2021-06-11 09:29:59,640.6,853929
2021-06-11 09:30:01,640.55,855321
2021-06-11 09:30:02,640.55,855327
2021-06-11 09:30:03,640.5,856441
2021-06-11 09:30:04,640.55,857455
2021-06-11 09:30:05,640.55,857817
2021-06-11 09:30:06,640.5,857856
2021-06-11 09:30:07,640.6,859058
2021-06-11 09:30:08,640.5,859158
2021-06-11 09:30:09,640.5,859254
2021-06-11 09:30:10,640.5,859360
2021-06-11 09:30:11,640.6,859421
2021-06-11 09:30:12,640.6,859806
2021-06-11 09:30:13,640.7,861512
2021-06-11 09:30:14,640.65,861589
2021-06-11 09:30:15,640.65,861630
2021-06-11 09:30:16,640.7,861752
2021-06-11 09:30:17,640.7,861907
2021-06-11 09:30:18,640.6,862563
2021-06-11 09:30:19,640.65,863469
2021-06-11 09:30:20,640.65,863469
2021-06-11 09:30:21,640.65,863469
2021-06-11 09:30:21,640.65,863469
2021-06-11 09:30:22,640.65,863569
2021-06-11 09:30:23,640.7,864569
2021-06-11 09:30:24,640.65,864679
2021-06-11 09:30:26,640.7,864821
2021-06-11 09:30:27,640.65,865031
2021-06-11 09:30:28,640.65,865192
2021-06-11 09:30:29,640.65,866030
2021-06-11 09:30:30,640.65,866051
2021-06-11 09:30:31,640.65,866556
2021-06-11 09:30:32,640.7,867216
2021-06-11 09:30:34,640.6,870898
2021-06-11 09:30:35,640.6,871356
2021-06-11 09:30:36,640.75,871457
2021-06-11 09:30:38,640.65,872189
2021-06-11 09:30:38,640.65,872189
2021-06-11 09:30:39,640.7,872464
2021-06-11 09:30:41,640.7,872555
2021-06-11 09:30:41,640.6,872586
2021-06-11 09:30:42,640.65,872591
2021-06-11 09:30:44,640.7,873361
2021-06-11 09:30:45,640.7,873657
2021-06-11 09:30:45,640.7,873657
2021-06-11 09:30:47,640.75,874054
2021-06-11 09:30:48,640.75,874055
2021-06-11 09:30:49,640.7,874125
2021-06-11 09:30:49,640.7,874125
2021-06-11 09:30:50,640.7,874135
2021-06-11 09:30:52,640.6,874829
2021-06-11 09:30:53,640.7,874830
2021-06-11 09:30:54,640.6,875231
2021-06-11 09:30:55,640.6,876962
2021-06-11 09:30:56,640.6,876992
2021-06-11 09:30:57,640.55,878469
2021-06-11 09:30:58,640.6,878589
2021-06-11 09:30:59,640.6,878637
2021-06-11 09:30:59,640.5,878737
2021-06-11 09:31:00,640.6,879747
2021-06-11 09:31:01,640.5,880177
2021-06-11 09:31:02,640.6,880208
2021-06-11 09:31:04,640.6,880243
2021-06-11 09:31:05,640.6,880253
2021-06-11 09:31:06,640.75,884412
2021-06-11 09:31:07,640.7,884501
2021-06-11 09:31:08,640.7,884501
2021-06-11 09:31:09,640.85,884627
2021-06-11 09:31:10,640.75,884768
2021-06-11 09:31:11,640.75,884768
2021-06-11 09:31:12,640.8,884809
2021-06-11 09:31:13,640.8,884809
2021-06-11 09:31:14,640.75,885196
2021-06-11 09:31:15,640.75,885196
2021-06-11 09:31:16,640.7,885288
2021-06-11 09:31:17,640.7,885469
2021-06-11 09:31:18,640.6,885514
2021-06-11 09:31:19,640.7,885924
2021-06-11 09:31:20,640.55,886254
2021-06-11 09:31:21,640.7,886809
2021-06-11 09:31:22,640.55,887031
2021-06-11 09:31:23,640.55,887069
2021-06-11 09:31:24,640.8,887391
2021-06-11 09:31:25,640.8,887392
2021-06-11 09:31:26,640.7,887492
2021-06-11 09:31:26,640.7,887492
2021-06-11 09:31:27,640.65,887643
2021-06-11 09:31:29,640.7,888142
2021-06-11 09:31:30,640.75,888292
2021-06-11 09:31:31,640.75,888344
2021-06-11 09:31:32,640.75,888412
2021-06-11 09:31:33,640.8,888413
2021-06-11 09:31:34,640.75,888534
2021-06-11 09:31:35,640.8,888611
2021-06-11 09:31:36,640.8,888611
2021-06-11 09:31:37,640.85,888638
2021-06-11 09:31:38,640.8,888958
2021-06-11 09:31:39,641.2,901328
2021-06-11 09:31:40,641.35,903542
2021-06-11 09:31:41,641.4,904131
2021-06-11 09:31:42,641.45,904132
2021-06-11 09:31:43,641.35,904147
2021-06-11 09:31:44,641.35,904190
2021-06-11 09:31:45,641.3,904503
2021-06-11 09:31:46,641.4,904528
2021-06-11 09:31:47,641.35,904566
2021-06-11 09:31:48,641.35,905609
2021-06-11 09:31:49,641.35,908486
2021-06-11 09:31:50,641.35,908590
2021-06-11 09:31:51,641.45,909390
2021-06-11 09:31:52,641.5,911146
2021-06-11 09:31:54,641.65,911303
2021-06-11 09:31:55,641.5,915498
2021-06-11 09:31:56,641.5,915701
2021-06-11 09:31:57,641.55,916634
2021-06-11 09:31:58,641.7,917228
2021-06-11 09:31:59,641.55,917235
2021-06-11 09:32:00,641.6,917444
2021-06-11 09:32:01,641.6,917544
2021-06-11 09:32:02,641.7,917645
2021-06-11 09:32:03,641.7,917645
2021-06-11 09:32:04,641.55,918517
2021-06-11 09:32:04,641.55,918617
2021-06-11 09:32:06,641.7,918920
2021-06-11 09:32:07,641.7,918920
2021-06-11 09:32:08,641.7,918920
2021-06-11 09:32:09,641.7,918920
2021-06-11 09:32:10,641.6,918950
2021-06-11 09:32:11,641.7,919003
2021-06-11 09:32:12,641.7,919016
2021-06-11 09:32:13,641.7,919020
2021-06-11 09:32:14,641.7,919050
2021-06-11 09:32:15,641.6,919060
2021-06-11 09:32:16,641.6,919396
2021-06-11 09:32:17,641.7,919397
2021-06-11 09:32:18,641.5,921732
2021-06-11 09:32:19,641.2,925626
2021-06-11 09:32:20,641.45,925781
2021-06-11 09:32:21,641.5,929507
2021-06-11 09:32:22,641.4,929557
2021-06-11 09:32:23,641.5,929757
2021-06-11 09:32:24,641.45,929877
2021-06-11 09:32:25,641.4,930880
2021-06-11 09:32:26,641.45,932178
2021-06-11 09:32:26,641.45,932178
2021-06-11 09:32:28,641.6,932276
2021-06-11 09:32:29,641.5,932283
2021-06-11 09:32:30,641.5,932289
2021-06-11 09:32:31,641.45,932314
2021-06-11 09:32:32,641.55,932524
2021-06-11 09:32:33,641.55,932633
2021-06-11 09:32:34,641.45,932854
2021-06-11 09:32:35,641.6,932865
2021-06-11 09:32:36,641.45,933065
2021-06-11 09:32:37,641.45,934006
2021-06-11 09:32:38,641.6,934356
2021-06-11 09:32:39,641.6,934357
2021-06-11 09:32:40,641.6,934366
2021-06-11 09:32:41,641.7,934375
2021-06-11 09:32:42,641.7,934375
2021-06-11 09:32:43,641.7,934477
2021-06-11 09:32:44,641.65,934594
2021-06-11 09:32:45,641.65,934644
2021-06-11 09:32:47,641.7,935383
2021-06-11 09:32:48,641.7,935399
2021-06-11 09:32:49,641.7,935476
2021-06-11 09:32:54,641.75,937604
2021-06-11 09:32:55,641.75,937610
2021-06-11 09:32:56,641.75,937720
2021-06-11 09:32:57,641.75,937809
2021-06-11 09:32:58,641.8,938445
2021-06-11 09:32:59,641.8,938445
2021-06-11 09:33:00,641.8,938540
2021-06-11 09:33:01,641.75,938642
2021-06-11 09:33:02,642.0,943630
2021-06-11 09:33:03,642.0,943718
2021-06-11 09:33:04,641.85,943809
2021-06-11 09:33:05,642.0,943814
2021-06-11 09:33:06,641.9,943916
2021-06-11 09:33:07,642.0,944364
2021-06-11 09:33:08,642.0,944365
2021-06-11 09:33:09,641.95,944600
2021-06-11 09:33:10,641.9,945136
2021-06-11 09:33:11,642.0,945701
2021-06-11 09:33:12,642.05,946014
2021-06-11 09:33:13,642.05,946014
2021-06-11 09:33:14,642.2,946614
2021-06-11 09:33:15,642.0,946619
2021-06-11 09:33:16,642.3,947873
2021-06-11 09:33:18,642.4,949514
2021-06-11 09:33:17,642.4,949337
2021-06-11 09:33:19,642.4,949865
2021-06-11 09:33:20,642.4,950185
2021-06-11 09:33:21,642.4,950339
2021-06-11 09:33:22,642.3,950579
2021-06-11 09:33:23,642.4,950879
2021-06-11 09:33:24,642.4,950908
2021-06-11 09:33:25,642.3,951036
2021-06-11 09:33:26,642.25,953889
2021-06-11 09:33:27,642.3,954073
2021-06-11 09:33:28,642.3,954123
2021-06-11 09:33:29,642.3,954274
2021-06-11 09:33:30,642.25,955779
2021-06-11 09:33:31,642.35,955806
2021-06-11 09:33:32,642.25,955860
2021-06-11 09:33:33,642.4,956767
2021-06-11 09:33:34,642.45,957349
2021-06-11 09:33:35,642.3,957541
2021-06-11 09:33:36,642.3,957546
2021-06-11 09:33:37,642.3,957546
2021-06-11 09:33:38,642.3,957576
2021-06-11 09:33:39,642.3,957626
2021-06-11 09:33:40,642.4,957727
2021-06-11 09:33:41,642.4,957852
2021-06-11 09:33:42,642.3,957953
2021-06-11 09:33:43,642.25,958026
2021-06-11 09:33:44,642.3,958049
2021-06-11 09:33:45,642.4,958245
2021-06-11 09:33:46,642.5,958366
2021-06-11 09:33:47,642.5,958877
2021-06-11 09:33:48,642.5,959162
2021-06-11 09:33:49,642.4,963732
2021-06-11 09:33:50,642.6,964465
2021-06-11 09:33:51,642.4,966567
2021-06-11 09:33:52,642.4,966589
2021-06-11 09:33:53,642.15,968943
2021-06-11 09:33:54,642.2,969137
2021-06-11 09:33:55,642.3,969482
2021-06-11 09:33:56,642.3,969669
2021-06-11 09:33:57,642.3,969669
2021-06-11 09:33:58,642.3,971709
2021-06-11 09:33:59,642.25,971770
2021-06-11 09:34:00,642.2,971777
2021-06-11 09:34:01,642.2,971782
2021-06-11 09:34:02,642.2,971938
2021-06-11 09:34:03,642.4,972488
2021-06-11 09:34:04,642.45,972498
2021-06-11 09:34:05,642.4,972578
2021-06-11 09:34:06,642.4,972688
2021-06-11 09:34:07,642.3,973139
2021-06-11 09:34:08,642.3,973180
2021-06-11 09:34:09,642.3,973180
2021-06-11 09:34:10,642.2,973195
2021-06-11 09:34:11,642.4,973332
2021-06-11 09:34:12,642.4,973387
2021-06-11 09:34:13,642.4,973587
2021-06-11 09:34:14,642.25,973588
2021-06-11 09:34:15,642.25,973708
2021-06-11 09:34:16,642.4,973785
2021-06-11 09:34:17,642.1,974135
2021-06-11 09:34:18,642.35,974351
2021-06-11 09:34:19,642.35,974351
2021-06-11 09:34:20,642.35,974351
2021-06-11 09:34:22,642.4,974563
2021-06-11 09:34:23,642.4,974563
2021-06-11 09:34:24,642.2,974688
2021-06-11 09:34:25,642.4,974723
2021-06-11 09:34:26,642.4,974738
2021-06-11 09:34:27,642.4,974738
2021-06-11 09:34:28,642.2,974752
2021-06-11 09:34:29,642.4,974757
2021-06-11 09:34:30,642.3,974769
2021-06-11 09:34:31,642.2,974813
2021-06-11 09:34:32,642.4,974868
2021-06-11 09:34:33,642.25,976244
2021-06-11 09:34:34,642.25,976244
2021-06-11 09:34:35,642.3,976488
2021-06-11 09:34:36,642.3,976588
2021-06-11 09:34:38,642.3,976940
2021-06-11 09:34:38,642.3,976950
2021-06-11 09:34:39,642.3,977579
2021-06-11 09:34:40,642.3,977694
2021-06-11 09:34:42,642.3,977795
2021-06-11 09:34:43,642.3,977798
2021-06-11 09:34:44,642.3,977901
2021-06-11 09:34:45,642.25,979327
2021-06-11 09:34:46,642.2,979341
2021-06-11 09:34:47,642.25,980225
2021-06-11 09:34:48,642.0,985307
2021-06-11 09:34:49,642.0,985512
2021-06-11 09:34:50,642.0,986916
2021-06-11 09:34:51,642.0,986964
2021-06-11 09:34:53,642.05,987684
2021-06-11 09:34:53,642.05,987317
2021-06-11 09:34:54,642.1,987686
2021-06-11 09:34:55,642.0,987727
2021-06-11 09:34:57,642.2,987802
2021-06-11 09:34:58,642.0,987842
2021-06-11 09:34:59,642.25,988017
2021-06-11 09:35:00,642.25,988287
2021-06-11 09:35:01,642.2,988622
2021-06-11 09:35:02,642.2,988622
2021-06-11 09:35:03,642.25,988822
2021-06-11 09:35:04,642.2,988862
2021-06-11 09:35:06,642.25,989154
2021-06-11 09:35:06,642.2,990348
2021-06-11 09:35:07,642.2,990351
2021-06-11 09:35:08,642.2,990541
2021-06-11 09:35:09,642.25,991601
2021-06-11 09:35:10,642.25,991622
2021-06-11 09:35:11,642.25,991731
2021-06-11 09:35:12,642.2,991735
2021-06-11 09:35:13,642.2,992315
2021-06-11 09:35:14,642.2,992636
2021-06-11 09:35:15,642.2,992667
2021-06-11 09:35:16,642.05,992740
2021-06-11 09:35:18,642.0,997530
2021-06-11 09:35:18,641.95,997657
2021-06-11 09:35:19,641.95,997918
2021-06-11 09:35:20,641.9,998175
2021-06-11 09:35:21,641.8,998237
2021-06-11 09:35:22,641.85,998277
2021-06-11 09:35:23,641.8,998401
2021-06-11 09:35:24,641.8,998519
2021-06-11 09:35:25,641.65,998713
2021-06-11 09:35:26,641.8,998833
2021-06-11 09:35:27,641.65,998876
2021-06-11 09:35:28,641.7,998999
2021-06-11 09:35:30,641.7,999000
2021-06-11 09:35:31,641.65,999288
2021-06-11 09:35:32,641.7,999917
2021-06-11 09:35:33,641.8,999922
2021-06-11 09:35:34,641.8,999922
2021-06-11 09:35:35,641.8,1000083
2021-06-11 09:35:36,641.8,1000084
2021-06-11 09:35:37,641.8,1000181
2021-06-11 09:35:38,641.8,1000284
2021-06-11 09:35:39,641.8,1000509
2021-06-11 09:35:40,641.8,1000661
2021-06-11 09:35:41,641.75,1000818
2021-06-11 09:35:42,641.75,1000818
2021-06-11 09:35:43,641.75,1000946
2021-06-11 09:35:44,641.8,1000959
2021-06-11 09:35:45,641.8,1000959
2021-06-11 09:35:46,641.8,1000960
2021-06-11 09:35:47,641.75,1001340
2021-06-11 09:35:48,641.75,1001384
2021-06-11 09:35:48,641.75,1001384
2021-06-11 09:35:49,641.7,1002084
2021-06-11 09:35:50,641.7,1002135
2021-06-11 09:35:51,641.7,1002135
2021-06-11 09:35:52,641.8,1002891
2021-06-11 09:35:53,641.8,1002892
2021-06-11 09:35:54,641.85,1002893
2021-06-11 09:35:55,641.85,1002994
2021-06-11 09:35:56,641.9,1003421
2021-06-11 09:35:57,641.9,1003421
2021-06-11 09:35:58,641.95,1003474
2021-06-11 09:35:59,641.85,1003500
2021-06-11 09:36:01,641.85,1003500
2021-06-11 09:36:01,641.85,1003500
2021-06-11 09:36:02,641.95,1003551
2021-06-11 09:36:03,641.95,1003551
2021-06-11 09:36:04,641.85,1003654
2021-06-11 09:36:05,641.9,1003655
2021-06-11 09:36:06,641.9,1003726
2021-06-11 09:36:07,641.95,1003767
2021-06-11 09:36:08,641.9,1003818
2021-06-11 09:36:10,641.9,1003824
2021-06-11 09:36:11,641.9,1003837
2021-06-11 09:36:11,641.95,1003838
2021-06-11 09:36:12,641.9,1003840
2021-06-11 09:36:13,641.9,1003954
2021-06-11 09:36:14,641.9,1004069
2021-06-11 09:36:15,641.95,1005054
2021-06-11 09:36:16,641.9,1005057
2021-06-11 09:36:17,641.9,1005119
2021-06-11 09:36:18,641.95,1005321
2021-06-11 09:36:20,641.9,1005351
2021-06-11 09:36:20,641.9,1005351
2021-06-11 09:36:21,641.85,1005442
2021-06-11 09:36:22,641.85,1005562
2021-06-11 09:36:23,641.85,1005732
2021-06-11 09:36:24,641.9,1006036
2021-06-11 09:36:25,641.85,1006181
2021-06-11 09:36:26,641.9,1006331
2021-06-11 09:36:28,641.9,1006341
2021-06-11 09:36:28,641.9,1006396
2021-06-11 09:36:29,641.9,1006404
2021-06-11 09:36:30,641.85,1006429
2021-06-11 09:36:31,641.85,1006429
2021-06-11 09:36:33,641.8,1008095
2021-06-11 09:36:33,641.8,1008272
2021-06-11 09:36:34,641.8,1008327
2021-06-11 09:36:35,641.85,1008645
2021-06-11 09:36:36,641.85,1008705
2021-06-11 09:36:37,641.8,1010847
2021-06-11 09:36:39,641.85,1010879
2021-06-11 09:36:40,641.85,1010884
2021-06-11 09:36:41,641.85,1010954
2021-06-11 09:36:42,641.9,1011322
2021-06-11 09:36:43,641.85,1011686
2021-06-11 09:36:43,641.85,1011686
2021-06-11 09:36:44,641.85,1011706
2021-06-11 09:36:45,641.85,1012046
2021-06-11 09:36:46,641.95,1012076
2021-06-11 09:36:47,641.85,1012311
2021-06-11 09:36:48,641.9,1012351
2021-06-11 09:36:49,641.9,1012426
2021-06-11 09:36:50,641.9,1012567
2021-06-11 09:36:51,641.95,1013092
2021-06-11 09:36:52,641.95,1013092
2021-06-11 09:36:53,641.95,1013092
2021-06-11 09:36:54,641.9,1013102
2021-06-11 09:36:55,641.95,1013103
2021-06-11 09:36:57,642.0,1017376
2021-06-11 09:36:58,642.0,1017392
2021-06-11 09:36:59,642.25,1017752
2021-06-11 09:37:00,642.05,1018092
2021-06-11 09:37:01,642.05,1018223
2021-06-11 09:37:02,642.25,1020223
2021-06-11 09:37:03,642.25,1020223
2021-06-11 09:37:04,642.05,1020715
2021-06-11 09:37:04,642.05,1020715
2021-06-11 09:37:05,642.25,1020815
2021-06-11 09:37:06,642.2,1021047
2021-06-11 09:37:07,642.15,1021183
2021-06-11 09:37:08,642.15,1021183
2021-06-11 09:37:09,642.25,1021195
2021-06-11 09:37:10,642.25,1021253
2021-06-11 09:37:11,642.25,1021388
2021-06-11 09:37:12,642.25,1021438
2021-06-11 09:37:14,642.1,1021578
2021-06-11 09:37:14,642.25,1021580
2021-06-11 09:37:16,642.25,1021795
2021-06-11 09:37:18,642.35,1030902
2021-06-11 09:37:18,642.4,1031024
2021-06-11 09:37:19,642.4,1031031
2021-06-11 09:37:20,642.6,1031063
2021-06-11 09:37:21,642.6,1031063
2021-06-11 09:37:23,642.6,1031070
2021-06-11 09:37:24,642.4,1033984
2021-06-11 09:37:25,642.45,1034944
2021-06-11 09:37:26,642.45,1035059
2021-06-11 09:37:27,642.35,1035079
2021-06-11 09:37:29,642.5,1035565
2021-06-11 09:37:29,642.5,1035666
2021-06-11 09:37:30,642.5,1035728
2021-06-11 09:37:31,642.45,1035807
2021-06-11 09:37:32,642.5,1035821
2021-06-11 09:37:34,642.35,1035986
2021-06-11 09:37:35,642.55,1036010
2021-06-11 09:37:36,642.55,1036010
2021-06-11 09:37:37,642.5,1036024
2021-06-11 09:37:38,642.5,1036234
2021-06-11 09:37:39,642.35,1036284
2021-06-11 09:37:40,642.45,1036323
2021-06-11 09:37:41,642.35,1037714
2021-06-11 09:37:42,642.3,1038172
2021-06-11 09:37:43,642.3,1038198
2021-06-11 09:37:44,642.35,1038332
2021-06-11 09:37:45,642.35,1038352
2021-06-11 09:37:47,642.35,1042692
2021-06-11 09:37:48,642.25,1042940
2021-06-11 09:37:50,642.25,1043058
2021-06-11 09:37:51,642.25,1043532
2021-06-11 09:37:52,642.25,1043618
2021-06-11 09:37:54,642.25,1043645
2021-06-11 09:37:55,642.15,1043670
2021-06-11 09:37:55,642.15,1043670
2021-06-11 09:37:56,642.1,1043719
2021-06-11 09:37:57,642.25,1043754
2021-06-11 09:37:58,642.25,1044176
2021-06-11 09:38:00,642.35,1045176
2021-06-11 09:38:01,642.15,1045184
2021-06-11 09:38:02,642.1,1045406
2021-06-11 09:38:03,642.25,1045411
2021-06-11 09:38:04,642.35,1045612
2021-06-11 09:38:04,642.35,1045612
2021-06-11 09:38:05,642.35,1045613
2021-06-11 09:38:06,642.3,1045618
2021-06-11 09:38:07,642.35,1045918
2021-06-11 09:38:08,642.25,1046193
2021-06-11 09:38:09,642.25,1046223
2021-06-11 09:38:10,642.2,1046246
2021-06-11 09:38:11,642.2,1046271
2021-06-11 09:38:12,642.2,1046271
2021-06-11 09:38:13,642.25,1047273
2021-06-11 09:38:15,642.25,1047364
2021-06-11 09:38:16,642.25,1047365
2021-06-11 09:38:17,642.25,1047495
2021-06-11 09:38:17,642.25,1047495
2021-06-11 09:38:18,642.2,1048179
2021-06-11 09:38:19,642.2,1048179
2021-06-11 09:38:20,642.2,1048186
2021-06-11 09:38:22,642.2,1048259
2021-06-11 09:38:23,642.15,1048419
2021-06-11 09:38:24,642.15,1048460
2021-06-11 09:38:25,642.25,1048910
2021-06-11 09:38:26,642.1,1048914
2021-06-11 09:38:27,642.25,1049220
2021-06-11 09:38:27,642.25,1049189
2021-06-11 09:38:28,642.2,1049236
2021-06-11 09:38:29,642.2,1049244
2021-06-11 09:38:30,642.2,1049244
2021-06-11 09:38:32,642.1,1049322
2021-06-11 09:38:33,642.25,1049825
2021-06-11 09:38:34,642.25,1050225
2021-06-11 09:38:35,642.2,1050341
2021-06-11 09:38:36,642.1,1050347
2021-06-11 09:38:37,642.2,1050450
2021-06-11 09:38:37,642.2,1050450
2021-06-11 09:38:38,642.2,1050450
2021-06-11 09:38:39,642.15,1050468
2021-06-11 09:38:40,642.2,1050469
2021-06-11 09:38:41,642.15,1050716
2021-06-11 09:38:42,642.2,1050836
2021-06-11 09:38:43,642.2,1050937
2021-06-11 09:38:44,642.1,1050938
2021-06-11 09:38:45,642.1,1051160
2021-06-11 09:38:46,642.1,1051226
2021-06-11 09:38:48,642.0,1056031
2021-06-11 09:38:49,642.0,1056639
2021-06-11 09:38:49,642.0,1056639
2021-06-11 09:38:50,641.95,1057607
2021-06-11 09:38:51,641.9,1057807
2021-06-11 09:38:52,641.95,1057817
2021-06-11 09:38:54,641.85,1057917
2021-06-11 09:38:54,641.9,1057918
2021-06-11 09:38:56,641.9,1058219
2021-06-11 09:38:57,641.9,1058230
2021-06-11 09:38:59,641.9,1058430
2021-06-11 09:39:00,641.95,1058586
2021-06-11 09:39:01,641.95,1058636
2021-06-11 09:39:02,641.9,1058658
2021-06-11 09:39:03,641.9,1058940
2021-06-11 09:39:04,641.9,1059005
2021-06-11 09:39:04,641.9,1059005
2021-06-11 09:39:05,641.9,1059047
2021-06-11 09:39:06,641.9,1059097
2021-06-11 09:39:08,641.95,1059370
2021-06-11 09:39:09,641.95,1059370
2021-06-11 09:39:10,641.95,1059399
2021-06-11 09:39:11,641.9,1059400
2021-06-11 09:39:12,641.95,1059402
2021-06-11 09:39:13,641.9,1059781
2021-06-11 09:39:14,641.9,1059936
2021-06-11 09:39:14,641.9,1060037
2021-06-11 09:39:15,641.8,1060066
2021-06-11 09:39:16,641.85,1060141
2021-06-11 09:39:17,641.85,1060141
2021-06-11 09:39:19,641.9,1060282
2021-06-11 09:39:20,641.9,1060382
2021-06-11 09:39:21,641.95,1060913
2021-06-11 09:39:22,641.95,1060918
2021-06-11 09:39:23,641.9,1060928
2021-06-11 09:39:24,641.85,1061583
2021-06-11 09:39:25,641.9,1061796
2021-06-11 09:39:26,641.9,1061846
2021-06-11 09:39:27,641.9,1061846
2021-06-11 09:39:28,642.0,1061871
2021-06-11 09:39:28,642.0,1061871
2021-06-11 09:39:29,642.0,1062048
2021-06-11 09:39:30,641.9,1062556
2021-06-11 09:39:31,641.9,1062586
2021-06-11 09:39:32,641.95,1062829
2021-06-11 09:39:34,642.1,1063510
2021-06-11 09:39:35,642.0,1064010
2021-06-11 09:39:36,642.05,1064040
2021-06-11 09:39:37,641.95,1064052
2021-06-11 09:39:38,641.85,1064659
2021-06-11 09:39:39,642.05,1065094
2021-06-11 09:39:40,642.05,1065094
2021-06-11 09:39:41,642.05,1065094
2021-06-11 09:39:42,641.95,1065145
2021-06-11 09:39:43,642.05,1065205
2021-06-11 09:39:44,641.95,1065345
2021-06-11 09:39:45,641.95,1065415
2021-06-11 09:39:46,641.9,1065615
2021-06-11 09:39:46,641.9,1065653
2021-06-11 09:39:47,641.85,1065662
2021-06-11 09:39:48,641.9,1065663
2021-06-11 09:39:49,641.85,1065677
2021-06-11 09:39:50,641.7,1069702
2021-06-11 09:39:51,641.6,1069981
2021-06-11 09:39:52,641.7,1070981
2021-06-11 09:39:54,641.6,1070983
2021-06-11 09:39:55,641.65,1071143
2021-06-11 09:39:56,641.6,1071144
2021-06-11 09:39:57,641.55,1071145
2021-06-11 09:40:00,641.5,1073494
2021-06-11 09:40:01,641.5,1073898
2021-06-11 09:40:02,641.45,1073904
2021-06-11 09:40:03,641.25,1074161
2021-06-11 09:40:04,641.45,1074211
2021-06-11 09:40:05,641.4,1074223
2021-06-11 09:40:06,641.4,1074274
2021-06-11 09:40:08,641.35,1074435
2021-06-11 09:40:10,641.25,1074937
2021-06-11 09:40:11,641.3,1074969
2021-06-11 09:40:12,641.25,1075369
2021-06-11 09:40:13,641.35,1075379
2021-06-11 09:40:14,641.25,1075397
2021-06-11 09:40:15,641.35,1075410
2021-06-11 09:40:16,641.4,1075521
2021-06-11 09:40:17,641.25,1075524
2021-06-11 09:40:18,641.25,1075526
2021-06-11 09:40:19,641.3,1075536
2021-06-11 09:40:20,641.1,1077194
2021-06-11 09:40:21,641.2,1078325
2021-06-11 09:40:22,641.15,1078326
2021-06-11 09:40:23,641.1,1078401
2021-06-11 09:40:23,641.15,1078377
2021-06-11 09:40:24,641.1,1078401
2021-06-11 09:40:26,641.15,1078456
2021-06-11 09:40:27,641.05,1079203
2021-06-11 09:40:28,641.2,1079228
2021-06-11 09:40:29,641.1,1079350
2021-06-11 09:40:30,641.1,1080356
2021-06-11 09:40:31,641.0,1080446
2021-06-11 09:40:32,641.1,1080610
2021-06-11 09:40:33,641.0,1080945
2021-06-11 09:40:34,641.1,1080995
2021-06-11 09:40:35,641.1,1081266
2021-06-11 09:40:36,641.0,1081369
2021-06-11 09:40:36,641.0,1081369
2021-06-11 09:40:37,641.1,1082605
2021-06-11 09:40:38,641.1,1082605
2021-06-11 09:40:40,641.15,1082620
2021-06-11 09:40:41,641.15,1082674
2021-06-11 09:40:42,641.2,1082699
2021-06-11 09:40:43,641.25,1082898
2021-06-11 09:40:44,641.25,1082900
2021-06-11 09:40:45,641.2,1082963
2021-06-11 09:40:45,641.2,1082963
2021-06-11 09:40:46,641.2,1082988
2021-06-11 09:40:47,641.25,1082998
2021-06-11 09:40:48,641.25,1084896
2021-06-11 09:40:49,641.3,1084897
2021-06-11 09:40:50,641.3,1084912
2021-06-11 09:40:51,641.3,1084925
2021-06-11 09:40:53,641.3,1084925
2021-06-11 09:40:54,641.3,1084929
2021-06-11 09:40:55,641.3,1084929
2021-06-11 09:40:57,641.3,1085509
2021-06-11 09:40:58,641.3,1085509
2021-06-11 09:40:59,641.3,1085548
2021-06-11 09:40:59,641.3,1085548
2021-06-11 09:41:01,641.3,1085748
2021-06-11 09:41:01,641.25,1085790
2021-06-11 09:41:03,641.3,1085794
2021-06-11 09:41:03,641.3,1085794
2021-06-11 09:41:05,641.25,1085839
2021-06-11 09:41:05,641.25,1085839
2021-06-11 09:41:07,641.25,1085890
2021-06-11 09:41:09,641.2,1086656
2021-06-11 09:41:10,641.25,1086756
2021-06-11 09:41:11,641.2,1086781
2021-06-11 09:41:12,641.25,1086782
2021-06-11 09:41:13,641.1,1087286
2021-06-11 09:41:14,641.15,1087288
2021-06-11 09:41:15,641.2,1087289
2021-06-11 09:41:16,641.2,1088437
2021-06-11 09:41:17,641.2,1088437
2021-06-11 09:41:18,641.2,1088937
2021-06-11 09:41:19,641.2,1088952
2021-06-11 09:41:20,641.2,1088953
2021-06-11 09:41:21,641.1,1089317
2021-06-11 09:41:22,641.1,1089340
2021-06-11 09:41:23,641.2,1089355
2021-06-11 09:41:23,641.2,1089856
2021-06-11 09:41:24,641.2,1089856
2021-06-11 09:41:26,641.2,1089956
2021-06-11 09:41:27,641.2,1090456
2021-06-11 09:41:28,641.1,1090901
2021-06-11 09:41:29,641.1,1090901
2021-06-11 09:41:30,641.15,1090976
2021-06-11 09:41:31,641.25,1090979
2021-06-11 09:41:32,641.25,1090979
2021-06-11 09:41:32,641.25,1090979
2021-06-11 09:41:33,641.25,1091083
2021-06-11 09:41:35,641.25,1091083
2021-06-11 09:41:37,641.3,1091224
2021-06-11 09:41:38,641.25,1091317
2021-06-11 09:41:39,641.3,1091417
2021-06-11 09:41:40,641.25,1091418
2021-06-11 09:41:41,641.2,1091557
2021-06-11 09:41:42,641.3,1091559
2021-06-11 09:41:44,641.25,1091619
2021-06-11 09:41:45,641.25,1091620
2021-06-11 09:41:46,641.25,1091623
2021-06-11 09:41:47,641.3,1091865
2021-06-11 09:41:48,641.25,1091985
2021-06-11 09:41:49,641.4,1092221
2021-06-11 09:41:50,641.4,1092231
2021-06-11 09:41:51,641.4,1092232
2021-06-11 09:41:52,641.3,1092233
2021-06-11 09:41:53,641.3,1092254
2021-06-11 09:41:54,641.3,1092254
2021-06-11 09:41:55,641.3,1092257
2021-06-11 09:41:56,641.3,1092257
2021-06-11 09:41:57,641.3,1092257
2021-06-11 09:41:58,641.25,1092272
2021-06-11 09:42:00,641.0,1094142
2021-06-11 09:42:00,641.0,1094142
2021-06-11 09:42:02,641.0,1094142
2021-06-11 09:42:03,641.0,1094142
2021-06-11 09:42:04,641.0,1105003
2021-06-11 09:42:05,641.0,1105003
2021-06-11 09:42:06,640.9,1105071
2021-06-11 09:42:07,640.95,1105540
2021-06-11 09:42:08,640.9,1105749
2021-06-11 09:42:09,640.8,1105849
2021-06-11 09:42:10,640.8,1107538
2021-06-11 09:42:10,640.8,1107538
2021-06-11 09:42:12,640.8,1107777
2021-06-11 09:42:13,640.65,1108254
2021-06-11 09:42:14,640.7,1108470
2021-06-11 09:42:15,640.7,1108470
2021-06-11 09:42:16,640.65,1108480
2021-06-11 09:42:17,640.6,1108830
2021-06-11 09:42:18,640.5,1110881
2021-06-11 09:42:19,640.5,1112071
2021-06-11 09:42:20,640.6,1112206
2021-06-11 09:42:21,640.55,1112358
2021-06-11 09:42:22,640.6,1113842
2021-06-11 09:42:22,640.6,1113842
2021-06-11 09:42:24,640.6,1113853
2021-06-11 09:42:25,640.6,1113953
2021-06-11 09:42:26,640.6,1114153
2021-06-11 09:42:27,640.45,1115147
2021-06-11 09:42:27,640.45,1115147
2021-06-11 09:42:29,640.45,1115163
2021-06-11 09:42:30,640.45,1115675
2021-06-11 09:42:31,640.35,1115861
2021-06-11 09:42:32,640.35,1115893
2021-06-11 09:42:33,640.35,1117437
2021-06-11 09:42:34,640.4,1118018
2021-06-11 09:42:35,640.2,1118025
2021-06-11 09:42:36,640.35,1118266
2021-06-11 09:42:37,640.4,1119535
2021-06-11 09:42:38,640.35,1119635
2021-06-11 09:42:39,640.3,1120695
2021-06-11 09:42:40,640.3,1120695
2021-06-11 09:42:41,640.6,1120697
2021-06-11 09:42:42,640.45,1120727
2021-06-11 09:42:43,640.45,1120883
2021-06-11 09:42:44,640.5,1121183
2021-06-11 09:42:45,640.5,1121225
2021-06-11 09:42:46,640.4,1121825
2021-06-11 09:42:47,640.45,1121837
2021-06-11 09:42:48,640.45,1122125
2021-06-11 09:42:49,640.35,1122126
2021-06-11 09:42:50,640.5,1122663
2021-06-11 09:42:51,640.5,1122693
2021-06-11 09:42:52,640.5,1122702
2021-06-11 09:42:53,640.5,1122713
2021-06-11 09:42:54,640.4,1123294
2021-06-11 09:42:55,640.5,1123345
2021-06-11 09:42:56,640.4,1123398
2021-06-11 09:42:57,640.4,1123778
2021-06-11 09:42:58,640.5,1123788
2021-06-11 09:42:59,640.5,1123982
2021-06-11 09:43:00,640.5,1124172
2021-06-11 09:43:00,640.5,1124172
2021-06-11 09:43:02,640.5,1124334
2021-06-11 09:43:03,640.5,1124379
2021-06-11 09:43:04,640.5,1124379
2021-06-11 09:43:05,640.45,1124429
2021-06-11 09:43:06,640.45,1124432
2021-06-11 09:43:07,640.4,1124532
2021-06-11 09:43:08,640.4,1124532
2021-06-11 09:43:09,640.5,1125186
2021-06-11 09:43:10,640.5,1125246
2021-06-11 09:43:11,640.4,1125249
2021-06-11 09:43:12,640.5,1125567
2021-06-11 09:43:12,640.5,1125567
2021-06-11 09:43:13,640.5,1125567
2021-06-11 09:43:15,640.65,1125577
2021-06-11 09:43:17,640.5,1125829
2021-06-11 09:43:18,640.5,1125829
2021-06-11 09:43:19,640.5,1125936
2021-06-11 09:43:20,640.65,1126000
2021-06-11 09:43:21,640.5,1126055
2021-06-11 09:43:22,640.55,1126111
2021-06-11 09:43:23,640.5,1126221
2021-06-11 09:43:24,640.7,1126901
2021-06-11 09:43:25,640.7,1126905
2021-06-11 09:43:26,640.8,1127030
2021-06-11 09:43:27,640.9,1128384
2021-06-11 09:43:28,640.7,1128449
2021-06-11 09:43:29,640.7,1128449
2021-06-11 09:43:30,640.7,1128449
2021-06-11 09:43:31,640.7,1128913
2021-06-11 09:43:32,640.8,1130967
2021-06-11 09:43:33,640.75,1131100
2021-06-11 09:43:34,640.7,1131140
2021-06-11 09:43:35,640.7,1131140
2021-06-11 09:43:36,640.7,1131140
2021-06-11 09:43:37,640.6,1131171
2021-06-11 09:43:38,640.65,1131222
2021-06-11 09:43:39,640.6,1131227
2021-06-11 09:43:40,640.6,1131262
2021-06-11 09:43:41,640.6,1131271
2021-06-11 09:43:42,640.65,1131901
2021-06-11 09:43:43,640.6,1131924
2021-06-11 09:43:44,640.85,1132329
2021-06-11 09:43:45,640.85,1132430
2021-06-11 09:43:46,640.8,1132455
2021-06-11 09:43:47,640.8,1132700
2021-06-11 09:43:48,640.6,1132809
2021-06-11 09:43:49,640.7,1132825
2021-06-11 09:43:50,640.6,1133725
2021-06-11 09:43:51,640.75,1133799
2021-06-11 09:43:52,640.6,1134131
2021-06-11 09:43:53,640.7,1134142
2021-06-11 09:43:54,640.7,1134314
2021-06-11 09:43:55,640.65,1134364
2021-06-11 09:43:56,640.55,1134629
2021-06-11 09:43:57,640.5,1135479
2021-06-11 09:43:58,640.65,1135712
2021-06-11 09:43:59,640.65,1135712
2021-06-11 09:44:00,640.65,1135763
2021-06-11 09:44:01,640.6,1136034
2021-06-11 09:44:02,640.5,1136182
2021-06-11 09:44:03,640.5,1136202
2021-06-11 09:44:04,640.5,1136353
2021-06-11 09:44:05,640.65,1136454
2021-06-11 09:44:06,640.65,1137084
2021-06-11 09:44:07,640.65,1137220
2021-06-11 09:44:08,640.5,1137458
2021-06-11 09:44:09,640.65,1137614
2021-06-11 09:44:11,640.65,1137869
2021-06-11 09:44:10,640.65,1137869
2021-06-11 09:44:12,640.5,1137958
2021-06-11 09:44:13,640.65,1139216
2021-06-11 09:44:14,640.6,1140156
2021-06-11 09:44:15,640.6,1140156
2021-06-11 09:44:16,640.65,1140355
2021-06-11 09:44:17,640.6,1141508
2021-06-11 09:44:18,640.9,1142000
2021-06-11 09:44:19,640.9,1143150
2021-06-11 09:44:20,640.6,1143195
2021-06-11 09:44:21,640.85,1143197
2021-06-11 09:44:22,640.85,1143197
2021-06-11 09:44:23,640.9,1143202
2021-06-11 09:44:24,640.85,1143218
2021-06-11 09:44:25,640.65,1143220
2021-06-11 09:44:27,640.65,1143451
2021-06-11 09:44:28,640.8,1143465
2021-06-11 09:44:29,640.6,1144452
2021-06-11 09:44:30,640.7,1144475
2021-06-11 09:44:31,640.7,1144478
2021-06-11 09:44:32,640.7,1145311
2021-06-11 09:44:33,640.5,1145352
2021-06-11 09:44:34,640.65,1145864
2021-06-11 09:44:35,640.5,1146057
2021-06-11 09:44:36,640.5,1148119
2021-06-11 09:44:37,640.5,1148119
2021-06-11 09:44:38,640.5,1148716
2021-06-11 09:44:39,640.5,1148755
2021-06-11 09:44:40,640.5,1149006
2021-06-11 09:44:41,640.5,1149106
2021-06-11 09:44:42,640.5,1149116
2021-06-11 09:44:43,640.5,1149204
2021-06-11 09:44:44,640.45,1149315
2021-06-11 09:44:45,640.4,1149416
2021-06-11 09:44:46,640.45,1149421
2021-06-11 09:44:47,640.45,1149482
2021-06-11 09:44:48,640.4,1149483
2021-06-11 09:44:49,640.45,1149626
2021-06-11 09:44:50,640.5,1149870
2021-06-11 09:44:51,640.65,1149880
2021-06-11 09:44:52,640.65,1149880
2021-06-11 09:44:53,640.65,1150035
2021-06-11 09:44:54,640.65,1150056
2021-06-11 09:44:55,640.65,1150060
2021-06-11 09:44:56,640.5,1150070
2021-06-11 09:44:57,640.5,1150070
2021-06-11 09:44:58,640.5,1150072
2021-06-11 09:44:59,640.5,1150072
2021-06-11 09:45:03,640.6,1150944
2021-06-11 09:45:04,640.65,1151245
2021-06-11 09:45:05,640.65,1151245
2021-06-11 09:45:06,640.5,1151273
2021-06-11 09:45:07,640.5,1151273
2021-06-11 09:45:08,640.4,1157890
2021-06-11 09:45:09,640.5,1158465
2021-06-11 09:45:10,640.5,1158486
2021-06-11 09:45:11,640.5,1158539
2021-06-11 09:45:12,640.6,1158939
2021-06-11 09:45:13,640.6,1158940
2021-06-11 09:45:14,640.6,1158940
2021-06-11 09:45:15,640.4,1158960
2021-06-11 09:45:16,640.6,1159081
2021-06-11 09:45:17,640.6,1159190
2021-06-11 09:45:18,640.5,1159195
2021-06-11 09:45:19,640.6,1159350
2021-06-11 09:45:20,640.6,1159351
2021-06-11 09:45:21,640.6,1159391
2021-06-11 09:45:22,640.6,1159801
2021-06-11 09:45:23,640.5,1159868
2021-06-11 09:45:24,640.5,1159868
2021-06-11 09:45:25,640.55,1162033
2021-06-11 09:45:26,640.55,1162033
2021-06-11 09:45:28,640.8,1162518
2021-06-11 09:45:27,640.8,1162518
2021-06-11 09:45:29,640.6,1162530
2021-06-11 09:45:30,640.8,1162662
2021-06-11 09:45:31,640.8,1162662
2021-06-11 09:45:32,640.7,1162862
2021-06-11 09:45:33,640.7,1162870
2021-06-11 09:45:34,640.7,1162930
2021-06-11 09:45:35,640.5,1163580
2021-06-11 09:45:36,640.65,1163586
2021-06-11 09:45:37,640.65,1163586
2021-06-11 09:45:38,640.65,1163586
2021-06-11 09:45:39,640.55,1164283
2021-06-11 09:45:40,640.7,1164383
2021-06-11 09:45:41,640.7,1164383
2021-06-11 09:45:43,640.5,1164563
2021-06-11 09:45:43,640.55,1164473
2021-06-11 09:45:44,640.65,1164604
2021-06-11 09:45:45,640.35,1166639
2021-06-11 09:45:46,640.5,1166654
2021-06-11 09:45:47,640.5,1166694
2021-06-11 09:45:48,640.3,1167389
2021-06-11 09:45:49,640.5,1167417
2021-06-11 09:45:50,640.4,1167702
2021-06-11 09:45:51,640.4,1167702
2021-06-11 09:45:52,640.25,1172336
2021-06-11 09:45:54,640.5,1172386
2021-06-11 09:45:54,640.45,1172411
2021-06-11 09:45:55,640.45,1172436
2021-06-11 09:45:56,640.2,1172446
2021-06-11 09:45:57,640.2,1172521
2021-06-11 09:45:58,640.45,1172591
2021-06-11 09:45:59,640.2,1173196
2021-06-11 09:46:00,640.15,1173365
2021-06-11 09:46:01,640.1,1174041
2021-06-11 09:46:03,640.15,1174151
2021-06-11 09:46:03,640.15,1174151
2021-06-11 09:46:04,640.25,1174896
2021-06-11 09:46:05,640.1,1174901
2021-06-11 09:46:06,640.1,1175081
2021-06-11 09:46:07,640.3,1176030
2021-06-11 09:46:08,640.3,1176122
2021-06-11 09:46:10,640.1,1176178
2021-06-11 09:46:11,640.35,1177343
2021-06-11 09:46:12,640.1,1177449
2021-06-11 09:46:13,640.15,1177459
2021-06-11 09:46:14,640.1,1177968
2021-06-11 09:46:15,640.35,1178068
2021-06-11 09:46:16,640.3,1178193
2021-06-11 09:46:18,640.35,1178198
2021-06-11 09:46:18,640.3,1178248
2021-06-11 09:46:19,640.35,1178681
2021-06-11 09:46:20,640.35,1178681
2021-06-11 09:46:21,640.3,1178689
2021-06-11 09:46:22,640.3,1178690
2021-06-11 09:46:23,640.3,1179065
2021-06-11 09:46:24,640.3,1179075
2021-06-11 09:46:25,640.25,1179269
2021-06-11 09:46:26,640.25,1179324
2021-06-11 09:46:27,640.1,1179424
2021-06-11 09:46:28,640.1,1179944
2021-06-11 09:46:29,640.2,1179952
2021-06-11 09:46:30,640.2,1179952
2021-06-11 09:46:32,640.2,1180170
2021-06-11 09:46:32,640.2,1180148
2021-06-11 09:46:33,640.1,1180597
2021-06-11 09:46:34,640.1,1180636
2021-06-11 09:46:35,640.2,1180946
2021-06-11 09:46:36,640.2,1181066
2021-06-11 09:46:37,640.1,1181639
2021-06-11 09:46:38,640.05,1188145
2021-06-11 09:46:39,639.95,1214013
2021-06-11 09:46:42,639.8,1216328
2021-06-11 09:46:43,639.8,1217688
2021-06-11 09:46:44,639.6,1217689
2021-06-11 09:46:45,639.6,1219143
2021-06-11 09:46:46,639.65,1219513
2021-06-11 09:46:48,639.6,1220071
2021-06-11 09:46:49,639.65,1220206
2021-06-11 09:46:50,639.6,1220450
2021-06-11 09:46:51,639.65,1220635
2021-06-11 09:46:52,639.6,1220912
2021-06-11 09:46:53,639.65,1221264
2021-06-11 09:46:54,639.6,1221422
2021-06-11 09:46:55,639.65,1221682
2021-06-11 09:46:56,639.65,1221920
2021-06-11 09:46:57,639.65,1221921
2021-06-11 09:46:58,639.6,1223299
2021-06-11 09:46:59,639.65,1223376
2021-06-11 09:47:00,639.65,1223596
2021-06-11 09:47:01,639.6,1223826
2021-06-11 09:47:02,639.65,1223828
2021-06-11 09:47:03,639.6,1223993
2021-06-11 09:47:04,639.65,1224113
2021-06-11 09:47:05,639.65,1225395
2021-06-11 09:47:06,639.65,1226895
2021-06-11 09:47:08,639.7,1228169
2021-06-11 09:47:08,639.7,1228163
2021-06-11 09:47:09,639.7,1228229
2021-06-11 09:47:10,639.8,1228434
2021-06-11 09:47:11,639.8,1228713
2021-06-11 09:47:12,639.8,1228841
2021-06-11 09:47:13,639.75,1229097
2021-06-11 09:47:14,639.65,1235379
2021-06-11 09:47:15,639.7,1236674
2021-06-11 09:47:16,639.6,1236738
2021-06-11 09:47:17,639.7,1236938
2021-06-11 09:47:18,639.6,1238172
2021-06-11 09:47:19,639.8,1238174
2021-06-11 09:47:21,639.6,1238379
2021-06-11 09:47:21,639.25,1248838
2021-06-11 09:47:22,639.1,1249996
2021-06-11 09:47:23,639.35,1250336
2021-06-11 09:47:24,639.2,1250680
2021-06-11 09:47:25,639.35,1250827
2021-06-11 09:47:26,639.6,1251414
2021-06-11 09:47:28,639.6,1251554
2021-06-11 09:47:28,639.4,1251659
2021-06-11 09:47:29,639.55,1252374
2021-06-11 09:47:30,639.55,1252497
2021-06-11 09:47:31,639.55,1252756
2021-06-11 09:47:32,639.8,1252886
2021-06-11 09:47:34,639.55,1252892
2021-06-11 09:47:34,639.55,1252892
2021-06-11 09:47:35,639.55,1252949
2021-06-11 09:47:36,639.55,1254199
2021-06-11 09:47:38,639.75,1254525
2021-06-11 09:47:39,639.75,1254527
2021-06-11 09:47:41,639.8,1254612
2021-06-11 09:47:42,639.55,1254712
2021-06-11 09:47:43,639.75,1254788
2021-06-11 09:47:44,639.6,1254901
2021-06-11 09:47:45,639.75,1255024
2021-06-11 09:47:46,639.8,1255531
2021-06-11 09:47:47,639.6,1256601
2021-06-11 09:47:49,639.8,1256811
2021-06-11 09:47:50,639.8,1257137
2021-06-11 09:47:51,639.75,1257643
2021-06-11 09:47:52,639.8,1258135
2021-06-11 09:47:54,639.65,1259136
2021-06-11 09:47:55,639.9,1259423
2021-06-11 09:47:56,639.65,1259429
2021-06-11 09:47:56,639.8,1259581
2021-06-11 09:47:58,639.8,1259811
2021-06-11 09:47:59,639.9,1260589
2021-06-11 09:48:00,639.75,1260901
2021-06-11 09:48:01,639.8,1261167
2021-06-11 09:48:02,639.8,1261477
2021-06-11 09:48:03,639.8,1261551
2021-06-11 09:48:04,639.95,1261820
2021-06-11 09:48:06,639.95,1261850
2021-06-11 09:48:06,639.85,1261950
2021-06-11 09:48:07,639.85,1261950
2021-06-11 09:48:08,639.85,1261953
2021-06-11 09:48:10,639.8,1262273
2021-06-11 09:48:13,639.85,1263920
2021-06-11 09:48:14,639.6,1263957
2021-06-11 09:48:15,639.6,1264462
2021-06-11 09:48:16,639.85,1265185
2021-06-11 09:48:17,639.85,1265185
2021-06-11 09:48:18,639.8,1265296
2021-06-11 09:48:19,639.8,1265326
2021-06-11 09:48:21,639.8,1265326
2021-06-11 09:48:22,639.85,1265730
2021-06-11 09:48:23,639.85,1265730
2021-06-11 09:48:23,639.8,1265936
2021-06-11 09:48:25,639.75,1265945
2021-06-11 09:48:26,639.6,1266023
2021-06-11 09:48:26,639.75,1266043
2021-06-11 09:48:28,639.6,1266343
2021-06-11 09:48:30,639.6,1266343
2021-06-11 09:48:31,639.5,1269283
2021-06-11 09:48:31,639.35,1269876
2021-06-11 09:48:32,639.35,1269891
2021-06-11 09:48:34,639.6,1270430
2021-06-11 09:48:35,639.35,1272430
2021-06-11 09:48:35,639.35,1272430
2021-06-11 09:48:37,639.5,1273004
2021-06-11 09:48:38,639.3,1273147
2021-06-11 09:48:39,639.4,1273827
2021-06-11 09:48:40,639.25,1273837
2021-06-11 09:48:40,639.35,1273888
2021-06-11 09:48:41,639.4,1274161
2021-06-11 09:48:42,639.25,1274368
2021-06-11 09:48:43,639.2,1281776
2021-06-11 09:48:44,639.2,1282041
2021-06-11 09:48:46,639.0,1282536
2021-06-11 09:48:47,639.5,1283871
2021-06-11 09:48:48,639.5,1283871
2021-06-11 09:48:49,639.35,1284128
2021-06-11 09:48:49,639.25,1284130
2021-06-11 09:48:51,639.5,1284155
2021-06-11 09:48:52,639.25,1284167
2021-06-11 09:48:53,639.25,1284167
2021-06-11 09:48:53,639.25,1284167
2021-06-11 09:48:54,639.25,1284167
2021-06-11 09:48:56,639.5,1284804
2021-06-11 09:48:57,639.5,1284804
2021-06-11 09:48:57,639.5,1284804
2021-06-11 09:48:59,639.25,1284818
2021-06-11 09:49:00,639.25,1285112
2021-06-11 09:49:00,639.25,1285112
2021-06-11 09:49:01,639.5,1285123
2021-06-11 09:49:02,639.3,1285208
2021-06-11 09:49:03,639.5,1285333
2021-06-11 09:49:05,639.35,1285639
2021-06-11 09:49:06,639.35,1285904
2021-06-11 09:49:07,639.5,1286005
2021-06-11 09:49:08,639.35,1286020
2021-06-11 09:49:09,639.55,1286316
2021-06-11 09:49:09,639.7,1286856
2021-06-11 09:49:10,639.5,1287103
2021-06-11 09:49:11,639.7,1287118
2021-06-11 09:49:14,639.5,1287534
2021-06-11 09:49:15,639.55,1287535
2021-06-11 09:49:16,639.55,1287553
2021-06-11 09:49:17,639.7,1287608
2021-06-11 09:49:18,639.7,1288758
2021-06-11 09:49:20,639.7,1288766
2021-06-11 09:49:21,639.7,1288766
2021-06-11 09:49:22,639.55,1288813
2021-06-11 09:49:23,639.55,1288838
2021-06-11 09:49:24,639.7,1288842
2021-06-11 09:49:25,639.65,1288972
2021-06-11 09:49:26,639.65,1288980
2021-06-11 09:49:27,639.65,1288980
2021-06-11 09:49:29,639.55,1289342
2021-06-11 09:49:30,639.65,1289394
2021-06-11 09:49:31,639.65,1289420
2021-06-11 09:49:32,639.75,1289774
2021-06-11 09:49:33,639.75,1289774
2021-06-11 09:49:34,639.65,1290089
2021-06-11 09:49:35,639.85,1290568
2021-06-11 09:49:36,639.85,1290623
2021-06-11 09:49:37,639.7,1290894
2021-06-11 09:49:38,639.7,1290949
2021-06-11 09:49:39,639.85,1291049
2021-06-11 09:49:40,639.7,1291082
2021-06-11 09:49:41,639.85,1291137
2021-06-11 09:49:42,639.7,1291154
2021-06-11 09:49:43,639.85,1291553
2021-06-11 09:49:44,639.9,1291653
2021-06-11 09:49:45,639.9,1291731
2021-06-11 09:49:47,639.95,1291870
2021-06-11 09:49:48,639.8,1291880
2021-06-11 09:49:49,639.95,1292090
2021-06-11 09:49:50,640.0,1293236
2021-06-11 09:49:51,640.0,1293355
2021-06-11 09:49:52,640.0,1293387
2021-06-11 09:49:53,639.85,1293437
2021-06-11 09:49:54,640.0,1293542
2021-06-11 09:49:55,640.0,1293679
2021-06-11 09:49:56,640.0,1294911
2021-06-11 09:49:57,640.0,1295081
2021-06-11 09:49:58,640.0,1295109
2021-06-11 09:49:59,640.05,1295112
2021-06-11 09:50:00,640.05,1295237
2021-06-11 09:50:01,640.1,1295923
2021-06-11 09:50:02,639.9,1296122
2021-06-11 09:50:02,640.0,1296123
2021-06-11 09:50:03,640.05,1296427
2021-06-11 09:50:04,640.05,1296427
2021-06-11 09:50:05,639.9,1296530
2021-06-11 09:50:07,640.15,1297230
2021-06-11 09:50:08,640.15,1297230
2021-06-11 09:50:09,640.0,1297932
2021-06-11 09:50:10,640.05,1298032
2021-06-11 09:50:11,640.05,1298032
2021-06-11 09:50:11,640.15,1298182
2021-06-11 09:50:12,640.05,1298183
2021-06-11 09:50:13,640.1,1298204
2021-06-11 09:50:15,640.1,1298355
2021-06-11 09:50:16,640.1,1298535
2021-06-11 09:50:17,640.05,1298556
2021-06-11 09:50:18,640.05,1298592
2021-06-11 09:50:18,640.05,1298592
2021-06-11 09:50:20,640.1,1298733
2021-06-11 09:50:21,640.05,1298833
2021-06-11 09:50:22,640.0,1298848
2021-06-11 09:50:23,640.05,1298858
2021-06-11 09:50:24,640.05,1298958
2021-06-11 09:50:25,639.9,1304007
2021-06-11 09:50:26,639.85,1304322
2021-06-11 09:50:27,639.85,1304619
2021-06-11 09:50:28,639.9,1304842
2021-06-11 09:50:29,639.9,1304852
2021-06-11 09:50:30,639.7,1305686
2021-06-11 09:50:31,639.7,1306087
2021-06-11 09:50:32,639.95,1306102
2021-06-11 09:50:33,639.95,1306112
2021-06-11 09:50:34,640.0,1306182
2021-06-11 09:50:35,639.7,1306238
2021-06-11 09:50:36,640.0,1306298
2021-06-11 09:50:36,640.0,1306298
2021-06-11 09:50:37,639.7,1306338
2021-06-11 09:50:38,639.7,1306619
2021-06-11 09:50:39,639.7,1306619
2021-06-11 09:50:41,639.7,1306619
2021-06-11 09:50:42,639.75,1306719
2021-06-11 09:50:43,639.75,1306719
2021-06-11 09:50:43,639.85,1306722
2021-06-11 09:50:46,639.8,1307482
2021-06-11 09:50:47,640.1,1308550
2021-06-11 09:50:48,639.85,1308555
2021-06-11 09:50:49,640.0,1308558
2021-06-11 09:50:52,639.85,1308723
2021-06-11 09:50:53,639.85,1308723
2021-06-11 09:50:54,640.05,1308924
2021-06-11 09:50:55,640.05,1308974
2021-06-11 09:50:56,640.05,1308974
2021-06-11 09:50:57,639.8,1309124
2021-06-11 09:50:58,640.0,1309149
2021-06-11 09:50:59,640.0,1309149
2021-06-11 09:51:00,639.85,1309736
2021-06-11 09:51:01,640.0,1309750
2021-06-11 09:51:02,640.0,1310250
2021-06-11 09:51:03,639.85,1310266
2021-06-11 09:51:04,639.85,1310266
2021-06-11 09:51:06,639.85,1310531
2021-06-11 09:51:07,639.8,1310707
2021-06-11 09:51:07,639.8,1313418
2021-06-11 09:51:08,639.75,1313680
2021-06-11 09:51:09,639.5,1315799
2021-06-11 09:51:10,639.5,1315799
2021-06-11 09:51:11,639.3,1315999
2021-06-11 09:51:13,639.35,1316051
2021-06-11 09:51:14,639.6,1316082
2021-06-11 09:51:15,639.5,1316267
2021-06-11 09:51:16,639.45,1316767
2021-06-11 09:51:17,639.45,1316767
2021-06-11 09:51:18,639.55,1316872
2021-06-11 09:51:19,639.55,1316872
2021-06-11 09:51:20,639.75,1316955
2021-06-11 09:51:21,639.75,1316955
2021-06-11 09:51:22,639.55,1316960
2021-06-11 09:51:23,639.75,1317060
2021-06-11 09:51:24,639.5,1317411
2021-06-11 09:51:24,639.5,1317411
2021-06-11 09:51:25,639.45,1317451
2021-06-11 09:51:26,639.45,1317451
2021-06-11 09:51:27,639.7,1318556
2021-06-11 09:51:28,639.7,1318602
2021-06-11 09:51:29,639.45,1318613
2021-06-11 09:51:30,639.5,1318643
2021-06-11 09:51:32,639.5,1318647
2021-06-11 09:51:33,639.55,1318687
2021-06-11 09:51:34,639.55,1318738
2021-06-11 09:51:35,639.45,1319038
2021-06-11 09:51:36,639.45,1319205
2021-06-11 09:51:36,639.55,1319225
2021-06-11 09:51:37,639.3,1319270
2021-06-11 09:51:38,639.3,1319280
2021-06-11 09:51:39,639.55,1319398
2021-06-11 09:51:40,639.55,1319398
2021-06-11 09:51:41,639.5,1319555
2021-06-11 09:51:43,639.3,1319655
2021-06-11 09:51:44,639.3,1319705
2021-06-11 09:51:45,639.35,1319801
2021-06-11 09:51:47,639.3,1320026
2021-06-11 09:51:48,639.35,1320051
2021-06-11 09:51:49,639.35,1320061
2021-06-11 09:51:50,639.3,1320131
2021-06-11 09:51:51,639.35,1320613
2021-06-11 09:51:52,639.5,1320783
2021-06-11 09:51:52,639.5,1320783
2021-06-11 09:51:53,639.45,1322160
2021-06-11 09:51:54,639.35,1322170
2021-06-11 09:51:56,639.35,1322238
2021-06-11 09:51:57,639.3,1322301
2021-06-11 09:51:58,639.4,1322304
2021-06-11 09:51:59,639.25,1322743
2021-06-11 09:52:00,639.45,1322938
2021-06-11 09:52:00,639.45,1322938
2021-06-11 09:52:02,639.5,1323539
2021-06-11 09:52:03,639.5,1323556
2021-06-11 09:52:04,639.5,1323556
2021-06-11 09:52:05,639.55,1323609
2021-06-11 09:52:06,639.5,1323950
2021-06-11 09:52:07,639.55,1323964
2021-06-11 09:52:08,639.55,1323964
2021-06-11 09:52:09,639.5,1324465
2021-06-11 09:52:09,639.5,1324465
2021-06-11 09:52:11,639.55,1324467
2021-06-11 09:52:12,639.7,1324577
2021-06-11 09:52:13,639.55,1324618
2021-06-11 09:52:14,639.7,1324878
2021-06-11 09:52:15,639.7,1324878
2021-06-11 09:52:16,639.7,1324878
2021-06-11 09:52:17,639.7,1324928
2021-06-11 09:52:18,639.65,1325298
2021-06-11 09:52:18,639.65,1325298
2021-06-11 09:52:20,639.6,1325303
2021-06-11 09:52:21,639.65,1325305
2021-06-11 09:52:22,639.6,1325807
2021-06-11 09:52:23,639.65,1325848
2021-06-11 09:52:24,639.65,1325848
2021-06-11 09:52:24,639.65,1325850
2021-06-11 09:52:26,639.6,1326384
2021-06-11 09:52:27,639.5,1326437
2021-06-11 09:52:28,639.5,1326437
2021-06-11 09:52:29,639.5,1328448
2021-06-11 09:52:30,639.5,1328448
2021-06-11 09:52:31,639.5,1328818
2021-06-11 09:52:32,639.5,1328818
2021-06-11 09:52:33,639.5,1328818
2021-06-11 09:52:34,639.6,1328820
2021-06-11 09:52:35,639.55,1328987
2021-06-11 09:52:36,639.7,1329441
2021-06-11 09:52:37,639.7,1329453
2021-06-11 09:52:37,639.7,1329453
2021-06-11 09:52:39,639.65,1329467
2021-06-11 09:52:40,639.7,1329607
2021-06-11 09:52:41,639.7,1329607
2021-06-11 09:52:42,639.7,1329662
2021-06-11 09:52:43,639.7,1330031
2021-06-11 09:52:43,639.7,1330031
2021-06-11 09:52:45,639.75,1330055
2021-06-11 09:52:46,639.5,1330405
2021-06-11 09:52:47,639.5,1330460
2021-06-11 09:52:48,639.75,1330706
2021-06-11 09:52:48,639.55,1330506
2021-06-11 09:52:50,639.75,1330706
2021-06-11 09:52:51,639.75,1330823
2021-06-11 09:52:52,639.75,1330824
2021-06-11 09:52:53,639.5,1330939
2021-06-11 09:52:54,639.8,1331250
2021-06-11 09:52:55,639.9,1331580
2021-06-11 09:52:56,639.6,1331591
2021-06-11 09:52:56,639.6,1331591
2021-06-11 09:52:58,639.9,1332341
2021-06-11 09:52:59,639.6,1332663
2021-06-11 09:53:00,639.55,1332740
2021-06-11 09:53:01,639.8,1333844
2021-06-11 09:53:02,639.8,1333848
2021-06-11 09:53:03,639.8,1333850
2021-06-11 09:53:03,639.8,1333850
2021-06-11 09:53:05,639.8,1334136
2021-06-11 09:53:06,639.8,1334136
2021-06-11 09:53:07,639.9,1335446
2021-06-11 09:53:08,639.75,1335618
2021-06-11 09:53:09,640.0,1336340
2021-06-11 09:53:10,640.0,1336340
2021-06-11 09:53:11,640.0,1336340
2021-06-11 09:53:12,640.0,1336341
2021-06-11 09:53:13,640.0,1336342
2021-06-11 09:53:13,640.0,1336342
2021-06-11 09:53:15,639.95,1337077
2021-06-11 09:53:16,639.95,1337092
2021-06-11 09:53:17,639.8,1337103
2021-06-11 09:53:18,639.8,1337104
2021-06-11 09:53:19,639.75,1337140
2021-06-11 09:53:20,639.75,1337140
2021-06-11 09:53:21,639.75,1337140
2021-06-11 09:53:21,639.75,1337140
2021-06-11 09:53:22,639.75,1337149
2021-06-11 09:53:23,639.9,1337161
2021-06-11 09:53:25,639.9,1337163
2021-06-11 09:53:26,639.9,1337283
2021-06-11 09:53:27,639.7,1337506
2021-06-11 09:53:28,639.75,1337536
2021-06-11 09:53:28,639.75,1337536
2021-06-11 09:53:30,639.7,1337617
2021-06-11 09:53:31,639.75,1337755
2021-06-11 09:53:32,639.7,1337757
2021-06-11 09:53:33,639.75,1337761
2021-06-11 09:53:33,639.75,1337805
2021-06-11 09:53:35,639.75,1337810
2021-06-11 09:53:36,639.75,1337811
2021-06-11 09:53:37,639.55,1339187
2021-06-11 09:53:38,639.7,1339238
2021-06-11 09:53:38,639.7,1339238
2021-06-11 09:53:40,639.7,1339238
2021-06-11 09:53:41,639.7,1339240
2021-06-11 09:53:42,639.7,1339350
2021-06-11 09:53:43,639.7,1339350
2021-06-11 09:53:44,639.55,1339390
2021-06-11 09:53:44,639.55,1339405
2021-06-11 09:53:46,639.7,1339747
2021-06-11 09:53:47,639.7,1339753
2021-06-11 09:53:48,639.7,1339854
2021-06-11 09:53:49,639.55,1339855
2021-06-11 09:53:50,639.55,1339855
2021-06-11 09:53:51,639.7,1339858
2021-06-11 09:53:52,639.7,1339948
2021-06-11 09:53:52,639.7,1339948
2021-06-11 09:53:54,639.5,1340043
2021-06-11 09:53:55,639.7,1340397
2021-06-11 09:53:56,639.7,1340527
2021-06-11 09:53:57,639.7,1340527
2021-06-11 09:53:57,639.5,1343330
2021-06-11 09:53:59,639.5,1343330
2021-06-11 09:54:00,639.65,1344008
2021-06-11 09:54:01,639.65,1344208
2021-06-11 09:54:02,639.6,1344321
2021-06-11 09:54:02,639.6,1344321
2021-06-11 09:54:03,639.6,1344321
2021-06-11 09:54:05,639.65,1345122
2021-06-11 09:54:06,639.5,1345224
2021-06-11 09:54:07,639.65,1345243
2021-06-11 09:54:08,639.5,1345248
2021-06-11 09:54:09,639.5,1345248
2021-06-11 09:54:10,639.5,1345248
2021-06-11 09:54:11,639.5,1345248
2021-06-11 09:54:12,639.55,1345249
2021-06-11 09:54:13,639.65,1345299
2021-06-11 09:54:14,639.55,1345309
2021-06-11 09:54:15,639.55,1345310
2021-06-11 09:54:16,639.6,1345598
2021-06-11 09:54:17,639.9,1351053
2021-06-11 09:54:18,639.55,1351350
2021-06-11 09:54:19,639.55,1351350
2021-06-11 09:54:20,639.8,1351686
2021-06-11 09:54:21,639.8,1351796
2021-06-11 09:54:22,639.65,1351799
2021-06-11 09:54:23,639.8,1351800
2021-06-11 09:54:24,639.8,1351850
2021-06-11 09:54:25,639.6,1352280
2021-06-11 09:54:26,639.6,1352285
2021-06-11 09:54:27,639.75,1352325
2021-06-11 09:54:28,639.75,1352345
2021-06-11 09:54:29,639.75,1352345
2021-06-11 09:54:30,639.7,1352607
2021-06-11 09:54:32,639.7,1352661
2021-06-11 09:54:33,639.7,1352686
2021-06-11 09:54:34,639.65,1352797
2021-06-11 09:54:35,639.55,1353151
2021-06-11 09:54:36,639.65,1353178
2021-06-11 09:54:37,639.65,1353178
2021-06-11 09:54:38,639.5,1355791
2021-06-11 09:54:39,639.4,1355816
2021-06-11 09:54:40,639.55,1356271
2021-06-11 09:54:41,639.4,1356600
2021-06-11 09:54:42,639.65,1361314
2021-06-11 09:54:43,639.65,1361314
2021-06-11 09:54:44,639.65,1361314
2021-06-11 09:54:45,639.5,1361316
2021-06-11 09:54:46,639.5,1361320
2021-06-11 09:54:47,639.55,1362520
2021-06-11 09:54:48,639.55,1362600
2021-06-11 09:54:49,639.55,1362600
2021-06-11 09:54:50,639.55,1362744
2021-06-11 09:54:51,639.55,1363382
2021-06-11 09:54:52,639.55,1365375
2021-06-11 09:54:53,639.6,1366065
2021-06-11 09:54:54,639.45,1366097
2021-06-11 09:54:56,639.4,1370328
2021-06-11 09:54:55,639.4,1370327
2021-06-11 09:54:57,639.35,1370341
2021-06-11 09:54:58,639.4,1370540
2021-06-11 09:54:59,639.4,1370540
2021-06-11 09:55:00,639.3,1370617
2021-06-11 09:55:01,639.4,1373950
2021-06-11 09:55:02,639.25,1374090
2021-06-11 09:55:03,639.5,1374188
2021-06-11 09:55:04,639.25,1374190
2021-06-11 09:55:05,639.3,1374430
2021-06-11 09:55:06,639.5,1374675
2021-06-11 09:55:07,639.5,1374675
2021-06-11 09:55:08,639.45,1375245
2021-06-11 09:55:09,639.45,1375245
2021-06-11 09:55:10,639.35,1375314
2021-06-11 09:55:11,639.2,1375608
2021-06-11 09:55:12,639.3,1376288
2021-06-11 09:55:13,639.3,1376299
2021-06-11 09:55:14,639.4,1377756
2021-06-11 09:55:15,639.2,1377816
2021-06-11 09:55:16,639.2,1377816
2021-06-11 09:55:19,639.35,1378344
2021-06-11 09:55:20,639.35,1378344
2021-06-11 09:55:21,639.35,1378344
2021-06-11 09:55:22,639.35,1379071
2021-06-11 09:55:23,639.4,1379171
2021-06-11 09:55:24,639.4,1379171
2021-06-11 09:55:25,639.4,1379188
2021-06-11 09:55:26,639.65,1379589
2021-06-11 09:55:27,639.65,1379829
2021-06-11 09:55:28,639.65,1379830
2021-06-11 09:55:29,639.65,1379830
2021-06-11 09:55:30,639.65,1379830
2021-06-11 09:55:31,639.65,1379830
2021-06-11 09:55:32,640.0,1384051
2021-06-11 09:55:33,639.8,1384057
2021-06-11 09:55:34,639.85,1384061
2021-06-11 09:55:35,639.85,1384066
2021-06-11 09:55:37,639.65,1384091
2021-06-11 09:55:36,639.65,1384091
2021-06-11 09:55:39,639.6,1384758
2021-06-11 09:55:40,639.6,1384758
2021-06-11 09:55:41,639.75,1384831
2021-06-11 09:55:42,639.75,1384855
2021-06-11 09:55:43,639.9,1384875
2021-06-11 09:55:44,639.75,1384876
2021-06-11 09:55:45,639.75,1384876
2021-06-11 09:55:46,639.7,1384962
2021-06-11 09:55:47,639.75,1385089
2021-06-11 09:55:48,639.75,1385114
2021-06-11 09:55:49,639.75,1385114
2021-06-11 09:55:50,639.75,1385154
2021-06-11 09:55:52,639.75,1385314
2021-06-11 09:55:53,639.75,1385314
2021-06-11 09:55:54,639.7,1385326
2021-06-11 09:55:55,639.65,1385357
2021-06-11 09:55:56,639.6,1385367
2021-06-11 09:55:57,639.75,1385428
2021-06-11 09:55:59,639.7,1385589
2021-06-11 09:55:58,639.7,1385589
2021-06-11 09:56:00,639.7,1385589
2021-06-11 09:56:01,639.7,1385629
2021-06-11 09:56:02,639.75,1385711
2021-06-11 09:56:03,639.7,1385783
2021-06-11 09:56:04,639.75,1385879
2021-06-11 09:56:05,639.75,1385879
2021-06-11 09:56:06,639.7,1385930
2021-06-11 09:56:08,639.7,1386008
2021-06-11 09:56:09,639.75,1386118
2021-06-11 09:56:10,639.75,1386149
2021-06-11 09:56:11,639.75,1386149
2021-06-11 09:56:12,639.75,1386537
2021-06-11 09:56:13,639.75,1386750
2021-06-11 09:56:14,639.85,1386781
2021-06-11 09:56:15,639.75,1387081
2021-06-11 09:56:17,639.75,1387581
2021-06-11 09:56:17,639.75,1387581
2021-06-11 09:56:18,639.8,1387582
2021-06-11 09:56:19,639.75,1387606
2021-06-11 09:56:20,639.7,1387639
2021-06-11 09:56:21,639.75,1387789
2021-06-11 09:56:23,639.7,1387812
2021-06-11 09:56:23,639.7,1387812
2021-06-11 09:56:25,639.65,1387896
2021-06-11 09:56:26,639.65,1387946
2021-06-11 09:56:27,639.65,1387946
2021-06-11 09:56:28,639.65,1387947
2021-06-11 09:56:30,639.65,1388321
2021-06-11 09:56:31,639.65,1388372
2021-06-11 09:56:32,639.5,1388446
2021-06-11 09:56:33,639.5,1388446
2021-06-11 09:56:34,639.6,1388573
2021-06-11 09:56:36,639.65,1388581
2021-06-11 09:56:36,639.55,1388574
2021-06-11 09:56:37,639.65,1388606
2021-06-11 09:56:38,639.65,1388622
2021-06-11 09:56:39,639.55,1388756
2021-06-11 09:56:40,639.55,1388846
2021-06-11 09:56:41,639.5,1388902
2021-06-11 09:56:42,639.6,1388903
2021-06-11 09:56:44,639.6,1388967
2021-06-11 09:56:44,639.65,1388987
2021-06-11 09:56:45,639.5,1389012
2021-06-11 09:56:46,639.5,1389069
2021-06-11 09:56:47,639.5,1389227
2021-06-11 09:56:48,639.6,1389283
2021-06-11 09:56:50,639.6,1389283
2021-06-11 09:56:51,639.6,1389283
2021-06-11 09:56:51,639.6,1389283
2021-06-11 09:56:52,639.55,1389533
2021-06-11 09:56:53,639.55,1389556
2021-06-11 09:56:55,639.6,1390836
2021-06-11 09:56:57,639.45,1390936
2021-06-11 09:56:57,639.6,1390984
2021-06-11 09:56:58,639.75,1391984
2021-06-11 09:56:59,639.55,1391985
2021-06-11 09:57:00,639.75,1392993
2021-06-11 09:57:01,639.6,1393026
2021-06-11 09:57:03,639.55,1393471
2021-06-11 09:57:03,639.55,1393471
2021-06-11 09:57:04,639.55,1393471
2021-06-11 09:57:05,639.55,1393471
2021-06-11 09:57:06,639.5,1393652
2021-06-11 09:57:08,639.75,1393852
2021-06-11 09:57:09,639.6,1393868
2021-06-11 09:57:10,639.75,1393870
2021-06-11 09:57:11,639.75,1393870
2021-06-11 09:57:11,639.75,1393970
2021-06-11 09:57:12,639.75,1393970
2021-06-11 09:57:13,639.75,1393980
2021-06-11 09:57:14,639.6,1394345
2021-06-11 09:57:15,639.65,1394347
2021-06-11 09:57:17,639.65,1394458
2021-06-11 09:57:17,639.65,1394458
2021-06-11 09:57:18,639.75,1394676
2021-06-11 09:57:19,639.75,1394676
2021-06-11 09:57:20,639.75,1394747
2021-06-11 09:57:21,639.6,1395047
2021-06-11 09:57:23,639.9,1396307
2021-06-11 09:57:23,639.9,1396307
2021-06-11 09:57:24,639.9,1396307
2021-06-11 09:57:25,639.9,1396316
2021-06-11 09:57:26,639.9,1396436
2021-06-11 09:57:27,639.9,1396436
2021-06-11 09:57:28,639.65,1396456
2021-06-11 09:57:29,639.65,1396556
2021-06-11 09:57:31,639.65,1396590
2021-06-11 09:57:31,639.75,1396601
2021-06-11 09:57:32,639.65,1396636
2021-06-11 09:57:33,639.9,1396861
2021-06-11 09:57:34,639.9,1397016
2021-06-11 09:57:35,639.9,1397016
2021-06-11 09:57:36,639.9,1397016
2021-06-11 09:57:38,639.7,1397136
2021-06-11 09:57:39,639.7,1397136
2021-06-11 09:57:39,639.8,1397148
2021-06-11 09:57:40,639.75,1397153
2021-06-11 09:57:41,639.75,1397204
2021-06-11 09:57:42,639.85,1397432
2021-06-11 09:57:43,639.85,1397432
2021-06-11 09:57:45,639.85,1397454
2021-06-11 09:57:45,639.85,1397454
2021-06-11 09:57:46,639.9,1397460
2021-06-11 09:57:47,639.9,1397462
2021-06-11 09:57:48,639.9,1397471
2021-06-11 09:57:49,639.9,1397471
2021-06-11 09:57:50,639.75,1397537
2021-06-11 09:57:51,639.95,1397642
2021-06-11 09:57:52,639.95,1397644
2021-06-11 09:57:53,639.95,1397644
2021-06-11 09:57:54,639.95,1397644
2021-06-11 09:57:56,639.95,1398005
2021-06-11 09:57:57,639.8,1398015
2021-06-11 09:57:57,639.8,1398015
2021-06-11 09:57:58,639.95,1398115
2021-06-11 09:57:59,639.8,1398326
2021-06-11 09:58:00,639.8,1398930
2021-06-11 09:58:01,639.85,1399055
2021-06-11 09:58:03,639.85,1399105
2021-06-11 09:58:04,639.85,1399105
2021-06-11 09:58:04,639.95,1399130
2021-06-11 09:58:06,639.85,1399630
2021-06-11 09:58:07,639.95,1400329
2021-06-11 09:58:07,639.95,1400329
2021-06-11 09:58:08,639.95,1400329
2021-06-11 09:58:10,640.0,1400635
2021-06-11 09:58:11,640.0,1400635
2021-06-11 09:58:12,640.0,1400788
2021-06-11 09:58:13,640.0,1400808
2021-06-11 09:58:15,640.0,1401813
2021-06-11 09:58:16,640.0,1405196
2021-06-11 09:58:16,640.0,1405446
2021-06-11 09:58:17,640.0,1405467
2021-06-11 09:58:18,640.0,1405468
2021-06-11 09:58:19,640.1,1405668
2021-06-11 09:58:20,640.1,1405724
2021-06-11 09:58:21,640.25,1406317
2021-06-11 09:58:22,640.25,1406317
2021-06-11 09:58:23,640.25,1406527
2021-06-11 09:58:25,640.35,1407557
2021-06-11 09:58:25,640.1,1407558
2021-06-11 09:58:26,640.1,1407558
2021-06-11 09:58:27,640.1,1407558
2021-06-11 09:58:28,640.25,1407655
2021-06-11 09:58:29,640.25,1407655
2021-06-11 09:58:30,640.15,1408165
2021-06-11 09:58:31,640.15,1408165
2021-06-11 09:58:32,640.1,1408171
2021-06-11 09:58:33,640.3,1408408
2021-06-11 09:58:35,640.15,1408522
2021-06-11 09:58:36,640.1,1408643
2021-06-11 09:58:36,640.1,1408643
2021-06-11 09:58:37,640.1,1409467
2021-06-11 09:58:38,640.15,1410072
2021-06-11 09:58:39,640.3,1410772
2021-06-11 09:58:40,640.1,1410773
2021-06-11 09:58:42,640.1,1410773
2021-06-11 09:58:42,640.15,1410967
2021-06-11 09:58:44,640.25,1411028
2021-06-11 09:58:45,640.05,1411208
2021-06-11 09:58:45,640.05,1411213
2021-06-11 09:58:46,640.0,1412721
2021-06-11 09:58:47,639.95,1412993
2021-06-11 09:58:48,640.05,1416005
2021-06-11 09:58:49,640.1,1416022
2021-06-11 09:58:51,640.15,1416452
2021-06-11 09:58:51,640.15,1416452
2021-06-11 09:58:53,640.2,1416522
2021-06-11 09:58:54,640.2,1416572
2021-06-11 09:58:54,640.2,1416572
2021-06-11 09:58:55,640.2,1416652
2021-06-11 09:58:56,640.2,1416655
2021-06-11 09:58:57,640.2,1416655
2021-06-11 09:58:58,640.2,1416832
2021-06-11 09:58:59,640.0,1417087
2021-06-11 09:59:01,640.25,1417199
2021-06-11 09:59:02,640.25,1417199
2021-06-11 09:59:02,640.25,1417199
2021-06-11 09:59:03,640.25,1417759
2021-06-11 09:59:04,640.25,1417759
2021-06-11 09:59:05,640.2,1417858
2021-06-11 09:59:06,640.25,1417863
2021-06-11 09:59:07,640.25,1417863
2021-06-11 09:59:08,640.25,1417872
2021-06-11 09:59:09,640.25,1417877
2021-06-11 09:59:10,640.25,1417988
2021-06-11 09:59:12,640.1,1418009
2021-06-11 09:59:13,640.1,1418059
2021-06-11 09:59:13,640.25,1418209
2021-06-11 09:59:14,640.25,1418210
2021-06-11 09:59:15,640.4,1423216
2021-06-11 09:59:16,640.45,1424203
2021-06-11 09:59:17,640.2,1424365
2021-06-11 09:59:19,640.4,1424971
2021-06-11 09:59:20,640.15,1425071
2021-06-11 09:59:21,640.05,1426565
2021-06-11 09:59:21,640.05,1426570
2021-06-11 09:59:22,640.05,1426613
2021-06-11 09:59:23,640.2,1426614
2021-06-11 09:59:24,640.05,1426650
2021-06-11 09:59:26,640.2,1426675
2021-06-11 09:59:27,640.25,1426928
2021-06-11 09:59:27,640.25,1426928
2021-06-11 09:59:28,640.25,1426959
2021-06-11 09:59:29,640.25,1426959
2021-06-11 09:59:30,640.2,1427040
2021-06-11 09:59:32,640.05,1427127
2021-06-11 09:59:33,640.0,1427638
2021-06-11 09:59:34,640.0,1428325
2021-06-11 09:59:34,640.0,1428369
2021-06-11 09:59:35,640.2,1428420
2021-06-11 09:59:36,640.2,1428420
2021-06-11 09:59:37,640.2,1428421
2021-06-11 09:59:39,640.25,1428927
2021-06-11 09:59:40,640.25,1428938
2021-06-11 09:59:41,640.2,1428980
2021-06-11 09:59:41,640.2,1428980
2021-06-11 09:59:42,640.0,1429002
2021-06-11 09:59:43,640.0,1429019
2021-06-11 09:59:44,640.0,1429019
2021-06-11 09:59:46,640.0,1429589
2021-06-11 09:59:47,640.2,1429599
2021-06-11 09:59:47,640.2,1429599
2021-06-11 09:59:48,640.2,1429609
2021-06-11 09:59:49,640.2,1429978
2021-06-11 09:59:50,640.0,1429981
2021-06-11 09:59:52,640.2,1430305
2021-06-11 09:59:53,640.2,1430404
2021-06-11 09:59:53,640.2,1430404
2021-06-11 09:59:54,640.0,1430540
2021-06-11 09:59:55,640.2,1431132
2021-06-11 09:59:57,640.2,1431252
2021-06-11 09:59:58,640.0,1431262
2021-06-11 09:59:59,640.2,1431338
2021-06-11 09:59:59,640.2,1431338
2021-06-11 10:00:00,640.15,1431350
2021-06-11 10:00:01,640.15,1431355
2021-06-11 10:00:02,640.0,1431410
2021-06-11 10:00:03,640.0,1431628
2021-06-11 10:00:04,640.0,1431661
2021-06-11 10:00:06,640.0,1432635
2021-06-11 10:00:07,640.0,1432635
2021-06-11 10:00:07,640.0,1432635
2021-06-11 10:00:08,640.0,1432635
2021-06-11 10:00:09,640.0,1432646
2021-06-11 10:00:10,639.9,1432656
2021-06-11 10:00:11,640.15,1433023
2021-06-11 10:00:13,640.2,1433052
2021-06-11 10:00:14,640.2,1433054
2021-06-11 10:00:15,640.0,1433554
2021-06-11 10:00:16,640.2,1433564
2021-06-11 10:00:17,640.15,1433734
2021-06-11 10:00:18,640.2,1433834
2021-06-11 10:00:19,640.0,1433994
2021-06-11 10:00:21,640.0,1433994
2021-06-11 10:00:22,640.0,1433994
2021-06-11 10:00:22,640.0,1433994
2021-06-11 10:00:23,640.1,1434129
2021-06-11 10:00:24,640.1,1434129
2021-06-11 10:00:25,639.95,1436249
2021-06-11 10:00:26,639.95,1436249
2021-06-11 10:00:28,640.0,1436255
2021-06-11 10:00:29,640.0,1436460
2021-06-11 10:00:29,640.0,1436460
2021-06-11 10:00:30,640.0,1437197
2021-06-11 10:00:31,640.0,1438951
2021-06-11 10:00:32,639.9,1439000
2021-06-11 10:00:33,639.75,1439733
2021-06-11 10:00:34,639.85,1439742
2021-06-11 10:00:35,639.85,1439742
2021-06-11 10:00:37,639.8,1439824
2021-06-11 10:00:38,639.9,1439918
2021-06-11 10:00:39,639.85,1439920
2021-06-11 10:00:39,639.8,1439919
2021-06-11 10:00:41,639.8,1440022
2021-06-11 10:00:42,639.8,1440022
2021-06-11 10:00:43,639.75,1440023
2021-06-11 10:00:44,639.75,1440023
2021-06-11 10:00:46,639.75,1440225
2021-06-11 10:00:47,639.8,1440229
2021-06-11 10:00:48,639.8,1440229
2021-06-11 10:00:48,639.8,1440229
2021-06-11 10:00:49,639.8,1440329
2021-06-11 10:00:50,639.8,1440386
2021-06-11 10:00:51,639.7,1440504
2021-06-11 10:00:53,639.65,1440817
2021-06-11 10:00:54,639.8,1440972
2021-06-11 10:00:55,639.55,1441419
2021-06-11 10:00:55,639.55,1441404
2021-06-11 10:00:56,639.7,1441685
2021-06-11 10:00:57,639.8,1441695
2021-06-11 10:00:58,639.7,1441820
2021-06-11 10:00:59,639.8,1442170
2021-06-11 10:01:00,639.85,1442584
2021-06-11 10:01:01,639.9,1442592
2021-06-11 10:01:03,639.9,1443289
2021-06-11 10:01:04,639.9,1443291
2021-06-11 10:01:05,639.9,1443457
2021-06-11 10:01:05,639.9,1443457
2021-06-11 10:01:06,639.9,1443457
2021-06-11 10:01:07,639.9,1443491
2021-06-11 10:01:08,640.0,1443617
2021-06-11 10:01:10,640.1,1443717
2021-06-11 10:01:11,640.15,1443797
2021-06-11 10:01:12,640.2,1443798
2021-06-11 10:01:12,640.2,1443798
2021-06-11 10:01:13,640.2,1443856
2021-06-11 10:01:14,640.0,1443858
2021-06-11 10:01:15,640.2,1443868
2021-06-11 10:01:17,640.2,1444097
2021-06-11 10:01:18,640.05,1444197
2021-06-11 10:01:19,640.2,1444232
2021-06-11 10:01:19,640.2,1444232
2021-06-11 10:01:20,640.0,1445385
2021-06-11 10:01:21,640.0,1445385
2021-06-11 10:01:22,640.0,1446056
2021-06-11 10:01:24,640.0,1446077
2021-06-11 10:01:25,640.2,1447367
2021-06-11 10:01:26,640.2,1447368
2021-06-11 10:01:27,640.2,1447430
2021-06-11 10:01:28,640.0,1447907
2021-06-11 10:01:28,640.0,1447907
2021-06-11 10:01:29,640.15,1447908
2021-06-11 10:01:30,640.15,1447908
2021-06-11 10:01:31,640.15,1447908
2021-06-11 10:01:32,640.1,1447958
2021-06-11 10:01:33,640.1,1447958
2021-06-11 10:01:34,640.05,1449509
2021-06-11 10:01:35,640.1,1449574
2021-06-11 10:01:37,640.2,1449584
2021-06-11 10:01:38,640.2,1449584
2021-06-11 10:01:39,640.3,1451586
2021-06-11 10:01:40,640.3,1451586
2021-06-11 10:01:40,640.3,1451586
2021-06-11 10:01:41,640.3,1451586
2021-06-11 10:01:43,640.25,1451588
2021-06-11 10:01:44,640.25,1451590
2021-06-11 10:01:45,640.2,1451740
2021-06-11 10:01:46,640.2,1451773
2021-06-11 10:01:46,640.2,1451773
2021-06-11 10:01:47,640.2,1451774
2021-06-11 10:01:49,640.2,1451776
2021-06-11 10:01:50,640.25,1451784
2021-06-11 10:01:51,640.25,1451792
2021-06-11 10:01:52,640.25,1451947
2021-06-11 10:01:53,640.3,1452047
2021-06-11 10:01:54,640.3,1452047
2021-06-11 10:01:54,640.3,1452052
2021-06-11 10:01:55,640.3,1452137
2021-06-11 10:01:56,640.2,1452204
2021-06-11 10:01:58,640.3,1452207
2021-06-11 10:01:59,640.3,1452207
2021-06-11 10:02:00,640.3,1452207
2021-06-11 10:02:01,640.2,1452210
2021-06-11 10:02:01,640.2,1452210
2021-06-11 10:02:02,640.25,1452255
2021-06-11 10:02:04,640.25,1452355
2021-06-11 10:02:05,640.3,1452386
2021-06-11 10:02:06,640.3,1452386
2021-06-11 10:02:06,640.3,1452386
2021-06-11 10:02:07,640.3,1452431
2021-06-11 10:02:09,640.3,1452731
2021-06-11 10:02:10,640.2,1452732
2021-06-11 10:02:11,640.25,1452775
2021-06-11 10:02:12,640.25,1452842
2021-06-11 10:02:12,640.25,1452844
2021-06-11 10:02:13,640.2,1452950
2021-06-11 10:02:16,640.3,1453054
2021-06-11 10:02:17,640.3,1453054
2021-06-11 10:02:17,640.3,1453054
2021-06-11 10:02:18,640.3,1453056
2021-06-11 10:02:20,640.25,1453058
2021-06-11 10:02:21,640.25,1453814
2021-06-11 10:02:22,640.3,1453882
2021-06-11 10:02:23,640.25,1453927
2021-06-11 10:02:24,640.25,1453928
2021-06-11 10:02:26,640.3,1453942
2021-06-11 10:02:27,640.3,1454142
2021-06-11 10:02:28,640.25,1454258
2021-06-11 10:02:29,640.25,1454309
2021-06-11 10:02:29,640.25,1454309
2021-06-11 10:02:30,640.3,1454310
2021-06-11 10:02:31,640.3,1454412
2021-06-11 10:02:33,640.25,1455787
2021-06-11 10:02:34,640.3,1456019
2021-06-11 10:02:35,640.25,1456023
2021-06-11 10:02:36,640.3,1456143
2021-06-11 10:02:36,640.3,1456143
2021-06-11 10:02:37,640.3,1456367
2021-06-11 10:02:39,640.3,1456479
2021-06-11 10:02:40,640.25,1456538
2021-06-11 10:02:41,640.3,1456647
2021-06-11 10:02:42,640.3,1456747
2021-06-11 10:02:44,640.3,1459763
2021-06-11 10:02:45,640.3,1459975
2021-06-11 10:02:48,640.25,1460144
2021-06-11 10:02:49,640.3,1460387
2021-06-11 10:02:50,640.3,1460504
2021-06-11 10:02:51,640.3,1460530
2021-06-11 10:02:51,640.3,1460740
2021-06-11 10:02:53,640.25,1460766
2021-06-11 10:02:54,640.3,1460866
2021-06-11 10:02:55,640.3,1460866
2021-06-11 10:02:56,640.3,1460903
2021-06-11 10:02:57,640.3,1461278
2021-06-11 10:02:58,640.3,1461278
2021-06-11 10:03:00,640.3,1461345
2021-06-11 10:03:01,640.3,1461368
2021-06-11 10:03:02,640.3,1461370
2021-06-11 10:03:03,640.3,1461370
2021-06-11 10:03:04,640.3,1461470
2021-06-11 10:03:05,640.4,1461833
2021-06-11 10:03:06,640.4,1461983
2021-06-11 10:03:07,640.3,1462003
2021-06-11 10:03:08,640.3,1462093
2021-06-11 10:03:09,640.3,1462093
2021-06-11 10:03:10,640.4,1462243
2021-06-11 10:03:11,640.3,1462252
2021-06-11 10:03:14,640.4,1462347
2021-06-11 10:03:15,640.4,1462347
2021-06-11 10:03:16,640.3,1462355
2021-06-11 10:03:17,640.3,1462455
2021-06-11 10:03:18,640.3,1462974
2021-06-11 10:03:19,640.4,1463034
2021-06-11 10:03:19,640.4,1463034
2021-06-11 10:03:21,640.35,1463187
2021-06-11 10:03:22,640.3,1463287
2021-06-11 10:03:23,640.35,1463701
2021-06-11 10:03:24,640.3,1463942
2021-06-11 10:03:25,640.3,1464009
2021-06-11 10:03:26,640.35,1464067
2021-06-11 10:03:26,640.35,1464067
2021-06-11 10:03:28,640.4,1464382
2021-06-11 10:03:29,640.3,1466463
2021-06-11 10:03:30,640.25,1466490
2021-06-11 10:03:31,640.3,1467661
2021-06-11 10:03:32,640.3,1467713
2021-06-11 10:03:33,640.2,1467738
2021-06-11 10:03:33,640.2,1467738
2021-06-11 10:03:35,640.3,1467917
2021-06-11 10:03:36,640.3,1467917
2021-06-11 10:03:37,640.3,1467939
2021-06-11 10:03:38,640.3,1468011
2021-06-11 10:03:39,640.3,1468479
2021-06-11 10:03:40,640.3,1468586
2021-06-11 10:03:41,640.3,1468590
2021-06-11 10:03:41,640.3,1468590
2021-06-11 10:03:43,640.1,1469980
2021-06-11 10:03:44,640.3,1470820
2021-06-11 10:03:45,640.3,1470830
2021-06-11 10:03:47,640.15,1472881
2021-06-11 10:03:46,640.3,1471365
2021-06-11 10:03:47,640.15,1472881
2021-06-11 10:03:49,640.35,1472901
2021-06-11 10:03:50,640.3,1473427
2021-06-11 10:03:51,640.15,1473437
2021-06-11 10:03:52,640.15,1473437
2021-06-11 10:03:54,640.25,1473556
2021-06-11 10:03:55,640.25,1474076
2021-06-11 10:03:56,640.2,1474102
2021-06-11 10:03:56,640.2,1474102
2021-06-11 10:03:59,640.25,1474182
2021-06-11 10:04:00,640.25,1474310
2021-06-11 10:04:01,640.1,1474314
2021-06-11 10:04:02,640.1,1474469
2021-06-11 10:04:03,640.15,1474569
2021-06-11 10:04:03,640.15,1474569
2021-06-11 10:04:05,640.2,1474679
2021-06-11 10:04:06,640.1,1474735
2021-06-11 10:04:07,640.25,1474952
2021-06-11 10:04:08,640.25,1474952
2021-06-11 10:04:09,640.25,1474982
2021-06-11 10:04:09,640.25,1474982
2021-06-11 10:04:11,640.25,1475139
2021-06-11 10:04:12,640.2,1475173
2021-06-11 10:04:13,640.2,1475174
2021-06-11 10:04:14,640.2,1475329
2021-06-11 10:04:15,640.2,1475329
2021-06-11 10:04:16,640.2,1475349
2021-06-11 10:04:17,640.2,1475378
2021-06-11 10:04:18,640.2,1475378
2021-06-11 10:04:19,640.2,1475378
2021-06-11 10:04:19,640.2,1475378
2021-06-11 10:04:20,640.2,1475378
2021-06-11 10:04:22,640.2,1475378
2021-06-11 10:04:23,640.1,1475390
2021-06-11 10:04:24,640.1,1475390
2021-06-11 10:04:25,640.15,1475466
2021-06-11 10:04:26,640.15,1475476
2021-06-11 10:04:26,640.15,1475506
2021-06-11 10:04:27,640.15,1475506
2021-06-11 10:04:28,640.15,1475506
2021-06-11 10:04:29,640.1,1475546
2021-06-11 10:04:31,640.1,1475546
2021-06-11 10:04:32,640.1,1475546
2021-06-11 10:04:33,640.1,1475546
2021-06-11 10:04:34,640.15,1475647
2021-06-11 10:04:35,640.15,1475659
2021-06-11 10:04:36,640.15,1475661
2021-06-11 10:04:37,640.15,1475711
2021-06-11 10:04:38,640.15,1475721
2021-06-11 10:04:39,640.15,1475721
2021-06-11 10:04:40,640.15,1475791
2021-06-11 10:04:41,640.2,1475841
2021-06-11 10:04:42,640.15,1475845
2021-06-11 10:04:43,640.25,1477086
2021-06-11 10:04:43,640.0,1478711
2021-06-11 10:04:45,640.15,1478720
2021-06-11 10:04:46,640.05,1478798
2021-06-11 10:04:47,640.1,1479058
2021-06-11 10:04:48,640.0,1479163
2021-06-11 10:04:49,640.0,1479163
2021-06-11 10:04:50,640.1,1479194
2021-06-11 10:04:51,640.1,1479194
2021-06-11 10:04:52,640.1,1479194
2021-06-11 10:04:53,640.1,1479194
2021-06-11 10:04:55,640.0,1479254
2021-06-11 10:04:56,640.15,1479408
2021-06-11 10:04:57,640.0,1479434
2021-06-11 10:04:58,640.0,1479434
2021-06-11 10:04:59,640.1,1479448
2021-06-11 10:05:00,640.0,1479566
2021-06-11 10:05:01,639.75,1484306
2021-06-11 10:05:02,639.7,1484363
2021-06-11 10:05:03,640.0,1484364
2021-06-11 10:05:04,639.75,1484878
2021-06-11 10:05:05,639.8,1484932
2021-06-11 10:05:06,639.8,1484932
2021-06-11 10:05:07,640.0,1485032
2021-06-11 10:05:08,639.95,1485036
2021-06-11 10:05:09,639.95,1485036
2021-06-11 10:05:11,639.95,1485036
2021-06-11 10:05:12,639.95,1485038
2021-06-11 10:05:13,639.95,1485065
2021-06-11 10:05:14,639.95,1485065
2021-06-11 10:05:15,639.85,1485088
2021-06-11 10:05:16,639.85,1485088
2021-06-11 10:05:17,639.85,1485088
2021-06-11 10:05:18,639.85,1485088
2021-06-11 10:05:19,639.85,1485088
2021-06-11 10:05:20,639.75,1485095
2021-06-11 10:05:21,639.8,1485145
2021-06-11 10:05:23,639.85,1485252
2021-06-11 10:05:22,639.85,1485249
2021-06-11 10:05:24,639.75,1486002
2021-06-11 10:05:25,639.95,1486004
2021-06-11 10:05:26,639.95,1486004
2021-06-11 10:05:27,639.8,1486105
2021-06-11 10:05:28,639.95,1486135
2021-06-11 10:05:29,639.95,1486146
2021-06-11 10:05:30,639.8,1486155
2021-06-11 10:05:31,639.8,1486226
2021-06-11 10:05:32,639.8,1486226
2021-06-11 10:05:33,639.8,1486226
2021-06-11 10:05:34,639.8,1486227
2021-06-11 10:05:35,639.8,1486229
2021-06-11 10:05:37,639.95,1487385
2021-06-11 10:05:38,639.95,1487385
2021-06-11 10:05:39,639.8,1487390
2021-06-11 10:05:40,639.95,1487392
2021-06-11 10:05:41,639.9,1487452
2021-06-11 10:05:42,639.9,1489096
2021-06-11 10:05:43,640.0,1489136
2021-06-11 10:05:44,640.0,1489136
2021-06-11 10:05:45,640.0,1489169
2021-06-11 10:05:46,639.9,1489170
2021-06-11 10:05:47,640.0,1489172
2021-06-11 10:05:48,640.0,1489172
2021-06-11 10:05:49,640.0,1489490
2021-06-11 10:05:50,640.0,1489641
2021-06-11 10:05:51,640.0,1491391
2021-06-11 10:05:52,640.0,1491391
2021-06-11 10:05:53,639.85,1491491
2021-06-11 10:05:54,640.0,1491552
2021-06-11 10:05:55,640.0,1491552
2021-06-11 10:05:56,639.8,1491558
2021-06-11 10:05:57,640.0,1491561
2021-06-11 10:05:59,640.0,1491561
2021-06-11 10:06:00,639.95,1491665
2021-06-11 10:06:01,639.8,1491674
2021-06-11 10:06:02,639.8,1491674
2021-06-11 10:06:03,639.8,1491674
2021-06-11 10:06:04,639.8,1491674
2021-06-11 10:06:05,639.9,1493354
2021-06-11 10:06:06,639.9,1493354
2021-06-11 10:06:07,639.9,1493354
2021-06-11 10:06:08,639.9,1493354
2021-06-11 10:06:09,640.15,1493362
2021-06-11 10:06:10,640.0,1493363
2021-06-11 10:06:11,640.0,1493363
2021-06-11 10:06:12,640.0,1493363
2021-06-11 10:06:13,640.15,1493438
2021-06-11 10:06:14,640.0,1493447
2021-06-11 10:06:15,640.0,1493564
2021-06-11 10:06:16,640.2,1493615
2021-06-11 10:06:17,640.2,1493615
2021-06-11 10:06:19,640.2,1493615
2021-06-11 10:06:18,640.2,1493615
2021-06-11 10:06:20,640.2,1493617
2021-06-11 10:06:21,640.15,1493618
2021-06-11 10:06:22,640.15,1493618
2021-06-11 10:06:23,640.0,1493619
2021-06-11 10:06:24,640.0,1493754
2021-06-11 10:06:25,640.15,1493755
2021-06-11 10:06:26,640.15,1493775
2021-06-11 10:06:28,640.15,1493888
2021-06-11 10:06:29,640.1,1493890
2021-06-11 10:06:30,640.1,1493890
2021-06-11 10:06:31,640.15,1494247
2021-06-11 10:06:32,640.1,1494258
2021-06-11 10:06:33,640.0,1494260
2021-06-11 10:06:34,640.2,1494413
2021-06-11 10:06:35,640.2,1494417
2021-06-11 10:06:36,640.0,1494618
2021-06-11 10:06:37,640.2,1494622
2021-06-11 10:06:38,640.2,1494622
2021-06-11 10:06:39,640.0,1495126
2021-06-11 10:06:40,639.9,1496417
2021-06-11 10:06:41,639.9,1496417
2021-06-11 10:06:42,639.9,1496434
2021-06-11 10:06:43,639.9,1496434
2021-06-11 10:06:44,640.0,1496450
