timestamp,ltp,volume
2021-06-11 09:15:49,805.9,58384
2021-06-11 09:15:55,806.75,65434
2021-06-11 09:16:02,806.2,72601
2021-06-11 09:16:08,806.2,75579
2021-06-11 09:16:14,806.45,78121
2021-06-11 09:16:21,806.75,80677
2021-06-11 09:16:27,807.4,81823
2021-06-11 09:16:33,807.6,82233
2021-06-11 09:16:39,807.9,82626
2021-06-11 09:16:46,808.35,84896
2021-06-11 09:16:52,808.4,85632
2021-06-11 09:16:58,808.4,87141
2021-06-11 09:17:05,809.15,91683
2021-06-11 09:17:11,809.35,96547
2021-06-11 09:17:17,809.3,98132
2021-06-11 09:17:23,809.7,100062
2021-06-11 09:17:30,809.2,107524
2021-06-11 09:17:36,809.2,113170
2021-06-11 09:17:42,809.2,114584
2021-06-11 09:17:48,809.7,117053
2021-06-11 09:17:54,810.2,121482
2021-06-11 09:18:00,810.0,125339
2021-06-11 09:18:07,810.45,127978
2021-06-11 09:18:13,810.45,131570
2021-06-11 09:18:19,809.95,133768
2021-06-11 09:18:25,809.95,135211
2021-06-11 09:18:31,809.65,136353
2021-06-11 09:18:37,809.5,138216
2021-06-11 09:18:44,810.0,140307
2021-06-11 09:18:50,809.8,141239
2021-06-11 09:18:56,810.0,141773
2021-06-11 09:19:02,808.55,148052
2021-06-11 09:19:08,809.25,149880
2021-06-11 09:19:14,809.05,150639
2021-06-11 09:19:20,809.7,151451
2021-06-11 09:19:26,810.0,155943
2021-06-11 09:19:32,809.7,158469
2021-06-11 09:19:43,810.45,161137
2021-06-11 09:19:49,809.75,163105
2021-06-11 09:19:55,810.0,164205
2021-06-11 09:20:01,810.45,164886
2021-06-11 09:20:07,810.5,165768
2021-06-11 09:20:13,810.4,166094
2021-06-11 09:20:25,810.0,169542
2021-06-11 09:20:31,810.35,169997
2021-06-11 09:20:37,809.8,172285
2021-06-11 09:20:43,809.8,173492
2021-06-11 09:20:49,809.85,174092
2021-06-11 09:20:54,809.55,174208
2021-06-11 09:21:00,809.7,175766
2021-06-11 09:21:06,810.0,177407
2021-06-11 09:21:18,809.9,181099
2021-06-11 09:21:23,809.55,181258
2021-06-11 09:21:29,809.9,182290
2021-06-11 09:21:35,810.2,183823
2021-06-11 09:21:41,810.2,184029
2021-06-11 09:21:47,810.2,185380
2021-06-11 09:21:52,810.3,188132
2021-06-11 09:22:04,810.2,191166
2021-06-11 09:22:10,810.15,191277
2021-06-11 09:22:17,810.8,195209
2021-06-11 09:22:22,810.8,201332
2021-06-11 09:22:28,811.5,212493
2021-06-11 09:22:34,812.25,217843
2021-06-11 09:22:40,812.25,226258
2021-06-11 09:22:52,812.0,242373
2021-06-11 09:22:57,812.25,248223
2021-06-11 09:23:03,812.5,252726
2021-06-11 09:23:09,812.5,254451
2021-06-11 09:23:15,812.4,258755
2021-06-11 09:23:20,812.55,260946
2021-06-11 09:23:26,812.9,261840
2021-06-11 09:23:32,812.55,263540
2021-06-11 09:23:38,812.8,265712
2021-06-11 09:23:44,812.85,267127
2021-06-11 09:23:49,813.0,272029
2021-06-11 09:23:55,813.0,275283
2021-06-11 09:24:01,813.25,278698
2021-06-11 09:24:07,813.25,280434
2021-06-11 09:24:13,813.3,282509
2021-06-11 09:24:18,813.3,284697
2021-06-11 09:24:24,813.35,285693
2021-06-11 09:24:30,813.4,289733
2021-06-11 09:24:36,813.75,290340
2021-06-11 09:24:41,813.75,291380
2021-06-11 09:24:47,813.9,293960
2021-06-11 09:24:52,814.2,303582
2021-06-11 09:24:58,814.6,306449
2021-06-11 09:25:03,814.9,311929
2021-06-11 09:25:14,814.65,319324
2021-06-11 09:25:20,815.0,337939
2021-06-11 09:25:26,814.4,344164
2021-06-11 09:25:31,815.0,346273
2021-06-11 09:25:37,815.0,349992
2021-06-11 09:25:42,815.0,352672
2021-06-11 09:25:47,815.0,356759
2021-06-11 09:25:53,814.65,358571
2021-06-11 09:25:58,814.1,359870
2021-06-11 09:26:04,814.1,365122
2021-06-11 09:26:09,813.75,366462
2021-06-11 09:26:15,814.0,367284
2021-06-11 09:26:21,813.0,368319
2021-06-11 09:26:26,813.0,369534
2021-06-11 09:26:32,812.5,372220
2021-06-11 09:26:36,812.85,372910
2021-06-11 09:26:36,812.85,372910
2021-06-11 09:26:37,812.95,373030
2021-06-11 09:26:38,813.0,373143
2021-06-11 09:26:40,812.85,373358
2021-06-11 09:26:40,813.0,373258
2021-06-11 09:26:41,813.0,374605
2021-06-11 09:26:42,813.0,375183
2021-06-11 09:26:43,813.0,375657
2021-06-11 09:26:44,813.0,375657
2021-06-11 09:26:45,813.0,375967
2021-06-11 09:26:46,813.0,375972
2021-06-11 09:26:48,813.3,376024
2021-06-11 09:26:48,813.3,376024
2021-06-11 09:26:50,813.0,376109
2021-06-11 09:26:52,813.0,376241
2021-06-11 09:26:53,813.0,376241
2021-06-11 09:26:54,813.0,376241
2021-06-11 09:26:55,813.05,376246
2021-06-11 09:26:56,813.5,376766
2021-06-11 09:26:57,813.05,376767
2021-06-11 09:26:58,813.3,376812
2021-06-11 09:26:59,813.1,376900
2021-06-11 09:27:01,813.1,376900
2021-06-11 09:27:01,813.1,376900
2021-06-11 09:27:02,813.1,376906
2021-06-11 09:27:03,813.05,377015
2021-06-11 09:27:04,813.1,377022
2021-06-11 09:27:05,813.3,377080
2021-06-11 09:27:06,813.05,377180
2021-06-11 09:27:07,813.0,377587
2021-06-11 09:27:08,813.05,378197
2021-06-11 09:27:09,813.0,378447
2021-06-11 09:27:11,813.1,378448
2021-06-11 09:27:11,813.1,378448
2021-06-11 09:27:12,813.0,378552
2021-06-11 09:27:13,813.1,378567
2021-06-11 09:27:14,813.1,378577
2021-06-11 09:27:15,812.8,379141
2021-06-11 09:27:16,812.8,379141
2021-06-11 09:27:17,812.7,379266
2021-06-11 09:27:18,812.7,379287
2021-06-11 09:27:20,812.6,380309
2021-06-11 09:27:21,812.6,380319
2021-06-11 09:27:22,812.85,380429
2021-06-11 09:27:24,812.6,380454
2021-06-11 09:27:24,812.6,380454
2021-06-11 09:27:28,812.8,380725
2021-06-11 09:27:29,812.5,381584
2021-06-11 09:27:30,812.25,381676
2021-06-11 09:27:31,812.45,381681
2021-06-11 09:27:32,812.25,381697
2021-06-11 09:27:33,812.25,381697
2021-06-11 09:27:35,812.45,382403
2021-06-11 09:27:35,812.45,382403
2021-06-11 09:27:36,812.45,382403
2021-06-11 09:27:37,812.5,382803
2021-06-11 09:27:38,812.0,383333
2021-06-11 09:27:39,812.25,383416
2021-06-11 09:27:40,812.5,383941
2021-06-11 09:27:42,812.05,384742
2021-06-11 09:27:43,812.05,384742
2021-06-11 09:27:44,812.0,385341
2021-06-11 09:27:46,812.1,386153
2021-06-11 09:27:46,812.1,386153
2021-06-11 09:27:47,812.1,386265
2021-06-11 09:27:48,812.0,387150
2021-06-11 09:27:49,812.35,387230
2021-06-11 09:27:50,812.25,387388
2021-06-11 09:27:51,812.0,387598
2021-06-11 09:27:52,812.1,387599
2021-06-11 09:27:53,812.35,387765
2021-06-11 09:27:54,812.0,387815
2021-06-11 09:27:55,812.0,387815
2021-06-11 09:27:56,812.0,387815
2021-06-11 09:27:57,811.8,388445
2021-06-11 09:27:58,811.75,389357
2021-06-11 09:28:00,811.75,389357
2021-06-11 09:28:00,811.75,389357
2021-06-11 09:28:01,811.75,389357
2021-06-11 09:28:02,811.7,389512
2021-06-11 09:28:03,811.7,389694
2021-06-11 09:28:04,811.9,389999
2021-06-11 09:28:05,811.7,390000
2021-06-11 09:28:06,811.9,390100
2021-06-11 09:28:07,811.45,390600
2021-06-11 09:28:08,811.45,390600
2021-06-11 09:28:09,811.45,390600
2021-06-11 09:28:10,811.15,390814
2021-06-11 09:28:12,811.15,390899
2021-06-11 09:28:13,811.0,392159
2021-06-11 09:28:14,811.0,392159
2021-06-11 09:28:15,811.15,392239
2021-06-11 09:28:16,811.15,392249
2021-06-11 09:28:17,811.0,392377
2021-06-11 09:28:18,811.0,392427
2021-06-11 09:28:19,811.0,392652
2021-06-11 09:28:22,811.55,392876
2021-06-11 09:28:22,811.55,392876
2021-06-11 09:28:23,811.0,393777
2021-06-11 09:28:24,811.0,393777
2021-06-11 09:28:25,811.35,393804
2021-06-11 09:28:26,811.4,394036
2021-06-11 09:28:27,811.4,394036
2021-06-11 09:28:28,811.4,394036
2021-06-11 09:28:29,811.4,394036
2021-06-11 09:28:30,811.4,394036
2021-06-11 09:28:32,811.4,394036
2021-06-11 09:28:32,811.4,394036
2021-06-11 09:28:33,811.4,394036
2021-06-11 09:28:34,811.4,394036
2021-06-11 09:28:35,811.4,394036
2021-06-11 09:28:37,811.15,394057
2021-06-11 09:28:38,811.15,394307
2021-06-11 09:28:39,811.0,394369
2021-06-11 09:28:40,811.15,394489
2021-06-11 09:28:40,811.15,394489
2021-06-11 09:28:41,811.15,394499
2021-06-11 09:28:42,811.15,394499
2021-06-11 09:28:43,811.15,394509
2021-06-11 09:28:44,811.15,394509
2021-06-11 09:28:45,811.05,394534
2021-06-11 09:28:46,811.15,394551
2021-06-11 09:28:47,811.05,394587
2021-06-11 09:28:48,811.05,394587
2021-06-11 09:28:50,811.15,394731
2021-06-11 09:28:51,811.1,394912
2021-06-11 09:28:52,812.0,396086
2021-06-11 09:28:53,811.65,396151
2021-06-11 09:28:53,811.85,396251
2021-06-11 09:28:54,811.7,396252
2021-06-11 09:28:55,811.15,396590
2021-06-11 09:28:57,811.7,396597
2021-06-11 09:28:58,811.7,396597
2021-06-11 09:28:58,811.7,396597
2021-06-11 09:28:59,811.7,396597
2021-06-11 09:29:00,811.15,396697
2021-06-11 09:29:01,811.55,396927
2021-06-11 09:29:02,811.55,396927
2021-06-11 09:29:03,811.8,399032
2021-06-11 09:29:04,811.4,399036
2021-06-11 09:29:05,811.7,399047
2021-06-11 09:29:06,811.75,399128
2021-06-11 09:29:07,811.5,399133
2021-06-11 09:29:08,811.5,399133
2021-06-11 09:29:10,811.2,399350
2021-06-11 09:29:11,811.5,399392
2021-06-11 09:29:12,811.2,399413
2021-06-11 09:29:13,811.5,399414
2021-06-11 09:29:13,811.5,399419
2021-06-11 09:29:14,811.5,399419
2021-06-11 09:29:15,811.2,399429
2021-06-11 09:29:16,811.2,399431
2021-06-11 09:29:17,811.5,399538
2021-06-11 09:29:18,811.85,400277
2021-06-11 09:29:19,811.85,400292
2021-06-11 09:29:20,811.85,400304
2021-06-11 09:29:21,811.85,400304
2021-06-11 09:29:23,811.8,400354
2021-06-11 09:29:24,811.8,400354
2021-06-11 09:29:25,811.8,400354
2021-06-11 09:29:26,811.8,400354
2021-06-11 09:29:27,811.5,400541
2021-06-11 09:29:28,811.4,400661
2021-06-11 09:29:28,811.4,400661
2021-06-11 09:29:29,811.4,400661
2021-06-11 09:29:30,811.8,400683
2021-06-11 09:29:31,811.8,400685
2021-06-11 09:29:32,811.8,400776
2021-06-11 09:29:33,811.8,400816
2021-06-11 09:29:34,811.8,400816
2021-06-11 09:29:35,811.5,400836
2021-06-11 09:29:36,811.8,401036
2021-06-11 09:29:37,811.5,401132
2021-06-11 09:29:38,811.4,401232
2021-06-11 09:29:39,811.4,401232
2021-06-11 09:29:40,811.5,401312
2021-06-11 09:29:41,811.8,401422
2021-06-11 09:29:43,811.8,401422
2021-06-11 09:29:44,811.45,401432
2021-06-11 09:29:45,811.4,401438
2021-06-11 09:29:46,811.4,401438
2021-06-11 09:29:47,811.5,401488
2021-06-11 09:29:48,811.5,401488
2021-06-11 09:29:48,811.85,401560
2021-06-11 09:29:51,811.5,401630
2021-06-11 09:29:52,811.5,401641
2021-06-11 09:29:53,811.5,401642
2021-06-11 09:29:54,811.8,401652
2021-06-11 09:29:55,811.8,401652
2021-06-11 09:29:56,811.75,402168
2021-06-11 09:29:57,811.85,402282
2021-06-11 09:29:59,811.85,402312
2021-06-11 09:30:00,811.85,402312
2021-06-11 09:30:01,811.45,402591
2021-06-11 09:30:02,811.45,402596
2021-06-11 09:30:02,811.45,402596
2021-06-11 09:30:03,811.45,402761
2021-06-11 09:30:04,811.7,402861
2021-06-11 09:30:05,811.7,402863
2021-06-11 09:30:06,811.7,403003
2021-06-11 09:30:07,811.75,403053
2021-06-11 09:30:08,811.45,403056
2021-06-11 09:30:09,811.45,403057
2021-06-11 09:30:10,811.7,403107
2021-06-11 09:30:11,811.7,403122
2021-06-11 09:30:12,811.7,403122
2021-06-11 09:30:14,811.5,403272
2021-06-11 09:30:15,811.5,403272
2021-06-11 09:30:16,811.5,403272
2021-06-11 09:30:16,811.5,403272
2021-06-11 09:30:17,811.45,403326
2021-06-11 09:30:18,811.7,403591
2021-06-11 09:30:19,811.7,403591
2021-06-11 09:30:20,811.7,403661
2021-06-11 09:30:21,811.7,403661
2021-06-11 09:30:22,811.7,403661
2021-06-11 09:30:24,811.65,403845
2021-06-11 09:30:23,811.7,403661
2021-06-11 09:30:25,811.65,403845
2021-06-11 09:30:26,811.65,403845
2021-06-11 09:30:27,811.5,403966
2021-06-11 09:30:28,811.5,403966
2021-06-11 09:30:29,811.5,404544
2021-06-11 09:30:30,811.5,404553
2021-06-11 09:30:31,811.4,404573
2021-06-11 09:30:32,811.4,404591
2021-06-11 09:30:33,811.05,405418
2021-06-11 09:30:34,811.3,405563
2021-06-11 09:30:35,811.0,405573
2021-06-11 09:30:36,810.65,407662
2021-06-11 09:30:38,811.05,408046
2021-06-11 09:30:39,810.65,408066
2021-06-11 09:30:39,810.65,408088
2021-06-11 09:30:40,810.1,410531
2021-06-11 09:30:41,810.25,410623
2021-06-11 09:30:42,810.25,410984
2021-06-11 09:30:43,810.1,411083
2021-06-11 09:30:45,810.1,411157
2021-06-11 09:30:46,810.05,411207
2021-06-11 09:30:47,810.05,411316
2021-06-11 09:30:49,810.0,411953
2021-06-11 09:30:49,810.0,411953
2021-06-11 09:30:50,810.05,411958
2021-06-11 09:30:51,810.0,412048
2021-06-11 09:30:52,810.05,412073
2021-06-11 09:30:53,810.0,413040
2021-06-11 09:30:54,810.0,413344
2021-06-11 09:30:55,810.05,413359
2021-06-11 09:30:56,810.0,413595
2021-06-11 09:30:58,810.0,413820
2021-06-11 09:30:59,810.0,413820
2021-06-11 09:31:00,810.1,414344
2021-06-11 09:31:01,810.1,414361
2021-06-11 09:31:02,810.1,415437
2021-06-11 09:31:05,810.75,416178
2021-06-11 09:31:05,810.75,416178
2021-06-11 09:31:06,810.75,416178
2021-06-11 09:31:07,810.25,416473
2021-06-11 09:31:08,810.25,416494
2021-06-11 09:31:09,810.55,416502
2021-06-11 09:31:11,810.5,416512
2021-06-11 09:31:12,810.75,417402
2021-06-11 09:31:13,810.55,417502
2021-06-11 09:31:14,810.55,417567
2021-06-11 09:31:15,810.75,417667
2021-06-11 09:31:16,810.6,417767
2021-06-11 09:31:17,810.35,418133
2021-06-11 09:31:18,810.35,418233
2021-06-11 09:31:19,810.35,418233
2021-06-11 09:31:20,810.65,418403
2021-06-11 09:31:21,810.65,418403
2021-06-11 09:31:23,810.65,418403
2021-06-11 09:31:24,810.3,418505
2021-06-11 09:31:25,810.3,418505
2021-06-11 09:31:26,810.35,418525
2021-06-11 09:31:27,810.6,418566
2021-06-11 09:31:28,810.6,418566
2021-06-11 09:31:28,810.6,418566
2021-06-11 09:31:29,810.6,418567
2021-06-11 09:31:30,810.35,418647
2021-06-11 09:31:31,810.35,418660
2021-06-11 09:31:33,810.6,418688
2021-06-11 09:31:34,810.6,418688
2021-06-11 09:31:35,810.4,418694
2021-06-11 09:31:36,810.6,418702
2021-06-11 09:31:37,810.6,418702
2021-06-11 09:31:37,810.4,419402
2021-06-11 09:31:39,810.4,419402
2021-06-11 09:31:40,810.75,419657
2021-06-11 09:31:41,810.55,419707
2021-06-11 09:31:42,811.0,420718
2021-06-11 09:31:43,811.0,420718
2021-06-11 09:31:44,811.3,420728
2021-06-11 09:31:45,811.3,420738
2021-06-11 09:31:46,811.4,420769
2021-06-11 09:31:47,811.3,420774
2021-06-11 09:31:48,811.4,420804
2021-06-11 09:31:50,811.15,420824
2021-06-11 09:31:51,811.5,421765
2021-06-11 09:31:52,811.5,421765
2021-06-11 09:31:53,811.5,421778
2021-06-11 09:31:55,811.7,421942
2021-06-11 09:31:56,811.5,422258
2021-06-11 09:31:57,811.5,422258
2021-06-11 09:31:58,811.5,422258
2021-06-11 09:31:59,811.5,422258
2021-06-11 09:32:00,811.5,422258
2021-06-11 09:32:02,811.7,422408
2021-06-11 09:32:03,811.7,422408
2021-06-11 09:32:04,811.7,422408
2021-06-11 09:32:05,811.7,422408
2021-06-11 09:32:06,811.45,422638
2021-06-11 09:32:06,811.45,422628
2021-06-11 09:32:08,811.45,422658
2021-06-11 09:32:09,812.0,423658
2021-06-11 09:32:10,812.0,423708
2021-06-11 09:32:11,812.0,423828
2021-06-11 09:32:12,812.0,423828
2021-06-11 09:32:13,812.0,423828
2021-06-11 09:32:14,811.7,423853
2021-06-11 09:32:15,811.7,423853
2021-06-11 09:32:16,811.7,423879
2021-06-11 09:32:17,811.85,424049
2021-06-11 09:32:18,811.85,424049
2021-06-11 09:32:19,811.75,424052
2021-06-11 09:32:20,812.0,424054
2021-06-11 09:32:21,812.0,424054
2021-06-11 09:32:22,812.0,424054
2021-06-11 09:32:23,812.0,424154
2021-06-11 09:32:24,812.0,424254
2021-06-11 09:32:25,812.0,424444
2021-06-11 09:32:25,811.8,424434
2021-06-11 09:32:26,811.8,424656
2021-06-11 09:32:27,811.7,424929
2021-06-11 09:32:29,811.75,425111
2021-06-11 09:32:30,811.75,425111
2021-06-11 09:32:31,811.95,425141
2021-06-11 09:32:32,812.0,425161
2021-06-11 09:32:33,812.0,425261
2021-06-11 09:32:34,812.0,425264
2021-06-11 09:32:35,812.0,425264
2021-06-11 09:32:36,812.0,425288
2021-06-11 09:32:37,812.0,425289
2021-06-11 09:32:38,812.0,425289
2021-06-11 09:32:38,812.0,425389
2021-06-11 09:32:39,812.0,425419
2021-06-11 09:32:40,812.0,425419
2021-06-11 09:32:41,812.0,425419
2021-06-11 09:32:42,812.0,425422
2021-06-11 09:32:43,811.8,425441
2021-06-11 09:32:44,811.8,425441
2021-06-11 09:32:45,811.8,425441
2021-06-11 09:32:46,811.8,425581
2021-06-11 09:32:47,812.0,425621
2021-06-11 09:32:48,812.0,425634
2021-06-11 09:32:49,811.8,425654
2021-06-11 09:32:54,812.0,425704
2021-06-11 09:32:54,812.0,425704
2021-06-11 09:32:55,812.0,425739
2021-06-11 09:32:56,812.0,425765
2021-06-11 09:32:58,812.0,425776
2021-06-11 09:32:59,812.05,427258
2021-06-11 09:33:00,812.05,427262
2021-06-11 09:33:01,812.05,427312
2021-06-11 09:33:02,812.05,427357
2021-06-11 09:33:03,812.05,427413
2021-06-11 09:33:04,812.35,427613
2021-06-11 09:33:05,812.35,427656
2021-06-11 09:33:06,812.1,427676
2021-06-11 09:33:07,812.1,427676
2021-06-11 09:33:08,812.1,427676
2021-06-11 09:33:09,812.1,427693
2021-06-11 09:33:09,812.2,427703
2021-06-11 09:33:10,812.35,427723
2021-06-11 09:33:12,812.2,427823
2021-06-11 09:33:13,812.2,427823
2021-06-11 09:33:14,812.2,428033
2021-06-11 09:33:15,812.35,428164
2021-06-11 09:33:16,812.35,428169
2021-06-11 09:33:17,812.35,428278
2021-06-11 09:33:18,812.35,428295
2021-06-11 09:33:19,812.45,428407
2021-06-11 09:33:20,812.5,428845
2021-06-11 09:33:21,812.5,428845
2021-06-11 09:33:21,812.5,428845
2021-06-11 09:33:23,812.45,429778
2021-06-11 09:33:23,812.6,429828
2021-06-11 09:33:25,812.6,429998
2021-06-11 09:33:26,812.45,430008
2021-06-11 09:33:27,812.45,430008
2021-06-11 09:33:28,812.45,430011
2021-06-11 09:33:29,812.6,430041
2021-06-11 09:33:30,812.6,430362
2021-06-11 09:33:31,812.6,430387
2021-06-11 09:33:32,812.5,430613
2021-06-11 09:33:33,812.45,431113
2021-06-11 09:33:34,812.5,432331
2021-06-11 09:33:34,812.5,432331
2021-06-11 09:33:35,812.5,432356
2021-06-11 09:33:36,812.5,432356
2021-06-11 09:33:37,812.5,432358
2021-06-11 09:33:38,812.5,432408
2021-06-11 09:33:40,812.4,432996
2021-06-11 09:33:41,812.45,433111
2021-06-11 09:33:42,812.5,433191
2021-06-11 09:33:43,812.5,433248
2021-06-11 09:33:43,812.5,433331
2021-06-11 09:33:44,812.5,433429
2021-06-11 09:33:45,812.5,433429
2021-06-11 09:33:46,812.5,433490
2021-06-11 09:33:48,812.5,433592
2021-06-11 09:33:48,812.5,433592
2021-06-11 09:33:49,812.5,433752
2021-06-11 09:33:50,812.5,433752
2021-06-11 09:33:51,812.5,433802
2021-06-11 09:33:52,812.35,433882
2021-06-11 09:33:53,812.35,433882
2021-06-11 09:33:54,812.35,433882
2021-06-11 09:33:55,812.35,433892
2021-06-11 09:33:57,812.35,434022
2021-06-11 09:33:58,812.5,434222
2021-06-11 09:33:59,812.25,434627
2021-06-11 09:34:00,812.45,434727
2021-06-11 09:34:01,812.45,434737
2021-06-11 09:34:02,812.45,434737
2021-06-11 09:34:03,812.45,434737
2021-06-11 09:34:04,812.3,434752
2021-06-11 09:34:05,812.45,435752
2021-06-11 09:34:06,812.4,435772
2021-06-11 09:34:07,812.0,436140
2021-06-11 09:34:08,811.8,437380
2021-06-11 09:34:09,811.75,437430
2021-06-11 09:34:10,811.75,437430
2021-06-11 09:34:11,811.8,437461
2021-06-11 09:34:11,811.8,437461
2021-06-11 09:34:13,811.8,437461
2021-06-11 09:34:14,812.05,437465
2021-06-11 09:34:15,811.9,437865
2021-06-11 09:34:16,811.9,438150
2021-06-11 09:34:17,812.15,438160
2021-06-11 09:34:18,812.15,438210
2021-06-11 09:34:19,812.15,438211
2021-06-11 09:34:20,812.15,438211
2021-06-11 09:34:22,812.1,438221
2021-06-11 09:34:21,812.15,438211
2021-06-11 09:34:23,812.1,438232
2021-06-11 09:34:25,811.9,438338
2021-06-11 09:34:24,812.2,438278
2021-06-11 09:34:26,811.9,438340
2021-06-11 09:34:27,812.1,438386
2021-06-11 09:34:27,812.1,438386
2021-06-11 09:34:28,812.1,438386
2021-06-11 09:34:29,812.1,438386
2021-06-11 09:34:30,812.0,438649
2021-06-11 09:34:32,812.3,438650
2021-06-11 09:34:32,812.45,438652
2021-06-11 09:34:33,812.3,438692
2021-06-11 09:34:34,812.45,438697
2021-06-11 09:34:35,812.35,439377
2021-06-11 09:34:36,812.45,439606
2021-06-11 09:34:37,812.45,439633
2021-06-11 09:34:39,812.8,439643
2021-06-11 09:34:40,812.5,439663
2021-06-11 09:34:42,812.5,439663
2021-06-11 09:34:43,812.5,439663
2021-06-11 09:34:44,812.8,439668
2021-06-11 09:34:45,812.8,439706
2021-06-11 09:34:46,812.8,439706
2021-06-11 09:34:47,812.8,439710
2021-06-11 09:34:48,812.5,439715
2021-06-11 09:34:49,812.8,439740
2021-06-11 09:34:50,812.8,439754
2021-06-11 09:34:51,812.8,439754
2021-06-11 09:34:52,812.8,439760
2021-06-11 09:34:53,812.8,439770
2021-06-11 09:34:54,812.8,439790
2021-06-11 09:34:55,812.8,439877
2021-06-11 09:34:56,812.8,440010
2021-06-11 09:34:57,812.8,440085
2021-06-11 09:34:58,812.8,440185
2021-06-11 09:34:59,812.8,440185
2021-06-11 09:35:01,812.6,440206
2021-06-11 09:35:02,812.8,440256
2021-06-11 09:35:03,812.6,440276
2021-06-11 09:35:04,812.6,440551
2021-06-11 09:35:05,812.8,440569
2021-06-11 09:35:06,812.8,441277
2021-06-11 09:35:07,812.8,441277
2021-06-11 09:35:08,812.6,441295
2021-06-11 09:35:09,812.6,441305
2021-06-11 09:35:10,812.6,441305
2021-06-11 09:35:11,812.6,441305
2021-06-11 09:35:12,812.6,441305
2021-06-11 09:35:13,812.6,441305
2021-06-11 09:35:14,812.6,441305
2021-06-11 09:35:15,812.8,441530
2021-06-11 09:35:16,812.6,441652
2021-06-11 09:35:17,812.8,441671
2021-06-11 09:35:18,812.8,441671
2021-06-11 09:35:19,812.8,441671
2021-06-11 09:35:20,812.8,441821
2021-06-11 09:35:21,812.9,442153
2021-06-11 09:35:22,812.9,442153
2021-06-11 09:35:25,812.8,442163
2021-06-11 09:35:26,812.8,442213
2021-06-11 09:35:28,812.8,442213
2021-06-11 09:35:29,812.8,442256
2021-06-11 09:35:30,812.75,442442
2021-06-11 09:35:31,812.75,442442
2021-06-11 09:35:32,812.75,442442
2021-06-11 09:35:33,812.8,442464
2021-06-11 09:35:34,812.9,442471
2021-06-11 09:35:36,812.9,442770
2021-06-11 09:35:37,812.85,442772
2021-06-11 09:35:38,812.9,442811
2021-06-11 09:35:39,812.85,443071
2021-06-11 09:35:40,812.9,443321
2021-06-11 09:35:41,812.85,443541
2021-06-11 09:35:42,812.85,443541
2021-06-11 09:35:43,812.95,443807
2021-06-11 09:35:44,812.95,443872
2021-06-11 09:35:45,812.95,443872
2021-06-11 09:35:46,812.95,443887
2021-06-11 09:35:47,812.95,443887
2021-06-11 09:35:48,812.95,443912
2021-06-11 09:35:49,812.95,443912
2021-06-11 09:35:50,812.95,443912
2021-06-11 09:35:51,812.95,443923
2021-06-11 09:35:52,812.95,443978
2021-06-11 09:35:53,812.95,443988
2021-06-11 09:35:54,812.95,443988
2021-06-11 09:35:55,812.95,443996
2021-06-11 09:35:56,812.85,444052
2021-06-11 09:35:57,812.95,444053
2021-06-11 09:35:58,812.9,444632
2021-06-11 09:36:00,812.75,444838
2021-06-11 09:36:01,812.9,444858
2021-06-11 09:36:02,812.9,444858
2021-06-11 09:36:03,812.8,444863
2021-06-11 09:36:04,812.8,444863
2021-06-11 09:36:05,812.75,445015
2021-06-11 09:36:06,812.75,445015
2021-06-11 09:36:07,812.75,445015
2021-06-11 09:36:08,812.75,445015
2021-06-11 09:36:09,812.8,445092
2021-06-11 09:36:11,813.0,445298
2021-06-11 09:36:10,812.95,445112
2021-06-11 09:36:12,813.0,445572
2021-06-11 09:36:13,812.75,445673
2021-06-11 09:36:14,813.0,445703
2021-06-11 09:36:15,813.0,445728
2021-06-11 09:36:16,813.0,445728
2021-06-11 09:36:17,812.85,445885
2021-06-11 09:36:18,812.95,445888
2021-06-11 09:36:19,812.85,446315
2021-06-11 09:36:20,813.0,446331
2021-06-11 09:36:21,813.0,446339
2021-06-11 09:36:22,812.75,446405
2021-06-11 09:36:23,812.75,446405
2021-06-11 09:36:24,812.75,446422
2021-06-11 09:36:25,812.75,446457
2021-06-11 09:36:26,812.6,446811
2021-06-11 09:36:27,812.85,446992
2021-06-11 09:36:28,812.5,447142
2021-06-11 09:36:29,812.8,447192
2021-06-11 09:36:30,812.8,447242
2021-06-11 09:36:31,812.5,447393
2021-06-11 09:36:32,812.75,448403
2021-06-11 09:36:33,812.5,448533
2021-06-11 09:36:34,812.2,448653
2021-06-11 09:36:35,812.5,448654
2021-06-11 09:36:36,812.5,448678
2021-06-11 09:36:37,812.3,448788
2021-06-11 09:36:38,812.3,449253
2021-06-11 09:36:39,812.65,449278
2021-06-11 09:36:40,812.65,449333
2021-06-11 09:36:41,812.65,449333
2021-06-11 09:36:42,812.65,449380
2021-06-11 09:36:44,812.6,449757
2021-06-11 09:36:43,812.2,449727
2021-06-11 09:36:45,812.35,449775
2021-06-11 09:36:46,812.65,450064
2021-06-11 09:36:47,812.6,450065
2021-06-11 09:36:48,812.6,450079
2021-06-11 09:36:49,812.6,450079
2021-06-11 09:36:50,812.6,450217
2021-06-11 09:36:51,812.3,450317
2021-06-11 09:36:52,812.3,450317
2021-06-11 09:36:53,812.3,450317
2021-06-11 09:36:54,812.25,450392
2021-06-11 09:36:55,812.25,450392
2021-06-11 09:36:56,812.25,450392
2021-06-11 09:36:57,812.25,450392
2021-06-11 09:36:58,812.2,450402
2021-06-11 09:36:59,812.25,450528
2021-06-11 09:37:00,812.1,453700
2021-06-11 09:37:01,812.4,453740
2021-06-11 09:37:02,812.4,453740
2021-06-11 09:37:03,812.3,453773
2021-06-11 09:37:04,812.6,453808
2021-06-11 09:37:05,812.6,453809
2021-06-11 09:37:06,812.3,453864
2021-06-11 09:37:07,812.3,453864
2021-06-11 09:37:08,812.3,453864
2021-06-11 09:37:09,812.6,453964
2021-06-11 09:37:10,812.6,453964
2021-06-11 09:37:11,812.3,453981
2021-06-11 09:37:12,812.3,453993
2021-06-11 09:37:13,812.3,454059
2021-06-11 09:37:14,812.3,454259
2021-06-11 09:37:16,812.3,454259
2021-06-11 09:37:16,812.2,454263
2021-06-11 09:37:18,812.25,454454
2021-06-11 09:37:20,812.25,454454
2021-06-11 09:37:20,812.25,454454
2021-06-11 09:37:21,812.85,455678
2021-06-11 09:37:22,812.75,455728
2021-06-11 09:37:23,812.95,455733
2021-06-11 09:37:25,812.95,455733
2021-06-11 09:37:25,812.95,455733
2021-06-11 09:37:26,812.75,455783
2021-06-11 09:37:28,812.95,455883
2021-06-11 09:37:28,812.75,455904
2021-06-11 09:37:29,812.75,455904
2021-06-11 09:37:30,812.95,455941
2021-06-11 09:37:31,813.45,462469
2021-06-11 09:37:32,813.5,462639
2021-06-11 09:37:33,813.5,462714
2021-06-11 09:37:34,813.5,462714
2021-06-11 09:37:35,813.2,462715
2021-06-11 09:37:36,813.2,462715
2021-06-11 09:37:37,813.2,462715
2021-06-11 09:37:39,813.2,463560
2021-06-11 09:37:41,813.25,463644
2021-06-11 09:37:42,813.25,463719
2021-06-11 09:37:43,813.4,463737
2021-06-11 09:37:44,813.6,463757
2021-06-11 09:37:45,813.5,463778
2021-06-11 09:37:46,813.55,463904
2021-06-11 09:37:47,813.25,463974
2021-06-11 09:37:48,813.5,463999
2021-06-11 09:37:49,813.5,463999
2021-06-11 09:37:50,813.5,463999
2021-06-11 09:37:52,813.25,464026
2021-06-11 09:37:52,813.25,464149
2021-06-11 09:37:53,813.25,464186
2021-06-11 09:37:54,813.5,465314
2021-06-11 09:37:55,813.25,465315
2021-06-11 09:37:56,813.25,465333
2021-06-11 09:37:57,813.25,465383
2021-06-11 09:37:58,813.25,465383
2021-06-11 09:37:59,813.5,465527
2021-06-11 09:38:00,813.3,465872
2021-06-11 09:38:01,813.35,465882
2021-06-11 09:38:02,813.8,466612
2021-06-11 09:38:03,813.5,466749
2021-06-11 09:38:04,813.5,466784
2021-06-11 09:38:05,813.45,466892
2021-06-11 09:38:06,813.5,466903
2021-06-11 09:38:07,813.25,467437
2021-06-11 09:38:08,813.5,467438
2021-06-11 09:38:09,813.5,467561
2021-06-11 09:38:10,813.9,468356
2021-06-11 09:38:11,813.9,468356
2021-06-11 09:38:13,813.9,468386
2021-06-11 09:38:14,813.9,468386
2021-06-11 09:38:15,813.9,468386
2021-06-11 09:38:16,813.9,468386
2021-06-11 09:38:17,813.85,468406
2021-06-11 09:38:18,813.85,468406
2021-06-11 09:38:19,814.0,469506
2021-06-11 09:38:20,813.55,469591
2021-06-11 09:38:21,814.0,469720
2021-06-11 09:38:22,813.9,469724
2021-06-11 09:38:23,813.85,469770
2021-06-11 09:38:24,814.0,471339
2021-06-11 09:38:25,813.8,471465
2021-06-11 09:38:26,813.8,471465
2021-06-11 09:38:27,813.8,471465
2021-06-11 09:38:28,813.6,471475
2021-06-11 09:38:29,813.8,471480
2021-06-11 09:38:30,813.8,472607
2021-06-11 09:38:31,813.85,472715
2021-06-11 09:38:32,813.55,473487
2021-06-11 09:38:33,813.85,473493
2021-06-11 09:38:34,814.0,473641
2021-06-11 09:38:35,813.9,473642
2021-06-11 09:38:36,813.95,475262
2021-06-11 09:38:37,813.95,475262
2021-06-11 09:38:38,813.8,476286
2021-06-11 09:38:39,813.8,476286
2021-06-11 09:38:40,813.8,476286
2021-06-11 09:38:41,813.55,476292
2021-06-11 09:38:42,813.8,476359
2021-06-11 09:38:43,813.85,476469
2021-06-11 09:38:44,813.9,476550
2021-06-11 09:38:45,813.85,476922
2021-06-11 09:38:47,813.85,477317
2021-06-11 09:38:48,813.55,477527
2021-06-11 09:38:49,813.25,478703
2021-06-11 09:38:50,813.45,479620
2021-06-11 09:38:51,813.45,479620
2021-06-11 09:38:52,813.35,479740
2021-06-11 09:38:53,813.35,479740
2021-06-11 09:38:54,813.35,479740
2021-06-11 09:38:55,813.5,479745
2021-06-11 09:38:56,813.5,479856
2021-06-11 09:38:57,813.4,479896
2021-06-11 09:38:58,813.4,479896
2021-06-11 09:38:59,813.5,479922
2021-06-11 09:39:00,813.8,480272
2021-06-11 09:39:01,813.8,480272
2021-06-11 09:39:02,813.8,480272
2021-06-11 09:39:03,813.8,480272
2021-06-11 09:39:04,813.8,480272
2021-06-11 09:39:05,813.8,480272
2021-06-11 09:39:06,813.8,480272
2021-06-11 09:39:07,813.75,480274
2021-06-11 09:39:08,813.75,480295
2021-06-11 09:39:09,813.75,480316
2021-06-11 09:39:11,813.55,480323
2021-06-11 09:39:12,813.55,480323
2021-06-11 09:39:12,813.65,480359
2021-06-11 09:39:13,813.45,480409
2021-06-11 09:39:14,813.45,480409
2021-06-11 09:39:15,813.45,480409
2021-06-11 09:39:16,813.65,480434
2021-06-11 09:39:17,813.55,480468
2021-06-11 09:39:18,813.55,480482
2021-06-11 09:39:19,813.25,480982
2021-06-11 09:39:20,813.2,481768
2021-06-11 09:39:21,813.2,481768
2021-06-11 09:39:22,813.1,481791
2021-06-11 09:39:23,813.1,481918
2021-06-11 09:39:24,813.1,483398
2021-06-11 09:39:25,813.1,483448
2021-06-11 09:39:26,813.1,483448
2021-06-11 09:39:28,813.1,483448
2021-06-11 09:39:27,813.1,483448
2021-06-11 09:39:29,813.0,483518
2021-06-11 09:39:30,813.0,483518
2021-06-11 09:39:31,813.2,483522
2021-06-11 09:39:32,813.2,483546
2021-06-11 09:39:33,813.2,483546
2021-06-11 09:39:34,813.1,483547
2021-06-11 09:39:35,813.35,483847
2021-06-11 09:39:37,813.1,483932
2021-06-11 09:39:38,813.35,484558
2021-06-11 09:39:39,813.35,484558
2021-06-11 09:39:39,813.4,484568
2021-06-11 09:39:41,813.4,484568
2021-06-11 09:39:42,813.4,484568
2021-06-11 09:39:44,813.4,484568
2021-06-11 09:39:45,813.4,484568
2021-06-11 09:39:46,813.4,484568
2021-06-11 09:39:46,813.4,484568
2021-06-11 09:39:47,813.45,484644
2021-06-11 09:39:48,813.75,485018
2021-06-11 09:39:50,813.8,485085
2021-06-11 09:39:51,813.55,485090
2021-06-11 09:39:52,813.5,485611
2021-06-11 09:39:53,813.5,485763
2021-06-11 09:39:54,813.8,485788
2021-06-11 09:39:55,813.8,485788
2021-06-11 09:39:56,813.5,485823
2021-06-11 09:39:57,813.5,485823
2021-06-11 09:39:58,813.8,485828
2021-06-11 09:39:59,813.5,485878
2021-06-11 09:40:00,813.8,486203
2021-06-11 09:40:02,813.95,487203
2021-06-11 09:40:03,813.95,487203
2021-06-11 09:40:04,813.5,487218
2021-06-11 09:40:04,813.8,487318
2021-06-11 09:40:06,813.5,487328
2021-06-11 09:40:06,813.8,487378
2021-06-11 09:40:07,813.8,487378
2021-06-11 09:40:08,813.5,487425
2021-06-11 09:40:09,813.5,487472
2021-06-11 09:40:10,813.5,487571
2021-06-11 09:40:13,813.5,489429
2021-06-11 09:40:12,813.5,489429
2021-06-11 09:40:14,813.7,489454
2021-06-11 09:40:15,813.7,489516
2021-06-11 09:40:16,813.65,489517
2021-06-11 09:40:17,813.5,489797
2021-06-11 09:40:18,813.5,489797
2021-06-11 09:40:19,813.4,489837
2021-06-11 09:40:21,813.4,489837
2021-06-11 09:40:21,813.45,489839
2021-06-11 09:40:23,813.45,489937
2021-06-11 09:40:24,813.4,489987
2021-06-11 09:40:24,813.4,489998
2021-06-11 09:40:25,813.05,490974
2021-06-11 09:40:27,813.7,491980
2021-06-11 09:40:27,813.7,491980
2021-06-11 09:40:28,813.45,492080
2021-06-11 09:40:29,813.5,492180
2021-06-11 09:40:30,813.6,492525
2021-06-11 09:40:31,813.05,493510
2021-06-11 09:40:33,813.15,493515
2021-06-11 09:40:34,813.15,493615
2021-06-11 09:40:35,813.15,493615
2021-06-11 09:40:36,813.1,493616
2021-06-11 09:40:37,813.1,493617
2021-06-11 09:40:37,813.0,493917
2021-06-11 09:40:39,812.95,495932
2021-06-11 09:40:41,813.15,496732
2021-06-11 09:40:43,813.0,496937
2021-06-11 09:40:43,813.35,497432
2021-06-11 09:40:45,813.35,497432
2021-06-11 09:40:45,813.25,497434
2021-06-11 09:40:46,813.25,497434
2021-06-11 09:40:47,812.95,497459
2021-06-11 09:40:49,812.95,497481
2021-06-11 09:40:49,812.95,497548
2021-06-11 09:40:51,813.0,497842
2021-06-11 09:40:51,813.0,497842
2021-06-11 09:40:54,813.0,498001
2021-06-11 09:40:55,812.95,498086
2021-06-11 09:40:56,813.15,498116
2021-06-11 09:40:57,813.15,498117
2021-06-11 09:40:58,813.15,498197
2021-06-11 09:40:59,813.15,498227
2021-06-11 09:40:59,813.15,498227
2021-06-11 09:41:00,813.15,498227
2021-06-11 09:41:01,813.15,498327
2021-06-11 09:41:02,813.15,498427
2021-06-11 09:41:03,813.25,498608
2021-06-11 09:41:04,813.15,498613
2021-06-11 09:41:05,813.25,498643
2021-06-11 09:41:06,813.2,498846
2021-06-11 09:41:07,813.15,498912
2021-06-11 09:41:08,813.15,498912
2021-06-11 09:41:09,813.0,499113
2021-06-11 09:41:10,813.0,499113
2021-06-11 09:41:11,813.0,499113
2021-06-11 09:41:12,813.0,499138
2021-06-11 09:41:13,812.95,499338
2021-06-11 09:41:14,813.15,499378
2021-06-11 09:41:16,813.0,499401
2021-06-11 09:41:17,813.2,499462
2021-06-11 09:41:18,813.2,499464
2021-06-11 09:41:19,813.0,499474
2021-06-11 09:41:20,813.1,501694
2021-06-11 09:41:21,813.1,501709
2021-06-11 09:41:22,813.1,501709
2021-06-11 09:41:23,813.2,501760
2021-06-11 09:41:23,813.2,501760
2021-06-11 09:41:24,813.0,501785
2021-06-11 09:41:26,813.0,501795
2021-06-11 09:41:27,812.95,502295
2021-06-11 09:41:28,812.95,502295
2021-06-11 09:41:29,812.95,502316
2021-06-11 09:41:30,812.95,502316
2021-06-11 09:41:31,813.3,504717
2021-06-11 09:41:33,813.2,505952
2021-06-11 09:41:34,813.3,506082
2021-06-11 09:41:35,813.3,506082
2021-06-11 09:41:36,813.15,506128
2021-06-11 09:41:37,813.15,506128
2021-06-11 09:41:38,813.0,506134
2021-06-11 09:41:38,813.0,506189
2021-06-11 09:41:40,813.0,506189
2021-06-11 09:41:41,813.0,506189
2021-06-11 09:41:41,812.95,506239
2021-06-11 09:41:42,812.95,506239
2021-06-11 09:41:43,813.15,506280
2021-06-11 09:41:44,813.15,506280
2021-06-11 09:41:45,813.25,506330
2021-06-11 09:41:46,813.25,506390
2021-06-11 09:41:48,813.35,506789
2021-06-11 09:41:49,813.25,506799
2021-06-11 09:41:50,813.25,506799
2021-06-11 09:41:51,813.25,506811
2021-06-11 09:41:52,813.5,508389
2021-06-11 09:41:53,813.5,508389
2021-06-11 09:41:54,813.7,508439
2021-06-11 09:41:55,813.4,508484
2021-06-11 09:41:56,813.75,508634
2021-06-11 09:41:56,813.75,508634
2021-06-11 09:41:57,813.75,508634
2021-06-11 09:41:58,813.4,508636
2021-06-11 09:41:59,813.75,508843
2021-06-11 09:42:00,813.75,508843
2021-06-11 09:42:01,813.3,509343
2021-06-11 09:42:02,813.8,509843
2021-06-11 09:42:03,813.8,509868
2021-06-11 09:42:04,813.75,509888
2021-06-11 09:42:05,813.2,510888
2021-06-11 09:42:06,813.25,510895
2021-06-11 09:42:08,813.75,511396
2021-06-11 09:42:09,813.75,511406
2021-06-11 09:42:09,813.75,511406
2021-06-11 09:42:11,813.75,511406
2021-06-11 09:42:12,813.2,511748
2021-06-11 09:42:13,813.5,511773
2021-06-11 09:42:14,813.5,511773
2021-06-11 09:42:15,813.15,511793
2021-06-11 09:42:16,813.15,511793
2021-06-11 09:42:16,813.15,511803
2021-06-11 09:42:17,813.15,511803
2021-06-11 09:42:19,813.15,511803
2021-06-11 09:42:20,813.15,511803
2021-06-11 09:42:20,813.1,511810
2021-06-11 09:42:21,813.4,511895
2021-06-11 09:42:22,813.4,511945
2021-06-11 09:42:23,813.4,511945
2021-06-11 09:42:25,813.4,512037
2021-06-11 09:42:26,813.25,512067
2021-06-11 09:42:27,813.25,512071
2021-06-11 09:42:28,813.25,512071
2021-06-11 09:42:29,813.25,512071
2021-06-11 09:42:30,813.45,512704
2021-06-11 09:42:31,813.25,512754
2021-06-11 09:42:32,813.6,513018
2021-06-11 09:42:33,813.6,513028
2021-06-11 09:42:34,813.15,513099
2021-06-11 09:42:35,813.25,513299
2021-06-11 09:42:36,813.25,513336
2021-06-11 09:42:37,813.15,513473
2021-06-11 09:42:38,813.65,513748
2021-06-11 09:42:39,813.7,514048
2021-06-11 09:42:40,813.7,514048
2021-06-11 09:42:41,813.7,514048
2021-06-11 09:42:42,813.4,514098
2021-06-11 09:42:42,813.4,514098
2021-06-11 09:42:43,813.4,514098
2021-06-11 09:42:44,813.15,514102
2021-06-11 09:42:45,813.4,514151
2021-06-11 09:42:46,813.4,514176
2021-06-11 09:42:47,813.25,514178
2021-06-11 09:42:48,813.25,514178
2021-06-11 09:42:49,813.25,514178
2021-06-11 09:42:50,813.2,514203
2021-06-11 09:42:51,813.2,514203
2021-06-11 09:42:52,813.2,514222
2021-06-11 09:42:54,813.25,514312
2021-06-11 09:42:55,813.2,514317
2021-06-11 09:42:56,813.2,514317
2021-06-11 09:42:57,813.4,514427
2021-06-11 09:42:58,813.25,514443
2021-06-11 09:42:59,813.25,514768
2021-06-11 09:43:00,813.25,514827
2021-06-11 09:43:01,813.6,515327
2021-06-11 09:43:02,813.6,515327
2021-06-11 09:43:03,813.6,515327
2021-06-11 09:43:04,813.25,515328
2021-06-11 09:43:05,813.25,515328
2021-06-11 09:43:06,813.25,515343
2021-06-11 09:43:06,813.25,515328
2021-06-11 09:43:08,813.35,515676
2021-06-11 09:43:08,813.35,515676
2021-06-11 09:43:09,813.25,515704
2021-06-11 09:43:11,813.25,515704
2021-06-11 09:43:12,813.25,515704
2021-06-11 09:43:13,813.25,515704
2021-06-11 09:43:14,813.25,515739
2021-06-11 09:43:15,813.15,515972
2021-06-11 09:43:16,812.9,516899
2021-06-11 09:43:17,812.9,516899
2021-06-11 09:43:18,812.9,516899
2021-06-11 09:43:19,812.9,516899
2021-06-11 09:43:20,812.9,516899
2021-06-11 09:43:21,812.9,516899
2021-06-11 09:43:22,813.15,516929
2021-06-11 09:43:23,813.15,516959
2021-06-11 09:43:24,812.85,517059
2021-06-11 09:43:25,812.9,517127
2021-06-11 09:43:26,812.9,517127
2021-06-11 09:43:27,813.2,517167
2021-06-11 09:43:28,813.25,517168
2021-06-11 09:43:29,813.25,517168
2021-06-11 09:43:30,813.2,517169
2021-06-11 09:43:31,813.2,517169
2021-06-11 09:43:31,813.2,517172
2021-06-11 09:43:33,813.05,517272
2021-06-11 09:43:34,813.05,517272
2021-06-11 09:43:35,813.05,517297
2021-06-11 09:43:36,813.2,517308
2021-06-11 09:43:37,813.2,517308
2021-06-11 09:43:38,812.95,517461
2021-06-11 09:43:39,812.95,517696
2021-06-11 09:43:40,812.95,517696
2021-06-11 09:43:41,812.95,517998
2021-06-11 09:43:42,812.95,518048
2021-06-11 09:43:43,812.95,518096
2021-06-11 09:43:44,812.95,518357
2021-06-11 09:43:45,812.95,518357
2021-06-11 09:43:46,812.95,518357
2021-06-11 09:43:47,812.95,518357
2021-06-11 09:43:48,813.0,518406
2021-06-11 09:43:49,813.0,518416
2021-06-11 09:43:50,813.0,518416
2021-06-11 09:43:51,813.15,518510
2021-06-11 09:43:52,813.0,518610
2021-06-11 09:43:53,813.0,518766
2021-06-11 09:43:54,813.0,518795
2021-06-11 09:43:55,813.15,518895
2021-06-11 09:43:57,813.0,519023
2021-06-11 09:43:58,813.0,519068
2021-06-11 09:43:59,813.0,519068
2021-06-11 09:44:00,813.0,519078
2021-06-11 09:44:01,813.0,519119
2021-06-11 09:44:02,813.0,519119
2021-06-11 09:44:03,813.0,519236
2021-06-11 09:44:04,813.15,519316
2021-06-11 09:44:05,813.15,519316
2021-06-11 09:44:06,813.0,519483
2021-06-11 09:44:07,813.0,519484
2021-06-11 09:44:08,813.0,519531
2021-06-11 09:44:09,813.15,519549
2021-06-11 09:44:10,813.2,519686
2021-06-11 09:44:11,813.0,519716
2021-06-11 09:44:12,813.3,519951
2021-06-11 09:44:13,813.0,520168
2021-06-11 09:44:14,813.3,520200
2021-06-11 09:44:15,813.3,520200
2021-06-11 09:44:16,812.95,520209
2021-06-11 09:44:17,812.95,520214
2021-06-11 09:44:18,813.4,521194
2021-06-11 09:44:18,813.4,521194
2021-06-11 09:44:20,813.15,521247
2021-06-11 09:44:21,813.25,521248
2021-06-11 09:44:22,813.7,522898
2021-06-11 09:44:23,813.7,522898
2021-06-11 09:44:24,813.4,522943
2021-06-11 09:44:25,813.95,525947
2021-06-11 09:44:26,813.6,525996
2021-06-11 09:44:27,813.6,525996
2021-06-11 09:44:28,813.85,526035
2021-06-11 09:44:29,813.85,526035
2021-06-11 09:44:30,813.85,526045
2021-06-11 09:44:31,813.85,526045
2021-06-11 09:44:32,813.7,526049
2021-06-11 09:44:33,813.7,526055
2021-06-11 09:44:34,813.7,526055
2021-06-11 09:44:35,813.7,526055
2021-06-11 09:44:36,813.7,526212
2021-06-11 09:44:37,813.7,526212
2021-06-11 09:44:38,813.85,526362
2021-06-11 09:44:39,813.6,526549
2021-06-11 09:44:40,813.6,526667
2021-06-11 09:44:41,813.55,526845
2021-06-11 09:44:42,813.55,526845
2021-06-11 09:44:43,813.2,526982
2021-06-11 09:44:44,813.2,526982
2021-06-11 09:44:45,813.55,526986
2021-06-11 09:44:46,813.55,526997
2021-06-11 09:44:47,813.2,527097
2021-06-11 09:44:48,813.2,527115
2021-06-11 09:44:49,813.2,527130
2021-06-11 09:44:49,813.2,527130
2021-06-11 09:44:50,813.2,527140
2021-06-11 09:44:52,813.5,527191
2021-06-11 09:44:52,813.2,527140
2021-06-11 09:44:53,813.5,527236
2021-06-11 09:44:54,813.5,527236
2021-06-11 09:44:55,813.5,527236
2021-06-11 09:44:56,813.4,527602
2021-06-11 09:44:57,813.2,527806
2021-06-11 09:44:58,813.2,527970
2021-06-11 09:45:00,813.1,528410
2021-06-11 09:45:02,813.0,528411
2021-06-11 09:45:03,813.0,528466
2021-06-11 09:45:04,813.0,528476
2021-06-11 09:45:05,812.75,528767
2021-06-11 09:45:06,813.0,528931
2021-06-11 09:45:07,812.95,528951
2021-06-11 09:45:07,812.95,528951
2021-06-11 09:45:09,812.5,529051
2021-06-11 09:45:10,812.5,529073
2021-06-11 09:45:11,812.9,529078
2021-06-11 09:45:12,812.5,529098
2021-06-11 09:45:13,812.5,529113
2021-06-11 09:45:14,812.5,529113
2021-06-11 09:45:15,812.5,529118
2021-06-11 09:45:16,812.75,529135
2021-06-11 09:45:17,812.5,529235
2021-06-11 09:45:18,812.75,529530
2021-06-11 09:45:19,812.75,529530
2021-06-11 09:45:20,812.5,529795
2021-06-11 09:45:21,812.5,529895
2021-06-11 09:45:22,812.8,530095
2021-06-11 09:45:23,812.8,530095
2021-06-11 09:45:23,812.8,530095
2021-06-11 09:45:24,812.5,530135
2021-06-11 09:45:25,812.8,530335
2021-06-11 09:45:26,812.75,530466
2021-06-11 09:45:28,812.85,530539
2021-06-11 09:45:29,812.85,530539
2021-06-11 09:45:30,812.85,530595
2021-06-11 09:45:32,812.75,530739
2021-06-11 09:45:33,812.75,530739
2021-06-11 09:45:34,812.5,530777
2021-06-11 09:45:35,812.5,530777
2021-06-11 09:45:36,812.5,530892
2021-06-11 09:45:37,812.5,532289
2021-06-11 09:45:38,812.5,532576
2021-06-11 09:45:39,812.5,532676
2021-06-11 09:45:40,812.2,532726
2021-06-11 09:45:41,812.2,532726
2021-06-11 09:45:42,812.5,532784
2021-06-11 09:45:43,812.5,532784
2021-06-11 09:45:44,812.2,532794
2021-06-11 09:45:45,812.5,532895
2021-06-11 09:45:46,812.5,532896
2021-06-11 09:45:47,812.5,532956
2021-06-11 09:45:48,812.5,532956
2021-06-11 09:45:49,812.5,532956
2021-06-11 09:45:50,812.5,532972
2021-06-11 09:45:51,812.0,533149
2021-06-11 09:45:52,812.0,533184
2021-06-11 09:45:53,812.0,533184
2021-06-11 09:45:54,812.0,533217
2021-06-11 09:45:55,812.0,533227
2021-06-11 09:45:56,812.0,533227
2021-06-11 09:45:57,812.35,533264
2021-06-11 09:45:58,812.05,533269
2021-06-11 09:45:59,812.35,533297
2021-06-11 09:46:00,812.35,533422
2021-06-11 09:46:01,812.5,533667
2021-06-11 09:46:02,812.5,533667
2021-06-11 09:46:03,812.5,533667
2021-06-11 09:46:04,812.5,533668
2021-06-11 09:46:05,812.5,533668
2021-06-11 09:46:06,812.5,533684
2021-06-11 09:46:07,812.2,533724
2021-06-11 09:46:08,812.5,533739
2021-06-11 09:46:09,812.5,534674
2021-06-11 09:46:10,812.5,535708
2021-06-11 09:46:11,812.5,535862
2021-06-11 09:46:12,812.5,535862
2021-06-11 09:46:13,812.5,535862
2021-06-11 09:46:14,812.85,536083
2021-06-11 09:46:15,812.85,536083
2021-06-11 09:46:16,812.85,536083
2021-06-11 09:46:17,812.85,536083
2021-06-11 09:46:19,812.55,536283
2021-06-11 09:46:20,812.55,536283
2021-06-11 09:46:21,812.85,536593
2021-06-11 09:46:22,812.5,536793
2021-06-11 09:46:23,812.85,536809
2021-06-11 09:46:24,812.85,536809
2021-06-11 09:46:25,812.4,536873
2021-06-11 09:46:26,812.75,536903
2021-06-11 09:46:27,812.75,536903
2021-06-11 09:46:28,812.75,536903
2021-06-11 09:46:29,812.75,536903
2021-06-11 09:46:30,812.55,537003
2021-06-11 09:46:31,812.55,537003
2021-06-11 09:46:32,812.55,537003
2021-06-11 09:46:33,812.75,537083
2021-06-11 09:46:34,812.55,537104
2021-06-11 09:46:35,812.55,537104
2021-06-11 09:46:36,812.7,537121
2021-06-11 09:46:37,812.55,537141
2021-06-11 09:46:38,812.55,537197
2021-06-11 09:46:39,812.55,537197
2021-06-11 09:46:40,812.55,537197
2021-06-11 09:46:42,812.7,537239
2021-06-11 09:46:43,812.7,537239
2021-06-11 09:46:44,812.7,537248
2021-06-11 09:46:45,812.5,537298
2021-06-11 09:46:46,812.7,537414
2021-06-11 09:46:47,812.5,537487
2021-06-11 09:46:48,812.4,537637
2021-06-11 09:46:49,812.5,538223
2021-06-11 09:46:50,812.45,538248
2021-06-11 09:46:51,812.45,538248
2021-06-11 09:46:52,812.7,538638
2021-06-11 09:46:53,812.7,538638
2021-06-11 09:46:54,812.7,538698
2021-06-11 09:46:55,812.35,538827
2021-06-11 09:46:56,812.7,538854
2021-06-11 09:46:57,812.7,538854
2021-06-11 09:46:58,812.75,538974
2021-06-11 09:46:59,812.75,538974
2021-06-11 09:47:00,812.4,538976
2021-06-11 09:47:01,812.75,538992
2021-06-11 09:47:02,812.75,538992
2021-06-11 09:47:03,812.7,538993
2021-06-11 09:47:04,812.35,539443
2021-06-11 09:47:05,812.9,539460
2021-06-11 09:47:06,812.9,539460
2021-06-11 09:47:07,812.9,539460
2021-06-11 09:47:08,812.7,539471
2021-06-11 09:47:09,812.95,539472
2021-06-11 09:47:10,812.7,539482
2021-06-11 09:47:11,812.4,539941
2021-06-11 09:47:12,812.9,539994
2021-06-11 09:47:13,812.85,539999
2021-06-11 09:47:14,812.2,542681
2021-06-11 09:47:15,812.5,542702
2021-06-11 09:47:16,812.5,542702
2021-06-11 09:47:17,812.5,542702
2021-06-11 09:47:18,812.5,542702
2021-06-11 09:47:19,812.55,542718
2021-06-11 09:47:20,812.55,542723
2021-06-11 09:47:21,812.6,542905
2021-06-11 09:47:22,812.8,542922
2021-06-11 09:47:23,812.8,542922
2021-06-11 09:47:24,812.8,542922
2021-06-11 09:47:25,812.8,542922
2021-06-11 09:47:26,812.8,542922
2021-06-11 09:47:27,812.45,543038
2021-06-11 09:47:28,812.85,543104
2021-06-11 09:47:29,812.65,543255
2021-06-11 09:47:30,812.85,543271
2021-06-11 09:47:31,812.85,543271
2021-06-11 09:47:32,812.85,543288
2021-06-11 09:47:33,812.85,543288
2021-06-11 09:47:34,813.0,544295
2021-06-11 09:47:35,812.75,544495
2021-06-11 09:47:36,812.75,544495
2021-06-11 09:47:37,813.2,546211
2021-06-11 09:47:38,813.2,546211
2021-06-11 09:47:39,813.2,546211
2021-06-11 09:47:40,813.05,546298
2021-06-11 09:47:41,813.5,547300
2021-06-11 09:47:42,813.2,547665
2021-06-11 09:47:43,813.2,547665
2021-06-11 09:47:44,813.2,547665
2021-06-11 09:47:45,813.9,550250
2021-06-11 09:47:46,813.9,550250
2021-06-11 09:47:47,813.5,550311
2021-06-11 09:47:48,813.5,550311
2021-06-11 09:47:49,813.5,550311
2021-06-11 09:47:51,813.85,550344
2021-06-11 09:47:52,813.8,550544
2021-06-11 09:47:53,813.95,553552
2021-06-11 09:47:53,813.95,553552
2021-06-11 09:47:54,813.95,553552
2021-06-11 09:47:55,813.9,553554
2021-06-11 09:47:56,813.9,553556
2021-06-11 09:47:57,813.85,554565
2021-06-11 09:47:58,814.0,554766
2021-06-11 09:47:59,814.0,554870
2021-06-11 09:48:00,814.0,554870
2021-06-11 09:48:01,813.8,555071
2021-06-11 09:48:03,813.85,555371
2021-06-11 09:48:04,813.8,555460
2021-06-11 09:48:04,813.75,555613
2021-06-11 09:48:06,813.7,555793
2021-06-11 09:48:06,813.7,555793
2021-06-11 09:48:07,813.7,555793
2021-06-11 09:48:08,813.5,556166
2021-06-11 09:48:09,813.6,557543
2021-06-11 09:48:10,813.5,557672
2021-06-11 09:48:11,813.5,557672
2021-06-11 09:48:12,813.5,557672
2021-06-11 09:48:13,813.45,557749
2021-06-11 09:48:14,813.25,557965
2021-06-11 09:48:15,813.25,558015
2021-06-11 09:48:17,813.6,558132
2021-06-11 09:48:18,813.6,558132
2021-06-11 09:48:19,813.4,558232
2021-06-11 09:48:20,813.4,558232
2021-06-11 09:48:21,813.7,558249
2021-06-11 09:48:22,813.5,558261
2021-06-11 09:48:24,813.6,558311
2021-06-11 09:48:25,813.6,558311
2021-06-11 09:48:26,813.6,558311
2021-06-11 09:48:27,813.5,558431
2021-06-11 09:48:27,813.5,558436
2021-06-11 09:48:28,813.5,558586
2021-06-11 09:48:29,813.5,558586
2021-06-11 09:48:30,813.5,558586
2021-06-11 09:48:31,813.6,558783
2021-06-11 09:48:32,813.6,558783
2021-06-11 09:48:33,813.6,558783
2021-06-11 09:48:34,813.5,558899
2021-06-11 09:48:35,813.5,558899
2021-06-11 09:48:36,813.5,558899
2021-06-11 09:48:37,813.4,558975
2021-06-11 09:48:38,813.4,559010
2021-06-11 09:48:39,813.4,559010
2021-06-11 09:48:40,813.5,559012
2021-06-11 09:48:41,813.4,559030
2021-06-11 09:48:42,813.5,559201
2021-06-11 09:48:43,813.5,559321
2021-06-11 09:48:44,813.5,559521
2021-06-11 09:48:45,813.5,559521
2021-06-11 09:48:46,813.5,559523
2021-06-11 09:48:47,813.6,559589
2021-06-11 09:48:48,813.5,559599
2021-06-11 09:48:49,813.4,559687
2021-06-11 09:48:50,813.25,559759
2021-06-11 09:48:51,813.45,559809
2021-06-11 09:48:52,813.45,559809
2021-06-11 09:48:53,813.45,559809
2021-06-11 09:48:54,813.45,559809
2021-06-11 09:48:55,813.45,559876
2021-06-11 09:48:56,813.45,559876
2021-06-11 09:48:58,813.25,559894
2021-06-11 09:48:58,813.25,559894
2021-06-11 09:48:59,813.45,559934
2021-06-11 09:49:00,813.45,559934
2021-06-11 09:49:01,813.45,559934
2021-06-11 09:49:02,813.45,559934
2021-06-11 09:49:03,813.45,559934
2021-06-11 09:49:04,813.45,559934
2021-06-11 09:49:05,813.5,560264
2021-06-11 09:49:06,813.45,560764
2021-06-11 09:49:07,813.45,560764
2021-06-11 09:49:08,813.45,560764
2021-06-11 09:49:09,813.5,560784
2021-06-11 09:49:10,813.05,560950
2021-06-11 09:49:11,813.45,560960
2021-06-11 09:49:12,813.45,560960
2021-06-11 09:49:13,813.45,560960
2021-06-11 09:49:14,813.45,560960
2021-06-11 09:49:15,813.45,560960
2021-06-11 09:49:16,813.45,561060
2021-06-11 09:49:17,813.15,561176
2021-06-11 09:49:18,813.25,561186
2021-06-11 09:49:19,813.15,561191
2021-06-11 09:49:20,813.15,561191
2021-06-11 09:49:21,813.15,561191
2021-06-11 09:49:22,813.15,561191
2021-06-11 09:49:23,813.15,561591
2021-06-11 09:49:24,813.15,561591
2021-06-11 09:49:25,813.15,561591
2021-06-11 09:49:26,813.1,561592
2021-06-11 09:49:27,813.1,561610
2021-06-11 09:49:29,813.15,561611
2021-06-11 09:49:31,813.1,561666
2021-06-11 09:49:32,813.1,561666
2021-06-11 09:49:32,813.15,561741
2021-06-11 09:49:33,813.1,561785
2021-06-11 09:49:34,813.15,561795
2021-06-11 09:49:35,813.35,561862
2021-06-11 09:49:36,813.35,561862
2021-06-11 09:49:37,813.1,561863
2021-06-11 09:49:38,813.1,561863
2021-06-11 09:49:40,813.15,561870
2021-06-11 09:49:40,813.1,561885
2021-06-11 09:49:42,813.1,561907
2021-06-11 09:49:44,813.15,561914
2021-06-11 09:49:45,813.15,561924
2021-06-11 09:49:45,813.15,561924
2021-06-11 09:49:46,813.5,563051
2021-06-11 09:49:47,813.25,563091
2021-06-11 09:49:48,813.25,563091
2021-06-11 09:49:49,813.2,563203
2021-06-11 09:49:50,813.8,564449
2021-06-11 09:49:51,813.8,564466
2021-06-11 09:49:52,813.8,564466
2021-06-11 09:49:53,813.8,564466
2021-06-11 09:49:54,813.8,564466
2021-06-11 09:49:55,813.4,564506
2021-06-11 09:49:56,813.8,564526
2021-06-11 09:49:58,813.8,564526
2021-06-11 09:50:00,813.85,564735
2021-06-11 09:49:59,813.8,564526
2021-06-11 09:50:00,813.8,564739
2021-06-11 09:50:02,813.8,564856
2021-06-11 09:50:02,813.8,564856
2021-06-11 09:50:03,813.8,564856
2021-06-11 09:50:04,813.55,564866
2021-06-11 09:50:05,813.55,564867
2021-06-11 09:50:07,813.85,564933
2021-06-11 09:50:08,813.85,564933
2021-06-11 09:50:09,813.55,565033
2021-06-11 09:50:10,813.55,565033
2021-06-11 09:50:11,813.55,565033
2021-06-11 09:50:12,813.55,565054
2021-06-11 09:50:13,813.55,565211
2021-06-11 09:50:14,813.9,565531
2021-06-11 09:50:15,813.9,565531
2021-06-11 09:50:16,813.9,565531
2021-06-11 09:50:17,813.9,565531
2021-06-11 09:50:19,813.8,565535
2021-06-11 09:50:20,813.8,565535
2021-06-11 09:50:21,813.8,565535
2021-06-11 09:50:22,813.8,565560
2021-06-11 09:50:23,813.8,565560
2021-06-11 09:50:24,813.8,565560
2021-06-11 09:50:25,813.8,565565
2021-06-11 09:50:26,813.8,565565
2021-06-11 09:50:27,813.8,565665
2021-06-11 09:50:28,813.8,565666
2021-06-11 09:50:29,813.8,565666
2021-06-11 09:50:30,813.8,565666
2021-06-11 09:50:31,813.7,565961
2021-06-11 09:50:32,813.6,566091
2021-06-11 09:50:33,813.6,566192
2021-06-11 09:50:34,813.6,566222
2021-06-11 09:50:36,813.9,566227
2021-06-11 09:50:38,813.9,566227
2021-06-11 09:50:39,813.9,566277
2021-06-11 09:50:40,813.9,566318
2021-06-11 09:50:41,813.6,566319
2021-06-11 09:50:42,813.6,566319
2021-06-11 09:50:43,813.6,566319
2021-06-11 09:50:44,813.6,566426
2021-06-11 09:50:44,813.85,566447
2021-06-11 09:50:45,813.6,566623
2021-06-11 09:50:46,813.6,566623
2021-06-11 09:50:47,813.6,566623
2021-06-11 09:50:48,813.6,566623
2021-06-11 09:50:49,813.85,566648
2021-06-11 09:50:50,813.9,566798
2021-06-11 09:50:51,813.85,566873
2021-06-11 09:50:52,813.9,566875
2021-06-11 09:50:53,813.9,566875
2021-06-11 09:50:54,813.85,567035
2021-06-11 09:50:55,813.85,567111
2021-06-11 09:50:56,813.85,567126
2021-06-11 09:50:57,813.9,567350
2021-06-11 09:50:58,813.85,567409
2021-06-11 09:50:59,813.95,567461
2021-06-11 09:51:00,814.0,574023
2021-06-11 09:51:01,814.0,574172
2021-06-11 09:51:02,814.0,574172
2021-06-11 09:51:03,814.0,574172
2021-06-11 09:51:04,814.0,574172
2021-06-11 09:51:06,814.0,574222
2021-06-11 09:51:07,814.0,574237
2021-06-11 09:51:08,814.15,574760
2021-06-11 09:51:09,814.0,574778
2021-06-11 09:51:10,814.35,574997
2021-06-11 09:51:11,814.3,575168
2021-06-11 09:51:12,814.1,575304
2021-06-11 09:51:13,814.15,575344
2021-06-11 09:51:14,814.25,575387
2021-06-11 09:51:15,814.25,575457
2021-06-11 09:51:16,814.25,575458
2021-06-11 09:51:17,814.0,575508
2021-06-11 09:51:18,814.0,575644
2021-06-11 09:51:19,814.25,575669
2021-06-11 09:51:20,814.3,575674
2021-06-11 09:51:21,814.3,575674
2021-06-11 09:51:22,814.25,575687
2021-06-11 09:51:23,814.0,575691
2021-06-11 09:51:24,814.25,575744
2021-06-11 09:51:25,814.25,575779
2021-06-11 09:51:26,814.25,575779
2021-06-11 09:51:27,814.25,575794
2021-06-11 09:51:28,814.0,575802
2021-06-11 09:51:29,814.1,575803
2021-06-11 09:51:31,814.1,575803
2021-06-11 09:51:32,814.25,576673
2021-06-11 09:51:33,814.25,576673
2021-06-11 09:51:34,814.25,579274
2021-06-11 09:51:34,814.25,579274
2021-06-11 09:51:35,814.1,579279
2021-06-11 09:51:37,813.95,579384
2021-06-11 09:51:37,813.95,579384
2021-06-11 09:51:40,814.0,579608
2021-06-11 09:51:41,814.0,579884
2021-06-11 09:51:43,813.5,581079
2021-06-11 09:51:44,814.0,581329
2021-06-11 09:51:45,814.0,581329
2021-06-11 09:51:46,814.0,581329
2021-06-11 09:51:47,814.0,581329
2021-06-11 09:51:48,813.5,581371
2021-06-11 09:51:49,813.5,581371
2021-06-11 09:51:50,813.5,581371
2021-06-11 09:51:51,813.45,581483
2021-06-11 09:51:52,813.45,581503
2021-06-11 09:51:54,813.45,581503
2021-06-11 09:51:54,813.65,581623
2021-06-11 09:51:55,813.65,581628
2021-06-11 09:51:56,813.65,581628
2021-06-11 09:51:57,813.95,581658
2021-06-11 09:51:59,813.95,581658
2021-06-11 09:52:00,813.6,581693
2021-06-11 09:52:01,813.95,581696
2021-06-11 09:52:02,813.6,581746
2021-06-11 09:52:03,813.6,581746
2021-06-11 09:52:04,814.0,582446
2021-06-11 09:52:05,814.0,582461
2021-06-11 09:52:06,813.65,582464
2021-06-11 09:52:07,813.65,582464
2021-06-11 09:52:08,813.65,582464
2021-06-11 09:52:09,814.0,582465
2021-06-11 09:52:10,814.0,582465
2021-06-11 09:52:11,814.0,582465
2021-06-11 09:52:12,813.65,582473
2021-06-11 09:52:13,813.5,582969
2021-06-11 09:52:15,813.95,583269
2021-06-11 09:52:16,813.95,583269
2021-06-11 09:52:17,813.9,583319
2021-06-11 09:52:18,813.95,583520
2021-06-11 09:52:19,813.95,583520
2021-06-11 09:52:20,813.95,583520
2021-06-11 09:52:21,813.95,583520
2021-06-11 09:52:22,813.65,583540
2021-06-11 09:52:23,814.05,583890
2021-06-11 09:52:24,814.05,583890
2021-06-11 09:52:25,814.05,583890
2021-06-11 09:52:25,814.05,583890
2021-06-11 09:52:26,814.0,583990
2021-06-11 09:52:28,814.0,583990
2021-06-11 09:52:29,813.5,584280
2021-06-11 09:52:30,813.5,584280
2021-06-11 09:52:31,813.85,584318
2021-06-11 09:52:32,813.85,584318
2021-06-11 09:52:33,813.8,584320
2021-06-11 09:52:34,813.8,584320
2021-06-11 09:52:35,814.0,585070
2021-06-11 09:52:36,814.0,585100
2021-06-11 09:52:36,814.0,585100
2021-06-11 09:52:38,813.65,585104
2021-06-11 09:52:39,813.55,585204
2021-06-11 09:52:40,813.55,585204
2021-06-11 09:52:42,813.95,585205
2021-06-11 09:52:43,813.65,585265
2021-06-11 09:52:44,813.65,585265
2021-06-11 09:52:45,813.55,585349
2021-06-11 09:52:45,813.55,585349
2021-06-11 09:52:46,813.6,585391
2021-06-11 09:52:48,813.55,585466
2021-06-11 09:52:50,813.55,585466
2021-06-11 09:52:52,814.0,585567
2021-06-11 09:52:53,814.0,585567
2021-06-11 09:52:54,813.6,585737
2021-06-11 09:52:54,813.6,585737
2021-06-11 09:52:55,813.6,585737
2021-06-11 09:52:56,814.0,585747
2021-06-11 09:52:57,814.0,585758
2021-06-11 09:52:59,813.6,585762
2021-06-11 09:53:00,813.6,585762
2021-06-11 09:53:01,814.0,585962
2021-06-11 09:53:01,813.6,586162
2021-06-11 09:53:03,813.6,586162
2021-06-11 09:53:03,814.0,586191
2021-06-11 09:53:05,814.0,586253
2021-06-11 09:53:06,814.0,586253
2021-06-11 09:53:07,813.65,586258
2021-06-11 09:53:07,813.65,586258
2021-06-11 09:53:08,813.65,586301
2021-06-11 09:53:09,814.0,586316
2021-06-11 09:53:10,814.0,586316
2021-06-11 09:53:11,814.0,586366
2021-06-11 09:53:13,814.0,587107
2021-06-11 09:53:14,814.0,587127
2021-06-11 09:53:15,813.75,587447
2021-06-11 09:53:16,813.65,587468
2021-06-11 09:53:17,814.0,588268
2021-06-11 09:53:18,814.0,588268
2021-06-11 09:53:19,814.0,588268
2021-06-11 09:53:21,813.65,588298
2021-06-11 09:53:23,813.65,588298
2021-06-11 09:53:24,813.65,588298
2021-06-11 09:53:25,813.65,588298
2021-06-11 09:53:26,813.65,588348
2021-06-11 09:53:27,813.6,588578
2021-06-11 09:53:28,813.65,588579
2021-06-11 09:53:29,813.65,588606
2021-06-11 09:53:30,813.65,588607
2021-06-11 09:53:31,813.6,588629
2021-06-11 09:53:31,813.65,588630
2021-06-11 09:53:32,813.65,588844
2021-06-11 09:53:33,813.65,588854
2021-06-11 09:53:34,813.95,588856
2021-06-11 09:53:36,813.9,588859
2021-06-11 09:53:36,813.9,588860
2021-06-11 09:53:38,813.9,588863
2021-06-11 09:53:39,813.9,588875
2021-06-11 09:53:40,813.9,588876
2021-06-11 09:53:41,813.9,588878
2021-06-11 09:53:42,813.9,589181
2021-06-11 09:53:42,813.7,589204
2021-06-11 09:53:43,813.7,589224
2021-06-11 09:53:44,813.7,589224
2021-06-11 09:53:45,813.9,589324
2021-06-11 09:53:46,813.7,589364
2021-06-11 09:53:47,813.7,589364
2021-06-11 09:53:48,813.9,589464
2021-06-11 09:53:50,813.7,589466
2021-06-11 09:53:50,813.9,589546
2021-06-11 09:53:52,813.7,589633
2021-06-11 09:53:53,813.7,589633
2021-06-11 09:53:53,813.7,589640
2021-06-11 09:53:54,813.7,589640
2021-06-11 09:53:55,813.9,589660
2021-06-11 09:53:56,813.7,589710
2021-06-11 09:53:57,813.95,589740
2021-06-11 09:53:58,813.95,589740
2021-06-11 09:53:59,813.95,589740
2021-06-11 09:54:00,813.95,589740
2021-06-11 09:54:01,813.95,589785
2021-06-11 09:54:02,813.95,589785
2021-06-11 09:54:03,813.95,589785
2021-06-11 09:54:05,813.95,589785
2021-06-11 09:54:06,813.95,589810
2021-06-11 09:54:07,813.7,589890
2021-06-11 09:54:08,813.7,589890
2021-06-11 09:54:09,813.7,589890
2021-06-11 09:54:10,813.7,589890
2021-06-11 09:54:10,813.7,589890
2021-06-11 09:54:11,813.7,589890
2021-06-11 09:54:12,813.8,590233
2021-06-11 09:54:14,813.95,590243
2021-06-11 09:54:14,813.8,590273
2021-06-11 09:54:15,813.9,596358
2021-06-11 09:54:17,813.7,597164
2021-06-11 09:54:18,813.9,597249
2021-06-11 09:54:19,814.05,597449
2021-06-11 09:54:20,813.7,598536
2021-06-11 09:54:21,813.7,598841
2021-06-11 09:54:21,813.7,599073
2021-06-11 09:54:22,813.9,599173
2021-06-11 09:54:23,813.9,599178
2021-06-11 09:54:25,813.9,599246
2021-06-11 09:54:26,813.7,599247
2021-06-11 09:54:26,813.7,599247
2021-06-11 09:54:28,813.7,599927
2021-06-11 09:54:29,813.8,600960
2021-06-11 09:54:30,813.9,600962
2021-06-11 09:54:30,813.9,600967
2021-06-11 09:54:32,813.9,600967
2021-06-11 09:54:34,813.7,601051
2021-06-11 09:54:35,813.9,601053
2021-06-11 09:54:36,813.9,601253
2021-06-11 09:54:37,813.7,601255
2021-06-11 09:54:37,813.7,601255
2021-06-11 09:54:39,813.7,601255
2021-06-11 09:54:40,813.7,601660
2021-06-11 09:54:41,813.7,601665
2021-06-11 09:54:42,813.65,602215
2021-06-11 09:54:42,813.7,601665
2021-06-11 09:54:43,813.7,602218
2021-06-11 09:54:44,813.7,602218
2021-06-11 09:54:45,813.85,602273
2021-06-11 09:54:46,813.7,605787
2021-06-11 09:54:47,813.7,605787
2021-06-11 09:54:48,813.7,605787
2021-06-11 09:54:50,813.7,605787
2021-06-11 09:54:51,813.7,605787
2021-06-11 09:54:52,813.6,605788
2021-06-11 09:54:53,813.6,605788
2021-06-11 09:54:54,813.6,605788
2021-06-11 09:54:55,813.6,605788
2021-06-11 09:54:56,813.05,605809
2021-06-11 09:54:57,813.05,605809
2021-06-11 09:54:58,813.05,605809
2021-06-11 09:54:59,813.4,605814
2021-06-11 09:55:00,813.4,605814
2021-06-11 09:55:01,813.4,605814
2021-06-11 09:55:01,813.4,605864
2021-06-11 09:55:02,813.05,605964
2021-06-11 09:55:03,813.05,605964
2021-06-11 09:55:05,813.4,606098
2021-06-11 09:55:06,813.4,606098
2021-06-11 09:55:07,813.4,606098
2021-06-11 09:55:08,813.4,606098
2021-06-11 09:55:09,813.4,606198
2021-06-11 09:55:10,813.55,607010
2021-06-11 09:55:11,813.4,607140
2021-06-11 09:55:12,813.4,607141
2021-06-11 09:55:12,813.4,607141
2021-06-11 09:55:13,813.4,607276
2021-06-11 09:55:14,813.0,609276
2021-06-11 09:55:16,813.0,609330
2021-06-11 09:55:17,813.4,609355
2021-06-11 09:55:18,813.0,609855
2021-06-11 09:55:19,813.0,609855
2021-06-11 09:55:20,813.4,610005
2021-06-11 09:55:21,813.4,610005
2021-06-11 09:55:22,813.4,610005
2021-06-11 09:55:23,813.4,610005
2021-06-11 09:55:24,813.05,610257
2021-06-11 09:55:25,813.05,610257
2021-06-11 09:55:26,813.05,610257
2021-06-11 09:55:27,813.3,610667
2021-06-11 09:55:28,813.35,611534
2021-06-11 09:55:29,813.8,611535
2021-06-11 09:55:29,813.55,611672
2021-06-11 09:55:30,813.45,611712
2021-06-11 09:55:31,813.45,611712
2021-06-11 09:55:32,813.5,611722
2021-06-11 09:55:33,813.95,612135
2021-06-11 09:55:34,813.85,612422
2021-06-11 09:55:35,813.85,612422
2021-06-11 09:55:37,813.85,612422
2021-06-11 09:55:38,813.8,612432
2021-06-11 09:55:39,813.8,612476
2021-06-11 09:55:40,813.8,612477
2021-06-11 09:55:41,813.8,612477
2021-06-11 09:55:42,813.8,612477
2021-06-11 09:55:44,813.4,612977
2021-06-11 09:55:45,813.6,613131
2021-06-11 09:55:46,813.7,613931
2021-06-11 09:55:47,813.15,614431
2021-06-11 09:55:48,813.55,614472
2021-06-11 09:55:51,813.6,614512
2021-06-11 09:55:52,813.6,614512
2021-06-11 09:55:53,813.4,615012
2021-06-11 09:55:54,813.4,615164
2021-06-11 09:55:54,813.4,615164
2021-06-11 09:55:56,813.8,616113
2021-06-11 09:55:57,813.8,616113
2021-06-11 09:55:58,813.35,616119
2021-06-11 09:55:59,813.35,616133
2021-06-11 09:56:00,813.25,616633
2021-06-11 09:56:01,813.75,616933
2021-06-11 09:56:02,813.2,616983
2021-06-11 09:56:03,813.25,616988
2021-06-11 09:56:04,813.25,616988
2021-06-11 09:56:05,813.25,616988
2021-06-11 09:56:06,813.25,616988
2021-06-11 09:56:08,813.25,617103
2021-06-11 09:56:08,813.25,617103
2021-06-11 09:56:09,813.25,617106
2021-06-11 09:56:11,813.65,617151
2021-06-11 09:56:12,813.65,617151
2021-06-11 09:56:13,813.65,617151
2021-06-11 09:56:14,813.25,617169
2021-06-11 09:56:15,813.25,617169
2021-06-11 09:56:17,813.55,617199
2021-06-11 09:56:16,813.55,617179
2021-06-11 09:56:18,813.25,617244
2021-06-11 09:56:19,813.25,617403
2021-06-11 09:56:20,813.0,617462
2021-06-11 09:56:21,813.0,617463
2021-06-11 09:56:22,813.0,617463
2021-06-11 09:56:23,813.0,617463
2021-06-11 09:56:25,813.0,617463
2021-06-11 09:56:26,813.0,617463
2021-06-11 09:56:27,813.0,617463
2021-06-11 09:56:28,813.25,617475
2021-06-11 09:56:29,813.25,617476
2021-06-11 09:56:30,813.05,617566
2021-06-11 09:56:31,813.25,617635
2021-06-11 09:56:32,813.25,617635
2021-06-11 09:56:33,813.25,617635
2021-06-11 09:56:34,813.7,618335
2021-06-11 09:56:35,813.2,618569
2021-06-11 09:56:36,813.5,618579
2021-06-11 09:56:37,813.5,618579
2021-06-11 09:56:38,813.5,618579
2021-06-11 09:56:39,813.5,618579
2021-06-11 09:56:40,813.8,618779
2021-06-11 09:56:41,813.8,618779
2021-06-11 09:56:42,813.8,618779
2021-06-11 09:56:43,813.8,618779
2021-06-11 09:56:44,813.8,618789
2021-06-11 09:56:45,813.8,618789
2021-06-11 09:56:46,813.8,618798
2021-06-11 09:56:47,813.8,618798
2021-06-11 09:56:48,813.8,618798
2021-06-11 09:56:49,813.8,618798
2021-06-11 09:56:50,813.8,618798
2021-06-11 09:56:51,813.8,618798
2021-06-11 09:56:52,813.8,618798
2021-06-11 09:56:53,813.3,618848
2021-06-11 09:56:54,813.75,618998
2021-06-11 09:56:55,813.3,619016
2021-06-11 09:56:56,813.75,619026
2021-06-11 09:56:57,813.75,619036
2021-06-11 09:56:58,813.8,619041
2021-06-11 09:56:59,813.8,619041
2021-06-11 09:57:00,813.8,619041
2021-06-11 09:57:01,813.35,619061
2021-06-11 09:57:02,813.35,619061
2021-06-11 09:57:03,813.35,619061
2021-06-11 09:57:04,813.8,619162
2021-06-11 09:57:05,813.8,619162
2021-06-11 09:57:06,813.8,619940
2021-06-11 09:57:07,813.8,619991
2021-06-11 09:57:08,813.5,620046
2021-06-11 09:57:09,813.5,620105
2021-06-11 09:57:10,813.5,620105
2021-06-11 09:57:11,813.5,620105
2021-06-11 09:57:12,813.9,620177
2021-06-11 09:57:13,813.9,620177
2021-06-11 09:57:14,813.55,620218
2021-06-11 09:57:15,813.8,620808
2021-06-11 09:57:16,813.8,620808
2021-06-11 09:57:17,813.8,621015
2021-06-11 09:57:18,813.8,621015
2021-06-11 09:57:19,813.8,621015
2021-06-11 09:57:20,813.8,621025
2021-06-11 09:57:21,813.8,621040
2021-06-11 09:57:22,813.8,621085
2021-06-11 09:57:23,813.7,621092
2021-06-11 09:57:24,813.7,621092
2021-06-11 09:57:25,813.75,621102
2021-06-11 09:57:26,813.75,621102
2021-06-11 09:57:27,813.7,621113
2021-06-11 09:57:28,813.7,621113
2021-06-11 09:57:29,813.7,621113
2021-06-11 09:57:30,813.75,621123
2021-06-11 09:57:31,813.75,621123
2021-06-11 09:57:32,813.75,621123
2021-06-11 09:57:33,813.75,621123
2021-06-11 09:57:34,813.8,621273
2021-06-11 09:57:35,813.7,621308
2021-06-11 09:57:36,813.7,621308
2021-06-11 09:57:37,813.7,621328
2021-06-11 09:57:38,813.7,621328
2021-06-11 09:57:39,813.8,621431
2021-06-11 09:57:40,813.7,621441
2021-06-11 09:57:41,813.8,621503
2021-06-11 09:57:42,813.8,621503
2021-06-11 09:57:43,813.7,621568
2021-06-11 09:57:44,813.75,621593
2021-06-11 09:57:45,813.9,621664
2021-06-11 09:57:46,813.9,621687
2021-06-11 09:57:47,814.0,621988
2021-06-11 09:57:48,814.0,621988
2021-06-11 09:57:49,813.75,621993
2021-06-11 09:57:50,813.75,621993
2021-06-11 09:57:53,813.75,622103
2021-06-11 09:57:55,813.75,622206
2021-06-11 09:57:56,814.0,622268
2021-06-11 09:57:57,814.0,622268
2021-06-11 09:57:58,814.0,622268
2021-06-11 09:57:59,813.75,622303
2021-06-11 09:58:00,814.0,622325
2021-06-11 09:58:01,813.75,622429
2021-06-11 09:58:02,814.0,622747
2021-06-11 09:58:03,814.0,622747
2021-06-11 09:58:04,814.0,622747
2021-06-11 09:58:05,813.75,622871
2021-06-11 09:58:06,813.75,622871
2021-06-11 09:58:07,814.0,622971
2021-06-11 09:58:08,814.0,622972
2021-06-11 09:58:10,814.0,622973
2021-06-11 09:58:11,813.75,622985
2021-06-11 09:58:12,813.8,623018
2021-06-11 09:58:13,814.0,623038
2021-06-11 09:58:14,814.0,623038
2021-06-11 09:58:15,813.8,623134
2021-06-11 09:58:17,814.0,623180
2021-06-11 09:58:16,814.0,623180
2021-06-11 09:58:18,813.8,623182
2021-06-11 09:58:19,813.8,623282
2021-06-11 09:58:20,813.75,623304
2021-06-11 09:58:21,813.75,623304
2021-06-11 09:58:22,813.75,623304
2021-06-11 09:58:23,813.8,623439
2021-06-11 09:58:25,813.7,623939
2021-06-11 09:58:26,813.95,624101
2021-06-11 09:58:27,813.95,624101
2021-06-11 09:58:27,813.95,624102
2021-06-11 09:58:28,813.95,624109
2021-06-11 09:58:29,813.95,624159
2021-06-11 09:58:30,814.0,624359
2021-06-11 09:58:31,813.95,624389
2021-06-11 09:58:33,813.85,624452
2021-06-11 09:58:33,813.85,624452
2021-06-11 09:58:35,813.85,624458
2021-06-11 09:58:35,813.95,624508
2021-06-11 09:58:37,813.95,624628
2021-06-11 09:58:37,813.95,624628
2021-06-11 09:58:38,814.0,625128
2021-06-11 09:58:39,814.0,625128
2021-06-11 09:58:40,813.85,625129
2021-06-11 09:58:41,813.75,625867
2021-06-11 09:58:42,813.75,625867
2021-06-11 09:58:44,813.75,625867
2021-06-11 09:58:44,813.75,625867
2021-06-11 09:58:45,813.8,626404
2021-06-11 09:58:46,813.8,626404
2021-06-11 09:58:47,813.8,626404
2021-06-11 09:58:48,813.8,626404
2021-06-11 09:58:49,813.8,626404
2021-06-11 09:58:50,813.75,626406
2021-06-11 09:58:51,813.55,626522
2021-06-11 09:58:52,813.55,626522
2021-06-11 09:58:53,813.55,626522
2021-06-11 09:58:54,813.55,626522
2021-06-11 09:58:55,813.55,626522
2021-06-11 09:58:56,813.55,626522
2021-06-11 09:58:57,813.55,626522
2021-06-11 09:58:59,813.55,626587
2021-06-11 09:59:01,813.55,626632
2021-06-11 09:59:02,813.55,626702
2021-06-11 09:59:03,813.55,626702
2021-06-11 09:59:04,813.5,627009
2021-06-11 09:59:05,813.5,627009
2021-06-11 09:59:07,813.65,627081
2021-06-11 09:59:08,813.3,627101
2021-06-11 09:59:09,813.55,627126
2021-06-11 09:59:10,813.3,627154
2021-06-11 09:59:11,813.55,627155
2021-06-11 09:59:12,813.55,627155
2021-06-11 09:59:13,813.3,627157
2021-06-11 09:59:14,813.3,627157
2021-06-11 09:59:15,813.3,627157
2021-06-11 09:59:16,813.3,627158
2021-06-11 09:59:18,813.1,627686
2021-06-11 09:59:18,813.1,627686
2021-06-11 09:59:19,813.0,627721
2021-06-11 09:59:20,813.0,629512
2021-06-11 09:59:22,812.9,629707
2021-06-11 09:59:22,812.9,629707
2021-06-11 09:59:24,813.5,630067
2021-06-11 09:59:25,813.5,630067
2021-06-11 09:59:27,813.5,630067
2021-06-11 09:59:27,813.5,630067
2021-06-11 09:59:28,813.2,630168
2021-06-11 09:59:29,813.55,630173
2021-06-11 09:59:30,813.55,630173
2021-06-11 09:59:31,813.55,630177
2021-06-11 09:59:32,813.15,630198
2021-06-11 09:59:34,813.15,630199
2021-06-11 09:59:34,813.15,630199
2021-06-11 09:59:35,813.55,630200
2021-06-11 09:59:36,813.1,630460
2021-06-11 09:59:37,813.1,630460
2021-06-11 09:59:38,813.1,630460
2021-06-11 09:59:39,813.1,630460
2021-06-11 09:59:40,813.5,630570
2021-06-11 09:59:41,813.5,630571
2021-06-11 09:59:43,813.5,630572
2021-06-11 09:59:44,813.5,630573
2021-06-11 09:59:45,813.5,630573
2021-06-11 09:59:45,813.5,630574
2021-06-11 09:59:46,813.5,630575
2021-06-11 09:59:47,813.5,630576
2021-06-11 09:59:48,813.5,630586
2021-06-11 09:59:49,813.5,630587
2021-06-11 09:59:50,813.5,630588
2021-06-11 09:59:51,813.5,630604
2021-06-11 09:59:52,813.1,630626
2021-06-11 09:59:53,813.1,630727
2021-06-11 09:59:54,813.25,630779
2021-06-11 09:59:55,813.5,630780
2021-06-11 09:59:56,813.5,630888
2021-06-11 09:59:57,813.5,631091
2021-06-11 09:59:58,813.5,631191
2021-06-11 09:59:59,813.55,631192
2021-06-11 10:00:00,813.5,631199
2021-06-11 10:00:01,813.25,631400
2021-06-11 10:00:03,813.5,631520
2021-06-11 10:00:02,813.05,631500
2021-06-11 10:00:04,813.5,631571
2021-06-11 10:00:05,813.5,631571
2021-06-11 10:00:06,813.5,631571
2021-06-11 10:00:07,813.5,631591
2021-06-11 10:00:08,813.5,631591
2021-06-11 10:00:09,813.5,631591
2021-06-11 10:00:10,813.2,631677
2021-06-11 10:00:11,813.1,631727
2021-06-11 10:00:12,813.1,631748
2021-06-11 10:00:13,813.1,631748
2021-06-11 10:00:14,813.1,631748
2021-06-11 10:00:15,813.45,631797
2021-06-11 10:00:16,813.45,631797
2021-06-11 10:00:17,813.45,631797
2021-06-11 10:00:18,813.2,631866
2021-06-11 10:00:19,813.2,631866
2021-06-11 10:00:20,813.0,632021
2021-06-11 10:00:21,813.0,632042
2021-06-11 10:00:22,813.0,632452
2021-06-11 10:00:23,813.0,632452
2021-06-11 10:00:24,813.0,632452
2021-06-11 10:00:25,812.6,634179
2021-06-11 10:00:26,812.5,634320
2021-06-11 10:00:27,812.5,634320
2021-06-11 10:00:28,812.5,634320
2021-06-11 10:00:29,812.5,634321
2021-06-11 10:00:30,812.5,634342
2021-06-11 10:00:31,812.5,634342
2021-06-11 10:00:32,812.7,634539
2021-06-11 10:00:33,812.8,634541
2021-06-11 10:00:34,812.8,634541
2021-06-11 10:00:35,812.5,634542
2021-06-11 10:00:39,812.7,634549
2021-06-11 10:00:40,812.7,634549
2021-06-11 10:00:40,812.55,634564
2021-06-11 10:00:41,812.7,634623
2021-06-11 10:00:42,812.7,634623
2021-06-11 10:00:44,812.7,634643
2021-06-11 10:00:45,812.7,634645
2021-06-11 10:00:46,812.7,634650
2021-06-11 10:00:47,812.7,634650
2021-06-11 10:00:48,812.7,634650
2021-06-11 10:00:48,812.55,634660
2021-06-11 10:00:50,812.55,634660
2021-06-11 10:00:51,812.55,634660
2021-06-11 10:00:52,812.7,634661
2021-06-11 10:00:53,812.7,634661
2021-06-11 10:00:53,812.7,634661
2021-06-11 10:00:55,812.7,634661
2021-06-11 10:00:56,812.7,634740
2021-06-11 10:00:57,812.9,634858
2021-06-11 10:00:58,813.15,634952
2021-06-11 10:00:59,813.15,634952
2021-06-11 10:01:00,813.0,635087
2021-06-11 10:01:01,813.0,635087
2021-06-11 10:01:01,813.0,635087
2021-06-11 10:01:02,813.0,635087
2021-06-11 10:01:03,813.2,635089
2021-06-11 10:01:04,813.2,635089
2021-06-11 10:01:05,813.2,635089
2021-06-11 10:01:06,813.05,635338
2021-06-11 10:01:07,813.05,635368
2021-06-11 10:01:08,813.05,635368
2021-06-11 10:01:09,813.05,635378
2021-06-11 10:01:11,813.3,636967
2021-06-11 10:01:13,813.3,637047
2021-06-11 10:01:15,813.4,637048
2021-06-11 10:01:16,813.4,637048
2021-06-11 10:01:17,813.4,637048
2021-06-11 10:01:18,813.5,637593
2021-06-11 10:01:19,813.45,637761
2021-06-11 10:01:20,813.45,637761
2021-06-11 10:01:21,813.5,637911
2021-06-11 10:01:22,813.45,638113
2021-06-11 10:01:23,813.45,638113
2021-06-11 10:01:24,813.5,638153
2021-06-11 10:01:24,813.5,638153
2021-06-11 10:01:25,813.5,638153
2021-06-11 10:01:26,813.45,638477
2021-06-11 10:01:27,813.45,638477
2021-06-11 10:01:28,813.45,638477
2021-06-11 10:01:29,813.45,638477
2021-06-11 10:01:30,813.7,638478
2021-06-11 10:01:31,813.7,638478
2021-06-11 10:01:32,813.7,638478
2021-06-11 10:01:34,813.7,638804
2021-06-11 10:01:35,813.7,638850
2021-06-11 10:01:36,813.45,638940
2021-06-11 10:01:41,813.65,639151
2021-06-11 10:01:45,813.45,639370
2021-06-11 10:01:49,813.7,639380
2021-06-11 10:01:53,813.45,639411
2021-06-11 10:01:57,813.3,639833
2021-06-11 10:02:01,813.65,639834
2021-06-11 10:02:05,813.7,640143
2021-06-11 10:02:09,814.1,652007
2021-06-11 10:02:13,814.1,652007
2021-06-11 10:02:17,814.1,652913
2021-06-11 10:02:25,813.9,653762
2021-06-11 10:02:29,814.35,654247
2021-06-11 10:02:33,814.25,654496
2021-06-11 10:02:37,814.5,655198
2021-06-11 10:02:41,814.1,657838
2021-06-11 10:02:45,814.15,658048
2021-06-11 10:02:49,814.45,658113
2021-06-11 10:02:53,814.2,658355
2021-06-11 10:02:58,814.15,658442
2021-06-11 10:03:02,814.15,658519
2021-06-11 10:03:07,814.25,658661
2021-06-11 10:03:11,814.0,660661
2021-06-11 10:03:15,814.4,661612
2021-06-11 10:03:19,814.15,661713
2021-06-11 10:03:23,814.0,662973
2021-06-11 10:03:27,814.0,663079
2021-06-11 10:03:32,814.25,663312
2021-06-11 10:03:36,814.25,663348
2021-06-11 10:03:41,814.5,664113
2021-06-11 10:03:45,813.9,664250
2021-06-11 10:03:49,814.0,664302
2021-06-11 10:03:53,814.0,664415
2021-06-11 10:04:02,814.25,664809
2021-06-11 10:04:06,814.0,665615
2021-06-11 10:04:11,813.95,665740
2021-06-11 10:04:15,813.95,665740
2021-06-11 10:04:19,813.7,665764
2021-06-11 10:04:23,813.7,665919
2021-06-11 10:04:27,813.65,666065
2021-06-11 10:04:32,813.5,666422
2021-06-11 10:04:36,813.5,666447
2021-06-11 10:04:40,813.5,666931
2021-06-11 10:04:44,813.5,667468
2021-06-11 10:04:48,813.5,668255
2021-06-11 10:04:57,813.4,668310
2021-06-11 10:05:01,813.5,668509
2021-06-11 10:05:05,813.8,668522
2021-06-11 10:05:09,813.5,669222
2021-06-11 10:05:13,813.75,669337
2021-06-11 10:05:17,813.5,669508
2021-06-11 10:05:21,813.5,669569
2021-06-11 10:05:26,813.85,669617
2021-06-11 10:05:30,813.85,669617
2021-06-11 10:05:34,813.7,669717
2021-06-11 10:05:38,813.95,670022
2021-06-11 10:05:42,813.95,670022
2021-06-11 10:05:46,813.75,670059
2021-06-11 10:05:50,814.0,674764
2021-06-11 10:05:55,813.9,675039
2021-06-11 10:05:59,813.65,675642
2021-06-11 10:06:03,813.85,675704
2021-06-11 10:06:07,813.9,675760
2021-06-11 10:06:11,813.6,675982
2021-06-11 10:06:15,813.6,676046
2021-06-11 10:06:19,813.6,676615
2021-06-11 10:06:23,813.6,676652
2021-06-11 10:06:27,813.6,676673
2021-06-11 10:06:31,813.6,677123
2021-06-11 10:06:35,813.9,677133
2021-06-11 10:06:36,813.6,677254
2021-06-11 10:06:37,813.9,677504
2021-06-11 10:06:37,813.9,677504
2021-06-11 10:06:38,813.6,677874
2021-06-11 10:06:39,814.0,677944
2021-06-11 10:06:40,814.0,677944
2021-06-11 10:06:42,814.0,677944
2021-06-11 10:06:43,813.95,678044
2021-06-11 10:06:43,813.95,678044
2021-06-11 10:06:44,814.0,678244
2021-06-11 10:06:45,814.0,678244
2021-06-11 10:06:46,814.0,678494
2021-06-11 10:06:47,814.0,678494
2021-06-11 10:06:48,814.0,678494
2021-06-11 10:06:49,813.6,678504
2021-06-11 10:06:51,813.6,678527
2021-06-11 10:06:52,813.6,678527
2021-06-11 10:06:53,813.9,678678
2021-06-11 10:06:55,813.6,678731
2021-06-11 10:06:56,813.6,678731
2021-06-11 10:06:57,813.85,678822
2021-06-11 10:06:58,814.0,679822
2021-06-11 10:06:59,814.0,679822
2021-06-11 10:07:00,814.0,679822
2021-06-11 10:07:01,814.0,679822
2021-06-11 10:07:02,814.0,679822
2021-06-11 10:07:03,814.0,679822
2021-06-11 10:07:04,814.0,679822
2021-06-11 10:07:05,813.9,679845
2021-06-11 10:07:06,813.7,679855
2021-06-11 10:07:07,813.7,679855
2021-06-11 10:07:08,813.7,679855
2021-06-11 10:07:10,813.6,680408
2021-06-11 10:07:09,813.6,680408
2021-06-11 10:07:11,813.6,680418
2021-06-11 10:07:12,813.6,680418
2021-06-11 10:07:13,813.6,680418
2021-06-11 10:07:14,813.7,680904
2021-06-11 10:07:15,813.7,680904
2021-06-11 10:07:16,813.7,680904
2021-06-11 10:07:17,813.7,680906
2021-06-11 10:07:18,813.7,680937
2021-06-11 10:07:19,813.7,680943
2021-06-11 10:07:20,813.7,680943
2021-06-11 10:07:21,813.7,680943
2021-06-11 10:07:22,813.7,680943
2021-06-11 10:07:23,813.7,681458
2021-06-11 10:07:24,813.7,681458
2021-06-11 10:07:26,813.7,682060
2021-06-11 10:07:27,813.7,682165
2021-06-11 10:07:28,813.7,682165
2021-06-11 10:07:29,813.7,682165
2021-06-11 10:07:30,813.7,682180
2021-06-11 10:07:31,813.7,682187
2021-06-11 10:07:32,813.6,682287
2021-06-11 10:07:33,813.6,682287
2021-06-11 10:07:34,813.6,682287
2021-06-11 10:07:35,813.7,682297
2021-06-11 10:07:36,813.7,682297
2021-06-11 10:07:37,813.6,682374
2021-06-11 10:07:38,813.6,682384
2021-06-11 10:07:39,813.6,682414
2021-06-11 10:07:40,813.4,682756
2021-06-11 10:07:41,813.6,682771
2021-06-11 10:07:42,813.6,682771
2021-06-11 10:07:43,813.6,682771
2021-06-11 10:07:44,813.6,682771
2021-06-11 10:07:45,813.6,682771
2021-06-11 10:07:46,813.6,682771
2021-06-11 10:07:47,813.6,682771
2021-06-11 10:07:48,813.6,682771
2021-06-11 10:07:49,813.4,682781
2021-06-11 10:07:50,813.85,683477
2021-06-11 10:07:51,813.8,683504
2021-06-11 10:07:52,813.8,683504
2021-06-11 10:07:53,813.8,683504
2021-06-11 10:07:55,813.5,683892
2021-06-11 10:07:54,813.8,683506
2021-06-11 10:07:56,813.5,683892
2021-06-11 10:07:57,813.5,683907
2021-06-11 10:07:58,813.7,683915
2021-06-11 10:07:59,813.7,683915
2021-06-11 10:08:00,813.7,683916
2021-06-11 10:08:01,813.7,683916
2021-06-11 10:08:02,813.7,683916
2021-06-11 10:08:03,813.8,683937
2021-06-11 10:08:04,813.9,683988
2021-06-11 10:08:05,813.9,684211
2021-06-11 10:08:06,813.9,684211
2021-06-11 10:08:07,813.9,684211
2021-06-11 10:08:08,813.9,684211
2021-06-11 10:08:09,813.7,684254
2021-06-11 10:08:10,813.7,684275
2021-06-11 10:08:11,813.7,684275
2021-06-11 10:08:12,813.7,684311
2021-06-11 10:08:13,813.5,684391
2021-06-11 10:08:14,813.5,684391
2021-06-11 10:08:15,813.5,684391
2021-06-11 10:08:16,813.5,684391
2021-06-11 10:08:17,813.7,684461
2021-06-11 10:08:18,813.5,684521
2021-06-11 10:08:19,813.5,684552
2021-06-11 10:08:20,813.75,684603
2021-06-11 10:08:21,813.5,684605
2021-06-11 10:08:22,813.5,684605
2021-06-11 10:08:23,813.5,684605
2021-06-11 10:08:24,813.5,684605
2021-06-11 10:08:25,813.5,684607
2021-06-11 10:08:26,813.5,684607
2021-06-11 10:08:27,813.5,684609
2021-06-11 10:08:28,813.5,684609
2021-06-11 10:08:29,813.5,684647
2021-06-11 10:08:30,813.5,684650
2021-06-11 10:08:31,813.7,684654
2021-06-11 10:08:32,813.5,684656
2021-06-11 10:08:33,813.5,684656
2021-06-11 10:08:34,813.5,684658
2021-06-11 10:08:35,813.5,684658
2021-06-11 10:08:36,813.5,684658
2021-06-11 10:08:37,813.5,684658
2021-06-11 10:08:38,813.7,684708
2021-06-11 10:08:39,813.7,684763
2021-06-11 10:08:41,813.5,684781
2021-06-11 10:08:43,813.5,684782
2021-06-11 10:08:44,813.55,684785
2021-06-11 10:08:45,813.55,684785
2021-06-11 10:08:46,813.55,684785
2021-06-11 10:08:47,813.4,685685
2021-06-11 10:08:48,813.4,685685
2021-06-11 10:08:49,813.4,685685
2021-06-11 10:08:50,813.4,685685
2021-06-11 10:08:51,813.4,685685
2021-06-11 10:08:52,813.55,685687
2021-06-11 10:08:53,813.55,685687
2021-06-11 10:08:54,813.4,685712
2021-06-11 10:08:55,813.4,685712
2021-06-11 10:08:56,813.4,685712
2021-06-11 10:08:57,813.4,685712
2021-06-11 10:08:58,813.4,685712
2021-06-11 10:08:59,813.5,685890
2021-06-11 10:09:00,813.5,685890
2021-06-11 10:09:01,813.5,685890
2021-06-11 10:09:02,813.45,687272
2021-06-11 10:09:03,813.45,687272
2021-06-11 10:09:04,813.45,687272
2021-06-11 10:09:05,813.45,687272
2021-06-11 10:09:06,813.2,687350
2021-06-11 10:09:07,813.25,688111
2021-06-11 10:09:08,813.25,689851
2021-06-11 10:09:09,813.4,689861
2021-06-11 10:09:10,813.4,689863
2021-06-11 10:09:11,813.4,689863
2021-06-11 10:09:12,813.4,689863
2021-06-11 10:09:13,813.2,689865
2021-06-11 10:09:14,813.4,689872
2021-06-11 10:09:15,813.2,689912
2021-06-11 10:09:16,813.2,689912
2021-06-11 10:09:17,813.4,689913
2021-06-11 10:09:18,813.4,689913
2021-06-11 10:09:19,813.4,689913
2021-06-11 10:09:21,813.4,690150
2021-06-11 10:09:22,813.4,690150
2021-06-11 10:09:23,813.35,690151
2021-06-11 10:09:24,813.65,690247
2021-06-11 10:09:26,813.65,690257
2021-06-11 10:09:27,813.35,690320
2021-06-11 10:09:27,813.65,690257
2021-06-11 10:09:28,813.35,690325
2021-06-11 10:09:29,813.35,690325
2021-06-11 10:09:30,813.35,690325
2021-06-11 10:09:31,813.55,690326
2021-06-11 10:09:32,813.55,690326
2021-06-11 10:09:33,813.55,690326
2021-06-11 10:09:34,813.55,690333
2021-06-11 10:09:35,813.35,690335
2021-06-11 10:09:36,813.35,690359
2021-06-11 10:09:37,813.35,690359
2021-06-11 10:09:38,813.55,690375
2021-06-11 10:09:39,813.55,690392
2021-06-11 10:09:40,813.55,690440
2021-06-11 10:09:41,813.55,690440
2021-06-11 10:09:42,813.55,690467
2021-06-11 10:09:43,813.55,690467
2021-06-11 10:09:44,813.5,690498
2021-06-11 10:09:45,813.55,690518
2021-06-11 10:09:46,813.55,690518
2021-06-11 10:09:47,813.55,690518
2021-06-11 10:09:48,813.85,690718
2021-06-11 10:09:49,813.85,690718
2021-06-11 10:09:50,813.55,690728
2021-06-11 10:09:51,813.55,690728
2021-06-11 10:09:52,813.55,690728
2021-06-11 10:09:53,813.55,690889
2021-06-11 10:09:54,813.55,690889
2021-06-11 10:09:55,813.85,690940
2021-06-11 10:09:56,813.6,690945
2021-06-11 10:09:57,813.85,691245
2021-06-11 10:09:58,813.85,691245
2021-06-11 10:09:59,813.85,691245
2021-06-11 10:10:00,813.85,691245
2021-06-11 10:10:01,813.6,691256
2021-06-11 10:10:02,813.6,691256
2021-06-11 10:10:03,813.6,691256
2021-06-11 10:10:04,813.6,691256
2021-06-11 10:10:05,813.85,691306
2021-06-11 10:10:06,813.85,691306
2021-06-11 10:10:07,813.65,691333
2021-06-11 10:10:08,813.85,691337
2021-06-11 10:10:09,813.65,691367
2021-06-11 10:10:10,813.65,691368
2021-06-11 10:10:11,813.65,691368
2021-06-11 10:10:12,813.65,691389
2021-06-11 10:10:13,813.65,691394
2021-06-11 10:10:14,813.65,691397
2021-06-11 10:10:15,813.85,691483
2021-06-11 10:10:16,813.85,691483
2021-06-11 10:10:17,813.85,691483
2021-06-11 10:10:18,813.65,691543
2021-06-11 10:10:19,813.65,691543
2021-06-11 10:10:21,813.6,691743
2021-06-11 10:10:22,813.6,691764
2021-06-11 10:10:23,813.6,691764
2021-06-11 10:10:25,813.6,691774
2021-06-11 10:10:25,813.6,691774
2021-06-11 10:10:26,813.6,691834
2021-06-11 10:10:27,813.85,691851
2021-06-11 10:10:28,813.75,692104
2021-06-11 10:10:29,813.5,693109
2021-06-11 10:10:30,813.8,693149
2021-06-11 10:10:32,813.8,693259
2021-06-11 10:10:32,813.8,693259
2021-06-11 10:10:33,813.5,693284
2021-06-11 10:10:34,813.35,693713
2021-06-11 10:10:35,813.7,694473
2021-06-11 10:10:36,813.7,694473
2021-06-11 10:10:37,813.7,694473
2021-06-11 10:10:38,813.7,694473
2021-06-11 10:10:39,813.4,694478
2021-06-11 10:10:40,813.7,694488
2021-06-11 10:10:41,813.7,694488
2021-06-11 10:10:42,813.7,694488
2021-06-11 10:10:43,813.7,694559
2021-06-11 10:10:44,813.7,694559
2021-06-11 10:10:45,813.75,694577
2021-06-11 10:10:46,813.75,694621
2021-06-11 10:10:47,813.8,694726
2021-06-11 10:10:48,813.35,695681
2021-06-11 10:10:49,813.75,695696
2021-06-11 10:10:50,813.75,696063
2021-06-11 10:10:52,813.85,696087
2021-06-11 10:10:52,813.85,696087
2021-06-11 10:10:53,813.85,696087
2021-06-11 10:10:54,813.75,696088
2021-06-11 10:10:55,813.75,696338
2021-06-11 10:10:56,813.75,696398
2021-06-11 10:10:57,813.75,696698
2021-06-11 10:10:58,813.75,696702
2021-06-11 10:10:59,813.45,697317
2021-06-11 10:11:00,813.4,697347
2021-06-11 10:11:01,813.2,697985
2021-06-11 10:11:02,813.75,698035
2021-06-11 10:11:03,813.75,698035
2021-06-11 10:11:04,813.2,698650
2021-06-11 10:11:06,813.85,698905
2021-06-11 10:11:07,813.85,698921
2021-06-11 10:11:08,813.45,699652
2021-06-11 10:11:09,813.4,701931
2021-06-11 10:11:10,813.8,702307
2021-06-11 10:11:11,813.5,702454
2021-06-11 10:11:12,813.8,702520
2021-06-11 10:11:13,813.5,702770
2021-06-11 10:11:15,813.3,702892
2021-06-11 10:11:16,813.3,702892
2021-06-11 10:11:17,813.7,702917
2021-06-11 10:11:18,813.25,702982
2021-06-11 10:11:19,813.2,703000
2021-06-11 10:11:19,813.2,703000
2021-06-11 10:11:22,813.7,703164
2021-06-11 10:11:23,813.4,703168
2021-06-11 10:11:24,813.75,703291
2021-06-11 10:11:25,813.75,703291
2021-06-11 10:11:26,813.75,703291
2021-06-11 10:11:27,813.8,703964
2021-06-11 10:11:28,813.55,704235
2021-06-11 10:11:29,813.55,704235
2021-06-11 10:11:31,813.5,704310
2021-06-11 10:11:31,813.45,704318
2021-06-11 10:11:32,813.75,704491
2021-06-11 10:11:34,813.75,704508
2021-06-11 10:11:35,813.85,704735
2021-06-11 10:11:38,813.55,704990
2021-06-11 10:11:42,814.0,719707
2021-06-11 10:11:47,813.6,719939
2021-06-11 10:11:51,813.95,720983
2021-06-11 10:11:55,813.95,721010
2021-06-11 10:11:59,813.95,721052
2021-06-11 10:12:03,813.95,721153
2021-06-11 10:12:07,814.0,721853
2021-06-11 10:12:11,813.95,721985
2021-06-11 10:12:15,813.9,723657
2021-06-11 10:12:26,813.85,723984
2021-06-11 10:12:31,813.8,724112
2021-06-11 10:12:35,813.55,724208
2021-06-11 10:12:38,813.8,724354
2021-06-11 10:12:43,813.95,724558
2021-06-11 10:12:47,813.95,724638
2021-06-11 10:12:51,813.85,725051
2021-06-11 10:12:55,813.85,725136
2021-06-11 10:12:59,813.5,725389
2021-06-11 10:13:03,813.9,725530
2021-06-11 10:13:07,813.8,725594
2021-06-11 10:13:11,813.9,725702
2021-06-11 10:13:15,813.9,725722
2021-06-11 10:13:20,813.8,725831
2021-06-11 10:13:24,813.6,725853
2021-06-11 10:13:28,813.6,725878
2021-06-11 10:13:33,813.65,726133
2021-06-11 10:13:37,813.8,726135
2021-06-11 10:13:41,813.8,726913
2021-06-11 10:13:45,813.6,727328
2021-06-11 10:13:49,813.8,727436
2021-06-11 10:13:54,813.8,727703
2021-06-11 10:13:58,813.8,727995
2021-06-11 10:14:02,813.7,730023
2021-06-11 10:14:07,813.8,730177
2021-06-11 10:14:15,813.8,730682
2021-06-11 10:14:19,813.7,730921
2021-06-11 10:14:23,813.5,731027
2021-06-11 10:14:27,813.7,731065
2021-06-11 10:14:31,813.7,731161
2021-06-11 10:14:40,813.5,731617
2021-06-11 10:14:44,813.7,731638
2021-06-11 10:14:48,813.7,731686
2021-06-11 10:14:52,813.5,731969
2021-06-11 10:14:56,813.7,731981
2021-06-11 10:15:00,813.5,732002
2021-06-11 10:15:05,813.7,732057
2021-06-11 10:15:09,813.5,732157
2021-06-11 10:15:12,813.8,733061
2021-06-11 10:15:16,813.8,733260
2021-06-11 10:15:21,813.95,733340
2021-06-11 10:15:25,813.95,733542
2021-06-11 10:15:29,814.0,736635
2021-06-11 10:15:33,813.65,737504
2021-06-11 10:15:36,813.7,737667
2021-06-11 10:15:41,813.7,738382
2021-06-11 10:15:45,813.7,738481
2021-06-11 10:15:49,813.95,738577
2021-06-11 10:15:57,813.95,738952
2021-06-11 10:16:02,813.8,739489
2021-06-11 10:16:06,813.95,739740
2021-06-11 10:16:10,813.95,739772
2021-06-11 10:16:14,813.8,739910
2021-06-11 10:16:18,813.9,739990
2021-06-11 10:16:21,813.9,740011
2021-06-11 10:16:25,813.8,740062
2021-06-11 10:16:29,813.9,740191
2021-06-11 10:16:33,813.9,740191
2021-06-11 10:16:37,813.9,740191
2021-06-11 10:16:42,813.65,740509
2021-06-11 10:16:46,813.85,741572
2021-06-11 10:16:50,813.65,741586
2021-06-11 10:16:54,813.75,741657
2021-06-11 10:16:57,813.8,741710
2021-06-11 10:17:06,813.65,741896
2021-06-11 10:17:10,813.8,742084
2021-06-11 10:17:14,813.5,742131
2021-06-11 10:17:17,813.5,742232
2021-06-11 10:17:21,813.55,742376
2021-06-11 10:17:25,813.6,742533
2021-06-11 10:17:30,813.5,742976
2021-06-11 10:17:34,813.55,743266
2021-06-11 10:17:38,813.55,743277
2021-06-11 10:17:42,813.45,743482
2021-06-11 10:17:46,813.45,743482
2021-06-11 10:17:50,813.45,744034
2021-06-11 10:17:54,813.1,744074
2021-06-11 10:17:58,813.1,744129
2021-06-11 10:18:02,813.35,744282
2021-06-11 10:18:06,813.1,744333
2021-06-11 10:18:10,813.3,744839
2021-06-11 10:18:14,813.0,745155
2021-06-11 10:18:18,813.0,745156
2021-06-11 10:18:22,813.0,745311
2021-06-11 10:18:26,812.9,747384
2021-06-11 10:18:30,812.7,748051
2021-06-11 10:18:34,812.3,748448
2021-06-11 10:18:43,812.1,749797
2021-06-11 10:18:46,812.25,750280
2021-06-11 10:18:50,812.1,750602
2021-06-11 10:18:55,812.0,750665
2021-06-11 10:18:59,812.3,751261
2021-06-11 10:19:03,812.3,751955
2021-06-11 10:19:07,812.25,752064
2021-06-11 10:19:11,812.0,756226
2021-06-11 10:19:15,812.0,759221
2021-06-11 10:19:20,812.5,762513
2021-06-11 10:19:24,812.65,762533
2021-06-11 10:19:28,813.0,762555
2021-06-11 10:19:32,812.7,762656
2021-06-11 10:19:35,812.7,762667
2021-06-11 10:19:40,812.65,762825
2021-06-11 10:19:43,812.95,763125
2021-06-11 10:19:47,813.0,763187
2021-06-11 10:19:52,812.7,763207
2021-06-11 10:19:56,812.85,763556
2021-06-11 10:20:00,812.85,763606
2021-06-11 10:20:04,812.85,763776
2021-06-11 10:20:08,812.95,763805
2021-06-11 10:20:12,812.75,763858
2021-06-11 10:20:16,812.75,763964
2021-06-11 10:20:20,812.75,763964
2021-06-11 10:20:24,812.95,764158
2021-06-11 10:20:27,812.95,764197
2021-06-11 10:20:31,812.75,764209
2021-06-11 10:20:35,812.75,764250
2021-06-11 10:20:39,812.75,764911
2021-06-11 10:20:43,812.75,765128
2021-06-11 10:20:47,812.9,765233
2021-06-11 10:20:51,812.95,765501
2021-06-11 10:20:54,812.95,765730
2021-06-11 10:20:59,813.0,765776
2021-06-11 10:21:03,812.95,765823
2021-06-11 10:21:07,813.0,765951
2021-06-11 10:21:11,813.0,765976
2021-06-11 10:21:15,812.95,766193
2021-06-11 10:21:19,812.95,766220
2021-06-11 10:21:23,813.0,766341
2021-06-11 10:21:27,812.75,766851
2021-06-11 10:21:31,812.95,766930
2021-06-11 10:21:34,812.95,766965
2021-06-11 10:21:36,812.75,766987
2021-06-11 10:21:37,812.65,767546
2021-06-11 10:21:37,812.65,767546
2021-06-11 10:21:38,812.65,767546
2021-06-11 10:21:39,812.65,767546
2021-06-11 10:21:40,812.5,767626
2021-06-11 10:21:41,812.5,767641
2021-06-11 10:21:42,812.5,767641
2021-06-11 10:21:43,812.5,767641
2021-06-11 10:21:44,812.5,767641
2021-06-11 10:21:45,812.5,767641
2021-06-11 10:21:46,812.5,767641
2021-06-11 10:21:47,812.5,767661
2021-06-11 10:21:48,812.5,767689
2021-06-11 10:21:49,812.5,767689
2021-06-11 10:21:51,812.85,767910
2021-06-11 10:21:51,812.85,767910
2021-06-11 10:21:54,812.5,768000
2021-06-11 10:21:55,812.5,768001
2021-06-11 10:21:56,812.5,768026
2021-06-11 10:21:57,812.5,768026
2021-06-11 10:21:58,812.5,768026
2021-06-11 10:21:59,812.5,768026
2021-06-11 10:22:01,812.5,768031
2021-06-11 10:22:03,812.5,768035
2021-06-11 10:22:04,812.5,768035
2021-06-11 10:22:05,812.5,768035
2021-06-11 10:22:06,812.5,768085
2021-06-11 10:22:07,812.5,768085
2021-06-11 10:22:08,812.5,768085
2021-06-11 10:22:09,812.5,768158
2021-06-11 10:22:09,812.5,768158
2021-06-11 10:22:10,812.5,768158
2021-06-11 10:22:11,812.5,768161
2021-06-11 10:22:12,812.5,768202
2021-06-11 10:22:13,812.5,768202
2021-06-11 10:22:14,812.5,768452
2021-06-11 10:22:16,812.5,768666
2021-06-11 10:22:17,812.5,768671
2021-06-11 10:22:19,812.8,768854
2021-06-11 10:22:20,812.8,768854
2021-06-11 10:22:21,812.8,768854
2021-06-11 10:22:22,812.7,768864
2021-06-11 10:22:24,812.8,768964
2021-06-11 10:22:25,812.8,768974
2021-06-11 10:22:26,812.8,768974
2021-06-11 10:22:28,812.8,768974
2021-06-11 10:22:30,812.8,768983
2021-06-11 10:22:30,812.8,768983
2021-06-11 10:22:31,812.8,768983
2021-06-11 10:22:32,812.7,768988
2021-06-11 10:22:33,812.7,768988
2021-06-11 10:22:34,812.7,768988
2021-06-11 10:22:35,812.7,769088
2021-06-11 10:22:36,812.7,769088
2021-06-11 10:22:37,812.55,769288
2021-06-11 10:22:38,812.55,769288
2021-06-11 10:22:39,812.55,769300
2021-06-11 10:22:40,812.55,769300
2021-06-11 10:22:41,812.55,769300
2021-06-11 10:22:42,812.5,769321
2021-06-11 10:22:44,812.6,769322
2021-06-11 10:22:45,812.6,769322
2021-06-11 10:22:47,812.4,769522
2021-06-11 10:22:47,812.4,769522
2021-06-11 10:22:48,812.45,769622
2021-06-11 10:22:49,812.55,769627
2021-06-11 10:22:50,812.55,769632
2021-06-11 10:22:51,812.55,769632
2021-06-11 10:22:52,812.8,770014
2021-06-11 10:22:53,812.8,770014
2021-06-11 10:22:54,812.35,770137
2021-06-11 10:22:55,812.2,770138
2021-06-11 10:22:56,812.2,770138
2021-06-11 10:22:57,812.2,770138
2021-06-11 10:22:58,812.4,770139
2021-06-11 10:22:59,812.4,770499
2021-06-11 10:23:01,812.45,770614
2021-06-11 10:23:02,812.45,770615
2021-06-11 10:23:03,812.45,770615
2021-06-11 10:23:04,812.2,770625
2021-06-11 10:23:04,812.45,770615
2021-06-11 10:23:06,812.2,770625
2021-06-11 10:23:07,812.2,770685
2021-06-11 10:23:08,812.2,770786
2021-06-11 10:23:09,812.2,770786
2021-06-11 10:23:09,812.2,770786
2021-06-11 10:23:10,812.2,770936
2021-06-11 10:23:11,812.2,770936
2021-06-11 10:23:12,812.1,771936
2021-06-11 10:23:13,812.5,772300
2021-06-11 10:23:14,812.25,772329
2021-06-11 10:23:15,812.25,772431
2021-06-11 10:23:17,812.05,774149
2021-06-11 10:23:18,812.05,774159
2021-06-11 10:23:19,812.0,774398
2021-06-11 10:23:21,812.0,774678
2021-06-11 10:23:23,812.0,774683
2021-06-11 10:23:24,812.0,774683
2021-06-11 10:23:24,812.0,774683
2021-06-11 10:23:25,812.15,774687
2021-06-11 10:23:26,812.15,774737
2021-06-11 10:23:27,812.15,774737
2021-06-11 10:23:28,812.15,774737
2021-06-11 10:23:29,812.15,774737
2021-06-11 10:23:30,812.15,774737
2021-06-11 10:23:32,812.15,774737
2021-06-11 10:23:33,812.15,774737
2021-06-11 10:23:34,812.15,774737
2021-06-11 10:23:34,812.0,774751
2021-06-11 10:23:35,812.0,774751
2021-06-11 10:23:36,812.0,774761
2021-06-11 10:23:37,812.0,774791
2021-06-11 10:23:38,812.0,774791
2021-06-11 10:23:39,812.1,774798
2021-06-11 10:23:40,812.0,774819
2021-06-11 10:23:41,812.0,774819
2021-06-11 10:23:42,812.1,774820
2021-06-11 10:23:43,812.15,774821
2021-06-11 10:23:44,812.0,774827
2021-06-11 10:23:45,812.0,774827
2021-06-11 10:23:46,812.0,774837
2021-06-11 10:23:47,812.15,775217
2021-06-11 10:23:48,812.15,775217
2021-06-11 10:23:49,812.15,775224
2021-06-11 10:23:50,812.15,775224
2021-06-11 10:23:51,812.15,775244
2021-06-11 10:23:53,812.15,775244
2021-06-11 10:23:54,812.15,775254
2021-06-11 10:23:55,812.15,775262
2021-06-11 10:23:56,812.15,775295
2021-06-11 10:23:57,812.15,775295
2021-06-11 10:23:58,812.15,775299
2021-06-11 10:24:00,812.15,775299
2021-06-11 10:24:01,812.15,775301
2021-06-11 10:24:03,812.15,775306
2021-06-11 10:24:03,812.15,775311
2021-06-11 10:24:06,812.15,775311
2021-06-11 10:24:07,812.15,775313
2021-06-11 10:24:08,812.15,775456
2021-06-11 10:24:09,812.15,775456
2021-06-11 10:24:10,812.5,775493
2021-06-11 10:24:11,812.2,775505
2021-06-11 10:24:12,812.5,775541
2021-06-11 10:24:13,812.5,775541
2021-06-11 10:24:14,812.5,775541
2021-06-11 10:24:15,812.15,775547
2021-06-11 10:24:16,812.15,775547
2021-06-11 10:24:17,812.15,775547
2021-06-11 10:24:18,812.6,776239
2021-06-11 10:24:19,812.6,776239
2021-06-11 10:24:20,812.45,776244
2021-06-11 10:24:21,812.45,776245
2021-06-11 10:24:23,812.45,776245
2021-06-11 10:24:25,812.6,776261
2021-06-11 10:24:26,812.6,776261
2021-06-11 10:24:27,812.4,776281
2021-06-11 10:24:28,812.4,776281
2021-06-11 10:24:29,812.4,776283
2021-06-11 10:24:30,812.4,776283
2021-06-11 10:24:31,812.5,776288
2021-06-11 10:24:32,812.5,776288
2021-06-11 10:24:33,812.7,776538
2021-06-11 10:24:33,812.7,776538
2021-06-11 10:24:35,812.7,776538
2021-06-11 10:24:36,812.7,776538
2021-06-11 10:24:37,812.6,776558
2021-06-11 10:24:38,812.6,776558
2021-06-11 10:24:39,812.4,777243
2021-06-11 10:24:40,812.4,777243
2021-06-11 10:24:41,812.4,777243
2021-06-11 10:24:43,812.5,777294
2021-06-11 10:24:44,812.5,777294
2021-06-11 10:24:44,812.5,777294
2021-06-11 10:24:46,812.5,777294
2021-06-11 10:24:47,812.5,777294
2021-06-11 10:24:48,812.55,777331
2021-06-11 10:24:49,812.6,777402
2021-06-11 10:24:49,812.6,777402
2021-06-11 10:24:50,812.4,777432
2021-06-11 10:24:51,812.4,777432
2021-06-11 10:24:52,812.4,777454
2021-06-11 10:24:54,812.4,777454
2021-06-11 10:24:55,812.5,777459
2021-06-11 10:24:56,812.5,777460
2021-06-11 10:24:57,812.5,777460
2021-06-11 10:24:58,812.5,777460
2021-06-11 10:24:59,812.5,777460
2021-06-11 10:25:00,812.5,777485
2021-06-11 10:25:01,812.5,777485
2021-06-11 10:25:02,812.5,777486
2021-06-11 10:25:03,812.5,777486
2021-06-11 10:25:05,812.4,777626
2021-06-11 10:25:05,812.4,777628
2021-06-11 10:25:07,812.4,777628
2021-06-11 10:25:08,812.4,777628
2021-06-11 10:25:09,812.4,777628
2021-06-11 10:25:10,812.4,777628
2021-06-11 10:25:11,812.4,777628
2021-06-11 10:25:12,812.4,777649
2021-06-11 10:25:13,812.4,777649
2021-06-11 10:25:13,812.4,777649
2021-06-11 10:25:14,812.4,777649
2021-06-11 10:25:15,812.4,777649
2021-06-11 10:25:16,812.4,777649
2021-06-11 10:25:17,812.4,777686
2021-06-11 10:25:18,812.3,777692
2021-06-11 10:25:19,812.3,777697
2021-06-11 10:25:20,812.3,777697
2021-06-11 10:25:21,812.3,777697
2021-06-11 10:25:22,812.75,777797
2021-06-11 10:25:23,812.75,777797
2021-06-11 10:25:24,812.75,777797
2021-06-11 10:25:25,812.65,777822
2021-06-11 10:25:27,812.2,777937
2021-06-11 10:25:28,812.6,777967
2021-06-11 10:25:28,812.6,777967
2021-06-11 10:25:29,812.5,778009
2021-06-11 10:25:30,812.5,778009
2021-06-11 10:25:31,812.05,778139
2021-06-11 10:25:32,812.05,778139
2021-06-11 10:25:33,812.05,778140
2021-06-11 10:25:35,812.05,778140
2021-06-11 10:25:35,812.05,778140
2021-06-11 10:25:36,812.05,778142
2021-06-11 10:25:37,812.05,778142
2021-06-11 10:25:39,812.05,778142
2021-06-11 10:25:39,812.05,778142
2021-06-11 10:25:40,812.25,778152
2021-06-11 10:25:41,812.25,778152
2021-06-11 10:25:42,812.25,778152
2021-06-11 10:25:43,812.25,778152
2021-06-11 10:25:44,812.5,778361
2021-06-11 10:25:45,812.35,778365
2021-06-11 10:25:46,812.6,778425
2021-06-11 10:25:47,812.6,778425
2021-06-11 10:25:48,812.6,778425
2021-06-11 10:25:49,812.6,778425
2021-06-11 10:25:50,812.35,778558
2021-06-11 10:25:51,812.4,778574
2021-06-11 10:25:52,812.4,778584
2021-06-11 10:25:53,812.4,778584
2021-06-11 10:25:54,812.4,778585
2021-06-11 10:25:55,812.4,778585
2021-06-11 10:25:56,812.35,778590
2021-06-11 10:25:57,812.35,778590
2021-06-11 10:25:59,812.6,778660
2021-06-11 10:26:00,812.6,778660
2021-06-11 10:26:01,812.6,778660
2021-06-11 10:26:02,812.4,778747
2021-06-11 10:26:03,812.4,778747
2021-06-11 10:26:04,812.4,778747
2021-06-11 10:26:05,812.4,778747
2021-06-11 10:26:06,812.4,778751
2021-06-11 10:26:07,812.75,778901
2021-06-11 10:26:08,812.6,779230
2021-06-11 10:26:09,812.4,779357
2021-06-11 10:26:11,812.25,780103
2021-06-11 10:26:15,812.4,780128
2021-06-11 10:26:16,812.4,780128
2021-06-11 10:26:17,812.25,780129
2021-06-11 10:26:18,812.25,780129
2021-06-11 10:26:18,812.25,780129
2021-06-11 10:26:19,812.25,780129
2021-06-11 10:26:20,812.4,780179
2021-06-11 10:26:21,812.4,780179
2021-06-11 10:26:22,812.4,780179
2021-06-11 10:26:23,812.4,780179
2021-06-11 10:26:24,812.4,780179
2021-06-11 10:26:25,812.4,780879
2021-06-11 10:26:26,812.4,780879
2021-06-11 10:26:27,812.4,780879
2021-06-11 10:26:29,812.05,780909
2021-06-11 10:26:30,812.05,780909
2021-06-11 10:26:31,812.05,780909
2021-06-11 10:26:32,812.05,781002
2021-06-11 10:26:33,812.05,781002
2021-06-11 10:26:33,812.05,781002
2021-06-11 10:26:34,812.05,781102
2021-06-11 10:26:35,812.05,781102
2021-06-11 10:26:37,812.05,781362
2021-06-11 10:26:38,812.05,781362
2021-06-11 10:26:39,812.05,781377
2021-06-11 10:26:40,812.15,781378
2021-06-11 10:26:41,812.15,781378
2021-06-11 10:26:42,812.15,781378
2021-06-11 10:26:43,812.05,781438
2021-06-11 10:26:44,811.8,782879
2021-06-11 10:26:45,811.6,782909
2021-06-11 10:26:46,812.05,782914
2021-06-11 10:26:47,811.7,783033
2021-06-11 10:26:48,811.7,783033
2021-06-11 10:26:48,811.7,783033
2021-06-11 10:26:49,811.7,783039
2021-06-11 10:26:51,811.65,783276
2021-06-11 10:26:52,811.65,783278
2021-06-11 10:26:53,811.65,783278
2021-06-11 10:26:54,811.65,783278
2021-06-11 10:26:55,811.6,783489
2021-06-11 10:26:56,811.6,783489
2021-06-11 10:26:57,811.6,783489
2021-06-11 10:26:58,811.6,783535
2021-06-11 10:26:59,811.7,783812
2021-06-11 10:27:00,811.7,783812
2021-06-11 10:27:01,811.55,783837
2021-06-11 10:27:02,811.55,783837
2021-06-11 10:27:03,811.6,783838
2021-06-11 10:27:04,811.7,783870
2021-06-11 10:27:05,811.7,783870
2021-06-11 10:27:06,811.7,783872
2021-06-11 10:27:07,811.6,783907
2021-06-11 10:27:07,811.55,783948
2021-06-11 10:27:09,811.6,783963
2021-06-11 10:27:10,811.6,783963
2021-06-11 10:27:10,811.6,783963
2021-06-11 10:27:12,811.5,784063
2021-06-11 10:27:13,811.5,784063
2021-06-11 10:27:13,811.5,784068
2021-06-11 10:27:14,811.5,784139
2021-06-11 10:27:15,811.5,784139
2021-06-11 10:27:16,811.5,784139
2021-06-11 10:27:18,811.65,784914
2021-06-11 10:27:19,811.5,784915
2021-06-11 10:27:20,811.5,784940
2021-06-11 10:27:21,811.5,784940
2021-06-11 10:27:22,811.5,784940
2021-06-11 10:27:23,811.5,784940
2021-06-11 10:27:24,811.3,785725
2021-06-11 10:27:25,811.3,785725
2021-06-11 10:27:26,811.3,785725
2021-06-11 10:27:27,811.3,785825
2021-06-11 10:27:27,811.3,785825
2021-06-11 10:27:29,811.65,785862
2021-06-11 10:27:30,811.65,785862
2021-06-11 10:27:31,811.5,785884
2021-06-11 10:27:32,811.5,786168
2021-06-11 10:27:34,811.65,786261
2021-06-11 10:27:35,811.65,786271
2021-06-11 10:27:36,811.5,786296
2021-06-11 10:27:37,811.5,786296
2021-06-11 10:27:38,811.65,786356
2021-06-11 10:27:39,811.7,786410
2021-06-11 10:27:40,811.8,786482
2021-06-11 10:27:41,811.8,786482
2021-06-11 10:27:42,811.8,786482
2021-06-11 10:27:43,811.8,786482
2021-06-11 10:27:44,811.7,786483
2021-06-11 10:27:45,811.7,786486
2021-06-11 10:27:46,811.7,786486
2021-06-11 10:27:47,811.7,786486
2021-06-11 10:27:48,811.7,786486
2021-06-11 10:27:49,811.7,786486
2021-06-11 10:27:50,811.75,786511
2021-06-11 10:27:51,811.65,786563
2021-06-11 10:27:52,811.65,786563
2021-06-11 10:27:53,811.65,786573
2021-06-11 10:27:54,811.65,786573
2021-06-11 10:27:54,811.65,786573
2021-06-11 10:27:56,811.8,786583
2021-06-11 10:27:57,811.65,786646
2021-06-11 10:27:58,811.65,786646
2021-06-11 10:27:59,811.65,786646
2021-06-11 10:28:01,811.6,786692
2021-06-11 10:28:03,811.5,786742
2021-06-11 10:28:05,811.6,786762
2021-06-11 10:28:06,811.5,786807
2021-06-11 10:28:06,811.5,786807
2021-06-11 10:28:09,811.5,786807
2021-06-11 10:28:10,811.5,786807
2021-06-11 10:28:11,811.55,787039
2021-06-11 10:28:12,811.55,787039
2021-06-11 10:28:12,811.55,787039
2021-06-11 10:28:14,811.8,787115
