timestamp,ltp,volume
2021-06-11 09:15:28,124.2,150943
2021-06-11 09:15:42,124.05,203610
2021-06-11 09:15:49,124.0,248388
2021-06-11 09:15:56,123.9,251324
2021-06-11 09:16:02,124.05,297969
2021-06-11 09:16:08,124.0,312900
2021-06-11 09:16:15,123.7,346666
2021-06-11 09:16:21,123.65,366697
2021-06-11 09:16:27,123.5,391849
2021-06-11 09:16:34,123.6,446148
2021-06-11 09:16:40,123.6,455582
2021-06-11 09:16:46,123.6,469847
2021-06-11 09:16:52,123.75,484333
2021-06-11 09:16:59,123.7,495049
2021-06-11 09:17:05,123.8,543440
2021-06-11 09:17:11,123.7,602956
2021-06-11 09:17:18,123.7,611039
2021-06-11 09:17:24,123.7,612978
2021-06-11 09:17:30,123.7,624303
2021-06-11 09:17:36,123.7,652203
2021-06-11 09:17:42,123.85,666411
2021-06-11 09:17:48,123.7,681585
2021-06-11 09:17:55,123.7,692040
2021-06-11 09:18:01,123.8,699300
2021-06-11 09:18:07,123.85,727872
2021-06-11 09:18:13,123.9,733322
2021-06-11 09:18:19,123.9,741378
2021-06-11 09:18:26,123.85,749360
2021-06-11 09:18:32,123.9,762877
2021-06-11 09:18:38,124.0,766734
2021-06-11 09:18:44,124.0,775747
2021-06-11 09:18:50,123.95,779954
2021-06-11 09:18:56,123.95,785349
2021-06-11 09:19:02,123.9,796684
2021-06-11 09:19:08,123.85,806935
2021-06-11 09:19:14,123.9,816617
2021-06-11 09:19:20,123.9,833894
2021-06-11 09:19:26,123.95,837769
2021-06-11 09:19:32,124.0,838960
2021-06-11 09:19:38,123.9,881603
2021-06-11 09:19:44,123.95,888170
2021-06-11 09:19:49,124.0,894149
2021-06-11 09:19:55,123.85,901891
2021-06-11 09:20:01,123.9,908477
2021-06-11 09:20:07,124.0,915051
2021-06-11 09:20:13,124.1,944128
2021-06-11 09:20:19,124.2,954904
2021-06-11 09:20:25,124.2,966128
2021-06-11 09:20:31,124.3,983612
2021-06-11 09:20:37,124.4,992919
2021-06-11 09:20:43,124.5,1001496
2021-06-11 09:20:55,124.6,1025620
2021-06-11 09:21:01,124.6,1038645
2021-06-11 09:21:06,124.7,1057427
2021-06-11 09:21:12,124.65,1067281
2021-06-11 09:21:18,124.7,1075205
2021-06-11 09:21:24,124.65,1082265
2021-06-11 09:21:30,124.85,1110948
2021-06-11 09:21:35,124.9,1131076
2021-06-11 09:21:41,124.9,1152366
2021-06-11 09:21:47,125.0,1214873
2021-06-11 09:21:53,125.05,1226819
2021-06-11 09:21:59,125.05,1245962
2021-06-11 09:22:04,125.15,1267113
2021-06-11 09:22:11,125.15,1293426
2021-06-11 09:22:17,125.2,1317565
2021-06-11 09:22:23,125.25,1329968
2021-06-11 09:22:28,125.25,1346617
2021-06-11 09:22:34,125.15,1367205
2021-06-11 09:22:40,125.15,1387526
2021-06-11 09:22:46,125.2,1434173
2021-06-11 09:22:52,125.2,1471762
2021-06-11 09:22:58,125.25,1487125
2021-06-11 09:23:03,125.3,1502400
2021-06-11 09:23:09,125.4,1533364
2021-06-11 09:23:15,125.45,1545547
2021-06-11 09:23:21,125.5,1566873
2021-06-11 09:23:27,125.5,1598255
2021-06-11 09:23:32,125.6,1630573
2021-06-11 09:23:38,125.4,1708184
2021-06-11 09:23:44,125.4,1713127
2021-06-11 09:23:50,125.25,1732486
2021-06-11 09:23:56,125.2,1763307
2021-06-11 09:24:02,125.25,1773097
2021-06-11 09:24:13,125.25,1797006
2021-06-11 09:24:19,125.4,1816953
2021-06-11 09:24:25,125.4,1828826
2021-06-11 09:24:30,125.3,1832171
2021-06-11 09:24:36,125.4,1833261
2021-06-11 09:24:42,125.4,1839724
2021-06-11 09:24:47,125.35,1857723
2021-06-11 09:24:53,125.4,1867139
2021-06-11 09:24:58,125.35,1872601
2021-06-11 09:25:04,125.15,1902526
2021-06-11 09:25:09,125.15,1911678
2021-06-11 09:25:15,125.15,1927734
2021-06-11 09:25:20,125.2,1951283
2021-06-11 09:25:26,125.25,2000181
2021-06-11 09:25:31,125.5,2019917
2021-06-11 09:25:37,125.55,2053906
2021-06-11 09:25:42,125.5,2068653
2021-06-11 09:25:48,125.45,2077425
2021-06-11 09:25:53,125.5,2136406
2021-06-11 09:25:59,125.75,2199630
2021-06-11 09:26:04,125.75,2218580
2021-06-11 09:26:10,125.8,2240745
2021-06-11 09:26:15,125.85,2250967
2021-06-11 09:26:21,125.85,2256965
2021-06-11 09:26:26,125.85,2271200
2021-06-11 09:26:32,125.8,2284913
2021-06-11 09:26:38,125.75,2299129
2021-06-11 09:26:43,125.75,2322007
2021-06-11 09:26:48,125.75,2329844
2021-06-11 09:26:54,125.65,2351456
2021-06-11 09:26:59,125.7,2395628
2021-06-11 09:27:05,125.65,2412417
2021-06-11 09:27:10,125.6,2418125
2021-06-11 09:27:16,125.55,2448242
2021-06-11 09:27:21,125.55,2457904
2021-06-11 09:27:26,125.55,2470116
2021-06-11 09:27:32,125.55,2494002
2021-06-11 09:27:38,125.5,2498824
2021-06-11 09:27:43,125.6,2519519
2021-06-11 09:27:48,125.6,2530131
2021-06-11 09:27:54,125.7,2534861
2021-06-11 09:27:59,125.6,2538916
2021-06-11 09:28:04,125.65,2541780
2021-06-11 09:28:10,125.55,2550113
2021-06-11 09:28:15,125.6,2553436
2021-06-11 09:28:20,125.55,2556231
2021-06-11 09:28:26,125.5,2562340
2021-06-11 09:28:31,125.55,2565488
2021-06-11 09:28:36,125.5,2568642
2021-06-11 09:28:42,125.5,2571145
2021-06-11 09:28:47,125.45,2592305
2021-06-11 09:28:52,125.5,2594863
2021-06-11 09:28:58,125.5,2620367
2021-06-11 09:29:03,125.4,2624755
2021-06-11 09:29:09,125.45,2625291
2021-06-11 09:29:14,125.4,2640259
2021-06-11 09:29:19,125.5,2641880
2021-06-11 09:29:24,125.45,2643968
2021-06-11 09:29:29,125.55,2668110
2021-06-11 09:29:34,125.4,2679956
2021-06-11 09:29:39,125.7,2833154
2021-06-11 09:29:44,125.95,3018765
2021-06-11 09:29:49,125.85,3025173
2021-06-11 09:29:54,126.2,3131234
2021-06-11 09:29:59,126.15,3154849
2021-06-11 09:30:04,126.2,3160910
2021-06-11 09:30:09,126.2,3244771
2021-06-11 09:30:14,126.25,3290653
2021-06-11 09:30:19,126.3,3298323
2021-06-11 09:30:25,126.25,3314989
2021-06-11 09:30:30,126.6,3418065
2021-06-11 09:30:35,126.45,3446402
2021-06-11 09:30:40,126.4,3451064
2021-06-11 09:30:46,126.4,3463512
2021-06-11 09:30:51,126.3,3490924
2021-06-11 09:30:56,126.3,3510464
2021-06-11 09:31:02,126.3,3529811
2021-06-11 09:31:07,126.2,3538719
2021-06-11 09:31:12,126.25,3560423
2021-06-11 09:31:22,126.25,3600846
2021-06-11 09:31:27,126.1,3647051
2021-06-11 09:31:33,126.25,3681021
2021-06-11 09:31:36,126.1,3697260
2021-06-11 09:31:38,126.25,3702930
2021-06-11 09:31:38,126.2,3703315
2021-06-11 09:31:39,126.2,3703648
2021-06-11 09:31:40,126.25,3704398
2021-06-11 09:31:41,126.25,3705484
2021-06-11 09:31:42,126.25,3707514
2021-06-11 09:31:43,126.25,3708534
2021-06-11 09:31:44,126.25,3708705
2021-06-11 09:31:45,126.15,3709071
2021-06-11 09:31:46,126.15,3709626
2021-06-11 09:31:47,126.15,3710722
2021-06-11 09:31:49,126.15,3712305
2021-06-11 09:31:50,126.15,3712868
2021-06-11 09:31:51,126.2,3713694
2021-06-11 09:31:52,126.2,3732695
2021-06-11 09:31:53,126.25,3736008
2021-06-11 09:31:54,126.2,3736174
2021-06-11 09:31:55,126.2,3736577
2021-06-11 09:31:56,126.25,3741833
2021-06-11 09:31:57,126.25,3741835
2021-06-11 09:31:58,126.2,3742343
2021-06-11 09:31:59,126.2,3742734
2021-06-11 09:32:00,126.2,3744054
2021-06-11 09:32:01,126.2,3744120
2021-06-11 09:32:01,126.2,3744220
2021-06-11 09:32:02,126.1,3746440
2021-06-11 09:32:03,126.15,3747772
2021-06-11 09:32:04,126.1,3748273
2021-06-11 09:32:05,126.15,3748376
2021-06-11 09:32:07,126.15,3748786
2021-06-11 09:32:07,126.15,3749786
2021-06-11 09:32:08,126.15,3749852
2021-06-11 09:32:09,126.1,3749952
2021-06-11 09:32:10,126.1,3750794
2021-06-11 09:32:11,126.15,3756155
2021-06-11 09:32:12,126.1,3756171
2021-06-11 09:32:13,126.15,3762215
2021-06-11 09:32:14,126.05,3765555
2021-06-11 09:32:15,126.05,3770098
2021-06-11 09:32:19,126.1,3777734
2021-06-11 09:32:22,126.0,3788537
2021-06-11 09:32:23,126.0,3806115
2021-06-11 09:32:24,126.05,3808204
2021-06-11 09:32:25,125.95,3808516
2021-06-11 09:32:26,125.95,3808518
2021-06-11 09:32:27,126.05,3809555
2021-06-11 09:32:28,125.95,3810446
2021-06-11 09:32:30,126.0,3812061
2021-06-11 09:32:31,126.05,3812289
2021-06-11 09:32:32,126.0,3813991
2021-06-11 09:32:33,126.0,3823991
2021-06-11 09:32:33,125.9,3855580
2021-06-11 09:32:34,126.0,3857257
2021-06-11 09:32:35,125.9,3857307
2021-06-11 09:32:36,126.0,3860407
2021-06-11 09:32:37,126.0,3860411
2021-06-11 09:32:39,125.9,3860706
2021-06-11 09:32:40,126.0,3863593
2021-06-11 09:32:41,126.0,3873359
2021-06-11 09:32:42,126.0,3884946
2021-06-11 09:32:43,125.95,3885789
2021-06-11 09:32:44,126.0,3886415
2021-06-11 09:32:45,126.05,3886842
2021-06-11 09:32:46,126.05,3886872
2021-06-11 09:32:47,126.0,3887346
2021-06-11 09:32:48,125.95,3888475
2021-06-11 09:32:49,126.0,3889001
2021-06-11 09:32:50,126.0,3889227
2021-06-11 09:32:50,125.95,3890227
2021-06-11 09:32:51,126.0,3890419
2021-06-11 09:32:52,126.0,3890462
2021-06-11 09:32:53,126.0,3890607
2021-06-11 09:32:55,126.0,3895757
2021-06-11 09:32:56,125.9,3896307
2021-06-11 09:32:57,125.9,3897067
2021-06-11 09:32:58,126.0,3898565
2021-06-11 09:32:59,125.95,3898899
2021-06-11 09:33:00,125.95,3899404
2021-06-11 09:33:00,125.95,3899404
2021-06-11 09:33:01,126.0,3901205
2021-06-11 09:33:02,126.0,3902453
2021-06-11 09:33:04,125.9,3904003
2021-06-11 09:33:05,126.0,3905250
2021-06-11 09:33:06,125.95,3910455
2021-06-11 09:33:06,125.95,3910585
2021-06-11 09:33:07,125.95,3910809
2021-06-11 09:33:08,125.95,3910882
2021-06-11 09:33:10,125.95,3911344
2021-06-11 09:33:11,125.95,3911459
2021-06-11 09:33:12,126.0,3911633
2021-06-11 09:33:13,126.0,3911643
2021-06-11 09:33:14,125.95,3912577
2021-06-11 09:33:15,125.95,3913127
2021-06-11 09:33:16,125.95,3913192
2021-06-11 09:33:17,125.9,3913572
2021-06-11 09:33:18,125.9,3913593
2021-06-11 09:33:19,125.95,3918252
2021-06-11 09:33:20,125.85,3919142
2021-06-11 09:33:21,125.9,3919152
2021-06-11 09:33:22,125.9,3919152
2021-06-11 09:33:22,125.9,3924272
2021-06-11 09:33:24,125.9,3931250
2021-06-11 09:33:25,125.85,3931449
2021-06-11 09:33:26,125.85,3932374
2021-06-11 09:33:27,125.85,3932384
2021-06-11 09:33:28,125.8,3932468
2021-06-11 09:33:28,125.8,3932468
2021-06-11 09:33:29,125.85,3933386
2021-06-11 09:33:30,125.8,3933806
2021-06-11 09:33:31,125.8,3934697
2021-06-11 09:33:33,125.8,3934804
2021-06-11 09:33:34,125.85,3942574
2021-06-11 09:33:35,125.8,3942947
2021-06-11 09:33:36,125.85,3942961
2021-06-11 09:33:37,125.8,3944031
2021-06-11 09:33:39,125.7,4021036
2021-06-11 09:33:39,125.75,4023840
2021-06-11 09:33:40,125.65,4024716
2021-06-11 09:33:41,125.75,4026119
2021-06-11 09:33:42,125.6,4030120
2021-06-11 09:33:44,125.65,4042943
2021-06-11 09:33:45,125.6,4044380
2021-06-11 09:33:46,125.6,4044484
2021-06-11 09:33:47,125.65,4045334
2021-06-11 09:33:48,125.7,4047887
2021-06-11 09:33:50,125.7,4049326
2021-06-11 09:33:51,125.7,4049326
2021-06-11 09:33:52,125.7,4049684
2021-06-11 09:33:53,125.7,4053034
2021-06-11 09:33:54,125.65,4053850
2021-06-11 09:33:55,125.65,4053890
2021-06-11 09:33:56,125.65,4053945
2021-06-11 09:33:57,125.6,4055643
2021-06-11 09:33:58,125.55,4063089
2021-06-11 09:33:59,125.65,4063699
2021-06-11 09:34:00,125.65,4063702
2021-06-11 09:34:01,125.55,4073423
2021-06-11 09:34:02,125.55,4073540
2021-06-11 09:34:03,125.6,4073792
2021-06-11 09:34:04,125.65,4074899
2021-06-11 09:34:05,125.6,4075012
2021-06-11 09:34:06,125.6,4077086
2021-06-11 09:34:07,125.6,4077316
2021-06-11 09:34:08,125.6,4077458
2021-06-11 09:34:09,125.6,4078339
2021-06-11 09:34:10,125.65,4079110
2021-06-11 09:34:10,125.65,4079110
2021-06-11 09:34:12,125.6,4079561
2021-06-11 09:34:13,125.6,4094531
2021-06-11 09:34:14,125.6,4100708
2021-06-11 09:34:15,125.6,4100821
2021-06-11 09:34:15,125.6,4100821
2021-06-11 09:34:16,125.65,4100891
2021-06-11 09:34:17,125.65,4103725
2021-06-11 09:34:18,125.7,4103826
2021-06-11 09:34:19,125.6,4105304
2021-06-11 09:34:20,125.7,4105506
2021-06-11 09:34:21,125.8,4144396
2021-06-11 09:34:22,125.8,4147754
2021-06-11 09:34:24,125.8,4151324
2021-06-11 09:34:25,125.85,4151924
2021-06-11 09:34:26,125.8,4151964
2021-06-11 09:34:27,125.75,4152264
2021-06-11 09:34:28,125.85,4152269
2021-06-11 09:34:29,125.8,4152798
2021-06-11 09:34:30,125.8,4152819
2021-06-11 09:34:31,125.7,4154813
2021-06-11 09:34:32,125.7,4171378
2021-06-11 09:34:33,125.75,4172534
2021-06-11 09:34:34,125.75,4172650
2021-06-11 09:34:35,125.85,4197892
2021-06-11 09:34:36,125.8,4198113
2021-06-11 09:34:37,125.8,4199349
2021-06-11 09:34:38,125.85,4200107
2021-06-11 09:34:38,125.8,4200339
2021-06-11 09:34:39,125.8,4200470
2021-06-11 09:34:41,125.85,4201196
2021-06-11 09:34:42,125.8,4201410
2021-06-11 09:34:43,125.85,4201415
2021-06-11 09:34:44,125.85,4201433
2021-06-11 09:34:44,125.85,4201433
2021-06-11 09:34:45,125.8,4202983
2021-06-11 09:34:47,125.8,4203133
2021-06-11 09:34:48,125.75,4204717
2021-06-11 09:34:48,125.75,4204717
2021-06-11 09:34:49,125.85,4205267
2021-06-11 09:34:50,125.85,4205719
2021-06-11 09:34:52,125.8,4205819
2021-06-11 09:34:53,125.8,4205869
2021-06-11 09:34:53,125.8,4205869
2021-06-11 09:34:54,125.8,4205969
2021-06-11 09:34:56,125.75,4207367
2021-06-11 09:34:57,125.9,4242176
2021-06-11 09:34:59,125.95,4242578
2021-06-11 09:35:00,125.95,4244407
2021-06-11 09:35:01,125.95,4244507
2021-06-11 09:35:02,125.85,4245717
2021-06-11 09:35:03,125.85,4245717
2021-06-11 09:35:04,125.85,4245917
2021-06-11 09:35:05,125.9,4245937
2021-06-11 09:35:06,125.9,4246007
2021-06-11 09:35:07,125.9,4246009
2021-06-11 09:35:08,125.9,4246428
2021-06-11 09:35:09,125.85,4247158
2021-06-11 09:35:10,125.9,4247369
2021-06-11 09:35:11,125.85,4247436
2021-06-11 09:35:12,125.85,4247442
2021-06-11 09:35:13,125.85,4248967
2021-06-11 09:35:14,125.9,4249089
2021-06-11 09:35:15,125.9,4251596
2021-06-11 09:35:16,125.9,4251953
2021-06-11 09:35:17,125.85,4253060
2021-06-11 09:35:18,125.9,4259644
2021-06-11 09:35:19,125.85,4259666
2021-06-11 09:35:20,125.85,4259775
2021-06-11 09:35:21,125.85,4259775
2021-06-11 09:35:22,125.9,4261825
2021-06-11 09:35:24,125.85,4262473
2021-06-11 09:35:25,125.8,4262593
2021-06-11 09:35:26,125.8,4263665
2021-06-11 09:35:27,125.8,4264025
2021-06-11 09:35:28,125.8,4264025
2021-06-11 09:35:29,125.85,4264659
2021-06-11 09:35:31,125.85,4264809
2021-06-11 09:35:32,125.8,4268144
2021-06-11 09:35:33,125.8,4268245
2021-06-11 09:35:34,125.85,4268346
2021-06-11 09:35:35,125.85,4268476
2021-06-11 09:35:36,125.8,4269577
2021-06-11 09:35:37,125.9,4280865
2021-06-11 09:35:38,125.9,4281385
2021-06-11 09:35:39,125.9,4281637
2021-06-11 09:35:40,125.9,4282412
2021-06-11 09:35:41,125.95,4282427
2021-06-11 09:35:42,125.9,4282977
2021-06-11 09:35:43,125.85,4283077
2021-06-11 09:35:44,125.85,4284078
2021-06-11 09:35:45,125.95,4287288
2021-06-11 09:35:46,125.85,4298599
2021-06-11 09:35:47,125.85,4299149
2021-06-11 09:35:48,125.85,4299244
2021-06-11 09:35:49,125.9,4299819
2021-06-11 09:35:50,125.9,4299819
2021-06-11 09:35:51,125.85,4300026
2021-06-11 09:35:52,125.85,4300526
2021-06-11 09:35:53,125.85,4301632
2021-06-11 09:35:54,125.95,4301815
2021-06-11 09:35:55,125.95,4301819
2021-06-11 09:35:56,125.9,4302542
2021-06-11 09:35:57,125.9,4302590
2021-06-11 09:35:58,125.9,4302735
2021-06-11 09:35:59,125.85,4302835
2021-06-11 09:36:00,125.9,4302950
2021-06-11 09:36:01,125.9,4302950
2021-06-11 09:36:02,125.85,4304071
2021-06-11 09:36:03,125.9,4304404
2021-06-11 09:36:04,125.85,4304549
2021-06-11 09:36:05,125.85,4312249
2021-06-11 09:36:06,125.85,4312558
2021-06-11 09:36:07,125.9,4312561
2021-06-11 09:36:08,125.85,4313213
2021-06-11 09:36:09,125.85,4313213
2021-06-11 09:36:10,125.9,4314271
2021-06-11 09:36:11,125.8,4316409
2021-06-11 09:36:12,125.9,4316648
2021-06-11 09:36:13,125.8,4316766
2021-06-11 09:36:14,125.9,4316836
2021-06-11 09:36:15,125.9,4317546
2021-06-11 09:36:16,125.9,4317698
2021-06-11 09:36:17,125.9,4318623
2021-06-11 09:36:18,125.9,4318626
2021-06-11 09:36:19,125.8,4318715
2021-06-11 09:36:21,125.8,4318831
2021-06-11 09:36:20,125.8,4318768
2021-06-11 09:36:22,125.8,4318948
2021-06-11 09:36:23,125.8,4319484
2021-06-11 09:36:24,125.75,4329600
2021-06-11 09:36:25,125.8,4346721
2021-06-11 09:36:26,125.85,4356139
2021-06-11 09:36:27,125.8,4357549
2021-06-11 09:36:29,125.8,4358242
2021-06-11 09:36:30,125.75,4358243
2021-06-11 09:36:31,125.8,4358302
2021-06-11 09:36:32,125.75,4358368
2021-06-11 09:36:33,125.8,4359128
2021-06-11 09:36:34,125.8,4359179
2021-06-11 09:36:35,125.7,4362136
2021-06-11 09:36:36,125.8,4375538
2021-06-11 09:36:37,125.9,4375733
2021-06-11 09:36:38,125.8,4376467
2021-06-11 09:36:39,125.8,4376467
2021-06-11 09:36:40,125.8,4376552
2021-06-11 09:36:41,125.8,4376874
2021-06-11 09:36:42,125.8,4381965
2021-06-11 09:36:43,125.85,4382632
2021-06-11 09:36:44,125.85,4382685
2021-06-11 09:36:45,125.85,4382990
2021-06-11 09:36:46,125.8,4384108
2021-06-11 09:36:47,125.8,4384166
2021-06-11 09:36:48,125.8,4385217
2021-06-11 09:36:49,125.7,4385653
2021-06-11 09:36:50,125.7,4386820
2021-06-11 09:36:51,125.75,4386946
2021-06-11 09:36:52,125.7,4386998
2021-06-11 09:36:53,125.75,4394595
2021-06-11 09:36:54,125.85,4394614
2021-06-11 09:36:55,125.75,4395117
2021-06-11 09:36:56,125.85,4395487
2021-06-11 09:36:57,125.75,4395613
2021-06-11 09:36:58,125.85,4395658
2021-06-11 09:36:59,125.85,4395822
2021-06-11 09:37:00,125.85,4396688
2021-06-11 09:37:01,125.8,4397042
2021-06-11 09:37:02,125.75,4397071
2021-06-11 09:37:03,125.65,4414360
2021-06-11 09:37:04,125.7,4422248
2021-06-11 09:37:05,125.7,4422718
2021-06-11 09:37:07,125.65,4423482
2021-06-11 09:37:08,125.65,4423614
2021-06-11 09:37:09,125.75,4423984
2021-06-11 09:37:10,125.75,4423993
2021-06-11 09:37:11,125.7,4424341
2021-06-11 09:37:12,125.75,4424463
2021-06-11 09:37:13,125.7,4424577
2021-06-11 09:37:14,125.75,4425078
2021-06-11 09:37:15,125.75,4428888
2021-06-11 09:37:16,125.85,4432212
2021-06-11 09:37:17,125.85,4432411
2021-06-11 09:37:18,125.85,4432515
2021-06-11 09:37:19,125.75,4432666
2021-06-11 09:37:20,125.85,4433871
2021-06-11 09:37:21,125.85,4433933
2021-06-11 09:37:23,125.8,4451634
2021-06-11 09:37:24,125.75,4452831
2021-06-11 09:37:25,125.75,4452831
2021-06-11 09:37:26,125.8,4453188
2021-06-11 09:37:28,125.8,4453188
2021-06-11 09:37:27,125.8,4453188
2021-06-11 09:37:29,125.75,4453219
2021-06-11 09:37:30,125.75,4453820
2021-06-11 09:37:31,125.8,4454466
2021-06-11 09:37:32,125.7,4455059
2021-06-11 09:37:33,125.7,4455651
2021-06-11 09:37:34,125.75,4455654
2021-06-11 09:37:35,125.7,4455904
2021-06-11 09:37:36,125.7,4456017
2021-06-11 09:37:37,125.7,4456117
2021-06-11 09:37:39,125.75,4456552
2021-06-11 09:37:40,125.75,4456769
2021-06-11 09:37:40,125.75,4457040
2021-06-11 09:37:41,125.75,4457195
2021-06-11 09:37:42,125.7,4457207
2021-06-11 09:37:43,125.7,4457357
2021-06-11 09:37:45,125.7,4460866
2021-06-11 09:37:46,125.75,4461042
2021-06-11 09:37:47,125.75,4461042
2021-06-11 09:37:48,125.65,4461043
2021-06-11 09:37:49,125.65,4462093
2021-06-11 09:37:50,125.65,4505156
2021-06-11 09:37:51,125.65,4524296
2021-06-11 09:37:52,125.65,4525234
2021-06-11 09:37:53,125.65,4525359
2021-06-11 09:37:54,125.65,4525539
2021-06-11 09:37:55,125.65,4526190
2021-06-11 09:37:56,125.65,4527343
2021-06-11 09:37:57,125.65,4527538
2021-06-11 09:37:58,125.6,4527683
2021-06-11 09:38:00,125.65,4528183
2021-06-11 09:38:00,125.65,4528183
2021-06-11 09:38:01,125.7,4529283
2021-06-11 09:38:02,125.7,4529283
2021-06-11 09:38:03,125.7,4529418
2021-06-11 09:38:04,125.7,4529418
2021-06-11 09:38:05,125.7,4529535
2021-06-11 09:38:06,125.7,4529535
2021-06-11 09:38:07,125.65,4529635
2021-06-11 09:38:08,125.7,4531383
2021-06-11 09:38:10,125.75,4534937
2021-06-11 09:38:10,125.75,4536212
2021-06-11 09:38:11,125.8,4536423
2021-06-11 09:38:12,125.8,4536518
2021-06-11 09:38:13,125.8,4536520
2021-06-11 09:38:15,125.8,4536585
2021-06-11 09:38:15,125.8,4537225
2021-06-11 09:38:16,125.8,4537295
2021-06-11 09:38:17,125.8,4537295
2021-06-11 09:38:18,125.75,4537645
2021-06-11 09:38:19,125.8,4541145
2021-06-11 09:38:21,125.75,4541415
2021-06-11 09:38:21,125.8,4541468
2021-06-11 09:38:23,125.75,4542012
2021-06-11 09:38:23,125.75,4542019
2021-06-11 09:38:24,125.75,4542019
2021-06-11 09:38:26,125.75,4542438
2021-06-11 09:38:26,125.75,4542461
2021-06-11 09:38:27,125.8,4542961
2021-06-11 09:38:28,125.75,4543469
2021-06-11 09:38:30,125.8,4543630
2021-06-11 09:38:31,125.8,4543630
2021-06-11 09:38:32,125.75,4543787
2021-06-11 09:38:32,125.75,4543787
2021-06-11 09:38:33,125.8,4544504
2021-06-11 09:38:34,125.8,4544671
2021-06-11 09:38:36,125.75,4552907
2021-06-11 09:38:36,125.75,4553741
2021-06-11 09:38:37,125.7,4553798
2021-06-11 09:38:39,125.65,4555815
2021-06-11 09:38:39,125.7,4556122
2021-06-11 09:38:40,125.7,4556123
2021-06-11 09:38:42,125.7,4556313
2021-06-11 09:38:43,125.7,4556413
2021-06-11 09:38:44,125.65,4556636
2021-06-11 09:38:45,125.65,4556861
2021-06-11 09:38:46,125.55,4587885
2021-06-11 09:38:48,125.55,4600579
2021-06-11 09:38:48,125.55,4600579
2021-06-11 09:38:49,125.6,4601228
2021-06-11 09:38:50,125.6,4601329
2021-06-11 09:38:51,125.5,4617042
2021-06-11 09:38:52,125.5,4618353
2021-06-11 09:38:54,125.55,4618354
2021-06-11 09:38:55,125.5,4626345
2021-06-11 09:38:56,125.55,4626948
2021-06-11 09:38:57,125.5,4636749
2021-06-11 09:38:58,125.55,4637300
2021-06-11 09:38:59,125.5,4637324
2021-06-11 09:39:00,125.5,4639525
2021-06-11 09:39:00,125.55,4639909
2021-06-11 09:39:02,125.55,4648841
2021-06-11 09:39:03,125.55,4649421
2021-06-11 09:39:03,125.5,4649460
2021-06-11 09:39:04,125.5,4650587
2021-06-11 09:39:05,125.55,4652605
2021-06-11 09:39:07,125.5,4653059
2021-06-11 09:39:07,125.5,4653259
2021-06-11 09:39:08,125.55,4654362
2021-06-11 09:39:09,125.5,4654760
2021-06-11 09:39:10,125.55,4654761
2021-06-11 09:39:11,125.55,4655860
2021-06-11 09:39:12,125.6,4655863
2021-06-11 09:39:14,125.6,4655863
2021-06-11 09:39:15,125.5,4660600
2021-06-11 09:39:16,125.55,4661193
2021-06-11 09:39:17,125.55,4664881
2021-06-11 09:39:18,125.5,4665329
2021-06-11 09:39:19,125.5,4665955
2021-06-11 09:39:20,125.5,4667529
2021-06-11 09:39:21,125.55,4671639
2021-06-11 09:39:22,125.55,4672582
2021-06-11 09:39:23,125.55,4672880
2021-06-11 09:39:24,125.55,4672927
2021-06-11 09:39:24,125.55,4672929
2021-06-11 09:39:25,125.55,4673290
2021-06-11 09:39:26,125.55,4673290
2021-06-11 09:39:27,125.55,4673290
2021-06-11 09:39:29,125.55,4673451
2021-06-11 09:39:29,125.55,4673451
2021-06-11 09:39:30,125.6,4677533
2021-06-11 09:39:32,125.6,4679227
2021-06-11 09:39:33,125.55,4679518
2021-06-11 09:39:34,125.55,4679617
2021-06-11 09:39:34,125.55,4679617
2021-06-11 09:39:35,125.5,4733791
2021-06-11 09:39:36,125.5,4737901
2021-06-11 09:39:37,125.5,4738151
2021-06-11 09:39:38,125.45,4738956
2021-06-11 09:39:39,125.45,4740063
2021-06-11 09:39:40,125.4,4758056
2021-06-11 09:39:41,125.4,4759007
2021-06-11 09:39:42,125.5,4759207
2021-06-11 09:39:43,125.4,4759230
2021-06-11 09:39:44,125.4,4780374
2021-06-11 09:39:45,125.4,4783070
2021-06-11 09:39:47,125.5,4791006
2021-06-11 09:39:47,125.55,4790989
2021-06-11 09:39:48,125.45,4791558
2021-06-11 09:39:49,125.55,4801972
2021-06-11 09:39:50,125.6,4814277
2021-06-11 09:39:51,125.65,4814327
2021-06-11 09:39:53,125.55,4818341
2021-06-11 09:39:54,125.7,4819597
2021-06-11 09:39:55,125.7,4820169
2021-06-11 09:39:56,125.65,4821087
2021-06-11 09:39:57,125.65,4822458
2021-06-11 09:39:57,125.6,4822959
2021-06-11 09:39:59,125.65,4826011
2021-06-11 09:40:00,125.75,4829341
2021-06-11 09:40:01,125.75,4833363
2021-06-11 09:40:02,125.8,4833962
2021-06-11 09:40:03,125.8,4833970
2021-06-11 09:40:04,125.75,4842473
2021-06-11 09:40:05,125.7,4845501
2021-06-11 09:40:06,125.8,4845511
2021-06-11 09:40:07,125.75,4845776
2021-06-11 09:40:08,125.8,4845803
2021-06-11 09:40:10,125.8,4846919
2021-06-11 09:40:11,125.9,4859345
2021-06-11 09:40:12,125.9,4860263
2021-06-11 09:40:13,125.85,4860334
2021-06-11 09:40:14,125.8,4860447
2021-06-11 09:40:16,125.8,4861642
2021-06-11 09:40:17,125.8,4862881
2021-06-11 09:40:18,125.8,4863138
2021-06-11 09:40:19,125.8,4870180
2021-06-11 09:40:19,125.8,4869977
2021-06-11 09:40:20,125.85,4887740
2021-06-11 09:40:21,125.9,4887964
2021-06-11 09:40:22,125.9,4888702
2021-06-11 09:40:23,125.85,4889824
2021-06-11 09:40:24,125.85,4890496
2021-06-11 09:40:25,125.85,4891255
2021-06-11 09:40:28,125.85,4891305
2021-06-11 09:40:29,125.85,4891324
2021-06-11 09:40:30,125.85,4891433
2021-06-11 09:40:31,125.85,4892869
2021-06-11 09:40:32,125.85,4893000
2021-06-11 09:40:32,125.85,4893002
2021-06-11 09:40:33,125.8,4894136
2021-06-11 09:40:34,125.8,4894224
2021-06-11 09:40:35,125.85,4895521
2021-06-11 09:40:36,125.85,4895550
2021-06-11 09:40:37,125.9,4902184
2021-06-11 09:40:38,125.85,4916366
2021-06-11 09:40:39,125.85,4916401
2021-06-11 09:40:41,125.85,4917223
2021-06-11 09:40:42,125.85,4917327
2021-06-11 09:40:42,125.85,4917331
2021-06-11 09:40:43,125.85,4917417
2021-06-11 09:40:44,125.85,4917694
2021-06-11 09:40:45,125.85,4917967
2021-06-11 09:40:46,125.85,4918125
2021-06-11 09:40:47,125.85,4918133
2021-06-11 09:40:48,125.85,4918392
2021-06-11 09:40:49,125.85,4918526
2021-06-11 09:40:50,125.85,4918533
2021-06-11 09:40:51,125.85,4918841
2021-06-11 09:40:52,125.8,4920292
2021-06-11 09:40:53,125.85,4923044
2021-06-11 09:40:54,125.85,4923086
2021-06-11 09:40:55,125.85,4923343
2021-06-11 09:40:56,125.8,4923727
2021-06-11 09:40:57,125.8,4924423
2021-06-11 09:40:59,125.8,4925440
2021-06-11 09:41:02,125.8,4930359
2021-06-11 09:41:03,125.75,4932388
2021-06-11 09:41:04,125.75,4932498
2021-06-11 09:41:05,125.8,4936533
2021-06-11 09:41:06,125.8,4936668
2021-06-11 09:41:06,125.8,4936669
2021-06-11 09:41:07,125.8,4936674
2021-06-11 09:41:08,125.85,4938419
2021-06-11 09:41:09,125.75,4938658
2021-06-11 09:41:10,125.75,4938667
2021-06-11 09:41:11,125.75,4938877
2021-06-11 09:41:12,125.75,4938882
2021-06-11 09:41:13,125.85,4939037
2021-06-11 09:41:15,125.8,4939050
2021-06-11 09:41:15,125.8,4939062
2021-06-11 09:41:16,125.8,4939311
2021-06-11 09:41:17,125.8,4947561
2021-06-11 09:41:18,125.8,4948228
2021-06-11 09:41:19,125.8,4948292
2021-06-11 09:41:20,125.8,4948410
2021-06-11 09:41:21,125.75,4949218
2021-06-11 09:41:23,125.8,4950929
2021-06-11 09:41:24,125.8,4951270
2021-06-11 09:41:25,125.8,4951280
2021-06-11 09:41:25,125.8,4951282
2021-06-11 09:41:26,125.7,4953437
2021-06-11 09:41:27,125.75,4953454
2021-06-11 09:41:28,125.8,4953565
2021-06-11 09:41:29,125.7,4953757
2021-06-11 09:41:30,125.8,4961279
2021-06-11 09:41:31,125.8,4961899
2021-06-11 09:41:32,125.8,4961906
2021-06-11 09:41:33,125.8,4969917
2021-06-11 09:41:35,125.8,4970390
2021-06-11 09:41:36,125.8,4971611
2021-06-11 09:41:37,126.05,5090809
2021-06-11 09:41:37,126.0,5102470
2021-06-11 09:41:39,126.05,5121317
2021-06-11 09:41:39,126.05,5122317
2021-06-11 09:41:40,126.0,5123614
2021-06-11 09:41:42,126.05,5123649
2021-06-11 09:41:43,126.05,5124979
2021-06-11 09:41:44,126.0,5125174
2021-06-11 09:41:45,126.0,5126361
2021-06-11 09:41:46,126.0,5126430
2021-06-11 09:41:47,126.2,5152397
2021-06-11 09:41:47,126.2,5172494
2021-06-11 09:41:48,126.25,5175874
2021-06-11 09:41:49,126.25,5175884
2021-06-11 09:41:50,126.25,5179230
2021-06-11 09:41:51,126.3,5182756
2021-06-11 09:41:52,126.3,5183163
2021-06-11 09:41:53,126.25,5183486
2021-06-11 09:41:54,126.3,5183556
2021-06-11 09:41:55,126.1,5196356
2021-06-11 09:41:57,126.2,5198220
2021-06-11 09:41:58,126.2,5200602
2021-06-11 09:41:59,126.2,5200738
2021-06-11 09:42:00,126.2,5200927
2021-06-11 09:42:01,126.2,5201110
2021-06-11 09:42:02,126.2,5201216
2021-06-11 09:42:03,126.2,5209858
2021-06-11 09:42:04,126.15,5210333
2021-06-11 09:42:05,126.15,5210579
2021-06-11 09:42:06,126.15,5211154
2021-06-11 09:42:07,126.15,5211278
2021-06-11 09:42:07,126.15,5211384
2021-06-11 09:42:09,126.15,5211506
2021-06-11 09:42:10,126.2,5226133
2021-06-11 09:42:10,126.15,5226153
2021-06-11 09:42:11,126.2,5234821
2021-06-11 09:42:12,126.2,5234940
2021-06-11 09:42:13,126.15,5244378
2021-06-11 09:42:14,126.1,5245116
2021-06-11 09:42:15,126.1,5245275
2021-06-11 09:42:17,126.1,5245958
2021-06-11 09:42:18,126.15,5247128
2021-06-11 09:42:18,126.15,5247122
2021-06-11 09:42:19,126.15,5247290
2021-06-11 09:42:21,126.15,5247683
2021-06-11 09:42:22,126.15,5247771
2021-06-11 09:42:23,126.15,5248028
2021-06-11 09:42:24,126.1,5249184
2021-06-11 09:42:24,126.15,5249244
2021-06-11 09:42:25,126.1,5249786
2021-06-11 09:42:26,126.1,5249795
2021-06-11 09:42:27,126.1,5250135
2021-06-11 09:42:28,126.2,5258592
2021-06-11 09:42:29,126.2,5259995
2021-06-11 09:42:30,126.2,5261437
2021-06-11 09:42:31,126.15,5262413
2021-06-11 09:42:32,126.15,5262570
2021-06-11 09:42:33,126.15,5262908
2021-06-11 09:42:34,126.15,5264638
2021-06-11 09:42:35,126.15,5264661
2021-06-11 09:42:36,126.2,5264815
2021-06-11 09:42:37,126.15,5265424
2021-06-11 09:42:38,126.1,5271464
2021-06-11 09:42:40,126.15,5273238
2021-06-11 09:42:40,126.1,5273894
2021-06-11 09:42:41,126.1,5274046
2021-06-11 09:42:43,126.1,5274067
2021-06-11 09:42:44,126.1,5274713
2021-06-11 09:42:45,126.1,5274931
2021-06-11 09:42:46,126.05,5275501
2021-06-11 09:42:47,126.05,5277005
2021-06-11 09:42:48,126.05,5277081
2021-06-11 09:42:49,126.1,5278810
2021-06-11 09:42:50,126.1,5279133
2021-06-11 09:42:51,126.1,5279744
2021-06-11 09:42:52,126.1,5280205
2021-06-11 09:42:52,126.1,5280206
2021-06-11 09:42:53,126.1,5280294
2021-06-11 09:42:54,126.1,5285212
2021-06-11 09:42:55,126.05,5285230
2021-06-11 09:42:56,126.05,5285237
2021-06-11 09:42:58,126.05,5285791
2021-06-11 09:42:59,126.05,5286050
2021-06-11 09:43:00,126.05,5286607
2021-06-11 09:43:01,126.05,5289104
2021-06-11 09:43:02,126.05,5289514
2021-06-11 09:43:03,126.0,5290135
2021-06-11 09:43:04,126.0,5290663
2021-06-11 09:43:05,126.0,5290677
2021-06-11 09:43:06,126.0,5290938
2021-06-11 09:43:07,126.05,5291655
2021-06-11 09:43:08,126.05,5291693
2021-06-11 09:43:09,126.0,5328897
2021-06-11 09:43:10,126.05,5331426
2021-06-11 09:43:10,126.05,5331526
2021-06-11 09:43:11,126.2,5345904
2021-06-11 09:43:12,126.2,5347370
2021-06-11 09:43:13,126.2,5347597
2021-06-11 09:43:14,126.1,5352615
2021-06-11 09:43:15,126.1,5369496
2021-06-11 09:43:16,126.0,5370796
2021-06-11 09:43:17,126.1,5370817
2021-06-11 09:43:18,126.0,5371055
2021-06-11 09:43:19,125.9,5373985
2021-06-11 09:43:20,126.0,5374253
2021-06-11 09:43:21,125.9,5374361
2021-06-11 09:43:22,126.0,5374680
2021-06-11 09:43:23,125.85,5398143
2021-06-11 09:43:24,125.8,5411984
2021-06-11 09:43:25,125.8,5415846
2021-06-11 09:43:26,125.85,5418499
2021-06-11 09:43:27,125.8,5419662
2021-06-11 09:43:29,125.85,5419672
2021-06-11 09:43:30,125.85,5419684
2021-06-11 09:43:31,125.75,5423757
2021-06-11 09:43:32,125.85,5433537
2021-06-11 09:43:33,125.8,5436414
2021-06-11 09:43:34,125.8,5436504
2021-06-11 09:43:34,125.75,5436803
2021-06-11 09:43:36,125.8,5437639
2021-06-11 09:43:36,125.8,5437639
2021-06-11 09:43:37,125.8,5437656
2021-06-11 09:43:38,125.75,5437675
2021-06-11 09:43:39,125.75,5437889
2021-06-11 09:43:40,125.8,5438759
2021-06-11 09:43:42,125.75,5439659
2021-06-11 09:43:43,125.75,5439915
2021-06-11 09:43:43,125.75,5440470
2021-06-11 09:43:45,125.8,5440709
2021-06-11 09:43:46,125.8,5440748
2021-06-11 09:43:47,125.8,5440760
2021-06-11 09:43:47,125.8,5440760
2021-06-11 09:43:49,125.85,5448412
2021-06-11 09:43:50,125.8,5448944
2021-06-11 09:43:50,125.8,5448944
2021-06-11 09:43:51,125.75,5449134
2021-06-11 09:43:53,125.8,5449142
2021-06-11 09:43:54,125.75,5450456
2021-06-11 09:43:55,125.75,5450506
2021-06-11 09:43:56,125.75,5450649
2021-06-11 09:43:57,125.8,5451649
2021-06-11 09:43:58,125.8,5451821
2021-06-11 09:44:00,125.85,5452951
2021-06-11 09:44:01,125.75,5456336
2021-06-11 09:44:02,125.8,5456400
2021-06-11 09:44:03,125.75,5456402
2021-06-11 09:44:03,125.75,5456402
2021-06-11 09:44:04,125.7,5457152
2021-06-11 09:44:05,125.75,5457723
2021-06-11 09:44:06,125.8,5459034
2021-06-11 09:44:08,125.8,5460654
2021-06-11 09:44:08,125.8,5461663
2021-06-11 09:44:09,125.75,5461753
2021-06-11 09:44:11,125.85,5479738
2021-06-11 09:44:12,125.9,5480475
2021-06-11 09:44:13,126.0,5481170
2021-06-11 09:44:14,126.0,5481296
2021-06-11 09:44:15,126.0,5481626
2021-06-11 09:44:16,125.9,5481628
2021-06-11 09:44:17,125.9,5481714
2021-06-11 09:44:18,125.95,5482629
2021-06-11 09:44:19,126.0,5482729
2021-06-11 09:44:20,125.9,5489262
2021-06-11 09:44:21,125.8,5493947
2021-06-11 09:44:22,125.8,5493947
2021-06-11 09:44:22,125.8,5494071
2021-06-11 09:44:24,125.85,5498600
2021-06-11 09:44:24,125.9,5498636
2021-06-11 09:44:25,125.85,5498953
2021-06-11 09:44:26,125.95,5500603
2021-06-11 09:44:28,125.95,5500649
2021-06-11 09:44:28,126.0,5500750
2021-06-11 09:44:29,125.95,5501020
2021-06-11 09:44:30,126.0,5501166
2021-06-11 09:44:32,125.9,5505498
2021-06-11 09:44:32,125.9,5505498
2021-06-11 09:44:33,125.95,5505899
2021-06-11 09:44:34,125.9,5506109
2021-06-11 09:44:35,125.9,5506190
2021-06-11 09:44:36,125.9,5506760
2021-06-11 09:44:37,125.95,5507271
2021-06-11 09:44:39,125.9,5507809
2021-06-11 09:44:39,125.9,5507991
2021-06-11 09:44:40,125.9,5508549
2021-06-11 09:44:41,125.9,5508609
2021-06-11 09:44:42,125.9,5508614
2021-06-11 09:44:43,125.9,5508732
2021-06-11 09:44:44,125.9,5512823
2021-06-11 09:44:46,125.9,5512966
2021-06-11 09:44:46,125.9,5512993
2021-06-11 09:44:48,125.8,5513201
2021-06-11 09:44:49,125.85,5513249
2021-06-11 09:44:50,125.85,5513254
2021-06-11 09:44:51,125.85,5513405
2021-06-11 09:44:52,125.8,5513442
2021-06-11 09:44:53,125.8,5513442
2021-06-11 09:44:54,125.85,5513447
2021-06-11 09:44:55,125.85,5513467
2021-06-11 09:44:56,125.8,5513538
2021-06-11 09:44:57,125.85,5513539
2021-06-11 09:44:58,125.9,5513739
2021-06-11 09:44:59,125.9,5513739
2021-06-11 09:45:01,125.9,5533833
2021-06-11 09:45:03,125.9,5535847
2021-06-11 09:45:04,125.9,5535849
2021-06-11 09:45:05,125.95,5540349
2021-06-11 09:45:06,125.9,5541579
2021-06-11 09:45:07,125.95,5542065
2021-06-11 09:45:08,125.9,5552956
2021-06-11 09:45:08,125.9,5553174
2021-06-11 09:45:09,125.9,5553630
2021-06-11 09:45:10,125.9,5553650
2021-06-11 09:45:11,125.85,5553786
2021-06-11 09:45:12,125.9,5554386
2021-06-11 09:45:13,125.9,5554386
2021-06-11 09:45:14,125.9,5554586
2021-06-11 09:45:15,125.9,5554587
2021-06-11 09:45:16,125.9,5554651
2021-06-11 09:45:17,125.8,5556227
2021-06-11 09:45:18,125.85,5556443
2021-06-11 09:45:19,125.85,5556543
2021-06-11 09:45:21,125.8,5556700
2021-06-11 09:45:22,125.85,5557425
2021-06-11 09:45:23,125.85,5557945
2021-06-11 09:45:24,125.85,5558697
2021-06-11 09:45:25,125.8,5559059
2021-06-11 09:45:26,125.8,5575658
2021-06-11 09:45:27,125.8,5576526
2021-06-11 09:45:27,125.8,5576766
2021-06-11 09:45:28,125.8,5576873
2021-06-11 09:45:30,125.8,5577082
2021-06-11 09:45:31,125.8,5581934
2021-06-11 09:45:33,125.75,5585957
2021-06-11 09:45:34,125.75,5586058
2021-06-11 09:45:35,125.8,5587278
2021-06-11 09:45:36,125.75,5587378
2021-06-11 09:45:37,125.75,5587538
2021-06-11 09:45:38,125.8,5592693
2021-06-11 09:45:39,125.8,5593186
2021-06-11 09:45:40,125.75,5593395
2021-06-11 09:45:41,125.8,5593929
2021-06-11 09:45:42,125.8,5593936
2021-06-11 09:45:43,125.8,5594798
2021-06-11 09:45:44,125.85,5594938
2021-06-11 09:45:45,125.8,5594946
2021-06-11 09:45:46,125.8,5594948
2021-06-11 09:45:47,125.8,5596440
2021-06-11 09:45:48,125.8,5596540
2021-06-11 09:45:49,125.8,5596699
2021-06-11 09:45:50,125.8,5596824
2021-06-11 09:45:51,125.8,5596907
2021-06-11 09:45:52,125.8,5597008
2021-06-11 09:45:53,125.85,5604957
2021-06-11 09:45:54,125.9,5605157
2021-06-11 09:45:55,125.8,5606158
2021-06-11 09:45:56,125.8,5606158
2021-06-11 09:45:57,125.8,5606158
2021-06-11 09:45:58,125.9,5607743
2021-06-11 09:45:59,125.9,5607763
2021-06-11 09:46:00,125.8,5607978
2021-06-11 09:46:01,125.8,5608059
2021-06-11 09:46:02,125.8,5608059
2021-06-11 09:46:03,125.8,5608235
2021-06-11 09:46:04,125.8,5608235
2021-06-11 09:46:05,125.9,5608315
2021-06-11 09:46:06,125.9,5608466
2021-06-11 09:46:07,125.9,5609591
2021-06-11 09:46:08,125.9,5609591
2021-06-11 09:46:09,125.8,5609609
2021-06-11 09:46:10,125.9,5610239
2021-06-11 09:46:11,125.9,5611549
2021-06-11 09:46:12,125.9,5612512
2021-06-11 09:46:13,125.9,5612512
2021-06-11 09:46:14,125.9,5612522
2021-06-11 09:46:15,125.9,5612522
2021-06-11 09:46:16,125.85,5612523
2021-06-11 09:46:17,125.8,5612623
2021-06-11 09:46:18,125.8,5614626
2021-06-11 09:46:19,125.85,5615351
2021-06-11 09:46:20,125.85,5615353
2021-06-11 09:46:21,125.8,5615363
2021-06-11 09:46:22,125.8,5616373
2021-06-11 09:46:23,125.8,5616423
2021-06-11 09:46:24,125.8,5616423
2021-06-11 09:46:25,125.85,5616486
2021-06-11 09:46:26,125.85,5616496
2021-06-11 09:46:27,125.8,5616831
2021-06-11 09:46:28,125.85,5617630
2021-06-11 09:46:29,125.85,5617630
2021-06-11 09:46:30,125.85,5617630
2021-06-11 09:46:31,125.8,5620528
2021-06-11 09:46:32,125.85,5620828
2021-06-11 09:46:33,125.8,5620963
2021-06-11 09:46:34,125.85,5621334
2021-06-11 09:46:35,125.75,5622642
2021-06-11 09:46:36,125.75,5622658
2021-06-11 09:46:37,125.8,5622731
2021-06-11 09:46:38,125.8,5622945
2021-06-11 09:46:39,125.8,5622946
2021-06-11 09:46:41,125.8,5623449
2021-06-11 09:46:40,125.8,5622949
2021-06-11 09:46:42,125.8,5623514
2021-06-11 09:46:43,125.8,5623764
2021-06-11 09:46:44,125.8,5623858
2021-06-11 09:46:45,125.8,5624369
2021-06-11 09:46:46,125.8,5624419
2021-06-11 09:46:47,125.75,5624529
2021-06-11 09:46:48,125.8,5625139
2021-06-11 09:46:49,125.75,5625243
2021-06-11 09:46:50,125.8,5625244
2021-06-11 09:46:51,125.75,5625245
2021-06-11 09:46:52,125.75,5625246
2021-06-11 09:46:53,125.75,5625362
2021-06-11 09:46:54,125.75,5625462
2021-06-11 09:46:55,125.8,5625592
2021-06-11 09:46:56,125.8,5625711
2021-06-11 09:46:57,125.8,5626803
2021-06-11 09:46:58,125.8,5627768
2021-06-11 09:46:59,125.75,5630198
2021-06-11 09:47:00,125.75,5630698
2021-06-11 09:47:02,125.8,5631311
2021-06-11 09:47:01,125.8,5631311
2021-06-11 09:47:03,125.75,5631535
2021-06-11 09:47:04,125.75,5631535
2021-06-11 09:47:05,125.85,5631685
2021-06-11 09:47:07,125.75,5631902
2021-06-11 09:47:06,125.75,5631902
2021-06-11 09:47:08,125.8,5632152
2021-06-11 09:47:09,125.8,5632303
2021-06-11 09:47:10,125.75,5632803
2021-06-11 09:47:12,125.8,5632841
2021-06-11 09:47:13,125.8,5634941
2021-06-11 09:47:14,125.8,5635306
2021-06-11 09:47:15,125.8,5635557
2021-06-11 09:47:16,125.75,5635562
2021-06-11 09:47:17,125.75,5636669
2021-06-11 09:47:18,125.8,5638021
2021-06-11 09:47:19,125.8,5638021
2021-06-11 09:47:20,125.8,5638145
2021-06-11 09:47:21,125.75,5638249
2021-06-11 09:47:22,125.75,5638761
2021-06-11 09:47:23,125.8,5638827
2021-06-11 09:47:24,125.75,5638830
2021-06-11 09:47:25,125.75,5639530
2021-06-11 09:47:26,125.75,5639531
2021-06-11 09:47:27,125.75,5684708
2021-06-11 09:47:28,125.7,5687602
2021-06-11 09:47:29,125.75,5690846
2021-06-11 09:47:30,125.7,5691048
2021-06-11 09:47:31,125.75,5692098
2021-06-11 09:47:32,125.7,5702311
2021-06-11 09:47:33,125.7,5702625
2021-06-11 09:47:34,125.7,5702626
2021-06-11 09:47:35,125.7,5702626
2021-06-11 09:47:36,125.7,5703236
2021-06-11 09:47:37,125.65,5704237
2021-06-11 09:47:38,125.7,5707716
2021-06-11 09:47:40,125.6,5759552
2021-06-11 09:47:39,125.55,5756967
2021-06-11 09:47:41,125.55,5760968
2021-06-11 09:47:42,125.55,5761068
2021-06-11 09:47:43,125.55,5761193
2021-06-11 09:47:44,125.55,5768597
2021-06-11 09:47:45,125.55,5768680
2021-06-11 09:47:47,125.6,5769231
2021-06-11 09:47:47,125.6,5769231
2021-06-11 09:47:48,125.55,5770939
2021-06-11 09:47:49,125.6,5772107
2021-06-11 09:47:51,125.55,5772823
2021-06-11 09:47:52,125.6,5772928
2021-06-11 09:47:54,125.6,5772944
2021-06-11 09:47:54,125.6,5772944
2021-06-11 09:47:55,125.6,5773294
2021-06-11 09:47:56,125.6,5773295
2021-06-11 09:47:57,125.55,5773984
2021-06-11 09:47:58,125.6,5774094
2021-06-11 09:47:59,125.6,5774110
2021-06-11 09:48:00,125.55,5774245
2021-06-11 09:48:01,125.55,5774245
2021-06-11 09:48:02,125.7,5782747
2021-06-11 09:48:03,125.7,5783352
2021-06-11 09:48:04,125.7,5783352
2021-06-11 09:48:05,125.7,5823196
2021-06-11 09:48:07,125.75,5824131
2021-06-11 09:48:08,125.75,5824131
2021-06-11 09:48:08,125.8,5826215
2021-06-11 09:48:09,125.7,5827220
2021-06-11 09:48:10,125.75,5827446
2021-06-11 09:48:11,125.8,5827447
2021-06-11 09:48:13,125.75,5828127
2021-06-11 09:48:14,125.7,5829224
2021-06-11 09:48:15,125.7,5829343
2021-06-11 09:48:17,125.7,5829417
2021-06-11 09:48:18,125.7,5831488
2021-06-11 09:48:19,125.7,5831488
2021-06-11 09:48:21,125.7,5831590
2021-06-11 09:48:21,125.75,5831759
2021-06-11 09:48:22,125.75,5831985
2021-06-11 09:48:23,125.75,5832318
2021-06-11 09:48:24,125.7,5832462
2021-06-11 09:48:25,125.7,5832564
2021-06-11 09:48:26,125.7,5832565
2021-06-11 09:48:27,125.75,5832591
2021-06-11 09:48:29,125.7,5832595
2021-06-11 09:48:31,125.7,5833015
2021-06-11 09:48:32,125.75,5833141
2021-06-11 09:48:33,125.7,5833596
2021-06-11 09:48:34,125.75,5833723
2021-06-11 09:48:35,125.7,5833873
2021-06-11 09:48:36,125.7,5834017
2021-06-11 09:48:37,125.7,5834142
2021-06-11 09:48:38,125.75,5836189
2021-06-11 09:48:39,125.75,5836219
2021-06-11 09:48:40,125.75,5836319
2021-06-11 09:48:41,125.7,5836819
2021-06-11 09:48:42,125.7,5836819
2021-06-11 09:48:43,125.75,5836847
2021-06-11 09:48:44,125.8,5836876
2021-06-11 09:48:46,125.8,5836881
2021-06-11 09:48:47,125.8,5837108
2021-06-11 09:48:47,125.8,5837108
2021-06-11 09:48:48,125.8,5837209
2021-06-11 09:48:49,125.8,5837363
2021-06-11 09:48:50,125.75,5838363
2021-06-11 09:48:51,125.8,5838463
2021-06-11 09:48:53,125.7,5838689
2021-06-11 09:48:53,125.7,5838689
2021-06-11 09:48:55,125.8,5840123
2021-06-11 09:48:56,125.75,5840125
2021-06-11 09:48:56,125.75,5840125
2021-06-11 09:48:57,125.8,5840509
2021-06-11 09:48:58,125.75,5840525
2021-06-11 09:48:59,125.75,5840550
2021-06-11 09:49:01,125.75,5840561
2021-06-11 09:49:01,125.75,5840561
2021-06-11 09:49:02,125.7,5840738
2021-06-11 09:49:03,125.7,5840775
2021-06-11 09:49:04,125.75,5840881
2021-06-11 09:49:05,125.7,5841684
2021-06-11 09:49:06,125.7,5841684
2021-06-11 09:49:07,125.7,5842292
2021-06-11 09:49:08,125.75,5844307
2021-06-11 09:49:09,125.7,5846044
2021-06-11 09:49:10,125.65,5846707
2021-06-11 09:49:11,125.65,5846717
2021-06-11 09:49:12,125.7,5846880
2021-06-11 09:49:13,125.65,5847420
2021-06-11 09:49:14,125.65,5847420
2021-06-11 09:49:15,125.65,5847775
2021-06-11 09:49:16,125.7,5847797
2021-06-11 09:49:17,125.65,5847913
2021-06-11 09:49:18,125.65,5847913
2021-06-11 09:49:19,125.65,5848213
2021-06-11 09:49:20,125.65,5848213
2021-06-11 09:49:21,125.65,5848214
2021-06-11 09:49:22,125.65,5848214
2021-06-11 09:49:23,125.65,5848214
2021-06-11 09:49:24,125.7,5848414
2021-06-11 09:49:25,125.7,5848855
2021-06-11 09:49:26,125.7,5848883
2021-06-11 09:49:27,125.7,5848891
2021-06-11 09:49:28,125.65,5849091
2021-06-11 09:49:29,125.65,5849098
2021-06-11 09:49:30,125.7,5849118
2021-06-11 09:49:31,125.7,5849148
2021-06-11 09:49:33,125.65,5853210
2021-06-11 09:49:32,125.65,5853202
2021-06-11 09:49:34,125.6,5875728
2021-06-11 09:49:35,125.65,5875985
2021-06-11 09:49:36,125.65,5877159
2021-06-11 09:49:37,125.55,5877317
2021-06-11 09:49:38,125.55,6006175
2021-06-11 09:49:39,125.6,6012461
2021-06-11 09:49:40,125.55,6014832
2021-06-11 09:49:41,125.6,6015082
2021-06-11 09:49:43,125.6,6015184
2021-06-11 09:49:44,125.55,6016314
2021-06-11 09:49:45,125.55,6016504
2021-06-11 09:49:46,125.55,6016504
2021-06-11 09:49:47,125.55,6016504
2021-06-11 09:49:48,125.55,6016504
2021-06-11 09:49:49,125.6,6017056
2021-06-11 09:49:50,125.7,6018118
2021-06-11 09:49:51,125.75,6019021
2021-06-11 09:49:52,125.75,6019669
2021-06-11 09:49:53,125.65,6019715
2021-06-11 09:49:54,125.65,6019965
2021-06-11 09:49:55,125.65,6019965
2021-06-11 09:49:56,125.75,6020322
2021-06-11 09:49:57,125.7,6020365
2021-06-11 09:49:59,125.7,6021285
2021-06-11 09:49:59,125.7,6021286
2021-06-11 09:50:00,125.75,6024386
2021-06-11 09:50:02,125.75,6024445
2021-06-11 09:50:02,125.7,6024446
2021-06-11 09:50:04,125.75,6025714
2021-06-11 09:50:05,125.7,6026525
2021-06-11 09:50:06,125.8,6030020
2021-06-11 09:50:07,125.8,6030197
2021-06-11 09:50:08,125.75,6030247
2021-06-11 09:50:09,125.8,6031111
2021-06-11 09:50:09,125.8,6031111
2021-06-11 09:50:10,125.75,6031113
2021-06-11 09:50:11,125.75,6031113
2021-06-11 09:50:13,125.75,6031114
2021-06-11 09:50:14,125.8,6031120
2021-06-11 09:50:15,125.75,6031157
2021-06-11 09:50:16,125.75,6033094
2021-06-11 09:50:17,125.75,6036803
2021-06-11 09:50:18,125.75,6037644
2021-06-11 09:50:19,125.85,6051579
2021-06-11 09:50:20,125.85,6053223
2021-06-11 09:50:22,125.9,6053229
2021-06-11 09:50:23,125.85,6053234
2021-06-11 09:50:24,125.85,6053253
2021-06-11 09:50:25,125.85,6053313
2021-06-11 09:50:25,125.9,6053323
2021-06-11 09:50:27,125.85,6053376
2021-06-11 09:50:28,125.85,6053431
2021-06-11 09:50:29,125.85,6053531
2021-06-11 09:50:30,125.85,6054271
2021-06-11 09:50:30,125.85,6054271
2021-06-11 09:50:31,125.85,6054698
2021-06-11 09:50:33,125.9,6055795
2021-06-11 09:50:33,125.85,6055895
2021-06-11 09:50:34,125.85,6057054
2021-06-11 09:50:35,125.85,6057354
2021-06-11 09:50:36,125.85,6057354
2021-06-11 09:50:37,125.85,6057554
2021-06-11 09:50:39,125.85,6057555
2021-06-11 09:50:39,125.85,6057655
2021-06-11 09:50:40,125.85,6058356
2021-06-11 09:50:42,125.8,6058725
2021-06-11 09:50:43,125.75,6061796
2021-06-11 09:50:44,125.85,6061804
2021-06-11 09:50:46,125.85,6061872
2021-06-11 09:50:47,125.75,6062182
2021-06-11 09:50:47,125.75,6062182
2021-06-11 09:50:48,125.8,6062332
2021-06-11 09:50:50,125.85,6062592
2021-06-11 09:50:51,125.8,6062855
2021-06-11 09:50:52,125.85,6063355
2021-06-11 09:50:53,125.85,6063356
2021-06-11 09:50:54,125.85,6063381
2021-06-11 09:50:55,125.8,6063383
2021-06-11 09:50:55,125.85,6063385
2021-06-11 09:50:56,125.8,6063487
2021-06-11 09:50:57,125.8,6063882
2021-06-11 09:50:58,125.8,6063987
2021-06-11 09:50:59,125.8,6063987
2021-06-11 09:51:01,125.85,6063992
2021-06-11 09:51:02,125.8,6064043
2021-06-11 09:51:03,125.85,6064210
2021-06-11 09:51:04,125.8,6064356
2021-06-11 09:51:05,125.8,6064360
2021-06-11 09:51:06,125.85,6064380
2021-06-11 09:51:07,125.8,6064490
2021-06-11 09:51:07,125.8,6064490
2021-06-11 09:51:08,125.8,6064491
2021-06-11 09:51:09,125.85,6064756
2021-06-11 09:51:10,125.8,6064968
2021-06-11 09:51:11,125.8,6064978
2021-06-11 09:51:12,125.8,6065002
2021-06-11 09:51:13,125.85,6066023
2021-06-11 09:51:15,125.85,6066325
2021-06-11 09:51:15,125.85,6066325
2021-06-11 09:51:16,125.8,6066405
2021-06-11 09:51:18,125.8,6066510
2021-06-11 09:51:19,125.85,6066710
2021-06-11 09:51:20,125.85,6066750
2021-06-11 09:51:21,125.8,6067050
2021-06-11 09:51:23,125.8,6068050
2021-06-11 09:51:23,125.85,6068149
2021-06-11 09:51:24,125.85,6068549
2021-06-11 09:51:25,125.85,6068690
2021-06-11 09:51:26,125.8,6072013
2021-06-11 09:51:27,125.8,6072131
2021-06-11 09:51:28,125.8,6072391
2021-06-11 09:51:29,125.8,6072392
2021-06-11 09:51:30,125.8,6072495
2021-06-11 09:51:31,125.8,6072681
2021-06-11 09:51:33,125.8,6072831
2021-06-11 09:51:35,125.8,6072867
2021-06-11 09:51:39,125.8,6074187
2021-06-11 09:51:43,125.8,6077303
2021-06-11 09:51:48,125.8,6077588
2021-06-11 09:51:52,125.75,6077791
2021-06-11 09:51:57,125.8,6078162
2021-06-11 09:52:01,125.75,6082228
2021-06-11 09:52:06,125.75,6082816
2021-06-11 09:52:10,125.75,6088883
2021-06-11 09:52:14,125.8,6090641
2021-06-11 09:52:18,125.75,6092545
2021-06-11 09:52:22,125.6,6110498
2021-06-11 09:52:27,125.65,6129639
2021-06-11 09:52:31,125.6,6130124
2021-06-11 09:52:35,125.6,6130606
2021-06-11 09:52:39,125.65,6131813
2021-06-11 09:52:43,125.55,6141759
2021-06-11 09:52:48,125.6,6143846
2021-06-11 09:52:52,125.6,6144247
2021-06-11 09:52:55,125.6,6144353
2021-06-11 09:52:59,125.55,6145794
2021-06-11 09:53:04,125.6,6146396
2021-06-11 09:53:08,125.55,6148114
2021-06-11 09:53:12,125.55,6148261
2021-06-11 09:53:16,125.65,6153751
2021-06-11 09:53:21,125.65,6154233
2021-06-11 09:53:25,125.6,6154472
2021-06-11 09:53:29,125.65,6154680
2021-06-11 09:53:33,125.6,6155713
2021-06-11 09:53:37,125.6,6156214
2021-06-11 09:53:42,125.6,6156473
2021-06-11 09:53:46,125.6,6156674
2021-06-11 09:53:50,125.6,6158294
2021-06-11 09:53:54,125.65,6161721
2021-06-11 09:53:58,125.6,6168879
2021-06-11 09:54:02,125.6,6172015
2021-06-11 09:54:06,125.6,6172526
2021-06-11 09:54:10,125.55,6173025
2021-06-11 09:54:14,125.6,6176080
2021-06-11 09:54:19,125.55,6176646
2021-06-11 09:54:23,125.6,6181251
2021-06-11 09:54:28,125.6,6187863
2021-06-11 09:54:32,125.7,6189841
2021-06-11 09:54:36,125.6,6190262
2021-06-11 09:54:41,125.6,6190284
2021-06-11 09:54:45,125.6,6190646
2021-06-11 09:54:49,125.6,6190821
2021-06-11 09:54:54,125.6,6191124
2021-06-11 09:54:58,125.6,6191124
2021-06-11 09:55:02,125.65,6192125
2021-06-11 09:55:07,125.65,6193492
2021-06-11 09:55:11,125.55,6205940
2021-06-11 09:55:15,125.6,6206286
2021-06-11 09:55:19,125.5,6228343
2021-06-11 09:55:27,125.45,6271828
2021-06-11 09:55:31,125.45,6272212
2021-06-11 09:55:35,125.5,6277264
2021-06-11 09:55:40,125.5,6283641
2021-06-11 09:55:44,125.5,6292961
2021-06-11 09:55:48,125.55,6298430
2021-06-11 09:55:52,125.5,6304614
2021-06-11 09:55:56,125.55,6304819
2021-06-11 09:56:01,125.5,6314418
2021-06-11 09:56:05,125.45,6315520
2021-06-11 09:56:09,125.4,6321855
2021-06-11 09:56:13,125.45,6326349
2021-06-11 09:56:18,125.45,6328097
2021-06-11 09:56:22,125.45,6328316
2021-06-11 09:56:26,125.45,6333861
2021-06-11 09:56:30,125.55,6357773
2021-06-11 09:56:34,125.5,6362639
2021-06-11 09:56:38,125.55,6363135
2021-06-11 09:56:43,125.55,6364449
2021-06-11 09:56:47,125.55,6366315
2021-06-11 09:56:51,125.55,6366736
2021-06-11 09:56:55,125.55,6368980
2021-06-11 09:57:00,125.5,6369257
2021-06-11 09:57:04,125.6,6373777
2021-06-11 09:57:08,125.45,6383089
2021-06-11 09:57:12,125.5,6383674
2021-06-11 09:57:16,125.5,6383784
2021-06-11 09:57:20,125.55,6386816
2021-06-11 09:57:25,125.55,6387990
2021-06-11 09:57:30,125.55,6388568
2021-06-11 09:57:34,125.5,6389336
2021-06-11 09:57:39,125.5,6390045
2021-06-11 09:57:43,125.5,6390369
2021-06-11 09:57:48,125.4,6395322
2021-06-11 09:57:52,125.4,6396188
2021-06-11 09:57:56,125.45,6396600
2021-06-11 09:58:00,125.4,6396793
2021-06-11 09:58:05,125.4,6397196
2021-06-11 09:58:09,125.4,6398524
2021-06-11 09:58:14,125.4,6399161
2021-06-11 09:58:18,125.4,6399413
2021-06-11 09:58:22,125.35,6411174
2021-06-11 09:58:26,125.4,6411230
2021-06-11 09:58:30,125.4,6412409
2021-06-11 09:58:34,125.45,6413115
2021-06-11 09:58:39,125.4,6441760
2021-06-11 09:58:43,125.4,6445237
2021-06-11 09:58:47,125.35,6446258
2021-06-11 09:58:51,125.4,6446713
2021-06-11 09:58:56,125.4,6447132
2021-06-11 09:58:59,125.3,6447793
2021-06-11 09:59:04,125.35,6448030
2021-06-11 09:59:08,125.35,6449910
2021-06-11 09:59:12,125.35,6449999
2021-06-11 09:59:17,125.4,6452124
2021-06-11 09:59:21,125.35,6453076
2021-06-11 09:59:25,125.4,6453904
2021-06-11 09:59:30,125.4,6458937
2021-06-11 09:59:34,125.35,6460768
2021-06-11 09:59:38,125.4,6461903
2021-06-11 09:59:43,125.35,6465075
2021-06-11 09:59:48,125.35,6466210
2021-06-11 09:59:52,125.3,6466287
2021-06-11 09:59:56,125.35,6466294
2021-06-11 10:00:00,125.35,6466356
2021-06-11 10:00:04,125.35,6466466
2021-06-11 10:00:08,125.35,6472315
2021-06-11 10:00:12,125.3,6480144
2021-06-11 10:00:16,125.3,6480896
2021-06-11 10:00:20,125.35,6484280
2021-06-11 10:00:24,125.4,6487216
2021-06-11 10:00:29,125.35,6487340
2021-06-11 10:00:33,125.35,6488255
2021-06-11 10:00:38,125.4,6489569
2021-06-11 10:00:42,125.35,6490451
2021-06-11 10:00:47,125.4,6490616
2021-06-11 10:00:51,125.35,6491668
2021-06-11 10:00:56,125.4,6497368
2021-06-11 10:01:01,125.4,6497562
2021-06-11 10:01:05,125.4,6498113
2021-06-11 10:01:10,125.35,6498691
2021-06-11 10:01:14,125.35,6507028
2021-06-11 10:01:19,125.5,6508086
2021-06-11 10:01:23,125.5,6508853
2021-06-11 10:01:32,125.45,6511429
2021-06-11 10:01:36,125.45,6514216
2021-06-11 10:01:45,125.4,6515439
2021-06-11 10:01:49,125.45,6515703
2021-06-11 10:01:54,125.45,6518512
2021-06-11 10:01:58,125.45,6518934
2021-06-11 10:02:02,125.45,6519042
2021-06-11 10:02:06,125.4,6519182
2021-06-11 10:02:09,125.45,6519764
2021-06-11 10:02:13,125.45,6519994
2021-06-11 10:02:17,125.45,6522142
2021-06-11 10:02:21,125.4,6522614
2021-06-11 10:02:25,125.5,6522693
2021-06-11 10:02:29,125.5,6529355
2021-06-11 10:02:33,125.5,6532172
2021-06-11 10:02:37,125.45,6532189
2021-06-11 10:02:41,125.5,6533748
2021-06-11 10:02:45,125.45,6544844
2021-06-11 10:02:50,125.45,6547301
2021-06-11 10:02:54,125.5,6548396
2021-06-11 10:02:58,125.5,6552647
2021-06-11 10:03:03,125.45,6553262
2021-06-11 10:03:07,125.45,6553643
2021-06-11 10:03:11,125.5,6558807
2021-06-11 10:03:15,125.45,6562767
2021-06-11 10:03:19,125.55,6563861
2021-06-11 10:03:23,125.5,6564059
2021-06-11 10:03:27,125.55,6564189
2021-06-11 10:03:32,125.5,6565339
2021-06-11 10:03:36,125.5,6566294
2021-06-11 10:03:41,125.55,6574207
2021-06-11 10:03:45,125.5,6574510
2021-06-11 10:03:49,125.65,6581098
2021-06-11 10:03:53,125.65,6582428
2021-06-11 10:03:58,125.6,6591023
2021-06-11 10:04:02,125.55,6591248
2021-06-11 10:04:06,125.4,6627718
2021-06-11 10:04:15,125.5,6631583
2021-06-11 10:04:19,125.4,6631875
2021-06-11 10:04:23,125.45,6632449
2021-06-11 10:04:28,125.45,6633788
2021-06-11 10:04:32,125.4,6634295
2021-06-11 10:04:40,125.45,6647114
2021-06-11 10:04:44,125.45,6647264
2021-06-11 10:04:49,125.45,6647624
2021-06-11 10:04:53,125.4,6664347
2021-06-11 10:04:57,125.35,6664641
2021-06-11 10:05:01,125.35,6666170
2021-06-11 10:05:05,125.4,6669010
2021-06-11 10:05:09,125.35,6669813
2021-06-11 10:05:13,125.4,6671287
2021-06-11 10:05:18,125.35,6671360
2021-06-11 10:05:22,125.3,6675139
2021-06-11 10:05:26,125.3,6676130
2021-06-11 10:05:30,125.3,6676738
2021-06-11 10:05:34,125.3,6677046
2021-06-11 10:05:38,125.35,6677902
2021-06-11 10:05:42,125.35,6678337
2021-06-11 10:05:46,125.3,6678339
2021-06-11 10:05:51,125.4,6679702
2021-06-11 10:05:55,125.3,6680384
2021-06-11 10:05:59,125.3,6682555
2021-06-11 10:06:03,125.35,6689315
2021-06-11 10:06:07,125.4,6689493
2021-06-11 10:06:11,125.35,6772676
2021-06-11 10:06:15,125.35,6779298
2021-06-11 10:06:19,125.25,6779836
2021-06-11 10:06:23,125.3,6781512
2021-06-11 10:06:27,125.25,6787130
2021-06-11 10:06:31,125.25,6788133
2021-06-11 10:06:35,125.25,6788246
2021-06-11 10:06:39,125.25,6791329
2021-06-11 10:06:44,125.2,6794594
2021-06-11 10:06:48,125.15,6796517
2021-06-11 10:06:53,125.2,6797030
2021-06-11 10:06:57,125.25,6798651
2021-06-11 10:07:02,125.15,6799930
2021-06-11 10:07:06,125.25,6800307
2021-06-11 10:07:10,125.25,6801289
2021-06-11 10:07:14,125.2,6801529
2021-06-11 10:07:19,125.15,6805197
2021-06-11 10:07:23,125.15,6805703
2021-06-11 10:07:27,125.2,6808505
2021-06-11 10:07:31,125.2,6813532
2021-06-11 10:07:35,125.15,6817768
2021-06-11 10:07:40,125.15,6820762
2021-06-11 10:07:44,125.15,6823754
2021-06-11 10:07:48,125.15,6823842
2021-06-11 10:07:52,125.15,6824681
2021-06-11 10:07:56,125.2,6825938
2021-06-11 10:07:59,125.15,6826212
2021-06-11 10:08:03,125.15,6829069
2021-06-11 10:08:07,125.15,6830681
2021-06-11 10:08:11,125.2,6839831
2021-06-11 10:08:15,125.1,6859886
2021-06-11 10:08:19,125.1,6859981
2021-06-11 10:08:23,125.1,6860952
2021-06-11 10:08:27,125.1,6861257
2021-06-11 10:08:31,125.1,6863476
2021-06-11 10:08:34,125.1,6863499
2021-06-11 10:08:38,125.05,6963995
2021-06-11 10:08:42,125.05,6966461
2021-06-11 10:08:46,125.0,6969036
2021-06-11 10:08:49,124.95,6969888
2021-06-11 10:08:53,124.95,6983778
2021-06-11 10:08:57,124.95,6990115
2021-06-11 10:09:01,124.95,6994042
2021-06-11 10:09:05,124.95,6997696
2021-06-11 10:09:10,125.05,7002788
2021-06-11 10:09:14,124.95,7003415
2021-06-11 10:09:18,125.05,7004816
2021-06-11 10:09:22,125.05,7005310
2021-06-11 10:09:26,124.95,7007287
2021-06-11 10:09:30,125.0,7008570
2021-06-11 10:09:34,124.95,7008647
2021-06-11 10:09:38,124.85,7138517
2021-06-11 10:09:41,124.8,7148313
2021-06-11 10:09:45,124.8,7149793
2021-06-11 10:09:50,124.85,7151395
2021-06-11 10:09:54,124.8,7154244
2021-06-11 10:09:58,124.8,7156666
2021-06-11 10:10:02,124.8,7157878
2021-06-11 10:10:07,124.8,7159704
2021-06-11 10:10:11,124.8,7161364
2021-06-11 10:10:15,124.8,7168398
2021-06-11 10:10:19,124.75,7182763
2021-06-11 10:10:23,124.8,7183309
2021-06-11 10:10:27,124.75,7185995
2021-06-11 10:10:32,124.85,7194644
2021-06-11 10:10:36,124.8,7198277
2021-06-11 10:10:40,124.8,7206718
2021-06-11 10:10:45,124.85,7207310
2021-06-11 10:10:49,124.85,7208225
2021-06-11 10:10:53,124.85,7208690
2021-06-11 10:10:57,124.85,7209975
2021-06-11 10:11:02,124.85,7212037
2021-06-11 10:11:06,124.9,7215388
2021-06-11 10:11:10,124.85,7217551
2021-06-11 10:11:15,124.9,7228675
2021-06-11 10:11:19,124.95,7233403
2021-06-11 10:11:27,125.0,7236441
2021-06-11 10:11:30,125.0,7237312
2021-06-11 10:11:34,125.0,7238784
2021-06-11 10:11:38,125.0,7240403
2021-06-11 10:11:43,124.95,7242823
2021-06-11 10:11:47,124.95,7243748
2021-06-11 10:11:51,124.9,7243999
2021-06-11 10:11:55,124.9,7245005
2021-06-11 10:11:59,124.95,7245380
2021-06-11 10:12:03,124.95,7246256
2021-06-11 10:12:07,124.95,7248676
2021-06-11 10:12:11,125.0,7258069
2021-06-11 10:12:15,124.95,7258480
2021-06-11 10:12:19,125.0,7259486
2021-06-11 10:12:23,124.95,7260504
2021-06-11 10:12:27,124.95,7261249
2021-06-11 10:12:31,124.85,7288903
2021-06-11 10:12:35,124.9,7288904
2021-06-11 10:12:39,124.9,7294855
2021-06-11 10:12:43,124.85,7294935
2021-06-11 10:12:47,124.85,7300838
2021-06-11 10:12:51,124.85,7301062
2021-06-11 10:12:55,124.8,7302057
2021-06-11 10:12:59,124.85,7302418
2021-06-11 10:13:03,124.85,7305132
2021-06-11 10:13:07,124.85,7305177
2021-06-11 10:13:12,124.85,7305522
2021-06-11 10:13:16,124.85,7307762
2021-06-11 10:13:20,124.9,7308446
2021-06-11 10:13:24,124.95,7308822
2021-06-11 10:13:29,124.9,7310703
2021-06-11 10:13:33,124.95,7311613
2021-06-11 10:13:37,124.95,7312229
2021-06-11 10:13:42,124.9,7313155
2021-06-11 10:13:45,124.95,7313286
2021-06-11 10:13:50,124.95,7314256
2021-06-11 10:13:54,124.9,7315323
2021-06-11 10:13:58,125.0,7317258
2021-06-11 10:14:07,125.0,7319621
2021-06-11 10:14:11,125.05,7321488
2021-06-11 10:14:15,125.0,7321796
2021-06-11 10:14:19,125.0,7323760
2021-06-11 10:14:24,125.05,7324408
2021-06-11 10:14:28,125.05,7324559
2021-06-11 10:14:32,125.0,7325931
2021-06-11 10:14:36,125.0,7327624
2021-06-11 10:14:40,125.1,7333346
2021-06-11 10:14:44,125.1,7334165
2021-06-11 10:14:49,125.1,7335631
2021-06-11 10:14:52,125.05,7341350
2021-06-11 10:14:57,125.1,7342995
2021-06-11 10:15:01,125.05,7343192
2021-06-11 10:15:05,125.05,7343930
2021-06-11 10:15:09,125.1,7344722
2021-06-11 10:15:13,125.1,7351619
2021-06-11 10:15:17,125.1,7354950
2021-06-11 10:15:21,125.0,7355337
2021-06-11 10:15:25,125.0,7359077
2021-06-11 10:15:29,125.05,7359926
2021-06-11 10:15:33,125.0,7370655
2021-06-11 10:15:37,124.95,7373990
2021-06-11 10:15:41,124.85,7375294
2021-06-11 10:15:45,124.85,7375310
2021-06-11 10:15:49,124.85,7375945
2021-06-11 10:15:53,124.85,7380667
2021-06-11 10:15:58,124.95,7382497
2021-06-11 10:16:02,124.85,7419227
2021-06-11 10:16:06,124.8,7433021
2021-06-11 10:16:10,124.8,7436665
2021-06-11 10:16:14,124.8,7438157
2021-06-11 10:16:18,124.8,7441369
2021-06-11 10:16:21,124.75,7443817
2021-06-11 10:16:25,124.7,7449370
2021-06-11 10:16:29,124.7,7456599
2021-06-11 10:16:33,124.75,7462301
2021-06-11 10:16:37,124.75,7462411
2021-06-11 10:16:42,124.7,7463822
2021-06-11 10:16:46,124.75,7464076
2021-06-11 10:16:50,124.7,7464592
2021-06-11 10:16:54,124.7,7465901
2021-06-11 10:16:58,124.65,7490237
2021-06-11 10:17:02,124.7,7510327
2021-06-11 10:17:06,124.65,7511356
2021-06-11 10:17:10,124.65,7512387
2021-06-11 10:17:18,124.65,7513682
2021-06-11 10:17:21,124.75,7545607
2021-06-11 10:17:26,124.8,7546091
2021-06-11 10:17:30,124.75,7546544
2021-06-11 10:17:34,124.75,7546962
2021-06-11 10:17:38,124.7,7548023
2021-06-11 10:17:42,124.75,7548387
2021-06-11 10:17:46,124.75,7548631
2021-06-11 10:17:50,124.7,7549289
2021-06-11 10:17:54,124.7,7550420
2021-06-11 10:17:58,124.75,7551093
2021-06-11 10:18:02,124.75,7551135
2021-06-11 10:18:07,124.7,7551441
2021-06-11 10:18:10,124.8,7552030
2021-06-11 10:18:14,124.7,7553054
2021-06-11 10:18:18,124.75,7569095
2021-06-11 10:18:22,124.7,7569797
2021-06-11 10:18:26,124.7,7570649
2021-06-11 10:18:30,124.7,7575346
2021-06-11 10:18:35,124.65,7575916
2021-06-11 10:18:39,124.7,7576456
2021-06-11 10:18:43,124.7,7577425
2021-06-11 10:18:47,124.65,7583715
2021-06-11 10:18:51,124.7,7584154
2021-06-11 10:18:55,124.7,7585979
2021-06-11 10:18:59,124.8,7587807
2021-06-11 10:19:03,124.7,7588108
2021-06-11 10:19:07,124.8,7588474
2021-06-11 10:19:11,124.8,7589222
2021-06-11 10:19:16,124.8,7589398
2021-06-11 10:19:20,124.8,7589612
2021-06-11 10:19:24,124.8,7590039
2021-06-11 10:19:28,124.7,7591800
2021-06-11 10:19:32,124.8,7593264
2021-06-11 10:19:36,124.7,7593734
2021-06-11 10:19:40,124.8,7594390
2021-06-11 10:19:44,124.7,7594685
2021-06-11 10:19:47,124.8,7594932
2021-06-11 10:19:52,124.8,7595445
2021-06-11 10:19:56,124.8,7596775
2021-06-11 10:20:00,124.7,7598995
2021-06-11 10:20:04,124.75,7599559
2021-06-11 10:20:08,124.7,7600111
2021-06-11 10:20:20,124.75,7605624
2021-06-11 10:20:24,124.75,7606048
2021-06-11 10:20:27,124.75,7606108
2021-06-11 10:20:31,124.8,7607819
2021-06-11 10:20:35,124.8,7607846
2021-06-11 10:20:39,124.8,7608770
2021-06-11 10:20:43,124.7,7611985
2021-06-11 10:20:47,124.7,7612117
2021-06-11 10:20:51,124.75,7612529
2021-06-11 10:20:55,124.8,7613560
2021-06-11 10:20:59,124.75,7613955
2021-06-11 10:21:03,124.8,7614306
2021-06-11 10:21:07,124.75,7614721
2021-06-11 10:21:11,124.75,7615057
2021-06-11 10:21:15,124.8,7618403
2021-06-11 10:21:20,124.8,7619511
2021-06-11 10:21:23,124.8,7621438
2021-06-11 10:21:27,124.8,7623454
2021-06-11 10:21:31,124.8,7623852
2021-06-11 10:21:35,124.75,7624057
2021-06-11 10:21:38,124.8,7624999
2021-06-11 10:21:42,124.8,7628212
2021-06-11 10:21:46,124.8,7630290
2021-06-11 10:21:54,124.8,7631029
2021-06-11 10:21:58,124.8,7631531
2021-06-11 10:22:02,124.8,7631773
2021-06-11 10:22:06,124.8,7631927
2021-06-11 10:22:09,124.75,7632318
2021-06-11 10:22:13,124.8,7632580
2021-06-11 10:22:17,124.8,7633591
2021-06-11 10:22:21,124.75,7633603
2021-06-11 10:22:25,124.8,7659660
2021-06-11 10:22:28,124.75,7660071
2021-06-11 10:22:32,124.8,7660255
2021-06-11 10:22:36,124.7,7677722
2021-06-11 10:22:40,124.7,7679890
2021-06-11 10:22:44,124.7,7683310
2021-06-11 10:22:48,124.65,7683795
2021-06-11 10:22:52,124.65,7685001
2021-06-11 10:22:56,124.65,7685496
2021-06-11 10:23:00,124.7,7687599
2021-06-11 10:23:04,124.75,7694867
2021-06-11 10:23:08,124.7,7694998
2021-06-11 10:23:12,124.8,7695869
2021-06-11 10:23:15,124.7,7697684
2021-06-11 10:23:19,124.7,7698252
2021-06-11 10:23:23,124.7,7698471
2021-06-11 10:23:27,124.7,7699547
2021-06-11 10:23:31,124.8,7699803
2021-06-11 10:23:34,124.8,7700164
2021-06-11 10:23:38,124.7,7700225
2021-06-11 10:23:43,124.7,7703160
2021-06-11 10:23:47,124.75,7703433
2021-06-11 10:23:51,124.75,7703966
2021-06-11 10:23:55,124.8,7704809
2021-06-11 10:23:58,124.75,7704834
2021-06-11 10:24:02,124.75,7704835
2021-06-11 10:24:06,124.7,7707701
2021-06-11 10:24:10,124.75,7709190
2021-06-11 10:24:14,124.75,7709337
2021-06-11 10:24:18,124.7,7709359
2021-06-11 10:24:21,124.7,7710922
2021-06-11 10:24:25,124.75,7711349
2021-06-11 10:24:29,124.7,7718681
2021-06-11 10:24:33,124.7,7719589
2021-06-11 10:24:37,124.7,7719697
2021-06-11 10:24:41,124.7,7720134
2021-06-11 10:24:44,124.65,7720166
2021-06-11 10:24:48,124.7,7721367
2021-06-11 10:24:52,124.75,7725175
2021-06-11 10:24:56,124.7,7725500
2021-06-11 10:25:00,124.7,7726401
2021-06-11 10:25:04,124.65,7727448
2021-06-11 10:25:08,124.7,7727559
2021-06-11 10:25:12,124.7,7729709
2021-06-11 10:25:15,124.7,7730094
2021-06-11 10:25:19,124.65,7733460
2021-06-11 10:25:22,124.65,7733784
2021-06-11 10:25:26,124.6,7757680
2021-06-11 10:25:29,124.55,7758321
2021-06-11 10:25:33,124.6,7759583
2021-06-11 10:25:37,124.6,7759595
2021-06-11 10:25:41,124.6,7760431
2021-06-11 10:25:44,124.6,7760451
2021-06-11 10:25:48,124.55,7761734
2021-06-11 10:25:52,124.6,7764986
2021-06-11 10:25:56,124.55,7766715
2021-06-11 10:26:00,124.55,7769104
2021-06-11 10:26:04,124.55,7769374
2021-06-11 10:26:08,124.5,8011788
2021-06-11 10:26:12,124.5,8014239
2021-06-11 10:26:16,124.5,8016813
2021-06-11 10:26:20,124.5,8020044
2021-06-11 10:26:24,124.45,8021651
2021-06-11 10:26:28,124.45,8022287
2021-06-11 10:26:32,124.45,8025072
2021-06-11 10:26:36,124.45,8026068
2021-06-11 10:26:39,124.45,8030056
2021-06-11 10:26:43,124.5,8030086
2021-06-11 10:26:47,124.5,8035622
2021-06-11 10:26:51,124.4,8038229
2021-06-11 10:26:55,124.5,8039005
2021-06-11 10:26:59,124.5,8039751
2021-06-11 10:27:03,124.4,8040689
2021-06-11 10:27:06,124.5,8041342
2021-06-11 10:27:10,124.5,8042020
2021-06-11 10:27:14,124.5,8042671
2021-06-11 10:27:19,124.4,8043422
2021-06-11 10:27:22,124.45,8044242
2021-06-11 10:27:26,124.4,8044578
2021-06-11 10:27:30,124.4,8047192
2021-06-11 10:27:34,124.5,8048492
2021-06-11 10:27:37,124.4,8049545
2021-06-11 10:27:41,124.5,8051062
2021-06-11 10:27:44,124.45,8051114
2021-06-11 10:27:48,124.4,8068854
2021-06-11 10:27:52,124.4,8070134
2021-06-11 10:27:56,124.4,8078208
2021-06-11 10:27:59,124.4,8079794
2021-06-11 10:28:03,124.4,8080231
2021-06-11 10:28:06,124.4,8082250
2021-06-11 10:28:10,124.3,8084759
2021-06-11 10:28:14,124.4,8085816
2021-06-11 10:28:17,124.3,8091224
2021-06-11 10:28:21,124.35,8092940
2021-06-11 10:28:30,124.4,8104841
2021-06-11 10:28:34,124.4,8104949
2021-06-11 10:28:38,124.4,8106810
2021-06-11 10:28:42,124.45,8107411
2021-06-11 10:28:45,124.45,8110247
2021-06-11 10:28:52,124.5,8123351
2021-06-11 10:28:56,124.5,8128116
2021-06-11 10:29:00,124.55,8128618
2021-06-11 10:29:03,124.55,8128713
2021-06-11 10:29:07,124.5,8129214
2021-06-11 10:29:10,124.55,8130618
2021-06-11 10:29:14,124.55,8133141
2021-06-11 10:29:18,124.6,8133192
2021-06-11 10:29:21,124.55,8133259
2021-06-11 10:29:25,124.6,8134310
2021-06-11 10:29:29,124.5,8139920
2021-06-11 10:29:33,124.55,8141134
2021-06-11 10:29:36,124.55,8141154
2021-06-11 10:29:43,124.6,8142337
2021-06-11 10:29:48,124.55,8142515
2021-06-11 10:29:51,124.6,8142661
2021-06-11 10:29:55,124.6,8143186
2021-06-11 10:29:59,124.55,8143331
2021-06-11 10:30:02,124.55,8143334
2021-06-11 10:30:06,124.6,8143644
2021-06-11 10:30:10,124.55,8144170
2021-06-11 10:30:14,124.55,8144181
2021-06-11 10:30:18,124.6,8144287
2021-06-11 10:30:22,124.6,8145245
2021-06-11 10:30:25,124.5,8147784
2021-06-11 10:30:29,124.55,8148395
2021-06-11 10:30:32,124.55,8148933
2021-06-11 10:30:36,124.55,8149060
2021-06-11 10:30:39,124.5,8153335
2021-06-11 10:30:43,124.5,8153437
2021-06-11 10:30:47,124.5,8153766
2021-06-11 10:30:50,124.5,8155646
2021-06-11 10:30:54,124.5,8156473
2021-06-11 10:30:58,124.5,8156569
2021-06-11 10:31:01,124.5,8156620
2021-06-11 10:31:05,124.45,8158955
2021-06-11 10:31:09,124.45,8159387
2021-06-11 10:31:13,124.45,8160548
2021-06-11 10:31:16,124.45,8160594
2021-06-11 10:31:20,124.45,8161324
2021-06-11 10:31:23,124.5,8161900
2021-06-11 10:31:27,124.5,8161900
2021-06-11 10:31:30,124.5,8161958
2021-06-11 10:31:34,124.5,8162313
2021-06-11 10:31:38,124.4,8164303
2021-06-11 10:31:42,124.45,8166427
2021-06-11 10:31:46,124.45,8167700
2021-06-11 10:31:50,124.45,8168965
2021-06-11 10:31:54,124.5,8172893
2021-06-11 10:31:58,124.5,8173366
2021-06-11 10:32:01,124.45,8175383
2021-06-11 10:32:05,124.5,8176484
2021-06-11 10:32:08,124.5,8178766
2021-06-11 10:32:12,124.6,8181204
2021-06-11 10:32:15,124.55,8181746
2021-06-11 10:32:22,124.55,8194723
2021-06-11 10:32:26,124.55,8195691
2021-06-11 10:32:30,124.55,8196696
2021-06-11 10:32:33,124.6,8202142
2021-06-11 10:32:37,124.55,8203235
2021-06-11 10:32:41,124.6,8205171
2021-06-11 10:32:45,124.6,8205330
2021-06-11 10:32:48,124.55,8205357
2021-06-11 10:32:52,124.55,8205557
2021-06-11 10:32:56,124.6,8206209
2021-06-11 10:33:00,124.55,8212694
2021-06-11 10:33:03,124.55,8213285
2021-06-11 10:33:07,124.5,8213504
2021-06-11 10:33:10,124.5,8214144
2021-06-11 10:33:14,124.45,8216213
2021-06-11 10:33:21,124.55,8217630
2021-06-11 10:33:24,124.55,8218205
2021-06-11 10:33:28,124.55,8218230
2021-06-11 10:33:31,124.55,8218492
2021-06-11 10:33:35,124.5,8218493
2021-06-11 10:33:39,124.5,8218928
2021-06-11 10:33:43,124.5,8219484
2021-06-11 10:33:47,124.5,8219486
2021-06-11 10:33:50,124.5,8219591
2021-06-11 10:33:54,124.65,8227489
2021-06-11 10:33:57,124.6,8227621
2021-06-11 10:34:01,124.6,8227997
2021-06-11 10:34:04,124.7,8228499
2021-06-11 10:34:08,124.6,8233692
2021-06-11 10:34:12,124.65,8235121
2021-06-11 10:34:15,124.65,8235528
2021-06-11 10:34:19,124.65,8237748
2021-06-11 10:34:23,124.7,8237805
2021-06-11 10:34:26,124.65,8238140
2021-06-11 10:34:30,124.7,8238395
2021-06-11 10:34:33,124.7,8238468
2021-06-11 10:34:36,124.65,8238518
2021-06-11 10:34:40,124.7,8239271
2021-06-11 10:34:43,124.7,8239577
2021-06-11 10:34:46,124.65,8240122
2021-06-11 10:34:50,124.7,8240543
2021-06-11 10:34:53,124.7,8240751
2021-06-11 10:34:56,124.7,8241349
2021-06-11 10:35:00,124.7,8241466
2021-06-11 10:35:04,124.65,8241588
2021-06-11 10:35:07,124.7,8248437
2021-06-11 10:35:11,124.7,8252886
2021-06-11 10:35:14,124.7,8253386
2021-06-11 10:35:18,124.7,8255359
2021-06-11 10:35:21,124.75,8255716
2021-06-11 10:35:25,124.7,8256443
2021-06-11 10:35:28,124.7,8256568
2021-06-11 10:35:32,124.7,8256647
2021-06-11 10:35:35,124.65,8258549
2021-06-11 10:35:39,124.7,8258938
2021-06-11 10:35:42,124.7,8259065
2021-06-11 10:35:46,124.65,8260276
2021-06-11 10:35:50,124.7,8260601
2021-06-11 10:35:54,124.7,8261874
2021-06-11 10:35:57,124.65,8263599
2021-06-11 10:36:01,124.7,8265824
2021-06-11 10:36:04,124.6,8266295
2021-06-11 10:36:08,124.7,8266647
2021-06-11 10:36:11,124.55,8271369
2021-06-11 10:36:14,124.6,8280024
2021-06-11 10:36:18,124.5,8286181
2021-06-11 10:36:22,124.5,8296740
2021-06-11 10:36:25,124.55,8297078
2021-06-11 10:36:29,124.55,8297098
2021-06-11 10:36:32,124.5,8297300
2021-06-11 10:36:36,124.5,8297300
2021-06-11 10:36:39,124.55,8297625
2021-06-11 10:36:42,124.55,8298537
2021-06-11 10:36:46,124.5,8299205
2021-06-11 10:36:50,124.5,8300359
2021-06-11 10:36:53,124.6,8301169
2021-06-11 10:36:57,124.6,8302246
2021-06-11 10:37:01,124.6,8302252
2021-06-11 10:37:04,124.6,8302321
2021-06-11 10:37:07,124.6,8302353
2021-06-11 10:37:11,124.6,8303267
2021-06-11 10:37:15,124.6,8303496
2021-06-11 10:37:18,124.6,8303996
2021-06-11 10:37:21,124.55,8304542
2021-06-11 10:37:24,124.6,8306696
2021-06-11 10:37:27,124.6,8307295
2021-06-11 10:37:31,124.6,8307329
2021-06-11 10:37:34,124.55,8307331
2021-06-11 10:37:38,124.6,8307355
2021-06-11 10:37:41,124.6,8307697
2021-06-11 10:37:44,124.6,8308371
2021-06-11 10:37:47,124.6,8308624
2021-06-11 10:37:51,124.65,8308634
2021-06-11 10:37:54,124.65,8308958
2021-06-11 10:37:57,124.65,8309058
2021-06-11 10:38:01,124.6,8309354
2021-06-11 10:38:04,124.65,8309355
2021-06-11 10:38:08,124.6,8309375
2021-06-11 10:38:11,124.65,8309934
2021-06-11 10:38:14,124.55,8310605
2021-06-11 10:38:18,124.6,8311395
2021-06-11 10:38:22,124.55,8311914
2021-06-11 10:38:25,124.65,8312320
2021-06-11 10:38:29,124.65,8312586
2021-06-11 10:38:32,124.65,8313286
2021-06-11 10:38:37,124.55,8313502
2021-06-11 10:38:40,124.6,8314083
2021-06-11 10:38:44,124.6,8314181
2021-06-11 10:38:47,124.6,8314503
2021-06-11 10:38:51,124.55,8314779
2021-06-11 10:38:54,124.65,8316238
2021-06-11 10:38:57,124.6,8317338
2021-06-11 10:39:01,124.6,8317339
2021-06-11 10:39:04,124.6,8317339
2021-06-11 10:39:07,124.6,8317353
2021-06-11 10:39:10,124.6,8318013
2021-06-11 10:39:13,124.6,8318181
2021-06-11 10:39:16,124.6,8319456
2021-06-11 10:39:20,124.6,8322304
2021-06-11 10:39:24,124.55,8322643
2021-06-11 10:39:27,124.55,8322730
2021-06-11 10:39:30,124.5,8322980
2021-06-11 10:39:33,124.5,8323041
2021-06-11 10:39:37,124.5,8323086
2021-06-11 10:39:40,124.55,8324555
2021-06-11 10:39:44,124.5,8324659
2021-06-11 10:39:47,124.55,8325021
2021-06-11 10:39:50,124.55,8325024
2021-06-11 10:39:54,124.55,8325355
2021-06-11 10:39:57,124.5,8326002
2021-06-11 10:40:01,124.55,8326009
2021-06-11 10:40:05,124.5,8326275
2021-06-11 10:40:09,124.5,8327143
2021-06-11 10:40:13,124.5,8328978
2021-06-11 10:40:16,124.55,8329097
2021-06-11 10:40:20,124.55,8329317
2021-06-11 10:40:24,124.55,8329650
2021-06-11 10:40:27,124.5,8329842
2021-06-11 10:40:31,124.5,8330263
2021-06-11 10:40:34,124.55,8330744
2021-06-11 10:40:37,124.55,8330745
2021-06-11 10:40:41,124.55,8331081
2021-06-11 10:40:44,124.55,8335476
2021-06-11 10:40:48,124.6,8335577
2021-06-11 10:40:52,124.55,8335727
2021-06-11 10:40:55,124.6,8336152
2021-06-11 10:40:58,124.65,8349348
2021-06-11 10:41:01,124.65,8349701
2021-06-11 10:41:05,124.65,8349702
2021-06-11 10:41:09,124.7,8350662
2021-06-11 10:41:13,124.7,8350766
2021-06-11 10:41:16,124.7,8350766
2021-06-11 10:41:19,124.7,8350938
2021-06-11 10:41:24,124.7,8351299
2021-06-11 10:41:27,124.65,8351415
2021-06-11 10:41:31,124.65,8351538
2021-06-11 10:41:34,124.7,8351546
2021-06-11 10:41:37,124.7,8351816
2021-06-11 10:41:41,124.7,8352146
2021-06-11 10:41:44,124.7,8352146
2021-06-11 10:41:48,124.7,8354655
2021-06-11 10:41:51,124.7,8354808
2021-06-11 10:41:55,124.7,8355485
2021-06-11 10:41:58,124.75,8356225
2021-06-11 10:42:05,124.7,8358261
2021-06-11 10:42:08,124.7,8358653
2021-06-11 10:42:12,124.65,8358687
2021-06-11 10:42:15,124.6,8358955
2021-06-11 10:42:18,124.65,8360655
2021-06-11 10:42:21,124.6,8360713
2021-06-11 10:42:25,124.6,8371345
2021-06-11 10:42:29,124.6,8371533
2021-06-11 10:42:32,124.6,8371539
2021-06-11 10:42:36,124.55,8373073
2021-06-11 10:42:39,124.4,8390067
2021-06-11 10:42:42,124.4,8395326
2021-06-11 10:42:46,124.45,8395354
2021-06-11 10:42:49,124.45,8395358
2021-06-11 10:42:52,124.45,8395519
2021-06-11 10:42:56,124.45,8395854
2021-06-11 10:42:59,124.45,8396004
2021-06-11 10:43:03,124.45,8396562
2021-06-11 10:43:06,124.45,8399634
2021-06-11 10:43:10,124.45,8400001
2021-06-11 10:43:14,124.45,8400741
2021-06-11 10:43:18,124.45,8401094
2021-06-11 10:43:21,124.45,8401232
2021-06-11 10:43:25,124.4,8401818
2021-06-11 10:43:28,124.45,8401988
2021-06-11 10:43:32,124.45,8406318
2021-06-11 10:43:35,124.45,8406421
2021-06-11 10:43:39,124.45,8407287
2021-06-11 10:43:42,124.45,8407714
2021-06-11 10:43:45,124.4,8407845
2021-06-11 10:43:48,124.45,8408061
2021-06-11 10:43:51,124.4,8408080
2021-06-11 10:43:55,124.45,8408605
2021-06-11 10:43:59,124.45,8408711
2021-06-11 10:44:02,124.4,8409116
2021-06-11 10:44:06,124.45,8409142
2021-06-11 10:44:09,124.4,8410027
2021-06-11 10:44:13,124.45,8410073
2021-06-11 10:44:17,124.45,8410648
2021-06-11 10:44:20,124.45,8410729
2021-06-11 10:44:23,124.4,8415271
2021-06-11 10:44:26,124.45,8419417
2021-06-11 10:44:30,124.4,8419501
2021-06-11 10:44:33,124.45,8419851
2021-06-11 10:44:37,124.45,8421652
2021-06-11 10:44:40,124.45,8423306
2021-06-11 10:44:43,124.4,8423756
2021-06-11 10:44:46,124.4,8423797
2021-06-11 10:44:50,124.45,8424315
2021-06-11 10:44:53,124.45,8424705
2021-06-11 10:44:56,124.4,8424735
2021-06-11 10:45:00,124.45,8424962
2021-06-11 10:45:03,124.4,8426844
2021-06-11 10:45:07,124.45,8436890
2021-06-11 10:45:10,124.5,8437664
2021-06-11 10:45:13,124.45,8437795
2021-06-11 10:45:17,124.4,8437905
2021-06-11 10:45:20,124.5,8438047
2021-06-11 10:45:37,124.5,8440862
2021-06-11 10:45:41,124.5,8441504
2021-06-11 10:45:44,124.5,8441819
2021-06-11 10:46:00,124.5,8446925
2021-06-11 10:46:07,124.4,8447061
2021-06-11 10:46:10,124.4,8448992
2021-06-11 10:46:13,124.5,8449257
2021-06-11 10:46:31,124.5,8453957
2021-06-11 10:46:34,124.45,8454962
2021-06-11 10:46:37,124.5,8455364
2021-06-11 10:46:41,124.5,8456305
2021-06-11 10:46:44,124.45,8456559
2021-06-11 10:46:47,124.5,8456684
2021-06-11 10:46:51,124.5,8457156
2021-06-11 10:46:54,124.5,8458254
2021-06-11 10:46:58,124.45,8458353
2021-06-11 10:47:01,124.5,8458620
2021-06-11 10:47:05,124.5,8458768
2021-06-11 10:47:08,124.45,8470103
2021-06-11 10:47:12,124.5,8470477
2021-06-11 10:47:15,124.45,8471780
2021-06-11 10:47:18,124.45,8472240
2021-06-11 10:47:21,124.5,8472248
2021-06-11 10:47:24,124.5,8472708
2021-06-11 10:47:27,124.4,8476154
2021-06-11 10:47:31,124.45,8476175
2021-06-11 10:47:34,124.45,8479683
2021-06-11 10:47:37,124.4,8479737
2021-06-11 10:47:41,124.5,8483248
2021-06-11 10:47:44,124.4,8483429
2021-06-11 10:47:47,124.45,8483629
2021-06-11 10:47:51,124.4,8483669
2021-06-11 10:47:57,124.4,8484394
2021-06-11 10:48:01,124.5,8484423
2021-06-11 10:48:05,124.5,8484771
2021-06-11 10:48:08,124.55,8484916
2021-06-11 10:48:12,124.55,8485240
2021-06-11 10:48:16,124.5,8485338
2021-06-11 10:48:20,124.5,8485649
2021-06-11 10:48:24,124.5,8486084
2021-06-11 10:48:27,124.5,8486084
2021-06-11 10:48:30,124.55,8500230
2021-06-11 10:48:33,124.5,8500231
2021-06-11 10:48:36,124.45,8500733
2021-06-11 10:48:40,124.55,8501985
2021-06-11 10:48:43,124.55,8502425
2021-06-11 10:48:46,124.45,8502625
2021-06-11 10:48:49,124.55,8502657
2021-06-11 10:48:52,124.45,8502780
2021-06-11 10:48:55,124.55,8503110
2021-06-11 10:48:58,124.5,8503122
2021-06-11 10:49:02,124.55,8503478
2021-06-11 10:49:05,124.5,8503486
2021-06-11 10:49:09,124.55,8506885
2021-06-11 10:49:12,124.5,8507481
2021-06-11 10:49:15,124.55,8507579
2021-06-11 10:49:19,124.55,8507684
2021-06-11 10:49:22,124.5,8507812
2021-06-11 10:49:25,124.55,8508682
2021-06-11 10:49:28,124.5,8514318
2021-06-11 10:49:31,124.45,8517677
2021-06-11 10:49:35,124.5,8518230
2021-06-11 10:49:38,124.5,8518250
2021-06-11 10:49:41,124.5,8518694
2021-06-11 10:49:44,124.5,8518704
2021-06-11 10:49:48,124.5,8518704
2021-06-11 10:49:51,124.45,8518740
2021-06-11 10:49:54,124.5,8519114
2021-06-11 10:49:57,124.4,8519214
2021-06-11 10:50:00,124.4,8519322
2021-06-11 10:50:04,124.45,8519384
2021-06-11 10:50:07,124.45,8519391
2021-06-11 10:50:10,124.4,8519915
2021-06-11 10:50:14,124.35,8587221
2021-06-11 10:50:17,124.25,8588878
2021-06-11 10:50:20,124.25,8588921
2021-06-11 10:50:24,124.25,8590443
2021-06-11 10:50:27,124.25,8590529
2021-06-11 10:50:30,124.25,8590554
2021-06-11 10:50:34,124.2,8590935
2021-06-11 10:50:37,124.2,8591846
2021-06-11 10:50:40,124.25,8592329
2021-06-11 10:50:43,124.25,8592329
2021-06-11 10:50:47,124.2,8592457
2021-06-11 10:50:50,124.2,8592903
2021-06-11 10:50:53,124.25,8592928
2021-06-11 10:50:56,124.25,8593278
2021-06-11 10:50:59,124.25,8593439
2021-06-11 10:51:02,124.2,8593829
2021-06-11 10:51:06,124.2,8594660
2021-06-11 10:51:09,124.25,8595169
2021-06-11 10:51:13,124.25,8595289
2021-06-11 10:51:16,124.25,8596856
2021-06-11 10:51:19,124.25,8596884
2021-06-11 10:51:23,124.25,8596994
2021-06-11 10:51:26,124.3,8607977
2021-06-11 10:51:29,124.2,8610660
2021-06-11 10:51:33,124.2,8610768
2021-06-11 10:51:36,124.25,8611982
2021-06-11 10:51:44,124.2,8613238
2021-06-11 10:51:47,124.2,8613416
2021-06-11 10:51:50,124.2,8613655
2021-06-11 10:51:54,124.25,8614379
2021-06-11 10:51:57,124.15,8632758
2021-06-11 10:52:01,124.2,8632801
2021-06-11 10:52:04,124.15,8632861
2021-06-11 10:52:08,124.2,8632956
2021-06-11 10:52:11,124.2,8634780
2021-06-11 10:52:14,124.15,8634900
2021-06-11 10:52:18,124.2,8635324
2021-06-11 10:52:22,124.2,8635776
2021-06-11 10:52:25,124.2,8636391
2021-06-11 10:52:29,124.15,8637019
2021-06-11 10:52:33,124.2,8637462
2021-06-11 10:52:37,124.2,8637462
2021-06-11 10:52:41,124.2,8637874
2021-06-11 10:52:44,124.2,8643606
2021-06-11 10:52:48,124.2,8643666
2021-06-11 10:52:51,124.15,8644252
2021-06-11 10:52:54,124.2,8644929
2021-06-11 10:52:58,124.2,8650137
2021-06-11 10:53:01,124.2,8650447
2021-06-11 10:53:04,124.15,8651916
2021-06-11 10:53:08,124.2,8652472
2021-06-11 10:53:12,124.2,8653087
2021-06-11 10:53:15,124.2,8653610
2021-06-11 10:53:18,124.15,8653624
2021-06-11 10:53:22,124.2,8653633
2021-06-11 10:53:25,124.3,8679820
2021-06-11 10:53:28,124.2,8682442
2021-06-11 10:53:31,124.25,8682991
2021-06-11 10:53:34,124.2,8682995
2021-06-11 10:53:38,124.25,8684891
2021-06-11 10:53:41,124.2,8685462
2021-06-11 10:53:44,124.3,8685806
2021-06-11 10:53:47,124.3,8685806
2021-06-11 10:53:50,124.25,8686490
2021-06-11 10:53:54,124.25,8688014
2021-06-11 10:53:58,124.3,8688261
2021-06-11 10:54:01,124.2,8689248
2021-06-11 10:54:04,124.25,8689771
2021-06-11 10:54:08,124.25,8691101
2021-06-11 10:54:11,124.25,8692515
2021-06-11 10:54:14,124.25,8692635
2021-06-11 10:54:17,124.25,8692635
2021-06-11 10:54:20,124.3,8693691
2021-06-11 10:54:24,124.35,8694015
2021-06-11 10:54:27,124.35,8694350
2021-06-11 10:54:30,124.3,8694380
2021-06-11 10:54:33,124.35,8694381
2021-06-11 10:54:37,124.3,8695810
2021-06-11 10:54:40,124.35,8709372
2021-06-11 10:54:43,124.25,8709390
2021-06-11 10:54:46,124.25,8712392
2021-06-11 10:54:50,124.25,8713943
2021-06-11 10:54:53,124.25,8713969
2021-06-11 10:54:56,124.35,8714993
2021-06-11 10:55:00,124.35,8715180
2021-06-11 10:55:07,124.35,8715189
2021-06-11 10:55:10,124.35,8716863
2021-06-11 10:55:14,124.35,8717163
2021-06-11 10:55:18,124.3,8717203
2021-06-11 10:55:21,124.3,8720103
2021-06-11 10:55:25,124.3,8720429
2021-06-11 10:55:28,124.3,8721440
2021-06-11 10:55:31,124.25,8722287
2021-06-11 10:55:35,124.2,8722588
2021-06-11 10:55:38,124.25,8723505
2021-06-11 10:55:42,124.25,8723635
2021-06-11 10:55:45,124.25,8723735
2021-06-11 10:55:48,124.25,8724509
2021-06-11 10:55:51,124.25,8724516
2021-06-11 10:55:55,124.25,8731673
2021-06-11 10:55:58,124.3,8731676
2021-06-11 10:56:01,124.25,8732091
2021-06-11 10:56:04,124.25,8732216
2021-06-11 10:56:08,124.2,8732281
2021-06-11 10:56:12,124.25,8732808
2021-06-11 10:56:15,124.25,8732969
2021-06-11 10:56:18,124.25,8732969
2021-06-11 10:56:21,124.3,8732996
2021-06-11 10:56:24,124.3,8734413
2021-06-11 10:56:27,124.3,8735425
2021-06-11 10:56:33,124.3,8735484
2021-06-11 10:56:37,124.3,8735784
2021-06-11 10:56:40,124.3,8736344
2021-06-11 10:56:44,124.3,8737571
2021-06-11 10:56:50,124.3,8738095
2021-06-11 10:56:53,124.3,8738795
2021-06-11 10:56:57,124.4,8764339
2021-06-11 10:56:59,124.4,8764927
2021-06-11 10:57:02,124.35,8765828
2021-06-11 10:57:09,124.35,8766319
2021-06-11 10:57:12,124.35,8766326
2021-06-11 10:57:15,124.4,8766367
2021-06-11 10:57:19,124.35,8767608
2021-06-11 10:57:22,124.4,8767648
2021-06-11 10:57:25,124.4,8768996
2021-06-11 10:57:29,124.4,8769006
2021-06-11 10:57:32,124.4,8770015
2021-06-11 10:57:36,124.4,8770178
2021-06-11 10:57:39,124.4,8770503
2021-06-11 10:57:42,124.4,8770669
2021-06-11 10:57:45,124.4,8770778
2021-06-11 10:57:48,124.4,8771010
2021-06-11 10:57:51,124.4,8771013
2021-06-11 10:57:55,124.4,8772376
2021-06-11 10:57:58,124.4,8772396
2021-06-11 10:58:01,124.4,8772698
2021-06-11 10:58:05,124.4,8773113
2021-06-11 10:58:08,124.4,8773778
2021-06-11 10:58:12,124.4,8774139
2021-06-11 10:58:15,124.4,8774144
2021-06-11 10:58:18,124.35,8774153
2021-06-11 10:58:21,124.4,8774908
2021-06-11 10:58:24,124.4,8775282
2021-06-11 10:58:28,124.4,8775575
2021-06-11 10:58:31,124.35,8775651
2021-06-11 10:58:35,124.4,8780703
2021-06-11 10:58:38,124.4,8781027
2021-06-11 10:58:42,124.4,8781285
2021-06-11 10:58:45,124.35,8781355
2021-06-11 10:58:48,124.4,8781386
2021-06-11 10:58:52,124.4,8781386
2021-06-11 10:58:55,124.35,8781861
2021-06-11 10:58:59,124.35,8782173
2021-06-11 10:59:02,124.4,8782477
2021-06-11 10:59:05,124.35,8782697
2021-06-11 10:59:09,124.4,8783265
2021-06-11 10:59:12,124.35,8783271
2021-06-11 10:59:15,124.4,8783279
2021-06-11 10:59:19,124.35,8786113
2021-06-11 10:59:22,124.35,8786614
2021-06-11 10:59:26,124.35,8787273
2021-06-11 10:59:29,124.35,8787743
2021-06-11 10:59:33,124.3,8787753
2021-06-11 10:59:36,124.3,8787801
2021-06-11 10:59:39,124.35,8791126
2021-06-11 10:59:42,124.3,8792178
2021-06-11 10:59:46,124.35,8792579
2021-06-11 10:59:50,124.3,8792615
2021-06-11 10:59:53,124.35,8793027
2021-06-11 10:59:57,124.35,8793593
2021-06-11 11:00:01,124.35,8793656
2021-06-11 11:00:05,124.3,8793661
2021-06-11 11:00:08,124.35,8795191
2021-06-11 11:00:12,124.35,8795519
2021-06-11 11:00:15,124.35,8795522
2021-06-11 11:00:19,124.3,8795993
2021-06-11 11:00:23,124.25,8809445
2021-06-11 11:00:27,124.35,8826727
2021-06-11 11:00:30,124.35,8827227
2021-06-11 11:00:34,124.35,8827328
2021-06-11 11:00:37,124.25,8827430
2021-06-11 11:00:41,124.3,8827852
2021-06-11 11:00:44,124.3,8828345
2021-06-11 11:00:48,124.3,8828350
2021-06-11 11:00:51,124.3,8828426
2021-06-11 11:00:54,124.35,8830486
2021-06-11 11:00:57,124.25,8830611
2021-06-11 11:01:01,124.3,8830912
2021-06-11 11:01:05,124.3,8831079
2021-06-11 11:01:09,124.3,8831557
2021-06-11 11:01:12,124.25,8831908
2021-06-11 11:01:15,124.3,8831959
2021-06-11 11:01:19,124.3,8832035
2021-06-11 11:01:22,124.3,8832040
2021-06-11 11:01:25,124.3,8833567
2021-06-11 11:01:29,124.3,8834024
2021-06-11 11:01:33,124.3,8841228
2021-06-11 11:01:36,124.3,8841339
2021-06-11 11:01:39,124.25,8843796
2021-06-11 11:01:42,124.25,8843799
2021-06-11 11:01:45,124.25,8844321
2021-06-11 11:01:48,124.2,8844322
2021-06-11 11:01:52,124.25,8844441
2021-06-11 11:01:55,124.25,8844869
2021-06-11 11:02:02,124.25,8848419
2021-06-11 11:02:05,124.25,8848919
2021-06-11 11:02:09,124.25,8849665
2021-06-11 11:02:11,124.2,8849866
2021-06-11 11:02:14,124.2,8849866
2021-06-11 11:02:18,124.2,8849867
2021-06-11 11:02:20,124.25,8850683
2021-06-11 11:02:23,124.25,8851422
2021-06-11 11:02:27,124.25,8851423
2021-06-11 11:02:31,124.2,8851788
2021-06-11 11:02:35,124.2,8852213
2021-06-11 11:02:38,124.2,8852355
2021-06-11 11:02:41,124.25,8857950
2021-06-11 11:02:45,124.25,8857957
2021-06-11 11:02:48,124.2,8865847
2021-06-11 11:02:52,124.25,8865870
2021-06-11 11:02:55,124.25,8866866
2021-06-11 11:02:59,124.25,8867288
2021-06-11 11:03:02,124.3,8867419
2021-06-11 11:03:06,124.25,8867840
2021-06-11 11:03:09,124.25,8868296
2021-06-11 11:03:13,124.2,8868297
2021-06-11 11:03:17,124.2,8869450
2021-06-11 11:03:20,124.25,8871074
2021-06-11 11:03:24,124.25,8871600
2021-06-11 11:03:27,124.25,8871739
2021-06-11 11:03:30,124.2,8871944
2021-06-11 11:03:34,124.25,8872216
2021-06-11 11:03:37,124.2,8872267
2021-06-11 11:03:40,124.3,8872757
2021-06-11 11:03:43,124.25,8873510
2021-06-11 11:03:47,124.25,8873811
2021-06-11 11:03:50,124.25,8874404
2021-06-11 11:03:54,124.25,8874879
2021-06-11 11:03:58,124.25,8875080
2021-06-11 11:04:02,124.25,8875441
2021-06-11 11:04:05,124.2,8875462
2021-06-11 11:04:08,124.25,8877323
2021-06-11 11:04:11,124.25,8877652
2021-06-11 11:04:14,124.25,8878212
2021-06-11 11:04:17,124.2,8879213
2021-06-11 11:04:20,124.25,8879572
2021-06-11 11:04:24,124.2,8880316
2021-06-11 11:04:27,124.25,8880345
2021-06-11 11:04:30,124.25,8880346
2021-06-11 11:04:34,124.2,8881471
2021-06-11 11:04:38,124.2,8882756
2021-06-11 11:04:41,124.25,8883315
2021-06-11 11:04:45,124.2,8883357
2021-06-11 11:04:48,124.25,8884957
2021-06-11 11:04:51,124.2,8885347
2021-06-11 11:04:55,124.3,8887658
2021-06-11 11:04:58,124.3,8888386
2021-06-11 11:05:01,124.3,8889845
2021-06-11 11:05:05,124.3,8889866
2021-06-11 11:05:08,124.35,8900880
2021-06-11 11:05:12,124.3,8900882
2021-06-11 11:05:15,124.3,8900885
2021-06-11 11:05:19,124.3,8901426
2021-06-11 11:05:22,124.3,8901427
2021-06-11 11:05:24,124.3,8901894
2021-06-11 11:05:27,124.25,8902406
2021-06-11 11:05:30,124.3,8902411
2021-06-11 11:05:34,124.35,8903499
2021-06-11 11:05:37,124.25,8903649
2021-06-11 11:05:40,124.3,8904080
2021-06-11 11:05:43,124.35,8904440
2021-06-11 11:05:46,124.3,8904442
2021-06-11 11:05:49,124.3,8904442
2021-06-11 11:05:53,124.35,8904480
2021-06-11 11:05:56,124.35,8904833
2021-06-11 11:05:59,124.35,8904938
2021-06-11 11:06:02,124.35,8905041
2021-06-11 11:06:05,124.35,8905741
2021-06-11 11:06:08,124.3,8905791
2021-06-11 11:06:11,124.3,8906165
2021-06-11 11:06:14,124.3,8911492
2021-06-11 11:06:17,124.35,8911503
2021-06-11 11:06:20,124.35,8913567
2021-06-11 11:06:23,124.35,8913891
2021-06-11 11:06:26,124.25,8914157
2021-06-11 11:06:29,124.35,8915257
2021-06-11 11:06:33,124.25,8915372
2021-06-11 11:06:36,124.35,8915972
2021-06-11 11:06:39,124.35,8916374
2021-06-11 11:06:42,124.35,8916454
2021-06-11 11:06:46,124.25,8916536
2021-06-11 11:06:49,124.35,8916573
2021-06-11 11:06:52,124.25,8920373
2021-06-11 11:06:55,124.25,8921863
2021-06-11 11:06:58,124.3,8922121
2021-06-11 11:07:01,124.3,8922985
2021-06-11 11:07:04,124.3,8923795
2021-06-11 11:07:07,124.2,8924096
2021-06-11 11:07:11,124.2,8924463
2021-06-11 11:07:14,124.2,8924646
2021-06-11 11:07:17,124.3,8925746
2021-06-11 11:07:21,124.3,8926157
2021-06-11 11:07:23,124.3,8926581
2021-06-11 11:07:26,124.3,8926781
2021-06-11 11:07:29,124.3,8926982
2021-06-11 11:07:32,124.2,8935939
2021-06-11 11:07:35,124.3,8936803
2021-06-11 11:07:38,124.2,8936909
2021-06-11 11:07:41,124.25,8937238
2021-06-11 11:07:44,124.3,8937438
2021-06-11 11:07:47,124.3,8937739
2021-06-11 11:07:50,124.25,8938166
2021-06-11 11:07:53,124.3,8938301
2021-06-11 11:07:56,124.3,8938676
2021-06-11 11:07:59,124.25,8939102
2021-06-11 11:08:02,124.3,8939203
2021-06-11 11:08:05,124.3,8939217
2021-06-11 11:08:08,124.3,8939347
2021-06-11 11:08:11,124.25,8939917
2021-06-11 11:08:14,124.3,8940170
2021-06-11 11:08:18,124.3,8940235
2021-06-11 11:08:22,124.3,8942841
2021-06-11 11:08:25,124.25,8943216
2021-06-11 11:08:29,124.25,8943613
2021-06-11 11:08:32,124.3,8944168
2021-06-11 11:08:35,124.25,8945778
2021-06-11 11:08:38,124.3,8946229
2021-06-11 11:08:42,124.3,8946558
2021-06-11 11:08:45,124.25,8947888
2021-06-11 11:08:49,124.25,8948014
2021-06-11 11:08:52,124.25,8948139
2021-06-11 11:08:56,124.3,8948808
2021-06-11 11:09:00,124.3,8949190
2021-06-11 11:09:03,124.3,8950395
2021-06-11 11:09:07,124.3,8950673
2021-06-11 11:09:10,124.25,8951098
2021-06-11 11:09:14,124.35,8951199
2021-06-11 11:09:17,124.3,8951304
2021-06-11 11:09:20,124.35,8951363
2021-06-11 11:09:23,124.35,8951787
2021-06-11 11:09:27,124.3,8951801
2021-06-11 11:09:30,124.35,8951851
2021-06-11 11:09:34,124.3,8951951
2021-06-11 11:09:37,124.3,8952201
2021-06-11 11:09:40,124.3,8952538
2021-06-11 11:09:43,124.3,8954387
2021-06-11 11:09:46,124.25,8954499
2021-06-11 11:09:50,124.3,8954511
2021-06-11 11:09:53,124.25,8962106
2021-06-11 11:09:57,124.25,8962747
2021-06-11 11:10:01,124.25,8962754
2021-06-11 11:10:04,124.25,8963889
2021-06-11 11:10:07,124.2,8964527
2021-06-11 11:10:10,124.25,8964853
2021-06-11 11:10:14,124.25,8964863
2021-06-11 11:10:17,124.25,8964884
2021-06-11 11:10:20,124.25,8965088
2021-06-11 11:10:24,124.15,9035120
2021-06-11 11:10:27,124.2,9035145
2021-06-11 11:10:29,124.2,9035358
2021-06-11 11:10:32,124.15,9035368
2021-06-11 11:10:35,124.15,9037920
2021-06-11 11:10:38,124.15,9038021
2021-06-11 11:10:41,124.15,9038348
2021-06-11 11:10:44,124.15,9038511
2021-06-11 11:10:48,124.15,9038757
2021-06-11 11:10:51,124.15,9039178
2021-06-11 11:10:54,124.15,9041056
2021-06-11 11:10:57,124.15,9041166
2021-06-11 11:11:00,124.15,9041734
2021-06-11 11:11:04,124.1,9043889
2021-06-11 11:11:08,124.15,9045121
2021-06-11 11:11:12,124.1,9045455
2021-06-11 11:11:15,124.05,9046005
2021-06-11 11:11:18,124.1,9047623
2021-06-11 11:11:21,124.05,9052150
2021-06-11 11:11:24,124.15,9054671
2021-06-11 11:11:27,124.1,9054692
2021-06-11 11:11:31,124.05,9055745
2021-06-11 11:11:34,124.05,9055809
2021-06-11 11:11:38,124.1,9055896
2021-06-11 11:11:41,124.1,9056342
2021-06-11 11:11:45,124.1,9056342
2021-06-11 11:11:49,124.1,9057343
2021-06-11 11:11:52,124.05,9059358
2021-06-11 11:11:56,124.15,9060143
2021-06-11 11:12:00,124.1,9060211
2021-06-11 11:12:03,124.1,9060863
2021-06-11 11:12:06,124.05,9060893
2021-06-11 11:12:09,124.0,9128922
2021-06-11 11:12:12,123.95,9250382
2021-06-11 11:12:16,123.85,9330124
2021-06-11 11:12:19,123.85,9331477
2021-06-11 11:12:23,123.9,9334329
2021-06-11 11:12:26,123.95,9336567
2021-06-11 11:12:30,124.0,9336748
2021-06-11 11:12:33,123.95,9337343
2021-06-11 11:12:37,123.9,9337568
2021-06-11 11:12:40,123.9,9341772
2021-06-11 11:12:44,123.95,9342026
2021-06-11 11:12:47,124.0,9342981
2021-06-11 11:12:51,123.95,9343449
2021-06-11 11:12:58,123.9,9349637
2021-06-11 11:13:01,124.0,9349735
2021-06-11 11:13:05,123.95,9350044
2021-06-11 11:13:08,124.0,9355684
2021-06-11 11:13:12,123.95,9357099
2021-06-11 11:13:15,124.0,9359251
2021-06-11 11:13:18,123.95,9359307
2021-06-11 11:13:22,123.95,9359414
2021-06-11 11:13:25,124.0,9360208
2021-06-11 11:13:28,123.95,9361160
2021-06-11 11:13:32,123.95,9361260
2021-06-11 11:13:35,123.95,9361505
2021-06-11 11:13:38,123.95,9373296
2021-06-11 11:13:41,124.0,9373723
2021-06-11 11:13:44,123.95,9374009
2021-06-11 11:13:47,124.0,9380168
2021-06-11 11:13:50,123.9,9380764
2021-06-11 11:13:53,124.0,9380889
2021-06-11 11:13:56,124.0,9381373
2021-06-11 11:14:00,124.0,9382074
2021-06-11 11:14:03,124.0,9382080
2021-06-11 11:14:06,124.0,9382105
2021-06-11 11:14:09,124.0,9382445
2021-06-11 11:14:12,124.05,9387798
2021-06-11 11:14:15,124.0,9387824
2021-06-11 11:14:18,124.05,9387916
2021-06-11 11:14:21,124.0,9388040
2021-06-11 11:14:24,124.05,9388764
2021-06-11 11:14:26,124.0,9390092
2021-06-11 11:14:30,124.0,9390113
2021-06-11 11:14:33,124.0,9391214
2021-06-11 11:14:36,124.0,9395128
2021-06-11 11:14:39,124.0,9395657
2021-06-11 11:14:42,123.95,9400094
2021-06-11 11:14:45,124.0,9400389
2021-06-11 11:14:48,124.0,9400619
2021-06-11 11:14:51,123.95,9410787
2021-06-11 11:14:54,123.9,9411060
2021-06-11 11:14:57,123.85,9411706
2021-06-11 11:15:00,124.0,9420256
2021-06-11 11:15:04,123.9,9420315
2021-06-11 11:15:08,124.0,9421330
2021-06-11 11:15:12,123.9,9423934
2021-06-11 11:15:15,123.9,9424950
2021-06-11 11:15:19,123.95,9425023
2021-06-11 11:15:23,123.95,9425224
2021-06-11 11:15:27,123.95,9426291
2021-06-11 11:15:31,123.95,9427423
2021-06-11 11:15:35,124.0,9427756
2021-06-11 11:15:39,124.0,9428290
2021-06-11 11:15:43,124.0,9428370
2021-06-11 11:15:47,123.9,9432113
2021-06-11 11:15:51,123.95,9432453
2021-06-11 11:15:55,123.85,9433642
2021-06-11 11:15:58,123.9,9433973
2021-06-11 11:16:02,123.9,9441192
2021-06-11 11:16:06,123.95,9441394
2021-06-11 11:16:09,123.9,9442988
2021-06-11 11:16:13,123.9,9443344
2021-06-11 11:16:16,123.9,9443552
2021-06-11 11:16:20,123.85,9448031
2021-06-11 11:16:24,123.9,9448966
2021-06-11 11:16:28,123.95,9453014
2021-06-11 11:16:31,124.0,9453222
2021-06-11 11:16:35,124.0,9453553
2021-06-11 11:16:39,124.0,9454081
2021-06-11 11:16:42,124.0,9454083
2021-06-11 11:16:45,123.95,9455094
2021-06-11 11:16:49,124.0,9455358
2021-06-11 11:16:52,124.0,9455749
2021-06-11 11:16:55,123.95,9456393
2021-06-11 11:16:59,124.0,9461649
2021-06-11 11:17:02,123.9,9462586
2021-06-11 11:17:06,123.95,9463384
2021-06-11 11:17:10,124.0,9463909
2021-06-11 11:17:13,124.0,9464410
2021-06-11 11:17:17,123.95,9466194
2021-06-11 11:17:20,123.95,9466206
2021-06-11 11:17:23,123.9,9466941
2021-06-11 11:17:27,123.95,9467275
2021-06-11 11:17:31,123.9,9467539
2021-06-11 11:17:34,123.95,9468102
2021-06-11 11:17:38,123.95,9468220
2021-06-11 11:17:41,123.9,9470752
2021-06-11 11:17:44,123.9,9470763
2021-06-11 11:17:47,123.95,9470804
2021-06-11 11:17:51,123.95,9470959
2021-06-11 11:17:54,123.95,9472118
2021-06-11 11:17:57,123.95,9472338
2021-06-11 11:18:00,123.95,9473086
2021-06-11 11:18:04,123.95,9473104
2021-06-11 11:18:07,123.95,9477105
2021-06-11 11:18:10,124.0,9477480
2021-06-11 11:18:14,124.0,9477687
2021-06-11 11:18:17,124.0,9478188
2021-06-11 11:18:20,124.0,9479242
2021-06-11 11:18:23,124.0,9479842
2021-06-11 11:18:26,123.9,9482412
2021-06-11 11:18:29,124.0,9482975
2021-06-11 11:18:33,124.0,9483358
2021-06-11 11:18:36,124.0,9483361
2021-06-11 11:18:39,123.9,9483874
2021-06-11 11:18:43,123.95,9483951
2021-06-11 11:18:46,124.0,9484479
2021-06-11 11:18:49,123.9,9484483
2021-06-11 11:18:52,124.0,9484930
2021-06-11 11:18:55,124.0,9485691
2021-06-11 11:18:58,124.0,9487693
2021-06-11 11:19:01,124.0,9487859
2021-06-11 11:19:05,124.0,9487995
2021-06-11 11:19:08,124.0,9488015
2021-06-11 11:19:11,124.0,9489101
2021-06-11 11:19:14,124.05,9491996
2021-06-11 11:19:17,124.05,9492602
2021-06-11 11:19:20,124.05,9492633
2021-06-11 11:19:23,124.0,9492641
2021-06-11 11:19:26,124.0,9493810
2021-06-11 11:19:29,124.05,9494221
2021-06-11 11:19:33,124.05,9494490
2021-06-11 11:19:36,124.05,9495440
2021-06-11 11:19:39,124.1,9495965
2021-06-11 11:19:41,124.0,9497315
2021-06-11 11:19:44,124.0,9503639
2021-06-11 11:19:47,124.0,9504572
2021-06-11 11:19:50,124.0,9504770
2021-06-11 11:19:53,124.1,9506771
2021-06-11 11:19:56,124.1,9507095
2021-06-11 11:20:00,124.0,9509160
2021-06-11 11:20:03,124.0,9510291
2021-06-11 11:20:06,124.1,9510591
2021-06-11 11:20:10,124.0,9511396
2021-06-11 11:20:13,124.0,9511441
2021-06-11 11:20:16,124.1,9511642
2021-06-11 11:20:19,124.05,9512693
2021-06-11 11:20:23,124.1,9512999
2021-06-11 11:20:27,124.1,9513377
2021-06-11 11:20:30,124.1,9513387
2021-06-11 11:20:33,124.05,9513710
2021-06-11 11:20:36,124.1,9513773
2021-06-11 11:20:39,124.1,9514498
2021-06-11 11:20:42,124.1,9514502
2021-06-11 11:20:44,124.05,9515335
2021-06-11 11:20:48,124.1,9515620
2021-06-11 11:20:51,124.1,9517144
2021-06-11 11:20:53,124.1,9517342
2021-06-11 11:20:56,124.1,9517674
2021-06-11 11:20:59,124.1,9518584
2021-06-11 11:21:02,124.1,9519090
2021-06-11 11:21:05,124.05,9519493
2021-06-11 11:21:08,124.1,9519893
2021-06-11 11:21:11,124.1,9520418
2021-06-11 11:21:14,124.1,9520822
2021-06-11 11:21:16,124.05,9522905
2021-06-11 11:21:19,124.1,9523105
2021-06-11 11:21:22,124.0,9523696
2021-06-11 11:21:25,124.0,9537832
2021-06-11 11:21:29,124.0,9537899
2021-06-11 11:21:32,124.0,9538467
2021-06-11 11:21:35,123.95,9541937
2021-06-11 11:21:38,124.05,9542860
2021-06-11 11:21:41,124.05,9543207
2021-06-11 11:21:44,124.05,9543951
2021-06-11 11:21:47,124.05,9545073
2021-06-11 11:21:50,124.05,9545074
2021-06-11 11:21:53,124.0,9545087
2021-06-11 11:21:57,124.05,9545684
2021-06-11 11:22:00,124.05,9548190
2021-06-11 11:22:04,124.05,9550240
2021-06-11 11:22:07,124.05,9552252
2021-06-11 11:22:10,124.05,9552576
2021-06-11 11:22:13,124.05,9552588
2021-06-11 11:22:16,124.05,9552894
2021-06-11 11:22:19,124.05,9556012
2021-06-11 11:22:22,124.1,9556047
2021-06-11 11:22:25,124.0,9557906
2021-06-11 11:22:28,124.1,9557916
2021-06-11 11:22:31,124.1,9557916
2021-06-11 11:22:34,124.0,9557927
2021-06-11 11:22:37,124.0,9557927
2021-06-11 11:22:40,124.1,9558259
2021-06-11 11:22:44,124.05,9558765
2021-06-11 11:22:53,124.05,9563351
2021-06-11 11:22:56,124.05,9563786
2021-06-11 11:22:58,124.05,9566337
2021-06-11 11:23:01,124.05,9566354
2021-06-11 11:23:05,124.05,9566827
2021-06-11 11:23:08,124.0,9568012
2021-06-11 11:23:11,123.95,9574704
2021-06-11 11:23:14,123.95,9574720
2021-06-11 11:23:17,123.95,9574926
2021-06-11 11:23:20,123.95,9575426
2021-06-11 11:23:22,124.0,9576693
2021-06-11 11:23:25,123.95,9577042
2021-06-11 11:23:28,123.95,9577621
2021-06-11 11:23:32,123.95,9582364
2021-06-11 11:23:35,124.0,9582424
2021-06-11 11:23:38,124.0,9582431
2021-06-11 11:23:41,124.0,9583019
2021-06-11 11:23:44,124.0,9583019
2021-06-11 11:23:48,124.0,9583201
2021-06-11 11:23:51,123.95,9583370
2021-06-11 11:23:54,124.0,9583762
2021-06-11 11:23:57,123.95,9609550
2021-06-11 11:24:00,123.85,9609890
2021-06-11 11:24:03,123.85,9610011
2021-06-11 11:24:05,123.85,9610011
2021-06-11 11:24:08,123.9,9610022
2021-06-11 11:24:11,123.95,9610397
2021-06-11 11:24:14,123.85,9614752
2021-06-11 11:24:17,123.9,9614763
2021-06-11 11:24:21,123.9,9614791
2021-06-11 11:24:24,123.9,9620565
2021-06-11 11:24:27,123.85,9620846
2021-06-11 11:24:31,123.9,9623888
2021-06-11 11:24:35,123.9,9623940
2021-06-11 11:24:39,123.8,9625675
2021-06-11 11:24:42,123.8,9625828
2021-06-11 11:24:46,123.8,9630202
2021-06-11 11:24:49,123.85,9630633
2021-06-11 11:24:52,123.85,9630633
2021-06-11 11:24:55,123.85,9631157
2021-06-11 11:24:58,123.85,9632160
2021-06-11 11:25:01,123.8,9654487
2021-06-11 11:25:05,123.8,9659517
2021-06-11 11:25:08,123.8,9664470
2021-06-11 11:25:11,123.8,9666028
2021-06-11 11:25:15,123.8,9667124
2021-06-11 11:25:18,123.8,9667978
2021-06-11 11:25:22,123.8,9698211
2021-06-11 11:25:26,123.7,9698526
2021-06-11 11:25:29,123.8,9699767
2021-06-11 11:25:32,123.8,9699776
2021-06-11 11:25:36,123.8,9700253
2021-06-11 11:25:39,123.7,9700702
2021-06-11 11:25:43,123.75,9700745
2021-06-11 11:25:46,123.8,9700805
2021-06-11 11:25:49,123.8,9707521
2021-06-11 11:25:53,123.8,9711566
2021-06-11 11:25:57,123.9,9711931
2021-06-11 11:26:01,123.85,9712001
2021-06-11 11:26:04,123.9,9712013
2021-06-11 11:26:07,123.9,9712357
2021-06-11 11:26:11,123.95,9712685
2021-06-11 11:26:15,123.85,9713685
2021-06-11 11:26:18,123.85,9715137
2021-06-11 11:26:22,123.95,9715227
2021-06-11 11:26:25,123.95,9715572
2021-06-11 11:26:28,123.9,9715637
2021-06-11 11:26:34,123.95,9715763
2021-06-11 11:26:38,123.9,9716094
2021-06-11 11:26:41,123.9,9716924
2021-06-11 11:26:44,124.0,9716938
2021-06-11 11:26:47,123.95,9718187
2021-06-11 11:26:50,123.95,9719719
2021-06-11 11:26:53,124.0,9719844
2021-06-11 11:26:56,124.0,9720620
2021-06-11 11:26:59,124.0,9720620
2021-06-11 11:27:02,123.95,9721623
2021-06-11 11:27:05,124.0,9721927
2021-06-11 11:27:09,124.0,9722257
2021-06-11 11:27:13,124.0,9722358
2021-06-11 11:27:17,124.0,9722561
2021-06-11 11:27:21,123.9,9725252
2021-06-11 11:27:24,123.95,9726876
2021-06-11 11:27:27,123.95,9726977
2021-06-11 11:27:31,123.9,9727479
2021-06-11 11:27:36,123.9,9728169
2021-06-11 11:27:43,123.9,9728716
2021-06-11 11:27:46,123.95,9728816
2021-06-11 11:27:49,123.9,9729316
2021-06-11 11:27:52,123.95,9729522
2021-06-11 11:27:55,123.95,9729846
2021-06-11 11:27:58,123.95,9732914
2021-06-11 11:28:02,123.9,9737756
2021-06-11 11:28:06,123.9,9739040
2021-06-11 11:28:09,123.85,9739621
2021-06-11 11:28:13,123.85,9739981
2021-06-11 11:28:16,123.8,9740386
2021-06-11 11:28:19,123.85,9740428
2021-06-11 11:28:23,123.85,9740624
2021-06-11 11:28:26,123.85,9741011
2021-06-11 11:28:29,123.85,9741160
2021-06-11 11:28:32,123.8,9742360
2021-06-11 11:28:36,123.85,9742631
2021-06-11 11:28:39,123.85,9742965
2021-06-11 11:28:43,123.8,9743098
2021-06-11 11:28:46,123.85,9743167
2021-06-11 11:28:50,123.85,9743285
2021-06-11 11:28:53,123.8,9743539
