timestamp,ltp,volume
2021-06-11 09:15:52,2188.65,133620
2021-06-11 09:15:52,2188.65,133620
2021-06-11 09:15:53,2189.0,134013
2021-06-11 09:15:54,2189.55,135110
2021-06-11 09:15:55,2189.25,136529
2021-06-11 09:15:56,2189.05,137393
2021-06-11 09:15:57,2188.5,140037
2021-06-11 09:15:58,2187.8,140653
2021-06-11 09:15:59,2188.15,141437
2021-06-11 09:16:00,2188.4,142958
2021-06-11 09:16:01,2190.0,146927
2021-06-11 09:16:03,2191.1,149270
2021-06-11 09:16:04,2190.15,149686
2021-06-11 09:16:05,2190.8,150388
2021-06-11 09:16:05,2190.85,150610
2021-06-11 09:16:06,2192.0,152140
2021-06-11 09:16:07,2191.95,152520
2021-06-11 09:16:08,2192.45,153880
2021-06-11 09:16:09,2193.0,154283
2021-06-11 09:16:10,2193.35,154681
2021-06-11 09:16:12,2192.75,154809
2021-06-11 09:16:13,2193.0,155916
2021-06-11 09:16:13,2192.85,155936
2021-06-11 09:16:14,2193.95,162377
2021-06-11 09:16:15,2193.5,164938
2021-06-11 09:16:17,2194.8,166285
2021-06-11 09:16:18,2195.0,168248
2021-06-11 09:16:19,2194.45,168723
2021-06-11 09:16:19,2194.5,168662
2021-06-11 09:16:20,2193.95,169645
2021-06-11 09:16:21,2193.9,170664
2021-06-11 09:16:22,2194.45,171464
2021-06-11 09:16:23,2194.5,172098
2021-06-11 09:16:24,2194.0,172642
2021-06-11 09:16:25,2194.0,172957
2021-06-11 09:16:26,2194.9,174129
2021-06-11 09:16:27,2193.95,174399
2021-06-11 09:16:28,2194.0,175485
2021-06-11 09:16:29,2194.0,175948
2021-06-11 09:16:30,2193.55,178521
2021-06-11 09:16:32,2194.0,180662
2021-06-11 09:16:33,2193.2,181119
2021-06-11 09:16:34,2192.95,181617
2021-06-11 09:16:35,2193.9,182908
2021-06-11 09:16:36,2194.45,183971
2021-06-11 09:16:36,2194.9,184174
2021-06-11 09:16:37,2195.45,187214
2021-06-11 09:16:38,2195.5,187515
2021-06-11 09:16:40,2194.4,192686
2021-06-11 09:16:41,2193.5,193308
2021-06-11 09:16:41,2194.4,193440
2021-06-11 09:16:42,2194.9,195709
2021-06-11 09:16:43,2194.8,196790
2021-06-11 09:16:44,2195.0,197683
2021-06-11 09:16:45,2195.0,197785
2021-06-11 09:16:46,2195.05,199401
2021-06-11 09:16:47,2194.85,200736
2021-06-11 09:16:49,2195.45,202094
2021-06-11 09:16:50,2195.55,203315
2021-06-11 09:16:51,2196.3,206677
2021-06-11 09:16:51,2196.3,206746
2021-06-11 09:16:52,2195.95,207312
2021-06-11 09:16:53,2197.35,208132
2021-06-11 09:16:54,2197.5,209618
2021-06-11 09:16:55,2198.05,211091
2021-06-11 09:16:56,2198.1,212442
2021-06-11 09:16:57,2198.65,213068
2021-06-11 09:16:58,2198.4,214121
2021-06-11 09:16:59,2198.35,214723
2021-06-11 09:17:00,2198.2,215224
2021-06-11 09:17:01,2198.7,216338
2021-06-11 09:17:02,2198.4,216683
2021-06-11 09:17:03,2197.9,217723
2021-06-11 09:17:04,2197.65,219655
2021-06-11 09:17:05,2197.35,220728
2021-06-11 09:17:06,2197.55,221078
2021-06-11 09:17:07,2196.95,221666
2021-06-11 09:17:08,2197.7,224094
2021-06-11 09:17:09,2198.1,224376
2021-06-11 09:17:11,2198.9,225419
2021-06-11 09:17:12,2198.25,226835
2021-06-11 09:17:12,2198.1,227045
2021-06-11 09:17:13,2197.8,227474
2021-06-11 09:17:14,2198.1,227718
2021-06-11 09:17:15,2198.55,229054
2021-06-11 09:17:17,2198.0,229754
2021-06-11 09:17:18,2198.8,229987
2021-06-11 09:17:18,2198.75,230272
2021-06-11 09:17:19,2196.8,231533
2021-06-11 09:17:20,2197.95,233401
2021-06-11 09:17:21,2198.65,234630
2021-06-11 09:17:22,2197.15,235154
2021-06-11 09:17:23,2197.0,235724
2021-06-11 09:17:24,2197.65,236284
2021-06-11 09:17:25,2198.25,236499
2021-06-11 09:17:26,2197.9,236708
2021-06-11 09:17:27,2197.55,237366
2021-06-11 09:17:29,2197.65,238689
2021-06-11 09:17:30,2196.8,246227
2021-06-11 09:17:30,2196.85,246442
2021-06-11 09:17:31,2196.0,247840
2021-06-11 09:17:32,2195.25,248964
2021-06-11 09:17:33,2195.15,252986
2021-06-11 09:17:34,2194.6,253816
2021-06-11 09:17:35,2195.2,253940
2021-06-11 09:17:36,2195.15,254074
2021-06-11 09:17:37,2196.8,254499
2021-06-11 09:17:38,2197.45,256458
2021-06-11 09:17:39,2198.0,256668
2021-06-11 09:17:40,2198.55,258474
2021-06-11 09:17:41,2198.0,258533
2021-06-11 09:17:42,2197.2,258784
2021-06-11 09:17:43,2198.15,259859
2021-06-11 09:17:44,2197.55,260496
2021-06-11 09:17:45,2197.05,261642
2021-06-11 09:17:47,2195.75,263999
2021-06-11 09:17:48,2196.2,264155
2021-06-11 09:17:49,2196.4,264290
2021-06-11 09:17:50,2196.2,265377
2021-06-11 09:17:50,2196.2,265377
2021-06-11 09:17:51,2197.2,265818
2021-06-11 09:17:52,2196.25,266019
2021-06-11 09:17:53,2196.15,266316
2021-06-11 09:17:54,2196.3,266772
2021-06-11 09:17:55,2197.25,266907
2021-06-11 09:17:56,2197.25,266923
2021-06-11 09:17:57,2197.5,267167
2021-06-11 09:17:59,2197.3,267448
2021-06-11 09:18:00,2197.2,267743
2021-06-11 09:18:01,2197.0,268783
2021-06-11 09:18:02,2197.15,269274
2021-06-11 09:18:03,2197.0,269411
2021-06-11 09:18:04,2196.85,269888
2021-06-11 09:18:05,2197.15,270277
2021-06-11 09:18:06,2197.2,270779
2021-06-11 09:18:07,2197.25,271180
2021-06-11 09:18:07,2197.25,271180
2021-06-11 09:18:08,2196.45,271394
2021-06-11 09:18:09,2196.6,271633
2021-06-11 09:18:10,2196.6,271646
2021-06-11 09:18:11,2196.05,271857
2021-06-11 09:18:12,2195.75,272301
2021-06-11 09:18:13,2195.5,272564
2021-06-11 09:18:14,2195.45,274387
2021-06-11 09:18:16,2194.1,276072
2021-06-11 09:18:17,2195.0,276105
2021-06-11 09:18:18,2194.0,276638
2021-06-11 09:18:19,2194.7,277044
2021-06-11 09:18:21,2196.4,280539
2021-06-11 09:18:21,2196.4,280585
2021-06-11 09:18:22,2196.75,280598
2021-06-11 09:18:23,2196.4,280620
2021-06-11 09:18:25,2195.9,281746
2021-06-11 09:18:27,2195.65,282159
2021-06-11 09:18:27,2195.9,282548
2021-06-11 09:18:29,2196.2,283919
2021-06-11 09:18:29,2195.95,283923
2021-06-11 09:18:30,2195.75,284307
2021-06-11 09:18:31,2195.6,285235
2021-06-11 09:18:33,2195.95,285339
2021-06-11 09:18:34,2195.15,285594
2021-06-11 09:18:35,2195.0,286727
2021-06-11 09:18:36,2195.15,286882
2021-06-11 09:18:37,2195.35,287427
2021-06-11 09:18:38,2195.25,287851
2021-06-11 09:18:38,2195.0,287971
2021-06-11 09:18:39,2195.45,288377
2021-06-11 09:18:40,2195.4,288584
2021-06-11 09:18:42,2195.0,289808
2021-06-11 09:18:43,2195.5,289826
2021-06-11 09:18:44,2195.9,290186
2021-06-11 09:18:45,2195.35,291096
2021-06-11 09:18:46,2195.75,293241
2021-06-11 09:18:47,2195.35,293385
2021-06-11 09:18:47,2195.35,293385
2021-06-11 09:18:48,2195.4,293489
2021-06-11 09:18:49,2195.55,293667
2021-06-11 09:18:51,2195.4,293830
2021-06-11 09:18:52,2195.4,293891
2021-06-11 09:18:53,2196.0,294948
2021-06-11 09:18:54,2195.65,294989
2021-06-11 09:18:55,2196.0,295645
2021-06-11 09:18:56,2195.65,295715
2021-06-11 09:18:56,2196.5,295728
2021-06-11 09:18:57,2196.75,296067
2021-06-11 09:18:58,2195.6,296099
2021-06-11 09:18:59,2195.65,296306
2021-06-11 09:19:00,2196.4,296457
2021-06-11 09:19:01,2196.4,296513
2021-06-11 09:19:02,2196.8,296682
2021-06-11 09:19:03,2196.7,296976
2021-06-11 09:19:04,2196.25,297092
2021-06-11 09:19:05,2196.65,297132
2021-06-11 09:19:06,2197.2,298193
2021-06-11 09:19:07,2196.7,298383
2021-06-11 09:19:08,2196.55,298606
2021-06-11 09:19:10,2196.8,299280
2021-06-11 09:19:11,2196.75,299879
2021-06-11 09:19:12,2196.85,299985
2021-06-11 09:19:13,2196.8,300122
2021-06-11 09:19:14,2197.1,300387
2021-06-11 09:19:15,2197.55,300425
2021-06-11 09:19:16,2197.7,302010
2021-06-11 09:19:16,2197.1,302030
2021-06-11 09:19:17,2197.65,302272
2021-06-11 09:19:18,2197.7,302532
2021-06-11 09:19:19,2197.6,302711
2021-06-11 09:19:21,2197.0,304046
2021-06-11 09:19:22,2196.7,304310
2021-06-11 09:19:23,2197.05,304362
2021-06-11 09:19:24,2196.35,304365
2021-06-11 09:19:25,2196.35,304432
2021-06-11 09:19:26,2196.8,305022
2021-06-11 09:19:27,2196.9,305544
2021-06-11 09:19:28,2196.85,307165
2021-06-11 09:19:29,2197.85,308205
2021-06-11 09:19:29,2197.0,308971
2021-06-11 09:19:30,2197.5,309032
2021-06-11 09:19:31,2198.0,312182
2021-06-11 09:19:32,2198.55,312681
2021-06-11 09:19:33,2197.15,312797
2021-06-11 09:19:35,2198.0,313104
2021-06-11 09:19:36,2197.45,313557
2021-06-11 09:19:37,2196.85,313872
2021-06-11 09:19:38,2197.4,314172
2021-06-11 09:19:38,2197.4,314172
2021-06-11 09:19:40,2197.35,314693
2021-06-11 09:19:41,2197.25,315507
2021-06-11 09:19:43,2196.85,315723
2021-06-11 09:19:44,2197.4,315853
2021-06-11 09:19:46,2198.0,317033
2021-06-11 09:19:47,2197.95,317352
2021-06-11 09:19:48,2198.0,317573
2021-06-11 09:19:49,2197.4,317583
2021-06-11 09:19:50,2197.45,317629
2021-06-11 09:19:51,2198.15,318088
2021-06-11 09:19:52,2197.55,318136
2021-06-11 09:19:53,2197.95,318195
2021-06-11 09:19:54,2197.95,318381
2021-06-11 09:19:54,2197.8,318481
2021-06-11 09:19:55,2198.0,318698
2021-06-11 09:19:57,2197.9,318918
2021-06-11 09:19:58,2197.9,319057
2021-06-11 09:19:59,2198.0,319303
2021-06-11 09:19:59,2198.0,319303
2021-06-11 09:20:00,2198.65,319734
2021-06-11 09:20:01,2198.0,319885
2021-06-11 09:20:02,2197.9,321080
2021-06-11 09:20:04,2198.5,321286
2021-06-11 09:20:05,2198.5,322045
2021-06-11 09:20:06,2197.95,322260
2021-06-11 09:20:07,2199.0,327606
2021-06-11 09:20:08,2199.25,328253
2021-06-11 09:20:09,2199.1,328685
2021-06-11 09:20:10,2199.1,328769
2021-06-11 09:20:10,2199.75,328999
2021-06-11 09:20:11,2199.15,329811
2021-06-11 09:20:13,2198.8,330383
2021-06-11 09:20:16,2200.0,333617
2021-06-11 09:20:19,2200.0,335383
2021-06-11 09:20:20,2199.9,336672
2021-06-11 09:20:21,2199.8,337035
2021-06-11 09:20:21,2199.8,337099
2021-06-11 09:20:22,2200.0,337656
2021-06-11 09:20:24,2200.0,337846
2021-06-11 09:20:25,2199.1,338155
2021-06-11 09:20:26,2199.7,338895
2021-06-11 09:20:27,2199.5,344074
2021-06-11 09:20:28,2200.3,349970
2021-06-11 09:20:29,2201.75,350371
2021-06-11 09:20:29,2201.75,350713
2021-06-11 09:20:30,2200.0,352703
2021-06-11 09:20:31,2200.65,353235
2021-06-11 09:20:32,2202.0,355267
2021-06-11 09:20:33,2200.9,355597
2021-06-11 09:20:34,2201.45,355997
2021-06-11 09:20:35,2201.3,356230
2021-06-11 09:20:36,2201.9,357210
2021-06-11 09:20:37,2202.0,357887
2021-06-11 09:20:38,2201.85,358062
2021-06-11 09:20:40,2201.0,358989
2021-06-11 09:20:41,2201.75,362424
2021-06-11 09:20:42,2201.8,363001
2021-06-11 09:20:43,2202.0,363267
2021-06-11 09:20:44,2202.2,364410
2021-06-11 09:20:45,2202.35,365296
2021-06-11 09:20:46,2202.2,367264
2021-06-11 09:20:46,2201.5,367619
2021-06-11 09:20:47,2201.8,368510
2021-06-11 09:20:48,2203.0,370093
2021-06-11 09:20:50,2203.0,372998
2021-06-11 09:20:51,2203.7,373899
2021-06-11 09:20:53,2203.95,377392
2021-06-11 09:20:54,2203.2,378353
2021-06-11 09:20:55,2203.8,379536
2021-06-11 09:20:56,2203.45,379990
2021-06-11 09:20:57,2203.55,380189
2021-06-11 09:20:57,2203.55,380189
2021-06-11 09:20:58,2203.3,381097
2021-06-11 09:21:00,2203.55,381487
2021-06-11 09:21:01,2203.6,382303
2021-06-11 09:21:02,2203.1,383224
2021-06-11 09:21:03,2203.8,383718
2021-06-11 09:21:04,2202.65,385204
2021-06-11 09:21:05,2203.1,385938
2021-06-11 09:21:06,2203.7,387048
2021-06-11 09:21:06,2203.8,388076
2021-06-11 09:21:08,2203.0,388273
2021-06-11 09:21:09,2203.25,389198
2021-06-11 09:21:10,2202.65,390256
2021-06-11 09:21:11,2203.05,390723
2021-06-11 09:21:13,2203.8,391853
2021-06-11 09:21:13,2203.3,391909
2021-06-11 09:21:14,2203.8,392408
2021-06-11 09:21:15,2203.5,393216
2021-06-11 09:21:16,2203.2,395419
2021-06-11 09:21:17,2204.1,395488
2021-06-11 09:21:18,2203.55,395723
2021-06-11 09:21:19,2203.5,395988
2021-06-11 09:21:21,2203.25,396657
2021-06-11 09:21:22,2203.0,397494
2021-06-11 09:21:23,2203.45,398670
2021-06-11 09:21:24,2203.45,399043
2021-06-11 09:21:25,2203.8,399977
2021-06-11 09:21:25,2203.8,399977
2021-06-11 09:21:27,2203.9,401402
2021-06-11 09:21:28,2203.15,403349
2021-06-11 09:21:29,2203.45,404157
2021-06-11 09:21:30,2203.3,404310
2021-06-11 09:21:31,2203.25,404806
2021-06-11 09:21:32,2203.3,404993
2021-06-11 09:21:33,2203.35,405416
2021-06-11 09:21:34,2203.0,405868
2021-06-11 09:21:35,2203.0,406021
2021-06-11 09:21:36,2203.3,406971
2021-06-11 09:21:37,2202.8,407137
2021-06-11 09:21:38,2203.3,408086
2021-06-11 09:21:39,2203.4,408601
2021-06-11 09:21:40,2202.6,408965
2021-06-11 09:21:41,2203.25,409387
2021-06-11 09:21:43,2203.0,411208
2021-06-11 09:21:43,2203.0,411408
2021-06-11 09:21:45,2203.05,411675
2021-06-11 09:21:46,2204.75,421006
2021-06-11 09:21:47,2204.4,421316
2021-06-11 09:21:48,2204.0,426353
2021-06-11 09:21:49,2204.4,426446
2021-06-11 09:21:50,2204.0,426967
2021-06-11 09:21:51,2204.0,427206
2021-06-11 09:21:52,2204.0,428126
2021-06-11 09:21:53,2204.55,428757
2021-06-11 09:21:54,2204.45,429366
2021-06-11 09:21:55,2204.75,429641
2021-06-11 09:21:56,2204.8,430195
2021-06-11 09:21:57,2205.0,431656
2021-06-11 09:21:58,2204.75,435574
2021-06-11 09:21:59,2204.75,436639
2021-06-11 09:22:00,2204.8,437697
2021-06-11 09:22:01,2204.8,439579
2021-06-11 09:22:02,2205.0,440192
2021-06-11 09:22:03,2204.75,440355
2021-06-11 09:22:04,2204.55,440977
2021-06-11 09:22:05,2205.0,442558
2021-06-11 09:22:06,2204.75,443150
2021-06-11 09:22:07,2204.85,443943
2021-06-11 09:22:08,2204.3,444711
2021-06-11 09:22:09,2204.5,445735
2021-06-11 09:22:10,2204.5,446232
2021-06-11 09:22:11,2204.55,447114
2021-06-11 09:22:12,2204.55,451811
2021-06-11 09:22:13,2204.45,452213
2021-06-11 09:22:14,2204.05,452574
2021-06-11 09:22:15,2204.6,453082
2021-06-11 09:22:16,2204.6,454545
2021-06-11 09:22:18,2204.05,455772
2021-06-11 09:22:19,2204.05,456005
2021-06-11 09:22:20,2204.6,456127
2021-06-11 09:22:21,2204.6,457065
2021-06-11 09:22:22,2204.6,457321
2021-06-11 09:22:23,2204.05,457654
2021-06-11 09:22:24,2204.6,458214
2021-06-11 09:22:25,2206.9,464272
2021-06-11 09:22:26,2206.05,465257
2021-06-11 09:22:27,2206.95,465690
2021-06-11 09:22:28,2206.9,467270
2021-06-11 09:22:29,2207.0,469975
2021-06-11 09:22:30,2207.0,470491
2021-06-11 09:22:31,2206.95,471156
2021-06-11 09:22:32,2206.65,471571
2021-06-11 09:22:33,2206.1,471729
2021-06-11 09:22:34,2206.1,473030
2021-06-11 09:22:35,2206.4,473380
2021-06-11 09:22:36,2206.9,473861
2021-06-11 09:22:37,2206.65,474031
2021-06-11 09:22:38,2206.65,474529
2021-06-11 09:22:39,2206.65,475110
2021-06-11 09:22:40,2206.65,475539
2021-06-11 09:22:41,2206.65,475785
2021-06-11 09:22:42,2206.8,476510
2021-06-11 09:22:43,2206.15,477021
2021-06-11 09:22:45,2208.0,481451
2021-06-11 09:22:46,2208.15,484465
2021-06-11 09:22:47,2208.1,489130
2021-06-11 09:22:48,2208.95,490261
2021-06-11 09:22:49,2209.0,490667
2021-06-11 09:22:50,2209.0,491995
2021-06-11 09:22:51,2208.25,493003
2021-06-11 09:22:52,2209.0,493293
2021-06-11 09:22:53,2209.4,494032
2021-06-11 09:22:54,2209.2,496385
2021-06-11 09:22:55,2209.2,497868
2021-06-11 09:22:56,2209.05,499453
2021-06-11 09:22:57,2209.2,500110
2021-06-11 09:22:58,2209.0,500945
2021-06-11 09:22:59,2209.3,501048
2021-06-11 09:23:00,2207.7,503875
2021-06-11 09:23:01,2208.3,506441
2021-06-11 09:23:02,2210.25,517891
2021-06-11 09:23:03,2210.25,519621
2021-06-11 09:23:04,2210.3,520459
2021-06-11 09:23:05,2209.9,527699
2021-06-11 09:23:06,2210.4,529750
2021-06-11 09:23:07,2211.25,530232
2021-06-11 09:23:08,2211.7,531334
2021-06-11 09:23:09,2212.0,532038
2021-06-11 09:23:10,2213.0,536072
2021-06-11 09:23:11,2213.15,537081
2021-06-11 09:23:12,2212.4,538542
2021-06-11 09:23:13,2213.0,539456
2021-06-11 09:23:14,2212.05,540834
2021-06-11 09:23:15,2212.4,542287
2021-06-11 09:23:16,2212.5,544114
2021-06-11 09:23:17,2212.45,544634
2021-06-11 09:23:18,2211.8,545585
2021-06-11 09:23:20,2212.7,547812
2021-06-11 09:23:21,2212.4,548364
2021-06-11 09:23:22,2212.5,549115
2021-06-11 09:23:23,2212.7,550133
2021-06-11 09:23:24,2212.7,555826
2021-06-11 09:23:25,2212.7,556575
2021-06-11 09:23:26,2212.5,557980
2021-06-11 09:23:27,2212.7,558170
2021-06-11 09:23:28,2212.5,559391
2021-06-11 09:23:29,2212.75,560154
2021-06-11 09:23:30,2212.5,560947
2021-06-11 09:23:31,2212.5,561851
2021-06-11 09:23:32,2212.75,562785
2021-06-11 09:23:33,2212.75,564322
2021-06-11 09:23:35,2213.65,565550
2021-06-11 09:23:36,2215.0,568010
2021-06-11 09:23:37,2215.0,568877
2021-06-11 09:23:38,2214.3,569557
2021-06-11 09:23:39,2215.0,570883
2021-06-11 09:23:40,2215.05,579740
2021-06-11 09:23:41,2216.0,580673
2021-06-11 09:23:42,2215.0,581878
2021-06-11 09:23:43,2215.0,583794
2021-06-11 09:23:44,2213.4,585629
2021-06-11 09:23:45,2213.95,587061
2021-06-11 09:23:46,2215.0,590548
2021-06-11 09:23:47,2214.05,591812
2021-06-11 09:23:48,2213.95,592359
2021-06-11 09:23:49,2213.75,593330
2021-06-11 09:23:50,2213.3,594728
2021-06-11 09:23:51,2212.7,596731
2021-06-11 09:23:52,2212.0,597139
2021-06-11 09:23:53,2212.7,597937
2021-06-11 09:23:54,2213.45,598624
2021-06-11 09:23:55,2212.0,599974
2021-06-11 09:23:56,2212.05,600294
2021-06-11 09:23:57,2212.6,603800
2021-06-11 09:23:58,2212.4,605323
2021-06-11 09:23:59,2212.4,605959
2021-06-11 09:24:00,2212.4,606494
2021-06-11 09:24:01,2212.4,606962
2021-06-11 09:24:02,2212.05,607442
2021-06-11 09:24:03,2212.15,608784
2021-06-11 09:24:04,2211.95,610842
2021-06-11 09:24:05,2212.1,611251
2021-06-11 09:24:06,2211.2,612330
2021-06-11 09:24:07,2212.0,612776
2021-06-11 09:24:09,2212.0,613651
2021-06-11 09:24:11,2211.25,614359
2021-06-11 09:24:12,2212.0,614717
2021-06-11 09:24:13,2211.15,616583
2021-06-11 09:24:14,2211.5,617270
2021-06-11 09:24:15,2212.6,618739
2021-06-11 09:24:16,2212.35,619729
2021-06-11 09:24:17,2213.0,620113
2021-06-11 09:24:19,2213.45,620391
2021-06-11 09:24:20,2213.45,621068
2021-06-11 09:24:21,2212.15,622047
2021-06-11 09:24:22,2212.75,623189
2021-06-11 09:24:23,2213.45,623647
2021-06-11 09:24:24,2212.7,624228
2021-06-11 09:24:25,2213.1,625551
2021-06-11 09:24:26,2212.65,626223
2021-06-11 09:24:27,2213.5,626641
2021-06-11 09:24:28,2213.0,626855
2021-06-11 09:24:29,2213.0,627099
2021-06-11 09:24:30,2212.05,627580
2021-06-11 09:24:31,2212.95,629276
2021-06-11 09:24:32,2212.7,629640
2021-06-11 09:24:33,2212.65,630703
2021-06-11 09:24:34,2213.1,630952
2021-06-11 09:24:35,2211.95,631153
2021-06-11 09:24:36,2212.25,631639
2021-06-11 09:24:37,2212.55,633051
2021-06-11 09:24:38,2212.75,633474
2021-06-11 09:24:39,2213.2,633643
2021-06-11 09:24:40,2212.5,633916
2021-06-11 09:24:41,2212.35,634076
2021-06-11 09:24:42,2212.3,634264
2021-06-11 09:24:43,2212.3,634768
2021-06-11 09:24:44,2212.05,635240
2021-06-11 09:24:45,2212.0,635555
2021-06-11 09:24:46,2212.0,637827
2021-06-11 09:24:47,2211.95,638165
2021-06-11 09:24:48,2212.8,638707
2021-06-11 09:24:49,2212.05,639136
2021-06-11 09:24:50,2212.05,639241
2021-06-11 09:24:51,2211.9,640076
2021-06-11 09:24:52,2212.0,640667
2021-06-11 09:24:53,2211.55,640859
2021-06-11 09:24:54,2211.5,641138
2021-06-11 09:24:55,2212.0,641323
2021-06-11 09:24:56,2211.95,641371
2021-06-11 09:24:57,2211.95,642128
2021-06-11 09:24:58,2211.25,642287
2021-06-11 09:24:59,2210.3,644288
2021-06-11 09:25:00,2210.5,644445
2021-06-11 09:25:01,2210.55,644938
2021-06-11 09:25:02,2208.85,652529
2021-06-11 09:25:03,2208.65,653483
2021-06-11 09:25:04,2208.6,654908
2021-06-11 09:25:05,2208.55,657034
2021-06-11 09:25:06,2208.0,657398
2021-06-11 09:25:07,2209.0,658923
2021-06-11 09:25:08,2209.15,659515
2021-06-11 09:25:09,2209.1,660230
2021-06-11 09:25:10,2210.0,660875
2021-06-11 09:25:11,2209.95,661060
2021-06-11 09:25:12,2209.95,661465
2021-06-11 09:25:13,2209.4,664383
2021-06-11 09:25:14,2209.1,664762
2021-06-11 09:25:15,2210.0,665175
2021-06-11 09:25:16,2208.7,665511
2021-06-11 09:25:17,2208.9,665727
2021-06-11 09:25:19,2208.55,665987
2021-06-11 09:25:20,2210.0,667340
2021-06-11 09:25:21,2209.5,667833
2021-06-11 09:25:22,2208.55,668149
2021-06-11 09:25:23,2208.3,668675
2021-06-11 09:25:24,2208.75,669418
2021-06-11 09:25:25,2207.7,669533
2021-06-11 09:25:26,2208.0,669689
2021-06-11 09:25:27,2208.0,669963
2021-06-11 09:25:28,2208.05,670377
2021-06-11 09:25:28,2208.05,670492
2021-06-11 09:25:29,2208.55,671026
2021-06-11 09:25:30,2208.0,671321
2021-06-11 09:25:31,2207.35,671789
2021-06-11 09:25:32,2208.0,672237
2021-06-11 09:25:33,2207.7,672870
2021-06-11 09:25:34,2207.65,673412
2021-06-11 09:25:35,2207.55,673590
2021-06-11 09:25:36,2207.55,673672
2021-06-11 09:25:37,2207.2,673884
2021-06-11 09:25:38,2207.55,674089
2021-06-11 09:25:39,2207.7,674395
2021-06-11 09:25:40,2207.55,674784
2021-06-11 09:25:41,2207.1,675055
2021-06-11 09:25:42,2206.95,676701
2021-06-11 09:25:43,2206.1,677413
2021-06-11 09:25:44,2205.75,678966
2021-06-11 09:25:45,2205.0,680689
2021-06-11 09:25:46,2205.0,681604
2021-06-11 09:25:47,2205.0,682345
2021-06-11 09:25:48,2205.0,682740
2021-06-11 09:25:49,2205.0,684465
2021-06-11 09:25:50,2205.7,684985
2021-06-11 09:25:51,2205.15,685702
2021-06-11 09:25:53,2205.35,687035
2021-06-11 09:25:53,2206.45,687090
2021-06-11 09:25:54,2207.0,687950
2021-06-11 09:25:55,2205.75,688430
2021-06-11 09:25:56,2205.7,688619
2021-06-11 09:25:57,2206.8,689391
2021-06-11 09:25:58,2205.85,690067
2021-06-11 09:25:59,2206.75,690402
2021-06-11 09:26:00,2206.7,690724
2021-06-11 09:26:01,2206.0,691661
2021-06-11 09:26:02,2206.7,691784
2021-06-11 09:26:03,2206.2,692103
2021-06-11 09:26:04,2206.75,692376
2021-06-11 09:26:05,2206.0,692761
2021-06-11 09:26:06,2206.8,692857
2021-06-11 09:26:07,2206.1,693003
2021-06-11 09:26:08,2207.0,693303
2021-06-11 09:26:09,2207.2,693491
2021-06-11 09:26:10,2207.0,693542
2021-06-11 09:26:11,2207.2,693898
2021-06-11 09:26:12,2206.65,694059
2021-06-11 09:26:13,2206.3,694375
2021-06-11 09:26:14,2206.75,694643
2021-06-11 09:26:15,2206.8,694674
2021-06-11 09:26:17,2207.55,696703
2021-06-11 09:26:20,2207.4,697149
2021-06-11 09:26:21,2207.2,697432
2021-06-11 09:26:23,2207.95,698073
2021-06-11 09:26:24,2208.05,698514
2021-06-11 09:26:25,2208.95,698532
2021-06-11 09:26:26,2209.4,698969
2021-06-11 09:26:27,2209.45,699161
2021-06-11 09:26:28,2209.45,699837
2021-06-11 09:26:29,2210.0,701941
2021-06-11 09:26:30,2209.65,702529
2021-06-11 09:26:31,2211.3,702983
2021-06-11 09:26:32,2209.0,703548
2021-06-11 09:26:33,2209.0,703847
2021-06-11 09:26:34,2210.25,704054
2021-06-11 09:26:35,2209.7,704244
2021-06-11 09:26:36,2210.0,705181
2021-06-11 09:26:37,2210.05,705504
2021-06-11 09:26:38,2210.7,705608
2021-06-11 09:26:39,2210.0,706014
2021-06-11 09:26:40,2209.6,706898
2021-06-11 09:26:41,2210.75,707000
2021-06-11 09:26:42,2210.0,707042
2021-06-11 09:26:43,2211.0,707265
2021-06-11 09:26:44,2211.65,707968
2021-06-11 09:26:45,2211.95,708565
2021-06-11 09:26:46,2211.0,708694
2021-06-11 09:26:47,2211.0,709169
2021-06-11 09:26:48,2210.0,710169
2021-06-11 09:26:49,2210.0,710740
2021-06-11 09:26:51,2211.0,711074
2021-06-11 09:26:52,2211.0,711293
2021-06-11 09:26:53,2211.9,711802
2021-06-11 09:26:54,2211.0,711904
2021-06-11 09:26:55,2211.9,712110
2021-06-11 09:26:55,2211.9,712107
2021-06-11 09:26:56,2211.2,712831
2021-06-11 09:26:57,2211.6,717692
2021-06-11 09:26:58,2212.75,718106
2021-06-11 09:26:59,2212.5,718825
2021-06-11 09:27:00,2213.0,719124
2021-06-11 09:27:01,2213.1,720835
2021-06-11 09:27:02,2212.3,721780
2021-06-11 09:27:03,2213.3,722902
2021-06-11 09:27:04,2212.75,723212
2021-06-11 09:27:05,2213.05,724141
2021-06-11 09:27:06,2213.05,724688
2021-06-11 09:27:07,2213.3,725867
2021-06-11 09:27:08,2212.65,726948
2021-06-11 09:27:10,2213.1,727491
2021-06-11 09:27:11,2213.85,729941
2021-06-11 09:27:12,2213.55,730199
2021-06-11 09:27:13,2213.1,730450
2021-06-11 09:27:14,2213.45,730846
2021-06-11 09:27:15,2213.45,731272
2021-06-11 09:27:16,2212.85,732029
2021-06-11 09:27:17,2212.85,732219
2021-06-11 09:27:18,2213.1,732443
2021-06-11 09:27:19,2213.0,733563
2021-06-11 09:27:20,2212.1,733999
2021-06-11 09:27:20,2213.0,734049
2021-06-11 09:27:21,2212.6,734190
2021-06-11 09:27:23,2212.65,734888
2021-06-11 09:27:25,2212.4,735606
2021-06-11 09:27:26,2212.5,735874
2021-06-11 09:27:27,2213.0,736140
2021-06-11 09:27:28,2212.1,736400
2021-06-11 09:27:29,2212.65,736539
2021-06-11 09:27:30,2211.35,737932
2021-06-11 09:27:31,2211.5,738149
2021-06-11 09:27:32,2211.25,739028
2021-06-11 09:27:33,2211.45,739148
2021-06-11 09:27:34,2211.9,739556
2021-06-11 09:27:35,2211.3,739894
2021-06-11 09:27:36,2211.25,740008
2021-06-11 09:27:37,2211.25,740041
2021-06-11 09:27:39,2211.25,740350
2021-06-11 09:27:40,2211.0,740669
2021-06-11 09:27:41,2211.25,740951
2021-06-11 09:27:42,2211.5,741497
2021-06-11 09:27:43,2211.0,741624
2021-06-11 09:27:44,2211.25,741704
2021-06-11 09:27:45,2211.9,742012
2021-06-11 09:27:46,2211.75,742227
2021-06-11 09:27:47,2212.0,743019
2021-06-11 09:27:48,2212.0,743472
2021-06-11 09:27:49,2211.85,744115
2021-06-11 09:27:50,2212.05,744515
2021-06-11 09:27:51,2212.05,744669
2021-06-11 09:27:52,2212.0,746391
2021-06-11 09:27:53,2212.0,746767
2021-06-11 09:27:54,2211.85,746958
2021-06-11 09:27:55,2211.55,747626
2021-06-11 09:27:56,2211.65,748158
2021-06-11 09:27:57,2212.4,748374
2021-06-11 09:27:58,2211.85,749423
2021-06-11 09:27:59,2211.85,749573
2021-06-11 09:28:00,2212.05,750184
2021-06-11 09:28:01,2211.95,750226
2021-06-11 09:28:02,2212.0,750558
2021-06-11 09:28:03,2212.05,751124
2021-06-11 09:28:04,2211.75,751641
2021-06-11 09:28:05,2211.75,751734
2021-06-11 09:28:06,2211.7,751822
2021-06-11 09:28:06,2211.6,751823
2021-06-11 09:28:07,2211.6,751977
2021-06-11 09:28:08,2211.3,752606
2021-06-11 09:28:09,2211.3,752687
2021-06-11 09:28:10,2211.0,752745
2021-06-11 09:28:11,2210.45,753070
2021-06-11 09:28:12,2211.25,754372
2021-06-11 09:28:13,2210.85,757420
2021-06-11 09:28:14,2210.35,757966
2021-06-11 09:28:15,2210.4,757992
2021-06-11 09:28:16,2210.4,758235
2021-06-11 09:28:17,2210.35,758289
2021-06-11 09:28:18,2210.1,758682
2021-06-11 09:28:19,2210.4,758795
2021-06-11 09:28:21,2211.0,760656
2021-06-11 09:28:22,2211.3,760760
2021-06-11 09:28:23,2210.6,760806
2021-06-11 09:28:25,2210.25,761149
2021-06-11 09:28:26,2210.3,761622
2021-06-11 09:28:27,2210.3,761753
2021-06-11 09:28:28,2210.3,761815
2021-06-11 09:28:29,2212.0,762147
2021-06-11 09:28:30,2211.2,762310
2021-06-11 09:28:31,2211.1,763341
2021-06-11 09:28:31,2211.1,763341
2021-06-11 09:28:32,2210.75,763592
2021-06-11 09:28:33,2211.45,766933
2021-06-11 09:28:34,2211.45,766933
2021-06-11 09:28:35,2210.75,767100
2021-06-11 09:28:36,2211.4,767640
2021-06-11 09:28:37,2210.75,768001
2021-06-11 09:28:38,2210.85,768255
2021-06-11 09:28:43,2210.95,770295
2021-06-11 09:28:44,2211.95,771000
2021-06-11 09:28:45,2211.4,771167
2021-06-11 09:28:45,2211.4,771167
2021-06-11 09:28:46,2211.85,771334
2021-06-11 09:28:47,2210.1,771911
2021-06-11 09:28:49,2210.6,772133
2021-06-11 09:28:50,2210.25,772235
2021-06-11 09:28:51,2211.2,772510
2021-06-11 09:28:52,2211.4,772706
2021-06-11 09:28:53,2211.4,773506
2021-06-11 09:28:54,2211.0,773665
2021-06-11 09:28:54,2210.3,773643
2021-06-11 09:28:55,2212.0,774408
2021-06-11 09:28:56,2211.1,775583
2021-06-11 09:28:57,2210.95,775811
2021-06-11 09:28:58,2210.6,776404
2021-06-11 09:28:59,2210.5,776915
2021-06-11 09:29:00,2211.35,777373
2021-06-11 09:29:01,2211.0,777398
2021-06-11 09:29:02,2211.0,777523
2021-06-11 09:29:03,2210.5,777865
2021-06-11 09:29:04,2210.7,778273
2021-06-11 09:29:05,2210.0,778493
2021-06-11 09:29:06,2210.2,778887
2021-06-11 09:29:07,2210.5,779181
2021-06-11 09:29:08,2210.5,779237
2021-06-11 09:29:09,2210.95,779427
2021-06-11 09:29:10,2210.9,779601
2021-06-11 09:29:11,2210.0,779816
2021-06-11 09:29:12,2210.35,780143
2021-06-11 09:29:13,2210.35,780626
2021-06-11 09:29:15,2210.25,780977
2021-06-11 09:29:16,2210.0,781062
2021-06-11 09:29:17,2209.45,781251
2021-06-11 09:29:18,2209.55,782254
2021-06-11 09:29:19,2209.5,782489
2021-06-11 09:29:20,2208.35,783622
2021-06-11 09:29:21,2209.15,783675
2021-06-11 09:29:22,2209.55,785308
2021-06-11 09:29:22,2209.6,785519
2021-06-11 09:29:23,2209.0,785719
2021-06-11 09:29:25,2209.0,786190
2021-06-11 09:29:26,2209.6,786378
2021-06-11 09:29:27,2209.45,786497
2021-06-11 09:29:27,2209.45,786497
2021-06-11 09:29:28,2209.45,786690
2021-06-11 09:29:29,2209.85,786809
2021-06-11 09:29:30,2209.9,786912
2021-06-11 09:29:31,2209.85,787048
2021-06-11 09:29:33,2208.9,789785
2021-06-11 09:29:34,2208.9,789886
2021-06-11 09:29:35,2208.1,790170
2021-06-11 09:29:36,2209.2,790455
2021-06-11 09:29:36,2209.2,790454
2021-06-11 09:29:37,2209.45,790466
2021-06-11 09:29:38,2208.7,790750
2021-06-11 09:29:39,2208.7,790771
2021-06-11 09:29:41,2209.15,791352
2021-06-11 09:29:42,2208.65,791393
2021-06-11 09:29:43,2208.7,791529
2021-06-11 09:29:44,2209.45,793852
2021-06-11 09:29:45,2209.8,794301
2021-06-11 09:29:46,2209.8,794349
2021-06-11 09:29:47,2209.8,794379
2021-06-11 09:29:48,2209.85,794555
2021-06-11 09:29:49,2209.9,794625
2021-06-11 09:29:50,2209.9,794654
2021-06-11 09:29:51,2209.9,795011
2021-06-11 09:29:52,2209.45,795605
2021-06-11 09:29:53,2208.05,796122
2021-06-11 09:29:54,2208.55,796127
2021-06-11 09:29:55,2208.55,796198
2021-06-11 09:29:56,2208.0,796303
2021-06-11 09:29:57,2208.0,796520
2021-06-11 09:29:58,2208.0,797050
2021-06-11 09:29:59,2208.0,797080
2021-06-11 09:30:00,2208.05,797154
2021-06-11 09:30:01,2208.2,797236
2021-06-11 09:30:01,2208.2,797236
2021-06-11 09:30:02,2208.0,797945
2021-06-11 09:30:03,2208.05,798676
2021-06-11 09:30:04,2208.8,798871
2021-06-11 09:30:05,2208.8,799246
2021-06-11 09:30:06,2208.85,799442
2021-06-11 09:30:07,2208.05,799597
2021-06-11 09:30:08,2209.15,799932
2021-06-11 09:30:09,2209.4,800032
2021-06-11 09:30:10,2209.8,800286
2021-06-11 09:30:11,2209.0,800569
2021-06-11 09:30:12,2209.0,800752
2021-06-11 09:30:16,2210.0,802590
2021-06-11 09:30:17,2210.0,802838
2021-06-11 09:30:19,2210.6,804739
2021-06-11 09:30:20,2209.5,805057
2021-06-11 09:30:22,2210.7,805834
2021-06-11 09:30:23,2209.8,805853
2021-06-11 09:30:24,2210.8,806606
2021-06-11 09:30:25,2210.8,807271
2021-06-11 09:30:26,2210.8,807297
2021-06-11 09:30:27,2210.25,808050
2021-06-11 09:30:28,2210.05,810281
2021-06-11 09:30:29,2210.85,810341
2021-06-11 09:30:30,2210.25,810480
2021-06-11 09:30:31,2211.0,811732
2021-06-11 09:30:32,2210.8,811786
2021-06-11 09:30:33,2210.35,812136
2021-06-11 09:30:34,2210.8,812181
2021-06-11 09:30:35,2210.8,812456
2021-06-11 09:30:36,2211.0,812945
2021-06-11 09:30:37,2210.55,814012
2021-06-11 09:30:38,2210.7,814438
2021-06-11 09:30:39,2210.5,814872
2021-06-11 09:30:40,2210.55,814934
2021-06-11 09:30:41,2210.0,815046
2021-06-11 09:30:42,2210.0,815585
2021-06-11 09:30:43,2210.8,815668
2021-06-11 09:30:44,2210.7,815999
2021-06-11 09:30:45,2210.0,816489
2021-06-11 09:30:46,2210.0,816551
2021-06-11 09:30:47,2211.0,817185
2021-06-11 09:30:48,2210.35,817335
2021-06-11 09:30:49,2211.0,817586
2021-06-11 09:30:50,2211.0,817651
2021-06-11 09:30:51,2210.25,817939
2021-06-11 09:30:52,2210.25,818007
2021-06-11 09:30:53,2210.25,818489
2021-06-11 09:30:54,2210.25,818573
2021-06-11 09:30:55,2210.15,819582
2021-06-11 09:30:56,2210.15,819954
2021-06-11 09:30:57,2210.15,819954
2021-06-11 09:30:58,2211.0,820004
2021-06-11 09:30:59,2210.95,820158
2021-06-11 09:31:00,2210.95,820468
2021-06-11 09:31:01,2211.05,820560
2021-06-11 09:31:02,2210.95,820562
2021-06-11 09:31:03,2211.0,820962
2021-06-11 09:31:03,2211.0,820734
2021-06-11 09:31:04,2210.95,821377
2021-06-11 09:31:06,2210.95,821601
2021-06-11 09:31:07,2211.5,821714
2021-06-11 09:31:08,2211.55,821822
2021-06-11 09:31:09,2211.85,822542
2021-06-11 09:31:10,2211.4,822755
2021-06-11 09:31:11,2211.9,822835
2021-06-11 09:31:12,2211.85,827410
2021-06-11 09:31:13,2212.25,827617
2021-06-11 09:31:14,2212.95,828085
2021-06-11 09:31:15,2213.0,828536
2021-06-11 09:31:16,2212.25,829627
2021-06-11 09:31:18,2212.1,833717
2021-06-11 09:31:19,2211.2,834206
2021-06-11 09:31:20,2212.15,834452
2021-06-11 09:31:21,2212.15,834697
2021-06-11 09:31:22,2213.0,834981
2021-06-11 09:31:23,2211.95,835637
2021-06-11 09:31:25,2212.8,836108
2021-06-11 09:31:26,2212.75,836225
2021-06-11 09:31:27,2212.3,836770
2021-06-11 09:31:28,2212.25,836936
2021-06-11 09:31:29,2212.3,837066
2021-06-11 09:31:30,2212.25,837224
2021-06-11 09:31:31,2212.75,837323
2021-06-11 09:31:31,2212.25,837363
2021-06-11 09:31:32,2212.7,837380
2021-06-11 09:31:33,2212.25,837565
2021-06-11 09:31:34,2213.0,838000
2021-06-11 09:31:35,2212.3,838508
2021-06-11 09:31:37,2212.75,838659
2021-06-11 09:31:38,2212.95,839335
2021-06-11 09:31:39,2212.25,839549
2021-06-11 09:31:40,2213.5,840002
2021-06-11 09:31:40,2213.5,840002
2021-06-11 09:31:42,2212.7,840515
2021-06-11 09:31:43,2213.0,840637
2021-06-11 09:31:44,2212.95,840738
2021-06-11 09:31:45,2212.75,841468
2021-06-11 09:31:45,2213.5,841479
2021-06-11 09:31:47,2213.75,841704
2021-06-11 09:31:48,2213.2,842081
2021-06-11 09:31:49,2212.9,842269
2021-06-11 09:31:50,2213.5,842435
2021-06-11 09:31:50,2213.5,842471
2021-06-11 09:31:51,2213.8,842647
2021-06-11 09:31:52,2213.35,843836
2021-06-11 09:31:54,2214.3,846562
2021-06-11 09:31:55,2215.0,847223
2021-06-11 09:31:56,2214.55,857150
2021-06-11 09:31:57,2214.35,857533
2021-06-11 09:31:58,2216.0,864414
2021-06-11 09:31:59,2216.8,866473
2021-06-11 09:32:00,2216.25,870121
2021-06-11 09:32:01,2216.8,871713
2021-06-11 09:32:02,2216.15,873894
2021-06-11 09:32:03,2216.9,874954
2021-06-11 09:32:04,2216.75,876464
2021-06-11 09:32:05,2216.85,878585
2021-06-11 09:32:06,2217.0,879912
2021-06-11 09:32:07,2216.9,880131
2021-06-11 09:32:09,2216.95,881231
2021-06-11 09:32:10,2217.0,883152
2021-06-11 09:32:11,2217.55,885817
2021-06-11 09:32:12,2217.65,887350
2021-06-11 09:32:13,2217.15,891549
2021-06-11 09:32:13,2217.95,891615
2021-06-11 09:32:14,2217.85,893350
2021-06-11 09:32:16,2217.15,895693
2021-06-11 09:32:17,2218.0,897566
2021-06-11 09:32:18,2217.8,899160
2021-06-11 09:32:19,2217.85,901362
2021-06-11 09:32:20,2217.65,902513
2021-06-11 09:32:21,2217.15,903843
2021-06-11 09:32:24,2217.7,908815
2021-06-11 09:32:25,2217.5,910581
2021-06-11 09:32:26,2218.2,912485
2021-06-11 09:32:27,2217.85,912714
2021-06-11 09:32:29,2218.0,913450
2021-06-11 09:32:30,2218.0,914272
2021-06-11 09:32:31,2217.85,914362
2021-06-11 09:32:32,2217.9,915327
2021-06-11 09:32:32,2218.0,915332
2021-06-11 09:32:33,2218.8,915633
2021-06-11 09:32:35,2218.0,916690
2021-06-11 09:32:36,2218.3,917153
2021-06-11 09:32:37,2218.0,917399
2021-06-11 09:32:38,2218.05,917674
2021-06-11 09:32:39,2219.0,921084
2021-06-11 09:32:40,2219.05,924249
2021-06-11 09:32:40,2218.55,924297
2021-06-11 09:32:42,2219.75,925887
2021-06-11 09:32:45,2219.9,927932
2021-06-11 09:32:46,2219.9,928733
2021-06-11 09:32:47,2220.15,953966
2021-06-11 09:32:48,2221.1,956024
2021-06-11 09:32:48,2221.1,956160
2021-06-11 09:32:50,2221.15,957529
2021-06-11 09:32:52,2221.7,960608
2021-06-11 09:32:53,2221.8,964530
2021-06-11 09:32:54,2221.15,965646
2021-06-11 09:32:54,2221.8,968898
2021-06-11 09:32:55,2221.5,969578
2021-06-11 09:32:57,2220.7,971706
2021-06-11 09:32:58,2221.75,972509
2021-06-11 09:32:59,2221.8,973320
2021-06-11 09:33:00,2221.1,975504
2021-06-11 09:33:01,2221.85,975695
2021-06-11 09:33:02,2221.95,976774
2021-06-11 09:33:03,2222.0,977966
2021-06-11 09:33:04,2221.55,978608
2021-06-11 09:33:05,2222.0,980339
2021-06-11 09:33:06,2222.1,987269
2021-06-11 09:33:07,2222.8,988570
2021-06-11 09:33:08,2221.9,991626
2021-06-11 09:33:09,2221.8,992472
2021-06-11 09:33:10,2222.0,993477
2021-06-11 09:33:11,2221.0,994348
2021-06-11 09:33:12,2222.05,996121
2021-06-11 09:33:13,2222.0,996448
2021-06-11 09:33:14,2222.7,997932
2021-06-11 09:33:15,2222.8,998737
2021-06-11 09:33:16,2222.0,1000061
2021-06-11 09:33:17,2221.65,1001068
2021-06-11 09:33:19,2222.15,1002432
2021-06-11 09:33:18,2222.15,1002412
2021-06-11 09:33:20,2222.15,1005431
2021-06-11 09:33:21,2222.8,1005769
2021-06-11 09:33:22,2222.7,1006584
2021-06-11 09:33:23,2222.0,1009022
2021-06-11 09:33:24,2222.0,1009511
2021-06-11 09:33:25,2221.7,1009964
2021-06-11 09:33:26,2222.7,1010951
2021-06-11 09:33:27,2221.95,1012246
2021-06-11 09:33:28,2221.8,1013923
2021-06-11 09:33:29,2221.8,1013923
2021-06-11 09:33:30,2221.55,1014442
2021-06-11 09:33:31,2221.5,1015333
2021-06-11 09:33:32,2220.7,1016141
2021-06-11 09:33:33,2219.25,1021186
2021-06-11 09:33:34,2220.35,1021967
2021-06-11 09:33:35,2221.4,1026320
2021-06-11 09:33:36,2220.75,1027289
2021-06-11 09:33:37,2220.75,1027309
2021-06-11 09:33:38,2220.4,1027783
2021-06-11 09:33:39,2220.4,1038766
2021-06-11 09:33:40,2220.7,1039678
2021-06-11 09:33:41,2221.75,1040664
2021-06-11 09:33:42,2221.75,1041444
2021-06-11 09:33:44,2221.9,1042645
2021-06-11 09:33:43,2221.95,1042534
2021-06-11 09:33:45,2221.95,1043361
2021-06-11 09:33:46,2221.9,1043991
2021-06-11 09:33:47,2222.35,1050521
2021-06-11 09:33:48,2223.0,1051361
2021-06-11 09:33:49,2223.0,1052034
2021-06-11 09:33:50,2223.0,1053898
2021-06-11 09:33:51,2221.75,1056139
2021-06-11 09:33:53,2222.75,1057147
2021-06-11 09:33:52,2221.9,1057047
2021-06-11 09:33:54,2222.9,1058156
2021-06-11 09:33:55,2223.0,1059662
2021-06-11 09:33:56,2223.4,1067287
2021-06-11 09:33:58,2223.0,1069393
2021-06-11 09:33:57,2222.95,1069180
2021-06-11 09:33:59,2224.0,1070522
2021-06-11 09:34:00,2224.0,1074366
2021-06-11 09:34:01,2223.15,1078909
2021-06-11 09:34:02,2222.25,1080364
2021-06-11 09:34:03,2222.25,1081139
2021-06-11 09:34:04,2222.85,1081290
2021-06-11 09:34:05,2222.7,1082107
2021-06-11 09:34:06,2222.25,1082816
2021-06-11 09:34:07,2222.25,1083480
2021-06-11 09:34:09,2222.45,1085183
2021-06-11 09:34:08,2222.45,1085170
2021-06-11 09:34:10,2222.45,1086700
2021-06-11 09:34:11,2222.15,1087377
2021-06-11 09:34:12,2222.15,1088966
2021-06-11 09:34:13,2221.5,1090898
2021-06-11 09:34:14,2222.15,1092091
2021-06-11 09:34:15,2222.0,1092483
2021-06-11 09:34:16,2221.15,1093018
2021-06-11 09:34:17,2222.0,1093524
2021-06-11 09:34:18,2222.25,1093698
2021-06-11 09:34:19,2222.25,1095720
2021-06-11 09:34:20,2222.0,1097425
2021-06-11 09:34:21,2222.3,1097677
2021-06-11 09:34:22,2222.45,1098746
2021-06-11 09:34:23,2222.5,1099019
2021-06-11 09:34:25,2223.0,1100973
2021-06-11 09:34:26,2222.95,1101524
2021-06-11 09:34:27,2222.45,1101902
2021-06-11 09:34:28,2221.8,1103694
2021-06-11 09:34:29,2221.8,1104021
2021-06-11 09:34:30,2221.3,1104457
2021-06-11 09:34:31,2222.0,1104805
2021-06-11 09:34:32,2221.3,1104815
2021-06-11 09:34:33,2221.15,1106279
2021-06-11 09:34:34,2221.9,1106592
2021-06-11 09:34:35,2221.75,1107310
2021-06-11 09:34:36,2221.4,1108096
2021-06-11 09:34:37,2221.1,1108227
2021-06-11 09:34:38,2221.9,1109358
2021-06-11 09:34:39,2221.2,1109799
2021-06-11 09:34:40,2221.9,1110082
2021-06-11 09:34:42,2221.9,1111457
2021-06-11 09:34:43,2222.0,1112616
2021-06-11 09:34:44,2221.15,1113300
2021-06-11 09:34:45,2221.15,1114335
2021-06-11 09:34:46,2221.1,1114830
2021-06-11 09:34:47,2221.9,1115468
2021-06-11 09:34:48,2221.15,1115498
2021-06-11 09:34:49,2221.9,1116506
2021-06-11 09:34:50,2221.0,1116793
2021-06-11 09:34:51,2221.9,1119011
2021-06-11 09:34:52,2221.8,1119370
2021-06-11 09:34:53,2221.0,1120083
2021-06-11 09:34:54,2221.2,1121751
2021-06-11 09:34:55,2220.5,1122774
2021-06-11 09:34:56,2221.0,1122859
2021-06-11 09:34:57,2221.3,1123017
2021-06-11 09:34:58,2221.0,1123560
2021-06-11 09:34:59,2220.3,1123717
2021-06-11 09:35:00,2220.2,1126633
2021-06-11 09:35:01,2220.05,1128938
2021-06-11 09:35:03,2219.9,1129995
2021-06-11 09:35:02,2220.95,1129783
2021-06-11 09:35:04,2220.1,1132403
2021-06-11 09:35:05,2221.4,1134100
2021-06-11 09:35:06,2220.2,1134528
2021-06-11 09:35:07,2220.25,1135157
2021-06-11 09:35:08,2221.0,1135830
2021-06-11 09:35:09,2221.0,1136174
2021-06-11 09:35:10,2220.2,1137125
2021-06-11 09:35:12,2220.25,1137836
2021-06-11 09:35:12,2220.3,1137881
2021-06-11 09:35:13,2220.2,1138611
2021-06-11 09:35:15,2220.3,1140050
2021-06-11 09:35:16,2220.3,1140473
2021-06-11 09:35:17,2220.2,1141263
2021-06-11 09:35:19,2221.0,1141635
2021-06-11 09:35:19,2220.45,1141831
2021-06-11 09:35:20,2220.15,1142358
2021-06-11 09:35:21,2220.0,1143522
2021-06-11 09:35:22,2220.3,1143947
2021-06-11 09:35:24,2219.9,1144707
2021-06-11 09:35:25,2219.2,1145127
2021-06-11 09:35:26,2219.3,1145856
2021-06-11 09:35:27,2219.25,1146269
2021-06-11 09:35:29,2220.15,1148975
2021-06-11 09:35:29,2220.3,1149004
2021-06-11 09:35:32,2220.0,1150693
2021-06-11 09:35:33,2220.4,1152089
2021-06-11 09:35:34,2219.05,1152959
2021-06-11 09:35:35,2219.9,1153100
2021-06-11 09:35:37,2219.15,1153372
2021-06-11 09:35:38,2219.6,1155903
2021-06-11 09:35:39,2218.2,1157071
2021-06-11 09:35:40,2218.25,1157385
2021-06-11 09:35:41,2219.1,1157742
2021-06-11 09:35:42,2219.25,1158421
2021-06-11 09:35:43,2219.1,1158943
2021-06-11 09:35:45,2219.75,1159431
2021-06-11 09:35:45,2218.9,1159616
2021-06-11 09:35:46,2218.0,1162746
2021-06-11 09:35:47,2219.0,1164166
2021-06-11 09:35:50,2218.5,1168547
2021-06-11 09:35:51,2218.15,1168997
2021-06-11 09:35:53,2218.15,1169139
2021-06-11 09:35:53,2218.15,1169134
2021-06-11 09:35:54,2218.05,1169549
2021-06-11 09:35:55,2218.4,1170512
2021-06-11 09:35:57,2218.55,1171489
2021-06-11 09:35:58,2217.8,1172010
2021-06-11 09:36:00,2217.9,1172331
2021-06-11 09:36:00,2217.9,1172332
2021-06-11 09:36:01,2218.5,1172605
2021-06-11 09:36:02,2217.65,1173525
2021-06-11 09:36:03,2218.4,1174510
2021-06-11 09:36:04,2218.5,1174929
2021-06-11 09:36:05,2218.55,1175189
2021-06-11 09:36:06,2218.0,1175405
2021-06-11 09:36:07,2218.0,1175948
2021-06-11 09:36:09,2218.4,1176426
2021-06-11 09:36:09,2218.4,1176426
2021-06-11 09:36:10,2218.5,1176777
2021-06-11 09:36:11,2217.4,1176932
2021-06-11 09:36:12,2218.4,1177433
2021-06-11 09:36:13,2218.0,1177788
2021-06-11 09:36:15,2217.9,1178626
2021-06-11 09:36:15,2217.9,1178684
2021-06-11 09:36:16,2218.0,1179472
2021-06-11 09:36:17,2217.4,1179945
2021-06-11 09:36:18,2217.25,1180446
2021-06-11 09:36:19,2218.0,1181125
2021-06-11 09:36:20,2218.0,1182995
2021-06-11 09:36:21,2217.4,1183116
2021-06-11 09:36:22,2217.9,1183229
2021-06-11 09:36:23,2217.15,1183942
2021-06-11 09:36:25,2217.05,1184253
2021-06-11 09:36:25,2217.0,1184273
2021-06-11 09:36:26,2217.0,1184535
2021-06-11 09:36:27,2216.95,1186011
2021-06-11 09:36:29,2216.9,1186787
2021-06-11 09:36:30,2216.25,1187158
2021-06-11 09:36:32,2216.0,1188848
2021-06-11 09:36:32,2216.1,1188998
2021-06-11 09:36:33,2216.1,1189206
2021-06-11 09:36:34,2215.4,1190274
2021-06-11 09:36:35,2215.05,1190983
2021-06-11 09:36:36,2215.05,1192061
2021-06-11 09:36:37,2215.0,1193647
2021-06-11 09:36:38,2215.1,1194147
2021-06-11 09:36:39,2216.05,1194845
2021-06-11 09:36:40,2215.2,1195238
2021-06-11 09:36:42,2216.0,1195503
2021-06-11 09:36:42,2216.7,1195934
2021-06-11 09:36:43,2216.0,1196644
2021-06-11 09:36:45,2216.0,1196962
2021-06-11 09:36:45,2216.5,1197189
2021-06-11 09:36:46,2215.25,1198180
2021-06-11 09:36:47,2216.0,1198380
2021-06-11 09:36:48,2216.0,1198574
2021-06-11 09:36:50,2216.0,1199281
2021-06-11 09:36:50,2216.0,1198997
2021-06-11 09:36:51,2216.0,1199608
2021-06-11 09:36:52,2215.95,1199921
2021-06-11 09:36:53,2215.5,1200308
2021-06-11 09:36:54,2215.95,1201320
2021-06-11 09:36:55,2215.85,1201699
2021-06-11 09:36:56,2215.85,1201855
2021-06-11 09:36:57,2216.0,1202067
2021-06-11 09:36:58,2216.3,1203097
2021-06-11 09:36:59,2216.1,1203681
2021-06-11 09:37:03,2216.5,1204874
2021-06-11 09:37:04,2215.5,1206372
2021-06-11 09:37:06,2216.1,1207734
2021-06-11 09:37:06,2216.95,1207824
2021-06-11 09:37:07,2216.2,1208209
2021-06-11 09:37:08,2216.05,1208961
2021-06-11 09:37:09,2216.65,1209128
2021-06-11 09:37:10,2216.75,1210047
2021-06-11 09:37:11,2217.5,1210749
2021-06-11 09:37:12,2217.05,1210866
2021-06-11 09:37:13,2217.3,1210960
2021-06-11 09:37:14,2218.0,1211498
2021-06-11 09:37:15,2218.3,1211968
2021-06-11 09:37:17,2217.65,1212798
2021-06-11 09:37:18,2218.9,1213096
2021-06-11 09:37:19,2218.2,1214935
2021-06-11 09:37:19,2218.9,1215164
2021-06-11 09:37:20,2218.1,1215502
2021-06-11 09:37:21,2218.1,1215696
2021-06-11 09:37:23,2219.2,1216137
2021-06-11 09:37:24,2219.05,1216658
2021-06-11 09:37:25,2219.25,1217055
2021-06-11 09:37:27,2219.4,1217384
2021-06-11 09:37:28,2219.05,1217676
2021-06-11 09:37:28,2219.6,1218088
2021-06-11 09:37:29,2219.05,1218298
2021-06-11 09:37:30,2219.95,1219766
2021-06-11 09:37:31,2220.0,1220465
2021-06-11 09:37:32,2219.5,1221293
2021-06-11 09:37:33,2219.95,1221433
2021-06-11 09:37:34,2219.55,1221608
2021-06-11 09:37:35,2220.0,1221965
2021-06-11 09:37:37,2219.8,1222805
2021-06-11 09:37:38,2220.0,1223045
2021-06-11 09:37:39,2219.2,1223432
2021-06-11 09:37:40,2219.0,1224236
2021-06-11 09:37:41,2219.8,1224458
2021-06-11 09:37:42,2219.95,1224897
2021-06-11 09:37:44,2220.0,1227102
2021-06-11 09:37:45,2219.0,1234367
2021-06-11 09:37:46,2218.8,1234757
2021-06-11 09:37:46,2218.8,1234787
2021-06-11 09:37:47,2218.95,1235704
2021-06-11 09:37:48,2219.65,1237512
2021-06-11 09:37:50,2218.05,1237853
2021-06-11 09:37:51,2219.15,1238177
2021-06-11 09:37:51,2219.15,1238177
2021-06-11 09:37:52,2218.9,1238838
2021-06-11 09:37:53,2218.0,1239140
2021-06-11 09:37:55,2218.0,1239396
2021-06-11 09:37:56,2218.8,1239974
2021-06-11 09:37:57,2218.0,1240161
2021-06-11 09:37:57,2218.0,1240130
2021-06-11 09:37:58,2218.05,1240585
2021-06-11 09:37:59,2218.0,1240980
2021-06-11 09:38:00,2217.9,1241056
2021-06-11 09:38:01,2217.95,1242087
2021-06-11 09:38:03,2217.3,1242165
2021-06-11 09:38:04,2217.8,1243239
2021-06-11 09:38:04,2218.7,1244251
2021-06-11 09:38:06,2218.05,1244434
2021-06-11 09:38:07,2219.0,1244765
2021-06-11 09:38:08,2218.15,1244920
2021-06-11 09:38:10,2218.95,1245449
2021-06-11 09:38:11,2218.2,1246275
2021-06-11 09:38:11,2219.0,1246295
2021-06-11 09:38:12,2218.9,1246373
2021-06-11 09:38:13,2218.9,1246421
2021-06-11 09:38:15,2218.9,1246730
2021-06-11 09:38:16,2218.15,1247822
2021-06-11 09:38:16,2218.15,1247824
2021-06-11 09:38:17,2218.15,1248021
2021-06-11 09:38:18,2218.1,1248156
2021-06-11 09:38:19,2218.4,1248757
2021-06-11 09:38:20,2218.2,1249558
2021-06-11 09:38:22,2218.15,1249885
2021-06-11 09:38:23,2219.0,1251225
2021-06-11 09:38:23,2218.15,1251250
2021-06-11 09:38:24,2219.05,1251535
2021-06-11 09:38:25,2219.05,1254227
2021-06-11 09:38:26,2218.15,1254339
2021-06-11 09:38:27,2217.55,1254931
2021-06-11 09:38:29,2217.5,1255517
2021-06-11 09:38:30,2217.65,1255592
2021-06-11 09:38:30,2217.65,1255592
2021-06-11 09:38:31,2217.0,1255717
2021-06-11 09:38:33,2217.55,1256087
2021-06-11 09:38:35,2217.5,1256292
2021-06-11 09:38:36,2217.1,1256467
2021-06-11 09:38:37,2217.85,1256542
2021-06-11 09:38:37,2217.85,1256542
2021-06-11 09:38:38,2217.1,1256652
2021-06-11 09:38:40,2216.25,1258963
2021-06-11 09:38:42,2216.75,1259195
2021-06-11 09:38:43,2217.2,1260323
2021-06-11 09:38:43,2217.2,1260323
2021-06-11 09:38:44,2216.7,1260349
2021-06-11 09:38:45,2216.35,1260517
2021-06-11 09:38:47,2216.8,1261190
2021-06-11 09:38:50,2216.8,1261930
2021-06-11 09:38:51,2216.0,1261984
2021-06-11 09:38:52,2216.65,1263458
2021-06-11 09:38:53,2216.0,1263924
2021-06-11 09:38:53,2216.0,1263929
2021-06-11 09:38:54,2216.0,1263971
2021-06-11 09:38:55,2216.0,1264311
2021-06-11 09:38:56,2215.5,1264973
2021-06-11 09:38:57,2216.0,1264992
2021-06-11 09:38:58,2215.5,1265160
2021-06-11 09:39:00,2215.3,1265496
2021-06-11 09:39:01,2215.95,1265597
2021-06-11 09:39:01,2215.3,1265607
2021-06-11 09:39:02,2215.95,1267831
2021-06-11 09:39:03,2215.9,1268023
2021-06-11 09:39:04,2216.0,1268282
2021-06-11 09:39:05,2215.1,1268566
2021-06-11 09:39:07,2215.15,1269250
2021-06-11 09:39:08,2215.15,1269266
2021-06-11 09:39:09,2215.5,1269305
2021-06-11 09:39:10,2215.8,1269505
2021-06-11 09:39:11,2215.5,1269576
2021-06-11 09:39:11,2215.2,1269676
2021-06-11 09:39:12,2215.2,1269791
2021-06-11 09:39:13,2216.0,1269948
2021-06-11 09:39:15,2215.65,1270666
2021-06-11 09:39:16,2215.75,1271893
2021-06-11 09:39:17,2215.95,1272361
2021-06-11 09:39:19,2216.9,1272660
2021-06-11 09:39:19,2216.3,1272670
2021-06-11 09:39:20,2216.2,1273043
2021-06-11 09:39:21,2216.95,1273156
2021-06-11 09:39:23,2217.5,1274153
2021-06-11 09:39:24,2217.5,1274894
2021-06-11 09:39:26,2218.35,1275131
2021-06-11 09:39:27,2218.55,1275452
2021-06-11 09:39:28,2218.65,1275623
2021-06-11 09:39:28,2217.8,1275525
2021-06-11 09:39:29,2218.6,1275726
2021-06-11 09:39:30,2218.3,1276150
2021-06-11 09:39:32,2218.3,1276569
2021-06-11 09:39:33,2218.75,1276832
2021-06-11 09:39:34,2218.4,1276880
2021-06-11 09:39:34,2218.75,1276879
2021-06-11 09:39:35,2218.0,1276994
2021-06-11 09:39:37,2218.0,1277119
2021-06-11 09:39:38,2218.0,1277356
2021-06-11 09:39:39,2218.0,1277377
2021-06-11 09:39:39,2218.0,1277378
2021-06-11 09:39:40,2218.3,1277633
2021-06-11 09:39:41,2218.0,1277971
2021-06-11 09:39:42,2218.4,1278218
2021-06-11 09:39:44,2217.85,1278618
2021-06-11 09:39:45,2218.8,1278750
2021-06-11 09:39:46,2218.0,1278918
2021-06-11 09:39:46,2218.8,1278892
2021-06-11 09:39:47,2218.0,1279359
2021-06-11 09:39:48,2217.7,1279680
2021-06-11 09:39:50,2218.65,1279733
2021-06-11 09:39:51,2217.85,1279958
2021-06-11 09:39:52,2217.85,1280008
2021-06-11 09:39:52,2217.85,1280009
2021-06-11 09:39:53,2217.85,1280079
2021-06-11 09:39:55,2217.8,1280258
2021-06-11 09:39:56,2218.25,1280355
2021-06-11 09:39:57,2218.25,1281746
2021-06-11 09:39:58,2218.25,1281859
2021-06-11 09:39:58,2218.7,1281874
2021-06-11 09:39:59,2217.8,1281957
2021-06-11 09:40:00,2218.4,1282028
2021-06-11 09:40:02,2219.0,1282732
2021-06-11 09:40:03,2219.15,1284480
2021-06-11 09:40:04,2219.0,1284620
2021-06-11 09:40:04,2219.2,1284733
2021-06-11 09:40:05,2219.25,1285174
2021-06-11 09:40:06,2219.45,1285403
2021-06-11 09:40:09,2219.45,1287294
2021-06-11 09:40:10,2219.45,1289758
2021-06-11 09:40:11,2220.0,1290093
2021-06-11 09:40:11,2219.55,1290080
2021-06-11 09:40:12,2219.25,1290450
2021-06-11 09:40:13,2220.0,1291290
2021-06-11 09:40:14,2219.4,1291425
2021-06-11 09:40:16,2220.0,1291498
2021-06-11 09:40:17,2219.5,1291725
2021-06-11 09:40:18,2219.95,1292700
2021-06-11 09:40:18,2219.4,1292709
2021-06-11 09:40:19,2219.25,1293275
2021-06-11 09:40:21,2219.85,1293432
2021-06-11 09:40:22,2220.0,1294247
2021-06-11 09:40:23,2218.95,1296150
2021-06-11 09:40:24,2219.05,1296486
2021-06-11 09:40:25,2219.85,1297376
2021-06-11 09:40:25,2218.9,1297276
2021-06-11 09:40:26,2219.25,1297928
2021-06-11 09:40:27,2220.0,1297961
2021-06-11 09:40:28,2219.0,1298253
2021-06-11 09:40:30,2219.8,1299760
2021-06-11 09:40:31,2218.75,1300601
2021-06-11 09:40:32,2219.8,1301019
2021-06-11 09:40:33,2219.75,1301139
2021-06-11 09:40:35,2219.8,1301290
2021-06-11 09:40:36,2218.7,1301553
2021-06-11 09:40:37,2219.65,1301741
2021-06-11 09:40:37,2219.65,1301745
2021-06-11 09:40:38,2219.0,1302075
2021-06-11 09:40:39,2219.2,1302635
2021-06-11 09:40:41,2219.95,1302893
2021-06-11 09:40:42,2219.9,1303422
2021-06-11 09:40:44,2220.5,1313928
2021-06-11 09:40:45,2219.35,1314813
2021-06-11 09:40:46,2219.05,1315050
2021-06-11 09:40:47,2219.65,1315930
2021-06-11 09:40:47,2219.0,1316297
2021-06-11 09:40:48,2219.6,1316613
2021-06-11 09:40:49,2219.75,1316839
2021-06-11 09:40:51,2219.7,1316933
2021-06-11 09:40:52,2219.2,1319211
2021-06-11 09:40:53,2219.8,1319248
2021-06-11 09:40:53,2218.95,1319253
2021-06-11 09:40:54,2219.2,1319367
2021-06-11 09:40:55,2219.8,1319404
2021-06-11 09:40:57,2219.8,1319760
2021-06-11 09:40:58,2219.8,1320947
2021-06-11 09:40:59,2220.3,1321162
2021-06-11 09:41:00,2219.7,1322132
2021-06-11 09:41:00,2219.25,1322182
2021-06-11 09:41:01,2219.3,1322626
2021-06-11 09:41:02,2218.5,1323295
2021-06-11 09:41:03,2218.45,1323455
2021-06-11 09:41:04,2218.45,1323460
2021-06-11 09:41:06,2219.55,1323514
2021-06-11 09:41:07,2218.55,1323544
2021-06-11 09:41:08,2219.0,1324558
2021-06-11 09:41:09,2218.9,1324776
2021-06-11 09:41:09,2218.9,1324785
2021-06-11 09:41:10,2218.8,1324935
2021-06-11 09:41:12,2218.9,1325105
2021-06-11 09:41:12,2218.55,1325207
2021-06-11 09:41:14,2218.55,1325267
2021-06-11 09:41:15,2218.95,1325775
2021-06-11 09:41:16,2219.0,1325902
2021-06-11 09:41:17,2218.7,1326079
2021-06-11 09:41:17,2218.65,1326279
2021-06-11 09:41:18,2218.95,1327058
2021-06-11 09:41:20,2219.65,1327424
2021-06-11 09:41:21,2219.1,1328506
2021-06-11 09:41:22,2218.85,1328706
2021-06-11 09:41:23,2219.15,1329060
2021-06-11 09:41:23,2219.9,1328884
2021-06-11 09:41:24,2219.8,1329311
2021-06-11 09:41:25,2219.95,1329355
2021-06-11 09:41:27,2219.1,1329509
2021-06-11 09:41:28,2219.1,1329699
2021-06-11 09:41:29,2218.95,1329997
2021-06-11 09:41:30,2219.1,1330139
2021-06-11 09:41:31,2218.55,1330193
2021-06-11 09:41:31,2219.1,1330393
2021-06-11 09:41:32,2219.0,1331090
2021-06-11 09:41:35,2218.55,1331790
2021-06-11 09:41:36,2218.55,1332413
2021-06-11 09:41:37,2218.6,1332687
2021-06-11 09:41:38,2219.15,1333323
2021-06-11 09:41:39,2219.05,1333396
2021-06-11 09:41:40,2219.05,1333477
2021-06-11 09:41:41,2219.0,1333638
2021-06-11 09:41:41,2218.85,1333708
2021-06-11 09:41:42,2218.65,1333758
2021-06-11 09:41:44,2219.0,1333976
2021-06-11 09:41:45,2218.95,1334862
2021-06-11 09:41:46,2218.65,1335126
2021-06-11 09:41:47,2219.65,1335453
2021-06-11 09:41:47,2219.75,1335472
2021-06-11 09:41:49,2219.45,1336942
2021-06-11 09:41:50,2219.6,1337527
2021-06-11 09:41:51,2219.5,1337916
2021-06-11 09:41:52,2218.65,1338145
2021-06-11 09:41:52,2218.85,1338164
2021-06-11 09:41:53,2218.85,1338219
2021-06-11 09:41:55,2218.65,1338489
2021-06-11 09:41:56,2219.25,1338879
2021-06-11 09:41:57,2219.5,1339260
2021-06-11 09:41:58,2218.55,1339723
2021-06-11 09:41:59,2219.2,1339869
2021-06-11 09:41:59,2218.5,1341029
2021-06-11 09:42:00,2218.25,1341530
2021-06-11 09:42:01,2218.0,1342783
2021-06-11 09:42:03,2217.85,1343336
2021-06-11 09:42:04,2217.0,1343566
2021-06-11 09:42:05,2217.0,1343676
2021-06-11 09:42:06,2217.1,1343728
2021-06-11 09:42:06,2217.0,1343766
2021-06-11 09:42:08,2217.0,1343884
2021-06-11 09:42:09,2217.85,1344401
2021-06-11 09:42:10,2217.0,1344836
2021-06-11 09:42:11,2217.0,1344854
2021-06-11 09:42:12,2217.3,1344972
2021-06-11 09:42:12,2217.3,1344972
2021-06-11 09:42:14,2217.0,1345080
2021-06-11 09:42:15,2217.0,1346056
2021-06-11 09:42:16,2216.8,1347499
2021-06-11 09:42:17,2218.3,1348537
2021-06-11 09:42:18,2217.85,1349115
2021-06-11 09:42:18,2217.85,1349115
2021-06-11 09:42:20,2218.2,1349355
2021-06-11 09:42:21,2218.65,1349519
2021-06-11 09:42:22,2218.2,1349769
2021-06-11 09:42:23,2218.05,1350514
2021-06-11 09:42:23,2218.05,1350514
2021-06-11 09:42:24,2218.2,1350601
2021-06-11 09:42:26,2218.65,1351013
2021-06-11 09:42:27,2218.2,1351375
2021-06-11 09:42:28,2218.25,1351382
2021-06-11 09:42:29,2218.2,1351536
2021-06-11 09:42:29,2218.5,1351531
2021-06-11 09:42:30,2218.2,1351538
2021-06-11 09:42:32,2218.2,1351637
2021-06-11 09:42:33,2218.05,1351762
2021-06-11 09:42:34,2218.05,1351790
2021-06-11 09:42:35,2218.05,1351827
2021-06-11 09:42:36,2218.25,1351996
2021-06-11 09:42:36,2218.25,1351996
2021-06-11 09:42:38,2218.05,1352203
2021-06-11 09:42:39,2218.2,1353203
2021-06-11 09:42:41,2218.05,1354626
2021-06-11 09:42:41,2218.15,1354725
2021-06-11 09:42:42,2218.1,1355033
2021-06-11 09:42:44,2218.65,1355286
2021-06-11 09:42:45,2218.05,1355799
2021-06-11 09:42:46,2218.05,1355933
2021-06-11 09:42:48,2218.05,1356275
2021-06-11 09:42:49,2218.05,1356386
2021-06-11 09:42:50,2218.05,1356524
2021-06-11 09:42:53,2218.5,1356992
2021-06-11 09:42:54,2218.05,1357326
2021-06-11 09:42:55,2218.0,1357464
2021-06-11 09:42:56,2218.2,1357863
2021-06-11 09:42:57,2218.2,1357927
2021-06-11 09:42:57,2218.2,1357928
2021-06-11 09:42:59,2217.0,1361104
2021-06-11 09:43:00,2218.0,1361287
2021-06-11 09:43:01,2218.05,1361471
2021-06-11 09:43:02,2217.0,1362239
2021-06-11 09:43:02,2217.0,1362239
2021-06-11 09:43:04,2217.15,1362747
2021-06-11 09:43:05,2217.95,1362964
2021-06-11 09:43:06,2218.2,1363906
2021-06-11 09:43:07,2217.35,1364094
2021-06-11 09:43:07,2217.35,1364094
2021-06-11 09:43:09,2217.2,1364256
2021-06-11 09:43:10,2217.2,1364520
2021-06-11 09:43:11,2218.0,1364627
2021-06-11 09:43:12,2217.75,1364692
2021-06-11 09:43:12,2217.7,1364757
2021-06-11 09:43:13,2218.2,1365216
2021-06-11 09:43:14,2217.75,1365220
2021-06-11 09:43:15,2218.0,1365305
2021-06-11 09:43:16,2217.95,1366051
2021-06-11 09:43:18,2217.95,1366112
2021-06-11 09:43:19,2217.65,1366685
2021-06-11 09:43:20,2217.7,1367214
2021-06-11 09:43:21,2217.0,1367525
2021-06-11 09:43:21,2217.0,1367525
2021-06-11 09:43:23,2217.7,1367771
2021-06-11 09:43:25,2217.05,1368582
2021-06-11 09:43:26,2216.75,1368871
2021-06-11 09:43:27,2217.6,1369276
2021-06-11 09:43:27,2216.75,1369275
2021-06-11 09:43:28,2217.05,1369952
2021-06-11 09:43:29,2217.5,1370140
2021-06-11 09:43:31,2217.2,1370188
2021-06-11 09:43:32,2217.1,1370454
2021-06-11 09:43:33,2217.55,1370532
2021-06-11 09:43:34,2217.75,1370582
2021-06-11 09:43:35,2217.75,1370582
2021-06-11 09:43:35,2217.55,1370590
2021-06-11 09:43:36,2217.75,1370797
2021-06-11 09:43:38,2217.75,1370915
2021-06-11 09:43:39,2217.55,1371111
2021-06-11 09:43:40,2217.45,1371310
2021-06-11 09:43:41,2217.0,1371571
2021-06-11 09:43:41,2217.2,1371502
2021-06-11 09:43:42,2217.7,1371925
2021-06-11 09:43:44,2217.1,1372039
2021-06-11 09:43:45,2217.3,1372074
2021-06-11 09:43:46,2217.15,1372099
2021-06-11 09:43:47,2217.75,1372195
2021-06-11 09:43:48,2217.55,1372264
2021-06-11 09:43:49,2217.4,1372391
2021-06-11 09:43:51,2217.05,1372495
2021-06-11 09:43:52,2217.25,1372826
2021-06-11 09:43:53,2216.6,1373305
2021-06-11 09:43:54,2217.0,1373633
2021-06-11 09:43:55,2217.0,1373734
2021-06-11 09:43:56,2216.9,1373963
2021-06-11 09:43:57,2216.85,1374113
2021-06-11 09:43:58,2216.85,1374162
2021-06-11 09:43:59,2216.1,1374196
2021-06-11 09:44:00,2216.0,1374959
2021-06-11 09:44:01,2215.55,1377924
2021-06-11 09:44:02,2216.5,1378475
2021-06-11 09:44:03,2215.5,1378902
2021-06-11 09:44:05,2215.75,1379145
2021-06-11 09:44:04,2215.75,1379109
2021-06-11 09:44:06,2216.15,1379335
2021-06-11 09:44:07,2216.95,1379532
2021-06-11 09:44:08,2216.65,1380710
2021-06-11 09:44:09,2216.65,1380984
2021-06-11 09:44:10,2215.85,1381309
2021-06-11 09:44:11,2216.85,1381418
2021-06-11 09:44:12,2215.8,1381444
2021-06-11 09:44:13,2216.9,1381633
2021-06-11 09:44:14,2216.75,1382459
2021-06-11 09:44:15,2215.8,1382979
2021-06-11 09:44:16,2216.75,1383057
2021-06-11 09:44:17,2215.9,1383587
2021-06-11 09:44:18,2216.9,1385304
2021-06-11 09:44:19,2216.75,1386043
2021-06-11 09:44:20,2216.75,1386193
2021-06-11 09:44:21,2216.75,1386265
2021-06-11 09:44:22,2216.75,1386390
2021-06-11 09:44:23,2216.75,1386438
2021-06-11 09:44:24,2216.75,1386724
2021-06-11 09:44:25,2216.75,1386787
2021-06-11 09:44:26,2216.75,1386931
2021-06-11 09:44:27,2216.65,1386985
2021-06-11 09:44:28,2216.65,1387088
2021-06-11 09:44:30,2216.9,1387528
2021-06-11 09:44:31,2216.65,1387569
2021-06-11 09:44:32,2216.65,1387833
2021-06-11 09:44:33,2216.65,1388012
2021-06-11 09:44:34,2216.65,1388090
2021-06-11 09:44:35,2217.0,1388166
2021-06-11 09:44:36,2217.0,1388178
2021-06-11 09:44:37,2216.65,1388244
2021-06-11 09:44:38,2216.65,1388316
2021-06-11 09:44:39,2216.15,1388437
2021-06-11 09:44:41,2216.65,1388700
2021-06-11 09:44:42,2216.2,1389024
2021-06-11 09:44:43,2216.9,1389072
2021-06-11 09:44:44,2216.2,1389255
2021-06-11 09:44:45,2216.15,1389464
2021-06-11 09:44:46,2216.65,1389577
2021-06-11 09:44:47,2217.0,1389774
2021-06-11 09:44:48,2215.75,1393076
2021-06-11 09:44:49,2216.95,1393571
2021-06-11 09:44:50,2215.8,1393940
2021-06-11 09:44:51,2216.0,1394441
2021-06-11 09:44:52,2216.5,1394687
2021-06-11 09:44:53,2216.5,1394925
2021-06-11 09:44:54,2216.5,1394972
2021-06-11 09:44:55,2216.5,1395319
2021-06-11 09:44:56,2216.5,1395508
2021-06-11 09:44:57,2217.0,1395703
2021-06-11 09:44:58,2217.0,1395998
2021-06-11 09:44:59,2216.0,1396543
2021-06-11 09:45:01,2216.5,1398714
2021-06-11 09:45:02,2216.3,1398797
2021-06-11 09:45:03,2216.7,1398854
2021-06-11 09:45:04,2217.45,1398926
2021-06-11 09:45:05,2218.0,1400588
2021-06-11 09:45:06,2217.25,1400895
2021-06-11 09:45:07,2216.55,1401767
2021-06-11 09:45:09,2216.65,1402090
2021-06-11 09:45:08,2217.6,1402036
2021-06-11 09:45:10,2216.65,1402207
2021-06-11 09:45:11,2217.0,1402384
2021-06-11 09:45:12,2217.5,1402684
2021-06-11 09:45:13,2216.85,1402760
2021-06-11 09:45:14,2218.0,1404767
2021-06-11 09:45:15,2217.75,1405072
2021-06-11 09:45:16,2217.5,1405858
2021-06-11 09:45:17,2218.0,1406106
2021-06-11 09:45:18,2218.25,1406237
2021-06-11 09:45:19,2218.2,1406256
2021-06-11 09:45:20,2217.0,1407404
2021-06-11 09:45:21,2216.7,1407984
2021-06-11 09:45:24,2217.85,1409313
2021-06-11 09:45:23,2216.8,1409198
2021-06-11 09:45:25,2217.65,1409345
2021-06-11 09:45:26,2217.8,1409408
2021-06-11 09:45:28,2217.45,1409724
2021-06-11 09:45:30,2217.15,1409859
2021-06-11 09:45:32,2217.0,1410181
2021-06-11 09:45:33,2217.85,1410371
2021-06-11 09:45:34,2217.8,1410479
2021-06-11 09:45:35,2217.0,1410661
2021-06-11 09:45:36,2217.1,1410803
2021-06-11 09:45:37,2217.1,1410915
2021-06-11 09:45:38,2217.8,1410932
2021-06-11 09:45:39,2216.95,1411282
2021-06-11 09:45:40,2217.1,1411360
2021-06-11 09:45:41,2217.1,1411482
2021-06-11 09:45:42,2217.1,1411726
2021-06-11 09:45:43,2217.1,1411827
2021-06-11 09:45:44,2217.75,1411842
2021-06-11 09:45:45,2217.1,1412151
2021-06-11 09:45:46,2217.1,1412259
2021-06-11 09:45:47,2217.8,1412279
2021-06-11 09:45:48,2217.1,1412767
2021-06-11 09:45:49,2217.8,1412840
2021-06-11 09:45:50,2217.55,1413012
2021-06-11 09:45:52,2217.95,1413489
2021-06-11 09:45:53,2217.85,1413603
2021-06-11 09:45:54,2218.0,1416359
2021-06-11 09:45:55,2218.0,1416775
2021-06-11 09:45:56,2217.05,1417017
2021-06-11 09:45:57,2217.0,1417160
2021-06-11 09:45:58,2217.0,1417394
2021-06-11 09:45:59,2217.8,1417640
2021-06-11 09:46:01,2217.5,1417714
2021-06-11 09:46:01,2217.5,1417775
2021-06-11 09:46:02,2217.8,1418487
2021-06-11 09:46:03,2217.85,1418732
2021-06-11 09:46:04,2217.6,1419137
2021-06-11 09:46:05,2217.0,1419237
2021-06-11 09:46:06,2217.8,1419605
2021-06-11 09:46:08,2217.7,1419795
2021-06-11 09:46:09,2217.0,1419899
2021-06-11 09:46:10,2217.1,1420001
2021-06-11 09:46:11,2217.9,1420127
2021-06-11 09:46:13,2217.9,1420158
2021-06-11 09:46:13,2217.9,1420154
2021-06-11 09:46:14,2217.2,1420267
2021-06-11 09:46:15,2217.2,1420475
2021-06-11 09:46:16,2217.5,1420549
2021-06-11 09:46:18,2217.5,1420789
2021-06-11 09:46:18,2217.2,1420893
2021-06-11 09:46:19,2217.85,1420927
2021-06-11 09:46:20,2217.2,1421005
2021-06-11 09:46:21,2217.2,1421353
2021-06-11 09:46:22,2217.2,1421521
2021-06-11 09:46:23,2217.2,1421796
2021-06-11 09:46:24,2217.95,1421931
2021-06-11 09:46:26,2217.2,1422137
2021-06-11 09:46:26,2217.5,1422177
2021-06-11 09:46:27,2217.1,1422299
2021-06-11 09:46:28,2217.1,1422414
2021-06-11 09:46:30,2217.9,1422700
2021-06-11 09:46:32,2217.5,1422787
2021-06-11 09:46:32,2217.5,1422827
2021-06-11 09:46:33,2217.5,1422968
2021-06-11 09:46:34,2217.5,1423067
2021-06-11 09:46:35,2217.2,1423124
2021-06-11 09:46:36,2217.4,1423226
2021-06-11 09:46:37,2217.3,1423345
2021-06-11 09:46:39,2217.3,1425422
2021-06-11 09:46:39,2217.3,1425750
2021-06-11 09:46:41,2216.95,1425959
2021-06-11 09:46:42,2217.9,1426211
2021-06-11 09:46:43,2217.4,1426412
2021-06-11 09:46:44,2217.4,1426567
2021-06-11 09:46:45,2217.5,1426621
2021-06-11 09:46:46,2217.9,1426692
2021-06-11 09:46:47,2217.4,1426764
2021-06-11 09:46:49,2217.4,1426932
2021-06-11 09:46:50,2217.4,1427477
2021-06-11 09:46:50,2218.0,1427559
2021-06-11 09:46:51,2217.4,1428165
2021-06-11 09:46:52,2218.0,1428481
2021-06-11 09:46:53,2217.4,1428606
2021-06-11 09:46:54,2217.5,1428692
2021-06-11 09:46:55,2217.3,1428735
2021-06-11 09:46:57,2217.15,1428838
2021-06-11 09:46:57,2217.15,1428854
2021-06-11 09:46:58,2217.8,1429433
2021-06-11 09:46:59,2218.4,1429621
2021-06-11 09:47:00,2218.65,1430843
2021-06-11 09:47:01,2218.9,1431120
2021-06-11 09:47:02,2219.55,1433153
2021-06-11 09:47:03,2219.05,1433473
2021-06-11 09:47:06,2220.8,1449116
2021-06-11 09:47:07,2221.15,1452999
2021-06-11 09:47:07,2220.3,1453893
2021-06-11 09:47:08,2220.1,1454096
2021-06-11 09:47:09,2220.05,1454217
2021-06-11 09:47:10,2221.05,1454545
2021-06-11 09:47:11,2220.8,1455187
2021-06-11 09:47:12,2220.8,1456319
2021-06-11 09:47:14,2221.6,1457042
2021-06-11 09:47:14,2221.35,1456854
2021-06-11 09:47:16,2221.05,1459012
2021-06-11 09:47:17,2220.8,1459580
2021-06-11 09:47:18,2221.0,1459878
2021-06-11 09:47:19,2220.8,1460110
2021-06-11 09:47:20,2220.85,1460330
2021-06-11 09:47:21,2220.85,1460398
2021-06-11 09:47:22,2220.0,1461154
2021-06-11 09:47:24,2220.2,1461467
2021-06-11 09:47:24,2220.2,1461516
2021-06-11 09:47:25,2219.5,1462213
2021-06-11 09:47:26,2220.6,1463535
2021-06-11 09:47:27,2220.5,1464475
2021-06-11 09:47:28,2220.0,1464747
2021-06-11 09:47:30,2219.35,1464919
2021-06-11 09:47:30,2220.0,1464964
2021-06-11 09:47:31,2220.2,1465523
2021-06-11 09:47:32,2219.0,1465830
2021-06-11 09:47:33,2219.95,1465999
2021-06-11 09:47:34,2219.85,1466204
2021-06-11 09:47:35,2219.9,1466586
2021-06-11 09:47:37,2219.95,1468308
2021-06-11 09:47:37,2220.05,1468622
2021-06-11 09:47:38,2219.05,1468707
2021-06-11 09:47:39,2219.85,1469041
2021-06-11 09:47:41,2219.0,1470268
2021-06-11 09:47:43,2219.1,1470578
2021-06-11 09:47:44,2219.7,1470790
2021-06-11 09:47:45,2219.7,1470971
2021-06-11 09:47:46,2219.9,1471358
2021-06-11 09:47:47,2219.2,1471795
2021-06-11 09:47:49,2219.25,1471898
2021-06-11 09:47:49,2219.95,1471913
2021-06-11 09:47:50,2220.0,1472330
2021-06-11 09:47:51,2219.2,1472834
2021-06-11 09:47:52,2219.2,1474053
2021-06-11 09:47:53,2220.2,1474587
2021-06-11 09:47:55,2219.0,1475022
2021-06-11 09:47:56,2219.05,1475320
2021-06-11 09:47:56,2219.9,1475365
2021-06-11 09:47:57,2219.85,1475524
2021-06-11 09:47:58,2220.35,1476408
2021-06-11 09:47:59,2220.35,1476566
2021-06-11 09:48:00,2220.0,1476722
2021-06-11 09:48:02,2220.0,1477343
2021-06-11 09:48:03,2220.0,1477778
2021-06-11 09:48:04,2219.35,1478363
2021-06-11 09:48:05,2220.2,1478736
2021-06-11 09:48:07,2220.2,1479199
2021-06-11 09:48:08,2221.0,1480708
2021-06-11 09:48:08,2220.6,1479713
2021-06-11 09:48:09,2221.0,1481148
2021-06-11 09:48:10,2220.15,1481431
2021-06-11 09:48:11,2220.0,1482862
2021-06-11 09:48:13,2220.15,1483182
2021-06-11 09:48:14,2220.15,1483273
2021-06-11 09:48:15,2219.95,1484575
2021-06-11 09:48:15,2221.0,1484776
2021-06-11 09:48:16,2221.0,1485101
2021-06-11 09:48:17,2220.25,1485464
2021-06-11 09:48:18,2220.25,1485587
2021-06-11 09:48:19,2221.0,1485897
2021-06-11 09:48:21,2221.0,1486484
2021-06-11 09:48:22,2221.0,1487068
2021-06-11 09:48:22,2220.9,1486905
2021-06-11 09:48:23,2220.3,1487395
2021-06-11 09:48:24,2220.5,1487716
2021-06-11 09:48:25,2221.0,1488165
2021-06-11 09:48:26,2221.0,1488675
2021-06-11 09:48:28,2220.6,1489146
2021-06-11 09:48:29,2220.05,1489281
2021-06-11 09:48:30,2219.95,1489942
2021-06-11 09:48:30,2220.7,1490041
2021-06-11 09:48:31,2219.95,1490362
2021-06-11 09:48:32,2220.25,1490675
2021-06-11 09:48:33,2220.8,1491006
2021-06-11 09:48:34,2220.7,1491331
2021-06-11 09:48:36,2220.7,1491425
2021-06-11 09:48:37,2220.7,1491532
2021-06-11 09:48:38,2220.8,1492257
2021-06-11 09:48:38,2220.85,1492366
2021-06-11 09:48:40,2221.1,1494699
2021-06-11 09:48:41,2222.0,1495657
2021-06-11 09:48:43,2221.1,1496878
2021-06-11 09:48:44,2222.0,1497855
2021-06-11 09:48:44,2222.0,1497536
2021-06-11 09:48:45,2221.0,1500705
2021-06-11 09:48:46,2221.0,1501794
2021-06-11 09:48:47,2222.0,1502837
2021-06-11 09:48:48,2221.2,1503257
2021-06-11 09:48:49,2222.0,1504629
2021-06-11 09:48:51,2222.0,1505661
2021-06-11 09:48:52,2221.85,1506451
2021-06-11 09:48:52,2221.0,1506169
2021-06-11 09:48:53,2221.15,1506506
2021-06-11 09:48:54,2221.0,1507028
2021-06-11 09:48:55,2222.0,1508013
2021-06-11 09:48:57,2221.05,1508715
2021-06-11 09:48:58,2221.95,1508886
2021-06-11 09:48:59,2221.85,1509582
2021-06-11 09:48:59,2222.0,1509483
2021-06-11 09:49:00,2222.35,1513984
2021-06-11 09:49:01,2223.0,1517424
2021-06-11 09:49:02,2222.25,1518711
2021-06-11 09:49:03,2222.3,1519228
2021-06-11 09:49:04,2223.0,1519551
2021-06-11 09:49:06,2222.9,1520263
2021-06-11 09:49:07,2223.0,1520802
2021-06-11 09:49:08,2223.25,1522351
2021-06-11 09:49:08,2223.55,1522099
2021-06-11 09:49:09,2224.0,1529799
2021-06-11 09:49:10,2223.7,1531715
2021-06-11 09:49:11,2224.0,1532624
2021-06-11 09:49:13,2224.4,1543298
2021-06-11 09:49:14,2225.0,1546036
2021-06-11 09:49:15,2225.0,1547114
2021-06-11 09:49:16,2224.95,1548302
2021-06-11 09:49:18,2225.0,1549319
2021-06-11 09:49:19,2224.95,1550186
2021-06-11 09:49:19,2225.0,1549863
2021-06-11 09:49:20,2224.8,1550803
2021-06-11 09:49:21,2224.9,1551393
2021-06-11 09:49:22,2224.9,1552000
2021-06-11 09:49:24,2224.8,1552674
2021-06-11 09:49:25,2224.85,1553305
2021-06-11 09:49:26,2224.8,1553639
2021-06-11 09:49:27,2224.0,1554136
2021-06-11 09:49:28,2224.45,1555001
2021-06-11 09:49:28,2224.65,1555166
2021-06-11 09:49:29,2223.7,1555608
2021-06-11 09:49:30,2223.9,1555914
2021-06-11 09:49:31,2223.9,1556274
2021-06-11 09:49:34,2223.25,1557840
2021-06-11 09:49:34,2223.8,1557974
2021-06-11 09:49:35,2223.9,1558256
2021-06-11 09:49:36,2222.9,1558967
2021-06-11 09:49:37,2223.1,1560543
2021-06-11 09:49:39,2223.8,1561284
2021-06-11 09:49:40,2223.75,1564444
2021-06-11 09:49:41,2222.9,1565193
2021-06-11 09:49:41,2224.0,1565619
2021-06-11 09:49:42,2224.0,1566414
2021-06-11 09:49:43,2224.9,1569967
2021-06-11 09:49:44,2224.05,1570818
2021-06-11 09:49:46,2224.2,1571705
2021-06-11 09:49:47,2224.5,1575413
2021-06-11 09:49:48,2224.05,1576238
2021-06-11 09:49:49,2225.0,1581334
2021-06-11 09:49:50,2224.25,1582953
2021-06-11 09:49:51,2224.95,1583894
2021-06-11 09:49:52,2225.0,1586466
2021-06-11 09:49:53,2225.0,1587474
2021-06-11 09:49:55,2225.0,1588514
2021-06-11 09:49:56,2225.0,1589122
2021-06-11 09:49:56,2224.95,1589316
2021-06-11 09:49:57,2224.85,1589822
2021-06-11 09:49:58,2225.0,1596145
2021-06-11 09:49:59,2224.3,1600045
2021-06-11 09:50:00,2223.25,1601682
2021-06-11 09:50:01,2224.55,1602697
2021-06-11 09:50:03,2224.85,1604186
2021-06-11 09:50:04,2224.95,1604447
2021-06-11 09:50:05,2223.7,1605224
2021-06-11 09:50:06,2224.6,1605488
2021-06-11 09:50:07,2224.9,1606211
2021-06-11 09:50:08,2224.5,1607373
2021-06-11 09:50:09,2223.95,1608006
2021-06-11 09:50:11,2225.0,1608837
2021-06-11 09:50:12,2225.0,1609868
2021-06-11 09:50:13,2225.0,1610768
2021-06-11 09:50:13,2224.95,1610938
2021-06-11 09:50:14,2225.0,1611584
2021-06-11 09:50:15,2224.3,1612117
2021-06-11 09:50:17,2225.0,1612792
2021-06-11 09:50:18,2224.5,1613349
2021-06-11 09:50:19,2224.5,1613483
2021-06-11 09:50:19,2224.5,1613873
2021-06-11 09:50:20,2224.9,1614505
2021-06-11 09:50:21,2225.0,1615523
2021-06-11 09:50:23,2224.9,1615790
2021-06-11 09:50:24,2224.9,1617090
2021-06-11 09:50:25,2224.85,1617461
2021-06-11 09:50:25,2224.85,1617520
2021-06-11 09:50:26,2224.3,1617825
2021-06-11 09:50:28,2224.5,1618481
2021-06-11 09:50:29,2224.3,1618697
2021-06-11 09:50:30,2224.0,1619167
2021-06-11 09:50:30,2224.0,1619321
2021-06-11 09:50:31,2224.35,1620199
2021-06-11 09:50:32,2224.05,1620831
2021-06-11 09:50:34,2224.2,1622027
2021-06-11 09:50:35,2224.05,1622925
2021-06-11 09:50:36,2224.15,1623312
2021-06-11 09:50:37,2224.95,1623681
2021-06-11 09:50:38,2224.3,1624207
2021-06-11 09:50:38,2224.9,1624349
2021-06-11 09:50:39,2224.2,1624558
2021-06-11 09:50:40,2224.85,1624798
2021-06-11 09:50:42,2224.2,1625518
2021-06-11 09:50:43,2224.15,1625937
2021-06-11 09:50:44,2224.2,1626723
2021-06-11 09:50:44,2224.45,1626846
2021-06-11 09:50:45,2224.5,1626880
2021-06-11 09:50:46,2224.85,1627509
2021-06-11 09:50:47,2224.7,1628293
2021-06-11 09:50:49,2224.45,1629169
2021-06-11 09:50:50,2224.95,1629611
2021-06-11 09:50:51,2225.0,1629837
2021-06-11 09:50:51,2224.5,1629962
2021-06-11 09:50:52,2224.5,1630377
2021-06-11 09:50:53,2224.2,1631080
2021-06-11 09:50:55,2224.9,1631322
2021-06-11 09:50:56,2224.9,1631951
2021-06-11 09:50:57,2224.9,1632390
2021-06-11 09:50:58,2224.5,1632536
2021-06-11 09:50:58,2225.0,1632559
2021-06-11 09:50:59,2224.2,1633134
2021-06-11 09:51:01,2224.9,1633498
2021-06-11 09:51:02,2224.6,1634207
2021-06-11 09:51:03,2225.0,1636052
2021-06-11 09:51:03,2225.0,1635789
2021-06-11 09:51:04,2224.55,1636366
2021-06-11 09:51:05,2224.55,1636728
2021-06-11 09:51:07,2225.0,1637169
2021-06-11 09:51:08,2225.0,1637913
2021-06-11 09:51:09,2224.45,1638340
2021-06-11 09:51:10,2225.0,1641825
2021-06-11 09:51:11,2224.3,1644761
2021-06-11 09:51:11,2225.0,1645202
2021-06-11 09:51:12,2224.55,1646427
2021-06-11 09:51:14,2225.4,1662186
2021-06-11 09:51:15,2225.55,1664222
2021-06-11 09:51:16,2226.0,1665046
2021-06-11 09:51:16,2225.4,1665407
2021-06-11 09:51:17,2225.65,1668961
2021-06-11 09:51:19,2226.0,1669524
2021-06-11 09:51:20,2226.25,1670467
2021-06-11 09:51:21,2226.45,1672111
2021-06-11 09:51:22,2225.5,1672885
2021-06-11 09:51:23,2226.25,1673663
2021-06-11 09:51:24,2226.25,1674112
2021-06-11 09:51:25,2225.95,1675214
2021-06-11 09:51:25,2225.8,1675735
2021-06-11 09:51:26,2226.3,1677040
2021-06-11 09:51:28,2226.25,1677551
2021-06-11 09:51:29,2226.25,1678234
2021-06-11 09:51:30,2226.9,1679285
2021-06-11 09:51:31,2226.85,1681702
2021-06-11 09:51:31,2226.95,1681805
2021-06-11 09:51:32,2227.0,1682357
2021-06-11 09:51:33,2226.2,1683072
2021-06-11 09:51:36,2227.0,1685391
2021-06-11 09:51:37,2227.0,1686184
2021-06-11 09:51:38,2227.0,1687071
2021-06-11 09:51:39,2226.95,1687786
2021-06-11 09:51:40,2226.8,1688666
2021-06-11 09:51:41,2226.95,1689005
2021-06-11 09:51:42,2226.3,1689499
2021-06-11 09:51:43,2226.85,1690577
2021-06-11 09:51:44,2226.55,1690960
2021-06-11 09:51:45,2226.2,1693645
2021-06-11 09:51:47,2226.85,1695438
2021-06-11 09:51:48,2226.7,1695988
2021-06-11 09:51:49,2226.55,1696326
2021-06-11 09:51:50,2226.0,1696759
2021-06-11 09:51:51,2226.0,1697008
2021-06-11 09:51:51,2226.0,1697094
2021-06-11 09:51:52,2226.0,1697614
2021-06-11 09:51:53,2226.0,1698047
2021-06-11 09:51:55,2226.3,1698839
2021-06-11 09:51:56,2226.3,1698987
2021-06-11 09:51:57,2226.3,1699218
2021-06-11 09:51:58,2226.0,1699461
2021-06-11 09:51:59,2226.5,1699582
2021-06-11 09:52:00,2226.5,1699928
2021-06-11 09:52:01,2226.5,1700114
2021-06-11 09:52:02,2226.25,1700900
2021-06-11 09:52:03,2226.5,1701134
2021-06-11 09:52:03,2226.5,1701233
2021-06-11 09:52:04,2226.15,1701649
2021-06-11 09:52:05,2225.05,1704635
2021-06-11 09:52:06,2225.5,1705370
2021-06-11 09:52:07,2225.9,1705509
2021-06-11 09:52:09,2225.9,1705806
2021-06-11 09:52:10,2225.05,1706216
2021-06-11 09:52:11,2225.0,1706679
2021-06-11 09:52:12,2225.8,1707101
2021-06-11 09:52:13,2225.4,1707450
2021-06-11 09:52:14,2225.35,1708215
2021-06-11 09:52:15,2224.5,1710924
2021-06-11 09:52:15,2224.65,1711381
2021-06-11 09:52:16,2224.0,1711703
2021-06-11 09:52:17,2224.0,1711929
2021-06-11 09:52:18,2224.75,1712089
2021-06-11 09:52:19,2224.7,1712742
2021-06-11 09:52:20,2223.0,1716506
2021-06-11 09:52:21,2223.75,1717399
2021-06-11 09:52:23,2224.05,1718071
2021-06-11 09:52:24,2223.6,1718699
2021-06-11 09:52:25,2222.35,1721319
2021-06-11 09:52:26,2221.4,1722173
2021-06-11 09:52:26,2221.4,1722397
2021-06-11 09:52:28,2221.8,1722791
2021-06-11 09:52:29,2221.1,1723857
2021-06-11 09:52:30,2221.95,1724465
2021-06-11 09:52:31,2221.1,1725235
2021-06-11 09:52:32,2221.5,1725394
2021-06-11 09:52:33,2221.5,1726008
2021-06-11 09:52:34,2221.5,1726434
2021-06-11 09:52:35,2221.35,1726782
2021-06-11 09:52:36,2221.25,1727019
2021-06-11 09:52:36,2221.2,1727127
2021-06-11 09:52:37,2221.2,1727492
2021-06-11 09:52:39,2221.8,1727939
2021-06-11 09:52:40,2221.25,1728248
2021-06-11 09:52:41,2221.15,1728690
2021-06-11 09:52:42,2221.25,1729533
2021-06-11 09:52:43,2221.9,1729937
2021-06-11 09:52:44,2221.6,1732242
2021-06-11 09:52:45,2221.7,1732688
2021-06-11 09:52:46,2221.0,1733472
2021-06-11 09:52:47,2219.6,1738970
2021-06-11 09:52:49,2220.85,1739680
2021-06-11 09:52:49,2220.6,1740631
2021-06-11 09:52:51,2219.95,1741679
2021-06-11 09:52:52,2220.3,1741927
2021-06-11 09:52:53,2220.95,1742628
2021-06-11 09:52:54,2220.3,1743047
2021-06-11 09:52:54,2221.0,1743118
2021-06-11 09:52:56,2220.45,1743989
2021-06-11 09:52:57,2221.0,1745109
2021-06-11 09:52:58,2220.35,1745536
2021-06-11 09:52:59,2220.95,1747982
2021-06-11 09:53:00,2221.9,1749499
2021-06-11 09:53:01,2221.35,1750023
2021-06-11 09:53:02,2221.35,1750204
2021-06-11 09:53:02,2221.9,1750232
2021-06-11 09:53:04,2221.9,1750434
2021-06-11 09:53:05,2221.4,1751491
2021-06-11 09:53:06,2222.05,1752657
2021-06-11 09:53:07,2221.85,1753577
2021-06-11 09:53:07,2221.5,1754016
2021-06-11 09:53:10,2221.05,1755056
2021-06-11 09:53:11,2222.0,1755389
2021-06-11 09:53:12,2221.1,1755875
2021-06-11 09:53:13,2221.3,1755951
2021-06-11 09:53:14,2221.5,1756058
2021-06-11 09:53:16,2222.0,1756250
2021-06-11 09:53:17,2221.35,1756506
2021-06-11 09:53:18,2221.35,1756761
2021-06-11 09:53:19,2221.9,1757480
2021-06-11 09:53:20,2221.9,1757631
2021-06-11 09:53:20,2221.9,1757654
2021-06-11 09:53:22,2221.5,1757805
2021-06-11 09:53:23,2221.9,1757954
2021-06-11 09:53:24,2221.9,1758116
2021-06-11 09:53:25,2222.6,1765671
2021-06-11 09:53:26,2222.75,1767071
2021-06-11 09:53:27,2222.8,1768011
2021-06-11 09:53:28,2222.75,1768381
2021-06-11 09:53:28,2222.05,1768501
2021-06-11 09:53:30,2222.8,1768853
2021-06-11 09:53:31,2222.9,1769195
2021-06-11 09:53:32,2222.75,1769837
2021-06-11 09:53:33,2222.8,1769971
2021-06-11 09:53:34,2222.9,1770283
2021-06-11 09:53:34,2222.9,1770330
2021-06-11 09:53:35,2223.0,1771863
2021-06-11 09:53:36,2222.5,1772172
2021-06-11 09:53:38,2222.45,1772348
2021-06-11 09:53:40,2222.8,1772896
2021-06-11 09:53:41,2222.9,1773004
2021-06-11 09:53:42,2223.0,1773455
2021-06-11 09:53:43,2223.0,1773714
2021-06-11 09:53:44,2223.0,1774065
2021-06-11 09:53:45,2223.0,1774529
2021-06-11 09:53:46,2223.05,1774707
2021-06-11 09:53:47,2223.25,1775638
2021-06-11 09:53:48,2223.4,1775945
2021-06-11 09:53:49,2223.5,1776619
2021-06-11 09:53:49,2223.4,1776993
2021-06-11 09:53:51,2223.1,1777608
2021-06-11 09:53:52,2222.85,1779452
2021-06-11 09:53:53,2222.5,1779980
2021-06-11 09:53:54,2222.95,1780239
2021-06-11 09:53:55,2222.0,1780498
2021-06-11 09:53:56,2222.95,1780831
2021-06-11 09:53:57,2222.75,1781031
2021-06-11 09:53:58,2222.0,1781409
2021-06-11 09:53:59,2222.8,1781584
2021-06-11 09:54:00,2222.8,1781667
2021-06-11 09:54:01,2222.25,1782256
2021-06-11 09:54:02,2222.2,1782486
2021-06-11 09:54:03,2222.8,1782545
2021-06-11 09:54:04,2222.8,1782674
2021-06-11 09:54:05,2222.8,1782829
2021-06-11 09:54:07,2222.8,1782847
2021-06-11 09:54:08,2222.8,1782855
2021-06-11 09:54:09,2222.8,1783466
2021-06-11 09:54:10,2222.75,1784272
2021-06-11 09:54:12,2222.1,1784753
2021-06-11 09:54:13,2222.65,1784812
2021-06-11 09:54:14,2222.6,1785230
2021-06-11 09:54:15,2222.6,1785434
2021-06-11 09:54:15,2222.6,1785467
2021-06-11 09:54:17,2222.4,1785803
2021-06-11 09:54:18,2222.6,1785995
2021-06-11 09:54:19,2222.2,1786139
2021-06-11 09:54:20,2222.0,1786332
2021-06-11 09:54:21,2222.15,1786432
2021-06-11 09:54:22,2222.65,1786514
2021-06-11 09:54:23,2222.3,1786603
2021-06-11 09:54:24,2222.0,1786753
2021-06-11 09:54:25,2222.65,1786869
2021-06-11 09:54:26,2223.0,1789541
2021-06-11 09:54:27,2223.05,1789993
2021-06-11 09:54:28,2223.0,1790721
2021-06-11 09:54:29,2222.5,1791669
2021-06-11 09:54:30,2223.0,1792075
2021-06-11 09:54:31,2223.6,1792157
2021-06-11 09:54:32,2223.0,1792692
2021-06-11 09:54:33,2223.0,1792868
2021-06-11 09:54:34,2223.0,1793342
2021-06-11 09:54:34,2223.85,1793421
2021-06-11 09:54:35,2222.45,1794672
2021-06-11 09:54:37,2223.0,1794940
2021-06-11 09:54:38,2223.0,1795045
2021-06-11 09:54:39,2224.0,1796536
2021-06-11 09:54:40,2223.3,1796988
2021-06-11 09:54:41,2224.0,1797260
2021-06-11 09:54:42,2223.05,1797742
2021-06-11 09:54:43,2224.1,1797872
2021-06-11 09:54:45,2223.9,1798369
2021-06-11 09:54:46,2223.9,1798434
2021-06-11 09:54:47,2223.25,1798520
2021-06-11 09:54:48,2223.0,1798661
2021-06-11 09:54:49,2223.5,1798786
2021-06-11 09:54:50,2223.0,1799165
2021-06-11 09:54:52,2223.0,1799742
2021-06-11 09:54:53,2223.65,1800105
2021-06-11 09:54:54,2223.6,1800275
2021-06-11 09:54:55,2223.0,1800415
2021-06-11 09:54:56,2222.65,1801648
2021-06-11 09:54:57,2222.6,1801938
2021-06-11 09:54:58,2222.6,1802291
2021-06-11 09:54:59,2223.25,1802753
2021-06-11 09:55:00,2222.9,1803052
2021-06-11 09:55:01,2223.85,1803097
2021-06-11 09:55:02,2223.95,1803559
2021-06-11 09:55:03,2222.95,1804510
2021-06-11 09:55:04,2223.9,1804817
2021-06-11 09:55:05,2224.0,1804929
2021-06-11 09:55:06,2223.25,1805956
2021-06-11 09:55:07,2223.15,1806387
2021-06-11 09:55:08,2224.0,1806873
2021-06-11 09:55:09,2223.8,1807451
2021-06-11 09:55:10,2223.1,1807588
2021-06-11 09:55:11,2223.2,1807694
2021-06-11 09:55:12,2223.1,1807793
2021-06-11 09:55:13,2223.0,1808032
2021-06-11 09:55:14,2223.9,1808678
2021-06-11 09:55:15,2223.85,1810541
2021-06-11 09:55:16,2222.85,1810900
2021-06-11 09:55:17,2223.7,1811142
2021-06-11 09:55:18,2224.0,1811630
2021-06-11 09:55:19,2223.0,1811929
2021-06-11 09:55:20,2224.0,1811974
2021-06-11 09:55:22,2222.85,1812949
2021-06-11 09:55:23,2223.45,1813115
2021-06-11 09:55:24,2222.6,1813156
2021-06-11 09:55:25,2223.0,1813304
2021-06-11 09:55:26,2223.0,1813357
2021-06-11 09:55:27,2223.45,1813370
2021-06-11 09:55:28,2223.4,1813413
2021-06-11 09:55:29,2223.0,1813538
2021-06-11 09:55:31,2223.4,1813712
2021-06-11 09:55:30,2223.0,1813690
2021-06-11 09:55:32,2223.95,1815899
2021-06-11 09:55:33,2223.95,1816274
2021-06-11 09:55:34,2223.05,1816493
2021-06-11 09:55:35,2223.05,1816607
2021-06-11 09:55:36,2223.05,1816678
2021-06-11 09:55:37,2222.8,1817020
2021-06-11 09:55:38,2222.8,1817258
2021-06-11 09:55:39,2223.7,1817444
2021-06-11 09:55:41,2223.0,1817481
2021-06-11 09:55:40,2222.8,1817476
2021-06-11 09:55:44,2223.0,1817882
2021-06-11 09:55:45,2223.0,1819379
2021-06-11 09:55:46,2222.05,1819849
2021-06-11 09:55:47,2222.5,1820194
2021-06-11 09:55:48,2222.5,1820282
2021-06-11 09:55:49,2222.5,1820300
2021-06-11 09:55:51,2222.0,1821621
2021-06-11 09:55:52,2222.8,1822117
2021-06-11 09:55:53,2222.05,1822406
2021-06-11 09:55:54,2222.0,1822476
2021-06-11 09:55:55,2222.1,1822838
2021-06-11 09:55:56,2221.5,1822952
2021-06-11 09:55:57,2222.0,1822969
2021-06-11 09:55:58,2222.8,1824006
2021-06-11 09:55:59,2221.85,1824245
2021-06-11 09:56:00,2223.0,1825184
2021-06-11 09:56:01,2221.8,1825425
2021-06-11 09:56:02,2221.75,1826277
2021-06-11 09:56:03,2221.8,1826441
2021-06-11 09:56:04,2221.8,1826907
2021-06-11 09:56:05,2222.0,1827647
2021-06-11 09:56:06,2222.8,1827884
2021-06-11 09:56:07,2222.0,1828020
2021-06-11 09:56:08,2222.0,1828232
2021-06-11 09:56:09,2222.6,1828329
2021-06-11 09:56:10,2222.0,1828469
2021-06-11 09:56:11,2221.35,1828707
2021-06-11 09:56:13,2222.0,1828946
2021-06-11 09:56:14,2221.4,1829096
2021-06-11 09:56:15,2221.8,1829166
2021-06-11 09:56:16,2222.0,1829686
2021-06-11 09:56:17,2221.4,1830630
2021-06-11 09:56:18,2222.3,1830776
2021-06-11 09:56:19,2222.05,1831101
2021-06-11 09:56:20,2221.45,1831404
2021-06-11 09:56:21,2222.5,1831719
2021-06-11 09:56:22,2221.5,1831978
2021-06-11 09:56:23,2221.35,1832215
2021-06-11 09:56:24,2222.0,1832505
2021-06-11 09:56:25,2222.0,1832549
2021-06-11 09:56:26,2221.35,1832646
2021-06-11 09:56:27,2221.35,1832741
2021-06-11 09:56:28,2222.0,1832785
2021-06-11 09:56:29,2221.45,1832802
2021-06-11 09:56:30,2221.3,1832817
2021-06-11 09:56:31,2221.3,1833015
2021-06-11 09:56:32,2221.45,1833314
2021-06-11 09:56:33,2221.45,1833560
2021-06-11 09:56:34,2221.95,1834237
2021-06-11 09:56:35,2222.0,1834693
2021-06-11 09:56:36,2221.05,1835083
2021-06-11 09:56:37,2221.0,1835538
2021-06-11 09:56:38,2221.0,1835675
2021-06-11 09:56:40,2221.0,1837012
2021-06-11 09:56:41,2221.1,1837130
2021-06-11 09:56:42,2221.25,1837152
2021-06-11 09:56:43,2221.05,1837237
2021-06-11 09:56:45,2221.0,1837889
2021-06-11 09:56:44,2221.85,1837795
2021-06-11 09:56:46,2221.0,1838129
2021-06-11 09:56:47,2221.05,1838379
2021-06-11 09:56:48,2222.0,1838508
2021-06-11 09:56:49,2221.05,1840815
2021-06-11 09:56:50,2220.5,1841385
2021-06-11 09:56:51,2220.25,1842110
2021-06-11 09:56:52,2220.3,1843101
2021-06-11 09:56:54,2221.45,1843259
2021-06-11 09:56:55,2220.4,1843457
2021-06-11 09:56:55,2220.35,1843487
2021-06-11 09:56:56,2221.0,1843519
2021-06-11 09:56:57,2220.4,1843645
2021-06-11 09:56:58,2220.25,1844168
2021-06-11 09:56:59,2220.25,1844325
2021-06-11 09:57:01,2220.8,1844380
2021-06-11 09:57:01,2220.8,1844388
2021-06-11 09:57:02,2220.1,1844503
2021-06-11 09:57:03,2220.8,1844579
2021-06-11 09:57:04,2220.1,1844603
2021-06-11 09:57:05,2220.0,1847183
2021-06-11 09:57:06,2220.8,1847625
2021-06-11 09:57:08,2220.25,1847742
2021-06-11 09:57:09,2220.8,1847877
2021-06-11 09:57:09,2220.8,1847859
2021-06-11 09:57:10,2220.25,1847990
2021-06-11 09:57:11,2220.1,1848687
2021-06-11 09:57:12,2220.1,1848839
2021-06-11 09:57:13,2220.1,1849060
2021-06-11 09:57:15,2220.0,1849757
2021-06-11 09:57:16,2220.05,1851051
2021-06-11 09:57:16,2221.0,1851254
2021-06-11 09:57:17,2220.25,1852110
2021-06-11 09:57:18,2221.0,1852253
2021-06-11 09:57:19,2220.65,1852577
2021-06-11 09:57:20,2221.75,1852903
2021-06-11 09:57:22,2221.45,1855606
2021-06-11 09:57:22,2222.0,1854695
2021-06-11 09:57:23,2221.5,1855778
2021-06-11 09:57:24,2222.25,1856075
2021-06-11 09:57:25,2221.3,1856150
2021-06-11 09:57:26,2221.3,1856322
2021-06-11 09:57:27,2221.95,1856488
2021-06-11 09:57:28,2221.15,1856577
2021-06-11 09:57:29,2221.65,1856616
2021-06-11 09:57:30,2221.65,1856649
2021-06-11 09:57:32,2221.65,1856660
2021-06-11 09:57:32,2221.65,1856662
2021-06-11 09:57:33,2221.65,1856662
2021-06-11 09:57:34,2221.65,1856731
2021-06-11 09:57:35,2221.7,1857790
2021-06-11 09:57:36,2220.8,1858097
2021-06-11 09:57:37,2221.0,1858220
2021-06-11 09:57:38,2220.65,1858648
2021-06-11 09:57:39,2220.6,1859323
2021-06-11 09:57:40,2220.5,1859595
2021-06-11 09:57:41,2220.6,1859868
2021-06-11 09:57:42,2220.6,1859963
2021-06-11 09:57:43,2220.25,1859978
2021-06-11 09:57:45,2220.5,1860699
2021-06-11 09:57:45,2220.5,1860827
2021-06-11 09:57:46,2220.5,1860999
2021-06-11 09:57:47,2221.0,1861299
2021-06-11 09:57:48,2220.5,1861444
2021-06-11 09:57:49,2220.05,1861847
2021-06-11 09:57:50,2220.9,1861927
2021-06-11 09:57:51,2220.5,1861962
2021-06-11 09:57:52,2220.6,1862028
2021-06-11 09:57:53,2220.5,1862225
2021-06-11 09:57:55,2220.05,1862596
2021-06-11 09:57:55,2220.05,1862752
2021-06-11 09:57:56,2220.1,1863063
2021-06-11 09:57:58,2220.0,1863838
2021-06-11 09:57:59,2219.1,1865844
2021-06-11 09:58:00,2220.0,1868153
2021-06-11 09:58:02,2219.7,1868993
2021-06-11 09:58:02,2220.8,1869119
2021-06-11 09:58:03,2220.1,1869187
2021-06-11 09:58:04,2220.0,1870211
2021-06-11 09:58:05,2219.4,1870672
2021-06-11 09:58:06,2219.55,1870888
2021-06-11 09:58:08,2219.4,1871317
2021-06-11 09:58:08,2219.55,1871200
2021-06-11 09:58:10,2219.5,1871823
2021-06-11 09:58:11,2219.35,1871946
2021-06-11 09:58:12,2220.0,1873658
2021-06-11 09:58:13,2219.95,1873943
2021-06-11 09:58:14,2219.45,1874536
2021-06-11 09:58:16,2219.85,1876141
2021-06-11 09:58:16,2220.75,1876382
2021-06-11 09:58:17,2220.1,1876470
2021-06-11 09:58:18,2220.1,1876674
2021-06-11 09:58:19,2220.1,1876767
2021-06-11 09:58:20,2220.0,1876992
2021-06-11 09:58:21,2219.4,1877437
2021-06-11 09:58:22,2220.0,1877524
2021-06-11 09:58:23,2219.4,1877759
2021-06-11 09:58:24,2219.4,1877819
2021-06-11 09:58:25,2219.55,1877965
2021-06-11 09:58:26,2219.45,1878190
2021-06-11 09:58:27,2220.35,1878487
2021-06-11 09:58:28,2220.0,1878642
2021-06-11 09:58:30,2220.1,1878690
2021-06-11 09:58:30,2220.0,1878767
2021-06-11 09:58:31,2220.0,1879200
2021-06-11 09:58:32,2220.9,1879680
2021-06-11 09:58:34,2220.0,1879915
2021-06-11 09:58:34,2220.85,1879950
2021-06-11 09:58:35,2220.05,1880232
2021-06-11 09:58:36,2220.25,1880317
2021-06-11 09:58:37,2220.4,1880370
2021-06-11 09:58:38,2220.4,1880459
2021-06-11 09:58:39,2220.4,1880841
2021-06-11 09:58:41,2220.4,1880979
2021-06-11 09:58:41,2220.65,1881000
2021-06-11 09:58:42,2220.05,1881190
2021-06-11 09:58:43,2220.05,1881377
2021-06-11 09:58:45,2220.4,1881536
2021-06-11 09:58:46,2220.05,1881593
2021-06-11 09:58:47,2220.05,1881816
2021-06-11 09:58:49,2220.4,1881872
2021-06-11 09:58:49,2220.4,1881881
2021-06-11 09:58:50,2220.05,1882018
2021-06-11 09:58:51,2220.05,1882106
2021-06-11 09:58:52,2220.4,1882155
2021-06-11 09:58:53,2220.8,1882287
2021-06-11 09:58:54,2220.0,1882395
2021-06-11 09:58:56,2220.0,1882722
2021-06-11 09:58:57,2220.0,1882852
2021-06-11 09:58:57,2220.05,1882873
2021-06-11 09:58:58,2220.35,1883234
2021-06-11 09:59:00,2220.9,1883575
2021-06-11 09:58:59,2220.8,1883478
2021-06-11 09:59:02,2220.6,1883640
2021-06-11 09:59:05,2220.7,1883973
2021-06-11 09:59:05,2220.7,1884044
2021-06-11 09:59:06,2220.55,1884319
2021-06-11 09:59:07,2220.6,1884490
2021-06-11 09:59:08,2220.7,1884516
2021-06-11 09:59:09,2220.55,1884535
2021-06-11 09:59:10,2220.6,1884661
2021-06-11 09:59:12,2220.7,1884699
2021-06-11 09:59:13,2220.8,1885135
2021-06-11 09:59:14,2220.8,1885221
2021-06-11 09:59:14,2220.6,1885237
2021-06-11 09:59:15,2220.6,1885309
2021-06-11 09:59:16,2220.6,1885932
2021-06-11 09:59:17,2221.0,1886108
2021-06-11 09:59:19,2221.0,1886137
2021-06-11 09:59:20,2220.6,1886192
2021-06-11 09:59:20,2220.6,1886251
2021-06-11 09:59:21,2220.4,1886440
2021-06-11 09:59:22,2220.0,1887146
2021-06-11 09:59:23,2220.35,1887460
2021-06-11 09:59:25,2220.0,1887719
2021-06-11 09:59:26,2220.35,1887758
2021-06-11 09:59:27,2220.0,1888425
2021-06-11 09:59:27,2220.6,1888525
2021-06-11 09:59:28,2220.6,1888643
2021-06-11 09:59:29,2219.7,1888801
2021-06-11 09:59:30,2220.0,1888872
2021-06-11 09:59:32,2220.05,1888891
2021-06-11 09:59:33,2220.0,1889111
2021-06-11 09:59:33,2220.5,1889144
2021-06-11 09:59:34,2219.7,1889611
2021-06-11 09:59:35,2219.55,1889819
2021-06-11 09:59:37,2219.5,1889937
2021-06-11 09:59:37,2219.5,1890064
2021-06-11 09:59:38,2219.5,1890090
2021-06-11 09:59:39,2220.0,1890362
2021-06-11 09:59:40,2219.4,1890645
2021-06-11 09:59:41,2219.35,1890729
2021-06-11 09:59:42,2219.3,1890844
2021-06-11 09:59:43,2219.3,1891130
2021-06-11 09:59:45,2220.0,1891354
2021-06-11 09:59:46,2219.4,1891482
2021-06-11 09:59:47,2219.35,1891785
2021-06-11 09:59:47,2220.3,1891831
2021-06-11 09:59:48,2220.1,1892238
2021-06-11 09:59:49,2219.25,1892373
2021-06-11 09:59:50,2219.15,1892640
2021-06-11 09:59:52,2219.15,1892846
2021-06-11 09:59:53,2219.15,1893024
2021-06-11 09:59:54,2220.0,1893779
2021-06-11 09:59:54,2219.4,1893072
2021-06-11 09:59:55,2220.0,1893924
2021-06-11 09:59:56,2219.2,1894089
2021-06-11 09:59:57,2220.0,1894214
2021-06-11 09:59:58,2219.35,1894394
2021-06-11 09:59:59,2219.35,1894486
2021-06-11 10:00:00,2219.5,1894542
2021-06-11 10:00:01,2219.2,1894567
2021-06-11 10:00:03,2219.6,1894828
2021-06-11 10:00:04,2219.15,1894879
2021-06-11 10:00:05,2219.7,1894890
2021-06-11 10:00:05,2219.7,1894891
2021-06-11 10:00:06,2219.05,1895099
2021-06-11 10:00:07,2219.05,1895133
2021-06-11 10:00:08,2219.05,1895197
2021-06-11 10:00:10,2219.05,1895757
2021-06-11 10:00:11,2219.6,1895841
2021-06-11 10:00:12,2219.0,1895893
2021-06-11 10:00:13,2219.0,1895903
2021-06-11 10:00:13,2219.05,1895904
2021-06-11 10:00:14,2219.0,1896172
2021-06-11 10:00:15,2218.1,1903019
2021-06-11 10:00:16,2218.15,1904381
2021-06-11 10:00:18,2218.15,1906581
2021-06-11 10:00:19,2218.0,1907778
2021-06-11 10:00:19,2218.0,1907618
2021-06-11 10:00:20,2218.0,1908156
2021-06-11 10:00:21,2217.8,1909694
2021-06-11 10:00:22,2217.75,1909994
2021-06-11 10:00:23,2217.9,1910421
2021-06-11 10:00:25,2217.0,1911352
2021-06-11 10:00:26,2217.4,1918192
2021-06-11 10:00:26,2217.1,1917378
2021-06-11 10:00:27,2217.4,1918567
2021-06-11 10:00:28,2217.4,1919136
2021-06-11 10:00:29,2217.55,1919892
2021-06-11 10:00:30,2217.3,1920284
2021-06-11 10:00:32,2218.0,1920404
2021-06-11 10:00:33,2217.5,1920446
2021-06-11 10:00:34,2217.5,1920662
2021-06-11 10:00:34,2217.9,1920754
2021-06-11 10:00:35,2217.3,1920922
2021-06-11 10:00:36,2217.3,1920997
2021-06-11 10:00:37,2217.1,1921342
2021-06-11 10:00:39,2217.3,1921946
2021-06-11 10:00:40,2217.9,1922357
2021-06-11 10:00:40,2218.0,1922424
2021-06-11 10:00:41,2218.0,1922515
2021-06-11 10:00:42,2217.75,1923032
2021-06-11 10:00:44,2217.75,1923305
2021-06-11 10:00:45,2218.8,1923548
2021-06-11 10:00:47,2218.15,1924362
2021-06-11 10:00:48,2218.0,1924520
2021-06-11 10:00:49,2218.0,1924634
2021-06-11 10:00:51,2218.4,1924910
2021-06-11 10:00:52,2219.0,1925233
2021-06-11 10:00:53,2218.4,1925375
2021-06-11 10:00:53,2219.0,1925396
2021-06-11 10:00:54,2218.5,1925422
2021-06-11 10:00:55,2219.0,1925696
2021-06-11 10:00:56,2218.2,1926050
2021-06-11 10:00:58,2218.1,1926403
2021-06-11 10:00:59,2218.1,1926985
2021-06-11 10:01:00,2218.1,1927107
2021-06-11 10:01:01,2218.0,1927246
2021-06-11 10:01:02,2218.2,1927347
2021-06-11 10:01:03,2218.05,1927432
2021-06-11 10:01:04,2218.7,1927498
2021-06-11 10:01:05,2218.05,1927524
2021-06-11 10:01:06,2218.0,1927806
2021-06-11 10:01:08,2218.7,1928022
2021-06-11 10:01:09,2218.65,1928065
2021-06-11 10:01:10,2218.65,1928147
2021-06-11 10:01:11,2218.0,1928371
2021-06-11 10:01:12,2218.1,1928405
2021-06-11 10:01:13,2218.15,1928470
2021-06-11 10:01:14,2218.0,1928651
2021-06-11 10:01:15,2218.8,1928879
2021-06-11 10:01:16,2218.1,1929000
2021-06-11 10:01:16,2218.15,1929045
2021-06-11 10:01:17,2218.1,1929119
2021-06-11 10:01:18,2218.75,1929177
2021-06-11 10:01:19,2219.0,1931260
2021-06-11 10:01:20,2219.6,1931452
2021-06-11 10:01:22,2219.9,1931714
2021-06-11 10:01:23,2219.25,1931811
2021-06-11 10:01:24,2219.7,1931961
2021-06-11 10:01:24,2219.7,1932008
2021-06-11 10:01:25,2219.7,1932032
2021-06-11 10:01:26,2219.3,1932130
2021-06-11 10:01:29,2220.0,1933142
2021-06-11 10:01:30,2219.95,1933273
2021-06-11 10:01:31,2219.95,1933362
2021-06-11 10:01:31,2219.95,1933405
2021-06-11 10:01:32,2220.0,1933489
2021-06-11 10:01:33,2220.0,1933606
2021-06-11 10:01:34,2220.0,1933749
2021-06-11 10:01:35,2219.3,1933956
2021-06-11 10:01:36,2219.9,1934023
2021-06-11 10:01:38,2219.3,1934244
2021-06-11 10:01:39,2219.25,1934440
2021-06-11 10:01:40,2220.0,1934495
2021-06-11 10:01:41,2219.85,1934563
2021-06-11 10:01:42,2219.85,1934811
2021-06-11 10:01:42,2219.85,1934849
2021-06-11 10:01:43,2219.3,1934880
2021-06-11 10:01:44,2219.3,1934914
2021-06-11 10:01:45,2219.0,1935159
2021-06-11 10:01:47,2219.95,1935388
2021-06-11 10:01:48,2220.0,1935441
2021-06-11 10:01:49,2220.0,1935622
2021-06-11 10:01:50,2220.0,1935649
2021-06-11 10:01:51,2219.4,1935658
2021-06-11 10:01:52,2220.05,1937195
2021-06-11 10:01:53,2220.15,1938028
2021-06-11 10:01:53,2221.0,1938253
2021-06-11 10:01:54,2220.0,1938634
2021-06-11 10:01:55,2220.8,1939338
2021-06-11 10:01:57,2220.05,1939625
2021-06-11 10:01:58,2220.05,1939888
2021-06-11 10:02:00,2220.0,1940030
2021-06-11 10:02:00,2220.55,1940036
2021-06-11 10:02:01,2220.55,1940132
2021-06-11 10:02:02,2219.1,1940317
2021-06-11 10:02:03,2219.45,1940360
2021-06-11 10:02:05,2219.1,1940564
2021-06-11 10:02:06,2219.0,1941011
2021-06-11 10:02:07,2219.65,1941078
2021-06-11 10:02:07,2219.0,1941105
2021-06-11 10:02:08,2219.1,1941113
2021-06-11 10:02:10,2220.0,1941498
2021-06-11 10:02:11,2219.05,1941587
2021-06-11 10:02:12,2219.95,1941605
2021-06-11 10:02:13,2219.95,1941745
2021-06-11 10:02:13,2219.95,1941773
2021-06-11 10:02:14,2219.15,1941947
2021-06-11 10:02:15,2219.45,1941984
2021-06-11 10:02:17,2219.2,1942303
2021-06-11 10:02:18,2219.95,1942576
2021-06-11 10:02:19,2219.15,1942650
2021-06-11 10:02:20,2219.9,1942703
2021-06-11 10:02:21,2220.0,1942924
2021-06-11 10:02:22,2219.45,1943013
2021-06-11 10:02:22,2219.5,1943076
2021-06-11 10:02:23,2219.45,1943203
2021-06-11 10:02:24,2219.4,1943274
2021-06-11 10:02:27,2220.0,1943503
2021-06-11 10:02:28,2219.85,1943554
2021-06-11 10:02:29,2220.0,1943626
2021-06-11 10:02:30,2220.0,1943662
2021-06-11 10:02:31,2219.35,1943747
2021-06-11 10:02:31,2220.0,1943775
2021-06-11 10:02:32,2219.35,1943851
2021-06-11 10:02:33,2219.85,1944073
2021-06-11 10:02:34,2219.85,1944262
2021-06-11 10:02:36,2219.35,1944295
2021-06-11 10:02:37,2219.85,1944335
2021-06-11 10:02:38,2219.35,1944452
2021-06-11 10:02:38,2219.85,1944470
2021-06-11 10:02:39,2220.1,1946476
2021-06-11 10:02:40,2220.15,1947369
2021-06-11 10:02:42,2220.05,1947510
2021-06-11 10:02:43,2220.0,1947573
2021-06-11 10:02:44,2219.5,1947596
2021-06-11 10:02:45,2220.0,1947612
2021-06-11 10:02:45,2220.0,1947615
2021-06-11 10:02:46,2220.0,1947621
2021-06-11 10:02:47,2219.95,1947631
2021-06-11 10:02:48,2220.0,1947883
2021-06-11 10:02:50,2219.6,1948001
2021-06-11 10:02:51,2219.6,1948058
2021-06-11 10:02:52,2219.4,1948234
2021-06-11 10:02:53,2219.55,1948477
2021-06-11 10:02:54,2219.55,1948555
2021-06-11 10:02:55,2219.55,1948607
2021-06-11 10:02:56,2219.65,1948628
2021-06-11 10:02:56,2219.65,1948631
2021-06-11 10:02:57,2218.9,1949666
2021-06-11 10:02:58,2219.65,1950332
2021-06-11 10:02:59,2219.3,1950962
2021-06-11 10:03:00,2219.55,1951063
2021-06-11 10:03:01,2220.0,1951255
2021-06-11 10:03:02,2220.0,1951286
2021-06-11 10:03:03,2219.6,1951578
2021-06-11 10:03:05,2220.7,1953616
2021-06-11 10:03:06,2220.45,1954031
2021-06-11 10:03:07,2220.75,1954176
2021-06-11 10:03:07,2220.8,1954351
2021-06-11 10:03:08,2220.6,1955028
2021-06-11 10:03:09,2220.65,1955263
2021-06-11 10:03:10,2221.15,1958070
2021-06-11 10:03:12,2221.15,1959589
2021-06-11 10:03:13,2221.05,1959640
2021-06-11 10:03:14,2222.0,1959718
2021-06-11 10:03:15,2222.0,1959869
2021-06-11 10:03:17,2221.15,1960172
2021-06-11 10:03:18,2222.0,1961389
2021-06-11 10:03:19,2222.5,1961558
2021-06-11 10:03:20,2222.75,1961666
2021-06-11 10:03:21,2223.0,1962140
2021-06-11 10:03:22,2223.0,1962492
2021-06-11 10:03:22,2223.0,1962608
2021-06-11 10:03:24,2222.25,1962682
2021-06-11 10:03:25,2223.0,1962897
2021-06-11 10:03:26,2223.0,1963009
2021-06-11 10:03:27,2223.0,1966724
2021-06-11 10:03:28,2223.5,1967652
2021-06-11 10:03:28,2223.5,1967847
2021-06-11 10:03:30,2223.2,1968546
2021-06-11 10:03:31,2223.0,1968829
2021-06-11 10:03:32,2223.0,1968951
2021-06-11 10:03:33,2223.05,1970032
2021-06-11 10:03:34,2223.95,1970330
2021-06-11 10:03:35,2224.0,1970709
2021-06-11 10:03:35,2224.0,1970771
2021-06-11 10:03:38,2223.15,1970949
2021-06-11 10:03:39,2224.0,1971026
2021-06-11 10:03:40,2223.95,1971110
2021-06-11 10:03:41,2223.9,1971354
2021-06-11 10:03:42,2223.1,1971435
2021-06-11 10:03:42,2223.7,1971447
2021-06-11 10:03:43,2223.0,1971500
2021-06-11 10:03:45,2222.7,1971768
2021-06-11 10:03:46,2222.7,1972212
2021-06-11 10:03:47,2223.35,1972593
2021-06-11 10:03:48,2223.45,1972728
2021-06-11 10:03:49,2222.5,1972840
2021-06-11 10:03:50,2223.0,1973519
2021-06-11 10:03:51,2223.35,1973632
2021-06-11 10:03:52,2223.35,1973973
2021-06-11 10:03:53,2222.55,1974611
2021-06-11 10:03:54,2223.65,1975286
2021-06-11 10:03:54,2223.7,1975391
2021-06-11 10:03:56,2223.45,1975693
2021-06-11 10:03:56,2223.5,1975910
2021-06-11 10:03:58,2223.2,1975945
2021-06-11 10:03:59,2223.55,1976097
2021-06-11 10:04:00,2223.55,1977130
2021-06-11 10:04:01,2223.25,1977578
2021-06-11 10:04:02,2223.55,1978048
2021-06-11 10:04:02,2224.0,1978122
2021-06-11 10:04:03,2223.55,1978519
2021-06-11 10:04:04,2223.55,1979849
2021-06-11 10:04:05,2224.0,1980248
2021-06-11 10:04:07,2223.9,1980669
2021-06-11 10:04:08,2223.9,1980863
2021-06-11 10:04:09,2223.35,1981014
2021-06-11 10:04:10,2223.9,1981069
2021-06-11 10:04:11,2223.55,1981236
2021-06-11 10:04:12,2224.0,1982400
2021-06-11 10:04:13,2223.9,1983186
2021-06-11 10:04:14,2224.0,1984076
2021-06-11 10:04:15,2223.55,1984345
2021-06-11 10:04:16,2224.0,1984692
2021-06-11 10:04:17,2224.0,1984750
2021-06-11 10:04:18,2223.55,1984896
2021-06-11 10:04:18,2224.0,1984918
2021-06-11 10:04:19,2223.95,1985105
2021-06-11 10:04:20,2223.55,1985382
2021-06-11 10:04:22,2224.0,1985794
2021-06-11 10:04:23,2224.0,1986923
2021-06-11 10:04:24,2223.5,1987239
2021-06-11 10:04:25,2224.0,1987502
2021-06-11 10:04:26,2224.05,1988066
2021-06-11 10:04:26,2224.0,1988159
2021-06-11 10:04:28,2224.75,1988478
2021-06-11 10:04:29,2224.2,1990271
2021-06-11 10:04:30,2224.2,1991106
2021-06-11 10:04:31,2224.0,1991613
2021-06-11 10:04:32,2225.0,1992331
2021-06-11 10:04:33,2224.3,1992747
2021-06-11 10:04:33,2225.0,1992809
2021-06-11 10:04:34,2225.0,1993531
2021-06-11 10:04:35,2224.7,1993665
2021-06-11 10:04:37,2224.7,1993743
2021-06-11 10:04:38,2224.1,1993797
2021-06-11 10:04:39,2224.9,1994293
2021-06-11 10:04:40,2224.55,1994497
2021-06-11 10:04:40,2224.2,1994529
2021-06-11 10:04:42,2224.9,1994575
2021-06-11 10:04:43,2224.0,1994702
2021-06-11 10:04:44,2224.05,1994971
2021-06-11 10:04:45,2225.0,1995391
2021-06-11 10:04:46,2224.1,1995755
2021-06-11 10:04:46,2225.0,1995977
2021-06-11 10:04:48,2225.0,1996217
2021-06-11 10:04:49,2225.0,1996379
2021-06-11 10:04:50,2224.4,1996722
2021-06-11 10:04:51,2225.0,2000315
2021-06-11 10:04:52,2224.65,2000900
2021-06-11 10:04:53,2225.0,2001419
2021-06-11 10:04:54,2225.0,2001828
2021-06-11 10:04:54,2224.4,2001933
2021-06-11 10:04:56,2225.0,2002541
2021-06-11 10:04:57,2224.4,2003719
2021-06-11 10:04:58,2224.15,2004027
2021-06-11 10:04:59,2224.95,2004126
2021-06-11 10:05:00,2224.4,2004433
2021-06-11 10:05:00,2225.0,2004529
2021-06-11 10:05:01,2224.4,2004823
2021-06-11 10:05:02,2225.0,2005400
2021-06-11 10:05:03,2224.15,2005626
2021-06-11 10:05:05,2224.15,2005876
2021-06-11 10:05:06,2224.9,2006099
2021-06-11 10:05:07,2224.5,2007095
2021-06-11 10:05:08,2225.0,2007856
2021-06-11 10:05:08,2225.0,2007970
2021-06-11 10:05:09,2224.55,2008513
2021-06-11 10:05:11,2224.9,2009146
2021-06-11 10:05:12,2225.0,2009574
2021-06-11 10:05:13,2224.5,2009918
2021-06-11 10:05:15,2225.15,2018649
2021-06-11 10:05:16,2225.95,2019096
2021-06-11 10:05:16,2225.95,2019386
2021-06-11 10:05:18,2225.4,2019592
2021-06-11 10:05:19,2226.0,2020439
2021-06-11 10:05:20,2225.35,2021398
2021-06-11 10:05:21,2226.0,2022135
2021-06-11 10:05:22,2225.3,2022613
2021-06-11 10:05:22,2226.0,2025215
2021-06-11 10:05:23,2226.0,2032509
2021-06-11 10:05:25,2225.3,2032871
2021-06-11 10:05:26,2225.35,2033118
2021-06-11 10:05:27,2226.0,2035909
2021-06-11 10:05:28,2225.7,2036444
2021-06-11 10:05:29,2225.35,2037626
2021-06-11 10:05:30,2226.0,2037639
2021-06-11 10:05:31,2226.0,2037913
2021-06-11 10:05:33,2226.0,2037989
2021-06-11 10:05:32,2226.0,2037989
2021-06-11 10:05:34,2226.0,2038133
