timestamp,ltp,volume
2021-06-11 09:15:46,1001.15,10805
2021-06-11 09:15:53,1000.7,12865
2021-06-11 09:16:00,998.05,15694
2021-06-11 09:16:08,999.8,17816
2021-06-11 09:16:15,999.8,18280
2021-06-11 09:16:22,1000.55,18644
2021-06-11 09:16:29,1000.3,20389
2021-06-11 09:16:36,1000.0,20812
2021-06-11 09:16:43,1000.8,21156
2021-06-11 09:16:50,1000.0,23345
2021-06-11 09:16:57,1000.0,24767
2021-06-11 09:17:04,998.55,26421
2021-06-11 09:17:11,999.0,26763
2021-06-11 09:17:18,999.0,28936
2021-06-11 09:17:24,1000.0,29939
2021-06-11 09:17:31,1001.35,30205
2021-06-11 09:17:38,1001.2,30569
2021-06-11 09:17:45,1000.85,30826
2021-06-11 09:17:51,1000.9,31188
2021-06-11 09:17:58,1000.9,31319
2021-06-11 09:18:05,1000.8,32931
2021-06-11 09:18:11,1001.25,33294
2021-06-11 09:18:18,1001.55,34207
2021-06-11 09:18:31,1001.6,36202
2021-06-11 09:18:38,1002.0,39106
2021-06-11 09:18:45,1001.5,40874
2021-06-11 09:18:51,1002.0,41587
2021-06-11 09:18:58,1002.15,42479
2021-06-11 09:19:05,1001.05,45655
2021-06-11 09:19:11,1000.25,46368
2021-06-11 09:19:18,1000.6,46797
2021-06-11 09:19:24,1001.15,47548
2021-06-11 09:19:31,1001.4,47887
2021-06-11 09:19:38,1001.05,50314
2021-06-11 09:19:44,1001.45,50694
2021-06-11 09:19:51,1001.4,50984
2021-06-11 09:19:57,1001.25,51345
2021-06-11 09:20:04,1000.95,52384
2021-06-11 09:20:10,1000.65,53235
2021-06-11 09:20:16,1000.65,54045
2021-06-11 09:20:23,1000.55,54166
2021-06-11 09:20:29,1001.45,56640
2021-06-11 09:20:36,1000.9,56954
2021-06-11 09:20:42,1000.75,57134
2021-06-11 09:20:49,999.6,62714
2021-06-11 09:21:02,999.0,63992
2021-06-11 09:21:08,999.0,64348
2021-06-11 09:21:15,998.8,67095
2021-06-11 09:21:21,998.0,67621
2021-06-11 09:21:28,998.1,67735
2021-06-11 09:21:34,998.6,68305
2021-06-11 09:21:36,998.6,68305
2021-06-11 09:21:39,998.6,68517
2021-06-11 09:21:41,998.6,68537
2021-06-11 09:21:42,998.55,68694
2021-06-11 09:21:44,998.55,68694
2021-06-11 09:21:45,999.05,68767
2021-06-11 09:21:46,999.45,68920
2021-06-11 09:21:47,998.65,68937
2021-06-11 09:21:48,998.65,68941
2021-06-11 09:21:49,999.05,69010
2021-06-11 09:21:50,999.05,69014
2021-06-11 09:21:51,999.05,69014
2021-06-11 09:21:52,999.05,69014
2021-06-11 09:21:53,999.25,69099
2021-06-11 09:21:54,999.4,69201
2021-06-11 09:21:55,999.55,69251
2021-06-11 09:21:56,999.55,69251
2021-06-11 09:21:57,999.05,69252
2021-06-11 09:21:58,999.25,69256
2021-06-11 09:21:59,999.25,69256
2021-06-11 09:22:00,998.8,69270
2021-06-11 09:22:01,998.85,69279
2021-06-11 09:22:02,998.8,69370
2021-06-11 09:22:03,998.8,69397
2021-06-11 09:22:04,999.35,69465
2021-06-11 09:22:05,998.95,69532
2021-06-11 09:22:06,998.95,69533
2021-06-11 09:22:07,998.95,69533
2021-06-11 09:22:08,998.1,70285
2021-06-11 09:22:09,998.1,70285
2021-06-11 09:22:10,998.1,70285
2021-06-11 09:22:11,998.95,70345
2021-06-11 09:22:12,998.95,70345
2021-06-11 09:22:13,998.25,70402
2021-06-11 09:22:14,998.85,70417
2021-06-11 09:22:15,998.95,70437
2021-06-11 09:22:17,998.25,70630
2021-06-11 09:22:18,998.25,70641
2021-06-11 09:22:19,998.25,70641
2021-06-11 09:22:20,998.25,70641
2021-06-11 09:22:21,999.0,70741
2021-06-11 09:22:22,999.15,70851
2021-06-11 09:22:23,999.15,70851
2021-06-11 09:22:24,999.2,70901
2021-06-11 09:22:25,999.2,70901
2021-06-11 09:22:26,999.0,72078
2021-06-11 09:22:27,999.0,72079
2021-06-11 09:22:28,999.0,72079
2021-06-11 09:22:29,999.05,72245
2021-06-11 09:22:30,998.3,72295
2021-06-11 09:22:31,998.3,72338
2021-06-11 09:22:32,998.9,72339
2021-06-11 09:22:33,998.9,72339
2021-06-11 09:22:34,998.9,72339
2021-06-11 09:22:35,998.9,72339
2021-06-11 09:22:36,998.95,72431
2021-06-11 09:22:37,998.95,72437
2021-06-11 09:22:38,998.95,72437
2021-06-11 09:22:39,998.95,72437
2021-06-11 09:22:40,998.95,72437
2021-06-11 09:22:41,998.95,72437
2021-06-11 09:22:42,998.95,72437
2021-06-11 09:22:43,998.9,72441
2021-06-11 09:22:45,998.9,72441
2021-06-11 09:22:46,998.9,72634
2021-06-11 09:22:47,999.0,72647
2021-06-11 09:22:48,999.0,72647
2021-06-11 09:22:49,999.0,72647
2021-06-11 09:22:50,999.0,72647
2021-06-11 09:22:51,998.95,72657
2021-06-11 09:22:52,999.0,73157
2021-06-11 09:22:53,998.45,73210
2021-06-11 09:22:54,998.45,73210
2021-06-11 09:22:55,998.35,73265
2021-06-11 09:22:56,998.35,73265
2021-06-11 09:22:57,998.95,73266
2021-06-11 09:22:58,998.4,73335
2021-06-11 09:23:00,998.45,73386
2021-06-11 09:23:01,998.45,73386
2021-06-11 09:23:02,998.45,73603
2021-06-11 09:23:03,998.3,73853
2021-06-11 09:23:04,998.3,73853
2021-06-11 09:23:05,998.3,73853
2021-06-11 09:23:06,998.3,73853
2021-06-11 09:23:07,998.45,73950
2021-06-11 09:23:08,998.3,74150
2021-06-11 09:23:09,998.3,74150
2021-06-11 09:23:10,998.45,74566
2021-06-11 09:23:11,998.45,74567
2021-06-11 09:23:12,998.45,74567
2021-06-11 09:23:13,998.45,74687
2021-06-11 09:23:14,998.45,74687
2021-06-11 09:23:15,998.3,75437
2021-06-11 09:23:16,998.95,75629
2021-06-11 09:23:17,998.95,75629
2021-06-11 09:23:18,998.3,75675
2021-06-11 09:23:19,998.3,75675
2021-06-11 09:23:20,998.3,75675
2021-06-11 09:23:21,998.3,75675
2021-06-11 09:23:22,998.0,77167
2021-06-11 09:23:23,998.75,77207
2021-06-11 09:23:24,998.75,77207
2021-06-11 09:23:25,998.75,77207
2021-06-11 09:23:26,998.75,77211
2021-06-11 09:23:27,998.75,77211
2021-06-11 09:23:28,998.75,77211
2021-06-11 09:23:29,998.15,77251
2021-06-11 09:23:30,998.6,77372
2021-06-11 09:23:31,998.6,77372
2021-06-11 09:23:32,998.15,77382
2021-06-11 09:23:33,997.2,79177
2021-06-11 09:23:34,997.2,79177
2021-06-11 09:23:37,997.85,79817
2021-06-11 09:23:38,997.1,79855
2021-06-11 09:23:40,997.65,79856
2021-06-11 09:23:41,997.2,79892
2021-06-11 09:23:42,997.2,79892
2021-06-11 09:23:43,997.2,79892
2021-06-11 09:23:44,997.0,79942
2021-06-11 09:23:45,997.1,79948
2021-06-11 09:23:46,997.55,80096
2021-06-11 09:23:47,997.15,80150
2021-06-11 09:23:48,997.15,80150
2021-06-11 09:23:49,997.75,80171
2021-06-11 09:23:50,997.75,80171
2021-06-11 09:23:51,997.6,80196
2021-06-11 09:23:52,997.6,80196
2021-06-11 09:23:53,997.55,80206
2021-06-11 09:23:54,997.55,80206
2021-06-11 09:23:56,997.05,80537
2021-06-11 09:23:55,997.05,80537
2021-06-11 09:23:57,997.05,80542
2021-06-11 09:23:58,997.65,80739
2021-06-11 09:23:59,997.65,80739
2021-06-11 09:24:00,997.65,80739
2021-06-11 09:24:01,997.15,80782
2021-06-11 09:24:02,997.65,81082
2021-06-11 09:24:03,997.65,81132
2021-06-11 09:24:04,997.65,81132
2021-06-11 09:24:05,997.65,81132
2021-06-11 09:24:06,997.65,81161
2021-06-11 09:24:07,998.0,82161
2021-06-11 09:24:09,997.85,82279
2021-06-11 09:24:10,997.25,82280
2021-06-11 09:24:12,997.8,82295
2021-06-11 09:24:11,997.8,82295
2021-06-11 09:24:13,997.65,82395
2021-06-11 09:24:14,997.1,82501
2021-06-11 09:24:15,997.1,82502
2021-06-11 09:24:16,997.05,82690
2021-06-11 09:24:17,997.05,82690
2021-06-11 09:24:18,997.0,82807
2021-06-11 09:24:19,997.25,82857
2021-06-11 09:24:20,997.25,82871
2021-06-11 09:24:21,997.25,82898
2021-06-11 09:24:22,997.25,82912
2021-06-11 09:24:23,997.25,82912
2021-06-11 09:24:24,997.25,82953
2021-06-11 09:24:25,997.25,82953
2021-06-11 09:24:26,997.25,82963
2021-06-11 09:24:27,997.25,82963
2021-06-11 09:24:28,997.05,83004
2021-06-11 09:24:29,997.05,83004
2021-06-11 09:24:30,997.0,83044
2021-06-11 09:24:31,997.05,83184
2021-06-11 09:24:32,997.0,83225
2021-06-11 09:24:33,997.0,83290
2021-06-11 09:24:34,997.75,84290
2021-06-11 09:24:35,997.75,84540
2021-06-11 09:24:36,997.75,84602
2021-06-11 09:24:37,997.8,85262
2021-06-11 09:24:38,997.2,85499
2021-06-11 09:24:39,997.2,85519
2021-06-11 09:24:40,997.2,85519
2021-06-11 09:24:41,997.2,85519
2021-06-11 09:24:42,997.75,85580
2021-06-11 09:24:43,997.8,85600
2021-06-11 09:24:44,997.8,85605
2021-06-11 09:24:45,997.8,85606
2021-06-11 09:24:46,998.0,85755
2021-06-11 09:24:47,997.5,85833
2021-06-11 09:24:48,998.0,85898
2021-06-11 09:24:49,998.0,85911
2021-06-11 09:24:50,998.0,85911
2021-06-11 09:24:51,998.0,86004
2021-06-11 09:24:52,998.5,86006
2021-06-11 09:24:53,998.5,86008
2021-06-11 09:24:54,998.5,86009
2021-06-11 09:24:55,998.5,86032
2021-06-11 09:24:56,998.05,86048
2021-06-11 09:24:57,998.5,86073
2021-06-11 09:24:58,998.5,86076
2021-06-11 09:24:59,998.2,86081
2021-06-11 09:25:00,998.8,86085
2021-06-11 09:25:01,998.9,86176
2021-06-11 09:25:02,998.5,86287
2021-06-11 09:25:03,998.75,86298
2021-06-11 09:25:04,998.75,86300
2021-06-11 09:25:05,998.75,86301
2021-06-11 09:25:06,998.75,86325
2021-06-11 09:25:07,998.75,86331
2021-06-11 09:25:08,998.75,86333
2021-06-11 09:25:09,998.8,86358
2021-06-11 09:25:10,998.8,86364
2021-06-11 09:25:11,998.8,86366
2021-06-11 09:25:12,998.8,86366
2021-06-11 09:25:13,997.75,87866
2021-06-11 09:25:14,997.75,87866
2021-06-11 09:25:15,998.2,87886
2021-06-11 09:25:16,998.35,87962
2021-06-11 09:25:17,998.35,88200
2021-06-11 09:25:19,998.4,88621
2021-06-11 09:25:20,998.55,88725
2021-06-11 09:25:21,998.55,88851
2021-06-11 09:25:22,998.55,88883
2021-06-11 09:25:22,998.55,88952
2021-06-11 09:25:23,998.5,89052
2021-06-11 09:25:25,999.25,91688
2021-06-11 09:25:26,999.25,91688
2021-06-11 09:25:27,999.5,91788
2021-06-11 09:25:28,999.5,91818
2021-06-11 09:25:28,999.5,92485
2021-06-11 09:25:30,999.5,92796
2021-06-11 09:25:31,999.3,92955
2021-06-11 09:25:32,999.3,92995
2021-06-11 09:25:33,999.95,93357
2021-06-11 09:25:34,999.95,93357
2021-06-11 09:25:35,1000.0,93425
2021-06-11 09:25:36,1000.0,93552
2021-06-11 09:25:37,1000.0,93778
2021-06-11 09:25:37,1000.0,93828
2021-06-11 09:25:39,1000.0,93828
2021-06-11 09:25:40,1000.0,93828
2021-06-11 09:25:41,1000.2,93840
2021-06-11 09:25:42,1000.2,93840
2021-06-11 09:25:43,1000.2,93840
2021-06-11 09:25:43,1000.2,93840
2021-06-11 09:25:44,1000.65,94040
2021-06-11 09:25:45,1000.65,94040
2021-06-11 09:25:46,1000.2,94101
2021-06-11 09:25:47,1000.6,94121
2021-06-11 09:25:48,1000.75,94221
2021-06-11 09:25:49,1000.4,98506
2021-06-11 09:25:50,1000.4,98506
2021-06-11 09:25:51,1000.0,98516
2021-06-11 09:25:52,1000.0,98516
2021-06-11 09:25:54,999.8,98638
2021-06-11 09:25:55,1000.0,98928
2021-06-11 09:25:55,999.75,99024
2021-06-11 09:25:56,1000.0,99096
2021-06-11 09:25:57,1000.2,99100
2021-06-11 09:25:58,999.8,99154
2021-06-11 09:25:59,1000.0,99404
2021-06-11 09:26:00,1000.0,99404
2021-06-11 09:26:02,1000.2,99494
2021-06-11 09:26:03,1000.0,99531
2021-06-11 09:26:04,1000.0,99540
2021-06-11 09:26:05,999.8,99617
2021-06-11 09:26:06,999.8,99637
2021-06-11 09:26:07,999.8,99642
2021-06-11 09:26:08,1000.35,100168
2021-06-11 09:26:09,1000.35,100168
2021-06-11 09:26:10,1000.35,100168
2021-06-11 09:26:11,1000.55,100170
2021-06-11 09:26:12,1000.55,100170
2021-06-11 09:26:13,1000.55,100170
2021-06-11 09:26:14,1000.0,100320
2021-06-11 09:26:15,1000.0,100320
2021-06-11 09:26:16,1000.55,100381
2021-06-11 09:26:17,1000.05,100391
2021-06-11 09:26:18,1000.05,100391
2021-06-11 09:26:19,1000.05,100433
2021-06-11 09:26:20,1000.5,100435
2021-06-11 09:26:21,1000.5,100443
2021-06-11 09:26:23,1000.0,100444
2021-06-11 09:26:24,1000.0,100444
2021-06-11 09:26:25,1000.5,100455
2021-06-11 09:26:26,1000.5,100455
2021-06-11 09:26:27,1000.5,100510
2021-06-11 09:26:28,1000.5,100510
2021-06-11 09:26:29,1000.5,100510
2021-06-11 09:26:30,1000.35,100560
2021-06-11 09:26:32,1000.0,100600
2021-06-11 09:26:33,1000.0,100600
2021-06-11 09:26:34,1000.4,100601
2021-06-11 09:26:35,1000.4,100601
2021-06-11 09:26:36,1000.0,100831
2021-06-11 09:26:36,1000.4,100855
2021-06-11 09:26:37,1000.4,100855
2021-06-11 09:26:38,1000.4,100856
2021-06-11 09:26:39,1000.4,100856
2021-06-11 09:26:40,1000.4,100856
2021-06-11 09:26:41,1000.4,100856
2021-06-11 09:26:42,1000.4,100919
2021-06-11 09:26:43,1000.4,100919
2021-06-11 09:26:44,1000.4,100919
2021-06-11 09:26:45,1000.5,100929
2021-06-11 09:26:46,1000.4,100951
2021-06-11 09:26:47,1000.4,100951
2021-06-11 09:26:48,1000.0,100980
2021-06-11 09:26:49,1000.0,100980
2021-06-11 09:26:50,1000.0,100980
2021-06-11 09:26:51,1000.0,100980
2021-06-11 09:26:52,1000.0,100980
2021-06-11 09:26:53,1000.5,100981
2021-06-11 09:26:54,1000.5,100981
2021-06-11 09:26:55,1000.0,101036
2021-06-11 09:26:56,1000.5,101116
2021-06-11 09:26:57,1000.5,101131
2021-06-11 09:26:58,1000.5,101131
2021-06-11 09:26:59,1000.5,101163
2021-06-11 09:27:00,1000.5,101163
2021-06-11 09:27:01,1000.1,101203
2021-06-11 09:27:03,1000.1,101203
2021-06-11 09:27:03,1000.1,101203
2021-06-11 09:27:04,1000.5,101206
2021-06-11 09:27:05,1000.5,101206
2021-06-11 09:27:06,1000.5,101206
2021-06-11 09:27:07,1000.5,101206
2021-06-11 09:27:08,1000.15,101208
2021-06-11 09:27:10,1000.15,101208
2021-06-11 09:27:10,1000.5,101213
2021-06-11 09:27:11,1000.5,101238
2021-06-11 09:27:12,1000.5,101238
2021-06-11 09:27:13,1000.25,101273
2021-06-11 09:27:14,1000.5,101373
2021-06-11 09:27:15,1000.5,101373
2021-06-11 09:27:16,1000.5,101504
2021-06-11 09:27:17,1000.5,101514
2021-06-11 09:27:18,1000.5,101514
2021-06-11 09:27:19,1000.5,101524
2021-06-11 09:27:20,1000.5,101524
2021-06-11 09:27:21,1000.5,101526
2021-06-11 09:27:22,1000.5,101526
2021-06-11 09:27:23,1000.5,101526
2021-06-11 09:27:25,1000.8,102802
2021-06-11 09:27:26,1000.45,102902
2021-06-11 09:27:27,1000.95,103102
2021-06-11 09:27:28,1000.3,103171
2021-06-11 09:27:29,1000.2,103928
2021-06-11 09:27:30,1000.2,103928
2021-06-11 09:27:31,999.5,106410
2021-06-11 09:27:33,1000.15,106509
2021-06-11 09:27:34,999.55,106605
2021-06-11 09:27:35,1000.0,106701
2021-06-11 09:27:37,1000.0,106744
2021-06-11 09:27:38,1000.0,106744
2021-06-11 09:27:39,1000.0,106751
2021-06-11 09:27:40,1000.0,106751
2021-06-11 09:27:41,1000.0,106751
2021-06-11 09:27:42,1000.15,106801
2021-06-11 09:27:43,1000.15,106801
2021-06-11 09:27:44,1000.0,106887
2021-06-11 09:27:45,1000.0,106887
2021-06-11 09:27:45,1000.0,106887
2021-06-11 09:27:46,1000.0,106928
2021-06-11 09:27:47,1000.0,106928
2021-06-11 09:27:48,1000.0,106928
2021-06-11 09:27:49,1000.15,107310
2021-06-11 09:27:50,1000.15,107310
2021-06-11 09:27:52,1000.0,107315
2021-06-11 09:27:53,1000.0,107315
2021-06-11 09:27:54,999.45,108065
2021-06-11 09:27:54,999.7,108067
2021-06-11 09:27:55,999.7,108072
2021-06-11 09:27:56,999.7,108073
2021-06-11 09:27:57,999.7,108117
2021-06-11 09:28:00,999.05,108811
2021-06-11 09:28:01,999.05,108851
2021-06-11 09:28:02,999.05,108851
2021-06-11 09:28:03,999.45,108873
2021-06-11 09:28:04,999.6,108891
2021-06-11 09:28:05,999.45,108907
2021-06-11 09:28:06,999.7,108966
2021-06-11 09:28:07,999.7,108981
2021-06-11 09:28:08,999.7,108984
2021-06-11 09:28:09,998.3,109221
2021-06-11 09:28:11,998.95,109281
2021-06-11 09:28:12,998.95,109296
2021-06-11 09:28:12,998.95,109299
2021-06-11 09:28:13,998.95,109360
2021-06-11 09:28:14,998.9,109395
2021-06-11 09:28:15,998.35,109445
2021-06-11 09:28:16,999.0,110445
2021-06-11 09:28:17,999.3,111245
2021-06-11 09:28:18,999.3,111255
2021-06-11 09:28:19,999.7,111257
2021-06-11 09:28:21,1000.1,111357
2021-06-11 09:28:22,1000.1,111357
2021-06-11 09:28:23,1000.1,111357
2021-06-11 09:28:24,1000.1,111357
2021-06-11 09:28:25,1000.1,111365
2021-06-11 09:28:26,1000.0,111368
2021-06-11 09:28:27,1000.1,111434
2021-06-11 09:28:28,1000.1,111466
2021-06-11 09:28:29,1000.1,111476
2021-06-11 09:28:30,1000.1,111476
2021-06-11 09:28:32,1000.1,111548
2021-06-11 09:28:33,1000.1,111548
2021-06-11 09:28:34,1000.0,111711
2021-06-11 09:28:34,1000.0,111711
2021-06-11 09:28:36,1000.1,111722
2021-06-11 09:28:36,1000.1,111722
2021-06-11 09:28:37,1000.1,111722
2021-06-11 09:28:38,1000.1,111722
2021-06-11 09:28:39,1000.1,111722
2021-06-11 09:28:40,1000.1,111722
2021-06-11 09:28:41,1000.15,111822
2021-06-11 09:28:42,1000.15,111822
2021-06-11 09:28:43,1000.15,111826
2021-06-11 09:28:45,1000.15,111826
2021-06-11 09:28:46,1000.15,111826
2021-06-11 09:28:47,1000.1,111868
2021-06-11 09:28:48,1000.1,111869
2021-06-11 09:28:49,1000.0,111969
2021-06-11 09:28:50,1000.0,111969
2021-06-11 09:28:51,1000.0,112029
2021-06-11 09:28:52,1000.0,112044
2021-06-11 09:28:53,1000.0,112048
2021-06-11 09:28:54,1000.0,112049
2021-06-11 09:28:55,1000.0,112049
2021-06-11 09:28:56,1000.05,112050
2021-06-11 09:28:57,1000.0,112063
2021-06-11 09:28:58,999.5,112238
2021-06-11 09:28:59,999.4,112331
2021-06-11 09:29:00,999.45,112332
2021-06-11 09:29:01,999.4,112356
2021-06-11 09:29:02,999.1,112896
2021-06-11 09:29:03,999.1,112896
2021-06-11 09:29:04,999.1,112955
2021-06-11 09:29:05,999.1,112955
2021-06-11 09:29:06,999.4,113054
2021-06-11 09:29:07,999.4,113079
2021-06-11 09:29:08,999.4,113100
2021-06-11 09:29:09,999.35,113105
2021-06-11 09:29:10,999.35,113106
2021-06-11 09:29:11,999.35,113107
2021-06-11 09:29:12,999.35,113107
2021-06-11 09:29:13,999.3,113127
2021-06-11 09:29:13,999.3,113132
2021-06-11 09:29:15,999.3,113133
2021-06-11 09:29:15,999.3,113133
2021-06-11 09:29:16,999.0,113174
2021-06-11 09:29:18,999.0,113174
2021-06-11 09:29:18,999.0,113174
2021-06-11 09:29:19,999.0,113174
2021-06-11 09:29:20,999.3,113210
2021-06-11 09:29:21,999.3,113219
2021-06-11 09:29:23,999.3,113221
2021-06-11 09:29:24,999.3,113221
2021-06-11 09:29:25,999.3,113221
2021-06-11 09:29:26,999.3,113221
2021-06-11 09:29:27,999.3,113221
2021-06-11 09:29:27,999.3,113221
2021-06-11 09:29:28,999.3,113221
2021-06-11 09:29:29,999.3,113226
2021-06-11 09:29:30,999.3,113238
2021-06-11 09:29:31,999.0,113281
2021-06-11 09:29:32,999.0,113281
2021-06-11 09:29:33,999.0,113282
2021-06-11 09:29:35,999.3,113292
2021-06-11 09:29:36,999.3,113298
2021-06-11 09:29:37,999.3,113301
2021-06-11 09:29:38,999.0,113336
2021-06-11 09:29:39,999.0,113336
2021-06-11 09:29:39,999.0,113336
2021-06-11 09:29:40,999.0,113336
2021-06-11 09:29:42,999.25,113345
2021-06-11 09:29:43,999.45,113804
2021-06-11 09:29:44,999.8,113834
2021-06-11 09:29:45,999.3,113854
2021-06-11 09:29:46,999.3,113895
2021-06-11 09:29:47,999.3,113895
2021-06-11 09:29:48,999.3,113895
2021-06-11 09:29:49,999.3,113930
2021-06-11 09:29:50,999.7,113980
2021-06-11 09:29:51,999.7,113980
2021-06-11 09:29:52,999.2,114080
2021-06-11 09:29:53,999.2,114080
2021-06-11 09:29:54,999.2,114090
2021-06-11 09:29:55,999.2,114090
2021-06-11 09:29:56,999.2,114090
2021-06-11 09:29:57,999.2,114090
2021-06-11 09:29:58,999.2,114090
2021-06-11 09:29:58,999.2,114090
2021-06-11 09:30:00,999.4,114091
2021-06-11 09:30:01,998.6,114441
2021-06-11 09:30:02,999.0,114448
2021-06-11 09:30:03,998.65,114484
2021-06-11 09:30:04,999.0,114534
2021-06-11 09:30:05,999.0,114543
2021-06-11 09:30:06,999.0,114543
2021-06-11 09:30:06,999.0,114543
2021-06-11 09:30:07,999.0,114544
2021-06-11 09:30:08,999.0,114544
2021-06-11 09:30:09,999.0,114545
2021-06-11 09:30:10,998.55,114645
2021-06-11 09:30:11,998.55,114645
2021-06-11 09:30:12,998.55,114645
2021-06-11 09:30:16,999.0,114747
2021-06-11 09:30:17,999.0,114747
2021-06-11 09:30:19,998.5,114749
2021-06-11 09:30:20,999.25,114773
2021-06-11 09:30:22,999.25,114773
2021-06-11 09:30:23,999.25,114773
2021-06-11 09:30:24,999.25,114773
2021-06-11 09:30:25,999.0,114810
2021-06-11 09:30:26,999.0,114810
2021-06-11 09:30:27,999.0,114820
2021-06-11 09:30:28,999.0,114882
2021-06-11 09:30:29,998.55,114962
2021-06-11 09:30:30,998.55,114962
2021-06-11 09:30:31,998.55,114962
2021-06-11 09:30:32,998.55,114995
2021-06-11 09:30:33,998.85,115013
2021-06-11 09:30:34,998.85,115013
2021-06-11 09:30:35,998.85,115013
2021-06-11 09:30:36,998.5,115023
2021-06-11 09:30:37,998.5,115023
2021-06-11 09:30:38,998.5,115023
2021-06-11 09:30:39,998.4,115742
2021-06-11 09:30:40,999.15,116267
2021-06-11 09:30:41,999.2,116353
2021-06-11 09:30:42,999.2,116353
2021-06-11 09:30:43,998.65,116417
2021-06-11 09:30:44,998.65,116417
2021-06-11 09:30:45,998.65,116417
2021-06-11 09:30:46,998.65,116458
2021-06-11 09:30:47,998.65,116458
2021-06-11 09:30:48,999.0,116460
2021-06-11 09:30:50,998.55,116970
2021-06-11 09:30:51,998.55,116970
2021-06-11 09:30:52,998.65,117070
2021-06-11 09:30:53,998.45,117150
2021-06-11 09:30:54,998.45,117150
2021-06-11 09:30:55,998.45,117150
2021-06-11 09:30:56,998.55,117156
2021-06-11 09:30:57,998.55,117156
2021-06-11 09:30:58,998.25,117256
2021-06-11 09:30:59,998.55,117513
2021-06-11 09:31:00,998.55,117513
2021-06-11 09:31:01,998.6,117553
2021-06-11 09:31:02,999.0,117573
2021-06-11 09:31:04,999.0,117573
2021-06-11 09:31:05,999.0,117573
2021-06-11 09:31:06,999.0,117573
2021-06-11 09:31:06,999.0,117573
2021-06-11 09:31:08,999.0,117573
2021-06-11 09:31:09,999.0,117573
2021-06-11 09:31:10,998.6,117578
2021-06-11 09:31:11,998.6,117578
2021-06-11 09:31:12,998.6,117578
2021-06-11 09:31:13,998.6,117578
2021-06-11 09:31:14,998.6,117578
2021-06-11 09:31:15,998.6,117598
2021-06-11 09:31:16,998.75,117599
2021-06-11 09:31:17,998.6,117640
2021-06-11 09:31:18,998.5,117738
2021-06-11 09:31:19,998.8,117758
2021-06-11 09:31:20,998.8,117758
2021-06-11 09:31:21,998.8,117758
2021-06-11 09:31:22,998.8,117758
2021-06-11 09:31:23,998.8,117758
2021-06-11 09:31:24,999.0,117858
2021-06-11 09:31:25,999.0,117858
2021-06-11 09:31:26,998.4,118008
2021-06-11 09:31:27,998.4,118008
2021-06-11 09:31:28,998.4,118008
2021-06-11 09:31:29,998.4,118008
2021-06-11 09:31:30,998.4,118008
2021-06-11 09:31:31,998.4,118008
2021-06-11 09:31:32,998.3,118048
2021-06-11 09:31:33,998.3,118048
2021-06-11 09:31:34,998.3,118058
2021-06-11 09:31:35,998.3,118121
2021-06-11 09:31:36,998.3,118121
2021-06-11 09:31:37,998.3,118121
2021-06-11 09:31:38,998.8,118254
2021-06-11 09:31:39,998.8,118254
2021-06-11 09:31:40,998.8,118254
2021-06-11 09:31:41,998.8,118254
2021-06-11 09:31:42,998.8,118254
2021-06-11 09:31:42,998.8,118254
2021-06-11 09:31:44,998.8,118254
2021-06-11 09:31:45,998.8,118254
2021-06-11 09:31:46,998.8,118295
2021-06-11 09:31:47,998.8,118296
2021-06-11 09:31:48,998.8,118296
2021-06-11 09:31:49,998.8,118396
2021-06-11 09:31:50,998.95,118406
2021-06-11 09:31:50,998.95,118406
2021-06-11 09:31:51,999.6,119596
2021-06-11 09:31:52,999.6,119596
2021-06-11 09:31:53,999.6,119596
2021-06-11 09:31:55,999.6,119606
2021-06-11 09:31:56,999.6,119607
2021-06-11 09:31:57,999.6,119607
2021-06-11 09:31:58,999.6,119607
2021-06-11 09:31:58,999.6,119607
2021-06-11 09:31:59,999.6,119607
2021-06-11 09:32:00,999.6,119607
2021-06-11 09:32:02,999.45,119647
2021-06-11 09:32:03,999.6,119648
2021-06-11 09:32:04,999.6,119648
2021-06-11 09:32:05,999.6,119648
2021-06-11 09:32:06,999.8,119798
2021-06-11 09:32:08,999.9,119799
2021-06-11 09:32:09,999.9,119799
2021-06-11 09:32:10,999.9,119799
2021-06-11 09:32:11,1000.0,120219
2021-06-11 09:32:12,1000.0,120219
2021-06-11 09:32:13,1000.0,120219
2021-06-11 09:32:14,1000.0,120259
2021-06-11 09:32:15,1000.0,120261
2021-06-11 09:32:16,999.8,120302
2021-06-11 09:32:17,999.8,120302
2021-06-11 09:32:19,999.8,120302
2021-06-11 09:32:20,1000.0,120469
2021-06-11 09:32:21,1000.0,120469
2021-06-11 09:32:22,1000.0,120469
2021-06-11 09:32:23,1000.0,120469
2021-06-11 09:32:24,1000.0,120469
2021-06-11 09:32:25,1000.05,120549
2021-06-11 09:32:27,999.9,120554
2021-06-11 09:32:28,999.9,120554
2021-06-11 09:32:29,999.9,120554
2021-06-11 09:32:30,1000.05,120584
2021-06-11 09:32:31,1000.0,120624
2021-06-11 09:32:32,1000.05,120626
2021-06-11 09:32:34,1000.05,120656
2021-06-11 09:32:35,1000.05,120656
2021-06-11 09:32:36,1000.05,120656
2021-06-11 09:32:37,1000.0,120716
2021-06-11 09:32:38,1000.0,120721
2021-06-11 09:32:39,1000.4,120747
2021-06-11 09:32:40,1000.4,120747
2021-06-11 09:32:41,1000.4,120747
2021-06-11 09:32:42,1000.25,120972
2021-06-11 09:32:45,1000.35,120997
2021-06-11 09:32:46,1000.05,121048
2021-06-11 09:32:47,1000.05,121048
2021-06-11 09:32:48,1000.05,121048
2021-06-11 09:32:49,1000.05,121048
2021-06-11 09:32:50,1000.05,121048
2021-06-11 09:32:51,1000.05,121048
2021-06-11 09:32:51,1000.05,121048
2021-06-11 09:32:54,1000.05,121048
2021-06-11 09:32:56,1000.1,121135
2021-06-11 09:32:57,1000.1,121137
2021-06-11 09:32:58,1000.1,121137
2021-06-11 09:32:59,1000.05,121138
2021-06-11 09:33:00,1000.05,121138
2021-06-11 09:33:01,1000.05,121178
2021-06-11 09:33:03,1000.1,121180
2021-06-11 09:33:02,1000.1,121180
2021-06-11 09:33:04,1000.1,121180
2021-06-11 09:33:05,1000.1,121182
2021-06-11 09:33:06,1000.1,121182
2021-06-11 09:33:07,1000.1,121182
2021-06-11 09:33:08,1000.1,121182
2021-06-11 09:33:09,1000.1,121187
2021-06-11 09:33:10,1000.1,121189
2021-06-11 09:33:11,1000.1,121194
2021-06-11 09:33:12,1000.5,121196
2021-06-11 09:33:14,1000.5,121196
2021-06-11 09:33:16,1000.1,121209
2021-06-11 09:33:15,1000.1,121209
2021-06-11 09:33:18,1000.45,121305
2021-06-11 09:33:19,1000.05,121306
2021-06-11 09:33:20,999.6,122387
2021-06-11 09:33:21,999.6,122387
2021-06-11 09:33:22,999.6,122387
2021-06-11 09:33:23,999.2,122397
2021-06-11 09:33:24,999.05,122447
2021-06-11 09:33:25,999.05,122447
2021-06-11 09:33:26,999.05,122452
2021-06-11 09:33:27,999.05,122452
2021-06-11 09:33:28,999.0,122495
2021-06-11 09:33:29,999.0,122495
2021-06-11 09:33:30,999.0,122495
2021-06-11 09:33:31,999.15,122513
2021-06-11 09:33:32,999.15,122513
2021-06-11 09:33:33,998.9,122535
2021-06-11 09:33:34,998.9,122535
2021-06-11 09:33:35,998.9,122535
2021-06-11 09:33:36,998.9,122535
2021-06-11 09:33:37,998.9,122535
2021-06-11 09:33:38,999.15,122565
2021-06-11 09:33:39,999.15,122565
2021-06-11 09:33:40,999.15,122565
2021-06-11 09:33:41,999.15,122565
2021-06-11 09:33:42,999.15,122565
2021-06-11 09:33:43,999.15,122565
2021-06-11 09:33:44,999.15,122570
2021-06-11 09:33:45,999.15,122570
2021-06-11 09:33:46,999.0,122621
2021-06-11 09:33:47,999.0,122621
2021-06-11 09:33:48,999.0,122621
2021-06-11 09:33:49,999.15,122624
2021-06-11 09:33:50,999.15,122624
2021-06-11 09:33:51,999.15,122624
2021-06-11 09:33:52,999.15,122626
2021-06-11 09:33:53,999.15,122626
2021-06-11 09:33:54,999.15,122636
2021-06-11 09:33:55,999.15,122636
2021-06-11 09:33:56,999.15,122636
2021-06-11 09:33:57,999.15,122636
2021-06-11 09:33:58,999.15,122636
2021-06-11 09:33:59,999.15,122636
2021-06-11 09:34:00,999.15,122636
2021-06-11 09:34:01,999.0,122676
2021-06-11 09:34:02,999.0,122676
2021-06-11 09:34:03,999.0,122676
2021-06-11 09:34:04,999.0,122676
2021-06-11 09:34:05,999.15,122677
2021-06-11 09:34:06,999.15,122677
2021-06-11 09:34:07,999.0,122922
2021-06-11 09:34:08,999.0,122922
2021-06-11 09:34:10,999.0,122922
2021-06-11 09:34:09,999.0,122922
2021-06-11 09:34:11,999.0,122922
2021-06-11 09:34:12,998.9,122973
2021-06-11 09:34:13,998.9,123131
2021-06-11 09:34:14,998.9,123131
2021-06-11 09:34:15,998.9,123268
2021-06-11 09:34:16,998.9,123313
2021-06-11 09:34:17,998.9,123313
2021-06-11 09:34:18,998.9,123383
2021-06-11 09:34:19,998.9,123383
2021-06-11 09:34:20,998.9,123388
2021-06-11 09:34:21,998.9,123388
2021-06-11 09:34:22,998.9,123388
2021-06-11 09:34:23,998.9,123388
2021-06-11 09:34:24,998.9,123388
2021-06-11 09:34:25,998.9,123388
2021-06-11 09:34:26,998.9,123388
2021-06-11 09:34:27,998.9,123388
2021-06-11 09:34:28,998.9,123398
2021-06-11 09:34:29,998.9,123398
2021-06-11 09:34:31,998.7,123439
2021-06-11 09:34:32,998.9,123479
2021-06-11 09:34:33,998.9,123479
2021-06-11 09:34:35,998.9,123513
2021-06-11 09:34:34,998.9,123513
2021-06-11 09:34:36,998.9,123513
2021-06-11 09:34:37,998.9,123513
2021-06-11 09:34:39,998.9,123513
2021-06-11 09:34:38,998.9,123513
2021-06-11 09:34:40,998.9,123513
2021-06-11 09:34:42,999.05,123515
2021-06-11 09:34:43,999.0,123625
2021-06-11 09:34:44,999.15,123626
2021-06-11 09:34:45,999.0,123628
2021-06-11 09:34:46,999.0,123668
2021-06-11 09:34:47,999.0,123668
2021-06-11 09:34:48,999.15,123673
2021-06-11 09:34:49,999.15,123673
2021-06-11 09:34:50,999.15,123673
2021-06-11 09:34:51,999.0,123686
2021-06-11 09:34:52,999.0,123686
2021-06-11 09:34:53,999.0,123686
2021-06-11 09:34:55,999.0,123696
2021-06-11 09:34:56,999.0,123696
2021-06-11 09:34:57,999.7,123746
2021-06-11 09:34:58,999.0,123747
2021-06-11 09:34:59,999.0,123747
2021-06-11 09:35:00,999.0,123747
2021-06-11 09:35:01,999.95,124288
2021-06-11 09:35:02,999.3,124289
2021-06-11 09:35:03,999.3,124289
2021-06-11 09:35:04,999.9,124294
2021-06-11 09:35:05,999.9,124294
2021-06-11 09:35:06,999.9,124294
2021-06-11 09:35:07,999.9,124294
2021-06-11 09:35:08,999.9,124294
2021-06-11 09:35:09,999.9,124314
2021-06-11 09:35:10,999.9,124314
2021-06-11 09:35:11,999.9,124314
2021-06-11 09:35:13,999.9,124314
2021-06-11 09:35:14,999.5,124382
2021-06-11 09:35:14,999.5,124382
2021-06-11 09:35:15,999.7,124432
2021-06-11 09:35:16,999.45,124470
2021-06-11 09:35:17,999.45,124470
2021-06-11 09:35:18,999.45,124492
2021-06-11 09:35:19,999.45,124492
2021-06-11 09:35:21,999.3,124615
2021-06-11 09:35:22,999.0,124715
2021-06-11 09:35:22,999.0,124715
2021-06-11 09:35:24,999.45,124776
2021-06-11 09:35:26,999.0,124876
2021-06-11 09:35:27,999.0,124876
2021-06-11 09:35:28,999.0,124876
2021-06-11 09:35:30,999.0,124877
2021-06-11 09:35:31,999.0,124928
2021-06-11 09:35:32,999.0,124928
2021-06-11 09:35:32,999.0,124928
2021-06-11 09:35:33,999.0,124928
2021-06-11 09:35:34,999.4,124978
2021-06-11 09:35:35,999.4,124978
2021-06-11 09:35:36,999.0,124996
2021-06-11 09:35:38,999.0,124996
2021-06-11 09:35:38,999.0,124996
2021-06-11 09:35:39,999.0,124996
2021-06-11 09:35:40,999.0,125294
2021-06-11 09:35:41,999.0,125294
2021-06-11 09:35:43,999.0,125294
2021-06-11 09:35:43,999.0,125294
2021-06-11 09:35:44,999.0,125294
2021-06-11 09:35:45,999.0,125294
2021-06-11 09:35:46,998.8,125344
2021-06-11 09:35:47,999.0,125352
2021-06-11 09:35:48,999.0,125422
2021-06-11 09:35:50,999.0,125427
2021-06-11 09:35:51,999.0,125427
2021-06-11 09:35:52,999.0,125427
2021-06-11 09:35:53,999.0,125437
2021-06-11 09:35:53,999.0,125437
2021-06-11 09:35:54,999.0,125437
2021-06-11 09:35:55,999.0,125437
2021-06-11 09:35:56,999.0,125441
2021-06-11 09:35:57,999.0,125441
2021-06-11 09:35:58,999.0,125444
2021-06-11 09:36:00,999.0,125454
2021-06-11 09:36:01,998.75,125478
2021-06-11 09:36:02,998.75,125480
2021-06-11 09:36:04,999.0,125545
2021-06-11 09:36:04,998.75,125566
2021-06-11 09:36:05,998.75,125566
2021-06-11 09:36:06,998.75,125566
2021-06-11 09:36:07,998.75,125566
2021-06-11 09:36:08,998.75,125566
2021-06-11 09:36:10,998.75,125566
2021-06-11 09:36:11,998.7,125567
2021-06-11 09:36:13,998.7,125567
2021-06-11 09:36:13,998.7,125567
2021-06-11 09:36:14,998.7,125632
2021-06-11 09:36:15,998.7,125632
2021-06-11 09:36:16,998.7,125672
2021-06-11 09:36:18,998.7,125672
2021-06-11 09:36:18,998.7,125672
2021-06-11 09:36:19,998.7,125679
2021-06-11 09:36:20,998.7,125689
2021-06-11 09:36:22,998.75,125715
2021-06-11 09:36:24,998.8,125725
2021-06-11 09:36:24,998.8,125725
2021-06-11 09:36:25,998.7,125735
2021-06-11 09:36:26,998.7,125742
2021-06-11 09:36:27,998.25,127297
2021-06-11 09:36:28,998.1,127357
2021-06-11 09:36:29,998.1,127357
2021-06-11 09:36:30,998.1,127357
2021-06-11 09:36:32,998.1,127408
2021-06-11 09:36:33,998.1,127408
2021-06-11 09:36:33,998.1,127408
2021-06-11 09:36:34,998.1,127418
2021-06-11 09:36:35,998.1,127418
2021-06-11 09:36:39,998.1,127438
2021-06-11 09:36:44,998.35,127457
2021-06-11 09:36:50,998.55,127538
2021-06-11 09:36:55,998.1,127746
2021-06-11 09:37:00,998.05,128025
2021-06-11 09:37:05,998.55,128076
2021-06-11 09:37:10,998.9,128576
2021-06-11 09:37:16,998.35,128678
2021-06-11 09:37:21,998.15,128701
2021-06-11 09:37:27,998.8,129201
2021-06-11 09:37:32,998.3,129309
2021-06-11 09:37:38,998.9,129353
2021-06-11 09:37:43,998.65,129615
2021-06-11 09:37:48,998.55,129655
2021-06-11 09:37:54,998.55,129655
2021-06-11 09:37:59,999.0,131635
2021-06-11 09:38:04,998.75,131825
2021-06-11 09:38:09,998.7,132064
2021-06-11 09:38:14,998.8,132147
2021-06-11 09:38:19,998.8,132201
2021-06-11 09:38:25,999.0,132226
2021-06-11 09:38:29,998.9,132279
2021-06-11 09:38:34,998.6,132351
2021-06-11 09:38:39,998.9,132377
2021-06-11 09:38:44,998.9,132377
2021-06-11 09:38:49,998.9,132418
2021-06-11 09:38:55,998.6,132425
2021-06-11 09:39:00,998.6,132425
2021-06-11 09:39:05,998.6,132583
2021-06-11 09:39:10,998.65,132591
2021-06-11 09:39:16,998.2,133508
2021-06-11 09:39:21,998.45,133568
2021-06-11 09:39:26,998.45,133610
2021-06-11 09:39:31,998.2,133677
2021-06-11 09:39:36,998.45,133727
2021-06-11 09:39:41,998.2,133751
2021-06-11 09:39:46,998.2,133792
2021-06-11 09:39:51,998.45,133797
2021-06-11 09:39:57,998.2,133822
2021-06-11 09:40:02,997.8,136699
2021-06-11 09:40:08,997.0,138141
2021-06-11 09:40:12,997.2,138325
2021-06-11 09:40:17,997.0,138371
2021-06-11 09:40:23,997.0,138574
2021-06-11 09:40:28,997.0,141080
2021-06-11 09:40:33,996.05,142157
2021-06-11 09:40:38,996.35,143377
2021-06-11 09:40:43,996.25,143429
2021-06-11 09:40:48,995.95,143666
2021-06-11 09:40:57,995.95,143922
2021-06-11 09:41:02,995.5,145110
2021-06-11 09:41:07,995.9,145655
2021-06-11 09:41:12,995.55,145965
2021-06-11 09:41:17,995.5,146177
2021-06-11 09:41:23,995.55,146402
2021-06-11 09:41:27,995.55,146530
2021-06-11 09:41:32,995.55,146688
2021-06-11 09:41:37,996.15,147867
2021-06-11 09:41:43,996.4,148098
2021-06-11 09:41:48,996.45,148157
2021-06-11 09:41:52,996.4,148172
2021-06-11 09:41:57,996.5,148667
2021-06-11 09:42:02,996.5,148879
2021-06-11 09:42:07,996.45,148937
2021-06-11 09:42:12,996.4,149038
2021-06-11 09:42:17,996.35,149087
2021-06-11 09:42:22,996.35,149293
2021-06-11 09:42:27,996.6,149394
2021-06-11 09:42:32,996.05,149438
2021-06-11 09:42:37,996.5,149459
2021-06-11 09:42:42,996.05,149500
2021-06-11 09:42:51,996.15,149665
2021-06-11 09:42:56,996.2,149695
2021-06-11 09:43:01,996.05,149798
2021-06-11 09:43:05,996.05,149839
2021-06-11 09:43:10,996.05,150062
2021-06-11 09:43:14,996.05,150102
2021-06-11 09:43:19,996.05,150155
2021-06-11 09:43:24,996.05,150178
2021-06-11 09:43:29,996.15,150514
2021-06-11 09:43:34,996.1,150557
2021-06-11 09:43:40,996.75,151068
2021-06-11 09:43:45,996.25,151076
2021-06-11 09:43:49,996.25,151117
2021-06-11 09:43:54,996.1,151240
2021-06-11 09:43:59,996.0,152794
2021-06-11 09:44:03,995.65,152977
2021-06-11 09:44:08,995.75,153039
2021-06-11 09:44:13,996.2,153319
2021-06-11 09:44:18,996.55,153388
2021-06-11 09:44:23,996.05,153460
2021-06-11 09:44:28,996.05,153465
2021-06-11 09:44:33,996.05,153586
2021-06-11 09:44:38,996.55,153638
2021-06-11 09:44:42,996.05,153695
2021-06-11 09:44:47,996.05,153740
2021-06-11 09:44:52,996.5,153755
2021-06-11 09:44:57,997.0,153785
2021-06-11 09:45:02,996.25,153925
2021-06-11 09:45:07,996.85,153932
2021-06-11 09:45:12,996.85,153942
2021-06-11 09:45:16,996.85,153995
2021-06-11 09:45:21,996.45,154001
2021-06-11 09:45:26,996.45,154012
2021-06-11 09:45:35,996.65,154091
2021-06-11 09:45:40,996.85,154097
2021-06-11 09:45:44,997.0,154145
2021-06-11 09:45:49,996.65,154196
2021-06-11 09:45:54,996.85,154803
2021-06-11 09:46:04,996.8,154918
2021-06-11 09:46:08,996.8,154925
2021-06-11 09:46:13,996.75,155368
2021-06-11 09:46:18,996.55,155451
2021-06-11 09:46:22,996.55,155451
2021-06-11 09:46:27,996.75,155477
2021-06-11 09:46:32,996.55,155640
2021-06-11 09:46:36,996.75,155776
2021-06-11 09:46:41,996.5,155791
2021-06-11 09:46:46,996.85,156099
2021-06-11 09:46:51,996.5,156157
2021-06-11 09:46:55,996.5,156272
2021-06-11 09:47:00,996.5,156461
2021-06-11 09:47:04,996.85,156508
2021-06-11 09:47:09,996.85,156563
2021-06-11 09:47:14,996.85,156563
2021-06-11 09:47:18,997.0,156672
2021-06-11 09:47:22,996.9,156712
2021-06-11 09:47:27,997.55,157529
2021-06-11 09:47:32,997.05,157621
2021-06-11 09:47:36,997.3,158140
2021-06-11 09:47:41,997.9,158173
2021-06-11 09:47:45,997.9,158241
2021-06-11 09:47:49,997.45,158294
2021-06-11 09:47:54,997.4,158305
2021-06-11 09:47:58,997.35,158326
2021-06-11 09:48:03,997.35,158451
2021-06-11 09:48:08,997.3,158556
2021-06-11 09:48:12,997.3,158576
2021-06-11 09:48:17,997.75,158634
2021-06-11 09:48:21,997.0,158648
2021-06-11 09:48:26,997.45,160183
2021-06-11 09:48:30,996.65,160278
2021-06-11 09:48:35,997.0,160350
2021-06-11 09:48:40,997.0,160368
2021-06-11 09:48:45,997.95,162418
2021-06-11 09:48:50,997.65,162755
2021-06-11 09:48:54,997.65,162766
2021-06-11 09:48:59,997.2,162823
2021-06-11 09:49:04,997.1,162863
2021-06-11 09:49:09,997.15,162968
2021-06-11 09:49:13,997.2,162998
2021-06-11 09:49:18,997.3,163174
2021-06-11 09:49:23,997.25,163185
2021-06-11 09:49:28,997.3,163201
2021-06-11 09:49:32,997.3,163225
2021-06-11 09:49:37,997.3,163269
2021-06-11 09:49:41,997.0,163837
2021-06-11 09:49:46,997.05,163903
2021-06-11 09:49:49,997.05,163903
2021-06-11 09:49:54,997.55,163956
2021-06-11 09:50:04,997.15,164134
2021-06-11 09:50:08,997.55,164197
2021-06-11 09:50:13,997.55,164210
2021-06-11 09:50:17,997.3,164268
2021-06-11 09:50:22,997.95,164380
2021-06-11 09:50:27,997.95,164380
2021-06-11 09:50:32,997.85,164504
2021-06-11 09:50:37,997.75,164511
2021-06-11 09:50:41,997.7,164536
2021-06-11 09:50:46,997.15,164643
2021-06-11 09:50:51,997.15,164643
2021-06-11 09:50:55,997.6,164644
2021-06-11 09:50:59,997.5,164691
2021-06-11 09:51:03,997.25,164756
2021-06-11 09:51:08,997.3,164757
2021-06-11 09:51:13,997.3,164757
2021-06-11 09:51:18,997.3,164833
2021-06-11 09:51:22,997.3,164833
2021-06-11 09:51:27,997.3,164833
2021-06-11 09:51:31,997.05,164933
2021-06-11 09:51:35,997.3,165000
2021-06-11 09:51:39,997.3,165000
2021-06-11 09:51:44,997.65,165002
2021-06-11 09:51:48,997.7,165255
2021-06-11 09:51:53,997.35,165268
2021-06-11 09:51:57,997.65,165278
2021-06-11 09:52:02,997.15,165344
2021-06-11 09:52:06,997.65,165734
2021-06-11 09:52:11,997.95,165744
2021-06-11 09:52:15,997.65,165764
2021-06-11 09:52:20,998.0,165924
2021-06-11 09:52:24,997.95,165926
2021-06-11 09:52:28,997.95,165954
2021-06-11 09:52:33,998.0,166071
2021-06-11 09:52:38,998.0,166072
2021-06-11 09:52:42,997.95,166082
2021-06-11 09:52:46,997.95,166145
2021-06-11 09:52:50,997.95,166145
2021-06-11 09:52:55,997.95,166146
2021-06-11 09:52:59,997.75,166196
2021-06-11 09:53:03,997.65,166542
2021-06-11 09:53:08,997.65,166542
2021-06-11 09:53:12,997.95,166592
2021-06-11 09:53:16,997.65,166633
2021-06-11 09:53:21,997.65,166658
2021-06-11 09:53:25,997.65,166673
2021-06-11 09:53:29,998.0,166688
2021-06-11 09:53:33,997.65,166694
2021-06-11 09:53:38,998.0,166736
2021-06-11 09:53:42,998.0,166762
2021-06-11 09:53:46,997.65,166802
2021-06-11 09:53:50,998.0,167002
2021-06-11 09:53:54,997.85,167053
2021-06-11 09:53:59,997.9,167136
2021-06-11 09:54:03,997.65,167202
2021-06-11 09:54:07,997.65,167202
2021-06-11 09:54:12,997.65,167237
2021-06-11 09:54:17,997.65,167277
2021-06-11 09:54:21,997.95,167419
2021-06-11 09:54:26,997.5,167425
2021-06-11 09:54:30,997.95,167435
2021-06-11 09:54:35,997.45,167477
2021-06-11 09:54:40,997.45,167477
2021-06-11 09:54:44,997.45,167512
2021-06-11 09:54:48,997.45,167557
2021-06-11 09:54:53,997.45,167557
2021-06-11 09:54:57,997.0,167573
2021-06-11 09:55:01,996.95,167829
2021-06-11 09:55:05,996.55,167870
2021-06-11 09:55:10,996.95,167875
2021-06-11 09:55:14,996.95,167956
2021-06-11 09:55:19,996.95,167998
2021-06-11 09:55:23,996.95,168128
2021-06-11 09:55:27,996.65,168130
2021-06-11 09:55:32,996.6,168181
2021-06-11 09:55:36,996.95,168200
2021-06-11 09:55:40,996.95,168200
2021-06-11 09:55:45,996.55,168280
2021-06-11 09:55:49,996.5,168320
2021-06-11 09:55:53,996.5,168361
2021-06-11 09:55:57,996.95,168422
2021-06-11 09:56:01,996.5,168543
2021-06-11 09:56:10,996.5,168614
2021-06-11 09:56:15,996.5,168614
2021-06-11 09:56:19,996.8,168683
2021-06-11 09:56:23,996.8,168683
2021-06-11 09:56:28,996.8,168683
2021-06-11 09:56:32,996.8,168735
2021-06-11 09:56:37,996.95,168740
2021-06-11 09:56:41,996.55,168765
2021-06-11 09:56:46,996.8,168867
2021-06-11 09:56:50,996.8,168912
2021-06-11 09:56:55,996.8,168952
2021-06-11 09:57:00,996.8,168967
2021-06-11 09:57:08,996.8,169010
2021-06-11 09:57:12,996.8,169160
2021-06-11 09:57:16,996.6,169399
2021-06-11 09:57:21,996.6,169399
2021-06-11 09:57:25,996.7,169401
2021-06-11 09:57:30,996.7,169401
2021-06-11 09:57:35,997.0,169467
2021-06-11 09:57:39,997.25,169573
2021-06-11 09:57:43,997.25,169573
2021-06-11 09:57:47,996.65,169601
2021-06-11 09:57:51,996.6,169614
2021-06-11 09:57:56,996.75,169664
2021-06-11 09:58:01,996.65,169719
2021-06-11 09:58:05,996.65,169780
2021-06-11 09:58:10,996.65,169800
2021-06-11 09:58:14,997.25,169801
2021-06-11 09:58:18,996.8,169891
2021-06-11 09:58:23,997.25,169896
2021-06-11 09:58:27,997.25,169896
2021-06-11 09:58:31,996.75,170057
2021-06-11 09:58:35,997.2,170074
2021-06-11 09:58:39,996.7,170127
2021-06-11 09:58:44,996.7,170127
2021-06-11 09:58:48,996.65,170189
2021-06-11 09:58:52,997.5,171189
2021-06-11 09:58:56,997.15,171295
2021-06-11 09:59:05,996.7,171338
2021-06-11 09:59:09,997.15,171349
2021-06-11 09:59:14,996.7,171351
2021-06-11 09:59:18,996.7,171391
2021-06-11 09:59:22,996.9,171413
2021-06-11 09:59:27,996.9,171443
2021-06-11 09:59:32,996.7,171484
2021-06-11 09:59:36,996.9,171488
2021-06-11 09:59:41,996.65,171510
2021-06-11 09:59:46,996.5,171553
2021-06-11 09:59:50,996.5,171583
2021-06-11 09:59:54,996.85,171584
2021-06-11 09:59:59,997.4,172584
2021-06-11 10:00:03,996.6,172656
2021-06-11 10:00:07,996.55,172681
2021-06-11 10:00:11,996.55,172681
2021-06-11 10:00:15,996.65,172707
2021-06-11 10:00:19,996.6,172747
2021-06-11 10:00:23,996.6,172747
2021-06-11 10:00:27,996.6,172747
2021-06-11 10:00:32,996.5,172788
2021-06-11 10:00:37,996.25,173090
2021-06-11 10:00:42,996.15,173148
2021-06-11 10:00:50,996.5,173320
2021-06-11 10:00:55,996.2,173376
2021-06-11 10:01:05,996.05,173487
2021-06-11 10:01:09,996.0,173524
2021-06-11 10:01:14,996.35,173575
2021-06-11 10:01:19,995.9,174448
2021-06-11 10:01:23,996.1,174469
2021-06-11 10:01:28,995.7,174531
2021-06-11 10:01:32,996.1,174585
2021-06-11 10:01:36,995.65,175095
2021-06-11 10:01:41,995.65,175114
2021-06-11 10:01:46,995.65,175161
2021-06-11 10:01:50,996.05,175307
2021-06-11 10:01:55,995.65,175332
2021-06-11 10:01:59,995.65,175377
2021-06-11 10:02:03,995.65,175630
2021-06-11 10:02:07,995.9,175648
2021-06-11 10:02:11,996.05,175657
2021-06-11 10:02:15,995.9,175724
2021-06-11 10:02:19,995.9,175753
2021-06-11 10:02:23,995.9,175814
2021-06-11 10:02:28,996.05,176018
2021-06-11 10:02:32,995.65,176046
2021-06-11 10:02:36,995.65,176075
2021-06-11 10:02:40,995.7,176085
2021-06-11 10:02:44,996.35,176202
2021-06-11 10:02:49,995.9,176242
2021-06-11 10:02:53,995.9,176242
2021-06-11 10:02:58,996.7,176452
2021-06-11 10:03:03,996.1,176673
2021-06-11 10:03:08,996.05,176693
2021-06-11 10:03:12,996.05,176693
2021-06-11 10:03:16,996.0,176735
2021-06-11 10:03:21,996.0,176743
2021-06-11 10:03:25,996.1,176745
2021-06-11 10:03:29,996.0,176926
2021-06-11 10:03:34,995.65,177031
2021-06-11 10:03:39,995.65,177092
2021-06-11 10:03:43,995.65,177344
2021-06-11 10:03:47,995.6,177755
2021-06-11 10:03:51,995.6,177755
2021-06-11 10:03:56,995.95,177775
2021-06-11 10:04:01,995.55,178159
2021-06-11 10:04:05,995.25,178891
2021-06-11 10:04:10,995.45,179003
2021-06-11 10:04:14,995.2,179152
2021-06-11 10:04:23,995.05,179390
2021-06-11 10:04:28,995.15,179397
2021-06-11 10:04:32,995.05,179471
2021-06-11 10:04:37,995.05,179513
2021-06-11 10:04:41,995.15,179581
2021-06-11 10:04:45,995.05,179980
2021-06-11 10:04:50,995.15,180785
2021-06-11 10:04:54,994.7,182714
2021-06-11 10:04:58,994.25,182927
2021-06-11 10:05:03,994.15,183456
2021-06-11 10:05:07,994.65,183543
2021-06-11 10:05:11,994.65,183632
2021-06-11 10:05:16,994.15,184411
2021-06-11 10:05:20,993.7,185183
2021-06-11 10:05:25,993.55,185816
2021-06-11 10:05:29,994.0,186522
2021-06-11 10:05:34,993.55,186800
2021-06-11 10:05:38,993.95,186932
2021-06-11 10:05:42,994.0,187265
2021-06-11 10:05:47,993.95,187526
2021-06-11 10:05:51,993.85,187567
2021-06-11 10:05:56,994.0,187735
2021-06-11 10:06:00,994.45,187780
2021-06-11 10:06:05,994.45,187821
2021-06-11 10:06:09,994.9,187861
2021-06-11 10:06:14,995.1,188011
2021-06-11 10:06:18,994.45,188074
2021-06-11 10:06:21,995.0,188276
2021-06-11 10:06:25,994.5,188391
2021-06-11 10:06:29,994.25,188408
2021-06-11 10:06:33,994.3,188564
2021-06-11 10:06:38,994.85,188565
2021-06-11 10:06:42,994.25,188669
2021-06-11 10:06:48,994.75,188800
2021-06-11 10:06:52,994.4,188819
2021-06-11 10:06:57,994.75,188869
2021-06-11 10:07:02,994.8,188921
2021-06-11 10:07:06,995.0,189386
2021-06-11 10:07:11,994.45,189587
2021-06-11 10:07:15,995.0,189589
2021-06-11 10:07:20,994.75,189633
2021-06-11 10:07:24,994.75,189651
2021-06-11 10:07:29,994.75,189674
2021-06-11 10:07:33,994.5,189919
2021-06-11 10:07:38,995.0,189951
2021-06-11 10:07:47,995.1,190331
2021-06-11 10:07:51,995.5,190395
2021-06-11 10:07:55,995.7,190870
2021-06-11 10:07:59,995.1,191479
2021-06-11 10:08:03,995.75,191758
2021-06-11 10:08:07,995.75,191945
2021-06-11 10:08:11,995.75,191945
2021-06-11 10:08:16,996.05,192100
2021-06-11 10:08:20,996.15,192256
2021-06-11 10:08:24,996.35,192264
2021-06-11 10:08:29,996.35,192348
2021-06-11 10:08:33,996.35,192665
2021-06-11 10:08:37,996.75,192996
2021-06-11 10:08:41,997.0,193175
2021-06-11 10:08:45,997.15,193323
2021-06-11 10:08:53,996.5,193866
2021-06-11 10:08:57,996.8,193968
2021-06-11 10:09:01,996.5,194008
2021-06-11 10:09:06,996.5,194080
2021-06-11 10:09:10,996.5,194089
2021-06-11 10:09:14,996.8,194355
2021-06-11 10:09:18,997.15,194429
2021-06-11 10:09:23,996.7,194596
2021-06-11 10:09:27,997.15,194646
2021-06-11 10:09:31,996.7,194702
2021-06-11 10:09:35,997.4,195070
2021-06-11 10:09:39,997.1,195317
2021-06-11 10:09:43,997.1,195442
2021-06-11 10:09:48,997.05,195607
2021-06-11 10:09:52,997.35,195644
2021-06-11 10:09:56,997.15,195650
2021-06-11 10:10:00,997.4,195653
2021-06-11 10:10:04,996.95,195745
2021-06-11 10:10:08,997.3,195846
2021-06-11 10:10:12,997.3,195932
2021-06-11 10:10:17,997.15,196155
2021-06-11 10:10:21,996.95,196251
2021-06-11 10:10:25,997.0,196346
2021-06-11 10:10:30,996.95,196406
2021-06-11 10:10:34,996.4,196466
2021-06-11 10:10:39,996.9,196491
2021-06-11 10:10:43,997.0,196536
2021-06-11 10:10:47,997.0,196559
2021-06-11 10:10:52,997.15,196684
2021-06-11 10:10:56,997.3,197132
2021-06-11 10:11:00,997.15,197244
2021-06-11 10:11:05,996.75,197284
2021-06-11 10:11:09,997.15,197349
2021-06-11 10:11:14,997.15,197411
2021-06-11 10:11:23,997.2,197784
2021-06-11 10:11:27,997.15,197828
2021-06-11 10:11:31,996.65,198728
2021-06-11 10:11:35,997.2,198748
2021-06-11 10:11:39,997.3,198838
2021-06-11 10:11:43,997.3,198841
2021-06-11 10:11:47,997.25,199031
2021-06-11 10:11:50,996.7,199171
2021-06-11 10:11:54,997.3,199208
2021-06-11 10:11:58,997.4,199323
2021-06-11 10:12:03,997.2,199425
2021-06-11 10:12:07,997.2,199582
2021-06-11 10:12:11,997.5,199725
2021-06-11 10:12:15,997.5,200021
2021-06-11 10:12:19,997.15,200260
2021-06-11 10:12:24,997.35,200495
2021-06-11 10:12:28,997.3,200590
2021-06-11 10:12:32,997.3,200635
2021-06-11 10:12:36,996.85,200672
2021-06-11 10:12:40,996.65,200772
2021-06-11 10:12:43,996.9,200799
2021-06-11 10:12:47,996.9,200878
2021-06-11 10:12:51,997.25,200898
2021-06-11 10:12:56,996.9,200929
2021-06-11 10:13:00,997.35,200942
2021-06-11 10:13:04,996.75,200986
2021-06-11 10:13:08,997.2,200997
2021-06-11 10:13:12,997.4,201007
2021-06-11 10:13:16,997.4,201012
2021-06-11 10:13:21,996.9,201052
2021-06-11 10:13:25,997.35,201064
2021-06-11 10:13:30,997.35,201076
2021-06-11 10:13:34,996.9,201140
2021-06-11 10:13:38,997.35,201156
2021-06-11 10:13:43,997.35,201160
2021-06-11 10:13:47,996.9,201236
2021-06-11 10:13:51,997.35,201265
2021-06-11 10:13:56,997.5,201353
2021-06-11 10:14:01,997.5,201388
2021-06-11 10:14:05,997.5,201550
2021-06-11 10:14:10,997.5,201600
2021-06-11 10:14:14,997.5,201670
2021-06-11 10:14:19,997.4,201756
2021-06-11 10:14:23,997.4,201809
2021-06-11 10:14:27,997.4,201822
2021-06-11 10:14:31,997.4,201850
2021-06-11 10:14:35,997.1,201939
2021-06-11 10:14:39,997.35,202005
2021-06-11 10:14:44,997.35,202056
2021-06-11 10:14:48,997.0,202129
2021-06-11 10:14:52,997.0,202148
2021-06-11 10:14:56,997.4,202163
2021-06-11 10:15:00,997.35,202168
2021-06-11 10:15:04,997.35,202223
2021-06-11 10:15:08,996.9,202287
2021-06-11 10:15:12,997.3,202330
2021-06-11 10:15:16,997.3,202443
2021-06-11 10:15:21,996.85,202585
2021-06-11 10:15:25,997.3,202621
2021-06-11 10:15:29,996.8,202698
2021-06-11 10:15:33,997.3,202809
2021-06-11 10:15:37,997.35,202865
2021-06-11 10:15:42,997.35,202886
2021-06-11 10:15:46,996.95,202912
2021-06-11 10:15:50,997.35,203049
2021-06-11 10:15:55,997.3,203085
2021-06-11 10:15:59,996.75,203138
2021-06-11 10:16:04,997.35,203192
2021-06-11 10:16:09,997.4,203237
2021-06-11 10:16:13,997.3,203251
2021-06-11 10:16:17,996.9,203283
2021-06-11 10:16:21,997.25,203357
2021-06-11 10:16:25,997.3,203382
2021-06-11 10:16:29,997.3,203388
2021-06-11 10:16:33,996.8,203543
2021-06-11 10:16:37,997.3,203558
2021-06-11 10:16:42,997.3,203589
2021-06-11 10:16:45,997.3,203596
2021-06-11 10:16:49,997.25,203653
2021-06-11 10:16:53,997.3,203668
2021-06-11 10:16:56,997.3,203672
2021-06-11 10:17:00,997.25,203793
2021-06-11 10:17:04,996.75,203864
2021-06-11 10:17:07,997.3,203957
2021-06-11 10:17:11,997.3,203994
2021-06-11 10:17:15,997.3,204004
2021-06-11 10:17:18,997.3,204108
2021-06-11 10:17:22,997.3,204134
2021-06-11 10:17:27,997.35,204166
2021-06-11 10:17:31,997.25,204245
2021-06-11 10:17:35,997.35,204293
2021-06-11 10:17:39,997.35,204315
2021-06-11 10:17:42,997.4,205324
2021-06-11 10:17:46,997.4,205577
2021-06-11 10:17:49,997.2,205661
2021-06-11 10:17:53,997.2,205709
2021-06-11 10:17:56,997.4,206024
2021-06-11 10:18:00,997.5,206118
2021-06-11 10:18:04,997.4,206440
2021-06-11 10:18:11,997.0,206565
2021-06-11 10:18:15,997.5,206579
2021-06-11 10:18:19,997.0,206623
2021-06-11 10:18:23,997.05,206632
2021-06-11 10:18:28,997.4,206657
2021-06-11 10:18:32,997.0,206701
2021-06-11 10:18:36,996.7,206803
2021-06-11 10:18:40,997.0,206829
2021-06-11 10:18:44,997.0,206835
2021-06-11 10:18:48,997.0,206977
2021-06-11 10:18:52,997.0,207044
2021-06-11 10:18:56,997.0,207081
2021-06-11 10:19:00,997.0,207097
2021-06-11 10:19:04,997.0,207170
2021-06-11 10:19:07,997.0,207207
2021-06-11 10:19:12,996.8,207313
2021-06-11 10:19:16,996.85,207387
2021-06-11 10:19:20,997.25,207420
2021-06-11 10:19:24,997.25,207429
2021-06-11 10:19:28,997.25,207431
2021-06-11 10:19:31,996.9,207473
2021-06-11 10:19:35,997.25,207483
2021-06-11 10:19:39,997.25,207486
2021-06-11 10:19:42,997.25,207487
2021-06-11 10:19:46,997.25,207563
2021-06-11 10:19:50,996.9,207634
2021-06-11 10:19:54,996.85,207654
2021-06-11 10:19:58,996.9,207671
2021-06-11 10:20:01,996.85,207687
2021-06-11 10:20:05,996.7,207768
2021-06-11 10:20:09,996.85,207794
2021-06-11 10:20:13,997.15,207869
2021-06-11 10:20:16,996.9,207936
2021-06-11 10:20:20,997.25,207953
2021-06-11 10:20:24,996.8,207990
2021-06-11 10:20:28,997.25,208000
2021-06-11 10:20:32,996.8,208043
2021-06-11 10:20:35,997.25,208054
2021-06-11 10:20:39,996.8,208155
2021-06-11 10:20:43,997.25,208180
2021-06-11 10:20:46,996.75,208211
2021-06-11 10:20:50,997.2,208274
2021-06-11 10:20:53,997.2,208311
2021-06-11 10:20:57,996.8,208352
2021-06-11 10:21:01,996.9,208428
2021-06-11 10:21:05,996.8,209128
2021-06-11 10:21:13,997.5,209218
2021-06-11 10:21:17,996.7,209570
2021-06-11 10:21:21,996.85,209605
2021-06-11 10:21:24,997.55,209618
2021-06-11 10:21:28,997.55,209623
2021-06-11 10:21:31,997.75,210138
2021-06-11 10:21:35,997.05,211149
2021-06-11 10:21:38,997.75,211188
2021-06-11 10:21:42,997.65,211194
2021-06-11 10:21:47,997.35,211244
2021-06-11 10:21:50,997.35,211269
2021-06-11 10:21:54,997.35,211369
2021-06-11 10:21:58,996.75,211479
2021-06-11 10:22:02,996.85,211528
2021-06-11 10:22:06,996.8,211532
2021-06-11 10:22:10,996.8,211532
2021-06-11 10:22:13,996.8,211532
2021-06-11 10:22:18,996.8,211548
2021-06-11 10:22:21,996.85,211876
2021-06-11 10:22:29,996.85,211880
2021-06-11 10:22:32,996.8,211927
2021-06-11 10:22:36,996.8,211927
2021-06-11 10:22:40,997.05,211976
2021-06-11 10:22:45,997.05,211976
2021-06-11 10:22:48,996.9,212018
2021-06-11 10:22:52,996.8,212027
2021-06-11 10:22:55,997.25,212028
2021-06-11 10:22:59,996.85,212065
2021-06-11 10:23:03,996.8,212106
2021-06-11 10:23:07,996.8,212106
2021-06-11 10:23:11,996.85,212108
2021-06-11 10:23:15,996.85,212108
2021-06-11 10:23:19,996.8,212153
2021-06-11 10:23:23,996.8,212195
2021-06-11 10:23:27,996.8,212232
2021-06-11 10:23:30,997.25,212235
2021-06-11 10:23:34,996.8,212260
2021-06-11 10:23:37,996.8,212411
2021-06-11 10:23:41,996.75,212426
2021-06-11 10:23:45,996.75,212426
2021-06-11 10:23:49,996.75,212475
2021-06-11 10:23:53,996.75,212475
2021-06-11 10:23:57,996.5,212534
2021-06-11 10:24:01,996.4,212726
2021-06-11 10:24:04,996.3,212770
2021-06-11 10:24:07,996.05,213547
2021-06-11 10:24:11,996.05,213547
2021-06-11 10:24:15,996.05,213553
2021-06-11 10:24:19,996.05,213598
2021-06-11 10:24:23,996.35,213608
2021-06-11 10:24:27,996.35,213608
2021-06-11 10:24:31,996.0,213617
2021-06-11 10:24:35,995.85,213648
2021-06-11 10:24:38,995.85,213708
2021-06-11 10:24:42,995.85,213708
2021-06-11 10:24:45,995.85,213721
2021-06-11 10:24:49,995.8,213762
2021-06-11 10:24:54,995.85,213767
2021-06-11 10:24:58,995.85,213772
2021-06-11 10:25:02,995.85,213812
2021-06-11 10:25:06,996.0,213944
2021-06-11 10:25:10,996.0,213944
2021-06-11 10:25:14,996.35,213945
2021-06-11 10:25:18,995.95,213986
2021-06-11 10:25:22,996.0,213990
2021-06-11 10:25:25,996.0,213990
2021-06-11 10:25:29,995.85,214075
2021-06-11 10:25:33,996.15,214235
2021-06-11 10:25:37,996.15,214235
2021-06-11 10:25:41,996.3,214900
2021-06-11 10:25:45,996.3,214900
2021-06-11 10:25:48,996.25,214950
2021-06-11 10:25:52,996.25,214950
2021-06-11 10:25:56,996.05,214980
2021-06-11 10:26:00,996.0,215030
2021-06-11 10:26:05,995.85,215052
2021-06-11 10:26:09,995.95,215073
2021-06-11 10:26:13,995.5,215471
2021-06-11 10:26:17,995.1,215493
2021-06-11 10:26:21,995.1,215526
2021-06-11 10:26:25,995.5,215797
2021-06-11 10:26:30,995.5,215797
2021-06-11 10:26:34,995.6,215917
2021-06-11 10:26:38,995.6,215917
2021-06-11 10:26:42,995.2,215927
2021-06-11 10:26:46,995.6,215928
2021-06-11 10:26:50,995.2,215969
2021-06-11 10:26:54,995.1,216389
2021-06-11 10:26:58,995.1,216417
2021-06-11 10:27:01,995.1,216457
2021-06-11 10:27:05,995.1,216457
2021-06-11 10:27:09,995.85,216971
2021-06-11 10:27:13,995.7,216973
2021-06-11 10:27:18,995.65,217077
2021-06-11 10:27:22,995.2,217080
2021-06-11 10:27:26,995.2,217080
2021-06-11 10:27:30,995.15,217087
2021-06-11 10:27:34,995.1,217091
2021-06-11 10:27:37,995.05,217127
2021-06-11 10:27:41,995.1,217396
2021-06-11 10:27:45,995.75,217401
2021-06-11 10:27:49,995.0,217552
2021-06-11 10:27:53,995.0,217592
2021-06-11 10:27:57,995.65,217904
2021-06-11 10:28:00,995.0,217943
2021-06-11 10:28:04,995.0,218033
2021-06-11 10:28:09,995.5,218044
2021-06-11 10:28:12,995.0,218561
2021-06-11 10:28:16,995.0,218562
2021-06-11 10:28:19,994.65,218653
2021-06-11 10:28:23,995.0,218789
2021-06-11 10:28:27,995.0,218789
2021-06-11 10:28:32,994.65,218886
2021-06-11 10:28:36,994.75,218899
2021-06-11 10:28:40,994.75,218913
2021-06-11 10:28:44,994.75,218920
2021-06-11 10:28:47,994.75,218980
2021-06-11 10:28:51,994.75,218980
2021-06-11 10:28:58,994.75,219062
2021-06-11 10:29:02,994.75,219087
2021-06-11 10:29:05,994.65,219127
2021-06-11 10:29:09,995.15,219181
2021-06-11 10:29:12,995.15,219181
2021-06-11 10:29:16,995.0,219198
2021-06-11 10:29:19,994.7,219314
2021-06-11 10:29:23,994.75,219380
2021-06-11 10:29:26,994.65,219491
2021-06-11 10:29:34,994.65,219536
2021-06-11 10:29:37,994.65,219548
2021-06-11 10:29:40,994.75,219648
2021-06-11 10:29:44,994.75,219648
2021-06-11 10:29:48,994.65,219689
2021-06-11 10:29:51,994.75,219739
2021-06-11 10:29:55,994.75,219739
2021-06-11 10:29:59,994.65,219750
2021-06-11 10:30:03,994.5,220539
2021-06-11 10:30:07,994.35,220545
2021-06-11 10:30:11,994.25,220571
2021-06-11 10:30:15,994.25,220605
2021-06-11 10:30:18,994.25,220648
2021-06-11 10:30:22,994.25,220648
2021-06-11 10:30:25,994.25,220649
2021-06-11 10:30:29,994.0,220849
2021-06-11 10:30:32,994.0,220890
2021-06-11 10:30:36,994.0,220895
2021-06-11 10:30:40,994.25,221741
2021-06-11 10:30:43,994.2,221756
2021-06-11 10:30:47,994.05,221921
2021-06-11 10:30:51,994.2,221994
2021-06-11 10:30:55,994.2,222015
2021-06-11 10:30:59,994.2,222029
2021-06-11 10:31:03,993.65,223764
2021-06-11 10:31:06,993.5,224447
2021-06-11 10:31:10,993.6,224553
2021-06-11 10:31:14,993.6,224615
2021-06-11 10:31:21,993.6,224784
2021-06-11 10:31:25,993.5,224804
2021-06-11 10:31:28,993.5,224874
2021-06-11 10:31:32,993.6,225082
2021-06-11 10:31:35,993.6,225084
2021-06-11 10:31:39,993.6,225184
2021-06-11 10:31:42,993.6,225199
2021-06-11 10:31:51,993.55,226409
2021-06-11 10:31:55,993.55,226409
2021-06-11 10:31:59,993.95,226420
2021-06-11 10:32:02,993.55,226585
2021-06-11 10:32:05,993.95,226671
2021-06-11 10:32:12,993.6,230351
2021-06-11 10:32:15,993.1,230456
2021-06-11 10:32:18,993.3,231276
2021-06-11 10:32:21,993.3,231277
2021-06-11 10:32:25,993.55,231579
2021-06-11 10:32:28,993.55,231679
2021-06-11 10:32:32,993.3,231725
2021-06-11 10:32:36,993.5,232026
2021-06-11 10:32:40,993.5,232026
2021-06-11 10:32:44,993.45,232051
2021-06-11 10:32:47,993.3,232078
2021-06-11 10:32:51,993.15,232108
2021-06-11 10:32:54,993.15,232108
2021-06-11 10:32:58,993.0,233061
2021-06-11 10:33:01,993.05,233320
2021-06-11 10:33:05,993.05,233520
2021-06-11 10:33:08,993.3,233601
2021-06-11 10:33:12,993.1,233603
2021-06-11 10:33:15,993.05,233804
2021-06-11 10:33:18,993.3,233859
2021-06-11 10:33:21,993.3,233913
2021-06-11 10:33:24,993.1,234258
2021-06-11 10:33:28,993.1,234258
2021-06-11 10:33:31,993.3,234300
2021-06-11 10:33:34,993.05,234341
2021-06-11 10:33:37,993.05,234458
2021-06-11 10:33:40,993.3,234960
2021-06-11 10:33:44,993.3,234960
2021-06-11 10:33:48,993.65,236234
2021-06-11 10:33:51,994.15,236448
2021-06-11 10:33:54,994.15,236458
2021-06-11 10:33:57,993.75,236668
2021-06-11 10:34:00,994.05,237188
2021-06-11 10:34:04,994.95,237410
2021-06-11 10:34:07,994.5,237621
2021-06-11 10:34:10,995.0,237673
2021-06-11 10:34:14,995.0,237673
2021-06-11 10:34:17,994.5,237713
2021-06-11 10:34:21,994.5,237713
2021-06-11 10:34:24,994.5,237713
2021-06-11 10:34:28,994.3,237763
2021-06-11 10:34:32,994.3,237804
2021-06-11 10:34:35,994.3,237804
2021-06-11 10:34:38,994.35,238014
2021-06-11 10:34:41,994.75,238015
2021-06-11 10:34:45,994.8,238067
2021-06-11 10:34:48,994.35,238157
2021-06-11 10:34:51,994.8,238168
2021-06-11 10:34:54,994.45,238268
2021-06-11 10:34:57,994.45,238328
2021-06-11 10:35:01,994.5,238370
2021-06-11 10:35:04,994.5,238480
2021-06-11 10:35:08,993.8,241932
2021-06-11 10:35:12,993.75,242037
2021-06-11 10:35:15,993.35,242040
2021-06-11 10:35:19,993.2,242131
2021-06-11 10:35:23,993.7,242148
2021-06-11 10:35:27,993.7,242149
2021-06-11 10:35:30,993.5,242152
2021-06-11 10:35:34,993.15,242596
2021-06-11 10:35:38,993.15,243252
2021-06-11 10:35:41,993.15,243252
2021-06-11 10:35:45,993.15,243252
2021-06-11 10:35:48,993.35,243295
2021-06-11 10:35:52,993.8,243405
2021-06-11 10:35:56,993.75,243505
2021-06-11 10:35:59,993.75,243505
2021-06-11 10:36:02,994.2,244546
2021-06-11 10:36:05,993.2,244567
2021-06-11 10:36:08,993.6,244576
2021-06-11 10:36:11,993.6,244676
2021-06-11 10:36:19,993.5,244821
2021-06-11 10:36:23,993.5,244823
2021-06-11 10:36:26,993.5,244823
2021-06-11 10:36:29,993.2,244833
2021-06-11 10:36:33,993.5,244876
2021-06-11 10:36:36,993.5,244878
2021-06-11 10:36:39,993.5,244897
2021-06-11 10:36:43,993.5,245055
2021-06-11 10:36:47,993.5,245196
2021-06-11 10:36:50,993.5,245196
2021-06-11 10:36:53,993.5,245464
2021-06-11 10:36:57,993.5,245467
2021-06-11 10:37:01,993.2,245508
2021-06-11 10:37:04,993.2,245508
2021-06-11 10:37:07,993.2,245508
2021-06-11 10:37:11,993.5,245621
2021-06-11 10:37:15,993.5,245621
2021-06-11 10:37:18,993.2,245667
2021-06-11 10:37:22,993.5,245670
2021-06-11 10:37:25,993.5,245672
2021-06-11 10:37:29,993.5,245682
2021-06-11 10:37:32,993.2,245724
2021-06-11 10:37:36,993.2,245724
2021-06-11 10:37:39,993.5,245790
2021-06-11 10:37:43,993.5,245790
2021-06-11 10:37:46,993.2,245980
2021-06-11 10:37:50,993.5,246100
2021-06-11 10:37:53,993.15,246180
2021-06-11 10:37:57,993.15,246180
2021-06-11 10:38:00,993.0,246628
2021-06-11 10:38:04,993.0,246669
2021-06-11 10:38:08,992.5,248477
2021-06-11 10:38:12,992.6,248571
2021-06-11 10:38:15,992.0,250627
2021-06-11 10:38:19,991.4,252303
2021-06-11 10:38:22,991.8,252346
2021-06-11 10:38:26,991.9,252520
2021-06-11 10:38:29,991.9,252520
2021-06-11 10:38:33,992.0,259804
2021-06-11 10:38:37,992.5,260361
2021-06-11 10:38:41,992.0,261017
2021-06-11 10:38:45,992.0,261023
2021-06-11 10:38:49,992.0,261063
2021-06-11 10:38:55,992.0,261069
2021-06-11 10:38:59,992.3,261084
2021-06-11 10:39:02,992.0,261140
2021-06-11 10:39:05,992.3,261540
2021-06-11 10:39:09,992.3,261555
2021-06-11 10:39:12,992.3,261561
2021-06-11 10:39:16,992.0,261601
2021-06-11 10:39:20,992.5,262526
2021-06-11 10:39:24,992.5,262539
2021-06-11 10:39:27,992.5,262539
2021-06-11 10:39:31,992.25,262591
2021-06-11 10:39:35,992.0,262795
2021-06-11 10:39:38,992.0,262795
2021-06-11 10:39:42,992.05,262898
2021-06-11 10:39:46,992.05,263041
2021-06-11 10:39:53,992.6,263645
2021-06-11 10:39:57,992.6,263645
2021-06-11 10:40:01,992.25,263650
2021-06-11 10:40:05,992.05,264013
2021-06-11 10:40:09,992.5,264080
2021-06-11 10:40:13,992.25,264181
2021-06-11 10:40:16,992.5,264251
2021-06-11 10:40:20,992.7,264283
2021-06-11 10:40:24,992.7,264283
2021-06-11 10:40:27,993.5,266583
2021-06-11 10:40:31,993.05,266754
2021-06-11 10:40:34,992.85,266880
2021-06-11 10:40:38,993.45,266950
2021-06-11 10:40:41,993.45,266950
2021-06-11 10:40:45,993.55,266990
2021-06-11 10:40:48,993.75,267070
2021-06-11 10:40:52,994.05,269070
2021-06-11 10:40:55,993.45,269137
2021-06-11 10:40:58,994.0,269212
2021-06-11 10:41:02,993.45,269255
2021-06-11 10:41:06,993.45,269299
2021-06-11 10:41:09,993.1,269449
2021-06-11 10:41:13,993.2,269469
2021-06-11 10:41:16,993.0,269563
2021-06-11 10:41:21,992.7,269572
2021-06-11 10:41:24,992.65,269612
2021-06-11 10:41:28,993.3,269663
2021-06-11 10:41:31,992.85,269761
2021-06-11 10:41:34,992.85,269832
2021-06-11 10:41:36,992.85,269832
2021-06-11 10:41:39,992.85,269832
2021-06-11 10:41:39,992.85,269832
2021-06-11 10:41:40,992.85,269832
2021-06-11 10:41:41,992.85,269832
2021-06-11 10:41:42,992.75,269891
2021-06-11 10:41:43,992.75,269891
2021-06-11 10:41:45,993.25,269899
2021-06-11 10:41:46,993.25,269899
2021-06-11 10:41:46,993.0,269919
2021-06-11 10:41:47,993.0,269921
2021-06-11 10:41:48,992.75,269939
2021-06-11 10:41:50,993.0,269943
2021-06-11 10:41:53,993.0,269943
2021-06-11 10:41:54,993.0,269943
2021-06-11 10:41:55,993.0,269943
2021-06-11 10:41:55,993.0,269943
2021-06-11 10:41:56,993.0,269943
2021-06-11 10:41:57,993.0,269943
2021-06-11 10:41:58,992.95,269944
2021-06-11 10:41:59,992.5,269969
2021-06-11 10:42:00,992.9,269979
2021-06-11 10:42:01,992.5,270029
2021-06-11 10:42:02,992.9,270034
2021-06-11 10:42:05,992.9,270034
2021-06-11 10:42:06,992.9,270034
2021-06-11 10:42:07,992.5,270056
2021-06-11 10:42:08,992.85,270076
2021-06-11 10:42:08,992.85,270076
2021-06-11 10:42:09,992.85,270076
2021-06-11 10:42:10,992.85,270076
2021-06-11 10:42:11,992.85,270076
2021-06-11 10:42:13,992.85,270076
2021-06-11 10:42:14,992.85,270076
2021-06-11 10:42:15,992.55,270130
2021-06-11 10:42:16,992.55,270154
2021-06-11 10:42:17,992.55,270154
2021-06-11 10:42:18,992.9,270371
2021-06-11 10:42:19,992.9,270371
2021-06-11 10:42:20,992.9,270371
2021-06-11 10:42:22,992.9,270371
2021-06-11 10:42:23,992.5,270377
2021-06-11 10:42:24,992.5,270377
2021-06-11 10:42:26,992.5,270377
2021-06-11 10:42:29,992.5,270377
2021-06-11 10:42:30,992.8,270404
2021-06-11 10:42:31,992.8,270404
2021-06-11 10:42:37,992.5,270444
2021-06-11 10:42:38,992.5,270444
2021-06-11 10:42:40,992.85,270471
2021-06-11 10:42:41,992.85,270471
2021-06-11 10:42:42,992.85,270472
2021-06-11 10:42:43,992.85,270472
2021-06-11 10:42:44,992.85,270472
2021-06-11 10:42:46,992.5,270513
2021-06-11 10:42:46,992.5,270513
2021-06-11 10:42:48,992.4,271130
2021-06-11 10:42:49,992.3,271131
2021-06-11 10:42:50,991.8,273600
2021-06-11 10:42:50,991.5,273700
2021-06-11 10:42:51,991.5,273700
2021-06-11 10:42:52,991.5,273700
2021-06-11 10:42:54,991.5,273925
2021-06-11 10:42:55,991.8,273940
2021-06-11 10:42:56,991.8,273946
2021-06-11 10:42:56,991.8,273946
2021-06-11 10:42:57,991.8,273956
2021-06-11 10:42:59,991.5,274004
2021-06-11 10:42:59,991.5,274004
2021-06-11 10:43:01,991.5,274007
2021-06-11 10:43:03,991.45,274044
2021-06-11 10:43:03,991.45,274044
2021-06-11 10:43:04,991.45,274044
2021-06-11 10:43:05,991.4,274049
2021-06-11 10:43:06,991.5,274051
2021-06-11 10:43:07,991.5,274051
2021-06-11 10:43:08,991.5,274051
2021-06-11 10:43:09,991.5,274051
2021-06-11 10:43:10,991.5,274051
2021-06-11 10:43:11,991.65,274392
2021-06-11 10:43:12,991.65,274392
2021-06-11 10:43:13,991.65,274392
2021-06-11 10:43:15,991.65,274392
2021-06-11 10:43:15,991.65,274392
2021-06-11 10:43:17,991.5,274438
2021-06-11 10:43:17,992.0,274463
2021-06-11 10:43:18,991.65,275451
2021-06-11 10:43:19,991.65,275451
2021-06-11 10:43:21,991.65,275451
2021-06-11 10:43:22,991.65,275451
2021-06-11 10:43:24,992.25,275551
2021-06-11 10:43:25,992.25,275551
2021-06-11 10:43:26,992.25,275571
2021-06-11 10:43:27,992.45,275821
2021-06-11 10:43:29,991.85,275841
2021-06-11 10:43:29,991.85,275862
2021-06-11 10:43:30,992.4,275872
2021-06-11 10:43:31,991.95,275912
2021-06-11 10:43:32,991.95,275912
2021-06-11 10:43:33,991.95,275912
2021-06-11 10:43:34,992.6,275913
2021-06-11 10:43:35,992.6,275913
2021-06-11 10:43:36,992.6,275913
2021-06-11 10:43:37,992.6,275913
2021-06-11 10:43:38,992.6,275913
2021-06-11 10:43:39,992.8,275931
2021-06-11 10:43:40,992.8,275932
2021-06-11 10:43:41,992.8,275932
2021-06-11 10:43:42,992.4,275933
2021-06-11 10:43:43,992.8,275934
2021-06-11 10:43:44,992.8,275934
2021-06-11 10:43:45,992.9,276034
2021-06-11 10:43:47,992.5,276076
2021-06-11 10:43:48,992.5,276076
2021-06-11 10:43:49,992.95,276086
2021-06-11 10:43:50,992.95,276086
2021-06-11 10:43:51,992.95,276086
2021-06-11 10:43:52,992.95,276086
2021-06-11 10:43:53,992.95,276086
2021-06-11 10:43:55,993.3,276105
2021-06-11 10:43:56,993.3,276105
2021-06-11 10:43:56,993.3,276105
2021-06-11 10:43:57,993.3,276105
2021-06-11 10:43:59,993.3,276105
2021-06-11 10:43:59,993.3,276105
2021-06-11 10:44:00,993.3,276116
2021-06-11 10:44:01,993.3,276125
2021-06-11 10:44:03,993.1,276156
2021-06-11 10:44:03,993.1,276156
2021-06-11 10:44:04,993.1,276156
2021-06-11 10:44:06,993.55,276256
2021-06-11 10:44:06,993.55,276256
2021-06-11 10:44:07,993.55,276256
2021-06-11 10:44:08,993.55,276256
2021-06-11 10:44:10,993.15,276286
2021-06-11 10:44:11,993.55,276301
2021-06-11 10:44:11,993.55,276301
2021-06-11 10:44:12,993.55,276301
2021-06-11 10:44:13,993.55,276301
2021-06-11 10:44:14,993.55,276301
2021-06-11 10:44:16,993.55,276301
2021-06-11 10:44:16,993.0,276306
2021-06-11 10:44:17,993.0,276306
2021-06-11 10:44:18,992.95,276342
2021-06-11 10:44:19,992.95,276342
2021-06-11 10:44:21,992.95,276342
2021-06-11 10:44:22,992.95,276362
2021-06-11 10:44:23,992.95,276362
2021-06-11 10:44:23,992.95,276362
2021-06-11 10:44:24,992.95,276362
2021-06-11 10:44:26,992.95,276432
2021-06-11 10:44:27,992.95,276432
2021-06-11 10:44:28,993.25,276435
2021-06-11 10:44:29,993.25,276435
2021-06-11 10:44:30,993.25,276435
2021-06-11 10:44:31,992.95,276475
2021-06-11 10:44:32,992.95,276475
2021-06-11 10:44:33,992.95,276475
2021-06-11 10:44:34,993.25,276495
2021-06-11 10:44:36,993.25,276495
2021-06-11 10:44:37,993.25,276495
2021-06-11 10:44:37,993.25,276495
2021-06-11 10:44:38,993.0,276525
2021-06-11 10:44:39,993.0,276525
2021-06-11 10:44:40,993.25,276526
2021-06-11 10:44:41,993.25,276526
2021-06-11 10:44:42,993.25,276526
2021-06-11 10:44:43,993.25,276531
2021-06-11 10:44:44,993.0,276541
2021-06-11 10:44:45,993.0,276541
2021-06-11 10:44:46,993.0,276582
2021-06-11 10:44:48,993.0,276585
2021-06-11 10:44:49,993.0,276585
2021-06-11 10:44:50,993.0,276585
2021-06-11 10:44:54,993.0,276585
2021-06-11 10:44:55,993.0,276585
2021-06-11 10:44:57,993.0,276585
2021-06-11 10:44:58,993.0,276585
2021-06-11 10:44:59,993.25,276587
2021-06-11 10:44:59,993.25,276587
2021-06-11 10:45:01,993.25,276637
2021-06-11 10:45:02,993.0,276676
2021-06-11 10:45:03,993.0,276676
2021-06-11 10:45:05,992.95,276677
2021-06-11 10:45:06,992.95,276698
2021-06-11 10:45:07,992.95,276698
2021-06-11 10:45:08,992.95,276698
2021-06-11 10:45:09,992.95,276698
2021-06-11 10:45:10,992.95,276698
2021-06-11 10:45:11,992.95,276698
2021-06-11 10:45:12,992.55,277003
2021-06-11 10:45:13,992.55,277003
2021-06-11 10:45:14,992.55,277003
2021-06-11 10:45:14,992.55,277003
2021-06-11 10:45:15,992.55,277003
2021-06-11 10:45:16,992.5,277014
2021-06-11 10:45:17,992.5,277014
2021-06-11 10:45:19,992.4,277029
2021-06-11 10:45:20,992.4,277029
2021-06-11 10:45:21,992.05,277044
2021-06-11 10:45:22,992.05,277044
2021-06-11 10:45:37,992.3,277277
2021-06-11 10:45:38,992.75,277279
2021-06-11 10:45:41,992.2,277319
2021-06-11 10:45:42,992.2,277319
2021-06-11 10:45:43,992.2,277319
2021-06-11 10:45:44,992.2,277319
2021-06-11 10:45:46,992.15,278022
2021-06-11 10:46:01,992.65,278135
2021-06-11 10:46:04,992.5,278585
2021-06-11 10:46:07,992.5,278585
2021-06-11 10:46:08,992.55,278635
2021-06-11 10:46:08,992.55,278635
2021-06-11 10:46:10,992.55,278635
2021-06-11 10:46:10,992.7,278636
2021-06-11 10:46:11,992.7,278636
2021-06-11 10:46:12,993.0,278637
2021-06-11 10:46:13,993.0,278637
2021-06-11 10:46:15,993.0,278637
2021-06-11 10:46:31,992.1,280258
2021-06-11 10:46:33,992.3,280308
2021-06-11 10:46:36,992.3,280471
2021-06-11 10:46:38,992.05,280473
2021-06-11 10:46:39,992.05,280473
2021-06-11 10:46:40,992.05,280473
2021-06-11 10:46:41,992.05,280473
2021-06-11 10:46:42,992.0,280983
2021-06-11 10:46:43,992.05,280984
2021-06-11 10:46:44,992.3,281133
2021-06-11 10:46:45,992.3,281133
2021-06-11 10:46:46,992.25,281174
2021-06-11 10:46:47,992.25,281175
2021-06-11 10:46:48,992.25,281175
2021-06-11 10:46:50,992.25,281175
2021-06-11 10:46:51,992.7,281190
2021-06-11 10:46:52,992.7,281190
2021-06-11 10:46:55,992.7,281190
2021-06-11 10:46:56,992.7,281191
2021-06-11 10:46:57,992.7,281191
2021-06-11 10:46:58,992.7,281191
2021-06-11 10:46:59,992.7,281191
2021-06-11 10:47:01,992.25,281231
2021-06-11 10:47:02,992.25,281231
2021-06-11 10:47:03,992.7,281236
2021-06-11 10:47:04,992.7,281241
2021-06-11 10:47:05,992.7,281241
2021-06-11 10:47:08,992.7,281241
2021-06-11 10:47:10,992.7,281241
2021-06-11 10:47:11,992.7,281241
2021-06-11 10:47:12,992.7,281241
2021-06-11 10:47:13,992.75,281341
2021-06-11 10:47:14,992.75,281341
2021-06-11 10:47:15,992.75,281341
2021-06-11 10:47:16,992.3,281382
2021-06-11 10:47:18,992.3,281382
2021-06-11 10:47:19,992.75,281392
2021-06-11 10:47:21,992.75,281393
2021-06-11 10:47:22,992.3,281416
2021-06-11 10:47:23,992.75,281516
2021-06-11 10:47:24,992.75,281516
2021-06-11 10:47:25,992.75,281521
2021-06-11 10:47:26,992.75,281521
2021-06-11 10:47:27,992.75,281521
2021-06-11 10:47:28,992.75,281521
2021-06-11 10:47:29,992.25,281822
2021-06-11 10:47:30,992.25,281822
2021-06-11 10:47:31,992.3,281862
2021-06-11 10:47:32,992.3,281862
2021-06-11 10:47:34,992.3,281862
2021-06-11 10:47:36,992.4,281871
2021-06-11 10:47:37,992.7,281891
2021-06-11 10:47:38,992.7,281891
2021-06-11 10:47:39,992.7,281891
2021-06-11 10:47:41,992.7,281891
2021-06-11 10:47:42,992.7,281891
2021-06-11 10:47:43,992.7,281891
2021-06-11 10:47:46,992.4,281932
2021-06-11 10:47:48,992.4,281932
2021-06-11 10:47:51,992.4,281937
2021-06-11 10:47:52,992.4,281937
2021-06-11 10:47:53,992.4,281951
2021-06-11 10:47:54,992.7,281952
2021-06-11 10:47:55,992.7,281952
2021-06-11 10:47:57,992.7,281961
2021-06-11 10:47:58,992.7,281961
2021-06-11 10:47:59,992.7,281961
2021-06-11 10:48:00,992.5,282047
2021-06-11 10:48:01,992.55,282304
2021-06-11 10:48:02,992.75,282311
2021-06-11 10:48:03,992.75,282318
2021-06-11 10:48:04,992.75,282326
2021-06-11 10:48:05,992.75,282333
2021-06-11 10:48:06,992.75,282340
2021-06-11 10:48:07,992.75,282349
2021-06-11 10:48:08,992.75,282364
2021-06-11 10:48:11,992.75,282364
2021-06-11 10:48:16,992.55,282405
2021-06-11 10:48:17,992.55,282405
2021-06-11 10:48:18,992.75,282455
2021-06-11 10:48:19,992.75,282455
2021-06-11 10:48:20,992.75,282456
2021-06-11 10:48:21,992.2,282692
2021-06-11 10:48:22,992.2,282692
2021-06-11 10:48:23,992.2,282692
2021-06-11 10:48:24,992.2,282692
2021-06-11 10:48:25,992.2,282692
2021-06-11 10:48:26,992.2,282692
2021-06-11 10:48:28,992.2,282692
2021-06-11 10:48:30,992.2,282692
2021-06-11 10:48:31,992.5,282732
2021-06-11 10:48:32,992.5,282732
2021-06-11 10:48:33,992.5,282732
2021-06-11 10:48:34,992.5,282732
2021-06-11 10:48:35,992.5,282732
2021-06-11 10:48:36,992.5,282732
2021-06-11 10:48:37,992.5,282732
2021-06-11 10:48:39,992.3,282782
2021-06-11 10:48:42,992.75,282832
2021-06-11 10:48:43,992.75,282833
2021-06-11 10:48:44,992.75,282833
2021-06-11 10:48:45,992.75,282833
2021-06-11 10:48:46,992.5,282874
2021-06-11 10:48:47,992.5,282874
2021-06-11 10:48:51,992.75,282996
2021-06-11 10:48:54,992.75,282996
2021-06-11 10:48:55,992.75,282996
2021-06-11 10:48:56,992.75,282996
2021-06-11 10:48:59,992.75,283029
2021-06-11 10:49:00,992.75,283029
2021-06-11 10:49:01,992.5,283134
2021-06-11 10:49:02,992.5,283134
2021-06-11 10:49:05,992.5,283142
2021-06-11 10:49:06,992.5,283160
2021-06-11 10:49:07,992.5,283160
2021-06-11 10:49:09,992.95,283170
2021-06-11 10:49:11,992.55,283220
2021-06-11 10:49:13,992.55,283220
2021-06-11 10:49:12,992.55,283220
2021-06-11 10:49:15,992.55,283220
2021-06-11 10:49:16,992.5,283261
2021-06-11 10:49:17,992.5,283261
2021-06-11 10:49:19,992.5,283261
2021-06-11 10:49:20,992.5,283263
2021-06-11 10:49:21,992.5,283263
2021-06-11 10:49:22,992.5,283263
2021-06-11 10:49:23,992.5,283273
2021-06-11 10:49:24,992.5,283273
2021-06-11 10:49:25,992.5,283293
2021-06-11 10:49:26,992.5,283301
2021-06-11 10:49:27,992.5,283301
2021-06-11 10:49:28,992.5,283301
2021-06-11 10:49:29,992.5,283301
2021-06-11 10:49:30,992.95,283311
2021-06-11 10:49:31,992.95,283311
2021-06-11 10:49:32,992.5,283338
2021-06-11 10:49:33,992.3,283358
2021-06-11 10:49:35,992.3,283358
2021-06-11 10:49:36,992.3,283358
2021-06-11 10:49:37,992.3,283358
2021-06-11 10:49:39,992.5,283363
2021-06-11 10:49:40,992.5,283363
2021-06-11 10:49:41,992.3,283403
2021-06-11 10:49:42,992.5,283408
2021-06-11 10:49:43,992.5,283408
2021-06-11 10:49:44,992.5,283408
2021-06-11 10:49:45,992.5,283408
2021-06-11 10:49:46,992.3,283449
2021-06-11 10:49:47,992.5,283526
2021-06-11 10:49:48,992.5,283526
2021-06-11 10:49:49,992.5,283526
2021-06-11 10:49:50,992.45,283531
2021-06-11 10:49:51,992.45,283532
2021-06-11 10:49:52,992.45,283532
2021-06-11 10:49:53,992.45,283574
2021-06-11 10:49:54,992.45,283574
2021-06-11 10:49:55,992.75,283599
2021-06-11 10:49:56,992.75,283599
2021-06-11 10:50:01,992.5,283639
2021-06-11 10:50:02,992.5,283639
2021-06-11 10:50:03,992.8,283640
2021-06-11 10:50:05,992.8,283640
2021-06-11 10:50:06,992.8,283640
2021-06-11 10:50:09,992.8,283640
2021-06-11 10:50:09,992.8,283640
2021-06-11 10:50:10,992.8,283640
2021-06-11 10:50:11,992.5,283685
2021-06-11 10:50:12,992.5,283755
2021-06-11 10:50:13,992.5,283755
2021-06-11 10:50:15,992.5,283755
2021-06-11 10:50:15,992.5,283755
2021-06-11 10:50:16,992.6,283797
2021-06-11 10:50:17,992.6,283797
2021-06-11 10:50:19,992.6,283797
2021-06-11 10:50:19,992.8,283847
2021-06-11 10:50:20,992.8,283847
2021-06-11 10:50:21,992.8,283847
2021-06-11 10:50:23,992.8,283851
2021-06-11 10:50:24,992.6,283877
2021-06-11 10:50:24,992.6,283877
2021-06-11 10:50:25,992.6,283877
2021-06-11 10:50:27,992.6,283877
2021-06-11 10:50:27,992.6,283877
2021-06-11 10:50:28,992.6,283879
2021-06-11 10:50:31,992.6,283919
2021-06-11 10:50:34,992.6,283919
2021-06-11 10:50:35,992.6,283969
2021-06-11 10:50:36,992.6,283969
2021-06-11 10:50:37,992.6,283969
2021-06-11 10:50:38,992.6,283969
2021-06-11 10:50:39,992.8,283977
2021-06-11 10:50:40,992.8,283977
2021-06-11 10:50:42,992.35,284396
2021-06-11 10:50:42,992.35,284396
2021-06-11 10:50:43,992.8,284397
2021-06-11 10:50:44,992.6,284458
2021-06-11 10:50:45,992.6,284458
2021-06-11 10:50:46,992.6,284499
2021-06-11 10:50:47,992.6,284499
2021-06-11 10:50:48,992.8,285147
2021-06-11 10:50:49,992.8,285147
2021-06-11 10:50:50,992.8,285147
2021-06-11 10:50:51,992.95,285175
2021-06-11 10:50:54,992.95,285175
2021-06-11 10:50:54,992.95,285175
2021-06-11 10:50:55,992.95,285175
2021-06-11 10:50:57,992.95,285175
2021-06-11 10:50:58,992.95,285175
2021-06-11 10:50:59,992.95,285185
2021-06-11 10:51:00,992.95,285185
2021-06-11 10:51:01,992.6,285235
2021-06-11 10:51:02,992.95,285237
2021-06-11 10:51:04,992.95,285237
2021-06-11 10:51:05,992.95,285237
2021-06-11 10:51:07,992.6,285242
2021-06-11 10:51:08,992.6,285242
2021-06-11 10:51:09,992.95,285243
2021-06-11 10:51:10,992.95,285243
2021-06-11 10:51:11,992.95,285244
2021-06-11 10:51:13,992.95,285247
2021-06-11 10:51:14,992.95,285247
2021-06-11 10:51:15,992.95,285318
2021-06-11 10:51:17,993.0,285597
2021-06-11 10:51:17,993.0,285597
2021-06-11 10:51:20,992.8,285647
2021-06-11 10:51:22,992.8,285647
2021-06-11 10:51:25,993.0,285697
2021-06-11 10:51:26,993.0,285697
2021-06-11 10:51:27,993.0,285697
2021-06-11 10:51:29,993.0,285697
2021-06-11 10:51:30,993.0,285697
2021-06-11 10:51:31,992.85,285729
2021-06-11 10:51:32,992.75,285823
2021-06-11 10:51:34,992.75,285823
2021-06-11 10:51:35,992.75,285968
2021-06-11 10:51:36,992.75,285968
2021-06-11 10:51:39,992.6,286607
2021-06-11 10:51:43,992.85,287107
2021-06-11 10:51:46,992.45,287147
2021-06-11 10:51:49,992.8,287149
2021-06-11 10:51:51,992.8,287199
2021-06-11 10:51:54,992.8,287299
2021-06-11 10:52:00,992.6,287335
2021-06-11 10:52:04,992.4,287365
2021-06-11 10:52:07,992.4,287365
2021-06-11 10:52:11,992.4,287365
2021-06-11 10:52:14,992.6,287366
2021-06-11 10:52:20,992.35,287460
2021-06-11 10:52:23,992.35,287460
2021-06-11 10:52:26,992.4,287471
2021-06-11 10:52:30,992.1,288443
2021-06-11 10:52:33,992.0,289107
2021-06-11 10:52:37,992.0,289107
2021-06-11 10:52:41,992.0,289126
2021-06-11 10:52:44,992.0,289146
2021-06-11 10:52:48,991.8,289187
2021-06-11 10:52:51,992.15,289678
2021-06-11 10:52:53,992.15,289678
2021-06-11 10:52:57,992.45,290030
2021-06-11 10:53:00,991.7,290680
2021-06-11 10:53:03,991.75,290721
2021-06-11 10:53:06,991.75,290721
2021-06-11 10:53:09,991.75,290721
2021-06-11 10:53:12,991.75,290721
2021-06-11 10:53:15,991.75,290721
2021-06-11 10:53:19,992.25,290814
2021-06-11 10:53:22,992.25,290814
2021-06-11 10:53:25,992.25,290814
2021-06-11 10:53:28,992.0,290818
2021-06-11 10:53:31,992.0,290859
2021-06-11 10:53:34,992.25,290894
2021-06-11 10:53:37,992.25,290895
2021-06-11 10:53:40,992.25,290895
2021-06-11 10:53:44,992.3,291270
2021-06-11 10:53:47,992.25,291446
2021-06-11 10:53:54,992.25,291620
2021-06-11 10:53:57,992.25,291719
2021-06-11 10:54:01,992.65,291724
2021-06-11 10:54:08,992.25,291964
2021-06-11 10:54:11,992.65,292091
2021-06-11 10:54:14,992.25,292112
2021-06-11 10:54:17,992.05,293098
2021-06-11 10:54:20,992.1,293104
2021-06-11 10:54:23,992.6,293106
2021-06-11 10:54:26,992.6,293106
2021-06-11 10:54:29,992.6,293106
2021-06-11 10:54:33,992.35,293168
2021-06-11 10:54:36,992.25,293196
2021-06-11 10:54:39,992.25,293196
2021-06-11 10:54:42,992.1,293240
2021-06-11 10:54:45,992.35,293246
2021-06-11 10:54:48,992.1,293253
2021-06-11 10:54:51,992.0,293287
2021-06-11 10:54:54,992.0,293287
2021-06-11 10:55:00,992.05,293291
2021-06-11 10:55:06,992.05,293336
2021-06-11 10:55:09,992.05,293336
2021-06-11 10:55:12,992.05,293347
2021-06-11 10:55:15,992.4,293647
2021-06-11 10:55:18,992.0,293787
2021-06-11 10:55:21,992.0,293787
2021-06-11 10:55:27,992.4,293847
2021-06-11 10:55:30,992.4,293847
2021-06-11 10:55:33,992.0,293888
2021-06-11 10:55:36,992.0,293888
2021-06-11 10:55:39,992.0,293888
2021-06-11 10:55:41,992.0,293888
2021-06-11 10:55:44,992.4,293890
2021-06-11 10:55:47,992.3,293891
2021-06-11 10:55:50,992.2,293892
2021-06-11 10:55:53,992.15,293932
2021-06-11 10:55:55,992.3,293997
2021-06-11 10:55:58,992.15,294047
2021-06-11 10:56:04,992.05,294168
2021-06-11 10:56:08,992.1,294175
2021-06-11 10:56:11,992.15,294204
2021-06-11 10:56:17,992.15,294246
2021-06-11 10:56:19,992.1,294320
2021-06-11 10:56:22,992.15,294408
2021-06-11 10:56:25,992.3,294865
2021-06-11 10:56:28,992.4,294894
2021-06-11 10:56:31,992.35,295834
2021-06-11 10:56:34,992.35,295834
2021-06-11 10:56:38,992.35,295834
2021-06-11 10:56:41,992.35,295937
2021-06-11 10:56:44,992.35,295937
2021-06-11 10:56:48,992.6,295971
2021-06-11 10:56:51,992.35,295977
2021-06-11 10:56:54,992.6,295998
2021-06-11 10:56:57,992.6,295999
2021-06-11 10:57:00,992.6,295999
2021-06-11 10:57:04,992.4,296041
2021-06-11 10:57:07,993.05,297046
2021-06-11 10:57:10,993.2,297147
2021-06-11 10:57:13,992.6,297177
2021-06-11 10:57:17,992.55,297419
2021-06-11 10:57:20,993.0,297439
2021-06-11 10:57:23,993.0,297439
2021-06-11 10:57:27,993.0,297480
2021-06-11 10:57:30,993.0,297480
2021-06-11 10:57:34,992.55,297557
2021-06-11 10:57:37,993.15,298011
2021-06-11 10:57:40,993.15,298072
2021-06-11 10:57:43,993.15,298083
2021-06-11 10:57:46,992.75,298084
2021-06-11 10:57:49,992.65,298123
2021-06-11 10:57:53,992.75,298181
2021-06-11 10:57:56,992.75,298181
2021-06-11 10:58:00,992.8,298219
2021-06-11 10:58:04,992.8,298260
2021-06-11 10:58:07,992.8,298260
2021-06-11 10:58:10,992.8,298260
2021-06-11 10:58:14,992.8,298260
2021-06-11 10:58:17,992.8,298300
2021-06-11 10:58:23,992.8,298300
2021-06-11 10:58:26,992.8,298300
2021-06-11 10:58:29,992.8,298300
2021-06-11 10:58:32,993.2,298376
2021-06-11 10:58:35,992.8,298473
2021-06-11 10:58:38,992.8,298473
2021-06-11 10:58:41,993.15,298484
2021-06-11 10:58:45,993.15,298484
2021-06-11 10:58:48,993.15,298580
2021-06-11 10:58:51,993.15,298580
2021-06-11 10:58:54,993.15,298580
2021-06-11 10:58:57,993.15,298584
2021-06-11 10:59:00,993.15,298584
2021-06-11 10:59:03,992.85,298601
2021-06-11 10:59:06,992.85,298637
2021-06-11 10:59:08,992.85,298637
2021-06-11 10:59:11,992.85,298637
2021-06-11 10:59:14,992.85,298668
2021-06-11 10:59:17,993.0,298709
2021-06-11 10:59:20,992.85,298760
2021-06-11 10:59:24,992.85,298760
2021-06-11 10:59:27,993.0,298762
2021-06-11 10:59:30,993.05,299762
2021-06-11 10:59:33,993.05,299815
2021-06-11 10:59:36,993.05,299815
2021-06-11 10:59:39,993.05,299815
2021-06-11 10:59:42,993.05,299815
2021-06-11 10:59:45,993.05,299815
2021-06-11 10:59:48,993.05,299876
2021-06-11 10:59:51,993.05,299972
2021-06-11 10:59:54,993.05,299974
2021-06-11 10:59:58,993.05,299975
2021-06-11 11:00:01,993.35,301085
2021-06-11 11:00:05,993.35,301085
2021-06-11 11:00:08,993.35,301085
2021-06-11 11:00:11,993.2,301286
2021-06-11 11:00:14,993.75,301351
2021-06-11 11:00:17,994.35,301852
2021-06-11 11:00:21,994.35,301952
2021-06-11 11:00:25,994.35,301952
2021-06-11 11:00:29,993.95,301953
2021-06-11 11:00:32,993.55,302076
2021-06-11 11:00:35,994.15,302370
2021-06-11 11:00:38,994.15,302370
2021-06-11 11:00:44,994.15,302378
2021-06-11 11:00:46,993.7,302518
2021-06-11 11:00:50,994.15,302519
2021-06-11 11:00:53,994.0,302619
2021-06-11 11:00:56,994.0,302619
2021-06-11 11:00:59,993.95,302644
2021-06-11 11:01:02,993.5,302685
2021-06-11 11:01:06,993.95,303115
2021-06-11 11:01:10,993.5,303126
2021-06-11 11:01:13,993.7,303141
2021-06-11 11:01:16,993.5,303475
2021-06-11 11:01:19,993.35,303516
2021-06-11 11:01:22,993.35,303516
2021-06-11 11:01:25,993.35,303780
2021-06-11 11:01:28,993.5,303930
2021-06-11 11:01:32,993.05,304000
2021-06-11 11:01:35,993.05,304000
2021-06-11 11:01:38,993.05,304100
2021-06-11 11:01:41,993.4,304110
2021-06-11 11:01:47,993.1,304352
2021-06-11 11:01:49,993.1,304352
2021-06-11 11:01:52,993.1,304360
2021-06-11 11:01:59,993.3,304460
2021-06-11 11:02:02,993.1,304505
2021-06-11 11:02:05,993.1,304505
2021-06-11 11:02:08,993.1,304505
2021-06-11 11:02:11,993.1,304505
2021-06-11 11:02:14,993.1,304505
2021-06-11 11:02:17,993.1,304546
2021-06-11 11:02:20,993.1,304591
2021-06-11 11:02:23,993.2,304618
2021-06-11 11:02:27,993.1,304718
2021-06-11 11:02:31,993.1,304758
2021-06-11 11:02:35,993.2,304863
2021-06-11 11:02:38,993.2,304863
2021-06-11 11:02:42,993.2,304863
2021-06-11 11:02:46,993.1,304959
2021-06-11 11:02:49,993.1,305000
2021-06-11 11:02:52,993.2,305007
2021-06-11 11:02:56,993.2,305044
2021-06-11 11:02:59,993.45,305158
2021-06-11 11:03:03,993.45,305211
2021-06-11 11:03:06,993.45,305211
2021-06-11 11:03:08,993.45,305225
2021-06-11 11:03:12,993.45,305225
2021-06-11 11:03:16,993.15,305272
2021-06-11 11:03:19,993.15,305274
2021-06-11 11:03:26,993.15,305274
2021-06-11 11:03:29,993.15,305274
2021-06-11 11:03:31,993.2,305314
2021-06-11 11:03:37,993.45,305315
2021-06-11 11:03:40,993.45,305427
2021-06-11 11:03:43,993.45,305428
2021-06-11 11:03:46,993.25,305479
2021-06-11 11:03:50,993.25,305479
2021-06-11 11:03:54,993.25,305479
2021-06-11 11:03:57,993.25,305479
2021-06-11 11:04:01,993.25,305512
2021-06-11 11:04:04,993.25,305524
2021-06-11 11:04:07,993.5,305546
2021-06-11 11:04:10,993.5,305547
2021-06-11 11:04:14,993.5,305558
2021-06-11 11:04:16,993.2,305599
2021-06-11 11:04:19,993.5,305799
2021-06-11 11:04:22,993.5,305799
2021-06-11 11:04:25,993.2,305800
2021-06-11 11:04:28,993.5,305801
2021-06-11 11:04:31,993.5,305801
2021-06-11 11:04:34,993.5,305863
2021-06-11 11:04:38,993.5,305863
2021-06-11 11:04:41,993.5,305876
2021-06-11 11:04:44,993.5,305876
2021-06-11 11:04:47,993.5,305932
2021-06-11 11:04:50,993.5,305932
2021-06-11 11:04:53,993.5,305932
2021-06-11 11:04:56,993.5,305932
2021-06-11 11:04:59,993.5,305932
2021-06-11 11:05:03,993.15,305969
2021-06-11 11:05:06,993.15,305973
2021-06-11 11:05:09,993.15,305978
2021-06-11 11:05:12,993.15,306074
2021-06-11 11:05:15,993.15,306074
2021-06-11 11:05:18,993.05,306128
2021-06-11 11:05:21,993.05,306128
2021-06-11 11:05:24,993.05,306138
2021-06-11 11:05:27,993.1,306198
2021-06-11 11:05:31,993.1,306223
2021-06-11 11:05:33,993.05,306263
2021-06-11 11:05:36,993.05,306263
2021-06-11 11:05:41,993.05,306291
2021-06-11 11:05:44,993.0,306306
2021-06-11 11:05:47,993.05,306348
2021-06-11 11:05:50,993.05,306351
2021-06-11 11:05:53,993.05,306351
2021-06-11 11:05:56,993.0,306752
2021-06-11 11:05:59,993.0,306752
2021-06-11 11:06:02,992.85,306785
2021-06-11 11:06:05,992.8,306806
2021-06-11 11:06:08,992.8,306806
2021-06-11 11:06:13,992.8,306806
2021-06-11 11:06:16,992.8,306844
2021-06-11 11:06:18,992.8,306897
2021-06-11 11:06:21,992.8,306897
2021-06-11 11:06:24,992.8,306897
2021-06-11 11:06:26,992.8,306897
2021-06-11 11:06:29,992.55,306977
2021-06-11 11:06:32,992.55,307023
2021-06-11 11:06:35,992.5,307033
2021-06-11 11:06:38,992.4,307333
2021-06-11 11:06:41,992.4,307369
2021-06-11 11:06:44,992.35,307669
2021-06-11 11:06:47,992.35,308014
2021-06-11 11:06:49,992.55,308162
2021-06-11 11:06:53,992.2,308187
2021-06-11 11:06:55,992.2,308187
2021-06-11 11:06:59,992.2,308187
2021-06-11 11:07:02,992.2,308441
2021-06-11 11:07:05,992.15,308476
2021-06-11 11:07:08,992.2,308481
2021-06-11 11:07:12,992.1,308491
2021-06-11 11:07:15,992.2,308492
2021-06-11 11:07:18,992.1,308502
2021-06-11 11:07:21,992.05,308562
2021-06-11 11:07:24,992.0,308582
2021-06-11 11:07:27,991.65,310252
2021-06-11 11:07:29,991.1,312265
2021-06-11 11:07:33,991.05,312310
2021-06-11 11:07:36,991.4,312928
2021-06-11 11:07:39,991.05,312983
2021-06-11 11:07:41,991.4,313124
2021-06-11 11:07:44,991.4,313194
2021-06-11 11:07:47,991.4,313246
2021-06-11 11:07:49,991.05,313247
2021-06-11 11:07:52,991.05,313247
2021-06-11 11:07:55,991.4,313250
2021-06-11 11:07:58,991.05,313351
2021-06-11 11:08:01,991.15,313591
2021-06-11 11:08:04,991.5,313800
2021-06-11 11:08:07,991.25,313882
2021-06-11 11:08:10,991.25,313882
2021-06-11 11:08:13,991.65,313935
2021-06-11 11:08:16,991.3,313999
2021-06-11 11:08:20,991.7,314183
2021-06-11 11:08:24,991.65,314186
2021-06-11 11:08:28,991.2,315001
2021-06-11 11:08:31,991.35,315098
2021-06-11 11:08:35,991.35,315098
2021-06-11 11:08:38,991.35,315098
2021-06-11 11:08:41,991.35,315098
2021-06-11 11:08:44,991.8,315100
2021-06-11 11:08:47,991.8,315142
2021-06-11 11:08:50,991.8,315142
2021-06-11 11:08:53,991.5,315152
2021-06-11 11:08:56,991.5,315152
2021-06-11 11:08:59,991.9,315830
2021-06-11 11:09:03,991.85,315870
2021-06-11 11:09:06,992.25,316400
2021-06-11 11:09:09,992.25,316400
2021-06-11 11:09:13,992.25,316400
2021-06-11 11:09:16,991.9,316457
2021-06-11 11:09:20,991.55,316483
2021-06-11 11:09:23,991.9,317348
2021-06-11 11:09:26,991.4,317380
2021-06-11 11:09:29,991.4,317382
2021-06-11 11:09:32,991.3,317422
2021-06-11 11:09:36,991.4,317460
2021-06-11 11:09:39,991.4,317513
2021-06-11 11:09:42,991.65,317615
2021-06-11 11:09:48,991.65,317711
2021-06-11 11:09:51,991.4,317762
2021-06-11 11:09:55,991.65,317767
2021-06-11 11:09:59,991.4,317777
2021-06-11 11:10:02,991.65,317822
2021-06-11 11:10:06,991.65,317822
2021-06-11 11:10:08,991.65,317827
2021-06-11 11:10:11,991.65,317831
2021-06-11 11:10:15,991.65,317831
2021-06-11 11:10:18,991.65,317872
2021-06-11 11:10:22,991.95,317892
2021-06-11 11:10:25,991.7,317902
2021-06-11 11:10:28,991.7,317912
2021-06-11 11:10:31,991.7,317952
2021-06-11 11:10:34,991.7,317952
2021-06-11 11:10:37,991.95,317954
2021-06-11 11:10:40,991.55,318389
2021-06-11 11:10:43,991.5,318393
2021-06-11 11:10:47,991.35,319162
2021-06-11 11:10:50,991.1,319280
2021-06-11 11:10:54,991.05,319281
2021-06-11 11:10:57,991.0,319297
2021-06-11 11:11:00,990.8,320627
2021-06-11 11:11:05,990.25,320776
2021-06-11 11:11:08,990.25,320776
2021-06-11 11:11:12,990.75,320859
2021-06-11 11:11:15,990.75,320861
2021-06-11 11:11:18,990.25,321056
2021-06-11 11:11:21,990.75,321058
2021-06-11 11:11:24,990.75,321065
2021-06-11 11:11:28,990.75,321065
2021-06-11 11:11:31,990.4,321162
2021-06-11 11:11:34,990.75,321168
2021-06-11 11:11:38,990.2,321235
2021-06-11 11:11:41,990.5,321337
2021-06-11 11:11:45,990.55,321442
2021-06-11 11:11:48,990.55,321545
2021-06-11 11:11:51,990.55,321556
2021-06-11 11:11:54,990.55,321566
2021-06-11 11:11:58,990.55,321571
2021-06-11 11:12:01,990.6,321617
2021-06-11 11:12:07,990.6,321680
2021-06-11 11:12:11,990.6,321736
2021-06-11 11:12:14,990.6,321736
2021-06-11 11:12:17,990.6,322225
2021-06-11 11:12:20,990.5,322332
2021-06-11 11:12:23,990.5,322333
2021-06-11 11:12:26,990.6,322490
2021-06-11 11:12:29,990.6,322511
2021-06-11 11:12:32,990.5,322552
2021-06-11 11:12:35,990.5,322552
2021-06-11 11:12:39,990.5,322552
2021-06-11 11:12:42,990.5,322837
2021-06-11 11:12:45,990.5,322839
2021-06-11 11:12:49,990.6,322929
2021-06-11 11:12:53,990.5,323130
2021-06-11 11:12:56,990.5,323182
2021-06-11 11:12:59,990.6,323214
2021-06-11 11:13:03,990.5,323236
2021-06-11 11:13:06,990.25,323255
2021-06-11 11:13:10,990.1,323405
2021-06-11 11:13:13,990.5,323482
2021-06-11 11:13:17,990.5,323533
2021-06-11 11:13:20,990.6,323541
2021-06-11 11:13:23,990.5,323801
2021-06-11 11:13:26,990.6,323804
2021-06-11 11:13:29,990.6,323804
2021-06-11 11:13:33,990.5,323846
2021-06-11 11:13:36,990.6,323849
2021-06-11 11:13:39,990.6,323849
2021-06-11 11:13:42,990.6,324002
2021-06-11 11:13:44,990.6,324009
2021-06-11 11:13:47,990.6,324097
2021-06-11 11:13:50,990.2,324098
2021-06-11 11:13:53,990.2,324128
2021-06-11 11:13:57,990.2,324128
2021-06-11 11:14:00,990.15,324228
2021-06-11 11:14:03,990.15,324294
2021-06-11 11:14:06,990.6,324306
2021-06-11 11:14:09,990.15,324327
2021-06-11 11:14:12,990.6,324431
2021-06-11 11:14:15,990.6,324441
2021-06-11 11:14:18,990.5,324481
2021-06-11 11:14:21,990.6,324483
2021-06-11 11:14:24,990.6,324488
2021-06-11 11:14:27,990.6,324488
2021-06-11 11:14:30,990.6,324490
2021-06-11 11:14:33,990.5,324995
2021-06-11 11:14:36,990.45,325421
2021-06-11 11:14:40,990.25,325426
2021-06-11 11:14:43,990.15,325466
2021-06-11 11:14:46,990.55,326256
2021-06-11 11:14:50,990.3,326262
2021-06-11 11:14:53,990.3,326271
2021-06-11 11:14:56,991.0,327021
2021-06-11 11:15:00,990.9,327030
2021-06-11 11:15:03,990.4,327057
2021-06-11 11:15:07,990.4,327085
2021-06-11 11:15:11,990.4,327085
2021-06-11 11:15:15,990.2,327090
2021-06-11 11:15:19,990.15,327137
2021-06-11 11:15:23,990.1,327526
2021-06-11 11:15:27,989.8,333344
2021-06-11 11:15:32,989.9,333705
2021-06-11 11:15:36,989.2,333950
2021-06-11 11:15:41,989.15,334250
2021-06-11 11:15:46,989.15,334556
2021-06-11 11:15:50,989.05,334620
2021-06-11 11:15:54,989.45,334678
2021-06-11 11:15:58,989.45,334685
2021-06-11 11:16:02,989.2,334828
2021-06-11 11:16:06,989.5,335680
2021-06-11 11:16:10,989.5,335905
2021-06-11 11:16:13,989.5,335961
2021-06-11 11:16:17,989.5,336134
2021-06-11 11:16:21,989.5,336414
2021-06-11 11:16:24,989.5,336438
2021-06-11 11:16:28,989.0,336971
2021-06-11 11:16:31,989.0,337139
2021-06-11 11:16:35,989.45,337147
2021-06-11 11:16:39,989.05,337167
2021-06-11 11:16:42,989.0,337573
2021-06-11 11:16:45,989.0,337585
2021-06-11 11:16:49,989.45,338038
2021-06-11 11:16:52,989.25,338043
2021-06-11 11:16:56,989.0,338118
2021-06-11 11:16:59,989.0,338118
2021-06-11 11:17:02,989.0,338170
2021-06-11 11:17:06,989.0,338234
2021-06-11 11:17:09,989.4,338433
2021-06-11 11:17:12,989.2,338434
2021-06-11 11:17:16,989.2,338529
2021-06-11 11:17:19,989.4,338555
2021-06-11 11:17:22,989.65,338916
2021-06-11 11:17:26,989.3,338934
2021-06-11 11:17:30,989.65,338941
2021-06-11 11:17:34,989.2,339534
2021-06-11 11:17:37,989.65,340007
2021-06-11 11:17:41,989.35,340016
2021-06-11 11:17:44,989.35,340016
2021-06-11 11:17:47,989.25,340154
2021-06-11 11:17:51,989.65,340166
2021-06-11 11:17:54,989.25,340191
2021-06-11 11:17:57,989.7,340202
2021-06-11 11:18:00,989.25,340308
2021-06-11 11:18:04,989.7,340309
2021-06-11 11:18:07,989.25,340356
2021-06-11 11:18:11,989.25,340356
2021-06-11 11:18:14,989.25,340356
2021-06-11 11:18:17,989.25,340721
2021-06-11 11:18:21,989.0,340756
2021-06-11 11:18:24,989.25,340859
2021-06-11 11:18:26,989.0,340874
2021-06-11 11:18:29,989.2,340884
2021-06-11 11:18:33,989.2,340937
2021-06-11 11:18:36,989.2,340939
2021-06-11 11:18:40,989.2,340939
2021-06-11 11:18:43,989.2,340989
2021-06-11 11:18:46,989.1,341130
2021-06-11 11:18:49,989.05,341160
2021-06-11 11:18:53,989.1,341197
2021-06-11 11:18:56,989.1,341197
2021-06-11 11:19:00,989.1,341209
2021-06-11 11:19:03,989.05,341341
2021-06-11 11:19:06,989.0,341535
2021-06-11 11:19:09,989.1,341548
2021-06-11 11:19:12,989.0,341568
2021-06-11 11:19:15,989.1,341622
2021-06-11 11:19:19,989.0,341673
2021-06-11 11:19:22,989.0,341733
2021-06-11 11:19:25,989.1,342429
2021-06-11 11:19:28,989.1,342464
2021-06-11 11:19:31,989.0,342505
2021-06-11 11:19:34,989.05,342799
2021-06-11 11:19:38,988.8,343107
2021-06-11 11:19:41,988.85,343190
2021-06-11 11:19:44,988.85,343190
2021-06-11 11:19:47,988.8,343246
2021-06-11 11:19:50,988.1,347472
2021-06-11 11:19:53,988.6,347823
2021-06-11 11:19:57,988.55,348066
2021-06-11 11:20:00,988.2,348436
2021-06-11 11:20:03,988.55,348509
2021-06-11 11:20:06,988.55,348511
2021-06-11 11:20:10,988.2,348553
2021-06-11 11:20:14,988.05,349053
2021-06-11 11:20:17,988.0,349421
2021-06-11 11:20:21,988.4,349427
2021-06-11 11:20:25,988.25,349442
2021-06-11 11:20:29,988.1,349810
2021-06-11 11:20:33,988.4,349910
2021-06-11 11:20:36,989.0,351942
2021-06-11 11:20:39,988.3,351959
2021-06-11 11:20:42,988.8,351974
2021-06-11 11:20:45,988.7,352075
2021-06-11 11:20:49,988.7,352169
2021-06-11 11:20:52,988.1,352691
2021-06-11 11:20:55,988.65,352696
2021-06-11 11:20:58,988.7,352974
2021-06-11 11:21:01,988.1,353016
2021-06-11 11:21:04,988.0,353066
2021-06-11 11:21:08,988.0,353066
2021-06-11 11:21:11,988.55,353666
2021-06-11 11:21:14,988.5,353906
2021-06-11 11:21:17,988.1,353951
2021-06-11 11:21:20,988.1,353982
2021-06-11 11:21:23,988.1,354040
2021-06-11 11:21:27,988.2,354247
2021-06-11 11:21:31,988.2,354299
2021-06-11 11:21:34,988.2,354299
2021-06-11 11:21:37,988.35,354300
2021-06-11 11:21:41,988.35,354422
2021-06-11 11:21:44,988.4,354443
2021-06-11 11:21:46,988.35,354484
2021-06-11 11:21:50,988.65,354743
2021-06-11 11:21:53,988.35,354745
2021-06-11 11:21:56,988.8,354746
2021-06-11 11:22:00,988.45,354757
2021-06-11 11:22:04,988.7,354918
2021-06-11 11:22:08,988.35,354919
2021-06-11 11:22:11,988.7,354999
2021-06-11 11:22:14,988.7,355032
2021-06-11 11:22:16,988.7,355096
2021-06-11 11:22:19,988.7,355128
2021-06-11 11:22:22,988.7,355249
2021-06-11 11:22:25,988.7,355378
2021-06-11 11:22:28,988.8,355428
2021-06-11 11:22:31,988.45,355448
2021-06-11 11:22:34,988.35,355468
2021-06-11 11:22:37,988.35,355468
2021-06-11 11:22:40,988.35,355468
2021-06-11 11:22:43,988.3,355568
2021-06-11 11:22:46,988.4,355597
2021-06-11 11:22:49,988.3,355639
2021-06-11 11:22:52,988.3,355639
2021-06-11 11:22:55,988.3,355639
2021-06-11 11:22:58,988.45,355649
2021-06-11 11:23:00,988.45,355650
2021-06-11 11:23:06,988.45,355766
2021-06-11 11:23:12,988.7,355776
2021-06-11 11:23:15,988.7,355807
2021-06-11 11:23:18,988.45,356849
2021-06-11 11:23:21,988.8,357051
2021-06-11 11:23:24,988.7,357063
2021-06-11 11:23:27,988.7,357063
2021-06-11 11:23:30,988.5,357064
2021-06-11 11:23:33,988.3,357174
2021-06-11 11:23:35,988.7,357402
2021-06-11 11:23:39,988.75,357442
2021-06-11 11:23:42,988.5,357445
2021-06-11 11:23:45,988.05,357620
2021-06-11 11:23:48,988.25,357702
2021-06-11 11:23:51,988.25,357703
2021-06-11 11:23:55,988.7,358061
2021-06-11 11:23:57,988.7,358074
2021-06-11 11:24:00,988.7,358074
2021-06-11 11:24:03,988.7,358114
2021-06-11 11:24:06,988.7,358115
2021-06-11 11:24:09,988.15,358267
2021-06-11 11:24:12,988.05,358268
2021-06-11 11:24:15,988.05,358268
2021-06-11 11:24:17,988.25,358273
2021-06-11 11:24:21,988.15,358425
2021-06-11 11:24:24,988.15,358479
2021-06-11 11:24:28,988.15,358508
2021-06-11 11:24:33,988.15,358548
2021-06-11 11:24:37,988.25,358600
2021-06-11 11:24:41,988.15,358617
2021-06-11 11:24:44,988.15,358709
2021-06-11 11:24:47,988.0,359006
2021-06-11 11:24:50,988.0,359079
2021-06-11 11:24:54,988.0,359080
2021-06-11 11:24:57,988.15,359140
2021-06-11 11:25:00,988.15,359178
2021-06-11 11:25:03,988.15,359219
2021-06-11 11:25:07,988.15,359231
2021-06-11 11:25:10,988.15,359231
2021-06-11 11:25:14,988.15,359231
2021-06-11 11:25:17,988.15,359273
2021-06-11 11:25:21,988.0,359377
2021-06-11 11:25:26,988.2,359466
2021-06-11 11:25:30,988.15,359476
2021-06-11 11:25:33,988.15,359516
2021-06-11 11:25:37,988.15,359516
2021-06-11 11:25:41,988.0,359616
2021-06-11 11:25:44,988.2,359625
2021-06-11 11:25:47,988.0,359669
2021-06-11 11:25:51,988.15,359675
2021-06-11 11:26:03,988.0,361313
2021-06-11 11:26:07,988.0,361444
2021-06-11 11:26:11,988.05,361456
2021-06-11 11:26:15,988.45,361461
2021-06-11 11:26:19,988.1,361502
2021-06-11 11:26:22,988.1,361528
2021-06-11 11:26:25,988.1,361578
2021-06-11 11:26:29,988.1,361582
2021-06-11 11:26:32,988.1,361707
2021-06-11 11:26:38,988.5,361969
2021-06-11 11:26:41,988.5,361972
2021-06-11 11:26:45,988.5,361972
2021-06-11 11:26:48,988.2,362015
2021-06-11 11:26:52,988.1,362028
2021-06-11 11:26:55,988.2,362031
2021-06-11 11:26:58,988.2,362031
2021-06-11 11:27:01,988.2,362032
2021-06-11 11:27:04,988.1,362072
2021-06-11 11:27:07,988.15,362074
2021-06-11 11:27:11,988.95,363233
2021-06-11 11:27:15,988.95,363233
2021-06-11 11:27:19,988.2,363274
2021-06-11 11:27:23,988.25,363320
2021-06-11 11:27:26,988.6,363650
2021-06-11 11:27:30,988.2,363653
2021-06-11 11:27:34,988.3,363716
2021-06-11 11:27:38,988.65,363846
2021-06-11 11:27:41,988.3,363865
2021-06-11 11:27:45,988.65,363891
2021-06-11 11:27:48,988.3,363933
2021-06-11 11:27:51,988.65,363934
2021-06-11 11:27:54,988.65,364002
2021-06-11 11:27:57,988.65,364023
2021-06-11 11:28:00,988.65,364023
2021-06-11 11:28:04,988.3,364066
2021-06-11 11:28:07,988.65,364141
2021-06-11 11:28:11,988.65,364141
2021-06-11 11:28:14,988.65,364225
2021-06-11 11:28:17,988.3,364272
2021-06-11 11:28:23,988.65,364273
2021-06-11 11:28:26,988.65,364273
2021-06-11 11:28:30,988.65,364273
2021-06-11 11:28:33,988.65,364538
2021-06-11 11:28:36,988.35,364540
2021-06-11 11:28:43,988.35,364540
2021-06-11 11:28:47,988.4,364560
2021-06-11 11:28:51,988.3,364634
2021-06-11 11:28:55,988.35,364668
2021-06-11 11:28:58,988.35,364668
2021-06-11 11:29:02,988.3,364710
2021-06-11 11:29:09,988.3,364753
2021-06-11 11:29:12,988.3,364753
2021-06-11 11:29:15,988.4,364807
2021-06-11 11:29:18,988.4,364949
2021-06-11 11:29:21,988.4,364952
2021-06-11 11:29:24,988.4,364952
2021-06-11 11:29:28,988.4,364952
2021-06-11 11:29:31,988.35,365046
2021-06-11 11:29:35,988.35,365047
2021-06-11 11:29:38,988.4,365048
2021-06-11 11:29:42,988.4,365048
2021-06-11 11:29:46,988.35,365100
2021-06-11 11:29:50,988.4,365109
2021-06-11 11:29:53,988.45,365223
2021-06-11 11:29:56,988.35,365232
2021-06-11 11:29:59,988.45,365282
2021-06-11 11:30:02,988.35,365322
2021-06-11 11:30:05,988.35,365395
2021-06-11 11:30:08,988.4,365415
2021-06-11 11:30:12,988.35,365471
2021-06-11 11:30:16,988.3,365595
2021-06-11 11:30:20,988.3,365636
2021-06-11 11:30:24,988.4,365647
2021-06-11 11:30:27,988.4,365647
2021-06-11 11:30:30,988.4,365669
2021-06-11 11:30:37,988.2,365809
2021-06-11 11:30:40,988.2,365809
2021-06-11 11:30:43,988.1,365810
2021-06-11 11:30:47,988.2,365970
2021-06-11 11:30:50,988.1,366001
2021-06-11 11:30:53,988.2,366022
2021-06-11 11:30:57,988.35,366023
2021-06-11 11:31:00,988.35,366025
2021-06-11 11:31:03,988.1,366066
2021-06-11 11:31:07,988.1,366067
2021-06-11 11:31:10,988.1,366069
2021-06-11 11:31:13,988.1,366069
2021-06-11 11:31:17,988.1,366179
2021-06-11 11:31:20,988.75,366981
2021-06-11 11:31:24,988.35,367017
2021-06-11 11:31:27,988.15,367177
2021-06-11 11:31:30,988.15,367178
2021-06-11 11:31:33,988.5,367219
2021-06-11 11:31:36,988.5,367270
2021-06-11 11:31:39,988.25,367271
2021-06-11 11:31:42,988.25,367271
2021-06-11 11:31:46,988.5,367416
2021-06-11 11:31:49,988.2,367424
2021-06-11 11:31:53,988.2,367497
