timestamp,ltp,volume
2021-04-28 09:15:15,10199.0,5793
2021-04-28 09:15:16,10200.0,5941
2021-04-28 09:15:17,10191.25,6114
2021-04-28 09:15:18,10199.9,6227
2021-04-28 09:15:19,10194.8,6296
2021-04-28 09:15:20,10199.9,6330
2021-04-28 09:15:21,10196.85,6568
2021-04-28 09:15:22,10180.45,6689
2021-04-28 09:15:23,10185.7,6885
2021-04-28 09:15:24,10183.0,7070
2021-04-28 09:15:25,10188.95,7198
2021-04-28 09:15:26,10190.75,7267
2021-04-28 09:15:27,10181.0,7386
2021-04-28 09:15:28,10185.45,7723
2021-04-28 09:15:29,10187.05,7820
2021-04-28 09:15:30,10190.75,7866
2021-04-28 09:15:31,10193.5,7893
2021-04-28 09:15:32,10193.65,7941
2021-04-28 09:15:34,10209.95,8376
2021-04-28 09:15:35,10218.0,8561
2021-04-28 09:15:36,10215.55,8616
2021-04-28 09:15:38,10208.05,8709
2021-04-28 09:15:38,10212.8,8910
2021-04-28 09:15:40,10213.8,9038
2021-04-28 09:15:41,10209.25,9269
2021-04-28 09:15:42,10222.0,9479
2021-04-28 09:15:42,10230.0,9542
2021-04-28 09:15:43,10222.25,9581
2021-04-28 09:15:44,10224.3,9599
2021-04-28 09:15:45,10229.85,9718
2021-04-28 09:15:46,10229.6,9917
2021-04-28 09:15:47,10223.6,10037
2021-04-28 09:15:48,10235.0,10289
2021-04-28 09:15:50,10237.8,10580
2021-04-28 09:15:51,10232.3,10741
2021-04-28 09:15:52,10236.35,10840
2021-04-28 09:15:53,10234.4,10948
2021-04-28 09:15:53,10250.0,11105
2021-04-28 09:15:54,10234.05,11341
2021-04-28 09:15:55,10239.15,11506
2021-04-28 09:15:56,10249.5,11803
2021-04-28 09:15:57,10246.2,12280
2021-04-28 09:15:58,10244.65,12293
2021-04-28 09:16:00,10236.15,12545
2021-04-28 09:15:59,10236.05,12422
2021-04-28 09:16:01,10235.0,12957
2021-04-28 09:16:02,10232.6,13256
2021-04-28 09:16:03,10239.0,13580
2021-04-28 09:16:04,10242.4,13689
2021-04-28 09:16:05,10230.0,14125
2021-04-28 09:16:06,10229.45,14789
2021-04-28 09:16:07,10238.35,14878
2021-04-28 09:16:08,10245.3,15270
2021-04-28 09:16:09,10237.6,15401
2021-04-28 09:16:10,10236.6,15466
2021-04-28 09:16:11,10240.45,15560
2021-04-28 09:16:12,10245.0,15591
2021-04-28 09:16:13,10240.55,15643
2021-04-28 09:16:14,10233.2,15826
2021-04-28 09:16:15,10240.75,15862
2021-04-28 09:16:16,10240.55,15925
2021-04-28 09:16:18,10244.5,16269
2021-04-28 09:16:19,10244.95,16329
2021-04-28 09:16:20,10241.85,16349
2021-04-28 09:16:21,10240.75,16389
2021-04-28 09:16:21,10240.75,16389
2021-04-28 09:16:22,10244.95,16443
2021-04-28 09:16:23,10245.0,16476
2021-04-28 09:16:24,10244.5,16495
2021-04-28 09:16:25,10244.5,16498
2021-04-28 09:16:26,10240.7,16678
2021-04-28 09:16:27,10235.7,16744
2021-04-28 09:16:28,10244.5,16816
2021-04-28 09:16:29,10237.05,16890
2021-04-28 09:16:31,10245.0,17093
2021-04-28 09:16:32,10247.95,17134
2021-04-28 09:16:34,10245.0,17288
2021-04-28 09:16:35,10248.0,17307
2021-04-28 09:16:36,10245.05,17390
2021-04-28 09:16:37,10245.05,17611
2021-04-28 09:16:38,10253.35,19098
2021-04-28 09:16:39,10256.25,19320
2021-04-28 09:16:41,10265.55,19556
2021-04-28 09:16:42,10253.95,19694
2021-04-28 09:16:43,10255.8,19770
2021-04-28 09:16:43,10255.8,19770
2021-04-28 09:16:44,10259.35,19857
2021-04-28 09:16:45,10259.35,20097
2021-04-28 09:16:46,10260.0,20351
2021-04-28 09:16:48,10264.15,20556
2021-04-28 09:16:49,10258.4,20804
2021-04-28 09:16:49,10264.9,20816
2021-04-28 09:16:50,10260.05,20859
2021-04-28 09:16:51,10263.15,21024
2021-04-28 09:16:52,10259.3,21074
2021-04-28 09:16:53,10260.0,21113
2021-04-28 09:16:54,10255.3,21200
2021-04-28 09:16:55,10259.9,21302
2021-04-28 09:16:56,10255.0,21339
2021-04-28 09:16:57,10255.4,21349
2021-04-28 09:16:58,10259.85,21383
2021-04-28 09:16:59,10252.55,21585
2021-04-28 09:17:02,10248.5,21837
2021-04-28 09:17:04,10246.5,22304
2021-04-28 09:17:05,10247.7,22535
2021-04-28 09:17:06,10240.75,22621
2021-04-28 09:17:07,10247.8,22950
2021-04-28 09:17:08,10247.05,23002
2021-04-28 09:17:09,10253.0,23063
2021-04-28 09:17:10,10254.95,23285
2021-04-28 09:17:11,10250.4,23296
2021-04-28 09:17:12,10254.15,23329
2021-04-28 09:17:13,10247.4,23349
2021-04-28 09:17:14,10250.0,23376
2021-04-28 09:17:15,10246.8,23436
2021-04-28 09:17:16,10247.4,23454
2021-04-28 09:17:17,10246.55,23500
2021-04-28 09:17:18,10251.95,23674
2021-04-28 09:17:19,10252.95,23745
2021-04-28 09:17:21,10250.25,24101
2021-04-28 09:17:22,10250.05,24147
2021-04-28 09:17:23,10244.25,24854
2021-04-28 09:17:24,10250.2,24962
2021-04-28 09:17:25,10245.05,24968
2021-04-28 09:17:26,10244.45,25013
2021-04-28 09:17:27,10244.15,25032
2021-04-28 09:17:28,10248.45,25039
2021-04-28 09:17:29,10250.0,25121
2021-04-28 09:17:30,10250.0,25121
2021-04-28 09:17:31,10245.05,25355
2021-04-28 09:17:32,10246.6,25428
2021-04-28 09:17:33,10240.0,25494
2021-04-28 09:17:34,10244.4,25530
2021-04-28 09:17:35,10238.15,25532
2021-04-28 09:17:36,10242.25,25547
2021-04-28 09:17:37,10239.6,25858
2021-04-28 09:17:38,10240.0,25910
2021-04-28 09:17:39,10230.0,26130
2021-04-28 09:17:40,10230.15,26195
2021-04-28 09:17:42,10240.95,26762
2021-04-28 09:17:43,10237.55,26785
2021-04-28 09:17:44,10237.65,26837
2021-04-28 09:17:44,10237.65,26837
2021-04-28 09:17:45,10233.3,26988
2021-04-28 09:17:46,10230.0,27186
2021-04-28 09:17:47,10235.2,27195
2021-04-28 09:17:48,10225.2,27763
2021-04-28 09:17:49,10225.05,27776
2021-04-28 09:17:50,10230.0,27812
2021-04-28 09:17:51,10221.15,27831
2021-04-28 09:17:52,10221.5,27846
2021-04-28 09:17:53,10230.0,28031
2021-04-28 09:17:54,10224.8,28089
2021-04-28 09:17:55,10222.75,28182
2021-04-28 09:17:56,10224.05,28244
2021-04-28 09:17:58,10230.0,28250
2021-04-28 09:17:59,10229.95,28275
2021-04-28 09:17:59,10230.0,28425
2021-04-28 09:18:00,10229.95,28454
2021-04-28 09:18:01,10225.1,28495
2021-04-28 09:18:02,10229.95,28518
2021-04-28 09:18:03,10230.0,28528
2021-04-28 09:18:04,10224.05,28576
2021-04-28 09:18:05,10221.35,28606
2021-04-28 09:18:06,10220.05,28699
2021-04-28 09:18:08,10225.6,28734
2021-04-28 09:18:10,10220.1,28836
2021-04-28 09:18:11,10220.0,28949
2021-04-28 09:18:12,10224.75,28951
2021-04-28 09:18:12,10224.75,28951
2021-04-28 09:18:13,10226.6,28972
2021-04-28 09:18:14,10229.1,29330
2021-04-28 09:18:15,10225.0,29466
2021-04-28 09:18:16,10235.35,29518
2021-04-28 09:18:17,10225.35,29923
2021-04-28 09:18:18,10237.65,30450
2021-04-28 09:18:19,10243.25,30580
2021-04-28 09:18:20,10244.7,30598
2021-04-28 09:18:21,10246.1,30609
2021-04-28 09:18:22,10229.95,31526
2021-04-28 09:18:23,10239.75,31573
2021-04-28 09:18:24,10235.6,31776
2021-04-28 09:18:25,10235.0,31895
2021-04-28 09:18:26,10235.0,31996
2021-04-28 09:18:27,10235.2,32009
2021-04-28 09:18:28,10235.35,32019
2021-04-28 09:18:29,10239.1,32040
2021-04-28 09:18:30,10235.2,32053
2021-04-28 09:18:31,10240.0,32219
2021-04-28 09:18:33,10238.45,32249
2021-04-28 09:18:33,10232.25,32259
2021-04-28 09:18:34,10232.15,32319
2021-04-28 09:18:35,10241.1,32327
2021-04-28 09:18:36,10239.95,32337
2021-04-28 09:18:37,10230.5,32401
2021-04-28 09:18:38,10234.8,32455
2021-04-28 09:18:39,10233.05,32469
2021-04-28 09:18:40,10231.0,32486
2021-04-28 09:18:41,10231.45,32487
2021-04-28 09:18:42,10230.85,32492
2021-04-28 09:18:43,10239.6,33000
2021-04-28 09:18:44,10233.8,33203
2021-04-28 09:18:45,10233.8,33203
2021-04-28 09:18:46,10225.8,33204
2021-04-28 09:18:47,10230.85,33324
2021-04-28 09:18:48,10230.8,33363
2021-04-28 09:18:49,10223.6,33552
2021-04-28 09:18:50,10222.05,33556
2021-04-28 09:18:51,10225.35,34067
2021-04-28 09:18:53,10229.35,34190
2021-04-28 09:18:54,10223.0,34193
2021-04-28 09:18:55,10229.1,34203
2021-04-28 09:18:56,10220.0,34971
2021-04-28 09:18:56,10220.0,34971
2021-04-28 09:18:57,10224.7,35016
2021-04-28 09:18:58,10230.3,35418
2021-04-28 09:18:59,10230.6,35480
2021-04-28 09:19:00,10223.4,35544
2021-04-28 09:19:01,10223.0,35554
2021-04-28 09:19:03,10221.35,35642
2021-04-28 09:19:03,10222.35,35647
2021-04-28 09:19:04,10222.35,35647
2021-04-28 09:19:05,10232.25,35758
2021-04-28 09:19:06,10230.55,35798
2021-04-28 09:19:07,10233.65,35864
2021-04-28 09:19:08,10240.0,35914
2021-04-28 09:19:10,10242.4,36025
2021-04-28 09:19:11,10240.8,36069
2021-04-28 09:19:12,10245.0,36489
2021-04-28 09:19:13,10242.65,36500
2021-04-28 09:19:14,10247.55,36630
2021-04-28 09:19:15,10240.0,36970
2021-04-28 09:19:16,10240.0,37296
2021-04-28 09:19:17,10235.0,37315
2021-04-28 09:19:18,10239.8,37340
2021-04-28 09:19:19,10238.65,37362
2021-04-28 09:19:20,10236.45,37409
2021-04-28 09:19:21,10221.75,39576
2021-04-28 09:19:22,10214.0,39802
2021-04-28 09:19:23,10221.5,39812
2021-04-28 09:19:24,10223.25,39958
2021-04-28 09:19:26,10224.0,39967
2021-04-28 09:19:26,10224.0,40019
2021-04-28 09:19:27,10223.6,40097
2021-04-28 09:19:28,10233.75,40223
2021-04-28 09:19:29,10222.75,40689
2021-04-28 09:19:30,10223.45,40703
2021-04-28 09:19:31,10224.7,41003
2021-04-28 09:19:33,10231.05,41087
2021-04-28 09:19:34,10234.35,41208
2021-04-28 09:19:35,10224.4,41364
2021-04-28 09:19:36,10228.95,41426
2021-04-28 09:19:37,10233.95,42000
2021-04-28 09:19:37,10230.0,42001
2021-04-28 09:19:38,10236.8,42006
2021-04-28 09:19:40,10230.25,42110
2021-04-28 09:19:41,10231.05,42127
2021-04-28 09:19:42,10238.6,42154
2021-04-28 09:19:43,10238.6,42172
2021-04-28 09:19:44,10238.0,42222
2021-04-28 09:19:45,10240.0,42352
2021-04-28 09:19:46,10233.15,42875
2021-04-28 09:19:47,10230.05,42886
2021-04-28 09:19:48,10231.1,42887
2021-04-28 09:19:49,10233.15,43009
2021-04-28 09:19:51,10231.2,43025
2021-04-28 09:19:52,10238.0,43181
2021-04-28 09:19:53,10238.0,43183
2021-04-28 09:19:54,10238.25,43232
2021-04-28 09:19:55,10233.45,43243
2021-04-28 09:19:56,10238.0,43253
2021-04-28 09:19:57,10220.0,43621
2021-04-28 09:19:57,10220.0,43621
2021-04-28 09:19:58,10229.05,43834
2021-04-28 09:19:59,10236.55,43846
2021-04-28 09:20:00,10235.95,43859
2021-04-28 09:20:02,10228.05,43869
2021-04-28 09:20:03,10237.5,43890
2021-04-28 09:20:04,10237.5,43890
2021-04-28 09:20:05,10230.15,43978
2021-04-28 09:20:06,10238.0,44491
2021-04-28 09:20:07,10238.75,44555
2021-04-28 09:20:08,10238.0,44575
2021-04-28 09:20:11,10238.75,45106
2021-04-28 09:20:12,10236.1,45115
2021-04-28 09:20:13,10240.0,45121
2021-04-28 09:20:14,10238.75,45124
2021-04-28 09:20:15,10240.0,45158
2021-04-28 09:20:16,10246.95,45567
2021-04-28 09:20:17,10245.0,45592
2021-04-28 09:20:17,10240.7,45590
2021-04-28 09:20:18,10245.0,45596
2021-04-28 09:20:19,10247.0,45637
2021-04-28 09:20:20,10240.0,45717
2021-04-28 09:20:22,10234.85,45890
2021-04-28 09:20:23,10236.6,45901
2021-04-28 09:20:25,10230.05,46028
2021-04-28 09:20:24,10237.8,45913
2021-04-28 09:20:25,10230.05,46028
2021-04-28 09:20:26,10230.0,46040
2021-04-28 09:20:27,10238.05,46670
2021-04-28 09:20:28,10232.2,46710
2021-04-28 09:20:30,10239.75,46720
2021-04-28 09:20:31,10236.0,46728
2021-04-28 09:20:32,10240.85,46739
2021-04-28 09:20:33,10234.2,46771
2021-04-28 09:20:34,10230.0,46849
2021-04-28 09:20:34,10234.65,46851
2021-04-28 09:20:35,10232.1,46857
2021-04-28 09:20:37,10232.1,46869
2021-04-28 09:20:38,10234.05,46885
2021-04-28 09:20:39,10230.0,46953
2021-04-28 09:20:40,10230.3,47049
2021-04-28 09:20:41,10232.1,47059
2021-04-28 09:20:42,10234.8,47099
2021-04-28 09:20:43,10234.8,47110
2021-04-28 09:20:44,10234.1,47263
2021-04-28 09:20:44,10239.95,47271
2021-04-28 09:20:45,10240.1,47309
2021-04-28 09:20:46,10241.15,47646
2021-04-28 09:20:48,10247.3,49655
2021-04-28 09:20:49,10246.5,49876
2021-04-28 09:20:50,10253.3,50012
2021-04-28 09:20:51,10253.3,50012
2021-04-28 09:20:51,10253.3,50012
2021-04-28 09:20:52,10248.1,50612
2021-04-28 09:20:53,10248.1,50612
2021-04-28 09:20:54,10250.8,50811
2021-04-28 09:20:56,10260.0,50891
2021-04-28 09:20:57,10252.05,50974
2021-04-28 09:20:58,10258.75,50978
2021-04-28 09:20:59,10255.1,51003
2021-04-28 09:21:00,10255.9,51275
2021-04-28 09:21:01,10260.0,51363
2021-04-28 09:21:01,10260.0,51439
2021-04-28 09:21:03,10253.4,51562
2021-04-28 09:21:04,10258.85,51655
2021-04-28 09:21:05,10255.6,51801
2021-04-28 09:21:06,10251.8,51802
2021-04-28 09:21:07,10251.8,51802
2021-04-28 09:21:08,10256.05,51857
2021-04-28 09:21:09,10251.6,51887
2021-04-28 09:21:10,10258.15,51955
2021-04-28 09:21:11,10255.95,52063
2021-04-28 09:21:12,10260.0,52231
2021-04-28 09:21:14,10251.6,52339
2021-04-28 09:21:14,10252.95,52479
2021-04-28 09:21:15,10249.4,52497
2021-04-28 09:21:16,10246.3,52534
2021-04-28 09:21:18,10254.1,52677
2021-04-28 09:21:19,10253.7,52719
2021-04-28 09:21:20,10253.4,52733
2021-04-28 09:21:21,10249.85,52756
2021-04-28 09:21:23,10252.95,52865
2021-04-28 09:21:24,10252.95,52885
2021-04-28 09:21:25,10250.05,52886
2021-04-28 09:21:26,10250.55,52932
2021-04-28 09:21:26,10255.0,52926
2021-04-28 09:21:27,10250.0,52944
2021-04-28 09:21:29,10253.0,52957
2021-04-28 09:21:30,10255.8,53466
2021-04-28 09:21:31,10261.05,53940
2021-04-28 09:21:32,10259.7,54132
2021-04-28 09:21:33,10263.2,54220
2021-04-28 09:21:34,10263.4,54476
2021-04-28 09:21:35,10264.6,54969
2021-04-28 09:21:36,10270.0,55473
2021-04-28 09:21:37,10269.0,55554
2021-04-28 09:21:38,10263.75,55682
2021-04-28 09:21:39,10269.85,55729
2021-04-28 09:21:40,10268.05,56362
2021-04-28 09:21:41,10271.0,56392
2021-04-28 09:21:42,10270.0,56488
2021-04-28 09:21:43,10271.0,56554
2021-04-28 09:21:44,10271.0,56563
2021-04-28 09:21:45,10266.25,56630
2021-04-28 09:21:46,10272.0,56678
2021-04-28 09:21:47,10270.0,56689
2021-04-28 09:21:48,10271.0,56792
2021-04-28 09:21:49,10270.0,56817
2021-04-28 09:21:50,10266.05,56875
2021-04-28 09:21:51,10268.05,56900
2021-04-28 09:21:52,10269.85,57003
2021-04-28 09:21:53,10271.0,57422
2021-04-28 09:21:54,10270.0,57451
2021-04-28 09:21:55,10265.0,57524
2021-04-28 09:21:56,10259.15,57685
2021-04-28 09:21:57,10256.0,57886
2021-04-28 09:21:58,10260.95,57902
2021-04-28 09:21:59,10260.95,57902
2021-04-28 09:22:00,10260.35,57985
2021-04-28 09:22:01,10259.8,58015
2021-04-28 09:22:02,10259.35,58023
2021-04-28 09:22:03,10260.25,58063
2021-04-28 09:22:04,10261.2,58076
2021-04-28 09:22:05,10260.0,58106
2021-04-28 09:22:06,10262.45,58116
2021-04-28 09:22:07,10262.0,58409
2021-04-28 09:22:08,10263.0,58416
2021-04-28 09:22:09,10267.55,58444
2021-04-28 09:22:10,10268.0,58445
2021-04-28 09:22:11,10263.0,58477
2021-04-28 09:22:12,10260.95,58512
2021-04-28 09:22:13,10267.95,59013
2021-04-28 09:22:14,10269.0,59574
2021-04-28 09:22:15,10262.55,59624
2021-04-28 09:22:16,10268.9,59628
2021-04-28 09:22:17,10268.8,59701
2021-04-28 09:22:18,10265.5,59706
2021-04-28 09:22:19,10271.0,59934
2021-04-28 09:22:20,10270.1,60512
2021-04-28 09:22:21,10260.85,60861
2021-04-28 09:22:22,10263.75,60899
2021-04-28 09:22:23,10272.2,60939
2021-04-28 09:22:24,10270.0,60947
2021-04-28 09:22:25,10270.0,61205
2021-04-28 09:22:26,10270.9,61221
2021-04-28 09:22:27,10268.3,61249
2021-04-28 09:22:28,10270.65,61327
2021-04-28 09:22:29,10266.15,61378
2021-04-28 09:22:30,10275.0,61429
2021-04-28 09:22:31,10268.2,61475
2021-04-28 09:22:32,10266.0,61513
2021-04-28 09:22:33,10263.95,61524
2021-04-28 09:22:34,10271.95,61616
2021-04-28 09:22:35,10272.55,61815
2021-04-28 09:22:36,10276.3,61858
2021-04-28 09:22:37,10282.65,62337
2021-04-28 09:22:38,10282.45,62351
2021-04-28 09:22:39,10279.0,62368
2021-04-28 09:22:40,10277.85,62590
2021-04-28 09:22:41,10279.0,62689
2021-04-28 09:22:42,10277.75,62920
2021-04-28 09:22:43,10289.4,63353
2021-04-28 09:22:44,10293.0,63388
2021-04-28 09:22:45,10292.0,63515
2021-04-28 09:22:46,10293.85,63652
2021-04-28 09:22:47,10305.1,67142
2021-04-28 09:22:48,10298.1,67288
2021-04-28 09:22:49,10304.1,67449
2021-04-28 09:22:50,10301.45,67736
2021-04-28 09:22:51,10306.4,67789
2021-04-28 09:22:52,10309.5,67994
2021-04-28 09:22:53,10306.05,68157
2021-04-28 09:22:54,10310.95,68291
2021-04-28 09:22:55,10310.95,68369
2021-04-28 09:22:56,10319.0,69188
2021-04-28 09:22:57,10320.0,69469
2021-04-28 09:22:58,10313.55,69589
2021-04-28 09:22:59,10321.65,70205
2021-04-28 09:23:00,10325.0,70382
2021-04-28 09:23:01,10325.0,70520
2021-04-28 09:23:02,10320.0,70609
2021-04-28 09:23:03,10323.35,70921
2021-04-28 09:23:04,10321.45,70957
2021-04-28 09:23:05,10315.6,71231
2021-04-28 09:23:06,10314.2,71317
2021-04-28 09:23:07,10313.5,71398
2021-04-28 09:23:08,10315.0,71503
2021-04-28 09:23:09,10315.8,72373
2021-04-28 09:23:11,10310.3,72412
2021-04-28 09:23:10,10310.8,72405
2021-04-28 09:23:12,10310.0,72478
2021-04-28 09:23:13,10310.1,72492
2021-04-28 09:23:14,10318.55,72602
2021-04-28 09:23:15,10320.0,72761
2021-04-28 09:23:16,10333.0,73430
2021-04-28 09:23:17,10330.65,73747
2021-04-28 09:23:18,10324.7,73895
2021-04-28 09:23:19,10321.0,73982
2021-04-28 09:23:21,10320.5,74164
2021-04-28 09:23:22,10330.2,74287
2021-04-28 09:23:23,10322.65,74385
2021-04-28 09:23:24,10331.65,74829
2021-04-28 09:23:25,10328.4,74908
2021-04-28 09:23:26,10330.0,74945
2021-04-28 09:23:27,10330.0,75002
2021-04-28 09:23:28,10322.7,75309
2021-04-28 09:23:29,10320.4,75506
2021-04-28 09:23:30,10328.0,75685
2021-04-28 09:23:31,10322.65,75823
2021-04-28 09:23:32,10328.15,75827
2021-04-28 09:23:33,10330.0,75977
2021-04-28 09:23:34,10335.9,76164
2021-04-28 09:23:35,10328.45,76227
2021-04-28 09:23:36,10328.1,76263
2021-04-28 09:23:37,10328.1,76350
2021-04-28 09:23:38,10329.25,76539
2021-04-28 09:23:39,10325.0,76543
2021-04-28 09:23:40,10320.0,76651
2021-04-28 09:23:41,10321.05,76754
2021-04-28 09:23:42,10328.8,76824
2021-04-28 09:23:43,10331.2,76929
2021-04-28 09:23:44,10324.2,76938
2021-04-28 09:23:45,10328.1,76966
2021-04-28 09:23:46,10321.65,77018
2021-04-28 09:23:47,10327.95,77043
2021-04-28 09:23:48,10327.65,77098
2021-04-28 09:23:49,10327.0,77389
2021-04-28 09:23:50,10327.0,77390
2021-04-28 09:23:51,10327.0,77408
2021-04-28 09:23:52,10327.0,77466
2021-04-28 09:23:53,10326.95,77492
2021-04-28 09:23:54,10322.4,77499
2021-04-28 09:23:55,10327.0,77546
2021-04-28 09:23:56,10330.0,77867
2021-04-28 09:23:57,10325.75,78097
2021-04-28 09:23:58,10326.05,78255
2021-04-28 09:23:59,10323.55,78297
2021-04-28 09:24:00,10323.55,78431
2021-04-28 09:24:01,10312.85,78887
2021-04-28 09:24:02,10313.85,78931
2021-04-28 09:24:03,10311.35,79047
2021-04-28 09:24:04,10305.0,79093
2021-04-28 09:24:05,10302.1,79163
2021-04-28 09:24:06,10303.0,79246
2021-04-28 09:24:07,10302.65,79260
2021-04-28 09:24:08,10307.3,79295
2021-04-28 09:24:09,10301.0,79326
2021-04-28 09:24:10,10303.0,79337
2021-04-28 09:24:11,10300.55,79344
2021-04-28 09:24:12,10300.0,79505
2021-04-28 09:24:14,10303.15,79880
2021-04-28 09:24:15,10295.15,80039
2021-04-28 09:24:16,10300.0,80081
2021-04-28 09:24:17,10294.8,80131
2021-04-28 09:24:18,10294.7,80152
2021-04-28 09:24:19,10300.0,80249
2021-04-28 09:24:20,10294.6,80314
2021-04-28 09:24:21,10299.8,80339
2021-04-28 09:24:22,10300.0,80512
2021-04-28 09:24:23,10289.95,80623
2021-04-28 09:24:24,10290.9,80688
2021-04-28 09:24:25,10295.55,80769
2021-04-28 09:24:26,10295.55,80769
2021-04-28 09:24:27,10295.4,80791
2021-04-28 09:24:28,10295.15,80826
2021-04-28 09:24:29,10294.85,80827
2021-04-28 09:24:30,10299.75,80855
2021-04-28 09:24:31,10304.3,81106
2021-04-28 09:24:32,10300.0,81136
2021-04-28 09:24:33,10297.3,81253
2021-04-28 09:24:34,10300.0,81279
2021-04-28 09:24:35,10298.8,81432
2021-04-28 09:24:36,10302.9,81450
2021-04-28 09:24:37,10300.0,81460
2021-04-28 09:24:38,10303.3,81530
2021-04-28 09:24:39,10299.85,81553
2021-04-28 09:24:40,10295.65,81566
2021-04-28 09:24:44,10303.0,81634
2021-04-28 09:24:46,10295.6,82274
2021-04-28 09:24:47,10298.05,82588
2021-04-28 09:24:48,10298.2,82608
2021-04-28 09:24:49,10300.05,82633
2021-04-28 09:24:50,10303.75,82663
2021-04-28 09:24:51,10300.6,82681
2021-04-28 09:24:52,10302.95,82709
2021-04-28 09:24:53,10300.6,82869
2021-04-28 09:24:54,10298.7,82944
2021-04-28 09:24:55,10295.55,83058
2021-04-28 09:24:56,10295.55,83166
2021-04-28 09:24:57,10298.0,83175
2021-04-28 09:24:58,10296.0,83335
2021-04-28 09:24:59,10308.35,83610
2021-04-28 09:25:00,10297.85,83674
2021-04-28 09:25:01,10297.3,83689
2021-04-28 09:25:02,10298.3,83691
2021-04-28 09:25:03,10306.8,83824
2021-04-28 09:25:04,10309.95,83862
2021-04-28 09:25:05,10303.05,83883
2021-04-28 09:25:07,10310.0,83949
2021-04-28 09:25:07,10310.0,83949
2021-04-28 09:25:08,10313.95,83977
2021-04-28 09:25:09,10309.6,84044
2021-04-28 09:25:10,10313.95,84063
2021-04-28 09:25:11,10310.4,84093
2021-04-28 09:25:12,10317.95,84289
2021-04-28 09:25:13,10320.0,84561
2021-04-28 09:25:14,10322.3,84584
2021-04-28 09:25:15,10323.95,84904
2021-04-28 09:25:16,10319.25,85354
2021-04-28 09:25:17,10324.8,85366
2021-04-28 09:25:18,10326.45,85375
2021-04-28 09:25:19,10323.9,85406
2021-04-28 09:25:20,10323.85,85462
2021-04-28 09:25:21,10327.7,85547
2021-04-28 09:25:22,10322.35,85574
2021-04-28 09:25:23,10322.35,85600
2021-04-28 09:25:24,10322.35,85626
2021-04-28 09:25:25,10336.5,86630
2021-04-28 09:25:26,10338.4,86822
2021-04-28 09:25:27,10336.2,86910
2021-04-28 09:25:28,10338.65,87054
2021-04-28 09:25:29,10327.0,87132
2021-04-28 09:25:30,10334.05,87172
2021-04-28 09:25:31,10333.9,87173
2021-04-28 09:25:33,10337.2,87748
2021-04-28 09:25:32,10333.9,87203
2021-04-28 09:25:34,10328.2,87826
2021-04-28 09:25:35,10331.35,87927
2021-04-28 09:25:36,10330.0,88053
2021-04-28 09:25:37,10326.8,88063
2021-04-28 09:25:38,10324.8,88151
2021-04-28 09:25:39,10324.45,88251
2021-04-28 09:25:40,10324.55,88252
2021-04-28 09:25:41,10326.8,88303
2021-04-28 09:25:42,10329.9,88364
2021-04-28 09:25:43,10323.15,88514
2021-04-28 09:25:45,10330.0,88563
2021-04-28 09:25:46,10325.0,88564
2021-04-28 09:25:47,10322.0,88611
2021-04-28 09:25:48,10322.7,88663
2021-04-28 09:25:49,10322.0,88753
2021-04-28 09:25:50,10328.9,89058
2021-04-28 09:25:52,10324.45,89060
2021-04-28 09:25:53,10325.0,89076
2021-04-28 09:25:54,10329.05,89226
2021-04-28 09:25:55,10329.05,89226
2021-04-28 09:25:56,10326.0,89320
2021-04-28 09:25:56,10320.0,89326
2021-04-28 09:25:57,10322.05,89327
2021-04-28 09:25:58,10320.4,89499
2021-04-28 09:25:59,10319.25,89764
2021-04-28 09:26:00,10321.6,89774
2021-04-28 09:26:01,10323.0,89844
2021-04-28 09:26:02,10319.9,89864
2021-04-28 09:26:03,10310.85,89866
2021-04-28 09:26:04,10318.9,89950
2021-04-28 09:26:05,10318.35,89980
2021-04-28 09:26:06,10324.0,90036
2021-04-28 09:26:07,10329.2,90307
2021-04-28 09:26:08,10321.25,90472
2021-04-28 09:26:09,10322.45,90536
2021-04-28 09:26:10,10327.1,90545
2021-04-28 09:26:12,10322.8,90663
2021-04-28 09:26:13,10323.15,90787
2021-04-28 09:26:14,10329.25,90809
2021-04-28 09:26:15,10325.0,90882
2021-04-28 09:26:16,10326.9,90915
2021-04-28 09:26:17,10327.3,90934
2021-04-28 09:26:18,10317.05,91179
2021-04-28 09:26:19,10319.55,91219
2021-04-28 09:26:20,10325.25,91309
2021-04-28 09:26:21,10325.25,91309
2021-04-28 09:26:23,10325.25,91428
2021-04-28 09:26:24,10325.95,91438
2021-04-28 09:26:25,10328.75,91464
2021-04-28 09:26:25,10325.85,91461
2021-04-28 09:26:26,10322.4,91505
2021-04-28 09:26:27,10325.85,91522
2021-04-28 09:26:28,10326.85,91580
2021-04-28 09:26:29,10323.55,92213
2021-04-28 09:26:30,10325.0,92436
2021-04-28 09:26:31,10331.7,93199
2021-04-28 09:26:32,10327.35,95083
2021-04-28 09:26:33,10325.55,95447
2021-04-28 09:26:34,10320.15,95883
2021-04-28 09:26:35,10325.6,95967
2021-04-28 09:26:36,10325.65,95996
2021-04-28 09:26:37,10326.65,96026
2021-04-28 09:26:38,10327.0,96031
2021-04-28 09:26:39,10326.95,96034
2021-04-28 09:26:40,10320.0,96207
2021-04-28 09:26:41,10318.0,96307
2021-04-28 09:26:43,10320.95,96496
2021-04-28 09:26:44,10322.7,96667
2021-04-28 09:26:45,10320.25,96680
2021-04-28 09:26:46,10325.0,96695
2021-04-28 09:26:47,10330.0,96770
2021-04-28 09:26:48,10331.0,96919
2021-04-28 09:26:49,10330.0,97109
2021-04-28 09:26:51,10330.7,97139
2021-04-28 09:26:51,10334.0,97145
2021-04-28 09:26:52,10328.55,97161
2021-04-28 09:26:53,10330.45,97355
2021-04-28 09:26:54,10338.0,97459
2021-04-28 09:26:55,10333.0,97514
2021-04-28 09:26:56,10337.4,97678
2021-04-28 09:26:57,10338.0,97716
2021-04-28 09:26:58,10337.25,97749
2021-04-28 09:27:00,10331.7,97779
2021-04-28 09:27:01,10338.0,98023
2021-04-28 09:27:02,10338.0,98121
2021-04-28 09:27:03,10335.05,98285
2021-04-28 09:27:04,10344.85,98615
2021-04-28 09:27:05,10340.85,98797
2021-04-28 09:27:06,10340.35,98864
2021-04-28 09:27:07,10346.95,98875
2021-04-28 09:27:07,10342.0,98882
2021-04-28 09:27:08,10342.0,98946
2021-04-28 09:27:09,10342.0,99003
2021-04-28 09:27:10,10340.15,99050
2021-04-28 09:27:11,10346.5,99127
2021-04-28 09:27:12,10346.95,99139
2021-04-28 09:27:13,10342.0,99181
2021-04-28 09:27:14,10342.0,99224
2021-04-28 09:27:15,10346.95,99248
2021-04-28 09:27:16,10348.0,99295
2021-04-28 09:27:18,10344.25,100191
2021-04-28 09:27:19,10349.9,100226
2021-04-28 09:27:20,10339.6,100502
2021-04-28 09:27:21,10346.6,100554
2021-04-28 09:27:21,10347.75,100578
2021-04-28 09:27:22,10348.6,100623
2021-04-28 09:27:23,10350.0,100678
2021-04-28 09:27:24,10350.0,100842
2021-04-28 09:27:26,10342.25,101121
2021-04-28 09:27:27,10347.95,101184
2021-04-28 09:27:28,10344.8,101226
2021-04-28 09:27:29,10342.95,101261
2021-04-28 09:27:31,10349.9,101374
2021-04-28 09:27:32,10348.95,101413
2021-04-28 09:27:33,10342.3,101437
2021-04-28 09:27:34,10344.05,101645
2021-04-28 09:27:35,10343.2,101695
2021-04-28 09:27:36,10350.0,101762
2021-04-28 09:27:37,10344.1,101791
2021-04-28 09:27:38,10345.0,101800
2021-04-28 09:27:38,10342.9,101811
2021-04-28 09:27:40,10348.0,101875
2021-04-28 09:27:41,10345.0,101926
2021-04-28 09:27:43,10342.6,101967
2021-04-28 09:27:44,10342.4,102272
2021-04-28 09:27:45,10347.95,102315
2021-04-28 09:27:47,10347.95,102333
2021-04-28 09:27:48,10349.95,102377
2021-04-28 09:27:48,10350.0,102483
2021-04-28 09:27:49,10345.0,102512
2021-04-28 09:27:50,10345.0,102520
2021-04-28 09:27:51,10343.3,102540
2021-04-28 09:27:52,10347.0,102552
2021-04-28 09:27:53,10343.8,102603
2021-04-28 09:27:54,10342.0,102694
2021-04-28 09:27:55,10344.1,102732
2021-04-28 09:27:57,10347.9,102755
2021-04-28 09:27:58,10347.9,102759
2021-04-28 09:28:00,10345.0,102764
2021-04-28 09:28:01,10340.85,102932
2021-04-28 09:28:02,10340.3,102959
2021-04-28 09:28:03,10342.0,102989
2021-04-28 09:28:04,10340.0,103032
2021-04-28 09:28:05,10340.0,103129
2021-04-28 09:28:06,10340.0,103363
2021-04-28 09:28:07,10342.15,103440
2021-04-28 09:28:08,10336.25,103465
2021-04-28 09:28:09,10338.05,103490
2021-04-28 09:28:10,10343.15,103498
2021-04-28 09:28:11,10345.0,103751
2021-04-28 09:28:12,10345.0,103898
2021-04-28 09:28:13,10340.0,103934
2021-04-28 09:28:13,10340.1,103983
2021-04-28 09:28:14,10345.0,104003
2021-04-28 09:28:15,10340.0,104017
2021-04-28 09:28:16,10335.65,104151
2021-04-28 09:28:17,10335.0,104447
2021-04-28 09:28:18,10344.1,104545
2021-04-28 09:28:19,10338.05,104572
2021-04-28 09:28:20,10342.1,104577
2021-04-28 09:28:22,10341.0,104589
2021-04-28 09:28:23,10336.0,104617
2021-04-28 09:28:24,10336.0,104624
2021-04-28 09:28:25,10336.0,104627
2021-04-28 09:28:26,10331.05,104734
2021-04-28 09:28:26,10336.05,104750
2021-04-28 09:28:27,10335.95,104771
2021-04-28 09:28:28,10330.0,104869
2021-04-28 09:28:29,10336.85,104894
2021-04-28 09:28:31,10336.55,104903
2021-04-28 09:28:32,10336.0,104992
2021-04-28 09:28:33,10340.1,105021
2021-04-28 09:28:34,10336.05,105126
2021-04-28 09:28:36,10338.3,105543
2021-04-28 09:28:37,10342.95,105554
2021-04-28 09:28:38,10343.9,105747
2021-04-28 09:28:39,10348.95,106339
2021-04-28 09:28:39,10345.05,106315
2021-04-28 09:28:40,10350.0,109198
2021-04-28 09:28:41,10354.95,109459
2021-04-28 09:28:42,10357.0,109548
2021-04-28 09:28:43,10359.0,109830
2021-04-28 09:28:46,10360.0,109894
2021-04-28 09:28:47,10351.75,110287
2021-04-28 09:28:48,10352.05,110572
2021-04-28 09:28:49,10344.0,110628
2021-04-28 09:28:49,10343.55,110629
2021-04-28 09:28:50,10353.2,110704
2021-04-28 09:28:51,10352.95,110898
2021-04-28 09:28:52,10345.35,110906
2021-04-28 09:28:54,10351.1,110931
2021-04-28 09:28:55,10349.05,111012
2021-04-28 09:28:55,10349.05,111012
2021-04-28 09:28:56,10349.85,111053
2021-04-28 09:28:57,10340.0,111169
2021-04-28 09:28:58,10349.95,111388
2021-04-28 09:28:59,10348.95,111390
2021-04-28 09:29:00,10351.0,111442
2021-04-28 09:29:01,10345.1,111506
2021-04-28 09:29:03,10345.1,111515
2021-04-28 09:29:04,10350.55,111569
2021-04-28 09:29:05,10346.15,111576
2021-04-28 09:29:06,10352.25,111613
2021-04-28 09:29:07,10352.3,111640
2021-04-28 09:29:09,10350.0,111685
2021-04-28 09:29:09,10347.15,111683
2021-04-28 09:29:10,10350.0,111687
2021-04-28 09:29:11,10350.0,111713
2021-04-28 09:29:12,10349.95,111726
2021-04-28 09:29:13,10345.0,111737
2021-04-28 09:29:14,10350.0,111743
2021-04-28 09:29:15,10342.8,111848
2021-04-28 09:29:17,10343.3,111878
2021-04-28 09:29:18,10342.0,111950
2021-04-28 09:29:19,10342.0,111950
2021-04-28 09:29:20,10342.0,111950
2021-04-28 09:29:21,10345.55,111956
2021-04-28 09:29:22,10343.0,111961
2021-04-28 09:29:24,10343.0,111970
2021-04-28 09:29:25,10342.0,111984
2021-04-28 09:29:26,10343.3,112002
2021-04-28 09:29:27,10342.0,112012
2021-04-28 09:29:28,10345.0,112047
2021-04-28 09:29:29,10342.1,112137
2021-04-28 09:29:30,10348.25,112147
2021-04-28 09:29:31,10342.0,112249
2021-04-28 09:29:32,10347.9,112256
2021-04-28 09:29:33,10339.0,112784
2021-04-28 09:29:34,10337.1,112826
2021-04-28 09:29:36,10340.7,112847
2021-04-28 09:29:37,10340.7,112851
2021-04-28 09:29:38,10346.05,112854
2021-04-28 09:29:39,10336.0,112955
2021-04-28 09:29:39,10336.0,112955
2021-04-28 09:29:40,10336.45,112974
2021-04-28 09:29:41,10341.95,112977
2021-04-28 09:29:42,10336.15,112988
2021-04-28 09:29:43,10336.0,113018
2021-04-28 09:29:44,10335.0,113050
2021-04-28 09:29:46,10335.0,113051
2021-04-28 09:29:47,10339.9,113094
2021-04-28 09:29:48,10337.25,113125
2021-04-28 09:29:50,10340.0,113271
2021-04-28 09:29:49,10337.3,113162
2021-04-28 09:29:51,10335.0,113323
2021-04-28 09:29:53,10337.3,113399
2021-04-28 09:29:54,10335.0,113422
2021-04-28 09:29:55,10335.0,113449
2021-04-28 09:29:56,10339.0,113451
2021-04-28 09:29:57,10339.0,113451
2021-04-28 09:29:58,10335.0,113461
2021-04-28 09:29:59,10335.0,113461
2021-04-28 09:30:00,10335.0,113461
2021-04-28 09:30:01,10337.0,113528
2021-04-28 09:30:02,10338.1,113563
2021-04-28 09:30:03,10339.9,113578
2021-04-28 09:30:04,10335.0,113621
2021-04-28 09:30:05,10339.85,113645
2021-04-28 09:30:06,10335.3,113665
2021-04-28 09:30:07,10343.1,114177
2021-04-28 09:30:08,10343.1,114222
2021-04-28 09:30:09,10345.65,114253
2021-04-28 09:30:11,10340.0,114309
2021-04-28 09:30:12,10337.7,114333
2021-04-28 09:30:13,10336.6,114342
2021-04-28 09:30:14,10337.45,114359
2021-04-28 09:30:15,10338.0,114565
2021-04-28 09:30:16,10343.85,114580
2021-04-28 09:30:17,10343.0,114584
2021-04-28 09:30:18,10348.75,114690
2021-04-28 09:30:19,10345.0,114841
2021-04-28 09:30:20,10343.75,114858
2021-04-28 09:30:21,10344.0,114877
2021-04-28 09:30:22,10349.95,114895
2021-04-28 09:30:23,10345.2,114925
2021-04-28 09:30:24,10350.0,114927
2021-04-28 09:30:25,10352.9,115696
2021-04-28 09:30:25,10352.9,115696
2021-04-28 09:30:27,10350.3,115732
2021-04-28 09:30:28,10350.3,115737
2021-04-28 09:30:29,10348.95,115764
2021-04-28 09:30:30,10353.0,115776
2021-04-28 09:30:31,10348.95,115804
2021-04-28 09:30:30,10353.0,115776
2021-04-28 09:30:32,10345.35,115856
2021-04-28 09:30:33,10344.75,115897
2021-04-28 09:30:34,10345.15,115936
2021-04-28 09:30:35,10341.05,116072
2021-04-28 09:30:36,10342.45,116146
2021-04-28 09:30:38,10345.05,116244
2021-04-28 09:30:38,10349.9,116305
2021-04-28 09:30:40,10343.15,116333
2021-04-28 09:30:40,10343.15,116333
2021-04-28 09:30:41,10342.35,116346
2021-04-28 09:30:42,10340.65,116389
2021-04-28 09:30:43,10348.9,116391
2021-04-28 09:30:44,10348.9,116392
2021-04-28 09:30:45,10349.4,116406
2021-04-28 09:30:46,10343.3,116424
2021-04-28 09:30:47,10343.15,116431
2021-04-28 09:30:48,10346.95,116442
2021-04-28 09:30:50,10342.9,116462
2021-04-28 09:30:51,10347.95,116488
2021-04-28 09:30:52,10349.0,116530
2021-04-28 09:30:54,10349.0,116671
2021-04-28 09:30:55,10349.0,116671
2021-04-28 09:30:56,10345.0,116680
2021-04-28 09:30:57,10343.15,116740
2021-04-28 09:30:58,10341.05,117161
2021-04-28 09:30:59,10340.1,117216
2021-04-28 09:31:00,10340.0,117395
2021-04-28 09:31:01,10342.75,117401
2021-04-28 09:31:02,10342.0,117540
2021-04-28 09:31:03,10340.15,117600
2021-04-28 09:31:04,10345.45,117644
2021-04-28 09:31:05,10344.95,117645
2021-04-28 09:31:06,10344.4,117650
2021-04-28 09:31:07,10338.2,117655
2021-04-28 09:31:08,10337.15,117702
2021-04-28 09:31:09,10337.15,117702
2021-04-28 09:31:09,10337.15,117702
2021-04-28 09:31:10,10336.35,117767
2021-04-28 09:31:11,10332.3,118364
2021-04-28 09:31:12,10332.35,118440
2021-04-28 09:31:14,10336.85,118462
2021-04-28 09:31:15,10332.55,118502
2021-04-28 09:31:17,10322.05,119591
2021-04-28 09:31:18,10317.0,119607
2021-04-28 09:31:19,10317.0,119657
2021-04-28 09:31:20,10319.85,119671
2021-04-28 09:31:21,10317.0,119824
2021-04-28 09:31:22,10317.0,119835
2021-04-28 09:31:22,10317.0,119838
2021-04-28 09:31:23,10312.75,120042
2021-04-28 09:31:24,10321.2,120064
2021-04-28 09:31:26,10324.05,120311
2021-04-28 09:31:27,10325.1,120354
2021-04-28 09:31:28,10323.4,120359
2021-04-28 09:31:29,10328.65,120361
2021-04-28 09:31:30,10330.0,120513
2021-04-28 09:31:31,10325.15,120514
2021-04-28 09:31:32,10332.2,120529
2021-04-28 09:31:33,10332.2,120529
2021-04-28 09:31:33,10332.2,120529
2021-04-28 09:31:35,10329.7,120608
2021-04-28 09:31:36,10325.05,120609
2021-04-28 09:31:37,10325.15,120619
2021-04-28 09:31:38,10323.85,120665
2021-04-28 09:31:38,10323.85,120665
2021-04-28 09:31:39,10328.65,120676
2021-04-28 09:31:41,10328.6,120678
2021-04-28 09:31:43,10324.0,120723
2021-04-28 09:31:44,10323.95,120737
2021-04-28 09:31:44,10321.2,120747
2021-04-28 09:31:46,10324.0,120777
2021-04-28 09:31:47,10324.9,120783
2021-04-28 09:31:48,10320.0,120784
2021-04-28 09:31:49,10326.2,121293
2021-04-28 09:31:50,10323.85,121376
2021-04-28 09:31:51,10320.0,121381
2021-04-28 09:31:52,10320.0,121441
2021-04-28 09:31:53,10319.0,121699
2021-04-28 09:31:54,10321.8,121728
2021-04-28 09:31:55,10320.0,121743
2021-04-28 09:31:55,10320.0,121763
2021-04-28 09:31:56,10316.0,121773
2021-04-28 09:31:58,10320.0,121821
2021-04-28 09:31:59,10316.35,121842
2021-04-28 09:32:00,10316.35,121842
2021-04-28 09:32:01,10323.85,121877
2021-04-28 09:32:03,10320.0,121901
2021-04-28 09:32:04,10320.0,121904
2021-04-28 09:32:05,10320.0,121919
2021-04-28 09:32:05,10320.0,121920
2021-04-28 09:32:07,10319.1,121928
2021-04-28 09:32:08,10320.0,121929
2021-04-28 09:32:10,10319.35,122156
2021-04-28 09:32:11,10319.0,122167
2021-04-28 09:32:12,10320.0,122171
2021-04-28 09:32:13,10317.0,122172
2021-04-28 09:32:14,10322.6,122180
2021-04-28 09:32:16,10322.0,122256
2021-04-28 09:32:17,10316.15,122267
2021-04-28 09:32:17,10316.15,122267
2021-04-28 09:32:19,10316.15,122267
2021-04-28 09:32:20,10316.15,122531
2021-04-28 09:32:21,10323.85,122611
2021-04-28 09:32:22,10318.15,122613
2021-04-28 09:32:22,10323.95,122659
2021-04-28 09:32:23,10324.0,122678
2021-04-28 09:32:24,10324.0,122710
2021-04-28 09:32:25,10323.2,122815
2021-04-28 09:32:27,10323.2,122815
2021-04-28 09:32:28,10324.0,122825
2021-04-28 09:32:29,10324.0,122850
2021-04-28 09:32:30,10325.0,122919
2021-04-28 09:32:30,10323.1,122920
2021-04-28 09:32:32,10320.0,123020
2021-04-28 09:32:33,10323.1,123079
2021-04-28 09:32:34,10322.2,123081
2021-04-28 09:32:37,10322.2,123103
2021-04-28 09:32:38,10320.1,123115
2021-04-28 09:32:39,10320.15,123123
2021-04-28 09:32:40,10320.0,123124
2021-04-28 09:32:40,10320.0,123124
2021-04-28 09:32:42,10320.0,123143
2021-04-28 09:32:43,10320.0,123143
2021-04-28 09:32:44,10316.15,123211
2021-04-28 09:32:45,10316.15,123211
2021-04-28 09:32:46,10316.15,123325
2021-04-28 09:32:48,10320.0,123465
2021-04-28 09:32:49,10320.0,123466
2021-04-28 09:32:50,10320.0,123526
2021-04-28 09:32:51,10316.0,123541
2021-04-28 09:32:52,10316.0,123545
2021-04-28 09:32:54,10316.0,123555
2021-04-28 09:32:55,10320.0,123570
2021-04-28 09:32:56,10320.0,123570
2021-04-28 09:32:57,10320.0,123629
2021-04-28 09:32:58,10316.15,123659
2021-04-28 09:32:59,10316.15,123674
2021-04-28 09:32:59,10316.15,123674
2021-04-28 09:33:01,10316.15,123674
2021-04-28 09:33:02,10316.2,123697
2021-04-28 09:33:03,10316.2,123697
2021-04-28 09:33:04,10318.0,123698
2021-04-28 09:33:05,10318.0,123698
2021-04-28 09:33:06,10316.3,123731
2021-04-28 09:33:07,10318.0,123732
2021-04-28 09:33:07,10318.0,123732
2021-04-28 09:33:08,10316.15,123839
2021-04-28 09:33:10,10316.0,123851
2021-04-28 09:33:11,10316.0,123862
2021-04-28 09:33:13,10320.0,123916
2021-04-28 09:33:14,10320.0,123967
2021-04-28 09:33:15,10320.0,123978
2021-04-28 09:33:16,10320.2,125393
2021-04-28 09:33:17,10319.1,125448
2021-04-28 09:33:17,10319.1,125448
2021-04-28 09:33:19,10323.0,125449
2021-04-28 09:33:20,10320.25,125453
2021-04-28 09:33:21,10320.25,125473
2021-04-28 09:33:22,10323.0,125499
2021-04-28 09:33:23,10322.05,125549
2021-04-28 09:33:24,10320.65,125618
2021-04-28 09:33:25,10324.95,125680
2021-04-28 09:33:26,10320.6,125711
2021-04-28 09:33:27,10325.95,125804
2021-04-28 09:33:28,10321.05,125805
2021-04-28 09:33:29,10320.6,125835
2021-04-28 09:33:30,10322.95,125840
2021-04-28 09:33:31,10321.0,125951
2021-04-28 09:33:32,10317.2,125956
2021-04-28 09:33:33,10317.2,125956
2021-04-28 09:33:34,10320.9,125961
2021-04-28 09:33:35,10316.2,126005
2021-04-28 09:33:36,10316.2,126005
2021-04-28 09:33:37,10311.0,126505
2021-04-28 09:33:38,10314.0,126510
2021-04-28 09:33:39,10314.0,126525
2021-04-28 09:33:40,10314.0,126535
2021-04-28 09:33:41,10310.25,126565
2021-04-28 09:33:42,10310.25,126573
2021-04-28 09:33:43,10310.4,126664
2021-04-28 09:33:44,10311.0,126670
2021-04-28 09:33:45,10311.0,126670
2021-04-28 09:33:46,10311.1,126691
2021-04-28 09:33:47,10316.05,126719
2021-04-28 09:33:48,10318.05,126820
2021-04-28 09:33:50,10315.9,126849
2021-04-28 09:33:49,10315.9,126849
2021-04-28 09:33:51,10317.35,126863
2021-04-28 09:33:52,10316.4,126945
2021-04-28 09:33:53,10316.85,126965
2021-04-28 09:33:54,10315.0,126975
2021-04-28 09:33:55,10312.0,127029
2021-04-28 09:33:56,10312.0,127029
2021-04-28 09:33:57,10311.0,127129
2021-04-28 09:33:58,10313.95,127135
2021-04-28 09:33:59,10314.0,127146
2021-04-28 09:34:00,10315.4,127155
2021-04-28 09:34:01,10315.4,127155
2021-04-28 09:34:02,10315.9,127249
2021-04-28 09:34:03,10311.0,127292
2021-04-28 09:34:04,10311.0,127380
2021-04-28 09:34:05,10311.0,127380
2021-04-28 09:34:06,10311.0,127409
2021-04-28 09:34:07,10310.0,127445
2021-04-28 09:34:08,10310.05,127503
2021-04-28 09:34:09,10310.25,127508
2021-04-28 09:34:11,10310.0,127519
2021-04-28 09:34:10,10310.0,127519
2021-04-28 09:34:12,10311.0,127532
2021-04-28 09:34:13,10315.0,127582
2021-04-28 09:34:14,10315.0,127657
2021-04-28 09:34:15,10315.0,127692
2021-04-28 09:34:17,10315.0,127704
2021-04-28 09:34:18,10311.05,127710
2021-04-28 09:34:20,10311.0,127711
2021-04-28 09:34:19,10311.05,127710
2021-04-28 09:34:21,10319.55,127932
2021-04-28 09:34:22,10318.0,127937
2021-04-28 09:34:23,10318.0,127937
2021-04-28 09:34:24,10317.95,128018
2021-04-28 09:34:25,10312.3,128028
2021-04-28 09:34:26,10317.25,128037
2021-04-28 09:34:27,10317.25,128037
2021-04-28 09:34:28,10319.7,128110
2021-04-28 09:34:29,10315.0,128169
2021-04-28 09:34:30,10315.0,128170
2021-04-28 09:34:31,10312.0,128171
2021-04-28 09:34:32,10315.0,128197
2021-04-28 09:34:33,10315.0,128197
2021-04-28 09:34:34,10315.0,128207
2021-04-28 09:34:36,10311.0,128263
2021-04-28 09:34:35,10315.0,128228
2021-04-28 09:34:37,10315.0,128276
2021-04-28 09:34:38,10314.7,128334
2021-04-28 09:34:39,10310.0,128467
2021-04-28 09:34:40,10310.0,128467
2021-04-28 09:34:41,10311.0,128472
2021-04-28 09:34:42,10311.0,128472
2021-04-28 09:34:43,10310.05,128550
2021-04-28 09:34:44,10310.05,128550
2021-04-28 09:34:45,10310.15,128555
2021-04-28 09:34:46,10314.85,128589
2021-04-28 09:34:47,10318.9,128689
2021-04-28 09:34:48,10311.1,128691
2021-04-28 09:34:49,10310.15,128732
2021-04-28 09:34:50,10315.0,128733
2021-04-28 09:34:51,10315.0,128733
2021-04-28 09:34:53,10311.0,128741
2021-04-28 09:34:52,10315.0,128734
2021-04-28 09:34:54,10315.0,128743
2021-04-28 09:34:56,10308.3,128962
2021-04-28 09:34:57,10308.3,128962
2021-04-28 09:34:58,10308.3,128962
2021-04-28 09:34:59,10308.3,128962
2021-04-28 09:35:00,10295.5,130964
2021-04-28 09:35:01,10295.0,131149
2021-04-28 09:35:02,10295.5,131161
2021-04-28 09:35:03,10297.2,131193
2021-04-28 09:35:04,10295.0,131205
2021-04-28 09:35:05,10295.0,131205
2021-04-28 09:35:06,10295.5,131206
2021-04-28 09:35:07,10295.0,131235
2021-04-28 09:35:08,10295.0,131243
2021-04-28 09:35:09,10292.15,131274
2021-04-28 09:35:10,10296.95,131280
2021-04-28 09:35:11,10288.9,132006
2021-04-28 09:35:12,10288.8,132037
2021-04-28 09:35:13,10282.05,132077
2021-04-28 09:35:15,10292.2,132660
2021-04-28 09:35:17,10290.0,132716
2021-04-28 09:35:16,10290.0,132716
2021-04-28 09:35:18,10283.4,132796
2021-04-28 09:35:19,10288.25,132882
2021-04-28 09:35:20,10292.85,132911
2021-04-28 09:35:21,10296.0,132997
2021-04-28 09:35:22,10293.0,133119
2021-04-28 09:35:23,10290.0,133148
2021-04-28 09:35:24,10291.0,133296
2021-04-28 09:35:25,10290.35,133297
2021-04-28 09:35:26,10290.2,133308
2021-04-28 09:35:28,10292.05,133340
2021-04-28 09:35:29,10290.2,133396
2021-04-28 09:35:30,10290.2,133498
2021-04-28 09:35:31,10290.35,133515
2021-04-28 09:35:32,10290.0,133534
2021-04-28 09:35:33,10290.0,133537
2021-04-28 09:35:34,10290.5,133565
2021-04-28 09:35:34,10290.5,133570
2021-04-28 09:35:36,10291.0,133718
2021-04-28 09:35:38,10291.0,133731
2021-04-28 09:35:39,10301.5,133891
2021-04-28 09:35:39,10301.5,133891
2021-04-28 09:35:40,10301.5,133891
2021-04-28 09:35:41,10302.5,133911
2021-04-28 09:35:42,10299.15,133913
2021-04-28 09:35:43,10308.95,133960
2021-04-28 09:35:45,10303.05,133997
2021-04-28 09:35:46,10309.0,134009
2021-04-28 09:35:46,10309.0,134009
2021-04-28 09:35:47,10303.05,134017
2021-04-28 09:35:48,10303.0,134035
2021-04-28 09:35:49,10303.0,134037
2021-04-28 09:35:50,10309.05,134451
2021-04-28 09:35:51,10303.1,134452
2021-04-28 09:35:52,10303.0,134479
2021-04-28 09:35:53,10306.0,134482
2021-04-28 09:35:55,10310.65,134595
2021-04-28 09:35:55,10303.1,134600
2021-04-28 09:35:56,10310.4,134603
2021-04-28 09:35:59,10306.15,135087
2021-04-28 09:36:00,10298.0,135187
2021-04-28 09:36:02,10296.15,135193
2021-04-28 09:36:03,10303.1,135196
2021-04-28 09:36:03,10303.1,135196
2021-04-28 09:36:05,10301.35,135270
2021-04-28 09:36:06,10303.0,135406
2021-04-28 09:36:08,10303.65,135456
2021-04-28 09:36:08,10303.65,135456
2021-04-28 09:36:09,10300.05,135477
2021-04-28 09:36:10,10300.05,135478
2021-04-28 09:36:11,10300.0,135528
2021-04-28 09:36:12,10303.1,135530
2021-04-28 09:36:14,10300.0,135610
2021-04-28 09:36:15,10305.35,135631
2021-04-28 09:36:15,10305.3,135636
2021-04-28 09:36:16,10300.1,135637
2021-04-28 09:36:17,10300.15,135639
2021-04-28 09:36:18,10300.15,135640
2021-04-28 09:36:19,10305.1,135641
2021-04-28 09:36:20,10305.1,135646
2021-04-28 09:36:21,10305.15,135738
2021-04-28 09:36:23,10307.05,135763
2021-04-28 09:36:24,10306.95,135768
2021-04-28 09:36:25,10306.95,135768
2021-04-28 09:36:25,10306.95,135768
2021-04-28 09:36:26,10301.05,135803
2021-04-28 09:36:27,10301.05,135814
2021-04-28 09:36:29,10303.15,135826
2021-04-28 09:36:29,10303.15,135821
2021-04-28 09:36:30,10300.15,135846
2021-04-28 09:36:31,10300.15,135846
2021-04-28 09:36:32,10298.0,135924
2021-04-28 09:36:33,10298.0,135924
2021-04-28 09:36:35,10292.0,135938
2021-04-28 09:36:36,10296.9,136017
2021-04-28 09:36:37,10295.0,136024
2021-04-28 09:36:38,10297.15,136070
2021-04-28 09:36:40,10297.0,136277
2021-04-28 09:36:40,10290.0,136287
2021-04-28 09:36:41,10296.7,136297
2021-04-28 09:36:42,10290.05,136298
2021-04-28 09:36:43,10290.0,136308
2021-04-28 09:36:45,10290.05,136410
2021-04-28 09:36:46,10288.8,136786
2021-04-28 09:36:48,10282.05,136794
2021-04-28 09:36:48,10282.05,136794
2021-04-28 09:36:49,10285.0,136895
2021-04-28 09:36:50,10285.0,136910
2021-04-28 09:36:51,10281.8,136929
2021-04-28 09:36:52,10281.8,136929
2021-04-28 09:36:54,10281.8,136929
2021-04-28 09:36:55,10281.75,136939
2021-04-28 09:36:55,10281.75,136939
2021-04-28 09:36:56,10281.0,136999
2021-04-28 09:36:57,10285.0,137186
2021-04-28 09:36:58,10281.0,137572
2021-04-28 09:37:00,10289.0,137588
2021-04-28 09:37:00,10285.0,137598
2021-04-28 09:37:01,10285.0,137624
2021-04-28 09:37:02,10289.85,137724
2021-04-28 09:37:03,10283.2,137801
2021-04-28 09:37:05,10289.8,137811
2021-04-28 09:37:05,10289.8,137811
2021-04-28 09:37:07,10288.95,137838
2021-04-28 09:37:07,10288.95,137838
2021-04-28 09:37:08,10285.0,137859
2021-04-28 09:37:09,10284.8,137875
2021-04-28 09:37:10,10286.8,137955
2021-04-28 09:37:11,10287.95,138441
2021-04-28 09:37:12,10282.1,138493
2021-04-28 09:37:13,10282.1,138493
2021-04-28 09:37:16,10282.0,138513
2021-04-28 09:37:17,10286.0,138514
2021-04-28 09:37:18,10281.0,138546
2021-04-28 09:37:18,10281.0,138546
2021-04-28 09:37:19,10284.0,138557
2021-04-28 09:37:20,10284.0,138559
2021-04-28 09:37:21,10281.0,138614
2021-04-28 09:37:22,10284.0,138709
2021-04-28 09:37:23,10281.0,138723
2021-04-28 09:37:25,10284.0,138724
2021-04-28 09:37:25,10284.0,138724
2021-04-28 09:37:26,10281.0,138740
2021-04-28 09:37:27,10282.0,138815
2021-04-28 09:37:28,10281.0,138831
2021-04-28 09:37:29,10281.0,138833
2021-04-28 09:37:30,10281.0,138856
2021-04-28 09:37:31,10283.95,138863
2021-04-28 09:37:33,10284.0,138889
2021-04-28 09:37:33,10284.0,138889
2021-04-28 09:37:34,10281.0,138894
2021-04-28 09:37:36,10284.0,138939
2021-04-28 09:37:37,10284.0,138940
2021-04-28 09:37:39,10284.0,139042
2021-04-28 09:37:40,10284.0,139042
2021-04-28 09:37:40,10284.0,139042
2021-04-28 09:37:41,10288.9,139117
2021-04-28 09:37:42,10284.7,139172
2021-04-28 09:37:43,10284.7,139172
2021-04-28 09:37:44,10289.75,139212
2021-04-28 09:37:45,10284.7,139227
2021-04-28 09:37:47,10291.0,139330
2021-04-28 09:37:48,10291.0,139330
2021-04-28 09:37:49,10292.0,139331
2021-04-28 09:37:50,10292.0,139361
2021-04-28 09:37:50,10292.0,139358
2021-04-28 09:37:51,10296.25,139461
2021-04-28 09:37:52,10291.55,139481
2021-04-28 09:37:54,10291.35,139482
2021-04-28 09:37:55,10291.0,139485
2021-04-28 09:37:56,10292.0,139486
2021-04-28 09:37:56,10292.0,139486
2021-04-28 09:37:57,10297.25,139501
2021-04-28 09:37:58,10296.0,139503
2021-04-28 09:37:59,10297.25,139553
2021-04-28 09:38:00,10297.25,139662
2021-04-28 09:38:02,10297.25,139662
2021-04-28 09:38:03,10297.25,139662
2021-04-28 09:38:03,10294.0,139667
2021-04-28 09:38:04,10297.25,139686
2021-04-28 09:38:05,10297.25,139686
2021-04-28 09:38:07,10297.0,139711
2021-04-28 09:38:08,10293.0,139721
2021-04-28 09:38:08,10297.25,139724
2021-04-28 09:38:09,10287.9,139778
2021-04-28 09:38:10,10289.25,139782
2021-04-28 09:38:11,10296.75,139794
2021-04-28 09:38:13,10296.75,139794
2021-04-28 09:38:14,10294.65,139801
2021-04-28 09:38:14,10294.65,139801
2021-04-28 09:38:15,10289.25,139806
2021-04-28 09:38:16,10289.25,139808
2021-04-28 09:38:18,10296.0,140015
2021-04-28 09:38:19,10294.85,140016
2021-04-28 09:38:20,10289.3,140024
2021-04-28 09:38:21,10294.0,140051
2021-04-28 09:38:22,10289.3,140052
2021-04-28 09:38:23,10293.7,140056
2021-04-28 09:38:26,10296.0,140106
2021-04-28 09:38:27,10294.85,140116
2021-04-28 09:38:27,10294.85,140116
2021-04-28 09:38:28,10294.85,140116
2021-04-28 09:38:29,10294.85,140116
2021-04-28 09:38:31,10295.9,140196
2021-04-28 09:38:32,10295.9,140196
2021-04-28 09:38:32,10295.9,140196
2021-04-28 09:38:33,10292.4,140201
2021-04-28 09:38:34,10295.85,140203
2021-04-28 09:38:35,10292.0,140238
2021-04-28 09:38:37,10296.0,140242
2021-04-28 09:38:38,10297.25,140391
2021-04-28 09:38:39,10297.25,140391
2021-04-28 09:38:39,10293.0,140392
2021-04-28 09:38:40,10293.15,140397
2021-04-28 09:38:41,10295.9,140398
2021-04-28 09:38:43,10293.0,140412
2021-04-28 09:38:44,10293.5,140413
2021-04-28 09:38:44,10293.5,140413
2021-04-28 09:38:45,10293.5,140416
2021-04-28 09:38:46,10293.0,140418
2021-04-28 09:38:47,10293.05,140428
2021-04-28 09:38:49,10293.05,140428
2021-04-28 09:38:50,10297.25,140430
2021-04-28 09:38:50,10297.25,140430
2021-04-28 09:38:52,10297.25,140445
2021-04-28 09:38:54,10293.1,140487
2021-04-28 09:38:55,10297.25,140489
2021-04-28 09:38:56,10297.25,140489
2021-04-28 09:38:56,10297.25,140489
2021-04-28 09:38:57,10296.85,140525
2021-04-28 09:38:58,10290.0,140552
2021-04-28 09:39:00,10290.0,140552
2021-04-28 09:39:01,10290.0,140566
2021-04-28 09:39:01,10294.0,140581
2021-04-28 09:39:03,10287.7,140794
2021-04-28 09:39:05,10287.7,140794
2021-04-28 09:39:06,10291.65,140797
2021-04-28 09:39:06,10291.65,140797
2021-04-28 09:39:07,10287.2,140838
2021-04-28 09:39:08,10287.2,140845
2021-04-28 09:39:10,10287.15,140846
2021-04-28 09:39:11,10287.25,141011
2021-04-28 09:39:12,10287.25,141011
2021-04-28 09:39:12,10287.25,141011
2021-04-28 09:39:13,10270.75,143740
2021-04-28 09:39:14,10265.45,143827
2021-04-28 09:39:16,10265.45,143827
2021-04-28 09:39:17,10265.45,143827
2021-04-28 09:39:17,10265.45,143827
2021-04-28 09:39:18,10265.5,143833
2021-04-28 09:39:19,10269.15,144197
2021-04-28 09:39:21,10268.25,144218
2021-04-28 09:39:22,10277.2,144355
2021-04-28 09:39:22,10274.95,144255
2021-04-28 09:39:23,10278.0,144387
2021-04-28 09:39:26,10270.0,144456
2021-04-28 09:39:27,10271.55,144466
2021-04-28 09:39:28,10277.75,144469
2021-04-28 09:39:28,10272.1,144474
2021-04-28 09:39:29,10272.1,144474
2021-04-28 09:39:30,10278.0,144475
2021-04-28 09:39:32,10274.1,144498
2021-04-28 09:39:33,10274.95,144502
2021-04-28 09:39:33,10274.95,144502
2021-04-28 09:39:34,10277.6,144503
2021-04-28 09:39:37,10278.0,144540
2021-04-28 09:39:38,10279.6,144570
2021-04-28 09:39:38,10274.2,144684
2021-04-28 09:39:39,10274.2,144688
2021-04-28 09:39:40,10278.95,144716
2021-04-28 09:39:42,10278.85,144756
2021-04-28 09:39:43,10273.25,144776
2021-04-28 09:39:43,10273.25,144776
2021-04-28 09:39:44,10277.0,144803
2021-04-28 09:39:46,10278.8,144853
2021-04-28 09:39:47,10273.1,144865
2021-04-28 09:39:48,10272.05,145143
2021-04-28 09:39:49,10274.75,145153
2021-04-28 09:39:49,10279.0,145211
2021-04-28 09:39:50,10278.9,145213
2021-04-28 09:39:52,10270.65,145243
2021-04-28 09:39:53,10270.65,145243
2021-04-28 09:39:54,10270.9,145367
2021-04-28 09:39:54,10275.95,145391
2021-04-28 09:39:55,10275.95,145391
2021-04-28 09:39:56,10277.65,145425
2021-04-28 09:39:58,10277.0,145427
2021-04-28 09:39:59,10272.05,145449
2021-04-28 09:40:00,10272.05,145449
2021-04-28 09:40:01,10271.0,145506
2021-04-28 09:40:02,10271.0,145506
2021-04-28 09:40:03,10268.9,145696
2021-04-28 09:40:05,10268.55,145699
2021-04-28 09:40:06,10271.0,145737
2021-04-28 09:40:07,10271.0,145737
2021-04-28 09:40:08,10271.0,145738
2021-04-28 09:40:08,10271.0,145738
2021-04-28 09:40:09,10276.4,145851
2021-04-28 09:40:11,10271.0,145930
2021-04-28 09:40:12,10271.0,145980
2021-04-28 09:40:13,10272.0,145985
2021-04-28 09:40:13,10272.0,145985
2021-04-28 09:40:14,10272.85,145986
2021-04-28 09:40:15,10276.7,146043
2021-04-28 09:40:17,10277.95,146063
2021-04-28 09:40:18,10277.9,146123
2021-04-28 09:40:19,10277.9,146123
2021-04-28 09:40:20,10277.9,146123
2021-04-28 09:40:20,10277.9,146123
2021-04-28 09:40:21,10277.9,146123
2021-04-28 09:40:23,10272.9,146128
2021-04-28 09:40:24,10277.95,146145
2021-04-28 09:40:25,10280.0,146435
2021-04-28 09:40:26,10279.15,146491
2021-04-28 09:40:26,10279.15,146491
2021-04-28 09:40:27,10283.0,146701
2021-04-28 09:40:28,10278.35,146864
2021-04-28 09:40:30,10281.95,146872
2021-04-28 09:40:31,10277.45,146873
2021-04-28 09:40:32,10280.0,146945
2021-04-28 09:40:32,10280.0,146945
2021-04-28 09:40:33,10283.0,147040
2021-04-28 09:40:35,10282.95,147098
2021-04-28 09:40:36,10287.95,147099
2021-04-28 09:40:37,10278.0,147109
2021-04-28 09:40:37,10278.0,147109
2021-04-28 09:40:38,10279.55,147169
2021-04-28 09:40:40,10281.95,147231
2021-04-28 09:40:41,10283.0,147240
2021-04-28 09:40:42,10283.0,147240
2021-04-28 09:40:42,10281.95,147246
2021-04-28 09:40:43,10283.0,147256
2021-04-28 09:40:45,10282.0,147258
2021-04-28 09:40:46,10282.0,147258
2021-04-28 09:40:47,10281.95,147261
2021-04-28 09:40:48,10283.0,147263
2021-04-28 09:40:48,10283.0,147263
2021-04-28 09:40:49,10283.0,147265
2021-04-28 09:40:51,10283.0,147293
2021-04-28 09:40:52,10283.0,147293
2021-04-28 09:40:53,10281.95,147353
2021-04-28 09:40:53,10281.95,147353
2021-04-28 09:40:54,10281.0,147383
2021-04-28 09:40:56,10278.5,147581
2021-04-28 09:40:57,10278.5,147581
2021-04-28 09:40:58,10278.5,147581
2021-04-28 09:40:58,10275.0,147586
2021-04-28 09:40:59,10279.0,147589
2021-04-28 09:41:00,10279.0,147589
2021-04-28 09:41:01,10276.95,147627
2021-04-28 09:41:02,10278.3,147637
2021-04-28 09:41:04,10278.3,147637
2021-04-28 09:41:05,10279.0,147705
2021-04-28 09:41:06,10278.0,147718
2021-04-28 09:41:07,10275.15,147728
2021-04-28 09:41:07,10278.0,147718
2021-04-28 09:41:08,10275.15,147728
2021-04-28 09:41:09,10279.95,147848
2021-04-28 09:41:11,10280.4,147898
2021-04-28 09:41:12,10280.45,147899
2021-04-28 09:41:13,10280.45,147901
2021-04-28 09:41:13,10280.45,147901
2021-04-28 09:41:14,10280.7,147904
2021-04-28 09:41:16,10280.7,147932
2021-04-28 09:41:17,10276.0,147970
2021-04-28 09:41:18,10275.0,147975
2021-04-28 09:41:18,10275.0,147985
2021-04-28 09:41:19,10275.0,147985
2021-04-28 09:41:21,10276.0,148036
2021-04-28 09:41:22,10275.0,148046
2021-04-28 09:41:23,10275.0,148046
2021-04-28 09:41:24,10278.55,148071
2021-04-28 09:41:24,10278.55,148071
2021-04-28 09:41:25,10278.25,148206
2021-04-28 09:41:26,10278.25,148206
2021-04-28 09:41:28,10278.25,148206
2021-04-28 09:41:29,10277.0,148236
2021-04-28 09:41:30,10277.0,148239
2021-04-28 09:41:31,10276.0,148244
2021-04-28 09:41:32,10276.0,148244
2021-04-28 09:41:33,10276.0,148244
2021-04-28 09:41:34,10276.0,148258
2021-04-28 09:41:35,10277.0,148260
2021-04-28 09:41:36,10277.0,148262
2021-04-28 09:41:37,10277.0,148262
2021-04-28 09:41:38,10277.0,148262
2021-04-28 09:41:39,10276.0,148264
2021-04-28 09:41:40,10277.0,148271
2021-04-28 09:41:42,10276.0,148289
2021-04-28 09:41:43,10277.0,148294
2021-04-28 09:41:44,10277.0,148296
2021-04-28 09:41:45,10276.0,148308
2021-04-28 09:41:46,10276.0,148308
2021-04-28 09:41:47,10277.0,148362
2021-04-28 09:41:48,10280.4,148561
2021-04-28 09:41:49,10277.1,148672
2021-04-28 09:41:50,10276.0,148745
2021-04-28 09:41:51,10276.0,148757
2021-04-28 09:41:51,10276.0,148757
2021-04-28 09:41:52,10276.0,148757
2021-04-28 09:41:53,10276.0,148757
2021-04-28 09:41:55,10276.0,148757
2021-04-28 09:41:56,10276.0,148757
2021-04-28 09:41:57,10276.0,148757
2021-04-28 09:41:58,10277.0,148758
2021-04-28 09:41:59,10280.0,148759
2021-04-28 09:42:00,10285.0,148892
2021-04-28 09:42:01,10285.0,148892
2021-04-28 09:42:01,10285.0,148892
2021-04-28 09:42:03,10278.15,148894
2021-04-28 09:42:04,10278.15,148894
2021-04-28 09:42:05,10278.2,148895
2021-04-28 09:42:06,10284.95,148928
2021-04-28 09:42:07,10287.0,149006
2021-04-28 09:42:07,10287.0,149006
2021-04-28 09:42:09,10287.0,149006
2021-04-28 09:42:11,10287.0,149006
2021-04-28 09:42:12,10285.45,149282
2021-04-28 09:42:13,10283.85,149288
2021-04-28 09:42:14,10294.0,149435
2021-04-28 09:42:14,10294.0,149435
2021-04-28 09:42:16,10295.0,149464
2021-04-28 09:42:17,10296.0,149500
2021-04-28 09:42:18,10278.6,150080
2021-04-28 09:42:20,10280.9,150087
2021-04-28 09:42:22,10280.9,150098
2021-04-28 09:42:23,10280.05,150120
2021-04-28 09:42:24,10281.0,150130
2021-04-28 09:42:25,10281.0,150159
2021-04-28 09:42:27,10274.4,150644
2021-04-28 09:42:26,10274.5,150640
2021-04-28 09:42:28,10274.4,150644
2021-04-28 09:42:29,10274.35,150656
2021-04-28 09:42:30,10271.0,150673
2021-04-28 09:42:30,10271.0,150673
2021-04-28 09:42:31,10277.6,150695
2021-04-28 09:42:32,10274.45,150705
2021-04-28 09:42:33,10274.4,150706
2021-04-28 09:42:34,10274.4,150706
2021-04-28 09:42:36,10278.75,150808
2021-04-28 09:42:37,10278.9,150828
2021-04-28 09:42:38,10278.85,150830
2021-04-28 09:42:39,10278.45,150831
2021-04-28 09:42:40,10278.0,150882
2021-04-28 09:42:41,10278.0,150882
2021-04-28 09:42:42,10278.0,150882
2021-04-28 09:42:43,10273.5,150893
2021-04-28 09:42:43,10273.5,150893
2021-04-28 09:42:44,10273.5,150893
2021-04-28 09:42:45,10274.15,150900
2021-04-28 09:42:46,10272.8,150925
2021-04-28 09:42:48,10278.7,150984
2021-04-28 09:42:49,10280.95,151084
2021-04-28 09:42:50,10274.05,151086
2021-04-28 09:42:51,10273.8,151093
2021-04-28 09:42:53,10273.8,151166
2021-04-28 09:42:53,10273.8,151166
2021-04-28 09:42:54,10271.0,151179
2021-04-28 09:42:55,10271.0,151179
2021-04-28 09:42:56,10271.0,151179
2021-04-28 09:42:57,10273.8,151194
2021-04-28 09:42:59,10273.8,151204
2021-04-28 09:43:00,10271.7,151264
2021-04-28 09:43:01,10272.5,151295
2021-04-28 09:43:02,10270.0,151537
2021-04-28 09:43:03,10268.9,151545
2021-04-28 09:43:04,10268.9,151545
2021-04-28 09:43:05,10266.0,151604
2021-04-28 09:43:05,10266.0,151604
2021-04-28 09:43:07,10265.7,151634
2021-04-28 09:43:08,10265.5,151635
2021-04-28 09:43:09,10265.5,151635
2021-04-28 09:43:10,10265.5,151647
2021-04-28 09:43:11,10265.2,151721
2021-04-28 09:43:12,10270.8,151768
2021-04-28 09:43:13,10270.75,151779
2021-04-28 09:43:14,10270.0,151781
2021-04-28 09:43:15,10265.45,151791
2021-04-28 09:43:16,10265.3,151811
2021-04-28 09:43:18,10270.7,151861
2021-04-28 09:43:19,10264.15,152095
2021-04-28 09:43:21,10263.1,152133
2021-04-28 09:43:21,10263.1,152133
2021-04-28 09:43:23,10267.45,152135
2021-04-28 09:43:24,10263.05,152150
2021-04-28 09:43:25,10263.05,152150
2021-04-28 09:43:26,10265.0,152155
2021-04-28 09:43:27,10265.0,152155
2021-04-28 09:43:28,10265.0,152179
2021-04-28 09:43:29,10265.0,152179
2021-04-28 09:43:30,10265.0,152184
2021-04-28 09:43:31,10260.1,152325
2021-04-28 09:43:32,10263.1,152350
2021-04-28 09:43:33,10252.4,153168
2021-04-28 09:43:34,10261.95,153171
2021-04-28 09:43:35,10255.0,153188
2021-04-28 09:43:36,10255.0,153188
2021-04-28 09:43:37,10254.3,153211
2021-04-28 09:43:39,10247.0,154467
2021-04-28 09:43:40,10240.0,155033
2021-04-28 09:43:41,10235.0,155101
2021-04-28 09:43:42,10235.15,155106
2021-04-28 09:43:43,10239.85,155209
2021-04-28 09:43:44,10235.8,155325
2021-04-28 09:43:45,10239.85,155361
2021-04-28 09:43:47,10234.0,156801
2021-04-28 09:43:48,10237.0,156814
2021-04-28 09:43:49,10237.0,156817
2021-04-28 09:43:49,10237.0,156817
2021-04-28 09:43:50,10232.55,156867
2021-04-28 09:43:52,10235.2,156910
2021-04-28 09:43:53,10241.05,156914
2021-04-28 09:43:54,10241.2,156950
2021-04-28 09:43:55,10240.95,156955
2021-04-28 09:43:56,10236.0,157116
2021-04-28 09:43:57,10240.5,157130
2021-04-28 09:43:58,10242.8,157415
2021-04-28 09:43:59,10238.0,157416
2021-04-28 09:44:00,10238.0,157528
2021-04-28 09:44:01,10242.0,157558
2021-04-28 09:44:02,10245.5,157593
2021-04-28 09:44:03,10247.55,157657
2021-04-28 09:44:04,10242.6,157667
2021-04-28 09:44:05,10242.6,157667
2021-04-28 09:44:06,10243.05,157679
2021-04-28 09:44:08,10250.0,157785
2021-04-28 09:44:07,10250.0,157785
2021-04-28 09:44:09,10244.05,157805
2021-04-28 09:44:10,10246.75,157807
2021-04-28 09:44:11,10246.0,157810
2021-04-28 09:44:12,10245.5,157814
2021-04-28 09:44:13,10250.8,157864
2021-04-28 09:44:14,10250.0,157882
2021-04-28 09:44:15,10250.0,157884
2021-04-28 09:44:16,10242.8,157934
2021-04-28 09:44:17,10242.15,157972
2021-04-28 09:44:18,10246.0,158023
2021-04-28 09:44:19,10251.6,158075
2021-04-28 09:44:20,10248.05,158077
2021-04-28 09:44:21,10248.1,158085
2021-04-28 09:44:22,10247.55,158155
2021-04-28 09:44:23,10247.55,158155
2021-04-28 09:44:24,10247.0,158210
2021-04-28 09:44:25,10249.1,158270
2021-04-28 09:44:26,10250.8,158294
2021-04-28 09:44:27,10245.65,158365
2021-04-28 09:44:28,10245.0,158372
2021-04-28 09:44:29,10245.0,158394
2021-04-28 09:44:30,10245.0,158394
2021-04-28 09:44:31,10250.0,158416
2021-04-28 09:44:32,10250.2,158626
2021-04-28 09:44:34,10249.75,158697
2021-04-28 09:44:35,10245.05,158740
2021-04-28 09:44:36,10245.05,158740
2021-04-28 09:44:37,10245.05,158740
2021-04-28 09:44:38,10249.9,158742
2021-04-28 09:44:39,10249.9,158742
2021-04-28 09:44:40,10249.8,158766
2021-04-28 09:44:41,10245.05,158767
2021-04-28 09:44:42,10245.05,158767
2021-04-28 09:44:43,10245.15,158869
2021-04-28 09:44:44,10245.0,158922
2021-04-28 09:44:45,10245.05,158954
2021-04-28 09:44:47,10250.0,158963
2021-04-28 09:44:48,10250.0,158963
2021-04-28 09:44:49,10250.0,158963
2021-04-28 09:44:50,10250.85,159015
2021-04-28 09:44:52,10245.05,159024
2021-04-28 09:44:51,10245.1,159016
2021-04-28 09:44:53,10245.05,159035
2021-04-28 09:44:54,10244.0,159514
2021-04-28 09:44:55,10249.95,159617
2021-04-28 09:44:56,10243.05,159618
2021-04-28 09:44:57,10249.25,159722
2021-04-28 09:44:58,10245.05,159774
2021-04-28 09:44:59,10245.1,159776
2021-04-28 09:45:00,10245.05,159798
2021-04-28 09:45:01,10245.05,159798
2021-04-28 09:45:02,10245.1,159802
2021-04-28 09:45:03,10245.1,159802
2021-04-28 09:45:04,10249.7,159804
2021-04-28 09:45:05,10250.0,159814
2021-04-28 09:45:06,10249.95,159825
2021-04-28 09:45:07,10249.95,159834
2021-04-28 09:45:08,10249.0,159864
2021-04-28 09:45:09,10245.1,159869
2021-04-28 09:45:10,10245.1,159869
2021-04-28 09:45:11,10249.0,159922
2021-04-28 09:45:12,10249.95,159937
2021-04-28 09:45:13,10249.95,159937
2021-04-28 09:45:14,10249.95,159937
2021-04-28 09:45:15,10255.0,160439
2021-04-28 09:45:17,10259.05,160539
2021-04-28 09:45:18,10265.0,160563
2021-04-28 09:45:19,10267.6,160577
2021-04-28 09:45:20,10267.0,160631
2021-04-28 09:45:21,10266.75,160651
2021-04-28 09:45:22,10270.15,160786
2021-04-28 09:45:23,10270.1,160787
2021-04-28 09:45:24,10270.1,160787
2021-04-28 09:45:25,10270.1,160806
2021-04-28 09:45:26,10270.1,160806
2021-04-28 09:45:27,10268.4,160917
2021-04-28 09:45:28,10271.5,160939
2021-04-28 09:45:29,10271.5,160939
2021-04-28 09:45:30,10272.4,160975
2021-04-28 09:45:31,10266.15,160976
2021-04-28 09:45:32,10266.2,160978
2021-04-28 09:45:33,10273.2,161018
2021-04-28 09:45:34,10268.05,161057
2021-04-28 09:45:35,10274.9,161114
2021-04-28 09:45:36,10274.9,161125
2021-04-28 09:45:37,10274.9,161125
2021-04-28 09:45:38,10270.0,161239
2021-04-28 09:45:39,10274.0,161244
2021-04-28 09:45:40,10269.35,161249
2021-04-28 09:45:41,10272.0,161251
2021-04-28 09:45:42,10272.0,161251
2021-04-28 09:45:43,10275.8,161336
2021-04-28 09:45:44,10274.9,161346
2021-04-28 09:45:45,10270.05,161347
2021-04-28 09:45:46,10274.85,161399
2021-04-28 09:45:49,10266.0,161621
2021-04-28 09:45:51,10269.4,161622
2021-04-28 09:45:53,10266.25,161645
2021-04-28 09:45:54,10266.2,161681
2021-04-28 09:45:56,10266.1,161788
2021-04-28 09:45:55,10273.65,161686
2021-04-28 09:45:57,10266.1,161788
2021-04-28 09:45:59,10267.0,161839
2021-04-28 09:46:00,10272.75,161873
2021-04-28 09:46:01,10272.95,161875
2021-04-28 09:46:02,10272.95,161876
2021-04-28 09:46:03,10275.0,162076
2021-04-28 09:46:04,10258.2,162478
2021-04-28 09:46:06,10251.7,162601
2021-04-28 09:46:07,10251.7,162601
2021-04-28 09:46:08,10256.7,162606
2021-04-28 09:46:09,10256.7,162606
2021-04-28 09:46:10,10256.7,162606
2021-04-28 09:46:11,10256.9,162611
2021-04-28 09:46:11,10252.6,162612
2021-04-28 09:46:12,10256.9,162618
2021-04-28 09:46:13,10261.35,162631
2021-04-28 09:46:14,10265.0,162641
2021-04-28 09:46:15,10265.0,162641
2021-04-28 09:46:16,10268.8,162686
2021-04-28 09:46:17,10262.15,162687
2021-04-28 09:46:18,10262.1,162690
2021-04-28 09:46:19,10269.2,162730
2021-04-28 09:46:20,10269.2,162730
2021-04-28 09:46:21,10269.75,162748
2021-04-28 09:46:22,10265.15,162750
2021-04-28 09:46:23,10265.15,162753
2021-04-28 09:46:24,10262.05,162766
2021-04-28 09:46:25,10262.05,162766
2021-04-28 09:46:26,10265.05,162892
2021-04-28 09:46:27,10269.65,162902
2021-04-28 09:46:28,10273.95,162953
2021-04-28 09:46:30,10272.0,162954
2021-04-28 09:46:31,10271.85,162964
2021-04-28 09:46:31,10271.85,162972
2021-04-28 09:46:32,10271.85,162972
2021-04-28 09:46:33,10266.05,162973
2021-04-28 09:46:34,10273.9,163011
2021-04-28 09:46:35,10274.35,163062
2021-04-28 09:46:36,10273.65,163073
2021-04-28 09:46:37,10272.0,163075
2021-04-28 09:46:38,10272.0,163075
2021-04-28 09:46:39,10269.15,163094
2021-04-28 09:46:40,10269.15,163094
2021-04-28 09:46:41,10267.9,163125
2021-04-28 09:46:42,10265.05,163179
2021-04-28 09:46:43,10270.65,163238
2021-04-28 09:46:44,10270.65,163238
2021-04-28 09:46:45,10269.9,163258
2021-04-28 09:46:46,10265.05,163307
2021-04-28 09:46:47,10267.9,163342
2021-04-28 09:46:48,10267.9,163344
2021-04-28 09:46:49,10267.9,163344
2021-04-28 09:46:50,10270.0,163346
2021-04-28 09:46:51,10270.0,163346
2021-04-28 09:46:52,10267.85,163364
2021-04-28 09:46:53,10267.85,163367
2021-04-28 09:46:54,10267.85,163367
2021-04-28 09:46:55,10265.5,163401
2021-04-28 09:46:56,10265.5,163401
2021-04-28 09:46:57,10265.5,163401
2021-04-28 09:46:58,10269.95,163406
2021-04-28 09:47:00,10269.95,163406
2021-04-28 09:47:01,10269.9,163419
2021-04-28 09:47:02,10266.0,163423
2021-04-28 09:47:03,10266.0,163555
2021-04-28 09:47:04,10266.0,163558
2021-04-28 09:47:05,10270.0,163587
2021-04-28 09:47:06,10269.95,163588
2021-04-28 09:47:07,10266.0,163589
2021-04-28 09:47:08,10266.0,163591
2021-04-28 09:47:09,10270.0,163601
2021-04-28 09:47:11,10269.8,163703
2021-04-28 09:47:12,10265.0,163706
2021-04-28 09:47:13,10265.0,163706
2021-04-28 09:47:14,10265.0,163706
2021-04-28 09:47:15,10265.0,163706
2021-04-28 09:47:16,10265.0,163706
2021-04-28 09:47:18,10265.0,163706
2021-04-28 09:47:20,10265.55,163730
2021-04-28 09:47:21,10265.55,163730
2021-04-28 09:47:22,10265.55,163730
2021-04-28 09:47:23,10262.75,163930
2021-04-28 09:47:24,10268.95,163949
2021-04-28 09:47:25,10268.95,163949
2021-04-28 09:47:27,10268.95,163949
2021-04-28 09:47:29,10269.8,163984
2021-04-28 09:47:30,10269.8,163984
2021-04-28 09:47:31,10269.8,163984
2021-04-28 09:47:31,10269.8,163984
2021-04-28 09:47:33,10269.8,163984
2021-04-28 09:47:35,10265.05,163985
2021-04-28 09:47:37,10265.05,163992
2021-04-28 09:47:38,10268.0,164029
2021-04-28 09:47:39,10268.95,164091
2021-04-28 09:47:40,10268.0,164092
2021-04-28 09:47:41,10265.05,164142
2021-04-28 09:47:42,10265.05,164142
2021-04-28 09:47:44,10265.05,164142
2021-04-28 09:47:44,10265.05,164142
2021-04-28 09:47:45,10265.05,164142
2021-04-28 09:47:46,10265.05,164142
2021-04-28 09:47:47,10265.0,164143
2021-04-28 09:47:49,10265.0,164143
2021-04-28 09:47:50,10265.0,164144
2021-04-28 09:47:51,10267.9,164154
2021-04-28 09:47:52,10267.9,164155
2021-04-28 09:47:53,10270.0,164303
2021-04-28 09:47:55,10270.0,164304
2021-04-28 09:47:56,10262.1,164419
2021-04-28 09:47:57,10265.2,164440
2021-04-28 09:47:58,10265.2,164440
2021-04-28 09:47:59,10265.2,164440
2021-04-28 09:48:00,10265.2,164440
2021-04-28 09:48:03,10265.2,164440
2021-04-28 09:48:05,10270.0,164480
2021-04-28 09:48:06,10270.0,164480
2021-04-28 09:48:07,10270.0,164480
2021-04-28 09:48:08,10270.0,164480
2021-04-28 09:48:08,10270.0,164480
2021-04-28 09:48:09,10270.0,164490
2021-04-28 09:48:10,10270.0,164618
2021-04-28 09:48:11,10270.0,164618
2021-04-28 09:48:13,10270.0,164675
2021-04-28 09:48:14,10270.0,164675
2021-04-28 09:48:15,10270.0,164736
2021-04-28 09:48:16,10270.0,164741
2021-04-28 09:48:17,10270.0,164741
2021-04-28 09:48:18,10270.0,164742
2021-04-28 09:48:19,10270.0,164755
2021-04-28 09:48:20,10270.0,164755
2021-04-28 09:48:21,10266.05,164785
2021-04-28 09:48:22,10270.0,164790
2021-04-28 09:48:23,10270.0,164790
2021-04-28 09:48:24,10270.0,164800
2021-04-28 09:48:26,10266.05,164801
2021-04-28 09:48:27,10266.05,164801
2021-04-28 09:48:28,10266.05,164801
2021-04-28 09:48:29,10270.0,164845
2021-04-28 09:48:30,10270.0,164845
2021-04-28 09:48:31,10270.0,164845
2021-04-28 09:48:32,10270.0,164865
2021-04-28 09:48:33,10270.0,164866
2021-04-28 09:48:34,10270.2,164981
2021-04-28 09:48:35,10270.0,164982
2021-04-28 09:48:36,10266.35,165013
2021-04-28 09:48:37,10273.8,165023
2021-04-28 09:48:37,10269.0,165024
2021-04-28 09:48:38,10269.0,165024
2021-04-28 09:48:39,10269.0,165024
2021-04-28 09:48:40,10269.0,165024
2021-04-28 09:48:41,10269.0,165024
2021-04-28 09:48:42,10273.85,165034
2021-04-28 09:48:43,10267.0,165051
2021-04-28 09:48:45,10275.0,165071
2021-04-28 09:48:46,10275.0,165071
2021-04-28 09:48:47,10275.0,165075
2021-04-28 09:48:48,10273.75,165076
2021-04-28 09:48:49,10273.75,165076
2021-04-28 09:48:50,10273.75,165076
2021-04-28 09:48:51,10273.75,165076
2021-04-28 09:48:52,10273.75,165076
2021-04-28 09:48:53,10275.0,165081
2021-04-28 09:48:54,10275.0,165081
2021-04-28 09:48:55,10275.0,165093
2021-04-28 09:48:56,10275.0,165113
2021-04-28 09:48:57,10275.0,165115
2021-04-28 09:48:58,10272.85,165128
2021-04-28 09:48:59,10272.85,165128
2021-04-28 09:49:01,10272.85,165128
2021-04-28 09:49:02,10272.85,165128
2021-04-28 09:49:02,10272.85,165128
2021-04-28 09:49:03,10272.85,165128
2021-04-28 09:49:04,10272.85,165128
2021-04-28 09:49:05,10272.85,165128
2021-04-28 09:49:07,10272.85,165128
2021-04-28 09:49:07,10272.85,165128
2021-04-28 09:49:08,10272.85,165128
2021-04-28 09:49:09,10272.85,165128
2021-04-28 09:49:11,10275.0,165143
2021-04-28 09:49:12,10277.95,165350
2021-04-28 09:49:13,10278.0,165360
2021-04-28 09:49:13,10279.9,165372
2021-04-28 09:49:14,10279.9,165372
2021-04-28 09:49:15,10279.9,165372
2021-04-28 09:49:16,10279.9,165372
2021-04-28 09:49:17,10279.9,165373
2021-04-28 09:49:19,10280.0,165444
2021-04-28 09:49:20,10280.0,165494
2021-04-28 09:49:21,10280.0,165494
2021-04-28 09:49:22,10280.0,165494
2021-04-28 09:49:23,10280.0,165514
2021-04-28 09:49:24,10286.0,165760
2021-04-28 09:49:25,10286.0,165773
2021-04-28 09:49:26,10286.0,165773
2021-04-28 09:49:26,10286.0,165773
2021-04-28 09:49:27,10285.9,165783
2021-04-28 09:49:28,10285.9,165783
2021-04-28 09:49:29,10287.6,165983
2021-04-28 09:49:30,10287.0,165993
2021-04-28 09:49:31,10286.0,166013
2021-04-28 09:49:32,10286.0,166013
2021-04-28 09:49:34,10286.0,166013
2021-04-28 09:49:35,10286.0,166038
2021-04-28 09:49:36,10286.7,166039
2021-04-28 09:49:37,10286.7,166053
2021-04-28 09:49:38,10286.0,166081
2021-04-28 09:49:39,10286.0,166081
2021-04-28 09:49:40,10289.15,166131
2021-04-28 09:49:40,10289.9,166141
2021-04-28 09:49:41,10289.9,166141
2021-04-28 09:49:42,10289.9,166146
2021-04-28 09:49:43,10288.0,166151
2021-04-28 09:49:44,10289.9,166159
2021-04-28 09:49:45,10286.0,166310
2021-04-28 09:49:46,10289.55,166312
2021-04-28 09:49:47,10289.55,166312
2021-04-28 09:49:48,10289.9,166323
2021-04-28 09:49:49,10289.9,166323
2021-04-28 09:49:50,10285.0,166329
2021-04-28 09:49:51,10285.0,166329
2021-04-28 09:49:52,10285.0,166329
2021-04-28 09:49:53,10289.0,166331
2021-04-28 09:49:54,10289.0,166383
2021-04-28 09:49:55,10285.0,166390
2021-04-28 09:49:56,10285.0,166407
2021-04-28 09:49:57,10285.0,166470
2021-04-28 09:49:58,10281.2,166534
2021-04-28 09:49:59,10281.2,166534
2021-04-28 09:50:00,10283.05,166960
2021-04-28 09:50:01,10289.75,166965
2021-04-28 09:50:02,10289.95,166968
2021-04-28 09:50:03,10290.0,166978
2021-04-28 09:50:04,10290.0,166978
2021-04-28 09:50:05,10291.75,167088
2021-04-28 09:50:06,10284.7,167089
2021-04-28 09:50:10,10288.05,167111
2021-04-28 09:50:11,10288.05,167112
2021-04-28 09:50:12,10295.0,167362
2021-04-28 09:50:13,10289.05,167404
2021-04-28 09:50:14,10289.1,167432
2021-04-28 09:50:15,10289.1,167432
2021-04-28 09:50:16,10296.0,167542
2021-04-28 09:50:17,10296.0,167542
2021-04-28 09:50:18,10295.95,167546
2021-04-28 09:50:19,10293.15,167726
2021-04-28 09:50:20,10293.15,167726
2021-04-28 09:50:21,10298.85,167829
2021-04-28 09:50:22,10290.85,167838
2021-04-28 09:50:23,10290.85,167838
2021-04-28 09:50:24,10298.0,167858
2021-04-28 09:50:24,10290.85,168087
2021-04-28 09:50:25,10290.0,168092
2021-04-28 09:50:26,10290.0,168096
2021-04-28 09:50:27,10290.0,168096
2021-04-28 09:50:30,10296.45,168162
2021-04-28 09:50:31,10295.0,168164
2021-04-28 09:50:32,10295.0,168174
2021-04-28 09:50:33,10296.0,168194
2021-04-28 09:50:34,10296.0,168196
2021-04-28 09:50:35,10296.0,168196
2021-04-28 09:50:35,10296.0,168277
2021-04-28 09:50:36,10297.7,168282
2021-04-28 09:50:37,10298.0,168333
2021-04-28 09:50:38,10298.0,168333
2021-04-28 09:50:39,10293.45,168434
2021-04-28 09:50:41,10293.15,168449
2021-04-28 09:50:42,10293.15,168449
2021-04-28 09:50:43,10293.65,168568
2021-04-28 09:50:44,10293.25,168624
2021-04-28 09:50:45,10300.0,169219
2021-04-28 09:50:46,10299.95,169225
2021-04-28 09:50:47,10300.0,169227
2021-04-28 09:50:48,10299.5,169228
2021-04-28 09:50:49,10295.0,169254
2021-04-28 09:50:50,10299.35,169255
2021-04-28 09:50:51,10295.0,169272
2021-04-28 09:50:52,10295.1,169310
2021-04-28 09:50:53,10300.0,169325
2021-04-28 09:50:54,10299.95,169334
2021-04-28 09:50:55,10293.2,169366
2021-04-28 09:50:56,10293.2,169366
2021-04-28 09:50:57,10294.8,169434
2021-04-28 09:50:58,10298.0,169536
2021-04-28 09:51:00,10299.55,169599
2021-04-28 09:51:01,10291.6,169713
2021-04-28 09:51:02,10291.6,169713
2021-04-28 09:51:03,10291.6,169713
2021-04-28 09:51:04,10295.0,169748
2021-04-28 09:51:05,10295.0,169748
2021-04-28 09:51:06,10295.0,169749
2021-04-28 09:51:07,10295.0,169749
2021-04-28 09:51:08,10295.0,169749
2021-04-28 09:51:09,10295.0,169764
2021-04-28 09:51:10,10295.0,169764
2021-04-28 09:51:11,10297.0,169765
2021-04-28 09:51:13,10296.0,169944
2021-04-28 09:51:14,10296.0,169944
2021-04-28 09:51:14,10296.0,169944
2021-04-28 09:51:15,10297.0,169958
2021-04-28 09:51:16,10297.0,169958
2021-04-28 09:51:17,10295.15,169968
2021-04-28 09:51:18,10295.15,169968
2021-04-28 09:51:19,10300.0,170122
2021-04-28 09:51:20,10296.35,170132
2021-04-28 09:51:21,10296.3,170133
2021-04-28 09:51:23,10297.0,170281
2021-04-28 09:51:24,10300.0,170296
2021-04-28 09:51:25,10300.0,170316
2021-04-28 09:51:26,10300.0,170316
2021-04-28 09:51:27,10300.0,170316
2021-04-28 09:51:28,10300.0,170316
2021-04-28 09:51:29,10300.0,170316
2021-04-28 09:51:30,10300.0,170387
2021-04-28 09:51:31,10302.0,170588
2021-04-28 09:51:32,10298.2,170637
2021-04-28 09:51:32,10298.2,170637
2021-04-28 09:51:33,10298.0,170640
2021-04-28 09:51:35,10298.25,170703
2021-04-28 09:51:36,10298.45,170739
2021-04-28 09:51:37,10304.9,170746
2021-04-28 09:51:37,10304.9,170746
2021-04-28 09:51:38,10305.0,170764
2021-04-28 09:51:40,10303.7,170773
2021-04-28 09:51:41,10305.0,170777
2021-04-28 09:51:42,10296.4,170801
2021-04-28 09:51:42,10296.4,170801
2021-04-28 09:51:43,10304.4,170861
2021-04-28 09:51:45,10304.4,170971
2021-04-28 09:51:46,10304.4,170971
2021-04-28 09:51:47,10297.3,170982
2021-04-28 09:51:48,10303.6,170983
2021-04-28 09:51:48,10303.6,170983
2021-04-28 09:51:49,10303.6,170983
2021-04-28 09:51:51,10305.0,171027
2021-04-28 09:51:52,10305.0,171028
2021-04-28 09:51:54,10304.95,171033
2021-04-28 09:51:54,10304.95,171033
2021-04-28 09:51:55,10303.75,171045
2021-04-28 09:51:57,10300.05,171050
2021-04-28 09:51:58,10300.05,171050
2021-04-28 09:51:59,10303.95,171051
2021-04-28 09:52:00,10300.0,171059
2021-04-28 09:52:01,10300.0,171059
2021-04-28 09:52:01,10300.0,171059
2021-04-28 09:52:03,10303.5,171085
2021-04-28 09:52:04,10303.5,171085
2021-04-28 09:52:05,10298.1,171086
2021-04-28 09:52:06,10298.0,171096
2021-04-28 09:52:07,10294.0,171668
2021-04-28 09:52:09,10299.85,171696
2021-04-28 09:52:10,10299.9,171700
2021-04-28 09:52:12,10300.05,171701
2021-04-28 09:52:13,10299.75,171805
2021-04-28 09:52:14,10299.75,171805
2021-04-28 09:52:15,10299.75,171805
2021-04-28 09:52:17,10294.1,171812
2021-04-28 09:52:18,10300.05,171962
2021-04-28 09:52:19,10294.5,171969
2021-04-28 09:52:20,10294.8,171977
2021-04-28 09:52:21,10294.8,171977
2021-04-28 09:52:23,10294.0,171982
2021-04-28 09:52:32,10294.85,172001
2021-04-28 09:52:33,10294.85,172001
2021-04-28 09:52:33,10294.85,172001
2021-04-28 09:52:35,10294.85,172001
2021-04-28 09:52:36,10299.75,172002
2021-04-28 09:52:37,10299.9,172037
2021-04-28 09:52:38,10300.0,172047
2021-04-28 09:52:38,10300.0,172047
2021-04-28 09:52:40,10300.0,172047
2021-04-28 09:52:41,10300.0,172047
2021-04-28 09:52:42,10295.55,172048
2021-04-28 09:52:43,10295.55,172053
2021-04-28 09:52:44,10295.55,172053
2021-04-28 09:52:44,10295.55,172053
2021-04-28 09:52:46,10295.55,172053
2021-04-28 09:52:47,10300.0,172088
2021-04-28 09:52:48,10300.0,172088
2021-04-28 09:52:49,10300.0,172088
2021-04-28 09:52:50,10302.0,172251
2021-04-28 09:52:51,10299.9,172298
2021-04-28 09:52:51,10299.9,172261
2021-04-28 09:52:53,10295.6,172415
2021-04-28 09:52:54,10295.6,172416
2021-04-28 09:52:55,10295.55,172422
2021-04-28 09:52:56,10299.0,172437
2021-04-28 09:52:57,10299.0,172437
2021-04-28 09:52:58,10299.0,172437
2021-04-28 09:52:59,10299.0,172437
2021-04-28 09:53:00,10296.0,172447
2021-04-28 09:53:01,10296.0,172447
2021-04-28 09:53:02,10296.0,172447
2021-04-28 09:53:03,10296.05,172448
2021-04-28 09:53:04,10296.05,172453
2021-04-28 09:53:05,10296.05,172453
2021-04-28 09:53:07,10296.0,172592
2021-04-28 09:53:08,10296.25,172763
2021-04-28 09:53:09,10299.0,172764
2021-04-28 09:53:10,10304.0,172894
2021-04-28 09:53:11,10304.0,172894
2021-04-28 09:53:11,10304.0,172894
2021-04-28 09:53:15,10302.6,173708
2021-04-28 09:53:16,10310.0,173769
2021-04-28 09:53:17,10310.0,173777
2021-04-28 09:53:18,10310.0,173792
2021-04-28 09:53:20,10310.0,173792
2021-04-28 09:53:20,10310.0,173798
2021-04-28 09:53:22,10305.45,173800
2021-04-28 09:53:23,10309.55,173831
2021-04-28 09:53:24,10310.0,173851
2021-04-28 09:53:25,10310.0,173856
2021-04-28 09:53:26,10310.0,173964
2021-04-28 09:53:27,10310.0,173964
2021-04-28 09:53:28,10305.0,173972
2021-04-28 09:53:29,10304.85,173977
2021-04-28 09:53:29,10304.85,173977
2021-04-28 09:53:31,10306.0,173985
2021-04-28 09:53:32,10306.0,173985
2021-04-28 09:53:33,10307.3,174004
2021-04-28 09:53:34,10309.95,174030
2021-04-28 09:53:35,10305.5,174046
2021-04-28 09:53:36,10310.0,174051
2021-04-28 09:53:37,10310.0,174051
2021-04-28 09:53:38,10310.0,174137
2021-04-28 09:53:39,10310.0,174320
2021-04-28 09:53:39,10310.0,174370
2021-04-28 09:53:41,10310.0,174377
2021-04-28 09:53:42,10310.0,174377
2021-04-28 09:53:43,10305.6,174407
2021-04-28 09:53:44,10307.9,174443
2021-04-28 09:53:44,10307.9,174443
2021-04-28 09:53:47,10305.65,174448
2021-04-28 09:53:48,10306.15,174803
2021-04-28 09:53:49,10310.0,174815
2021-04-28 09:53:50,10305.2,174830
2021-04-28 09:53:50,10305.2,174830
2021-04-28 09:53:51,10305.3,174832
2021-04-28 09:53:53,10310.0,174927
2021-04-28 09:53:54,10310.0,174933
2021-04-28 09:53:55,10305.25,174934
2021-04-28 09:53:56,10305.25,174934
2021-04-28 09:53:56,10310.0,174944
2021-04-28 09:53:58,10311.0,175144
2021-04-28 09:53:59,10309.05,175157
2021-04-28 09:54:01,10310.0,175211
2021-04-28 09:54:02,10310.0,175211
2021-04-28 09:54:03,10310.0,175224
2021-04-28 09:54:04,10306.45,175262
2021-04-28 09:54:04,10306.45,175262
2021-04-28 09:54:05,10306.45,175262
2021-04-28 09:54:07,10310.0,175288
2021-04-28 09:54:08,10310.0,175288
2021-04-28 09:54:09,10310.0,175288
2021-04-28 09:54:10,10310.0,175312
2021-04-28 09:54:12,10306.05,175337
2021-04-28 09:54:12,10306.05,175337
2021-04-28 09:54:14,10310.0,175340
2021-04-28 09:54:15,10310.0,175344
2021-04-28 09:54:16,10310.0,175344
2021-04-28 09:54:17,10306.1,175349
2021-04-28 09:54:18,10310.0,175353
2021-04-28 09:54:19,10306.1,175354
2021-04-28 09:54:20,10310.0,175480
2021-04-28 09:54:20,10310.0,175483
2021-04-28 09:54:22,10306.2,175510
2021-04-28 09:54:23,10307.0,175556
2021-04-28 09:54:24,10307.0,175556
2021-04-28 09:54:25,10306.0,175624
2021-04-28 09:54:26,10306.0,175624
2021-04-28 09:54:27,10310.0,175633
2021-04-28 09:54:28,10310.0,175633
2021-04-28 09:54:29,10310.0,175633
2021-04-28 09:54:30,10310.0,175649
2021-04-28 09:54:31,10310.0,175649
2021-04-28 09:54:32,10306.0,175673
2021-04-28 09:54:33,10306.1,175688
2021-04-28 09:54:34,10306.1,175688
2021-04-28 09:54:35,10310.0,175691
2021-04-28 09:54:36,10310.0,175691
2021-04-28 09:54:37,10310.0,175691
2021-04-28 09:54:38,10306.1,175701
2021-04-28 09:54:39,10306.1,175701
2021-04-28 09:54:40,10306.1,175706
2021-04-28 09:54:41,10306.1,175706
2021-04-28 09:54:42,10310.0,175713
2021-04-28 09:54:43,10310.0,175717
2021-04-28 09:54:44,10306.0,175728
2021-04-28 09:54:46,10306.0,175729
2021-04-28 09:54:47,10306.0,175729
2021-04-28 09:54:48,10306.0,175729
2021-04-28 09:54:49,10310.0,175785
2021-04-28 09:54:51,10309.95,175786
2021-04-28 09:54:52,10306.0,175808
2021-04-28 09:54:53,10306.0,175808
2021-04-28 09:54:54,10306.0,175808
2021-04-28 09:54:55,10305.0,175887
2021-04-28 09:54:56,10306.0,175897
2021-04-28 09:54:57,10306.0,175897
2021-04-28 09:54:58,10306.0,175952
2021-04-28 09:54:59,10305.95,175963
2021-04-28 09:55:00,10306.0,175993
2021-04-28 09:55:02,10306.0,175994
2021-04-28 09:55:03,10306.0,175994
2021-04-28 09:55:04,10306.0,175997
2021-04-28 09:55:05,10306.0,175997
2021-04-28 09:55:06,10301.9,175998
2021-04-28 09:55:07,10301.9,175998
2021-04-28 09:55:08,10301.9,176023
2021-04-28 09:55:09,10301.9,176023
2021-04-28 09:55:10,10301.9,176023
2021-04-28 09:55:11,10300.0,176026
2021-04-28 09:55:12,10296.95,176099
2021-04-28 09:55:13,10290.8,176209
2021-04-28 09:55:14,10290.8,176209
2021-04-28 09:55:15,10282.0,176768
2021-04-28 09:55:16,10282.0,176946
2021-04-28 09:55:18,10281.55,177247
2021-04-28 09:55:17,10281.55,177247
2021-04-28 09:55:19,10280.4,177334
2021-04-28 09:55:20,10274.1,177335
2021-04-28 09:55:21,10270.05,177360
2021-04-28 09:55:22,10277.9,177559
2021-04-28 09:55:23,10270.0,177671
2021-04-28 09:55:25,10282.0,177850
2021-04-28 09:55:24,10282.0,177850
2021-04-28 09:55:26,10282.0,177850
2021-04-28 09:55:27,10270.0,178285
2021-04-28 09:55:28,10274.0,178287
2021-04-28 09:55:29,10270.0,178342
2021-04-28 09:55:30,10274.1,178362
2021-04-28 09:55:31,10274.1,178394
2021-04-28 09:55:33,10270.0,178566
2021-04-28 09:55:32,10267.2,178565
2021-04-28 09:55:34,10266.05,178734
2021-04-28 09:55:35,10270.0,178749
2021-04-28 09:55:36,10270.0,178766
2021-04-28 09:55:37,10266.05,178769
2021-04-28 09:55:38,10270.0,178779
2021-04-28 09:55:39,10270.0,178779
2021-04-28 09:55:40,10270.0,178779
2021-04-28 09:55:41,10270.0,178779
2021-04-28 09:55:42,10266.1,178965
2021-04-28 09:55:44,10268.0,178986
2021-04-28 09:55:45,10270.0,179010
2021-04-28 09:55:46,10270.0,179011
2021-04-28 09:55:48,10270.0,179013
2021-04-28 09:55:50,10270.0,179061
2021-04-28 09:55:51,10270.0,179061
2021-04-28 09:55:52,10270.0,179061
2021-04-28 09:55:53,10270.0,179061
2021-04-28 09:55:54,10270.0,179061
2021-04-28 09:55:55,10270.0,179067
2021-04-28 09:55:56,10270.0,179117
2021-04-28 09:55:57,10274.0,179189
2021-04-28 09:55:58,10273.0,179197
2021-04-28 09:55:59,10273.0,179197
2021-04-28 09:56:00,10274.35,179198
2021-04-28 09:56:02,10274.35,179198
2021-04-28 09:56:01,10274.35,179198
2021-04-28 09:56:03,10274.0,179254
2021-04-28 09:56:04,10274.35,179502
2021-04-28 09:56:05,10274.35,179502
2021-04-28 09:56:06,10274.35,179503
2021-04-28 09:56:07,10279.45,179513
2021-04-28 09:56:08,10279.45,179513
2021-04-28 09:56:09,10279.45,179513
2021-04-28 09:56:10,10274.35,179578
2021-04-28 09:56:11,10274.35,179578
2021-04-28 09:56:12,10281.4,179633
2021-04-28 09:56:13,10283.0,179643
2021-04-28 09:56:14,10283.5,179646
2021-04-28 09:56:17,10275.05,179662
2021-04-28 09:56:19,10279.15,179664
2021-04-28 09:56:18,10279.15,179664
2021-04-28 09:56:20,10279.15,179664
2021-04-28 09:56:22,10281.6,179671
2021-04-28 09:56:21,10281.6,179671
2021-04-28 09:56:23,10280.5,179932
2021-04-28 09:56:24,10280.4,179957
2021-04-28 09:56:25,10280.4,179996
2021-04-28 09:56:26,10280.4,179996
2021-04-28 09:56:27,10280.4,179996
2021-04-28 09:56:29,10280.4,180006
2021-04-28 09:56:30,10281.0,180007
2021-04-28 09:56:30,10281.0,180007
2021-04-28 09:56:31,10273.1,180038
2021-04-28 09:56:32,10273.1,180038
2021-04-28 09:56:33,10270.5,180123
2021-04-28 09:56:34,10270.5,180123
2021-04-28 09:56:35,10275.0,180146
2021-04-28 09:56:36,10275.0,180146
2021-04-28 09:56:37,10275.0,180149
2021-04-28 09:56:38,10275.0,180154
2021-04-28 09:56:39,10275.0,180154
2021-04-28 09:56:40,10275.0,180194
2021-04-28 09:56:42,10274.0,180198
2021-04-28 09:56:42,10274.0,180198
2021-04-28 09:56:43,10274.0,180203
2021-04-28 09:56:44,10275.0,180204
2021-04-28 09:56:45,10274.0,180229
2021-04-28 09:56:46,10274.0,180241
2021-04-28 09:56:47,10275.0,180244
2021-04-28 09:56:48,10271.0,180248
2021-04-28 09:56:50,10275.0,180258
2021-04-28 09:56:51,10275.0,180295
2021-04-28 09:56:51,10275.0,180295
2021-04-28 09:56:52,10275.0,180295
2021-04-28 09:56:53,10275.0,180295
2021-04-28 09:56:54,10275.0,180298
2021-04-28 09:56:55,10275.0,180298
2021-04-28 09:56:56,10275.0,180298
2021-04-28 09:56:57,10271.0,180308
2021-04-28 09:56:58,10271.0,180308
2021-04-28 09:57:00,10275.0,180313
2021-04-28 09:57:02,10275.0,180366
2021-04-28 09:57:03,10275.0,180366
2021-04-28 09:57:04,10275.0,180366
2021-04-28 09:57:06,10275.0,180367
2021-04-28 09:57:07,10271.0,180375
2021-04-28 09:57:08,10271.0,180375
2021-04-28 09:57:09,10271.0,180375
2021-04-28 09:57:10,10275.0,180380
2021-04-28 09:57:11,10271.5,180381
2021-04-28 09:57:12,10271.2,180382
2021-04-28 09:57:13,10275.0,180387
2021-04-28 09:57:15,10271.2,180404
2021-04-28 09:57:15,10271.2,180404
2021-04-28 09:57:16,10271.2,180404
2021-04-28 09:57:17,10275.0,180408
2021-04-28 09:57:18,10275.0,180408
2021-04-28 09:57:19,10275.0,180410
2021-04-28 09:57:20,10275.0,180415
2021-04-28 09:57:21,10275.0,180418
2021-04-28 09:57:22,10275.0,180418
2021-04-28 09:57:23,10275.0,180418
2021-04-28 09:57:24,10276.3,180431
2021-04-28 09:57:26,10276.3,180431
2021-04-28 09:57:26,10276.3,180431
2021-04-28 09:57:27,10276.65,180436
2021-04-28 09:57:28,10276.65,180436
2021-04-28 09:57:29,10276.65,180436
2021-04-28 09:57:30,10275.0,180438
2021-04-28 09:57:32,10276.3,180439
2021-04-28 09:57:32,10276.3,180439
2021-04-28 09:57:33,10271.85,180444
2021-04-28 09:57:34,10271.85,180444
2021-04-28 09:57:35,10271.85,180444
2021-04-28 09:57:37,10271.85,180444
2021-04-28 09:57:37,10271.85,180444
2021-04-28 09:57:38,10272.05,180449
2021-04-28 09:57:39,10271.0,180549
2021-04-28 09:57:40,10272.05,180612
2021-04-28 09:57:42,10272.05,180633
2021-04-28 09:57:42,10272.05,180633
2021-04-28 09:57:43,10272.05,180633
2021-04-28 09:57:44,10272.1,180634
2021-04-28 09:57:45,10275.0,180658
2021-04-28 09:57:47,10277.95,180670
2021-04-28 09:57:48,10277.95,180670
2021-04-28 09:57:50,10272.45,180673
2021-04-28 09:57:50,10277.8,180728
2021-04-28 09:57:51,10277.9,180773
2021-04-28 09:57:52,10280.0,180776
2021-04-28 09:57:55,10276.15,180806
2021-04-28 09:57:56,10276.15,180806
2021-04-28 09:57:57,10280.0,180807
2021-04-28 09:57:57,10280.0,180807
2021-04-28 09:57:58,10281.0,180813
2021-04-28 09:57:59,10281.0,180813
2021-04-28 09:58:00,10281.0,180813
2021-04-28 09:58:01,10282.05,180821
2021-04-28 09:58:02,10282.05,180821
2021-04-28 09:58:04,10282.05,180821
2021-04-28 09:58:04,10282.05,180821
2021-04-28 09:58:05,10276.4,181021
2021-04-28 09:58:07,10282.8,181193
2021-04-28 09:58:09,10284.65,181297
2021-04-28 09:58:11,10284.45,181313
2021-04-28 09:58:11,10284.45,181313
2021-04-28 09:58:12,10282.25,181315
2021-04-28 09:58:13,10282.25,181315
2021-04-28 09:58:14,10282.25,181315
2021-04-28 09:58:15,10287.85,181316
2021-04-28 09:58:16,10283.7,181318
2021-04-28 09:58:18,10283.7,181318
2021-04-28 09:58:19,10289.25,181353
2021-04-28 09:58:19,10289.25,181353
2021-04-28 09:58:20,10286.05,181355
2021-04-28 09:58:21,10286.05,181355
2021-04-28 09:58:22,10285.05,181356
2021-04-28 09:58:23,10285.05,181356
2021-04-28 09:58:24,10287.0,181362
2021-04-28 09:58:26,10289.0,181383
2021-04-28 09:58:26,10289.0,181383
2021-04-28 09:58:27,10289.0,181385
2021-04-28 09:58:28,10287.0,181429
2021-04-28 09:58:29,10287.0,181429
2021-04-28 09:58:30,10287.0,181429
2021-04-28 09:58:32,10287.0,181429
2021-04-28 09:58:33,10287.0,181429
2021-04-28 09:58:35,10288.35,181431
2021-04-28 09:58:35,10288.35,181431
2021-04-28 09:58:36,10288.15,181542
2021-04-28 09:58:37,10288.15,181542
2021-04-28 09:58:39,10289.9,181552
2021-04-28 09:58:40,10289.9,181552
2021-04-28 09:58:40,10289.9,181552
2021-04-28 09:58:41,10289.9,181552
2021-04-28 09:58:42,10290.0,181553
2021-04-28 09:58:44,10289.95,181582
2021-04-28 09:58:45,10287.0,181583
2021-04-28 09:58:45,10287.0,181583
2021-04-28 09:58:46,10289.95,181586
2021-04-28 09:58:47,10289.95,181586
2021-04-28 09:58:48,10290.0,181590
2021-04-28 09:58:50,10290.0,181590
2021-04-28 09:58:51,10290.0,181590
2021-04-28 09:58:52,10287.0,181594
2021-04-28 09:58:53,10290.0,181634
2021-04-28 09:58:54,10287.0,181684
2021-04-28 09:58:54,10291.25,181674
2021-04-28 09:58:55,10290.0,181686
2021-04-28 09:58:56,10290.0,181686
2021-04-28 09:58:57,10287.0,181688
2021-04-28 09:58:58,10287.0,181688
2021-04-28 09:59:00,10287.0,181688
2021-04-28 09:59:01,10282.1,181791
2021-04-28 09:59:03,10282.1,181791
2021-04-28 09:59:04,10282.1,181791
2021-04-28 09:59:06,10282.4,181793
2021-04-28 09:59:07,10282.4,181794
2021-04-28 09:59:07,10282.4,181794
2021-04-28 09:59:08,10287.45,181797
2021-04-28 09:59:09,10287.45,181797
2021-04-28 09:59:11,10287.45,181797
2021-04-28 09:59:12,10287.45,181797
2021-04-28 09:59:12,10287.45,181797
2021-04-28 09:59:13,10287.0,181802
2021-04-28 09:59:14,10287.0,181802
2021-04-28 09:59:15,10283.05,181828
2021-04-28 09:59:16,10283.05,181828
2021-04-28 09:59:17,10287.0,181829
2021-04-28 09:59:18,10287.0,181829
2021-04-28 09:59:20,10287.0,181829
2021-04-28 09:59:21,10287.0,181829
2021-04-28 09:59:22,10282.0,181929
2021-04-28 09:59:23,10282.1,181939
2021-04-28 09:59:23,10282.1,181939
2021-04-28 09:59:24,10282.1,181939
2021-04-28 09:59:25,10287.8,181944
2021-04-28 09:59:26,10287.8,181944
2021-04-28 09:59:27,10287.8,181944
2021-04-28 09:59:28,10287.8,181944
2021-04-28 09:59:29,10288.15,181949
2021-04-28 09:59:30,10288.15,181949
2021-04-28 09:59:31,10288.15,181949
2021-04-28 09:59:32,10288.15,181949
2021-04-28 09:59:34,10287.0,181950
2021-04-28 09:59:35,10287.0,181950
2021-04-28 09:59:37,10287.0,181950
2021-04-28 09:59:38,10287.0,181950
2021-04-28 09:59:38,10287.0,181950
2021-04-28 09:59:40,10287.5,181961
2021-04-28 09:59:41,10287.5,181961
2021-04-28 09:59:43,10287.5,181970
2021-04-28 09:59:44,10287.5,181970
2021-04-28 09:59:46,10287.5,181970
2021-04-28 09:59:47,10287.5,181970
2021-04-28 09:59:48,10287.5,181970
2021-04-28 09:59:49,10287.5,181973
2021-04-28 09:59:50,10287.2,181983
2021-04-28 09:59:51,10286.85,182010
2021-04-28 09:59:51,10286.85,182010
2021-04-28 09:59:52,10283.1,182031
2021-04-28 09:59:54,10283.1,182031
2021-04-28 09:59:55,10283.1,182031
2021-04-28 09:59:56,10283.1,182031
2021-04-28 09:59:58,10283.1,182031
2021-04-28 09:59:59,10283.1,182031
2021-04-28 10:00:00,10288.0,182051
2021-04-28 10:00:01,10288.0,182051
2021-04-28 10:00:01,10288.0,182051
2021-04-28 10:00:02,10288.0,182051
2021-04-28 10:00:03,10288.0,182051
2021-04-28 10:00:04,10281.15,182162
2021-04-28 10:00:05,10281.15,182162
2021-04-28 10:00:06,10283.2,182164
2021-04-28 10:00:08,10283.2,182164
2021-04-28 10:00:09,10288.0,182173
2021-04-28 10:00:10,10283.25,182181
2021-04-28 10:00:11,10283.25,182181
2021-04-28 10:00:12,10280.55,182232
2021-04-28 10:00:13,10285.0,182233
2021-04-28 10:00:14,10285.0,182233
2021-04-28 10:00:15,10285.0,182233
2021-04-28 10:00:15,10285.0,182233
2021-04-28 10:00:16,10280.55,182236
2021-04-28 10:00:19,10280.1,182257
2021-04-28 10:00:20,10280.1,182260
2021-04-28 10:00:21,10280.1,182260
2021-04-28 10:00:22,10285.0,182264
2021-04-28 10:00:23,10285.0,182264
2021-04-28 10:00:24,10285.0,182264
2021-04-28 10:00:25,10285.0,182264
2021-04-28 10:00:25,10285.0,182264
2021-04-28 10:00:26,10285.0,182269
2021-04-28 10:00:28,10281.05,182274
2021-04-28 10:00:29,10285.0,182299
2021-04-28 10:00:30,10281.0,182301
2021-04-28 10:00:31,10281.0,182301
2021-04-28 10:00:33,10285.0,182303
2021-04-28 10:00:34,10285.0,182348
2021-04-28 10:00:34,10287.0,182365
2021-04-28 10:00:35,10287.0,182365
2021-04-28 10:00:36,10285.0,182366
2021-04-28 10:00:37,10285.0,182366
2021-04-28 10:00:39,10285.0,182367
2021-04-28 10:00:40,10285.0,182367
2021-04-28 10:00:41,10282.1,182369
2021-04-28 10:00:42,10285.0,182371
2021-04-28 10:00:43,10285.0,182371
2021-04-28 10:00:44,10285.0,182371
2021-04-28 10:00:44,10285.0,182371
2021-04-28 10:00:45,10285.0,182371
2021-04-28 10:00:46,10287.0,182421
2021-04-28 10:00:48,10281.75,182426
2021-04-28 10:00:49,10281.75,182426
2021-04-28 10:00:51,10286.45,182427
2021-04-28 10:00:52,10286.45,182427
2021-04-28 10:00:55,10285.0,182466
2021-04-28 10:00:56,10285.0,182467
2021-04-28 10:00:57,10285.0,182468
2021-04-28 10:00:58,10285.0,182468
2021-04-28 10:00:59,10286.45,182478
2021-04-28 10:01:01,10286.45,182487
2021-04-28 10:01:02,10286.45,182489
2021-04-28 10:01:03,10286.45,182493
2021-04-28 10:01:04,10286.45,182493
2021-04-28 10:01:05,10286.45,182495
2021-04-28 10:01:06,10288.1,182562
2021-04-28 10:01:06,10288.1,182562
2021-04-28 10:01:07,10287.5,182569
2021-04-28 10:01:08,10287.5,182569
2021-04-28 10:01:09,10287.5,182570
2021-04-28 10:01:11,10287.5,182570
2021-04-28 10:01:12,10286.45,182620
2021-04-28 10:01:13,10286.45,182620
2021-04-28 10:01:14,10286.45,182620
2021-04-28 10:01:14,10286.45,182620
2021-04-28 10:01:15,10286.45,182620
2021-04-28 10:01:16,10286.45,182668
2021-04-28 10:01:17,10286.45,182678
2021-04-28 10:01:20,10289.0,182680
2021-04-28 10:01:21,10280.4,182760
2021-04-28 10:01:22,10287.5,182811
2021-04-28 10:01:23,10289.0,182821
2021-04-28 10:01:24,10289.0,182821
2021-04-28 10:01:25,10280.05,182826
2021-04-28 10:01:25,10280.05,182826
2021-04-28 10:01:27,10280.05,182826
2021-04-28 10:01:29,10280.35,182829
2021-04-28 10:01:29,10280.35,182829
2021-04-28 10:01:30,10280.35,182829
2021-04-28 10:01:31,10287.85,182830
2021-04-28 10:01:33,10280.05,182856
2021-04-28 10:01:34,10280.05,182856
2021-04-28 10:01:35,10280.0,182906
2021-04-28 10:01:37,10280.0,182906
2021-04-28 10:01:38,10280.0,182906
2021-04-28 10:01:39,10280.0,182906
2021-04-28 10:01:39,10280.0,182906
2021-04-28 10:01:40,10280.0,182906
2021-04-28 10:01:41,10282.9,182909
2021-04-28 10:01:42,10282.9,182909
2021-04-28 10:01:43,10282.9,182909
2021-04-28 10:01:44,10282.9,182909
2021-04-28 10:01:45,10282.9,182913
2021-04-28 10:01:46,10282.9,182913
2021-04-28 10:01:47,10282.9,182913
2021-04-28 10:01:48,10282.9,182913
2021-04-28 10:01:49,10282.9,182913
2021-04-28 10:01:50,10282.9,182923
2021-04-28 10:01:51,10282.9,182924
2021-04-28 10:01:52,10282.9,182924
2021-04-28 10:01:53,10282.9,182924
2021-04-28 10:01:54,10286.15,182925
2021-04-28 10:01:55,10286.15,182925
2021-04-28 10:01:57,10285.45,182932
2021-04-28 10:01:58,10285.45,182932
2021-04-28 10:01:59,10285.45,182932
2021-04-28 10:02:00,10280.1,182968
2021-04-28 10:02:01,10280.1,182969
2021-04-28 10:02:02,10280.1,182969
2021-04-28 10:02:03,10280.1,182969
2021-04-28 10:02:04,10282.35,182970
2021-04-28 10:02:05,10282.35,182970
2021-04-28 10:02:06,10282.35,182970
2021-04-28 10:02:07,10282.35,182970
2021-04-28 10:02:08,10282.9,182979
2021-04-28 10:02:08,10282.9,182979
2021-04-28 10:02:09,10282.9,182986
2021-04-28 10:02:12,10282.9,183007
2021-04-28 10:02:13,10282.9,183007
2021-04-28 10:02:14,10275.0,183250
2021-04-28 10:02:15,10275.0,183250
2021-04-28 10:02:16,10279.5,183260
2021-04-28 10:02:17,10279.5,183260
2021-04-28 10:02:18,10279.5,183260
2021-04-28 10:02:20,10275.75,183261
2021-04-28 10:02:20,10275.75,183261
2021-04-28 10:02:21,10275.75,183261
2021-04-28 10:02:22,10274.55,183281
2021-04-28 10:02:23,10272.05,183285
2021-04-28 10:02:24,10278.9,183289
2021-04-28 10:02:25,10278.9,183289
2021-04-28 10:02:26,10272.45,183316
2021-04-28 10:02:27,10272.45,183316
2021-04-28 10:02:28,10272.45,183316
2021-04-28 10:02:29,10272.45,183316
2021-04-28 10:02:30,10272.45,183316
2021-04-28 10:02:31,10272.45,183316
2021-04-28 10:02:32,10273.0,183407
2021-04-28 10:02:33,10272.95,183429
2021-04-28 10:02:34,10277.95,183433
2021-04-28 10:02:35,10273.65,183434
2021-04-28 10:02:36,10272.1,183509
2021-04-28 10:02:37,10272.35,183513
2021-04-28 10:02:38,10279.65,183548
2021-04-28 10:02:40,10279.65,183548
2021-04-28 10:02:41,10279.65,183548
2021-04-28 10:02:41,10274.2,183549
2021-04-28 10:02:43,10274.15,183554
2021-04-28 10:02:44,10274.15,183554
2021-04-28 10:02:45,10274.15,183554
2021-04-28 10:02:46,10274.15,183554
2021-04-28 10:02:47,10274.15,183554
2021-04-28 10:02:48,10277.6,183559
2021-04-28 10:02:50,10277.9,183564
2021-04-28 10:02:50,10277.9,183564
2021-04-28 10:02:51,10277.9,183567
2021-04-28 10:02:53,10277.9,183574
2021-04-28 10:02:54,10273.0,183597
2021-04-28 10:02:55,10273.05,183599
2021-04-28 10:02:56,10279.1,183605
2021-04-28 10:02:57,10279.1,183605
2021-04-28 10:02:58,10279.1,183605
2021-04-28 10:03:00,10273.1,183606
2021-04-28 10:03:00,10273.1,183606
2021-04-28 10:03:01,10273.1,183606
2021-04-28 10:03:03,10274.05,183619
2021-04-28 10:03:04,10279.0,183629
2021-04-28 10:03:05,10274.15,183635
2021-04-28 10:03:07,10274.0,183641
2021-04-28 10:03:08,10274.0,183641
2021-04-28 10:03:10,10274.0,183643
2021-04-28 10:03:10,10274.0,183643
2021-04-28 10:03:12,10274.0,183643
2021-04-28 10:03:14,10274.0,183643
2021-04-28 10:03:16,10279.0,183684
2021-04-28 10:03:17,10276.7,183713
2021-04-28 10:03:18,10276.7,183713
2021-04-28 10:03:19,10277.3,183715
2021-04-28 10:03:21,10273.0,183716
2021-04-28 10:03:22,10273.0,183716
2021-04-28 10:03:23,10276.0,183717
2021-04-28 10:03:24,10277.45,183723
2021-04-28 10:03:26,10273.05,183733
2021-04-28 10:03:27,10273.05,183733
2021-04-28 10:03:27,10273.05,183733
2021-04-28 10:03:28,10273.05,183733
2021-04-28 10:03:29,10277.55,183745
2021-04-28 10:03:31,10274.0,183746
2021-04-28 10:03:32,10277.8,183748
2021-04-28 10:03:33,10277.8,183748
2021-04-28 10:03:34,10277.8,183748
2021-04-28 10:03:35,10277.8,183748
2021-04-28 10:03:36,10275.0,183758
2021-04-28 10:03:37,10274.0,183761
2021-04-28 10:03:37,10274.0,183761
2021-04-28 10:03:38,10274.0,183761
2021-04-28 10:03:39,10277.5,183762
2021-04-28 10:03:41,10277.5,183762
2021-04-28 10:03:42,10274.0,183763
2021-04-28 10:03:43,10274.0,183763
2021-04-28 10:03:44,10274.0,183834
2021-04-28 10:03:45,10272.0,183904
2021-04-28 10:03:45,10272.0,183904
2021-04-28 10:03:46,10270.0,183933
2021-04-28 10:03:47,10266.65,184332
2021-04-28 10:03:48,10266.0,184334
2021-04-28 10:03:49,10266.0,184334
2021-04-28 10:03:50,10270.9,184365
2021-04-28 10:03:52,10270.0,184366
2021-04-28 10:03:57,10266.0,184372
2021-04-28 10:03:57,10266.0,184372
2021-04-28 10:04:00,10266.05,184377
2021-04-28 10:04:01,10266.05,184377
2021-04-28 10:04:02,10269.95,184403
2021-04-28 10:04:03,10269.95,184403
2021-04-28 10:04:04,10266.0,184428
2021-04-28 10:04:04,10270.0,184438
2021-04-28 10:04:05,10266.0,184440
2021-04-28 10:04:06,10266.0,184440
2021-04-28 10:04:07,10266.0,184441
2021-04-28 10:04:08,10269.9,184446
2021-04-28 10:04:09,10266.0,184456
2021-04-28 10:04:10,10266.0,184456
2021-04-28 10:04:12,10266.0,184457
2021-04-28 10:04:12,10266.0,184485
2021-04-28 10:04:14,10266.0,184487
2021-04-28 10:04:15,10266.0,184492
2021-04-28 10:04:15,10265.2,184495
2021-04-28 10:04:16,10265.2,184495
2021-04-28 10:04:17,10265.2,184495
2021-04-28 10:04:19,10266.05,184496
2021-04-28 10:04:21,10266.0,184498
2021-04-28 10:04:22,10265.1,184508
2021-04-28 10:04:23,10265.1,184508
2021-04-28 10:04:24,10266.05,184515
2021-04-28 10:04:25,10269.95,184528
2021-04-28 10:04:26,10265.25,184534
2021-04-28 10:04:27,10270.0,184644
2021-04-28 10:04:29,10270.0,184644
2021-04-28 10:04:29,10270.0,184644
2021-04-28 10:04:30,10270.0,184644
2021-04-28 10:04:31,10270.0,184644
2021-04-28 10:04:32,10270.0,184644
2021-04-28 10:04:33,10265.05,184655
2021-04-28 10:04:34,10267.2,184656
2021-04-28 10:04:36,10267.2,184656
2021-04-28 10:04:37,10265.1,184662
2021-04-28 10:04:37,10265.1,184662
2021-04-28 10:04:38,10265.0,184720
2021-04-28 10:04:40,10260.0,185340
2021-04-28 10:04:41,10260.0,185340
2021-04-28 10:04:42,10260.65,185376
2021-04-28 10:04:43,10261.0,185396
2021-04-28 10:04:44,10261.0,185396
2021-04-28 10:04:45,10255.0,185447
2021-04-28 10:04:50,10260.0,185621
2021-04-28 10:04:51,10263.0,185622
2021-04-28 10:04:52,10261.0,185623
2021-04-28 10:04:53,10261.0,185623
2021-04-28 10:04:55,10261.0,185623
2021-04-28 10:04:57,10261.0,185623
2021-04-28 10:04:58,10262.95,185624
2021-04-28 10:04:59,10261.0,185634
2021-04-28 10:05:00,10260.0,185644
2021-04-28 10:05:01,10260.0,185644
2021-04-28 10:05:03,10261.0,185779
2021-04-28 10:05:04,10260.9,185780
2021-04-28 10:05:05,10260.9,185780
2021-04-28 10:05:06,10261.0,185820
2021-04-28 10:05:07,10261.0,185840
2021-04-28 10:05:08,10261.0,185840
2021-04-28 10:05:09,10261.0,185865
2021-04-28 10:05:10,10260.0,185903
2021-04-28 10:05:11,10261.7,185913
2021-04-28 10:05:12,10261.0,186113
2021-04-28 10:05:13,10255.0,186174
2021-04-28 10:05:14,10260.0,186178
2021-04-28 10:05:15,10261.95,186183
2021-04-28 10:05:16,10263.0,186238
2021-04-28 10:05:17,10266.15,186430
2021-04-28 10:05:18,10266.15,186430
2021-04-28 10:05:19,10265.6,186434
2021-04-28 10:05:22,10272.85,186649
2021-04-28 10:05:23,10272.85,186649
2021-04-28 10:05:24,10267.0,186771
2021-04-28 10:05:25,10267.0,186771
2021-04-28 10:05:26,10267.0,186771
2021-04-28 10:05:27,10267.0,186771
2021-04-28 10:05:28,10267.0,186771
2021-04-28 10:05:29,10272.0,186773
2021-04-28 10:05:30,10272.0,186773
2021-04-28 10:05:31,10272.0,186775
2021-04-28 10:05:32,10272.0,186775
2021-04-28 10:05:33,10272.0,186776
2021-04-28 10:05:34,10272.0,186776
2021-04-28 10:05:35,10272.0,186776
2021-04-28 10:05:36,10272.0,186776
2021-04-28 10:05:37,10272.0,186776
2021-04-28 10:05:39,10272.0,186776
2021-04-28 10:05:40,10272.0,186795
2021-04-28 10:05:41,10274.1,186796
2021-04-28 10:05:42,10274.1,186796
2021-04-28 10:05:43,10274.1,186796
2021-04-28 10:05:44,10274.1,186796
2021-04-28 10:05:45,10274.1,186840
