timestamp,ltp,volume
2021-04-28 09:15:14,2417.9,6511
2021-04-28 09:15:20,2417.9,7649
2021-04-28 09:15:25,2428.75,12817
2021-04-28 09:15:29,2429.75,13500
2021-04-28 09:15:34,2428.2,14920
2021-04-28 09:15:38,2425.7,16149
2021-04-28 09:15:43,2426.0,16596
2021-04-28 09:15:48,2425.6,17681
2021-04-28 09:15:52,2425.0,18168
2021-04-28 09:15:56,2424.4,18416
2021-04-28 09:16:00,2422.9,18797
2021-04-28 09:16:05,2425.2,19570
2021-04-28 09:16:09,2423.1,19918
2021-04-28 09:16:13,2425.0,21327
2021-04-28 09:16:17,2427.45,21556
2021-04-28 09:16:21,2425.7,21840
2021-04-28 09:16:25,2427.95,22078
2021-04-28 09:16:29,2426.3,22175
2021-04-28 09:16:33,2428.3,23662
2021-04-28 09:16:37,2431.0,25115
2021-04-28 09:16:41,2429.55,25591
2021-04-28 09:16:46,2426.25,26365
2021-04-28 09:16:50,2428.0,27348
2021-04-28 09:16:54,2428.3,27688
2021-04-28 09:16:57,2429.95,28703
2021-04-28 09:17:01,2429.7,29724
2021-04-28 09:17:06,2430.85,30686
2021-04-28 09:17:09,2432.75,30961
2021-04-28 09:17:13,2430.1,31292
2021-04-28 09:17:17,2425.35,32950
2021-04-28 09:17:21,2428.55,33234
2021-04-28 09:17:25,2429.8,33329
2021-04-28 09:17:29,2430.45,33524
2021-04-28 09:17:33,2432.0,33970
2021-04-28 09:17:37,2432.0,34018
2021-04-28 09:17:41,2432.0,34252
2021-04-28 09:17:45,2430.4,35134
2021-04-28 09:17:48,2430.7,35753
2021-04-28 09:17:52,2430.55,35809
2021-04-28 09:17:56,2427.0,36430
2021-04-28 09:18:00,2428.75,36561
2021-04-28 09:18:04,2428.65,36661
2021-04-28 09:18:08,2427.25,36672
2021-04-28 09:18:12,2428.95,36737
2021-04-28 09:18:16,2428.8,37008
2021-04-28 09:18:19,2429.1,37054
2021-04-28 09:18:23,2429.1,37112
2021-04-28 09:18:27,2431.35,37242
2021-04-28 09:18:31,2431.4,37266
2021-04-28 09:18:34,2429.4,37326
2021-04-28 09:18:38,2429.5,37573
2021-04-28 09:18:42,2430.7,38644
2021-04-28 09:18:46,2429.1,39607
2021-04-28 09:18:49,2421.65,43311
2021-04-28 09:18:53,2424.35,43577
2021-04-28 09:18:57,2425.75,43672
2021-04-28 09:19:00,2425.75,43705
2021-04-28 09:19:04,2427.2,43727
2021-04-28 09:19:08,2425.85,43747
2021-04-28 09:19:11,2427.45,43927
2021-04-28 09:19:15,2424.6,44802
2021-04-28 09:19:23,2425.75,44901
2021-04-28 09:19:26,2425.9,44927
2021-04-28 09:19:30,2426.3,45396
2021-04-28 09:19:34,2426.3,45401
2021-04-28 09:19:37,2425.05,45463
2021-04-28 09:19:41,2426.0,45517
2021-04-28 09:19:44,2427.4,45582
2021-04-28 09:19:48,2427.4,45582
2021-04-28 09:19:55,2425.9,46152
2021-04-28 09:19:59,2427.05,46362
2021-04-28 09:20:02,2424.15,46771
2021-04-28 09:20:06,2425.05,46830
2021-04-28 09:20:09,2426.85,46933
2021-04-28 09:20:13,2427.6,46990
2021-04-28 09:20:17,2427.95,47141
2021-04-28 09:20:21,2426.0,47294
2021-04-28 09:20:24,2426.5,47320
2021-04-28 09:20:28,2425.9,47524
2021-04-28 09:20:31,2425.9,47717
2021-04-28 09:20:38,2425.9,47845
2021-04-28 09:20:41,2426.2,48156
2021-04-28 09:20:45,2427.6,48169
2021-04-28 09:20:48,2426.4,48221
2021-04-28 09:20:52,2426.55,48233
2021-04-28 09:20:55,2428.15,48301
2021-04-28 09:20:58,2426.95,48337
2021-04-28 09:21:02,2426.95,49182
2021-04-28 09:21:05,2428.0,49393
2021-04-28 09:21:09,2428.95,49618
2021-04-28 09:21:12,2428.6,49763
2021-04-28 09:21:16,2428.6,49881
2021-04-28 09:21:19,2428.6,49978
2021-04-28 09:21:23,2427.7,50779
2021-04-28 09:21:29,2428.0,51626
2021-04-28 09:21:32,2428.0,51635
2021-04-28 09:21:33,2428.0,51635
2021-04-28 09:21:34,2428.0,51640
2021-04-28 09:21:35,2427.7,51646
2021-04-28 09:21:36,2427.7,51646
2021-04-28 09:21:37,2427.7,51846
2021-04-28 09:21:38,2427.0,51970
2021-04-28 09:21:39,2426.9,51982
2021-04-28 09:21:40,2426.9,51982
2021-04-28 09:21:41,2426.9,51982
2021-04-28 09:21:42,2426.9,51982
2021-04-28 09:21:43,2427.5,51983
2021-04-28 09:21:44,2427.7,51993
2021-04-28 09:21:45,2426.9,52116
2021-04-28 09:21:46,2428.0,52120
2021-04-28 09:21:48,2428.0,52120
2021-04-28 09:21:47,2428.0,52120
2021-04-28 09:21:49,2428.0,52120
2021-04-28 09:21:50,2428.0,52120
2021-04-28 09:21:51,2428.4,52253
2021-04-28 09:21:52,2428.6,52376
2021-04-28 09:21:53,2428.0,52380
2021-04-28 09:21:54,2428.0,52405
2021-04-28 09:21:55,2428.0,52411
2021-04-28 09:21:56,2428.95,52413
2021-04-28 09:21:57,2428.95,52413
2021-04-28 09:21:58,2428.0,52428
2021-04-28 09:21:59,2428.0,52429
2021-04-28 09:22:00,2428.0,52429
2021-04-28 09:22:01,2428.0,52429
2021-04-28 09:22:02,2428.4,52449
2021-04-28 09:22:03,2428.4,52449
2021-04-28 09:22:04,2428.4,52489
2021-04-28 09:22:05,2428.4,52490
2021-04-28 09:22:06,2428.4,52495
2021-04-28 09:22:07,2428.4,52495
2021-04-28 09:22:08,2428.4,52496
2021-04-28 09:22:09,2426.4,53269
2021-04-28 09:22:10,2427.3,53341
2021-04-28 09:22:11,2427.3,53343
2021-04-28 09:22:12,2427.55,53366
2021-04-28 09:22:13,2427.8,53376
2021-04-28 09:22:14,2427.8,53376
2021-04-28 09:22:15,2428.8,53436
2021-04-28 09:22:16,2428.8,53436
2021-04-28 09:22:17,2427.3,53441
2021-04-28 09:22:18,2428.0,53541
2021-04-28 09:22:19,2428.2,53551
2021-04-28 09:22:20,2428.2,53551
2021-04-28 09:22:21,2427.85,53556
2021-04-28 09:22:22,2426.9,53557
2021-04-28 09:22:23,2426.9,53557
2021-04-28 09:22:24,2426.9,53557
2021-04-28 09:22:25,2428.25,53607
2021-04-28 09:22:26,2428.25,53607
2021-04-28 09:22:27,2428.25,53607
2021-04-28 09:22:28,2428.25,53607
2021-04-28 09:22:29,2428.0,53627
2021-04-28 09:22:30,2427.15,53630
2021-04-28 09:22:31,2427.2,53631
2021-04-28 09:22:32,2427.2,53631
2021-04-28 09:22:33,2428.35,53641
2021-04-28 09:22:34,2428.35,53641
2021-04-28 09:22:35,2428.25,53643
2021-04-28 09:22:36,2428.25,53643
2021-04-28 09:22:37,2428.25,53643
2021-04-28 09:22:38,2427.2,53743
2021-04-28 09:22:39,2427.35,53745
2021-04-28 09:22:40,2427.75,53754
2021-04-28 09:22:41,2427.75,53754
2021-04-28 09:22:42,2427.95,53759
2021-04-28 09:22:43,2427.95,53759
2021-04-28 09:22:44,2427.95,53759
2021-04-28 09:22:45,2427.95,53760
2021-04-28 09:22:46,2427.95,53760
2021-04-28 09:22:47,2428.0,53810
2021-04-28 09:22:48,2428.0,53810
2021-04-28 09:22:49,2428.0,53812
2021-04-28 09:22:50,2427.95,53831
2021-04-28 09:22:51,2427.7,53950
2021-04-28 09:22:52,2427.55,53953
2021-04-28 09:22:53,2427.8,53984
2021-04-28 09:22:54,2427.8,53984
2021-04-28 09:22:55,2427.65,53985
2021-04-28 09:22:56,2427.65,53985
2021-04-28 09:22:57,2427.8,54167
2021-04-28 09:22:58,2427.8,54167
2021-04-28 09:22:59,2427.8,54167
2021-04-28 09:23:00,2427.8,54167
2021-04-28 09:23:01,2427.0,54183
2021-04-28 09:23:03,2427.0,54185
2021-04-28 09:23:04,2427.0,54200
2021-04-28 09:23:05,2427.0,54201
2021-04-28 09:23:06,2427.95,54251
2021-04-28 09:23:07,2427.5,54287
2021-04-28 09:23:08,2427.65,54339
2021-04-28 09:23:09,2427.65,54339
2021-04-28 09:23:10,2427.0,54507
2021-04-28 09:23:11,2427.0,54507
2021-04-28 09:23:12,2427.0,54507
2021-04-28 09:23:13,2427.65,54707
2021-04-28 09:23:14,2427.65,54709
2021-04-28 09:23:15,2427.65,54709
2021-04-28 09:23:16,2426.55,54734
2021-04-28 09:23:17,2426.6,54740
2021-04-28 09:23:18,2427.6,54742
2021-04-28 09:23:20,2426.55,54763
2021-04-28 09:23:21,2427.8,54995
2021-04-28 09:23:22,2427.6,55005
2021-04-28 09:23:23,2427.65,55121
2021-04-28 09:23:24,2427.65,55121
2021-04-28 09:23:26,2427.65,55121
2021-04-28 09:23:30,2426.05,55517
2021-04-28 09:23:32,2426.0,55522
2021-04-28 09:23:35,2426.0,55548
2021-04-28 09:23:37,2426.0,55650
2021-04-28 09:23:39,2426.1,55651
2021-04-28 09:23:41,2427.3,55673
2021-04-28 09:23:40,2426.1,55655
2021-04-28 09:23:42,2427.3,55673
2021-04-28 09:23:43,2426.15,55723
2021-04-28 09:23:44,2426.1,55734
2021-04-28 09:23:46,2427.15,55769
2021-04-28 09:23:47,2427.15,55769
2021-04-28 09:23:48,2427.15,55769
2021-04-28 09:23:48,2427.15,55769
2021-04-28 09:23:49,2426.2,55789
2021-04-28 09:23:51,2426.2,55790
2021-04-28 09:23:52,2426.2,55790
2021-04-28 09:23:53,2426.2,55790
2021-04-28 09:23:54,2426.2,55810
2021-04-28 09:23:55,2427.0,55864
2021-04-28 09:23:56,2427.0,55864
2021-04-28 09:23:57,2427.0,55995
2021-04-28 09:23:59,2427.0,56000
2021-04-28 09:23:58,2427.0,56000
2021-04-28 09:24:00,2427.0,56000
2021-04-28 09:24:01,2425.0,56563
2021-04-28 09:24:02,2426.5,56662
2021-04-28 09:24:03,2425.2,56664
2021-04-28 09:24:04,2425.2,56664
2021-04-28 09:24:05,2425.65,56712
2021-04-28 09:24:06,2426.75,56727
2021-04-28 09:24:07,2426.8,56737
2021-04-28 09:24:08,2426.8,56737
2021-04-28 09:24:09,2426.8,56737
2021-04-28 09:24:10,2426.8,56737
2021-04-28 09:24:11,2426.5,57037
2021-04-28 09:24:12,2426.6,57072
2021-04-28 09:24:13,2427.15,57914
2021-04-28 09:24:15,2425.75,57964
2021-04-28 09:24:16,2427.0,57965
2021-04-28 09:24:16,2427.15,57966
2021-04-28 09:24:17,2427.2,57996
2021-04-28 09:24:18,2427.0,57997
2021-04-28 09:24:19,2427.25,57999
2021-04-28 09:24:20,2427.25,58012
2021-04-28 09:24:21,2427.25,58012
2021-04-28 09:24:22,2427.25,58012
2021-04-28 09:24:23,2427.25,58012
2021-04-28 09:24:24,2427.25,58012
2021-04-28 09:24:25,2427.25,58012
2021-04-28 09:24:26,2427.25,58017
2021-04-28 09:24:27,2427.25,58017
2021-04-28 09:24:28,2427.25,58017
2021-04-28 09:24:29,2427.0,58025
2021-04-28 09:24:30,2427.0,58026
2021-04-28 09:24:31,2427.0,58026
2021-04-28 09:24:32,2427.0,58026
2021-04-28 09:24:33,2427.0,58026
2021-04-28 09:24:34,2427.0,58026
2021-04-28 09:24:35,2427.9,58126
2021-04-28 09:24:36,2427.9,58126
2021-04-28 09:24:37,2427.25,58138
2021-04-28 09:24:38,2427.25,58138
2021-04-28 09:24:39,2427.25,58138
2021-04-28 09:24:40,2427.25,58147
2021-04-28 09:24:41,2428.0,58197
2021-04-28 09:24:42,2428.0,58199
2021-04-28 09:24:43,2428.0,58199
2021-04-28 09:24:45,2428.4,60787
2021-04-28 09:24:45,2428.4,60812
2021-04-28 09:24:46,2428.4,60849
2021-04-28 09:24:47,2428.4,60849
2021-04-28 09:24:48,2428.4,60849
2021-04-28 09:24:49,2428.4,60849
2021-04-28 09:24:50,2428.4,60849
2021-04-28 09:24:51,2428.45,60853
2021-04-28 09:24:52,2430.0,61303
2021-04-28 09:24:53,2430.0,61307
2021-04-28 09:24:54,2430.0,61307
2021-04-28 09:24:55,2428.5,61311
2021-04-28 09:24:57,2428.5,61311
2021-04-28 09:24:58,2428.65,61316
2021-04-28 09:24:58,2428.65,61316
2021-04-28 09:24:59,2430.0,61354
2021-04-28 09:25:01,2428.95,61444
2021-04-28 09:25:02,2428.95,61445
2021-04-28 09:25:03,2428.95,61463
2021-04-28 09:25:04,2429.9,61466
2021-04-28 09:25:05,2430.8,62150
2021-04-28 09:25:06,2430.8,62157
2021-04-28 09:25:06,2430.8,62157
2021-04-28 09:25:07,2429.35,62168
2021-04-28 09:25:08,2430.95,62171
2021-04-28 09:25:09,2431.0,62291
2021-04-28 09:25:10,2430.8,62401
2021-04-28 09:25:11,2430.05,62563
2021-04-28 09:25:12,2431.3,62611
2021-04-28 09:25:13,2431.35,62646
2021-04-28 09:25:14,2430.8,62648
2021-04-28 09:25:15,2431.3,62673
2021-04-28 09:25:16,2431.7,62748
2021-04-28 09:25:17,2431.7,62748
2021-04-28 09:25:18,2431.75,62753
2021-04-28 09:25:19,2431.75,62763
2021-04-28 09:25:20,2431.7,62781
2021-04-28 09:25:21,2431.7,62781
2021-04-28 09:25:22,2430.8,62881
2021-04-28 09:25:23,2431.8,62897
2021-04-28 09:25:24,2431.85,62907
2021-04-28 09:25:25,2431.85,62907
2021-04-28 09:25:26,2432.4,63211
2021-04-28 09:25:27,2432.2,63267
2021-04-28 09:25:28,2432.3,63292
2021-04-28 09:25:29,2432.3,63292
2021-04-28 09:25:30,2432.3,63343
2021-04-28 09:25:31,2432.45,63515
2021-04-28 09:25:32,2431.2,63557
2021-04-28 09:25:33,2432.2,63615
2021-04-28 09:25:34,2432.35,63620
2021-04-28 09:25:35,2431.3,63671
2021-04-28 09:25:36,2432.5,63697
2021-04-28 09:25:37,2432.5,63697
2021-04-28 09:25:38,2430.5,64827
2021-04-28 09:25:39,2430.5,64886
2021-04-28 09:25:40,2431.1,64899
2021-04-28 09:25:41,2431.05,64907
2021-04-28 09:25:42,2431.05,64909
2021-04-28 09:25:43,2431.4,64959
2021-04-28 09:25:44,2431.1,64985
2021-04-28 09:25:45,2431.55,65025
2021-04-28 09:25:46,2431.0,65548
2021-04-28 09:25:47,2432.35,65565
2021-04-28 09:25:48,2432.4,65623
2021-04-28 09:25:49,2432.0,65635
2021-04-28 09:25:50,2432.0,65735
2021-04-28 09:25:51,2432.6,65856
2021-04-28 09:25:52,2432.6,65856
2021-04-28 09:25:54,2431.4,65999
2021-04-28 09:25:56,2432.8,66002
2021-04-28 09:25:57,2432.85,66032
2021-04-28 09:25:57,2432.9,66128
2021-04-28 09:25:58,2432.4,66518
2021-04-28 09:25:59,2432.4,66579
2021-04-28 09:26:00,2432.85,66637
2021-04-28 09:26:01,2432.9,66747
2021-04-28 09:26:02,2432.9,66747
2021-04-28 09:26:04,2434.9,67765
2021-04-28 09:26:05,2433.2,69313
2021-04-28 09:26:06,2435.35,69348
2021-04-28 09:26:09,2434.5,69767
2021-04-28 09:26:09,2434.5,69767
2021-04-28 09:26:10,2434.2,69796
2021-04-28 09:26:11,2435.05,69821
2021-04-28 09:26:13,2435.4,69829
2021-04-28 09:26:13,2434.45,69901
2021-04-28 09:26:14,2434.5,69911
2021-04-28 09:26:16,2434.5,69912
2021-04-28 09:26:17,2434.45,69941
2021-04-28 09:26:18,2434.8,70452
2021-04-28 09:26:19,2433.0,70577
2021-04-28 09:26:20,2434.15,70901
2021-04-28 09:26:21,2434.15,70901
2021-04-28 09:26:22,2434.0,70915
2021-04-28 09:26:23,2433.1,70934
2021-04-28 09:26:24,2433.1,70934
2021-04-28 09:26:25,2434.15,71049
2021-04-28 09:26:26,2435.0,71158
2021-04-28 09:26:27,2435.0,71158
2021-04-28 09:26:28,2434.0,71293
2021-04-28 09:26:30,2434.0,71490
2021-04-28 09:26:31,2434.6,72491
2021-04-28 09:26:32,2433.3,72501
2021-04-28 09:26:33,2434.0,72502
2021-04-28 09:26:34,2434.15,72917
2021-04-28 09:26:35,2434.5,73102
2021-04-28 09:26:36,2433.0,73161
2021-04-28 09:26:37,2434.0,73371
2021-04-28 09:26:38,2434.8,73579
2021-04-28 09:26:39,2434.9,73604
2021-04-28 09:26:40,2434.0,73639
2021-04-28 09:26:41,2433.0,73841
2021-04-28 09:26:42,2432.4,73961
2021-04-28 09:26:43,2433.0,73991
2021-04-28 09:26:44,2433.0,73991
2021-04-28 09:26:45,2431.4,74817
2021-04-28 09:26:45,2431.0,74809
2021-04-28 09:26:46,2431.25,74917
2021-04-28 09:26:47,2431.35,74918
2021-04-28 09:26:48,2432.9,75094
2021-04-28 09:26:49,2432.9,75100
2021-04-28 09:26:51,2431.95,75105
2021-04-28 09:26:52,2432.95,75112
2021-04-28 09:26:53,2433.35,75136
2021-04-28 09:26:54,2433.35,75136
2021-04-28 09:26:56,2433.5,75159
2021-04-28 09:26:57,2434.0,75322
2021-04-28 09:26:59,2432.3,75332
2021-04-28 09:27:00,2432.05,75362
2021-04-28 09:27:00,2432.05,75362
2021-04-28 09:27:02,2431.95,75477
2021-04-28 09:27:03,2432.25,75581
2021-04-28 09:27:04,2433.15,75592
2021-04-28 09:27:05,2433.15,75608
2021-04-28 09:27:06,2433.15,75608
2021-04-28 09:27:07,2433.25,75627
2021-04-28 09:27:08,2432.25,75634
2021-04-28 09:27:09,2432.25,75639
2021-04-28 09:27:10,2433.35,75672
2021-04-28 09:27:11,2433.95,75782
2021-04-28 09:27:12,2434.0,75792
2021-04-28 09:27:13,2433.0,75834
2021-04-28 09:27:15,2433.0,75834
2021-04-28 09:27:16,2433.85,75874
2021-04-28 09:27:17,2434.0,75934
2021-04-28 09:27:18,2433.2,75941
2021-04-28 09:27:19,2433.2,75943
2021-04-28 09:27:20,2434.0,75996
2021-04-28 09:27:21,2433.25,76006
2021-04-28 09:27:21,2433.25,76006
2021-04-28 09:27:22,2433.25,76006
2021-04-28 09:27:23,2433.25,76006
2021-04-28 09:27:24,2433.25,76006
2021-04-28 09:27:25,2433.25,76007
2021-04-28 09:27:26,2433.25,76007
2021-04-28 09:27:27,2433.25,76007
2021-04-28 09:27:28,2434.0,76023
2021-04-28 09:27:30,2433.55,76030
2021-04-28 09:27:31,2434.0,76071
2021-04-28 09:27:32,2434.0,76071
2021-04-28 09:27:33,2433.3,76175
2021-04-28 09:27:33,2433.3,76174
2021-04-28 09:27:34,2433.55,76196
2021-04-28 09:27:35,2434.45,76396
2021-04-28 09:27:36,2434.45,76396
2021-04-28 09:27:37,2434.45,76396
2021-04-28 09:27:38,2434.45,76396
2021-04-28 09:27:39,2434.45,76396
2021-04-28 09:27:40,2434.45,76398
2021-04-28 09:27:41,2434.0,76399
2021-04-28 09:27:43,2433.4,76413
2021-04-28 09:27:44,2433.95,76494
2021-04-28 09:27:44,2433.95,76493
2021-04-28 09:27:45,2433.95,76713
2021-04-28 09:27:46,2434.8,76749
2021-04-28 09:27:47,2434.8,76749
2021-04-28 09:27:50,2434.95,76754
2021-04-28 09:27:50,2434.95,76809
2021-04-28 09:27:51,2434.95,76809
2021-04-28 09:27:52,2434.1,76831
2021-04-28 09:27:53,2434.1,76935
2021-04-28 09:27:54,2434.1,76957
2021-04-28 09:27:55,2434.1,76958
2021-04-28 09:27:56,2434.1,76959
2021-04-28 09:27:58,2434.1,76960
2021-04-28 09:27:59,2434.1,77060
2021-04-28 09:28:00,2434.75,77063
2021-04-28 09:28:01,2434.8,77083
2021-04-28 09:28:02,2434.8,77083
2021-04-28 09:28:03,2434.1,77088
2021-04-28 09:28:04,2434.1,77088
2021-04-28 09:28:05,2434.1,77088
2021-04-28 09:28:06,2434.05,77244
2021-04-28 09:28:07,2434.05,77245
2021-04-28 09:28:08,2434.05,77245
2021-04-28 09:28:09,2434.0,77265
2021-04-28 09:28:09,2434.0,77266
2021-04-28 09:28:10,2434.45,77289
2021-04-28 09:28:11,2434.0,77443
2021-04-28 09:28:13,2433.6,77673
2021-04-28 09:28:14,2433.6,77675
2021-04-28 09:28:15,2434.35,77677
2021-04-28 09:28:16,2433.55,77717
2021-04-28 09:28:17,2430.0,79788
2021-04-28 09:28:18,2430.3,79811
2021-04-28 09:28:19,2430.3,79811
2021-04-28 09:28:20,2431.4,79836
2021-04-28 09:28:21,2431.4,79836
2021-04-28 09:28:22,2430.25,79840
2021-04-28 09:28:23,2432.2,79995
2021-04-28 09:28:24,2432.0,80010
2021-04-28 09:28:25,2432.2,80012
2021-04-28 09:28:25,2432.3,80022
2021-04-28 09:28:26,2432.3,80022
2021-04-28 09:28:27,2431.5,80035
2021-04-28 09:28:28,2432.0,80050
2021-04-28 09:28:29,2432.0,80055
2021-04-28 09:28:31,2432.0,80055
2021-04-28 09:28:32,2432.0,80059
2021-04-28 09:28:32,2432.0,80068
2021-04-28 09:28:34,2432.0,80068
2021-04-28 09:28:35,2431.55,80136
2021-04-28 09:28:36,2432.2,80137
2021-04-28 09:28:37,2432.35,80160
2021-04-28 09:28:38,2432.4,80210
2021-04-28 09:28:38,2432.4,80210
2021-04-28 09:28:39,2432.2,80276
2021-04-28 09:28:40,2433.25,80392
2021-04-28 09:28:41,2433.25,80392
2021-04-28 09:28:42,2433.25,80392
2021-04-28 09:28:44,2432.45,81191
2021-04-28 09:28:44,2432.45,81192
2021-04-28 09:28:46,2428.45,82205
2021-04-28 09:28:47,2428.45,82205
2021-04-28 09:28:47,2428.45,82205
2021-04-28 09:28:48,2427.25,82240
2021-04-28 09:28:49,2427.3,82248
2021-04-28 09:28:50,2428.85,82274
2021-04-28 09:28:51,2428.9,82355
2021-04-28 09:28:53,2428.9,82355
2021-04-28 09:28:54,2427.6,82615
2021-04-28 09:28:55,2427.6,82617
2021-04-28 09:28:56,2429.0,82709
2021-04-28 09:28:57,2429.0,82709
2021-04-28 09:28:58,2429.65,82754
2021-04-28 09:28:59,2429.65,82754
2021-04-28 09:29:00,2429.65,82754
2021-04-28 09:29:01,2428.25,82773
2021-04-28 09:29:02,2428.25,82773
2021-04-28 09:29:03,2428.25,82773
2021-04-28 09:29:04,2428.2,82789
2021-04-28 09:29:05,2428.2,82801
2021-04-28 09:29:06,2429.3,82803
2021-04-28 09:29:07,2429.3,82803
2021-04-28 09:29:08,2429.4,82903
2021-04-28 09:29:09,2429.4,82953
2021-04-28 09:29:10,2429.4,82953
2021-04-28 09:29:10,2429.4,82953
2021-04-28 09:29:11,2429.4,82953
2021-04-28 09:29:12,2426.35,84880
2021-04-28 09:29:13,2426.8,84925
2021-04-28 09:29:14,2427.6,85025
2021-04-28 09:29:15,2427.6,85025
2021-04-28 09:29:16,2425.7,85026
2021-04-28 09:29:18,2426.2,85048
2021-04-28 09:29:19,2427.05,85050
2021-04-28 09:29:20,2427.05,85156
2021-04-28 09:29:21,2427.05,85166
2021-04-28 09:29:22,2427.05,85166
2021-04-28 09:29:23,2427.1,85176
2021-04-28 09:29:24,2425.9,85187
2021-04-28 09:29:25,2425.7,85240
2021-04-28 09:29:26,2423.7,86451
2021-04-28 09:29:27,2423.95,86463
2021-04-28 09:29:28,2425.5,86473
2021-04-28 09:29:29,2426.0,86654
2021-04-28 09:29:31,2425.0,86667
2021-04-28 09:29:32,2425.0,86667
2021-04-28 09:29:33,2425.0,86680
2021-04-28 09:29:34,2425.0,86704
2021-04-28 09:29:35,2425.0,86705
2021-04-28 09:29:36,2426.35,86736
2021-04-28 09:29:37,2427.0,86786
2021-04-28 09:29:39,2425.85,86988
2021-04-28 09:29:38,2427.0,86786
2021-04-28 09:29:41,2425.3,87103
2021-04-28 09:29:42,2425.3,87103
2021-04-28 09:29:44,2425.85,87111
2021-04-28 09:29:46,2426.8,87138
2021-04-28 09:29:47,2425.85,87238
2021-04-28 09:29:48,2425.85,87241
2021-04-28 09:29:49,2425.9,87251
2021-04-28 09:29:50,2425.85,87280
2021-04-28 09:29:51,2425.85,87280
2021-04-28 09:29:52,2427.4,87282
2021-04-28 09:29:53,2427.4,87282
2021-04-28 09:29:54,2427.5,87382
2021-04-28 09:29:55,2426.0,87437
2021-04-28 09:29:56,2427.3,87442
2021-04-28 09:29:57,2427.45,87542
2021-04-28 09:29:58,2428.0,87988
2021-04-28 09:29:59,2428.0,87988
2021-04-28 09:30:00,2428.0,88040
2021-04-28 09:30:01,2428.25,88050
2021-04-28 09:30:02,2428.65,88054
2021-04-28 09:30:04,2427.3,88067
2021-04-28 09:30:06,2427.3,88152
2021-04-28 09:30:07,2427.3,88152
2021-04-28 09:30:08,2427.3,88152
2021-04-28 09:30:09,2427.3,88152
2021-04-28 09:30:10,2428.55,88162
2021-04-28 09:30:11,2428.55,88162
2021-04-28 09:30:13,2428.0,88190
2021-04-28 09:30:14,2428.0,88190
2021-04-28 09:30:15,2428.0,88190
2021-04-28 09:30:16,2427.45,88252
2021-04-28 09:30:17,2428.0,88254
2021-04-28 09:30:18,2428.0,88254
2021-04-28 09:30:19,2428.0,88254
2021-04-28 09:30:19,2428.0,88254
2021-04-28 09:30:21,2428.0,88254
2021-04-28 09:30:22,2428.0,88254
2021-04-28 09:30:23,2428.0,88405
2021-04-28 09:30:24,2428.0,88407
2021-04-28 09:30:25,2428.0,88412
2021-04-28 09:30:25,2428.0,88412
2021-04-28 09:30:27,2428.0,88425
2021-04-28 09:30:28,2428.0,88875
2021-04-28 09:30:29,2428.0,88879
2021-04-28 09:30:30,2428.0,88904
2021-04-28 09:30:31,2428.0,88905
2021-04-28 09:30:32,2428.0,88905
2021-04-28 09:30:32,2428.0,88905
2021-04-28 09:30:33,2428.0,88905
2021-04-28 09:30:34,2428.0,88908
2021-04-28 09:30:35,2428.0,88908
2021-04-28 09:30:36,2428.0,88928
2021-04-28 09:30:37,2428.0,88928
2021-04-28 09:30:40,2428.05,88938
2021-04-28 09:30:41,2428.05,88943
2021-04-28 09:30:42,2428.05,88953
2021-04-28 09:30:43,2428.05,88953
2021-04-28 09:30:44,2428.05,88953
2021-04-28 09:30:44,2428.05,88953
2021-04-28 09:30:45,2429.1,88956
2021-04-28 09:30:47,2429.1,88957
2021-04-28 09:30:48,2429.1,88957
2021-04-28 09:30:49,2428.1,88962
2021-04-28 09:30:50,2428.1,88962
2021-04-28 09:30:51,2428.1,88962
2021-04-28 09:30:52,2428.1,88962
2021-04-28 09:30:53,2428.1,88962
2021-04-28 09:30:54,2428.1,88964
2021-04-28 09:30:55,2428.9,88967
2021-04-28 09:30:56,2428.9,88967
2021-04-28 09:30:57,2428.9,88997
2021-04-28 09:30:57,2428.9,88997
2021-04-28 09:30:58,2428.9,88997
2021-04-28 09:31:01,2428.25,89353
2021-04-28 09:31:02,2429.1,89453
2021-04-28 09:31:03,2429.1,89453
2021-04-28 09:31:04,2429.1,89453
2021-04-28 09:31:05,2429.1,89453
2021-04-28 09:31:06,2429.2,89464
2021-04-28 09:31:07,2428.3,89634
2021-04-28 09:31:07,2428.3,89636
2021-04-28 09:31:08,2428.3,89636
2021-04-28 09:31:10,2429.0,89986
2021-04-28 09:31:11,2428.9,90004
2021-04-28 09:31:13,2428.9,90004
2021-04-28 09:31:14,2428.9,90065
2021-04-28 09:31:16,2428.9,90210
2021-04-28 09:31:17,2428.9,90210
2021-04-28 09:31:18,2429.0,90293
2021-04-28 09:31:18,2429.0,90293
2021-04-28 09:31:20,2429.0,90406
2021-04-28 09:31:20,2428.0,91272
2021-04-28 09:31:21,2428.0,91280
2021-04-28 09:31:22,2428.05,91281
2021-04-28 09:31:23,2428.05,91281
2021-04-28 09:31:26,2429.15,91439
2021-04-28 09:31:27,2428.9,91440
2021-04-28 09:31:28,2428.15,91445
2021-04-28 09:31:29,2428.2,91450
2021-04-28 09:31:30,2428.2,91450
2021-04-28 09:31:31,2428.2,91451
2021-04-28 09:31:33,2428.2,91451
2021-04-28 09:31:32,2428.2,91451
2021-04-28 09:31:34,2428.2,91451
2021-04-28 09:31:34,2428.9,91457
2021-04-28 09:31:35,2429.0,91497
2021-04-28 09:31:36,2429.0,91502
2021-04-28 09:31:38,2428.9,91506
2021-04-28 09:31:39,2428.9,91506
2021-04-28 09:31:39,2428.9,91506
2021-04-28 09:31:40,2428.9,91506
2021-04-28 09:31:41,2428.15,91507
2021-04-28 09:31:42,2428.9,91509
2021-04-28 09:31:43,2428.9,91509
2021-04-28 09:31:45,2428.9,91509
2021-04-28 09:31:46,2428.9,91509
2021-04-28 09:31:47,2428.9,91509
2021-04-28 09:31:48,2428.9,91509
2021-04-28 09:31:49,2428.0,92783
2021-04-28 09:31:50,2428.5,92802
2021-04-28 09:31:52,2428.5,92802
2021-04-28 09:31:53,2426.0,93567
2021-04-28 09:31:54,2426.6,93621
2021-04-28 09:31:55,2426.6,93622
2021-04-28 09:31:56,2426.6,93622
2021-04-28 09:31:56,2427.75,93623
2021-04-28 09:31:58,2427.75,93623
2021-04-28 09:31:59,2427.75,93623
2021-04-28 09:32:00,2427.75,93623
2021-04-28 09:32:00,2427.0,93634
2021-04-28 09:32:01,2427.0,93644
2021-04-28 09:32:02,2427.0,93645
2021-04-28 09:32:03,2427.0,93646
2021-04-28 09:32:04,2427.0,93746
2021-04-28 09:32:05,2427.0,93747
2021-04-28 09:32:06,2426.2,93752
2021-04-28 09:32:07,2427.0,93775
2021-04-28 09:32:09,2426.2,93776
2021-04-28 09:32:10,2427.0,93827
2021-04-28 09:32:12,2427.0,93853
2021-04-28 09:32:13,2427.0,93853
2021-04-28 09:32:14,2426.9,93933
2021-04-28 09:32:15,2426.9,93933
2021-04-28 09:32:16,2426.9,93939
2021-04-28 09:32:17,2426.9,93939
2021-04-28 09:32:18,2426.9,93939
2021-04-28 09:32:19,2426.9,93940
2021-04-28 09:32:20,2426.5,93941
2021-04-28 09:32:21,2426.5,93941
2021-04-28 09:32:22,2426.5,94041
2021-04-28 09:32:23,2426.0,94142
2021-04-28 09:32:24,2426.05,94143
2021-04-28 09:32:25,2427.0,94249
2021-04-28 09:32:27,2428.05,94251
2021-04-28 09:32:26,2428.05,94251
2021-04-28 09:32:28,2426.8,94331
2021-04-28 09:32:29,2426.4,94482
2021-04-28 09:32:30,2426.45,94483
2021-04-28 09:32:31,2427.8,94505
2021-04-28 09:32:32,2426.55,94507
2021-04-28 09:32:33,2426.55,94507
2021-04-28 09:32:34,2426.55,94507
2021-04-28 09:32:35,2426.55,94507
2021-04-28 09:32:37,2426.55,94507
2021-04-28 09:32:38,2426.55,94507
2021-04-28 09:32:39,2426.2,94510
2021-04-28 09:32:40,2426.2,94511
2021-04-28 09:32:41,2426.2,94511
2021-04-28 09:32:42,2426.2,94511
2021-04-28 09:32:43,2426.2,94511
2021-04-28 09:32:44,2426.2,94511
2021-04-28 09:32:45,2427.25,94512
2021-04-28 09:32:46,2427.25,94512
2021-04-28 09:32:47,2427.25,94522
2021-04-28 09:32:48,2426.2,94719
2021-04-28 09:32:49,2426.2,94849
2021-04-28 09:32:50,2426.0,94896
2021-04-28 09:32:51,2426.0,94897
2021-04-28 09:32:53,2426.2,95016
2021-04-28 09:32:54,2426.0,95069
2021-04-28 09:32:55,2426.0,95070
2021-04-28 09:32:56,2426.2,95071
2021-04-28 09:32:57,2426.2,95071
2021-04-28 09:32:58,2426.2,95071
2021-04-28 09:33:00,2426.2,95805
2021-04-28 09:33:01,2427.0,96172
2021-04-28 09:33:02,2427.0,96176
2021-04-28 09:33:03,2426.4,96276
2021-04-28 09:33:04,2426.55,96277
2021-04-28 09:33:05,2427.0,96302
2021-04-28 09:33:06,2427.0,96302
2021-04-28 09:33:07,2427.0,96312
2021-04-28 09:33:08,2427.0,96312
2021-04-28 09:33:09,2427.0,96312
2021-04-28 09:33:10,2427.0,96312
2021-04-28 09:33:11,2427.0,96322
2021-04-28 09:33:12,2427.0,96407
2021-04-28 09:33:13,2427.0,96408
2021-04-28 09:33:14,2428.0,96428
2021-04-28 09:33:15,2428.0,96428
2021-04-28 09:33:16,2428.0,96428
2021-04-28 09:33:17,2428.0,96428
2021-04-28 09:33:18,2428.35,96486
2021-04-28 09:33:19,2427.55,96492
2021-04-28 09:33:20,2427.55,96497
2021-04-28 09:33:21,2427.55,96497
2021-04-28 09:33:22,2427.55,96497
2021-04-28 09:33:24,2428.9,96500
2021-04-28 09:33:25,2428.9,96501
2021-04-28 09:33:26,2427.6,96943
2021-04-28 09:33:27,2426.5,97297
2021-04-28 09:33:28,2426.2,97651
2021-04-28 09:33:29,2426.4,97655
2021-04-28 09:33:30,2426.4,97655
2021-04-28 09:33:31,2428.15,97780
2021-04-28 09:33:32,2428.15,97780
2021-04-28 09:33:33,2428.15,97780
2021-04-28 09:33:34,2428.35,97945
2021-04-28 09:33:35,2428.35,97945
2021-04-28 09:33:36,2428.35,97945
2021-04-28 09:33:37,2428.35,97945
2021-04-28 09:33:38,2428.15,97946
2021-04-28 09:33:39,2428.15,97946
2021-04-28 09:33:40,2428.15,97948
2021-04-28 09:33:41,2428.15,97950
2021-04-28 09:33:42,2428.15,97950
2021-04-28 09:33:43,2428.15,97950
2021-04-28 09:33:44,2428.15,97950
2021-04-28 09:33:45,2428.15,98000
2021-04-28 09:33:46,2428.15,98000
2021-04-28 09:33:47,2428.15,98000
2021-04-28 09:33:48,2426.85,98035
2021-04-28 09:33:49,2426.85,98035
2021-04-28 09:33:50,2426.85,98035
2021-04-28 09:33:51,2427.9,98040
2021-04-28 09:33:52,2426.75,98140
2021-04-28 09:33:53,2426.75,98141
2021-04-28 09:33:54,2426.75,98141
2021-04-28 09:33:55,2428.15,98221
2021-04-28 09:33:57,2428.15,98221
2021-04-28 09:33:59,2426.95,98324
2021-04-28 09:34:01,2426.95,98326
2021-04-28 09:34:02,2426.95,98326
2021-04-28 09:34:03,2426.95,98326
2021-04-28 09:34:04,2428.3,98335
2021-04-28 09:34:05,2426.85,98379
2021-04-28 09:34:06,2426.85,98380
2021-04-28 09:34:07,2426.85,98380
2021-04-28 09:34:08,2426.15,98480
2021-04-28 09:34:09,2426.2,98482
2021-04-28 09:34:10,2426.2,98482
2021-04-28 09:34:11,2426.95,98500
2021-04-28 09:34:12,2428.1,98505
2021-04-28 09:34:13,2428.1,98505
2021-04-28 09:34:15,2428.1,98505
2021-04-28 09:34:16,2427.0,98605
2021-04-28 09:34:17,2427.0,98606
2021-04-28 09:34:18,2428.0,98607
2021-04-28 09:34:19,2428.0,98607
2021-04-28 09:34:20,2428.0,98607
2021-04-28 09:34:21,2428.1,98650
2021-04-28 09:34:23,2427.15,98750
2021-04-28 09:34:24,2427.15,98751
2021-04-28 09:34:25,2427.15,98751
2021-04-28 09:34:26,2427.15,98751
2021-04-28 09:34:27,2427.15,98751
2021-04-28 09:34:28,2426.6,98851
2021-04-28 09:34:29,2426.65,98852
2021-04-28 09:34:30,2426.65,98852
2021-04-28 09:34:31,2426.65,98852
2021-04-28 09:34:33,2428.95,99370
2021-04-28 09:34:35,2429.95,99478
2021-04-28 09:34:37,2429.95,99865
2021-04-28 09:34:37,2430.0,99777
2021-04-28 09:34:38,2429.65,99916
2021-04-28 09:34:39,2429.65,99916
2021-04-28 09:34:41,2429.2,100017
2021-04-28 09:34:41,2429.15,100024
2021-04-28 09:34:42,2429.15,100025
2021-04-28 09:34:43,2429.15,100032
2021-04-28 09:34:44,2430.15,100232
2021-04-28 09:34:45,2428.9,100235
2021-04-28 09:34:46,2430.2,100435
2021-04-28 09:34:47,2430.2,100435
2021-04-28 09:34:48,2430.2,100435
2021-04-28 09:34:49,2430.2,100435
2021-04-28 09:34:50,2430.2,100435
2021-04-28 09:34:51,2430.2,100435
2021-04-28 09:34:52,2430.0,100437
2021-04-28 09:34:53,2430.4,100611
2021-04-28 09:34:55,2430.0,100618
2021-04-28 09:34:56,2430.0,100636
2021-04-28 09:34:57,2430.4,100647
2021-04-28 09:34:59,2430.4,100747
2021-04-28 09:35:00,2430.4,100747
2021-04-28 09:35:01,2430.4,100840
2021-04-28 09:35:01,2430.4,100841
2021-04-28 09:35:03,2430.85,100866
2021-04-28 09:35:04,2429.45,100871
2021-04-28 09:35:05,2429.9,101080
2021-04-28 09:35:06,2431.65,101123
2021-04-28 09:35:07,2431.65,101123
2021-04-28 09:35:08,2431.65,101123
2021-04-28 09:35:09,2430.05,101133
2021-04-28 09:35:10,2430.05,101190
2021-04-28 09:35:11,2431.25,101220
2021-04-28 09:35:12,2430.0,101223
2021-04-28 09:35:13,2430.0,101223
2021-04-28 09:35:14,2430.0,101223
2021-04-28 09:35:15,2432.0,101551
2021-04-28 09:35:16,2432.0,101551
2021-04-28 09:35:17,2432.0,101551
2021-04-28 09:35:18,2432.0,101551
2021-04-28 09:35:19,2431.95,101571
2021-04-28 09:35:20,2431.95,101571
2021-04-28 09:35:21,2432.0,101988
2021-04-28 09:35:22,2431.6,102169
2021-04-28 09:35:24,2432.0,102171
2021-04-28 09:35:25,2432.0,102243
2021-04-28 09:35:25,2433.1,102246
2021-04-28 09:35:27,2433.1,102246
2021-04-28 09:35:27,2433.1,102271
2021-04-28 09:35:28,2432.95,102272
2021-04-28 09:35:29,2432.95,102272
2021-04-28 09:35:31,2433.0,102317
2021-04-28 09:35:33,2432.05,102319
2021-04-28 09:35:33,2432.05,102319
2021-04-28 09:35:35,2432.0,102320
2021-04-28 09:35:35,2432.05,102372
2021-04-28 09:35:37,2432.1,102454
2021-04-28 09:35:37,2433.0,102455
2021-04-28 09:35:39,2433.0,102455
2021-04-28 09:35:39,2433.0,102469
2021-04-28 09:35:41,2433.0,102479
2021-04-28 09:35:42,2433.9,102551
2021-04-28 09:35:43,2433.9,102551
2021-04-28 09:35:44,2433.3,102552
2021-04-28 09:35:45,2433.9,102580
2021-04-28 09:35:48,2432.75,102932
2021-04-28 09:35:48,2433.75,102946
2021-04-28 09:35:50,2432.75,102951
2021-04-28 09:35:50,2432.75,102951
2021-04-28 09:35:52,2433.65,102976
2021-04-28 09:35:54,2433.65,103030
2021-04-28 09:35:55,2433.6,103056
2021-04-28 09:35:55,2433.6,103056
2021-04-28 09:35:56,2433.6,103056
2021-04-28 09:35:58,2433.65,103076
2021-04-28 09:35:58,2433.0,103288
2021-04-28 09:35:59,2433.0,103342
2021-04-28 09:36:00,2433.0,103342
2021-04-28 09:36:01,2433.0,103345
2021-04-28 09:36:03,2433.0,103345
2021-04-28 09:36:03,2432.75,103347
2021-04-28 09:36:04,2433.0,103354
2021-04-28 09:36:05,2432.75,103362
2021-04-28 09:36:06,2433.0,103372
2021-04-28 09:36:07,2433.0,103372
2021-04-28 09:36:08,2432.4,103677
2021-04-28 09:36:09,2432.4,103681
2021-04-28 09:36:10,2432.4,103681
2021-04-28 09:36:11,2432.4,103681
2021-04-28 09:36:12,2432.4,103681
2021-04-28 09:36:14,2432.4,103681
2021-04-28 09:36:15,2432.4,103681
2021-04-28 09:36:16,2432.4,103681
2021-04-28 09:36:16,2432.4,103681
2021-04-28 09:36:18,2434.0,105241
2021-04-28 09:36:18,2434.0,105241
2021-04-28 09:36:19,2432.65,105266
2021-04-28 09:36:21,2433.0,105296
2021-04-28 09:36:23,2433.0,105308
2021-04-28 09:36:23,2433.0,105324
2021-04-28 09:36:24,2433.5,105526
2021-04-28 09:36:25,2433.5,105526
2021-04-28 09:36:26,2434.0,105545
2021-04-28 09:36:27,2434.0,105545
2021-04-28 09:36:28,2433.35,105577
2021-04-28 09:36:29,2434.0,105604
2021-04-28 09:36:30,2434.0,105604
2021-04-28 09:36:31,2434.0,105604
2021-04-28 09:36:33,2434.0,105611
2021-04-28 09:36:36,2433.4,105616
2021-04-28 09:36:37,2433.4,105626
2021-04-28 09:36:37,2434.0,105634
2021-04-28 09:36:39,2434.0,105647
2021-04-28 09:36:40,2434.0,105662
2021-04-28 09:36:41,2434.0,105662
2021-04-28 09:36:42,2434.0,105664
2021-04-28 09:36:42,2434.0,105664
2021-04-28 09:36:43,2433.4,105764
2021-04-28 09:36:44,2433.45,105765
2021-04-28 09:36:46,2433.45,105765
2021-04-28 09:36:47,2433.45,105765
2021-04-28 09:36:49,2434.0,105768
2021-04-28 09:36:50,2434.0,105768
2021-04-28 09:36:51,2433.45,105816
2021-04-28 09:36:52,2434.0,105827
2021-04-28 09:36:54,2433.45,105846
2021-04-28 09:36:55,2433.45,105946
2021-04-28 09:36:56,2433.45,105947
2021-04-28 09:36:57,2433.45,105947
2021-04-28 09:36:58,2434.0,105952
2021-04-28 09:36:58,2435.0,106726
2021-04-28 09:36:59,2435.25,108102
2021-04-28 09:37:01,2439.85,112549
2021-04-28 09:37:01,2439.85,112741
2021-04-28 09:37:02,2439.7,112868
2021-04-28 09:37:03,2439.85,112883
2021-04-28 09:37:04,2440.0,113239
2021-04-28 09:37:05,2438.45,113533
2021-04-28 09:37:06,2438.55,113718
2021-04-28 09:37:07,2440.0,113754
2021-04-28 09:37:08,2439.9,114029
2021-04-28 09:37:09,2440.5,115268
2021-04-28 09:37:10,2439.65,115498
2021-04-28 09:37:11,2440.0,115722
2021-04-28 09:37:12,2441.45,115779
2021-04-28 09:37:13,2441.4,115827
2021-04-28 09:37:14,2441.5,115856
2021-04-28 09:37:16,2441.0,116254
2021-04-28 09:37:15,2441.5,116219
2021-04-28 09:37:17,2440.35,116364
2021-04-28 09:37:18,2440.35,116766
2021-04-28 09:37:20,2441.0,116911
2021-04-28 09:37:20,2441.0,116911
2021-04-28 09:37:22,2440.25,117130
2021-04-28 09:37:22,2440.25,117079
2021-04-28 09:37:24,2440.35,117804
2021-04-28 09:37:24,2440.35,117798
2021-04-28 09:37:25,2440.25,117830
2021-04-28 09:37:26,2440.35,117866
2021-04-28 09:37:27,2440.35,117868
2021-04-28 09:37:28,2440.35,117894
2021-04-28 09:37:29,2440.25,118048
2021-04-28 09:37:30,2440.25,118054
2021-04-28 09:37:31,2440.9,118056
2021-04-28 09:37:32,2440.9,118056
2021-04-28 09:37:33,2440.25,118286
2021-04-28 09:37:34,2440.25,118296
2021-04-28 09:37:35,2440.25,118296
2021-04-28 09:37:36,2440.35,118355
2021-04-28 09:37:37,2441.0,118508
2021-04-28 09:37:38,2441.0,118508
2021-04-28 09:37:39,2440.0,118615
2021-04-28 09:37:40,2439.65,118625
2021-04-28 09:37:41,2439.65,118625
2021-04-28 09:37:42,2440.35,118641
2021-04-28 09:37:43,2440.0,118642
2021-04-28 09:37:45,2439.5,119038
2021-04-28 09:37:46,2440.1,119048
2021-04-28 09:37:47,2440.15,119050
2021-04-28 09:37:48,2439.0,119180
2021-04-28 09:37:50,2438.0,119282
2021-04-28 09:37:51,2438.0,119299
2021-04-28 09:37:53,2438.4,119310
2021-04-28 09:37:54,2436.9,119731
2021-04-28 09:37:55,2438.35,119740
2021-04-28 09:37:56,2438.35,119740
2021-04-28 09:37:57,2437.95,119744
2021-04-28 09:37:58,2437.0,119749
2021-04-28 09:37:59,2437.95,119774
2021-04-28 09:38:00,2438.4,119868
2021-04-28 09:38:01,2438.4,119881
2021-04-28 09:38:02,2438.4,119956
2021-04-28 09:38:03,2438.4,119976
2021-04-28 09:38:04,2438.4,119996
2021-04-28 09:38:05,2438.4,120008
2021-04-28 09:38:05,2438.4,120008
2021-04-28 09:38:06,2438.4,120008
2021-04-28 09:38:07,2438.4,120156
2021-04-28 09:38:08,2438.4,120166
2021-04-28 09:38:09,2438.4,120206
2021-04-28 09:38:10,2438.0,120281
2021-04-28 09:38:12,2438.4,120283
2021-04-28 09:38:13,2438.4,120308
2021-04-28 09:38:14,2438.0,120313
2021-04-28 09:38:15,2438.0,120717
2021-04-28 09:38:16,2438.0,120724
2021-04-28 09:38:16,2438.0,120724
2021-04-28 09:38:18,2438.0,120724
2021-04-28 09:38:19,2438.0,120729
2021-04-28 09:38:20,2438.95,120730
2021-04-28 09:38:21,2438.4,120765
2021-04-28 09:38:21,2438.0,120735
2021-04-28 09:38:22,2438.0,120865
2021-04-28 09:38:23,2438.0,120866
2021-04-28 09:38:25,2438.4,120886
2021-04-28 09:38:26,2438.4,120895
2021-04-28 09:38:28,2437.95,121402
2021-04-28 09:38:30,2438.5,121572
2021-04-28 09:38:31,2439.0,121593
2021-04-28 09:38:32,2439.0,121593
2021-04-28 09:38:33,2438.6,121848
2021-04-28 09:38:34,2438.95,121857
2021-04-28 09:38:35,2440.0,121978
2021-04-28 09:38:36,2440.0,121999
2021-04-28 09:38:38,2439.55,122849
2021-04-28 09:38:39,2439.55,122849
2021-04-28 09:38:40,2439.55,122849
2021-04-28 09:38:41,2440.0,122854
2021-04-28 09:38:43,2439.65,122864
2021-04-28 09:38:44,2440.9,122989
2021-04-28 09:38:46,2440.0,123039
2021-04-28 09:38:47,2440.0,123354
2021-04-28 09:38:47,2440.0,123364
2021-04-28 09:38:48,2440.0,123364
2021-04-28 09:38:49,2439.65,123369
2021-04-28 09:38:50,2439.6,123399
2021-04-28 09:38:51,2439.6,123455
2021-04-28 09:38:52,2439.6,123568
2021-04-28 09:38:53,2440.0,123594
2021-04-28 09:38:54,2440.0,123607
2021-04-28 09:38:55,2439.6,123628
2021-04-28 09:38:57,2440.0,123675
2021-04-28 09:38:57,2440.0,123725
2021-04-28 09:38:58,2439.55,123837
2021-04-28 09:38:59,2440.0,123858
2021-04-28 09:39:01,2439.55,123919
2021-04-28 09:39:02,2440.0,123921
2021-04-28 09:39:03,2439.6,123933
2021-04-28 09:39:03,2439.6,123933
2021-04-28 09:39:05,2439.6,123933
2021-04-28 09:39:06,2439.6,123933
2021-04-28 09:39:07,2439.55,123953
2021-04-28 09:39:08,2440.0,123969
2021-04-28 09:39:09,2440.0,123969
2021-04-28 09:39:10,2439.55,124051
2021-04-28 09:39:11,2440.0,124291
2021-04-28 09:39:12,2440.0,125707
2021-04-28 09:39:13,2439.6,125733
2021-04-28 09:39:14,2439.65,125884
2021-04-28 09:39:15,2440.5,126039
2021-04-28 09:39:16,2441.0,126171
2021-04-28 09:39:16,2441.0,126171
2021-04-28 09:39:18,2441.0,126610
2021-04-28 09:39:19,2441.0,126611
2021-04-28 09:39:20,2441.05,126687
2021-04-28 09:39:21,2441.05,126688
2021-04-28 09:39:22,2441.0,126809
2021-04-28 09:39:22,2441.0,126808
2021-04-28 09:39:23,2441.0,126809
2021-04-28 09:39:24,2441.05,126812
2021-04-28 09:39:25,2441.0,126877
2021-04-28 09:39:26,2441.0,126879
2021-04-28 09:39:27,2441.0,126879
2021-04-28 09:39:28,2441.0,126929
2021-04-28 09:39:29,2441.8,126949
2021-04-28 09:39:30,2443.0,127794
2021-04-28 09:39:31,2442.25,127900
2021-04-28 09:39:32,2442.25,127902
2021-04-28 09:39:33,2442.0,128218
2021-04-28 09:39:35,2441.0,128233
2021-04-28 09:39:36,2441.0,128283
2021-04-28 09:39:36,2441.0,128233
2021-04-28 09:39:37,2441.6,128403
2021-04-28 09:39:38,2441.95,128452
2021-04-28 09:39:39,2440.4,128470
2021-04-28 09:39:40,2440.4,128470
2021-04-28 09:39:41,2440.4,128470
2021-04-28 09:39:42,2440.4,128470
2021-04-28 09:39:44,2440.0,128483
2021-04-28 09:39:45,2440.0,128483
2021-04-28 09:39:46,2440.0,128483
2021-04-28 09:39:46,2440.0,128483
2021-04-28 09:39:48,2440.0,128499
2021-04-28 09:39:49,2440.0,128499
2021-04-28 09:39:50,2441.65,128768
2021-04-28 09:39:51,2440.15,128793
2021-04-28 09:39:52,2440.15,128793
2021-04-28 09:39:54,2440.15,128793
2021-04-28 09:39:55,2440.15,128793
2021-04-28 09:39:55,2440.2,128796
2021-04-28 09:39:56,2440.3,128858
2021-04-28 09:39:57,2440.65,129186
2021-04-28 09:39:58,2440.85,129203
2021-04-28 09:40:00,2442.0,130166
2021-04-28 09:40:00,2442.0,130166
2021-04-28 09:40:02,2443.0,130277
2021-04-28 09:40:03,2443.0,130296
2021-04-28 09:40:04,2443.0,130496
2021-04-28 09:40:05,2443.0,130496
2021-04-28 09:40:06,2441.7,130498
2021-04-28 09:40:07,2442.85,130505
2021-04-28 09:40:08,2435.6,134480
2021-04-28 09:40:09,2435.1,134532
2021-04-28 09:40:11,2438.15,134836
2021-04-28 09:40:11,2438.15,134836
2021-04-28 09:40:12,2438.55,134853
2021-04-28 09:40:13,2436.05,135204
2021-04-28 09:40:14,2436.45,135208
2021-04-28 09:40:16,2438.6,135287
2021-04-28 09:40:16,2438.6,135287
2021-04-28 09:40:17,2440.35,135790
2021-04-28 09:40:18,2440.35,135790
2021-04-28 09:40:20,2440.0,135833
2021-04-28 09:40:20,2438.55,135834
2021-04-28 09:40:22,2438.55,135834
2021-04-28 09:40:22,2438.55,135834
2021-04-28 09:40:23,2440.0,135844
2021-04-28 09:40:24,2439.15,135895
2021-04-28 09:40:26,2440.35,135954
2021-04-28 09:40:27,2442.0,136007
2021-04-28 09:40:28,2442.0,136017
2021-04-28 09:40:29,2441.1,136030
2021-04-28 09:40:30,2441.1,136032
2021-04-28 09:40:31,2441.1,136032
2021-04-28 09:40:32,2441.1,136032
2021-04-28 09:40:33,2441.1,136034
2021-04-28 09:40:34,2442.0,136159
2021-04-28 09:40:35,2441.6,136166
2021-04-28 09:40:36,2443.0,136266
2021-04-28 09:40:37,2441.7,136276
2021-04-28 09:40:38,2442.0,136286
2021-04-28 09:40:39,2441.3,136387
2021-04-28 09:40:41,2442.0,136397
2021-04-28 09:40:42,2442.0,136403
2021-04-28 09:40:43,2442.0,136403
2021-04-28 09:40:44,2442.0,136453
2021-04-28 09:40:44,2442.0,136453
2021-04-28 09:40:45,2441.6,136462
2021-04-28 09:40:46,2441.6,136463
2021-04-28 09:40:47,2441.6,136512
2021-04-28 09:40:48,2441.6,136513
2021-04-28 09:40:50,2441.6,136514
2021-04-28 09:40:50,2441.6,136514
2021-04-28 09:40:51,2442.0,136557
2021-04-28 09:40:53,2442.0,136648
2021-04-28 09:40:54,2442.0,136648
2021-04-28 09:40:55,2442.0,136648
2021-04-28 09:40:56,2442.0,136648
2021-04-28 09:40:57,2441.6,136652
2021-04-28 09:40:58,2441.6,136663
2021-04-28 09:41:00,2440.9,137593
2021-04-28 09:41:00,2440.9,137593
2021-04-28 09:41:01,2438.35,138038
2021-04-28 09:41:02,2438.3,138052
2021-04-28 09:41:03,2438.3,138052
2021-04-28 09:41:04,2437.4,138582
2021-04-28 09:41:06,2437.4,138588
2021-04-28 09:41:07,2439.9,138641
2021-04-28 09:41:07,2439.9,138641
2021-04-28 09:41:09,2439.95,138643
2021-04-28 09:41:10,2439.95,138643
2021-04-28 09:41:11,2439.95,138643
2021-04-28 09:41:11,2439.95,138643
2021-04-28 09:41:13,2439.95,138643
2021-04-28 09:41:13,2439.95,138643
2021-04-28 09:41:15,2440.0,138696
2021-04-28 09:41:16,2440.85,138707
2021-04-28 09:41:17,2440.05,138757
2021-04-28 09:41:17,2440.05,138757
2021-04-28 09:41:19,2440.9,139109
2021-04-28 09:41:20,2440.9,139112
2021-04-28 09:41:21,2440.9,139112
2021-04-28 09:41:23,2441.9,139133
2021-04-28 09:41:24,2440.4,139720
2021-04-28 09:41:25,2440.85,139892
2021-04-28 09:41:26,2440.55,140047
2021-04-28 09:41:27,2440.8,140283
2021-04-28 09:41:28,2442.0,140448
2021-04-28 09:41:29,2442.0,140448
2021-04-28 09:41:30,2441.85,140649
2021-04-28 09:41:31,2440.85,140651
2021-04-28 09:41:32,2441.9,140751
2021-04-28 09:41:33,2441.9,140757
2021-04-28 09:41:34,2441.9,140762
2021-04-28 09:41:35,2441.9,140767
2021-04-28 09:41:36,2442.0,140782
2021-04-28 09:41:37,2442.0,140788
2021-04-28 09:41:38,2441.9,140794
2021-04-28 09:41:38,2441.9,140794
2021-04-28 09:41:39,2442.0,140804
2021-04-28 09:41:40,2442.0,140824
2021-04-28 09:41:42,2442.0,140824
2021-04-28 09:41:43,2441.9,140837
2021-04-28 09:41:44,2441.9,140837
2021-04-28 09:41:45,2441.9,140837
2021-04-28 09:41:46,2441.9,140838
2021-04-28 09:41:47,2441.05,140847
2021-04-28 09:41:48,2441.05,140850
2021-04-28 09:41:49,2441.9,140862
2021-04-28 09:41:50,2441.9,140867
2021-04-28 09:41:51,2441.9,140941
2021-04-28 09:41:52,2442.0,140992
2021-04-28 09:41:53,2442.0,141206
2021-04-28 09:41:54,2441.9,141255
2021-04-28 09:41:55,2442.0,141259
2021-04-28 09:41:56,2442.0,141411
2021-04-28 09:41:57,2442.0,141411
2021-04-28 09:41:58,2441.9,141415
2021-04-28 09:41:58,2441.9,141415
2021-04-28 09:42:01,2442.0,141429
2021-04-28 09:42:02,2441.95,141442
2021-04-28 09:42:03,2441.95,141463
2021-04-28 09:42:04,2442.0,141513
2021-04-28 09:42:05,2441.9,141514
2021-04-28 09:42:05,2441.9,141514
2021-04-28 09:42:06,2441.9,141581
2021-04-28 09:42:08,2442.0,141599
2021-04-28 09:42:09,2442.0,141609
2021-04-28 09:42:10,2441.9,141619
2021-04-28 09:42:11,2441.8,141861
2021-04-28 09:42:12,2441.75,141875
2021-04-28 09:42:13,2441.75,141900
2021-04-28 09:42:14,2441.75,141900
2021-04-28 09:42:15,2442.0,142000
2021-04-28 09:42:16,2441.9,142010
2021-04-28 09:42:16,2441.9,142010
2021-04-28 09:42:17,2442.0,142040
2021-04-28 09:42:19,2442.0,142040
2021-04-28 09:42:20,2442.0,142040
2021-04-28 09:42:22,2442.0,142061
2021-04-28 09:42:23,2442.0,142062
2021-04-28 09:42:24,2442.0,142162
2021-04-28 09:42:25,2442.0,142182
2021-04-28 09:42:26,2442.0,142232
2021-04-28 09:42:27,2442.0,142238
2021-04-28 09:42:28,2441.75,142256
2021-04-28 09:42:29,2442.0,142280
2021-04-28 09:42:29,2442.0,142280
2021-04-28 09:42:31,2441.0,142474
2021-04-28 09:42:32,2441.0,142477
2021-04-28 09:42:33,2441.0,142477
2021-04-28 09:42:34,2442.0,143007
2021-04-28 09:42:35,2442.0,143013
2021-04-28 09:42:36,2442.0,143013
2021-04-28 09:42:37,2442.0,143043
2021-04-28 09:42:38,2442.0,143044
2021-04-28 09:42:39,2442.0,143044
2021-04-28 09:42:40,2442.0,143044
2021-04-28 09:42:41,2442.0,143044
2021-04-28 09:42:42,2442.05,143046
2021-04-28 09:42:43,2442.05,143446
2021-04-28 09:42:44,2442.25,143475
2021-04-28 09:42:44,2442.05,143476
2021-04-28 09:42:45,2442.05,143476
2021-04-28 09:42:47,2442.15,143482
2021-04-28 09:42:48,2442.15,143482
2021-04-28 09:42:49,2442.25,143492
2021-04-28 09:42:50,2442.25,143492
2021-04-28 09:42:51,2442.25,143492
2021-04-28 09:42:52,2442.25,143492
2021-04-28 09:42:53,2443.65,143502
2021-04-28 09:42:54,2443.75,143524
2021-04-28 09:42:55,2443.0,143555
2021-04-28 09:42:55,2443.0,143589
2021-04-28 09:42:57,2443.75,143592
2021-04-28 09:42:58,2443.75,143592
2021-04-28 09:42:59,2443.75,143624
2021-04-28 09:43:01,2443.65,143784
2021-04-28 09:43:02,2443.75,143803
2021-04-28 09:43:03,2443.75,143803
2021-04-28 09:43:04,2443.6,144340
2021-04-28 09:43:05,2443.55,144375
2021-04-28 09:43:06,2443.55,144438
2021-04-28 09:43:07,2442.45,144439
2021-04-28 09:43:08,2443.7,144490
2021-04-28 09:43:09,2442.5,144542
2021-04-28 09:43:10,2442.5,144542
2021-04-28 09:43:11,2443.6,144572
2021-04-28 09:43:12,2443.7,144578
2021-04-28 09:43:13,2443.55,144603
2021-04-28 09:43:14,2443.55,144604
2021-04-28 09:43:15,2443.7,144709
2021-04-28 09:43:16,2443.55,144710
2021-04-28 09:43:17,2443.75,144762
2021-04-28 09:43:18,2443.75,144762
2021-04-28 09:43:19,2443.75,144762
2021-04-28 09:43:20,2443.05,144767
2021-04-28 09:43:21,2443.05,144767
2021-04-28 09:43:22,2443.05,144767
2021-04-28 09:43:23,2443.0,144810
2021-04-28 09:43:24,2443.7,144865
2021-04-28 09:43:25,2443.7,144868
2021-04-28 09:43:26,2443.55,144900
2021-04-28 09:43:27,2443.55,144928
2021-04-28 09:43:28,2443.55,144928
2021-04-28 09:43:29,2443.6,144936
2021-04-28 09:43:30,2443.7,144997
2021-04-28 09:43:31,2443.7,144997
2021-04-28 09:43:32,2444.0,145255
2021-04-28 09:43:33,2444.0,145273
2021-04-28 09:43:34,2443.15,145325
2021-04-28 09:43:35,2443.15,145325
2021-04-28 09:43:36,2443.15,145325
2021-04-28 09:43:37,2443.15,145328
2021-04-28 09:43:38,2444.0,145358
2021-04-28 09:43:39,2444.0,145358
2021-04-28 09:43:40,2444.25,145414
2021-04-28 09:43:41,2444.25,145419
2021-04-28 09:43:42,2444.25,145423
2021-04-28 09:43:43,2443.5,145657
2021-04-28 09:43:44,2444.2,145671
2021-04-28 09:43:45,2444.2,145671
2021-04-28 09:43:46,2444.2,145715
2021-04-28 09:43:47,2444.0,145736
2021-04-28 09:43:48,2444.25,145745
2021-04-28 09:43:49,2444.25,145745
2021-04-28 09:43:50,2444.25,145745
2021-04-28 09:43:51,2443.8,145875
2021-04-28 09:43:52,2444.4,145913
2021-04-28 09:43:53,2444.4,145920
2021-04-28 09:43:54,2444.25,145935
2021-04-28 09:43:55,2444.9,146164
2021-04-28 09:43:56,2444.25,146170
2021-04-28 09:43:57,2444.25,146297
2021-04-28 09:43:58,2444.0,146482
2021-04-28 09:43:59,2444.25,146752
2021-04-28 09:44:00,2444.25,146782
2021-04-28 09:44:01,2444.25,146792
2021-04-28 09:44:02,2445.0,147219
2021-04-28 09:44:03,2444.25,147224
2021-04-28 09:44:04,2444.25,147224
2021-04-28 09:44:05,2445.0,147324
2021-04-28 09:44:06,2444.0,147374
2021-04-28 09:44:07,2444.25,147379
2021-04-28 09:44:08,2445.0,147416
2021-04-28 09:44:09,2444.25,147426
2021-04-28 09:44:10,2445.0,147453
2021-04-28 09:44:11,2445.0,147458
2021-04-28 09:44:12,2444.25,147571
2021-04-28 09:44:13,2445.0,147597
2021-04-28 09:44:15,2445.0,147600
2021-04-28 09:44:16,2445.0,147650
2021-04-28 09:44:18,2444.25,147653
2021-04-28 09:44:19,2444.25,147654
2021-04-28 09:44:20,2444.9,147971
2021-04-28 09:44:21,2444.9,147975
2021-04-28 09:44:22,2444.9,147975
2021-04-28 09:44:23,2444.9,147975
2021-04-28 09:44:24,2444.9,147982
2021-04-28 09:44:25,2444.25,148143
2021-04-28 09:44:26,2444.85,148169
2021-04-28 09:44:27,2444.25,148189
2021-04-28 09:44:28,2444.95,148199
2021-04-28 09:44:29,2444.95,148199
2021-04-28 09:44:30,2445.0,148262
2021-04-28 09:44:31,2444.25,148277
2021-04-28 09:44:32,2444.25,148278
2021-04-28 09:44:33,2444.25,148278
2021-04-28 09:44:34,2445.0,148298
2021-04-28 09:44:35,2445.0,148298
2021-04-28 09:44:36,2445.0,148398
2021-04-28 09:44:37,2444.25,148798
2021-04-28 09:44:38,2444.25,148802
2021-04-28 09:44:39,2444.25,148802
2021-04-28 09:44:41,2443.0,151148
2021-04-28 09:44:42,2443.05,151570
2021-04-28 09:44:43,2443.05,151571
2021-04-28 09:44:44,2443.05,151571
2021-04-28 09:44:45,2442.6,152158
2021-04-28 09:44:46,2442.6,152158
2021-04-28 09:44:47,2442.75,152166
2021-04-28 09:44:48,2441.3,152181
2021-04-28 09:44:51,2442.65,152813
2021-04-28 09:44:52,2442.65,152813
2021-04-28 09:44:53,2442.9,152828
2021-04-28 09:44:54,2442.0,152857
2021-04-28 09:44:55,2442.0,152857
2021-04-28 09:44:56,2442.8,152858
2021-04-28 09:44:57,2443.05,152866
2021-04-28 09:44:58,2442.0,153066
2021-04-28 09:44:59,2443.5,153158
2021-04-28 09:45:00,2443.5,153158
2021-04-28 09:45:01,2442.05,153208
2021-04-28 09:45:02,2443.35,153255
2021-04-28 09:45:03,2443.65,153400
2021-04-28 09:45:04,2442.05,153405
2021-04-28 09:45:05,2442.1,153415
2021-04-28 09:45:07,2442.05,153953
2021-04-28 09:45:08,2442.8,154053
2021-04-28 09:45:09,2442.0,154058
2021-04-28 09:45:09,2441.5,154125
2021-04-28 09:45:10,2443.1,154168
2021-04-28 09:45:12,2443.2,154243
2021-04-28 09:45:13,2442.0,154285
2021-04-28 09:45:15,2443.15,154310
2021-04-28 09:45:16,2443.15,154310
2021-04-28 09:45:17,2443.15,154310
2021-04-28 09:45:18,2443.15,154338
2021-04-28 09:45:18,2443.15,154338
2021-04-28 09:45:19,2442.5,154345
2021-04-28 09:45:20,2443.15,154353
2021-04-28 09:45:21,2443.15,154353
2021-04-28 09:45:23,2442.25,155221
2021-04-28 09:45:25,2443.95,155289
2021-04-28 09:45:26,2443.1,155325
2021-04-28 09:45:26,2443.1,155325
2021-04-28 09:45:27,2443.1,155325
2021-04-28 09:45:28,2443.1,155325
2021-04-28 09:45:29,2442.0,155550
2021-04-28 09:45:30,2442.1,155603
2021-04-28 09:45:31,2443.0,155604
2021-04-28 09:45:32,2443.0,155604
2021-04-28 09:45:34,2442.3,155608
2021-04-28 09:45:35,2442.3,155610
2021-04-28 09:45:35,2443.95,155735
2021-04-28 09:45:36,2442.5,155745
2021-04-28 09:45:37,2442.35,155750
2021-04-28 09:45:39,2442.35,155750
2021-04-28 09:45:40,2442.35,155750
2021-04-28 09:45:41,2442.4,155780
2021-04-28 09:45:41,2442.4,155780
2021-04-28 09:45:42,2442.4,155780
2021-04-28 09:45:43,2443.95,155830
2021-04-28 09:45:44,2443.95,155830
2021-04-28 09:45:45,2443.95,155835
2021-04-28 09:45:46,2443.95,155855
2021-04-28 09:45:48,2443.95,155883
2021-04-28 09:45:49,2442.65,155905
2021-04-28 09:45:49,2442.65,155905
2021-04-28 09:45:50,2443.95,155915
2021-04-28 09:45:51,2443.95,155918
2021-04-28 09:45:52,2443.95,155945
2021-04-28 09:45:53,2442.6,156002
2021-04-28 09:45:55,2444.6,156117
2021-04-28 09:45:55,2444.85,156122
2021-04-28 09:45:56,2444.85,156138
2021-04-28 09:45:57,2444.85,156138
2021-04-28 09:45:58,2443.9,156141
2021-04-28 09:45:59,2444.9,156147
2021-04-28 09:46:02,2444.9,156159
2021-04-28 09:46:02,2443.9,156161
2021-04-28 09:46:03,2444.95,156174
2021-04-28 09:46:04,2444.8,156384
2021-04-28 09:46:05,2443.9,156699
2021-04-28 09:46:07,2444.3,156783
2021-04-28 09:46:08,2444.3,156783
2021-04-28 09:46:09,2444.3,156784
2021-04-28 09:46:10,2443.15,156786
2021-04-28 09:46:11,2444.75,156830
2021-04-28 09:46:13,2443.95,157230
2021-04-28 09:46:15,2443.95,157338
2021-04-28 09:46:15,2443.0,157336
2021-04-28 09:46:16,2443.95,157496
2021-04-28 09:46:17,2444.0,157504
2021-04-28 09:46:18,2443.9,157534
2021-04-28 09:46:19,2443.15,157804
2021-04-28 09:46:20,2443.0,157874
2021-04-28 09:46:21,2443.5,158019
2021-04-28 09:46:23,2443.0,158021
2021-04-28 09:46:24,2442.5,158046
2021-04-28 09:46:25,2442.35,158054
2021-04-28 09:46:26,2444.2,158254
2021-04-28 09:46:27,2442.45,158256
2021-04-28 09:46:28,2442.35,158329
2021-04-28 09:46:29,2443.8,158340
2021-04-28 09:46:30,2442.0,158540
2021-04-28 09:46:31,2443.65,158559
2021-04-28 09:46:32,2442.75,158572
2021-04-28 09:46:33,2442.75,158572
2021-04-28 09:46:34,2442.45,158612
2021-04-28 09:46:36,2442.45,158613
2021-04-28 09:46:37,2442.75,158623
2021-04-28 09:46:38,2442.9,158628
2021-04-28 09:46:39,2442.9,158628
2021-04-28 09:46:40,2442.9,158628
2021-04-28 09:46:41,2442.9,158628
2021-04-28 09:46:42,2442.9,158628
2021-04-28 09:46:43,2442.9,158628
2021-04-28 09:46:44,2442.9,158628
2021-04-28 09:46:45,2444.25,159049
2021-04-28 09:46:46,2444.25,159051
2021-04-28 09:46:47,2444.8,159237
2021-04-28 09:46:48,2444.8,159237
2021-04-28 09:46:49,2443.05,159240
2021-04-28 09:46:50,2443.0,159252
2021-04-28 09:46:51,2443.0,159252
2021-04-28 09:46:52,2443.15,159661
2021-04-28 09:46:53,2445.0,161310
2021-04-28 09:46:54,2445.0,161475
2021-04-28 09:46:55,2443.8,161550
2021-04-28 09:46:56,2445.0,161635
2021-04-28 09:46:57,2443.4,162314
2021-04-28 09:46:58,2444.85,162331
2021-04-28 09:46:59,2443.75,162437
2021-04-28 09:47:00,2444.1,162441
2021-04-28 09:47:01,2444.95,162450
2021-04-28 09:47:03,2444.1,162461
2021-04-28 09:47:04,2444.1,162502
2021-04-28 09:47:05,2444.1,162503
2021-04-28 09:47:06,2444.1,162513
2021-04-28 09:47:08,2444.1,162514
2021-04-28 09:47:08,2444.1,162514
2021-04-28 09:47:09,2444.1,162514
2021-04-28 09:47:10,2445.0,162539
2021-04-28 09:47:11,2444.9,162588
2021-04-28 09:47:12,2444.9,162761
2021-04-28 09:47:13,2444.9,162778
2021-04-28 09:47:14,2444.9,162778
2021-04-28 09:47:15,2445.0,162829
2021-04-28 09:47:16,2445.0,162830
2021-04-28 09:47:18,2445.0,163489
2021-04-28 09:47:17,2445.0,162878
2021-04-28 09:47:19,2445.0,163586
2021-04-28 09:47:20,2445.0,163586
2021-04-28 09:47:21,2445.0,163787
2021-04-28 09:47:22,2445.0,163787
2021-04-28 09:47:23,2445.0,163787
2021-04-28 09:47:24,2445.0,164211
2021-04-28 09:47:25,2445.0,164262
2021-04-28 09:47:26,2445.0,164287
2021-04-28 09:47:27,2445.0,164289
2021-04-28 09:47:28,2445.0,164343
2021-04-28 09:47:29,2444.8,164348
2021-04-28 09:47:30,2445.0,164971
2021-04-28 09:47:31,2446.1,165042
2021-04-28 09:47:32,2446.6,165269
2021-04-28 09:47:33,2446.6,165269
2021-04-28 09:47:34,2446.6,165269
2021-04-28 09:47:35,2445.85,165284
2021-04-28 09:47:37,2447.0,165318
2021-04-28 09:47:38,2448.0,165952
2021-04-28 09:47:39,2446.75,166042
2021-04-28 09:47:40,2448.0,166049
2021-04-28 09:47:41,2447.0,166054
2021-04-28 09:47:42,2448.0,166108
2021-04-28 09:47:44,2448.0,166458
2021-04-28 09:47:45,2447.95,166679
2021-04-28 09:47:46,2448.0,166882
2021-04-28 09:47:48,2449.0,167908
2021-04-28 09:47:49,2448.05,168127
2021-04-28 09:47:49,2448.1,168130
2021-04-28 09:47:51,2448.0,168260
2021-04-28 09:47:52,2449.0,168421
2021-04-28 09:47:53,2448.05,168471
2021-04-28 09:47:53,2448.05,168472
2021-04-28 09:47:55,2448.05,168826
2021-04-28 09:47:56,2449.0,169369
2021-04-28 09:47:57,2448.25,169401
2021-04-28 09:47:58,2448.15,169451
2021-04-28 09:48:00,2448.15,169462
2021-04-28 09:48:00,2448.15,169462
2021-04-28 09:48:01,2448.1,169501
2021-04-28 09:48:02,2448.1,169617
2021-04-28 09:48:03,2448.5,169719
2021-04-28 09:48:04,2448.5,169729
2021-04-28 09:48:05,2448.5,169730
2021-04-28 09:48:06,2448.1,169753
2021-04-28 09:48:07,2448.1,169755
2021-04-28 09:48:08,2448.5,169795
2021-04-28 09:48:09,2448.2,169805
2021-04-28 09:48:10,2448.2,169805
2021-04-28 09:48:11,2448.2,169875
2021-04-28 09:48:12,2448.2,169876
2021-04-28 09:48:13,2448.95,170288
2021-04-28 09:48:14,2443.3,173975
2021-04-28 09:48:15,2442.75,174234
2021-04-28 09:48:16,2443.3,174433
2021-04-28 09:48:17,2444.8,174535
2021-04-28 09:48:19,2444.55,174566
2021-04-28 09:48:20,2444.65,174581
2021-04-28 09:48:21,2443.9,174595
2021-04-28 09:48:22,2443.15,174620
2021-04-28 09:48:23,2443.15,174620
2021-04-28 09:48:24,2444.0,174647
2021-04-28 09:48:24,2443.95,174753
2021-04-28 09:48:25,2443.95,174753
2021-04-28 09:48:27,2443.35,174859
2021-04-28 09:48:29,2444.0,174884
2021-04-28 09:48:31,2444.0,174884
2021-04-28 09:48:32,2444.7,175085
2021-04-28 09:48:33,2445.0,175318
2021-04-28 09:48:34,2445.2,175339
2021-04-28 09:48:34,2445.2,175359
2021-04-28 09:48:35,2445.2,175359
2021-04-28 09:48:36,2445.2,175359
2021-04-28 09:48:37,2443.75,175383
2021-04-28 09:48:38,2445.0,175389
2021-04-28 09:48:39,2446.35,175390
2021-04-28 09:48:40,2446.4,175403
2021-04-28 09:48:43,2446.6,175434
2021-04-28 09:48:45,2447.6,175684
2021-04-28 09:48:46,2446.0,175694
2021-04-28 09:48:47,2447.4,175794
2021-04-28 09:48:48,2445.7,175814
2021-04-28 09:48:49,2445.7,175884
2021-04-28 09:48:49,2445.7,175885
2021-04-28 09:48:51,2446.95,175898
2021-04-28 09:48:51,2446.0,175908
2021-04-28 09:48:54,2446.6,175953
2021-04-28 09:48:54,2446.6,175953
2021-04-28 09:48:55,2447.7,176163
2021-04-28 09:48:56,2446.9,176213
2021-04-28 09:48:57,2447.0,176218
2021-04-28 09:48:58,2448.0,176695
2021-04-28 09:48:59,2447.1,176720
2021-04-28 09:49:00,2447.1,176720
2021-04-28 09:49:01,2448.0,176734
2021-04-28 09:49:02,2447.0,176834
2021-04-28 09:49:05,2448.0,176936
2021-04-28 09:49:07,2448.0,177111
2021-04-28 09:49:08,2448.0,177111
2021-04-28 09:49:10,2447.95,177123
2021-04-28 09:49:11,2447.95,177123
2021-04-28 09:49:12,2447.1,177147
2021-04-28 09:49:13,2448.0,177159
2021-04-28 09:49:14,2448.0,177159
2021-04-28 09:49:15,2448.0,177162
2021-04-28 09:49:16,2447.6,177163
2021-04-28 09:49:17,2447.6,177163
2021-04-28 09:49:19,2447.6,177163
2021-04-28 09:49:20,2448.0,177173
2021-04-28 09:49:20,2448.0,177277
2021-04-28 09:49:22,2447.6,177461
2021-04-28 09:49:23,2447.6,177463
2021-04-28 09:49:24,2445.2,179504
2021-04-28 09:49:25,2445.0,179683
2021-04-28 09:49:26,2445.2,179687
2021-04-28 09:49:27,2445.2,179687
2021-04-28 09:49:28,2445.2,179734
2021-04-28 09:49:28,2446.0,179736
2021-04-28 09:49:29,2445.95,179794
2021-04-28 09:49:30,2445.95,179794
2021-04-28 09:49:31,2445.95,179794
2021-04-28 09:49:32,2445.2,180065
2021-04-28 09:49:33,2445.2,180082
2021-04-28 09:49:34,2445.2,180083
2021-04-28 09:49:36,2445.95,180089
2021-04-28 09:49:37,2445.0,180451
2021-04-28 09:49:38,2445.05,180454
2021-04-28 09:49:39,2446.0,180455
2021-04-28 09:49:39,2446.0,180455
2021-04-28 09:49:40,2445.25,180480
2021-04-28 09:49:41,2446.0,180913
2021-04-28 09:49:43,2446.0,180913
2021-04-28 09:49:44,2445.25,180914
2021-04-28 09:49:45,2445.25,180924
2021-04-28 09:49:46,2446.0,180964
2021-04-28 09:49:47,2445.25,181268
2021-04-28 09:49:47,2445.25,181271
2021-04-28 09:49:48,2445.25,181271
2021-04-28 09:49:49,2445.25,181304
2021-04-28 09:49:51,2445.25,181409
2021-04-28 09:49:52,2445.25,181411
2021-04-28 09:49:52,2445.25,181411
2021-04-28 09:49:54,2445.25,181411
2021-04-28 09:49:55,2445.25,181411
2021-04-28 09:49:55,2446.0,181471
2021-04-28 09:49:56,2445.8,181574
2021-04-28 09:49:57,2445.3,181885
2021-04-28 09:49:59,2445.3,181888
2021-04-28 09:50:00,2447.5,181918
2021-04-28 09:50:00,2447.5,181918
2021-04-28 09:50:01,2447.5,181918
2021-04-28 09:50:02,2447.0,182128
2021-04-28 09:50:03,2447.0,182128
2021-04-28 09:50:04,2447.0,182128
2021-04-28 09:50:05,2445.9,182130
2021-04-28 09:50:06,2445.9,182140
2021-04-28 09:50:09,2446.0,182326
2021-04-28 09:50:09,2446.0,182326
2021-04-28 09:50:11,2446.0,182710
2021-04-28 09:50:12,2447.0,182715
2021-04-28 09:50:13,2446.0,182725
2021-04-28 09:50:14,2446.0,182730
2021-04-28 09:50:15,2446.0,182733
2021-04-28 09:50:16,2446.0,182733
2021-04-28 09:50:18,2446.0,182733
2021-04-28 09:50:18,2446.0,182734
2021-04-28 09:50:20,2446.0,182734
2021-04-28 09:50:20,2446.0,182764
2021-04-28 09:50:21,2446.0,182765
2021-04-28 09:50:22,2446.0,182766
2021-04-28 09:50:23,2446.0,182766
2021-04-28 09:50:25,2446.0,182931
2021-04-28 09:50:26,2447.0,182935
2021-04-28 09:50:26,2447.0,182940
2021-04-28 09:50:27,2447.0,182960
2021-04-28 09:50:28,2447.0,182971
2021-04-28 09:50:29,2447.0,182986
2021-04-28 09:50:30,2446.05,183095
2021-04-28 09:50:32,2446.05,183212
2021-04-28 09:50:33,2446.05,183213
2021-04-28 09:50:34,2446.05,183213
2021-04-28 09:50:35,2446.05,183213
2021-04-28 09:50:36,2447.0,183263
2021-04-28 09:50:37,2446.05,183269
2021-04-28 09:50:38,2446.8,183453
2021-04-28 09:50:38,2446.8,183455
2021-04-28 09:50:39,2446.0,183713
2021-04-28 09:50:40,2447.75,183732
2021-04-28 09:50:41,2447.75,183732
2021-04-28 09:50:42,2447.0,183832
2021-04-28 09:50:44,2448.0,184332
2021-04-28 09:50:45,2447.7,184333
2021-04-28 09:50:46,2446.8,184334
2021-04-28 09:50:47,2446.8,184417
2021-04-28 09:50:48,2446.8,184555
2021-04-28 09:50:49,2446.8,184575
2021-04-28 09:50:50,2447.7,184606
2021-04-28 09:50:52,2447.7,184606
2021-04-28 09:50:53,2446.8,184616
2021-04-28 09:50:53,2446.8,184616
2021-04-28 09:50:54,2446.8,184616
2021-04-28 09:50:55,2447.7,184636
2021-04-28 09:50:56,2446.8,184641
2021-04-28 09:50:58,2447.7,184748
2021-04-28 09:50:59,2447.75,184758
2021-04-28 09:51:00,2448.0,184858
2021-04-28 09:51:00,2446.85,184868
2021-04-28 09:51:01,2448.0,184883
2021-04-28 09:51:02,2447.0,184884
2021-04-28 09:51:04,2447.0,184884
2021-04-28 09:51:05,2447.0,184885
2021-04-28 09:51:06,2448.0,184895
2021-04-28 09:51:07,2447.0,184925
2021-04-28 09:51:07,2447.75,184932
2021-04-28 09:51:08,2446.95,184985
2021-04-28 09:51:09,2448.0,184994
2021-04-28 09:51:10,2448.0,184994
2021-04-28 09:51:11,2448.0,185059
2021-04-28 09:51:13,2448.0,185502
2021-04-28 09:51:14,2449.4,185709
2021-04-28 09:51:15,2448.1,185717
2021-04-28 09:51:15,2447.9,185727
2021-04-28 09:51:16,2448.9,185737
2021-04-28 09:51:18,2448.1,185743
2021-04-28 09:51:19,2449.1,185803
2021-04-28 09:51:21,2448.0,185845
2021-04-28 09:51:22,2449.2,185925
2021-04-28 09:51:23,2449.2,185975
2021-04-28 09:51:24,2448.0,186075
2021-04-28 09:51:25,2448.05,186117
2021-04-28 09:51:26,2449.4,186248
2021-04-28 09:51:27,2449.4,186269
2021-04-28 09:51:27,2449.4,186269
2021-04-28 09:51:28,2449.4,186269
2021-04-28 09:51:30,2449.0,186327
2021-04-28 09:51:31,2449.0,186327
2021-04-28 09:51:33,2449.4,186388
2021-04-28 09:51:34,2448.6,186401
2021-04-28 09:51:34,2448.6,186401
2021-04-28 09:51:35,2448.5,186771
2021-04-28 09:51:37,2448.0,186803
2021-04-28 09:51:38,2449.0,186866
2021-04-28 09:51:39,2448.05,186867
2021-04-28 09:51:40,2448.05,186867
2021-04-28 09:51:41,2449.0,187047
2021-04-28 09:51:42,2449.0,187050
2021-04-28 09:51:42,2449.0,187050
2021-04-28 09:51:43,2448.5,187090
2021-04-28 09:51:45,2448.0,187553
2021-04-28 09:51:46,2447.75,187746
2021-04-28 09:51:47,2448.6,187753
2021-04-28 09:51:48,2448.6,187753
2021-04-28 09:51:49,2448.0,187913
2021-04-28 09:51:49,2448.0,187913
2021-04-28 09:51:50,2448.45,188018
2021-04-28 09:51:51,2448.5,188068
2021-04-28 09:51:52,2448.5,188068
2021-04-28 09:51:54,2448.5,188149
2021-04-28 09:51:56,2448.5,188184
2021-04-28 09:51:57,2448.5,188184
2021-04-28 09:51:58,2448.0,188187
2021-04-28 09:51:59,2449.0,188368
2021-04-28 09:52:00,2448.0,188378
2021-04-28 09:52:01,2448.95,189048
2021-04-28 09:52:02,2449.0,189171
2021-04-28 09:52:02,2449.0,189171
2021-04-28 09:52:03,2448.5,189191
2021-04-28 09:52:04,2449.0,189197
2021-04-28 09:52:06,2449.0,189197
2021-04-28 09:52:07,2448.5,189259
2021-04-28 09:52:08,2449.5,189609
2021-04-28 09:52:10,2448.6,189660
2021-04-28 09:52:11,2448.6,189661
2021-04-28 09:52:11,2449.0,189840
2021-04-28 09:52:13,2449.0,189840
2021-04-28 09:52:14,2449.0,189845
2021-04-28 09:52:15,2449.0,189870
2021-04-28 09:52:16,2449.0,189870
2021-04-28 09:52:16,2449.0,189870
2021-04-28 09:52:17,2448.5,189871
2021-04-28 09:52:19,2448.5,189882
2021-04-28 09:52:20,2448.95,189979
2021-04-28 09:52:22,2448.95,189984
2021-04-28 09:52:23,2448.5,190013
2021-04-28 09:52:33,2450.5,194567
2021-04-28 09:52:34,2450.75,194645
2021-04-28 09:52:35,2450.0,194767
2021-04-28 09:52:36,2450.8,194867
2021-04-28 09:52:37,2451.0,195043
2021-04-28 09:52:38,2451.0,195043
2021-04-28 09:52:39,2450.8,195089
2021-04-28 09:52:40,2449.35,195159
2021-04-28 09:52:41,2451.0,195210
2021-04-28 09:52:42,2450.0,195717
2021-04-28 09:52:44,2450.0,195838
2021-04-28 09:52:45,2450.0,195839
2021-04-28 09:52:47,2450.95,196125
2021-04-28 09:52:48,2451.0,196168
2021-04-28 09:52:49,2451.0,196168
2021-04-28 09:52:50,2451.0,196168
2021-04-28 09:52:51,2450.0,196189
2021-04-28 09:52:52,2450.95,196199
2021-04-28 09:52:53,2450.95,196199
2021-04-28 09:52:54,2450.0,196207
2021-04-28 09:52:55,2451.0,196218
2021-04-28 09:52:56,2449.75,196436
2021-04-28 09:52:56,2450.0,196486
2021-04-28 09:52:57,2450.95,196701
2021-04-28 09:52:59,2450.4,196787
2021-04-28 09:53:00,2449.55,196829
2021-04-28 09:53:01,2451.0,196981
2021-04-28 09:53:02,2451.0,197292
2021-04-28 09:53:03,2451.0,197990
2021-04-28 09:53:03,2451.0,197962
2021-04-28 09:53:04,2451.0,197992
2021-04-28 09:53:06,2450.1,198364
2021-04-28 09:53:07,2451.0,198778
2021-04-28 09:53:08,2450.0,198818
2021-04-28 09:53:10,2450.85,198820
2021-04-28 09:53:10,2450.0,199094
2021-04-28 09:53:11,2450.9,199212
2021-04-28 09:53:12,2450.0,199299
2021-04-28 09:53:15,2451.0,199326
2021-04-28 09:53:16,2450.95,199351
2021-04-28 09:53:17,2451.0,199356
2021-04-28 09:53:18,2450.2,199864
2021-04-28 09:53:19,2451.0,199929
2021-04-28 09:53:20,2451.6,199931
2021-04-28 09:53:21,2450.3,200010
2021-04-28 09:53:22,2450.3,200010
2021-04-28 09:53:23,2451.5,200060
2021-04-28 09:53:23,2450.25,200065
2021-04-28 09:53:25,2450.25,200065
2021-04-28 09:53:25,2451.0,200378
2021-04-28 09:53:26,2451.0,200438
2021-04-28 09:53:29,2450.0,200442
2021-04-28 09:53:30,2450.25,200668
2021-04-28 09:53:31,2451.0,201265
2021-04-28 09:53:32,2451.0,201265
2021-04-28 09:53:33,2451.0,201289
2021-04-28 09:53:34,2450.05,201324
2021-04-28 09:53:35,2451.0,201493
2021-04-28 09:53:36,2451.0,201594
2021-04-28 09:53:37,2450.0,201598
2021-04-28 09:53:38,2450.0,201598
2021-04-28 09:53:39,2451.0,201648
2021-04-28 09:53:40,2451.0,201650
2021-04-28 09:53:41,2450.9,201654
2021-04-28 09:53:42,2450.9,201654
2021-04-28 09:53:43,2450.05,201655
2021-04-28 09:53:43,2450.05,201655
2021-04-28 09:53:45,2450.1,201656
2021-04-28 09:53:46,2450.05,201691
2021-04-28 09:53:47,2450.9,201696
2021-04-28 09:53:48,2450.0,201736
2021-04-28 09:53:49,2450.0,201978
2021-04-28 09:53:50,2450.9,202080
2021-04-28 09:53:51,2450.9,202080
2021-04-28 09:53:52,2450.25,202156
2021-04-28 09:53:53,2450.9,202165
2021-04-28 09:53:54,2450.7,202577
2021-04-28 09:53:55,2451.0,202581
2021-04-28 09:53:56,2451.7,202611
2021-04-28 09:53:57,2451.7,202611
2021-04-28 09:53:58,2451.7,202611
2021-04-28 09:53:59,2450.25,202701
2021-04-28 09:54:00,2450.9,202749
2021-04-28 09:54:01,2451.95,202859
2021-04-28 09:54:02,2451.95,202859
2021-04-28 09:54:03,2451.95,202903
2021-04-28 09:54:04,2451.5,202908
2021-04-28 09:54:05,2452.65,203856
2021-04-28 09:54:06,2451.95,203905
2021-04-28 09:54:07,2451.95,203905
2021-04-28 09:54:08,2453.8,204529
2021-04-28 09:54:09,2454.0,204779
2021-04-28 09:54:10,2452.6,204786
2021-04-28 09:54:11,2452.55,204836
2021-04-28 09:54:12,2452.6,204840
2021-04-28 09:54:14,2454.0,204867
2021-04-28 09:54:15,2452.8,204938
2021-04-28 09:54:16,2454.3,205120
2021-04-28 09:54:17,2451.25,205536
2021-04-28 09:54:18,2453.0,205545
2021-04-28 09:54:19,2453.95,205736
2021-04-28 09:54:20,2453.0,205738
2021-04-28 09:54:21,2453.8,205746
2021-04-28 09:54:22,2453.8,205756
2021-04-28 09:54:23,2453.8,205756
2021-04-28 09:54:24,2453.8,205845
2021-04-28 09:54:25,2453.0,205952
2021-04-28 09:54:27,2453.65,206312
2021-04-28 09:54:28,2453.8,206331
2021-04-28 09:54:29,2454.0,206507
2021-04-28 09:54:30,2454.0,206527
2021-04-28 09:54:31,2454.0,206658
2021-04-28 09:54:32,2454.0,206678
2021-04-28 09:54:33,2452.65,206758
2021-04-28 09:54:34,2454.1,206790
2021-04-28 09:54:36,2453.7,206797
2021-04-28 09:54:37,2452.7,207474
2021-04-28 09:54:38,2453.05,207529
2021-04-28 09:54:39,2452.95,207627
2021-04-28 09:54:40,2452.0,207727
2021-04-28 09:54:41,2453.0,207828
2021-04-28 09:54:42,2453.0,207828
2021-04-28 09:54:43,2453.0,207830
2021-04-28 09:54:44,2454.35,208883
2021-04-28 09:54:45,2453.55,208974
2021-04-28 09:54:46,2453.55,208974
2021-04-28 09:54:47,2453.45,209192
2021-04-28 09:54:48,2453.85,209363
2021-04-28 09:54:49,2453.8,209386
2021-04-28 09:54:50,2453.45,209503
2021-04-28 09:54:51,2453.95,209654
2021-04-28 09:54:52,2453.95,209654
2021-04-28 09:54:53,2453.95,209656
2021-04-28 09:54:54,2453.0,209701
2021-04-28 09:54:55,2452.45,209714
2021-04-28 09:54:56,2453.95,209739
2021-04-28 09:54:57,2453.0,210045
2021-04-28 09:54:58,2454.3,210332
2021-04-28 09:54:59,2454.3,210332
2021-04-28 09:55:00,2454.0,210442
2021-04-28 09:55:01,2454.0,210457
2021-04-28 09:55:02,2454.0,210656
2021-04-28 09:55:03,2453.05,210706
2021-04-28 09:55:04,2454.0,211151
2021-04-28 09:55:05,2454.35,211202
2021-04-28 09:55:06,2454.35,211202
2021-04-28 09:55:08,2453.1,211244
2021-04-28 09:55:09,2452.05,213488
2021-04-28 09:55:10,2452.55,214038
2021-04-28 09:55:12,2451.65,214387
2021-04-28 09:55:13,2451.6,214463
2021-04-28 09:55:14,2453.0,214486
2021-04-28 09:55:15,2453.0,214538
2021-04-28 09:55:16,2453.0,214630
2021-04-28 09:55:17,2453.0,214717
2021-04-28 09:55:18,2454.65,218266
2021-04-28 09:55:19,2454.65,218301
2021-04-28 09:55:20,2456.0,218327
2021-04-28 09:55:21,2454.1,218948
2021-04-28 09:55:22,2454.1,218954
2021-04-28 09:55:23,2454.25,218965
2021-04-28 09:55:24,2454.25,218981
2021-04-28 09:55:25,2455.85,219081
2021-04-28 09:55:26,2455.8,219103
2021-04-28 09:55:27,2455.8,219103
2021-04-28 09:55:28,2454.3,219209
2021-04-28 09:55:29,2455.7,219271
2021-04-28 09:55:30,2455.95,219379
2021-04-28 09:55:31,2456.25,219492
2021-04-28 09:55:32,2455.95,219511
2021-04-28 09:55:33,2455.6,219606
2021-04-28 09:55:34,2454.6,219682
2021-04-28 09:55:35,2454.6,219683
2021-04-28 09:55:37,2455.6,219824
2021-04-28 09:55:38,2455.95,220424
2021-04-28 09:55:39,2455.65,220754
2021-04-28 09:55:40,2455.6,220843
2021-04-28 09:55:41,2455.6,220864
2021-04-28 09:55:42,2455.6,220865
2021-04-28 09:55:43,2455.6,220881
2021-04-28 09:55:44,2455.65,220988
2021-04-28 09:55:45,2456.0,221044
2021-04-28 09:55:46,2455.65,221069
2021-04-28 09:55:47,2455.65,221090
2021-04-28 09:55:48,2455.9,221091
2021-04-28 09:55:49,2456.0,221108
2021-04-28 09:55:50,2456.45,221153
2021-04-28 09:55:51,2456.45,221167
2021-04-28 09:55:52,2456.7,221288
2021-04-28 09:55:53,2456.0,221323
2021-04-28 09:55:55,2456.85,221384
2021-04-28 09:55:55,2456.85,221384
2021-04-28 09:55:56,2456.8,221451
2021-04-28 09:55:57,2456.8,221452
2021-04-28 09:55:58,2456.85,221453
2021-04-28 09:55:59,2457.0,221667
2021-04-28 09:56:00,2457.0,221699
2021-04-28 09:56:01,2457.0,221736
2021-04-28 09:56:02,2456.15,221757
2021-04-28 09:56:03,2457.0,221926
2021-04-28 09:56:04,2456.8,221949
2021-04-28 09:56:05,2456.8,221986
2021-04-28 09:56:07,2456.8,222046
2021-04-28 09:56:08,2457.0,222280
2021-04-28 09:56:09,2457.0,222330
2021-04-28 09:56:09,2456.85,222482
2021-04-28 09:56:10,2456.85,222483
2021-04-28 09:56:12,2457.8,222552
2021-04-28 09:56:13,2457.95,222573
2021-04-28 09:56:14,2456.85,222688
2021-04-28 09:56:15,2457.85,222785
2021-04-28 09:56:16,2457.0,222787
2021-04-28 09:56:17,2457.85,222810
2021-04-28 09:56:19,2457.85,223011
2021-04-28 09:56:19,2458.0,223010
2021-04-28 09:56:20,2457.85,223012
2021-04-28 09:56:21,2457.85,223141
2021-04-28 09:56:22,2458.0,223191
2021-04-28 09:56:24,2457.85,223225
2021-04-28 09:56:25,2457.05,223232
2021-04-28 09:56:26,2457.05,223232
2021-04-28 09:56:27,2457.05,223245
2021-04-28 09:56:28,2457.05,223247
2021-04-28 09:56:30,2457.95,223581
2021-04-28 09:56:31,2457.95,223585
2021-04-28 09:56:32,2457.95,223601
2021-04-28 09:56:33,2458.0,223766
2021-04-28 09:56:34,2458.0,223767
2021-04-28 09:56:35,2458.0,223767
2021-04-28 09:56:36,2458.0,223847
2021-04-28 09:56:37,2458.2,223898
2021-04-28 09:56:38,2458.2,223903
2021-04-28 09:56:39,2458.35,223909
2021-04-28 09:56:40,2458.35,223909
2021-04-28 09:56:42,2458.2,224009
2021-04-28 09:56:42,2458.2,224010
2021-04-28 09:56:43,2458.2,224015
2021-04-28 09:56:44,2458.35,224062
2021-04-28 09:56:45,2458.2,224342
2021-04-28 09:56:46,2458.2,224368
2021-04-28 09:56:47,2458.35,224390
2021-04-28 09:56:48,2458.2,224467
2021-04-28 09:56:50,2458.95,224875
2021-04-28 09:56:51,2458.95,224888
2021-04-28 09:56:51,2458.2,224898
2021-04-28 09:56:52,2458.2,224963
2021-04-28 09:56:53,2458.2,224964
2021-04-28 09:56:55,2458.2,224964
2021-04-28 09:56:55,2458.2,224967
2021-04-28 09:56:56,2458.95,224982
2021-04-28 09:56:57,2458.2,225060
2021-04-28 09:56:58,2459.0,225223
2021-04-28 09:57:00,2458.95,225300
2021-04-28 09:57:01,2458.2,225328
2021-04-28 09:57:02,2458.95,225391
2021-04-28 09:57:03,2458.2,225495
2021-04-28 09:57:04,2458.2,225532
2021-04-28 09:57:05,2459.0,225634
2021-04-28 09:57:06,2458.2,225644
2021-04-28 09:57:07,2458.2,225675
2021-04-28 09:57:08,2458.95,225727
2021-04-28 09:57:09,2458.2,225753
2021-04-28 09:57:10,2458.2,225755
2021-04-28 09:57:11,2458.5,225805
2021-04-28 09:57:12,2458.2,225806
2021-04-28 09:57:13,2458.2,225858
2021-04-28 09:57:14,2458.2,225864
2021-04-28 09:57:15,2458.2,226290
2021-04-28 09:57:16,2458.95,226376
2021-04-28 09:57:18,2458.2,226403
2021-04-28 09:57:19,2458.95,226434
2021-04-28 09:57:19,2458.95,226434
2021-04-28 09:57:21,2458.95,226434
2021-04-28 09:57:22,2458.0,226614
2021-04-28 09:57:22,2458.2,226551
2021-04-28 09:57:23,2458.0,226614
2021-04-28 09:57:24,2458.0,226622
2021-04-28 09:57:27,2458.2,227188
2021-04-28 09:57:28,2458.0,227288
2021-04-28 09:57:29,2458.0,227350
2021-04-28 09:57:30,2458.0,227386
2021-04-28 09:57:32,2456.0,228994
2021-04-28 09:57:32,2456.0,229010
2021-04-28 09:57:33,2457.25,229073
2021-04-28 09:57:34,2457.25,229075
2021-04-28 09:57:35,2457.1,229108
2021-04-28 09:57:37,2457.1,229128
2021-04-28 09:57:38,2457.95,229152
2021-04-28 09:57:39,2457.1,229262
2021-04-28 09:57:40,2457.95,229282
2021-04-28 09:57:41,2457.1,229388
2021-04-28 09:57:42,2457.1,229389
2021-04-28 09:57:43,2457.95,229403
2021-04-28 09:57:44,2457.1,229923
2021-04-28 09:57:45,2457.1,229928
2021-04-28 09:57:46,2457.1,229929
2021-04-28 09:57:48,2457.1,230023
2021-04-28 09:57:49,2456.15,230043
2021-04-28 09:57:50,2456.15,230049
2021-04-28 09:57:51,2456.15,230049
2021-04-28 09:57:52,2456.15,230049
2021-04-28 09:57:53,2456.45,230051
2021-04-28 09:57:54,2456.95,230086
2021-04-28 09:57:55,2456.95,230086
2021-04-28 09:57:56,2455.9,230113
2021-04-28 09:57:57,2455.9,230113
2021-04-28 09:57:58,2457.1,230413
2021-04-28 09:57:59,2456.25,230443
2021-04-28 09:58:00,2457.1,230484
2021-04-28 09:58:01,2456.25,230504
2021-04-28 09:58:02,2457.0,230507
2021-04-28 09:58:03,2456.25,230523
2021-04-28 09:58:06,2456.25,230654
2021-04-28 09:58:07,2456.3,230826
2021-04-28 09:58:08,2456.3,230858
2021-04-28 09:58:09,2456.25,230895
2021-04-28 09:58:10,2456.3,230930
2021-04-28 09:58:11,2456.3,230930
2021-04-28 09:58:12,2456.0,230932
2021-04-28 09:58:13,2456.3,230936
2021-04-28 09:58:14,2456.3,230937
2021-04-28 09:58:15,2456.3,230937
2021-04-28 09:58:16,2454.4,231610
2021-04-28 09:58:17,2454.1,231646
2021-04-28 09:58:18,2454.1,231648
2021-04-28 09:58:19,2454.05,231738
2021-04-28 09:58:20,2454.15,231739
2021-04-28 09:58:21,2454.25,231788
2021-04-28 09:58:23,2454.25,231788
2021-04-28 09:58:24,2454.05,231952
2021-04-28 09:58:24,2453.95,232000
2021-04-28 09:58:26,2453.35,232264
2021-04-28 09:58:25,2453.1,232262
2021-04-28 09:58:27,2453.3,232303
2021-04-28 09:58:28,2454.0,232364
2021-04-28 09:58:29,2455.1,232414
2021-04-28 09:58:30,2455.1,232414
2021-04-28 09:58:31,2454.05,232424
2021-04-28 09:58:32,2454.05,232425
2021-04-28 09:58:33,2454.95,232481
2021-04-28 09:58:34,2454.95,232481
2021-04-28 09:58:36,2454.0,232549
2021-04-28 09:58:37,2454.0,232601
2021-04-28 09:58:38,2454.0,232601
2021-04-28 09:58:39,2454.0,232604
2021-04-28 09:58:40,2454.0,232766
2021-04-28 09:58:41,2454.0,232776
2021-04-28 09:58:42,2454.05,232927
2021-04-28 09:58:43,2454.5,233037
2021-04-28 09:58:45,2454.5,233037
2021-04-28 09:58:44,2454.5,233037
2021-04-28 09:58:46,2454.1,233057
2021-04-28 09:58:47,2454.0,233157
2021-04-28 09:58:49,2453.05,233162
2021-04-28 09:58:50,2454.0,233172
2021-04-28 09:58:51,2454.0,233172
2021-04-28 09:58:52,2454.0,233226
2021-04-28 09:58:53,2453.05,233227
2021-04-28 09:58:54,2453.05,233227
2021-04-28 09:58:55,2453.05,233260
2021-04-28 09:58:56,2453.05,233260
2021-04-28 09:58:57,2453.05,233260
2021-04-28 09:58:57,2453.05,233266
2021-04-28 09:58:58,2453.05,233266
2021-04-28 09:58:59,2454.0,233271
2021-04-28 09:59:00,2453.05,233278
2021-04-28 09:59:01,2453.05,233279
2021-04-28 09:59:02,2453.05,233279
2021-04-28 09:59:03,2453.05,233286
2021-04-28 09:59:05,2453.05,233357
2021-04-28 09:59:06,2453.2,233374
2021-04-28 09:59:07,2454.0,233474
2021-04-28 09:59:08,2453.2,233476
2021-04-28 09:59:08,2453.2,233476
2021-04-28 09:59:09,2453.2,233539
2021-04-28 09:59:10,2453.95,233554
2021-04-28 09:59:11,2454.0,233649
2021-04-28 09:59:12,2453.3,233651
2021-04-28 09:59:13,2453.3,233661
2021-04-28 09:59:14,2453.25,233749
2021-04-28 09:59:15,2453.25,233751
2021-04-28 09:59:16,2453.25,233751
2021-04-28 09:59:17,2453.45,233752
2021-04-28 09:59:18,2453.45,233782
2021-04-28 09:59:20,2453.45,233782
2021-04-28 09:59:21,2453.9,233791
2021-04-28 09:59:22,2453.4,233801
2021-04-28 09:59:22,2453.4,233801
2021-04-28 09:59:23,2453.4,233819
2021-04-28 09:59:25,2453.4,233820
2021-04-28 09:59:25,2453.4,233820
2021-04-28 09:59:27,2453.35,233848
2021-04-28 09:59:28,2453.35,233848
2021-04-28 09:59:28,2453.35,233848
2021-04-28 09:59:29,2453.9,233849
2021-04-28 09:59:31,2453.9,233859
2021-04-28 09:59:32,2453.35,233869
2021-04-28 09:59:33,2453.35,233871
2021-04-28 09:59:35,2453.8,233892
2021-04-28 09:59:36,2453.25,233902
2021-04-28 09:59:37,2454.0,233937
2021-04-28 09:59:38,2453.9,233975
2021-04-28 09:59:38,2453.9,233975
2021-04-28 09:59:40,2454.15,234487
2021-04-28 09:59:41,2454.2,234503
2021-04-28 09:59:42,2454.2,234503
2021-04-28 09:59:43,2454.2,234503
2021-04-28 09:59:45,2454.2,234504
2021-04-28 09:59:47,2454.2,234528
2021-04-28 09:59:48,2454.2,234528
2021-04-28 09:59:50,2454.2,234705
2021-04-28 09:59:51,2454.2,234757
2021-04-28 09:59:51,2455.0,234777
2021-04-28 09:59:53,2454.2,234857
2021-04-28 09:59:53,2454.2,234897
2021-04-28 09:59:55,2453.45,235037
2021-04-28 09:59:56,2453.55,235039
2021-04-28 09:59:57,2454.0,235056
2021-04-28 09:59:58,2454.2,235062
2021-04-28 09:59:59,2453.6,235075
2021-04-28 10:00:00,2453.6,235076
2021-04-28 10:00:01,2454.2,235102
2021-04-28 10:00:02,2454.2,235102
2021-04-28 10:00:03,2453.55,235114
2021-04-28 10:00:03,2453.55,235114
2021-04-28 10:00:04,2453.55,235114
2021-04-28 10:00:05,2454.0,235119
2021-04-28 10:00:06,2454.0,235119
2021-04-28 10:00:07,2454.15,235262
2021-04-28 10:00:08,2455.0,235660
2021-04-28 10:00:09,2456.0,235665
2021-04-28 10:00:10,2454.95,235770
2021-04-28 10:00:12,2456.0,235783
2021-04-28 10:00:13,2456.0,235798
2021-04-28 10:00:14,2455.25,235823
2021-04-28 10:00:15,2455.2,235837
2021-04-28 10:00:16,2455.4,236267
2021-04-28 10:00:18,2456.25,237109
2021-04-28 10:00:18,2456.25,237109
2021-04-28 10:00:19,2456.3,237158
2021-04-28 10:00:20,2456.1,237274
2021-04-28 10:00:21,2456.1,237276
2021-04-28 10:00:22,2455.95,237281
2021-04-28 10:00:23,2455.95,237281
2021-04-28 10:00:24,2456.95,237383
2021-04-28 10:00:25,2457.0,237465
2021-04-28 10:00:26,2457.0,237711
2021-04-28 10:00:28,2457.0,237714
2021-04-28 10:00:29,2457.65,237727
2021-04-28 10:00:30,2457.6,237778
2021-04-28 10:00:31,2457.6,237778
2021-04-28 10:00:32,2457.7,237805
2021-04-28 10:00:33,2458.0,238294
2021-04-28 10:00:34,2456.9,238316
2021-04-28 10:00:35,2458.05,238318
2021-04-28 10:00:36,2458.05,238318
2021-04-28 10:00:37,2458.1,238343
2021-04-28 10:00:38,2457.2,238444
2021-04-28 10:00:39,2458.1,238447
2021-04-28 10:00:40,2458.1,238447
2021-04-28 10:00:41,2458.1,238447
2021-04-28 10:00:42,2458.0,238703
2021-04-28 10:00:43,2458.0,238703
2021-04-28 10:00:44,2459.0,239061
2021-04-28 10:00:46,2460.0,240505
2021-04-28 10:00:47,2459.0,240631
2021-04-28 10:00:48,2458.25,240731
2021-04-28 10:00:48,2459.0,240765
2021-04-28 10:00:49,2459.0,241164
2021-04-28 10:00:50,2459.0,241204
2021-04-28 10:00:51,2459.9,241221
2021-04-28 10:00:55,2459.0,241388
2021-04-28 10:00:56,2459.0,241388
2021-04-28 10:00:57,2459.5,241389
2021-04-28 10:00:58,2459.0,241390
2021-04-28 10:01:00,2459.5,241435
2021-04-28 10:01:00,2460.0,241445
2021-04-28 10:01:02,2460.0,241495
2021-04-28 10:01:03,2459.0,241684
2021-04-28 10:01:03,2459.0,241686
2021-04-28 10:01:04,2459.0,241686
2021-04-28 10:01:05,2459.8,241687
2021-04-28 10:01:06,2460.0,241749
2021-04-28 10:01:08,2460.0,241749
2021-04-28 10:01:08,2459.95,241751
2021-04-28 10:01:09,2459.95,241751
2021-04-28 10:01:11,2459.5,241937
2021-04-28 10:01:12,2460.95,244809
2021-04-28 10:01:13,2461.5,244941
2021-04-28 10:01:14,2460.85,244943
2021-04-28 10:01:15,2461.0,245044
2021-04-28 10:01:16,2463.15,246452
2021-04-28 10:01:20,2465.0,246785
2021-04-28 10:01:21,2465.0,246951
2021-04-28 10:01:22,2462.95,247008
2021-04-28 10:01:23,2463.85,247145
2021-04-28 10:01:23,2464.9,247138
2021-04-28 10:01:24,2463.9,247197
2021-04-28 10:01:25,2464.15,247750
2021-04-28 10:01:26,2465.0,247804
2021-04-28 10:01:27,2464.1,247809
2021-04-28 10:01:29,2464.7,247930
2021-04-28 10:01:32,2464.2,248251
2021-04-28 10:01:31,2463.95,248050
2021-04-28 10:01:33,2465.0,248332
2021-04-28 10:01:34,2464.0,248454
2021-04-28 10:01:37,2465.0,248799
2021-04-28 10:01:37,2465.0,248799
2021-04-28 10:01:38,2465.1,248800
2021-04-28 10:01:39,2464.0,248817
2021-04-28 10:01:40,2463.3,248892
2021-04-28 10:01:41,2464.15,248947
2021-04-28 10:01:42,2464.15,248947
2021-04-28 10:01:44,2464.15,248947
2021-04-28 10:01:45,2464.0,248957
2021-04-28 10:01:46,2463.4,249081
2021-04-28 10:01:47,2463.4,249094
2021-04-28 10:01:48,2464.0,249297
2021-04-28 10:01:49,2464.15,249299
2021-04-28 10:01:50,2465.5,249639
2021-04-28 10:01:52,2464.4,249651
2021-04-28 10:01:53,2464.4,249702
2021-04-28 10:01:54,2464.4,249702
2021-04-28 10:01:55,2465.0,250110
2021-04-28 10:01:55,2464.0,249908
2021-04-28 10:01:57,2464.0,250214
2021-04-28 10:01:58,2464.0,250330
2021-04-28 10:01:59,2464.0,250331
2021-04-28 10:02:00,2464.25,250332
2021-04-28 10:02:02,2465.0,250815
2021-04-28 10:02:02,2465.0,250815
2021-04-28 10:02:03,2463.35,251800
2021-04-28 10:02:04,2463.1,251827
2021-04-28 10:02:05,2464.0,252099
2021-04-28 10:02:06,2463.4,252101
2021-04-28 10:02:07,2463.35,252108
2021-04-28 10:02:09,2463.35,252109
2021-04-28 10:02:09,2463.35,252109
2021-04-28 10:02:11,2464.0,252137
2021-04-28 10:02:11,2463.4,252142
2021-04-28 10:02:12,2464.0,252227
2021-04-28 10:02:13,2464.0,252245
2021-04-28 10:02:14,2463.35,252266
2021-04-28 10:02:15,2464.15,252466
2021-04-28 10:02:16,2464.15,252475
2021-04-28 10:02:18,2463.35,252570
2021-04-28 10:02:19,2463.35,252571
2021-04-28 10:02:20,2464.15,252676
2021-04-28 10:02:20,2464.0,252701
2021-04-28 10:02:21,2463.35,252706
2021-04-28 10:02:23,2463.1,252820
2021-04-28 10:02:24,2463.95,252837
2021-04-28 10:02:24,2463.95,252837
2021-04-28 10:02:26,2466.3,255382
2021-04-28 10:02:27,2465.1,256006
2021-04-28 10:02:28,2466.3,256013
2021-04-28 10:02:29,2466.85,256079
2021-04-28 10:02:29,2466.1,256355
2021-04-28 10:02:30,2466.1,256358
2021-04-28 10:02:31,2467.35,256369
2021-04-28 10:02:32,2466.05,256482
2021-04-28 10:02:34,2467.1,256768
2021-04-28 10:02:34,2466.95,256788
2021-04-28 10:02:35,2467.6,256860
2021-04-28 10:02:36,2467.75,256892
2021-04-28 10:02:38,2467.75,257022
2021-04-28 10:02:38,2466.45,257032
2021-04-28 10:02:39,2466.1,257099
2021-04-28 10:02:41,2465.4,257466
2021-04-28 10:02:42,2465.45,257475
2021-04-28 10:02:42,2465.45,257475
2021-04-28 10:02:43,2465.8,257527
2021-04-28 10:02:45,2466.65,257532
2021-04-28 10:02:46,2466.45,257533
2021-04-28 10:02:47,2466.45,257633
2021-04-28 10:02:48,2466.0,257776
2021-04-28 10:02:50,2466.4,257837
2021-04-28 10:02:50,2467.0,257868
2021-04-28 10:02:51,2465.95,258005
2021-04-28 10:02:53,2465.45,258021
2021-04-28 10:02:54,2466.85,258026
2021-04-28 10:02:54,2466.85,258026
2021-04-28 10:02:55,2466.85,258026
2021-04-28 10:02:57,2466.85,258026
2021-04-28 10:02:58,2466.85,258026
2021-04-28 10:02:58,2466.85,258033
2021-04-28 10:02:59,2466.0,258041
2021-04-28 10:03:01,2466.5,258061
2021-04-28 10:03:02,2466.4,258284
2021-04-28 10:03:02,2466.4,258284
2021-04-28 10:03:03,2466.0,258306
2021-04-28 10:03:04,2465.05,258398
2021-04-28 10:03:06,2466.2,258409
2021-04-28 10:03:07,2465.05,258410
2021-04-28 10:03:08,2466.5,258560
2021-04-28 10:03:09,2465.3,258561
2021-04-28 10:03:10,2465.3,258561
2021-04-28 10:03:11,2466.0,258611
2021-04-28 10:03:14,2465.1,258829
2021-04-28 10:03:15,2465.1,258831
2021-04-28 10:03:15,2465.1,258831
2021-04-28 10:03:16,2465.1,258831
2021-04-28 10:03:17,2466.0,258843
2021-04-28 10:03:18,2466.0,258843
2021-04-28 10:03:20,2465.1,258936
2021-04-28 10:03:21,2465.5,258968
2021-04-28 10:03:22,2466.4,258996
2021-04-28 10:03:23,2465.05,259127
2021-04-28 10:03:24,2465.05,259148
2021-04-28 10:03:25,2465.05,259148
2021-04-28 10:03:27,2465.05,259158
2021-04-28 10:03:27,2465.05,259158
2021-04-28 10:03:28,2465.05,259296
2021-04-28 10:03:29,2465.05,259297
2021-04-28 10:03:30,2465.75,259600
2021-04-28 10:03:32,2467.0,259644
2021-04-28 10:03:33,2467.0,259693
2021-04-28 10:03:34,2465.8,259698
2021-04-28 10:03:35,2466.0,259728
2021-04-28 10:03:36,2466.0,259729
2021-04-28 10:03:37,2466.0,259731
2021-04-28 10:03:38,2466.9,259737
2021-04-28 10:03:39,2466.9,259737
2021-04-28 10:03:39,2465.75,259943
2021-04-28 10:03:40,2465.75,259945
2021-04-28 10:03:41,2465.75,259952
2021-04-28 10:03:42,2465.75,259952
2021-04-28 10:03:44,2465.75,259952
2021-04-28 10:03:44,2465.75,260218
2021-04-28 10:03:45,2465.75,260221
2021-04-28 10:03:46,2466.0,260224
2021-04-28 10:03:47,2466.0,260224
2021-04-28 10:03:48,2466.0,260224
2021-04-28 10:03:49,2466.0,260249
2021-04-28 10:03:50,2465.75,260254
2021-04-28 10:03:52,2465.75,260336
2021-04-28 10:03:57,2465.75,260432
2021-04-28 10:03:58,2465.75,260482
2021-04-28 10:03:58,2465.75,260482
2021-04-28 10:04:00,2465.75,260517
2021-04-28 10:04:00,2465.75,260517
2021-04-28 10:04:02,2465.4,260550
2021-04-28 10:04:03,2466.0,260600
2021-04-28 10:04:04,2466.0,260600
2021-04-28 10:04:05,2465.55,260752
2021-04-28 10:04:06,2466.0,260755
2021-04-28 10:04:07,2465.6,260909
2021-04-28 10:04:08,2466.9,261144
2021-04-28 10:04:09,2466.0,261150
2021-04-28 10:04:10,2466.0,261262
2021-04-28 10:04:11,2466.05,261264
2021-04-28 10:04:12,2466.05,261264
2021-04-28 10:04:12,2466.9,261266
2021-04-28 10:04:13,2466.8,261272
2021-04-28 10:04:14,2466.05,261277
2021-04-28 10:04:16,2466.8,261341
2021-04-28 10:04:16,2466.1,261348
2021-04-28 10:04:17,2467.3,261839
2021-04-28 10:04:18,2468.0,262224
2021-04-28 10:04:19,2466.95,262225
2021-04-28 10:04:20,2467.9,262232
2021-04-28 10:04:22,2467.95,262259
2021-04-28 10:04:23,2467.95,262259
2021-04-28 10:04:24,2466.8,262263
2021-04-28 10:04:26,2466.8,262263
2021-04-28 10:04:27,2468.0,262273
2021-04-28 10:04:28,2468.0,262273
2021-04-28 10:04:30,2468.0,262324
2021-04-28 10:04:31,2468.0,262332
2021-04-28 10:04:32,2468.0,262346
2021-04-28 10:04:33,2468.0,262353
2021-04-28 10:04:35,2467.9,262879
2021-04-28 10:04:34,2468.0,262878
2021-04-28 10:04:36,2467.9,262879
2021-04-28 10:04:37,2467.9,262964
2021-04-28 10:04:38,2467.9,262964
2021-04-28 10:04:39,2467.0,262968
2021-04-28 10:04:40,2467.0,262991
2021-04-28 10:04:41,2467.0,262991
2021-04-28 10:04:42,2467.0,263004
2021-04-28 10:04:43,2467.9,263005
2021-04-28 10:04:44,2467.9,263023
2021-04-28 10:04:45,2468.0,263148
2021-04-28 10:04:51,2467.9,263246
2021-04-28 10:04:52,2467.9,263281
2021-04-28 10:04:53,2467.9,263319
2021-04-28 10:04:54,2467.9,263379
2021-04-28 10:04:55,2468.0,263401
2021-04-28 10:04:57,2467.9,263601
2021-04-28 10:04:58,2467.9,263601
2021-04-28 10:04:59,2468.3,263747
2021-04-28 10:05:00,2468.0,263752
2021-04-28 10:05:01,2468.0,263771
2021-04-28 10:05:03,2468.95,264036
2021-04-28 10:05:04,2468.05,264062
2021-04-28 10:05:05,2469.0,264091
2021-04-28 10:05:06,2468.05,264162
2021-04-28 10:05:07,2468.9,264188
2021-04-28 10:05:08,2468.9,264188
2021-04-28 10:05:10,2468.05,264379
2021-04-28 10:05:11,2469.0,264418
2021-04-28 10:05:12,2469.0,264420
2021-04-28 10:05:13,2469.0,264681
2021-04-28 10:05:14,2469.0,264681
2021-04-28 10:05:15,2467.65,264983
2021-04-28 10:05:16,2467.5,265016
2021-04-28 10:05:17,2467.5,265016
2021-04-28 10:05:18,2468.0,265036
2021-04-28 10:05:19,2468.0,265044
2021-04-28 10:05:21,2467.5,265131
2021-04-28 10:05:22,2468.0,265147
2021-04-28 10:05:23,2468.0,265147
2021-04-28 10:05:24,2468.0,265147
2021-04-28 10:05:25,2467.5,265222
2021-04-28 10:05:26,2468.0,265273
2021-04-28 10:05:27,2468.0,265306
2021-04-28 10:05:28,2467.5,265316
2021-04-28 10:05:30,2467.5,265838
2021-04-28 10:05:31,2467.5,265838
2021-04-28 10:05:32,2468.45,265938
2021-04-28 10:05:33,2467.95,266028
2021-04-28 10:05:34,2467.95,266118
2021-04-28 10:05:35,2467.5,266148
2021-04-28 10:05:36,2467.95,266150
2021-04-28 10:05:37,2467.5,266175
2021-04-28 10:05:38,2467.5,266180
2021-04-28 10:05:39,2467.95,266191
2021-04-28 10:05:40,2467.5,266570
2021-04-28 10:05:41,2467.55,266634
2021-04-28 10:05:42,2467.55,266634
2021-04-28 10:05:43,2468.4,266637
2021-04-28 10:05:44,2467.95,266648
2021-04-28 10:05:45,2467.5,266724
2021-04-28 10:05:46,2467.5,266725
2021-04-28 10:05:47,2467.5,266757
2021-04-28 10:05:48,2467.5,266758
2021-04-28 10:05:49,2467.55,266763
2021-04-28 10:05:50,2468.0,266788
2021-04-28 10:05:51,2468.0,266802
2021-04-28 10:05:52,2468.0,267254
2021-04-28 10:05:53,2467.65,267334
2021-04-28 10:05:54,2468.0,267364
2021-04-28 10:05:55,2467.95,267366
2021-04-28 10:05:56,2467.55,267416
2021-04-28 10:05:57,2467.5,267770
2021-04-28 10:05:58,2468.95,267832
2021-04-28 10:06:00,2469.0,268150
2021-04-28 10:06:01,2469.0,268150
2021-04-28 10:06:02,2468.05,268152
2021-04-28 10:06:03,2468.05,268156
2021-04-28 10:06:04,2468.05,268156
2021-04-28 10:06:05,2468.05,268157
2021-04-28 10:06:06,2468.05,268161
2021-04-28 10:06:07,2469.0,268324
2021-04-28 10:06:08,2469.0,268345
2021-04-28 10:06:09,2469.0,268352
2021-04-28 10:06:10,2468.05,268402
2021-04-28 10:06:11,2468.05,268423
2021-04-28 10:06:12,2468.05,268425
2021-04-28 10:06:13,2469.0,268525
2021-04-28 10:06:14,2469.0,268525
2021-04-28 10:06:16,2468.3,268535
2021-04-28 10:06:17,2468.3,268535
2021-04-28 10:06:18,2468.3,268535
2021-04-28 10:06:19,2469.0,268540
2021-04-28 10:06:20,2468.25,268545
2021-04-28 10:06:21,2469.0,268615
2021-04-28 10:06:22,2469.0,268615
2021-04-28 10:06:23,2469.0,268615
2021-04-28 10:06:24,2468.95,268647
2021-04-28 10:06:26,2468.3,268768
2021-04-28 10:06:27,2468.5,268829
2021-04-28 10:06:28,2469.0,268833
2021-04-28 10:06:29,2468.15,268863
2021-04-28 10:06:31,2469.0,268897
2021-04-28 10:06:30,2469.0,268897
2021-04-28 10:06:32,2469.0,269134
2021-04-28 10:06:33,2469.0,269283
2021-04-28 10:06:34,2469.0,269315
2021-04-28 10:06:35,2469.0,269370
2021-04-28 10:06:36,2468.1,269421
2021-04-28 10:06:37,2468.3,269425
2021-04-28 10:06:38,2468.3,269439
2021-04-28 10:06:39,2469.9,270268
2021-04-28 10:06:41,2468.95,270392
2021-04-28 10:06:42,2469.0,270425
2021-04-28 10:06:43,2469.9,270435
2021-04-28 10:06:45,2469.95,270466
2021-04-28 10:06:46,2469.1,270467
2021-04-28 10:06:47,2469.9,270534
2021-04-28 10:06:48,2469.9,270535
2021-04-28 10:06:50,2469.9,270635
2021-04-28 10:06:50,2469.9,270634
2021-04-28 10:06:51,2469.95,270642
2021-04-28 10:06:52,2469.95,270647
2021-04-28 10:06:53,2470.0,271038
2021-04-28 10:06:54,2470.0,271335
2021-04-28 10:06:55,2470.0,271356
2021-04-28 10:06:58,2469.95,271388
2021-04-28 10:06:59,2470.0,271538
2021-04-28 10:06:59,2469.95,271648
2021-04-28 10:07:00,2470.0,271753
2021-04-28 10:07:01,2469.5,271883
2021-04-28 10:07:02,2469.0,271893
2021-04-28 10:07:03,2469.5,271951
2021-04-28 10:07:04,2468.65,271958
2021-04-28 10:07:06,2468.7,272201
2021-04-28 10:07:06,2468.7,272198
2021-04-28 10:07:07,2468.7,272201
2021-04-28 10:07:08,2469.5,272334
2021-04-28 10:07:10,2469.5,272354
2021-04-28 10:07:10,2469.5,272354
2021-04-28 10:07:11,2470.0,272379
2021-04-28 10:07:12,2469.5,272387
2021-04-28 10:07:13,2469.5,272389
2021-04-28 10:07:14,2469.5,272934
2021-04-28 10:07:16,2469.0,272961
2021-04-28 10:07:15,2469.5,272934
2021-04-28 10:07:17,2469.95,273311
2021-04-28 10:07:18,2469.8,273316
2021-04-28 10:07:19,2469.8,273316
2021-04-28 10:07:20,2469.5,273356
2021-04-28 10:07:21,2469.5,273408
2021-04-28 10:07:23,2469.5,273466
2021-04-28 10:07:23,2469.5,273467
2021-04-28 10:07:24,2469.95,273594
2021-04-28 10:07:25,2469.0,273609
2021-04-28 10:07:26,2469.0,273634
2021-04-28 10:07:27,2469.95,273658
2021-04-28 10:07:28,2469.95,273658
2021-04-28 10:07:29,2469.0,273659
2021-04-28 10:07:30,2469.0,273659
2021-04-28 10:07:31,2469.5,273662
2021-04-28 10:07:32,2469.0,273713
2021-04-28 10:07:33,2468.35,274334
2021-04-28 10:07:34,2469.85,274448
2021-04-28 10:07:35,2468.75,274698
2021-04-28 10:07:36,2468.75,274698
2021-04-28 10:07:37,2468.75,274698
2021-04-28 10:07:38,2469.0,274706
2021-04-28 10:07:40,2468.75,274767
2021-04-28 10:07:40,2469.7,274768
2021-04-28 10:07:41,2469.75,274827
2021-04-28 10:07:42,2469.9,274922
2021-04-28 10:07:44,2469.9,274946
2021-04-28 10:07:46,2469.9,274946
2021-04-28 10:07:47,2468.75,275148
2021-04-28 10:07:47,2468.75,275150
2021-04-28 10:07:48,2468.75,275151
2021-04-28 10:07:49,2469.0,275152
2021-04-28 10:07:50,2469.9,275154
2021-04-28 10:07:51,2468.75,275264
2021-04-28 10:07:52,2468.75,275265
2021-04-28 10:07:53,2469.0,275290
2021-04-28 10:07:54,2469.0,275401
2021-04-28 10:07:55,2469.0,275428
2021-04-28 10:07:56,2469.9,275448
2021-04-28 10:07:58,2469.0,275489
2021-04-28 10:07:59,2469.0,275490
2021-04-28 10:08:01,2469.85,275500
2021-04-28 10:08:01,2469.0,275550
2021-04-28 10:08:02,2469.6,275559
2021-04-28 10:08:03,2469.9,275681
2021-04-28 10:08:05,2469.9,275701
2021-04-28 10:08:06,2469.05,276702
2021-04-28 10:08:07,2469.05,276714
2021-04-28 10:08:08,2469.9,276736
2021-04-28 10:08:09,2469.9,276737
2021-04-28 10:08:10,2469.9,276737
2021-04-28 10:08:11,2469.9,276783
2021-04-28 10:08:12,2469.9,276848
2021-04-28 10:08:13,2469.05,277050
2021-04-28 10:08:15,2469.05,277052
2021-04-28 10:08:16,2469.05,277054
2021-04-28 10:08:17,2469.05,277055
2021-04-28 10:08:18,2469.9,277085
2021-04-28 10:08:19,2469.05,277095
2021-04-28 10:08:21,2469.05,277096
2021-04-28 10:08:21,2469.05,277096
2021-04-28 10:08:22,2469.05,277153
2021-04-28 10:08:23,2469.9,277193
2021-04-28 10:08:24,2469.9,277393
2021-04-28 10:08:25,2469.05,277395
2021-04-28 10:08:26,2469.05,277405
2021-04-28 10:08:27,2469.05,277405
2021-04-28 10:08:29,2469.9,277474
2021-04-28 10:08:29,2469.05,277475
2021-04-28 10:08:30,2469.05,277479
2021-04-28 10:08:31,2469.5,277480
2021-04-28 10:08:32,2469.5,277482
2021-04-28 10:08:33,2469.9,277607
2021-04-28 10:08:34,2469.5,277609
2021-04-28 10:08:35,2469.5,278118
2021-04-28 10:08:36,2469.5,278138
2021-04-28 10:08:37,2469.5,278278
2021-04-28 10:08:38,2470.0,278372
2021-04-28 10:08:40,2469.5,278393
2021-04-28 10:08:40,2469.5,278393
2021-04-28 10:08:41,2469.5,278443
2021-04-28 10:08:42,2469.5,278453
2021-04-28 10:08:43,2470.0,278455
2021-04-28 10:08:44,2469.9,278512
2021-04-28 10:08:45,2469.9,278569
2021-04-28 10:08:46,2469.5,278572
2021-04-28 10:08:47,2469.5,278573
2021-04-28 10:08:49,2469.5,278583
2021-04-28 10:08:49,2469.5,278583
2021-04-28 10:08:50,2469.5,278600
2021-04-28 10:08:51,2470.0,278609
2021-04-28 10:08:53,2469.5,278749
2021-04-28 10:08:54,2469.5,278780
2021-04-28 10:08:54,2469.5,278781
2021-04-28 10:08:55,2469.5,278781
2021-04-28 10:08:56,2469.5,278890
2021-04-28 10:08:57,2469.5,278897
2021-04-28 10:08:58,2469.5,278897
2021-04-28 10:08:59,2470.0,279053
2021-04-28 10:09:00,2470.6,279230
2021-04-28 10:09:02,2470.6,279338
2021-04-28 10:09:02,2470.75,279438
2021-04-28 10:09:03,2470.75,279440
2021-04-28 10:09:04,2472.35,280690
2021-04-28 10:09:05,2473.0,280860
2021-04-28 10:09:06,2473.0,280897
2021-04-28 10:09:07,2474.0,282004
2021-04-28 10:09:08,2472.2,282215
2021-04-28 10:09:09,2472.2,282531
2021-04-28 10:09:10,2472.2,282744
2021-04-28 10:09:13,2473.45,282809
2021-04-28 10:09:14,2473.45,282809
2021-04-28 10:09:15,2474.0,283358
2021-04-28 10:09:15,2474.0,283358
2021-04-28 10:09:16,2474.0,283378
2021-04-28 10:09:17,2474.0,283378
2021-04-28 10:09:18,2474.0,283451
2021-04-28 10:09:19,2474.0,283466
2021-04-28 10:09:20,2474.0,283553
2021-04-28 10:09:21,2473.7,283641
2021-04-28 10:09:22,2474.0,283743
2021-04-28 10:09:24,2474.0,283918
2021-04-28 10:09:25,2474.0,284198
2021-04-28 10:09:25,2474.0,284198
2021-04-28 10:09:26,2474.0,284244
2021-04-28 10:09:27,2474.0,284263
2021-04-28 10:09:28,2473.7,284264
2021-04-28 10:09:29,2473.45,284433
2021-04-28 10:09:30,2473.7,284448
2021-04-28 10:09:31,2473.7,284560
2021-04-28 10:09:32,2474.0,284574
2021-04-28 10:09:33,2474.0,284574
2021-04-28 10:09:34,2474.0,284723
2021-04-28 10:09:36,2473.0,284823
2021-04-28 10:09:37,2474.25,284924
2021-04-28 10:09:38,2474.4,285509
2021-04-28 10:09:39,2473.05,285529
2021-04-28 10:09:40,2474.35,285553
2021-04-28 10:09:40,2474.35,285553
2021-04-28 10:09:41,2474.5,285579
2021-04-28 10:09:42,2473.1,285698
2021-04-28 10:09:43,2474.4,285760
2021-04-28 10:09:44,2474.4,285760
2021-04-28 10:09:45,2473.25,285814
2021-04-28 10:09:47,2473.25,286028
2021-04-28 10:09:47,2473.2,286116
2021-04-28 10:09:49,2473.0,286189
2021-04-28 10:09:50,2473.85,286520
2021-04-28 10:09:51,2473.0,286530
2021-04-28 10:09:52,2473.0,286563
2021-04-28 10:09:53,2473.75,286590
2021-04-28 10:09:54,2473.0,286617
2021-04-28 10:09:54,2473.0,286617
2021-04-28 10:09:56,2472.3,286909
2021-04-28 10:09:57,2473.0,286925
2021-04-28 10:09:58,2473.2,286932
2021-04-28 10:09:59,2473.2,286940
2021-04-28 10:10:01,2473.95,286943
2021-04-28 10:10:02,2473.95,286943
2021-04-28 10:10:03,2473.25,286945
2021-04-28 10:10:04,2474.0,286975
2021-04-28 10:10:04,2474.0,286975
2021-04-28 10:10:05,2474.0,286975
2021-04-28 10:10:06,2474.0,287036
2021-04-28 10:10:08,2473.95,287076
2021-04-28 10:10:09,2473.0,287153
2021-04-28 10:10:10,2473.9,287233
2021-04-28 10:10:10,2473.9,287234
2021-04-28 10:10:11,2473.0,287242
2021-04-28 10:10:12,2472.25,287756
2021-04-28 10:10:13,2473.55,287766
2021-04-28 10:10:14,2473.8,287778
2021-04-28 10:10:16,2473.85,287874
2021-04-28 10:10:16,2473.85,287874
2021-04-28 10:10:18,2473.8,287879
2021-04-28 10:10:19,2473.8,287879
2021-04-28 10:10:20,2473.0,288019
2021-04-28 10:10:21,2473.0,288065
2021-04-28 10:10:21,2473.0,288065
2021-04-28 10:10:22,2473.0,288105
2021-04-28 10:10:23,2472.3,288135
2021-04-28 10:10:25,2473.5,288218
2021-04-28 10:10:26,2473.5,288218
2021-04-28 10:10:26,2473.0,288238
2021-04-28 10:10:27,2473.0,288238
2021-04-28 10:10:29,2472.7,288367
2021-04-28 10:10:30,2472.75,288403
2021-04-28 10:10:31,2472.75,288514
2021-04-28 10:10:33,2472.75,288515
2021-04-28 10:10:34,2473.7,288531
2021-04-28 10:10:35,2473.0,288600
2021-04-28 10:10:36,2473.65,288662
2021-04-28 10:10:37,2473.25,288672
2021-04-28 10:10:38,2472.75,288705
2021-04-28 10:10:41,2473.5,288848
2021-04-28 10:10:41,2473.5,288848
2021-04-28 10:10:42,2473.5,288946
2021-04-28 10:10:43,2473.5,289146
2021-04-28 10:10:45,2472.9,289186
2021-04-28 10:10:45,2472.9,289227
2021-04-28 10:10:47,2472.25,289246
2021-04-28 10:10:48,2472.25,289307
2021-04-28 10:10:49,2472.25,289310
2021-04-28 10:10:50,2472.25,289360
2021-04-28 10:10:50,2472.25,289361
2021-04-28 10:10:52,2473.0,289534
2021-04-28 10:10:52,2473.5,289529
2021-04-28 10:10:53,2473.5,289559
2021-04-28 10:10:54,2473.5,289574
2021-04-28 10:10:55,2473.5,289583
2021-04-28 10:10:56,2473.0,289684
2021-04-28 10:10:59,2473.0,289702
2021-04-28 10:11:00,2473.0,289887
2021-04-28 10:11:01,2473.0,289953
2021-04-28 10:11:02,2473.0,289954
2021-04-28 10:11:02,2473.0,289954
2021-04-28 10:11:04,2473.0,290135
2021-04-28 10:11:05,2473.0,290240
2021-04-28 10:11:07,2473.0,290266
2021-04-28 10:11:09,2473.0,290285
2021-04-28 10:11:10,2473.0,290305
2021-04-28 10:11:11,2472.3,290455
2021-04-28 10:11:12,2473.0,290467
2021-04-28 10:11:13,2473.0,290467
2021-04-28 10:11:14,2473.0,290467
2021-04-28 10:11:15,2473.0,290468
2021-04-28 10:11:16,2473.0,290469
2021-04-28 10:11:17,2473.0,290534
2021-04-28 10:11:18,2473.0,290536
2021-04-28 10:11:19,2473.0,290586
2021-04-28 10:11:20,2473.5,290638
2021-04-28 10:11:21,2472.0,291232
2021-04-28 10:11:22,2471.05,291261
2021-04-28 10:11:23,2471.95,291268
2021-04-28 10:11:24,2471.95,291268
2021-04-28 10:11:25,2471.05,291354
2021-04-28 10:11:26,2471.0,291380
2021-04-28 10:11:27,2471.0,291416
2021-04-28 10:11:28,2471.95,291422
2021-04-28 10:11:29,2471.05,291452
2021-04-28 10:11:31,2471.05,291562
2021-04-28 10:11:32,2471.05,291586
2021-04-28 10:11:33,2471.05,291644
2021-04-28 10:11:34,2471.05,291660
2021-04-28 10:11:35,2471.05,291692
2021-04-28 10:11:36,2471.05,291692
2021-04-28 10:11:38,2472.0,291733
2021-04-28 10:11:39,2471.05,291740
2021-04-28 10:11:40,2472.0,291858
2021-04-28 10:11:41,2472.0,291888
2021-04-28 10:11:42,2472.0,291888
2021-04-28 10:11:43,2471.05,291923
2021-04-28 10:11:44,2471.05,291941
2021-04-28 10:11:45,2471.05,292229
2021-04-28 10:11:46,2471.5,292242
2021-04-28 10:11:46,2471.5,292242
2021-04-28 10:11:48,2471.05,292692
2021-04-28 10:11:49,2471.05,292696
2021-04-28 10:11:50,2471.05,292697
2021-04-28 10:11:51,2471.95,292716
2021-04-28 10:11:52,2471.05,292874
2021-04-28 10:11:53,2471.05,292876
2021-04-28 10:11:54,2471.9,292886
2021-04-28 10:11:55,2471.05,292888
2021-04-28 10:11:56,2471.9,292926
2021-04-28 10:11:57,2472.0,293139
2021-04-28 10:11:58,2472.0,293163
2021-04-28 10:11:59,2471.2,293390
2021-04-28 10:12:00,2472.0,293633
2021-04-28 10:12:01,2472.0,293633
2021-04-28 10:12:02,2472.0,293633
2021-04-28 10:12:04,2471.1,293642
2021-04-28 10:12:05,2472.0,293644
2021-04-28 10:12:06,2471.2,293646
2021-04-28 10:12:07,2471.2,293651
2021-04-28 10:12:08,2471.2,293651
2021-04-28 10:12:09,2471.1,293692
2021-04-28 10:12:10,2471.1,293693
