timestamp,ltp,volume
2021-04-28 09:15:12,2510.55,27925
2021-04-28 09:15:15,2508.55,30772
2021-04-28 09:15:18,2509.85,31915
2021-04-28 09:15:19,2508.75,32144
2021-04-28 09:15:21,2510.25,32937
2021-04-28 09:15:24,2511.55,35206
2021-04-28 09:15:25,2512.15,37714
2021-04-28 09:15:26,2515.45,38548
2021-04-28 09:15:28,2515.95,38977
2021-04-28 09:15:29,2515.8,39047
2021-04-28 09:15:30,2515.8,39349
2021-04-28 09:15:31,2516.45,39555
2021-04-28 09:15:32,2517.0,39599
2021-04-28 09:15:33,2517.25,39783
2021-04-28 09:15:34,2517.3,40097
2021-04-28 09:15:35,2522.3,40727
2021-04-28 09:15:36,2519.1,41157
2021-04-28 09:15:37,2522.7,41679
2021-04-28 09:15:38,2520.0,42389
2021-04-28 09:15:39,2520.0,43194
2021-04-28 09:15:40,2520.0,44559
2021-04-28 09:15:41,2521.6,46374
2021-04-28 09:15:42,2522.45,46616
2021-04-28 09:15:43,2522.0,47286
2021-04-28 09:15:44,2522.6,48512
2021-04-28 09:15:45,2521.0,48667
2021-04-28 09:15:46,2522.45,49146
2021-04-28 09:15:47,2522.45,49150
2021-04-28 09:15:48,2523.1,51371
2021-04-28 09:15:49,2522.6,51679
2021-04-28 09:15:50,2522.65,52395
2021-04-28 09:15:51,2522.35,53150
2021-04-28 09:15:52,2522.15,53551
2021-04-28 09:15:53,2522.65,54106
2021-04-28 09:15:54,2522.35,54571
2021-04-28 09:15:55,2522.65,54615
2021-04-28 09:15:56,2522.65,54822
2021-04-28 09:15:57,2522.65,54822
2021-04-28 09:15:58,2522.65,55222
2021-04-28 09:15:59,2523.65,55612
2021-04-28 09:16:00,2522.65,55748
2021-04-28 09:16:01,2523.65,56086
2021-04-28 09:16:02,2523.65,56164
2021-04-28 09:16:03,2523.65,56660
2021-04-28 09:16:05,2523.7,56790
2021-04-28 09:16:07,2523.95,57589
2021-04-28 09:16:07,2524.65,57689
2021-04-28 09:16:08,2523.8,58064
2021-04-28 09:16:09,2523.15,58256
2021-04-28 09:16:10,2523.95,58358
2021-04-28 09:16:11,2523.95,58410
2021-04-28 09:16:12,2523.95,59001
2021-04-28 09:16:13,2523.95,59135
2021-04-28 09:16:14,2523.95,59412
2021-04-28 09:16:15,2523.95,59454
2021-04-28 09:16:16,2523.0,59618
2021-04-28 09:16:17,2523.9,59654
2021-04-28 09:16:18,2523.9,59662
2021-04-28 09:16:19,2523.9,59763
2021-04-28 09:16:20,2523.9,59775
2021-04-28 09:16:21,2523.9,60043
2021-04-28 09:16:22,2523.9,60297
2021-04-28 09:16:23,2523.8,60317
2021-04-28 09:16:24,2523.9,60617
2021-04-28 09:16:25,2523.8,61596
2021-04-28 09:16:27,2523.3,62570
2021-04-28 09:16:28,2523.25,62819
2021-04-28 09:16:29,2524.8,62913
2021-04-28 09:16:30,2524.8,62931
2021-04-28 09:16:30,2523.85,62941
2021-04-28 09:16:31,2524.8,62971
2021-04-28 09:16:32,2524.85,62972
2021-04-28 09:16:33,2527.3,63982
2021-04-28 09:16:34,2527.3,64461
2021-04-28 09:16:35,2526.05,64620
2021-04-28 09:16:36,2526.0,64999
2021-04-28 09:16:37,2527.5,65069
2021-04-28 09:16:38,2526.0,65356
2021-04-28 09:16:39,2527.4,65433
2021-04-28 09:16:40,2527.45,65640
2021-04-28 09:16:41,2526.7,66274
2021-04-28 09:16:42,2528.35,66322
2021-04-28 09:16:43,2528.5,66625
2021-04-28 09:16:44,2528.1,67071
2021-04-28 09:16:45,2528.4,67293
2021-04-28 09:16:46,2528.55,67491
2021-04-28 09:16:47,2529.0,67574
2021-04-28 09:16:48,2529.0,67942
2021-04-28 09:16:49,2529.8,67979
2021-04-28 09:16:50,2530.0,68630
2021-04-28 09:16:51,2528.75,70484
2021-04-28 09:16:52,2529.45,71168
2021-04-28 09:16:53,2528.0,71512
2021-04-28 09:16:54,2529.6,71916
2021-04-28 09:16:55,2530.0,72519
2021-04-28 09:16:56,2530.15,73040
2021-04-28 09:16:57,2530.9,73321
2021-04-28 09:16:58,2530.2,74007
2021-04-28 09:16:59,2529.95,74214
2021-04-28 09:17:01,2529.0,74307
2021-04-28 09:17:02,2529.15,74341
2021-04-28 09:17:03,2529.3,74433
2021-04-28 09:17:04,2531.7,76446
2021-04-28 09:17:05,2531.4,77032
2021-04-28 09:17:06,2529.45,77756
2021-04-28 09:17:07,2530.15,78255
2021-04-28 09:17:08,2529.3,78400
2021-04-28 09:17:09,2529.3,78432
2021-04-28 09:17:10,2529.3,78866
2021-04-28 09:17:11,2529.3,79096
2021-04-28 09:17:12,2530.55,80302
2021-04-28 09:17:13,2529.6,81178
2021-04-28 09:17:14,2529.3,81845
2021-04-28 09:17:16,2528.75,82462
2021-04-28 09:17:16,2528.9,82739
2021-04-28 09:17:17,2528.9,83632
2021-04-28 09:17:18,2527.7,83942
2021-04-28 09:17:19,2527.75,83987
2021-04-28 09:17:20,2529.3,84200
2021-04-28 09:17:21,2528.4,84353
2021-04-28 09:17:22,2528.4,84407
2021-04-28 09:17:23,2530.0,85173
2021-04-28 09:17:25,2529.0,85805
2021-04-28 09:17:26,2530.45,86006
2021-04-28 09:17:27,2530.45,86155
2021-04-28 09:17:28,2530.55,86246
2021-04-28 09:17:28,2530.6,86394
2021-04-28 09:17:29,2529.05,86587
2021-04-28 09:17:30,2530.15,86694
2021-04-28 09:17:31,2528.9,86898
2021-04-28 09:17:33,2529.95,87156
2021-04-28 09:17:34,2530.0,87332
2021-04-28 09:17:35,2530.0,87347
2021-04-28 09:17:36,2530.35,87420
2021-04-28 09:17:37,2530.15,87489
2021-04-28 09:17:38,2530.3,87555
2021-04-28 09:17:39,2530.15,87585
2021-04-28 09:17:40,2530.15,87778
2021-04-28 09:17:41,2530.0,87792
2021-04-28 09:17:42,2529.9,87891
2021-04-28 09:17:43,2528.9,88078
2021-04-28 09:17:44,2528.95,88768
2021-04-28 09:17:45,2530.0,88848
2021-04-28 09:17:46,2530.0,89188
2021-04-28 09:17:47,2529.1,89234
2021-04-28 09:17:48,2529.1,89234
2021-04-28 09:17:49,2530.0,89551
2021-04-28 09:17:50,2530.0,89585
2021-04-28 09:17:51,2529.3,89678
2021-04-28 09:17:52,2530.0,89925
2021-04-28 09:17:53,2529.4,90209
2021-04-28 09:17:54,2530.65,91280
2021-04-28 09:17:55,2530.75,91509
2021-04-28 09:17:56,2530.9,91868
2021-04-28 09:17:57,2530.9,91927
2021-04-28 09:17:58,2531.8,92242
2021-04-28 09:17:59,2531.6,92710
2021-04-28 09:18:00,2531.6,92710
2021-04-28 09:18:01,2531.05,92760
2021-04-28 09:18:02,2531.6,93008
2021-04-28 09:18:02,2531.6,92908
2021-04-28 09:18:03,2531.05,93142
2021-04-28 09:18:04,2530.5,93357
2021-04-28 09:18:05,2530.8,93390
2021-04-28 09:18:06,2531.7,93532
2021-04-28 09:18:07,2531.7,93590
2021-04-28 09:18:08,2531.7,93610
2021-04-28 09:18:09,2531.0,93701
2021-04-28 09:18:10,2531.15,93724
2021-04-28 09:18:11,2531.15,93792
2021-04-28 09:18:13,2531.05,94194
2021-04-28 09:18:14,2531.5,94444
2021-04-28 09:18:17,2531.55,94620
2021-04-28 09:18:18,2530.75,94787
2021-04-28 09:18:19,2531.15,94825
2021-04-28 09:18:20,2531.15,94825
2021-04-28 09:18:20,2531.15,94832
2021-04-28 09:18:23,2530.6,95125
2021-04-28 09:18:25,2531.0,95430
2021-04-28 09:18:26,2531.0,95541
2021-04-28 09:18:27,2530.75,95568
2021-04-28 09:18:28,2530.75,95635
2021-04-28 09:18:29,2531.0,95690
2021-04-28 09:18:29,2530.35,95795
2021-04-28 09:18:31,2531.0,96115
2021-04-28 09:18:32,2531.15,96522
2021-04-28 09:18:33,2531.5,96590
2021-04-28 09:18:34,2531.7,96693
2021-04-28 09:18:35,2531.0,96729
2021-04-28 09:18:36,2531.0,96782
2021-04-28 09:18:37,2530.25,96875
2021-04-28 09:18:38,2530.25,97037
2021-04-28 09:18:39,2531.0,97054
2021-04-28 09:18:40,2530.0,98195
2021-04-28 09:18:41,2530.0,98789
2021-04-28 09:18:42,2530.0,98842
2021-04-28 09:18:43,2529.9,99004
2021-04-28 09:18:44,2530.15,99308
2021-04-28 09:18:45,2530.15,99594
2021-04-28 09:18:46,2531.65,99727
2021-04-28 09:18:47,2531.65,99727
2021-04-28 09:18:48,2530.5,99950
2021-04-28 09:18:50,2531.0,101001
2021-04-28 09:18:52,2530.6,102942
2021-04-28 09:18:53,2531.15,103451
2021-04-28 09:18:54,2532.0,103765
2021-04-28 09:18:55,2531.15,104097
2021-04-28 09:18:56,2531.15,104097
2021-04-28 09:18:57,2531.85,104393
2021-04-28 09:18:58,2531.85,104571
2021-04-28 09:18:59,2532.0,105092
2021-04-28 09:19:00,2532.0,105187
2021-04-28 09:19:01,2532.1,105386
2021-04-28 09:19:02,2532.1,105459
2021-04-28 09:19:04,2532.9,105468
2021-04-28 09:19:04,2532.3,105679
2021-04-28 09:19:05,2533.9,105740
2021-04-28 09:19:07,2532.6,105878
2021-04-28 09:19:08,2533.85,106033
2021-04-28 09:19:09,2533.7,106069
2021-04-28 09:19:10,2533.7,106227
2021-04-28 09:19:11,2533.7,106237
2021-04-28 09:19:12,2533.85,106276
2021-04-28 09:19:12,2532.75,106326
2021-04-28 09:19:13,2532.6,106490
2021-04-28 09:19:14,2532.75,106610
2021-04-28 09:19:15,2533.7,106616
2021-04-28 09:19:16,2533.7,106630
2021-04-28 09:19:18,2532.9,106719
2021-04-28 09:19:18,2532.9,106749
2021-04-28 09:19:20,2533.95,109291
2021-04-28 09:19:20,2533.7,109507
2021-04-28 09:19:22,2534.85,109945
2021-04-28 09:19:22,2533.85,110500
2021-04-28 09:19:24,2532.9,110956
2021-04-28 09:19:25,2532.9,111773
2021-04-28 09:19:26,2533.9,111986
2021-04-28 09:19:27,2534.0,112173
2021-04-28 09:19:29,2533.9,113141
2021-04-28 09:19:30,2535.45,113203
2021-04-28 09:19:33,2533.95,115227
2021-04-28 09:19:34,2534.0,115586
2021-04-28 09:19:35,2534.0,116024
2021-04-28 09:19:36,2534.0,116088
2021-04-28 09:19:36,2532.9,116235
2021-04-28 09:19:38,2533.0,116312
2021-04-28 09:19:39,2533.0,116606
2021-04-28 09:19:40,2534.0,116830
2021-04-28 09:19:41,2532.7,116990
2021-04-28 09:19:42,2533.0,117055
2021-04-28 09:19:43,2533.0,117080
2021-04-28 09:19:44,2533.1,117111
2021-04-28 09:19:44,2533.0,117080
2021-04-28 09:19:45,2533.1,117178
2021-04-28 09:19:47,2533.1,117204
2021-04-28 09:19:48,2533.25,117248
2021-04-28 09:19:49,2533.1,117306
2021-04-28 09:19:50,2533.0,117811
2021-04-28 09:19:51,2534.0,117884
2021-04-28 09:19:52,2533.0,118249
2021-04-28 09:19:53,2533.0,118601
2021-04-28 09:19:53,2534.0,118650
2021-04-28 09:19:54,2534.0,118790
2021-04-28 09:19:55,2533.0,118946
2021-04-28 09:19:57,2534.0,119941
2021-04-28 09:19:58,2533.95,120233
2021-04-28 09:19:59,2533.95,120244
2021-04-28 09:20:00,2533.95,120433
2021-04-28 09:20:01,2533.0,120510
2021-04-28 09:20:01,2533.0,120526
2021-04-28 09:20:03,2533.15,120533
2021-04-28 09:20:04,2533.15,120550
2021-04-28 09:20:05,2533.8,120606
2021-04-28 09:20:06,2533.8,120643
2021-04-28 09:20:07,2533.8,120731
2021-04-28 09:20:08,2533.8,120731
2021-04-28 09:20:09,2533.3,120752
2021-04-28 09:20:10,2533.95,121213
2021-04-28 09:20:11,2533.2,121364
2021-04-28 09:20:12,2533.8,121367
2021-04-28 09:20:13,2533.3,121377
2021-04-28 09:20:14,2533.2,121390
2021-04-28 09:20:14,2533.2,121390
2021-04-28 09:20:15,2534.0,122058
2021-04-28 09:20:16,2533.2,122232
2021-04-28 09:20:18,2534.0,122369
2021-04-28 09:20:19,2534.0,122514
2021-04-28 09:20:20,2534.0,122514
2021-04-28 09:20:21,2533.25,122988
2021-04-28 09:20:22,2533.8,123402
2021-04-28 09:20:23,2533.45,123659
2021-04-28 09:20:24,2533.45,123701
2021-04-28 09:20:25,2533.6,123741
2021-04-28 09:20:26,2533.6,123770
2021-04-28 09:20:27,2534.0,124033
2021-04-28 09:20:28,2533.6,124289
2021-04-28 09:20:29,2534.0,124439
2021-04-28 09:20:30,2533.6,124479
2021-04-28 09:20:31,2534.0,124904
2021-04-28 09:20:32,2534.0,125110
2021-04-28 09:20:33,2534.5,125748
2021-04-28 09:20:34,2534.65,125977
2021-04-28 09:20:35,2535.8,128733
2021-04-28 09:20:36,2536.9,129211
2021-04-28 09:20:37,2536.65,131008
2021-04-28 09:20:38,2536.5,132086
2021-04-28 09:20:39,2538.5,133888
2021-04-28 09:20:40,2540.0,135756
2021-04-28 09:20:41,2540.0,137405
2021-04-28 09:20:42,2540.2,138359
2021-04-28 09:20:43,2538.9,138667
2021-04-28 09:20:44,2539.9,139433
2021-04-28 09:20:44,2538.6,139436
2021-04-28 09:20:45,2538.85,140022
2021-04-28 09:20:46,2538.9,140120
2021-04-28 09:20:48,2540.4,140409
2021-04-28 09:20:49,2539.15,140565
2021-04-28 09:20:50,2540.6,141393
2021-04-28 09:20:51,2537.55,144338
2021-04-28 09:20:52,2538.85,144480
2021-04-28 09:20:53,2539.1,145433
2021-04-28 09:20:55,2539.15,146032
2021-04-28 09:20:57,2540.0,147095
2021-04-28 09:20:58,2539.3,147328
2021-04-28 09:20:59,2539.4,147428
2021-04-28 09:21:01,2539.8,147804
2021-04-28 09:21:02,2541.0,148587
2021-04-28 09:21:03,2540.0,148923
2021-04-28 09:21:04,2541.15,149158
2021-04-28 09:21:05,2541.0,149450
2021-04-28 09:21:06,2542.0,149831
2021-04-28 09:21:07,2540.65,150109
2021-04-28 09:21:08,2540.8,150525
2021-04-28 09:21:09,2541.75,151129
2021-04-28 09:21:10,2541.75,151458
2021-04-28 09:21:11,2541.1,151752
2021-04-28 09:21:12,2541.75,151898
2021-04-28 09:21:13,2541.45,152083
2021-04-28 09:21:14,2541.35,152496
2021-04-28 09:21:15,2542.0,152806
2021-04-28 09:21:16,2542.0,153870
2021-04-28 09:21:17,2542.9,154676
2021-04-28 09:21:18,2542.0,154909
2021-04-28 09:21:19,2542.95,155235
2021-04-28 09:21:20,2541.35,155869
2021-04-28 09:21:21,2541.4,156163
2021-04-28 09:21:22,2541.85,156728
2021-04-28 09:21:23,2541.85,157360
2021-04-28 09:21:24,2543.1,157592
2021-04-28 09:21:25,2543.2,157700
2021-04-28 09:21:26,2541.6,158440
2021-04-28 09:21:27,2543.1,159023
2021-04-28 09:21:28,2542.0,159484
2021-04-28 09:21:29,2542.3,160086
2021-04-28 09:21:30,2542.0,160476
2021-04-28 09:21:31,2541.15,160868
2021-04-28 09:21:32,2542.0,161276
2021-04-28 09:21:33,2541.15,161775
2021-04-28 09:21:34,2541.6,162036
2021-04-28 09:21:35,2539.45,164889
2021-04-28 09:21:36,2540.6,165017
2021-04-28 09:21:37,2540.6,165652
2021-04-28 09:21:38,2540.65,166368
2021-04-28 09:21:39,2540.6,166376
2021-04-28 09:21:40,2540.85,166484
2021-04-28 09:21:41,2539.95,166617
2021-04-28 09:21:42,2540.0,166646
2021-04-28 09:21:43,2540.1,166866
2021-04-28 09:21:44,2541.4,167291
2021-04-28 09:21:45,2541.45,167462
2021-04-28 09:21:46,2541.4,168186
2021-04-28 09:21:47,2541.1,168469
2021-04-28 09:21:48,2542.4,169521
2021-04-28 09:21:50,2542.15,170280
2021-04-28 09:21:49,2542.4,170218
2021-04-28 09:21:51,2542.15,170502
2021-04-28 09:21:52,2542.4,170507
2021-04-28 09:21:53,2542.3,170914
2021-04-28 09:21:54,2541.55,171756
2021-04-28 09:21:55,2542.0,171969
2021-04-28 09:21:56,2541.3,171996
2021-04-28 09:21:57,2542.0,172661
2021-04-28 09:21:58,2541.75,172689
2021-04-28 09:21:59,2542.0,173026
2021-04-28 09:22:00,2542.0,173078
2021-04-28 09:22:01,2541.4,174558
2021-04-28 09:22:02,2541.2,175239
2021-04-28 09:22:03,2542.6,175830
2021-04-28 09:22:04,2541.6,176358
2021-04-28 09:22:05,2541.45,176471
2021-04-28 09:22:06,2541.45,176730
2021-04-28 09:22:07,2541.1,177281
2021-04-28 09:22:08,2542.05,177636
2021-04-28 09:22:09,2542.45,178282
2021-04-28 09:22:10,2541.9,178476
2021-04-28 09:22:11,2542.05,178843
2021-04-28 09:22:12,2542.05,178970
2021-04-28 09:22:13,2541.55,179676
2021-04-28 09:22:14,2542.0,180244
2021-04-28 09:22:15,2541.95,181074
2021-04-28 09:22:16,2541.95,181250
2021-04-28 09:22:17,2541.95,181394
2021-04-28 09:22:18,2541.95,181411
2021-04-28 09:22:19,2543.0,182433
2021-04-28 09:22:20,2541.8,182892
2021-04-28 09:22:21,2541.9,182964
2021-04-28 09:22:22,2541.95,183044
2021-04-28 09:22:24,2541.95,183279
2021-04-28 09:22:23,2542.0,183223
2021-04-28 09:22:25,2542.15,183608
2021-04-28 09:22:26,2542.0,184541
2021-04-28 09:22:28,2541.4,184779
2021-04-28 09:22:29,2541.6,184822
2021-04-28 09:22:30,2541.6,184846
2021-04-28 09:22:31,2541.6,184864
2021-04-28 09:22:33,2541.45,184931
2021-04-28 09:22:34,2541.25,185089
2021-04-28 09:22:35,2540.6,185584
2021-04-28 09:22:36,2541.25,185758
2021-04-28 09:22:37,2540.95,187219
2021-04-28 09:22:38,2541.0,188090
2021-04-28 09:22:39,2540.05,188447
2021-04-28 09:22:40,2540.2,188486
2021-04-28 09:22:41,2541.0,188788
2021-04-28 09:22:42,2540.3,189371
2021-04-28 09:22:43,2540.35,189674
2021-04-28 09:22:44,2540.95,189675
2021-04-28 09:22:45,2540.95,190052
2021-04-28 09:22:46,2540.95,190108
2021-04-28 09:22:47,2542.95,197205
2021-04-28 09:22:48,2543.3,199397
2021-04-28 09:22:49,2543.25,199639
2021-04-28 09:22:50,2543.1,200117
2021-04-28 09:22:51,2541.0,200832
2021-04-28 09:22:52,2540.95,201204
2021-04-28 09:22:53,2540.55,201359
2021-04-28 09:22:54,2540.6,201550
2021-04-28 09:22:55,2541.9,201686
2021-04-28 09:22:56,2541.8,202041
2021-04-28 09:22:57,2541.8,202041
2021-04-28 09:22:58,2541.45,202744
2021-04-28 09:22:59,2540.05,202746
2021-04-28 09:23:00,2540.0,203070
2021-04-28 09:23:01,2540.6,203275
2021-04-28 09:23:02,2541.3,203634
2021-04-28 09:23:03,2541.4,203756
2021-04-28 09:23:04,2540.15,203766
2021-04-28 09:23:05,2540.15,203819
2021-04-28 09:23:06,2541.3,203847
2021-04-28 09:23:07,2541.3,203890
2021-04-28 09:23:08,2540.15,203975
2021-04-28 09:23:09,2541.3,204085
2021-04-28 09:23:10,2541.3,205137
2021-04-28 09:23:11,2540.25,205143
2021-04-28 09:23:12,2540.15,205298
2021-04-28 09:23:13,2541.0,206396
2021-04-28 09:23:14,2541.0,206447
2021-04-28 09:23:15,2541.0,206534
2021-04-28 09:23:16,2540.25,206560
2021-04-28 09:23:17,2540.9,206585
2021-04-28 09:23:18,2540.9,206587
2021-04-28 09:23:20,2540.15,206724
2021-04-28 09:23:21,2540.15,206834
2021-04-28 09:23:22,2540.0,208074
2021-04-28 09:23:23,2540.15,208096
2021-04-28 09:23:24,2540.2,208494
2021-04-28 09:23:25,2540.2,208511
2021-04-28 09:23:26,2539.75,208536
2021-04-28 09:23:27,2539.35,208887
2021-04-28 09:23:28,2539.35,208897
2021-04-28 09:23:30,2539.3,208934
2021-04-28 09:23:31,2540.55,209929
2021-04-28 09:23:32,2540.15,209986
2021-04-28 09:23:33,2539.35,210001
2021-04-28 09:23:35,2540.15,210213
2021-04-28 09:23:37,2540.15,210230
2021-04-28 09:23:38,2539.35,210293
2021-04-28 09:23:39,2539.25,210451
2021-04-28 09:23:40,2540.0,210453
2021-04-28 09:23:41,2540.0,210870
2021-04-28 09:23:42,2540.0,211052
2021-04-28 09:23:43,2540.0,211057
2021-04-28 09:23:44,2539.6,211133
2021-04-28 09:23:45,2540.85,212208
2021-04-28 09:23:46,2539.9,212213
2021-04-28 09:23:47,2539.9,212213
2021-04-28 09:23:48,2540.05,213206
2021-04-28 09:23:49,2540.05,213206
2021-04-28 09:23:50,2540.85,213208
2021-04-28 09:23:51,2541.25,213849
2021-04-28 09:23:52,2541.3,214177
2021-04-28 09:23:53,2540.85,214274
2021-04-28 09:23:54,2540.75,214345
2021-04-28 09:23:55,2540.85,214390
2021-04-28 09:23:56,2540.85,214390
2021-04-28 09:23:58,2540.75,215085
2021-04-28 09:23:59,2540.85,215558
2021-04-28 09:24:00,2540.65,215698
2021-04-28 09:24:01,2540.8,215895
2021-04-28 09:24:03,2540.85,216508
2021-04-28 09:24:04,2540.85,216612
2021-04-28 09:24:05,2540.15,216622
2021-04-28 09:24:05,2540.15,216622
2021-04-28 09:24:06,2540.15,216627
2021-04-28 09:24:07,2540.15,216678
2021-04-28 09:24:08,2540.8,216679
2021-04-28 09:24:09,2540.8,216770
2021-04-28 09:24:10,2540.65,216878
2021-04-28 09:24:11,2540.0,216990
2021-04-28 09:24:13,2539.85,216997
2021-04-28 09:24:14,2540.0,217000
2021-04-28 09:24:15,2538.8,218590
2021-04-28 09:24:16,2539.45,218600
2021-04-28 09:24:17,2539.9,219213
2021-04-28 09:24:19,2539.85,219723
2021-04-28 09:24:19,2539.85,219723
2021-04-28 09:24:20,2539.85,220026
2021-04-28 09:24:21,2539.85,220053
2021-04-28 09:24:22,2539.05,220691
2021-04-28 09:24:23,2540.6,221459
2021-04-28 09:24:24,2539.3,221701
2021-04-28 09:24:25,2540.0,221982
2021-04-28 09:24:26,2540.0,222163
2021-04-28 09:24:27,2540.0,222191
2021-04-28 09:24:28,2539.1,222481
2021-04-28 09:24:29,2539.95,222731
2021-04-28 09:24:30,2539.2,223208
2021-04-28 09:24:31,2538.8,223272
2021-04-28 09:24:32,2539.0,223332
2021-04-28 09:24:33,2539.85,223414
2021-04-28 09:24:34,2539.85,223419
2021-04-28 09:24:35,2540.0,224564
2021-04-28 09:24:36,2540.0,224687
2021-04-28 09:24:38,2539.25,225506
2021-04-28 09:24:38,2539.25,225506
2021-04-28 09:24:39,2540.0,226134
2021-04-28 09:24:40,2539.9,226346
2021-04-28 09:24:41,2539.85,226409
2021-04-28 09:24:42,2539.5,226913
2021-04-28 09:24:43,2539.8,226967
2021-04-28 09:24:44,2538.6,227117
2021-04-28 09:24:45,2539.8,227120
2021-04-28 09:24:46,2539.65,227655
2021-04-28 09:24:48,2539.65,227668
2021-04-28 09:24:49,2539.65,227668
2021-04-28 09:24:50,2539.05,227671
2021-04-28 09:24:51,2538.6,227785
2021-04-28 09:24:52,2539.0,227809
2021-04-28 09:24:53,2539.0,227838
2021-04-28 09:24:54,2538.6,227935
2021-04-28 09:24:55,2538.6,227992
2021-04-28 09:24:57,2538.6,228042
2021-04-28 09:24:58,2539.0,228172
2021-04-28 09:24:58,2539.0,228172
2021-04-28 09:24:59,2538.6,228227
2021-04-28 09:25:00,2538.6,228227
2021-04-28 09:25:01,2538.6,228227
2021-04-28 09:25:02,2539.0,228229
2021-04-28 09:25:03,2538.6,228247
2021-04-28 09:25:04,2538.6,228247
2021-04-28 09:25:05,2538.6,228348
2021-04-28 09:25:06,2538.6,228354
2021-04-28 09:25:07,2538.6,228394
2021-04-28 09:25:08,2538.6,231988
2021-04-28 09:25:09,2536.95,232139
2021-04-28 09:25:10,2536.9,232357
2021-04-28 09:25:11,2538.0,232412
2021-04-28 09:25:12,2536.0,232533
2021-04-28 09:25:13,2536.0,232533
2021-04-28 09:25:14,2537.0,232840
2021-04-28 09:25:15,2536.55,232854
2021-04-28 09:25:16,2536.55,232879
2021-04-28 09:25:17,2536.3,233066
2021-04-28 09:25:18,2537.0,233237
2021-04-28 09:25:19,2536.0,233238
2021-04-28 09:25:20,2535.8,233259
2021-04-28 09:25:21,2536.2,233309
2021-04-28 09:25:22,2536.2,233753
2021-04-28 09:25:24,2536.1,233914
2021-04-28 09:25:25,2536.1,233914
2021-04-28 09:25:25,2536.1,233914
2021-04-28 09:25:26,2536.2,233987
2021-04-28 09:25:27,2536.2,234136
2021-04-28 09:25:28,2536.1,234358
2021-04-28 09:25:29,2536.1,234361
2021-04-28 09:25:30,2537.0,234365
2021-04-28 09:25:31,2537.0,234377
2021-04-28 09:25:32,2536.1,234421
2021-04-28 09:25:33,2536.2,234495
2021-04-28 09:25:34,2536.2,234618
2021-04-28 09:25:35,2536.1,234879
2021-04-28 09:25:36,2536.1,234950
2021-04-28 09:25:37,2536.1,234964
2021-04-28 09:25:38,2536.2,234998
2021-04-28 09:25:39,2536.1,235051
2021-04-28 09:25:40,2536.1,235075
2021-04-28 09:25:41,2536.2,235363
2021-04-28 09:25:42,2536.9,235552
2021-04-28 09:25:44,2537.45,237559
2021-04-28 09:25:45,2537.55,238177
2021-04-28 09:25:45,2537.55,238324
2021-04-28 09:25:46,2537.75,238663
2021-04-28 09:25:47,2537.8,238760
2021-04-28 09:25:48,2538.85,239060
2021-04-28 09:25:49,2538.0,239085
2021-04-28 09:25:50,2537.75,239096
2021-04-28 09:25:51,2537.7,239126
2021-04-28 09:25:52,2538.65,239435
2021-04-28 09:25:53,2537.75,239442
2021-04-28 09:25:54,2538.65,239491
2021-04-28 09:25:55,2537.8,239744
2021-04-28 09:25:56,2538.0,239892
2021-04-28 09:25:57,2538.0,239952
2021-04-28 09:25:58,2538.65,239955
2021-04-28 09:25:59,2537.5,240155
2021-04-28 09:26:00,2537.5,240155
2021-04-28 09:26:01,2537.35,240196
2021-04-28 09:26:02,2538.0,240199
2021-04-28 09:26:03,2538.0,240199
2021-04-28 09:26:05,2537.5,240235
2021-04-28 09:26:06,2537.55,240364
2021-04-28 09:26:09,2537.5,240549
2021-04-28 09:26:10,2538.0,240640
2021-04-28 09:26:11,2538.0,240646
2021-04-28 09:26:12,2537.5,240677
2021-04-28 09:26:12,2537.5,240677
2021-04-28 09:26:13,2537.5,240677
2021-04-28 09:26:14,2537.5,240779
2021-04-28 09:26:15,2537.5,240810
2021-04-28 09:26:16,2537.5,240873
2021-04-28 09:26:17,2537.5,241935
2021-04-28 09:26:18,2536.4,242508
2021-04-28 09:26:19,2537.0,242903
2021-04-28 09:26:20,2537.0,242903
2021-04-28 09:26:21,2536.1,242943
2021-04-28 09:26:22,2536.0,243025
2021-04-28 09:26:23,2536.0,243075
2021-04-28 09:26:26,2537.15,243131
2021-04-28 09:26:27,2537.15,243131
2021-04-28 09:26:28,2535.75,243256
2021-04-28 09:26:29,2536.6,243308
2021-04-28 09:26:29,2535.75,243376
2021-04-28 09:26:30,2536.6,243378
2021-04-28 09:26:31,2536.6,243429
2021-04-28 09:26:32,2535.7,243518
2021-04-28 09:26:33,2536.0,243520
2021-04-28 09:26:34,2536.0,243524
2021-04-28 09:26:35,2535.5,243527
2021-04-28 09:26:36,2535.5,243528
2021-04-28 09:26:37,2535.7,243688
2021-04-28 09:26:38,2535.7,243697
2021-04-28 09:26:39,2535.05,243705
2021-04-28 09:26:40,2535.0,245498
2021-04-28 09:26:41,2534.5,245538
2021-04-28 09:26:42,2534.5,245692
2021-04-28 09:26:43,2535.6,245843
2021-04-28 09:26:44,2535.55,245853
2021-04-28 09:26:45,2534.95,245917
2021-04-28 09:26:46,2534.95,245971
2021-04-28 09:26:47,2534.95,245971
2021-04-28 09:26:48,2534.95,246193
2021-04-28 09:26:49,2534.95,246301
2021-04-28 09:26:51,2534.5,246365
2021-04-28 09:26:52,2534.5,246365
2021-04-28 09:26:53,2534.5,246365
2021-04-28 09:26:54,2534.95,246424
2021-04-28 09:26:55,2534.5,246479
2021-04-28 09:26:56,2534.95,246510
2021-04-28 09:26:56,2534.95,246510
2021-04-28 09:26:57,2534.95,246532
2021-04-28 09:26:58,2534.95,246536
2021-04-28 09:26:59,2534.55,246556
2021-04-28 09:27:01,2534.55,246566
2021-04-28 09:27:02,2536.0,246979
2021-04-28 09:27:03,2535.0,246980
2021-04-28 09:27:04,2535.0,246980
2021-04-28 09:27:05,2534.75,247273
2021-04-28 09:27:06,2535.95,247277
2021-04-28 09:27:08,2534.95,247432
2021-04-28 09:27:09,2534.9,247504
2021-04-28 09:27:10,2535.55,247585
2021-04-28 09:27:11,2535.55,247585
2021-04-28 09:27:12,2535.55,247600
2021-04-28 09:27:13,2535.55,247600
2021-04-28 09:27:13,2535.55,247600
2021-04-28 09:27:14,2535.9,247981
2021-04-28 09:27:15,2534.95,247992
2021-04-28 09:27:17,2535.55,247993
2021-04-28 09:27:18,2535.95,248027
2021-04-28 09:27:19,2535.55,248058
2021-04-28 09:27:20,2535.55,248089
2021-04-28 09:27:21,2535.55,248155
2021-04-28 09:27:21,2535.55,248155
2021-04-28 09:27:22,2535.95,248179
2021-04-28 09:27:23,2535.95,248179
2021-04-28 09:27:24,2537.1,249378
2021-04-28 09:27:26,2537.1,249830
2021-04-28 09:27:27,2538.85,250141
2021-04-28 09:27:27,2538.85,250141
2021-04-28 09:27:28,2537.7,250177
2021-04-28 09:27:29,2537.65,250211
2021-04-28 09:27:31,2537.75,250217
2021-04-28 09:27:32,2538.25,250591
2021-04-28 09:27:33,2538.3,250641
2021-04-28 09:27:34,2539.0,250798
2021-04-28 09:27:35,2537.15,251497
2021-04-28 09:27:37,2538.2,251803
2021-04-28 09:27:38,2538.0,251811
2021-04-28 09:27:38,2538.0,251811
2021-04-28 09:27:39,2537.1,251824
2021-04-28 09:27:40,2537.95,251924
2021-04-28 09:27:42,2537.75,252509
2021-04-28 09:27:43,2538.3,252758
2021-04-28 09:27:44,2538.3,252758
2021-04-28 09:27:45,2537.05,253475
2021-04-28 09:27:45,2537.05,253475
2021-04-28 09:27:46,2537.75,253480
2021-04-28 09:27:47,2537.75,253480
2021-04-28 09:27:48,2537.75,253480
2021-04-28 09:27:49,2537.05,253531
2021-04-28 09:27:50,2537.75,253538
2021-04-28 09:27:51,2537.75,253568
2021-04-28 09:27:52,2538.1,253668
2021-04-28 09:27:53,2538.3,253892
2021-04-28 09:27:54,2538.0,253900
2021-04-28 09:27:56,2537.25,253926
2021-04-28 09:27:57,2537.25,253926
2021-04-28 09:27:58,2538.0,253934
2021-04-28 09:27:59,2538.0,253939
2021-04-28 09:28:00,2537.25,253949
2021-04-28 09:28:01,2537.25,253953
2021-04-28 09:28:02,2538.0,254257
2021-04-28 09:28:03,2538.0,254257
2021-04-28 09:28:04,2538.0,254557
2021-04-28 09:28:05,2538.0,254557
2021-04-28 09:28:06,2537.75,254559
2021-04-28 09:28:06,2537.75,254559
2021-04-28 09:28:07,2538.0,254835
2021-04-28 09:28:08,2537.25,254845
2021-04-28 09:28:09,2538.0,255220
2021-04-28 09:28:11,2538.0,255224
2021-04-28 09:28:12,2537.35,255275
2021-04-28 09:28:13,2537.35,255275
2021-04-28 09:28:14,2538.0,255276
2021-04-28 09:28:15,2538.0,255285
2021-04-28 09:28:16,2538.15,255641
2021-04-28 09:28:17,2537.75,255644
2021-04-28 09:28:17,2537.75,255644
2021-04-28 09:28:18,2538.0,255659
2021-04-28 09:28:19,2538.7,255759
2021-04-28 09:28:21,2538.7,255759
2021-04-28 09:28:22,2538.75,256061
2021-04-28 09:28:24,2538.65,256091
2021-04-28 09:28:24,2538.65,256091
2021-04-28 09:28:26,2538.6,256115
2021-04-28 09:28:25,2538.6,256092
2021-04-28 09:28:27,2537.75,256164
2021-04-28 09:28:28,2538.75,256464
2021-04-28 09:28:29,2538.75,256464
2021-04-28 09:28:30,2538.75,256466
2021-04-28 09:28:32,2537.75,256480
2021-04-28 09:28:34,2538.75,256514
2021-04-28 09:28:35,2538.8,256814
2021-04-28 09:28:35,2538.8,256814
2021-04-28 09:28:36,2538.0,256825
2021-04-28 09:28:37,2538.6,256837
2021-04-28 09:28:39,2538.0,256840
2021-04-28 09:28:40,2538.0,256845
2021-04-28 09:28:41,2539.0,257260
2021-04-28 09:28:42,2538.0,257315
2021-04-28 09:28:42,2538.0,257315
2021-04-28 09:28:43,2538.7,257360
2021-04-28 09:28:44,2538.7,257360
2021-04-28 09:28:45,2538.7,257360
2021-04-28 09:28:46,2538.7,257393
2021-04-28 09:28:47,2539.8,257803
2021-04-28 09:28:48,2538.7,257829
2021-04-28 09:28:50,2538.95,257838
2021-04-28 09:28:51,2538.95,257838
2021-04-28 09:28:52,2539.75,257858
2021-04-28 09:28:53,2539.75,257858
2021-04-28 09:28:54,2539.9,258175
2021-04-28 09:28:55,2539.0,258187
2021-04-28 09:28:56,2539.0,258190
2021-04-28 09:28:58,2539.9,258210
2021-04-28 09:28:59,2539.85,258216
2021-04-28 09:29:00,2540.0,258516
2021-04-28 09:29:01,2540.0,258516
2021-04-28 09:29:02,2539.95,258618
2021-04-28 09:29:02,2539.95,258618
2021-04-28 09:29:03,2539.95,258634
2021-04-28 09:29:04,2539.95,258636
2021-04-28 09:29:05,2539.95,258637
2021-04-28 09:29:07,2539.95,258942
2021-04-28 09:29:08,2539.95,258942
2021-04-28 09:29:09,2539.95,258952
2021-04-28 09:29:10,2539.95,258975
2021-04-28 09:29:11,2539.95,258975
2021-04-28 09:29:11,2539.95,258977
2021-04-28 09:29:12,2540.0,259287
2021-04-28 09:29:13,2539.2,259322
2021-04-28 09:29:14,2539.95,259359
2021-04-28 09:29:15,2539.95,259429
2021-04-28 09:29:16,2539.95,259429
2021-04-28 09:29:18,2540.0,259564
2021-04-28 09:29:19,2540.0,259564
2021-04-28 09:29:20,2540.65,260379
2021-04-28 09:29:21,2540.85,260399
2021-04-28 09:29:22,2540.0,260445
2021-04-28 09:29:23,2541.7,265780
2021-04-28 09:29:24,2543.05,265937
2021-04-28 09:29:25,2541.7,266523
2021-04-28 09:29:26,2542.9,266835
2021-04-28 09:29:27,2542.85,266849
2021-04-28 09:29:28,2542.85,266869
2021-04-28 09:29:29,2541.5,267072
2021-04-28 09:29:31,2543.0,267129
2021-04-28 09:29:32,2543.0,267208
2021-04-28 09:29:33,2543.05,267213
2021-04-28 09:29:34,2543.3,267245
2021-04-28 09:29:35,2544.0,267556
2021-04-28 09:29:36,2543.4,267590
2021-04-28 09:29:38,2544.0,267966
2021-04-28 09:29:39,2543.35,268004
2021-04-28 09:29:40,2544.0,268067
2021-04-28 09:29:41,2543.4,268079
2021-04-28 09:29:42,2544.0,268081
2021-04-28 09:29:43,2543.6,268167
2021-04-28 09:29:44,2543.0,268551
2021-04-28 09:29:45,2544.0,268644
2021-04-28 09:29:46,2543.95,268650
2021-04-28 09:29:47,2543.0,268802
2021-04-28 09:29:48,2543.95,268933
2021-04-28 09:29:49,2543.0,269100
2021-04-28 09:29:50,2543.0,269184
2021-04-28 09:29:51,2544.0,269234
2021-04-28 09:29:52,2543.2,269309
2021-04-28 09:29:53,2543.2,269314
2021-04-28 09:29:54,2544.0,269766
2021-04-28 09:29:54,2544.0,269766
2021-04-28 09:29:55,2544.0,269836
2021-04-28 09:29:56,2543.2,270799
2021-04-28 09:29:57,2543.0,270804
2021-04-28 09:29:59,2543.0,270882
2021-04-28 09:29:59,2544.0,270961
2021-04-28 09:30:00,2544.0,271327
2021-04-28 09:30:01,2543.4,271517
2021-04-28 09:30:02,2544.0,271615
2021-04-28 09:30:03,2544.0,271712
2021-04-28 09:30:04,2543.1,271909
2021-04-28 09:30:05,2543.2,273088
2021-04-28 09:30:07,2543.1,273275
2021-04-28 09:30:08,2543.0,274384
2021-04-28 09:30:09,2542.9,274465
2021-04-28 09:30:10,2543.0,274623
2021-04-28 09:30:11,2542.15,274644
2021-04-28 09:30:12,2541.65,274915
2021-04-28 09:30:13,2542.7,274951
2021-04-28 09:30:14,2542.7,275010
2021-04-28 09:30:15,2542.85,275039
2021-04-28 09:30:16,2542.7,275041
2021-04-28 09:30:17,2542.7,275051
2021-04-28 09:30:18,2542.0,275074
2021-04-28 09:30:19,2542.0,275230
2021-04-28 09:30:20,2542.0,275695
2021-04-28 09:30:21,2541.05,275715
2021-04-28 09:30:21,2541.0,275732
2021-04-28 09:30:22,2541.0,275812
2021-04-28 09:30:24,2541.0,275827
2021-04-28 09:30:25,2541.0,275827
2021-04-28 09:30:26,2542.0,275922
2021-04-28 09:30:27,2542.0,275927
2021-04-28 09:30:28,2541.15,275937
2021-04-28 09:30:29,2541.0,275942
2021-04-28 09:30:30,2542.0,275944
2021-04-28 09:30:31,2541.05,275945
2021-04-28 09:30:32,2541.05,275945
2021-04-28 09:30:32,2541.05,275945
2021-04-28 09:30:34,2541.0,275976
2021-04-28 09:30:35,2542.0,276126
2021-04-28 09:30:36,2542.0,276126
2021-04-28 09:30:37,2542.0,276396
2021-04-28 09:30:38,2542.75,276530
2021-04-28 09:30:39,2541.35,276623
2021-04-28 09:30:40,2541.2,276883
2021-04-28 09:30:41,2541.2,276883
2021-04-28 09:30:41,2541.2,276883
2021-04-28 09:30:43,2541.35,276971
2021-04-28 09:30:44,2541.4,277048
2021-04-28 09:30:45,2541.4,277126
2021-04-28 09:30:46,2541.45,277178
2021-04-28 09:30:47,2542.5,277208
2021-04-28 09:30:48,2541.55,277225
2021-04-28 09:30:49,2541.55,277245
2021-04-28 09:30:49,2541.55,277245
2021-04-28 09:30:51,2542.6,277294
2021-04-28 09:30:52,2542.6,277294
2021-04-28 09:30:53,2542.5,277330
2021-04-28 09:30:54,2542.4,277334
2021-04-28 09:30:55,2541.6,277339
2021-04-28 09:30:56,2542.0,277440
2021-04-28 09:30:57,2542.0,277690
2021-04-28 09:30:58,2542.1,278255
2021-04-28 09:30:59,2542.35,278429
2021-04-28 09:31:00,2543.6,278492
2021-04-28 09:31:00,2543.6,278492
2021-04-28 09:31:01,2542.5,278507
2021-04-28 09:31:02,2543.6,278519
2021-04-28 09:31:03,2543.95,278574
2021-04-28 09:31:06,2543.85,278916
2021-04-28 09:31:07,2543.85,278916
2021-04-28 09:31:08,2542.7,278993
2021-04-28 09:31:09,2542.7,279069
2021-04-28 09:31:10,2543.7,279072
2021-04-28 09:31:11,2543.7,279082
2021-04-28 09:31:12,2542.7,279107
2021-04-28 09:31:13,2542.7,279107
2021-04-28 09:31:14,2542.7,279261
2021-04-28 09:31:14,2542.7,279261
2021-04-28 09:31:15,2542.7,279261
2021-04-28 09:31:17,2543.85,279351
2021-04-28 09:31:18,2543.8,279410
2021-04-28 09:31:19,2543.8,279431
2021-04-28 09:31:20,2542.7,279664
2021-04-28 09:31:21,2543.7,279779
2021-04-28 09:31:22,2543.65,279833
2021-04-28 09:31:23,2542.7,279937
2021-04-28 09:31:24,2543.0,279945
2021-04-28 09:31:24,2543.0,279945
2021-04-28 09:31:25,2543.35,280103
2021-04-28 09:31:27,2542.7,280112
2021-04-28 09:31:28,2543.4,281256
2021-04-28 09:31:29,2542.7,281410
2021-04-28 09:31:29,2542.65,281548
2021-04-28 09:31:30,2542.65,281646
2021-04-28 09:31:32,2542.65,281847
2021-04-28 09:31:33,2542.7,281878
2021-04-28 09:31:34,2542.7,281882
2021-04-28 09:31:35,2542.7,281909
2021-04-28 09:31:36,2542.65,281914
2021-04-28 09:31:37,2542.65,281935
2021-04-28 09:31:38,2542.7,281941
2021-04-28 09:31:39,2542.6,282000
2021-04-28 09:31:39,2542.55,281996
2021-04-28 09:31:40,2542.6,282035
2021-04-28 09:31:41,2542.65,282036
2021-04-28 09:31:43,2542.6,282053
2021-04-28 09:31:44,2542.65,282055
2021-04-28 09:31:45,2542.6,282066
2021-04-28 09:31:46,2542.65,282077
2021-04-28 09:31:47,2542.65,282077
2021-04-28 09:31:48,2542.65,282191
2021-04-28 09:31:49,2542.65,282211
2021-04-28 09:31:50,2542.65,282228
2021-04-28 09:31:52,2543.75,283440
2021-04-28 09:31:52,2542.8,283529
2021-04-28 09:31:53,2543.0,283530
2021-04-28 09:31:55,2542.7,283562
2021-04-28 09:31:56,2543.5,283564
2021-04-28 09:31:57,2543.5,283564
2021-04-28 09:31:58,2543.0,283650
2021-04-28 09:31:59,2543.0,283666
2021-04-28 09:32:00,2543.1,283708
2021-04-28 09:32:01,2542.65,283718
2021-04-28 09:32:02,2543.0,283739
2021-04-28 09:32:03,2543.0,283742
2021-04-28 09:32:04,2542.75,283881
2021-04-28 09:32:04,2542.75,283881
2021-04-28 09:32:05,2542.7,283992
2021-04-28 09:32:07,2542.7,283995
2021-04-28 09:32:08,2542.7,283995
2021-04-28 09:32:09,2542.65,284059
2021-04-28 09:32:10,2543.0,284063
2021-04-28 09:32:11,2543.0,284073
2021-04-28 09:32:12,2542.65,284170
2021-04-28 09:32:13,2542.65,284170
2021-04-28 09:32:14,2543.4,284172
2021-04-28 09:32:15,2543.4,284172
2021-04-28 09:32:16,2542.65,284189
2021-04-28 09:32:17,2543.0,284384
2021-04-28 09:32:18,2542.65,284468
2021-04-28 09:32:19,2543.0,284495
2021-04-28 09:32:20,2543.0,284657
2021-04-28 09:32:21,2543.0,284658
2021-04-28 09:32:22,2543.0,284661
2021-04-28 09:32:23,2543.0,284685
2021-04-28 09:32:24,2543.0,284685
2021-04-28 09:32:25,2542.8,284785
2021-04-28 09:32:26,2543.0,284788
2021-04-28 09:32:27,2543.4,284989
2021-04-28 09:32:28,2542.8,285019
2021-04-28 09:32:29,2543.0,285069
2021-04-28 09:32:30,2543.4,285073
2021-04-28 09:32:32,2543.4,285113
2021-04-28 09:32:33,2543.0,285128
2021-04-28 09:32:34,2543.2,285553
2021-04-28 09:32:35,2542.8,286739
2021-04-28 09:32:37,2543.2,287291
2021-04-28 09:32:38,2542.8,287293
2021-04-28 09:32:39,2542.4,287469
2021-04-28 09:32:40,2542.4,287470
2021-04-28 09:32:41,2543.0,287489
2021-04-28 09:32:42,2543.0,287492
2021-04-28 09:32:43,2542.35,287693
2021-04-28 09:32:44,2542.35,287693
2021-04-28 09:32:45,2542.35,287844
2021-04-28 09:32:46,2542.4,287847
2021-04-28 09:32:47,2542.35,287857
2021-04-28 09:32:48,2542.35,287973
2021-04-28 09:32:49,2542.35,287983
2021-04-28 09:32:50,2541.55,288144
2021-04-28 09:32:51,2541.55,288144
2021-04-28 09:32:52,2542.4,288207
2021-04-28 09:32:53,2542.4,288226
2021-04-28 09:32:54,2542.65,288228
2021-04-28 09:32:55,2542.4,288248
2021-04-28 09:32:56,2542.4,288262
2021-04-28 09:32:57,2542.65,288273
2021-04-28 09:32:58,2542.65,288278
2021-04-28 09:32:59,2542.4,288470
2021-04-28 09:33:00,2542.4,288470
2021-04-28 09:33:01,2542.4,288470
2021-04-28 09:33:02,2542.4,288472
2021-04-28 09:33:03,2541.6,288505
2021-04-28 09:33:04,2541.7,288530
2021-04-28 09:33:05,2541.65,288560
2021-04-28 09:33:06,2542.0,288577
2021-04-28 09:33:07,2542.0,288577
2021-04-28 09:33:08,2542.5,289606
2021-04-28 09:33:09,2543.5,289857
2021-04-28 09:33:10,2542.75,290075
2021-04-28 09:33:11,2543.85,290275
2021-04-28 09:33:12,2543.85,290275
2021-04-28 09:33:13,2543.85,290275
2021-04-28 09:33:14,2543.0,290279
2021-04-28 09:33:15,2543.0,290279
2021-04-28 09:33:16,2543.0,290279
2021-04-28 09:33:17,2543.0,290279
2021-04-28 09:33:18,2543.0,290282
2021-04-28 09:33:19,2543.0,290282
2021-04-28 09:33:20,2542.8,290285
2021-04-28 09:33:21,2542.8,290285
2021-04-28 09:33:22,2544.0,291170
2021-04-28 09:33:24,2542.85,291295
2021-04-28 09:33:25,2543.95,291330
2021-04-28 09:33:26,2544.8,292630
2021-04-28 09:33:27,2545.0,293481
2021-04-28 09:33:28,2544.0,293493
2021-04-28 09:33:29,2544.0,293719
2021-04-28 09:33:30,2544.7,293772
2021-04-28 09:33:33,2544.15,293795
2021-04-28 09:33:34,2545.0,293915
2021-04-28 09:33:35,2545.0,293915
2021-04-28 09:33:36,2545.0,293915
2021-04-28 09:33:38,2544.8,294030
2021-04-28 09:33:37,2544.25,294026
2021-04-28 09:33:39,2544.8,294049
2021-04-28 09:33:40,2544.95,294052
2021-04-28 09:33:41,2544.4,294195
2021-04-28 09:33:42,2544.1,294321
2021-04-28 09:33:43,2544.8,294345
2021-04-28 09:33:44,2544.8,294423
2021-04-28 09:33:45,2544.8,294455
2021-04-28 09:33:47,2544.8,294541
2021-04-28 09:33:46,2544.05,294534
2021-04-28 09:33:48,2544.8,294541
2021-04-28 09:33:49,2544.8,294541
2021-04-28 09:33:50,2544.8,294553
2021-04-28 09:33:51,2544.8,294617
2021-04-28 09:33:52,2544.8,294617
2021-04-28 09:33:53,2544.95,294620
2021-04-28 09:33:54,2544.95,294623
2021-04-28 09:33:55,2544.4,294643
2021-04-28 09:33:56,2544.1,294653
2021-04-28 09:33:57,2544.05,294656
2021-04-28 09:33:58,2544.4,294659
2021-04-28 09:33:59,2544.4,294669
2021-04-28 09:34:00,2544.4,294710
2021-04-28 09:34:01,2544.05,294822
2021-04-28 09:34:02,2544.4,294825
2021-04-28 09:34:03,2544.35,294835
2021-04-28 09:34:04,2544.4,294866
2021-04-28 09:34:05,2544.4,294866
2021-04-28 09:34:06,2544.05,294879
2021-04-28 09:34:07,2544.4,294922
2021-04-28 09:34:08,2544.4,294922
2021-04-28 09:34:09,2544.4,294929
2021-04-28 09:34:11,2544.4,294934
2021-04-28 09:34:12,2544.05,295021
2021-04-28 09:34:13,2544.05,295031
2021-04-28 09:34:14,2544.1,295053
2021-04-28 09:34:15,2544.05,295054
2021-04-28 09:34:16,2544.05,295054
2021-04-28 09:34:17,2544.05,295054
2021-04-28 09:34:18,2544.1,295129
2021-04-28 09:34:19,2544.1,295129
2021-04-28 09:34:20,2544.05,295256
2021-04-28 09:34:21,2544.4,295431
2021-04-28 09:34:22,2544.4,295435
2021-04-28 09:34:23,2544.95,295517
2021-04-28 09:34:24,2544.95,295517
2021-04-28 09:34:26,2544.8,295622
2021-04-28 09:34:26,2544.05,295619
2021-04-28 09:34:27,2544.8,295622
2021-04-28 09:34:28,2544.15,295818
2021-04-28 09:34:29,2544.15,295818
2021-04-28 09:34:30,2544.2,295840
2021-04-28 09:34:31,2544.5,295980
2021-04-28 09:34:32,2544.5,295980
2021-04-28 09:34:33,2544.2,296070
2021-04-28 09:34:36,2544.2,296806
2021-04-28 09:34:36,2544.2,296806
2021-04-28 09:34:37,2544.2,296806
2021-04-28 09:34:38,2544.1,296957
2021-04-28 09:34:39,2544.1,296983
2021-04-28 09:34:40,2544.2,297634
2021-04-28 09:34:41,2544.0,297644
2021-04-28 09:34:42,2544.0,297672
2021-04-28 09:34:43,2544.1,297682
2021-04-28 09:34:45,2544.1,297692
2021-04-28 09:34:45,2544.1,297692
2021-04-28 09:34:46,2544.1,297795
2021-04-28 09:34:47,2544.1,297843
2021-04-28 09:34:48,2544.1,297897
2021-04-28 09:34:49,2544.0,298027
2021-04-28 09:34:50,2544.0,298031
2021-04-28 09:34:51,2544.1,298446
2021-04-28 09:34:52,2544.0,298519
2021-04-28 09:34:54,2544.0,298609
2021-04-28 09:34:55,2543.8,298621
2021-04-28 09:34:56,2543.8,298621
2021-04-28 09:34:57,2543.8,298647
2021-04-28 09:34:58,2543.6,298666
2021-04-28 09:34:59,2544.0,298667
2021-04-28 09:35:00,2544.0,298667
2021-04-28 09:35:01,2543.55,298705
2021-04-28 09:35:02,2544.0,298707
2021-04-28 09:35:04,2544.0,298757
2021-04-28 09:35:04,2544.0,298757
2021-04-28 09:35:05,2543.55,298796
2021-04-28 09:35:06,2544.0,298799
2021-04-28 09:35:07,2543.55,298874
2021-04-28 09:35:08,2544.0,298877
2021-04-28 09:35:09,2544.0,298877
2021-04-28 09:35:10,2543.55,298931
2021-04-28 09:35:11,2543.15,299076
2021-04-28 09:35:13,2543.15,299076
2021-04-28 09:35:13,2543.15,299076
2021-04-28 09:35:14,2543.5,299081
2021-04-28 09:35:15,2543.15,299215
2021-04-28 09:35:16,2542.95,299622
2021-04-28 09:35:17,2542.95,299624
2021-04-28 09:35:18,2543.35,299626
2021-04-28 09:35:19,2543.0,299647
2021-04-28 09:35:20,2543.0,299647
2021-04-28 09:35:22,2543.4,299674
2021-04-28 09:35:22,2543.4,299674
2021-04-28 09:35:23,2543.45,299716
2021-04-28 09:35:24,2542.8,299799
2021-04-28 09:35:25,2542.8,299802
2021-04-28 09:35:26,2543.0,299883
2021-04-28 09:35:27,2543.0,299883
2021-04-28 09:35:28,2543.0,299883
2021-04-28 09:35:29,2542.4,300029
2021-04-28 09:35:31,2542.85,300326
2021-04-28 09:35:33,2541.7,300527
2021-04-28 09:35:33,2541.7,300527
2021-04-28 09:35:35,2542.0,300531
2021-04-28 09:35:36,2542.0,300552
2021-04-28 09:35:37,2542.0,300552
2021-04-28 09:35:38,2542.55,300865
2021-04-28 09:35:39,2542.85,300916
2021-04-28 09:35:40,2541.65,300940
2021-04-28 09:35:42,2541.7,300942
2021-04-28 09:35:42,2541.7,300942
2021-04-28 09:35:43,2541.55,300979
2021-04-28 09:35:45,2542.0,301116
2021-04-28 09:35:46,2541.4,301206
2021-04-28 09:35:47,2541.4,301206
2021-04-28 09:35:48,2541.4,301206
2021-04-28 09:35:49,2541.7,301213
2021-04-28 09:35:50,2541.7,301222
2021-04-28 09:35:51,2541.7,301224
2021-04-28 09:35:52,2541.7,301224
2021-04-28 09:35:54,2541.7,301229
2021-04-28 09:35:54,2541.3,301230
2021-04-28 09:35:55,2541.9,301430
2021-04-28 09:35:56,2541.45,301432
2021-04-28 09:35:57,2541.7,301561
2021-04-28 09:35:58,2540.55,307604
2021-04-28 09:35:59,2539.75,307815
2021-04-28 09:36:00,2539.4,308244
2021-04-28 09:36:01,2539.4,308246
2021-04-28 09:36:02,2539.2,308273
2021-04-28 09:36:03,2539.2,308273
2021-04-28 09:36:05,2539.0,308500
2021-04-28 09:36:05,2539.0,308500
2021-04-28 09:36:06,2539.4,308612
2021-04-28 09:36:07,2539.0,308742
2021-04-28 09:36:08,2539.0,308742
2021-04-28 09:36:09,2538.6,308844
2021-04-28 09:36:10,2539.0,309128
2021-04-28 09:36:11,2538.65,309198
2021-04-28 09:36:12,2538.7,309221
2021-04-28 09:36:14,2541.0,309272
2021-04-28 09:36:14,2541.7,309668
2021-04-28 09:36:15,2541.5,309670
2021-04-28 09:36:18,2540.65,309698
2021-04-28 09:36:19,2540.95,309771
2021-04-28 09:36:20,2540.15,309781
2021-04-28 09:36:21,2540.25,309782
2021-04-28 09:36:22,2540.2,309786
2021-04-28 09:36:24,2541.0,310060
2021-04-28 09:36:24,2541.0,310060
2021-04-28 09:36:25,2540.95,310069
2021-04-28 09:36:27,2541.5,310102
2021-04-28 09:36:28,2541.95,310143
2021-04-28 09:36:29,2542.0,310192
2021-04-28 09:36:30,2542.0,310194
2021-04-28 09:36:31,2540.9,310444
2021-04-28 09:36:33,2540.95,310476
2021-04-28 09:36:34,2541.65,310494
2021-04-28 09:36:35,2541.65,310494
2021-04-28 09:36:36,2540.9,310496
2021-04-28 09:36:37,2540.9,310541
2021-04-28 09:36:38,2539.4,315582
2021-04-28 09:36:38,2539.4,315582
2021-04-28 09:36:39,2540.5,315596
2021-04-28 09:36:40,2540.0,315639
2021-04-28 09:36:41,2540.25,316558
2021-04-28 09:36:43,2540.6,316872
2021-04-28 09:36:44,2539.55,316875
2021-04-28 09:36:45,2540.55,316895
2021-04-28 09:36:46,2540.55,316898
2021-04-28 09:36:47,2540.55,316898
2021-04-28 09:36:48,2539.9,316899
2021-04-28 09:36:49,2539.9,316964
2021-04-28 09:36:50,2540.55,316968
2021-04-28 09:36:51,2540.55,316969
2021-04-28 09:36:54,2540.55,317121
2021-04-28 09:36:54,2540.55,317121
2021-04-28 09:36:55,2539.85,317125
2021-04-28 09:36:56,2540.0,317350
2021-04-28 09:36:57,2540.55,317401
2021-04-28 09:36:59,2541.75,317936
2021-04-28 09:37:00,2540.15,318021
2021-04-28 09:37:02,2540.15,318021
2021-04-28 09:37:03,2541.2,318023
2021-04-28 09:37:04,2540.35,318033
2021-04-28 09:37:05,2540.35,318033
2021-04-28 09:37:06,2541.3,318187
2021-04-28 09:37:07,2541.35,318190
2021-04-28 09:37:08,2540.35,318235
2021-04-28 09:37:09,2541.95,318277
2021-04-28 09:37:10,2542.0,318280
2021-04-28 09:37:10,2542.0,318280
2021-04-28 09:37:11,2541.0,318283
2021-04-28 09:37:12,2540.95,318869
2021-04-28 09:37:13,2541.05,318879
2021-04-28 09:37:14,2541.0,318937
2021-04-28 09:37:15,2541.05,318938
2021-04-28 09:37:16,2541.9,318948
2021-04-28 09:37:17,2541.9,318948
2021-04-28 09:37:18,2541.85,318953
2021-04-28 09:37:19,2541.85,318953
2021-04-28 09:37:20,2541.0,318956
2021-04-28 09:37:21,2541.0,319022
2021-04-28 09:37:23,2541.8,319034
2021-04-28 09:37:26,2541.9,319186
2021-04-28 09:37:27,2541.1,320210
2021-04-28 09:37:28,2542.0,320213
2021-04-28 09:37:28,2542.0,320213
2021-04-28 09:37:29,2541.2,320358
2021-04-28 09:37:30,2542.0,320367
2021-04-28 09:37:31,2542.85,320667
2021-04-28 09:37:32,2542.0,320668
2021-04-28 09:37:33,2543.75,321308
2021-04-28 09:37:34,2543.8,321314
2021-04-28 09:37:35,2542.8,321345
2021-04-28 09:37:37,2543.75,321380
2021-04-28 09:37:38,2543.7,321383
2021-04-28 09:37:38,2543.7,321383
2021-04-28 09:37:39,2543.7,321383
2021-04-28 09:37:40,2542.8,321433
2021-04-28 09:37:41,2542.8,321433
2021-04-28 09:37:43,2543.7,321435
2021-04-28 09:37:43,2543.7,321435
2021-04-28 09:37:44,2542.8,321471
2021-04-28 09:37:45,2542.8,321471
2021-04-28 09:37:46,2542.8,321497
2021-04-28 09:37:47,2542.8,321706
2021-04-28 09:37:48,2542.8,321706
2021-04-28 09:37:50,2543.3,321715
2021-04-28 09:37:51,2543.3,321716
2021-04-28 09:37:52,2543.0,321723
2021-04-28 09:37:53,2543.0,321723
2021-04-28 09:37:54,2542.8,321742
2021-04-28 09:37:55,2542.8,321742
2021-04-28 09:37:56,2542.8,321742
2021-04-28 09:37:57,2542.8,321747
2021-04-28 09:37:58,2541.8,323427
2021-04-28 09:37:59,2542.85,323435
2021-04-28 09:38:00,2542.85,323812
2021-04-28 09:38:01,2541.5,323827
2021-04-28 09:38:02,2541.8,323830
2021-04-28 09:38:03,2541.5,323849
2021-04-28 09:38:04,2541.5,323850
2021-04-28 09:38:05,2541.2,324350
2021-04-28 09:38:06,2541.8,324352
2021-04-28 09:38:08,2541.8,324352
2021-04-28 09:38:09,2541.8,324362
2021-04-28 09:38:10,2541.8,324416
2021-04-28 09:38:11,2541.8,324416
2021-04-28 09:38:12,2541.05,324884
2021-04-28 09:38:13,2541.05,324884
2021-04-28 09:38:14,2541.5,324886
2021-04-28 09:38:15,2541.0,324902
2021-04-28 09:38:16,2541.0,324902
2021-04-28 09:38:16,2541.0,324902
2021-04-28 09:38:17,2541.0,324902
2021-04-28 09:38:18,2541.5,324908
2021-04-28 09:38:20,2541.6,325078
2021-04-28 09:38:21,2541.75,325080
2021-04-28 09:38:22,2541.7,325293
2021-04-28 09:38:23,2541.7,325293
2021-04-28 09:38:25,2541.5,325649
2021-04-28 09:38:26,2541.75,325733
2021-04-28 09:38:27,2540.9,325917
2021-04-28 09:38:28,2540.55,325919
2021-04-28 09:38:29,2541.65,326019
2021-04-28 09:38:30,2541.5,326031
2021-04-28 09:38:32,2540.65,326033
2021-04-28 09:38:34,2541.5,326037
2021-04-28 09:38:35,2541.5,326042
2021-04-28 09:38:35,2540.65,326053
2021-04-28 09:38:37,2540.65,326053
2021-04-28 09:38:38,2541.5,326055
2021-04-28 09:38:39,2541.5,326055
2021-04-28 09:38:40,2541.5,326060
2021-04-28 09:38:40,2540.65,326076
2021-04-28 09:38:42,2541.45,326088
2021-04-28 09:38:43,2540.65,326098
2021-04-28 09:38:44,2540.65,326098
2021-04-28 09:38:44,2540.65,326098
2021-04-28 09:38:45,2540.65,326098
2021-04-28 09:38:46,2541.25,326231
2021-04-28 09:38:47,2541.25,326231
2021-04-28 09:38:49,2540.15,327023
2021-04-28 09:38:50,2540.65,327186
2021-04-28 09:38:51,2540.0,327390
2021-04-28 09:38:52,2540.15,327465
2021-04-28 09:38:53,2540.15,327465
2021-04-28 09:38:54,2539.65,327592
2021-04-28 09:38:55,2539.05,327992
2021-04-28 09:38:56,2539.05,327992
2021-04-28 09:38:57,2539.05,328013
2021-04-28 09:38:58,2539.65,328018
2021-04-28 09:38:59,2539.65,328018
2021-04-28 09:39:00,2539.65,328018
2021-04-28 09:39:01,2539.65,328018
2021-04-28 09:39:03,2539.05,328025
2021-04-28 09:39:04,2539.05,328025
2021-04-28 09:39:05,2538.6,328164
2021-04-28 09:39:06,2539.1,328209
2021-04-28 09:39:07,2539.05,328272
2021-04-28 09:39:08,2538.4,328307
2021-04-28 09:39:09,2538.4,328307
2021-04-28 09:39:10,2539.05,328315
2021-04-28 09:39:11,2538.6,328343
2021-04-28 09:39:12,2538.4,328363
2021-04-28 09:39:13,2538.4,328373
2021-04-28 09:39:13,2538.4,328380
2021-04-28 09:39:14,2538.6,328384
2021-04-28 09:39:15,2538.6,328507
2021-04-28 09:39:17,2538.4,328557
2021-04-28 09:39:18,2538.4,328630
2021-04-28 09:39:19,2538.4,328630
2021-04-28 09:39:20,2538.4,328630
2021-04-28 09:39:21,2538.6,328631
2021-04-28 09:39:23,2537.5,329347
2021-04-28 09:39:24,2538.5,329372
2021-04-28 09:39:25,2537.8,329582
2021-04-28 09:39:26,2537.5,330048
2021-04-28 09:39:27,2538.4,330248
2021-04-28 09:39:28,2538.4,330248
2021-04-28 09:39:29,2538.4,330248
2021-04-28 09:39:29,2538.4,330248
2021-04-28 09:39:30,2538.4,330252
2021-04-28 09:39:31,2538.0,330253
2021-04-28 09:39:32,2538.85,330453
2021-04-28 09:39:34,2538.0,330566
2021-04-28 09:39:35,2538.95,330669
2021-04-28 09:39:36,2537.75,330769
2021-04-28 09:39:37,2537.7,330780
2021-04-28 09:39:39,2537.7,330808
2021-04-28 09:39:40,2537.7,330808
2021-04-28 09:39:41,2537.7,330809
2021-04-28 09:39:42,2538.55,332114
2021-04-28 09:39:43,2537.3,332118
2021-04-28 09:39:44,2537.35,332141
2021-04-28 09:39:45,2538.3,332166
2021-04-28 09:39:46,2538.5,332191
2021-04-28 09:39:46,2538.5,332191
2021-04-28 09:39:48,2537.4,332310
2021-04-28 09:39:49,2537.4,332310
2021-04-28 09:39:50,2537.7,332312
2021-04-28 09:39:51,2537.7,332312
2021-04-28 09:39:52,2537.4,332362
2021-04-28 09:39:54,2537.7,332473
2021-04-28 09:39:56,2537.45,332485
2021-04-28 09:39:57,2537.7,332986
2021-04-28 09:39:58,2537.7,332989
2021-04-28 09:39:59,2537.15,332999
2021-04-28 09:40:00,2537.15,332999
2021-04-28 09:40:01,2537.5,333099
2021-04-28 09:40:02,2537.65,333104
2021-04-28 09:40:03,2537.15,333125
2021-04-28 09:40:04,2537.65,333126
2021-04-28 09:40:05,2537.65,333126
2021-04-28 09:40:05,2537.65,333126
2021-04-28 09:40:06,2537.15,333129
2021-04-28 09:40:07,2537.15,333129
2021-04-28 09:40:08,2537.15,333129
2021-04-28 09:40:09,2537.1,333139
2021-04-28 09:40:10,2537.15,333288
2021-04-28 09:40:11,2537.4,333293
2021-04-28 09:40:12,2537.4,333293
2021-04-28 09:40:13,2537.65,333591
2021-04-28 09:40:14,2537.65,333614
2021-04-28 09:40:15,2537.65,333614
2021-04-28 09:40:17,2537.15,333664
2021-04-28 09:40:18,2537.4,333720
2021-04-28 09:40:19,2537.15,333750
2021-04-28 09:40:22,2537.4,333820
2021-04-28 09:40:22,2537.15,333815
2021-04-28 09:40:23,2537.15,333831
2021-04-28 09:40:25,2537.45,334145
2021-04-28 09:40:26,2538.0,334166
2021-04-28 09:40:27,2537.2,334466
2021-04-28 09:40:28,2537.2,334466
2021-04-28 09:40:29,2537.4,334498
2021-04-28 09:40:30,2538.0,334500
2021-04-28 09:40:31,2537.2,334502
2021-04-28 09:40:32,2537.2,334502
2021-04-28 09:40:33,2537.2,334502
2021-04-28 09:40:34,2537.45,334528
2021-04-28 09:40:35,2538.1,334849
2021-04-28 09:40:36,2538.1,334849
2021-04-28 09:40:37,2538.1,334849
2021-04-28 09:40:38,2538.7,334851
2021-04-28 09:40:39,2540.0,335852
2021-04-28 09:40:40,2538.7,335894
2021-04-28 09:40:41,2538.7,335915
2021-04-28 09:40:42,2539.45,335918
2021-04-28 09:40:44,2539.45,335918
2021-04-28 09:40:45,2538.7,335947
2021-04-28 09:40:46,2538.7,336026
2021-04-28 09:40:46,2538.7,336030
2021-04-28 09:40:47,2538.9,336250
2021-04-28 09:40:48,2539.15,336299
2021-04-28 09:40:51,2539.0,336313
2021-04-28 09:40:52,2538.35,336365
2021-04-28 09:40:53,2538.35,336398
2021-04-28 09:40:54,2539.0,336410
2021-04-28 09:40:56,2538.35,337425
2021-04-28 09:40:57,2538.35,337425
2021-04-28 09:40:58,2539.05,337732
2021-04-28 09:40:59,2539.05,337732
2021-04-28 09:41:00,2538.35,337804
2021-04-28 09:41:01,2538.5,337822
2021-04-28 09:41:02,2538.5,337824
2021-04-28 09:41:03,2538.6,337924
2021-04-28 09:41:03,2538.6,337924
2021-04-28 09:41:04,2538.6,337924
2021-04-28 09:41:06,2538.6,337924
2021-04-28 09:41:06,2538.65,337978
2021-04-28 09:41:07,2538.0,338029
2021-04-28 09:41:09,2538.0,338057
2021-04-28 09:41:10,2538.0,338077
2021-04-28 09:41:11,2538.0,338084
2021-04-28 09:41:12,2538.95,338134
2021-04-28 09:41:14,2538.65,338137
2021-04-28 09:41:15,2538.65,338287
2021-04-28 09:41:15,2538.65,338287
2021-04-28 09:41:17,2538.65,338287
2021-04-28 09:41:18,2538.05,338418
2021-04-28 09:41:19,2538.65,338420
2021-04-28 09:41:20,2538.65,338440
2021-04-28 09:41:21,2538.65,338440
2021-04-28 09:41:22,2538.65,338444
2021-04-28 09:41:23,2539.3,338594
2021-04-28 09:41:24,2538.05,339574
2021-04-28 09:41:25,2538.05,339577
2021-04-28 09:41:26,2538.0,339606
2021-04-28 09:41:27,2538.65,339661
2021-04-28 09:41:28,2538.65,339671
2021-04-28 09:41:30,2538.65,339674
2021-04-28 09:41:31,2538.2,339684
2021-04-28 09:41:32,2538.2,339684
2021-04-28 09:41:33,2538.2,339684
2021-04-28 09:41:34,2538.65,339707
2021-04-28 09:41:34,2538.65,339707
2021-04-28 09:41:35,2537.6,443000
2021-04-28 09:41:36,2538.0,443020
2021-04-28 09:41:37,2538.35,443045
2021-04-28 09:41:39,2538.45,443059
2021-04-28 09:41:40,2537.25,443159
2021-04-28 09:41:41,2537.25,443159
2021-04-28 09:41:42,2538.45,443164
2021-04-28 09:41:43,2538.15,443313
2021-04-28 09:41:44,2539.45,443315
2021-04-28 09:41:45,2538.4,443318
2021-04-28 09:41:46,2539.45,443322
2021-04-28 09:41:47,2539.95,443683
2021-04-28 09:41:48,2540.0,443684
2021-04-28 09:41:48,2540.0,443684
2021-04-28 09:41:49,2540.0,443690
2021-04-28 09:41:51,2540.6,445355
2021-04-28 09:41:52,2540.6,445355
2021-04-28 09:41:53,2540.5,445469
2021-04-28 09:41:54,2541.45,445483
2021-04-28 09:41:55,2540.35,445783
2021-04-28 09:41:56,2541.45,445784
2021-04-28 09:41:57,2540.55,445794
2021-04-28 09:41:58,2541.45,445811
2021-04-28 09:41:58,2541.45,445811
2021-04-28 09:42:01,2541.45,445861
2021-04-28 09:42:02,2540.6,445904
2021-04-28 09:42:03,2541.45,445911
2021-04-28 09:42:04,2541.45,445920
2021-04-28 09:42:05,2540.7,446223
2021-04-28 09:42:05,2540.7,446223
2021-04-28 09:42:06,2540.55,446235
2021-04-28 09:42:08,2540.5,446242
2021-04-28 09:42:09,2541.45,446445
2021-04-28 09:42:10,2541.45,446450
2021-04-28 09:42:11,2542.0,447305
2021-04-28 09:42:12,2542.95,447465
2021-04-28 09:42:13,2542.0,447466
2021-04-28 09:42:14,2543.0,447568
2021-04-28 09:42:15,2542.05,447724
2021-04-28 09:42:16,2543.0,447743
2021-04-28 09:42:16,2543.0,447743
2021-04-28 09:42:17,2542.05,447797
2021-04-28 09:42:19,2542.85,447859
2021-04-28 09:42:20,2542.05,447860
2021-04-28 09:42:22,2542.0,448375
2021-04-28 09:42:23,2542.0,448375
2021-04-28 09:42:24,2542.05,448380
2021-04-28 09:42:25,2542.05,448390
2021-04-28 09:42:26,2542.85,448393
2021-04-28 09:42:27,2542.85,448402
2021-04-28 09:42:28,2542.05,448412
2021-04-28 09:42:29,2542.85,448432
2021-04-28 09:42:29,2542.85,448432
2021-04-28 09:42:31,2542.85,448449
2021-04-28 09:42:32,2543.15,450126
2021-04-28 09:42:33,2543.15,450129
2021-04-28 09:42:34,2543.25,450181
2021-04-28 09:42:35,2545.0,453127
2021-04-28 09:42:36,2545.0,453227
2021-04-28 09:42:37,2545.0,453233
2021-04-28 09:42:38,2545.45,453376
2021-04-28 09:42:39,2545.45,453462
2021-04-28 09:42:40,2545.35,453552
2021-04-28 09:42:41,2545.35,453570
2021-04-28 09:42:42,2545.45,453835
2021-04-28 09:42:43,2545.0,453859
2021-04-28 09:42:43,2545.0,453859
2021-04-28 09:42:45,2545.0,453874
2021-04-28 09:42:46,2545.45,453878
2021-04-28 09:42:47,2545.0,453987
2021-04-28 09:42:48,2545.8,454609
2021-04-28 09:42:49,2546.0,454684
2021-04-28 09:42:50,2545.9,454788
2021-04-28 09:42:51,2545.45,454838
2021-04-28 09:42:52,2545.45,454958
2021-04-28 09:42:53,2545.8,454983
2021-04-28 09:42:54,2546.0,455018
2021-04-28 09:42:55,2545.45,455154
2021-04-28 09:42:55,2546.0,455254
2021-04-28 09:42:57,2545.45,455354
2021-04-28 09:42:58,2545.9,455415
2021-04-28 09:42:59,2545.4,455447
2021-04-28 09:43:01,2545.9,455513
2021-04-28 09:43:02,2545.9,455513
2021-04-28 09:43:03,2545.9,455615
2021-04-28 09:43:04,2545.9,455615
2021-04-28 09:43:05,2545.4,455626
2021-04-28 09:43:06,2545.9,455695
2021-04-28 09:43:07,2546.0,455719
2021-04-28 09:43:08,2545.4,455727
2021-04-28 09:43:09,2545.9,455802
2021-04-28 09:43:10,2545.9,455982
2021-04-28 09:43:11,2545.9,455982
2021-04-28 09:43:12,2545.4,455984
2021-04-28 09:43:13,2546.0,455988
2021-04-28 09:43:14,2546.0,455988
2021-04-28 09:43:15,2545.9,455994
2021-04-28 09:43:16,2545.9,456069
2021-04-28 09:43:17,2545.4,456119
2021-04-28 09:43:18,2545.4,456181
2021-04-28 09:43:19,2545.4,456183
2021-04-28 09:43:20,2545.9,456307
2021-04-28 09:43:21,2545.9,456307
2021-04-28 09:43:22,2545.85,456621
2021-04-28 09:43:23,2545.4,456788
2021-04-28 09:43:24,2545.4,456790
2021-04-28 09:43:25,2545.95,456803
2021-04-28 09:43:26,2545.85,456807
2021-04-28 09:43:27,2545.95,456817
2021-04-28 09:43:28,2545.95,456817
2021-04-28 09:43:29,2545.4,457168
2021-04-28 09:43:30,2545.4,457168
2021-04-28 09:43:31,2545.4,457201
2021-04-28 09:43:32,2545.4,457209
2021-04-28 09:43:33,2545.4,457289
2021-04-28 09:43:34,2545.4,457303
2021-04-28 09:43:35,2545.4,457303
2021-04-28 09:43:36,2545.9,457474
2021-04-28 09:43:37,2546.0,457503
2021-04-28 09:43:39,2545.85,457619
2021-04-28 09:43:38,2545.85,457509
2021-04-28 09:43:40,2545.15,457647
2021-04-28 09:43:41,2545.5,457697
2021-04-28 09:43:42,2546.0,457799
2021-04-28 09:43:43,2546.0,457849
2021-04-28 09:43:44,2545.9,458096
2021-04-28 09:43:45,2545.9,458096
2021-04-28 09:43:46,2545.85,458101
2021-04-28 09:43:47,2545.85,458101
2021-04-28 09:43:48,2545.05,458476
2021-04-28 09:43:49,2545.95,458480
2021-04-28 09:43:50,2545.9,458497
2021-04-28 09:43:51,2545.9,458517
2021-04-28 09:43:53,2545.05,458549
2021-04-28 09:43:54,2545.55,459102
2021-04-28 09:43:55,2545.05,459125
2021-04-28 09:43:56,2545.05,459125
2021-04-28 09:43:57,2544.6,459625
2021-04-28 09:43:58,2545.05,459646
2021-04-28 09:43:59,2545.05,459646
2021-04-28 09:44:00,2545.0,459662
2021-04-28 09:44:01,2545.0,459662
2021-04-28 09:44:02,2545.0,459720
2021-04-28 09:44:03,2545.05,459781
2021-04-28 09:44:04,2544.35,459831
2021-04-28 09:44:05,2544.35,459831
2021-04-28 09:44:06,2545.0,459844
2021-04-28 09:44:07,2545.0,459846
2021-04-28 09:44:08,2545.0,459860
2021-04-28 09:44:09,2545.0,459890
2021-04-28 09:44:11,2544.3,459934
2021-04-28 09:44:12,2544.3,460010
2021-04-28 09:44:13,2545.0,460031
2021-04-28 09:44:15,2544.3,460078
2021-04-28 09:44:16,2545.0,460128
2021-04-28 09:44:18,2545.0,461435
2021-04-28 09:44:20,2545.0,461435
2021-04-28 09:44:21,2545.0,461435
2021-04-28 09:44:22,2545.0,461439
2021-04-28 09:44:23,2544.35,461530
2021-04-28 09:44:24,2545.0,461550
2021-04-28 09:44:25,2544.45,461610
2021-04-28 09:44:26,2545.0,461613
2021-04-28 09:44:28,2545.0,461640
2021-04-28 09:44:27,2544.45,461630
2021-04-28 09:44:29,2545.0,461640
2021-04-28 09:44:30,2545.0,461645
2021-04-28 09:44:31,2545.0,461650
2021-04-28 09:44:32,2544.35,461838
2021-04-28 09:44:33,2544.35,461838
2021-04-28 09:44:34,2544.35,461943
2021-04-28 09:44:35,2544.35,461943
2021-04-28 09:44:36,2544.3,463392
2021-04-28 09:44:37,2542.4,464070
2021-04-28 09:44:38,2543.0,464087
2021-04-28 09:44:39,2542.3,465122
2021-04-28 09:44:40,2542.3,465122
2021-04-28 09:44:41,2542.3,465122
2021-04-28 09:44:42,2542.05,465230
2021-04-28 09:44:43,2543.25,465275
2021-04-28 09:44:44,2542.05,465277
2021-04-28 09:44:45,2542.3,465279
2021-04-28 09:44:46,2542.3,465282
2021-04-28 09:44:47,2542.3,465282
2021-04-28 09:44:48,2542.3,465285
2021-04-28 09:44:50,2542.3,465342
2021-04-28 09:44:51,2542.3,465434
2021-04-28 09:44:52,2542.6,465449
2021-04-28 09:44:53,2542.6,465449
2021-04-28 09:44:54,2542.3,465451
2021-04-28 09:44:55,2542.3,465451
2021-04-28 09:44:56,2542.3,465451
2021-04-28 09:44:57,2541.35,465452
2021-04-28 09:44:58,2542.3,465469
2021-04-28 09:44:59,2542.3,465472
2021-04-28 09:45:00,2542.3,465472
2021-04-28 09:45:01,2542.6,465474
2021-04-28 09:45:02,2542.55,465485
2021-04-28 09:45:03,2542.25,465486
2021-04-28 09:45:05,2542.6,465528
2021-04-28 09:45:04,2542.6,465491
2021-04-28 09:45:06,2542.6,465532
2021-04-28 09:45:07,2542.8,465616
2021-04-28 09:45:08,2542.8,465616
2021-04-28 09:45:09,2542.8,465669
2021-04-28 09:45:10,2543.3,465687
2021-04-28 09:45:11,2543.3,465687
2021-04-28 09:45:12,2543.3,465687
2021-04-28 09:45:14,2543.25,465690
2021-04-28 09:45:14,2544.0,465693
2021-04-28 09:45:15,2544.0,465693
2021-04-28 09:45:16,2543.2,465875
2021-04-28 09:45:17,2543.2,465875
2021-04-28 09:45:18,2543.9,465887
2021-04-28 09:45:19,2543.9,465887
2021-04-28 09:45:21,2543.9,465887
2021-04-28 09:45:22,2543.9,466091
2021-04-28 09:45:24,2543.9,466107
2021-04-28 09:45:24,2543.9,466107
2021-04-28 09:45:25,2542.95,466207
2021-04-28 09:45:26,2543.9,466234
2021-04-28 09:45:27,2543.8,466299
2021-04-28 09:45:28,2542.75,466349
2021-04-28 09:45:29,2544.0,466824
2021-04-28 09:45:30,2544.0,466827
2021-04-28 09:45:33,2544.1,466978
2021-04-28 09:45:33,2544.1,466978
2021-04-28 09:45:34,2544.2,466990
2021-04-28 09:45:35,2544.2,466990
2021-04-28 09:45:36,2544.2,466990
2021-04-28 09:45:37,2544.2,466990
2021-04-28 09:45:39,2543.9,466993
2021-04-28 09:45:40,2542.95,466997
2021-04-28 09:45:41,2542.95,466997
2021-04-28 09:45:41,2543.9,466999
2021-04-28 09:45:42,2543.9,467016
2021-04-28 09:45:43,2543.9,467016
2021-04-28 09:45:44,2542.95,467047
2021-04-28 09:45:45,2542.95,467047
2021-04-28 09:45:46,2543.9,467066
2021-04-28 09:45:48,2543.0,467072
2021-04-28 09:45:49,2544.1,467172
2021-04-28 09:45:49,2544.1,467172
2021-04-28 09:45:50,2544.1,467179
2021-04-28 09:45:51,2544.1,467179
2021-04-28 09:45:54,2543.6,467913
2021-04-28 09:45:54,2543.6,467913
2021-04-28 09:45:56,2544.5,468911
2021-04-28 09:45:57,2545.0,469608
2021-04-28 09:45:58,2545.95,471226
2021-04-28 09:46:01,2544.95,471553
2021-04-28 09:46:01,2546.0,471622
2021-04-28 09:46:02,2547.0,472002
2021-04-28 09:46:03,2546.5,472112
2021-04-28 09:46:04,2547.0,472444
2021-04-28 09:46:05,2547.4,472744
2021-04-28 09:46:06,2547.55,472902
2021-04-28 09:46:07,2547.4,472906
2021-04-28 09:46:08,2546.6,473026
2021-04-28 09:46:09,2546.6,473026
2021-04-28 09:46:10,2547.35,473049
2021-04-28 09:46:11,2547.35,473156
2021-04-28 09:46:13,2547.0,473228
2021-04-28 09:46:14,2547.55,473280
2021-04-28 09:46:14,2547.55,473280
2021-04-28 09:46:15,2547.0,473997
2021-04-28 09:46:16,2547.35,474002
2021-04-28 09:46:17,2547.0,474231
2021-04-28 09:46:18,2547.55,474254
2021-04-28 09:46:19,2548.0,474561
2021-04-28 09:46:20,2547.55,474630
2021-04-28 09:46:21,2547.5,474651
2021-04-28 09:46:23,2547.6,474884
2021-04-28 09:46:23,2547.4,474879
2021-04-28 09:46:24,2547.4,475406
2021-04-28 09:46:25,2547.55,475831
2021-04-28 09:46:26,2547.8,475871
2021-04-28 09:46:27,2548.0,475971
2021-04-28 09:46:28,2548.0,476184
2021-04-28 09:46:29,2547.8,476259
2021-04-28 09:46:30,2548.0,476378
2021-04-28 09:46:31,2548.0,476389
2021-04-28 09:46:33,2547.8,476772
2021-04-28 09:46:35,2547.8,478151
2021-04-28 09:46:35,2547.8,478151
2021-04-28 09:46:36,2548.0,478338
2021-04-28 09:46:37,2547.85,478412
2021-04-28 09:46:38,2548.0,478414
2021-04-28 09:46:39,2548.0,478914
2021-04-28 09:46:40,2548.0,478914
2021-04-28 09:46:41,2548.0,478914
2021-04-28 09:46:42,2548.0,478947
2021-04-28 09:46:44,2548.0,478947
2021-04-28 09:46:44,2547.85,478950
2021-04-28 09:46:45,2547.85,478952
2021-04-28 09:46:46,2548.0,479100
2021-04-28 09:46:47,2547.85,479126
2021-04-28 09:46:48,2547.85,479177
2021-04-28 09:46:50,2547.85,479363
2021-04-28 09:46:51,2547.8,479489
2021-04-28 09:46:52,2547.8,479539
2021-04-28 09:46:53,2547.4,479725
2021-04-28 09:46:54,2548.0,479764
2021-04-28 09:46:55,2547.4,479869
2021-04-28 09:46:56,2547.4,479869
2021-04-28 09:46:57,2547.4,479869
2021-04-28 09:46:58,2547.4,479887
2021-04-28 09:46:59,2547.05,480037
2021-04-28 09:47:00,2547.8,480122
2021-04-28 09:47:01,2547.8,480122
2021-04-28 09:47:02,2547.4,480205
2021-04-28 09:47:04,2547.0,481529
2021-04-28 09:47:04,2547.05,481373
2021-04-28 09:47:05,2547.0,481529
2021-04-28 09:47:06,2547.1,481541
2021-04-28 09:47:07,2547.1,481541
2021-04-28 09:47:08,2547.0,481566
2021-04-28 09:47:10,2547.0,481651
2021-04-28 09:47:11,2547.0,481692
2021-04-28 09:47:12,2547.1,481714
2021-04-28 09:47:15,2547.1,481959
2021-04-28 09:47:17,2548.7,482131
2021-04-28 09:47:18,2548.7,482133
2021-04-28 09:47:19,2548.5,482135
2021-04-28 09:47:20,2548.1,482152
2021-04-28 09:47:22,2548.7,482276
2021-04-28 09:47:23,2548.1,482326
2021-04-28 09:47:24,2548.6,482336
2021-04-28 09:47:26,2548.35,482912
2021-04-28 09:47:27,2548.35,482915
2021-04-28 09:47:28,2548.35,482915
2021-04-28 09:47:29,2548.7,483343
2021-04-28 09:47:29,2548.7,483343
2021-04-28 09:47:30,2548.0,483351
2021-04-28 09:47:31,2548.0,483352
2021-04-28 09:47:32,2548.0,483352
2021-04-28 09:47:33,2548.8,483420
2021-04-28 09:47:34,2548.6,483443
2021-04-28 09:47:35,2548.6,483544
2021-04-28 09:47:36,2548.6,483544
2021-04-28 09:47:37,2548.0,483666
2021-04-28 09:47:38,2548.05,483686
2021-04-28 09:47:39,2548.05,483687
2021-04-28 09:47:40,2548.0,483688
2021-04-28 09:47:41,2548.0,483703
2021-04-28 09:47:43,2547.6,483911
2021-04-28 09:47:44,2548.75,484446
2021-04-28 09:47:44,2548.75,484446
2021-04-28 09:47:45,2548.75,484452
2021-04-28 09:47:46,2547.45,484689
2021-04-28 09:47:47,2548.0,484719
2021-04-28 09:47:49,2548.0,484771
2021-04-28 09:47:50,2547.5,484781
2021-04-28 09:47:51,2547.6,485145
2021-04-28 09:47:51,2548.75,485143
2021-04-28 09:47:52,2547.6,485145
2021-04-28 09:47:53,2548.6,485146
2021-04-28 09:47:55,2548.85,485211
2021-04-28 09:47:56,2549.0,485490
2021-04-28 09:47:58,2548.75,485509
2021-04-28 09:47:59,2548.0,485559
2021-04-28 09:48:00,2548.75,485608
2021-04-28 09:48:01,2548.75,485628
2021-04-28 09:48:02,2549.0,485732
2021-04-28 09:48:02,2549.0,485732
2021-04-28 09:48:03,2549.0,485761
2021-04-28 09:48:04,2549.0,485761
2021-04-28 09:48:05,2549.0,485822
2021-04-28 09:48:06,2549.0,485824
2021-04-28 09:48:07,2549.0,485845
2021-04-28 09:48:08,2549.0,485845
2021-04-28 09:48:09,2549.0,485847
2021-04-28 09:48:10,2549.0,485896
2021-04-28 09:48:12,2549.0,486105
2021-04-28 09:48:13,2549.0,487650
2021-04-28 09:48:14,2549.15,487724
2021-04-28 09:48:14,2549.0,487727
2021-04-28 09:48:15,2548.6,487757
2021-04-28 09:48:16,2549.15,487792
2021-04-28 09:48:17,2549.15,487792
2021-04-28 09:48:19,2548.95,487795
2021-04-28 09:48:20,2548.95,487984
2021-04-28 09:48:21,2548.3,488229
2021-04-28 09:48:22,2548.6,488233
2021-04-28 09:48:23,2548.6,488483
2021-04-28 09:48:24,2548.0,488491
2021-04-28 09:48:25,2548.0,488720
2021-04-28 09:48:26,2548.6,488744
2021-04-28 09:48:26,2548.0,489045
2021-04-28 09:48:27,2548.6,489057
2021-04-28 09:48:28,2548.6,489181
2021-04-28 09:48:29,2548.0,489212
2021-04-28 09:48:30,2548.0,497981
2021-04-28 09:48:31,2548.6,500678
2021-04-28 09:48:33,2548.35,500759
2021-04-28 09:48:34,2549.0,501063
2021-04-28 09:48:35,2549.0,501063
2021-04-28 09:48:35,2549.0,501063
2021-04-28 09:48:36,2548.6,501077
2021-04-28 09:48:37,2549.2,501756
2021-04-28 09:48:38,2549.0,501759
2021-04-28 09:48:39,2549.15,501894
2021-04-28 09:48:40,2549.0,501984
2021-04-28 09:48:41,2548.65,501989
2021-04-28 09:48:42,2549.0,502007
2021-04-28 09:48:43,2548.65,502027
2021-04-28 09:48:45,2548.65,503899
2021-04-28 09:48:47,2549.5,503902
2021-04-28 09:48:48,2548.65,504242
2021-04-28 09:48:49,2549.0,504267
2021-04-28 09:48:49,2549.0,504267
2021-04-28 09:48:50,2549.5,504470
2021-04-28 09:48:51,2548.65,504477
2021-04-28 09:48:52,2548.65,504482
2021-04-28 09:48:53,2549.5,504495
2021-04-28 09:48:54,2549.5,504844
2021-04-28 09:48:55,2549.0,504871
2021-04-28 09:48:56,2549.5,504899
2021-04-28 09:48:58,2549.5,505138
2021-04-28 09:48:59,2549.5,505201
2021-04-28 09:49:00,2549.0,505291
2021-04-28 09:49:00,2549.0,505291
2021-04-28 09:49:01,2548.65,505573
2021-04-28 09:49:02,2548.65,505578
2021-04-28 09:49:05,2549.0,505599
2021-04-28 09:49:06,2549.0,505647
2021-04-28 09:49:06,2549.55,505648
2021-04-28 09:49:07,2549.55,505658
2021-04-28 09:49:08,2549.5,505663
2021-04-28 09:49:09,2548.65,505680
2021-04-28 09:49:10,2549.15,505703
2021-04-28 09:49:11,2549.15,505703
2021-04-28 09:49:12,2549.15,505753
2021-04-28 09:49:13,2549.15,505753
2021-04-28 09:49:14,2549.5,505806
2021-04-28 09:49:15,2549.15,505840
2021-04-28 09:49:17,2548.65,506041
2021-04-28 09:49:18,2548.65,506084
2021-04-28 09:49:19,2548.65,506084
2021-04-28 09:49:20,2548.75,506114
2021-04-28 09:49:21,2549.9,508027
2021-04-28 09:49:21,2549.9,508027
2021-04-28 09:49:22,2549.5,508044
2021-04-28 09:49:23,2548.7,508354
2021-04-28 09:49:24,2548.7,508354
2021-04-28 09:49:26,2549.9,508404
2021-04-28 09:49:27,2549.0,508426
2021-04-28 09:49:28,2549.0,508527
2021-04-28 09:49:28,2549.0,508527
2021-04-28 09:49:29,2549.85,508558
2021-04-28 09:49:30,2549.0,508562
2021-04-28 09:49:32,2549.0,508564
2021-04-28 09:49:33,2549.8,508715
2021-04-28 09:49:34,2549.6,508820
2021-04-28 09:49:34,2549.75,508819
2021-04-28 09:49:35,2549.0,508825
2021-04-28 09:49:36,2549.0,508834
2021-04-28 09:49:38,2548.65,508906
2021-04-28 09:49:39,2549.8,509808
2021-04-28 09:49:40,2550.0,510836
2021-04-28 09:49:41,2549.0,510943
2021-04-28 09:49:41,2549.0,510943
2021-04-28 09:49:42,2549.0,510971
2021-04-28 09:49:43,2549.0,511059
2021-04-28 09:49:45,2548.95,511081
2021-04-28 09:49:46,2549.5,511553
2021-04-28 09:49:47,2549.0,511563
2021-04-28 09:49:48,2549.0,511567
2021-04-28 09:49:49,2549.0,511567
2021-04-28 09:49:50,2549.85,511677
2021-04-28 09:49:51,2549.0,511692
2021-04-28 09:49:52,2549.85,511897
2021-04-28 09:49:53,2549.85,511941
2021-04-28 09:49:53,2549.85,511941
2021-04-28 09:49:54,2549.85,511969
2021-04-28 09:49:55,2549.85,511969
2021-04-28 09:49:56,2549.0,511977
2021-04-28 09:49:58,2549.85,511982
2021-04-28 09:49:59,2549.8,511994
2021-04-28 09:50:00,2549.85,512120
2021-04-28 09:50:01,2549.75,512163
2021-04-28 09:50:02,2549.8,512166
2021-04-28 09:50:03,2549.8,512166
2021-04-28 09:50:03,2549.8,512166
2021-04-28 09:50:04,2549.75,512324
2021-04-28 09:50:05,2549.7,512404
2021-04-28 09:50:06,2549.7,512406
2021-04-28 09:50:10,2549.3,513769
2021-04-28 09:50:11,2549.0,513784
2021-04-28 09:50:12,2549.25,513836
2021-04-28 09:50:13,2549.0,513872
2021-04-28 09:50:14,2549.0,513874
2021-04-28 09:50:16,2549.3,514136
2021-04-28 09:50:18,2549.3,514143
2021-04-28 09:50:19,2549.3,514144
2021-04-28 09:50:19,2549.3,514144
2021-04-28 09:50:20,2549.3,514144
2021-04-28 09:50:21,2549.0,514223
2021-04-28 09:50:23,2549.0,514236
2021-04-28 09:50:24,2549.3,514246
2021-04-28 09:50:25,2549.3,514246
2021-04-28 09:50:26,2549.3,514304
2021-04-28 09:50:26,2549.3,514304
2021-04-28 09:50:27,2549.0,514446
2021-04-28 09:50:28,2548.6,514478
2021-04-28 09:50:29,2549.2,514518
2021-04-28 09:50:31,2548.5,514748
2021-04-28 09:50:32,2548.25,514830
2021-04-28 09:50:32,2548.15,514836
2021-04-28 09:50:33,2549.0,514896
2021-04-28 09:50:34,2548.0,515337
2021-04-28 09:50:35,2548.0,515409
2021-04-28 09:50:36,2547.3,515410
2021-04-28 09:50:37,2547.3,515410
2021-04-28 09:50:39,2547.35,515424
2021-04-28 09:50:40,2547.35,515424
2021-04-28 09:50:40,2547.35,515425
2021-04-28 09:50:42,2548.0,515429
2021-04-28 09:50:43,2547.35,515580
2021-04-28 09:50:44,2547.3,515899
2021-04-28 09:50:45,2547.0,516026
2021-04-28 09:50:45,2547.0,516079
2021-04-28 09:50:46,2547.95,516117
2021-04-28 09:50:47,2547.0,516119
2021-04-28 09:50:48,2546.7,516315
2021-04-28 09:50:49,2546.7,516316
2021-04-28 09:50:51,2547.35,516329
2021-04-28 09:50:51,2547.35,516329
2021-04-28 09:50:53,2547.0,516371
2021-04-28 09:50:54,2547.35,516396
2021-04-28 09:50:55,2546.9,516441
2021-04-28 09:50:56,2547.1,516530
2021-04-28 09:50:56,2547.1,516530
2021-04-28 09:50:57,2547.1,516618
2021-04-28 09:50:59,2547.95,516844
2021-04-28 09:51:00,2546.95,516869
2021-04-28 09:51:01,2548.0,517169
2021-04-28 09:51:02,2547.95,517182
2021-04-28 09:51:03,2546.95,517199
2021-04-28 09:51:03,2546.95,517199
2021-04-28 09:51:04,2547.0,517209
2021-04-28 09:51:05,2547.0,517209
2021-04-28 09:51:07,2547.5,517212
2021-04-28 09:51:08,2547.15,517348
2021-04-28 09:51:09,2546.9,517353
2021-04-28 09:51:10,2547.5,517356
2021-04-28 09:51:11,2547.5,517356
2021-04-28 09:51:11,2547.5,517356
2021-04-28 09:51:12,2547.0,517681
2021-04-28 09:51:13,2547.5,517723
2021-04-28 09:51:15,2547.35,517783
2021-04-28 09:51:16,2547.0,517790
2021-04-28 09:51:17,2547.0,518059
2021-04-28 09:51:18,2546.95,518071
2021-04-28 09:51:18,2546.95,518071
2021-04-28 09:51:19,2547.0,518110
2021-04-28 09:51:21,2546.95,518116
2021-04-28 09:51:23,2546.75,518225
2021-04-28 09:51:24,2546.75,518225
2021-04-28 09:51:25,2547.0,519051
2021-04-28 09:51:25,2547.0,519051
2021-04-28 09:51:26,2547.0,519056
2021-04-28 09:51:28,2547.0,519177
2021-04-28 09:51:30,2547.0,519315
2021-04-28 09:51:31,2548.0,519344
2021-04-28 09:51:33,2546.95,519404
2021-04-28 09:51:34,2546.85,519435
2021-04-28 09:51:34,2547.0,519445
2021-04-28 09:51:36,2547.0,519446
2021-04-28 09:51:37,2547.0,519446
2021-04-28 09:51:38,2547.0,519481
2021-04-28 09:51:39,2547.0,519481
2021-04-28 09:51:40,2546.85,519486
2021-04-28 09:51:41,2547.0,519492
2021-04-28 09:51:41,2547.0,519492
2021-04-28 09:51:42,2547.0,519526
2021-04-28 09:51:44,2547.0,519526
2021-04-28 09:51:45,2546.85,519676
2021-04-28 09:51:46,2547.9,519685
2021-04-28 09:51:47,2547.0,519686
2021-04-28 09:51:48,2547.0,519686
2021-04-28 09:51:48,2547.0,519686
2021-04-28 09:51:49,2546.85,519707
2021-04-28 09:51:50,2547.0,519711
2021-04-28 09:51:52,2546.85,519781
2021-04-28 09:51:52,2546.85,519791
2021-04-28 09:51:54,2546.85,519851
2021-04-28 09:51:56,2546.85,519991
2021-04-28 09:51:57,2547.0,519992
2021-04-28 09:51:58,2547.0,519992
2021-04-28 09:51:59,2546.85,520115
2021-04-28 09:52:00,2546.0,521321
2021-04-28 09:52:01,2546.0,521321
2021-04-28 09:52:02,2546.75,521349
2021-04-28 09:52:02,2546.75,521349
2021-04-28 09:52:03,2546.75,521378
2021-04-28 09:52:05,2546.75,521378
2021-04-28 09:52:06,2546.85,521385
2021-04-28 09:52:07,2546.75,521387
2021-04-28 09:52:09,2546.85,521402
2021-04-28 09:52:10,2546.75,522400
2021-04-28 09:52:10,2546.75,522400
2021-04-28 09:52:12,2546.85,522519
2021-04-28 09:52:14,2546.85,522523
2021-04-28 09:52:15,2547.0,523967
2021-04-28 09:52:15,2548.0,524267
2021-04-28 09:52:16,2547.1,524271
2021-04-28 09:52:18,2547.1,524276
2021-04-28 09:52:19,2548.0,524280
2021-04-28 09:52:20,2548.0,524280
2021-04-28 09:52:21,2548.0,524293
2021-04-28 09:52:22,2548.0,524312
2021-04-28 09:52:23,2548.0,524312
2021-04-28 09:52:33,2547.15,524575
2021-04-28 09:52:34,2547.95,524579
2021-04-28 09:52:35,2547.95,524579
2021-04-28 09:52:36,2547.95,524729
2021-04-28 09:52:37,2547.15,524754
2021-04-28 09:52:38,2547.5,524756
2021-04-28 09:52:39,2547.95,524779
2021-04-28 09:52:40,2547.95,524793
2021-04-28 09:52:41,2547.95,524793
2021-04-28 09:52:42,2547.5,524798
2021-04-28 09:52:44,2547.95,524809
2021-04-28 09:52:45,2547.15,525314
2021-04-28 09:52:47,2548.0,525319
2021-04-28 09:52:48,2547.5,525322
2021-04-28 09:52:49,2547.5,525322
2021-04-28 09:52:50,2547.15,525666
2021-04-28 09:52:51,2547.15,525666
2021-04-28 09:52:52,2547.5,525691
2021-04-28 09:52:53,2547.5,525691
2021-04-28 09:52:54,2547.5,525703
2021-04-28 09:52:55,2547.5,525703
2021-04-28 09:52:55,2547.5,525703
2021-04-28 09:52:57,2547.5,525703
2021-04-28 09:52:58,2547.5,525707
2021-04-28 09:52:59,2547.5,525707
2021-04-28 09:53:00,2547.5,525747
2021-04-28 09:53:01,2547.15,525767
2021-04-28 09:53:02,2547.5,525771
2021-04-28 09:53:03,2547.5,525771
2021-04-28 09:53:03,2547.5,525771
2021-04-28 09:53:05,2547.5,525823
2021-04-28 09:53:06,2547.5,525826
2021-04-28 09:53:07,2547.5,526176
2021-04-28 09:53:08,2547.2,526345
2021-04-28 09:53:09,2547.2,526345
2021-04-28 09:53:10,2547.5,526357
2021-04-28 09:53:11,2547.5,526358
2021-04-28 09:53:12,2548.0,526527
2021-04-28 09:53:13,2548.0,526527
2021-04-28 09:53:15,2547.45,526540
2021-04-28 09:53:16,2547.95,526596
2021-04-28 09:53:17,2547.5,526598
2021-04-28 09:53:18,2547.95,526600
2021-04-28 09:53:19,2547.5,526652
2021-04-28 09:53:20,2547.95,526657
2021-04-28 09:53:20,2547.95,526657
2021-04-28 09:53:22,2547.95,526662
2021-04-28 09:53:24,2547.55,526702
2021-04-28 09:53:25,2547.55,526702
2021-04-28 09:53:26,2547.95,526744
2021-04-28 09:53:27,2548.0,527054
2021-04-28 09:53:29,2548.0,527073
2021-04-28 09:53:30,2548.0,527076
2021-04-28 09:53:31,2548.0,527076
2021-04-28 09:53:32,2547.7,527181
2021-04-28 09:53:33,2547.7,527181
2021-04-28 09:53:34,2548.0,527184
2021-04-28 09:53:35,2547.7,527187
2021-04-28 09:53:36,2547.7,527187
2021-04-28 09:53:37,2547.7,527187
2021-04-28 09:53:38,2547.7,527191
2021-04-28 09:53:39,2548.0,527219
2021-04-28 09:53:39,2548.0,527219
2021-04-28 09:53:40,2548.0,527249
2021-04-28 09:53:41,2548.0,527253
2021-04-28 09:53:42,2547.7,527279
2021-04-28 09:53:43,2547.7,527279
2021-04-28 09:53:45,2547.7,527303
2021-04-28 09:53:46,2548.0,527308
2021-04-28 09:53:47,2547.7,527333
2021-04-28 09:53:48,2547.7,527417
2021-04-28 09:53:49,2547.7,527419
2021-04-28 09:53:50,2547.7,527419
2021-04-28 09:53:52,2547.7,527428
2021-04-28 09:53:53,2547.7,527428
2021-04-28 09:53:54,2548.0,527442
2021-04-28 09:53:57,2549.0,528340
2021-04-28 09:53:58,2549.0,528343
2021-04-28 09:53:59,2549.0,528374
2021-04-28 09:54:00,2548.0,528378
2021-04-28 09:54:01,2548.0,528378
2021-04-28 09:54:02,2548.95,528381
2021-04-28 09:54:03,2548.95,528683
2021-04-28 09:54:05,2548.0,528717
2021-04-28 09:54:06,2548.8,528724
2021-04-28 09:54:07,2548.0,528730
2021-04-28 09:54:08,2548.8,528735
2021-04-28 09:54:09,2548.0,528962
2021-04-28 09:54:10,2548.75,528971
2021-04-28 09:54:11,2548.75,528971
2021-04-28 09:54:12,2548.75,528971
2021-04-28 09:54:14,2548.75,529074
2021-04-28 09:54:15,2548.0,529175
2021-04-28 09:54:16,2548.0,529175
2021-04-28 09:54:17,2548.7,529185
2021-04-28 09:54:18,2548.65,529188
2021-04-28 09:54:19,2548.65,529188
2021-04-28 09:54:20,2548.65,529194
2021-04-28 09:54:21,2548.65,529194
2021-04-28 09:54:22,2548.65,529194
2021-04-28 09:54:23,2548.0,529211
2021-04-28 09:54:24,2548.0,529211
2021-04-28 09:54:25,2548.0,529211
2021-04-28 09:54:27,2548.65,529215
2021-04-28 09:54:28,2548.65,529215
2021-04-28 09:54:29,2548.0,529217
2021-04-28 09:54:30,2548.6,529219
2021-04-28 09:54:31,2548.6,529219
2021-04-28 09:54:32,2548.0,529269
2021-04-28 09:54:34,2548.6,529353
2021-04-28 09:54:33,2548.0,529269
2021-04-28 09:54:35,2548.0,529453
2021-04-28 09:54:36,2548.5,529488
2021-04-28 09:54:37,2548.0,529523
2021-04-28 09:54:38,2548.0,529546
2021-04-28 09:54:39,2548.0,529546
2021-04-28 09:54:40,2548.0,529546
2021-04-28 09:54:41,2548.0,529546
2021-04-28 09:54:42,2548.5,529564
2021-04-28 09:54:43,2548.5,529577
2021-04-28 09:54:44,2548.5,529577
2021-04-28 09:54:45,2548.5,529577
2021-04-28 09:54:46,2548.5,529580
2021-04-28 09:54:47,2548.0,529780
2021-04-28 09:54:49,2548.0,529853
2021-04-28 09:54:50,2548.0,529857
2021-04-28 09:54:52,2548.0,530207
2021-04-28 09:54:53,2548.0,530217
2021-04-28 09:54:54,2548.5,530324
2021-04-28 09:54:55,2548.5,530324
2021-04-28 09:54:56,2548.0,530325
2021-04-28 09:54:58,2548.5,530330
2021-04-28 09:54:57,2548.0,530325
2021-04-28 09:54:59,2548.0,531033
2021-04-28 09:55:00,2548.0,531092
2021-04-28 09:55:02,2547.9,531549
2021-04-28 09:55:03,2547.75,531681
2021-04-28 09:55:04,2547.75,531681
2021-04-28 09:55:05,2547.75,531681
2021-04-28 09:55:06,2548.0,531700
2021-04-28 09:55:07,2548.0,531700
2021-04-28 09:55:08,2548.0,531700
2021-04-28 09:55:09,2547.85,531725
2021-04-28 09:55:10,2547.95,531732
2021-04-28 09:55:11,2547.75,531780
2021-04-28 09:55:12,2547.75,531780
2021-04-28 09:55:13,2547.75,531785
2021-04-28 09:55:14,2547.85,531926
2021-04-28 09:55:15,2547.7,531937
2021-04-28 09:55:16,2547.7,531953
2021-04-28 09:55:17,2547.6,532092
2021-04-28 09:55:18,2547.75,532094
2021-04-28 09:55:19,2547.6,532104
2021-04-28 09:55:20,2547.75,532134
2021-04-28 09:55:21,2547.75,532134
2021-04-28 09:55:22,2547.75,532138
2021-04-28 09:55:23,2547.75,532138
2021-04-28 09:55:24,2547.75,532144
2021-04-28 09:55:25,2547.6,532149
2021-04-28 09:55:26,2547.6,532255
2021-04-28 09:55:27,2547.5,532296
2021-04-28 09:55:28,2547.55,532306
2021-04-28 09:55:29,2547.55,532307
2021-04-28 09:55:30,2547.55,532311
2021-04-28 09:55:31,2547.15,532315
2021-04-28 09:55:32,2547.15,532315
2021-04-28 09:55:33,2547.15,532408
2021-04-28 09:55:34,2547.15,533629
2021-04-28 09:55:35,2547.15,533659
2021-04-28 09:55:37,2547.15,533876
2021-04-28 09:55:38,2547.45,533879
2021-04-28 09:55:39,2547.15,533888
2021-04-28 09:55:40,2547.15,533889
2021-04-28 09:55:41,2547.15,533891
2021-04-28 09:55:42,2547.15,533905
2021-04-28 09:55:43,2547.15,533905
2021-04-28 09:55:44,2547.15,533969
2021-04-28 09:55:45,2547.0,533971
2021-04-28 09:55:46,2547.05,533985
2021-04-28 09:55:47,2547.05,533985
2021-04-28 09:55:48,2547.05,533985
2021-04-28 09:55:49,2547.0,534018
2021-04-28 09:55:50,2547.0,534020
2021-04-28 09:55:51,2547.0,534020
2021-04-28 09:55:52,2546.8,534080
2021-04-28 09:55:53,2546.8,534080
2021-04-28 09:55:55,2547.0,534083
2021-04-28 09:55:55,2547.0,534083
2021-04-28 09:55:56,2547.0,534083
2021-04-28 09:55:57,2546.7,534760
2021-04-28 09:55:58,2547.85,535063
2021-04-28 09:55:59,2546.6,535090
2021-04-28 09:56:00,2546.6,535090
2021-04-28 09:56:01,2546.6,535100
2021-04-28 09:56:02,2547.0,535117
2021-04-28 09:56:04,2546.6,535168
2021-04-28 09:56:05,2546.6,535198
2021-04-28 09:56:05,2546.6,535198
2021-04-28 09:56:07,2546.6,535394
2021-04-28 09:56:08,2546.6,535394
2021-04-28 09:56:09,2546.6,535394
2021-04-28 09:56:10,2546.8,535471
2021-04-28 09:56:10,2546.8,535467
2021-04-28 09:56:11,2546.6,535476
2021-04-28 09:56:12,2546.6,535476
2021-04-28 09:56:13,2546.6,535526
2021-04-28 09:56:14,2546.6,535539
2021-04-28 09:56:15,2546.6,535539
2021-04-28 09:56:17,2546.6,535540
2021-04-28 09:56:19,2546.7,535574
2021-04-28 09:56:19,2546.8,535605
2021-04-28 09:56:20,2546.6,535630
2021-04-28 09:56:21,2546.7,535631
2021-04-28 09:56:22,2546.5,535667
2021-04-28 09:56:24,2546.5,535667
2021-04-28 09:56:25,2546.5,535668
2021-04-28 09:56:26,2546.6,535672
2021-04-28 09:56:27,2546.5,535702
2021-04-28 09:56:28,2546.5,535703
2021-04-28 09:56:29,2546.2,535959
2021-04-28 09:56:31,2546.2,535978
2021-04-28 09:56:32,2546.2,535978
2021-04-28 09:56:33,2546.2,535978
2021-04-28 09:56:33,2546.2,535979
2021-04-28 09:56:34,2546.25,535984
2021-04-28 09:56:35,2546.25,535984
2021-04-28 09:56:36,2546.25,536482
2021-04-28 09:56:38,2546.25,536507
2021-04-28 09:56:39,2546.0,536663
2021-04-28 09:56:40,2546.25,536664
2021-04-28 09:56:41,2546.0,536688
2021-04-28 09:56:42,2546.0,536696
2021-04-28 09:56:44,2546.0,536698
2021-04-28 09:56:44,2546.0,536698
2021-04-28 09:56:46,2546.2,536708
2021-04-28 09:56:46,2546.2,536708
2021-04-28 09:56:47,2546.0,536744
2021-04-28 09:56:49,2546.0,536745
2021-04-28 09:56:50,2546.2,536748
2021-04-28 09:56:52,2546.0,536836
2021-04-28 09:56:53,2545.95,536950
2021-04-28 09:56:55,2546.2,536952
2021-04-28 09:56:55,2546.2,536952
2021-04-28 09:56:56,2546.05,537077
2021-04-28 09:56:57,2546.05,537077
2021-04-28 09:56:58,2546.2,537081
2021-04-28 09:56:59,2546.2,537081
2021-04-28 09:57:00,2546.2,537081
2021-04-28 09:57:02,2546.2,537470
2021-04-28 09:57:03,2546.05,537472
2021-04-28 09:57:04,2546.05,537472
2021-04-28 09:57:05,2546.05,537472
2021-04-28 09:57:06,2546.2,537476
2021-04-28 09:57:07,2546.05,537484
2021-04-28 09:57:09,2546.05,537484
2021-04-28 09:57:09,2546.25,537784
2021-04-28 09:57:10,2546.05,537872
2021-04-28 09:57:11,2546.05,537873
2021-04-28 09:57:12,2546.0,538610
2021-04-28 09:57:13,2545.9,538622
2021-04-28 09:57:14,2545.9,538750
2021-04-28 09:57:16,2545.9,538774
2021-04-28 09:57:17,2545.9,538774
2021-04-28 09:57:17,2545.9,538774
2021-04-28 09:57:18,2546.0,538876
2021-04-28 09:57:19,2546.0,538950
2021-04-28 09:57:20,2546.0,538950
2021-04-28 09:57:21,2545.8,538961
2021-04-28 09:57:22,2546.0,538990
2021-04-28 09:57:23,2545.8,539020
2021-04-28 09:57:25,2545.8,539031
2021-04-28 09:57:27,2545.5,540384
2021-04-28 09:57:27,2545.5,539070
2021-04-28 09:57:28,2545.5,540384
2021-04-28 09:57:29,2545.75,540422
2021-04-28 09:57:30,2544.55,542128
2021-04-28 09:57:31,2543.95,542839
2021-04-28 09:57:32,2543.1,543248
2021-04-28 09:57:33,2543.95,543992
2021-04-28 09:57:34,2542.6,544112
2021-04-28 09:57:36,2542.6,544112
2021-04-28 09:57:37,2541.85,545527
2021-04-28 09:57:37,2542.0,546173
2021-04-28 09:57:38,2541.05,549836
2021-04-28 09:57:39,2540.5,550432
2021-04-28 09:57:40,2540.15,552294
2021-04-28 09:57:41,2539.8,556109
2021-04-28 09:57:42,2539.85,556848
2021-04-28 09:57:43,2539.95,557208
2021-04-28 09:57:44,2540.0,557849
2021-04-28 09:57:45,2540.0,558077
2021-04-28 09:57:47,2540.5,560454
2021-04-28 09:57:48,2540.0,563207
2021-04-28 09:57:48,2540.0,563207
2021-04-28 09:57:49,2540.0,563211
2021-04-28 09:57:50,2540.0,563253
2021-04-28 09:57:51,2540.0,563726
2021-04-28 09:57:52,2540.0,563791
2021-04-28 09:57:53,2540.0,564868
2021-04-28 09:57:54,2540.0,565235
2021-04-28 09:57:56,2540.8,567155
2021-04-28 09:57:56,2540.8,567155
2021-04-28 09:57:57,2539.95,567310
2021-04-28 09:57:58,2540.0,567313
2021-04-28 09:57:59,2540.0,567950
2021-04-28 09:58:00,2540.0,568355
2021-04-28 09:58:01,2540.0,568355
2021-04-28 09:58:02,2539.9,568366
2021-04-28 09:58:03,2539.9,568366
2021-04-28 09:58:06,2539.0,568503
2021-04-28 09:58:07,2539.0,568555
2021-04-28 09:58:07,2539.0,568555
2021-04-28 09:58:08,2538.75,568693
2021-04-28 09:58:09,2538.85,568742
2021-04-28 09:58:10,2538.85,568752
2021-04-28 09:58:11,2539.9,568783
2021-04-28 09:58:13,2539.05,569412
2021-04-28 09:58:14,2538.9,569936
2021-04-28 09:58:15,2538.2,571272
2021-04-28 09:58:16,2537.5,572177
2021-04-28 09:58:17,2539.15,573604
2021-04-28 09:58:18,2539.0,574372
2021-04-28 09:58:19,2538.75,576312
2021-04-28 09:58:20,2539.15,577735
2021-04-28 09:58:20,2538.3,578904
2021-04-28 09:58:21,2537.4,580963
2021-04-28 09:58:23,2537.7,581452
2021-04-28 09:58:24,2538.25,581453
2021-04-28 09:58:25,2538.25,581503
2021-04-28 09:58:26,2538.25,581556
2021-04-28 09:58:27,2539.2,582445
2021-04-28 09:58:28,2539.7,582755
2021-04-28 09:58:30,2539.7,582768
2021-04-28 09:58:31,2539.7,582770
2021-04-28 09:58:32,2539.0,582780
2021-04-28 09:58:33,2538.25,583042
2021-04-28 09:58:34,2539.0,583047
2021-04-28 09:58:35,2538.05,583066
2021-04-28 09:58:36,2538.9,583067
2021-04-28 09:58:37,2538.9,583067
2021-04-28 09:58:38,2538.55,583070
2021-04-28 09:58:39,2538.55,583322
2021-04-28 09:58:40,2538.55,583362
2021-04-28 09:58:41,2538.55,583372
2021-04-28 09:58:42,2538.55,583401
2021-04-28 09:58:43,2538.55,583401
2021-04-28 09:58:44,2538.55,583477
2021-04-28 09:58:45,2539.3,583782
2021-04-28 09:58:46,2538.9,583785
2021-04-28 09:58:47,2538.0,584669
2021-04-28 09:58:48,2537.55,585155
2021-04-28 09:58:50,2537.85,585978
2021-04-28 09:58:51,2537.0,586105
2021-04-28 09:58:52,2537.15,591695
2021-04-28 09:58:53,2536.95,591809
2021-04-28 09:58:53,2536.95,591809
2021-04-28 09:58:54,2536.0,592930
2021-04-28 09:58:55,2535.8,593229
2021-04-28 09:58:56,2537.0,596963
2021-04-28 09:58:58,2537.0,597200
2021-04-28 09:58:59,2537.0,597247
2021-04-28 09:59:01,2536.4,598032
2021-04-28 09:59:02,2536.6,598317
2021-04-28 09:59:03,2536.6,598317
2021-04-28 09:59:05,2535.55,599210
2021-04-28 09:59:06,2536.2,599874
2021-04-28 09:59:07,2536.1,599889
2021-04-28 09:59:08,2535.15,600300
2021-04-28 09:59:08,2535.15,600188
2021-04-28 09:59:09,2535.35,601702
2021-04-28 09:59:10,2534.1,602177
2021-04-28 09:59:11,2534.0,602306
2021-04-28 09:59:12,2534.0,602306
2021-04-28 09:59:13,2534.05,602961
2021-04-28 09:59:14,2533.55,603734
2021-04-28 09:59:15,2533.9,603878
2021-04-28 09:59:17,2534.35,603992
2021-04-28 09:59:18,2536.0,604165
2021-04-28 09:59:18,2536.0,604465
2021-04-28 09:59:19,2535.6,605850
2021-04-28 09:59:20,2536.0,605880
2021-04-28 09:59:21,2536.0,606035
2021-04-28 09:59:23,2535.6,606326
2021-04-28 09:59:24,2535.6,606576
2021-04-28 09:59:25,2535.6,606576
2021-04-28 09:59:26,2536.0,606645
2021-04-28 09:59:28,2536.0,606795
2021-04-28 09:59:29,2535.8,607260
2021-04-28 09:59:31,2535.6,607356
2021-04-28 09:59:32,2536.9,607688
2021-04-28 09:59:33,2536.75,607689
2021-04-28 09:59:34,2536.75,607817
2021-04-28 09:59:34,2536.75,607817
2021-04-28 09:59:35,2536.75,607817
2021-04-28 09:59:36,2536.0,607832
2021-04-28 09:59:37,2536.0,607832
2021-04-28 09:59:39,2537.4,608199
2021-04-28 09:59:40,2537.1,608218
2021-04-28 09:59:41,2538.45,608354
2021-04-28 09:59:41,2538.45,608354
2021-04-28 09:59:42,2538.95,608356
2021-04-28 09:59:43,2538.95,608366
2021-04-28 09:59:45,2539.05,608650
2021-04-28 09:59:47,2539.85,608666
2021-04-28 09:59:48,2539.85,608666
2021-04-28 09:59:49,2539.05,608792
2021-04-28 09:59:50,2539.8,608796
2021-04-28 09:59:50,2539.8,608796
2021-04-28 09:59:52,2539.1,608936
2021-04-28 09:59:54,2540.0,608974
2021-04-28 09:59:55,2540.0,608974
2021-04-28 09:59:56,2540.0,608974
2021-04-28 09:59:57,2539.9,609185
2021-04-28 09:59:58,2539.1,609194
2021-04-28 09:59:59,2539.8,609199
2021-04-28 09:59:59,2539.8,609199
2021-04-28 10:00:00,2539.8,609199
2021-04-28 10:00:01,2539.8,609209
2021-04-28 10:00:02,2540.0,609487
2021-04-28 10:00:03,2540.0,609530
2021-04-28 10:00:04,2540.0,609531
2021-04-28 10:00:05,2540.0,609531
2021-04-28 10:00:06,2542.0,610196
2021-04-28 10:00:08,2542.0,610496
2021-04-28 10:00:09,2542.0,610498
2021-04-28 10:00:09,2542.0,610499
2021-04-28 10:00:10,2541.65,610555
2021-04-28 10:00:11,2541.65,610555
2021-04-28 10:00:12,2541.65,610555
2021-04-28 10:00:14,2543.0,610607
2021-04-28 10:00:15,2543.0,610618
2021-04-28 10:00:17,2542.9,612848
2021-04-28 10:00:19,2542.6,612866
2021-04-28 10:00:20,2542.6,612896
2021-04-28 10:00:20,2542.6,612896
2021-04-28 10:00:21,2541.75,613002
2021-04-28 10:00:23,2541.7,613116
2021-04-28 10:00:23,2542.0,613117
2021-04-28 10:00:24,2542.0,613118
2021-04-28 10:00:25,2542.0,613118
2021-04-28 10:00:26,2542.0,613130
2021-04-28 10:00:27,2541.7,613210
2021-04-28 10:00:30,2542.6,613315
2021-04-28 10:00:31,2542.6,613316
2021-04-28 10:00:32,2542.0,613391
2021-04-28 10:00:33,2542.0,613401
2021-04-28 10:00:33,2542.0,613401
2021-04-28 10:00:34,2542.6,613406
2021-04-28 10:00:35,2542.0,613418
2021-04-28 10:00:36,2542.0,613420
2021-04-28 10:00:37,2542.0,613420
2021-04-28 10:00:39,2542.6,613422
2021-04-28 10:00:40,2542.6,613424
2021-04-28 10:00:41,2542.0,613425
2021-04-28 10:00:42,2542.6,613446
2021-04-28 10:00:43,2542.6,613446
2021-04-28 10:00:44,2542.55,613679
2021-04-28 10:00:45,2542.55,613688
2021-04-28 10:00:45,2542.55,613688
2021-04-28 10:00:46,2542.55,613691
2021-04-28 10:00:47,2542.55,613691
2021-04-28 10:00:48,2542.55,613691
2021-04-28 10:00:49,2542.55,613691
2021-04-28 10:00:50,2542.5,613820
2021-04-28 10:00:51,2542.5,613820
2021-04-28 10:00:52,2542.5,613820
2021-04-28 10:00:55,2543.0,613967
2021-04-28 10:00:56,2543.0,613967
2021-04-28 10:00:57,2543.0,613974
2021-04-28 10:00:58,2542.5,614018
2021-04-28 10:00:59,2542.5,614020
2021-04-28 10:01:00,2543.0,614023
2021-04-28 10:01:01,2543.0,614023
2021-04-28 10:01:03,2542.95,614025
2021-04-28 10:01:05,2543.15,614125
2021-04-28 10:01:06,2542.95,614128
2021-04-28 10:01:06,2542.5,614142
2021-04-28 10:01:07,2542.5,614142
2021-04-28 10:01:08,2542.95,614149
2021-04-28 10:01:09,2542.5,614887
2021-04-28 10:01:10,2542.95,614892
2021-04-28 10:01:12,2542.95,614892
2021-04-28 10:01:13,2542.95,614902
2021-04-28 10:01:14,2542.95,614905
2021-04-28 10:01:15,2542.95,614905
2021-04-28 10:01:15,2542.95,614905
2021-04-28 10:01:16,2542.55,614949
2021-04-28 10:01:19,2542.95,614951
2021-04-28 10:01:20,2542.95,614996
2021-04-28 10:01:21,2542.95,614997
2021-04-28 10:01:21,2542.95,614997
2021-04-28 10:01:22,2542.95,615002
2021-04-28 10:01:23,2542.95,615005
2021-04-28 10:01:25,2543.0,615228
2021-04-28 10:01:26,2543.45,615256
2021-04-28 10:01:27,2543.45,615256
2021-04-28 10:01:28,2543.45,615260
2021-04-28 10:01:28,2543.45,615260
2021-04-28 10:01:30,2543.45,615264
2021-04-28 10:01:31,2542.5,615539
2021-04-28 10:01:32,2542.5,615540
2021-04-28 10:01:33,2542.5,615540
2021-04-28 10:01:35,2542.55,615543
2021-04-28 10:01:35,2542.0,616052
2021-04-28 10:01:36,2542.0,616206
2021-04-28 10:01:38,2542.0,616210
2021-04-28 10:01:39,2542.0,616211
2021-04-28 10:01:40,2541.55,616236
2021-04-28 10:01:40,2541.7,616235
2021-04-28 10:01:41,2541.7,616244
2021-04-28 10:01:42,2541.7,616261
2021-04-28 10:01:43,2540.9,616311
2021-04-28 10:01:44,2541.65,616312
2021-04-28 10:01:45,2540.55,616322
2021-04-28 10:01:46,2541.65,616336
2021-04-28 10:01:47,2540.75,616348
2021-04-28 10:01:48,2540.75,616348
2021-04-28 10:01:50,2541.65,616357
2021-04-28 10:01:52,2540.65,616565
2021-04-28 10:01:53,2540.65,616565
2021-04-28 10:01:54,2541.55,616601
2021-04-28 10:01:55,2541.55,616601
2021-04-28 10:01:56,2540.7,616631
2021-04-28 10:01:57,2540.7,616694
2021-04-28 10:01:58,2540.7,616725
2021-04-28 10:01:59,2540.7,616775
2021-04-28 10:02:01,2540.7,616776
2021-04-28 10:02:02,2541.45,616792
2021-04-28 10:02:03,2541.5,616793
2021-04-28 10:02:04,2540.7,616943
2021-04-28 10:02:05,2541.3,616974
2021-04-28 10:02:06,2540.7,616983
2021-04-28 10:02:06,2540.7,616983
2021-04-28 10:02:07,2540.75,617152
2021-04-28 10:02:08,2540.75,617152
2021-04-28 10:02:09,2540.7,617254
2021-04-28 10:02:11,2541.3,617258
2021-04-28 10:02:12,2540.75,617262
2021-04-28 10:02:13,2540.7,617304
2021-04-28 10:02:14,2541.3,617306
2021-04-28 10:02:15,2540.7,617316
2021-04-28 10:02:17,2540.75,617318
2021-04-28 10:02:19,2540.75,617345
2021-04-28 10:02:20,2540.75,617345
2021-04-28 10:02:21,2540.75,617354
2021-04-28 10:02:23,2540.75,617407
2021-04-28 10:02:24,2540.75,619151
2021-04-28 10:02:25,2540.75,619151
2021-04-28 10:02:26,2540.75,619208
2021-04-28 10:02:27,2540.75,619210
2021-04-28 10:02:28,2540.6,619417
2021-04-28 10:02:29,2540.75,619477
2021-04-28 10:02:30,2539.7,619618
2021-04-28 10:02:31,2539.7,619618
2021-04-28 10:02:33,2539.7,619622
2021-04-28 10:02:33,2539.7,619622
2021-04-28 10:02:34,2539.7,619626
2021-04-28 10:02:35,2539.7,619626
2021-04-28 10:02:36,2539.7,619626
2021-04-28 10:02:38,2539.7,619626
2021-04-28 10:02:39,2539.1,619772
2021-04-28 10:02:40,2539.05,619786
2021-04-28 10:02:41,2539.0,619830
2021-04-28 10:02:42,2538.65,620001
2021-04-28 10:02:42,2538.65,620001
2021-04-28 10:02:43,2538.7,620055
2021-04-28 10:02:44,2538.7,620068
2021-04-28 10:02:47,2538.7,620096
2021-04-28 10:02:48,2538.7,620096
2021-04-28 10:02:50,2539.55,620099
2021-04-28 10:02:51,2539.55,620100
2021-04-28 10:02:51,2539.55,620101
2021-04-28 10:02:53,2539.55,620117
2021-04-28 10:02:54,2538.7,620141
2021-04-28 10:02:55,2538.7,620141
2021-04-28 10:02:56,2538.7,620141
2021-04-28 10:02:56,2538.7,620141
2021-04-28 10:02:58,2538.7,620141
2021-04-28 10:02:59,2539.0,620150
2021-04-28 10:03:00,2539.0,620271
2021-04-28 10:03:01,2539.55,620285
2021-04-28 10:03:02,2539.0,620291
2021-04-28 10:03:03,2539.0,620324
2021-04-28 10:03:04,2539.55,620377
2021-04-28 10:03:05,2539.55,620530
2021-04-28 10:03:05,2539.55,620530
2021-04-28 10:03:06,2539.55,620533
2021-04-28 10:03:08,2539.05,620633
2021-04-28 10:03:09,2539.1,620769
2021-04-28 10:03:10,2539.45,620864
2021-04-28 10:03:11,2539.0,621010
2021-04-28 10:03:14,2539.25,621267
2021-04-28 10:03:16,2538.0,621548
2021-04-28 10:03:17,2537.55,621550
2021-04-28 10:03:17,2537.55,621550
2021-04-28 10:03:19,2537.95,621595
2021-04-28 10:03:20,2537.95,621605
2021-04-28 10:03:21,2537.95,621605
2021-04-28 10:03:22,2538.8,621609
2021-04-28 10:03:23,2538.0,621619
2021-04-28 10:03:24,2538.0,621628
2021-04-28 10:03:25,2538.0,621628
2021-04-28 10:03:26,2537.95,621642
2021-04-28 10:03:28,2539.1,621942
2021-04-28 10:03:30,2539.5,621947
2021-04-28 10:03:31,2539.5,621947
2021-04-28 10:03:32,2539.5,621947
2021-04-28 10:03:33,2539.5,621947
2021-04-28 10:03:34,2538.1,622069
2021-04-28 10:03:36,2538.1,622298
2021-04-28 10:03:37,2538.1,622298
2021-04-28 10:03:38,2539.1,622522
2021-04-28 10:03:40,2538.0,622571
2021-04-28 10:03:41,2538.0,622609
2021-04-28 10:03:42,2539.05,622611
2021-04-28 10:03:42,2538.0,622621
2021-04-28 10:03:44,2537.95,622652
2021-04-28 10:03:45,2538.1,622655
2021-04-28 10:03:46,2539.0,622659
2021-04-28 10:03:47,2538.15,622665
2021-04-28 10:03:48,2538.15,622698
2021-04-28 10:03:50,2539.05,622727
2021-04-28 10:03:52,2539.05,622727
2021-04-28 10:03:51,2539.05,622727
2021-04-28 10:03:52,2539.05,622727
2021-04-28 10:03:57,2537.95,622933
2021-04-28 10:03:57,2537.95,622933
2021-04-28 10:03:59,2537.65,622969
2021-04-28 10:04:00,2537.55,622970
2021-04-28 10:04:01,2537.35,623553
2021-04-28 10:04:02,2537.95,623557
2021-04-28 10:04:04,2537.95,623657
2021-04-28 10:04:04,2537.95,623657
2021-04-28 10:04:05,2537.0,623998
2021-04-28 10:04:06,2537.1,624001
2021-04-28 10:04:08,2536.1,624152
2021-04-28 10:04:09,2537.1,624206
2021-04-28 10:04:10,2537.05,624219
2021-04-28 10:04:11,2536.0,624242
2021-04-28 10:04:12,2536.0,624243
2021-04-28 10:04:13,2535.6,624313
2021-04-28 10:04:14,2536.1,624315
2021-04-28 10:04:15,2536.1,624317
2021-04-28 10:04:16,2536.1,624322
2021-04-28 10:04:17,2536.85,624384
2021-04-28 10:04:17,2536.85,624392
2021-04-28 10:04:18,2536.85,624395
2021-04-28 10:04:20,2536.1,624410
2021-04-28 10:04:21,2536.1,624613
2021-04-28 10:04:22,2536.85,624617
2021-04-28 10:04:23,2536.1,624647
2021-04-28 10:04:24,2536.1,624676
2021-04-28 10:04:25,2536.1,624691
2021-04-28 10:04:26,2536.85,624697
2021-04-28 10:04:27,2536.85,624697
2021-04-28 10:04:28,2536.1,624793
2021-04-28 10:04:29,2536.1,624793
2021-04-28 10:04:30,2536.75,624816
2021-04-28 10:04:31,2536.75,624820
2021-04-28 10:04:32,2536.1,624861
2021-04-28 10:04:33,2536.1,624861
2021-04-28 10:04:34,2536.75,624867
2021-04-28 10:04:35,2536.75,624867
2021-04-28 10:04:36,2536.15,624885
2021-04-28 10:04:37,2536.55,625507
2021-04-28 10:04:38,2537.9,625510
2021-04-28 10:04:39,2537.6,625860
2021-04-28 10:04:40,2536.6,625946
2021-04-28 10:04:41,2537.9,626064
2021-04-28 10:04:42,2538.0,626066
2021-04-28 10:04:43,2537.95,626137
2021-04-28 10:04:44,2539.15,626680
2021-04-28 10:04:45,2539.15,626680
2021-04-28 10:04:46,2539.1,626844
2021-04-28 10:04:51,2539.2,627391
2021-04-28 10:04:52,2540.0,627412
2021-04-28 10:04:53,2541.3,628181
2021-04-28 10:04:54,2540.6,628485
2021-04-28 10:04:55,2540.6,628485
2021-04-28 10:04:56,2540.65,628585
2021-04-28 10:04:57,2541.3,628595
2021-04-28 10:04:58,2541.3,628599
2021-04-28 10:04:59,2541.3,628599
2021-04-28 10:05:00,2541.3,628599
2021-04-28 10:05:01,2541.3,628662
2021-04-28 10:05:02,2541.3,628664
2021-04-28 10:05:03,2541.3,628665
2021-04-28 10:05:04,2541.3,628665
2021-04-28 10:05:05,2540.75,628670
2021-04-28 10:05:06,2540.75,628670
2021-04-28 10:05:07,2541.3,628674
2021-04-28 10:05:08,2541.3,628674
2021-04-28 10:05:09,2541.0,628856
2021-04-28 10:05:10,2541.0,628865
2021-04-28 10:05:11,2541.0,628928
2021-04-28 10:05:12,2541.0,628928
2021-04-28 10:05:13,2541.0,628928
2021-04-28 10:05:14,2541.0,628931
2021-04-28 10:05:15,2541.0,628977
2021-04-28 10:05:16,2541.5,628988
2021-04-28 10:05:17,2541.5,628989
2021-04-28 10:05:19,2542.0,629312
2021-04-28 10:05:20,2541.5,629314
2021-04-28 10:05:23,2542.0,629319
2021-04-28 10:05:24,2542.0,629319
2021-04-28 10:05:25,2541.1,629371
2021-04-28 10:05:26,2541.5,629376
2021-04-28 10:05:27,2541.5,629376
2021-04-28 10:05:28,2541.5,629376
2021-04-28 10:05:29,2541.5,629376
2021-04-28 10:05:30,2542.0,629762
2021-04-28 10:05:32,2542.0,629830
2021-04-28 10:05:33,2542.0,629835
2021-04-28 10:05:34,2542.0,629838
2021-04-28 10:05:35,2541.5,629941
2021-04-28 10:05:36,2542.0,630301
2021-04-28 10:05:37,2542.0,630301
2021-04-28 10:05:38,2543.0,630305
2021-04-28 10:05:39,2542.5,630310
2021-04-28 10:05:40,2543.0,630361
2021-04-28 10:05:41,2543.0,630363
2021-04-28 10:05:42,2543.0,630365
2021-04-28 10:05:43,2543.0,630365
2021-04-28 10:05:44,2542.5,630758
2021-04-28 10:05:45,2542.5,630758
2021-04-28 10:05:46,2543.0,630762
2021-04-28 10:05:47,2543.0,630763
2021-04-28 10:05:49,2542.55,630778
2021-04-28 10:05:50,2543.0,630808
2021-04-28 10:05:51,2542.35,631337
2021-04-28 10:05:52,2541.65,631371
2021-04-28 10:05:53,2541.5,631471
2021-04-28 10:05:54,2542.2,631474
2021-04-28 10:05:55,2541.5,631607
2021-04-28 10:05:56,2541.5,631607
2021-04-28 10:05:57,2541.5,631607
2021-04-28 10:05:58,2542.2,631610
2021-04-28 10:05:59,2541.5,631615
2021-04-28 10:06:00,2541.5,631615
2021-04-28 10:06:01,2542.2,631630
2021-04-28 10:06:02,2542.2,631633
2021-04-28 10:06:04,2542.2,631686
2021-04-28 10:06:03,2542.2,631686
2021-04-28 10:06:05,2541.5,631736
2021-04-28 10:06:06,2542.2,631738
2021-04-28 10:06:07,2542.2,631763
2021-04-28 10:06:08,2542.2,631763
2021-04-28 10:06:09,2542.2,631813
2021-04-28 10:06:11,2542.2,631839
2021-04-28 10:06:12,2542.2,631841
2021-04-28 10:06:13,2542.2,631841
2021-04-28 10:06:14,2542.2,631843
2021-04-28 10:06:16,2542.2,631843
2021-04-28 10:06:17,2542.2,631845
2021-04-28 10:06:18,2542.2,631848
2021-04-28 10:06:19,2542.2,631848
2021-04-28 10:06:20,2542.2,631849
2021-04-28 10:06:22,2542.2,631852
2021-04-28 10:06:21,2542.2,631849
2021-04-28 10:06:23,2542.2,631854
2021-04-28 10:06:24,2542.2,631854
2021-04-28 10:06:25,2542.2,631854
2021-04-28 10:06:26,2542.2,631857
2021-04-28 10:06:27,2542.2,631858
2021-04-28 10:06:28,2542.2,631868
2021-04-28 10:06:29,2541.5,631899
2021-04-28 10:06:30,2542.2,631901
2021-04-28 10:06:32,2542.2,632253
2021-04-28 10:06:33,2542.2,632253
2021-04-28 10:06:35,2542.15,632257
2021-04-28 10:06:34,2542.15,632257
2021-04-28 10:06:36,2542.15,632257
2021-04-28 10:06:37,2541.5,632258
2021-04-28 10:06:38,2541.5,632270
2021-04-28 10:06:39,2541.5,632270
2021-04-28 10:06:40,2542.15,632271
2021-04-28 10:06:41,2541.5,632346
2021-04-28 10:06:42,2541.5,632360
2021-04-28 10:06:44,2541.5,632360
2021-04-28 10:06:44,2541.5,632360
2021-04-28 10:06:45,2541.5,632362
2021-04-28 10:06:46,2541.95,632988
2021-04-28 10:06:47,2541.55,633181
2021-04-28 10:06:48,2541.85,633185
2021-04-28 10:06:49,2541.15,633333
2021-04-28 10:06:51,2541.85,633336
2021-04-28 10:06:52,2541.85,633336
2021-04-28 10:06:53,2541.85,633338
2021-04-28 10:06:54,2541.85,633520
2021-04-28 10:06:58,2540.15,634152
2021-04-28 10:06:59,2540.45,634198
2021-04-28 10:06:59,2540.45,634198
2021-04-28 10:07:00,2540.45,634219
2021-04-28 10:07:01,2540.15,634269
2021-04-28 10:07:02,2540.45,634271
2021-04-28 10:07:03,2540.45,634271
2021-04-28 10:07:04,2540.15,634276
2021-04-28 10:07:07,2540.45,634330
2021-04-28 10:07:07,2540.45,634330
2021-04-28 10:07:08,2540.45,634330
