timestamp,ltp,volume
2021-05-19 09:57:21,10272.25,0
2021-05-19 09:57:22,10274.0,0
2021-05-19 09:57:25,10272.3,0
2021-05-19 09:57:26,10272.2,0
2021-05-19 09:57:32,10274.2,0
2021-05-19 09:57:37,10274.45,0
2021-05-19 09:57:38,10274.8,0
2021-05-19 09:57:39,10275.6,0
2021-05-19 09:57:41,10274.25,0
2021-05-19 09:57:42,10274.05,0
2021-05-19 09:57:43,10274.0,0
2021-05-19 09:57:45,10274.95,0
2021-05-19 09:57:46,10274.5,0
2021-05-19 09:57:47,10273.95,0
2021-05-19 09:57:48,10273.6,0
2021-05-19 09:57:50,10275.25,0
2021-05-19 09:57:51,10274.0,0
2021-05-19 09:57:54,10273.1,0
2021-05-19 09:57:57,10275.8,0
2021-05-19 09:57:59,10275.75,0
2021-05-19 09:58:00,10276.5,0
2021-05-19 09:58:01,10276.8,0
2021-05-19 09:58:03,10276.25,0
2021-05-19 09:58:05,10277.2,0
2021-05-19 09:58:09,10276.8,0
2021-05-19 09:58:11,10278.25,0
2021-05-19 09:58:12,10278.8,0
2021-05-19 09:58:14,10279.05,0
2021-05-19 09:58:15,10279.6,0
2021-05-19 09:58:18,10279.05,0
2021-05-19 09:58:21,10280.4,0
2021-05-19 09:58:24,10280.7,0
2021-05-19 09:58:27,10281.35,0
2021-05-19 09:58:29,10280.2,0
2021-05-19 09:58:30,10280.9,0
2021-05-19 09:58:31,10280.4,0
2021-05-19 09:58:34,10281.35,0
2021-05-19 09:58:36,10282.0,0
2021-05-19 09:58:37,10282.3,0
2021-05-19 09:58:38,10281.45,0
2021-05-19 09:58:42,10282.6,0
2021-05-19 09:58:43,10282.35,0
2021-05-19 09:58:45,10280.2,0
2021-05-19 09:58:47,10283.05,0
2021-05-19 09:58:48,10282.65,0
2021-05-19 09:58:49,10283.1,0
2021-05-19 09:58:53,10283.7,0
2021-05-19 09:58:58,10283.65,0
2021-05-19 09:58:59,10282.65,0
2021-05-19 09:59:00,10282.65,0
2021-05-19 09:59:01,10281.9,0
2021-05-19 09:59:03,10283.35,0
2021-05-19 09:59:04,10282.15,0
2021-05-19 09:59:05,10281.8,0
2021-05-19 09:59:06,10283.6,0
2021-05-19 09:59:07,10283.65,0
2021-05-19 09:59:09,10283.5,0
2021-05-19 09:59:11,10282.45,0
2021-05-19 09:59:12,10281.1,0
2021-05-19 09:59:13,10282.05,0
2021-05-19 09:59:14,10282.15,0
2021-05-19 09:59:15,10282.1,0
2021-05-19 09:59:16,10282.95,0
2021-05-19 09:59:17,10281.35,0
2021-05-19 09:59:18,10282.1,0
2021-05-19 09:59:19,10281.85,0
2021-05-19 09:59:20,10281.9,0
2021-05-19 09:59:21,10282.0,0
2021-05-19 09:59:22,10282.1,0
2021-05-19 09:59:23,10280.85,0
2021-05-19 09:59:24,10281.5,0
2021-05-19 09:59:25,10281.5,0
2021-05-19 09:59:27,10282.1,0
2021-05-19 09:59:29,10280.4,0
2021-05-19 09:59:30,10279.75,0
2021-05-19 09:59:32,10281.25,0
2021-05-19 09:59:34,10280.85,0
2021-05-19 09:59:37,10281.95,0
2021-05-19 09:59:38,10282.6,0
2021-05-19 09:59:39,10282.05,0
2021-05-19 09:59:40,10281.95,0
2021-05-19 09:59:42,10281.9,0
2021-05-19 09:59:43,10282.8,0
2021-05-19 09:59:44,10281.55,0
2021-05-19 09:59:48,10281.4,0
2021-05-19 09:59:50,10282.05,0
2021-05-19 09:59:56,10281.3,0
2021-05-19 09:59:58,10282.0,0
2021-05-19 09:59:59,10280.95,0
2021-05-19 10:00:00,10280.15,0
2021-05-19 10:00:02,10281.5,0
2021-05-19 10:00:03,10280.55,0
2021-05-19 10:00:05,10279.4,0
2021-05-19 10:00:06,10278.65,0
2021-05-19 10:00:07,10278.65,0
2021-05-19 10:00:09,10278.9,0
2021-05-19 10:00:10,10279.0,0
2021-05-19 10:00:11,10277.25,0
2021-05-19 10:00:12,10276.25,0
2021-05-19 10:00:13,10275.4,0
2021-05-19 10:00:14,10275.75,0
2021-05-19 10:00:16,10274.4,0
2021-05-19 10:00:17,10275.6,0
2021-05-19 10:00:18,10275.05,0
2021-05-19 10:00:19,10273.9,0
2021-05-19 10:00:20,10273.45,0
2021-05-19 10:00:24,10273.45,0
2021-05-19 10:00:25,10273.15,0
2021-05-19 10:00:26,10272.8,0
2021-05-19 10:00:33,10272.05,0
2021-05-19 10:00:37,10271.65,0
2021-05-19 10:00:41,10270.1,0
2021-05-19 10:00:43,10269.25,0
2021-05-19 10:00:44,10269.45,0
2021-05-19 10:00:50,10269.4,0
2021-05-19 10:00:53,10269.0,0
2021-05-19 10:00:55,10269.25,0
2021-05-19 10:01:00,10269.4,0
2021-05-19 10:01:01,10269.65,0
2021-05-19 10:01:02,10269.35,0
2021-05-19 10:01:06,10271.75,0
2021-05-19 10:01:07,10270.9,0
2021-05-19 10:01:08,10271.4,0
2021-05-19 10:01:09,10272.05,0
2021-05-19 10:01:10,10271.6,0
2021-05-19 10:01:12,10272.6,0
2021-05-19 10:01:13,10272.45,0
2021-05-19 10:01:14,10272.65,0
2021-05-19 10:01:15,10272.45,0
2021-05-19 10:01:16,10272.6,0
2021-05-19 10:01:17,10271.7,0
2021-05-19 10:01:20,10272.65,0
2021-05-19 10:01:22,10274.15,0
2021-05-19 10:01:25,10273.2,0
2021-05-19 10:01:26,10272.9,0
2021-05-19 10:01:29,10272.7,0
2021-05-19 10:01:30,10273.65,0
2021-05-19 10:01:32,10273.4,0
2021-05-19 10:01:33,10273.1,0
2021-05-19 10:01:34,10273.05,0
2021-05-19 10:01:36,10271.6,0
2021-05-19 10:01:38,10271.0,0
2021-05-19 10:01:42,10270.85,0
2021-05-19 10:01:45,10270.5,0
2021-05-19 10:01:46,10270.2,0
2021-05-19 10:01:48,10270.1,0
2021-05-19 10:01:49,10268.95,0
2021-05-19 10:01:50,10270.65,0
2021-05-19 10:01:51,10270.6,0
2021-05-19 10:01:53,10270.5,0
2021-05-19 10:01:54,10270.95,0
2021-05-19 10:01:55,10270.4,0
2021-05-19 10:01:56,10270.45,0
2021-05-19 10:01:57,10271.2,0
2021-05-19 10:01:58,10270.75,0
2021-05-19 10:01:59,10270.45,0
2021-05-19 10:02:00,10270.5,0
2021-05-19 10:02:01,10271.35,0
2021-05-19 10:02:02,10270.85,0
2021-05-19 10:02:04,10270.7,0
2021-05-19 10:02:06,10269.7,0
2021-05-19 10:02:08,10269.9,0
2021-05-19 10:02:10,10271.25,0
2021-05-19 10:02:12,10270.2,0
2021-05-19 10:02:13,10268.95,0
2021-05-19 10:02:15,10269.8,0
2021-05-19 10:02:16,10269.55,0
2021-05-19 10:02:17,10269.9,0
2021-05-19 10:02:18,10269.95,0
2021-05-19 10:02:24,10270.15,0
2021-05-19 10:02:25,10269.1,0
2021-05-19 10:02:26,10270.45,0
2021-05-19 10:02:31,10269.0,0
2021-05-19 10:02:34,10270.05,0
2021-05-19 10:02:37,10270.45,0
2021-05-19 10:02:38,10269.65,0
2021-05-19 10:02:39,10269.4,0
2021-05-19 10:02:41,10269.4,0
2021-05-19 10:02:42,10269.7,0
2021-05-19 10:02:45,10269.5,0
2021-05-19 10:02:46,10271.05,0
2021-05-19 10:02:47,10270.65,0
2021-05-19 10:02:48,10271.35,0
2021-05-19 10:02:49,10271.55,0
2021-05-19 10:02:51,10272.65,0
2021-05-19 10:02:54,10271.8,0
2021-05-19 10:02:55,10270.85,0
2021-05-19 10:02:57,10271.8,0
2021-05-19 10:02:58,10272.9,0
2021-05-19 10:02:59,10271.55,0
2021-05-19 10:03:00,10271.45,0
2021-05-19 10:03:01,10271.75,0
2021-05-19 10:03:03,10272.8,0
2021-05-19 10:03:05,10272.0,0
2021-05-19 10:03:09,10271.45,0
2021-05-19 10:03:10,10270.15,0
2021-05-19 10:03:12,10266.25,0
2021-05-19 10:03:14,10265.3,0
2021-05-19 10:03:15,10265.1,0
2021-05-19 10:03:16,10264.95,0
2021-05-19 10:03:20,10261.95,0
2021-05-19 10:03:22,10263.25,0
2021-05-19 10:03:26,10261.65,0
2021-05-19 10:03:27,10260.8,0
2021-05-19 10:03:29,10261.1,0
2021-05-19 10:03:30,10261.35,0
2021-05-19 10:03:31,10261.4,0
2021-05-19 10:03:33,10261.7,0
2021-05-19 10:03:34,10262.3,0
2021-05-19 10:03:35,10261.6,0
2021-05-19 10:03:36,10260.7,0
2021-05-19 10:03:37,10260.9,0
2021-05-19 10:03:38,10261.4,0
2021-05-19 10:03:39,10260.65,0
2021-05-19 10:03:40,10260.35,0
2021-05-19 10:03:41,10260.85,0
2021-05-19 10:03:42,10261.55,0
2021-05-19 10:03:43,10261.15,0
2021-05-19 10:03:45,10261.1,0
2021-05-19 10:03:46,10260.7,0
2021-05-19 10:03:47,10260.45,0
2021-05-19 10:03:48,10260.95,0
2021-05-19 10:03:49,10261.3,0
2021-05-19 10:03:51,10262.75,0
2021-05-19 10:03:52,10262.1,0
2021-05-19 10:03:57,10264.4,0
2021-05-19 10:04:00,10264.9,0
2021-05-19 10:04:02,10264.55,0
2021-05-19 10:04:03,10264.4,0
2021-05-19 10:04:04,10264.6,0
2021-05-19 10:04:08,10264.1,0
2021-05-19 10:04:10,10264.85,0
2021-05-19 10:04:11,10263.85,0
2021-05-19 10:04:12,10263.15,0
2021-05-19 10:04:16,10264.0,0
2021-05-19 10:04:17,10263.65,0
2021-05-19 10:04:18,10263.2,0
2021-05-19 10:04:19,10264.05,0
2021-05-19 10:04:20,10262.65,0
2021-05-19 10:04:22,10262.0,0
2021-05-19 10:04:23,10261.9,0
2021-05-19 10:04:24,10261.65,0
2021-05-19 10:04:25,10262.15,0
2021-05-19 10:04:26,10262.6,0
2021-05-19 10:04:27,10262.75,0
2021-05-19 10:04:29,10263.05,0
2021-05-19 10:04:30,10263.15,0
2021-05-19 10:04:31,10262.95,0
2021-05-19 10:04:32,10263.15,0
2021-05-19 10:04:34,10263.5,0
2021-05-19 10:04:36,10263.85,0
2021-05-19 10:04:37,10264.25,0
2021-05-19 10:04:38,10264.35,0
2021-05-19 10:04:39,10265.6,0
2021-05-19 10:04:40,10265.2,0
2021-05-19 10:04:42,10265.65,0
2021-05-19 10:04:43,10265.5,0
2021-05-19 10:04:46,10266.05,0
2021-05-19 10:04:47,10265.65,0
2021-05-19 10:04:48,10265.65,0
2021-05-19 10:04:49,10266.15,0
2021-05-19 10:04:52,10264.8,0
2021-05-19 10:04:56,10266.75,0
2021-05-19 10:04:57,10265.25,0
2021-05-19 10:04:58,10266.15,0
2021-05-19 10:04:59,10266.25,0
2021-05-19 10:05:00,10266.2,0
2021-05-19 10:05:02,10266.05,0
2021-05-19 10:05:04,10266.75,0
2021-05-19 10:05:06,10266.85,0
2021-05-19 10:05:07,10266.7,0
2021-05-19 10:05:09,10266.45,0
2021-05-19 10:05:13,10266.85,0
2021-05-19 10:05:14,10266.4,0
2021-05-19 10:05:15,10265.65,0
2021-05-19 10:05:19,10265.1,0
2021-05-19 10:05:21,10265.2,0
2021-05-19 10:05:22,10264.8,0
2021-05-19 10:05:24,10264.4,0
2021-05-19 10:05:28,10263.05,0
2021-05-19 10:05:33,10261.45,0
2021-05-19 10:05:34,10262.2,0
2021-05-19 10:05:39,10263.1,0
2021-05-19 10:05:41,10262.9,0
2021-05-19 10:05:43,10263.25,0
2021-05-19 10:05:44,10263.35,0
2021-05-19 10:05:46,10262.95,0
2021-05-19 10:05:47,10262.35,0
2021-05-19 10:05:49,10261.75,0
2021-05-19 10:05:50,10262.75,0
2021-05-19 10:05:53,10262.75,0
2021-05-19 10:05:54,10262.35,0
2021-05-19 10:05:55,10262.85,0
2021-05-19 10:06:00,10262.2,0
2021-05-19 10:06:01,10261.6,0
2021-05-19 10:06:02,10263.0,0
2021-05-19 10:06:03,10261.55,0
2021-05-19 10:06:04,10261.75,0
2021-05-19 10:06:07,10261.9,0
2021-05-19 10:06:10,10261.65,0
2021-05-19 10:06:11,10261.65,0
2021-05-19 10:06:13,10261.55,0
2021-05-19 10:06:14,10260.75,0
2021-05-19 10:06:15,10260.35,0
2021-05-19 10:06:17,10260.65,0
2021-05-19 10:06:20,10259.9,0
2021-05-19 10:06:22,10259.1,0
2021-05-19 10:06:29,10258.35,0
2021-05-19 10:06:30,10258.35,0
2021-05-19 10:06:34,10257.05,0
2021-05-19 10:06:35,10257.5,0
2021-05-19 10:06:36,10257.95,0
2021-05-19 10:06:39,10255.9,0
2021-05-19 10:06:40,10256.15,0
2021-05-19 10:06:44,10255.5,0
2021-05-19 10:06:48,10254.85,0
2021-05-19 10:06:50,10254.9,0
2021-05-19 10:06:51,10255.35,0
2021-05-19 10:06:53,10256.2,0
2021-05-19 10:06:54,10256.75,0
2021-05-19 10:06:56,10257.05,0
2021-05-19 10:07:01,10257.65,0
2021-05-19 10:07:02,10258.2,0
2021-05-19 10:07:04,10258.35,0
2021-05-19 10:07:07,10257.8,0
2021-05-19 10:07:09,10258.05,0
2021-05-19 10:07:11,10259.5,0
2021-05-19 10:07:12,10259.9,0
2021-05-19 10:07:15,10259.1,0
2021-05-19 10:07:20,10259.5,0
2021-05-19 10:07:24,10261.25,0
2021-05-19 10:07:26,10260.8,0
2021-05-19 10:07:28,10261.5,0
2021-05-19 10:07:29,10261.2,0
2021-05-19 10:07:32,10261.85,0
2021-05-19 10:07:33,10262.05,0
2021-05-19 10:07:34,10261.5,0
2021-05-19 10:07:35,10262.2,0
2021-05-19 10:07:38,10262.25,0
2021-05-19 10:07:40,10262.75,0
2021-05-19 10:07:41,10262.7,0
2021-05-19 10:07:42,10261.65,0
2021-05-19 10:07:43,10260.95,0
2021-05-19 10:07:44,10260.1,0
2021-05-19 10:07:47,10261.3,0
2021-05-19 10:07:49,10261.0,0
2021-05-19 10:07:50,10261.05,0
2021-05-19 10:07:51,10260.35,0
2021-05-19 10:07:52,10260.4,0
2021-05-19 10:07:54,10261.3,0
2021-05-19 10:07:55,10261.1,0
2021-05-19 10:07:56,10261.35,0
2021-05-19 10:07:58,10260.75,0
2021-05-19 10:07:59,10260.65,0
2021-05-19 10:08:00,10260.8,0
2021-05-19 10:08:01,10260.5,0
2021-05-19 10:08:02,10260.7,0
2021-05-19 10:08:03,10259.85,0
2021-05-19 10:08:04,10259.9,0
2021-05-19 10:08:05,10258.05,0
2021-05-19 10:08:08,10258.15,0
2021-05-19 10:08:10,10257.35,0
2021-05-19 10:08:14,10257.85,0
2021-05-19 10:08:15,10257.9,0
2021-05-19 10:08:18,10258.45,0
2021-05-19 10:08:20,10257.95,0
2021-05-19 10:08:22,10258.6,0
2021-05-19 10:08:23,10257.9,0
2021-05-19 10:08:24,10258.0,0
2021-05-19 10:08:25,10257.95,0
2021-05-19 10:08:30,10258.3,0
2021-05-19 10:08:32,10257.95,0
2021-05-19 10:08:37,10257.65,0
2021-05-19 10:08:38,10258.3,0
2021-05-19 10:08:42,10258.35,0
2021-05-19 10:08:47,10259.2,0
2021-05-19 10:08:48,10259.05,0
2021-05-19 10:08:50,10258.4,0
2021-05-19 10:08:51,10258.6,0
2021-05-19 10:08:53,10260.8,0
2021-05-19 10:08:57,10260.9,0
2021-05-19 10:08:59,10261.3,0
2021-05-19 10:09:01,10261.65,0
2021-05-19 10:09:02,10259.7,0
2021-05-19 10:09:03,10260.9,0
2021-05-19 10:09:05,10260.6,0
2021-05-19 10:09:07,10261.05,0
2021-05-19 10:09:09,10260.5,0
2021-05-19 10:09:12,10263.2,0
2021-05-19 10:09:13,10263.15,0
2021-05-19 10:09:14,10262.45,0
2021-05-19 10:09:16,10262.35,0
2021-05-19 10:09:17,10263.9,0
2021-05-19 10:09:18,10263.95,0
2021-05-19 10:09:20,10262.15,0
2021-05-19 10:09:21,10262.4,0
2021-05-19 10:09:24,10263.45,0
2021-05-19 10:09:25,10263.6,0
2021-05-19 10:09:26,10264.35,0
2021-05-19 10:09:27,10265.85,0
2021-05-19 10:09:30,10266.55,0
2021-05-19 10:09:31,10265.1,0
2021-05-19 10:09:32,10267.0,0
2021-05-19 10:09:33,10266.3,0
2021-05-19 10:09:34,10266.7,0
2021-05-19 10:09:36,10265.7,0
2021-05-19 10:09:37,10266.4,0
2021-05-19 10:09:38,10265.7,0
2021-05-19 10:09:39,10266.3,0
2021-05-19 10:09:46,10266.2,0
2021-05-19 10:09:49,10265.9,0
2021-05-19 10:09:52,10264.15,0
2021-05-19 10:09:53,10263.85,0
2021-05-19 10:09:54,10264.1,0
2021-05-19 10:09:56,10265.25,0
2021-05-19 10:09:57,10265.35,0
2021-05-19 10:09:58,10265.5,0
2021-05-19 10:10:00,10265.35,0
2021-05-19 10:10:01,10266.3,0
2021-05-19 10:10:03,10265.9,0
2021-05-19 10:10:04,10265.75,0
2021-05-19 10:10:05,10265.85,0
2021-05-19 10:10:09,10268.25,0
2021-05-19 10:10:11,10268.0,0
2021-05-19 10:10:12,10267.7,0
2021-05-19 10:10:13,10267.6,0
2021-05-19 10:10:14,10267.6,0
2021-05-19 10:10:17,10266.75,0
2021-05-19 10:10:22,10268.5,0
2021-05-19 10:10:23,10268.05,0
2021-05-19 10:10:26,10267.25,0
2021-05-19 10:10:29,10266.3,0
2021-05-19 10:10:31,10265.1,0
2021-05-19 10:10:32,10266.15,0
2021-05-19 10:10:34,10266.05,0
2021-05-19 10:10:35,10265.55,0
2021-05-19 10:10:37,10265.3,0
2021-05-19 10:10:38,10265.5,0
2021-05-19 10:10:40,10264.75,0
2021-05-19 10:10:42,10265.15,0
2021-05-19 10:10:44,10264.85,0
2021-05-19 10:10:45,10263.85,0
2021-05-19 10:10:46,10263.4,0
2021-05-19 10:10:47,10264.25,0
2021-05-19 10:10:48,10263.4,0
2021-05-19 10:10:52,10263.15,0
2021-05-19 10:10:55,10262.65,0
2021-05-19 10:11:00,10263.9,0
2021-05-19 10:11:01,10263.2,0
2021-05-19 10:11:02,10263.3,0
2021-05-19 10:11:03,10264.7,0
2021-05-19 10:11:04,10262.9,0
2021-05-19 10:11:05,10263.75,0
2021-05-19 10:11:06,10263.45,0
2021-05-19 10:11:07,10263.5,0
2021-05-19 10:11:09,10264.05,0
2021-05-19 10:11:12,10265.25,0
2021-05-19 10:11:14,10264.25,0
2021-05-19 10:11:16,10264.8,0
2021-05-19 10:11:19,10264.95,0
2021-05-19 10:11:20,10265.45,0
2021-05-19 10:11:21,10264.5,0
2021-05-19 10:11:23,10264.85,0
2021-05-19 10:11:25,10264.9,0
2021-05-19 10:11:26,10264.35,0
2021-05-19 10:11:27,10265.25,0
2021-05-19 10:11:30,10264.7,0
2021-05-19 10:11:32,10264.05,0
2021-05-19 10:11:38,10266.8,0
2021-05-19 10:11:39,10265.6,0
2021-05-19 10:11:41,10266.3,0
2021-05-19 10:11:49,10267.0,0
2021-05-19 10:11:52,10266.95,0
2021-05-19 10:11:53,10266.85,0
2021-05-19 10:11:55,10267.25,0
2021-05-19 10:11:57,10268.0,0
2021-05-19 10:11:59,10267.3,0
2021-05-19 10:12:00,10267.4,0
2021-05-19 10:12:02,10267.3,0
2021-05-19 10:12:04,10267.35,0
2021-05-19 10:12:05,10266.9,0
2021-05-19 10:12:06,10267.0,0
2021-05-19 10:12:08,10267.95,0
2021-05-19 10:12:13,10266.65,0
2021-05-19 10:12:14,10267.4,0
2021-05-19 10:12:15,10266.9,0
2021-05-19 10:12:16,10267.05,0
2021-05-19 10:12:17,10266.4,0
2021-05-19 10:12:19,10266.3,0
2021-05-19 10:12:20,10266.25,0
2021-05-19 10:12:21,10265.4,0
2021-05-19 10:12:22,10266.6,0
2021-05-19 10:12:24,10267.4,0
2021-05-19 10:12:25,10267.0,0
2021-05-19 10:12:26,10267.3,0
2021-05-19 10:12:28,10267.4,0
2021-05-19 10:12:29,10266.55,0
2021-05-19 10:12:36,10266.55,0
2021-05-19 10:12:42,10265.25,0
2021-05-19 10:12:44,10263.9,0
2021-05-19 10:12:45,10262.65,0
2021-05-19 10:12:50,10265.2,0
2021-05-19 10:12:54,10263.95,0
2021-05-19 10:12:55,10264.05,0
2021-05-19 10:12:56,10263.0,0
2021-05-19 10:13:00,10262.55,0
2021-05-19 10:13:03,10262.0,0
2021-05-19 10:13:04,10262.45,0
2021-05-19 10:13:05,10263.6,0
2021-05-19 10:13:06,10264.05,0
2021-05-19 10:13:07,10264.35,0
2021-05-19 10:13:08,10264.3,0
2021-05-19 10:13:09,10263.3,0
2021-05-19 10:13:10,10263.8,0
2021-05-19 10:13:11,10263.65,0
2021-05-19 10:13:12,10263.45,0
2021-05-19 10:13:13,10264.35,0
2021-05-19 10:13:14,10264.2,0
2021-05-19 10:13:15,10264.45,0
2021-05-19 10:13:18,10265.5,0
2021-05-19 10:13:19,10264.35,0
2021-05-19 10:13:21,10264.95,0
2021-05-19 10:13:23,10266.35,0
2021-05-19 10:13:27,10266.75,0
2021-05-19 10:13:29,10266.35,0
2021-05-19 10:13:31,10265.2,0
2021-05-19 10:13:32,10264.85,0
2021-05-19 10:13:38,10264.85,0
2021-05-19 10:13:41,10264.2,0
2021-05-19 10:13:43,10263.45,0
2021-05-19 10:13:44,10262.55,0
2021-05-19 10:13:46,10262.5,0
2021-05-19 10:13:48,10263.0,0
2021-05-19 10:13:49,10262.6,0
2021-05-19 10:13:52,10261.55,0
2021-05-19 10:13:53,10262.05,0
2021-05-19 10:13:55,10262.1,0
2021-05-19 10:13:56,10260.65,0
2021-05-19 10:14:01,10259.45,0
2021-05-19 10:14:05,10258.5,0
2021-05-19 10:14:07,10258.95,0
2021-05-19 10:14:08,10258.65,0
2021-05-19 10:14:10,10258.45,0
2021-05-19 10:14:13,10257.25,0
2021-05-19 10:14:20,10257.15,0
2021-05-19 10:14:21,10256.45,0
2021-05-19 10:14:23,10255.15,0
2021-05-19 10:14:26,10255.15,0
2021-05-19 10:14:28,10254.6,0
2021-05-19 10:14:31,10254.35,0
2021-05-19 10:14:34,10254.95,0
2021-05-19 10:14:35,10253.15,0
2021-05-19 10:14:39,10253.65,0
2021-05-19 10:14:43,10253.7,0
2021-05-19 10:14:44,10252.95,0
2021-05-19 10:14:45,10252.7,0
2021-05-19 10:14:46,10252.8,0
2021-05-19 10:14:48,10253.0,0
2021-05-19 10:14:49,10252.3,0
2021-05-19 10:14:50,10252.35,0
2021-05-19 10:14:51,10253.55,0
2021-05-19 10:14:52,10253.4,0
2021-05-19 10:14:53,10252.45,0
2021-05-19 10:14:54,10253.15,0
2021-05-19 10:14:55,10251.85,0
2021-05-19 10:14:58,10251.75,0
2021-05-19 10:15:03,10249.7,0
2021-05-19 10:15:05,10249.9,0
2021-05-19 10:15:07,10248.9,0
2021-05-19 10:15:08,10248.5,0
2021-05-19 10:15:09,10249.6,0
2021-05-19 10:15:15,10248.85,0
2021-05-19 10:15:17,10249.55,0
2021-05-19 10:15:18,10248.85,0
2021-05-19 10:15:19,10248.45,0
2021-05-19 10:15:20,10247.15,0
2021-05-19 10:15:21,10249.35,0
2021-05-19 10:15:23,10248.45,0
2021-05-19 10:15:25,10247.9,0
2021-05-19 10:15:28,10247.8,0
2021-05-19 10:15:30,10248.05,0
2021-05-19 10:15:31,10247.35,0
2021-05-19 10:15:32,10247.25,0
2021-05-19 10:15:33,10248.2,0
2021-05-19 10:15:34,10247.05,0
2021-05-19 10:15:37,10247.5,0
2021-05-19 10:15:38,10245.75,0
2021-05-19 10:15:39,10247.6,0
2021-05-19 10:15:40,10246.55,0
2021-05-19 10:15:42,10247.65,0
2021-05-19 10:15:43,10247.1,0
2021-05-19 10:15:44,10245.7,0
2021-05-19 10:15:45,10246.35,0
2021-05-19 10:15:46,10246.65,0
2021-05-19 10:15:47,10247.9,0
2021-05-19 10:15:51,10248.25,0
2021-05-19 10:15:52,10246.6,0
2021-05-19 10:15:55,10248.7,0
2021-05-19 10:15:59,10248.3,0
2021-05-19 10:16:00,10248.3,0
2021-05-19 10:16:02,10248.7,0
2021-05-19 10:16:03,10248.75,0
2021-05-19 10:16:09,10248.5,0
2021-05-19 10:16:16,10247.65,0
2021-05-19 10:16:17,10247.85,0
2021-05-19 10:16:18,10248.8,0
2021-05-19 10:16:19,10248.95,0
2021-05-19 10:16:21,10248.8,0
2021-05-19 10:16:22,10247.7,0
2021-05-19 10:16:24,10249.15,0
2021-05-19 10:16:25,10249.0,0
2021-05-19 10:16:26,10250.3,0
2021-05-19 10:16:27,10249.75,0
2021-05-19 10:16:29,10248.75,0
2021-05-19 10:16:30,10248.9,0
2021-05-19 10:16:31,10248.05,0
2021-05-19 10:16:32,10248.2,0
2021-05-19 10:16:33,10248.65,0
2021-05-19 10:16:34,10248.4,0
2021-05-19 10:16:36,10246.1,0
2021-05-19 10:16:37,10245.75,0
2021-05-19 10:16:39,10247.15,0
2021-05-19 10:16:40,10247.8,0
2021-05-19 10:16:41,10248.1,0
2021-05-19 10:16:42,10247.4,0
2021-05-19 10:16:48,10247.15,0
2021-05-19 10:16:49,10246.55,0
2021-05-19 10:16:52,10247.6,0
2021-05-19 10:16:54,10247.9,0
2021-05-19 10:16:55,10248.55,0
2021-05-19 10:16:56,10247.75,0
2021-05-19 10:16:57,10247.4,0
2021-05-19 10:16:58,10246.0,0
2021-05-19 10:17:00,10246.8,0
2021-05-19 10:17:01,10246.15,0
2021-05-19 10:17:02,10246.35,0
2021-05-19 10:17:03,10246.95,0
2021-05-19 10:17:04,10246.55,0
2021-05-19 10:17:05,10245.9,0
2021-05-19 10:17:06,10245.2,0
2021-05-19 10:17:07,10245.3,0
2021-05-19 10:17:08,10245.7,0
2021-05-19 10:17:09,10245.5,0
2021-05-19 10:17:10,10245.15,0
2021-05-19 10:17:11,10245.3,0
2021-05-19 10:17:12,10244.6,0
2021-05-19 10:17:14,10244.2,0
2021-05-19 10:17:15,10243.25,0
2021-05-19 10:17:17,10242.8,0
2021-05-19 10:17:19,10242.6,0
2021-05-19 10:17:20,10243.0,0
2021-05-19 10:17:21,10243.35,0
2021-05-19 10:17:22,10243.9,0
2021-05-19 10:17:24,10243.65,0
2021-05-19 10:17:27,10246.3,0
2021-05-19 10:17:28,10245.9,0
2021-05-19 10:17:29,10246.65,0
2021-05-19 10:17:34,10246.5,0
2021-05-19 10:17:35,10246.1,0
2021-05-19 10:17:37,10246.9,0
2021-05-19 10:17:43,10245.35,0
2021-05-19 10:17:44,10245.85,0
2021-05-19 10:17:47,10246.55,0
2021-05-19 10:17:49,10247.05,0
2021-05-19 10:17:50,10246.55,0
2021-05-19 10:17:52,10245.65,0
2021-05-19 10:17:53,10245.55,0
2021-05-19 10:17:54,10246.25,0
2021-05-19 10:17:55,10246.75,0
2021-05-19 10:17:56,10245.65,0
2021-05-19 10:17:58,10246.7,0
2021-05-19 10:17:59,10246.4,0
2021-05-19 10:18:00,10246.05,0
2021-05-19 10:18:04,10244.1,0
2021-05-19 10:18:07,10243.75,0
2021-05-19 10:18:08,10244.05,0
2021-05-19 10:18:10,10243.8,0
2021-05-19 10:18:13,10242.95,0
2021-05-19 10:18:14,10243.15,0
2021-05-19 10:18:15,10242.45,0
2021-05-19 10:18:16,10243.2,0
2021-05-19 10:18:17,10241.7,0
2021-05-19 10:18:19,10240.65,0
2021-05-19 10:18:20,10241.3,0
2021-05-19 10:18:22,10240.95,0
2021-05-19 10:18:27,10241.7,0
2021-05-19 10:18:28,10241.65,0
2021-05-19 10:18:34,10240.35,0
2021-05-19 10:18:35,10239.25,0
2021-05-19 10:18:36,10239.4,0
2021-05-19 10:18:37,10239.4,0
2021-05-19 10:18:38,10239.75,0
2021-05-19 10:18:41,10237.45,0
2021-05-19 10:18:42,10237.95,0
2021-05-19 10:18:43,10238.75,0
2021-05-19 10:18:46,10237.45,0
2021-05-19 10:18:47,10237.7,0
2021-05-19 10:18:48,10238.2,0
2021-05-19 10:18:49,10237.8,0
2021-05-19 10:18:50,10237.35,0
2021-05-19 10:18:51,10239.1,0
2021-05-19 10:18:55,10237.8,0
2021-05-19 10:18:56,10237.8,0
2021-05-19 10:19:00,10237.55,0
2021-05-19 10:19:01,10238.85,0
2021-05-19 10:19:03,10238.2,0
2021-05-19 10:19:04,10238.5,0
2021-05-19 10:19:08,10238.05,0
2021-05-19 10:19:10,10238.0,0
2021-05-19 10:19:11,10237.55,0
2021-05-19 10:19:12,10238.5,0
2021-05-19 10:19:13,10238.95,0
2021-05-19 10:19:16,10238.4,0
2021-05-19 10:19:17,10238.35,0
2021-05-19 10:19:19,10238.4,0
2021-05-19 10:19:20,10238.0,0
2021-05-19 10:19:22,10236.95,0
2021-05-19 10:19:23,10237.7,0
2021-05-19 10:19:27,10238.6,0
2021-05-19 10:19:26,10237.4,0
2021-05-19 10:19:28,10237.65,0
2021-05-19 10:19:30,10237.5,0
2021-05-19 10:19:33,10236.1,0
2021-05-19 10:19:34,10236.5,0
2021-05-19 10:19:35,10236.1,0
2021-05-19 10:19:37,10236.7,0
2021-05-19 10:19:38,10236.4,0
2021-05-19 10:19:39,10236.75,0
2021-05-19 10:19:41,10237.55,0
2021-05-19 10:19:42,10237.45,0
2021-05-19 10:19:44,10238.1,0
2021-05-19 10:19:45,10238.35,0
2021-05-19 10:19:47,10239.45,0
2021-05-19 10:19:48,10237.85,0
2021-05-19 10:19:49,10238.15,0
2021-05-19 10:19:51,10239.3,0
2021-05-19 10:19:52,10238.45,0
2021-05-19 10:19:53,10239.2,0
2021-05-19 10:19:54,10238.45,0
2021-05-19 10:19:56,10238.3,0
2021-05-19 10:19:57,10238.65,0
2021-05-19 10:19:58,10240.4,0
2021-05-19 10:19:59,10239.65,0
2021-05-19 10:20:00,10239.5,0
2021-05-19 10:20:01,10241.15,0
2021-05-19 10:20:02,10239.75,0
2021-05-19 10:20:04,10239.6,0
2021-05-19 10:20:06,10240.9,0
2021-05-19 10:20:07,10240.9,0
2021-05-19 10:20:09,10239.85,0
2021-05-19 10:20:10,10239.5,0
2021-05-19 10:20:11,10239.6,0
2021-05-19 10:20:12,10239.25,0
2021-05-19 10:20:13,10238.95,0
2021-05-19 10:20:14,10239.25,0
2021-05-19 10:20:16,10239.25,0
2021-05-19 10:20:18,10240.05,0
2021-05-19 10:20:19,10240.1,0
2021-05-19 10:20:20,10240.55,0
2021-05-19 10:20:21,10241.15,0
2021-05-19 10:20:22,10238.1,0
2021-05-19 10:20:23,10239.8,0
2021-05-19 10:20:24,10239.65,0
2021-05-19 10:20:25,10238.5,0
2021-05-19 10:20:27,10239.7,0
2021-05-19 10:20:28,10238.3,0
2021-05-19 10:20:29,10238.2,0
2021-05-19 10:20:31,10237.0,0
2021-05-19 10:20:33,10235.8,0
2021-05-19 10:20:34,10236.8,0
2021-05-19 10:20:35,10236.5,0
2021-05-19 10:20:36,10235.9,0
2021-05-19 10:20:37,10234.9,0
2021-05-19 10:20:38,10235.4,0
2021-05-19 10:20:39,10234.95,0
2021-05-19 10:20:40,10235.55,0
2021-05-19 10:20:43,10233.9,0
2021-05-19 10:20:53,10231.05,0
2021-05-19 10:20:55,10231.35,0
2021-05-19 10:20:57,10231.9,0
2021-05-19 10:20:59,10231.95,0
2021-05-19 10:21:00,10231.9,0
2021-05-19 10:21:02,10231.35,0
2021-05-19 10:21:03,10230.65,0
2021-05-19 10:21:06,10230.1,0
2021-05-19 10:21:07,10230.15,0
2021-05-19 10:21:09,10231.95,0
2021-05-19 10:21:10,10232.05,0
2021-05-19 10:21:17,10230.35,0
2021-05-19 10:21:19,10230.2,0
2021-05-19 10:21:20,10230.5,0
2021-05-19 10:21:21,10230.3,0
2021-05-19 10:21:22,10230.25,0
2021-05-19 10:21:23,10230.05,0
2021-05-19 10:21:24,10231.5,0
2021-05-19 10:21:25,10230.5,0
2021-05-19 10:21:27,10229.2,0
2021-05-19 10:21:28,10228.4,0
2021-05-19 10:21:30,10228.7,0
2021-05-19 10:21:31,10229.4,0
2021-05-19 10:21:32,10229.05,0
2021-05-19 10:21:33,10229.15,0
2021-05-19 10:21:34,10229.05,0
2021-05-19 10:21:35,10229.25,0
2021-05-19 10:21:36,10228.95,0
2021-05-19 10:21:37,10227.8,0
2021-05-19 10:21:39,10228.0,0
2021-05-19 10:21:40,10228.35,0
2021-05-19 10:21:41,10229.4,0
2021-05-19 10:21:42,10229.35,0
2021-05-19 10:21:43,10229.15,0
2021-05-19 10:21:44,10229.05,0
2021-05-19 10:21:45,10229.15,0
2021-05-19 10:21:46,10229.4,0
2021-05-19 10:21:48,10229.75,0
2021-05-19 10:21:53,10227.95,0
2021-05-19 10:21:54,10227.35,0
2021-05-19 10:21:55,10227.65,0
2021-05-19 10:21:57,10227.25,0
2021-05-19 10:22:00,10228.0,0
2021-05-19 10:22:01,10228.05,0
2021-05-19 10:22:02,10228.3,0
2021-05-19 10:22:03,10229.15,0
2021-05-19 10:22:04,10227.4,0
2021-05-19 10:22:05,10227.25,0
2021-05-19 10:22:08,10229.6,0
2021-05-19 10:22:09,10229.25,0
2021-05-19 10:22:12,10231.1,0
2021-05-19 10:22:13,10231.25,0
2021-05-19 10:22:14,10231.7,0
2021-05-19 10:22:17,10232.4,0
2021-05-19 10:22:18,10232.65,0
2021-05-19 10:22:20,10234.25,0
2021-05-19 10:22:21,10234.8,0
2021-05-19 10:22:23,10234.75,0
2021-05-19 10:22:24,10235.35,0
2021-05-19 10:22:26,10235.35,0
2021-05-19 10:22:28,10236.25,0
2021-05-19 10:22:30,10236.35,0
2021-05-19 10:22:31,10236.1,0
2021-05-19 10:22:33,10236.95,0
2021-05-19 10:22:34,10235.95,0
2021-05-19 10:22:35,10235.6,0
2021-05-19 10:22:36,10236.35,0
2021-05-19 10:22:38,10236.6,0
2021-05-19 10:22:39,10235.75,0
2021-05-19 10:22:41,10235.45,0
2021-05-19 10:22:43,10235.55,0
2021-05-19 10:22:44,10236.05,0
2021-05-19 10:22:45,10235.1,0
2021-05-19 10:22:46,10235.9,0
2021-05-19 10:22:47,10236.35,0
2021-05-19 10:22:56,10236.2,0
2021-05-19 10:23:02,10236.15,0
2021-05-19 10:23:03,10236.2,0
2021-05-19 10:23:04,10235.9,0
2021-05-19 10:23:09,10235.25,0
2021-05-19 10:23:11,10235.7,0
2021-05-19 10:23:13,10234.7,0
2021-05-19 10:23:14,10234.45,0
2021-05-19 10:23:18,10233.05,0
2021-05-19 10:23:19,10233.55,0
2021-05-19 10:23:23,10234.6,0
2021-05-19 10:23:25,10233.35,0
2021-05-19 10:23:27,10235.55,0
2021-05-19 10:23:29,10231.75,0
2021-05-19 10:23:31,10233.15,0
2021-05-19 10:23:33,10232.1,0
2021-05-19 10:23:34,10232.55,0
2021-05-19 10:23:36,10231.6,0
2021-05-19 10:23:37,10232.25,0
2021-05-19 10:23:38,10231.8,0
2021-05-19 10:23:41,10231.15,0
2021-05-19 10:23:42,10231.15,0
2021-05-19 10:23:43,10230.1,0
2021-05-19 10:23:46,10229.8,0
2021-05-19 10:23:47,10230.55,0
2021-05-19 10:23:48,10231.0,0
2021-05-19 10:23:51,10230.65,0
2021-05-19 10:23:52,10230.6,0
2021-05-19 10:23:55,10230.4,0
2021-05-19 10:23:56,10231.8,0
2021-05-19 10:23:57,10230.9,0
2021-05-19 10:23:59,10230.6,0
2021-05-19 10:24:00,10230.35,0
2021-05-19 10:24:03,10229.15,0
2021-05-19 10:24:04,10230.15,0
2021-05-19 10:24:08,10227.75,0
2021-05-19 10:24:09,10227.2,0
2021-05-19 10:24:10,10226.75,0
2021-05-19 10:24:12,10227.05,0
2021-05-19 10:24:13,10226.95,0
2021-05-19 10:24:16,10224.4,0
2021-05-19 10:24:17,10224.1,0
2021-05-19 10:24:18,10226.15,0
2021-05-19 10:24:19,10225.0,0
2021-05-19 10:24:22,10224.45,0
2021-05-19 10:24:25,10225.05,0
2021-05-19 10:24:26,10226.05,0
2021-05-19 10:24:28,10225.7,0
2021-05-19 10:24:29,10224.7,0
2021-05-19 10:24:30,10225.05,0
2021-05-19 10:24:31,10223.85,0
2021-05-19 10:24:33,10224.7,0
2021-05-19 10:24:34,10224.1,0
2021-05-19 10:24:36,10225.15,0
2021-05-19 10:24:37,10225.1,0
2021-05-19 10:24:38,10224.5,0
2021-05-19 10:24:39,10225.25,0
2021-05-19 10:24:40,10224.4,0
2021-05-19 10:24:41,10224.85,0
2021-05-19 10:24:42,10224.15,0
2021-05-19 10:24:43,10225.25,0
2021-05-19 10:24:45,10223.95,0
2021-05-19 10:24:46,10223.7,0
2021-05-19 10:24:47,10222.55,0
2021-05-19 10:24:48,10222.9,0
2021-05-19 10:24:53,10222.2,0
2021-05-19 10:24:57,10222.7,0
2021-05-19 10:24:59,10221.05,0
2021-05-19 10:25:01,10221.95,0
2021-05-19 10:25:03,10221.25,0
2021-05-19 10:25:06,10219.4,0
2021-05-19 10:25:08,10219.75,0
2021-05-19 10:25:10,10220.3,0
2021-05-19 10:25:13,10218.15,0
2021-05-19 10:25:14,10219.05,0
2021-05-19 10:25:15,10217.55,0
2021-05-19 10:25:21,10219.6,0
2021-05-19 10:25:23,10219.85,0
2021-05-19 10:25:25,10219.5,0
2021-05-19 10:25:28,10221.9,0
2021-05-19 10:25:29,10222.75,0
2021-05-19 10:25:30,10222.3,0
2021-05-19 10:25:33,10223.55,0
2021-05-19 10:25:41,10222.15,0
2021-05-19 10:25:42,10222.35,0
2021-05-19 10:25:45,10221.9,0
2021-05-19 10:25:47,10220.9,0
2021-05-19 10:25:50,10221.35,0
2021-05-19 10:25:51,10221.1,0
2021-05-19 10:25:53,10220.1,0
2021-05-19 10:25:57,10220.55,0
2021-05-19 10:25:58,10221.6,0
2021-05-19 10:26:01,10219.7,0
2021-05-19 10:26:02,10219.7,0
2021-05-19 10:26:03,10219.9,0
2021-05-19 10:26:05,10219.3,0
2021-05-19 10:26:06,10219.95,0
2021-05-19 10:26:07,10219.8,0
2021-05-19 10:26:10,10220.4,0
2021-05-19 10:26:13,10219.3,0
2021-05-19 10:26:14,10219.8,0
2021-05-19 10:26:17,10218.45,0
2021-05-19 10:26:22,10220.65,0
2021-05-19 10:26:25,10221.2,0
2021-05-19 10:26:26,10221.5,0
2021-05-19 10:26:27,10220.95,0
2021-05-19 10:26:28,10220.75,0
2021-05-19 10:26:29,10219.25,0
2021-05-19 10:26:30,10219.9,0
2021-05-19 10:26:33,10220.1,0
2021-05-19 10:26:34,10219.65,0
2021-05-19 10:26:35,10220.45,0
2021-05-19 10:26:36,10220.7,0
2021-05-19 10:26:37,10220.15,0
2021-05-19 10:26:38,10220.9,0
2021-05-19 10:26:39,10221.05,0
2021-05-19 10:26:41,10220.25,0
2021-05-19 10:26:42,10220.6,0
2021-05-19 10:26:43,10221.55,0
2021-05-19 10:26:44,10220.45,0
2021-05-19 10:26:45,10221.15,0
2021-05-19 10:26:49,10221.2,0
2021-05-19 10:26:50,10220.55,0
2021-05-19 10:26:53,10221.65,0
2021-05-19 10:26:55,10221.8,0
2021-05-19 10:26:57,10221.8,0
2021-05-19 10:26:58,10221.9,0
2021-05-19 10:27:01,10222.5,0
2021-05-19 10:27:03,10222.35,0
2021-05-19 10:27:04,10222.25,0
2021-05-19 10:27:05,10222.75,0
2021-05-19 10:27:11,10222.75,0
2021-05-19 10:27:12,10223.0,0
2021-05-19 10:27:13,10223.65,0
2021-05-19 10:27:15,10222.95,0
2021-05-19 10:27:16,10222.7,0
2021-05-19 10:27:18,10222.8,0
2021-05-19 10:27:19,10223.35,0
2021-05-19 10:27:20,10223.8,0
2021-05-19 10:27:23,10223.85,0
2021-05-19 10:27:24,10224.35,0
2021-05-19 10:27:26,10224.2,0
2021-05-19 10:27:27,10225.0,0
2021-05-19 10:27:30,10225.0,0
2021-05-19 10:27:31,10226.1,0
2021-05-19 10:27:32,10226.5,0
2021-05-19 10:27:38,10225.9,0
2021-05-19 10:27:45,10227.25,0
2021-05-19 10:27:48,10226.65,0
2021-05-19 10:27:49,10227.0,0
2021-05-19 10:27:52,10225.75,0
2021-05-19 10:27:54,10225.7,0
2021-05-19 10:27:56,10224.6,0
2021-05-19 10:27:59,10225.1,0
2021-05-19 10:28:00,10224.4,0
2021-05-19 10:28:01,10224.1,0
2021-05-19 10:28:03,10224.65,0
2021-05-19 10:28:05,10223.45,0
2021-05-19 10:28:06,10223.55,0
2021-05-19 10:28:07,10224.0,0
2021-05-19 10:28:09,10222.05,0
2021-05-19 10:28:10,10222.65,0
2021-05-19 10:28:12,10222.85,0
2021-05-19 10:28:13,10220.25,0
2021-05-19 10:28:15,10219.85,0
2021-05-19 10:28:19,10222.05,0
2021-05-19 10:28:21,10219.8,0
2021-05-19 10:28:22,10220.0,0
2021-05-19 10:28:24,10219.05,0
2021-05-19 10:28:26,10218.95,0
2021-05-19 10:28:27,10218.8,0
2021-05-19 10:28:28,10217.85,0
2021-05-19 10:28:30,10219.95,0
2021-05-19 10:28:33,10219.1,0
2021-05-19 10:28:34,10218.75,0
2021-05-19 10:28:35,10218.35,0
2021-05-19 10:28:36,10218.9,0
2021-05-19 10:28:37,10219.3,0
2021-05-19 10:28:38,10219.8,0
2021-05-19 10:28:40,10220.2,0
2021-05-19 10:28:45,10221.4,0
2021-05-19 10:28:46,10220.95,0
2021-05-19 10:28:47,10221.95,0
2021-05-19 10:28:48,10221.7,0
2021-05-19 10:28:52,10221.6,0
2021-05-19 10:28:53,10222.6,0
2021-05-19 10:28:54,10222.55,0
2021-05-19 10:28:55,10222.95,0
2021-05-19 10:28:56,10223.0,0
2021-05-19 10:28:58,10223.0,0
2021-05-19 10:28:59,10221.7,0
2021-05-19 10:29:01,10221.45,0
2021-05-19 10:29:03,10222.0,0
2021-05-19 10:29:06,10222.15,0
2021-05-19 10:29:07,10221.65,0
2021-05-19 10:29:10,10219.35,0
2021-05-19 10:29:11,10220.75,0
2021-05-19 10:29:12,10220.9,0
2021-05-19 10:29:14,10220.5,0
2021-05-19 10:29:16,10220.75,0
2021-05-19 10:29:17,10220.3,0
2021-05-19 10:29:22,10221.7,0
2021-05-19 10:29:24,10222.3,0
2021-05-19 10:29:25,10221.3,0
2021-05-19 10:29:26,10220.65,0
2021-05-19 10:29:30,10220.2,0
2021-05-19 10:29:31,10220.25,0
2021-05-19 10:29:33,10219.95,0
2021-05-19 10:29:34,10219.8,0
2021-05-19 10:29:35,10220.0,0
2021-05-19 10:29:38,10219.95,0
2021-05-19 10:29:40,10219.5,0
2021-05-19 10:29:41,10219.15,0
2021-05-19 10:29:42,10219.25,0
2021-05-19 10:29:45,10219.4,0
2021-05-19 10:29:47,10218.9,0
2021-05-19 10:29:48,10218.2,0
2021-05-19 10:29:50,10217.95,0
2021-05-19 10:29:51,10218.0,0
2021-05-19 10:29:53,10217.65,0
2021-05-19 10:29:54,10217.0,0
2021-05-19 10:29:55,10216.4,0
2021-05-19 10:29:56,10216.0,0
2021-05-19 10:29:57,10216.7,0
2021-05-19 10:30:00,10217.8,0
2021-05-19 10:30:01,10218.25,0
2021-05-19 10:30:02,10217.5,0
2021-05-19 10:30:03,10217.4,0
2021-05-19 10:30:05,10216.55,0
2021-05-19 10:30:07,10216.9,0
2021-05-19 10:30:10,10212.95,0
2021-05-19 10:30:12,10213.15,0
2021-05-19 10:30:14,10211.45,0
2021-05-19 10:30:15,10210.2,0
2021-05-19 10:30:16,10210.6,0
2021-05-19 10:30:17,10210.2,0
2021-05-19 10:30:22,10209.75,0
2021-05-19 10:30:23,10210.2,0
2021-05-19 10:30:24,10209.25,0
2021-05-19 10:30:26,10209.9,0
2021-05-19 10:30:28,10209.0,0
2021-05-19 10:30:29,10208.85,0
2021-05-19 10:30:34,10208.0,0
2021-05-19 10:30:36,10208.65,0
2021-05-19 10:30:38,10209.4,0
2021-05-19 10:30:43,10210.0,0
2021-05-19 10:30:46,10209.15,0
2021-05-19 10:30:47,10208.9,0
2021-05-19 10:30:48,10208.1,0
2021-05-19 10:30:51,10210.4,0
2021-05-19 10:30:53,10209.45,0
2021-05-19 10:30:56,10211.55,0
2021-05-19 10:30:57,10212.6,0
2021-05-19 10:30:59,10211.15,0
2021-05-19 10:31:02,10211.3,0
2021-05-19 10:31:04,10211.3,0
2021-05-19 10:31:05,10210.55,0
2021-05-19 10:31:09,10210.25,0
2021-05-19 10:31:12,10210.7,0
2021-05-19 10:31:15,10210.55,0
2021-05-19 10:31:19,10210.05,0
2021-05-19 10:31:20,10209.55,0
2021-05-19 10:31:21,10209.45,0
2021-05-19 10:31:22,10209.1,0
2021-05-19 10:31:24,10210.15,0
2021-05-19 10:31:26,10209.1,0
2021-05-19 10:31:27,10208.75,0
2021-05-19 10:31:28,10209.15,0
2021-05-19 10:31:33,10209.2,0
2021-05-19 10:31:34,10209.15,0
2021-05-19 10:31:36,10209.3,0
2021-05-19 10:31:37,10209.7,0
2021-05-19 10:31:38,10209.05,0
2021-05-19 10:31:40,10208.3,0
2021-05-19 10:31:42,10208.85,0
2021-05-19 10:31:45,10207.65,0
2021-05-19 10:31:46,10206.6,0
2021-05-19 10:31:48,10206.4,0
2021-05-19 10:31:50,10206.9,0
2021-05-19 10:31:51,10207.3,0
2021-05-19 10:31:52,10206.3,0
2021-05-19 10:31:53,10206.05,0
2021-05-19 10:31:54,10205.65,0
2021-05-19 10:31:57,10205.15,0
2021-05-19 10:31:59,10206.05,0
2021-05-19 10:32:00,10204.35,0
2021-05-19 10:32:01,10205.1,0
2021-05-19 10:32:03,10205.95,0
2021-05-19 10:32:05,10205.55,0
2021-05-19 10:32:07,10204.6,0
2021-05-19 10:32:08,10203.95,0
2021-05-19 10:32:11,10206.15,0
2021-05-19 10:32:18,10208.7,0
2021-05-19 10:32:19,10209.15,0
2021-05-19 10:32:20,10210.0,0
2021-05-19 10:32:21,10208.25,0
2021-05-19 10:32:22,10208.6,0
2021-05-19 10:32:23,10208.1,0
2021-05-19 10:32:26,10209.35,0
2021-05-19 10:32:28,10208.9,0
2021-05-19 10:32:29,10209.25,0
2021-05-19 10:32:30,10208.75,0
2021-05-19 10:32:36,10209.8,0
2021-05-19 10:32:39,10210.0,0
2021-05-19 10:32:41,10210.0,0
2021-05-19 10:32:45,10209.25,0
2021-05-19 10:32:46,10209.9,0
2021-05-19 10:32:51,10210.7,0
2021-05-19 10:32:53,10209.85,0
2021-05-19 10:32:54,10210.0,0
2021-05-19 10:32:55,10209.0,0
2021-05-19 10:32:56,10209.8,0
2021-05-19 10:32:57,10210.75,0
2021-05-19 10:32:58,10211.1,0
2021-05-19 10:33:01,10210.2,0
2021-05-19 10:33:06,10210.1,0
2021-05-19 10:33:07,10210.4,0
2021-05-19 10:33:09,10210.5,0
2021-05-19 10:33:10,10209.45,0
2021-05-19 10:33:11,10209.4,0
2021-05-19 10:33:12,10210.2,0
2021-05-19 10:33:14,10211.15,0
2021-05-19 10:33:16,10211.4,0
2021-05-19 10:33:20,10211.3,0
2021-05-19 10:33:22,10211.4,0
2021-05-19 10:33:24,10212.35,0
2021-05-19 10:33:27,10211.65,0
2021-05-19 10:33:29,10211.95,0
2021-05-19 10:33:31,10212.05,0
2021-05-19 10:33:32,10211.25,0
2021-05-19 10:33:35,10212.45,0
2021-05-19 10:33:37,10214.5,0
2021-05-19 10:33:38,10214.05,0
2021-05-19 10:33:39,10213.15,0
2021-05-19 10:33:41,10211.35,0
2021-05-19 10:33:48,10211.8,0
2021-05-19 10:33:51,10212.55,0
2021-05-19 10:33:52,10213.25,0
2021-05-19 10:33:57,10213.15,0
2021-05-19 10:33:59,10214.4,0
2021-05-19 10:34:01,10214.7,0
2021-05-19 10:34:02,10213.15,0
2021-05-19 10:34:04,10213.1,0
2021-05-19 10:34:08,10214.4,0
2021-05-19 10:34:09,10214.15,0
2021-05-19 10:34:11,10213.05,0
2021-05-19 10:34:12,10213.7,0
2021-05-19 10:34:13,10213.1,0
2021-05-19 10:34:15,10213.25,0
2021-05-19 10:34:17,10214.35,0
2021-05-19 10:34:19,10213.75,0
2021-05-19 10:34:20,10213.05,0
2021-05-19 10:34:21,10213.65,0
2021-05-19 10:34:24,10213.9,0
2021-05-19 10:34:25,10214.25,0
2021-05-19 10:34:26,10214.25,0
2021-05-19 10:34:28,10214.35,0
2021-05-19 10:34:30,10213.5,0
2021-05-19 10:34:32,10213.1,0
2021-05-19 10:34:36,10212.1,0
2021-05-19 10:34:37,10212.95,0
2021-05-19 10:34:40,10211.8,0
2021-05-19 10:34:41,10211.9,0
2021-05-19 10:34:42,10210.55,0
2021-05-19 10:34:43,10211.2,0
2021-05-19 10:34:44,10211.4,0
2021-05-19 10:34:45,10211.0,0
2021-05-19 10:34:46,10211.4,0
2021-05-19 10:34:49,10210.65,0
2021-05-19 10:34:52,10212.6,0
2021-05-19 10:34:53,10211.5,0
2021-05-19 10:34:57,10208.4,0
2021-05-19 10:34:59,10209.85,0
2021-05-19 10:35:01,10207.25,0
2021-05-19 10:35:04,10207.45,0
2021-05-19 10:35:07,10204.55,0
2021-05-19 10:35:12,10204.95,0
2021-05-19 10:35:13,10205.25,0
2021-05-19 10:35:15,10206.15,0
2021-05-19 10:35:20,10204.4,0
2021-05-19 10:35:21,10204.8,0
2021-05-19 10:35:23,10204.0,0
2021-05-19 10:35:24,10205.35,0
2021-05-19 10:35:25,10205.45,0
2021-05-19 10:35:29,10205.15,0
2021-05-19 10:35:30,10205.25,0
2021-05-19 10:35:31,10204.95,0
2021-05-19 10:35:32,10204.85,0
2021-05-19 10:35:33,10204.9,0
2021-05-19 10:35:35,10204.45,0
2021-05-19 10:35:36,10204.7,0
2021-05-19 10:35:37,10204.4,0
2021-05-19 10:35:39,10204.35,0
2021-05-19 10:35:40,10205.8,0
2021-05-19 10:35:42,10206.0,0
2021-05-19 10:35:44,10205.85,0
2021-05-19 10:35:45,10206.15,0
2021-05-19 10:35:49,10206.8,0
2021-05-19 10:35:50,10206.25,0
2021-05-19 10:35:53,10206.55,0
2021-05-19 10:35:54,10207.3,0
2021-05-19 10:35:55,10208.0,0
2021-05-19 10:35:56,10207.4,0
2021-05-19 10:35:57,10207.3,0
2021-05-19 10:35:58,10207.15,0
2021-05-19 10:35:59,10207.0,0
2021-05-19 10:36:00,10206.9,0
2021-05-19 10:36:02,10206.25,0
2021-05-19 10:36:03,10206.5,0
2021-05-19 10:36:05,10206.55,0
2021-05-19 10:36:06,10207.65,0
2021-05-19 10:36:07,10207.85,0
2021-05-19 10:36:08,10208.25,0
2021-05-19 10:36:09,10208.0,0
2021-05-19 10:36:10,10208.15,0
2021-05-19 10:36:13,10207.35,0
2021-05-19 10:36:14,10207.0,0
2021-05-19 10:36:15,10207.7,0
2021-05-19 10:36:17,10209.15,0
2021-05-19 10:36:18,10208.8,0
2021-05-19 10:36:19,10208.1,0
2021-05-19 10:36:22,10208.1,0
2021-05-19 10:36:24,10207.8,0
2021-05-19 10:36:26,10208.45,0
2021-05-19 10:36:27,10208.75,0
2021-05-19 10:36:31,10208.1,0
2021-05-19 10:36:34,10206.35,0
2021-05-19 10:36:35,10206.6,0
2021-05-19 10:36:36,10207.1,0
2021-05-19 10:36:40,10208.0,0
2021-05-19 10:36:43,10207.55,0
2021-05-19 10:36:44,10207.35,0
2021-05-19 10:36:45,10207.0,0
2021-05-19 10:36:47,10207.55,0
2021-05-19 10:36:48,10207.0,0
2021-05-19 10:36:50,10207.0,0
2021-05-19 10:36:51,10207.1,0
2021-05-19 10:36:53,10207.75,0
2021-05-19 10:36:56,10208.35,0
2021-05-19 10:36:58,10208.55,0
2021-05-19 10:36:59,10208.0,0
2021-05-19 10:37:00,10207.6,0
2021-05-19 10:37:01,10207.3,0
2021-05-19 10:37:02,10207.65,0
2021-05-19 10:37:03,10206.0,0
2021-05-19 10:37:05,10205.8,0
2021-05-19 10:37:06,10205.05,0
2021-05-19 10:37:07,10203.3,0
2021-05-19 10:37:08,10202.8,0
2021-05-19 10:37:11,10202.25,0
2021-05-19 10:37:13,10202.75,0
2021-05-19 10:37:14,10202.15,0
2021-05-19 10:37:15,10201.5,0
2021-05-19 10:37:17,10201.45,0
2021-05-19 10:37:18,10200.9,0
2021-05-19 10:37:19,10200.85,0
2021-05-19 10:37:20,10202.15,0
2021-05-19 10:37:21,10201.85,0
2021-05-19 10:37:22,10202.35,0
2021-05-19 10:37:23,10202.4,0
2021-05-19 10:37:24,10202.85,0
2021-05-19 10:37:25,10203.25,0
2021-05-19 10:37:26,10203.05,0
2021-05-19 10:37:28,10203.5,0
2021-05-19 10:37:30,10204.4,0
2021-05-19 10:37:33,10204.3,0
2021-05-19 10:37:35,10203.7,0
2021-05-19 10:37:37,10204.1,0
2021-05-19 10:37:38,10203.05,0
2021-05-19 10:37:39,10203.6,0
2021-05-19 10:37:40,10203.25,0
2021-05-19 10:37:41,10203.25,0
2021-05-19 10:37:43,10204.7,0
2021-05-19 10:37:44,10204.65,0
2021-05-19 10:37:45,10203.45,0
2021-05-19 10:37:46,10203.9,0
2021-05-19 10:37:47,10204.65,0
2021-05-19 10:37:48,10204.65,0
2021-05-19 10:37:49,10204.2,0
2021-05-19 10:37:50,10204.5,0
2021-05-19 10:37:51,10204.6,0
2021-05-19 10:37:53,10204.45,0
2021-05-19 10:37:56,10205.3,0
2021-05-19 10:37:57,10205.95,0
2021-05-19 10:37:59,10205.8,0
2021-05-19 10:38:03,10208.3,0
2021-05-19 10:38:04,10208.05,0
2021-05-19 10:38:05,10209.25,0
2021-05-19 10:38:06,10209.5,0
2021-05-19 10:38:07,10209.05,0
2021-05-19 10:38:08,10210.05,0
2021-05-19 10:38:13,10210.55,0
2021-05-19 10:38:15,10210.45,0
2021-05-19 10:38:18,10209.55,0
2021-05-19 10:38:19,10209.95,0
2021-05-19 10:38:23,10211.0,0
2021-05-19 10:38:24,10211.2,0
2021-05-19 10:38:25,10211.9,0
2021-05-19 10:38:26,10211.8,0
2021-05-19 10:38:27,10211.05,0
2021-05-19 10:38:30,10211.35,0
2021-05-19 10:38:31,10212.6,0
2021-05-19 10:38:33,10210.75,0
2021-05-19 10:38:34,10210.2,0
2021-05-19 10:38:35,10210.55,0
2021-05-19 10:38:37,10211.3,0
2021-05-19 10:38:38,10212.35,0
2021-05-19 10:38:40,10212.2,0
2021-05-19 10:38:49,10213.3,0
2021-05-19 10:38:50,10214.0,0
2021-05-19 10:38:52,10213.5,0
2021-05-19 10:38:57,10213.65,0
2021-05-19 10:39:02,10213.4,0
2021-05-19 10:39:03,10214.2,0
2021-05-19 10:39:07,10215.05,0
2021-05-19 10:39:08,10215.5,0
2021-05-19 10:39:09,10216.1,0
2021-05-19 10:39:10,10216.1,0
2021-05-19 10:39:11,10216.55,0
2021-05-19 10:39:13,10217.75,0
2021-05-19 10:39:15,10219.1,0
2021-05-19 10:39:16,10218.35,0
2021-05-19 10:39:17,10218.4,0
2021-05-19 10:39:18,10218.1,0
2021-05-19 10:39:21,10221.4,0
2021-05-19 10:39:22,10221.35,0
2021-05-19 10:39:24,10221.9,0
2021-05-19 10:39:25,10220.95,0
2021-05-19 10:39:28,10220.8,0
2021-05-19 10:39:34,10222.55,0
2021-05-19 10:39:36,10221.85,0
2021-05-19 10:39:37,10222.65,0
2021-05-19 10:39:38,10221.85,0
2021-05-19 10:39:39,10221.7,0
2021-05-19 10:39:40,10221.4,0
2021-05-19 10:39:41,10221.4,0
2021-05-19 10:39:42,10221.25,0
2021-05-19 10:39:45,10221.3,0
2021-05-19 10:39:46,10222.15,0
2021-05-19 10:39:47,10222.25,0
2021-05-19 10:39:48,10221.9,0
2021-05-19 10:39:51,10222.9,0
2021-05-19 10:39:52,10223.1,0
2021-05-19 10:39:53,10222.85,0
2021-05-19 10:39:56,10226.9,0
2021-05-19 10:39:57,10226.8,0
2021-05-19 10:39:58,10227.15,0
2021-05-19 10:40:02,10226.05,0
2021-05-19 10:40:03,10225.8,0
2021-05-19 10:40:04,10225.85,0
2021-05-19 10:40:07,10227.3,0
2021-05-19 10:40:09,10225.05,0
2021-05-19 10:40:10,10226.85,0
2021-05-19 10:40:14,10229.25,0
2021-05-19 10:40:15,10228.7,0
2021-05-19 10:40:16,10229.65,0
2021-05-19 10:40:17,10230.3,0
2021-05-19 10:40:18,10229.0,0
2021-05-19 10:40:21,10229.4,0
2021-05-19 10:40:22,10230.15,0
2021-05-19 10:40:24,10233.55,0
2021-05-19 10:40:25,10234.25,0
2021-05-19 10:40:28,10236.25,0
2021-05-19 10:40:29,10236.3,0
2021-05-19 10:40:31,10237.05,0
2021-05-19 10:40:33,10235.45,0
2021-05-19 10:40:34,10236.35,0
2021-05-19 10:40:36,10235.55,0
2021-05-19 10:40:39,10236.6,0
2021-05-19 10:40:44,10232.6,0
2021-05-19 10:40:47,10230.85,0
2021-05-19 10:40:48,10232.3,0
2021-05-19 10:40:51,10231.3,0
2021-05-19 10:40:52,10231.35,0
2021-05-19 10:40:54,10231.95,0
2021-05-19 10:40:58,10233.35,0
2021-05-19 10:40:59,10233.8,0
2021-05-19 10:41:02,10232.65,0
2021-05-19 10:41:03,10230.55,0
2021-05-19 10:41:04,10230.35,0
2021-05-19 10:41:06,10230.8,0
2021-05-19 10:41:07,10229.8,0
2021-05-19 10:41:12,10229.55,0
2021-05-19 10:41:13,10229.25,0
2021-05-19 10:41:14,10229.55,0
2021-05-19 10:41:15,10228.7,0
2021-05-19 10:41:18,10226.2,0
2021-05-19 10:41:19,10226.05,0
2021-05-19 10:41:21,10226.8,0
2021-05-19 10:41:23,10226.05,0
2021-05-19 10:41:26,10226.85,0
2021-05-19 10:41:28,10226.85,0
2021-05-19 10:41:29,10226.85,0
2021-05-19 10:41:30,10226.75,0
2021-05-19 10:41:32,10226.2,0
2021-05-19 10:41:33,10226.1,0
2021-05-19 10:41:34,10226.35,0
2021-05-19 10:41:35,10225.9,0
2021-05-19 10:41:36,10226.05,0
2021-05-19 10:41:37,10225.8,0
2021-05-19 10:41:39,10224.7,0
2021-05-19 10:41:40,10224.3,0
2021-05-19 10:41:43,10224.1,0
2021-05-19 10:41:47,10222.85,0
2021-05-19 10:41:50,10223.4,0
2021-05-19 10:41:51,10223.55,0
2021-05-19 10:41:52,10223.35,0
2021-05-19 10:41:53,10223.45,0
2021-05-19 10:41:55,10223.35,0
2021-05-19 10:41:56,10223.15,0
2021-05-19 10:41:57,10223.2,0
2021-05-19 10:41:58,10223.75,0
2021-05-19 10:41:59,10224.0,0
2021-05-19 10:42:02,10222.7,0
2021-05-19 10:42:04,10223.4,0
2021-05-19 10:42:05,10222.75,0
2021-05-19 10:42:06,10222.8,0
2021-05-19 10:42:07,10223.25,0
2021-05-19 10:42:11,10222.95,0
2021-05-19 10:42:12,10221.7,0
2021-05-19 10:42:13,10222.05,0
2021-05-19 10:42:14,10221.95,0
2021-05-19 10:42:15,10221.85,0
2021-05-19 10:42:17,10222.1,0
2021-05-19 10:42:18,10221.55,0
2021-05-19 10:42:19,10222.35,0
2021-05-19 10:42:20,10222.2,0
2021-05-19 10:42:21,10223.25,0
2021-05-19 10:42:22,10222.1,0
2021-05-19 10:42:23,10221.7,0
2021-05-19 10:42:24,10221.2,0
2021-05-19 10:42:25,10220.5,0
2021-05-19 10:42:26,10221.7,0
2021-05-19 10:42:27,10220.5,0
2021-05-19 10:42:28,10220.55,0
2021-05-19 10:42:29,10220.55,0
2021-05-19 10:42:30,10220.8,0
2021-05-19 10:42:32,10222.1,0
2021-05-19 10:42:34,10221.8,0
2021-05-19 10:42:36,10221.4,0
2021-05-19 10:42:37,10221.15,0
2021-05-19 10:42:38,10221.3,0
2021-05-19 10:42:39,10221.7,0
2021-05-19 10:42:40,10220.55,0
2021-05-19 10:42:41,10220.2,0
2021-05-19 10:42:42,10220.35,0
2021-05-19 10:42:43,10220.25,0
2021-05-19 10:42:44,10219.55,0
2021-05-19 10:42:45,10218.85,0
2021-05-19 10:42:46,10218.95,0
2021-05-19 10:42:47,10218.45,0
2021-05-19 10:42:48,10219.4,0
2021-05-19 10:42:49,10219.35,0
2021-05-19 10:42:51,10220.55,0
2021-05-19 10:42:52,10220.75,0
2021-05-19 10:42:53,10220.65,0
2021-05-19 10:42:54,10220.3,0
2021-05-19 10:42:55,10221.55,0
2021-05-19 10:42:56,10220.95,0
2021-05-19 10:42:57,10220.65,0
2021-05-19 10:42:58,10221.15,0
2021-05-19 10:43:00,10220.15,0
2021-05-19 10:43:01,10220.5,0
2021-05-19 10:43:02,10220.65,0
2021-05-19 10:43:03,10219.85,0
2021-05-19 10:43:04,10219.75,0
2021-05-19 10:43:06,10219.05,0
2021-05-19 10:43:07,10218.6,0
2021-05-19 10:43:09,10218.55,0
2021-05-19 10:43:10,10217.65,0
2021-05-19 10:43:11,10217.95,0
2021-05-19 10:43:12,10217.9,0
2021-05-19 10:43:13,10217.45,0
2021-05-19 10:43:16,10216.5,0
2021-05-19 10:43:19,10216.95,0
2021-05-19 10:43:20,10216.7,0
2021-05-19 10:43:22,10216.35,0
2021-05-19 10:43:23,10216.5,0
2021-05-19 10:43:24,10216.45,0
2021-05-19 10:43:25,10217.35,0
2021-05-19 10:43:26,10216.55,0
2021-05-19 10:43:29,10217.9,0
2021-05-19 10:43:31,10218.2,0
2021-05-19 10:43:32,10219.05,0
2021-05-19 10:43:35,10218.05,0
2021-05-19 10:43:36,10217.55,0
2021-05-19 10:43:38,10217.2,0
2021-05-19 10:43:39,10218.05,0
2021-05-19 10:43:40,10218.35,0
2021-05-19 10:43:41,10217.65,0
2021-05-19 10:43:43,10218.05,0
2021-05-19 10:43:45,10216.9,0
2021-05-19 10:43:46,10217.3,0
2021-05-19 10:43:47,10217.6,0
2021-05-19 10:43:48,10217.95,0
2021-05-19 10:43:49,10217.1,0
2021-05-19 10:43:50,10217.65,0
2021-05-19 10:43:51,10216.5,0
2021-05-19 10:43:52,10216.8,0
2021-05-19 10:43:55,10217.1,0
2021-05-19 10:43:56,10217.25,0
2021-05-19 10:43:57,10217.35,0
2021-05-19 10:43:59,10217.15,0
2021-05-19 10:44:02,10217.9,0
2021-05-19 10:44:03,10216.45,0
2021-05-19 10:44:04,10216.8,0
2021-05-19 10:44:06,10216.7,0
2021-05-19 10:44:07,10216.7,0
2021-05-19 10:44:08,10217.6,0
2021-05-19 10:44:09,10216.9,0
2021-05-19 10:44:11,10217.3,0
2021-05-19 10:44:13,10217.9,0
2021-05-19 10:44:15,10217.85,0
2021-05-19 10:44:16,10219.45,0
2021-05-19 10:44:17,10218.05,0
2021-05-19 10:44:23,10219.0,0
2021-05-19 10:44:24,10218.95,0
2021-05-19 10:44:25,10218.8,0
2021-05-19 10:44:28,10217.5,0
2021-05-19 10:44:33,10217.05,0
2021-05-19 10:44:34,10217.45,0
2021-05-19 10:44:36,10217.2,0
2021-05-19 10:44:38,10216.6,0
2021-05-19 10:44:41,10217.4,0
2021-05-19 10:44:42,10217.85,0
2021-05-19 10:44:44,10217.7,0
2021-05-19 10:44:47,10218.35,0
2021-05-19 10:44:48,10218.55,0
2021-05-19 10:44:49,10217.75,0
2021-05-19 10:44:52,10217.1,0
2021-05-19 10:44:55,10216.8,0
2021-05-19 10:44:56,10216.7,0
2021-05-19 10:44:57,10216.45,0
2021-05-19 10:44:58,10215.8,0
2021-05-19 10:44:59,10215.85,0
2021-05-19 10:45:01,10216.3,0
2021-05-19 10:45:04,10216.2,0
2021-05-19 10:45:05,10215.85,0
2021-05-19 10:45:06,10216.0,0
2021-05-19 10:45:08,10216.15,0
2021-05-19 10:45:10,10215.35,0
2021-05-19 10:45:11,10215.4,0
2021-05-19 10:45:12,10215.95,0
2021-05-19 10:45:14,10215.25,0
2021-05-19 10:45:15,10215.65,0
2021-05-19 10:45:16,10215.55,0
2021-05-19 10:45:17,10217.15,0
2021-05-19 10:45:18,10216.6,0
2021-05-19 10:45:21,10217.55,0
2021-05-19 10:45:22,10217.8,0
2021-05-19 10:45:23,10218.8,0
2021-05-19 10:45:24,10218.15,0
2021-05-19 10:45:25,10219.55,0
2021-05-19 10:45:26,10219.3,0
2021-05-19 10:45:27,10220.15,0
2021-05-19 10:45:29,10220.95,0
2021-05-19 10:45:30,10221.55,0
2021-05-19 10:45:32,10220.7,0
2021-05-19 10:45:33,10219.95,0
2021-05-19 10:45:34,10220.35,0
2021-05-19 10:45:38,10222.15,0
2021-05-19 10:45:41,10223.5,0
2021-05-19 10:45:44,10223.55,0
2021-05-19 10:45:45,10223.6,0
2021-05-19 10:45:48,10224.85,0
2021-05-19 10:45:49,10225.05,0
2021-05-19 10:45:50,10226.15,0
2021-05-19 10:45:53,10225.8,0
2021-05-19 10:45:55,10227.0,0
2021-05-19 10:45:56,10226.45,0
2021-05-19 10:45:58,10225.75,0
2021-05-19 10:46:01,10225.95,0
2021-05-19 10:46:03,10225.8,0
2021-05-19 10:46:04,10226.0,0
2021-05-19 10:46:06,10226.25,0
2021-05-19 10:46:07,10226.0,0
2021-05-19 10:46:09,10224.95,0
2021-05-19 10:46:11,10224.0,0
2021-05-19 10:46:12,10225.2,0
2021-05-19 10:46:14,10225.15,0
2021-05-19 10:46:15,10224.9,0
2021-05-19 10:46:18,10224.75,0
2021-05-19 10:46:19,10224.65,0
2021-05-19 10:46:20,10224.7,0
2021-05-19 10:46:23,10224.5,0
2021-05-19 10:46:24,10225.0,0
2021-05-19 10:46:26,10226.15,0
2021-05-19 10:46:28,10226.65,0
2021-05-19 10:46:29,10226.25,0
2021-05-19 10:46:30,10226.4,0
2021-05-19 10:46:32,10227.35,0
2021-05-19 10:46:35,10227.25,0
2021-05-19 10:46:36,10227.65,0
2021-05-19 10:46:37,10227.0,0
2021-05-19 10:46:39,10226.7,0
2021-05-19 10:46:40,10228.05,0
2021-05-19 10:46:43,10229.0,0
2021-05-19 10:46:44,10227.4,0
2021-05-19 10:46:45,10227.65,0
2021-05-19 10:46:46,10227.85,0
2021-05-19 10:46:49,10227.25,0
2021-05-19 10:46:50,10227.0,0
2021-05-19 10:46:52,10229.1,0
2021-05-19 10:46:53,10227.25,0
2021-05-19 10:46:54,10227.5,0
2021-05-19 10:46:55,10228.45,0
2021-05-19 10:46:56,10228.85,0
2021-05-19 10:46:59,10228.7,0
2021-05-19 10:47:02,10227.6,0
2021-05-19 10:47:03,10227.8,0
2021-05-19 10:47:05,10227.9,0
2021-05-19 10:47:06,10227.45,0
2021-05-19 10:47:08,10227.05,0
2021-05-19 10:47:09,10227.0,0
2021-05-19 10:47:10,10228.1,0
2021-05-19 10:47:11,10227.6,0
2021-05-19 10:47:12,10228.5,0
2021-05-19 10:47:13,10227.7,0
2021-05-19 10:47:15,10227.75,0
2021-05-19 10:47:18,10227.35,0
2021-05-19 10:47:19,10227.1,0
2021-05-19 10:47:20,10227.1,0
2021-05-19 10:47:21,10227.3,0
2021-05-19 10:47:25,10226.5,0
2021-05-19 10:47:28,10226.85,0
2021-05-19 10:47:29,10226.8,0
2021-05-19 10:47:30,10226.75,0
2021-05-19 10:47:32,10226.15,0
2021-05-19 10:47:33,10226.4,0
2021-05-19 10:47:34,10226.6,0
2021-05-19 10:47:35,10227.0,0
2021-05-19 10:47:36,10227.65,0
2021-05-19 10:47:39,10227.4,0
2021-05-19 10:47:40,10227.0,0
2021-05-19 10:47:42,10227.15,0
2021-05-19 10:47:44,10226.45,0
2021-05-19 10:47:47,10228.1,0
2021-05-19 10:47:48,10228.8,0
2021-05-19 10:47:52,10230.2,0
2021-05-19 10:47:54,10229.9,0
2021-05-19 10:47:57,10232.35,0
2021-05-19 10:48:03,10232.25,0
2021-05-19 10:48:10,10231.7,0
2021-05-19 10:48:11,10231.7,0
2021-05-19 10:48:12,10231.6,0
2021-05-19 10:48:15,10232.2,0
2021-05-19 10:48:20,10232.8,0
2021-05-19 10:48:21,10233.35,0
2021-05-19 10:48:27,10234.65,0
2021-05-19 10:48:34,10232.3,0
2021-05-19 10:48:35,10232.9,0
2021-05-19 10:48:36,10232.65,0
2021-05-19 10:48:39,10233.15,0
2021-05-19 10:48:41,10232.7,0
2021-05-19 10:48:42,10233.1,0
2021-05-19 10:48:43,10233.0,0
2021-05-19 10:48:45,10233.45,0
2021-05-19 10:48:47,10233.95,0
2021-05-19 10:48:48,10233.35,0
2021-05-19 10:48:49,10232.2,0
2021-05-19 10:48:50,10232.05,0
2021-05-19 10:48:51,10233.35,0
2021-05-19 10:48:55,10232.75,0
2021-05-19 10:48:58,10231.2,0
2021-05-19 10:48:59,10230.8,0
2021-05-19 10:49:00,10231.25,0
2021-05-19 10:49:01,10231.7,0
2021-05-19 10:49:02,10231.95,0
2021-05-19 10:49:05,10232.2,0
2021-05-19 10:49:07,10232.7,0
2021-05-19 10:49:10,10230.85,0
2021-05-19 10:49:11,10231.8,0
2021-05-19 10:49:13,10234.95,0
2021-05-19 10:49:15,10234.2,0
2021-05-19 10:49:17,10235.45,0
2021-05-19 10:49:18,10234.35,0
2021-05-19 10:49:21,10234.9,0
2021-05-19 10:49:24,10234.2,0
2021-05-19 10:49:25,10234.85,0
2021-05-19 10:49:26,10235.4,0
2021-05-19 10:49:31,10236.3,0
2021-05-19 10:49:34,10235.65,0
2021-05-19 10:49:35,10235.3,0
2021-05-19 10:49:36,10235.7,0
2021-05-19 10:49:39,10237.65,0
2021-05-19 10:49:40,10238.5,0
2021-05-19 10:49:41,10238.75,0
2021-05-19 10:49:43,10238.6,0
2021-05-19 10:49:44,10238.0,0
2021-05-19 10:49:45,10239.3,0
2021-05-19 10:49:46,10239.0,0
2021-05-19 10:49:47,10239.15,0
2021-05-19 10:49:48,10238.95,0
2021-05-19 10:49:49,10238.1,0
2021-05-19 10:49:50,10238.65,0
2021-05-19 10:49:51,10239.8,0
2021-05-19 10:49:54,10239.6,0
2021-05-19 10:49:55,10237.95,0
2021-05-19 10:49:56,10239.0,0
2021-05-19 10:49:57,10238.5,0
2021-05-19 10:50:00,10238.45,0
2021-05-19 10:50:01,10239.2,0
2021-05-19 10:50:02,10239.1,0
2021-05-19 10:50:04,10238.75,0
2021-05-19 10:50:07,10238.9,0
2021-05-19 10:50:09,10239.05,0
2021-05-19 10:50:10,10238.45,0
2021-05-19 10:50:11,10238.5,0
2021-05-19 10:50:12,10238.1,0
2021-05-19 10:50:13,10239.05,0
2021-05-19 10:50:14,10239.1,0
2021-05-19 10:50:15,10239.25,0
2021-05-19 10:50:16,10238.05,0
2021-05-19 10:50:17,10238.85,0
2021-05-19 10:50:18,10239.4,0
2021-05-19 10:50:19,10240.5,0
2021-05-19 10:50:20,10241.3,0
2021-05-19 10:50:21,10241.3,0
2021-05-19 10:50:22,10241.4,0
2021-05-19 10:50:23,10241.3,0
2021-05-19 10:50:25,10240.1,0
2021-05-19 10:50:26,10241.3,0
2021-05-19 10:50:27,10240.35,0
2021-05-19 10:50:28,10240.85,0
2021-05-19 10:50:30,10241.45,0
2021-05-19 10:50:31,10241.95,0
2021-05-19 10:50:32,10241.65,0
2021-05-19 10:50:33,10241.7,0
2021-05-19 10:50:34,10240.65,0
2021-05-19 10:50:36,10241.2,0
2021-05-19 10:50:37,10241.1,0
2021-05-19 10:50:38,10240.8,0
2021-05-19 10:50:39,10241.9,0
2021-05-19 10:50:40,10240.8,0
2021-05-19 10:50:41,10241.6,0
2021-05-19 10:50:42,10242.2,0
2021-05-19 10:50:43,10242.05,0
2021-05-19 10:50:44,10241.8,0
2021-05-19 10:50:45,10242.3,0
2021-05-19 10:50:46,10240.95,0
2021-05-19 10:50:49,10242.45,0
2021-05-19 10:50:50,10242.85,0
2021-05-19 10:50:51,10242.25,0
2021-05-19 10:50:52,10243.4,0
2021-05-19 10:50:53,10243.05,0
2021-05-19 10:50:55,10242.0,0
2021-05-19 10:50:56,10243.3,0
2021-05-19 10:50:57,10243.6,0
2021-05-19 10:50:58,10243.55,0
2021-05-19 10:51:03,10244.05,0
2021-05-19 10:51:04,10244.6,0
2021-05-19 10:51:05,10244.7,0
2021-05-19 10:51:06,10244.65,0
2021-05-19 10:51:09,10243.7,0
2021-05-19 10:51:10,10242.8,0
2021-05-19 10:51:13,10244.4,0
2021-05-19 10:51:14,10243.85,0
2021-05-19 10:51:16,10244.0,0
2021-05-19 10:51:17,10243.5,0
2021-05-19 10:51:18,10244.0,0
2021-05-19 10:51:19,10243.3,0
2021-05-19 10:51:20,10244.0,0
2021-05-19 10:51:21,10243.85,0
2021-05-19 10:51:23,10243.45,0
2021-05-19 10:51:26,10243.1,0
2021-05-19 10:51:28,10243.9,0
2021-05-19 10:51:30,10243.55,0
2021-05-19 10:51:31,10243.7,0
2021-05-19 10:51:32,10244.05,0
2021-05-19 10:51:33,10243.8,0
2021-05-19 10:51:34,10244.25,0
2021-05-19 10:51:36,10244.95,0
2021-05-19 10:51:39,10244.25,0
2021-05-19 10:51:41,10245.45,0
2021-05-19 10:51:42,10245.3,0
2021-05-19 10:51:43,10245.35,0
2021-05-19 10:51:44,10246.0,0
2021-05-19 10:51:45,10246.6,0
2021-05-19 10:51:48,10250.55,0
2021-05-19 10:51:49,10250.55,0
2021-05-19 10:51:51,10251.55,0
2021-05-19 10:51:52,10250.7,0
2021-05-19 10:51:53,10250.5,0
2021-05-19 10:51:54,10250.75,0
2021-05-19 10:51:55,10250.95,0
2021-05-19 10:51:56,10251.05,0
2021-05-19 10:51:57,10251.25,0
2021-05-19 10:52:00,10250.9,0
2021-05-19 10:52:02,10249.2,0
2021-05-19 10:52:04,10248.75,0
2021-05-19 10:52:06,10250.3,0
2021-05-19 10:52:07,10250.3,0
2021-05-19 10:52:08,10250.5,0
2021-05-19 10:52:09,10250.35,0
2021-05-19 10:52:10,10249.75,0
2021-05-19 10:52:11,10249.45,0
2021-05-19 10:52:12,10250.75,0
2021-05-19 10:52:13,10250.95,0
2021-05-19 10:52:14,10251.4,0
2021-05-19 10:52:15,10250.8,0
2021-05-19 10:52:18,10250.65,0
2021-05-19 10:52:19,10250.2,0
2021-05-19 10:52:20,10249.5,0
2021-05-19 10:52:21,10249.6,0
2021-05-19 10:52:22,10249.55,0
2021-05-19 10:52:23,10249.25,0
2021-05-19 10:52:24,10249.0,0
2021-05-19 10:52:25,10248.55,0
2021-05-19 10:52:26,10248.05,0
2021-05-19 10:52:28,10248.6,0
2021-05-19 10:52:29,10249.2,0
2021-05-19 10:52:30,10248.95,0
2021-05-19 10:52:31,10248.6,0
2021-05-19 10:52:33,10248.1,0
2021-05-19 10:52:34,10248.85,0
2021-05-19 10:52:35,10248.7,0
2021-05-19 10:52:39,10250.45,0
2021-05-19 10:52:46,10248.85,0
2021-05-19 10:52:48,10251.0,0
2021-05-19 10:52:51,10250.65,0
2021-05-19 10:52:52,10251.1,0
2021-05-19 10:52:54,10249.6,0
2021-05-19 10:52:55,10247.65,0
2021-05-19 10:52:56,10248.55,0
2021-05-19 10:52:57,10248.3,0
2021-05-19 10:52:59,10247.95,0
2021-05-19 10:53:02,10248.1,0
2021-05-19 10:53:03,10247.45,0
2021-05-19 10:53:05,10246.95,0
2021-05-19 10:53:06,10246.2,0
2021-05-19 10:53:07,10247.0,0
2021-05-19 10:53:08,10247.2,0
2021-05-19 10:53:10,10246.25,0
2021-05-19 10:53:11,10246.8,0
2021-05-19 10:53:12,10247.05,0
2021-05-19 10:53:13,10247.25,0
2021-05-19 10:53:14,10247.15,0
2021-05-19 10:53:15,10247.9,0
2021-05-19 10:53:16,10247.5,0
2021-05-19 10:53:18,10246.45,0
2021-05-19 10:53:19,10246.05,0
2021-05-19 10:53:21,10245.35,0
2021-05-19 10:53:23,10245.7,0
2021-05-19 10:53:24,10245.9,0
2021-05-19 10:53:25,10246.75,0
2021-05-19 10:53:26,10247.35,0
2021-05-19 10:53:27,10247.4,0
2021-05-19 10:53:28,10247.2,0
2021-05-19 10:53:29,10247.65,0
2021-05-19 10:53:31,10246.55,0
2021-05-19 10:53:35,10246.8,0
2021-05-19 10:53:36,10246.85,0
2021-05-19 10:53:37,10247.2,0
2021-05-19 10:53:38,10247.05,0
2021-05-19 10:53:39,10246.25,0
2021-05-19 10:53:41,10246.85,0
2021-05-19 10:53:42,10246.95,0
2021-05-19 10:53:45,10245.65,0
2021-05-19 10:53:47,10246.15,0
2021-05-19 10:53:50,10246.2,0
2021-05-19 10:53:51,10246.2,0
2021-05-19 10:53:52,10245.55,0
2021-05-19 10:53:53,10245.85,0
2021-05-19 10:53:54,10247.0,0
2021-05-19 10:53:55,10245.5,0
2021-05-19 10:53:59,10246.0,0
2021-05-19 10:54:00,10246.8,0
2021-05-19 10:54:01,10247.3,0
2021-05-19 10:54:02,10247.45,0
2021-05-19 10:54:04,10247.75,0
2021-05-19 10:54:06,10247.3,0
2021-05-19 10:54:08,10248.65,0
2021-05-19 10:54:09,10247.25,0
2021-05-19 10:54:11,10247.4,0
2021-05-19 10:54:12,10247.8,0
2021-05-19 10:54:13,10248.15,0
2021-05-19 10:54:14,10247.2,0
2021-05-19 10:54:15,10247.5,0
2021-05-19 10:54:16,10248.4,0
2021-05-19 10:54:17,10247.9,0
2021-05-19 10:54:18,10247.75,0
2021-05-19 10:54:19,10247.65,0
2021-05-19 10:54:20,10247.55,0
2021-05-19 10:54:21,10248.75,0
2021-05-19 10:54:25,10247.65,0
2021-05-19 10:54:26,10247.45,0
2021-05-19 10:54:27,10247.15,0
2021-05-19 10:54:32,10247.45,0
2021-05-19 10:54:35,10247.2,0
2021-05-19 10:54:36,10246.35,0
2021-05-19 10:54:42,10245.4,0
2021-05-19 10:54:41,10244.9,0
2021-05-19 10:54:44,10245.15,0
2021-05-19 10:54:46,10244.15,0
2021-05-19 10:54:49,10243.85,0
2021-05-19 10:54:50,10243.8,0
2021-05-19 10:54:51,10243.85,0
2021-05-19 10:54:52,10244.1,0
2021-05-19 10:54:55,10242.75,0
2021-05-19 10:54:58,10241.45,0
2021-05-19 10:54:59,10243.6,0
2021-05-19 10:55:00,10243.15,0
2021-05-19 10:55:02,10243.25,0
2021-05-19 10:55:03,10242.75,0
2021-05-19 10:55:05,10242.95,0
2021-05-19 10:55:08,10243.05,0
2021-05-19 10:55:09,10241.15,0
2021-05-19 10:55:10,10241.8,0
2021-05-19 10:55:11,10241.9,0
2021-05-19 10:55:12,10241.6,0
2021-05-19 10:55:13,10241.75,0
2021-05-19 10:55:14,10241.4,0
2021-05-19 10:55:15,10241.2,0
2021-05-19 10:55:16,10241.2,0
2021-05-19 10:55:17,10241.15,0
2021-05-19 10:55:18,10241.35,0
2021-05-19 10:55:19,10240.9,0
2021-05-19 10:55:20,10241.05,0
2021-05-19 10:55:21,10241.0,0
2021-05-19 10:55:22,10241.25,0
2021-05-19 10:55:23,10241.2,0
2021-05-19 10:55:24,10241.3,0
2021-05-19 10:55:25,10241.25,0
2021-05-19 10:55:26,10241.15,0
2021-05-19 10:55:27,10240.85,0
2021-05-19 10:55:29,10240.8,0
2021-05-19 10:55:34,10239.25,0
2021-05-19 10:55:39,10238.15,0
2021-05-19 10:55:40,10237.55,0
2021-05-19 10:55:41,10237.6,0
2021-05-19 10:55:43,10236.85,0
2021-05-19 10:55:45,10236.5,0
2021-05-19 10:55:46,10236.8,0
2021-05-19 10:55:47,10236.15,0
2021-05-19 10:55:49,10236.55,0
2021-05-19 10:55:50,10236.7,0
2021-05-19 10:55:51,10236.55,0
2021-05-19 10:55:52,10237.2,0
2021-05-19 10:55:53,10236.3,0
2021-05-19 10:55:55,10236.2,0
2021-05-19 10:55:57,10235.9,0
2021-05-19 10:55:59,10236.05,0
2021-05-19 10:56:02,10235.4,0
2021-05-19 10:56:03,10233.1,0
2021-05-19 10:56:04,10233.5,0
2021-05-19 10:56:06,10232.55,0
2021-05-19 10:56:07,10232.8,0
2021-05-19 10:56:08,10233.2,0
2021-05-19 10:56:09,10231.9,0
2021-05-19 10:56:10,10232.25,0
2021-05-19 10:56:12,10231.15,0
2021-05-19 10:56:14,10232.25,0
2021-05-19 10:56:13,10232.4,0
2021-05-19 10:56:15,10232.75,0
2021-05-19 10:56:16,10233.2,0
2021-05-19 10:56:17,10233.1,0
2021-05-19 10:56:18,10234.25,0
2021-05-19 10:56:19,10233.8,0
2021-05-19 10:56:24,10234.5,0
2021-05-19 10:56:28,10234.55,0
2021-05-19 10:56:30,10235.2,0
2021-05-19 10:56:31,10235.05,0
2021-05-19 10:56:32,10234.65,0
2021-05-19 10:56:34,10235.75,0
2021-05-19 10:56:35,10235.5,0
2021-05-19 10:56:36,10234.45,0
2021-05-19 10:56:38,10234.8,0
2021-05-19 10:56:39,10234.55,0
2021-05-19 10:56:42,10234.8,0
2021-05-19 10:56:45,10233.9,0
2021-05-19 10:56:47,10234.3,0
2021-05-19 10:56:49,10234.15,0
2021-05-19 10:56:52,10234.7,0
2021-05-19 10:56:53,10234.95,0
2021-05-19 10:56:54,10234.75,0
2021-05-19 10:56:55,10236.7,0
2021-05-19 10:56:56,10236.6,0
2021-05-19 10:56:57,10236.4,0
2021-05-19 10:56:58,10237.1,0
2021-05-19 10:57:01,10237.05,0
2021-05-19 10:57:02,10238.1,0
2021-05-19 10:57:04,10238.65,0
2021-05-19 10:57:06,10238.8,0
2021-05-19 10:57:08,10239.7,0
2021-05-19 10:57:10,10238.45,0
2021-05-19 10:57:12,10239.15,0
2021-05-19 10:57:13,10239.7,0
2021-05-19 10:57:16,10239.1,0
2021-05-19 10:57:17,10238.85,0
2021-05-19 10:57:21,10239.6,0
2021-05-19 10:57:22,10239.35,0
2021-05-19 10:57:23,10240.5,0
2021-05-19 10:57:24,10239.55,0
2021-05-19 10:57:25,10239.15,0
2021-05-19 10:57:26,10240.45,0
2021-05-19 10:57:27,10240.8,0
2021-05-19 10:57:28,10240.65,0
2021-05-19 10:57:30,10241.9,0
2021-05-19 10:57:31,10241.7,0
2021-05-19 10:57:32,10242.65,0
2021-05-19 10:57:33,10242.3,0
2021-05-19 10:57:38,10243.1,0
2021-05-19 10:57:39,10242.1,0
2021-05-19 10:57:40,10242.55,0
2021-05-19 10:57:41,10241.55,0
2021-05-19 10:57:43,10242.05,0
2021-05-19 10:57:45,10242.1,0
2021-05-19 10:57:46,10242.1,0
2021-05-19 10:57:47,10241.5,0
2021-05-19 10:57:48,10241.4,0
2021-05-19 10:57:50,10240.85,0
2021-05-19 10:57:51,10240.45,0
2021-05-19 10:57:53,10240.5,0
2021-05-19 10:57:54,10240.4,0
2021-05-19 10:57:55,10240.95,0
2021-05-19 10:57:56,10241.05,0
2021-05-19 10:57:57,10241.0,0
2021-05-19 10:57:58,10241.15,0
2021-05-19 10:57:59,10240.8,0
2021-05-19 10:58:00,10240.1,0
2021-05-19 10:58:01,10240.05,0
2021-05-19 10:58:02,10240.3,0
2021-05-19 10:58:03,10240.75,0
2021-05-19 10:58:05,10240.6,0
2021-05-19 10:58:07,10241.1,0
2021-05-19 10:58:09,10240.35,0
2021-05-19 10:58:10,10240.85,0
2021-05-19 10:58:12,10241.1,0
2021-05-19 10:58:16,10240.8,0
2021-05-19 10:58:17,10240.55,0
2021-05-19 10:58:19,10239.6,0
2021-05-19 10:58:20,10240.05,0
2021-05-19 10:58:21,10239.6,0
2021-05-19 10:58:24,10239.55,0
2021-05-19 10:58:25,10240.6,0
2021-05-19 10:58:26,10240.55,0
2021-05-19 10:58:27,10240.75,0
2021-05-19 10:58:28,10239.8,0
2021-05-19 10:58:29,10239.75,0
2021-05-19 10:58:31,10240.5,0
2021-05-19 10:58:32,10240.75,0
2021-05-19 10:58:33,10241.0,0
2021-05-19 10:58:35,10239.7,0
2021-05-19 10:58:36,10240.05,0
2021-05-19 10:58:38,10239.5,0
2021-05-19 10:58:39,10239.75,0
2021-05-19 10:58:40,10239.15,0
2021-05-19 10:58:41,10239.05,0
2021-05-19 10:58:44,10238.4,0
2021-05-19 10:58:48,10239.1,0
2021-05-19 10:58:50,10239.35,0
2021-05-19 10:58:51,10240.0,0
2021-05-19 10:58:54,10239.75,0
2021-05-19 10:58:56,10238.95,0
2021-05-19 10:58:58,10238.7,0
2021-05-19 10:58:59,10239.0,0
2021-05-19 10:59:00,10237.85,0
2021-05-19 10:59:02,10238.85,0
2021-05-19 10:59:03,10239.2,0
2021-05-19 10:59:04,10238.75,0
2021-05-19 10:59:05,10239.65,0
2021-05-19 10:59:06,10239.5,0
2021-05-19 10:59:07,10238.85,0
2021-05-19 10:59:11,10238.35,0
2021-05-19 10:59:12,10238.3,0
2021-05-19 10:59:13,10238.2,0
2021-05-19 10:59:14,10237.45,0
2021-05-19 10:59:17,10237.7,0
2021-05-19 10:59:18,10237.3,0
2021-05-19 10:59:21,10238.35,0
2021-05-19 10:59:22,10238.15,0
2021-05-19 10:59:24,10237.9,0
2021-05-19 10:59:25,10237.9,0
2021-05-19 10:59:26,10236.95,0
2021-05-19 10:59:29,10237.2,0
2021-05-19 10:59:31,10237.75,0
2021-05-19 10:59:32,10237.75,0
2021-05-19 10:59:40,10235.8,0
2021-05-19 10:59:45,10235.05,0
2021-05-19 10:59:46,10235.55,0
2021-05-19 10:59:48,10234.55,0
2021-05-19 10:59:54,10236.1,0
2021-05-19 10:59:55,10235.45,0
2021-05-19 10:59:56,10235.55,0
2021-05-19 10:59:58,10234.8,0
2021-05-19 10:59:59,10235.65,0
2021-05-19 11:00:00,10235.7,0
2021-05-19 11:00:02,10235.9,0
2021-05-19 11:00:07,10234.85,0
2021-05-19 11:00:08,10235.45,0
2021-05-19 11:00:19,10236.75,0
2021-05-19 11:00:21,10238.4,0
2021-05-19 11:00:23,10237.35,0
2021-05-19 11:00:24,10237.9,0
2021-05-19 11:00:25,10238.0,0
2021-05-19 11:00:26,10238.35,0
2021-05-19 11:00:28,10239.4,0
2021-05-19 11:00:29,10238.45,0
2021-05-19 11:00:34,10238.65,0
2021-05-19 11:00:37,10239.15,0
2021-05-19 11:00:38,10239.0,0
2021-05-19 11:00:40,10238.9,0
2021-05-19 11:00:41,10238.5,0
2021-05-19 11:00:42,10238.55,0
2021-05-19 11:00:45,10237.6,0
2021-05-19 11:00:48,10236.4,0
2021-05-19 11:00:50,10236.15,0
2021-05-19 11:00:51,10237.05,0
2021-05-19 11:00:53,10237.45,0
2021-05-19 11:00:54,10237.7,0
2021-05-19 11:00:55,10238.1,0
2021-05-19 11:00:57,10237.65,0
2021-05-19 11:00:59,10237.75,0
2021-05-19 11:01:00,10236.1,0
2021-05-19 11:01:02,10236.5,0
2021-05-19 11:01:03,10236.55,0
2021-05-19 11:01:04,10236.7,0
2021-05-19 11:01:05,10235.8,0
2021-05-19 11:01:07,10236.2,0
2021-05-19 11:01:08,10236.25,0
2021-05-19 11:01:09,10236.55,0
2021-05-19 11:01:10,10237.1,0
2021-05-19 11:01:13,10237.45,0
2021-05-19 11:01:14,10237.3,0
2021-05-19 11:01:18,10237.1,0
2021-05-19 11:01:19,10237.0,0
2021-05-19 11:01:20,10236.4,0
2021-05-19 11:01:22,10236.35,0
2021-05-19 11:01:23,10236.1,0
2021-05-19 11:01:25,10235.95,0
2021-05-19 11:01:26,10236.35,0
2021-05-19 11:01:28,10237.45,0
2021-05-19 11:01:29,10236.4,0
2021-05-19 11:01:30,10236.1,0
2021-05-19 11:01:31,10236.1,0
2021-05-19 11:01:33,10234.95,0
2021-05-19 11:01:34,10235.0,0
2021-05-19 11:01:36,10236.5,0
2021-05-19 11:01:39,10236.5,0
2021-05-19 11:01:40,10237.1,0
2021-05-19 11:01:43,10237.1,0
2021-05-19 11:01:44,10236.05,0
2021-05-19 11:01:45,10236.35,0
2021-05-19 11:01:48,10236.1,0
2021-05-19 11:01:50,10235.05,0
2021-05-19 11:01:54,10235.9,0
2021-05-19 11:02:00,10235.7,0
2021-05-19 11:02:01,10235.7,0
2021-05-19 11:02:02,10236.0,0
2021-05-19 11:02:03,10236.05,0
2021-05-19 11:02:05,10235.85,0
2021-05-19 11:02:06,10235.8,0
2021-05-19 11:02:08,10237.2,0
2021-05-19 11:02:10,10236.05,0
2021-05-19 11:02:09,10236.65,0
2021-05-19 11:02:11,10236.4,0
2021-05-19 11:02:12,10236.65,0
2021-05-19 11:02:13,10236.1,0
2021-05-19 11:02:15,10236.4,0
2021-05-19 11:02:17,10235.75,0
2021-05-19 11:02:18,10235.6,0
2021-05-19 11:02:19,10236.35,0
2021-05-19 11:02:20,10236.1,0
2021-05-19 11:02:25,10238.7,0
2021-05-19 11:02:26,10240.2,0
2021-05-19 11:02:29,10239.0,0
2021-05-19 11:02:30,10240.8,0
2021-05-19 11:02:31,10240.1,0
2021-05-19 11:02:35,10239.85,0
2021-05-19 11:02:36,10239.85,0
2021-05-19 11:02:37,10239.9,0
2021-05-19 11:02:41,10239.15,0
2021-05-19 11:02:42,10239.85,0
2021-05-19 11:02:43,10239.25,0
2021-05-19 11:02:44,10239.1,0
2021-05-19 11:02:46,10239.0,0
2021-05-19 11:02:49,10239.3,0
2021-05-19 11:02:50,10240.25,0
2021-05-19 11:02:51,10240.05,0
2021-05-19 11:02:53,10240.25,0
2021-05-19 11:02:54,10240.35,0
2021-05-19 11:02:57,10240.4,0
2021-05-19 11:02:59,10240.3,0
2021-05-19 11:03:03,10240.4,0
2021-05-19 11:03:06,10239.9,0
2021-05-19 11:03:07,10240.5,0
2021-05-19 11:03:08,10240.35,0
2021-05-19 11:03:09,10239.55,0
2021-05-19 11:03:11,10239.5,0
2021-05-19 11:03:13,10238.2,0
2021-05-19 11:03:14,10238.55,0
2021-05-19 11:03:16,10238.3,0
2021-05-19 11:03:19,10238.0,0
2021-05-19 11:03:20,10237.95,0
2021-05-19 11:03:22,10239.15,0
2021-05-19 11:03:23,10238.6,0
2021-05-19 11:03:24,10238.85,0
2021-05-19 11:03:28,10238.3,0
2021-05-19 11:03:31,10239.25,0
2021-05-19 11:03:32,10238.25,0
2021-05-19 11:03:33,10238.4,0
2021-05-19 11:03:34,10237.55,0
2021-05-19 11:03:35,10237.0,0
2021-05-19 11:03:36,10237.2,0
2021-05-19 11:03:37,10237.6,0
2021-05-19 11:03:39,10237.45,0
2021-05-19 11:03:40,10237.65,0
2021-05-19 11:03:41,10237.6,0
2021-05-19 11:03:42,10237.45,0
2021-05-19 11:03:43,10237.05,0
2021-05-19 11:03:44,10237.05,0
2021-05-19 11:03:45,10236.85,0
2021-05-19 11:03:48,10236.75,0
2021-05-19 11:03:49,10236.95,0
2021-05-19 11:03:50,10236.85,0
2021-05-19 11:03:51,10237.25,0
2021-05-19 11:03:52,10237.55,0
2021-05-19 11:03:53,10237.8,0
2021-05-19 11:03:55,10237.8,0
2021-05-19 11:03:56,10237.8,0
2021-05-19 11:03:57,10237.4,0
2021-05-19 11:03:58,10237.45,0
2021-05-19 11:03:59,10237.3,0
2021-05-19 11:04:00,10237.7,0
2021-05-19 11:04:02,10238.05,0
2021-05-19 11:04:03,10237.25,0
2021-05-19 11:04:04,10237.5,0
2021-05-19 11:04:05,10237.55,0
2021-05-19 11:04:06,10237.85,0
2021-05-19 11:04:08,10238.15,0
2021-05-19 11:04:09,10237.95,0
2021-05-19 11:04:10,10237.9,0
2021-05-19 11:04:11,10237.45,0
2021-05-19 11:04:12,10238.05,0
2021-05-19 11:04:13,10238.75,0
2021-05-19 11:04:14,10238.8,0
2021-05-19 11:04:15,10238.4,0
2021-05-19 11:04:16,10239.6,0
2021-05-19 11:04:18,10239.7,0
2021-05-19 11:04:20,10239.4,0
2021-05-19 11:04:23,10239.9,0
2021-05-19 11:04:24,10239.3,0
2021-05-19 11:04:25,10238.9,0
2021-05-19 11:04:26,10239.1,0
2021-05-19 11:04:27,10239.75,0
2021-05-19 11:04:28,10239.5,0
2021-05-19 11:04:29,10239.2,0
2021-05-19 11:04:32,10240.05,0
2021-05-19 11:04:33,10239.35,0
2021-05-19 11:04:34,10237.85,0
2021-05-19 11:04:35,10238.3,0
2021-05-19 11:04:36,10238.9,0
2021-05-19 11:04:37,10239.05,0
2021-05-19 11:04:38,10239.35,0
2021-05-19 11:04:39,10238.25,0
2021-05-19 11:04:43,10239.65,0
2021-05-19 11:04:44,10239.7,0
2021-05-19 11:04:45,10239.35,0
2021-05-19 11:04:47,10239.3,0
2021-05-19 11:04:50,10239.45,0
2021-05-19 11:04:51,10239.15,0
2021-05-19 11:04:52,10238.8,0
2021-05-19 11:04:53,10238.75,0
2021-05-19 11:04:56,10238.65,0
2021-05-19 11:04:58,10239.65,0
2021-05-19 11:05:00,10240.3,0
2021-05-19 11:05:01,10239.9,0
2021-05-19 11:05:04,10239.9,0
2021-05-19 11:05:05,10240.75,0
2021-05-19 11:05:09,10239.75,0
2021-05-19 11:05:10,10239.55,0
2021-05-19 11:05:13,10240.65,0
2021-05-19 11:05:14,10240.65,0
2021-05-19 11:05:17,10240.4,0
2021-05-19 11:05:21,10240.9,0
2021-05-19 11:05:22,10241.55,0
2021-05-19 11:05:23,10241.95,0
2021-05-19 11:05:24,10242.75,0
2021-05-19 11:05:25,10242.7,0
2021-05-19 11:05:26,10242.45,0
2021-05-19 11:05:27,10242.85,0
2021-05-19 11:05:28,10241.85,0
2021-05-19 11:05:29,10242.7,0
2021-05-19 11:05:31,10242.2,0
2021-05-19 11:05:32,10241.9,0
2021-05-19 11:05:34,10240.85,0
2021-05-19 11:05:35,10240.95,0
2021-05-19 11:05:37,10240.3,0
2021-05-19 11:05:38,10240.0,0
2021-05-19 11:05:39,10239.65,0
2021-05-19 11:05:40,10239.45,0
2021-05-19 11:05:41,10239.75,0
2021-05-19 11:05:43,10240.05,0
2021-05-19 11:05:44,10239.45,0
2021-05-19 11:05:45,10239.45,0
2021-05-19 11:05:46,10239.55,0
2021-05-19 11:05:48,10239.2,0
2021-05-19 11:05:51,10240.05,0
2021-05-19 11:05:52,10241.35,0
2021-05-19 11:05:54,10239.25,0
2021-05-19 11:05:55,10240.95,0
2021-05-19 11:05:57,10240.15,0
2021-05-19 11:05:58,10240.55,0
2021-05-19 11:06:00,10240.3,0
2021-05-19 11:06:01,10241.5,0
2021-05-19 11:06:03,10241.85,0
2021-05-19 11:06:05,10242.25,0
2021-05-19 11:06:06,10241.15,0
2021-05-19 11:06:09,10242.35,0
2021-05-19 11:06:11,10242.75,0
2021-05-19 11:06:12,10243.1,0
2021-05-19 11:06:13,10242.75,0
2021-05-19 11:06:14,10242.35,0
2021-05-19 11:06:15,10242.6,0
2021-05-19 11:06:16,10243.4,0
2021-05-19 11:06:17,10243.75,0
2021-05-19 11:06:18,10242.75,0
2021-05-19 11:06:19,10242.3,0
2021-05-19 11:06:20,10241.55,0
2021-05-19 11:06:22,10242.2,0
2021-05-19 11:06:23,10241.5,0
2021-05-19 11:06:24,10242.6,0
2021-05-19 11:06:25,10242.7,0
2021-05-19 11:06:26,10243.4,0
2021-05-19 11:06:27,10243.9,0
2021-05-19 11:06:28,10243.9,0
2021-05-19 11:06:32,10244.15,0
2021-05-19 11:06:33,10243.8,0
2021-05-19 11:06:34,10243.4,0
2021-05-19 11:06:35,10243.0,0
2021-05-19 11:06:36,10243.0,0
2021-05-19 11:06:37,10243.2,0
2021-05-19 11:06:38,10242.85,0
2021-05-19 11:06:39,10242.75,0
2021-05-19 11:06:40,10242.7,0
2021-05-19 11:06:41,10243.05,0
2021-05-19 11:06:42,10243.05,0
2021-05-19 11:06:43,10242.85,0
2021-05-19 11:06:44,10243.6,0
2021-05-19 11:06:45,10243.25,0
2021-05-19 11:06:46,10243.05,0
2021-05-19 11:06:47,10243.6,0
2021-05-19 11:06:48,10243.4,0
2021-05-19 11:06:49,10243.15,0
2021-05-19 11:06:50,10242.7,0
2021-05-19 11:06:52,10243.7,0
2021-05-19 11:06:54,10243.55,0
2021-05-19 11:06:55,10243.15,0
2021-05-19 11:06:56,10244.65,0
2021-05-19 11:06:57,10243.75,0
2021-05-19 11:06:58,10243.95,0
2021-05-19 11:06:59,10244.2,0
2021-05-19 11:07:00,10244.15,0
2021-05-19 11:07:02,10244.55,0
2021-05-19 11:07:03,10245.4,0
2021-05-19 11:07:04,10246.35,0
2021-05-19 11:07:05,10245.95,0
2021-05-19 11:07:06,10245.75,0
2021-05-19 11:07:07,10245.9,0
2021-05-19 11:07:08,10245.9,0
2021-05-19 11:07:10,10245.85,0
2021-05-19 11:07:11,10245.1,0
2021-05-19 11:07:12,10245.75,0
2021-05-19 11:07:13,10245.5,0
2021-05-19 11:07:14,10245.3,0
2021-05-19 11:07:15,10245.2,0
2021-05-19 11:07:16,10245.75,0
2021-05-19 11:07:17,10244.35,0
2021-05-19 11:07:18,10244.85,0
2021-05-19 11:07:19,10244.9,0
2021-05-19 11:07:20,10244.6,0
2021-05-19 11:07:23,10246.25,0
2021-05-19 11:07:24,10245.3,0
2021-05-19 11:07:26,10245.25,0
2021-05-19 11:07:27,10245.35,0
2021-05-19 11:07:28,10245.65,0
2021-05-19 11:07:29,10246.05,0
2021-05-19 11:07:32,10245.5,0
2021-05-19 11:07:35,10245.15,0
2021-05-19 11:07:36,10245.35,0
2021-05-19 11:07:37,10245.6,0
2021-05-19 11:07:38,10245.55,0
2021-05-19 11:07:39,10244.8,0
2021-05-19 11:07:40,10245.55,0
2021-05-19 11:07:43,10245.95,0
2021-05-19 11:07:45,10246.15,0
2021-05-19 11:07:46,10246.2,0
2021-05-19 11:07:47,10247.2,0
2021-05-19 11:07:48,10247.5,0
2021-05-19 11:07:49,10248.6,0
2021-05-19 11:07:52,10249.85,0
2021-05-19 11:07:54,10248.55,0
2021-05-19 11:07:56,10249.0,0
2021-05-19 11:07:58,10249.45,0
2021-05-19 11:07:59,10248.85,0
2021-05-19 11:08:00,10248.55,0
2021-05-19 11:08:01,10249.6,0
2021-05-19 11:08:02,10249.05,0
2021-05-19 11:08:03,10249.9,0
2021-05-19 11:08:04,10249.0,0
2021-05-19 11:08:05,10248.35,0
2021-05-19 11:08:06,10248.35,0
2021-05-19 11:08:09,10247.75,0
2021-05-19 11:08:10,10247.3,0
2021-05-19 11:08:11,10248.3,0
2021-05-19 11:08:12,10248.1,0
2021-05-19 11:08:14,10247.85,0
2021-05-19 11:08:15,10247.5,0
2021-05-19 11:08:16,10247.95,0
2021-05-19 11:08:17,10247.9,0
2021-05-19 11:08:18,10247.8,0
2021-05-19 11:08:19,10247.9,0
2021-05-19 11:08:22,10248.2,0
2021-05-19 11:08:24,10248.65,0
2021-05-19 11:08:26,10248.0,0
2021-05-19 11:08:28,10248.65,0
2021-05-19 11:08:31,10247.75,0
2021-05-19 11:08:32,10248.85,0
2021-05-19 11:08:33,10248.6,0
2021-05-19 11:08:34,10248.7,0
2021-05-19 11:08:35,10249.25,0
2021-05-19 11:08:37,10248.8,0
2021-05-19 11:08:38,10248.85,0
2021-05-19 11:08:39,10249.5,0
2021-05-19 11:08:40,10249.4,0
2021-05-19 11:08:41,10248.8,0
2021-05-19 11:08:42,10249.75,0
2021-05-19 11:08:43,10249.25,0
2021-05-19 11:08:45,10248.85,0
2021-05-19 11:08:46,10249.1,0
2021-05-19 11:08:47,10249.85,0
2021-05-19 11:08:48,10249.45,0
2021-05-19 11:08:49,10250.3,0
2021-05-19 11:08:51,10250.2,0
2021-05-19 11:08:52,10250.4,0
2021-05-19 11:08:53,10250.55,0
2021-05-19 11:08:55,10250.4,0
2021-05-19 11:08:56,10250.35,0
2021-05-19 11:08:57,10250.55,0
2021-05-19 11:08:58,10250.45,0
2021-05-19 11:09:04,10249.4,0
2021-05-19 11:09:05,10249.9,0
2021-05-19 11:09:06,10250.55,0
2021-05-19 11:09:07,10250.0,0
2021-05-19 11:09:09,10250.15,0
2021-05-19 11:09:10,10250.0,0
2021-05-19 11:09:16,10250.35,0
2021-05-19 11:09:17,10250.05,0
2021-05-19 11:09:19,10249.65,0
2021-05-19 11:09:21,10250.4,0
2021-05-19 11:09:23,10251.55,0
2021-05-19 11:09:25,10251.45,0
2021-05-19 11:09:26,10251.7,0
2021-05-19 11:09:27,10251.9,0
2021-05-19 11:09:28,10251.65,0
2021-05-19 11:09:30,10252.25,0
2021-05-19 11:09:31,10252.2,0
2021-05-19 11:09:32,10252.25,0
2021-05-19 11:09:34,10251.2,0
2021-05-19 11:09:37,10251.65,0
2021-05-19 11:09:38,10250.3,0
2021-05-19 11:09:39,10250.05,0
2021-05-19 11:09:40,10250.15,0
2021-05-19 11:09:42,10250.25,0
2021-05-19 11:09:43,10250.45,0
2021-05-19 11:09:44,10250.95,0
2021-05-19 11:09:46,10251.05,0
2021-05-19 11:09:47,10251.05,0
2021-05-19 11:09:51,10250.7,0
2021-05-19 11:09:53,10251.35,0
2021-05-19 11:09:55,10250.9,0
2021-05-19 11:09:56,10251.65,0
2021-05-19 11:09:57,10251.75,0
2021-05-19 11:10:00,10250.6,0
2021-05-19 11:10:01,10250.65,0
2021-05-19 11:10:02,10250.4,0
2021-05-19 11:10:06,10251.3,0
2021-05-19 11:10:08,10251.2,0
2021-05-19 11:10:10,10250.25,0
2021-05-19 11:10:11,10250.6,0
2021-05-19 11:10:12,10250.15,0
2021-05-19 11:10:14,10249.75,0
2021-05-19 11:10:15,10249.15,0
2021-05-19 11:10:16,10249.9,0
2021-05-19 11:10:18,10249.35,0
2021-05-19 11:10:19,10248.55,0
2021-05-19 11:10:20,10248.85,0
2021-05-19 11:10:21,10248.85,0
2021-05-19 11:10:22,10248.8,0
2021-05-19 11:10:23,10250.3,0
2021-05-19 11:10:24,10250.25,0
2021-05-19 11:10:25,10249.95,0
2021-05-19 11:10:26,10250.6,0
2021-05-19 11:10:28,10249.25,0
2021-05-19 11:10:29,10249.65,0
2021-05-19 11:10:30,10249.35,0
2021-05-19 11:10:31,10250.0,0
2021-05-19 11:10:32,10249.75,0
2021-05-19 11:10:35,10249.35,0
2021-05-19 11:10:36,10249.45,0
2021-05-19 11:10:38,10248.85,0
2021-05-19 11:10:40,10250.25,0
2021-05-19 11:10:41,10251.5,0
2021-05-19 11:10:43,10252.4,0
2021-05-19 11:10:44,10252.75,0
2021-05-19 11:10:45,10252.15,0
2021-05-19 11:10:46,10252.05,0
2021-05-19 11:10:49,10250.6,0
2021-05-19 11:10:51,10252.05,0
2021-05-19 11:10:53,10252.4,0
2021-05-19 11:10:56,10251.6,0
2021-05-19 11:10:57,10250.55,0
2021-05-19 11:10:58,10251.9,0
2021-05-19 11:11:00,10251.15,0
2021-05-19 11:11:02,10249.9,0
2021-05-19 11:11:03,10250.0,0
2021-05-19 11:11:05,10252.15,0
2021-05-19 11:11:06,10252.0,0
2021-05-19 11:11:07,10252.0,0
2021-05-19 11:11:08,10252.0,0
2021-05-19 11:11:10,10251.3,0
2021-05-19 11:11:11,10252.1,0
2021-05-19 11:11:13,10251.85,0
2021-05-19 11:11:14,10250.35,0
2021-05-19 11:11:15,10251.15,0
2021-05-19 11:11:16,10251.25,0
2021-05-19 11:11:17,10251.2,0
2021-05-19 11:11:18,10250.75,0
2021-05-19 11:11:20,10250.95,0
2021-05-19 11:11:22,10251.45,0
2021-05-19 11:11:23,10250.75,0
2021-05-19 11:11:24,10251.35,0
2021-05-19 11:11:27,10250.95,0
2021-05-19 11:11:28,10252.35,0
2021-05-19 11:11:30,10253.25,0
2021-05-19 11:11:31,10251.85,0
2021-05-19 11:11:34,10252.35,0
2021-05-19 11:11:35,10253.1,0
2021-05-19 11:11:41,10252.0,0
2021-05-19 11:11:42,10252.4,0
2021-05-19 11:11:45,10251.65,0
2021-05-19 11:11:46,10251.4,0
2021-05-19 11:11:48,10250.85,0
2021-05-19 11:11:51,10250.85,0
2021-05-19 11:11:52,10250.9,0
2021-05-19 11:11:54,10250.15,0
2021-05-19 11:11:55,10250.0,0
2021-05-19 11:11:56,10250.6,0
2021-05-19 11:11:57,10250.55,0
2021-05-19 11:11:58,10250.75,0
2021-05-19 11:12:00,10250.35,0
2021-05-19 11:12:01,10249.75,0
2021-05-19 11:12:03,10250.7,0
2021-05-19 11:12:04,10250.25,0
2021-05-19 11:12:06,10250.65,0
2021-05-19 11:12:07,10250.9,0
2021-05-19 11:12:10,10250.75,0
2021-05-19 11:12:11,10250.45,0
2021-05-19 11:12:14,10249.55,0
2021-05-19 11:12:15,10249.4,0
2021-05-19 11:12:19,10250.65,0
2021-05-19 11:12:20,10251.25,0
2021-05-19 11:12:21,10250.8,0
2021-05-19 11:12:23,10250.55,0
2021-05-19 11:12:24,10251.35,0
2021-05-19 11:12:25,10250.6,0
2021-05-19 11:12:26,10250.5,0
2021-05-19 11:12:28,10250.6,0
2021-05-19 11:12:29,10249.95,0
2021-05-19 11:12:32,10250.8,0
2021-05-19 11:12:33,10250.5,0
2021-05-19 11:12:37,10250.25,0
2021-05-19 11:12:38,10250.1,0
2021-05-19 11:12:40,10250.05,0
2021-05-19 11:12:43,10249.7,0
2021-05-19 11:12:44,10250.0,0
2021-05-19 11:12:45,10250.1,0
2021-05-19 11:12:46,10251.2,0
2021-05-19 11:12:50,10250.55,0
2021-05-19 11:12:51,10250.55,0
2021-05-19 11:12:55,10250.45,0
2021-05-19 11:12:59,10249.85,0
2021-05-19 11:13:00,10250.75,0
2021-05-19 11:13:03,10249.65,0
2021-05-19 11:13:04,10250.1,0
2021-05-19 11:13:05,10250.3,0
2021-05-19 11:13:06,10250.55,0
2021-05-19 11:13:09,10250.05,0
2021-05-19 11:13:11,10250.3,0
2021-05-19 11:13:13,10251.15,0
2021-05-19 11:13:15,10250.8,0
2021-05-19 11:13:16,10250.55,0
2021-05-19 11:13:18,10250.3,0
2021-05-19 11:13:20,10251.6,0
2021-05-19 11:13:22,10251.3,0
2021-05-19 11:13:23,10251.75,0
2021-05-19 11:13:25,10251.6,0
2021-05-19 11:13:27,10251.2,0
2021-05-19 11:13:29,10252.25,0
2021-05-19 11:13:30,10252.65,0
2021-05-19 11:13:32,10251.95,0
2021-05-19 11:13:34,10250.7,0
2021-05-19 11:13:36,10252.4,0
2021-05-19 11:13:37,10251.85,0
2021-05-19 11:13:38,10251.3,0
2021-05-19 11:13:39,10250.3,0
2021-05-19 11:13:40,10250.65,0
2021-05-19 11:13:41,10250.65,0
2021-05-19 11:13:45,10250.75,0
2021-05-19 11:13:46,10251.1,0
2021-05-19 11:13:47,10250.65,0
2021-05-19 11:13:48,10250.5,0
2021-05-19 11:13:49,10250.5,0
2021-05-19 11:13:51,10250.0,0
2021-05-19 11:13:50,10250.3,0
2021-05-19 11:13:53,10251.0,0
2021-05-19 11:13:55,10250.9,0
2021-05-19 11:13:56,10250.65,0
2021-05-19 11:13:57,10250.15,0
2021-05-19 11:13:58,10250.1,0
2021-05-19 11:13:59,10250.6,0
2021-05-19 11:14:00,10250.1,0
2021-05-19 11:14:01,10247.9,0
2021-05-19 11:14:02,10249.15,0
2021-05-19 11:14:03,10249.75,0
2021-05-19 11:14:04,10249.9,0
2021-05-19 11:14:05,10249.85,0
2021-05-19 11:14:07,10251.0,0
2021-05-19 11:14:08,10251.15,0
2021-05-19 11:14:10,10250.45,0
2021-05-19 11:14:11,10250.4,0
2021-05-19 11:14:12,10250.1,0
2021-05-19 11:14:13,10250.55,0
2021-05-19 11:14:14,10250.2,0
2021-05-19 11:14:15,10250.55,0
2021-05-19 11:14:17,10251.3,0
2021-05-19 11:14:19,10251.3,0
2021-05-19 11:14:20,10250.55,0
2021-05-19 11:14:21,10250.85,0
2021-05-19 11:14:24,10251.45,0
2021-05-19 11:14:26,10252.1,0
2021-05-19 11:14:27,10252.2,0
2021-05-19 11:14:28,10252.2,0
2021-05-19 11:14:30,10251.1,0
2021-05-19 11:14:32,10252.25,0
2021-05-19 11:14:33,10251.7,0
2021-05-19 11:14:37,10251.2,0
2021-05-19 11:14:39,10251.1,0
2021-05-19 11:14:40,10251.25,0
2021-05-19 11:14:43,10251.95,0
2021-05-19 11:14:47,10253.0,0
2021-05-19 11:14:48,10252.45,0
2021-05-19 11:14:49,10251.5,0
2021-05-19 11:14:50,10252.4,0
2021-05-19 11:14:51,10252.85,0
2021-05-19 11:14:52,10253.25,0
2021-05-19 11:14:55,10252.65,0
2021-05-19 11:14:56,10252.65,0
2021-05-19 11:14:58,10252.9,0
2021-05-19 11:14:59,10253.0,0
2021-05-19 11:15:02,10254.8,0
2021-05-19 11:15:04,10255.05,0
2021-05-19 11:15:05,10254.6,0
2021-05-19 11:15:06,10254.8,0
2021-05-19 11:15:07,10254.3,0
2021-05-19 11:15:09,10254.75,0
2021-05-19 11:15:10,10254.9,0
2021-05-19 11:15:14,10253.4,0
2021-05-19 11:15:16,10253.2,0
2021-05-19 11:15:17,10252.35,0
2021-05-19 11:15:18,10252.1,0
2021-05-19 11:15:19,10251.5,0
2021-05-19 11:15:20,10251.75,0
2021-05-19 11:15:21,10252.15,0
2021-05-19 11:15:26,10250.25,0
2021-05-19 11:15:27,10248.9,0
2021-05-19 11:15:29,10249.6,0
2021-05-19 11:15:30,10249.1,0
2021-05-19 11:15:31,10249.65,0
2021-05-19 11:15:33,10249.35,0
2021-05-19 11:15:34,10249.0,0
2021-05-19 11:15:37,10249.85,0
2021-05-19 11:15:38,10249.85,0
2021-05-19 11:15:39,10249.05,0
2021-05-19 11:15:40,10250.25,0
2021-05-19 11:15:45,10250.75,0
2021-05-19 11:15:46,10249.7,0
2021-05-19 11:15:47,10249.55,0
2021-05-19 11:15:48,10249.25,0
2021-05-19 11:15:49,10249.35,0
2021-05-19 11:15:54,10251.95,0
2021-05-19 11:15:59,10251.6,0
2021-05-19 11:16:00,10251.2,0
2021-05-19 11:16:01,10250.9,0
2021-05-19 11:16:02,10250.2,0
2021-05-19 11:16:03,10251.1,0
2021-05-19 11:16:04,10250.95,0
2021-05-19 11:16:06,10251.1,0
2021-05-19 11:16:11,10251.65,0
2021-05-19 11:16:13,10251.05,0
2021-05-19 11:16:15,10251.0,0
2021-05-19 11:16:16,10251.65,0
2021-05-19 11:16:19,10250.8,0
2021-05-19 11:16:20,10249.95,0
2021-05-19 11:16:22,10249.25,0
2021-05-19 11:16:23,10248.25,0
2021-05-19 11:16:25,10247.95,0
2021-05-19 11:16:26,10247.85,0
2021-05-19 11:16:27,10247.0,0
2021-05-19 11:16:28,10246.65,0
2021-05-19 11:16:30,10246.1,0
2021-05-19 11:16:31,10246.5,0
2021-05-19 11:16:32,10245.85,0
2021-05-19 11:16:33,10246.65,0
2021-05-19 11:16:34,10246.1,0
2021-05-19 11:16:36,10246.7,0
2021-05-19 11:16:39,10246.65,0
2021-05-19 11:16:41,10245.75,0
2021-05-19 11:16:43,10245.6,0
2021-05-19 11:16:45,10245.9,0
2021-05-19 11:16:48,10244.5,0
2021-05-19 11:16:49,10243.6,0
2021-05-19 11:16:51,10244.1,0
2021-05-19 11:16:53,10244.3,0
2021-05-19 11:16:57,10244.15,0
2021-05-19 11:16:58,10245.1,0
2021-05-19 11:16:59,10244.4,0
2021-05-19 11:17:00,10243.65,0
2021-05-19 11:17:01,10243.35,0
2021-05-19 11:17:02,10243.95,0
2021-05-19 11:17:05,10244.4,0
2021-05-19 11:17:07,10242.75,0
2021-05-19 11:17:11,10241.25,0
2021-05-19 11:17:12,10241.55,0
2021-05-19 11:17:14,10240.85,0
2021-05-19 11:17:16,10239.9,0
2021-05-19 11:17:17,10239.9,0
2021-05-19 11:17:19,10239.35,0
2021-05-19 11:17:20,10239.4,0
2021-05-19 11:17:22,10239.6,0
2021-05-19 11:17:25,10239.25,0
2021-05-19 11:17:26,10239.0,0
2021-05-19 11:17:27,10238.7,0
2021-05-19 11:17:28,10238.5,0
2021-05-19 11:17:29,10237.85,0
2021-05-19 11:17:33,10241.8,0
2021-05-19 11:17:34,10241.75,0
2021-05-19 11:17:35,10241.8,0
2021-05-19 11:17:36,10243.25,0
2021-05-19 11:17:37,10242.45,0
2021-05-19 11:17:41,10242.85,0
2021-05-19 11:17:42,10243.0,0
2021-05-19 11:17:43,10243.1,0
2021-05-19 11:17:44,10243.7,0
2021-05-19 11:17:47,10243.6,0
2021-05-19 11:17:51,10245.75,0
2021-05-19 11:17:52,10245.8,0
2021-05-19 11:17:53,10245.55,0
2021-05-19 11:17:56,10246.25,0
2021-05-19 11:17:57,10246.55,0
2021-05-19 11:17:58,10246.2,0
2021-05-19 11:18:00,10246.05,0
2021-05-19 11:18:01,10246.75,0
2021-05-19 11:18:03,10246.75,0
2021-05-19 11:18:04,10246.5,0
2021-05-19 11:18:12,10244.3,0
2021-05-19 11:18:13,10244.2,0
2021-05-19 11:18:14,10244.35,0
2021-05-19 11:18:16,10244.0,0
2021-05-19 11:18:17,10244.3,0
2021-05-19 11:18:18,10243.7,0
2021-05-19 11:18:19,10242.65,0
2021-05-19 11:18:20,10242.8,0
2021-05-19 11:18:21,10242.45,0
2021-05-19 11:18:26,10241.65,0
2021-05-19 11:18:27,10242.5,0
2021-05-19 11:18:28,10242.05,0
2021-05-19 11:18:29,10241.9,0
2021-05-19 11:18:31,10241.35,0
2021-05-19 11:18:33,10242.05,0
2021-05-19 11:18:34,10242.25,0
2021-05-19 11:18:36,10242.25,0
2021-05-19 11:18:37,10241.6,0
2021-05-19 11:18:38,10241.85,0
2021-05-19 11:18:40,10241.85,0
2021-05-19 11:18:41,10241.45,0
2021-05-19 11:18:42,10241.7,0
2021-05-19 11:18:45,10241.7,0
2021-05-19 11:18:47,10242.35,0
2021-05-19 11:18:48,10241.65,0
2021-05-19 11:18:49,10241.15,0
2021-05-19 11:18:50,10240.65,0
2021-05-19 11:18:51,10240.65,0
2021-05-19 11:18:55,10241.7,0
2021-05-19 11:18:57,10241.95,0
2021-05-19 11:18:59,10242.3,0
2021-05-19 11:19:01,10241.75,0
2021-05-19 11:19:02,10241.4,0
2021-05-19 11:19:04,10241.85,0
2021-05-19 11:19:08,10241.9,0
2021-05-19 11:19:09,10241.1,0
2021-05-19 11:19:11,10241.05,0
2021-05-19 11:19:10,10240.8,0
2021-05-19 11:19:14,10241.25,0
2021-05-19 11:19:15,10240.75,0
2021-05-19 11:19:17,10240.85,0
2021-05-19 11:19:18,10240.35,0
2021-05-19 11:19:20,10240.3,0
2021-05-19 11:19:22,10240.5,0
2021-05-19 11:19:23,10239.9,0
2021-05-19 11:19:25,10238.7,0
2021-05-19 11:19:26,10239.4,0
2021-05-19 11:19:29,10240.25,0
2021-05-19 11:19:30,10239.85,0
2021-05-19 11:19:31,10240.6,0
2021-05-19 11:19:32,10240.65,0
2021-05-19 11:19:33,10240.6,0
2021-05-19 11:19:34,10240.6,0
2021-05-19 11:19:35,10240.95,0
2021-05-19 11:19:38,10240.85,0
2021-05-19 11:19:40,10240.2,0
2021-05-19 11:19:42,10240.65,0
2021-05-19 11:19:43,10241.05,0
2021-05-19 11:19:45,10241.55,0
2021-05-19 11:19:47,10240.7,0
2021-05-19 11:19:48,10240.9,0
2021-05-19 11:19:50,10240.25,0
2021-05-19 11:19:51,10240.85,0
2021-05-19 11:19:52,10240.45,0
2021-05-19 11:19:53,10240.15,0
2021-05-19 11:19:54,10239.9,0
2021-05-19 11:19:55,10240.25,0
2021-05-19 11:19:57,10239.9,0
2021-05-19 11:19:58,10240.3,0
2021-05-19 11:19:59,10239.8,0
2021-05-19 11:20:00,10238.55,0
2021-05-19 11:20:03,10239.8,0
2021-05-19 11:20:04,10239.7,0
2021-05-19 11:20:05,10238.8,0
2021-05-19 11:20:06,10238.95,0
2021-05-19 11:20:08,10239.4,0
2021-05-19 11:20:12,10238.3,0
2021-05-19 11:20:14,10238.45,0
2021-05-19 11:20:16,10238.4,0
2021-05-19 11:20:18,10237.85,0
2021-05-19 11:20:19,10237.25,0
2021-05-19 11:20:20,10237.8,0
2021-05-19 11:20:21,10237.5,0
2021-05-19 11:20:22,10238.35,0
2021-05-19 11:20:27,10238.95,0
2021-05-19 11:20:28,10239.2,0
2021-05-19 11:20:29,10239.3,0
2021-05-19 11:20:31,10238.6,0
2021-05-19 11:20:34,10238.65,0
2021-05-19 11:20:36,10238.75,0
2021-05-19 11:20:37,10239.1,0
2021-05-19 11:20:39,10238.0,0
2021-05-19 11:20:42,10237.5,0
2021-05-19 11:20:43,10238.15,0
2021-05-19 11:20:44,10238.55,0
2021-05-19 11:20:46,10238.6,0
2021-05-19 11:20:49,10238.05,0
2021-05-19 11:20:50,10237.7,0
2021-05-19 11:20:52,10237.7,0
2021-05-19 11:20:53,10238.35,0
2021-05-19 11:20:55,10237.5,0
2021-05-19 11:20:57,10236.4,0
2021-05-19 11:21:00,10237.4,0
2021-05-19 11:21:01,10237.75,0
2021-05-19 11:21:03,10237.15,0
2021-05-19 11:21:04,10237.45,0
2021-05-19 11:21:05,10236.45,0
2021-05-19 11:21:07,10237.75,0
2021-05-19 11:21:10,10236.8,0
2021-05-19 11:21:11,10236.55,0
2021-05-19 11:21:12,10237.1,0
2021-05-19 11:21:13,10237.65,0
2021-05-19 11:21:15,10237.6,0
2021-05-19 11:21:16,10238.3,0
2021-05-19 11:21:17,10237.3,0
2021-05-19 11:21:18,10238.15,0
2021-05-19 11:21:20,10237.25,0
2021-05-19 11:21:21,10235.55,0
2021-05-19 11:21:22,10236.5,0
2021-05-19 11:21:25,10236.15,0
2021-05-19 11:21:27,10235.8,0
2021-05-19 11:21:28,10236.1,0
2021-05-19 11:21:30,10234.45,0
2021-05-19 11:21:31,10233.75,0
2021-05-19 11:21:40,10234.4,0
2021-05-19 11:21:41,10234.45,0
2021-05-19 11:21:42,10233.6,0
2021-05-19 11:21:43,10233.7,0
2021-05-19 11:21:44,10234.45,0
2021-05-19 11:21:45,10234.4,0
2021-05-19 11:21:46,10234.05,0
2021-05-19 11:21:47,10233.2,0
2021-05-19 11:21:52,10233.5,0
2021-05-19 11:21:54,10233.3,0
2021-05-19 11:21:55,10233.35,0
2021-05-19 11:21:57,10233.4,0
2021-05-19 11:21:58,10233.75,0
2021-05-19 11:21:59,10234.15,0
2021-05-19 11:22:00,10234.05,0
2021-05-19 11:22:04,10233.7,0
2021-05-19 11:22:05,10233.45,0
2021-05-19 11:22:07,10233.45,0
2021-05-19 11:22:08,10234.1,0
2021-05-19 11:22:10,10233.65,0
2021-05-19 11:22:11,10234.35,0
2021-05-19 11:22:13,10234.55,0
2021-05-19 11:22:14,10234.1,0
2021-05-19 11:22:15,10234.0,0
2021-05-19 11:22:16,10233.9,0
2021-05-19 11:22:17,10233.65,0
2021-05-19 11:22:18,10233.5,0
2021-05-19 11:22:20,10233.35,0
2021-05-19 11:22:21,10233.5,0
2021-05-19 11:22:22,10233.5,0
2021-05-19 11:22:24,10233.55,0
2021-05-19 11:22:25,10232.85,0
2021-05-19 11:22:27,10231.45,0
2021-05-19 11:22:28,10231.8,0
2021-05-19 11:22:30,10232.5,0
2021-05-19 11:22:34,10232.55,0
2021-05-19 11:22:35,10233.8,0
2021-05-19 11:22:36,10234.3,0
2021-05-19 11:22:38,10233.6,0
2021-05-19 11:22:39,10233.35,0
2021-05-19 11:22:41,10233.9,0
2021-05-19 11:22:43,10234.15,0
2021-05-19 11:22:47,10234.55,0
2021-05-19 11:22:50,10235.5,0
2021-05-19 11:22:51,10236.45,0
2021-05-19 11:22:52,10236.7,0
2021-05-19 11:22:53,10236.85,0
2021-05-19 11:22:54,10237.3,0
2021-05-19 11:22:55,10238.7,0
2021-05-19 11:22:56,10237.3,0
2021-05-19 11:22:59,10237.5,0
2021-05-19 11:23:00,10238.0,0
2021-05-19 11:23:01,10239.55,0
2021-05-19 11:23:02,10239.05,0
2021-05-19 11:23:06,10237.65,0
2021-05-19 11:23:07,10238.15,0
2021-05-19 11:23:11,10238.55,0
2021-05-19 11:23:12,10239.2,0
2021-05-19 11:23:15,10238.9,0
2021-05-19 11:23:16,10239.85,0
2021-05-19 11:23:18,10238.2,0
2021-05-19 11:23:20,10239.9,0
2021-05-19 11:23:22,10238.5,0
2021-05-19 11:23:27,10239.4,0
2021-05-19 11:23:28,10240.05,0
2021-05-19 11:23:29,10240.4,0
2021-05-19 11:23:31,10240.1,0
2021-05-19 11:23:32,10241.65,0
2021-05-19 11:23:35,10239.6,0
2021-05-19 11:23:36,10240.15,0
2021-05-19 11:23:37,10240.0,0
2021-05-19 11:23:38,10240.0,0
2021-05-19 11:23:41,10239.65,0
2021-05-19 11:23:47,10238.8,0
2021-05-19 11:23:48,10238.75,0
2021-05-19 11:23:49,10238.9,0
2021-05-19 11:23:50,10238.9,0
2021-05-19 11:23:51,10238.65,0
2021-05-19 11:23:52,10239.75,0
2021-05-19 11:23:53,10239.75,0
2021-05-19 11:23:55,10238.9,0
2021-05-19 11:23:56,10239.05,0
2021-05-19 11:23:57,10239.5,0
2021-05-19 11:23:58,10239.6,0
2021-05-19 11:24:01,10239.05,0
2021-05-19 11:24:02,10239.1,0
2021-05-19 11:24:03,10239.45,0
2021-05-19 11:24:04,10239.65,0
2021-05-19 11:24:06,10239.55,0
2021-05-19 11:24:07,10239.5,0
2021-05-19 11:24:09,10239.05,0
2021-05-19 11:24:10,10239.15,0
2021-05-19 11:24:11,10239.3,0
2021-05-19 11:24:12,10238.6,0
2021-05-19 11:24:14,10238.55,0
2021-05-19 11:24:16,10238.95,0
2021-05-19 11:24:17,10238.05,0
2021-05-19 11:24:18,10238.4,0
2021-05-19 11:24:19,10238.2,0
2021-05-19 11:24:24,10238.25,0
2021-05-19 11:24:25,10239.1,0
2021-05-19 11:24:28,10238.35,0
2021-05-19 11:24:30,10237.55,0
2021-05-19 11:24:31,10238.25,0
2021-05-19 11:24:33,10238.8,0
2021-05-19 11:24:35,10238.3,0
2021-05-19 11:24:37,10239.75,0
2021-05-19 11:24:40,10238.75,0
2021-05-19 11:24:41,10238.15,0
2021-05-19 11:24:44,10237.8,0
2021-05-19 11:24:45,10238.3,0
2021-05-19 11:24:46,10237.95,0
2021-05-19 11:24:49,10237.55,0
2021-05-19 11:24:51,10238.2,0
2021-05-19 11:24:52,10238.45,0
2021-05-19 11:24:53,10238.05,0
2021-05-19 11:24:54,10237.9,0
2021-05-19 11:24:55,10238.0,0
2021-05-19 11:24:57,10238.15,0
2021-05-19 11:24:58,10238.55,0
2021-05-19 11:24:59,10238.1,0
2021-05-19 11:25:00,10238.3,0
2021-05-19 11:25:01,10236.7,0
2021-05-19 11:25:02,10236.55,0
2021-05-19 11:25:06,10236.8,0
2021-05-19 11:25:11,10236.3,0
2021-05-19 11:25:14,10236.55,0
2021-05-19 11:25:15,10236.65,0
2021-05-19 11:25:19,10237.0,0
2021-05-19 11:25:20,10236.2,0
2021-05-19 11:25:21,10235.75,0
2021-05-19 11:25:25,10237.1,0
2021-05-19 11:25:26,10237.1,0
2021-05-19 11:25:27,10237.05,0
2021-05-19 11:25:29,10236.05,0
2021-05-19 11:25:31,10236.55,0
2021-05-19 11:25:32,10236.5,0
2021-05-19 11:25:37,10236.05,0
2021-05-19 11:25:38,10236.35,0
2021-05-19 11:25:40,10236.25,0
2021-05-19 11:25:43,10235.6,0
2021-05-19 11:25:44,10235.4,0
2021-05-19 11:25:45,10235.25,0
2021-05-19 11:25:50,10235.85,0
2021-05-19 11:25:51,10235.35,0
2021-05-19 11:25:54,10235.3,0
2021-05-19 11:25:57,10235.2,0
2021-05-19 11:26:00,10235.3,0
2021-05-19 11:26:03,10235.4,0
2021-05-19 11:26:04,10234.9,0
2021-05-19 11:26:06,10234.65,0
2021-05-19 11:26:07,10234.9,0
2021-05-19 11:26:09,10235.2,0
2021-05-19 11:26:13,10235.25,0
2021-05-19 11:26:15,10234.35,0
2021-05-19 11:26:16,10234.35,0
2021-05-19 11:26:18,10234.75,0
2021-05-19 11:26:19,10234.7,0
2021-05-19 11:26:20,10234.75,0
2021-05-19 11:26:21,10235.65,0
2021-05-19 11:26:24,10236.2,0
2021-05-19 11:26:27,10236.9,0
2021-05-19 11:26:28,10236.75,0
2021-05-19 11:26:29,10236.4,0
2021-05-19 11:26:30,10236.15,0
2021-05-19 11:26:31,10236.0,0
2021-05-19 11:26:32,10237.25,0
2021-05-19 11:26:33,10236.65,0
2021-05-19 11:26:34,10237.3,0
2021-05-19 11:26:36,10237.0,0
2021-05-19 11:26:37,10236.85,0
2021-05-19 11:26:39,10236.6,0
2021-05-19 11:26:40,10237.4,0
2021-05-19 11:26:41,10237.5,0
2021-05-19 11:26:42,10238.65,0
2021-05-19 11:26:43,10239.1,0
2021-05-19 11:26:44,10240.3,0
2021-05-19 11:26:45,10240.05,0
2021-05-19 11:26:46,10239.55,0
2021-05-19 11:26:49,10239.3,0
2021-05-19 11:26:51,10239.4,0
2021-05-19 11:26:52,10239.85,0
2021-05-19 11:26:53,10239.7,0
2021-05-19 11:26:55,10240.05,0
2021-05-19 11:26:56,10241.0,0
2021-05-19 11:26:57,10240.9,0
2021-05-19 11:26:58,10241.25,0
2021-05-19 11:27:01,10239.75,0
2021-05-19 11:27:04,10240.4,0
2021-05-19 11:27:05,10239.25,0
2021-05-19 11:27:06,10238.9,0
2021-05-19 11:27:07,10238.75,0
2021-05-19 11:27:08,10239.1,0
2021-05-19 11:27:09,10238.85,0
2021-05-19 11:27:10,10238.55,0
2021-05-19 11:27:11,10238.45,0
2021-05-19 11:27:13,10238.95,0
2021-05-19 11:27:14,10238.3,0
2021-05-19 11:27:15,10238.15,0
2021-05-19 11:27:16,10239.4,0
2021-05-19 11:27:19,10239.1,0
2021-05-19 11:27:20,10239.35,0
2021-05-19 11:27:22,10240.05,0
2021-05-19 11:27:23,10240.85,0
2021-05-19 11:27:25,10240.5,0
2021-05-19 11:27:26,10240.95,0
2021-05-19 11:27:27,10239.95,0
2021-05-19 11:27:31,10241.25,0
2021-05-19 11:27:32,10240.6,0
2021-05-19 11:27:33,10240.1,0
2021-05-19 11:27:35,10240.65,0
2021-05-19 11:27:36,10240.25,0
2021-05-19 11:27:37,10239.95,0
2021-05-19 11:27:38,10240.15,0
2021-05-19 11:27:40,10239.9,0
2021-05-19 11:27:41,10240.3,0
2021-05-19 11:27:42,10240.75,0
2021-05-19 11:27:46,10241.5,0
2021-05-19 11:27:52,10241.5,0
2021-05-19 11:27:53,10241.5,0
2021-05-19 11:27:58,10241.1,0
2021-05-19 11:28:01,10241.85,0
2021-05-19 11:28:02,10241.9,0
2021-05-19 11:28:03,10241.95,0
2021-05-19 11:28:05,10242.45,0
2021-05-19 11:28:08,10243.0,0
2021-05-19 11:28:09,10242.25,0
2021-05-19 11:28:10,10242.45,0
2021-05-19 11:28:11,10242.65,0
2021-05-19 11:28:12,10242.65,0
2021-05-19 11:28:17,10241.75,0
2021-05-19 11:28:18,10241.95,0
2021-05-19 11:28:19,10241.7,0
2021-05-19 11:28:20,10241.55,0
2021-05-19 11:28:23,10242.35,0
2021-05-19 11:28:24,10241.95,0
2021-05-19 11:28:25,10242.45,0
2021-05-19 11:28:26,10242.55,0
2021-05-19 11:28:27,10242.65,0
2021-05-19 11:28:28,10242.9,0
2021-05-19 11:28:29,10242.3,0
2021-05-19 11:28:30,10242.0,0
2021-05-19 11:28:34,10241.55,0
2021-05-19 11:28:36,10242.1,0
2021-05-19 11:28:38,10242.3,0
2021-05-19 11:28:39,10241.5,0
2021-05-19 11:28:40,10241.35,0
2021-05-19 11:28:41,10241.75,0
2021-05-19 11:28:42,10242.0,0
2021-05-19 11:28:43,10242.2,0
2021-05-19 11:28:44,10241.6,0
2021-05-19 11:28:46,10241.6,0
2021-05-19 11:28:49,10241.65,0
2021-05-19 11:28:50,10241.1,0
2021-05-19 11:28:51,10241.25,0
2021-05-19 11:28:52,10241.05,0
2021-05-19 11:28:53,10241.0,0
2021-05-19 11:28:54,10241.55,0
2021-05-19 11:28:55,10240.35,0
2021-05-19 11:28:56,10240.4,0
2021-05-19 11:28:57,10240.3,0
2021-05-19 11:28:58,10240.95,0
2021-05-19 11:28:59,10239.95,0
2021-05-19 11:29:01,10240.95,0
2021-05-19 11:29:02,10241.15,0
2021-05-19 11:29:03,10240.75,0
2021-05-19 11:29:04,10241.15,0
2021-05-19 11:29:05,10241.4,0
2021-05-19 11:29:07,10241.9,0
2021-05-19 11:29:08,10241.1,0
2021-05-19 11:29:12,10240.95,0
2021-05-19 11:29:14,10240.15,0
2021-05-19 11:29:15,10241.2,0
2021-05-19 11:29:18,10240.6,0
2021-05-19 11:29:19,10240.85,0
2021-05-19 11:29:22,10241.65,0
2021-05-19 11:29:25,10241.75,0
2021-05-19 11:29:28,10241.75,0
2021-05-19 11:29:29,10241.6,0
2021-05-19 11:29:31,10240.9,0
2021-05-19 11:29:33,10240.9,0
2021-05-19 11:29:34,10242.5,0
2021-05-19 11:29:36,10242.0,0
2021-05-19 11:29:37,10242.5,0
2021-05-19 11:29:38,10242.8,0
2021-05-19 11:29:39,10242.3,0
2021-05-19 11:29:40,10242.25,0
2021-05-19 11:29:41,10242.65,0
2021-05-19 11:29:42,10242.4,0
2021-05-19 11:29:43,10242.2,0
2021-05-19 11:29:44,10242.95,0
2021-05-19 11:29:45,10243.2,0
2021-05-19 11:29:47,10243.15,0
2021-05-19 11:29:48,10243.55,0
2021-05-19 11:29:49,10243.4,0
2021-05-19 11:29:50,10243.0,0
2021-05-19 11:29:51,10242.65,0
2021-05-19 11:29:52,10243.1,0
2021-05-19 11:29:55,10241.75,0
2021-05-19 11:29:56,10242.15,0
2021-05-19 11:29:57,10242.1,0
2021-05-19 11:29:59,10242.55,0
2021-05-19 11:30:01,10243.2,0
2021-05-19 11:30:02,10242.95,0
2021-05-19 11:30:04,10242.1,0
2021-05-19 11:30:05,10241.25,0
2021-05-19 11:30:10,10241.35,0
2021-05-19 11:30:11,10241.8,0
2021-05-19 11:30:13,10241.95,0
2021-05-19 11:30:14,10242.45,0
2021-05-19 11:30:15,10242.15,0
2021-05-19 11:30:16,10241.2,0
2021-05-19 11:30:17,10241.8,0
2021-05-19 11:30:18,10240.9,0
2021-05-19 11:30:19,10241.75,0
2021-05-19 11:30:21,10241.6,0
2021-05-19 11:30:22,10241.1,0
2021-05-19 11:30:23,10241.45,0
2021-05-19 11:30:24,10241.5,0
2021-05-19 11:30:25,10241.6,0
2021-05-19 11:30:26,10241.35,0
2021-05-19 11:30:27,10241.4,0
2021-05-19 11:30:29,10241.3,0
2021-05-19 11:30:31,10241.65,0
2021-05-19 11:30:32,10240.7,0
2021-05-19 11:30:34,10240.4,0
2021-05-19 11:30:35,10240.6,0
2021-05-19 11:30:37,10239.8,0
2021-05-19 11:30:38,10239.95,0
2021-05-19 11:30:39,10240.15,0
2021-05-19 11:30:40,10240.15,0
2021-05-19 11:30:41,10241.2,0
2021-05-19 11:30:45,10242.35,0
2021-05-19 11:30:46,10242.5,0
2021-05-19 11:30:47,10241.95,0
