timestamp,ltp,volume
2021-03-26 09:15:49,14487.7,0
2021-03-26 09:15:50,14489.6,0
2021-03-26 09:15:51,14490.35,0
2021-03-26 09:15:52,14492.2,0
2021-03-26 09:15:53,14493.95,0
2021-03-26 09:15:54,14492.9,0
2021-03-26 09:15:55,14493.5,0
2021-03-26 09:15:56,14494.0,0
2021-03-26 09:15:57,14495.75,0
2021-03-26 09:15:58,14496.2,0
2021-03-26 09:15:59,14493.25,0
2021-03-26 09:16:00,14494.1,0
2021-03-26 09:16:01,14492.4,0
2021-03-26 09:16:02,14491.15,0
2021-03-26 09:16:03,14489.95,0
2021-03-26 09:16:04,14488.15,0
2021-03-26 09:16:05,14485.6,0
2021-03-26 09:16:06,14485.8,0
2021-03-26 09:16:07,14484.9,0
2021-03-26 09:16:08,14484.55,0
2021-03-26 09:16:09,14480.3,0
2021-03-26 09:16:10,14478.5,0
2021-03-26 09:16:11,14475.5,0
2021-03-26 09:16:12,14473.1,0
2021-03-26 09:16:13,14472.35,0
2021-03-26 09:16:14,14471.25,0
2021-03-26 09:16:15,14472.8,0
2021-03-26 09:16:16,14471.25,0
2021-03-26 09:16:17,14467.55,0
2021-03-26 09:16:18,14461.25,0
2021-03-26 09:16:19,14464.4,0
2021-03-26 09:16:20,14462.1,0
2021-03-26 09:16:21,14462.95,0
2021-03-26 09:16:22,14465.7,0
2021-03-26 09:16:23,14466.0,0
2021-03-26 09:16:24,14472.65,0
2021-03-26 09:16:25,14474.15,0
2021-03-26 09:16:26,14477.8,0
2021-03-26 09:16:27,14478.9,0
2021-03-26 09:16:28,14482.5,0
2021-03-26 09:16:29,14482.15,0
2021-03-26 09:16:30,14490.05,0
2021-03-26 09:16:31,14487.85,0
2021-03-26 09:16:32,14488.4,0
2021-03-26 09:16:33,14489.95,0
2021-03-26 09:16:34,14488.5,0
2021-03-26 09:16:35,14488.2,0
2021-03-26 09:16:36,14483.0,0
2021-03-26 09:16:37,14484.05,0
2021-03-26 09:16:38,14482.7,0
2021-03-26 09:16:39,14482.25,0
2021-03-26 09:16:40,14474.65,0
2021-03-26 09:16:41,14477.25,0
2021-03-26 09:16:42,14477.85,0
2021-03-26 09:16:43,14480.1,0
2021-03-26 09:16:44,14481.8,0
2021-03-26 09:16:45,14482.25,0
2021-03-26 09:16:46,14481.35,0
2021-03-26 09:16:47,14481.1,0
2021-03-26 09:16:48,14482.05,0
2021-03-26 09:16:49,14479.75,0
2021-03-26 09:16:50,14479.45,0
2021-03-26 09:16:51,14477.55,0
2021-03-26 09:16:52,14478.05,0
2021-03-26 09:16:53,14478.95,0
2021-03-26 09:16:54,14475.9,0
2021-03-26 09:16:55,14473.65,0
2021-03-26 09:16:56,14471.4,0
2021-03-26 09:16:57,14470.35,0
2021-03-26 09:16:58,14469.1,0
2021-03-26 09:16:59,14468.9,0
2021-03-26 09:17:00,14468.4,0
2021-03-26 09:17:01,14469.6,0
2021-03-26 09:17:02,14469.55,0
2021-03-26 09:17:03,14470.45,0
2021-03-26 09:17:04,14473.3,0
2021-03-26 09:17:05,14474.7,0
2021-03-26 09:17:06,14474.35,0
2021-03-26 09:17:07,14472.1,0
2021-03-26 09:17:08,14472.35,0
2021-03-26 09:17:09,14473.8,0
2021-03-26 09:17:10,14472.65,0
2021-03-26 09:17:11,14470.45,0
2021-03-26 09:17:12,14470.45,0
2021-03-26 09:17:13,14470.6,0
2021-03-26 09:17:14,14469.05,0
2021-03-26 09:17:15,14468.35,0
2021-03-26 09:17:16,14469.6,0
2021-03-26 09:17:17,14471.7,0
2021-03-26 09:17:18,14473.85,0
2021-03-26 09:17:19,14473.65,0
2021-03-26 09:17:20,14472.25,0
2021-03-26 09:17:21,14473.1,0
2021-03-26 09:17:22,14473.75,0
2021-03-26 09:17:23,14473.7,0
2021-03-26 09:17:24,14472.45,0
2021-03-26 09:17:25,14471.8,0
2021-03-26 09:17:26,14473.65,0
2021-03-26 09:17:27,14473.25,0
2021-03-26 09:17:28,14471.0,0
2021-03-26 09:17:29,14470.95,0
2021-03-26 09:17:30,14470.35,0
2021-03-26 09:17:31,14469.1,0
2021-03-26 09:17:32,14468.95,0
2021-03-26 09:17:33,14468.2,0
2021-03-26 09:17:34,14466.95,0
2021-03-26 09:17:35,14467.25,0
2021-03-26 09:17:36,14466.2,0
2021-03-26 09:17:37,14466.6,0
2021-03-26 09:17:38,14466.1,0
2021-03-26 09:17:39,14463.9,0
2021-03-26 09:17:40,14462.3,0
2021-03-26 09:17:41,14462.8,0
2021-03-26 09:17:42,14461.25,0
2021-03-26 09:17:43,14461.05,0
2021-03-26 09:17:44,14461.2,0
2021-03-26 09:17:45,14460.65,0
2021-03-26 09:17:46,14459.85,0
2021-03-26 09:17:47,14459.75,0
2021-03-26 09:17:48,14460.1,0
2021-03-26 09:17:49,14458.65,0
2021-03-26 09:17:50,14459.7,0
2021-03-26 09:17:51,14459.85,0
2021-03-26 09:17:52,14460.9,0
2021-03-26 09:17:53,14461.35,0
2021-03-26 09:17:54,14462.1,0
2021-03-26 09:17:55,14464.05,0
2021-03-26 09:17:56,14462.4,0
2021-03-26 09:17:57,14463.55,0
2021-03-26 09:17:58,14463.75,0
2021-03-26 09:17:59,14464.3,0
2021-03-26 09:18:00,14464.6,0
2021-03-26 09:18:01,14465.65,0
2021-03-26 09:18:02,14464.85,0
2021-03-26 09:18:03,14467.55,0
2021-03-26 09:18:04,14467.95,0
2021-03-26 09:18:05,14468.3,0
2021-03-26 09:18:06,14468.9,0
2021-03-26 09:18:07,14469.4,0
2021-03-26 09:18:08,14470.4,0
2021-03-26 09:18:09,14470.6,0
2021-03-26 09:18:10,14470.75,0
2021-03-26 09:18:11,14472.8,0
2021-03-26 09:18:12,14475.05,0
2021-03-26 09:18:13,14475.75,0
2021-03-26 09:18:14,14475.3,0
2021-03-26 09:18:15,14476.15,0
2021-03-26 09:18:16,14476.0,0
2021-03-26 09:18:17,14475.2,0
2021-03-26 09:18:18,14473.25,0
2021-03-26 09:18:19,14476.3,0
2021-03-26 09:18:20,14475.65,0
2021-03-26 09:18:21,14477.15,0
2021-03-26 09:18:22,14479.3,0
2021-03-26 09:18:23,14481.3,0
2021-03-26 09:18:24,14481.8,0
2021-03-26 09:18:25,14482.8,0
2021-03-26 09:18:27,14483.55,0
2021-03-26 09:18:28,14483.15,0
2021-03-26 09:18:29,14485.35,0
2021-03-26 09:18:30,14485.1,0
2021-03-26 09:18:31,14485.65,0
2021-03-26 09:18:32,14487.2,0
2021-03-26 09:18:33,14486.4,0
2021-03-26 09:18:34,14483.6,0
2021-03-26 09:18:35,14482.1,0
2021-03-26 09:18:36,14483.4,0
2021-03-26 09:18:37,14484.45,0
2021-03-26 09:18:38,14486.1,0
2021-03-26 09:18:39,14487.7,0
2021-03-26 09:18:40,14485.95,0
2021-03-26 09:18:41,14486.05,0
2021-03-26 09:18:42,14486.3,0
2021-03-26 09:18:43,14485.35,0
2021-03-26 09:18:44,14487.0,0
2021-03-26 09:18:45,14485.9,0
2021-03-26 09:18:46,14484.55,0
2021-03-26 09:18:47,14480.15,0
2021-03-26 09:18:48,14479.8,0
2021-03-26 09:18:49,14481.15,0
2021-03-26 09:18:50,14482.35,0
2021-03-26 09:18:51,14482.05,0
2021-03-26 09:18:52,14481.2,0
2021-03-26 09:18:53,14481.2,0
2021-03-26 09:18:54,14481.6,0
2021-03-26 09:18:55,14482.35,0
2021-03-26 09:18:56,14482.0,0
2021-03-26 09:18:57,14482.7,0
2021-03-26 09:18:58,14482.7,0
2021-03-26 09:18:59,14482.75,0
2021-03-26 09:19:00,14481.25,0
2021-03-26 09:19:01,14482.15,0
2021-03-26 09:19:02,14481.8,0
2021-03-26 09:19:03,14482.25,0
2021-03-26 09:19:04,14482.05,0
2021-03-26 09:19:05,14482.8,0
2021-03-26 09:19:06,14483.2,0
2021-03-26 09:19:07,14483.05,0
2021-03-26 09:19:08,14483.1,0
2021-03-26 09:19:09,14481.75,0
2021-03-26 09:19:10,14481.2,0
2021-03-26 09:19:11,14480.65,0
2021-03-26 09:19:12,14480.3,0
2021-03-26 09:19:13,14477.65,0
2021-03-26 09:19:14,14477.65,0
2021-03-26 09:19:15,14477.9,0
2021-03-26 09:19:16,14471.8,0
2021-03-26 09:19:17,14470.5,0
2021-03-26 09:19:18,14471.5,0
2021-03-26 09:19:19,14471.75,0
2021-03-26 09:19:20,14473.25,0
2021-03-26 09:19:21,14473.3,0
2021-03-26 09:19:22,14473.3,0
2021-03-26 09:19:23,14473.7,0
2021-03-26 09:19:24,14474.15,0
2021-03-26 09:19:25,14474.3,0
2021-03-26 09:19:26,14474.05,0
2021-03-26 09:19:27,14473.15,0
2021-03-26 09:19:28,14471.7,0
2021-03-26 09:19:29,14472.55,0
2021-03-26 09:19:30,14472.15,0
2021-03-26 09:19:31,14467.1,0
2021-03-26 09:19:32,14469.05,0
2021-03-26 09:19:33,14469.1,0
2021-03-26 09:19:34,14469.2,0
2021-03-26 09:19:35,14469.15,0
2021-03-26 09:19:36,14469.85,0
2021-03-26 09:19:37,14468.95,0
2021-03-26 09:19:38,14469.55,0
2021-03-26 09:19:39,14469.15,0
2021-03-26 09:19:40,14468.9,0
2021-03-26 09:19:41,14469.0,0
2021-03-26 09:19:42,14468.1,0
2021-03-26 09:19:43,14468.25,0
2021-03-26 09:19:44,14467.05,0
2021-03-26 09:19:45,14467.45,0
2021-03-26 09:19:46,14462.15,0
2021-03-26 09:19:47,14461.45,0
2021-03-26 09:19:48,14466.4,0
2021-03-26 09:19:49,14466.45,0
2021-03-26 09:19:50,14465.75,0
2021-03-26 09:19:51,14466.0,0
2021-03-26 09:19:52,14467.45,0
2021-03-26 09:19:53,14467.15,0
2021-03-26 09:19:54,14465.25,0
2021-03-26 09:19:55,14464.4,0
2021-03-26 09:19:56,14464.3,0
2021-03-26 09:19:57,14463.8,0
2021-03-26 09:19:58,14462.7,0
2021-03-26 09:19:59,14462.55,0
2021-03-26 09:20:00,14462.4,0
2021-03-26 09:20:01,14462.85,0
2021-03-26 09:20:02,14462.4,0
2021-03-26 09:20:03,14464.4,0
2021-03-26 09:20:04,14466.9,0
2021-03-26 09:20:05,14468.1,0
2021-03-26 09:20:06,14468.5,0
2021-03-26 09:20:07,14470.55,0
2021-03-26 09:20:08,14470.3,0
2021-03-26 09:20:09,14473.15,0
2021-03-26 09:20:10,14473.2,0
2021-03-26 09:20:11,14473.15,0
2021-03-26 09:20:12,14475.5,0
2021-03-26 09:20:13,14474.25,0
2021-03-26 09:20:14,14473.95,0
2021-03-26 09:20:15,14472.3,0
2021-03-26 09:20:16,14470.6,0
2021-03-26 09:20:17,14470.05,0
2021-03-26 09:20:18,14469.5,0
2021-03-26 09:20:19,14470.0,0
2021-03-26 09:20:20,14470.2,0
2021-03-26 09:20:21,14469.9,0
2021-03-26 09:20:22,14469.95,0
2021-03-26 09:20:23,14463.8,0
2021-03-26 09:20:24,14466.55,0
2021-03-26 09:20:25,14464.75,0
2021-03-26 09:20:26,14463.65,0
2021-03-26 09:20:27,14463.9,0
2021-03-26 09:20:28,14460.3,0
2021-03-26 09:20:29,14460.35,0
2021-03-26 09:20:30,14460.0,0
2021-03-26 09:20:31,14459.9,0
2021-03-26 09:20:32,14451.35,0
2021-03-26 09:20:33,14451.8,0
2021-03-26 09:20:34,14453.1,0
2021-03-26 09:20:35,14453.2,0
2021-03-26 09:20:36,14452.35,0
2021-03-26 09:20:37,14453.15,0
2021-03-26 09:20:38,14453.5,0
2021-03-26 09:20:39,14451.6,0
2021-03-26 09:20:40,14451.25,0
2021-03-26 09:20:41,14447.7,0
2021-03-26 09:20:42,14447.6,0
2021-03-26 09:20:43,14448.0,0
2021-03-26 09:20:44,14448.9,0
2021-03-26 09:20:45,14448.55,0
2021-03-26 09:20:46,14450.55,0
2021-03-26 09:20:47,14450.25,0
2021-03-26 09:20:48,14448.4,0
2021-03-26 09:20:49,14447.85,0
2021-03-26 09:20:50,14450.2,0
2021-03-26 09:20:51,14449.7,0
2021-03-26 09:20:52,14449.65,0
2021-03-26 09:20:53,14449.6,0
2021-03-26 09:20:54,14445.95,0
2021-03-26 09:20:55,14445.9,0
2021-03-26 09:20:56,14446.45,0
2021-03-26 09:20:57,14444.6,0
2021-03-26 09:20:58,14445.75,0
2021-03-26 09:20:59,14446.35,0
2021-03-26 09:21:00,14445.2,0
2021-03-26 09:21:01,14443.15,0
2021-03-26 09:21:02,14442.35,0
2021-03-26 09:21:03,14443.8,0
2021-03-26 09:21:04,14443.1,0
2021-03-26 09:21:05,14445.05,0
2021-03-26 09:21:06,14446.45,0
2021-03-26 09:21:07,14445.7,0
2021-03-26 09:21:08,14446.35,0
2021-03-26 09:21:09,14447.5,0
2021-03-26 09:21:10,14448.7,0
2021-03-26 09:21:11,14451.65,0
2021-03-26 09:21:12,14450.05,0
2021-03-26 09:21:13,14451.75,0
2021-03-26 09:21:14,14451.55,0
2021-03-26 09:21:15,14452.95,0
2021-03-26 09:21:16,14455.95,0
2021-03-26 09:21:17,14453.3,0
2021-03-26 09:21:18,14452.75,0
2021-03-26 09:21:19,14452.75,0
2021-03-26 09:21:20,14453.15,0
2021-03-26 09:21:21,14453.3,0
2021-03-26 09:21:22,14454.65,0
2021-03-26 09:21:23,14454.8,0
2021-03-26 09:21:24,14454.85,0
2021-03-26 09:21:25,14454.75,0
2021-03-26 09:21:26,14456.75,0
2021-03-26 09:21:27,14457.55,0
2021-03-26 09:21:28,14458.15,0
2021-03-26 09:21:29,14459.4,0
2021-03-26 09:21:30,14459.9,0
2021-03-26 09:21:31,14459.0,0
2021-03-26 09:21:32,14459.5,0
2021-03-26 09:21:33,14460.2,0
2021-03-26 09:21:34,14461.45,0
2021-03-26 09:21:35,14463.3,0
2021-03-26 09:21:36,14464.65,0
2021-03-26 09:21:37,14464.35,0
2021-03-26 09:21:38,14464.9,0
2021-03-26 09:21:39,14465.35,0
2021-03-26 09:21:40,14462.4,0
2021-03-26 09:21:41,14462.1,0
2021-03-26 09:21:42,14460.6,0
2021-03-26 09:21:43,14458.75,0
2021-03-26 09:21:44,14457.3,0
2021-03-26 09:21:45,14457.1,0
2021-03-26 09:21:46,14456.8,0
2021-03-26 09:21:47,14456.25,0
2021-03-26 09:21:48,14456.3,0
2021-03-26 09:21:49,14457.4,0
2021-03-26 09:21:50,14459.9,0
2021-03-26 09:21:51,14460.1,0
2021-03-26 09:21:52,14462.05,0
2021-03-26 09:21:53,14462.35,0
2021-03-26 09:21:54,14461.25,0
2021-03-26 09:21:55,14458.1,0
2021-03-26 09:21:56,14459.25,0
2021-03-26 09:21:57,14459.35,0
2021-03-26 09:21:58,14459.5,0
2021-03-26 09:21:59,14455.45,0
2021-03-26 09:22:00,14457.55,0
2021-03-26 09:22:01,14457.55,0
2021-03-26 09:22:02,14458.05,0
2021-03-26 09:22:03,14455.55,0
2021-03-26 09:22:04,14457.25,0
2021-03-26 09:22:05,14456.15,0
2021-03-26 09:22:06,14456.05,0
2021-03-26 09:22:07,14455.25,0
2021-03-26 09:22:08,14454.3,0
2021-03-26 09:22:09,14453.0,0
2021-03-26 09:22:10,14453.35,0
2021-03-26 09:22:11,14453.15,0
2021-03-26 09:22:12,14453.4,0
2021-03-26 09:22:13,14451.15,0
2021-03-26 09:22:14,14449.75,0
2021-03-26 09:22:15,14449.7,0
2021-03-26 09:22:16,14450.5,0
2021-03-26 09:22:17,14448.65,0
2021-03-26 09:22:18,14448.6,0
2021-03-26 09:22:19,14451.15,0
2021-03-26 09:22:20,14450.6,0
2021-03-26 09:22:21,14453.25,0
2021-03-26 09:22:22,14452.45,0
2021-03-26 09:22:23,14452.75,0
2021-03-26 09:22:24,14452.65,0
2021-03-26 09:22:25,14452.35,0
2021-03-26 09:22:26,14450.1,0
2021-03-26 09:22:27,14450.5,0
2021-03-26 09:22:28,14451.4,0
2021-03-26 09:22:29,14452.0,0
2021-03-26 09:22:30,14451.4,0
2021-03-26 09:22:31,14453.15,0
2021-03-26 09:22:32,14454.4,0
2021-03-26 09:22:33,14454.05,0
2021-03-26 09:22:34,14453.55,0
2021-03-26 09:22:35,14455.05,0
2021-03-26 09:22:36,14453.45,0
2021-03-26 09:22:37,14454.4,0
2021-03-26 09:22:38,14453.1,0
2021-03-26 09:22:39,14453.85,0
2021-03-26 09:22:40,14452.4,0
2021-03-26 09:22:41,14449.8,0
2021-03-26 09:22:42,14450.45,0
2021-03-26 09:22:43,14450.15,0
2021-03-26 09:22:44,14450.15,0
2021-03-26 09:22:45,14448.85,0
2021-03-26 09:22:46,14449.35,0
2021-03-26 09:22:47,14448.25,0
2021-03-26 09:22:48,14450.3,0
2021-03-26 09:22:49,14447.15,0
2021-03-26 09:22:50,14447.45,0
2021-03-26 09:22:51,14447.9,0
2021-03-26 09:22:52,14447.65,0
2021-03-26 09:22:53,14448.45,0
2021-03-26 09:22:54,14447.65,0
2021-03-26 09:22:55,14448.1,0
2021-03-26 09:22:56,14447.75,0
2021-03-26 09:22:57,14447.8,0
2021-03-26 09:22:58,14447.2,0
2021-03-26 09:22:59,14447.85,0
2021-03-26 09:23:00,14449.3,0
2021-03-26 09:23:01,14451.4,0
2021-03-26 09:23:02,14450.75,0
2021-03-26 09:23:03,14452.95,0
2021-03-26 09:23:04,14453.25,0
2021-03-26 09:23:05,14453.75,0
2021-03-26 09:23:06,14456.6,0
2021-03-26 09:23:07,14455.4,0
2021-03-26 09:23:08,14455.25,0
2021-03-26 09:23:09,14455.7,0
2021-03-26 09:23:10,14456.85,0
2021-03-26 09:23:11,14455.8,0
2021-03-26 09:23:12,14456.85,0
2021-03-26 09:23:13,14456.4,0
2021-03-26 09:23:14,14457.35,0
2021-03-26 09:23:15,14454.4,0
2021-03-26 09:23:16,14451.0,0
2021-03-26 09:23:17,14451.75,0
2021-03-26 09:23:18,14452.5,0
2021-03-26 09:23:19,14451.95,0
2021-03-26 09:23:20,14452.2,0
2021-03-26 09:23:21,14452.65,0
2021-03-26 09:23:22,14452.9,0
2021-03-26 09:23:23,14452.65,0
2021-03-26 09:23:24,14453.35,0
2021-03-26 09:23:25,14452.4,0
2021-03-26 09:23:26,14452.75,0
2021-03-26 09:23:27,14452.05,0
2021-03-26 09:23:28,14451.25,0
2021-03-26 09:23:29,14450.9,0
2021-03-26 09:23:30,14449.8,0
2021-03-26 09:23:31,14452.7,0
2021-03-26 09:23:32,14451.95,0
2021-03-26 09:23:33,14452.95,0
2021-03-26 09:23:34,14452.35,0
2021-03-26 09:23:35,14451.0,0
2021-03-26 09:23:36,14451.55,0
2021-03-26 09:23:37,14451.05,0
2021-03-26 09:23:38,14448.7,0
2021-03-26 09:23:39,14448.9,0
2021-03-26 09:23:40,14446.5,0
2021-03-26 09:23:41,14447.05,0
2021-03-26 09:23:42,14446.75,0
2021-03-26 09:23:43,14447.5,0
2021-03-26 09:23:44,14446.3,0
2021-03-26 09:23:45,14446.4,0
2021-03-26 09:23:46,14446.7,0
2021-03-26 09:23:47,14445.85,0
2021-03-26 09:23:48,14446.65,0
2021-03-26 09:23:49,14445.7,0
2021-03-26 09:23:50,14447.0,0
2021-03-26 09:23:51,14447.15,0
2021-03-26 09:23:52,14446.15,0
2021-03-26 09:23:53,14444.0,0
2021-03-26 09:23:54,14443.35,0
2021-03-26 09:23:55,14443.35,0
2021-03-26 09:23:56,14441.75,0
2021-03-26 09:23:57,14441.05,0
2021-03-26 09:23:58,14440.65,0
2021-03-26 09:23:59,14440.35,0
2021-03-26 09:24:00,14439.85,0
2021-03-26 09:24:01,14439.55,0
2021-03-26 09:24:02,14440.6,0
2021-03-26 09:24:03,14440.3,0
2021-03-26 09:24:04,14438.35,0
2021-03-26 09:24:05,14439.4,0
2021-03-26 09:24:06,14442.4,0
2021-03-26 09:24:07,14441.35,0
2021-03-26 09:24:08,14441.2,0
2021-03-26 09:24:09,14440.0,0
2021-03-26 09:24:10,14438.95,0
2021-03-26 09:24:11,14439.4,0
2021-03-26 09:24:12,14438.9,0
2021-03-26 09:24:13,14439.7,0
2021-03-26 09:24:14,14439.7,0
2021-03-26 09:24:15,14441.45,0
2021-03-26 09:24:16,14441.8,0
2021-03-26 09:24:17,14439.95,0
2021-03-26 09:24:18,14439.9,0
2021-03-26 09:24:19,14439.2,0
2021-03-26 09:24:20,14440.4,0
2021-03-26 09:24:21,14439.45,0
2021-03-26 09:24:22,14440.1,0
2021-03-26 09:24:23,14439.65,0
2021-03-26 09:24:24,14441.65,0
2021-03-26 09:24:25,14440.0,0
2021-03-26 09:24:26,14440.55,0
2021-03-26 09:24:27,14440.05,0
2021-03-26 09:24:28,14442.6,0
2021-03-26 09:24:29,14442.2,0
2021-03-26 09:24:30,14443.0,0
2021-03-26 09:24:31,14444.05,0
2021-03-26 09:24:32,14444.25,0
2021-03-26 09:24:33,14447.1,0
2021-03-26 09:24:34,14447.6,0
2021-03-26 09:24:35,14448.25,0
2021-03-26 09:24:36,14448.25,0
2021-03-26 09:24:37,14449.55,0
2021-03-26 09:24:38,14449.05,0
2021-03-26 09:24:39,14451.1,0
2021-03-26 09:24:40,14451.75,0
2021-03-26 09:24:41,14450.85,0
2021-03-26 09:24:42,14450.9,0
2021-03-26 09:24:43,14451.0,0
2021-03-26 09:24:44,14449.85,0
2021-03-26 09:24:45,14449.9,0
2021-03-26 09:24:46,14449.9,0
2021-03-26 09:24:47,14449.6,0
2021-03-26 09:24:48,14450.25,0
2021-03-26 09:24:49,14449.65,0
2021-03-26 09:24:50,14450.45,0
2021-03-26 09:24:51,14448.1,0
2021-03-26 09:24:52,14447.9,0
2021-03-26 09:24:53,14447.35,0
2021-03-26 09:24:54,14447.35,0
2021-03-26 09:24:55,14446.8,0
2021-03-26 09:24:56,14446.6,0
2021-03-26 09:24:57,14445.95,0
2021-03-26 09:24:58,14444.85,0
2021-03-26 09:24:59,14442.6,0
2021-03-26 09:25:00,14441.15,0
2021-03-26 09:25:01,14441.45,0
2021-03-26 09:25:02,14440.5,0
2021-03-26 09:25:03,14440.4,0
2021-03-26 09:25:04,14439.8,0
2021-03-26 09:25:05,14439.45,0
2021-03-26 09:25:06,14440.1,0
2021-03-26 09:25:07,14440.45,0
2021-03-26 09:25:08,14442.55,0
2021-03-26 09:25:09,14442.1,0
2021-03-26 09:25:10,14442.5,0
2021-03-26 09:25:11,14443.25,0
2021-03-26 09:25:12,14443.55,0
2021-03-26 09:25:13,14444.95,0
2021-03-26 09:25:14,14446.4,0
2021-03-26 09:25:15,14446.95,0
2021-03-26 09:25:16,14449.05,0
2021-03-26 09:25:17,14450.3,0
2021-03-26 09:25:18,14449.25,0
2021-03-26 09:25:19,14448.65,0
2021-03-26 09:25:20,14448.0,0
2021-03-26 09:25:21,14447.45,0
2021-03-26 09:25:22,14446.5,0
2021-03-26 09:25:23,14445.05,0
2021-03-26 09:25:24,14445.7,0
2021-03-26 09:25:25,14444.9,0
2021-03-26 09:25:26,14444.85,0
2021-03-26 09:25:27,14444.2,0
2021-03-26 09:25:28,14444.0,0
2021-03-26 09:25:29,14444.95,0
2021-03-26 09:25:30,14444.3,0
2021-03-26 09:25:31,14443.7,0
2021-03-26 09:25:32,14443.3,0
2021-03-26 09:25:33,14446.55,0
2021-03-26 09:25:34,14446.25,0
2021-03-26 09:25:35,14445.45,0
2021-03-26 09:25:36,14444.6,0
2021-03-26 09:25:37,14444.5,0
2021-03-26 09:25:38,14443.2,0
2021-03-26 09:25:39,14442.8,0
2021-03-26 09:25:40,14441.15,0
2021-03-26 09:25:41,14441.45,0
2021-03-26 09:25:42,14441.45,0
2021-03-26 09:25:43,14441.55,0
2021-03-26 09:25:44,14440.8,0
2021-03-26 09:25:45,14439.75,0
2021-03-26 09:25:46,14438.75,0
2021-03-26 09:25:47,14435.0,0
2021-03-26 09:25:48,14435.35,0
2021-03-26 09:25:49,14435.85,0
2021-03-26 09:25:50,14434.9,0
2021-03-26 09:25:51,14435.05,0
2021-03-26 09:25:52,14435.0,0
2021-03-26 09:25:53,14434.05,0
2021-03-26 09:25:54,14434.0,0
2021-03-26 09:25:55,14433.95,0
2021-03-26 09:25:56,14432.9,0
2021-03-26 09:25:57,14434.1,0
2021-03-26 09:25:58,14433.65,0
2021-03-26 09:25:59,14434.15,0
2021-03-26 09:26:00,14435.5,0
2021-03-26 09:26:01,14435.2,0
2021-03-26 09:26:02,14435.8,0
2021-03-26 09:26:03,14437.35,0
2021-03-26 09:26:04,14436.75,0
2021-03-26 09:26:05,14438.5,0
2021-03-26 09:26:06,14439.55,0
2021-03-26 09:26:07,14437.7,0
2021-03-26 09:26:08,14439.25,0
2021-03-26 09:26:09,14439.3,0
2021-03-26 09:26:10,14439.25,0
2021-03-26 09:26:11,14438.6,0
2021-03-26 09:26:12,14439.3,0
2021-03-26 09:26:13,14438.7,0
2021-03-26 09:26:14,14440.15,0
2021-03-26 09:26:15,14440.05,0
2021-03-26 09:26:16,14439.7,0
2021-03-26 09:26:17,14441.75,0
2021-03-26 09:26:18,14441.2,0
2021-03-26 09:26:19,14441.7,0
2021-03-26 09:26:20,14440.85,0
2021-03-26 09:26:21,14442.55,0
2021-03-26 09:26:22,14442.45,0
2021-03-26 09:26:23,14441.85,0
2021-03-26 09:26:24,14441.7,0
2021-03-26 09:26:25,14443.45,0
2021-03-26 09:26:26,14442.95,0
2021-03-26 09:26:27,14443.65,0
2021-03-26 09:26:28,14443.6,0
2021-03-26 09:26:29,14442.25,0
2021-03-26 09:26:30,14442.25,0
2021-03-26 09:26:31,14440.7,0
2021-03-26 09:26:32,14441.55,0
2021-03-26 09:26:33,14440.75,0
2021-03-26 09:26:34,14440.45,0
2021-03-26 09:26:35,14441.4,0
2021-03-26 09:26:36,14441.55,0
2021-03-26 09:26:37,14441.85,0
2021-03-26 09:26:38,14441.7,0
2021-03-26 09:26:39,14442.45,0
2021-03-26 09:26:40,14442.45,0
2021-03-26 09:26:41,14441.45,0
2021-03-26 09:26:42,14441.1,0
2021-03-26 09:26:43,14441.4,0
2021-03-26 09:26:44,14441.3,0
2021-03-26 09:26:45,14440.5,0
2021-03-26 09:26:46,14439.7,0
2021-03-26 09:26:47,14440.45,0
2021-03-26 09:26:48,14440.5,0
2021-03-26 09:26:49,14441.3,0
2021-03-26 09:26:50,14440.75,0
2021-03-26 09:26:51,14440.75,0
2021-03-26 09:26:52,14440.25,0
2021-03-26 09:26:53,14440.75,0
2021-03-26 09:26:54,14440.8,0
2021-03-26 09:26:55,14441.4,0
2021-03-26 09:26:56,14441.5,0
2021-03-26 09:26:57,14441.2,0
2021-03-26 09:26:58,14442.55,0
2021-03-26 09:26:59,14442.25,0
2021-03-26 09:27:00,14442.35,0
2021-03-26 09:27:01,14441.2,0
2021-03-26 09:27:02,14444.55,0
2021-03-26 09:27:03,14443.6,0
2021-03-26 09:27:04,14444.45,0
2021-03-26 09:27:05,14444.75,0
2021-03-26 09:27:06,14446.3,0
2021-03-26 09:27:07,14446.85,0
2021-03-26 09:27:08,14447.45,0
2021-03-26 09:27:09,14447.4,0
2021-03-26 09:27:10,14448.35,0
2021-03-26 09:27:11,14447.85,0
2021-03-26 09:27:12,14448.85,0
2021-03-26 09:27:13,14449.4,0
2021-03-26 09:27:14,14450.9,0
2021-03-26 09:27:15,14451.0,0
2021-03-26 09:27:16,14451.4,0
2021-03-26 09:27:17,14453.4,0
2021-03-26 09:27:18,14454.25,0
2021-03-26 09:27:19,14455.45,0
2021-03-26 09:27:20,14455.75,0
2021-03-26 09:27:21,14457.45,0
2021-03-26 09:27:22,14459.75,0
2021-03-26 09:27:23,14460.0,0
2021-03-26 09:27:24,14460.7,0
2021-03-26 09:27:25,14461.7,0
2021-03-26 09:27:26,14462.15,0
2021-03-26 09:27:27,14461.7,0
2021-03-26 09:27:28,14461.6,0
2021-03-26 09:27:29,14462.25,0
2021-03-26 09:27:30,14460.9,0
2021-03-26 09:27:31,14455.1,0
2021-03-26 09:27:32,14453.3,0
2021-03-26 09:27:33,14455.85,0
2021-03-26 09:27:34,14455.85,0
2021-03-26 09:27:35,14455.3,0
2021-03-26 09:27:36,14455.9,0
2021-03-26 09:27:37,14455.4,0
2021-03-26 09:27:38,14457.5,0
2021-03-26 09:27:39,14457.0,0
2021-03-26 09:27:40,14458.1,0
2021-03-26 09:27:41,14458.2,0
2021-03-26 09:27:42,14458.95,0
2021-03-26 09:27:43,14460.55,0
2021-03-26 09:27:44,14460.65,0
2021-03-26 09:27:45,14461.4,0
2021-03-26 09:27:46,14461.3,0
2021-03-26 09:27:47,14461.6,0
2021-03-26 09:27:48,14461.3,0
2021-03-26 09:27:49,14461.85,0
2021-03-26 09:27:50,14458.65,0
2021-03-26 09:27:51,14457.85,0
2021-03-26 09:27:52,14457.35,0
2021-03-26 09:27:53,14457.8,0
2021-03-26 09:27:54,14457.1,0
2021-03-26 09:27:55,14456.6,0
2021-03-26 09:27:56,14456.05,0
2021-03-26 09:27:57,14457.1,0
2021-03-26 09:27:58,14457.6,0
2021-03-26 09:27:59,14458.1,0
2021-03-26 09:28:00,14458.05,0
2021-03-26 09:28:01,14458.15,0
2021-03-26 09:28:02,14458.05,0
2021-03-26 09:28:03,14458.8,0
2021-03-26 09:28:04,14460.05,0
2021-03-26 09:28:05,14460.3,0
2021-03-26 09:28:06,14459.6,0
2021-03-26 09:28:07,14459.9,0
2021-03-26 09:28:08,14459.05,0
2021-03-26 09:28:09,14460.55,0
2021-03-26 09:28:10,14461.0,0
2021-03-26 09:28:11,14460.6,0
2021-03-26 09:28:12,14461.2,0
2021-03-26 09:28:13,14460.1,0
2021-03-26 09:28:14,14461.4,0
2021-03-26 09:28:15,14461.85,0
2021-03-26 09:28:16,14461.55,0
2021-03-26 09:28:17,14462.85,0
2021-03-26 09:28:18,14464.3,0
2021-03-26 09:28:19,14464.0,0
2021-03-26 09:28:20,14464.75,0
2021-03-26 09:28:21,14465.1,0
2021-03-26 09:28:22,14465.8,0
2021-03-26 09:28:23,14466.15,0
2021-03-26 09:28:24,14465.6,0
2021-03-26 09:28:25,14466.55,0
2021-03-26 09:28:26,14464.65,0
2021-03-26 09:28:27,14465.75,0
2021-03-26 09:28:28,14466.4,0
2021-03-26 09:28:29,14467.2,0
2021-03-26 09:28:30,14467.7,0
2021-03-26 09:28:31,14467.05,0
2021-03-26 09:28:32,14467.0,0
2021-03-26 09:28:33,14467.3,0
2021-03-26 09:28:34,14467.6,0
2021-03-26 09:28:35,14464.65,0
2021-03-26 09:28:36,14463.8,0
2021-03-26 09:28:37,14463.75,0
2021-03-26 09:28:38,14462.75,0
2021-03-26 09:28:39,14462.9,0
2021-03-26 09:28:40,14463.5,0
2021-03-26 09:28:41,14464.6,0
2021-03-26 09:28:42,14464.45,0
2021-03-26 09:28:43,14464.65,0
2021-03-26 09:28:44,14464.95,0
2021-03-26 09:28:45,14465.6,0
2021-03-26 09:28:46,14464.75,0
2021-03-26 09:28:47,14465.35,0
2021-03-26 09:28:48,14463.55,0
2021-03-26 09:28:49,14463.95,0
2021-03-26 09:28:50,14464.75,0
2021-03-26 09:28:51,14465.7,0
2021-03-26 09:28:52,14464.95,0
2021-03-26 09:28:53,14465.4,0
2021-03-26 09:28:54,14465.2,0
2021-03-26 09:28:55,14465.0,0
2021-03-26 09:28:56,14465.85,0
2021-03-26 09:28:57,14464.75,0
2021-03-26 09:28:58,14464.7,0
2021-03-26 09:28:59,14461.9,0
2021-03-26 09:29:00,14462.95,0
2021-03-26 09:29:01,14462.75,0
2021-03-26 09:29:02,14463.85,0
2021-03-26 09:29:03,14463.55,0
2021-03-26 09:29:04,14463.65,0
2021-03-26 09:29:05,14464.6,0
2021-03-26 09:29:06,14464.25,0
2021-03-26 09:29:07,14463.8,0
2021-03-26 09:29:08,14464.1,0
2021-03-26 09:29:09,14462.7,0
2021-03-26 09:29:10,14464.6,0
2021-03-26 09:29:11,14464.2,0
2021-03-26 09:29:12,14463.45,0
2021-03-26 09:29:13,14464.3,0
2021-03-26 09:29:14,14464.05,0
2021-03-26 09:29:15,14462.9,0
2021-03-26 09:29:16,14462.3,0
2021-03-26 09:29:17,14461.95,0
2021-03-26 09:29:18,14461.95,0
2021-03-26 09:29:19,14461.8,0
2021-03-26 09:29:20,14461.3,0
2021-03-26 09:29:21,14459.35,0
2021-03-26 09:29:22,14460.2,0
2021-03-26 09:29:23,14458.7,0
2021-03-26 09:29:24,14460.2,0
2021-03-26 09:29:25,14460.25,0
2021-03-26 09:29:26,14461.2,0
2021-03-26 09:29:27,14460.6,0
2021-03-26 09:29:28,14461.8,0
2021-03-26 09:29:29,14462.75,0
2021-03-26 09:29:30,14462.55,0
2021-03-26 09:29:31,14463.4,0
2021-03-26 09:29:32,14463.75,0
2021-03-26 09:29:33,14464.05,0
2021-03-26 09:29:34,14464.75,0
2021-03-26 09:29:35,14464.9,0
2021-03-26 09:29:36,14466.2,0
2021-03-26 09:29:37,14465.95,0
2021-03-26 09:29:38,14465.25,0
2021-03-26 09:29:39,14465.8,0
2021-03-26 09:29:40,14466.6,0
2021-03-26 09:29:41,14463.7,0
2021-03-26 09:29:42,14462.95,0
2021-03-26 09:29:43,14464.0,0
2021-03-26 09:29:44,14464.5,0
2021-03-26 09:29:45,14464.65,0
2021-03-26 09:29:46,14464.8,0
2021-03-26 09:29:47,14464.5,0
2021-03-26 09:29:48,14464.35,0
2021-03-26 09:29:49,14464.65,0
2021-03-26 09:29:50,14464.5,0
2021-03-26 09:29:51,14464.2,0
2021-03-26 09:29:52,14463.0,0
2021-03-26 09:29:53,14462.2,0
2021-03-26 09:29:54,14463.0,0
2021-03-26 09:29:55,14462.05,0
2021-03-26 09:29:56,14463.6,0
2021-03-26 09:29:57,14463.3,0
2021-03-26 09:29:58,14462.5,0
2021-03-26 09:29:59,14462.0,0
2021-03-26 09:30:00,14462.65,0
2021-03-26 09:30:01,14466.05,0
2021-03-26 09:30:02,14466.25,0
2021-03-26 09:30:03,14467.35,0
2021-03-26 09:30:04,14468.35,0
2021-03-26 09:30:05,14470.05,0
2021-03-26 09:30:06,14469.85,0
2021-03-26 09:30:07,14469.7,0
2021-03-26 09:30:08,14469.35,0
2021-03-26 09:30:09,14469.6,0
2021-03-26 09:30:10,14469.7,0
2021-03-26 09:30:11,14469.8,0
2021-03-26 09:30:12,14469.8,0
2021-03-26 09:30:13,14470.55,0
2021-03-26 09:30:14,14470.95,0
2021-03-26 09:30:15,14475.25,0
2021-03-26 09:30:16,14474.3,0
2021-03-26 09:30:17,14473.2,0
2021-03-26 09:30:18,14472.5,0
2021-03-26 09:30:19,14472.5,0
2021-03-26 09:30:20,14472.9,0
2021-03-26 09:30:21,14471.65,0
2021-03-26 09:30:22,14471.4,0
2021-03-26 09:30:23,14471.5,0
2021-03-26 09:30:24,14471.9,0
2021-03-26 09:30:25,14471.65,0
2021-03-26 09:30:26,14470.75,0
2021-03-26 09:30:27,14471.0,0
2021-03-26 09:30:28,14472.0,0
2021-03-26 09:30:29,14471.7,0
2021-03-26 09:30:30,14473.2,0
2021-03-26 09:30:31,14473.8,0
2021-03-26 09:30:32,14474.25,0
2021-03-26 09:30:33,14474.85,0
2021-03-26 09:30:34,14474.2,0
2021-03-26 09:30:35,14475.95,0
2021-03-26 09:30:36,14475.7,0
2021-03-26 09:30:37,14476.5,0
2021-03-26 09:30:38,14477.05,0
2021-03-26 09:30:39,14477.6,0
2021-03-26 09:30:40,14477.85,0
2021-03-26 09:30:41,14478.7,0
2021-03-26 09:30:42,14478.6,0
2021-03-26 09:30:43,14477.75,0
2021-03-26 09:30:44,14478.0,0
2021-03-26 09:30:45,14477.7,0
2021-03-26 09:30:46,14478.5,0
2021-03-26 09:30:47,14478.85,0
2021-03-26 09:30:48,14477.65,0
2021-03-26 09:30:49,14479.05,0
2021-03-26 09:30:50,14477.3,0
2021-03-26 09:30:51,14477.75,0
2021-03-26 09:30:52,14478.3,0
2021-03-26 09:30:53,14477.45,0
2021-03-26 09:30:54,14478.1,0
2021-03-26 09:30:55,14477.5,0
2021-03-26 09:30:56,14477.3,0
2021-03-26 09:30:57,14476.55,0
2021-03-26 09:30:58,14475.6,0
2021-03-26 09:30:59,14473.25,0
2021-03-26 09:31:00,14473.05,0
2021-03-26 09:31:01,14472.4,0
2021-03-26 09:31:02,14472.55,0
2021-03-26 09:31:03,14473.7,0
2021-03-26 09:31:04,14474.1,0
2021-03-26 09:31:05,14474.5,0
2021-03-26 09:31:06,14476.05,0
2021-03-26 09:31:07,14476.3,0
2021-03-26 09:31:08,14477.3,0
2021-03-26 09:31:09,14476.75,0
2021-03-26 09:31:10,14477.85,0
2021-03-26 09:31:11,14477.95,0
2021-03-26 09:31:12,14477.6,0
2021-03-26 09:31:13,14478.4,0
2021-03-26 09:31:14,14479.05,0
2021-03-26 09:31:15,14479.15,0
2021-03-26 09:31:16,14477.05,0
2021-03-26 09:31:17,14478.45,0
2021-03-26 09:31:18,14478.45,0
2021-03-26 09:31:19,14478.2,0
2021-03-26 09:31:20,14478.05,0
2021-03-26 09:31:21,14479.2,0
2021-03-26 09:31:22,14479.2,0
2021-03-26 09:31:23,14478.85,0
2021-03-26 09:31:24,14479.45,0
2021-03-26 09:31:25,14480.45,0
2021-03-26 09:31:26,14479.6,0
2021-03-26 09:31:27,14480.25,0
2021-03-26 09:31:28,14480.6,0
2021-03-26 09:31:29,14481.0,0
2021-03-26 09:31:30,14482.05,0
2021-03-26 09:31:31,14481.2,0
2021-03-26 09:31:32,14482.25,0
2021-03-26 09:31:33,14482.3,0
2021-03-26 09:31:34,14482.7,0
2021-03-26 09:31:35,14482.0,0
2021-03-26 09:31:36,14482.5,0
2021-03-26 09:31:37,14482.0,0
2021-03-26 09:31:38,14481.7,0
2021-03-26 09:31:39,14481.8,0
2021-03-26 09:31:40,14482.2,0
2021-03-26 09:31:41,14481.15,0
2021-03-26 09:31:42,14481.05,0
2021-03-26 09:31:43,14478.8,0
2021-03-26 09:31:44,14478.5,0
2021-03-26 09:31:45,14479.25,0
2021-03-26 09:31:46,14478.6,0
2021-03-26 09:31:47,14478.65,0
2021-03-26 09:31:48,14478.95,0
2021-03-26 09:31:49,14478.9,0
2021-03-26 09:31:50,14478.6,0
2021-03-26 09:31:51,14476.0,0
2021-03-26 09:31:52,14477.5,0
2021-03-26 09:31:53,14477.55,0
2021-03-26 09:31:54,14478.1,0
2021-03-26 09:31:55,14477.1,0
2021-03-26 09:31:56,14477.8,0
2021-03-26 09:31:57,14476.7,0
2021-03-26 09:31:58,14477.25,0
2021-03-26 09:31:59,14477.95,0
2021-03-26 09:32:00,14478.0,0
2021-03-26 09:32:01,14477.8,0
2021-03-26 09:32:02,14477.45,0
2021-03-26 09:32:04,14477.95,0
2021-03-26 09:32:05,14478.7,0
2021-03-26 09:32:06,14479.4,0
2021-03-26 09:32:07,14477.8,0
2021-03-26 09:32:08,14478.6,0
2021-03-26 09:32:09,14478.15,0
2021-03-26 09:32:10,14478.85,0
2021-03-26 09:32:11,14478.25,0
2021-03-26 09:32:12,14478.15,0
2021-03-26 09:32:13,14478.6,0
2021-03-26 09:32:14,14478.65,0
2021-03-26 09:32:15,14479.2,0
2021-03-26 09:32:16,14479.2,0
2021-03-26 09:32:17,14479.05,0
2021-03-26 09:32:18,14481.05,0
2021-03-26 09:32:19,14480.9,0
2021-03-26 09:32:20,14479.95,0
2021-03-26 09:32:21,14480.4,0
2021-03-26 09:32:22,14481.05,0
2021-03-26 09:32:23,14481.45,0
2021-03-26 09:32:24,14481.35,0
2021-03-26 09:32:25,14480.8,0
2021-03-26 09:32:26,14480.2,0
2021-03-26 09:32:27,14480.3,0
2021-03-26 09:32:28,14479.8,0
2021-03-26 09:32:29,14479.9,0
2021-03-26 09:32:30,14479.65,0
2021-03-26 09:32:31,14479.35,0
2021-03-26 09:32:32,14478.95,0
2021-03-26 09:32:33,14477.3,0
2021-03-26 09:32:34,14477.5,0
2021-03-26 09:32:35,14477.35,0
2021-03-26 09:32:36,14476.2,0
2021-03-26 09:32:37,14476.15,0
2021-03-26 09:32:38,14476.55,0
2021-03-26 09:32:39,14474.1,0
2021-03-26 09:32:40,14474.8,0
2021-03-26 09:32:41,14475.55,0
2021-03-26 09:32:42,14475.9,0
2021-03-26 09:32:43,14475.6,0
2021-03-26 09:32:44,14474.35,0
2021-03-26 09:32:45,14474.7,0
2021-03-26 09:32:46,14473.25,0
2021-03-26 09:32:47,14473.5,0
2021-03-26 09:32:48,14472.9,0
2021-03-26 09:32:49,14472.6,0
2021-03-26 09:32:50,14472.25,0
2021-03-26 09:32:51,14471.2,0
2021-03-26 09:32:52,14471.1,0
2021-03-26 09:32:53,14471.7,0
2021-03-26 09:32:54,14472.1,0
2021-03-26 09:32:55,14472.45,0
2021-03-26 09:32:56,14472.7,0
2021-03-26 09:32:57,14471.8,0
2021-03-26 09:32:58,14473.75,0
2021-03-26 09:32:59,14473.4,0
2021-03-26 09:33:00,14473.45,0
2021-03-26 09:33:01,14473.7,0
2021-03-26 09:33:02,14473.95,0
2021-03-26 09:33:03,14475.35,0
2021-03-26 09:33:04,14474.65,0
2021-03-26 09:33:05,14476.5,0
2021-03-26 09:33:06,14476.0,0
2021-03-26 09:33:07,14476.0,0
2021-03-26 09:33:08,14477.15,0
2021-03-26 09:33:09,14476.55,0
2021-03-26 09:33:10,14476.45,0
2021-03-26 09:33:11,14475.8,0
2021-03-26 09:33:12,14475.3,0
2021-03-26 09:33:13,14476.2,0
2021-03-26 09:33:14,14476.7,0
2021-03-26 09:33:15,14475.75,0
2021-03-26 09:33:16,14476.4,0
2021-03-26 09:33:17,14475.35,0
2021-03-26 09:33:18,14475.6,0
2021-03-26 09:33:19,14476.5,0
2021-03-26 09:33:20,14475.25,0
2021-03-26 09:33:21,14473.9,0
2021-03-26 09:33:22,14473.5,0
2021-03-26 09:33:23,14472.0,0
2021-03-26 09:33:24,14471.25,0
2021-03-26 09:33:25,14471.15,0
2021-03-26 09:33:26,14470.95,0
2021-03-26 09:33:27,14470.5,0
2021-03-26 09:33:28,14470.0,0
2021-03-26 09:33:29,14470.35,0
2021-03-26 09:33:30,14469.55,0
2021-03-26 09:33:31,14470.1,0
2021-03-26 09:33:32,14469.35,0
2021-03-26 09:33:33,14469.35,0
2021-03-26 09:33:34,14468.65,0
2021-03-26 09:33:35,14468.75,0
2021-03-26 09:33:36,14470.4,0
2021-03-26 09:33:37,14469.65,0
2021-03-26 09:33:38,14468.95,0
2021-03-26 09:33:39,14469.6,0
2021-03-26 09:33:40,14469.25,0
2021-03-26 09:33:41,14468.5,0
2021-03-26 09:33:42,14468.95,0
2021-03-26 09:33:43,14468.05,0
2021-03-26 09:33:44,14468.15,0
2021-03-26 09:33:45,14466.5,0
2021-03-26 09:33:46,14466.25,0
2021-03-26 09:33:47,14465.5,0
2021-03-26 09:33:48,14465.85,0
2021-03-26 09:33:49,14466.0,0
2021-03-26 09:33:50,14464.25,0
2021-03-26 09:33:51,14462.35,0
2021-03-26 09:33:52,14458.9,0
2021-03-26 09:33:53,14457.8,0
2021-03-26 09:33:54,14458.5,0
2021-03-26 09:33:55,14458.6,0
2021-03-26 09:33:56,14458.95,0
2021-03-26 09:33:57,14460.15,0
2021-03-26 09:33:58,14460.35,0
2021-03-26 09:33:59,14460.65,0
2021-03-26 09:34:00,14460.65,0
2021-03-26 09:34:01,14461.3,0
2021-03-26 09:34:02,14460.95,0
2021-03-26 09:34:03,14460.4,0
2021-03-26 09:34:04,14461.0,0
2021-03-26 09:34:05,14460.1,0
2021-03-26 09:34:06,14460.4,0
2021-03-26 09:34:07,14460.3,0
2021-03-26 09:34:08,14460.05,0
2021-03-26 09:34:09,14463.55,0
2021-03-26 09:34:10,14463.15,0
2021-03-26 09:34:11,14465.55,0
2021-03-26 09:34:12,14465.45,0
2021-03-26 09:34:13,14464.9,0
2021-03-26 09:34:14,14465.9,0
2021-03-26 09:34:15,14467.25,0
2021-03-26 09:34:16,14469.25,0
2021-03-26 09:34:17,14469.6,0
2021-03-26 09:34:18,14471.35,0
2021-03-26 09:34:19,14470.8,0
2021-03-26 09:34:20,14471.75,0
2021-03-26 09:34:21,14471.65,0
2021-03-26 09:34:22,14471.7,0
2021-03-26 09:34:23,14472.65,0
2021-03-26 09:34:24,14472.8,0
2021-03-26 09:34:25,14472.9,0
2021-03-26 09:34:26,14474.4,0
2021-03-26 09:34:27,14474.2,0
2021-03-26 09:34:28,14474.45,0
2021-03-26 09:34:29,14475.5,0
2021-03-26 09:34:30,14475.65,0
2021-03-26 09:34:31,14476.1,0
2021-03-26 09:34:32,14475.5,0
2021-03-26 09:34:33,14475.95,0
2021-03-26 09:34:34,14476.85,0
2021-03-26 09:34:35,14477.35,0
2021-03-26 09:34:36,14477.3,0
2021-03-26 09:34:37,14476.85,0
2021-03-26 09:34:38,14476.55,0
2021-03-26 09:34:39,14476.3,0
2021-03-26 09:34:40,14477.5,0
2021-03-26 09:34:41,14478.15,0
2021-03-26 09:34:42,14477.75,0
2021-03-26 09:34:43,14481.7,0
2021-03-26 09:34:44,14481.9,0
2021-03-26 09:34:45,14482.4,0
2021-03-26 09:34:46,14484.2,0
2021-03-26 09:34:47,14484.0,0
2021-03-26 09:34:48,14484.05,0
2021-03-26 09:34:49,14485.85,0
2021-03-26 09:34:50,14484.8,0
2021-03-26 09:34:51,14485.8,0
2021-03-26 09:34:52,14487.7,0
2021-03-26 09:34:53,14488.55,0
2021-03-26 09:34:54,14488.95,0
2021-03-26 09:34:55,14488.55,0
2021-03-26 09:34:56,14488.7,0
2021-03-26 09:34:57,14488.85,0
2021-03-26 09:34:58,14489.05,0
2021-03-26 09:34:59,14487.5,0
2021-03-26 09:35:00,14487.8,0
2021-03-26 09:35:01,14486.85,0
2021-03-26 09:35:02,14488.15,0
2021-03-26 09:35:03,14488.7,0
2021-03-26 09:35:04,14489.95,0
2021-03-26 09:35:05,14493.1,0
2021-03-26 09:35:06,14494.55,0
2021-03-26 09:35:07,14492.6,0
2021-03-26 09:35:08,14496.4,0
2021-03-26 09:35:09,14501.45,0
2021-03-26 09:35:10,14500.45,0
2021-03-26 09:35:11,14498.6,0
2021-03-26 09:35:12,14496.95,0
2021-03-26 09:35:13,14497.9,0
2021-03-26 09:35:14,14498.85,0
2021-03-26 09:35:15,14497.35,0
2021-03-26 09:35:16,14498.05,0
2021-03-26 09:35:17,14496.45,0
2021-03-26 09:35:18,14496.15,0
2021-03-26 09:35:19,14495.3,0
2021-03-26 09:35:20,14494.7,0
2021-03-26 09:35:21,14494.85,0
2021-03-26 09:35:22,14494.4,0
2021-03-26 09:35:23,14493.25,0
2021-03-26 09:35:24,14492.55,0
2021-03-26 09:35:25,14491.7,0
2021-03-26 09:35:26,14490.0,0
2021-03-26 09:35:27,14488.25,0
2021-03-26 09:35:28,14487.45,0
2021-03-26 09:35:29,14487.1,0
2021-03-26 09:35:30,14487.3,0
2021-03-26 09:35:31,14486.25,0
2021-03-26 09:35:32,14486.65,0
2021-03-26 09:35:33,14488.4,0
2021-03-26 09:35:34,14489.8,0
2021-03-26 09:35:35,14489.05,0
2021-03-26 09:35:36,14486.7,0
2021-03-26 09:35:37,14488.2,0
2021-03-26 09:35:38,14487.15,0
2021-03-26 09:35:39,14487.1,0
2021-03-26 09:35:40,14487.55,0
2021-03-26 09:35:41,14487.0,0
2021-03-26 09:35:42,14487.6,0
2021-03-26 09:35:43,14487.55,0
2021-03-26 09:35:44,14486.8,0
2021-03-26 09:35:45,14486.2,0
2021-03-26 09:35:46,14485.95,0
2021-03-26 09:35:47,14485.2,0
2021-03-26 09:35:48,14486.55,0
2021-03-26 09:35:49,14486.6,0
2021-03-26 09:35:50,14486.15,0
2021-03-26 09:35:51,14485.8,0
2021-03-26 09:35:52,14485.0,0
2021-03-26 09:35:53,14484.1,0
2021-03-26 09:35:54,14484.5,0
2021-03-26 09:35:55,14482.75,0
2021-03-26 09:35:56,14484.15,0
2021-03-26 09:35:57,14483.85,0
2021-03-26 09:35:58,14484.8,0
2021-03-26 09:35:59,14484.45,0
2021-03-26 09:36:00,14482.65,0
2021-03-26 09:36:01,14481.65,0
2021-03-26 09:36:02,14479.8,0
2021-03-26 09:36:03,14481.05,0
2021-03-26 09:36:04,14479.75,0
2021-03-26 09:36:05,14479.7,0
2021-03-26 09:36:06,14479.25,0
2021-03-26 09:36:07,14479.05,0
2021-03-26 09:36:08,14479.2,0
2021-03-26 09:36:09,14478.7,0
2021-03-26 09:36:10,14478.8,0
2021-03-26 09:36:11,14479.45,0
2021-03-26 09:36:12,14478.4,0
2021-03-26 09:36:13,14477.8,0
2021-03-26 09:36:14,14479.0,0
2021-03-26 09:36:15,14478.95,0
2021-03-26 09:36:16,14479.65,0
2021-03-26 09:36:17,14481.75,0
2021-03-26 09:36:18,14482.3,0
2021-03-26 09:36:19,14482.25,0
2021-03-26 09:36:20,14483.25,0
2021-03-26 09:36:21,14483.4,0
2021-03-26 09:36:22,14483.7,0
2021-03-26 09:36:23,14483.5,0
2021-03-26 09:36:24,14483.5,0
2021-03-26 09:36:25,14483.1,0
2021-03-26 09:36:26,14483.4,0
2021-03-26 09:36:27,14482.8,0
2021-03-26 09:36:28,14482.8,0
2021-03-26 09:36:29,14483.8,0
2021-03-26 09:36:30,14483.9,0
2021-03-26 09:36:31,14484.3,0
2021-03-26 09:36:32,14485.1,0
2021-03-26 09:36:33,14484.3,0
2021-03-26 09:36:34,14483.9,0
2021-03-26 09:36:35,14484.25,0
2021-03-26 09:36:36,14483.85,0
2021-03-26 09:36:37,14484.55,0
2021-03-26 09:36:38,14485.1,0
2021-03-26 09:36:39,14485.7,0
2021-03-26 09:36:40,14485.1,0
2021-03-26 09:36:41,14485.2,0
2021-03-26 09:36:42,14484.9,0
2021-03-26 09:36:43,14483.6,0
2021-03-26 09:36:44,14484.25,0
2021-03-26 09:36:45,14483.55,0
2021-03-26 09:36:46,14483.3,0
2021-03-26 09:36:47,14483.75,0
2021-03-26 09:36:48,14483.65,0
2021-03-26 09:36:49,14484.1,0
2021-03-26 09:36:50,14483.8,0
2021-03-26 09:36:51,14484.2,0
2021-03-26 09:36:52,14484.1,0
2021-03-26 09:36:53,14483.85,0
2021-03-26 09:36:54,14484.7,0
2021-03-26 09:36:55,14484.25,0
2021-03-26 09:36:56,14483.05,0
2021-03-26 09:36:57,14482.65,0
2021-03-26 09:36:58,14482.95,0
2021-03-26 09:36:59,14483.4,0
2021-03-26 09:37:00,14482.75,0
2021-03-26 09:37:01,14483.55,0
2021-03-26 09:37:02,14482.7,0
2021-03-26 09:37:03,14482.0,0
2021-03-26 09:37:04,14482.0,0
2021-03-26 09:37:05,14481.7,0
2021-03-26 09:37:06,14481.0,0
2021-03-26 09:37:07,14481.2,0
2021-03-26 09:37:08,14481.15,0
2021-03-26 09:37:09,14481.25,0
2021-03-26 09:37:10,14481.35,0
2021-03-26 09:37:11,14480.95,0
2021-03-26 09:37:12,14480.8,0
2021-03-26 09:37:13,14482.05,0
2021-03-26 09:37:14,14480.8,0
2021-03-26 09:37:15,14480.0,0
2021-03-26 09:37:16,14479.2,0
2021-03-26 09:37:17,14479.0,0
2021-03-26 09:37:18,14478.2,0
2021-03-26 09:37:19,14477.15,0
2021-03-26 09:37:21,14478.25,0
2021-03-26 09:37:22,14477.9,0
2021-03-26 09:37:23,14477.55,0
2021-03-26 09:37:24,14477.7,0
2021-03-26 09:37:25,14477.8,0
2021-03-26 09:37:26,14476.95,0
2021-03-26 09:37:27,14479.1,0
2021-03-26 09:37:28,14480.35,0
2021-03-26 09:37:29,14478.85,0
2021-03-26 09:37:30,14480.1,0
2021-03-26 09:37:31,14478.8,0
2021-03-26 09:37:32,14478.95,0
2021-03-26 09:37:33,14480.9,0
2021-03-26 09:37:34,14480.25,0
2021-03-26 09:37:35,14480.05,0
2021-03-26 09:37:36,14480.05,0
2021-03-26 09:37:37,14481.1,0
2021-03-26 09:37:38,14478.75,0
2021-03-26 09:37:39,14478.85,0
2021-03-26 09:37:40,14479.7,0
2021-03-26 09:37:41,14479.45,0
2021-03-26 09:37:42,14479.5,0
2021-03-26 09:37:43,14478.6,0
2021-03-26 09:37:44,14479.75,0
2021-03-26 09:37:45,14478.65,0
2021-03-26 09:37:46,14478.6,0
2021-03-26 09:37:47,14480.25,0
2021-03-26 09:37:48,14481.45,0
2021-03-26 09:37:49,14480.4,0
2021-03-26 09:37:50,14479.2,0
2021-03-26 09:37:51,14479.4,0
2021-03-26 09:37:52,14479.05,0
2021-03-26 09:37:53,14478.85,0
2021-03-26 09:37:54,14477.85,0
2021-03-26 09:37:55,14477.4,0
2021-03-26 09:37:56,14477.8,0
2021-03-26 09:37:57,14476.85,0
2021-03-26 09:37:58,14476.3,0
2021-03-26 09:37:59,14475.55,0
2021-03-26 09:38:00,14476.1,0
2021-03-26 09:38:01,14475.55,0
2021-03-26 09:38:02,14476.15,0
2021-03-26 09:38:04,14475.55,0
2021-03-26 09:38:05,14477.1,0
2021-03-26 09:38:06,14476.7,0
2021-03-26 09:38:07,14476.95,0
2021-03-26 09:38:08,14475.5,0
2021-03-26 09:38:09,14476.0,0
2021-03-26 09:38:10,14475.85,0
2021-03-26 09:38:11,14475.1,0
2021-03-26 09:38:12,14475.8,0
2021-03-26 09:38:13,14475.3,0
2021-03-26 09:38:14,14475.3,0
2021-03-26 09:38:15,14475.55,0
2021-03-26 09:38:16,14475.0,0
2021-03-26 09:38:17,14474.6,0
2021-03-26 09:38:18,14475.25,0
2021-03-26 09:38:20,14474.1,0
2021-03-26 09:38:21,14474.05,0
2021-03-26 09:38:22,14474.25,0
2021-03-26 09:38:23,14474.2,0
2021-03-26 09:38:24,14475.25,0
2021-03-26 09:38:25,14474.45,0
2021-03-26 09:38:26,14474.55,0
2021-03-26 09:38:27,14474.6,0
2021-03-26 09:38:28,14474.1,0
2021-03-26 09:38:29,14472.55,0
2021-03-26 09:38:30,14472.05,0
2021-03-26 09:38:31,14471.3,0
2021-03-26 09:38:32,14471.4,0
2021-03-26 09:38:33,14470.35,0
2021-03-26 09:38:34,14470.3,0
2021-03-26 09:38:35,14470.4,0
2021-03-26 09:38:36,14471.3,0
2021-03-26 09:38:37,14471.0,0
2021-03-26 09:38:38,14471.75,0
2021-03-26 09:38:39,14471.7,0
2021-03-26 09:38:40,14472.1,0
2021-03-26 09:38:41,14472.3,0
2021-03-26 09:38:42,14472.5,0
2021-03-26 09:38:43,14471.65,0
2021-03-26 09:38:44,14471.0,0
2021-03-26 09:38:45,14471.55,0
2021-03-26 09:38:46,14471.3,0
2021-03-26 09:38:47,14471.55,0
2021-03-26 09:38:48,14471.35,0
2021-03-26 09:38:49,14470.6,0
2021-03-26 09:38:50,14471.95,0
2021-03-26 09:38:51,14471.75,0
2021-03-26 09:38:52,14472.3,0
2021-03-26 09:38:53,14472.05,0
2021-03-26 09:38:54,14472.35,0
2021-03-26 09:38:55,14471.75,0
2021-03-26 09:38:56,14471.85,0
2021-03-26 09:38:57,14472.75,0
2021-03-26 09:38:59,14472.3,0
2021-03-26 09:39:00,14471.2,0
2021-03-26 09:39:01,14470.05,0
2021-03-26 09:39:02,14470.35,0
2021-03-26 09:39:03,14471.9,0
2021-03-26 09:39:04,14471.9,0
2021-03-26 09:39:05,14473.7,0
2021-03-26 09:39:06,14473.15,0
2021-03-26 09:39:07,14473.4,0
2021-03-26 09:39:08,14474.1,0
2021-03-26 09:39:09,14474.0,0
2021-03-26 09:39:10,14473.1,0
2021-03-26 09:39:11,14472.8,0
2021-03-26 09:39:12,14473.25,0
2021-03-26 09:39:13,14472.85,0
2021-03-26 09:39:14,14473.8,0
2021-03-26 09:39:15,14475.1,0
2021-03-26 09:39:16,14475.05,0
2021-03-26 09:39:17,14475.7,0
2021-03-26 09:39:18,14476.0,0
2021-03-26 09:39:19,14475.75,0
2021-03-26 09:39:20,14476.25,0
2021-03-26 09:39:21,14475.15,0
2021-03-26 09:39:22,14475.4,0
2021-03-26 09:39:23,14475.3,0
2021-03-26 09:39:24,14474.5,0
2021-03-26 09:39:25,14475.0,0
2021-03-26 09:39:26,14474.85,0
2021-03-26 09:39:28,14475.45,0
2021-03-26 09:39:29,14475.45,0
2021-03-26 09:39:30,14475.35,0
2021-03-26 09:39:31,14474.75,0
2021-03-26 09:39:32,14474.3,0
2021-03-26 09:39:33,14475.45,0
2021-03-26 09:39:34,14475.35,0
2021-03-26 09:39:35,14475.55,0
2021-03-26 09:39:36,14474.4,0
2021-03-26 09:39:37,14474.15,0
2021-03-26 09:39:38,14474.5,0
2021-03-26 09:39:39,14474.2,0
2021-03-26 09:39:40,14475.2,0
2021-03-26 09:39:41,14474.6,0
2021-03-26 09:39:42,14473.7,0
2021-03-26 09:39:43,14473.35,0
2021-03-26 09:39:44,14472.25,0
2021-03-26 09:39:45,14472.25,0
2021-03-26 09:39:46,14472.4,0
2021-03-26 09:39:47,14471.9,0
2021-03-26 09:39:48,14472.55,0
2021-03-26 09:39:49,14472.05,0
2021-03-26 09:39:50,14471.7,0
2021-03-26 09:39:51,14471.1,0
2021-03-26 09:39:52,14472.05,0
2021-03-26 09:39:53,14471.95,0
2021-03-26 09:39:54,14473.15,0
2021-03-26 09:39:55,14472.65,0
2021-03-26 09:39:56,14473.4,0
2021-03-26 09:39:57,14473.1,0
2021-03-26 09:39:58,14474.35,0
2021-03-26 09:39:59,14473.5,0
2021-03-26 09:40:00,14473.75,0
2021-03-26 09:40:01,14473.8,0
2021-03-26 09:40:02,14473.55,0
2021-03-26 09:40:03,14473.9,0
2021-03-26 09:40:04,14472.9,0
2021-03-26 09:40:05,14472.9,0
2021-03-26 09:40:06,14473.05,0
2021-03-26 09:40:07,14473.2,0
2021-03-26 09:40:08,14472.45,0
2021-03-26 09:40:09,14473.75,0
2021-03-26 09:40:10,14473.25,0
2021-03-26 09:40:11,14474.05,0
2021-03-26 09:40:12,14474.4,0
2021-03-26 09:40:13,14474.25,0
2021-03-26 09:40:14,14474.95,0
2021-03-26 09:40:15,14474.5,0
2021-03-26 09:40:16,14475.45,0
2021-03-26 09:40:17,14475.7,0
2021-03-26 09:40:18,14476.25,0
2021-03-26 09:40:19,14476.35,0
2021-03-26 09:40:20,14475.35,0
2021-03-26 09:40:21,14475.25,0
2021-03-26 09:40:22,14474.7,0
2021-03-26 09:40:23,14474.85,0
2021-03-26 09:40:24,14475.5,0
2021-03-26 09:40:25,14475.75,0
2021-03-26 09:40:26,14475.6,0
2021-03-26 09:40:27,14475.65,0
2021-03-26 09:40:28,14475.7,0
2021-03-26 09:40:29,14475.6,0
2021-03-26 09:40:30,14475.35,0
2021-03-26 09:40:31,14475.0,0
2021-03-26 09:40:32,14475.5,0
2021-03-26 09:40:33,14475.2,0
2021-03-26 09:40:34,14474.95,0
2021-03-26 09:40:35,14475.55,0
2021-03-26 09:40:36,14475.15,0
2021-03-26 09:40:37,14475.55,0
2021-03-26 09:40:38,14475.95,0
2021-03-26 09:40:39,14476.2,0
2021-03-26 09:40:40,14475.8,0
2021-03-26 09:40:41,14477.4,0
2021-03-26 09:40:42,14477.4,0
2021-03-26 09:40:43,14477.45,0
2021-03-26 09:40:44,14478.6,0
2021-03-26 09:40:45,14478.05,0
2021-03-26 09:40:46,14478.0,0
2021-03-26 09:40:47,14477.5,0
2021-03-26 09:40:48,14477.95,0
2021-03-26 09:40:49,14477.05,0
2021-03-26 09:40:50,14477.05,0
2021-03-26 09:40:51,14477.25,0
2021-03-26 09:40:52,14478.15,0
2021-03-26 09:40:53,14477.65,0
2021-03-26 09:40:54,14478.1,0
2021-03-26 09:40:55,14476.9,0
2021-03-26 09:40:56,14477.85,0
2021-03-26 09:40:57,14477.0,0
2021-03-26 09:40:58,14477.7,0
2021-03-26 09:40:59,14477.05,0
2021-03-26 09:41:00,14474.85,0
2021-03-26 09:41:01,14473.75,0
2021-03-26 09:41:02,14473.05,0
2021-03-26 09:41:03,14472.0,0
2021-03-26 09:41:05,14468.9,0
2021-03-26 09:41:06,14468.5,0
2021-03-26 09:41:07,14467.15,0
2021-03-26 09:41:08,14466.75,0
2021-03-26 09:41:09,14461.9,0
2021-03-26 09:41:10,14457.5,0
2021-03-26 09:41:11,14456.7,0
2021-03-26 09:41:12,14454.7,0
2021-03-26 09:41:13,14454.65,0
2021-03-26 09:41:14,14456.05,0
2021-03-26 09:41:15,14458.85,0
2021-03-26 09:41:16,14459.15,0
2021-03-26 09:41:17,14459.3,0
2021-03-26 09:41:18,14457.45,0
2021-03-26 09:41:19,14457.75,0
2021-03-26 09:41:20,14456.65,0
2021-03-26 09:41:21,14455.65,0
2021-03-26 09:41:22,14455.6,0
2021-03-26 09:41:23,14455.65,0
2021-03-26 09:41:24,14456.6,0
2021-03-26 09:41:25,14456.05,0
2021-03-26 09:41:26,14455.65,0
2021-03-26 09:41:27,14456.1,0
2021-03-26 09:41:28,14456.65,0
2021-03-26 09:41:29,14457.3,0
2021-03-26 09:41:30,14456.0,0
2021-03-26 09:41:31,14455.3,0
2021-03-26 09:41:32,14456.3,0
2021-03-26 09:41:33,14456.55,0
2021-03-26 09:41:34,14457.0,0
2021-03-26 09:41:35,14457.85,0
2021-03-26 09:41:36,14456.2,0
2021-03-26 09:41:37,14456.1,0
2021-03-26 09:41:38,14455.6,0
2021-03-26 09:41:39,14455.2,0
2021-03-26 09:41:40,14456.55,0
2021-03-26 09:41:41,14455.5,0
2021-03-26 09:41:42,14455.3,0
2021-03-26 09:41:43,14454.55,0
2021-03-26 09:41:44,14454.85,0
2021-03-26 09:41:45,14454.35,0
2021-03-26 09:41:46,14452.0,0
2021-03-26 09:41:47,14454.4,0
2021-03-26 09:41:48,14454.5,0
2021-03-26 09:41:49,14453.55,0
2021-03-26 09:41:50,14453.85,0
2021-03-26 09:41:51,14453.2,0
2021-03-26 09:41:52,14453.05,0
2021-03-26 09:41:53,14452.6,0
2021-03-26 09:41:54,14453.65,0
2021-03-26 09:41:55,14453.2,0
2021-03-26 09:41:56,14453.0,0
2021-03-26 09:41:57,14452.4,0
2021-03-26 09:41:58,14452.9,0
2021-03-26 09:41:59,14453.25,0
2021-03-26 09:42:00,14453.3,0
2021-03-26 09:42:01,14453.2,0
2021-03-26 09:42:02,14452.6,0
2021-03-26 09:42:03,14453.25,0
2021-03-26 09:42:04,14452.75,0
2021-03-26 09:42:05,14453.1,0
2021-03-26 09:42:06,14450.15,0
2021-03-26 09:42:07,14451.05,0
2021-03-26 09:42:08,14450.25,0
2021-03-26 09:42:09,14450.05,0
2021-03-26 09:42:10,14450.05,0
2021-03-26 09:42:11,14447.7,0
2021-03-26 09:42:12,14447.4,0
2021-03-26 09:42:13,14448.45,0
2021-03-26 09:42:14,14448.4,0
2021-03-26 09:42:15,14448.25,0
2021-03-26 09:42:16,14447.05,0
2021-03-26 09:42:17,14446.45,0
2021-03-26 09:42:18,14448.35,0
2021-03-26 09:42:19,14447.65,0
2021-03-26 09:42:20,14448.5,0
2021-03-26 09:42:21,14447.45,0
2021-03-26 09:42:22,14447.15,0
2021-03-26 09:42:23,14447.5,0
2021-03-26 09:42:24,14446.05,0
2021-03-26 09:42:25,14444.85,0
2021-03-26 09:42:26,14445.5,0
2021-03-26 09:42:27,14445.5,0
2021-03-26 09:42:28,14445.0,0
2021-03-26 09:42:29,14444.7,0
2021-03-26 09:42:30,14445.3,0
2021-03-26 09:42:31,14445.75,0
2021-03-26 09:42:32,14446.3,0
2021-03-26 09:42:33,14445.65,0
2021-03-26 09:42:34,14445.1,0
2021-03-26 09:42:35,14445.15,0
2021-03-26 09:42:36,14444.7,0
2021-03-26 09:42:37,14444.75,0
2021-03-26 09:42:38,14444.85,0
2021-03-26 09:42:39,14445.0,0
2021-03-26 09:42:40,14445.35,0
2021-03-26 09:42:41,14446.6,0
2021-03-26 09:42:42,14447.7,0
2021-03-26 09:42:43,14447.65,0
2021-03-26 09:42:44,14446.1,0
2021-03-26 09:42:45,14446.3,0
2021-03-26 09:42:46,14446.3,0
2021-03-26 09:42:47,14446.4,0
2021-03-26 09:42:48,14446.15,0
2021-03-26 09:42:49,14445.7,0
2021-03-26 09:42:50,14446.2,0
2021-03-26 09:42:51,14446.6,0
2021-03-26 09:42:52,14446.4,0
2021-03-26 09:42:53,14446.45,0
2021-03-26 09:42:54,14447.4,0
2021-03-26 09:42:55,14446.0,0
2021-03-26 09:42:56,14444.65,0
2021-03-26 09:42:58,14444.25,0
2021-03-26 09:42:59,14442.7,0
2021-03-26 09:43:00,14442.3,0
2021-03-26 09:43:01,14442.75,0
2021-03-26 09:43:02,14443.0,0
2021-03-26 09:43:03,14442.3,0
2021-03-26 09:43:04,14443.65,0
2021-03-26 09:43:05,14442.9,0
2021-03-26 09:43:06,14443.45,0
2021-03-26 09:43:07,14443.85,0
2021-03-26 09:43:08,14446.7,0
2021-03-26 09:43:09,14446.95,0
2021-03-26 09:43:10,14446.3,0
2021-03-26 09:43:11,14447.5,0
2021-03-26 09:43:12,14446.9,0
2021-03-26 09:43:13,14447.35,0
2021-03-26 09:43:14,14448.05,0
2021-03-26 09:43:15,14447.8,0
2021-03-26 09:43:16,14448.55,0
2021-03-26 09:43:17,14448.65,0
2021-03-26 09:43:18,14448.25,0
2021-03-26 09:43:19,14448.9,0
2021-03-26 09:43:20,14449.6,0
2021-03-26 09:43:21,14448.6,0
2021-03-26 09:43:22,14449.05,0
2021-03-26 09:43:23,14449.6,0
2021-03-26 09:43:24,14450.6,0
2021-03-26 09:43:25,14449.5,0
2021-03-26 09:43:26,14450.45,0
2021-03-26 09:43:27,14450.95,0
2021-03-26 09:43:28,14451.45,0
2021-03-26 09:43:29,14451.7,0
2021-03-26 09:43:30,14451.85,0
2021-03-26 09:43:31,14452.3,0
2021-03-26 09:43:32,14452.6,0
2021-03-26 09:43:33,14452.75,0
2021-03-26 09:43:34,14451.8,0
2021-03-26 09:43:35,14450.25,0
2021-03-26 09:43:36,14449.9,0
2021-03-26 09:43:37,14449.6,0
2021-03-26 09:43:38,14449.75,0
2021-03-26 09:43:39,14449.25,0
2021-03-26 09:43:40,14449.45,0
2021-03-26 09:43:41,14448.5,0
2021-03-26 09:43:42,14449.4,0
2021-03-26 09:43:43,14448.4,0
2021-03-26 09:43:44,14446.55,0
2021-03-26 09:43:45,14446.75,0
2021-03-26 09:43:46,14446.7,0
2021-03-26 09:43:47,14446.65,0
2021-03-26 09:43:48,14446.65,0
2021-03-26 09:43:49,14446.65,0
2021-03-26 09:43:50,14445.65,0
2021-03-26 09:43:51,14445.25,0
2021-03-26 09:43:52,14445.35,0
2021-03-26 09:43:53,14445.0,0
2021-03-26 09:43:54,14445.1,0
2021-03-26 09:43:55,14444.45,0
2021-03-26 09:43:56,14444.5,0
2021-03-26 09:43:57,14443.7,0
2021-03-26 09:43:58,14444.55,0
2021-03-26 09:43:59,14444.65,0
2021-03-26 09:44:00,14443.65,0
2021-03-26 09:44:01,14440.85,0
2021-03-26 09:44:02,14442.1,0
2021-03-26 09:44:03,14441.85,0
2021-03-26 09:44:04,14442.55,0
2021-03-26 09:44:05,14441.35,0
2021-03-26 09:44:06,14441.55,0
2021-03-26 09:44:07,14442.05,0
2021-03-26 09:44:08,14441.4,0
2021-03-26 09:44:09,14440.6,0
2021-03-26 09:44:10,14441.5,0
2021-03-26 09:44:11,14440.9,0
2021-03-26 09:44:12,14441.2,0
2021-03-26 09:44:13,14441.75,0
2021-03-26 09:44:14,14441.9,0
2021-03-26 09:44:15,14443.5,0
2021-03-26 09:44:16,14443.4,0
2021-03-26 09:44:17,14444.35,0
2021-03-26 09:44:18,14444.05,0
2021-03-26 09:44:19,14442.8,0
2021-03-26 09:44:20,14444.05,0
2021-03-26 09:44:21,14443.65,0
2021-03-26 09:44:22,14443.25,0
2021-03-26 09:44:23,14442.65,0
2021-03-26 09:44:24,14443.25,0
2021-03-26 09:44:25,14443.1,0
2021-03-26 09:44:26,14443.25,0
2021-03-26 09:44:27,14441.6,0
2021-03-26 09:44:28,14440.35,0
2021-03-26 09:44:29,14441.6,0
2021-03-26 09:44:30,14441.4,0
2021-03-26 09:44:31,14441.05,0
2021-03-26 09:44:32,14440.45,0
2021-03-26 09:44:33,14439.05,0
2021-03-26 09:44:34,14439.55,0
2021-03-26 09:44:35,14440.65,0
2021-03-26 09:44:36,14440.8,0
2021-03-26 09:44:37,14440.0,0
2021-03-26 09:44:38,14440.85,0
2021-03-26 09:44:39,14439.9,0
2021-03-26 09:44:40,14440.1,0
2021-03-26 09:44:41,14440.35,0
2021-03-26 09:44:42,14441.45,0
2021-03-26 09:44:43,14441.1,0
2021-03-26 09:44:44,14440.95,0
2021-03-26 09:44:45,14441.0,0
2021-03-26 09:44:46,14440.4,0
2021-03-26 09:44:47,14438.8,0
2021-03-26 09:44:48,14438.25,0
2021-03-26 09:44:49,14438.3,0
2021-03-26 09:44:50,14436.25,0
2021-03-26 09:44:51,14436.3,0
2021-03-26 09:44:52,14435.65,0
2021-03-26 09:44:53,14435.45,0
2021-03-26 09:44:54,14435.1,0
2021-03-26 09:44:55,14434.05,0
2021-03-26 09:44:57,14433.5,0
2021-03-26 09:44:58,14435.85,0
2021-03-26 09:44:59,14435.6,0
2021-03-26 09:45:00,14434.25,0
2021-03-26 09:45:01,14434.05,0
2021-03-26 09:45:02,14432.1,0
2021-03-26 09:45:03,14430.4,0
2021-03-26 09:45:04,14429.65,0
2021-03-26 09:45:05,14428.45,0
2021-03-26 09:45:06,14424.75,0
2021-03-26 09:45:07,14425.15,0
2021-03-26 09:45:08,14424.15,0
2021-03-26 09:45:09,14423.3,0
2021-03-26 09:45:10,14422.55,0
2021-03-26 09:45:11,14422.95,0
2021-03-26 09:45:12,14421.8,0
2021-03-26 09:45:13,14422.3,0
2021-03-26 09:45:14,14422.3,0
2021-03-26 09:45:15,14423.6,0
2021-03-26 09:45:16,14423.6,0
2021-03-26 09:45:17,14423.65,0
2021-03-26 09:45:18,14423.7,0
2021-03-26 09:45:19,14422.25,0
2021-03-26 09:45:20,14422.8,0
2021-03-26 09:45:22,14420.9,0
2021-03-26 09:45:23,14420.7,0
2021-03-26 09:45:24,14422.0,0
2021-03-26 09:45:25,14420.7,0
2021-03-26 09:45:26,14421.8,0
2021-03-26 09:45:27,14421.55,0
2021-03-26 09:45:28,14420.85,0
2021-03-26 09:45:29,14419.1,0
2021-03-26 09:45:30,14419.15,0
2021-03-26 09:45:31,14420.85,0
2021-03-26 09:45:32,14419.15,0
2021-03-26 09:45:33,14418.4,0
2021-03-26 09:45:34,14417.95,0
2021-03-26 09:45:35,14418.55,0
2021-03-26 09:45:36,14417.9,0
2021-03-26 09:45:37,14418.05,0
2021-03-26 09:45:39,14418.1,0
2021-03-26 09:45:40,14419.4,0
2021-03-26 09:45:41,14421.25,0
2021-03-26 09:45:42,14420.5,0
2021-03-26 09:45:43,14422.4,0
2021-03-26 09:45:44,14421.8,0
2021-03-26 09:45:45,14421.2,0
2021-03-26 09:45:46,14422.55,0
2021-03-26 09:45:47,14421.75,0
2021-03-26 09:45:48,14422.4,0
2021-03-26 09:45:50,14423.05,0
2021-03-26 09:45:51,14421.25,0
2021-03-26 09:45:52,14420.85,0
2021-03-26 09:45:53,14421.3,0
2021-03-26 09:45:54,14421.1,0
2021-03-26 09:45:56,14420.2,0
2021-03-26 09:45:57,14419.95,0
2021-03-26 09:45:58,14421.45,0
2021-03-26 09:45:59,14425.05,0
2021-03-26 09:46:00,14424.1,0
2021-03-26 09:46:01,14423.1,0
2021-03-26 09:46:02,14422.8,0
2021-03-26 09:46:03,14420.6,0
2021-03-26 09:46:04,14420.35,0
2021-03-26 09:46:05,14420.9,0
2021-03-26 09:46:06,14420.15,0
2021-03-26 09:46:07,14418.8,0
2021-03-26 09:46:08,14417.5,0
2021-03-26 09:46:09,14417.0,0
2021-03-26 09:46:10,14418.25,0
2021-03-26 09:46:11,14418.3,0
2021-03-26 09:46:12,14419.3,0
2021-03-26 09:46:13,14420.0,0
2021-03-26 09:46:14,14418.1,0
2021-03-26 09:46:15,14419.15,0
2021-03-26 09:46:16,14418.65,0
2021-03-26 09:46:17,14419.5,0
2021-03-26 09:46:18,14419.7,0
2021-03-26 09:46:19,14421.4,0
2021-03-26 09:46:20,14419.9,0
2021-03-26 09:46:21,14420.95,0
2021-03-26 09:46:22,14420.0,0
2021-03-26 09:46:23,14421.15,0
2021-03-26 09:46:24,14420.75,0
2021-03-26 09:46:25,14420.5,0
2021-03-26 09:46:26,14420.1,0
2021-03-26 09:46:27,14419.95,0
2021-03-26 09:46:28,14420.4,0
2021-03-26 09:46:29,14419.05,0
2021-03-26 09:46:30,14420.15,0
2021-03-26 09:46:31,14420.1,0
2021-03-26 09:46:32,14422.7,0
2021-03-26 09:46:33,14421.6,0
2021-03-26 09:46:34,14422.4,0
2021-03-26 09:46:35,14423.6,0
2021-03-26 09:46:36,14425.2,0
2021-03-26 09:46:37,14425.05,0
2021-03-26 09:46:38,14424.95,0
2021-03-26 09:46:39,14425.5,0
2021-03-26 09:46:40,14425.25,0
2021-03-26 09:46:41,14426.55,0
2021-03-26 09:46:42,14424.85,0
2021-03-26 09:46:43,14424.5,0
2021-03-26 09:46:44,14424.3,0
2021-03-26 09:46:45,14422.95,0
2021-03-26 09:46:46,14424.0,0
2021-03-26 09:46:47,14422.95,0
2021-03-26 09:46:48,14423.5,0
2021-03-26 09:46:49,14422.15,0
2021-03-26 09:46:50,14423.1,0
2021-03-26 09:46:51,14423.9,0
2021-03-26 09:46:52,14425.45,0
2021-03-26 09:46:53,14425.3,0
2021-03-26 09:46:54,14424.65,0
2021-03-26 09:46:55,14425.85,0
2021-03-26 09:46:56,14424.65,0
2021-03-26 09:46:57,14424.9,0
2021-03-26 09:46:58,14424.35,0
2021-03-26 09:46:59,14424.8,0
2021-03-26 09:47:00,14425.15,0
2021-03-26 09:47:01,14423.7,0
2021-03-26 09:47:02,14422.8,0
2021-03-26 09:47:03,14424.45,0
2021-03-26 09:47:04,14425.35,0
2021-03-26 09:47:05,14424.75,0
2021-03-26 09:47:06,14424.4,0
2021-03-26 09:47:07,14424.4,0
2021-03-26 09:47:08,14424.0,0
2021-03-26 09:47:09,14424.2,0
2021-03-26 09:47:10,14424.65,0
2021-03-26 09:47:11,14425.2,0
2021-03-26 09:47:12,14425.55,0
2021-03-26 09:47:13,14426.05,0
2021-03-26 09:47:14,14427.85,0
2021-03-26 09:47:15,14427.95,0
2021-03-26 09:47:16,14428.3,0
2021-03-26 09:47:17,14430.25,0
2021-03-26 09:47:18,14431.35,0
2021-03-26 09:47:19,14430.7,0
2021-03-26 09:47:20,14431.1,0
2021-03-26 09:47:21,14431.95,0
2021-03-26 09:47:22,14432.5,0
2021-03-26 09:47:23,14433.8,0
2021-03-26 09:47:24,14434.05,0
2021-03-26 09:47:25,14433.9,0
2021-03-26 09:47:26,14434.15,0
2021-03-26 09:47:27,14433.2,0
2021-03-26 09:47:28,14433.35,0
2021-03-26 09:47:29,14434.55,0
2021-03-26 09:47:30,14433.55,0
2021-03-26 09:47:31,14430.95,0
2021-03-26 09:47:32,14431.0,0
2021-03-26 09:47:33,14431.15,0
2021-03-26 09:47:34,14429.9,0
2021-03-26 09:47:35,14428.25,0
2021-03-26 09:47:36,14429.35,0
2021-03-26 09:47:37,14430.45,0
2021-03-26 09:47:38,14430.05,0
2021-03-26 09:47:39,14431.3,0
2021-03-26 09:47:40,14430.35,0
2021-03-26 09:47:41,14430.35,0
2021-03-26 09:47:42,14430.3,0
2021-03-26 09:47:43,14430.3,0
2021-03-26 09:47:44,14431.55,0
2021-03-26 09:47:45,14432.9,0
2021-03-26 09:47:46,14433.1,0
2021-03-26 09:47:47,14433.5,0
2021-03-26 09:47:48,14436.1,0
2021-03-26 09:47:49,14436.6,0
2021-03-26 09:47:50,14435.75,0
2021-03-26 09:47:51,14435.65,0
2021-03-26 09:47:52,14436.1,0
2021-03-26 09:47:53,14437.65,0
2021-03-26 09:47:54,14437.45,0
2021-03-26 09:47:55,14438.3,0
2021-03-26 09:47:56,14439.4,0
2021-03-26 09:47:57,14439.85,0
2021-03-26 09:47:58,14440.65,0
2021-03-26 09:47:59,14440.65,0
2021-03-26 09:48:00,14440.85,0
2021-03-26 09:48:01,14441.05,0
2021-03-26 09:48:02,14443.25,0
2021-03-26 09:48:03,14443.15,0
2021-03-26 09:48:04,14442.45,0
2021-03-26 09:48:05,14442.35,0
2021-03-26 09:48:06,14443.45,0
2021-03-26 09:48:07,14442.3,0
2021-03-26 09:48:08,14443.1,0
2021-03-26 09:48:09,14442.5,0
2021-03-26 09:48:10,14443.35,0
2021-03-26 09:48:11,14441.6,0
2021-03-26 09:48:12,14441.6,0
2021-03-26 09:48:13,14441.85,0
2021-03-26 09:48:14,14442.4,0
2021-03-26 09:48:15,14442.1,0
2021-03-26 09:48:16,14443.65,0
2021-03-26 09:48:17,14442.45,0
2021-03-26 09:48:18,14444.75,0
2021-03-26 09:48:19,14450.25,0
2021-03-26 09:48:20,14449.35,0
2021-03-26 09:48:21,14449.1,0
2021-03-26 09:48:22,14446.8,0
2021-03-26 09:48:23,14447.4,0
2021-03-26 09:48:24,14447.6,0
2021-03-26 09:48:25,14448.7,0
2021-03-26 09:48:26,14446.55,0
2021-03-26 09:48:27,14447.0,0
2021-03-26 09:48:28,14446.0,0
2021-03-26 09:48:29,14446.9,0
2021-03-26 09:48:30,14447.8,0
2021-03-26 09:48:31,14446.85,0
2021-03-26 09:48:32,14445.8,0
2021-03-26 09:48:33,14448.05,0
2021-03-26 09:48:34,14448.35,0
2021-03-26 09:48:35,14449.05,0
2021-03-26 09:48:36,14448.55,0
2021-03-26 09:48:37,14449.1,0
2021-03-26 09:48:38,14449.8,0
2021-03-26 09:48:39,14450.15,0
2021-03-26 09:48:40,14449.45,0
2021-03-26 09:48:41,14449.1,0
2021-03-26 09:48:42,14448.7,0
2021-03-26 09:48:43,14449.0,0
2021-03-26 09:48:44,14448.2,0
2021-03-26 09:48:45,14449.0,0
2021-03-26 09:48:46,14445.85,0
2021-03-26 09:48:47,14446.65,0
2021-03-26 09:48:48,14446.5,0
2021-03-26 09:48:49,14448.15,0
2021-03-26 09:48:50,14447.85,0
2021-03-26 09:48:51,14449.35,0
2021-03-26 09:48:52,14449.35,0
2021-03-26 09:48:53,14450.9,0
2021-03-26 09:48:54,14452.0,0
2021-03-26 09:48:55,14450.9,0
2021-03-26 09:48:56,14451.0,0
2021-03-26 09:48:57,14450.95,0
2021-03-26 09:48:58,14451.3,0
2021-03-26 09:48:59,14450.6,0
2021-03-26 09:49:00,14451.75,0
2021-03-26 09:49:01,14451.5,0
2021-03-26 09:49:02,14452.4,0
2021-03-26 09:49:03,14453.35,0
2021-03-26 09:49:04,14452.4,0
2021-03-26 09:49:05,14452.45,0
2021-03-26 09:49:06,14451.55,0
2021-03-26 09:49:07,14450.35,0
2021-03-26 09:49:08,14451.85,0
2021-03-26 09:49:09,14451.15,0
2021-03-26 09:49:10,14450.8,0
2021-03-26 09:49:11,14449.4,0
2021-03-26 09:49:12,14449.6,0
2021-03-26 09:49:13,14448.95,0
2021-03-26 09:49:14,14448.65,0
2021-03-26 09:49:15,14447.7,0
2021-03-26 09:49:16,14447.85,0
2021-03-26 09:49:17,14447.1,0
2021-03-26 09:49:18,14447.65,0
2021-03-26 09:49:19,14447.8,0
2021-03-26 09:49:20,14447.45,0
2021-03-26 09:49:21,14447.1,0
2021-03-26 09:49:22,14446.9,0
2021-03-26 09:49:23,14445.95,0
2021-03-26 09:49:24,14445.55,0
2021-03-26 09:49:25,14445.9,0
2021-03-26 09:49:26,14446.4,0
2021-03-26 09:49:27,14445.45,0
2021-03-26 09:49:28,14444.7,0
2021-03-26 09:49:29,14444.8,0
2021-03-26 09:49:30,14444.5,0
2021-03-26 09:49:31,14443.85,0
2021-03-26 09:49:32,14444.1,0
2021-03-26 09:49:33,14444.75,0
2021-03-26 09:49:34,14444.3,0
2021-03-26 09:49:35,14445.45,0
2021-03-26 09:49:36,14445.2,0
2021-03-26 09:49:37,14444.55,0
2021-03-26 09:49:38,14444.65,0
2021-03-26 09:49:39,14445.3,0
2021-03-26 09:49:41,14445.1,0
2021-03-26 09:49:42,14444.65,0
2021-03-26 09:49:43,14443.5,0
2021-03-26 09:49:44,14443.6,0
2021-03-26 09:49:45,14443.25,0
2021-03-26 09:49:46,14442.45,0
2021-03-26 09:49:47,14443.2,0
2021-03-26 09:49:48,14443.7,0
2021-03-26 09:49:49,14444.05,0
2021-03-26 09:49:50,14445.2,0
2021-03-26 09:49:51,14445.6,0
2021-03-26 09:49:52,14445.6,0
2021-03-26 09:49:53,14447.55,0
2021-03-26 09:49:54,14446.3,0
2021-03-26 09:49:55,14447.65,0
2021-03-26 09:49:56,14447.9,0
2021-03-26 09:49:57,14447.4,0
2021-03-26 09:49:58,14447.05,0
2021-03-26 09:49:59,14447.95,0
2021-03-26 09:50:00,14448.1,0
2021-03-26 09:50:01,14447.5,0
2021-03-26 09:50:02,14449.15,0
2021-03-26 09:50:03,14449.7,0
2021-03-26 09:50:04,14449.8,0
2021-03-26 09:50:05,14450.25,0
2021-03-26 09:50:06,14450.9,0
2021-03-26 09:50:07,14450.6,0
2021-03-26 09:50:08,14451.4,0
2021-03-26 09:50:09,14450.35,0
2021-03-26 09:50:10,14450.95,0
2021-03-26 09:50:11,14451.15,0
2021-03-26 09:50:12,14451.85,0
2021-03-26 09:50:13,14452.6,0
2021-03-26 09:50:14,14453.2,0
2021-03-26 09:50:15,14453.3,0
2021-03-26 09:50:16,14453.2,0
2021-03-26 09:50:17,14452.8,0
2021-03-26 09:50:18,14453.5,0
2021-03-26 09:50:19,14453.3,0
2021-03-26 09:50:20,14453.3,0
2021-03-26 09:50:21,14454.2,0
2021-03-26 09:50:22,14454.5,0
2021-03-26 09:50:23,14453.65,0
2021-03-26 09:50:24,14453.05,0
2021-03-26 09:50:25,14451.9,0
2021-03-26 09:50:26,14452.95,0
2021-03-26 09:50:27,14453.4,0
2021-03-26 09:50:28,14453.1,0
2021-03-26 09:50:29,14452.4,0
2021-03-26 09:50:30,14450.85,0
2021-03-26 09:50:31,14450.15,0
2021-03-26 09:50:32,14450.05,0
2021-03-26 09:50:33,14449.4,0
2021-03-26 09:50:34,14448.8,0
2021-03-26 09:50:35,14448.15,0
2021-03-26 09:50:36,14446.65,0
2021-03-26 09:50:37,14446.2,0
2021-03-26 09:50:38,14446.95,0
2021-03-26 09:50:39,14445.35,0
2021-03-26 09:50:40,14442.7,0
2021-03-26 09:50:41,14440.45,0
2021-03-26 09:50:42,14439.9,0
2021-03-26 09:50:43,14441.5,0
2021-03-26 09:50:44,14439.9,0
2021-03-26 09:50:45,14439.8,0
2021-03-26 09:50:46,14441.25,0
2021-03-26 09:50:47,14442.05,0
2021-03-26 09:50:48,14441.5,0
2021-03-26 09:50:49,14442.25,0
2021-03-26 09:50:50,14440.85,0
2021-03-26 09:50:51,14442.75,0
2021-03-26 09:50:52,14441.95,0
2021-03-26 09:50:53,14442.7,0
2021-03-26 09:50:54,14442.15,0
2021-03-26 09:50:55,14442.25,0
2021-03-26 09:50:56,14441.25,0
2021-03-26 09:50:57,14440.5,0
2021-03-26 09:50:58,14440.85,0
2021-03-26 09:50:59,14440.2,0
2021-03-26 09:51:00,14439.1,0
2021-03-26 09:51:01,14439.75,0
2021-03-26 09:51:02,14440.1,0
2021-03-26 09:51:03,14440.1,0
2021-03-26 09:51:04,14439.85,0
2021-03-26 09:51:05,14440.6,0
2021-03-26 09:51:06,14439.8,0
2021-03-26 09:51:07,14442.3,0
2021-03-26 09:51:08,14441.9,0
2021-03-26 09:51:09,14442.45,0
2021-03-26 09:51:10,14443.45,0
2021-03-26 09:51:11,14444.0,0
2021-03-26 09:51:12,14447.1,0
2021-03-26 09:51:13,14448.3,0
2021-03-26 09:51:14,14447.95,0
2021-03-26 09:51:15,14447.75,0
2021-03-26 09:51:16,14445.55,0
2021-03-26 09:51:17,14445.05,0
2021-03-26 09:51:18,14443.65,0
2021-03-26 09:51:19,14444.75,0
2021-03-26 09:51:20,14443.65,0
2021-03-26 09:51:21,14444.55,0
2021-03-26 09:51:22,14445.35,0
2021-03-26 09:51:23,14445.85,0
2021-03-26 09:51:24,14444.7,0
2021-03-26 09:51:25,14444.2,0
2021-03-26 09:51:26,14444.4,0
2021-03-26 09:51:27,14444.9,0
2021-03-26 09:51:28,14445.05,0
2021-03-26 09:51:29,14445.45,0
2021-03-26 09:51:30,14445.85,0
2021-03-26 09:51:31,14445.8,0
2021-03-26 09:51:32,14445.2,0
2021-03-26 09:51:33,14445.25,0
2021-03-26 09:51:34,14444.9,0
2021-03-26 09:51:35,14443.85,0
2021-03-26 09:51:36,14443.3,0
2021-03-26 09:51:37,14444.6,0
2021-03-26 09:51:38,14444.05,0
2021-03-26 09:51:39,14443.8,0
2021-03-26 09:51:40,14444.35,0
2021-03-26 09:51:41,14443.9,0
2021-03-26 09:51:42,14443.85,0
2021-03-26 09:51:43,14442.95,0
2021-03-26 09:51:44,14443.65,0
2021-03-26 09:51:45,14443.75,0
2021-03-26 09:51:46,14443.3,0
2021-03-26 09:51:47,14443.05,0
2021-03-26 09:51:48,14443.55,0
2021-03-26 09:51:49,14444.85,0
2021-03-26 09:51:50,14443.75,0
2021-03-26 09:51:51,14443.95,0
2021-03-26 09:51:52,14443.75,0
2021-03-26 09:51:53,14443.35,0
2021-03-26 09:51:54,14444.1,0
2021-03-26 09:51:55,14444.1,0
2021-03-26 09:51:56,14443.9,0
2021-03-26 09:51:57,14444.7,0
2021-03-26 09:51:58,14444.15,0
2021-03-26 09:51:59,14444.15,0
2021-03-26 09:52:00,14444.85,0
2021-03-26 09:52:01,14443.75,0
2021-03-26 09:52:02,14444.55,0
2021-03-26 09:52:03,14444.45,0
2021-03-26 09:52:04,14443.15,0
2021-03-26 09:52:05,14443.7,0
2021-03-26 09:52:06,14444.2,0
2021-03-26 09:52:07,14444.6,0
2021-03-26 09:52:08,14444.55,0
2021-03-26 09:52:09,14445.75,0
2021-03-26 09:52:10,14445.45,0
2021-03-26 09:52:11,14445.3,0
2021-03-26 09:52:12,14446.0,0
2021-03-26 09:52:13,14444.85,0
2021-03-26 09:52:14,14445.4,0
2021-03-26 09:52:15,14446.2,0
2021-03-26 09:52:16,14444.4,0
2021-03-26 09:52:17,14445.35,0
2021-03-26 09:52:18,14444.45,0
2021-03-26 09:52:19,14444.85,0
2021-03-26 09:52:20,14444.55,0
2021-03-26 09:52:21,14444.9,0
2021-03-26 09:52:22,14444.05,0
2021-03-26 09:52:23,14444.35,0
2021-03-26 09:52:24,14444.7,0
2021-03-26 09:52:25,14444.55,0
2021-03-26 09:52:26,14444.45,0
2021-03-26 09:52:27,14444.7,0
2021-03-26 09:52:28,14444.8,0
2021-03-26 09:52:29,14444.75,0
2021-03-26 09:52:30,14444.4,0
2021-03-26 09:52:31,14443.8,0
2021-03-26 09:52:32,14442.9,0
2021-03-26 09:52:33,14442.65,0
2021-03-26 09:52:34,14443.5,0
2021-03-26 09:52:35,14443.65,0
2021-03-26 09:52:36,14442.7,0
2021-03-26 09:52:37,14443.85,0
2021-03-26 09:52:38,14444.25,0
2021-03-26 09:52:39,14444.0,0
2021-03-26 09:52:40,14444.6,0
2021-03-26 09:52:41,14444.35,0
2021-03-26 09:52:42,14444.95,0
2021-03-26 09:52:43,14445.45,0
2021-03-26 09:52:44,14444.9,0
2021-03-26 09:52:45,14445.4,0
2021-03-26 09:52:46,14445.6,0
2021-03-26 09:52:47,14446.45,0
2021-03-26 09:52:48,14445.8,0
2021-03-26 09:52:49,14445.5,0
2021-03-26 09:52:50,14446.45,0
2021-03-26 09:52:51,14446.25,0
2021-03-26 09:52:52,14445.25,0
2021-03-26 09:52:53,14446.2,0
2021-03-26 09:52:54,14446.55,0
2021-03-26 09:52:55,14446.7,0
2021-03-26 09:52:56,14447.85,0
2021-03-26 09:52:57,14447.45,0
2021-03-26 09:52:58,14446.55,0
2021-03-26 09:52:59,14448.1,0
2021-03-26 09:53:00,14448.7,0
2021-03-26 09:53:01,14448.35,0
2021-03-26 09:53:02,14449.6,0
2021-03-26 09:53:03,14449.65,0
2021-03-26 09:53:04,14449.25,0
2021-03-26 09:53:05,14449.85,0
2021-03-26 09:53:06,14449.15,0
2021-03-26 09:53:07,14448.85,0
2021-03-26 09:53:08,14449.15,0
2021-03-26 09:53:09,14447.65,0
2021-03-26 09:53:10,14445.8,0
2021-03-26 09:53:11,14445.55,0
2021-03-26 09:53:12,14444.9,0
2021-03-26 09:53:13,14445.15,0
2021-03-26 09:53:14,14445.25,0
2021-03-26 09:53:15,14443.8,0
2021-03-26 09:53:16,14443.6,0
2021-03-26 09:53:17,14442.3,0
2021-03-26 09:53:18,14442.2,0
2021-03-26 09:53:19,14441.3,0
2021-03-26 09:53:20,14441.25,0
2021-03-26 09:53:21,14441.0,0
2021-03-26 09:53:22,14440.45,0
2021-03-26 09:53:23,14440.15,0
2021-03-26 09:53:25,14437.35,0
2021-03-26 09:53:26,14435.05,0
2021-03-26 09:53:27,14435.4,0
2021-03-26 09:53:28,14434.8,0
2021-03-26 09:53:29,14434.65,0
2021-03-26 09:53:30,14435.3,0
2021-03-26 09:53:32,14434.0,0
2021-03-26 09:53:34,14433.15,0
2021-03-26 09:53:35,14432.75,0
2021-03-26 09:53:36,14433.45,0
2021-03-26 09:53:37,14433.1,0
2021-03-26 09:53:38,14432.15,0
2021-03-26 09:53:39,14430.6,0
2021-03-26 09:53:40,14431.35,0
2021-03-26 09:53:41,14431.25,0
2021-03-26 09:53:42,14429.0,0
2021-03-26 09:53:43,14428.4,0
2021-03-26 09:53:44,14429.5,0
2021-03-26 09:53:45,14428.65,0
2021-03-26 09:53:46,14427.6,0
2021-03-26 09:53:47,14429.85,0
2021-03-26 09:53:48,14428.05,0
2021-03-26 09:53:49,14428.15,0
2021-03-26 09:53:50,14427.7,0
2021-03-26 09:53:51,14427.15,0
2021-03-26 09:53:52,14427.6,0
2021-03-26 09:53:53,14427.6,0
2021-03-26 09:53:55,14428.1,0
2021-03-26 09:53:56,14429.05,0
2021-03-26 09:53:57,14428.85,0
2021-03-26 09:53:58,14429.35,0
2021-03-26 09:53:59,14429.35,0
2021-03-26 09:54:00,14429.85,0
2021-03-26 09:54:01,14429.3,0
2021-03-26 09:54:02,14429.4,0
2021-03-26 09:54:03,14428.8,0
2021-03-26 09:54:04,14428.05,0
2021-03-26 09:54:05,14428.7,0
2021-03-26 09:54:06,14427.2,0
2021-03-26 09:54:07,14427.5,0
2021-03-26 09:54:08,14427.85,0
2021-03-26 09:54:09,14426.7,0
2021-03-26 09:54:10,14425.9,0
2021-03-26 09:54:11,14425.2,0
2021-03-26 09:54:12,14424.35,0
2021-03-26 09:54:14,14423.7,0
2021-03-26 09:54:15,14422.8,0
2021-03-26 09:54:16,14422.3,0
2021-03-26 09:54:17,14421.65,0
2021-03-26 09:54:18,14421.15,0
2021-03-26 09:54:19,14422.0,0
2021-03-26 09:54:20,14421.45,0
2021-03-26 09:54:21,14421.15,0
2021-03-26 09:54:22,14421.2,0
2021-03-26 09:54:23,14421.25,0
2021-03-26 09:54:24,14421.4,0
2021-03-26 09:54:25,14421.5,0
2021-03-26 09:54:26,14421.15,0
2021-03-26 09:54:27,14420.6,0
2021-03-26 09:54:28,14421.25,0
2021-03-26 09:54:29,14419.5,0
2021-03-26 09:54:30,14419.65,0
2021-03-26 09:54:31,14420.1,0
2021-03-26 09:54:32,14420.5,0
2021-03-26 09:54:33,14419.8,0
2021-03-26 09:54:34,14419.65,0
2021-03-26 09:54:35,14420.6,0
2021-03-26 09:54:36,14419.7,0
2021-03-26 09:54:37,14420.15,0
2021-03-26 09:54:38,14419.9,0
2021-03-26 09:54:39,14422.4,0
2021-03-26 09:54:40,14420.75,0
2021-03-26 09:54:41,14420.8,0
2021-03-26 09:54:42,14420.8,0
2021-03-26 09:54:43,14421.25,0
2021-03-26 09:54:44,14420.2,0
2021-03-26 09:54:45,14416.15,0
2021-03-26 09:54:46,14417.0,0
2021-03-26 09:54:47,14417.8,0
2021-03-26 09:54:48,14418.1,0
2021-03-26 09:54:49,14416.3,0
2021-03-26 09:54:50,14415.75,0
2021-03-26 09:54:51,14415.9,0
2021-03-26 09:54:52,14415.95,0
2021-03-26 09:54:53,14415.35,0
2021-03-26 09:54:54,14417.25,0
2021-03-26 09:54:55,14416.3,0
2021-03-26 09:54:56,14419.2,0
2021-03-26 09:54:57,14419.75,0
2021-03-26 09:54:58,14421.35,0
2021-03-26 09:54:59,14420.15,0
2021-03-26 09:55:00,14419.85,0
2021-03-26 09:55:01,14421.0,0
2021-03-26 09:55:02,14420.05,0
2021-03-26 09:55:03,14419.8,0
2021-03-26 09:55:04,14418.05,0
2021-03-26 09:55:05,14418.2,0
2021-03-26 09:55:06,14419.0,0
2021-03-26 09:55:07,14418.65,0
2021-03-26 09:55:08,14418.75,0
2021-03-26 09:55:09,14418.6,0
2021-03-26 09:55:10,14420.55,0
2021-03-26 09:55:11,14422.4,0
2021-03-26 09:55:12,14420.6,0
2021-03-26 09:55:13,14423.25,0
2021-03-26 09:55:14,14422.4,0
2021-03-26 09:55:15,14422.4,0
2021-03-26 09:55:16,14421.9,0
2021-03-26 09:55:17,14421.25,0
2021-03-26 09:55:18,14422.6,0
2021-03-26 09:55:19,14421.45,0
2021-03-26 09:55:20,14424.9,0
2021-03-26 09:55:21,14424.65,0
2021-03-26 09:55:22,14424.4,0
2021-03-26 09:55:23,14425.5,0
2021-03-26 09:55:24,14424.6,0
2021-03-26 09:55:25,14427.3,0
2021-03-26 09:55:26,14427.3,0
2021-03-26 09:55:27,14426.9,0
2021-03-26 09:55:28,14426.95,0
2021-03-26 09:55:29,14426.35,0
2021-03-26 09:55:30,14426.9,0
2021-03-26 09:55:31,14432.65,0
2021-03-26 09:55:32,14432.5,0
2021-03-26 09:55:33,14430.7,0
2021-03-26 09:55:34,14432.3,0
2021-03-26 09:55:35,14432.15,0
2021-03-26 09:55:36,14431.05,0
2021-03-26 09:55:37,14430.1,0
2021-03-26 09:55:38,14429.9,0
2021-03-26 09:55:39,14431.35,0
2021-03-26 09:55:40,14430.6,0
2021-03-26 09:55:41,14430.35,0
2021-03-26 09:55:42,14430.85,0
2021-03-26 09:55:43,14430.35,0
2021-03-26 09:55:44,14430.7,0
2021-03-26 09:55:45,14430.55,0
2021-03-26 09:55:46,14431.7,0
2021-03-26 09:55:47,14431.55,0
2021-03-26 09:55:48,14433.0,0
2021-03-26 09:55:49,14432.6,0
2021-03-26 09:55:50,14432.45,0
2021-03-26 09:55:51,14432.0,0
2021-03-26 09:55:52,14433.0,0
2021-03-26 09:55:53,14432.75,0
2021-03-26 09:55:54,14432.6,0
2021-03-26 09:55:55,14433.5,0
2021-03-26 09:55:56,14434.1,0
2021-03-26 09:55:57,14434.15,0
2021-03-26 09:55:58,14433.4,0
2021-03-26 09:55:59,14433.25,0
2021-03-26 09:56:00,14433.0,0
2021-03-26 09:56:01,14433.9,0
2021-03-26 09:56:02,14434.8,0
2021-03-26 09:56:03,14435.75,0
2021-03-26 09:56:04,14435.3,0
2021-03-26 09:56:05,14435.3,0
2021-03-26 09:56:06,14436.65,0
2021-03-26 09:56:07,14436.3,0
2021-03-26 09:56:08,14436.85,0
2021-03-26 09:56:09,14436.35,0
2021-03-26 09:56:11,14437.0,0
2021-03-26 09:56:12,14436.0,0
2021-03-26 09:56:13,14436.15,0
2021-03-26 09:56:14,14434.75,0
2021-03-26 09:56:15,14434.7,0
2021-03-26 09:56:16,14434.7,0
2021-03-26 09:56:17,14434.3,0
2021-03-26 09:56:18,14435.0,0
2021-03-26 09:56:19,14434.7,0
2021-03-26 09:56:20,14434.25,0
2021-03-26 09:56:21,14434.8,0
2021-03-26 09:56:22,14433.9,0
2021-03-26 09:56:23,14434.25,0
2021-03-26 09:56:24,14433.6,0
2021-03-26 09:56:25,14433.3,0
2021-03-26 09:56:26,14432.05,0
2021-03-26 09:56:27,14432.75,0
2021-03-26 09:56:28,14433.2,0
2021-03-26 09:56:29,14432.25,0
2021-03-26 09:56:30,14431.25,0
2021-03-26 09:56:31,14433.1,0
2021-03-26 09:56:32,14432.7,0
2021-03-26 09:56:33,14432.4,0
2021-03-26 09:56:34,14431.95,0
2021-03-26 09:56:35,14433.35,0
2021-03-26 09:56:36,14433.45,0
2021-03-26 09:56:37,14433.45,0
2021-03-26 09:56:38,14434.05,0
2021-03-26 09:56:39,14434.85,0
2021-03-26 09:56:40,14434.5,0
2021-03-26 09:56:41,14434.35,0
2021-03-26 09:56:42,14435.3,0
2021-03-26 09:56:43,14435.4,0
2021-03-26 09:56:44,14435.45,0
2021-03-26 09:56:45,14436.4,0
2021-03-26 09:56:46,14436.45,0
2021-03-26 09:56:47,14436.35,0
2021-03-26 09:56:48,14436.8,0
2021-03-26 09:56:49,14436.75,0
2021-03-26 09:56:50,14437.85,0
2021-03-26 09:56:51,14438.25,0
2021-03-26 09:56:52,14437.1,0
2021-03-26 09:56:53,14437.3,0
2021-03-26 09:56:54,14437.3,0
2021-03-26 09:56:55,14437.3,0
2021-03-26 09:56:56,14435.1,0
2021-03-26 09:56:57,14434.75,0
2021-03-26 09:56:58,14436.1,0
2021-03-26 09:56:59,14435.3,0
2021-03-26 09:57:00,14434.7,0
2021-03-26 09:57:01,14433.45,0
2021-03-26 09:57:02,14433.1,0
2021-03-26 09:57:03,14434.3,0
2021-03-26 09:57:04,14434.65,0
2021-03-26 09:57:05,14434.0,0
2021-03-26 09:57:06,14432.15,0
2021-03-26 09:57:07,14431.55,0
2021-03-26 09:57:08,14431.45,0
2021-03-26 09:57:09,14430.9,0
2021-03-26 09:57:10,14429.8,0
2021-03-26 09:57:11,14429.7,0
2021-03-26 09:57:12,14430.35,0
2021-03-26 09:57:13,14429.05,0
2021-03-26 09:57:14,14429.3,0
2021-03-26 09:57:15,14428.35,0
2021-03-26 09:57:16,14428.35,0
2021-03-26 09:57:17,14427.05,0
2021-03-26 09:57:18,14426.15,0
2021-03-26 09:57:19,14425.35,0
2021-03-26 09:57:20,14425.65,0
2021-03-26 09:57:21,14423.4,0
2021-03-26 09:57:22,14424.35,0
2021-03-26 09:57:23,14423.55,0
2021-03-26 09:57:24,14423.6,0
2021-03-26 09:57:25,14422.5,0
2021-03-26 09:57:26,14422.25,0
2021-03-26 09:57:27,14421.25,0
2021-03-26 09:57:28,14420.55,0
2021-03-26 09:57:29,14419.55,0
2021-03-26 09:57:30,14422.4,0
2021-03-26 09:57:31,14422.2,0
2021-03-26 09:57:32,14421.9,0
2021-03-26 09:57:33,14425.8,0
2021-03-26 09:57:34,14427.3,0
2021-03-26 09:57:35,14427.3,0
2021-03-26 09:57:36,14428.35,0
2021-03-26 09:57:37,14427.3,0
2021-03-26 09:57:38,14427.65,0
2021-03-26 09:57:39,14427.95,0
2021-03-26 09:57:40,14428.3,0
2021-03-26 09:57:41,14428.75,0
2021-03-26 09:57:42,14429.4,0
2021-03-26 09:57:43,14427.55,0
2021-03-26 09:57:44,14428.15,0
2021-03-26 09:57:45,14426.05,0
2021-03-26 09:57:46,14427.2,0
2021-03-26 09:57:47,14425.4,0
2021-03-26 09:57:48,14425.95,0
2021-03-26 09:57:49,14426.6,0
2021-03-26 09:57:50,14427.0,0
2021-03-26 09:57:51,14427.0,0
2021-03-26 09:57:52,14426.95,0
2021-03-26 09:57:53,14427.7,0
2021-03-26 09:57:54,14429.15,0
2021-03-26 09:57:55,14429.55,0
2021-03-26 09:57:56,14430.8,0
2021-03-26 09:57:57,14431.45,0
2021-03-26 09:57:58,14432.3,0
2021-03-26 09:57:59,14431.55,0
2021-03-26 09:58:00,14431.35,0
2021-03-26 09:58:01,14432.05,0
2021-03-26 09:58:02,14433.65,0
2021-03-26 09:58:03,14433.05,0
2021-03-26 09:58:04,14432.2,0
2021-03-26 09:58:05,14432.6,0
2021-03-26 09:58:06,14433.6,0
2021-03-26 09:58:07,14432.35,0
2021-03-26 09:58:08,14433.7,0
2021-03-26 09:58:09,14433.9,0
2021-03-26 09:58:10,14435.55,0
2021-03-26 09:58:11,14435.2,0
2021-03-26 09:58:12,14436.15,0
2021-03-26 09:58:13,14435.6,0
2021-03-26 09:58:14,14436.8,0
2021-03-26 09:58:15,14436.35,0
2021-03-26 09:58:16,14439.8,0
2021-03-26 09:58:17,14439.4,0
2021-03-26 09:58:19,14440.0,0
2021-03-26 09:58:20,14438.45,0
2021-03-26 09:58:21,14438.3,0
2021-03-26 09:58:22,14437.85,0
2021-03-26 09:58:23,14438.2,0
2021-03-26 09:58:24,14437.2,0
2021-03-26 09:58:25,14438.5,0
2021-03-26 09:58:26,14437.65,0
2021-03-26 09:58:27,14436.0,0
2021-03-26 09:58:28,14435.2,0
2021-03-26 09:58:29,14435.45,0
2021-03-26 09:58:30,14435.75,0
2021-03-26 09:58:31,14435.55,0
2021-03-26 09:58:32,14435.1,0
2021-03-26 09:58:33,14434.25,0
2021-03-26 09:58:34,14434.65,0
2021-03-26 09:58:35,14433.4,0
2021-03-26 09:58:36,14432.15,0
2021-03-26 09:58:37,14432.9,0
2021-03-26 09:58:38,14433.15,0
2021-03-26 09:58:39,14430.5,0
2021-03-26 09:58:40,14429.1,0
2021-03-26 09:58:41,14428.95,0
2021-03-26 09:58:42,14429.4,0
2021-03-26 09:58:43,14428.8,0
2021-03-26 09:58:44,14429.3,0
2021-03-26 09:58:45,14429.6,0
2021-03-26 09:58:46,14431.3,0
2021-03-26 09:58:47,14430.1,0
2021-03-26 09:58:48,14430.55,0
2021-03-26 09:58:49,14428.8,0
2021-03-26 09:58:50,14427.7,0
2021-03-26 09:58:51,14429.9,0
2021-03-26 09:58:52,14429.25,0
2021-03-26 09:58:53,14429.95,0
2021-03-26 09:58:54,14430.45,0
2021-03-26 09:58:55,14430.05,0
2021-03-26 09:58:56,14427.8,0
2021-03-26 09:58:57,14428.75,0
2021-03-26 09:58:58,14427.95,0
2021-03-26 09:58:59,14427.15,0
2021-03-26 09:59:00,14427.0,0
2021-03-26 09:59:01,14427.9,0
2021-03-26 09:59:02,14426.7,0
2021-03-26 09:59:03,14426.95,0
2021-03-26 09:59:04,14426.8,0
2021-03-26 09:59:05,14427.25,0
2021-03-26 09:59:06,14426.65,0
2021-03-26 09:59:07,14427.35,0
2021-03-26 09:59:08,14426.4,0
2021-03-26 09:59:09,14425.9,0
2021-03-26 09:59:10,14426.2,0
2021-03-26 09:59:11,14426.25,0
2021-03-26 09:59:12,14426.1,0
2021-03-26 09:59:13,14426.75,0
2021-03-26 09:59:14,14427.1,0
2021-03-26 09:59:15,14428.1,0
2021-03-26 09:59:16,14428.95,0
2021-03-26 09:59:17,14428.4,0
2021-03-26 09:59:18,14427.3,0
2021-03-26 09:59:19,14427.05,0
2021-03-26 09:59:20,14427.45,0
2021-03-26 09:59:21,14428.45,0
2021-03-26 09:59:22,14429.9,0
2021-03-26 09:59:23,14430.75,0
2021-03-26 09:59:24,14431.75,0
2021-03-26 09:59:25,14431.35,0
2021-03-26 09:59:26,14431.95,0
2021-03-26 09:59:27,14431.85,0
2021-03-26 09:59:28,14433.0,0
2021-03-26 09:59:29,14432.15,0
2021-03-26 09:59:30,14431.6,0
2021-03-26 09:59:31,14432.75,0
2021-03-26 09:59:32,14432.2,0
2021-03-26 09:59:33,14432.0,0
2021-03-26 09:59:34,14431.5,0
2021-03-26 09:59:35,14431.4,0
2021-03-26 09:59:36,14429.95,0
2021-03-26 09:59:37,14429.1,0
2021-03-26 09:59:38,14430.0,0
2021-03-26 09:59:39,14429.25,0
2021-03-26 09:59:40,14429.15,0
2021-03-26 09:59:41,14429.35,0
2021-03-26 09:59:42,14430.05,0
2021-03-26 09:59:43,14429.6,0
2021-03-26 09:59:44,14429.45,0
2021-03-26 09:59:45,14429.7,0
2021-03-26 09:59:46,14431.3,0
2021-03-26 09:59:47,14432.7,0
2021-03-26 09:59:48,14431.3,0
2021-03-26 09:59:49,14432.45,0
2021-03-26 09:59:50,14432.35,0
2021-03-26 09:59:51,14432.7,0
2021-03-26 09:59:52,14432.25,0
2021-03-26 09:59:53,14431.4,0
2021-03-26 09:59:54,14432.4,0
2021-03-26 09:59:55,14433.0,0
2021-03-26 09:59:56,14432.15,0
2021-03-26 09:59:57,14432.7,0
2021-03-26 09:59:58,14433.3,0
2021-03-26 09:59:59,14433.55,0
2021-03-26 10:00:00,14433.65,0
2021-03-26 10:00:01,14432.9,0
2021-03-26 10:00:02,14433.3,0
2021-03-26 10:00:03,14433.3,0
2021-03-26 10:00:04,14433.4,0
2021-03-26 10:00:05,14433.4,0
2021-03-26 10:00:06,14433.3,0
2021-03-26 10:00:07,14433.85,0
2021-03-26 10:00:08,14433.65,0
2021-03-26 10:00:09,14433.45,0
2021-03-26 10:00:10,14433.1,0
2021-03-26 10:00:11,14433.15,0
2021-03-26 10:00:12,14432.9,0
2021-03-26 10:00:13,14433.25,0
2021-03-26 10:00:14,14432.65,0
2021-03-26 10:00:15,14432.9,0
2021-03-26 10:00:16,14432.3,0
2021-03-26 10:00:17,14431.65,0
2021-03-26 10:00:18,14431.75,0
2021-03-26 10:00:19,14430.9,0
2021-03-26 10:00:21,14431.8,0
2021-03-26 10:00:22,14431.9,0
2021-03-26 10:00:23,14431.2,0
2021-03-26 10:00:24,14431.95,0
2021-03-26 10:00:25,14432.65,0
2021-03-26 10:00:26,14433.35,0
2021-03-26 10:00:27,14433.3,0
2021-03-26 10:00:28,14433.7,0
2021-03-26 10:00:29,14434.05,0
2021-03-26 10:00:30,14433.7,0
2021-03-26 10:00:31,14432.4,0
2021-03-26 10:00:32,14433.35,0
2021-03-26 10:00:33,14434.1,0
2021-03-26 10:00:34,14434.3,0
2021-03-26 10:00:35,14435.7,0
2021-03-26 10:00:36,14435.25,0
2021-03-26 10:00:37,14435.45,0
2021-03-26 10:00:38,14437.85,0
2021-03-26 10:00:39,14438.15,0
2021-03-26 10:00:40,14438.85,0
2021-03-26 10:00:41,14437.55,0
2021-03-26 10:00:42,14437.35,0
2021-03-26 10:00:43,14436.8,0
2021-03-26 10:00:44,14436.7,0
2021-03-26 10:00:45,14436.45,0
2021-03-26 10:00:46,14436.85,0
2021-03-26 10:00:47,14437.05,0
2021-03-26 10:00:48,14436.3,0
2021-03-26 10:00:49,14437.45,0
2021-03-26 10:00:50,14439.0,0
2021-03-26 10:00:51,14439.3,0
2021-03-26 10:00:52,14440.3,0
2021-03-26 10:00:53,14440.7,0
2021-03-26 10:00:54,14441.9,0
2021-03-26 10:00:55,14445.0,0
2021-03-26 10:00:56,14444.45,0
2021-03-26 10:00:57,14445.15,0
2021-03-26 10:00:58,14445.0,0
2021-03-26 10:00:59,14445.6,0
2021-03-26 10:01:00,14445.95,0
2021-03-26 10:01:02,14447.65,0
2021-03-26 10:01:03,14445.9,0
2021-03-26 10:01:04,14447.1,0
2021-03-26 10:01:05,14447.6,0
2021-03-26 10:01:06,14446.25,0
2021-03-26 10:01:07,14445.85,0
2021-03-26 10:01:08,14445.95,0
2021-03-26 10:01:09,14446.05,0
2021-03-26 10:01:10,14446.1,0
2021-03-26 10:01:11,14446.3,0
2021-03-26 10:01:12,14446.6,0
2021-03-26 10:01:13,14447.9,0
2021-03-26 10:01:14,14448.5,0
2021-03-26 10:01:15,14448.95,0
2021-03-26 10:01:16,14451.25,0
2021-03-26 10:01:17,14450.85,0
2021-03-26 10:01:18,14452.3,0
2021-03-26 10:01:19,14453.4,0
2021-03-26 10:01:20,14457.15,0
2021-03-26 10:01:21,14456.95,0
2021-03-26 10:01:22,14456.1,0
2021-03-26 10:01:23,14455.5,0
2021-03-26 10:01:24,14455.5,0
2021-03-26 10:01:25,14455.2,0
2021-03-26 10:01:26,14455.05,0
2021-03-26 10:01:27,14453.65,0
2021-03-26 10:01:28,14454.55,0
2021-03-26 10:01:29,14454.1,0
2021-03-26 10:01:30,14453.15,0
2021-03-26 10:01:31,14451.2,0
2021-03-26 10:01:32,14451.15,0
2021-03-26 10:01:33,14451.0,0
2021-03-26 10:01:34,14450.35,0
2021-03-26 10:01:35,14450.15,0
2021-03-26 10:01:36,14451.3,0
2021-03-26 10:01:37,14452.15,0
2021-03-26 10:01:38,14451.85,0
2021-03-26 10:01:39,14450.85,0
2021-03-26 10:01:40,14452.4,0
2021-03-26 10:01:41,14452.35,0
2021-03-26 10:01:42,14452.9,0
2021-03-26 10:01:43,14453.1,0
2021-03-26 10:01:44,14451.95,0
2021-03-26 10:01:45,14452.1,0
2021-03-26 10:01:46,14451.85,0
2021-03-26 10:01:47,14451.15,0
2021-03-26 10:01:48,14452.0,0
2021-03-26 10:01:49,14452.2,0
2021-03-26 10:01:50,14451.55,0
2021-03-26 10:01:51,14451.75,0
2021-03-26 10:01:52,14451.85,0
2021-03-26 10:01:53,14452.85,0
2021-03-26 10:01:54,14452.2,0
2021-03-26 10:01:55,14452.15,0
2021-03-26 10:01:56,14452.55,0
2021-03-26 10:01:57,14453.25,0
2021-03-26 10:01:58,14453.3,0
2021-03-26 10:01:59,14452.75,0
2021-03-26 10:02:00,14453.15,0
2021-03-26 10:02:01,14453.8,0
2021-03-26 10:02:02,14455.05,0
2021-03-26 10:02:04,14455.15,0
2021-03-26 10:02:05,14456.1,0
2021-03-26 10:02:06,14456.05,0
2021-03-26 10:02:07,14454.85,0
2021-03-26 10:02:08,14455.95,0
2021-03-26 10:02:09,14455.6,0
2021-03-26 10:02:10,14456.05,0
2021-03-26 10:02:11,14455.35,0
2021-03-26 10:02:12,14454.35,0
2021-03-26 10:02:13,14453.8,0
2021-03-26 10:02:14,14453.9,0
2021-03-26 10:02:15,14454.25,0
2021-03-26 10:02:17,14454.25,0
2021-03-26 10:02:18,14455.15,0
2021-03-26 10:02:19,14454.4,0
2021-03-26 10:02:20,14453.95,0
2021-03-26 10:02:21,14454.55,0
2021-03-26 10:02:22,14454.85,0
2021-03-26 10:02:23,14454.8,0
2021-03-26 10:02:24,14454.9,0
2021-03-26 10:02:25,14456.2,0
2021-03-26 10:02:26,14455.1,0
2021-03-26 10:02:27,14455.6,0
2021-03-26 10:02:28,14455.85,0
2021-03-26 10:02:29,14457.05,0
2021-03-26 10:02:30,14455.95,0
2021-03-26 10:02:31,14456.5,0
2021-03-26 10:02:34,14456.25,0
2021-03-26 10:02:36,14456.65,0
2021-03-26 10:02:37,14457.95,0
2021-03-26 10:02:38,14457.8,0
2021-03-26 10:02:39,14457.45,0
2021-03-26 10:02:40,14458.55,0
2021-03-26 10:02:41,14458.5,0
2021-03-26 10:02:42,14458.8,0
2021-03-26 10:02:43,14459.1,0
2021-03-26 10:02:44,14458.75,0
2021-03-26 10:02:45,14458.7,0
2021-03-26 10:02:46,14459.9,0
2021-03-26 10:02:47,14460.3,0
2021-03-26 10:02:48,14459.8,0
2021-03-26 10:02:49,14459.65,0
2021-03-26 10:02:50,14459.95,0
2021-03-26 10:02:51,14460.0,0
2021-03-26 10:02:52,14460.15,0
2021-03-26 10:02:53,14460.75,0
2021-03-26 10:02:54,14460.5,0
2021-03-26 10:02:55,14460.5,0
2021-03-26 10:02:56,14460.5,0
2021-03-26 10:02:57,14461.15,0
2021-03-26 10:02:58,14460.8,0
2021-03-26 10:02:59,14461.55,0
2021-03-26 10:03:00,14461.4,0
2021-03-26 10:03:01,14460.85,0
2021-03-26 10:03:02,14460.45,0
2021-03-26 10:03:03,14460.2,0
2021-03-26 10:03:04,14460.5,0
2021-03-26 10:03:05,14460.4,0
2021-03-26 10:03:06,14460.0,0
2021-03-26 10:03:07,14460.4,0
2021-03-26 10:03:08,14460.6,0
2021-03-26 10:03:09,14460.9,0
2021-03-26 10:03:10,14460.8,0
2021-03-26 10:03:11,14460.95,0
2021-03-26 10:03:12,14462.0,0
2021-03-26 10:03:13,14461.2,0
2021-03-26 10:03:14,14461.25,0
2021-03-26 10:03:15,14460.35,0
2021-03-26 10:03:16,14461.25,0
2021-03-26 10:03:17,14461.9,0
2021-03-26 10:03:18,14462.2,0
2021-03-26 10:03:19,14461.8,0
2021-03-26 10:03:20,14462.05,0
2021-03-26 10:03:21,14462.15,0
2021-03-26 10:03:22,14462.65,0
2021-03-26 10:03:23,14462.25,0
2021-03-26 10:03:24,14462.25,0
2021-03-26 10:03:25,14462.45,0
2021-03-26 10:03:26,14462.7,0
2021-03-26 10:03:27,14462.65,0
2021-03-26 10:03:28,14462.25,0
2021-03-26 10:03:29,14461.65,0
2021-03-26 10:03:30,14461.4,0
2021-03-26 10:03:31,14461.35,0
2021-03-26 10:03:32,14462.1,0
2021-03-26 10:03:33,14461.25,0
2021-03-26 10:03:34,14461.1,0
2021-03-26 10:03:35,14460.8,0
2021-03-26 10:03:36,14461.45,0
2021-03-26 10:03:37,14461.9,0
2021-03-26 10:03:38,14461.35,0
2021-03-26 10:03:39,14461.35,0
2021-03-26 10:03:40,14461.05,0
2021-03-26 10:03:41,14461.45,0
2021-03-26 10:03:42,14462.3,0
2021-03-26 10:03:43,14461.95,0
2021-03-26 10:03:44,14462.1,0
2021-03-26 10:03:45,14462.05,0
2021-03-26 10:03:46,14462.3,0
2021-03-26 10:03:47,14462.25,0
2021-03-26 10:03:48,14462.9,0
2021-03-26 10:03:49,14464.7,0
2021-03-26 10:03:50,14465.2,0
2021-03-26 10:03:51,14465.5,0
2021-03-26 10:03:52,14466.25,0
2021-03-26 10:03:53,14466.15,0
2021-03-26 10:03:54,14465.45,0
2021-03-26 10:03:55,14466.1,0
2021-03-26 10:03:56,14464.75,0
2021-03-26 10:03:57,14463.9,0
2021-03-26 10:03:58,14463.85,0
2021-03-26 10:03:59,14463.25,0
2021-03-26 10:04:00,14463.65,0
2021-03-26 10:04:01,14464.75,0
2021-03-26 10:04:02,14465.5,0
2021-03-26 10:04:03,14465.45,0
2021-03-26 10:04:04,14465.7,0
2021-03-26 10:04:05,14465.7,0
2021-03-26 10:04:06,14466.0,0
2021-03-26 10:04:07,14465.85,0
2021-03-26 10:04:08,14465.55,0
2021-03-26 10:04:09,14466.35,0
2021-03-26 10:04:10,14465.6,0
2021-03-26 10:04:11,14466.4,0
2021-03-26 10:04:12,14466.1,0
2021-03-26 10:04:13,14465.7,0
2021-03-26 10:04:14,14465.85,0
2021-03-26 10:04:15,14464.95,0
2021-03-26 10:04:16,14465.25,0
2021-03-26 10:04:17,14465.75,0
2021-03-26 10:04:18,14465.1,0
2021-03-26 10:04:19,14464.55,0
2021-03-26 10:04:20,14464.9,0
2021-03-26 10:04:21,14465.45,0
2021-03-26 10:04:22,14464.5,0
2021-03-26 10:04:23,14463.95,0
2021-03-26 10:04:24,14464.35,0
2021-03-26 10:04:25,14463.15,0
2021-03-26 10:04:26,14462.45,0
2021-03-26 10:04:27,14460.45,0
2021-03-26 10:04:28,14460.75,0
2021-03-26 10:04:29,14458.95,0
2021-03-26 10:04:30,14458.9,0
2021-03-26 10:04:31,14457.3,0
2021-03-26 10:04:32,14457.6,0
2021-03-26 10:04:33,14457.65,0
2021-03-26 10:04:34,14457.25,0
2021-03-26 10:04:35,14456.9,0
2021-03-26 10:04:36,14458.15,0
2021-03-26 10:04:37,14454.9,0
2021-03-26 10:04:38,14454.3,0
2021-03-26 10:04:39,14454.1,0
2021-03-26 10:04:40,14453.95,0
2021-03-26 10:04:41,14454.45,0
2021-03-26 10:04:42,14457.2,0
2021-03-26 10:04:43,14457.1,0
2021-03-26 10:04:44,14455.75,0
2021-03-26 10:04:45,14456.55,0
2021-03-26 10:04:46,14456.6,0
2021-03-26 10:04:47,14456.35,0
2021-03-26 10:04:48,14456.4,0
2021-03-26 10:04:49,14455.15,0
2021-03-26 10:04:50,14456.45,0
2021-03-26 10:04:51,14455.3,0
2021-03-26 10:04:52,14456.55,0
2021-03-26 10:04:53,14458.4,0
2021-03-26 10:04:54,14458.3,0
2021-03-26 10:04:55,14457.85,0
2021-03-26 10:04:56,14458.45,0
2021-03-26 10:04:57,14458.1,0
2021-03-26 10:04:58,14458.0,0
2021-03-26 10:04:59,14457.75,0
2021-03-26 10:05:00,14457.45,0
2021-03-26 10:05:01,14458.4,0
2021-03-26 10:05:02,14458.85,0
2021-03-26 10:05:03,14459.85,0
2021-03-26 10:05:04,14461.4,0
2021-03-26 10:05:05,14461.35,0
2021-03-26 10:05:06,14460.85,0
2021-03-26 10:05:07,14461.2,0
2021-03-26 10:05:08,14461.3,0
2021-03-26 10:05:09,14461.0,0
2021-03-26 10:05:10,14461.55,0
2021-03-26 10:05:11,14461.95,0
2021-03-26 10:05:12,14462.8,0
2021-03-26 10:05:13,14462.35,0
2021-03-26 10:05:14,14462.45,0
2021-03-26 10:05:15,14462.3,0
2021-03-26 10:05:16,14462.55,0
2021-03-26 10:05:17,14463.7,0
2021-03-26 10:05:18,14463.25,0
2021-03-26 10:05:19,14464.1,0
2021-03-26 10:05:20,14466.35,0
2021-03-26 10:05:21,14466.5,0
2021-03-26 10:05:22,14464.55,0
2021-03-26 10:05:23,14464.55,0
2021-03-26 10:05:24,14465.0,0
2021-03-26 10:05:25,14464.2,0
2021-03-26 10:05:26,14464.05,0
2021-03-26 10:05:27,14464.35,0
2021-03-26 10:05:28,14464.1,0
2021-03-26 10:05:29,14464.25,0
2021-03-26 10:05:30,14464.3,0
2021-03-26 10:05:31,14464.6,0
2021-03-26 10:05:32,14464.15,0
2021-03-26 10:05:33,14464.55,0
2021-03-26 10:05:34,14464.75,0
2021-03-26 10:05:35,14463.95,0
2021-03-26 10:05:36,14464.15,0
2021-03-26 10:05:37,14463.9,0
2021-03-26 10:05:38,14463.55,0
2021-03-26 10:05:39,14462.7,0
2021-03-26 10:05:40,14461.9,0
2021-03-26 10:05:41,14461.95,0
2021-03-26 10:05:42,14461.85,0
2021-03-26 10:05:43,14461.5,0
2021-03-26 10:05:44,14462.15,0
2021-03-26 10:05:45,14461.75,0
2021-03-26 10:05:46,14461.85,0
2021-03-26 10:05:47,14462.35,0
2021-03-26 10:05:48,14460.95,0
2021-03-26 10:05:49,14461.7,0
2021-03-26 10:05:50,14461.35,0
2021-03-26 10:05:51,14462.35,0
2021-03-26 10:05:52,14460.85,0
2021-03-26 10:05:53,14460.9,0
2021-03-26 10:05:54,14461.15,0
2021-03-26 10:05:55,14460.6,0
2021-03-26 10:05:56,14462.55,0
2021-03-26 10:05:57,14463.05,0
2021-03-26 10:05:58,14463.5,0
2021-03-26 10:05:59,14462.75,0
2021-03-26 10:06:00,14462.15,0
2021-03-26 10:06:01,14462.7,0
2021-03-26 10:06:02,14463.15,0
2021-03-26 10:06:03,14463.8,0
2021-03-26 10:06:04,14463.8,0
2021-03-26 10:06:05,14463.35,0
2021-03-26 10:06:06,14464.1,0
2021-03-26 10:06:07,14463.55,0
2021-03-26 10:06:08,14463.0,0
2021-03-26 10:06:09,14461.8,0
2021-03-26 10:06:10,14459.95,0
2021-03-26 10:06:11,14460.7,0
2021-03-26 10:06:12,14462.1,0
2021-03-26 10:06:13,14462.35,0
2021-03-26 10:06:14,14461.9,0
2021-03-26 10:06:15,14462.4,0
2021-03-26 10:06:16,14463.7,0
2021-03-26 10:06:17,14463.95,0
2021-03-26 10:06:18,14464.0,0
2021-03-26 10:06:19,14463.4,0
2021-03-26 10:06:20,14464.5,0
2021-03-26 10:06:21,14463.8,0
2021-03-26 10:06:22,14463.1,0
2021-03-26 10:06:23,14462.4,0
2021-03-26 10:06:24,14462.15,0
2021-03-26 10:06:25,14462.55,0
2021-03-26 10:06:26,14462.15,0
2021-03-26 10:06:27,14462.55,0
2021-03-26 10:06:28,14461.85,0
2021-03-26 10:06:29,14461.85,0
2021-03-26 10:06:30,14462.15,0
2021-03-26 10:06:31,14461.8,0
2021-03-26 10:06:32,14462.85,0
2021-03-26 10:06:33,14462.0,0
2021-03-26 10:06:34,14462.4,0
2021-03-26 10:06:35,14461.85,0
2021-03-26 10:06:36,14460.8,0
2021-03-26 10:06:37,14461.3,0
2021-03-26 10:06:38,14461.9,0
2021-03-26 10:06:39,14462.35,0
2021-03-26 10:06:40,14462.4,0
2021-03-26 10:06:41,14462.05,0
2021-03-26 10:06:42,14462.1,0
2021-03-26 10:06:43,14462.05,0
2021-03-26 10:06:44,14462.05,0
2021-03-26 10:06:45,14459.85,0
2021-03-26 10:06:46,14460.75,0
2021-03-26 10:06:47,14459.05,0
2021-03-26 10:06:48,14459.1,0
2021-03-26 10:06:49,14459.95,0
2021-03-26 10:06:50,14459.1,0
2021-03-26 10:06:51,14458.95,0
2021-03-26 10:06:52,14457.95,0
2021-03-26 10:06:53,14457.95,0
2021-03-26 10:06:54,14457.55,0
2021-03-26 10:06:55,14457.35,0
2021-03-26 10:06:56,14456.4,0
2021-03-26 10:06:57,14456.15,0
2021-03-26 10:06:58,14456.2,0
2021-03-26 10:06:59,14456.0,0
2021-03-26 10:07:00,14455.85,0
2021-03-26 10:07:01,14454.85,0
2021-03-26 10:07:02,14454.3,0
2021-03-26 10:07:03,14454.4,0
2021-03-26 10:07:04,14454.45,0
2021-03-26 10:07:05,14454.6,0
2021-03-26 10:07:06,14454.0,0
2021-03-26 10:07:07,14453.9,0
2021-03-26 10:07:08,14455.7,0
2021-03-26 10:07:09,14454.3,0
2021-03-26 10:07:10,14455.6,0
2021-03-26 10:07:11,14455.3,0
2021-03-26 10:07:12,14455.3,0
2021-03-26 10:07:13,14455.85,0
2021-03-26 10:07:14,14456.35,0
2021-03-26 10:07:15,14457.0,0
2021-03-26 10:07:16,14455.9,0
2021-03-26 10:07:17,14456.95,0
2021-03-26 10:07:18,14459.15,0
2021-03-26 10:07:19,14459.75,0
2021-03-26 10:07:20,14462.3,0
2021-03-26 10:07:21,14462.5,0
2021-03-26 10:07:22,14461.8,0
2021-03-26 10:07:23,14462.65,0
2021-03-26 10:07:24,14462.35,0
2021-03-26 10:07:25,14462.85,0
2021-03-26 10:07:26,14462.7,0
2021-03-26 10:07:27,14461.3,0
2021-03-26 10:07:28,14462.6,0
2021-03-26 10:07:29,14462.3,0
2021-03-26 10:07:30,14462.45,0
2021-03-26 10:07:31,14461.05,0
2021-03-26 10:07:32,14461.65,0
2021-03-26 10:07:33,14461.8,0
2021-03-26 10:07:34,14461.25,0
2021-03-26 10:07:35,14460.6,0
2021-03-26 10:07:36,14460.55,0
2021-03-26 10:07:37,14460.15,0
2021-03-26 10:07:38,14460.15,0
2021-03-26 10:07:39,14459.6,0
2021-03-26 10:07:40,14459.85,0
2021-03-26 10:07:41,14459.75,0
2021-03-26 10:07:42,14460.0,0
2021-03-26 10:07:43,14460.15,0
2021-03-26 10:07:44,14460.15,0
2021-03-26 10:07:45,14459.8,0
2021-03-26 10:07:46,14460.6,0
2021-03-26 10:07:47,14460.25,0
2021-03-26 10:07:48,14459.75,0
2021-03-26 10:07:49,14460.85,0
2021-03-26 10:07:50,14460.2,0
2021-03-26 10:07:51,14460.45,0
2021-03-26 10:07:52,14460.65,0
2021-03-26 10:07:53,14460.05,0
2021-03-26 10:07:54,14460.15,0
2021-03-26 10:07:55,14459.65,0
2021-03-26 10:07:56,14458.9,0
2021-03-26 10:07:57,14458.3,0
2021-03-26 10:07:58,14458.85,0
2021-03-26 10:07:59,14458.2,0
2021-03-26 10:08:00,14458.55,0
2021-03-26 10:08:01,14458.95,0
2021-03-26 10:08:02,14458.8,0
2021-03-26 10:08:03,14459.2,0
2021-03-26 10:08:04,14460.9,0
2021-03-26 10:08:05,14460.45,0
2021-03-26 10:08:06,14460.0,0
2021-03-26 10:08:07,14460.65,0
2021-03-26 10:08:08,14461.65,0
2021-03-26 10:08:09,14462.05,0
2021-03-26 10:08:10,14463.65,0
2021-03-26 10:08:11,14462.9,0
2021-03-26 10:08:12,14462.3,0
2021-03-26 10:08:13,14462.75,0
2021-03-26 10:08:14,14462.35,0
2021-03-26 10:08:15,14461.8,0
2021-03-26 10:08:16,14464.1,0
2021-03-26 10:08:17,14463.85,0
2021-03-26 10:08:18,14462.9,0
2021-03-26 10:08:19,14463.65,0
2021-03-26 10:08:20,14464.05,0
2021-03-26 10:08:21,14463.45,0
2021-03-26 10:08:22,14462.55,0
2021-03-26 10:08:23,14462.5,0
2021-03-26 10:08:24,14463.15,0
2021-03-26 10:08:25,14464.05,0
2021-03-26 10:08:26,14463.55,0
2021-03-26 10:08:27,14463.6,0
2021-03-26 10:08:28,14463.0,0
2021-03-26 10:08:29,14462.45,0
2021-03-26 10:08:30,14462.45,0
2021-03-26 10:08:31,14462.55,0
2021-03-26 10:08:32,14462.3,0
2021-03-26 10:08:33,14461.95,0
2021-03-26 10:08:34,14461.8,0
2021-03-26 10:08:35,14461.9,0
2021-03-26 10:08:36,14459.75,0
2021-03-26 10:08:37,14460.0,0
2021-03-26 10:08:38,14458.85,0
2021-03-26 10:08:39,14458.5,0
2021-03-26 10:08:40,14457.0,0
2021-03-26 10:08:41,14456.35,0
2021-03-26 10:08:42,14456.15,0
2021-03-26 10:08:43,14456.55,0
2021-03-26 10:08:44,14456.55,0
2021-03-26 10:08:45,14457.15,0
2021-03-26 10:08:46,14457.1,0
2021-03-26 10:08:47,14457.2,0
2021-03-26 10:08:48,14457.25,0
2021-03-26 10:08:50,14457.25,0
2021-03-26 10:08:51,14455.65,0
2021-03-26 10:08:52,14456.4,0
2021-03-26 10:08:53,14455.85,0
2021-03-26 10:08:54,14456.0,0
2021-03-26 10:08:55,14456.05,0
2021-03-26 10:08:56,14456.0,0
2021-03-26 10:08:57,14456.55,0
2021-03-26 10:08:58,14456.75,0
2021-03-26 10:08:59,14456.35,0
2021-03-26 10:09:00,14455.25,0
2021-03-26 10:09:01,14454.9,0
2021-03-26 10:09:02,14455.55,0
2021-03-26 10:09:03,14454.6,0
2021-03-26 10:09:04,14454.35,0
2021-03-26 10:09:05,14455.2,0
2021-03-26 10:09:06,14455.05,0
2021-03-26 10:09:07,14453.8,0
2021-03-26 10:09:08,14454.75,0
2021-03-26 10:09:09,14454.4,0
2021-03-26 10:09:10,14454.3,0
2021-03-26 10:09:11,14455.15,0
2021-03-26 10:09:12,14455.85,0
2021-03-26 10:09:13,14455.45,0
2021-03-26 10:09:14,14456.05,0
2021-03-26 10:09:15,14455.6,0
2021-03-26 10:09:16,14456.55,0
2021-03-26 10:09:17,14456.1,0
2021-03-26 10:09:18,14456.85,0
2021-03-26 10:09:19,14456.2,0
2021-03-26 10:09:20,14456.2,0
2021-03-26 10:09:21,14456.4,0
2021-03-26 10:09:22,14457.3,0
2021-03-26 10:09:23,14457.25,0
2021-03-26 10:09:24,14457.2,0
2021-03-26 10:09:25,14457.0,0
2021-03-26 10:09:26,14458.95,0
2021-03-26 10:09:27,14460.65,0
2021-03-26 10:09:28,14460.6,0
2021-03-26 10:09:29,14460.35,0
2021-03-26 10:09:30,14461.05,0
2021-03-26 10:09:31,14461.45,0
2021-03-26 10:09:32,14461.8,0
2021-03-26 10:09:33,14462.05,0
2021-03-26 10:09:34,14463.55,0
2021-03-26 10:09:35,14463.2,0
2021-03-26 10:09:36,14462.2,0
2021-03-26 10:09:37,14462.15,0
2021-03-26 10:09:38,14463.05,0
2021-03-26 10:09:39,14463.0,0
2021-03-26 10:09:40,14463.35,0
2021-03-26 10:09:41,14463.7,0
2021-03-26 10:09:42,14463.75,0
2021-03-26 10:09:43,14463.65,0
2021-03-26 10:09:44,14463.65,0
2021-03-26 10:09:45,14463.35,0
2021-03-26 10:09:46,14463.5,0
2021-03-26 10:09:47,14463.45,0
2021-03-26 10:09:48,14462.7,0
2021-03-26 10:09:49,14462.45,0
2021-03-26 10:09:50,14462.8,0
2021-03-26 10:09:51,14462.35,0
2021-03-26 10:09:52,14462.05,0
2021-03-26 10:09:54,14462.1,0
2021-03-26 10:09:55,14462.5,0
2021-03-26 10:09:56,14462.8,0
2021-03-26 10:09:57,14462.85,0
2021-03-26 10:09:59,14461.75,0
2021-03-26 10:10:01,14461.0,0
2021-03-26 10:10:02,14460.75,0
2021-03-26 10:10:03,14461.15,0
2021-03-26 10:10:04,14461.25,0
2021-03-26 10:10:05,14461.25,0
2021-03-26 10:10:06,14461.15,0
2021-03-26 10:10:07,14460.9,0
2021-03-26 10:10:08,14460.15,0
2021-03-26 10:10:09,14461.1,0
2021-03-26 10:10:10,14460.45,0
2021-03-26 10:10:11,14459.8,0
2021-03-26 10:10:12,14460.2,0
2021-03-26 10:10:13,14459.2,0
2021-03-26 10:10:14,14459.6,0
2021-03-26 10:10:15,14460.1,0
2021-03-26 10:10:16,14459.3,0
2021-03-26 10:10:17,14459.2,0
2021-03-26 10:10:19,14458.3,0
2021-03-26 10:10:20,14456.6,0
2021-03-26 10:10:21,14457.2,0
2021-03-26 10:10:22,14457.5,0
2021-03-26 10:10:23,14458.0,0
2021-03-26 10:10:24,14457.3,0
2021-03-26 10:10:25,14457.8,0
2021-03-26 10:10:26,14457.95,0
2021-03-26 10:10:27,14457.45,0
2021-03-26 10:10:28,14457.7,0
2021-03-26 10:10:29,14457.85,0
2021-03-26 10:10:30,14460.25,0
2021-03-26 10:10:31,14460.95,0
2021-03-26 10:10:32,14462.1,0
2021-03-26 10:10:33,14461.8,0
2021-03-26 10:10:34,14462.35,0
2021-03-26 10:10:35,14462.4,0
2021-03-26 10:10:36,14461.95,0
2021-03-26 10:10:37,14462.0,0
2021-03-26 10:10:38,14462.6,0
2021-03-26 10:10:39,14462.7,0
2021-03-26 10:10:40,14463.25,0
2021-03-26 10:10:41,14463.45,0
2021-03-26 10:10:42,14463.6,0
2021-03-26 10:10:43,14467.7,0
2021-03-26 10:10:44,14466.55,0
2021-03-26 10:10:45,14465.75,0
2021-03-26 10:10:46,14467.55,0
2021-03-26 10:10:47,14467.0,0
2021-03-26 10:10:48,14466.35,0
2021-03-26 10:10:49,14470.3,0
2021-03-26 10:10:50,14469.7,0
2021-03-26 10:10:51,14471.2,0
2021-03-26 10:10:52,14470.4,0
2021-03-26 10:10:53,14470.4,0
2021-03-26 10:10:54,14470.2,0
2021-03-26 10:10:55,14470.1,0
2021-03-26 10:10:56,14470.05,0
2021-03-26 10:10:57,14470.1,0
2021-03-26 10:10:58,14469.65,0
2021-03-26 10:10:59,14469.35,0
2021-03-26 10:11:00,14467.0,0
