timestamp,ltp,volume
2021-04-08 09:15:20,1041.5,75200
2021-04-08 09:15:21,1043.85,78233
2021-04-08 09:15:22,1043.8,80982
2021-04-08 09:15:23,1042.45,81833
2021-04-08 09:15:24,1042.0,83998
2021-04-08 09:15:25,1041.75,90030
2021-04-08 09:15:26,1041.8,91644
2021-04-08 09:15:27,1041.65,92179
2021-04-08 09:15:28,1041.9,94987
2021-04-08 09:15:29,1041.6,95884
2021-04-08 09:15:30,1042.95,98623
2021-04-08 09:15:31,1042.4,100293
2021-04-08 09:15:32,1041.4,100872
2021-04-08 09:15:33,1042.4,102727
2021-04-08 09:15:34,1042.4,103660
2021-04-08 09:15:35,1042.35,104289
2021-04-08 09:15:36,1040.65,109350
2021-04-08 09:15:37,1040.35,112873
2021-04-08 09:15:38,1040.15,113161
2021-04-08 09:15:39,1039.75,113777
2021-04-08 09:15:40,1039.7,114639
2021-04-08 09:15:41,1039.45,115435
2021-04-08 09:15:42,1040.3,115640
2021-04-08 09:15:43,1039.45,116196
2021-04-08 09:15:44,1040.0,117487
2021-04-08 09:15:45,1039.85,117886
2021-04-08 09:15:46,1039.5,118301
2021-04-08 09:15:47,1039.1,119777
2021-04-08 09:15:48,1039.0,119915
2021-04-08 09:15:49,1038.8,120837
2021-04-08 09:15:50,1038.75,121153
2021-04-08 09:15:51,1038.6,123483
2021-04-08 09:15:52,1038.7,125457
2021-04-08 09:15:53,1038.7,126340
2021-04-08 09:15:54,1040.8,134157
2021-04-08 09:15:55,1040.2,134194
2021-04-08 09:15:56,1040.45,134753
2021-04-08 09:15:57,1040.5,134911
2021-04-08 09:15:59,1040.0,135122
2021-04-08 09:16:00,1039.7,137630
2021-04-08 09:16:01,1039.1,138675
2021-04-08 09:16:02,1039.75,139432
2021-04-08 09:16:03,1039.0,140930
2021-04-08 09:16:04,1039.1,141371
2021-04-08 09:16:05,1039.6,141456
2021-04-08 09:16:05,1039.65,141498
2021-04-08 09:16:06,1039.05,141625
2021-04-08 09:16:07,1039.0,143858
2021-04-08 09:16:09,1038.95,144039
2021-04-08 09:16:10,1039.35,144748
2021-04-08 09:16:11,1038.5,145634
2021-04-08 09:16:12,1038.1,146360
2021-04-08 09:16:13,1037.3,146606
2021-04-08 09:16:13,1037.85,146609
2021-04-08 09:16:15,1037.3,146904
2021-04-08 09:16:16,1037.35,146937
2021-04-08 09:16:17,1037.3,147087
2021-04-08 09:16:18,1037.75,147223
2021-04-08 09:16:19,1038.0,147443
2021-04-08 09:16:20,1038.6,148390
2021-04-08 09:16:21,1039.0,148484
2021-04-08 09:16:22,1038.1,150647
2021-04-08 09:16:23,1038.85,150847
2021-04-08 09:16:24,1039.6,151402
2021-04-08 09:16:25,1039.4,151570
2021-04-08 09:16:26,1038.9,151838
2021-04-08 09:16:27,1039.05,153209
2021-04-08 09:16:28,1039.1,153488
2021-04-08 09:16:29,1039.15,153608
2021-04-08 09:16:30,1039.1,153747
2021-04-08 09:16:31,1039.5,153978
2021-04-08 09:16:32,1039.5,154100
2021-04-08 09:16:33,1039.5,154105
2021-04-08 09:16:34,1039.5,154117
2021-04-08 09:16:35,1039.5,154220
2021-04-08 09:16:35,1039.5,154220
2021-04-08 09:16:36,1039.55,154466
2021-04-08 09:16:37,1039.65,154727
2021-04-08 09:16:38,1039.7,154879
2021-04-08 09:16:39,1040.7,157173
2021-04-08 09:16:41,1040.55,157185
2021-04-08 09:16:42,1041.85,161245
2021-04-08 09:16:43,1041.1,161305
2021-04-08 09:16:44,1041.15,162707
2021-04-08 09:16:45,1040.75,164102
2021-04-08 09:16:46,1040.5,164793
2021-04-08 09:16:47,1041.45,165202
2021-04-08 09:16:47,1041.45,165185
2021-04-08 09:16:48,1040.95,165525
2021-04-08 09:16:49,1041.45,165705
2021-04-08 09:16:50,1041.45,165817
2021-04-08 09:16:51,1041.15,166613
2021-04-08 09:16:52,1041.55,166890
2021-04-08 09:16:53,1041.6,167086
2021-04-08 09:16:55,1041.6,167213
2021-04-08 09:16:56,1041.85,167283
2021-04-08 09:16:57,1042.2,167675
2021-04-08 09:16:58,1042.15,168129
2021-04-08 09:16:58,1042.2,168640
2021-04-08 09:16:59,1042.15,168950
2021-04-08 09:17:00,1041.7,169037
2021-04-08 09:17:01,1041.65,169139
2021-04-08 09:17:02,1042.1,169628
2021-04-08 09:17:03,1042.0,169791
2021-04-08 09:17:04,1042.0,169936
2021-04-08 09:17:05,1041.55,171393
2021-04-08 09:17:06,1041.25,171828
2021-04-08 09:17:08,1041.25,171990
2021-04-08 09:17:09,1041.35,172236
2021-04-08 09:17:10,1042.15,176408
2021-04-08 09:17:11,1042.15,176750
2021-04-08 09:17:12,1042.15,176929
2021-04-08 09:17:13,1041.8,177141
2021-04-08 09:17:14,1042.2,177442
2021-04-08 09:17:15,1042.0,177726
2021-04-08 09:17:16,1042.0,177899
2021-04-08 09:17:17,1042.0,178007
2021-04-08 09:17:18,1042.0,178776
2021-04-08 09:17:19,1042.2,179082
2021-04-08 09:17:20,1042.2,179372
2021-04-08 09:17:21,1042.2,182371
2021-04-08 09:17:22,1042.8,182576
2021-04-08 09:17:23,1042.2,182724
2021-04-08 09:17:24,1042.25,182810
2021-04-08 09:17:25,1042.7,182835
2021-04-08 09:17:26,1042.25,182845
2021-04-08 09:17:27,1042.7,182987
2021-04-08 09:17:28,1042.55,183113
2021-04-08 09:17:29,1042.65,183141
2021-04-08 09:17:30,1042.65,183141
2021-04-08 09:17:31,1042.25,183158
2021-04-08 09:17:32,1042.65,183212
2021-04-08 09:17:32,1042.65,183212
2021-04-08 09:17:33,1042.65,183324
2021-04-08 09:17:34,1042.35,183474
2021-04-08 09:17:35,1042.5,183916
2021-04-08 09:17:36,1042.5,183916
2021-04-08 09:17:37,1042.2,184184
2021-04-08 09:17:38,1042.2,184250
2021-04-08 09:17:39,1042.55,185483
2021-04-08 09:17:40,1042.5,185559
2021-04-08 09:17:41,1042.05,185855
2021-04-08 09:17:42,1042.5,186021
2021-04-08 09:17:43,1042.5,186167
2021-04-08 09:17:44,1042.5,186169
2021-04-08 09:17:45,1042.5,186170
2021-04-08 09:17:46,1042.5,186180
2021-04-08 09:17:47,1042.2,186182
2021-04-08 09:17:48,1041.95,186670
2021-04-08 09:17:49,1042.45,186773
2021-04-08 09:17:51,1042.65,187411
2021-04-08 09:17:52,1042.25,188447
2021-04-08 09:17:53,1042.7,188682
2021-04-08 09:17:54,1042.6,191469
2021-04-08 09:17:55,1042.6,191766
2021-04-08 09:17:56,1042.5,192227
2021-04-08 09:17:57,1043.05,192302
2021-04-08 09:17:58,1043.05,192397
2021-04-08 09:17:59,1042.55,192492
2021-04-08 09:18:01,1043.05,192636
2021-04-08 09:18:02,1043.1,193406
2021-04-08 09:18:03,1043.05,193483
2021-04-08 09:18:04,1043.05,193504
2021-04-08 09:18:05,1043.05,193505
2021-04-08 09:18:06,1043.05,193560
2021-04-08 09:18:07,1043.05,193722
2021-04-08 09:18:08,1043.05,193824
2021-04-08 09:18:09,1043.05,194226
2021-04-08 09:18:10,1042.7,194726
2021-04-08 09:18:11,1043.05,194891
2021-04-08 09:18:12,1042.7,194922
2021-04-08 09:18:13,1043.05,194992
2021-04-08 09:18:14,1043.05,195994
2021-04-08 09:18:15,1043.55,196008
2021-04-08 09:18:16,1043.55,196056
2021-04-08 09:18:17,1043.55,196057
2021-04-08 09:18:18,1043.1,196075
2021-04-08 09:18:19,1043.1,196175
2021-04-08 09:18:20,1043.55,196193
2021-04-08 09:18:21,1043.25,196204
2021-04-08 09:18:22,1043.0,196337
2021-04-08 09:18:23,1043.0,196344
2021-04-08 09:18:24,1043.0,196539
2021-04-08 09:18:24,1042.85,196552
2021-04-08 09:18:25,1043.0,196927
2021-04-08 09:18:26,1042.85,196947
2021-04-08 09:18:27,1043.05,197486
2021-04-08 09:18:28,1042.85,197802
2021-04-08 09:18:30,1042.95,197841
2021-04-08 09:18:31,1043.45,197852
2021-04-08 09:18:32,1043.55,197957
2021-04-08 09:18:33,1043.1,198469
2021-04-08 09:18:34,1043.2,198539
2021-04-08 09:18:34,1043.55,198646
2021-04-08 09:18:36,1043.35,198774
2021-04-08 09:18:37,1043.55,199332
2021-04-08 09:18:38,1043.55,199408
2021-04-08 09:18:39,1043.55,199411
2021-04-08 09:18:40,1043.3,199416
2021-04-08 09:18:41,1043.5,200145
2021-04-08 09:18:42,1043.55,200229
2021-04-08 09:18:43,1043.35,200267
2021-04-08 09:18:44,1043.5,200298
2021-04-08 09:18:45,1043.5,201615
2021-04-08 09:18:46,1043.2,201713
2021-04-08 09:18:47,1043.5,201728
2021-04-08 09:18:48,1043.05,201988
2021-04-08 09:18:49,1043.35,202038
2021-04-08 09:18:50,1043.35,202052
2021-04-08 09:18:51,1043.05,202145
2021-04-08 09:18:52,1043.35,202152
2021-04-08 09:18:53,1043.2,202162
2021-04-08 09:18:54,1043.35,202190
2021-04-08 09:18:55,1043.2,202302
2021-04-08 09:18:56,1043.35,202434
2021-04-08 09:18:57,1043.25,202591
2021-04-08 09:18:58,1043.05,202895
2021-04-08 09:18:59,1043.35,202935
2021-04-08 09:19:00,1043.25,203416
2021-04-08 09:19:01,1043.5,208031
2021-04-08 09:19:02,1043.1,208169
2021-04-08 09:19:03,1042.95,208184
2021-04-08 09:19:04,1042.95,208919
2021-04-08 09:19:05,1043.35,208950
2021-04-08 09:19:06,1043.3,209511
2021-04-08 09:19:07,1043.25,209954
2021-04-08 09:19:08,1042.6,210132
2021-04-08 09:19:09,1042.35,210156
2021-04-08 09:19:10,1042.0,212930
2021-04-08 09:19:11,1042.0,213145
2021-04-08 09:19:12,1041.65,213316
2021-04-08 09:19:13,1041.65,213492
2021-04-08 09:19:14,1042.2,213617
2021-04-08 09:19:15,1042.2,213617
2021-04-08 09:19:16,1042.0,213667
2021-04-08 09:19:17,1042.1,213700
2021-04-08 09:19:18,1042.2,214366
2021-04-08 09:19:19,1041.8,214612
2021-04-08 09:19:20,1041.85,215351
2021-04-08 09:19:21,1041.8,219253
2021-04-08 09:19:22,1042.7,223436
2021-04-08 09:19:23,1042.35,223796
2021-04-08 09:19:24,1042.4,223922
2021-04-08 09:19:25,1042.85,223978
2021-04-08 09:19:26,1042.4,224046
2021-04-08 09:19:27,1042.85,224367
2021-04-08 09:19:28,1042.25,225966
2021-04-08 09:19:29,1042.8,225982
2021-04-08 09:19:30,1042.8,225992
2021-04-08 09:19:31,1042.35,226131
2021-04-08 09:19:32,1042.85,227214
2021-04-08 09:19:33,1043.35,229029
2021-04-08 09:19:34,1043.9,229373
2021-04-08 09:19:35,1043.5,229472
2021-04-08 09:19:37,1043.85,230176
2021-04-08 09:19:38,1043.45,230398
2021-04-08 09:19:38,1043.45,230405
2021-04-08 09:19:39,1043.45,230416
2021-04-08 09:19:40,1044.15,230566
2021-04-08 09:19:41,1044.2,230602
2021-04-08 09:19:43,1043.65,230946
2021-04-08 09:19:44,1043.65,230985
2021-04-08 09:19:45,1044.0,231185
2021-04-08 09:19:46,1043.95,231231
2021-04-08 09:19:47,1043.7,231454
2021-04-08 09:19:48,1044.4,231799
2021-04-08 09:19:49,1044.8,233080
2021-04-08 09:19:50,1044.75,233428
2021-04-08 09:19:51,1044.15,233484
2021-04-08 09:19:52,1044.8,234478
2021-04-08 09:19:53,1044.8,234649
2021-04-08 09:19:54,1044.8,234653
2021-04-08 09:19:54,1044.8,234653
2021-04-08 09:19:55,1044.4,235160
2021-04-08 09:19:57,1044.4,235239
2021-04-08 09:19:58,1044.4,235358
2021-04-08 09:19:59,1044.15,235360
2021-04-08 09:20:00,1044.6,235365
2021-04-08 09:20:01,1044.6,235458
2021-04-08 09:20:02,1045.5,236549
2021-04-08 09:20:03,1045.1,236625
2021-04-08 09:20:04,1045.0,236827
2021-04-08 09:20:05,1045.0,236959
2021-04-08 09:20:06,1045.4,237068
2021-04-08 09:20:07,1045.3,237405
2021-04-08 09:20:07,1045.8,237958
2021-04-08 09:20:08,1045.25,238720
2021-04-08 09:20:09,1045.8,238724
2021-04-08 09:20:11,1045.5,238778
2021-04-08 09:20:12,1045.8,238840
2021-04-08 09:20:13,1045.65,241489
2021-04-08 09:20:14,1045.8,241859
2021-04-08 09:20:15,1046.0,241940
2021-04-08 09:20:16,1046.05,244975
2021-04-08 09:20:17,1046.35,246347
2021-04-08 09:20:18,1045.95,246521
2021-04-08 09:20:19,1045.85,246679
2021-04-08 09:20:20,1046.15,246915
2021-04-08 09:20:21,1046.4,246994
2021-04-08 09:20:22,1046.2,247220
2021-04-08 09:20:23,1046.4,247359
2021-04-08 09:20:24,1046.4,247601
2021-04-08 09:20:25,1046.35,247751
2021-04-08 09:20:26,1046.35,247751
2021-04-08 09:20:27,1045.9,248430
2021-04-08 09:20:28,1045.9,248509
2021-04-08 09:20:29,1045.9,248665
2021-04-08 09:20:30,1045.65,248861
2021-04-08 09:20:31,1045.2,250722
2021-04-08 09:20:32,1044.6,250744
2021-04-08 09:20:33,1044.95,250876
2021-04-08 09:20:34,1045.1,250995
2021-04-08 09:20:35,1044.45,251100
2021-04-08 09:20:36,1044.8,251235
2021-04-08 09:20:37,1044.5,251328
2021-04-08 09:20:38,1044.5,251385
2021-04-08 09:20:39,1044.5,251517
2021-04-08 09:20:40,1044.75,251531
2021-04-08 09:20:41,1044.75,251784
2021-04-08 09:20:42,1044.5,251900
2021-04-08 09:20:43,1044.7,251945
2021-04-08 09:20:44,1044.7,252065
2021-04-08 09:20:45,1044.15,252078
2021-04-08 09:20:46,1044.5,252179
2021-04-08 09:20:47,1044.05,252670
2021-04-08 09:20:48,1044.3,252900
2021-04-08 09:20:49,1044.25,253950
2021-04-08 09:20:50,1044.25,254100
2021-04-08 09:20:51,1044.05,254133
2021-04-08 09:20:52,1043.85,254336
2021-04-08 09:20:53,1044.05,254371
2021-04-08 09:20:54,1044.05,254372
2021-04-08 09:20:55,1043.75,254498
2021-04-08 09:20:56,1043.55,254654
2021-04-08 09:20:57,1043.95,254906
2021-04-08 09:20:58,1043.85,254911
2021-04-08 09:20:59,1043.85,255017
2021-04-08 09:21:00,1043.25,256046
2021-04-08 09:21:01,1043.85,256078
2021-04-08 09:21:03,1043.55,256223
2021-04-08 09:21:02,1043.55,256223
2021-04-08 09:21:04,1043.75,256331
2021-04-08 09:21:05,1043.45,256439
2021-04-08 09:21:06,1043.3,256445
2021-04-08 09:21:07,1043.45,256447
2021-04-08 09:21:08,1043.05,256462
2021-04-08 09:21:09,1043.0,256467
2021-04-08 09:21:10,1043.45,256475
2021-04-08 09:21:11,1043.45,256476
2021-04-08 09:21:12,1043.1,256496
2021-04-08 09:21:13,1043.4,256609
2021-04-08 09:21:14,1043.4,256609
2021-04-08 09:21:15,1043.6,257624
2021-04-08 09:21:16,1043.45,257687
2021-04-08 09:21:17,1043.45,257841
2021-04-08 09:21:18,1043.45,257951
2021-04-08 09:21:20,1043.45,258023
2021-04-08 09:21:21,1043.45,258040
2021-04-08 09:21:22,1043.35,258108
2021-04-08 09:21:23,1043.7,258214
2021-04-08 09:21:24,1043.95,258873
2021-04-08 09:21:25,1043.7,258930
2021-04-08 09:21:26,1043.95,260048
2021-04-08 09:21:27,1043.95,260245
2021-04-08 09:21:28,1043.9,260253
2021-04-08 09:21:29,1044.0,260449
2021-04-08 09:21:30,1044.05,260502
2021-04-08 09:21:31,1044.55,260603
2021-04-08 09:21:32,1044.0,260905
2021-04-08 09:21:33,1044.0,260917
2021-04-08 09:21:34,1044.4,261032
2021-04-08 09:21:35,1044.0,263087
2021-04-08 09:21:36,1044.55,263113
2021-04-08 09:21:37,1044.55,263114
2021-04-08 09:21:38,1044.55,263175
2021-04-08 09:21:39,1044.15,263333
2021-04-08 09:21:40,1044.55,263334
2021-04-08 09:21:41,1044.15,263451
2021-04-08 09:21:42,1044.15,263504
2021-04-08 09:21:43,1044.55,263525
2021-04-08 09:21:44,1044.15,263771
2021-04-08 09:21:46,1044.15,263771
2021-04-08 09:21:45,1044.15,263771
2021-04-08 09:21:47,1044.1,263893
2021-04-08 09:21:48,1044.5,264014
2021-04-08 09:21:49,1044.5,264114
2021-04-08 09:21:50,1044.15,264159
2021-04-08 09:21:51,1044.0,275440
2021-04-08 09:21:52,1044.15,275552
2021-04-08 09:21:54,1044.0,276113
2021-04-08 09:21:55,1043.55,277537
2021-04-08 09:21:56,1043.55,277537
2021-04-08 09:21:57,1044.0,277803
2021-04-08 09:21:58,1043.85,277922
2021-04-08 09:21:59,1043.85,277923
2021-04-08 09:22:00,1043.8,278006
2021-04-08 09:22:01,1043.25,278224
2021-04-08 09:22:02,1043.55,278235
2021-04-08 09:22:03,1043.0,278406
2021-04-08 09:22:04,1043.5,278506
2021-04-08 09:22:05,1043.35,278618
2021-04-08 09:22:06,1043.0,278931
2021-04-08 09:22:07,1043.0,278931
2021-04-08 09:22:08,1043.0,279001
2021-04-08 09:22:09,1043.0,279005
2021-04-08 09:22:10,1043.0,279164
2021-04-08 09:22:11,1043.2,279174
2021-04-08 09:22:12,1043.0,279182
2021-04-08 09:22:13,1043.0,279183
2021-04-08 09:22:14,1043.2,279211
2021-04-08 09:22:15,1043.2,279236
2021-04-08 09:22:16,1043.2,279381
2021-04-08 09:22:17,1043.2,279381
2021-04-08 09:22:18,1043.0,279981
2021-04-08 09:22:20,1043.55,281234
2021-04-08 09:22:21,1044.0,281248
2021-04-08 09:22:22,1043.95,281251
2021-04-08 09:22:23,1043.95,281265
2021-04-08 09:22:24,1043.75,281279
2021-04-08 09:22:25,1044.35,282047
2021-04-08 09:22:26,1044.5,282316
2021-04-08 09:22:27,1044.1,282317
2021-04-08 09:22:28,1045.0,282560
2021-04-08 09:22:30,1044.5,282822
2021-04-08 09:22:29,1045.0,282812
2021-04-08 09:22:31,1044.5,283847
2021-04-08 09:22:32,1044.3,284049
2021-04-08 09:22:33,1045.0,285546
2021-04-08 09:22:35,1045.0,285726
2021-04-08 09:22:36,1044.65,288336
2021-04-08 09:22:37,1045.0,288636
2021-04-08 09:22:38,1044.6,291739
2021-04-08 09:22:38,1044.6,291739
2021-04-08 09:22:39,1044.45,291814
2021-04-08 09:22:40,1044.55,291860
2021-04-08 09:22:41,1044.5,292160
2021-04-08 09:22:43,1044.05,292277
2021-04-08 09:22:44,1044.05,292277
2021-04-08 09:22:44,1044.7,292377
2021-04-08 09:22:45,1044.65,292403
2021-04-08 09:22:46,1044.5,292465
2021-04-08 09:22:47,1045.0,292846
2021-04-08 09:22:48,1045.0,292846
2021-04-08 09:22:49,1045.6,293461
2021-04-08 09:22:50,1045.2,293494
2021-04-08 09:22:52,1045.6,294020
2021-04-08 09:22:52,1045.6,294020
2021-04-08 09:22:53,1045.15,294130
2021-04-08 09:22:54,1045.75,294230
2021-04-08 09:22:55,1045.25,294382
2021-04-08 09:22:56,1045.35,294885
2021-04-08 09:22:57,1045.6,294984
2021-04-08 09:22:58,1045.0,295099
2021-04-08 09:22:59,1044.8,295511
2021-04-08 09:23:00,1045.05,296293
2021-04-08 09:23:01,1045.35,296549
2021-04-08 09:23:02,1044.45,298805
2021-04-08 09:23:03,1044.25,298863
2021-04-08 09:23:04,1044.45,298978
2021-04-08 09:23:06,1044.45,299034
2021-04-08 09:23:06,1044.45,299034
2021-04-08 09:23:07,1044.1,299638
2021-04-08 09:23:08,1044.05,299705
2021-04-08 09:23:09,1044.0,299869
2021-04-08 09:23:10,1043.7,299955
2021-04-08 09:23:11,1043.7,299955
2021-04-08 09:23:13,1043.0,301047
2021-04-08 09:23:14,1043.55,301393
2021-04-08 09:23:14,1043.3,301394
2021-04-08 09:23:15,1043.55,301496
2021-04-08 09:23:16,1043.25,301506
2021-04-08 09:23:17,1043.55,301706
2021-04-08 09:23:18,1043.05,301943
2021-04-08 09:23:19,1043.0,301950
2021-04-08 09:23:20,1043.1,302070
2021-04-08 09:23:21,1043.2,302108
2021-04-08 09:23:23,1043.05,302852
2021-04-08 09:23:23,1043.05,302852
2021-04-08 09:23:24,1043.3,302880
2021-04-08 09:23:25,1043.3,302991
2021-04-08 09:23:26,1043.3,303061
2021-04-08 09:23:27,1043.3,303231
2021-04-08 09:23:28,1043.3,303281
2021-04-08 09:23:29,1042.65,303934
2021-04-08 09:23:30,1042.55,304547
2021-04-08 09:23:31,1043.05,304992
2021-04-08 09:23:32,1042.75,305160
2021-04-08 09:23:33,1043.2,305171
2021-04-08 09:23:35,1043.0,305182
2021-04-08 09:23:36,1043.0,305342
2021-04-08 09:23:37,1043.0,305342
2021-04-08 09:23:37,1043.0,305442
2021-04-08 09:23:38,1042.65,305552
2021-04-08 09:23:39,1043.4,308853
2021-04-08 09:23:40,1042.85,308854
2021-04-08 09:23:42,1042.8,308874
2021-04-08 09:23:43,1042.75,308954
2021-04-08 09:23:43,1042.9,308964
2021-04-08 09:23:44,1042.9,310587
2021-04-08 09:23:45,1042.3,310929
2021-04-08 09:23:46,1042.3,310929
2021-04-08 09:23:47,1042.3,310929
2021-04-08 09:23:48,1042.15,311741
2021-04-08 09:23:49,1042.65,311774
2021-04-08 09:23:50,1042.65,311787
2021-04-08 09:23:51,1042.15,311822
2021-04-08 09:23:53,1042.15,311847
2021-04-08 09:23:53,1042.15,311916
2021-04-08 09:23:54,1042.0,314470
2021-04-08 09:23:55,1042.6,314477
2021-04-08 09:23:56,1042.6,314477
2021-04-08 09:23:57,1042.25,314524
2021-04-08 09:23:58,1042.15,314850
2021-04-08 09:24:00,1042.15,314950
2021-04-08 09:24:00,1042.15,314950
2021-04-08 09:24:01,1042.45,319462
2021-04-08 09:24:02,1042.25,319484
2021-04-08 09:24:03,1042.25,319504
2021-04-08 09:24:04,1042.25,319504
2021-04-08 09:24:05,1042.15,319602
2021-04-08 09:24:06,1041.35,319800
2021-04-08 09:24:08,1042.0,319810
2021-04-08 09:24:09,1042.0,319825
2021-04-08 09:24:09,1042.0,319825
2021-04-08 09:24:10,1041.55,319838
2021-04-08 09:24:11,1041.95,319913
2021-04-08 09:24:12,1042.05,320543
2021-04-08 09:24:13,1041.95,320558
2021-04-08 09:24:14,1041.6,320583
2021-04-08 09:24:15,1042.0,321553
2021-04-08 09:24:17,1041.85,321699
2021-04-08 09:24:17,1041.85,321699
2021-04-08 09:24:18,1041.35,322061
2021-04-08 09:24:19,1041.3,322671
2021-04-08 09:24:20,1041.85,323191
2021-04-08 09:24:21,1041.85,323205
2021-04-08 09:24:22,1041.85,323255
2021-04-08 09:24:23,1041.6,323285
2021-04-08 09:24:25,1041.5,323288
2021-04-08 09:24:25,1041.5,323288
2021-04-08 09:24:26,1041.5,323288
2021-04-08 09:24:27,1041.5,323288
2021-04-08 09:24:28,1041.7,323608
2021-04-08 09:24:29,1041.7,323608
2021-04-08 09:24:30,1041.7,323810
2021-04-08 09:24:31,1042.0,323818
2021-04-08 09:24:32,1042.0,324009
2021-04-08 09:24:34,1041.95,324035
2021-04-08 09:24:35,1042.2,324092
2021-04-08 09:24:35,1042.2,324092
2021-04-08 09:24:36,1042.0,324098
2021-04-08 09:24:37,1042.0,324103
2021-04-08 09:24:38,1042.0,324749
2021-04-08 09:24:40,1042.25,324799
2021-04-08 09:24:41,1042.25,324814
2021-04-08 09:24:41,1042.0,324815
2021-04-08 09:24:42,1041.95,325019
2021-04-08 09:24:43,1042.25,325069
2021-04-08 09:24:44,1042.2,325210
2021-04-08 09:24:46,1041.4,326561
2021-04-08 09:24:47,1041.7,326811
2021-04-08 09:24:48,1041.3,326844
2021-04-08 09:24:49,1041.7,328168
2021-04-08 09:24:50,1041.7,328171
2021-04-08 09:24:50,1041.4,328314
2021-04-08 09:24:51,1041.7,328324
2021-04-08 09:24:52,1041.7,328437
2021-04-08 09:24:54,1041.7,328452
2021-04-08 09:24:55,1042.0,328931
2021-04-08 09:24:55,1042.0,328931
2021-04-08 09:24:56,1042.0,329025
2021-04-08 09:24:57,1041.95,329101
2021-04-08 09:24:59,1042.0,329123
2021-04-08 09:25:00,1042.0,329225
2021-04-08 09:25:00,1042.0,329225
2021-04-08 09:25:01,1042.0,329225
2021-04-08 09:25:02,1042.0,329235
2021-04-08 09:25:04,1042.35,329296
2021-04-08 09:25:05,1042.0,329503
2021-04-08 09:25:05,1041.5,329614
2021-04-08 09:25:06,1041.5,329614
2021-04-08 09:25:07,1041.6,329695
2021-04-08 09:25:09,1041.95,329747
2021-04-08 09:25:10,1042.0,330010
2021-04-08 09:25:10,1042.0,330010
2021-04-08 09:25:11,1042.05,330051
2021-04-08 09:25:12,1042.05,330096
2021-04-08 09:25:13,1042.6,330175
2021-04-08 09:25:14,1042.1,330470
2021-04-08 09:25:15,1042.8,330670
2021-04-08 09:25:16,1042.6,330780
2021-04-08 09:25:17,1042.15,330854
2021-04-08 09:25:18,1042.6,330881
2021-04-08 09:25:20,1042.6,330971
2021-04-08 09:25:21,1042.6,331035
2021-04-08 09:25:21,1042.6,331035
2021-04-08 09:25:22,1042.2,331047
2021-04-08 09:25:23,1042.6,331368
2021-04-08 09:25:24,1042.6,331368
2021-04-08 09:25:25,1042.8,331419
2021-04-08 09:25:27,1042.8,331496
2021-04-08 09:25:28,1043.05,331506
2021-04-08 09:25:28,1043.05,331506
2021-04-08 09:25:29,1043.05,331527
2021-04-08 09:25:30,1043.05,331527
2021-04-08 09:25:31,1043.2,331837
2021-04-08 09:25:32,1042.8,331841
2021-04-08 09:25:34,1043.2,331941
2021-04-08 09:25:35,1042.8,332046
2021-04-08 09:25:35,1042.8,332046
2021-04-08 09:25:36,1043.2,332048
2021-04-08 09:25:37,1042.8,332058
2021-04-08 09:25:38,1042.8,332115
2021-04-08 09:25:39,1042.8,332198
2021-04-08 09:25:40,1042.8,332946
2021-04-08 09:25:42,1043.2,333026
2021-04-08 09:25:43,1043.2,333026
2021-04-08 09:25:44,1043.3,333176
2021-04-08 09:25:45,1043.15,333350
2021-04-08 09:25:46,1043.05,333353
2021-04-08 09:25:47,1043.05,333732
2021-04-08 09:25:48,1043.1,333786
2021-04-08 09:25:49,1043.05,333805
2021-04-08 09:25:49,1043.05,333809
2021-04-08 09:25:50,1042.8,333862
2021-04-08 09:25:51,1042.8,333862
2021-04-08 09:25:52,1042.8,333862
2021-04-08 09:25:53,1042.8,333862
2021-04-08 09:25:54,1042.8,333862
2021-04-08 09:25:55,1043.2,334422
2021-04-08 09:25:56,1043.2,334422
2021-04-08 09:25:58,1042.7,334482
2021-04-08 09:25:59,1042.7,334603
2021-04-08 09:25:59,1042.65,334613
2021-04-08 09:26:00,1042.65,334613
2021-04-08 09:26:01,1042.75,334648
2021-04-08 09:26:02,1042.75,334902
2021-04-08 09:26:04,1042.85,335016
2021-04-08 09:26:05,1042.8,335101
2021-04-08 09:26:05,1043.0,335218
2021-04-08 09:26:06,1043.0,335218
2021-04-08 09:26:07,1042.8,335269
2021-04-08 09:26:08,1042.6,335287
2021-04-08 09:26:10,1042.75,335288
2021-04-08 09:26:11,1042.75,335449
2021-04-08 09:26:12,1042.75,335461
2021-04-08 09:26:12,1042.75,335466
2021-04-08 09:26:13,1042.2,335739
2021-04-08 09:26:14,1042.2,335739
2021-04-08 09:26:15,1042.2,335794
2021-04-08 09:26:17,1042.65,335844
2021-04-08 09:26:18,1042.65,335844
2021-04-08 09:26:19,1042.4,335862
2021-04-08 09:26:20,1042.4,335862
2021-04-08 09:26:21,1042.75,336196
2021-04-08 09:26:22,1042.25,336314
2021-04-08 09:26:23,1042.75,336414
2021-04-08 09:26:24,1042.6,336537
2021-04-08 09:26:24,1042.6,336537
2021-04-08 09:26:25,1041.7,340464
2021-04-08 09:26:26,1041.7,340464
2021-04-08 09:26:27,1041.6,340512
2021-04-08 09:26:29,1041.7,340527
2021-04-08 09:26:30,1042.0,340572
2021-04-08 09:26:31,1042.0,340626
2021-04-08 09:26:32,1041.5,341469
2021-04-08 09:26:32,1041.5,341469
2021-04-08 09:26:33,1040.65,344714
2021-04-08 09:26:34,1040.65,344714
2021-04-08 09:26:35,1041.0,344877
2021-04-08 09:26:36,1041.0,344877
2021-04-08 09:26:37,1041.0,344877
2021-04-08 09:26:39,1040.95,344977
2021-04-08 09:26:40,1040.65,345077
2021-04-08 09:26:41,1040.35,345252
2021-04-08 09:26:42,1040.65,345584
2021-04-08 09:26:43,1040.5,345857
2021-04-08 09:26:44,1040.85,345862
2021-04-08 09:26:44,1040.85,345862
2021-04-08 09:26:45,1041.0,346604
2021-04-08 09:26:46,1040.7,347344
2021-04-08 09:26:47,1040.95,347474
2021-04-08 09:26:48,1040.95,347474
2021-04-08 09:26:49,1040.95,347505
2021-04-08 09:26:51,1040.6,347579
2021-04-08 09:26:52,1040.95,347665
2021-04-08 09:26:53,1040.95,347687
2021-04-08 09:26:54,1040.95,347687
2021-04-08 09:26:55,1040.9,347739
2021-04-08 09:26:56,1040.55,347744
2021-04-08 09:26:57,1040.9,347745
2021-04-08 09:26:58,1040.9,347995
2021-04-08 09:26:59,1040.8,348005
2021-04-08 09:27:00,1040.8,348005
2021-04-08 09:27:01,1040.85,348184
2021-04-08 09:27:02,1040.85,348184
2021-04-08 09:27:03,1040.5,348484
2021-04-08 09:27:04,1040.5,348484
2021-04-08 09:27:05,1040.85,348489
2021-04-08 09:27:05,1040.85,348489
2021-04-08 09:27:06,1040.6,348513
2021-04-08 09:27:07,1040.55,348573
2021-04-08 09:27:08,1040.5,348747
2021-04-08 09:27:09,1040.85,348847
2021-04-08 09:27:10,1040.85,348848
2021-04-08 09:27:11,1040.85,348859
2021-04-08 09:27:13,1040.85,348859
2021-04-08 09:27:14,1040.8,348880
2021-04-08 09:27:15,1040.95,350333
2021-04-08 09:27:16,1041.0,350343
2021-04-08 09:27:17,1041.0,350348
2021-04-08 09:27:18,1040.55,350404
2021-04-08 09:27:19,1041.05,350788
2021-04-08 09:27:20,1041.0,350821
2021-04-08 09:27:21,1040.7,350851
2021-04-08 09:27:22,1040.9,350961
2021-04-08 09:27:23,1040.9,351136
2021-04-08 09:27:24,1040.9,351266
2021-04-08 09:27:25,1041.3,351267
2021-04-08 09:27:25,1040.9,351277
2021-04-08 09:27:26,1041.0,351402
2021-04-08 09:27:27,1041.0,351402
2021-04-08 09:27:28,1041.0,351402
2021-04-08 09:27:29,1041.3,351403
2021-04-08 09:27:30,1041.1,351417
2021-04-08 09:27:32,1041.75,351608
2021-04-08 09:27:33,1041.75,351608
2021-04-08 09:27:34,1041.4,351609
2021-04-08 09:27:35,1041.65,352542
2021-04-08 09:27:36,1041.1,352603
2021-04-08 09:27:37,1041.1,352703
2021-04-08 09:27:38,1041.1,352703
2021-04-08 09:27:39,1041.35,352853
2021-04-08 09:27:39,1041.0,352753
2021-04-08 09:27:40,1041.35,352853
2021-04-08 09:27:42,1041.0,352993
2021-04-08 09:27:43,1041.35,353004
2021-04-08 09:27:44,1041.0,353010
2021-04-08 09:27:44,1041.0,353010
2021-04-08 09:27:45,1041.35,353227
2021-04-08 09:27:46,1041.0,353242
2021-04-08 09:27:47,1041.55,353372
2021-04-08 09:27:48,1041.55,353372
2021-04-08 09:27:49,1041.55,353372
2021-04-08 09:27:51,1041.5,353390
2021-04-08 09:27:52,1041.05,353432
2021-04-08 09:27:53,1041.05,353432
2021-04-08 09:27:54,1041.0,354413
2021-04-08 09:27:55,1041.0,354413
2021-04-08 09:27:56,1041.2,354685
2021-04-08 09:27:57,1041.2,354783
2021-04-08 09:27:58,1041.2,354786
2021-04-08 09:27:59,1041.2,354900
2021-04-08 09:27:59,1041.2,354920
2021-04-08 09:28:00,1040.75,354960
2021-04-08 09:28:01,1041.05,355011
2021-04-08 09:28:03,1041.35,355141
2021-04-08 09:28:04,1041.35,355151
2021-04-08 09:28:05,1041.35,355151
2021-04-08 09:28:06,1041.35,355171
2021-04-08 09:28:07,1041.2,355429
2021-04-08 09:28:08,1041.2,355490
2021-04-08 09:28:09,1041.35,355623
2021-04-08 09:28:09,1041.35,355623
2021-04-08 09:28:10,1041.2,355629
2021-04-08 09:28:11,1041.2,355706
2021-04-08 09:28:13,1041.1,355730
2021-04-08 09:28:14,1041.35,355952
2021-04-08 09:28:15,1041.35,355961
2021-04-08 09:28:16,1041.2,355968
2021-04-08 09:28:17,1041.1,356636
2021-04-08 09:28:18,1041.2,356646
2021-04-08 09:28:19,1041.2,356656
2021-04-08 09:28:20,1041.2,356771
2021-04-08 09:28:20,1041.2,356772
2021-04-08 09:28:21,1041.1,356911
2021-04-08 09:28:22,1041.1,356943
2021-04-08 09:28:23,1041.1,357044
2021-04-08 09:28:25,1041.1,357130
2021-04-08 09:28:26,1041.1,357130
2021-04-08 09:28:27,1041.05,357440
2021-04-08 09:28:28,1041.05,357534
2021-04-08 09:28:29,1040.7,357596
2021-04-08 09:28:30,1041.05,357597
2021-04-08 09:28:31,1041.05,357607
2021-04-08 09:28:32,1040.6,357632
2021-04-08 09:28:32,1040.6,357632
2021-04-08 09:28:33,1040.6,357632
2021-04-08 09:28:35,1041.0,357836
2021-04-08 09:28:36,1040.5,358012
2021-04-08 09:28:37,1041.0,358129
2021-04-08 09:28:37,1041.0,358129
2021-04-08 09:28:38,1040.55,358449
2021-04-08 09:28:39,1041.0,358512
2021-04-08 09:28:41,1041.0,358512
2021-04-08 09:28:42,1041.1,358532
2021-04-08 09:28:43,1040.8,358642
2021-04-08 09:28:43,1040.6,358654
2021-04-08 09:28:44,1040.6,358654
2021-04-08 09:28:46,1041.05,358785
2021-04-08 09:28:47,1041.05,358785
2021-04-08 09:28:48,1040.6,358795
2021-04-08 09:28:49,1041.1,358938
2021-04-08 09:28:50,1041.0,359050
2021-04-08 09:28:51,1040.6,359200
2021-04-08 09:28:52,1041.1,359300
2021-04-08 09:28:52,1041.1,359300
2021-04-08 09:28:53,1041.0,359560
2021-04-08 09:28:55,1040.85,359640
2021-04-08 09:28:56,1040.85,359709
2021-04-08 09:28:57,1040.85,359709
2021-04-08 09:28:58,1040.65,359767
2021-04-08 09:28:58,1040.65,359767
2021-04-08 09:28:59,1040.85,359867
2021-04-08 09:29:00,1040.85,359872
2021-04-08 09:29:02,1040.85,359872
2021-04-08 09:29:03,1040.85,359883
2021-04-08 09:29:04,1040.6,359923
2021-04-08 09:29:05,1041.0,360472
2021-04-08 09:29:06,1041.0,360477
2021-04-08 09:29:07,1041.0,360477
2021-04-08 09:29:08,1041.1,360502
2021-04-08 09:29:09,1041.05,360908
2021-04-08 09:29:10,1041.05,360909
2021-04-08 09:29:11,1040.6,362068
2021-04-08 09:29:11,1040.6,362068
2021-04-08 09:29:13,1040.7,362083
2021-04-08 09:29:14,1040.7,362084
2021-04-08 09:29:15,1040.7,362084
2021-04-08 09:29:16,1040.55,362114
2021-04-08 09:29:17,1040.55,362114
2021-04-08 09:29:18,1040.7,362508
2021-04-08 09:29:19,1040.6,362526
2021-04-08 09:29:20,1041.0,363136
2021-04-08 09:29:21,1041.1,363146
2021-04-08 09:29:22,1041.1,363624
2021-04-08 09:29:23,1041.4,363627
2021-04-08 09:29:23,1041.4,363627
2021-04-08 09:29:24,1040.85,363847
2021-04-08 09:29:25,1040.85,363847
2021-04-08 09:29:27,1040.85,363847
2021-04-08 09:29:28,1041.1,364074
2021-04-08 09:29:29,1041.15,364076
2021-04-08 09:29:30,1041.1,364126
2021-04-08 09:29:31,1041.35,364152
2021-04-08 09:29:32,1041.35,364152
2021-04-08 09:29:33,1041.1,364371
2021-04-08 09:29:34,1041.1,364413
2021-04-08 09:29:34,1041.1,364413
2021-04-08 09:29:35,1041.1,364413
2021-04-08 09:29:37,1041.95,365013
2021-04-08 09:29:39,1041.35,365023
2021-04-08 09:29:40,1041.3,365112
2021-04-08 09:29:41,1041.5,365142
2021-04-08 09:29:42,1041.5,365142
2021-04-08 09:29:43,1041.3,365143
2021-04-08 09:29:44,1041.5,365347
2021-04-08 09:29:45,1041.9,365627
2021-04-08 09:29:46,1041.4,365672
2021-04-08 09:29:46,1041.4,365677
2021-04-08 09:29:47,1041.4,365677
2021-04-08 09:29:48,1041.85,365882
2021-04-08 09:29:50,1041.85,365882
2021-04-08 09:29:51,1041.75,365895
2021-04-08 09:29:52,1041.75,365919
2021-04-08 09:29:53,1041.4,365959
2021-04-08 09:29:54,1041.75,365989
2021-04-08 09:29:55,1041.4,366014
2021-04-08 09:29:55,1041.35,366203
2021-04-08 09:29:56,1041.65,366258
2021-04-08 09:29:57,1041.7,366418
2021-04-08 09:29:58,1041.7,366418
2021-04-08 09:29:59,1041.6,366460
2021-04-08 09:30:01,1041.35,366501
2021-04-08 09:30:02,1041.3,366562
2021-04-08 09:30:03,1041.35,366586
2021-04-08 09:30:04,1041.35,367086
2021-04-08 09:30:05,1041.35,367216
2021-04-08 09:30:06,1041.05,367389
2021-04-08 09:30:07,1041.0,367441
2021-04-08 09:30:08,1041.2,367476
2021-04-08 09:30:09,1041.2,367621
2021-04-08 09:30:09,1041.2,367621
2021-04-08 09:30:11,1041.0,368083
2021-04-08 09:30:12,1041.0,368290
2021-04-08 09:30:13,1041.1,368327
2021-04-08 09:30:14,1041.1,368409
2021-04-08 09:30:15,1041.1,368441
2021-04-08 09:30:16,1041.0,369376
2021-04-08 09:30:17,1041.0,369689
2021-04-08 09:30:18,1040.55,369769
2021-04-08 09:30:19,1040.55,369876
2021-04-08 09:30:20,1040.7,370114
2021-04-08 09:30:21,1040.5,370401
2021-04-08 09:30:22,1040.5,370424
2021-04-08 09:30:22,1040.5,370524
2021-04-08 09:30:24,1040.5,371623
2021-04-08 09:30:25,1040.5,371736
2021-04-08 09:30:26,1040.6,371888
2021-04-08 09:30:27,1040.5,372131
2021-04-08 09:30:28,1040.25,372182
2021-04-08 09:30:29,1040.5,372184
2021-04-08 09:30:30,1040.5,372317
2021-04-08 09:30:30,1040.5,372317
2021-04-08 09:30:32,1040.5,372322
2021-04-08 09:30:33,1040.3,372356
2021-04-08 09:30:34,1040.25,372407
2021-04-08 09:30:35,1040.3,372572
2021-04-08 09:30:36,1040.3,372802
2021-04-08 09:30:37,1040.1,372958
2021-04-08 09:30:37,1040.1,372958
2021-04-08 09:30:38,1040.05,373200
2021-04-08 09:30:39,1040.0,374249
2021-04-08 09:30:41,1040.0,374249
2021-04-08 09:30:42,1040.0,374259
2021-04-08 09:30:43,1040.05,374301
2021-04-08 09:30:44,1040.05,374302
2021-04-08 09:30:45,1040.0,374699
2021-04-08 09:30:46,1040.0,374801
2021-04-08 09:30:46,1040.0,374801
2021-04-08 09:30:48,1040.0,375228
2021-04-08 09:30:49,1040.0,375320
2021-04-08 09:30:50,1040.05,376050
2021-04-08 09:30:51,1040.05,376240
2021-04-08 09:30:52,1040.1,376243
2021-04-08 09:30:52,1040.05,376343
2021-04-08 09:30:54,1040.0,376458
2021-04-08 09:30:55,1039.5,387603
2021-04-08 09:30:56,1039.5,387763
2021-04-08 09:30:58,1039.85,388063
2021-04-08 09:30:57,1039.85,388063
2021-04-08 09:30:59,1039.8,388098
2021-04-08 09:31:00,1039.25,388400
2021-04-08 09:31:01,1039.25,388441
2021-04-08 09:31:02,1039.2,388536
2021-04-08 09:31:03,1039.5,389164
2021-04-08 09:31:04,1039.5,389164
2021-04-08 09:31:05,1039.55,389619
2021-04-08 09:31:06,1039.95,390139
2021-04-08 09:31:07,1041.05,394130
2021-04-08 09:31:08,1041.1,394236
2021-04-08 09:31:09,1041.1,394287
2021-04-08 09:31:10,1041.1,394287
2021-04-08 09:31:11,1041.1,394297
2021-04-08 09:31:12,1041.1,394297
2021-04-08 09:31:13,1040.8,394319
2021-04-08 09:31:14,1040.8,394351
2021-04-08 09:31:16,1040.8,394358
2021-04-08 09:31:15,1040.8,394358
2021-04-08 09:31:17,1040.8,394358
2021-04-08 09:31:18,1040.7,394561
2021-04-08 09:31:19,1040.7,394561
2021-04-08 09:31:20,1040.9,394660
2021-04-08 09:31:21,1041.2,395670
2021-04-08 09:31:22,1041.2,395670
2021-04-08 09:31:23,1040.7,395676
2021-04-08 09:31:24,1040.4,395808
2021-04-08 09:31:25,1040.9,395818
2021-04-08 09:31:26,1040.9,395818
2021-04-08 09:31:27,1040.8,395824
2021-04-08 09:31:28,1040.8,395824
2021-04-08 09:31:29,1040.5,395825
2021-04-08 09:31:30,1040.8,396037
2021-04-08 09:31:31,1040.8,396037
2021-04-08 09:31:32,1040.4,396074
2021-04-08 09:31:33,1040.4,396089
2021-04-08 09:31:34,1040.4,396089
2021-04-08 09:31:35,1040.4,396089
2021-04-08 09:31:36,1040.4,396089
2021-04-08 09:31:37,1040.65,396131
2021-04-08 09:31:38,1040.65,396152
2021-04-08 09:31:40,1040.4,396222
2021-04-08 09:31:39,1040.4,396192
2021-04-08 09:31:41,1040.45,396327
2021-04-08 09:31:42,1040.4,396700
2021-04-08 09:31:43,1040.3,396715
2021-04-08 09:31:44,1040.3,396876
2021-04-08 09:31:45,1040.3,396876
2021-04-08 09:31:46,1040.05,396991
2021-04-08 09:31:47,1040.05,396999
2021-04-08 09:31:48,1040.3,397019
2021-04-08 09:31:49,1040.3,397062
2021-04-08 09:31:50,1040.3,397085
2021-04-08 09:31:51,1040.3,397085
2021-04-08 09:31:52,1040.3,397085
2021-04-08 09:31:53,1040.05,397196
2021-04-08 09:31:54,1040.1,397246
2021-04-08 09:31:55,1040.3,397361
2021-04-08 09:31:56,1040.3,397361
2021-04-08 09:31:57,1040.05,397393
2021-04-08 09:31:58,1040.3,397410
2021-04-08 09:31:59,1040.3,397410
2021-04-08 09:32:00,1040.05,397526
2021-04-08 09:32:01,1040.2,398734
2021-04-08 09:32:03,1039.65,398888
2021-04-08 09:32:02,1040.05,398878
2021-04-08 09:32:04,1039.65,398913
2021-04-08 09:32:05,1039.6,399094
2021-04-08 09:32:06,1040.1,399247
2021-04-08 09:32:07,1040.1,399397
2021-04-08 09:32:08,1040.1,399406
2021-04-08 09:32:09,1040.1,399406
2021-04-08 09:32:10,1040.1,399421
2021-04-08 09:32:11,1040.1,399421
2021-04-08 09:32:12,1040.0,399521
2021-04-08 09:32:13,1039.55,400046
2021-04-08 09:32:14,1039.9,400096
2021-04-08 09:32:15,1039.9,400185
2021-04-08 09:32:16,1039.9,400385
2021-04-08 09:32:17,1039.4,400389
2021-04-08 09:32:18,1039.4,400389
2021-04-08 09:32:19,1039.9,400549
2021-04-08 09:32:20,1039.9,400607
2021-04-08 09:32:21,1039.3,400617
2021-04-08 09:32:22,1039.6,400767
2021-04-08 09:32:23,1039.5,400777
2021-04-08 09:32:24,1039.5,400777
2021-04-08 09:32:25,1039.5,400777
2021-04-08 09:32:26,1039.6,400787
2021-04-08 09:32:27,1039.9,401037
2021-04-08 09:32:28,1039.6,401091
2021-04-08 09:32:29,1039.6,401091
2021-04-08 09:32:30,1039.6,401091
2021-04-08 09:32:31,1039.6,401093
2021-04-08 09:32:32,1039.55,401098
2021-04-08 09:32:33,1039.55,401098
2021-04-08 09:32:34,1039.6,401099
2021-04-08 09:32:35,1039.6,401099
2021-04-08 09:32:36,1039.35,401399
2021-04-08 09:32:37,1039.3,401678
2021-04-08 09:32:38,1039.6,401890
2021-04-08 09:32:39,1039.6,401915
2021-04-08 09:32:40,1039.75,402415
2021-04-08 09:32:41,1039.35,402417
2021-04-08 09:32:42,1039.6,402428
2021-04-08 09:32:43,1039.35,402478
2021-04-08 09:32:44,1039.35,402478
2021-04-08 09:32:45,1039.6,402498
2021-04-08 09:32:46,1039.35,402518
2021-04-08 09:32:47,1039.4,403336
2021-04-08 09:32:48,1039.05,403356
2021-04-08 09:32:49,1039.5,403357
2021-04-08 09:32:50,1039.1,403493
2021-04-08 09:32:51,1039.05,403724
2021-04-08 09:32:53,1039.0,404049
2021-04-08 09:32:52,1039.0,404049
2021-04-08 09:32:54,1039.0,404141
2021-04-08 09:32:55,1039.0,404161
2021-04-08 09:32:56,1039.0,404823
2021-04-08 09:32:57,1038.55,406841
2021-04-08 09:32:58,1039.0,406843
2021-04-08 09:32:59,1038.5,407025
2021-04-08 09:33:00,1039.1,407508
2021-04-08 09:33:01,1039.0,407572
2021-04-08 09:33:02,1039.1,407697
2021-04-08 09:33:03,1039.0,407866
2021-04-08 09:33:04,1039.1,407900
2021-04-08 09:33:05,1039.05,408319
2021-04-08 09:33:07,1039.05,408319
2021-04-08 09:33:07,1039.05,408319
2021-04-08 09:33:08,1039.0,408424
2021-04-08 09:33:09,1039.0,408455
2021-04-08 09:33:10,1039.0,408516
2021-04-08 09:33:11,1038.55,408616
2021-04-08 09:33:12,1038.55,408632
2021-04-08 09:33:13,1038.55,408693
2021-04-08 09:33:14,1038.6,408698
2021-04-08 09:33:16,1038.55,408718
2021-04-08 09:33:16,1038.55,408816
2021-04-08 09:33:17,1039.0,408918
2021-04-08 09:33:18,1038.55,408928
2021-04-08 09:33:19,1038.55,408943
2021-04-08 09:33:20,1039.0,408981
2021-04-08 09:33:21,1039.0,409549
2021-04-08 09:33:22,1038.6,409654
2021-04-08 09:33:23,1038.55,409813
2021-04-08 09:33:25,1038.55,410014
2021-04-08 09:33:26,1038.55,410014
2021-04-08 09:33:27,1039.0,410029
2021-04-08 09:33:28,1038.55,410400
2021-04-08 09:33:29,1038.75,410931
2021-04-08 09:33:30,1038.75,410931
2021-04-08 09:33:31,1038.75,410931
2021-04-08 09:33:32,1039.1,411567
2021-04-08 09:33:32,1039.1,411567
2021-04-08 09:33:33,1038.8,412573
2021-04-08 09:33:34,1038.8,412576
2021-04-08 09:33:35,1038.8,412586
2021-04-08 09:33:37,1038.8,412586
2021-04-08 09:33:37,1038.8,412586
2021-04-08 09:33:38,1039.0,412591
2021-04-08 09:33:39,1039.0,412591
2021-04-08 09:33:40,1039.0,412591
2021-04-08 09:33:42,1039.0,412968
2021-04-08 09:33:43,1038.8,412989
2021-04-08 09:33:44,1038.8,413163
2021-04-08 09:33:44,1038.8,413163
2021-04-08 09:33:45,1038.8,413163
2021-04-08 09:33:46,1038.8,413283
2021-04-08 09:33:47,1038.8,413452
2021-04-08 09:33:48,1038.75,413477
2021-04-08 09:33:49,1038.75,413477
2021-04-08 09:33:50,1039.0,413516
2021-04-08 09:33:51,1039.0,413517
2021-04-08 09:33:52,1039.0,413517
2021-04-08 09:33:53,1039.0,413517
2021-04-08 09:33:54,1039.0,413517
2021-04-08 09:33:56,1038.75,414032
2021-04-08 09:33:57,1039.0,414232
2021-04-08 09:33:57,1039.0,414232
2021-04-08 09:33:58,1039.0,414312
2021-04-08 09:33:59,1039.0,414373
2021-04-08 09:34:01,1038.95,417909
2021-04-08 09:34:02,1038.95,417909
2021-04-08 09:34:03,1038.5,418197
2021-04-08 09:34:03,1038.4,418103
2021-04-08 09:34:04,1039.25,419284
2021-04-08 09:34:05,1039.25,419284
2021-04-08 09:34:06,1039.5,419359
2021-04-08 09:34:08,1039.15,419440
2021-04-08 09:34:08,1039.15,419440
2021-04-08 09:34:09,1039.5,419452
2021-04-08 09:34:10,1039.15,419553
2021-04-08 09:34:11,1039.1,419613
2021-04-08 09:34:12,1039.5,419996
2021-04-08 09:34:13,1039.5,419996
2021-04-08 09:34:14,1039.15,420098
2021-04-08 09:34:15,1039.15,420138
2021-04-08 09:34:16,1039.9,422438
2021-04-08 09:34:18,1039.75,422598
2021-04-08 09:34:18,1039.75,422598
2021-04-08 09:34:19,1039.75,422598
2021-04-08 09:34:20,1039.5,422611
2021-04-08 09:34:21,1039.5,422616
2021-04-08 09:34:22,1039.5,422617
2021-04-08 09:34:23,1039.5,422619
2021-04-08 09:34:24,1039.45,422635
2021-04-08 09:34:25,1039.7,422869
2021-04-08 09:34:26,1039.7,422869
2021-04-08 09:34:27,1039.15,422897
2021-04-08 09:34:28,1039.5,422898
2021-04-08 09:34:29,1039.15,423038
2021-04-08 09:34:30,1039.5,423164
2021-04-08 09:34:31,1039.6,423220
2021-04-08 09:34:32,1039.9,423230
2021-04-08 09:34:33,1039.9,423256
2021-04-08 09:34:34,1039.6,424292
2021-04-08 09:34:35,1039.6,424310
2021-04-08 09:34:36,1039.9,424320
2021-04-08 09:34:37,1039.6,424325
2021-04-08 09:34:38,1039.9,424943
2021-04-08 09:34:39,1039.7,425018
2021-04-08 09:34:40,1039.55,425216
2021-04-08 09:34:41,1039.55,425218
2021-04-08 09:34:42,1039.5,425241
2021-04-08 09:34:44,1039.5,425241
2021-04-08 09:34:44,1039.9,425248
2021-04-08 09:34:45,1039.4,425440
2021-04-08 09:34:46,1039.4,425440
2021-04-08 09:34:47,1039.7,425450
2021-04-08 09:34:48,1039.7,425450
2021-04-08 09:34:50,1039.7,425451
2021-04-08 09:34:51,1039.4,425475
2021-04-08 09:34:51,1039.5,425496
2021-04-08 09:34:52,1039.7,425650
2021-04-08 09:34:53,1039.7,425665
2021-04-08 09:34:54,1039.7,425665
2021-04-08 09:34:55,1039.7,425722
2021-04-08 09:34:56,1039.5,425868
2021-04-08 09:34:57,1039.5,425868
2021-04-08 09:34:58,1039.55,425869
2021-04-08 09:34:59,1039.7,425870
2021-04-08 09:35:00,1039.9,426130
2021-04-08 09:35:01,1039.9,426189
2021-04-08 09:35:02,1039.9,426189
2021-04-08 09:35:03,1039.55,426439
2021-04-08 09:35:04,1039.55,426439
2021-04-08 09:35:05,1039.9,426442
2021-04-08 09:35:06,1039.55,426471
2021-04-08 09:35:07,1040.1,427767
2021-04-08 09:35:08,1040.5,427945
2021-04-08 09:35:09,1040.0,427951
2021-04-08 09:35:11,1040.0,427966
2021-04-08 09:35:12,1040.1,427976
2021-04-08 09:35:12,1040.1,427976
2021-04-08 09:35:13,1040.1,427976
2021-04-08 09:35:14,1040.0,427987
2021-04-08 09:35:15,1040.05,428010
2021-04-08 09:35:16,1040.05,428105
2021-04-08 09:35:17,1040.1,428200
2021-04-08 09:35:18,1040.1,428550
2021-04-08 09:35:19,1040.35,428682
2021-04-08 09:35:20,1040.05,428697
2021-04-08 09:35:22,1040.35,428953
2021-04-08 09:35:23,1040.6,430165
2021-04-08 09:35:24,1040.6,430165
2021-04-08 09:35:25,1040.65,430268
2021-04-08 09:35:26,1040.65,430327
2021-04-08 09:35:27,1040.55,430355
2021-04-08 09:35:27,1040.55,430355
2021-04-08 09:35:28,1040.75,430602
2021-04-08 09:35:29,1041.0,430603
2021-04-08 09:35:30,1041.0,430888
2021-04-08 09:35:31,1040.95,430904
2021-04-08 09:35:33,1041.0,431030
2021-04-08 09:35:34,1041.0,431030
2021-04-08 09:35:35,1041.4,433555
2021-04-08 09:35:35,1041.4,433555
2021-04-08 09:35:36,1041.45,433557
2021-04-08 09:35:37,1042.3,434419
2021-04-08 09:35:38,1042.0,434844
2021-04-08 09:35:39,1042.5,434849
2021-04-08 09:35:40,1042.5,434859
2021-04-08 09:35:41,1042.5,434859
2021-04-08 09:35:43,1042.1,435055
2021-04-08 09:35:44,1042.3,435673
2021-04-08 09:35:45,1042.3,435681
2021-04-08 09:35:46,1042.7,435875
2021-04-08 09:35:47,1042.7,435875
2021-04-08 09:35:48,1043.0,436328
2021-04-08 09:35:49,1042.75,436436
2021-04-08 09:35:49,1042.75,436436
2021-04-08 09:35:50,1042.5,437074
2021-04-08 09:35:51,1043.0,437252
2021-04-08 09:35:52,1042.7,437402
2021-04-08 09:35:54,1043.0,437582
2021-04-08 09:35:55,1043.0,437627
2021-04-08 09:35:56,1043.0,439220
2021-04-08 09:35:57,1043.0,439751
2021-04-08 09:35:58,1043.0,439868
2021-04-08 09:35:59,1042.75,440264
2021-04-08 09:35:59,1043.0,440274
2021-04-08 09:36:00,1042.75,440284
2021-04-08 09:36:01,1042.7,440629
2021-04-08 09:36:02,1042.7,440640
2021-04-08 09:36:04,1043.0,441110
2021-04-08 09:36:05,1042.55,441967
2021-04-08 09:36:06,1042.6,442497
2021-04-08 09:36:06,1042.6,442497
2021-04-08 09:36:07,1043.0,442605
2021-04-08 09:36:08,1043.0,442605
2021-04-08 09:36:09,1042.55,442615
2021-04-08 09:36:10,1043.0,443002
2021-04-08 09:36:12,1043.2,443422
2021-04-08 09:36:13,1043.2,443432
2021-04-08 09:36:13,1043.2,443432
2021-04-08 09:36:14,1043.2,443705
2021-04-08 09:36:15,1043.0,443713
2021-04-08 09:36:16,1042.8,448822
2021-04-08 09:36:17,1042.75,448872
2021-04-08 09:36:18,1042.75,448942
2021-04-08 09:36:19,1042.5,448997
2021-04-08 09:36:20,1042.55,449021
2021-04-08 09:36:21,1042.6,449221
2021-04-08 09:36:23,1042.7,449701
2021-04-08 09:36:24,1042.05,450186
2021-04-08 09:36:24,1042.05,450186
2021-04-08 09:36:25,1041.45,451540
2021-04-08 09:36:26,1042.0,452054
2021-04-08 09:36:28,1042.4,452089
2021-04-08 09:36:29,1042.4,452089
2021-04-08 09:36:30,1042.1,452099
2021-04-08 09:36:31,1042.05,452205
2021-04-08 09:36:31,1042.05,452205
2021-04-08 09:36:32,1042.05,452205
2021-04-08 09:36:33,1042.5,452258
2021-04-08 09:36:34,1042.05,452342
2021-04-08 09:36:36,1042.4,452435
2021-04-08 09:36:37,1042.05,452437
2021-04-08 09:36:38,1042.05,452468
2021-04-08 09:36:38,1042.05,452469
2021-04-08 09:36:39,1042.05,452469
2021-04-08 09:36:40,1042.05,452469
2021-04-08 09:36:41,1042.05,452525
2021-04-08 09:36:43,1042.05,452670
2021-04-08 09:36:44,1042.05,452673
2021-04-08 09:36:45,1042.55,453257
2021-04-08 09:36:45,1042.45,453163
2021-04-08 09:36:46,1042.2,453757
2021-04-08 09:36:47,1042.55,453760
2021-04-08 09:36:48,1042.55,453766
2021-04-08 09:36:49,1042.55,454269
2021-04-08 09:36:50,1042.55,454282
2021-04-08 09:36:52,1042.55,454282
2021-04-08 09:36:53,1042.95,454782
2021-04-08 09:36:53,1042.95,454782
2021-04-08 09:36:54,1042.55,454834
2021-04-08 09:36:55,1042.4,454932
2021-04-08 09:36:56,1042.25,455172
2021-04-08 09:36:58,1042.85,455293
2021-04-08 09:36:59,1042.45,455323
2021-04-08 09:36:59,1042.45,455321
2021-04-08 09:37:00,1042.45,455323
2021-04-08 09:37:01,1042.5,455327
2021-04-08 09:37:03,1042.75,455331
2021-04-08 09:37:04,1042.9,455885
2021-04-08 09:37:04,1042.9,455885
2021-04-08 09:37:05,1042.85,455985
2021-04-08 09:37:06,1042.85,456040
2021-04-08 09:37:08,1042.9,456600
2021-04-08 09:37:09,1042.55,456604
2021-04-08 09:37:10,1042.9,456610
2021-04-08 09:37:11,1042.9,456610
2021-04-08 09:37:12,1042.55,456618
2021-04-08 09:37:12,1042.55,456618
2021-04-08 09:37:13,1042.9,456638
2021-04-08 09:37:14,1042.9,456638
2021-04-08 09:37:16,1042.9,456638
2021-04-08 09:37:17,1042.85,456658
2021-04-08 09:37:17,1042.85,456658
2021-04-08 09:37:18,1042.85,456751
2021-04-08 09:37:20,1042.85,456941
2021-04-08 09:37:21,1042.55,457306
2021-04-08 09:37:22,1042.8,458384
2021-04-08 09:37:22,1042.8,458384
2021-04-08 09:37:23,1042.8,458384
2021-04-08 09:37:25,1042.8,458404
2021-04-08 09:37:26,1042.25,458915
2021-04-08 09:37:27,1042.75,458925
2021-04-08 09:37:27,1042.25,458915
2021-04-08 09:37:28,1042.75,459101
2021-04-08 09:37:30,1042.75,459101
2021-04-08 09:37:31,1042.05,459201
2021-04-08 09:37:32,1042.6,459211
2021-04-08 09:37:32,1042.6,459211
2021-04-08 09:37:33,1042.6,459291
2021-04-08 09:37:35,1042.6,459335
2021-04-08 09:37:36,1042.6,459335
2021-04-08 09:37:37,1042.3,459378
2021-04-08 09:37:37,1042.3,459378
2021-04-08 09:37:38,1042.6,459509
2021-04-08 09:37:40,1042.6,459537
2021-04-08 09:37:41,1042.6,460598
2021-04-08 09:37:42,1042.45,460767
2021-04-08 09:37:43,1042.7,460867
2021-04-08 09:37:43,1042.7,460867
2021-04-08 09:37:44,1042.25,461068
2021-04-08 09:37:46,1042.35,461835
2021-04-08 09:37:47,1042.35,462129
2021-04-08 09:37:48,1042.35,462129
2021-04-08 09:37:49,1042.35,462132
2021-04-08 09:37:49,1042.35,462132
2021-04-08 09:37:50,1042.3,462155
2021-04-08 09:37:52,1042.25,462168
2021-04-08 09:37:53,1042.15,462177
2021-04-08 09:37:54,1042.1,462337
2021-04-08 09:37:54,1042.1,462337
2021-04-08 09:37:55,1042.1,462448
2021-04-08 09:37:57,1042.35,462812
2021-04-08 09:37:58,1042.35,462922
2021-04-08 09:37:59,1042.1,462972
2021-04-08 09:37:59,1042.1,462972
2021-04-08 09:38:00,1042.1,462997
2021-04-08 09:38:01,1042.1,462997
2021-04-08 09:38:03,1042.1,463065
2021-04-08 09:38:04,1042.1,463094
2021-04-08 09:38:05,1042.35,463179
2021-04-08 09:38:06,1042.15,463184
2021-04-08 09:38:07,1042.15,463184
2021-04-08 09:38:07,1042.15,463184
2021-04-08 09:38:08,1042.3,463268
2021-04-08 09:38:10,1042.15,463278
2021-04-08 09:38:11,1042.3,463284
2021-04-08 09:38:12,1042.15,463314
2021-04-08 09:38:13,1042.3,463589
2021-04-08 09:38:13,1042.3,463589
2021-04-08 09:38:14,1042.3,463592
2021-04-08 09:38:16,1042.3,463866
2021-04-08 09:38:17,1042.3,463866
2021-04-08 09:38:18,1042.25,463892
2021-04-08 09:38:18,1042.25,463892
2021-04-08 09:38:19,1042.25,463941
2021-04-08 09:38:21,1042.3,464136
2021-04-08 09:38:22,1042.25,464146
2021-04-08 09:38:23,1042.25,464187
2021-04-08 09:38:23,1042.25,464212
2021-04-08 09:38:24,1042.15,464402
2021-04-08 09:38:25,1042.15,464402
2021-04-08 09:38:27,1042.0,464432
2021-04-08 09:38:28,1042.3,464458
2021-04-08 09:38:29,1042.3,464458
2021-04-08 09:38:29,1042.3,464458
2021-04-08 09:38:30,1042.15,464478
2021-04-08 09:38:32,1042.15,464478
2021-04-08 09:38:33,1042.0,464487
2021-04-08 09:38:34,1042.0,464506
2021-04-08 09:38:34,1042.0,464506
2021-04-08 09:38:35,1042.15,464606
2021-04-08 09:38:36,1042.15,464634
2021-04-08 09:38:37,1042.0,464692
2021-04-08 09:38:39,1042.0,464692
2021-04-08 09:38:40,1042.0,465048
2021-04-08 09:38:41,1042.0,465063
2021-04-08 09:38:42,1042.15,465123
2021-04-08 09:38:42,1042.15,465123
2021-04-08 09:38:43,1042.0,465133
2021-04-08 09:38:44,1042.15,465149
2021-04-08 09:38:45,1042.0,465252
2021-04-08 09:38:47,1042.15,465547
2021-04-08 09:38:48,1042.15,465632
2021-04-08 09:38:49,1042.15,465732
2021-04-08 09:38:50,1042.2,465755
2021-04-08 09:38:50,1042.2,465755
2021-04-08 09:38:51,1042.15,465828
2021-04-08 09:38:52,1042.2,465994
2021-04-08 09:38:54,1042.65,467118
2021-04-08 09:38:55,1042.4,467618
2021-04-08 09:38:56,1042.4,467618
2021-04-08 09:38:57,1042.4,467618
2021-04-08 09:38:58,1042.55,467728
2021-04-08 09:38:58,1042.7,467628
2021-04-08 09:38:59,1042.7,467735
2021-04-08 09:39:00,1042.7,467735
2021-04-08 09:39:01,1042.55,467924
2021-04-08 09:39:03,1042.55,467924
2021-04-08 09:39:04,1042.55,467947
2021-04-08 09:39:05,1042.7,468183
2021-04-08 09:39:06,1042.8,468313
2021-04-08 09:39:06,1042.8,468312
2021-04-08 09:39:07,1042.55,468413
2021-04-08 09:39:09,1042.8,468420
2021-04-08 09:39:10,1042.5,468435
2021-04-08 09:39:11,1042.8,468535
2021-04-08 09:39:12,1042.55,468545
2021-04-08 09:39:12,1042.55,468545
2021-04-08 09:39:13,1042.5,468699
2021-04-08 09:39:14,1042.5,468710
2021-04-08 09:39:15,1042.75,468944
2021-04-08 09:39:16,1042.75,468994
2021-04-08 09:39:18,1042.3,469201
2021-04-08 09:39:19,1042.55,469328
2021-04-08 09:39:20,1042.75,469483
2021-04-08 09:39:21,1042.8,469861
2021-04-08 09:39:22,1042.75,469962
2021-04-08 09:39:23,1042.75,469995
2021-04-08 09:39:24,1042.8,470015
2021-04-08 09:39:24,1042.8,470015
2021-04-08 09:39:26,1042.9,470077
2021-04-08 09:39:27,1042.9,470077
2021-04-08 09:39:28,1042.9,470077
2021-04-08 09:39:29,1043.0,470102
2021-04-08 09:39:30,1043.0,470102
2021-04-08 09:39:31,1043.0,470102
2021-04-08 09:39:32,1043.0,470109
2021-04-08 09:39:32,1043.0,470109
2021-04-08 09:39:34,1043.0,470109
2021-04-08 09:39:35,1043.0,470119
2021-04-08 09:39:36,1043.0,470119
2021-04-08 09:39:37,1043.0,470119
2021-04-08 09:39:38,1042.8,470175
2021-04-08 09:39:38,1042.8,470175
2021-04-08 09:39:39,1042.9,470253
2021-04-08 09:39:41,1043.0,470319
2021-04-08 09:39:42,1043.0,470419
2021-04-08 09:39:43,1043.0,470426
2021-04-08 09:39:44,1043.0,470426
2021-04-08 09:39:44,1043.0,470426
2021-04-08 09:39:46,1043.0,470436
2021-04-08 09:39:47,1043.0,470436
2021-04-08 09:39:48,1042.9,470446
2021-04-08 09:39:49,1042.9,470446
2021-04-08 09:39:50,1043.0,470570
2021-04-08 09:39:50,1043.0,470670
2021-04-08 09:39:52,1043.0,473886
2021-04-08 09:39:53,1042.8,474022
2021-04-08 09:39:54,1043.0,474058
2021-04-08 09:39:55,1043.0,474058
2021-04-08 09:39:56,1042.7,474081
2021-04-08 09:39:57,1042.7,474081
2021-04-08 09:39:58,1042.7,474081
2021-04-08 09:39:59,1042.7,474086
2021-04-08 09:40:00,1043.0,474145
2021-04-08 09:40:01,1043.0,474145
2021-04-08 09:40:02,1042.8,474180
2021-04-08 09:40:02,1042.8,474180
2021-04-08 09:40:03,1042.8,474210
2021-04-08 09:40:05,1042.8,474255
2021-04-08 09:40:06,1043.0,474276
2021-04-08 09:40:07,1043.0,474453
2021-04-08 09:40:08,1043.0,474483
2021-04-08 09:40:08,1043.0,474483
2021-04-08 09:40:10,1042.8,474534
2021-04-08 09:40:11,1043.0,474734
2021-04-08 09:40:12,1043.0,474764
2021-04-08 09:40:13,1043.0,474764
2021-04-08 09:40:14,1043.0,474824
2021-04-08 09:40:15,1042.6,475324
2021-04-08 09:40:15,1042.6,475324
2021-04-08 09:40:17,1043.0,475524
2021-04-08 09:40:18,1043.0,475572
2021-04-08 09:40:19,1043.0,475572
2021-04-08 09:40:20,1042.8,475596
2021-04-08 09:40:21,1042.8,475891
2021-04-08 09:40:22,1042.8,475893
2021-04-08 09:40:23,1042.8,475893
2021-04-08 09:40:24,1042.6,475898
2021-04-08 09:40:25,1042.8,475968
2021-04-08 09:40:26,1042.8,475968
2021-04-08 09:40:27,1042.8,475968
2021-04-08 09:40:27,1042.8,475968
2021-04-08 09:40:28,1042.8,476018
2021-04-08 09:40:30,1042.55,476024
2021-04-08 09:40:31,1042.75,476124
2021-04-08 09:40:32,1042.75,476124
2021-04-08 09:40:33,1042.55,476156
2021-04-08 09:40:34,1042.55,476156
2021-04-08 09:40:35,1042.7,476383
2021-04-08 09:40:35,1042.7,476383
2021-04-08 09:40:36,1042.7,476383
2021-04-08 09:40:38,1042.25,476475
2021-04-08 09:40:39,1042.7,476490
2021-04-08 09:40:40,1042.65,476504
2021-04-08 09:40:41,1042.25,476643
2021-04-08 09:40:41,1042.65,476841
2021-04-08 09:40:43,1042.65,476841
2021-04-08 09:40:44,1042.2,477041
2021-04-08 09:40:45,1042.5,477044
2021-04-08 09:40:46,1042.25,477067
2021-04-08 09:40:47,1042.25,477247
2021-04-08 09:40:47,1042.25,477252
2021-04-08 09:40:49,1042.5,477267
2021-04-08 09:40:50,1042.5,477376
2021-04-08 09:40:51,1042.25,477380
2021-04-08 09:40:52,1042.5,477590
2021-04-08 09:40:53,1042.25,477620
2021-04-08 09:40:54,1042.75,478177
2021-04-08 09:40:55,1042.9,479041
2021-04-08 09:40:55,1042.9,479041
2021-04-08 09:40:57,1043.1,483121
2021-04-08 09:40:58,1043.7,484217
2021-04-08 09:40:59,1043.7,484237
2021-04-08 09:41:00,1043.7,484237
2021-04-08 09:41:00,1043.7,484237
2021-04-08 09:41:02,1043.7,484237
2021-04-08 09:41:03,1043.65,484242
2021-04-08 09:41:04,1043.25,484247
2021-04-08 09:41:05,1044.5,487922
2021-04-08 09:41:05,1044.5,487922
2021-04-08 09:41:07,1044.8,488097
2021-04-08 09:41:08,1044.7,488138
2021-04-08 09:41:09,1044.7,488138
2021-04-08 09:41:10,1044.7,488208
2021-04-08 09:41:11,1044.5,490393
2021-04-08 09:41:12,1044.9,499090
2021-04-08 09:41:13,1044.9,499093
2021-04-08 09:41:14,1044.9,499095
2021-04-08 09:41:15,1045.0,499111
2021-04-08 09:41:16,1045.0,499162
2021-04-08 09:41:17,1044.65,499923
2021-04-08 09:41:17,1044.65,499923
2021-04-08 09:41:18,1044.15,499984
2021-04-08 09:41:20,1044.25,502339
2021-04-08 09:41:21,1044.25,502372
2021-04-08 09:41:22,1044.25,502425
2021-04-08 09:41:23,1043.95,502930
2021-04-08 09:41:23,1043.95,502930
2021-04-08 09:41:25,1043.85,503030
2021-04-08 09:41:26,1044.2,503535
2021-04-08 09:41:27,1044.65,503661
2021-04-08 09:41:28,1044.65,503931
2021-04-08 09:41:29,1044.65,503931
2021-04-08 09:41:30,1044.65,503931
2021-04-08 09:41:31,1044.65,503936
2021-04-08 09:41:32,1044.65,503936
2021-04-08 09:41:33,1044.25,504006
2021-04-08 09:41:34,1044.25,504019
2021-04-08 09:41:35,1044.65,505147
2021-04-08 09:41:36,1044.5,505319
2021-04-08 09:41:37,1044.4,505471
2021-04-08 09:41:38,1044.65,505474
2021-04-08 09:41:39,1044.8,505498
2021-04-08 09:41:40,1045.0,505602
2021-04-08 09:41:41,1044.65,506205
2021-04-08 09:41:42,1044.65,506205
2021-04-08 09:41:43,1044.9,506237
2021-04-08 09:41:44,1045.0,506247
2021-04-08 09:41:45,1044.75,506267
2021-04-08 09:41:46,1044.75,507242
2021-04-08 09:41:47,1044.4,507419
2021-04-08 09:41:48,1044.4,507711
2021-04-08 09:41:49,1044.4,507711
2021-04-08 09:41:50,1044.4,507734
2021-04-08 09:41:51,1044.75,508058
2021-04-08 09:41:52,1044.4,508080
2021-04-08 09:41:53,1044.4,508206
2021-04-08 09:41:54,1044.4,508206
2021-04-08 09:41:55,1044.4,508221
2021-04-08 09:41:56,1044.4,508266
2021-04-08 09:41:57,1044.5,508300
2021-04-08 09:41:58,1044.4,508301
2021-04-08 09:41:59,1044.4,508301
2021-04-08 09:42:00,1044.4,508320
2021-04-08 09:42:01,1044.4,508948
2021-04-08 09:42:02,1044.45,509957
2021-04-08 09:42:03,1044.2,510984
2021-04-08 09:42:04,1043.95,511715
2021-04-08 09:42:05,1043.95,511715
2021-04-08 09:42:06,1044.0,511865
2021-04-08 09:42:07,1043.95,511868
2021-04-08 09:42:08,1044.0,512273
2021-04-08 09:42:09,1044.0,512273
2021-04-08 09:42:10,1043.6,512303
2021-04-08 09:42:11,1043.55,512353
2021-04-08 09:42:12,1043.55,512353
2021-04-08 09:42:13,1043.55,512353
2021-04-08 09:42:14,1043.95,512363
2021-04-08 09:42:15,1043.95,512363
2021-04-08 09:42:16,1043.95,512394
2021-04-08 09:42:17,1043.6,512395
2021-04-08 09:42:18,1043.6,512395
2021-04-08 09:42:19,1043.6,512396
2021-04-08 09:42:20,1043.95,512410
2021-04-08 09:42:21,1043.6,512419
2021-04-08 09:42:22,1043.95,512437
2021-04-08 09:42:23,1043.85,512567
2021-04-08 09:42:24,1043.85,512567
2021-04-08 09:42:25,1043.6,512597
2021-04-08 09:42:26,1043.6,512597
2021-04-08 09:42:27,1043.6,512597
2021-04-08 09:42:28,1043.6,512627
2021-04-08 09:42:29,1043.85,513047
2021-04-08 09:42:30,1044.05,514097
2021-04-08 09:42:31,1043.85,514098
2021-04-08 09:42:32,1043.85,514348
2021-04-08 09:42:33,1044.2,514353
2021-04-08 09:42:34,1044.2,514353
2021-04-08 09:42:35,1044.0,514378
2021-04-08 09:42:36,1044.0,514378
2021-04-08 09:42:37,1044.0,514378
2021-04-08 09:42:38,1043.75,515028
2021-04-08 09:42:39,1043.85,515082
2021-04-08 09:42:40,1044.1,515098
2021-04-08 09:42:41,1043.75,515158
2021-04-08 09:42:42,1044.0,515204
2021-04-08 09:42:43,1044.0,515214
2021-04-08 09:42:44,1044.0,515214
2021-04-08 09:42:45,1043.6,516514
2021-04-08 09:42:46,1044.0,516539
2021-04-08 09:42:47,1043.5,516638
2021-04-08 09:42:48,1043.5,516662
2021-04-08 09:42:49,1043.95,516762
2021-04-08 09:42:50,1043.85,516783
2021-04-08 09:42:51,1043.85,516784
2021-04-08 09:42:52,1043.85,516784
2021-04-08 09:42:53,1043.95,516911
2021-04-08 09:42:54,1043.5,516921
2021-04-08 09:42:55,1043.95,516968
2021-04-08 09:42:56,1043.95,517057
2021-04-08 09:42:57,1043.95,517068
2021-04-08 09:42:58,1043.65,517234
2021-04-08 09:42:59,1043.5,517264
2021-04-08 09:43:00,1043.5,517264
2021-04-08 09:43:01,1043.5,517964
2021-04-08 09:43:02,1043.75,518014
2021-04-08 09:43:03,1043.7,518015
2021-04-08 09:43:04,1043.35,518028
2021-04-08 09:43:05,1043.3,518038
2021-04-08 09:43:06,1043.3,518038
2021-04-08 09:43:07,1043.7,518043
2021-04-08 09:43:08,1043.7,518044
2021-04-08 09:43:09,1043.7,518045
2021-04-08 09:43:10,1043.7,518055
2021-04-08 09:43:11,1043.55,518059
2021-04-08 09:43:12,1043.55,518059
2021-04-08 09:43:13,1043.5,518117
2021-04-08 09:43:14,1043.55,518177
2021-04-08 09:43:15,1043.55,518180
2021-04-08 09:43:16,1043.55,518180
2021-04-08 09:43:18,1043.95,519565
2021-04-08 09:43:19,1044.5,520140
2021-04-08 09:43:20,1044.6,520148
2021-04-08 09:43:21,1044.7,520214
2021-04-08 09:43:22,1044.7,520214
2021-04-08 09:43:23,1044.9,520314
2021-04-08 09:43:24,1044.9,520314
2021-04-08 09:43:25,1044.9,520406
2021-04-08 09:43:26,1044.7,520939
2021-04-08 09:43:27,1044.7,520939
2021-04-08 09:43:28,1044.6,520969
2021-04-08 09:43:29,1044.6,520969
2021-04-08 09:43:30,1044.6,520969
2021-04-08 09:43:31,1045.0,521029
2021-04-08 09:43:32,1045.0,521129
2021-04-08 09:43:33,1045.0,521565
2021-04-08 09:43:34,1045.0,521654
2021-04-08 09:43:35,1045.0,528449
2021-04-08 09:43:36,1045.0,528479
2021-04-08 09:43:37,1045.0,529154
2021-04-08 09:43:38,1044.55,529156
2021-04-08 09:43:39,1045.0,529161
2021-04-08 09:43:40,1045.0,529412
2021-04-08 09:43:41,1045.0,529512
2021-04-08 09:43:42,1045.0,531924
2021-04-08 09:43:43,1045.0,531980
2021-04-08 09:43:44,1045.0,532121
2021-04-08 09:43:45,1044.55,532221
2021-04-08 09:43:46,1045.0,532731
2021-04-08 09:43:47,1045.0,532903
2021-04-08 09:43:48,1044.85,533008
2021-04-08 09:43:50,1045.35,536243
2021-04-08 09:43:51,1045.2,536306
2021-04-08 09:43:50,1045.4,536256
2021-04-08 09:43:52,1045.9,536838
2021-04-08 09:43:53,1046.0,537311
2021-04-08 09:43:54,1046.0,537311
2021-04-08 09:43:55,1045.95,537318
2021-04-08 09:43:56,1045.9,537319
2021-04-08 09:43:57,1045.9,537871
2021-04-08 09:43:58,1045.5,538164
2021-04-08 09:43:59,1046.25,541911
2021-04-08 09:44:00,1046.25,542345
2021-04-08 09:44:01,1046.0,543271
2021-04-08 09:44:02,1046.0,543401
2021-04-08 09:44:03,1046.4,543416
2021-04-08 09:44:04,1046.4,543431
2021-04-08 09:44:05,1046.4,543509
2021-04-08 09:44:06,1046.4,543641
2021-04-08 09:44:07,1046.4,543757
2021-04-08 09:44:08,1045.6,558998
2021-04-08 09:44:09,1045.15,559069
2021-04-08 09:44:10,1045.2,559160
2021-04-08 09:44:11,1045.45,559325
2021-04-08 09:44:12,1045.0,559408
2021-04-08 09:44:13,1044.85,559439
2021-04-08 09:44:15,1044.85,559552
2021-04-08 09:44:14,1045.3,559547
2021-04-08 09:44:16,1045.25,559710
2021-04-08 09:44:17,1045.25,559739
2021-04-08 09:44:18,1045.35,559839
2021-04-08 09:44:19,1045.25,559922
2021-04-08 09:44:20,1045.5,560026
2021-04-08 09:44:21,1045.4,560296
2021-04-08 09:44:22,1045.4,560296
2021-04-08 09:44:23,1045.75,560300
2021-04-08 09:44:24,1045.8,560550
2021-04-08 09:44:25,1046.2,560710
2021-04-08 09:44:26,1045.9,560735
2021-04-08 09:44:27,1046.3,560801
2021-04-08 09:44:28,1046.8,563690
2021-04-08 09:44:29,1046.7,563760
2021-04-08 09:44:30,1046.2,563810
2021-04-08 09:44:31,1046.4,563821
2021-04-08 09:44:32,1046.1,563904
2021-04-08 09:44:33,1046.05,563965
2021-04-08 09:44:34,1046.05,563965
2021-04-08 09:44:35,1046.65,564265
2021-04-08 09:44:36,1046.7,564331
2021-04-08 09:44:37,1046.5,564501
2021-04-08 09:44:38,1046.8,564551
2021-04-08 09:44:39,1046.8,564561
2021-04-08 09:44:40,1047.0,571435
2021-04-08 09:44:41,1047.0,571485
2021-04-08 09:44:42,1047.5,571781
2021-04-08 09:44:43,1047.45,572317
2021-04-08 09:44:44,1047.0,572437
2021-04-08 09:44:45,1047.0,572692
2021-04-08 09:44:46,1047.0,572709
2021-04-08 09:44:47,1047.65,573845
2021-04-08 09:44:48,1047.0,574373
2021-04-08 09:44:49,1047.5,575052
2021-04-08 09:44:50,1047.65,577278
2021-04-08 09:44:51,1047.65,577381
2021-04-08 09:44:52,1047.65,577781
2021-04-08 09:44:53,1047.15,577841
2021-04-08 09:44:54,1047.65,577966
2021-04-08 09:44:55,1047.65,578042
2021-04-08 09:44:56,1047.45,578052
2021-04-08 09:44:57,1047.65,578411
2021-04-08 09:44:58,1047.65,578599
2021-04-08 09:44:59,1047.5,578680
2021-04-08 09:45:00,1047.65,579291
2021-04-08 09:45:01,1047.5,579543
2021-04-08 09:45:02,1047.65,579554
2021-04-08 09:45:04,1047.55,579680
2021-04-08 09:45:04,1047.55,579680
2021-04-08 09:45:05,1047.7,579926
2021-04-08 09:45:06,1047.7,579969
2021-04-08 09:45:07,1047.55,580143
2021-04-08 09:45:08,1047.7,580243
2021-04-08 09:45:09,1047.7,580794
2021-04-08 09:45:10,1047.65,580798
2021-04-08 09:45:11,1047.7,580887
2021-04-08 09:45:12,1047.5,581637
2021-04-08 09:45:13,1047.75,581728
2021-04-08 09:45:14,1047.7,581844
2021-04-08 09:45:15,1048.0,582371
2021-04-08 09:45:16,1047.6,583424
2021-04-08 09:45:17,1047.55,583480
2021-04-08 09:45:18,1047.7,583515
2021-04-08 09:45:19,1047.9,583555
2021-04-08 09:45:20,1047.95,583782
2021-04-08 09:45:21,1047.85,583880
2021-04-08 09:45:22,1047.85,584161
2021-04-08 09:45:23,1048.0,584771
2021-04-08 09:45:24,1048.0,584819
2021-04-08 09:45:25,1048.4,588642
2021-04-08 09:45:26,1047.9,589075
2021-04-08 09:45:27,1048.0,589095
2021-04-08 09:45:28,1047.85,589488
2021-04-08 09:45:29,1048.3,590007
2021-04-08 09:45:30,1047.95,590670
2021-04-08 09:45:31,1048.4,591305
2021-04-08 09:45:33,1047.95,591804
2021-04-08 09:45:33,1047.8,592117
2021-04-08 09:45:34,1047.95,592809
2021-04-08 09:45:35,1047.65,594081
2021-04-08 09:45:36,1048.4,594254
2021-04-08 09:45:37,1048.4,594682
2021-04-08 09:45:38,1048.4,594682
2021-04-08 09:45:39,1048.45,594784
2021-04-08 09:45:40,1048.0,595391
2021-04-08 09:45:41,1048.05,595617
2021-04-08 09:45:42,1047.2,598032
2021-04-08 09:45:43,1047.35,599099
2021-04-08 09:45:44,1047.8,599223
2021-04-08 09:45:45,1047.8,599324
2021-04-08 09:45:46,1047.25,599475
2021-04-08 09:45:47,1047.75,599495
2021-04-08 09:45:48,1047.45,599585
2021-04-08 09:45:49,1047.4,600539
2021-04-08 09:45:50,1047.35,600564
2021-04-08 09:45:51,1047.75,600566
2021-04-08 09:45:53,1047.75,600573
2021-04-08 09:45:53,1047.75,600581
2021-04-08 09:45:54,1047.5,600980
2021-04-08 09:45:55,1047.35,601085
2021-04-08 09:45:56,1047.7,601164
2021-04-08 09:45:57,1047.3,601269
2021-04-08 09:45:58,1047.3,601979
2021-04-08 09:46:00,1047.75,602486
2021-04-08 09:46:00,1047.95,603498
2021-04-08 09:46:01,1047.5,603504
2021-04-08 09:46:03,1047.7,603598
2021-04-08 09:46:03,1048.0,604619
2021-04-08 09:46:04,1048.0,604669
2021-04-08 09:46:05,1048.0,604870
2021-04-08 09:46:06,1047.45,604980
2021-04-08 09:46:07,1047.8,605568
2021-04-08 09:46:08,1046.95,608866
2021-04-08 09:46:09,1046.95,608916
2021-04-08 09:46:10,1046.4,609370
2021-04-08 09:46:11,1046.9,609523
2021-04-08 09:46:12,1046.9,609643
2021-04-08 09:46:13,1046.5,609693
2021-04-08 09:46:14,1046.5,609768
2021-04-08 09:46:15,1046.9,609788
2021-04-08 09:46:16,1046.4,610451
2021-04-08 09:46:17,1046.4,610451
2021-04-08 09:46:18,1046.1,610728
2021-04-08 09:46:19,1046.7,610777
2021-04-08 09:46:20,1046.55,611130
2021-04-08 09:46:21,1046.0,611344
2021-04-08 09:46:22,1046.55,611399
2021-04-08 09:46:23,1046.55,611399
2021-04-08 09:46:24,1046.15,611404
2021-04-08 09:46:25,1046.5,611421
2021-04-08 09:46:26,1046.4,611525
2021-04-08 09:46:27,1046.4,611757
2021-04-08 09:46:29,1046.1,611877
2021-04-08 09:46:29,1046.1,611996
2021-04-08 09:46:30,1046.1,612024
2021-04-08 09:46:31,1046.4,612029
2021-04-08 09:46:32,1046.1,612054
2021-04-08 09:46:33,1046.1,612054
2021-04-08 09:46:34,1046.05,612093
2021-04-08 09:46:36,1046.05,612093
2021-04-08 09:46:37,1045.55,613289
2021-04-08 09:46:38,1045.55,613324
2021-04-08 09:46:38,1045.55,613324
2021-04-08 09:46:39,1046.0,613637
2021-04-08 09:46:40,1046.0,613852
2021-04-08 09:46:42,1046.05,614065
2021-04-08 09:46:43,1045.0,616328
2021-04-08 09:46:43,1045.0,616328
2021-04-08 09:46:44,1045.5,616357
2021-04-08 09:46:45,1045.95,616521
2021-04-08 09:46:46,1045.95,616525
2021-04-08 09:46:47,1046.0,617128
2021-04-08 09:46:48,1045.95,617138
2021-04-08 09:46:49,1046.0,617226
2021-04-08 09:46:51,1045.6,617365
2021-04-08 09:46:52,1045.6,617365
2021-04-08 09:46:53,1046.0,617368
2021-04-08 09:46:54,1045.65,617388
2021-04-08 09:46:54,1046.0,617368
2021-04-08 09:46:55,1045.9,617473
2021-04-08 09:46:56,1045.9,617483
2021-04-08 09:46:58,1045.65,617595
2021-04-08 09:46:59,1045.6,617674
2021-04-08 09:46:59,1045.6,617674
2021-04-08 09:47:00,1045.5,617701
2021-04-08 09:47:01,1045.6,618862
2021-04-08 09:47:02,1045.2,619564
2021-04-08 09:47:03,1045.65,619565
2021-04-08 09:47:05,1045.7,619858
2021-04-08 09:47:06,1045.65,619951
2021-04-08 09:47:07,1045.65,620131
2021-04-08 09:47:07,1045.65,620126
2021-04-08 09:47:08,1045.2,620181
2021-04-08 09:47:09,1045.2,620181
2021-04-08 09:47:10,1045.2,620223
2021-04-08 09:47:11,1045.5,620236
2021-04-08 09:47:12,1045.2,620283
2021-04-08 09:47:13,1045.7,620583
2021-04-08 09:47:15,1045.2,620600
2021-04-08 09:47:16,1045.5,620655
2021-04-08 09:47:17,1045.25,620665
2021-04-08 09:47:18,1045.65,620800
2021-04-08 09:47:19,1045.5,620810
2021-04-08 09:47:19,1045.8,621260
2021-04-08 09:47:20,1046.0,621812
2021-04-08 09:47:21,1045.95,621855
2021-04-08 09:47:22,1046.0,621977
2021-04-08 09:47:23,1046.15,623501
2021-04-08 09:47:24,1046.0,623533
2021-04-08 09:47:26,1046.5,624246
2021-04-08 09:47:27,1046.5,624256
2021-04-08 09:47:28,1046.5,624299
2021-04-08 09:47:29,1046.7,624599
2021-04-08 09:47:29,1046.7,624599
2021-04-08 09:47:30,1046.25,624610
2021-04-08 09:47:31,1046.7,624615
2021-04-08 09:47:32,1046.3,624633
2021-04-08 09:47:33,1046.8,624703
2021-04-08 09:47:34,1046.7,624713
2021-04-08 09:47:35,1046.3,625392
2021-04-08 09:47:37,1046.25,625642
2021-04-08 09:47:38,1046.0,625848
2021-04-08 09:47:38,1046.25,625973
2021-04-08 09:47:39,1046.0,626338
2021-04-08 09:47:40,1046.25,626354
2021-04-08 09:47:41,1046.4,626664
2021-04-08 09:47:42,1046.4,626664
2021-04-08 09:47:43,1046.4,626664
2021-04-08 09:47:45,1046.2,627040
2021-04-08 09:47:46,1046.0,627340
2021-04-08 09:47:47,1046.0,627340
2021-04-08 09:47:47,1046.0,627340
2021-04-08 09:47:48,1046.0,627684
2021-04-08 09:47:49,1046.15,627715
2021-04-08 09:47:50,1046.15,627729
2021-04-08 09:47:52,1046.0,627872
2021-04-08 09:47:53,1046.15,627879
2021-04-08 09:47:54,1046.0,628079
2021-04-08 09:47:55,1046.0,628082
2021-04-08 09:47:55,1046.0,628082
2021-04-08 09:47:56,1046.1,628256
2021-04-08 09:47:57,1045.65,628436
2021-04-08 09:47:58,1045.65,628436
2021-04-08 09:48:00,1045.7,628551
2021-04-08 09:48:01,1045.95,628567
2021-04-08 09:48:02,1045.65,628674
2021-04-08 09:48:03,1045.65,628674
2021-04-08 09:48:04,1045.7,628741
2021-04-08 09:48:04,1045.7,628741
2021-04-08 09:48:05,1045.7,628791
2021-04-08 09:48:07,1045.7,628792
2021-04-08 09:48:08,1045.7,628895
2021-04-08 09:48:09,1046.0,630030
2021-04-08 09:48:10,1046.05,630040
2021-04-08 09:48:11,1046.2,630090
2021-04-08 09:48:12,1046.6,630205
2021-04-08 09:48:12,1046.25,630210
2021-04-08 09:48:13,1046.9,630410
2021-04-08 09:48:15,1046.95,630910
2021-04-08 09:48:16,1047.0,631083
2021-04-08 09:48:17,1047.0,631083
2021-04-08 09:48:18,1047.0,631306
2021-04-08 09:48:19,1047.0,631326
2021-04-08 09:48:20,1047.0,631924
2021-04-08 09:48:20,1047.0,631924
2021-04-08 09:48:22,1047.0,632057
2021-04-08 09:48:23,1047.0,632122
2021-04-08 09:48:24,1047.0,632651
2021-04-08 09:48:24,1047.0,632681
2021-04-08 09:48:25,1047.7,634345
2021-04-08 09:48:27,1047.7,634425
2021-04-08 09:48:28,1047.65,634935
2021-04-08 09:48:29,1047.25,635025
2021-04-08 09:48:30,1047.95,635752
2021-04-08 09:48:31,1047.95,636252
2021-04-08 09:48:32,1048.4,640189
2021-04-08 09:48:32,1048.4,640189
2021-04-08 09:48:33,1048.0,640373
2021-04-08 09:48:34,1048.45,641441
2021-04-08 09:48:36,1048.45,641601
2021-04-08 09:48:37,1048.45,641689
2021-04-08 09:48:38,1048.45,642441
2021-04-08 09:48:39,1048.45,642485
2021-04-08 09:48:39,1048.45,642485
2021-04-08 09:48:40,1048.45,642488
2021-04-08 09:48:41,1048.5,642638
2021-04-08 09:48:42,1048.5,642743
2021-04-08 09:48:43,1048.45,643187
2021-04-08 09:48:44,1047.95,644037
2021-04-08 09:48:46,1047.7,644347
2021-04-08 09:48:47,1048.2,644899
2021-04-08 09:48:48,1048.15,645002
2021-04-08 09:48:49,1048.15,645002
2021-04-08 09:48:50,1048.0,645065
2021-04-08 09:48:51,1048.0,645065
2021-04-08 09:48:52,1048.0,645177
2021-04-08 09:48:53,1048.0,645321
2021-04-08 09:48:54,1047.7,645436
2021-04-08 09:48:55,1047.7,645436
2021-04-08 09:48:56,1047.6,646196
2021-04-08 09:48:57,1047.5,646850
2021-04-08 09:48:58,1047.4,646893
2021-04-08 09:48:59,1047.4,646894
2021-04-08 09:49:00,1047.35,646899
2021-04-08 09:49:01,1047.0,646999
2021-04-08 09:49:02,1047.0,647660
2021-04-08 09:49:02,1047.0,647660
2021-04-08 09:49:03,1047.5,647767
2021-04-08 09:49:04,1047.5,647767
2021-04-08 09:49:05,1047.5,647803
2021-04-08 09:49:06,1047.35,647856
2021-04-08 09:49:08,1047.15,648201
2021-04-08 09:49:09,1047.1,648551
2021-04-08 09:49:10,1047.5,648626
2021-04-08 09:49:11,1047.45,648664
2021-04-08 09:49:12,1047.6,648816
2021-04-08 09:49:13,1048.0,648965
2021-04-08 09:49:14,1047.55,649353
2021-04-08 09:49:15,1047.7,649363
2021-04-08 09:49:16,1047.7,649369
2021-04-08 09:49:16,1047.55,649379
2021-04-08 09:49:17,1047.55,649580
2021-04-08 09:49:19,1047.7,649601
2021-04-08 09:49:20,1047.45,650015
2021-04-08 09:49:21,1048.0,650085
2021-04-08 09:49:23,1047.6,650325
2021-04-08 09:49:24,1047.4,650381
2021-04-08 09:49:24,1047.4,650381
2021-04-08 09:49:25,1047.9,651186
2021-04-08 09:49:26,1047.95,651261
2021-04-08 09:49:27,1048.0,651361
2021-04-08 09:49:29,1047.6,651614
2021-04-08 09:49:29,1048.0,651701
2021-04-08 09:49:31,1047.9,651858
2021-04-08 09:49:32,1047.9,651858
2021-04-08 09:49:33,1047.9,651903
2021-04-08 09:49:34,1047.9,651969
2021-04-08 09:49:35,1047.85,653003
2021-04-08 09:49:36,1047.0,653239
2021-04-08 09:49:37,1047.45,653265
2021-04-08 09:49:38,1047.2,653315
2021-04-08 09:49:38,1047.2,653315
2021-04-08 09:49:39,1047.7,653627
2021-04-08 09:49:41,1047.7,653632
2021-04-08 09:49:42,1047.7,653672
2021-04-08 09:49:43,1047.2,653983
2021-04-08 09:49:44,1047.85,654186
2021-04-08 09:49:44,1047.7,653986
2021-04-08 09:49:45,1047.7,654197
2021-04-08 09:49:47,1047.95,654492
2021-04-08 09:49:48,1047.7,654796
2021-04-08 09:49:49,1047.95,655065
2021-04-08 09:49:50,1047.55,655634
2021-04-08 09:49:51,1047.95,655705
2021-04-08 09:49:52,1047.95,655773
2021-04-08 09:49:53,1048.0,655845
2021-04-08 09:49:54,1048.0,655845
2021-04-08 09:49:55,1048.0,655911
2021-04-08 09:49:55,1047.95,655856
2021-04-08 09:49:56,1048.0,655961
2021-04-08 09:49:58,1048.0,656189
2021-04-08 09:49:59,1047.7,656339
2021-04-08 09:50:00,1047.7,656359
2021-04-08 09:50:01,1048.0,656374
2021-04-08 09:50:02,1047.95,656424
2021-04-08 09:50:02,1047.95,656424
2021-04-08 09:50:04,1047.5,656459
2021-04-08 09:50:05,1047.5,656496
2021-04-08 09:50:06,1047.9,656601
2021-04-08 09:50:07,1047.9,656706
2021-04-08 09:50:08,1047.9,656713
2021-04-08 09:50:09,1047.9,656752
2021-04-08 09:50:10,1047.3,657509
2021-04-08 09:50:11,1047.3,657509
2021-04-08 09:50:12,1047.85,657911
2021-04-08 09:50:12,1047.85,657911
2021-04-08 09:50:14,1047.45,658044
2021-04-08 09:50:15,1047.85,658094
2021-04-08 09:50:16,1047.45,658099
2021-04-08 09:50:17,1047.8,658168
2021-04-08 09:50:18,1047.2,658222
2021-04-08 09:50:18,1047.2,658222
2021-04-08 09:50:19,1047.2,658597
2021-04-08 09:50:20,1047.55,658686
2021-04-08 09:50:22,1047.65,658836
2021-04-08 09:50:23,1047.6,658926
2021-04-08 09:50:24,1047.15,660007
2021-04-08 09:50:25,1047.05,660027
2021-04-08 09:50:26,1047.15,660057
2021-04-08 09:50:26,1047.15,660062
2021-04-08 09:50:27,1047.15,660062
2021-04-08 09:50:29,1047.15,660063
2021-04-08 09:50:31,1046.5,661155
2021-04-08 09:50:32,1046.7,661498
2021-04-08 09:50:33,1046.55,661906
2021-04-08 09:50:34,1046.55,661924
2021-04-08 09:50:35,1046.15,661929
2021-04-08 09:50:36,1046.5,662021
2021-04-08 09:50:37,1046.5,662071
2021-04-08 09:50:38,1046.15,662153
2021-04-08 09:50:38,1046.5,662218
2021-04-08 09:50:39,1046.15,662300
2021-04-08 09:50:41,1046.15,662328
2021-04-08 09:50:42,1046.5,662432
2021-04-08 09:50:42,1046.5,662432
2021-04-08 09:50:44,1046.5,662500
2021-04-08 09:50:45,1046.5,663006
2021-04-08 09:50:46,1046.05,663036
2021-04-08 09:50:47,1046.05,663045
2021-04-08 09:50:48,1046.05,663126
2021-04-08 09:50:49,1046.5,663822
2021-04-08 09:50:50,1046.5,663894
2021-04-08 09:50:51,1046.5,663944
2021-04-08 09:50:52,1046.5,663944
2021-04-08 09:50:53,1046.0,664508
2021-04-08 09:50:54,1045.8,665061
2021-04-08 09:50:55,1046.0,665188
2021-04-08 09:50:55,1045.8,665227
2021-04-08 09:50:56,1045.65,665447
2021-04-08 09:50:57,1045.8,665493
2021-04-08 09:50:58,1045.8,665494
2021-04-08 09:51:00,1046.35,666164
2021-04-08 09:51:01,1046.35,666164
2021-04-08 09:51:02,1045.8,666284
2021-04-08 09:51:03,1046.15,666304
2021-04-08 09:51:04,1046.15,666700
2021-04-08 09:51:04,1046.15,666700
2021-04-08 09:51:06,1046.15,666700
2021-04-08 09:51:07,1046.0,666801
2021-04-08 09:51:08,1046.3,666831
2021-04-08 09:51:09,1046.3,666836
2021-04-08 09:51:10,1045.75,668346
2021-04-08 09:51:11,1045.75,668521
2021-04-08 09:51:12,1045.6,668554
2021-04-08 09:51:13,1046.0,668574
2021-04-08 09:51:14,1046.0,668574
2021-04-08 09:51:15,1045.6,668603
2021-04-08 09:51:16,1045.55,668660
2021-04-08 09:51:17,1045.55,668710
2021-04-08 09:51:18,1046.2,669928
2021-04-08 09:51:18,1046.2,669928
2021-04-08 09:51:20,1045.8,669998
2021-04-08 09:51:21,1046.0,670110
2021-04-08 09:51:22,1045.7,670151
2021-04-08 09:51:23,1045.8,670166
2021-04-08 09:51:24,1046.0,670167
2021-04-08 09:51:25,1046.0,670173
2021-04-08 09:51:26,1046.0,670273
2021-04-08 09:51:27,1045.8,670284
2021-04-08 09:51:28,1045.8,670284
2021-04-08 09:51:29,1046.0,670319
2021-04-08 09:51:30,1046.0,670324
2021-04-08 09:51:31,1046.2,670927
2021-04-08 09:51:32,1046.0,670965
2021-04-08 09:51:33,1046.0,670965
2021-04-08 09:51:33,1046.0,670965
2021-04-08 09:51:35,1046.05,670974
2021-04-08 09:51:36,1046.05,670974
2021-04-08 09:51:37,1046.0,671133
2021-04-08 09:51:38,1046.1,675899
2021-04-08 09:51:39,1045.7,676010
2021-04-08 09:51:39,1046.0,676420
2021-04-08 09:51:40,1046.0,676520
2021-04-08 09:51:41,1046.1,676580
2021-04-08 09:51:42,1046.0,676596
2021-04-08 09:51:44,1046.0,676648
2021-04-08 09:51:45,1046.0,677910
2021-04-08 09:51:46,1045.6,678165
2021-04-08 09:51:47,1045.55,678176
2021-04-08 09:51:48,1045.55,678187
2021-04-08 09:51:49,1045.8,679213
2021-04-08 09:51:49,1045.2,679188
2021-04-08 09:51:50,1045.4,679293
2021-04-08 09:51:51,1045.3,679418
2021-04-08 09:51:53,1045.5,679432
2021-04-08 09:51:54,1045.5,679432
2021-04-08 09:51:55,1045.8,679457
2021-04-08 09:51:56,1045.5,679575
2021-04-08 09:51:57,1045.5,679575
2021-04-08 09:51:58,1045.5,679576
2021-04-08 09:51:59,1045.2,680669
2021-04-08 09:51:59,1045.2,680669
2021-04-08 09:52:01,1045.25,680701
2021-04-08 09:52:02,1045.75,680711
2021-04-08 09:52:03,1045.8,680712
2021-04-08 09:52:04,1045.3,680806
2021-04-08 09:52:05,1045.8,680826
2021-04-08 09:52:06,1045.8,680826
2021-04-08 09:52:07,1045.75,680836
2021-04-08 09:52:08,1045.8,680972
2021-04-08 09:52:09,1045.9,681087
2021-04-08 09:52:10,1045.8,681105
2021-04-08 09:52:11,1045.5,681110
2021-04-08 09:52:12,1045.5,681160
2021-04-08 09:52:13,1045.5,681171
2021-04-08 09:52:14,1045.5,681177
2021-04-08 09:52:15,1045.5,681307
2021-04-08 09:52:16,1045.3,681335
2021-04-08 09:52:17,1045.5,681391
2021-04-08 09:52:18,1045.5,681391
2021-04-08 09:52:19,1045.5,681391
2021-04-08 09:52:20,1045.5,683204
2021-04-08 09:52:21,1045.3,683354
2021-04-08 09:52:22,1045.3,683359
2021-04-08 09:52:23,1045.3,683359
2021-04-08 09:52:24,1045.5,683429
2021-04-08 09:52:25,1045.85,683459
2021-04-08 09:52:26,1045.45,686489
2021-04-08 09:52:27,1045.45,686494
2021-04-08 09:52:28,1045.45,686539
2021-04-08 09:52:29,1045.3,686565
2021-04-08 09:52:30,1045.45,686655
2021-04-08 09:52:31,1045.3,686691
2021-04-08 09:52:32,1045.45,686811
2021-04-08 09:52:34,1045.0,686865
2021-04-08 09:52:33,1045.0,686865
2021-04-08 09:52:35,1045.45,687052
2021-04-08 09:52:36,1045.0,687110
2021-04-08 09:52:37,1045.0,687110
2021-04-08 09:52:38,1045.4,687115
2021-04-08 09:52:39,1045.0,693459
2021-04-08 09:52:40,1044.05,694210
2021-04-08 09:52:41,1044.05,694210
2021-04-08 09:52:42,1044.15,694614
2021-04-08 09:52:43,1044.15,694684
2021-04-08 09:52:44,1044.15,694786
2021-04-08 09:52:45,1044.5,694937
2021-04-08 09:52:46,1044.5,694937
2021-04-08 09:52:47,1044.5,694946
2021-04-08 09:52:48,1044.1,695247
2021-04-08 09:52:49,1044.1,695247
2021-04-08 09:52:50,1044.5,695339
2021-04-08 09:52:51,1044.5,695470
2021-04-08 09:52:52,1044.15,695671
2021-04-08 09:52:53,1044.5,695702
2021-04-08 09:52:54,1044.65,696377
2021-04-08 09:52:55,1044.15,696627
2021-04-08 09:52:56,1044.15,696637
2021-04-08 09:52:57,1044.15,696637
2021-04-08 09:52:58,1044.15,696692
2021-04-08 09:52:59,1044.15,696742
2021-04-08 09:53:00,1044.15,696777
2021-04-08 09:53:01,1044.55,696817
2021-04-08 09:53:02,1044.2,696852
2021-04-08 09:53:03,1044.2,696852
2021-04-08 09:53:04,1044.2,696852
2021-04-08 09:53:05,1044.2,696852
2021-04-08 09:53:06,1044.65,697501
2021-04-08 09:53:07,1044.55,697541
2021-04-08 09:53:08,1044.2,697561
2021-04-08 09:53:09,1044.35,697813
2021-04-08 09:53:10,1044.55,697966
2021-04-08 09:53:11,1044.55,697993
2021-04-08 09:53:12,1044.55,697993
2021-04-08 09:53:13,1044.9,698283
2021-04-08 09:53:14,1044.9,698293
2021-04-08 09:53:15,1045.0,698306
2021-04-08 09:53:16,1045.0,698756
2021-04-08 09:53:17,1044.65,698770
2021-04-08 09:53:18,1044.55,699273
2021-04-08 09:53:19,1045.0,699328
2021-04-08 09:53:20,1045.0,699495
2021-04-08 09:53:21,1044.6,699600
2021-04-08 09:53:22,1045.0,699608
2021-04-08 09:53:23,1045.0,699636
2021-04-08 09:53:24,1045.0,699693
2021-04-08 09:53:25,1045.0,699693
2021-04-08 09:53:26,1045.0,699718
2021-04-08 09:53:27,1044.7,700033
2021-04-08 09:53:28,1044.7,700045
2021-04-08 09:53:29,1045.0,700108
2021-04-08 09:53:30,1045.0,700273
2021-04-08 09:53:32,1044.7,700314
2021-04-08 09:53:31,1044.7,700314
2021-04-08 09:53:33,1045.0,700454
2021-04-08 09:53:34,1045.0,700542
2021-04-08 09:53:35,1045.0,700542
2021-04-08 09:53:36,1045.0,700542
2021-04-08 09:53:37,1045.0,700709
2021-04-08 09:53:38,1044.75,700745
2021-04-08 09:53:39,1045.1,700886
2021-04-08 09:53:40,1045.1,700886
2021-04-08 09:53:41,1045.1,700886
2021-04-08 09:53:42,1045.1,700886
2021-04-08 09:53:43,1044.7,700939
2021-04-08 09:53:45,1044.7,700939
2021-04-08 09:53:44,1044.7,700939
2021-04-08 09:53:46,1045.1,701610
2021-04-08 09:53:47,1045.05,701670
2021-04-08 09:53:48,1045.05,701670
2021-04-08 09:53:49,1045.5,701710
2021-04-08 09:53:50,1045.5,701724
2021-04-08 09:53:51,1045.5,701724
2021-04-08 09:53:52,1045.45,701725
2021-04-08 09:53:53,1045.05,701850
2021-04-08 09:53:55,1045.0,702001
2021-04-08 09:53:54,1045.0,702001
2021-04-08 09:53:56,1045.45,702091
2021-04-08 09:53:57,1045.45,702091
2021-04-08 09:53:58,1045.1,702144
2021-04-08 09:53:59,1045.0,702244
2021-04-08 09:54:00,1045.0,702310
2021-04-08 09:54:01,1045.0,702310
2021-04-08 09:54:02,1045.2,702410
2021-04-08 09:54:03,1045.2,702410
2021-04-08 09:54:04,1044.95,702564
2021-04-08 09:54:05,1044.95,702629
2021-04-08 09:54:06,1044.95,702629
2021-04-08 09:54:07,1045.0,702654
2021-04-08 09:54:08,1044.95,702659
2021-04-08 09:54:09,1044.95,702659
2021-04-08 09:54:10,1044.95,702709
2021-04-08 09:54:11,1044.95,702719
2021-04-08 09:54:12,1044.95,702727
2021-04-08 09:54:13,1044.95,702727
2021-04-08 09:54:14,1045.0,703462
2021-04-08 09:54:15,1045.0,703462
2021-04-08 09:54:16,1045.2,703662
2021-04-08 09:54:17,1045.2,703662
2021-04-08 09:54:18,1045.2,703662
2021-04-08 09:54:19,1045.2,703662
2021-04-08 09:54:20,1045.2,703675
2021-04-08 09:54:21,1045.2,703675
2021-04-08 09:54:22,1045.0,703710
2021-04-08 09:54:23,1045.05,703760
2021-04-08 09:54:25,1045.05,703760
2021-04-08 09:54:25,1045.05,703760
2021-04-08 09:54:26,1045.05,703760
2021-04-08 09:54:27,1045.2,704318
2021-04-08 09:54:28,1045.0,704606
2021-04-08 09:54:29,1045.0,704657
2021-04-08 09:54:31,1045.0,704667
2021-04-08 09:54:31,1045.0,704667
2021-04-08 09:54:32,1045.0,704667
2021-04-08 09:54:33,1045.2,704682
2021-04-08 09:54:34,1045.2,704682
2021-04-08 09:54:35,1045.0,704782
2021-04-08 09:54:36,1045.0,704782
2021-04-08 09:54:37,1045.0,704839
2021-04-08 09:54:39,1045.0,704849
2021-04-08 09:54:39,1045.0,704849
2021-04-08 09:54:40,1045.05,705023
2021-04-08 09:54:41,1045.0,705033
2021-04-08 09:54:42,1045.2,705086
2021-04-08 09:54:43,1045.05,705128
2021-04-08 09:54:44,1045.2,705138
2021-04-08 09:54:45,1045.2,705141
2021-04-08 09:54:46,1045.05,705400
2021-04-08 09:54:48,1045.2,705475
2021-04-08 09:54:49,1045.2,705512
2021-04-08 09:54:49,1045.2,705512
2021-04-08 09:54:50,1045.2,705564
2021-04-08 09:54:51,1045.45,705602
2021-04-08 09:54:52,1045.4,705692
2021-04-08 09:54:53,1045.05,705817
2021-04-08 09:54:54,1045.05,705817
2021-04-08 09:54:56,1045.05,705822
2021-04-08 09:54:56,1045.2,705852
2021-04-08 09:54:57,1045.2,705881
2021-04-08 09:54:58,1045.2,705881
2021-04-08 09:54:59,1045.2,705881
2021-04-08 09:55:00,1045.2,705907
2021-04-08 09:55:01,1045.2,706040
2021-04-08 09:55:03,1045.2,706176
2021-04-08 09:55:03,1045.2,706176
2021-04-08 09:55:04,1045.2,706176
2021-04-08 09:55:05,1045.45,706205
2021-04-08 09:55:06,1045.1,706208
2021-04-08 09:55:07,1045.45,706265
2021-04-08 09:55:09,1045.35,706879
2021-04-08 09:55:09,1045.35,706879
2021-04-08 09:55:10,1045.3,707285
2021-04-08 09:55:11,1045.5,707316
2021-04-08 09:55:12,1045.5,707316
2021-04-08 09:55:13,1045.5,707316
2021-04-08 09:55:14,1045.8,707500
2021-04-08 09:55:15,1045.25,708562
2021-04-08 09:55:16,1045.25,708562
2021-04-08 09:55:18,1045.05,708597
2021-04-08 09:55:18,1045.05,708597
2021-04-08 09:55:19,1045.45,708599
2021-04-08 09:55:20,1046.0,711613
2021-04-08 09:55:21,1046.0,711613
2021-04-08 09:55:22,1046.0,711613
2021-04-08 09:55:23,1046.0,711613
2021-04-08 09:55:24,1045.85,711773
2021-04-08 09:55:25,1045.85,711773
2021-04-08 09:55:26,1045.85,711782
2021-04-08 09:55:28,1045.8,711787
2021-04-08 09:55:28,1046.2,711794
2021-04-08 09:55:29,1046.2,711794
2021-04-08 09:55:30,1045.7,711897
2021-04-08 09:55:31,1045.65,711911
2021-04-08 09:55:32,1045.8,711955
2021-04-08 09:55:34,1045.8,711956
2021-04-08 09:55:34,1045.8,711956
2021-04-08 09:55:35,1045.7,712152
2021-04-08 09:55:36,1045.8,712153
2021-04-08 09:55:37,1045.5,713058
2021-04-08 09:55:38,1045.5,713239
2021-04-08 09:55:40,1045.05,713246
2021-04-08 09:55:41,1045.05,713246
2021-04-08 09:55:41,1045.05,713246
2021-04-08 09:55:42,1045.15,713336
2021-04-08 09:55:43,1045.15,713336
2021-04-08 09:55:44,1045.15,713351
2021-04-08 09:55:45,1045.5,713362
2021-04-08 09:55:46,1045.5,713367
2021-04-08 09:55:47,1045.05,713397
2021-04-08 09:55:48,1045.6,714397
2021-04-08 09:55:50,1045.05,715076
2021-04-08 09:55:50,1045.5,715089
2021-04-08 09:55:51,1045.1,715091
2021-04-08 09:55:52,1045.5,715094
2021-04-08 09:55:53,1045.5,715145
2021-04-08 09:55:54,1045.1,715246
2021-04-08 09:55:56,1045.05,715256
2021-04-08 09:55:56,1045.05,715256
2021-04-08 09:55:57,1045.4,715262
2021-04-08 09:55:58,1045.4,715262
2021-04-08 09:55:59,1045.1,715382
2021-04-08 09:56:00,1045.4,715392
2021-04-08 09:56:01,1045.4,715499
2021-04-08 09:56:02,1045.4,715562
2021-04-08 09:56:03,1045.4,715562
2021-04-08 09:56:04,1045.4,715562
2021-04-08 09:56:05,1045.65,715663
2021-04-08 09:56:07,1045.4,715728
2021-04-08 09:56:07,1045.4,715728
2021-04-08 09:56:08,1045.4,715814
2021-04-08 09:56:09,1045.1,717844
2021-04-08 09:56:10,1045.4,717874
2021-04-08 09:56:11,1045.4,717874
2021-04-08 09:56:12,1045.4,717911
2021-04-08 09:56:13,1045.4,717911
2021-04-08 09:56:14,1045.4,717931
2021-04-08 09:56:16,1045.4,717932
2021-04-08 09:56:16,1045.4,717932
2021-04-08 09:56:17,1045.65,717952
2021-04-08 09:56:18,1045.65,717952
2021-04-08 09:56:19,1045.65,718714
2021-04-08 09:56:20,1045.35,718870
2021-04-08 09:56:21,1045.65,718880
2021-04-08 09:56:23,1045.65,718880
2021-04-08 09:56:23,1045.65,718880
2021-04-08 09:56:24,1045.65,719057
2021-04-08 09:56:25,1045.65,719057
2021-04-08 09:56:26,1045.45,719094
2021-04-08 09:56:27,1045.3,719170
2021-04-08 09:56:28,1045.45,719180
2021-04-08 09:56:29,1045.35,719255
2021-04-08 09:56:31,1045.35,719255
2021-04-08 09:56:32,1045.35,719280
2021-04-08 09:56:32,1045.35,719280
2021-04-08 09:56:33,1045.35,719280
2021-04-08 09:56:34,1045.1,719313
2021-04-08 09:56:35,1045.1,719388
2021-04-08 09:56:36,1045.0,725069
2021-04-08 09:56:37,1044.5,725155
2021-04-08 09:56:39,1044.6,725242
2021-04-08 09:56:39,1044.6,725244
2021-04-08 09:56:40,1044.6,725244
2021-04-08 09:56:41,1044.6,725260
2021-04-08 09:56:43,1044.5,725411
2021-04-08 09:56:44,1044.5,725411
2021-04-08 09:56:44,1044.5,725411
2021-04-08 09:56:45,1044.5,725411
2021-04-08 09:56:46,1044.5,725451
2021-04-08 09:56:48,1044.6,725704
2021-04-08 09:56:49,1044.5,725786
2021-04-08 09:56:49,1044.5,725819
2021-04-08 09:56:50,1044.6,725881
2021-04-08 09:56:51,1044.4,726508
2021-04-08 09:56:52,1044.4,726508
2021-04-08 09:56:54,1044.6,726762
2021-04-08 09:56:55,1044.6,726762
2021-04-08 09:56:55,1044.6,726762
2021-04-08 09:56:56,1045.0,726767
2021-04-08 09:56:57,1045.0,726767
2021-04-08 09:56:58,1044.6,726842
2021-04-08 09:57:00,1044.6,726842
2021-04-08 09:57:01,1044.6,726843
2021-04-08 09:57:02,1044.6,727178
2021-04-08 09:57:02,1044.6,727178
2021-04-08 09:57:03,1044.6,727178
2021-04-08 09:57:04,1044.6,727178
2021-04-08 09:57:05,1045.0,727188
2021-04-08 09:57:07,1045.0,727288
2021-04-08 09:57:08,1045.0,727288
2021-04-08 09:57:08,1045.0,727288
2021-04-08 09:57:09,1044.65,727338
2021-04-08 09:57:10,1044.65,727348
2021-04-08 09:57:12,1045.0,727353
2021-04-08 09:57:13,1044.45,727873
2021-04-08 09:57:13,1044.45,727873
2021-04-08 09:57:14,1044.95,727980
2021-04-08 09:57:15,1045.0,728397
2021-04-08 09:57:17,1045.0,728397
2021-04-08 09:57:18,1044.95,728412
2021-04-08 09:57:18,1044.95,728412
2021-04-08 09:57:19,1044.95,728412
2021-04-08 09:57:20,1044.5,728442
2021-04-08 09:57:21,1044.5,728442
2021-04-08 09:57:23,1044.45,728482
2021-04-08 09:57:24,1045.0,728617
2021-04-08 09:57:24,1045.0,728617
2021-04-08 09:57:25,1045.0,728617
2021-04-08 09:57:26,1044.95,728627
2021-04-08 09:57:27,1044.95,728677
2021-04-08 09:57:29,1045.0,728687
2021-04-08 09:57:30,1044.95,728702
2021-04-08 09:57:30,1044.95,728740
2021-04-08 09:57:31,1045.0,729040
2021-04-08 09:57:32,1045.0,729040
2021-04-08 09:57:33,1045.0,729060
2021-04-08 09:57:35,1044.9,729070
2021-04-08 09:57:36,1044.9,729070
2021-04-08 09:57:36,1044.9,729160
2021-04-08 09:57:37,1044.4,729242
2021-04-08 09:57:38,1044.8,729410
2021-04-08 09:57:40,1044.8,729430
2021-04-08 09:57:41,1044.8,729435
2021-04-08 09:57:41,1044.8,729435
2021-04-08 09:57:42,1044.45,729440
2021-04-08 09:57:43,1044.45,729440
2021-04-08 09:57:44,1044.8,729451
2021-04-08 09:57:45,1044.85,729982
2021-04-08 09:57:47,1044.4,729992
2021-04-08 09:57:48,1044.5,729996
2021-04-08 09:57:48,1044.5,729996
2021-04-08 09:57:49,1044.75,729997
2021-04-08 09:57:50,1044.7,730035
2021-04-08 09:57:52,1044.7,730035
2021-04-08 09:57:53,1044.7,730035
2021-04-08 09:57:54,1044.7,730081
2021-04-08 09:57:54,1044.7,730081
2021-04-08 09:57:55,1044.7,730081
2021-04-08 09:57:56,1044.7,730081
2021-04-08 09:57:57,1044.7,730081
2021-04-08 09:57:59,1044.7,730146
2021-04-08 09:58:00,1044.5,730196
2021-04-08 09:58:00,1044.5,730196
2021-04-08 09:58:01,1044.5,730196
2021-04-08 09:58:02,1044.5,730199
2021-04-08 09:58:04,1044.7,730209
2021-04-08 09:58:05,1044.7,730210
2021-04-08 09:58:05,1044.7,730210
2021-04-08 09:58:06,1044.7,730241
2021-04-08 09:58:07,1044.7,730241
2021-04-08 09:58:08,1044.7,730242
2021-04-08 09:58:10,1044.3,730997
2021-04-08 09:58:11,1044.5,731069
2021-04-08 09:58:12,1044.2,731095
2021-04-08 09:58:12,1044.2,731095
2021-04-08 09:58:13,1044.5,731192
2021-04-08 09:58:14,1043.7,734094
2021-04-08 09:58:16,1043.35,734400
2021-04-08 09:58:17,1043.75,734770
2021-04-08 09:58:17,1043.3,734805
2021-04-08 09:58:18,1043.75,734806
2021-04-08 09:58:19,1043.75,734906
2021-04-08 09:58:21,1043.75,734919
2021-04-08 09:58:22,1043.3,734970
2021-04-08 09:58:22,1043.3,734970
2021-04-08 09:58:23,1043.75,735020
2021-04-08 09:58:24,1043.75,735020
2021-04-08 09:58:25,1043.75,735020
2021-04-08 09:58:27,1043.7,735120
2021-04-08 09:58:28,1043.25,735170
2021-04-08 09:58:29,1043.7,735235
2021-04-08 09:58:29,1043.25,735245
2021-04-08 09:58:30,1043.25,735245
2021-04-08 09:58:31,1043.25,735245
2021-04-08 09:58:32,1043.25,735245
2021-04-08 09:58:33,1043.25,735245
2021-04-08 09:58:34,1043.25,735245
2021-04-08 09:58:36,1043.65,735254
2021-04-08 09:58:37,1043.65,735357
2021-04-08 09:58:37,1043.65,735257
2021-04-08 09:58:38,1043.65,735357
2021-04-08 09:58:40,1043.65,735749
2021-04-08 09:58:41,1043.35,736000
2021-04-08 09:58:42,1043.65,736010
2021-04-08 09:58:42,1043.65,736020
2021-04-08 09:58:43,1043.95,736220
2021-04-08 09:58:44,1043.95,736220
2021-04-08 09:58:46,1043.65,736224
2021-04-08 09:58:47,1044.05,736524
2021-04-08 09:58:48,1044.05,736524
2021-04-08 09:58:49,1044.05,736524
2021-04-08 09:58:50,1044.0,736549
2021-04-08 09:58:50,1044.0,736549
2021-04-08 09:58:51,1043.7,736684
2021-04-08 09:58:53,1043.95,736699
2021-04-08 09:58:54,1043.9,736841
2021-04-08 09:58:55,1043.9,736841
2021-04-08 09:58:56,1043.9,736841
2021-04-08 09:58:57,1043.8,736891
2021-04-08 09:58:57,1043.9,736841
2021-04-08 09:58:58,1043.9,737252
2021-04-08 09:58:59,1043.9,737252
2021-04-08 09:59:00,1044.0,737329
2021-04-08 09:59:01,1044.0,737329
2021-04-08 09:59:03,1044.0,737329
2021-04-08 09:59:04,1044.0,737329
2021-04-08 09:59:05,1044.0,737329
2021-04-08 09:59:06,1043.7,737587
2021-04-08 09:59:06,1043.7,737587
2021-04-08 09:59:07,1044.15,738087
2021-04-08 09:59:08,1043.75,738187
2021-04-08 09:59:09,1043.75,738187
2021-04-08 09:59:11,1043.9,738356
2021-04-08 09:59:12,1043.9,738360
2021-04-08 09:59:13,1043.9,738361
2021-04-08 09:59:13,1043.9,738361
2021-04-08 09:59:14,1043.9,738466
2021-04-08 09:59:15,1043.7,738561
2021-04-08 09:59:16,1043.9,738563
2021-04-08 09:59:18,1043.9,738563
2021-04-08 09:59:19,1044.1,739643
2021-04-08 09:59:20,1043.9,739687
2021-04-08 09:59:20,1043.9,739687
2021-04-08 09:59:21,1043.9,739687
2021-04-08 09:59:23,1043.85,739688
2021-04-08 09:59:24,1043.7,740566
2021-04-08 09:59:25,1043.7,740627
2021-04-08 09:59:25,1043.7,740627
2021-04-08 09:59:26,1043.85,740819
2021-04-08 09:59:27,1043.7,741128
2021-04-08 09:59:29,1043.65,741373
2021-04-08 09:59:30,1043.9,742533
2021-04-08 09:59:31,1044.35,742713
2021-04-08 09:59:31,1044.35,742613
2021-04-08 09:59:32,1044.35,742713
2021-04-08 09:59:34,1044.35,742713
2021-04-08 09:59:35,1044.3,742728
2021-04-08 09:59:36,1044.3,742728
2021-04-08 09:59:37,1044.35,742755
2021-04-08 09:59:37,1044.35,742755
2021-04-08 09:59:38,1044.3,742775
2021-04-08 09:59:40,1044.3,742775
2021-04-08 09:59:41,1044.3,742775
2021-04-08 09:59:42,1044.0,742800
2021-04-08 09:59:43,1044.3,742810
2021-04-08 09:59:43,1044.3,742810
2021-04-08 09:59:44,1044.3,742810
2021-04-08 09:59:46,1044.0,742812
2021-04-08 09:59:47,1043.9,745434
2021-04-08 09:59:48,1043.85,745448
2021-04-08 09:59:49,1043.85,745551
2021-04-08 09:59:49,1043.85,745551
2021-04-08 09:59:50,1043.9,746062
2021-04-08 09:59:51,1043.9,746082
2021-04-08 09:59:52,1043.85,746092
2021-04-08 09:59:54,1043.85,746142
2021-04-08 09:59:55,1043.5,746152
2021-04-08 09:59:56,1043.5,746152
2021-04-08 09:59:57,1043.5,746262
2021-04-08 09:59:58,1043.5,746262
2021-04-08 09:59:59,1043.5,746262
2021-04-08 09:59:59,1043.5,746262
2021-04-08 10:00:00,1043.5,746262
2021-04-08 10:00:01,1043.4,746307
2021-04-08 10:00:03,1043.35,746507
2021-04-08 10:00:04,1043.25,746517
2021-04-08 10:00:05,1043.5,746689
2021-04-08 10:00:06,1043.25,746694
2021-04-08 10:00:07,1043.25,746804
2021-04-08 10:00:07,1043.25,746804
2021-04-08 10:00:08,1043.5,746976
2021-04-08 10:00:10,1043.5,747367
2021-04-08 10:00:11,1043.5,747367
2021-04-08 10:00:12,1043.25,747475
2021-04-08 10:00:12,1043.25,747475
2021-04-08 10:00:13,1043.25,747475
2021-04-08 10:00:15,1043.4,749647
2021-04-08 10:00:16,1043.05,749769
2021-04-08 10:00:17,1043.05,749769
2021-04-08 10:00:18,1043.05,749769
2021-04-08 10:00:18,1043.05,749769
2021-04-08 10:00:19,1043.4,749774
2021-04-08 10:00:21,1043.4,749823
2021-04-08 10:00:22,1043.05,749869
2021-04-08 10:00:23,1043.05,750028
2021-04-08 10:00:23,1042.7,753604
2021-04-08 10:00:24,1042.9,754683
2021-04-08 10:00:26,1042.75,754693
2021-04-08 10:00:27,1043.0,755038
2021-04-08 10:00:28,1043.05,755321
2021-04-08 10:00:29,1043.2,755433
2021-04-08 10:00:30,1043.5,755435
2021-04-08 10:00:30,1043.5,755435
2021-04-08 10:00:31,1042.95,755720
2021-04-08 10:00:33,1042.95,755720
2021-04-08 10:00:34,1042.95,755720
2021-04-08 10:00:35,1042.95,755720
2021-04-08 10:00:35,1042.95,755720
2021-04-08 10:00:36,1042.95,755720
2021-04-08 10:00:37,1042.7,756060
2021-04-08 10:00:39,1042.7,756118
2021-04-08 10:00:40,1042.55,756174
2021-04-08 10:00:41,1042.5,756269
2021-04-08 10:00:41,1042.5,756269
2021-04-08 10:00:42,1042.45,756275
2021-04-08 10:00:43,1042.55,756325
2021-04-08 10:00:44,1042.55,756335
2021-04-08 10:00:45,1042.55,756335
2021-04-08 10:00:47,1042.4,756835
2021-04-08 10:00:48,1042.4,756835
2021-04-08 10:00:49,1042.5,756889
2021-04-08 10:00:49,1042.35,757339
2021-04-08 10:00:50,1042.85,757356
2021-04-08 10:00:52,1042.85,757676
2021-04-08 10:00:53,1042.85,757676
2021-04-08 10:00:54,1042.8,757677
2021-04-08 10:00:55,1042.8,757677
2021-04-08 10:00:56,1042.8,757692
2021-04-08 10:00:57,1042.8,757694
2021-04-08 10:00:58,1042.8,757912
2021-04-08 10:00:58,1042.8,757912
2021-04-08 10:00:59,1042.5,757922
2021-04-08 10:01:01,1043.2,758814
2021-04-08 10:01:02,1043.3,758934
2021-04-08 10:01:03,1043.55,758939
2021-04-08 10:01:04,1043.55,758939
2021-04-08 10:01:05,1042.9,758952
2021-04-08 10:01:05,1042.9,758952
2021-04-08 10:01:07,1042.9,758952
2021-04-08 10:01:08,1043.25,759027
2021-04-08 10:01:09,1043.25,759027
2021-04-08 10:01:10,1043.0,759294
2021-04-08 10:01:11,1043.25,759326
2021-04-08 10:01:11,1043.25,759326
2021-04-08 10:01:13,1043.4,759430
2021-04-08 10:01:14,1043.4,759430
2021-04-08 10:01:15,1043.4,759430
2021-04-08 10:01:16,1043.4,759430
2021-04-08 10:01:16,1043.4,759430
2021-04-08 10:01:18,1043.4,759430
2021-04-08 10:01:19,1043.4,759430
2021-04-08 10:01:20,1043.0,759469
2021-04-08 10:01:21,1043.3,759482
2021-04-08 10:01:22,1043.4,759582
2021-04-08 10:01:23,1043.4,759582
2021-04-08 10:01:24,1043.4,759582
2021-04-08 10:01:24,1043.4,759582
2021-04-08 10:01:25,1043.1,759587
2021-04-08 10:01:26,1043.1,759587
2021-04-08 10:01:28,1043.1,759592
2021-04-08 10:01:29,1043.4,759594
2021-04-08 10:01:30,1043.4,759659
2021-04-08 10:01:31,1043.0,759684
2021-04-08 10:01:32,1043.4,759784
2021-04-08 10:01:32,1043.4,759784
2021-04-08 10:01:34,1043.05,760106
2021-04-08 10:01:35,1043.05,760106
2021-04-08 10:01:36,1043.1,760231
2021-04-08 10:01:37,1043.4,760241
2021-04-08 10:01:38,1043.0,760316
2021-04-08 10:01:39,1043.0,760316
2021-04-08 10:01:40,1043.0,760316
2021-04-08 10:01:41,1043.4,760501
2021-04-08 10:01:42,1043.4,760501
2021-04-08 10:01:43,1043.4,760501
2021-04-08 10:01:44,1043.4,760501
2021-04-08 10:01:45,1043.2,760675
2021-04-08 10:01:46,1043.75,760976
2021-04-08 10:01:47,1043.2,761297
2021-04-08 10:01:47,1043.2,761297
2021-04-08 10:01:48,1043.2,761297
2021-04-08 10:01:50,1043.15,761549
2021-04-08 10:01:51,1043.6,761562
2021-04-08 10:01:52,1043.6,761562
2021-04-08 10:01:53,1043.6,761562
2021-04-08 10:01:54,1043.6,761572
2021-04-08 10:01:54,1043.6,761572
2021-04-08 10:01:56,1043.6,761572
2021-04-08 10:01:57,1043.6,761572
2021-04-08 10:01:58,1043.6,761623
2021-04-08 10:01:59,1043.4,761625
2021-04-08 10:02:00,1043.4,761625
2021-04-08 10:02:01,1043.4,761625
2021-04-08 10:02:02,1043.5,761655
2021-04-08 10:02:02,1043.3,761662
2021-04-08 10:02:03,1043.5,761702
2021-04-08 10:02:04,1043.45,762373
2021-04-08 10:02:06,1043.3,762393
2021-04-08 10:02:07,1043.3,762393
2021-04-08 10:02:07,1043.7,762394
2021-04-08 10:02:08,1043.6,762400
2021-04-08 10:02:09,1043.2,762455
2021-04-08 10:02:10,1043.2,762455
2021-04-08 10:02:12,1043.2,762555
2021-04-08 10:02:13,1043.7,762558
2021-04-08 10:02:13,1043.2,762561
2021-04-08 10:02:14,1043.2,762561
2021-04-08 10:02:15,1043.2,762561
2021-04-08 10:02:17,1043.2,762602
2021-04-08 10:02:18,1043.2,762602
2021-04-08 10:02:19,1043.2,762602
2021-04-08 10:02:20,1043.2,762664
2021-04-08 10:02:21,1043.7,762793
2021-04-08 10:02:22,1043.7,762794
2021-04-08 10:02:23,1043.15,763194
2021-04-08 10:02:24,1043.7,763303
2021-04-08 10:02:24,1043.7,763303
2021-04-08 10:02:26,1043.4,763311
2021-04-08 10:02:27,1043.7,763340
2021-04-08 10:02:28,1043.7,763340
2021-04-08 10:02:30,1043.6,763358
2021-04-08 10:02:30,1043.7,763408
2021-04-08 10:02:31,1043.7,763408
2021-04-08 10:02:33,1043.7,765485
2021-04-08 10:02:34,1043.85,765490
2021-04-08 10:02:34,1043.85,765490
2021-04-08 10:02:35,1044.3,765500
2021-04-08 10:02:36,1044.3,765502
2021-04-08 10:02:38,1043.95,765557
2021-04-08 10:02:39,1043.95,765560
2021-04-08 10:02:40,1044.3,765760
2021-04-08 10:02:41,1044.3,765764
2021-04-08 10:02:42,1044.0,765766
2021-04-08 10:02:43,1044.5,765952
2021-04-08 10:02:44,1044.5,765952
2021-04-08 10:02:44,1044.5,765952
2021-04-08 10:02:45,1044.5,765952
2021-04-08 10:02:46,1044.5,765952
2021-04-08 10:02:47,1044.15,766142
2021-04-08 10:02:48,1044.5,766143
2021-04-08 10:02:49,1044.15,766146
2021-04-08 10:02:50,1044.5,766159
2021-04-08 10:02:52,1044.5,766181
2021-04-08 10:02:53,1044.5,766181
2021-04-08 10:02:54,1044.15,766238
2021-04-08 10:02:55,1044.15,766238
2021-04-08 10:02:56,1044.5,766278
2021-04-08 10:02:57,1044.5,766282
2021-04-08 10:02:58,1044.2,766308
2021-04-08 10:02:59,1044.2,766308
2021-04-08 10:03:00,1044.2,766308
2021-04-08 10:03:01,1044.5,766313
2021-04-08 10:03:02,1044.25,766357
2021-04-08 10:03:03,1044.5,766377
2021-04-08 10:03:04,1044.5,766387
2021-04-08 10:03:05,1044.25,766388
2021-04-08 10:03:06,1044.25,766388
2021-04-08 10:03:07,1044.5,766688
2021-04-08 10:03:08,1044.5,766696
2021-04-08 10:03:09,1044.25,767052
2021-04-08 10:03:11,1044.5,767056
2021-04-08 10:03:10,1044.5,767056
2021-04-08 10:03:12,1044.5,767161
2021-04-08 10:03:13,1044.5,767171
2021-04-08 10:03:14,1044.25,767186
2021-04-08 10:03:15,1044.5,767286
2021-04-08 10:03:16,1044.25,767289
2021-04-08 10:03:17,1044.5,767292
2021-04-08 10:03:18,1044.5,767342
2021-04-08 10:03:19,1044.5,767342
2021-04-08 10:03:20,1044.25,767364
2021-04-08 10:03:21,1044.5,767378
2021-04-08 10:03:22,1044.25,767382
2021-04-08 10:03:23,1044.25,767382
2021-04-08 10:03:24,1044.65,767387
2021-04-08 10:03:25,1044.7,767487
2021-04-08 10:03:26,1044.7,767487
2021-04-08 10:03:27,1044.4,767722
2021-04-08 10:03:28,1044.4,767727
2021-04-08 10:03:29,1044.4,767727
2021-04-08 10:03:30,1044.4,767937
2021-04-08 10:03:31,1044.5,767962
2021-04-08 10:03:32,1044.4,768061
2021-04-08 10:03:33,1044.4,768061
2021-04-08 10:03:34,1044.5,768065
2021-04-08 10:03:35,1044.4,768075
2021-04-08 10:03:36,1044.5,768611
2021-04-08 10:03:37,1044.5,768711
2021-04-08 10:03:38,1044.5,768711
2021-04-08 10:03:39,1044.2,768770
2021-04-08 10:03:40,1044.4,768771
2021-04-08 10:03:41,1044.5,768774
2021-04-08 10:03:42,1044.7,768844
2021-04-08 10:03:43,1044.4,768872
2021-04-08 10:03:44,1044.7,768881
2021-04-08 10:03:45,1044.4,768936
2021-04-08 10:03:46,1044.65,768947
2021-04-08 10:03:47,1044.4,768948
2021-04-08 10:03:48,1044.4,768949
2021-04-08 10:03:49,1044.4,768957
2021-04-08 10:03:50,1044.5,769043
2021-04-08 10:03:51,1044.4,769053
2021-04-08 10:03:52,1044.4,769053
2021-04-08 10:03:53,1044.45,769056
2021-04-08 10:03:54,1044.45,769067
2021-04-08 10:03:55,1044.45,769164
2021-04-08 10:03:56,1044.45,769164
2021-04-08 10:03:57,1044.45,769270
2021-04-08 10:03:58,1044.45,769370
2021-04-08 10:03:59,1044.45,769371
2021-04-08 10:04:00,1044.45,769389
2021-04-08 10:04:01,1044.2,769406
2021-04-08 10:04:02,1044.45,769487
2021-04-08 10:04:03,1044.45,769547
