timestamp,ltp,volume
2021-04-08 09:15:20,443.05,289528
2021-04-08 09:15:21,442.45,302594
2021-04-08 09:15:22,442.55,309163
2021-04-08 09:15:23,442.75,315272
2021-04-08 09:15:24,443.0,321527
2021-04-08 09:15:25,442.8,326865
2021-04-08 09:15:26,443.0,352487
2021-04-08 09:15:27,442.65,356552
2021-04-08 09:15:28,442.8,368862
2021-04-08 09:15:29,442.7,377998
2021-04-08 09:15:29,443.0,379194
2021-04-08 09:15:30,442.55,392331
2021-04-08 09:15:31,442.7,409085
2021-04-08 09:15:32,443.05,421160
2021-04-08 09:15:33,443.15,424041
2021-04-08 09:15:34,443.0,424675
2021-04-08 09:15:35,443.0,427570
2021-04-08 09:15:36,443.1,437607
2021-04-08 09:15:37,443.45,446010
2021-04-08 09:15:38,443.5,447585
2021-04-08 09:15:39,443.55,449704
2021-04-08 09:15:40,443.55,457739
2021-04-08 09:15:41,443.5,467140
2021-04-08 09:15:42,443.45,472869
2021-04-08 09:15:43,443.7,475254
2021-04-08 09:15:44,443.85,477489
2021-04-08 09:15:45,443.9,500780
2021-04-08 09:15:46,443.55,505432
2021-04-08 09:15:47,443.8,509174
2021-04-08 09:15:48,443.65,518702
2021-04-08 09:15:49,443.65,519317
2021-04-08 09:15:50,443.65,523454
2021-04-08 09:15:51,443.9,526907
2021-04-08 09:15:52,443.8,532988
2021-04-08 09:15:53,444.05,540750
2021-04-08 09:15:54,444.05,541975
2021-04-08 09:15:55,444.0,549740
2021-04-08 09:15:56,443.85,553491
2021-04-08 09:15:57,444.25,558781
2021-04-08 09:15:58,443.6,570302
2021-04-08 09:15:59,443.4,579172
2021-04-08 09:16:00,443.25,596873
2021-04-08 09:16:01,443.65,601939
2021-04-08 09:16:02,443.7,606898
2021-04-08 09:16:03,443.45,610408
2021-04-08 09:16:04,443.85,614377
2021-04-08 09:16:05,443.95,617994
2021-04-08 09:16:06,443.75,619150
2021-04-08 09:16:07,443.8,620791
2021-04-08 09:16:08,444.0,624925
2021-04-08 09:16:09,443.95,627066
2021-04-08 09:16:10,443.9,627559
2021-04-08 09:16:11,443.45,639380
2021-04-08 09:16:12,443.55,643777
2021-04-08 09:16:13,444.1,655483
2021-04-08 09:16:14,443.85,656829
2021-04-08 09:16:15,444.0,660072
2021-04-08 09:16:16,443.85,664312
2021-04-08 09:16:17,443.55,666899
2021-04-08 09:16:18,443.95,674063
2021-04-08 09:16:19,444.0,676826
2021-04-08 09:16:20,443.6,692877
2021-04-08 09:16:21,443.75,697959
2021-04-08 09:16:22,443.55,718514
2021-04-08 09:16:23,443.25,730300
2021-04-08 09:16:24,443.5,734765
2021-04-08 09:16:25,443.4,738476
2021-04-08 09:16:26,443.4,739327
2021-04-08 09:16:27,443.25,743167
2021-04-08 09:16:28,443.35,745631
2021-04-08 09:16:30,443.35,748138
2021-04-08 09:16:30,443.2,749319
2021-04-08 09:16:32,442.85,782737
2021-04-08 09:16:32,443.15,786661
2021-04-08 09:16:33,442.85,789942
2021-04-08 09:16:34,443.0,791732
2021-04-08 09:16:35,442.9,793323
2021-04-08 09:16:36,442.95,795196
2021-04-08 09:16:38,442.95,796387
2021-04-08 09:16:39,442.8,798371
2021-04-08 09:16:40,443.0,800818
2021-04-08 09:16:41,442.85,803388
2021-04-08 09:16:42,443.05,807813
2021-04-08 09:16:43,443.15,811368
2021-04-08 09:16:44,443.25,813489
2021-04-08 09:16:44,442.95,814481
2021-04-08 09:16:45,443.0,815939
2021-04-08 09:16:46,443.2,818839
2021-04-08 09:16:48,443.0,831434
2021-04-08 09:16:49,442.9,835669
2021-04-08 09:16:50,443.0,836585
2021-04-08 09:16:51,443.0,839127
2021-04-08 09:16:52,443.0,840465
2021-04-08 09:16:53,442.85,844567
2021-04-08 09:16:54,442.9,849398
2021-04-08 09:16:55,442.9,851611
2021-04-08 09:16:56,443.0,853796
2021-04-08 09:16:57,442.9,858815
2021-04-08 09:16:58,443.0,863768
2021-04-08 09:16:58,443.0,863751
2021-04-08 09:16:59,442.85,871447
2021-04-08 09:17:00,443.15,874104
2021-04-08 09:17:02,443.3,877561
2021-04-08 09:17:02,443.05,883854
2021-04-08 09:17:03,443.35,885856
2021-04-08 09:17:04,443.05,888750
2021-04-08 09:17:05,443.2,889935
2021-04-08 09:17:06,442.9,892307
2021-04-08 09:17:07,443.05,893049
2021-04-08 09:17:08,442.95,895721
2021-04-08 09:17:09,443.0,897088
2021-04-08 09:17:10,442.9,898334
2021-04-08 09:17:11,442.95,900756
2021-04-08 09:17:12,442.9,903630
2021-04-08 09:17:14,442.95,904759
2021-04-08 09:17:14,442.95,910783
2021-04-08 09:17:15,443.0,920268
2021-04-08 09:17:17,442.95,921146
2021-04-08 09:17:17,442.95,932742
2021-04-08 09:17:18,443.1,934826
2021-04-08 09:17:19,443.2,940828
2021-04-08 09:17:20,443.25,947617
2021-04-08 09:17:22,443.05,949046
2021-04-08 09:17:23,443.15,952300
2021-04-08 09:17:23,443.0,953029
2021-04-08 09:17:24,443.2,957705
2021-04-08 09:17:25,443.15,963791
2021-04-08 09:17:26,443.05,968369
2021-04-08 09:17:27,443.0,970557
2021-04-08 09:17:28,443.0,971692
2021-04-08 09:17:29,443.0,972871
2021-04-08 09:17:30,442.95,985136
2021-04-08 09:17:31,443.0,990762
2021-04-08 09:17:32,442.85,994297
2021-04-08 09:17:33,443.05,997119
2021-04-08 09:17:34,443.05,998897
2021-04-08 09:17:35,443.1,999987
2021-04-08 09:17:37,443.0,1001956
2021-04-08 09:17:38,443.1,1003533
2021-04-08 09:17:39,443.15,1004340
2021-04-08 09:17:39,443.2,1007036
2021-04-08 09:17:40,443.05,1014303
2021-04-08 09:17:41,443.05,1015355
2021-04-08 09:17:43,443.0,1025126
2021-04-08 09:17:44,442.65,1058478
2021-04-08 09:17:45,443.0,1063510
2021-04-08 09:17:46,442.85,1072331
2021-04-08 09:17:47,442.9,1072905
2021-04-08 09:17:47,443.0,1072939
2021-04-08 09:17:48,443.0,1076265
2021-04-08 09:17:49,442.9,1077963
2021-04-08 09:17:50,443.05,1079710
2021-04-08 09:17:51,442.95,1081463
2021-04-08 09:17:52,442.85,1084460
2021-04-08 09:17:53,443.0,1085743
2021-04-08 09:17:54,442.75,1087813
2021-04-08 09:17:55,442.8,1089445
2021-04-08 09:17:56,442.85,1093390
2021-04-08 09:17:57,442.8,1099005
2021-04-08 09:17:58,442.8,1099891
2021-04-08 09:17:59,442.8,1100453
2021-04-08 09:18:00,442.85,1101439
2021-04-08 09:18:01,442.9,1103089
2021-04-08 09:18:02,443.0,1105648
2021-04-08 09:18:03,443.0,1107627
2021-04-08 09:18:04,442.95,1108942
2021-04-08 09:18:06,442.95,1109949
2021-04-08 09:18:07,443.05,1118806
2021-04-08 09:18:08,442.95,1121087
2021-04-08 09:18:08,442.7,1123941
2021-04-08 09:18:09,443.0,1127434
2021-04-08 09:18:10,442.75,1132822
2021-04-08 09:18:11,443.1,1136218
2021-04-08 09:18:13,443.0,1136779
2021-04-08 09:18:13,443.1,1139531
2021-04-08 09:18:15,443.0,1141299
2021-04-08 09:18:15,443.2,1141199
2021-04-08 09:18:17,443.15,1143078
2021-04-08 09:18:18,443.15,1143477
2021-04-08 09:18:18,443.2,1144413
2021-04-08 09:18:19,443.2,1145674
2021-04-08 09:18:20,443.2,1146016
2021-04-08 09:18:21,443.4,1157419
2021-04-08 09:18:23,443.2,1167325
2021-04-08 09:18:24,443.2,1169470
2021-04-08 09:18:25,443.35,1170615
2021-04-08 09:18:26,443.5,1171656
2021-04-08 09:18:26,443.45,1171966
2021-04-08 09:18:27,443.3,1175397
2021-04-08 09:18:28,443.25,1175773
2021-04-08 09:18:29,443.45,1179537
2021-04-08 09:18:31,443.65,1180988
2021-04-08 09:18:32,443.7,1182042
2021-04-08 09:18:33,443.5,1182621
2021-04-08 09:18:34,443.4,1182671
2021-04-08 09:18:34,443.8,1184126
2021-04-08 09:18:35,443.8,1186669
2021-04-08 09:18:37,443.9,1191154
2021-04-08 09:18:38,443.7,1191466
2021-04-08 09:18:39,443.7,1191817
2021-04-08 09:18:40,443.95,1238303
2021-04-08 09:18:41,444.2,1238758
2021-04-08 09:18:42,443.85,1251580
2021-04-08 09:18:43,443.95,1251971
2021-04-08 09:18:44,444.0,1253950
2021-04-08 09:18:45,443.8,1255221
2021-04-08 09:18:46,443.6,1256775
2021-04-08 09:18:47,443.5,1261676
2021-04-08 09:18:48,443.65,1265720
2021-04-08 09:18:49,443.65,1267049
2021-04-08 09:18:50,443.45,1271854
2021-04-08 09:18:51,443.4,1273532
2021-04-08 09:18:52,443.45,1275437
2021-04-08 09:18:53,443.75,1277176
2021-04-08 09:18:54,443.65,1279909
2021-04-08 09:18:55,443.95,1280519
2021-04-08 09:18:56,444.0,1282423
2021-04-08 09:18:57,443.95,1283996
2021-04-08 09:18:58,444.0,1284505
2021-04-08 09:18:59,443.7,1287839
2021-04-08 09:19:00,443.9,1294390
2021-04-08 09:19:01,443.8,1295930
2021-04-08 09:19:02,443.85,1297327
2021-04-08 09:19:03,443.9,1297947
2021-04-08 09:19:04,443.9,1299801
2021-04-08 09:19:05,443.85,1300312
2021-04-08 09:19:06,444.0,1301276
2021-04-08 09:19:07,443.3,1319633
2021-04-08 09:19:08,443.4,1323303
2021-04-08 09:19:09,443.1,1324595
2021-04-08 09:19:10,443.2,1357810
2021-04-08 09:19:11,443.3,1358922
2021-04-08 09:19:12,443.3,1359991
2021-04-08 09:19:13,443.3,1361008
2021-04-08 09:19:14,443.45,1362867
2021-04-08 09:19:15,443.25,1363712
2021-04-08 09:19:16,443.45,1364199
2021-04-08 09:19:17,443.45,1364364
2021-04-08 09:19:18,443.3,1364561
2021-04-08 09:19:19,443.45,1365366
2021-04-08 09:19:20,443.4,1366147
2021-04-08 09:19:21,443.3,1370980
2021-04-08 09:19:22,443.3,1371378
2021-04-08 09:19:23,443.35,1372441
2021-04-08 09:19:24,443.3,1380795
2021-04-08 09:19:25,443.15,1381629
2021-04-08 09:19:26,443.3,1382541
2021-04-08 09:19:27,443.4,1382756
2021-04-08 09:19:28,443.45,1393640
2021-04-08 09:19:29,443.35,1394042
2021-04-08 09:19:30,443.5,1398714
2021-04-08 09:19:31,443.8,1401291
2021-04-08 09:19:32,443.75,1402775
2021-04-08 09:19:33,443.9,1404244
2021-04-08 09:19:34,443.95,1404614
2021-04-08 09:19:35,443.7,1404951
2021-04-08 09:19:36,443.65,1406728
2021-04-08 09:19:37,443.7,1408828
2021-04-08 09:19:38,443.7,1409028
2021-04-08 09:19:39,443.75,1413372
2021-04-08 09:19:40,443.6,1413447
2021-04-08 09:19:41,443.7,1419806
2021-04-08 09:19:42,443.9,1423014
2021-04-08 09:19:43,443.9,1423331
2021-04-08 09:19:44,443.9,1424441
2021-04-08 09:19:45,443.95,1428720
2021-04-08 09:19:46,444.0,1428900
2021-04-08 09:19:47,444.0,1429118
2021-04-08 09:19:48,444.0,1431176
2021-04-08 09:19:49,444.15,1450027
2021-04-08 09:19:50,444.2,1450657
2021-04-08 09:19:51,444.0,1451969
2021-04-08 09:19:52,444.2,1458494
2021-04-08 09:19:53,444.15,1460528
2021-04-08 09:19:54,444.2,1461932
2021-04-08 09:19:55,444.0,1465505
2021-04-08 09:19:56,444.2,1466080
2021-04-08 09:19:57,444.0,1466234
2021-04-08 09:19:58,443.9,1474238
2021-04-08 09:19:59,444.15,1475137
2021-04-08 09:20:00,443.85,1480646
2021-04-08 09:20:01,443.9,1481783
2021-04-08 09:20:02,444.0,1486508
2021-04-08 09:20:03,443.9,1488306
2021-04-08 09:20:04,443.85,1489291
2021-04-08 09:20:05,443.95,1491903
2021-04-08 09:20:06,444.0,1492328
2021-04-08 09:20:07,444.05,1493345
2021-04-08 09:20:08,444.05,1493545
2021-04-08 09:20:09,444.15,1494315
2021-04-08 09:20:10,444.0,1496700
2021-04-08 09:20:11,443.9,1499733
2021-04-08 09:20:12,444.1,1501375
2021-04-08 09:20:13,443.9,1503618
2021-04-08 09:20:14,444.0,1505597
2021-04-08 09:20:15,444.1,1508600
2021-04-08 09:20:16,444.0,1509033
2021-04-08 09:20:17,443.95,1511368
2021-04-08 09:20:18,444.0,1511994
2021-04-08 09:20:19,444.0,1512772
2021-04-08 09:20:20,444.2,1515024
2021-04-08 09:20:21,444.0,1515545
2021-04-08 09:20:22,444.1,1519758
2021-04-08 09:20:23,444.1,1519758
2021-04-08 09:20:24,444.0,1525179
2021-04-08 09:20:25,443.9,1525903
2021-04-08 09:20:26,443.95,1530227
2021-04-08 09:20:27,444.0,1531824
2021-04-08 09:20:28,443.9,1532501
2021-04-08 09:20:29,443.7,1535977
2021-04-08 09:20:30,443.8,1536368
2021-04-08 09:20:31,444.0,1541212
2021-04-08 09:20:32,443.8,1544662
2021-04-08 09:20:33,443.95,1546246
2021-04-08 09:20:34,443.95,1546246
2021-04-08 09:20:35,443.75,1547067
2021-04-08 09:20:36,443.95,1547746
2021-04-08 09:20:37,443.9,1556181
2021-04-08 09:20:38,443.9,1557622
2021-04-08 09:20:39,444.0,1559833
2021-04-08 09:20:40,444.05,1560942
2021-04-08 09:20:41,444.1,1563961
2021-04-08 09:20:42,444.0,1566175
2021-04-08 09:20:43,444.15,1567072
2021-04-08 09:20:44,443.95,1567692
2021-04-08 09:20:45,444.0,1568052
2021-04-08 09:20:46,444.0,1568855
2021-04-08 09:20:47,444.0,1569976
2021-04-08 09:20:48,444.1,1572678
2021-04-08 09:20:49,444.15,1574554
2021-04-08 09:20:50,443.85,1575585
2021-04-08 09:20:51,444.1,1576734
2021-04-08 09:20:52,444.15,1577358
2021-04-08 09:20:53,444.3,1581374
2021-04-08 09:20:54,444.25,1583014
2021-04-08 09:20:55,444.0,1585079
2021-04-08 09:20:56,444.5,1662583
2021-04-08 09:20:58,444.7,1670862
2021-04-08 09:20:58,444.5,1676482
2021-04-08 09:21:00,444.9,1690705
2021-04-08 09:21:00,444.7,1690126
2021-04-08 09:21:02,444.9,1696743
2021-04-08 09:21:02,444.9,1696828
2021-04-08 09:21:03,445.3,1755150
2021-04-08 09:21:04,445.35,1755698
2021-04-08 09:21:05,445.0,1759843
2021-04-08 09:21:06,445.0,1760966
2021-04-08 09:21:07,445.45,1764858
2021-04-08 09:21:08,445.0,1771349
2021-04-08 09:21:09,444.9,1779924
2021-04-08 09:21:10,445.0,1783396
2021-04-08 09:21:11,445.0,1785821
2021-04-08 09:21:12,445.0,1787067
2021-04-08 09:21:13,445.0,1788673
2021-04-08 09:21:15,445.0,1792415
2021-04-08 09:21:16,445.0,1793019
2021-04-08 09:21:16,444.75,1796117
2021-04-08 09:21:18,444.5,1798565
2021-04-08 09:21:19,444.65,1800442
2021-04-08 09:21:19,444.65,1800443
2021-04-08 09:21:20,444.7,1801141
2021-04-08 09:21:21,444.7,1802706
2021-04-08 09:21:22,444.7,1804591
2021-04-08 09:21:23,444.75,1805429
2021-04-08 09:21:24,444.9,1805825
2021-04-08 09:21:25,444.75,1809059
2021-04-08 09:21:26,444.8,1809518
2021-04-08 09:21:27,444.75,1811334
2021-04-08 09:21:28,444.6,1832118
2021-04-08 09:21:29,444.65,1833256
2021-04-08 09:21:30,444.7,1835348
2021-04-08 09:21:31,444.7,1838474
2021-04-08 09:21:32,444.75,1841624
2021-04-08 09:21:34,444.7,1843200
2021-04-08 09:21:35,444.65,1844930
2021-04-08 09:21:36,444.7,1846584
2021-04-08 09:21:36,444.7,1846649
2021-04-08 09:21:37,444.95,1847230
2021-04-08 09:21:38,444.55,1862374
2021-04-08 09:21:40,444.6,1863553
2021-04-08 09:21:41,445.0,1864531
2021-04-08 09:21:42,444.7,1866060
2021-04-08 09:21:43,444.65,1866536
2021-04-08 09:21:44,444.9,1867068
2021-04-08 09:21:45,445.0,1867508
2021-04-08 09:21:46,444.9,1868680
2021-04-08 09:21:46,445.0,1868685
2021-04-08 09:21:47,444.85,1869682
2021-04-08 09:21:48,444.85,1871508
2021-04-08 09:21:49,445.0,1871561
2021-04-08 09:21:50,445.0,1872381
2021-04-08 09:21:51,444.9,1872984
2021-04-08 09:21:52,444.9,1877596
2021-04-08 09:21:53,445.0,1878292
2021-04-08 09:21:54,445.0,1886540
2021-04-08 09:21:55,445.0,1887115
2021-04-08 09:21:57,444.9,1887593
2021-04-08 09:21:58,444.8,1890276
2021-04-08 09:21:59,444.9,1891297
2021-04-08 09:22:00,444.9,1891872
2021-04-08 09:22:01,444.9,1892044
2021-04-08 09:22:02,444.85,1894105
2021-04-08 09:22:03,444.85,1895988
2021-04-08 09:22:04,444.85,1898563
2021-04-08 09:22:05,444.85,1898698
2021-04-08 09:22:06,445.0,1900178
2021-04-08 09:22:07,445.0,1900898
2021-04-08 09:22:08,444.8,1902231
2021-04-08 09:22:09,444.75,1904856
2021-04-08 09:22:10,445.0,1907168
2021-04-08 09:22:10,444.85,1909371
2021-04-08 09:22:12,444.95,1910684
2021-04-08 09:22:13,444.8,1912596
2021-04-08 09:22:14,444.95,1914567
2021-04-08 09:22:15,445.0,1917643
2021-04-08 09:22:16,444.9,1936300
2021-04-08 09:22:17,445.2,1937869
2021-04-08 09:22:18,445.0,1938705
2021-04-08 09:22:19,444.9,1939390
2021-04-08 09:22:20,445.0,1941111
2021-04-08 09:22:21,444.95,1943169
2021-04-08 09:22:22,444.85,1949333
2021-04-08 09:22:23,444.85,1950888
2021-04-08 09:22:24,444.9,1952555
2021-04-08 09:22:25,444.85,1955721
2021-04-08 09:22:26,444.8,1956620
2021-04-08 09:22:27,444.95,1957671
2021-04-08 09:22:28,444.95,1958899
2021-04-08 09:22:29,445.0,1961534
2021-04-08 09:22:30,444.9,1964482
2021-04-08 09:22:32,445.2,1965631
2021-04-08 09:22:33,445.0,1967202
2021-04-08 09:22:33,445.1,1968004
2021-04-08 09:22:34,445.0,1968740
2021-04-08 09:22:35,444.95,1969892
2021-04-08 09:22:36,445.25,1970791
2021-04-08 09:22:37,445.15,1971629
2021-04-08 09:22:38,445.0,1972486
2021-04-08 09:22:39,445.0,1973670
2021-04-08 09:22:40,445.25,1977356
2021-04-08 09:22:41,445.1,1978167
2021-04-08 09:22:43,445.45,1987198
2021-04-08 09:22:43,445.2,1987636
2021-04-08 09:22:44,445.2,1988540
2021-04-08 09:22:45,445.2,1989080
2021-04-08 09:22:46,445.45,1989418
2021-04-08 09:22:47,445.45,1990877
2021-04-08 09:22:48,445.45,1991859
2021-04-08 09:22:49,445.2,1993541
2021-04-08 09:22:50,445.25,1994356
2021-04-08 09:22:51,445.35,1996856
2021-04-08 09:22:52,445.1,1998757
2021-04-08 09:22:53,445.4,1999888
2021-04-08 09:22:54,445.4,2007836
2021-04-08 09:22:55,445.3,2008831
2021-04-08 09:22:56,445.3,2009524
2021-04-08 09:22:58,445.05,2010738
2021-04-08 09:22:59,445.1,2012025
2021-04-08 09:23:00,445.0,2013970
2021-04-08 09:23:01,445.3,2014962
2021-04-08 09:23:02,445.2,2016488
2021-04-08 09:23:03,444.95,2030929
2021-04-08 09:23:04,444.95,2034021
2021-04-08 09:23:05,445.0,2040350
2021-04-08 09:23:06,444.95,2040443
2021-04-08 09:23:07,444.6,2044919
2021-04-08 09:23:08,444.75,2045991
2021-04-08 09:23:09,444.45,2052766
2021-04-08 09:23:09,444.45,2052766
2021-04-08 09:23:10,444.8,2057394
2021-04-08 09:23:11,444.5,2059903
2021-04-08 09:23:12,444.6,2060401
2021-04-08 09:23:13,444.5,2065599
2021-04-08 09:23:14,444.25,2069830
2021-04-08 09:23:15,444.15,2072699
2021-04-08 09:23:16,444.2,2073612
2021-04-08 09:23:17,444.3,2074649
2021-04-08 09:23:18,443.85,2094628
2021-04-08 09:23:19,444.2,2095174
2021-04-08 09:23:21,444.25,2096140
2021-04-08 09:23:22,444.2,2097776
2021-04-08 09:23:23,444.0,2100533
2021-04-08 09:23:24,444.0,2101800
2021-04-08 09:23:25,444.25,2103302
2021-04-08 09:23:26,444.15,2103353
2021-04-08 09:23:27,444.25,2103804
2021-04-08 09:23:28,444.05,2104032
2021-04-08 09:23:29,444.25,2104296
2021-04-08 09:23:30,443.75,2111324
2021-04-08 09:23:31,443.9,2114350
2021-04-08 09:23:32,444.15,2124755
2021-04-08 09:23:33,444.1,2125193
2021-04-08 09:23:34,444.15,2126794
2021-04-08 09:23:35,444.25,2128815
2021-04-08 09:23:36,444.0,2129974
2021-04-08 09:23:36,444.0,2129974
2021-04-08 09:23:37,444.0,2131165
2021-04-08 09:23:38,444.0,2131696
2021-04-08 09:23:39,443.95,2132945
2021-04-08 09:23:40,444.25,2135120
2021-04-08 09:23:42,443.85,2137896
2021-04-08 09:23:43,444.0,2138175
2021-04-08 09:23:44,443.75,2139362
2021-04-08 09:23:45,443.8,2140530
2021-04-08 09:23:46,444.1,2141410
2021-04-08 09:23:47,443.75,2141654
2021-04-08 09:23:48,444.1,2144697
2021-04-08 09:23:49,443.7,2146643
2021-04-08 09:23:49,443.95,2146949
2021-04-08 09:23:50,443.95,2147249
2021-04-08 09:23:51,444.1,2149036
2021-04-08 09:23:52,444.0,2150174
2021-04-08 09:23:53,443.95,2150769
2021-04-08 09:23:54,444.0,2151712
2021-04-08 09:23:55,444.2,2152359
2021-04-08 09:23:56,444.0,2152892
2021-04-08 09:23:57,443.95,2154316
2021-04-08 09:23:58,444.2,2155062
2021-04-08 09:24:00,444.0,2155603
2021-04-08 09:24:01,444.05,2162122
2021-04-08 09:24:02,443.9,2162740
2021-04-08 09:24:03,444.2,2164380
2021-04-08 09:24:04,444.05,2166127
2021-04-08 09:24:04,444.2,2166162
2021-04-08 09:24:05,444.25,2167102
2021-04-08 09:24:06,444.05,2167700
2021-04-08 09:24:07,444.25,2168079
2021-04-08 09:24:08,444.25,2168131
2021-04-08 09:24:09,444.25,2168744
2021-04-08 09:24:10,444.25,2169031
2021-04-08 09:24:11,444.25,2169137
2021-04-08 09:24:12,444.2,2169287
2021-04-08 09:24:13,444.2,2173271
2021-04-08 09:24:14,444.5,2174262
2021-04-08 09:24:15,444.15,2179712
2021-04-08 09:24:16,444.25,2180355
2021-04-08 09:24:17,444.3,2183344
2021-04-08 09:24:19,444.15,2183882
2021-04-08 09:24:20,444.0,2191792
2021-04-08 09:24:21,444.05,2194039
2021-04-08 09:24:23,444.05,2196121
2021-04-08 09:24:24,444.25,2196506
2021-04-08 09:24:24,444.0,2197306
2021-04-08 09:24:25,444.15,2197782
2021-04-08 09:24:26,444.15,2198522
2021-04-08 09:24:27,444.25,2198747
2021-04-08 09:24:28,444.4,2201462
2021-04-08 09:24:29,444.2,2202219
2021-04-08 09:24:30,444.4,2204520
2021-04-08 09:24:31,444.5,2206120
2021-04-08 09:24:32,444.5,2206205
2021-04-08 09:24:34,444.3,2207308
2021-04-08 09:24:34,444.45,2207698
2021-04-08 09:24:35,444.3,2207810
2021-04-08 09:24:36,444.4,2208199
2021-04-08 09:24:37,444.5,2208335
2021-04-08 09:24:38,444.3,2210042
2021-04-08 09:24:40,444.35,2212061
2021-04-08 09:24:41,444.4,2216117
2021-04-08 09:24:41,444.45,2215813
2021-04-08 09:24:42,444.3,2217699
2021-04-08 09:24:43,444.25,2220116
2021-04-08 09:24:44,444.35,2221365
2021-04-08 09:24:45,444.2,2221942
2021-04-08 09:24:46,444.5,2224752
2021-04-08 09:24:47,444.4,2224919
2021-04-08 09:24:48,444.3,2225170
2021-04-08 09:24:49,444.15,2226361
2021-04-08 09:24:50,444.3,2226866
2021-04-08 09:24:51,444.15,2229504
2021-04-08 09:24:53,444.2,2230429
2021-04-08 09:24:53,444.0,2231679
2021-04-08 09:24:54,444.0,2231824
2021-04-08 09:24:55,444.2,2232109
2021-04-08 09:24:56,444.0,2233234
2021-04-08 09:24:58,444.25,2234576
2021-04-08 09:24:59,444.05,2235093
2021-04-08 09:24:59,444.25,2235083
2021-04-08 09:25:00,444.25,2236241
2021-04-08 09:25:01,444.1,2241242
2021-04-08 09:25:02,443.95,2244269
2021-04-08 09:25:03,444.0,2245289
2021-04-08 09:25:04,443.85,2246596
2021-04-08 09:25:05,443.9,2247353
2021-04-08 09:25:06,443.95,2247627
2021-04-08 09:25:07,443.9,2247710
2021-04-08 09:25:08,443.85,2249253
2021-04-08 09:25:09,443.9,2254487
2021-04-08 09:25:10,443.9,2255247
2021-04-08 09:25:11,443.9,2255919
2021-04-08 09:25:13,444.1,2258306
2021-04-08 09:25:14,444.0,2261102
2021-04-08 09:25:15,444.0,2261693
2021-04-08 09:25:16,444.05,2267853
2021-04-08 09:25:17,444.0,2269798
2021-04-08 09:25:18,444.0,2270694
2021-04-08 09:25:19,444.0,2275019
2021-04-08 09:25:20,443.85,2275163
2021-04-08 09:25:21,443.9,2277773
2021-04-08 09:25:21,443.9,2277773
2021-04-08 09:25:22,443.9,2277810
2021-04-08 09:25:23,444.0,2279447
2021-04-08 09:25:25,443.85,2280566
2021-04-08 09:25:26,444.0,2281015
2021-04-08 09:25:27,443.85,2282104
2021-04-08 09:25:28,443.95,2284410
2021-04-08 09:25:28,443.75,2284407
2021-04-08 09:25:29,443.8,2284452
2021-04-08 09:25:30,443.6,2290947
2021-04-08 09:25:31,443.6,2291198
2021-04-08 09:25:33,443.7,2293793
2021-04-08 09:25:34,443.7,2295027
2021-04-08 09:25:35,443.75,2295371
2021-04-08 09:25:36,443.75,2295626
2021-04-08 09:25:37,443.75,2296239
2021-04-08 09:25:38,444.0,2296531
2021-04-08 09:25:39,443.95,2296769
2021-04-08 09:25:40,443.95,2296872
2021-04-08 09:25:41,443.75,2297650
2021-04-08 09:25:42,443.75,2297792
2021-04-08 09:25:43,443.8,2298100
2021-04-08 09:25:44,443.65,2298659
2021-04-08 09:25:44,443.75,2298699
2021-04-08 09:25:45,443.7,2300037
2021-04-08 09:25:46,443.7,2301054
2021-04-08 09:25:47,443.7,2301205
2021-04-08 09:25:48,443.55,2301262
2021-04-08 09:25:49,443.7,2301473
2021-04-08 09:25:50,443.7,2302598
2021-04-08 09:25:52,443.75,2303171
2021-04-08 09:25:53,443.7,2304234
2021-04-08 09:25:54,443.7,2306594
2021-04-08 09:25:55,443.75,2307574
2021-04-08 09:25:56,443.7,2308207
2021-04-08 09:25:57,443.75,2308486
2021-04-08 09:25:58,443.65,2308932
2021-04-08 09:25:59,443.65,2315502
2021-04-08 09:26:00,443.7,2315716
2021-04-08 09:26:01,443.6,2316812
2021-04-08 09:26:02,443.75,2317899
2021-04-08 09:26:03,443.65,2318299
2021-04-08 09:26:04,443.55,2318664
2021-04-08 09:26:05,443.75,2318830
2021-04-08 09:26:06,443.75,2319089
2021-04-08 09:26:07,443.55,2319787
2021-04-08 09:26:08,443.2,2329804
2021-04-08 09:26:08,443.2,2329804
2021-04-08 09:26:09,443.45,2330793
2021-04-08 09:26:11,443.4,2331464
2021-04-08 09:26:12,443.15,2333143
2021-04-08 09:26:13,443.2,2339393
2021-04-08 09:26:14,442.8,2376349
2021-04-08 09:26:15,442.9,2377028
2021-04-08 09:26:16,442.6,2379725
2021-04-08 09:26:17,442.85,2380129
2021-04-08 09:26:17,443.0,2380039
2021-04-08 09:26:18,442.8,2381394
2021-04-08 09:26:19,443.0,2382837
2021-04-08 09:26:20,442.95,2383057
2021-04-08 09:26:21,442.7,2383964
2021-04-08 09:26:23,442.8,2388271
2021-04-08 09:26:24,442.8,2388564
2021-04-08 09:26:25,442.65,2389855
2021-04-08 09:26:26,442.85,2390162
2021-04-08 09:26:27,442.7,2391204
2021-04-08 09:26:28,442.4,2407456
2021-04-08 09:26:29,442.35,2411001
2021-04-08 09:26:30,442.45,2411552
2021-04-08 09:26:31,442.0,2424452
2021-04-08 09:26:32,442.25,2425322
2021-04-08 09:26:33,442.2,2426164
2021-04-08 09:26:34,442.1,2427859
2021-04-08 09:26:35,442.2,2428949
2021-04-08 09:26:36,442.25,2429812
2021-04-08 09:26:37,442.05,2431207
2021-04-08 09:26:38,442.0,2435073
2021-04-08 09:26:39,442.3,2436118
2021-04-08 09:26:39,442.05,2436018
2021-04-08 09:26:40,442.35,2439640
2021-04-08 09:26:41,442.7,2442198
2021-04-08 09:26:43,442.6,2442887
2021-04-08 09:26:44,442.55,2443033
2021-04-08 09:26:45,442.4,2444013
2021-04-08 09:26:45,442.4,2444013
2021-04-08 09:26:46,442.7,2444282
2021-04-08 09:26:48,442.65,2444960
2021-04-08 09:26:49,442.65,2445661
2021-04-08 09:26:50,442.4,2446446
2021-04-08 09:26:51,442.6,2447061
2021-04-08 09:26:52,442.35,2447301
2021-04-08 09:26:52,442.5,2447575
2021-04-08 09:26:53,442.6,2447915
2021-04-08 09:26:54,442.55,2448805
2021-04-08 09:26:55,442.5,2450775
2021-04-08 09:26:57,442.45,2451740
2021-04-08 09:26:58,442.65,2453126
2021-04-08 09:26:59,442.55,2453731
2021-04-08 09:26:59,442.6,2453741
2021-04-08 09:27:00,442.7,2455062
2021-04-08 09:27:02,442.75,2457177
2021-04-08 09:27:03,442.6,2457881
2021-04-08 09:27:04,442.75,2458013
2021-04-08 09:27:05,442.75,2458960
2021-04-08 09:27:06,442.5,2460883
2021-04-08 09:27:06,442.6,2460971
2021-04-08 09:27:07,442.75,2461823
2021-04-08 09:27:08,442.75,2462218
2021-04-08 09:27:10,442.75,2462398
2021-04-08 09:27:11,442.6,2464272
2021-04-08 09:27:12,442.65,2467401
2021-04-08 09:27:12,442.75,2468149
2021-04-08 09:27:13,442.85,2469222
2021-04-08 09:27:14,442.9,2469818
2021-04-08 09:27:15,442.75,2470075
2021-04-08 09:27:17,442.9,2470828
2021-04-08 09:27:18,442.85,2470896
2021-04-08 09:27:20,442.9,2472184
2021-04-08 09:27:21,442.75,2481424
2021-04-08 09:27:22,442.75,2481449
2021-04-08 09:27:23,443.0,2484199
2021-04-08 09:27:24,442.6,2489544
2021-04-08 09:27:24,442.55,2489880
2021-04-08 09:27:26,442.65,2491977
2021-04-08 09:27:27,442.75,2492504
2021-04-08 09:27:28,442.6,2494766
2021-04-08 09:27:29,442.7,2494940
2021-04-08 09:27:30,442.55,2495949
2021-04-08 09:27:31,442.7,2496871
2021-04-08 09:27:31,442.7,2496921
2021-04-08 09:27:33,442.65,2498619
2021-04-08 09:27:34,442.5,2505777
2021-04-08 09:27:35,442.35,2511743
2021-04-08 09:27:36,442.3,2515142
2021-04-08 09:27:37,442.25,2516603
2021-04-08 09:27:38,442.1,2516797
2021-04-08 09:27:39,442.25,2516879
2021-04-08 09:27:39,442.25,2516881
2021-04-08 09:27:40,442.1,2517231
2021-04-08 09:27:42,442.1,2523740
2021-04-08 09:27:43,442.2,2523982
2021-04-08 09:27:44,442.25,2524349
2021-04-08 09:27:45,442.1,2524862
2021-04-08 09:27:46,442.2,2525453
2021-04-08 09:27:46,442.2,2525463
2021-04-08 09:27:48,442.2,2526027
2021-04-08 09:27:49,442.15,2532628
2021-04-08 09:27:50,442.1,2533596
2021-04-08 09:27:51,442.45,2536137
2021-04-08 09:27:51,442.4,2536837
2021-04-08 09:27:53,442.2,2537144
2021-04-08 09:27:54,442.2,2537991
2021-04-08 09:27:55,442.25,2538502
2021-04-08 09:27:56,442.25,2539972
2021-04-08 09:27:57,442.2,2542355
2021-04-08 09:27:58,442.2,2543131
2021-04-08 09:27:59,442.35,2543536
2021-04-08 09:28:00,442.45,2544107
2021-04-08 09:28:00,442.3,2544143
2021-04-08 09:28:02,442.35,2547238
2021-04-08 09:28:03,442.5,2547462
2021-04-08 09:28:04,442.5,2548482
2021-04-08 09:28:05,442.55,2548618
2021-04-08 09:28:06,442.45,2549312
2021-04-08 09:28:07,442.25,2550300
2021-04-08 09:28:08,442.4,2550463
2021-04-08 09:28:08,442.3,2550369
2021-04-08 09:28:10,442.35,2551151
2021-04-08 09:28:11,442.3,2551464
2021-04-08 09:28:12,442.25,2551821
2021-04-08 09:28:13,442.35,2552247
2021-04-08 09:28:13,442.35,2552347
2021-04-08 09:28:14,442.3,2553206
2021-04-08 09:28:16,442.2,2554342
2021-04-08 09:28:17,442.3,2556157
2021-04-08 09:28:18,442.15,2559555
2021-04-08 09:28:19,442.3,2561810
2021-04-08 09:28:20,442.25,2562588
2021-04-08 09:28:21,442.2,2566978
2021-04-08 09:28:22,442.4,2567277
2021-04-08 09:28:23,442.35,2567425
2021-04-08 09:28:24,442.25,2567586
2021-04-08 09:28:25,442.3,2568085
2021-04-08 09:28:25,442.35,2568115
2021-04-08 09:28:27,442.3,2568542
2021-04-08 09:28:28,442.3,2569355
2021-04-08 09:28:29,442.25,2569823
2021-04-08 09:28:30,442.4,2570342
2021-04-08 09:28:31,442.35,2571634
2021-04-08 09:28:31,442.35,2571634
2021-04-08 09:28:33,442.4,2571920
2021-04-08 09:28:34,442.4,2572239
2021-04-08 09:28:35,442.5,2572765
2021-04-08 09:28:36,442.5,2572879
2021-04-08 09:28:36,442.45,2572920
2021-04-08 09:28:37,442.6,2573607
2021-04-08 09:28:39,442.4,2573961
2021-04-08 09:28:40,442.7,2575383
2021-04-08 09:28:41,442.65,2575671
2021-04-08 09:28:42,442.65,2575792
2021-04-08 09:28:42,442.65,2576047
2021-04-08 09:28:44,442.65,2576361
2021-04-08 09:28:45,442.9,2577548
2021-04-08 09:28:46,442.65,2578108
2021-04-08 09:28:47,442.8,2578480
2021-04-08 09:28:48,443.0,2578690
2021-04-08 09:28:48,443.0,2578690
2021-04-08 09:28:49,442.8,2580117
2021-04-08 09:28:50,443.0,2580232
2021-04-08 09:28:52,443.0,2581322
2021-04-08 09:28:53,442.9,2582140
2021-04-08 09:28:54,443.0,2582487
2021-04-08 09:28:55,442.95,2584076
2021-04-08 09:28:55,442.95,2584076
2021-04-08 09:28:57,442.95,2584476
2021-04-08 09:28:58,443.0,2585753
2021-04-08 09:28:59,443.0,2585855
2021-04-08 09:29:00,442.85,2586687
2021-04-08 09:29:00,442.85,2586692
2021-04-08 09:29:01,443.0,2586809
2021-04-08 09:29:03,443.0,2587326
2021-04-08 09:29:04,443.0,2589182
2021-04-08 09:29:05,442.95,2590589
2021-04-08 09:29:06,443.0,2591152
2021-04-08 09:29:07,443.1,2592003
2021-04-08 09:29:07,443.0,2592012
2021-04-08 09:29:09,443.0,2593182
2021-04-08 09:29:10,442.5,2605429
2021-04-08 09:29:11,442.4,2631611
2021-04-08 09:29:12,442.35,2631734
2021-04-08 09:29:13,442.55,2632167
2021-04-08 09:29:13,442.5,2632171
2021-04-08 09:29:15,442.5,2632994
2021-04-08 09:29:16,442.6,2633173
2021-04-08 09:29:17,442.35,2635960
2021-04-08 09:29:18,442.25,2636493
2021-04-08 09:29:19,442.25,2636493
2021-04-08 09:29:20,442.35,2636814
2021-04-08 09:29:21,442.5,2637449
2021-04-08 09:29:22,442.3,2637920
2021-04-08 09:29:23,442.5,2638071
2021-04-08 09:29:24,442.5,2639296
2021-04-08 09:29:25,442.3,2639733
2021-04-08 09:29:26,442.5,2639847
2021-04-08 09:29:27,442.5,2640107
2021-04-08 09:29:28,442.35,2641595
2021-04-08 09:29:29,442.4,2644136
2021-04-08 09:29:30,442.4,2644339
2021-04-08 09:29:31,442.4,2644340
2021-04-08 09:29:32,442.4,2644734
2021-04-08 09:29:33,442.45,2644834
2021-04-08 09:29:34,442.4,2645430
2021-04-08 09:29:35,442.35,2645742
2021-04-08 09:29:36,442.35,2645742
2021-04-08 09:29:37,442.45,2646516
2021-04-08 09:29:38,442.1,2654056
2021-04-08 09:29:39,441.6,2726584
2021-04-08 09:29:40,441.95,2727597
2021-04-08 09:29:41,441.95,2728052
2021-04-08 09:29:42,441.95,2729141
2021-04-08 09:29:43,441.7,2729144
2021-04-08 09:29:44,441.7,2729659
2021-04-08 09:29:45,441.9,2733920
2021-04-08 09:29:46,442.15,2740544
2021-04-08 09:29:47,441.95,2742673
2021-04-08 09:29:48,441.85,2743790
2021-04-08 09:29:49,441.65,2744499
2021-04-08 09:29:50,442.0,2745163
2021-04-08 09:29:51,442.0,2745707
2021-04-08 09:29:52,442.15,2746675
2021-04-08 09:29:53,441.9,2747423
2021-04-08 09:29:54,441.95,2747434
2021-04-08 09:29:55,441.95,2747439
2021-04-08 09:29:56,442.0,2748117
2021-04-08 09:29:57,442.05,2748227
2021-04-08 09:29:58,442.0,2748240
2021-04-08 09:29:59,442.0,2748855
2021-04-08 09:30:00,442.05,2749636
2021-04-08 09:30:01,442.25,2749639
2021-04-08 09:30:02,442.35,2750667
2021-04-08 09:30:03,442.05,2750739
2021-04-08 09:30:04,442.45,2751385
2021-04-08 09:30:05,442.45,2752138
2021-04-08 09:30:06,442.15,2752338
2021-04-08 09:30:07,442.15,2752338
2021-04-08 09:30:08,442.15,2753283
2021-04-08 09:30:09,442.15,2753283
2021-04-08 09:30:10,442.3,2753306
2021-04-08 09:30:11,442.5,2754430
2021-04-08 09:30:12,442.4,2754585
2021-04-08 09:30:13,442.4,2754646
2021-04-08 09:30:14,442.45,2755346
2021-04-08 09:30:15,442.45,2755426
2021-04-08 09:30:16,442.45,2755646
2021-04-08 09:30:17,442.5,2756146
2021-04-08 09:30:18,442.2,2759624
2021-04-08 09:30:19,442.3,2760405
2021-04-08 09:30:20,442.2,2760679
2021-04-08 09:30:21,442.05,2760829
2021-04-08 09:30:22,442.05,2761696
2021-04-08 09:30:23,442.05,2762347
2021-04-08 09:30:24,442.0,2765425
2021-04-08 09:30:25,442.1,2765616
2021-04-08 09:30:26,442.15,2765977
2021-04-08 09:30:27,442.1,2769502
2021-04-08 09:30:28,442.15,2769952
2021-04-08 09:30:29,442.2,2770279
2021-04-08 09:30:30,442.25,2770280
2021-04-08 09:30:31,442.25,2770435
2021-04-08 09:30:32,442.2,2771195
2021-04-08 09:30:33,442.2,2771223
2021-04-08 09:30:34,442.1,2771573
2021-04-08 09:30:35,442.15,2771979
2021-04-08 09:30:36,442.15,2772750
2021-04-08 09:30:37,442.15,2772775
2021-04-08 09:30:38,442.1,2772891
2021-04-08 09:30:39,442.15,2773039
2021-04-08 09:30:40,442.15,2773338
2021-04-08 09:30:41,442.15,2773705
2021-04-08 09:30:42,442.15,2773707
2021-04-08 09:30:43,442.05,2774612
2021-04-08 09:30:44,442.15,2774741
2021-04-08 09:30:45,442.2,2776416
2021-04-08 09:30:46,442.15,2776426
2021-04-08 09:30:47,442.2,2777651
2021-04-08 09:30:48,442.2,2777907
2021-04-08 09:30:49,442.2,2778012
2021-04-08 09:30:51,442.25,2779019
2021-04-08 09:30:50,442.25,2779019
2021-04-08 09:30:52,442.15,2779425
2021-04-08 09:30:53,442.1,2780556
2021-04-08 09:30:54,442.15,2781321
2021-04-08 09:30:55,442.15,2781321
2021-04-08 09:30:56,442.0,2784558
2021-04-08 09:30:57,442.35,2784603
2021-04-08 09:30:58,442.35,2786813
2021-04-08 09:30:59,442.35,2788407
2021-04-08 09:31:00,442.35,2788618
2021-04-08 09:31:01,442.1,2789245
2021-04-08 09:31:02,442.2,2793799
2021-04-08 09:31:03,442.05,2795159
2021-04-08 09:31:04,442.05,2795159
2021-04-08 09:31:05,442.0,2796334
2021-04-08 09:31:06,442.0,2814760
2021-04-08 09:31:07,442.1,2815097
2021-04-08 09:31:08,442.25,2815197
2021-04-08 09:31:09,442.25,2815243
2021-04-08 09:31:10,442.1,2815570
2021-04-08 09:31:11,442.1,2815620
2021-04-08 09:31:12,442.2,2816188
2021-04-08 09:31:13,442.2,2816190
2021-04-08 09:31:14,442.2,2816421
2021-04-08 09:31:15,442.2,2816461
2021-04-08 09:31:16,442.25,2817976
2021-04-08 09:31:17,442.3,2818102
2021-04-08 09:31:18,442.35,2819029
2021-04-08 09:31:20,442.2,2820601
2021-04-08 09:31:21,442.35,2820692
2021-04-08 09:31:22,442.35,2820692
2021-04-08 09:31:23,442.35,2820692
2021-04-08 09:31:24,442.2,2821316
2021-04-08 09:31:25,442.25,2821845
2021-04-08 09:31:26,442.25,2822901
2021-04-08 09:31:27,442.15,2823034
2021-04-08 09:31:28,442.2,2824049
2021-04-08 09:31:30,442.2,2824201
2021-04-08 09:31:31,442.2,2825422
2021-04-08 09:31:31,442.2,2825422
2021-04-08 09:31:32,442.2,2825624
2021-04-08 09:31:33,442.15,2825865
2021-04-08 09:31:34,442.05,2825888
2021-04-08 09:31:35,442.15,2826006
2021-04-08 09:31:36,442.2,2826326
2021-04-08 09:31:38,442.0,2841627
2021-04-08 09:31:38,442.0,2841627
2021-04-08 09:31:39,442.05,2842085
2021-04-08 09:31:40,442.0,2843295
2021-04-08 09:31:41,442.05,2844125
2021-04-08 09:31:43,442.0,2844756
2021-04-08 09:31:44,442.0,2844852
2021-04-08 09:31:44,442.0,2845112
2021-04-08 09:31:45,441.8,2846429
2021-04-08 09:31:46,442.0,2847227
2021-04-08 09:31:47,441.8,2847783
2021-04-08 09:31:48,442.0,2849024
2021-04-08 09:31:49,441.95,2852483
2021-04-08 09:31:51,441.9,2854788
2021-04-08 09:31:52,441.7,2856140
2021-04-08 09:31:52,441.95,2855023
2021-04-08 09:31:53,441.85,2856198
2021-04-08 09:31:54,441.65,2857556
2021-04-08 09:31:55,441.75,2857981
2021-04-08 09:31:56,441.7,2858351
2021-04-08 09:31:58,441.7,2858717
2021-04-08 09:31:59,442.0,2858951
2021-04-08 09:32:00,441.8,2859251
2021-04-08 09:32:00,441.8,2859251
2021-04-08 09:32:01,442.0,2859343
2021-04-08 09:32:02,441.95,2859656
2021-04-08 09:32:03,441.75,2859966
2021-04-08 09:32:04,441.8,2860413
2021-04-08 09:32:05,441.95,2860728
2021-04-08 09:32:06,441.95,2860958
2021-04-08 09:32:07,441.95,2860983
2021-04-08 09:32:08,442.0,2861369
2021-04-08 09:32:09,441.8,2861662
2021-04-08 09:32:11,442.0,2861932
2021-04-08 09:32:11,442.0,2861933
2021-04-08 09:32:12,442.0,2862530
2021-04-08 09:32:13,442.0,2863932
2021-04-08 09:32:14,442.0,2865257
2021-04-08 09:32:15,441.75,2865982
2021-04-08 09:32:16,441.95,2867022
2021-04-08 09:32:18,442.0,2867751
2021-04-08 09:32:18,442.0,2867751
2021-04-08 09:32:19,441.9,2868868
2021-04-08 09:32:20,441.95,2869885
2021-04-08 09:32:21,441.8,2870091
2021-04-08 09:32:22,441.9,2870291
2021-04-08 09:32:24,441.75,2870592
2021-04-08 09:32:25,441.75,2870642
2021-04-08 09:32:25,441.75,2870642
2021-04-08 09:32:26,441.75,2870727
2021-04-08 09:32:27,441.9,2870778
2021-04-08 09:32:28,441.8,2871943
2021-04-08 09:32:29,441.9,2872196
2021-04-08 09:32:30,441.9,2872386
2021-04-08 09:32:31,441.9,2872983
2021-04-08 09:32:33,441.8,2873208
2021-04-08 09:32:34,441.9,2875753
2021-04-08 09:32:34,441.9,2875753
2021-04-08 09:32:35,441.9,2875894
2021-04-08 09:32:36,441.85,2876062
2021-04-08 09:32:37,441.7,2885381
2021-04-08 09:32:38,441.5,2886173
2021-04-08 09:32:39,441.5,2887164
2021-04-08 09:32:41,441.65,2887681
2021-04-08 09:32:41,441.65,2887681
2021-04-08 09:32:42,441.6,2888418
2021-04-08 09:32:43,441.55,2888598
2021-04-08 09:32:44,441.75,2888819
2021-04-08 09:32:45,441.75,2888944
2021-04-08 09:32:47,441.55,2889076
2021-04-08 09:32:48,441.75,2889169
2021-04-08 09:32:48,441.6,2889177
2021-04-08 09:32:49,441.5,2968921
2021-04-08 09:32:50,441.5,2970970
2021-04-08 09:32:51,441.6,2971049
2021-04-08 09:32:52,441.25,2972354
2021-04-08 09:32:53,441.55,2973260
2021-04-08 09:32:54,441.6,2975715
2021-04-08 09:32:56,441.35,2977996
2021-04-08 09:32:56,441.35,2977996
2021-04-08 09:32:57,441.5,2978826
2021-04-08 09:32:58,441.25,2979014
2021-04-08 09:32:59,441.5,2979240
2021-04-08 09:33:00,441.5,2979435
2021-04-08 09:33:01,441.35,2979834
2021-04-08 09:33:03,441.35,2980246
2021-04-08 09:33:03,441.5,2980428
2021-04-08 09:33:04,441.5,2981179
2021-04-08 09:33:05,441.3,2981315
2021-04-08 09:33:06,441.2,2983641
2021-04-08 09:33:07,441.25,2983715
2021-04-08 09:33:08,441.25,2984253
2021-04-08 09:33:10,441.25,2984659
2021-04-08 09:33:10,441.5,2984669
2021-04-08 09:33:11,441.25,2984914
2021-04-08 09:33:12,441.45,2985092
2021-04-08 09:33:13,441.25,2985862
2021-04-08 09:33:14,441.25,2986412
2021-04-08 09:33:16,441.1,3000325
2021-04-08 09:33:17,441.0,3000942
2021-04-08 09:33:18,441.0,3001496
2021-04-08 09:33:18,441.0,3001496
2021-04-08 09:33:19,441.0,3002985
2021-04-08 09:33:20,441.0,3005171
2021-04-08 09:33:21,441.1,3005714
2021-04-08 09:33:23,441.0,3006444
2021-04-08 09:33:23,441.1,3006596
2021-04-08 09:33:24,441.15,3008182
2021-04-08 09:33:25,441.0,3008574
2021-04-08 09:33:27,441.1,3009078
2021-04-08 09:33:28,441.1,3017198
2021-04-08 09:33:28,441.3,3017248
2021-04-08 09:33:29,441.1,3017882
2021-04-08 09:33:30,441.3,3023161
2021-04-08 09:33:31,441.35,3023162
2021-04-08 09:33:33,441.35,3024065
2021-04-08 09:33:34,441.3,3025342
2021-04-08 09:33:35,441.1,3025540
2021-04-08 09:33:36,441.3,3026733
2021-04-08 09:33:37,441.2,3026890
2021-04-08 09:33:37,441.2,3026890
2021-04-08 09:33:38,441.3,3026991
2021-04-08 09:33:39,441.45,3032085
2021-04-08 09:33:40,441.3,3033805
2021-04-08 09:33:42,441.5,3036382
2021-04-08 09:33:43,441.35,3036939
2021-04-08 09:33:43,441.3,3036413
2021-04-08 09:33:44,441.3,3037173
2021-04-08 09:33:45,441.3,3037838
2021-04-08 09:33:47,441.3,3040337
2021-04-08 09:33:48,441.25,3041833
2021-04-08 09:33:48,441.25,3041858
2021-04-08 09:33:49,441.25,3042055
2021-04-08 09:33:50,441.6,3054401
2021-04-08 09:33:51,441.45,3054602
2021-04-08 09:33:52,441.4,3055474
2021-04-08 09:33:54,441.5,3055782
2021-04-08 09:33:55,441.6,3056143
2021-04-08 09:33:55,441.45,3056255
2021-04-08 09:33:56,441.6,3056485
2021-04-08 09:33:57,441.5,3056548
2021-04-08 09:33:58,441.6,3056947
2021-04-08 09:33:59,441.85,3057283
2021-04-08 09:34:00,441.6,3057542
2021-04-08 09:34:01,441.8,3058201
2021-04-08 09:34:03,441.7,3060333
2021-04-08 09:34:04,441.8,3060728
2021-04-08 09:34:05,441.8,3060889
2021-04-08 09:34:05,441.8,3060889
2021-04-08 09:34:06,441.65,3061591
2021-04-08 09:34:07,441.8,3061773
2021-04-08 09:34:08,441.8,3061883
2021-04-08 09:34:09,441.8,3062365
2021-04-08 09:34:11,441.65,3062498
2021-04-08 09:34:12,441.9,3065833
2021-04-08 09:34:13,441.9,3066535
2021-04-08 09:34:13,441.9,3066535
2021-04-08 09:34:14,441.7,3067912
2021-04-08 09:34:15,441.95,3068562
2021-04-08 09:34:16,441.95,3068596
2021-04-08 09:34:17,441.9,3068704
2021-04-08 09:34:18,441.95,3068935
2021-04-08 09:34:19,441.9,3069136
2021-04-08 09:34:20,441.9,3070541
2021-04-08 09:34:21,441.95,3073464
2021-04-08 09:34:23,441.9,3073790
2021-04-08 09:34:24,441.95,3076506
2021-04-08 09:34:25,441.9,3076878
2021-04-08 09:34:26,442.0,3077201
2021-04-08 09:34:27,442.0,3078288
2021-04-08 09:34:27,442.0,3078308
2021-04-08 09:34:28,442.0,3078334
2021-04-08 09:34:29,442.0,3078517
2021-04-08 09:34:30,442.0,3078949
2021-04-08 09:34:31,442.0,3078949
2021-04-08 09:34:32,442.0,3078968
2021-04-08 09:34:33,442.0,3079199
2021-04-08 09:34:34,442.0,3081032
2021-04-08 09:34:36,442.0,3081835
2021-04-08 09:34:37,441.9,3082999
2021-04-08 09:34:37,442.0,3082579
2021-04-08 09:34:38,442.0,3083050
2021-04-08 09:34:39,441.9,3085367
2021-04-08 09:34:40,442.0,3087087
2021-04-08 09:34:41,442.0,3087252
2021-04-08 09:34:42,442.0,3087252
2021-04-08 09:34:44,441.85,3088202
2021-04-08 09:34:45,441.8,3089496
2021-04-08 09:34:45,441.9,3089521
2021-04-08 09:34:46,441.85,3090336
2021-04-08 09:34:47,441.9,3091048
2021-04-08 09:34:48,441.85,3091130
2021-04-08 09:34:50,441.7,3091221
2021-04-08 09:34:51,441.85,3091542
2021-04-08 09:34:51,441.85,3091542
2021-04-08 09:34:52,441.65,3091693
2021-04-08 09:34:53,441.65,3091891
2021-04-08 09:34:54,441.85,3092053
2021-04-08 09:34:55,441.85,3092067
2021-04-08 09:34:56,441.8,3093781
2021-04-08 09:34:57,441.8,3093792
2021-04-08 09:34:59,441.85,3094082
2021-04-08 09:35:00,441.95,3094377
2021-04-08 09:35:00,442.0,3094785
2021-04-08 09:35:01,441.8,3097726
2021-04-08 09:35:02,441.9,3098818
2021-04-08 09:35:04,442.0,3099160
2021-04-08 09:35:05,441.95,3099191
2021-04-08 09:35:06,441.95,3099286
2021-04-08 09:35:06,441.95,3099286
2021-04-08 09:35:07,441.8,3099457
2021-04-08 09:35:08,442.0,3100908
2021-04-08 09:35:09,442.0,3101768
2021-04-08 09:35:10,441.85,3101948
2021-04-08 09:35:11,441.9,3102299
2021-04-08 09:35:12,442.0,3102329
2021-04-08 09:35:13,442.0,3102550
2021-04-08 09:35:15,441.95,3102670
2021-04-08 09:35:16,442.0,3102945
2021-04-08 09:35:16,442.0,3102970
2021-04-08 09:35:17,442.0,3104487
2021-04-08 09:35:18,441.85,3104624
2021-04-08 09:35:19,441.85,3104923
2021-04-08 09:35:20,442.0,3105316
2021-04-08 09:35:21,441.9,3108689
2021-04-08 09:35:22,441.9,3108796
2021-04-08 09:35:24,441.95,3108996
2021-04-08 09:35:25,441.8,3109139
2021-04-08 09:35:26,441.85,3109852
2021-04-08 09:35:26,442.0,3109952
2021-04-08 09:35:27,442.0,3110002
2021-04-08 09:35:28,442.0,3110150
2021-04-08 09:35:29,442.0,3111253
2021-04-08 09:35:30,442.0,3111326
2021-04-08 09:35:31,442.0,3111552
2021-04-08 09:35:33,442.2,3115404
2021-04-08 09:35:34,442.2,3115589
2021-04-08 09:35:35,442.3,3116410
2021-04-08 09:35:36,442.4,3117151
2021-04-08 09:35:36,442.4,3117151
2021-04-08 09:35:37,442.2,3117206
2021-04-08 09:35:38,442.4,3117854
2021-04-08 09:35:39,442.15,3118319
2021-04-08 09:35:40,442.05,3118421
2021-04-08 09:35:41,442.1,3119663
2021-04-08 09:35:42,442.4,3120713
2021-04-08 09:35:44,442.35,3120837
2021-04-08 09:35:45,442.2,3120850
2021-04-08 09:35:46,442.4,3121640
2021-04-08 09:35:47,442.4,3122147
2021-04-08 09:35:48,442.25,3124174
2021-04-08 09:35:48,442.4,3122272
2021-04-08 09:35:49,442.5,3124918
2021-04-08 09:35:50,442.5,3125498
2021-04-08 09:35:52,442.5,3128330
2021-04-08 09:35:53,442.5,3129431
2021-04-08 09:35:54,442.7,3130920
2021-04-08 09:35:55,442.75,3132930
2021-04-08 09:35:56,442.75,3133955
2021-04-08 09:35:56,442.75,3134055
2021-04-08 09:35:57,442.75,3134304
2021-04-08 09:35:59,442.65,3136072
2021-04-08 09:36:00,442.75,3136992
2021-04-08 09:36:01,442.75,3138614
2021-04-08 09:36:01,442.75,3139116
2021-04-08 09:36:02,442.7,3139270
2021-04-08 09:36:04,442.9,3144527
2021-04-08 09:36:05,443.0,3152000
2021-04-08 09:36:06,442.75,3154557
2021-04-08 09:36:07,442.7,3154775
2021-04-08 09:36:08,442.75,3155569
2021-04-08 09:36:09,442.75,3156547
2021-04-08 09:36:09,442.4,3159122
2021-04-08 09:36:10,442.5,3159455
2021-04-08 09:36:11,442.4,3159718
2021-04-08 09:36:13,442.5,3160993
2021-04-08 09:36:14,442.35,3161899
2021-04-08 09:36:15,442.05,3163198
2021-04-08 09:36:16,442.25,3163823
2021-04-08 09:36:17,442.25,3164347
2021-04-08 09:36:18,442.25,3164457
2021-04-08 09:36:18,442.05,3164984
2021-04-08 09:36:19,442.05,3164984
2021-04-08 09:36:21,442.25,3165238
2021-04-08 09:36:22,442.25,3165574
2021-04-08 09:36:23,442.05,3165739
2021-04-08 09:36:23,442.2,3165689
2021-04-08 09:36:24,442.25,3165740
2021-04-08 09:36:25,442.2,3165990
2021-04-08 09:36:26,442.2,3166903
2021-04-08 09:36:27,442.25,3167516
2021-04-08 09:36:28,442.2,3167552
2021-04-08 09:36:29,442.25,3167902
2021-04-08 09:36:30,442.25,3168746
2021-04-08 09:36:32,442.25,3169593
2021-04-08 09:36:33,442.15,3169764
2021-04-08 09:36:34,442.45,3172895
2021-04-08 09:36:35,442.6,3173964
2021-04-08 09:36:35,442.6,3173992
2021-04-08 09:36:36,442.6,3174072
2021-04-08 09:36:38,442.6,3174074
2021-04-08 09:36:38,442.5,3174374
2021-04-08 09:36:39,442.6,3174594
2021-04-08 09:36:40,442.6,3175019
2021-04-08 09:36:41,442.6,3175238
2021-04-08 09:36:42,442.4,3175639
2021-04-08 09:36:43,442.6,3175970
2021-04-08 09:36:44,442.5,3176284
2021-04-08 09:36:46,442.85,3176853
2021-04-08 09:36:47,442.65,3176966
2021-04-08 09:36:48,442.65,3177202
2021-04-08 09:36:49,442.85,3178342
2021-04-08 09:36:50,442.9,3178575
2021-04-08 09:36:51,442.9,3178588
2021-04-08 09:36:52,442.9,3178944
2021-04-08 09:36:53,442.9,3179484
2021-04-08 09:36:54,442.85,3179526
2021-04-08 09:36:55,443.0,3180651
2021-04-08 09:36:55,443.0,3180666
2021-04-08 09:36:56,442.8,3181234
2021-04-08 09:36:57,442.8,3184585
2021-04-08 09:36:58,442.8,3184698
2021-04-08 09:37:00,442.75,3185873
2021-04-08 09:37:00,442.75,3185873
2021-04-08 09:37:01,442.75,3186074
2021-04-08 09:37:02,442.75,3186534
2021-04-08 09:37:04,442.85,3186923
2021-04-08 09:37:05,442.7,3187166
2021-04-08 09:37:06,442.7,3187179
2021-04-08 09:37:07,442.85,3189453
2021-04-08 09:37:08,442.9,3189575
2021-04-08 09:37:09,442.85,3189835
2021-04-08 09:37:10,442.9,3190043
2021-04-08 09:37:11,442.85,3191574
2021-04-08 09:37:12,442.85,3191574
2021-04-08 09:37:12,442.85,3191574
2021-04-08 09:37:13,442.9,3191621
2021-04-08 09:37:14,442.85,3192017
2021-04-08 09:37:15,442.75,3193090
2021-04-08 09:37:16,442.8,3193391
2021-04-08 09:37:18,442.8,3193692
2021-04-08 09:37:19,442.8,3193892
2021-04-08 09:37:20,442.25,3205413
2021-04-08 09:37:21,442.4,3205895
2021-04-08 09:37:22,442.5,3206872
2021-04-08 09:37:23,442.6,3208352
2021-04-08 09:37:24,442.55,3208377
2021-04-08 09:37:25,442.5,3210423
2021-04-08 09:37:26,442.3,3211640
2021-04-08 09:37:27,442.4,3212100
2021-04-08 09:37:27,442.5,3212132
2021-04-08 09:37:28,442.5,3212476
2021-04-08 09:37:29,442.4,3212613
2021-04-08 09:37:30,442.4,3212625
2021-04-08 09:37:31,442.3,3213431
2021-04-08 09:37:32,442.4,3214509
2021-04-08 09:37:33,442.3,3214600
2021-04-08 09:37:35,442.35,3214626
2021-04-08 09:37:35,442.5,3214627
2021-04-08 09:37:36,442.55,3214768
2021-04-08 09:37:37,442.5,3215034
2021-04-08 09:37:38,442.45,3215180
2021-04-08 09:37:40,442.45,3215180
2021-04-08 09:37:41,442.45,3215635
2021-04-08 09:37:42,442.6,3216178
2021-04-08 09:37:43,442.6,3216231
2021-04-08 09:37:44,442.15,3229869
2021-04-08 09:37:45,441.95,3247894
2021-04-08 09:37:46,442.1,3248883
2021-04-08 09:37:47,442.0,3249014
2021-04-08 09:37:48,442.25,3249132
2021-04-08 09:37:49,442.25,3249132
2021-04-08 09:37:50,442.3,3249182
2021-04-08 09:37:51,442.1,3249327
2021-04-08 09:37:52,442.35,3249385
2021-04-08 09:37:53,442.4,3249437
2021-04-08 09:37:54,442.4,3249437
2021-04-08 09:37:55,442.2,3249543
2021-04-08 09:37:56,442.5,3249545
2021-04-08 09:37:57,442.35,3250208
2021-04-08 09:37:58,442.5,3250276
2021-04-08 09:37:59,442.35,3250448
2021-04-08 09:38:00,442.5,3250708
2021-04-08 09:38:01,442.45,3252905
2021-04-08 09:38:02,442.45,3253095
2021-04-08 09:38:03,442.45,3253140
2021-04-08 09:38:04,442.45,3253451
2021-04-08 09:38:05,442.45,3253559
2021-04-08 09:38:06,442.5,3254851
2021-04-08 09:38:07,442.7,3255134
2021-04-08 09:38:08,442.5,3255156
2021-04-08 09:38:08,442.7,3255170
2021-04-08 09:38:10,442.7,3255281
2021-04-08 09:38:11,442.7,3255354
2021-04-08 09:38:12,442.7,3255354
2021-04-08 09:38:13,442.7,3255499
2021-04-08 09:38:14,442.7,3257516
2021-04-08 09:38:15,442.7,3257626
2021-04-08 09:38:16,442.7,3257636
2021-04-08 09:38:17,442.7,3257722
2021-04-08 09:38:17,442.7,3257772
2021-04-08 09:38:19,442.55,3257778
2021-04-08 09:38:20,442.75,3258044
2021-04-08 09:38:21,442.6,3258060
2021-04-08 09:38:21,442.6,3258060
2021-04-08 09:38:22,442.6,3258135
2021-04-08 09:38:24,442.5,3258241
2021-04-08 09:38:25,442.65,3259266
2021-04-08 09:38:26,442.5,3259792
2021-04-08 09:38:27,442.6,3259941
2021-04-08 09:38:28,442.65,3260015
2021-04-08 09:38:29,442.65,3260015
2021-04-08 09:38:30,442.5,3260035
2021-04-08 09:38:31,442.6,3260078
2021-04-08 09:38:32,442.5,3261088
2021-04-08 09:38:33,442.5,3261108
2021-04-08 09:38:34,442.5,3261208
2021-04-08 09:38:35,442.6,3261407
2021-04-08 09:38:36,442.45,3261773
2021-04-08 09:38:37,442.5,3262115
2021-04-08 09:38:38,442.55,3262368
2021-04-08 09:38:39,442.6,3263671
2021-04-08 09:38:40,442.6,3263755
2021-04-08 09:38:41,442.55,3263790
2021-04-08 09:38:42,442.55,3263790
2021-04-08 09:38:43,442.35,3264885
2021-04-08 09:38:44,442.6,3265645
2021-04-08 09:38:45,442.5,3265895
2021-04-08 09:38:46,442.55,3266105
2021-04-08 09:38:46,442.7,3266157
2021-04-08 09:38:47,442.7,3266207
2021-04-08 09:38:48,442.55,3266307
2021-04-08 09:38:49,442.7,3266507
2021-04-08 09:38:50,442.7,3267418
2021-04-08 09:38:52,442.7,3267444
2021-04-08 09:38:53,442.6,3267644
2021-04-08 09:38:54,442.6,3267674
2021-04-08 09:38:55,442.7,3267679
2021-04-08 09:38:55,442.65,3268759
2021-04-08 09:38:56,442.6,3268824
2021-04-08 09:38:58,442.7,3269284
2021-04-08 09:38:58,442.6,3269300
2021-04-08 09:38:59,442.7,3269609
2021-04-08 09:39:01,442.8,3270709
2021-04-08 09:39:02,442.8,3270709
2021-04-08 09:39:03,442.75,3270874
2021-04-08 09:39:04,442.7,3271155
2021-04-08 09:39:05,442.55,3271352
2021-04-08 09:39:06,442.55,3271373
2021-04-08 09:39:07,442.7,3271379
2021-04-08 09:39:08,442.7,3271478
2021-04-08 09:39:09,442.7,3271538
2021-04-08 09:39:10,442.7,3272061
2021-04-08 09:39:11,442.65,3272111
2021-04-08 09:39:12,442.75,3272611
2021-04-08 09:39:13,442.7,3272636
2021-04-08 09:39:14,442.7,3272718
2021-04-08 09:39:14,442.6,3272798
2021-04-08 09:39:15,442.6,3273048
2021-04-08 09:39:16,442.75,3273233
2021-04-08 09:39:17,442.8,3273490
2021-04-08 09:39:18,442.6,3273995
2021-04-08 09:39:19,442.6,3274112
2021-04-08 09:39:20,442.6,3274153
2021-04-08 09:39:22,442.75,3274276
2021-04-08 09:39:23,442.6,3274527
2021-04-08 09:39:24,442.75,3275647
2021-04-08 09:39:25,442.7,3275685
2021-04-08 09:39:26,442.55,3276158
2021-04-08 09:39:27,442.75,3276889
2021-04-08 09:39:28,442.7,3276900
2021-04-08 09:39:29,442.75,3277002
2021-04-08 09:39:29,442.55,3277182
2021-04-08 09:39:31,442.7,3277487
2021-04-08 09:39:31,442.55,3278348
2021-04-08 09:39:32,442.7,3278492
2021-04-08 09:39:33,442.7,3278832
2021-04-08 09:39:35,442.8,3279884
2021-04-08 09:39:36,442.8,3279994
2021-04-08 09:39:37,442.7,3280129
2021-04-08 09:39:38,442.7,3280291
2021-04-08 09:39:39,442.8,3280616
2021-04-08 09:39:39,442.7,3280716
2021-04-08 09:39:40,442.8,3280721
2021-04-08 09:39:42,442.7,3281027
2021-04-08 09:39:43,442.7,3281221
2021-04-08 09:39:44,442.7,3281661
2021-04-08 09:39:45,442.7,3281918
2021-04-08 09:39:46,442.55,3284355
2021-04-08 09:39:47,442.65,3285251
2021-04-08 09:39:48,442.55,3285271
2021-04-08 09:39:49,442.65,3285347
2021-04-08 09:39:50,442.55,3285862
2021-04-08 09:39:51,442.55,3285890
2021-04-08 09:39:52,442.5,3295464
2021-04-08 09:39:53,442.7,3295494
2021-04-08 09:39:54,442.55,3296345
2021-04-08 09:39:55,442.8,3297379
2021-04-08 09:39:56,442.75,3297986
2021-04-08 09:39:57,442.75,3297986
2021-04-08 09:39:58,442.8,3298167
2021-04-08 09:39:59,442.55,3299200
2021-04-08 09:40:00,442.8,3300424
2021-04-08 09:40:01,442.9,3300731
2021-04-08 09:40:02,442.75,3300747
2021-04-08 09:40:03,442.6,3300752
2021-04-08 09:40:04,442.8,3301008
2021-04-08 09:40:05,442.8,3302171
2021-04-08 09:40:06,442.8,3302171
2021-04-08 09:40:07,442.65,3302199
2021-04-08 09:40:08,442.8,3302340
2021-04-08 09:40:09,442.9,3304217
2021-04-08 09:40:10,442.9,3304217
2021-04-08 09:40:11,442.8,3304719
2021-04-08 09:40:12,442.6,3304898
2021-04-08 09:40:13,442.85,3305431
2021-04-08 09:40:14,442.6,3306966
2021-04-08 09:40:15,442.5,3308931
2021-04-08 09:40:16,442.4,3309507
2021-04-08 09:40:17,442.5,3309558
2021-04-08 09:40:18,442.6,3309658
2021-04-08 09:40:19,442.6,3310160
2021-04-08 09:40:20,442.6,3310220
2021-04-08 09:40:21,442.45,3310295
2021-04-08 09:40:22,442.6,3310314
2021-04-08 09:40:23,442.7,3310536
2021-04-08 09:40:24,442.7,3310709
2021-04-08 09:40:26,442.5,3311706
2021-04-08 09:40:25,442.5,3311706
2021-04-08 09:40:27,442.5,3312338
2021-04-08 09:40:28,442.5,3313300
2021-04-08 09:40:29,442.55,3313359
2021-04-08 09:40:30,442.3,3318923
2021-04-08 09:40:31,442.1,3332455
2021-04-08 09:40:32,442.2,3333698
2021-04-08 09:40:33,442.0,3334039
2021-04-08 09:40:34,442.3,3334142
2021-04-08 09:40:35,442.35,3334227
2021-04-08 09:40:36,442.05,3334327
2021-04-08 09:40:37,442.05,3334377
2021-04-08 09:40:38,442.05,3334477
2021-04-08 09:40:39,442.05,3334527
2021-04-08 09:40:40,442.15,3334775
2021-04-08 09:40:41,442.0,3335875
2021-04-08 09:40:42,442.0,3335875
2021-04-08 09:40:43,442.0,3335945
2021-04-08 09:40:44,442.0,3336017
2021-04-08 09:40:45,442.25,3336102
2021-04-08 09:40:46,442.0,3336403
2021-04-08 09:40:47,442.15,3336658
2021-04-08 09:40:48,442.3,3337424
2021-04-08 09:40:49,442.3,3337504
2021-04-08 09:40:50,442.3,3337938
2021-04-08 09:40:51,442.05,3337988
2021-04-08 09:40:52,442.05,3337988
2021-04-08 09:40:53,442.2,3338588
2021-04-08 09:40:54,442.15,3338691
2021-04-08 09:40:55,442.15,3338691
2021-04-08 09:40:56,442.3,3338801
2021-04-08 09:40:57,442.3,3338801
2021-04-08 09:40:58,442.3,3338808
2021-04-08 09:40:59,442.3,3339083
2021-04-08 09:41:00,442.3,3339166
2021-04-08 09:41:01,442.45,3339177
2021-04-08 09:41:02,442.25,3340299
2021-04-08 09:41:03,442.3,3340450
2021-04-08 09:41:04,442.5,3340751
2021-04-08 09:41:05,442.5,3341271
2021-04-08 09:41:06,442.45,3341391
2021-04-08 09:41:07,442.4,3341392
2021-04-08 09:41:08,442.4,3341422
2021-04-08 09:41:09,442.5,3341426
2021-04-08 09:41:10,442.5,3341562
2021-04-08 09:41:11,442.75,3345703
2021-04-08 09:41:12,442.75,3346215
2021-04-08 09:41:13,442.8,3346220
2021-04-08 09:41:14,442.65,3346326
2021-04-08 09:41:15,442.55,3347018
2021-04-08 09:41:16,442.55,3349419
2021-04-08 09:41:17,442.55,3349520
2021-04-08 09:41:18,442.55,3349621
2021-04-08 09:41:19,442.55,3349623
2021-04-08 09:41:20,442.5,3350839
2021-04-08 09:41:21,442.75,3350961
2021-04-08 09:41:22,442.5,3350963
2021-04-08 09:41:23,442.5,3351105
2021-04-08 09:41:24,442.5,3351557
2021-04-08 09:41:25,442.5,3351568
2021-04-08 09:41:26,442.5,3351568
2021-04-08 09:41:27,442.55,3351678
2021-04-08 09:41:28,442.55,3351693
2021-04-08 09:41:29,442.5,3351798
2021-04-08 09:41:30,442.7,3351899
2021-04-08 09:41:31,442.55,3352102
2021-04-08 09:41:32,442.55,3352394
2021-04-08 09:41:33,442.55,3352396
2021-04-08 09:41:34,442.6,3352401
2021-04-08 09:41:35,442.6,3352574
2021-04-08 09:41:36,442.6,3352636
2021-04-08 09:41:37,442.7,3352672
2021-04-08 09:41:38,442.7,3352789
2021-04-08 09:41:39,442.7,3352891
2021-04-08 09:41:40,442.6,3353620
2021-04-08 09:41:41,442.7,3353858
2021-04-08 09:41:42,442.8,3354437
2021-04-08 09:41:43,442.7,3354600
2021-04-08 09:41:44,442.8,3354615
2021-04-08 09:41:45,442.85,3354817
2021-04-08 09:41:46,442.55,3355548
2021-04-08 09:41:47,442.55,3355548
2021-04-08 09:41:48,442.75,3355567
2021-04-08 09:41:49,442.8,3356242
2021-04-08 09:41:50,442.6,3356368
2021-04-08 09:41:51,442.6,3356372
2021-04-08 09:41:52,442.8,3356860
2021-04-08 09:41:53,442.8,3356964
2021-04-08 09:41:54,442.7,3357384
2021-04-08 09:41:55,442.7,3357534
2021-04-08 09:41:56,442.65,3357826
2021-04-08 09:41:57,442.65,3358828
2021-04-08 09:41:59,442.9,3359349
2021-04-08 09:41:59,442.65,3359820
2021-04-08 09:42:01,442.65,3359880
2021-04-08 09:42:01,442.65,3359880
2021-04-08 09:42:02,442.6,3360374
2021-04-08 09:42:03,442.6,3360467
2021-04-08 09:42:04,442.8,3360571
2021-04-08 09:42:05,442.65,3361619
2021-04-08 09:42:06,442.85,3361644
2021-04-08 09:42:07,442.85,3361933
2021-04-08 09:42:08,442.65,3363320
2021-04-08 09:42:09,442.9,3363510
2021-04-08 09:42:10,442.9,3364599
2021-04-08 09:42:11,442.85,3364715
2021-04-08 09:42:12,442.85,3365428
2021-04-08 09:42:13,442.85,3365461
2021-04-08 09:42:14,442.85,3365525
2021-04-08 09:42:15,442.7,3366537
2021-04-08 09:42:16,442.7,3366784
2021-04-08 09:42:17,442.75,3366832
2021-04-08 09:42:19,442.75,3367137
2021-04-08 09:42:18,442.75,3367136
2021-04-08 09:42:20,442.7,3367974
2021-04-08 09:42:21,442.7,3367974
2021-04-08 09:42:22,442.7,3368040
2021-04-08 09:42:23,442.6,3368140
2021-04-08 09:42:24,442.7,3368145
2021-04-08 09:42:25,442.6,3368702
2021-04-08 09:42:26,442.7,3368724
2021-04-08 09:42:27,442.7,3368724
2021-04-08 09:42:28,442.7,3368785
2021-04-08 09:42:29,442.55,3373486
2021-04-08 09:42:30,442.55,3374219
2021-04-08 09:42:31,442.65,3376623
2021-04-08 09:42:32,442.5,3376667
2021-04-08 09:42:33,442.5,3376667
2021-04-08 09:42:34,442.6,3376822
2021-04-08 09:42:35,442.6,3376835
2021-04-08 09:42:36,442.55,3377336
2021-04-08 09:42:37,442.5,3379657
2021-04-08 09:42:38,442.55,3380257
2021-04-08 09:42:40,442.4,3380807
2021-04-08 09:42:40,442.4,3380807
2021-04-08 09:42:41,442.5,3380911
2021-04-08 09:42:42,442.5,3381132
2021-04-08 09:42:43,442.5,3381387
2021-04-08 09:42:44,442.65,3383022
2021-04-08 09:42:45,442.6,3383125
2021-04-08 09:42:46,442.4,3383672
2021-04-08 09:42:47,442.55,3383691
2021-04-08 09:42:48,442.55,3384881
2021-04-08 09:42:50,442.65,3385722
2021-04-08 09:42:51,442.65,3385725
2021-04-08 09:42:52,442.7,3385826
2021-04-08 09:42:53,442.55,3385856
2021-04-08 09:42:54,442.5,3386056
2021-04-08 09:42:55,442.7,3386159
2021-04-08 09:42:56,442.5,3386633
2021-04-08 09:42:57,442.5,3386723
2021-04-08 09:42:58,442.6,3387100
2021-04-08 09:42:59,442.35,3387851
2021-04-08 09:43:01,442.5,3387912
2021-04-08 09:43:01,442.5,3387927
2021-04-08 09:43:02,442.5,3387940
2021-04-08 09:43:03,442.35,3388500
2021-04-08 09:43:04,442.5,3388674
2021-04-08 09:43:05,442.35,3389080
2021-04-08 09:43:07,442.5,3389183
2021-04-08 09:43:07,442.5,3389183
2021-04-08 09:43:08,442.5,3389183
2021-04-08 09:43:09,442.5,3390193
2021-04-08 09:43:10,442.5,3390883
2021-04-08 09:43:11,442.55,3391010
2021-04-08 09:43:12,442.45,3392010
2021-04-08 09:43:13,442.7,3392411
2021-04-08 09:43:14,442.7,3394522
2021-04-08 09:43:15,442.6,3395252
2021-04-08 09:43:16,442.7,3395311
2021-04-08 09:43:17,442.75,3400792
2021-04-08 09:43:18,442.8,3400904
2021-04-08 09:43:19,442.65,3401179
2021-04-08 09:43:20,442.65,3401380
2021-04-08 09:43:21,442.8,3404786
2021-04-08 09:43:22,442.8,3404786
2021-04-08 09:43:23,442.9,3405235
2021-04-08 09:43:24,442.9,3405619
2021-04-08 09:43:25,442.8,3405620
2021-04-08 09:43:26,442.9,3405731
2021-04-08 09:43:27,442.9,3405817
2021-04-08 09:43:28,442.9,3405822
2021-04-08 09:43:29,442.9,3406022
2021-04-08 09:43:30,442.9,3406043
2021-04-08 09:43:31,442.9,3406043
2021-04-08 09:43:32,442.9,3406219
2021-04-08 09:43:33,443.2,3434983
2021-04-08 09:43:34,442.9,3436442
2021-04-08 09:43:35,443.0,3436501
2021-04-08 09:43:36,443.0,3436791
2021-04-08 09:43:37,443.0,3437459
2021-04-08 09:43:38,442.9,3438900
2021-04-08 09:43:40,442.9,3438980
2021-04-08 09:43:40,442.9,3438980
2021-04-08 09:43:41,442.95,3440205
2021-04-08 09:43:42,443.0,3440265
2021-04-08 09:43:43,443.2,3442835
2021-04-08 09:43:44,443.2,3442835
2021-04-08 09:43:45,443.05,3443005
2021-04-08 09:43:46,443.25,3443210
2021-04-08 09:43:47,443.25,3443210
2021-04-08 09:43:48,443.15,3444080
2021-04-08 09:43:50,443.5,3450004
2021-04-08 09:43:50,443.5,3450004
2021-04-08 09:43:51,443.5,3450132
2021-04-08 09:43:52,443.55,3454816
2021-04-08 09:43:53,443.6,3456505
2021-04-08 09:43:54,443.6,3456683
2021-04-08 09:43:55,443.3,3459003
2021-04-08 09:43:56,443.5,3459528
2021-04-08 09:43:57,443.45,3459556
2021-04-08 09:43:58,443.6,3460898
2021-04-08 09:43:59,443.55,3467480
2021-04-08 09:44:00,443.5,3467606
2021-04-08 09:44:01,443.6,3467965
2021-04-08 09:44:02,443.6,3473142
2021-04-08 09:44:03,443.5,3478298
2021-04-08 09:44:05,443.6,3479721
2021-04-08 09:44:06,443.6,3480271
2021-04-08 09:44:07,443.8,3480283
2021-04-08 09:44:08,443.85,3481642
2021-04-08 09:44:09,443.85,3482057
2021-04-08 09:44:10,443.8,3488061
2021-04-08 09:44:11,444.0,3488586
2021-04-08 09:44:12,443.75,3489711
2021-04-08 09:44:12,443.75,3489711
2021-04-08 09:44:13,443.8,3490160
2021-04-08 09:44:14,443.6,3491227
2021-04-08 09:44:15,443.7,3491888
2021-04-08 09:44:16,443.75,3492446
2021-04-08 09:44:17,443.85,3494669
2021-04-08 09:44:18,443.7,3494727
2021-04-08 09:44:19,443.75,3494748
2021-04-08 09:44:20,443.7,3495108
2021-04-08 09:44:21,443.75,3498261
2021-04-08 09:44:22,444.0,3499654
2021-04-08 09:44:23,444.0,3499657
2021-04-08 09:44:24,444.0,3499967
2021-04-08 09:44:25,444.05,3538596
2021-04-08 09:44:26,444.1,3539244
2021-04-08 09:44:27,444.1,3539882
2021-04-08 09:44:28,444.1,3540548
2021-04-08 09:44:29,444.05,3541634
2021-04-08 09:44:30,444.1,3543370
2021-04-08 09:44:31,444.2,3544219
2021-04-08 09:44:32,444.2,3544294
2021-04-08 09:44:33,444.2,3545235
2021-04-08 09:44:35,444.1,3546850
2021-04-08 09:44:36,444.35,3548915
2021-04-08 09:44:37,444.4,3549887
2021-04-08 09:44:38,444.4,3550217
2021-04-08 09:44:39,444.15,3551367
2021-04-08 09:44:40,444.4,3553625
2021-04-08 09:44:41,444.4,3553809
2021-04-08 09:44:42,444.15,3553944
2021-04-08 09:44:43,444.15,3554967
2021-04-08 09:44:43,444.3,3555167
2021-04-08 09:44:44,444.2,3555919
2021-04-08 09:44:46,444.3,3558056
2021-04-08 09:44:47,444.3,3558229
2021-04-08 09:44:48,444.4,3560251
2021-04-08 09:44:48,444.4,3560356
2021-04-08 09:44:49,444.4,3560989
2021-04-08 09:44:50,444.15,3561885
2021-04-08 09:44:51,444.35,3562734
2021-04-08 09:44:52,444.35,3563299
2021-04-08 09:44:53,444.25,3563664
2021-04-08 09:44:54,444.4,3564754
2021-04-08 09:44:55,444.5,3567853
2021-04-08 09:44:56,444.35,3570448
2021-04-08 09:44:57,444.15,3573385
2021-04-08 09:44:58,444.25,3573585
2021-04-08 09:44:59,444.25,3573906
2021-04-08 09:45:01,444.1,3574232
2021-04-08 09:45:02,444.25,3574444
2021-04-08 09:45:03,444.4,3575168
2021-04-08 09:45:04,444.4,3575882
2021-04-08 09:45:05,444.25,3576354
2021-04-08 09:45:06,444.25,3576400
2021-04-08 09:45:07,444.35,3576693
2021-04-08 09:45:07,444.35,3576743
2021-04-08 09:45:08,444.2,3577005
2021-04-08 09:45:09,444.3,3578389
2021-04-08 09:45:11,444.35,3579358
2021-04-08 09:45:13,444.35,3579558
2021-04-08 09:45:14,444.35,3580239
2021-04-08 09:45:15,444.35,3580540
2021-04-08 09:45:15,444.35,3580540
2021-04-08 09:45:16,444.15,3583421
2021-04-08 09:45:17,444.1,3583846
2021-04-08 09:45:18,444.15,3586893
2021-04-08 09:45:19,444.05,3586895
2021-04-08 09:45:20,444.0,3587322
2021-04-08 09:45:21,444.1,3587496
2021-04-08 09:45:22,444.2,3589559
2021-04-08 09:45:23,444.1,3589924
2021-04-08 09:45:24,444.1,3589934
2021-04-08 09:45:25,444.25,3590195
2021-04-08 09:45:26,444.15,3591128
2021-04-08 09:45:28,444.2,3595425
2021-04-08 09:45:29,444.2,3597836
2021-04-08 09:45:30,444.15,3599367
2021-04-08 09:45:31,444.0,3599476
2021-04-08 09:45:32,444.15,3602054
2021-04-08 09:45:32,444.15,3602054
2021-04-08 09:45:33,444.15,3602204
2021-04-08 09:45:34,444.0,3606921
2021-04-08 09:45:35,443.8,3610061
2021-04-08 09:45:36,443.85,3610287
2021-04-08 09:45:37,443.85,3610310
2021-04-08 09:45:38,443.85,3611022
2021-04-08 09:45:39,444.0,3611250
2021-04-08 09:45:40,444.0,3613181
2021-04-08 09:45:42,443.9,3613692
2021-04-08 09:45:43,443.8,3614515
2021-04-08 09:45:44,443.75,3616215
2021-04-08 09:45:45,443.85,3616312
2021-04-08 09:45:45,443.95,3616318
2021-04-08 09:45:46,443.9,3616705
2021-04-08 09:45:47,443.85,3617157
2021-04-08 09:45:48,443.75,3617158
2021-04-08 09:45:49,443.9,3617647
2021-04-08 09:45:50,443.9,3618347
2021-04-08 09:45:51,443.9,3618597
2021-04-08 09:45:52,443.75,3618762
2021-04-08 09:45:53,443.85,3619316
2021-04-08 09:45:54,443.75,3619421
2021-04-08 09:45:55,443.95,3620491
2021-04-08 09:45:56,444.0,3624932
2021-04-08 09:45:57,443.9,3625292
2021-04-08 09:45:58,444.0,3626227
2021-04-08 09:45:59,443.9,3626391
2021-04-08 09:46:01,444.0,3637970
2021-04-08 09:46:02,444.2,3638320
2021-04-08 09:46:03,444.0,3639572
2021-04-08 09:46:04,444.0,3639602
2021-04-08 09:46:04,444.0,3639602
2021-04-08 09:46:05,444.05,3639666
2021-04-08 09:46:06,444.0,3639795
2021-04-08 09:46:07,444.05,3640603
2021-04-08 09:46:08,444.15,3641309
2021-04-08 09:46:09,444.15,3641511
2021-04-08 09:46:10,443.9,3641746
2021-04-08 09:46:11,444.0,3641950
2021-04-08 09:46:12,444.0,3643276
2021-04-08 09:46:13,443.95,3643287
2021-04-08 09:46:14,444.0,3645287
2021-04-08 09:46:15,443.95,3645290
2021-04-08 09:46:16,443.85,3645940
2021-04-08 09:46:17,443.85,3651045
2021-04-08 09:46:18,443.85,3651480
2021-04-08 09:46:19,443.95,3651533
2021-04-08 09:46:20,443.95,3651702
2021-04-08 09:46:21,443.95,3651721
2021-04-08 09:46:22,444.0,3662800
2021-04-08 09:46:24,443.75,3663721
2021-04-08 09:46:25,443.9,3664166
2021-04-08 09:46:26,443.85,3664386
2021-04-08 09:46:27,443.75,3664986
2021-04-08 09:46:28,443.7,3666229
2021-04-08 09:46:29,443.7,3666229
2021-04-08 09:46:30,443.8,3666319
2021-04-08 09:46:31,443.8,3666421
2021-04-08 09:46:33,443.65,3668143
2021-04-08 09:46:33,443.65,3668143
2021-04-08 09:46:34,443.75,3668257
2021-04-08 09:46:35,443.55,3668428
2021-04-08 09:46:36,443.8,3669695
2021-04-08 09:46:37,443.6,3670095
2021-04-08 09:46:38,443.65,3671456
2021-04-08 09:46:39,443.6,3671666
2021-04-08 09:46:41,443.85,3671900
2021-04-08 09:46:42,443.75,3672020
2021-04-08 09:46:42,443.8,3672040
2021-04-08 09:46:43,443.8,3674176
2021-04-08 09:46:44,443.75,3674692
2021-04-08 09:46:45,443.75,3677963
2021-04-08 09:46:46,443.8,3677965
2021-04-08 09:46:47,443.95,3683475
2021-04-08 09:46:48,443.9,3683545
2021-04-08 09:46:49,443.9,3685345
2021-04-08 09:46:51,443.9,3685391
2021-04-08 09:46:52,443.9,3686111
2021-04-08 09:46:53,443.85,3687667
2021-04-08 09:46:54,443.7,3688475
2021-04-08 09:46:55,443.75,3688483
2021-04-08 09:46:56,443.7,3688539
2021-04-08 09:46:57,443.75,3688669
2021-04-08 09:46:58,443.6,3689260
2021-04-08 09:46:59,443.6,3689552
2021-04-08 09:47:00,443.5,3690131
2021-04-08 09:47:01,443.5,3690191
2021-04-08 09:47:02,443.65,3690757
2021-04-08 09:47:03,443.7,3693543
2021-04-08 09:47:03,443.7,3693543
2021-04-08 09:47:05,443.6,3693860
2021-04-08 09:47:06,443.5,3694038
2021-04-08 09:47:07,443.65,3694153
2021-04-08 09:47:08,443.65,3694348
2021-04-08 09:47:09,443.5,3694458
2021-04-08 09:47:09,443.65,3694590
2021-04-08 09:47:10,443.85,3701185
2021-04-08 09:47:11,443.8,3701985
2021-04-08 09:47:12,443.75,3702030
2021-04-08 09:47:13,443.85,3702337
2021-04-08 09:47:14,443.7,3702390
2021-04-08 09:47:15,443.65,3702630
2021-04-08 09:47:16,443.8,3702645
2021-04-08 09:47:17,443.8,3702646
2021-04-08 09:47:18,443.65,3702651
2021-04-08 09:47:19,443.65,3702864
2021-04-08 09:47:20,443.75,3703174
2021-04-08 09:47:22,443.85,3703279
2021-04-08 09:47:23,443.7,3704194
2021-04-08 09:47:24,443.7,3704491
2021-04-08 09:47:24,443.7,3704491
2021-04-08 09:47:25,443.95,3706001
2021-04-08 09:47:26,443.7,3707001
2021-04-08 09:47:27,443.75,3707023
2021-04-08 09:47:29,443.7,3707024
2021-04-08 09:47:30,443.7,3714050
2021-04-08 09:47:31,443.7,3714200
2021-04-08 09:47:32,443.7,3717387
2021-04-08 09:47:33,443.9,3717922
2021-04-08 09:47:34,443.7,3717927
2021-04-08 09:47:34,443.85,3718132
2021-04-08 09:47:35,443.6,3720063
2021-04-08 09:47:36,443.75,3720146
2021-04-08 09:47:37,443.75,3720261
2021-04-08 09:47:38,443.7,3720536
2021-04-08 09:47:39,443.7,3720536
2021-04-08 09:47:40,443.5,3720896
2021-04-08 09:47:41,443.5,3720902
2021-04-08 09:47:42,443.55,3729403
2021-04-08 09:47:43,443.7,3729603
2021-04-08 09:47:44,443.9,3730207
2021-04-08 09:47:45,443.7,3730288
2021-04-08 09:47:46,443.85,3730364
2021-04-08 09:47:47,443.9,3731002
2021-04-08 09:47:48,443.9,3731012
2021-04-08 09:47:49,443.9,3731143
2021-04-08 09:47:50,443.9,3731211
2021-04-08 09:47:52,443.85,3731278
2021-04-08 09:47:52,443.85,3731478
2021-04-08 09:47:53,443.8,3731628
2021-04-08 09:47:54,444.0,3735353
2021-04-08 09:47:56,443.9,3735796
2021-04-08 09:47:57,443.65,3736496
2021-04-08 09:47:58,443.8,3736977
2021-04-08 09:47:59,443.6,3737009
2021-04-08 09:48:00,443.85,3737309
2021-04-08 09:48:00,443.85,3737309
2021-04-08 09:48:01,444.0,3737335
2021-04-08 09:48:02,444.0,3737335
2021-04-08 09:48:03,443.9,3737690
2021-04-08 09:48:04,443.7,3738030
2021-04-08 09:48:05,443.6,3738042
2021-04-08 09:48:07,443.75,3739566
2021-04-08 09:48:08,443.7,3739789
2021-04-08 09:48:09,443.65,3739889
2021-04-08 09:48:09,443.65,3739889
2021-04-08 09:48:10,443.65,3739889
2021-04-08 09:48:11,443.65,3739895
2021-04-08 09:48:12,443.95,3739955
2021-04-08 09:48:13,443.95,3740001
2021-04-08 09:48:14,443.9,3740046
2021-04-08 09:48:16,443.85,3740350
2021-04-08 09:48:17,443.85,3740391
2021-04-08 09:48:18,443.85,3740416
2021-04-08 09:48:19,443.95,3740516
2021-04-08 09:48:20,443.95,3740620
2021-04-08 09:48:21,443.9,3740979
2021-04-08 09:48:22,444.0,3741609
2021-04-08 09:48:23,444.1,3755227
2021-04-08 09:48:24,444.05,3756375
2021-04-08 09:48:25,444.1,3756636
2021-04-08 09:48:26,444.2,3757146
2021-04-08 09:48:27,444.2,3758649
2021-04-08 09:48:28,444.1,3758988
2021-04-08 09:48:29,444.2,3759340
2021-04-08 09:48:30,444.2,3760471
2021-04-08 09:48:31,444.3,3766474
2021-04-08 09:48:31,444.1,3761474
2021-04-08 09:48:32,444.3,3766716
2021-04-08 09:48:33,444.2,3767735
2021-04-08 09:48:34,444.1,3768440
2021-04-08 09:48:35,444.3,3768540
2021-04-08 09:48:36,444.2,3770600
2021-04-08 09:48:38,444.35,3771131
2021-04-08 09:48:39,444.25,3771165
2021-04-08 09:48:40,444.1,3771485
2021-04-08 09:48:41,444.35,3771547
2021-04-08 09:48:42,444.35,3771801
2021-04-08 09:48:43,444.3,3773107
2021-04-08 09:48:44,444.1,3773918
2021-04-08 09:48:45,444.15,3774807
2021-04-08 09:48:46,444.1,3774955
2021-04-08 09:48:47,444.1,3775085
2021-04-08 09:48:48,444.2,3775140
2021-04-08 09:48:48,444.15,3775690
2021-04-08 09:48:50,444.15,3777010
2021-04-08 09:48:51,444.3,3777155
2021-04-08 09:48:52,444.15,3778022
2021-04-08 09:48:53,443.95,3782497
2021-04-08 09:48:54,444.0,3789732
2021-04-08 09:48:55,444.0,3789732
2021-04-08 09:48:56,443.85,3793100
2021-04-08 09:48:57,443.65,3794591
2021-04-08 09:48:58,443.9,3794725
2021-04-08 09:48:59,443.9,3794725
2021-04-08 09:49:00,443.9,3794795
2021-04-08 09:49:01,443.85,3794840
2021-04-08 09:49:02,443.9,3794875
2021-04-08 09:49:03,443.95,3795012
2021-04-08 09:49:04,444.0,3795020
2021-04-08 09:49:05,444.0,3795380
2021-04-08 09:49:06,443.9,3795881
2021-04-08 09:49:07,443.9,3795897
2021-04-08 09:49:08,443.95,3796208
2021-04-08 09:49:09,443.9,3796209
2021-04-08 09:49:10,443.9,3796219
2021-04-08 09:49:11,443.95,3796277
2021-04-08 09:49:12,443.9,3796312
2021-04-08 09:49:13,443.9,3796562
2021-04-08 09:49:14,444.0,3797013
2021-04-08 09:49:14,443.9,3796863
2021-04-08 09:49:15,443.95,3797285
2021-04-08 09:49:16,443.9,3797487
2021-04-08 09:49:17,444.0,3797976
2021-04-08 09:49:18,444.1,3799329
2021-04-08 09:49:20,444.1,3799382
2021-04-08 09:49:21,444.1,3799402
2021-04-08 09:49:22,444.0,3799612
2021-04-08 09:49:23,444.0,3799612
2021-04-08 09:49:24,444.1,3799943
2021-04-08 09:49:24,444.1,3800457
2021-04-08 09:49:25,443.95,3800560
2021-04-08 09:49:26,444.05,3800828
2021-04-08 09:49:27,443.9,3801473
2021-04-08 09:49:28,444.1,3801524
2021-04-08 09:49:30,443.85,3801727
2021-04-08 09:49:31,444.0,3802002
2021-04-08 09:49:32,444.0,3802554
2021-04-08 09:49:33,444.0,3802574
2021-04-08 09:49:34,443.95,3804725
2021-04-08 09:49:35,443.95,3806140
2021-04-08 09:49:35,443.95,3806167
2021-04-08 09:49:37,444.0,3806493
2021-04-08 09:49:38,443.95,3806495
2021-04-08 09:49:39,444.0,3806727
2021-04-08 09:49:40,444.0,3806796
2021-04-08 09:49:41,443.95,3806833
2021-04-08 09:49:42,444.1,3808046
2021-04-08 09:49:42,444.1,3808041
2021-04-08 09:49:43,444.1,3808554
2021-04-08 09:49:44,444.0,3809079
2021-04-08 09:49:45,444.0,3809409
2021-04-08 09:49:46,444.0,3809421
2021-04-08 09:49:47,444.0,3809431
2021-04-08 09:49:49,443.95,3809481
2021-04-08 09:49:50,443.95,3809481
2021-04-08 09:49:51,444.0,3809531
2021-04-08 09:49:52,443.9,3810226
2021-04-08 09:49:53,444.0,3810416
2021-04-08 09:49:54,443.95,3816496
2021-04-08 09:49:55,443.95,3816496
2021-04-08 09:49:55,443.95,3816651
2021-04-08 09:49:56,443.95,3816681
2021-04-08 09:49:58,444.0,3816775
2021-04-08 09:49:59,444.0,3816777
2021-04-08 09:49:59,444.0,3816777
2021-04-08 09:50:00,444.0,3818630
2021-04-08 09:50:01,443.9,3820210
2021-04-08 09:50:02,444.1,3820280
2021-04-08 09:50:03,444.0,3820830
2021-04-08 09:50:04,443.75,3821530
2021-04-08 09:50:06,443.9,3824036
2021-04-08 09:50:07,443.95,3825186
2021-04-08 09:50:08,443.65,3825411
2021-04-08 09:50:09,443.95,3825412
2021-04-08 09:50:10,443.95,3825572
2021-04-08 09:50:11,443.65,3825696
2021-04-08 09:50:12,443.8,3825966
2021-04-08 09:50:13,443.85,3826001
2021-04-08 09:50:14,443.65,3826151
2021-04-08 09:50:15,443.85,3826217
2021-04-08 09:50:16,443.8,3826232
2021-04-08 09:50:17,443.65,3826236
2021-04-08 09:50:17,443.85,3826287
2021-04-08 09:50:18,443.65,3826290
2021-04-08 09:50:19,443.65,3826677
2021-04-08 09:50:20,443.6,3833617
2021-04-08 09:50:21,443.6,3833697
2021-04-08 09:50:23,443.65,3834193
2021-04-08 09:50:23,443.65,3834402
2021-04-08 09:50:26,443.5,3834905
2021-04-08 09:50:27,443.5,3835776
2021-04-08 09:50:28,443.6,3837360
2021-04-08 09:50:29,443.5,3838360
2021-04-08 09:50:30,443.5,3839185
2021-04-08 09:50:31,443.1,3843683
2021-04-08 09:50:32,443.0,3849904
2021-04-08 09:50:33,443.05,3855710
2021-04-08 09:50:34,443.0,3857320
2021-04-08 09:50:35,443.0,3857377
2021-04-08 09:50:36,442.85,3857791
2021-04-08 09:50:37,443.1,3859835
2021-04-08 09:50:38,442.9,3859850
2021-04-08 09:50:39,443.2,3859878
2021-04-08 09:50:40,443.2,3859878
2021-04-08 09:50:41,443.0,3860423
2021-04-08 09:50:42,443.2,3860424
2021-04-08 09:50:43,443.2,3860534
2021-04-08 09:50:44,443.0,3861234
2021-04-08 09:50:45,443.1,3861446
2021-04-08 09:50:46,443.1,3861646
2021-04-08 09:50:47,443.05,3861803
2021-04-08 09:50:48,443.05,3861967
2021-04-08 09:50:49,443.0,3863583
2021-04-08 09:50:50,443.25,3863810
2021-04-08 09:50:51,442.9,3865332
2021-04-08 09:50:52,443.1,3865594
2021-04-08 09:50:53,443.05,3865714
2021-04-08 09:50:54,443.15,3866110
2021-04-08 09:50:55,442.9,3867175
2021-04-08 09:50:56,442.9,3867231
2021-04-08 09:50:57,442.9,3867337
2021-04-08 09:50:58,442.9,3868467
2021-04-08 09:50:59,442.85,3868497
2021-04-08 09:51:00,442.9,3868542
2021-04-08 09:51:01,442.8,3869055
2021-04-08 09:51:02,442.9,3869419
2021-04-08 09:51:03,443.05,3869953
2021-04-08 09:51:04,442.9,3870621
2021-04-08 09:51:05,442.9,3873097
2021-04-08 09:51:06,443.05,3873317
2021-04-08 09:51:07,442.8,3873767
2021-04-08 09:51:08,443.0,3873868
2021-04-08 09:51:09,442.9,3874110
2021-04-08 09:51:10,442.9,3874549
2021-04-08 09:51:11,443.0,3874612
2021-04-08 09:51:12,443.05,3875124
2021-04-08 09:51:13,443.0,3875135
2021-04-08 09:51:14,443.0,3875291
2021-04-08 09:51:15,442.85,3876097
2021-04-08 09:51:16,442.85,3876097
2021-04-08 09:51:17,443.0,3876129
2021-04-08 09:51:18,443.0,3876799
2021-04-08 09:51:19,442.9,3877166
2021-04-08 09:51:20,443.15,3877684
2021-04-08 09:51:21,443.15,3878134
2021-04-08 09:51:22,443.05,3878156
2021-04-08 09:51:23,442.9,3880960
2021-04-08 09:51:24,443.0,3881228
2021-04-08 09:51:25,443.25,3881254
2021-04-08 09:51:26,443.05,3881269
2021-04-08 09:51:27,443.0,3882405
2021-04-08 09:51:28,442.95,3883060
2021-04-08 09:51:29,442.95,3883090
2021-04-08 09:51:30,443.2,3883190
2021-04-08 09:51:31,443.0,3883290
2021-04-08 09:51:32,443.25,3883800
2021-04-08 09:51:33,443.25,3883800
2021-04-08 09:51:34,443.25,3883821
2021-04-08 09:51:35,443.15,3883891
2021-04-08 09:51:36,443.25,3885791
2021-04-08 09:51:37,443.15,3885902
2021-04-08 09:51:38,443.1,3886207
2021-04-08 09:51:39,443.35,3887525
2021-04-08 09:51:40,443.35,3887635
2021-04-08 09:51:41,443.35,3888389
2021-04-08 09:51:42,443.25,3891799
2021-04-08 09:51:43,443.4,3891899
2021-04-08 09:51:44,443.25,3891909
2021-04-08 09:51:45,443.2,3892980
2021-04-08 09:51:47,443.2,3893112
2021-04-08 09:51:48,443.15,3893512
2021-04-08 09:51:49,443.15,3893697
2021-04-08 09:51:50,443.3,3893997
2021-04-08 09:51:51,443.3,3894002
2021-04-08 09:51:52,443.3,3894022
2021-04-08 09:51:53,443.2,3894394
2021-04-08 09:51:54,443.35,3896585
2021-04-08 09:51:55,443.3,3896662
2021-04-08 09:51:56,443.15,3896879
2021-04-08 09:51:58,443.15,3896879
2021-04-08 09:51:57,443.15,3896879
2021-04-08 09:51:59,443.4,3896965
2021-04-08 09:52:00,443.15,3897065
2021-04-08 09:52:01,443.15,3897065
2021-04-08 09:52:02,443.2,3897179
2021-04-08 09:52:03,443.15,3897181
2021-04-08 09:52:04,443.25,3897685
2021-04-08 09:52:05,443.3,3897815
2021-04-08 09:52:06,443.15,3897840
2021-04-08 09:52:07,443.15,3897840
2021-04-08 09:52:08,443.25,3898670
2021-04-08 09:52:09,443.25,3898865
2021-04-08 09:52:10,443.2,3899095
2021-04-08 09:52:11,443.2,3899246
2021-04-08 09:52:12,443.25,3899248
2021-04-08 09:52:13,443.15,3899996
2021-04-08 09:52:14,443.05,3900551
2021-04-08 09:52:15,443.0,3900651
2021-04-08 09:52:16,443.05,3906128
2021-04-08 09:52:17,443.0,3906686
2021-04-08 09:52:18,443.15,3906931
2021-04-08 09:52:19,443.15,3907132
2021-04-08 09:52:20,443.15,3907134
2021-04-08 09:52:21,443.15,3907204
2021-04-08 09:52:22,443.15,3907204
2021-04-08 09:52:23,443.15,3907204
2021-04-08 09:52:24,443.15,3907669
2021-04-08 09:52:25,443.0,3907769
2021-04-08 09:52:26,443.0,3907784
2021-04-08 09:52:27,443.1,3907820
2021-04-08 09:52:28,442.85,3910705
2021-04-08 09:52:29,442.9,3911028
2021-04-08 09:52:30,442.95,3914069
2021-04-08 09:52:31,442.8,3916732
2021-04-08 09:52:32,442.9,3917243
2021-04-08 09:52:33,442.9,3917243
2021-04-08 09:52:34,442.9,3917243
2021-04-08 09:52:35,442.85,3917263
2021-04-08 09:52:36,442.85,3917289
2021-04-08 09:52:37,442.75,3917584
2021-04-08 09:52:38,442.85,3920610
2021-04-08 09:52:39,442.7,3920899
2021-04-08 09:52:40,442.75,3921198
2021-04-08 09:52:41,442.8,3922203
2021-04-08 09:52:42,442.65,3922359
2021-04-08 09:52:43,442.65,3922413
2021-04-08 09:52:44,442.85,3922573
2021-04-08 09:52:45,442.75,3922633
2021-04-08 09:52:46,442.85,3923078
2021-04-08 09:52:47,442.6,3923129
2021-04-08 09:52:48,442.75,3923130
2021-04-08 09:52:50,442.7,3923839
2021-04-08 09:52:50,442.7,3923839
2021-04-08 09:52:51,442.7,3924132
2021-04-08 09:52:52,442.5,3926548
2021-04-08 09:52:53,442.65,3926575
2021-04-08 09:52:54,442.6,3927322
2021-04-08 09:52:55,442.7,3927613
2021-04-08 09:52:56,442.7,3928023
2021-04-08 09:52:57,442.7,3928223
2021-04-08 09:52:58,442.7,3928223
2021-04-08 09:52:59,442.55,3928323
2021-04-08 09:53:00,442.7,3928373
2021-04-08 09:53:01,442.7,3929379
2021-04-08 09:53:02,442.6,3929591
2021-04-08 09:53:03,442.7,3929643
2021-04-08 09:53:04,442.75,3931907
2021-04-08 09:53:06,442.75,3932206
2021-04-08 09:53:06,442.75,3932209
2021-04-08 09:53:07,442.75,3932484
2021-04-08 09:53:08,442.95,3932848
2021-04-08 09:53:09,442.7,3932873
2021-04-08 09:53:10,443.0,3935002
2021-04-08 09:53:11,443.0,3935282
2021-04-08 09:53:12,443.0,3935282
2021-04-08 09:53:13,443.0,3935382
2021-04-08 09:53:14,442.95,3935408
2021-04-08 09:53:15,443.0,3936238
2021-04-08 09:53:16,443.0,3936619
2021-04-08 09:53:17,443.1,3937119
2021-04-08 09:53:18,443.15,3937131
2021-04-08 09:53:19,442.85,3937181
2021-04-08 09:53:20,443.0,3937315
2021-04-08 09:53:21,443.1,3937431
2021-04-08 09:53:22,443.1,3937441
2021-04-08 09:53:24,442.9,3937770
2021-04-08 09:53:24,442.9,3937770
2021-04-08 09:53:25,443.1,3938171
2021-04-08 09:53:26,443.05,3940761
2021-04-08 09:53:27,443.15,3941011
2021-04-08 09:53:28,443.15,3941109
2021-04-08 09:53:29,443.05,3941424
2021-04-08 09:53:30,443.1,3941490
2021-04-08 09:53:31,443.3,3942279
2021-04-08 09:53:33,443.1,3942559
2021-04-08 09:53:34,443.05,3942845
2021-04-08 09:53:34,443.2,3942865
2021-04-08 09:53:35,443.15,3942929
2021-04-08 09:53:36,443.1,3943104
2021-04-08 09:53:37,443.15,3943139
2021-04-08 09:53:38,443.1,3943331
2021-04-08 09:53:39,443.05,3943595
2021-04-08 09:53:40,443.1,3944020
2021-04-08 09:53:41,443.1,3944020
2021-04-08 09:53:42,443.15,3944030
2021-04-08 09:53:43,443.15,3944121
2021-04-08 09:53:44,443.05,3944122
2021-04-08 09:53:45,443.15,3944127
2021-04-08 09:53:46,443.15,3944238
2021-04-08 09:53:47,443.15,3944238
2021-04-08 09:53:48,443.15,3944402
2021-04-08 09:53:49,443.15,3945238
2021-04-08 09:53:50,443.15,3945838
2021-04-08 09:53:51,443.1,3945888
2021-04-08 09:53:52,443.1,3946038
2021-04-08 09:53:53,443.15,3946052
2021-04-08 09:53:54,443.1,3946152
2021-04-08 09:53:55,443.05,3946156
2021-04-08 09:53:56,443.05,3946209
2021-04-08 09:53:57,443.1,3946219
2021-04-08 09:53:58,443.05,3946334
2021-04-08 09:53:59,443.15,3946776
2021-04-08 09:54:00,443.15,3946887
2021-04-08 09:54:01,443.15,3946887
2021-04-08 09:54:02,443.1,3947197
2021-04-08 09:54:04,442.85,3948734
2021-04-08 09:54:04,442.9,3948744
2021-04-08 09:54:05,443.15,3950764
2021-04-08 09:54:06,442.85,3950791
2021-04-08 09:54:07,443.2,3950849
2021-04-08 09:54:08,443.0,3951118
2021-04-08 09:54:09,443.0,3951230
2021-04-08 09:54:10,443.2,3951290
2021-04-08 09:54:11,443.0,3951320
2021-04-08 09:54:12,443.0,3951603
2021-04-08 09:54:13,443.0,3951603
2021-04-08 09:54:14,443.0,3951653
2021-04-08 09:54:16,442.8,3951782
2021-04-08 09:54:16,442.8,3951782
2021-04-08 09:54:17,442.8,3951782
2021-04-08 09:54:18,442.85,3951792
2021-04-08 09:54:19,442.85,3952009
2021-04-08 09:54:20,443.0,3952879
2021-04-08 09:54:21,442.85,3953384
2021-04-08 09:54:22,442.9,3953494
2021-04-08 09:54:23,443.0,3953795
2021-04-08 09:54:25,442.9,3953960
2021-04-08 09:54:26,443.0,3954011
2021-04-08 09:54:27,443.0,3954013
2021-04-08 09:54:27,442.9,3954039
2021-04-08 09:54:28,443.0,3954041
2021-04-08 09:54:29,443.0,3954396
2021-04-08 09:54:30,442.85,3954790
2021-04-08 09:54:31,442.95,3954990
2021-04-08 09:54:32,442.95,3955214
2021-04-08 09:54:33,442.75,3957264
2021-04-08 09:54:34,442.8,3957606
2021-04-08 09:54:35,442.8,3957606
2021-04-08 09:54:36,443.0,3958006
2021-04-08 09:54:37,443.0,3958006
2021-04-08 09:54:38,442.9,3958067
2021-04-08 09:54:39,442.85,3958597
2021-04-08 09:54:40,442.85,3958617
2021-04-08 09:54:41,443.0,3958717
2021-04-08 09:54:42,442.9,3958882
2021-04-08 09:54:43,442.9,3958882
2021-04-08 09:54:44,442.9,3958998
2021-04-08 09:54:45,442.9,3959108
2021-04-08 09:54:46,443.0,3959133
2021-04-08 09:54:47,442.95,3959143
2021-04-08 09:54:48,442.95,3959194
2021-04-08 09:54:49,442.95,3959194
2021-04-08 09:54:50,442.85,3959536
2021-04-08 09:54:51,443.0,3959756
2021-04-08 09:54:52,443.0,3961366
2021-04-08 09:54:54,443.0,3970335
2021-04-08 09:54:56,442.95,3970907
2021-04-08 09:54:57,442.95,3970907
2021-04-08 09:54:58,443.2,3971109
2021-04-08 09:54:59,443.15,3971164
2021-04-08 09:54:59,443.15,3971414
2021-04-08 09:55:01,443.1,3971534
2021-04-08 09:55:02,443.15,3972141
2021-04-08 09:55:02,443.2,3972185
2021-04-08 09:55:03,443.0,3972690
2021-04-08 09:55:05,443.0,3972925
2021-04-08 09:55:06,443.1,3972926
2021-04-08 09:55:07,443.0,3973266
2021-04-08 09:55:08,443.1,3973271
2021-04-08 09:55:09,443.1,3973372
2021-04-08 09:55:09,443.1,3973372
2021-04-08 09:55:10,443.0,3973392
2021-04-08 09:55:11,443.1,3973442
2021-04-08 09:55:13,443.0,3974629
2021-04-08 09:55:14,443.0,3974629
2021-04-08 09:55:15,443.0,3974664
2021-04-08 09:55:16,443.0,3974843
2021-04-08 09:55:16,442.85,3974833
2021-04-08 09:55:17,443.1,3975430
2021-04-08 09:55:18,442.85,3976711
2021-04-08 09:55:19,443.1,3977161
2021-04-08 09:55:21,443.1,3977171
2021-04-08 09:55:22,442.85,3977422
2021-04-08 09:55:23,442.85,3977580
2021-04-08 09:55:24,443.2,3978000
2021-04-08 09:55:24,443.2,3978000
2021-04-08 09:55:25,443.0,3978223
2021-04-08 09:55:26,443.0,3978223
2021-04-08 09:55:27,442.85,3978448
2021-04-08 09:55:28,442.8,3981178
2021-04-08 09:55:29,442.85,3981188
2021-04-08 09:55:30,443.0,3981441
2021-04-08 09:55:31,442.8,3982218
2021-04-08 09:55:32,442.7,3982269
2021-04-08 09:55:33,442.7,3983270
2021-04-08 09:55:34,442.7,3983410
2021-04-08 09:55:35,442.85,3983418
2021-04-08 09:55:36,442.7,3983559
2021-04-08 09:55:37,442.7,3984549
2021-04-08 09:55:38,442.75,3985174
2021-04-08 09:55:39,442.65,3985194
2021-04-08 09:55:40,442.65,3985311
2021-04-08 09:55:41,442.65,3985425
2021-04-08 09:55:42,442.8,3985452
2021-04-08 09:55:43,442.65,3986575
2021-04-08 09:55:45,442.7,3986580
2021-04-08 09:55:46,442.75,3986780
2021-04-08 09:55:46,442.65,3986982
2021-04-08 09:55:47,442.75,3987032
2021-04-08 09:55:49,442.55,3987798
2021-04-08 09:55:50,442.75,3988498
2021-04-08 09:55:51,442.5,3989259
2021-04-08 09:55:52,442.5,3989259
2021-04-08 09:55:53,442.7,3989265
2021-04-08 09:55:54,442.7,3989416
2021-04-08 09:55:55,442.5,3989981
2021-04-08 09:55:55,442.5,3989981
2021-04-08 09:55:56,442.7,3990107
2021-04-08 09:55:57,442.7,3990387
2021-04-08 09:55:58,442.6,3994666
2021-04-08 09:55:59,442.6,3994736
2021-04-08 09:56:00,443.05,3998167
2021-04-08 09:56:01,443.0,3998173
2021-04-08 09:56:02,442.85,3998278
2021-04-08 09:56:03,442.85,3998932
2021-04-08 09:56:05,442.85,3998932
2021-04-08 09:56:06,442.85,3998962
2021-04-08 09:56:07,443.1,3999162
2021-04-08 09:56:08,442.9,3999295
2021-04-08 09:56:08,442.9,3999295
2021-04-08 09:56:09,442.9,3999295
2021-04-08 09:56:10,443.15,3999796
2021-04-08 09:56:11,443.0,3999946
2021-04-08 09:56:12,443.2,4001002
2021-04-08 09:56:13,443.0,4001041
2021-04-08 09:56:14,443.0,4001102
2021-04-08 09:56:15,443.15,4001607
2021-04-08 09:56:16,443.0,4001667
2021-04-08 09:56:17,443.1,4001849
2021-04-08 09:56:18,443.0,4001877
2021-04-08 09:56:19,443.0,4001906
2021-04-08 09:56:20,443.1,4002608
2021-04-08 09:56:22,442.95,4002733
2021-04-08 09:56:23,443.1,4002773
2021-04-08 09:56:23,443.1,4002774
2021-04-08 09:56:24,443.0,4002848
2021-04-08 09:56:25,443.1,4003113
2021-04-08 09:56:26,442.95,4003576
2021-04-08 09:56:27,442.95,4003700
2021-04-08 09:56:28,442.95,4003700
2021-04-08 09:56:29,442.85,4003907
2021-04-08 09:56:30,442.85,4003907
2021-04-08 09:56:31,442.9,4003962
2021-04-08 09:56:33,442.9,4004134
2021-04-08 09:56:34,442.9,4004185
2021-04-08 09:56:36,442.85,4004388
2021-04-08 09:56:37,442.7,4004650
2021-04-08 09:56:38,442.9,4005345
2021-04-08 09:56:38,442.9,4005645
2021-04-08 09:56:39,442.8,4005685
2021-04-08 09:56:40,442.75,4006156
2021-04-08 09:56:41,442.95,4006335
2021-04-08 09:56:42,442.9,4006346
2021-04-08 09:56:43,442.85,4006375
2021-04-08 09:56:44,442.75,4006540
2021-04-08 09:56:45,442.75,4006543
2021-04-08 09:56:47,442.8,4006587
2021-04-08 09:56:48,442.8,4006620
2021-04-08 09:56:49,443.0,4006661
2021-04-08 09:56:50,443.0,4006685
2021-04-08 09:56:50,443.0,4006685
2021-04-08 09:56:51,442.8,4006786
2021-04-08 09:56:53,442.8,4006836
2021-04-08 09:56:54,443.0,4006936
2021-04-08 09:56:55,443.0,4007157
2021-04-08 09:56:55,442.85,4007337
2021-04-08 09:56:56,442.85,4007867
2021-04-08 09:56:57,443.0,4007983
2021-04-08 09:56:58,443.0,4008186
2021-04-08 09:56:59,442.85,4008404
2021-04-08 09:57:00,442.85,4008404
2021-04-08 09:57:01,442.85,4008404
2021-04-08 09:57:03,443.0,4008641
2021-04-08 09:57:04,443.0,4008641
2021-04-08 09:57:05,442.8,4008997
2021-04-08 09:57:05,442.95,4009108
2021-04-08 09:57:06,442.8,4009471
2021-04-08 09:57:08,442.9,4009477
2021-04-08 09:57:09,442.75,4009729
2021-04-08 09:57:10,442.75,4009779
2021-04-08 09:57:11,442.8,4010069
2021-04-08 09:57:12,442.8,4010574
2021-04-08 09:57:13,442.8,4010584
2021-04-08 09:57:14,442.8,4010593
2021-04-08 09:57:15,442.8,4010684
2021-04-08 09:57:16,442.85,4011618
2021-04-08 09:57:16,442.8,4011619
2021-04-08 09:57:17,443.0,4012025
2021-04-08 09:57:18,442.8,4012026
2021-04-08 09:57:19,442.8,4012026
2021-04-08 09:57:20,442.8,4012026
2021-04-08 09:57:21,442.95,4012179
2021-04-08 09:57:22,442.8,4012194
2021-04-08 09:57:23,442.8,4012194
2021-04-08 09:57:24,443.0,4012394
2021-04-08 09:57:25,443.0,4012396
2021-04-08 09:57:26,442.8,4012431
2021-04-08 09:57:27,443.0,4012484
2021-04-08 09:57:29,442.8,4012892
2021-04-08 09:57:30,442.95,4013428
2021-04-08 09:57:31,442.95,4013428
2021-04-08 09:57:32,442.85,4013462
2021-04-08 09:57:33,442.8,4014164
2021-04-08 09:57:34,442.6,4016245
2021-04-08 09:57:35,442.6,4016245
2021-04-08 09:57:36,442.75,4016279
2021-04-08 09:57:37,442.6,4016379
2021-04-08 09:57:38,442.6,4016415
2021-04-08 09:57:39,442.6,4017595
2021-04-08 09:57:39,442.8,4017465
2021-04-08 09:57:40,442.85,4017606
2021-04-08 09:57:41,442.85,4018426
2021-04-08 09:57:42,442.85,4018458
2021-04-08 09:57:43,442.75,4018703
2021-04-08 09:57:44,442.75,4018754
2021-04-08 09:57:45,442.75,4018825
2021-04-08 09:57:46,442.75,4018895
2021-04-08 09:57:47,442.6,4019006
2021-04-08 09:57:49,442.65,4020202
2021-04-08 09:57:50,442.65,4020202
2021-04-08 09:57:51,442.7,4020287
2021-04-08 09:57:52,442.7,4020387
2021-04-08 09:57:53,442.7,4020387
2021-04-08 09:57:54,442.7,4020747
2021-04-08 09:57:55,442.85,4021242
2021-04-08 09:57:56,442.85,4021272
2021-04-08 09:57:57,442.85,4021477
2021-04-08 09:57:58,442.85,4021477
2021-04-08 09:57:59,442.85,4021503
2021-04-08 09:58:00,442.85,4021721
2021-04-08 09:58:01,442.85,4021721
2021-04-08 09:58:02,442.9,4021871
2021-04-08 09:58:03,442.85,4021906
2021-04-08 09:58:03,442.8,4022392
2021-04-08 09:58:04,442.8,4022929
2021-04-08 09:58:05,442.6,4023194
2021-04-08 09:58:07,442.75,4023205
2021-04-08 09:58:07,442.75,4023925
2021-04-08 09:58:08,442.75,4024505
2021-04-08 09:58:10,442.6,4025784
2021-04-08 09:58:11,442.6,4030982
2021-04-08 09:58:12,442.75,4031532
2021-04-08 09:58:13,442.55,4034455
2021-04-08 09:58:14,442.75,4034567
2021-04-08 09:58:15,442.7,4034694
2021-04-08 09:58:17,442.7,4034799
2021-04-08 09:58:18,442.7,4034850
2021-04-08 09:58:19,442.6,4035200
2021-04-08 09:58:20,442.6,4035216
2021-04-08 09:58:21,442.7,4035226
2021-04-08 09:58:22,442.7,4035226
2021-04-08 09:58:23,442.75,4035281
2021-04-08 09:58:24,442.7,4035304
2021-04-08 09:58:25,442.75,4035314
2021-04-08 09:58:26,442.75,4035443
2021-04-08 09:58:27,442.35,4045352
2021-04-08 09:58:28,442.45,4045392
2021-04-08 09:58:28,442.45,4045402
2021-04-08 09:58:29,442.35,4047424
2021-04-08 09:58:30,442.3,4047643
2021-04-08 09:58:31,442.45,4047658
2021-04-08 09:58:32,442.45,4047660
2021-04-08 09:58:33,442.25,4047860
2021-04-08 09:58:34,442.25,4047860
2021-04-08 09:58:35,442.5,4047990
2021-04-08 09:58:36,442.3,4048010
2021-04-08 09:58:38,442.45,4049472
2021-04-08 09:58:39,442.6,4049507
2021-04-08 09:58:40,442.6,4049512
2021-04-08 09:58:41,442.5,4050498
2021-04-08 09:58:42,442.45,4051098
2021-04-08 09:58:43,442.65,4051649
2021-04-08 09:58:44,442.4,4052070
2021-04-08 09:58:44,442.4,4052270
2021-04-08 09:58:45,442.4,4052270
2021-04-08 09:58:46,442.35,4052520
2021-04-08 09:58:47,442.35,4052570
2021-04-08 09:58:48,442.3,4052595
2021-04-08 09:58:50,442.35,4052853
2021-04-08 09:58:52,442.45,4053062
2021-04-08 09:58:53,442.45,4053062
2021-04-08 09:58:53,442.3,4053278
2021-04-08 09:58:54,442.35,4053288
2021-04-08 09:58:55,442.5,4053411
2021-04-08 09:58:56,442.5,4053542
2021-04-08 09:58:57,442.5,4053542
2021-04-08 09:58:58,442.35,4053667
2021-04-08 09:58:59,442.35,4054090
2021-04-08 09:59:01,442.35,4054125
2021-04-08 09:59:02,442.35,4054425
2021-04-08 09:59:02,442.35,4055465
2021-04-08 09:59:04,442.35,4055465
2021-04-08 09:59:05,442.35,4055587
2021-04-08 09:59:06,442.35,4056486
2021-04-08 09:59:07,442.45,4056601
2021-04-08 09:59:08,442.35,4056696
2021-04-08 09:59:09,442.3,4056869
2021-04-08 09:59:10,442.5,4057228
2021-04-08 09:59:11,442.5,4057243
2021-04-08 09:59:11,442.35,4057273
2021-04-08 09:59:12,442.45,4057475
2021-04-08 09:59:14,442.5,4057583
2021-04-08 09:59:15,442.45,4057593
2021-04-08 09:59:15,442.45,4057593
2021-04-08 09:59:16,442.5,4057818
2021-04-08 09:59:17,442.45,4057944
2021-04-08 09:59:18,442.5,4058667
2021-04-08 09:59:19,442.5,4058667
2021-04-08 09:59:20,442.4,4058692
2021-04-08 09:59:21,442.3,4058707
2021-04-08 09:59:22,442.35,4058750
2021-04-08 09:59:23,442.3,4062311
2021-04-08 09:59:25,442.45,4067602
2021-04-08 09:59:26,442.45,4068207
2021-04-08 09:59:27,442.45,4068219
2021-04-08 09:59:28,442.3,4068607
2021-04-08 09:59:29,442.45,4068825
2021-04-08 09:59:30,442.3,4069265
2021-04-08 09:59:31,442.25,4069365
2021-04-08 09:59:32,442.25,4069365
2021-04-08 09:59:33,442.3,4069375
2021-04-08 09:59:34,442.3,4070395
2021-04-08 09:59:35,442.3,4070395
2021-04-08 09:59:36,442.25,4070454
2021-04-08 09:59:37,442.2,4072788
2021-04-08 09:59:38,442.2,4081924
2021-04-08 09:59:39,442.2,4081955
2021-04-08 09:59:40,442.25,4082406
2021-04-08 09:59:41,442.05,4082441
2021-04-08 09:59:42,442.2,4082756
2021-04-08 09:59:43,442.1,4083371
2021-04-08 09:59:44,442.1,4083594
2021-04-08 09:59:45,442.2,4083630
2021-04-08 09:59:46,442.2,4083738
2021-04-08 09:59:47,442.25,4085438
2021-04-08 09:59:48,442.05,4085446
2021-04-08 09:59:49,442.2,4085452
2021-04-08 09:59:50,442.05,4085832
2021-04-08 09:59:51,442.25,4089940
2021-04-08 09:59:52,442.2,4089981
2021-04-08 09:59:53,442.2,4090036
2021-04-08 09:59:54,442.25,4090565
2021-04-08 09:59:54,442.25,4090565
2021-04-08 09:59:56,442.05,4090985
2021-04-08 09:59:57,442.05,4130562
2021-04-08 09:59:58,442.05,4130695
2021-04-08 09:59:58,442.05,4131030
2021-04-08 09:59:59,442.05,4131111
2021-04-08 10:00:00,441.95,4132137
2021-04-08 10:00:01,442.0,4132163
2021-04-08 10:00:02,441.95,4132346
2021-04-08 10:00:04,441.95,4132638
2021-04-08 10:00:05,442.0,4133663
2021-04-08 10:00:06,441.95,4133713
2021-04-08 10:00:07,441.95,4134175
2021-04-08 10:00:08,442.0,4134487
2021-04-08 10:00:09,441.9,4134739
2021-04-08 10:00:10,441.95,4134989
2021-04-08 10:00:11,441.95,4135089
2021-04-08 10:00:12,441.85,4135813
2021-04-08 10:00:13,441.95,4136441
2021-04-08 10:00:14,441.85,4136549
2021-04-08 10:00:15,442.0,4137310
2021-04-08 10:00:16,442.0,4137475
2021-04-08 10:00:17,441.85,4138578
2021-04-08 10:00:18,441.85,4138642
2021-04-08 10:00:19,442.0,4138904
2021-04-08 10:00:20,441.8,4138989
2021-04-08 10:00:21,441.75,4139416
2021-04-08 10:00:21,441.75,4139516
2021-04-08 10:00:22,441.8,4141838
2021-04-08 10:00:23,441.75,4141905
2021-04-08 10:00:24,441.7,4144027
2021-04-08 10:00:25,441.9,4144077
2021-04-08 10:00:27,442.0,4151676
2021-04-08 10:00:28,441.85,4153323
2021-04-08 10:00:29,442.0,4153351
2021-04-08 10:00:30,441.85,4155492
2021-04-08 10:00:31,442.05,4160016
2021-04-08 10:00:32,441.85,4160118
2021-04-08 10:00:33,441.95,4160322
2021-04-08 10:00:33,441.95,4160427
2021-04-08 10:00:35,441.8,4163878
2021-04-08 10:00:36,441.95,4163938
2021-04-08 10:00:37,441.9,4163943
2021-04-08 10:00:37,441.9,4163985
2021-04-08 10:00:39,442.0,4164248
2021-04-08 10:00:40,442.0,4165054
2021-04-08 10:00:41,441.95,4166012
2021-04-08 10:00:42,441.75,4167733
2021-04-08 10:00:42,442.0,4167633
2021-04-08 10:00:43,441.9,4167748
2021-04-08 10:00:44,441.8,4168431
2021-04-08 10:00:45,441.9,4168582
2021-04-08 10:00:47,441.95,4168837
2021-04-08 10:00:48,441.95,4168837
2021-04-08 10:00:49,441.9,4168853
2021-04-08 10:00:50,442.0,4169481
2021-04-08 10:00:51,441.95,4169542
2021-04-08 10:00:52,441.7,4171082
2021-04-08 10:00:53,442.0,4172007
2021-04-08 10:00:54,442.0,4172676
2021-04-08 10:00:55,441.9,4173554
2021-04-08 10:00:55,441.9,4173554
2021-04-08 10:00:57,441.8,4174142
2021-04-08 10:00:58,442.15,4186339
2021-04-08 10:00:59,442.15,4186339
2021-04-08 10:00:59,442.15,4186339
2021-04-08 10:01:00,442.25,4187451
2021-04-08 10:01:01,442.25,4187687
2021-04-08 10:01:03,442.15,4188092
2021-04-08 10:01:04,442.15,4188232
2021-04-08 10:01:05,442.3,4188244
2021-04-08 10:01:06,442.1,4188869
2021-04-08 10:01:07,442.3,4189037
2021-04-08 10:01:08,442.3,4189038
2021-04-08 10:01:08,442.15,4189088
2021-04-08 10:01:09,442.15,4190088
2021-04-08 10:01:11,442.45,4190218
2021-04-08 10:01:12,442.1,4190628
2021-04-08 10:01:13,442.3,4190742
2021-04-08 10:01:14,442.4,4194147
2021-04-08 10:01:15,442.4,4194538
2021-04-08 10:01:16,442.3,4194642
2021-04-08 10:01:17,442.1,4196557
2021-04-08 10:01:18,442.15,4196850
2021-04-08 10:01:19,442.3,4197075
2021-04-08 10:01:20,442.1,4198085
2021-04-08 10:01:21,442.1,4198115
2021-04-08 10:01:22,442.1,4198216
2021-04-08 10:01:23,442.1,4198216
2021-04-08 10:01:24,442.1,4199256
2021-04-08 10:01:25,442.1,4199426
2021-04-08 10:01:26,442.05,4200183
2021-04-08 10:01:27,442.05,4200423
2021-04-08 10:01:28,442.1,4202180
2021-04-08 10:01:29,442.05,4202350
2021-04-08 10:01:30,442.1,4202486
2021-04-08 10:01:31,442.25,4202891
2021-04-08 10:01:32,442.25,4203004
2021-04-08 10:01:33,442.05,4203046
2021-04-08 10:01:34,442.0,4203125
2021-04-08 10:01:35,442.1,4203147
2021-04-08 10:01:36,442.1,4203147
2021-04-08 10:01:37,442.1,4203147
2021-04-08 10:01:38,442.25,4203327
2021-04-08 10:01:39,442.25,4203327
2021-04-08 10:01:40,442.1,4203738
2021-04-08 10:01:41,442.05,4203789
2021-04-08 10:01:42,442.25,4203792
2021-04-08 10:01:43,442.25,4203793
2021-04-08 10:01:44,442.35,4204293
2021-04-08 10:01:45,442.45,4204925
2021-04-08 10:01:46,442.45,4204925
2021-04-08 10:01:47,442.45,4204925
2021-04-08 10:01:48,442.45,4204925
2021-04-08 10:01:49,442.25,4204955
2021-04-08 10:01:50,442.25,4204955
2021-04-08 10:01:51,442.25,4205165
2021-04-08 10:01:52,442.25,4205232
2021-04-08 10:01:53,442.45,4206262
2021-04-08 10:01:54,442.35,4206264
2021-04-08 10:01:55,442.25,4206614
2021-04-08 10:01:56,442.45,4207572
2021-04-08 10:01:57,442.45,4208475
2021-04-08 10:01:58,442.45,4208475
2021-04-08 10:02:00,442.15,4208690
2021-04-08 10:01:59,442.25,4208689
2021-04-08 10:02:01,442.25,4210872
2021-04-08 10:02:02,442.25,4211652
2021-04-08 10:02:03,442.15,4212514
2021-04-08 10:02:04,442.25,4213516
2021-04-08 10:02:05,442.25,4213520
2021-04-08 10:02:06,442.3,4213522
2021-04-08 10:02:07,442.3,4213704
2021-04-08 10:02:08,442.2,4214794
2021-04-08 10:02:09,442.15,4214809
2021-04-08 10:02:10,442.15,4214814
2021-04-08 10:02:12,442.35,4214883
2021-04-08 10:02:13,442.4,4215682
2021-04-08 10:02:14,442.25,4215771
2021-04-08 10:02:15,442.25,4215773
2021-04-08 10:02:16,442.3,4215855
2021-04-08 10:02:17,442.3,4215855
2021-04-08 10:02:18,442.25,4216364
2021-04-08 10:02:19,442.45,4216571
2021-04-08 10:02:20,442.45,4216667
2021-04-08 10:02:21,442.25,4216679
2021-04-08 10:02:22,442.5,4219879
2021-04-08 10:02:23,442.35,4219922
2021-04-08 10:02:24,442.35,4219922
2021-04-08 10:02:25,442.45,4220083
2021-04-08 10:02:26,442.45,4220083
2021-04-08 10:02:27,442.5,4220158
2021-04-08 10:02:28,442.35,4220208
2021-04-08 10:02:29,442.5,4226728
2021-04-08 10:02:30,442.5,4226883
2021-04-08 10:02:31,442.5,4226883
2021-04-08 10:02:32,442.35,4227018
2021-04-08 10:02:33,442.35,4227018
2021-04-08 10:02:34,442.35,4227018
2021-04-08 10:02:35,442.35,4227038
2021-04-08 10:02:36,442.5,4229913
2021-04-08 10:02:37,442.4,4229934
2021-04-08 10:02:38,442.45,4230084
2021-04-08 10:02:39,442.45,4230129
2021-04-08 10:02:40,442.45,4230165
2021-04-08 10:02:41,442.45,4230165
2021-04-08 10:02:42,442.45,4230165
2021-04-08 10:02:43,442.5,4230221
2021-04-08 10:02:44,442.5,4230221
2021-04-08 10:02:45,442.45,4230321
2021-04-08 10:02:46,442.5,4233568
2021-04-08 10:02:47,442.45,4234091
2021-04-08 10:02:48,442.45,4234091
2021-04-08 10:02:49,442.4,4234533
2021-04-08 10:02:50,442.5,4234703
2021-04-08 10:02:51,442.5,4235203
2021-04-08 10:02:52,442.4,4235228
2021-04-08 10:02:53,442.4,4235228
2021-04-08 10:02:54,442.4,4235228
2021-04-08 10:02:55,442.4,4235228
2021-04-08 10:02:56,442.5,4236154
2021-04-08 10:02:57,442.5,4236281
2021-04-08 10:02:58,442.5,4236481
2021-04-08 10:02:59,442.5,4241490
2021-04-08 10:03:00,442.45,4241597
2021-04-08 10:03:01,442.75,4247647
2021-04-08 10:03:02,442.7,4247997
2021-04-08 10:03:03,442.5,4249256
2021-04-08 10:03:04,442.5,4249256
2021-04-08 10:03:05,442.5,4249342
2021-04-08 10:03:06,442.5,4249342
2021-04-08 10:03:07,442.5,4249342
2021-04-08 10:03:08,442.75,4250342
2021-04-08 10:03:09,442.5,4251244
2021-04-08 10:03:10,442.5,4251244
2021-04-08 10:03:11,442.5,4251354
2021-04-08 10:03:12,442.5,4251674
2021-04-08 10:03:14,442.5,4252207
2021-04-08 10:03:15,442.5,4252207
2021-04-08 10:03:16,442.5,4252586
2021-04-08 10:03:17,442.5,4252586
2021-04-08 10:03:18,442.5,4252802
2021-04-08 10:03:19,442.6,4253012
2021-04-08 10:03:20,442.65,4253082
2021-04-08 10:03:21,442.45,4253682
2021-04-08 10:03:22,442.6,4253686
2021-04-08 10:03:23,442.5,4253696
2021-04-08 10:03:24,442.75,4254696
2021-04-08 10:03:25,442.7,4256703
2021-04-08 10:03:26,442.7,4256754
2021-04-08 10:03:28,442.65,4257230
2021-04-08 10:03:28,442.65,4257230
2021-04-08 10:03:29,442.5,4257311
2021-04-08 10:03:30,442.7,4257612
2021-04-08 10:03:31,442.7,4257712
2021-04-08 10:03:32,442.5,4258412
2021-04-08 10:03:34,442.65,4258593
2021-04-08 10:03:34,442.65,4258593
2021-04-08 10:03:35,442.7,4258846
2021-04-08 10:03:36,442.5,4258847
2021-04-08 10:03:37,442.65,4259559
2021-04-08 10:03:38,442.6,4260334
2021-04-08 10:03:39,442.55,4260386
2021-04-08 10:03:40,442.6,4260437
2021-04-08 10:03:41,442.65,4260446
2021-04-08 10:03:42,442.65,4260446
2021-04-08 10:03:43,442.65,4260448
2021-04-08 10:03:44,442.65,4260461
2021-04-08 10:03:45,442.65,4260461
2021-04-08 10:03:46,442.65,4260488
2021-04-08 10:03:47,442.65,4260507
2021-04-08 10:03:48,442.6,4260557
2021-04-08 10:03:49,442.6,4260557
2021-04-08 10:03:50,442.7,4260882
2021-04-08 10:03:51,442.6,4260982
2021-04-08 10:03:52,442.7,4261282
2021-04-08 10:03:54,442.65,4261651
2021-04-08 10:03:56,442.65,4261656
2021-04-08 10:03:56,442.65,4261706
2021-04-08 10:03:57,442.6,4261716
2021-04-08 10:03:58,442.6,4261738
2021-04-08 10:03:59,442.55,4261789
2021-04-08 10:04:00,442.55,4261799
2021-04-08 10:04:01,442.55,4261804
2021-04-08 10:04:02,442.6,4261809
2021-04-08 10:04:03,442.6,4261910
2021-04-08 10:04:04,442.6,4262069
2021-04-08 10:04:05,442.55,4262474
2021-04-08 10:04:07,442.6,4262532
2021-04-08 10:04:06,442.6,4262532
