timestamp,ltp,volume
2021-05-18 09:15:26,33931.0,0
2021-05-18 09:15:26,33931.0,0
2021-05-18 09:15:27,33920.4,0
2021-05-18 09:15:28,33927.5,0
2021-05-18 09:15:29,33922.35,0
2021-05-18 09:15:30,33900.2,0
2021-05-18 09:15:31,33898.15,0
2021-05-18 09:15:32,33929.0,0
2021-05-18 09:15:34,33927.95,0
2021-05-18 09:15:36,33921.8,0
2021-05-18 09:15:37,33924.0,0
2021-05-18 09:15:38,33917.05,0
2021-05-18 09:15:39,33911.6,0
2021-05-18 09:15:40,33920.6,0
2021-05-18 09:15:41,33915.85,0
2021-05-18 09:15:42,33922.15,0
2021-05-18 09:15:43,33925.0,0
2021-05-18 09:15:44,33928.9,0
2021-05-18 09:15:45,33931.15,0
2021-05-18 09:15:46,33931.95,0
2021-05-18 09:15:47,33928.7,0
2021-05-18 09:15:48,33938.45,0
2021-05-18 09:15:49,33931.15,0
2021-05-18 09:15:50,33947.05,0
2021-05-18 09:15:51,33949.35,0
2021-05-18 09:15:52,33950.35,0
2021-05-18 09:15:53,33948.2,0
2021-05-18 09:15:54,33950.25,0
2021-05-18 09:15:55,33962.15,0
2021-05-18 09:15:56,33967.2,0
2021-05-18 09:15:57,33963.8,0
2021-05-18 09:15:58,33971.0,0
2021-05-18 09:15:59,33977.1,0
2021-05-18 09:16:00,33973.9,0
2021-05-18 09:16:01,33988.5,0
2021-05-18 09:16:02,33987.55,0
2021-05-18 09:16:03,33987.4,0
2021-05-18 09:16:04,33997.9,0
2021-05-18 09:16:05,34000.65,0
2021-05-18 09:16:06,34006.05,0
2021-05-18 09:16:07,34007.25,0
2021-05-18 09:16:08,34015.15,0
2021-05-18 09:16:09,34004.5,0
2021-05-18 09:16:10,34011.95,0
2021-05-18 09:16:11,34025.7,0
2021-05-18 09:16:12,34027.8,0
2021-05-18 09:16:13,34023.65,0
2021-05-18 09:16:14,34032.8,0
2021-05-18 09:16:15,34031.5,0
2021-05-18 09:16:16,34026.85,0
2021-05-18 09:16:17,34041.45,0
2021-05-18 09:16:18,34040.05,0
2021-05-18 09:16:19,34032.1,0
2021-05-18 09:16:20,34039.95,0
2021-05-18 09:16:21,34034.9,0
2021-05-18 09:16:22,34045.75,0
2021-05-18 09:16:23,34048.95,0
2021-05-18 09:16:24,34056.85,0
2021-05-18 09:16:25,34057.7,0
2021-05-18 09:16:26,34059.7,0
2021-05-18 09:16:27,34059.15,0
2021-05-18 09:16:28,34056.95,0
2021-05-18 09:16:29,34061.7,0
2021-05-18 09:16:30,34057.7,0
2021-05-18 09:16:31,34056.25,0
2021-05-18 09:16:32,34065.25,0
2021-05-18 09:16:33,34065.05,0
2021-05-18 09:16:34,34067.45,0
2021-05-18 09:16:35,34068.35,0
2021-05-18 09:16:37,34058.65,0
2021-05-18 09:16:38,34064.65,0
2021-05-18 09:16:39,34071.1,0
2021-05-18 09:16:40,34078.9,0
2021-05-18 09:16:41,34064.5,0
2021-05-18 09:16:42,34064.95,0
2021-05-18 09:16:43,34064.5,0
2021-05-18 09:16:44,34071.2,0
2021-05-18 09:16:45,34075.15,0
2021-05-18 09:16:46,34074.8,0
2021-05-18 09:16:47,34072.55,0
2021-05-18 09:16:48,34073.55,0
2021-05-18 09:16:54,34080.7,0
2021-05-18 09:16:55,34088.85,0
2021-05-18 09:16:56,34088.7,0
2021-05-18 09:16:57,34087.8,0
2021-05-18 09:16:58,34091.85,0
2021-05-18 09:16:59,34075.2,0
2021-05-18 09:17:00,34088.95,0
2021-05-18 09:17:02,34088.65,0
2021-05-18 09:17:03,34093.1,0
2021-05-18 09:17:04,34098.65,0
2021-05-18 09:17:05,34091.85,0
2021-05-18 09:17:06,34102.6,0
2021-05-18 09:17:07,34098.65,0
2021-05-18 09:17:08,34097.95,0
2021-05-18 09:17:09,34095.75,0
2021-05-18 09:17:10,34101.95,0
2021-05-18 09:17:11,34101.2,0
2021-05-18 09:17:12,34096.15,0
2021-05-18 09:17:13,34108.45,0
2021-05-18 09:17:14,34111.95,0
2021-05-18 09:17:15,34096.5,0
2021-05-18 09:17:16,34103.85,0
2021-05-18 09:17:17,34104.2,0
2021-05-18 09:17:18,34115.0,0
2021-05-18 09:17:19,34116.55,0
2021-05-18 09:17:20,34102.3,0
2021-05-18 09:17:21,34107.35,0
2021-05-18 09:17:22,34102.8,0
2021-05-18 09:17:23,34104.75,0
2021-05-18 09:17:25,34100.6,0
2021-05-18 09:17:26,34091.3,0
2021-05-18 09:17:27,34089.85,0
2021-05-18 09:17:28,34083.8,0
2021-05-18 09:17:29,34084.2,0
2021-05-18 09:17:30,34083.2,0
2021-05-18 09:17:31,34084.35,0
2021-05-18 09:17:32,34077.1,0
2021-05-18 09:17:33,34072.8,0
2021-05-18 09:17:34,34082.55,0
2021-05-18 09:17:35,34074.85,0
2021-05-18 09:17:36,34069.4,0
2021-05-18 09:17:37,34068.65,0
2021-05-18 09:17:38,34077.85,0
2021-05-18 09:17:39,34067.85,0
2021-05-18 09:17:40,34070.15,0
2021-05-18 09:17:41,34073.15,0
2021-05-18 09:17:42,34070.05,0
2021-05-18 09:17:43,34071.4,0
2021-05-18 09:17:44,34075.25,0
2021-05-18 09:17:46,34074.25,0
2021-05-18 09:17:47,34072.95,0
2021-05-18 09:17:48,34073.2,0
2021-05-18 09:17:49,34072.45,0
2021-05-18 09:17:50,34064.4,0
2021-05-18 09:17:51,34073.3,0
2021-05-18 09:17:52,34072.0,0
2021-05-18 09:17:53,34068.95,0
2021-05-18 09:17:54,34063.25,0
2021-05-18 09:17:55,34063.65,0
2021-05-18 09:17:56,34074.65,0
2021-05-18 09:17:57,34068.8,0
2021-05-18 09:17:58,34068.7,0
2021-05-18 09:17:59,34067.1,0
2021-05-18 09:18:00,34058.75,0
2021-05-18 09:18:01,34058.2,0
2021-05-18 09:18:02,34058.8,0
2021-05-18 09:18:03,34067.7,0
2021-05-18 09:18:04,34068.6,0
2021-05-18 09:18:05,34067.5,0
2021-05-18 09:18:06,34067.45,0
2021-05-18 09:18:07,34068.45,0
2021-05-18 09:18:08,34067.5,0
2021-05-18 09:18:09,34052.35,0
2021-05-18 09:18:10,34055.7,0
2021-05-18 09:18:11,34062.5,0
2021-05-18 09:18:12,34056.25,0
2021-05-18 09:18:14,34049.4,0
2021-05-18 09:18:15,34046.05,0
2021-05-18 09:18:16,34045.35,0
2021-05-18 09:18:17,34051.1,0
2021-05-18 09:18:18,34044.3,0
2021-05-18 09:18:19,34037.05,0
2021-05-18 09:18:20,34034.15,0
2021-05-18 09:18:21,34041.25,0
2021-05-18 09:18:22,34031.4,0
2021-05-18 09:18:23,34035.0,0
2021-05-18 09:18:24,34030.0,0
2021-05-18 09:18:25,34028.15,0
2021-05-18 09:18:26,34031.25,0
2021-05-18 09:18:27,34034.25,0
2021-05-18 09:18:28,34034.05,0
2021-05-18 09:18:29,34041.4,0
2021-05-18 09:18:30,34043.25,0
2021-05-18 09:18:31,34039.0,0
2021-05-18 09:18:33,34042.25,0
2021-05-18 09:18:34,34040.75,0
2021-05-18 09:18:35,34039.45,0
2021-05-18 09:18:36,34037.55,0
2021-05-18 09:18:37,34032.9,0
2021-05-18 09:18:38,34037.9,0
2021-05-18 09:18:39,34028.85,0
2021-05-18 09:18:40,34031.75,0
2021-05-18 09:18:41,34023.7,0
2021-05-18 09:18:42,34025.25,0
2021-05-18 09:18:43,34018.2,0
2021-05-18 09:18:44,34019.85,0
2021-05-18 09:18:45,34015.0,0
2021-05-18 09:18:47,34027.5,0
2021-05-18 09:18:49,34025.1,0
2021-05-18 09:18:51,34027.7,0
2021-05-18 09:18:52,34027.55,0
2021-05-18 09:18:53,34030.1,0
2021-05-18 09:18:54,34031.1,0
2021-05-18 09:18:55,34023.65,0
2021-05-18 09:18:56,34021.5,0
2021-05-18 09:18:57,34025.25,0
2021-05-18 09:19:00,34038.05,0
2021-05-18 09:19:01,34032.25,0
2021-05-18 09:19:06,34033.7,0
2021-05-18 09:19:07,34033.0,0
2021-05-18 09:19:08,34033.2,0
2021-05-18 09:19:09,34026.9,0
2021-05-18 09:19:11,34027.45,0
2021-05-18 09:19:12,34030.85,0
2021-05-18 09:19:13,34025.3,0
2021-05-18 09:19:14,34030.75,0
2021-05-18 09:19:15,34037.2,0
2021-05-18 09:19:16,34031.2,0
2021-05-18 09:19:17,34040.3,0
2021-05-18 09:19:18,34033.55,0
2021-05-18 09:19:19,34034.15,0
2021-05-18 09:19:20,34025.35,0
2021-05-18 09:19:21,34017.95,0
2021-05-18 09:19:22,34031.55,0
2021-05-18 09:19:23,34017.65,0
2021-05-18 09:19:24,34017.65,0
2021-05-18 09:19:25,34018.6,0
2021-05-18 09:19:26,34016.65,0
2021-05-18 09:19:27,34006.4,0
2021-05-18 09:19:28,34006.95,0
2021-05-18 09:19:29,34002.9,0
2021-05-18 09:19:30,33999.2,0
2021-05-18 09:19:31,34000.05,0
2021-05-18 09:19:32,34001.9,0
2021-05-18 09:19:33,33999.6,0
2021-05-18 09:19:34,33993.7,0
2021-05-18 09:19:35,33984.35,0
2021-05-18 09:19:36,33977.5,0
2021-05-18 09:19:37,33991.8,0
2021-05-18 09:19:38,33989.4,0
2021-05-18 09:19:39,33991.25,0
2021-05-18 09:19:40,33998.4,0
2021-05-18 09:19:41,33995.6,0
2021-05-18 09:19:42,34004.35,0
2021-05-18 09:19:43,34006.1,0
2021-05-18 09:19:44,34001.3,0
2021-05-18 09:19:45,34012.1,0
2021-05-18 09:19:46,34013.6,0
2021-05-18 09:19:47,34002.9,0
2021-05-18 09:19:48,34009.45,0
2021-05-18 09:19:49,34014.8,0
2021-05-18 09:19:50,34019.65,0
2021-05-18 09:19:51,34016.75,0
2021-05-18 09:19:52,34022.65,0
2021-05-18 09:19:53,34024.15,0
2021-05-18 09:19:54,34026.85,0
2021-05-18 09:19:55,34023.3,0
2021-05-18 09:19:56,34022.75,0
2021-05-18 09:19:57,34018.75,0
2021-05-18 09:19:58,34021.05,0
2021-05-18 09:19:59,34014.2,0
2021-05-18 09:20:00,34009.1,0
2021-05-18 09:20:01,34001.95,0
2021-05-18 09:20:02,34002.9,0
2021-05-18 09:20:03,33997.4,0
2021-05-18 09:20:04,34012.65,0
2021-05-18 09:20:05,34020.5,0
2021-05-18 09:20:06,34016.15,0
2021-05-18 09:20:07,34023.0,0
2021-05-18 09:20:08,34026.4,0
2021-05-18 09:20:09,34031.9,0
2021-05-18 09:20:10,34030.9,0
2021-05-18 09:20:11,34029.05,0
2021-05-18 09:20:12,34036.05,0
2021-05-18 09:20:13,34032.75,0
2021-05-18 09:20:14,34038.45,0
2021-05-18 09:20:15,34051.65,0
2021-05-18 09:20:16,34047.75,0
2021-05-18 09:20:17,34055.7,0
2021-05-18 09:20:18,34051.85,0
2021-05-18 09:20:19,34053.5,0
2021-05-18 09:20:20,34051.0,0
2021-05-18 09:20:21,34057.4,0
2021-05-18 09:20:22,34060.4,0
2021-05-18 09:20:23,34052.85,0
2021-05-18 09:20:24,34053.2,0
2021-05-18 09:20:25,34054.45,0
2021-05-18 09:20:26,34055.0,0
2021-05-18 09:20:27,34055.6,0
2021-05-18 09:20:28,34058.7,0
2021-05-18 09:20:29,34052.8,0
2021-05-18 09:20:30,34055.9,0
2021-05-18 09:20:31,34064.45,0
2021-05-18 09:20:32,34057.95,0
2021-05-18 09:20:33,34062.15,0
2021-05-18 09:20:34,34059.05,0
2021-05-18 09:20:35,34052.65,0
2021-05-18 09:20:36,34058.0,0
2021-05-18 09:20:37,34055.8,0
2021-05-18 09:20:38,34057.8,0
2021-05-18 09:20:39,34054.25,0
2021-05-18 09:20:40,34050.0,0
2021-05-18 09:20:41,34042.15,0
2021-05-18 09:20:42,34041.65,0
2021-05-18 09:20:43,34037.85,0
2021-05-18 09:20:44,34035.4,0
2021-05-18 09:20:45,34033.5,0
2021-05-18 09:20:48,34015.4,0
2021-05-18 09:20:49,34018.75,0
2021-05-18 09:20:50,34018.25,0
2021-05-18 09:20:51,34039.45,0
2021-05-18 09:20:52,34029.2,0
2021-05-18 09:20:53,34037.25,0
2021-05-18 09:20:54,34032.55,0
2021-05-18 09:20:55,34030.9,0
2021-05-18 09:20:56,34025.5,0
2021-05-18 09:20:57,34023.75,0
2021-05-18 09:20:58,34022.05,0
2021-05-18 09:20:59,34025.65,0
2021-05-18 09:21:00,34028.35,0
2021-05-18 09:21:01,34029.45,0
2021-05-18 09:21:02,34035.3,0
2021-05-18 09:21:03,34040.85,0
2021-05-18 09:21:04,34042.15,0
2021-05-18 09:21:05,34041.65,0
2021-05-18 09:21:07,34034.0,0
2021-05-18 09:21:08,34035.8,0
2021-05-18 09:21:11,34034.5,0
2021-05-18 09:21:12,34029.5,0
2021-05-18 09:21:13,34030.1,0
2021-05-18 09:21:14,34032.15,0
2021-05-18 09:21:15,34033.3,0
2021-05-18 09:21:16,34037.9,0
2021-05-18 09:21:17,34031.55,0
2021-05-18 09:21:18,34032.35,0
2021-05-18 09:21:19,34036.95,0
2021-05-18 09:21:20,34033.25,0
2021-05-18 09:21:21,34024.6,0
2021-05-18 09:21:22,34026.4,0
2021-05-18 09:21:23,34028.45,0
2021-05-18 09:21:24,34032.05,0
2021-05-18 09:21:25,34029.35,0
2021-05-18 09:21:26,34037.65,0
2021-05-18 09:21:27,34039.15,0
2021-05-18 09:21:28,34035.45,0
2021-05-18 09:21:29,34031.4,0
2021-05-18 09:21:30,34029.1,0
2021-05-18 09:21:31,34033.1,0
2021-05-18 09:21:32,34033.3,0
2021-05-18 09:21:33,34031.85,0
2021-05-18 09:21:35,34025.3,0
2021-05-18 09:21:36,34025.9,0
2021-05-18 09:21:37,34026.15,0
2021-05-18 09:21:38,34025.35,0
2021-05-18 09:21:39,34022.1,0
2021-05-18 09:21:40,34022.85,0
2021-05-18 09:21:41,34031.25,0
2021-05-18 09:21:42,34026.8,0
2021-05-18 09:21:43,34032.75,0
2021-05-18 09:21:44,34032.45,0
2021-05-18 09:21:45,34030.75,0
2021-05-18 09:21:46,34026.3,0
2021-05-18 09:21:47,34030.75,0
2021-05-18 09:21:48,34027.5,0
2021-05-18 09:21:49,34027.95,0
2021-05-18 09:21:50,34026.45,0
2021-05-18 09:21:51,34025.2,0
2021-05-18 09:21:52,34022.7,0
2021-05-18 09:21:53,34021.7,0
2021-05-18 09:21:54,34026.95,0
2021-05-18 09:21:55,34023.3,0
2021-05-18 09:21:56,34022.95,0
2021-05-18 09:21:57,34019.6,0
2021-05-18 09:21:59,34014.5,0
2021-05-18 09:22:00,34015.5,0
2021-05-18 09:22:01,34017.4,0
2021-05-18 09:22:02,34015.4,0
2021-05-18 09:22:03,34013.1,0
2021-05-18 09:22:04,34012.05,0
2021-05-18 09:22:05,34006.85,0
2021-05-18 09:22:06,34003.75,0
2021-05-18 09:22:07,34006.35,0
2021-05-18 09:22:08,34001.95,0
2021-05-18 09:22:09,34001.75,0
2021-05-18 09:22:10,34008.3,0
2021-05-18 09:22:11,34006.55,0
2021-05-18 09:22:12,34007.5,0
2021-05-18 09:22:13,34008.5,0
2021-05-18 09:22:14,34011.35,0
2021-05-18 09:22:16,34016.6,0
2021-05-18 09:22:17,34011.9,0
2021-05-18 09:22:18,34005.25,0
2021-05-18 09:22:19,34015.45,0
2021-05-18 09:22:20,34017.15,0
2021-05-18 09:22:21,34013.2,0
2021-05-18 09:22:22,34016.85,0
2021-05-18 09:22:23,34020.35,0
2021-05-18 09:22:24,34012.25,0
2021-05-18 09:22:25,34012.65,0
2021-05-18 09:22:26,34015.95,0
2021-05-18 09:22:28,34014.4,0
2021-05-18 09:22:30,34013.5,0
2021-05-18 09:22:31,34009.75,0
2021-05-18 09:22:32,34003.45,0
2021-05-18 09:22:33,34010.85,0
2021-05-18 09:22:35,34010.2,0
2021-05-18 09:22:36,34020.85,0
2021-05-18 09:22:37,34016.25,0
2021-05-18 09:22:38,34024.9,0
2021-05-18 09:22:40,34022.55,0
2021-05-18 09:22:41,34018.1,0
2021-05-18 09:22:42,34014.3,0
2021-05-18 09:22:43,34020.35,0
2021-05-18 09:22:44,34015.55,0
2021-05-18 09:22:45,34013.1,0
2021-05-18 09:22:46,34011.4,0
2021-05-18 09:22:47,34014.65,0
2021-05-18 09:22:48,34013.75,0
2021-05-18 09:22:49,34015.05,0
2021-05-18 09:22:50,34011.1,0
2021-05-18 09:22:51,34007.75,0
2021-05-18 09:22:52,33998.6,0
2021-05-18 09:22:53,33995.75,0
2021-05-18 09:22:54,33985.4,0
2021-05-18 09:22:55,33992.25,0
2021-05-18 09:22:58,33985.1,0
2021-05-18 09:22:59,33987.25,0
2021-05-18 09:23:00,33987.85,0
2021-05-18 09:23:01,33985.0,0
2021-05-18 09:23:03,33987.55,0
2021-05-18 09:23:04,33984.45,0
2021-05-18 09:23:05,33978.6,0
2021-05-18 09:23:06,33973.65,0
2021-05-18 09:23:08,33970.3,0
2021-05-18 09:23:09,33972.1,0
2021-05-18 09:23:11,33962.05,0
2021-05-18 09:23:12,33964.65,0
2021-05-18 09:23:13,33961.0,0
2021-05-18 09:23:14,33955.6,0
2021-05-18 09:23:15,33951.45,0
2021-05-18 09:23:16,33959.85,0
2021-05-18 09:23:17,33963.25,0
2021-05-18 09:23:18,33966.35,0
2021-05-18 09:23:19,33964.15,0
2021-05-18 09:23:20,33964.35,0
2021-05-18 09:23:22,33967.3,0
2021-05-18 09:23:27,33960.15,0
2021-05-18 09:23:29,33960.0,0
2021-05-18 09:23:30,33957.95,0
2021-05-18 09:23:31,33949.05,0
2021-05-18 09:23:32,33949.95,0
2021-05-18 09:23:33,33951.65,0
2021-05-18 09:23:34,33952.4,0
2021-05-18 09:23:35,33948.7,0
2021-05-18 09:23:36,33950.05,0
2021-05-18 09:23:37,33947.15,0
2021-05-18 09:23:38,33950.75,0
2021-05-18 09:23:39,33945.7,0
2021-05-18 09:23:41,33943.45,0
2021-05-18 09:23:42,33944.95,0
2021-05-18 09:23:43,33947.95,0
2021-05-18 09:23:44,33950.15,0
2021-05-18 09:23:45,33948.85,0
2021-05-18 09:23:46,33954.9,0
2021-05-18 09:23:47,33953.75,0
2021-05-18 09:23:48,33947.9,0
2021-05-18 09:23:49,33952.8,0
2021-05-18 09:23:50,33949.4,0
2021-05-18 09:23:51,33948.35,0
2021-05-18 09:23:52,33953.5,0
2021-05-18 09:23:55,33957.15,0
2021-05-18 09:23:57,33954.3,0
2021-05-18 09:23:58,33956.2,0
2021-05-18 09:23:59,33953.0,0
2021-05-18 09:24:00,33956.2,0
2021-05-18 09:24:01,33961.35,0
2021-05-18 09:24:02,33955.85,0
2021-05-18 09:24:04,33959.7,0
2021-05-18 09:24:05,33956.8,0
2021-05-18 09:24:06,33948.25,0
2021-05-18 09:24:07,33951.8,0
2021-05-18 09:24:08,33951.45,0
2021-05-18 09:24:09,33948.45,0
2021-05-18 09:24:10,33951.15,0
2021-05-18 09:24:11,33952.05,0
2021-05-18 09:24:12,33946.6,0
2021-05-18 09:24:13,33946.9,0
2021-05-18 09:24:14,33946.55,0
2021-05-18 09:24:15,33944.75,0
2021-05-18 09:24:16,33946.9,0
2021-05-18 09:24:17,33952.0,0
2021-05-18 09:24:18,33946.55,0
2021-05-18 09:24:19,33951.9,0
2021-05-18 09:24:20,33952.95,0
2021-05-18 09:24:21,33948.35,0
2021-05-18 09:24:22,33951.55,0
2021-05-18 09:24:23,33948.3,0
2021-05-18 09:24:24,33947.3,0
2021-05-18 09:24:26,33949.5,0
2021-05-18 09:24:27,33961.0,0
2021-05-18 09:24:29,33971.0,0
2021-05-18 09:24:30,33967.0,0
2021-05-18 09:24:31,33972.15,0
2021-05-18 09:24:32,33971.55,0
2021-05-18 09:24:33,33974.5,0
2021-05-18 09:24:34,33973.0,0
2021-05-18 09:24:35,33972.6,0
2021-05-18 09:24:36,33979.75,0
2021-05-18 09:24:37,33983.55,0
2021-05-18 09:24:39,33986.4,0
2021-05-18 09:24:40,33984.1,0
2021-05-18 09:24:41,33986.75,0
2021-05-18 09:24:42,33990.7,0
2021-05-18 09:24:43,33986.9,0
2021-05-18 09:24:44,33985.0,0
2021-05-18 09:24:45,33981.45,0
2021-05-18 09:24:46,33987.0,0
2021-05-18 09:24:47,33984.85,0
2021-05-18 09:24:48,33987.55,0
2021-05-18 09:24:49,33995.5,0
2021-05-18 09:24:50,33998.1,0
2021-05-18 09:24:51,33997.65,0
2021-05-18 09:24:52,33999.6,0
2021-05-18 09:24:53,33998.95,0
2021-05-18 09:24:54,34006.95,0
2021-05-18 09:24:55,34008.5,0
2021-05-18 09:24:56,34013.7,0
2021-05-18 09:24:57,34009.45,0
2021-05-18 09:24:58,34007.25,0
2021-05-18 09:24:59,34008.8,0
2021-05-18 09:25:00,34016.05,0
2021-05-18 09:25:01,34020.25,0
2021-05-18 09:25:02,34022.85,0
2021-05-18 09:25:03,34023.1,0
2021-05-18 09:25:04,34027.4,0
2021-05-18 09:25:05,34031.3,0
2021-05-18 09:25:06,34044.85,0
2021-05-18 09:25:07,34046.2,0
2021-05-18 09:25:08,34049.4,0
2021-05-18 09:25:09,34048.1,0
2021-05-18 09:25:10,34047.85,0
2021-05-18 09:25:11,34048.0,0
2021-05-18 09:25:12,34050.95,0
2021-05-18 09:25:13,34053.1,0
2021-05-18 09:25:15,34051.2,0
2021-05-18 09:25:16,34046.4,0
2021-05-18 09:25:18,34056.2,0
2021-05-18 09:25:19,34053.35,0
2021-05-18 09:25:20,34059.4,0
2021-05-18 09:25:21,34055.0,0
2021-05-18 09:25:22,34060.25,0
2021-05-18 09:25:23,34064.5,0
2021-05-18 09:25:24,34066.25,0
2021-05-18 09:25:25,34067.55,0
2021-05-18 09:25:26,34072.4,0
2021-05-18 09:25:27,34081.9,0
2021-05-18 09:25:28,34081.7,0
2021-05-18 09:25:29,34084.25,0
2021-05-18 09:25:31,34083.25,0
2021-05-18 09:25:32,34079.45,0
2021-05-18 09:25:33,34075.4,0
2021-05-18 09:25:34,34077.15,0
2021-05-18 09:25:35,34078.15,0
2021-05-18 09:25:36,34074.25,0
2021-05-18 09:25:37,34069.4,0
2021-05-18 09:25:39,34059.55,0
2021-05-18 09:25:41,34063.9,0
2021-05-18 09:25:42,34061.95,0
2021-05-18 09:25:43,34064.6,0
2021-05-18 09:25:44,34066.65,0
2021-05-18 09:25:45,34064.55,0
2021-05-18 09:25:46,34060.25,0
2021-05-18 09:25:47,34061.35,0
2021-05-18 09:25:48,34062.75,0
2021-05-18 09:25:49,34053.35,0
2021-05-18 09:25:50,34057.0,0
2021-05-18 09:25:51,34063.9,0
2021-05-18 09:25:54,34058.3,0
2021-05-18 09:25:55,34061.4,0
2021-05-18 09:25:56,34059.25,0
2021-05-18 09:25:57,34060.55,0
2021-05-18 09:25:58,34065.25,0
2021-05-18 09:25:59,34069.1,0
2021-05-18 09:26:00,34065.7,0
2021-05-18 09:26:01,34066.75,0
2021-05-18 09:26:02,34061.75,0
2021-05-18 09:26:03,34063.55,0
2021-05-18 09:26:04,34062.5,0
2021-05-18 09:26:05,34056.75,0
2021-05-18 09:26:06,34055.45,0
2021-05-18 09:26:07,34054.35,0
2021-05-18 09:26:08,34052.95,0
2021-05-18 09:26:09,34056.8,0
2021-05-18 09:26:10,34062.9,0
2021-05-18 09:26:11,34062.35,0
2021-05-18 09:26:12,34054.5,0
2021-05-18 09:26:13,34061.65,0
2021-05-18 09:26:14,34060.5,0
2021-05-18 09:26:15,34062.0,0
2021-05-18 09:26:16,34062.35,0
2021-05-18 09:26:17,34061.6,0
2021-05-18 09:26:19,34066.9,0
2021-05-18 09:26:21,34066.35,0
2021-05-18 09:26:22,34075.2,0
2021-05-18 09:26:23,34071.6,0
2021-05-18 09:26:24,34075.5,0
2021-05-18 09:26:25,34077.85,0
2021-05-18 09:26:27,34067.65,0
2021-05-18 09:26:28,34063.8,0
2021-05-18 09:26:29,34062.25,0
2021-05-18 09:26:30,34068.0,0
2021-05-18 09:26:31,34084.75,0
2021-05-18 09:26:32,34076.1,0
2021-05-18 09:26:33,34079.2,0
2021-05-18 09:26:34,34071.15,0
2021-05-18 09:26:35,34072.8,0
2021-05-18 09:26:36,34066.2,0
2021-05-18 09:26:37,34064.55,0
2021-05-18 09:26:38,34068.6,0
2021-05-18 09:26:40,34070.75,0
2021-05-18 09:26:41,34069.65,0
2021-05-18 09:26:42,34073.35,0
2021-05-18 09:26:43,34074.8,0
2021-05-18 09:26:44,34077.6,0
2021-05-18 09:26:45,34074.75,0
2021-05-18 09:26:46,34073.7,0
2021-05-18 09:26:47,34072.75,0
2021-05-18 09:26:48,34077.15,0
2021-05-18 09:26:49,34072.5,0
2021-05-18 09:26:50,34078.15,0
2021-05-18 09:26:52,34074.75,0
2021-05-18 09:26:53,34072.85,0
2021-05-18 09:26:54,34078.25,0
2021-05-18 09:26:55,34078.5,0
2021-05-18 09:26:56,34076.95,0
2021-05-18 09:26:57,34075.75,0
2021-05-18 09:26:58,34078.85,0
2021-05-18 09:26:59,34072.85,0
2021-05-18 09:27:00,34071.55,0
2021-05-18 09:27:01,34070.75,0
2021-05-18 09:27:02,34080.95,0
2021-05-18 09:27:03,34073.25,0
2021-05-18 09:27:04,34064.95,0
2021-05-18 09:27:05,34076.5,0
2021-05-18 09:27:06,34072.3,0
2021-05-18 09:27:08,34079.05,0
2021-05-18 09:27:09,34079.55,0
2021-05-18 09:27:10,34085.3,0
2021-05-18 09:27:11,34087.4,0
2021-05-18 09:27:12,34085.7,0
2021-05-18 09:27:14,34101.15,0
2021-05-18 09:27:15,34101.35,0
2021-05-18 09:27:16,34101.95,0
2021-05-18 09:27:17,34098.5,0
2021-05-18 09:27:18,34104.15,0
2021-05-18 09:27:19,34102.25,0
2021-05-18 09:27:20,34104.4,0
2021-05-18 09:27:21,34103.5,0
2021-05-18 09:27:22,34103.55,0
2021-05-18 09:27:24,34109.85,0
2021-05-18 09:27:25,34109.7,0
2021-05-18 09:27:26,34106.65,0
2021-05-18 09:27:28,34111.55,0
2021-05-18 09:27:29,34113.25,0
2021-05-18 09:27:30,34109.65,0
2021-05-18 09:27:31,34110.5,0
2021-05-18 09:27:32,34110.85,0
2021-05-18 09:27:33,34105.05,0
2021-05-18 09:27:34,34110.15,0
2021-05-18 09:27:35,34102.15,0
2021-05-18 09:27:36,34108.65,0
2021-05-18 09:27:37,34110.3,0
2021-05-18 09:27:38,34106.6,0
2021-05-18 09:27:39,34104.65,0
2021-05-18 09:27:40,34111.9,0
2021-05-18 09:27:41,34112.7,0
2021-05-18 09:27:42,34104.4,0
2021-05-18 09:27:43,34104.7,0
2021-05-18 09:27:44,34105.8,0
2021-05-18 09:27:45,34110.65,0
2021-05-18 09:27:46,34107.05,0
2021-05-18 09:27:47,34112.25,0
2021-05-18 09:27:48,34117.55,0
2021-05-18 09:27:49,34114.1,0
2021-05-18 09:27:50,34112.95,0
2021-05-18 09:27:52,34113.7,0
2021-05-18 09:27:53,34116.9,0
2021-05-18 09:27:55,34114.1,0
2021-05-18 09:27:57,34113.4,0
2021-05-18 09:27:58,34113.5,0
2021-05-18 09:28:00,34112.3,0
2021-05-18 09:28:01,34113.85,0
2021-05-18 09:28:03,34117.9,0
2021-05-18 09:28:04,34123.7,0
2021-05-18 09:28:06,34128.05,0
2021-05-18 09:28:08,34127.35,0
2021-05-18 09:28:09,34129.65,0
2021-05-18 09:28:11,34131.5,0
2021-05-18 09:28:12,34134.1,0
2021-05-18 09:28:13,34138.4,0
2021-05-18 09:28:15,34133.15,0
2021-05-18 09:28:16,34139.65,0
2021-05-18 09:28:17,34137.15,0
2021-05-18 09:28:19,34140.65,0
2021-05-18 09:28:20,34139.8,0
2021-05-18 09:28:21,34136.8,0
2021-05-18 09:28:22,34133.4,0
2021-05-18 09:28:23,34140.45,0
2021-05-18 09:28:24,34131.9,0
2021-05-18 09:28:25,34126.0,0
2021-05-18 09:28:26,34130.75,0
2021-05-18 09:28:27,34132.25,0
2021-05-18 09:28:28,34129.05,0
2021-05-18 09:28:30,34136.85,0
2021-05-18 09:28:31,34137.0,0
2021-05-18 09:28:32,34136.45,0
2021-05-18 09:28:33,34126.15,0
2021-05-18 09:28:35,34129.5,0
2021-05-18 09:28:36,34131.5,0
2021-05-18 09:28:37,34130.65,0
2021-05-18 09:28:38,34133.0,0
2021-05-18 09:28:39,34132.6,0
2021-05-18 09:28:40,34130.5,0
2021-05-18 09:28:41,34129.7,0
2021-05-18 09:28:42,34133.95,0
2021-05-18 09:28:43,34130.65,0
2021-05-18 09:28:44,34132.5,0
2021-05-18 09:28:45,34130.5,0
2021-05-18 09:28:46,34124.45,0
2021-05-18 09:28:47,34125.9,0
2021-05-18 09:28:48,34127.4,0
2021-05-18 09:28:49,34122.5,0
2021-05-18 09:28:50,34124.95,0
2021-05-18 09:28:51,34127.05,0
2021-05-18 09:28:52,34124.5,0
2021-05-18 09:28:53,34122.4,0
2021-05-18 09:28:54,34127.75,0
2021-05-18 09:28:56,34126.85,0
2021-05-18 09:28:57,34129.35,0
2021-05-18 09:28:58,34125.5,0
2021-05-18 09:28:59,34128.9,0
2021-05-18 09:29:00,34129.8,0
2021-05-18 09:29:01,34129.1,0
2021-05-18 09:29:02,34129.7,0
2021-05-18 09:29:03,34134.85,0
2021-05-18 09:29:04,34128.05,0
2021-05-18 09:29:05,34133.05,0
2021-05-18 09:29:06,34130.85,0
2021-05-18 09:29:07,34129.55,0
2021-05-18 09:29:08,34126.3,0
2021-05-18 09:29:09,34129.65,0
2021-05-18 09:29:10,34132.5,0
2021-05-18 09:29:12,34128.95,0
2021-05-18 09:29:13,34127.1,0
2021-05-18 09:29:14,34120.65,0
2021-05-18 09:29:15,34118.65,0
2021-05-18 09:29:16,34124.65,0
2021-05-18 09:29:17,34124.95,0
2021-05-18 09:29:18,34123.55,0
2021-05-18 09:29:19,34119.05,0
2021-05-18 09:29:20,34111.7,0
2021-05-18 09:29:21,34117.45,0
2021-05-18 09:29:22,34123.5,0
2021-05-18 09:29:23,34119.95,0
2021-05-18 09:29:24,34122.05,0
2021-05-18 09:29:25,34118.9,0
2021-05-18 09:29:26,34124.2,0
2021-05-18 09:29:27,34122.6,0
2021-05-18 09:29:28,34125.3,0
2021-05-18 09:29:29,34124.15,0
2021-05-18 09:29:30,34121.1,0
2021-05-18 09:29:31,34125.05,0
2021-05-18 09:29:32,34122.0,0
2021-05-18 09:29:33,34122.15,0
2021-05-18 09:29:34,34125.75,0
2021-05-18 09:29:35,34125.25,0
2021-05-18 09:29:36,34125.75,0
2021-05-18 09:29:37,34127.4,0
2021-05-18 09:29:38,34127.55,0
2021-05-18 09:29:40,34123.95,0
2021-05-18 09:29:41,34125.85,0
2021-05-18 09:29:42,34129.8,0
2021-05-18 09:29:43,34131.7,0
2021-05-18 09:29:44,34132.8,0
2021-05-18 09:29:45,34129.8,0
2021-05-18 09:29:46,34136.95,0
2021-05-18 09:29:47,34137.25,0
2021-05-18 09:29:48,34137.4,0
2021-05-18 09:29:49,34129.15,0
2021-05-18 09:29:50,34127.9,0
2021-05-18 09:29:53,34126.6,0
2021-05-18 09:29:54,34121.25,0
2021-05-18 09:29:56,34117.45,0
2021-05-18 09:29:58,34124.1,0
2021-05-18 09:30:00,34128.9,0
2021-05-18 09:30:01,34131.75,0
2021-05-18 09:30:02,34130.3,0
2021-05-18 09:30:07,34130.5,0
2021-05-18 09:30:08,34127.45,0
2021-05-18 09:30:10,34123.75,0
2021-05-18 09:30:11,34121.4,0
2021-05-18 09:30:12,34116.9,0
2021-05-18 09:30:13,34120.85,0
2021-05-18 09:30:14,34118.95,0
2021-05-18 09:30:15,34115.45,0
2021-05-18 09:30:16,34110.75,0
2021-05-18 09:30:17,34108.55,0
2021-05-18 09:30:18,34106.25,0
2021-05-18 09:30:19,34103.45,0
2021-05-18 09:30:20,34103.35,0
2021-05-18 09:30:21,34109.75,0
2021-05-18 09:30:22,34109.2,0
2021-05-18 09:30:23,34108.7,0
2021-05-18 09:30:24,34100.2,0
2021-05-18 09:30:26,34101.2,0
2021-05-18 09:30:27,34098.6,0
2021-05-18 09:30:28,34098.7,0
2021-05-18 09:30:29,34096.25,0
2021-05-18 09:30:30,34092.8,0
2021-05-18 09:30:31,34096.05,0
2021-05-18 09:30:32,34090.8,0
2021-05-18 09:30:33,34091.55,0
2021-05-18 09:30:34,34089.8,0
2021-05-18 09:30:35,34091.95,0
2021-05-18 09:30:36,34092.9,0
2021-05-18 09:30:37,34088.35,0
2021-05-18 09:30:38,34082.0,0
2021-05-18 09:30:40,34088.6,0
2021-05-18 09:30:41,34084.55,0
2021-05-18 09:30:42,34086.95,0
2021-05-18 09:30:44,34086.05,0
2021-05-18 09:30:45,34085.75,0
2021-05-18 09:30:46,34089.15,0
2021-05-18 09:30:48,34088.4,0
2021-05-18 09:30:49,34093.4,0
2021-05-18 09:30:50,34095.35,0
2021-05-18 09:30:51,34096.1,0
2021-05-18 09:30:52,34101.8,0
2021-05-18 09:30:54,34097.8,0
2021-05-18 09:30:55,34097.5,0
2021-05-18 09:30:56,34097.8,0
2021-05-18 09:30:57,34097.2,0
2021-05-18 09:30:58,34096.0,0
2021-05-18 09:30:59,34098.35,0
2021-05-18 09:31:00,34099.85,0
2021-05-18 09:31:01,34097.4,0
2021-05-18 09:31:02,34099.8,0
2021-05-18 09:31:04,34096.05,0
2021-05-18 09:31:05,34096.95,0
2021-05-18 09:31:07,34093.15,0
2021-05-18 09:31:09,34089.7,0
2021-05-18 09:31:10,34088.2,0
2021-05-18 09:31:11,34087.35,0
2021-05-18 09:31:12,34090.45,0
2021-05-18 09:31:13,34087.3,0
2021-05-18 09:31:14,34086.35,0
2021-05-18 09:31:15,34085.8,0
2021-05-18 09:31:16,34083.45,0
2021-05-18 09:31:18,34086.2,0
2021-05-18 09:31:19,34087.25,0
2021-05-18 09:31:20,34089.0,0
2021-05-18 09:31:21,34086.6,0
2021-05-18 09:31:22,34085.35,0
2021-05-18 09:31:23,34088.55,0
2021-05-18 09:31:24,34088.0,0
2021-05-18 09:31:25,34083.6,0
2021-05-18 09:31:26,34080.95,0
2021-05-18 09:31:27,34082.8,0
2021-05-18 09:31:29,34086.45,0
2021-05-18 09:31:30,34083.4,0
2021-05-18 09:31:31,34081.6,0
2021-05-18 09:31:32,34082.25,0
2021-05-18 09:31:33,34083.3,0
2021-05-18 09:31:34,34080.95,0
2021-05-18 09:31:35,34080.9,0
2021-05-18 09:31:36,34092.6,0
2021-05-18 09:31:37,34088.85,0
2021-05-18 09:31:38,34091.2,0
2021-05-18 09:31:39,34099.65,0
2021-05-18 09:31:40,34093.8,0
2021-05-18 09:31:41,34085.75,0
2021-05-18 09:31:42,34077.85,0
2021-05-18 09:31:43,34083.5,0
2021-05-18 09:31:44,34088.25,0
2021-05-18 09:31:45,34092.1,0
2021-05-18 09:31:46,34091.8,0
2021-05-18 09:31:47,34085.95,0
2021-05-18 09:31:48,34086.6,0
2021-05-18 09:31:49,34091.05,0
2021-05-18 09:31:50,34083.75,0
2021-05-18 09:31:52,34085.6,0
2021-05-18 09:31:53,34087.05,0
2021-05-18 09:31:56,34086.8,0
2021-05-18 09:31:57,34084.85,0
2021-05-18 09:31:58,34086.65,0
2021-05-18 09:32:00,34078.4,0
2021-05-18 09:32:01,34075.8,0
2021-05-18 09:32:02,34078.4,0
2021-05-18 09:32:03,34084.15,0
2021-05-18 09:32:04,34083.1,0
2021-05-18 09:32:05,34074.85,0
2021-05-18 09:32:06,34067.95,0
2021-05-18 09:32:08,34077.05,0
2021-05-18 09:32:09,34079.55,0
2021-05-18 09:32:10,34076.4,0
2021-05-18 09:32:11,34077.3,0
2021-05-18 09:32:13,34071.9,0
2021-05-18 09:32:15,34068.0,0
2021-05-18 09:32:16,34072.25,0
2021-05-18 09:32:17,34059.85,0
2021-05-18 09:32:18,34073.45,0
2021-05-18 09:32:19,34065.45,0
2021-05-18 09:32:22,34057.55,0
2021-05-18 09:32:23,34066.95,0
2021-05-18 09:32:24,34056.85,0
2021-05-18 09:32:25,34065.6,0
2021-05-18 09:32:26,34068.15,0
2021-05-18 09:32:27,34069.05,0
2021-05-18 09:32:28,34067.8,0
2021-05-18 09:32:29,34068.25,0
2021-05-18 09:32:30,34073.9,0
2021-05-18 09:32:31,34071.5,0
2021-05-18 09:32:32,34067.5,0
2021-05-18 09:32:33,34068.4,0
2021-05-18 09:32:35,34066.85,0
2021-05-18 09:32:36,34063.05,0
2021-05-18 09:32:37,34061.5,0
2021-05-18 09:32:38,34061.9,0
2021-05-18 09:32:39,34057.4,0
2021-05-18 09:32:40,34059.85,0
2021-05-18 09:32:41,34060.55,0
2021-05-18 09:32:42,34060.1,0
2021-05-18 09:32:43,34064.6,0
2021-05-18 09:32:44,34062.8,0
2021-05-18 09:32:45,34064.8,0
2021-05-18 09:32:46,34063.15,0
2021-05-18 09:32:47,34061.65,0
2021-05-18 09:32:48,34057.45,0
2021-05-18 09:32:50,34059.9,0
2021-05-18 09:32:51,34060.0,0
2021-05-18 09:32:52,34066.5,0
2021-05-18 09:32:53,34064.4,0
2021-05-18 09:32:54,34060.7,0
2021-05-18 09:32:55,34060.65,0
2021-05-18 09:32:56,34060.85,0
2021-05-18 09:32:57,34062.6,0
2021-05-18 09:32:58,34060.2,0
2021-05-18 09:32:59,34048.15,0
2021-05-18 09:33:00,34051.85,0
2021-05-18 09:33:01,34055.35,0
2021-05-18 09:33:02,34046.65,0
2021-05-18 09:33:03,34052.9,0
2021-05-18 09:33:04,34051.05,0
2021-05-18 09:33:05,34049.4,0
2021-05-18 09:33:06,34050.1,0
2021-05-18 09:33:07,34045.15,0
2021-05-18 09:33:08,34043.15,0
2021-05-18 09:33:09,34044.6,0
2021-05-18 09:33:10,34045.3,0
2021-05-18 09:33:11,34042.95,0
2021-05-18 09:33:12,34043.7,0
2021-05-18 09:33:13,34040.9,0
2021-05-18 09:33:14,34043.3,0
2021-05-18 09:33:15,34039.4,0
2021-05-18 09:33:16,34041.45,0
2021-05-18 09:33:17,34040.45,0
2021-05-18 09:33:18,34042.15,0
2021-05-18 09:33:19,34043.9,0
2021-05-18 09:33:20,34044.5,0
2021-05-18 09:33:21,34043.7,0
2021-05-18 09:33:22,34048.2,0
2021-05-18 09:33:23,34046.8,0
2021-05-18 09:33:24,34044.65,0
2021-05-18 09:33:25,34047.55,0
2021-05-18 09:33:26,34046.7,0
2021-05-18 09:33:27,34039.85,0
2021-05-18 09:33:28,34041.8,0
2021-05-18 09:33:29,34036.2,0
2021-05-18 09:33:30,34041.9,0
2021-05-18 09:33:31,34047.35,0
2021-05-18 09:33:32,34046.15,0
2021-05-18 09:33:34,34043.15,0
2021-05-18 09:33:35,34044.8,0
2021-05-18 09:33:36,34039.6,0
2021-05-18 09:33:37,34038.8,0
2021-05-18 09:33:38,34035.15,0
2021-05-18 09:33:39,34032.9,0
2021-05-18 09:33:40,34032.3,0
2021-05-18 09:33:41,34025.25,0
2021-05-18 09:33:42,34027.25,0
2021-05-18 09:33:43,34032.85,0
2021-05-18 09:33:45,34034.6,0
2021-05-18 09:33:46,34032.8,0
2021-05-18 09:33:47,34030.25,0
2021-05-18 09:33:48,34031.05,0
2021-05-18 09:33:50,34029.0,0
2021-05-18 09:33:51,34029.75,0
2021-05-18 09:33:52,34027.9,0
2021-05-18 09:33:53,34030.5,0
2021-05-18 09:33:54,34023.5,0
2021-05-18 09:33:56,34019.4,0
2021-05-18 09:33:57,34018.6,0
2021-05-18 09:33:58,34017.8,0
2021-05-18 09:33:59,34015.25,0
2021-05-18 09:34:00,34011.1,0
2021-05-18 09:34:01,34012.45,0
2021-05-18 09:34:03,34001.65,0
2021-05-18 09:34:04,34004.9,0
2021-05-18 09:34:05,34005.85,0
2021-05-18 09:34:06,34003.95,0
2021-05-18 09:34:07,34006.05,0
2021-05-18 09:34:08,33998.95,0
2021-05-18 09:34:09,33991.9,0
2021-05-18 09:34:10,33987.75,0
2021-05-18 09:34:11,33984.1,0
2021-05-18 09:34:12,33976.25,0
2021-05-18 09:34:13,33966.45,0
2021-05-18 09:34:14,33957.95,0
2021-05-18 09:34:15,33956.85,0
2021-05-18 09:34:16,33958.5,0
2021-05-18 09:34:17,33965.65,0
2021-05-18 09:34:18,33962.55,0
2021-05-18 09:34:19,33957.35,0
2021-05-18 09:34:20,33962.75,0
2021-05-18 09:34:21,33961.6,0
2021-05-18 09:34:22,33960.7,0
2021-05-18 09:34:23,33953.35,0
2021-05-18 09:34:24,33950.75,0
2021-05-18 09:34:25,33948.95,0
2021-05-18 09:34:26,33951.3,0
2021-05-18 09:34:27,33961.3,0
2021-05-18 09:34:28,33961.55,0
2021-05-18 09:34:29,33968.3,0
2021-05-18 09:34:30,33961.0,0
2021-05-18 09:34:32,33956.25,0
2021-05-18 09:34:33,33951.95,0
2021-05-18 09:34:34,33950.65,0
2021-05-18 09:34:35,33941.95,0
2021-05-18 09:34:36,33938.65,0
2021-05-18 09:34:37,33938.35,0
2021-05-18 09:34:38,33936.25,0
2021-05-18 09:34:39,33938.35,0
2021-05-18 09:34:40,33930.9,0
2021-05-18 09:34:41,33933.35,0
2021-05-18 09:34:42,33931.15,0
2021-05-18 09:34:43,33933.75,0
2021-05-18 09:34:44,33937.8,0
2021-05-18 09:34:45,33939.4,0
2021-05-18 09:34:46,33939.55,0
2021-05-18 09:34:47,33944.05,0
2021-05-18 09:34:49,33933.25,0
2021-05-18 09:34:50,33933.15,0
2021-05-18 09:34:51,33937.55,0
2021-05-18 09:34:52,33939.25,0
2021-05-18 09:34:53,33948.2,0
2021-05-18 09:34:54,33944.95,0
2021-05-18 09:34:55,33949.8,0
2021-05-18 09:34:56,33951.65,0
2021-05-18 09:34:57,33950.3,0
2021-05-18 09:34:58,33955.95,0
2021-05-18 09:34:59,33955.2,0
2021-05-18 09:35:00,33950.85,0
2021-05-18 09:35:02,33946.2,0
2021-05-18 09:35:03,33938.45,0
2021-05-18 09:35:04,33939.95,0
2021-05-18 09:35:05,33938.95,0
2021-05-18 09:35:06,33938.25,0
2021-05-18 09:35:07,33937.5,0
2021-05-18 09:35:08,33935.3,0
2021-05-18 09:35:09,33941.85,0
2021-05-18 09:35:10,33945.85,0
2021-05-18 09:35:11,33935.0,0
2021-05-18 09:35:12,33934.05,0
2021-05-18 09:35:13,33932.2,0
2021-05-18 09:35:14,33927.9,0
2021-05-18 09:35:15,33933.05,0
2021-05-18 09:35:16,33930.25,0
2021-05-18 09:35:18,33930.05,0
2021-05-18 09:35:19,33926.4,0
2021-05-18 09:35:20,33924.2,0
2021-05-18 09:35:22,33925.9,0
2021-05-18 09:35:23,33926.1,0
2021-05-18 09:35:24,33931.0,0
2021-05-18 09:35:25,33921.2,0
2021-05-18 09:35:26,33910.9,0
2021-05-18 09:35:27,33912.8,0
2021-05-18 09:35:28,33913.45,0
2021-05-18 09:35:30,33911.15,0
2021-05-18 09:35:32,33899.55,0
2021-05-18 09:35:33,33904.4,0
2021-05-18 09:35:34,33905.3,0
2021-05-18 09:35:35,33902.4,0
2021-05-18 09:35:36,33902.95,0
2021-05-18 09:35:37,33906.5,0
2021-05-18 09:35:40,33907.85,0
2021-05-18 09:35:41,33904.4,0
2021-05-18 09:35:42,33909.8,0
2021-05-18 09:35:43,33904.65,0
2021-05-18 09:35:44,33908.4,0
2021-05-18 09:35:45,33931.05,0
2021-05-18 09:35:46,33924.6,0
2021-05-18 09:35:47,33921.45,0
2021-05-18 09:35:48,33922.3,0
2021-05-18 09:35:49,33923.7,0
2021-05-18 09:35:50,33916.9,0
2021-05-18 09:35:52,33924.3,0
2021-05-18 09:35:53,33920.75,0
2021-05-18 09:35:54,33923.7,0
2021-05-18 09:35:55,33923.4,0
2021-05-18 09:35:56,33930.3,0
2021-05-18 09:35:57,33931.0,0
2021-05-18 09:35:58,33937.7,0
2021-05-18 09:35:59,33944.8,0
2021-05-18 09:36:00,33948.75,0
2021-05-18 09:36:01,33949.6,0
2021-05-18 09:36:04,33975.2,0
2021-05-18 09:36:06,34007.55,0
2021-05-18 09:36:07,34011.5,0
2021-05-18 09:36:08,34018.15,0
2021-05-18 09:36:10,34006.3,0
2021-05-18 09:36:11,34014.45,0
2021-05-18 09:36:12,34018.8,0
2021-05-18 09:36:13,34016.4,0
2021-05-18 09:36:14,34014.5,0
2021-05-18 09:36:15,34016.15,0
2021-05-18 09:36:16,34009.65,0
2021-05-18 09:36:17,34013.1,0
2021-05-18 09:36:19,34015.9,0
2021-05-18 09:36:20,34021.55,0
2021-05-18 09:36:21,34026.5,0
2021-05-18 09:36:22,34022.0,0
2021-05-18 09:36:23,34022.9,0
2021-05-18 09:36:24,34016.2,0
2021-05-18 09:36:25,34022.5,0
2021-05-18 09:36:26,34017.9,0
2021-05-18 09:36:27,34016.5,0
2021-05-18 09:36:28,34016.6,0
2021-05-18 09:36:29,34020.65,0
2021-05-18 09:36:32,34018.35,0
2021-05-18 09:36:33,34017.9,0
2021-05-18 09:36:34,34018.85,0
2021-05-18 09:36:35,34023.35,0
2021-05-18 09:36:36,34025.55,0
2021-05-18 09:36:37,34019.1,0
2021-05-18 09:36:38,34024.6,0
2021-05-18 09:36:39,34024.85,0
2021-05-18 09:36:40,34018.85,0
2021-05-18 09:36:41,34018.75,0
2021-05-18 09:36:42,34021.2,0
2021-05-18 09:36:43,34014.35,0
2021-05-18 09:36:44,34020.2,0
2021-05-18 09:36:46,34022.55,0
2021-05-18 09:36:47,34015.9,0
2021-05-18 09:36:50,34005.95,0
2021-05-18 09:36:51,34008.9,0
2021-05-18 09:36:53,34007.75,0
2021-05-18 09:36:54,34009.65,0
2021-05-18 09:36:55,34008.55,0
2021-05-18 09:36:56,34003.7,0
2021-05-18 09:36:57,33996.35,0
2021-05-18 09:36:58,33991.75,0
2021-05-18 09:36:59,33987.75,0
2021-05-18 09:37:00,33987.3,0
2021-05-18 09:37:02,33986.5,0
2021-05-18 09:37:03,33988.1,0
2021-05-18 09:37:04,33990.55,0
2021-05-18 09:37:05,33994.35,0
2021-05-18 09:37:06,33995.65,0
2021-05-18 09:37:08,33997.5,0
2021-05-18 09:37:09,33990.85,0
2021-05-18 09:37:10,33997.5,0
2021-05-18 09:37:11,33996.45,0
2021-05-18 09:37:12,34003.0,0
2021-05-18 09:37:13,34004.55,0
2021-05-18 09:37:14,34000.25,0
2021-05-18 09:37:15,33994.9,0
2021-05-18 09:37:16,33991.75,0
2021-05-18 09:37:17,33992.05,0
2021-05-18 09:37:18,33991.3,0
2021-05-18 09:37:19,33986.75,0
2021-05-18 09:37:21,33984.0,0
2021-05-18 09:37:22,33972.45,0
2021-05-18 09:37:23,33971.05,0
2021-05-18 09:37:24,33969.7,0
2021-05-18 09:37:26,33964.8,0
2021-05-18 09:37:27,33966.85,0
2021-05-18 09:37:28,33956.5,0
2021-05-18 09:37:29,33950.6,0
2021-05-18 09:37:31,33947.5,0
2021-05-18 09:37:32,33949.5,0
2021-05-18 09:37:33,33950.4,0
2021-05-18 09:37:34,33959.3,0
2021-05-18 09:37:35,33952.35,0
2021-05-18 09:37:36,33957.1,0
2021-05-18 09:37:37,33952.0,0
2021-05-18 09:37:38,33948.45,0
2021-05-18 09:37:39,33949.1,0
2021-05-18 09:37:40,33943.3,0
2021-05-18 09:37:41,33943.75,0
2021-05-18 09:37:42,33945.1,0
2021-05-18 09:37:43,33936.1,0
2021-05-18 09:37:44,33940.25,0
2021-05-18 09:37:45,33934.3,0
2021-05-18 09:37:46,33937.6,0
2021-05-18 09:37:47,33927.35,0
2021-05-18 09:37:48,33933.9,0
2021-05-18 09:37:49,33932.3,0
2021-05-18 09:37:50,33927.75,0
2021-05-18 09:37:51,33928.45,0
2021-05-18 09:37:52,33927.6,0
2021-05-18 09:37:53,33928.8,0
2021-05-18 09:37:54,33925.2,0
2021-05-18 09:37:55,33930.65,0
2021-05-18 09:37:57,33935.7,0
2021-05-18 09:37:59,33953.05,0
2021-05-18 09:38:00,33959.65,0
2021-05-18 09:38:01,33950.8,0
2021-05-18 09:38:02,33952.1,0
2021-05-18 09:38:04,33941.8,0
2021-05-18 09:38:05,33938.55,0
2021-05-18 09:38:06,33938.55,0
2021-05-18 09:38:08,33936.65,0
2021-05-18 09:38:09,33934.7,0
2021-05-18 09:38:10,33933.3,0
2021-05-18 09:38:11,33940.6,0
2021-05-18 09:38:13,33936.95,0
2021-05-18 09:38:14,33935.4,0
2021-05-18 09:38:15,33940.05,0
2021-05-18 09:38:16,33937.4,0
2021-05-18 09:38:17,33940.9,0
2021-05-18 09:38:18,33939.55,0
2021-05-18 09:38:19,33937.25,0
2021-05-18 09:38:20,33945.5,0
2021-05-18 09:38:21,33944.4,0
2021-05-18 09:38:22,33944.75,0
2021-05-18 09:38:23,33943.3,0
2021-05-18 09:38:24,33944.0,0
2021-05-18 09:38:25,33945.4,0
2021-05-18 09:38:26,33950.85,0
2021-05-18 09:38:28,33949.75,0
2021-05-18 09:38:30,33948.0,0
2021-05-18 09:38:31,33945.95,0
2021-05-18 09:38:32,33948.2,0
2021-05-18 09:38:33,33947.35,0
2021-05-18 09:38:34,33944.05,0
2021-05-18 09:38:36,33947.1,0
2021-05-18 09:38:37,33945.7,0
2021-05-18 09:38:38,33945.35,0
2021-05-18 09:38:39,33948.25,0
2021-05-18 09:38:40,33944.25,0
2021-05-18 09:38:41,33949.0,0
2021-05-18 09:38:42,33943.85,0
2021-05-18 09:38:43,33947.8,0
2021-05-18 09:38:44,33947.15,0
2021-05-18 09:38:45,33949.95,0
2021-05-18 09:38:46,33951.05,0
2021-05-18 09:38:47,33951.2,0
2021-05-18 09:38:48,33954.95,0
2021-05-18 09:38:50,33956.05,0
2021-05-18 09:38:52,33950.1,0
2021-05-18 09:38:54,33942.75,0
2021-05-18 09:38:55,33946.95,0
2021-05-18 09:38:56,33945.5,0
2021-05-18 09:38:57,33942.55,0
2021-05-18 09:38:58,33945.15,0
2021-05-18 09:39:00,33945.0,0
2021-05-18 09:39:01,33944.25,0
2021-05-18 09:39:03,33933.15,0
2021-05-18 09:39:04,33935.25,0
2021-05-18 09:39:05,33936.25,0
2021-05-18 09:39:08,33936.45,0
2021-05-18 09:39:10,33929.8,0
2021-05-18 09:39:11,33932.5,0
2021-05-18 09:39:13,33939.2,0
2021-05-18 09:39:14,33936.15,0
2021-05-18 09:39:18,33936.35,0
2021-05-18 09:39:19,33936.2,0
2021-05-18 09:39:20,33936.7,0
2021-05-18 09:39:21,33933.3,0
2021-05-18 09:39:22,33933.85,0
2021-05-18 09:39:24,33932.6,0
2021-05-18 09:39:25,33935.3,0
2021-05-18 09:39:26,33936.65,0
2021-05-18 09:39:27,33942.4,0
2021-05-18 09:39:28,33940.3,0
2021-05-18 09:39:30,33935.55,0
2021-05-18 09:39:31,33936.8,0
2021-05-18 09:39:32,33938.9,0
2021-05-18 09:39:33,33936.65,0
2021-05-18 09:39:35,33937.65,0
2021-05-18 09:39:36,33939.5,0
2021-05-18 09:39:37,33938.95,0
2021-05-18 09:39:38,33941.4,0
2021-05-18 09:39:39,33940.3,0
2021-05-18 09:39:40,33943.95,0
2021-05-18 09:39:41,33941.9,0
2021-05-18 09:39:43,33941.8,0
2021-05-18 09:39:44,33947.65,0
2021-05-18 09:39:46,33959.7,0
2021-05-18 09:39:47,33956.2,0
2021-05-18 09:39:48,33957.5,0
2021-05-18 09:39:49,33954.65,0
2021-05-18 09:39:50,33957.0,0
2021-05-18 09:39:51,33959.85,0
2021-05-18 09:39:53,33957.55,0
2021-05-18 09:39:55,33960.5,0
2021-05-18 09:39:56,33963.6,0
2021-05-18 09:39:57,33957.8,0
2021-05-18 09:39:58,33962.4,0
2021-05-18 09:39:59,33968.3,0
2021-05-18 09:40:00,33976.65,0
2021-05-18 09:40:01,33977.6,0
2021-05-18 09:40:02,33969.2,0
2021-05-18 09:40:03,33964.05,0
2021-05-18 09:40:04,33962.65,0
2021-05-18 09:40:05,33962.95,0
2021-05-18 09:40:07,33954.9,0
2021-05-18 09:40:08,33956.15,0
2021-05-18 09:40:09,33956.55,0
2021-05-18 09:40:10,33953.1,0
2021-05-18 09:40:13,33953.7,0
2021-05-18 09:40:15,33953.65,0
2021-05-18 09:40:16,33952.15,0
2021-05-18 09:40:17,33946.85,0
2021-05-18 09:40:18,33954.1,0
2021-05-18 09:40:19,33957.95,0
2021-05-18 09:40:20,33957.65,0
2021-05-18 09:40:21,33960.75,0
2021-05-18 09:40:22,33956.85,0
2021-05-18 09:40:24,33962.4,0
2021-05-18 09:40:25,33960.8,0
2021-05-18 09:40:26,33963.5,0
2021-05-18 09:40:27,33964.1,0
2021-05-18 09:40:28,33963.75,0
2021-05-18 09:40:29,33961.4,0
2021-05-18 09:40:30,33959.4,0
2021-05-18 09:40:31,33956.3,0
2021-05-18 09:40:32,33960.0,0
2021-05-18 09:40:33,33952.5,0
2021-05-18 09:40:34,33964.25,0
2021-05-18 09:40:35,33968.7,0
2021-05-18 09:40:36,33967.45,0
2021-05-18 09:40:37,33967.15,0
2021-05-18 09:40:38,33967.8,0
2021-05-18 09:40:39,33967.75,0
2021-05-18 09:40:41,33965.15,0
2021-05-18 09:40:42,33961.95,0
2021-05-18 09:40:43,33966.0,0
2021-05-18 09:40:44,33962.65,0
2021-05-18 09:40:45,33968.25,0
2021-05-18 09:40:46,33962.95,0
2021-05-18 09:40:47,33962.9,0
2021-05-18 09:40:48,33966.05,0
2021-05-18 09:40:49,33964.2,0
2021-05-18 09:40:50,33963.85,0
2021-05-18 09:40:51,33968.55,0
2021-05-18 09:40:52,33967.7,0
2021-05-18 09:40:53,33967.2,0
2021-05-18 09:40:54,33963.55,0
2021-05-18 09:40:55,33963.5,0
2021-05-18 09:40:57,33970.5,0
2021-05-18 09:40:58,33970.6,0
2021-05-18 09:40:59,33969.45,0
2021-05-18 09:41:00,33972.5,0
2021-05-18 09:41:01,33970.3,0
2021-05-18 09:41:02,33970.75,0
2021-05-18 09:41:04,33975.2,0
2021-05-18 09:41:05,33972.95,0
2021-05-18 09:41:06,33971.65,0
2021-05-18 09:41:08,33973.4,0
2021-05-18 09:41:09,33974.7,0
2021-05-18 09:41:10,33970.7,0
2021-05-18 09:41:11,33973.95,0
2021-05-18 09:41:12,33976.35,0
2021-05-18 09:41:13,33977.9,0
2021-05-18 09:41:14,33973.6,0
2021-05-18 09:41:15,33972.85,0
2021-05-18 09:41:17,33989.2,0
2021-05-18 09:41:18,33983.9,0
2021-05-18 09:41:20,33984.1,0
2021-05-18 09:41:21,33995.65,0
2021-05-18 09:41:22,33995.95,0
2021-05-18 09:41:23,33994.8,0
2021-05-18 09:41:24,33988.2,0
2021-05-18 09:41:25,33979.2,0
2021-05-18 09:41:26,33979.35,0
2021-05-18 09:41:27,33984.1,0
2021-05-18 09:41:28,33986.75,0
2021-05-18 09:41:29,33991.2,0
2021-05-18 09:41:30,33988.45,0
2021-05-18 09:41:31,33984.8,0
2021-05-18 09:41:33,33987.0,0
2021-05-18 09:41:34,33988.0,0
2021-05-18 09:41:35,33992.9,0
2021-05-18 09:41:36,33995.95,0
2021-05-18 09:41:37,33997.05,0
2021-05-18 09:41:38,34001.1,0
2021-05-18 09:41:39,33994.95,0
2021-05-18 09:41:40,33995.1,0
2021-05-18 09:41:41,33997.95,0
2021-05-18 09:41:42,33996.35,0
2021-05-18 09:41:43,33991.3,0
2021-05-18 09:41:44,34001.55,0
2021-05-18 09:41:46,34000.55,0
2021-05-18 09:41:47,33992.75,0
2021-05-18 09:41:48,33988.35,0
2021-05-18 09:41:49,33993.65,0
2021-05-18 09:41:50,33994.7,0
2021-05-18 09:41:51,33989.95,0
2021-05-18 09:41:52,33990.55,0
2021-05-18 09:41:53,33995.4,0
2021-05-18 09:41:54,33985.6,0
2021-05-18 09:41:55,33985.9,0
2021-05-18 09:41:56,33984.45,0
2021-05-18 09:41:57,33988.75,0
2021-05-18 09:41:58,33982.3,0
2021-05-18 09:41:59,33984.2,0
2021-05-18 09:42:00,33982.5,0
2021-05-18 09:42:01,33981.35,0
2021-05-18 09:42:02,33985.05,0
2021-05-18 09:42:03,33981.85,0
2021-05-18 09:42:04,33981.9,0
2021-05-18 09:42:06,33975.0,0
2021-05-18 09:42:07,33971.85,0
2021-05-18 09:42:08,33964.1,0
2021-05-18 09:42:09,33968.8,0
2021-05-18 09:42:10,33962.7,0
2021-05-18 09:42:11,33966.75,0
2021-05-18 09:42:12,33956.45,0
2021-05-18 09:42:13,33961.15,0
2021-05-18 09:42:14,33959.5,0
2021-05-18 09:42:15,33959.0,0
2021-05-18 09:42:17,33957.95,0
2021-05-18 09:42:18,33958.3,0
2021-05-18 09:42:20,33955.65,0
2021-05-18 09:42:21,33952.4,0
2021-05-18 09:42:22,33950.1,0
2021-05-18 09:42:23,33956.1,0
2021-05-18 09:42:24,33953.25,0
2021-05-18 09:42:25,33954.8,0
2021-05-18 09:42:26,33952.3,0
2021-05-18 09:42:27,33957.1,0
2021-05-18 09:42:28,33957.75,0
2021-05-18 09:42:29,33959.7,0
2021-05-18 09:42:30,33957.8,0
2021-05-18 09:42:31,33954.35,0
2021-05-18 09:42:32,33958.0,0
2021-05-18 09:42:33,33959.75,0
2021-05-18 09:42:34,33954.5,0
2021-05-18 09:42:35,33952.3,0
2021-05-18 09:42:37,33957.1,0
2021-05-18 09:42:38,33957.8,0
2021-05-18 09:42:39,33961.25,0
2021-05-18 09:42:40,33969.0,0
2021-05-18 09:42:41,33967.65,0
2021-05-18 09:42:42,33967.65,0
2021-05-18 09:42:43,33966.7,0
2021-05-18 09:42:44,33962.35,0
2021-05-18 09:42:45,33964.05,0
2021-05-18 09:42:46,33968.55,0
2021-05-18 09:42:47,33971.55,0
2021-05-18 09:42:48,33963.95,0
2021-05-18 09:42:49,33979.3,0
2021-05-18 09:42:50,33975.6,0
2021-05-18 09:42:51,33977.95,0
2021-05-18 09:42:52,33974.55,0
2021-05-18 09:42:53,33974.6,0
2021-05-18 09:42:54,33975.85,0
2021-05-18 09:42:56,33972.55,0
2021-05-18 09:42:57,33971.15,0
2021-05-18 09:42:58,33975.0,0
2021-05-18 09:42:59,33972.25,0
2021-05-18 09:43:00,33969.1,0
2021-05-18 09:43:01,33965.7,0
2021-05-18 09:43:02,33973.45,0
2021-05-18 09:43:03,33973.4,0
2021-05-18 09:43:04,33971.0,0
2021-05-18 09:43:05,33970.85,0
2021-05-18 09:43:07,33974.85,0
2021-05-18 09:43:08,33969.5,0
2021-05-18 09:43:09,33967.6,0
2021-05-18 09:43:10,33961.25,0
2021-05-18 09:43:11,33959.35,0
2021-05-18 09:43:12,33961.95,0
2021-05-18 09:43:13,33963.25,0
2021-05-18 09:43:14,33960.1,0
2021-05-18 09:43:15,33959.55,0
2021-05-18 09:43:16,33962.9,0
2021-05-18 09:43:18,33960.3,0
2021-05-18 09:43:19,33956.8,0
2021-05-18 09:43:20,33954.65,0
2021-05-18 09:43:21,33955.55,0
2021-05-18 09:43:22,33954.05,0
2021-05-18 09:43:23,33954.25,0
2021-05-18 09:43:25,33959.25,0
2021-05-18 09:43:26,33956.45,0
2021-05-18 09:43:27,33951.8,0
2021-05-18 09:43:28,33955.3,0
2021-05-18 09:43:29,33952.8,0
2021-05-18 09:43:30,33951.95,0
2021-05-18 09:43:31,33954.0,0
2021-05-18 09:43:32,33956.9,0
2021-05-18 09:43:33,33958.8,0
2021-05-18 09:43:34,33956.9,0
2021-05-18 09:43:35,33954.65,0
2021-05-18 09:43:36,33952.5,0
2021-05-18 09:43:37,33953.15,0
2021-05-18 09:43:38,33952.8,0
2021-05-18 09:43:39,33952.85,0
2021-05-18 09:43:40,33953.4,0
2021-05-18 09:43:42,33957.35,0
2021-05-18 09:43:43,33958.5,0
2021-05-18 09:43:45,33963.5,0
2021-05-18 09:43:46,33961.65,0
2021-05-18 09:43:47,33963.25,0
2021-05-18 09:43:49,33965.2,0
2021-05-18 09:43:50,33967.45,0
2021-05-18 09:43:51,33967.4,0
2021-05-18 09:43:55,33972.75,0
2021-05-18 09:43:56,33971.3,0
2021-05-18 09:43:57,33969.2,0
2021-05-18 09:43:58,33972.4,0
2021-05-18 09:43:59,33972.5,0
2021-05-18 09:44:00,33973.1,0
2021-05-18 09:44:01,33968.75,0
2021-05-18 09:44:02,33969.8,0
2021-05-18 09:44:03,33964.8,0
2021-05-18 09:44:04,33969.3,0
2021-05-18 09:44:06,33962.3,0
2021-05-18 09:44:07,33964.65,0
2021-05-18 09:44:08,33961.95,0
2021-05-18 09:44:09,33963.2,0
2021-05-18 09:44:10,33959.85,0
2021-05-18 09:44:11,33963.05,0
2021-05-18 09:44:12,33962.8,0
2021-05-18 09:44:13,33967.95,0
2021-05-18 09:44:14,33969.8,0
2021-05-18 09:44:15,33967.2,0
2021-05-18 09:44:16,33969.55,0
2021-05-18 09:44:17,33968.65,0
2021-05-18 09:44:18,33970.5,0
2021-05-18 09:44:19,33971.85,0
2021-05-18 09:44:20,33972.5,0
2021-05-18 09:44:21,33967.75,0
2021-05-18 09:44:23,33968.85,0
2021-05-18 09:44:24,33970.75,0
2021-05-18 09:44:25,33973.5,0
2021-05-18 09:44:26,33972.15,0
2021-05-18 09:44:27,33973.4,0
2021-05-18 09:44:28,33971.25,0
2021-05-18 09:44:29,33973.55,0
2021-05-18 09:44:30,33972.25,0
2021-05-18 09:44:32,33973.7,0
2021-05-18 09:44:33,33971.85,0
2021-05-18 09:44:35,33974.55,0
2021-05-18 09:44:36,33975.85,0
2021-05-18 09:44:37,33979.5,0
2021-05-18 09:44:38,33978.45,0
2021-05-18 09:44:39,33983.4,0
2021-05-18 09:44:40,33988.7,0
2021-05-18 09:44:41,33981.7,0
2021-05-18 09:44:42,33982.6,0
2021-05-18 09:44:43,33982.15,0
2021-05-18 09:44:44,33984.7,0
2021-05-18 09:44:45,33982.5,0
2021-05-18 09:44:46,33981.3,0
2021-05-18 09:44:47,33983.2,0
2021-05-18 09:44:48,33982.25,0
2021-05-18 09:44:49,33982.5,0
2021-05-18 09:44:50,33984.7,0
2021-05-18 09:44:51,33979.4,0
2021-05-18 09:44:53,33985.75,0
2021-05-18 09:44:54,33988.2,0
2021-05-18 09:44:55,33989.8,0
2021-05-18 09:44:56,33991.8,0
2021-05-18 09:44:57,33990.15,0
2021-05-18 09:44:58,33989.2,0
2021-05-18 09:44:59,33993.2,0
2021-05-18 09:45:00,33993.25,0
2021-05-18 09:45:01,33995.2,0
2021-05-18 09:45:02,33991.45,0
2021-05-18 09:45:03,33990.45,0
2021-05-18 09:45:05,33990.55,0
2021-05-18 09:45:06,33989.4,0
2021-05-18 09:45:07,33990.2,0
2021-05-18 09:45:09,33983.65,0
2021-05-18 09:45:10,33980.25,0
2021-05-18 09:45:11,33980.7,0
2021-05-18 09:45:12,33976.25,0
2021-05-18 09:45:13,33975.75,0
2021-05-18 09:45:14,33980.55,0
2021-05-18 09:45:16,33977.65,0
2021-05-18 09:45:18,33977.9,0
2021-05-18 09:45:19,33976.8,0
2021-05-18 09:45:20,33979.65,0
2021-05-18 09:45:21,33978.25,0
2021-05-18 09:45:22,33981.5,0
2021-05-18 09:45:23,33979.85,0
2021-05-18 09:45:24,33984.45,0
2021-05-18 09:45:25,33982.7,0
2021-05-18 09:45:26,33982.5,0
2021-05-18 09:45:28,33984.35,0
2021-05-18 09:45:29,33989.6,0
2021-05-18 09:45:31,33987.2,0
2021-05-18 09:45:33,33984.9,0
2021-05-18 09:45:35,33984.4,0
2021-05-18 09:45:36,33987.15,0
2021-05-18 09:45:37,33982.9,0
2021-05-18 09:45:38,33982.0,0
2021-05-18 09:45:39,33989.1,0
2021-05-18 09:45:42,33987.25,0
2021-05-18 09:45:43,33983.6,0
2021-05-18 09:45:44,33986.4,0
2021-05-18 09:45:45,33985.1,0
2021-05-18 09:45:46,33987.05,0
2021-05-18 09:45:47,33986.4,0
2021-05-18 09:45:48,33986.1,0
2021-05-18 09:45:49,33985.4,0
2021-05-18 09:45:50,33984.85,0
2021-05-18 09:45:51,33981.0,0
2021-05-18 09:45:52,33984.4,0
2021-05-18 09:45:53,33985.45,0
2021-05-18 09:45:54,33985.15,0
2021-05-18 09:45:55,33985.25,0
2021-05-18 09:45:56,33981.35,0
2021-05-18 09:45:57,33981.55,0
2021-05-18 09:45:58,33984.15,0
2021-05-18 09:45:59,33983.2,0
2021-05-18 09:46:01,33984.75,0
2021-05-18 09:46:02,33983.7,0
2021-05-18 09:46:03,33984.5,0
2021-05-18 09:46:04,33982.85,0
2021-05-18 09:46:05,33985.45,0
2021-05-18 09:46:06,33985.15,0
2021-05-18 09:46:08,33985.4,0
2021-05-18 09:46:09,33991.8,0
2021-05-18 09:46:10,33994.45,0
2021-05-18 09:46:11,33996.1,0
2021-05-18 09:46:13,34006.7,0
2021-05-18 09:46:14,34008.05,0
2021-05-18 09:46:15,34006.65,0
2021-05-18 09:46:16,34007.65,0
2021-05-18 09:46:17,33999.55,0
2021-05-18 09:46:18,33997.4,0
2021-05-18 09:46:19,33998.35,0
2021-05-18 09:46:20,33994.05,0
2021-05-18 09:46:22,33995.05,0
2021-05-18 09:46:23,33995.15,0
2021-05-18 10:13:31,33749.6,0
2021-05-18 10:13:32,33758.7,0
2021-05-18 10:13:34,33756.45,0
2021-05-18 10:13:35,33757.25,0
2021-05-18 10:13:36,33761.1,0
2021-05-18 10:13:37,33766.7,0
2021-05-18 10:13:38,33754.85,0
2021-05-18 10:13:40,33753.35,0
2021-05-18 10:13:41,33758.35,0
2021-05-18 10:13:42,33760.8,0
2021-05-18 10:13:43,33762.35,0
2021-05-18 10:13:45,33761.95,0
2021-05-18 10:13:46,33765.25,0
2021-05-18 10:13:47,33762.95,0
2021-05-18 10:13:48,33766.45,0
2021-05-18 10:13:49,33769.05,0
2021-05-18 10:13:50,33764.55,0
2021-05-18 10:13:51,33765.3,0
2021-05-18 10:13:52,33766.35,0
2021-05-18 10:13:53,33766.1,0
2021-05-18 10:13:54,33763.0,0
2021-05-18 10:13:55,33768.45,0
2021-05-18 10:13:56,33768.1,0
2021-05-18 10:13:57,33766.6,0
2021-05-18 10:13:58,33767.65,0
2021-05-18 10:13:59,33768.55,0
2021-05-18 10:14:01,33772.85,0
2021-05-18 10:14:02,33769.0,0
2021-05-18 10:14:03,33770.4,0
2021-05-18 10:14:04,33775.1,0
2021-05-18 10:14:05,33776.15,0
2021-05-18 10:14:06,33776.15,0
2021-05-18 10:14:07,33777.4,0
2021-05-18 10:14:08,33777.25,0
2021-05-18 10:14:09,33772.85,0
2021-05-18 10:14:10,33772.65,0
2021-05-18 10:14:11,33770.25,0
2021-05-18 10:14:12,33772.55,0
2021-05-18 10:14:13,33776.7,0
2021-05-18 10:14:14,33776.0,0
2021-05-18 10:14:15,33775.6,0
2021-05-18 10:14:16,33783.05,0
2021-05-18 10:14:17,33780.0,0
2021-05-18 10:14:18,33780.95,0
2021-05-18 10:14:19,33783.05,0
2021-05-18 10:14:20,33787.75,0
2021-05-18 10:14:21,33784.55,0
2021-05-18 10:14:22,33796.5,0
2021-05-18 10:14:23,33788.7,0
2021-05-18 10:14:24,33791.2,0
2021-05-18 10:14:25,33792.55,0
2021-05-18 10:14:26,33800.15,0
2021-05-18 10:14:27,33806.15,0
2021-05-18 10:14:28,33803.75,0
2021-05-18 10:14:29,33798.75,0
2021-05-18 10:14:31,33808.25,0
2021-05-18 10:14:32,33810.2,0
2021-05-18 10:14:33,33811.45,0
2021-05-18 10:14:34,33806.45,0
2021-05-18 10:14:35,33807.15,0
2021-05-18 10:14:36,33808.2,0
2021-05-18 10:14:37,33808.1,0
2021-05-18 10:14:38,33812.05,0
2021-05-18 10:14:39,33807.3,0
2021-05-18 10:14:40,33807.6,0
2021-05-18 10:14:41,33807.0,0
2021-05-18 10:14:42,33808.9,0
2021-05-18 10:14:43,33809.1,0
2021-05-18 10:14:44,33807.9,0
2021-05-18 10:14:45,33809.55,0
2021-05-18 10:14:46,33814.65,0
2021-05-18 10:14:47,33816.6,0
2021-05-18 10:14:48,33806.7,0
2021-05-18 10:14:49,33809.55,0
2021-05-18 10:14:50,33809.9,0
2021-05-18 10:14:51,33817.0,0
2021-05-18 10:14:52,33814.75,0
2021-05-18 10:14:53,33802.3,0
2021-05-18 10:14:54,33804.1,0
2021-05-18 10:14:57,33806.05,0
2021-05-18 10:14:58,33806.65,0
2021-05-18 10:14:59,33811.65,0
2021-05-18 10:15:00,33811.7,0
2021-05-18 10:15:01,33804.6,0
2021-05-18 10:15:02,33807.4,0
2021-05-18 10:15:04,33806.85,0
2021-05-18 10:15:05,33809.35,0
2021-05-18 10:15:06,33813.15,0
2021-05-18 10:15:07,33816.15,0
2021-05-18 10:15:08,33815.05,0
2021-05-18 10:15:10,33820.85,0
2021-05-18 10:15:11,33821.45,0
2021-05-18 10:15:12,33821.4,0
2021-05-18 10:15:13,33825.8,0
2021-05-18 10:15:14,33823.2,0
2021-05-18 10:15:18,33837.0,0
2021-05-18 10:15:19,33833.35,0
2021-05-18 10:15:20,33836.45,0
2021-05-18 10:15:21,33839.0,0
2021-05-18 10:15:22,33840.9,0
2021-05-18 10:15:23,33841.2,0
2021-05-18 10:15:24,33842.8,0
2021-05-18 10:15:25,33849.75,0
2021-05-18 10:15:26,33854.5,0
2021-05-18 10:15:27,33850.2,0
2021-05-18 10:15:29,33855.95,0
2021-05-18 10:15:30,33853.6,0
2021-05-18 10:15:31,33851.2,0
2021-05-18 10:15:32,33853.5,0
2021-05-18 10:15:33,33853.5,0
2021-05-18 10:15:34,33855.8,0
2021-05-18 10:15:36,33848.25,0
2021-05-18 10:15:38,33851.25,0
2021-05-18 10:15:41,33856.35,0
2021-05-18 10:15:42,33859.7,0
2021-05-18 10:15:44,33860.5,0
2021-05-18 10:15:46,33862.9,0
2021-05-18 10:15:47,33863.3,0
2021-05-18 10:15:50,33862.0,0
2021-05-18 10:15:51,33859.35,0
2021-05-18 10:15:52,33863.85,0
2021-05-18 10:15:53,33858.35,0
2021-05-18 10:15:54,33858.15,0
2021-05-18 10:15:55,33853.4,0
2021-05-18 10:15:56,33858.1,0
2021-05-18 10:15:57,33851.45,0
2021-05-18 10:15:58,33850.3,0
2021-05-18 10:15:59,33837.05,0
2021-05-18 10:16:00,33842.15,0
2021-05-18 10:16:01,33842.6,0
2021-05-18 10:16:02,33841.55,0
2021-05-18 10:16:03,33844.8,0
2021-05-18 10:16:05,33848.95,0
2021-05-18 10:16:06,33850.3,0
2021-05-18 10:16:07,33848.0,0
2021-05-18 10:16:09,33844.3,0
2021-05-18 10:16:10,33847.65,0
2021-05-18 10:16:13,33852.75,0
2021-05-18 10:16:14,33847.5,0
2021-05-18 10:16:15,33848.7,0
2021-05-18 10:16:17,33849.65,0
2021-05-18 10:16:18,33852.0,0
2021-05-18 10:16:19,33854.2,0
2021-05-18 10:16:20,33856.0,0
2021-05-18 10:16:21,33853.85,0
2021-05-18 10:16:22,33853.5,0
2021-05-18 10:16:23,33853.0,0
2021-05-18 10:16:24,33855.15,0
2021-05-18 10:16:25,33854.55,0
2021-05-18 10:16:26,33859.85,0
2021-05-18 10:16:27,33857.85,0
2021-05-18 10:16:28,33860.6,0
2021-05-18 10:16:29,33861.35,0
2021-05-18 10:16:30,33861.15,0
2021-05-18 10:16:31,33862.75,0
2021-05-18 10:16:32,33864.5,0
2021-05-18 10:16:33,33866.75,0
2021-05-18 10:16:34,33867.65,0
2021-05-18 10:16:35,33868.05,0
2021-05-18 10:16:36,33872.05,0
2021-05-18 10:16:37,33873.3,0
2021-05-18 10:16:38,33876.15,0
2021-05-18 10:16:40,33879.6,0
2021-05-18 10:16:41,33877.6,0
2021-05-18 10:16:42,33878.95,0
2021-05-18 10:16:43,33883.5,0
2021-05-18 10:16:44,33879.7,0
2021-05-18 10:16:47,33880.8,0
2021-05-18 10:16:48,33881.65,0
2021-05-18 10:16:49,33884.15,0
2021-05-18 10:16:50,33887.2,0
2021-05-18 10:16:52,33886.05,0
2021-05-18 10:16:51,33888.45,0
2021-05-18 10:16:53,33887.2,0
2021-05-18 10:16:54,33890.1,0
2021-05-18 10:16:55,33887.4,0
2021-05-18 10:16:56,33883.95,0
2021-05-18 10:16:57,33879.85,0
2021-05-18 10:16:59,33883.65,0
2021-05-18 10:16:58,33880.4,0
2021-05-18 10:17:00,33881.5,0
2021-05-18 10:17:01,33883.75,0
2021-05-18 10:17:02,33884.6,0
2021-05-18 10:17:03,33878.0,0
2021-05-18 10:17:04,33877.2,0
2021-05-18 10:17:05,33879.5,0
2021-05-18 10:17:06,33875.7,0
2021-05-18 10:17:07,33878.8,0
2021-05-18 10:17:08,33871.55,0
2021-05-18 10:17:10,33868.75,0
2021-05-18 10:17:14,33872.25,0
2021-05-18 10:17:16,33870.9,0
2021-05-18 10:17:17,33872.35,0
2021-05-18 10:17:18,33874.8,0
2021-05-18 10:17:19,33874.25,0
2021-05-18 10:17:20,33876.35,0
2021-05-18 10:17:21,33879.1,0
2021-05-18 10:17:22,33877.4,0
2021-05-18 10:17:23,33880.5,0
2021-05-18 10:17:24,33879.85,0
2021-05-18 10:17:25,33875.35,0
2021-05-18 10:17:26,33871.65,0
2021-05-18 10:17:28,33872.5,0
2021-05-18 10:17:29,33874.55,0
2021-05-18 10:17:30,33873.4,0
2021-05-18 10:17:31,33870.65,0
2021-05-18 10:17:32,33874.25,0
2021-05-18 10:17:33,33872.3,0
2021-05-18 10:17:34,33874.1,0
2021-05-18 10:17:35,33874.15,0
2021-05-18 10:17:36,33874.8,0
2021-05-18 10:17:37,33874.05,0
2021-05-18 10:17:38,33871.9,0
2021-05-18 10:17:39,33875.0,0
2021-05-18 10:17:40,33876.75,0
2021-05-18 10:17:41,33875.5,0
2021-05-18 10:17:42,33879.8,0
2021-05-18 10:17:43,33881.15,0
2021-05-18 10:17:44,33881.65,0
2021-05-18 10:17:46,33884.85,0
2021-05-18 10:17:48,33884.1,0
2021-05-18 10:17:51,33882.3,0
2021-05-18 10:17:52,33882.75,0
2021-05-18 10:17:53,33882.55,0
2021-05-18 10:17:54,33878.65,0
2021-05-18 10:17:56,33886.8,0
2021-05-18 10:17:57,33888.0,0
2021-05-18 10:17:58,33881.95,0
2021-05-18 10:17:59,33882.5,0
2021-05-18 10:18:00,33881.85,0
2021-05-18 10:18:02,33878.45,0
2021-05-18 10:18:04,33878.95,0
2021-05-18 10:18:06,33879.9,0
2021-05-18 10:18:07,33881.6,0
2021-05-18 10:18:08,33881.2,0
2021-05-18 10:18:10,33882.7,0
2021-05-18 10:18:12,33880.35,0
2021-05-18 10:18:13,33877.8,0
2021-05-18 10:18:15,33876.7,0
2021-05-18 10:18:16,33878.4,0
2021-05-18 10:18:17,33878.8,0
2021-05-18 10:18:19,33871.3,0
2021-05-18 10:18:20,33872.1,0
2021-05-18 10:18:21,33876.15,0
2021-05-18 10:18:22,33874.2,0
2021-05-18 10:18:23,33873.3,0
2021-05-18 10:18:26,33871.65,0
2021-05-18 10:18:27,33869.55,0
2021-05-18 10:18:28,33872.85,0
2021-05-18 10:18:29,33872.95,0
2021-05-18 10:18:30,33874.2,0
2021-05-18 10:18:31,33873.1,0
2021-05-18 10:18:32,33875.55,0
2021-05-18 10:18:33,33875.8,0
2021-05-18 10:18:34,33867.0,0
2021-05-18 10:18:36,33867.75,0
2021-05-18 10:18:38,33876.05,0
2021-05-18 10:18:39,33874.05,0
2021-05-18 10:18:40,33869.8,0
2021-05-18 10:18:41,33868.6,0
2021-05-18 10:18:42,33870.65,0
2021-05-18 10:18:43,33863.8,0
2021-05-18 10:18:44,33858.5,0
2021-05-18 10:18:45,33856.55,0
2021-05-18 10:18:46,33860.45,0
2021-05-18 10:18:47,33856.75,0
2021-05-18 10:18:48,33859.0,0
2021-05-18 10:18:49,33853.7,0
2021-05-18 10:18:50,33854.5,0
2021-05-18 10:18:51,33854.5,0
2021-05-18 10:18:52,33852.75,0
2021-05-18 10:18:53,33855.15,0
2021-05-18 10:18:54,33854.05,0
2021-05-18 10:18:56,33853.15,0
2021-05-18 10:18:57,33853.2,0
2021-05-18 10:18:58,33855.5,0
2021-05-18 10:18:59,33858.85,0
2021-05-18 10:19:00,33859.25,0
2021-05-18 10:19:01,33866.35,0
2021-05-18 10:19:02,33865.0,0
2021-05-18 10:19:03,33865.1,0
2021-05-18 10:19:04,33864.45,0
2021-05-18 10:19:05,33860.0,0
2021-05-18 10:19:07,33862.75,0
2021-05-18 10:19:08,33858.15,0
2021-05-18 10:19:09,33858.55,0
2021-05-18 10:19:10,33857.85,0
2021-05-18 10:19:11,33856.9,0
2021-05-18 10:19:12,33861.1,0
2021-05-18 10:19:13,33861.2,0
2021-05-18 10:19:14,33854.4,0
2021-05-18 10:19:15,33855.15,0
2021-05-18 10:19:16,33850.25,0
2021-05-18 10:19:17,33850.05,0
2021-05-18 10:19:18,33846.4,0
2021-05-18 10:19:20,33842.4,0
2021-05-18 10:19:21,33844.75,0
2021-05-18 10:19:22,33842.65,0
2021-05-18 10:19:23,33838.15,0
2021-05-18 10:19:24,33837.4,0
2021-05-18 10:19:25,33835.35,0
2021-05-18 10:19:26,33838.25,0
2021-05-18 10:19:27,33829.55,0
2021-05-18 10:19:28,33835.55,0
2021-05-18 10:19:29,33829.2,0
2021-05-18 10:19:30,33830.0,0
2021-05-18 10:19:31,33828.8,0
2021-05-18 10:19:32,33827.5,0
2021-05-18 10:19:33,33828.4,0
2021-05-18 10:19:34,33830.05,0
2021-05-18 10:19:35,33827.3,0
2021-05-18 10:19:36,33835.65,0
2021-05-18 10:19:37,33833.0,0
2021-05-18 10:19:38,33832.25,0
2021-05-18 10:19:39,33832.6,0
2021-05-18 10:19:40,33835.95,0
2021-05-18 10:19:41,33836.45,0
2021-05-18 10:19:43,33836.35,0
2021-05-18 10:19:42,33838.35,0
2021-05-18 10:19:44,33842.3,0
2021-05-18 10:19:45,33841.9,0
2021-05-18 10:19:46,33842.25,0
2021-05-18 10:19:48,33849.35,0
2021-05-18 10:19:49,33849.8,0
2021-05-18 10:19:50,33844.15,0
2021-05-18 10:19:51,33844.85,0
2021-05-18 10:19:52,33853.1,0
2021-05-18 10:19:53,33855.95,0
2021-05-18 10:19:54,33849.9,0
2021-05-18 10:19:55,33839.9,0
2021-05-18 10:19:56,33846.75,0
2021-05-18 10:19:57,33845.9,0
2021-05-18 10:19:58,33848.25,0
2021-05-18 10:19:59,33847.2,0
2021-05-18 10:20:00,33842.9,0
2021-05-18 10:20:01,33840.8,0
2021-05-18 10:20:02,33842.05,0
2021-05-18 10:20:04,33846.85,0
2021-05-18 10:20:05,33844.65,0
2021-05-18 10:20:06,33851.0,0
2021-05-18 10:20:07,33844.35,0
2021-05-18 10:20:08,33847.65,0
2021-05-18 10:20:09,33850.1,0
2021-05-18 10:20:10,33842.25,0
2021-05-18 10:20:11,33841.6,0
2021-05-18 10:20:12,33838.85,0
2021-05-18 10:20:13,33840.75,0
2021-05-18 10:20:15,33840.1,0
2021-05-18 10:20:16,33830.3,0
2021-05-18 10:20:17,33834.85,0
2021-05-18 10:20:18,33832.9,0
2021-05-18 10:20:19,33830.85,0
2021-05-18 10:20:20,33835.05,0
2021-05-18 10:20:21,33832.45,0
2021-05-18 10:20:23,33836.85,0
2021-05-18 10:20:24,33837.25,0
2021-05-18 10:20:25,33837.0,0
2021-05-18 10:20:26,33836.05,0
2021-05-18 10:20:27,33835.1,0
2021-05-18 10:20:28,33835.25,0
2021-05-18 10:20:29,33838.25,0
2021-05-18 10:20:30,33835.2,0
2021-05-18 10:20:31,33836.65,0
2021-05-18 10:20:32,33838.8,0
2021-05-18 10:20:33,33835.4,0
2021-05-18 10:20:34,33831.9,0
2021-05-18 10:20:35,33828.65,0
2021-05-18 10:20:37,33832.6,0
2021-05-18 10:20:38,33829.95,0
2021-05-18 10:20:39,33832.9,0
2021-05-18 10:20:40,33829.95,0
2021-05-18 10:20:41,33829.1,0
2021-05-18 10:20:43,33826.4,0
2021-05-18 10:20:44,33828.9,0
2021-05-18 10:20:45,33831.4,0
2021-05-18 10:20:46,33828.25,0
2021-05-18 10:20:48,33820.5,0
2021-05-18 10:20:50,33818.35,0
2021-05-18 10:20:51,33815.95,0
2021-05-18 10:20:52,33821.1,0
2021-05-18 10:20:53,33812.8,0
2021-05-18 10:20:54,33814.85,0
2021-05-18 10:20:55,33818.95,0
2021-05-18 10:20:56,33813.45,0
2021-05-18 10:20:57,33812.85,0
2021-05-18 10:20:58,33811.45,0
2021-05-18 10:20:59,33802.3,0
2021-05-18 10:21:00,33804.55,0
2021-05-18 10:21:01,33806.45,0
2021-05-18 10:21:02,33807.45,0
2021-05-18 10:21:03,33810.85,0
2021-05-18 10:21:04,33817.4,0
2021-05-18 10:21:05,33819.95,0
2021-05-18 10:21:06,33819.15,0
2021-05-18 10:21:07,33821.4,0
2021-05-18 10:21:08,33818.9,0
2021-05-18 10:21:09,33816.85,0
2021-05-18 10:21:10,33816.3,0
2021-05-18 10:21:12,33817.9,0
2021-05-18 10:21:13,33813.0,0
2021-05-18 10:21:14,33815.8,0
2021-05-18 10:21:15,33816.0,0
2021-05-18 10:21:16,33819.15,0
2021-05-18 10:21:17,33815.55,0
2021-05-18 10:21:18,33817.3,0
2021-05-18 10:21:19,33820.15,0
2021-05-18 10:21:20,33819.85,0
2021-05-18 10:21:21,33819.6,0
2021-05-18 10:21:23,33815.75,0
2021-05-18 10:21:24,33824.3,0
2021-05-18 10:21:25,33814.35,0
2021-05-18 10:21:26,33816.0,0
2021-05-18 10:21:27,33814.95,0
2021-05-18 10:21:28,33813.4,0
2021-05-18 10:21:30,33810.7,0
2021-05-18 10:21:31,33814.9,0
2021-05-18 10:21:32,33815.8,0
2021-05-18 10:21:33,33813.65,0
2021-05-18 10:21:34,33812.95,0
2021-05-18 10:21:35,33815.15,0
2021-05-18 10:21:36,33815.8,0
2021-05-18 10:21:37,33813.0,0
2021-05-18 10:21:38,33812.6,0
2021-05-18 10:21:39,33814.15,0
2021-05-18 10:21:40,33813.35,0
2021-05-18 10:21:41,33813.05,0
2021-05-18 10:21:42,33816.2,0
2021-05-18 10:21:43,33815.5,0
2021-05-18 10:21:46,33810.9,0
2021-05-18 10:21:47,33812.0,0
2021-05-18 10:21:48,33814.8,0
2021-05-18 10:21:49,33812.3,0
2021-05-18 10:21:50,33812.15,0
2021-05-18 10:21:51,33810.7,0
2021-05-18 10:21:52,33815.85,0
2021-05-18 10:21:53,33813.9,0
2021-05-18 10:21:55,33809.95,0
2021-05-18 10:21:57,33812.35,0
2021-05-18 10:21:58,33813.75,0
2021-05-18 10:21:59,33808.55,0
2021-05-18 10:22:00,33806.8,0
2021-05-18 10:22:01,33813.45,0
2021-05-18 10:22:02,33812.55,0
2021-05-18 10:22:03,33812.5,0
2021-05-18 10:22:04,33813.35,0
2021-05-18 10:22:05,33813.05,0
2021-05-18 10:22:06,33818.45,0
2021-05-18 10:22:07,33822.1,0
2021-05-18 10:22:08,33824.3,0
2021-05-18 10:22:09,33823.6,0
2021-05-18 10:22:10,33822.95,0
2021-05-18 10:22:11,33824.35,0
2021-05-18 10:22:12,33823.7,0
2021-05-18 10:22:13,33822.6,0
2021-05-18 10:22:14,33824.75,0
2021-05-18 10:22:15,33825.3,0
2021-05-18 10:22:16,33826.05,0
2021-05-18 10:22:17,33826.4,0
2021-05-18 10:22:18,33819.65,0
2021-05-18 10:22:19,33819.45,0
2021-05-18 10:22:20,33819.05,0
2021-05-18 10:22:21,33815.35,0
2021-05-18 10:22:22,33812.6,0
2021-05-18 10:22:23,33810.6,0
2021-05-18 10:22:24,33813.1,0
2021-05-18 10:22:25,33816.3,0
2021-05-18 10:22:26,33819.9,0
2021-05-18 10:22:27,33818.35,0
2021-05-18 10:22:28,33819.3,0
2021-05-18 10:22:30,33821.35,0
2021-05-18 10:22:31,33818.6,0
2021-05-18 10:22:32,33821.4,0
2021-05-18 10:22:33,33821.95,0
2021-05-18 10:22:34,33826.7,0
2021-05-18 10:22:35,33832.8,0
2021-05-18 10:22:36,33831.65,0
2021-05-18 10:22:38,33832.1,0
2021-05-18 10:22:40,33834.65,0
2021-05-18 10:22:41,33835.65,0
2021-05-18 10:22:42,33836.95,0
2021-05-18 10:22:44,33833.3,0
2021-05-18 10:22:45,33833.4,0
2021-05-18 10:22:47,33834.25,0
2021-05-18 10:22:48,33834.15,0
2021-05-18 10:22:49,33835.3,0
2021-05-18 10:22:50,33830.75,0
2021-05-18 10:22:51,33832.15,0
2021-05-18 10:22:53,33830.95,0
2021-05-18 10:22:54,33833.05,0
2021-05-18 10:22:55,33829.65,0
2021-05-18 10:22:56,33824.6,0
2021-05-18 10:22:57,33826.4,0
2021-05-18 10:22:59,33824.65,0
2021-05-18 10:23:00,33826.1,0
2021-05-18 10:23:01,33824.05,0
2021-05-18 10:23:02,33822.35,0
2021-05-18 10:23:03,33823.95,0
2021-05-18 10:23:05,33823.85,0
2021-05-18 10:23:06,33822.35,0
2021-05-18 10:23:08,33826.0,0
2021-05-18 10:23:09,33827.45,0
2021-05-18 10:23:10,33822.55,0
2021-05-18 10:23:11,33824.25,0
2021-05-18 10:23:12,33825.7,0
2021-05-18 10:23:13,33825.8,0
2021-05-18 10:23:14,33825.35,0
2021-05-18 10:23:15,33822.1,0
2021-05-18 10:23:16,33826.25,0
2021-05-18 10:23:17,33821.6,0
2021-05-18 10:23:18,33822.35,0
2021-05-18 10:23:19,33822.95,0
2021-05-18 10:23:20,33824.5,0
2021-05-18 10:23:21,33826.8,0
2021-05-18 10:23:22,33826.85,0
2021-05-18 10:23:23,33826.0,0
2021-05-18 10:23:25,33832.05,0
2021-05-18 10:23:26,33834.5,0
2021-05-18 10:23:27,33834.4,0
2021-05-18 10:23:28,33837.55,0
2021-05-18 10:23:30,33834.85,0
2021-05-18 10:23:31,33835.5,0
2021-05-18 10:23:32,33837.95,0
2021-05-18 10:23:33,33835.75,0
2021-05-18 10:23:34,33837.6,0
2021-05-18 10:23:35,33838.1,0
2021-05-18 10:23:36,33840.9,0
2021-05-18 10:23:37,33845.1,0
2021-05-18 10:23:38,33844.25,0
2021-05-18 10:23:40,33844.1,0
2021-05-18 10:23:41,33839.2,0
2021-05-18 10:23:42,33841.05,0
2021-05-18 10:23:43,33840.25,0
2021-05-18 10:23:44,33843.9,0
2021-05-18 10:23:45,33841.35,0
2021-05-18 10:23:46,33838.4,0
2021-05-18 10:23:47,33840.55,0
2021-05-18 10:23:49,33830.85,0
2021-05-18 10:23:50,33834.55,0
2021-05-18 10:23:51,33831.4,0
2021-05-18 10:23:52,33837.2,0
2021-05-18 10:23:53,33838.65,0
2021-05-18 10:23:54,33835.3,0
2021-05-18 10:23:55,33837.25,0
2021-05-18 10:23:56,33838.5,0
2021-05-18 10:23:57,33836.95,0
2021-05-18 10:23:58,33834.95,0
2021-05-18 10:23:59,33837.9,0
2021-05-18 10:24:00,33840.0,0
2021-05-18 10:24:01,33838.75,0
2021-05-18 10:24:02,33840.15,0
2021-05-18 10:24:03,33844.1,0
2021-05-18 10:24:04,33843.85,0
2021-05-18 10:24:05,33843.65,0
2021-05-18 10:24:06,33848.15,0
2021-05-18 10:24:07,33845.35,0
2021-05-18 10:24:08,33846.75,0
2021-05-18 10:24:09,33846.15,0
2021-05-18 10:24:10,33842.5,0
2021-05-18 10:24:11,33846.05,0
2021-05-18 10:24:12,33846.6,0
2021-05-18 10:24:13,33845.95,0
2021-05-18 10:24:14,33846.7,0
2021-05-18 10:24:15,33836.25,0
2021-05-18 10:24:16,33842.1,0
2021-05-18 10:24:17,33838.95,0
2021-05-18 10:24:18,33843.1,0
2021-05-18 10:24:19,33837.85,0
2021-05-18 10:24:20,33840.6,0
2021-05-18 10:24:21,33837.15,0
2021-05-18 10:24:22,33833.15,0
2021-05-18 10:24:23,33835.2,0
2021-05-18 10:24:24,33829.75,0
2021-05-18 10:24:25,33831.15,0
2021-05-18 10:24:26,33830.15,0
2021-05-18 10:24:27,33829.9,0
2021-05-18 10:24:28,33823.55,0
2021-05-18 10:24:29,33828.45,0
2021-05-18 10:24:30,33823.4,0
2021-05-18 10:24:31,33828.4,0
2021-05-18 10:24:32,33830.0,0
2021-05-18 10:24:33,33824.65,0
2021-05-18 10:24:34,33827.6,0
2021-05-18 10:24:35,33828.7,0
2021-05-18 10:24:36,33831.35,0
2021-05-18 10:24:37,33830.4,0
2021-05-18 10:24:38,33832.3,0
2021-05-18 10:24:39,33832.3,0
2021-05-18 10:24:40,33834.2,0
2021-05-18 10:24:41,33833.95,0
2021-05-18 10:24:42,33834.85,0
2021-05-18 10:24:43,33834.1,0
2021-05-18 10:24:44,33834.6,0
2021-05-18 10:24:45,33834.8,0
2021-05-18 10:24:46,33833.85,0
2021-05-18 10:24:47,33834.25,0
2021-05-18 10:24:48,33836.5,0
2021-05-18 10:24:49,33832.9,0
2021-05-18 10:24:52,33834.75,0
2021-05-18 10:24:53,33839.55,0
2021-05-18 10:24:54,33836.75,0
2021-05-18 10:24:55,33838.45,0
2021-05-18 10:24:56,33839.3,0
2021-05-18 10:24:57,33837.6,0
2021-05-18 10:24:58,33840.15,0
2021-05-18 10:24:59,33837.15,0
2021-05-18 10:25:00,33837.5,0
2021-05-18 10:25:01,33837.65,0
2021-05-18 10:25:02,33836.45,0
2021-05-18 10:25:03,33837.75,0
2021-05-18 10:25:04,33838.7,0
2021-05-18 10:25:06,33836.7,0
2021-05-18 10:25:07,33838.0,0
2021-05-18 10:25:10,33840.25,0
2021-05-18 10:25:09,33841.25,0
2021-05-18 10:25:12,33840.75,0
2021-05-18 10:25:13,33852.55,0
2021-05-18 10:25:14,33845.45,0
2021-05-18 10:25:15,33846.8,0
2021-05-18 10:25:16,33846.1,0
2021-05-18 10:25:17,33850.65,0
2021-05-18 10:25:18,33852.1,0
2021-05-18 10:25:19,33854.0,0
2021-05-18 10:25:20,33855.95,0
2021-05-18 10:25:21,33857.6,0
2021-05-18 10:25:22,33858.0,0
2021-05-18 10:25:23,33859.6,0
2021-05-18 10:25:24,33859.05,0
2021-05-18 10:25:25,33856.95,0
2021-05-18 10:25:26,33857.8,0
2021-05-18 10:25:27,33856.0,0
2021-05-18 10:25:28,33849.0,0
2021-05-18 10:25:29,33847.25,0
2021-05-18 10:25:30,33846.65,0
2021-05-18 10:25:31,33849.65,0
2021-05-18 10:25:32,33844.85,0
2021-05-18 10:25:33,33851.3,0
2021-05-18 10:25:34,33843.6,0
2021-05-18 10:25:35,33846.0,0
2021-05-18 10:25:36,33847.95,0
2021-05-18 10:25:37,33849.55,0
2021-05-18 10:25:38,33846.55,0
2021-05-18 10:25:39,33848.2,0
2021-05-18 10:25:42,33848.75,0
2021-05-18 10:25:43,33850.45,0
2021-05-18 10:25:44,33850.1,0
2021-05-18 10:25:45,33851.2,0
2021-05-18 10:25:46,33853.55,0
2021-05-18 10:25:47,33847.55,0
2021-05-18 10:25:48,33852.7,0
2021-05-18 10:25:49,33850.25,0
2021-05-18 10:25:51,33850.0,0
2021-05-18 10:25:52,33852.6,0
2021-05-18 10:25:53,33851.0,0
2021-05-18 10:25:54,33854.55,0
2021-05-18 10:25:55,33853.0,0
2021-05-18 10:25:56,33854.55,0
2021-05-18 10:25:57,33853.95,0
2021-05-18 10:25:59,33851.6,0
2021-05-18 10:26:01,33849.9,0
2021-05-18 10:26:03,33851.9,0
2021-05-18 10:26:04,33856.75,0
2021-05-18 10:26:05,33856.65,0
2021-05-18 10:26:07,33856.0,0
2021-05-18 10:26:08,33856.85,0
2021-05-18 10:26:09,33851.55,0
2021-05-18 10:26:10,33852.2,0
2021-05-18 10:26:11,33852.9,0
2021-05-18 10:26:12,33856.9,0
2021-05-18 10:26:13,33856.05,0
2021-05-18 10:26:14,33853.8,0
2021-05-18 10:26:16,33857.75,0
2021-05-18 10:26:17,33853.9,0
2021-05-18 10:26:18,33857.95,0
2021-05-18 10:26:19,33858.35,0
2021-05-18 10:26:20,33858.55,0
2021-05-18 10:26:21,33859.0,0
2021-05-18 10:26:22,33856.65,0
2021-05-18 10:26:23,33857.15,0
2021-05-18 10:26:24,33858.6,0
2021-05-18 10:26:26,33860.5,0
2021-05-18 10:26:27,33862.8,0
2021-05-18 10:26:28,33864.9,0
2021-05-18 10:26:29,33863.0,0
2021-05-18 10:26:30,33864.95,0
2021-05-18 10:26:32,33864.4,0
2021-05-18 10:26:33,33864.15,0
2021-05-18 10:26:34,33864.25,0
2021-05-18 10:26:35,33865.0,0
2021-05-18 10:26:37,33866.5,0
2021-05-18 10:26:38,33867.3,0
2021-05-18 10:26:39,33870.45,0
2021-05-18 10:26:40,33870.15,0
2021-05-18 10:26:41,33872.35,0
2021-05-18 10:26:42,33873.1,0
2021-05-18 10:26:43,33872.15,0
2021-05-18 10:26:44,33873.55,0
2021-05-18 10:26:45,33873.3,0
2021-05-18 10:26:46,33871.3,0
2021-05-18 10:26:47,33874.5,0
2021-05-18 10:26:48,33874.5,0
2021-05-18 10:26:49,33874.75,0
2021-05-18 10:26:50,33873.95,0
2021-05-18 10:26:51,33873.7,0
2021-05-18 10:26:52,33875.25,0
2021-05-18 10:26:53,33872.05,0
2021-05-18 10:26:54,33872.0,0
2021-05-18 10:26:55,33873.9,0
2021-05-18 10:26:56,33871.9,0
2021-05-18 10:26:57,33874.05,0
2021-05-18 10:26:58,33874.8,0
2021-05-18 10:26:59,33872.1,0
2021-05-18 10:27:00,33875.15,0
2021-05-18 10:27:01,33874.65,0
2021-05-18 10:27:03,33878.15,0
2021-05-18 10:27:04,33877.8,0
2021-05-18 10:27:05,33876.45,0
2021-05-18 10:27:06,33877.8,0
2021-05-18 10:27:08,33877.4,0
2021-05-18 10:27:09,33880.5,0
2021-05-18 10:27:10,33878.4,0
2021-05-18 10:27:11,33879.35,0
2021-05-18 10:27:12,33876.0,0
2021-05-18 10:27:13,33872.25,0
2021-05-18 10:27:14,33872.45,0
2021-05-18 10:27:15,33873.8,0
2021-05-18 10:27:16,33872.05,0
2021-05-18 10:27:19,33872.15,0
2021-05-18 10:27:20,33873.0,0
2021-05-18 10:27:21,33863.75,0
2021-05-18 10:27:22,33863.6,0
2021-05-18 10:27:24,33865.2,0
2021-05-18 10:27:25,33865.9,0
2021-05-18 10:27:27,33863.85,0
2021-05-18 10:27:28,33865.8,0
2021-05-18 10:27:29,33863.6,0
2021-05-18 10:27:30,33863.0,0
2021-05-18 10:27:31,33863.15,0
2021-05-18 10:27:32,33862.35,0
2021-05-18 10:27:33,33863.15,0
2021-05-18 10:27:34,33859.6,0
2021-05-18 10:27:35,33860.75,0
2021-05-18 10:27:36,33863.55,0
2021-05-18 10:27:37,33861.35,0
2021-05-18 10:27:38,33864.8,0
2021-05-18 10:27:39,33862.05,0
2021-05-18 10:27:40,33865.25,0
2021-05-18 10:27:41,33861.6,0
2021-05-18 10:27:43,33864.45,0
2021-05-18 10:27:44,33864.6,0
2021-05-18 10:27:45,33866.75,0
2021-05-18 10:27:46,33865.85,0
2021-05-18 10:27:47,33861.65,0
2021-05-18 10:27:48,33863.3,0
2021-05-18 10:27:49,33860.6,0
2021-05-18 10:27:50,33860.45,0
2021-05-18 10:27:51,33863.9,0
2021-05-18 10:27:52,33866.9,0
2021-05-18 10:27:53,33864.05,0
2021-05-18 10:27:54,33861.45,0
2021-05-18 10:27:55,33864.2,0
2021-05-18 10:27:58,33863.0,0
2021-05-18 10:27:59,33871.0,0
2021-05-18 10:28:00,33875.0,0
2021-05-18 10:28:03,33867.75,0
2021-05-18 10:28:04,33870.95,0
2021-05-18 10:28:05,33869.6,0
2021-05-18 10:28:06,33871.45,0
2021-05-18 10:28:07,33872.1,0
2021-05-18 10:28:08,33870.95,0
2021-05-18 10:28:09,33870.95,0
2021-05-18 10:28:10,33868.65,0
2021-05-18 10:28:11,33868.0,0
2021-05-18 10:28:12,33869.6,0
2021-05-18 10:28:13,33874.4,0
2021-05-18 10:28:14,33875.45,0
2021-05-18 10:28:15,33873.95,0
2021-05-18 10:28:16,33872.55,0
2021-05-18 10:28:17,33873.9,0
2021-05-18 10:28:18,33872.45,0
2021-05-18 10:28:19,33872.75,0
2021-05-18 10:28:21,33874.0,0
2021-05-18 10:28:22,33872.95,0
2021-05-18 10:28:23,33874.25,0
2021-05-18 10:28:24,33871.7,0
2021-05-18 10:28:25,33873.55,0
2021-05-18 10:28:26,33872.55,0
2021-05-18 10:28:27,33872.1,0
2021-05-18 10:28:28,33874.5,0
2021-05-18 10:28:30,33874.55,0
2021-05-18 10:28:31,33874.6,0
2021-05-18 10:28:32,33873.3,0
2021-05-18 10:28:34,33870.6,0
2021-05-18 10:28:35,33867.1,0
2021-05-18 10:28:37,33871.55,0
2021-05-18 10:28:38,33872.8,0
2021-05-18 10:28:39,33873.6,0
2021-05-18 10:28:40,33871.8,0
2021-05-18 10:28:41,33870.55,0
2021-05-18 10:28:42,33868.85,0
2021-05-18 10:28:43,33870.1,0
2021-05-18 10:28:44,33871.55,0
2021-05-18 10:28:45,33872.15,0
2021-05-18 10:28:46,33872.85,0
2021-05-18 10:28:47,33876.05,0
2021-05-18 10:28:48,33873.75,0
2021-05-18 10:28:49,33875.35,0
2021-05-18 10:28:50,33872.65,0
2021-05-18 10:28:51,33873.15,0
2021-05-18 10:28:52,33875.7,0
2021-05-18 10:28:53,33876.8,0
2021-05-18 10:28:54,33877.8,0
2021-05-18 10:28:55,33879.3,0
2021-05-18 10:28:57,33880.55,0
2021-05-18 10:28:58,33885.05,0
2021-05-18 10:29:00,33887.9,0
2021-05-18 10:29:01,33883.1,0
2021-05-18 10:29:02,33884.9,0
2021-05-18 10:29:03,33896.75,0
2021-05-18 10:29:05,33890.55,0
2021-05-18 10:29:06,33889.1,0
2021-05-18 10:29:07,33889.45,0
2021-05-18 10:29:08,33890.2,0
2021-05-18 10:29:09,33887.9,0
2021-05-18 10:29:10,33889.5,0
2021-05-18 10:29:11,33887.3,0
2021-05-18 10:29:12,33889.95,0
2021-05-18 10:29:13,33887.35,0
2021-05-18 10:29:14,33886.45,0
2021-05-18 10:29:15,33887.35,0
2021-05-18 10:29:16,33890.05,0
2021-05-18 10:29:17,33889.45,0
2021-05-18 10:29:18,33888.35,0
2021-05-18 10:29:19,33890.5,0
2021-05-18 10:29:20,33890.25,0
2021-05-18 10:29:21,33889.6,0
2021-05-18 10:29:22,33887.35,0
2021-05-18 10:29:23,33889.2,0
2021-05-18 10:29:24,33890.2,0
2021-05-18 10:29:25,33888.85,0
2021-05-18 10:29:26,33891.15,0
2021-05-18 10:29:27,33891.25,0
2021-05-18 10:29:28,33892.15,0
2021-05-18 10:29:29,33891.85,0
2021-05-18 10:29:30,33892.2,0
2021-05-18 10:29:31,33892.15,0
2021-05-18 10:29:32,33890.4,0
2021-05-18 10:29:33,33891.3,0
2021-05-18 10:29:34,33892.2,0
2021-05-18 10:29:35,33892.05,0
2021-05-18 10:29:36,33893.0,0
2021-05-18 10:29:37,33892.05,0
2021-05-18 10:29:38,33890.65,0
2021-05-18 10:29:39,33891.95,0
2021-05-18 10:29:40,33892.0,0
2021-05-18 10:29:41,33892.75,0
2021-05-18 10:29:42,33892.85,0
2021-05-18 10:29:43,33890.8,0
2021-05-18 10:29:44,33891.55,0
2021-05-18 10:29:46,33891.95,0
2021-05-18 10:29:47,33892.1,0
2021-05-18 10:29:48,33892.35,0
2021-05-18 10:29:50,33894.4,0
2021-05-18 10:29:51,33892.65,0
2021-05-18 10:29:52,33895.2,0
2021-05-18 10:29:53,33893.05,0
2021-05-18 10:29:54,33898.25,0
2021-05-18 10:29:55,33897.9,0
2021-05-18 10:29:56,33900.3,0
2021-05-18 10:29:57,33900.45,0
2021-05-18 10:29:58,33903.25,0
2021-05-18 10:29:59,33906.6,0
2021-05-18 10:30:00,33912.1,0
2021-05-18 10:30:02,33905.4,0
2021-05-18 10:30:04,33904.05,0
2021-05-18 10:30:05,33906.7,0
2021-05-18 10:30:06,33905.6,0
2021-05-18 10:30:07,33911.8,0
2021-05-18 10:30:08,33908.85,0
2021-05-18 10:30:09,33908.25,0
2021-05-18 10:30:11,33918.95,0
2021-05-18 10:30:12,33916.6,0
2021-05-18 10:30:13,33914.25,0
2021-05-18 10:30:14,33909.9,0
2021-05-18 10:30:15,33907.85,0
2021-05-18 10:30:16,33913.6,0
2021-05-18 10:30:17,33917.05,0
2021-05-18 10:30:18,33910.3,0
2021-05-18 10:30:19,33918.25,0
2021-05-18 10:30:21,33919.05,0
2021-05-18 10:30:22,33922.05,0
2021-05-18 10:30:23,33928.0,0
2021-05-18 10:30:24,33932.4,0
2021-05-18 10:30:25,33926.75,0
2021-05-18 10:30:26,33928.6,0
2021-05-18 10:30:27,33934.3,0
2021-05-18 10:30:28,33931.25,0
2021-05-18 10:30:31,33933.55,0
2021-05-18 10:30:32,33938.6,0
2021-05-18 10:30:33,33927.05,0
2021-05-18 10:30:34,33927.9,0
2021-05-18 10:30:35,33933.1,0
2021-05-18 10:30:36,33933.35,0
2021-05-18 10:30:37,33940.2,0
2021-05-18 10:30:38,33935.45,0
2021-05-18 10:30:39,33937.2,0
2021-05-18 10:30:40,33942.2,0
2021-05-18 10:30:41,33943.0,0
2021-05-18 10:30:42,33945.35,0
2021-05-18 10:30:43,33951.3,0
2021-05-18 10:30:44,33952.95,0
2021-05-18 10:30:45,33949.55,0
2021-05-18 10:30:47,33949.6,0
2021-05-18 10:30:48,33945.5,0
2021-05-18 10:30:49,33945.95,0
2021-05-18 10:30:50,33945.8,0
2021-05-18 10:30:51,33942.9,0
2021-05-18 10:30:52,33939.4,0
2021-05-18 10:30:53,33938.1,0
2021-05-18 10:30:54,33934.9,0
2021-05-18 10:30:55,33934.0,0
2021-05-18 10:30:56,33937.1,0
2021-05-18 10:30:57,33936.95,0
2021-05-18 10:30:58,33939.15,0
2021-05-18 10:30:59,33939.75,0
2021-05-18 10:31:00,33938.7,0
2021-05-18 10:31:01,33939.5,0
2021-05-18 10:31:02,33939.05,0
2021-05-18 10:31:03,33946.3,0
2021-05-18 10:31:04,33939.7,0
2021-05-18 10:31:06,33942.55,0
2021-05-18 10:31:07,33945.1,0
2021-05-18 10:31:08,33942.5,0
2021-05-18 10:31:09,33940.95,0
2021-05-18 10:31:10,33938.05,0
2021-05-18 10:31:11,33937.3,0
2021-05-18 10:31:12,33940.9,0
2021-05-18 10:31:13,33940.9,0
2021-05-18 10:31:14,33935.95,0
2021-05-18 10:31:15,33937.15,0
2021-05-18 10:31:16,33938.7,0
2021-05-18 10:31:17,33938.35,0
2021-05-18 10:31:18,33932.35,0
2021-05-18 10:31:19,33934.55,0
2021-05-18 10:31:21,33932.15,0
2021-05-18 10:31:22,33929.8,0
2021-05-18 10:31:23,33928.5,0
2021-05-18 10:31:24,33930.4,0
2021-05-18 10:31:25,33924.45,0
2021-05-18 10:31:26,33925.95,0
2021-05-18 10:31:27,33926.7,0
2021-05-18 10:31:28,33928.5,0
2021-05-18 10:31:29,33929.65,0
2021-05-18 10:31:30,33930.4,0
2021-05-18 10:31:31,33929.55,0
2021-05-18 10:31:33,33928.75,0
2021-05-18 10:31:35,33929.75,0
2021-05-18 10:31:36,33929.25,0
2021-05-18 10:31:37,33927.45,0
2021-05-18 10:31:38,33929.25,0
2021-05-18 10:31:40,33929.55,0
2021-05-18 10:31:41,33925.8,0
2021-05-18 10:31:42,33927.6,0
2021-05-18 10:31:43,33925.95,0
2021-05-18 10:31:44,33925.2,0
2021-05-18 10:31:45,33924.1,0
2021-05-18 10:31:46,33925.25,0
2021-05-18 10:31:50,33921.55,0
2021-05-18 10:31:51,33922.75,0
2021-05-18 10:31:52,33922.05,0
2021-05-18 10:31:53,33916.0,0
2021-05-18 10:31:54,33914.15,0
2021-05-18 10:31:55,33917.8,0
2021-05-18 10:31:56,33916.05,0
2021-05-18 10:31:58,33908.4,0
2021-05-18 10:31:59,33909.85,0
2021-05-18 10:32:00,33913.2,0
2021-05-18 10:32:01,33911.4,0
2021-05-18 10:32:02,33910.05,0
2021-05-18 10:32:03,33909.15,0
2021-05-18 10:32:04,33911.15,0
2021-05-18 10:32:05,33911.4,0
2021-05-18 10:32:07,33909.95,0
2021-05-18 10:32:08,33911.8,0
2021-05-18 10:32:10,33907.0,0
2021-05-18 10:32:11,33907.25,0
2021-05-18 10:32:12,33909.6,0
2021-05-18 10:32:14,33904.9,0
2021-05-18 10:32:16,33903.65,0
2021-05-18 10:32:18,33897.4,0
2021-05-18 10:32:19,33897.65,0
2021-05-18 10:32:20,33902.25,0
2021-05-18 10:32:21,33898.55,0
2021-05-18 10:32:22,33898.25,0
2021-05-18 10:32:23,33896.6,0
2021-05-18 10:32:24,33899.7,0
2021-05-18 10:32:25,33898.7,0
2021-05-18 10:32:26,33900.4,0
2021-05-18 10:32:27,33899.7,0
2021-05-18 10:32:28,33899.8,0
2021-05-18 10:32:29,33897.7,0
2021-05-18 10:32:30,33900.65,0
2021-05-18 10:32:31,33905.1,0
2021-05-18 10:32:32,33902.5,0
2021-05-18 10:32:33,33904.15,0
2021-05-18 10:32:34,33903.75,0
2021-05-18 10:32:35,33906.75,0
2021-05-18 10:32:36,33909.25,0
2021-05-18 10:32:37,33906.45,0
2021-05-18 10:32:38,33907.05,0
2021-05-18 10:32:40,33912.25,0
2021-05-18 10:32:41,33913.05,0
2021-05-18 10:32:42,33909.65,0
2021-05-18 10:32:43,33911.05,0
2021-05-18 10:32:44,33909.1,0
2021-05-18 10:32:45,33911.15,0
2021-05-18 10:32:46,33913.75,0
2021-05-18 10:32:47,33913.5,0
2021-05-18 10:32:48,33916.55,0
2021-05-18 10:32:49,33916.15,0
2021-05-18 10:32:50,33914.15,0
2021-05-18 10:32:51,33916.9,0
2021-05-18 10:32:52,33916.75,0
2021-05-18 10:32:53,33914.45,0
2021-05-18 10:32:54,33916.95,0
2021-05-18 10:32:55,33917.45,0
2021-05-18 10:32:56,33917.4,0
2021-05-18 10:32:57,33917.4,0
2021-05-18 10:32:58,33917.05,0
2021-05-18 10:32:59,33923.05,0
2021-05-18 10:33:00,33922.55,0
2021-05-18 10:33:01,33926.4,0
2021-05-18 10:33:02,33926.5,0
2021-05-18 10:33:03,33921.2,0
2021-05-18 10:33:04,33923.55,0
2021-05-18 10:33:06,33921.05,0
2021-05-18 10:33:07,33921.85,0
2021-05-18 10:33:08,33923.4,0
2021-05-18 10:33:09,33926.7,0
2021-05-18 10:33:10,33924.5,0
2021-05-18 10:33:11,33926.0,0
2021-05-18 10:33:12,33926.45,0
2021-05-18 10:33:13,33925.8,0
2021-05-18 10:33:14,33926.7,0
2021-05-18 10:33:16,33918.55,0
2021-05-18 10:33:17,33920.5,0
2021-05-18 10:33:18,33917.5,0
2021-05-18 10:33:19,33916.9,0
2021-05-18 10:33:20,33918.15,0
2021-05-18 10:33:21,33912.55,0
2021-05-18 10:33:22,33916.2,0
2021-05-18 10:33:23,33918.0,0
2021-05-18 10:33:24,33916.4,0
2021-05-18 10:33:25,33912.65,0
2021-05-18 10:33:26,33912.1,0
2021-05-18 10:33:27,33908.0,0
2021-05-18 10:33:28,33910.3,0
2021-05-18 10:33:29,33910.0,0
2021-05-18 10:33:30,33911.05,0
2021-05-18 10:33:32,33911.65,0
2021-05-18 10:33:33,33906.8,0
2021-05-18 10:33:34,33902.0,0
2021-05-18 10:33:35,33903.4,0
2021-05-18 10:33:36,33903.8,0
2021-05-18 10:33:37,33899.3,0
2021-05-18 10:33:38,33901.6,0
2021-05-18 10:33:39,33900.5,0
2021-05-18 10:33:40,33900.2,0
2021-05-18 10:33:41,33904.1,0
2021-05-18 10:33:43,33903.45,0
2021-05-18 10:33:44,33902.9,0
2021-05-18 10:33:45,33900.25,0
2021-05-18 10:33:46,33903.9,0
2021-05-18 10:33:47,33905.05,0
2021-05-18 10:33:48,33902.05,0
2021-05-18 10:33:49,33907.15,0
2021-05-18 10:33:50,33902.15,0
2021-05-18 10:33:51,33908.15,0
2021-05-18 10:33:52,33907.75,0
2021-05-18 10:33:53,33907.1,0
2021-05-18 10:33:54,33911.05,0
2021-05-18 10:33:55,33912.75,0
2021-05-18 10:33:56,33915.7,0
2021-05-18 10:33:57,33913.2,0
2021-05-18 10:33:58,33909.75,0
2021-05-18 10:33:59,33913.75,0
2021-05-18 10:34:00,33913.45,0
2021-05-18 10:34:01,33914.8,0
2021-05-18 10:34:02,33915.3,0
2021-05-18 10:34:03,33911.8,0
2021-05-18 10:34:04,33913.55,0
2021-05-18 10:34:05,33914.5,0
2021-05-18 10:34:06,33915.15,0
2021-05-18 10:34:07,33917.65,0
2021-05-18 10:34:08,33918.3,0
2021-05-18 10:34:09,33915.95,0
2021-05-18 10:34:10,33916.2,0
2021-05-18 10:34:11,33919.65,0
2021-05-18 10:34:13,33915.2,0
2021-05-18 10:34:15,33918.85,0
2021-05-18 10:34:16,33915.3,0
2021-05-18 10:34:17,33915.25,0
2021-05-18 10:34:18,33916.25,0
2021-05-18 10:34:19,33920.45,0
2021-05-18 10:34:20,33915.95,0
2021-05-18 10:34:21,33917.7,0
2021-05-18 10:34:22,33911.6,0
2021-05-18 10:34:23,33914.3,0
2021-05-18 10:34:25,33913.4,0
2021-05-18 10:34:26,33912.9,0
2021-05-18 10:34:27,33906.3,0
2021-05-18 10:34:28,33905.4,0
2021-05-18 10:34:29,33908.85,0
2021-05-18 10:34:32,33903.05,0
2021-05-18 10:34:33,33910.9,0
2021-05-18 10:34:34,33908.1,0
2021-05-18 10:34:35,33908.5,0
2021-05-18 10:34:36,33911.3,0
2021-05-18 10:34:38,33908.25,0
2021-05-18 10:34:39,33909.95,0
2021-05-18 10:34:40,33909.6,0
2021-05-18 10:34:41,33905.45,0
2021-05-18 10:34:42,33905.95,0
2021-05-18 10:34:43,33907.15,0
2021-05-18 10:34:44,33912.5,0
2021-05-18 10:34:46,33908.0,0
2021-05-18 10:34:47,33911.65,0
2021-05-18 10:34:48,33910.15,0
2021-05-18 10:34:49,33909.7,0
2021-05-18 10:34:50,33913.15,0
2021-05-18 10:34:51,33911.25,0
2021-05-18 10:34:52,33912.2,0
2021-05-18 10:34:53,33911.2,0
2021-05-18 10:34:55,33912.75,0
2021-05-18 10:34:56,33914.1,0
2021-05-18 10:34:57,33910.95,0
2021-05-18 10:34:58,33913.2,0
2021-05-18 10:34:59,33910.65,0
2021-05-18 10:35:00,33913.5,0
2021-05-18 10:35:01,33909.95,0
2021-05-18 10:35:04,33904.2,0
2021-05-18 10:35:05,33907.65,0
2021-05-18 10:35:06,33905.9,0
2021-05-18 10:35:08,33906.45,0
2021-05-18 10:35:09,33907.35,0
2021-05-18 10:35:10,33904.45,0
2021-05-18 10:35:11,33906.4,0
2021-05-18 10:35:12,33904.3,0
2021-05-18 10:35:13,33902.35,0
2021-05-18 10:35:14,33904.55,0
2021-05-18 10:35:15,33902.95,0
2021-05-18 10:35:16,33903.15,0
2021-05-18 10:35:17,33903.4,0
2021-05-18 10:35:18,33903.7,0
2021-05-18 10:35:19,33901.9,0
2021-05-18 10:35:20,33903.3,0
2021-05-18 10:35:21,33902.2,0
2021-05-18 10:35:22,33901.7,0
2021-05-18 10:35:23,33903.0,0
2021-05-18 10:35:24,33906.55,0
2021-05-18 10:35:25,33907.5,0
2021-05-18 10:35:26,33902.4,0
2021-05-18 10:35:28,33908.6,0
2021-05-18 10:35:29,33904.65,0
2021-05-18 10:35:30,33904.45,0
2021-05-18 10:35:31,33904.05,0
2021-05-18 10:35:32,33905.85,0
2021-05-18 10:35:34,33905.2,0
2021-05-18 10:35:35,33908.1,0
2021-05-18 10:35:36,33907.35,0
2021-05-18 10:35:37,33902.4,0
2021-05-18 10:35:38,33903.25,0
2021-05-18 10:35:39,33902.35,0
2021-05-18 10:35:40,33906.55,0
2021-05-18 10:35:41,33901.15,0
2021-05-18 10:35:42,33900.0,0
2021-05-18 10:35:43,33901.55,0
2021-05-18 10:35:44,33903.8,0
2021-05-18 10:35:45,33900.0,0
2021-05-18 10:35:46,33902.8,0
2021-05-18 10:35:47,33901.25,0
2021-05-18 10:35:48,33899.8,0
2021-05-18 10:35:49,33895.75,0
2021-05-18 10:35:50,33894.15,0
2021-05-18 10:35:51,33894.15,0
2021-05-18 10:35:52,33898.15,0
2021-05-18 10:35:53,33891.05,0
2021-05-18 10:35:55,33891.2,0
2021-05-18 10:35:56,33886.2,0
2021-05-18 10:35:57,33881.5,0
2021-05-18 10:35:58,33878.65,0
2021-05-18 10:35:59,33882.25,0
2021-05-18 10:36:00,33876.75,0
2021-05-18 10:36:02,33879.95,0
2021-05-18 10:36:03,33886.55,0
2021-05-18 10:36:04,33886.65,0
2021-05-18 10:36:06,33886.2,0
2021-05-18 10:36:07,33888.0,0
2021-05-18 10:36:08,33889.25,0
2021-05-18 10:36:09,33889.4,0
2021-05-18 10:36:10,33888.6,0
2021-05-18 10:36:11,33889.05,0
2021-05-18 10:36:12,33893.7,0
2021-05-18 10:36:13,33890.15,0
2021-05-18 10:36:14,33890.2,0
2021-05-18 10:36:15,33885.2,0
2021-05-18 10:36:16,33889.25,0
2021-05-18 10:36:17,33892.8,0
2021-05-18 10:36:18,33892.4,0
2021-05-18 10:36:19,33889.05,0
2021-05-18 10:36:20,33892.05,0
2021-05-18 10:36:22,33890.75,0
2021-05-18 10:36:23,33894.3,0
2021-05-18 10:36:24,33893.6,0
2021-05-18 10:36:25,33898.2,0
2021-05-18 10:36:26,33894.4,0
2021-05-18 10:36:27,33896.6,0
2021-05-18 10:36:28,33899.95,0
2021-05-18 10:36:29,33894.95,0
2021-05-18 10:36:30,33899.1,0
2021-05-18 10:36:31,33903.55,0
2021-05-18 10:36:32,33901.4,0
2021-05-18 10:36:33,33902.0,0
2021-05-18 10:36:34,33903.95,0
2021-05-18 10:36:36,33902.75,0
2021-05-18 10:36:37,33902.25,0
2021-05-18 10:36:38,33900.45,0
2021-05-18 10:36:39,33902.35,0
2021-05-18 10:36:40,33904.75,0
2021-05-18 10:36:41,33904.85,0
2021-05-18 10:36:43,33903.15,0
2021-05-18 10:36:45,33907.75,0
2021-05-18 10:36:47,33905.45,0
2021-05-18 10:36:48,33906.7,0
2021-05-18 10:36:49,33906.6,0
2021-05-18 10:36:50,33906.9,0
2021-05-18 10:36:51,33906.4,0
2021-05-18 10:36:52,33911.7,0
2021-05-18 10:36:53,33912.75,0
2021-05-18 10:36:54,33909.1,0
2021-05-18 10:36:55,33911.05,0
2021-05-18 10:36:56,33915.05,0
2021-05-18 10:36:57,33910.9,0
2021-05-18 10:36:58,33910.55,0
2021-05-18 10:36:59,33913.05,0
2021-05-18 10:37:00,33914.95,0
2021-05-18 10:37:01,33910.55,0
2021-05-18 10:37:02,33910.45,0
2021-05-18 10:37:03,33909.7,0
2021-05-18 10:37:04,33915.1,0
2021-05-18 10:37:07,33910.3,0
2021-05-18 10:37:08,33913.35,0
2021-05-18 10:37:09,33915.9,0
2021-05-18 10:37:10,33915.75,0
2021-05-18 10:37:11,33913.45,0
2021-05-18 10:37:12,33911.4,0
2021-05-18 10:37:13,33910.3,0
2021-05-18 10:37:14,33910.15,0
2021-05-18 10:37:15,33912.15,0
2021-05-18 10:37:16,33912.6,0
2021-05-18 10:37:17,33909.75,0
2021-05-18 10:37:18,33909.8,0
2021-05-18 10:37:19,33908.85,0
2021-05-18 10:37:20,33914.15,0
2021-05-18 10:37:21,33911.8,0
2021-05-18 10:37:22,33910.9,0
2021-05-18 10:37:23,33910.55,0
2021-05-18 10:37:24,33910.7,0
2021-05-18 10:37:25,33910.75,0
2021-05-18 10:37:26,33912.95,0
2021-05-18 10:37:27,33912.8,0
2021-05-18 10:37:28,33909.25,0
2021-05-18 10:37:29,33910.1,0
2021-05-18 10:37:31,33908.75,0
2021-05-18 10:37:32,33912.8,0
2021-05-18 10:37:34,33911.7,0
2021-05-18 10:37:35,33911.35,0
2021-05-18 10:37:36,33912.95,0
2021-05-18 10:37:37,33911.7,0
2021-05-18 10:37:38,33911.9,0
2021-05-18 10:37:39,33916.65,0
2021-05-18 10:37:40,33916.5,0
2021-05-18 10:37:41,33911.9,0
2021-05-18 10:37:42,33915.35,0
2021-05-18 10:37:43,33917.65,0
2021-05-18 10:37:44,33920.35,0
2021-05-18 10:37:45,33917.9,0
2021-05-18 10:37:46,33919.9,0
2021-05-18 10:37:47,33921.6,0
2021-05-18 10:37:48,33921.55,0
2021-05-18 10:37:49,33921.55,0
2021-05-18 10:37:50,33919.8,0
2021-05-18 10:37:51,33920.7,0
2021-05-18 10:37:52,33924.2,0
2021-05-18 10:37:53,33924.45,0
2021-05-18 10:37:54,33927.9,0
2021-05-18 10:37:55,33927.6,0
2021-05-18 10:37:56,33927.0,0
2021-05-18 10:37:57,33926.5,0
2021-05-18 10:37:58,33926.4,0
2021-05-18 10:37:59,33926.9,0
2021-05-18 10:38:00,33927.45,0
2021-05-18 10:38:01,33925.35,0
2021-05-18 10:38:02,33923.7,0
2021-05-18 10:38:03,33925.35,0
2021-05-18 10:38:04,33927.25,0
2021-05-18 10:38:06,33924.8,0
2021-05-18 10:38:07,33924.7,0
2021-05-18 10:38:08,33925.45,0
2021-05-18 10:38:09,33926.4,0
2021-05-18 10:38:10,33925.2,0
2021-05-18 10:38:11,33924.4,0
2021-05-18 10:38:12,33927.2,0
2021-05-18 10:38:13,33925.15,0
2021-05-18 10:38:14,33926.65,0
2021-05-18 10:38:15,33927.75,0
2021-05-18 10:38:16,33924.9,0
2021-05-18 10:38:17,33927.25,0
2021-05-18 10:38:18,33916.1,0
2021-05-18 10:38:19,33921.7,0
2021-05-18 10:38:20,33921.65,0
2021-05-18 10:38:21,33914.7,0
2021-05-18 10:38:22,33918.9,0
2021-05-18 10:38:23,33913.8,0
2021-05-18 10:38:24,33920.25,0
2021-05-18 10:38:25,33921.5,0
2021-05-18 10:38:26,33920.75,0
2021-05-18 10:38:27,33917.0,0
2021-05-18 10:38:28,33920.35,0
2021-05-18 10:38:29,33915.1,0
2021-05-18 10:38:30,33914.1,0
2021-05-18 10:38:31,33915.55,0
2021-05-18 10:38:33,33920.45,0
2021-05-18 10:38:34,33915.55,0
2021-05-18 10:38:35,33920.8,0
2021-05-18 10:38:36,33918.3,0
2021-05-18 10:38:37,33918.9,0
2021-05-18 10:38:38,33915.5,0
2021-05-18 10:38:39,33915.4,0
2021-05-18 10:38:40,33914.15,0
2021-05-18 10:38:42,33917.85,0
2021-05-18 10:38:44,33917.9,0
2021-05-18 10:38:45,33916.5,0
2021-05-18 10:38:46,33913.45,0
2021-05-18 10:38:47,33917.65,0
2021-05-18 10:38:48,33918.95,0
2021-05-18 10:38:49,33917.0,0
2021-05-18 10:38:51,33916.5,0
2021-05-18 10:38:52,33916.15,0
2021-05-18 10:38:53,33917.75,0
2021-05-18 10:38:54,33914.25,0
2021-05-18 10:38:55,33914.85,0
2021-05-18 10:38:56,33917.3,0
2021-05-18 10:38:57,33913.5,0
2021-05-18 10:38:58,33916.9,0
2021-05-18 10:38:59,33915.1,0
2021-05-18 10:39:01,33915.65,0
2021-05-18 10:39:02,33916.15,0
2021-05-18 10:39:03,33916.7,0
2021-05-18 10:39:04,33918.75,0
2021-05-18 10:39:05,33918.45,0
2021-05-18 10:39:06,33919.25,0
2021-05-18 10:39:07,33920.15,0
2021-05-18 10:39:08,33920.95,0
2021-05-18 10:39:10,33922.05,0
2021-05-18 10:39:11,33919.7,0
2021-05-18 10:39:12,33919.0,0
2021-05-18 10:39:13,33917.0,0
2021-05-18 10:39:14,33917.85,0
2021-05-18 10:39:15,33919.25,0
2021-05-18 10:39:17,33920.65,0
2021-05-18 10:39:18,33917.75,0
2021-05-18 10:39:20,33922.15,0
2021-05-18 10:39:21,33922.05,0
2021-05-18 10:39:22,33920.3,0
2021-05-18 10:39:24,33920.65,0
2021-05-18 10:39:25,33919.75,0
2021-05-18 10:39:26,33918.8,0
2021-05-18 10:39:27,33917.15,0
2021-05-18 10:39:28,33918.5,0
2021-05-18 10:39:30,33920.3,0
2021-05-18 10:39:31,33917.35,0
2021-05-18 10:39:32,33918.65,0
2021-05-18 10:39:33,33915.9,0
2021-05-18 10:39:34,33915.2,0
2021-05-18 10:39:35,33918.5,0
2021-05-18 10:39:36,33918.0,0
2021-05-18 10:39:37,33918.7,0
2021-05-18 10:39:38,33918.45,0
2021-05-18 10:39:39,33920.85,0
2021-05-18 10:39:40,33921.8,0
2021-05-18 10:39:41,33918.8,0
2021-05-18 10:39:42,33921.3,0
2021-05-18 10:39:43,33922.8,0
2021-05-18 10:39:44,33922.75,0
2021-05-18 10:39:45,33917.85,0
2021-05-18 10:39:46,33920.95,0
2021-05-18 10:39:47,33917.85,0
2021-05-18 10:39:50,33924.1,0
2021-05-18 10:39:51,33924.6,0
2021-05-18 10:39:52,33928.4,0
2021-05-18 10:39:55,33928.65,0
2021-05-18 10:39:56,33929.3,0
2021-05-18 10:39:57,33930.1,0
2021-05-18 10:39:58,33930.7,0
2021-05-18 10:39:59,33932.8,0
2021-05-18 10:40:00,33930.05,0
2021-05-18 10:40:01,33934.25,0
2021-05-18 10:40:02,33933.7,0
2021-05-18 10:40:03,33931.1,0
2021-05-18 10:40:04,33936.65,0
2021-05-18 10:40:05,33936.7,0
2021-05-18 10:40:06,33937.8,0
2021-05-18 10:40:07,33936.55,0
2021-05-18 10:40:08,33934.55,0
2021-05-18 10:40:09,33933.1,0
2021-05-18 10:40:10,33932.4,0
2021-05-18 10:40:11,33930.1,0
2021-05-18 10:40:12,33928.15,0
2021-05-18 10:40:13,33931.05,0
2021-05-18 10:40:14,33929.9,0
2021-05-18 10:40:15,33932.4,0
2021-05-18 10:40:16,33932.95,0
2021-05-18 10:40:17,33933.8,0
2021-05-18 10:40:18,33932.4,0
2021-05-18 10:40:19,33933.7,0
2021-05-18 10:40:20,33934.45,0
2021-05-18 10:40:21,33932.15,0
2021-05-18 10:40:22,33932.55,0
2021-05-18 10:40:24,33933.1,0
2021-05-18 10:40:25,33931.15,0
2021-05-18 10:40:26,33930.8,0
2021-05-18 10:40:27,33930.65,0
2021-05-18 10:40:28,33933.3,0
2021-05-18 10:40:29,33935.5,0
2021-05-18 10:40:30,33936.75,0
2021-05-18 10:40:31,33936.75,0
2021-05-18 10:40:32,33938.55,0
2021-05-18 10:40:33,33937.2,0
2021-05-18 10:40:34,33940.3,0
2021-05-18 10:40:35,33941.7,0
2021-05-18 10:40:36,33940.9,0
2021-05-18 10:40:37,33940.55,0
2021-05-18 10:40:38,33941.5,0
2021-05-18 10:40:40,33941.6,0
2021-05-18 10:40:41,33939.5,0
2021-05-18 10:40:42,33941.15,0
2021-05-18 10:40:43,33938.65,0
2021-05-18 10:40:44,33940.65,0
2021-05-18 10:40:45,33943.6,0
2021-05-18 10:40:46,33941.85,0
2021-05-18 10:40:47,33943.45,0
2021-05-18 10:40:50,33948.9,0
2021-05-18 10:40:51,33949.05,0
2021-05-18 10:40:52,33950.95,0
2021-05-18 10:40:53,33946.5,0
2021-05-18 10:40:54,33944.7,0
2021-05-18 10:40:55,33944.45,0
2021-05-18 10:40:56,33948.65,0
2021-05-18 10:40:57,33943.2,0
2021-05-18 10:40:58,33944.55,0
2021-05-18 10:40:59,33943.7,0
2021-05-18 10:41:00,33944.85,0
2021-05-18 10:41:01,33945.75,0
2021-05-18 10:41:02,33944.85,0
2021-05-18 10:41:03,33946.2,0
2021-05-18 10:41:04,33946.2,0
2021-05-18 10:41:05,33946.9,0
2021-05-18 10:41:06,33944.35,0
2021-05-18 10:41:08,33947.0,0
2021-05-18 10:41:09,33947.95,0
2021-05-18 10:41:10,33946.45,0
2021-05-18 10:41:12,33942.85,0
2021-05-18 10:41:13,33944.25,0
2021-05-18 10:41:14,33941.75,0
2021-05-18 10:41:15,33941.1,0
2021-05-18 10:41:16,33945.25,0
2021-05-18 10:41:17,33944.8,0
2021-05-18 10:41:18,33946.65,0
2021-05-18 10:41:19,33944.8,0
2021-05-18 10:41:20,33943.55,0
2021-05-18 10:41:21,33944.05,0
2021-05-18 10:41:22,33943.55,0
2021-05-18 10:41:23,33945.05,0
2021-05-18 10:41:24,33946.45,0
2021-05-18 10:41:25,33945.05,0
2021-05-18 10:41:26,33941.5,0
2021-05-18 10:41:27,33945.2,0
2021-05-18 10:41:28,33945.6,0
2021-05-18 10:41:29,33944.2,0
2021-05-18 10:41:30,33943.85,0
2021-05-18 10:41:31,33943.55,0
2021-05-18 10:41:32,33946.5,0
2021-05-18 10:41:33,33945.0,0
2021-05-18 10:41:34,33940.7,0
2021-05-18 10:41:35,33944.55,0
2021-05-18 10:41:37,33939.25,0
2021-05-18 10:41:38,33936.85,0
2021-05-18 10:41:39,33936.0,0
2021-05-18 10:41:40,33937.1,0
2021-05-18 10:41:41,33937.3,0
2021-05-18 10:41:42,33935.6,0
2021-05-18 10:41:43,33936.95,0
2021-05-18 10:41:44,33937.0,0
2021-05-18 10:41:45,33935.5,0
2021-05-18 10:41:46,33933.9,0
2021-05-18 10:41:47,33932.35,0
2021-05-18 10:41:48,33936.05,0
2021-05-18 10:41:49,33932.3,0
2021-05-18 10:41:50,33932.8,0
2021-05-18 10:41:51,33930.3,0
2021-05-18 10:41:52,33931.3,0
2021-05-18 10:41:53,33925.4,0
2021-05-18 10:41:54,33922.25,0
2021-05-18 10:41:55,33924.75,0
2021-05-18 10:41:57,33927.15,0
2021-05-18 10:41:58,33924.55,0
2021-05-18 10:41:59,33928.55,0
2021-05-18 10:42:00,33928.55,0
2021-05-18 10:42:01,33926.9,0
2021-05-18 10:42:02,33930.15,0
2021-05-18 10:42:03,33933.5,0
2021-05-18 10:42:04,33934.15,0
2021-05-18 10:42:05,33935.05,0
2021-05-18 10:42:06,33932.85,0
2021-05-18 10:42:07,33934.9,0
2021-05-18 10:42:08,33930.8,0
2021-05-18 10:42:09,33935.95,0
2021-05-18 10:42:10,33935.9,0
2021-05-18 10:42:11,33936.35,0
2021-05-18 10:42:12,33934.95,0
2021-05-18 10:42:13,33934.1,0
2021-05-18 10:42:14,33934.85,0
2021-05-18 10:42:15,33927.65,0
2021-05-18 10:42:16,33930.8,0
2021-05-18 10:42:17,33932.0,0
2021-05-18 10:42:18,33930.35,0
2021-05-18 10:42:19,33931.0,0
2021-05-18 10:42:20,33933.4,0
2021-05-18 10:42:21,33932.7,0
2021-05-18 10:42:22,33933.75,0
2021-05-18 10:42:23,33933.05,0
2021-05-18 10:42:24,33934.35,0
2021-05-18 10:42:25,33934.1,0
2021-05-18 10:42:26,33935.65,0
2021-05-18 10:42:27,33936.8,0
2021-05-18 10:42:28,33936.55,0
2021-05-18 10:42:29,33935.9,0
2021-05-18 10:42:30,33932.85,0
2021-05-18 10:42:31,33939.7,0
2021-05-18 10:42:32,33939.9,0
2021-05-18 10:42:33,33939.95,0
2021-05-18 10:42:34,33935.1,0
2021-05-18 10:42:35,33934.85,0
2021-05-18 10:42:36,33937.7,0
2021-05-18 10:42:37,33936.85,0
2021-05-18 10:42:39,33936.25,0
2021-05-18 10:42:40,33935.75,0
2021-05-18 10:42:41,33936.95,0
2021-05-18 10:42:42,33935.45,0
2021-05-18 10:42:43,33934.45,0
2021-05-18 10:42:44,33936.95,0
2021-05-18 10:42:45,33935.2,0
2021-05-18 10:42:46,33934.35,0
2021-05-18 10:42:47,33935.7,0
2021-05-18 10:42:48,33938.15,0
2021-05-18 10:42:49,33938.6,0
2021-05-18 10:42:50,33939.95,0
2021-05-18 10:42:51,33938.9,0
2021-05-18 10:42:52,33939.75,0
2021-05-18 10:42:53,33938.3,0
2021-05-18 10:42:54,33939.3,0
2021-05-18 10:42:55,33938.85,0
2021-05-18 10:42:56,33938.35,0
2021-05-18 10:42:57,33938.45,0
2021-05-18 10:42:58,33941.0,0
2021-05-18 10:42:59,33938.75,0
2021-05-18 10:43:00,33937.65,0
2021-05-18 10:43:01,33939.55,0
2021-05-18 10:43:02,33939.65,0
2021-05-18 10:43:03,33938.55,0
2021-05-18 10:43:05,33939.25,0
2021-05-18 10:43:06,33940.2,0
2021-05-18 10:43:07,33940.75,0
2021-05-18 10:43:08,33942.05,0
2021-05-18 10:43:09,33943.9,0
2021-05-18 10:43:10,33941.85,0
2021-05-18 10:43:11,33942.65,0
2021-05-18 10:43:13,33942.0,0
2021-05-18 10:43:14,33942.25,0
2021-05-18 10:43:15,33940.8,0
2021-05-18 10:43:16,33940.2,0
2021-05-18 10:43:17,33940.35,0
2021-05-18 10:43:18,33944.8,0
2021-05-18 10:43:19,33943.55,0
2021-05-18 10:43:20,33942.15,0
2021-05-18 10:43:21,33945.25,0
2021-05-18 10:43:23,33947.1,0
2021-05-18 10:43:24,33945.4,0
2021-05-18 10:43:25,33949.05,0
2021-05-18 10:43:26,33947.2,0
2021-05-18 10:43:27,33947.55,0
2021-05-18 10:43:28,33948.3,0
2021-05-18 10:43:29,33947.35,0
2021-05-18 10:43:30,33947.15,0
2021-05-18 10:43:31,33947.35,0
2021-05-18 10:43:32,33948.05,0
2021-05-18 10:43:33,33947.85,0
2021-05-18 10:43:34,33948.9,0
2021-05-18 10:43:35,33948.15,0
2021-05-18 10:43:36,33946.9,0
2021-05-18 10:43:37,33948.05,0
2021-05-18 10:43:38,33949.45,0
2021-05-18 10:43:39,33948.05,0
2021-05-18 10:43:41,33948.5,0
2021-05-18 10:43:42,33948.85,0
2021-05-18 10:43:43,33947.8,0
2021-05-18 10:43:44,33949.85,0
2021-05-18 10:43:45,33949.75,0
2021-05-18 10:43:47,33949.2,0
2021-05-18 10:43:48,33950.95,0
2021-05-18 10:43:49,33949.45,0
2021-05-18 10:43:50,33951.2,0
2021-05-18 10:43:51,33949.1,0
2021-05-18 10:43:52,33952.1,0
2021-05-18 10:43:53,33950.6,0
2021-05-18 10:43:57,33953.45,0
2021-05-18 10:43:58,33953.75,0
2021-05-18 10:44:01,33958.35,0
2021-05-18 10:44:02,33956.35,0
2021-05-18 10:44:03,33957.2,0
2021-05-18 10:44:04,33959.05,0
2021-05-18 10:44:05,33962.0,0
2021-05-18 10:44:06,33965.45,0
2021-05-18 10:44:09,33954.5,0
2021-05-18 10:44:10,33954.45,0
2021-05-18 10:44:12,33953.8,0
2021-05-18 10:44:13,33955.5,0
