timestamp,ltp,volume
2021-05-27 09:25:20,762.1,612238
2021-05-27 09:25:21,762.0,612736
2021-05-27 09:25:22,762.0,612737
2021-05-27 09:25:23,762.0,612737
2021-05-27 09:25:25,761.7,613639
2021-05-27 09:25:26,761.7,614124
2021-05-27 09:25:27,761.65,614483
2021-05-27 09:25:28,761.85,614749
2021-05-27 09:25:29,761.0,627704
2021-05-27 09:25:30,761.2,627931
2021-05-27 09:25:31,761.2,627931
2021-05-27 09:25:32,761.55,628343
2021-05-27 09:25:33,761.7,628878
2021-05-27 09:25:35,760.9,642733
2021-05-27 09:25:36,760.9,644031
2021-05-27 09:25:37,761.15,644058
2021-05-27 09:25:38,761.15,645483
2021-05-27 09:25:40,761.25,650866
2021-05-27 09:25:40,760.8,652247
2021-05-27 09:25:41,761.1,652634
2021-05-27 09:25:42,760.9,656941
2021-05-27 09:25:43,760.0,670678
2021-05-27 09:25:44,760.45,682860
2021-05-27 09:25:45,760.5,682883
2021-05-27 09:25:46,760.0,683668
2021-05-27 09:25:47,760.0,683916
2021-05-27 09:25:48,760.3,684007
2021-05-27 09:25:49,760.0,687856
2021-05-27 09:25:50,759.85,688915
2021-05-27 09:25:51,759.5,689157
2021-05-27 09:25:52,759.8,691571
2021-05-27 09:25:53,759.7,691900
2021-05-27 09:25:54,759.9,692336
2021-05-27 09:25:55,760.55,698357
2021-05-27 09:25:56,760.0,699200
2021-05-27 09:25:57,760.35,699350
2021-05-27 09:25:58,759.75,700257
2021-05-27 09:26:01,759.7,701448
2021-05-27 09:26:02,759.9,705061
2021-05-27 09:26:03,759.95,705331
2021-05-27 09:26:04,759.6,705371
2021-05-27 09:26:05,759.95,705536
2021-05-27 09:26:06,759.95,705552
2021-05-27 09:26:07,759.65,707255
2021-05-27 09:26:08,759.45,707975
2021-05-27 09:26:09,759.75,708776
2021-05-27 09:26:10,759.5,708912
2021-05-27 09:26:11,759.5,708939
2021-05-27 09:26:12,759.7,709227
2021-05-27 09:26:13,759.75,709279
2021-05-27 09:26:14,759.75,710340
2021-05-27 09:26:15,759.7,710779
2021-05-27 09:26:16,759.9,711547
2021-05-27 09:26:18,759.8,713643
2021-05-27 09:26:19,759.5,715600
2021-05-27 09:26:20,759.2,716050
2021-05-27 09:26:21,759.2,716213
2021-05-27 09:26:22,759.45,716514
2021-05-27 09:26:23,759.05,717367
2021-05-27 09:26:24,758.8,720429
2021-05-27 09:26:25,758.9,720562
2021-05-27 09:26:27,759.0,722819
2021-05-27 09:26:28,759.4,723042
2021-05-27 09:26:29,758.85,723467
2021-05-27 09:26:30,759.25,724697
2021-05-27 09:26:31,759.25,725381
2021-05-27 09:26:32,759.25,725625
2021-05-27 09:26:33,758.85,726355
2021-05-27 09:26:34,759.25,726451
2021-05-27 09:26:35,759.15,727611
2021-05-27 09:26:36,759.3,727974
2021-05-27 09:26:37,759.25,729774
2021-05-27 09:26:38,759.5,730437
2021-05-27 09:26:39,760.0,734616
2021-05-27 09:26:40,759.6,735371
2021-05-27 09:26:41,759.25,735677
2021-05-27 09:26:42,759.15,736519
2021-05-27 09:26:43,759.15,736523
2021-05-27 09:26:44,758.5,740005
2021-05-27 09:26:45,758.75,740270
2021-05-27 09:26:47,758.85,740559
2021-05-27 09:26:48,758.85,741042
2021-05-27 09:26:49,759.0,741343
2021-05-27 09:26:50,759.0,741644
2021-05-27 09:26:51,758.9,742463
2021-05-27 09:26:52,758.45,742794
2021-05-27 09:26:53,758.8,742992
2021-05-27 09:26:54,758.8,743105
2021-05-27 09:26:55,758.65,743223
2021-05-27 09:26:56,758.55,743523
2021-05-27 09:26:57,759.0,744050
2021-05-27 09:26:58,758.9,744126
2021-05-27 09:26:59,759.4,746421
2021-05-27 09:27:00,759.45,746441
2021-05-27 09:27:01,759.0,746759
2021-05-27 09:27:02,759.0,746759
2021-05-27 09:27:03,759.0,746759
2021-05-27 09:27:04,758.95,747290
2021-05-27 09:27:04,759.0,747501
2021-05-27 09:27:06,759.25,748015
2021-05-27 09:27:07,759.0,748090
2021-05-27 09:27:08,758.9,748220
2021-05-27 09:27:09,758.95,749231
2021-05-27 09:27:10,758.95,749639
2021-05-27 09:27:11,758.9,749689
2021-05-27 09:27:12,758.95,749757
2021-05-27 09:27:13,759.0,750902
2021-05-27 09:27:14,759.0,750904
2021-05-27 09:27:15,759.35,752895
2021-05-27 09:27:16,759.35,753081
2021-05-27 09:27:17,759.35,753152
2021-05-27 09:27:19,759.7,754043
2021-05-27 09:27:20,759.55,754181
2021-05-27 09:27:21,759.8,754194
2021-05-27 09:27:22,759.85,754994
2021-05-27 09:27:23,759.55,755260
2021-05-27 09:27:24,759.85,755360
2021-05-27 09:27:25,759.8,755637
2021-05-27 09:27:26,759.55,755697
2021-05-27 09:27:27,759.75,756197
2021-05-27 09:27:28,759.55,756531
2021-05-27 09:27:29,759.5,757112
2021-05-27 09:27:30,759.5,757225
2021-05-27 09:27:31,759.55,757559
2021-05-27 09:27:32,759.85,757693
2021-05-27 09:27:33,759.65,757711
2021-05-27 09:27:37,759.85,759003
2021-05-27 09:27:38,759.55,759004
2021-05-27 09:27:39,759.75,759007
2021-05-27 09:27:40,759.75,759218
2021-05-27 09:27:42,759.1,761606
2021-05-27 09:27:43,759.2,761861
2021-05-27 09:27:44,759.3,761965
2021-05-27 09:27:45,759.3,762285
2021-05-27 09:27:46,759.15,762322
2021-05-27 09:27:47,759.5,762408
2021-05-27 09:27:48,759.5,762449
2021-05-27 09:27:49,759.5,762517
2021-05-27 09:27:50,759.6,763023
2021-05-27 09:27:51,759.0,768743
2021-05-27 09:27:52,759.25,769319
2021-05-27 09:27:53,759.25,769422
2021-05-27 09:27:55,759.0,769572
2021-05-27 09:27:56,759.3,769604
2021-05-27 09:27:56,759.45,769624
2021-05-27 09:27:58,759.3,770016
2021-05-27 09:27:59,759.15,770292
2021-05-27 09:28:00,759.3,770506
2021-05-27 09:28:01,759.3,772099
2021-05-27 09:28:02,760.2,777830
2021-05-27 09:28:03,760.2,778025
2021-05-27 09:28:04,760.5,778108
2021-05-27 09:28:05,760.15,778599
2021-05-27 09:28:06,760.1,778737
2021-05-27 09:28:07,760.5,778786
2021-05-27 09:28:07,760.5,778859
2021-05-27 09:28:09,761.0,780612
2021-05-27 09:28:09,760.6,780662
2021-05-27 09:28:10,761.0,781471
2021-05-27 09:28:12,761.0,781801
2021-05-27 09:28:12,761.0,781802
2021-05-27 09:28:13,760.65,781858
2021-05-27 09:28:15,760.95,782029
2021-05-27 09:28:16,761.0,782132
2021-05-27 09:28:17,760.9,782852
2021-05-27 09:28:18,760.9,782857
2021-05-27 09:28:19,760.8,783009
2021-05-27 09:28:20,761.0,783412
2021-05-27 09:28:21,761.0,783550
2021-05-27 09:28:23,761.0,785114
2021-05-27 09:28:24,761.05,785124
2021-05-27 09:28:25,761.35,785350
2021-05-27 09:28:26,761.0,785458
2021-05-27 09:28:27,761.4,786258
2021-05-27 09:28:28,761.4,786258
2021-05-27 09:28:29,761.35,786558
2021-05-27 09:28:30,761.3,786883
2021-05-27 09:28:31,761.35,786993
2021-05-27 09:28:32,761.0,787023
2021-05-27 09:28:33,761.35,788536
2021-05-27 09:28:34,761.3,788537
2021-05-27 09:28:35,760.6,791037
2021-05-27 09:28:35,761.0,791481
2021-05-27 09:28:36,761.1,791598
2021-05-27 09:28:38,760.8,791673
2021-05-27 09:28:38,760.55,791679
2021-05-27 09:28:40,760.65,792170
2021-05-27 09:28:41,760.55,792573
2021-05-27 09:28:42,760.45,793083
2021-05-27 09:28:43,760.2,793133
2021-05-27 09:28:44,760.2,793295
2021-05-27 09:28:45,760.2,793295
2021-05-27 09:28:46,760.2,793380
2021-05-27 09:28:47,759.9,796048
2021-05-27 09:28:48,760.15,796550
2021-05-27 09:28:49,759.8,797622
2021-05-27 09:28:50,759.5,797647
2021-05-27 09:28:51,759.8,797719
2021-05-27 09:28:52,759.0,802780
2021-05-27 09:28:53,759.0,802780
2021-05-27 09:28:54,759.7,802790
2021-05-27 09:28:55,759.75,803027
2021-05-27 09:28:56,759.0,806869
2021-05-27 09:28:57,759.0,806869
2021-05-27 09:28:58,759.3,806912
2021-05-27 09:28:59,759.7,807412
2021-05-27 09:29:00,759.7,807412
2021-05-27 09:29:01,759.7,807412
2021-05-27 09:29:02,759.75,807583
2021-05-27 09:29:03,759.75,807583
2021-05-27 09:29:04,759.75,807583
2021-05-27 09:29:04,760.0,807623
2021-05-27 09:29:05,760.0,807623
2021-05-27 09:29:06,759.95,807818
2021-05-27 09:29:07,759.95,807818
2021-05-27 09:29:09,759.95,807818
2021-05-27 09:29:10,760.6,808041
2021-05-27 09:29:11,760.2,808049
2021-05-27 09:29:12,760.55,808094
2021-05-27 09:29:13,759.95,810044
2021-05-27 09:29:14,759.9,810144
2021-05-27 09:29:15,759.55,820311
2021-05-27 09:29:16,759.6,823151
2021-05-27 09:29:17,759.45,828701
2021-05-27 09:29:18,759.6,829003
2021-05-27 09:29:19,759.85,829417
2021-05-27 09:29:20,759.9,829447
2021-05-27 09:29:21,759.9,829514
2021-05-27 09:29:22,759.9,829519
2021-05-27 09:29:23,759.95,829574
2021-05-27 09:29:24,759.8,829775
2021-05-27 09:29:25,759.8,830076
2021-05-27 09:29:26,759.95,833080
2021-05-27 09:29:27,759.75,833311
2021-05-27 09:29:28,759.75,834325
2021-05-27 09:29:29,759.8,834376
2021-05-27 09:29:30,759.55,834481
2021-05-27 09:29:32,759.65,834641
2021-05-27 09:29:33,759.5,835332
2021-05-27 09:29:34,759.5,835332
2021-05-27 09:29:35,759.65,835343
2021-05-27 09:29:36,759.75,835563
2021-05-27 09:29:37,759.8,835613
2021-05-27 09:29:38,759.85,835617
2021-05-27 09:29:39,759.8,835937
2021-05-27 09:29:40,759.8,835937
2021-05-27 09:29:41,759.5,835957
2021-05-27 09:29:42,759.75,836007
2021-05-27 09:29:43,760.0,839740
2021-05-27 09:29:44,760.0,839840
2021-05-27 09:29:46,759.95,841091
2021-05-27 09:29:47,759.95,841111
2021-05-27 09:29:49,760.35,841436
2021-05-27 09:29:50,760.0,841825
2021-05-27 09:29:51,759.75,842142
2021-05-27 09:29:52,759.75,842144
2021-05-27 09:29:52,759.75,842144
2021-05-27 09:29:53,759.95,842344
2021-05-27 09:29:54,760.1,842351
2021-05-27 09:29:58,759.95,842749
2021-05-27 09:29:59,759.95,842750
2021-05-27 09:30:00,760.0,842805
2021-05-27 09:30:01,759.95,844315
2021-05-27 09:30:02,760.0,844465
2021-05-27 09:30:03,759.85,844575
2021-05-27 09:30:04,760.0,844610
2021-05-27 09:30:05,760.0,844610
2021-05-27 09:30:06,759.85,844662
2021-05-27 09:30:07,760.0,844767
2021-05-27 09:30:08,760.0,844802
2021-05-27 09:30:09,759.85,844972
2021-05-27 09:30:10,760.0,845073
2021-05-27 09:30:11,759.85,845288
2021-05-27 09:30:12,760.0,845649
2021-05-27 09:30:13,759.85,845780
2021-05-27 09:30:14,759.85,845982
2021-05-27 09:30:15,760.0,847083
2021-05-27 09:30:16,759.85,848122
2021-05-27 09:30:17,760.0,848133
2021-05-27 09:30:18,759.8,850072
2021-05-27 09:30:19,759.65,851812
2021-05-27 09:30:20,759.65,851866
2021-05-27 09:30:21,759.65,851971
2021-05-27 09:30:22,759.7,852479
2021-05-27 09:30:23,759.8,852581
2021-05-27 09:30:24,759.85,853610
2021-05-27 09:30:25,760.0,853896
2021-05-27 09:30:26,760.0,853896
2021-05-27 09:30:27,759.85,853926
2021-05-27 09:30:28,759.85,853926
2021-05-27 09:30:29,760.0,854046
2021-05-27 09:30:32,759.9,854359
2021-05-27 09:30:33,760.0,854369
2021-05-27 09:30:34,760.0,854644
2021-05-27 09:30:35,759.9,855216
2021-05-27 09:30:36,760.0,855316
2021-05-27 09:30:37,760.0,855324
2021-05-27 09:30:38,760.0,855344
2021-05-27 09:30:39,760.0,855360
2021-05-27 09:30:40,760.0,855360
2021-05-27 09:30:41,760.0,855373
2021-05-27 09:30:42,759.9,855393
2021-05-27 09:30:43,760.0,855608
2021-05-27 09:30:44,759.9,855646
2021-05-27 09:30:45,760.0,855806
2021-05-27 09:30:46,760.0,856013
2021-05-27 09:30:47,759.9,856034
2021-05-27 09:30:48,759.7,857284
2021-05-27 09:30:49,760.0,857314
2021-05-27 09:30:50,760.15,857854
2021-05-27 09:30:51,759.9,858035
2021-05-27 09:30:52,759.9,858087
2021-05-27 09:30:53,760.0,859027
2021-05-27 09:30:54,760.0,859063
2021-05-27 09:30:55,760.0,859063
2021-05-27 09:30:56,759.8,859813
2021-05-27 09:30:57,759.95,859815
2021-05-27 09:30:58,759.7,860375
2021-05-27 09:30:59,759.95,860390
2021-05-27 09:31:00,759.95,860390
2021-05-27 09:31:01,760.0,862056
2021-05-27 09:31:02,760.0,862172
2021-05-27 09:31:03,760.15,862422
2021-05-27 09:31:04,760.15,862422
2021-05-27 09:31:05,760.15,863021
2021-05-27 09:31:06,760.5,864538
2021-05-27 09:31:07,760.55,866399
2021-05-27 09:31:08,760.7,866400
2021-05-27 09:31:09,760.95,866522
2021-05-27 09:31:10,760.7,866745
2021-05-27 09:31:11,761.0,866781
2021-05-27 09:31:12,761.0,866841
2021-05-27 09:31:13,760.9,866852
2021-05-27 09:31:14,760.75,868116
2021-05-27 09:31:15,761.25,870483
2021-05-27 09:31:16,761.25,870508
2021-05-27 09:31:17,761.25,870588
2021-05-27 09:31:18,761.0,870888
2021-05-27 09:31:19,761.25,870900
2021-05-27 09:31:20,761.0,870910
2021-05-27 09:31:21,761.0,871150
2021-05-27 09:31:22,761.35,872351
2021-05-27 09:31:23,761.25,872454
2021-05-27 09:31:24,761.0,874208
2021-05-27 09:31:25,761.1,874295
2021-05-27 09:31:26,761.2,875320
2021-05-27 09:31:27,761.2,875350
2021-05-27 09:31:28,761.35,875430
2021-05-27 09:31:29,761.25,876302
2021-05-27 09:31:30,761.45,880301
2021-05-27 09:31:31,761.5,880380
2021-05-27 09:31:32,761.65,881695
2021-05-27 09:31:33,762.0,882351
2021-05-27 09:31:34,762.0,882738
2021-05-27 09:31:35,762.0,883364
2021-05-27 09:31:36,761.75,883386
2021-05-27 09:31:37,761.75,883616
2021-05-27 09:31:38,762.0,883816
2021-05-27 09:31:39,762.0,883893
2021-05-27 09:31:40,761.9,884013
2021-05-27 09:31:41,761.75,884038
2021-05-27 09:31:42,761.75,884038
2021-05-27 09:31:43,761.7,885524
2021-05-27 09:31:44,761.7,885534
2021-05-27 09:31:45,761.75,885734
2021-05-27 09:31:46,761.75,885805
2021-05-27 09:31:47,761.75,885805
2021-05-27 09:31:48,761.75,885910
2021-05-27 09:31:49,761.75,885962
2021-05-27 09:31:50,761.55,886024
2021-05-27 09:31:51,761.3,886149
2021-05-27 09:31:52,761.55,886340
2021-05-27 09:31:53,761.65,886642
2021-05-27 09:31:54,761.3,886810
2021-05-27 09:31:55,761.4,887188
2021-05-27 09:31:56,761.4,887662
2021-05-27 09:31:57,761.4,887662
2021-05-27 09:31:58,761.5,888083
2021-05-27 09:31:59,761.45,888127
2021-05-27 09:32:00,761.5,888330
2021-05-27 09:32:01,761.5,888346
2021-05-27 09:32:02,761.55,888353
2021-05-27 09:32:03,761.4,888373
2021-05-27 09:32:04,761.7,890548
2021-05-27 09:32:05,761.7,890603
2021-05-27 09:32:07,761.45,890654
2021-05-27 09:32:08,761.7,890894
2021-05-27 09:32:09,761.7,890905
2021-05-27 09:32:11,761.7,892411
2021-05-27 09:32:10,761.2,892405
2021-05-27 09:32:12,761.7,892411
2021-05-27 09:32:13,761.7,892433
2021-05-27 09:32:14,761.7,892433
2021-05-27 09:32:15,761.55,892580
2021-05-27 09:32:16,761.55,892613
2021-05-27 09:32:17,761.55,893244
2021-05-27 09:32:18,761.7,894039
2021-05-27 09:32:19,761.75,894064
2021-05-27 09:32:21,761.55,894140
2021-05-27 09:32:20,761.55,894110
2021-05-27 09:32:23,761.65,894216
2021-05-27 09:32:24,761.7,894824
2021-05-27 09:32:25,761.7,894839
2021-05-27 09:32:26,761.75,894854
2021-05-27 09:32:27,761.7,894855
2021-05-27 09:32:28,761.7,894923
2021-05-27 09:32:29,761.75,895703
2021-05-27 09:32:30,761.75,896732
2021-05-27 09:32:31,761.85,896788
2021-05-27 09:32:32,761.65,897988
2021-05-27 09:32:33,761.85,898028
2021-05-27 09:32:34,761.75,898108
2021-05-27 09:32:35,761.9,898170
2021-05-27 09:32:36,761.85,898172
2021-05-27 09:32:38,761.75,898222
2021-05-27 09:32:39,762.0,898722
2021-05-27 09:32:40,762.0,898822
2021-05-27 09:32:41,761.85,898911
2021-05-27 09:32:42,762.0,899161
2021-05-27 09:32:43,762.0,899222
2021-05-27 09:32:44,762.0,899261
2021-05-27 09:32:45,761.9,899597
2021-05-27 09:32:46,761.9,899675
2021-05-27 09:32:47,762.0,899875
2021-05-27 09:32:49,761.85,900587
2021-05-27 09:32:50,761.75,901145
2021-05-27 09:32:50,761.7,901200
2021-05-27 09:32:51,761.75,901217
2021-05-27 09:32:52,761.75,901219
2021-05-27 09:32:53,761.75,901223
2021-05-27 09:32:54,761.7,901224
2021-05-27 09:32:55,761.75,902013
2021-05-27 09:32:56,761.75,902114
2021-05-27 09:32:57,761.75,902201
2021-05-27 09:32:58,761.7,902840
2021-05-27 09:32:59,761.65,903526
2021-05-27 09:33:00,761.5,905485
2021-05-27 09:33:02,761.3,905734
2021-05-27 09:33:03,761.2,905744
2021-05-27 09:33:04,761.25,905847
2021-05-27 09:33:05,761.55,906045
2021-05-27 09:33:06,761.4,907349
2021-05-27 09:33:07,761.5,907509
2021-05-27 09:33:08,761.55,907611
2021-05-27 09:33:09,761.5,907761
2021-05-27 09:33:10,761.2,908209
2021-05-27 09:33:11,761.0,908259
2021-05-27 09:33:12,761.2,908279
2021-05-27 09:33:13,761.2,908280
2021-05-27 09:33:14,760.65,911644
2021-05-27 09:33:15,760.65,911644
2021-05-27 09:33:16,760.65,911805
2021-05-27 09:33:17,761.0,911946
2021-05-27 09:33:18,761.0,912021
2021-05-27 09:33:19,761.3,913048
2021-05-27 09:33:20,761.0,913080
2021-05-27 09:33:21,761.0,913710
2021-05-27 09:33:22,761.35,914234
2021-05-27 09:33:23,761.05,914366
2021-05-27 09:33:24,761.0,914417
2021-05-27 09:33:26,761.25,914548
2021-05-27 09:33:27,761.0,914653
2021-05-27 09:33:29,761.3,914708
2021-05-27 09:33:29,761.3,914748
2021-05-27 09:33:30,761.35,914948
2021-05-27 09:33:31,761.4,914958
2021-05-27 09:33:32,761.5,915012
2021-05-27 09:33:33,761.45,915024
2021-05-27 09:33:34,761.15,915049
2021-05-27 09:33:35,761.05,915585
2021-05-27 09:33:36,761.45,915587
2021-05-27 09:33:37,761.45,915592
2021-05-27 09:33:38,761.45,915678
2021-05-27 09:33:39,761.05,915684
2021-05-27 09:33:40,761.05,915684
2021-05-27 09:33:41,761.05,915684
2021-05-27 09:33:42,761.4,916091
2021-05-27 09:33:43,761.4,916537
2021-05-27 09:33:44,761.4,916637
2021-05-27 09:33:45,761.4,916787
2021-05-27 09:33:46,761.3,916857
2021-05-27 09:33:49,761.45,917753
2021-05-27 09:33:51,761.45,917754
2021-05-27 09:33:52,761.3,917794
2021-05-27 09:33:52,761.3,917794
2021-05-27 09:33:53,761.45,918014
2021-05-27 09:33:54,761.3,918028
2021-05-27 09:33:55,761.3,918173
2021-05-27 09:33:56,761.35,918353
2021-05-27 09:33:57,761.4,918453
2021-05-27 09:33:58,761.5,919476
2021-05-27 09:34:00,761.45,919754
2021-05-27 09:34:01,761.3,920323
2021-05-27 09:34:02,761.05,920565
2021-05-27 09:34:03,761.05,920565
2021-05-27 09:34:04,761.4,921525
2021-05-27 09:34:05,761.4,921648
2021-05-27 09:34:06,761.4,921648
2021-05-27 09:34:07,761.3,921910
2021-05-27 09:34:08,761.05,921925
2021-05-27 09:34:09,761.3,921935
2021-05-27 09:34:10,761.0,922837
2021-05-27 09:34:11,761.05,922887
2021-05-27 09:34:12,760.8,923268
2021-05-27 09:34:13,760.55,923512
2021-05-27 09:34:15,760.55,923547
2021-05-27 09:34:16,760.55,923547
2021-05-27 09:34:17,760.35,925647
2021-05-27 09:34:18,760.5,925775
2021-05-27 09:34:19,760.15,925776
2021-05-27 09:34:20,760.15,925878
2021-05-27 09:34:21,760.15,925878
2021-05-27 09:34:22,760.2,926128
2021-05-27 09:34:23,760.2,926332
2021-05-27 09:34:24,760.5,926463
2021-05-27 09:34:25,760.25,926644
2021-05-27 09:34:26,760.45,926775
2021-05-27 09:34:27,760.2,927584
2021-05-27 09:34:28,760.5,927589
2021-05-27 09:34:29,760.5,927589
2021-05-27 09:34:30,760.5,927698
2021-05-27 09:34:31,760.5,928223
2021-05-27 09:34:32,760.0,929298
2021-05-27 09:34:33,760.0,929298
2021-05-27 09:34:34,760.5,929299
2021-05-27 09:34:35,760.5,929345
2021-05-27 09:34:36,760.5,929386
2021-05-27 09:34:37,760.5,930441
2021-05-27 09:34:38,760.75,933631
2021-05-27 09:34:39,760.5,933682
2021-05-27 09:34:41,760.5,933692
2021-05-27 09:34:41,760.5,933692
2021-05-27 09:34:42,760.75,933699
2021-05-27 09:34:43,760.75,933699
2021-05-27 09:34:45,760.1,936199
2021-05-27 09:34:44,760.75,933699
2021-05-27 09:34:46,760.1,936199
2021-05-27 09:34:47,760.6,936709
2021-05-27 09:34:48,760.6,936809
2021-05-27 09:34:49,760.1,937888
2021-05-27 09:34:50,760.1,937888
2021-05-27 09:34:51,760.45,938034
2021-05-27 09:34:52,759.75,957707
2021-05-27 09:34:53,759.65,957747
2021-05-27 09:34:55,759.6,958153
2021-05-27 09:34:56,759.3,959954
2021-05-27 09:34:58,759.3,960683
2021-05-27 09:34:59,759.2,960789
2021-05-27 09:34:59,759.2,960789
2021-05-27 09:35:01,759.5,960991
2021-05-27 09:35:02,759.55,961021
2021-05-27 09:35:03,759.6,961022
2021-05-27 09:35:04,759.65,961349
2021-05-27 09:35:05,759.75,961644
2021-05-27 09:35:06,759.55,961654
2021-05-27 09:35:07,759.8,962033
2021-05-27 09:35:08,759.9,962122
2021-05-27 09:35:10,759.8,962323
2021-05-27 09:35:11,759.75,962504
2021-05-27 09:35:12,759.75,962504
2021-05-27 09:35:13,759.75,962504
2021-05-27 09:35:14,759.75,962504
2021-05-27 09:35:15,759.5,962529
2021-05-27 09:35:16,759.5,962679
2021-05-27 09:35:17,759.9,965099
2021-05-27 09:35:18,759.9,965099
2021-05-27 09:35:19,759.9,965112
2021-05-27 09:35:20,760.05,965275
2021-05-27 09:35:21,759.9,965325
2021-05-27 09:35:22,759.85,965425
2021-05-27 09:35:23,759.85,965425
2021-05-27 09:35:24,760.05,965557
2021-05-27 09:35:25,759.85,965862
2021-05-27 09:35:26,759.75,966222
2021-05-27 09:35:27,759.9,966241
2021-05-27 09:35:29,759.95,966559
2021-05-27 09:35:30,759.95,968010
2021-05-27 09:35:31,759.9,968310
2021-05-27 09:35:32,759.9,968310
2021-05-27 09:35:33,759.75,969260
2021-05-27 09:35:34,759.75,969482
2021-05-27 09:35:35,759.75,969537
2021-05-27 09:35:35,759.75,969537
2021-05-27 09:35:36,759.7,969558
2021-05-27 09:35:37,760.0,970242
2021-05-27 09:35:38,760.0,970242
2021-05-27 09:35:39,760.05,970521
2021-05-27 09:35:40,760.05,970521
2021-05-27 09:35:41,759.9,970986
2021-05-27 09:35:42,759.9,970986
2021-05-27 09:35:43,759.9,971049
2021-05-27 09:35:44,760.05,971499
2021-05-27 09:35:45,760.25,971997
2021-05-27 09:35:46,760.4,972018
2021-05-27 09:35:47,760.4,972018
2021-05-27 09:35:48,760.3,972085
2021-05-27 09:35:49,760.1,972640
2021-05-27 09:35:50,760.1,972640
2021-05-27 09:35:51,760.65,973199
2021-05-27 09:35:52,760.35,973355
2021-05-27 09:35:53,760.35,973360
2021-05-27 09:35:55,760.4,973446
2021-05-27 09:35:56,760.75,974670
2021-05-27 09:35:57,760.9,974860
2021-05-27 09:35:58,761.05,989392
2021-05-27 09:35:59,761.3,989396
2021-05-27 09:36:00,761.3,989396
2021-05-27 09:36:01,761.0,989960
2021-05-27 09:36:02,761.0,990060
2021-05-27 09:36:03,761.05,990112
2021-05-27 09:36:04,761.35,990721
2021-05-27 09:36:05,761.35,990721
2021-05-27 09:36:06,761.35,990751
2021-05-27 09:36:07,761.25,990811
2021-05-27 09:36:08,761.3,992522
2021-05-27 09:36:09,761.1,992573
2021-05-27 09:36:10,761.15,992623
2021-05-27 09:36:11,761.25,992725
2021-05-27 09:36:12,761.5,992741
2021-05-27 09:36:13,761.5,992741
2021-05-27 09:36:14,761.25,992973
2021-05-27 09:36:15,761.3,993353
2021-05-27 09:36:16,761.5,993428
2021-05-27 09:36:17,761.4,993443
2021-05-27 09:36:18,761.3,994143
2021-05-27 09:36:19,761.45,994149
2021-05-27 09:36:20,761.45,994249
2021-05-27 09:36:21,761.45,994250
2021-05-27 09:36:22,761.45,994424
2021-05-27 09:36:23,761.25,994431
2021-05-27 09:36:24,761.25,994431
2021-05-27 09:36:25,761.4,994439
2021-05-27 09:36:26,761.4,994516
2021-05-27 09:36:27,761.4,994556
2021-05-27 09:36:28,761.4,994656
2021-05-27 09:36:29,761.4,994686
2021-05-27 09:36:30,761.4,994887
2021-05-27 09:36:31,761.4,995067
2021-05-27 09:36:32,761.1,996823
2021-05-27 09:36:33,761.15,997324
2021-05-27 09:36:34,761.1,997334
2021-05-27 09:36:35,761.1,997334
2021-05-27 09:36:36,760.85,997927
2021-05-27 09:36:37,761.1,998427
2021-05-27 09:36:38,761.1,998428
2021-05-27 09:36:39,761.05,998580
2021-05-27 09:36:40,760.65,999030
2021-05-27 09:36:41,761.0,999133
2021-05-27 09:36:42,761.05,999153
2021-05-27 09:36:43,760.65,999963
2021-05-27 09:36:45,760.85,1000164
2021-05-27 09:36:46,761.1,1002782
2021-05-27 09:36:47,761.1,1002882
2021-05-27 09:36:47,761.0,1002913
2021-05-27 09:36:48,761.3,1003803
2021-05-27 09:36:49,761.3,1003803
2021-05-27 09:36:50,761.1,1003806
2021-05-27 09:36:51,761.3,1004007
2021-05-27 09:36:52,761.1,1004008
2021-05-27 09:36:53,761.1,1004008
2021-05-27 09:36:54,761.3,1004379
2021-05-27 09:36:56,761.15,1004509
2021-05-27 09:36:57,761.3,1004632
2021-05-27 09:36:59,761.3,1004635
2021-05-27 09:37:00,761.3,1004635
2021-05-27 09:37:01,761.25,1004665
2021-05-27 09:37:02,761.1,1004938
2021-05-27 09:37:03,761.25,1005196
2021-05-27 09:37:04,760.85,1013720
2021-05-27 09:37:05,760.85,1013720
2021-05-27 09:37:06,761.1,1013825
2021-05-27 09:37:07,761.1,1013825
2021-05-27 09:37:08,761.1,1013825
2021-05-27 09:37:09,760.5,1015085
2021-05-27 09:37:10,760.5,1015085
2021-05-27 09:37:11,761.05,1015135
2021-05-27 09:37:12,760.65,1015137
2021-05-27 09:37:13,761.1,1015197
2021-05-27 09:37:14,761.25,1015298
2021-05-27 09:37:15,761.25,1015346
2021-05-27 09:37:16,761.1,1015356
2021-05-27 09:37:17,761.1,1015360
2021-05-27 09:37:17,761.1,1015360
2021-05-27 09:37:18,761.1,1015556
2021-05-27 09:37:19,761.3,1015738
2021-05-27 09:37:20,761.3,1015738
2021-05-27 09:37:21,761.3,1015738
2021-05-27 09:37:23,761.3,1016484
2021-05-27 09:37:23,761.2,1016886
2021-05-27 09:37:24,761.4,1016889
2021-05-27 09:37:25,761.2,1016915
2021-05-27 09:37:26,761.75,1022972
2021-05-27 09:37:27,761.5,1022982
2021-05-27 09:37:28,761.75,1023102
2021-05-27 09:37:29,761.75,1023102
2021-05-27 09:37:30,761.5,1023103
2021-05-27 09:37:31,761.45,1023666
2021-05-27 09:37:32,761.8,1023679
2021-05-27 09:37:33,761.8,1023679
2021-05-27 09:37:34,761.75,1023831
2021-05-27 09:37:36,761.75,1023831
2021-05-27 09:37:37,761.85,1023954
2021-05-27 09:37:39,761.55,1024067
2021-05-27 09:37:39,761.55,1024070
2021-05-27 09:37:40,761.8,1024311
2021-05-27 09:37:41,761.8,1024440
2021-05-27 09:37:42,761.75,1024540
2021-05-27 09:37:43,761.8,1024562
2021-05-27 09:37:44,761.9,1026149
2021-05-27 09:37:46,762.05,1043585
2021-05-27 09:37:46,762.1,1043677
2021-05-27 09:37:47,762.0,1043997
2021-05-27 09:37:49,762.1,1044056
2021-05-27 09:37:50,762.1,1044158
2021-05-27 09:37:51,761.95,1044371
2021-05-27 09:37:51,761.95,1044371
2021-05-27 09:37:53,762.1,1046071
2021-05-27 09:37:54,762.05,1046601
2021-05-27 09:37:56,762.0,1047061
2021-05-27 09:37:57,761.95,1047135
2021-05-27 09:37:58,762.1,1047923
2021-05-27 09:37:59,762.5,1050507
2021-05-27 09:38:01,762.55,1052022
2021-05-27 09:38:02,762.5,1052448
2021-05-27 09:38:03,762.45,1052594
2021-05-27 09:38:05,762.45,1054761
2021-05-27 09:38:06,762.75,1054940
2021-05-27 09:38:07,762.8,1054990
2021-05-27 09:38:08,762.8,1055447
2021-05-27 09:38:09,763.0,1057195
2021-05-27 09:38:10,763.0,1057731
2021-05-27 09:38:11,763.8,1073413
2021-05-27 09:38:12,763.5,1073687
2021-05-27 09:38:14,763.5,1074394
2021-05-27 09:38:15,763.5,1074849
2021-05-27 09:38:17,762.8,1075645
2021-05-27 09:38:19,763.2,1075989
2021-05-27 09:38:19,762.8,1076301
2021-05-27 09:38:20,762.75,1076321
2021-05-27 09:38:22,762.7,1076880
2021-05-27 09:38:23,762.95,1076883
2021-05-27 09:38:24,763.0,1078002
2021-05-27 09:38:25,762.75,1078016
2021-05-27 09:38:26,763.0,1078195
2021-05-27 09:38:26,762.75,1078595
2021-05-27 09:38:27,762.7,1079096
2021-05-27 09:38:29,762.75,1080304
2021-05-27 09:38:31,762.75,1080552
2021-05-27 09:38:33,762.75,1080602
2021-05-27 09:38:34,762.75,1080614
2021-05-27 09:38:35,762.75,1080872
2021-05-27 09:38:36,763.0,1081001
2021-05-27 09:38:37,762.75,1081469
2021-05-27 09:38:38,763.0,1082069
2021-05-27 09:38:38,763.0,1082319
2021-05-27 09:38:40,763.15,1083224
2021-05-27 09:38:40,763.15,1083224
2021-05-27 09:38:42,763.35,1084672
2021-05-27 09:38:42,763.4,1084812
2021-05-27 09:38:44,763.4,1085462
2021-05-27 09:38:45,763.4,1085462
2021-05-27 09:38:46,763.1,1085467
2021-05-27 09:38:47,763.35,1085510
2021-05-27 09:38:48,763.2,1085691
2021-05-27 09:38:49,763.3,1085744
2021-05-27 09:38:50,763.0,1086644
2021-05-27 09:38:51,763.25,1087013
2021-05-27 09:38:52,763.0,1088107
2021-05-27 09:38:53,763.3,1088817
2021-05-27 09:38:55,763.3,1089025
2021-05-27 09:38:56,763.0,1089078
2021-05-27 09:38:57,763.5,1092765
2021-05-27 09:38:58,763.45,1092766
2021-05-27 09:38:59,763.5,1094766
2021-05-27 09:39:00,763.5,1094766
2021-05-27 09:39:02,763.4,1094985
2021-05-27 09:39:03,763.15,1096097
2021-05-27 09:39:04,763.15,1096315
2021-05-27 09:39:05,763.5,1097027
2021-05-27 09:39:06,763.35,1098051
2021-05-27 09:39:07,763.15,1098277
2021-05-27 09:39:08,762.95,1098617
2021-05-27 09:39:09,763.0,1099262
2021-05-27 09:39:10,762.8,1100047
2021-05-27 09:39:11,762.55,1100298
2021-05-27 09:39:12,763.0,1101256
2021-05-27 09:39:15,762.7,1101385
2021-05-27 09:39:16,763.0,1102081
2021-05-27 09:39:17,762.9,1102661
2021-05-27 09:39:18,762.9,1102680
2021-05-27 09:39:19,762.8,1102994
2021-05-27 09:39:20,762.8,1102994
2021-05-27 09:39:21,762.9,1103568
2021-05-27 09:39:22,762.9,1103678
2021-05-27 09:39:23,762.9,1103698
2021-05-27 09:39:24,762.8,1104331
2021-05-27 09:39:25,763.1,1104506
2021-05-27 09:39:26,762.75,1104516
2021-05-27 09:39:27,763.0,1104771
2021-05-27 09:39:28,763.0,1104817
2021-05-27 09:39:29,763.0,1104914
2021-05-27 09:39:30,763.0,1104914
2021-05-27 09:39:31,762.95,1104956
2021-05-27 09:39:32,762.95,1104981
2021-05-27 09:39:33,762.95,1105031
2021-05-27 09:39:34,762.6,1105546
2021-05-27 09:39:35,762.9,1105852
2021-05-27 09:39:36,762.9,1106009
2021-05-27 09:39:37,762.65,1106816
2021-05-27 09:39:38,762.65,1106816
2021-05-27 09:39:39,762.9,1106841
2021-05-27 09:39:40,763.0,1107145
2021-05-27 09:39:41,762.8,1107205
2021-05-27 09:39:42,762.8,1107257
2021-05-27 09:39:43,763.0,1109981
2021-05-27 09:39:44,763.3,1111167
2021-05-27 09:39:45,763.0,1111307
2021-05-27 09:39:46,762.95,1111907
2021-05-27 09:39:47,762.95,1111920
2021-05-27 09:39:49,763.0,1112039
2021-05-27 09:39:50,762.95,1112333
2021-05-27 09:39:51,762.95,1112333
2021-05-27 09:39:52,762.95,1112333
2021-05-27 09:39:53,763.25,1112334
2021-05-27 09:39:54,763.0,1112859
2021-05-27 09:39:55,763.3,1112963
2021-05-27 09:39:56,763.3,1112963
2021-05-27 09:39:57,763.05,1112973
2021-05-27 09:39:58,763.05,1112973
2021-05-27 09:39:59,763.2,1113029
2021-05-27 09:40:00,763.05,1113613
2021-05-27 09:40:01,763.05,1113713
2021-05-27 09:40:02,763.05,1113923
2021-05-27 09:40:03,763.3,1114454
2021-05-27 09:40:03,763.3,1114454
2021-05-27 09:40:05,763.3,1115009
2021-05-27 09:40:06,763.3,1115235
2021-05-27 09:40:07,763.3,1115235
2021-05-27 09:40:08,763.05,1115576
2021-05-27 09:40:09,763.45,1116076
2021-05-27 09:40:11,763.5,1119465
2021-05-27 09:40:12,763.3,1119865
2021-05-27 09:40:13,763.3,1119870
2021-05-27 09:40:14,763.15,1119884
2021-05-27 09:40:15,763.8,1126877
2021-05-27 09:40:16,763.55,1127080
2021-05-27 09:40:17,763.8,1127348
2021-05-27 09:40:18,763.7,1127699
2021-05-27 09:40:20,763.45,1127799
2021-05-27 09:40:21,763.45,1127809
2021-05-27 09:40:22,763.5,1127948
2021-05-27 09:40:23,763.45,1128101
2021-05-27 09:40:24,763.5,1128133
2021-05-27 09:40:25,763.35,1131435
2021-05-27 09:40:25,763.5,1131445
2021-05-27 09:40:27,763.5,1131465
2021-05-27 09:40:28,763.5,1131470
2021-05-27 09:40:30,763.5,1131499
2021-05-27 09:40:31,763.35,1131505
2021-05-27 09:40:32,763.4,1131525
2021-05-27 09:40:33,763.5,1131930
2021-05-27 09:40:35,763.5,1132257
2021-05-27 09:40:36,763.5,1132257
2021-05-27 09:40:37,763.35,1133097
2021-05-27 09:40:38,763.35,1133463
2021-05-27 09:40:39,763.35,1133983
2021-05-27 09:40:40,763.35,1134097
2021-05-27 09:40:41,763.2,1134832
2021-05-27 09:40:42,763.2,1134832
2021-05-27 09:40:42,763.2,1134832
2021-05-27 09:40:44,762.95,1136704
2021-05-27 09:40:44,762.95,1136704
2021-05-27 09:40:45,763.15,1136734
2021-05-27 09:40:47,762.9,1137008
2021-05-27 09:40:48,763.5,1146034
2021-05-27 09:40:49,763.5,1146034
2021-05-27 09:40:51,763.2,1146254
2021-05-27 09:40:54,763.5,1146701
2021-05-27 09:40:55,763.05,1148121
2021-05-27 09:40:56,763.1,1148301
2021-05-27 09:40:57,763.3,1148397
2021-05-27 09:40:58,763.25,1148417
2021-05-27 09:40:59,763.25,1148536
2021-05-27 09:41:00,763.25,1148536
2021-05-27 09:41:01,763.3,1148630
2021-05-27 09:41:02,763.25,1148810
2021-05-27 09:41:03,763.3,1149160
2021-05-27 09:41:05,763.3,1149223
2021-05-27 09:41:06,763.25,1149813
2021-05-27 09:41:08,763.05,1149839
2021-05-27 09:41:09,763.15,1149905
2021-05-27 09:41:10,763.15,1149905
2021-05-27 09:41:11,763.1,1150732
2021-05-27 09:41:12,763.1,1150748
2021-05-27 09:41:13,763.1,1150748
2021-05-27 09:41:14,763.05,1150779
2021-05-27 09:41:15,763.05,1151285
2021-05-27 09:41:16,763.0,1151879
2021-05-27 09:41:17,763.0,1151879
2021-05-27 09:41:18,763.0,1151879
2021-05-27 09:41:19,763.0,1151905
2021-05-27 09:41:20,762.9,1152025
2021-05-27 09:41:21,763.0,1152078
2021-05-27 09:41:22,762.8,1152582
2021-05-27 09:41:23,762.8,1153072
2021-05-27 09:41:26,762.6,1156464
2021-05-27 09:41:27,762.55,1156664
2021-05-27 09:41:28,762.5,1156940
2021-05-27 09:41:29,762.5,1156940
2021-05-27 09:41:30,762.8,1156979
2021-05-27 09:41:31,762.8,1156979
2021-05-27 09:41:32,762.6,1157034
2021-05-27 09:41:33,762.6,1157034
2021-05-27 09:41:34,762.6,1157038
2021-05-27 09:41:35,762.5,1157053
2021-05-27 09:41:36,762.6,1157175
2021-05-27 09:41:37,762.6,1157573
2021-05-27 09:41:38,762.6,1157582
2021-05-27 09:41:39,762.5,1157939
2021-05-27 09:41:40,762.55,1158154
2021-05-27 09:41:41,762.55,1158154
2021-05-27 09:41:42,762.55,1162587
2021-05-27 09:41:43,762.85,1162616
2021-05-27 09:41:44,762.85,1162617
2021-05-27 09:41:45,762.6,1162674
2021-05-27 09:41:46,762.85,1162900
2021-05-27 09:41:47,762.85,1162900
2021-05-27 09:41:48,762.75,1163101
2021-05-27 09:41:49,762.55,1163103
2021-05-27 09:41:50,762.5,1163644
2021-05-27 09:41:51,762.5,1163644
2021-05-27 09:41:52,762.5,1163644
2021-05-27 09:41:53,762.5,1163657
2021-05-27 09:41:54,762.55,1163697
2021-05-27 09:41:55,762.5,1164107
2021-05-27 09:41:56,762.8,1164182
2021-05-27 09:41:57,762.8,1164233
2021-05-27 09:41:58,762.55,1164483
2021-05-27 09:41:59,762.55,1164533
2021-05-27 09:42:00,762.5,1164583
2021-05-27 09:42:01,762.55,1165344
2021-05-27 09:42:02,762.55,1165594
2021-05-27 09:42:06,762.5,1167407
2021-05-27 09:42:07,762.55,1169286
2021-05-27 09:42:08,762.5,1169346
2021-05-27 09:42:09,762.5,1169465
2021-05-27 09:42:10,762.5,1169842
2021-05-27 09:42:12,762.55,1170136
2021-05-27 09:42:13,762.55,1170238
2021-05-27 09:42:14,762.7,1170338
2021-05-27 09:42:15,762.7,1170839
2021-05-27 09:42:16,762.55,1170897
2021-05-27 09:42:19,762.55,1171076
2021-05-27 09:42:20,762.55,1171076
2021-05-27 09:42:21,762.55,1171383
2021-05-27 09:42:22,762.65,1171742
2021-05-27 09:42:23,762.9,1171943
2021-05-27 09:42:24,762.9,1171944
2021-05-27 09:42:26,762.8,1172157
2021-05-27 09:42:27,762.65,1172160
2021-05-27 09:42:28,762.6,1172179
2021-05-27 09:42:29,762.85,1172279
2021-05-27 09:42:31,762.55,1172781
2021-05-27 09:42:32,762.6,1172791
2021-05-27 09:42:33,762.6,1172856
2021-05-27 09:42:34,762.6,1172856
2021-05-27 09:42:35,762.55,1172858
2021-05-27 09:42:36,762.6,1172970
2021-05-27 09:42:37,762.55,1175014
2021-05-27 09:42:38,762.6,1175022
2021-05-27 09:42:39,762.6,1175022
2021-05-27 09:42:40,762.6,1175077
2021-05-27 09:42:41,762.6,1175177
2021-05-27 09:42:42,762.7,1175184
2021-05-27 09:42:43,762.7,1175964
2021-05-27 09:42:44,762.7,1175964
2021-05-27 09:42:45,762.7,1176057
2021-05-27 09:42:46,762.5,1177802
2021-05-27 09:42:47,762.6,1177839
2021-05-27 09:42:48,762.6,1178039
2021-05-27 09:42:49,762.6,1178039
2021-05-27 09:42:50,762.6,1178039
2021-05-27 09:42:51,762.6,1178039
2021-05-27 09:42:52,762.6,1178049
2021-05-27 09:42:53,762.6,1178072
2021-05-27 09:42:54,762.6,1179478
2021-05-27 09:42:56,762.75,1181708
2021-05-27 09:42:57,762.6,1181828
2021-05-27 09:42:58,762.6,1181828
2021-05-27 09:42:59,762.9,1181831
2021-05-27 09:43:01,762.2,1182667
2021-05-27 09:43:02,762.2,1182667
2021-05-27 09:43:03,762.3,1182697
2021-05-27 09:43:04,762.35,1182832
2021-05-27 09:43:05,762.3,1183957
2021-05-27 09:43:06,762.3,1183957
2021-05-27 09:43:07,762.3,1183957
2021-05-27 09:43:08,762.0,1184102
2021-05-27 09:43:09,762.15,1184105
2021-05-27 09:43:10,762.15,1184117
2021-05-27 09:43:11,762.0,1184122
2021-05-27 09:43:12,762.0,1184474
2021-05-27 09:43:13,762.15,1184499
2021-05-27 09:43:14,762.1,1184564
2021-05-27 09:43:15,762.0,1185434
2021-05-27 09:43:16,761.7,1193108
2021-05-27 09:43:17,761.65,1193224
2021-05-27 09:43:18,761.7,1193244
2021-05-27 09:43:19,761.75,1193466
2021-05-27 09:43:20,761.3,1193769
2021-05-27 09:43:21,761.35,1193774
2021-05-27 09:43:22,761.35,1193979
2021-05-27 09:43:23,761.75,1194190
2021-05-27 09:43:24,761.75,1194190
2021-05-27 09:43:25,761.4,1194490
2021-05-27 09:43:26,761.4,1194490
2021-05-27 09:43:27,761.4,1194500
2021-05-27 09:43:28,761.4,1194700
2021-05-27 09:43:29,761.4,1194702
2021-05-27 09:43:31,761.75,1194712
2021-05-27 09:43:32,761.75,1194813
2021-05-27 09:43:33,761.4,1194865
2021-05-27 09:43:34,761.7,1195120
2021-05-27 09:43:35,761.4,1195135
2021-05-27 09:43:35,761.65,1195139
2021-05-27 09:43:36,761.65,1195139
2021-05-27 09:43:38,761.6,1195141
2021-05-27 09:43:39,761.5,1195245
2021-05-27 09:43:39,761.4,1195257
2021-05-27 09:43:41,761.5,1195818
2021-05-27 09:43:42,761.3,1196064
2021-05-27 09:43:43,761.3,1196099
2021-05-27 09:43:45,761.5,1196449
2021-05-27 09:43:46,761.3,1198707
2021-05-27 09:43:47,761.3,1199882
2021-05-27 09:43:48,761.35,1199962
2021-05-27 09:43:48,761.7,1199970
2021-05-27 09:43:49,761.35,1200150
2021-05-27 09:43:50,761.35,1200152
2021-05-27 09:43:51,761.0,1202218
2021-05-27 09:43:53,761.25,1202244
2021-05-27 09:43:55,761.3,1202348
2021-05-27 09:43:56,761.3,1202348
2021-05-27 09:43:57,761.25,1202374
2021-05-27 09:43:58,761.25,1202416
2021-05-27 09:44:01,761.0,1202893
2021-05-27 09:44:02,761.25,1203010
2021-05-27 09:44:04,761.0,1203454
2021-05-27 09:44:05,761.2,1203465
2021-05-27 09:44:06,761.2,1203465
2021-05-27 09:44:07,761.0,1203475
2021-05-27 09:44:08,761.2,1204505
2021-05-27 09:44:10,761.0,1204577
2021-05-27 09:44:12,761.0,1205579
2021-05-27 09:44:13,761.2,1205580
2021-05-27 09:44:14,761.25,1205631
2021-05-27 09:44:15,761.25,1205631
2021-05-27 09:44:15,761.25,1205631
2021-05-27 09:44:16,761.25,1205631
2021-05-27 09:44:17,761.25,1205631
2021-05-27 09:44:18,761.25,1205631
2021-05-27 09:44:19,761.25,1205756
2021-05-27 09:44:20,761.25,1206157
2021-05-27 09:44:21,761.25,1206186
2021-05-27 09:44:22,761.25,1206186
2021-05-27 09:44:23,761.3,1206307
2021-05-27 09:44:25,761.3,1206823
2021-05-27 09:44:26,761.3,1206823
2021-05-27 09:44:27,761.3,1206825
2021-05-27 09:44:27,761.3,1206825
2021-05-27 09:44:28,761.3,1206836
2021-05-27 09:44:29,761.45,1206872
2021-05-27 09:44:30,761.45,1206874
2021-05-27 09:44:31,761.5,1206896
2021-05-27 09:44:33,761.3,1206977
2021-05-27 09:44:34,761.3,1206977
2021-05-27 09:44:35,761.5,1207052
2021-05-27 09:44:36,761.5,1207052
2021-05-27 09:44:37,761.5,1207052
2021-05-27 09:44:38,761.5,1207189
2021-05-27 09:44:38,761.4,1207196
2021-05-27 09:44:40,761.4,1207246
2021-05-27 09:44:40,761.4,1207246
2021-05-27 09:44:41,761.4,1207246
2021-05-27 09:44:42,761.5,1207646
2021-05-27 09:44:43,761.35,1207769
2021-05-27 09:44:44,761.5,1207779
2021-05-27 09:44:45,761.5,1207799
2021-05-27 09:44:46,761.5,1207999
2021-05-27 09:44:47,761.5,1207999
2021-05-27 09:44:48,761.4,1208100
2021-05-27 09:44:50,761.6,1209467
2021-05-27 09:44:51,761.6,1209467
2021-05-27 09:44:52,761.65,1209477
2021-05-27 09:44:53,761.5,1209478
2021-05-27 09:44:54,761.65,1209576
2021-05-27 09:44:55,761.65,1209576
2021-05-27 09:44:56,761.6,1209583
2021-05-27 09:44:57,761.6,1209583
2021-05-27 09:44:59,761.6,1209585
2021-05-27 09:44:59,761.6,1209585
2021-05-27 09:45:00,761.65,1209684
2021-05-27 09:45:02,761.55,1214106
2021-05-27 09:45:03,761.5,1214606
2021-05-27 09:45:04,761.6,1214631
2021-05-27 09:45:05,761.6,1214631
2021-05-27 09:45:06,761.65,1214632
2021-05-27 09:45:06,762.25,1216678
2021-05-27 09:45:07,762.3,1216714
2021-05-27 09:45:08,761.95,1216751
2021-05-27 09:45:09,762.15,1216761
2021-05-27 09:45:16,762.3,1216944
2021-05-27 09:45:17,762.3,1217064
2021-05-27 09:45:18,762.15,1217384
2021-05-27 09:45:19,762.15,1217434
2021-05-27 09:45:20,762.15,1217434
2021-05-27 09:45:21,762.15,1217434
2021-05-27 09:45:23,762.3,1217452
2021-05-27 09:45:23,762.3,1217452
2021-05-27 09:45:24,762.3,1217573
2021-05-27 09:45:25,762.15,1217574
2021-05-27 09:45:26,762.35,1217679
2021-05-27 09:45:27,762.35,1217679
2021-05-27 09:45:28,762.35,1217680
2021-05-27 09:45:29,762.35,1217680
2021-05-27 09:45:30,762.15,1218181
2021-05-27 09:45:31,762.15,1218181
2021-05-27 09:45:32,762.25,1218186
2021-05-27 09:45:33,762.25,1218351
2021-05-27 09:45:34,762.5,1219896
2021-05-27 09:45:36,762.2,1219937
2021-05-27 09:45:37,762.15,1220437
2021-05-27 09:45:37,762.15,1220437
2021-05-27 09:45:38,762.6,1223813
2021-05-27 09:45:39,762.6,1223813
2021-05-27 09:45:42,762.5,1223923
2021-05-27 09:45:43,762.85,1224023
2021-05-27 09:45:47,762.85,1224324
2021-05-27 09:45:48,762.85,1224434
2021-05-27 09:45:49,762.85,1224434
2021-05-27 09:45:50,762.8,1224438
2021-05-27 09:45:51,762.9,1224488
2021-05-27 09:45:52,762.9,1224512
2021-05-27 09:45:55,762.65,1224545
2021-05-27 09:45:56,762.65,1224545
2021-05-27 09:45:57,762.85,1224560
2021-05-27 09:45:59,762.65,1224625
2021-05-27 09:45:59,762.85,1224675
2021-05-27 09:46:00,762.65,1225180
2021-05-27 09:46:01,762.85,1225266
2021-05-27 09:46:02,762.9,1225321
2021-05-27 09:46:04,762.6,1225463
2021-05-27 09:46:04,762.9,1226463
2021-05-27 09:46:06,762.9,1226463
2021-05-27 09:46:07,762.8,1226482
2021-05-27 09:46:08,762.8,1226482
2021-05-27 09:46:09,762.65,1226552
2021-05-27 09:46:10,762.8,1226627
2021-05-27 09:46:10,762.8,1226627
2021-05-27 09:46:11,762.9,1226727
2021-05-27 09:46:12,762.9,1226772
2021-05-27 09:46:13,762.85,1226872
2021-05-27 09:46:15,762.85,1226872
2021-05-27 09:46:16,762.9,1230733
2021-05-27 09:46:17,763.25,1231754
2021-05-27 09:46:18,763.0,1231792
2021-05-27 09:46:19,763.3,1231842
2021-05-27 09:46:21,763.0,1232592
2021-05-27 09:46:22,763.3,1233195
2021-05-27 09:46:23,763.0,1233297
2021-05-27 09:46:24,763.0,1233297
2021-05-27 09:46:25,763.0,1233375
2021-05-27 09:46:26,763.0,1233782
2021-05-27 09:46:27,763.15,1234841
2021-05-27 09:46:28,763.0,1234972
2021-05-27 09:46:29,763.0,1234972
2021-05-27 09:46:29,763.3,1234973
2021-05-27 09:46:31,763.4,1235148
2021-05-27 09:46:32,763.05,1235548
2021-05-27 09:46:33,763.4,1235718
2021-05-27 09:46:34,763.1,1236118
2021-05-27 09:46:35,763.15,1236128
2021-05-27 09:46:35,763.1,1236323
2021-05-27 09:46:36,763.1,1236323
2021-05-27 09:46:37,763.35,1236698
2021-05-27 09:46:40,763.3,1236699
2021-05-27 09:46:41,763.3,1237250
2021-05-27 09:46:42,763.4,1238263
2021-05-27 09:46:43,763.4,1238293
2021-05-27 09:46:44,763.4,1238430
2021-05-27 09:46:44,763.4,1238437
2021-05-27 09:46:45,763.35,1238447
2021-05-27 09:46:47,763.4,1238492
2021-05-27 09:46:51,763.4,1241495
2021-05-27 09:46:55,763.4,1241567
2021-05-27 09:46:59,763.2,1242988
2021-05-27 09:47:03,763.0,1244320
2021-05-27 09:47:07,763.2,1248674
2021-05-27 09:47:11,763.0,1249473
2021-05-27 09:47:14,763.0,1249535
2021-05-27 09:47:18,762.7,1249555
2021-05-27 09:47:21,762.75,1250176
2021-05-27 09:47:25,763.0,1250216
2021-05-27 09:47:29,763.0,1250489
2021-05-27 09:47:32,763.05,1250523
2021-05-27 09:47:35,763.05,1251278
2021-05-27 09:47:39,763.0,1251906
2021-05-27 09:47:43,763.25,1252422
2021-05-27 09:47:50,763.05,1252831
2021-05-27 09:47:54,763.25,1253149
2021-05-27 09:47:57,763.1,1255384
2021-05-27 09:48:01,763.25,1255439
2021-05-27 09:48:04,763.25,1255552
2021-05-27 09:48:08,763.0,1256618
2021-05-27 09:48:11,763.0,1256619
2021-05-27 09:48:15,762.6,1258867
2021-05-27 09:48:18,763.0,1259297
2021-05-27 09:48:21,762.6,1260470
2021-05-27 09:48:24,762.95,1260940
2021-05-27 09:48:28,762.8,1260953
2021-05-27 09:48:32,762.95,1261054
2021-05-27 09:48:35,762.8,1261403
2021-05-27 09:48:39,762.8,1261521
2021-05-27 09:48:42,763.0,1261700
2021-05-27 09:48:46,762.9,1261964
2021-05-27 09:48:49,762.9,1262251
2021-05-27 09:48:53,762.6,1262988
2021-05-27 09:48:57,762.6,1263559
2021-05-27 09:49:01,762.6,1263594
2021-05-27 09:49:08,762.7,1265134
2021-05-27 09:49:12,762.5,1265286
2021-05-27 09:49:15,762.5,1265496
2021-05-27 09:49:19,762.5,1265606
2021-05-27 09:49:23,762.55,1265643
2021-05-27 09:49:30,762.5,1267437
2021-05-27 09:49:34,762.5,1267816
2021-05-27 09:49:37,762.8,1267940
2021-05-27 09:49:41,762.65,1268073
2021-05-27 09:49:44,762.65,1268481
2021-05-27 09:49:48,762.5,1268635
2021-05-27 09:49:52,762.5,1268739
2021-05-27 09:49:56,762.7,1268741
2021-05-27 09:50:00,762.7,1268756
2021-05-27 09:50:08,762.5,1268809
2021-05-27 09:50:11,762.5,1268830
2021-05-27 09:50:15,762.65,1269200
2021-05-27 09:50:19,762.5,1269300
2021-05-27 09:50:22,762.45,1272878
2021-05-27 09:50:26,762.0,1287726
2021-05-27 09:50:29,761.7,1288409
2021-05-27 09:50:33,762.0,1288669
2021-05-27 09:50:37,761.8,1288995
2021-05-27 09:50:40,761.8,1289443
2021-05-27 09:50:44,761.65,1291535
2021-05-27 09:50:48,762.7,1299711
2021-05-27 09:50:52,762.95,1305439
2021-05-27 09:50:56,762.95,1306478
2021-05-27 09:51:00,762.95,1308370
2021-05-27 09:51:03,763.35,1316124
2021-05-27 09:51:11,763.25,1317692
2021-05-27 09:51:14,763.15,1318873
2021-05-27 09:51:18,763.65,1333156
2021-05-27 09:51:22,763.6,1333362
2021-05-27 09:51:25,763.3,1333736
2021-05-27 09:51:29,763.6,1335035
2021-05-27 09:51:32,763.6,1336100
2021-05-27 09:51:39,763.65,1339359
2021-05-27 09:51:43,763.8,1340820
2021-05-27 09:51:46,763.3,1342920
2021-05-27 09:51:47,763.65,1344229
2021-05-27 09:51:48,763.45,1345826
2021-05-27 09:51:49,763.4,1345879
2021-05-27 09:51:50,763.45,1346089
2021-05-27 09:51:51,763.4,1346489
2021-05-27 09:51:51,763.4,1346540
2021-05-27 09:51:52,763.45,1347040
2021-05-27 09:51:54,763.4,1347250
2021-05-27 09:51:55,763.4,1347250
2021-05-27 09:51:56,763.4,1348759
2021-05-27 09:51:57,763.6,1348904
2021-05-27 09:51:58,763.45,1348905
2021-05-27 09:51:59,763.55,1348909
2021-05-27 09:52:00,763.45,1349013
2021-05-27 09:52:01,763.45,1349013
2021-05-27 09:52:02,763.45,1349059
2021-05-27 09:52:03,763.6,1349259
2021-05-27 09:52:04,763.55,1349290
2021-05-27 09:52:05,763.55,1349304
2021-05-27 09:52:06,763.55,1349372
2021-05-27 09:52:07,763.5,1357031
2021-05-27 09:52:08,763.55,1357745
2021-05-27 09:52:09,763.55,1357745
2021-05-27 09:52:10,763.75,1358222
2021-05-27 09:52:11,763.2,1360863
2021-05-27 09:52:12,763.55,1361263
2021-05-27 09:52:13,763.2,1361314
2021-05-27 09:52:15,763.4,1361876
2021-05-27 09:52:16,763.4,1361887
2021-05-27 09:52:17,763.15,1363158
2021-05-27 09:52:18,763.15,1363426
2021-05-27 09:52:19,763.5,1363567
2021-05-27 09:52:20,763.5,1363567
2021-05-27 09:52:21,763.55,1363847
2021-05-27 09:52:23,763.3,1363975
2021-05-27 09:52:24,763.3,1363975
2021-05-27 09:52:25,763.4,1364106
2021-05-27 09:52:26,763.5,1364158
2021-05-27 09:52:27,763.55,1364209
2021-05-27 09:52:28,763.55,1364557
2021-05-27 09:52:29,763.55,1364558
2021-05-27 09:52:30,763.7,1365059
2021-05-27 09:52:31,763.9,1381672
2021-05-27 09:52:32,764.25,1382288
2021-05-27 09:52:33,764.3,1382560
2021-05-27 09:52:34,764.35,1382949
2021-05-27 09:52:35,764.55,1397018
2021-05-27 09:52:36,764.65,1399744
2021-05-27 09:52:37,764.5,1400068
2021-05-27 09:52:38,764.45,1400234
2021-05-27 09:52:39,764.35,1401656
2021-05-27 09:52:40,763.75,1402849
2021-05-27 09:52:41,764.05,1402851
2021-05-27 09:52:42,764.0,1404128
2021-05-27 09:52:43,764.15,1404286
2021-05-27 09:52:44,764.25,1404756
2021-05-27 09:52:45,763.9,1405372
2021-05-27 09:52:46,763.75,1405655
2021-05-27 09:52:48,764.2,1407587
2021-05-27 09:52:49,764.2,1407588
2021-05-27 09:52:50,764.2,1408196
2021-05-27 09:52:51,764.15,1408197
2021-05-27 09:52:52,764.1,1408399
2021-05-27 09:52:53,764.05,1408681
2021-05-27 09:52:54,764.2,1409202
2021-05-27 09:52:55,764.05,1409231
2021-05-27 09:52:56,763.95,1410423
2021-05-27 09:52:57,764.1,1410823
2021-05-27 09:52:58,763.75,1410925
2021-05-27 09:52:59,764.1,1411477
2021-05-27 09:53:00,764.1,1411660
2021-05-27 09:53:01,764.1,1411875
2021-05-27 09:53:02,764.0,1411967
2021-05-27 09:53:03,763.7,1412173
2021-05-27 09:53:04,763.75,1413236
2021-05-27 09:53:05,763.65,1413424
2021-05-27 09:53:06,763.6,1415136
2021-05-27 09:53:07,763.95,1415485
2021-05-27 09:53:08,763.55,1415520
2021-05-27 09:53:09,763.6,1415531
2021-05-27 09:53:10,763.6,1416767
2021-05-27 09:53:11,763.6,1417189
2021-05-27 09:53:12,763.6,1417738
2021-05-27 09:53:13,763.6,1417738
2021-05-27 09:53:14,763.45,1418282
2021-05-27 09:53:16,763.5,1419040
2021-05-27 09:53:17,763.85,1419644
2021-05-27 09:53:18,763.55,1419929
2021-05-27 09:53:19,763.8,1420125
2021-05-27 09:53:20,763.6,1420181
2021-05-27 09:53:21,763.6,1420182
2021-05-27 09:53:22,763.6,1420190
2021-05-27 09:53:23,764.0,1420590
2021-05-27 09:53:24,763.65,1420595
2021-05-27 09:53:25,763.85,1420683
2021-05-27 09:53:27,763.65,1421406
2021-05-27 09:53:28,763.9,1421506
2021-05-27 09:53:29,763.65,1421508
2021-05-27 09:53:30,764.1,1421552
2021-05-27 09:53:31,763.85,1422032
2021-05-27 09:53:32,763.85,1422095
2021-05-27 09:53:33,763.85,1422965
2021-05-27 09:53:34,763.85,1423519
2021-05-27 09:53:37,763.85,1424464
2021-05-27 09:53:38,763.85,1424505
2021-05-27 09:53:39,763.65,1424506
2021-05-27 09:53:40,763.75,1424911
2021-05-27 09:53:41,763.75,1424962
2021-05-27 09:53:42,763.95,1425463
2021-05-27 09:53:44,763.8,1425498
2021-05-27 09:53:43,763.8,1425493
2021-05-27 09:53:45,764.1,1426574
2021-05-27 09:53:46,763.75,1426729
2021-05-27 09:53:47,763.75,1426734
2021-05-27 09:53:48,763.75,1426755
2021-05-27 09:53:49,763.75,1426972
2021-05-27 09:53:50,763.75,1426972
2021-05-27 09:53:51,763.85,1427047
2021-05-27 09:53:52,763.55,1428670
2021-05-27 09:53:53,763.5,1428706
2021-05-27 09:53:54,763.5,1428901
2021-05-27 09:53:55,763.5,1428926
2021-05-27 09:53:56,763.7,1428935
2021-05-27 09:53:57,763.65,1429040
2021-05-27 09:53:58,763.5,1429067
2021-05-27 09:53:59,763.7,1429090
2021-05-27 09:54:00,763.7,1429215
2021-05-27 09:54:01,763.6,1431982
2021-05-27 09:54:02,763.5,1432271
2021-05-27 09:54:03,763.3,1432372
2021-05-27 09:54:05,763.4,1432570
2021-05-27 09:54:06,763.5,1432705
2021-05-27 09:54:07,763.5,1433001
2021-05-27 09:54:08,763.25,1433282
2021-05-27 09:54:09,763.25,1433427
2021-05-27 09:54:10,763.0,1441757
2021-05-27 09:54:11,762.75,1441806
2021-05-27 09:54:12,762.7,1441949
2021-05-27 09:54:14,763.15,1442630
2021-05-27 09:54:15,762.8,1442640
2021-05-27 09:54:16,762.7,1442743
2021-05-27 09:54:16,762.7,1442818
2021-05-27 09:54:17,762.7,1444950
2021-05-27 09:54:19,762.55,1445642
2021-05-27 09:54:20,762.55,1445837
2021-05-27 09:54:21,762.4,1445950
2021-05-27 09:54:22,762.4,1446192
2021-05-27 09:54:23,762.55,1446385
2021-05-27 09:54:24,762.55,1446386
2021-05-27 09:54:26,762.0,1453691
2021-05-27 09:54:26,762.0,1453691
2021-05-27 09:54:27,762.0,1453691
2021-05-27 09:54:28,762.3,1454024
2021-05-27 09:54:29,762.3,1454026
2021-05-27 09:54:30,762.0,1454036
2021-05-27 09:54:31,761.85,1468291
2021-05-27 09:54:32,761.95,1468892
2021-05-27 09:54:33,761.55,1468992
2021-05-27 09:54:34,761.9,1469352
2021-05-27 09:54:35,762.45,1477114
2021-05-27 09:54:36,762.0,1477439
2021-05-27 09:54:37,762.0,1477462
2021-05-27 09:54:39,762.3,1477607
2021-05-27 09:54:39,762.3,1477607
2021-05-27 09:54:40,762.3,1477770
2021-05-27 09:54:41,762.55,1477881
2021-05-27 09:54:42,762.55,1477881
2021-05-27 09:54:43,762.4,1477981
2021-05-27 09:54:44,762.65,1478086
2021-05-27 09:54:45,761.7,1483172
2021-05-27 09:54:47,761.95,1484472
2021-05-27 09:54:48,761.55,1484873
2021-05-27 09:54:49,761.9,1485988
2021-05-27 09:54:51,761.95,1487530
2021-05-27 09:54:51,761.95,1487830
2021-05-27 09:54:52,761.95,1487830
2021-05-27 09:54:53,762.05,1489730
2021-05-27 09:54:54,762.05,1489730
2021-05-27 09:54:56,761.95,1490316
2021-05-27 09:54:57,761.65,1490764
2021-05-27 09:54:58,761.65,1490794
2021-05-27 09:54:59,761.85,1490819
2021-05-27 09:55:00,761.75,1491311
2021-05-27 09:55:01,761.75,1491471
2021-05-27 09:55:02,761.8,1491841
2021-05-27 09:55:03,761.85,1492552
2021-05-27 09:55:04,761.85,1492552
2021-05-27 09:55:06,761.85,1492603
2021-05-27 09:55:07,761.85,1492603
2021-05-27 09:55:08,761.7,1492784
2021-05-27 09:55:09,762.05,1493804
2021-05-27 09:55:11,761.95,1493816
2021-05-27 09:55:11,762.0,1493817
2021-05-27 09:55:12,762.1,1494242
2021-05-27 09:55:13,761.95,1494247
2021-05-27 09:55:14,761.95,1494353
2021-05-27 09:55:15,761.95,1494403
2021-05-27 09:55:16,762.1,1494453
2021-05-27 09:55:17,762.1,1494531
2021-05-27 09:55:18,762.1,1494560
2021-05-27 09:55:19,762.1,1494700
2021-05-27 09:55:20,762.1,1495201
2021-05-27 09:55:21,762.3,1495783
2021-05-27 09:55:22,762.3,1495956
2021-05-27 09:55:24,762.0,1496676
2021-05-27 09:55:25,762.0,1496676
2021-05-27 09:55:27,762.3,1496777
2021-05-27 09:55:27,762.4,1496977
2021-05-27 09:55:28,762.0,1497094
2021-05-27 09:55:29,762.0,1501186
2021-05-27 09:55:30,762.25,1501201
2021-05-27 09:55:31,762.3,1501251
2021-05-27 09:55:32,762.3,1501351
2021-05-27 09:55:33,762.3,1501395
2021-05-27 09:55:34,762.1,1501399
2021-05-27 09:55:35,762.3,1501416
2021-05-27 09:55:36,762.05,1501621
2021-05-27 09:55:37,762.05,1501621
2021-05-27 09:55:38,762.3,1501721
2021-05-27 09:55:39,762.1,1501747
2021-05-27 09:55:40,762.1,1501896
2021-05-27 09:55:41,762.0,1502239
2021-05-27 09:55:42,762.0,1502239
2021-05-27 09:55:43,762.0,1502239
2021-05-27 09:55:44,762.0,1502239
2021-05-27 09:55:45,762.0,1502252
2021-05-27 09:55:46,762.3,1502366
2021-05-27 09:55:47,762.3,1502366
2021-05-27 09:55:48,762.0,1502513
2021-05-27 09:55:49,762.2,1502760
2021-05-27 09:55:50,762.05,1502914
2021-05-27 09:55:51,762.3,1503270
2021-05-27 09:55:52,762.05,1503292
2021-05-27 09:55:54,762.3,1503342
2021-05-27 09:55:53,762.3,1503293
2021-05-27 09:55:55,762.25,1503396
2021-05-27 09:55:56,762.25,1503702
2021-05-27 09:55:57,762.25,1503702
2021-05-27 09:55:58,762.4,1503732
2021-05-27 09:55:59,762.3,1506314
2021-05-27 09:56:00,762.5,1506466
2021-05-27 09:56:01,762.5,1506466
2021-05-27 09:56:02,762.5,1506496
2021-05-27 09:56:03,762.1,1506996
2021-05-27 09:56:04,762.1,1506996
2021-05-27 09:56:05,762.1,1507001
2021-05-27 09:56:06,762.5,1507086
2021-05-27 09:56:07,762.15,1507202
2021-05-27 09:56:08,762.3,1507217
2021-05-27 09:56:09,762.5,1507325
2021-05-27 09:56:10,762.5,1507325
2021-05-27 09:56:11,762.4,1508543
2021-05-27 09:56:12,762.4,1508543
2021-05-27 09:56:13,762.4,1508543
2021-05-27 09:56:14,762.45,1508556
2021-05-27 09:56:15,762.5,1508681
2021-05-27 09:56:16,762.4,1508691
2021-05-27 09:56:17,762.5,1508720
2021-05-27 09:56:18,762.45,1508733
2021-05-27 09:56:19,762.5,1508833
2021-05-27 09:56:20,762.4,1508850
2021-05-27 09:56:21,762.5,1509001
2021-05-27 09:56:22,762.5,1509205
2021-05-27 09:56:24,762.5,1509347
2021-05-27 09:56:24,762.5,1509347
2021-05-27 09:56:25,762.5,1509347
2021-05-27 09:56:26,762.5,1509356
2021-05-27 09:56:27,762.5,1509906
2021-05-27 09:56:28,762.5,1510416
2021-05-27 09:56:29,762.45,1510457
2021-05-27 09:56:30,762.5,1510470
2021-05-27 09:56:31,762.5,1510775
2021-05-27 09:56:32,762.5,1510775
2021-05-27 09:56:33,762.5,1510805
2021-05-27 09:56:34,762.45,1511011
2021-05-27 09:56:35,762.45,1511011
2021-05-27 09:56:36,762.5,1511076
2021-05-27 09:56:37,762.5,1513053
2021-05-27 09:56:39,762.5,1513053
2021-05-27 09:56:39,762.5,1513053
2021-05-27 09:56:41,762.55,1513054
2021-05-27 09:56:42,762.85,1513185
2021-05-27 09:56:43,762.85,1513185
2021-05-27 09:56:44,762.85,1513185
2021-05-27 09:56:45,762.55,1513198
2021-05-27 09:56:46,762.55,1513208
2021-05-27 09:56:47,762.55,1513322
2021-05-27 09:56:48,762.55,1514006
2021-05-27 09:56:48,762.7,1514008
2021-05-27 09:56:50,762.15,1517673
2021-05-27 09:56:51,762.15,1518201
2021-05-27 09:56:52,762.1,1518247
2021-05-27 09:56:53,761.95,1523285
2021-05-27 09:56:54,761.95,1523285
2021-05-27 09:56:55,762.15,1523386
2021-05-27 09:56:56,762.1,1523482
2021-05-27 09:56:57,761.95,1523633
2021-05-27 09:56:58,761.95,1523769
2021-05-27 09:57:00,761.95,1524069
2021-05-27 09:57:01,761.95,1524093
2021-05-27 09:57:02,761.95,1524133
2021-05-27 09:57:04,761.95,1524133
2021-05-27 09:57:04,761.85,1524733
2021-05-27 09:57:05,761.8,1524773
2021-05-27 09:57:06,761.85,1524779
2021-05-27 09:57:08,761.85,1525021
2021-05-27 09:57:10,761.7,1525864
2021-05-27 09:57:11,761.85,1525889
2021-05-27 09:57:13,761.85,1526245
2021-05-27 09:57:15,761.8,1526645
2021-05-27 09:57:16,761.6,1526658
2021-05-27 09:57:17,761.6,1526810
2021-05-27 09:57:18,761.75,1527596
2021-05-27 09:57:19,761.75,1527634
2021-05-27 09:57:20,761.75,1527634
2021-05-27 09:57:21,761.75,1527634
2021-05-27 09:57:22,761.75,1527805
2021-05-27 09:57:25,761.65,1527950
2021-05-27 09:57:26,761.65,1527950
2021-05-27 09:57:27,761.65,1528033
2021-05-27 09:57:28,761.65,1528035
2021-05-27 09:57:28,761.7,1528045
2021-05-27 09:57:29,761.75,1528245
2021-05-27 09:57:30,761.65,1528256
2021-05-27 09:57:31,761.75,1528271
2021-05-27 09:57:32,761.75,1528276
2021-05-27 09:57:33,761.65,1528296
2021-05-27 09:57:35,761.7,1529948
2021-05-27 09:57:36,761.7,1529998
2021-05-27 09:57:36,761.7,1529998
2021-05-27 09:57:37,761.75,1530123
2021-05-27 09:57:38,761.75,1530133
2021-05-27 09:57:39,761.7,1530233
2021-05-27 09:57:40,761.75,1530286
2021-05-27 09:57:41,761.7,1530312
2021-05-27 09:57:42,761.8,1531041
2021-05-27 09:57:44,761.8,1531098
2021-05-27 09:57:45,761.8,1531098
2021-05-27 09:57:45,761.8,1531098
2021-05-27 09:57:46,761.8,1531099
2021-05-27 09:57:47,761.9,1531124
2021-05-27 09:57:48,761.95,1531239
2021-05-27 09:57:49,761.85,1531241
2021-05-27 09:57:50,762.0,1531284
2021-05-27 09:57:51,762.0,1531294
2021-05-27 09:57:52,762.0,1531294
2021-05-27 09:57:53,762.0,1531294
2021-05-27 09:57:55,761.9,1531663
2021-05-27 09:57:56,762.0,1531933
2021-05-27 09:57:57,761.9,1532083
2021-05-27 09:57:57,762.0,1532086
2021-05-27 09:57:58,762.2,1532118
2021-05-27 09:57:59,762.2,1532320
2021-05-27 09:58:00,762.15,1532694
2021-05-27 09:58:01,761.95,1533324
2021-05-27 09:58:02,761.95,1533324
2021-05-27 09:58:03,762.1,1533425
2021-05-27 09:58:05,762.5,1533935
2021-05-27 09:58:06,762.2,1534038
2021-05-27 09:58:06,762.5,1534138
2021-05-27 09:58:07,762.5,1534203
2021-05-27 09:58:08,762.2,1534263
2021-05-27 09:58:09,762.5,1534363
2021-05-27 09:58:10,762.5,1534386
2021-05-27 09:58:11,762.5,1534386
2021-05-27 09:58:13,762.9,1534739
2021-05-27 09:58:17,762.9,1535920
2021-05-27 09:58:18,762.95,1536370
2021-05-27 09:58:19,762.95,1536453
2021-05-27 09:58:19,762.95,1536453
2021-05-27 09:58:20,763.0,1536603
2021-05-27 09:58:21,763.0,1536788
2021-05-27 09:58:22,763.0,1536913
2021-05-27 09:58:23,763.0,1537150
2021-05-27 09:58:24,763.0,1537232
2021-05-27 09:58:25,763.0,1537423
2021-05-27 09:58:27,763.0,1537548
2021-05-27 09:58:28,763.25,1537573
2021-05-27 09:58:30,762.95,1538912
2021-05-27 09:58:31,762.75,1542545
2021-05-27 09:58:32,762.9,1543035
2021-05-27 09:58:32,762.9,1543035
2021-05-27 09:58:33,762.9,1543035
2021-05-27 09:58:34,762.9,1543207
2021-05-27 09:58:35,762.9,1543237
2021-05-27 09:58:37,762.9,1543267
2021-05-27 09:58:38,762.9,1543492
2021-05-27 09:58:39,762.9,1543792
2021-05-27 09:58:40,762.9,1544242
2021-05-27 09:58:41,762.9,1544403
2021-05-27 09:58:42,762.85,1544613
2021-05-27 09:58:44,762.85,1544754
2021-05-27 09:58:44,762.85,1544854
2021-05-27 09:58:45,762.85,1545104
2021-05-27 09:58:46,762.85,1545196
2021-05-27 09:58:47,762.85,1545694
2021-05-27 09:58:49,762.85,1545848
2021-05-27 09:58:51,762.9,1547282
2021-05-27 09:58:51,762.9,1547282
2021-05-27 09:58:53,762.9,1547800
2021-05-27 09:58:54,762.95,1548301
2021-05-27 09:58:54,762.95,1548301
2021-05-27 09:58:55,762.9,1548442
2021-05-27 09:58:56,762.9,1548573
2021-05-27 09:58:57,762.95,1548783
2021-05-27 09:58:58,762.95,1548798
2021-05-27 09:58:59,763.0,1550324
2021-05-27 09:59:00,762.9,1551324
2021-05-27 09:59:01,763.0,1551879
2021-05-27 09:59:02,762.65,1555131
2021-05-27 09:59:03,762.95,1555331
2021-05-27 09:59:05,762.9,1555816
2021-05-27 09:59:06,762.95,1556171
2021-05-27 09:59:06,762.9,1556271
2021-05-27 09:59:08,762.9,1556643
2021-05-27 09:59:09,762.95,1556743
2021-05-27 09:59:10,762.9,1556833
2021-05-27 09:59:11,763.0,1556956
2021-05-27 09:59:12,762.65,1557216
2021-05-27 09:59:14,763.0,1559952
2021-05-27 09:59:14,763.0,1559952
2021-05-27 09:59:16,762.95,1560461
2021-05-27 09:59:17,762.95,1560470
2021-05-27 09:59:18,762.95,1561053
2021-05-27 09:59:18,763.1,1561168
2021-05-27 09:59:21,762.95,1561345
2021-05-27 09:59:22,762.7,1561347
2021-05-27 09:59:23,763.1,1561897
2021-05-27 09:59:23,762.95,1562097
2021-05-27 09:59:24,762.95,1562179
2021-05-27 09:59:26,762.5,1564721
2021-05-27 09:59:26,762.95,1564736
2021-05-27 09:59:28,762.95,1564786
2021-05-27 09:59:29,762.95,1564815
2021-05-27 09:59:30,762.95,1564915
2021-05-27 09:59:32,762.85,1565978
2021-05-27 09:59:33,762.85,1566070
2021-05-27 09:59:34,762.85,1566384
2021-05-27 09:59:35,762.85,1566399
2021-05-27 09:59:35,762.85,1566399
2021-05-27 09:59:37,762.85,1566414
2021-05-27 09:59:38,762.95,1567540
2021-05-27 09:59:39,762.9,1567560
2021-05-27 09:59:41,762.9,1568309
2021-05-27 09:59:42,762.9,1568360
2021-05-27 09:59:43,762.9,1568360
2021-05-27 09:59:44,762.9,1569721
2021-05-27 09:59:45,762.7,1570526
2021-05-27 09:59:46,762.7,1570626
2021-05-27 09:59:47,762.7,1570642
2021-05-27 09:59:48,762.7,1570842
2021-05-27 09:59:49,762.7,1571102
2021-05-27 09:59:50,762.7,1571183
2021-05-27 09:59:51,762.7,1571804
2021-05-27 09:59:52,762.7,1571804
2021-05-27 09:59:53,762.85,1572359
2021-05-27 09:59:54,762.85,1572404
2021-05-27 09:59:55,762.7,1572511
2021-05-27 09:59:56,762.85,1572522
2021-05-27 09:59:57,762.85,1572522
2021-05-27 09:59:59,762.85,1572872
2021-05-27 10:00:00,762.7,1573120
2021-05-27 10:00:01,762.85,1573420
2021-05-27 10:00:02,762.85,1573987
2021-05-27 10:00:03,762.85,1574002
2021-05-27 10:00:03,762.85,1574012
2021-05-27 10:00:04,762.8,1574114
2021-05-27 10:00:05,762.7,1574134
2021-05-27 10:00:06,762.6,1575869
2021-05-27 10:00:07,762.7,1575920
2021-05-27 10:00:09,762.6,1576391
2021-05-27 10:00:10,762.6,1576451
2021-05-27 10:00:11,762.6,1576685
2021-05-27 10:00:12,762.6,1577430
2021-05-27 10:00:13,762.6,1581083
2021-05-27 10:00:14,762.6,1581248
2021-05-27 10:00:16,762.3,1581477
2021-05-27 10:00:17,762.5,1581550
2021-05-27 10:00:18,762.5,1581550
2021-05-27 10:00:19,762.55,1581592
2021-05-27 10:00:20,762.65,1581643
2021-05-27 10:00:21,762.5,1581909
2021-05-27 10:00:21,762.5,1581909
2021-05-27 10:00:22,762.5,1582001
2021-05-27 10:00:23,762.5,1582001
2021-05-27 10:00:24,762.5,1582007
2021-05-27 10:00:25,762.5,1582056
2021-05-27 10:00:27,762.5,1582116
2021-05-27 10:00:28,762.5,1582366
2021-05-27 10:00:29,762.5,1582366
2021-05-27 10:00:30,762.5,1582386
2021-05-27 10:00:31,762.3,1582415
2021-05-27 10:00:32,762.3,1582747
2021-05-27 10:00:33,762.5,1582783
2021-05-27 10:00:33,762.5,1582843
2021-05-27 10:00:34,762.5,1582843
2021-05-27 10:00:36,762.5,1582843
2021-05-27 10:00:37,762.5,1583046
2021-05-27 10:00:38,762.5,1583199
2021-05-27 10:00:39,762.4,1583536
2021-05-27 10:00:40,762.4,1583935
2021-05-27 10:00:41,762.4,1584050
2021-05-27 10:00:42,762.4,1584063
2021-05-27 10:00:43,762.4,1584063
2021-05-27 10:00:44,762.4,1584223
2021-05-27 10:00:45,762.4,1584473
2021-05-27 10:00:46,762.1,1585503
2021-05-27 10:00:46,762.1,1585503
2021-05-27 10:00:47,762.1,1585503
2021-05-27 10:00:48,762.25,1585608
2021-05-27 10:00:50,762.25,1585608
2021-05-27 10:00:51,762.25,1585608
2021-05-27 10:00:53,762.25,1586047
2021-05-27 10:00:54,762.05,1586464
2021-05-27 10:00:55,762.25,1586494
2021-05-27 10:00:56,762.3,1586694
2021-05-27 10:00:57,762.45,1586951
2021-05-27 10:00:58,762.4,1586955
2021-05-27 10:00:59,762.4,1586955
2021-05-27 10:01:00,762.5,1587105
2021-05-27 10:01:00,762.5,1587105
2021-05-27 10:01:01,762.4,1587229
2021-05-27 10:01:02,762.25,1587729
2021-05-27 10:01:03,762.5,1587854
2021-05-27 10:01:04,762.25,1587894
2021-05-27 10:01:06,762.45,1587895
2021-05-27 10:01:07,762.5,1587946
2021-05-27 10:01:08,762.5,1588001
2021-05-27 10:01:09,762.5,1588101
2021-05-27 10:01:10,762.5,1588101
2021-05-27 10:01:11,762.5,1588101
2021-05-27 10:01:12,762.45,1588106
2021-05-27 10:01:13,762.45,1588106
2021-05-27 10:01:14,762.5,1588206
2021-05-27 10:01:15,762.4,1588212
2021-05-27 10:01:16,762.25,1588712
2021-05-27 10:01:17,762.45,1588822
2021-05-27 10:01:19,762.45,1588872
2021-05-27 10:01:19,762.45,1588872
2021-05-27 10:01:20,762.6,1588984
2021-05-27 10:01:21,762.6,1589004
2021-05-27 10:01:22,762.6,1589004
2021-05-27 10:01:23,762.6,1589005
2021-05-27 10:01:24,762.5,1589128
2021-05-27 10:01:26,762.5,1589143
2021-05-27 10:01:27,762.5,1589180
2021-05-27 10:01:28,762.5,1589210
2021-05-27 10:01:29,762.45,1589312
2021-05-27 10:01:30,762.4,1589863
2021-05-27 10:01:31,762.4,1590357
2021-05-27 10:01:32,762.25,1592040
2021-05-27 10:01:33,762.2,1592068
2021-05-27 10:01:34,762.0,1595667
2021-05-27 10:01:35,762.05,1595858
2021-05-27 10:01:36,762.05,1595915
2021-05-27 10:01:37,762.4,1595975
2021-05-27 10:01:38,762.4,1595975
2021-05-27 10:01:39,762.3,1596185
2021-05-27 10:01:40,762.45,1597237
2021-05-27 10:01:40,762.15,1597337
2021-05-27 10:01:41,762.15,1597337
2021-05-27 10:01:42,762.15,1597337
2021-05-27 10:01:44,762.4,1597563
2021-05-27 10:01:45,762.0,1607160
2021-05-27 10:01:46,761.95,1612360
2021-05-27 10:01:47,761.95,1612415
2021-05-27 10:01:48,762.0,1612458
2021-05-27 10:01:49,762.1,1614769
2021-05-27 10:01:50,762.35,1615296
2021-05-27 10:01:51,762.05,1615362
2021-05-27 10:01:52,762.05,1615363
2021-05-27 10:01:53,762.1,1615365
2021-05-27 10:01:53,762.1,1615365
2021-05-27 10:01:55,762.1,1615365
2021-05-27 10:01:55,762.1,1615365
2021-05-27 10:01:56,762.4,1615375
2021-05-27 10:01:58,762.15,1615405
2021-05-27 10:01:59,762.15,1615405
2021-05-27 10:02:00,762.15,1615405
2021-05-27 10:02:01,762.15,1615435
2021-05-27 10:02:02,762.15,1615435
2021-05-27 10:02:03,762.4,1615485
2021-05-27 10:02:04,762.25,1615585
2021-05-27 10:02:05,762.25,1615585
2021-05-27 10:02:08,762.2,1615642
2021-05-27 10:02:09,762.2,1615742
2021-05-27 10:02:10,762.2,1615747
2021-05-27 10:02:11,762.15,1615763
2021-05-27 10:02:12,762.15,1615763
2021-05-27 10:02:13,762.2,1615849
2021-05-27 10:02:14,762.2,1615849
2021-05-27 10:02:15,762.15,1616918
2021-05-27 10:02:17,762.15,1616990
2021-05-27 10:02:17,762.15,1617015
2021-05-27 10:02:19,762.05,1617017
2021-05-27 10:02:21,762.05,1617100
2021-05-27 10:02:22,762.0,1617828
2021-05-27 10:02:23,762.05,1617884
2021-05-27 10:02:24,762.05,1617904
2021-05-27 10:02:25,762.05,1617910
2021-05-27 10:02:25,762.05,1617910
2021-05-27 10:02:27,762.05,1617910
2021-05-27 10:02:28,762.0,1618060
2021-05-27 10:02:28,762.0,1618060
2021-05-27 10:02:32,762.45,1618741
2021-05-27 10:02:34,762.2,1618781
2021-05-27 10:02:35,762.2,1618781
2021-05-27 10:02:36,762.2,1618832
2021-05-27 10:02:37,762.0,1624243
2021-05-27 10:02:37,762.0,1624243
2021-05-27 10:02:38,762.45,1624268
2021-05-27 10:02:41,762.2,1624328
2021-05-27 10:02:42,762.45,1624466
2021-05-27 10:02:44,762.5,1624791
2021-05-27 10:02:45,762.5,1624791
2021-05-27 10:02:46,762.5,1624836
2021-05-27 10:02:47,762.5,1624836
2021-05-27 10:02:49,762.6,1624866
2021-05-27 10:02:50,762.6,1624866
2021-05-27 10:02:51,762.6,1624918
2021-05-27 10:02:52,762.6,1624943
2021-05-27 10:02:53,762.45,1626963
2021-05-27 10:02:54,762.45,1626964
2021-05-27 10:02:55,762.45,1626964
2021-05-27 10:02:56,762.6,1627114
2021-05-27 10:02:57,762.5,1627125
2021-05-27 10:02:58,762.6,1627356
2021-05-27 10:02:59,762.6,1627356
2021-05-27 10:03:00,762.5,1627383
2021-05-27 10:03:01,762.5,1627383
2021-05-27 10:03:02,762.6,1627394
2021-05-27 10:03:03,762.6,1627495
2021-05-27 10:03:04,762.5,1627745
2021-05-27 10:03:06,762.45,1630939
2021-05-27 10:03:07,762.55,1631069
2021-05-27 10:03:08,762.55,1631069
2021-05-27 10:03:09,762.55,1631069
2021-05-27 10:03:10,762.4,1631070
2021-05-27 10:03:12,762.5,1631100
2021-05-27 10:03:13,762.5,1631100
2021-05-27 10:03:14,762.55,1631153
2021-05-27 10:03:15,762.6,1631381
2021-05-27 10:03:16,762.5,1631385
2021-05-27 10:03:17,762.45,1631387
2021-05-27 10:03:18,762.6,1631587
2021-05-27 10:03:19,762.6,1631587
2021-05-27 10:03:20,762.6,1631592
2021-05-27 10:03:21,762.6,1631592
2021-05-27 10:03:22,762.6,1631655
2021-05-27 10:03:23,762.6,1631655
2021-05-27 10:03:24,762.6,1631665
2021-05-27 10:03:25,762.6,1631775
2021-05-27 10:03:26,762.6,1631775
2021-05-27 10:03:27,762.6,1631845
2021-05-27 10:03:28,762.3,1632300
2021-05-27 10:03:29,762.3,1632301
2021-05-27 10:03:30,762.5,1632306
2021-05-27 10:03:31,762.5,1632372
2021-05-27 10:03:32,762.55,1632579
2021-05-27 10:03:33,762.55,1632609
2021-05-27 10:03:34,762.55,1632609
2021-05-27 10:03:35,762.55,1632609
2021-05-27 10:03:36,762.3,1632713
2021-05-27 10:03:37,762.55,1632780
2021-05-27 10:03:39,762.6,1634993
2021-05-27 10:03:40,762.6,1635759
2021-05-27 10:03:41,762.6,1635759
2021-05-27 10:03:42,762.6,1635759
2021-05-27 10:03:43,762.6,1636157
2021-05-27 10:03:44,762.6,1636157
2021-05-27 10:03:45,762.6,1636158
2021-05-27 10:03:46,762.5,1636275
2021-05-27 10:03:47,762.4,1636276
2021-05-27 10:03:48,762.4,1636278
2021-05-27 10:03:49,762.5,1636380
2021-05-27 10:03:50,762.5,1636380
2021-05-27 10:03:51,762.5,1636390
2021-05-27 10:03:52,762.5,1636435
2021-05-27 10:03:54,762.7,1637336
2021-05-27 10:03:56,762.7,1637336
2021-05-27 10:03:57,762.7,1637336
2021-05-27 10:03:58,762.7,1637428
2021-05-27 10:03:59,762.7,1637428
2021-05-27 10:04:00,762.7,1637428
2021-05-27 10:04:01,762.7,1637548
2021-05-27 10:04:02,762.7,1637699
2021-05-27 10:04:04,762.7,1637949
2021-05-27 10:04:03,762.7,1637949
2021-05-27 10:04:05,762.7,1638051
2021-05-27 10:04:06,762.65,1638059
2021-05-27 10:04:07,762.7,1638089
2021-05-27 10:04:08,762.8,1638206
2021-05-27 10:04:09,762.7,1638306
2021-05-27 10:04:10,762.7,1638322
2021-05-27 10:04:11,762.9,1638538
2021-05-27 10:04:12,762.9,1638538
2021-05-27 10:04:13,763.0,1642209
2021-05-27 10:04:14,763.0,1642209
2021-05-27 10:04:15,763.25,1645026
2021-05-27 10:04:16,762.7,1645856
2021-05-27 10:04:17,763.35,1646856
2021-05-27 10:04:18,763.3,1646871
2021-05-27 10:04:19,763.15,1646881
2021-05-27 10:04:20,763.15,1646881
2021-05-27 10:04:21,763.4,1646991
2021-05-27 10:04:22,763.2,1647006
2021-05-27 10:04:23,763.25,1647031
2021-05-27 10:04:24,763.25,1647031
2021-05-27 10:04:25,763.25,1647071
2021-05-27 10:04:26,763.25,1647622
2021-05-27 10:04:29,763.25,1647778
2021-05-27 10:04:30,763.0,1649551
2021-05-27 10:04:31,763.35,1649561
2021-05-27 10:04:32,763.45,1649861
2021-05-27 10:04:33,763.45,1649861
2021-05-27 10:04:34,763.2,1649961
2021-05-27 10:04:35,763.5,1649971
2021-05-27 10:04:36,763.3,1649976
2021-05-27 10:04:37,763.5,1650060
2021-05-27 10:04:38,763.1,1650560
2021-05-27 10:04:39,763.1,1650560
2021-05-27 10:04:40,763.25,1650740
2021-05-27 10:04:41,763.25,1650780
2021-05-27 10:04:42,763.25,1650822
2021-05-27 10:04:43,763.25,1650834
2021-05-27 10:04:44,763.05,1650836
2021-05-27 10:04:45,763.05,1650836
2021-05-27 10:04:46,763.05,1650886
2021-05-27 10:04:47,763.2,1650891
2021-05-27 10:04:48,763.2,1650891
2021-05-27 10:04:49,763.2,1650911
2021-05-27 10:04:50,763.1,1651037
2021-05-27 10:04:51,763.2,1651151
2021-05-27 10:04:52,763.2,1651188
2021-05-27 10:04:53,763.25,1651322
2021-05-27 10:04:54,763.45,1651335
2021-05-27 10:04:55,763.45,1651365
2021-05-27 10:04:56,763.45,1651376
2021-05-27 10:04:57,763.45,1651376
2021-05-27 10:04:58,763.45,1651376
2021-05-27 10:05:00,763.5,1651482
2021-05-27 10:05:02,763.55,1658633
2021-05-27 10:05:03,763.4,1658636
2021-05-27 10:05:03,763.4,1658634
2021-05-27 10:05:04,763.45,1658793
2021-05-27 10:05:05,763.65,1659115
2021-05-27 10:05:06,763.65,1659207
2021-05-27 10:05:08,763.65,1659267
2021-05-27 10:05:09,763.65,1660752
2021-05-27 10:05:11,763.65,1660852
2021-05-27 10:05:11,763.65,1660852
2021-05-27 10:05:12,763.65,1660882
2021-05-27 10:05:13,763.65,1661532
2021-05-27 10:05:15,763.55,1661652
2021-05-27 10:05:16,763.6,1661852
2021-05-27 10:05:17,763.65,1662125
2021-05-27 10:05:17,763.6,1662135
2021-05-27 10:05:19,763.65,1662160
2021-05-27 10:05:19,763.6,1662260
2021-05-27 10:05:21,763.65,1662670
2021-05-27 10:05:22,763.65,1662772
2021-05-27 10:05:23,763.65,1662772
2021-05-27 10:05:24,763.65,1662772
2021-05-27 10:05:25,763.7,1662852
2021-05-27 10:05:27,763.7,1662852
2021-05-27 10:05:27,763.7,1662852
2021-05-27 10:05:28,763.7,1662852
2021-05-27 10:05:30,763.75,1663352
2021-05-27 10:05:31,763.75,1663542
2021-05-27 10:05:32,763.75,1663542
2021-05-27 10:05:33,763.75,1663693
2021-05-27 10:05:34,763.75,1663899
2021-05-27 10:05:35,763.75,1663899
2021-05-27 10:05:36,763.75,1663968
2021-05-27 10:05:37,763.75,1664176
2021-05-27 10:05:39,763.75,1664403
2021-05-27 10:05:40,763.85,1664687
2021-05-27 10:05:41,763.7,1665387
2021-05-27 10:05:42,763.85,1665433
2021-05-27 10:05:44,763.75,1665507
2021-05-27 10:05:44,763.75,1665539
2021-05-27 10:05:45,763.75,1667364
2021-05-27 10:05:46,763.4,1670833
2021-05-27 10:05:48,763.35,1670981
2021-05-27 10:05:48,763.35,1670981
2021-05-27 10:05:50,763.6,1671117
2021-05-27 10:05:51,763.75,1671723
2021-05-27 10:05:52,763.75,1671928
2021-05-27 10:05:53,763.45,1671939
2021-05-27 10:05:54,763.45,1671939
2021-05-27 10:05:54,763.45,1671939
2021-05-27 10:05:56,763.75,1672412
2021-05-27 10:05:57,763.5,1672527
2021-05-27 10:05:58,763.5,1672527
2021-05-27 10:06:00,763.5,1672655
2021-05-27 10:06:01,763.5,1672687
2021-05-27 10:06:02,763.5,1672687
2021-05-27 10:06:03,763.7,1672827
2021-05-27 10:06:04,763.7,1672827
2021-05-27 10:06:07,763.3,1674939
2021-05-27 10:06:09,763.4,1675119
2021-05-27 10:06:10,763.4,1675119
2021-05-27 10:06:11,763.4,1675119
2021-05-27 10:06:12,763.4,1675129
2021-05-27 10:06:13,763.4,1675129
2021-05-27 10:06:15,763.45,1675159
2021-05-27 10:06:16,763.45,1675159
2021-05-27 10:06:17,763.4,1675446
2021-05-27 10:06:19,763.4,1675448
2021-05-27 10:06:20,763.15,1675450
2021-05-27 10:06:20,763.15,1675450
2021-05-27 10:06:21,763.3,1675492
2021-05-27 10:06:22,763.05,1675712
2021-05-27 10:06:23,763.0,1676094
2021-05-27 10:06:24,763.0,1676094
2021-05-27 10:06:25,763.15,1676104
2021-05-27 10:06:26,763.3,1676124
2021-05-27 10:06:27,763.0,1676329
2021-05-27 10:06:28,763.0,1676379
2021-05-27 10:06:29,763.3,1676439
2021-05-27 10:06:30,763.15,1676449
2021-05-27 10:06:31,763.15,1676459
2021-05-27 10:06:32,763.15,1676474
2021-05-27 10:06:33,763.15,1676500
2021-05-27 10:06:34,763.15,1676500
2021-05-27 10:06:35,763.3,1677510
2021-05-27 10:06:36,763.3,1677560
2021-05-27 10:06:37,763.3,1677660
2021-05-27 10:06:39,763.25,1678255
2021-05-27 10:06:41,763.25,1678264
2021-05-27 10:06:42,763.15,1678284
2021-05-27 10:06:42,763.25,1678264
2021-05-27 10:06:43,763.25,1678384
2021-05-27 10:06:44,763.25,1678384
2021-05-27 10:06:46,763.15,1678586
2021-05-27 10:06:47,763.15,1678616
2021-05-27 10:06:48,763.3,1679623
2021-05-27 10:06:49,763.25,1679673
2021-05-27 10:06:50,763.15,1679683
2021-05-27 10:06:51,763.1,1679734
2021-05-27 10:06:52,763.25,1679784
2021-05-27 10:06:53,763.3,1680156
2021-05-27 10:06:54,763.25,1680166
2021-05-27 10:06:55,763.25,1680166
2021-05-27 10:06:56,763.35,1680366
2021-05-27 10:06:57,763.25,1680391
2021-05-27 10:06:58,763.35,1680491
2021-05-27 10:06:59,763.25,1680566
2021-05-27 10:07:00,763.25,1680571
2021-05-27 10:07:01,763.25,1680596
2021-05-27 10:07:03,763.25,1680661
2021-05-27 10:07:03,763.25,1680661
2021-05-27 10:07:04,763.3,1680723
2021-05-27 10:07:05,763.3,1680823
2021-05-27 10:07:06,763.3,1681162
2021-05-27 10:07:07,763.3,1681352
2021-05-27 10:07:09,763.35,1681399
2021-05-27 10:07:10,763.35,1681399
2021-05-27 10:07:12,763.35,1681521
2021-05-27 10:07:13,763.3,1681701
2021-05-27 10:07:14,763.3,1681772
2021-05-27 10:07:15,763.3,1681933
2021-05-27 10:07:15,763.3,1682565
2021-05-27 10:07:16,763.25,1683417
2021-05-27 10:07:21,763.35,1684896
2021-05-27 10:07:21,763.35,1684896
2021-05-27 10:07:22,763.35,1684896
2021-05-27 10:07:23,763.35,1684896
2021-05-27 10:07:24,763.35,1684898
2021-05-27 10:07:25,763.35,1685178
2021-05-27 10:07:26,763.6,1690839
2021-05-27 10:07:27,763.6,1690856
2021-05-27 10:07:28,763.6,1690856
2021-05-27 10:07:30,763.6,1690856
2021-05-27 10:07:31,763.6,1690856
2021-05-27 10:07:32,763.8,1691081
2021-05-27 10:07:33,763.8,1691101
2021-05-27 10:07:34,763.8,1691201
2021-05-27 10:07:34,763.8,1691301
2021-05-27 10:07:36,763.8,1691523
2021-05-27 10:07:37,763.8,1691523
2021-05-27 10:07:39,763.7,1691646
2021-05-27 10:07:40,763.6,1691676
2021-05-27 10:07:41,763.6,1691701
2021-05-27 10:07:42,763.7,1691741
2021-05-27 10:07:43,763.7,1691751
2021-05-27 10:07:44,763.7,1691751
2021-05-27 10:07:45,763.6,1692126
2021-05-27 10:07:47,763.6,1692126
2021-05-27 10:07:48,763.6,1692158
2021-05-27 10:07:49,763.6,1692288
2021-05-27 10:07:50,763.55,1692311
2021-05-27 10:07:52,763.6,1693755
2021-05-27 10:07:53,763.6,1693763
2021-05-27 10:07:55,763.6,1696486
2021-05-27 10:07:56,763.35,1696493
2021-05-27 10:07:57,763.7,1696949
2021-05-27 10:07:59,763.7,1697243
2021-05-27 10:08:00,763.7,1697477
2021-05-27 10:08:01,763.7,1697477
2021-05-27 10:08:02,763.6,1702426
2021-05-27 10:08:02,763.9,1702439
2021-05-27 10:08:03,763.9,1702439
2021-05-27 10:08:04,763.65,1702459
2021-05-27 10:08:06,763.9,1702577
2021-05-27 10:08:06,763.65,1702578
2021-05-27 10:08:08,763.55,1703628
2021-05-27 10:08:07,763.55,1703628
2021-05-27 10:08:09,763.45,1704128
2021-05-27 10:08:11,763.85,1704255
2021-05-27 10:08:12,763.6,1704582
2021-05-27 10:08:13,763.5,1704590
2021-05-27 10:08:15,763.6,1704790
2021-05-27 10:08:15,763.6,1704790
2021-05-27 10:08:17,763.6,1704790
2021-05-27 10:08:18,763.7,1705022
2021-05-27 10:08:19,763.75,1705083
2021-05-27 10:08:20,763.55,1705098
2021-05-27 10:08:21,763.55,1705098
2021-05-27 10:08:22,763.75,1705199
2021-05-27 10:08:22,763.75,1705199
2021-05-27 10:08:23,763.75,1705199
2021-05-27 10:08:25,763.8,1705205
2021-05-27 10:08:26,763.8,1705205
2021-05-27 10:08:28,763.8,1705315
2021-05-27 10:08:29,763.6,1705425
2021-05-27 10:08:32,763.7,1705780
2021-05-27 10:08:33,763.6,1705783
2021-05-27 10:08:34,763.6,1705793
2021-05-27 10:08:35,763.7,1705843
2021-05-27 10:08:36,763.7,1705843
2021-05-27 10:08:39,763.5,1706843
2021-05-27 10:08:39,763.65,1706902
2021-05-27 10:08:40,763.65,1706902
2021-05-27 10:08:41,763.6,1706903
2021-05-27 10:08:42,763.5,1707018
2021-05-27 10:08:43,763.5,1707019
2021-05-27 10:08:44,763.65,1707069
2021-05-27 10:08:45,763.5,1707129
2021-05-27 10:08:48,763.65,1709328
2021-05-27 10:08:49,763.65,1709350
2021-05-27 10:08:50,763.6,1709352
2021-05-27 10:08:51,763.65,1709452
2021-05-27 10:08:52,763.7,1710426
2021-05-27 10:08:52,763.7,1710426
2021-05-27 10:08:53,763.5,1710526
2021-05-27 10:08:54,763.5,1710526
2021-05-27 10:08:55,763.7,1711138
2021-05-27 10:08:56,763.7,1711177
2021-05-27 10:08:57,763.65,1711279
2021-05-27 10:08:58,763.85,1711479
2021-05-27 10:08:59,763.7,1711506
2021-05-27 10:09:00,763.8,1712676
2021-05-27 10:09:01,763.65,1712689
2021-05-27 10:09:03,763.75,1712902
2021-05-27 10:09:04,763.8,1713402
2021-05-27 10:09:05,763.8,1713777
2021-05-27 10:09:06,763.8,1713797
2021-05-27 10:09:07,763.65,1713802
2021-05-27 10:09:08,763.65,1714304
2021-05-27 10:09:10,763.65,1714316
2021-05-27 10:09:10,763.65,1714316
2021-05-27 10:09:11,763.7,1714404
2021-05-27 10:09:12,763.65,1714907
2021-05-27 10:09:14,763.65,1714942
2021-05-27 10:09:15,763.7,1715256
2021-05-27 10:09:16,763.65,1717477
2021-05-27 10:09:17,763.65,1717507
2021-05-27 10:09:17,763.55,1717628
2021-05-27 10:09:18,763.3,1717685
2021-05-27 10:09:19,763.3,1717685
2021-05-27 10:09:20,763.6,1717785
2021-05-27 10:09:22,763.6,1717840
2021-05-27 10:09:23,763.75,1718040
2021-05-27 10:09:24,763.5,1718065
2021-05-27 10:09:25,763.5,1718390
2021-05-27 10:09:26,763.8,1718448
2021-05-27 10:09:27,763.8,1718448
2021-05-27 10:09:27,763.55,1718458
2021-05-27 10:09:28,763.55,1718458
2021-05-27 10:09:29,763.85,1718901
2021-05-27 10:09:30,763.85,1719051
2021-05-27 10:09:31,763.85,1719051
2021-05-27 10:09:33,763.85,1719051
2021-05-27 10:09:34,763.7,1719152
2021-05-27 10:09:35,763.5,1719382
2021-05-27 10:09:36,763.5,1719382
2021-05-27 10:09:37,763.55,1719412
2021-05-27 10:09:37,763.55,1719432
2021-05-27 10:09:38,763.5,1719475
2021-05-27 10:09:39,763.45,1719856
2021-05-27 10:09:40,763.45,1719856
2021-05-27 10:09:41,763.5,1721927
2021-05-27 10:09:42,763.45,1721948
2021-05-27 10:09:43,763.25,1721989
2021-05-27 10:09:44,763.5,1721994
2021-05-27 10:09:45,763.5,1721994
2021-05-27 10:09:46,763.25,1722023
2021-05-27 10:09:48,763.0,1724495
2021-05-27 10:09:49,763.05,1724496
2021-05-27 10:09:50,763.25,1724606
2021-05-27 10:09:51,763.05,1724686
2021-05-27 10:09:52,763.25,1724696
2021-05-27 10:09:53,763.25,1725511
2021-05-27 10:09:53,762.9,1727628
2021-05-27 10:09:54,762.9,1727628
2021-05-27 10:09:55,762.95,1727781
2021-05-27 10:09:56,762.95,1727811
2021-05-27 10:09:57,762.95,1727998
2021-05-27 10:09:58,763.05,1728148
2021-05-27 10:09:59,763.3,1728208
2021-05-27 10:10:01,763.15,1730299
2021-05-27 10:10:02,763.15,1730299
2021-05-27 10:10:03,763.2,1730340
2021-05-27 10:10:04,763.2,1730340
2021-05-27 10:10:05,763.0,1731340
2021-05-27 10:10:06,763.0,1731390
2021-05-27 10:10:07,763.0,1732093
2021-05-27 10:10:08,763.15,1732123
2021-05-27 10:10:09,763.2,1732143
2021-05-27 10:10:10,763.0,1733737
2021-05-27 10:10:11,762.85,1734237
2021-05-27 10:10:13,762.85,1734237
2021-05-27 10:10:14,763.0,1734262
2021-05-27 10:10:15,763.0,1734262
2021-05-27 10:10:16,762.9,1734910
2021-05-27 10:10:17,763.0,1735023
2021-05-27 10:10:18,763.0,1735113
2021-05-27 10:10:19,763.0,1735372
2021-05-27 10:10:20,763.0,1735674
2021-05-27 10:10:21,763.0,1735674
2021-05-27 10:10:23,762.9,1735992
2021-05-27 10:10:24,762.9,1736068
2021-05-27 10:10:25,763.3,1737593
2021-05-27 10:10:26,763.3,1737794
2021-05-27 10:10:27,762.9,1737795
2021-05-27 10:10:27,762.9,1737795
2021-05-27 10:10:29,763.1,1737805
2021-05-27 10:10:30,763.1,1737805
2021-05-27 10:10:32,763.0,1737923
2021-05-27 10:10:33,763.0,1738056
2021-05-27 10:10:35,763.0,1738116
2021-05-27 10:10:36,763.0,1738133
2021-05-27 10:10:37,763.0,1738133
2021-05-27 10:10:38,763.1,1738233
2021-05-27 10:10:39,763.05,1738234
2021-05-27 10:10:40,763.05,1738339
2021-05-27 10:10:41,763.0,1738519
2021-05-27 10:10:42,763.0,1738619
2021-05-27 10:10:43,763.0,1738619
2021-05-27 10:10:44,763.0,1738619
2021-05-27 10:10:45,763.0,1738669
2021-05-27 10:10:46,762.9,1739652
2021-05-27 10:10:48,762.95,1739754
2021-05-27 10:10:49,763.0,1739861
2021-05-27 10:10:50,762.9,1739911
2021-05-27 10:10:51,762.9,1739911
2021-05-27 10:10:52,762.9,1739954
2021-05-27 10:10:54,762.95,1741663
2021-05-27 10:10:55,762.95,1741663
2021-05-27 10:10:56,762.7,1741688
2021-05-27 10:10:57,763.0,1741726
2021-05-27 10:10:57,763.1,1741806
2021-05-27 10:10:58,763.1,1741806
2021-05-27 10:10:59,763.0,1741936
2021-05-27 10:11:00,763.05,1742342
2021-05-27 10:11:01,762.9,1742393
2021-05-27 10:11:02,762.9,1742393
2021-05-27 10:11:03,762.95,1742448
2021-05-27 10:11:05,762.9,1742509
2021-05-27 10:11:06,762.7,1743180
2021-05-27 10:11:07,762.75,1743280
2021-05-27 10:11:08,762.9,1743460
2021-05-27 10:11:09,762.7,1743462
2021-05-27 10:11:10,762.7,1743512
2021-05-27 10:11:11,762.7,1743537
2021-05-27 10:11:12,762.7,1743537
2021-05-27 10:11:13,762.75,1744249
2021-05-27 10:11:13,762.75,1744349
2021-05-27 10:11:14,762.7,1744513
2021-05-27 10:11:15,762.55,1745275
2021-05-27 10:11:16,762.55,1745275
2021-05-27 10:11:18,762.55,1745374
2021-05-27 10:11:19,762.55,1745374
2021-05-27 10:11:20,762.7,1745962
2021-05-27 10:11:21,762.7,1747684
2021-05-27 10:11:22,762.7,1747724
2021-05-27 10:11:23,762.7,1749536
2021-05-27 10:11:24,762.7,1749536
2021-05-27 10:11:25,762.7,1749536
2021-05-27 10:11:26,762.7,1749541
2021-05-27 10:11:28,762.55,1749556
2021-05-27 10:11:29,762.55,1749656
2021-05-27 10:11:31,762.55,1749781
2021-05-27 10:11:32,762.55,1749814
2021-05-27 10:11:33,762.55,1749814
2021-05-27 10:11:34,762.7,1749974
2021-05-27 10:11:35,762.75,1751224
2021-05-27 10:11:36,762.75,1751224
2021-05-27 10:11:37,762.55,1751262
2021-05-27 10:11:38,762.5,1751400
2021-05-27 10:11:39,762.6,1751563
2021-05-27 10:11:40,762.6,1751585
2021-05-27 10:11:41,762.6,1751735
2021-05-27 10:11:42,762.55,1751747
2021-05-27 10:11:43,762.55,1751747
2021-05-27 10:11:44,762.55,1751747
2021-05-27 10:11:45,762.55,1751747
2021-05-27 10:11:45,762.55,1751753
2021-05-27 10:11:47,762.55,1752128
2021-05-27 10:11:48,762.55,1752153
2021-05-27 10:11:49,762.6,1753140
2021-05-27 10:11:50,762.6,1753190
2021-05-27 10:11:53,762.5,1754409
2021-05-27 10:11:54,762.6,1754473
2021-05-27 10:11:57,762.9,1755316
2021-05-27 10:11:58,762.75,1755333
2021-05-27 10:11:59,762.8,1755336
2021-05-27 10:12:00,762.8,1755336
2021-05-27 10:12:01,762.6,1755436
2021-05-27 10:12:02,762.55,1755518
2021-05-27 10:12:03,762.75,1755523
2021-05-27 10:12:04,762.8,1755556
2021-05-27 10:12:05,762.8,1755556
2021-05-27 10:12:06,762.55,1755659
2021-05-27 10:12:07,762.85,1755739
2021-05-27 10:12:08,762.85,1755739
2021-05-27 10:12:09,762.65,1756182
2021-05-27 10:12:10,762.6,1756194
2021-05-27 10:12:11,762.65,1756321
2021-05-27 10:12:12,762.55,1756347
2021-05-27 10:12:12,762.5,1756597
2021-05-27 10:12:13,762.5,1756597
2021-05-27 10:12:15,762.4,1757177
2021-05-27 10:12:16,762.35,1759075
2021-05-27 10:12:17,762.3,1759125
2021-05-27 10:12:18,762.45,1759315
2021-05-27 10:12:19,762.6,1759432
2021-05-27 10:12:20,762.65,1759496
2021-05-27 10:12:21,762.65,1759532
2021-05-27 10:12:22,762.3,1759582
2021-05-27 10:12:23,762.4,1759584
2021-05-27 10:12:26,762.4,1759620
2021-05-27 10:12:27,762.4,1759635
2021-05-27 10:12:27,762.4,1759635
2021-05-27 10:12:29,762.4,1759695
2021-05-27 10:12:31,762.6,1759763
2021-05-27 10:12:32,762.6,1759969
2021-05-27 10:12:32,762.6,1759969
2021-05-27 10:12:33,762.6,1759974
2021-05-27 10:12:34,762.6,1759974
2021-05-27 10:12:36,762.4,1760074
2021-05-27 10:12:37,762.6,1760104
2021-05-27 10:12:38,762.55,1760314
2021-05-27 10:12:39,762.55,1760314
2021-05-27 10:12:40,762.25,1760887
2021-05-27 10:12:41,762.45,1760893
2021-05-27 10:12:42,762.4,1760978
2021-05-27 10:12:43,762.45,1761146
2021-05-27 10:12:44,762.5,1761196
2021-05-27 10:12:45,762.3,1761346
2021-05-27 10:12:46,762.25,1761942
2021-05-27 10:12:47,762.25,1761944
2021-05-27 10:12:48,762.25,1761944
2021-05-27 10:12:49,762.25,1762019
2021-05-27 10:12:50,761.9,1773704
2021-05-27 10:12:51,762.3,1776237
2021-05-27 10:12:51,762.3,1776267
2021-05-27 10:12:52,762.0,1776456
2021-05-27 10:12:53,761.95,1776838
2021-05-27 10:12:54,761.95,1776838
2021-05-27 10:12:55,762.6,1777023
2021-05-27 10:12:56,762.6,1778044
2021-05-27 10:12:57,762.6,1778044
2021-05-27 10:12:58,763.0,1778380
2021-05-27 10:13:01,762.65,1778719
2021-05-27 10:13:02,762.6,1778734
2021-05-27 10:13:03,762.6,1778738
2021-05-27 10:13:04,762.3,1779470
2021-05-27 10:13:05,762.3,1779470
2021-05-27 10:13:06,762.3,1779470
2021-05-27 10:13:07,762.35,1779481
2021-05-27 10:13:08,762.25,1779956
2021-05-27 10:13:09,762.25,1779956
2021-05-27 10:13:10,762.4,1779986
2021-05-27 10:13:12,762.35,1780059
2021-05-27 10:13:13,762.35,1780059
2021-05-27 10:13:14,762.1,1780061
2021-05-27 10:13:15,762.1,1780627
2021-05-27 10:13:16,762.1,1780628
2021-05-27 10:13:17,762.1,1780628
2021-05-27 10:13:18,762.05,1780629
2021-05-27 10:13:19,762.0,1781829
2021-05-27 10:13:20,762.1,1781905
2021-05-27 10:13:21,762.1,1781920
2021-05-27 10:13:22,762.1,1782004
2021-05-27 10:13:23,762.1,1782019
2021-05-27 10:13:24,762.1,1782586
2021-05-27 10:13:24,762.1,1782586
2021-05-27 10:13:26,762.2,1783086
2021-05-27 10:13:27,761.85,1783108
2021-05-27 10:13:28,762.25,1783265
2021-05-27 10:13:29,762.1,1783410
2021-05-27 10:13:30,762.1,1783542
2021-05-27 10:13:31,762.1,1783543
2021-05-27 10:13:31,762.1,1783543
2021-05-27 10:13:32,762.25,1783743
2021-05-27 10:13:34,762.25,1784243
2021-05-27 10:13:36,762.25,1786038
2021-05-27 10:13:37,762.1,1786040
2021-05-27 10:13:38,762.25,1786046
2021-05-27 10:13:39,762.15,1786256
2021-05-27 10:13:40,762.1,1786271
2021-05-27 10:13:41,762.1,1786441
2021-05-27 10:13:42,762.0,1787939
2021-05-27 10:13:43,762.0,1787950
2021-05-27 10:13:44,761.95,1788150
2021-05-27 10:13:47,762.25,1789734
2021-05-27 10:13:48,762.25,1790305
2021-05-27 10:13:49,762.25,1790305
2021-05-27 10:13:50,762.25,1790305
2021-05-27 10:13:51,762.85,1792786
2021-05-27 10:13:52,762.85,1792786
2021-05-27 10:13:53,762.85,1792889
2021-05-27 10:13:54,763.05,1796544
2021-05-27 10:13:55,763.05,1796622
2021-05-27 10:13:56,762.9,1796864
2021-05-27 10:13:57,762.85,1797018
2021-05-27 10:13:59,762.9,1797049
2021-05-27 10:14:00,763.0,1797251
2021-05-27 10:14:01,762.85,1797252
2021-05-27 10:14:02,763.15,1797322
2021-05-27 10:14:03,762.85,1797342
2021-05-27 10:14:04,762.85,1797343
2021-05-27 10:14:05,763.0,1797348
2021-05-27 10:14:06,763.15,1797388
2021-05-27 10:14:07,762.95,1797394
2021-05-27 10:14:08,763.05,1798055
2021-05-27 10:14:09,763.05,1798055
2021-05-27 10:14:11,763.0,1798111
2021-05-27 10:14:12,763.0,1798259
2021-05-27 10:14:13,763.05,1800371
2021-05-27 10:14:14,763.05,1800371
2021-05-27 10:14:15,762.95,1800372
2021-05-27 10:14:16,763.05,1800834
2021-05-27 10:14:17,763.05,1800834
2021-05-27 10:14:18,763.0,1800835
2021-05-27 10:14:19,763.15,1801864
2021-05-27 10:14:20,763.15,1803028
2021-05-27 10:14:22,763.5,1803288
2021-05-27 10:14:23,763.3,1803336
2021-05-27 10:14:24,763.15,1803366
2021-05-27 10:14:26,763.5,1803488
2021-05-27 10:14:27,763.5,1803490
2021-05-27 10:14:28,763.8,1811468
2021-05-27 10:14:29,763.4,1812594
2021-05-27 10:14:30,763.8,1813034
2021-05-27 10:14:31,763.5,1813099
2021-05-27 10:14:32,763.55,1813341
2021-05-27 10:14:34,763.8,1813592
2021-05-27 10:14:33,763.55,1813458
2021-05-27 10:14:35,763.9,1821913
2021-05-27 10:14:36,763.8,1821963
2021-05-27 10:14:37,763.95,1822263
2021-05-27 10:14:38,764.0,1822535
2021-05-27 10:14:39,763.8,1822690
2021-05-27 10:14:40,763.8,1822720
2021-05-27 10:14:41,763.8,1823724
2021-05-27 10:14:42,763.95,1823829
2021-05-27 10:14:43,763.8,1823851
2021-05-27 10:14:45,763.95,1824181
2021-05-27 10:14:44,763.95,1824181
2021-05-27 10:14:46,764.2,1836371
2021-05-27 10:14:47,763.95,1836427
2021-05-27 10:14:48,763.95,1838315
2021-05-27 10:14:49,764.25,1838365
2021-05-27 10:14:50,764.0,1838465
2021-05-27 10:14:51,763.95,1838650
2021-05-27 10:14:52,763.95,1838803
2021-05-27 10:14:54,764.0,1838824
2021-05-27 10:14:55,764.0,1838824
2021-05-27 10:14:56,764.0,1838824
2021-05-27 10:14:57,764.0,1838824
2021-05-27 10:14:58,764.25,1839264
2021-05-27 10:14:59,764.2,1839352
2021-05-27 10:15:00,764.0,1839655
2021-05-27 10:15:01,764.2,1839799
2021-05-27 10:15:02,764.0,1840378
2021-05-27 10:15:03,764.0,1840413
2021-05-27 10:15:04,764.0,1840428
2021-05-27 10:15:05,764.15,1840611
2021-05-27 10:15:06,764.0,1840687
2021-05-27 10:15:07,764.0,1840717
2021-05-27 10:15:08,764.05,1841253
2021-05-27 10:15:09,764.05,1841289
2021-05-27 10:15:10,764.05,1841390
2021-05-27 10:15:11,763.8,1841421
2021-05-27 10:15:12,764.05,1841450
2021-05-27 10:15:13,764.05,1841450
2021-05-27 10:15:14,764.0,1841562
2021-05-27 10:15:15,763.8,1841651
2021-05-27 10:15:16,763.7,1843517
2021-05-27 10:15:17,763.8,1843567
2021-05-27 10:15:18,763.8,1844188
2021-05-27 10:15:19,763.8,1844458
2021-05-27 10:15:20,763.5,1844768
2021-05-27 10:15:21,763.8,1845384
2021-05-27 10:15:22,763.8,1845594
2021-05-27 10:15:23,763.5,1845634
2021-05-27 10:15:25,763.55,1845804
2021-05-27 10:15:26,763.55,1845804
2021-05-27 10:15:27,763.65,1845805
2021-05-27 10:15:28,763.55,1845825
2021-05-27 10:15:29,763.95,1846075
2021-05-27 10:15:30,763.95,1846075
2021-05-27 10:15:31,763.65,1846076
2021-05-27 10:15:32,763.65,1846076
2021-05-27 10:15:33,763.65,1846176
2021-05-27 10:15:34,764.0,1846258
2021-05-27 10:15:35,763.95,1846390
2021-05-27 10:15:36,763.6,1846690
2021-05-27 10:15:37,764.0,1846792
2021-05-27 10:15:38,763.8,1847080
2021-05-27 10:15:39,763.8,1848080
2021-05-27 10:15:40,763.8,1848210
2021-05-27 10:15:42,763.8,1848340
2021-05-27 10:15:43,763.8,1848821
2021-05-27 10:15:44,763.8,1848872
2021-05-27 10:15:45,763.8,1848872
2021-05-27 10:15:46,763.8,1848872
2021-05-27 10:15:47,763.9,1848873
2021-05-27 10:15:48,763.8,1848912
2021-05-27 10:15:49,764.0,1849003
2021-05-27 10:15:50,763.8,1849102
2021-05-27 10:15:51,764.0,1849112
2021-05-27 10:15:52,764.0,1849112
2021-05-27 10:15:53,763.9,1849617
2021-05-27 10:15:54,763.9,1849617
2021-05-27 10:15:55,763.95,1849623
2021-05-27 10:15:56,763.8,1849697
2021-05-27 10:15:57,763.8,1850698
2021-05-27 10:15:58,764.0,1850798
2021-05-27 10:15:59,763.8,1850919
2021-05-27 10:16:00,763.8,1851419
2021-05-27 10:16:01,764.0,1851479
2021-05-27 10:16:02,764.0,1851799
2021-05-27 10:16:03,764.0,1851799
2021-05-27 10:16:05,764.0,1852255
2021-05-27 10:16:04,763.9,1851955
2021-05-27 10:16:06,764.0,1852285
2021-05-27 10:16:07,764.0,1852285
2021-05-27 10:16:08,763.9,1852804
2021-05-27 10:16:09,763.9,1852815
2021-05-27 10:16:10,763.8,1852852
2021-05-27 10:16:11,763.9,1852854
2021-05-27 10:16:12,763.9,1852864
2021-05-27 10:16:13,763.8,1852885
2021-05-27 10:16:14,763.9,1852989
2021-05-27 10:16:16,763.9,1852990
2021-05-27 10:16:17,763.7,1854935
2021-05-27 10:16:18,763.7,1854935
2021-05-27 10:16:19,763.8,1854940
2021-05-27 10:16:20,763.8,1854940
2021-05-27 10:16:21,763.7,1854945
2021-05-27 10:16:22,763.7,1855145
2021-05-27 10:16:23,763.8,1855620
2021-05-27 10:16:24,763.7,1856217
2021-05-27 10:16:25,763.7,1856217
2021-05-27 10:16:26,763.7,1856217
2021-05-27 10:16:27,763.6,1856218
2021-05-27 10:16:28,763.6,1856218
2021-05-27 10:16:29,763.6,1856223
2021-05-27 10:16:30,763.6,1857228
2021-05-27 10:16:32,763.5,1857241
2021-05-27 10:16:32,763.5,1857241
2021-05-27 10:16:33,763.7,1857271
2021-05-27 10:16:34,763.7,1857271
2021-05-27 10:16:35,763.7,1857291
2021-05-27 10:16:37,763.7,1857291
2021-05-27 10:16:37,763.7,1857291
2021-05-27 10:16:38,763.5,1857807
2021-05-27 10:16:39,763.6,1857808
2021-05-27 10:16:40,763.6,1857808
2021-05-27 10:16:41,763.6,1857808
2021-05-27 10:16:42,763.5,1857821
2021-05-27 10:16:43,763.5,1857821
2021-05-27 10:16:44,763.6,1857872
2021-05-27 10:16:45,763.5,1858662
2021-05-27 10:16:46,763.45,1858668
2021-05-27 10:16:47,763.45,1858791
2021-05-27 10:16:48,763.45,1858801
2021-05-27 10:16:49,763.6,1859956
2021-05-27 10:16:50,763.5,1859985
2021-05-27 10:16:51,763.8,1860526
2021-05-27 10:16:52,763.5,1860536
2021-05-27 10:16:53,763.5,1860536
2021-05-27 10:16:54,763.5,1860536
2021-05-27 10:16:55,763.5,1860757
2021-05-27 10:16:56,763.4,1860857
2021-05-27 10:16:57,763.7,1861257
2021-05-27 10:16:59,763.55,1861276
2021-05-27 10:16:59,763.55,1861276
2021-05-27 10:17:00,763.75,1861417
2021-05-27 10:17:01,763.75,1861417
2021-05-27 10:17:02,763.75,1861417
2021-05-27 10:17:03,763.7,1861467
2021-05-27 10:17:04,763.55,1861487
2021-05-27 10:17:05,763.6,1861513
2021-05-27 10:17:06,763.55,1861620
2021-05-27 10:17:07,763.65,1861720
2021-05-27 10:17:08,763.6,1861979
2021-05-27 10:17:09,763.6,1861979
2021-05-27 10:17:10,763.6,1861984
2021-05-27 10:17:11,763.6,1862984
2021-05-27 10:17:12,763.6,1862984
2021-05-27 10:17:13,763.6,1862984
2021-05-27 10:17:14,763.6,1862984
2021-05-27 10:17:15,763.55,1863742
2021-05-27 10:17:16,763.55,1863742
2021-05-27 10:17:17,763.55,1863742
2021-05-27 10:17:19,763.5,1863781
2021-05-27 10:17:18,763.5,1863755
2021-05-27 10:17:21,763.55,1864311
2021-05-27 10:17:22,763.5,1864349
2021-05-27 10:17:23,763.5,1865044
2021-05-27 10:17:24,763.5,1865057
2021-05-27 10:17:25,763.3,1865633
2021-05-27 10:17:27,763.3,1865633
2021-05-27 10:17:28,763.3,1865633
2021-05-27 10:17:28,763.3,1865633
2021-05-27 10:17:29,763.55,1865663
2021-05-27 10:17:30,763.55,1865663
2021-05-27 10:17:31,763.45,1865694
2021-05-27 10:17:32,763.5,1865919
2021-05-27 10:17:33,763.3,1865932
2021-05-27 10:17:34,763.3,1865932
2021-05-27 10:17:35,763.3,1865932
2021-05-27 10:17:36,763.4,1866354
2021-05-27 10:17:37,763.4,1866354
2021-05-27 10:17:38,763.5,1866794
2021-05-27 10:17:39,763.3,1866812
2021-05-27 10:17:40,763.3,1866812
2021-05-27 10:17:41,763.35,1867133
2021-05-27 10:17:43,763.35,1867156
2021-05-27 10:17:43,763.3,1868057
2021-05-27 10:17:44,763.3,1868057
2021-05-27 10:17:45,763.3,1868203
2021-05-27 10:17:46,763.15,1868757
2021-05-27 10:17:47,763.15,1868775
2021-05-27 10:17:48,763.2,1869125
2021-05-27 10:17:49,763.05,1869138
2021-05-27 10:17:50,763.05,1869138
2021-05-27 10:17:52,763.2,1869244
2021-05-27 10:17:53,763.0,1871077
2021-05-27 10:17:54,763.0,1871128
2021-05-27 10:17:55,763.0,1871221
2021-05-27 10:17:56,763.0,1871259
2021-05-27 10:18:00,763.0,1874710
2021-05-27 10:18:01,763.0,1874711
2021-05-27 10:18:02,763.0,1874711
2021-05-27 10:18:03,762.95,1874741
2021-05-27 10:18:04,762.9,1874909
2021-05-27 10:18:05,762.8,1874999
2021-05-27 10:18:06,762.8,1874999
2021-05-27 10:18:08,762.95,1875004
2021-05-27 10:18:09,762.95,1875004
2021-05-27 10:18:10,762.95,1875004
2021-05-27 10:18:11,762.8,1875197
2021-05-27 10:18:10,762.8,1875009
2021-05-27 10:18:12,762.85,1875211
2021-05-27 10:18:13,762.8,1875241
2021-05-27 10:18:14,762.85,1875474
2021-05-27 10:18:15,762.8,1876606
2021-05-27 10:18:16,762.75,1876941
2021-05-27 10:18:18,762.7,1876944
2021-05-27 10:18:19,762.75,1876949
2021-05-27 10:18:20,762.8,1877376
2021-05-27 10:18:20,762.8,1877396
2021-05-27 10:18:21,762.7,1877492
2021-05-27 10:18:22,762.8,1877551
2021-05-27 10:18:23,762.55,1877834
2021-05-27 10:18:25,762.95,1880165
2021-05-27 10:18:25,762.95,1880165
2021-05-27 10:18:26,763.0,1880273
2021-05-27 10:18:27,762.9,1880373
2021-05-27 10:18:28,763.35,1880673
2021-05-27 10:18:29,763.4,1880722
2021-05-27 10:18:31,763.25,1880727
2021-05-27 10:18:32,763.25,1880727
2021-05-27 10:18:33,763.25,1880727
2021-05-27 10:18:35,763.25,1880741
2021-05-27 10:18:36,763.45,1880766
2021-05-27 10:18:37,763.3,1880819
2021-05-27 10:18:39,763.3,1880941
2021-05-27 10:18:40,763.3,1880947
2021-05-27 10:18:41,763.3,1880947
2021-05-27 10:18:42,763.3,1880952
2021-05-27 10:18:43,763.4,1880967
2021-05-27 10:18:44,763.3,1882091
2021-05-27 10:18:45,763.3,1882523
2021-05-27 10:18:46,763.3,1882524
2021-05-27 10:18:47,763.3,1882524
2021-05-27 10:18:48,763.25,1882631
2021-05-27 10:18:49,763.25,1882989
2021-05-27 10:18:50,763.3,1882999
2021-05-27 10:18:51,763.3,1883004
2021-05-27 10:18:52,763.3,1883004
2021-05-27 10:18:53,763.25,1883373
2021-05-27 10:18:54,763.25,1883373
2021-05-27 10:18:55,763.25,1883373
2021-05-27 10:18:56,763.25,1883373
2021-05-27 10:18:57,763.25,1883373
2021-05-27 10:18:58,763.25,1883373
2021-05-27 10:18:59,763.3,1883376
2021-05-27 10:19:01,763.25,1883678
2021-05-27 10:19:01,763.25,1884481
2021-05-27 10:19:03,763.25,1884516
2021-05-27 10:19:03,763.25,1884516
2021-05-27 10:19:05,763.3,1884569
2021-05-27 10:19:06,763.3,1884679
2021-05-27 10:19:07,763.3,1884679
2021-05-27 10:19:08,763.5,1887695
2021-05-27 10:19:09,763.3,1887702
2021-05-27 10:19:10,763.3,1887702
2021-05-27 10:19:11,763.3,1887702
2021-05-27 10:19:12,763.3,1887783
2021-05-27 10:19:13,763.3,1887783
2021-05-27 10:19:14,763.1,1888783
2021-05-27 10:19:15,763.1,1888783
2021-05-27 10:19:17,763.5,1888963
2021-05-27 10:19:18,763.2,1889030
2021-05-27 10:19:19,763.5,1889216
2021-05-27 10:19:20,763.5,1889366
2021-05-27 10:19:21,763.5,1889367
2021-05-27 10:19:21,763.5,1889367
2021-05-27 10:19:22,763.4,1889368
2021-05-27 10:19:23,763.4,1889368
2021-05-27 10:19:24,763.4,1889368
2021-05-27 10:19:25,763.5,1889431
2021-05-27 10:19:26,763.5,1889431
2021-05-27 10:19:27,763.5,1889431
2021-05-27 10:19:29,763.4,1889446
2021-05-27 10:19:30,763.5,1889448
2021-05-27 10:19:31,763.5,1889449
2021-05-27 10:19:32,763.5,1889449
2021-05-27 10:19:33,763.5,1889472
2021-05-27 10:19:34,763.3,1889746
2021-05-27 10:19:35,763.3,1889746
2021-05-27 10:19:36,763.4,1889751
2021-05-27 10:19:37,763.4,1889771
2021-05-27 10:19:38,763.25,1889992
2021-05-27 10:19:40,763.1,1890194
2021-05-27 10:19:41,763.1,1890194
2021-05-27 10:19:42,763.1,1890204
2021-05-27 10:19:43,763.1,1890204
2021-05-27 10:19:44,763.1,1890204
2021-05-27 10:19:44,763.1,1890204
2021-05-27 10:19:45,763.1,1890404
2021-05-27 10:19:47,763.1,1890404
2021-05-27 10:19:47,763.1,1890609
2021-05-27 10:19:48,763.1,1890609
2021-05-27 10:19:49,763.1,1890609
2021-05-27 10:19:50,763.1,1890609
2021-05-27 10:19:51,763.1,1890609
2021-05-27 10:19:52,763.1,1890998
2021-05-27 10:19:53,763.1,1892381
2021-05-27 10:19:54,763.1,1892392
2021-05-27 10:19:55,763.2,1892396
2021-05-27 10:19:56,763.2,1892459
2021-05-27 10:19:58,763.1,1893898
2021-05-27 10:19:59,763.1,1893898
2021-05-27 10:20:00,763.1,1893944
2021-05-27 10:20:01,763.05,1893954
2021-05-27 10:20:02,763.05,1893954
2021-05-27 10:20:03,763.1,1894144
2021-05-27 10:20:04,763.1,1894144
2021-05-27 10:20:05,763.1,1894194
2021-05-27 10:20:06,763.0,1894195
2021-05-27 10:20:07,763.0,1894195
2021-05-27 10:20:08,763.0,1896448
2021-05-27 10:20:09,763.0,1896448
2021-05-27 10:20:10,763.0,1896448
2021-05-27 10:20:12,763.0,1896455
2021-05-27 10:20:13,763.2,1897555
2021-05-27 10:20:14,762.95,1903082
2021-05-27 10:20:15,763.05,1903133
2021-05-27 10:20:16,762.95,1903175
2021-05-27 10:20:16,762.95,1903175
2021-05-27 10:20:17,762.55,1904419
2021-05-27 10:20:18,762.95,1904420
2021-05-27 10:20:19,762.95,1904420
2021-05-27 10:20:20,762.95,1904420
2021-05-27 10:20:21,762.65,1904430
2021-05-27 10:20:23,762.95,1904432
2021-05-27 10:20:24,762.65,1904437
2021-05-27 10:20:25,762.95,1904457
2021-05-27 10:20:26,762.7,1904477
2021-05-27 10:20:27,762.7,1904477
2021-05-27 10:20:28,762.7,1904477
2021-05-27 10:20:29,762.95,1904527
2021-05-27 10:20:30,762.95,1904529
2021-05-27 10:20:31,762.75,1904618
2021-05-27 10:20:33,762.95,1904623
2021-05-27 10:20:34,762.95,1904678
2021-05-27 10:20:35,762.75,1905820
2021-05-27 10:20:36,762.75,1905820
2021-05-27 10:20:37,762.75,1905820
2021-05-27 10:20:38,762.95,1905830
2021-05-27 10:20:39,762.95,1907505
2021-05-27 10:20:40,762.85,1907539
2021-05-27 10:20:41,762.85,1907539
2021-05-27 10:20:42,763.0,1907549
2021-05-27 10:20:43,763.0,1907559
2021-05-27 10:20:44,762.8,1907759
2021-05-27 10:20:45,762.75,1907774
2021-05-27 10:20:46,762.75,1907774
2021-05-27 10:20:47,762.8,1907829
2021-05-27 10:20:48,763.0,1908083
2021-05-27 10:20:48,762.9,1907832
2021-05-27 10:20:49,763.0,1908083
2021-05-27 10:20:50,763.0,1908083
2021-05-27 10:20:51,762.9,1908088
2021-05-27 10:20:54,762.85,1908674
2021-05-27 10:20:55,762.85,1908674
2021-05-27 10:20:56,762.85,1908674
2021-05-27 10:20:57,763.2,1908678
2021-05-27 10:20:58,763.3,1908746
2021-05-27 10:20:59,763.3,1908746
2021-05-27 10:21:00,763.0,1908759
2021-05-27 10:21:01,763.0,1908771
2021-05-27 10:21:01,763.0,1908771
2021-05-27 10:21:03,763.2,1908941
2021-05-27 10:21:04,763.2,1908941
2021-05-27 10:21:05,763.0,1909041
2021-05-27 10:21:07,763.05,1909066
2021-05-27 10:21:08,763.15,1909072
2021-05-27 10:21:09,763.05,1909074
2021-05-27 10:21:09,763.05,1909139
2021-05-27 10:21:11,763.1,1909176
2021-05-27 10:21:12,763.05,1909313
2021-05-27 10:21:13,763.1,1909801
2021-05-27 10:21:14,763.0,1909817
2021-05-27 10:21:15,762.9,1910777
2021-05-27 10:21:16,762.85,1910877
2021-05-27 10:21:18,762.85,1910882
2021-05-27 10:21:19,763.0,1910982
2021-05-27 10:21:20,762.85,1911333
2021-05-27 10:21:22,763.0,1913827
2021-05-27 10:21:21,762.85,1913108
2021-05-27 10:21:23,762.5,1915535
2021-05-27 10:21:24,762.4,1919381
2021-05-27 10:21:24,762.6,1919531
2021-05-27 10:21:25,762.7,1920260
2021-05-27 10:21:26,762.65,1920300
2021-05-27 10:21:29,762.3,1920507
2021-05-27 10:21:31,762.3,1921210
