timestamp,ltp,volume
2021-05-27 09:15:23,4160.7,3805
2021-05-27 09:15:34,4160.0,4518
2021-05-27 09:15:39,4160.0,4847
2021-05-27 09:15:50,4160.1,7052
2021-05-27 09:15:55,4155.0,7374
2021-05-27 09:16:00,4155.0,7479
2021-05-27 09:16:05,4156.75,8085
2021-05-27 09:16:11,4157.6,8246
2021-05-27 09:16:16,4157.7,8643
2021-05-27 09:16:21,4161.05,9009
2021-05-27 09:16:26,4158.3,9335
2021-05-27 09:16:31,4159.5,9805
2021-05-27 09:16:36,4162.6,11273
2021-05-27 09:16:42,4164.45,11442
2021-05-27 09:16:47,4164.75,11927
2021-05-27 09:16:52,4167.25,12101
2021-05-27 09:16:57,4165.35,12169
2021-05-27 09:17:02,4165.35,12380
2021-05-27 09:17:08,4165.7,12682
2021-05-27 09:17:13,4168.7,12911
2021-05-27 09:17:18,4166.4,13589
2021-05-27 09:17:23,4166.5,13709
2021-05-27 09:17:28,4166.95,14106
2021-05-27 09:17:33,4169.25,14338
2021-05-27 09:17:38,4170.0,14454
2021-05-27 09:17:43,4170.65,14500
2021-05-27 09:17:48,4171.45,14762
2021-05-27 09:17:53,4173.6,14856
2021-05-27 09:17:58,4174.0,14899
2021-05-27 09:18:03,4172.0,15079
2021-05-27 09:18:13,4172.0,15189
2021-05-27 09:18:18,4172.1,15316
2021-05-27 09:18:23,4175.05,15947
2021-05-27 09:18:28,4175.4,16054
2021-05-27 09:18:33,4177.85,16225
2021-05-27 09:18:38,4179.0,16521
2021-05-27 09:18:43,4180.0,17793
2021-05-27 09:18:47,4178.9,18176
2021-05-27 09:18:52,4179.95,18276
2021-05-27 09:18:57,4181.65,18358
2021-05-27 09:19:02,4181.0,18479
2021-05-27 09:19:07,4180.5,19025
2021-05-27 09:19:12,4182.0,19245
2021-05-27 09:19:21,4180.35,19978
2021-05-27 09:19:26,4179.5,20279
2021-05-27 09:19:31,4174.6,20467
2021-05-27 09:19:36,4177.25,20825
2021-05-27 09:19:41,4175.15,21097
2021-05-27 09:19:46,4175.05,21380
2021-05-27 09:19:51,4175.9,21413
2021-05-27 09:19:55,4175.95,21437
2021-05-27 09:20:05,4176.35,21806
2021-05-27 09:20:09,4178.0,22243
2021-05-27 09:20:14,4176.55,22480
2021-05-27 09:20:19,4175.75,23141
2021-05-27 09:20:24,4175.25,23240
2021-05-27 09:20:28,4175.2,23520
2021-05-27 09:20:33,4177.0,23585
2021-05-27 09:20:38,4172.0,24090
2021-05-27 09:20:43,4172.75,24335
2021-05-27 09:20:47,4172.45,24567
2021-05-27 09:20:52,4174.4,24626
2021-05-27 09:20:57,4172.35,24769
2021-05-27 09:21:01,4170.1,24803
2021-05-27 09:21:06,4170.1,24831
2021-05-27 09:21:11,4172.5,24887
2021-05-27 09:21:15,4171.9,24942
2021-05-27 09:21:20,4170.45,26010
2021-05-27 09:21:25,4171.95,26135
2021-05-27 09:21:29,4174.0,26246
2021-05-27 09:21:34,4172.75,26304
2021-05-27 09:21:39,4172.5,26362
2021-05-27 09:21:43,4172.75,26378
2021-05-27 09:21:46,4172.75,26429
2021-05-27 09:21:47,4170.85,26449
2021-05-27 09:21:48,4170.8,26480
2021-05-27 09:21:50,4168.9,26589
2021-05-27 09:21:51,4169.25,26661
2021-05-27 09:21:52,4167.25,26711
2021-05-27 09:21:53,4169.3,26715
2021-05-27 09:21:54,4167.25,26727
2021-05-27 09:21:55,4167.2,26730
2021-05-27 09:21:56,4167.2,26818
2021-05-27 09:21:57,4167.2,26818
2021-05-27 09:21:57,4167.2,26818
2021-05-27 09:21:58,4167.2,26818
2021-05-27 09:21:59,4165.25,26892
2021-05-27 09:22:00,4167.2,26915
2021-05-27 09:22:01,4167.2,26915
2021-05-27 09:22:02,4167.2,26915
2021-05-27 09:22:03,4167.15,26917
2021-05-27 09:22:04,4166.0,26933
2021-05-27 09:22:05,4166.0,26966
2021-05-27 09:22:06,4165.2,27017
2021-05-27 09:22:07,4165.2,27017
2021-05-27 09:22:08,4167.25,27019
2021-05-27 09:22:09,4167.3,27034
2021-05-27 09:22:10,4167.3,27034
2021-05-27 09:22:11,4167.3,27034
2021-05-27 09:22:12,4167.3,27034
2021-05-27 09:22:13,4165.95,27060
2021-05-27 09:22:15,4165.95,27109
2021-05-27 09:22:17,4165.95,27109
2021-05-27 09:22:18,4165.95,27109
2021-05-27 09:22:19,4165.95,27110
2021-05-27 09:22:21,4165.95,27110
2021-05-27 09:22:22,4165.2,27125
2021-05-27 09:22:23,4165.0,27482
2021-05-27 09:22:25,4165.0,27536
2021-05-27 09:22:26,4165.0,27536
2021-05-27 09:22:27,4165.05,27537
2021-05-27 09:22:28,4165.95,27559
2021-05-27 09:22:29,4165.95,27559
2021-05-27 09:22:30,4166.5,27712
2021-05-27 09:22:31,4167.2,27737
2021-05-27 09:22:32,4167.2,27737
2021-05-27 09:22:33,4167.2,27737
2021-05-27 09:22:34,4168.95,27752
2021-05-27 09:22:35,4168.95,27752
2021-05-27 09:22:36,4169.55,27790
2021-05-27 09:22:38,4171.0,28349
2021-05-27 09:22:39,4171.9,28379
2021-05-27 09:22:40,4174.0,28407
2021-05-27 09:22:41,4174.0,28407
2021-05-27 09:22:42,4174.35,28429
2021-05-27 09:22:43,4174.3,28431
2021-05-27 09:22:44,4174.3,28446
2021-05-27 09:22:45,4174.05,28503
2021-05-27 09:22:46,4172.15,28543
2021-05-27 09:22:47,4172.15,28548
2021-05-27 09:22:48,4171.65,28636
2021-05-27 09:22:49,4172.15,28640
2021-05-27 09:22:50,4172.15,28640
2021-05-27 09:22:51,4173.25,28690
2021-05-27 09:22:52,4172.1,28693
2021-05-27 09:22:53,4172.1,28693
2021-05-27 09:22:54,4172.1,28693
2021-05-27 09:22:55,4172.15,28699
2021-05-27 09:22:56,4172.15,28699
2021-05-27 09:22:57,4172.1,28726
2021-05-27 09:22:58,4171.3,28821
2021-05-27 09:22:59,4171.3,28821
2021-05-27 09:23:00,4172.1,28842
2021-05-27 09:23:01,4172.15,28847
2021-05-27 09:23:02,4170.35,28879
2021-05-27 09:23:03,4168.55,28930
2021-05-27 09:23:04,4169.95,28933
2021-05-27 09:23:05,4169.95,28933
2021-05-27 09:23:06,4169.95,28933
2021-05-27 09:23:07,4170.05,28935
2021-05-27 09:23:08,4170.05,28935
2021-05-27 09:23:09,4171.0,28959
2021-05-27 09:23:10,4167.8,29125
2021-05-27 09:23:11,4169.7,29136
2021-05-27 09:23:12,4169.75,29181
2021-05-27 09:23:13,4169.75,29181
2021-05-27 09:23:15,4169.75,29181
2021-05-27 09:23:16,4169.6,29183
2021-05-27 09:23:17,4169.6,29183
2021-05-27 09:23:17,4171.35,29200
2021-05-27 09:23:18,4169.8,29229
2021-05-27 09:23:19,4169.8,29229
2021-05-27 09:23:20,4169.8,29236
2021-05-27 09:23:21,4169.6,29267
2021-05-27 09:23:22,4169.6,29267
2021-05-27 09:23:23,4169.75,29270
2021-05-27 09:23:24,4168.25,29271
2021-05-27 09:23:25,4168.25,29271
2021-05-27 09:23:26,4168.25,29271
2021-05-27 09:23:27,4169.05,29283
2021-05-27 09:23:28,4169.0,29313
2021-05-27 09:23:29,4169.0,29313
2021-05-27 09:23:30,4169.75,29344
2021-05-27 09:23:31,4169.75,29347
2021-05-27 09:23:32,4167.8,29419
2021-05-27 09:23:33,4169.7,29442
2021-05-27 09:23:34,4167.6,29448
2021-05-27 09:23:35,4167.6,29448
2021-05-27 09:23:36,4169.7,29456
2021-05-27 09:23:37,4168.25,29458
2021-05-27 09:23:38,4168.25,29458
2021-05-27 09:23:39,4168.25,29458
2021-05-27 09:23:40,4168.1,29478
2021-05-27 09:23:41,4168.25,29493
2021-05-27 09:23:42,4168.25,29493
2021-05-27 09:23:43,4168.9,29497
2021-05-27 09:23:44,4168.95,29502
2021-05-27 09:23:45,4168.95,29502
2021-05-27 09:23:46,4168.95,29502
2021-05-27 09:23:47,4168.95,29502
2021-05-27 09:23:48,4167.15,29557
2021-05-27 09:23:49,4168.35,29589
2021-05-27 09:23:50,4168.2,29594
2021-05-27 09:23:51,4168.2,29594
2021-05-27 09:23:52,4168.2,29616
2021-05-27 09:23:53,4166.35,29653
2021-05-27 09:23:54,4166.35,29653
2021-05-27 09:23:55,4168.25,29673
2021-05-27 09:23:56,4166.45,29694
2021-05-27 09:23:57,4168.2,29696
2021-05-27 09:23:58,4168.2,29696
2021-05-27 09:23:59,4168.2,29696
2021-05-27 09:24:01,4166.0,29796
2021-05-27 09:24:02,4168.25,29802
2021-05-27 09:24:03,4168.2,29803
2021-05-27 09:24:04,4168.2,29817
2021-05-27 09:24:05,4168.05,29820
2021-05-27 09:24:06,4168.0,29825
2021-05-27 09:24:07,4168.0,29846
2021-05-27 09:24:08,4168.0,29846
2021-05-27 09:24:09,4168.0,29846
2021-05-27 09:24:10,4168.0,29846
2021-05-27 09:24:11,4166.35,29847
2021-05-27 09:24:12,4166.35,29847
2021-05-27 09:24:13,4168.0,29849
2021-05-27 09:24:14,4166.35,29851
2021-05-27 09:24:15,4166.35,29851
2021-05-27 09:24:16,4168.0,29855
2021-05-27 09:24:17,4168.0,29855
2021-05-27 09:24:18,4168.0,29856
2021-05-27 09:24:19,4168.0,29856
2021-05-27 09:24:20,4168.0,29906
2021-05-27 09:24:21,4166.3,29926
2021-05-27 09:24:22,4166.0,30095
2021-05-27 09:24:23,4166.3,30106
2021-05-27 09:24:24,4165.2,30109
2021-05-27 09:24:25,4166.0,30121
2021-05-27 09:24:26,4166.0,30121
2021-05-27 09:24:28,4166.1,30160
2021-05-27 09:24:29,4166.1,30160
2021-05-27 09:24:30,4166.1,30160
2021-05-27 09:24:31,4166.1,30160
2021-05-27 09:24:32,4165.25,30166
2021-05-27 09:24:33,4165.3,30176
2021-05-27 09:24:34,4166.4,30231
2021-05-27 09:24:35,4166.4,30231
2021-05-27 09:24:36,4166.15,30234
2021-05-27 09:24:37,4166.15,30234
2021-05-27 09:24:38,4166.15,30234
2021-05-27 09:24:39,4166.15,30234
2021-05-27 09:24:40,4166.15,30234
2021-05-27 09:24:41,4166.15,30234
2021-05-27 09:24:42,4166.15,30234
2021-05-27 09:24:43,4166.15,30237
2021-05-27 09:24:44,4165.3,30255
2021-05-27 09:24:45,4166.1,30813
2021-05-27 09:24:46,4166.1,30818
2021-05-27 09:24:47,4166.1,30818
2021-05-27 09:24:48,4166.15,30835
2021-05-27 09:24:49,4165.0,30868
2021-05-27 09:24:51,4165.0,30870
2021-05-27 09:24:52,4166.25,30880
2021-05-27 09:24:58,4166.2,31028
2021-05-27 09:24:59,4166.25,31048
2021-05-27 09:25:00,4165.0,31100
2021-05-27 09:25:01,4165.0,31100
2021-05-27 09:25:02,4165.0,31100
2021-05-27 09:25:03,4165.0,31104
2021-05-27 09:25:04,4165.0,31104
2021-05-27 09:25:06,4166.2,31115
2021-05-27 09:25:07,4166.2,31115
2021-05-27 09:25:08,4166.2,31115
2021-05-27 09:25:09,4166.2,31115
2021-05-27 09:25:10,4165.05,31150
2021-05-27 09:25:11,4165.0,31200
2021-05-27 09:25:12,4166.15,31203
2021-05-27 09:25:13,4166.2,31216
2021-05-27 09:25:14,4166.2,31232
2021-05-27 09:25:15,4166.2,31232
2021-05-27 09:25:16,4166.2,31232
2021-05-27 09:25:18,4166.2,31245
2021-05-27 09:25:19,4166.5,31337
2021-05-27 09:25:20,4168.95,31358
2021-05-27 09:25:21,4168.95,31358
2021-05-27 09:25:22,4168.95,31358
2021-05-27 09:25:23,4168.9,31360
2021-05-27 09:25:25,4167.15,31364
2021-05-27 09:25:26,4167.15,31364
2021-05-27 09:25:27,4167.15,31364
2021-05-27 09:25:28,4167.15,31364
2021-05-27 09:25:29,4169.15,31414
2021-05-27 09:25:30,4169.15,31414
2021-05-27 09:25:31,4169.15,31424
2021-05-27 09:25:32,4168.95,31465
2021-05-27 09:25:33,4170.0,31483
2021-05-27 09:25:34,4170.0,31483
2021-05-27 09:25:35,4170.0,31485
2021-05-27 09:25:36,4167.9,31499
2021-05-27 09:25:37,4170.0,31600
2021-05-27 09:25:38,4171.3,31626
2021-05-27 09:25:39,4171.3,31631
2021-05-27 09:25:39,4171.3,31631
2021-05-27 09:25:40,4171.65,31634
2021-05-27 09:25:41,4171.3,31641
2021-05-27 09:25:42,4171.25,31645
2021-05-27 09:25:43,4171.25,31670
2021-05-27 09:25:44,4172.0,31681
2021-05-27 09:25:45,4171.25,31758
2021-05-27 09:25:46,4172.85,31760
2021-05-27 09:25:47,4172.85,31760
2021-05-27 09:25:48,4171.35,31762
2021-05-27 09:25:49,4173.25,31792
2021-05-27 09:25:50,4173.9,31845
2021-05-27 09:25:51,4173.9,31845
2021-05-27 09:25:52,4172.85,31880
2021-05-27 09:25:53,4172.85,31880
2021-05-27 09:25:54,4172.85,31880
2021-05-27 09:25:55,4172.95,31895
2021-05-27 09:25:56,4171.9,31902
2021-05-27 09:25:57,4172.0,31907
2021-05-27 09:25:58,4172.0,31907
2021-05-27 09:26:01,4172.95,31908
2021-05-27 09:26:02,4172.95,31908
2021-05-27 09:26:03,4171.95,31912
2021-05-27 09:26:04,4172.9,31914
2021-05-27 09:26:05,4172.9,31914
2021-05-27 09:26:06,4172.9,31914
2021-05-27 09:26:07,4172.9,31914
2021-05-27 09:26:09,4172.9,31914
2021-05-27 09:26:10,4172.0,32222
2021-05-27 09:26:11,4172.0,32283
2021-05-27 09:26:12,4172.0,32298
2021-05-27 09:26:13,4172.85,32313
2021-05-27 09:26:14,4172.85,32323
2021-05-27 09:26:15,4170.85,32388
2021-05-27 09:26:16,4171.95,32397
2021-05-27 09:26:17,4171.95,32422
2021-05-27 09:26:18,4171.95,32435
2021-05-27 09:26:19,4171.95,32446
2021-05-27 09:26:20,4170.8,32479
2021-05-27 09:26:21,4171.95,32486
2021-05-27 09:26:22,4171.95,32487
2021-05-27 09:26:23,4171.9,32489
2021-05-27 09:26:24,4170.8,32491
2021-05-27 09:26:25,4171.9,32493
2021-05-27 09:26:26,4171.9,32493
2021-05-27 09:26:27,4171.9,32493
2021-05-27 09:26:28,4171.9,32493
2021-05-27 09:26:29,4170.8,32505
2021-05-27 09:26:30,4171.0,32506
2021-05-27 09:26:31,4171.0,32511
2021-05-27 09:26:34,4170.2,32530
2021-05-27 09:26:35,4170.95,32550
2021-05-27 09:26:36,4170.05,32551
2021-05-27 09:26:38,4170.95,32622
2021-05-27 09:26:39,4170.85,32632
2021-05-27 09:26:40,4170.9,32636
2021-05-27 09:26:41,4172.0,32637
2021-05-27 09:26:42,4170.9,32642
2021-05-27 09:26:43,4171.95,32645
2021-05-27 09:26:45,4171.95,32648
2021-05-27 09:26:47,4172.0,32649
2021-05-27 09:26:48,4172.0,32649
2021-05-27 09:26:49,4172.0,32649
2021-05-27 09:26:50,4172.0,32649
2021-05-27 09:26:51,4172.0,32649
2021-05-27 09:26:52,4170.95,32655
2021-05-27 09:26:53,4170.95,32655
2021-05-27 09:26:54,4171.0,32662
2021-05-27 09:26:55,4171.95,32664
2021-05-27 09:26:56,4171.95,32667
2021-05-27 09:26:57,4171.95,32670
2021-05-27 09:26:57,4171.95,32672
2021-05-27 09:26:58,4171.95,32674
2021-05-27 09:26:59,4172.0,32694
2021-05-27 09:27:00,4172.0,32694
2021-05-27 09:27:01,4172.0,32694
2021-05-27 09:27:02,4171.9,32696
2021-05-27 09:27:03,4171.0,32828
2021-05-27 09:27:06,4170.0,32834
2021-05-27 09:27:07,4171.3,32839
2021-05-27 09:27:08,4171.4,32841
2021-05-27 09:27:10,4169.65,32885
2021-05-27 09:27:11,4171.4,32890
2021-05-27 09:27:12,4171.35,32894
2021-05-27 09:27:13,4171.4,32904
2021-05-27 09:27:14,4171.35,32910
2021-05-27 09:27:15,4169.5,32941
2021-05-27 09:27:16,4171.35,32947
2021-05-27 09:27:17,4171.35,32953
2021-05-27 09:27:18,4171.35,32963
2021-05-27 09:27:19,4169.6,32967
2021-05-27 09:27:20,4171.35,32981
2021-05-27 09:27:21,4171.35,32983
2021-05-27 09:27:22,4169.3,33091
2021-05-27 09:27:22,4171.3,33097
2021-05-27 09:27:23,4169.6,33099
2021-05-27 09:27:24,4169.6,33099
2021-05-27 09:27:25,4169.6,33099
2021-05-27 09:27:26,4169.6,33099
2021-05-27 09:27:27,4171.4,33115
2021-05-27 09:27:28,4171.4,33115
2021-05-27 09:27:30,4171.35,33117
2021-05-27 09:27:31,4171.35,33117
2021-05-27 09:27:32,4171.35,33117
2021-05-27 09:27:33,4171.35,33121
2021-05-27 09:27:34,4172.95,33427
2021-05-27 09:27:35,4172.95,33446
2021-05-27 09:27:36,4172.95,33459
2021-05-27 09:27:40,4173.0,33695
2021-05-27 09:27:41,4173.0,33699
2021-05-27 09:27:42,4172.85,33832
2021-05-27 09:27:43,4172.9,33845
2021-05-27 09:27:44,4172.9,33850
2021-05-27 09:27:46,4172.8,33905
2021-05-27 09:27:47,4172.95,33948
2021-05-27 09:27:48,4172.95,33948
2021-05-27 09:27:49,4173.0,33950
2021-05-27 09:27:50,4173.0,33950
2021-05-27 09:27:51,4171.6,34053
2021-05-27 09:27:52,4173.0,34066
2021-05-27 09:27:53,4173.0,34068
2021-05-27 09:27:54,4173.0,34068
2021-05-27 09:27:56,4173.0,34069
2021-05-27 09:27:57,4173.0,34069
2021-05-27 09:27:58,4173.0,34069
2021-05-27 09:27:59,4172.9,34078
2021-05-27 09:28:00,4172.9,34120
2021-05-27 09:28:01,4172.9,34132
2021-05-27 09:28:02,4172.9,34132
2021-05-27 09:28:03,4171.5,34141
2021-05-27 09:28:04,4172.65,34148
2021-05-27 09:28:05,4171.5,34157
2021-05-27 09:28:06,4172.65,34190
2021-05-27 09:28:07,4172.65,34221
2021-05-27 09:28:09,4172.65,34225
2021-05-27 09:28:09,4172.65,34226
2021-05-27 09:28:10,4171.5,34276
2021-05-27 09:28:12,4172.65,34286
2021-05-27 09:28:13,4172.65,34289
2021-05-27 09:28:14,4172.65,34289
2021-05-27 09:28:15,4172.65,34289
2021-05-27 09:28:16,4172.5,34295
2021-05-27 09:28:18,4172.5,34295
2021-05-27 09:28:19,4172.5,34296
2021-05-27 09:28:20,4172.5,34302
2021-05-27 09:28:21,4172.45,34308
2021-05-27 09:28:22,4172.5,34335
2021-05-27 09:28:23,4172.9,34385
2021-05-27 09:28:23,4172.5,34390
2021-05-27 09:28:24,4173.0,34398
2021-05-27 09:28:25,4173.0,34398
2021-05-27 09:28:26,4173.0,34398
2021-05-27 09:28:27,4173.0,34398
2021-05-27 09:28:28,4173.0,34398
2021-05-27 09:28:29,4171.5,34438
2021-05-27 09:28:30,4172.95,34465
2021-05-27 09:28:31,4172.95,34465
2021-05-27 09:28:32,4172.9,34468
2021-05-27 09:28:33,4172.9,34468
2021-05-27 09:28:35,4172.9,34468
2021-05-27 09:28:36,4172.9,34468
2021-05-27 09:28:37,4172.9,34468
2021-05-27 09:28:38,4172.9,34468
2021-05-27 09:28:39,4172.9,34468
2021-05-27 09:28:40,4172.9,34468
2021-05-27 09:28:41,4172.65,34536
2021-05-27 09:28:42,4172.65,34536
2021-05-27 09:28:43,4172.9,34539
2021-05-27 09:28:44,4172.95,34584
2021-05-27 09:28:44,4172.95,34584
2021-05-27 09:28:45,4172.95,34584
2021-05-27 09:28:46,4172.95,34584
2021-05-27 09:28:48,4173.0,34588
2021-05-27 09:28:49,4173.0,34588
2021-05-27 09:28:50,4173.0,34589
2021-05-27 09:28:51,4173.0,34589
2021-05-27 09:28:52,4173.0,34598
2021-05-27 09:28:53,4173.0,34598
2021-05-27 09:28:54,4173.0,34598
2021-05-27 09:28:55,4173.0,34598
2021-05-27 09:28:56,4173.0,34598
2021-05-27 09:28:56,4173.0,34598
2021-05-27 09:28:58,4173.0,34598
2021-05-27 09:28:58,4173.0,34598
2021-05-27 09:29:00,4173.0,34601
2021-05-27 09:29:01,4173.0,34657
2021-05-27 09:29:02,4172.95,34669
2021-05-27 09:29:04,4172.95,34679
2021-05-27 09:29:05,4172.95,34789
2021-05-27 09:29:07,4173.0,34813
2021-05-27 09:29:08,4173.0,34813
2021-05-27 09:29:09,4172.95,34841
2021-05-27 09:29:10,4173.0,35174
2021-05-27 09:29:11,4172.95,35189
2021-05-27 09:29:12,4172.95,35189
2021-05-27 09:29:13,4172.0,35193
2021-05-27 09:29:14,4172.0,35193
2021-05-27 09:29:15,4172.0,35193
2021-05-27 09:29:16,4172.0,35193
2021-05-27 09:29:17,4172.0,35193
2021-05-27 09:29:18,4172.0,35193
2021-05-27 09:29:19,4172.0,35241
2021-05-27 09:29:20,4171.5,35250
2021-05-27 09:29:21,4171.5,35250
2021-05-27 09:29:22,4171.75,35251
2021-05-27 09:29:24,4171.75,35309
2021-05-27 09:29:25,4171.75,35309
2021-05-27 09:29:26,4171.75,35309
2021-05-27 09:29:27,4171.65,35312
2021-05-27 09:29:28,4171.65,35312
2021-05-27 09:29:29,4171.7,35313
2021-05-27 09:29:30,4171.7,35313
2021-05-27 09:29:31,4171.7,35313
2021-05-27 09:29:32,4171.7,35313
2021-05-27 09:29:34,4168.1,35672
2021-05-27 09:29:35,4168.1,35672
2021-05-27 09:29:36,4167.65,35673
2021-05-27 09:29:37,4167.6,35676
2021-05-27 09:29:38,4167.6,35676
2021-05-27 09:29:39,4166.85,35739
2021-05-27 09:29:41,4166.3,35743
2021-05-27 09:29:42,4165.05,35761
2021-05-27 09:29:43,4165.05,35761
2021-05-27 09:29:44,4165.0,35828
2021-05-27 09:29:45,4165.0,35828
2021-05-27 09:29:46,4165.6,36603
2021-05-27 09:29:47,4162.95,36650
2021-05-27 09:29:48,4162.95,36650
2021-05-27 09:29:49,4162.95,36650
2021-05-27 09:29:50,4164.95,36675
2021-05-27 09:29:51,4162.15,36779
2021-05-27 09:29:52,4162.15,36779
2021-05-27 09:29:53,4162.15,36779
2021-05-27 09:29:55,4164.45,36783
2021-05-27 09:29:55,4164.45,36783
2021-05-27 09:29:56,4164.45,36783
2021-05-27 09:29:57,4164.45,36783
2021-05-27 09:29:59,4162.55,36784
2021-05-27 09:30:00,4162.55,36784
2021-05-27 09:30:01,4162.55,36784
2021-05-27 09:30:03,4162.55,36796
2021-05-27 09:30:03,4162.55,36796
2021-05-27 09:30:04,4162.95,36846
2021-05-27 09:30:05,4164.45,36879
2021-05-27 09:30:06,4162.95,36880
2021-05-27 09:30:07,4162.95,36980
2021-05-27 09:30:08,4164.3,36990
2021-05-27 09:30:10,4164.3,36990
2021-05-27 09:30:11,4164.3,36990
2021-05-27 09:30:12,4164.3,36990
2021-05-27 09:30:13,4164.3,36990
2021-05-27 09:30:14,4164.3,36990
2021-05-27 09:30:15,4164.3,36990
2021-05-27 09:30:17,4164.35,37000
2021-05-27 09:30:18,4164.35,37006
2021-05-27 09:30:19,4164.35,37026
2021-05-27 09:30:20,4164.35,37026
2021-05-27 09:30:21,4162.95,37059
2021-05-27 09:30:22,4164.15,37069
2021-05-27 09:30:23,4164.15,37069
2021-05-27 09:30:24,4164.15,37069
2021-05-27 09:30:25,4164.15,37094
2021-05-27 09:30:26,4164.15,37094
2021-05-27 09:30:27,4164.15,37094
2021-05-27 09:30:28,4163.0,37104
2021-05-27 09:30:29,4163.9,37114
2021-05-27 09:30:30,4163.9,37114
2021-05-27 09:30:31,4163.0,37116
2021-05-27 09:30:32,4163.0,37116
2021-05-27 09:30:33,4163.0,37116
2021-05-27 09:30:34,4163.9,37117
2021-05-27 09:30:35,4163.9,37125
2021-05-27 09:30:36,4163.9,37150
2021-05-27 09:30:37,4163.9,37150
2021-05-27 09:30:38,4163.9,37150
2021-05-27 09:30:39,4163.9,37150
2021-05-27 09:30:40,4163.0,37711
2021-05-27 09:30:41,4163.8,37721
2021-05-27 09:30:42,4163.8,37721
2021-05-27 09:30:43,4163.0,37723
2021-05-27 09:30:44,4163.0,37723
2021-05-27 09:30:45,4163.0,37723
2021-05-27 09:30:46,4163.0,37723
2021-05-27 09:30:47,4163.0,37723
2021-05-27 09:30:48,4163.0,37726
2021-05-27 09:30:49,4163.0,37726
2021-05-27 09:30:50,4162.0,37746
2021-05-27 09:30:51,4162.0,37753
2021-05-27 09:30:52,4162.0,37753
2021-05-27 09:30:53,4162.0,37753
2021-05-27 09:30:54,4163.7,37766
2021-05-27 09:30:55,4163.7,37766
2021-05-27 09:30:56,4163.7,37766
2021-05-27 09:30:57,4163.7,37766
2021-05-27 09:30:58,4163.7,37766
2021-05-27 09:30:59,4163.55,37767
2021-05-27 09:31:00,4162.0,37768
2021-05-27 09:31:01,4162.0,37771
2021-05-27 09:31:02,4162.0,37814
2021-05-27 09:31:03,4162.0,37823
2021-05-27 09:31:04,4162.0,37826
2021-05-27 09:31:05,4162.0,37826
2021-05-27 09:31:06,4162.0,37826
2021-05-27 09:31:07,4162.0,37826
2021-05-27 09:31:08,4162.0,37851
2021-05-27 09:31:09,4162.0,37851
2021-05-27 09:31:10,4163.0,37853
2021-05-27 09:31:11,4161.5,37903
2021-05-27 09:31:12,4161.5,37903
2021-05-27 09:31:13,4160.05,38015
2021-05-27 09:31:14,4161.5,38066
2021-05-27 09:31:15,4161.5,38073
2021-05-27 09:31:16,4160.0,38326
2021-05-27 09:31:17,4161.4,38335
2021-05-27 09:31:18,4161.4,38335
2021-05-27 09:31:19,4161.4,38342
2021-05-27 09:31:20,4161.4,38342
2021-05-27 09:31:21,4161.4,38342
2021-05-27 09:31:22,4160.0,38387
2021-05-27 09:31:24,4161.2,38497
2021-05-27 09:31:25,4160.4,38506
2021-05-27 09:31:26,4159.05,38539
2021-05-27 09:31:27,4161.25,38656
2021-05-27 09:31:28,4161.2,38658
2021-05-27 09:31:29,4161.2,38658
2021-05-27 09:31:30,4161.25,38706
2021-05-27 09:31:32,4161.25,38706
2021-05-27 09:31:33,4161.25,38706
2021-05-27 09:31:34,4161.05,38804
2021-05-27 09:31:35,4161.05,38811
2021-05-27 09:31:36,4163.75,39309
2021-05-27 09:31:37,4162.15,39614
2021-05-27 09:31:38,4162.5,39677
2021-05-27 09:31:39,4162.5,39677
2021-05-27 09:31:40,4164.0,39686
2021-05-27 09:31:41,4163.95,39706
2021-05-27 09:31:42,4163.95,39706
2021-05-27 09:31:43,4161.0,39856
2021-05-27 09:31:44,4163.95,39868
2021-05-27 09:31:45,4163.95,39868
2021-05-27 09:31:46,4163.95,39868
2021-05-27 09:31:47,4160.35,40068
2021-05-27 09:31:48,4163.2,40081
2021-05-27 09:31:49,4162.5,40131
2021-05-27 09:31:50,4162.5,40131
2021-05-27 09:31:51,4160.45,40187
2021-05-27 09:31:52,4163.05,40197
2021-05-27 09:31:54,4162.7,40199
2021-05-27 09:31:53,4161.15,40198
2021-05-27 09:31:55,4162.7,40199
2021-05-27 09:31:57,4162.5,40210
2021-05-27 09:31:58,4161.0,40217
2021-05-27 09:31:59,4161.0,40217
2021-05-27 09:32:00,4161.0,40218
2021-05-27 09:32:01,4161.0,40218
2021-05-27 09:32:02,4162.5,40219
2021-05-27 09:32:03,4162.5,40219
2021-05-27 09:32:04,4162.5,40219
2021-05-27 09:32:05,4162.5,40219
2021-05-27 09:32:06,4162.5,40219
2021-05-27 09:32:07,4162.6,40287
2021-05-27 09:32:08,4162.6,40287
2021-05-27 09:32:09,4162.6,40287
2021-05-27 09:32:10,4162.6,40287
2021-05-27 09:32:12,4162.6,40287
2021-05-27 09:32:13,4162.2,40305
2021-05-27 09:32:14,4162.2,40312
2021-05-27 09:32:15,4162.2,40312
2021-05-27 09:32:16,4162.2,40312
2021-05-27 09:32:17,4162.2,40312
2021-05-27 09:32:18,4162.3,40357
2021-05-27 09:32:19,4162.3,40387
2021-05-27 09:32:20,4163.15,40388
2021-05-27 09:32:21,4163.15,40388
2021-05-27 09:32:23,4163.15,40388
2021-05-27 09:32:24,4163.15,40408
2021-05-27 09:32:25,4163.15,40416
2021-05-27 09:32:26,4163.15,40417
2021-05-27 09:32:27,4163.15,40417
2021-05-27 09:32:28,4163.15,40417
2021-05-27 09:32:30,4163.15,40417
2021-05-27 09:32:29,4163.15,40417
2021-05-27 09:32:31,4163.0,40431
2021-05-27 09:32:32,4163.0,40431
2021-05-27 09:32:33,4163.0,40431
2021-05-27 09:32:34,4163.0,40431
2021-05-27 09:32:35,4163.0,40431
2021-05-27 09:32:36,4163.0,40431
2021-05-27 09:32:37,4162.05,40433
2021-05-27 09:32:38,4162.05,40458
2021-05-27 09:32:39,4162.05,40458
2021-05-27 09:32:40,4162.05,40459
2021-05-27 09:32:41,4162.05,40459
2021-05-27 09:32:42,4162.05,40481
2021-05-27 09:32:43,4162.05,40484
2021-05-27 09:32:44,4162.05,40484
2021-05-27 09:32:46,4162.05,40484
2021-05-27 09:32:47,4162.05,40484
2021-05-27 09:32:48,4162.05,40484
2021-05-27 09:32:49,4162.05,40484
2021-05-27 09:32:51,4162.05,40484
2021-05-27 09:32:52,4162.05,40544
2021-05-27 09:32:53,4162.05,40551
2021-05-27 09:32:53,4162.05,40551
2021-05-27 09:32:55,4161.0,40582
2021-05-27 09:32:55,4161.0,40582
2021-05-27 09:32:56,4162.05,40592
2021-05-27 09:32:57,4162.05,40592
2021-05-27 09:32:59,4162.05,40592
2021-05-27 09:33:00,4162.05,40592
2021-05-27 09:33:02,4162.05,40592
2021-05-27 09:33:02,4162.05,40592
2021-05-27 09:33:03,4162.05,40592
2021-05-27 09:33:04,4162.05,40592
2021-05-27 09:33:06,4162.0,40594
2021-05-27 09:33:07,4162.0,40594
2021-05-27 09:33:08,4162.0,40595
2021-05-27 09:33:09,4162.0,40595
2021-05-27 09:33:10,4162.0,40595
2021-05-27 09:33:11,4162.0,40595
2021-05-27 09:33:12,4160.2,40619
2021-05-27 09:33:12,4160.2,40619
2021-05-27 09:33:13,4160.2,40619
2021-05-27 09:33:14,4160.2,40619
2021-05-27 09:33:15,4161.0,40620
2021-05-27 09:33:16,4161.0,40620
2021-05-27 09:33:17,4161.0,40620
2021-05-27 09:33:18,4161.0,40620
2021-05-27 09:33:19,4161.0,40620
2021-05-27 09:33:20,4161.0,40620
2021-05-27 09:33:21,4160.2,40621
2021-05-27 09:33:22,4160.2,40621
2021-05-27 09:33:23,4161.0,40622
2021-05-27 09:33:24,4161.0,40622
2021-05-27 09:33:25,4161.0,40622
2021-05-27 09:33:26,4161.0,40632
2021-05-27 09:33:27,4161.0,40632
2021-05-27 09:33:28,4161.0,40632
2021-05-27 09:33:30,4161.0,40632
2021-05-27 09:33:31,4161.0,40632
2021-05-27 09:33:32,4161.0,40632
2021-05-27 09:33:33,4161.0,40632
2021-05-27 09:33:34,4161.0,40632
2021-05-27 09:33:35,4161.2,40633
2021-05-27 09:33:35,4161.2,40633
2021-05-27 09:33:37,4161.2,40633
2021-05-27 09:33:38,4161.2,40633
2021-05-27 09:33:39,4161.2,40633
2021-05-27 09:33:40,4161.2,40633
2021-05-27 09:33:41,4161.0,40728
2021-05-27 09:33:42,4161.0,40736
2021-05-27 09:33:43,4161.2,40748
2021-05-27 09:33:44,4161.2,40748
2021-05-27 09:33:45,4161.4,40772
2021-05-27 09:33:45,4162.25,40906
2021-05-27 09:33:47,4161.2,40908
2021-05-27 09:33:47,4163.1,40910
2021-05-27 09:33:48,4161.15,40912
2021-05-27 09:33:49,4163.1,40922
2021-05-27 09:33:53,4161.0,40925
2021-05-27 09:33:53,4163.1,40922
2021-05-27 09:33:55,4161.0,40925
2021-05-27 09:33:56,4161.0,40925
2021-05-27 09:33:57,4161.0,40925
2021-05-27 09:33:59,4161.0,40925
2021-05-27 09:34:01,4161.0,40928
2021-05-27 09:34:02,4161.0,40928
2021-05-27 09:34:03,4161.0,40928
2021-05-27 09:34:05,4161.0,40928
2021-05-27 09:34:06,4161.0,40938
2021-05-27 09:34:07,4162.6,40939
2021-05-27 09:34:08,4161.05,40946
2021-05-27 09:34:09,4161.05,40946
2021-05-27 09:34:10,4161.05,40946
2021-05-27 09:34:11,4161.05,40946
2021-05-27 09:34:12,4161.05,40946
2021-05-27 09:34:12,4161.05,40946
2021-05-27 09:34:13,4161.0,40947
2021-05-27 09:34:16,4161.0,40947
2021-05-27 09:34:17,4161.0,40947
2021-05-27 09:34:18,4162.0,40950
2021-05-27 09:34:18,4162.0,40950
2021-05-27 09:34:20,4162.6,41050
2021-05-27 09:34:20,4162.65,41059
2021-05-27 09:34:21,4162.65,41059
2021-05-27 09:34:22,4163.2,41123
2021-05-27 09:34:23,4163.2,41123
2021-05-27 09:34:25,4163.2,41223
2021-05-27 09:34:26,4163.2,41236
2021-05-27 09:34:28,4162.0,41246
2021-05-27 09:34:29,4162.0,41246
2021-05-27 09:34:30,4162.0,41246
2021-05-27 09:34:31,4162.0,41261
2021-05-27 09:34:32,4162.0,41261
2021-05-27 09:34:33,4162.0,41261
2021-05-27 09:34:35,4162.0,41261
2021-05-27 09:34:35,4162.0,41261
2021-05-27 09:34:36,4162.0,41261
2021-05-27 09:34:37,4162.0,41261
2021-05-27 09:34:38,4163.2,41264
2021-05-27 09:34:39,4163.2,41265
2021-05-27 09:34:42,4163.2,41265
2021-05-27 09:34:44,4163.2,41265
2021-05-27 09:34:44,4163.2,41266
2021-05-27 09:34:46,4163.2,41266
2021-05-27 09:34:47,4163.2,41266
2021-05-27 09:34:48,4163.2,41266
2021-05-27 09:34:49,4163.2,41266
2021-05-27 09:34:49,4163.2,41266
2021-05-27 09:34:51,4163.2,41267
2021-05-27 09:34:51,4163.2,41267
2021-05-27 09:34:53,4162.0,41270
2021-05-27 09:34:53,4162.0,41270
2021-05-27 09:34:55,4162.0,41309
2021-05-27 09:34:57,4162.0,41311
2021-05-27 09:34:58,4162.0,41311
2021-05-27 09:34:59,4163.05,41314
2021-05-27 09:35:00,4163.05,41315
2021-05-27 09:35:01,4165.0,42295
2021-05-27 09:35:02,4165.0,42317
2021-05-27 09:35:03,4165.0,42317
2021-05-27 09:35:04,4165.0,42317
2021-05-27 09:35:05,4163.2,42570
2021-05-27 09:35:06,4165.0,42620
2021-05-27 09:35:06,4163.2,42570
2021-05-27 09:35:07,4165.0,42620
2021-05-27 09:35:08,4165.8,42630
2021-05-27 09:35:10,4165.85,42651
2021-05-27 09:35:10,4165.85,42651
2021-05-27 09:35:12,4165.85,42651
2021-05-27 09:35:13,4165.85,42651
2021-05-27 09:35:14,4165.85,42651
2021-05-27 09:35:15,4163.85,42654
2021-05-27 09:35:16,4165.0,42655
2021-05-27 09:35:17,4166.3,42805
2021-05-27 09:35:18,4166.3,42865
2021-05-27 09:35:19,4166.3,42865
2021-05-27 09:35:20,4166.3,42865
2021-05-27 09:35:21,4166.3,43317
2021-05-27 09:35:22,4167.5,43338
2021-05-27 09:35:23,4168.6,43351
2021-05-27 09:35:24,4169.5,43458
2021-05-27 09:35:24,4169.5,43476
2021-05-27 09:35:25,4167.6,43501
2021-05-27 09:35:27,4169.5,43512
2021-05-27 09:35:28,4169.5,43512
2021-05-27 09:35:28,4169.5,43512
2021-05-27 09:35:29,4169.5,43512
2021-05-27 09:35:30,4169.5,43512
2021-05-27 09:35:31,4170.0,43754
2021-05-27 09:35:32,4170.0,43773
2021-05-27 09:35:33,4169.0,43830
2021-05-27 09:35:34,4169.0,43830
2021-05-27 09:35:36,4167.0,43882
2021-05-27 09:35:37,4168.85,43891
2021-05-27 09:35:38,4168.85,43891
2021-05-27 09:35:39,4168.85,43891
2021-05-27 09:35:40,4168.85,43891
2021-05-27 09:35:41,4168.85,43891
2021-05-27 09:35:42,4168.85,43891
2021-05-27 09:35:43,4168.95,43894
2021-05-27 09:35:43,4168.0,43895
2021-05-27 09:35:44,4168.0,43895
2021-05-27 09:35:46,4168.0,43895
2021-05-27 09:35:47,4168.0,43896
2021-05-27 09:35:49,4168.0,43896
2021-05-27 09:35:50,4169.0,43946
2021-05-27 09:35:51,4168.0,43997
2021-05-27 09:35:52,4168.95,44005
2021-05-27 09:35:53,4168.95,44005
2021-05-27 09:35:54,4168.95,44005
2021-05-27 09:35:55,4168.95,44005
2021-05-27 09:35:56,4168.95,44005
2021-05-27 09:35:57,4168.95,44005
2021-05-27 09:35:58,4168.95,44005
2021-05-27 09:35:59,4168.95,44010
2021-05-27 09:36:00,4168.95,44012
2021-05-27 09:36:01,4166.45,44112
2021-05-27 09:36:02,4168.85,44225
2021-05-27 09:36:03,4168.85,44225
2021-05-27 09:36:04,4168.8,44234
2021-05-27 09:36:05,4168.8,44234
2021-05-27 09:36:06,4168.8,44254
2021-05-27 09:36:06,4168.8,44254
2021-05-27 09:36:08,4166.8,44298
2021-05-27 09:36:08,4168.8,44254
2021-05-27 09:36:09,4166.8,44298
2021-05-27 09:36:10,4166.8,44298
2021-05-27 09:36:11,4166.8,44298
2021-05-27 09:36:12,4166.8,44298
2021-05-27 09:36:13,4165.1,44300
2021-05-27 09:36:14,4165.5,44323
2021-05-27 09:36:15,4167.35,44328
2021-05-27 09:36:16,4167.35,44328
2021-05-27 09:36:17,4167.4,44332
2021-05-27 09:36:18,4167.4,44332
2021-05-27 09:36:19,4167.4,44332
2021-05-27 09:36:20,4167.4,44332
2021-05-27 09:36:21,4167.4,44332
2021-05-27 09:36:22,4167.1,44334
2021-05-27 09:36:23,4165.0,44337
2021-05-27 09:36:24,4165.0,44337
2021-05-27 09:36:26,4165.0,44337
2021-05-27 09:36:27,4165.0,44337
2021-05-27 09:36:28,4165.0,44337
2021-05-27 09:36:30,4165.0,44337
2021-05-27 09:36:31,4165.0,44337
2021-05-27 09:36:32,4165.0,44337
2021-05-27 09:36:33,4165.15,44341
2021-05-27 09:36:33,4165.2,44339
2021-05-27 09:36:34,4165.15,44342
2021-05-27 09:36:35,4165.0,44343
2021-05-27 09:36:36,4165.0,44343
2021-05-27 09:36:37,4163.05,44453
2021-05-27 09:36:38,4165.2,44459
2021-05-27 09:36:39,4165.0,44474
2021-05-27 09:36:40,4165.0,44480
2021-05-27 09:36:41,4165.15,44481
2021-05-27 09:36:42,4165.1,44483
2021-05-27 09:36:43,4165.1,44483
2021-05-27 09:36:44,4165.1,44483
2021-05-27 09:36:45,4165.1,44483
2021-05-27 09:36:46,4165.1,44483
2021-05-27 09:36:48,4165.1,44483
2021-05-27 09:36:49,4165.1,44483
2021-05-27 09:36:50,4165.1,44483
2021-05-27 09:36:51,4165.1,44483
2021-05-27 09:36:51,4165.1,44483
2021-05-27 09:36:53,4163.3,44491
2021-05-27 09:36:54,4162.6,44493
2021-05-27 09:36:55,4162.6,44493
2021-05-27 09:36:56,4162.6,44493
2021-05-27 09:36:57,4162.6,44493
2021-05-27 09:36:57,4163.3,44498
2021-05-27 09:36:59,4163.3,44499
2021-05-27 09:37:01,4163.3,44606
2021-05-27 09:37:03,4163.3,44622
2021-05-27 09:37:04,4163.3,44622
2021-05-27 09:37:05,4163.3,44622
2021-05-27 09:37:06,4163.3,44622
2021-05-27 09:37:07,4163.3,44622
2021-05-27 09:37:08,4163.3,44622
2021-05-27 09:37:09,4163.3,44622
2021-05-27 09:37:10,4163.3,44622
2021-05-27 09:37:11,4163.3,44622
2021-05-27 09:37:12,4163.3,44622
2021-05-27 09:37:13,4163.3,44622
2021-05-27 09:37:14,4163.3,44622
2021-05-27 09:37:15,4163.3,44622
2021-05-27 09:37:16,4163.3,44622
2021-05-27 09:37:19,4163.3,44622
2021-05-27 09:37:20,4163.3,44622
2021-05-27 09:37:22,4163.8,44654
2021-05-27 09:37:22,4163.8,44654
2021-05-27 09:37:24,4164.1,44807
2021-05-27 09:37:25,4164.0,45054
2021-05-27 09:37:26,4164.15,45113
2021-05-27 09:37:27,4165.0,45129
2021-05-27 09:37:28,4165.0,45131
2021-05-27 09:37:29,4165.0,45140
2021-05-27 09:37:30,4165.05,45141
2021-05-27 09:37:31,4166.0,45182
2021-05-27 09:37:32,4165.05,45185
2021-05-27 09:37:33,4165.05,45186
2021-05-27 09:37:34,4165.05,45186
2021-05-27 09:37:35,4165.05,45186
2021-05-27 09:37:36,4165.05,45186
2021-05-27 09:37:37,4165.05,45186
2021-05-27 09:37:38,4165.0,45190
2021-05-27 09:37:38,4165.0,45193
2021-05-27 09:37:40,4165.0,45193
2021-05-27 09:37:41,4165.0,45193
2021-05-27 09:37:42,4165.4,45235
2021-05-27 09:37:44,4165.0,45276
2021-05-27 09:37:43,4165.0,45259
2021-05-27 09:37:45,4165.35,45295
2021-05-27 09:37:45,4165.35,45305
2021-05-27 09:37:47,4165.0,45311
2021-05-27 09:37:48,4165.35,45312
2021-05-27 09:37:48,4165.35,45312
2021-05-27 09:37:49,4165.35,45312
2021-05-27 09:37:50,4165.35,45312
2021-05-27 09:37:52,4165.35,45312
2021-05-27 09:37:53,4165.3,45387
2021-05-27 09:37:54,4165.3,45394
2021-05-27 09:37:56,4165.3,45396
2021-05-27 09:37:55,4165.3,45396
2021-05-27 09:37:57,4165.0,45427
2021-05-27 09:37:58,4165.7,45473
2021-05-27 09:37:59,4165.35,45493
2021-05-27 09:38:00,4165.4,45502
2021-05-27 09:38:00,4165.45,45503
2021-05-27 09:38:02,4165.45,45503
2021-05-27 09:38:02,4165.45,45503
2021-05-27 09:38:04,4165.0,45507
2021-05-27 09:38:04,4165.0,45507
2021-05-27 09:38:06,4165.0,45518
2021-05-27 09:38:07,4165.35,45520
2021-05-27 09:38:08,4165.35,45520
2021-05-27 09:38:09,4165.35,45520
2021-05-27 09:38:10,4165.35,45520
2021-05-27 09:38:11,4165.0,45523
2021-05-27 09:38:12,4165.0,45523
2021-05-27 09:38:12,4165.0,45523
2021-05-27 09:38:14,4165.05,45753
2021-05-27 09:38:15,4165.75,45770
2021-05-27 09:38:16,4165.8,45787
2021-05-27 09:38:17,4166.5,45788
2021-05-27 09:38:18,4166.55,45795
2021-05-27 09:38:18,4166.55,45796
2021-05-27 09:38:20,4164.25,45844
2021-05-27 09:38:21,4166.4,45849
2021-05-27 09:38:23,4165.05,45851
2021-05-27 09:38:24,4166.35,45874
2021-05-27 09:38:25,4166.3,45876
2021-05-27 09:38:26,4166.3,45890
2021-05-27 09:38:27,4166.3,45988
2021-05-27 09:38:28,4167.0,46001
2021-05-27 09:38:28,4167.55,46002
2021-05-27 09:38:29,4167.55,46006
2021-05-27 09:38:30,4167.55,46006
2021-05-27 09:38:31,4167.55,46006
2021-05-27 09:38:32,4167.75,46009
2021-05-27 09:38:33,4167.75,46012
2021-05-27 09:38:34,4165.3,46245
2021-05-27 09:38:35,4167.35,46277
2021-05-27 09:38:36,4166.9,46280
2021-05-27 09:38:37,4166.9,46282
2021-05-27 09:38:39,4166.3,46286
2021-05-27 09:38:39,4166.3,46286
2021-05-27 09:38:41,4166.3,46286
2021-05-27 09:38:41,4166.85,46287
2021-05-27 09:38:43,4166.85,46339
2021-05-27 09:38:44,4166.85,46339
2021-05-27 09:38:45,4166.85,46339
2021-05-27 09:38:46,4166.85,46339
2021-05-27 09:38:47,4166.9,46345
2021-05-27 09:38:48,4166.9,46395
2021-05-27 09:38:49,4166.9,46407
2021-05-27 09:38:50,4166.9,46408
2021-05-27 09:38:51,4166.9,46440
2021-05-27 09:38:52,4167.75,46453
2021-05-27 09:38:53,4168.0,46454
2021-05-27 09:38:54,4168.15,46474
2021-05-27 09:38:55,4168.15,46477
2021-05-27 09:38:56,4168.15,46477
2021-05-27 09:38:57,4168.15,46477
2021-05-27 09:38:58,4168.15,46477
2021-05-27 09:38:59,4168.15,46477
2021-05-27 09:39:01,4170.0,46721
2021-05-27 09:39:01,4171.95,46748
2021-05-27 09:39:02,4171.95,46762
2021-05-27 09:39:03,4171.95,46782
2021-05-27 09:39:04,4171.8,46784
2021-05-27 09:39:05,4171.8,46784
2021-05-27 09:39:06,4171.8,46784
2021-05-27 09:39:07,4171.8,46784
2021-05-27 09:39:08,4171.8,46784
2021-05-27 09:39:09,4171.95,46859
2021-05-27 09:39:11,4171.0,46871
2021-05-27 09:39:12,4171.0,46877
2021-05-27 09:39:13,4171.0,46877
2021-05-27 09:39:14,4170.25,46880
2021-05-27 09:39:15,4170.95,46881
2021-05-27 09:39:16,4170.95,46881
2021-05-27 09:39:17,4170.95,46881
2021-05-27 09:39:18,4170.95,46881
2021-05-27 09:39:19,4170.95,46881
2021-05-27 09:39:20,4170.95,46882
2021-05-27 09:39:20,4170.95,46882
2021-05-27 09:39:21,4170.95,46882
2021-05-27 09:39:22,4170.9,46883
2021-05-27 09:39:23,4172.0,46983
2021-05-27 09:39:25,4170.95,46987
2021-05-27 09:39:27,4170.25,47043
2021-05-27 09:39:30,4170.95,47057
2021-05-27 09:39:31,4171.4,47059
2021-05-27 09:39:32,4171.4,47060
2021-05-27 09:39:33,4171.35,47064
2021-05-27 09:39:34,4171.35,47064
2021-05-27 09:39:35,4171.35,47064
2021-05-27 09:39:36,4171.35,47064
2021-05-27 09:39:37,4171.35,47064
2021-05-27 09:39:38,4172.0,47085
2021-05-27 09:39:39,4171.35,47087
2021-05-27 09:39:40,4171.35,47087
2021-05-27 09:39:40,4171.35,47087
2021-05-27 09:39:42,4170.95,47088
2021-05-27 09:39:43,4170.95,47117
2021-05-27 09:39:43,4171.35,47119
2021-05-27 09:39:46,4170.85,47580
2021-05-27 09:39:47,4171.0,47662
2021-05-27 09:39:47,4171.0,47670
2021-05-27 09:39:48,4171.0,47678
2021-05-27 09:39:49,4171.0,47714
2021-05-27 09:39:50,4170.95,47717
2021-05-27 09:39:51,4170.95,47717
2021-05-27 09:39:52,4170.95,47720
2021-05-27 09:39:53,4170.1,47723
2021-05-27 09:39:54,4170.1,47723
2021-05-27 09:39:55,4170.1,47723
2021-05-27 09:39:57,4170.1,47723
2021-05-27 09:39:58,4170.1,47723
2021-05-27 09:39:59,4170.1,47723
2021-05-27 09:40:00,4170.1,47723
2021-05-27 09:40:01,4170.1,47723
2021-05-27 09:40:02,4170.9,47725
2021-05-27 09:40:05,4170.0,48354
2021-05-27 09:40:06,4170.75,48691
2021-05-27 09:40:07,4171.35,48758
2021-05-27 09:40:08,4171.75,48762
2021-05-27 09:40:09,4171.75,48762
2021-05-27 09:40:10,4171.75,48762
2021-05-27 09:40:11,4171.75,48762
2021-05-27 09:40:12,4171.7,48764
2021-05-27 09:40:14,4170.25,48765
2021-05-27 09:40:16,4170.25,48765
2021-05-27 09:40:19,4172.8,48805
2021-05-27 09:40:21,4172.9,48809
2021-05-27 09:40:22,4172.0,48810
2021-05-27 09:40:22,4171.95,48814
2021-05-27 09:40:26,4171.95,48814
2021-05-27 09:40:27,4171.95,48814
2021-05-27 09:40:28,4171.95,48814
2021-05-27 09:40:29,4171.95,48815
2021-05-27 09:40:30,4172.4,48835
2021-05-27 09:40:31,4172.35,48837
2021-05-27 09:40:32,4172.3,48839
2021-05-27 09:40:33,4172.3,48840
2021-05-27 09:40:34,4172.4,48846
2021-05-27 09:40:35,4172.4,48846
2021-05-27 09:40:36,4172.4,48846
2021-05-27 09:40:37,4172.4,48846
2021-05-27 09:40:39,4172.4,48846
2021-05-27 09:40:40,4172.4,48846
2021-05-27 09:40:41,4172.35,48856
2021-05-27 09:40:42,4172.35,48857
2021-05-27 09:40:44,4172.4,48879
2021-05-27 09:40:46,4172.4,48886
2021-05-27 09:40:47,4172.4,48886
2021-05-27 09:40:47,4172.4,48886
2021-05-27 09:40:48,4172.4,48886
2021-05-27 09:40:49,4172.4,48886
2021-05-27 09:40:50,4172.4,48886
2021-05-27 09:40:51,4172.4,48886
2021-05-27 09:40:53,4170.2,48889
2021-05-27 09:40:54,4171.95,48890
2021-05-27 09:40:55,4171.95,48890
2021-05-27 09:40:56,4171.95,48892
2021-05-27 09:40:57,4171.95,48892
2021-05-27 09:40:58,4169.5,48896
2021-05-27 09:40:59,4169.55,49046
2021-05-27 09:41:00,4171.75,49066
2021-05-27 09:41:02,4172.0,49068
2021-05-27 09:41:03,4171.9,49082
2021-05-27 09:41:04,4171.9,49089
2021-05-27 09:41:05,4171.9,49090
2021-05-27 09:41:06,4171.9,49090
2021-05-27 09:41:08,4172.0,49130
2021-05-27 09:41:09,4172.0,49134
2021-05-27 09:41:10,4169.65,49135
2021-05-27 09:41:11,4169.65,49135
2021-05-27 09:41:12,4169.65,49135
2021-05-27 09:41:13,4169.65,49136
2021-05-27 09:41:14,4169.6,49138
2021-05-27 09:41:15,4171.1,49139
2021-05-27 09:41:16,4171.1,49139
2021-05-27 09:41:17,4171.1,49139
2021-05-27 09:41:18,4171.1,49139
2021-05-27 09:41:19,4171.1,49139
2021-05-27 09:41:20,4171.1,49139
2021-05-27 09:41:21,4171.1,49139
2021-05-27 09:41:22,4169.0,49151
2021-05-27 09:41:23,4169.95,49152
2021-05-27 09:41:24,4169.6,49182
2021-05-27 09:41:25,4169.95,49185
2021-05-27 09:41:26,4170.1,49189
2021-05-27 09:41:27,4169.1,49191
2021-05-27 09:41:28,4169.1,49191
2021-05-27 09:41:29,4169.1,49191
2021-05-27 09:41:30,4170.1,49193
2021-05-27 09:41:31,4170.1,49193
2021-05-27 09:41:32,4170.1,49193
2021-05-27 09:41:34,4170.05,49208
2021-05-27 09:41:35,4170.05,49210
2021-05-27 09:41:36,4170.05,49210
2021-05-27 09:41:37,4170.05,49210
2021-05-27 09:41:38,4169.95,49216
2021-05-27 09:41:39,4169.9,49217
2021-05-27 09:41:40,4169.9,49217
2021-05-27 09:41:41,4168.25,49220
2021-05-27 09:41:42,4169.7,49228
2021-05-27 09:41:43,4169.7,49229
2021-05-27 09:41:44,4168.8,49333
2021-05-27 09:41:46,4168.8,49353
2021-05-27 09:41:47,4168.8,49353
2021-05-27 09:41:48,4168.8,49353
2021-05-27 09:41:49,4168.8,49353
2021-05-27 09:41:50,4167.2,49398
2021-05-27 09:41:51,4168.8,49403
2021-05-27 09:41:52,4166.75,49413
2021-05-27 09:41:53,4168.75,49416
2021-05-27 09:41:54,4166.95,49417
2021-05-27 09:41:55,4166.95,49417
2021-05-27 09:41:56,4168.75,49447
2021-05-27 09:41:57,4168.75,49451
2021-05-27 09:41:58,4168.8,49454
2021-05-27 09:41:59,4168.8,49454
2021-05-27 09:42:00,4168.8,49454
2021-05-27 09:42:01,4167.25,49456
2021-05-27 09:42:02,4167.25,49456
2021-05-27 09:42:03,4167.25,49460
2021-05-27 09:42:04,4168.6,49461
2021-05-27 09:42:05,4168.6,49461
2021-05-27 09:42:06,4168.6,49461
2021-05-27 09:42:07,4168.6,49461
2021-05-27 09:42:08,4168.6,49461
2021-05-27 09:42:09,4168.6,49461
2021-05-27 09:42:10,4168.6,49461
2021-05-27 09:42:12,4168.6,49461
2021-05-27 09:42:13,4167.25,49464
2021-05-27 09:42:14,4168.5,49467
2021-05-27 09:42:15,4168.5,49467
2021-05-27 09:42:16,4168.5,49467
2021-05-27 09:42:18,4166.4,49472
2021-05-27 09:42:19,4168.5,49473
2021-05-27 09:42:20,4168.5,49473
2021-05-27 09:42:21,4168.45,49493
2021-05-27 09:42:22,4166.15,49518
2021-05-27 09:42:23,4168.05,49521
2021-05-27 09:42:24,4165.85,49525
2021-05-27 09:42:25,4168.1,49527
2021-05-27 09:42:26,4168.1,49527
2021-05-27 09:42:27,4168.1,49527
2021-05-27 09:42:28,4168.1,49527
2021-05-27 09:42:29,4168.1,49527
2021-05-27 09:42:30,4168.1,49527
2021-05-27 09:42:31,4168.1,49527
2021-05-27 09:42:32,4168.1,49527
2021-05-27 09:42:33,4167.9,49531
2021-05-27 09:42:34,4165.75,49535
2021-05-27 09:42:35,4165.75,49535
2021-05-27 09:42:36,4165.75,49535
2021-05-27 09:42:37,4165.75,49535
2021-05-27 09:42:38,4165.75,49535
2021-05-27 09:42:39,4165.75,49535
2021-05-27 09:42:40,4165.75,49535
2021-05-27 09:42:41,4169.4,49961
2021-05-27 09:42:42,4167.8,49986
2021-05-27 09:42:43,4168.5,49991
2021-05-27 09:42:44,4168.5,50018
2021-05-27 09:42:45,4168.5,50024
2021-05-27 09:42:46,4168.5,50024
2021-05-27 09:42:47,4168.55,50038
2021-05-27 09:42:48,4168.55,50040
2021-05-27 09:42:49,4168.55,50050
2021-05-27 09:42:50,4168.55,50051
2021-05-27 09:42:51,4168.55,50051
2021-05-27 09:42:52,4168.55,50051
2021-05-27 09:42:53,4168.55,50051
2021-05-27 09:42:54,4166.7,50069
2021-05-27 09:42:57,4166.45,50166
2021-05-27 09:42:58,4167.5,50184
2021-05-27 09:42:59,4167.45,50186
2021-05-27 09:43:00,4167.5,50190
2021-05-27 09:43:01,4167.5,50191
2021-05-27 09:43:02,4167.5,50191
2021-05-27 09:43:03,4165.35,50195
2021-05-27 09:43:04,4165.35,50195
2021-05-27 09:43:05,4165.35,50195
2021-05-27 09:43:06,4165.35,50195
2021-05-27 09:43:07,4165.35,50195
2021-05-27 09:43:08,4165.35,50195
2021-05-27 09:43:09,4165.35,50195
2021-05-27 09:43:10,4165.35,50195
2021-05-27 09:43:11,4165.45,50205
2021-05-27 09:43:12,4167.3,50206
2021-05-27 09:43:13,4165.35,50208
2021-05-27 09:43:14,4167.3,50209
2021-05-27 09:43:15,4167.3,50209
2021-05-27 09:43:16,4167.3,50209
2021-05-27 09:43:17,4167.3,50209
2021-05-27 09:43:18,4167.3,50209
2021-05-27 09:43:19,4167.3,50209
2021-05-27 09:43:20,4167.3,50209
2021-05-27 09:43:21,4167.3,50209
2021-05-27 09:43:22,4167.3,50209
2021-05-27 09:43:23,4165.55,50213
2021-05-27 09:43:24,4167.25,50235
2021-05-27 09:43:25,4167.3,50237
2021-05-27 09:43:26,4167.9,50282
2021-05-27 09:43:27,4167.9,50286
2021-05-27 09:43:28,4168.45,50340
2021-05-27 09:43:29,4168.5,50355
2021-05-27 09:43:31,4168.5,50357
2021-05-27 09:43:32,4168.5,50357
2021-05-27 09:43:33,4167.85,50358
2021-05-27 09:43:34,4167.25,50360
2021-05-27 09:43:35,4167.25,50360
2021-05-27 09:43:36,4167.25,50360
2021-05-27 09:43:38,4167.25,50360
2021-05-27 09:43:39,4167.25,50360
2021-05-27 09:43:40,4167.25,50360
2021-05-27 09:43:41,4167.25,50360
2021-05-27 09:43:42,4167.25,50360
2021-05-27 09:43:43,4167.85,50361
2021-05-27 09:43:45,4167.25,50364
2021-05-27 09:43:46,4167.25,50364
2021-05-27 09:43:47,4167.25,50364
2021-05-27 09:43:48,4167.25,50364
2021-05-27 09:43:48,4167.25,50364
2021-05-27 09:43:50,4166.35,50384
2021-05-27 09:43:51,4167.9,50386
2021-05-27 09:43:53,4166.35,50392
2021-05-27 09:43:55,4167.7,50470
2021-05-27 09:43:56,4167.7,50477
2021-05-27 09:43:57,4167.7,50477
2021-05-27 09:43:59,4167.7,50477
2021-05-27 09:44:00,4167.7,50477
2021-05-27 09:44:01,4167.7,50477
2021-05-27 09:44:01,4167.7,50477
2021-05-27 09:44:02,4167.65,50480
2021-05-27 09:44:05,4167.65,50481
2021-05-27 09:44:10,4167.65,50481
2021-05-27 09:44:12,4167.65,50481
2021-05-27 09:44:13,4167.6,50482
2021-05-27 09:44:14,4167.25,50483
2021-05-27 09:44:15,4165.95,50496
2021-05-27 09:44:16,4167.2,50497
2021-05-27 09:44:16,4166.35,50517
2021-05-27 09:44:17,4167.2,50519
2021-05-27 09:44:19,4167.0,50523
2021-05-27 09:44:21,4167.0,50523
2021-05-27 09:44:23,4166.0,50527
2021-05-27 09:44:25,4166.0,50527
2021-05-27 09:44:26,4166.0,50527
2021-05-27 09:44:27,4166.0,50527
2021-05-27 09:44:28,4166.0,50527
2021-05-27 09:44:29,4166.0,50567
2021-05-27 09:44:30,4165.95,50607
2021-05-27 09:44:31,4166.9,50619
2021-05-27 09:44:33,4166.9,50621
2021-05-27 09:44:34,4166.9,50622
2021-05-27 09:44:35,4166.9,50627
2021-05-27 09:44:36,4166.9,50627
2021-05-27 09:44:37,4166.9,50627
2021-05-27 09:44:38,4166.9,50627
2021-05-27 09:44:39,4166.9,50627
2021-05-27 09:44:40,4166.0,50637
2021-05-27 09:44:41,4166.4,50638
2021-05-27 09:44:42,4166.4,50639
2021-05-27 09:44:43,4166.0,50656
2021-05-27 09:44:44,4166.35,50657
2021-05-27 09:44:45,4166.35,50657
2021-05-27 09:44:46,4166.35,50657
2021-05-27 09:44:47,4166.35,50657
2021-05-27 09:44:49,4166.35,50657
2021-05-27 09:44:50,4166.35,50657
2021-05-27 09:44:51,4165.35,50677
2021-05-27 09:44:51,4166.5,50679
2021-05-27 09:44:53,4166.5,50753
2021-05-27 09:44:54,4166.5,50774
2021-05-27 09:44:54,4167.0,50786
2021-05-27 09:44:56,4167.0,50787
2021-05-27 09:44:57,4167.9,50843
2021-05-27 09:44:59,4167.9,50860
2021-05-27 09:44:59,4167.9,50860
2021-05-27 09:45:01,4167.9,50860
2021-05-27 09:45:01,4167.9,50860
2021-05-27 09:45:04,4167.9,50977
2021-05-27 09:45:05,4168.55,50984
2021-05-27 09:45:07,4168.55,50993
2021-05-27 09:45:07,4168.55,50992
2021-05-27 09:45:08,4168.55,50993
2021-05-27 09:45:09,4168.55,50993
2021-05-27 09:45:16,4169.3,51491
2021-05-27 09:45:17,4171.6,51521
2021-05-27 09:45:18,4171.65,51525
2021-05-27 09:45:19,4171.65,51525
2021-05-27 09:45:20,4171.65,51531
2021-05-27 09:45:22,4171.8,51545
2021-05-27 09:45:22,4171.8,51546
2021-05-27 09:45:23,4171.8,51546
2021-05-27 09:45:25,4169.5,51549
2021-05-27 09:45:25,4171.75,51550
2021-05-27 09:45:26,4171.75,51550
2021-05-27 09:45:27,4171.7,51557
2021-05-27 09:45:28,4171.7,51557
2021-05-27 09:45:29,4171.7,51557
2021-05-27 09:45:31,4171.7,51557
2021-05-27 09:45:32,4169.3,51582
2021-05-27 09:45:33,4171.65,51585
2021-05-27 09:45:34,4169.3,51589
2021-05-27 09:45:35,4171.65,51590
2021-05-27 09:45:36,4171.65,51590
2021-05-27 09:45:36,4171.65,51590
2021-05-27 09:45:37,4171.65,51590
2021-05-27 09:45:38,4170.0,51610
2021-05-27 09:45:39,4171.35,51612
2021-05-27 09:45:42,4169.95,51660
2021-05-27 09:45:43,4170.0,51661
2021-05-27 09:45:46,4170.0,51661
2021-05-27 09:45:46,4170.0,51661
2021-05-27 09:45:49,4170.0,51661
2021-05-27 09:45:50,4170.0,51788
2021-05-27 09:45:51,4171.8,51801
2021-05-27 09:45:52,4172.0,51824
2021-05-27 09:45:54,4171.85,51826
2021-05-27 09:45:55,4171.85,51826
2021-05-27 09:45:56,4171.65,51836
2021-05-27 09:45:57,4171.65,51837
2021-05-27 09:45:59,4171.65,51862
2021-05-27 09:46:00,4171.65,51865
2021-05-27 09:46:01,4171.65,51865
2021-05-27 09:46:02,4171.65,51867
2021-05-27 09:46:03,4171.65,51867
2021-05-27 09:46:04,4170.2,51870
2021-05-27 09:46:05,4171.6,51871
2021-05-27 09:46:06,4171.85,51872
2021-05-27 09:46:07,4171.85,51872
2021-05-27 09:46:08,4171.85,51872
2021-05-27 09:46:09,4171.85,51872
2021-05-27 09:46:10,4171.85,51872
2021-05-27 09:46:10,4171.85,51872
2021-05-27 09:46:11,4171.85,51882
2021-05-27 09:46:12,4171.85,51883
2021-05-27 09:46:13,4171.6,51933
2021-05-27 09:46:15,4171.9,51937
2021-05-27 09:46:16,4174.35,53137
2021-05-27 09:46:17,4178.0,53881
2021-05-27 09:46:18,4178.0,54022
2021-05-27 09:46:19,4178.0,54077
2021-05-27 09:46:21,4178.65,54191
2021-05-27 09:46:22,4179.0,54228
2021-05-27 09:46:23,4179.0,54232
2021-05-27 09:46:24,4179.0,54314
2021-05-27 09:46:25,4179.0,54322
2021-05-27 09:46:26,4179.0,54333
2021-05-27 09:46:27,4179.75,54334
2021-05-27 09:46:28,4179.75,54334
2021-05-27 09:46:29,4179.95,54414
2021-05-27 09:46:29,4179.95,54447
2021-05-27 09:46:31,4179.9,54450
2021-05-27 09:46:32,4179.95,54481
2021-05-27 09:46:33,4179.95,54488
2021-05-27 09:46:34,4179.95,54489
2021-05-27 09:46:35,4179.0,54496
2021-05-27 09:46:35,4179.0,54496
2021-05-27 09:46:36,4179.0,54516
2021-05-27 09:46:37,4179.0,54527
2021-05-27 09:46:40,4180.0,54529
2021-05-27 09:46:41,4180.0,54529
2021-05-27 09:46:42,4179.95,54532
2021-05-27 09:46:43,4179.95,54545
2021-05-27 09:46:44,4179.95,54546
2021-05-27 09:46:44,4180.0,54566
2021-05-27 09:46:45,4179.0,54581
2021-05-27 09:46:47,4179.0,54638
2021-05-27 09:46:48,4179.0,54643
2021-05-27 09:46:51,4180.0,54701
2021-05-27 09:46:52,4179.0,54715
2021-05-27 09:46:53,4180.0,54716
2021-05-27 09:46:55,4180.0,54721
2021-05-27 09:46:55,4180.0,54722
2021-05-27 09:46:56,4179.0,54742
2021-05-27 09:46:57,4180.0,54744
2021-05-27 09:46:59,4180.0,54744
2021-05-27 09:47:00,4180.0,54769
2021-05-27 09:47:00,4180.0,54776
2021-05-27 09:47:01,4180.0,55026
2021-05-27 09:47:03,4179.0,55057
2021-05-27 09:47:04,4180.0,55083
2021-05-27 09:47:05,4180.0,55374
2021-05-27 09:47:06,4180.0,55380
2021-05-27 09:47:09,4181.0,55440
2021-05-27 09:47:10,4181.0,55444
2021-05-27 09:47:11,4181.0,55444
2021-05-27 09:47:12,4181.0,55444
2021-05-27 09:47:13,4180.95,55447
2021-05-27 09:47:14,4180.0,55448
2021-05-27 09:47:15,4180.0,55450
2021-05-27 09:47:16,4180.0,55450
2021-05-27 09:47:17,4180.0,55500
2021-05-27 09:47:18,4181.0,55505
2021-05-27 09:47:18,4181.0,55505
2021-05-27 09:47:20,4181.0,55505
2021-05-27 09:47:21,4181.0,55507
2021-05-27 09:47:22,4181.0,55531
2021-05-27 09:47:23,4181.0,55534
2021-05-27 09:47:24,4179.0,55634
2021-05-27 09:47:25,4181.0,55972
2021-05-27 09:47:25,4182.6,56423
2021-05-27 09:47:27,4183.8,57161
2021-05-27 09:47:27,4183.8,57175
2021-05-27 09:47:28,4184.0,57286
2021-05-27 09:47:29,4182.0,57426
2021-05-27 09:47:30,4184.0,57497
2021-05-27 09:47:31,4181.75,57508
2021-05-27 09:47:33,4184.95,58217
2021-05-27 09:47:33,4185.0,58344
2021-05-27 09:47:34,4184.0,58391
2021-05-27 09:47:35,4185.0,58487
2021-05-27 09:47:36,4187.2,59650
2021-05-27 09:47:37,4190.0,60041
2021-05-27 09:47:38,4190.0,60128
2021-05-27 09:47:41,4190.0,60273
2021-05-27 09:47:42,4188.55,60606
2021-05-27 09:47:43,4191.1,60622
2021-05-27 09:47:45,4188.8,60643
2021-05-27 09:47:46,4191.0,60692
2021-05-27 09:47:47,4191.05,60739
2021-05-27 09:47:47,4190.7,60695
2021-05-27 09:47:48,4190.0,60769
2021-05-27 09:47:49,4190.0,60782
2021-05-27 09:47:50,4188.55,60893
2021-05-27 09:47:51,4190.8,60925
2021-05-27 09:47:53,4191.2,61039
2021-05-27 09:47:54,4189.95,61075
2021-05-27 09:47:55,4190.0,61098
2021-05-27 09:47:55,4189.95,61076
2021-05-27 09:47:56,4190.0,61101
2021-05-27 09:47:57,4189.95,61104
2021-05-27 09:47:58,4190.0,61150
2021-05-27 09:47:59,4189.95,61161
2021-05-27 09:48:00,4190.75,61218
2021-05-27 09:48:01,4191.2,61461
2021-05-27 09:48:03,4191.0,61566
2021-05-27 09:48:04,4191.0,61584
2021-05-27 09:48:05,4189.95,61755
2021-05-27 09:48:06,4190.65,61779
2021-05-27 09:48:07,4188.25,61787
2021-05-27 09:48:08,4188.2,61967
2021-05-27 09:48:10,4190.0,62012
2021-05-27 09:48:11,4190.0,62014
2021-05-27 09:48:12,4189.95,62016
2021-05-27 09:48:13,4188.2,62044
2021-05-27 09:48:14,4189.0,62113
2021-05-27 09:48:14,4187.5,62681
2021-05-27 09:48:17,4190.0,62784
2021-05-27 09:48:18,4190.0,62939
2021-05-27 09:48:20,4190.75,63246
2021-05-27 09:48:21,4188.45,63292
2021-05-27 09:48:22,4189.95,63302
2021-05-27 09:48:22,4189.95,63303
2021-05-27 09:48:23,4188.65,63306
2021-05-27 09:48:24,4189.0,63318
2021-05-27 09:48:25,4190.95,63320
2021-05-27 09:48:26,4191.0,63375
2021-05-27 09:48:27,4190.0,63403
2021-05-27 09:48:28,4189.1,63407
2021-05-27 09:48:30,4189.1,63407
2021-05-27 09:48:31,4189.0,63457
2021-05-27 09:48:32,4189.0,63472
2021-05-27 09:48:33,4189.0,63480
2021-05-27 09:48:34,4190.95,63481
2021-05-27 09:48:35,4190.95,63488
2021-05-27 09:48:35,4189.25,63507
2021-05-27 09:48:36,4191.0,65050
2021-05-27 09:48:37,4191.2,65186
2021-05-27 09:48:38,4191.2,65208
2021-05-27 09:48:39,4192.0,65495
2021-05-27 09:48:40,4191.1,65665
2021-05-27 09:48:41,4193.75,65682
2021-05-27 09:48:42,4191.6,65914
2021-05-27 09:48:43,4191.5,65939
2021-05-27 09:48:44,4193.95,65970
2021-05-27 09:48:45,4193.45,66122
2021-05-27 09:48:46,4190.0,66173
2021-05-27 09:48:47,4190.1,66185
2021-05-27 09:48:48,4190.4,66860
2021-05-27 09:48:49,4191.6,67016
2021-05-27 09:48:50,4193.6,67031
2021-05-27 09:48:52,4191.05,67084
2021-05-27 09:48:53,4192.4,67092
2021-05-27 09:48:55,4192.4,67113
2021-05-27 09:48:56,4193.45,67115
2021-05-27 09:48:56,4193.5,67119
2021-05-27 09:48:58,4194.4,67120
2021-05-27 09:48:59,4194.6,67134
2021-05-27 09:49:00,4193.45,67135
2021-05-27 09:49:01,4192.4,67179
2021-05-27 09:49:02,4192.4,67188
2021-05-27 09:49:03,4193.0,67192
2021-05-27 09:49:04,4194.0,67214
2021-05-27 09:49:05,4192.0,67889
2021-05-27 09:49:06,4193.3,67980
2021-05-27 09:49:07,4193.45,68024
2021-05-27 09:49:07,4193.15,68025
2021-05-27 09:49:08,4192.95,68106
2021-05-27 09:49:10,4192.0,68131
2021-05-27 09:49:12,4192.0,68176
2021-05-27 09:49:13,4192.0,68181
2021-05-27 09:49:15,4191.1,68192
2021-05-27 09:49:15,4193.0,68213
2021-05-27 09:49:17,4190.7,68307
2021-05-27 09:49:17,4190.7,68338
2021-05-27 09:49:19,4193.0,68465
2021-05-27 09:49:22,4192.95,68507
2021-05-27 09:49:24,4192.0,68576
2021-05-27 09:49:27,4193.45,68590
2021-05-27 09:49:28,4193.5,68601
2021-05-27 09:49:29,4193.0,68707
2021-05-27 09:49:30,4193.3,68924
2021-05-27 09:49:31,4190.8,68935
2021-05-27 09:49:32,4190.85,68941
2021-05-27 09:49:33,4190.8,68990
2021-05-27 09:49:34,4193.0,68995
2021-05-27 09:49:35,4192.95,68997
2021-05-27 09:49:36,4190.85,69021
2021-05-27 09:49:37,4192.75,69031
2021-05-27 09:49:38,4190.85,69034
2021-05-27 09:49:39,4192.7,69036
2021-05-27 09:49:40,4192.7,69036
2021-05-27 09:49:41,4192.7,69036
2021-05-27 09:49:42,4190.85,69037
2021-05-27 09:49:43,4193.0,69093
2021-05-27 09:49:44,4193.0,69099
2021-05-27 09:49:45,4192.65,69104
2021-05-27 09:49:46,4190.85,69105
2021-05-27 09:49:47,4192.65,69109
2021-05-27 09:49:48,4192.7,69120
2021-05-27 09:49:49,4192.7,69174
2021-05-27 09:49:52,4193.0,69186
2021-05-27 09:49:53,4193.0,69186
2021-05-27 09:49:54,4192.7,69190
2021-05-27 09:49:55,4193.0,69191
2021-05-27 09:49:57,4193.0,69300
2021-05-27 09:49:59,4192.7,69338
2021-05-27 09:50:00,4193.0,69340
2021-05-27 09:50:01,4193.0,69350
2021-05-27 09:50:02,4193.0,69408
2021-05-27 09:50:03,4192.7,69649
2021-05-27 09:50:05,4192.1,69786
2021-05-27 09:50:07,4193.0,69828
2021-05-27 09:50:06,4193.0,69819
2021-05-27 09:50:08,4193.0,69839
2021-05-27 09:50:09,4192.0,69855
2021-05-27 09:50:10,4192.0,69859
2021-05-27 09:50:11,4192.0,69866
2021-05-27 09:50:13,4191.95,69873
2021-05-27 09:50:12,4191.95,69870
2021-05-27 09:50:14,4192.0,69953
2021-05-27 09:50:15,4193.0,69996
2021-05-27 09:50:16,4193.0,70020
2021-05-27 09:50:17,4190.85,70094
2021-05-27 09:50:19,4191.0,70108
2021-05-27 09:50:20,4190.85,70121
2021-05-27 09:50:21,4192.5,70232
2021-05-27 09:50:21,4190.1,70336
2021-05-27 09:50:22,4191.9,70347
2021-05-27 09:50:23,4191.95,70352
2021-05-27 09:50:24,4191.95,70372
2021-05-27 09:50:26,4191.95,70384
2021-05-27 09:50:27,4191.9,70389
2021-05-27 09:50:29,4192.4,70823
2021-05-27 09:50:30,4192.6,70825
2021-05-27 09:50:31,4193.0,70874
2021-05-27 09:50:32,4190.5,70929
2021-05-27 09:50:33,4193.0,70938
2021-05-27 09:50:35,4190.3,71211
2021-05-27 09:50:36,4192.8,71282
2021-05-27 09:50:37,4190.2,71426
2021-05-27 09:50:38,4192.65,71436
2021-05-27 09:50:40,4190.3,71559
2021-05-27 09:50:41,4192.75,71569
2021-05-27 09:50:43,4192.4,71577
2021-05-27 09:50:44,4193.0,71614
2021-05-27 09:50:44,4193.0,71618
2021-05-27 09:50:45,4192.4,71629
2021-05-27 09:50:46,4192.9,71726
2021-05-27 09:50:47,4190.15,71915
2021-05-27 09:50:48,4192.35,71918
2021-05-27 09:50:49,4192.6,71920
2021-05-27 09:50:50,4192.75,71930
2021-05-27 09:50:52,4193.0,71951
2021-05-27 09:50:53,4193.0,72224
2021-05-27 09:50:54,4193.0,72276
2021-05-27 09:50:55,4193.0,72281
2021-05-27 09:50:56,4193.0,72282
2021-05-27 09:50:57,4193.0,72333
2021-05-27 09:50:58,4193.0,72397
2021-05-27 09:50:59,4192.15,72404
2021-05-27 09:51:00,4192.85,72412
2021-05-27 09:51:01,4192.65,72623
2021-05-27 09:51:02,4192.9,72634
2021-05-27 09:51:03,4193.0,72637
2021-05-27 09:51:04,4192.9,72639
2021-05-27 09:51:05,4193.0,72656
2021-05-27 09:51:06,4193.0,72657
2021-05-27 09:51:07,4193.0,72657
2021-05-27 09:51:08,4193.0,72678
2021-05-27 09:51:09,4192.0,72691
2021-05-27 09:51:10,4192.25,73024
2021-05-27 09:51:11,4194.0,73089
2021-05-27 09:51:12,4193.95,73269
2021-05-27 09:51:13,4194.0,73314
2021-05-27 09:51:14,4193.0,73327
2021-05-27 09:51:15,4193.0,73328
2021-05-27 09:51:16,4193.0,73329
2021-05-27 09:51:17,4192.15,73340
2021-05-27 09:51:18,4192.15,73342
2021-05-27 09:51:19,4191.15,73394
2021-05-27 09:51:20,4193.0,73399
2021-05-27 09:51:21,4194.2,73651
2021-05-27 09:51:22,4194.3,73657
2021-05-27 09:51:23,4192.15,73715
2021-05-27 09:51:24,4194.7,73774
2021-05-27 09:51:25,4194.95,73900
2021-05-27 09:51:27,4194.95,74228
2021-05-27 09:51:29,4192.55,74345
2021-05-27 09:51:30,4194.9,74354
2021-05-27 09:51:31,4193.3,74417
2021-05-27 09:51:32,4193.3,74648
2021-05-27 09:51:33,4196.55,74722
2021-05-27 09:51:34,4196.4,74751
2021-05-27 09:51:35,4194.2,74850
2021-05-27 09:51:36,4197.2,75124
2021-05-27 09:51:37,4197.5,75183
2021-05-27 09:51:38,4197.7,75189
2021-05-27 09:51:39,4197.7,75260
2021-05-27 09:51:40,4198.0,75435
2021-05-27 09:51:41,4197.95,75453
2021-05-27 09:51:42,4195.4,75487
2021-05-27 09:51:43,4197.45,75509
2021-05-27 09:51:45,4197.7,75699
2021-05-27 09:51:46,4197.7,75710
2021-05-27 09:51:47,4197.7,75724
2021-05-27 09:51:47,4197.7,75757
2021-05-27 09:51:48,4197.65,75764
2021-05-27 09:51:50,4195.7,75959
2021-05-27 09:51:51,4198.0,76079
2021-05-27 09:51:52,4198.0,76105
2021-05-27 09:51:53,4198.4,76238
2021-05-27 09:51:54,4199.0,76340
2021-05-27 09:51:55,4198.3,76660
2021-05-27 09:51:56,4199.0,76709
2021-05-27 09:51:56,4197.95,76715
2021-05-27 09:51:58,4196.35,76772
2021-05-27 09:51:59,4197.95,76778
2021-05-27 09:52:00,4198.3,76779
2021-05-27 09:52:02,4198.7,76895
2021-05-27 09:52:03,4196.75,77011
2021-05-27 09:52:04,4198.8,77065
2021-05-27 09:52:05,4198.0,77070
2021-05-27 09:52:06,4198.0,77079
2021-05-27 09:52:07,4196.35,77115
2021-05-27 09:52:08,4196.75,77120
2021-05-27 09:52:09,4196.0,77151
2021-05-27 09:52:10,4196.7,77154
2021-05-27 09:52:11,4195.0,77158
2021-05-27 09:52:12,4196.75,77187
2021-05-27 09:52:13,4196.75,77189
2021-05-27 09:52:14,4196.75,77190
2021-05-27 09:52:15,4196.75,77190
2021-05-27 09:52:17,4195.0,77359
2021-05-27 09:52:18,4195.0,77367
2021-05-27 09:52:19,4193.0,77701
2021-05-27 09:52:20,4192.0,77858
2021-05-27 09:52:21,4190.9,77974
2021-05-27 09:52:22,4192.15,78035
2021-05-27 09:52:23,4193.45,78048
2021-05-27 09:52:24,4193.4,78050
2021-05-27 09:52:25,4192.0,78160
2021-05-27 09:52:26,4191.95,78171
2021-05-27 09:52:27,4192.0,78200
2021-05-27 09:52:28,4192.0,78452
2021-05-27 09:52:29,4192.0,78497
2021-05-27 09:52:31,4192.0,78600
2021-05-27 09:52:30,4192.0,78581
2021-05-27 09:52:32,4192.35,78810
2021-05-27 09:52:34,4193.8,78850
2021-05-27 09:52:33,4193.8,78831
2021-05-27 09:52:35,4195.5,79119
2021-05-27 09:52:36,4192.9,79188
2021-05-27 09:52:37,4193.8,79195
2021-05-27 09:52:38,4192.0,79274
2021-05-27 09:52:39,4192.65,79335
2021-05-27 09:52:40,4192.65,79358
2021-05-27 09:52:41,4192.0,79430
2021-05-27 09:52:42,4192.65,79440
2021-05-27 09:52:43,4192.0,79593
2021-05-27 09:52:44,4192.0,79705
2021-05-27 09:52:45,4194.45,79736
2021-05-27 09:52:46,4192.55,80043
2021-05-27 09:52:47,4193.0,80120
2021-05-27 09:52:48,4195.0,80175
2021-05-27 09:52:49,4195.0,80283
2021-05-27 09:52:50,4196.75,80315
2021-05-27 09:52:52,4198.0,80377
2021-05-27 09:52:53,4197.0,80384
2021-05-27 09:52:54,4197.0,80392
2021-05-27 09:52:55,4198.0,80401
2021-05-27 09:52:56,4198.0,80535
2021-05-27 09:52:57,4198.0,80563
2021-05-27 09:52:58,4198.0,80569
2021-05-27 09:52:59,4196.75,80610
2021-05-27 09:53:00,4198.0,80633
2021-05-27 09:53:01,4198.0,80636
2021-05-27 09:53:02,4198.0,80636
2021-05-27 09:53:03,4196.75,80718
2021-05-27 09:53:04,4195.7,80813
2021-05-27 09:53:05,4198.0,80827
2021-05-27 09:53:06,4195.65,80855
2021-05-27 09:53:07,4196.1,80860
2021-05-27 09:53:08,4196.15,80915
2021-05-27 09:53:10,4198.0,80924
2021-05-27 09:53:09,4198.0,80923
2021-05-27 09:53:11,4196.1,80949
2021-05-27 09:53:12,4198.0,80952
2021-05-27 09:53:13,4197.0,81020
2021-05-27 09:53:14,4197.0,81029
2021-05-27 09:53:15,4196.55,81040
2021-05-27 09:53:16,4196.75,81177
2021-05-27 09:53:17,4198.0,81207
2021-05-27 09:53:18,4200.0,85307
2021-05-27 09:53:20,4203.45,86074
2021-05-27 09:53:19,4203.0,85957
2021-05-27 09:53:21,4203.45,86195
2021-05-27 09:53:22,4204.0,86445
2021-05-27 09:53:23,4203.85,86771
2021-05-27 09:53:24,4203.45,86852
2021-05-27 09:53:26,4205.0,87178
2021-05-27 09:53:25,4205.0,87176
2021-05-27 09:53:27,4206.0,87209
2021-05-27 09:53:28,4206.0,87440
2021-05-27 09:53:29,4207.0,87577
2021-05-27 09:53:30,4206.05,87646
2021-05-27 09:53:31,4206.15,87793
2021-05-27 09:53:32,4206.15,87835
2021-05-27 09:53:33,4205.0,88131
2021-05-27 09:53:34,4204.1,88198
2021-05-27 09:53:35,4206.6,88205
2021-05-27 09:53:36,4206.8,88284
2021-05-27 09:53:37,4206.6,88454
2021-05-27 09:53:39,4204.45,88550
2021-05-27 09:53:38,4206.7,88500
2021-05-27 09:53:40,4204.4,88585
2021-05-27 09:53:41,4205.9,88682
2021-05-27 09:53:42,4203.6,88814
2021-05-27 09:53:43,4206.6,88835
2021-05-27 09:53:45,4204.25,89149
2021-05-27 09:53:44,4204.9,89120
2021-05-27 09:53:47,4200.0,89607
2021-05-27 09:53:48,4200.0,89645
2021-05-27 09:53:49,4200.0,89689
2021-05-27 09:53:51,4202.55,89967
2021-05-27 09:53:52,4201.55,89974
2021-05-27 09:53:53,4201.5,89977
2021-05-27 09:53:54,4199.05,90032
2021-05-27 09:53:55,4201.15,90041
2021-05-27 09:53:56,4201.95,90124
2021-05-27 09:53:57,4201.65,90132
2021-05-27 09:53:59,4200.35,90600
2021-05-27 09:53:58,4200.0,90551
2021-05-27 09:54:00,4203.0,90805
2021-05-27 09:54:01,4202.25,90806
2021-05-27 09:54:02,4200.4,91227
2021-05-27 09:54:03,4202.25,91275
2021-05-27 09:54:04,4203.0,91280
2021-05-27 09:54:05,4202.25,91370
2021-05-27 09:54:06,4202.25,91410
2021-05-27 09:54:07,4205.0,91463
2021-05-27 09:54:09,4205.0,91615
2021-05-27 09:54:10,4206.0,91732
2021-05-27 09:54:10,4206.0,91738
2021-05-27 09:54:11,4205.1,91885
2021-05-27 09:54:12,4205.0,92039
2021-05-27 09:54:13,4205.35,92098
2021-05-27 09:54:14,4207.1,92104
2021-05-27 09:54:15,4207.1,92147
2021-05-27 09:54:16,4207.1,92161
2021-05-27 09:54:17,4205.25,92200
2021-05-27 09:54:18,4208.0,92378
2021-05-27 09:54:19,4205.55,92652
2021-05-27 09:54:20,4208.5,92700
2021-05-27 09:54:22,4207.1,92713
2021-05-27 09:54:22,4208.05,92872
2021-05-27 09:54:24,4205.3,92988
2021-05-27 09:54:25,4208.0,93001
2021-05-27 09:54:26,4208.3,93144
2021-05-27 09:54:28,4206.75,93422
2021-05-27 09:54:28,4205.0,93453
2021-05-27 09:54:29,4205.1,93476
2021-05-27 09:54:31,4207.4,93479
2021-05-27 09:54:31,4206.75,93478
2021-05-27 09:54:32,4205.7,93535
2021-05-27 09:54:33,4205.4,93548
2021-05-27 09:54:34,4205.0,93662
2021-05-27 09:54:35,4207.4,93690
2021-05-27 09:54:36,4205.0,93724
2021-05-27 09:54:37,4203.05,93902
2021-05-27 09:54:38,4206.35,93920
2021-05-27 09:54:39,4204.05,94172
2021-05-27 09:54:40,4206.45,94197
2021-05-27 09:54:42,4204.25,94200
2021-05-27 09:54:42,4206.4,94206
2021-05-27 09:54:43,4206.4,94206
2021-05-27 09:54:44,4206.4,94206
2021-05-27 09:54:46,4203.0,94257
2021-05-27 09:54:46,4204.95,94262
2021-05-27 09:54:47,4205.0,94321
2021-05-27 09:54:48,4203.0,94358
2021-05-27 09:54:49,4205.0,94369
2021-05-27 09:54:50,4204.35,94513
2021-05-27 09:54:53,4204.95,94553
2021-05-27 09:54:54,4205.0,94567
2021-05-27 09:54:55,4205.0,94570
2021-05-27 09:54:56,4206.0,94760
2021-05-27 09:54:58,4206.6,94794
2021-05-27 09:54:59,4205.9,94813
2021-05-27 09:55:00,4203.75,94816
2021-05-27 09:55:00,4203.75,94831
2021-05-27 09:55:01,4203.75,94834
2021-05-27 09:55:02,4205.75,94845
2021-05-27 09:55:03,4203.0,95195
2021-05-27 09:55:04,4206.0,95230
2021-05-27 09:55:06,4205.75,95257
2021-05-27 09:55:06,4205.7,95259
2021-05-27 09:55:07,4205.7,95265
2021-05-27 09:55:09,4206.35,95316
2021-05-27 09:55:09,4206.4,95321
2021-05-27 09:55:10,4203.95,95422
2021-05-27 09:55:12,4206.3,95439
2021-05-27 09:55:12,4206.25,95442
2021-05-27 09:55:14,4205.2,95667
2021-05-27 09:55:14,4206.0,95689
2021-05-27 09:55:15,4206.45,95722
2021-05-27 09:55:16,4206.0,95742
2021-05-27 09:55:18,4205.0,95754
2021-05-27 09:55:18,4206.0,95767
2021-05-27 09:55:19,4205.0,95774
2021-05-27 09:55:21,4205.0,95900
2021-05-27 09:55:21,4207.0,95870
2021-05-27 09:55:23,4207.0,96000
2021-05-27 09:55:23,4207.0,95982
2021-05-27 09:55:24,4206.3,96123
2021-05-27 09:55:25,4207.0,96158
2021-05-27 09:55:26,4207.0,96162
2021-05-27 09:55:27,4207.0,96162
2021-05-27 09:55:29,4206.3,96179
2021-05-27 09:55:29,4206.95,96183
2021-05-27 09:55:31,4206.3,96250
2021-05-27 09:55:31,4204.4,96377
2021-05-27 09:55:32,4204.35,96419
2021-05-27 09:55:34,4204.2,96426
2021-05-27 09:55:34,4206.85,96480
2021-05-27 09:55:35,4206.95,96540
2021-05-27 09:55:36,4207.0,96546
2021-05-27 09:55:38,4204.85,96572
2021-05-27 09:55:38,4206.95,96575
2021-05-27 09:55:40,4206.65,96729
2021-05-27 09:55:41,4206.95,96737
2021-05-27 09:55:41,4206.95,96759
2021-05-27 09:55:43,4205.0,96813
2021-05-27 09:55:44,4204.1,96935
2021-05-27 09:55:44,4206.4,96955
2021-05-27 09:55:45,4204.55,96959
2021-05-27 09:55:46,4204.5,96962
2021-05-27 09:55:48,4206.9,96966
2021-05-27 09:55:48,4204.55,97004
2021-05-27 09:55:50,4206.8,97008
2021-05-27 09:55:50,4204.6,97010
2021-05-27 09:55:52,4206.75,97031
2021-05-27 09:55:53,4206.75,97075
2021-05-27 09:55:54,4206.75,97084
2021-05-27 09:55:54,4206.85,97090
2021-05-27 09:55:56,4207.0,97141
2021-05-27 09:55:56,4207.0,97155
2021-05-27 09:55:58,4207.0,97264
2021-05-27 09:55:59,4207.0,97604
2021-05-27 09:55:59,4205.6,97726
2021-05-27 09:56:01,4204.65,97740
2021-05-27 09:56:02,4205.9,97754
2021-05-27 09:56:03,4205.9,97769
2021-05-27 09:56:05,4207.65,97974
2021-05-27 09:56:05,4207.9,97994
2021-05-27 09:56:07,4205.05,98060
2021-05-27 09:56:07,4207.25,98067
2021-05-27 09:56:08,4207.25,98209
2021-05-27 09:56:09,4207.45,98231
2021-05-27 09:56:10,4207.55,98310
2021-05-27 09:56:12,4206.1,98330
2021-05-27 09:56:12,4206.1,98330
2021-05-27 09:56:14,4208.0,98535
2021-05-27 09:56:14,4208.0,98555
2021-05-27 09:56:16,4208.55,98615
2021-05-27 09:56:17,4207.95,98634
2021-05-27 09:56:17,4208.55,98632
2021-05-27 09:56:18,4207.95,98634
2021-05-27 09:56:20,4208.45,98641
2021-05-27 09:56:21,4206.15,98643
2021-05-27 09:56:22,4207.25,98644
2021-05-27 09:56:22,4207.2,98649
2021-05-27 09:56:23,4208.0,98704
2021-05-27 09:56:25,4208.0,98709
2021-05-27 09:56:26,4208.0,98747
2021-05-27 09:56:27,4207.5,98795
2021-05-27 09:56:28,4207.5,98952
2021-05-27 09:56:29,4208.65,99034
2021-05-27 09:56:30,4208.65,99042
2021-05-27 09:56:31,4208.65,99050
2021-05-27 09:56:32,4206.1,99151
2021-05-27 09:56:32,4208.0,99165
2021-05-27 09:56:33,4208.65,99196
2021-05-27 09:56:35,4208.0,99214
2021-05-27 09:56:35,4208.0,99219
2021-05-27 09:56:38,4208.65,99284
2021-05-27 09:56:38,4208.65,99289
2021-05-27 09:56:39,4208.65,99296
2021-05-27 09:56:40,4208.6,99299
2021-05-27 09:56:41,4208.6,99497
2021-05-27 09:56:42,4208.65,99509
2021-05-27 09:56:43,4208.65,99567
2021-05-27 09:56:44,4208.6,99589
2021-05-27 09:56:45,4208.65,99592
2021-05-27 09:56:47,4208.6,99596
2021-05-27 09:56:48,4208.6,99933
2021-05-27 09:56:48,4209.9,99967
2021-05-27 09:56:49,4208.6,99998
2021-05-27 09:56:50,4209.85,100000
2021-05-27 09:56:51,4210.15,100774
2021-05-27 09:56:52,4210.85,100975
2021-05-27 09:56:53,4212.85,100996
2021-05-27 09:56:54,4212.85,100998
2021-05-27 09:56:55,4210.8,101184
2021-05-27 09:56:56,4213.55,101203
2021-05-27 09:56:57,4213.55,101321
2021-05-27 09:56:58,4210.7,101342
2021-05-27 09:57:00,4211.4,101404
2021-05-27 09:57:01,4214.0,101492
2021-05-27 09:57:02,4212.1,101702
2021-05-27 09:57:03,4214.35,101723
2021-05-27 09:57:04,4211.6,101894
2021-05-27 09:57:05,4214.0,101947
2021-05-27 09:57:06,4214.0,102065
2021-05-27 09:57:07,4214.4,102097
2021-05-27 09:57:08,4212.0,102745
2021-05-27 09:57:10,4213.85,102914
2021-05-27 09:57:11,4213.85,103020
2021-05-27 09:57:13,4213.65,103174
2021-05-27 09:57:15,4213.95,103475
2021-05-27 09:57:16,4211.5,103523
2021-05-27 09:57:17,4210.7,103562
2021-05-27 09:57:18,4212.0,103571
2021-05-27 09:57:19,4212.0,103578
2021-05-27 09:57:20,4212.0,103579
2021-05-27 09:57:21,4210.0,104055
2021-05-27 09:57:22,4212.0,104112
2021-05-27 09:57:25,4211.8,104161
2021-05-27 09:57:26,4211.9,104163
2021-05-27 09:57:27,4211.9,104164
2021-05-27 09:57:28,4210.0,104214
2021-05-27 09:57:29,4211.15,104265
2021-05-27 09:57:29,4211.15,104266
2021-05-27 09:57:30,4212.0,104268
2021-05-27 09:57:31,4212.0,104269
2021-05-27 09:57:32,4213.45,104430
2021-05-27 09:57:33,4212.95,104489
2021-05-27 09:57:35,4210.0,104750
2021-05-27 09:57:36,4210.3,104763
2021-05-27 09:57:37,4211.15,104800
2021-05-27 09:57:37,4211.15,104804
2021-05-27 09:57:38,4210.0,104858
2021-05-27 09:57:39,4210.8,104871
2021-05-27 09:57:41,4209.75,105023
2021-05-27 09:57:42,4207.7,105045
2021-05-27 09:57:44,4210.0,105076
2021-05-27 09:57:45,4209.5,105093
2021-05-27 09:57:46,4210.05,105095
2021-05-27 09:57:47,4210.1,105141
2021-05-27 09:57:48,4211.6,105343
2021-05-27 09:57:48,4211.95,105347
2021-05-27 09:57:49,4211.95,105448
2021-05-27 09:57:50,4211.45,105495
2021-05-27 09:57:51,4211.95,105499
2021-05-27 09:57:52,4209.1,105563
2021-05-27 09:57:53,4209.2,105584
2021-05-27 09:57:54,4211.55,105586
2021-05-27 09:57:56,4208.8,105624
2021-05-27 09:57:57,4211.2,105638
2021-05-27 09:57:58,4211.15,105640
2021-05-27 09:57:58,4211.1,105641
2021-05-27 09:57:59,4209.0,105661
2021-05-27 09:58:00,4209.35,105664
2021-05-27 09:58:01,4207.25,105743
2021-05-27 09:58:03,4209.65,105768
2021-05-27 09:58:05,4209.25,105800
2021-05-27 09:58:06,4209.25,105804
2021-05-27 09:58:07,4209.25,105804
2021-05-27 09:58:08,4209.25,105855
2021-05-27 09:58:08,4209.25,105876
2021-05-27 09:58:09,4209.25,105878
2021-05-27 09:58:10,4209.25,105899
2021-05-27 09:58:11,4209.25,105901
2021-05-27 09:58:12,4209.25,105972
2021-05-27 09:58:13,4211.6,106137
2021-05-27 09:58:14,4212.0,106151
2021-05-27 09:58:16,4210.3,106250
2021-05-27 09:58:18,4210.3,106265
2021-05-27 09:58:19,4211.6,106298
2021-05-27 09:58:20,4212.0,106307
2021-05-27 09:58:20,4212.0,106309
2021-05-27 09:58:21,4213.0,106310
2021-05-27 09:58:22,4210.65,106315
2021-05-27 09:58:23,4210.65,106315
2021-05-27 09:58:24,4211.45,106326
2021-05-27 09:58:25,4212.0,106332
2021-05-27 09:58:26,4212.0,106333
2021-05-27 09:58:28,4211.95,106434
2021-05-27 09:58:30,4211.9,106450
2021-05-27 09:58:31,4211.85,106462
2021-05-27 09:58:32,4211.6,106467
2021-05-27 09:58:33,4209.5,106472
2021-05-27 09:58:34,4212.0,106767
2021-05-27 09:58:35,4209.65,106872
2021-05-27 09:58:36,4211.5,106905
2021-05-27 09:58:37,4211.5,106917
2021-05-27 09:58:39,4211.5,106968
2021-05-27 09:58:40,4211.5,106982
2021-05-27 09:58:41,4211.5,106983
2021-05-27 09:58:42,4210.0,107137
2021-05-27 09:58:43,4210.95,107152
2021-05-27 09:58:44,4209.4,107205
2021-05-27 09:58:45,4211.5,107225
2021-05-27 09:58:46,4211.5,107319
2021-05-27 09:58:46,4211.95,107333
2021-05-27 09:58:47,4211.0,107466
2021-05-27 09:58:49,4213.95,108338
2021-05-27 09:58:50,4214.95,109051
2021-05-27 09:58:51,4213.95,109423
2021-05-27 09:58:51,4213.95,109211
2021-05-27 09:58:52,4214.95,109436
2021-05-27 09:58:53,4215.0,109456
2021-05-27 09:58:54,4213.6,109964
2021-05-27 09:58:55,4215.0,110082
2021-05-27 09:58:56,4216.0,110377
2021-05-27 09:58:57,4213.2,110531
2021-05-27 09:58:58,4214.95,110548
2021-05-27 09:58:59,4215.95,110567
2021-05-27 09:59:00,4215.8,110640
2021-05-27 09:59:01,4216.0,110662
2021-05-27 09:59:02,4215.8,110666
2021-05-27 09:59:03,4216.0,110709
2021-05-27 09:59:04,4215.9,110786
2021-05-27 09:59:05,4218.0,110902
2021-05-27 09:59:06,4215.9,111268
2021-05-27 09:59:07,4216.0,111389
2021-05-27 09:59:08,4216.0,111457
2021-05-27 09:59:10,4215.0,111542
2021-05-27 09:59:11,4216.0,111657
2021-05-27 09:59:11,4216.0,111625
2021-05-27 09:59:12,4216.0,111671
2021-05-27 09:59:14,4218.0,111886
2021-05-27 09:59:14,4216.0,111975
2021-05-27 09:59:16,4216.0,112125
2021-05-27 09:59:17,4218.95,112297
2021-05-27 09:59:18,4216.0,112575
2021-05-27 09:59:18,4216.0,112659
2021-05-27 09:59:19,4216.4,113077
2021-05-27 09:59:21,4218.2,113298
2021-05-27 09:59:22,4216.4,113374
2021-05-27 09:59:23,4216.4,113444
2021-05-27 09:59:23,4218.6,113454
2021-05-27 09:59:24,4218.75,113476
2021-05-27 09:59:26,4219.35,113883
2021-05-27 09:59:27,4218.5,114004
2021-05-27 09:59:28,4218.5,114103
2021-05-27 09:59:29,4216.55,114215
2021-05-27 09:59:30,4218.5,114232
2021-05-27 09:59:32,4218.0,114244
2021-05-27 09:59:33,4219.9,114796
2021-05-27 09:59:34,4216.75,114996
2021-05-27 09:59:35,4217.0,115033
2021-05-27 09:59:36,4218.5,115118
2021-05-27 09:59:37,4219.85,115258
2021-05-27 09:59:38,4219.7,115274
2021-05-27 09:59:39,4219.8,115309
2021-05-27 09:59:42,4220.0,116426
2021-05-27 09:59:43,4218.6,116618
2021-05-27 09:59:44,4220.0,116721
2021-05-27 09:59:45,4219.5,116832
2021-05-27 09:59:46,4220.0,116896
2021-05-27 09:59:47,4220.0,116906
2021-05-27 09:59:48,4220.0,117017
2021-05-27 09:59:49,4218.15,117113
2021-05-27 09:59:50,4219.95,117221
2021-05-27 09:59:51,4219.95,117238
2021-05-27 09:59:52,4219.5,117260
2021-05-27 09:59:52,4218.2,117264
2021-05-27 09:59:53,4219.95,117505
2021-05-27 09:59:54,4218.6,117653
2021-05-27 09:59:55,4220.0,117865
2021-05-27 09:59:56,4220.0,117919
2021-05-27 09:59:57,4220.0,117954
2021-05-27 09:59:58,4220.0,117960
2021-05-27 09:59:59,4219.0,118006
2021-05-27 10:00:01,4220.0,118451
2021-05-27 10:00:02,4220.0,118598
2021-05-27 10:00:03,4220.0,118730
2021-05-27 10:00:04,4220.0,118765
2021-05-27 10:00:05,4220.0,118841
2021-05-27 10:00:06,4220.0,118979
2021-05-27 10:00:06,4220.0,119015
2021-05-27 10:00:07,4219.0,119088
2021-05-27 10:00:09,4219.95,119220
2021-05-27 10:00:10,4218.0,119300
2021-05-27 10:00:11,4217.6,119564
2021-05-27 10:00:12,4219.0,119764
2021-05-27 10:00:13,4219.7,119804
2021-05-27 10:00:14,4219.85,119844
2021-05-27 10:00:15,4220.0,120367
2021-05-27 10:00:16,4217.7,120631
2021-05-27 10:00:18,4217.6,120763
2021-05-27 10:00:19,4217.55,120787
2021-05-27 10:00:20,4220.0,120841
2021-05-27 10:00:21,4217.6,120935
2021-05-27 10:00:22,4219.8,120969
2021-05-27 10:00:22,4219.8,121074
2021-05-27 10:00:23,4218.2,121186
2021-05-27 10:00:24,4218.2,121271
2021-05-27 10:00:25,4218.2,121328
2021-05-27 10:00:26,4219.0,121368
2021-05-27 10:00:28,4219.9,121510
2021-05-27 10:00:29,4217.55,121637
2021-05-27 10:00:30,4217.8,121666
2021-05-27 10:00:31,4219.85,121729
2021-05-27 10:00:32,4219.9,121752
2021-05-27 10:00:32,4219.9,121761
2021-05-27 10:00:33,4217.55,122078
2021-05-27 10:00:34,4219.9,122175
2021-05-27 10:00:35,4219.8,122425
2021-05-27 10:00:36,4219.95,122463
2021-05-27 10:00:37,4219.95,122532
2021-05-27 10:00:39,4219.8,122592
2021-05-27 10:00:40,4217.6,122651
2021-05-27 10:00:41,4220.0,122710
2021-05-27 10:00:42,4219.9,122721
2021-05-27 10:00:43,4217.75,122740
2021-05-27 10:00:44,4217.75,122754
2021-05-27 10:00:45,4217.6,122759
2021-05-27 10:00:47,4219.9,122790
2021-05-27 10:00:47,4218.9,122792
2021-05-27 10:00:48,4217.0,122907
2021-05-27 10:00:49,4217.0,122948
2021-05-27 10:00:50,4218.25,123015
2021-05-27 10:00:51,4219.05,123039
2021-05-27 10:00:53,4219.05,123042
2021-05-27 10:00:54,4218.9,123303
2021-05-27 10:00:55,4219.0,123377
2021-05-27 10:00:56,4219.0,123388
2021-05-27 10:00:58,4219.7,123548
2021-05-27 10:00:59,4219.0,123613
2021-05-27 10:01:00,4219.0,123628
2021-05-27 10:01:01,4218.3,123671
2021-05-27 10:01:02,4218.3,123677
2021-05-27 10:01:03,4218.25,123680
2021-05-27 10:01:04,4218.55,124989
2021-05-27 10:01:04,4218.55,124818
2021-05-27 10:01:05,4218.3,125036
2021-05-27 10:01:07,4216.55,125175
2021-05-27 10:01:09,4219.0,125321
2021-05-27 10:01:10,4216.5,125361
2021-05-27 10:01:12,4217.7,125444
2021-05-27 10:01:11,4216.5,125377
2021-05-27 10:01:13,4216.5,125468
2021-05-27 10:01:14,4216.0,125642
2021-05-27 10:01:15,4217.65,125665
2021-05-27 10:01:16,4217.65,125668
2021-05-27 10:01:17,4216.0,125739
2021-05-27 10:01:19,4216.0,125772
2021-05-27 10:01:20,4216.0,126517
2021-05-27 10:01:21,4216.95,126793
2021-05-27 10:01:21,4216.0,126757
2021-05-27 10:01:22,4217.0,126798
2021-05-27 10:01:23,4216.0,126835
2021-05-27 10:01:24,4217.0,126867
2021-05-27 10:01:25,4216.0,127009
2021-05-27 10:01:26,4216.0,127045
2021-05-27 10:01:27,4216.0,127050
2021-05-27 10:01:29,4217.0,127070
2021-05-27 10:01:30,4215.0,127166
2021-05-27 10:01:31,4215.25,128435
2021-05-27 10:01:32,4215.9,128620
2021-05-27 10:01:33,4215.4,128703
2021-05-27 10:01:34,4213.3,128748
2021-05-27 10:01:35,4213.45,128780
2021-05-27 10:01:36,4213.5,128786
2021-05-27 10:01:37,4213.5,128839
2021-05-27 10:01:38,4213.1,128858
2021-05-27 10:01:39,4215.0,128886
2021-05-27 10:01:40,4215.4,128890
2021-05-27 10:01:41,4213.1,128896
2021-05-27 10:01:41,4214.95,128897
2021-05-27 10:01:42,4215.0,128927
2021-05-27 10:01:43,4215.0,128932
2021-05-27 10:01:44,4213.05,128937
2021-05-27 10:01:45,4212.5,129097
2021-05-27 10:01:47,4212.1,129422
2021-05-27 10:01:48,4213.0,129535
2021-05-27 10:01:48,4214.85,129575
2021-05-27 10:01:49,4215.0,129618
2021-05-27 10:01:50,4213.5,129675
2021-05-27 10:01:52,4213.55,129685
2021-05-27 10:01:53,4215.0,129713
2021-05-27 10:01:54,4215.0,129751
2021-05-27 10:01:55,4213.5,129782
2021-05-27 10:01:56,4214.95,129918
2021-05-27 10:01:57,4212.75,129948
2021-05-27 10:01:58,4212.55,129993
2021-05-27 10:01:59,4212.05,130042
2021-05-27 10:02:00,4213.5,130048
2021-05-27 10:02:01,4214.95,130049
2021-05-27 10:02:02,4214.85,130069
2021-05-27 10:02:03,4214.85,130124
2021-05-27 10:02:04,4212.6,130201
2021-05-27 10:02:05,4214.95,130217
2021-05-27 10:02:06,4215.0,130219
2021-05-27 10:02:07,4214.45,130291
2021-05-27 10:02:08,4214.85,130333
2021-05-27 10:02:08,4214.85,130366
2021-05-27 10:02:10,4212.4,130372
2021-05-27 10:02:11,4214.85,130384
2021-05-27 10:02:11,4214.85,130386
2021-05-27 10:02:12,4212.05,130491
2021-05-27 10:02:13,4212.1,130525
2021-05-27 10:02:14,4212.05,130560
2021-05-27 10:02:16,4212.5,130588
2021-05-27 10:02:17,4214.0,130600
2021-05-27 10:02:18,4214.0,130636
2021-05-27 10:02:20,4214.5,131076
2021-05-27 10:02:22,4214.0,131282
2021-05-27 10:02:23,4214.0,131529
2021-05-27 10:02:24,4214.45,131595
2021-05-27 10:02:25,4214.45,131606
2021-05-27 10:02:26,4212.7,131647
2021-05-27 10:02:27,4214.5,131696
2021-05-27 10:02:27,4214.5,131703
2021-05-27 10:02:29,4212.5,131774
2021-05-27 10:02:30,4214.0,131792
2021-05-27 10:02:31,4212.65,131881
2021-05-27 10:02:33,4213.95,131887
2021-05-27 10:02:34,4214.0,131888
2021-05-27 10:02:35,4212.5,131898
2021-05-27 10:02:36,4213.95,131906
2021-05-27 10:02:37,4214.0,131907
2021-05-27 10:02:38,4214.0,131938
2021-05-27 10:02:39,4214.0,131942
2021-05-27 10:02:40,4212.5,131993
2021-05-27 10:02:42,4213.85,132002
2021-05-27 10:02:45,4212.5,132023
2021-05-27 10:02:47,4214.0,132040
2021-05-27 10:02:50,4212.5,132112
2021-05-27 10:02:51,4214.0,132113
2021-05-27 10:02:52,4214.0,132138
2021-05-27 10:02:53,4214.0,132142
2021-05-27 10:02:54,4214.0,132224
2021-05-27 10:02:55,4212.55,132244
2021-05-27 10:02:56,4212.5,132250
2021-05-27 10:02:57,4212.55,132251
2021-05-27 10:02:58,4212.55,132251
2021-05-27 10:02:59,4212.5,132287
2021-05-27 10:03:00,4214.0,132293
2021-05-27 10:03:01,4212.5,132318
2021-05-27 10:03:02,4214.4,132344
2021-05-27 10:03:03,4214.0,132352
2021-05-27 10:03:04,4214.0,132356
2021-05-27 10:03:05,4214.0,132357
2021-05-27 10:03:06,4213.85,132360
2021-05-27 10:03:07,4213.85,132360
2021-05-27 10:03:08,4213.85,132360
2021-05-27 10:03:09,4214.0,132362
2021-05-27 10:03:10,4213.0,132391
2021-05-27 10:03:11,4214.0,132404
2021-05-27 10:03:12,4213.0,132874
2021-05-27 10:03:13,4213.8,132946
2021-05-27 10:03:14,4213.8,132970
2021-05-27 10:03:15,4213.0,132984
2021-05-27 10:03:17,4212.0,133316
2021-05-27 10:03:18,4213.3,133388
2021-05-27 10:03:19,4213.2,133399
2021-05-27 10:03:20,4213.4,133433
2021-05-27 10:03:21,4213.45,133578
2021-05-27 10:03:22,4213.45,133659
2021-05-27 10:03:23,4213.4,133671
2021-05-27 10:03:24,4210.15,133942
2021-05-27 10:03:26,4211.8,133999
2021-05-27 10:03:25,4210.15,133984
2021-05-27 10:03:27,4211.95,134001
2021-05-27 10:03:28,4211.95,134243
2021-05-27 10:03:29,4211.85,134292
2021-05-27 10:03:30,4210.15,134302
2021-05-27 10:03:31,4210.15,134314
2021-05-27 10:03:32,4210.0,134578
2021-05-27 10:03:33,4210.15,134599
2021-05-27 10:03:34,4210.15,134609
2021-05-27 10:03:35,4211.85,134614
2021-05-27 10:03:36,4210.0,134637
2021-05-27 10:03:37,4212.35,134650
2021-05-27 10:03:38,4212.35,134652
2021-05-27 10:03:39,4212.55,134655
2021-05-27 10:03:40,4210.2,134657
2021-05-27 10:03:41,4210.2,134657
2021-05-27 10:03:44,4210.2,134701
2021-05-27 10:03:45,4212.0,134705
2021-05-27 10:03:46,4212.0,134705
2021-05-27 10:03:47,4212.0,134710
2021-05-27 10:03:48,4210.3,134720
2021-05-27 10:03:49,4210.3,134924
2021-05-27 10:03:50,4212.0,134955
2021-05-27 10:03:51,4212.0,134960
2021-05-27 10:03:52,4212.0,134980
2021-05-27 10:03:53,4212.0,134987
2021-05-27 10:03:54,4212.0,134989
2021-05-27 10:03:55,4211.95,135021
2021-05-27 10:03:56,4211.95,135026
2021-05-27 10:03:57,4210.2,135028
2021-05-27 10:03:58,4211.8,135030
2021-05-27 10:03:59,4211.8,135030
2021-05-27 10:04:00,4211.8,135069
2021-05-27 10:04:01,4211.8,135075
2021-05-27 10:04:02,4211.8,135277
2021-05-27 10:04:03,4210.3,135379
2021-05-27 10:04:04,4211.8,135381
2021-05-27 10:04:05,4212.0,135382
2021-05-27 10:04:06,4212.0,135382
2021-05-27 10:04:07,4211.8,135453
2021-05-27 10:04:08,4212.0,135463
2021-05-27 10:04:09,4212.0,135594
2021-05-27 10:04:10,4211.0,135614
2021-05-27 10:04:11,4212.0,135617
2021-05-27 10:04:12,4212.0,135617
2021-05-27 10:04:13,4212.0,135617
2021-05-27 10:04:14,4211.95,135623
2021-05-27 10:04:15,4212.0,135626
2021-05-27 10:04:16,4212.0,135631
2021-05-27 10:04:17,4212.0,135632
2021-05-27 10:04:18,4212.0,135635
2021-05-27 10:04:20,4210.35,135649
2021-05-27 10:04:21,4212.0,135651
2021-05-27 10:04:22,4212.0,135651
2021-05-27 10:04:23,4210.35,135655
2021-05-27 10:04:24,4211.8,135656
2021-05-27 10:04:25,4211.8,135656
2021-05-27 10:04:27,4210.3,135672
2021-05-27 10:04:28,4210.3,135681
2021-05-27 10:04:29,4211.9,135683
2021-05-27 10:04:30,4212.0,135993
2021-05-27 10:04:31,4212.0,136039
2021-05-27 10:04:32,4210.3,136047
2021-05-27 10:04:33,4212.0,136049
2021-05-27 10:04:34,4212.0,136049
2021-05-27 10:04:35,4212.0,136049
2021-05-27 10:04:37,4212.0,136050
2021-05-27 10:04:38,4211.85,136051
2021-05-27 10:04:39,4211.85,136051
2021-05-27 10:04:40,4211.45,136053
2021-05-27 10:04:41,4211.45,136053
2021-05-27 10:04:42,4211.45,136053
2021-05-27 10:04:43,4211.45,136053
2021-05-27 10:04:44,4211.0,136056
2021-05-27 10:04:45,4211.5,136057
2021-05-27 10:04:46,4211.0,136089
2021-05-27 10:04:47,4210.35,136114
2021-05-27 10:04:48,4211.0,136387
2021-05-27 10:04:49,4211.4,136428
2021-05-27 10:04:50,4211.4,136454
2021-05-27 10:04:51,4210.0,136459
2021-05-27 10:04:52,4210.0,136484
2021-05-27 10:04:53,4210.95,136488
2021-05-27 10:04:54,4211.45,136491
2021-05-27 10:04:55,4210.0,136503
2021-05-27 10:04:56,4211.45,136505
2021-05-27 10:04:59,4210.0,136506
2021-05-27 10:04:59,4210.0,136506
2021-05-27 10:05:01,4210.0,136506
2021-05-27 10:05:01,4211.3,136648
2021-05-27 10:05:02,4211.85,136691
2021-05-27 10:05:03,4211.5,137680
2021-05-27 10:05:04,4213.0,137828
2021-05-27 10:05:06,4211.85,137851
2021-05-27 10:05:06,4213.0,137854
2021-05-27 10:05:07,4213.55,137855
2021-05-27 10:05:09,4213.3,137860
2021-05-27 10:05:09,4213.3,137860
2021-05-27 10:05:10,4213.3,137860
2021-05-27 10:05:11,4211.45,137890
2021-05-27 10:05:12,4213.55,137907
2021-05-27 10:05:13,4213.65,137919
2021-05-27 10:05:14,4211.3,138020
2021-05-27 10:05:15,4213.25,138035
2021-05-27 10:05:16,4211.3,138039
2021-05-27 10:05:17,4211.3,138039
2021-05-27 10:05:19,4214.0,138306
2021-05-27 10:05:21,4213.3,138336
2021-05-27 10:05:22,4213.8,138339
2021-05-27 10:05:23,4213.8,138339
2021-05-27 10:05:25,4213.55,138344
2021-05-27 10:05:26,4213.55,138344
2021-05-27 10:05:27,4213.95,138365
2021-05-27 10:05:28,4210.0,138868
2021-05-27 10:05:29,4213.95,138954
2021-05-27 10:05:31,4213.65,138968
2021-05-27 10:05:31,4214.0,138967
2021-05-27 10:05:34,4212.0,139042
2021-05-27 10:05:36,4213.5,139056
2021-05-27 10:05:37,4212.0,139067
2021-05-27 10:05:38,4213.4,139270
2021-05-27 10:05:39,4212.7,139300
2021-05-27 10:05:40,4213.5,139357
2021-05-27 10:05:41,4211.3,139368
2021-05-27 10:05:42,4213.45,139370
2021-05-27 10:05:44,4211.25,139483
2021-05-27 10:05:45,4210.55,139555
2021-05-27 10:05:46,4210.15,139568
2021-05-27 10:05:47,4212.8,139620
2021-05-27 10:05:48,4212.65,139653
2021-05-27 10:05:49,4212.65,139658
2021-05-27 10:05:50,4212.75,139659
2021-05-27 10:05:51,4212.75,139659
2021-05-27 10:05:52,4212.75,139659
2021-05-27 10:05:53,4210.15,139663
2021-05-27 10:05:54,4212.45,139664
2021-05-27 10:05:56,4207.0,142663
2021-05-27 10:05:58,4209.3,142904
2021-05-27 10:05:58,4210.25,142937
2021-05-27 10:05:59,4210.35,142941
2021-05-27 10:06:00,4210.05,143182
2021-05-27 10:06:02,4210.25,143258
2021-05-27 10:06:04,4210.25,143283
2021-05-27 10:06:05,4210.0,143316
2021-05-27 10:06:06,4211.9,143421
2021-05-27 10:06:08,4212.0,143439
2021-05-27 10:06:09,4211.95,143440
2021-05-27 10:06:10,4211.95,143440
2021-05-27 10:06:13,4210.0,143886
2021-05-27 10:06:13,4208.3,143904
2021-05-27 10:06:14,4210.0,143907
2021-05-27 10:06:15,4210.0,143908
2021-05-27 10:06:16,4208.0,143909
2021-05-27 10:06:18,4207.7,143949
2021-05-27 10:06:19,4209.8,144006
2021-05-27 10:06:20,4211.15,144135
2021-05-27 10:06:21,4211.2,144155
2021-05-27 10:06:22,4211.55,144162
2021-05-27 10:06:23,4212.0,144348
2021-05-27 10:06:24,4210.0,144380
2021-05-27 10:06:25,4212.0,144384
2021-05-27 10:06:27,4212.0,144391
2021-05-27 10:06:27,4212.0,144392
2021-05-27 10:06:29,4212.0,144422
2021-05-27 10:06:29,4212.0,144427
2021-05-27 10:06:30,4212.0,144563
2021-05-27 10:06:31,4210.05,145346
2021-05-27 10:06:32,4213.25,145529
2021-05-27 10:06:33,4212.35,145536
2021-05-27 10:06:34,4213.0,145538
2021-05-27 10:06:36,4212.05,145640
2021-05-27 10:06:36,4212.35,145655
2021-05-27 10:06:37,4212.35,145658
2021-05-27 10:06:38,4213.0,145754
2021-05-27 10:06:39,4212.95,145769
2021-05-27 10:06:40,4210.55,145794
2021-05-27 10:06:41,4211.0,145803
2021-05-27 10:06:42,4212.65,145804
2021-05-27 10:06:43,4212.45,145808
2021-05-27 10:06:45,4212.35,145840
2021-05-27 10:06:44,4212.45,145834
2021-05-27 10:06:46,4212.35,145840
2021-05-27 10:06:47,4212.35,145840
2021-05-27 10:06:48,4212.35,145840
2021-05-27 10:06:49,4211.95,145841
2021-05-27 10:06:50,4212.0,145842
2021-05-27 10:06:51,4210.2,145853
2021-05-27 10:06:53,4212.0,145855
2021-05-27 10:06:54,4212.0,146316
2021-05-27 10:06:55,4212.5,146385
2021-05-27 10:06:56,4212.35,146524
2021-05-27 10:06:57,4212.9,146787
2021-05-27 10:06:58,4212.5,146788
2021-05-27 10:06:59,4212.9,146811
2021-05-27 10:07:00,4213.0,146817
2021-05-27 10:07:02,4213.0,146830
2021-05-27 10:07:02,4213.9,146832
2021-05-27 10:07:03,4213.9,146834
2021-05-27 10:07:04,4213.9,146845
2021-05-27 10:07:05,4213.95,146846
2021-05-27 10:07:06,4213.95,146851
2021-05-27 10:07:08,4213.9,146852
2021-05-27 10:07:09,4212.0,146907
2021-05-27 10:07:10,4213.9,146916
2021-05-27 10:07:10,4213.9,146917
2021-05-27 10:07:11,4212.0,146919
2021-05-27 10:07:12,4212.0,146920
2021-05-27 10:07:13,4212.0,146948
2021-05-27 10:07:16,4213.95,147053
2021-05-27 10:07:16,4213.95,147068
2021-05-27 10:07:18,4213.95,147071
2021-05-27 10:07:19,4213.95,147071
2021-05-27 10:07:20,4213.95,147088
2021-05-27 10:07:20,4213.95,147086
2021-05-27 10:07:21,4213.95,147139
2021-05-27 10:07:22,4211.6,147204
2021-05-27 10:07:23,4212.0,147218
2021-05-27 10:07:25,4213.8,147220
2021-05-27 10:07:26,4213.8,147220
2021-05-27 10:07:27,4212.3,152404
2021-05-27 10:07:27,4215.5,153082
2021-05-27 10:07:29,4216.9,153178
2021-05-27 10:07:31,4217.4,153733
2021-05-27 10:07:33,4217.4,153812
2021-05-27 10:07:35,4218.4,155246
2021-05-27 10:07:36,4219.5,155533
2021-05-27 10:07:37,4219.5,155644
2021-05-27 10:07:39,4219.5,155661
2021-05-27 10:07:39,4219.5,155664
2021-05-27 10:07:40,4219.5,155665
2021-05-27 10:07:41,4215.75,155958
2021-05-27 10:07:42,4215.85,156147
2021-05-27 10:07:43,4218.0,156183
2021-05-27 10:07:45,4214.65,156275
2021-05-27 10:07:46,4217.0,156289
2021-05-27 10:07:46,4217.95,156291
2021-05-27 10:07:48,4217.95,156291
2021-05-27 10:07:49,4215.85,156302
2021-05-27 10:07:50,4217.95,156304
2021-05-27 10:07:51,4217.85,156316
2021-05-27 10:07:53,4217.85,156318
2021-05-27 10:07:54,4218.0,156370
2021-05-27 10:07:55,4218.25,156382
2021-05-27 10:07:56,4217.0,156461
2021-05-27 10:07:57,4215.85,156534
2021-05-27 10:07:58,4218.35,156607
2021-05-27 10:07:59,4216.1,156703
2021-05-27 10:08:01,4218.95,156723
2021-05-27 10:08:02,4218.95,156776
2021-05-27 10:08:03,4215.25,156837
2021-05-27 10:08:04,4218.9,156884
2021-05-27 10:08:04,4218.0,156878
2021-05-27 10:08:05,4219.0,156885
2021-05-27 10:08:07,4219.0,156890
2021-05-27 10:08:07,4219.0,156885
2021-05-27 10:08:08,4219.0,156891
2021-05-27 10:08:09,4219.0,156891
2021-05-27 10:08:10,4219.0,156891
2021-05-27 10:08:11,4218.95,156904
2021-05-27 10:08:13,4218.0,156963
2021-05-27 10:08:14,4219.0,157118
2021-05-27 10:08:15,4218.95,158114
2021-05-27 10:08:16,4220.0,158280
2021-05-27 10:08:17,4219.8,158320
2021-05-27 10:08:17,4220.0,158326
2021-05-27 10:08:18,4220.0,158468
2021-05-27 10:08:19,4219.8,158491
2021-05-27 10:08:20,4220.0,158524
2021-05-27 10:08:21,4220.0,158541
2021-05-27 10:08:22,4217.85,158639
2021-05-27 10:08:23,4219.95,158640
2021-05-27 10:08:24,4219.95,158640
2021-05-27 10:08:26,4220.0,158653
2021-05-27 10:08:27,4220.0,158729
2021-05-27 10:08:28,4220.0,158743
2021-05-27 10:08:29,4217.95,158747
2021-05-27 10:08:31,4219.95,158771
2021-05-27 10:08:32,4219.0,158781
2021-05-27 10:08:33,4219.9,158782
2021-05-27 10:08:35,4218.05,158854
2021-05-27 10:08:36,4220.0,158875
2021-05-27 10:08:37,4220.0,158878
2021-05-27 10:08:37,4219.8,158928
2021-05-27 10:08:38,4219.8,158942
2021-05-27 10:08:39,4219.8,158946
2021-05-27 10:08:40,4218.0,158963
2021-05-27 10:08:41,4217.9,159016
2021-05-27 10:08:42,4219.65,159024
2021-05-27 10:08:43,4219.65,159243
2021-05-27 10:08:44,4219.65,159264
2021-05-27 10:08:46,4219.8,159267
2021-05-27 10:08:46,4219.8,159268
2021-05-27 10:08:47,4219.8,159279
2021-05-27 10:08:48,4219.8,159281
2021-05-27 10:08:49,4220.0,159323
2021-05-27 10:08:51,4220.0,159329
2021-05-27 10:08:52,4219.9,159330
2021-05-27 10:08:52,4219.9,159330
2021-05-27 10:08:53,4219.9,159430
2021-05-27 10:08:54,4219.9,159545
2021-05-27 10:08:55,4220.0,159705
2021-05-27 10:08:57,4218.0,159732
2021-05-27 10:08:58,4218.0,159792
2021-05-27 10:08:58,4219.95,159801
2021-05-27 10:08:59,4218.05,159875
2021-05-27 10:09:01,4219.8,160110
2021-05-27 10:09:03,4218.0,160139
2021-05-27 10:09:04,4218.0,160194
2021-05-27 10:09:04,4219.85,160203
2021-05-27 10:09:05,4219.85,160204
2021-05-27 10:09:06,4219.85,160206
2021-05-27 10:09:07,4219.95,160318
2021-05-27 10:09:08,4218.1,160371
2021-05-27 10:09:09,4218.55,161649
2021-05-27 10:09:10,4219.15,162533
2021-05-27 10:09:12,4220.95,162574
2021-05-27 10:09:13,4221.6,162757
2021-05-27 10:09:14,4222.35,163624
2021-05-27 10:09:14,4219.6,163483
2021-05-27 10:09:15,4221.05,164021
2021-05-27 10:09:16,4222.15,164184
2021-05-27 10:09:17,4222.9,164333
2021-05-27 10:09:18,4222.8,164604
2021-05-27 10:09:21,4223.0,164687
2021-05-27 10:09:22,4223.0,164693
2021-05-27 10:09:23,4224.0,164964
2021-05-27 10:09:24,4224.4,165106
2021-05-27 10:09:25,4224.4,165137
2021-05-27 10:09:26,4224.4,165177
2021-05-27 10:09:27,4224.0,165189
2021-05-27 10:09:28,4223.0,165334
2021-05-27 10:09:28,4223.0,165356
2021-05-27 10:09:30,4224.0,165559
2021-05-27 10:09:31,4224.9,165664
2021-05-27 10:09:32,4224.95,165780
2021-05-27 10:09:33,4223.25,165986
2021-05-27 10:09:34,4224.4,166018
2021-05-27 10:09:34,4224.4,166043
2021-05-27 10:09:35,4223.05,166157
2021-05-27 10:09:38,4224.4,166425
2021-05-27 10:09:39,4223.95,166430
2021-05-27 10:09:40,4224.0,166462
2021-05-27 10:09:40,4222.3,166477
2021-05-27 10:09:42,4223.0,166571
2021-05-27 10:09:42,4222.3,166765
2021-05-27 10:09:43,4221.45,167157
2021-05-27 10:09:44,4221.0,167237
2021-05-27 10:09:45,4223.05,167286
2021-05-27 10:09:46,4223.15,167355
2021-05-27 10:09:47,4223.15,167366
2021-05-27 10:09:49,4223.15,167467
2021-05-27 10:09:50,4221.25,167518
2021-05-27 10:09:51,4223.45,167600
2021-05-27 10:09:52,4222.9,167652
2021-05-27 10:09:52,4222.9,167645
2021-05-27 10:09:53,4222.9,167653
2021-05-27 10:09:55,4221.15,167721
2021-05-27 10:09:56,4222.95,168124
2021-05-27 10:09:57,4221.1,168204
2021-05-27 10:09:57,4221.1,168226
2021-05-27 10:09:58,4223.05,168234
2021-05-27 10:10:00,4223.1,168282
2021-05-27 10:10:01,4223.1,168289
2021-05-27 10:10:02,4223.15,168290
2021-05-27 10:10:03,4223.1,168296
2021-05-27 10:10:03,4221.25,168299
2021-05-27 10:10:04,4223.15,168310
2021-05-27 10:10:05,4223.15,168312
2021-05-27 10:10:07,4223.15,168338
2021-05-27 10:10:09,4223.15,168349
2021-05-27 10:10:09,4223.15,168350
2021-05-27 10:10:10,4223.15,168350
2021-05-27 10:10:11,4223.0,168360
2021-05-27 10:10:13,4223.0,168465
2021-05-27 10:10:14,4221.2,168595
2021-05-27 10:10:15,4221.15,168699
2021-05-27 10:10:15,4223.15,168714
2021-05-27 10:10:16,4221.15,168817
2021-05-27 10:10:17,4221.2,168842
2021-05-27 10:10:18,4221.6,168848
2021-05-27 10:10:19,4221.6,168849
2021-05-27 10:10:21,4223.1,168906
2021-05-27 10:10:21,4223.0,168899
2021-05-27 10:10:23,4221.0,169055
2021-05-27 10:10:23,4221.2,168976
2021-05-27 10:10:24,4223.0,169082
2021-05-27 10:10:25,4221.6,169088
2021-05-27 10:10:26,4222.85,169089
2021-05-27 10:10:27,4222.85,169095
2021-05-27 10:10:28,4222.85,169096
2021-05-27 10:10:29,4222.85,169096
2021-05-27 10:10:30,4222.85,169096
2021-05-27 10:10:31,4222.85,169096
2021-05-27 10:10:33,4222.85,169105
2021-05-27 10:10:34,4221.5,169120
2021-05-27 10:10:35,4222.85,169123
2021-05-27 10:10:35,4222.85,169124
2021-05-27 10:10:36,4223.0,169225
2021-05-27 10:10:37,4223.0,169240
2021-05-27 10:10:38,4221.5,169294
2021-05-27 10:10:39,4222.85,169318
2021-05-27 10:10:41,4221.5,169322
2021-05-27 10:10:42,4222.85,169323
2021-05-27 10:10:43,4220.4,169573
2021-05-27 10:10:44,4220.0,169885
2021-05-27 10:10:45,4222.7,169983
2021-05-27 10:10:46,4223.0,170053
2021-05-27 10:10:46,4222.5,170037
2021-05-27 10:10:48,4220.15,170104
2021-05-27 10:10:49,4222.0,170126
2021-05-27 10:10:50,4222.9,170229
2021-05-27 10:10:52,4222.0,170314
2021-05-27 10:10:54,4222.55,170421
2021-05-27 10:10:55,4222.55,170423
2021-05-27 10:10:56,4220.6,170498
2021-05-27 10:10:57,4222.85,170509
2021-05-27 10:10:58,4222.95,170514
2021-05-27 10:11:00,4221.0,170517
2021-05-27 10:11:01,4223.0,170727
2021-05-27 10:11:02,4222.95,170818
2021-05-27 10:11:03,4223.0,170964
2021-05-27 10:11:03,4223.0,170945
2021-05-27 10:11:04,4223.0,170975
2021-05-27 10:11:06,4221.0,171477
2021-05-27 10:11:07,4220.2,171802
2021-05-27 10:11:08,4222.45,171812
2021-05-27 10:11:09,4222.55,171813
2021-05-27 10:11:10,4222.55,171842
2021-05-27 10:11:11,4222.0,171869
2021-05-27 10:11:11,4222.55,171857
2021-05-27 10:11:12,4222.0,171871
2021-05-27 10:11:13,4221.0,171875
2021-05-27 10:11:14,4222.0,171887
2021-05-27 10:11:15,4222.35,171892
2021-05-27 10:11:17,4222.35,171892
2021-05-27 10:11:18,4222.0,171893
2021-05-27 10:11:19,4222.0,171893
2021-05-27 10:11:20,4222.0,171921
2021-05-27 10:11:21,4222.0,171926
2021-05-27 10:11:22,4222.0,171965
2021-05-27 10:11:22,4222.0,171960
2021-05-27 10:11:23,4222.0,171966
2021-05-27 10:11:25,4220.85,171987
2021-05-27 10:11:26,4222.0,172040
2021-05-27 10:11:27,4222.0,172047
2021-05-27 10:11:28,4220.85,172120
2021-05-27 10:11:29,4220.8,172131
2021-05-27 10:11:29,4220.8,172133
2021-05-27 10:11:31,4222.0,172168
2021-05-27 10:11:32,4220.5,172181
2021-05-27 10:11:33,4220.5,172188
2021-05-27 10:11:34,4221.0,172190
2021-05-27 10:11:35,4222.0,172205
2021-05-27 10:11:36,4222.0,172207
2021-05-27 10:11:36,4222.0,172208
2021-05-27 10:11:37,4221.0,172215
2021-05-27 10:11:38,4220.85,172265
2021-05-27 10:11:40,4221.0,172391
2021-05-27 10:11:41,4222.0,172758
2021-05-27 10:11:42,4222.35,172773
2021-05-27 10:11:43,4222.3,172785
2021-05-27 10:11:44,4222.35,172826
2021-05-27 10:11:44,4223.0,172836
2021-05-27 10:11:46,4223.0,172838
2021-05-27 10:11:47,4222.35,172841
2021-05-27 10:11:47,4222.0,172842
2021-05-27 10:11:48,4222.0,172942
2021-05-27 10:11:51,4222.0,172959
2021-05-27 10:11:53,4221.05,172970
2021-05-27 10:11:54,4221.0,173002
2021-05-27 10:11:55,4221.0,173014
2021-05-27 10:11:57,4222.0,173032
2021-05-27 10:11:58,4222.35,173033
2021-05-27 10:11:59,4222.35,173033
2021-05-27 10:12:00,4222.35,173033
2021-05-27 10:12:01,4222.0,173053
2021-05-27 10:12:02,4222.3,173056
2021-05-27 10:12:03,4222.3,173077
2021-05-27 10:12:04,4222.35,173118
2021-05-27 10:12:05,4222.75,173340
2021-05-27 10:12:05,4222.0,173320
2021-05-27 10:12:06,4222.75,173359
2021-05-27 10:12:08,4222.0,173565
2021-05-27 10:12:09,4221.4,173848
2021-05-27 10:12:10,4222.75,173891
2021-05-27 10:12:11,4222.0,173892
2021-05-27 10:12:12,4222.0,173903
2021-05-27 10:12:13,4222.0,173909
2021-05-27 10:12:14,4221.3,173913
2021-05-27 10:12:15,4222.0,173921
2021-05-27 10:12:16,4222.0,173923
2021-05-27 10:12:17,4221.25,173953
2021-05-27 10:12:17,4222.0,173954
2021-05-27 10:12:19,4222.5,173955
2021-05-27 10:12:20,4222.5,173955
2021-05-27 10:12:21,4221.0,173968
2021-05-27 10:12:22,4222.0,173970
2021-05-27 10:12:23,4222.0,173970
2021-05-27 10:12:24,4221.0,173974
2021-05-27 10:12:25,4221.95,173977
2021-05-27 10:12:26,4222.0,173989
2021-05-27 10:12:27,4221.0,174092
2021-05-27 10:12:28,4221.0,174110
2021-05-27 10:12:29,4222.0,174113
2021-05-27 10:12:30,4221.0,174134
2021-05-27 10:12:31,4221.95,174191
2021-05-27 10:12:31,4221.0,174188
2021-05-27 10:12:32,4221.95,174192
2021-05-27 10:12:33,4221.0,174197
2021-05-27 10:12:35,4221.0,174199
2021-05-27 10:12:36,4221.0,174299
2021-05-27 10:12:37,4222.0,174314
2021-05-27 10:12:38,4222.15,174329
2021-05-27 10:12:39,4222.3,174331
2021-05-27 10:12:40,4222.3,174331
2021-05-27 10:12:40,4222.3,174331
2021-05-27 10:12:42,4221.0,174362
2021-05-27 10:12:43,4222.45,174367
2021-05-27 10:12:44,4222.5,174369
2021-05-27 10:12:45,4222.5,174369
2021-05-27 10:12:46,4222.5,174369
2021-05-27 10:12:47,4221.0,174491
2021-05-27 10:12:47,4221.0,174469
2021-05-27 10:12:49,4222.5,175010
2021-05-27 10:12:50,4222.5,175088
2021-05-27 10:12:51,4221.0,175173
2021-05-27 10:12:52,4222.45,175192
2021-05-27 10:12:53,4222.5,175299
2021-05-27 10:12:54,4222.5,175315
2021-05-27 10:12:55,4222.5,175324
2021-05-27 10:12:55,4220.65,175323
2021-05-27 10:12:57,4222.5,175324
2021-05-27 10:12:58,4222.5,175346
2021-05-27 10:12:59,4222.5,175349
2021-05-27 10:13:00,4222.9,175513
2021-05-27 10:13:01,4222.9,175537
2021-05-27 10:13:02,4222.5,175541
2021-05-27 10:13:03,4220.7,175546
2021-05-27 10:13:03,4220.7,175546
2021-05-27 10:13:04,4220.7,175546
2021-05-27 10:13:06,4220.7,175546
2021-05-27 10:13:07,4220.7,175546
2021-05-27 10:13:08,4220.7,175546
2021-05-27 10:13:09,4222.4,175619
2021-05-27 10:13:10,4221.05,175631
2021-05-27 10:13:11,4221.05,175643
2021-05-27 10:13:12,4222.85,175655
2021-05-27 10:13:14,4221.05,175658
2021-05-27 10:13:15,4220.5,175660
2021-05-27 10:13:15,4220.5,175660
2021-05-27 10:13:16,4220.6,175690
2021-05-27 10:13:17,4222.4,175717
2021-05-27 10:13:19,4222.4,175721
2021-05-27 10:13:20,4222.45,175722
2021-05-27 10:13:21,4222.8,175772
2021-05-27 10:13:22,4222.8,175779
2021-05-27 10:13:23,4220.75,175790
2021-05-27 10:13:24,4222.45,175792
2021-05-27 10:13:25,4222.85,175811
2021-05-27 10:13:25,4222.85,175808
2021-05-27 10:13:27,4222.75,175814
2021-05-27 10:13:28,4220.5,176068
2021-05-27 10:13:29,4220.5,176112
2021-05-27 10:13:30,4222.55,176119
2021-05-27 10:13:32,4222.55,176119
2021-05-27 10:13:33,4222.55,176119
2021-05-27 10:13:34,4222.4,176129
2021-05-27 10:13:36,4222.45,176131
2021-05-27 10:13:35,4222.45,176131
2021-05-27 10:13:36,4220.5,176267
2021-05-27 10:13:37,4221.75,176288
2021-05-27 10:13:39,4220.1,176341
2021-05-27 10:13:40,4221.65,176360
2021-05-27 10:13:41,4220.1,176382
2021-05-27 10:13:42,4221.6,176386
2021-05-27 10:13:42,4221.6,176386
2021-05-27 10:13:44,4221.6,176386
2021-05-27 10:13:45,4220.0,176471
2021-05-27 10:13:46,4221.65,176479
2021-05-27 10:13:47,4220.0,176535
2021-05-27 10:13:48,4221.75,176544
2021-05-27 10:13:49,4221.95,176545
2021-05-27 10:13:50,4221.95,176545
2021-05-27 10:13:51,4220.0,176779
2021-05-27 10:13:52,4222.0,176814
2021-05-27 10:13:53,4220.75,176842
2021-05-27 10:13:54,4220.75,176856
2021-05-27 10:13:55,4222.0,176858
2021-05-27 10:13:56,4222.0,176858
2021-05-27 10:13:57,4220.75,176883
