timestamp,ltp,volume
2021-05-27 09:15:25,11828.7,5450
2021-05-27 09:15:27,11813.45,5882
2021-05-27 09:15:30,11832.1,6231
2021-05-27 09:15:32,11850.0,6856
2021-05-27 09:15:33,11856.7,6890
2021-05-27 09:15:34,11844.05,7200
2021-05-27 09:15:35,11845.15,7312
2021-05-27 09:15:36,11845.95,7353
2021-05-27 09:15:37,11845.9,7408
2021-05-27 09:15:39,11845.9,7550
2021-05-27 09:15:40,11846.55,7685
2021-05-27 09:15:41,11845.2,7848
2021-05-27 09:15:42,11836.15,7926
2021-05-27 09:15:43,11843.25,7993
2021-05-27 09:15:44,11827.25,8185
2021-05-27 09:15:45,11817.9,8755
2021-05-27 09:15:46,11831.6,9016
2021-05-27 09:15:46,11831.6,9053
2021-05-27 09:15:47,11820.05,9273
2021-05-27 09:15:48,11831.6,9307
2021-05-27 09:15:49,11823.7,9363
2021-05-27 09:15:50,11830.0,9419
2021-05-27 09:15:51,11825.75,9441
2021-05-27 09:15:53,11829.95,9658
2021-05-27 09:15:54,11824.3,9865
2021-05-27 09:15:55,11824.0,9935
2021-05-27 09:15:56,11825.0,9988
2021-05-27 09:15:57,11825.3,10060
2021-05-27 09:15:58,11825.45,10148
2021-05-27 09:15:59,11820.0,10164
2021-05-27 09:16:01,11814.05,10296
2021-05-27 09:16:02,11814.35,10547
2021-05-27 09:16:04,11824.65,10644
2021-05-27 09:16:06,11830.0,11344
2021-05-27 09:16:07,11817.85,11517
2021-05-27 09:16:07,11828.5,11532
2021-05-27 09:16:08,11821.1,11773
2021-05-27 09:16:09,11821.2,11838
2021-05-27 09:16:10,11821.15,11853
2021-05-27 09:16:11,11820.0,11861
2021-05-27 09:16:12,11822.35,11880
2021-05-27 09:16:14,11815.3,11941
2021-05-27 09:16:15,11804.55,12099
2021-05-27 09:16:16,11801.05,12253
2021-05-27 09:16:17,11811.45,12337
2021-05-27 09:16:18,11813.0,12372
2021-05-27 09:16:19,11800.1,12615
2021-05-27 09:16:20,11801.0,12634
2021-05-27 09:16:21,11804.8,12761
2021-05-27 09:16:23,11813.5,12843
2021-05-27 09:16:24,11817.9,12964
2021-05-27 09:16:25,11805.8,13124
2021-05-27 09:16:26,11817.2,13131
2021-05-27 09:16:27,11815.35,13248
2021-05-27 09:16:28,11810.45,13255
2021-05-27 09:16:28,11810.0,13471
2021-05-27 09:16:29,11810.55,13504
2021-05-27 09:16:31,11810.6,13505
2021-05-27 09:16:31,11810.6,13505
2021-05-27 09:16:32,11815.0,13591
2021-05-27 09:16:34,11824.0,13835
2021-05-27 09:16:35,11823.3,14174
2021-05-27 09:16:36,11822.45,14190
2021-05-27 09:16:37,11824.5,14288
2021-05-27 09:16:38,11824.5,14345
2021-05-27 09:16:39,11823.1,14778
2021-05-27 09:16:40,11830.0,14867
2021-05-27 09:16:41,11818.65,15001
2021-05-27 09:16:42,11828.75,15037
2021-05-27 09:16:42,11830.0,15080
2021-05-27 09:16:44,11830.05,15101
2021-05-27 09:16:45,11830.0,15118
2021-05-27 09:16:47,11834.6,15235
2021-05-27 09:16:48,11830.0,15301
2021-05-27 09:16:49,11830.0,15314
2021-05-27 09:16:50,11830.0,15340
2021-05-27 09:16:52,11835.3,15673
2021-05-27 09:16:57,11830.75,15997
2021-05-27 09:16:58,11841.55,16208
2021-05-27 09:16:59,11839.0,16214
2021-05-27 09:17:00,11839.8,16239
2021-05-27 09:17:02,11840.0,16403
2021-05-27 09:17:03,11840.7,16490
2021-05-27 09:17:03,11833.95,16521
2021-05-27 09:17:04,11842.8,16657
2021-05-27 09:17:05,11840.0,16679
2021-05-27 09:17:06,11830.0,16803
2021-05-27 09:17:08,11831.6,16833
2021-05-27 09:17:09,11831.6,16838
2021-05-27 09:17:10,11830.15,16880
2021-05-27 09:17:11,11838.9,16911
2021-05-27 09:17:12,11835.0,16925
2021-05-27 09:17:14,11838.4,17111
2021-05-27 09:17:15,11830.55,17117
2021-05-27 09:17:16,11828.05,17268
2021-05-27 09:17:17,11837.65,17319
2021-05-27 09:17:18,11830.55,17328
2021-05-27 09:17:19,11828.0,17570
2021-05-27 09:17:20,11829.0,17612
2021-05-27 09:17:21,11830.55,17622
2021-05-27 09:17:22,11835.65,17763
2021-05-27 09:17:24,11835.7,17811
2021-05-27 09:17:25,11835.9,17899
2021-05-27 09:17:26,11826.9,17938
2021-05-27 09:17:26,11835.7,17999
2021-05-27 09:17:28,11827.65,18037
2021-05-27 09:17:29,11837.0,18149
2021-05-27 09:17:30,11836.25,18189
2021-05-27 09:17:31,11836.75,18205
2021-05-27 09:17:32,11835.0,18317
2021-05-27 09:17:33,11831.65,18319
2021-05-27 09:17:34,11831.65,18341
2021-05-27 09:17:35,11829.3,18363
2021-05-27 09:17:36,11827.0,18847
2021-05-27 09:17:37,11830.0,18853
2021-05-27 09:17:38,11844.95,19095
2021-05-27 09:17:39,11835.1,19234
2021-05-27 09:17:40,11835.8,19369
2021-05-27 09:17:41,11835.1,19429
2021-05-27 09:17:42,11836.7,19442
2021-05-27 09:17:43,11836.7,19442
2021-05-27 09:17:44,11830.45,19464
2021-05-27 09:17:44,11836.65,19542
2021-05-27 09:17:45,11836.6,19553
2021-05-27 09:17:46,11830.1,19565
2021-05-27 09:17:47,11833.5,19588
2021-05-27 09:17:48,11837.0,19617
2021-05-27 09:17:50,11835.6,19655
2021-05-27 09:17:51,11830.1,19755
2021-05-27 09:17:52,11831.5,19794
2021-05-27 09:17:53,11838.6,19795
2021-05-27 09:17:54,11836.6,19895
2021-05-27 09:17:54,11836.6,19895
2021-05-27 09:17:55,11836.6,19931
2021-05-27 09:17:56,11839.9,20056
2021-05-27 09:17:57,11836.6,20061
2021-05-27 09:17:58,11842.0,20090
2021-05-27 09:17:59,11842.05,20245
2021-05-27 09:18:01,11850.0,20714
2021-05-27 09:18:02,11850.1,20734
2021-05-27 09:18:03,11852.95,20766
2021-05-27 09:18:04,11850.3,20848
2021-05-27 09:18:05,11855.95,20886
2021-05-27 09:18:06,11850.1,20915
2021-05-27 09:18:07,11856.25,20930
2021-05-27 09:18:08,11850.1,20980
2021-05-27 09:18:09,11850.1,21041
2021-05-27 09:18:10,11864.15,21175
2021-05-27 09:18:11,11863.75,21223
2021-05-27 09:18:11,11854.7,21238
2021-05-27 09:18:12,11864.35,21304
2021-05-27 09:18:13,11854.85,21325
2021-05-27 09:18:15,11864.35,21371
2021-05-27 09:18:17,11869.0,21491
2021-05-27 09:18:18,11860.3,21514
2021-05-27 09:18:19,11860.7,21603
2021-05-27 09:18:20,11860.6,21614
2021-05-27 09:18:21,11860.65,21839
2021-05-27 09:18:22,11859.85,22051
2021-05-27 09:18:23,11852.85,22086
2021-05-27 09:18:24,11860.55,22111
2021-05-27 09:18:25,11860.45,22135
2021-05-27 09:18:26,11855.0,22137
2021-05-27 09:18:27,11860.0,22356
2021-05-27 09:18:28,11860.0,22395
2021-05-27 09:18:29,11851.35,22602
2021-05-27 09:18:30,11859.85,22637
2021-05-27 09:18:31,11854.75,22685
2021-05-27 09:18:32,11853.8,22710
2021-05-27 09:18:33,11850.6,22730
2021-05-27 09:18:34,11850.6,22730
2021-05-27 09:18:35,11851.8,22902
2021-05-27 09:18:36,11850.55,22934
2021-05-27 09:18:37,11850.6,22943
2021-05-27 09:18:38,11852.35,23016
2021-05-27 09:18:39,11851.0,23148
2021-05-27 09:18:40,11843.65,23326
2021-05-27 09:18:41,11849.85,23432
2021-05-27 09:18:42,11844.0,23463
2021-05-27 09:18:43,11849.1,23499
2021-05-27 09:18:44,11849.9,23512
2021-05-27 09:18:45,11841.65,23531
2021-05-27 09:18:46,11841.9,23546
2021-05-27 09:18:47,11848.8,23561
2021-05-27 09:18:48,11840.8,23573
2021-05-27 09:18:49,11840.8,23611
2021-05-27 09:18:50,11848.3,23622
2021-05-27 09:18:51,11847.0,23634
2021-05-27 09:18:52,11847.0,23663
2021-05-27 09:18:53,11842.9,23722
2021-05-27 09:18:55,11847.0,23761
2021-05-27 09:18:56,11842.9,23766
2021-05-27 09:18:57,11840.8,23793
2021-05-27 09:18:58,11840.0,23845
2021-05-27 09:18:58,11843.0,23856
2021-05-27 09:18:59,11840.0,24013
2021-05-27 09:19:00,11841.0,24047
2021-05-27 09:19:01,11847.0,24248
2021-05-27 09:19:02,11841.75,24401
2021-05-27 09:19:04,11842.85,24408
2021-05-27 09:19:05,11842.85,24408
2021-05-27 09:19:06,11842.85,24432
2021-05-27 09:19:07,11847.0,24433
2021-05-27 09:19:08,11843.2,24473
2021-05-27 09:19:09,11848.8,24698
2021-05-27 09:19:10,11842.85,24710
2021-05-27 09:19:11,11842.85,24710
2021-05-27 09:19:12,11843.0,24735
2021-05-27 09:19:13,11843.0,24735
2021-05-27 09:19:14,11847.7,24741
2021-05-27 09:19:16,11842.85,24810
2021-05-27 09:19:15,11840.8,24796
2021-05-27 09:19:17,11848.7,24822
2021-05-27 09:19:18,11842.85,24833
2021-05-27 09:19:19,11842.85,24840
2021-05-27 09:19:20,11842.85,24865
2021-05-27 09:19:21,11842.85,24868
2021-05-27 09:19:22,11842.85,24908
2021-05-27 09:19:23,11842.85,24969
2021-05-27 09:19:24,11847.55,24970
2021-05-27 09:19:25,11840.8,25004
2021-05-27 09:19:26,11845.65,25016
2021-05-27 09:19:27,11845.65,25016
2021-05-27 09:19:28,11844.25,25451
2021-05-27 09:19:29,11837.65,25475
2021-05-27 09:19:30,11837.65,25475
2021-05-27 09:19:31,11837.7,25510
2021-05-27 09:19:32,11842.85,25515
2021-05-27 09:19:33,11836.9,25535
2021-05-27 09:19:34,11843.0,25540
2021-05-27 09:19:35,11840.0,25551
2021-05-27 09:19:36,11840.0,25577
2021-05-27 09:19:36,11840.0,25577
2021-05-27 09:19:38,11844.65,25874
2021-05-27 09:19:39,11844.65,25874
2021-05-27 09:19:40,11838.1,25880
2021-05-27 09:19:41,11838.1,25880
2021-05-27 09:19:42,11844.65,25897
2021-05-27 09:19:43,11838.1,25898
2021-05-27 09:19:44,11844.65,25917
2021-05-27 09:19:45,11838.1,25919
2021-05-27 09:19:46,11838.1,25919
2021-05-27 09:19:49,11836.6,26092
2021-05-27 09:19:50,11835.0,26165
2021-05-27 09:19:51,11832.0,26271
2021-05-27 09:19:52,11839.95,26357
2021-05-27 09:19:53,11832.0,26370
2021-05-27 09:19:54,11832.0,26412
2021-05-27 09:19:55,11820.35,26735
2021-05-27 09:19:56,11824.2,26751
2021-05-27 09:19:57,11829.35,26783
2021-05-27 09:19:58,11822.7,26823
2021-05-27 09:19:59,11820.25,26866
2021-05-27 09:20:00,11824.2,26949
2021-05-27 09:20:01,11835.15,26951
2021-05-27 09:20:02,11835.15,26953
2021-05-27 09:20:03,11827.55,27066
2021-05-27 09:20:05,11840.0,27345
2021-05-27 09:20:06,11832.55,27455
2021-05-27 09:20:07,11830.35,27566
2021-05-27 09:20:11,11838.0,28037
2021-05-27 09:20:13,11847.5,28038
2021-05-27 09:20:15,11847.85,28149
2021-05-27 09:20:16,11849.0,28357
2021-05-27 09:20:17,11850.0,28390
2021-05-27 09:20:18,11847.45,28495
2021-05-27 09:20:19,11856.35,28593
2021-05-27 09:20:20,11850.1,28609
2021-05-27 09:20:21,11856.95,28659
2021-05-27 09:20:22,11848.15,28662
2021-05-27 09:20:23,11848.15,28662
2021-05-27 09:20:24,11853.65,28663
2021-05-27 09:20:25,11853.65,28663
2021-05-27 09:20:26,11851.5,28700
2021-05-27 09:20:27,11855.0,28701
2021-05-27 09:20:28,11856.15,28716
2021-05-27 09:20:29,11854.0,28719
2021-05-27 09:20:30,11855.0,28782
2021-05-27 09:20:31,11858.6,28859
2021-05-27 09:20:32,11856.0,28860
2021-05-27 09:20:33,11858.65,28894
2021-05-27 09:20:34,11860.0,29122
2021-05-27 09:20:36,11852.5,29255
2021-05-27 09:20:37,11854.0,29270
2021-05-27 09:20:38,11855.6,29373
2021-05-27 09:20:39,11849.0,29531
2021-05-27 09:20:40,11849.95,29584
2021-05-27 09:20:41,11841.7,29606
2021-05-27 09:20:42,11854.6,29663
2021-05-27 09:20:43,11853.8,29673
2021-05-27 09:20:44,11853.8,29674
2021-05-27 09:20:45,11842.6,29739
2021-05-27 09:20:46,11842.6,29739
2021-05-27 09:20:47,11842.6,29739
2021-05-27 09:20:48,11853.8,29846
2021-05-27 09:20:49,11853.75,29858
2021-05-27 09:20:50,11846.55,29879
2021-05-27 09:20:51,11846.55,29879
2021-05-27 09:20:52,11845.15,29901
2021-05-27 09:20:53,11850.6,30039
2021-05-27 09:20:54,11843.05,30040
2021-05-27 09:20:55,11840.0,30164
2021-05-27 09:20:56,11845.25,30227
2021-05-27 09:20:57,11845.55,30241
2021-05-27 09:20:59,11840.0,30312
2021-05-27 09:21:01,11845.05,30316
2021-05-27 09:21:02,11840.0,30346
2021-05-27 09:21:03,11840.0,30351
2021-05-27 09:21:04,11846.2,30364
2021-05-27 09:21:05,11842.0,30417
2021-05-27 09:21:06,11842.0,30417
2021-05-27 09:21:08,11842.0,30432
2021-05-27 09:21:09,11842.0,30465
2021-05-27 09:21:10,11840.0,30475
2021-05-27 09:21:11,11832.1,30696
2021-05-27 09:21:12,11839.9,30702
2021-05-27 09:21:13,11839.9,30702
2021-05-27 09:21:14,11839.95,30714
2021-05-27 09:21:15,11832.05,30715
2021-05-27 09:21:16,11832.05,30715
2021-05-27 09:21:17,11832.05,30715
2021-05-27 09:21:18,11832.1,30718
2021-05-27 09:21:19,11832.1,30723
2021-05-27 09:21:20,11832.05,30764
2021-05-27 09:21:21,11832.1,30789
2021-05-27 09:21:22,11837.6,30862
2021-05-27 09:21:23,11841.1,30963
2021-05-27 09:21:24,11841.1,30963
2021-05-27 09:21:25,11835.0,30980
2021-05-27 09:21:26,11835.0,30980
2021-05-27 09:21:27,11839.75,30981
2021-05-27 09:21:28,11841.6,31006
2021-05-27 09:21:29,11841.6,31006
2021-05-27 09:21:30,11834.0,31058
2021-05-27 09:21:31,11834.0,31059
2021-05-27 09:21:32,11834.0,31079
2021-05-27 09:21:33,11834.0,31079
2021-05-27 09:21:34,11830.1,31586
2021-05-27 09:21:35,11830.05,31727
2021-05-27 09:21:36,11830.05,31772
2021-05-27 09:21:37,11830.05,31785
2021-05-27 09:21:38,11830.05,31810
2021-05-27 09:21:39,11830.05,32011
2021-05-27 09:21:40,11830.05,32018
2021-05-27 09:21:41,11830.1,32019
2021-05-27 09:21:42,11830.0,32397
2021-05-27 09:21:43,11830.1,32423
2021-05-27 09:21:44,11830.1,32423
2021-05-27 09:21:45,11830.1,32426
2021-05-27 09:21:46,11830.1,32426
2021-05-27 09:21:47,11831.0,32446
2021-05-27 09:21:48,11830.1,32454
2021-05-27 09:21:49,11830.25,32457
2021-05-27 09:21:50,11830.25,32469
2021-05-27 09:21:51,11830.25,32469
2021-05-27 09:21:52,11830.75,32470
2021-05-27 09:21:53,11830.5,32604
2021-05-27 09:21:54,11830.5,32614
2021-05-27 09:21:55,11830.1,32721
2021-05-27 09:21:56,11830.05,32846
2021-05-27 09:21:58,11834.8,32890
2021-05-27 09:21:58,11834.8,32890
2021-05-27 09:21:59,11834.9,32892
2021-05-27 09:22:00,11830.0,32992
2021-05-27 09:22:01,11827.0,32996
2021-05-27 09:22:02,11830.25,33096
2021-05-27 09:22:03,11830.5,33177
2021-05-27 09:22:04,11828.15,33192
2021-05-27 09:22:05,11828.15,33193
2021-05-27 09:22:06,11830.05,33226
2021-05-27 09:22:07,11835.1,33333
2021-05-27 09:22:08,11830.0,33462
2021-05-27 09:22:09,11830.0,33462
2021-05-27 09:22:10,11830.0,33462
2021-05-27 09:22:11,11832.3,33625
2021-05-27 09:22:12,11835.0,33635
2021-05-27 09:22:13,11839.05,33694
2021-05-27 09:22:14,11832.5,33727
2021-05-27 09:22:15,11838.05,33926
2021-05-27 09:22:16,11840.4,33930
2021-05-27 09:22:17,11849.4,33994
2021-05-27 09:22:18,11848.9,33998
2021-05-27 09:22:19,11840.6,34005
2021-05-27 09:22:20,11840.6,34012
2021-05-27 09:22:21,11840.6,34012
2021-05-27 09:22:22,11840.6,34012
2021-05-27 09:22:23,11846.95,34118
2021-05-27 09:22:24,11846.9,34134
2021-05-27 09:22:25,11847.0,34206
2021-05-27 09:22:26,11847.0,34206
2021-05-27 09:22:27,11847.0,34206
2021-05-27 09:22:28,11846.0,34235
2021-05-27 09:22:29,11846.85,34237
2021-05-27 09:22:30,11846.85,34237
2021-05-27 09:22:31,11846.0,34247
2021-05-27 09:22:32,11848.3,34351
2021-05-27 09:22:33,11848.3,34351
2021-05-27 09:22:34,11852.0,34515
2021-05-27 09:22:35,11852.0,34515
2021-05-27 09:22:36,11850.05,34545
2021-05-27 09:22:37,11854.95,34595
2021-05-27 09:22:38,11850.05,34645
2021-05-27 09:22:39,11850.0,34675
2021-05-27 09:22:40,11850.0,34680
2021-05-27 09:22:41,11854.0,34683
2021-05-27 09:22:42,11850.0,34685
2021-05-27 09:22:43,11847.35,34762
2021-05-27 09:22:45,11847.35,34762
2021-05-27 09:22:46,11847.0,34769
2021-05-27 09:22:47,11850.1,34770
2021-05-27 09:22:48,11850.0,34790
2021-05-27 09:22:49,11850.0,34801
2021-05-27 09:22:50,11842.0,35024
2021-05-27 09:22:51,11842.0,35025
2021-05-27 09:22:52,11842.0,35025
2021-05-27 09:22:53,11842.0,35028
2021-05-27 09:22:54,11847.75,35074
2021-05-27 09:22:55,11847.75,35074
2021-05-27 09:22:55,11847.7,35075
2021-05-27 09:22:56,11847.7,35075
2021-05-27 09:22:57,11842.0,35082
2021-05-27 09:22:58,11842.0,35082
2021-05-27 09:22:59,11848.4,35097
2021-05-27 09:23:00,11848.45,35101
2021-05-27 09:23:01,11842.1,35111
2021-05-27 09:23:02,11842.1,35111
2021-05-27 09:23:04,11844.3,35125
2021-05-27 09:23:05,11850.1,35299
2021-05-27 09:23:06,11859.7,35669
2021-05-27 09:23:07,11859.7,35669
2021-05-27 09:23:08,11859.7,35669
2021-05-27 09:23:10,11852.3,35913
2021-05-27 09:23:11,11852.15,35998
2021-05-27 09:23:13,11853.95,36016
2021-05-27 09:23:14,11853.95,36016
2021-05-27 09:23:15,11853.95,36016
2021-05-27 09:23:16,11852.05,36017
2021-05-27 09:23:17,11853.95,36023
2021-05-27 09:23:18,11852.3,36025
2021-05-27 09:23:19,11853.95,36033
2021-05-27 09:23:20,11853.95,36034
2021-05-27 09:23:21,11853.95,36040
2021-05-27 09:23:22,11853.95,36042
2021-05-27 09:23:23,11857.2,36049
2021-05-27 09:23:24,11861.0,36672
2021-05-27 09:23:25,11861.0,36672
2021-05-27 09:23:26,11861.0,36672
2021-05-27 09:23:27,11854.05,36682
2021-05-27 09:23:28,11859.7,36687
2021-05-27 09:23:29,11863.0,36689
2021-05-27 09:23:30,11854.9,36845
2021-05-27 09:23:31,11859.1,36867
2021-05-27 09:23:32,11859.65,36920
2021-05-27 09:23:33,11859.15,36930
2021-05-27 09:23:34,11854.9,36932
2021-05-27 09:23:35,11859.4,36933
2021-05-27 09:23:36,11859.4,36933
2021-05-27 09:23:37,11853.95,37027
2021-05-27 09:23:38,11853.95,37027
2021-05-27 09:23:39,11857.35,37028
2021-05-27 09:23:40,11850.15,37080
2021-05-27 09:23:41,11858.5,37130
2021-05-27 09:23:42,11854.95,37137
2021-05-27 09:23:43,11850.0,37187
2021-05-27 09:23:44,11854.95,37197
2021-05-27 09:23:45,11842.0,37312
2021-05-27 09:23:46,11841.0,37319
2021-05-27 09:23:47,11841.0,37352
2021-05-27 09:23:48,11840.4,37418
2021-05-27 09:23:49,11840.4,37418
2021-05-27 09:23:50,11846.6,37422
2021-05-27 09:23:51,11846.6,37424
2021-05-27 09:23:52,11848.45,37439
2021-05-27 09:23:53,11848.4,37442
2021-05-27 09:23:54,11840.0,37670
2021-05-27 09:23:55,11843.8,37678
2021-05-27 09:23:56,11845.5,37682
2021-05-27 09:23:57,11833.05,37725
2021-05-27 09:23:58,11840.4,37810
2021-05-27 09:23:59,11835.0,37816
2021-05-27 09:24:01,11835.0,37904
2021-05-27 09:24:02,11835.0,37904
2021-05-27 09:24:03,11835.05,37915
2021-05-27 09:24:04,11835.0,37917
2021-05-27 09:24:05,11835.0,37927
2021-05-27 09:24:06,11840.4,37936
2021-05-27 09:24:07,11840.45,37939
2021-05-27 09:24:08,11835.2,37940
2021-05-27 09:24:09,11840.45,37952
2021-05-27 09:24:10,11835.15,37953
2021-05-27 09:24:11,11840.0,37989
2021-05-27 09:24:12,11835.15,37994
2021-05-27 09:24:13,11840.0,38104
2021-05-27 09:24:14,11840.0,38130
2021-05-27 09:24:15,11840.0,38130
2021-05-27 09:24:16,11835.15,38270
2021-05-27 09:24:17,11828.75,38447
2021-05-27 09:24:18,11836.8,38449
2021-05-27 09:24:19,11831.0,38467
2021-05-27 09:24:20,11828.0,38596
2021-05-27 09:24:21,11830.0,38607
2021-05-27 09:24:22,11833.4,38608
2021-05-27 09:24:23,11833.4,38608
2021-05-27 09:24:24,11830.0,38617
2021-05-27 09:24:25,11830.0,38630
2021-05-27 09:24:26,11830.0,38630
2021-05-27 09:24:27,11830.0,38652
2021-05-27 09:24:28,11830.0,38652
2021-05-27 09:24:29,11830.0,38724
2021-05-27 09:24:30,11825.0,38821
2021-05-27 09:24:31,11822.0,38848
2021-05-27 09:24:32,11829.75,38849
2021-05-27 09:24:33,11821.0,38999
2021-05-27 09:24:36,11830.0,39079
2021-05-27 09:24:35,11830.0,39035
2021-05-27 09:24:36,11829.9,39091
2021-05-27 09:24:37,11821.4,39151
2021-05-27 09:24:38,11822.0,39152
2021-05-27 09:24:39,11822.05,39155
2021-05-27 09:24:40,11829.7,39157
2021-05-27 09:24:41,11823.0,39212
2021-05-27 09:24:42,11822.05,39311
2021-05-27 09:24:43,11829.95,39376
2021-05-27 09:24:44,11823.0,39403
2021-05-27 09:24:45,11823.0,39424
2021-05-27 09:24:46,11830.0,39425
2021-05-27 09:24:47,11830.0,39436
2021-05-27 09:24:48,11830.0,39436
2021-05-27 09:24:49,11830.0,39436
2021-05-27 09:24:50,11823.45,39449
2021-05-27 09:24:51,11823.1,39452
2021-05-27 09:24:52,11830.0,39464
2021-05-27 09:24:53,11823.45,39479
2021-05-27 09:24:54,11823.45,39480
2021-05-27 09:24:55,11829.85,39485
2021-05-27 09:24:56,11822.25,39535
2021-05-27 09:24:57,11830.0,39862
2021-05-27 09:24:58,11830.0,39862
2021-05-27 09:24:59,11825.0,39873
2021-05-27 09:25:00,11825.0,39873
2021-05-27 09:25:01,11823.15,40073
2021-05-27 09:25:02,11823.15,40073
2021-05-27 09:25:03,11830.0,40074
2021-05-27 09:25:04,11823.45,40077
2021-05-27 09:25:06,11823.25,40107
2021-05-27 09:25:06,11823.3,40118
2021-05-27 09:25:07,11822.25,40158
2021-05-27 09:25:08,11827.85,40183
2021-05-27 09:25:09,11829.6,40193
2021-05-27 09:25:11,11830.0,40310
2021-05-27 09:25:12,11829.0,40317
2021-05-27 09:25:14,11830.0,40395
2021-05-27 09:25:13,11830.0,40393
2021-05-27 09:25:15,11825.3,40410
2021-05-27 09:25:16,11825.3,40423
2021-05-27 09:25:17,11825.05,40453
2021-05-27 09:25:18,11825.1,40462
2021-05-27 09:25:19,11833.4,40766
2021-05-27 09:25:20,11835.0,40842
2021-05-27 09:25:21,11840.0,40844
2021-05-27 09:25:22,11835.05,40845
2021-05-27 09:25:23,11832.85,41095
2021-05-27 09:25:24,11832.85,41095
2021-05-27 09:25:25,11831.3,41149
2021-05-27 09:25:26,11829.2,41424
2021-05-27 09:25:27,11833.85,41439
2021-05-27 09:25:28,11833.85,41439
2021-05-27 09:25:29,11833.85,41439
2021-05-27 09:25:30,11831.75,41442
2021-05-27 09:25:31,11838.0,41483
2021-05-27 09:25:32,11838.0,41485
2021-05-27 09:25:34,11840.2,41489
2021-05-27 09:25:35,11833.85,41515
2021-05-27 09:25:36,11833.85,41567
2021-05-27 09:25:37,11832.0,41706
2021-05-27 09:25:38,11832.0,41706
2021-05-27 09:25:39,11840.35,41716
2021-05-27 09:25:40,11840.35,41728
2021-05-27 09:25:41,11840.45,41729
2021-05-27 09:25:41,11840.0,41792
2021-05-27 09:25:42,11840.0,41794
2021-05-27 09:25:43,11833.95,41803
2021-05-27 09:25:44,11840.45,41824
2021-05-27 09:25:45,11840.45,41835
2021-05-27 09:25:46,11842.0,41877
2021-05-27 09:25:47,11846.3,41888
2021-05-27 09:25:48,11845.8,41908
2021-05-27 09:25:49,11840.0,41919
2021-05-27 09:25:51,11840.0,41919
2021-05-27 09:25:52,11836.25,41925
2021-05-27 09:25:53,11841.0,41930
2021-05-27 09:25:56,11841.0,41951
2021-05-27 09:25:58,11836.25,41952
2021-05-27 09:25:59,11841.0,41955
2021-05-27 09:26:00,11836.5,41958
2021-05-27 09:26:01,11842.95,41963
2021-05-27 09:26:01,11836.45,41965
2021-05-27 09:26:02,11836.45,41965
2021-05-27 09:26:03,11836.45,41965
2021-05-27 09:26:04,11836.45,41965
2021-05-27 09:26:05,11840.0,41967
2021-05-27 09:26:06,11836.45,41970
2021-05-27 09:26:07,11836.45,41994
2021-05-27 09:26:08,11836.45,41994
2021-05-27 09:26:10,11836.45,42012
2021-05-27 09:26:11,11840.0,42024
2021-05-27 09:26:12,11840.0,42024
2021-05-27 09:26:13,11839.0,42042
2021-05-27 09:26:14,11839.0,42043
2021-05-27 09:26:15,11839.0,42044
2021-05-27 09:26:16,11839.0,42057
2021-05-27 09:26:17,11839.0,42067
2021-05-27 09:26:18,11839.0,42076
2021-05-27 09:26:18,11837.0,42092
2021-05-27 09:26:19,11839.0,42094
2021-05-27 09:26:20,11837.0,42099
2021-05-27 09:26:21,11839.0,42100
2021-05-27 09:26:22,11839.0,42100
2021-05-27 09:26:23,11839.0,42102
2021-05-27 09:26:24,11837.0,42103
2021-05-27 09:26:26,11837.0,42114
2021-05-27 09:26:27,11839.0,42115
2021-05-27 09:26:28,11839.0,42115
2021-05-27 09:26:29,11837.0,42121
2021-05-27 09:26:31,11837.0,42121
2021-05-27 09:26:32,11837.0,42128
2021-05-27 09:26:33,11837.0,42140
2021-05-27 09:26:34,11839.0,42142
2021-05-27 09:26:35,11839.0,42142
2021-05-27 09:26:36,11839.0,42176
2021-05-27 09:26:37,11837.0,42182
2021-05-27 09:26:38,11839.0,42188
2021-05-27 09:26:39,11839.0,42188
2021-05-27 09:26:41,11837.0,42193
2021-05-27 09:26:42,11837.0,42193
2021-05-27 09:26:43,11835.0,42392
2021-05-27 09:26:44,11835.0,42392
2021-05-27 09:26:45,11835.0,42392
2021-05-27 09:26:47,11835.0,42392
2021-05-27 09:26:48,11835.0,42392
2021-05-27 09:26:49,11835.0,42407
2021-05-27 09:26:50,11835.0,42407
2021-05-27 09:26:51,11835.0,42457
2021-05-27 09:26:52,11835.0,42504
2021-05-27 09:26:53,11832.0,42505
2021-05-27 09:26:54,11835.0,42506
2021-05-27 09:26:55,11832.95,42538
2021-05-27 09:26:56,11836.8,42539
2021-05-27 09:26:56,11836.9,42543
2021-05-27 09:26:57,11836.9,42544
2021-05-27 09:26:58,11836.9,42545
2021-05-27 09:26:59,11831.5,42601
2021-05-27 09:27:00,11831.5,42601
2021-05-27 09:27:01,11831.5,42601
2021-05-27 09:27:06,11835.0,42654
2021-05-27 09:27:07,11830.0,42667
2021-05-27 09:27:08,11830.0,42670
2021-05-27 09:27:10,11835.0,42690
2021-05-27 09:27:11,11835.0,42691
2021-05-27 09:27:12,11837.0,42698
2021-05-27 09:27:13,11835.0,42811
2021-05-27 09:27:14,11835.0,42815
2021-05-27 09:27:15,11830.0,42850
2021-05-27 09:27:16,11835.0,42856
2021-05-27 09:27:17,11835.25,42871
2021-05-27 09:27:18,11835.25,42873
2021-05-27 09:27:19,11838.0,42966
2021-05-27 09:27:20,11837.0,42969
2021-05-27 09:27:21,11837.5,42971
2021-05-27 09:27:22,11837.5,42971
2021-05-27 09:27:22,11837.5,42971
2021-05-27 09:27:23,11839.0,42972
2021-05-27 09:27:24,11831.0,42973
2021-05-27 09:27:25,11831.0,42973
2021-05-27 09:27:26,11830.1,42974
2021-05-27 09:27:27,11836.0,42975
2021-05-27 09:27:28,11830.1,43000
2021-05-27 09:27:30,11830.15,43012
2021-05-27 09:27:32,11836.9,43014
2021-05-27 09:27:33,11832.5,43015
2021-05-27 09:27:37,11840.0,43125
2021-05-27 09:27:38,11840.0,43125
2021-05-27 09:27:39,11835.25,43126
2021-05-27 09:27:40,11836.9,43227
2021-05-27 09:27:41,11836.9,43227
2021-05-27 09:27:42,11836.9,43227
2021-05-27 09:27:43,11834.1,43229
2021-05-27 09:27:44,11839.0,43231
2021-05-27 09:27:45,11839.45,43233
2021-05-27 09:27:46,11839.45,43234
2021-05-27 09:27:47,11836.9,43238
2021-05-27 09:27:48,11836.9,43288
2021-05-27 09:27:49,11839.9,43289
2021-05-27 09:27:50,11839.9,43289
2021-05-27 09:27:51,11839.9,43289
2021-05-27 09:27:52,11839.0,43330
2021-05-27 09:27:53,11839.9,43340
2021-05-27 09:27:54,11836.9,43341
2021-05-27 09:27:56,11840.0,43347
2021-05-27 09:27:58,11839.0,43672
2021-05-27 09:27:57,11840.0,43348
2021-05-27 09:27:59,11840.45,43741
2021-05-27 09:28:00,11840.45,43942
2021-05-27 09:28:01,11840.05,43947
2021-05-27 09:28:02,11836.95,43952
2021-05-27 09:28:03,11840.45,43955
2021-05-27 09:28:04,11840.45,43975
2021-05-27 09:28:05,11839.0,43977
2021-05-27 09:28:06,11840.05,43982
2021-05-27 09:28:07,11842.0,43998
2021-05-27 09:28:09,11839.0,44000
2021-05-27 09:28:09,11845.85,44255
2021-05-27 09:28:10,11848.85,44262
2021-05-27 09:28:12,11848.85,44263
2021-05-27 09:28:13,11843.0,44273
2021-05-27 09:28:14,11843.0,44273
2021-05-27 09:28:15,11848.85,44293
2021-05-27 09:28:16,11843.0,44301
2021-05-27 09:28:17,11846.9,44312
2021-05-27 09:28:19,11843.0,44316
2021-05-27 09:28:20,11847.8,44323
2021-05-27 09:28:21,11849.6,44376
2021-05-27 09:28:22,11843.8,44380
2021-05-27 09:28:23,11843.8,44380
2021-05-27 09:28:23,11850.0,44447
2021-05-27 09:28:24,11844.8,44483
2021-05-27 09:28:25,11849.8,44623
2021-05-27 09:28:26,11844.0,44624
2021-05-27 09:28:27,11844.0,44624
2021-05-27 09:28:28,11844.0,44624
2021-05-27 09:28:29,11844.0,44654
2021-05-27 09:28:30,11848.0,44657
2021-05-27 09:28:31,11848.0,44657
2021-05-27 09:28:32,11849.1,44679
2021-05-27 09:28:33,11850.0,44790
2021-05-27 09:28:34,11850.0,44790
2021-05-27 09:28:36,11849.95,44806
2021-05-27 09:28:37,11849.95,44806
2021-05-27 09:28:38,11844.05,44812
2021-05-27 09:28:39,11844.05,44812
2021-05-27 09:28:40,11844.05,44812
2021-05-27 09:28:41,11844.05,44812
2021-05-27 09:28:42,11848.0,44813
2021-05-27 09:28:43,11848.0,44813
2021-05-27 09:28:44,11844.05,44820
2021-05-27 09:28:44,11844.05,44820
2021-05-27 09:28:45,11844.05,44840
2021-05-27 09:28:46,11848.0,44843
2021-05-27 09:28:48,11850.45,45427
2021-05-27 09:28:49,11859.0,45452
2021-05-27 09:28:50,11859.0,45452
2021-05-27 09:28:51,11849.2,45453
2021-05-27 09:28:52,11853.95,45458
2021-05-27 09:28:53,11856.0,45460
2021-05-27 09:28:54,11856.0,45460
2021-05-27 09:28:55,11858.0,45468
2021-05-27 09:28:56,11852.05,45478
2021-05-27 09:28:56,11849.1,45492
2021-05-27 09:28:57,11849.25,45560
2021-05-27 09:28:58,11849.1,45586
2021-05-27 09:29:00,11855.0,45593
2021-05-27 09:29:01,11855.0,45595
2021-05-27 09:29:02,11855.0,45598
2021-05-27 09:29:02,11855.0,45598
2021-05-27 09:29:03,11849.1,45713
2021-05-27 09:29:05,11849.1,45713
2021-05-27 09:29:07,11852.0,45792
2021-05-27 09:29:08,11852.0,45792
2021-05-27 09:29:09,11852.0,45796
2021-05-27 09:29:10,11855.0,45797
2021-05-27 09:29:11,11855.0,45801
2021-05-27 09:29:12,11849.05,45841
2021-05-27 09:29:13,11849.05,45841
2021-05-27 09:29:14,11849.15,45945
2021-05-27 09:29:15,11853.0,46017
2021-05-27 09:29:16,11853.0,46017
2021-05-27 09:29:17,11849.1,46038
2021-05-27 09:29:18,11849.1,46038
2021-05-27 09:29:19,11849.1,46195
2021-05-27 09:29:20,11849.15,46210
2021-05-27 09:29:21,11849.15,46210
2021-05-27 09:29:22,11854.55,46211
2021-05-27 09:29:23,11845.0,46364
2021-05-27 09:29:24,11845.75,46469
2021-05-27 09:29:25,11848.25,46472
2021-05-27 09:29:26,11845.0,46552
2021-05-27 09:29:27,11844.1,46609
2021-05-27 09:29:28,11844.1,46609
2021-05-27 09:29:30,11850.35,46624
2021-05-27 09:29:31,11844.05,46652
2021-05-27 09:29:32,11844.05,46652
2021-05-27 09:29:34,11842.0,46706
2021-05-27 09:29:35,11844.05,46718
2021-05-27 09:29:36,11844.05,46718
2021-05-27 09:29:37,11844.05,46718
2021-05-27 09:29:38,11844.05,46718
2021-05-27 09:29:39,11840.0,46870
2021-05-27 09:29:41,11844.1,46966
2021-05-27 09:29:42,11844.1,46966
2021-05-27 09:29:43,11838.65,47200
2021-05-27 09:29:44,11838.65,47201
2021-05-27 09:29:45,11833.3,47228
2021-05-27 09:29:45,11833.3,47228
2021-05-27 09:29:46,11839.15,47256
2021-05-27 09:29:47,11836.0,47257
2021-05-27 09:29:49,11839.35,47263
2021-05-27 09:29:50,11831.0,47281
2021-05-27 09:29:51,11830.05,47285
2021-05-27 09:29:52,11830.05,47285
2021-05-27 09:29:53,11826.15,47587
2021-05-27 09:29:54,11831.0,47588
2021-05-27 09:29:55,11831.95,47614
2021-05-27 09:29:55,11831.95,47614
2021-05-27 09:29:56,11830.0,47617
2021-05-27 09:29:57,11830.0,47750
2021-05-27 09:29:59,11830.0,47751
2021-05-27 09:30:00,11830.0,47751
2021-05-27 09:30:01,11830.0,47761
2021-05-27 09:30:02,11825.0,47764
2021-05-27 09:30:03,11825.0,47764
2021-05-27 09:30:04,11825.0,47823
2021-05-27 09:30:05,11830.0,47824
2021-05-27 09:30:06,11826.0,47829
2021-05-27 09:30:07,11825.0,48331
2021-05-27 09:30:08,11826.0,48382
2021-05-27 09:30:10,11822.0,48389
2021-05-27 09:30:10,11826.0,48405
2021-05-27 09:30:11,11821.1,48439
2021-05-27 09:30:12,11826.0,48464
2021-05-27 09:30:14,11822.0,48514
2021-05-27 09:30:14,11821.1,48524
2021-05-27 09:30:15,11821.25,48803
2021-05-27 09:30:16,11821.25,48809
2021-05-27 09:30:18,11821.4,48890
2021-05-27 09:30:19,11821.5,48892
2021-05-27 09:30:20,11821.5,48892
2021-05-27 09:30:21,11829.0,48907
2021-05-27 09:30:22,11829.0,48917
2021-05-27 09:30:23,11829.0,48917
2021-05-27 09:30:24,11829.6,48933
2021-05-27 09:30:25,11822.0,48940
2021-05-27 09:30:26,11823.6,48992
2021-05-27 09:30:28,11822.3,48994
2021-05-27 09:30:29,11822.3,48994
2021-05-27 09:30:30,11823.6,49007
2021-05-27 09:30:32,11823.6,49007
2021-05-27 09:30:31,11823.6,49007
2021-05-27 09:30:33,11824.4,49070
2021-05-27 09:30:34,11830.0,49105
2021-05-27 09:30:35,11824.4,49155
2021-05-27 09:30:36,11824.4,49155
2021-05-27 09:30:37,11824.4,49165
2021-05-27 09:30:38,11826.0,49170
2021-05-27 09:30:39,11824.4,49172
2021-05-27 09:30:40,11824.4,49176
2021-05-27 09:30:41,11829.0,49177
2021-05-27 09:30:42,11829.0,49182
2021-05-27 09:30:43,11829.0,49182
2021-05-27 09:30:44,11824.4,49212
2021-05-27 09:30:45,11824.4,49436
2021-05-27 09:30:46,11824.4,49446
2021-05-27 09:30:47,11824.4,49447
2021-05-27 09:30:48,11821.0,49637
2021-05-27 09:30:49,11824.4,49642
2021-05-27 09:30:50,11824.4,49642
2021-05-27 09:30:51,11820.35,49644
2021-05-27 09:30:52,11818.0,50173
2021-05-27 09:30:53,11822.55,50218
2021-05-27 09:30:54,11822.55,50218
2021-05-27 09:30:55,11815.05,50293
2021-05-27 09:30:56,11816.0,50324
2021-05-27 09:30:57,11819.0,50604
2021-05-27 09:30:58,11819.3,50621
2021-05-27 09:30:59,11813.0,50623
2021-05-27 09:31:00,11815.1,50636
2021-05-27 09:31:01,11819.55,50661
2021-05-27 09:31:02,11819.55,50661
2021-05-27 09:31:03,11818.0,50666
2021-05-27 09:31:04,11818.0,50666
2021-05-27 09:31:05,11815.0,50667
2021-05-27 09:31:06,11815.0,50667
2021-05-27 09:31:07,11820.0,50715
2021-05-27 09:31:08,11818.0,50942
2021-05-27 09:31:09,11818.0,50942
2021-05-27 09:31:10,11816.0,50997
2021-05-27 09:31:11,11816.0,51024
2021-05-27 09:31:12,11816.0,51053
2021-05-27 09:31:13,11819.85,51134
2021-05-27 09:31:14,11815.0,51234
2021-05-27 09:31:15,11818.9,51237
2021-05-27 09:31:16,11812.55,51262
2021-05-27 09:31:17,11817.0,51350
2021-05-27 09:31:18,11810.35,51356
2021-05-27 09:31:19,11811.7,51385
2021-05-27 09:31:20,11811.75,51423
2021-05-27 09:31:21,11811.7,51428
2021-05-27 09:31:22,11811.75,51437
2021-05-27 09:31:23,11811.75,51437
2021-05-27 09:31:24,11810.1,51540
2021-05-27 09:31:25,11818.5,51580
2021-05-27 09:31:26,11818.5,51580
2021-05-27 09:31:27,11812.15,51647
2021-05-27 09:31:28,11810.4,51682
2021-05-27 09:31:29,11818.8,51719
2021-05-27 09:31:30,11818.85,51735
2021-05-27 09:31:32,11811.05,51774
2021-05-27 09:31:33,11811.05,51775
2021-05-27 09:31:34,11810.4,51786
2021-05-27 09:31:35,11815.1,51805
2021-05-27 09:31:36,11815.1,51850
2021-05-27 09:31:37,11793.4,54763
2021-05-27 09:31:38,11792.25,55023
2021-05-27 09:31:39,11795.9,55120
2021-05-27 09:31:40,11790.9,55175
2021-05-27 09:31:41,11792.2,55246
2021-05-27 09:31:42,11792.25,55284
2021-05-27 09:31:43,11791.55,55374
2021-05-27 09:31:44,11790.9,55410
2021-05-27 09:31:45,11789.95,55668
2021-05-27 09:31:46,11789.0,55720
2021-05-27 09:31:47,11791.55,55729
2021-05-27 09:31:48,11784.2,56020
2021-05-27 09:31:49,11780.35,56161
2021-05-27 09:31:50,11775.0,57036
2021-05-27 09:31:51,11779.95,57367
2021-05-27 09:31:52,11771.2,57441
2021-05-27 09:31:53,11775.0,57538
2021-05-27 09:31:54,11779.25,57577
2021-05-27 09:31:55,11770.0,57975
2021-05-27 09:31:56,11771.9,58207
2021-05-27 09:31:57,11772.55,58528
2021-05-27 09:31:58,11763.5,58536
2021-05-27 09:31:59,11763.55,58543
2021-05-27 09:32:00,11761.8,59059
2021-05-27 09:32:01,11763.5,59146
2021-05-27 09:32:02,11763.15,59287
2021-05-27 09:32:03,11774.15,59327
2021-05-27 09:32:04,11773.15,59413
2021-05-27 09:32:05,11772.4,59424
2021-05-27 09:32:07,11763.3,59661
2021-05-27 09:32:08,11763.15,59678
2021-05-27 09:32:09,11769.75,59679
2021-05-27 09:32:10,11764.4,59707
2021-05-27 09:32:12,11759.0,60045
2021-05-27 09:32:13,11753.0,60215
2021-05-27 09:32:14,11751.5,60374
2021-05-27 09:32:15,11759.65,60601
2021-05-27 09:32:16,11758.65,60637
2021-05-27 09:32:17,11759.7,60654
2021-05-27 09:32:18,11759.45,60774
2021-05-27 09:32:19,11740.75,62315
2021-05-27 09:32:20,11749.65,62322
2021-05-27 09:32:21,11744.45,62393
2021-05-27 09:32:23,11740.05,62561
2021-05-27 09:32:24,11741.2,62961
2021-05-27 09:32:25,11750.0,63012
2021-05-27 09:32:26,11749.0,63055
2021-05-27 09:32:27,11749.2,63080
2021-05-27 09:32:28,11742.1,63081
2021-05-27 09:32:29,11742.1,63114
2021-05-27 09:32:30,11749.95,63115
2021-05-27 09:32:31,11760.0,63555
2021-05-27 09:32:32,11763.0,63578
2021-05-27 09:32:33,11761.75,63602
2021-05-27 09:32:34,11753.2,63733
2021-05-27 09:32:35,11754.1,63785
2021-05-27 09:32:36,11751.1,63937
2021-05-27 09:32:37,11762.55,64145
2021-05-27 09:32:38,11765.15,64376
2021-05-27 09:32:39,11764.0,64421
2021-05-27 09:32:40,11757.35,64491
2021-05-27 09:32:41,11757.55,64516
2021-05-27 09:32:42,11758.95,64563
2021-05-27 09:32:43,11763.0,64583
2021-05-27 09:32:44,11767.3,64608
2021-05-27 09:32:45,11768.0,64732
2021-05-27 09:32:46,11768.0,64732
2021-05-27 09:32:47,11766.9,64956
2021-05-27 09:32:49,11766.9,64983
2021-05-27 09:32:49,11770.0,65169
2021-05-27 09:32:51,11767.95,65264
2021-05-27 09:32:52,11767.95,65270
2021-05-27 09:32:53,11774.8,65350
2021-05-27 09:32:53,11774.8,65350
2021-05-27 09:32:54,11768.3,65372
2021-05-27 09:32:55,11769.45,65418
2021-05-27 09:32:56,11776.95,65428
2021-05-27 09:32:57,11778.05,65467
2021-05-27 09:32:58,11782.45,65586
2021-05-27 09:32:59,11782.45,65586
2021-05-27 09:33:00,11783.0,65600
2021-05-27 09:33:02,11777.65,65782
2021-05-27 09:33:03,11782.8,65819
2021-05-27 09:33:04,11782.45,65849
2021-05-27 09:33:05,11777.0,65916
2021-05-27 09:33:06,11777.1,65919
2021-05-27 09:33:07,11780.0,65965
2021-05-27 09:33:08,11780.0,65965
2021-05-27 09:33:09,11783.0,66027
2021-05-27 09:33:10,11783.0,66044
2021-05-27 09:33:11,11787.5,66187
2021-05-27 09:33:12,11779.0,66433
2021-05-27 09:33:13,11779.0,66464
2021-05-27 09:33:14,11779.0,66464
2021-05-27 09:33:15,11777.65,66482
2021-05-27 09:33:16,11777.65,66551
2021-05-27 09:33:17,11779.1,66552
2021-05-27 09:33:18,11779.1,66552
2021-05-27 09:33:19,11777.65,66601
2021-05-27 09:33:20,11777.65,66601
2021-05-27 09:33:21,11777.65,66675
2021-05-27 09:33:22,11779.95,66897
2021-05-27 09:33:23,11773.25,66898
2021-05-27 09:33:24,11773.25,66918
2021-05-27 09:33:25,11773.25,66919
2021-05-27 09:33:26,11773.25,66919
2021-05-27 09:33:27,11773.25,66955
2021-05-27 09:33:28,11773.5,66994
2021-05-27 09:33:29,11773.5,67009
2021-05-27 09:33:30,11773.5,67009
2021-05-27 09:33:31,11773.25,67032
2021-05-27 09:33:32,11778.95,67038
2021-05-27 09:33:33,11778.95,67049
2021-05-27 09:33:34,11779.65,67069
2021-05-27 09:33:35,11779.65,67069
2021-05-27 09:33:36,11774.15,67081
2021-05-27 09:33:37,11774.0,67086
2021-05-27 09:33:38,11779.8,67087
2021-05-27 09:33:39,11779.8,67087
2021-05-27 09:33:40,11779.8,67087
2021-05-27 09:33:41,11774.0,67090
2021-05-27 09:33:42,11778.85,67126
2021-05-27 09:33:43,11773.5,67164
2021-05-27 09:33:44,11778.0,67173
2021-05-27 09:33:45,11778.0,67195
2021-05-27 09:33:46,11775.65,67230
2021-05-27 09:33:49,11778.0,67231
2021-05-27 09:33:51,11779.65,67268
2021-05-27 09:33:53,11778.0,67328
2021-05-27 09:33:53,11778.0,67328
2021-05-27 09:33:54,11778.0,67328
2021-05-27 09:33:55,11780.0,67333
2021-05-27 09:33:56,11778.0,67348
2021-05-27 09:33:58,11778.0,67372
2021-05-27 09:34:00,11778.0,67396
2021-05-27 09:34:01,11775.65,67453
2021-05-27 09:34:02,11775.0,67529
2021-05-27 09:34:03,11780.0,67536
2021-05-27 09:34:04,11780.0,67536
2021-05-27 09:34:05,11774.0,67572
2021-05-27 09:34:06,11778.0,67604
2021-05-27 09:34:07,11774.0,67606
2021-05-27 09:34:08,11774.0,67611
2021-05-27 09:34:09,11774.0,67611
2021-05-27 09:34:10,11774.0,67611
2021-05-27 09:34:11,11777.0,67613
2021-05-27 09:34:12,11774.0,67614
2021-05-27 09:34:13,11771.15,67727
2021-05-27 09:34:15,11777.0,67758
2021-05-27 09:34:16,11775.0,67760
2021-05-27 09:34:17,11770.8,67869
2021-05-27 09:34:18,11770.8,67869
2021-05-27 09:34:19,11774.0,67900
2021-05-27 09:34:20,11770.55,67911
2021-05-27 09:34:21,11774.0,67973
2021-05-27 09:34:22,11771.0,67975
2021-05-27 09:34:23,11771.0,67975
2021-05-27 09:34:24,11770.6,67991
2021-05-27 09:34:25,11770.55,68007
2021-05-27 09:34:26,11770.8,68008
2021-05-27 09:34:27,11770.55,68019
2021-05-27 09:34:28,11770.0,68461
2021-05-27 09:34:29,11772.9,68535
2021-05-27 09:34:30,11774.0,68555
2021-05-27 09:34:31,11771.0,68578
2021-05-27 09:34:32,11777.0,68592
2021-05-27 09:34:33,11770.05,68626
2021-05-27 09:34:34,11770.05,68626
2021-05-27 09:34:35,11777.0,69128
2021-05-27 09:34:36,11777.0,69128
2021-05-27 09:34:37,11777.0,69164
2021-05-27 09:34:38,11777.0,69185
2021-05-27 09:34:39,11777.4,69431
2021-05-27 09:34:41,11777.4,69431
2021-05-27 09:34:41,11777.4,69431
2021-05-27 09:34:42,11767.0,69906
2021-05-27 09:34:43,11764.8,69916
2021-05-27 09:34:44,11764.0,69917
2021-05-27 09:34:45,11764.0,69917
2021-05-27 09:34:46,11764.0,69931
2021-05-27 09:34:47,11769.55,70030
2021-05-27 09:34:48,11764.8,70042
2021-05-27 09:34:49,11764.8,70042
2021-05-27 09:34:50,11764.8,70042
2021-05-27 09:34:51,11770.0,70054
2021-05-27 09:34:52,11765.0,70174
2021-05-27 09:34:53,11764.35,70291
2021-05-27 09:34:55,11763.95,70343
2021-05-27 09:34:56,11770.0,70345
2021-05-27 09:34:58,11762.55,70395
2021-05-27 09:34:59,11762.55,70395
2021-05-27 09:34:59,11762.55,70395
2021-05-27 09:35:01,11765.0,70396
2021-05-27 09:35:02,11765.0,70396
2021-05-27 09:35:03,11762.55,70406
2021-05-27 09:35:04,11762.55,70406
2021-05-27 09:35:05,11769.9,70417
2021-05-27 09:35:06,11769.9,70417
2021-05-27 09:35:07,11763.15,70418
2021-05-27 09:35:08,11763.15,70418
2021-05-27 09:35:10,11764.4,70526
2021-05-27 09:35:11,11770.0,70582
2021-05-27 09:35:12,11770.0,70582
2021-05-27 09:35:13,11764.9,70595
2021-05-27 09:35:14,11764.8,70605
2021-05-27 09:35:15,11764.8,70659
2021-05-27 09:35:16,11764.8,70659
2021-05-27 09:35:17,11764.8,70659
2021-05-27 09:35:18,11764.8,70659
2021-05-27 09:35:19,11764.8,70659
2021-05-27 09:35:20,11768.95,70763
2021-05-27 09:35:21,11764.85,70771
2021-05-27 09:35:22,11764.85,70771
2021-05-27 09:35:23,11764.8,70813
2021-05-27 09:35:24,11764.8,70818
2021-05-27 09:35:25,11764.8,70853
2021-05-27 09:35:26,11764.8,70853
2021-05-27 09:35:27,11765.8,70867
2021-05-27 09:35:29,11765.8,70906
2021-05-27 09:35:30,11765.8,70906
2021-05-27 09:35:31,11764.0,70931
2021-05-27 09:35:32,11769.0,70932
2021-05-27 09:35:33,11770.0,70995
2021-05-27 09:35:34,11770.0,70996
2021-05-27 09:35:35,11770.0,71014
2021-05-27 09:35:35,11765.8,71034
2021-05-27 09:35:36,11760.0,71406
2021-05-27 09:35:37,11760.0,71618
2021-05-27 09:35:38,11768.0,71633
2021-05-27 09:35:39,11768.0,71633
2021-05-27 09:35:40,11761.0,71639
2021-05-27 09:35:41,11760.45,71642
2021-05-27 09:35:42,11761.0,71656
2021-05-27 09:35:43,11764.0,71680
2021-05-27 09:35:44,11764.25,71687
2021-05-27 09:35:45,11760.5,71711
2021-05-27 09:35:46,11764.0,71719
2021-05-27 09:35:47,11764.25,71734
2021-05-27 09:35:48,11764.25,71745
2021-05-27 09:35:49,11764.25,71746
2021-05-27 09:35:50,11760.55,71766
2021-05-27 09:35:51,11760.5,71776
2021-05-27 09:35:52,11760.55,71814
2021-05-27 09:35:53,11761.0,71838
2021-05-27 09:35:55,11762.05,71897
2021-05-27 09:35:56,11761.3,71913
2021-05-27 09:35:57,11761.3,71915
2021-05-27 09:35:58,11761.3,72057
2021-05-27 09:35:59,11770.0,72058
2021-05-27 09:36:00,11770.0,72058
2021-05-27 09:36:01,11770.0,72058
2021-05-27 09:36:02,11761.3,72062
2021-05-27 09:36:03,11768.95,72068
2021-05-27 09:36:04,11762.1,72071
2021-05-27 09:36:05,11762.1,72071
2021-05-27 09:36:06,11761.0,72172
2021-05-27 09:36:07,11762.55,72202
2021-05-27 09:36:08,11770.0,72268
2021-05-27 09:36:09,11770.0,72318
2021-05-27 09:36:10,11762.25,72326
2021-05-27 09:36:11,11762.25,72326
2021-05-27 09:36:12,11769.0,72332
2021-05-27 09:36:13,11762.3,72333
2021-05-27 09:36:14,11764.0,72363
2021-05-27 09:36:15,11769.75,72373
2021-05-27 09:36:16,11763.0,72374
2021-05-27 09:36:17,11763.05,72430
2021-05-27 09:36:18,11770.0,72537
2021-05-27 09:36:19,11770.0,72537
2021-05-27 09:36:20,11764.2,72659
2021-05-27 09:36:21,11770.45,72664
2021-05-27 09:36:22,11764.15,72679
2021-05-27 09:36:23,11764.15,72679
2021-05-27 09:36:24,11761.5,72852
2021-05-27 09:36:26,11769.1,72853
2021-05-27 09:36:27,11762.0,72924
2021-05-27 09:36:28,11762.0,72924
2021-05-27 09:36:29,11762.0,72924
2021-05-27 09:36:30,11762.0,72924
2021-05-27 09:36:31,11764.0,72925
2021-05-27 09:36:32,11768.75,72926
2021-05-27 09:36:33,11764.0,72983
2021-05-27 09:36:34,11770.0,73233
2021-05-27 09:36:35,11762.0,73263
2021-05-27 09:36:36,11761.5,73264
2021-05-27 09:36:37,11761.6,73509
2021-05-27 09:36:38,11761.6,73509
2021-05-27 09:36:39,11769.0,73510
2021-05-27 09:36:40,11762.15,73514
2021-05-27 09:36:41,11768.0,73574
2021-05-27 09:36:42,11768.0,73574
2021-05-27 09:36:43,11763.0,73634
2021-05-27 09:36:44,11763.0,73635
2021-05-27 09:36:45,11769.6,73652
2021-05-27 09:36:46,11769.6,73652
2021-05-27 09:36:48,11769.95,73717
2021-05-27 09:36:49,11769.95,73717
2021-05-27 09:36:50,11770.0,73730
2021-05-27 09:36:51,11769.0,73735
2021-05-27 09:36:52,11769.0,73735
2021-05-27 09:36:52,11769.5,73745
2021-05-27 09:36:53,11769.5,73751
2021-05-27 09:36:54,11769.5,73751
2021-05-27 09:36:56,11763.1,73753
2021-05-27 09:36:56,11769.0,73763
2021-05-27 09:36:58,11769.0,73767
2021-05-27 09:36:59,11769.0,73767
2021-05-27 09:37:00,11769.0,73767
2021-05-27 09:37:01,11769.0,73767
2021-05-27 09:37:02,11763.1,73771
2021-05-27 09:37:03,11763.1,73774
2021-05-27 09:37:04,11763.1,73774
2021-05-27 09:37:06,11768.45,73797
2021-05-27 09:37:07,11765.0,73798
2021-05-27 09:37:08,11768.55,73808
2021-05-27 09:37:09,11768.55,73808
2021-05-27 09:37:10,11768.8,73809
2021-05-27 09:37:11,11763.1,73832
2021-05-27 09:37:12,11768.8,73838
2021-05-27 09:37:13,11763.1,73862
2021-05-27 09:37:15,11763.1,73863
2021-05-27 09:37:16,11764.0,73864
2021-05-27 09:37:16,11764.0,73864
2021-05-27 09:37:19,11768.6,73866
2021-05-27 09:37:20,11768.0,73867
2021-05-27 09:37:21,11764.0,73967
2021-05-27 09:37:22,11764.0,73967
2021-05-27 09:37:23,11763.1,74067
2021-05-27 09:37:25,11768.6,74100
2021-05-27 09:37:24,11768.6,74097
2021-05-27 09:37:26,11769.0,74116
2021-05-27 09:37:27,11764.0,74117
2021-05-27 09:37:28,11764.0,74137
2021-05-27 09:37:29,11769.0,74194
2021-05-27 09:37:30,11769.0,74195
2021-05-27 09:37:31,11769.0,74195
2021-05-27 09:37:32,11769.0,74195
2021-05-27 09:37:33,11769.0,74207
2021-05-27 09:37:34,11769.0,74207
2021-05-27 09:37:35,11770.0,74850
2021-05-27 09:37:36,11770.0,74854
2021-05-27 09:37:38,11769.0,74867
2021-05-27 09:37:41,11769.0,74895
2021-05-27 09:37:42,11770.0,74896
2021-05-27 09:37:43,11770.0,74896
2021-05-27 09:37:44,11770.0,74896
2021-05-27 09:37:45,11770.0,74902
2021-05-27 09:37:46,11769.0,74910
2021-05-27 09:37:47,11769.0,74945
2021-05-27 09:37:48,11769.0,74945
2021-05-27 09:37:49,11769.0,75030
2021-05-27 09:37:50,11766.2,75067
2021-05-27 09:37:51,11765.45,75074
2021-05-27 09:37:54,11764.1,75086
2021-05-27 09:37:55,11764.1,75086
2021-05-27 09:37:56,11764.1,75108
2021-05-27 09:37:57,11764.1,75108
2021-05-27 09:37:58,11764.1,75109
2021-05-27 09:37:59,11765.0,75116
2021-05-27 09:38:00,11765.0,75116
2021-05-27 09:38:01,11761.0,75639
2021-05-27 09:38:02,11766.05,75677
2021-05-27 09:38:03,11767.8,75759
2021-05-27 09:38:04,11761.0,75765
2021-05-27 09:38:05,11767.35,75767
2021-05-27 09:38:06,11762.0,75768
2021-05-27 09:38:07,11768.35,75771
2021-05-27 09:38:08,11768.35,75771
2021-05-27 09:38:09,11762.0,75781
2021-05-27 09:38:10,11768.2,75785
2021-05-27 09:38:11,11767.75,75809
2021-05-27 09:38:12,11767.85,75815
2021-05-27 09:38:13,11768.0,75832
2021-05-27 09:38:14,11762.05,75833
2021-05-27 09:38:15,11762.0,75834
2021-05-27 09:38:16,11769.0,75879
2021-05-27 09:38:17,11763.7,75882
2021-05-27 09:38:18,11762.95,75883
2021-05-27 09:38:19,11763.25,75884
2021-05-27 09:38:20,11763.25,75884
2021-05-27 09:38:21,11763.25,75884
2021-05-27 09:38:22,11769.0,75885
2021-05-27 09:38:23,11768.95,75890
2021-05-27 09:38:24,11768.95,75890
2021-05-27 09:38:25,11763.45,75895
2021-05-27 09:38:26,11763.45,75896
2021-05-27 09:38:27,11763.45,75896
2021-05-27 09:38:28,11763.45,75896
2021-05-27 09:38:28,11763.4,75897
2021-05-27 09:38:29,11768.0,75902
2021-05-27 09:38:30,11768.0,75904
2021-05-27 09:38:31,11768.0,75904
2021-05-27 09:38:32,11768.0,75904
2021-05-27 09:38:33,11768.0,75904
2021-05-27 09:38:34,11767.7,75936
2021-05-27 09:38:35,11767.7,75941
2021-05-27 09:38:36,11768.95,75945
2021-05-27 09:38:37,11768.95,75945
2021-05-27 09:38:39,11768.0,75987
2021-05-27 09:38:39,11767.7,75990
2021-05-27 09:38:41,11763.7,76218
2021-05-27 09:38:41,11767.7,76176
2021-05-27 09:38:43,11763.5,76237
2021-05-27 09:38:46,11762.0,76668
2021-05-27 09:38:47,11762.0,76680
2021-05-27 09:38:49,11761.0,76738
2021-05-27 09:38:50,11761.0,76739
2021-05-27 09:38:51,11767.1,76746
2021-05-27 09:38:52,11761.0,76756
2021-05-27 09:38:53,11761.0,76757
2021-05-27 09:38:55,11761.0,76784
2021-05-27 09:38:56,11766.5,76787
2021-05-27 09:38:57,11766.5,76797
2021-05-27 09:38:58,11766.5,76799
2021-05-27 09:38:59,11766.5,76799
2021-05-27 09:39:00,11766.5,76799
2021-05-27 09:39:01,11762.0,76803
2021-05-27 09:39:02,11762.0,76880
2021-05-27 09:39:03,11762.0,76886
2021-05-27 09:39:04,11765.9,76887
2021-05-27 09:39:05,11763.0,76922
2021-05-27 09:39:06,11764.15,77621
2021-05-27 09:39:07,11756.45,77760
2021-05-27 09:39:08,11764.0,77772
2021-05-27 09:39:09,11765.45,77781
2021-05-27 09:39:11,11765.0,77795
2021-05-27 09:39:13,11761.0,77988
2021-05-27 09:39:14,11754.8,77995
2021-05-27 09:39:15,11755.0,78010
2021-05-27 09:39:16,11754.8,78011
2021-05-27 09:39:17,11754.8,78071
2021-05-27 09:39:18,11760.0,78081
2021-05-27 09:39:19,11755.05,78082
2021-05-27 09:39:20,11754.8,78083
2021-05-27 09:39:22,11755.0,78087
2021-05-27 09:39:21,11754.8,78083
2021-05-27 09:39:23,11754.85,78121
2021-05-27 09:39:24,11754.1,78123
2021-05-27 09:39:24,11754.1,78124
2021-05-27 09:39:26,11760.0,78677
2021-05-27 09:39:27,11760.0,78741
2021-05-27 09:39:28,11754.8,78758
2021-05-27 09:39:29,11750.1,78978
2021-05-27 09:39:30,11750.05,79003
2021-05-27 09:39:31,11750.1,79018
2021-05-27 09:39:32,11750.1,79024
2021-05-27 09:39:33,11750.0,79085
2021-05-27 09:39:34,11750.1,79177
2021-05-27 09:39:35,11750.1,79334
2021-05-27 09:39:36,11750.1,79554
2021-05-27 09:39:37,11750.1,79576
2021-05-27 09:39:38,11750.1,79596
2021-05-27 09:39:39,11750.0,79630
2021-05-27 09:39:40,11750.0,79704
2021-05-27 09:39:41,11748.0,79952
2021-05-27 09:39:42,11747.0,79974
2021-05-27 09:39:43,11747.0,79993
2021-05-27 09:39:44,11745.0,79997
2021-05-27 09:39:45,11750.1,80048
2021-05-27 09:39:46,11745.0,80051
2021-05-27 09:39:47,11745.0,80099
2021-05-27 09:39:48,11750.0,80106
2021-05-27 09:39:49,11745.0,80109
2021-05-27 09:39:50,11745.0,80110
2021-05-27 09:39:51,11744.0,80171
2021-05-27 09:39:52,11744.0,80185
2021-05-27 09:39:53,11747.0,80188
2021-05-27 09:39:54,11742.0,80429
2021-05-27 09:39:55,11742.0,80446
2021-05-27 09:39:56,11741.45,80461
2021-05-27 09:39:56,11743.0,80462
2021-05-27 09:39:58,11741.2,80513
2021-05-27 09:39:59,11741.0,80517
2021-05-27 09:40:00,11741.0,80517
2021-05-27 09:40:01,11741.0,80524
2021-05-27 09:40:01,11741.0,80525
2021-05-27 09:40:04,11744.0,80539
2021-05-27 09:40:04,11741.0,80540
2021-05-27 09:40:05,11747.5,80677
2021-05-27 09:40:07,11748.95,80714
2021-05-27 09:40:08,11749.0,80730
2021-05-27 09:40:09,11748.95,80744
2021-05-27 09:40:10,11749.0,80750
2021-05-27 09:40:11,11742.05,80760
2021-05-27 09:40:12,11744.0,80811
2021-05-27 09:40:13,11744.0,80815
2021-05-27 09:40:14,11744.0,80846
2021-05-27 09:40:15,11741.5,80848
2021-05-27 09:40:16,11749.75,80905
2021-05-27 09:40:17,11744.0,80909
2021-05-27 09:40:18,11742.2,80912
2021-05-27 09:40:19,11748.0,80913
2021-05-27 09:40:21,11742.45,80935
2021-05-27 09:40:22,11742.2,80959
2021-05-27 09:40:23,11742.2,80964
2021-05-27 09:40:24,11742.2,80964
2021-05-27 09:40:25,11742.2,80965
2021-05-27 09:40:26,11742.2,80969
2021-05-27 09:40:27,11744.0,81112
2021-05-27 09:40:28,11747.95,81172
2021-05-27 09:40:29,11747.95,81177
2021-05-27 09:40:30,11747.95,81177
2021-05-27 09:40:31,11747.95,81177
2021-05-27 09:40:32,11745.0,81187
2021-05-27 09:40:33,11742.0,81214
2021-05-27 09:40:34,11744.0,81221
2021-05-27 09:40:35,11742.2,81231
2021-05-27 09:40:36,11742.2,81237
2021-05-27 09:40:37,11744.0,81514
2021-05-27 09:40:38,11744.0,81566
2021-05-27 09:40:38,11742.2,81570
2021-05-27 09:40:39,11747.5,81669
2021-05-27 09:40:40,11745.0,81926
2021-05-27 09:40:41,11742.2,81944
2021-05-27 09:40:43,11747.3,82369
2021-05-27 09:40:43,11744.0,82399
2021-05-27 09:40:45,11744.0,82402
2021-05-27 09:40:46,11744.0,82402
2021-05-27 09:40:47,11744.0,82404
2021-05-27 09:40:48,11744.0,82404
2021-05-27 09:40:49,11746.95,82405
2021-05-27 09:40:50,11746.95,82409
2021-05-27 09:40:51,11744.0,82421
2021-05-27 09:40:54,11746.95,82446
2021-05-27 09:40:55,11746.8,82459
2021-05-27 09:40:56,11746.8,82461
2021-05-27 09:40:57,11746.8,82461
2021-05-27 09:40:58,11746.8,82462
2021-05-27 09:40:59,11746.8,82462
2021-05-27 09:41:00,11745.05,82473
2021-05-27 09:41:01,11745.0,82484
2021-05-27 09:41:02,11746.7,82495
2021-05-27 09:41:04,11746.7,82499
2021-05-27 09:41:05,11746.8,82511
2021-05-27 09:41:05,11745.05,82512
2021-05-27 09:41:06,11742.0,82714
2021-05-27 09:41:07,11742.0,82728
2021-05-27 09:41:08,11747.0,82749
2021-05-27 09:41:10,11747.0,82802
2021-05-27 09:41:11,11742.3,82805
2021-05-27 09:41:13,11742.0,82812
2021-05-27 09:41:14,11745.05,82814
2021-05-27 09:41:15,11745.05,82814
2021-05-27 09:41:16,11745.05,82815
2021-05-27 09:41:18,11742.3,82840
2021-05-27 09:41:19,11745.0,82847
2021-05-27 09:41:20,11745.05,82868
2021-05-27 09:41:23,11742.3,82881
2021-05-27 09:41:24,11745.0,82931
2021-05-27 09:41:25,11740.05,82984
2021-05-27 09:41:26,11742.0,83077
2021-05-27 09:41:27,11743.65,83103
2021-05-27 09:41:28,11740.0,83118
2021-05-27 09:41:30,11740.0,83130
2021-05-27 09:41:31,11740.0,83131
2021-05-27 09:41:33,11745.0,83211
2021-05-27 09:41:34,11744.95,83219
2021-05-27 09:41:35,11744.95,83219
2021-05-27 09:41:36,11742.0,83229
2021-05-27 09:41:37,11740.15,83241
2021-05-27 09:41:38,11740.15,83246
2021-05-27 09:41:39,11740.05,83281
2021-05-27 09:41:40,11742.3,83290
2021-05-27 09:41:41,11742.3,83290
2021-05-27 09:41:42,11742.3,83292
2021-05-27 09:41:43,11742.3,83292
2021-05-27 09:41:44,11742.3,83292
2021-05-27 09:41:45,11740.3,83293
2021-05-27 09:41:46,11740.3,83293
2021-05-27 09:41:47,11735.1,83717
2021-05-27 09:41:48,11739.25,83854
2021-05-27 09:41:49,11735.1,83867
2021-05-27 09:41:50,11740.8,83892
2021-05-27 09:41:51,11739.0,83894
2021-05-27 09:41:52,11736.0,83895
2021-05-27 09:41:53,11736.0,83895
2021-05-27 09:41:54,11735.1,83980
2021-05-27 09:41:55,11740.7,84036
2021-05-27 09:41:56,11735.0,84124
2021-05-27 09:41:57,11735.0,84131
2021-05-27 09:41:58,11735.0,84131
2021-05-27 09:41:59,11735.0,84131
2021-05-27 09:42:00,11735.0,84131
2021-05-27 09:42:01,11735.1,84141
2021-05-27 09:42:02,11735.5,84163
2021-05-27 09:42:06,11736.0,84197
2021-05-27 09:42:07,11736.0,84220
2021-05-27 09:42:08,11736.0,84221
2021-05-27 09:42:09,11736.0,84233
2021-05-27 09:42:10,11736.0,84289
2021-05-27 09:42:13,11738.95,84307
2021-05-27 09:42:14,11738.95,84307
2021-05-27 09:42:15,11739.0,84330
2021-05-27 09:42:16,11736.0,84332
2021-05-27 09:42:17,11736.0,84334
2021-05-27 09:42:19,11736.0,84335
2021-05-27 09:42:20,11740.0,84345
2021-05-27 09:42:21,11748.0,84918
2021-05-27 09:42:22,11741.55,84958
2021-05-27 09:42:23,11741.1,84964
2021-05-27 09:42:24,11745.0,84989
2021-05-27 09:42:26,11741.15,85018
2021-05-27 09:42:27,11748.0,85083
2021-05-27 09:42:28,11741.2,85089
2021-05-27 09:42:29,11741.2,85089
2021-05-27 09:42:31,11741.15,85105
2021-05-27 09:42:32,11741.15,85106
2021-05-27 09:42:33,11741.2,85149
2021-05-27 09:42:34,11741.2,85152
2021-05-27 09:42:35,11745.0,85277
2021-05-27 09:42:36,11747.9,85347
2021-05-27 09:42:37,11740.1,85352
2021-05-27 09:42:38,11741.15,85353
2021-05-27 09:42:39,11741.15,85355
2021-05-27 09:42:40,11741.15,85380
2021-05-27 09:42:41,11747.7,85393
2021-05-27 09:42:42,11747.7,85393
2021-05-27 09:42:43,11748.0,85403
2021-05-27 09:42:44,11744.0,85408
2021-05-27 09:42:45,11744.0,85413
2021-05-27 09:42:46,11744.0,85414
2021-05-27 09:42:47,11748.0,85419
2021-05-27 09:42:48,11748.0,85419
2021-05-27 09:42:50,11748.0,85459
2021-05-27 09:42:51,11748.0,85467
2021-05-27 09:42:52,11745.0,85468
2021-05-27 09:42:54,11748.0,85478
2021-05-27 09:42:55,11747.0,85479
2021-05-27 09:42:56,11747.0,85479
2021-05-27 09:42:57,11744.05,85538
2021-05-27 09:42:58,11744.0,85598
2021-05-27 09:42:59,11744.0,85602
2021-05-27 09:43:01,11748.0,85675
2021-05-27 09:43:02,11748.0,85704
2021-05-27 09:43:03,11744.05,85716
2021-05-27 09:43:04,11744.05,85717
2021-05-27 09:43:05,11744.05,85719
2021-05-27 09:43:06,11748.0,85729
2021-05-27 09:43:07,11744.05,85730
2021-05-27 09:43:08,11744.05,85735
2021-05-27 09:43:09,11748.0,85739
2021-05-27 09:43:10,11748.0,85765
2021-05-27 09:43:11,11745.5,85766
2021-05-27 09:43:12,11748.0,85797
2021-05-27 09:43:13,11748.0,85800
2021-05-27 09:43:14,11748.0,85800
2021-05-27 09:43:15,11745.1,85801
2021-05-27 09:43:16,11748.0,85818
2021-05-27 09:43:17,11748.0,85829
2021-05-27 09:43:18,11746.0,85830
2021-05-27 09:43:19,11746.0,85830
2021-05-27 09:43:20,11746.0,85830
2021-05-27 09:43:21,11748.0,85833
2021-05-27 09:43:22,11748.0,85863
2021-05-27 09:43:23,11748.0,85868
2021-05-27 09:43:24,11746.0,85869
2021-05-27 09:43:25,11746.0,85869
2021-05-27 09:43:26,11746.0,85869
2021-05-27 09:43:27,11746.0,85869
2021-05-27 09:43:28,11746.0,85869
2021-05-27 09:43:29,11748.0,85870
2021-05-27 09:43:30,11748.0,85870
2021-05-27 09:43:31,11748.0,85870
2021-05-27 09:43:32,11748.0,85870
2021-05-27 09:43:33,11748.0,85870
2021-05-27 09:43:36,11746.0,85872
2021-05-27 09:43:37,11746.0,85872
2021-05-27 09:43:37,11746.0,85872
2021-05-27 09:43:38,11746.0,85873
2021-05-27 09:43:40,11748.0,85878
2021-05-27 09:43:40,11748.0,85878
2021-05-27 09:43:41,11755.0,86667
2021-05-27 09:43:42,11748.95,86729
2021-05-27 09:43:43,11750.0,86748
2021-05-27 09:43:44,11751.0,86749
2021-05-27 09:43:45,11755.0,86764
2021-05-27 09:43:46,11755.0,86773
2021-05-27 09:43:47,11751.0,86775
2021-05-27 09:43:49,11751.0,86775
2021-05-27 09:43:49,11751.0,86775
2021-05-27 09:43:50,11751.0,86775
2021-05-27 09:43:51,11758.9,86861
2021-05-27 09:43:52,11754.3,86867
2021-05-27 09:43:53,11759.0,86871
2021-05-27 09:43:54,11759.95,86881
2021-05-27 09:43:55,11760.85,86891
2021-05-27 09:43:56,11760.85,86891
2021-05-27 09:43:57,11760.85,86902
2021-05-27 09:43:58,11759.0,86903
2021-05-27 09:44:01,11755.35,86907
2021-05-27 09:44:02,11759.95,86908
2021-05-27 09:44:03,11765.0,87002
2021-05-27 09:44:04,11766.3,87025
2021-05-27 09:44:05,11766.3,87031
2021-05-27 09:44:06,11766.4,87051
2021-05-27 09:44:07,11761.1,87053
2021-05-27 09:44:08,11765.0,87056
2021-05-27 09:44:10,11765.0,87083
2021-05-27 09:44:12,11763.0,87157
2021-05-27 09:44:12,11768.0,87200
2021-05-27 09:44:13,11768.0,87243
2021-05-27 09:44:14,11768.0,87285
2021-05-27 09:44:15,11763.0,87299
2021-05-27 09:44:16,11766.5,87308
2021-05-27 09:44:18,11767.6,87340
2021-05-27 09:44:19,11767.95,87343
2021-05-27 09:44:20,11768.0,87381
2021-05-27 09:44:21,11768.0,87390
2021-05-27 09:44:22,11767.95,87402
2021-05-27 09:44:23,11767.95,87405
2021-05-27 09:44:25,11767.95,87406
2021-05-27 09:44:26,11767.95,87406
2021-05-27 09:44:28,11767.95,87406
2021-05-27 09:44:29,11765.0,87503
2021-05-27 09:44:29,11769.15,87496
2021-05-27 09:44:30,11765.0,87503
2021-05-27 09:44:31,11770.0,87598
2021-05-27 09:44:32,11770.0,87609
2021-05-27 09:44:33,11767.95,87610
2021-05-27 09:44:34,11770.0,87623
2021-05-27 09:44:35,11767.95,87678
2021-05-27 09:44:36,11770.0,87845
2021-05-27 09:44:38,11770.3,87874
2021-05-27 09:44:40,11770.0,87876
2021-05-27 09:44:42,11770.3,87902
2021-05-27 09:44:42,11770.3,87902
2021-05-27 09:44:43,11770.3,87902
2021-05-27 09:44:44,11770.45,87938
2021-05-27 09:44:45,11768.3,87945
2021-05-27 09:44:46,11770.0,87953
2021-05-27 09:44:47,11771.65,87956
2021-05-27 09:44:48,11769.55,88118
2021-05-27 09:44:49,11769.55,88129
2021-05-27 09:44:50,11770.8,88137
2021-05-27 09:44:52,11768.0,88148
2021-05-27 09:44:52,11771.65,88175
2021-05-27 09:44:53,11770.3,88189
2021-05-27 09:44:55,11772.0,88209
2021-05-27 09:44:55,11770.3,88191
2021-05-27 09:44:56,11770.3,88211
2021-05-27 09:44:57,11772.0,88217
2021-05-27 09:44:58,11775.0,88294
2021-05-27 09:45:00,11777.3,88361
2021-05-27 09:45:00,11772.3,88365
2021-05-27 09:45:02,11777.95,88368
2021-05-27 09:45:03,11778.05,88380
2021-05-27 09:45:04,11772.05,88449
2021-05-27 09:45:05,11776.55,88454
2021-05-27 09:45:06,11772.05,88460
2021-05-27 09:45:06,11777.3,88467
2021-05-27 09:45:07,11775.95,88527
2021-05-27 09:45:08,11776.0,88536
2021-05-27 09:45:09,11775.8,88537
2021-05-27 09:45:16,11771.15,88729
2021-05-27 09:45:17,11776.3,88733
2021-05-27 09:45:18,11776.0,88745
2021-05-27 09:45:19,11771.15,88746
2021-05-27 09:45:20,11776.0,88747
2021-05-27 09:45:21,11775.0,88762
2021-05-27 09:45:22,11776.0,88783
2021-05-27 09:45:24,11771.15,88800
2021-05-27 09:45:24,11771.15,88839
2021-05-27 09:45:25,11771.15,88842
2021-05-27 09:45:26,11775.95,88857
2021-05-27 09:45:27,11775.95,88859
2021-05-27 09:45:28,11770.55,88920
2021-05-27 09:45:29,11771.15,88960
2021-05-27 09:45:30,11775.0,88966
2021-05-27 09:45:31,11775.0,88969
2021-05-27 09:45:32,11775.0,88981
2021-05-27 09:45:33,11775.0,88984
2021-05-27 09:45:34,11775.0,88984
2021-05-27 09:45:36,11775.0,88985
2021-05-27 09:45:37,11775.0,88985
2021-05-27 09:45:37,11775.0,88985
2021-05-27 09:45:38,11775.0,88989
2021-05-27 09:45:39,11771.0,89041
2021-05-27 09:45:41,11771.0,89055
2021-05-27 09:45:42,11776.0,89128
2021-05-27 09:45:42,11775.0,89148
2021-05-27 09:45:43,11776.0,89174
2021-05-27 09:45:47,11771.0,89373
2021-05-27 09:45:49,11770.15,89435
2021-05-27 09:45:50,11775.95,89444
2021-05-27 09:45:51,11775.0,89456
2021-05-27 09:45:52,11771.05,89537
2021-05-27 09:45:52,11776.0,89532
2021-05-27 09:45:54,11775.0,89578
2021-05-27 09:45:56,11771.0,89592
2021-05-27 09:45:57,11775.85,89594
2021-05-27 09:45:59,11775.85,89596
2021-05-27 09:45:59,11770.0,89792
2021-05-27 09:46:00,11775.0,90120
2021-05-27 09:46:01,11775.0,90163
2021-05-27 09:46:02,11775.0,90166
2021-05-27 09:46:03,11776.0,90194
2021-05-27 09:46:04,11775.0,90266
2021-05-27 09:46:06,11777.2,90485
2021-05-27 09:46:07,11775.0,90561
2021-05-27 09:46:08,11775.0,90601
2021-05-27 09:46:09,11773.35,90614
2021-05-27 09:46:09,11772.6,90636
2021-05-27 09:46:10,11771.75,90637
2021-05-27 09:46:11,11777.0,90639
2021-05-27 09:46:12,11778.65,90667
2021-05-27 09:46:13,11772.45,90684
2021-05-27 09:46:15,11772.4,90742
2021-05-27 09:46:16,11777.0,90802
2021-05-27 09:46:17,11773.35,90806
2021-05-27 09:46:18,11774.85,90846
2021-05-27 09:46:19,11777.0,90889
2021-05-27 09:46:20,11775.0,90942
2021-05-27 09:46:21,11773.7,90946
2021-05-27 09:46:22,11780.75,90948
2021-05-27 09:46:23,11777.2,90976
2021-05-27 09:46:24,11782.0,91010
2021-05-27 09:46:25,11787.35,91117
2021-05-27 09:46:26,11784.0,91163
2021-05-27 09:46:27,11790.0,91285
2021-05-27 09:46:28,11790.0,91348
2021-05-27 09:46:29,11790.0,91359
2021-05-27 09:46:30,11792.0,91449
2021-05-27 09:46:31,11792.95,91487
2021-05-27 09:46:32,11786.15,91498
2021-05-27 09:46:33,11790.0,91500
2021-05-27 09:46:34,11790.0,91502
2021-05-27 09:46:35,11793.0,91538
2021-05-27 09:46:35,11787.85,91541
2021-05-27 09:46:36,11788.0,91550
2021-05-27 09:46:37,11792.95,91569
2021-05-27 09:46:38,11793.5,91606
2021-05-27 09:46:40,11797.5,91707
2021-05-27 09:46:41,11800.75,92367
2021-05-27 09:46:42,11800.8,92463
2021-05-27 09:46:43,11805.9,92481
2021-05-27 09:46:44,11810.0,92534
2021-05-27 09:46:44,11810.65,92567
2021-05-27 09:46:45,11806.05,92711
2021-05-27 09:46:47,11806.0,92839
2021-05-27 09:46:48,11807.75,92888
2021-05-27 09:46:51,11805.0,92958
2021-05-27 09:46:52,11802.8,93055
2021-05-27 09:46:55,11807.95,93234
2021-05-27 09:46:55,11809.95,93256
2021-05-27 09:46:56,11814.95,93368
2021-05-27 09:46:59,11814.35,93425
2021-05-27 09:47:00,11810.0,93431
2021-05-27 09:47:00,11810.0,93436
2021-05-27 09:47:01,11814.95,93561
2021-05-27 09:47:03,11810.0,93574
2021-05-27 09:47:04,11813.2,93647
2021-05-27 09:47:05,11813.2,93647
2021-05-27 09:47:06,11810.0,93648
2021-05-27 09:47:07,11810.0,93648
2021-05-27 09:47:09,11810.0,93693
2021-05-27 09:47:10,11809.95,93795
2021-05-27 09:47:11,11809.9,93835
2021-05-27 09:47:12,11809.9,93840
2021-05-27 09:47:13,11804.0,94089
2021-05-27 09:47:14,11804.0,94089
2021-05-27 09:47:14,11808.7,94094
2021-05-27 09:47:15,11808.75,94098
2021-05-27 09:47:17,11803.0,94167
2021-05-27 09:47:18,11802.3,94173
2021-05-27 09:47:20,11802.1,94203
2021-05-27 09:47:21,11802.1,94203
2021-05-27 09:47:22,11802.0,94264
2021-05-27 09:47:23,11806.05,94279
2021-05-27 09:47:24,11801.15,94280
2021-05-27 09:47:25,11808.8,94389
2021-05-27 09:47:26,11808.85,94408
2021-05-27 09:47:27,11808.85,94408
2021-05-27 09:47:27,11802.15,94429
2021-05-27 09:47:28,11802.2,94431
2021-05-27 09:47:29,11803.15,94472
2021-05-27 09:47:30,11809.8,94482
2021-05-27 09:47:31,11803.2,94492
2021-05-27 09:47:33,11810.0,94578
2021-05-27 09:47:34,11809.0,94690
2021-05-27 09:47:34,11809.4,94700
2021-05-27 09:47:35,11809.4,94715
2021-05-27 09:47:36,11810.1,94730
2021-05-27 09:47:37,11810.1,94733
2021-05-27 09:47:38,11810.1,94733
2021-05-27 09:47:40,11813.0,94929
2021-05-27 09:47:41,11813.0,94965
2021-05-27 09:47:42,11824.4,96160
2021-05-27 09:47:43,11820.4,96177
2021-05-27 09:47:45,11826.0,96237
2021-05-27 09:47:46,11826.0,96242
2021-05-27 09:47:47,11826.0,96242
2021-05-27 09:47:48,11826.0,96242
2021-05-27 09:47:48,11825.0,96243
2021-05-27 09:47:49,11825.0,96266
2021-05-27 09:47:50,11820.4,96275
2021-05-27 09:47:51,11825.0,96344
2021-05-27 09:47:53,11825.0,96356
2021-05-27 09:47:54,11825.1,96373
2021-05-27 09:47:55,11820.45,96375
2021-05-27 09:47:55,11820.45,96375
2021-05-27 09:47:56,11821.45,96616
2021-05-27 09:47:57,11825.4,96642
2021-05-27 09:47:59,11828.0,96738
2021-05-27 09:48:00,11822.8,96769
2021-05-27 09:48:01,11830.0,97030
2021-05-27 09:48:03,11823.15,97039
2021-05-27 09:48:04,11825.4,97180
2021-05-27 09:48:05,11833.9,97909
2021-05-27 09:48:06,11833.85,97919
2021-05-27 09:48:07,11829.35,98046
2021-05-27 09:48:08,11829.8,98107
2021-05-27 09:48:08,11829.8,98107
2021-05-27 09:48:09,11830.25,98109
2021-05-27 09:48:11,11835.65,98398
2021-05-27 09:48:12,11833.0,98459
2021-05-27 09:48:13,11835.65,98496
2021-05-27 09:48:14,11838.75,98547
2021-05-27 09:48:14,11828.0,98906
2021-05-27 09:48:17,11830.25,98931
2021-05-27 09:48:18,11833.8,98933
2021-05-27 09:48:20,11830.0,98973
2021-05-27 09:48:21,11834.05,99028
2021-05-27 09:48:22,11834.45,99036
2021-05-27 09:48:23,11830.05,99037
2021-05-27 09:48:24,11835.65,99146
2021-05-27 09:48:25,11835.65,99161
2021-05-27 09:48:26,11832.95,99165
2021-05-27 09:48:27,11830.0,99233
2021-05-27 09:48:28,11828.4,99263
2021-05-27 09:48:30,11830.0,99264
2021-05-27 09:48:31,11827.05,99356
2021-05-27 09:48:32,11832.3,99378
2021-05-27 09:48:33,11828.0,99428
2021-05-27 09:48:34,11825.0,99433
2021-05-27 09:48:35,11822.2,99460
2021-05-27 09:48:35,11825.0,99493
2021-05-27 09:48:36,11825.0,99493
2021-05-27 09:48:37,11830.0,99508
2021-05-27 09:48:38,11824.95,99512
2021-05-27 09:48:39,11824.95,99512
2021-05-27 09:48:40,11824.95,99564
2021-05-27 09:48:41,11822.8,99565
2021-05-27 09:48:42,11822.8,99565
2021-05-27 09:48:43,11822.8,99565
2021-05-27 09:48:44,11823.95,99576
2021-05-27 09:48:45,11823.95,99577
2021-05-27 09:48:46,11824.0,99631
2021-05-27 09:48:47,11817.5,99671
2021-05-27 09:48:48,11817.5,99671
2021-05-27 09:48:49,11820.0,99676
2021-05-27 09:48:50,11819.95,99696
2021-05-27 09:48:52,11817.0,99883
2021-05-27 09:48:54,11822.55,99888
2021-05-27 09:48:55,11820.0,99898
2021-05-27 09:48:56,11820.0,99898
2021-05-27 09:48:56,11822.8,99934
2021-05-27 09:48:58,11820.0,99951
2021-05-27 09:48:59,11815.05,99971
2021-05-27 09:48:59,11815.05,99971
2021-05-27 09:49:01,11822.0,100029
2021-05-27 09:49:02,11820.0,100032
2021-05-27 09:49:03,11822.75,100143
2021-05-27 09:49:04,11822.8,100154
2021-05-27 09:49:05,11820.0,100167
2021-05-27 09:49:06,11820.0,100173
2021-05-27 09:49:07,11822.0,100180
2021-05-27 09:49:07,11820.0,100181
2021-05-27 09:49:08,11820.0,100195
2021-05-27 09:49:10,11820.0,100195
2021-05-27 09:49:12,11820.0,100199
2021-05-27 09:49:14,11821.8,100266
2021-05-27 09:49:15,11820.0,100270
2021-05-27 09:49:15,11820.0,100270
2021-05-27 09:49:17,11820.0,100280
2021-05-27 09:49:17,11815.0,100304
2021-05-27 09:49:19,11819.85,100372
2021-05-27 09:49:22,11819.55,100407
2021-05-27 09:49:24,11819.55,100407
2021-05-27 09:49:27,11819.5,100412
2021-05-27 09:49:28,11815.0,100421
2021-05-27 09:49:29,11815.0,100423
2021-05-27 09:49:30,11815.0,100472
2021-05-27 09:49:31,11815.0,100473
2021-05-27 09:49:32,11815.0,100473
2021-05-27 09:49:34,11819.0,100488
2021-05-27 09:49:34,11816.3,100539
2021-05-27 09:49:35,11815.4,100549
2021-05-27 09:49:36,11815.4,100549
2021-05-27 09:49:37,11816.35,100550
2021-05-27 09:49:38,11818.95,100564
2021-05-27 09:49:39,11816.35,100565
2021-05-27 09:49:40,11816.0,100605
2021-05-27 09:49:41,11816.4,100611
2021-05-27 09:49:42,11819.0,100612
2021-05-27 09:49:43,11816.35,100614
2021-05-27 09:49:44,11814.0,101125
2021-05-27 09:49:45,11817.4,101181
2021-05-27 09:49:46,11815.85,101191
2021-05-27 09:49:47,11818.35,101211
2021-05-27 09:49:48,11813.15,101213
2021-05-27 09:49:52,11811.25,101392
2021-05-27 09:49:53,11810.0,101456
2021-05-27 09:49:54,11811.25,101526
2021-05-27 09:49:55,11818.0,101615
2021-05-27 09:49:57,11811.3,101621
2021-05-27 09:49:58,11811.3,101621
2021-05-27 09:49:59,11810.0,101671
2021-05-27 09:50:00,11811.3,101685
2021-05-27 09:50:01,11811.3,101707
2021-05-27 09:50:02,11810.0,101709
2021-05-27 09:50:03,11810.0,101710
2021-05-27 09:50:05,11814.55,101757
2021-05-27 09:50:07,11815.95,101766
2021-05-27 09:50:06,11811.0,101758
2021-05-27 09:50:08,11811.0,101777
2021-05-27 09:50:09,11811.0,101822
2021-05-27 09:50:10,11803.7,101976
2021-05-27 09:50:11,11810.0,102018
2021-05-27 09:50:13,11808.65,102061
2021-05-27 09:50:12,11808.8,102053
2021-05-27 09:50:14,11806.75,102135
2021-05-27 09:50:15,11802.3,102138
2021-05-27 09:50:16,11806.45,102181
2021-05-27 09:50:17,11800.0,102584
2021-05-27 09:50:19,11800.0,102630
2021-05-27 09:50:20,11800.0,102632
2021-05-27 09:50:20,11806.0,102732
2021-05-27 09:50:21,11804.95,102743
2021-05-27 09:50:22,11800.0,102806
2021-05-27 09:50:23,11800.0,102810
2021-05-27 09:50:24,11800.0,102995
2021-05-27 09:50:26,11800.3,103019
2021-05-27 09:50:27,11800.3,103019
2021-05-27 09:50:29,11800.0,103072
2021-05-27 09:50:30,11800.0,103073
2021-05-27 09:50:31,11805.05,103074
2021-05-27 09:50:32,11800.0,103171
2021-05-27 09:50:33,11796.85,103205
2021-05-27 09:50:35,11800.3,103275
2021-05-27 09:50:36,11800.3,103275
2021-05-27 09:50:37,11800.3,103284
2021-05-27 09:50:38,11800.0,103290
2021-05-27 09:50:40,11800.0,103383
2021-05-27 09:50:41,11800.0,103417
2021-05-27 09:50:43,11800.0,103420
2021-05-27 09:50:44,11796.25,103455
2021-05-27 09:50:44,11796.25,103455
2021-05-27 09:50:45,11794.65,103466
2021-05-27 09:50:46,11800.0,103478
2021-05-27 09:50:47,11793.3,103600
2021-05-27 09:50:48,11796.85,103610
2021-05-27 09:50:49,11796.25,103618
2021-05-27 09:50:50,11800.0,103691
2021-05-27 09:50:52,11799.95,103705
2021-05-27 09:50:53,11796.25,103711
2021-05-27 09:50:54,11799.2,104302
2021-05-27 09:50:55,11800.3,104321
2021-05-27 09:50:56,11797.45,104331
2021-05-27 09:50:57,11797.45,104333
2021-05-27 09:50:58,11797.45,104333
2021-05-27 09:50:59,11798.0,104338
2021-05-27 09:51:00,11798.0,104338
2021-05-27 09:51:01,11798.0,104338
2021-05-27 09:51:02,11798.0,104338
2021-05-27 09:51:03,11798.0,104338
2021-05-27 09:51:04,11798.0,104350
2021-05-27 09:51:05,11796.8,104362
2021-05-27 09:51:06,11797.45,104368
2021-05-27 09:51:07,11797.95,104400
2021-05-27 09:51:08,11797.95,104404
2021-05-27 09:51:09,11797.95,104410
2021-05-27 09:51:10,11798.0,104512
2021-05-27 09:51:11,11798.0,104512
2021-05-27 09:51:12,11798.0,104512
2021-05-27 09:51:13,11796.75,104524
2021-05-27 09:51:14,11796.75,104524
2021-05-27 09:51:15,11796.75,104524
2021-05-27 09:51:16,11798.0,104544
2021-05-27 09:51:17,11793.15,104567
2021-05-27 09:51:18,11798.0,104595
2021-05-27 09:51:19,11797.95,104596
2021-05-27 09:51:20,11797.95,104596
2021-05-27 09:51:21,11793.35,104601
2021-05-27 09:51:22,11796.95,104634
2021-05-27 09:51:23,11793.1,104638
2021-05-27 09:51:24,11793.1,104644
2021-05-27 09:51:25,11793.1,104644
2021-05-27 09:51:27,11793.1,104668
2021-05-27 09:51:29,11793.1,104719
2021-05-27 09:51:30,11791.55,104739
2021-05-27 09:51:31,11793.1,104789
2021-05-27 09:51:32,11790.85,104790
2021-05-27 09:51:33,11793.95,104791
2021-05-27 09:51:34,11793.95,104793
2021-05-27 09:51:35,11793.95,104793
2021-05-27 09:51:36,11790.85,104800
2021-05-27 09:51:37,11793.95,104801
2021-05-27 09:51:38,11795.0,104883
2021-05-27 09:51:39,11796.0,104924
2021-05-27 09:51:40,11793.1,104977
2021-05-27 09:51:41,11793.1,104981
2021-05-27 09:51:42,11793.1,104981
2021-05-27 09:51:43,11796.75,104996
2021-05-27 09:51:45,11791.3,105036
2021-05-27 09:51:46,11796.0,105040
2021-05-27 09:51:46,11796.0,105040
2021-05-27 09:51:49,11793.1,105118
2021-05-27 09:51:50,11790.5,105143
2021-05-27 09:51:51,11797.0,105269
2021-05-27 09:51:52,11791.5,105281
2021-05-27 09:51:53,11791.6,105282
2021-05-27 09:51:54,11790.85,105322
2021-05-27 09:51:55,11791.35,105329
2021-05-27 09:51:55,11790.9,105325
2021-05-27 09:51:57,11791.35,105329
2021-05-27 09:51:58,11791.15,105333
2021-05-27 09:52:00,11795.8,105335
2021-05-27 09:52:01,11795.8,105335
2021-05-27 09:52:02,11791.15,105336
2021-05-27 09:52:03,11795.8,105337
2021-05-27 09:52:04,11791.8,105338
2021-05-27 09:52:05,11791.15,105370
2021-05-27 09:52:06,11791.15,105372
2021-05-27 09:52:07,11791.15,105372
2021-05-27 09:52:08,11791.15,105378
2021-05-27 09:52:09,11791.15,105379
2021-05-27 09:52:10,11791.15,105380
2021-05-27 09:52:11,11791.15,105381
2021-05-27 09:52:12,11791.15,105382
2021-05-27 09:52:13,11791.15,105383
2021-05-27 09:52:15,11791.15,105399
2021-05-27 09:52:17,11791.15,105399
2021-05-27 09:52:18,11794.95,105400
2021-05-27 09:52:19,11794.95,105400
2021-05-27 09:52:20,11791.35,105401
2021-05-27 09:52:21,11791.35,105402
2021-05-27 09:52:22,11791.35,105402
2021-05-27 09:52:23,11791.35,105402
2021-05-27 09:52:24,11791.35,105402
2021-05-27 09:52:25,11791.35,105402
2021-05-27 09:52:26,11791.4,105403
2021-05-27 09:52:28,11791.4,105457
2021-05-27 09:52:29,11791.4,105457
2021-05-27 09:52:30,11803.0,106745
2021-05-27 09:52:31,11800.35,106836
2021-05-27 09:52:32,11800.0,106855
2021-05-27 09:52:33,11802.95,106865
2021-05-27 09:52:34,11797.8,106870
2021-05-27 09:52:35,11797.8,106872
2021-05-27 09:52:36,11797.4,106901
2021-05-27 09:52:37,11802.85,106915
2021-05-27 09:52:38,11802.85,106931
2021-05-27 09:52:39,11798.95,107013
2021-05-27 09:52:40,11798.95,107039
2021-05-27 09:52:41,11797.55,107045
2021-05-27 09:52:42,11798.95,107048
2021-05-27 09:52:43,11798.95,107049
2021-05-27 09:52:44,11804.85,107086
2021-05-27 09:52:45,11799.2,107088
2021-05-27 09:52:46,11798.95,107100
2021-05-27 09:52:48,11798.0,107234
2021-05-27 09:52:49,11802.7,107240
2021-05-27 09:52:50,11802.7,107240
2021-05-27 09:52:51,11798.0,107258
2021-05-27 09:52:52,11798.0,107259
2021-05-27 09:52:53,11802.7,107291
2021-05-27 09:52:54,11802.85,107304
2021-05-27 09:52:55,11798.05,107321
2021-05-27 09:52:56,11798.05,107322
2021-05-27 09:52:57,11798.05,107323
2021-05-27 09:52:58,11798.05,107323
2021-05-27 09:52:59,11798.05,107323
2021-05-27 09:53:00,11802.8,107335
2021-05-27 09:53:01,11798.1,107360
2021-05-27 09:53:03,11802.75,107368
2021-05-27 09:53:02,11802.8,107366
2021-05-27 09:53:04,11798.1,107372
2021-05-27 09:53:05,11804.0,107472
2021-05-27 09:53:06,11799.05,107480
2021-05-27 09:53:07,11798.95,107482
2021-05-27 09:53:08,11798.95,107484
2021-05-27 09:53:09,11798.95,107484
2021-05-27 09:53:10,11798.95,107484
2021-05-27 09:53:11,11798.95,107484
2021-05-27 09:53:12,11798.95,107488
2021-05-27 09:53:13,11802.7,107493
2021-05-27 09:53:14,11798.95,107494
2021-05-27 09:53:15,11798.95,107496
2021-05-27 09:53:16,11798.95,107496
2021-05-27 09:53:17,11798.95,107496
2021-05-27 09:53:18,11803.7,107506
2021-05-27 09:53:19,11799.05,107507
2021-05-27 09:53:20,11799.2,107508
2021-05-27 09:53:21,11800.0,107530
2021-05-27 09:53:22,11800.0,107536
2021-05-27 09:53:23,11800.0,107537
2021-05-27 09:53:24,11805.45,107542
2021-05-27 09:53:25,11801.95,107543
2021-05-27 09:53:26,11801.95,107543
2021-05-27 09:53:27,11804.0,107569
2021-05-27 09:53:28,11800.05,107571
2021-05-27 09:53:29,11800.05,107571
2021-05-27 09:53:30,11800.05,107571
2021-05-27 09:53:31,11802.0,107573
2021-05-27 09:53:32,11801.95,107574
2021-05-27 09:53:33,11801.95,107682
2021-05-27 09:53:34,11800.0,107690
2021-05-27 09:53:35,11800.0,107699
2021-05-27 09:53:36,11802.0,107703
2021-05-27 09:53:37,11802.0,107709
2021-05-27 09:53:38,11800.0,107710
2021-05-27 09:53:39,11800.0,107711
2021-05-27 09:53:40,11800.0,107782
2021-05-27 09:53:41,11801.8,107794
2021-05-27 09:53:42,11800.0,107805
2021-05-27 09:53:43,11800.0,107842
2021-05-27 09:53:44,11798.95,107854
2021-05-27 09:53:45,11798.0,107855
2021-05-27 09:53:46,11798.0,107857
2021-05-27 09:53:48,11800.0,107871
2021-05-27 09:53:49,11798.0,107872
2021-05-27 09:53:50,11799.95,107877
2021-05-27 09:53:51,11798.0,107878
2021-05-27 09:53:52,11799.95,107880
2021-05-27 09:53:53,11799.95,107881
2021-05-27 09:53:54,11798.65,107949
2021-05-27 09:53:55,11798.0,107957
2021-05-27 09:53:56,11798.0,107957
2021-05-27 09:53:57,11799.45,107962
2021-05-27 09:53:58,11798.0,107963
2021-05-27 09:53:59,11798.0,107963
2021-05-27 09:54:00,11806.0,108085
2021-05-27 09:54:01,11800.05,108093
2021-05-27 09:54:03,11800.25,108105
2021-05-27 09:54:04,11800.25,108106
2021-05-27 09:54:05,11800.25,108106
2021-05-27 09:54:06,11800.25,108106
2021-05-27 09:54:07,11800.05,108107
2021-05-27 09:54:08,11800.05,108107
2021-05-27 09:54:09,11800.05,108107
2021-05-27 09:54:10,11803.8,108125
2021-05-27 09:54:11,11800.05,108141
2021-05-27 09:54:12,11804.0,108146
2021-05-27 09:54:13,11804.0,108146
2021-05-27 09:54:14,11803.8,108151
2021-05-27 09:54:15,11803.9,108154
2021-05-27 09:54:16,11803.9,108164
2021-05-27 09:54:17,11800.15,108165
2021-05-27 09:54:19,11803.8,108170
2021-05-27 09:54:19,11803.8,108170
2021-05-27 09:54:21,11803.8,108272
2021-05-27 09:54:21,11800.25,108279
2021-05-27 09:54:22,11800.3,108281
2021-05-27 09:54:23,11802.95,108294
2021-05-27 09:54:24,11800.25,108302
2021-05-27 09:54:25,11803.8,108402
2021-05-27 09:54:26,11806.1,108417
2021-05-27 09:54:27,11803.0,108418
2021-05-27 09:54:28,11806.1,108429
2021-05-27 09:54:29,11806.1,108439
2021-05-27 09:54:30,11808.05,108447
2021-05-27 09:54:31,11803.0,108448
2021-05-27 09:54:32,11803.0,108448
2021-05-27 09:54:33,11803.0,108448
2021-05-27 09:54:34,11803.0,108449
2021-05-27 09:54:35,11803.0,108450
2021-05-27 09:54:36,11803.0,108450
2021-05-27 09:54:37,11800.0,108693
2021-05-27 09:54:38,11800.0,108693
2021-05-27 09:54:39,11800.0,108693
2021-05-27 09:54:41,11800.75,108696
2021-05-27 09:54:41,11800.75,108696
2021-05-27 09:54:42,11803.0,108756
2021-05-27 09:54:43,11803.0,108756
2021-05-27 09:54:44,11803.0,108756
2021-05-27 09:54:45,11803.0,108756
2021-05-27 09:54:46,11803.0,108756
2021-05-27 09:54:47,11805.15,108760
2021-05-27 09:54:48,11805.15,108760
2021-05-27 09:54:49,11805.15,108760
2021-05-27 09:54:50,11805.15,108760
2021-05-27 09:54:54,11805.15,108795
2021-05-27 09:54:56,11805.5,108796
2021-05-27 09:54:57,11803.0,108801
2021-05-27 09:54:57,11802.0,108808
2021-05-27 09:54:58,11802.0,108808
2021-05-27 09:54:59,11802.0,108808
2021-05-27 09:55:00,11802.0,108808
2021-05-27 09:55:01,11802.0,108808
2021-05-27 09:55:03,11803.0,108809
2021-05-27 09:55:04,11803.0,108812
2021-05-27 09:55:05,11802.0,108827
2021-05-27 09:55:06,11802.0,108827
2021-05-27 09:55:07,11802.0,108828
2021-05-27 09:55:08,11804.9,108833
2021-05-27 09:55:09,11804.9,108843
2021-05-27 09:55:11,11804.9,108843
2021-05-27 09:55:10,11804.9,108843
2021-05-27 09:55:12,11803.0,108848
2021-05-27 09:55:13,11803.0,108848
2021-05-27 09:55:14,11803.0,108848
2021-05-27 09:55:15,11803.0,108856
2021-05-27 09:55:16,11806.0,108865
2021-05-27 09:55:17,11806.0,108876
2021-05-27 09:55:18,11803.0,108885
2021-05-27 09:55:19,11803.0,108885
2021-05-27 09:55:20,11803.0,108885
2021-05-27 09:55:21,11806.8,108886
2021-05-27 09:55:22,11806.8,108886
2021-05-27 09:55:23,11806.0,108916
2021-05-27 09:55:24,11805.0,108922
2021-05-27 09:55:25,11805.0,108922
2021-05-27 09:55:26,11805.0,108923
2021-05-27 09:55:27,11805.0,108923
2021-05-27 09:55:28,11805.0,108924
2021-05-27 09:55:29,11805.0,108924
2021-05-27 09:55:30,11805.0,108924
2021-05-27 09:55:31,11805.0,108924
2021-05-27 09:55:32,11805.0,108924
2021-05-27 09:55:33,11805.0,108938
2021-05-27 09:55:34,11805.85,108949
2021-05-27 09:55:35,11805.9,108950
2021-05-27 09:55:36,11805.85,108962
2021-05-27 09:55:37,11805.85,108962
2021-05-27 09:55:38,11805.85,108962
2021-05-27 09:55:39,11805.85,108974
2021-05-27 09:55:40,11806.0,108999
2021-05-27 09:55:41,11806.0,108999
2021-05-27 09:55:42,11806.85,109021
2021-05-27 09:55:43,11808.1,109130
2021-05-27 09:55:44,11806.0,109150
2021-05-27 09:55:45,11805.95,109152
2021-05-27 09:55:46,11809.95,109254
2021-05-27 09:55:47,11811.0,109310
2021-05-27 09:55:48,11817.15,109381
2021-05-27 09:55:49,11817.15,109381
2021-05-27 09:55:50,11815.0,109383
2021-05-27 09:55:51,11819.5,109384
2021-05-27 09:55:52,11819.5,109384
2021-05-27 09:55:53,11819.5,109384
2021-05-27 09:55:54,11819.5,109390
2021-05-27 09:55:55,11819.8,109435
2021-05-27 09:55:56,11819.8,109435
2021-05-27 09:55:57,11819.8,109435
2021-05-27 09:55:58,11815.05,109452
2021-05-27 09:55:59,11815.05,109453
2021-05-27 09:56:00,11819.75,109456
2021-05-27 09:56:01,11819.75,109456
2021-05-27 09:56:02,11820.0,109538
2021-05-27 09:56:03,11820.0,109538
2021-05-27 09:56:04,11822.0,109551
2021-05-27 09:56:05,11820.0,109560
2021-05-27 09:56:06,11820.0,109560
2021-05-27 09:56:07,11820.0,109570
2021-05-27 09:56:08,11820.0,109570
2021-05-27 09:56:09,11820.0,109605
2021-05-27 09:56:10,11822.8,109608
2021-05-27 09:56:12,11825.0,109669
2021-05-27 09:56:13,11825.0,109672
2021-05-27 09:56:14,11820.85,109682
2021-05-27 09:56:15,11823.0,109683
2021-05-27 09:56:16,11823.0,109683
2021-05-27 09:56:17,11823.0,109688
2021-05-27 09:56:18,11823.0,109688
2021-05-27 09:56:19,11822.0,109697
2021-05-27 09:56:20,11823.0,109707
2021-05-27 09:56:21,11822.0,109712
2021-05-27 09:56:22,11822.0,109713
2021-05-27 09:56:23,11822.0,109713
2021-05-27 09:56:24,11823.0,109729
2021-05-27 09:56:25,11823.0,109729
2021-05-27 09:56:26,11825.0,109749
2021-05-27 09:56:27,11828.4,109843
2021-05-27 09:56:28,11826.05,109844
2021-05-27 09:56:29,11826.05,109844
2021-05-27 09:56:30,11830.0,109927
2021-05-27 09:56:31,11826.2,109982
2021-05-27 09:56:32,11826.25,109989
2021-05-27 09:56:33,11826.3,109999
2021-05-27 09:56:34,11834.0,110049
2021-05-27 09:56:35,11833.85,110091
2021-05-27 09:56:36,11826.8,110146
2021-05-27 09:56:37,11832.9,110176
2021-05-27 09:56:38,11834.15,110181
2021-05-27 09:56:39,11834.15,110181
2021-05-27 09:56:40,11834.15,110181
2021-05-27 09:56:41,11834.15,110181
2021-05-27 09:56:42,11834.15,110181
2021-05-27 09:56:43,11828.05,110191
2021-05-27 09:56:45,11828.05,110210
2021-05-27 09:56:45,11828.05,110268
2021-05-27 09:56:46,11833.2,110318
2021-05-27 09:56:47,11828.15,110335
2021-05-27 09:56:48,11828.15,110340
2021-05-27 09:56:49,11832.7,110348
2021-05-27 09:56:51,11828.55,110511
2021-05-27 09:56:51,11828.55,110511
2021-05-27 09:56:53,11828.2,110541
2021-05-27 09:56:54,11828.55,110559
2021-05-27 09:56:54,11828.55,110559
2021-05-27 09:56:55,11828.55,110564
2021-05-27 09:56:57,11828.55,110564
2021-05-27 09:56:58,11833.15,110594
2021-05-27 09:56:59,11834.0,110634
2021-05-27 09:56:59,11834.0,110634
2021-05-27 09:57:01,11834.0,110642
2021-05-27 09:57:01,11832.0,110649
2021-05-27 09:57:03,11835.0,110786
2021-05-27 09:57:04,11835.0,110786
2021-05-27 09:57:04,11832.0,110791
2021-05-27 09:57:05,11830.05,110801
2021-05-27 09:57:06,11835.0,110808
2021-05-27 09:57:08,11835.0,110828
2021-05-27 09:57:09,11835.0,110828
2021-05-27 09:57:09,11830.0,110838
2021-05-27 09:57:11,11834.75,110839
2021-05-27 09:57:12,11834.75,110839
2021-05-27 09:57:12,11833.65,110840
2021-05-27 09:57:13,11830.0,110851
2021-05-27 09:57:14,11830.0,110851
2021-05-27 09:57:15,11830.0,110860
2021-05-27 09:57:17,11830.0,111116
2021-05-27 09:57:17,11830.0,111116
2021-05-27 09:57:18,11834.3,111139
2021-05-27 09:57:20,11830.05,111140
2021-05-27 09:57:20,11830.05,111140
2021-05-27 09:57:21,11835.0,111143
2021-05-27 09:57:23,11835.0,111247
2021-05-27 09:57:23,11835.0,111260
2021-05-27 09:57:24,11830.0,111261
2021-05-27 09:57:25,11831.0,111289
2021-05-27 09:57:27,11835.0,111292
2021-05-27 09:57:28,11831.0,111299
2021-05-27 09:57:29,11831.0,111305
2021-05-27 09:57:30,11830.05,111343
2021-05-27 09:57:31,11834.95,111347
2021-05-27 09:57:33,11831.6,112334
2021-05-27 09:57:34,11828.0,112412
2021-05-27 09:57:34,11826.8,112413
2021-05-27 09:57:35,11825.0,112415
2021-05-27 09:57:36,11823.3,112423
2021-05-27 09:57:38,11821.8,112439
2021-05-27 09:57:39,11825.0,112446
2021-05-27 09:57:41,11821.8,112447
2021-05-27 09:57:42,11825.0,112451
2021-05-27 09:57:43,11825.0,112458
2021-05-27 09:57:43,11825.0,112458
2021-05-27 09:57:44,11825.0,112508
2021-05-27 09:57:45,11821.8,112512
2021-05-27 09:57:46,11821.8,112512
2021-05-27 09:57:47,11821.8,112512
2021-05-27 09:57:48,11821.8,112512
2021-05-27 09:57:49,11827.25,112513
2021-05-27 09:57:50,11825.0,112578
2021-05-27 09:57:52,11824.25,112588
2021-05-27 09:57:53,11824.25,112589
2021-05-27 09:57:54,11824.25,112589
2021-05-27 09:57:54,11824.25,112591
2021-05-27 09:57:55,11824.25,112591
2021-05-27 09:57:56,11824.25,112591
2021-05-27 09:57:57,11824.25,112591
2021-05-27 09:57:58,11829.0,112596
2021-05-27 09:57:59,11829.0,112598
2021-05-27 09:58:00,11824.25,112602
2021-05-27 09:58:02,11824.25,112603
2021-05-27 09:58:03,11828.85,112604
2021-05-27 09:58:04,11829.0,112606
2021-05-27 09:58:05,11827.25,112616
2021-05-27 09:58:06,11829.0,112619
2021-05-27 09:58:07,11829.0,112619
2021-05-27 09:58:08,11828.9,112624
2021-05-27 09:58:11,11829.7,112969
2021-05-27 09:58:12,11822.05,112995
2021-05-27 09:58:13,11825.55,112998
2021-05-27 09:58:14,11825.55,112998
2021-05-27 09:58:15,11825.55,112998
2021-05-27 09:58:16,11825.55,112998
2021-05-27 09:58:17,11821.8,113020
2021-05-27 09:58:18,11821.8,113020
2021-05-27 09:58:19,11826.65,113031
2021-05-27 09:58:20,11825.0,113034
2021-05-27 09:58:21,11822.0,113045
2021-05-27 09:58:22,11822.0,113046
2021-05-27 09:58:24,11822.0,113046
2021-05-27 09:58:25,11825.0,113329
2021-05-27 09:58:26,11822.0,113339
2021-05-27 09:58:27,11822.0,113368
2021-05-27 09:58:28,11825.0,113380
2021-05-27 09:58:29,11825.0,113389
2021-05-27 09:58:30,11820.4,113401
2021-05-27 09:58:30,11820.4,113401
2021-05-27 09:58:31,11820.4,113401
2021-05-27 09:58:32,11820.4,113401
2021-05-27 09:58:33,11826.75,113702
2021-05-27 09:58:35,11821.15,113718
2021-05-27 09:58:36,11821.0,113725
2021-05-27 09:58:37,11821.0,113725
2021-05-27 09:58:38,11821.0,113725
2021-05-27 09:58:39,11821.0,113725
2021-05-27 09:58:40,11821.0,113730
2021-05-27 09:58:40,11825.0,113736
2021-05-27 09:58:41,11825.0,113736
2021-05-27 09:58:42,11821.0,113808
2021-05-27 09:58:43,11820.0,113910
2021-05-27 09:58:44,11815.0,113927
2021-05-27 09:58:45,11817.55,113928
2021-05-27 09:58:46,11817.55,113928
2021-05-27 09:58:47,11820.4,113930
2021-05-27 09:58:49,11820.4,113934
2021-05-27 09:58:50,11821.0,113960
2021-05-27 09:58:50,11821.0,113962
2021-05-27 09:58:52,11820.4,113965
2021-05-27 09:58:53,11820.4,113965
2021-05-27 09:58:54,11820.4,113965
2021-05-27 09:58:54,11820.4,113965
2021-05-27 09:58:56,11820.4,113965
2021-05-27 09:58:57,11821.0,113984
2021-05-27 09:58:58,11821.0,113990
2021-05-27 09:59:00,11818.0,113991
2021-05-27 09:59:00,11818.0,113991
2021-05-27 09:59:02,11820.4,113992
2021-05-27 09:59:03,11820.4,113992
2021-05-27 09:59:04,11820.4,113992
2021-05-27 09:59:05,11818.0,113996
2021-05-27 09:59:06,11818.0,113996
2021-05-27 09:59:07,11818.0,113996
2021-05-27 09:59:08,11821.0,114010
2021-05-27 09:59:09,11818.0,114011
2021-05-27 09:59:10,11820.0,114012
2021-05-27 09:59:10,11820.0,114012
2021-05-27 09:59:12,11820.0,114012
2021-05-27 09:59:13,11820.0,114012
2021-05-27 09:59:14,11820.0,114012
2021-05-27 09:59:15,11820.0,114013
2021-05-27 09:59:16,11821.0,114045
2021-05-27 09:59:17,11820.4,114049
2021-05-27 09:59:17,11820.4,114049
2021-05-27 09:59:18,11820.4,114049
2021-05-27 09:59:20,11820.0,114052
2021-05-27 09:59:20,11821.15,114057
2021-05-27 09:59:21,11820.1,114077
2021-05-27 09:59:22,11820.1,114079
2021-05-27 09:59:24,11824.95,114080
2021-05-27 09:59:25,11820.1,114084
2021-05-27 09:59:25,11820.1,114084
2021-05-27 09:59:26,11820.1,114084
2021-05-27 09:59:27,11820.1,114084
2021-05-27 09:59:29,11820.1,114084
2021-05-27 09:59:30,11820.1,114084
2021-05-27 09:59:31,11820.1,114084
2021-05-27 09:59:32,11821.0,114125
2021-05-27 09:59:33,11821.0,114128
2021-05-27 09:59:33,11821.0,114128
2021-05-27 09:59:34,11821.0,114128
2021-05-27 09:59:35,11821.0,114128
2021-05-27 09:59:38,11821.0,114160
2021-05-27 09:59:39,11821.0,114161
2021-05-27 09:59:40,11821.0,114161
2021-05-27 09:59:41,11825.0,114261
2021-05-27 09:59:42,11821.0,114275
2021-05-27 09:59:42,11821.0,114274
2021-05-27 09:59:43,11825.0,114278
2021-05-27 09:59:44,11821.0,114857
2021-05-27 09:59:46,11818.0,114888
2021-05-27 09:59:48,11821.95,114915
2021-05-27 09:59:49,11820.0,114916
2021-05-27 09:59:50,11815.05,114917
2021-05-27 09:59:51,11814.25,114949
2021-05-27 09:59:52,11814.25,114951
2021-05-27 09:59:54,11821.0,114957
2021-05-27 09:59:55,11817.5,114962
2021-05-27 09:59:56,11812.15,114963
2021-05-27 09:59:57,11812.15,114963
2021-05-27 09:59:58,11812.15,114963
2021-05-27 09:59:59,11812.15,114963
2021-05-27 10:00:00,11812.15,114963
2021-05-27 10:00:01,11812.15,114963
2021-05-27 10:00:01,11812.15,114963
2021-05-27 10:00:02,11812.15,114973
2021-05-27 10:00:03,11809.2,115125
2021-05-27 10:00:05,11809.2,115125
2021-05-27 10:00:07,11806.9,115183
2021-05-27 10:00:08,11806.9,115183
2021-05-27 10:00:09,11813.05,115186
2021-05-27 10:00:10,11813.05,115186
2021-05-27 10:00:11,11806.0,115196
2021-05-27 10:00:12,11805.9,115207
2021-05-27 10:00:13,11805.9,115207
2021-05-27 10:00:14,11810.0,115218
2021-05-27 10:00:15,11810.75,115224
2021-05-27 10:00:16,11810.75,115225
2021-05-27 10:00:17,11810.75,115341
2021-05-27 10:00:18,11808.2,115609
2021-05-27 10:00:19,11807.55,115619
2021-05-27 10:00:19,11807.55,115619
2021-05-27 10:00:20,11806.9,115684
2021-05-27 10:00:21,11806.9,115684
2021-05-27 10:00:25,11810.0,115794
2021-05-27 10:00:26,11803.2,115799
2021-05-27 10:00:27,11802.35,115859
2021-05-27 10:00:28,11802.35,115859
2021-05-27 10:00:28,11802.35,115859
2021-05-27 10:00:30,11802.35,115859
2021-05-27 10:00:31,11808.0,115861
2021-05-27 10:00:32,11808.0,115861
2021-05-27 10:00:34,11802.35,115866
2021-05-27 10:00:35,11802.35,115866
2021-05-27 10:00:36,11802.35,115866
2021-05-27 10:00:37,11802.35,115866
2021-05-27 10:00:38,11802.55,116122
2021-05-27 10:00:39,11802.55,116122
2021-05-27 10:00:40,11802.55,116122
2021-05-27 10:00:41,11802.55,116122
2021-05-27 10:00:42,11802.55,116122
2021-05-27 10:00:42,11802.55,116122
2021-05-27 10:00:43,11807.0,116153
2021-05-27 10:00:44,11807.45,116154
2021-05-27 10:00:46,11807.45,116156
2021-05-27 10:00:47,11807.45,116156
2021-05-27 10:00:48,11807.45,116161
2021-05-27 10:00:49,11803.0,116162
2021-05-27 10:00:50,11803.0,116167
2021-05-27 10:00:51,11808.0,116230
2021-05-27 10:00:52,11807.45,116242
2021-05-27 10:00:53,11805.6,116296
2021-05-27 10:00:54,11805.6,116296
2021-05-27 10:00:55,11805.6,116296
2021-05-27 10:00:56,11805.0,116313
2021-05-27 10:00:57,11804.0,116328
2021-05-27 10:00:58,11804.0,116328
2021-05-27 10:00:58,11804.0,116328
2021-05-27 10:00:59,11809.9,116356
2021-05-27 10:01:01,11803.6,116456
2021-05-27 10:01:02,11803.6,116456
2021-05-27 10:01:03,11808.7,116468
2021-05-27 10:01:04,11808.7,116468
2021-05-27 10:01:05,11802.8,116518
2021-05-27 10:01:08,11808.0,116570
2021-05-27 10:01:09,11808.0,116570
2021-05-27 10:01:10,11808.0,116570
2021-05-27 10:01:12,11802.35,116575
2021-05-27 10:01:13,11808.0,116589
2021-05-27 10:01:14,11808.85,116592
2021-05-27 10:01:14,11808.85,116592
2021-05-27 10:01:15,11809.9,116645
2021-05-27 10:01:17,11810.0,116646
2021-05-27 10:01:18,11810.0,116646
2021-05-27 10:01:20,11809.9,116676
2021-05-27 10:01:21,11809.9,116676
2021-05-27 10:01:22,11809.9,116676
2021-05-27 10:01:23,11810.0,116682
2021-05-27 10:01:24,11810.0,116688
2021-05-27 10:01:25,11810.0,117135
2021-05-27 10:01:26,11810.0,117143
2021-05-27 10:01:27,11809.85,117253
2021-05-27 10:01:28,11809.85,117253
2021-05-27 10:01:29,11809.85,117253
2021-05-27 10:01:30,11809.9,117255
2021-05-27 10:01:31,11809.9,117255
2021-05-27 10:01:37,11809.9,117260
2021-05-27 10:01:37,11809.9,117260
2021-05-27 10:01:38,11809.9,117286
2021-05-27 10:01:39,11810.0,117292
2021-05-27 10:01:41,11810.0,117292
2021-05-27 10:01:42,11809.9,117306
2021-05-27 10:01:43,11809.9,117306
2021-05-27 10:01:44,11809.9,117326
2021-05-27 10:01:45,11809.9,117326
2021-05-27 10:01:46,11809.9,117326
2021-05-27 10:01:47,11810.0,117377
2021-05-27 10:01:48,11810.0,117377
2021-05-27 10:01:49,11810.0,117377
2021-05-27 10:01:49,11810.0,117377
2021-05-27 10:01:50,11810.0,117377
2021-05-27 10:01:52,11809.0,117379
2021-05-27 10:01:53,11809.0,117379
2021-05-27 10:01:54,11808.0,117381
2021-05-27 10:01:55,11807.35,117526
2021-05-27 10:01:56,11807.35,117526
2021-05-27 10:01:57,11802.85,117531
2021-05-27 10:01:58,11807.4,117537
2021-05-27 10:01:59,11807.4,117537
2021-05-27 10:02:00,11807.4,117537
2021-05-27 10:02:01,11807.4,117537
2021-05-27 10:02:02,11805.1,117553
2021-05-27 10:02:03,11805.1,117553
2021-05-27 10:02:04,11805.1,117553
2021-05-27 10:02:05,11807.45,117556
2021-05-27 10:02:06,11805.15,117558
2021-05-27 10:02:07,11805.15,117558
2021-05-27 10:02:08,11805.15,117558
2021-05-27 10:02:08,11805.05,117563
2021-05-27 10:02:10,11805.05,117563
2021-05-27 10:02:11,11805.05,117563
2021-05-27 10:02:11,11805.05,117563
2021-05-27 10:02:12,11805.1,117569
2021-05-27 10:02:13,11805.1,117569
2021-05-27 10:02:14,11805.15,117570
2021-05-27 10:02:16,11805.1,117595
2021-05-27 10:02:17,11805.1,117595
2021-05-27 10:02:18,11805.1,117595
2021-05-27 10:02:19,11805.1,117595
2021-05-27 10:02:20,11805.1,117595
2021-05-27 10:02:21,11805.1,117595
2021-05-27 10:02:22,11805.1,117597
2021-05-27 10:02:23,11805.1,117597
2021-05-27 10:02:24,11805.1,117597
2021-05-27 10:02:25,11807.45,117630
2021-05-27 10:02:26,11807.45,117630
2021-05-27 10:02:27,11807.45,117630
2021-05-27 10:02:27,11807.45,117630
2021-05-27 10:02:29,11807.45,117630
2021-05-27 10:02:30,11807.45,117630
2021-05-27 10:02:31,11807.45,117630
2021-05-27 10:02:32,11807.45,117630
2021-05-27 10:02:33,11807.45,117630
2021-05-27 10:02:34,11807.45,117630
2021-05-27 10:02:35,11807.45,117630
2021-05-27 10:02:36,11805.1,117632
2021-05-27 10:02:37,11805.1,117662
2021-05-27 10:02:38,11805.1,117662
2021-05-27 10:02:39,11805.6,117682
2021-05-27 10:02:40,11805.6,117682
2021-05-27 10:02:41,11807.45,117695
2021-05-27 10:02:42,11807.45,117695
2021-05-27 10:02:43,11807.45,117695
2021-05-27 10:02:45,11807.45,117695
2021-05-27 10:02:47,11807.45,117695
2021-05-27 10:02:50,11807.45,117698
2021-05-27 10:02:51,11807.45,117698
2021-05-27 10:02:52,11807.45,117698
2021-05-27 10:02:53,11807.45,117698
2021-05-27 10:02:54,11808.0,117699
2021-05-27 10:02:55,11808.0,117699
2021-05-27 10:02:56,11808.0,117726
2021-05-27 10:02:57,11808.0,117726
2021-05-27 10:02:58,11809.9,117727
2021-05-27 10:02:59,11809.9,117727
2021-05-27 10:03:00,11809.9,117729
2021-05-27 10:03:01,11809.9,117729
2021-05-27 10:03:02,11809.9,117733
2021-05-27 10:03:03,11809.9,117733
2021-05-27 10:03:04,11808.0,117745
2021-05-27 10:03:05,11809.9,117756
2021-05-27 10:03:06,11809.9,117761
2021-05-27 10:03:07,11808.0,117763
2021-05-27 10:03:08,11808.0,117768
2021-05-27 10:03:09,11808.0,117768
2021-05-27 10:03:10,11808.0,117773
2021-05-27 10:03:11,11809.9,117774
2021-05-27 10:03:12,11809.9,117774
2021-05-27 10:03:13,11808.0,117775
2021-05-27 10:03:14,11809.0,117776
2021-05-27 10:03:15,11809.0,117776
2021-05-27 10:03:17,11809.0,117776
2021-05-27 10:03:18,11809.0,117776
2021-05-27 10:03:19,11809.0,117816
2021-05-27 10:03:21,11809.9,117841
2021-05-27 10:03:22,11811.0,117901
2021-05-27 10:03:23,11814.9,117926
2021-05-27 10:03:24,11814.9,117930
2021-05-27 10:03:26,11814.9,117930
2021-05-27 10:03:25,11814.9,117930
2021-05-27 10:03:27,11814.9,117930
2021-05-27 10:03:28,11810.0,118030
2021-05-27 10:03:29,11810.0,118030
2021-05-27 10:03:30,11810.0,118030
2021-05-27 10:03:31,11810.0,118034
2021-05-27 10:03:32,11810.0,118034
2021-05-27 10:03:34,11810.0,118039
2021-05-27 10:03:33,11810.0,118034
2021-05-27 10:03:35,11813.8,118049
2021-05-27 10:03:36,11813.8,118049
2021-05-27 10:03:37,11813.8,118054
2021-05-27 10:03:38,11813.8,118054
2021-05-27 10:03:39,11813.8,118057
2021-05-27 10:03:40,11813.8,118057
2021-05-27 10:03:41,11813.8,118057
2021-05-27 10:03:44,11813.8,118059
2021-05-27 10:03:45,11813.8,118059
2021-05-27 10:03:46,11813.8,118059
2021-05-27 10:03:47,11813.8,118099
2021-05-27 10:03:48,11813.8,118099
2021-05-27 10:03:49,11813.8,118099
2021-05-27 10:03:50,11810.0,118249
2021-05-27 10:03:51,11810.0,118249
2021-05-27 10:03:52,11810.0,118249
2021-05-27 10:03:53,11810.0,118249
2021-05-27 10:03:54,11810.0,118249
2021-05-27 10:03:55,11810.0,118255
2021-05-27 10:03:56,11810.0,118255
2021-05-27 10:03:57,11813.0,118260
2021-05-27 10:03:58,11813.0,118260
2021-05-27 10:03:59,11813.0,118260
2021-05-27 10:04:00,11813.0,118260
2021-05-27 10:04:01,11813.0,118260
2021-05-27 10:04:02,11813.0,118260
2021-05-27 10:04:03,11813.0,118260
2021-05-27 10:04:04,11810.0,118290
2021-05-27 10:04:05,11810.0,118290
2021-05-27 10:04:06,11810.0,118290
2021-05-27 10:04:07,11810.0,118290
2021-05-27 10:04:08,11810.0,118290
2021-05-27 10:04:09,11810.0,118290
2021-05-27 10:04:10,11810.0,118290
2021-05-27 10:04:11,11810.0,118290
2021-05-27 10:04:12,11810.0,118290
2021-05-27 10:04:13,11810.0,118291
2021-05-27 10:04:14,11810.0,118291
2021-05-27 10:04:15,11810.0,118292
2021-05-27 10:04:16,11810.0,118321
2021-05-27 10:04:17,11810.0,118321
2021-05-27 10:04:18,11810.0,118321
2021-05-27 10:04:20,11810.0,118321
2021-05-27 10:04:21,11810.0,118321
2021-05-27 10:04:22,11810.0,118321
2021-05-27 10:04:23,11810.0,118321
2021-05-27 10:04:24,11810.0,118322
2021-05-27 10:04:25,11813.0,118334
2021-05-27 10:04:27,11813.0,118334
2021-05-27 10:04:28,11813.0,118334
2021-05-27 10:04:29,11810.0,118339
2021-05-27 10:04:30,11810.0,118339
2021-05-27 10:04:31,11810.0,118339
2021-05-27 10:04:32,11810.0,118339
2021-05-27 10:04:33,11810.0,118339
2021-05-27 10:04:34,11810.0,118339
2021-05-27 10:04:35,11810.0,118339
2021-05-27 10:04:37,11813.0,118343
2021-05-27 10:04:38,11813.0,118343
2021-05-27 10:04:39,11813.0,118343
2021-05-27 10:04:40,11815.0,118422
2021-05-27 10:04:41,11815.0,118422
2021-05-27 10:04:42,11815.6,118577
2021-05-27 10:04:43,11815.6,118577
2021-05-27 10:04:44,11815.6,118577
2021-05-27 10:04:45,11815.6,118577
2021-05-27 10:04:46,11815.6,118577
2021-05-27 10:04:47,11817.0,118587
2021-05-27 10:04:48,11817.0,118587
2021-05-27 10:04:50,11817.0,118587
2021-05-27 10:04:51,11818.45,118607
2021-05-27 10:04:52,11818.45,118607
2021-05-27 10:04:53,11818.45,118607
2021-05-27 10:04:54,11818.45,118607
2021-05-27 10:04:55,11818.45,118607
2021-05-27 10:04:56,11820.0,118722
2021-05-27 10:04:57,11820.0,118725
2021-05-27 10:04:58,11820.0,118725
2021-05-27 10:04:59,11820.45,118731
2021-05-27 10:05:01,11820.0,118735
2021-05-27 10:05:01,11820.0,118735
2021-05-27 10:05:02,11817.0,118768
2021-05-27 10:05:03,11819.9,118770
2021-05-27 10:05:04,11819.9,118770
2021-05-27 10:05:05,11823.0,118795
2021-05-27 10:05:07,11825.0,118798
2021-05-27 10:05:07,11825.0,118798
2021-05-27 10:05:08,11825.0,119418
2021-05-27 10:05:10,11821.05,119439
2021-05-27 10:05:10,11825.0,119440
2021-05-27 10:05:11,11826.0,119472
2021-05-27 10:05:12,11826.0,119472
2021-05-27 10:05:13,11826.0,119472
2021-05-27 10:05:14,11826.0,119472
2021-05-27 10:05:15,11826.0,119472
2021-05-27 10:05:16,11824.9,119473
2021-05-27 10:05:17,11830.0,119537
2021-05-27 10:05:19,11830.0,119537
2021-05-27 10:05:21,11830.0,119599
2021-05-27 10:05:22,11830.0,119599
2021-05-27 10:05:23,11827.45,119605
2021-05-27 10:05:25,11830.0,119700
2021-05-27 10:05:26,11830.0,119810
2021-05-27 10:05:27,11831.0,120136
2021-05-27 10:05:28,11831.0,120136
2021-05-27 10:05:29,11833.8,120154
2021-05-27 10:05:31,11833.8,120154
2021-05-27 10:05:31,11833.8,120154
2021-05-27 10:05:34,11832.0,120155
2021-05-27 10:05:36,11834.75,120901
2021-05-27 10:05:37,11834.75,120901
2021-05-27 10:05:38,11834.0,120907
2021-05-27 10:05:39,11834.0,120907
2021-05-27 10:05:40,11837.8,120910
2021-05-27 10:05:41,11840.4,121020
2021-05-27 10:05:42,11839.0,121030
2021-05-27 10:05:44,11839.0,121035
2021-05-27 10:05:45,11839.0,121035
2021-05-27 10:05:46,11834.0,121036
2021-05-27 10:05:47,11840.0,121076
2021-05-27 10:05:48,11834.1,121081
2021-05-27 10:05:49,11834.0,121108
2021-05-27 10:05:50,11837.75,121109
2021-05-27 10:05:51,11839.35,121110
2021-05-27 10:05:52,11839.0,121120
2021-05-27 10:05:53,11839.0,121120
2021-05-27 10:05:54,11834.0,121123
2021-05-27 10:05:56,11838.2,121254
2021-05-27 10:05:57,11838.2,121254
2021-05-27 10:05:59,11837.0,121255
2021-05-27 10:05:59,11837.0,121255
2021-05-27 10:06:00,11832.0,121363
2021-05-27 10:06:02,11837.0,121404
2021-05-27 10:06:04,11835.0,121406
2021-05-27 10:06:05,11835.0,121408
2021-05-27 10:06:06,11835.0,121408
2021-05-27 10:06:08,11832.0,121516
2021-05-27 10:06:09,11836.1,121526
2021-05-27 10:06:10,11835.0,121528
2021-05-27 10:06:13,11825.9,122507
2021-05-27 10:06:13,11825.9,122507
2021-05-27 10:06:14,11825.9,122507
2021-05-27 10:06:15,11825.9,122507
2021-05-27 10:06:16,11821.3,122509
2021-05-27 10:06:18,11821.05,122525
2021-05-27 10:06:19,11821.05,122525
2021-05-27 10:06:20,11820.65,122595
2021-05-27 10:06:21,11820.65,122595
2021-05-27 10:06:22,11826.55,122626
2021-05-27 10:06:23,11826.55,122626
2021-05-27 10:06:24,11826.55,122626
2021-05-27 10:06:25,11827.85,122646
2021-05-27 10:06:27,11827.85,122646
2021-05-27 10:06:27,11827.85,122646
2021-05-27 10:06:28,11827.75,122672
2021-05-27 10:06:30,11827.75,122673
2021-05-27 10:06:30,11827.75,122673
2021-05-27 10:06:31,11822.4,122675
2021-05-27 10:06:32,11827.75,122706
2021-05-27 10:06:33,11831.4,122735
2021-05-27 10:06:34,11825.65,122752
2021-05-27 10:06:36,11831.35,122760
2021-05-27 10:06:37,11825.0,122800
2021-05-27 10:06:38,11825.0,122871
2021-05-27 10:06:39,11825.0,122872
2021-05-27 10:06:40,11825.0,122872
2021-05-27 10:06:40,11825.0,122872
2021-05-27 10:06:41,11830.95,122876
2021-05-27 10:06:42,11827.75,122886
2021-05-27 10:06:44,11825.15,122887
2021-05-27 10:06:45,11825.15,122887
2021-05-27 10:06:46,11825.15,122887
2021-05-27 10:06:47,11830.0,122924
2021-05-27 10:06:48,11825.05,122933
2021-05-27 10:06:50,11825.05,122933
2021-05-27 10:06:50,11825.05,122933
2021-05-27 10:06:51,11825.05,122933
2021-05-27 10:06:52,11825.05,122933
2021-05-27 10:06:54,11827.85,122938
2021-05-27 10:06:54,11827.85,122938
2021-05-27 10:06:55,11827.85,122938
2021-05-27 10:06:56,11827.85,122939
2021-05-27 10:06:57,11827.85,122939
2021-05-27 10:06:58,11827.85,122939
2021-05-27 10:06:59,11827.85,122939
2021-05-27 10:07:00,11827.85,122939
2021-05-27 10:07:01,11827.85,122939
2021-05-27 10:07:02,11827.85,122940
2021-05-27 10:07:03,11827.85,122940
2021-05-27 10:07:04,11827.85,123061
2021-05-27 10:07:07,11827.85,123061
2021-05-27 10:07:08,11827.85,123061
2021-05-27 10:07:09,11827.85,123061
2021-05-27 10:07:11,11827.85,123061
2021-05-27 10:07:11,11829.9,123062
2021-05-27 10:07:12,11829.9,123062
2021-05-27 10:07:13,11829.9,123062
2021-05-27 10:07:17,11827.85,123069
2021-05-27 10:07:17,11827.85,123069
2021-05-27 10:07:18,11827.85,123069
2021-05-27 10:07:19,11829.9,123070
2021-05-27 10:07:20,11829.9,123075
2021-05-27 10:07:22,11829.9,123075
