timestamp,ltp,volume
2021-05-27 09:15:24,948.45,57219
2021-05-27 09:15:27,948.35,62519
2021-05-27 09:15:28,949.2,64372
2021-05-27 09:15:31,949.4,69603
2021-05-27 09:15:32,949.0,70602
2021-05-27 09:15:33,949.55,71797
2021-05-27 09:15:33,949.2,71816
2021-05-27 09:15:34,949.4,80255
2021-05-27 09:15:35,949.55,80848
2021-05-27 09:15:36,949.95,87837
2021-05-27 09:15:37,949.85,88290
2021-05-27 09:15:38,949.5,91878
2021-05-27 09:15:40,950.0,92839
2021-05-27 09:15:41,949.85,103684
2021-05-27 09:15:42,950.4,105718
2021-05-27 09:15:43,950.9,106412
2021-05-27 09:15:44,950.3,106598
2021-05-27 09:15:45,951.1,110715
2021-05-27 09:15:46,951.25,111398
2021-05-27 09:15:47,951.2,112310
2021-05-27 09:15:48,950.65,118248
2021-05-27 09:15:48,950.65,118248
2021-05-27 09:15:50,950.6,122998
2021-05-27 09:15:51,950.7,125680
2021-05-27 09:15:52,950.7,126035
2021-05-27 09:15:53,950.85,127404
2021-05-27 09:15:56,950.8,135223
2021-05-27 09:15:57,950.45,137030
2021-05-27 09:15:57,950.0,137101
2021-05-27 09:15:58,950.25,139436
2021-05-27 09:15:59,950.3,140023
2021-05-27 09:16:01,950.3,141279
2021-05-27 09:16:02,950.15,143768
2021-05-27 09:16:03,950.15,147051
2021-05-27 09:16:05,950.0,148303
2021-05-27 09:16:06,950.1,149048
2021-05-27 09:16:07,950.0,149432
2021-05-27 09:16:08,949.8,150672
2021-05-27 09:16:09,950.0,152352
2021-05-27 09:16:11,950.0,153291
2021-05-27 09:16:13,949.8,154872
2021-05-27 09:16:13,950.1,155182
2021-05-27 09:16:14,950.05,155658
2021-05-27 09:16:15,949.75,155949
2021-05-27 09:16:16,950.15,157121
2021-05-27 09:16:17,949.85,158274
2021-05-27 09:16:18,950.1,158762
2021-05-27 09:16:19,950.0,160623
2021-05-27 09:16:22,950.65,177211
2021-05-27 09:16:23,950.9,180995
2021-05-27 09:16:24,951.15,183188
2021-05-27 09:16:25,950.8,183299
2021-05-27 09:16:25,950.85,183714
2021-05-27 09:16:26,951.45,184695
2021-05-27 09:16:27,951.5,185622
2021-05-27 09:16:29,950.7,187087
2021-05-27 09:16:31,950.95,188789
2021-05-27 09:16:31,950.95,188907
2021-05-27 09:16:32,951.35,190140
2021-05-27 09:16:33,950.7,191768
2021-05-27 09:16:35,951.2,193267
2021-05-27 09:16:36,951.2,194801
2021-05-27 09:16:36,951.0,195012
2021-05-27 09:16:37,951.0,199102
2021-05-27 09:16:38,950.95,200102
2021-05-27 09:16:39,951.5,200813
2021-05-27 09:16:40,951.3,200901
2021-05-27 09:16:41,952.0,202721
2021-05-27 09:16:43,951.6,207420
2021-05-27 09:16:44,952.0,209856
2021-05-27 09:16:45,951.8,211232
2021-05-27 09:16:46,952.2,213622
2021-05-27 09:16:47,952.8,216268
2021-05-27 09:16:48,952.75,216483
2021-05-27 09:16:49,952.1,217599
2021-05-27 09:16:51,952.8,217888
2021-05-27 09:16:52,952.95,219344
2021-05-27 09:16:53,952.95,219996
2021-05-27 09:16:54,952.85,222068
2021-05-27 09:16:56,953.0,224473
2021-05-27 09:16:57,952.3,225707
2021-05-27 09:16:58,953.0,227421
2021-05-27 09:17:00,952.4,228420
2021-05-27 09:17:01,952.5,229738
2021-05-27 09:17:02,952.65,231643
2021-05-27 09:17:03,953.0,235762
2021-05-27 09:17:04,953.0,238275
2021-05-27 09:17:06,953.0,241293
2021-05-27 09:17:07,952.55,241897
2021-05-27 09:17:07,952.65,241908
2021-05-27 09:17:11,953.0,243978
2021-05-27 09:17:12,953.0,246667
2021-05-27 09:17:13,952.45,247908
2021-05-27 09:17:14,952.6,249901
2021-05-27 09:17:15,953.1,252476
2021-05-27 09:17:17,952.35,253534
2021-05-27 09:17:19,952.6,255969
2021-05-27 09:17:19,952.55,256130
2021-05-27 09:17:20,952.45,256714
2021-05-27 09:17:22,952.8,257165
2021-05-27 09:17:23,952.2,258167
2021-05-27 09:17:24,952.7,261738
2021-05-27 09:17:25,952.7,262525
2021-05-27 09:17:26,952.7,263852
2021-05-27 09:17:26,952.25,263860
2021-05-27 09:17:27,952.15,266327
2021-05-27 09:17:29,951.95,271485
2021-05-27 09:17:30,952.05,272263
2021-05-27 09:17:31,952.25,273631
2021-05-27 09:17:31,952.25,273512
2021-05-27 09:17:32,952.2,273765
2021-05-27 09:17:33,952.0,274599
2021-05-27 09:17:36,951.95,296885
2021-05-27 09:17:37,951.25,298845
2021-05-27 09:17:37,951.25,298845
2021-05-27 09:17:38,951.4,299326
2021-05-27 09:17:39,951.4,299880
2021-05-27 09:17:41,952.2,305808
2021-05-27 09:17:42,951.45,308679
2021-05-27 09:17:43,951.1,308826
2021-05-27 09:17:44,951.15,309061
2021-05-27 09:17:44,951.45,309122
2021-05-27 09:17:45,951.25,312171
2021-05-27 09:17:48,951.5,315869
2021-05-27 09:17:49,951.25,317769
2021-05-27 09:17:49,951.15,317922
2021-05-27 09:17:50,951.9,319269
2021-05-27 09:17:51,951.3,321209
2021-05-27 09:17:52,951.05,322341
2021-05-27 09:17:55,951.4,323625
2021-05-27 09:17:56,951.15,324352
2021-05-27 09:17:56,950.75,324437
2021-05-27 09:17:57,951.15,324487
2021-05-27 09:17:58,951.0,324864
2021-05-27 09:18:00,950.9,327687
2021-05-27 09:18:01,950.85,328509
2021-05-27 09:18:02,950.95,328580
2021-05-27 09:18:03,951.0,328855
2021-05-27 09:18:03,951.0,328855
2021-05-27 09:18:04,951.35,329269
2021-05-27 09:18:05,951.15,330194
2021-05-27 09:18:07,950.95,330546
2021-05-27 09:18:08,951.15,330812
2021-05-27 09:18:09,951.25,332566
2021-05-27 09:18:09,951.0,332596
2021-05-27 09:18:10,951.4,332705
2021-05-27 09:18:13,951.55,333939
2021-05-27 09:18:14,951.7,335497
2021-05-27 09:18:16,950.95,348075
2021-05-27 09:18:17,951.65,349976
2021-05-27 09:18:19,951.25,351326
2021-05-27 09:18:20,951.4,351387
2021-05-27 09:18:20,951.4,351357
2021-05-27 09:18:21,951.0,351509
2021-05-27 09:18:23,951.4,355431
2021-05-27 09:18:26,951.0,357688
2021-05-27 09:18:27,951.6,358139
2021-05-27 09:18:28,951.0,358545
2021-05-27 09:18:29,951.45,359002
2021-05-27 09:18:29,951.05,358746
2021-05-27 09:18:30,950.9,360531
2021-05-27 09:18:33,951.55,361617
2021-05-27 09:18:34,951.4,361921
2021-05-27 09:18:35,951.0,362313
2021-05-27 09:18:36,951.0,362313
2021-05-27 09:18:37,951.05,363002
2021-05-27 09:18:37,951.0,363122
2021-05-27 09:18:38,951.4,363167
2021-05-27 09:18:40,951.35,363224
2021-05-27 09:18:41,950.8,364584
2021-05-27 09:18:42,950.45,365377
2021-05-27 09:18:43,950.85,365517
2021-05-27 09:18:44,950.25,367244
2021-05-27 09:18:45,950.1,367477
2021-05-27 09:18:46,950.2,368219
2021-05-27 09:18:47,950.2,368405
2021-05-27 09:18:48,950.65,368475
2021-05-27 09:18:50,950.05,368701
2021-05-27 09:18:51,949.35,371883
2021-05-27 09:18:52,949.8,372154
2021-05-27 09:18:53,949.3,372754
2021-05-27 09:18:53,949.25,372854
2021-05-27 09:18:54,949.8,374621
2021-05-27 09:18:56,949.8,374841
2021-05-27 09:18:57,949.8,375758
2021-05-27 09:18:58,949.85,377018
2021-05-27 09:18:58,949.85,377018
2021-05-27 09:18:59,949.8,377043
2021-05-27 09:19:01,949.35,377273
2021-05-27 09:19:02,949.8,377760
2021-05-27 09:19:03,949.8,377776
2021-05-27 09:19:04,949.45,377864
2021-05-27 09:19:04,949.35,378084
2021-05-27 09:19:05,949.75,378384
2021-05-27 09:19:06,949.7,378572
2021-05-27 09:19:08,949.7,381432
2021-05-27 09:19:09,949.25,381765
2021-05-27 09:19:10,949.65,382016
2021-05-27 09:19:11,949.55,384188
2021-05-27 09:19:13,949.55,384280
2021-05-27 09:19:14,949.05,385390
2021-05-27 09:19:15,949.05,387421
2021-05-27 09:19:16,949.15,393858
2021-05-27 09:19:17,949.05,393927
2021-05-27 09:19:17,949.1,395540
2021-05-27 09:19:18,949.05,396098
2021-05-27 09:19:20,949.0,398454
2021-05-27 09:19:21,949.25,398990
2021-05-27 09:19:22,949.15,399102
2021-05-27 09:19:23,949.2,399252
2021-05-27 09:19:23,949.2,399252
2021-05-27 09:19:24,949.25,400128
2021-05-27 09:19:27,949.4,404700
2021-05-27 09:19:28,949.0,404760
2021-05-27 09:19:29,949.4,406468
2021-05-27 09:19:30,949.0,406494
2021-05-27 09:19:30,949.0,406494
2021-05-27 09:19:31,949.0,407587
2021-05-27 09:19:33,948.7,411451
2021-05-27 09:19:34,948.15,411791
2021-05-27 09:19:35,948.3,411821
2021-05-27 09:19:36,948.1,411876
2021-05-27 09:19:37,948.5,413485
2021-05-27 09:19:38,948.05,413500
2021-05-27 09:19:38,948.1,413520
2021-05-27 09:19:40,948.0,414480
2021-05-27 09:19:41,947.05,416554
2021-05-27 09:19:42,948.1,418232
2021-05-27 09:19:43,947.55,418325
2021-05-27 09:19:44,947.45,418589
2021-05-27 09:19:45,947.65,419220
2021-05-27 09:19:46,947.95,419396
2021-05-27 09:19:46,947.5,419485
2021-05-27 09:19:49,947.45,419537
2021-05-27 09:19:50,947.45,419843
2021-05-27 09:19:51,947.55,420360
2021-05-27 09:19:52,947.55,420921
2021-05-27 09:19:52,947.55,420921
2021-05-27 09:19:53,947.55,420998
2021-05-27 09:19:55,947.55,421013
2021-05-27 09:19:56,947.5,421284
2021-05-27 09:19:57,947.5,421957
2021-05-27 09:19:58,947.55,422439
2021-05-27 09:19:58,947.5,422414
2021-05-27 09:20:00,947.5,422541
2021-05-27 09:20:01,947.55,422552
2021-05-27 09:20:02,947.5,422647
2021-05-27 09:20:03,947.85,426194
2021-05-27 09:20:05,948.15,427568
2021-05-27 09:20:06,947.85,428815
2021-05-27 09:20:07,947.8,428835
2021-05-27 09:20:09,947.75,429119
2021-05-27 09:20:10,948.0,429131
2021-05-27 09:20:11,947.95,429676
2021-05-27 09:20:13,948.0,429720
2021-05-27 09:20:15,948.05,430732
2021-05-27 09:20:16,948.1,430956
2021-05-27 09:20:17,948.15,431713
2021-05-27 09:20:17,948.15,431788
2021-05-27 09:20:19,948.15,432664
2021-05-27 09:20:20,948.2,432701
2021-05-27 09:20:21,948.7,432703
2021-05-27 09:20:22,948.75,433234
2021-05-27 09:20:23,948.35,433690
2021-05-27 09:20:23,948.85,433635
2021-05-27 09:20:25,948.85,433709
2021-05-27 09:20:26,948.75,433717
2021-05-27 09:20:27,948.75,433717
2021-05-27 09:20:28,948.7,434240
2021-05-27 09:20:28,948.7,434240
2021-05-27 09:20:30,948.85,436400
2021-05-27 09:20:31,949.0,436600
2021-05-27 09:20:32,948.75,436662
2021-05-27 09:20:33,949.2,436918
2021-05-27 09:20:33,949.2,436968
2021-05-27 09:20:35,948.35,437504
2021-05-27 09:20:36,948.85,437509
2021-05-27 09:20:38,947.8,445857
2021-05-27 09:20:38,947.5,445826
2021-05-27 09:20:40,947.8,446287
2021-05-27 09:20:41,947.8,446731
2021-05-27 09:20:43,947.7,447370
2021-05-27 09:20:44,947.7,447459
2021-05-27 09:20:45,947.7,447515
2021-05-27 09:20:45,947.7,447515
2021-05-27 09:20:47,947.7,448225
2021-05-27 09:20:48,947.7,448685
2021-05-27 09:20:49,947.7,448916
2021-05-27 09:20:50,947.7,449895
2021-05-27 09:20:51,948.0,451376
2021-05-27 09:20:51,948.0,451376
2021-05-27 09:20:53,947.7,451578
2021-05-27 09:20:54,948.0,452237
2021-05-27 09:20:55,948.0,452362
2021-05-27 09:20:56,947.85,452364
2021-05-27 09:20:56,947.85,452466
2021-05-27 09:20:57,948.0,452527
2021-05-27 09:20:59,948.0,452533
2021-05-27 09:21:01,947.5,452733
2021-05-27 09:21:02,947.55,452783
2021-05-27 09:21:03,947.9,452784
2021-05-27 09:21:04,947.9,452794
2021-05-27 09:21:05,947.7,453495
2021-05-27 09:21:07,947.75,455917
2021-05-27 09:21:09,948.2,456207
2021-05-27 09:21:10,948.0,456268
2021-05-27 09:21:11,947.95,456431
2021-05-27 09:21:12,947.95,456431
2021-05-27 09:21:13,947.75,456658
2021-05-27 09:21:13,948.0,456668
2021-05-27 09:21:15,947.7,456847
2021-05-27 09:21:16,947.6,457022
2021-05-27 09:21:17,948.0,457722
2021-05-27 09:21:18,948.0,458222
2021-05-27 09:21:19,947.9,462273
2021-05-27 09:21:20,947.85,462317
2021-05-27 09:21:22,947.85,462363
2021-05-27 09:21:23,948.0,464622
2021-05-27 09:21:24,948.75,465052
2021-05-27 09:21:25,948.65,465164
2021-05-27 09:21:25,948.4,465062
2021-05-27 09:21:27,948.45,465261
2021-05-27 09:21:28,948.65,465306
2021-05-27 09:21:29,948.65,465315
2021-05-27 09:21:30,948.65,465315
2021-05-27 09:21:30,948.65,465315
2021-05-27 09:21:32,948.45,465340
2021-05-27 09:21:33,948.95,467433
2021-05-27 09:21:34,948.6,467543
2021-05-27 09:21:35,948.4,467963
2021-05-27 09:21:35,948.4,467963
2021-05-27 09:21:37,948.3,468035
2021-05-27 09:21:38,948.3,468259
2021-05-27 09:21:40,948.3,469242
2021-05-27 09:21:40,948.3,469242
2021-05-27 09:21:42,948.0,469280
2021-05-27 09:21:43,948.3,469330
2021-05-27 09:21:44,948.3,469330
2021-05-27 09:21:45,948.3,469395
2021-05-27 09:21:46,948.0,470968
2021-05-27 09:21:47,948.0,471121
2021-05-27 09:21:48,948.0,471192
2021-05-27 09:21:49,948.3,471202
2021-05-27 09:21:50,948.0,471212
2021-05-27 09:21:51,948.05,471960
2021-05-27 09:21:52,948.15,472381
2021-05-27 09:21:53,948.05,472436
2021-05-27 09:21:54,948.05,473135
2021-05-27 09:21:55,948.0,473210
2021-05-27 09:21:56,948.05,473467
2021-05-27 09:21:57,948.0,473935
2021-05-27 09:21:58,948.0,474679
2021-05-27 09:21:59,948.0,474947
2021-05-27 09:22:00,948.05,474953
2021-05-27 09:22:01,948.05,475058
2021-05-27 09:22:02,948.0,475505
2021-05-27 09:22:03,948.0,475505
2021-05-27 09:22:04,948.0,475531
2021-05-27 09:22:05,948.05,475582
2021-05-27 09:22:06,948.0,478386
2021-05-27 09:22:07,948.05,479694
2021-05-27 09:22:08,948.05,479787
2021-05-27 09:22:09,948.5,479947
2021-05-27 09:22:10,948.1,479953
2021-05-27 09:22:11,948.1,479953
2021-05-27 09:22:12,948.5,480002
2021-05-27 09:22:13,948.35,480761
2021-05-27 09:22:14,948.3,480846
2021-05-27 09:22:15,948.5,481363
2021-05-27 09:22:17,949.15,484123
2021-05-27 09:22:18,948.75,484372
2021-05-27 09:22:19,948.75,484375
2021-05-27 09:22:21,949.1,484584
2021-05-27 09:22:22,948.7,484685
2021-05-27 09:22:23,948.85,484686
2021-05-27 09:22:24,949.1,484747
2021-05-27 09:22:25,949.0,485787
2021-05-27 09:22:26,949.45,485807
2021-05-27 09:22:27,949.45,485912
2021-05-27 09:22:28,949.45,485912
2021-05-27 09:22:29,949.1,486037
2021-05-27 09:22:30,949.45,486301
2021-05-27 09:22:31,949.45,486564
2021-05-27 09:22:32,949.45,486592
2021-05-27 09:22:33,949.45,486642
2021-05-27 09:22:34,949.45,487825
2021-05-27 09:22:35,949.7,488002
2021-05-27 09:22:36,949.7,488090
2021-05-27 09:22:38,950.0,489566
2021-05-27 09:22:39,950.0,489566
2021-05-27 09:22:40,950.0,490191
2021-05-27 09:22:41,950.0,490256
2021-05-27 09:22:42,949.8,490330
2021-05-27 09:22:43,949.75,490336
2021-05-27 09:22:44,949.75,490346
2021-05-27 09:22:45,949.95,490506
2021-05-27 09:22:46,949.75,490624
2021-05-27 09:22:47,949.95,490633
2021-05-27 09:22:48,949.95,490675
2021-05-27 09:22:51,950.0,498803
2021-05-27 09:22:52,949.8,500241
2021-05-27 09:22:53,949.75,500281
2021-05-27 09:22:54,949.95,500341
2021-05-27 09:22:55,949.75,500373
2021-05-27 09:22:56,950.0,500435
2021-05-27 09:22:57,950.0,500572
2021-05-27 09:22:58,950.0,500885
2021-05-27 09:22:59,950.0,500886
2021-05-27 09:23:00,949.95,504320
2021-05-27 09:23:02,949.8,505324
2021-05-27 09:23:03,950.05,508304
2021-05-27 09:23:04,949.95,509452
2021-05-27 09:23:05,950.0,509462
2021-05-27 09:23:06,949.95,509562
2021-05-27 09:23:07,949.95,510358
2021-05-27 09:23:08,949.05,516844
2021-05-27 09:23:09,949.0,517378
2021-05-27 09:23:10,948.95,519392
2021-05-27 09:23:11,949.0,519448
2021-05-27 09:23:12,948.05,526751
2021-05-27 09:23:13,947.45,528180
2021-05-27 09:23:14,947.35,530816
2021-05-27 09:23:15,947.45,532227
2021-05-27 09:23:16,947.5,533944
2021-05-27 09:23:17,947.4,534666
2021-05-27 09:23:18,947.9,534742
2021-05-27 09:23:19,947.9,534885
2021-05-27 09:23:20,948.0,536087
2021-05-27 09:23:23,947.9,536401
2021-05-27 09:23:24,947.9,536401
2021-05-27 09:23:25,947.9,536426
2021-05-27 09:23:26,947.55,536473
2021-05-27 09:23:27,947.55,536498
2021-05-27 09:23:28,947.85,536530
2021-05-27 09:23:29,947.85,536589
2021-05-27 09:23:30,947.8,540263
2021-05-27 09:23:31,947.85,540314
2021-05-27 09:23:32,947.8,540422
2021-05-27 09:23:33,947.85,541475
2021-05-27 09:23:34,947.85,541492
2021-05-27 09:23:35,947.75,541578
2021-05-27 09:23:36,947.4,542264
2021-05-27 09:23:37,948.35,543853
2021-05-27 09:23:38,947.85,543995
2021-05-27 09:23:39,947.8,544195
2021-05-27 09:23:40,947.5,544944
2021-05-27 09:23:41,947.85,545515
2021-05-27 09:23:42,947.2,546052
2021-05-27 09:23:43,947.55,546399
2021-05-27 09:23:44,947.6,547777
2021-05-27 09:23:45,947.2,547965
2021-05-27 09:23:46,947.45,548286
2021-05-27 09:23:47,947.45,549423
2021-05-27 09:23:48,947.4,550384
2021-05-27 09:23:49,946.95,557697
2021-05-27 09:23:50,946.95,557759
2021-05-27 09:23:51,946.8,560008
2021-05-27 09:23:52,946.85,561729
2021-05-27 09:23:53,946.9,562258
2021-05-27 09:23:54,946.5,562463
2021-05-27 09:23:55,946.5,562693
2021-05-27 09:23:56,946.8,562947
2021-05-27 09:23:57,946.85,563370
2021-05-27 09:23:58,946.8,564030
2021-05-27 09:23:59,946.5,564132
2021-05-27 09:24:00,946.55,564149
2021-05-27 09:24:01,946.8,564161
2021-05-27 09:24:02,946.8,564943
2021-05-27 09:24:03,946.8,565863
2021-05-27 09:24:04,946.35,566443
2021-05-27 09:24:05,946.8,566447
2021-05-27 09:24:06,946.8,566642
2021-05-27 09:24:07,946.8,566694
2021-05-27 09:24:08,946.8,566969
2021-05-27 09:24:09,946.6,567120
2021-05-27 09:24:10,946.35,567620
2021-05-27 09:24:11,946.5,567787
2021-05-27 09:24:12,946.75,568337
2021-05-27 09:24:13,946.5,569050
2021-05-27 09:24:14,946.45,569102
2021-05-27 09:24:15,946.5,569210
2021-05-27 09:24:16,946.5,569427
2021-05-27 09:24:17,946.5,571273
2021-05-27 09:24:18,946.3,571711
2021-05-27 09:24:19,946.45,571844
2021-05-27 09:24:20,946.45,572466
2021-05-27 09:24:21,946.5,572833
2021-05-27 09:24:22,946.5,573279
2021-05-27 09:24:23,946.75,573368
2021-05-27 09:24:24,946.75,573463
2021-05-27 09:24:25,946.75,573463
2021-05-27 09:24:26,946.75,573589
2021-05-27 09:24:27,946.55,573633
2021-05-27 09:24:28,946.75,573734
2021-05-27 09:24:29,946.75,575103
2021-05-27 09:24:30,946.6,575143
2021-05-27 09:24:32,946.75,575162
2021-05-27 09:24:33,946.75,575233
2021-05-27 09:24:35,946.75,576573
2021-05-27 09:24:36,946.95,578115
2021-05-27 09:24:37,946.65,578496
2021-05-27 09:24:38,946.85,578676
2021-05-27 09:24:39,946.65,579689
2021-05-27 09:24:40,946.25,585863
2021-05-27 09:24:41,946.55,587205
2021-05-27 09:24:42,946.55,587555
2021-05-27 09:24:43,946.75,589193
2021-05-27 09:24:44,946.2,589753
2021-05-27 09:24:45,946.05,597756
2021-05-27 09:24:46,946.05,597871
2021-05-27 09:24:47,946.25,599882
2021-05-27 09:24:48,946.25,600254
2021-05-27 09:24:51,946.55,605880
2021-05-27 09:24:52,946.25,606560
2021-05-27 09:24:53,947.0,608030
2021-05-27 09:24:54,946.6,608384
2021-05-27 09:24:55,946.95,608669
2021-05-27 09:24:57,947.0,609583
2021-05-27 09:24:57,946.75,609434
2021-05-27 09:24:58,946.75,609797
2021-05-27 09:24:59,946.8,609894
2021-05-27 09:25:00,946.75,610019
2021-05-27 09:25:01,946.75,610492
2021-05-27 09:25:02,946.75,611176
2021-05-27 09:25:03,947.0,611244
2021-05-27 09:25:04,947.05,611528
2021-05-27 09:25:05,947.0,611869
2021-05-27 09:25:06,946.75,612023
2021-05-27 09:25:07,947.1,612235
2021-05-27 09:25:08,946.95,612752
2021-05-27 09:25:09,946.75,612956
2021-05-27 09:25:10,946.8,613332
2021-05-27 09:25:11,946.95,613443
2021-05-27 09:25:12,947.0,613868
2021-05-27 09:25:13,946.8,613989
2021-05-27 09:25:14,947.25,615147
2021-05-27 09:25:15,947.25,615623
2021-05-27 09:25:16,947.35,615803
2021-05-27 09:25:17,947.35,615898
2021-05-27 09:25:18,947.75,617116
2021-05-27 09:25:19,947.85,617754
2021-05-27 09:25:20,947.55,618176
2021-05-27 09:25:21,947.9,618352
2021-05-27 09:25:22,948.4,619190
2021-05-27 09:25:23,948.3,620218
2021-05-27 09:25:24,948.25,620407
2021-05-27 09:25:25,948.25,620635
2021-05-27 09:25:26,947.95,620850
2021-05-27 09:25:27,948.45,621834
2021-05-27 09:25:28,948.0,622177
2021-05-27 09:25:29,947.95,622314
2021-05-27 09:25:30,947.65,622790
2021-05-27 09:25:31,947.75,624538
2021-05-27 09:25:32,947.85,626612
2021-05-27 09:25:33,947.15,626917
2021-05-27 09:25:35,946.55,632584
2021-05-27 09:25:36,946.85,637464
2021-05-27 09:25:37,947.0,639627
2021-05-27 09:25:38,946.75,642011
2021-05-27 09:25:39,946.75,642389
2021-05-27 09:25:40,946.85,643313
2021-05-27 09:25:41,946.8,644694
2021-05-27 09:25:42,947.1,646659
2021-05-27 09:25:43,946.65,646912
2021-05-27 09:25:44,946.8,647556
2021-05-27 09:25:45,946.9,648512
2021-05-27 09:25:46,946.75,648558
2021-05-27 09:25:47,947.0,648843
2021-05-27 09:25:48,946.75,649078
2021-05-27 09:25:49,946.55,649801
2021-05-27 09:25:51,946.75,651156
2021-05-27 09:25:52,946.9,651564
2021-05-27 09:25:53,946.8,652292
2021-05-27 09:25:55,947.0,654028
2021-05-27 09:25:56,946.85,655673
2021-05-27 09:25:58,946.85,655844
2021-05-27 09:25:58,946.85,655990
2021-05-27 09:25:59,946.9,656091
2021-05-27 09:26:00,946.8,657552
2021-05-27 09:26:01,946.7,657671
2021-05-27 09:26:02,946.5,657912
2021-05-27 09:26:03,946.85,658320
2021-05-27 09:26:04,946.55,658382
2021-05-27 09:26:05,946.75,658501
2021-05-27 09:26:06,946.55,658849
2021-05-27 09:26:07,946.6,660963
2021-05-27 09:26:08,946.5,661875
2021-05-27 09:26:09,946.5,662015
2021-05-27 09:26:10,946.3,668212
2021-05-27 09:26:11,945.85,668558
2021-05-27 09:26:12,946.0,669813
2021-05-27 09:26:13,946.35,670376
2021-05-27 09:26:14,946.7,672586
2021-05-27 09:26:15,946.35,672796
2021-05-27 09:26:16,946.35,673202
2021-05-27 09:26:17,946.35,673488
2021-05-27 09:26:19,946.35,676536
2021-05-27 09:26:20,946.25,677986
2021-05-27 09:26:21,946.0,678240
2021-05-27 09:26:22,946.35,679209
2021-05-27 09:26:23,946.05,679695
2021-05-27 09:26:24,946.1,679943
2021-05-27 09:26:27,946.1,680834
2021-05-27 09:26:29,946.35,680865
2021-05-27 09:26:29,945.85,680925
2021-05-27 09:26:30,946.3,681320
2021-05-27 09:26:32,946.35,681653
2021-05-27 09:26:33,946.3,682408
2021-05-27 09:26:34,946.3,682948
2021-05-27 09:26:35,945.95,683829
2021-05-27 09:26:35,946.35,683916
2021-05-27 09:26:36,946.3,684165
2021-05-27 09:26:38,946.5,686444
2021-05-27 09:26:39,946.4,686820
2021-05-27 09:26:40,946.4,686820
2021-05-27 09:26:41,946.4,686855
2021-05-27 09:26:42,946.65,687008
2021-05-27 09:26:43,946.7,687118
2021-05-27 09:26:44,946.7,687120
2021-05-27 09:26:45,946.55,687316
2021-05-27 09:26:47,946.35,688720
2021-05-27 09:26:48,946.65,688726
2021-05-27 09:26:49,946.55,689027
2021-05-27 09:26:50,946.65,689081
2021-05-27 09:26:51,946.65,689331
2021-05-27 09:26:52,946.35,689470
2021-05-27 09:26:53,946.6,690058
2021-05-27 09:26:54,946.35,690526
2021-05-27 09:26:55,946.45,690709
2021-05-27 09:26:56,946.45,690820
2021-05-27 09:26:56,946.45,690820
2021-05-27 09:26:57,946.45,690858
2021-05-27 09:26:58,946.25,691364
2021-05-27 09:27:00,945.8,693067
2021-05-27 09:27:01,946.1,693294
2021-05-27 09:27:02,945.7,693574
2021-05-27 09:27:03,945.55,694067
2021-05-27 09:27:04,945.0,700914
2021-05-27 09:27:05,945.15,701384
2021-05-27 09:27:06,945.25,701656
2021-05-27 09:27:07,945.65,703694
2021-05-27 09:27:08,945.7,704939
2021-05-27 09:27:09,945.5,705013
2021-05-27 09:27:10,945.3,706151
2021-05-27 09:27:11,945.5,706783
2021-05-27 09:27:12,945.5,710081
2021-05-27 09:27:13,945.05,711008
2021-05-27 09:27:14,945.35,713038
2021-05-27 09:27:15,945.35,713412
2021-05-27 09:27:17,945.2,713788
2021-05-27 09:27:19,944.5,717340
2021-05-27 09:27:20,944.95,717427
2021-05-27 09:27:21,944.95,717942
2021-05-27 09:27:21,944.6,717693
2021-05-27 09:27:22,945.0,719645
2021-05-27 09:27:23,945.0,720188
2021-05-27 09:27:24,944.95,720339
2021-05-27 09:27:25,944.65,720483
2021-05-27 09:27:26,944.9,720782
2021-05-27 09:27:27,944.8,720883
2021-05-27 09:27:28,944.8,722016
2021-05-27 09:27:29,944.8,722900
2021-05-27 09:27:30,945.0,723229
2021-05-27 09:27:31,944.7,723532
2021-05-27 09:27:33,944.6,725635
2021-05-27 09:27:34,944.95,726177
2021-05-27 09:27:35,945.0,728105
2021-05-27 09:27:36,945.0,729134
2021-05-27 09:27:39,945.05,729161
2021-05-27 09:27:40,945.3,729166
2021-05-27 09:27:41,945.1,729385
2021-05-27 09:27:41,945.15,729427
2021-05-27 09:27:42,945.15,730788
2021-05-27 09:27:43,945.15,731602
2021-05-27 09:27:44,945.8,731984
2021-05-27 09:27:45,945.8,732126
2021-05-27 09:27:46,945.45,732373
2021-05-27 09:27:47,945.45,732862
2021-05-27 09:27:48,945.45,732935
2021-05-27 09:27:49,945.8,733198
2021-05-27 09:27:50,945.8,734374
2021-05-27 09:27:51,945.5,734444
2021-05-27 09:27:52,945.8,734721
2021-05-27 09:27:53,945.7,734926
2021-05-27 09:27:54,945.8,735307
2021-05-27 09:27:56,945.8,735366
2021-05-27 09:27:57,945.8,735466
2021-05-27 09:27:58,945.8,735936
2021-05-27 09:28:00,945.8,736036
2021-05-27 09:28:01,945.8,736460
2021-05-27 09:28:02,945.65,736602
2021-05-27 09:28:03,945.8,736678
2021-05-27 09:28:04,946.0,737513
2021-05-27 09:28:05,946.5,737738
2021-05-27 09:28:05,946.0,737799
2021-05-27 09:28:06,946.0,738154
2021-05-27 09:28:07,946.0,738772
2021-05-27 09:28:08,946.0,739100
2021-05-27 09:28:09,946.2,739103
2021-05-27 09:28:11,946.2,739983
2021-05-27 09:28:14,946.2,741196
2021-05-27 09:28:16,946.25,741646
2021-05-27 09:28:17,946.2,741996
2021-05-27 09:28:18,946.2,743360
2021-05-27 09:28:18,946.2,743469
2021-05-27 09:28:19,946.2,743625
2021-05-27 09:28:20,946.95,744425
2021-05-27 09:28:21,947.45,744931
2021-05-27 09:28:22,947.35,748701
2021-05-27 09:28:23,947.9,748724
2021-05-27 09:28:24,947.55,749583
2021-05-27 09:28:25,947.6,750107
2021-05-27 09:28:26,947.9,750157
2021-05-27 09:28:28,947.85,750184
2021-05-27 09:28:29,947.85,750296
2021-05-27 09:28:30,947.7,750501
2021-05-27 09:28:31,947.8,750755
2021-05-27 09:28:32,947.85,751618
2021-05-27 09:28:33,947.85,751777
2021-05-27 09:28:34,947.85,751786
2021-05-27 09:28:35,947.85,751866
2021-05-27 09:28:35,947.85,751902
2021-05-27 09:28:36,947.7,752119
2021-05-27 09:28:37,947.75,752225
2021-05-27 09:28:39,947.75,753543
2021-05-27 09:28:40,947.75,753678
2021-05-27 09:28:41,947.75,753981
2021-05-27 09:28:42,947.75,754509
2021-05-27 09:28:43,947.7,754698
2021-05-27 09:28:44,947.75,755099
2021-05-27 09:28:45,947.75,755149
2021-05-27 09:28:46,947.75,755149
2021-05-27 09:28:47,947.7,755525
2021-05-27 09:28:48,947.6,756031
2021-05-27 09:28:49,947.6,756031
2021-05-27 09:28:50,947.65,756032
2021-05-27 09:28:51,947.65,756032
2021-05-27 09:28:52,947.65,756260
2021-05-27 09:28:52,947.7,756270
2021-05-27 09:28:53,947.75,758505
2021-05-27 09:28:54,947.7,758932
2021-05-27 09:28:55,948.1,759174
2021-05-27 09:28:56,947.9,759701
2021-05-27 09:28:57,947.8,760324
2021-05-27 09:28:59,948.25,761053
2021-05-27 09:29:00,948.4,761122
2021-05-27 09:29:01,948.8,761373
2021-05-27 09:29:02,948.8,761752
2021-05-27 09:29:03,948.45,761810
2021-05-27 09:29:04,948.8,761846
2021-05-27 09:29:05,948.8,761890
2021-05-27 09:29:06,948.8,761997
2021-05-27 09:29:07,948.8,762238
2021-05-27 09:29:08,948.8,762311
2021-05-27 09:29:09,948.8,764673
2021-05-27 09:29:09,948.8,764326
2021-05-27 09:29:10,948.8,765074
2021-05-27 09:29:11,948.55,765201
2021-05-27 09:29:12,948.55,765201
2021-05-27 09:29:13,948.8,765654
2021-05-27 09:29:14,948.8,765970
2021-05-27 09:29:15,948.8,766110
2021-05-27 09:29:16,948.6,766252
2021-05-27 09:29:17,948.8,766276
2021-05-27 09:29:18,948.6,767019
2021-05-27 09:29:19,949.05,773805
2021-05-27 09:29:20,949.1,774946
2021-05-27 09:29:22,949.05,776677
2021-05-27 09:29:23,948.8,776975
2021-05-27 09:29:24,949.0,777172
2021-05-27 09:29:25,949.0,778537
2021-05-27 09:29:26,949.0,778932
2021-05-27 09:29:27,949.0,779351
2021-05-27 09:29:28,949.0,779459
2021-05-27 09:29:29,949.0,782501
2021-05-27 09:29:30,949.0,784772
2021-05-27 09:29:30,949.4,784802
2021-05-27 09:29:31,949.4,784864
2021-05-27 09:29:32,949.4,785079
2021-05-27 09:29:34,949.0,785108
2021-05-27 09:29:35,949.3,785159
2021-05-27 09:29:36,949.3,785201
2021-05-27 09:29:37,949.3,790099
2021-05-27 09:29:38,949.35,791645
2021-05-27 09:29:39,949.3,792200
2021-05-27 09:29:41,949.75,792647
2021-05-27 09:29:43,949.75,802629
2021-05-27 09:29:44,950.2,803238
2021-05-27 09:29:46,950.2,803317
2021-05-27 09:29:47,950.0,803380
2021-05-27 09:29:48,949.8,804045
2021-05-27 09:29:48,949.95,804195
2021-05-27 09:29:50,950.0,805577
2021-05-27 09:29:50,950.0,806752
2021-05-27 09:29:51,949.9,807581
2021-05-27 09:29:52,950.65,808092
2021-05-27 09:29:53,950.65,808510
2021-05-27 09:29:55,950.4,809606
2021-05-27 09:29:56,950.65,810247
2021-05-27 09:29:57,950.85,810361
2021-05-27 09:29:59,950.8,810443
2021-05-27 09:30:00,951.0,813682
2021-05-27 09:30:01,950.95,814145
2021-05-27 09:30:03,950.95,815018
2021-05-27 09:30:04,950.65,815482
2021-05-27 09:30:05,950.95,816681
2021-05-27 09:30:06,950.7,817412
2021-05-27 09:30:07,950.7,817711
2021-05-27 09:30:08,950.75,817935
2021-05-27 09:30:09,950.6,818413
2021-05-27 09:30:10,950.65,818644
2021-05-27 09:30:11,950.7,820557
2021-05-27 09:30:12,950.95,821261
2021-05-27 09:30:14,950.45,822549
2021-05-27 09:30:14,950.85,822600
2021-05-27 09:30:15,950.8,822705
2021-05-27 09:30:16,950.8,822881
2021-05-27 09:30:17,950.2,823181
2021-05-27 09:30:18,950.65,823528
2021-05-27 09:30:19,950.5,823671
2021-05-27 09:30:21,950.5,823681
2021-05-27 09:30:22,950.5,824843
2021-05-27 09:30:23,950.5,826064
2021-05-27 09:30:24,950.7,826747
2021-05-27 09:30:25,950.5,827087
2021-05-27 09:30:26,950.35,827327
2021-05-27 09:30:27,950.5,827342
2021-05-27 09:30:28,950.5,827761
2021-05-27 09:30:29,950.45,828560
2021-05-27 09:30:31,950.35,828984
2021-05-27 09:30:32,950.55,829949
2021-05-27 09:30:33,950.15,831779
2021-05-27 09:30:34,950.0,831892
2021-05-27 09:30:35,950.0,832252
2021-05-27 09:30:35,950.35,832277
2021-05-27 09:30:37,950.35,832985
2021-05-27 09:30:38,950.05,833085
2021-05-27 09:30:39,950.35,833185
2021-05-27 09:30:40,950.0,833320
2021-05-27 09:30:40,950.0,833360
2021-05-27 09:30:42,950.05,833456
2021-05-27 09:30:43,950.0,833745
2021-05-27 09:30:44,950.15,835966
2021-05-27 09:30:45,950.45,837304
2021-05-27 09:30:46,950.85,839197
2021-05-27 09:30:47,950.4,839466
2021-05-27 09:30:48,950.7,839751
2021-05-27 09:30:49,950.7,839760
2021-05-27 09:30:50,950.7,839812
2021-05-27 09:30:51,950.7,839829
2021-05-27 09:30:52,950.7,839991
2021-05-27 09:30:53,950.7,841000
2021-05-27 09:30:54,950.7,841200
2021-05-27 09:30:55,950.7,841306
2021-05-27 09:30:56,950.65,841378
2021-05-27 09:30:57,950.65,841575
2021-05-27 09:30:58,950.45,841859
2021-05-27 09:30:59,950.5,841915
2021-05-27 09:30:59,950.5,841915
2021-05-27 09:31:00,950.45,842226
2021-05-27 09:31:01,950.8,842748
2021-05-27 09:31:02,950.7,843453
2021-05-27 09:31:03,950.65,844076
2021-05-27 09:31:05,951.0,845158
2021-05-27 09:31:06,951.0,846025
2021-05-27 09:31:07,950.95,846138
2021-05-27 09:31:08,950.65,846643
2021-05-27 09:31:09,950.65,846944
2021-05-27 09:31:10,950.95,847144
2021-05-27 09:31:11,950.75,847311
2021-05-27 09:31:12,950.95,847434
2021-05-27 09:31:13,950.95,847932
2021-05-27 09:31:14,951.0,854533
2021-05-27 09:31:15,950.9,855690
2021-05-27 09:31:16,950.85,857144
2021-05-27 09:31:18,950.85,858738
2021-05-27 09:31:18,950.85,858738
2021-05-27 09:31:20,950.9,860351
2021-05-27 09:31:21,951.3,860910
2021-05-27 09:31:22,951.25,861014
2021-05-27 09:31:23,951.1,861376
2021-05-27 09:31:24,950.9,861552
2021-05-27 09:31:26,951.1,861732
2021-05-27 09:31:27,951.0,862731
2021-05-27 09:31:28,951.5,863155
2021-05-27 09:31:29,951.1,864990
2021-05-27 09:31:30,951.1,865085
2021-05-27 09:31:31,951.05,865554
2021-05-27 09:31:32,951.5,865857
2021-05-27 09:31:33,951.15,866938
2021-05-27 09:31:34,951.45,867003
2021-05-27 09:31:35,951.25,867316
2021-05-27 09:31:36,951.5,867575
2021-05-27 09:31:37,951.95,867838
2021-05-27 09:31:38,952.0,870138
2021-05-27 09:31:39,951.95,870320
2021-05-27 09:31:40,951.95,870760
2021-05-27 09:31:41,951.95,870830
2021-05-27 09:31:42,951.95,895572
2021-05-27 09:31:43,951.45,897721
2021-05-27 09:31:44,951.8,907471
2021-05-27 09:31:45,952.0,908402
2021-05-27 09:31:47,952.0,909575
2021-05-27 09:31:48,951.95,910087
2021-05-27 09:31:49,952.0,911824
2021-05-27 09:31:50,952.5,913679
2021-05-27 09:31:51,952.0,914080
2021-05-27 09:31:52,952.0,914476
2021-05-27 09:31:53,951.75,914565
2021-05-27 09:31:54,952.55,916177
2021-05-27 09:31:54,952.55,916477
2021-05-27 09:31:57,952.55,916642
2021-05-27 09:31:58,952.05,916698
2021-05-27 09:31:59,952.15,917876
2021-05-27 09:32:00,952.45,918346
2021-05-27 09:32:01,952.05,919328
2021-05-27 09:32:02,952.5,919543
2021-05-27 09:32:03,952.0,919822
2021-05-27 09:32:04,952.4,920394
2021-05-27 09:32:05,952.45,921167
2021-05-27 09:32:06,952.45,922133
2021-05-27 09:32:07,952.2,922851
2021-05-27 09:32:08,952.75,922972
2021-05-27 09:32:09,952.45,923052
2021-05-27 09:32:10,952.8,923207
2021-05-27 09:32:10,952.8,923209
2021-05-27 09:32:13,952.5,926733
2021-05-27 09:32:14,953.0,927075
2021-05-27 09:32:15,952.8,928170
2021-05-27 09:32:17,952.6,928907
2021-05-27 09:32:18,952.7,929223
2021-05-27 09:32:21,952.7,930265
2021-05-27 09:32:22,952.8,930622
2021-05-27 09:32:23,952.8,930885
2021-05-27 09:32:24,952.65,931081
2021-05-27 09:32:25,952.7,931442
2021-05-27 09:32:26,952.6,932473
2021-05-27 09:32:27,952.7,934156
2021-05-27 09:32:28,952.5,934704
2021-05-27 09:32:29,952.7,934939
2021-05-27 09:32:30,952.9,935642
2021-05-27 09:32:31,952.5,937685
2021-05-27 09:32:32,952.5,937769
2021-05-27 09:32:33,952.8,938492
2021-05-27 09:32:34,952.9,938692
2021-05-27 09:32:35,952.9,939436
2021-05-27 09:32:36,952.7,939804
2021-05-27 09:32:37,952.7,940282
2021-05-27 09:32:38,952.5,940714
2021-05-27 09:32:39,952.65,940737
2021-05-27 09:32:40,952.55,940753
2021-05-27 09:32:41,952.65,940923
2021-05-27 09:32:42,952.7,941032
2021-05-27 09:32:43,952.15,942824
2021-05-27 09:32:44,952.55,943532
2021-05-27 09:32:45,952.7,943590
2021-05-27 09:32:46,952.4,943953
2021-05-27 09:32:47,952.75,944501
2021-05-27 09:32:49,953.2,955640
2021-05-27 09:32:50,953.15,956024
2021-05-27 09:32:51,952.7,956070
2021-05-27 09:32:52,953.15,956472
2021-05-27 09:32:54,952.85,957327
2021-05-27 09:32:55,952.75,957444
2021-05-27 09:32:56,952.7,958881
2021-05-27 09:32:57,952.75,959079
2021-05-27 09:32:58,953.15,959167
2021-05-27 09:32:59,952.45,961819
2021-05-27 09:33:00,952.8,963384
2021-05-27 09:33:01,952.8,963384
2021-05-27 09:33:02,952.6,964581
2021-05-27 09:33:03,952.85,968886
2021-05-27 09:33:04,952.85,969285
2021-05-27 09:33:05,952.45,969837
2021-05-27 09:33:06,952.15,970123
2021-05-27 09:33:07,952.85,970738
2021-05-27 09:33:08,952.7,973209
2021-05-27 09:33:09,952.8,974263
2021-05-27 09:33:10,953.0,975093
2021-05-27 09:33:11,952.7,976016
2021-05-27 09:33:12,952.85,976774
2021-05-27 09:33:13,952.25,978224
2021-05-27 09:33:14,952.85,978547
2021-05-27 09:33:15,952.85,978547
2021-05-27 09:33:16,952.25,978803
2021-05-27 09:33:18,952.4,979085
2021-05-27 09:33:19,952.3,979135
2021-05-27 09:33:20,952.85,979261
2021-05-27 09:33:21,952.85,979355
2021-05-27 09:33:22,952.8,979508
2021-05-27 09:33:23,952.75,979668
2021-05-27 09:33:24,952.4,979678
2021-05-27 09:33:25,952.85,979804
2021-05-27 09:33:26,952.3,980009
2021-05-27 09:33:27,952.35,980483
2021-05-27 09:33:28,952.8,980540
2021-05-27 09:33:29,952.4,981009
2021-05-27 09:33:30,952.8,981338
2021-05-27 09:33:31,952.7,981468
2021-05-27 09:33:32,952.7,982509
2021-05-27 09:33:33,952.8,983019
2021-05-27 09:33:34,952.4,983059
2021-05-27 09:33:35,952.8,983527
2021-05-27 09:33:36,952.75,983911
2021-05-27 09:33:37,952.7,984709
2021-05-27 09:33:38,952.3,984824
2021-05-27 09:33:39,952.25,985335
2021-05-27 09:33:40,952.5,985405
2021-05-27 09:33:41,952.35,985530
2021-05-27 09:33:42,952.55,986050
2021-05-27 09:33:43,952.5,986058
2021-05-27 09:33:44,952.0,989896
2021-05-27 09:33:45,952.0,990090
2021-05-27 09:33:46,952.0,990290
2021-05-27 09:33:47,952.0,991333
2021-05-27 09:33:48,951.95,991614
2021-05-27 09:33:49,952.0,991753
2021-05-27 09:33:50,951.55,992270
2021-05-27 09:33:51,951.65,992289
2021-05-27 09:33:52,951.95,992734
2021-05-27 09:33:53,951.55,992979
2021-05-27 09:33:54,951.95,993049
2021-05-27 09:33:55,951.95,993119
2021-05-27 09:33:56,951.75,994418
2021-05-27 09:33:57,951.95,994500
2021-05-27 09:33:58,951.75,994502
2021-05-27 09:33:59,951.75,994551
2021-05-27 09:34:00,951.5,996102
2021-05-27 09:34:01,951.65,997557
2021-05-27 09:34:02,951.9,999152
2021-05-27 09:34:03,951.85,999175
2021-05-27 09:34:04,951.6,999301
2021-05-27 09:34:05,952.05,1007843
2021-05-27 09:34:06,952.1,1008000
2021-05-27 09:34:07,952.1,1008000
2021-05-27 09:34:08,951.7,1008629
2021-05-27 09:34:09,951.65,1008940
2021-05-27 09:34:10,951.65,1009242
2021-05-27 09:34:11,951.7,1009733
2021-05-27 09:34:12,951.9,1010721
2021-05-27 09:34:13,951.9,1010822
2021-05-27 09:34:15,951.9,1010987
2021-05-27 09:34:16,951.6,1011552
2021-05-27 09:34:17,951.7,1013025
2021-05-27 09:34:18,951.7,1013078
2021-05-27 09:34:19,952.0,1013098
2021-05-27 09:34:20,951.7,1013576
2021-05-27 09:34:21,951.85,1013926
2021-05-27 09:34:22,951.45,1014104
2021-05-27 09:34:23,951.9,1014369
2021-05-27 09:34:24,951.9,1014409
2021-05-27 09:34:25,951.9,1014471
2021-05-27 09:34:26,951.5,1014516
2021-05-27 09:34:27,951.65,1014738
2021-05-27 09:34:28,951.8,1014788
2021-05-27 09:34:29,951.85,1014802
2021-05-27 09:34:30,951.8,1014858
2021-05-27 09:34:31,951.5,1014973
2021-05-27 09:34:32,951.55,1015322
2021-05-27 09:34:33,951.8,1015377
2021-05-27 09:34:34,951.8,1015527
2021-05-27 09:34:35,951.8,1015882
2021-05-27 09:34:36,951.5,1016162
2021-05-27 09:34:38,951.8,1016215
2021-05-27 09:34:39,951.8,1016267
2021-05-27 09:34:40,951.5,1016374
2021-05-27 09:34:42,951.55,1016973
2021-05-27 09:34:43,951.55,1017053
2021-05-27 09:34:46,951.6,1017180
2021-05-27 09:34:47,951.3,1022362
2021-05-27 09:34:48,951.55,1022762
2021-05-27 09:34:49,951.3,1022899
2021-05-27 09:34:50,951.3,1022899
2021-05-27 09:34:50,951.55,1023099
2021-05-27 09:34:51,951.55,1024963
2021-05-27 09:34:52,951.45,1025302
2021-05-27 09:34:53,951.2,1025452
2021-05-27 09:34:54,951.1,1025698
2021-05-27 09:34:55,951.2,1025781
2021-05-27 09:34:56,951.0,1026613
2021-05-27 09:34:57,951.1,1026815
2021-05-27 09:34:58,951.35,1026819
2021-05-27 09:34:59,951.2,1027984
2021-05-27 09:35:00,951.0,1028081
2021-05-27 09:35:01,951.0,1028138
2021-05-27 09:35:02,951.05,1028242
2021-05-27 09:35:03,951.0,1028842
2021-05-27 09:35:04,951.05,1028892
2021-05-27 09:35:05,951.0,1031086
2021-05-27 09:35:06,951.5,1031731
2021-05-27 09:35:07,951.55,1032541
2021-05-27 09:35:08,951.5,1032582
2021-05-27 09:35:10,951.25,1032583
2021-05-27 09:35:11,951.5,1032612
2021-05-27 09:35:12,951.55,1032988
2021-05-27 09:35:13,951.35,1033094
2021-05-27 09:35:14,951.75,1034053
2021-05-27 09:35:14,952.05,1035568
2021-05-27 09:35:15,951.7,1035615
2021-05-27 09:35:16,951.7,1035631
2021-05-27 09:35:17,951.7,1035702
2021-05-27 09:35:18,951.7,1035702
2021-05-27 09:35:19,952.0,1035761
2021-05-27 09:35:20,952.0,1035778
2021-05-27 09:35:21,952.0,1035817
2021-05-27 09:35:22,952.0,1036048
2021-05-27 09:35:23,952.0,1036054
2021-05-27 09:35:24,951.75,1046120
2021-05-27 09:35:25,951.75,1046170
2021-05-27 09:35:26,952.0,1046449
2021-05-27 09:35:28,951.7,1046456
2021-05-27 09:35:29,952.0,1046890
2021-05-27 09:35:30,952.0,1052322
2021-05-27 09:35:31,952.7,1054932
2021-05-27 09:35:32,952.7,1054936
2021-05-27 09:35:33,952.85,1055498
2021-05-27 09:35:34,952.4,1055539
2021-05-27 09:35:35,952.7,1055552
2021-05-27 09:35:36,952.7,1055783
2021-05-27 09:35:37,952.7,1056988
2021-05-27 09:35:38,952.7,1057033
2021-05-27 09:35:39,952.65,1057171
2021-05-27 09:35:40,952.95,1057191
2021-05-27 09:35:41,952.95,1057296
2021-05-27 09:35:43,952.7,1060217
2021-05-27 09:35:44,953.0,1061081
2021-05-27 09:35:46,953.0,1061745
2021-05-27 09:35:47,953.0,1062062
2021-05-27 09:35:48,952.95,1063566
2021-05-27 09:35:49,952.7,1064111
2021-05-27 09:35:50,953.0,1064141
2021-05-27 09:35:51,953.0,1064741
2021-05-27 09:35:52,953.0,1065182
2021-05-27 09:35:53,953.0,1065258
2021-05-27 09:35:54,953.0,1074826
2021-05-27 09:35:55,953.0,1074936
2021-05-27 09:35:56,952.7,1075041
2021-05-27 09:35:57,952.65,1075451
2021-05-27 09:35:58,953.5,1080224
2021-05-27 09:35:59,953.5,1080614
2021-05-27 09:36:00,953.75,1081325
2021-05-27 09:36:01,953.5,1081477
2021-05-27 09:36:02,953.35,1082037
2021-05-27 09:36:03,953.2,1082237
2021-05-27 09:36:04,953.75,1082447
2021-05-27 09:36:05,953.75,1082447
2021-05-27 09:36:06,953.85,1087500
2021-05-27 09:36:07,953.85,1087952
2021-05-27 09:36:08,953.9,1089483
2021-05-27 09:36:09,953.9,1099466
2021-05-27 09:36:14,954.0,1107187
2021-05-27 09:36:15,954.0,1108439
2021-05-27 09:36:16,953.6,1109089
2021-05-27 09:36:17,954.0,1109465
2021-05-27 09:36:18,954.0,1109520
2021-05-27 09:36:19,954.0,1110641
2021-05-27 09:36:20,953.75,1110666
2021-05-27 09:36:20,953.95,1110786
2021-05-27 09:36:21,953.85,1111093
2021-05-27 09:36:22,953.9,1111226
2021-05-27 09:36:23,953.9,1111815
2021-05-27 09:36:24,953.85,1112287
2021-05-27 09:36:25,953.85,1112892
2021-05-27 09:36:26,953.95,1113687
2021-05-27 09:36:27,953.55,1114839
2021-05-27 09:36:28,953.95,1115359
2021-05-27 09:36:29,953.5,1116095
2021-05-27 09:36:30,953.8,1116135
2021-05-27 09:36:31,954.0,1116662
2021-05-27 09:36:32,953.95,1116862
2021-05-27 09:36:34,953.95,1116874
2021-05-27 09:36:35,954.0,1117636
2021-05-27 09:36:35,954.0,1117836
2021-05-27 09:36:36,953.95,1117951
2021-05-27 09:36:37,953.95,1118014
2021-05-27 09:36:38,954.0,1118233
2021-05-27 09:36:39,953.55,1118387
2021-05-27 09:36:40,953.85,1118889
2021-05-27 09:36:41,953.95,1119768
2021-05-27 09:36:42,953.9,1120848
2021-05-27 09:36:45,953.55,1122232
2021-05-27 09:36:46,953.55,1122947
2021-05-27 09:36:46,953.85,1123047
2021-05-27 09:36:47,953.8,1123119
2021-05-27 09:36:48,953.3,1123458
2021-05-27 09:36:49,953.75,1123694
2021-05-27 09:36:50,953.75,1123736
2021-05-27 09:36:51,953.65,1124822
2021-05-27 09:36:52,953.7,1125025
2021-05-27 09:36:53,953.45,1125997
2021-05-27 09:36:54,953.45,1126017
2021-05-27 09:36:55,953.45,1126037
2021-05-27 09:36:56,953.45,1126064
2021-05-27 09:36:57,953.35,1126132
2021-05-27 09:36:59,953.3,1126175
2021-05-27 09:37:00,953.45,1126763
2021-05-27 09:37:01,953.2,1127669
2021-05-27 09:37:02,953.5,1127858
2021-05-27 09:37:03,953.3,1127984
2021-05-27 09:37:04,953.35,1128171
2021-05-27 09:37:06,953.0,1128823
2021-05-27 09:37:07,953.1,1131520
2021-05-27 09:37:08,952.65,1131831
2021-05-27 09:37:09,952.65,1131891
2021-05-27 09:37:10,953.0,1131944
2021-05-27 09:37:12,953.0,1132670
2021-05-27 09:37:13,953.0,1133030
2021-05-27 09:37:14,952.95,1133052
2021-05-27 09:37:15,952.95,1133155
2021-05-27 09:37:17,952.9,1134223
2021-05-27 09:37:18,953.05,1134323
2021-05-27 09:37:19,953.0,1134459
2021-05-27 09:37:20,953.0,1135502
2021-05-27 09:37:21,953.05,1135547
2021-05-27 09:37:22,953.05,1136805
2021-05-27 09:37:23,953.0,1137036
2021-05-27 09:37:25,952.95,1138365
2021-05-27 09:37:24,952.95,1137927
2021-05-27 09:37:26,953.0,1138940
2021-05-27 09:37:26,952.95,1138945
2021-05-27 09:37:27,952.95,1139226
2021-05-27 09:37:28,953.0,1140196
2021-05-27 09:37:29,952.95,1140371
2021-05-27 09:37:30,953.4,1140654
2021-05-27 09:37:31,953.45,1141323
2021-05-27 09:37:32,953.25,1141325
2021-05-27 09:37:33,953.05,1141326
2021-05-27 09:37:34,953.05,1141478
2021-05-27 09:37:36,953.05,1141854
2021-05-27 09:37:37,953.05,1141960
2021-05-27 09:37:38,953.25,1141992
2021-05-27 09:37:39,953.45,1142286
2021-05-27 09:37:40,953.0,1142301
2021-05-27 09:37:41,953.0,1142489
2021-05-27 09:37:43,953.0,1144053
2021-05-27 09:37:44,953.05,1144669
2021-05-27 09:37:45,953.05,1145469
2021-05-27 09:37:47,952.55,1145509
2021-05-27 09:37:47,953.0,1145759
2021-05-27 09:37:48,953.05,1145898
2021-05-27 09:37:49,953.05,1145898
2021-05-27 09:37:50,953.05,1146012
2021-05-27 09:37:51,953.1,1146243
2021-05-27 09:37:52,953.05,1146355
2021-05-27 09:37:54,953.0,1146511
2021-05-27 09:37:55,953.0,1146511
2021-05-27 09:37:56,953.0,1146511
2021-05-27 09:37:57,953.0,1146516
2021-05-27 09:37:58,953.0,1147515
2021-05-27 09:37:59,953.0,1147615
2021-05-27 09:38:00,952.9,1147650
2021-05-27 09:38:02,952.7,1148227
2021-05-27 09:38:03,952.7,1148239
2021-05-27 09:38:04,952.95,1148944
2021-05-27 09:38:05,952.95,1148944
2021-05-27 09:38:06,952.85,1149020
2021-05-27 09:38:07,952.95,1149148
2021-05-27 09:38:07,952.7,1149149
2021-05-27 09:38:08,952.95,1149549
2021-05-27 09:38:09,952.7,1149583
2021-05-27 09:38:10,952.95,1149733
2021-05-27 09:38:11,952.7,1149738
2021-05-27 09:38:12,952.55,1150556
2021-05-27 09:38:13,952.7,1151527
2021-05-27 09:38:14,952.1,1158286
2021-05-27 09:38:15,952.6,1158380
2021-05-27 09:38:16,952.25,1161050
2021-05-27 09:38:17,952.75,1161613
2021-05-27 09:38:18,952.6,1161638
2021-05-27 09:38:19,952.6,1161638
2021-05-27 09:38:20,952.15,1161894
2021-05-27 09:38:21,952.0,1165114
2021-05-27 09:38:22,952.5,1166173
2021-05-27 09:38:23,952.0,1166483
2021-05-27 09:38:24,952.0,1166919
2021-05-27 09:38:25,952.0,1167028
2021-05-27 09:38:26,952.0,1167043
2021-05-27 09:38:27,952.0,1167057
2021-05-27 09:38:28,952.0,1167107
2021-05-27 09:38:29,951.85,1167144
2021-05-27 09:38:31,952.0,1167801
2021-05-27 09:38:32,952.05,1167805
2021-05-27 09:38:33,952.0,1167969
2021-05-27 09:38:34,952.1,1168099
2021-05-27 09:38:35,952.5,1168299
2021-05-27 09:38:36,952.05,1168457
2021-05-27 09:38:37,952.2,1168526
2021-05-27 09:38:38,952.05,1168551
2021-05-27 09:38:39,952.45,1168574
2021-05-27 09:38:40,952.5,1168577
2021-05-27 09:38:40,952.1,1168727
2021-05-27 09:38:41,952.05,1169230
2021-05-27 09:38:42,952.5,1170272
2021-05-27 09:38:43,952.45,1171299
2021-05-27 09:38:44,952.45,1171299
2021-05-27 09:38:45,952.3,1171547
2021-05-27 09:38:46,952.5,1171737
2021-05-27 09:38:47,952.65,1171765
2021-05-27 09:38:48,952.65,1171765
2021-05-27 09:38:49,952.5,1171775
2021-05-27 09:38:50,952.35,1171880
2021-05-27 09:38:51,952.5,1171887
2021-05-27 09:38:52,952.6,1171940
2021-05-27 09:38:53,952.65,1172071
2021-05-27 09:38:55,952.65,1172491
2021-05-27 09:38:56,952.5,1172540
2021-05-27 09:38:57,952.6,1172841
2021-05-27 09:38:58,952.5,1173916
2021-05-27 09:38:59,952.5,1173978
2021-05-27 09:39:00,952.3,1174157
2021-05-27 09:39:01,952.5,1174199
2021-05-27 09:39:01,952.5,1174780
2021-05-27 09:39:02,952.5,1174787
2021-05-27 09:39:03,952.65,1174889
2021-05-27 09:39:04,952.5,1175096
2021-05-27 09:39:05,952.8,1176123
2021-05-27 09:39:06,952.3,1176178
2021-05-27 09:39:07,952.85,1176415
2021-05-27 09:39:08,952.35,1176773
2021-05-27 09:39:09,952.85,1176776
2021-05-27 09:39:10,952.8,1176841
2021-05-27 09:39:12,952.9,1177251
2021-05-27 09:39:13,952.6,1177253
2021-05-27 09:39:14,952.4,1177326
2021-05-27 09:39:15,952.75,1177376
2021-05-27 09:39:16,952.65,1177632
2021-05-27 09:39:17,952.5,1177696
2021-05-27 09:39:18,952.7,1177757
2021-05-27 09:39:19,952.5,1177767
2021-05-27 09:39:20,952.7,1178092
2021-05-27 09:39:21,952.5,1178149
2021-05-27 09:39:22,952.7,1178258
2021-05-27 09:39:23,952.8,1178536
2021-05-27 09:39:24,952.5,1178537
2021-05-27 09:39:25,952.5,1178537
2021-05-27 09:39:26,953.0,1179665
2021-05-27 09:39:27,952.95,1179715
2021-05-27 09:39:28,952.95,1179715
2021-05-27 09:39:28,952.95,1179715
2021-05-27 09:39:29,952.5,1179742
2021-05-27 09:39:30,952.5,1179837
2021-05-27 09:39:32,952.5,1179956
2021-05-27 09:39:33,952.9,1180281
2021-05-27 09:39:34,952.9,1180292
2021-05-27 09:39:35,952.8,1180321
2021-05-27 09:39:36,952.5,1180701
2021-05-27 09:39:37,952.5,1181146
2021-05-27 09:39:38,952.9,1181296
2021-05-27 09:39:39,952.95,1182074
2021-05-27 09:39:40,952.9,1182199
2021-05-27 09:39:41,952.3,1182697
2021-05-27 09:39:42,952.3,1183814
2021-05-27 09:39:43,952.75,1183927
2021-05-27 09:39:44,952.5,1184246
2021-05-27 09:39:45,952.5,1184246
2021-05-27 09:39:46,952.8,1185000
2021-05-27 09:39:47,952.3,1185109
2021-05-27 09:39:49,952.5,1185190
2021-05-27 09:39:51,952.5,1185355
2021-05-27 09:39:52,952.5,1186020
2021-05-27 09:39:53,952.5,1186021
2021-05-27 09:39:54,952.3,1186121
2021-05-27 09:39:55,952.15,1195311
2021-05-27 09:39:57,952.25,1197574
2021-05-27 09:39:58,951.7,1197634
2021-05-27 09:39:59,951.8,1197682
2021-05-27 09:40:00,952.2,1197829
2021-05-27 09:40:01,952.25,1201779
2021-05-27 09:40:03,952.35,1202499
2021-05-27 09:40:02,952.85,1202349
2021-05-27 09:40:04,952.55,1203321
2021-05-27 09:40:05,952.55,1203321
2021-05-27 09:40:06,952.9,1204698
2021-05-27 09:40:07,952.9,1205027
2021-05-27 09:40:08,952.9,1205052
2021-05-27 09:40:09,952.85,1205102
2021-05-27 09:40:10,952.85,1205396
2021-05-27 09:40:11,952.85,1205551
2021-05-27 09:40:12,952.55,1206221
2021-05-27 09:40:13,952.55,1206321
2021-05-27 09:40:15,952.75,1206382
2021-05-27 09:40:16,952.55,1206459
2021-05-27 09:40:18,952.3,1206534
2021-05-27 09:40:19,952.55,1206694
2021-05-27 09:40:20,952.55,1206694
2021-05-27 09:40:21,952.55,1206734
2021-05-27 09:40:22,952.55,1206787
2021-05-27 09:40:23,952.5,1206817
2021-05-27 09:40:25,952.35,1207044
2021-05-27 09:40:26,952.5,1208595
2021-05-27 09:40:27,952.45,1208881
2021-05-27 09:40:28,952.5,1209166
2021-05-27 09:40:29,952.5,1209171
2021-05-27 09:40:30,952.5,1209341
2021-05-27 09:40:31,952.45,1210075
2021-05-27 09:40:32,952.65,1210162
2021-05-27 09:40:34,952.8,1210285
2021-05-27 09:40:35,953.0,1213361
2021-05-27 09:40:36,953.3,1214967
2021-05-27 09:40:37,953.4,1215162
2021-05-27 09:40:39,953.5,1216134
2021-05-27 09:40:40,953.3,1216154
2021-05-27 09:40:41,953.45,1216200
2021-05-27 09:40:42,953.75,1217579
2021-05-27 09:40:44,953.9,1217800
2021-05-27 09:40:45,953.8,1218000
2021-05-27 09:40:46,953.8,1218000
2021-05-27 09:40:47,953.8,1218001
2021-05-27 09:40:48,953.75,1218171
2021-05-27 09:40:49,953.8,1218474
2021-05-27 09:40:51,953.35,1219013
2021-05-27 09:40:52,953.8,1219909
2021-05-27 09:40:54,953.35,1220275
2021-05-27 09:40:55,953.8,1220297
2021-05-27 09:40:56,953.8,1220375
2021-05-27 09:40:58,953.8,1220505
2021-05-27 09:40:59,953.8,1220531
2021-05-27 09:41:00,953.8,1220534
2021-05-27 09:41:01,953.8,1220757
2021-05-27 09:41:01,953.8,1220757
2021-05-27 09:41:02,953.8,1221028
2021-05-27 09:41:03,953.8,1221237
2021-05-27 09:41:05,953.8,1221440
2021-05-27 09:41:06,953.75,1221491
2021-05-27 09:41:07,953.7,1221572
2021-05-27 09:41:08,953.5,1221778
2021-05-27 09:41:09,953.5,1222520
2021-05-27 09:41:10,953.35,1222684
2021-05-27 09:41:11,953.35,1222694
2021-05-27 09:41:13,953.4,1222873
2021-05-27 09:41:14,953.35,1222893
2021-05-27 09:41:14,953.35,1222992
2021-05-27 09:41:16,953.4,1223992
2021-05-27 09:41:17,953.4,1224228
2021-05-27 09:41:18,953.4,1224304
2021-05-27 09:41:19,953.2,1224306
2021-05-27 09:41:20,953.2,1225545
2021-05-27 09:41:21,953.2,1225585
2021-05-27 09:41:23,953.2,1225956
2021-05-27 09:41:26,952.55,1229217
2021-05-27 09:41:27,953.2,1229377
2021-05-27 09:41:28,953.0,1229652
2021-05-27 09:41:30,953.0,1229954
2021-05-27 09:41:31,953.0,1230034
2021-05-27 09:41:32,953.0,1230059
2021-05-27 09:41:32,953.0,1230159
2021-05-27 09:41:34,952.65,1230924
2021-05-27 09:41:35,953.0,1231074
2021-05-27 09:41:36,952.9,1231138
2021-05-27 09:41:37,952.9,1231138
2021-05-27 09:41:38,952.85,1231389
2021-05-27 09:41:39,952.7,1231513
2021-05-27 09:41:41,952.7,1231513
2021-05-27 09:41:42,952.65,1231628
2021-05-27 09:41:43,952.7,1232088
2021-05-27 09:41:45,952.7,1232168
2021-05-27 09:41:47,952.65,1232280
2021-05-27 09:41:48,952.65,1232684
2021-05-27 09:41:49,952.65,1232690
2021-05-27 09:41:50,952.65,1232690
2021-05-27 09:41:51,952.65,1232800
2021-05-27 09:41:52,952.7,1234214
2021-05-27 09:41:53,952.55,1234304
2021-05-27 09:41:54,952.6,1235371
2021-05-27 09:41:57,952.7,1235663
2021-05-27 09:41:58,952.5,1236024
2021-05-27 09:41:59,952.5,1236381
2021-05-27 09:42:00,952.5,1236391
2021-05-27 09:42:01,952.5,1236507
2021-05-27 09:42:03,952.5,1237044
2021-05-27 09:42:04,952.5,1237493
2021-05-27 09:42:05,952.5,1237898
2021-05-27 09:42:06,953.25,1243188
2021-05-27 09:42:07,953.15,1243471
2021-05-27 09:42:08,953.1,1243597
2021-05-27 09:42:09,953.4,1244123
2021-05-27 09:42:10,953.05,1244381
2021-05-27 09:42:12,953.65,1246059
2021-05-27 09:42:14,953.4,1246427
2021-05-27 09:42:15,953.35,1246607
2021-05-27 09:42:16,953.3,1246950
2021-05-27 09:42:17,953.8,1246962
2021-05-27 09:42:18,953.4,1247362
2021-05-27 09:42:19,953.4,1247362
2021-05-27 09:42:20,953.75,1247371
2021-05-27 09:42:21,953.4,1247524
2021-05-27 09:42:22,953.8,1247599
2021-05-27 09:42:23,953.45,1247996
2021-05-27 09:42:24,953.8,1248018
2021-05-27 09:42:26,953.4,1249845
2021-05-27 09:42:27,953.4,1251652
2021-05-27 09:42:28,953.55,1252269
2021-05-27 09:42:29,953.5,1252396
2021-05-27 09:42:31,953.4,1252685
2021-05-27 09:42:32,953.7,1252689
2021-05-27 09:42:33,953.7,1252694
2021-05-27 09:42:34,953.4,1252834
2021-05-27 09:42:35,953.4,1252834
2021-05-27 09:42:36,953.4,1252905
2021-05-27 09:42:37,953.75,1252974
2021-05-27 09:42:38,953.8,1253459
2021-05-27 09:42:39,953.8,1253776
2021-05-27 09:42:40,953.5,1253783
2021-05-27 09:42:41,953.5,1253785
2021-05-27 09:42:42,953.8,1254035
2021-05-27 09:42:43,953.25,1254696
2021-05-27 09:42:44,953.5,1254708
2021-05-27 09:42:45,953.5,1254909
2021-05-27 09:42:45,953.5,1254935
2021-05-27 09:42:47,953.5,1255408
2021-05-27 09:42:48,953.5,1255518
2021-05-27 09:42:49,953.1,1255913
2021-05-27 09:42:50,953.7,1257291
2021-05-27 09:42:52,953.95,1276665
2021-05-27 09:42:53,954.2,1276679
2021-05-27 09:42:54,954.25,1276688
2021-05-27 09:42:54,954.25,1276889
2021-05-27 09:42:55,954.3,1277219
2021-05-27 09:42:57,954.3,1277325
2021-05-27 09:42:58,954.3,1277523
2021-05-27 09:42:59,954.65,1283539
2021-05-27 09:43:00,954.65,1283722
2021-05-27 09:43:01,954.25,1283858
2021-05-27 09:43:02,954.25,1283988
2021-05-27 09:43:03,954.6,1284363
2021-05-27 09:43:04,954.0,1284684
2021-05-27 09:43:05,954.25,1284799
2021-05-27 09:43:06,954.0,1284978
2021-05-27 09:43:07,954.45,1285031
2021-05-27 09:43:08,954.3,1285263
2021-05-27 09:43:09,954.5,1285803
2021-05-27 09:43:10,954.5,1285803
2021-05-27 09:43:11,954.7,1286390
2021-05-27 09:43:12,954.7,1286484
2021-05-27 09:43:13,954.7,1286891
2021-05-27 09:43:14,954.65,1287008
2021-05-27 09:43:14,954.65,1287008
2021-05-27 09:43:15,954.05,1287571
2021-05-27 09:43:16,954.55,1287663
2021-05-27 09:43:18,953.85,1291650
2021-05-27 09:43:19,953.85,1291650
2021-05-27 09:43:20,954.3,1291914
2021-05-27 09:43:21,954.3,1291954
2021-05-27 09:43:22,954.7,1293071
2021-05-27 09:43:23,954.4,1293435
2021-05-27 09:43:24,954.45,1293537
2021-05-27 09:43:25,953.75,1294656
2021-05-27 09:43:26,954.25,1294716
2021-05-27 09:43:27,953.55,1294937
2021-05-27 09:43:29,954.35,1294993
2021-05-27 09:43:30,953.75,1295662
2021-05-27 09:43:31,953.75,1295999
2021-05-27 09:43:33,953.95,1296368
2021-05-27 09:43:34,954.1,1296418
2021-05-27 09:43:35,953.95,1296544
2021-05-27 09:43:36,954.1,1296924
2021-05-27 09:43:37,953.9,1297030
2021-05-27 09:43:38,953.75,1297188
2021-05-27 09:43:39,954.0,1297242
2021-05-27 09:43:40,953.6,1297642
2021-05-27 09:43:41,953.65,1297767
2021-05-27 09:43:42,953.6,1299072
2021-05-27 09:43:43,953.95,1299248
2021-05-27 09:43:44,953.9,1299416
2021-05-27 09:43:45,953.75,1299612
2021-05-27 09:43:47,953.95,1300050
2021-05-27 09:43:48,953.95,1300050
2021-05-27 09:43:49,954.05,1300847
2021-05-27 09:43:51,954.25,1301867
2021-05-27 09:43:53,954.1,1301933
2021-05-27 09:43:55,954.25,1302174
2021-05-27 09:43:56,954.2,1302289
2021-05-27 09:43:57,954.2,1302314
2021-05-27 09:43:58,954.0,1302464
2021-05-27 09:43:59,954.2,1302619
2021-05-27 09:44:00,953.75,1303789
2021-05-27 09:44:01,953.9,1305000
2021-05-27 09:44:02,953.8,1306201
2021-05-27 09:44:05,954.05,1306956
2021-05-27 09:44:06,954.05,1307127
2021-05-27 09:44:07,953.8,1307256
2021-05-27 09:44:08,954.0,1307454
2021-05-27 09:44:09,954.05,1307767
2021-05-27 09:44:10,954.05,1308614
2021-05-27 09:44:12,954.1,1308796
2021-05-27 09:44:13,954.1,1309238
2021-05-27 09:44:14,953.95,1310116
2021-05-27 09:44:16,953.9,1310308
2021-05-27 09:44:18,953.95,1310516
2021-05-27 09:44:19,953.95,1310546
2021-05-27 09:44:21,953.95,1311256
2021-05-27 09:44:22,953.95,1311698
2021-05-27 09:44:23,953.95,1311745
2021-05-27 09:44:24,953.8,1313848
2021-05-27 09:44:25,953.95,1313978
2021-05-27 09:44:27,954.1,1314273
2021-05-27 09:44:26,953.6,1314203
2021-05-27 09:44:28,954.1,1314618
2021-05-27 09:44:30,954.05,1315169
2021-05-27 09:44:29,953.8,1314908
2021-05-27 09:44:31,954.2,1316085
2021-05-27 09:44:32,954.2,1316452
2021-05-27 09:44:33,954.15,1317142
2021-05-27 09:44:34,954.2,1318832
2021-05-27 09:44:35,954.5,1325046
2021-05-27 09:44:36,954.45,1326071
2021-05-27 09:44:37,954.6,1326518
2021-05-27 09:44:38,954.7,1329819
2021-05-27 09:44:39,954.5,1329929
2021-05-27 09:44:40,954.5,1329954
2021-05-27 09:44:41,954.2,1330366
2021-05-27 09:44:42,954.7,1330401
2021-05-27 09:44:43,954.5,1331150
2021-05-27 09:44:44,954.8,1332076
2021-05-27 09:44:45,954.5,1332126
2021-05-27 09:44:46,954.7,1332246
2021-05-27 09:44:47,954.8,1334872
2021-05-27 09:44:48,954.8,1335401
2021-05-27 09:44:49,954.8,1335540
2021-05-27 09:44:50,954.8,1335752
2021-05-27 09:44:51,954.25,1335853
2021-05-27 09:44:52,954.8,1336429
2021-05-27 09:44:53,954.5,1336533
2021-05-27 09:44:54,954.8,1336693
2021-05-27 09:44:55,954.8,1337496
2021-05-27 09:44:56,954.8,1337651
2021-05-27 09:44:57,954.5,1337828
2021-05-27 09:44:58,954.75,1338120
2021-05-27 09:44:59,954.5,1338178
2021-05-27 09:45:00,954.75,1338838
2021-05-27 09:45:01,954.5,1339715
2021-05-27 09:45:02,954.3,1339730
2021-05-27 09:45:03,954.3,1339778
2021-05-27 09:45:04,954.3,1339941
2021-05-27 09:45:05,953.8,1341118
2021-05-27 09:45:06,954.15,1341795
2021-05-27 09:45:07,954.1,1342402
2021-05-27 09:45:08,953.7,1342656
2021-05-27 09:45:09,954.05,1342949
2021-05-27 09:45:16,953.75,1345273
2021-05-27 09:45:17,953.7,1345391
2021-05-27 09:45:18,954.05,1345501
2021-05-27 09:45:19,953.95,1346635
2021-05-27 09:45:20,953.5,1346770
2021-05-27 09:45:21,953.5,1348694
2021-05-27 09:45:22,953.4,1349013
2021-05-27 09:45:23,953.8,1349168
2021-05-27 09:45:24,953.75,1349238
2021-05-27 09:45:25,953.7,1350420
2021-05-27 09:45:26,953.75,1350601
2021-05-27 09:45:27,953.25,1351218
2021-05-27 09:45:28,953.7,1351473
2021-05-27 09:45:29,953.5,1351902
2021-05-27 09:45:30,953.5,1351904
2021-05-27 09:45:31,953.5,1351911
2021-05-27 09:45:32,953.5,1352001
2021-05-27 09:45:33,953.5,1352378
2021-05-27 09:45:34,953.1,1352408
2021-05-27 09:45:36,953.1,1352408
2021-05-27 09:45:36,953.5,1352428
2021-05-27 09:45:37,953.1,1352505
2021-05-27 09:45:39,953.2,1352811
2021-05-27 09:45:40,953.05,1352816
2021-05-27 09:45:41,953.05,1352895
2021-05-27 09:45:42,953.05,1353582
2021-05-27 09:45:43,953.05,1353582
2021-05-27 09:45:44,953.1,1353695
2021-05-27 09:45:45,953.1,1353742
2021-05-27 09:45:46,953.0,1354052
2021-05-27 09:45:48,953.0,1354110
2021-05-27 09:45:49,953.0,1361408
2021-05-27 09:45:50,953.05,1364341
2021-05-27 09:45:51,953.0,1364408
2021-05-27 09:45:52,952.3,1366415
2021-05-27 09:45:53,952.3,1366526
2021-05-27 09:45:54,952.3,1368267
2021-05-27 09:45:56,952.0,1369447
2021-05-27 09:45:57,952.0,1370139
2021-05-27 09:45:58,952.15,1370438
2021-05-27 09:46:00,952.3,1370469
2021-05-27 09:46:01,952.0,1370519
2021-05-27 09:46:02,952.3,1373785
2021-05-27 09:46:03,951.9,1374077
2021-05-27 09:46:04,952.05,1375192
2021-05-27 09:46:05,952.3,1375373
2021-05-27 09:46:07,952.6,1375687
2021-05-27 09:46:07,952.6,1375687
2021-05-27 09:46:08,952.6,1375687
2021-05-27 09:46:09,952.35,1376485
2021-05-27 09:46:10,952.3,1377037
2021-05-27 09:46:11,952.3,1377109
2021-05-27 09:46:12,952.6,1378348
2021-05-27 09:46:13,952.65,1378349
2021-05-27 09:46:14,953.0,1379158
2021-05-27 09:46:15,953.0,1379420
2021-05-27 09:46:16,952.7,1379525
2021-05-27 09:46:18,952.7,1379629
2021-05-27 09:46:19,952.7,1379658
2021-05-27 09:46:22,952.5,1380843
2021-05-27 09:46:23,952.95,1381258
2021-05-27 09:46:24,952.7,1381509
2021-05-27 09:46:25,952.7,1381636
2021-05-27 09:46:26,952.95,1381748
2021-05-27 09:46:27,952.95,1381758
2021-05-27 09:46:28,952.7,1381837
2021-05-27 09:46:29,952.95,1381883
2021-05-27 09:46:30,952.6,1381933
2021-05-27 09:46:33,952.75,1382068
2021-05-27 09:46:33,952.75,1382068
2021-05-27 09:46:34,952.75,1382074
2021-05-27 09:46:35,952.7,1382626
2021-05-27 09:46:36,952.7,1382626
2021-05-27 09:46:37,952.75,1382738
2021-05-27 09:46:39,952.75,1382864
2021-05-27 09:46:40,952.7,1382940
2021-05-27 09:46:41,952.7,1383037
2021-05-27 09:46:42,952.75,1383459
2021-05-27 09:46:44,952.75,1383490
2021-05-27 09:46:44,952.75,1383490
2021-05-27 09:46:48,952.75,1386121
2021-05-27 09:46:49,952.7,1387200
2021-05-27 09:46:50,952.7,1387265
2021-05-27 09:46:51,952.7,1387355
2021-05-27 09:46:52,952.75,1387460
2021-05-27 09:46:52,952.75,1387515
2021-05-27 09:46:53,952.7,1387608
2021-05-27 09:46:54,952.9,1388770
2021-05-27 09:46:55,952.9,1389020
2021-05-27 09:46:56,952.65,1389111
2021-05-27 09:46:57,952.9,1389136
2021-05-27 09:46:58,952.7,1390027
2021-05-27 09:46:59,952.9,1390212
2021-05-27 09:47:02,952.9,1391379
2021-05-27 09:47:03,953.0,1392953
2021-05-27 09:47:04,953.0,1393205
2021-05-27 09:47:05,953.0,1393467
2021-05-27 09:47:06,953.0,1393582
2021-05-27 09:47:06,953.0,1393582
2021-05-27 09:47:07,953.25,1394272
2021-05-27 09:47:08,953.05,1394381
2021-05-27 09:47:09,953.3,1394432
2021-05-27 09:47:10,953.65,1395548
2021-05-27 09:47:11,953.4,1399180
2021-05-27 09:47:12,953.2,1400097
2021-05-27 09:47:13,953.35,1401685
2021-05-27 09:47:14,953.0,1402532
2021-05-27 09:47:15,953.5,1402951
2021-05-27 09:47:16,953.1,1403064
2021-05-27 09:47:19,953.3,1403252
2021-05-27 09:47:19,953.3,1403252
2021-05-27 09:47:20,953.6,1405528
2021-05-27 09:47:21,953.3,1405569
2021-05-27 09:47:22,953.5,1405632
2021-05-27 09:47:23,953.5,1406023
2021-05-27 09:47:24,954.0,1408023
2021-05-27 09:47:25,953.35,1408099
2021-05-27 09:47:26,953.35,1408238
2021-05-27 09:47:27,953.35,1408289
2021-05-27 09:47:28,953.85,1408800
2021-05-27 09:47:29,953.35,1409062
2021-05-27 09:47:31,953.35,1409608
2021-05-27 09:47:32,953.65,1409659
2021-05-27 09:47:35,953.45,1410039
2021-05-27 09:47:36,953.65,1410358
2021-05-27 09:47:37,954.0,1411199
2021-05-27 09:47:38,953.8,1411263
2021-05-27 09:47:39,953.75,1411587
2021-05-27 09:47:40,954.0,1411849
2021-05-27 09:47:41,954.0,1412174
2021-05-27 09:47:41,954.0,1412174
2021-05-27 09:47:44,953.4,1415852
2021-05-27 09:47:45,954.0,1416869
2021-05-27 09:47:46,954.0,1417239
2021-05-27 09:47:47,953.6,1417317
2021-05-27 09:47:48,953.8,1417375
2021-05-27 09:47:49,953.8,1419696
2021-05-27 09:47:50,953.9,1422632
2021-05-27 09:47:51,954.0,1422730
2021-05-27 09:47:52,954.3,1423090
2021-05-27 09:47:53,954.3,1423192
2021-05-27 09:47:54,954.4,1423383
2021-05-27 09:47:55,954.4,1424083
2021-05-27 09:47:57,954.4,1424705
2021-05-27 09:47:58,954.0,1425005
2021-05-27 09:48:00,954.1,1425499
2021-05-27 09:48:01,954.3,1425579
2021-05-27 09:48:02,954.8,1429501
2021-05-27 09:48:03,954.35,1430202
2021-05-27 09:48:04,954.7,1430217
2021-05-27 09:48:04,954.8,1431217
2021-05-27 09:48:05,954.8,1431618
2021-05-27 09:48:06,954.75,1431734
2021-05-27 09:48:07,954.75,1431809
2021-05-27 09:48:08,954.75,1432008
2021-05-27 09:48:10,954.45,1432273
2021-05-27 09:48:11,954.7,1432323
2021-05-27 09:48:13,954.75,1434196
2021-05-27 09:48:15,954.75,1435158
2021-05-27 09:48:17,954.9,1435487
2021-05-27 09:48:19,954.9,1436299
2021-05-27 09:48:19,954.9,1436449
2021-05-27 09:48:20,955.05,1487531
2021-05-27 09:48:21,955.35,1488289
2021-05-27 09:48:22,955.1,1490567
2021-05-27 09:48:24,955.25,1491933
2021-05-27 09:48:25,955.25,1492732
2021-05-27 09:48:26,955.3,1493476
2021-05-27 09:48:27,955.7,1494469
2021-05-27 09:48:28,955.3,1494796
2021-05-27 09:48:30,955.7,1497599
2021-05-27 09:48:32,955.8,1498430
2021-05-27 09:48:33,955.5,1499039
2021-05-27 09:48:34,955.35,1499481
2021-05-27 09:48:35,955.5,1500275
2021-05-27 09:48:36,955.65,1516737
2021-05-27 09:48:37,955.7,1518719
2021-05-27 09:48:38,955.7,1519230
2021-05-27 09:48:39,955.35,1520194
2021-05-27 09:48:40,955.8,1520501
2021-05-27 09:48:41,956.15,1524804
2021-05-27 09:48:42,956.25,1524987
2021-05-27 09:48:43,956.0,1530456
2021-05-27 09:48:44,956.0,1530752
2021-05-27 09:48:46,956.45,1532320
2021-05-27 09:48:47,955.85,1533136
2021-05-27 09:48:47,956.0,1533236
2021-05-27 09:48:48,956.4,1534195
2021-05-27 09:48:49,956.4,1534968
2021-05-27 09:48:50,956.25,1536600
2021-05-27 09:48:51,956.45,1537083
2021-05-27 09:48:52,956.4,1538365
2021-05-27 09:48:53,956.3,1540619
2021-05-27 09:48:54,956.4,1542582
2021-05-27 09:48:55,956.4,1543230
2021-05-27 09:48:56,956.15,1544165
2021-05-27 09:48:57,956.0,1545178
2021-05-27 09:48:58,956.0,1546257
2021-05-27 09:48:59,956.25,1546819
2021-05-27 09:49:00,956.0,1546952
2021-05-27 09:49:02,956.0,1549512
2021-05-27 09:49:03,955.95,1550928
2021-05-27 09:49:03,955.95,1550908
2021-05-27 09:49:05,955.9,1551093
2021-05-27 09:49:06,955.8,1553042
2021-05-27 09:49:06,955.75,1553069
2021-05-27 09:49:07,956.0,1557281
2021-05-27 09:49:08,955.5,1557911
2021-05-27 09:49:09,955.75,1558236
2021-05-27 09:49:10,955.8,1558560
2021-05-27 09:49:11,955.6,1559437
2021-05-27 09:49:12,955.7,1559962
2021-05-27 09:49:13,956.0,1561074
2021-05-27 09:49:14,955.6,1561411
2021-05-27 09:49:15,956.0,1561804
2021-05-27 09:49:16,955.7,1562090
2021-05-27 09:49:19,955.7,1563892
2021-05-27 09:49:19,955.7,1563892
2021-05-27 09:49:20,955.55,1564809
2021-05-27 09:49:21,955.7,1565165
2021-05-27 09:49:22,955.6,1565616
2021-05-27 09:49:23,956.0,1565980
2021-05-27 09:49:24,956.1,1566280
2021-05-27 09:49:25,956.05,1567010
2021-05-27 09:49:27,956.0,1567244
2021-05-27 09:49:28,955.45,1571523
2021-05-27 09:49:30,956.0,1573839
2021-05-27 09:49:31,955.75,1574335
2021-05-27 09:49:32,955.5,1574494
2021-05-27 09:49:34,956.0,1576010
2021-05-27 09:49:35,956.0,1576524
2021-05-27 09:49:36,955.7,1577712
2021-05-27 09:49:36,955.9,1577792
2021-05-27 09:49:37,955.95,1578309
2021-05-27 09:49:38,955.45,1578640
2021-05-27 09:49:39,955.75,1578776
2021-05-27 09:49:41,955.6,1580090
2021-05-27 09:49:42,956.0,1580775
2021-05-27 09:49:43,955.9,1581116
2021-05-27 09:49:44,955.5,1585974
2021-05-27 09:49:45,955.55,1586282
2021-05-27 09:49:46,955.7,1586429
2021-05-27 09:49:47,955.8,1586814
2021-05-27 09:49:48,955.9,1587777
2021-05-27 09:49:50,955.9,1588314
2021-05-27 09:49:50,955.95,1588524
2021-05-27 09:49:52,955.65,1588907
2021-05-27 09:49:53,955.4,1589156
2021-05-27 09:49:54,955.4,1590267
2021-05-27 09:49:54,955.4,1590267
2021-05-27 09:49:55,955.5,1591176
2021-05-27 09:49:56,955.0,1591665
2021-05-27 09:49:58,955.75,1592321
2021-05-27 09:50:00,955.2,1593678
2021-05-27 09:50:00,955.2,1593678
2021-05-27 09:50:01,955.7,1595896
2021-05-27 09:50:02,955.4,1595967
2021-05-27 09:50:03,955.2,1597154
2021-05-27 09:50:06,955.15,1598609
2021-05-27 09:50:07,955.65,1598762
2021-05-27 09:50:08,955.0,1600926
2021-05-27 09:50:09,955.6,1601071
2021-05-27 09:50:10,955.35,1602612
2021-05-27 09:50:11,955.25,1602823
2021-05-27 09:50:11,955.25,1602873
2021-05-27 09:50:12,955.5,1602984
2021-05-27 09:50:13,955.45,1603402
2021-05-27 09:50:15,955.4,1604190
2021-05-27 09:50:16,955.45,1604270
2021-05-27 09:50:18,955.0,1604695
2021-05-27 09:50:19,955.0,1605879
2021-05-27 09:50:19,955.45,1605889
2021-05-27 09:50:20,955.4,1606086
2021-05-27 09:50:21,955.2,1606334
2021-05-27 09:50:22,955.2,1606525
2021-05-27 09:50:23,955.0,1606797
2021-05-27 09:50:25,955.0,1607861
2021-05-27 09:50:25,955.0,1609387
2021-05-27 09:50:26,955.5,1609859
2021-05-27 09:50:28,955.0,1610431
2021-05-27 09:50:29,955.65,1611374
2021-05-27 09:50:30,955.65,1611504
2021-05-27 09:50:31,955.7,1611683
2021-05-27 09:50:32,955.25,1612120
2021-05-27 09:50:33,955.2,1612190
2021-05-27 09:50:34,955.5,1612305
2021-05-27 09:50:37,955.65,1612597
2021-05-27 09:50:38,955.6,1612903
2021-05-27 09:50:39,956.0,1614609
2021-05-27 09:50:40,955.5,1615792
2021-05-27 09:50:41,955.5,1616003
2021-05-27 09:50:42,955.5,1616143
2021-05-27 09:50:43,955.9,1616801
2021-05-27 09:50:43,955.9,1616804
2021-05-27 09:50:44,955.8,1616888
2021-05-27 09:50:45,955.9,1616978
2021-05-27 09:50:46,955.5,1617323
2021-05-27 09:50:47,955.85,1617436
2021-05-27 09:50:48,955.85,1617553
2021-05-27 09:50:49,955.45,1617581
2021-05-27 09:50:50,955.9,1617696
2021-05-27 09:50:52,955.25,1619839
2021-05-27 09:50:53,955.6,1620739
2021-05-27 09:50:54,955.8,1621598
2021-05-27 09:50:56,955.7,1622018
2021-05-27 09:50:57,955.2,1622618
2021-05-27 09:50:58,955.85,1623020
2021-05-27 09:50:59,955.75,1623117
2021-05-27 09:51:00,955.3,1623402
2021-05-27 09:51:01,955.3,1623402
2021-05-27 09:51:02,955.3,1623834
2021-05-27 09:51:03,955.85,1624231
2021-05-27 09:51:04,955.85,1624612
2021-05-27 09:51:05,955.4,1624672
2021-05-27 09:51:06,955.7,1624750
2021-05-27 09:51:06,955.75,1624741
2021-05-27 09:51:07,955.3,1624826
2021-05-27 09:51:08,955.45,1624890
2021-05-27 09:51:10,955.45,1625010
2021-05-27 09:51:11,955.5,1625024
2021-05-27 09:51:12,955.7,1625187
2021-05-27 09:51:13,955.4,1625402
2021-05-27 09:51:14,955.5,1625772
2021-05-27 09:51:14,955.5,1625772
2021-05-27 09:51:15,955.15,1626676
2021-05-27 09:51:17,955.4,1627266
2021-05-27 09:51:19,955.6,1627507
2021-05-27 09:51:20,955.15,1628146
2021-05-27 09:51:21,955.45,1628863
2021-05-27 09:51:21,955.45,1628811
2021-05-27 09:51:22,955.45,1628870
2021-05-27 09:51:23,955.5,1630526
2021-05-27 09:51:24,955.5,1636927
2021-05-27 09:51:25,955.05,1638400
2021-05-27 09:51:27,955.35,1638940
2021-05-27 09:51:28,955.0,1639013
2021-05-27 09:51:29,954.7,1639199
2021-05-27 09:51:30,954.6,1639307
2021-05-27 09:51:31,954.6,1639414
2021-05-27 09:51:32,954.85,1639498
2021-05-27 09:51:33,954.85,1639748
2021-05-27 09:51:34,955.05,1640093
2021-05-27 09:51:34,955.05,1640093
2021-05-27 09:51:35,955.0,1640185
2021-05-27 09:51:36,954.75,1640262
2021-05-27 09:51:37,954.75,1640473
2021-05-27 09:51:38,954.95,1640691
2021-05-27 09:51:40,954.75,1640702
2021-05-27 09:51:41,955.0,1640924
2021-05-27 09:51:42,955.0,1641010
2021-05-27 09:51:43,955.0,1641595
2021-05-27 09:51:44,955.0,1642111
2021-05-27 09:51:45,955.0,1642212
2021-05-27 09:51:47,954.85,1642785
2021-05-27 09:51:48,955.0,1642955
2021-05-27 09:51:49,954.95,1643074
2021-05-27 09:51:49,955.0,1643204
2021-05-27 09:51:50,954.85,1643520
2021-05-27 09:51:51,955.0,1643882
2021-05-27 09:51:52,955.0,1644430
2021-05-27 09:51:53,955.0,1644768
2021-05-27 09:51:54,955.0,1644803
2021-05-27 09:51:55,954.95,1644885
2021-05-27 09:51:56,954.95,1644930
2021-05-27 09:51:58,954.8,1644954
2021-05-27 09:51:59,954.8,1645096
2021-05-27 09:52:00,954.8,1645413
2021-05-27 09:52:01,954.8,1645444
2021-05-27 09:52:01,954.8,1645444
2021-05-27 09:52:02,954.9,1645737
2021-05-27 09:52:03,954.2,1650365
2021-05-27 09:52:04,954.7,1651311
2021-05-27 09:52:05,954.2,1651650
2021-05-27 09:52:06,954.2,1652754
2021-05-27 09:52:08,954.25,1653201
2021-05-27 09:52:09,954.3,1654235
2021-05-27 09:52:10,954.5,1654974
2021-05-27 09:52:11,954.55,1655037
2021-05-27 09:52:12,954.55,1655092
2021-05-27 09:52:13,954.65,1655702
2021-05-27 09:52:14,954.75,1656081
2021-05-27 09:52:15,955.0,1656217
2021-05-27 09:52:16,954.55,1656686
2021-05-27 09:52:18,954.55,1657351
2021-05-27 09:52:19,954.75,1659509
2021-05-27 09:52:21,954.35,1659738
2021-05-27 09:52:22,954.75,1660108
2021-05-27 09:52:23,954.95,1660199
2021-05-27 09:52:24,954.8,1660967
2021-05-27 09:52:24,954.8,1660967
2021-05-27 09:52:25,954.8,1661248
2021-05-27 09:52:27,954.8,1662146
2021-05-27 09:52:28,954.75,1662354
2021-05-27 09:52:29,954.85,1662462
2021-05-27 09:52:30,954.9,1662760
2021-05-27 09:52:31,955.5,1668236
2021-05-27 09:52:32,955.55,1669022
2021-05-27 09:52:33,955.15,1669122
2021-05-27 09:52:33,955.2,1669084
2021-05-27 09:52:34,955.7,1669717
2021-05-27 09:52:36,955.4,1672201
2021-05-27 09:52:37,955.9,1672367
2021-05-27 09:52:38,955.5,1672977
2021-05-27 09:52:39,955.75,1673667
2021-05-27 09:52:40,955.4,1674169
2021-05-27 09:52:40,955.65,1674194
2021-05-27 09:52:41,955.75,1674230
2021-05-27 09:52:42,955.5,1674484
2021-05-27 09:52:44,955.5,1675306
2021-05-27 09:52:45,955.35,1675768
2021-05-27 09:52:46,955.5,1676069
2021-05-27 09:52:48,955.85,1676914
2021-05-27 09:52:48,955.85,1676914
2021-05-27 09:52:49,955.6,1677931
2021-05-27 09:52:51,955.15,1678150
2021-05-27 09:52:52,955.75,1678626
2021-05-27 09:52:53,955.5,1679063
2021-05-27 09:52:54,955.15,1679235
2021-05-27 09:52:55,955.7,1679762
2021-05-27 09:52:56,955.7,1680765
2021-05-27 09:52:56,955.15,1680756
2021-05-27 09:52:58,955.75,1685603
2021-05-27 09:52:59,955.6,1687241
2021-05-27 09:53:00,955.95,1687532
2021-05-27 09:53:01,955.7,1687901
2021-05-27 09:53:01,955.5,1687846
2021-05-27 09:53:03,956.0,1688361
2021-05-27 09:53:04,955.95,1688581
2021-05-27 09:53:05,955.5,1688770
2021-05-27 09:53:06,955.5,1689574
2021-05-27 09:53:07,955.7,1690755
2021-05-27 09:53:08,956.0,1691087
2021-05-27 09:53:08,955.9,1691437
2021-05-27 09:53:10,955.75,1693225
2021-05-27 09:53:10,955.35,1693345
2021-05-27 09:53:12,955.3,1694495
2021-05-27 09:53:14,955.8,1695361
2021-05-27 09:53:15,955.8,1696018
2021-05-27 09:53:15,955.8,1696003
2021-05-27 09:53:16,955.5,1696345
2021-05-27 09:53:17,955.35,1696776
2021-05-27 09:53:19,955.9,1697226
2021-05-27 09:53:20,955.4,1697468
2021-05-27 09:53:21,955.9,1697648
2021-05-27 09:53:22,955.8,1697660
2021-05-27 09:53:23,955.6,1697729
2021-05-27 09:53:24,955.7,1698145
2021-05-27 09:53:24,955.5,1698044
2021-05-27 09:53:26,955.8,1698352
2021-05-27 09:53:27,955.9,1698547
2021-05-27 09:53:28,955.85,1698744
2021-05-27 09:53:29,955.85,1699509
2021-05-27 09:53:30,955.85,1699710
2021-05-27 09:53:31,955.9,1699901
2021-05-27 09:53:31,955.85,1699932
2021-05-27 09:53:32,955.85,1700152
2021-05-27 09:53:34,955.8,1700225
2021-05-27 09:53:35,955.85,1700637
2021-05-27 09:53:36,955.85,1700802
2021-05-27 09:53:37,955.8,1701249
2021-05-27 09:53:38,955.8,1701593
2021-05-27 09:53:39,955.8,1701637
2021-05-27 09:53:39,955.9,1703193
2021-05-27 09:53:40,955.75,1703411
2021-05-27 09:53:41,955.95,1704424
2021-05-27 09:53:42,955.95,1704519
2021-05-27 09:53:44,956.0,1706879
2021-05-27 09:53:45,956.0,1707177
2021-05-27 09:53:46,956.0,1708421
2021-05-27 09:53:47,955.8,1708529
2021-05-27 09:53:48,956.0,1708628
2021-05-27 09:53:50,955.8,1708998
2021-05-27 09:53:51,956.0,1723791
2021-05-27 09:53:53,956.0,1723983
2021-05-27 09:53:54,956.3,1724101
2021-05-27 09:53:55,956.2,1724478
2021-05-27 09:53:56,956.4,1725693
2021-05-27 09:53:56,956.4,1725752
2021-05-27 09:53:58,956.25,1728195
2021-05-27 09:53:59,956.2,1728455
2021-05-27 09:54:01,956.5,1730752
2021-05-27 09:54:02,956.45,1731185
2021-05-27 09:54:03,956.5,1731751
2021-05-27 09:54:04,956.5,1731754
2021-05-27 09:54:05,956.8,1732095
2021-05-27 09:54:06,956.8,1732147
2021-05-27 09:54:07,956.5,1733064
2021-05-27 09:54:08,956.9,1733811
2021-05-27 09:54:10,956.1,1736164
2021-05-27 09:54:11,956.1,1739572
2021-05-27 09:54:12,956.1,1739572
2021-05-27 09:54:13,956.8,1739975
2021-05-27 09:54:14,956.9,1740191
2021-05-27 09:54:16,956.5,1740777
2021-05-27 09:54:17,956.5,1741527
2021-05-27 09:54:18,956.0,1742607
2021-05-27 09:54:19,956.2,1742655
2021-05-27 09:54:20,956.05,1742796
2021-05-27 09:54:21,956.65,1744356
2021-05-27 09:54:22,956.7,1744419
2021-05-27 09:54:23,956.5,1744649
2021-05-27 09:54:24,956.25,1744837
2021-05-27 09:54:25,956.5,1745199
2021-05-27 09:54:26,956.55,1745865
2021-05-27 09:54:27,956.65,1746832
2021-05-27 09:54:28,956.5,1747002
2021-05-27 09:54:29,956.05,1747354
2021-05-27 09:54:30,956.5,1747704
2021-05-27 09:54:31,956.4,1747743
2021-05-27 09:54:32,956.3,1747883
2021-05-27 09:54:33,956.5,1748554
2021-05-27 09:54:34,955.95,1751841
2021-05-27 09:54:35,956.15,1752371
2021-05-27 09:54:37,955.6,1752558
2021-05-27 09:54:36,956.15,1752539
2021-05-27 09:54:38,956.1,1752798
2021-05-27 09:54:39,956.1,1752858
2021-05-27 09:54:40,956.1,1752969
2021-05-27 09:54:41,956.3,1753473
2021-05-27 09:54:42,955.8,1753762
2021-05-27 09:54:43,956.3,1753894
2021-05-27 09:54:44,956.3,1755186
2021-05-27 09:54:45,956.3,1755186
2021-05-27 09:54:46,956.1,1755408
2021-05-27 09:54:47,956.0,1755909
2021-05-27 09:54:48,956.35,1756252
2021-05-27 09:54:49,956.1,1756457
2021-05-27 09:54:50,956.25,1756862
2021-05-27 09:54:51,956.25,1757176
2021-05-27 09:54:52,956.1,1757280
2021-05-27 09:54:53,956.3,1757439
2021-05-27 09:54:54,956.1,1757568
2021-05-27 09:54:56,956.3,1758398
2021-05-27 09:54:57,956.25,1758555
2021-05-27 09:54:58,956.1,1758655
2021-05-27 09:54:59,956.3,1758820
2021-05-27 09:55:01,956.3,1759595
2021-05-27 09:55:02,956.3,1759908
2021-05-27 09:55:03,956.0,1759965
2021-05-27 09:55:04,956.0,1760075
2021-05-27 09:55:05,956.3,1760375
2021-05-27 09:55:06,955.85,1760761
2021-05-27 09:55:07,956.1,1761048
2021-05-27 09:55:08,956.1,1761073
2021-05-27 09:55:10,956.1,1761513
2021-05-27 09:55:11,956.1,1762130
2021-05-27 09:55:12,956.3,1762134
2021-05-27 09:55:13,956.15,1762386
2021-05-27 09:55:14,956.15,1762608
2021-05-27 09:55:15,956.3,1762953
2021-05-27 09:55:16,956.15,1762971
2021-05-27 09:55:17,956.0,1763762
2021-05-27 09:55:19,956.0,1765384
2021-05-27 09:55:18,955.8,1765224
2021-05-27 09:55:20,956.0,1765608
2021-05-27 09:55:21,956.1,1767307
2021-05-27 09:55:22,956.3,1767566
2021-05-27 09:55:24,955.8,1767616
2021-05-27 09:55:25,955.7,1768382
2021-05-27 09:55:26,956.15,1768577
2021-05-27 09:55:27,956.25,1768918
2021-05-27 09:55:28,955.85,1768957
2021-05-27 09:55:29,955.5,1772134
2021-05-27 09:55:30,955.5,1772134
2021-05-27 09:55:31,955.95,1772294
2021-05-27 09:55:32,955.95,1772324
2021-05-27 09:55:33,955.55,1773057
2021-05-27 09:55:34,956.0,1773132
2021-05-27 09:55:35,955.5,1773272
2021-05-27 09:55:37,955.55,1773346
2021-05-27 09:55:36,955.55,1773346
2021-05-27 09:55:38,955.7,1773569
2021-05-27 09:55:39,955.7,1773668
2021-05-27 09:55:40,955.7,1774170
2021-05-27 09:55:41,955.9,1774372
2021-05-27 09:55:42,956.0,1774732
2021-05-27 09:55:43,956.0,1775163
2021-05-27 09:55:44,956.0,1775208
2021-05-27 09:55:45,955.65,1775261
2021-05-27 09:55:46,956.0,1775996
2021-05-27 09:55:47,955.7,1776524
2021-05-27 09:55:48,955.95,1777233
2021-05-27 09:55:49,955.95,1777233
2021-05-27 09:55:50,955.7,1777287
2021-05-27 09:55:51,955.7,1777317
2021-05-27 09:55:52,955.65,1777644
2021-05-27 09:55:53,955.7,1777944
2021-05-27 09:55:54,955.75,1778461
2021-05-27 09:55:55,955.75,1778461
2021-05-27 09:55:56,956.0,1779062
2021-05-27 09:55:57,955.4,1779419
2021-05-27 09:55:58,955.85,1779481
2021-05-27 09:55:59,955.85,1779576
2021-05-27 09:56:00,955.85,1779576
2021-05-27 09:56:01,955.7,1779656
2021-05-27 09:56:02,955.95,1780225
2021-05-27 09:56:03,955.95,1780225
2021-05-27 09:56:04,955.85,1781011
2021-05-27 09:56:05,956.0,1781063
2021-05-27 09:56:06,955.8,1781236
2021-05-27 09:56:07,955.8,1781236
2021-05-27 09:56:08,955.7,1781430
2021-05-27 09:56:09,955.8,1781515
2021-05-27 09:56:10,955.75,1781550
2021-05-27 09:56:11,955.75,1781609
2021-05-27 09:56:12,955.8,1781727
2021-05-27 09:56:13,955.75,1782055
2021-05-27 09:56:14,955.8,1782709
2021-05-27 09:56:16,955.8,1786366
2021-05-27 09:56:16,955.8,1786366
2021-05-27 09:56:17,955.6,1786712
2021-05-27 09:56:18,955.95,1786942
2021-05-27 09:56:19,956.0,1787429
2021-05-27 09:56:20,955.85,1787613
2021-05-27 09:56:21,956.0,1788239
2021-05-27 09:56:23,955.55,1788761
2021-05-27 09:56:23,955.55,1788801
2021-05-27 09:56:24,955.55,1788801
2021-05-27 09:56:25,956.0,1788804
2021-05-27 09:56:26,956.0,1788924
2021-05-27 09:56:27,956.0,1788941
2021-05-27 09:56:29,956.0,1790477
2021-05-27 09:56:29,956.0,1790477
2021-05-27 09:56:30,956.2,1790737
2021-05-27 09:56:31,955.95,1793439
2021-05-27 09:56:32,956.15,1794544
2021-05-27 09:56:33,956.1,1794585
2021-05-27 09:56:34,956.15,1794718
2021-05-27 09:56:35,956.1,1794768
2021-05-27 09:56:36,956.25,1794775
2021-05-27 09:56:38,956.0,1795325
2021-05-27 09:56:38,956.25,1796025
2021-05-27 09:56:40,956.2,1797032
2021-05-27 09:56:41,955.9,1797984
2021-05-27 09:56:42,956.0,1798030
2021-05-27 09:56:44,956.0,1798171
2021-05-27 09:56:44,956.1,1798181
2021-05-27 09:56:45,956.0,1798231
2021-05-27 09:56:46,956.05,1798285
2021-05-27 09:56:47,956.25,1798997
2021-05-27 09:56:48,956.25,1799124
2021-05-27 09:56:49,956.35,1800167
2021-05-27 09:56:50,956.0,1800532
2021-05-27 09:56:51,956.0,1800950
2021-05-27 09:56:53,956.0,1800953
2021-05-27 09:56:53,956.0,1800953
2021-05-27 09:56:54,955.95,1802034
2021-05-27 09:56:55,956.0,1803574
2021-05-27 09:56:56,956.0,1803678
2021-05-27 09:56:57,956.25,1803838
2021-05-27 09:56:58,956.25,1803838
2021-05-27 09:56:59,955.85,1804575
2021-05-27 09:57:01,955.95,1804700
2021-05-27 09:57:01,955.95,1804718
2021-05-27 09:57:02,956.0,1804770
2021-05-27 09:57:03,955.95,1804827
2021-05-27 09:57:04,956.0,1805321
2021-05-27 09:57:06,956.25,1805404
2021-05-27 09:57:06,956.25,1805404
2021-05-27 09:57:07,956.0,1805909
2021-05-27 09:57:08,956.0,1805944
2021-05-27 09:57:09,955.9,1806285
2021-05-27 09:57:10,956.25,1806962
2021-05-27 09:57:12,956.0,1806985
2021-05-27 09:57:13,956.0,1807081
2021-05-27 09:57:14,956.0,1807173
2021-05-27 09:57:16,955.9,1808240
2021-05-27 09:57:16,955.9,1808240
2021-05-27 09:57:17,956.0,1808480
2021-05-27 09:57:18,955.9,1808602
2021-05-27 09:57:19,955.9,1808656
2021-05-27 09:57:21,955.85,1809097
2021-05-27 09:57:21,955.85,1809097
2021-05-27 09:57:22,955.55,1809204
2021-05-27 09:57:23,955.85,1809216
2021-05-27 09:57:24,954.8,1816050
2021-05-27 09:57:25,955.3,1817169
2021-05-27 09:57:26,955.25,1817369
2021-05-27 09:57:27,954.85,1817389
2021-05-27 09:57:28,954.85,1817409
2021-05-27 09:57:30,955.0,1817701
2021-05-27 09:57:30,955.0,1817701
2021-05-27 09:57:31,955.0,1817945
2021-05-27 09:57:32,955.0,1817967
2021-05-27 09:57:33,955.0,1817975
2021-05-27 09:57:34,955.0,1818031
2021-05-27 09:57:35,954.85,1818094
2021-05-27 09:57:36,954.95,1818341
2021-05-27 09:57:38,955.0,1818419
2021-05-27 09:57:38,954.95,1818409
2021-05-27 09:57:39,955.0,1818702
2021-05-27 09:57:41,954.85,1819591
2021-05-27 09:57:42,955.0,1819696
2021-05-27 09:57:44,954.85,1819873
2021-05-27 09:57:44,955.0,1819973
2021-05-27 09:57:45,954.8,1820157
2021-05-27 09:57:47,954.95,1820234
2021-05-27 09:57:49,954.95,1820234
2021-05-27 09:57:49,954.95,1820234
2021-05-27 09:57:50,954.8,1820287
2021-05-27 09:57:52,954.85,1820758
2021-05-27 09:57:53,954.9,1820796
2021-05-27 09:57:54,954.9,1820906
2021-05-27 09:57:55,954.8,1820941
2021-05-27 09:57:56,954.9,1822807
2021-05-27 09:57:58,954.95,1822930
2021-05-27 09:57:58,954.95,1822930
2021-05-27 09:57:59,954.8,1823052
2021-05-27 09:58:00,954.8,1823172
2021-05-27 09:58:01,954.9,1823202
2021-05-27 09:58:03,954.8,1823468
2021-05-27 09:58:04,954.9,1823775
2021-05-27 09:58:05,954.8,1824638
2021-05-27 09:58:07,954.95,1825076
2021-05-27 09:58:08,954.9,1825279
2021-05-27 09:58:09,954.9,1825279
2021-05-27 09:58:10,954.6,1825344
2021-05-27 09:58:12,954.9,1825453
2021-05-27 09:58:12,954.9,1825461
2021-05-27 09:58:13,954.95,1825676
2021-05-27 09:58:14,954.6,1825681
2021-05-27 09:58:17,954.6,1825731
2021-05-27 09:58:18,954.9,1826373
2021-05-27 09:58:19,954.5,1832086
2021-05-27 09:58:22,954.5,1833075
2021-05-27 09:58:23,954.35,1833785
2021-05-27 09:58:24,954.35,1833875
2021-05-27 09:58:24,954.35,1833875
2021-05-27 09:58:25,954.3,1833975
2021-05-27 09:58:26,954.75,1834388
2021-05-27 09:58:27,954.45,1834739
2021-05-27 09:58:28,954.3,1834769
2021-05-27 09:58:30,954.3,1834809
2021-05-27 09:58:31,954.4,1834814
2021-05-27 09:58:32,954.3,1834848
2021-05-27 09:58:32,954.3,1834848
2021-05-27 09:58:33,954.3,1834875
2021-05-27 09:58:34,954.4,1834962
2021-05-27 09:58:35,954.25,1835162
2021-05-27 09:58:36,954.25,1835284
2021-05-27 09:58:38,954.4,1835349
2021-05-27 09:58:39,954.25,1835510
2021-05-27 09:58:40,954.4,1835520
2021-05-27 09:58:40,954.4,1835520
2021-05-27 09:58:41,954.2,1835822
2021-05-27 09:58:42,954.25,1835957
2021-05-27 09:58:44,954.4,1836074
2021-05-27 09:58:45,954.3,1836079
2021-05-27 09:58:45,954.3,1836079
2021-05-27 09:58:46,954.3,1836180
2021-05-27 09:58:47,954.25,1836210
2021-05-27 09:58:49,954.25,1836232
2021-05-27 09:58:50,954.2,1837828
2021-05-27 09:58:51,954.05,1838112
2021-05-27 09:58:52,954.25,1838209
2021-05-27 09:58:53,954.05,1838341
2021-05-27 09:58:54,954.05,1839039
2021-05-27 09:58:55,954.05,1839069
2021-05-27 09:58:56,954.05,1839421
2021-05-27 09:58:57,954.05,1839513
2021-05-27 09:58:58,954.05,1839523
2021-05-27 09:58:59,954.0,1839869
2021-05-27 09:59:00,954.0,1840034
2021-05-27 09:59:01,954.0,1840316
2021-05-27 09:59:02,954.0,1840376
2021-05-27 09:59:04,954.0,1845126
2021-05-27 09:59:05,954.05,1845759
2021-05-27 09:59:06,954.0,1845764
2021-05-27 09:59:06,954.0,1845764
2021-05-27 09:59:07,954.05,1845816
2021-05-27 09:59:08,954.05,1845886
2021-05-27 09:59:09,954.0,1845959
2021-05-27 09:59:11,954.05,1846721
2021-05-27 09:59:12,954.05,1847397
2021-05-27 09:59:13,954.05,1847477
2021-05-27 09:59:14,954.05,1847502
2021-05-27 09:59:14,954.0,1847492
2021-05-27 09:59:15,954.0,1847693
2021-05-27 09:59:16,954.0,1847858
2021-05-27 09:59:17,954.2,1848787
2021-05-27 09:59:18,954.2,1848887
2021-05-27 09:59:19,954.2,1848887
2021-05-27 09:59:20,954.3,1850177
2021-05-27 09:59:21,954.4,1850232
2021-05-27 09:59:23,954.05,1850425
2021-05-27 09:59:24,954.3,1850546
2021-05-27 09:59:25,954.2,1850585
2021-05-27 09:59:28,954.45,1850910
2021-05-27 09:59:30,954.4,1851290
2021-05-27 09:59:30,954.4,1851290
2021-05-27 09:59:31,954.2,1851330
2021-05-27 09:59:32,954.05,1851409
2021-05-27 09:59:34,954.4,1851520
2021-05-27 09:59:35,954.3,1851822
2021-05-27 09:59:36,954.0,1851825
2021-05-27 09:59:37,954.1,1851933
2021-05-27 09:59:38,954.2,1852069
2021-05-27 09:59:40,954.2,1852129
2021-05-27 09:59:41,954.2,1852129
2021-05-27 09:59:42,954.2,1852381
2021-05-27 09:59:42,954.2,1852381
2021-05-27 09:59:43,954.2,1852478
2021-05-27 09:59:44,954.0,1852506
2021-05-27 09:59:45,954.0,1852667
2021-05-27 09:59:46,954.0,1852887
2021-05-27 09:59:47,954.2,1852900
2021-05-27 09:59:48,954.0,1852930
2021-05-27 09:59:49,954.0,1852953
2021-05-27 09:59:50,954.0,1852987
2021-05-27 09:59:52,954.0,1853267
2021-05-27 09:59:52,954.15,1853409
2021-05-27 09:59:54,954.15,1853426
2021-05-27 09:59:55,954.0,1853857
2021-05-27 09:59:55,954.0,1853857
2021-05-27 09:59:56,954.0,1854158
2021-05-27 09:59:57,953.7,1854333
2021-05-27 09:59:58,954.0,1854576
2021-05-27 09:59:59,954.0,1854576
2021-05-27 10:00:01,953.7,1854596
2021-05-27 10:00:02,954.0,1854664
2021-05-27 10:00:03,953.7,1854669
2021-05-27 10:00:03,954.0,1854680
2021-05-27 10:00:04,953.7,1854758
2021-05-27 10:00:05,953.7,1854950
2021-05-27 10:00:06,953.5,1856213
2021-05-27 10:00:07,953.5,1856588
2021-05-27 10:00:08,953.65,1856808
2021-05-27 10:00:10,953.7,1856888
2021-05-27 10:00:11,953.5,1856939
2021-05-27 10:00:11,953.7,1856949
2021-05-27 10:00:12,953.7,1857008
2021-05-27 10:00:13,953.7,1857166
2021-05-27 10:00:14,953.5,1857246
2021-05-27 10:00:15,953.65,1857502
2021-05-27 10:00:17,953.7,1857628
2021-05-27 10:00:18,953.7,1857629
2021-05-27 10:00:19,953.7,1857634
2021-05-27 10:00:20,953.7,1857634
2021-05-27 10:00:20,953.5,1857665
2021-05-27 10:00:21,953.65,1857764
2021-05-27 10:00:25,953.5,1859262
2021-05-27 10:00:26,953.5,1859284
2021-05-27 10:00:26,953.5,1859534
2021-05-27 10:00:27,953.65,1860786
2021-05-27 10:00:29,953.5,1861826
2021-05-27 10:00:30,953.5,1861830
2021-05-27 10:00:31,953.5,1861846
2021-05-27 10:00:32,953.5,1861891
2021-05-27 10:00:34,953.5,1861992
2021-05-27 10:00:35,953.5,1862181
2021-05-27 10:00:36,953.5,1862601
2021-05-27 10:00:37,953.65,1862818
2021-05-27 10:00:37,953.65,1862718
2021-05-27 10:00:38,953.5,1863443
2021-05-27 10:00:39,953.5,1864210
2021-05-27 10:00:40,953.65,1864214
2021-05-27 10:00:41,953.65,1864416
2021-05-27 10:00:42,953.55,1864510
2021-05-27 10:00:44,953.65,1864512
2021-05-27 10:00:45,953.65,1864572
2021-05-27 10:00:46,953.65,1864682
2021-05-27 10:00:47,953.5,1864728
2021-05-27 10:00:47,953.5,1864708
2021-05-27 10:00:48,953.65,1865001
2021-05-27 10:00:49,953.65,1865436
2021-05-27 10:00:50,953.5,1865761
2021-05-27 10:00:52,953.6,1865797
2021-05-27 10:00:53,953.8,1867301
2021-05-27 10:00:54,953.8,1867301
2021-05-27 10:00:55,953.65,1867448
2021-05-27 10:00:56,953.75,1867455
2021-05-27 10:00:58,953.75,1867522
2021-05-27 10:00:59,953.8,1868012
2021-05-27 10:01:00,953.8,1868067
2021-05-27 10:01:00,953.7,1868068
2021-05-27 10:01:01,953.7,1868173
2021-05-27 10:01:02,953.8,1868183
2021-05-27 10:01:06,953.7,1868470
2021-05-27 10:01:06,953.7,1868470
2021-05-27 10:01:07,954.0,1870226
2021-05-27 10:01:08,954.0,1870226
2021-05-27 10:01:09,954.0,1870746
2021-05-27 10:01:10,953.75,1871026
2021-05-27 10:01:12,953.9,1871071
2021-05-27 10:01:13,954.0,1871376
2021-05-27 10:01:14,953.8,1871396
2021-05-27 10:01:15,954.0,1871398
2021-05-27 10:01:15,954.0,1871398
2021-05-27 10:01:17,954.0,1871413
2021-05-27 10:01:18,953.8,1871566
2021-05-27 10:01:19,954.0,1871636
2021-05-27 10:01:20,954.0,1872622
2021-05-27 10:01:21,953.65,1873741
2021-05-27 10:01:21,953.65,1873761
2021-05-27 10:01:22,953.9,1873824
2021-05-27 10:01:23,953.55,1874469
2021-05-27 10:01:25,953.55,1874697
2021-05-27 10:01:26,953.85,1874701
2021-05-27 10:01:27,953.85,1874721
2021-05-27 10:01:27,953.85,1874721
2021-05-27 10:01:28,953.55,1874731
2021-05-27 10:01:30,953.8,1874914
2021-05-27 10:01:31,953.55,1875735
2021-05-27 10:01:32,953.55,1876010
2021-05-27 10:01:33,953.55,1876010
2021-05-27 10:01:34,953.7,1876025
2021-05-27 10:01:35,953.75,1876154
2021-05-27 10:01:36,953.5,1876815
2021-05-27 10:01:37,953.75,1876953
2021-05-27 10:01:39,953.75,1877026
2021-05-27 10:01:40,953.35,1880229
2021-05-27 10:01:41,953.25,1881054
2021-05-27 10:01:41,953.25,1881054
2021-05-27 10:01:42,953.45,1881083
2021-05-27 10:01:43,953.45,1881120
2021-05-27 10:01:45,953.25,1881537
2021-05-27 10:01:46,952.65,1888106
2021-05-27 10:01:46,952.85,1888108
2021-05-27 10:01:48,953.1,1889433
2021-05-27 10:01:49,953.15,1889703
2021-05-27 10:01:50,953.15,1889761
2021-05-27 10:01:51,953.15,1889763
2021-05-27 10:01:53,953.0,1890124
2021-05-27 10:01:52,952.65,1890019
2021-05-27 10:01:54,952.85,1890241
2021-05-27 10:01:55,952.85,1890679
2021-05-27 10:01:56,952.55,1890789
2021-05-27 10:01:57,952.95,1890790
2021-05-27 10:01:58,952.95,1890960
2021-05-27 10:01:59,952.75,1891146
2021-05-27 10:02:00,952.95,1891632
2021-05-27 10:02:01,952.95,1892278
2021-05-27 10:02:02,952.95,1892695
2021-05-27 10:02:03,952.75,1892750
2021-05-27 10:02:04,952.95,1893135
2021-05-27 10:02:05,953.0,1893939
2021-05-27 10:02:06,952.95,1894399
2021-05-27 10:02:07,952.95,1894505
2021-05-27 10:02:08,952.95,1895720
2021-05-27 10:02:09,953.0,1895873
2021-05-27 10:02:10,952.95,1895948
2021-05-27 10:02:11,953.0,1896338
2021-05-27 10:02:12,953.0,1896622
2021-05-27 10:02:12,953.0,1896622
2021-05-27 10:02:13,952.8,1896818
2021-05-27 10:02:14,952.5,1897159
2021-05-27 10:02:15,952.55,1897189
2021-05-27 10:02:16,952.8,1897862
2021-05-27 10:02:18,952.5,1897872
2021-05-27 10:02:19,952.8,1897972
2021-05-27 10:02:21,952.5,1898207
2021-05-27 10:02:22,952.8,1898359
2021-05-27 10:02:23,952.45,1898991
2021-05-27 10:02:24,952.8,1899018
2021-05-27 10:02:25,952.6,1899560
2021-05-27 10:02:26,952.25,1900164
2021-05-27 10:02:26,952.25,1900164
2021-05-27 10:02:27,952.7,1901298
2021-05-27 10:02:28,952.6,1901806
2021-05-27 10:02:30,952.7,1902106
2021-05-27 10:02:31,952.7,1902132
2021-05-27 10:02:33,952.5,1902391
2021-05-27 10:02:34,952.5,1902391
2021-05-27 10:02:35,952.5,1902508
2021-05-27 10:02:36,952.7,1902609
2021-05-27 10:02:37,952.5,1902909
2021-05-27 10:02:38,952.7,1903074
2021-05-27 10:02:39,952.8,1903610
2021-05-27 10:02:40,952.5,1903668
2021-05-27 10:02:41,952.5,1904219
2021-05-27 10:02:42,952.65,1906674
2021-05-27 10:02:43,952.9,1906984
2021-05-27 10:02:44,952.35,1907214
2021-05-27 10:02:45,952.5,1907664
2021-05-27 10:02:47,952.55,1908271
2021-05-27 10:02:48,953.0,1913023
2021-05-27 10:02:50,952.8,1914024
2021-05-27 10:02:51,952.8,1914044
2021-05-27 10:02:52,953.0,1914144
2021-05-27 10:02:53,953.0,1914159
2021-05-27 10:02:54,953.05,1915049
2021-05-27 10:02:55,952.8,1915299
2021-05-27 10:02:56,953.0,1915358
2021-05-27 10:02:57,953.15,1915577
2021-05-27 10:02:58,953.15,1915577
2021-05-27 10:02:59,953.0,1915587
2021-05-27 10:03:00,953.0,1915613
2021-05-27 10:03:00,953.15,1915961
2021-05-27 10:03:01,952.7,1916161
2021-05-27 10:03:02,952.8,1916179
2021-05-27 10:03:03,952.85,1916217
2021-05-27 10:03:04,952.8,1916253
2021-05-27 10:03:06,952.85,1916275
2021-05-27 10:03:07,952.8,1916436
2021-05-27 10:03:08,953.0,1917034
2021-05-27 10:03:09,952.75,1917290
2021-05-27 10:03:10,953.0,1917331
2021-05-27 10:03:11,952.95,1917822
2021-05-27 10:03:11,952.95,1917822
2021-05-27 10:03:12,953.35,1917823
2021-05-27 10:03:13,953.0,1917844
2021-05-27 10:03:15,953.35,1917847
2021-05-27 10:03:16,953.4,1917985
2021-05-27 10:03:17,953.05,1917987
2021-05-27 10:03:18,953.0,1918037
2021-05-27 10:03:20,953.35,1918150
2021-05-27 10:03:21,953.35,1918161
2021-05-27 10:03:22,953.0,1918297
2021-05-27 10:03:22,953.0,1918297
2021-05-27 10:03:24,953.4,1918358
2021-05-27 10:03:25,953.35,1918378
2021-05-27 10:03:25,953.35,1918378
2021-05-27 10:03:26,953.45,1918575
2021-05-27 10:03:28,953.45,1918636
2021-05-27 10:03:29,953.45,1918636
2021-05-27 10:03:30,953.4,1918928
2021-05-27 10:03:31,953.45,1919198
2021-05-27 10:03:32,953.2,1919302
2021-05-27 10:03:34,953.05,1919467
2021-05-27 10:03:35,953.45,1919823
2021-05-27 10:03:36,953.05,1919873
2021-05-27 10:03:37,953.35,1919945
2021-05-27 10:03:39,953.5,1920531
2021-05-27 10:03:39,953.5,1920531
2021-05-27 10:03:40,953.15,1920607
2021-05-27 10:03:41,953.65,1921033
2021-05-27 10:03:42,953.15,1921045
2021-05-27 10:03:43,953.35,1921081
2021-05-27 10:03:45,953.4,1921123
2021-05-27 10:03:46,953.4,1921283
2021-05-27 10:03:47,953.4,1921351
2021-05-27 10:03:48,953.4,1921351
2021-05-27 10:03:49,953.4,1921351
2021-05-27 10:03:50,953.4,1921391
2021-05-27 10:03:51,953.4,1921401
2021-05-27 10:03:53,953.35,1921465
2021-05-27 10:03:53,953.35,1921465
2021-05-27 10:03:54,953.25,1921485
2021-05-27 10:03:55,953.3,1921525
2021-05-27 10:03:56,953.35,1921702
2021-05-27 10:03:57,953.05,1922072
2021-05-27 10:03:58,953.25,1922186
2021-05-27 10:03:59,953.35,1922211
2021-05-27 10:04:00,953.35,1922243
2021-05-27 10:04:01,953.35,1922445
2021-05-27 10:04:03,953.1,1922486
2021-05-27 10:04:03,953.15,1922505
2021-05-27 10:04:04,953.15,1922597
2021-05-27 10:04:06,953.35,1922658
2021-05-27 10:04:07,953.35,1922735
2021-05-27 10:04:08,953.35,1922836
2021-05-27 10:04:09,953.35,1922836
2021-05-27 10:04:10,953.0,1923742
2021-05-27 10:04:11,953.4,1924371
2021-05-27 10:04:12,953.4,1924501
2021-05-27 10:04:13,953.4,1924501
2021-05-27 10:04:14,953.4,1925601
2021-05-27 10:04:15,953.4,1925601
2021-05-27 10:04:16,953.35,1925627
2021-05-27 10:04:17,953.25,1925704
2021-05-27 10:04:18,953.25,1925704
2021-05-27 10:04:20,953.25,1925723
2021-05-27 10:04:21,953.3,1925991
2021-05-27 10:04:22,953.3,1925991
2021-05-27 10:04:24,953.35,1926354
2021-05-27 10:04:25,953.15,1926535
2021-05-27 10:04:26,953.1,1926588
2021-05-27 10:04:26,953.25,1926593
2021-05-27 10:04:27,953.05,1926664
2021-05-27 10:04:28,953.35,1926674
2021-05-27 10:04:30,953.35,1926674
2021-05-27 10:04:31,953.05,1926888
2021-05-27 10:04:31,953.05,1926888
2021-05-27 10:04:32,953.05,1926888
2021-05-27 10:04:34,953.35,1926904
2021-05-27 10:04:35,953.35,1926972
2021-05-27 10:04:36,953.2,1926973
2021-05-27 10:04:37,953.2,1927077
2021-05-27 10:04:38,953.35,1927083
2021-05-27 10:04:39,953.4,1927177
2021-05-27 10:04:40,953.15,1927301
2021-05-27 10:04:41,953.35,1927501
2021-05-27 10:04:42,953.35,1927715
2021-05-27 10:04:43,953.35,1927735
2021-05-27 10:04:44,953.35,1927735
2021-05-27 10:04:45,953.15,1927785
2021-05-27 10:04:46,953.15,1927887
2021-05-27 10:04:47,953.05,1927937
2021-05-27 10:04:48,953.05,1927937
2021-05-27 10:04:49,953.3,1928087
2021-05-27 10:04:50,953.2,1928090
2021-05-27 10:04:51,953.05,1928160
2021-05-27 10:04:52,953.3,1928320
2021-05-27 10:04:53,953.2,1928370
2021-05-27 10:04:54,953.3,1928784
2021-05-27 10:04:55,953.3,1928796
2021-05-27 10:04:56,953.3,1929048
2021-05-27 10:04:57,953.2,1929652
2021-05-27 10:04:59,953.3,1929874
2021-05-27 10:05:00,953.35,1930135
2021-05-27 10:05:01,953.35,1930155
2021-05-27 10:05:03,953.3,1930368
2021-05-27 10:05:02,953.3,1930363
2021-05-27 10:05:05,953.3,1930452
2021-05-27 10:05:06,953.0,1931334
2021-05-27 10:05:07,953.35,1931436
2021-05-27 10:05:08,953.0,1931596
2021-05-27 10:05:09,953.0,1931596
2021-05-27 10:05:10,953.0,1931795
2021-05-27 10:05:11,953.35,1931901
2021-05-27 10:05:12,953.35,1931901
2021-05-27 10:05:13,953.35,1931901
2021-05-27 10:05:14,953.05,1931946
2021-05-27 10:05:15,953.0,1932096
2021-05-27 10:05:16,953.3,1932099
2021-05-27 10:05:17,953.0,1932142
2021-05-27 10:05:18,953.3,1932163
2021-05-27 10:05:19,953.3,1932163
2021-05-27 10:05:20,953.05,1932188
2021-05-27 10:05:21,953.05,1932193
2021-05-27 10:05:22,953.05,1932256
2021-05-27 10:05:23,953.2,1932413
2021-05-27 10:05:25,953.25,1932438
2021-05-27 10:05:26,952.85,1936387
2021-05-27 10:05:27,953.1,1936475
2021-05-27 10:05:28,953.0,1936549
2021-05-27 10:05:29,953.0,1937317
2021-05-27 10:05:30,952.8,1938056
2021-05-27 10:05:31,953.2,1938066
2021-05-27 10:05:32,953.2,1938067
2021-05-27 10:05:33,952.8,1938089
2021-05-27 10:05:35,953.0,1938164
2021-05-27 10:05:36,952.75,1938301
2021-05-27 10:05:37,952.75,1938375
2021-05-27 10:05:38,952.75,1938475
2021-05-27 10:05:39,952.75,1938583
2021-05-27 10:05:40,953.0,1938714
2021-05-27 10:05:41,952.75,1938768
2021-05-27 10:05:43,953.0,1938807
2021-05-27 10:05:42,953.0,1938807
2021-05-27 10:05:44,953.0,1939057
2021-05-27 10:05:45,953.0,1939057
2021-05-27 10:05:46,952.65,1939075
2021-05-27 10:05:47,952.65,1939075
2021-05-27 10:05:48,953.0,1939292
2021-05-27 10:05:49,953.0,1939298
2021-05-27 10:05:50,953.0,1939298
2021-05-27 10:05:51,952.95,1939299
2021-05-27 10:05:52,952.7,1939458
2021-05-27 10:05:54,952.65,1939772
2021-05-27 10:05:55,953.0,1940022
2021-05-27 10:05:56,952.7,1940107
2021-05-27 10:05:57,953.0,1940632
2021-05-27 10:05:58,953.0,1940677
2021-05-27 10:05:59,953.0,1940769
2021-05-27 10:06:00,953.0,1940849
2021-05-27 10:06:02,953.0,1940930
2021-05-27 10:06:03,952.95,1940961
2021-05-27 10:06:04,952.95,1940961
2021-05-27 10:06:05,952.95,1940981
2021-05-27 10:06:06,953.0,1940994
2021-05-27 10:06:07,952.95,1941189
2021-05-27 10:06:08,953.0,1941239
2021-05-27 10:06:09,952.95,1941519
2021-05-27 10:06:10,953.0,1941734
2021-05-27 10:06:11,953.0,1941734
2021-05-27 10:06:12,953.0,1942486
2021-05-27 10:06:14,953.0,1942486
2021-05-27 10:06:15,953.0,1942486
2021-05-27 10:06:16,952.65,1942510
2021-05-27 10:06:17,952.95,1942620
2021-05-27 10:06:18,952.95,1942630
2021-05-27 10:06:19,952.7,1942677
2021-05-27 10:06:20,952.85,1942845
2021-05-27 10:06:21,952.65,1943039
2021-05-27 10:06:22,952.7,1943097
2021-05-27 10:06:23,952.65,1943132
2021-05-27 10:06:24,952.7,1944902
2021-05-27 10:06:25,952.65,1944915
2021-05-27 10:06:26,952.7,1945113
2021-05-27 10:06:27,952.7,1945153
2021-05-27 10:06:28,952.6,1945281
2021-05-27 10:06:29,952.3,1945592
2021-05-27 10:06:30,952.6,1945602
2021-05-27 10:06:31,952.3,1945604
2021-05-27 10:06:32,952.3,1945634
2021-05-27 10:06:33,952.5,1945684
2021-05-27 10:06:34,952.5,1945684
2021-05-27 10:06:35,952.45,1946238
2021-05-27 10:06:36,952.45,1946238
2021-05-27 10:06:37,952.35,1946293
2021-05-27 10:06:39,952.45,1946506
2021-05-27 10:06:40,952.35,1946569
2021-05-27 10:06:41,952.45,1946950
2021-05-27 10:06:42,952.2,1948227
2021-05-27 10:06:43,952.2,1948450
2021-05-27 10:06:44,952.35,1948537
2021-05-27 10:06:45,952.3,1948591
2021-05-27 10:06:46,952.3,1948634
2021-05-27 10:06:48,952.35,1948735
2021-05-27 10:06:49,952.2,1948938
2021-05-27 10:06:50,952.2,1948948
2021-05-27 10:06:51,952.2,1949058
2021-05-27 10:06:52,952.3,1950123
2021-05-27 10:06:52,952.35,1950133
2021-05-27 10:06:54,952.25,1950286
2021-05-27 10:06:54,952.25,1950286
2021-05-27 10:06:55,952.35,1950341
2021-05-27 10:06:56,952.25,1950550
2021-05-27 10:06:57,952.25,1950560
2021-05-27 10:06:58,952.25,1950724
2021-05-27 10:06:59,952.25,1950777
2021-05-27 10:07:00,952.35,1951277
2021-05-27 10:07:01,952.35,1951277
2021-05-27 10:07:02,952.35,1959482
2021-05-27 10:07:05,952.35,1961141
2021-05-27 10:07:05,952.05,1961351
2021-05-27 10:07:06,952.05,1961366
2021-05-27 10:07:07,952.35,1961467
2021-05-27 10:07:08,952.05,1961524
2021-05-27 10:07:11,952.0,1963621
2021-05-27 10:07:11,951.75,1967247
2021-05-27 10:07:12,952.0,1968809
2021-05-27 10:07:13,951.7,1968940
2021-05-27 10:07:14,951.7,1969372
2021-05-27 10:07:15,951.65,1969386
2021-05-27 10:07:16,951.65,1969386
2021-05-27 10:07:17,951.65,1969457
2021-05-27 10:07:18,951.45,1970198
2021-05-27 10:07:19,951.45,1970641
2021-05-27 10:07:20,951.45,1970899
2021-05-27 10:07:21,951.45,1970974
2021-05-27 10:07:22,951.2,1972131
2021-05-27 10:07:23,951.55,1972367
2021-05-27 10:07:25,951.55,1972984
2021-05-27 10:07:26,951.3,1973234
2021-05-27 10:07:27,951.5,1977756
2021-05-27 10:07:29,951.55,1977771
2021-05-27 10:07:30,951.65,1977831
2021-05-27 10:07:31,951.65,1977831
2021-05-27 10:07:32,951.7,1978256
2021-05-27 10:07:33,951.65,1978442
2021-05-27 10:07:35,951.75,1978488
2021-05-27 10:07:35,951.75,1978488
2021-05-27 10:07:36,951.75,1978492
2021-05-27 10:07:37,951.7,1978591
2021-05-27 10:07:38,951.7,1978714
2021-05-27 10:07:39,951.75,1979653
2021-05-27 10:07:40,951.75,1979706
2021-05-27 10:07:41,951.6,1979964
2021-05-27 10:07:42,952.0,1980025
2021-05-27 10:07:43,951.8,1980085
2021-05-27 10:07:44,952.0,1980095
2021-05-27 10:07:45,951.75,1980151
2021-05-27 10:07:46,952.0,1980166
2021-05-27 10:07:47,952.0,1980174
2021-05-27 10:07:49,952.0,1980251
2021-05-27 10:07:50,951.75,1980303
2021-05-27 10:07:52,952.25,1982000
2021-05-27 10:07:53,951.85,1982170
2021-05-27 10:07:55,952.25,1982283
2021-05-27 10:07:56,951.8,1982411
2021-05-27 10:07:57,951.7,1982511
2021-05-27 10:07:58,952.3,1982592
2021-05-27 10:07:59,951.95,1982706
2021-05-27 10:08:00,952.05,1982722
2021-05-27 10:08:01,952.05,1982722
2021-05-27 10:08:02,952.1,1982920
2021-05-27 10:08:03,952.1,1982920
2021-05-27 10:08:04,951.9,1982937
2021-05-27 10:08:05,951.9,1983041
2021-05-27 10:08:06,952.25,1983540
2021-05-27 10:08:07,952.25,1983540
2021-05-27 10:08:08,951.7,1983741
2021-05-27 10:08:09,952.15,1983892
2021-05-27 10:08:10,952.15,1984033
2021-05-27 10:08:11,952.25,1984305
2021-05-27 10:08:12,952.0,1985145
2021-05-27 10:08:13,952.0,1985145
2021-05-27 10:08:14,952.25,1985150
2021-05-27 10:08:15,952.0,1985202
2021-05-27 10:08:16,952.2,1985305
2021-05-27 10:08:17,952.0,1985348
2021-05-27 10:08:18,952.0,1986147
2021-05-27 10:08:19,952.0,1986147
2021-05-27 10:08:20,952.0,1986148
2021-05-27 10:08:21,951.85,1986447
2021-05-27 10:08:22,952.0,1986548
2021-05-27 10:08:24,951.85,1986698
2021-05-27 10:08:25,952.0,1986848
2021-05-27 10:08:26,952.0,1986872
2021-05-27 10:08:27,951.85,1986922
2021-05-27 10:08:28,952.0,1986972
2021-05-27 10:08:30,951.8,1987087
2021-05-27 10:08:31,951.8,1987237
2021-05-27 10:08:32,951.85,1987358
