timestamp,ltp,volume
2021-05-27 09:15:26,1740.35,63062
2021-05-27 09:15:26,1740.35,63062
2021-05-27 09:15:27,1739.8,63995
2021-05-27 09:15:28,1739.7,64519
2021-05-27 09:15:29,1739.55,64726
2021-05-27 09:15:32,1738.55,65737
2021-05-27 09:15:32,1739.6,65747
2021-05-27 09:15:33,1740.85,66720
2021-05-27 09:15:34,1739.55,68594
2021-05-27 09:15:36,1738.5,70426
2021-05-27 09:15:37,1738.05,71227
2021-05-27 09:15:38,1738.0,71799
2021-05-27 09:15:39,1738.3,71951
2021-05-27 09:15:40,1739.1,72567
2021-05-27 09:15:41,1737.8,72735
2021-05-27 09:15:42,1738.5,72981
2021-05-27 09:15:44,1738.45,73292
2021-05-27 09:15:44,1738.45,73292
2021-05-27 09:15:46,1741.75,75835
2021-05-27 09:15:47,1741.3,77771
2021-05-27 09:15:47,1740.5,76390
2021-05-27 09:15:48,1740.35,77959
2021-05-27 09:15:50,1740.05,78237
2021-05-27 09:15:52,1740.15,78704
2021-05-27 09:15:53,1739.95,79298
2021-05-27 09:15:54,1740.0,79420
2021-05-27 09:15:55,1739.65,79950
2021-05-27 09:15:56,1739.85,80175
2021-05-27 09:15:57,1740.0,80498
2021-05-27 09:15:58,1739.4,80818
2021-05-27 09:16:00,1738.0,81550
2021-05-27 09:16:02,1738.4,81652
2021-05-27 09:16:04,1737.25,84138
2021-05-27 09:16:05,1738.0,84625
2021-05-27 09:16:05,1738.0,84625
2021-05-27 09:16:06,1737.0,85225
2021-05-27 09:16:07,1737.0,85336
2021-05-27 09:16:08,1737.45,85634
2021-05-27 09:16:09,1737.3,85702
2021-05-27 09:16:11,1736.95,85840
2021-05-27 09:16:12,1736.95,86462
2021-05-27 09:16:13,1736.3,87281
2021-05-27 09:16:14,1736.95,88037
2021-05-27 09:16:15,1736.1,88087
2021-05-27 09:16:17,1736.75,89635
2021-05-27 09:16:20,1736.55,90267
2021-05-27 09:16:21,1736.65,91048
2021-05-27 09:16:21,1736.65,91048
2021-05-27 09:16:22,1736.65,91048
2021-05-27 09:16:24,1736.3,91946
2021-05-27 09:16:25,1736.3,93373
2021-05-27 09:16:26,1736.3,94054
2021-05-27 09:16:28,1736.0,94321
2021-05-27 09:16:29,1736.3,94576
2021-05-27 09:16:30,1736.3,94627
2021-05-27 09:16:30,1736.3,94627
2021-05-27 09:16:32,1736.0,94832
2021-05-27 09:16:33,1736.0,95090
2021-05-27 09:16:34,1736.5,95633
2021-05-27 09:16:35,1736.95,95838
2021-05-27 09:16:36,1736.15,95846
2021-05-27 09:16:36,1736.15,95846
2021-05-27 09:16:37,1736.15,95994
2021-05-27 09:16:39,1736.95,96908
2021-05-27 09:16:40,1735.8,97035
2021-05-27 09:16:41,1736.65,97584
2021-05-27 09:16:42,1736.65,97675
2021-05-27 09:16:43,1736.65,97769
2021-05-27 09:16:44,1736.55,97855
2021-05-27 09:16:45,1736.85,98127
2021-05-27 09:16:45,1736.85,98127
2021-05-27 09:16:47,1736.85,98230
2021-05-27 09:16:48,1736.5,98233
2021-05-27 09:16:51,1737.4,101825
2021-05-27 09:16:52,1737.1,102984
2021-05-27 09:16:55,1737.35,104546
2021-05-27 09:16:57,1737.85,105374
2021-05-27 09:16:59,1737.85,105635
2021-05-27 09:17:00,1737.65,106825
2021-05-27 09:17:01,1738.15,107228
2021-05-27 09:17:04,1737.0,108089
2021-05-27 09:17:05,1737.15,108900
2021-05-27 09:17:06,1737.0,108901
2021-05-27 09:17:06,1737.0,108901
2021-05-27 09:17:08,1736.95,109221
2021-05-27 09:17:09,1736.5,109427
2021-05-27 09:17:11,1736.65,110527
2021-05-27 09:17:12,1736.0,110893
2021-05-27 09:17:13,1736.3,111060
2021-05-27 09:17:14,1735.65,111111
2021-05-27 09:17:15,1735.65,111126
2021-05-27 09:17:17,1736.3,112537
2021-05-27 09:17:18,1736.0,112794
2021-05-27 09:17:19,1735.6,112962
2021-05-27 09:17:20,1735.25,113528
2021-05-27 09:17:21,1735.25,113528
2021-05-27 09:17:22,1736.15,113553
2021-05-27 09:17:23,1735.25,114121
2021-05-27 09:17:24,1735.75,114129
2021-05-27 09:17:25,1735.65,114276
2021-05-27 09:17:26,1735.7,114332
2021-05-27 09:17:27,1735.7,114342
2021-05-27 09:17:29,1735.3,114368
2021-05-27 09:17:30,1735.7,114543
2021-05-27 09:17:31,1735.65,114589
2021-05-27 09:17:32,1735.2,114624
2021-05-27 09:17:33,1735.65,114659
2021-05-27 09:17:34,1735.25,114685
2021-05-27 09:17:35,1735.05,114854
2021-05-27 09:17:37,1735.25,115276
2021-05-27 09:17:38,1735.2,117467
2021-05-27 09:17:39,1735.2,117609
2021-05-27 09:17:41,1735.0,120586
2021-05-27 09:17:41,1734.1,121403
2021-05-27 09:17:43,1734.05,121901
2021-05-27 09:17:44,1735.05,123104
2021-05-27 09:17:45,1734.45,123485
2021-05-27 09:17:46,1734.4,123632
2021-05-27 09:17:47,1734.15,124147
2021-05-27 09:17:48,1735.0,124584
2021-05-27 09:17:49,1735.1,124800
2021-05-27 09:17:49,1734.65,124826
2021-05-27 09:17:50,1734.55,124853
2021-05-27 09:17:52,1735.15,124959
2021-05-27 09:17:53,1735.15,124962
2021-05-27 09:17:54,1735.15,124962
2021-05-27 09:17:55,1735.15,125219
2021-05-27 09:17:56,1735.15,125270
2021-05-27 09:17:58,1735.9,126145
2021-05-27 09:17:59,1735.9,126332
2021-05-27 09:18:00,1735.9,126839
2021-05-27 09:18:01,1735.5,126951
2021-05-27 09:18:02,1735.8,128306
2021-05-27 09:18:02,1735.8,128306
2021-05-27 09:18:07,1735.15,129402
2021-05-27 09:18:08,1735.0,131699
2021-05-27 09:18:09,1734.95,132330
2021-05-27 09:18:10,1735.05,132462
2021-05-27 09:18:11,1734.5,132589
2021-05-27 09:18:13,1735.05,133852
2021-05-27 09:18:14,1735.0,133879
2021-05-27 09:18:15,1735.05,134180
2021-05-27 09:18:16,1736.0,134455
2021-05-27 09:18:16,1736.0,134455
2021-05-27 09:18:18,1735.6,134899
2021-05-27 09:18:19,1735.4,135140
2021-05-27 09:18:20,1735.55,135213
2021-05-27 09:18:21,1735.75,135526
2021-05-27 09:18:22,1734.75,136334
2021-05-27 09:18:23,1735.05,136534
2021-05-27 09:18:24,1734.5,136681
2021-05-27 09:18:25,1735.0,136699
2021-05-27 09:18:26,1734.85,137276
2021-05-27 09:18:27,1734.1,137749
2021-05-27 09:18:28,1734.85,138378
2021-05-27 09:18:29,1734.8,138789
2021-05-27 09:18:30,1734.8,138789
2021-05-27 09:18:31,1734.8,140120
2021-05-27 09:18:32,1734.8,140551
2021-05-27 09:18:33,1734.8,141084
2021-05-27 09:18:34,1734.8,141084
2021-05-27 09:18:35,1734.15,141252
2021-05-27 09:18:36,1734.2,141901
2021-05-27 09:18:37,1734.2,141901
2021-05-27 09:18:38,1734.2,141901
2021-05-27 09:18:39,1734.85,142189
2021-05-27 09:18:40,1734.85,142690
2021-05-27 09:18:41,1734.9,142849
2021-05-27 09:18:42,1735.05,142906
2021-05-27 09:18:43,1735.05,142938
2021-05-27 09:18:44,1735.05,142938
2021-05-27 09:18:45,1735.4,144713
2021-05-27 09:18:46,1735.5,144714
2021-05-27 09:18:48,1735.5,145341
2021-05-27 09:18:47,1735.5,145341
2021-05-27 09:18:49,1734.85,145598
2021-05-27 09:18:50,1735.45,145703
2021-05-27 09:18:51,1734.9,146090
2021-05-27 09:18:52,1735.5,146238
2021-05-27 09:18:53,1736.15,146890
2021-05-27 09:18:54,1736.15,147514
2021-05-27 09:18:55,1735.55,147603
2021-05-27 09:18:56,1736.05,147615
2021-05-27 09:18:57,1736.0,147625
2021-05-27 09:18:59,1736.0,147881
2021-05-27 09:18:58,1736.0,147881
2021-05-27 09:19:00,1736.35,149674
2021-05-27 09:19:01,1737.0,151702
2021-05-27 09:19:02,1737.5,152408
2021-05-27 09:19:03,1738.75,152619
2021-05-27 09:19:05,1737.8,152920
2021-05-27 09:19:04,1737.8,152920
2021-05-27 09:19:06,1737.75,153172
2021-05-27 09:19:07,1738.4,153391
2021-05-27 09:19:08,1738.4,153391
2021-05-27 09:19:09,1737.9,153442
2021-05-27 09:19:10,1737.25,153694
2021-05-27 09:19:11,1737.9,154550
2021-05-27 09:19:12,1737.0,155028
2021-05-27 09:19:13,1737.25,155030
2021-05-27 09:19:14,1736.3,155434
2021-05-27 09:19:15,1737.25,155444
2021-05-27 09:19:16,1737.2,155605
2021-05-27 09:19:17,1737.05,155660
2021-05-27 09:19:18,1736.1,155760
2021-05-27 09:19:20,1736.6,156253
2021-05-27 09:19:19,1737.0,156211
2021-05-27 09:19:21,1736.75,156525
2021-05-27 09:19:22,1736.55,156695
2021-05-27 09:19:23,1736.45,156724
2021-05-27 09:19:24,1736.6,156745
2021-05-27 09:19:25,1735.7,156841
2021-05-27 09:19:27,1736.45,157091
2021-05-27 09:19:28,1736.5,157665
2021-05-27 09:19:29,1736.25,158078
2021-05-27 09:19:30,1735.6,158265
2021-05-27 09:19:31,1736.3,158482
2021-05-27 09:19:32,1736.35,158866
2021-05-27 09:19:33,1736.3,158966
2021-05-27 09:19:34,1736.3,158966
2021-05-27 09:19:35,1736.3,158966
2021-05-27 09:19:36,1736.3,158966
2021-05-27 09:19:37,1735.45,159243
2021-05-27 09:19:38,1736.3,159794
2021-05-27 09:19:39,1736.25,160294
2021-05-27 09:19:40,1736.25,160695
2021-05-27 09:19:41,1736.25,160695
2021-05-27 09:19:42,1736.05,160815
2021-05-27 09:19:43,1735.3,161067
2021-05-27 09:19:44,1736.1,161387
2021-05-27 09:19:46,1735.35,161433
2021-05-27 09:19:50,1735.55,161745
2021-05-27 09:19:51,1735.45,161996
2021-05-27 09:19:52,1736.1,162295
2021-05-27 09:19:53,1735.6,162339
2021-05-27 09:19:55,1735.4,162389
2021-05-27 09:19:56,1735.4,162389
2021-05-27 09:19:57,1735.5,162426
2021-05-27 09:19:58,1735.3,162755
2021-05-27 09:19:59,1735.35,162873
2021-05-27 09:20:00,1736.1,164880
2021-05-27 09:20:02,1736.1,165370
2021-05-27 09:20:03,1735.15,165445
2021-05-27 09:20:04,1735.4,165481
2021-05-27 09:20:05,1736.05,165518
2021-05-27 09:20:06,1735.5,165590
2021-05-27 09:20:07,1736.05,165595
2021-05-27 09:20:08,1735.5,165696
2021-05-27 09:20:09,1736.05,166156
2021-05-27 09:20:10,1736.05,166201
2021-05-27 09:20:11,1736.05,166551
2021-05-27 09:20:12,1735.5,167109
2021-05-27 09:20:13,1735.5,167742
2021-05-27 09:20:14,1735.0,168345
2021-05-27 09:20:15,1735.0,168433
2021-05-27 09:20:16,1735.0,168439
2021-05-27 09:20:17,1735.65,168971
2021-05-27 09:20:18,1735.65,169059
2021-05-27 09:20:19,1735.65,169059
2021-05-27 09:20:20,1735.7,169143
2021-05-27 09:20:21,1735.65,169210
2021-05-27 09:20:22,1735.65,169210
2021-05-27 09:20:23,1735.65,169228
2021-05-27 09:20:24,1735.45,169229
2021-05-27 09:20:25,1735.6,169339
2021-05-27 09:20:26,1735.6,169339
2021-05-27 09:20:28,1735.45,169972
2021-05-27 09:20:29,1735.55,170215
2021-05-27 09:20:31,1735.6,170228
2021-05-27 09:20:31,1735.6,170230
2021-05-27 09:20:32,1735.5,170331
2021-05-27 09:20:33,1735.45,170368
2021-05-27 09:20:34,1735.45,170368
2021-05-27 09:20:35,1735.45,170368
2021-05-27 09:20:36,1733.4,176947
2021-05-27 09:20:37,1733.85,178292
2021-05-27 09:20:39,1733.55,178504
2021-05-27 09:20:39,1732.85,178544
2021-05-27 09:20:40,1732.9,178707
2021-05-27 09:20:41,1733.45,179179
2021-05-27 09:20:42,1733.45,179250
2021-05-27 09:20:43,1733.45,179250
2021-05-27 09:20:44,1733.45,180286
2021-05-27 09:20:45,1733.4,180433
2021-05-27 09:20:47,1732.8,180451
2021-05-27 09:20:48,1733.2,180501
2021-05-27 09:20:48,1733.35,180500
2021-05-27 09:20:49,1733.35,180644
2021-05-27 09:20:50,1732.85,180647
2021-05-27 09:20:51,1733.2,182197
2021-05-27 09:20:52,1733.25,182414
2021-05-27 09:20:53,1732.9,182530
2021-05-27 09:20:55,1732.9,182565
2021-05-27 09:20:55,1732.9,182565
2021-05-27 09:20:56,1732.9,183265
2021-05-27 09:20:57,1733.05,183637
2021-05-27 09:20:59,1733.1,184710
2021-05-27 09:21:01,1733.25,185999
2021-05-27 09:21:01,1734.1,186379
2021-05-27 09:21:02,1733.25,186406
2021-05-27 09:21:03,1733.25,186411
2021-05-27 09:21:04,1733.25,186419
2021-05-27 09:21:05,1733.35,186420
2021-05-27 09:21:08,1733.35,186515
2021-05-27 09:21:08,1733.35,186515
2021-05-27 09:21:09,1733.55,186565
2021-05-27 09:21:10,1733.55,186645
2021-05-27 09:21:11,1733.3,186796
2021-05-27 09:21:13,1733.3,186897
2021-05-27 09:21:13,1733.3,186997
2021-05-27 09:21:14,1733.3,187463
2021-05-27 09:21:15,1733.25,187480
2021-05-27 09:21:16,1733.25,187517
2021-05-27 09:21:18,1733.3,188095
2021-05-27 09:21:18,1733.2,188116
2021-05-27 09:21:19,1733.35,188141
2021-05-27 09:21:20,1733.2,188143
2021-05-27 09:21:21,1733.15,188226
2021-05-27 09:21:22,1733.45,188540
2021-05-27 09:21:24,1733.9,188720
2021-05-27 09:21:24,1733.9,188720
2021-05-27 09:21:25,1733.15,189427
2021-05-27 09:21:26,1733.8,189503
2021-05-27 09:21:27,1733.8,189748
2021-05-27 09:21:28,1733.8,190091
2021-05-27 09:21:30,1733.35,190295
2021-05-27 09:21:30,1733.35,190295
2021-05-27 09:21:31,1733.35,190317
2021-05-27 09:21:32,1733.75,190493
2021-05-27 09:21:33,1733.35,190494
2021-05-27 09:21:34,1732.65,191788
2021-05-27 09:21:35,1733.05,192144
2021-05-27 09:21:37,1733.05,192832
2021-05-27 09:21:37,1733.05,192882
2021-05-27 09:21:38,1733.05,192887
2021-05-27 09:21:39,1733.0,193261
2021-05-27 09:21:40,1733.1,193264
2021-05-27 09:21:42,1733.1,193272
2021-05-27 09:21:44,1732.9,194767
2021-05-27 09:21:45,1733.05,194930
2021-05-27 09:21:46,1733.4,195041
2021-05-27 09:21:47,1732.7,195052
2021-05-27 09:21:48,1733.65,195257
2021-05-27 09:21:49,1733.65,195367
2021-05-27 09:21:50,1733.05,195375
2021-05-27 09:21:51,1733.65,197025
2021-05-27 09:21:52,1734.15,198008
2021-05-27 09:21:53,1733.05,198045
2021-05-27 09:21:54,1733.65,198475
2021-05-27 09:21:55,1733.65,198511
2021-05-27 09:21:56,1733.45,198560
2021-05-27 09:21:57,1733.4,198621
2021-05-27 09:21:58,1733.4,199046
2021-05-27 09:21:59,1733.65,199082
2021-05-27 09:22:00,1733.4,199112
2021-05-27 09:22:01,1733.4,199115
2021-05-27 09:22:02,1733.4,199172
2021-05-27 09:22:03,1733.65,199606
2021-05-27 09:22:05,1733.05,199613
2021-05-27 09:22:06,1733.65,200013
2021-05-27 09:22:07,1733.0,200269
2021-05-27 09:22:08,1733.65,200395
2021-05-27 09:22:09,1733.65,200455
2021-05-27 09:22:10,1733.65,200461
2021-05-27 09:22:11,1733.65,200466
2021-05-27 09:22:12,1733.4,200521
2021-05-27 09:22:13,1733.4,200521
2021-05-27 09:22:14,1733.65,200597
2021-05-27 09:22:15,1733.4,200653
2021-05-27 09:22:16,1733.4,200653
2021-05-27 09:22:17,1734.0,200910
2021-05-27 09:22:18,1734.0,201019
2021-05-27 09:22:19,1734.0,201041
2021-05-27 09:22:20,1733.95,201566
2021-05-27 09:22:21,1733.95,201580
2021-05-27 09:22:22,1733.6,201684
2021-05-27 09:22:23,1733.6,201694
2021-05-27 09:22:24,1733.95,201833
2021-05-27 09:22:24,1733.95,201833
2021-05-27 09:22:25,1733.9,202093
2021-05-27 09:22:26,1733.0,202248
2021-05-27 09:22:27,1733.05,202335
2021-05-27 09:22:28,1733.6,202386
2021-05-27 09:22:29,1733.6,202486
2021-05-27 09:22:30,1733.15,202511
2021-05-27 09:22:31,1733.9,202551
2021-05-27 09:22:32,1733.9,204607
2021-05-27 09:22:33,1733.9,204891
2021-05-27 09:22:34,1733.25,204942
2021-05-27 09:22:35,1733.6,205042
2021-05-27 09:22:36,1733.8,205332
2021-05-27 09:22:37,1733.5,205374
2021-05-27 09:22:38,1733.5,205375
2021-05-27 09:22:39,1733.6,205382
2021-05-27 09:22:40,1733.8,205390
2021-05-27 09:22:41,1733.85,205892
2021-05-27 09:22:42,1733.6,206010
2021-05-27 09:22:43,1733.5,206030
2021-05-27 09:22:44,1733.8,206571
2021-05-27 09:22:45,1733.0,207866
2021-05-27 09:22:46,1733.6,207988
2021-05-27 09:22:47,1733.65,208001
2021-05-27 09:22:48,1733.4,208067
2021-05-27 09:22:49,1733.4,208092
2021-05-27 09:22:50,1732.6,208335
2021-05-27 09:22:51,1732.6,208498
2021-05-27 09:22:52,1732.6,208522
2021-05-27 09:22:53,1733.2,208732
2021-05-27 09:22:54,1733.3,209581
2021-05-27 09:22:56,1733.3,209993
2021-05-27 09:22:57,1733.3,210030
2021-05-27 09:22:58,1733.3,210030
2021-05-27 09:23:00,1733.3,210087
2021-05-27 09:23:01,1732.5,210537
2021-05-27 09:23:02,1733.3,210542
2021-05-27 09:23:03,1732.75,210618
2021-05-27 09:23:04,1732.75,210623
2021-05-27 09:23:05,1732.9,210627
2021-05-27 09:23:06,1733.3,210647
2021-05-27 09:23:07,1733.3,211133
2021-05-27 09:23:08,1733.3,211133
2021-05-27 09:23:09,1733.3,211133
2021-05-27 09:23:10,1733.25,211153
2021-05-27 09:23:11,1733.3,211264
2021-05-27 09:23:12,1733.25,211265
2021-05-27 09:23:13,1733.3,211365
2021-05-27 09:23:14,1733.3,211410
2021-05-27 09:23:15,1732.95,211420
2021-05-27 09:23:16,1733.3,211500
2021-05-27 09:23:17,1733.3,212231
2021-05-27 09:23:18,1733.3,212351
2021-05-27 09:23:19,1733.3,212362
2021-05-27 09:23:20,1733.25,212772
2021-05-27 09:23:21,1733.3,213214
2021-05-27 09:23:22,1733.0,213655
2021-05-27 09:23:23,1733.0,213713
2021-05-27 09:23:24,1732.95,213714
2021-05-27 09:23:26,1733.0,213759
2021-05-27 09:23:27,1733.35,213899
2021-05-27 09:23:28,1732.8,213909
2021-05-27 09:23:29,1733.8,214011
2021-05-27 09:23:30,1733.75,214511
2021-05-27 09:23:31,1733.75,214711
2021-05-27 09:23:32,1733.75,215512
2021-05-27 09:23:33,1733.75,215562
2021-05-27 09:23:34,1733.75,215562
2021-05-27 09:23:35,1733.75,215562
2021-05-27 09:23:36,1733.85,215962
2021-05-27 09:23:37,1733.75,216012
2021-05-27 09:23:38,1733.75,216012
2021-05-27 09:23:40,1733.75,216012
2021-05-27 09:23:41,1733.75,216012
2021-05-27 09:23:42,1733.75,216012
2021-05-27 09:23:43,1733.65,216039
2021-05-27 09:23:44,1733.4,216050
2021-05-27 09:23:45,1734.0,216096
2021-05-27 09:23:46,1733.1,216614
2021-05-27 09:23:47,1733.5,216640
2021-05-27 09:23:48,1733.5,216697
2021-05-27 09:23:49,1733.05,216729
2021-05-27 09:23:50,1733.05,216729
2021-05-27 09:23:51,1733.5,216780
2021-05-27 09:23:51,1733.5,216780
2021-05-27 09:23:52,1733.5,216852
2021-05-27 09:23:53,1733.5,216903
2021-05-27 09:23:54,1733.5,216903
2021-05-27 09:23:55,1733.5,216903
2021-05-27 09:23:56,1733.15,216935
2021-05-27 09:23:57,1733.15,217675
2021-05-27 09:23:58,1733.45,217790
2021-05-27 09:23:59,1733.0,217826
2021-05-27 09:24:00,1733.3,217858
2021-05-27 09:24:01,1732.9,218664
2021-05-27 09:24:02,1732.9,218714
2021-05-27 09:24:03,1733.3,218792
2021-05-27 09:24:04,1733.3,218856
2021-05-27 09:24:05,1733.05,219341
2021-05-27 09:24:06,1733.05,219626
2021-05-27 09:24:07,1733.05,219660
2021-05-27 09:24:08,1733.05,219688
2021-05-27 09:24:09,1733.05,219708
2021-05-27 09:24:10,1733.3,219838
2021-05-27 09:24:11,1733.3,219838
2021-05-27 09:24:12,1733.3,219838
2021-05-27 09:24:13,1733.05,219839
2021-05-27 09:24:14,1733.05,220159
2021-05-27 09:24:15,1733.0,220252
2021-05-27 09:24:16,1733.05,220598
2021-05-27 09:24:17,1733.05,220638
2021-05-27 09:24:18,1733.05,220738
2021-05-27 09:24:19,1733.05,220738
2021-05-27 09:24:21,1733.0,221317
2021-05-27 09:24:23,1733.0,221391
2021-05-27 09:24:24,1732.1,222172
2021-05-27 09:24:24,1732.45,221811
2021-05-27 09:24:25,1731.95,229070
2021-05-27 09:24:26,1732.25,231128
2021-05-27 09:24:27,1732.15,231237
2021-05-27 09:24:28,1731.3,231390
2021-05-27 09:24:30,1732.05,231680
2021-05-27 09:24:31,1731.3,233355
2021-05-27 09:24:32,1732.0,233444
2021-05-27 09:24:32,1732.0,233444
2021-05-27 09:24:33,1731.3,233494
2021-05-27 09:24:34,1731.95,234395
2021-05-27 09:24:35,1731.95,234565
2021-05-27 09:24:37,1731.9,235031
2021-05-27 09:24:38,1731.95,235342
2021-05-27 09:24:39,1731.95,235412
2021-05-27 09:24:40,1731.95,235413
2021-05-27 09:24:42,1731.3,236099
2021-05-27 09:24:44,1731.9,236159
2021-05-27 09:24:47,1731.95,237170
2021-05-27 09:24:48,1731.3,237536
2021-05-27 09:24:49,1731.65,237600
2021-05-27 09:24:50,1731.1,237830
2021-05-27 09:24:51,1731.3,238015
2021-05-27 09:24:52,1731.6,240526
2021-05-27 09:24:55,1731.1,241052
2021-05-27 09:24:56,1731.1,241104
2021-05-27 09:24:58,1731.0,241149
2021-05-27 09:24:59,1731.1,241399
2021-05-27 09:25:00,1731.95,242478
2021-05-27 09:25:01,1731.45,243170
2021-05-27 09:25:02,1731.8,243222
2021-05-27 09:25:03,1731.15,243273
2021-05-27 09:25:04,1730.5,244515
2021-05-27 09:25:05,1730.5,244565
2021-05-27 09:25:06,1731.1,244582
2021-05-27 09:25:07,1730.9,244813
2021-05-27 09:25:08,1730.45,244848
2021-05-27 09:25:09,1730.3,244929
2021-05-27 09:25:10,1730.8,245208
2021-05-27 09:25:11,1730.35,245361
2021-05-27 09:25:12,1730.35,245361
2021-05-27 09:25:14,1732.05,245908
2021-05-27 09:25:15,1732.0,245958
2021-05-27 09:25:18,1731.85,246009
2021-05-27 09:25:19,1731.85,246167
2021-05-27 09:25:20,1731.85,246167
2021-05-27 09:25:21,1731.85,246167
2021-05-27 09:25:22,1731.45,246172
2021-05-27 09:25:23,1731.8,246187
2021-05-27 09:25:25,1731.5,246514
2021-05-27 09:25:26,1731.5,246529
2021-05-27 09:25:27,1731.5,246639
2021-05-27 09:25:28,1731.8,246664
2021-05-27 09:25:29,1731.8,246664
2021-05-27 09:25:30,1731.8,246679
2021-05-27 09:25:31,1731.8,246780
2021-05-27 09:25:32,1731.55,247202
2021-05-27 09:25:33,1731.55,247396
2021-05-27 09:25:35,1731.85,247607
2021-05-27 09:25:36,1731.85,247607
2021-05-27 09:25:37,1731.8,247744
2021-05-27 09:25:38,1731.85,247784
2021-05-27 09:25:39,1731.4,247906
2021-05-27 09:25:40,1731.7,247933
2021-05-27 09:25:42,1731.65,248372
2021-05-27 09:25:44,1731.5,249130
2021-05-27 09:25:45,1731.5,249215
2021-05-27 09:25:47,1731.4,249254
2021-05-27 09:25:48,1731.45,249462
2021-05-27 09:25:49,1731.55,249678
2021-05-27 09:25:50,1731.55,249678
2021-05-27 09:25:51,1731.55,249678
2021-05-27 09:25:52,1732.0,249925
2021-05-27 09:25:53,1732.0,249989
2021-05-27 09:25:56,1731.9,250084
2021-05-27 09:25:57,1732.2,251360
2021-05-27 09:25:58,1732.2,251360
2021-05-27 09:25:59,1732.0,251420
2021-05-27 09:26:00,1732.8,251442
2021-05-27 09:26:01,1732.5,252144
2021-05-27 09:26:02,1732.55,252145
2021-05-27 09:26:03,1732.25,252772
2021-05-27 09:26:04,1732.25,252817
2021-05-27 09:26:05,1732.0,252823
2021-05-27 09:26:06,1732.25,253233
2021-05-27 09:26:09,1732.25,253597
2021-05-27 09:26:10,1732.15,253625
2021-05-27 09:26:11,1732.25,253711
2021-05-27 09:26:12,1732.25,253919
2021-05-27 09:26:13,1732.25,254174
2021-05-27 09:26:14,1732.85,254561
2021-05-27 09:26:21,1732.2,255609
2021-05-27 09:26:22,1731.65,255610
2021-05-27 09:26:23,1732.0,255700
2021-05-27 09:26:24,1732.2,255806
2021-05-27 09:26:26,1732.25,255908
2021-05-27 09:26:27,1732.25,255912
2021-05-27 09:26:27,1732.25,255908
2021-05-27 09:26:28,1732.5,256762
2021-05-27 09:26:30,1733.0,257183
2021-05-27 09:26:30,1733.0,257163
2021-05-27 09:26:31,1733.0,257183
2021-05-27 09:26:32,1733.0,257183
2021-05-27 09:26:33,1732.35,257203
2021-05-27 09:26:34,1733.0,257213
2021-05-27 09:26:36,1732.85,257310
2021-05-27 09:26:37,1733.05,257768
2021-05-27 09:26:38,1733.05,257768
2021-05-27 09:26:39,1732.6,257770
2021-05-27 09:26:40,1732.55,257880
2021-05-27 09:26:41,1732.55,257895
2021-05-27 09:26:42,1732.55,257895
2021-05-27 09:26:43,1732.85,257904
2021-05-27 09:26:44,1732.85,257904
2021-05-27 09:26:45,1733.0,257944
2021-05-27 09:26:46,1733.0,257944
2021-05-27 09:26:47,1733.0,258195
2021-05-27 09:26:48,1733.05,258198
2021-05-27 09:26:49,1732.6,258639
2021-05-27 09:26:50,1732.6,258639
2021-05-27 09:26:50,1732.6,258639
2021-05-27 09:26:52,1733.05,258684
2021-05-27 09:26:52,1733.05,258684
2021-05-27 09:26:53,1733.05,258737
2021-05-27 09:26:54,1733.05,258737
2021-05-27 09:26:56,1733.05,258837
2021-05-27 09:26:56,1733.0,258863
2021-05-27 09:26:57,1733.0,258889
2021-05-27 09:26:58,1733.05,258940
2021-05-27 09:26:59,1733.0,258967
2021-05-27 09:27:00,1732.9,258973
2021-05-27 09:27:01,1732.9,259039
2021-05-27 09:27:02,1733.0,259206
2021-05-27 09:27:04,1732.55,259268
2021-05-27 09:27:05,1732.55,259268
2021-05-27 09:27:06,1733.3,259694
2021-05-27 09:27:07,1733.3,259771
2021-05-27 09:27:08,1733.3,259797
2021-05-27 09:27:09,1733.3,259933
2021-05-27 09:27:10,1733.5,260371
2021-05-27 09:27:11,1733.5,260396
2021-05-27 09:27:12,1733.5,260447
2021-05-27 09:27:12,1733.5,260448
2021-05-27 09:27:13,1733.15,260811
2021-05-27 09:27:14,1733.65,260836
2021-05-27 09:27:15,1733.8,260939
2021-05-27 09:27:16,1733.8,260989
2021-05-27 09:27:17,1733.75,261065
2021-05-27 09:27:18,1733.75,261167
2021-05-27 09:27:19,1733.8,261227
2021-05-27 09:27:20,1734.0,261753
2021-05-27 09:27:21,1734.05,262587
2021-05-27 09:27:23,1734.0,263467
2021-05-27 09:27:24,1733.8,263497
2021-05-27 09:27:25,1733.3,263513
2021-05-27 09:27:26,1733.65,263892
2021-05-27 09:27:27,1733.9,264557
2021-05-27 09:27:28,1733.85,264764
2021-05-27 09:27:29,1733.9,265164
2021-05-27 09:27:30,1734.0,265295
2021-05-27 09:27:31,1734.0,265335
2021-05-27 09:27:32,1733.95,265366
2021-05-27 09:27:33,1733.2,265395
2021-05-27 09:27:34,1734.0,265507
2021-05-27 09:27:35,1733.95,265673
2021-05-27 09:27:37,1733.9,266156
2021-05-27 09:27:39,1733.8,268010
2021-05-27 09:27:40,1732.55,268124
2021-05-27 09:27:41,1732.5,268230
2021-05-27 09:27:42,1732.35,268240
2021-05-27 09:27:43,1732.25,268267
2021-05-27 09:27:44,1732.55,268377
2021-05-27 09:27:45,1732.55,268415
2021-05-27 09:27:46,1732.45,268570
2021-05-27 09:27:47,1732.55,268571
2021-05-27 09:27:48,1732.55,268582
2021-05-27 09:27:49,1732.55,268622
2021-05-27 09:27:50,1732.55,268772
2021-05-27 09:27:51,1733.25,268909
2021-05-27 09:27:52,1733.25,268909
2021-05-27 09:27:53,1733.25,268961
2021-05-27 09:27:53,1733.25,268961
2021-05-27 09:27:54,1733.25,268961
2021-05-27 09:27:55,1733.15,269001
2021-05-27 09:27:58,1733.15,269001
2021-05-27 09:27:59,1733.5,269077
2021-05-27 09:28:00,1732.8,269135
2021-05-27 09:28:01,1733.5,269263
2021-05-27 09:28:02,1733.5,269263
2021-05-27 09:28:03,1733.5,269425
2021-05-27 09:28:03,1733.5,269400
2021-05-27 09:28:04,1733.5,269475
2021-05-27 09:28:05,1734.0,269529
2021-05-27 09:28:06,1734.0,269773
2021-05-27 09:28:07,1733.5,269813
2021-05-27 09:28:09,1733.5,269813
2021-05-27 09:28:11,1733.3,269843
2021-05-27 09:28:12,1733.3,269843
2021-05-27 09:28:13,1733.95,269848
2021-05-27 09:28:13,1733.35,269849
2021-05-27 09:28:14,1733.35,269849
2021-05-27 09:28:15,1733.35,269869
2021-05-27 09:28:17,1733.5,269899
2021-05-27 09:28:18,1733.85,269943
2021-05-27 09:28:18,1733.85,269973
2021-05-27 09:28:19,1733.8,269974
2021-05-27 09:28:21,1733.35,270137
2021-05-27 09:28:22,1733.8,270246
2021-05-27 09:28:22,1733.8,270326
2021-05-27 09:28:24,1733.35,270341
2021-05-27 09:28:25,1733.35,270394
2021-05-27 09:28:25,1733.35,270394
2021-05-27 09:28:26,1733.35,270417
2021-05-27 09:28:27,1733.8,270419
2021-05-27 09:28:28,1733.35,270444
2021-05-27 09:28:29,1732.95,270789
2021-05-27 09:28:30,1733.35,270791
2021-05-27 09:28:31,1733.55,270794
2021-05-27 09:28:32,1733.35,270940
2021-05-27 09:28:33,1733.35,270940
2021-05-27 09:28:34,1733.55,271244
2021-05-27 09:28:35,1733.55,271244
2021-05-27 09:28:37,1733.35,271280
2021-05-27 09:28:38,1733.5,271370
2021-05-27 09:28:39,1733.5,271502
2021-05-27 09:28:40,1733.35,271541
2021-05-27 09:28:41,1733.5,271558
2021-05-27 09:28:42,1733.5,271595
2021-05-27 09:28:43,1733.35,271602
2021-05-27 09:28:44,1733.35,271602
2021-05-27 09:28:45,1733.35,271602
2021-05-27 09:28:46,1733.5,271603
2021-05-27 09:28:47,1733.55,271780
2021-05-27 09:28:48,1733.55,271780
2021-05-27 09:28:49,1733.5,271782
2021-05-27 09:28:50,1733.5,271824
2021-05-27 09:28:51,1733.5,271824
2021-05-27 09:28:52,1733.5,271842
2021-05-27 09:28:53,1733.5,271842
2021-05-27 09:28:54,1733.55,271867
2021-05-27 09:28:55,1733.55,271867
2021-05-27 09:28:56,1733.5,271904
2021-05-27 09:28:57,1733.5,271904
2021-05-27 09:28:58,1733.5,271904
2021-05-27 09:28:59,1734.0,272304
2021-05-27 09:29:01,1733.5,272374
2021-05-27 09:29:02,1733.55,272424
2021-05-27 09:29:03,1733.5,272449
2021-05-27 09:29:04,1733.5,272449
2021-05-27 09:29:05,1734.0,272529
2021-05-27 09:29:07,1733.95,272583
2021-05-27 09:29:08,1733.95,272603
2021-05-27 09:29:09,1733.95,272615
2021-05-27 09:29:10,1734.0,273015
2021-05-27 09:29:11,1734.0,273015
2021-05-27 09:29:12,1734.0,273015
2021-05-27 09:29:13,1733.95,273025
2021-05-27 09:29:14,1733.55,273030
2021-05-27 09:29:15,1734.0,273460
2021-05-27 09:29:16,1734.0,273460
2021-05-27 09:29:17,1734.0,273499
2021-05-27 09:29:18,1733.95,273522
2021-05-27 09:29:19,1734.0,273572
2021-05-27 09:29:20,1733.4,273772
2021-05-27 09:29:21,1733.4,273772
2021-05-27 09:29:22,1733.4,273772
2021-05-27 09:29:23,1733.75,273782
2021-05-27 09:29:24,1733.5,273818
2021-05-27 09:29:25,1733.75,273828
2021-05-27 09:29:26,1733.75,273828
2021-05-27 09:29:27,1733.85,273898
2021-05-27 09:29:28,1733.85,273898
2021-05-27 09:29:29,1733.75,273900
2021-05-27 09:29:30,1733.75,273900
2021-05-27 09:29:31,1734.0,274225
2021-05-27 09:29:32,1734.0,274329
2021-05-27 09:29:33,1733.5,274945
2021-05-27 09:29:34,1733.35,274947
2021-05-27 09:29:35,1733.35,274947
2021-05-27 09:29:36,1733.35,275103
2021-05-27 09:29:37,1733.85,275148
2021-05-27 09:29:38,1733.35,275274
2021-05-27 09:29:39,1733.5,275342
2021-05-27 09:29:40,1733.5,275342
2021-05-27 09:29:41,1733.0,275663
2021-05-27 09:29:43,1733.4,275710
2021-05-27 09:29:42,1733.4,275710
2021-05-27 09:29:44,1733.35,275737
2021-05-27 09:29:45,1733.35,275737
2021-05-27 09:29:46,1733.4,275740
2021-05-27 09:29:47,1733.35,275768
2021-05-27 09:29:48,1733.3,275776
2021-05-27 09:29:49,1733.3,275776
2021-05-27 09:29:50,1733.4,276007
2021-05-27 09:29:51,1733.35,276188
2021-05-27 09:29:52,1733.35,276188
2021-05-27 09:29:53,1733.0,276198
2021-05-27 09:29:54,1733.0,276198
2021-05-27 09:29:55,1733.0,276331
2021-05-27 09:29:56,1733.0,276457
2021-05-27 09:29:57,1733.35,276459
2021-05-27 09:29:58,1733.35,276465
2021-05-27 09:29:59,1733.35,276472
2021-05-27 09:30:00,1733.35,276531
2021-05-27 09:30:01,1733.35,276534
2021-05-27 09:30:02,1733.35,276534
2021-05-27 09:30:03,1733.0,276578
2021-05-27 09:30:04,1732.95,276634
2021-05-27 09:30:05,1732.95,276634
2021-05-27 09:30:06,1732.4,276659
2021-05-27 09:30:07,1732.2,276676
2021-05-27 09:30:08,1732.2,276676
2021-05-27 09:30:09,1732.4,276693
2021-05-27 09:30:10,1732.4,276777
2021-05-27 09:30:11,1732.4,276785
2021-05-27 09:30:12,1732.15,276903
2021-05-27 09:30:14,1732.15,276904
2021-05-27 09:30:15,1732.4,277084
2021-05-27 09:30:16,1732.4,277084
2021-05-27 09:30:17,1732.05,277105
2021-05-27 09:30:18,1732.0,277959
2021-05-27 09:30:19,1732.0,277959
2021-05-27 09:30:20,1732.0,277959
2021-05-27 09:30:21,1732.25,278180
2021-05-27 09:30:22,1731.5,278231
2021-05-27 09:30:23,1731.5,278290
2021-05-27 09:30:24,1731.5,278416
2021-05-27 09:30:25,1732.35,278721
2021-05-27 09:30:26,1732.35,278721
2021-05-27 09:30:28,1732.0,278859
2021-05-27 09:30:29,1731.95,278860
2021-05-27 09:30:30,1731.5,278868
2021-05-27 09:30:31,1731.5,278868
2021-05-27 09:30:32,1731.5,278869
2021-05-27 09:30:33,1731.5,278869
2021-05-27 09:30:35,1731.95,278982
2021-05-27 09:30:36,1731.5,279052
2021-05-27 09:30:37,1731.5,279052
2021-05-27 09:30:38,1731.9,279082
2021-05-27 09:30:39,1731.9,279082
2021-05-27 09:30:40,1732.0,279486
2021-05-27 09:30:41,1732.0,279486
2021-05-27 09:30:42,1732.0,279486
2021-05-27 09:30:43,1732.0,279486
2021-05-27 09:30:44,1732.5,279507
2021-05-27 09:30:45,1732.5,279507
2021-05-27 09:30:46,1732.0,279517
2021-05-27 09:30:47,1731.6,279593
2021-05-27 09:30:48,1732.0,279926
2021-05-27 09:30:49,1732.0,279936
2021-05-27 09:30:50,1732.0,279946
2021-05-27 09:30:51,1731.5,279969
2021-05-27 09:30:52,1731.5,280020
2021-05-27 09:30:53,1732.4,280370
2021-05-27 09:30:54,1732.4,280370
2021-05-27 09:30:55,1732.0,280395
2021-05-27 09:30:56,1732.0,280395
2021-05-27 09:30:57,1732.0,280395
2021-05-27 09:30:59,1732.4,280461
2021-05-27 09:31:00,1732.15,280481
2021-05-27 09:31:01,1731.8,280501
2021-05-27 09:31:02,1732.4,280557
2021-05-27 09:31:03,1731.8,280558
2021-05-27 09:31:04,1731.8,280588
2021-05-27 09:31:05,1732.15,280593
2021-05-27 09:31:06,1731.9,280629
2021-05-27 09:31:07,1731.9,280629
2021-05-27 09:31:08,1732.15,280922
2021-05-27 09:31:09,1732.15,280922
2021-05-27 09:31:11,1732.15,280922
2021-05-27 09:31:12,1732.15,280922
2021-05-27 09:31:13,1732.15,280922
2021-05-27 09:31:14,1732.0,281032
2021-05-27 09:31:15,1732.8,281273
2021-05-27 09:31:15,1732.8,281273
2021-05-27 09:31:16,1732.2,281275
2021-05-27 09:31:17,1732.8,281280
2021-05-27 09:31:18,1732.75,281579
2021-05-27 09:31:19,1732.75,281579
2021-05-27 09:31:20,1732.7,281605
2021-05-27 09:31:21,1732.7,281607
2021-05-27 09:31:22,1732.7,281653
2021-05-27 09:31:24,1732.7,281726
2021-05-27 09:31:25,1732.7,281726
2021-05-27 09:31:26,1732.7,281772
2021-05-27 09:31:27,1732.7,281817
2021-05-27 09:31:28,1732.7,281817
2021-05-27 09:31:29,1732.7,281817
2021-05-27 09:31:31,1732.7,281829
2021-05-27 09:31:32,1732.7,281834
2021-05-27 09:31:33,1732.7,281834
2021-05-27 09:31:37,1732.45,281898
2021-05-27 09:31:38,1732.45,281898
2021-05-27 09:31:40,1732.7,282000
2021-05-27 09:31:41,1732.6,282096
2021-05-27 09:31:42,1732.7,282203
2021-05-27 09:31:43,1732.7,282223
2021-05-27 09:31:44,1732.7,282223
2021-05-27 09:31:45,1732.7,282243
2021-05-27 09:31:46,1732.5,282274
2021-05-27 09:31:47,1732.7,282294
2021-05-27 09:31:48,1732.7,282394
2021-05-27 09:31:49,1732.7,282394
2021-05-27 09:31:50,1732.7,282397
2021-05-27 09:31:51,1732.7,282397
2021-05-27 09:31:52,1732.7,282413
2021-05-27 09:31:53,1732.5,282434
2021-05-27 09:31:54,1732.7,282436
2021-05-27 09:31:55,1732.7,282446
2021-05-27 09:31:56,1732.5,282482
2021-05-27 09:31:57,1732.0,282865
2021-05-27 09:31:58,1732.0,282929
2021-05-27 09:31:59,1732.65,282969
2021-05-27 09:32:00,1732.0,283026
2021-05-27 09:32:01,1732.0,283026
2021-05-27 09:32:02,1732.65,283052
2021-05-27 09:32:03,1732.65,283057
2021-05-27 09:32:04,1732.0,283067
2021-05-27 09:32:05,1732.65,283070
2021-05-27 09:32:06,1732.65,283506
2021-05-27 09:32:07,1732.1,283526
2021-05-27 09:32:08,1732.1,283526
2021-05-27 09:32:09,1732.1,283526
2021-05-27 09:32:10,1732.1,283526
2021-05-27 09:32:11,1732.1,283526
2021-05-27 09:32:12,1732.1,283526
2021-05-27 09:32:13,1732.6,283663
2021-05-27 09:32:14,1732.6,283703
2021-05-27 09:32:15,1732.6,283728
2021-05-27 09:32:16,1732.6,283728
2021-05-27 09:32:17,1732.6,283738
2021-05-27 09:32:19,1732.6,283748
2021-05-27 09:32:20,1732.6,283748
2021-05-27 09:32:21,1732.6,283783
2021-05-27 09:32:22,1732.6,283834
2021-05-27 09:32:23,1732.7,284104
2021-05-27 09:32:24,1732.65,284131
2021-05-27 09:32:25,1732.6,284159
2021-05-27 09:32:26,1732.6,284381
2021-05-27 09:32:27,1732.65,284777
2021-05-27 09:32:28,1733.0,285032
2021-05-27 09:32:29,1733.35,285532
2021-05-27 09:32:30,1732.65,285663
2021-05-27 09:32:31,1732.65,285663
2021-05-27 09:32:33,1733.35,285993
2021-05-27 09:32:34,1733.35,286193
2021-05-27 09:32:35,1732.65,286304
2021-05-27 09:32:35,1733.35,286203
2021-05-27 09:32:37,1732.65,286409
2021-05-27 09:32:38,1733.35,286411
2021-05-27 09:32:39,1733.35,286411
2021-05-27 09:32:40,1733.35,286421
2021-05-27 09:32:41,1733.35,286421
2021-05-27 09:32:42,1733.25,286426
2021-05-27 09:32:43,1733.25,286426
2021-05-27 09:32:44,1733.3,286529
2021-05-27 09:32:45,1733.3,286529
2021-05-27 09:32:47,1733.3,286529
2021-05-27 09:32:48,1733.35,286530
2021-05-27 09:32:49,1733.35,286530
2021-05-27 09:32:50,1733.35,286930
2021-05-27 09:32:51,1733.3,287032
2021-05-27 09:32:52,1733.35,287058
2021-05-27 09:32:53,1733.35,287072
2021-05-27 09:32:54,1733.35,287073
2021-05-27 09:32:55,1733.35,287073
2021-05-27 09:32:56,1733.35,287074
2021-05-27 09:32:57,1733.35,287111
2021-05-27 09:32:57,1733.3,287114
2021-05-27 09:32:58,1733.3,287114
2021-05-27 09:32:59,1733.3,287115
2021-05-27 09:33:00,1731.0,289884
2021-05-27 09:33:01,1731.0,290355
2021-05-27 09:33:03,1730.8,291370
2021-05-27 09:33:03,1731.25,291176
2021-05-27 09:33:04,1730.8,291770
2021-05-27 09:33:05,1731.1,291791
2021-05-27 09:33:06,1731.4,291892
2021-05-27 09:33:07,1731.3,292508
2021-05-27 09:33:08,1730.8,292654
2021-05-27 09:33:09,1730.6,292731
2021-05-27 09:33:10,1729.8,300637
2021-05-27 09:33:11,1729.95,302086
2021-05-27 09:33:12,1729.95,302565
2021-05-27 09:33:13,1729.95,303300
2021-05-27 09:33:14,1729.85,303700
2021-05-27 09:33:19,1729.6,304151
2021-05-27 09:33:21,1729.95,304174
2021-05-27 09:33:21,1729.05,304192
2021-05-27 09:33:22,1729.1,304212
2021-05-27 09:33:23,1729.95,304310
2021-05-27 09:33:24,1729.6,304324
2021-05-27 09:33:25,1729.6,304394
2021-05-27 09:33:27,1729.95,304423
2021-05-27 09:33:28,1729.95,304423
2021-05-27 09:33:29,1729.95,304523
2021-05-27 09:33:30,1729.6,304529
2021-05-27 09:33:31,1729.95,304530
2021-05-27 09:33:32,1729.0,304621
2021-05-27 09:33:33,1729.9,304721
2021-05-27 09:33:34,1729.9,304721
2021-05-27 09:33:34,1729.9,305242
2021-05-27 09:33:35,1729.3,305342
2021-05-27 09:33:36,1729.15,305361
2021-05-27 09:33:38,1729.6,305379
2021-05-27 09:33:39,1729.9,305527
2021-05-27 09:33:40,1729.9,305577
2021-05-27 09:33:41,1729.6,305579
2021-05-27 09:33:42,1729.6,305613
2021-05-27 09:33:43,1728.85,306279
2021-05-27 09:33:44,1728.85,306309
2021-05-27 09:33:45,1729.45,306319
2021-05-27 09:33:46,1729.5,306320
2021-05-27 09:33:47,1729.05,306371
2021-05-27 09:33:48,1729.55,306372
2021-05-27 09:33:49,1729.55,306372
2021-05-27 09:33:50,1729.0,306414
2021-05-27 09:33:51,1729.0,306414
2021-05-27 09:33:54,1729.0,306460
2021-05-27 09:33:54,1729.0,306460
2021-05-27 09:33:59,1729.4,306654
2021-05-27 09:34:00,1729.4,307332
2021-05-27 09:34:01,1729.05,307335
2021-05-27 09:34:02,1729.0,307385
2021-05-27 09:34:03,1729.0,307396
2021-05-27 09:34:04,1729.5,307546
2021-05-27 09:34:05,1729.4,307548
2021-05-27 09:34:06,1729.45,307599
2021-05-27 09:34:07,1729.15,307625
2021-05-27 09:34:08,1729.6,308079
2021-05-27 09:34:09,1729.6,308196
2021-05-27 09:34:11,1729.8,308479
2021-05-27 09:34:12,1729.5,308494
2021-05-27 09:34:13,1729.8,308714
2021-05-27 09:34:14,1729.4,308724
2021-05-27 09:34:15,1729.05,308838
2021-05-27 09:34:16,1729.6,308866
2021-05-27 09:34:17,1729.75,308867
2021-05-27 09:34:18,1729.0,308910
2021-05-27 09:34:19,1729.5,309310
2021-05-27 09:34:20,1729.5,309310
2021-05-27 09:34:21,1729.5,309310
2021-05-27 09:34:22,1729.5,309310
2021-05-27 09:34:23,1729.0,309360
2021-05-27 09:34:24,1729.5,309370
2021-05-27 09:34:25,1729.5,309470
2021-05-27 09:34:26,1729.5,309595
2021-05-27 09:34:29,1729.0,309997
2021-05-27 09:34:30,1729.5,310002
2021-05-27 09:34:32,1729.5,310139
2021-05-27 09:34:33,1729.5,310239
2021-05-27 09:34:36,1729.15,310320
2021-05-27 09:34:37,1729.6,310380
2021-05-27 09:34:38,1729.6,310380
2021-05-27 09:34:40,1729.0,310581
2021-05-27 09:34:42,1729.55,310592
2021-05-27 09:34:43,1729.55,310592
2021-05-27 09:34:44,1729.55,310592
2021-05-27 09:34:45,1729.55,310604
2021-05-27 09:34:46,1729.55,310647
2021-05-27 09:34:47,1729.55,310647
2021-05-27 09:34:48,1729.55,310648
2021-05-27 09:34:50,1729.55,310678
2021-05-27 09:34:51,1729.55,310705
2021-05-27 09:34:52,1729.1,310711
2021-05-27 09:34:53,1729.55,310761
2021-05-27 09:34:54,1729.55,310786
2021-05-27 09:34:55,1729.55,310839
2021-05-27 09:34:56,1729.55,310945
2021-05-27 09:34:57,1729.05,310987
2021-05-27 09:34:58,1729.55,310998
2021-05-27 09:35:00,1729.55,311131
2021-05-27 09:35:01,1729.55,311131
2021-05-27 09:35:02,1729.0,311331
2021-05-27 09:35:03,1729.0,311419
2021-05-27 09:35:04,1729.1,311565
2021-05-27 09:35:05,1729.1,311570
2021-05-27 09:35:06,1729.0,311604
2021-05-27 09:35:07,1729.6,311981
2021-05-27 09:35:08,1729.1,311987
2021-05-27 09:35:09,1729.1,312208
2021-05-27 09:35:10,1729.05,312237
2021-05-27 09:35:11,1729.55,312262
2021-05-27 09:35:12,1729.0,313013
2021-05-27 09:35:13,1729.05,313364
2021-05-27 09:35:14,1729.05,313364
2021-05-27 09:35:15,1728.95,313366
2021-05-27 09:35:16,1728.55,313417
2021-05-27 09:35:17,1729.05,313644
2021-05-27 09:35:18,1729.5,313744
2021-05-27 09:35:19,1729.5,313744
2021-05-27 09:35:20,1728.5,313935
2021-05-27 09:35:21,1729.05,313936
2021-05-27 09:35:22,1729.05,313941
2021-05-27 09:35:23,1729.35,314146
2021-05-27 09:35:24,1729.3,314168
2021-05-27 09:35:25,1729.3,314168
2021-05-27 09:35:26,1728.6,314172
2021-05-27 09:35:27,1729.0,314237
2021-05-27 09:35:28,1728.5,314452
2021-05-27 09:35:29,1729.0,314512
2021-05-27 09:35:32,1728.4,314749
2021-05-27 09:35:31,1728.5,314671
2021-05-27 09:35:33,1728.9,314839
2021-05-27 09:35:34,1729.0,315481
2021-05-27 09:35:35,1729.0,315481
2021-05-27 09:35:37,1729.1,315494
2021-05-27 09:35:37,1729.1,315797
2021-05-27 09:35:38,1729.4,315813
2021-05-27 09:35:39,1729.5,315875
2021-05-27 09:35:42,1728.95,316036
2021-05-27 09:35:43,1729.4,316084
2021-05-27 09:35:43,1729.4,316552
2021-05-27 09:35:45,1729.3,316648
2021-05-27 09:35:46,1729.05,316660
2021-05-27 09:35:47,1729.2,316670
2021-05-27 09:35:49,1729.4,316846
2021-05-27 09:35:48,1729.1,316671
2021-05-27 09:35:49,1729.4,316846
2021-05-27 09:35:50,1729.4,316846
2021-05-27 09:35:51,1729.35,316848
2021-05-27 09:35:52,1729.1,316933
2021-05-27 09:35:55,1729.35,317343
2021-05-27 09:35:56,1729.35,317343
2021-05-27 09:35:57,1729.35,317355
2021-05-27 09:35:58,1729.1,317389
2021-05-27 09:35:59,1729.1,317418
2021-05-27 09:36:00,1729.0,317475
2021-05-27 09:36:01,1729.0,317475
2021-05-27 09:36:02,1729.0,317475
2021-05-27 09:36:03,1729.3,317478
2021-05-27 09:36:04,1729.4,318678
2021-05-27 09:36:05,1729.1,318688
2021-05-27 09:36:06,1729.1,318688
2021-05-27 09:36:08,1729.05,318699
2021-05-27 09:36:07,1729.1,318689
2021-05-27 09:36:09,1729.1,318723
2021-05-27 09:36:10,1729.35,318827
2021-05-27 09:36:11,1729.05,318852
2021-05-27 09:36:12,1729.35,318907
2021-05-27 09:36:13,1729.9,320113
2021-05-27 09:36:14,1730.0,321516
2021-05-27 09:36:15,1729.85,321589
2021-05-27 09:36:16,1729.85,321590
2021-05-27 09:36:17,1729.85,321592
2021-05-27 09:36:18,1729.85,321642
2021-05-27 09:36:19,1729.75,321651
2021-05-27 09:36:20,1729.75,321715
2021-05-27 09:36:21,1729.85,322067
2021-05-27 09:36:22,1729.75,322082
2021-05-27 09:36:23,1729.75,322087
2021-05-27 09:36:24,1729.75,322087
2021-05-27 09:36:25,1729.75,322157
2021-05-27 09:36:26,1729.75,322174
2021-05-27 09:36:27,1729.75,322207
2021-05-27 09:36:28,1729.75,322467
2021-05-27 09:36:29,1729.7,322494
2021-05-27 09:36:30,1729.55,322636
2021-05-27 09:36:31,1729.7,322646
2021-05-27 09:36:32,1729.3,322656
2021-05-27 09:36:33,1729.7,322686
2021-05-27 09:36:34,1729.7,322686
2021-05-27 09:36:35,1729.7,322816
2021-05-27 09:36:36,1729.3,322830
2021-05-27 09:36:37,1729.7,322857
2021-05-27 09:36:38,1729.7,322857
2021-05-27 09:36:39,1729.7,322857
2021-05-27 09:36:40,1729.7,322916
2021-05-27 09:36:41,1729.7,322916
2021-05-27 09:36:42,1729.7,322967
2021-05-27 09:36:43,1729.7,322967
2021-05-27 09:36:44,1729.7,322967
2021-05-27 09:36:45,1729.7,323012
2021-05-27 09:36:47,1729.4,323147
2021-05-27 09:36:48,1729.7,323168
2021-05-27 09:36:49,1729.7,323299
2021-05-27 09:36:50,1729.7,323331
2021-05-27 09:36:51,1729.7,323332
2021-05-27 09:36:52,1729.5,323512
2021-05-27 09:36:53,1729.7,323521
2021-05-27 09:36:54,1729.65,323587
2021-05-27 09:36:55,1729.7,323785
2021-05-27 09:36:56,1729.75,323792
2021-05-27 09:36:57,1729.75,323792
2021-05-27 09:36:58,1729.75,323792
2021-05-27 09:36:59,1729.6,324102
2021-05-27 09:36:59,1729.6,324102
2021-05-27 09:37:00,1729.7,324104
2021-05-27 09:37:01,1729.7,324144
2021-05-27 09:37:02,1729.7,324144
2021-05-27 09:37:03,1729.7,324149
2021-05-27 09:37:04,1729.7,324149
2021-05-27 09:37:05,1729.7,324223
2021-05-27 09:37:06,1729.7,324343
2021-05-27 09:37:07,1729.5,324345
2021-05-27 09:37:08,1729.7,324475
2021-05-27 09:37:09,1729.7,324635
2021-05-27 09:37:10,1729.6,324699
2021-05-27 09:37:11,1729.7,324824
2021-05-27 09:37:12,1729.7,324844
2021-05-27 09:37:13,1729.75,325170
2021-05-27 09:37:14,1729.8,325275
2021-05-27 09:37:15,1729.85,325341
2021-05-27 09:37:16,1729.85,325343
2021-05-27 09:37:17,1729.85,325502
2021-05-27 09:37:19,1730.0,325696
2021-05-27 09:37:20,1730.0,325696
2021-05-27 09:37:21,1730.0,326102
2021-05-27 09:37:22,1730.2,326503
2021-05-27 09:37:23,1730.85,326620
2021-05-27 09:37:24,1730.85,326625
2021-05-27 09:37:25,1730.85,326636
2021-05-27 09:37:26,1730.85,326636
2021-05-27 09:37:27,1730.85,326658
2021-05-27 09:37:30,1730.85,327401
2021-05-27 09:37:31,1731.0,327674
2021-05-27 09:37:32,1730.9,327761
2021-05-27 09:37:33,1732.5,328736
2021-05-27 09:37:34,1731.9,328989
2021-05-27 09:37:36,1731.8,329029
2021-05-27 09:37:37,1731.75,329114
2021-05-27 09:37:39,1731.0,329288
2021-05-27 09:37:40,1731.3,329575
2021-05-27 09:37:41,1731.3,329676
2021-05-27 09:37:42,1731.3,329746
2021-05-27 09:37:43,1731.3,329858
2021-05-27 09:37:45,1731.3,329873
2021-05-27 09:37:46,1731.3,329873
2021-05-27 09:37:47,1731.0,329915
2021-05-27 09:37:48,1731.3,329920
2021-05-27 09:37:49,1731.2,329921
2021-05-27 09:37:50,1731.2,329922
2021-05-27 09:37:51,1731.2,329922
2021-05-27 09:37:52,1731.2,330006
2021-05-27 09:37:53,1731.0,330379
2021-05-27 09:37:54,1730.85,330677
2021-05-27 09:37:56,1730.8,330723
2021-05-27 09:37:57,1730.8,330791
2021-05-27 09:37:58,1731.0,330870
2021-05-27 09:37:58,1731.0,330870
2021-05-27 09:37:59,1731.0,330870
2021-05-27 09:38:00,1730.55,330932
2021-05-27 09:38:01,1730.55,330932
2021-05-27 09:38:02,1730.55,330932
2021-05-27 09:38:03,1730.85,331047
2021-05-27 09:38:04,1730.8,331084
2021-05-27 09:38:06,1730.55,331144
2021-05-27 09:38:09,1730.55,331144
2021-05-27 09:38:10,1730.5,331194
2021-05-27 09:38:11,1730.85,331204
2021-05-27 09:38:12,1730.85,331450
2021-05-27 09:38:13,1730.85,331516
2021-05-27 09:38:14,1730.85,331516
2021-05-27 09:38:16,1730.85,331521
2021-05-27 09:38:17,1730.55,331557
2021-05-27 09:38:18,1730.85,331572
2021-05-27 09:38:19,1730.85,331666
2021-05-27 09:38:20,1730.85,331671
2021-05-27 09:38:21,1730.85,331671
2021-05-27 09:38:22,1730.85,331750
2021-05-27 09:38:24,1730.85,332602
2021-05-27 09:38:27,1730.5,332739
2021-05-27 09:38:28,1730.85,332744
2021-05-27 09:38:29,1730.85,332812
2021-05-27 09:38:30,1730.85,332812
2021-05-27 09:38:32,1730.85,332822
2021-05-27 09:38:31,1730.85,332822
2021-05-27 09:38:35,1730.85,332961
2021-05-27 09:38:36,1730.85,332961
2021-05-27 09:38:37,1730.5,333385
2021-05-27 09:38:39,1730.55,333749
2021-05-27 09:38:40,1730.05,334156
2021-05-27 09:38:41,1730.55,334161
2021-05-27 09:38:42,1730.55,334171
2021-05-27 09:38:43,1730.55,334171
2021-05-27 09:38:45,1730.45,334241
2021-05-27 09:38:46,1730.45,334241
2021-05-27 09:38:47,1730.45,334573
2021-05-27 09:38:48,1730.45,334609
2021-05-27 09:38:50,1730.45,334610
2021-05-27 09:38:51,1730.45,334720
2021-05-27 09:38:51,1730.45,334725
2021-05-27 09:38:53,1730.45,334925
2021-05-27 09:38:54,1730.45,334925
2021-05-27 09:38:55,1730.45,334931
2021-05-27 09:38:56,1730.45,334931
2021-05-27 09:38:57,1730.05,334955
2021-05-27 09:38:58,1730.45,334956
2021-05-27 09:38:59,1730.45,334986
2021-05-27 09:39:00,1730.45,334986
2021-05-27 09:39:01,1730.45,334986
2021-05-27 09:39:02,1730.45,334986
2021-05-27 09:39:03,1730.45,335136
2021-05-27 09:39:04,1730.45,335310
2021-05-27 09:39:05,1730.45,335661
2021-05-27 09:39:06,1729.6,337214
2021-05-27 09:39:07,1729.75,337664
2021-05-27 09:39:08,1729.55,337699
2021-05-27 09:39:09,1729.7,337724
2021-05-27 09:39:10,1730.2,337904
2021-05-27 09:39:11,1729.5,337940
2021-05-27 09:39:12,1729.5,337940
2021-05-27 09:39:13,1729.5,337940
2021-05-27 09:39:14,1730.15,337950
2021-05-27 09:39:15,1730.15,337950
2021-05-27 09:39:16,1730.15,338005
2021-05-27 09:39:17,1730.0,338010
2021-05-27 09:39:18,1730.0,338012
2021-05-27 09:39:19,1730.0,338055
2021-05-27 09:39:20,1730.0,338055
2021-05-27 09:39:21,1730.0,338351
2021-05-27 09:39:22,1729.95,338362
2021-05-27 09:39:23,1729.95,338381
2021-05-27 09:39:24,1729.95,338461
2021-05-27 09:39:25,1729.95,338463
2021-05-27 09:39:26,1729.95,338468
2021-05-27 09:39:27,1729.95,338478
2021-05-27 09:39:28,1729.95,338502
2021-05-27 09:39:29,1729.95,338507
2021-05-27 09:39:30,1729.95,338507
2021-05-27 09:39:31,1729.95,339008
2021-05-27 09:39:32,1729.95,339010
2021-05-27 09:39:33,1729.95,339010
2021-05-27 09:39:34,1729.95,339020
2021-05-27 09:39:35,1729.95,339172
2021-05-27 09:39:36,1729.95,339182
2021-05-27 09:39:37,1729.95,339233
2021-05-27 09:39:38,1729.95,339233
2021-05-27 09:39:39,1729.95,339283
2021-05-27 09:39:40,1729.95,339288
2021-05-27 09:39:41,1729.95,339288
2021-05-27 09:39:42,1729.95,339288
2021-05-27 09:39:43,1729.95,339335
2021-05-27 09:39:44,1729.95,339335
2021-05-27 09:39:45,1729.9,339337
2021-05-27 09:39:46,1729.9,339337
2021-05-27 09:39:47,1729.85,339365
2021-05-27 09:39:49,1729.85,339377
2021-05-27 09:39:50,1729.85,339377
2021-05-27 09:39:53,1729.85,339393
2021-05-27 09:39:56,1729.85,339489
2021-05-27 09:39:57,1729.85,339489
2021-05-27 09:39:58,1729.85,339491
2021-05-27 09:39:59,1729.85,339542
2021-05-27 09:40:00,1729.8,339644
2021-05-27 09:40:01,1729.8,339742
2021-05-27 09:40:02,1729.8,339742
2021-05-27 09:40:03,1729.85,339752
2021-05-27 09:40:05,1729.8,339829
2021-05-27 09:40:06,1729.85,340243
2021-05-27 09:40:07,1729.85,340243
2021-05-27 09:40:08,1729.85,340243
2021-05-27 09:40:09,1729.85,340243
2021-05-27 09:40:11,1729.8,340665
2021-05-27 09:40:12,1729.8,340683
2021-05-27 09:40:13,1729.8,340693
2021-05-27 09:40:14,1729.8,340703
2021-05-27 09:40:15,1729.55,340903
2021-05-27 09:40:16,1729.85,340928
2021-05-27 09:40:17,1729.85,340928
2021-05-27 09:40:18,1729.85,340928
2021-05-27 09:40:19,1729.85,340929
2021-05-27 09:40:20,1729.85,340929
2021-05-27 09:40:21,1729.85,340950
2021-05-27 09:40:22,1729.25,341160
2021-05-27 09:40:23,1729.25,341160
2021-05-27 09:40:25,1729.8,341351
2021-05-27 09:40:26,1729.8,341351
2021-05-27 09:40:27,1729.8,341351
2021-05-27 09:40:28,1729.85,341851
2021-05-27 09:40:29,1729.85,342043
2021-05-27 09:40:30,1729.85,342043
2021-05-27 09:40:31,1729.85,342043
2021-05-27 09:40:32,1729.85,342043
2021-05-27 09:40:33,1729.9,342044
2021-05-27 09:40:34,1729.9,342044
2021-05-27 09:40:35,1729.9,342044
2021-05-27 09:40:36,1729.95,342087
2021-05-27 09:40:37,1729.95,342215
2021-05-27 09:40:38,1729.85,342265
2021-05-27 09:40:39,1729.85,342299
2021-05-27 09:40:40,1729.95,342349
2021-05-27 09:40:41,1729.8,342402
2021-05-27 09:40:42,1729.8,342402
2021-05-27 09:40:43,1729.35,342702
2021-05-27 09:40:44,1729.35,342702
2021-05-27 09:40:45,1729.35,342702
2021-05-27 09:40:46,1729.35,342702
2021-05-27 09:40:47,1729.8,342734
2021-05-27 09:40:48,1729.8,342761
2021-05-27 09:40:49,1729.8,342767
2021-05-27 09:40:50,1729.8,342843
2021-05-27 09:40:51,1729.8,342847
2021-05-27 09:40:54,1729.8,343359
2021-05-27 09:40:55,1729.8,343369
2021-05-27 09:40:56,1729.8,343374
2021-05-27 09:40:58,1730.0,343438
2021-05-27 09:40:59,1730.0,343439
2021-05-27 09:41:00,1730.0,343439
2021-05-27 09:41:01,1730.0,343491
2021-05-27 09:41:02,1730.0,343491
2021-05-27 09:41:03,1730.0,343491
2021-05-27 09:41:05,1730.0,343692
2021-05-27 09:41:06,1730.0,343692
2021-05-27 09:41:07,1730.0,343692
2021-05-27 09:41:08,1730.0,343692
2021-05-27 09:41:09,1730.0,343693
2021-05-27 09:41:10,1730.0,343703
2021-05-27 09:41:11,1730.0,343713
2021-05-27 09:41:12,1730.0,343713
2021-05-27 09:41:13,1730.0,343813
2021-05-27 09:41:14,1730.0,343813
2021-05-27 09:41:15,1729.95,343817
2021-05-27 09:41:16,1729.95,343828
2021-05-27 09:41:17,1729.95,343845
2021-05-27 09:41:19,1729.95,343946
2021-05-27 09:41:20,1729.95,343951
2021-05-27 09:41:21,1729.8,343954
2021-05-27 09:41:23,1729.95,343957
2021-05-27 09:41:24,1729.8,344252
2021-05-27 09:41:25,1729.95,344302
2021-05-27 09:41:26,1729.35,344408
2021-05-27 09:41:27,1729.95,344810
2021-05-27 09:41:28,1729.95,344876
2021-05-27 09:41:29,1729.95,344984
2021-05-27 09:41:30,1729.95,344991
2021-05-27 09:41:31,1729.95,344991
2021-05-27 09:41:32,1729.35,345149
2021-05-27 09:41:33,1729.35,345149
2021-05-27 09:41:34,1729.35,345169
2021-05-27 09:41:35,1729.35,345169
2021-05-27 09:41:36,1729.35,345169
2021-05-27 09:41:37,1729.8,345170
2021-05-27 09:41:38,1729.8,345170
2021-05-27 09:41:40,1729.8,345736
2021-05-27 09:41:41,1729.8,345736
2021-05-27 09:41:42,1729.8,346172
2021-05-27 09:41:43,1729.8,346658
2021-05-27 09:41:44,1729.8,346658
2021-05-27 09:41:45,1729.8,346658
2021-05-27 09:41:47,1729.8,346674
2021-05-27 09:41:48,1729.8,346699
2021-05-27 09:41:49,1729.35,346700
2021-05-27 09:41:49,1729.35,346700
2021-05-27 09:41:50,1729.35,346700
2021-05-27 09:41:51,1729.35,346810
2021-05-27 09:41:52,1729.35,346810
2021-05-27 09:41:53,1729.8,346811
2021-05-27 09:41:54,1729.35,346845
2021-05-27 09:41:56,1729.25,347015
2021-05-27 09:41:58,1729.7,347041
2021-05-27 09:41:59,1729.7,347191
2021-05-27 09:42:00,1729.2,347248
2021-05-27 09:42:01,1729.2,347248
2021-05-27 09:42:02,1729.2,347248
2021-05-27 09:42:03,1729.7,347254
2021-05-27 09:42:04,1729.7,347314
2021-05-27 09:42:05,1729.7,347314
2021-05-27 09:42:06,1729.7,347315
2021-05-27 09:42:07,1729.7,347315
2021-05-27 09:42:08,1729.7,347325
2021-05-27 09:42:09,1729.7,347327
2021-05-27 09:42:10,1729.7,347352
2021-05-27 09:42:11,1729.7,347353
2021-05-27 09:42:12,1729.7,347373
2021-05-27 09:42:13,1729.7,347373
2021-05-27 09:42:14,1729.7,347413
2021-05-27 09:42:15,1729.7,347813
2021-05-27 09:42:16,1729.7,347816
2021-05-27 09:42:17,1729.7,347871
2021-05-27 09:42:18,1729.3,347888
2021-05-27 09:42:19,1729.3,347888
2021-05-27 09:42:20,1729.7,347890
2021-05-27 09:42:21,1729.7,347890
2021-05-27 09:42:22,1729.7,347934
2021-05-27 09:42:24,1729.7,347984
2021-05-27 09:42:25,1729.7,347985
2021-05-27 09:42:26,1729.7,347985
2021-05-27 09:42:27,1729.5,348043
2021-05-27 09:42:27,1729.5,348443
2021-05-27 09:42:28,1729.5,348455
2021-05-27 09:42:29,1729.5,348457
2021-05-27 09:42:30,1729.35,348459
2021-05-27 09:42:31,1729.35,348462
2021-05-27 09:42:32,1729.0,348564
2021-05-27 09:42:33,1729.5,348569
2021-05-27 09:42:34,1729.5,348569
2021-05-27 09:42:35,1729.5,348569
2021-05-27 09:42:36,1729.5,348569
2021-05-27 09:42:37,1729.5,348574
2021-05-27 09:42:38,1729.5,348574
2021-05-27 09:42:39,1729.5,348631
2021-05-27 09:42:41,1729.0,348634
2021-05-27 09:42:41,1729.0,348644
2021-05-27 09:42:43,1729.45,348666
2021-05-27 09:42:44,1729.45,348669
2021-05-27 09:42:45,1729.45,348674
2021-05-27 09:42:46,1729.45,348680
2021-05-27 09:42:46,1729.45,348680
2021-05-27 09:42:47,1729.45,348680
2021-05-27 09:42:50,1729.45,349193
2021-05-27 09:42:51,1729.5,349293
2021-05-27 09:42:52,1729.45,349294
2021-05-27 09:42:52,1729.45,349294
2021-05-27 09:42:53,1729.5,349347
2021-05-27 09:42:54,1729.5,349347
2021-05-27 09:42:55,1729.5,349347
2021-05-27 09:42:57,1729.45,349354
2021-05-27 09:42:58,1729.45,349354
2021-05-27 09:42:58,1729.45,349354
2021-05-27 09:42:59,1729.5,349370
2021-05-27 09:43:01,1729.5,349491
2021-05-27 09:43:01,1729.5,349470
2021-05-27 09:43:02,1730.05,350906
2021-05-27 09:43:03,1730.05,351863
2021-05-27 09:43:04,1730.05,351863
2021-05-27 09:43:05,1730.05,351874
2021-05-27 09:43:07,1730.05,351881
2021-05-27 09:43:10,1730.55,352314
2021-05-27 09:43:11,1729.95,352372
2021-05-27 09:43:12,1729.95,352372
2021-05-27 09:43:13,1729.95,352407
2021-05-27 09:43:14,1729.95,352407
2021-05-27 09:43:14,1729.95,352407
2021-05-27 09:43:15,1729.95,352418
2021-05-27 09:43:16,1730.0,352448
2021-05-27 09:43:18,1729.95,352489
2021-05-27 09:43:18,1729.95,352489
2021-05-27 09:43:19,1729.95,352490
2021-05-27 09:43:20,1729.95,352492
2021-05-27 09:43:21,1729.95,352494
2021-05-27 09:43:22,1729.95,352544
2021-05-27 09:43:23,1729.95,352544
2021-05-27 09:43:24,1729.95,352569
2021-05-27 09:43:25,1729.95,352594
2021-05-27 09:43:27,1729.95,352665
2021-05-27 09:43:28,1729.95,352665
2021-05-27 09:43:28,1729.95,352665
2021-05-27 09:43:29,1729.95,352665
2021-05-27 09:43:30,1729.6,352666
2021-05-27 09:43:31,1729.95,352788
2021-05-27 09:43:33,1729.95,352854
2021-05-27 09:43:34,1729.95,352880
2021-05-27 09:43:35,1729.95,352881
2021-05-27 09:43:36,1729.95,352881
2021-05-27 09:43:37,1729.95,352881
2021-05-27 09:43:38,1729.95,353023
2021-05-27 09:43:39,1729.95,353023
2021-05-27 09:43:40,1729.95,353023
2021-05-27 09:43:41,1730.0,353025
2021-05-27 09:43:43,1730.0,353066
2021-05-27 09:43:44,1730.0,353117
2021-05-27 09:43:45,1730.0,353132
2021-05-27 09:43:45,1729.95,353232
2021-05-27 09:43:46,1729.95,353248
2021-05-27 09:43:47,1729.95,353248
2021-05-27 09:43:48,1729.95,353248
2021-05-27 09:43:49,1730.0,353261
2021-05-27 09:43:51,1729.95,353409
2021-05-27 09:43:52,1729.95,353409
2021-05-27 09:43:54,1730.0,353809
2021-05-27 09:43:55,1729.95,353869
2021-05-27 09:43:56,1729.95,353869
2021-05-27 09:43:58,1729.95,353885
2021-05-27 09:43:59,1729.8,353986
2021-05-27 09:44:00,1729.6,354045
2021-05-27 09:44:00,1729.6,354045
2021-05-27 09:44:01,1729.6,354045
2021-05-27 09:44:02,1729.6,354060
2021-05-27 09:44:04,1729.95,354100
2021-05-27 09:44:05,1729.95,354102
2021-05-27 09:44:06,1729.95,354132
2021-05-27 09:44:07,1729.95,354132
2021-05-27 09:44:09,1729.95,354137
2021-05-27 09:44:09,1729.95,354177
2021-05-27 09:44:12,1729.95,354187
2021-05-27 09:44:12,1729.95,354188
2021-05-27 09:44:13,1729.95,354190
2021-05-27 09:44:14,1729.95,354190
2021-05-27 09:44:15,1729.95,354190
2021-05-27 09:44:16,1729.95,354198
2021-05-27 09:44:17,1729.95,354201
2021-05-27 09:44:20,1729.95,354202
2021-05-27 09:44:21,1729.95,354229
2021-05-27 09:44:22,1729.95,354276
2021-05-27 09:44:23,1729.95,354306
2021-05-27 09:44:24,1729.95,354307
2021-05-27 09:44:25,1729.95,354311
2021-05-27 09:44:25,1729.95,354311
2021-05-27 09:44:26,1730.0,354718
2021-05-27 09:44:27,1730.0,354718
2021-05-27 09:44:29,1730.0,354841
2021-05-27 09:44:29,1730.0,354841
2021-05-27 09:44:31,1730.0,354842
2021-05-27 09:44:31,1730.0,354842
2021-05-27 09:44:32,1730.0,354854
2021-05-27 09:44:33,1730.0,354854
2021-05-27 09:44:34,1730.0,354859
2021-05-27 09:44:35,1730.0,354859
2021-05-27 09:44:36,1729.95,354880
2021-05-27 09:44:37,1729.95,354880
2021-05-27 09:44:38,1729.95,354892
2021-05-27 09:44:39,1730.0,355292
2021-05-27 09:44:40,1730.0,355357
2021-05-27 09:44:41,1730.0,355466
2021-05-27 09:44:43,1729.95,355482
2021-05-27 09:44:44,1730.0,355490
2021-05-27 09:44:45,1729.95,355541
2021-05-27 09:44:47,1730.0,355562
2021-05-27 09:44:48,1730.0,355570
2021-05-27 09:44:49,1730.0,355601
2021-05-27 09:44:49,1730.0,355571
2021-05-27 09:44:50,1730.5,355660
2021-05-27 09:44:51,1730.5,355660
2021-05-27 09:44:52,1730.45,355668
2021-05-27 09:44:53,1730.35,356237
2021-05-27 09:44:54,1730.35,356237
2021-05-27 09:44:55,1730.35,356272
2021-05-27 09:44:56,1730.0,356308
2021-05-27 09:44:57,1730.0,356308
2021-05-27 09:44:58,1730.0,356308
2021-05-27 09:44:59,1730.0,356308
2021-05-27 09:45:00,1730.0,356323
2021-05-27 09:45:01,1730.35,356746
2021-05-27 09:45:03,1730.35,356992
2021-05-27 09:45:04,1730.35,356992
2021-05-27 09:45:05,1730.35,356992
2021-05-27 09:45:05,1730.35,356992
2021-05-27 09:45:06,1730.3,356994
2021-05-27 09:45:07,1730.0,357019
2021-05-27 09:45:08,1729.6,357095
2021-05-27 09:45:09,1729.6,357095
2021-05-27 09:45:16,1729.95,358122
2021-05-27 09:45:17,1730.45,358262
2021-05-27 09:45:18,1730.2,358407
2021-05-27 09:45:21,1731.6,359880
2021-05-27 09:45:21,1730.65,359464
2021-05-27 09:45:22,1731.6,359880
2021-05-27 09:45:23,1730.9,359890
2021-05-27 09:45:24,1730.9,360309
2021-05-27 09:45:25,1730.9,360314
2021-05-27 09:45:27,1730.95,360472
2021-05-27 09:45:28,1730.95,360472
2021-05-27 09:45:28,1730.95,360472
2021-05-27 09:45:29,1730.95,360513
2021-05-27 09:45:30,1730.95,360513
2021-05-27 09:45:31,1730.95,360513
2021-05-27 09:45:32,1730.95,360513
2021-05-27 09:45:33,1730.95,360516
2021-05-27 09:45:34,1730.95,360516
2021-05-27 09:45:36,1730.95,360516
2021-05-27 09:45:36,1730.4,360553
2021-05-27 09:45:38,1730.4,360564
2021-05-27 09:45:39,1730.4,360569
2021-05-27 09:45:40,1730.4,360569
2021-05-27 09:45:41,1730.95,360769
2021-05-27 09:45:42,1730.95,360769
2021-05-27 09:45:43,1730.95,360769
2021-05-27 09:45:44,1730.95,360796
2021-05-27 09:45:45,1730.95,360904
2021-05-27 09:45:46,1730.4,360909
2021-05-27 09:45:46,1730.4,360942
2021-05-27 09:45:48,1731.0,361443
2021-05-27 09:45:49,1730.85,361455
2021-05-27 09:45:50,1730.85,361457
2021-05-27 09:45:51,1730.85,361457
2021-05-27 09:45:52,1730.5,361458
2021-05-27 09:45:53,1731.2,362220
2021-05-27 09:45:54,1731.15,362427
2021-05-27 09:45:56,1731.65,362665
2021-05-27 09:45:57,1731.15,362666
2021-05-27 09:45:58,1731.35,362668
2021-05-27 09:45:59,1731.35,362668
2021-05-27 09:46:00,1731.35,362880
2021-05-27 09:46:00,1731.35,362880
2021-05-27 09:46:01,1731.35,362880
2021-05-27 09:46:03,1731.35,362900
2021-05-27 09:46:04,1731.35,362900
2021-05-27 09:46:05,1731.35,362910
2021-05-27 09:46:06,1731.35,363410
2021-05-27 09:46:07,1731.15,363433
2021-05-27 09:46:07,1731.15,363433
2021-05-27 09:46:08,1731.15,363433
2021-05-27 09:46:10,1731.0,363553
2021-05-27 09:46:10,1731.15,363603
2021-05-27 09:46:11,1731.45,364003
2021-05-27 09:46:13,1731.15,364004
2021-05-27 09:46:14,1731.15,364040
2021-05-27 09:46:15,1731.7,364540
2021-05-27 09:46:17,1731.4,364551
2021-05-27 09:46:17,1731.4,364951
2021-05-27 09:46:20,1731.4,365087
2021-05-27 09:46:21,1731.4,365087
2021-05-27 09:46:22,1731.2,365094
2021-05-27 09:46:24,1731.4,365119
2021-05-27 09:46:25,1731.2,365225
2021-05-27 09:46:26,1731.4,365435
2021-05-27 09:46:27,1731.2,365455
2021-05-27 09:46:28,1731.4,365457
2021-05-27 09:46:29,1731.4,365457
2021-05-27 09:46:31,1731.4,365465
2021-05-27 09:46:31,1731.2,365464
2021-05-27 09:46:33,1731.4,365591
2021-05-27 09:46:34,1731.4,365591
2021-05-27 09:46:35,1731.2,365701
2021-05-27 09:46:35,1731.2,365701
2021-05-27 09:46:37,1731.4,365755
2021-05-27 09:46:37,1731.4,365755
2021-05-27 09:46:38,1731.15,365756
2021-05-27 09:46:40,1731.15,365757
2021-05-27 09:46:41,1731.4,365759
2021-05-27 09:46:42,1731.4,365769
2021-05-27 09:46:43,1731.15,365874
2021-05-27 09:46:43,1731.15,365874
2021-05-27 09:46:45,1731.35,365995
2021-05-27 09:46:48,1731.0,366122
2021-05-27 09:46:50,1731.0,366460
2021-05-27 09:46:50,1731.0,366495
2021-05-27 09:46:51,1731.0,366514
2021-05-27 09:46:53,1731.0,366517
2021-05-27 09:46:54,1730.95,366518
2021-05-27 09:46:55,1730.75,366916
2021-05-27 09:46:56,1730.75,366916
2021-05-27 09:46:57,1730.05,366952
2021-05-27 09:46:58,1730.65,367094
2021-05-27 09:46:59,1730.95,367095
2021-05-27 09:46:59,1730.95,367095
2021-05-27 09:47:02,1730.95,367354
2021-05-27 09:47:04,1730.95,367516
2021-05-27 09:47:05,1730.95,367516
2021-05-27 09:47:07,1730.55,367583
2021-05-27 09:47:08,1730.95,367726
2021-05-27 09:47:09,1730.55,367736
2021-05-27 09:47:11,1730.55,367736
2021-05-27 09:47:12,1730.55,367736
2021-05-27 09:47:12,1730.95,367754
2021-05-27 09:47:13,1730.55,367790
2021-05-27 09:47:14,1730.3,367796
2021-05-27 09:47:16,1730.55,367806
2021-05-27 09:47:17,1730.95,368091
2021-05-27 09:47:19,1730.95,368491
2021-05-27 09:47:20,1730.95,368491
2021-05-27 09:47:21,1730.95,368506
2021-05-27 09:47:22,1730.95,368526
2021-05-27 09:47:23,1730.95,368528
2021-05-27 09:47:23,1730.95,368528
2021-05-27 09:47:25,1730.95,368528
2021-05-27 09:47:26,1730.95,368528
2021-05-27 09:47:26,1730.7,368564
2021-05-27 09:47:27,1730.7,368628
2021-05-27 09:47:28,1730.7,368628
2021-05-27 09:47:29,1730.7,368628
2021-05-27 09:47:30,1730.95,368640
2021-05-27 09:47:31,1730.95,368668
2021-05-27 09:47:32,1730.95,368768
2021-05-27 09:47:34,1730.95,368782
2021-05-27 09:47:35,1730.95,368782
2021-05-27 09:47:37,1730.95,368850
2021-05-27 09:47:38,1730.95,369360
2021-05-27 09:47:38,1730.95,369360
2021-05-27 09:47:39,1730.95,369369
2021-05-27 09:47:40,1730.95,369376
2021-05-27 09:47:41,1731.0,369876
2021-05-27 09:47:42,1730.95,369896
2021-05-27 09:47:45,1730.7,369974
2021-05-27 09:47:46,1730.95,369985
2021-05-27 09:47:47,1730.95,370029
2021-05-27 09:47:48,1731.0,370054
2021-05-27 09:47:49,1730.7,370116
2021-05-27 09:47:50,1730.7,370116
2021-05-27 09:47:51,1731.0,370180
2021-05-27 09:47:51,1731.0,370280
2021-05-27 09:47:52,1731.0,370280
2021-05-27 09:47:53,1730.7,370427
2021-05-27 09:47:54,1730.95,370447
2021-05-27 09:47:56,1730.95,370447
2021-05-27 09:47:57,1730.7,370851
2021-05-27 09:47:58,1730.65,371043
2021-05-27 09:47:59,1731.4,372343
2021-05-27 09:48:00,1730.95,372498
2021-05-27 09:48:01,1731.0,372499
2021-05-27 09:48:02,1731.0,372601
2021-05-27 09:48:03,1731.3,372652
2021-05-27 09:48:04,1731.4,372752
2021-05-27 09:48:05,1731.35,372753
2021-05-27 09:48:06,1731.3,372775
2021-05-27 09:48:10,1731.3,372778
2021-05-27 09:48:10,1731.3,372778
2021-05-27 09:48:11,1731.35,372786
2021-05-27 09:48:14,1731.25,372918
2021-05-27 09:48:16,1730.95,372972
2021-05-27 09:48:17,1731.0,373125
2021-05-27 09:48:18,1731.0,373125
2021-05-27 09:48:19,1730.1,374126
2021-05-27 09:48:20,1730.45,374146
2021-05-27 09:48:21,1730.05,374197
2021-05-27 09:48:22,1730.05,374197
2021-05-27 09:48:23,1730.6,374206
2021-05-27 09:48:24,1730.6,374315
2021-05-27 09:48:25,1730.6,374341
2021-05-27 09:48:26,1730.6,374441
2021-05-27 09:48:28,1730.05,374477
2021-05-27 09:48:29,1730.55,374487
2021-05-27 09:48:30,1730.55,374487
2021-05-27 09:48:31,1730.55,374499
2021-05-27 09:48:32,1730.55,374500
2021-05-27 09:48:33,1730.55,374500
2021-05-27 09:48:34,1730.5,374901
2021-05-27 09:48:34,1730.55,375059
2021-05-27 09:48:36,1730.25,375103
2021-05-27 09:48:37,1730.5,375108
2021-05-27 09:48:39,1730.5,375187
2021-05-27 09:48:40,1730.5,375790
2021-05-27 09:48:41,1730.5,375790
2021-05-27 09:48:42,1730.5,375974
2021-05-27 09:48:43,1730.5,375974
2021-05-27 09:48:44,1730.5,375974
2021-05-27 09:48:45,1730.45,375980
2021-05-27 09:48:45,1730.45,375980
2021-05-27 09:48:47,1730.0,376153
2021-05-27 09:48:48,1730.3,376257
2021-05-27 09:48:49,1730.35,376259
2021-05-27 09:48:50,1730.35,376264
2021-05-27 09:48:51,1730.35,376264
2021-05-27 09:48:52,1730.35,376264
2021-05-27 09:48:53,1730.1,376289
2021-05-27 09:48:54,1730.1,376315
2021-05-27 09:48:55,1730.0,376343
2021-05-27 09:48:56,1730.0,376343
2021-05-27 09:48:57,1730.0,376382
2021-05-27 09:48:57,1730.0,376382
2021-05-27 09:48:58,1730.2,376392
2021-05-27 09:49:02,1730.0,376500
2021-05-27 09:49:03,1730.15,376716
2021-05-27 09:49:04,1730.15,376716
2021-05-27 09:49:05,1730.1,376787
2021-05-27 09:49:06,1730.15,376928
2021-05-27 09:49:07,1730.1,376962
2021-05-27 09:49:08,1730.2,377764
2021-05-27 09:49:09,1730.2,377764
2021-05-27 09:49:10,1730.25,378233
2021-05-27 09:49:10,1731.25,378533
2021-05-27 09:49:12,1730.35,378635
2021-05-27 09:49:13,1730.3,378637
2021-05-27 09:49:14,1730.15,378672
2021-05-27 09:49:16,1730.15,378863
2021-05-27 09:49:17,1730.15,378925
2021-05-27 09:49:18,1730.0,379139
2021-05-27 09:49:19,1730.2,379302
2021-05-27 09:49:20,1730.15,379307
2021-05-27 09:49:21,1730.15,379307
2021-05-27 09:49:22,1730.0,379368
2021-05-27 09:49:23,1730.0,379368
2021-05-27 09:49:24,1730.05,379398
2021-05-27 09:49:25,1730.05,379398
2021-05-27 09:49:26,1730.0,379485
2021-05-27 09:49:27,1730.05,379491
2021-05-27 09:49:28,1730.05,379491
2021-05-27 09:49:29,1730.05,379491
2021-05-27 09:49:31,1730.05,379492
2021-05-27 09:49:32,1730.05,379518
2021-05-27 09:49:33,1730.05,379518
2021-05-27 09:49:34,1730.0,379577
2021-05-27 09:49:35,1730.05,379893
2021-05-27 09:49:36,1730.05,380193
2021-05-27 09:49:37,1730.05,380227
2021-05-27 09:49:38,1730.0,380247
2021-05-27 09:49:39,1730.05,380362
2021-05-27 09:49:40,1730.05,380362
2021-05-27 09:49:41,1730.05,380375
2021-05-27 09:49:41,1730.05,380375
2021-05-27 09:49:42,1730.05,380375
2021-05-27 09:49:43,1730.05,380375
2021-05-27 09:49:44,1730.05,380375
2021-05-27 09:49:45,1730.05,380380
2021-05-27 09:49:48,1730.0,380967
2021-05-27 09:49:51,1729.85,381983
2021-05-27 09:49:52,1730.0,382000
2021-05-27 09:49:53,1730.0,382809
2021-05-27 09:49:54,1730.0,382809
2021-05-27 09:49:55,1730.0,382822
2021-05-27 09:49:56,1730.0,382857
2021-05-27 09:49:57,1730.0,382857
2021-05-27 09:49:58,1730.05,383085
2021-05-27 09:49:59,1730.05,383085
2021-05-27 09:50:00,1730.05,383085
2021-05-27 09:50:01,1730.05,383085
2021-05-27 09:50:03,1730.1,383123
2021-05-27 09:50:04,1730.1,383133
2021-05-27 09:50:04,1730.1,383133
2021-05-27 09:50:05,1730.1,383133
2021-05-27 09:50:06,1730.0,383169
2021-05-27 09:50:07,1730.0,383420
2021-05-27 09:50:08,1730.0,383466
2021-05-27 09:50:09,1730.0,383466
2021-05-27 09:50:10,1730.05,383525
2021-05-27 09:50:11,1730.05,383526
2021-05-27 09:50:13,1730.05,383526
2021-05-27 09:50:14,1730.05,383536
2021-05-27 09:50:15,1730.0,383587
2021-05-27 09:50:16,1730.0,383591
2021-05-27 09:50:17,1730.0,383591
2021-05-27 09:50:18,1730.0,383618
2021-05-27 09:50:19,1729.85,383637
2021-05-27 09:50:20,1729.7,383725
2021-05-27 09:50:21,1729.85,383727
2021-05-27 09:50:24,1729.6,384189
2021-05-27 09:50:25,1729.6,384189
2021-05-27 09:50:26,1729.6,384189
2021-05-27 09:50:27,1729.6,384205
2021-05-27 09:50:28,1729.95,384235
2021-05-27 09:50:29,1729.95,384238
2021-05-27 09:50:30,1729.95,384258
2021-05-27 09:50:31,1729.9,384263
2021-05-27 09:50:32,1729.5,384298
2021-05-27 09:50:33,1729.9,384314
2021-05-27 09:50:34,1729.9,384314
2021-05-27 09:50:35,1729.9,384341
2021-05-27 09:50:36,1729.9,384389
2021-05-27 09:50:38,1729.9,384389
2021-05-27 09:50:37,1729.9,384389
2021-05-27 09:50:39,1729.9,384389
2021-05-27 09:50:40,1729.9,384410
2021-05-27 09:50:42,1729.9,384412
2021-05-27 09:50:43,1729.9,384427
2021-05-27 09:50:44,1729.9,384428
2021-05-27 09:50:45,1729.55,384443
2021-05-27 09:50:47,1729.0,385246
2021-05-27 09:50:48,1729.0,385246
2021-05-27 09:50:49,1729.45,385251
2021-05-27 09:50:50,1729.45,385251
2021-05-27 09:50:51,1729.0,385351
2021-05-27 09:50:52,1729.35,385355
2021-05-27 09:50:55,1729.35,385725
2021-05-27 09:50:56,1729.35,386127
2021-05-27 09:50:57,1729.35,386127
2021-05-27 09:50:58,1729.35,386127
2021-05-27 09:50:59,1729.35,386127
2021-05-27 09:51:00,1729.35,386552
2021-05-27 09:51:01,1729.25,386557
2021-05-27 09:51:02,1729.25,386567
2021-05-27 09:51:03,1729.25,386597
2021-05-27 09:51:04,1729.25,386597
2021-05-27 09:51:05,1729.2,386645
2021-05-27 09:51:06,1729.2,386651
2021-05-27 09:51:08,1729.85,387459
2021-05-27 09:51:09,1729.75,387488
2021-05-27 09:51:10,1729.75,387488
2021-05-27 09:51:11,1729.75,387490
2021-05-27 09:51:12,1729.75,387490
2021-05-27 09:51:13,1729.75,387490
2021-05-27 09:51:14,1729.75,387490
2021-05-27 09:51:15,1729.75,387490
2021-05-27 09:51:16,1729.75,387500
2021-05-27 09:51:17,1729.75,387500
2021-05-27 09:51:18,1729.75,387511
2021-05-27 09:51:19,1729.2,387826
2021-05-27 09:51:20,1729.2,387826
2021-05-27 09:51:21,1729.75,388811
2021-05-27 09:51:22,1729.75,388811
2021-05-27 09:51:23,1729.75,388811
2021-05-27 09:51:24,1729.75,389011
2021-05-27 09:51:25,1729.7,389013
2021-05-27 09:51:27,1729.7,389033
2021-05-27 09:51:28,1729.25,389084
2021-05-27 09:51:30,1729.2,389106
2021-05-27 09:51:31,1729.2,389106
2021-05-27 09:51:32,1729.7,389177
2021-05-27 09:51:33,1729.7,389177
2021-05-27 09:51:34,1729.7,389177
2021-05-27 09:51:35,1729.7,389177
2021-05-27 09:51:36,1729.75,389286
2021-05-27 09:51:37,1729.75,389286
2021-05-27 09:51:38,1729.75,389286
2021-05-27 09:51:39,1729.75,389317
2021-05-27 09:51:40,1729.75,389319
2021-05-27 09:51:41,1729.75,389319
2021-05-27 09:51:42,1729.7,389653
2021-05-27 09:51:43,1729.7,389715
2021-05-27 09:51:45,1729.75,389778
2021-05-27 09:51:46,1729.7,389853
2021-05-27 09:51:47,1729.75,389890
2021-05-27 09:51:48,1729.2,389916
2021-05-27 09:51:49,1729.7,389921
2021-05-27 09:51:50,1729.7,389931
2021-05-27 09:51:51,1729.7,389931
2021-05-27 09:51:52,1729.7,389941
2021-05-27 09:51:53,1729.65,389942
2021-05-27 09:51:54,1729.65,389942
2021-05-27 09:51:55,1729.65,389948
2021-05-27 09:51:56,1729.65,390027
2021-05-27 09:51:57,1729.2,390052
2021-05-27 09:51:58,1729.6,390075
2021-05-27 09:51:59,1729.6,390081
2021-05-27 09:52:00,1729.6,390082
2021-05-27 09:52:02,1729.55,390108
2021-05-27 09:52:03,1729.2,390188
2021-05-27 09:52:05,1729.2,390240
2021-05-27 09:52:06,1729.55,390500
2021-05-27 09:52:07,1729.55,390500
2021-05-27 09:52:08,1729.55,390500
2021-05-27 09:52:09,1729.55,390605
2021-05-27 09:52:10,1729.55,390607
2021-05-27 09:52:12,1729.3,390632
2021-05-27 09:52:13,1729.5,390634
2021-05-27 09:52:14,1729.5,390649
2021-05-27 09:52:15,1729.5,390649
2021-05-27 09:52:16,1729.5,390649
2021-05-27 09:52:17,1729.5,390651
2021-05-27 09:52:18,1729.5,390651
2021-05-27 09:52:19,1729.5,390701
2021-05-27 09:52:20,1729.45,390711
2021-05-27 09:52:21,1729.45,390711
2021-05-27 09:52:22,1729.5,390787
2021-05-27 09:52:23,1729.5,390909
2021-05-27 09:52:24,1729.5,390909
2021-05-27 09:52:25,1729.4,390946
2021-05-27 09:52:26,1729.4,390946
2021-05-27 09:52:27,1729.55,391414
2021-05-27 09:52:28,1729.5,391439
2021-05-27 09:52:29,1730.0,391734
2021-05-27 09:52:30,1730.0,391734
2021-05-27 09:52:31,1729.55,391761
2021-05-27 09:52:32,1729.5,391861
2021-05-27 09:52:33,1729.5,391962
2021-05-27 09:52:34,1729.5,391962
2021-05-27 09:52:35,1729.5,392109
2021-05-27 09:52:36,1729.5,392160
2021-05-27 09:52:37,1729.5,392160
2021-05-27 09:52:38,1729.5,392160
2021-05-27 09:52:39,1729.9,392336
2021-05-27 09:52:40,1729.45,392368
2021-05-27 09:52:47,1729.65,392750
2021-05-27 09:52:48,1729.65,392751
2021-05-27 09:52:49,1729.65,392751
2021-05-27 09:52:50,1729.65,392801
2021-05-27 09:52:51,1729.6,392838
2021-05-27 09:52:52,1729.75,393452
2021-05-27 09:52:53,1730.0,393541
2021-05-27 09:52:54,1730.0,393541
2021-05-27 09:52:55,1729.95,393594
2021-05-27 09:52:56,1729.95,393594
2021-05-27 09:52:57,1729.95,393622
2021-05-27 09:52:58,1729.95,393723
2021-05-27 09:52:59,1729.95,393723
2021-05-27 09:53:00,1729.95,393723
2021-05-27 09:53:01,1729.8,393840
2021-05-27 09:53:02,1730.0,394820
2021-05-27 09:53:03,1730.0,394820
2021-05-27 09:53:04,1729.9,394845
2021-05-27 09:53:05,1729.65,395070
2021-05-27 09:53:06,1729.65,395095
2021-05-27 09:53:07,1729.9,395145
2021-05-27 09:53:08,1730.05,395597
2021-05-27 09:53:09,1730.05,395597
2021-05-27 09:53:10,1730.05,395599
2021-05-27 09:53:11,1730.05,395600
2021-05-27 09:53:14,1730.8,395898
2021-05-27 09:53:15,1730.8,395898
2021-05-27 09:53:16,1730.45,395899
2021-05-27 09:53:17,1730.45,395899
2021-05-27 09:53:18,1730.8,395909
2021-05-27 09:53:19,1730.8,396402
2021-05-27 09:53:21,1730.8,396402
2021-05-27 09:53:20,1730.8,396402
2021-05-27 09:53:22,1730.8,396402
2021-05-27 09:53:23,1730.8,396402
2021-05-27 09:53:25,1730.4,396793
2021-05-27 09:53:26,1730.05,396830
2021-05-27 09:53:27,1730.05,396870
2021-05-27 09:53:28,1730.4,396872
2021-05-27 09:53:29,1730.25,396875
2021-05-27 09:53:30,1730.3,396927
2021-05-27 09:53:31,1730.25,396928
2021-05-27 09:53:32,1730.1,396953
2021-05-27 09:53:33,1730.0,397204
2021-05-27 09:53:34,1730.0,397322
2021-05-27 09:53:36,1729.65,397352
2021-05-27 09:53:36,1730.0,397353
2021-05-27 09:53:38,1730.05,397819
2021-05-27 09:53:38,1730.05,397819
2021-05-27 09:53:39,1729.95,397848
2021-05-27 09:53:40,1729.95,397858
2021-05-27 09:53:41,1730.3,398276
2021-05-27 09:53:42,1730.3,398276
2021-05-27 09:53:43,1730.0,398837
2021-05-27 09:53:44,1731.0,399204
2021-05-27 09:53:45,1730.2,399259
2021-05-27 09:53:46,1730.65,399514
2021-05-27 09:53:47,1730.65,399988
2021-05-27 09:53:48,1730.65,399988
2021-05-27 09:53:49,1730.75,400232
2021-05-27 09:53:50,1730.75,400232
2021-05-27 09:53:51,1730.7,400254
2021-05-27 09:53:52,1730.7,400254
2021-05-27 09:53:53,1730.3,400403
2021-05-27 09:53:54,1730.65,400492
2021-05-27 09:53:55,1730.2,400543
2021-05-27 09:53:56,1730.15,400609
2021-05-27 09:53:57,1730.15,400609
2021-05-27 09:53:58,1730.5,400679
2021-05-27 09:53:59,1730.5,400679
2021-05-27 09:54:00,1730.7,400683
2021-05-27 09:54:01,1730.3,401061
2021-05-27 09:54:02,1730.3,401061
2021-05-27 09:54:03,1730.65,401062
2021-05-27 09:54:04,1730.7,401191
2021-05-27 09:54:05,1730.7,401191
2021-05-27 09:54:06,1731.1,401194
2021-05-27 09:54:07,1730.7,401229
2021-05-27 09:54:08,1730.7,401229
2021-05-27 09:54:10,1730.95,401231
2021-05-27 09:54:11,1730.95,401236
2021-05-27 09:54:12,1730.95,401236
2021-05-27 09:54:13,1730.95,401236
2021-05-27 09:54:14,1730.95,401236
2021-05-27 09:54:15,1730.95,401286
2021-05-27 09:54:16,1730.7,401323
2021-05-27 09:54:17,1730.95,401373
2021-05-27 09:54:18,1730.95,401739
2021-05-27 09:54:19,1730.9,401741
2021-05-27 09:54:20,1730.9,401741
2021-05-27 09:54:21,1730.9,401746
2021-05-27 09:54:22,1730.9,401746
2021-05-27 09:54:23,1730.9,401746
2021-05-27 09:54:24,1730.7,401758
2021-05-27 09:54:25,1730.8,401761
2021-05-27 09:54:26,1730.7,401797
2021-05-27 09:54:27,1730.7,401854
2021-05-27 09:54:28,1730.3,401934
2021-05-27 09:54:29,1730.8,401944
2021-05-27 09:54:30,1730.8,401944
2021-05-27 09:54:31,1730.8,401944
2021-05-27 09:54:32,1730.8,401959
2021-05-27 09:54:34,1730.2,402062
2021-05-27 09:54:35,1730.3,402097
2021-05-27 09:54:37,1730.15,402290
2021-05-27 09:54:38,1730.75,402294
2021-05-27 09:54:39,1731.0,403146
2021-05-27 09:54:40,1731.0,403454
2021-05-27 09:54:42,1731.0,403454
2021-05-27 09:54:43,1730.35,403602
2021-05-27 09:54:44,1731.0,403866
2021-05-27 09:54:45,1731.0,403866
2021-05-27 09:54:46,1731.0,403866
2021-05-27 09:54:46,1731.0,403866
2021-05-27 09:54:47,1730.55,403902
2021-05-27 09:54:50,1730.8,404053
2021-05-27 09:54:51,1730.8,404053
2021-05-27 09:54:52,1730.8,404093
2021-05-27 09:54:52,1731.35,404459
2021-05-27 09:54:54,1731.0,404474
2021-05-27 09:54:55,1731.0,404483
2021-05-27 09:54:57,1730.8,404493
2021-05-27 09:54:58,1730.8,404493
2021-05-27 09:54:59,1731.0,404677
2021-05-27 09:54:59,1730.95,404799
2021-05-27 09:55:01,1730.5,404807
2021-05-27 09:55:01,1730.95,405697
2021-05-27 09:55:02,1730.95,405697
2021-05-27 09:55:04,1730.95,405697
2021-05-27 09:55:04,1730.8,405698
2021-05-27 09:55:06,1730.8,405748
2021-05-27 09:55:07,1730.15,405781
2021-05-27 09:55:07,1730.8,405904
2021-05-27 09:55:08,1730.95,406148
2021-05-27 09:55:09,1731.0,406198
2021-05-27 09:55:10,1731.0,406206
2021-05-27 09:55:11,1731.0,406206
2021-05-27 09:55:12,1731.0,406211
2021-05-27 09:55:13,1731.0,406211
2021-05-27 09:55:17,1730.8,406868
2021-05-27 09:55:17,1730.8,406868
2021-05-27 09:55:18,1730.8,406949
2021-05-27 09:55:19,1730.85,406990
2021-05-27 09:55:20,1730.85,406998
2021-05-27 09:55:21,1730.85,406998
2021-05-27 09:55:22,1730.95,407408
2021-05-27 09:55:23,1730.95,407408
2021-05-27 09:55:24,1730.9,407439
2021-05-27 09:55:25,1730.9,407439
2021-05-27 09:55:27,1730.9,407439
2021-05-27 09:55:27,1730.85,407495
2021-05-27 09:55:28,1730.85,407576
2021-05-27 09:55:30,1730.9,407597
2021-05-27 09:55:30,1730.9,407597
2021-05-27 09:55:31,1730.9,407599
2021-05-27 09:55:32,1730.9,407725
2021-05-27 09:55:33,1730.9,407774
2021-05-27 09:55:34,1730.9,407776
2021-05-27 09:55:35,1730.9,407929
2021-05-27 09:55:36,1730.95,407999
2021-05-27 09:55:37,1730.95,407999
2021-05-27 09:55:38,1730.5,408069
2021-05-27 09:55:39,1730.25,408120
2021-05-27 09:55:40,1730.95,408643
2021-05-27 09:55:41,1730.95,408644
2021-05-27 09:55:42,1730.95,408671
2021-05-27 09:55:43,1730.95,408733
2021-05-27 09:55:45,1730.25,408783
2021-05-27 09:55:46,1730.25,408783
2021-05-27 09:55:48,1731.35,409425
2021-05-27 09:55:48,1731.35,409425
2021-05-27 09:55:50,1731.35,409425
2021-05-27 09:55:50,1731.35,409425
2021-05-27 09:55:51,1730.95,409435
2021-05-27 09:55:52,1731.3,409442
2021-05-27 09:55:53,1731.3,409442
2021-05-27 09:55:54,1730.95,409448
2021-05-27 09:55:55,1731.3,409623
2021-05-27 09:55:56,1730.95,409647
2021-05-27 09:55:59,1731.3,410097
2021-05-27 09:55:59,1731.3,410148
2021-05-27 09:56:01,1730.9,410165
2021-05-27 09:56:02,1731.35,410166
2021-05-27 09:56:02,1731.35,410166
2021-05-27 09:56:03,1731.35,410166
2021-05-27 09:56:04,1731.35,410166
2021-05-27 09:56:05,1731.35,410166
2021-05-27 09:56:06,1731.3,410206
2021-05-27 09:56:07,1731.35,410726
2021-05-27 09:56:08,1731.35,410726
2021-05-27 09:56:09,1731.35,410729
2021-05-27 09:56:10,1731.35,410753
2021-05-27 09:56:11,1731.35,410753
2021-05-27 09:56:12,1731.3,410763
2021-05-27 09:56:13,1731.3,410783
2021-05-27 09:56:14,1731.3,410883
2021-05-27 09:56:15,1731.3,410887
2021-05-27 09:56:16,1731.0,410921
2021-05-27 09:56:17,1731.0,410971
2021-05-27 09:56:18,1731.25,410981
2021-05-27 09:56:19,1731.25,410981
2021-05-27 09:56:20,1731.25,410981
2021-05-27 09:56:21,1731.25,410981
2021-05-27 09:56:22,1731.25,411155
2021-05-27 09:56:24,1731.25,411181
2021-05-27 09:56:24,1731.3,411184
2021-05-27 09:56:25,1731.3,411344
2021-05-27 09:56:26,1731.3,411354
2021-05-27 09:56:28,1731.3,411554
2021-05-27 09:56:28,1731.3,411554
2021-05-27 09:56:29,1731.3,411564
2021-05-27 09:56:30,1731.25,411768
2021-05-27 09:56:31,1731.3,411769
2021-05-27 09:56:32,1731.3,411884
2021-05-27 09:56:33,1731.3,411887
2021-05-27 09:56:35,1731.3,411887
2021-05-27 09:56:36,1731.0,411911
2021-05-27 09:56:36,1731.3,411897
2021-05-27 09:56:37,1731.4,412277
2021-05-27 09:56:38,1731.25,412302
2021-05-27 09:56:39,1731.35,412305
2021-05-27 09:56:41,1731.35,412305
2021-05-27 09:56:42,1731.3,412310
2021-05-27 09:56:43,1731.2,412375
2021-05-27 09:56:44,1731.4,412716
2021-05-27 09:56:45,1731.1,412742
2021-05-27 09:56:45,1731.1,412742
2021-05-27 09:56:47,1731.05,412993
2021-05-27 09:56:48,1730.6,413499
2021-05-27 09:56:49,1731.15,413746
2021-05-27 09:56:50,1731.1,413994
2021-05-27 09:56:51,1731.1,413994
2021-05-27 09:56:52,1731.1,413994
2021-05-27 09:56:54,1730.65,414421
2021-05-27 09:56:55,1730.65,414421
2021-05-27 09:56:56,1731.05,414431
2021-05-27 09:56:57,1731.05,414569
2021-05-27 09:56:57,1731.05,414569
2021-05-27 09:56:58,1731.05,414691
2021-05-27 09:56:59,1731.15,414864
2021-05-27 09:57:01,1731.0,414866
2021-05-27 09:57:03,1730.6,415111
2021-05-27 09:57:04,1730.7,415162
2021-05-27 09:57:05,1731.0,415262
2021-05-27 09:57:06,1731.0,415312
2021-05-27 09:57:06,1731.0,415312
2021-05-27 09:57:07,1731.0,415312
2021-05-27 09:57:08,1731.05,415317
2021-05-27 09:57:11,1731.3,415417
2021-05-27 09:57:12,1731.3,415417
2021-05-27 09:57:13,1730.95,415418
2021-05-27 09:57:14,1730.95,415418
2021-05-27 09:57:15,1731.15,415419
2021-05-27 09:57:16,1730.65,415445
2021-05-27 09:57:17,1730.7,415481
2021-05-27 09:57:18,1730.7,415481
2021-05-27 09:57:19,1730.6,415570
2021-05-27 09:57:20,1730.6,415570
2021-05-27 09:57:21,1731.0,415604
2021-05-27 09:57:21,1731.0,415585
2021-05-27 09:57:22,1731.15,416007
2021-05-27 09:57:23,1731.2,416307
2021-05-27 09:57:25,1731.3,416707
2021-05-27 09:57:26,1731.0,416826
2021-05-27 09:57:27,1731.0,417106
2021-05-27 09:57:28,1731.5,417519
2021-05-27 09:57:28,1731.5,417519
2021-05-27 09:57:29,1731.3,417724
2021-05-27 09:57:31,1731.3,417729
2021-05-27 09:57:32,1731.5,417730
2021-05-27 09:57:33,1731.5,417730
2021-05-27 09:57:34,1731.5,417730
2021-05-27 09:57:35,1731.35,417749
2021-05-27 09:57:36,1731.15,417793
2021-05-27 09:57:37,1731.35,417857
2021-05-27 09:57:38,1731.3,417861
2021-05-27 09:57:39,1731.3,417861
2021-05-27 09:57:40,1731.3,417861
2021-05-27 09:57:41,1731.3,417868
2021-05-27 09:57:42,1731.1,417912
2021-05-27 09:57:42,1731.1,417912
2021-05-27 09:57:43,1731.1,418067
2021-05-27 09:57:46,1731.2,418268
2021-05-27 09:57:47,1731.1,418330
2021-05-27 09:57:48,1731.1,418330
2021-05-27 09:57:49,1731.2,418332
2021-05-27 09:57:49,1731.2,418332
2021-05-27 09:57:50,1731.2,418332
2021-05-27 09:57:51,1731.2,418532
2021-05-27 09:57:52,1731.2,418532
2021-05-27 09:57:53,1731.2,418557
2021-05-27 09:57:55,1731.2,418558
2021-05-27 09:57:56,1731.2,418558
2021-05-27 09:57:57,1731.2,418595
2021-05-27 09:57:58,1731.2,418596
2021-05-27 09:57:59,1731.1,418665
2021-05-27 09:58:00,1731.1,418665
2021-05-27 09:58:01,1731.15,418666
2021-05-27 09:58:02,1731.15,418666
2021-05-27 09:58:03,1731.15,418667
2021-05-27 09:58:05,1731.1,418674
2021-05-27 09:58:06,1731.15,419253
2021-05-27 09:58:06,1730.95,419296
2021-05-27 09:58:07,1730.55,419338
2021-05-27 09:58:08,1730.95,419393
2021-05-27 09:58:09,1730.95,419393
2021-05-27 09:58:10,1730.6,419398
2021-05-27 09:58:11,1731.05,419901
2021-05-27 09:58:13,1730.35,419936
2021-05-27 09:58:14,1730.35,419936
2021-05-27 09:58:16,1730.9,419941
2021-05-27 09:58:17,1730.9,419941
2021-05-27 09:58:18,1730.9,419941
2021-05-27 09:58:19,1730.6,419952
2021-05-27 09:58:19,1730.6,419952
2021-05-27 09:58:20,1730.95,420106
2021-05-27 09:58:22,1730.95,420106
2021-05-27 09:58:23,1730.95,420106
2021-05-27 09:58:24,1731.0,420203
2021-05-27 09:58:25,1731.0,421203
2021-05-27 09:58:26,1731.0,421218
2021-05-27 09:58:26,1731.0,421218
2021-05-27 09:58:27,1731.6,421918
2021-05-27 09:58:28,1731.15,422239
2021-05-27 09:58:29,1730.6,422249
2021-05-27 09:58:30,1730.55,422259
2021-05-27 09:58:32,1730.55,422259
2021-05-27 09:58:33,1730.35,422286
2021-05-27 09:58:34,1731.15,422291
2021-05-27 09:58:35,1730.55,422429
2021-05-27 09:58:35,1730.55,422429
2021-05-27 09:58:36,1731.2,422493
2021-05-27 09:58:38,1730.85,422806
2021-05-27 09:58:39,1730.85,422806
2021-05-27 09:58:40,1731.15,423095
2021-05-27 09:58:41,1731.2,423208
2021-05-27 09:58:42,1731.2,423238
2021-05-27 09:58:43,1731.2,423388
2021-05-27 09:58:45,1731.2,423694
2021-05-27 09:58:46,1731.15,423719
2021-05-27 09:58:47,1731.15,423774
2021-05-27 09:58:48,1731.2,423855
2021-05-27 09:58:49,1731.2,423857
2021-05-27 09:58:50,1731.2,423857
2021-05-27 09:58:51,1731.2,423857
2021-05-27 09:58:52,1731.2,423857
2021-05-27 09:58:53,1730.85,423875
2021-05-27 09:58:52,1731.2,423857
2021-05-27 09:58:54,1730.85,423881
2021-05-27 09:58:55,1731.2,423891
2021-05-27 09:58:57,1730.85,423928
2021-05-27 09:58:58,1731.2,423978
2021-05-27 09:58:59,1730.85,424009
2021-05-27 09:59:00,1731.2,424039
2021-05-27 09:59:01,1731.15,424056
2021-05-27 09:59:02,1731.15,424061
2021-05-27 09:59:03,1730.85,424081
2021-05-27 09:59:05,1731.15,424092
2021-05-27 09:59:06,1730.85,424129
2021-05-27 09:59:07,1731.15,424279
2021-05-27 09:59:08,1731.15,424279
2021-05-27 09:59:09,1731.15,424279
2021-05-27 09:59:09,1731.15,424279
2021-05-27 09:59:12,1731.15,424279
2021-05-27 09:59:14,1731.15,424279
2021-05-27 09:59:15,1731.15,424279
2021-05-27 09:59:16,1731.0,424326
2021-05-27 09:59:17,1731.0,424326
2021-05-27 09:59:17,1731.0,424326
2021-05-27 09:59:19,1731.0,424326
2021-05-27 09:59:21,1731.0,424346
2021-05-27 09:59:22,1731.0,424385
2021-05-27 09:59:23,1731.35,424400
2021-05-27 09:59:24,1731.35,424400
2021-05-27 09:59:25,1731.35,424400
2021-05-27 09:59:25,1731.35,424400
2021-05-27 09:59:27,1731.35,424401
2021-05-27 09:59:28,1731.35,424401
2021-05-27 09:59:29,1731.35,424451
2021-05-27 09:59:30,1731.35,424451
2021-05-27 09:59:31,1731.35,424552
2021-05-27 09:59:32,1731.35,424553
2021-05-27 09:59:33,1731.35,424553
2021-05-27 09:59:34,1731.35,424553
2021-05-27 09:59:35,1731.35,424558
2021-05-27 09:59:37,1731.0,424597
2021-05-27 09:59:38,1731.35,424640
2021-05-27 09:59:38,1731.35,424640
2021-05-27 09:59:39,1731.3,424646
2021-05-27 09:59:42,1731.3,424647
2021-05-27 09:59:43,1731.0,424652
2021-05-27 09:59:44,1731.3,424677
2021-05-27 09:59:45,1731.3,424677
2021-05-27 09:59:46,1731.3,424678
2021-05-27 09:59:47,1731.3,424738
2021-05-27 09:59:48,1731.0,424786
2021-05-27 09:59:49,1731.3,424797
2021-05-27 09:59:50,1731.3,424797
2021-05-27 09:59:51,1731.3,424847
2021-05-27 09:59:52,1731.3,424855
2021-05-27 09:59:53,1731.3,424855
2021-05-27 09:59:54,1731.3,424905
2021-05-27 09:59:55,1731.3,424955
2021-05-27 09:59:56,1730.8,424980
2021-05-27 09:59:57,1730.85,424990
2021-05-27 09:59:57,1730.85,424990
2021-05-27 09:59:58,1730.85,424990
2021-05-27 09:59:59,1730.85,424990
2021-05-27 10:00:00,1730.85,424995
2021-05-27 10:00:01,1730.85,424997
2021-05-27 10:00:02,1730.85,425737
2021-05-27 10:00:03,1730.85,425737
2021-05-27 10:00:05,1730.85,425737
2021-05-27 10:00:06,1730.85,425737
2021-05-27 10:00:07,1730.85,425790
2021-05-27 10:00:08,1731.3,426085
2021-05-27 10:00:09,1731.3,426085
2021-05-27 10:00:10,1731.3,426085
2021-05-27 10:00:11,1731.35,426114
2021-05-27 10:00:12,1731.35,426124
2021-05-27 10:00:13,1731.3,426126
2021-05-27 10:00:14,1731.3,426126
2021-05-27 10:00:14,1731.3,426126
2021-05-27 10:00:16,1731.35,426141
2021-05-27 10:00:17,1731.3,426178
2021-05-27 10:00:18,1731.35,426205
2021-05-27 10:00:19,1731.35,426205
2021-05-27 10:00:20,1731.35,426205
2021-05-27 10:00:20,1731.35,426205
2021-05-27 10:00:21,1731.35,426205
2021-05-27 10:00:23,1731.4,426372
2021-05-27 10:00:27,1731.5,426378
2021-05-27 10:00:28,1731.5,426440
2021-05-27 10:00:29,1731.5,426440
2021-05-27 10:00:30,1731.5,426446
2021-05-27 10:00:33,1731.5,426577
2021-05-27 10:00:34,1731.5,426577
2021-05-27 10:00:35,1731.5,426577
2021-05-27 10:00:36,1731.35,426610
2021-05-27 10:00:36,1731.35,426610
2021-05-27 10:00:38,1731.35,426610
2021-05-27 10:00:39,1731.7,427330
2021-05-27 10:00:40,1731.25,427644
2021-05-27 10:00:41,1731.75,428371
2021-05-27 10:00:41,1731.75,428771
2021-05-27 10:00:42,1731.75,428871
2021-05-27 10:00:44,1732.0,429096
2021-05-27 10:00:45,1732.0,429097
2021-05-27 10:00:47,1732.05,429219
2021-05-27 10:00:48,1732.05,429219
2021-05-27 10:00:48,1732.05,429219
2021-05-27 10:00:49,1732.05,429713
2021-05-27 10:00:52,1732.05,429813
2021-05-27 10:00:54,1732.05,430030
2021-05-27 10:00:56,1732.0,430163
2021-05-27 10:00:57,1732.35,430264
2021-05-27 10:00:58,1732.35,430264
2021-05-27 10:01:00,1732.35,430347
2021-05-27 10:01:01,1732.35,430397
2021-05-27 10:01:02,1732.35,430398
2021-05-27 10:01:03,1732.35,430408
2021-05-27 10:01:04,1732.35,430408
2021-05-27 10:01:05,1732.35,430413
2021-05-27 10:01:07,1732.2,430448
2021-05-27 10:01:08,1732.2,430448
2021-05-27 10:01:09,1732.6,430549
2021-05-27 10:01:10,1732.6,430549
2021-05-27 10:01:11,1732.35,430559
2021-05-27 10:01:12,1732.35,430584
2021-05-27 10:01:13,1732.35,430609
2021-05-27 10:01:14,1732.25,430738
2021-05-27 10:01:15,1732.35,430788
2021-05-27 10:01:17,1732.35,431068
2021-05-27 10:01:18,1732.35,431068
2021-05-27 10:01:20,1732.65,431410
2021-05-27 10:01:21,1732.65,431411
2021-05-27 10:01:22,1732.65,431411
2021-05-27 10:01:23,1732.65,431466
2021-05-27 10:01:25,1732.65,431596
2021-05-27 10:01:27,1732.35,431628
2021-05-27 10:01:28,1732.65,431644
2021-05-27 10:01:29,1732.65,431699
2021-05-27 10:01:30,1732.65,431699
2021-05-27 10:01:31,1732.75,431911
2021-05-27 10:01:32,1732.65,432136
2021-05-27 10:01:33,1732.55,433826
2021-05-27 10:01:34,1732.5,433932
2021-05-27 10:01:35,1732.4,433963
2021-05-27 10:01:36,1732.4,433963
2021-05-27 10:01:37,1732.0,434400
2021-05-27 10:01:38,1732.5,435259
2021-05-27 10:01:39,1732.6,436059
2021-05-27 10:01:40,1732.55,436119
2021-05-27 10:01:41,1732.55,436143
2021-05-27 10:01:42,1732.0,436206
2021-05-27 10:01:43,1732.0,436206
2021-05-27 10:01:44,1732.0,436206
2021-05-27 10:01:45,1732.0,436206
2021-05-27 10:01:46,1732.0,436242
2021-05-27 10:01:47,1732.6,436642
2021-05-27 10:01:48,1732.6,436642
2021-05-27 10:01:49,1732.6,436642
2021-05-27 10:01:50,1732.6,436647
2021-05-27 10:01:51,1732.1,436805
2021-05-27 10:01:52,1732.1,436805
2021-05-27 10:01:53,1732.1,436805
2021-05-27 10:01:54,1732.1,436805
2021-05-27 10:01:55,1732.1,436805
2021-05-27 10:01:56,1732.1,436805
2021-05-27 10:01:57,1732.6,437009
2021-05-27 10:01:59,1733.0,438393
2021-05-27 10:02:01,1733.0,438394
2021-05-27 10:02:02,1732.6,438400
2021-05-27 10:02:03,1732.6,438400
2021-05-27 10:02:04,1733.0,438800
2021-05-27 10:02:05,1733.0,438800
2021-05-27 10:02:06,1733.0,438816
2021-05-27 10:02:07,1732.65,438849
2021-05-27 10:02:08,1733.0,439038
2021-05-27 10:02:09,1733.0,439044
2021-05-27 10:02:10,1733.0,439054
2021-05-27 10:02:11,1733.0,439059
2021-05-27 10:02:12,1732.5,439074
2021-05-27 10:02:13,1732.85,439142
2021-05-27 10:02:14,1732.85,439142
2021-05-27 10:02:15,1732.9,439392
2021-05-27 10:02:16,1732.9,439392
2021-05-27 10:02:17,1732.9,439428
2021-05-27 10:02:18,1732.95,439608
2021-05-27 10:02:20,1732.95,439659
2021-05-27 10:02:21,1732.9,439696
2021-05-27 10:02:22,1732.9,439708
2021-05-27 10:02:23,1732.9,439713
2021-05-27 10:02:24,1732.95,439961
2021-05-27 10:02:26,1732.95,439961
2021-05-27 10:02:25,1732.95,439961
2021-05-27 10:02:27,1732.95,440036
2021-05-27 10:02:28,1732.9,440080
2021-05-27 10:02:29,1732.9,440128
2021-05-27 10:02:30,1732.85,440184
2021-05-27 10:02:31,1732.6,440199
2021-05-27 10:02:32,1732.6,440208
2021-05-27 10:02:33,1732.9,440292
2021-05-27 10:02:35,1732.9,440322
2021-05-27 10:02:36,1732.6,440400
2021-05-27 10:02:37,1732.6,440401
2021-05-27 10:02:38,1732.9,440403
2021-05-27 10:02:39,1732.95,440766
2021-05-27 10:02:40,1732.95,440766
2021-05-27 10:02:41,1732.95,441201
2021-05-27 10:02:42,1733.0,441206
2021-05-27 10:02:43,1733.0,441626
2021-05-27 10:02:44,1733.05,442070
2021-05-27 10:02:45,1733.05,442070
2021-05-27 10:02:46,1733.15,442071
2021-05-27 10:02:47,1733.15,442493
2021-05-27 10:02:49,1732.9,442551
2021-05-27 10:02:50,1733.0,442653
2021-05-27 10:02:51,1733.0,442653
2021-05-27 10:02:52,1732.55,442764
2021-05-27 10:02:53,1732.55,442764
2021-05-27 10:02:54,1733.0,442991
2021-05-27 10:02:55,1733.0,443031
2021-05-27 10:02:56,1732.7,443037
2021-05-27 10:02:57,1732.65,443134
2021-05-27 10:02:58,1732.5,443144
2021-05-27 10:02:59,1732.45,443153
2021-05-27 10:03:00,1732.9,443344
2021-05-27 10:03:01,1733.0,443346
2021-05-27 10:03:02,1733.0,443361
2021-05-27 10:03:04,1732.9,443448
2021-05-27 10:03:04,1733.0,443600
2021-05-27 10:03:05,1733.0,443613
2021-05-27 10:03:06,1732.65,443616
2021-05-27 10:03:07,1732.65,443712
2021-05-27 10:03:08,1732.65,443715
2021-05-27 10:03:09,1733.0,443732
2021-05-27 10:03:11,1733.0,443768
2021-05-27 10:03:10,1733.0,443768
2021-05-27 10:03:12,1732.65,443786
2021-05-27 10:03:13,1732.65,443789
2021-05-27 10:03:15,1733.0,443816
2021-05-27 10:03:15,1733.0,443816
2021-05-27 10:03:16,1732.65,443862
2021-05-27 10:03:17,1732.65,443862
2021-05-27 10:03:19,1733.5,444498
2021-05-27 10:03:20,1733.5,444498
2021-05-27 10:03:22,1733.0,444554
2021-05-27 10:03:23,1733.0,444554
2021-05-27 10:03:24,1732.6,444575
2021-05-27 10:03:25,1732.6,444661
2021-05-27 10:03:26,1732.55,444822
2021-05-27 10:03:27,1732.6,444939
2021-05-27 10:03:28,1732.45,445009
2021-05-27 10:03:30,1732.2,445393
2021-05-27 10:03:30,1732.1,445471
2021-05-27 10:03:31,1732.4,445621
2021-05-27 10:03:32,1731.95,446380
2021-05-27 10:03:34,1731.45,446925
2021-05-27 10:03:35,1731.7,447293
2021-05-27 10:03:36,1731.3,447619
2021-05-27 10:03:37,1731.3,447661
2021-05-27 10:03:39,1731.3,447707
2021-05-27 10:03:40,1731.3,447854
2021-05-27 10:03:40,1731.25,447871
2021-05-27 10:03:41,1731.15,447878
2021-05-27 10:03:44,1731.25,448792
2021-05-27 10:03:45,1732.0,449249
2021-05-27 10:03:46,1732.0,449293
2021-05-27 10:03:47,1731.7,449794
2021-05-27 10:03:49,1731.65,449928
2021-05-27 10:03:49,1731.65,449928
2021-05-27 10:03:51,1732.05,450756
2021-05-27 10:03:52,1732.5,450761
2021-05-27 10:03:53,1732.2,450929
2021-05-27 10:03:55,1731.7,451097
2021-05-27 10:03:55,1732.15,451497
2021-05-27 10:03:56,1732.1,451514
2021-05-27 10:03:57,1731.75,451580
2021-05-27 10:03:58,1731.65,451871
2021-05-27 10:04:00,1731.65,451922
2021-05-27 10:04:01,1731.6,452069
2021-05-27 10:04:01,1731.6,452069
2021-05-27 10:04:02,1731.7,452135
2021-05-27 10:04:03,1731.7,452173
2021-05-27 10:04:04,1731.7,452659
2021-05-27 10:04:05,1731.65,452834
2021-05-27 10:04:06,1731.65,452845
2021-05-27 10:04:07,1731.65,452845
2021-05-27 10:04:08,1731.6,452967
2021-05-27 10:04:09,1731.6,453062
2021-05-27 10:04:10,1731.85,453787
2021-05-27 10:04:11,1731.9,454076
2021-05-27 10:04:12,1732.3,454250
2021-05-27 10:04:14,1731.8,454313
2021-05-27 10:04:15,1731.45,454493
2021-05-27 10:04:16,1731.45,454529
2021-05-27 10:04:17,1731.25,454652
2021-05-27 10:04:18,1731.75,455513
2021-05-27 10:04:19,1731.75,455513
2021-05-27 10:04:21,1731.75,455513
2021-05-27 10:04:21,1731.6,456047
2021-05-27 10:04:22,1731.6,456047
2021-05-27 10:04:23,1731.75,456453
2021-05-27 10:04:25,1731.95,456807
2021-05-27 10:04:25,1731.95,456853
2021-05-27 10:04:26,1732.4,458087
2021-05-27 10:04:27,1732.65,459212
2021-05-27 10:04:29,1732.25,459589
2021-05-27 10:04:31,1732.25,459637
2021-05-27 10:04:32,1732.2,459649
2021-05-27 10:04:33,1731.75,459745
2021-05-27 10:04:34,1731.7,459924
2021-05-27 10:04:35,1731.8,460289
2021-05-27 10:04:36,1731.45,460415
2021-05-27 10:04:37,1731.45,460452
2021-05-27 10:04:38,1731.45,460543
2021-05-27 10:04:39,1731.45,460575
2021-05-27 10:04:40,1731.45,460709
2021-05-27 10:04:41,1731.45,460764
2021-05-27 10:04:42,1731.45,460772
2021-05-27 10:04:43,1731.5,460934
2021-05-27 10:04:44,1731.6,461089
2021-05-27 10:04:45,1731.6,461089
2021-05-27 10:04:47,1731.6,461112
2021-05-27 10:04:48,1731.45,461117
2021-05-27 10:04:48,1731.45,461117
2021-05-27 10:04:49,1731.45,461117
2021-05-27 10:04:50,1731.6,461122
2021-05-27 10:04:51,1731.6,461182
2021-05-27 10:04:52,1731.6,461268
2021-05-27 10:04:53,1731.6,461278
2021-05-27 10:04:54,1731.45,461302
2021-05-27 10:04:55,1731.45,461302
2021-05-27 10:04:56,1731.45,461305
2021-05-27 10:04:57,1731.6,461405
2021-05-27 10:04:58,1731.6,461405
2021-05-27 10:04:59,1731.6,461410
2021-05-27 10:05:00,1731.35,461448
2021-05-27 10:05:01,1731.3,461454
2021-05-27 10:05:03,1731.3,461454
2021-05-27 10:05:04,1731.3,461454
2021-05-27 10:05:05,1731.3,461454
2021-05-27 10:05:05,1731.3,461454
2021-05-27 10:05:06,1731.55,461764
2021-05-27 10:05:07,1731.55,461765
2021-05-27 10:05:08,1731.55,461765
2021-05-27 10:05:09,1731.55,461801
2021-05-27 10:05:10,1731.55,461801
2021-05-27 10:05:11,1731.55,461801
2021-05-27 10:05:13,1731.55,461811
2021-05-27 10:05:14,1731.55,461816
2021-05-27 10:05:14,1731.55,461816
2021-05-27 10:05:15,1731.55,461817
2021-05-27 10:05:16,1731.3,461855
2021-05-27 10:05:17,1731.3,461855
2021-05-27 10:05:18,1731.55,461995
2021-05-27 10:05:20,1731.55,462055
2021-05-27 10:05:21,1731.55,462065
2021-05-27 10:05:21,1731.55,462065
2021-05-27 10:05:22,1731.6,462552
2021-05-27 10:05:23,1731.2,462745
2021-05-27 10:05:25,1731.8,462747
2021-05-27 10:05:26,1731.8,462997
2021-05-27 10:05:28,1731.8,462997
2021-05-27 10:05:29,1731.8,462997
2021-05-27 10:05:30,1731.8,462997
2021-05-27 10:05:30,1731.8,462997
2021-05-27 10:05:31,1731.7,462998
2021-05-27 10:05:32,1731.7,463005
2021-05-27 10:05:33,1731.7,463344
2021-05-27 10:05:35,1731.7,463359
2021-05-27 10:05:36,1731.7,463359
2021-05-27 10:05:36,1731.7,463359
2021-05-27 10:05:37,1731.55,463436
2021-05-27 10:05:39,1731.55,463478
2021-05-27 10:05:40,1731.55,463578
2021-05-27 10:05:41,1731.65,463614
2021-05-27 10:05:43,1731.3,464791
2021-05-27 10:05:44,1731.4,464917
2021-05-27 10:05:44,1731.4,464917
2021-05-27 10:05:45,1731.1,464983
2021-05-27 10:05:46,1731.0,465305
2021-05-27 10:05:47,1731.35,466245
2021-05-27 10:05:49,1731.0,466996
2021-05-27 10:05:50,1731.0,467206
2021-05-27 10:05:51,1730.65,467617
2021-05-27 10:05:52,1731.15,468017
2021-05-27 10:05:54,1731.1,468817
2021-05-27 10:05:56,1731.0,468873
2021-05-27 10:05:57,1731.15,468883
2021-05-27 10:05:58,1731.15,468883
2021-05-27 10:05:59,1731.1,468885
2021-05-27 10:05:59,1731.1,468885
2021-05-27 10:06:00,1731.1,468885
2021-05-27 10:06:01,1731.1,468889
2021-05-27 10:06:02,1731.1,468889
2021-05-27 10:06:03,1731.05,468890
2021-05-27 10:06:05,1731.05,468890
2021-05-27 10:06:06,1731.05,468890
2021-05-27 10:06:07,1730.7,468914
2021-05-27 10:06:08,1730.65,469109
2021-05-27 10:06:09,1730.65,469109
2021-05-27 10:06:10,1730.5,469127
2021-05-27 10:06:11,1730.9,469343
2021-05-27 10:06:12,1730.9,469343
2021-05-27 10:06:13,1731.05,469384
2021-05-27 10:06:14,1731.05,469384
2021-05-27 10:06:15,1731.05,469384
2021-05-27 10:06:16,1731.05,469796
2021-05-27 10:06:17,1731.05,469796
2021-05-27 10:06:19,1731.05,469796
2021-05-27 10:06:20,1731.75,470096
2021-05-27 10:06:21,1731.75,470096
2021-05-27 10:06:22,1731.75,470096
2021-05-27 10:06:22,1731.75,470096
2021-05-27 10:06:23,1731.75,470096
2021-05-27 10:06:24,1731.05,470104
2021-05-27 10:06:25,1731.05,470104
2021-05-27 10:06:27,1731.4,470165
2021-05-27 10:06:28,1731.4,470165
2021-05-27 10:06:29,1731.4,470170
2021-05-27 10:06:29,1731.4,470170
2021-05-27 10:06:30,1731.35,470187
2021-05-27 10:06:31,1731.35,470263
2021-05-27 10:06:32,1731.25,470303
2021-05-27 10:06:33,1731.25,470303
2021-05-27 10:06:34,1731.35,470353
2021-05-27 10:06:35,1731.25,470678
2021-05-27 10:06:37,1731.1,470810
2021-05-27 10:06:38,1731.3,470821
2021-05-27 10:06:39,1731.3,470826
2021-05-27 10:06:40,1730.1,471436
2021-05-27 10:06:41,1730.0,472068
2021-05-27 10:06:42,1730.55,472123
2021-05-27 10:06:43,1730.55,472123
2021-05-27 10:06:44,1730.55,472128
2021-05-27 10:06:46,1730.55,472150
2021-05-27 10:06:47,1730.55,472191
2021-05-27 10:06:47,1731.2,473157
2021-05-27 10:06:48,1731.4,473159
2021-05-27 10:06:49,1731.4,473159
2021-05-27 10:06:50,1731.7,473709
2021-05-27 10:06:52,1731.35,473710
2021-05-27 10:06:54,1731.4,473843
2021-05-27 10:06:55,1731.9,473893
2021-05-27 10:06:56,1731.9,473893
2021-05-27 10:06:56,1731.9,473898
2021-05-27 10:06:57,1731.9,473898
2021-05-27 10:06:58,1731.5,473970
2021-05-27 10:06:59,1731.9,473988
2021-05-27 10:07:01,1731.9,473988
2021-05-27 10:07:02,1731.85,474021
2021-05-27 10:07:02,1731.85,474021
2021-05-27 10:07:03,1731.5,474158
2021-05-27 10:07:04,1731.5,474158
2021-05-27 10:07:05,1731.85,475159
2021-05-27 10:07:06,1731.5,475224
2021-05-27 10:07:07,1731.5,475353
2021-05-27 10:07:08,1731.5,475414
2021-05-27 10:07:09,1731.5,475483
2021-05-27 10:07:11,1731.5,475544
2021-05-27 10:07:12,1731.75,475545
2021-05-27 10:07:13,1731.75,475545
2021-05-27 10:07:14,1731.5,475814
2021-05-27 10:07:15,1731.5,476011
2021-05-27 10:07:15,1731.5,476011
2021-05-27 10:07:16,1731.6,476249
2021-05-27 10:07:18,1731.6,476249
2021-05-27 10:07:21,1731.6,476249
2021-05-27 10:07:22,1731.6,476324
2021-05-27 10:07:23,1731.6,476324
2021-05-27 10:07:25,1731.6,476586
2021-05-27 10:07:26,1731.5,479274
2021-05-27 10:07:27,1731.05,481273
2021-05-27 10:07:29,1730.75,481906
2021-05-27 10:07:29,1730.85,482279
2021-05-27 10:07:30,1730.9,482304
2021-05-27 10:07:31,1731.45,482890
2021-05-27 10:07:32,1731.1,483307
2021-05-27 10:07:33,1731.1,483370
2021-05-27 10:07:36,1731.0,483375
2021-05-27 10:07:37,1731.1,484322
2021-05-27 10:07:38,1731.15,484722
2021-05-27 10:07:39,1731.6,485297
2021-05-27 10:07:41,1731.8,485302
2021-05-27 10:07:42,1731.75,485908
2021-05-27 10:07:43,1731.3,486408
2021-05-27 10:07:44,1731.7,486436
2021-05-27 10:07:45,1731.75,486536
2021-05-27 10:07:46,1731.65,486538
2021-05-27 10:07:48,1731.65,486554
2021-05-27 10:07:49,1731.85,487116
2021-05-27 10:07:50,1731.6,487548
2021-05-27 10:07:50,1731.6,487548
2021-05-27 10:07:51,1731.8,487725
2021-05-27 10:07:52,1732.05,487736
2021-05-27 10:07:54,1731.8,487786
2021-05-27 10:07:55,1732.2,487836
2021-05-27 10:07:56,1732.25,488036
2021-05-27 10:07:57,1732.25,488082
2021-05-27 10:07:58,1732.25,488182
2021-05-27 10:07:59,1732.25,488277
2021-05-27 10:08:00,1732.25,488277
2021-05-27 10:08:01,1732.25,488425
2021-05-27 10:08:02,1732.6,489309
2021-05-27 10:08:02,1732.25,489409
2021-05-27 10:08:03,1732.25,489409
2021-05-27 10:08:04,1732.25,489812
2021-05-27 10:08:06,1732.5,489850
2021-05-27 10:08:07,1731.95,489875
2021-05-27 10:08:08,1732.6,490005
2021-05-27 10:08:09,1732.6,490185
2021-05-27 10:08:10,1732.05,490466
2021-05-27 10:08:11,1732.25,490528
2021-05-27 10:08:12,1732.2,490531
2021-05-27 10:08:14,1732.2,490531
2021-05-27 10:08:15,1732.9,491216
2021-05-27 10:08:16,1732.8,491232
2021-05-27 10:08:17,1732.8,491232
2021-05-27 10:08:17,1732.8,491232
2021-05-27 10:08:19,1732.8,491232
2021-05-27 10:08:19,1732.7,491257
2021-05-27 10:08:21,1732.7,491260
2021-05-27 10:08:22,1732.7,491280
2021-05-27 10:08:23,1732.7,491305
2021-05-27 10:08:24,1732.7,491405
2021-05-27 10:08:25,1732.7,492242
2021-05-27 10:08:26,1732.7,492242
2021-05-27 10:08:28,1732.7,492279
2021-05-27 10:08:29,1732.7,492280
2021-05-27 10:08:30,1732.7,492284
2021-05-27 10:08:31,1732.7,492285
2021-05-27 10:08:32,1732.7,492285
2021-05-27 10:08:33,1732.7,493123
2021-05-27 10:08:35,1732.7,493395
