timestamp,ltp,volume
2021-05-27 09:25:18,6606.2,28413
2021-05-27 09:25:20,6606.85,28472
2021-05-27 09:25:21,6606.85,28480
2021-05-27 09:25:22,6608.0,28481
2021-05-27 09:25:24,6607.95,28586
2021-05-27 09:25:25,6606.5,28599
2021-05-27 09:25:26,6606.45,28601
2021-05-27 09:25:27,6605.9,28603
2021-05-27 09:25:28,6605.8,28607
2021-05-27 09:25:28,6605.7,28617
2021-05-27 09:25:30,6605.7,28619
2021-05-27 09:25:31,6605.7,28619
2021-05-27 09:25:32,6605.7,28635
2021-05-27 09:25:33,6605.75,28639
2021-05-27 09:25:34,6605.7,28642
2021-05-27 09:25:35,6604.75,28645
2021-05-27 09:25:36,6604.2,28665
2021-05-27 09:25:38,6605.65,28677
2021-05-27 09:25:39,6604.75,28680
2021-05-27 09:25:40,6604.8,28781
2021-05-27 09:25:42,6608.0,28797
2021-05-27 09:25:44,6607.4,28850
2021-05-27 09:25:45,6606.75,28862
2021-05-27 09:25:46,6606.5,28879
2021-05-27 09:25:47,6605.6,28914
2021-05-27 09:25:48,6606.05,28918
2021-05-27 09:25:49,6606.25,28920
2021-05-27 09:25:50,6609.75,28963
2021-05-27 09:25:51,6607.0,28967
2021-05-27 09:25:52,6607.0,28968
2021-05-27 09:25:53,6607.0,28996
2021-05-27 09:25:54,6608.1,29508
2021-05-27 09:25:55,6612.3,29559
2021-05-27 09:25:56,6612.25,29564
2021-05-27 09:25:57,6612.2,29565
2021-05-27 09:25:59,6610.8,29625
2021-05-27 09:26:00,6610.8,29631
2021-05-27 09:26:01,6610.2,29642
2021-05-27 09:26:02,6607.8,29714
2021-05-27 09:26:03,6607.8,29724
2021-05-27 09:26:05,6605.8,29812
2021-05-27 09:26:06,6604.4,29927
2021-05-27 09:26:07,6607.0,30038
2021-05-27 09:26:08,6601.1,30184
2021-05-27 09:26:09,6603.45,30434
2021-05-27 09:26:11,6603.45,30516
2021-05-27 09:26:12,6602.4,30526
2021-05-27 09:26:13,6602.4,30541
2021-05-27 09:26:14,6602.1,30579
2021-05-27 09:26:15,6602.1,30597
2021-05-27 09:26:16,6602.1,30628
2021-05-27 09:26:17,6602.1,30644
2021-05-27 09:26:18,6601.95,30652
2021-05-27 09:26:19,6601.95,30657
2021-05-27 09:26:20,6601.95,30657
2021-05-27 09:26:21,6602.4,30759
2021-05-27 09:26:22,6602.4,30764
2021-05-27 09:26:23,6605.85,30767
2021-05-27 09:26:24,6605.85,30772
2021-05-27 09:26:24,6604.45,30773
2021-05-27 09:26:26,6601.0,30851
2021-05-27 09:26:27,6601.0,30859
2021-05-27 09:26:28,6601.0,30859
2021-05-27 09:26:29,6600.0,31096
2021-05-27 09:26:30,6603.6,31120
2021-05-27 09:26:31,6600.0,31364
2021-05-27 09:26:32,6601.0,31392
2021-05-27 09:26:33,6603.85,31395
2021-05-27 09:26:34,6603.85,31395
2021-05-27 09:26:35,6601.35,31399
2021-05-27 09:26:36,6601.35,31399
2021-05-27 09:26:37,6601.7,31453
2021-05-27 09:26:38,6601.7,31459
2021-05-27 09:26:39,6601.25,31461
2021-05-27 09:26:40,6600.0,31693
2021-05-27 09:26:41,6600.7,31718
2021-05-27 09:26:42,6600.7,31720
2021-05-27 09:26:44,6600.3,31752
2021-05-27 09:26:45,6597.4,31802
2021-05-27 09:26:46,6599.4,31807
2021-05-27 09:26:46,6597.7,31812
2021-05-27 09:26:48,6595.0,31913
2021-05-27 09:26:49,6597.7,31923
2021-05-27 09:26:50,6595.2,31939
2021-05-27 09:26:50,6596.45,31941
2021-05-27 09:26:51,6596.1,31943
2021-05-27 09:26:52,6595.0,31993
2021-05-27 09:26:53,6595.65,32004
2021-05-27 09:26:54,6595.65,32007
2021-05-27 09:26:55,6595.55,32009
2021-05-27 09:26:56,6595.6,32022
2021-05-27 09:26:57,6595.6,32025
2021-05-27 09:26:58,6595.0,32028
2021-05-27 09:26:59,6595.0,32040
2021-05-27 09:27:00,6595.65,32142
2021-05-27 09:27:01,6595.0,32158
2021-05-27 09:27:02,6595.6,32159
2021-05-27 09:27:03,6595.0,32192
2021-05-27 09:27:05,6595.5,32195
2021-05-27 09:27:06,6595.5,32195
2021-05-27 09:27:07,6595.25,32203
2021-05-27 09:27:09,6595.5,32471
2021-05-27 09:27:10,6594.7,32575
2021-05-27 09:27:11,6595.5,32597
2021-05-27 09:27:12,6593.9,32654
2021-05-27 09:27:13,6595.5,32668
2021-05-27 09:27:14,6595.6,32669
2021-05-27 09:27:16,6598.25,32691
2021-05-27 09:27:17,6599.8,32699
2021-05-27 09:27:18,6599.4,32705
2021-05-27 09:27:19,6595.0,32721
2021-05-27 09:27:20,6599.3,32729
2021-05-27 09:27:21,6599.3,32732
2021-05-27 09:27:22,6599.3,32732
2021-05-27 09:27:23,6599.3,32732
2021-05-27 09:27:24,6599.3,32732
2021-05-27 09:27:25,6599.3,32732
2021-05-27 09:27:26,6597.55,32736
2021-05-27 09:27:27,6597.55,32736
2021-05-27 09:27:28,6597.55,32736
2021-05-27 09:27:29,6597.55,32736
2021-05-27 09:27:30,6597.55,32738
2021-05-27 09:27:31,6597.55,32740
2021-05-27 09:27:32,6597.55,32744
2021-05-27 09:27:33,6595.2,32746
2021-05-27 09:27:34,6597.4,32758
2021-05-27 09:27:35,6597.4,32777
2021-05-27 09:27:36,6597.55,32789
2021-05-27 09:27:37,6595.25,32796
2021-05-27 09:27:38,6597.55,32797
2021-05-27 09:27:39,6597.55,32797
2021-05-27 09:27:41,6595.45,32799
2021-05-27 09:27:42,6595.45,32799
2021-05-27 09:27:43,6597.0,33051
2021-05-27 09:27:44,6596.05,33080
2021-05-27 09:27:45,6596.05,33091
2021-05-27 09:27:46,6596.05,33092
2021-05-27 09:27:47,6596.05,33124
2021-05-27 09:27:48,6596.05,33128
2021-05-27 09:27:49,6596.05,33130
2021-05-27 09:27:50,6596.05,33130
2021-05-27 09:27:51,6596.05,33133
2021-05-27 09:27:52,6595.0,33141
2021-05-27 09:27:53,6596.05,33143
2021-05-27 09:27:54,6596.05,33146
2021-05-27 09:27:55,6598.7,33226
2021-05-27 09:27:56,6598.7,33234
2021-05-27 09:27:57,6598.7,33235
2021-05-27 09:27:58,6598.7,33235
2021-05-27 09:27:59,6603.0,33319
2021-05-27 09:28:00,6603.0,33329
2021-05-27 09:28:01,6603.15,33341
2021-05-27 09:28:02,6605.0,33429
2021-05-27 09:28:03,6609.0,33448
2021-05-27 09:28:04,6609.0,33459
2021-05-27 09:28:05,6609.0,33462
2021-05-27 09:28:06,6609.0,33475
2021-05-27 09:28:07,6609.0,33488
2021-05-27 09:28:08,6609.0,33489
2021-05-27 09:28:09,6609.0,33489
2021-05-27 09:28:09,6609.0,33489
2021-05-27 09:28:11,6608.4,33590
2021-05-27 09:28:12,6608.95,33605
2021-05-27 09:28:13,6605.85,33625
2021-05-27 09:28:14,6609.0,33627
2021-05-27 09:28:15,6609.0,33627
2021-05-27 09:28:17,6609.0,33627
2021-05-27 09:28:18,6609.0,33627
2021-05-27 09:28:19,6605.35,33629
2021-05-27 09:28:20,6607.0,33641
2021-05-27 09:28:21,6607.0,33744
2021-05-27 09:28:22,6607.0,33759
2021-05-27 09:28:24,6604.85,33765
2021-05-27 09:28:23,6607.0,33760
2021-05-27 09:28:25,6607.0,33770
2021-05-27 09:28:26,6607.0,33770
2021-05-27 09:28:27,6607.0,33770
2021-05-27 09:28:28,6607.0,33770
2021-05-27 09:28:29,6607.0,33770
2021-05-27 09:28:30,6606.15,33771
2021-05-27 09:28:31,6605.0,33772
2021-05-27 09:28:32,6606.05,33778
2021-05-27 09:28:33,6606.05,33778
2021-05-27 09:28:34,6606.05,33778
2021-05-27 09:28:35,6606.05,33778
2021-05-27 09:28:36,6604.0,33781
2021-05-27 09:28:37,6604.0,33781
2021-05-27 09:28:38,6603.45,33787
2021-05-27 09:28:39,6604.0,33788
2021-05-27 09:28:40,6604.0,33788
2021-05-27 09:28:41,6604.0,33788
2021-05-27 09:28:42,6604.0,33788
2021-05-27 09:28:43,6603.75,33790
2021-05-27 09:28:44,6603.75,33823
2021-05-27 09:28:45,6603.75,33827
2021-05-27 09:28:46,6603.75,33827
2021-05-27 09:28:47,6603.75,33838
2021-05-27 09:28:48,6603.75,33844
2021-05-27 09:28:49,6603.75,33845
2021-05-27 09:28:50,6603.75,33845
2021-05-27 09:28:51,6603.75,33850
2021-05-27 09:28:52,6604.0,33896
2021-05-27 09:28:53,6604.0,33901
2021-05-27 09:28:54,6603.4,33902
2021-05-27 09:28:55,6603.4,33902
2021-05-27 09:28:56,6603.6,34212
2021-05-27 09:28:57,6603.3,34244
2021-05-27 09:28:58,6607.2,34247
2021-05-27 09:28:59,6603.0,34332
2021-05-27 09:28:59,6603.0,34341
2021-05-27 09:29:01,6602.7,34355
2021-05-27 09:29:02,6603.0,34356
2021-05-27 09:29:03,6605.8,34391
2021-05-27 09:29:04,6605.7,34395
2021-05-27 09:29:05,6605.7,34395
2021-05-27 09:29:06,6605.7,34395
2021-05-27 09:29:07,6605.7,34395
2021-05-27 09:29:08,6605.7,34395
2021-05-27 09:29:09,6605.7,34395
2021-05-27 09:29:11,6601.0,34449
2021-05-27 09:29:10,6605.7,34395
2021-05-27 09:29:12,6603.6,34454
2021-05-27 09:29:13,6603.6,34455
2021-05-27 09:29:14,6603.6,34455
2021-05-27 09:29:15,6603.6,34455
2021-05-27 09:29:16,6601.85,34456
2021-05-27 09:29:17,6601.0,34562
2021-05-27 09:29:18,6601.85,34573
2021-05-27 09:29:19,6601.85,34584
2021-05-27 09:29:20,6601.85,34585
2021-05-27 09:29:21,6601.85,34585
2021-05-27 09:29:22,6601.85,34585
2021-05-27 09:29:23,6603.6,34613
2021-05-27 09:29:24,6603.6,34616
2021-05-27 09:29:25,6603.6,34616
2021-05-27 09:29:26,6603.6,34617
2021-05-27 09:29:27,6603.6,34617
2021-05-27 09:29:28,6603.6,34617
2021-05-27 09:29:29,6602.95,34632
2021-05-27 09:29:30,6600.0,34686
2021-05-27 09:29:31,6603.6,34691
2021-05-27 09:29:32,6603.6,34692
2021-05-27 09:29:33,6603.6,34692
2021-05-27 09:29:34,6603.6,34692
2021-05-27 09:29:35,6601.2,34693
2021-05-27 09:29:36,6601.2,34696
2021-05-27 09:29:37,6601.2,34696
2021-05-27 09:29:39,6601.2,34696
2021-05-27 09:29:38,6601.2,34696
2021-05-27 09:29:40,6597.35,34848
2021-05-27 09:29:41,6600.6,34863
2021-05-27 09:29:43,6600.6,34907
2021-05-27 09:29:42,6601.45,34903
2021-05-27 09:29:44,6600.6,34907
2021-05-27 09:29:45,6600.6,34912
2021-05-27 09:29:46,6600.6,34913
2021-05-27 09:29:47,6597.0,34964
2021-05-27 09:29:48,6600.6,34969
2021-05-27 09:29:49,6597.2,34972
2021-05-27 09:29:50,6597.0,35073
2021-05-27 09:29:52,6600.55,35084
2021-05-27 09:29:53,6600.55,35084
2021-05-27 09:29:54,6597.0,35086
2021-05-27 09:29:55,6600.6,35087
2021-05-27 09:29:56,6600.6,35087
2021-05-27 09:29:57,6600.6,35087
2021-05-27 09:29:58,6600.6,35087
2021-05-27 09:29:59,6600.6,35087
2021-05-27 09:30:00,6600.6,35097
2021-05-27 09:30:01,6600.5,35103
2021-05-27 09:30:02,6600.6,35104
2021-05-27 09:30:03,6600.6,35104
2021-05-27 09:30:04,6600.6,35104
2021-05-27 09:30:05,6600.6,35104
2021-05-27 09:30:06,6600.6,35104
2021-05-27 09:30:07,6597.7,35149
2021-05-27 09:30:08,6600.6,35313
2021-05-27 09:30:09,6603.0,35329
2021-05-27 09:30:10,6602.95,35355
2021-05-27 09:30:11,6603.6,35364
2021-05-27 09:30:12,6603.6,35365
2021-05-27 09:30:13,6603.6,35365
2021-05-27 09:30:14,6603.6,35365
2021-05-27 09:30:15,6599.7,35465
2021-05-27 09:30:16,6602.5,35475
2021-05-27 09:30:17,6602.5,35476
2021-05-27 09:30:18,6602.5,35486
2021-05-27 09:30:19,6599.1,35497
2021-05-27 09:30:20,6598.1,35530
2021-05-27 09:30:21,6595.9,35640
2021-05-27 09:30:23,6599.7,35653
2021-05-27 09:30:24,6599.7,35653
2021-05-27 09:30:25,6599.7,35684
2021-05-27 09:30:26,6599.7,35704
2021-05-27 09:30:27,6603.35,35706
2021-05-27 09:30:28,6601.0,35717
2021-05-27 09:30:29,6601.0,35720
2021-05-27 09:30:30,6601.0,35720
2021-05-27 09:30:31,6601.0,35720
2021-05-27 09:30:32,6601.0,35745
2021-05-27 09:30:33,6601.3,35747
2021-05-27 09:30:34,6603.25,35784
2021-05-27 09:30:35,6603.6,35798
2021-05-27 09:30:36,6603.25,35800
2021-05-27 09:30:37,6602.95,35801
2021-05-27 09:30:38,6601.0,35804
2021-05-27 09:30:39,6601.0,35804
2021-05-27 09:30:40,6598.5,35815
2021-05-27 09:30:41,6601.8,35816
2021-05-27 09:30:42,6601.8,35816
2021-05-27 09:30:43,6601.8,35817
2021-05-27 09:30:44,6601.8,35817
2021-05-27 09:30:45,6601.8,35817
2021-05-27 09:30:46,6601.8,35817
2021-05-27 09:30:47,6601.8,35817
2021-05-27 09:30:48,6601.8,35817
2021-05-27 09:30:49,6601.8,35817
2021-05-27 09:30:50,6601.8,35817
2021-05-27 09:30:51,6601.8,35817
2021-05-27 09:30:52,6599.5,35819
2021-05-27 09:30:53,6602.05,35820
2021-05-27 09:30:54,6602.05,35821
2021-05-27 09:30:55,6602.05,35821
2021-05-27 09:30:56,6602.05,35821
2021-05-27 09:30:58,6602.05,35821
2021-05-27 09:30:59,6602.05,35821
2021-05-27 09:31:00,6602.05,35821
2021-05-27 09:31:01,6602.05,35843
2021-05-27 09:31:02,6602.95,35845
2021-05-27 09:31:03,6605.0,36042
2021-05-27 09:31:04,6605.0,36056
2021-05-27 09:31:05,6603.1,36087
2021-05-27 09:31:06,6605.75,36090
2021-05-27 09:31:07,6606.35,36109
2021-05-27 09:31:08,6606.6,36111
2021-05-27 09:31:09,6606.6,36112
2021-05-27 09:31:10,6608.0,36368
2021-05-27 09:31:11,6609.0,36745
2021-05-27 09:31:12,6611.3,36914
2021-05-27 09:31:13,6610.9,36967
2021-05-27 09:31:14,6612.0,36972
2021-05-27 09:31:16,6612.0,36984
2021-05-27 09:31:15,6612.0,36983
2021-05-27 09:31:17,6612.0,36984
2021-05-27 09:31:18,6612.0,36995
2021-05-27 09:31:19,6609.0,37001
2021-05-27 09:31:20,6612.0,37012
2021-05-27 09:31:21,6612.0,37016
2021-05-27 09:31:22,6608.65,37021
2021-05-27 09:31:23,6607.05,37045
2021-05-27 09:31:24,6610.0,37059
2021-05-27 09:31:25,6610.0,37095
2021-05-27 09:31:26,6610.0,37098
2021-05-27 09:31:27,6609.0,37100
2021-05-27 09:31:28,6609.0,37115
2021-05-27 09:31:29,6609.0,37302
2021-05-27 09:31:30,6609.0,37321
2021-05-27 09:31:32,6609.0,37335
2021-05-27 09:31:31,6609.0,37334
2021-05-27 09:31:33,6609.0,37336
2021-05-27 09:31:34,6611.95,37386
2021-05-27 09:31:35,6610.75,37516
2021-05-27 09:31:36,6607.4,37555
2021-05-27 09:31:37,6607.4,37567
2021-05-27 09:31:38,6607.4,37570
2021-05-27 09:31:39,6610.2,37571
2021-05-27 09:31:40,6610.2,37571
2021-05-27 09:31:41,6610.2,37682
2021-05-27 09:31:42,6609.0,37708
2021-05-27 09:31:43,6609.0,37742
2021-05-27 09:31:44,6608.8,37745
2021-05-27 09:31:45,6609.6,37755
2021-05-27 09:31:46,6611.15,37756
2021-05-27 09:31:47,6608.35,38060
2021-05-27 09:31:48,6608.8,38081
2021-05-27 09:31:49,6610.0,38087
2021-05-27 09:31:50,6610.0,38112
2021-05-27 09:31:51,6605.55,38222
2021-05-27 09:31:52,6609.9,38233
2021-05-27 09:31:53,6609.9,38266
2021-05-27 09:31:54,6608.35,38274
2021-05-27 09:31:55,6609.9,38281
2021-05-27 09:31:56,6610.0,38282
2021-05-27 09:31:57,6610.0,38400
2021-05-27 09:31:58,6610.0,38412
2021-05-27 09:31:59,6609.55,38413
2021-05-27 09:32:00,6609.55,38413
2021-05-27 09:32:01,6609.55,38413
2021-05-27 09:32:02,6607.0,38463
2021-05-27 09:32:03,6609.55,38468
2021-05-27 09:32:04,6610.0,38491
2021-05-27 09:32:05,6610.0,38541
2021-05-27 09:32:06,6611.0,38573
2021-05-27 09:32:07,6608.5,38578
2021-05-27 09:32:08,6611.0,38579
2021-05-27 09:32:09,6612.0,38675
2021-05-27 09:32:10,6612.5,38676
2021-05-27 09:32:11,6613.9,38677
2021-05-27 09:32:13,6613.9,38685
2021-05-27 09:32:13,6613.9,38685
2021-05-27 09:32:14,6613.9,38690
2021-05-27 09:32:15,6613.9,38691
2021-05-27 09:32:16,6615.0,38812
2021-05-27 09:32:17,6615.0,39057
2021-05-27 09:32:18,6616.2,39133
2021-05-27 09:32:19,6617.9,39184
2021-05-27 09:32:20,6617.2,39194
2021-05-27 09:32:21,6619.0,39220
2021-05-27 09:32:22,6617.2,39242
2021-05-27 09:32:23,6617.4,39245
2021-05-27 09:32:24,6617.4,39245
2021-05-27 09:32:25,6617.4,39255
2021-05-27 09:32:26,6614.05,39264
2021-05-27 09:32:27,6617.6,39315
2021-05-27 09:32:28,6613.8,39417
2021-05-27 09:32:30,6617.45,39427
2021-05-27 09:32:32,6617.45,39428
2021-05-27 09:32:34,6617.15,39439
2021-05-27 09:32:35,6617.15,39439
2021-05-27 09:32:36,6617.15,39439
2021-05-27 09:32:37,6617.15,39439
2021-05-27 09:32:38,6617.15,39439
2021-05-27 09:32:39,6617.0,39440
2021-05-27 09:32:40,6617.0,39440
2021-05-27 09:32:41,6617.15,39450
2021-05-27 09:32:42,6617.15,39451
2021-05-27 09:32:43,6617.15,39451
2021-05-27 09:32:44,6617.15,39466
2021-05-27 09:32:45,6615.0,39469
2021-05-27 09:32:47,6615.0,39469
2021-05-27 09:32:47,6615.0,39469
2021-05-27 09:32:49,6613.2,39519
2021-05-27 09:32:50,6616.8,39524
2021-05-27 09:32:51,6616.8,39525
2021-05-27 09:32:52,6615.0,39526
2021-05-27 09:32:52,6615.0,39526
2021-05-27 09:32:54,6616.8,39527
2021-05-27 09:32:55,6616.8,39527
2021-05-27 09:32:55,6616.8,39528
2021-05-27 09:32:57,6616.8,39528
2021-05-27 09:32:58,6616.8,39528
2021-05-27 09:32:59,6616.8,39528
2021-05-27 09:33:00,6616.8,39528
2021-05-27 09:33:01,6615.0,39529
2021-05-27 09:33:02,6615.0,39529
2021-05-27 09:33:03,6613.2,39671
2021-05-27 09:33:04,6615.0,39686
2021-05-27 09:33:05,6615.0,39704
2021-05-27 09:33:08,6615.0,39718
2021-05-27 09:33:09,6615.0,39726
2021-05-27 09:33:10,6616.25,39804
2021-05-27 09:33:12,6613.25,39817
2021-05-27 09:33:13,6616.0,39818
2021-05-27 09:33:14,6616.0,39818
2021-05-27 09:33:15,6616.0,39818
2021-05-27 09:33:16,6616.0,39818
2021-05-27 09:33:17,6616.0,39848
2021-05-27 09:33:18,6616.0,39851
2021-05-27 09:33:19,6616.0,39856
2021-05-27 09:33:20,6616.25,39863
2021-05-27 09:33:21,6617.0,39864
2021-05-27 09:33:22,6617.0,39864
2021-05-27 09:33:23,6615.5,39865
2021-05-27 09:33:24,6615.5,39865
2021-05-27 09:33:25,6616.0,39866
2021-05-27 09:33:26,6616.0,39868
2021-05-27 09:33:28,6615.5,39879
2021-05-27 09:33:29,6616.0,39880
2021-05-27 09:33:30,6616.0,39880
2021-05-27 09:33:31,6616.0,39880
2021-05-27 09:33:32,6616.0,39880
2021-05-27 09:33:33,6616.0,39880
2021-05-27 09:33:34,6616.0,39883
2021-05-27 09:33:35,6616.0,39883
2021-05-27 09:33:36,6616.0,39883
2021-05-27 09:33:38,6616.0,39996
2021-05-27 09:33:39,6613.2,40009
2021-05-27 09:33:40,6613.25,40016
2021-05-27 09:33:40,6613.25,40016
2021-05-27 09:33:42,6613.25,40044
2021-05-27 09:33:43,6613.25,40047
2021-05-27 09:33:44,6613.25,40047
2021-05-27 09:33:45,6613.25,40047
2021-05-27 09:33:46,6616.85,40103
2021-05-27 09:33:48,6616.0,40111
2021-05-27 09:33:49,6616.0,40111
2021-05-27 09:33:50,6613.25,40112
2021-05-27 09:33:52,6613.25,40112
2021-05-27 09:33:53,6613.25,40112
2021-05-27 09:33:54,6613.25,40112
2021-05-27 09:33:55,6613.25,40112
2021-05-27 09:33:56,6613.25,40112
2021-05-27 09:33:57,6613.25,40112
2021-05-27 09:33:58,6613.25,40112
2021-05-27 09:33:59,6613.25,40112
2021-05-27 09:34:00,6614.0,40113
2021-05-27 09:34:02,6613.2,40203
2021-05-27 09:34:03,6613.2,40216
2021-05-27 09:34:04,6614.75,40217
2021-05-27 09:34:05,6614.0,40227
2021-05-27 09:34:06,6614.75,40228
2021-05-27 09:34:06,6615.0,40257
2021-05-27 09:34:08,6615.45,40266
2021-05-27 09:34:09,6615.45,40266
2021-05-27 09:34:10,6615.45,40266
2021-05-27 09:34:14,6615.45,40266
2021-05-27 09:34:14,6615.45,40266
2021-05-27 09:34:17,6614.2,40270
2021-05-27 09:34:18,6613.0,40298
2021-05-27 09:34:19,6614.2,40325
2021-05-27 09:34:20,6614.45,40338
2021-05-27 09:34:21,6614.45,40339
2021-05-27 09:34:22,6614.45,40340
2021-05-27 09:34:23,6614.45,40340
2021-05-27 09:34:24,6614.5,40360
2021-05-27 09:34:24,6613.0,40370
2021-05-27 09:34:25,6614.5,40371
2021-05-27 09:34:26,6614.5,40371
2021-05-27 09:34:27,6614.5,40371
2021-05-27 09:34:28,6614.5,40371
2021-05-27 09:34:29,6614.5,40371
2021-05-27 09:34:30,6614.7,40452
2021-05-27 09:34:32,6614.5,40489
2021-05-27 09:34:33,6614.5,40492
2021-05-27 09:34:34,6614.35,40493
2021-05-27 09:34:35,6614.35,40493
2021-05-27 09:34:36,6614.5,40499
2021-05-27 09:34:38,6614.5,40568
2021-05-27 09:34:39,6615.0,40574
2021-05-27 09:34:40,6614.5,40577
2021-05-27 09:34:41,6614.5,40577
2021-05-27 09:34:42,6614.5,40587
2021-05-27 09:34:43,6614.35,40621
2021-05-27 09:34:44,6615.5,40625
2021-05-27 09:34:46,6615.5,40625
2021-05-27 09:34:46,6615.5,40625
2021-05-27 09:34:47,6615.5,40625
2021-05-27 09:34:48,6615.5,40625
2021-05-27 09:34:49,6615.5,40625
2021-05-27 09:34:51,6613.25,40680
2021-05-27 09:34:51,6615.5,40686
2021-05-27 09:34:53,6615.5,40686
2021-05-27 09:34:54,6615.5,40796
2021-05-27 09:34:55,6616.0,40867
2021-05-27 09:34:56,6617.0,40981
2021-05-27 09:34:57,6617.0,40993
2021-05-27 09:34:58,6616.0,41001
2021-05-27 09:34:59,6616.0,41003
2021-05-27 09:35:00,6614.5,41008
2021-05-27 09:35:01,6618.5,41058
2021-05-27 09:35:01,6617.95,41063
2021-05-27 09:35:02,6617.95,41065
2021-05-27 09:35:03,6617.95,41065
2021-05-27 09:35:04,6613.25,41450
2021-05-27 09:35:05,6615.85,41490
2021-05-27 09:35:06,6615.7,41494
2021-05-27 09:35:07,6615.7,41505
2021-05-27 09:35:08,6615.7,41507
2021-05-27 09:35:09,6615.7,41508
2021-05-27 09:35:11,6615.7,41508
2021-05-27 09:35:12,6615.7,41508
2021-05-27 09:35:14,6615.7,41508
2021-05-27 09:35:15,6613.3,41514
2021-05-27 09:35:16,6613.3,41515
2021-05-27 09:35:18,6613.3,41544
2021-05-27 09:35:20,6613.3,41546
2021-05-27 09:35:21,6614.05,41692
2021-05-27 09:35:23,6617.0,41705
2021-05-27 09:35:24,6614.75,41724
2021-05-27 09:35:26,6615.2,41757
2021-05-27 09:35:27,6615.0,41780
2021-05-27 09:35:28,6617.9,41793
2021-05-27 09:35:29,6617.95,41794
2021-05-27 09:35:30,6617.95,41794
2021-05-27 09:35:31,6618.0,41796
2021-05-27 09:35:32,6618.0,41796
2021-05-27 09:35:33,6615.7,41811
2021-05-27 09:35:34,6618.0,41813
2021-05-27 09:35:35,6618.0,41813
2021-05-27 09:35:37,6615.7,41814
2021-05-27 09:35:38,6615.7,41823
2021-05-27 09:35:38,6617.9,41824
2021-05-27 09:35:39,6615.7,41839
2021-05-27 09:35:40,6617.9,41841
2021-05-27 09:35:42,6617.9,41841
2021-05-27 09:35:43,6615.7,41898
2021-05-27 09:35:44,6617.25,41905
2021-05-27 09:35:45,6617.25,41906
2021-05-27 09:35:46,6616.8,41932
2021-05-27 09:35:47,6616.8,41934
2021-05-27 09:35:48,6618.5,41984
2021-05-27 09:35:49,6618.5,41989
2021-05-27 09:35:50,6615.1,41991
2021-05-27 09:35:51,6615.1,41991
2021-05-27 09:35:52,6617.95,42005
2021-05-27 09:35:52,6617.95,42007
2021-05-27 09:35:54,6617.95,42007
2021-05-27 09:35:55,6615.1,42058
2021-05-27 09:35:55,6617.95,42063
2021-05-27 09:35:56,6615.1,42064
2021-05-27 09:35:57,6617.95,42066
2021-05-27 09:36:00,6617.3,42132
2021-05-27 09:36:01,6617.3,42133
2021-05-27 09:36:02,6617.3,42133
2021-05-27 09:36:03,6615.15,42265
2021-05-27 09:36:04,6615.55,42308
2021-05-27 09:36:05,6618.0,42312
2021-05-27 09:36:06,6616.0,42313
2021-05-27 09:36:07,6617.75,42352
2021-05-27 09:36:08,6618.0,42356
2021-05-27 09:36:10,6616.0,42401
2021-05-27 09:36:11,6616.0,42405
2021-05-27 09:36:12,6616.0,42406
2021-05-27 09:36:13,6615.0,42536
2021-05-27 09:36:14,6616.0,42548
2021-05-27 09:36:15,6615.95,42552
2021-05-27 09:36:16,6618.45,42582
2021-05-27 09:36:18,6618.5,42785
2021-05-27 09:36:19,6618.5,42805
2021-05-27 09:36:21,6617.9,42809
2021-05-27 09:36:22,6617.9,42809
2021-05-27 09:36:23,6617.9,42809
2021-05-27 09:36:24,6615.5,43908
2021-05-27 09:36:25,6614.8,44018
2021-05-27 09:36:26,6615.0,44056
2021-05-27 09:36:27,6617.35,44090
2021-05-27 09:36:28,6617.35,44093
2021-05-27 09:36:29,6614.8,44095
2021-05-27 09:36:30,6614.8,44095
2021-05-27 09:36:31,6614.8,44095
2021-05-27 09:36:32,6614.8,44096
2021-05-27 09:36:33,6614.8,44096
2021-05-27 09:36:34,6614.8,44097
2021-05-27 09:36:35,6614.8,44104
2021-05-27 09:36:36,6616.1,44105
2021-05-27 09:36:37,6616.1,44105
2021-05-27 09:36:38,6617.65,44205
2021-05-27 09:36:38,6617.55,44215
2021-05-27 09:36:39,6617.55,44216
2021-05-27 09:36:40,6617.55,44216
2021-05-27 09:36:42,6615.45,44246
2021-05-27 09:36:43,6617.55,44249
2021-05-27 09:36:45,6617.55,44277
2021-05-27 09:36:46,6617.55,44277
2021-05-27 09:36:47,6617.55,44277
2021-05-27 09:36:48,6617.0,44282
2021-05-27 09:36:49,6617.65,44298
2021-05-27 09:36:50,6617.75,44299
2021-05-27 09:36:51,6617.75,44299
2021-05-27 09:36:52,6615.45,44301
2021-05-27 09:36:53,6615.45,44301
2021-05-27 09:36:54,6615.45,44301
2021-05-27 09:36:54,6615.45,44301
2021-05-27 09:36:56,6617.0,44302
2021-05-27 09:36:56,6617.0,44303
2021-05-27 09:36:57,6617.0,44311
2021-05-27 09:36:58,6617.65,44321
2021-05-27 09:36:59,6617.65,44322
2021-05-27 09:37:00,6617.65,44323
2021-05-27 09:37:01,6617.65,44323
2021-05-27 09:37:02,6617.65,44323
2021-05-27 09:37:03,6617.65,44323
2021-05-27 09:37:04,6616.0,44328
2021-05-27 09:37:05,6616.0,44328
2021-05-27 09:37:06,6616.0,44328
2021-05-27 09:37:07,6617.45,44338
2021-05-27 09:37:09,6617.45,44339
2021-05-27 09:37:11,6618.95,45971
2021-05-27 09:37:13,6621.45,46329
2021-05-27 09:37:14,6621.45,46357
2021-05-27 09:37:15,6622.0,46493
2021-05-27 09:37:16,6619.3,46532
2021-05-27 09:37:17,6623.8,46576
2021-05-27 09:37:18,6622.0,46580
2021-05-27 09:37:20,6622.0,46580
2021-05-27 09:37:21,6622.0,46590
2021-05-27 09:37:22,6622.0,46596
2021-05-27 09:37:23,6622.0,46597
2021-05-27 09:37:24,6622.0,46598
2021-05-27 09:37:25,6622.0,46598
2021-05-27 09:37:25,6622.0,46626
2021-05-27 09:37:27,6622.0,46729
2021-05-27 09:37:28,6622.0,46761
2021-05-27 09:37:29,6622.0,46772
2021-05-27 09:37:30,6622.0,46793
2021-05-27 09:37:31,6619.8,46797
2021-05-27 09:37:32,6621.0,46817
2021-05-27 09:37:33,6621.95,46827
2021-05-27 09:37:34,6621.95,46828
2021-05-27 09:37:35,6621.0,46834
2021-05-27 09:37:36,6621.45,46836
2021-05-27 09:37:37,6621.95,46838
2021-05-27 09:37:38,6621.45,46866
2021-05-27 09:37:39,6618.1,46871
2021-05-27 09:37:40,6621.6,46903
2021-05-27 09:37:41,6621.6,46906
2021-05-27 09:37:42,6621.6,46906
2021-05-27 09:37:43,6617.7,46936
2021-05-27 09:37:44,6621.45,46939
2021-05-27 09:37:45,6621.85,47067
2021-05-27 09:37:46,6621.9,47130
2021-05-27 09:37:47,6621.9,47162
2021-05-27 09:37:48,6621.9,47168
2021-05-27 09:37:49,6621.9,47168
2021-05-27 09:37:50,6618.7,47171
2021-05-27 09:37:51,6621.9,47172
2021-05-27 09:37:52,6618.7,47200
2021-05-27 09:37:53,6621.85,47202
2021-05-27 09:37:54,6618.75,47232
2021-05-27 09:37:56,6621.6,47235
2021-05-27 09:37:57,6618.75,47236
2021-05-27 09:37:57,6618.75,47236
2021-05-27 09:37:58,6621.85,47240
2021-05-27 09:37:59,6621.85,47240
2021-05-27 09:38:00,6621.85,47240
2021-05-27 09:38:01,6621.85,47262
2021-05-27 09:38:03,6622.0,47319
2021-05-27 09:38:04,6622.0,47325
2021-05-27 09:38:05,6620.6,47327
2021-05-27 09:38:06,6620.6,47377
2021-05-27 09:38:07,6618.65,47483
2021-05-27 09:38:08,6622.0,47495
2021-05-27 09:38:08,6618.65,47497
2021-05-27 09:38:10,6618.65,47497
2021-05-27 09:38:12,6622.0,47525
2021-05-27 09:38:13,6621.65,47526
2021-05-27 09:38:14,6621.65,47526
2021-05-27 09:38:15,6618.55,47546
2021-05-27 09:38:16,6621.6,47548
2021-05-27 09:38:17,6621.6,47548
2021-05-27 09:38:17,6621.6,47548
2021-05-27 09:38:18,6621.6,47548
2021-05-27 09:38:19,6621.6,47548
2021-05-27 09:38:20,6621.3,47549
2021-05-27 09:38:21,6621.3,47550
2021-05-27 09:38:23,6621.3,47550
2021-05-27 09:38:25,6621.3,47552
2021-05-27 09:38:26,6621.6,47577
2021-05-27 09:38:27,6618.65,47580
2021-05-27 09:38:28,6618.65,47580
2021-05-27 09:38:29,6618.8,47590
2021-05-27 09:38:31,6621.65,47591
2021-05-27 09:38:32,6621.65,47591
2021-05-27 09:38:33,6621.65,47616
2021-05-27 09:38:34,6621.65,47619
2021-05-27 09:38:36,6621.65,47621
2021-05-27 09:38:37,6621.65,47621
2021-05-27 09:38:39,6621.5,47627
2021-05-27 09:38:40,6621.5,47627
2021-05-27 09:38:41,6621.5,47627
2021-05-27 09:38:42,6621.5,47627
2021-05-27 09:38:45,6621.5,47649
2021-05-27 09:38:46,6621.5,47671
2021-05-27 09:38:47,6621.5,47673
2021-05-27 09:38:48,6621.5,47673
2021-05-27 09:38:49,6621.5,47673
2021-05-27 09:38:50,6621.5,47673
2021-05-27 09:38:51,6621.5,47673
2021-05-27 09:38:52,6621.5,47673
2021-05-27 09:38:55,6621.5,47673
2021-05-27 09:38:56,6621.5,47673
2021-05-27 09:38:57,6621.45,47750
2021-05-27 09:38:57,6621.0,47743
2021-05-27 09:38:58,6621.65,47912
2021-05-27 09:38:59,6621.95,47919
2021-05-27 09:39:00,6621.95,47952
2021-05-27 09:39:01,6622.0,47970
2021-05-27 09:39:02,6619.3,47982
2021-05-27 09:39:03,6618.65,47999
2021-05-27 09:39:04,6620.85,48001
2021-05-27 09:39:05,6623.1,48030
2021-05-27 09:39:06,6622.85,48033
2021-05-27 09:39:07,6622.85,48033
2021-05-27 09:39:08,6622.85,48033
2021-05-27 09:39:09,6622.85,48033
2021-05-27 09:39:10,6621.75,48053
2021-05-27 09:39:13,6620.65,48080
2021-05-27 09:39:14,6620.95,48164
2021-05-27 09:39:15,6620.65,48173
2021-05-27 09:39:16,6621.0,48269
2021-05-27 09:39:17,6620.0,48287
2021-05-27 09:39:18,6621.0,48292
2021-05-27 09:39:19,6621.0,48292
2021-05-27 09:39:20,6621.0,48292
2021-05-27 09:39:21,6621.0,48292
2021-05-27 09:39:22,6621.0,48292
2021-05-27 09:39:23,6621.95,48349
2021-05-27 09:39:24,6620.0,48357
2021-05-27 09:39:25,6621.0,48358
2021-05-27 09:39:26,6621.0,48358
2021-05-27 09:39:27,6621.0,48358
2021-05-27 09:39:28,6621.0,48359
2021-05-27 09:39:29,6621.0,48359
2021-05-27 09:39:30,6621.0,48359
2021-05-27 09:39:31,6620.7,48384
2021-05-27 09:39:32,6620.7,48386
2021-05-27 09:39:35,6618.75,48423
2021-05-27 09:39:36,6620.7,48425
2021-05-27 09:39:37,6620.7,48426
2021-05-27 09:39:39,6620.0,48476
2021-05-27 09:39:40,6620.7,48481
2021-05-27 09:39:41,6620.7,48483
2021-05-27 09:39:44,6619.4,48510
2021-05-27 09:39:44,6621.0,48531
2021-05-27 09:39:45,6621.0,48533
2021-05-27 09:39:46,6619.4,48534
2021-05-27 09:39:47,6621.0,48544
2021-05-27 09:39:48,6621.0,48545
2021-05-27 09:39:49,6620.85,48623
2021-05-27 09:39:50,6620.85,48630
2021-05-27 09:39:53,6620.85,48631
2021-05-27 09:39:54,6618.0,48656
2021-05-27 09:39:55,6619.7,48659
2021-05-27 09:39:56,6620.0,48681
2021-05-27 09:39:57,6620.0,48683
2021-05-27 09:39:58,6620.0,48683
2021-05-27 09:40:00,6620.0,48683
2021-05-27 09:40:00,6620.0,48683
2021-05-27 09:40:01,6620.0,48683
2021-05-27 09:40:03,6618.05,48684
2021-05-27 09:40:04,6618.05,48684
2021-05-27 09:40:05,6618.6,48735
2021-05-27 09:40:06,6619.95,48762
2021-05-27 09:40:07,6620.0,48764
2021-05-27 09:40:08,6620.0,48764
2021-05-27 09:40:11,6620.0,48764
2021-05-27 09:40:12,6620.0,48789
2021-05-27 09:40:14,6620.0,48792
2021-05-27 09:40:15,6620.0,48792
2021-05-27 09:40:16,6620.0,48813
2021-05-27 09:40:17,6620.0,48815
2021-05-27 09:40:17,6620.0,48816
2021-05-27 09:40:18,6620.0,48816
2021-05-27 09:40:19,6618.6,48821
2021-05-27 09:40:20,6618.6,48821
2021-05-27 09:40:21,6618.6,48822
2021-05-27 09:40:22,6618.6,48822
2021-05-27 09:40:23,6618.6,48822
2021-05-27 09:40:24,6621.0,49670
2021-05-27 09:40:25,6621.0,49756
2021-05-27 09:40:27,6621.95,50296
2021-05-27 09:40:28,6621.65,50475
2021-05-27 09:40:30,6619.8,50541
2021-05-27 09:40:31,6619.05,50592
2021-05-27 09:40:32,6622.65,50597
2021-05-27 09:40:33,6618.6,50715
2021-05-27 09:40:34,6621.0,50727
2021-05-27 09:40:35,6620.0,50728
2021-05-27 09:40:36,6618.65,50734
2021-05-27 09:40:37,6618.65,50761
2021-05-27 09:40:38,6621.0,50764
2021-05-27 09:40:39,6621.0,50764
2021-05-27 09:40:40,6620.95,50773
2021-05-27 09:40:41,6620.95,50774
2021-05-27 09:40:42,6620.95,50774
2021-05-27 09:40:43,6619.2,50825
2021-05-27 09:40:44,6621.0,50830
2021-05-27 09:40:45,6621.0,50831
2021-05-27 09:40:46,6618.6,50856
2021-05-27 09:40:47,6620.95,50858
2021-05-27 09:40:48,6620.95,50858
2021-05-27 09:40:49,6620.95,50858
2021-05-27 09:40:50,6620.95,50858
2021-05-27 09:40:51,6620.95,50858
2021-05-27 09:40:52,6622.0,50863
2021-05-27 09:40:54,6622.0,50864
2021-05-27 09:40:55,6622.0,50864
2021-05-27 09:40:56,6622.0,50864
2021-05-27 09:40:57,6622.0,50864
2021-05-27 09:40:58,6622.0,50864
2021-05-27 09:40:59,6621.0,50868
2021-05-27 09:41:00,6621.15,50873
2021-05-27 09:41:01,6623.3,51377
2021-05-27 09:41:02,6624.0,51438
2021-05-27 09:41:04,6625.0,51494
2021-05-27 09:41:03,6624.9,51465
2021-05-27 09:41:05,6625.0,51502
2021-05-27 09:41:06,6625.0,51502
2021-05-27 09:41:07,6625.0,51505
2021-05-27 09:41:08,6625.0,51506
2021-05-27 09:41:09,6621.2,51511
2021-05-27 09:41:11,6623.65,51858
2021-05-27 09:41:12,6623.65,51861
2021-05-27 09:41:13,6622.0,51887
2021-05-27 09:41:14,6622.0,51889
2021-05-27 09:41:15,6622.0,51890
2021-05-27 09:41:16,6622.0,51890
2021-05-27 09:41:17,6622.0,51890
2021-05-27 09:41:18,6622.0,51890
2021-05-27 09:41:19,6621.0,51891
2021-05-27 09:41:20,6623.7,51953
2021-05-27 09:41:21,6623.7,51960
2021-05-27 09:41:22,6623.7,51988
2021-05-27 09:41:23,6623.75,51991
2021-05-27 09:41:24,6623.75,51991
2021-05-27 09:41:25,6623.75,51991
2021-05-27 09:41:26,6622.0,51992
2021-05-27 09:41:27,6622.0,51992
2021-05-27 09:41:28,6622.0,51995
2021-05-27 09:41:29,6623.7,51996
2021-05-27 09:41:30,6622.5,52001
2021-05-27 09:41:31,6622.5,52001
2021-05-27 09:41:32,6623.7,52057
2021-05-27 09:41:33,6623.7,52068
2021-05-27 09:41:34,6623.75,52069
2021-05-27 09:41:35,6623.7,52070
2021-05-27 09:41:36,6623.7,52070
2021-05-27 09:41:37,6623.7,52150
2021-05-27 09:41:39,6622.0,52169
2021-05-27 09:41:40,6623.7,52172
2021-05-27 09:41:41,6623.7,52172
2021-05-27 09:41:43,6623.7,52173
2021-05-27 09:41:46,6623.7,52202
2021-05-27 09:41:51,6626.15,53910
2021-05-27 09:41:56,6629.95,54208
2021-05-27 09:42:01,6633.0,55983
2021-05-27 09:42:05,6634.6,56289
2021-05-27 09:42:10,6634.55,56385
2021-05-27 09:42:15,6630.5,56572
2021-05-27 09:42:20,6632.4,56623
2021-05-27 09:42:24,6633.3,56716
2021-05-27 09:42:29,6631.2,57222
2021-05-27 09:42:38,6628.4,57911
2021-05-27 09:42:43,6632.4,57922
2021-05-27 09:42:48,6633.0,57934
2021-05-27 09:42:53,6631.2,58076
2021-05-27 09:42:57,6633.0,58376
2021-05-27 09:43:02,6632.4,58443
2021-05-27 09:43:07,6635.0,58555
2021-05-27 09:43:12,6635.0,59142
2021-05-27 09:43:17,6637.0,59307
2021-05-27 09:43:21,6638.8,59422
2021-05-27 09:43:26,6639.0,59462
2021-05-27 09:43:30,6638.0,59605
2021-05-27 09:43:35,6638.0,59857
2021-05-27 09:43:39,6638.0,59938
2021-05-27 09:43:44,6640.0,60133
2021-05-27 09:43:49,6639.95,61349
2021-05-27 09:43:54,6639.95,61476
2021-05-27 09:43:58,6638.2,61498
2021-05-27 09:44:03,6638.2,61654
2021-05-27 09:44:08,6638.0,61687
2021-05-27 09:44:12,6638.45,62358
2021-05-27 09:44:17,6638.5,62608
2021-05-27 09:44:22,6643.05,62758
2021-05-27 09:44:27,6638.1,63145
2021-05-27 09:44:33,6638.0,63227
2021-05-27 09:44:37,6641.0,63261
2021-05-27 09:44:42,6639.7,63265
2021-05-27 09:44:46,6641.0,63376
2021-05-27 09:44:51,6643.05,63624
2021-05-27 09:44:56,6642.9,63691
2021-05-27 09:45:01,6644.5,63808
2021-05-27 09:45:06,6645.0,64109
2021-05-27 09:45:20,6642.95,64824
2021-05-27 09:45:25,6640.45,64827
2021-05-27 09:45:30,6640.3,64933
2021-05-27 09:45:35,6642.0,64953
2021-05-27 09:45:45,6640.35,65274
2021-05-27 09:45:50,6635.2,65758
2021-05-27 09:45:55,6634.35,66025
2021-05-27 09:46:00,6635.2,66077
2021-05-27 09:46:05,6635.2,66218
2021-05-27 09:46:10,6633.75,66289
2021-05-27 09:46:15,6632.0,66963
2021-05-27 09:46:20,6631.1,67023
2021-05-27 09:46:25,6632.3,67079
2021-05-27 09:46:30,6636.65,67264
2021-05-27 09:46:36,6636.6,67316
2021-05-27 09:46:41,6633.75,67333
2021-05-27 09:46:46,6633.8,67353
2021-05-27 09:46:47,6633.75,67366
2021-05-27 09:46:48,6636.6,67367
2021-05-27 09:46:49,6636.6,67367
2021-05-27 09:46:50,6633.75,67420
2021-05-27 09:46:51,6633.75,67423
2021-05-27 09:46:52,6636.6,67425
2021-05-27 09:46:53,6636.6,67425
2021-05-27 09:46:54,6633.75,67455
2021-05-27 09:46:55,6637.0,67506
2021-05-27 09:46:56,6638.0,67605
2021-05-27 09:46:57,6637.2,67618
2021-05-27 09:46:58,6635.6,67711
2021-05-27 09:46:59,6636.1,67716
2021-05-27 09:47:00,6636.1,67716
2021-05-27 09:47:01,6632.4,67717
2021-05-27 09:47:02,6632.4,67717
2021-05-27 09:47:03,6632.0,67767
2021-05-27 09:47:04,6635.0,67864
2021-05-27 09:47:05,6634.4,67869
2021-05-27 09:47:06,6634.7,67879
2021-05-27 09:47:07,6634.7,67886
2021-05-27 09:47:09,6635.0,68087
2021-05-27 09:47:10,6635.0,68097
2021-05-27 09:47:11,6635.0,68097
2021-05-27 09:47:11,6635.0,68097
2021-05-27 09:47:13,6632.05,68100
2021-05-27 09:47:14,6632.05,68100
2021-05-27 09:47:14,6632.05,68100
2021-05-27 09:47:15,6634.95,68117
2021-05-27 09:47:16,6634.95,68118
2021-05-27 09:47:18,6634.95,68118
2021-05-27 09:47:19,6633.0,68119
2021-05-27 09:47:20,6633.0,68119
2021-05-27 09:47:22,6633.0,68119
2021-05-27 09:47:23,6633.0,68132
2021-05-27 09:47:24,6634.95,68133
2021-05-27 09:47:25,6634.95,68133
2021-05-27 09:47:26,6634.95,68143
2021-05-27 09:47:27,6634.95,68144
2021-05-27 09:47:28,6633.0,68145
2021-05-27 09:47:29,6633.0,68145
2021-05-27 09:47:30,6633.0,68145
2021-05-27 09:47:31,6633.0,68236
2021-05-27 09:47:32,6634.6,68240
2021-05-27 09:47:34,6634.95,68241
2021-05-27 09:47:35,6634.95,68241
2021-05-27 09:47:36,6634.95,68241
2021-05-27 09:47:36,6633.95,68242
2021-05-27 09:47:37,6633.95,68242
2021-05-27 09:47:38,6633.95,68244
2021-05-27 09:47:39,6633.95,68244
2021-05-27 09:47:40,6633.95,68244
2021-05-27 09:47:41,6633.95,68244
2021-05-27 09:47:42,6634.6,68266
2021-05-27 09:47:43,6634.9,68267
2021-05-27 09:47:45,6633.95,68273
2021-05-27 09:47:46,6633.95,68273
2021-05-27 09:47:47,6633.95,68273
2021-05-27 09:47:48,6633.95,68273
2021-05-27 09:47:49,6634.05,68323
2021-05-27 09:47:50,6634.05,68340
2021-05-27 09:47:51,6634.75,68344
2021-05-27 09:47:52,6634.75,68344
2021-05-27 09:47:53,6634.7,68645
2021-05-27 09:47:54,6634.7,68660
2021-05-27 09:47:55,6632.6,68671
2021-05-27 09:47:56,6632.6,68671
2021-05-27 09:47:57,6634.0,68673
2021-05-27 09:47:58,6634.0,68673
2021-05-27 09:47:59,6634.0,68673
2021-05-27 09:48:00,6634.0,68673
2021-05-27 09:48:01,6634.0,68673
2021-05-27 09:48:02,6634.0,68682
2021-05-27 09:48:04,6634.0,68682
2021-05-27 09:48:05,6634.0,68682
2021-05-27 09:48:06,6634.0,68687
2021-05-27 09:48:07,6634.75,68834
2021-05-27 09:48:08,6636.2,68980
2021-05-27 09:48:09,6636.9,68995
2021-05-27 09:48:10,6636.95,68996
2021-05-27 09:48:11,6636.95,68996
2021-05-27 09:48:12,6636.95,69004
2021-05-27 09:48:13,6634.35,69006
2021-05-27 09:48:13,6634.35,69006
2021-05-27 09:48:15,6634.1,69060
2021-05-27 09:48:16,6636.55,69063
2021-05-27 09:48:17,6636.0,69142
2021-05-27 09:48:18,6636.0,69152
2021-05-27 09:48:19,6632.15,69153
2021-05-27 09:48:20,6632.15,69153
2021-05-27 09:48:21,6632.5,69157
2021-05-27 09:48:22,6633.5,69160
2021-05-27 09:48:23,6635.95,69161
2021-05-27 09:48:24,6634.9,69163
2021-05-27 09:48:25,6634.9,69165
2021-05-27 09:48:26,6636.25,69177
2021-05-27 09:48:27,6636.55,69178
2021-05-27 09:48:28,6636.55,69178
2021-05-27 09:48:30,6636.55,69178
2021-05-27 09:48:31,6636.55,69178
2021-05-27 09:48:32,6636.55,69178
2021-05-27 09:48:33,6636.2,69179
2021-05-27 09:48:34,6636.2,69179
2021-05-27 09:48:35,6636.2,69179
2021-05-27 09:48:36,6636.2,69193
2021-05-27 09:48:37,6636.2,69195
2021-05-27 09:48:37,6636.25,69196
2021-05-27 09:48:39,6636.2,69204
2021-05-27 09:48:40,6636.2,69207
2021-05-27 09:48:41,6636.4,69237
2021-05-27 09:48:41,6636.4,69239
2021-05-27 09:48:43,6636.4,69239
2021-05-27 09:48:44,6636.4,69239
2021-05-27 09:48:45,6636.35,69291
2021-05-27 09:48:45,6636.4,69289
2021-05-27 09:48:47,6634.9,69303
2021-05-27 09:48:48,6636.35,69304
2021-05-27 09:48:49,6636.35,69304
2021-05-27 09:48:50,6636.4,69334
2021-05-27 09:48:52,6636.4,69341
2021-05-27 09:48:53,6634.9,69356
2021-05-27 09:48:54,6634.9,69359
2021-05-27 09:48:55,6637.05,69392
2021-05-27 09:48:57,6637.55,69400
2021-05-27 09:48:58,6637.5,69404
2021-05-27 09:48:59,6637.5,69404
2021-05-27 09:49:01,6637.5,69404
2021-05-27 09:49:01,6637.5,69404
2021-05-27 09:49:02,6635.4,69408
2021-05-27 09:49:04,6639.0,69468
2021-05-27 09:49:06,6638.0,69476
2021-05-27 09:49:07,6638.85,69478
2021-05-27 09:49:08,6636.6,69497
2021-05-27 09:49:09,6638.95,69502
2021-05-27 09:49:11,6635.45,69511
2021-05-27 09:49:11,6635.45,69511
2021-05-27 09:49:13,6635.45,69517
2021-05-27 09:49:14,6635.45,69531
2021-05-27 09:49:15,6634.0,69550
2021-05-27 09:49:16,6636.4,69597
2021-05-27 09:49:17,6636.4,69600
2021-05-27 09:49:19,6635.35,69619
2021-05-27 09:49:20,6635.35,69619
2021-05-27 09:49:21,6635.3,69636
2021-05-27 09:49:22,6636.6,69687
2021-05-27 09:49:23,6637.0,69689
2021-05-27 09:49:24,6637.0,69689
2021-05-27 09:49:25,6634.0,69691
2021-05-27 09:49:26,6634.0,69696
2021-05-27 09:49:28,6637.2,69697
2021-05-27 09:49:29,6637.2,69697
2021-05-27 09:49:30,6637.2,69697
2021-05-27 09:49:31,6635.05,69700
2021-05-27 09:49:31,6635.05,69700
2021-05-27 09:49:32,6636.6,69701
2021-05-27 09:49:34,6636.6,69708
2021-05-27 09:49:35,6636.6,69708
2021-05-27 09:49:36,6636.6,69708
2021-05-27 09:49:38,6636.6,69708
2021-05-27 09:49:39,6636.6,69708
2021-05-27 09:49:40,6637.85,69730
2021-05-27 09:49:41,6635.7,69736
2021-05-27 09:49:42,6637.5,69737
2021-05-27 09:49:43,6637.1,69753
2021-05-27 09:49:44,6637.05,69754
2021-05-27 09:49:45,6637.05,69754
2021-05-27 09:49:46,6636.0,69758
2021-05-27 09:49:47,6636.0,69758
2021-05-27 09:49:48,6636.0,69763
2021-05-27 09:49:49,6636.0,69763
2021-05-27 09:49:50,6638.0,69793
2021-05-27 09:49:50,6638.0,69795
2021-05-27 09:49:52,6636.0,69911
2021-05-27 09:49:53,6638.8,69916
2021-05-27 09:49:54,6638.8,69917
2021-05-27 09:49:55,6638.8,69917
2021-05-27 09:49:56,6638.8,69917
2021-05-27 09:49:57,6638.8,69917
2021-05-27 09:49:58,6637.95,69927
2021-05-27 09:49:59,6637.95,69927
2021-05-27 09:50:00,6637.95,69927
2021-05-27 09:50:01,6637.95,69927
2021-05-27 09:50:04,6637.8,69964
2021-05-27 09:50:05,6637.5,69965
2021-05-27 09:50:06,6637.5,69980
2021-05-27 09:50:07,6637.5,69981
2021-05-27 09:50:09,6636.85,69997
2021-05-27 09:50:11,6635.0,70024
2021-05-27 09:50:12,6636.85,70025
2021-05-27 09:50:13,6637.0,70253
2021-05-27 09:50:14,6635.0,70280
2021-05-27 09:50:15,6636.0,70281
2021-05-27 09:50:16,6636.0,70281
2021-05-27 09:50:17,6636.0,70281
2021-05-27 09:50:18,6636.0,70281
2021-05-27 09:50:19,6635.65,70282
2021-05-27 09:50:20,6635.65,70282
2021-05-27 09:50:24,6635.65,70474
2021-05-27 09:50:23,6634.0,70471
2021-05-27 09:50:25,6635.7,70475
2021-05-27 09:50:26,6635.7,70475
2021-05-27 09:50:27,6635.7,70475
2021-05-27 09:50:28,6635.65,70476
2021-05-27 09:50:29,6635.65,70476
2021-05-27 09:50:30,6634.2,70482
2021-05-27 09:50:31,6634.2,70482
2021-05-27 09:50:32,6634.2,70532
2021-05-27 09:50:33,6635.65,70534
2021-05-27 09:50:35,6635.65,70547
2021-05-27 09:50:37,6635.7,70560
2021-05-27 09:50:38,6635.7,70560
2021-05-27 09:50:39,6635.7,70560
2021-05-27 09:50:40,6635.7,70560
2021-05-27 09:50:41,6635.7,70560
2021-05-27 09:50:42,6635.7,70583
2021-05-27 09:50:43,6636.0,70604
2021-05-27 09:50:43,6636.0,70611
2021-05-27 09:50:44,6636.0,70611
2021-05-27 09:50:48,6635.7,70649
2021-05-27 09:50:49,6635.7,70649
2021-05-27 09:50:49,6635.7,70649
2021-05-27 09:50:50,6635.7,70649
2021-05-27 09:50:52,6635.7,70652
2021-05-27 09:50:52,6635.7,70652
2021-05-27 09:50:53,6635.7,70652
2021-05-27 09:50:55,6639.0,70802
2021-05-27 09:50:56,6639.95,70863
2021-05-27 09:50:58,6636.9,70867
2021-05-27 09:50:59,6636.9,70867
2021-05-27 09:51:00,6637.25,70870
2021-05-27 09:51:01,6637.25,70870
2021-05-27 09:51:03,6637.25,70870
2021-05-27 09:51:05,6637.25,70873
2021-05-27 09:51:05,6639.1,70874
2021-05-27 09:51:08,6637.25,70875
2021-05-27 09:51:09,6637.25,70875
2021-05-27 09:51:10,6637.25,70901
2021-05-27 09:51:11,6639.1,70902
2021-05-27 09:51:12,6639.1,70903
2021-05-27 09:51:13,6637.25,70923
2021-05-27 09:51:14,6637.25,70933
2021-05-27 09:51:15,6639.0,71005
2021-05-27 09:51:16,6639.1,71009
2021-05-27 09:51:17,6639.1,71009
2021-05-27 09:51:18,6639.1,71009
2021-05-27 09:51:19,6639.1,71019
2021-05-27 09:51:20,6639.1,71019
2021-05-27 09:51:21,6638.95,71023
2021-05-27 09:51:22,6638.95,71023
2021-05-27 09:51:23,6638.95,71023
2021-05-27 09:51:24,6638.0,71085
2021-05-27 09:51:25,6640.0,71209
2021-05-27 09:51:26,6638.0,71217
2021-05-27 09:51:27,6638.0,71217
2021-05-27 09:51:28,6638.0,71218
2021-05-27 09:51:29,6638.0,71228
2021-05-27 09:51:30,6638.95,71229
2021-05-27 09:51:31,6638.95,71229
2021-05-27 09:51:32,6638.95,71235
2021-05-27 09:51:33,6639.45,71265
2021-05-27 09:51:34,6639.45,71266
2021-05-27 09:51:35,6639.45,71266
2021-05-27 09:51:36,6638.35,71272
2021-05-27 09:51:37,6639.4,71273
2021-05-27 09:51:38,6639.4,71273
2021-05-27 09:51:39,6638.35,71276
2021-05-27 09:51:40,6638.35,71276
2021-05-27 09:51:42,6637.25,71287
2021-05-27 09:51:43,6639.4,71288
2021-05-27 09:51:44,6639.4,71288
2021-05-27 09:51:45,6638.0,71290
2021-05-27 09:51:46,6638.0,71290
2021-05-27 09:51:47,6638.0,71290
2021-05-27 09:51:48,6638.0,71290
2021-05-27 09:51:50,6638.3,71292
2021-05-27 09:51:51,6638.3,71292
2021-05-27 09:51:54,6638.3,71292
2021-05-27 09:51:55,6638.3,71292
2021-05-27 09:51:56,6642.0,71552
2021-05-27 09:51:57,6640.2,71567
2021-05-27 09:51:58,6642.6,71571
2021-05-27 09:52:00,6642.6,71571
2021-05-27 09:52:01,6639.9,71572
2021-05-27 09:52:02,6639.9,71574
2021-05-27 09:52:03,6639.9,71574
2021-05-27 09:52:04,6639.9,71577
2021-05-27 09:52:05,6639.65,71730
2021-05-27 09:52:06,6643.4,71763
2021-05-27 09:52:07,6643.4,71765
2021-05-27 09:52:08,6643.4,71765
2021-05-27 09:52:09,6643.4,71765
2021-05-27 09:52:10,6643.4,71765
2021-05-27 09:52:11,6639.35,71792
2021-05-27 09:52:12,6643.0,71794
2021-05-27 09:52:13,6643.0,71794
2021-05-27 09:52:14,6639.75,71825
2021-05-27 09:52:15,6640.15,71827
2021-05-27 09:52:16,6639.75,71828
2021-05-27 09:52:17,6641.6,71898
2021-05-27 09:52:18,6638.3,71952
2021-05-27 09:52:19,6641.55,71954
2021-05-27 09:52:20,6641.55,71954
2021-05-27 09:52:21,6638.0,72004
2021-05-27 09:52:22,6638.0,72031
2021-05-27 09:52:24,6638.0,72035
2021-05-27 09:52:25,6638.0,72035
2021-05-27 09:52:26,6638.0,72035
2021-05-27 09:52:27,6639.75,72043
2021-05-27 09:52:28,6639.75,72043
2021-05-27 09:52:29,6640.0,72053
2021-05-27 09:52:30,6640.5,72054
2021-05-27 09:52:31,6640.5,72054
2021-05-27 09:52:32,6640.0,72056
2021-05-27 09:52:33,6640.0,72056
2021-05-27 09:52:34,6638.0,72065
2021-05-27 09:52:35,6638.0,72067
2021-05-27 09:52:36,6638.0,72071
2021-05-27 09:52:37,6639.95,72072
2021-05-27 09:52:38,6639.95,72072
2021-05-27 09:52:39,6638.0,72082
2021-05-27 09:52:40,6638.0,72086
2021-05-27 09:52:41,6637.25,72088
2021-05-27 09:52:42,6636.05,72093
2021-05-27 09:52:43,6636.05,72093
2021-05-27 09:52:44,6636.05,72093
2021-05-27 09:52:45,6636.05,72093
2021-05-27 09:52:47,6638.75,72102
2021-05-27 09:52:48,6636.35,72112
2021-05-27 09:52:49,6638.9,72134
2021-05-27 09:52:50,6638.85,72135
2021-05-27 09:52:51,6638.85,72135
2021-05-27 09:52:52,6636.4,72145
2021-05-27 09:52:53,6636.4,72145
2021-05-27 09:52:55,6638.75,72156
2021-05-27 09:52:56,6638.75,72158
2021-05-27 09:52:57,6638.75,72158
2021-05-27 09:52:58,6638.85,72160
2021-05-27 09:52:59,6638.8,72162
2021-05-27 09:53:00,6638.8,72167
2021-05-27 09:53:01,6638.8,72192
2021-05-27 09:53:02,6638.8,72198
2021-05-27 09:53:03,6638.8,72198
2021-05-27 09:53:05,6639.0,72377
2021-05-27 09:53:08,6638.85,72473
2021-05-27 09:53:10,6638.95,72474
2021-05-27 09:53:09,6638.95,72474
2021-05-27 09:53:11,6638.95,72474
2021-05-27 09:53:12,6638.95,72474
2021-05-27 09:53:13,6638.95,72474
2021-05-27 09:53:14,6638.95,72474
2021-05-27 09:53:15,6638.75,72626
2021-05-27 09:53:16,6638.95,72634
2021-05-27 09:53:17,6638.95,72634
2021-05-27 09:53:18,6638.95,72634
2021-05-27 09:53:19,6638.95,72634
2021-05-27 09:53:20,6638.8,72636
2021-05-27 09:53:21,6638.8,72636
2021-05-27 09:53:22,6638.8,72636
2021-05-27 09:53:23,6638.8,72638
2021-05-27 09:53:24,6638.95,72690
2021-05-27 09:53:25,6638.95,72693
2021-05-27 09:53:26,6638.95,72695
2021-05-27 09:53:27,6638.95,72695
2021-05-27 09:53:28,6638.95,72695
2021-05-27 09:53:29,6638.95,72695
2021-05-27 09:53:31,6638.95,72695
2021-05-27 09:53:32,6638.8,72702
2021-05-27 09:53:34,6638.8,72702
2021-05-27 09:53:35,6638.8,72705
2021-05-27 09:53:35,6638.8,72705
2021-05-27 09:53:36,6638.8,72705
2021-05-27 09:53:37,6638.8,72705
2021-05-27 09:53:38,6638.8,72707
2021-05-27 09:53:39,6638.8,72717
2021-05-27 09:53:40,6638.8,72717
2021-05-27 09:53:42,6638.8,72717
2021-05-27 09:53:42,6638.8,72717
2021-05-27 09:53:43,6638.8,72717
2021-05-27 09:53:44,6638.8,72717
2021-05-27 09:53:45,6638.8,72717
2021-05-27 09:53:47,6637.05,73067
2021-05-27 09:53:48,6637.05,73070
2021-05-27 09:53:50,6635.2,73085
2021-05-27 09:53:51,6635.2,73085
2021-05-27 09:53:52,6635.2,73085
2021-05-27 09:53:54,6635.65,73095
2021-05-27 09:53:55,6635.65,73101
2021-05-27 09:53:56,6635.65,73102
2021-05-27 09:53:57,6635.65,73102
2021-05-27 09:53:58,6635.95,73103
2021-05-27 09:53:59,6635.95,73103
2021-05-27 09:54:00,6635.95,73103
2021-05-27 09:54:01,6635.95,73103
2021-05-27 09:54:02,6636.35,73154
2021-05-27 09:54:03,6639.0,73225
2021-05-27 09:54:05,6639.75,73232
2021-05-27 09:54:07,6639.6,73258
2021-05-27 09:54:08,6639.0,73262
2021-05-27 09:54:09,6639.0,73262
2021-05-27 09:54:10,6639.0,73262
2021-05-27 09:54:11,6639.0,73262
2021-05-27 09:54:12,6639.0,73262
2021-05-27 09:54:13,6634.05,73512
2021-05-27 09:54:14,6639.0,73525
2021-05-27 09:54:15,6639.0,73525
2021-05-27 09:54:16,6639.0,73525
2021-05-27 09:54:17,6636.3,73526
2021-05-27 09:54:18,6638.1,73527
2021-05-27 09:54:19,6636.3,73532
2021-05-27 09:54:21,6638.05,73585
2021-05-27 09:54:21,6638.05,73583
2021-05-27 09:54:22,6638.05,73585
2021-05-27 09:54:23,6638.1,73595
2021-05-27 09:54:24,6636.3,73611
2021-05-27 09:54:25,6638.0,73612
2021-05-27 09:54:26,6638.0,73612
2021-05-27 09:54:27,6638.0,73612
2021-05-27 09:54:28,6636.3,73614
2021-05-27 09:54:29,6636.3,73614
2021-05-27 09:54:31,6638.05,73618
2021-05-27 09:54:32,6638.05,73618
2021-05-27 09:54:33,6638.05,73618
2021-05-27 09:54:34,6636.3,73620
2021-05-27 09:54:35,6636.3,73622
2021-05-27 09:54:36,6637.75,73625
2021-05-27 09:54:37,6634.65,73644
2021-05-27 09:54:38,6637.7,73645
2021-05-27 09:54:39,6637.7,73645
2021-05-27 09:54:40,6637.7,73645
2021-05-27 09:54:41,6635.25,73700
2021-05-27 09:54:43,6638.1,73708
2021-05-27 09:54:44,6638.1,73708
2021-05-27 09:54:45,6635.4,73709
2021-05-27 09:54:46,6635.4,73709
2021-05-27 09:54:47,6636.0,73769
2021-05-27 09:54:48,6635.0,73826
2021-05-27 09:54:50,6635.0,73850
2021-05-27 09:54:51,6638.4,73851
2021-05-27 09:54:52,6638.4,73851
2021-05-27 09:54:53,6638.4,73851
2021-05-27 09:54:54,6638.4,73851
2021-05-27 09:54:56,6637.8,73854
2021-05-27 09:54:57,6637.8,73854
2021-05-27 09:54:58,6637.8,73869
2021-05-27 09:54:59,6637.8,73870
2021-05-27 09:55:00,6637.8,73870
2021-05-27 09:55:01,6636.0,73890
2021-05-27 09:55:02,6635.0,73895
2021-05-27 09:55:03,6635.0,73895
2021-05-27 09:55:04,6635.0,73895
2021-05-27 09:55:05,6635.3,73896
2021-05-27 09:55:07,6635.3,73896
2021-05-27 09:55:07,6635.3,73896
2021-05-27 09:55:08,6635.3,73897
2021-05-27 09:55:09,6635.3,73897
2021-05-27 09:55:10,6635.3,73897
2021-05-27 09:55:11,6638.45,73960
2021-05-27 09:55:12,6636.0,73981
2021-05-27 09:55:13,6636.0,73988
2021-05-27 09:55:14,6636.05,74092
2021-05-27 09:55:15,6638.4,74094
2021-05-27 09:55:16,6638.4,74094
2021-05-27 09:55:17,6639.0,74097
2021-05-27 09:55:19,6639.0,74105
2021-05-27 09:55:20,6636.8,74106
2021-05-27 09:55:21,6636.8,74106
2021-05-27 09:55:22,6636.8,74111
2021-05-27 09:55:24,6636.8,74111
2021-05-27 09:55:24,6637.8,74113
2021-05-27 09:55:25,6637.8,74113
2021-05-27 09:55:26,6637.8,74115
2021-05-27 09:55:27,6637.8,74115
2021-05-27 09:55:28,6637.8,74119
2021-05-27 09:55:29,6637.8,74121
2021-05-27 09:55:31,6636.8,74126
2021-05-27 09:55:32,6636.8,74126
2021-05-27 09:55:32,6636.8,74126
2021-05-27 09:55:33,6635.0,74128
2021-05-27 09:55:34,6635.0,74129
2021-05-27 09:55:35,6635.0,74133
2021-05-27 09:55:36,6636.15,74237
2021-05-27 09:55:37,6638.85,74242
2021-05-27 09:55:38,6638.85,74243
2021-05-27 09:55:40,6635.2,74247
2021-05-27 09:55:41,6635.2,74247
2021-05-27 09:55:42,6635.2,74247
2021-05-27 09:55:43,6635.2,74247
2021-05-27 09:55:43,6635.2,74247
2021-05-27 09:55:44,6635.2,74247
2021-05-27 09:55:45,6635.2,74251
2021-05-27 09:55:46,6635.9,74252
2021-05-27 09:55:47,6635.9,74252
2021-05-27 09:55:48,6635.9,74255
2021-05-27 09:55:50,6635.9,74255
2021-05-27 09:55:51,6635.9,74255
2021-05-27 09:55:52,6636.0,74275
2021-05-27 09:55:53,6633.95,74398
2021-05-27 09:55:54,6637.0,74404
2021-05-27 09:55:54,6637.0,74405
2021-05-27 09:55:55,6637.0,74405
2021-05-27 09:55:56,6637.0,74405
2021-05-27 09:55:57,6637.0,74405
2021-05-27 09:55:58,6637.0,74405
2021-05-27 09:55:59,6634.35,74410
2021-05-27 09:56:00,6634.65,74415
2021-05-27 09:56:01,6634.65,74445
2021-05-27 09:56:02,6636.9,74447
2021-05-27 09:56:03,6634.65,74457
2021-05-27 09:56:04,6635.2,74472
2021-05-27 09:56:05,6635.2,74473
2021-05-27 09:56:06,6635.2,74473
2021-05-27 09:56:07,6635.2,74473
2021-05-27 09:56:09,6635.2,74473
2021-05-27 09:56:10,6634.65,74510
2021-05-27 09:56:10,6634.85,74544
2021-05-27 09:56:12,6634.3,74551
2021-05-27 09:56:13,6634.3,74551
2021-05-27 09:56:16,6635.0,74603
2021-05-27 09:56:16,6635.2,74606
2021-05-27 09:56:17,6635.0,74612
2021-05-27 09:56:18,6635.15,74626
2021-05-27 09:56:19,6635.1,74627
2021-05-27 09:56:20,6635.1,74627
2021-05-27 09:56:21,6635.1,74627
2021-05-27 09:56:22,6635.1,74627
2021-05-27 09:56:23,6635.1,74627
2021-05-27 09:56:24,6635.1,74627
2021-05-27 09:56:25,6635.1,74627
2021-05-27 09:56:26,6635.1,74627
2021-05-27 09:56:27,6635.1,74627
2021-05-27 09:56:28,6635.1,74627
2021-05-27 09:56:29,6635.1,74627
2021-05-27 09:56:31,6635.05,74648
2021-05-27 09:56:32,6635.1,74649
2021-05-27 09:56:33,6635.1,74649
2021-05-27 09:56:34,6635.1,74649
2021-05-27 09:56:35,6635.1,74649
2021-05-27 09:56:36,6635.0,74659
2021-05-27 09:56:36,6635.0,74659
2021-05-27 09:56:37,6635.0,74659
2021-05-27 09:56:39,6635.0,74659
2021-05-27 09:56:39,6635.0,74659
2021-05-27 09:56:41,6635.0,74659
2021-05-27 09:56:42,6635.0,74665
2021-05-27 09:56:43,6635.0,74691
2021-05-27 09:56:44,6635.0,74719
2021-05-27 09:56:44,6635.05,74720
2021-05-27 09:56:45,6635.0,74722
2021-05-27 09:56:46,6635.0,74732
2021-05-27 09:56:48,6634.25,74744
2021-05-27 09:56:50,6634.25,74750
2021-05-27 09:56:51,6634.25,74750
2021-05-27 09:56:52,6634.25,74750
2021-05-27 09:56:53,6634.25,74751
2021-05-27 09:56:56,6634.7,74801
2021-05-27 09:56:56,6634.0,74829
2021-05-27 09:56:57,6634.75,74830
2021-05-27 09:56:58,6634.75,74830
2021-05-27 09:57:00,6634.7,74831
2021-05-27 09:57:01,6634.75,74833
2021-05-27 09:57:01,6634.75,74833
2021-05-27 09:57:03,6634.75,74833
2021-05-27 09:57:04,6634.75,74833
2021-05-27 09:57:05,6634.1,74835
2021-05-27 09:57:06,6634.1,74835
2021-05-27 09:57:07,6634.1,74835
2021-05-27 09:57:08,6634.1,74850
2021-05-27 09:57:09,6634.1,74873
2021-05-27 09:57:10,6634.15,74874
2021-05-27 09:57:11,6634.15,74874
2021-05-27 09:57:12,6634.15,74874
2021-05-27 09:57:13,6634.1,74884
2021-05-27 09:57:13,6634.15,74885
2021-05-27 09:57:14,6634.15,74885
2021-05-27 09:57:16,6634.1,74887
2021-05-27 09:57:16,6634.1,74887
2021-05-27 09:57:17,6634.0,74998
2021-05-27 09:57:18,6634.15,75004
2021-05-27 09:57:19,6634.15,75005
2021-05-27 09:57:21,6634.15,75005
2021-05-27 09:57:25,6630.45,76362
2021-05-27 09:57:26,6630.0,76402
2021-05-27 09:57:27,6630.0,76404
2021-05-27 09:57:27,6627.15,76405
2021-05-27 09:57:28,6631.55,76434
2021-05-27 09:57:29,6631.55,76435
2021-05-27 09:57:30,6631.55,76435
2021-05-27 09:57:31,6631.55,76435
2021-05-27 09:57:32,6630.0,76440
2021-05-27 09:57:33,6631.45,76441
2021-05-27 09:57:35,6631.45,76441
2021-05-27 09:57:36,6631.45,76441
2021-05-27 09:57:37,6631.45,76441
2021-05-27 09:57:38,6627.15,76541
2021-05-27 09:57:39,6629.95,76543
2021-05-27 09:57:40,6628.25,76556
2021-05-27 09:57:41,6628.25,76556
2021-05-27 09:57:42,6629.9,76563
2021-05-27 09:57:42,6626.4,76562
2021-05-27 09:57:43,6629.95,76583
2021-05-27 09:57:44,6629.95,76584
2021-05-27 09:57:45,6629.9,76585
2021-05-27 09:57:47,6626.2,76587
2021-05-27 09:57:47,6626.2,76587
2021-05-27 09:57:48,6627.45,76597
2021-05-27 09:57:49,6627.45,76597
2021-05-27 09:57:50,6627.45,76597
2021-05-27 09:57:53,6628.1,76604
2021-05-27 09:57:54,6625.1,76629
2021-05-27 09:57:55,6625.85,76899
2021-05-27 09:57:56,6628.1,76913
2021-05-27 09:57:57,6628.1,76913
2021-05-27 09:57:58,6627.45,76921
2021-05-27 09:57:59,6628.1,76922
2021-05-27 09:58:00,6628.1,76922
2021-05-27 09:58:01,6628.1,76922
2021-05-27 09:58:01,6628.1,76922
2021-05-27 09:58:02,6627.8,76923
2021-05-27 09:58:03,6627.85,76932
2021-05-27 09:58:04,6625.2,76957
2021-05-27 09:58:06,6625.2,76959
2021-05-27 09:58:07,6625.2,76970
2021-05-27 09:58:08,6625.0,77120
2021-05-27 09:58:09,6627.85,77128
2021-05-27 09:58:09,6627.85,77128
2021-05-27 09:58:10,6627.85,77138
2021-05-27 09:58:11,6626.2,77140
2021-05-27 09:58:12,6626.2,77171
2021-05-27 09:58:13,6627.85,77172
2021-05-27 09:58:14,6627.85,77172
2021-05-27 09:58:15,6627.85,77172
2021-05-27 09:58:16,6626.2,77177
2021-05-27 09:58:17,6626.2,77177
2021-05-27 09:58:20,6626.35,77180
2021-05-27 09:58:21,6627.85,77181
2021-05-27 09:58:22,6629.9,77364
2021-05-27 09:58:23,6629.95,77373
2021-05-27 09:58:24,6627.2,77375
2021-05-27 09:58:25,6627.2,77376
2021-05-27 09:58:26,6627.2,77376
2021-05-27 09:58:27,6627.2,77376
2021-05-27 09:58:28,6627.2,77376
2021-05-27 09:58:29,6627.2,77376
2021-05-27 09:58:30,6627.2,77376
2021-05-27 09:58:31,6627.2,77376
2021-05-27 09:58:31,6627.2,77376
2021-05-27 09:58:33,6629.75,77378
2021-05-27 09:58:37,6629.75,77378
2021-05-27 09:58:38,6630.0,77534
2021-05-27 09:58:38,6631.95,77536
2021-05-27 09:58:39,6631.95,77536
2021-05-27 09:58:40,6632.0,77542
2021-05-27 09:58:41,6632.0,77542
2021-05-27 09:58:43,6632.0,77542
2021-05-27 09:58:44,6630.0,77614
2021-05-27 09:58:45,6631.8,77618
2021-05-27 09:58:46,6631.8,77618
2021-05-27 09:58:47,6631.8,77618
2021-05-27 09:58:48,6632.0,77628
2021-05-27 09:58:48,6632.0,77628
2021-05-27 09:58:50,6633.0,77672
2021-05-27 09:58:51,6631.2,77681
2021-05-27 09:58:53,6634.55,77971
2021-05-27 09:58:54,6632.2,77998
2021-05-27 09:58:55,6637.05,77999
2021-05-27 09:58:56,6632.15,78040
2021-05-27 09:58:56,6634.95,78047
2021-05-27 09:58:57,6634.95,78047
2021-05-27 09:58:58,6636.5,78462
2021-05-27 09:58:59,6631.35,78497
2021-05-27 09:59:00,6636.5,78559
2021-05-27 09:59:01,6636.5,78562
2021-05-27 09:59:02,6631.55,78563
2021-05-27 09:59:03,6634.0,78574
2021-05-27 09:59:05,6636.35,78575
2021-05-27 09:59:06,6631.6,78576
2021-05-27 09:59:07,6636.0,78578
2021-05-27 09:59:08,6636.95,78579
2021-05-27 09:59:09,6636.95,78579
2021-05-27 09:59:10,6636.95,78579
2021-05-27 09:59:10,6637.0,78580
2021-05-27 09:59:12,6637.0,78580
2021-05-27 09:59:13,6637.0,78580
2021-05-27 09:59:14,6637.0,78580
2021-05-27 09:59:16,6637.0,78580
2021-05-27 09:59:17,6636.05,78585
2021-05-27 09:59:18,6636.05,78585
2021-05-27 09:59:19,6636.05,78655
2021-05-27 09:59:20,6638.2,78658
2021-05-27 09:59:20,6638.25,78659
2021-05-27 09:59:21,6633.9,78684
2021-05-27 09:59:22,6633.35,78686
2021-05-27 09:59:23,6637.3,78706
2021-05-27 09:59:26,6637.4,78707
2021-05-27 09:59:27,6636.0,78723
2021-05-27 09:59:28,6634.2,78725
2021-05-27 09:59:29,6637.0,78740
2021-05-27 09:59:29,6637.0,78741
2021-05-27 09:59:30,6634.2,78751
2021-05-27 09:59:31,6634.2,78751
2021-05-27 09:59:32,6634.2,78751
2021-05-27 09:59:34,6634.2,78751
2021-05-27 09:59:35,6634.2,78751
2021-05-27 09:59:37,6634.2,78751
2021-05-27 09:59:39,6634.2,78751
2021-05-27 09:59:39,6634.2,78751
2021-05-27 09:59:42,6634.2,78751
2021-05-27 09:59:43,6634.2,78751
2021-05-27 09:59:46,6634.2,78751
2021-05-27 09:59:47,6634.2,78751
2021-05-27 09:59:48,6634.2,78751
2021-05-27 09:59:49,6634.2,78751
2021-05-27 09:59:50,6634.2,78751
2021-05-27 09:59:51,6634.2,78751
2021-05-27 09:59:52,6634.2,78751
2021-05-27 09:59:53,6634.2,78751
2021-05-27 09:59:53,6634.2,78751
2021-05-27 09:59:54,6634.2,78751
2021-05-27 09:59:55,6634.2,78751
2021-05-27 09:59:57,6635.0,78781
2021-05-27 09:59:58,6636.45,78783
2021-05-27 09:59:59,6636.45,78783
2021-05-27 10:00:00,6635.0,78784
2021-05-27 10:00:01,6634.2,78787
2021-05-27 10:00:02,6634.2,78788
2021-05-27 10:00:03,6634.2,78788
2021-05-27 10:00:04,6634.2,78788
2021-05-27 10:00:05,6634.2,78792
2021-05-27 10:00:06,6634.2,78792
2021-05-27 10:00:06,6634.2,78797
2021-05-27 10:00:09,6635.0,78798
2021-05-27 10:00:10,6635.0,78798
2021-05-27 10:00:11,6635.0,78798
2021-05-27 10:00:11,6635.0,78798
2021-05-27 10:00:13,6635.0,78798
2021-05-27 10:00:14,6635.0,78798
2021-05-27 10:00:16,6635.0,78798
2021-05-27 10:00:17,6635.0,78798
2021-05-27 10:00:18,6635.0,78798
2021-05-27 10:00:19,6634.2,78800
2021-05-27 10:00:20,6634.2,78800
2021-05-27 10:00:21,6634.2,78812
2021-05-27 10:00:23,6634.2,78812
2021-05-27 10:00:24,6634.2,78812
2021-05-27 10:00:26,6634.35,78817
2021-05-27 10:00:27,6635.0,78818
2021-05-27 10:00:28,6634.35,78828
2021-05-27 10:00:29,6634.35,78828
2021-05-27 10:00:30,6634.35,78828
2021-05-27 10:00:31,6634.35,78828
2021-05-27 10:00:33,6634.35,78828
2021-05-27 10:00:34,6634.2,78918
2021-05-27 10:00:35,6635.0,78923
2021-05-27 10:00:36,6635.0,78923
2021-05-27 10:00:37,6634.2,78924
2021-05-27 10:00:38,6634.2,78933
2021-05-27 10:00:39,6634.2,78933
2021-05-27 10:00:40,6634.2,78933
2021-05-27 10:00:41,6634.2,78933
2021-05-27 10:00:42,6634.2,78933
2021-05-27 10:00:43,6634.2,78933
2021-05-27 10:00:44,6634.2,78933
2021-05-27 10:00:46,6632.2,78960
2021-05-27 10:00:47,6633.4,78961
2021-05-27 10:00:48,6634.0,79013
2021-05-27 10:00:49,6632.95,79050
2021-05-27 10:00:50,6632.95,79052
2021-05-27 10:00:51,6632.95,79052
2021-05-27 10:00:52,6632.95,79052
2021-05-27 10:00:53,6632.95,79052
2021-05-27 10:00:54,6632.95,79052
2021-05-27 10:00:55,6632.95,79052
2021-05-27 10:00:56,6632.25,79053
2021-05-27 10:00:57,6632.25,79053
2021-05-27 10:00:59,6630.25,79054
2021-05-27 10:00:59,6630.0,79086
2021-05-27 10:01:00,6631.8,79087
2021-05-27 10:01:01,6631.8,79087
2021-05-27 10:01:03,6628.35,79242
2021-05-27 10:01:04,6631.2,79250
2021-05-27 10:01:05,6631.2,79250
2021-05-27 10:01:06,6631.2,79250
2021-05-27 10:01:07,6630.0,79251
2021-05-27 10:01:09,6630.0,79251
2021-05-27 10:01:10,6630.0,79251
2021-05-27 10:01:11,6628.1,79269
2021-05-27 10:01:11,6630.0,79251
2021-05-27 10:01:12,6629.4,79294
2021-05-27 10:01:13,6628.1,79367
2021-05-27 10:01:14,6629.35,79371
2021-05-27 10:01:16,6627.2,79403
2021-05-27 10:01:16,6628.0,79404
2021-05-27 10:01:17,6628.0,79463
2021-05-27 10:01:19,6627.2,79466
2021-05-27 10:01:20,6628.0,79467
2021-05-27 10:01:22,6628.0,79468
2021-05-27 10:01:23,6628.0,79490
2021-05-27 10:01:24,6628.0,79491
2021-05-27 10:01:25,6628.0,79491
2021-05-27 10:01:26,6628.0,79491
2021-05-27 10:01:27,6627.2,79492
2021-05-27 10:01:28,6627.2,79492
2021-05-27 10:01:29,6627.2,79500
2021-05-27 10:01:30,6627.2,79500
2021-05-27 10:01:31,6627.2,79500
2021-05-27 10:01:32,6627.2,79500
2021-05-27 10:01:33,6627.2,79500
2021-05-27 10:01:34,6627.2,79502
2021-05-27 10:01:35,6627.2,79502
2021-05-27 10:01:36,6627.2,79527
2021-05-27 10:01:37,6631.0,79729
2021-05-27 10:01:38,6630.6,79739
2021-05-27 10:01:39,6627.2,79759
2021-05-27 10:01:40,6627.2,79780
2021-05-27 10:01:41,6630.05,79781
2021-05-27 10:01:42,6630.05,79781
2021-05-27 10:01:43,6627.7,79791
2021-05-27 10:01:44,6630.0,79792
2021-05-27 10:01:45,6630.0,79792
2021-05-27 10:01:46,6630.0,79792
2021-05-27 10:01:47,6626.1,79823
2021-05-27 10:01:49,6629.9,79825
2021-05-27 10:01:50,6629.9,79825
2021-05-27 10:01:51,6627.4,79833
2021-05-27 10:01:52,6627.4,79833
2021-05-27 10:01:53,6627.4,79833
2021-05-27 10:01:55,6627.4,79833
2021-05-27 10:01:54,6627.4,79833
2021-05-27 10:01:56,6626.2,79835
2021-05-27 10:01:57,6626.2,79860
2021-05-27 10:01:58,6625.3,79982
2021-05-27 10:01:59,6626.9,79989
2021-05-27 10:02:00,6626.05,79991
2021-05-27 10:02:01,6626.9,79992
2021-05-27 10:02:02,6626.9,79992
2021-05-27 10:02:03,6626.05,80019
2021-05-27 10:02:04,6626.9,80020
2021-05-27 10:02:05,6629.35,80048
2021-05-27 10:02:07,6625.3,80150
2021-05-27 10:02:09,6629.4,80155
2021-05-27 10:02:10,6629.4,80155
2021-05-27 10:02:11,6629.4,80155
2021-05-27 10:02:12,6627.0,80156
2021-05-27 10:02:13,6627.0,80156
2021-05-27 10:02:14,6627.0,80156
2021-05-27 10:02:15,6626.45,80166
2021-05-27 10:02:16,6629.75,80167
2021-05-27 10:02:17,6629.75,80167
2021-05-27 10:02:18,6627.0,80217
2021-05-27 10:02:21,6629.7,80219
2021-05-27 10:02:22,6629.7,80219
2021-05-27 10:02:23,6629.7,80219
2021-05-27 10:02:24,6629.7,80219
2021-05-27 10:02:25,6629.0,80244
2021-05-27 10:02:26,6629.0,80246
2021-05-27 10:02:27,6629.0,80246
2021-05-27 10:02:28,6629.0,80246
2021-05-27 10:02:29,6629.0,80246
2021-05-27 10:02:31,6629.0,80325
2021-05-27 10:02:33,6627.6,80362
2021-05-27 10:02:34,6629.0,80363
2021-05-27 10:02:35,6629.0,80363
2021-05-27 10:02:36,6629.0,80391
2021-05-27 10:02:37,6629.0,80394
2021-05-27 10:02:38,6629.05,80411
2021-05-27 10:02:39,6629.05,80412
2021-05-27 10:02:40,6629.05,80412
2021-05-27 10:02:42,6625.3,80417
2021-05-27 10:02:43,6625.3,80417
2021-05-27 10:02:44,6625.3,80417
2021-05-27 10:02:45,6629.0,80435
2021-05-27 10:02:46,6625.7,80456
2021-05-27 10:02:47,6626.7,80458
2021-05-27 10:02:49,6626.7,80458
2021-05-27 10:02:50,6626.7,80458
2021-05-27 10:02:51,6629.05,80465
2021-05-27 10:02:52,6629.05,80466
2021-05-27 10:02:53,6625.75,80474
2021-05-27 10:02:54,6625.75,80474
2021-05-27 10:02:55,6625.75,80474
2021-05-27 10:02:56,6625.75,80474
2021-05-27 10:02:57,6625.75,80474
2021-05-27 10:02:58,6625.75,80474
2021-05-27 10:02:59,6625.3,80574
2021-05-27 10:03:00,6625.3,80619
2021-05-27 10:03:01,6629.05,80621
2021-05-27 10:03:02,6629.05,80621
2021-05-27 10:03:03,6625.35,80636
2021-05-27 10:03:04,6627.0,80637
2021-05-27 10:03:05,6627.0,80637
2021-05-27 10:03:06,6627.0,80637
2021-05-27 10:03:07,6627.0,80637
2021-05-27 10:03:08,6627.0,80637
2021-05-27 10:03:09,6625.25,80639
2021-05-27 10:03:10,6625.25,80639
2021-05-27 10:03:11,6625.25,80639
2021-05-27 10:03:12,6625.2,80644
2021-05-27 10:03:13,6627.0,80645
2021-05-27 10:03:14,6627.0,80645
2021-05-27 10:03:15,6627.0,80645
2021-05-27 10:03:16,6626.05,80670
2021-05-27 10:03:17,6627.0,80685
2021-05-27 10:03:18,6627.0,80686
2021-05-27 10:03:19,6627.0,80686
2021-05-27 10:03:20,6627.0,80686
2021-05-27 10:03:21,6627.0,80686
2021-05-27 10:03:22,6626.05,80687
2021-05-27 10:03:23,6626.05,80687
2021-05-27 10:03:24,6626.05,80687
2021-05-27 10:03:25,6626.05,80687
2021-05-27 10:03:26,6626.05,80687
2021-05-27 10:03:27,6626.05,80687
2021-05-27 10:03:28,6627.0,80696
2021-05-27 10:03:29,6626.1,80698
2021-05-27 10:03:30,6626.1,80698
2021-05-27 10:03:31,6626.1,80698
2021-05-27 10:03:33,6626.1,80698
2021-05-27 10:03:34,6626.1,80698
2021-05-27 10:03:35,6626.1,80698
2021-05-27 10:03:36,6629.0,80798
2021-05-27 10:03:37,6628.95,80803
2021-05-27 10:03:38,6629.0,80804
2021-05-27 10:03:39,6626.15,80841
2021-05-27 10:03:40,6628.8,80842
2021-05-27 10:03:41,6628.8,80843
2021-05-27 10:03:42,6628.8,80843
2021-05-27 10:03:43,6626.75,80863
2021-05-27 10:03:44,6627.8,80864
2021-05-27 10:03:45,6627.8,80864
2021-05-27 10:03:46,6627.8,80864
2021-05-27 10:03:47,6626.75,80865
2021-05-27 10:03:48,6626.75,80865
2021-05-27 10:03:49,6626.75,80865
2021-05-27 10:03:50,6626.75,80865
2021-05-27 10:03:52,6626.75,80865
2021-05-27 10:03:53,6626.75,80865
2021-05-27 10:03:54,6626.75,80865
2021-05-27 10:03:55,6626.1,80915
2021-05-27 10:03:56,6627.8,80917
2021-05-27 10:03:59,6626.1,80918
2021-05-27 10:04:00,6626.1,80918
2021-05-27 10:04:00,6626.1,80918
2021-05-27 10:04:01,6626.1,80918
2021-05-27 10:04:02,6626.1,80918
2021-05-27 10:04:05,6626.1,80924
2021-05-27 10:04:05,6627.8,80925
2021-05-27 10:04:06,6628.0,81020
2021-05-27 10:04:07,6629.0,81025
2021-05-27 10:04:08,6629.0,81026
2021-05-27 10:04:10,6628.0,81028
2021-05-27 10:04:12,6625.95,81076
2021-05-27 10:04:12,6629.0,81078
2021-05-27 10:04:14,6629.0,81078
2021-05-27 10:04:14,6629.0,81078
2021-05-27 10:04:15,6629.0,81078
2021-05-27 10:04:17,6627.0,81085
2021-05-27 10:04:19,6628.2,81086
2021-05-27 10:04:19,6628.2,81086
2021-05-27 10:04:20,6628.2,81086
2021-05-27 10:04:21,6627.1,81087
2021-05-27 10:04:22,6627.1,81087
2021-05-27 10:04:23,6627.1,81117
2021-05-27 10:04:25,6628.05,81118
2021-05-27 10:04:25,6628.05,81118
2021-05-27 10:04:26,6627.1,81119
2021-05-27 10:04:27,6627.0,81124
2021-05-27 10:04:28,6628.05,81137
2021-05-27 10:04:30,6625.35,81171
2021-05-27 10:04:30,6627.0,81142
2021-05-27 10:04:31,6627.0,81179
2021-05-27 10:04:32,6627.0,81179
2021-05-27 10:04:35,6626.0,81203
2021-05-27 10:04:36,6627.0,81205
2021-05-27 10:04:37,6626.0,81229
2021-05-27 10:04:38,6627.0,81230
2021-05-27 10:04:41,6627.0,81230
2021-05-27 10:04:41,6627.0,81230
2021-05-27 10:04:42,6627.0,81230
2021-05-27 10:04:43,6627.0,81230
2021-05-27 10:04:44,6626.6,81232
2021-05-27 10:04:45,6626.6,81232
2021-05-27 10:04:47,6626.6,81232
2021-05-27 10:04:48,6626.6,81232
2021-05-27 10:04:49,6626.85,81233
2021-05-27 10:04:50,6626.85,81233
2021-05-27 10:04:50,6626.6,81238
2021-05-27 10:04:51,6625.55,81288
2021-05-27 10:04:52,6626.85,81291
2021-05-27 10:04:54,6626.0,81296
2021-05-27 10:04:55,6625.7,81334
2021-05-27 10:04:55,6626.85,81336
2021-05-27 10:04:56,6626.85,81353
2021-05-27 10:04:57,6626.85,81363
2021-05-27 10:04:58,6626.6,81364
2021-05-27 10:05:00,6626.6,81364
2021-05-27 10:05:00,6626.6,81373
2021-05-27 10:05:01,6626.6,81373
2021-05-27 10:05:02,6626.6,81373
2021-05-27 10:05:03,6626.35,81408
2021-05-27 10:05:05,6629.0,81410
2021-05-27 10:05:05,6629.0,81410
2021-05-27 10:05:06,6625.75,81456
2021-05-27 10:05:08,6628.8,81475
2021-05-27 10:05:09,6628.8,81476
2021-05-27 10:05:11,6628.8,81476
2021-05-27 10:05:12,6628.8,81476
2021-05-27 10:05:13,6628.8,81476
2021-05-27 10:05:14,6628.8,81476
2021-05-27 10:05:15,6628.8,81476
2021-05-27 10:05:16,6628.8,81476
2021-05-27 10:05:17,6628.8,81476
2021-05-27 10:05:18,6628.8,81476
2021-05-27 10:05:20,6628.8,81479
2021-05-27 10:05:20,6628.8,81479
2021-05-27 10:05:21,6626.1,81486
2021-05-27 10:05:22,6626.1,81489
2021-05-27 10:05:23,6626.1,81489
2021-05-27 10:05:24,6626.1,81489
2021-05-27 10:05:26,6626.1,81489
2021-05-27 10:05:27,6626.1,81489
2021-05-27 10:05:27,6626.1,81489
2021-05-27 10:05:28,6626.1,81489
2021-05-27 10:05:29,6628.0,81491
2021-05-27 10:05:30,6628.0,81491
2021-05-27 10:05:32,6627.5,81492
2021-05-27 10:05:34,6627.5,81492
2021-05-27 10:05:35,6627.5,81492
2021-05-27 10:05:37,6627.4,81493
2021-05-27 10:05:38,6627.4,81493
2021-05-27 10:05:39,6627.4,81495
2021-05-27 10:05:40,6627.4,81495
2021-05-27 10:05:41,6627.4,81497
2021-05-27 10:05:43,6627.4,81497
2021-05-27 10:05:43,6627.4,81497
2021-05-27 10:05:44,6627.85,81500
2021-05-27 10:05:45,6627.85,81500
2021-05-27 10:05:46,6627.15,81502
2021-05-27 10:05:48,6627.85,81518
2021-05-27 10:05:48,6627.85,81518
2021-05-27 10:05:50,6627.85,81518
2021-05-27 10:05:51,6627.85,81518
2021-05-27 10:05:52,6627.85,81518
2021-05-27 10:05:52,6627.9,81523
2021-05-27 10:05:53,6627.9,81527
2021-05-27 10:05:54,6627.9,81527
2021-05-27 10:05:57,6627.9,81547
2021-05-27 10:05:57,6627.95,81583
2021-05-27 10:05:58,6627.95,81585
2021-05-27 10:06:00,6628.0,81623
2021-05-27 10:06:00,6628.0,81625
2021-05-27 10:06:02,6627.15,81626
2021-05-27 10:06:03,6628.0,81631
2021-05-27 10:06:04,6628.0,81631
2021-05-27 10:06:05,6628.0,81631
2021-05-27 10:06:07,6628.0,81631
2021-05-27 10:06:08,6628.95,81632
2021-05-27 10:06:10,6628.95,81632
2021-05-27 10:06:10,6628.95,81632
2021-05-27 10:06:11,6627.15,81652
2021-05-27 10:06:12,6628.8,81653
2021-05-27 10:06:14,6628.8,81653
2021-05-27 10:06:15,6628.8,81653
2021-05-27 10:06:15,6628.8,81653
2021-05-27 10:06:16,6628.8,81653
2021-05-27 10:06:17,6628.8,81653
2021-05-27 10:06:18,6628.8,81654
2021-05-27 10:06:20,6628.8,81676
2021-05-27 10:06:21,6628.8,81678
2021-05-27 10:06:22,6628.8,81678
2021-05-27 10:06:23,6628.8,81678
2021-05-27 10:06:24,6628.8,81678
2021-05-27 10:06:25,6628.8,81678
2021-05-27 10:06:27,6628.8,81678
2021-05-27 10:06:28,6628.8,81678
2021-05-27 10:06:29,6628.3,81681
2021-05-27 10:06:30,6628.3,81683
2021-05-27 10:06:30,6628.3,81684
2021-05-27 10:06:31,6627.55,81709
2021-05-27 10:06:32,6626.1,81737
2021-05-27 10:06:33,6626.1,81776
2021-05-27 10:06:35,6627.55,81828
2021-05-27 10:06:36,6627.55,81831
2021-05-27 10:06:37,6627.55,81831
2021-05-27 10:06:37,6627.55,81831
2021-05-27 10:06:39,6627.55,81831
2021-05-27 10:06:41,6627.55,81831
2021-05-27 10:06:42,6627.55,81831
2021-05-27 10:06:43,6627.55,81831
2021-05-27 10:06:44,6627.95,81881
2021-05-27 10:06:45,6626.25,81890
2021-05-27 10:06:46,6627.95,81891
2021-05-27 10:06:51,6627.0,81941
2021-05-27 10:06:55,6627.95,81948
2021-05-27 10:06:59,6626.5,81951
2021-05-27 10:07:04,6627.55,81975
2021-05-27 10:07:08,6629.0,82012
2021-05-27 10:07:12,6628.65,82090
2021-05-27 10:07:16,6628.65,82094
2021-05-27 10:07:20,6627.5,82161
2021-05-27 10:07:24,6628.6,82193
2021-05-27 10:07:28,6628.6,82195
2021-05-27 10:07:32,6628.6,82215
2021-05-27 10:07:36,6627.05,82217
2021-05-27 10:07:40,6626.5,82219
2021-05-27 10:07:44,6626.5,82236
2021-05-27 10:07:48,6626.1,82243
2021-05-27 10:07:52,6626.95,82244
2021-05-27 10:08:00,6626.45,82246
2021-05-27 10:08:07,6626.45,82258
2021-05-27 10:08:10,6626.45,82258
2021-05-27 10:08:14,6626.45,82265
2021-05-27 10:08:18,6626.8,82269
2021-05-27 10:08:22,6626.8,82312
2021-05-27 10:08:26,6626.65,82333
2021-05-27 10:08:30,6626.45,82365
2021-05-27 10:08:34,6626.45,82369
2021-05-27 10:08:38,6626.65,82535
2021-05-27 10:08:43,6626.65,82544
2021-05-27 10:08:47,6626.65,82547
2021-05-27 10:08:50,6626.65,82547
2021-05-27 10:08:54,6626.55,82565
2021-05-27 10:08:58,6626.5,82573
2021-05-27 10:09:01,6626.5,82623
2021-05-27 10:09:06,6626.55,82635
2021-05-27 10:09:10,6626.45,82638
2021-05-27 10:09:14,6626.45,82640
2021-05-27 10:09:22,6626.45,82640
2021-05-27 10:09:26,6626.45,82648
2021-05-27 10:09:30,6626.0,82734
2021-05-27 10:09:34,6626.0,82775
2021-05-27 10:09:38,6626.5,82784
2021-05-27 10:09:42,6626.65,82937
2021-05-27 10:09:46,6626.65,82980
2021-05-27 10:09:53,6626.55,82988
2021-05-27 10:09:57,6626.5,82998
2021-05-27 10:10:02,6629.0,83049
2021-05-27 10:10:06,6629.0,83061
2021-05-27 10:10:14,6628.65,83136
2021-05-27 10:10:18,6628.0,83144
2021-05-27 10:10:22,6626.45,83177
2021-05-27 10:10:26,6628.0,83221
2021-05-27 10:10:30,6628.0,83248
2021-05-27 10:10:34,6629.0,83278
2021-05-27 10:10:38,6628.0,83510
2021-05-27 10:10:47,6628.85,83544
2021-05-27 10:10:51,6628.85,83544
2021-05-27 10:10:55,6627.45,83546
2021-05-27 10:11:08,6626.45,83591
2021-05-27 10:11:12,6627.45,83598
2021-05-27 10:11:16,6626.45,83620
2021-05-27 10:11:20,6626.0,83646
2021-05-27 10:11:24,6626.0,83648
2021-05-27 10:11:28,6626.0,83873
2021-05-27 10:11:36,6625.9,83947
2021-05-27 10:11:40,6625.6,83994
2021-05-27 10:11:46,6625.6,84038
2021-05-27 10:11:47,6625.6,84066
2021-05-27 10:11:48,6626.15,84067
2021-05-27 10:11:49,6626.15,84068
2021-05-27 10:11:50,6626.15,84068
2021-05-27 10:11:51,6626.15,84068
2021-05-27 10:11:52,6626.15,84068
2021-05-27 10:11:53,6626.15,84068
2021-05-27 10:11:55,6625.35,84122
2021-05-27 10:11:56,6625.35,84122
2021-05-27 10:11:57,6625.75,84419
2021-05-27 10:11:57,6621.45,84615
2021-05-27 10:11:58,6625.05,84780
2021-05-27 10:11:59,6620.05,84818
2021-05-27 10:12:01,6620.05,84830
2021-05-27 10:12:03,6620.05,84832
2021-05-27 10:12:04,6620.05,84832
2021-05-27 10:12:06,6622.75,84833
2021-05-27 10:12:08,6622.75,84833
2021-05-27 10:12:09,6622.75,84833
2021-05-27 10:12:10,6622.75,84833
2021-05-27 10:12:11,6622.75,84833
2021-05-27 10:12:12,6621.05,84834
2021-05-27 10:12:13,6621.05,84834
2021-05-27 10:12:14,6621.0,84848
2021-05-27 10:12:18,6622.65,84871
2021-05-27 10:12:19,6622.65,84871
2021-05-27 10:12:20,6621.0,84872
2021-05-27 10:12:21,6621.0,84872
2021-05-27 10:12:22,6621.0,84872
2021-05-27 10:12:23,6621.0,84872
2021-05-27 10:12:24,6621.0,84900
2021-05-27 10:12:26,6620.5,85278
2021-05-27 10:12:27,6618.0,85420
2021-05-27 10:12:28,6619.8,85428
2021-05-27 10:12:29,6619.8,85428
2021-05-27 10:12:31,6619.6,85444
2021-05-27 10:12:32,6619.6,85445
2021-05-27 10:12:33,6619.6,85445
2021-05-27 10:12:35,6619.2,85477
2021-05-27 10:12:34,6617.0,85475
2021-05-27 10:12:36,6617.0,85480
2021-05-27 10:12:37,6619.65,85482
2021-05-27 10:12:38,6619.65,85482
2021-05-27 10:12:40,6619.2,85585
2021-05-27 10:12:41,6619.2,85585
2021-05-27 10:12:42,6619.2,85585
2021-05-27 10:12:43,6619.2,85585
2021-05-27 10:12:44,6619.2,85585
2021-05-27 10:12:45,6619.2,85585
2021-05-27 10:12:46,6619.2,85585
2021-05-27 10:12:47,6619.2,85585
2021-05-27 10:12:48,6618.95,85592
2021-05-27 10:12:49,6618.95,85643
2021-05-27 10:12:51,6618.95,85668
2021-05-27 10:12:52,6618.95,85698
2021-05-27 10:12:53,6619.0,85762
2021-05-27 10:12:54,6619.2,85795
2021-05-27 10:12:55,6619.2,85809
2021-05-27 10:12:56,6619.2,85809
2021-05-27 10:12:57,6619.2,85809
2021-05-27 10:12:58,6617.0,85812
2021-05-27 10:12:59,6619.15,85813
2021-05-27 10:13:00,6617.0,85834
2021-05-27 10:13:01,6618.9,85835
2021-05-27 10:13:02,6618.9,85835
2021-05-27 10:13:03,6618.9,85848
2021-05-27 10:13:04,6618.9,85848
2021-05-27 10:13:05,6618.9,85873
2021-05-27 10:13:06,6619.2,85875
2021-05-27 10:13:07,6619.2,85875
2021-05-27 10:13:08,6619.2,85875
2021-05-27 10:13:09,6619.2,85875
2021-05-27 10:13:10,6617.0,85950
2021-05-27 10:13:11,6619.2,85953
2021-05-27 10:13:12,6619.15,86005
2021-05-27 10:13:13,6616.15,86057
2021-05-27 10:13:14,6618.0,86063
2021-05-27 10:13:15,6618.0,86063
2021-05-27 10:13:17,6618.0,86065
2021-05-27 10:13:16,6618.0,86065
2021-05-27 10:13:18,6618.0,86075
2021-05-27 10:13:19,6618.0,86076
2021-05-27 10:13:20,6617.0,86077
2021-05-27 10:13:21,6617.0,86078
2021-05-27 10:13:22,6617.0,86078
2021-05-27 10:13:23,6617.0,86078
2021-05-27 10:13:24,6618.55,86096
2021-05-27 10:13:25,6618.9,86097
2021-05-27 10:13:26,6618.9,86098
2021-05-27 10:13:28,6617.95,86171
2021-05-27 10:13:29,6617.0,86188
2021-05-27 10:13:30,6617.0,86200
2021-05-27 10:13:31,6617.0,86286
2021-05-27 10:13:32,6617.75,86288
2021-05-27 10:13:33,6617.75,86288
2021-05-27 10:13:36,6617.0,86350
2021-05-27 10:13:35,6617.8,86290
2021-05-27 10:13:37,6617.8,86352
2021-05-27 10:13:38,6620.9,86739
2021-05-27 10:13:39,6621.5,86758
2021-05-27 10:13:40,6617.75,86762
2021-05-27 10:13:41,6617.75,86762
2021-05-27 10:13:42,6620.0,86764
2021-05-27 10:13:43,6620.0,86764
2021-05-27 10:13:44,6620.0,86764
2021-05-27 10:13:45,6620.0,86764
2021-05-27 10:13:46,6620.0,86764
2021-05-27 10:13:47,6620.0,86764
2021-05-27 10:13:48,6620.0,86764
2021-05-27 10:13:49,6619.95,86766
2021-05-27 10:13:50,6619.95,86766
2021-05-27 10:13:51,6619.95,86766
2021-05-27 10:13:52,6619.95,86766
2021-05-27 10:13:53,6619.95,86766
2021-05-27 10:13:54,6619.95,86766
2021-05-27 10:13:55,6618.0,86768
2021-05-27 10:13:56,6618.0,86769
2021-05-27 10:13:57,6619.95,86770
2021-05-27 10:13:58,6619.95,86770
2021-05-27 10:13:59,6619.95,86770
2021-05-27 10:14:00,6619.95,86770
2021-05-27 10:14:01,6619.95,86770
2021-05-27 10:14:02,6618.45,86775
2021-05-27 10:14:03,6619.6,86776
2021-05-27 10:14:04,6619.6,86776
2021-05-27 10:14:06,6619.6,86776
2021-05-27 10:14:07,6619.6,86776
2021-05-27 10:14:08,6619.6,86776
2021-05-27 10:14:09,6619.6,86786
2021-05-27 10:14:10,6619.6,86786
2021-05-27 10:14:11,6619.6,86786
2021-05-27 10:14:12,6619.6,86786
2021-05-27 10:14:13,6619.6,86789
2021-05-27 10:14:14,6618.9,86791
2021-05-27 10:14:15,6619.6,86793
2021-05-27 10:14:16,6619.6,86793
2021-05-27 10:14:17,6619.6,86793
2021-05-27 10:14:18,6619.6,86793
2021-05-27 10:14:19,6619.6,86793
2021-05-27 10:14:20,6619.6,86793
2021-05-27 10:14:21,6619.6,86793
2021-05-27 10:14:22,6619.4,86818
2021-05-27 10:14:23,6619.4,86819
2021-05-27 10:14:24,6619.4,86819
2021-05-27 10:14:26,6619.05,86821
2021-05-27 10:14:27,6619.05,86821
2021-05-27 10:14:28,6619.05,86821
2021-05-27 10:14:29,6619.6,86871
2021-05-27 10:14:30,6619.6,86874
2021-05-27 10:14:31,6619.6,86874
2021-05-27 10:14:32,6619.6,86874
2021-05-27 10:14:34,6619.05,86875
2021-05-27 10:14:35,6620.0,86995
2021-05-27 10:14:35,6621.0,87065
2021-05-27 10:14:37,6620.0,87095
2021-05-27 10:14:38,6623.35,87096
2021-05-27 10:14:39,6623.35,87096
2021-05-27 10:14:41,6623.35,87096
2021-05-27 10:14:42,6623.35,87096
2021-05-27 10:14:43,6622.6,87098
2021-05-27 10:14:44,6622.6,87098
2021-05-27 10:14:45,6622.6,87098
2021-05-27 10:14:46,6622.6,87098
2021-05-27 10:14:47,6622.6,87110
2021-05-27 10:14:48,6624.6,87111
2021-05-27 10:14:49,6624.6,87111
2021-05-27 10:14:50,6624.6,87111
2021-05-27 10:14:51,6624.6,87111
2021-05-27 10:14:52,6623.35,87113
2021-05-27 10:14:53,6623.35,87113
2021-05-27 10:14:54,6623.35,87113
2021-05-27 10:14:55,6623.35,87113
2021-05-27 10:14:56,6623.35,87113
2021-05-27 10:14:57,6623.35,87113
2021-05-27 10:14:58,6623.35,87113
2021-05-27 10:15:00,6623.75,87114
2021-05-27 10:15:01,6625.0,87120
2021-05-27 10:15:02,6625.0,87120
2021-05-27 10:15:02,6625.0,87120
2021-05-27 10:15:03,6625.0,87120
2021-05-27 10:15:04,6625.0,87120
2021-05-27 10:15:05,6625.0,87120
2021-05-27 10:15:06,6623.75,87125
2021-05-27 10:15:07,6623.75,87125
2021-05-27 10:15:08,6623.75,87125
2021-05-27 10:15:09,6623.75,87125
2021-05-27 10:15:10,6624.55,87126
2021-05-27 10:15:12,6624.55,87126
2021-05-27 10:15:13,6624.55,87126
2021-05-27 10:15:14,6623.75,87127
2021-05-27 10:15:15,6623.75,87127
2021-05-27 10:15:16,6623.75,87127
2021-05-27 10:15:18,6623.75,87127
2021-05-27 10:15:17,6623.75,87127
2021-05-27 10:15:19,6623.75,87127
2021-05-27 10:15:20,6623.75,87214
2021-05-27 10:15:21,6624.55,87224
2021-05-27 10:15:22,6624.55,87224
2021-05-27 10:15:24,6623.75,87230
2021-05-27 10:15:24,6620.45,87291
2021-05-27 10:15:25,6624.3,87294
2021-05-27 10:15:26,6620.6,87315
2021-05-27 10:15:27,6624.3,87316
2021-05-27 10:15:28,6624.3,87316
2021-05-27 10:15:29,6624.3,87316
2021-05-27 10:15:31,6621.6,87318
2021-05-27 10:15:32,6621.6,87343
2021-05-27 10:15:33,6624.2,87344
2021-05-27 10:15:34,6621.6,87374
2021-05-27 10:15:35,6621.6,87377
2021-05-27 10:15:36,6621.6,87377
2021-05-27 10:15:37,6621.6,87377
2021-05-27 10:15:38,6621.6,87377
2021-05-27 10:15:39,6621.6,87385
2021-05-27 10:15:40,6624.0,87388
2021-05-27 10:15:41,6621.6,87393
2021-05-27 10:15:42,6621.6,87393
2021-05-27 10:15:43,6621.6,87395
2021-05-27 10:15:45,6620.2,87498
2021-05-27 10:15:45,6623.7,87503
2021-05-27 10:15:46,6623.7,87503
2021-05-27 10:15:47,6623.7,87503
2021-05-27 10:15:49,6623.7,87503
2021-05-27 10:15:50,6620.55,87505
2021-05-27 10:15:51,6620.55,87505
2021-05-27 10:15:51,6620.55,87505
2021-05-27 10:15:52,6620.55,87505
2021-05-27 10:15:53,6621.0,87506
2021-05-27 10:15:54,6621.35,87527
2021-05-27 10:15:55,6620.1,87548
2021-05-27 10:15:56,6623.6,87550
2021-05-27 10:15:57,6623.6,87550
2021-05-27 10:15:58,6623.6,87550
2021-05-27 10:15:59,6623.6,87550
2021-05-27 10:16:00,6620.0,87634
2021-05-27 10:16:02,6623.05,87638
2021-05-27 10:16:03,6623.05,87638
2021-05-27 10:16:03,6623.05,87638
2021-05-27 10:16:05,6623.05,87638
2021-05-27 10:16:06,6623.05,87638
2021-05-27 10:16:07,6623.05,87638
2021-05-27 10:16:08,6620.4,87639
2021-05-27 10:16:09,6620.4,87639
2021-05-27 10:16:10,6620.35,87689
2021-05-27 10:16:11,6622.9,87692
2021-05-27 10:16:12,6622.9,87692
2021-05-27 10:16:13,6622.9,87692
2021-05-27 10:16:14,6622.9,87692
2021-05-27 10:16:15,6620.05,87698
2021-05-27 10:16:16,6620.05,87698
2021-05-27 10:16:18,6620.05,87698
2021-05-27 10:16:20,6620.25,87700
2021-05-27 10:16:20,6620.05,87698
2021-05-27 10:16:21,6620.25,87700
2021-05-27 10:16:22,6620.25,87700
2021-05-27 10:16:23,6620.25,87700
2021-05-27 10:16:24,6620.75,87701
2021-05-27 10:16:25,6620.75,87706
2021-05-27 10:16:26,6620.75,87722
2021-05-27 10:16:27,6620.25,87724
2021-05-27 10:16:29,6620.25,87724
2021-05-27 10:16:30,6620.25,87745
2021-05-27 10:16:31,6622.05,87749
2021-05-27 10:16:32,6622.05,87750
2021-05-27 10:16:33,6622.05,87750
2021-05-27 10:16:34,6622.05,87750
2021-05-27 10:16:35,6622.05,87750
2021-05-27 10:16:37,6622.05,87750
2021-05-27 10:16:37,6622.05,87750
2021-05-27 10:16:38,6620.25,87752
2021-05-27 10:16:39,6620.25,87752
2021-05-27 10:16:40,6620.25,87752
2021-05-27 10:16:41,6620.25,87754
2021-05-27 10:16:43,6620.25,87754
2021-05-27 10:16:44,6621.15,87812
2021-05-27 10:16:44,6620.0,87809
2021-05-27 10:16:45,6621.15,87812
2021-05-27 10:16:46,6621.15,87812
2021-05-27 10:16:47,6620.0,87813
2021-05-27 10:16:48,6620.0,87813
2021-05-27 10:16:49,6620.0,87813
2021-05-27 10:16:50,6620.1,87878
2021-05-27 10:16:51,6620.95,87881
2021-05-27 10:16:52,6620.95,87881
2021-05-27 10:16:53,6620.95,87881
2021-05-27 10:16:55,6619.3,87899
2021-05-27 10:16:55,6620.95,87900
2021-05-27 10:16:56,6619.3,87908
2021-05-27 10:16:57,6620.9,87909
2021-05-27 10:16:58,6619.3,87914
2021-05-27 10:17:00,6619.3,87914
2021-05-27 10:17:01,6620.9,87915
2021-05-27 10:17:02,6620.9,87915
2021-05-27 10:17:02,6620.9,87915
2021-05-27 10:17:03,6620.9,87915
2021-05-27 10:17:05,6619.3,87917
2021-05-27 10:17:06,6619.3,87943
2021-05-27 10:17:07,6620.9,88044
2021-05-27 10:17:08,6619.3,88049
2021-05-27 10:17:10,6619.3,88050
2021-05-27 10:17:11,6619.3,88050
2021-05-27 10:17:12,6619.3,88050
2021-05-27 10:17:13,6619.3,88099
2021-05-27 10:17:13,6619.3,88097
2021-05-27 10:17:14,6619.3,88125
2021-05-27 10:17:15,6620.0,88195
2021-05-27 10:17:16,6620.0,88199
2021-05-27 10:17:17,6620.0,88199
2021-05-27 10:17:18,6619.4,88202
2021-05-27 10:17:19,6619.95,88203
2021-05-27 10:17:20,6619.95,88203
2021-05-27 10:17:21,6619.5,88213
2021-05-27 10:17:22,6619.55,88214
2021-05-27 10:17:23,6619.5,88228
2021-05-27 10:17:25,6619.5,88236
2021-05-27 10:17:26,6619.5,88236
2021-05-27 10:17:27,6619.5,88236
2021-05-27 10:17:28,6619.6,88493
2021-05-27 10:17:28,6620.0,88475
2021-05-27 10:17:29,6619.1,88498
2021-05-27 10:17:31,6619.1,88498
2021-05-27 10:17:32,6619.1,88498
2021-05-27 10:17:34,6620.0,88541
2021-05-27 10:17:35,6619.95,88543
2021-05-27 10:17:36,6619.1,88545
2021-05-27 10:17:37,6619.1,88545
2021-05-27 10:17:37,6619.1,88545
2021-05-27 10:17:38,6619.1,88545
2021-05-27 10:17:39,6619.1,88545
2021-05-27 10:17:40,6619.1,88545
2021-05-27 10:17:41,6619.1,88545
2021-05-27 10:17:42,6619.1,88547
2021-05-27 10:17:44,6619.95,88550
2021-05-27 10:17:45,6619.95,88550
2021-05-27 10:17:46,6619.95,88550
2021-05-27 10:17:47,6619.1,88552
2021-05-27 10:17:48,6619.1,88554
2021-05-27 10:17:50,6619.1,88554
2021-05-27 10:17:51,6619.1,88554
2021-05-27 10:17:52,6619.0,88579
2021-05-27 10:17:53,6619.0,88592
2021-05-27 10:17:53,6619.55,88593
2021-05-27 10:17:54,6619.0,88595
2021-05-27 10:17:55,6619.0,88595
2021-05-27 10:17:56,6619.0,88601
2021-05-27 10:17:57,6619.1,88618
2021-05-27 10:18:00,6619.1,88618
2021-05-27 10:18:02,6619.1,88619
2021-05-27 10:18:03,6619.1,88620
2021-05-27 10:18:03,6619.55,88621
2021-05-27 10:18:04,6619.05,88622
2021-05-27 10:18:05,6619.05,88622
2021-05-27 10:18:06,6619.05,88622
2021-05-27 10:18:07,6616.95,90861
2021-05-27 10:18:08,6616.8,91363
2021-05-27 10:18:09,6613.65,91442
2021-05-27 10:18:10,6614.35,91501
2021-05-27 10:18:11,6617.1,91504
2021-05-27 10:18:13,6617.1,91504
2021-05-27 10:18:14,6614.35,91524
2021-05-27 10:18:15,6617.0,91525
2021-05-27 10:18:15,6617.0,91525
2021-05-27 10:18:16,6615.95,91625
2021-05-27 10:18:17,6614.35,91653
2021-05-27 10:18:18,6615.95,91707
2021-05-27 10:18:20,6615.0,91711
2021-05-27 10:18:20,6614.35,91836
2021-05-27 10:18:22,6614.75,91845
2021-05-27 10:18:23,6614.75,91845
2021-05-27 10:18:24,6614.75,91866
2021-05-27 10:18:24,6618.15,91867
2021-05-27 10:18:26,6618.15,91867
2021-05-27 10:18:26,6618.15,91867
2021-05-27 10:18:27,6618.15,91867
2021-05-27 10:18:28,6614.75,91872
2021-05-27 10:18:29,6614.75,91872
2021-05-27 10:18:30,6614.75,91872
2021-05-27 10:18:31,6614.75,91872
2021-05-27 10:18:32,6614.75,91872
2021-05-27 10:18:33,6617.4,91879
2021-05-27 10:18:35,6614.55,91900
2021-05-27 10:18:36,6614.6,91903
2021-05-27 10:18:38,6614.6,91903
2021-05-27 10:18:39,6614.6,91903
2021-05-27 10:18:40,6617.65,91904
2021-05-27 10:18:40,6614.6,91906
2021-05-27 10:18:41,6614.6,91906
2021-05-27 10:18:42,6614.6,91906
2021-05-27 10:18:43,6614.6,91906
2021-05-27 10:18:45,6614.6,91906
2021-05-27 10:18:46,6614.6,91906
2021-05-27 10:18:47,6613.65,92026
2021-05-27 10:18:48,6613.1,92074
2021-05-27 10:18:49,6613.0,92125
2021-05-27 10:18:50,6616.8,92127
2021-05-27 10:18:50,6616.8,92127
2021-05-27 10:18:52,6616.8,92127
2021-05-27 10:18:53,6616.8,92127
2021-05-27 10:18:55,6616.8,92127
2021-05-27 10:18:56,6613.05,92128
2021-05-27 10:18:57,6613.05,92173
2021-05-27 10:18:58,6613.05,92175
2021-05-27 10:18:59,6612.95,92176
2021-05-27 10:19:00,6612.3,92177
2021-05-27 10:19:01,6612.3,92177
2021-05-27 10:19:02,6612.0,92390
2021-05-27 10:19:03,6616.9,92563
2021-05-27 10:19:03,6616.75,92572
2021-05-27 10:19:04,6616.75,92572
2021-05-27 10:19:05,6616.7,92573
2021-05-27 10:19:06,6616.7,92573
2021-05-27 10:19:07,6613.9,92583
2021-05-27 10:19:08,6616.4,92584
2021-05-27 10:19:09,6613.8,92587
2021-05-27 10:19:11,6613.8,92603
2021-05-27 10:19:12,6612.8,92620
2021-05-27 10:19:13,6612.0,92628
2021-05-27 10:19:14,6612.0,92650
2021-05-27 10:19:15,6615.0,92651
2021-05-27 10:19:15,6615.0,92651
2021-05-27 10:19:16,6615.0,92651
2021-05-27 10:19:17,6615.0,92651
2021-05-27 10:19:18,6613.8,92654
2021-05-27 10:19:19,6613.8,92654
2021-05-27 10:19:20,6613.8,92654
2021-05-27 10:19:21,6613.8,92654
2021-05-27 10:19:23,6613.8,92654
2021-05-27 10:19:24,6613.8,92674
2021-05-27 10:19:25,6614.95,92675
2021-05-27 10:19:26,6614.95,92676
2021-05-27 10:19:27,6614.95,92676
2021-05-27 10:19:28,6614.95,92680
2021-05-27 10:19:29,6614.95,92680
2021-05-27 10:19:30,6614.95,92680
2021-05-27 10:19:31,6614.95,92680
2021-05-27 10:19:31,6614.95,92680
2021-05-27 10:19:32,6614.95,92681
2021-05-27 10:19:33,6614.95,92681
2021-05-27 10:19:35,6614.95,92681
2021-05-27 10:19:36,6613.8,92702
2021-05-27 10:19:37,6612.8,92714
2021-05-27 10:19:39,6614.7,92717
2021-05-27 10:19:40,6614.7,92717
2021-05-27 10:19:40,6614.7,92717
2021-05-27 10:19:41,6614.7,92717
2021-05-27 10:19:42,6614.7,92717
2021-05-27 10:19:43,6612.5,92748
2021-05-27 10:19:44,6614.7,92749
2021-05-27 10:19:45,6614.7,92754
2021-05-27 10:19:46,6614.7,92754
2021-05-27 10:19:47,6612.5,92769
2021-05-27 10:19:48,6614.7,92770
2021-05-27 10:19:49,6614.7,92770
2021-05-27 10:19:50,6614.7,92780
2021-05-27 10:19:51,6614.7,92781
2021-05-27 10:19:52,6614.7,92781
2021-05-27 10:19:53,6614.7,92781
2021-05-27 10:19:54,6614.7,92781
2021-05-27 10:19:55,6614.7,92781
2021-05-27 10:19:57,6612.9,92782
2021-05-27 10:19:58,6612.9,92782
2021-05-27 10:19:59,6613.7,92822
2021-05-27 10:20:00,6614.45,93024
2021-05-27 10:20:01,6617.0,93026
2021-05-27 10:20:02,6613.4,93236
2021-05-27 10:20:03,6612.9,93267
2021-05-27 10:20:04,6616.8,93268
2021-05-27 10:20:05,6617.25,93343
2021-05-27 10:20:07,6617.2,93347
2021-05-27 10:20:08,6617.2,93347
2021-05-27 10:20:09,6617.2,93347
2021-05-27 10:20:10,6617.2,93347
2021-05-27 10:20:11,6618.0,93357
2021-05-27 10:20:12,6617.95,93358
2021-05-27 10:20:14,6617.95,93358
2021-05-27 10:20:13,6617.95,93358
2021-05-27 10:20:15,6617.95,93358
2021-05-27 10:20:16,6615.0,93360
2021-05-27 10:20:17,6615.0,93360
2021-05-27 10:20:18,6615.0,93360
2021-05-27 10:20:18,6615.0,93360
2021-05-27 10:20:19,6615.0,93360
2021-05-27 10:20:20,6617.5,93361
2021-05-27 10:20:21,6614.35,93383
2021-05-27 10:20:22,6617.5,93384
2021-05-27 10:20:23,6617.5,93384
2021-05-27 10:20:24,6617.5,93384
2021-05-27 10:20:25,6617.5,93384
2021-05-27 10:20:26,6617.5,93384
2021-05-27 10:20:28,6617.5,93384
2021-05-27 10:20:29,6617.5,93384
2021-05-27 10:20:30,6617.5,93384
2021-05-27 10:20:31,6617.5,93384
2021-05-27 10:20:32,6617.5,93384
2021-05-27 10:20:33,6617.5,93384
2021-05-27 10:20:34,6613.85,93420
2021-05-27 10:20:34,6617.4,93422
2021-05-27 10:20:35,6617.4,93422
2021-05-27 10:20:36,6617.4,93422
2021-05-27 10:20:37,6617.4,93422
2021-05-27 10:20:38,6617.4,93422
2021-05-27 10:20:39,6617.4,93422
2021-05-27 10:20:40,6617.4,93422
2021-05-27 10:20:42,6617.4,93422
2021-05-27 10:20:42,6617.4,93422
2021-05-27 10:20:43,6617.4,93422
2021-05-27 10:20:44,6618.0,93550
2021-05-27 10:20:45,6619.0,93556
2021-05-27 10:20:46,6619.0,93557
2021-05-27 10:20:48,6619.0,93557
2021-05-27 10:20:49,6619.0,93558
2021-05-27 10:20:50,6616.2,93560
2021-05-27 10:20:51,6620.0,93610
2021-05-27 10:20:52,6616.45,93629
2021-05-27 10:20:54,6616.45,93632
2021-05-27 10:20:55,6616.45,93632
2021-05-27 10:20:57,6619.95,93642
2021-05-27 10:20:58,6620.0,93643
2021-05-27 10:21:00,6616.95,93645
2021-05-27 10:21:01,6616.9,93647
2021-05-27 10:21:02,6616.05,93697
2021-05-27 10:21:03,6619.95,93700
2021-05-27 10:21:04,6619.95,93700
2021-05-27 10:21:04,6619.95,93700
2021-05-27 10:21:05,6619.95,93700
2021-05-27 10:21:07,6619.95,93700
2021-05-27 10:21:08,6619.95,93700
2021-05-27 10:21:10,6619.95,93700
2021-05-27 10:21:12,6619.55,93706
2021-05-27 10:21:13,6618.25,93713
2021-05-27 10:21:14,6618.25,93713
2021-05-27 10:21:15,6618.25,93713
2021-05-27 10:21:18,6618.25,93713
2021-05-27 10:21:19,6618.25,93713
2021-05-27 10:21:19,6618.25,93713
2021-05-27 10:21:20,6618.25,93715
2021-05-27 10:21:22,6618.25,93720
2021-05-27 10:21:24,6618.25,93724
2021-05-27 10:21:26,6618.25,93724
2021-05-27 10:21:27,6615.75,93726
2021-05-27 10:21:31,6619.1,93741
2021-05-27 10:21:32,6615.75,93745
2021-05-27 10:21:33,6615.75,93745
2021-05-27 10:21:34,6617.2,93874
2021-05-27 10:21:35,6615.0,93895
2021-05-27 10:21:36,6614.95,93897
2021-05-27 10:21:37,6614.7,93898
2021-05-27 10:21:38,6614.7,93898
2021-05-27 10:21:39,6614.2,93949
2021-05-27 10:21:40,6614.45,93951
2021-05-27 10:21:41,6614.45,93951
2021-05-27 10:21:42,6614.45,93964
2021-05-27 10:21:42,6613.0,93963
2021-05-27 10:21:43,6614.45,93974
2021-05-27 10:21:45,6614.45,93974
2021-05-27 10:21:46,6614.45,93974
2021-05-27 10:21:46,6614.45,93974
2021-05-27 10:21:48,6614.45,93974
2021-05-27 10:21:49,6614.45,93974
2021-05-27 10:21:50,6614.45,93974
2021-05-27 10:21:51,6613.0,93976
2021-05-27 10:21:52,6613.0,93987
2021-05-27 10:21:53,6613.0,93987
2021-05-27 10:21:54,6614.45,94002
2021-05-27 10:21:56,6614.45,94003
2021-05-27 10:21:57,6614.45,94003
2021-05-27 10:21:58,6614.45,94003
2021-05-27 10:21:59,6614.45,94003
2021-05-27 10:22:00,6614.45,94003
2021-05-27 10:22:01,6614.45,94039
2021-05-27 10:22:02,6614.45,94041
2021-05-27 10:22:03,6614.45,94041
2021-05-27 10:22:04,6614.45,94041
2021-05-27 10:22:05,6614.25,94043
2021-05-27 10:22:06,6614.45,94067
2021-05-27 10:22:07,6614.25,94068
2021-05-27 10:22:08,6614.25,94068
2021-05-27 10:22:09,6614.25,94068
2021-05-27 10:22:10,6614.25,94068
2021-05-27 10:22:11,6614.25,94068
2021-05-27 10:22:12,6614.25,94068
2021-05-27 10:22:13,6614.25,94070
2021-05-27 10:22:14,6614.25,94070
2021-05-27 10:22:15,6614.25,94070
2021-05-27 10:22:17,6614.25,94070
2021-05-27 10:22:18,6614.25,94070
2021-05-27 10:22:19,6613.05,94076
2021-05-27 10:22:20,6613.05,94076
2021-05-27 10:22:21,6613.9,94109
2021-05-27 10:22:22,6613.9,94111
2021-05-27 10:22:23,6613.9,94111
2021-05-27 10:22:24,6613.9,94134
2021-05-27 10:22:25,6613.9,94135
2021-05-27 10:22:26,6613.9,94135
2021-05-27 10:22:27,6613.9,94135
2021-05-27 10:22:27,6613.9,94135
2021-05-27 10:22:29,6613.4,94141
2021-05-27 10:22:30,6613.4,94141
2021-05-27 10:22:31,6613.4,94141
2021-05-27 10:22:32,6613.8,94205
2021-05-27 10:22:33,6615.0,94208
2021-05-27 10:22:34,6615.0,94209
2021-05-27 10:22:35,6615.0,94209
2021-05-27 10:22:36,6615.0,94209
2021-05-27 10:22:37,6615.0,94209
2021-05-27 10:22:38,6615.0,94209
2021-05-27 10:22:39,6615.0,94209
2021-05-27 10:22:40,6613.8,94214
2021-05-27 10:22:40,6613.8,94214
2021-05-27 10:22:41,6613.8,94214
2021-05-27 10:22:43,6614.4,94226
2021-05-27 10:22:44,6615.0,94241
2021-05-27 10:22:45,6618.1,94242
2021-05-27 10:22:46,6618.1,94242
2021-05-27 10:22:46,6618.1,94242
2021-05-27 10:22:48,6614.7,94244
2021-05-27 10:22:49,6614.7,94244
2021-05-27 10:22:50,6614.7,94244
2021-05-27 10:22:51,6614.7,94244
2021-05-27 10:22:52,6614.7,94244
2021-05-27 10:22:53,6614.7,94244
2021-05-27 10:22:54,6617.95,94246
2021-05-27 10:22:55,6617.95,94247
2021-05-27 10:22:56,6617.95,94270
2021-05-27 10:22:57,6617.95,94272
2021-05-27 10:22:58,6616.0,94291
2021-05-27 10:22:58,6617.9,94292
2021-05-27 10:22:59,6617.9,94292
2021-05-27 10:23:00,6617.9,94292
2021-05-27 10:23:02,6616.0,94297
2021-05-27 10:23:03,6616.0,94297
2021-05-27 10:23:05,6616.0,94297
2021-05-27 10:23:06,6616.0,94298
2021-05-27 10:23:07,6616.0,94298
2021-05-27 10:23:08,6617.85,94299
2021-05-27 10:23:10,6617.85,94299
2021-05-27 10:23:11,6617.85,94309
2021-05-27 10:23:12,6617.85,94310
2021-05-27 10:23:13,6617.85,94340
2021-05-27 10:23:14,6617.85,94341
2021-05-27 10:23:15,6617.85,94341
2021-05-27 10:23:16,6617.85,94341
2021-05-27 10:23:17,6617.85,94341
2021-05-27 10:23:18,6617.85,94341
2021-05-27 10:23:19,6617.85,94341
2021-05-27 10:23:20,6617.85,94341
2021-05-27 10:23:21,6616.0,94433
2021-05-27 10:23:22,6615.0,94440
2021-05-27 10:23:23,6615.0,94444
2021-05-27 10:23:24,6615.0,94480
2021-05-27 10:23:25,6613.9,94483
2021-05-27 10:23:26,6613.9,94493
2021-05-27 10:23:27,6615.0,94494
2021-05-27 10:23:28,6615.0,94494
2021-05-27 10:23:29,6615.0,94494
2021-05-27 10:23:30,6615.0,94494
2021-05-27 10:23:31,6615.0,94494
2021-05-27 10:23:33,6615.0,94494
2021-05-27 10:23:34,6615.0,94494
2021-05-27 10:23:35,6615.0,94494
2021-05-27 10:23:36,6615.0,94494
2021-05-27 10:23:37,6615.0,94494
2021-05-27 10:23:38,6615.0,94494
2021-05-27 10:23:39,6615.0,94494
2021-05-27 10:23:40,6615.0,94494
2021-05-27 10:23:41,6615.0,94496
2021-05-27 10:23:42,6615.0,94496
2021-05-27 10:23:43,6615.0,94496
2021-05-27 10:23:44,6613.9,94497
2021-05-27 10:23:45,6613.9,94497
2021-05-27 10:23:46,6613.9,94497
2021-05-27 10:23:47,6613.9,94497
2021-05-27 10:23:48,6613.9,94497
2021-05-27 10:23:49,6614.95,94517
2021-05-27 10:23:50,6614.95,94518
2021-05-27 10:23:51,6615.0,94618
2021-05-27 10:23:52,6614.25,94642
2021-05-27 10:23:53,6614.95,94643
2021-05-27 10:23:54,6614.95,94647
2021-05-27 10:23:55,6614.95,94647
2021-05-27 10:23:56,6614.95,94647
2021-05-27 10:23:57,6614.8,94672
2021-05-27 10:23:58,6614.8,94674
2021-05-27 10:23:59,6615.0,94708
2021-05-27 10:24:00,6617.2,94710
2021-05-27 10:24:01,6617.2,94710
2021-05-27 10:24:02,6617.2,94710
2021-05-27 10:24:03,6615.0,94713
2021-05-27 10:24:04,6615.0,94713
2021-05-27 10:24:05,6615.0,94715
2021-05-27 10:24:06,6615.0,94719
2021-05-27 10:24:07,6615.0,94719
2021-05-27 10:24:08,6615.0,94719
2021-05-27 10:24:09,6615.0,94719
2021-05-27 10:24:10,6615.0,94719
2021-05-27 10:24:11,6614.45,94729
2021-05-27 10:24:12,6614.45,94731
2021-05-27 10:24:13,6614.45,94731
2021-05-27 10:24:14,6614.45,94731
2021-05-27 10:24:16,6616.75,94749
2021-05-27 10:24:18,6616.75,94750
2021-05-27 10:24:19,6616.75,94750
2021-05-27 10:24:20,6616.75,94750
2021-05-27 10:24:21,6616.75,94750
2021-05-27 10:24:22,6613.95,94762
2021-05-27 10:24:23,6613.9,94778
2021-05-27 10:24:24,6615.0,94779
2021-05-27 10:24:25,6615.0,94814
2021-05-27 10:24:26,6617.2,94816
2021-05-27 10:24:27,6617.2,94816
2021-05-27 10:24:28,6617.2,94858
2021-05-27 10:24:29,6615.9,94890
2021-05-27 10:24:30,6617.2,94892
2021-05-27 10:24:31,6617.2,94892
2021-05-27 10:24:32,6615.9,94893
2021-05-27 10:24:33,6615.9,94893
2021-05-27 10:24:34,6615.9,94893
2021-05-27 10:24:35,6615.9,94893
2021-05-27 10:24:36,6615.0,94910
2021-05-27 10:24:37,6617.15,94911
2021-05-27 10:24:38,6617.15,94911
2021-05-27 10:24:39,6617.15,94911
2021-05-27 10:24:40,6617.15,94911
2021-05-27 10:24:41,6615.0,94922
2021-05-27 10:24:42,6615.0,94925
2021-05-27 10:24:43,6615.0,94928
2021-05-27 10:24:44,6617.15,94929
2021-05-27 10:24:46,6617.15,94929
2021-05-27 10:24:45,6617.15,94929
2021-05-27 10:24:47,6615.65,94944
2021-05-27 10:24:48,6615.65,94944
2021-05-27 10:24:49,6615.65,94944
2021-05-27 10:24:50,6615.65,94944
2021-05-27 10:24:51,6615.65,94944
2021-05-27 10:24:52,6615.65,94944
2021-05-27 10:24:53,6615.65,94944
2021-05-27 10:24:54,6615.65,94944
2021-05-27 10:24:55,6615.5,94970
2021-05-27 10:24:56,6618.2,95032
2021-05-27 10:24:57,6615.65,95039
2021-05-27 10:24:58,6615.65,95039
2021-05-27 10:24:59,6615.65,95039
2021-05-27 10:25:00,6615.65,95040
2021-05-27 10:25:02,6615.65,95040
2021-05-27 10:25:01,6615.65,95040
2021-05-27 10:25:03,6615.65,95040
2021-05-27 10:25:04,6615.65,95040
2021-05-27 10:25:05,6618.2,95161
2021-05-27 10:25:06,6615.5,95180
2021-05-27 10:25:08,6618.2,95195
2021-05-27 10:25:09,6618.2,95195
2021-05-27 10:25:10,6618.2,95195
2021-05-27 10:25:11,6614.75,95294
2021-05-27 10:25:12,6618.0,95375
2021-05-27 10:25:13,6614.95,95395
2021-05-27 10:25:14,6614.95,95417
2021-05-27 10:25:15,6618.0,95418
2021-05-27 10:25:16,6618.0,95418
2021-05-27 10:25:17,6618.0,95418
2021-05-27 10:25:18,6618.0,95419
2021-05-27 10:25:19,6615.0,95420
2021-05-27 10:25:21,6618.0,95421
2021-05-27 10:25:21,6618.0,95421
2021-05-27 10:25:22,6618.0,95421
2021-05-27 10:25:23,6618.0,95421
2021-05-27 10:25:24,6617.95,95586
2021-05-27 10:25:25,6615.25,95609
2021-05-27 10:25:26,6618.0,95656
2021-05-27 10:25:27,6618.0,95664
2021-05-27 10:25:28,6618.0,95664
2021-05-27 10:25:29,6618.0,95664
2021-05-27 10:25:30,6618.0,95664
2021-05-27 10:25:31,6617.9,95764
2021-05-27 10:25:32,6614.75,95794
2021-05-27 10:25:33,6614.7,95804
2021-05-27 10:25:34,6614.7,95804
2021-05-27 10:25:35,6617.75,95829
2021-05-27 10:25:36,6617.75,95831
2021-05-27 10:25:37,6617.75,95831
2021-05-27 10:25:38,6615.2,95833
2021-05-27 10:25:42,6615.2,95833
2021-05-27 10:25:43,6615.2,95833
2021-05-27 10:25:43,6615.2,95833
2021-05-27 10:25:45,6615.2,95833
2021-05-27 10:25:45,6615.65,95843
2021-05-27 10:25:47,6617.0,95907
2021-05-27 10:25:47,6614.1,95904
2021-05-27 10:25:48,6617.0,95907
2021-05-27 10:25:49,6614.75,95915
2021-05-27 10:25:50,6617.0,95941
2021-05-27 10:25:51,6615.2,95942
2021-05-27 10:25:53,6615.2,95942
2021-05-27 10:25:54,6615.2,95942
2021-05-27 10:25:55,6615.2,95942
2021-05-27 10:25:56,6615.2,95942
2021-05-27 10:25:57,6613.75,95947
2021-05-27 10:25:58,6613.75,95947
2021-05-27 10:25:59,6613.75,95947
2021-05-27 10:26:00,6616.35,96047
2021-05-27 10:26:01,6615.15,96052
2021-05-27 10:26:02,6615.15,96053
2021-05-27 10:26:03,6615.15,96053
2021-05-27 10:26:04,6615.15,96053
2021-05-27 10:26:06,6615.15,96053
2021-05-27 10:26:08,6613.75,96061
2021-05-27 10:26:11,6617.0,96130
2021-05-27 10:26:11,6613.8,96137
2021-05-27 10:26:12,6613.8,96137
2021-05-27 10:26:13,6613.75,96154
2021-05-27 10:26:14,6616.1,96155
2021-05-27 10:26:15,6616.1,96155
2021-05-27 10:26:16,6613.75,96156
2021-05-27 10:26:17,6613.75,96160
2021-05-27 10:26:18,6613.75,96161
2021-05-27 10:26:19,6613.75,96161
2021-05-27 10:26:20,6613.75,96176
2021-05-27 10:26:21,6615.95,96177
2021-05-27 10:26:22,6615.95,96177
2021-05-27 10:26:24,6616.0,96271
2021-05-27 10:26:25,6615.0,96282
2021-05-27 10:26:26,6615.0,96282
2021-05-27 10:26:28,6614.3,96324
2021-05-27 10:26:28,6615.6,96326
2021-05-27 10:26:29,6615.55,96356
2021-05-27 10:26:30,6615.55,96359
2021-05-27 10:26:31,6613.75,96360
2021-05-27 10:26:32,6613.75,96360
2021-05-27 10:26:33,6613.75,96360
2021-05-27 10:26:34,6613.75,96360
2021-05-27 10:26:36,6613.5,96387
2021-05-27 10:26:37,6613.5,96387
2021-05-27 10:26:38,6613.5,96387
2021-05-27 10:26:41,6613.5,96387
2021-05-27 10:26:41,6613.5,96387
2021-05-27 10:26:42,6613.5,96387
2021-05-27 10:26:43,6613.5,96387
2021-05-27 10:26:44,6617.0,96487
2021-05-27 10:26:46,6613.6,96514
2021-05-27 10:26:47,6614.9,96515
2021-05-27 10:26:48,6614.9,96515
2021-05-27 10:26:49,6614.9,96516
2021-05-27 10:26:50,6614.9,96516
2021-05-27 10:26:51,6614.9,96516
2021-05-27 10:26:52,6614.9,96516
2021-05-27 10:26:53,6614.9,96520
2021-05-27 10:26:54,6614.1,96521
2021-05-27 10:26:55,6614.1,96521
2021-05-27 10:26:57,6614.1,96521
2021-05-27 10:26:58,6614.1,96521
2021-05-27 10:26:59,6614.1,96526
2021-05-27 10:27:00,6614.1,96526
2021-05-27 10:27:02,6617.35,96586
2021-05-27 10:27:02,6614.9,96589
2021-05-27 10:27:03,6614.9,96591
2021-05-27 10:27:04,6617.75,96616
2021-05-27 10:27:05,6617.65,96617
2021-05-27 10:27:07,6614.5,96628
2021-05-27 10:27:07,6617.4,96629
2021-05-27 10:27:08,6617.4,96629
2021-05-27 10:27:09,6617.4,96629
2021-05-27 10:27:10,6617.4,96629
2021-05-27 10:27:11,6617.4,96629
2021-05-27 10:27:12,6617.4,96629
2021-05-27 10:27:13,6614.55,96631
2021-05-27 10:27:15,6614.55,96631
2021-05-27 10:27:17,6614.55,96631
2021-05-27 10:27:17,6614.55,96631
2021-05-27 10:27:20,6617.0,96636
2021-05-27 10:27:21,6617.0,96636
2021-05-27 10:27:22,6617.0,96636
2021-05-27 10:27:23,6617.0,96636
