timestamp,ltp,volume
2021-06-08 09:15:54,5781.3,63420
2021-06-08 09:15:55,5782.5,64349
2021-06-08 09:15:56,5781.25,65080
2021-06-08 09:15:57,5781.65,65276
2021-06-08 09:15:58,5784.5,65589
2021-06-08 09:15:59,5784.6,66156
2021-06-08 09:16:00,5781.3,69578
2021-06-08 09:16:01,5781.2,70112
2021-06-08 09:16:04,5783.95,70970
2021-06-08 09:16:05,5783.75,71095
2021-06-08 09:16:06,5784.0,71625
2021-06-08 09:16:07,5782.0,72131
2021-06-08 09:16:08,5784.25,72300
2021-06-08 09:16:09,5783.55,72661
2021-06-08 09:16:10,5783.95,73090
2021-06-08 09:16:11,5781.45,73279
2021-06-08 09:16:12,5784.5,74240
2021-06-08 09:16:13,5784.55,74703
2021-06-08 09:16:14,5783.2,75150
2021-06-08 09:16:15,5785.1,76977
2021-06-08 09:16:16,5783.05,77442
2021-06-08 09:16:17,5784.55,77918
2021-06-08 09:16:18,5782.55,78620
2021-06-08 09:16:19,5786.9,79082
2021-06-08 09:16:20,5784.4,79448
2021-06-08 09:16:22,5785.55,80035
2021-06-08 09:16:23,5785.0,80350
2021-06-08 09:16:24,5786.0,80694
2021-06-08 09:16:25,5787.0,80885
2021-06-08 09:16:26,5786.0,81570
2021-06-08 09:16:27,5786.0,81895
2021-06-08 09:16:29,5786.0,82142
2021-06-08 09:16:30,5782.2,87121
2021-06-08 09:16:31,5785.7,88028
2021-06-08 09:16:31,5782.55,87924
2021-06-08 09:16:32,5785.75,88375
2021-06-08 09:16:33,5784.55,92296
2021-06-08 09:16:34,5781.9,93077
2021-06-08 09:16:35,5778.4,96672
2021-06-08 09:16:37,5780.0,97606
2021-06-08 09:16:38,5770.05,102618
2021-06-08 09:16:39,5776.1,104582
2021-06-08 09:16:40,5780.0,104970
2021-06-08 09:16:41,5781.9,105169
2021-06-08 09:16:42,5779.95,105485
2021-06-08 09:16:43,5779.95,105932
2021-06-08 09:16:43,5782.0,105972
2021-06-08 09:16:44,5780.1,106143
2021-06-08 09:16:45,5780.15,106365
2021-06-08 09:16:47,5780.15,106733
2021-06-08 09:16:48,5780.15,107037
2021-06-08 09:16:49,5782.0,107277
2021-06-08 09:16:49,5781.9,107314
2021-06-08 09:16:51,5775.4,108743
2021-06-08 09:16:52,5776.1,108945
2021-06-08 09:16:53,5776.1,109118
2021-06-08 09:16:54,5776.1,109438
2021-06-08 09:16:56,5777.1,110238
2021-06-08 09:16:57,5777.5,110424
2021-06-08 09:16:58,5776.15,110678
2021-06-08 09:16:58,5776.1,110740
2021-06-08 09:16:59,5774.95,113529
2021-06-08 09:17:00,5773.05,113983
2021-06-08 09:17:02,5771.25,115928
2021-06-08 09:17:04,5769.95,117539
2021-06-08 09:17:05,5769.8,117876
2021-06-08 09:17:06,5767.9,118181
2021-06-08 09:17:08,5769.2,118983
2021-06-08 09:17:09,5769.0,119854
2021-06-08 09:17:09,5769.0,119854
2021-06-08 09:17:10,5767.85,119954
2021-06-08 09:17:11,5767.6,120123
2021-06-08 09:17:12,5766.9,120409
2021-06-08 09:17:13,5769.4,120659
2021-06-08 09:17:14,5767.85,120727
2021-06-08 09:17:15,5767.0,121015
2021-06-08 09:17:16,5769.4,121419
2021-06-08 09:17:17,5769.35,122203
2021-06-08 09:17:19,5770.0,122688
2021-06-08 09:17:21,5770.0,123271
2021-06-08 09:17:22,5769.75,123638
2021-06-08 09:17:22,5768.5,123617
2021-06-08 09:17:23,5771.0,123871
2021-06-08 09:17:24,5771.85,124063
2021-06-08 09:17:25,5769.45,124371
2021-06-08 09:17:26,5771.85,124509
2021-06-08 09:17:27,5772.4,124630
2021-06-08 09:17:29,5769.35,124803
2021-06-08 09:17:30,5769.6,125220
2021-06-08 09:17:31,5769.55,125698
2021-06-08 09:17:32,5769.35,125741
2021-06-08 09:17:33,5771.0,126050
2021-06-08 09:17:36,5771.0,126462
2021-06-08 09:17:38,5771.9,127099
2021-06-08 09:17:39,5771.65,127218
2021-06-08 09:17:39,5774.7,127228
2021-06-08 09:17:41,5774.7,127327
2021-06-08 09:17:42,5774.85,127455
2021-06-08 09:17:43,5774.6,127539
2021-06-08 09:17:44,5774.0,127667
2021-06-08 09:17:45,5774.85,129050
2021-06-08 09:17:46,5777.0,129496
2021-06-08 09:17:47,5779.05,130029
2021-06-08 09:17:48,5777.7,130232
2021-06-08 09:17:48,5779.8,130218
2021-06-08 09:17:49,5778.45,131628
2021-06-08 09:17:50,5778.65,132077
2021-06-08 09:17:52,5779.25,133004
2021-06-08 09:17:53,5777.75,133281
2021-06-08 09:17:54,5777.85,133574
2021-06-08 09:17:55,5780.0,133670
2021-06-08 09:17:56,5780.0,133803
2021-06-08 09:17:57,5779.0,134627
2021-06-08 09:17:58,5779.0,134791
2021-06-08 09:17:59,5780.0,134960
2021-06-08 09:18:00,5778.7,135121
2021-06-08 09:18:01,5779.0,135320
2021-06-08 09:18:02,5778.7,135828
2021-06-08 09:18:03,5779.0,136078
2021-06-08 09:18:04,5780.0,136751
2021-06-08 09:18:05,5780.0,137360
2021-06-08 09:18:06,5777.6,137676
2021-06-08 09:18:07,5777.25,137847
2021-06-08 09:18:08,5779.85,138089
2021-06-08 09:18:09,5779.7,138162
2021-06-08 09:18:09,5779.0,138204
2021-06-08 09:18:11,5780.0,138244
2021-06-08 09:18:12,5779.8,138437
2021-06-08 09:18:13,5779.4,138499
2021-06-08 09:18:14,5779.0,138995
2021-06-08 09:18:15,5780.0,139299
2021-06-08 09:18:16,5778.6,139463
2021-06-08 09:18:17,5780.0,139568
2021-06-08 09:18:18,5780.0,139590
2021-06-08 09:18:19,5779.4,139682
2021-06-08 09:18:19,5778.0,139692
2021-06-08 09:18:21,5779.75,141768
2021-06-08 09:18:22,5780.8,142109
2021-06-08 09:18:24,5779.55,142455
2021-06-08 09:18:25,5781.45,142893
2021-06-08 09:18:26,5782.0,143076
2021-06-08 09:18:27,5775.1,144496
2021-06-08 09:18:28,5778.6,145305
2021-06-08 09:18:29,5778.9,145579
2021-06-08 09:18:30,5778.3,145786
2021-06-08 09:18:31,5776.4,146775
2021-06-08 09:18:32,5779.0,147324
2021-06-08 09:18:32,5778.9,147344
2021-06-08 09:18:33,5780.0,148105
2021-06-08 09:18:35,5779.0,148479
2021-06-08 09:18:36,5777.3,148595
2021-06-08 09:18:37,5779.0,149123
2021-06-08 09:18:38,5778.7,149364
2021-06-08 09:18:39,5777.3,149431
2021-06-08 09:18:40,5776.6,149550
2021-06-08 09:18:41,5778.0,149843
2021-06-08 09:18:42,5776.8,150518
2021-06-08 09:18:42,5779.8,151193
2021-06-08 09:18:43,5778.2,151409
2021-06-08 09:18:45,5780.0,151502
2021-06-08 09:18:46,5779.0,151577
2021-06-08 09:18:47,5779.0,152295
2021-06-08 09:18:48,5778.9,152756
2021-06-08 09:18:49,5778.9,152806
2021-06-08 09:18:50,5778.9,152999
2021-06-08 09:18:51,5779.0,153219
2021-06-08 09:18:52,5779.0,153514
2021-06-08 09:18:53,5778.85,154614
2021-06-08 09:18:54,5776.9,154745
2021-06-08 09:18:54,5777.9,154810
2021-06-08 09:18:55,5777.0,154928
2021-06-08 09:18:56,5778.85,155525
2021-06-08 09:18:59,5778.85,155804
2021-06-08 09:19:00,5778.9,156001
2021-06-08 09:19:01,5778.9,156110
2021-06-08 09:19:03,5779.45,156302
2021-06-08 09:19:04,5779.0,156457
2021-06-08 09:19:05,5778.0,156833
2021-06-08 09:19:06,5779.15,157408
2021-06-08 09:19:07,5779.9,158179
2021-06-08 09:19:08,5780.55,158812
2021-06-08 09:19:09,5781.9,158868
2021-06-08 09:19:10,5782.95,159340
2021-06-08 09:19:11,5781.0,159386
2021-06-08 09:19:12,5782.8,159679
2021-06-08 09:19:13,5784.55,160149
2021-06-08 09:19:14,5785.0,160490
2021-06-08 09:19:14,5785.7,163810
2021-06-08 09:19:16,5786.0,165211
2021-06-08 09:19:17,5787.0,165957
2021-06-08 09:19:18,5787.8,166255
2021-06-08 09:19:19,5787.6,166739
2021-06-08 09:19:20,5787.45,167096
2021-06-08 09:19:20,5786.05,167046
2021-06-08 09:19:22,5787.5,167239
2021-06-08 09:19:23,5787.8,167632
2021-06-08 09:19:24,5787.2,167925
2021-06-08 09:19:24,5786.1,167969
2021-06-08 09:19:25,5787.8,168398
2021-06-08 09:19:27,5786.1,168640
2021-06-08 09:19:28,5786.35,170191
2021-06-08 09:19:29,5785.9,170441
2021-06-08 09:19:30,5784.9,171675
2021-06-08 09:19:31,5785.0,172215
2021-06-08 09:19:33,5785.95,172491
2021-06-08 09:19:34,5785.0,172522
2021-06-08 09:19:35,5785.75,172707
2021-06-08 09:19:36,5785.0,172884
2021-06-08 09:19:36,5785.0,172884
2021-06-08 09:19:38,5786.1,173095
2021-06-08 09:19:39,5785.0,173341
2021-06-08 09:19:40,5787.55,174186
2021-06-08 09:19:41,5785.75,174302
2021-06-08 09:19:42,5787.35,174477
2021-06-08 09:19:43,5785.0,175326
2021-06-08 09:19:45,5787.8,175559
2021-06-08 09:19:46,5787.8,175559
2021-06-08 09:19:47,5787.0,175640
2021-06-08 09:19:48,5785.05,175745
2021-06-08 09:19:49,5787.8,175801
2021-06-08 09:19:50,5787.85,176140
2021-06-08 09:19:51,5788.5,176776
2021-06-08 09:19:52,5786.7,177154
2021-06-08 09:19:53,5789.7,177317
2021-06-08 09:19:55,5787.6,177561
2021-06-08 09:19:56,5786.65,177759
2021-06-08 09:19:57,5788.0,177765
2021-06-08 09:19:58,5789.7,177908
2021-06-08 09:19:59,5789.3,178104
2021-06-08 09:20:01,5788.85,179287
2021-06-08 09:20:02,5787.9,179422
2021-06-08 09:20:04,5787.9,179803
2021-06-08 09:20:03,5788.95,179763
2021-06-08 09:20:05,5787.95,180409
2021-06-08 09:20:06,5787.9,180585
2021-06-08 09:20:07,5787.9,180790
2021-06-08 09:20:08,5789.3,180923
2021-06-08 09:20:09,5790.0,181503
2021-06-08 09:20:10,5790.0,181606
2021-06-08 09:20:11,5792.95,184332
2021-06-08 09:20:12,5793.0,184499
2021-06-08 09:20:13,5791.0,184768
2021-06-08 09:20:14,5794.0,185323
2021-06-08 09:20:15,5793.95,185412
2021-06-08 09:20:17,5791.65,185627
2021-06-08 09:20:16,5793.0,185517
2021-06-08 09:20:18,5793.5,185825
2021-06-08 09:20:19,5792.0,185889
2021-06-08 09:20:20,5792.7,186312
2021-06-08 09:20:21,5793.0,186576
2021-06-08 09:20:22,5792.75,187070
2021-06-08 09:20:23,5792.75,187312
2021-06-08 09:20:24,5795.0,187576
2021-06-08 09:20:25,5794.0,187883
2021-06-08 09:20:26,5795.7,188266
2021-06-08 09:20:27,5795.0,188312
2021-06-08 09:20:29,5794.95,188525
2021-06-08 09:20:30,5795.4,188793
2021-06-08 09:20:31,5792.0,193963
2021-06-08 09:20:32,5797.8,196498
2021-06-08 09:20:33,5798.0,196793
2021-06-08 09:20:34,5797.85,196802
2021-06-08 09:20:35,5798.0,197239
2021-06-08 09:20:36,5796.2,197442
2021-06-08 09:20:37,5798.2,197807
2021-06-08 09:20:38,5801.85,204292
2021-06-08 09:20:39,5803.7,207351
2021-06-08 09:20:40,5800.15,207734
2021-06-08 09:20:41,5803.35,208179
2021-06-08 09:20:42,5803.7,208759
2021-06-08 09:20:43,5801.5,209334
2021-06-08 09:20:44,5803.0,209817
2021-06-08 09:20:45,5801.8,210595
2021-06-08 09:20:47,5804.6,210872
2021-06-08 09:20:48,5801.0,211691
2021-06-08 09:20:49,5799.8,212934
2021-06-08 09:20:50,5798.5,213230
2021-06-08 09:20:51,5802.85,213729
2021-06-08 09:20:52,5800.25,213929
2021-06-08 09:20:53,5801.0,213983
2021-06-08 09:20:54,5802.85,214492
2021-06-08 09:20:55,5801.45,214871
2021-06-08 09:20:56,5801.75,215155
2021-06-08 09:20:58,5801.0,215590
2021-06-08 09:20:59,5801.2,215974
2021-06-08 09:21:00,5801.2,218771
2021-06-08 09:21:01,5798.6,219366
2021-06-08 09:21:02,5797.25,219612
2021-06-08 09:21:03,5795.0,220500
2021-06-08 09:21:04,5797.1,220733
2021-06-08 09:21:05,5796.6,221638
2021-06-08 09:21:06,5793.85,221898
2021-06-08 09:21:07,5793.9,221975
2021-06-08 09:21:08,5794.65,222066
2021-06-08 09:21:09,5792.0,222702
2021-06-08 09:21:10,5793.15,222775
2021-06-08 09:21:11,5794.1,222936
2021-06-08 09:21:12,5791.4,223118
2021-06-08 09:21:13,5791.35,223326
2021-06-08 09:21:14,5791.05,223666
2021-06-08 09:21:15,5793.85,223954
2021-06-08 09:21:16,5795.55,224115
2021-06-08 09:21:17,5796.4,224168
2021-06-08 09:21:18,5793.05,224597
2021-06-08 09:21:19,5794.3,224765
2021-06-08 09:21:20,5791.4,225212
2021-06-08 09:21:21,5795.6,226028
2021-06-08 09:21:22,5795.95,226439
2021-06-08 09:21:23,5795.0,226495
2021-06-08 09:21:24,5795.0,226627
2021-06-08 09:21:25,5794.75,226936
2021-06-08 09:21:26,5795.55,227012
2021-06-08 09:21:27,5793.85,227112
2021-06-08 09:21:28,5794.35,228600
2021-06-08 09:21:29,5794.35,228721
2021-06-08 09:21:30,5794.35,228722
2021-06-08 09:21:32,5794.95,229139
2021-06-08 09:21:34,5794.95,229413
2021-06-08 09:21:35,5793.85,229576
2021-06-08 09:21:36,5795.0,229731
2021-06-08 09:21:37,5794.7,229908
2021-06-08 09:21:38,5793.0,230166
2021-06-08 09:21:39,5794.0,230669
2021-06-08 09:21:40,5796.25,230960
2021-06-08 09:21:41,5794.35,230991
2021-06-08 09:21:42,5795.0,231076
2021-06-08 09:21:43,5794.0,231311
2021-06-08 09:21:44,5795.0,231611
2021-06-08 09:21:46,5795.0,232036
2021-06-08 09:21:46,5794.05,232042
2021-06-08 09:21:47,5795.0,232261
2021-06-08 09:21:48,5795.0,232379
2021-06-08 09:21:49,5796.0,232449
2021-06-08 09:21:50,5796.0,232495
2021-06-08 09:21:51,5796.15,233237
2021-06-08 09:21:52,5798.0,233298
2021-06-08 09:21:53,5796.7,233442
2021-06-08 09:21:54,5798.85,233473
2021-06-08 09:21:55,5796.7,233564
2021-06-08 09:21:56,5798.65,233581
2021-06-08 09:21:57,5796.7,233757
2021-06-08 09:21:59,5798.0,233824
2021-06-08 09:21:59,5798.8,234012
2021-06-08 09:22:01,5795.75,234294
2021-06-08 09:22:02,5799.0,234334
2021-06-08 09:22:03,5797.35,234399
2021-06-08 09:22:04,5797.35,234476
2021-06-08 09:22:05,5797.35,234585
2021-06-08 09:22:06,5798.85,235304
2021-06-08 09:22:07,5797.0,235460
2021-06-08 09:22:07,5797.5,235465
2021-06-08 09:22:08,5797.5,235489
2021-06-08 09:22:09,5799.0,235573
2021-06-08 09:22:10,5798.0,235642
2021-06-08 09:22:11,5798.9,235665
2021-06-08 09:22:12,5799.0,235783
2021-06-08 09:22:14,5798.9,236022
2021-06-08 09:22:15,5799.0,236610
2021-06-08 09:22:16,5797.9,236661
2021-06-08 09:22:17,5797.9,237315
2021-06-08 09:22:18,5797.5,238787
2021-06-08 09:22:19,5799.95,239027
2021-06-08 09:22:20,5798.0,239137
2021-06-08 09:22:21,5801.0,241105
2021-06-08 09:22:22,5801.0,241256
2021-06-08 09:22:25,5801.2,241720
2021-06-08 09:22:26,5801.45,241796
2021-06-08 09:22:28,5802.0,242068
2021-06-08 09:22:29,5800.05,242179
2021-06-08 09:22:30,5801.0,242228
2021-06-08 09:22:32,5801.95,242756
2021-06-08 09:22:32,5802.0,242887
2021-06-08 09:22:33,5802.0,243329
2021-06-08 09:22:34,5802.0,243491
2021-06-08 09:22:35,5801.0,243520
2021-06-08 09:22:37,5802.85,244437
2021-06-08 09:22:39,5803.0,244643
2021-06-08 09:22:39,5803.0,244664
2021-06-08 09:22:40,5803.0,244711
2021-06-08 09:22:41,5803.0,244966
2021-06-08 09:22:42,5802.05,245410
2021-06-08 09:22:43,5803.9,245520
2021-06-08 09:22:44,5804.0,245769
2021-06-08 09:22:45,5804.0,246113
2021-06-08 09:22:46,5802.0,246279
2021-06-08 09:22:47,5804.0,246438
2021-06-08 09:22:48,5803.0,246714
2021-06-08 09:22:49,5802.0,246848
2021-06-08 09:22:50,5801.0,247180
2021-06-08 09:22:51,5802.0,247270
2021-06-08 09:22:52,5801.0,247320
2021-06-08 09:22:53,5802.0,247333
2021-06-08 09:22:54,5802.05,247393
2021-06-08 09:22:55,5803.0,247451
2021-06-08 09:22:56,5802.0,247844
2021-06-08 09:22:58,5802.0,248172
2021-06-08 09:22:58,5802.0,248192
2021-06-08 09:22:59,5802.0,248338
2021-06-08 09:23:00,5802.0,248597
2021-06-08 09:23:02,5801.15,249143
2021-06-08 09:23:03,5803.55,249454
2021-06-08 09:23:04,5802.05,249730
2021-06-08 09:23:05,5802.0,249892
2021-06-08 09:23:06,5803.0,249957
2021-06-08 09:23:07,5802.0,250114
2021-06-08 09:23:08,5802.0,250241
2021-06-08 09:23:09,5804.0,250530
2021-06-08 09:23:11,5802.05,250586
2021-06-08 09:23:12,5801.0,251489
2021-06-08 09:23:12,5801.3,251504
2021-06-08 09:23:13,5802.0,251557
2021-06-08 09:23:14,5802.2,251722
2021-06-08 09:23:15,5803.45,251861
2021-06-08 09:23:16,5803.55,251961
2021-06-08 09:23:17,5802.0,252262
2021-06-08 09:23:18,5800.4,254855
2021-06-08 09:23:20,5799.0,255017
2021-06-08 09:23:20,5799.9,256268
2021-06-08 09:23:21,5798.8,257773
2021-06-08 09:23:22,5798.0,258129
2021-06-08 09:23:23,5795.7,259127
2021-06-08 09:23:24,5795.0,259271
2021-06-08 09:23:26,5797.0,259405
2021-06-08 09:23:27,5795.1,260356
2021-06-08 09:23:27,5795.7,260472
2021-06-08 09:23:28,5794.0,260785
2021-06-08 09:23:29,5794.0,260870
2021-06-08 09:23:30,5798.5,261217
2021-06-08 09:23:31,5798.65,261413
2021-06-08 09:23:33,5795.75,261597
2021-06-08 09:23:34,5796.05,261640
2021-06-08 09:23:35,5798.7,261703
2021-06-08 09:23:35,5798.75,261704
2021-06-08 09:23:36,5796.0,261796
2021-06-08 09:23:37,5798.6,261882
2021-06-08 09:23:38,5796.05,262156
2021-06-08 09:23:39,5796.75,262413
2021-06-08 09:23:40,5798.7,262528
2021-06-08 09:23:41,5798.8,262574
2021-06-08 09:23:42,5799.05,263512
2021-06-08 09:23:43,5800.0,263629
2021-06-08 09:23:44,5799.4,263787
2021-06-08 09:23:46,5799.5,263951
2021-06-08 09:23:47,5799.5,264033
2021-06-08 09:23:48,5801.6,264154
2021-06-08 09:23:49,5800.0,264274
2021-06-08 09:23:49,5799.85,264429
2021-06-08 09:23:50,5800.25,265553
2021-06-08 09:23:51,5803.0,265701
2021-06-08 09:23:52,5800.85,265773
2021-06-08 09:23:55,5801.3,266270
2021-06-08 09:23:56,5800.05,266296
2021-06-08 09:23:57,5802.35,266354
2021-06-08 09:23:58,5800.05,266443
2021-06-08 09:23:59,5799.0,266536
2021-06-08 09:24:00,5801.35,267711
2021-06-08 09:24:02,5801.75,267737
2021-06-08 09:24:03,5802.4,267920
2021-06-08 09:24:03,5800.0,267970
2021-06-08 09:24:04,5801.75,268032
2021-06-08 09:24:05,5798.8,268532
2021-06-08 09:24:06,5798.7,268623
2021-06-08 09:24:07,5801.8,268860
2021-06-08 09:24:08,5800.85,268870
2021-06-08 09:24:09,5800.85,269024
2021-06-08 09:24:11,5802.75,269303
2021-06-08 09:24:12,5801.95,269416
2021-06-08 09:24:12,5800.85,269455
2021-06-08 09:24:13,5802.0,270150
2021-06-08 09:24:14,5802.0,270264
2021-06-08 09:24:17,5800.0,272240
2021-06-08 09:24:18,5802.75,272492
2021-06-08 09:24:19,5802.0,272768
2021-06-08 09:24:20,5800.05,272867
2021-06-08 09:24:21,5799.55,273012
2021-06-08 09:24:22,5802.0,273261
2021-06-08 09:24:23,5799.8,273277
2021-06-08 09:24:24,5799.0,273506
2021-06-08 09:24:25,5801.55,273567
2021-06-08 09:24:27,5800.0,273699
2021-06-08 09:24:28,5800.0,273797
2021-06-08 09:24:28,5800.0,273762
2021-06-08 09:24:29,5800.0,273996
2021-06-08 09:24:30,5800.0,274130
2021-06-08 09:24:32,5799.8,275175
2021-06-08 09:24:33,5798.9,275191
2021-06-08 09:24:34,5797.0,277055
2021-06-08 09:24:35,5797.2,277281
2021-06-08 09:24:36,5798.5,277553
2021-06-08 09:24:37,5796.45,277581
2021-06-08 09:24:38,5798.85,277759
2021-06-08 09:24:39,5796.45,277859
2021-06-08 09:24:40,5798.7,277982
2021-06-08 09:24:41,5795.65,278575
2021-06-08 09:24:42,5794.1,278837
2021-06-08 09:24:43,5795.7,278867
2021-06-08 09:24:44,5794.0,278880
2021-06-08 09:24:45,5793.75,279182
2021-06-08 09:24:46,5795.2,279329
2021-06-08 09:24:47,5794.0,279437
2021-06-08 09:24:50,5794.0,279751
2021-06-08 09:24:49,5794.0,279666
2021-06-08 09:24:51,5795.0,279896
2021-06-08 09:24:53,5792.1,280075
2021-06-08 09:24:54,5792.3,280120
2021-06-08 09:24:54,5794.85,280123
2021-06-08 09:24:55,5793.9,280147
2021-06-08 09:24:56,5792.0,280214
2021-06-08 09:24:57,5793.8,280341
2021-06-08 09:24:58,5790.0,283242
2021-06-08 09:24:59,5790.0,283284
2021-06-08 09:25:00,5787.95,283324
2021-06-08 09:25:01,5787.95,283417
2021-06-08 09:25:02,5790.0,283454
2021-06-08 09:25:03,5790.0,283858
2021-06-08 09:25:04,5791.0,283938
2021-06-08 09:25:05,5790.0,284110
2021-06-08 09:25:07,5789.45,284154
2021-06-08 09:25:08,5788.25,284272
2021-06-08 09:25:08,5788.35,284322
2021-06-08 09:25:09,5788.05,284327
2021-06-08 09:25:10,5788.15,284347
2021-06-08 09:25:11,5787.9,284483
2021-06-08 09:25:12,5787.8,284664
2021-06-08 09:25:13,5787.0,284996
2021-06-08 09:25:14,5787.0,285020
2021-06-08 09:25:15,5787.0,285555
2021-06-08 09:25:16,5785.35,286023
2021-06-08 09:25:17,5785.0,286588
2021-06-08 09:25:18,5784.95,286712
2021-06-08 09:25:19,5787.0,286921
2021-06-08 09:25:20,5786.9,287118
2021-06-08 09:25:21,5786.45,287335
2021-06-08 09:25:22,5783.75,287555
2021-06-08 09:25:23,5783.4,287655
2021-06-08 09:25:24,5782.45,287775
2021-06-08 09:25:25,5782.95,287827
2021-06-08 09:25:26,5783.6,288691
2021-06-08 09:25:27,5786.9,288744
2021-06-08 09:25:29,5785.0,289047
2021-06-08 09:25:29,5786.25,289292
2021-06-08 09:25:30,5783.25,289323
2021-06-08 09:25:32,5783.15,289431
2021-06-08 09:25:33,5783.7,289540
2021-06-08 09:25:35,5782.9,290410
2021-06-08 09:25:36,5783.0,290700
2021-06-08 09:25:38,5782.1,291183
2021-06-08 09:25:39,5782.1,291235
2021-06-08 09:25:40,5782.1,291349
2021-06-08 09:25:40,5783.0,291359
2021-06-08 09:25:41,5784.4,291866
2021-06-08 09:25:42,5782.1,291895
2021-06-08 09:25:43,5782.9,292125
2021-06-08 09:25:44,5784.0,292272
2021-06-08 09:25:45,5783.0,292311
2021-06-08 09:25:46,5782.9,292438
2021-06-08 09:25:47,5782.9,292838
2021-06-08 09:25:48,5783.0,292887
2021-06-08 09:25:49,5783.0,293030
2021-06-08 09:25:50,5782.9,293146
2021-06-08 09:25:51,5783.0,293163
2021-06-08 09:25:52,5784.0,293442
2021-06-08 09:25:53,5783.0,293626
2021-06-08 09:25:55,5782.9,294450
2021-06-08 09:25:56,5782.05,294530
2021-06-08 09:25:58,5782.0,294552
2021-06-08 09:25:59,5782.8,294593
2021-06-08 09:25:59,5782.8,294607
2021-06-08 09:26:00,5782.0,294697
2021-06-08 09:26:01,5782.0,294713
2021-06-08 09:26:02,5780.05,296083
2021-06-08 09:26:04,5782.9,296437
2021-06-08 09:26:06,5780.3,296485
2021-06-08 09:26:07,5780.05,296572
2021-06-08 09:26:07,5780.0,297410
2021-06-08 09:26:09,5780.0,297534
2021-06-08 09:26:09,5780.0,297708
2021-06-08 09:26:11,5781.85,297784
2021-06-08 09:26:11,5780.0,297820
2021-06-08 09:26:12,5781.95,298207
2021-06-08 09:26:14,5781.95,298259
2021-06-08 09:26:14,5780.05,298394
2021-06-08 09:26:15,5778.5,298701
2021-06-08 09:26:16,5778.55,298772
2021-06-08 09:26:18,5780.95,298841
2021-06-08 09:26:19,5780.0,298857
2021-06-08 09:26:20,5779.4,299415
2021-06-08 09:26:21,5778.65,299525
2021-06-08 09:26:22,5779.95,299567
2021-06-08 09:26:23,5778.5,299662
2021-06-08 09:26:24,5778.05,299879
2021-06-08 09:26:25,5780.0,300033
2021-06-08 09:26:26,5778.9,300140
2021-06-08 09:26:27,5778.15,300349
2021-06-08 09:26:28,5780.0,300447
2021-06-08 09:26:29,5780.0,300464
2021-06-08 09:26:30,5778.0,300607
2021-06-08 09:26:31,5779.9,300743
2021-06-08 09:26:32,5778.0,300769
2021-06-08 09:26:33,5780.0,300819
2021-06-08 09:26:34,5778.05,301478
2021-06-08 09:26:35,5779.95,301628
2021-06-08 09:26:37,5780.95,301856
2021-06-08 09:26:38,5780.0,301988
2021-06-08 09:26:39,5779.9,301992
2021-06-08 09:26:40,5779.0,302288
2021-06-08 09:26:41,5778.35,302339
2021-06-08 09:26:42,5781.0,302962
2021-06-08 09:26:43,5779.4,303209
2021-06-08 09:26:44,5780.0,303413
2021-06-08 09:26:45,5778.9,303533
2021-06-08 09:26:46,5779.3,303706
2021-06-08 09:26:47,5780.65,303909
2021-06-08 09:26:48,5780.0,303923
2021-06-08 09:26:49,5780.9,303936
2021-06-08 09:26:50,5780.0,304062
2021-06-08 09:26:51,5779.6,304189
2021-06-08 09:26:52,5780.0,304400
2021-06-08 09:26:53,5781.55,304508
2021-06-08 09:26:54,5781.0,304561
2021-06-08 09:26:55,5781.95,304641
2021-06-08 09:26:56,5781.65,304669
2021-06-08 09:26:57,5780.0,304723
2021-06-08 09:26:58,5781.0,304753
2021-06-08 09:26:59,5781.0,304762
2021-06-08 09:27:00,5780.95,304943
2021-06-08 09:27:01,5783.0,305547
2021-06-08 09:27:02,5784.65,305635
2021-06-08 09:27:03,5782.15,305688
2021-06-08 09:27:04,5782.3,305950
2021-06-08 09:27:05,5782.35,305986
2021-06-08 09:27:06,5784.95,306033
2021-06-08 09:27:07,5785.0,306242
2021-06-08 09:27:08,5784.95,306405
2021-06-08 09:27:09,5785.0,306572
2021-06-08 09:27:10,5784.65,306722
2021-06-08 09:27:11,5783.05,306851
2021-06-08 09:27:12,5784.65,307016
2021-06-08 09:27:13,5784.95,307043
2021-06-08 09:27:14,5784.1,307253
2021-06-08 09:27:15,5786.0,307313
2021-06-08 09:27:16,5786.9,307374
2021-06-08 09:27:17,5786.0,307485
2021-06-08 09:27:18,5787.0,307565
2021-06-08 09:27:19,5785.0,307682
2021-06-08 09:27:20,5785.0,307685
2021-06-08 09:27:21,5787.65,308005
2021-06-08 09:27:22,5788.0,308023
2021-06-08 09:27:23,5789.15,308158
2021-06-08 09:27:24,5786.8,308227
2021-06-08 09:27:25,5789.2,308345
2021-06-08 09:27:26,5789.15,308360
2021-06-08 09:27:26,5789.15,308366
2021-06-08 09:27:27,5786.95,310644
2021-06-08 09:27:28,5787.6,310969
2021-06-08 09:27:29,5786.5,311216
2021-06-08 09:27:30,5787.0,311345
2021-06-08 09:27:31,5786.8,311406
2021-06-08 09:27:32,5787.65,311571
2021-06-08 09:27:34,5787.45,311737
2021-06-08 09:27:35,5787.55,311773
2021-06-08 09:27:36,5787.55,311779
2021-06-08 09:27:39,5789.0,312067
2021-06-08 09:27:40,5789.8,312324
2021-06-08 09:27:41,5789.45,312345
2021-06-08 09:27:43,5790.0,313328
2021-06-08 09:27:43,5793.0,313318
2021-06-08 09:27:44,5793.9,313428
2021-06-08 09:27:46,5791.65,313577
2021-06-08 09:27:47,5792.0,313725
2021-06-08 09:27:48,5792.65,313988
2021-06-08 09:27:48,5790.15,313989
2021-06-08 09:27:49,5790.2,314300
2021-06-08 09:27:51,5791.3,314494
2021-06-08 09:27:52,5791.3,314522
2021-06-08 09:27:54,5788.1,314748
2021-06-08 09:27:54,5791.15,314718
2021-06-08 09:27:55,5789.0,314813
2021-06-08 09:27:56,5789.0,314872
2021-06-08 09:27:58,5790.75,315009
2021-06-08 09:27:59,5790.0,315081
2021-06-08 09:28:00,5791.65,315220
2021-06-08 09:28:00,5791.65,315220
2021-06-08 09:28:01,5789.2,315504
2021-06-08 09:28:03,5790.0,315619
2021-06-08 09:28:04,5789.65,315707
2021-06-08 09:28:05,5791.6,315910
2021-06-08 09:28:06,5791.65,315959
2021-06-08 09:28:06,5790.0,315972
2021-06-08 09:28:07,5791.8,316150
2021-06-08 09:28:09,5792.0,316181
2021-06-08 09:28:10,5789.9,316289
2021-06-08 09:28:11,5791.8,316409
2021-06-08 09:28:12,5793.15,316943
2021-06-08 09:28:12,5793.15,316943
2021-06-08 09:28:13,5794.4,317167
2021-06-08 09:28:14,5795.45,318878
2021-06-08 09:28:16,5798.0,319736
2021-06-08 09:28:17,5798.0,319962
2021-06-08 09:28:18,5797.9,321660
2021-06-08 09:28:19,5800.0,322767
2021-06-08 09:28:19,5800.0,323021
2021-06-08 09:28:21,5800.0,323107
2021-06-08 09:28:22,5800.0,323405
2021-06-08 09:28:23,5799.05,323427
2021-06-08 09:28:24,5800.0,323721
2021-06-08 09:28:25,5798.1,323793
2021-06-08 09:28:26,5800.0,323897
2021-06-08 09:28:27,5800.0,324055
2021-06-08 09:28:28,5800.9,324171
2021-06-08 09:28:29,5800.0,324250
2021-06-08 09:28:30,5800.0,324356
2021-06-08 09:28:31,5798.5,324695
2021-06-08 09:28:32,5798.55,324855
2021-06-08 09:28:33,5798.5,324950
2021-06-08 09:28:34,5798.5,325062
2021-06-08 09:28:35,5800.95,325233
2021-06-08 09:28:36,5800.0,325319
2021-06-08 09:28:37,5801.5,325993
2021-06-08 09:28:38,5800.0,326190
2021-06-08 09:28:39,5798.0,327566
2021-06-08 09:28:39,5798.5,327556
2021-06-08 09:28:40,5798.5,327654
2021-06-08 09:28:42,5798.5,327779
2021-06-08 09:28:43,5798.9,327832
2021-06-08 09:28:44,5799.2,327873
2021-06-08 09:28:45,5798.0,327877
2021-06-08 09:28:46,5798.5,327905
2021-06-08 09:28:47,5798.0,327960
2021-06-08 09:28:48,5798.0,327997
2021-06-08 09:28:49,5798.0,328361
2021-06-08 09:28:50,5798.0,328371
2021-06-08 09:28:51,5798.0,328485
2021-06-08 09:28:52,5795.7,329216
2021-06-08 09:28:53,5797.95,329348
2021-06-08 09:28:53,5797.95,329348
2021-06-08 09:28:55,5798.0,329499
2021-06-08 09:28:56,5795.0,329840
2021-06-08 09:28:57,5794.0,330214
2021-06-08 09:28:58,5795.0,330247
2021-06-08 09:28:59,5795.0,330307
2021-06-08 09:29:00,5795.5,330397
2021-06-08 09:29:01,5797.65,330443
2021-06-08 09:29:02,5795.5,330544
2021-06-08 09:29:03,5795.65,330646
2021-06-08 09:29:05,5797.95,330885
2021-06-08 09:29:06,5797.6,331070
2021-06-08 09:29:07,5800.0,331317
2021-06-08 09:29:08,5799.9,331553
2021-06-08 09:29:09,5801.0,334039
2021-06-08 09:29:09,5799.25,334070
2021-06-08 09:29:11,5798.5,334288
2021-06-08 09:29:12,5800.0,334610
2021-06-08 09:29:13,5800.0,334752
2021-06-08 09:29:14,5800.0,334833
2021-06-08 09:29:14,5799.95,334818
2021-06-08 09:29:16,5797.85,335115
2021-06-08 09:29:17,5799.95,335342
2021-06-08 09:29:18,5799.95,335380
2021-06-08 09:29:19,5799.9,335440
2021-06-08 09:29:20,5798.15,335475
2021-06-08 09:29:20,5798.15,335476
2021-06-08 09:29:22,5799.95,335636
2021-06-08 09:29:23,5798.15,335772
2021-06-08 09:29:24,5800.0,335939
2021-06-08 09:29:25,5799.85,335980
2021-06-08 09:29:25,5800.0,335990
2021-06-08 09:29:26,5799.95,336100
2021-06-08 09:29:28,5800.0,336142
2021-06-08 09:29:29,5800.0,336208
2021-06-08 09:29:30,5799.85,336287
2021-06-08 09:29:31,5799.85,336466
2021-06-08 09:29:31,5799.85,336469
2021-06-08 09:29:33,5799.85,336572
2021-06-08 09:29:34,5799.85,336595
2021-06-08 09:29:35,5800.0,336707
2021-06-08 09:29:36,5799.95,336753
2021-06-08 09:29:36,5799.85,336785
2021-06-08 09:29:38,5799.85,336840
2021-06-08 09:29:39,5800.0,336874
2021-06-08 09:29:40,5800.0,336909
2021-06-08 09:29:41,5799.85,337195
2021-06-08 09:29:41,5800.0,337223
2021-06-08 09:29:43,5800.0,337484
2021-06-08 09:29:44,5799.95,337684
2021-06-08 09:29:45,5800.0,337833
2021-06-08 09:29:46,5799.85,338006
2021-06-08 09:29:48,5799.85,338301
2021-06-08 09:29:49,5800.0,338359
2021-06-08 09:29:50,5800.0,338428
2021-06-08 09:29:51,5799.85,338992
2021-06-08 09:29:52,5800.0,339123
2021-06-08 09:29:52,5800.0,339021
2021-06-08 09:29:54,5797.4,340100
2021-06-08 09:29:55,5799.85,340205
2021-06-08 09:29:56,5800.0,340235
2021-06-08 09:29:57,5800.0,343006
2021-06-08 09:29:57,5800.05,343001
2021-06-08 09:29:59,5800.0,343272
2021-06-08 09:30:00,5800.0,343483
2021-06-08 09:30:01,5800.1,343534
2021-06-08 09:30:02,5800.05,343615
2021-06-08 09:30:03,5800.0,343712
2021-06-08 09:30:03,5800.0,343712
2021-06-08 09:30:05,5800.0,343898
2021-06-08 09:30:06,5800.0,344133
2021-06-08 09:30:07,5800.1,344698
2021-06-08 09:30:08,5799.7,344986
2021-06-08 09:30:08,5800.0,344987
2021-06-08 09:30:10,5802.35,345093
2021-06-08 09:30:11,5799.7,345160
2021-06-08 09:30:12,5799.95,345245
2021-06-08 09:30:13,5799.95,345245
2021-06-08 09:30:14,5799.95,345321
2021-06-08 09:30:15,5800.0,345447
2021-06-08 09:30:16,5800.0,345464
2021-06-08 09:30:17,5800.0,345516
2021-06-08 09:30:17,5799.7,345539
2021-06-08 09:30:19,5800.0,345665
2021-06-08 09:30:20,5799.7,345676
2021-06-08 09:30:21,5799.7,345723
2021-06-08 09:30:22,5798.85,346021
2021-06-08 09:30:22,5798.85,346021
2021-06-08 09:30:24,5800.35,346386
2021-06-08 09:30:25,5800.0,346394
2021-06-08 09:30:26,5799.8,346627
2021-06-08 09:30:27,5800.0,346870
2021-06-08 09:30:28,5803.5,348940
2021-06-08 09:30:29,5801.6,348955
2021-06-08 09:30:30,5803.5,349037
2021-06-08 09:30:31,5802.0,349413
2021-06-08 09:30:32,5801.9,349602
2021-06-08 09:30:33,5804.0,349619
2021-06-08 09:30:34,5802.75,349884
2021-06-08 09:30:35,5807.0,355143
2021-06-08 09:30:36,5806.8,356002
2021-06-08 09:30:37,5805.5,356114
2021-06-08 09:30:38,5805.0,356239
2021-06-08 09:30:39,5807.0,356405
2021-06-08 09:30:40,5807.0,356448
2021-06-08 09:30:41,5806.8,356733
2021-06-08 09:30:42,5806.8,356888
2021-06-08 09:30:43,5805.1,357030
2021-06-08 09:30:44,5806.8,357092
2021-06-08 09:30:45,5806.8,357239
2021-06-08 09:30:46,5806.65,357291
2021-06-08 09:30:47,5806.8,357451
2021-06-08 09:30:48,5806.8,357928
2021-06-08 09:30:49,5806.8,358101
2021-06-08 09:30:50,5806.8,358101
2021-06-08 09:30:51,5806.8,358305
2021-06-08 09:30:52,5805.0,358666
2021-06-08 09:30:53,5808.0,359022
2021-06-08 09:30:54,5807.0,359255
2021-06-08 09:30:56,5808.0,359782
2021-06-08 09:30:57,5807.0,360010
2021-06-08 09:30:58,5808.2,360374
2021-06-08 09:30:59,5808.85,360507
2021-06-08 09:31:00,5807.65,361306
2021-06-08 09:31:01,5809.6,361779
2021-06-08 09:31:02,5807.55,361948
2021-06-08 09:31:03,5807.65,362324
2021-06-08 09:31:04,5809.95,363314
2021-06-08 09:31:07,5810.0,363605
2021-06-08 09:31:08,5810.0,363941
2021-06-08 09:31:09,5812.0,366499
2021-06-08 09:31:10,5812.0,366867
2021-06-08 09:31:11,5813.0,368095
2021-06-08 09:31:12,5813.3,368205
2021-06-08 09:31:13,5811.7,369116
2021-06-08 09:31:14,5814.85,369388
2021-06-08 09:31:15,5812.55,369691
2021-06-08 09:31:16,5814.9,369832
2021-06-08 09:31:17,5814.0,370076
2021-06-08 09:31:19,5814.3,370236
2021-06-08 09:31:18,5812.45,370216
2021-06-08 09:31:20,5812.45,371569
2021-06-08 09:31:21,5813.65,371707
2021-06-08 09:31:22,5812.55,371854
2021-06-08 09:31:23,5810.8,374039
2021-06-08 09:31:24,5813.5,374267
2021-06-08 09:31:25,5814.0,374447
2021-06-08 09:31:26,5812.45,374699
2021-06-08 09:31:27,5813.35,377908
2021-06-08 09:31:28,5810.0,379303
2021-06-08 09:31:29,5810.0,379310
2021-06-08 09:31:30,5812.0,379748
2021-06-08 09:31:31,5812.0,379914
2021-06-08 09:31:32,5811.95,380152
2021-06-08 09:31:33,5809.55,380426
2021-06-08 09:31:34,5810.7,380473
2021-06-08 09:31:35,5812.0,380736
2021-06-08 09:31:36,5811.95,380866
2021-06-08 09:31:37,5812.0,381059
2021-06-08 09:31:38,5812.0,381059
2021-06-08 09:31:40,5811.85,381519
2021-06-08 09:31:41,5811.85,382351
2021-06-08 09:31:42,5812.0,383507
2021-06-08 09:31:43,5810.0,384140
2021-06-08 09:31:44,5810.0,384167
2021-06-08 09:31:45,5809.15,384440
2021-06-08 09:31:46,5809.05,384587
2021-06-08 09:31:47,5810.0,384748
2021-06-08 09:31:48,5809.0,385038
2021-06-08 09:31:49,5808.35,386431
2021-06-08 09:31:50,5808.75,386711
2021-06-08 09:31:51,5806.6,386883
2021-06-08 09:31:52,5806.6,386903
2021-06-08 09:31:53,5809.0,387039
2021-06-08 09:31:54,5806.4,387204
2021-06-08 09:31:55,5809.0,387336
2021-06-08 09:31:56,5808.65,389473
2021-06-08 09:31:57,5809.0,389721
2021-06-08 09:31:58,5809.0,389721
2021-06-08 09:31:59,5808.9,390006
2021-06-08 09:32:00,5807.2,390249
2021-06-08 09:32:01,5809.0,390562
2021-06-08 09:32:02,5809.15,392363
2021-06-08 09:32:03,5809.0,393423
2021-06-08 09:32:04,5808.5,393428
2021-06-08 09:32:05,5811.45,394031
2021-06-08 09:32:06,5809.85,395167
2021-06-08 09:32:07,5809.0,395201
2021-06-08 09:32:08,5809.0,395663
2021-06-08 09:32:09,5809.0,395728
2021-06-08 09:32:10,5811.6,396128
2021-06-08 09:32:11,5810.0,396329
2021-06-08 09:32:12,5810.0,396556
2021-06-08 09:32:13,5811.8,396716
2021-06-08 09:32:14,5814.1,400644
2021-06-08 09:32:15,5815.5,400959
2021-06-08 09:32:17,5815.45,402173
2021-06-08 09:32:18,5816.95,402291
2021-06-08 09:32:19,5814.0,402370
2021-06-08 09:32:20,5813.9,402526
2021-06-08 09:32:21,5814.0,402881
2021-06-08 09:32:22,5812.0,403005
2021-06-08 09:32:23,5814.0,403146
2021-06-08 09:32:24,5814.0,403146
2021-06-08 09:32:25,5815.0,403496
2021-06-08 09:32:26,5813.1,403785
2021-06-08 09:32:28,5812.65,404942
2021-06-08 09:32:29,5813.15,405279
2021-06-08 09:32:30,5815.05,405830
2021-06-08 09:32:31,5815.65,406289
2021-06-08 09:32:32,5813.25,406606
2021-06-08 09:32:33,5812.3,406965
2021-06-08 09:32:34,5814.95,407015
2021-06-08 09:32:35,5813.1,407317
2021-06-08 09:32:36,5813.9,408397
2021-06-08 09:32:37,5816.3,408879
2021-06-08 09:32:38,5814.0,408950
2021-06-08 09:32:39,5813.8,409335
2021-06-08 09:32:41,5815.45,409595
2021-06-08 09:32:41,5815.45,409595
2021-06-08 09:32:42,5812.65,409955
2021-06-08 09:32:43,5813.0,410333
2021-06-08 09:32:44,5813.35,410680
2021-06-08 09:32:45,5813.35,410902
2021-06-08 09:32:46,5813.15,411327
2021-06-08 09:32:47,5813.5,411680
2021-06-08 09:32:49,5813.4,412915
2021-06-08 09:32:49,5814.65,412966
2021-06-08 09:32:50,5814.8,413039
2021-06-08 09:32:51,5814.8,413330
2021-06-08 09:32:52,5813.7,413448
2021-06-08 09:32:53,5813.7,413951
2021-06-08 09:32:54,5815.0,414083
2021-06-08 09:32:56,5814.35,414243
2021-06-08 09:32:56,5814.35,414244
2021-06-08 09:32:57,5813.9,414746
2021-06-08 09:32:58,5815.0,414811
2021-06-08 09:32:59,5813.9,415159
2021-06-08 09:33:01,5813.75,416057
2021-06-08 09:33:02,5814.35,416101
2021-06-08 09:33:03,5814.8,416238
2021-06-08 09:33:05,5815.0,416789
2021-06-08 09:33:05,5815.0,416799
2021-06-08 09:33:06,5813.5,416922
2021-06-08 09:33:07,5814.0,417519
2021-06-08 09:33:08,5813.4,417908
2021-06-08 09:33:09,5811.1,417918
2021-06-08 09:33:10,5810.2,418264
2021-06-08 09:33:11,5810.2,418264
2021-06-08 09:33:12,5808.25,422805
2021-06-08 09:33:14,5806.0,422847
2021-06-08 09:33:14,5808.25,422969
2021-06-08 09:33:15,5808.25,423029
2021-06-08 09:33:16,5806.0,423217
2021-06-08 09:33:17,5807.05,423262
2021-06-08 09:33:18,5807.45,423442
2021-06-08 09:33:20,5808.25,423506
2021-06-08 09:33:20,5806.5,423526
2021-06-08 09:33:21,5806.65,423879
2021-06-08 09:33:22,5808.15,423951
2021-06-08 09:33:23,5809.75,423995
2021-06-08 09:33:24,5810.0,424050
2021-06-08 09:33:25,5808.05,424078
2021-06-08 09:33:26,5810.7,424323
2021-06-08 09:33:28,5810.8,424885
2021-06-08 09:33:28,5807.7,424881
2021-06-08 09:33:29,5810.55,425335
2021-06-08 09:33:30,5811.0,425406
2021-06-08 09:33:31,5810.65,425494
2021-06-08 09:33:32,5811.0,425777
2021-06-08 09:33:34,5811.0,426031
2021-06-08 09:33:34,5808.65,426981
2021-06-08 09:33:35,5808.55,427158
2021-06-08 09:33:36,5808.65,427248
2021-06-08 09:33:37,5809.0,427363
2021-06-08 09:33:38,5808.0,427470
2021-06-08 09:33:39,5808.0,427537
2021-06-08 09:33:40,5808.0,427571
2021-06-08 09:33:41,5809.7,427577
2021-06-08 09:33:43,5809.1,427995
2021-06-08 09:33:43,5806.4,428056
2021-06-08 09:33:44,5806.3,428291
2021-06-08 09:33:45,5808.9,428297
2021-06-08 09:33:46,5808.0,428455
2021-06-08 09:33:47,5806.35,428564
2021-06-08 09:33:48,5809.3,428594
2021-06-08 09:33:49,5809.15,428625
2021-06-08 09:33:51,5808.9,428699
2021-06-08 09:33:51,5807.0,428705
2021-06-08 09:33:52,5808.0,428775
2021-06-08 09:33:53,5808.2,429181
2021-06-08 09:33:54,5807.45,429229
2021-06-08 09:33:56,5806.0,431425
2021-06-08 09:33:56,5806.0,431425
2021-06-08 09:33:57,5806.0,431540
2021-06-08 09:33:58,5807.2,431692
2021-06-08 09:33:59,5806.0,431725
2021-06-08 09:34:00,5805.2,435680
2021-06-08 09:34:01,5802.75,435900
2021-06-08 09:34:02,5800.3,435912
2021-06-08 09:34:03,5802.65,436072
2021-06-08 09:34:05,5800.25,436073
2021-06-08 09:34:05,5802.65,436086
2021-06-08 09:34:06,5800.6,436118
2021-06-08 09:34:08,5801.0,437003
2021-06-08 09:34:08,5800.95,437009
2021-06-08 09:34:09,5796.0,439388
2021-06-08 09:34:10,5795.8,439489
2021-06-08 09:34:11,5798.75,439843
2021-06-08 09:34:12,5798.0,441024
2021-06-08 09:34:14,5799.85,441759
2021-06-08 09:34:14,5799.3,441761
2021-06-08 09:34:15,5801.4,442458
2021-06-08 09:34:16,5800.05,442682
2021-06-08 09:34:17,5799.6,442694
2021-06-08 09:34:18,5798.0,442862
2021-06-08 09:34:19,5802.0,443134
2021-06-08 09:34:21,5797.8,443371
2021-06-08 09:34:21,5797.8,443371
2021-06-08 09:34:22,5797.25,443455
2021-06-08 09:34:23,5800.0,443486
2021-06-08 09:34:24,5796.8,443710
2021-06-08 09:34:25,5796.9,443934
2021-06-08 09:34:26,5797.55,443996
2021-06-08 09:34:27,5798.65,444052
2021-06-08 09:34:28,5796.0,444126
2021-06-08 09:34:30,5796.8,444183
2021-06-08 09:34:31,5798.9,444573
2021-06-08 09:34:32,5798.0,445188
2021-06-08 09:34:33,5798.85,445344
2021-06-08 09:34:34,5798.85,445355
2021-06-08 09:34:35,5799.85,445448
2021-06-08 09:34:36,5799.8,445539
2021-06-08 09:34:37,5798.0,445592
2021-06-08 09:34:39,5797.2,445693
2021-06-08 09:34:39,5799.8,445818
2021-06-08 09:34:40,5799.85,446036
2021-06-08 09:34:41,5799.0,446362
2021-06-08 09:34:42,5798.85,446389
2021-06-08 09:34:43,5799.3,446518
2021-06-08 09:34:44,5798.05,446804
2021-06-08 09:34:45,5797.55,447056
2021-06-08 09:34:46,5798.05,447217
2021-06-08 09:34:47,5798.05,447415
2021-06-08 09:34:49,5798.05,447727
2021-06-08 09:34:50,5797.85,447882
2021-06-08 09:34:50,5798.0,447865
2021-06-08 09:34:51,5797.8,447990
2021-06-08 09:34:52,5797.95,448112
2021-06-08 09:34:53,5797.0,448131
2021-06-08 09:34:54,5797.95,448206
2021-06-08 09:34:55,5795.55,448241
2021-06-08 09:34:56,5797.0,448269
2021-06-08 09:34:58,5797.45,448430
2021-06-08 09:34:59,5795.05,448635
2021-06-08 09:34:59,5795.05,448635
2021-06-08 09:35:00,5795.35,448831
2021-06-08 09:35:01,5795.0,448854
2021-06-08 09:35:02,5795.0,448860
2021-06-08 09:35:03,5795.0,449000
2021-06-08 09:35:04,5797.0,449102
2021-06-08 09:35:06,5792.0,450632
2021-06-08 09:35:07,5794.5,451803
2021-06-08 09:35:07,5790.25,451833
2021-06-08 09:35:08,5791.35,451942
2021-06-08 09:35:09,5793.65,452086
2021-06-08 09:35:11,5792.6,452200
2021-06-08 09:35:12,5791.55,452359
2021-06-08 09:35:13,5794.05,452439
2021-06-08 09:35:14,5793.8,457755
2021-06-08 09:35:16,5794.05,457870
2021-06-08 09:35:17,5792.5,457946
2021-06-08 09:35:18,5793.0,458037
2021-06-08 09:35:18,5792.8,458007
2021-06-08 09:35:19,5792.9,458119
2021-06-08 09:35:20,5793.7,458638
2021-06-08 09:35:21,5794.0,458764
2021-06-08 09:35:23,5793.55,459508
2021-06-08 09:35:24,5792.9,459780
2021-06-08 09:35:25,5791.6,462444
2021-06-08 09:35:25,5794.0,459926
2021-06-08 09:35:26,5793.7,462455
2021-06-08 09:35:27,5793.9,462465
2021-06-08 09:35:28,5793.0,462605
2021-06-08 09:35:30,5793.0,462607
2021-06-08 09:35:31,5794.0,462627
2021-06-08 09:35:31,5794.0,462629
2021-06-08 09:35:32,5790.4,465053
2021-06-08 09:35:33,5790.7,465239
2021-06-08 09:35:34,5790.85,466169
2021-06-08 09:35:36,5792.0,466251
2021-06-08 09:35:37,5790.85,466282
2021-06-08 09:35:37,5792.0,466359
2021-06-08 09:35:38,5791.6,468689
2021-06-08 09:35:39,5790.5,468764
2021-06-08 09:35:41,5791.35,468823
2021-06-08 09:35:43,5791.35,468823
2021-06-08 09:35:44,5793.85,468893
2021-06-08 09:35:45,5793.15,468927
2021-06-08 09:35:46,5792.5,469045
2021-06-08 09:35:46,5791.0,469050
2021-06-08 09:35:47,5790.7,469114
2021-06-08 09:35:48,5790.0,469698
2021-06-08 09:35:49,5791.0,469727
2021-06-08 09:35:51,5790.05,470009
2021-06-08 09:35:52,5792.0,470070
2021-06-08 09:35:53,5791.0,470216
2021-06-08 09:35:54,5791.0,470256
2021-06-08 09:35:55,5788.0,471407
2021-06-08 09:35:56,5788.65,471609
2021-06-08 09:35:56,5788.8,471622
2021-06-08 09:35:57,5788.0,472204
2021-06-08 09:35:58,5788.0,472304
2021-06-08 09:35:59,5789.8,472455
2021-06-08 09:36:01,5788.0,472470
2021-06-08 09:36:03,5787.95,473181
2021-06-08 09:36:04,5788.5,473405
2021-06-08 09:36:05,5790.0,473633
2021-06-08 09:36:06,5789.25,473767
2021-06-08 09:36:06,5789.65,473769
2021-06-08 09:36:07,5787.85,474074
2021-06-08 09:36:08,5785.55,474229
2021-06-08 09:36:09,5788.0,474388
2021-06-08 09:36:10,5788.35,474533
2021-06-08 09:36:12,5789.0,475684
2021-06-08 09:36:13,5789.0,476288
2021-06-08 09:36:13,5789.0,476288
2021-06-08 09:36:14,5790.0,476293
2021-06-08 09:36:15,5789.0,476336
2021-06-08 09:36:16,5789.05,476460
2021-06-08 09:36:17,5791.0,476746
2021-06-08 09:36:18,5790.0,476956
2021-06-08 09:36:20,5791.0,476968
2021-06-08 09:36:21,5790.95,477386
2021-06-08 09:36:21,5790.95,477386
2021-06-08 09:36:22,5790.95,477393
2021-06-08 09:36:23,5790.9,478327
2021-06-08 09:36:24,5788.35,479455
2021-06-08 09:36:25,5785.8,479507
2021-06-08 09:36:27,5788.5,479519
2021-06-08 09:36:28,5782.0,483081
2021-06-08 09:36:28,5783.45,483096
2021-06-08 09:36:29,5782.0,483783
2021-06-08 09:36:30,5784.35,483807
2021-06-08 09:36:33,5784.35,484117
2021-06-08 09:36:34,5781.9,484231
2021-06-08 09:36:34,5784.35,484237
2021-06-08 09:36:35,5782.05,484417
2021-06-08 09:36:36,5782.05,484447
2021-06-08 09:36:38,5782.05,484860
2021-06-08 09:36:39,5782.1,484941
2021-06-08 09:36:39,5784.0,484913
2021-06-08 09:36:40,5784.0,484987
2021-06-08 09:36:41,5782.05,485291
2021-06-08 09:36:42,5784.0,485389
2021-06-08 09:36:43,5784.0,485462
2021-06-08 09:36:44,5785.0,485686
2021-06-08 09:36:46,5785.95,485886
2021-06-08 09:36:47,5784.65,486006
2021-06-08 09:36:47,5784.65,486006
2021-06-08 09:36:48,5787.05,486078
2021-06-08 09:36:49,5784.7,486139
2021-06-08 09:36:50,5784.85,486230
2021-06-08 09:36:52,5785.5,486235
2021-06-08 09:36:53,5786.7,486289
2021-06-08 09:36:53,5786.7,486289
2021-06-08 09:36:54,5790.0,486457
2021-06-08 09:36:55,5789.55,486522
2021-06-08 09:36:57,5789.5,486542
2021-06-08 09:36:58,5788.35,486560
2021-06-08 09:36:59,5787.4,486725
2021-06-08 09:36:59,5787.4,486725
2021-06-08 09:37:02,5786.45,486891
2021-06-08 09:37:03,5786.0,486904
2021-06-08 09:37:04,5785.0,486932
2021-06-08 09:37:04,5785.0,486932
2021-06-08 09:37:05,5784.9,487435
2021-06-08 09:37:07,5785.65,487703
2021-06-08 09:37:08,5785.0,487796
2021-06-08 09:37:09,5785.0,487829
2021-06-08 09:37:10,5785.0,487854
2021-06-08 09:37:10,5785.0,487864
2021-06-08 09:37:11,5784.9,488205
2021-06-08 09:37:12,5785.0,488387
2021-06-08 09:37:14,5785.0,488429
2021-06-08 09:37:15,5785.0,489438
2021-06-08 09:37:16,5784.9,489809
2021-06-08 09:37:16,5784.9,489809
2021-06-08 09:37:17,5785.65,489850
2021-06-08 09:37:18,5785.35,489891
2021-06-08 09:37:21,5786.2,490091
2021-06-08 09:37:23,5785.0,490184
2021-06-08 09:37:23,5785.0,490184
2021-06-08 09:37:24,5784.4,490999
2021-06-08 09:37:26,5783.0,491295
2021-06-08 09:37:27,5784.95,491296
2021-06-08 09:37:28,5784.9,491381
2021-06-08 09:37:29,5783.1,491633
2021-06-08 09:37:31,5783.55,491695
2021-06-08 09:37:32,5784.95,491719
2021-06-08 09:37:33,5784.9,491813
2021-06-08 09:37:34,5783.1,491917
2021-06-08 09:37:34,5783.1,491917
2021-06-08 09:37:35,5785.0,492039
2021-06-08 09:37:37,5784.95,492047
2021-06-08 09:37:38,5783.65,492188
2021-06-08 09:37:39,5782.95,492286
2021-06-08 09:37:40,5783.0,492351
2021-06-08 09:37:41,5782.95,492391
2021-06-08 09:37:42,5783.0,492541
2021-06-08 09:37:43,5783.0,492548
2021-06-08 09:37:44,5782.0,492598
2021-06-08 09:37:44,5783.0,492608
2021-06-08 09:37:45,5782.0,492821
2021-06-08 09:37:47,5782.0,492913
2021-06-08 09:37:48,5783.45,493252
2021-06-08 09:37:49,5783.0,493318
2021-06-08 09:37:49,5783.0,493318
2021-06-08 09:37:50,5781.0,494024
2021-06-08 09:37:51,5779.65,497921
2021-06-08 09:37:54,5780.0,498890
2021-06-08 09:37:55,5782.15,499078
2021-06-08 09:37:55,5780.15,499360
2021-06-08 09:37:56,5783.05,499770
2021-06-08 09:37:58,5784.7,500143
2021-06-08 09:37:59,5784.1,500224
2021-06-08 09:38:00,5783.45,500279
2021-06-08 09:38:00,5783.45,500279
2021-06-08 09:38:01,5784.9,500397
2021-06-08 09:38:03,5782.35,500529
2021-06-08 09:38:04,5784.95,500673
2021-06-08 09:38:05,5784.0,500957
2021-06-08 09:38:05,5782.35,500966
2021-06-08 09:38:06,5783.85,501050
2021-06-08 09:38:08,5783.05,501056
2021-06-08 09:38:09,5783.05,501617
2021-06-08 09:38:10,5785.0,501873
2021-06-08 09:38:10,5785.0,501903
2021-06-08 09:38:11,5783.0,502163
2021-06-08 09:38:15,5784.8,503045
2021-06-08 09:38:16,5784.7,503365
2021-06-08 09:38:17,5785.95,503471
2021-06-08 09:38:17,5785.95,503471
2021-06-08 09:38:18,5785.95,503474
2021-06-08 09:38:20,5786.1,503494
2021-06-08 09:38:21,5784.8,503695
2021-06-08 09:38:22,5784.8,503885
2021-06-08 09:38:22,5784.8,503885
2021-06-08 09:38:23,5784.9,503969
2021-06-08 09:38:24,5785.0,504240
2021-06-08 09:38:25,5784.9,504401
2021-06-08 09:38:27,5786.5,504778
2021-06-08 09:38:28,5786.4,504844
2021-06-08 09:38:29,5784.9,504876
2021-06-08 09:38:29,5784.9,504876
2021-06-08 09:38:30,5784.9,505083
2021-06-08 09:38:31,5786.0,505088
2021-06-08 09:38:33,5784.9,505301
2021-06-08 09:38:34,5784.9,505774
2021-06-08 09:38:35,5785.0,505858
2021-06-08 09:38:36,5785.75,505939
2021-06-08 09:38:37,5785.75,505941
2021-06-08 09:38:37,5785.75,505939
2021-06-08 09:38:38,5785.0,505947
2021-06-08 09:38:39,5785.35,506013
2021-06-08 09:38:40,5785.85,506616
2021-06-08 09:38:42,5785.85,506716
2021-06-08 09:38:43,5785.1,506762
2021-06-08 09:38:44,5785.85,506810
2021-06-08 09:38:44,5786.0,506809
2021-06-08 09:38:45,5785.9,506838
2021-06-08 09:38:46,5785.75,506968
2021-06-08 09:38:47,5786.7,507013
2021-06-08 09:38:48,5786.65,507127
2021-06-08 09:38:49,5786.0,507432
2021-06-08 09:38:50,5786.65,507452
2021-06-08 09:38:52,5786.65,507944
2021-06-08 09:38:53,5788.4,508675
2021-06-08 09:38:55,5789.0,508694
2021-06-08 09:38:56,5789.0,508694
2021-06-08 09:38:57,5788.25,509330
2021-06-08 09:38:59,5786.95,509381
2021-06-08 09:39:00,5786.15,509395
2021-06-08 09:39:01,5787.05,509401
2021-06-08 09:39:02,5786.1,509731
2021-06-08 09:39:03,5787.85,509888
2021-06-08 09:39:04,5785.7,509915
2021-06-08 09:39:05,5788.55,509940
2021-06-08 09:39:05,5788.85,509990
2021-06-08 09:39:06,5788.7,510112
2021-06-08 09:39:08,5786.2,510119
2021-06-08 09:39:09,5785.9,510179
2021-06-08 09:39:10,5784.9,510383
2021-06-08 09:39:11,5786.3,510629
2021-06-08 09:39:12,5786.4,510650
2021-06-08 09:39:12,5786.4,510650
2021-06-08 09:39:13,5784.0,512547
2021-06-08 09:39:15,5783.0,512573
2021-06-08 09:39:16,5781.0,512923
2021-06-08 09:39:17,5782.15,512936
2021-06-08 09:39:18,5784.8,513036
2021-06-08 09:39:19,5784.7,513164
2021-06-08 09:39:19,5784.7,513164
2021-06-08 09:39:20,5782.8,513236
2021-06-08 09:39:22,5784.6,513253
2021-06-08 09:39:23,5786.35,513259
2021-06-08 09:39:24,5786.4,513281
2021-06-08 09:39:25,5782.55,513286
2021-06-08 09:39:26,5784.0,513342
2021-06-08 09:39:27,5785.0,513368
2021-06-08 09:39:27,5785.0,513368
2021-06-08 09:39:28,5782.4,514100
2021-06-08 09:39:30,5785.0,514123
2021-06-08 09:39:31,5783.95,514373
2021-06-08 09:39:32,5783.95,515177
2021-06-08 09:39:33,5786.55,515839
2021-06-08 09:39:34,5783.95,515988
2021-06-08 09:39:34,5786.5,516038
2021-06-08 09:39:35,5783.95,516044
2021-06-08 09:39:37,5785.95,516050
2021-06-08 09:39:38,5784.1,516175
2021-06-08 09:39:39,5785.0,516205
2021-06-08 09:39:40,5785.0,516215
2021-06-08 09:39:41,5783.95,516358
2021-06-08 09:39:41,5785.0,516462
2021-06-08 09:39:42,5784.05,516690
2021-06-08 09:39:43,5785.0,516716
2021-06-08 09:39:45,5783.95,517102
2021-06-08 09:39:46,5783.9,517566
2021-06-08 09:39:47,5783.9,517570
2021-06-08 09:39:48,5783.95,517706
2021-06-08 09:39:49,5784.05,517761
2021-06-08 09:39:50,5784.05,517821
2021-06-08 09:39:51,5784.05,517826
2021-06-08 09:39:51,5784.05,517826
2021-06-08 09:39:53,5784.05,517837
2021-06-08 09:39:54,5785.0,517842
2021-06-08 09:39:55,5784.05,517893
2021-06-08 09:39:56,5784.05,517893
2021-06-08 09:39:57,5784.0,517903
2021-06-08 09:39:57,5784.0,517903
2021-06-08 09:39:59,5784.0,517903
2021-06-08 09:40:00,5784.0,517916
2021-06-08 09:40:01,5784.0,517919
2021-06-08 09:40:02,5785.6,518020
2021-06-08 09:40:04,5784.85,518127
2021-06-08 09:40:04,5784.85,518127
2021-06-08 09:40:05,5784.7,518147
2021-06-08 09:40:07,5784.75,518209
2021-06-08 09:40:08,5784.0,518368
2021-06-08 09:40:09,5783.95,518409
2021-06-08 09:40:10,5784.95,518433
2021-06-08 09:40:11,5782.25,518547
2021-06-08 09:40:11,5782.25,518539
2021-06-08 09:40:12,5784.95,518772
2021-06-08 09:40:14,5783.3,518813
2021-06-08 09:40:15,5783.3,518932
2021-06-08 09:40:16,5781.0,519766
2021-06-08 09:40:17,5781.75,519961
2021-06-08 09:40:18,5782.8,520379
2021-06-08 09:40:19,5784.7,520512
2021-06-08 09:40:19,5784.7,520512
2021-06-08 09:40:21,5783.25,520583
2021-06-08 09:40:22,5786.0,520695
2021-06-08 09:40:23,5786.0,520729
2021-06-08 09:40:24,5785.0,520732
2021-06-08 09:40:24,5784.15,520754
2021-06-08 09:40:26,5781.65,520824
2021-06-08 09:40:27,5780.85,521014
2021-06-08 09:40:28,5783.95,521084
2021-06-08 09:40:29,5782.0,521121
2021-06-08 09:40:29,5782.0,521121
2021-06-08 09:40:31,5781.45,521671
2021-06-08 09:40:32,5780.75,525169
2021-06-08 09:40:33,5785.65,526020
2021-06-08 09:40:34,5783.8,526035
2021-06-08 09:40:34,5783.8,526035
2021-06-08 09:40:35,5782.2,526111
2021-06-08 09:40:37,5782.35,526129
2021-06-08 09:40:38,5782.35,526159
2021-06-08 09:40:39,5783.55,526185
2021-06-08 09:40:40,5786.0,526787
2021-06-08 09:40:40,5786.0,526787
2021-06-08 09:40:42,5782.0,526835
2021-06-08 09:40:43,5782.0,526835
2021-06-08 09:40:44,5782.25,526946
2021-06-08 09:40:45,5784.0,526988
2021-06-08 09:40:45,5784.0,526988
2021-06-08 09:40:47,5784.0,526988
2021-06-08 09:40:48,5784.5,527197
2021-06-08 09:40:49,5784.75,527346
2021-06-08 09:40:50,5784.0,527494
2021-06-08 09:40:50,5784.0,527497
2021-06-08 09:40:52,5785.45,527599
2021-06-08 09:40:53,5785.35,527601
2021-06-08 09:40:54,5785.35,527601
2021-06-08 09:40:55,5784.75,527701
2021-06-08 09:40:56,5784.0,527895
2021-06-08 09:40:56,5784.0,527831
2021-06-08 09:40:58,5783.85,528024
2021-06-08 09:40:59,5784.0,528159
2021-06-08 09:41:00,5781.8,528224
2021-06-08 09:41:01,5781.8,528453
2021-06-08 09:41:01,5781.8,528353
2021-06-08 09:41:03,5781.65,528895
2021-06-08 09:41:05,5782.25,529137
2021-06-08 09:41:06,5782.25,529241
2021-06-08 09:41:07,5781.9,529530
2021-06-08 09:41:07,5781.9,529530
2021-06-08 09:41:08,5783.5,529545
2021-06-08 09:41:09,5783.25,529547
2021-06-08 09:41:11,5780.45,532168
2021-06-08 09:41:12,5781.9,532505
2021-06-08 09:41:13,5782.35,532652
2021-06-08 09:41:14,5780.4,533060
2021-06-08 09:41:15,5782.25,533435
2021-06-08 09:41:16,5782.35,533724
2021-06-08 09:41:17,5782.25,533976
2021-06-08 09:41:18,5783.75,534252
2021-06-08 09:41:19,5785.2,534819
2021-06-08 09:41:20,5785.5,534858
2021-06-08 09:41:21,5783.55,534923
2021-06-08 09:41:22,5783.15,535007
2021-06-08 09:41:23,5782.55,535035
2021-06-08 09:41:24,5782.55,535035
2021-06-08 09:41:25,5782.25,535081
2021-06-08 09:41:26,5782.25,535083
2021-06-08 09:41:27,5782.25,535113
2021-06-08 09:41:28,5783.75,535277
2021-06-08 09:41:29,5782.55,535302
2021-06-08 09:41:30,5784.0,535389
2021-06-08 09:41:31,5782.55,535398
2021-06-08 09:41:32,5782.25,535504
2021-06-08 09:41:33,5783.95,535535
2021-06-08 09:41:34,5783.95,535535
2021-06-08 09:41:35,5782.25,535587
2021-06-08 09:41:36,5782.25,535628
2021-06-08 09:41:37,5782.25,535638
2021-06-08 09:41:38,5782.25,535643
2021-06-08 09:41:39,5783.9,535676
2021-06-08 09:41:40,5783.95,535677
2021-06-08 09:41:41,5781.9,535804
2021-06-08 09:41:42,5780.45,536004
2021-06-08 09:41:43,5782.75,536107
2021-06-08 09:41:44,5784.1,536776
2021-06-08 09:41:45,5784.1,537023
2021-06-08 09:41:46,5784.2,537051
2021-06-08 09:41:47,5784.25,537071
2021-06-08 09:41:48,5785.0,537081
2021-06-08 09:41:49,5786.0,537364
2021-06-08 09:41:50,5786.0,537364
2021-06-08 09:41:51,5785.85,537624
2021-06-08 09:41:52,5785.85,537651
2021-06-08 09:41:53,5787.6,537727
2021-06-08 09:41:54,5784.1,537754
2021-06-08 09:41:56,5785.55,537841
2021-06-08 09:41:55,5785.55,537766
2021-06-08 09:41:57,5785.55,537841
2021-06-08 09:41:58,5785.95,537868
2021-06-08 09:41:59,5785.95,537876
2021-06-08 09:42:01,5785.8,538005
2021-06-08 09:42:02,5785.4,538058
2021-06-08 09:42:03,5785.4,538058
2021-06-08 09:42:04,5784.1,538128
2021-06-08 09:42:05,5785.4,538134
2021-06-08 09:42:06,5784.1,538152
2021-06-08 09:42:07,5785.2,538177
2021-06-08 09:42:08,5784.1,538204
2021-06-08 09:42:09,5784.1,538246
2021-06-08 09:42:10,5784.0,538274
2021-06-08 09:42:11,5783.0,538325
2021-06-08 09:42:13,5784.45,538430
2021-06-08 09:42:12,5784.55,538375
2021-06-08 09:42:14,5782.8,538587
2021-06-08 09:42:15,5782.0,539078
2021-06-08 09:42:17,5781.0,539235
2021-06-08 09:42:18,5781.7,539238
2021-06-08 09:42:19,5781.5,539253
2021-06-08 09:42:21,5781.7,539362
2021-06-08 09:42:22,5781.0,539442
2021-06-08 09:42:23,5782.95,540465
2021-06-08 09:42:24,5782.95,540465
2021-06-08 09:42:25,5781.45,540567
2021-06-08 09:42:26,5781.7,540579
2021-06-08 09:42:27,5785.65,540869
2021-06-08 09:42:28,5785.65,540869
2021-06-08 09:42:29,5784.85,540872
2021-06-08 09:42:30,5784.85,540872
2021-06-08 09:42:32,5782.5,541094
2021-06-08 09:42:31,5782.4,540880
2021-06-08 09:42:33,5784.1,541112
2021-06-08 09:42:34,5783.75,541200
2021-06-08 09:42:35,5783.75,541293
2021-06-08 09:42:36,5785.0,541508
2021-06-08 09:42:37,5785.0,541543
2021-06-08 09:42:38,5785.0,541543
2021-06-08 09:42:39,5782.8,541670
2021-06-08 09:42:40,5785.2,541815
2021-06-08 09:42:41,5782.8,541829
2021-06-08 09:42:42,5784.0,541901
2021-06-08 09:42:44,5782.8,541909
2021-06-08 09:42:43,5784.0,541905
2021-06-08 09:42:45,5782.8,541977
2021-06-08 09:42:46,5780.05,543742
2021-06-08 09:42:47,5778.5,547092
2021-06-08 09:42:48,5778.55,547099
2021-06-08 09:42:50,5777.45,547710
2021-06-08 09:42:49,5780.8,547700
2021-06-08 09:42:51,5775.95,547952
2021-06-08 09:42:52,5775.3,548040
2021-06-08 09:42:53,5775.2,548446
2021-06-08 09:42:54,5773.1,552368
2021-06-08 09:42:55,5775.25,552513
2021-06-08 09:42:56,5775.25,552513
2021-06-08 09:42:57,5775.2,552626
2021-06-08 09:42:58,5775.2,552902
2021-06-08 09:42:59,5775.2,553010
2021-06-08 09:43:00,5775.1,553178
2021-06-08 09:43:01,5772.2,553322
2021-06-08 09:43:02,5772.8,553468
2021-06-08 09:43:03,5772.2,553557
2021-06-08 09:43:04,5772.3,553709
2021-06-08 09:43:05,5772.2,553770
2021-06-08 09:43:06,5771.65,553901
2021-06-08 09:43:07,5772.6,553983
2021-06-08 09:43:08,5771.35,553999
2021-06-08 09:43:09,5772.0,554027
2021-06-08 09:43:10,5771.0,554398
2021-06-08 09:43:11,5771.4,554479
2021-06-08 09:43:12,5771.4,554528
2021-06-08 09:43:13,5770.95,554597
2021-06-08 09:43:14,5770.2,554950
2021-06-08 09:43:15,5771.35,554952
2021-06-08 09:43:16,5771.4,554958
2021-06-08 09:43:17,5771.35,556112
2021-06-08 09:43:18,5770.9,556226
2021-06-08 09:43:19,5772.8,556978
2021-06-08 09:43:21,5770.0,557966
2021-06-08 09:43:21,5771.35,558113
2021-06-08 09:43:22,5770.2,558979
2021-06-08 09:43:24,5771.9,559994
2021-06-08 09:43:25,5770.0,560046
2021-06-08 09:43:27,5770.05,560277
2021-06-08 09:43:27,5770.0,560281
2021-06-08 09:43:28,5770.55,560752
2021-06-08 09:43:29,5770.15,561067
2021-06-08 09:43:30,5771.15,561150
2021-06-08 09:43:31,5771.8,561301
2021-06-08 09:43:32,5773.4,561416
2021-06-08 09:43:33,5772.7,561512
2021-06-08 09:43:34,5773.0,561551
2021-06-08 09:43:35,5772.7,561700
2021-06-08 09:43:36,5774.85,561794
2021-06-08 09:43:37,5774.85,561804
2021-06-08 09:43:39,5773.05,561832
2021-06-08 09:43:39,5773.05,561826
2021-06-08 09:43:40,5773.05,561833
2021-06-08 09:43:41,5772.8,562528
2021-06-08 09:43:42,5771.0,562830
2021-06-08 09:43:43,5774.7,563149
2021-06-08 09:43:44,5773.95,563360
2021-06-08 09:43:45,5771.6,563372
2021-06-08 09:43:47,5774.05,563426
2021-06-08 09:43:47,5772.05,563381
2021-06-08 09:43:48,5773.0,563443
2021-06-08 09:43:49,5773.65,563468
2021-06-08 09:43:50,5773.7,563479
2021-06-08 09:43:51,5773.95,563516
2021-06-08 09:43:52,5771.85,563591
2021-06-08 09:43:54,5772.4,563725
2021-06-08 09:43:54,5774.7,563825
2021-06-08 09:43:55,5774.1,563865
2021-06-08 09:43:57,5774.0,564121
2021-06-08 09:43:58,5774.0,564180
2021-06-08 09:44:00,5774.4,564250
2021-06-08 09:44:00,5774.0,564303
2021-06-08 09:44:01,5773.75,564427
2021-06-08 09:44:02,5773.0,564465
2021-06-08 09:44:03,5774.35,564741
2021-06-08 09:44:04,5773.55,564951
2021-06-08 09:44:05,5773.15,565279
2021-06-08 09:44:07,5773.0,565449
2021-06-08 09:44:08,5773.0,565457
2021-06-08 09:44:08,5773.25,565462
2021-06-08 09:44:09,5774.0,565659
2021-06-08 09:44:10,5774.0,565856
2021-06-08 09:44:11,5772.0,566006
2021-06-08 09:44:12,5771.0,566282
2021-06-08 09:44:13,5773.0,566424
2021-06-08 09:44:15,5772.9,566661
2021-06-08 09:44:15,5772.85,566662
2021-06-08 09:44:16,5772.35,568484
2021-06-08 09:44:17,5771.95,568561
2021-06-08 09:44:18,5765.0,573469
2021-06-08 09:44:19,5763.05,573915
2021-06-08 09:44:21,5765.75,573917
2021-06-08 09:44:21,5765.85,573923
2021-06-08 09:44:22,5765.65,573965
2021-06-08 09:44:23,5763.4,574458
2021-06-08 09:44:24,5762.8,574731
2021-06-08 09:44:26,5763.55,574914
2021-06-08 09:44:27,5765.65,574993
2021-06-08 09:44:27,5765.65,574993
2021-06-08 09:44:28,5765.4,575005
2021-06-08 09:44:29,5763.25,575283
2021-06-08 09:44:30,5766.25,575459
2021-06-08 09:44:31,5765.7,575624
2021-06-08 09:44:32,5763.0,575948
2021-06-08 09:44:33,5765.2,576064
2021-06-08 09:44:34,5762.5,576346
2021-06-08 09:44:36,5763.7,576552
2021-06-08 09:44:37,5765.65,576729
2021-06-08 09:44:37,5764.05,576761
2021-06-08 09:44:39,5767.95,577019
2021-06-08 09:44:39,5768.45,577122
2021-06-08 09:44:40,5765.6,577236
2021-06-08 09:44:41,5767.35,577620
2021-06-08 09:44:42,5765.65,577670
2021-06-08 09:44:43,5765.65,577733
2021-06-08 09:44:44,5766.45,577870
2021-06-08 09:44:45,5765.8,577939
2021-06-08 09:44:46,5764.25,578000
2021-06-08 09:44:48,5765.55,578133
2021-06-08 09:44:49,5764.05,578169
2021-06-08 09:44:50,5763.8,578302
2021-06-08 09:44:51,5763.7,578397
2021-06-08 09:44:51,5765.55,578425
2021-06-08 09:44:52,5765.55,578535
2021-06-08 09:44:53,5765.55,578570
2021-06-08 09:44:54,5767.0,578783
2021-06-08 09:44:55,5767.3,578939
2021-06-08 09:44:56,5765.55,579275
2021-06-08 09:44:57,5765.55,579514
2021-06-08 09:44:58,5765.0,579535
2021-06-08 09:45:00,5767.0,579713
2021-06-08 09:45:00,5767.0,579733
2021-06-08 09:45:01,5767.35,579749
2021-06-08 09:45:02,5767.0,579862
2021-06-08 09:45:03,5768.0,580080
2021-06-08 09:45:04,5767.05,581104
2021-06-08 09:45:05,5764.5,581110
2021-06-08 09:45:06,5766.95,581121
2021-06-08 09:45:07,5767.05,581180
2021-06-08 09:45:08,5766.0,581219
2021-06-08 09:45:10,5766.7,581635
2021-06-08 09:45:10,5764.5,581826
2021-06-08 09:45:11,5764.4,581973
2021-06-08 09:45:12,5767.0,582012
2021-06-08 09:45:13,5770.55,584080
2021-06-08 09:45:14,5766.8,584611
2021-06-08 09:45:15,5766.45,584799
2021-06-08 09:45:17,5765.0,585357
2021-06-08 09:45:18,5766.35,585450
2021-06-08 09:45:19,5766.8,585569
2021-06-08 09:45:19,5766.8,585569
2021-06-08 09:45:20,5767.85,585579
2021-06-08 09:45:22,5766.8,585697
2021-06-08 09:45:23,5769.0,585707
2021-06-08 09:45:24,5766.8,585767
2021-06-08 09:45:25,5769.9,585887
2021-06-08 09:45:26,5769.9,585922
2021-06-08 09:45:27,5769.95,586170
2021-06-08 09:45:29,5766.85,586218
2021-06-08 09:45:30,5766.85,586218
2021-06-08 09:45:31,5770.0,586421
2021-06-08 09:45:31,5769.95,586426
2021-06-08 09:45:32,5767.75,586589
2021-06-08 09:45:34,5767.45,586640
2021-06-08 09:45:35,5770.0,586875
2021-06-08 09:45:36,5769.95,586906
2021-06-08 09:45:37,5770.0,587049
2021-06-08 09:45:38,5770.0,587258
2021-06-08 09:45:39,5768.1,587452
2021-06-08 09:45:40,5769.75,587482
2021-06-08 09:45:42,5770.9,587683
2021-06-08 09:45:43,5771.4,587896
2021-06-08 09:45:44,5772.75,588221
2021-06-08 09:45:44,5772.75,588221
2021-06-08 09:45:45,5771.7,588482
2021-06-08 09:45:46,5774.0,588517
2021-06-08 09:45:47,5774.25,588702
2021-06-08 09:45:48,5774.25,588714
2021-06-08 09:45:50,5775.0,588930
2021-06-08 09:45:51,5775.0,588945
2021-06-08 09:45:52,5775.0,589007
2021-06-08 09:45:53,5773.1,589069
2021-06-08 09:45:53,5775.0,589071
2021-06-08 09:45:54,5774.85,589152
2021-06-08 09:45:55,5775.0,589198
2021-06-08 09:45:56,5774.25,589272
2021-06-08 09:45:57,5774.0,589281
2021-06-08 09:45:58,5774.0,589339
2021-06-08 09:45:59,5775.0,589534
2021-06-08 09:46:00,5774.35,589566
2021-06-08 09:46:01,5773.9,590847
2021-06-08 09:46:02,5775.9,591115
2021-06-08 09:46:03,5779.95,592186
2021-06-08 09:46:04,5781.65,592436
2021-06-08 09:46:05,5777.5,592848
2021-06-08 09:46:06,5777.5,592860
2021-06-08 09:46:07,5777.95,592957
2021-06-08 09:46:08,5778.0,592994
2021-06-08 09:46:10,5777.4,593006
2021-06-08 09:46:11,5776.6,593480
2021-06-08 09:46:12,5776.65,593510
2021-06-08 09:46:13,5776.7,593881
2021-06-08 09:46:14,5776.55,593908
2021-06-08 09:46:15,5774.3,594315
2021-06-08 09:46:16,5774.35,594566
2021-06-08 09:46:17,5777.05,594568
2021-06-08 09:46:18,5775.0,595257
2021-06-08 09:46:19,5775.0,595257
2021-06-08 09:46:20,5775.0,595703
2021-06-08 09:46:21,5776.55,596273
2021-06-08 09:46:22,5776.9,596359
2021-06-08 09:46:23,5776.9,596359
2021-06-08 09:46:24,5774.5,596584
2021-06-08 09:46:25,5776.8,596591
2021-06-08 09:46:26,5776.65,596807
2021-06-08 09:46:27,5775.0,596869
2021-06-08 09:46:28,5775.0,596941
2021-06-08 09:46:29,5774.3,597005
2021-06-08 09:46:30,5774.3,597005
2021-06-08 09:46:30,5774.3,597018
2021-06-08 09:46:31,5775.0,597048
2021-06-08 09:46:32,5775.0,597354
2021-06-08 09:46:33,5775.0,597499
2021-06-08 09:46:34,5775.0,597500
2021-06-08 09:46:35,5774.0,597529
2021-06-08 09:46:36,5775.0,597588
2021-06-08 09:46:37,5774.25,597589
2021-06-08 09:46:38,5775.0,597784
2021-06-08 09:46:39,5775.0,597822
2021-06-08 09:46:40,5771.7,598501
2021-06-08 09:46:41,5772.75,598653
2021-06-08 09:46:42,5772.35,598705
2021-06-08 09:46:43,5772.55,598747
2021-06-08 09:46:44,5774.65,598759
2021-06-08 09:46:45,5774.75,598907
2021-06-08 09:46:46,5774.0,598917
2021-06-08 09:46:47,5772.0,598947
2021-06-08 09:46:48,5774.1,598970
2021-06-08 09:46:49,5773.9,598975
2021-06-08 09:46:50,5772.0,598992
2021-06-08 09:46:51,5773.4,598994
2021-06-08 09:46:52,5774.1,599084
2021-06-08 09:46:53,5773.45,599108
2021-06-08 09:46:54,5772.55,599110
2021-06-08 09:46:55,5773.9,599156
2021-06-08 09:46:56,5772.0,599192
2021-06-08 09:46:57,5773.0,599206
2021-06-08 09:46:59,5772.55,599207
2021-06-08 09:47:00,5772.2,599393
2021-06-08 09:47:01,5772.0,599493
2021-06-08 09:47:02,5772.0,599572
2021-06-08 09:47:03,5774.0,599625
2021-06-08 09:47:04,5773.45,599663
2021-06-08 09:47:05,5772.0,599739
2021-06-08 09:47:06,5774.75,599949
2021-06-08 09:47:08,5774.55,599978
2021-06-08 09:47:10,5774.0,599999
2021-06-08 09:47:11,5775.0,600174
2021-06-08 09:47:13,5774.0,600290
2021-06-08 09:47:14,5775.0,600295
2021-06-08 09:47:15,5775.0,600325
2021-06-08 09:47:16,5775.0,600370
2021-06-08 09:47:17,5775.0,600426
2021-06-08 09:47:18,5774.25,600448
2021-06-08 09:47:18,5774.25,600448
2021-06-08 09:47:19,5773.0,600458
2021-06-08 09:47:20,5773.0,600469
2021-06-08 09:47:21,5771.9,600967
2021-06-08 09:47:22,5771.9,600967
2021-06-08 09:47:23,5772.45,601192
2021-06-08 09:47:24,5770.15,601195
2021-06-08 09:47:25,5772.85,601196
2021-06-08 09:47:26,5773.95,601220
2021-06-08 09:47:27,5771.35,601278
2021-06-08 09:47:28,5772.85,601361
2021-06-08 09:47:29,5770.45,604391
2021-06-08 09:47:30,5770.0,604498
2021-06-08 09:47:31,5770.55,604557
2021-06-08 09:47:32,5770.0,604579
2021-06-08 09:47:33,5770.0,604610
2021-06-08 09:47:35,5768.2,604682
2021-06-08 09:47:36,5768.2,604685
2021-06-08 09:47:37,5768.05,604707
2021-06-08 09:47:38,5770.0,604851
2021-06-08 09:47:39,5769.85,605902
2021-06-08 09:47:40,5768.05,605930
2021-06-08 09:47:42,5768.05,605932
2021-06-08 09:47:43,5769.8,606013
2021-06-08 09:47:44,5769.55,606038
2021-06-08 09:47:45,5768.05,606098
2021-06-08 09:47:46,5769.8,606229
2021-06-08 09:47:47,5768.9,606281
2021-06-08 09:47:48,5769.8,606290
2021-06-08 09:47:49,5769.8,606301
2021-06-08 09:47:50,5769.8,606301
2021-06-08 09:47:50,5769.8,606301
2021-06-08 09:47:51,5770.0,606803
2021-06-08 09:47:52,5769.75,607736
2021-06-08 09:47:53,5768.0,607913
2021-06-08 09:47:54,5769.95,607932
2021-06-08 09:47:55,5769.95,607945
2021-06-08 09:47:56,5768.0,607977
2021-06-08 09:47:58,5767.55,608214
2021-06-08 09:47:58,5769.8,608229
2021-06-08 09:48:00,5767.0,608870
2021-06-08 09:48:01,5767.0,608944
2021-06-08 09:48:01,5768.1,611224
2021-06-08 09:48:02,5768.25,611400
2021-06-08 09:48:03,5769.95,611450
2021-06-08 09:48:04,5768.05,611611
2021-06-08 09:48:05,5768.1,611612
2021-06-08 09:48:06,5768.7,611691
2021-06-08 09:48:08,5768.0,611886
2021-06-08 09:48:09,5767.0,612117
2021-06-08 09:48:10,5767.0,612144
2021-06-08 09:48:10,5766.0,612286
2021-06-08 09:48:12,5767.9,612319
2021-06-08 09:48:12,5768.15,612346
2021-06-08 09:48:13,5765.3,613030
2021-06-08 09:48:14,5765.0,614333
2021-06-08 09:48:15,5763.7,614371
2021-06-08 09:48:16,5765.0,614474
2021-06-08 09:48:17,5765.0,614596
2021-06-08 09:48:19,5765.0,615665
2021-06-08 09:48:19,5765.0,615702
2021-06-08 09:48:20,5765.0,615775
2021-06-08 09:48:21,5765.0,616023
2021-06-08 09:48:22,5763.0,616034
2021-06-08 09:48:23,5765.0,616734
2021-06-08 09:48:24,5764.9,616864
2021-06-08 09:48:26,5765.0,616880
2021-06-08 09:48:26,5765.0,616997
2021-06-08 09:48:27,5764.95,617503
2021-06-08 09:48:28,5765.0,617963
2021-06-08 09:48:30,5764.4,618785
2021-06-08 09:48:31,5764.4,618811
2021-06-08 09:48:32,5763.0,619086
2021-06-08 09:48:33,5764.4,619097
2021-06-08 09:48:34,5763.0,619181
2021-06-08 09:48:35,5763.0,619234
2021-06-08 09:48:36,5763.95,619820
2021-06-08 09:48:37,5763.0,619883
2021-06-08 09:48:38,5763.0,620051
2021-06-08 09:48:39,5763.0,620271
2021-06-08 09:48:40,5763.4,620296
2021-06-08 09:48:41,5763.0,621174
2021-06-08 09:48:42,5763.2,621268
2021-06-08 09:48:43,5763.25,621328
2021-06-08 09:48:43,5763.25,621331
2021-06-08 09:48:46,5761.35,623050
2021-06-08 09:48:47,5761.7,623104
2021-06-08 09:48:48,5761.35,623272
2021-06-08 09:48:49,5761.7,623327
2021-06-08 09:48:50,5761.35,624022
2021-06-08 09:48:51,5762.0,624089
2021-06-08 09:48:52,5761.65,624221
2021-06-08 09:48:53,5761.35,625293
2021-06-08 09:48:54,5761.1,625373
2021-06-08 09:48:54,5761.05,625463
2021-06-08 09:48:55,5761.0,626420
2021-06-08 09:48:56,5760.4,627277
2021-06-08 09:48:58,5760.0,628051
2021-06-08 09:48:59,5758.8,630706
2021-06-08 09:49:00,5758.8,630772
2021-06-08 09:49:01,5760.0,631245
2021-06-08 09:49:02,5758.5,631315
2021-06-08 09:49:03,5758.5,631367
2021-06-08 09:49:04,5758.5,631494
2021-06-08 09:49:05,5758.5,631519
2021-06-08 09:49:05,5759.95,631509
2021-06-08 09:49:06,5759.95,631736
2021-06-08 09:49:07,5758.5,633328
2021-06-08 09:49:09,5759.25,633564
2021-06-08 09:49:09,5759.25,633600
2021-06-08 09:49:11,5759.25,633678
2021-06-08 09:49:12,5759.25,633876
2021-06-08 09:49:13,5758.4,634065
2021-06-08 09:49:14,5759.25,637212
2021-06-08 09:49:15,5757.95,637724
2021-06-08 09:49:16,5757.35,637762
2021-06-08 09:49:17,5757.35,637831
2021-06-08 09:49:18,5758.0,637891
2021-06-08 09:49:19,5757.35,638055
2021-06-08 09:49:20,5758.0,638190
2021-06-08 09:49:21,5757.9,640781
2021-06-08 09:49:22,5757.9,641083
2021-06-08 09:49:23,5757.0,641197
2021-06-08 09:49:24,5756.65,641688
2021-06-08 09:49:25,5755.65,641953
2021-06-08 09:49:26,5756.1,642807
2021-06-08 09:49:27,5755.7,643008
2021-06-08 09:49:28,5755.35,643155
2021-06-08 09:49:29,5755.0,644308
2021-06-08 09:49:31,5755.0,644474
2021-06-08 09:49:33,5755.0,645067
2021-06-08 09:49:34,5755.05,645390
2021-06-08 09:49:35,5755.0,645674
2021-06-08 09:49:36,5755.0,645864
2021-06-08 09:49:37,5755.05,645926
2021-06-08 09:49:38,5754.55,646591
2021-06-08 09:49:39,5754.55,646828
2021-06-08 09:49:40,5754.55,647040
2021-06-08 09:49:41,5754.55,647253
2021-06-08 09:49:42,5754.55,647500
2021-06-08 09:49:43,5754.55,647812
2021-06-08 09:49:44,5752.35,648863
2021-06-08 09:49:45,5752.35,649798
2021-06-08 09:49:46,5752.35,649967
2021-06-08 09:49:47,5752.35,650097
2021-06-08 09:49:48,5752.2,650616
2021-06-08 09:49:49,5752.2,650674
2021-06-08 09:49:50,5752.35,650779
2021-06-08 09:49:51,5752.2,650845
2021-06-08 09:49:52,5752.35,651505
2021-06-08 09:49:52,5752.35,651589
2021-06-08 09:49:53,5752.35,653305
2021-06-08 09:49:54,5751.5,655096
2021-06-08 09:49:55,5752.0,655276
2021-06-08 09:49:56,5752.0,656207
2021-06-08 09:49:57,5752.5,656253
2021-06-08 09:49:58,5752.5,656616
2021-06-08 09:49:59,5752.5,660025
2021-06-08 09:50:00,5752.5,665122
2021-06-08 09:50:01,5752.45,665974
2021-06-08 09:50:02,5752.45,666100
2021-06-08 09:50:03,5752.5,666229
2021-06-08 09:50:04,5752.5,666427
2021-06-08 09:50:06,5752.5,666611
2021-06-08 09:50:07,5752.0,667217
2021-06-08 09:50:08,5752.0,667429
2021-06-08 09:50:09,5752.25,667445
2021-06-08 09:50:10,5752.25,668578
2021-06-08 09:50:11,5751.95,669125
2021-06-08 09:50:12,5752.25,669292
2021-06-08 09:50:13,5751.6,669351
2021-06-08 09:50:14,5751.15,670163
2021-06-08 09:50:15,5751.1,670340
2021-06-08 09:50:16,5751.05,671063
2021-06-08 09:50:17,5751.1,671760
2021-06-08 09:50:18,5751.15,671803
2021-06-08 09:50:19,5751.0,671986
2021-06-08 09:50:20,5750.05,672448
2021-06-08 09:50:21,5751.1,672476
2021-06-08 09:50:22,5750.0,674928
2021-06-08 09:50:23,5750.0,675057
2021-06-08 09:50:24,5750.05,676797
2021-06-08 09:50:25,5750.1,676879
2021-06-08 09:50:26,5750.15,677094
2021-06-08 09:50:27,5750.0,677977
2021-06-08 09:50:28,5750.0,678463
2021-06-08 09:50:28,5751.15,680170
2021-06-08 09:50:30,5751.15,683536
2021-06-08 09:50:31,5750.0,683583
2021-06-08 09:50:32,5751.1,683589
2021-06-08 09:50:33,5751.05,683728
2021-06-08 09:50:34,5751.05,683866
2021-06-08 09:50:35,5751.0,683981
2021-06-08 09:50:36,5751.15,684229
2021-06-08 09:50:37,5751.15,684231
2021-06-08 09:50:38,5751.0,684247
2021-06-08 09:50:39,5751.05,684315
2021-06-08 09:50:40,5751.0,684374
2021-06-08 09:50:41,5751.05,684393
2021-06-08 09:50:42,5751.05,687975
2021-06-08 09:50:43,5751.0,688145
2021-06-08 09:50:44,5750.9,694673
2021-06-08 09:50:45,5752.0,695322
2021-06-08 09:50:46,5754.7,695564
2021-06-08 09:50:47,5752.6,695653
2021-06-08 09:50:48,5752.6,695929
2021-06-08 09:50:49,5755.05,696195
2021-06-08 09:50:50,5756.55,696377
2021-06-08 09:50:51,5757.2,696693
2021-06-08 09:50:52,5758.0,696843
2021-06-08 09:50:54,5758.2,697365
2021-06-08 09:50:55,5756.55,697518
2021-06-08 09:50:56,5758.8,697758
2021-06-08 09:50:57,5758.5,697770
2021-06-08 09:50:58,5759.95,697840
2021-06-08 09:50:59,5758.95,701432
2021-06-08 09:51:00,5758.95,701550
2021-06-08 09:51:00,5758.95,701850
2021-06-08 09:51:01,5758.95,703232
2021-06-08 09:51:02,5758.75,703367
2021-06-08 09:51:03,5758.95,704925
2021-06-08 09:51:04,5758.95,706105
2021-06-08 09:51:05,5758.95,706267
2021-06-08 09:51:06,5758.95,706270
2021-06-08 09:51:07,5758.75,706411
2021-06-08 09:51:09,5758.85,706440
2021-06-08 09:51:10,5758.85,706597
2021-06-08 09:51:11,5758.0,706706
2021-06-08 09:51:12,5758.85,706885
2021-06-08 09:51:13,5758.85,707101
2021-06-08 09:51:14,5756.8,708330
2021-06-08 09:51:15,5756.8,708422
2021-06-08 09:51:16,5757.2,708529
2021-06-08 09:51:17,5757.2,708554
2021-06-08 09:51:18,5757.2,708737
2021-06-08 09:51:19,5757.2,709065
2021-06-08 09:51:20,5757.2,709433
2021-06-08 09:51:21,5760.9,711212
2021-06-08 09:51:22,5759.15,711223
2021-06-08 09:51:22,5759.15,711223
2021-06-08 09:51:24,5761.0,711300
2021-06-08 09:51:25,5763.5,711649
2021-06-08 09:51:26,5760.2,711700
2021-06-08 09:51:27,5764.9,711847
2021-06-08 09:51:28,5767.45,712182
2021-06-08 09:51:29,5762.2,712220
2021-06-08 09:51:30,5762.2,712303
2021-06-08 09:51:31,5762.2,712501
2021-06-08 09:51:31,5760.9,712521
2021-06-08 09:51:33,5762.2,712552
2021-06-08 09:51:34,5761.95,716493
2021-06-08 09:51:35,5762.2,718311
2021-06-08 09:51:36,5761.0,718456
2021-06-08 09:51:36,5762.2,718459
2021-06-08 09:51:38,5758.15,722617
2021-06-08 09:51:39,5760.0,723253
2021-06-08 09:51:40,5760.0,723392
2021-06-08 09:51:41,5760.0,723512
2021-06-08 09:51:41,5760.0,723512
2021-06-08 09:51:43,5760.95,723704
2021-06-08 09:51:44,5759.85,723835
2021-06-08 09:51:45,5758.85,724292
2021-06-08 09:51:46,5758.95,724329
2021-06-08 09:51:47,5758.0,724778
2021-06-08 09:51:48,5757.05,725580
2021-06-08 09:51:48,5757.05,725580
2021-06-08 09:51:50,5759.0,725593
2021-06-08 09:51:51,5759.25,726344
2021-06-08 09:51:52,5756.55,726654
2021-06-08 09:51:53,5755.0,727176
2021-06-08 09:51:54,5755.0,727992
2021-06-08 09:51:55,5754.95,728473
2021-06-08 09:51:56,5754.9,728573
2021-06-08 09:51:57,5754.65,728978
2021-06-08 09:51:58,5754.2,729522
2021-06-08 09:51:59,5752.35,732355
2021-06-08 09:52:00,5752.35,732428
2021-06-08 09:52:01,5752.2,734452
2021-06-08 09:52:02,5752.05,734552
2021-06-08 09:52:03,5752.3,734739
2021-06-08 09:52:04,5752.3,737385
2021-06-08 09:52:05,5752.3,737534
2021-06-08 09:52:06,5752.3,737543
2021-06-08 09:52:07,5752.0,737664
2021-06-08 09:52:09,5752.0,737776
2021-06-08 09:52:08,5752.15,737676
2021-06-08 09:52:10,5752.15,738089
2021-06-08 09:52:11,5752.15,738509
2021-06-08 09:52:12,5752.0,738919
2021-06-08 09:52:13,5752.15,739024
2021-06-08 09:52:14,5751.2,740944
2021-06-08 09:52:15,5751.2,740944
2021-06-08 09:52:16,5751.15,741232
2021-06-08 09:52:17,5751.15,741542
2021-06-08 09:52:18,5751.15,741603
2021-06-08 09:52:19,5753.95,743229
2021-06-08 09:52:20,5754.2,743247
2021-06-08 09:52:21,5754.8,743268
2021-06-08 09:52:22,5754.8,743268
2021-06-08 09:52:23,5753.15,743290
2021-06-08 09:52:24,5754.95,743317
2021-06-08 09:52:25,5754.95,743496
2021-06-08 09:52:26,5756.7,743702
2021-06-08 09:52:27,5756.65,743703
2021-06-08 09:52:28,5756.05,743729
2021-06-08 09:52:29,5755.3,744068
2021-06-08 09:52:31,5755.25,744073
2021-06-08 09:52:30,5755.25,744073
2021-06-08 09:52:32,5755.25,744225
2021-06-08 09:52:33,5755.25,744355
2021-06-08 09:52:34,5755.25,744763
2021-06-08 09:52:35,5755.25,744803
2021-06-08 09:52:36,5755.25,745018
2021-06-08 09:52:37,5755.25,745203
2021-06-08 09:52:38,5755.15,745314
2021-06-08 09:52:39,5755.15,748982
2021-06-08 09:52:40,5755.15,748992
2021-06-08 09:52:41,5755.15,749109
2021-06-08 09:52:42,5755.15,749172
2021-06-08 09:52:43,5755.15,749236
2021-06-08 09:52:45,5754.0,751535
2021-06-08 09:52:46,5754.6,751685
2021-06-08 09:52:47,5754.55,751724
2021-06-08 09:52:48,5754.05,751745
2021-06-08 09:52:49,5754.6,752070
2021-06-08 09:52:50,5754.6,752358
2021-06-08 09:52:51,5754.6,752475
2021-06-08 09:52:52,5754.6,752571
2021-06-08 09:52:53,5754.45,753760
2021-06-08 09:52:54,5754.6,753825
2021-06-08 09:52:56,5755.1,754929
2021-06-08 09:52:57,5755.25,754974
2021-06-08 09:52:58,5755.25,754974
2021-06-08 09:52:59,5754.2,755183
2021-06-08 09:53:00,5754.2,755326
2021-06-08 09:53:01,5754.2,755372
2021-06-08 09:53:02,5754.2,755827
2021-06-08 09:53:03,5754.2,756425
2021-06-08 09:53:04,5754.2,756440
2021-06-08 09:53:05,5754.1,756450
2021-06-08 09:53:06,5754.2,756665
2021-06-08 09:53:07,5754.2,757749
2021-06-08 09:53:08,5754.15,757814
2021-06-08 09:53:09,5754.15,758745
2021-06-08 09:53:10,5754.15,758745
2021-06-08 09:53:11,5754.1,758751
2021-06-08 09:53:12,5754.15,758976
2021-06-08 09:53:13,5754.1,758992
2021-06-08 09:53:14,5753.15,760311
2021-06-08 09:53:15,5753.05,761437
2021-06-08 09:53:16,5753.05,762105
2021-06-08 09:53:18,5753.05,762124
2021-06-08 09:53:17,5753.05,762124
2021-06-08 09:53:19,5753.05,762324
2021-06-08 09:53:20,5753.0,762510
2021-06-08 09:53:21,5753.05,762720
2021-06-08 09:53:22,5753.05,762729
2021-06-08 09:53:23,5753.0,762810
2021-06-08 09:53:25,5752.0,764033
2021-06-08 09:53:24,5752.9,764026
2021-06-08 09:53:26,5751.95,764845
2021-06-08 09:53:27,5752.3,764870
2021-06-08 09:53:28,5753.15,765001
2021-06-08 09:53:29,5752.25,767189
2021-06-08 09:53:30,5752.25,769161
2021-06-08 09:53:32,5752.25,769322
2021-06-08 09:53:31,5752.2,769321
2021-06-08 09:53:33,5752.2,769971
2021-06-08 09:53:34,5752.2,770068
2021-06-08 09:53:35,5752.2,770101
2021-06-08 09:53:36,5752.25,771351
2021-06-08 09:53:37,5752.25,771480
2021-06-08 09:53:38,5752.2,772480
2021-06-08 09:53:39,5752.0,773548
2021-06-08 09:53:40,5752.2,773653
2021-06-08 09:53:41,5752.0,773669
2021-06-08 09:53:42,5752.2,773830
2021-06-08 09:53:43,5752.0,773838
2021-06-08 09:53:44,5751.2,776050
2021-06-08 09:53:45,5751.15,776330
2021-06-08 09:53:46,5751.05,776510
2021-06-08 09:53:47,5751.05,776706
2021-06-08 09:53:48,5751.15,777028
2021-06-08 09:53:49,5751.15,777522
2021-06-08 09:53:50,5751.2,777785
2021-06-08 09:53:51,5751.2,777792
2021-06-08 09:53:52,5751.2,779158
2021-06-08 09:53:53,5751.0,779218
2021-06-08 09:53:54,5751.05,779325
2021-06-08 09:53:55,5751.0,779427
2021-06-08 09:53:56,5751.0,779427
2021-06-08 09:53:57,5751.2,779453
2021-06-08 09:53:58,5751.0,779730
2021-06-08 09:54:00,5750.3,780465
2021-06-08 09:54:01,5750.3,780476
2021-06-08 09:54:02,5750.2,780783
2021-06-08 09:54:03,5750.35,780805
2021-06-08 09:54:05,5750.35,781035
2021-06-08 09:54:05,5750.35,781035
2021-06-08 09:54:06,5750.2,781205
2021-06-08 09:54:07,5750.2,781576
2021-06-08 09:54:08,5750.25,782870
2021-06-08 09:54:09,5750.25,783107
2021-06-08 09:54:11,5750.25,783737
2021-06-08 09:54:12,5750.1,783952
2021-06-08 09:54:12,5750.1,784027
2021-06-08 09:54:13,5750.25,784183
2021-06-08 09:54:14,5749.1,787115
2021-06-08 09:54:16,5749.05,787322
2021-06-08 09:54:16,5749.05,787371
2021-06-08 09:54:17,5749.1,787443
2021-06-08 09:54:18,5749.1,787804
2021-06-08 09:54:19,5749.0,788031
2021-06-08 09:54:20,5749.0,788207
2021-06-08 09:54:21,5748.0,789200
2021-06-08 09:54:22,5749.0,789368
2021-06-08 09:54:24,5747.45,790576
2021-06-08 09:54:24,5746.95,791025
2021-06-08 09:54:25,5746.0,793198
2021-06-08 09:54:26,5744.25,794369
2021-06-08 09:54:27,5742.05,796170
2021-06-08 09:54:28,5741.1,796753
2021-06-08 09:54:30,5740.0,800733
2021-06-08 09:54:30,5740.05,800766
2021-06-08 09:54:31,5737.85,801780
2021-06-08 09:54:33,5739.65,803959
2021-06-08 09:54:34,5740.05,804829
2021-06-08 09:54:35,5738.0,805594
2021-06-08 09:54:36,5740.0,806335
2021-06-08 09:54:37,5740.0,806379
2021-06-08 09:54:38,5739.65,806444
2021-06-08 09:54:40,5740.0,807085
2021-06-08 09:54:40,5738.0,807325
2021-06-08 09:54:42,5739.95,807668
2021-06-08 09:54:42,5738.0,807688
2021-06-08 09:54:43,5740.0,808057
2021-06-08 09:54:44,5739.55,808138
2021-06-08 09:54:45,5739.75,808527
2021-06-08 09:54:46,5739.6,808588
2021-06-08 09:54:48,5739.15,809076
2021-06-08 09:54:48,5739.15,809091
2021-06-08 09:54:49,5737.7,809164
2021-06-08 09:54:50,5738.35,810420
2021-06-08 09:54:51,5736.0,810689
2021-06-08 09:54:52,5735.1,810897
2021-06-08 09:54:53,5737.2,810969
2021-06-08 09:54:54,5739.0,811108
2021-06-08 09:54:56,5737.85,811174
2021-06-08 09:54:56,5737.85,811195
2021-06-08 09:54:57,5735.9,811256
2021-06-08 09:54:58,5735.0,811723
2021-06-08 09:54:59,5738.0,811805
2021-06-08 09:55:00,5737.25,811917
2021-06-08 09:55:02,5735.95,812733
2021-06-08 09:55:02,5735.5,812953
2021-06-08 09:55:03,5736.6,812968
2021-06-08 09:55:04,5735.05,813305
2021-06-08 09:55:05,5735.1,813402
2021-06-08 09:55:06,5737.1,813545
2021-06-08 09:55:08,5737.6,813985
2021-06-08 09:55:08,5735.1,814013
2021-06-08 09:55:09,5735.05,814275
2021-06-08 09:55:10,5735.25,814415
2021-06-08 09:55:11,5737.2,814641
2021-06-08 09:55:12,5735.0,814710
2021-06-08 09:55:13,5736.55,815030
2021-06-08 09:55:14,5736.75,815055
2021-06-08 09:55:16,5737.75,815097
2021-06-08 09:55:16,5735.25,815103
2021-06-08 09:55:17,5735.1,815205
2021-06-08 09:55:18,5736.8,815943
2021-06-08 09:55:19,5736.55,816219
2021-06-08 09:55:20,5738.6,816355
2021-06-08 09:55:21,5738.95,816416
2021-06-08 09:55:22,5737.2,816481
2021-06-08 09:55:24,5735.6,816650
2021-06-08 09:55:24,5738.0,816655
2021-06-08 09:55:25,5739.7,816968
2021-06-08 09:55:26,5739.5,817044
2021-06-08 09:55:27,5737.0,817436
2021-06-08 09:55:28,5739.0,817649
2021-06-08 09:55:29,5736.75,817727
2021-06-08 09:55:31,5739.6,817790
2021-06-08 09:55:31,5739.6,817790
2021-06-08 09:55:32,5737.2,817950
2021-06-08 09:55:33,5736.55,818000
2021-06-08 09:55:36,5736.55,818310
2021-06-08 09:55:36,5736.55,818350
2021-06-08 09:55:37,5736.35,820000
2021-06-08 09:55:38,5735.0,820369
2021-06-08 09:55:39,5736.4,820444
2021-06-08 09:55:40,5736.35,820457
2021-06-08 09:55:41,5736.4,820550
2021-06-08 09:55:43,5736.35,820709
2021-06-08 09:55:43,5736.35,820711
2021-06-08 09:55:44,5737.15,821437
2021-06-08 09:55:45,5736.0,821636
2021-06-08 09:55:46,5736.35,821648
2021-06-08 09:55:47,5736.3,821708
2021-06-08 09:55:48,5735.4,822098
2021-06-08 09:55:50,5736.0,823014
2021-06-08 09:55:50,5735.4,823017
2021-06-08 09:55:51,5733.3,824386
2021-06-08 09:55:52,5733.3,824433
2021-06-08 09:55:53,5733.1,824621
2021-06-08 09:55:54,5732.75,824675
2021-06-08 09:55:55,5732.75,824775
2021-06-08 09:55:56,5731.0,825506
2021-06-08 09:55:58,5732.0,825579
2021-06-08 09:55:58,5730.0,827573
2021-06-08 09:55:59,5730.05,827591
2021-06-08 09:56:01,5723.55,836939
2021-06-08 09:56:02,5723.35,837054
2021-06-08 09:56:03,5723.35,837280
2021-06-08 09:56:04,5723.55,838649
2021-06-08 09:56:05,5724.2,839050
2021-06-08 09:56:06,5722.85,839675
2021-06-08 09:56:08,5725.2,840015
2021-06-08 09:56:09,5721.35,840719
2021-06-08 09:56:10,5725.8,841218
2021-06-08 09:56:11,5725.0,841333
2021-06-08 09:56:12,5728.15,841513
2021-06-08 09:56:13,5726.15,841660
2021-06-08 09:56:15,5727.75,842001
2021-06-08 09:56:16,5728.15,842131
2021-06-08 09:56:16,5728.15,842131
2021-06-08 09:56:17,5729.0,842352
2021-06-08 09:56:18,5727.0,842702
2021-06-08 09:56:19,5727.05,842839
2021-06-08 09:56:21,5727.55,844066
2021-06-08 09:56:22,5728.8,844369
2021-06-08 09:56:22,5728.8,844369
2021-06-08 09:56:23,5727.75,844401
2021-06-08 09:56:24,5729.8,844865
2021-06-08 09:56:25,5728.35,844927
2021-06-08 09:56:27,5730.05,845348
2021-06-08 09:56:28,5730.0,845479
2021-06-08 09:56:28,5728.0,845995
2021-06-08 09:56:29,5729.3,846579
2021-06-08 09:56:30,5732.45,846829
2021-06-08 09:56:31,5730.0,846869
2021-06-08 09:56:32,5730.0,846905
2021-06-08 09:56:33,5732.4,846959
2021-06-08 09:56:34,5732.95,847020
2021-06-08 09:56:35,5730.55,847398
2021-06-08 09:56:36,5733.2,847463
2021-06-08 09:56:37,5733.85,847484
2021-06-08 09:56:39,5731.05,847715
2021-06-08 09:56:40,5733.55,847740
2021-06-08 09:56:41,5731.8,847840
2021-06-08 09:56:42,5735.0,847900
2021-06-08 09:56:43,5735.0,847997
2021-06-08 09:56:45,5733.15,848094
2021-06-08 09:56:46,5735.0,848209
2021-06-08 09:56:47,5732.95,848332
2021-06-08 09:56:48,5733.85,848476
2021-06-08 09:56:50,5733.85,848731
2021-06-08 09:56:51,5734.8,848800
2021-06-08 09:56:52,5734.8,849023
2021-06-08 09:56:52,5734.8,849023
2021-06-08 09:56:53,5735.0,849055
2021-06-08 09:56:54,5734.9,849196
2021-06-08 09:56:55,5732.9,849224
2021-06-08 09:56:56,5735.0,849255
2021-06-08 09:56:57,5735.0,849266
2021-06-08 09:56:58,5734.8,849286
2021-06-08 09:56:59,5731.6,849898
2021-06-08 09:57:02,5731.85,850080
2021-06-08 09:57:03,5731.55,850159
2021-06-08 09:57:03,5731.05,850184
2021-06-08 09:57:04,5730.0,850883
2021-06-08 09:57:05,5729.35,850964
2021-06-08 09:57:06,5728.0,851025
2021-06-08 09:57:07,5728.35,851050
2021-06-08 09:57:08,5728.65,851100
2021-06-08 09:57:09,5728.0,851165
2021-06-08 09:57:10,5731.3,851678
2021-06-08 09:57:11,5731.3,851678
2021-06-08 09:57:12,5733.5,851681
2021-06-08 09:57:13,5733.55,851723
2021-06-08 09:57:14,5732.75,851779
2021-06-08 09:57:15,5730.45,851824
2021-06-08 09:57:16,5730.25,851855
2021-06-08 09:57:18,5732.8,851861
2021-06-08 09:57:19,5733.15,851894
2021-06-08 09:57:19,5733.15,851895
2021-06-08 09:57:20,5732.5,851922
2021-06-08 09:57:21,5732.2,851949
2021-06-08 09:57:22,5731.25,851950
2021-06-08 09:57:23,5733.0,852079
2021-06-08 09:57:24,5733.25,852085
2021-06-08 09:57:25,5733.95,852397
2021-06-08 09:57:26,5734.9,852450
2021-06-08 09:57:27,5734.9,852450
2021-06-08 09:57:28,5734.9,852470
2021-06-08 09:57:29,5734.8,854209
2021-06-08 09:57:30,5737.0,854453
2021-06-08 09:57:31,5737.95,854456
2021-06-08 09:57:33,5737.0,854748
2021-06-08 09:57:34,5737.05,854895
2021-06-08 09:57:35,5737.9,854984
2021-06-08 09:57:36,5738.2,854995
2021-06-08 09:57:36,5738.2,854995
2021-06-08 09:57:37,5738.0,855213
2021-06-08 09:57:38,5738.8,855246
2021-06-08 09:57:39,5738.8,855350
2021-06-08 09:57:41,5738.05,855415
2021-06-08 09:57:42,5738.05,855493
2021-06-08 09:57:42,5738.05,855479
2021-06-08 09:57:43,5738.05,855508
2021-06-08 09:57:44,5739.0,855618
2021-06-08 09:57:45,5738.0,855648
2021-06-08 09:57:46,5739.7,855686
2021-06-08 09:57:47,5740.0,855860
2021-06-08 09:57:49,5740.0,856024
2021-06-08 09:57:50,5740.0,856429
2021-06-08 09:57:51,5739.95,856815
2021-06-08 09:57:52,5740.0,856852
2021-06-08 09:57:53,5737.35,857013
2021-06-08 09:57:54,5738.05,857022
2021-06-08 09:57:54,5737.2,857560
2021-06-08 09:57:55,5739.75,857580
2021-06-08 09:57:57,5740.0,858084
2021-06-08 09:57:59,5737.2,858290
2021-06-08 09:58:00,5738.0,858323
2021-06-08 09:58:00,5739.8,858924
2021-06-08 09:58:01,5738.0,858975
2021-06-08 09:58:02,5739.4,858986
2021-06-08 09:58:05,5738.0,859058
2021-06-08 09:58:06,5736.9,859308
2021-06-08 09:58:07,5738.05,859572
2021-06-08 09:58:07,5738.0,859592
2021-06-08 09:58:08,5737.2,859603
2021-06-08 09:58:09,5737.2,860253
2021-06-08 09:58:10,5737.2,860292
2021-06-08 09:58:12,5737.0,860303
2021-06-08 09:58:13,5738.0,860559
2021-06-08 09:58:14,5738.0,860588
2021-06-08 09:58:15,5737.2,860710
2021-06-08 09:58:15,5735.35,860712
2021-06-08 09:58:16,5735.3,860788
2021-06-08 09:58:17,5733.0,860887
2021-06-08 09:58:18,5733.0,860906
2021-06-08 09:58:20,5733.0,861061
2021-06-08 09:58:21,5734.55,861101
2021-06-08 09:58:22,5733.0,861131
2021-06-08 09:58:23,5734.5,861132
2021-06-08 09:58:24,5734.5,861255
2021-06-08 09:58:24,5734.5,861255
2021-06-08 09:58:25,5734.75,861440
2021-06-08 09:58:26,5733.0,861470
2021-06-08 09:58:28,5734.5,861764
2021-06-08 09:58:29,5732.9,861798
2021-06-08 09:58:30,5734.5,862262
2021-06-08 09:58:31,5735.0,862338
2021-06-08 09:58:32,5735.4,862405
2021-06-08 09:58:33,5734.5,862500
2021-06-08 09:58:34,5735.4,862502
2021-06-08 09:58:35,5735.4,862528
2021-06-08 09:58:36,5735.4,862621
2021-06-08 09:58:37,5735.05,862645
2021-06-08 09:58:37,5735.05,862645
2021-06-08 09:58:38,5734.5,862695
2021-06-08 09:58:39,5735.05,862734
2021-06-08 09:58:41,5735.05,862750
2021-06-08 09:58:42,5735.0,862988
2021-06-08 09:58:43,5736.15,863068
2021-06-08 09:58:44,5735.5,863131
2021-06-08 09:58:44,5735.5,863131
2021-06-08 09:58:45,5735.75,863148
2021-06-08 09:58:46,5735.95,863190
2021-06-08 09:58:47,5736.0,863220
2021-06-08 09:58:48,5736.15,863221
2021-06-08 09:58:49,5736.9,863268
2021-06-08 09:58:51,5736.9,863272
2021-06-08 09:58:52,5736.9,863282
2021-06-08 09:58:53,5736.9,863282
2021-06-08 09:58:54,5736.9,863282
2021-06-08 09:58:55,5735.75,863343
2021-06-08 09:58:55,5735.75,863343
2021-06-08 09:58:56,5735.4,863462
2021-06-08 09:58:57,5737.75,864265
2021-06-08 09:58:58,5737.75,864332
2021-06-08 09:58:59,5736.9,864387
2021-06-08 09:59:00,5735.9,864398
2021-06-08 09:59:01,5736.9,864412
2021-06-08 09:59:03,5736.8,864435
2021-06-08 09:59:04,5736.9,864479
2021-06-08 09:59:05,5736.8,864877
2021-06-08 09:59:06,5736.8,864878
2021-06-08 09:59:07,5736.8,864890
2021-06-08 09:59:08,5736.85,864900
2021-06-08 09:59:09,5736.85,865002
2021-06-08 09:59:10,5736.9,865010
2021-06-08 09:59:10,5736.8,865013
2021-06-08 09:59:12,5736.8,865131
2021-06-08 09:59:13,5736.9,865151
2021-06-08 09:59:14,5736.9,865153
2021-06-08 09:59:15,5736.9,865230
2021-06-08 09:59:16,5736.9,865251
2021-06-08 09:59:17,5736.9,865319
2021-06-08 09:59:18,5736.9,865344
2021-06-08 09:59:19,5736.9,865464
2021-06-08 09:59:19,5736.9,865474
2021-06-08 09:59:20,5736.9,865474
2021-06-08 09:59:21,5738.8,866154
2021-06-08 09:59:22,5739.0,866190
2021-06-08 09:59:24,5738.0,866197
2021-06-08 09:59:25,5738.0,866197
2021-06-08 09:59:26,5737.25,866249
2021-06-08 09:59:27,5738.9,866259
2021-06-08 09:59:28,5738.9,866274
2021-06-08 09:59:29,5738.9,866276
2021-06-08 09:59:30,5739.0,866377
2021-06-08 09:59:30,5737.0,866386
2021-06-08 09:59:31,5739.0,866388
2021-06-08 09:59:32,5737.0,866488
2021-06-08 09:59:33,5738.9,866518
2021-06-08 09:59:35,5738.0,866626
2021-06-08 09:59:36,5737.9,866693
2021-06-08 09:59:37,5737.9,867100
2021-06-08 09:59:38,5739.7,867111
2021-06-08 09:59:39,5739.85,867181
2021-06-08 09:59:39,5739.8,867184
2021-06-08 09:59:41,5740.0,867360
2021-06-08 09:59:42,5740.0,867380
2021-06-08 09:59:42,5740.0,867380
2021-06-08 09:59:43,5737.9,868217
2021-06-08 09:59:44,5739.05,868323
2021-06-08 09:59:45,5739.05,868334
2021-06-08 09:59:46,5739.15,868346
2021-06-08 09:59:47,5739.55,868497
2021-06-08 09:59:49,5739.15,868500
2021-06-08 09:59:50,5739.15,868523
2021-06-08 09:59:51,5739.15,868641
2021-06-08 09:59:52,5739.8,868668
2021-06-08 09:59:53,5740.0,868982
2021-06-08 09:59:54,5739.1,868988
2021-06-08 09:59:55,5737.75,869488
2021-06-08 09:59:55,5737.75,869488
2021-06-08 09:59:56,5739.15,869512
2021-06-08 09:59:57,5739.05,869544
2021-06-08 09:59:59,5739.95,869701
2021-06-08 10:00:00,5737.75,869763
2021-06-08 10:00:01,5739.35,869838
2021-06-08 10:00:02,5737.0,869939
2021-06-08 10:00:03,5738.0,870044
2021-06-08 10:00:03,5738.0,870044
2021-06-08 10:00:04,5737.8,870110
2021-06-08 10:00:05,5738.5,870207
2021-06-08 10:00:08,5738.4,870327
2021-06-08 10:00:10,5738.45,870421
2021-06-08 10:00:11,5738.65,870468
2021-06-08 10:00:11,5738.65,870468
2021-06-08 10:00:12,5738.65,870475
2021-06-08 10:00:13,5736.3,870555
2021-06-08 10:00:14,5737.0,870640
2021-06-08 10:00:16,5739.0,870727
2021-06-08 10:00:17,5739.15,870737
2021-06-08 10:00:18,5739.15,870737
2021-06-08 10:00:19,5740.0,870977
2021-06-08 10:00:20,5740.0,871288
2021-06-08 10:00:20,5740.0,871145
2021-06-08 10:00:21,5739.85,871774
2021-06-08 10:00:23,5739.8,871790
2021-06-08 10:00:25,5738.2,872009
2021-06-08 10:00:26,5738.15,872192
2021-06-08 10:00:26,5738.15,872192
2021-06-08 10:00:27,5738.5,872346
2021-06-08 10:00:29,5737.05,872357
2021-06-08 10:00:29,5739.0,872363
2021-06-08 10:00:31,5738.0,872397
2021-06-08 10:00:31,5739.15,872394
2021-06-08 10:00:33,5738.3,872673
2021-06-08 10:00:33,5739.6,872671
2021-06-08 10:00:35,5739.35,872706
2021-06-08 10:00:36,5739.35,872716
2021-06-08 10:00:37,5739.25,872763
2021-06-08 10:00:39,5738.4,873013
2021-06-08 10:00:40,5739.4,873139
2021-06-08 10:00:41,5739.6,873158
2021-06-08 10:00:42,5739.6,873175
2021-06-08 10:00:43,5738.4,873177
2021-06-08 10:00:44,5739.6,873178
2021-06-08 10:00:45,5739.5,873188
2021-06-08 10:00:46,5739.4,873263
2021-06-08 10:00:47,5740.0,873323
2021-06-08 10:00:48,5739.6,873324
2021-06-08 10:00:49,5740.0,873346
2021-06-08 10:00:51,5739.6,873361
2021-06-08 10:00:52,5740.0,873421
2021-06-08 10:00:52,5740.0,873421
2021-06-08 10:00:54,5740.0,873431
2021-06-08 10:00:55,5739.5,873881
2021-06-08 10:00:56,5739.6,873883
2021-06-08 10:00:57,5740.0,874022
2021-06-08 10:00:58,5740.0,874217
2021-06-08 10:00:59,5739.85,874347
2021-06-08 10:00:59,5739.85,874347
2021-06-08 10:01:00,5740.0,874447
2021-06-08 10:01:02,5740.0,874599
2021-06-08 10:01:04,5739.85,875216
2021-06-08 10:01:06,5740.0,875835
2021-06-08 10:01:07,5740.4,875937
2021-06-08 10:01:08,5740.9,876198
2021-06-08 10:01:09,5741.5,876412
2021-06-08 10:01:10,5741.6,876558
2021-06-08 10:01:11,5742.1,876662
2021-06-08 10:01:12,5743.2,876990
2021-06-08 10:01:14,5743.2,877015
2021-06-08 10:01:15,5741.5,877181
2021-06-08 10:01:16,5741.5,877475
2021-06-08 10:01:17,5743.2,877629
2021-06-08 10:01:18,5743.8,877717
2021-06-08 10:01:19,5744.15,877960
2021-06-08 10:01:20,5744.4,878039
2021-06-08 10:01:21,5745.25,878156
2021-06-08 10:01:22,5745.0,878546
2021-06-08 10:01:23,5743.0,878767
2021-06-08 10:01:24,5742.1,878802
2021-06-08 10:01:25,5742.1,878804
2021-06-08 10:01:26,5743.2,878887
2021-06-08 10:01:27,5745.75,879017
2021-06-08 10:01:28,5745.75,879181
2021-06-08 10:01:29,5746.7,879520
2021-06-08 10:01:30,5745.75,879685
2021-06-08 10:01:31,5744.8,880187
2021-06-08 10:01:33,5746.35,880484
2021-06-08 10:01:34,5744.45,880640
2021-06-08 10:01:35,5744.45,880734
2021-06-08 10:01:36,5746.15,880858
2021-06-08 10:01:37,5745.0,880954
2021-06-08 10:01:38,5746.8,881112
2021-06-08 10:01:39,5744.9,881347
2021-06-08 10:01:41,5746.95,881698
2021-06-08 10:01:42,5746.05,881782
2021-06-08 10:01:43,5747.0,882037
2021-06-08 10:01:44,5746.05,882626
2021-06-08 10:01:45,5747.65,882768
2021-06-08 10:01:46,5746.05,882980
2021-06-08 10:01:47,5747.7,883129
2021-06-08 10:01:48,5748.0,883502
2021-06-08 10:01:48,5747.55,883575
2021-06-08 10:01:49,5746.05,883709
2021-06-08 10:01:50,5748.15,884285
2021-06-08 10:01:51,5746.95,884350
2021-06-08 10:01:53,5746.1,884618
2021-06-08 10:01:54,5747.0,884643
2021-06-08 10:01:55,5748.0,884679
2021-06-08 10:01:56,5748.0,884967
2021-06-08 10:01:57,5745.8,885024
2021-06-08 10:01:58,5746.0,885048
2021-06-08 10:02:00,5748.2,885263
2021-06-08 10:02:01,5746.05,885830
2021-06-08 10:02:02,5746.05,885895
2021-06-08 10:02:03,5744.45,886046
2021-06-08 10:02:04,5746.8,886418
2021-06-08 10:02:05,5747.0,886765
2021-06-08 10:02:06,5745.0,886856
2021-06-08 10:02:07,5745.95,887051
2021-06-08 10:02:08,5745.0,887534
2021-06-08 10:02:10,5743.15,887960
2021-06-08 10:02:11,5743.15,887998
2021-06-08 10:02:12,5743.0,888087
2021-06-08 10:02:13,5742.0,889385
2021-06-08 10:02:14,5740.0,890560
2021-06-08 10:02:15,5738.0,890808
2021-06-08 10:02:16,5739.35,890871
2021-06-08 10:02:17,5737.0,891290
2021-06-08 10:02:18,5736.0,891400
2021-06-08 10:02:19,5737.15,891457
2021-06-08 10:02:20,5736.0,891572
2021-06-08 10:02:21,5736.0,891617
2021-06-08 10:02:22,5737.3,891719
2021-06-08 10:02:23,5735.0,892064
2021-06-08 10:02:24,5735.05,892084
2021-06-08 10:02:26,5737.3,892123
2021-06-08 10:02:27,5736.05,892253
2021-06-08 10:02:28,5736.2,892264
2021-06-08 10:02:29,5736.2,892329
2021-06-08 10:02:30,5736.2,892329
2021-06-08 10:02:31,5737.45,892432
2021-06-08 10:02:32,5737.2,892542
2021-06-08 10:02:36,5738.95,892639
2021-06-08 10:02:37,5739.95,892739
2021-06-08 10:02:38,5738.2,892740
2021-06-08 10:02:39,5738.2,892846
2021-06-08 10:02:40,5738.2,892846
2021-06-08 10:02:41,5740.0,892856
2021-06-08 10:02:42,5738.2,892894
2021-06-08 10:02:43,5740.0,893517
2021-06-08 10:02:44,5741.7,893655
2021-06-08 10:02:45,5740.45,893670
2021-06-08 10:02:46,5740.25,893686
2021-06-08 10:02:47,5742.0,893783
2021-06-08 10:02:48,5740.2,893796
2021-06-08 10:02:49,5741.9,893799
2021-06-08 10:02:50,5740.1,893836
2021-06-08 10:02:51,5741.0,893859
2021-06-08 10:02:52,5742.0,894103
2021-06-08 10:02:53,5741.0,894114
2021-06-08 10:02:54,5741.0,894121
2021-06-08 10:02:55,5741.0,894121
2021-06-08 10:02:56,5740.45,894177
2021-06-08 10:02:57,5741.0,894180
2021-06-08 10:02:58,5740.45,894215
2021-06-08 10:02:59,5740.45,894231
2021-06-08 10:03:00,5740.35,894400
2021-06-08 10:03:01,5740.95,894428
2021-06-08 10:03:02,5740.35,894487
2021-06-08 10:03:03,5740.35,895136
2021-06-08 10:03:04,5740.35,895205
2021-06-08 10:03:05,5740.35,895247
2021-06-08 10:03:06,5740.35,895463
2021-06-08 10:03:07,5740.35,895718
2021-06-08 10:03:08,5740.95,895765
2021-06-08 10:03:09,5740.95,895818
2021-06-08 10:03:10,5740.95,895829
2021-06-08 10:03:11,5740.85,896513
2021-06-08 10:03:12,5742.0,896641
2021-06-08 10:03:13,5740.85,896664
2021-06-08 10:03:14,5740.85,896671
2021-06-08 10:03:15,5741.9,896690
2021-06-08 10:03:16,5742.25,896710
2021-06-08 10:03:17,5741.8,896729
2021-06-08 10:03:18,5741.8,896732
2021-06-08 10:03:19,5741.8,896847
2021-06-08 10:03:20,5741.8,896867
2021-06-08 10:03:21,5742.0,896899
2021-06-08 10:03:22,5742.0,896918
2021-06-08 10:03:23,5742.85,896971
2021-06-08 10:03:24,5741.7,896991
2021-06-08 10:03:25,5741.7,897033
2021-06-08 10:03:26,5742.8,897141
2021-06-08 10:03:27,5742.8,897196
2021-06-08 10:03:28,5741.0,897495
2021-06-08 10:03:29,5740.4,897514
2021-06-08 10:03:30,5740.9,897799
2021-06-08 10:03:31,5741.0,897824
2021-06-08 10:03:32,5740.75,898670
2021-06-08 10:03:33,5739.7,898720
2021-06-08 10:03:34,5739.65,898730
2021-06-08 10:03:35,5740.0,898757
2021-06-08 10:03:36,5740.0,898815
2021-06-08 10:03:37,5738.0,898836
2021-06-08 10:03:38,5740.0,898838
2021-06-08 10:03:39,5738.0,898881
2021-06-08 10:03:40,5737.5,898916
2021-06-08 10:03:41,5737.5,898937
2021-06-08 10:03:42,5736.4,899337
2021-06-08 10:03:43,5736.4,899337
2021-06-08 10:03:44,5738.0,899518
2021-06-08 10:03:45,5738.0,899518
2021-06-08 10:03:46,5736.85,899903
2021-06-08 10:03:47,5736.85,899903
2021-06-08 10:03:48,5737.2,899926
2021-06-08 10:03:49,5737.2,899953
2021-06-08 10:03:50,5737.2,899953
2021-06-08 10:03:51,5737.0,899956
2021-06-08 10:03:52,5737.0,899969
2021-06-08 10:03:53,5737.0,899969
2021-06-08 10:03:54,5736.85,899977
2021-06-08 10:03:55,5736.85,900152
2021-06-08 10:03:56,5736.85,900190
2021-06-08 10:03:57,5736.85,900240
2021-06-08 10:03:58,5736.0,900244
2021-06-08 10:03:59,5736.0,900307
2021-06-08 10:04:00,5737.8,900432
2021-06-08 10:04:01,5736.0,900730
2021-06-08 10:04:02,5736.0,900730
2021-06-08 10:04:03,5736.0,900730
2021-06-08 10:04:04,5737.45,900768
2021-06-08 10:04:05,5736.0,900778
2021-06-08 10:04:06,5737.9,900880
2021-06-08 10:04:07,5737.9,900882
2021-06-08 10:04:08,5737.65,900893
2021-06-08 10:04:09,5737.0,900911
2021-06-08 10:04:10,5736.0,900933
2021-06-08 10:04:11,5737.0,900953
2021-06-08 10:04:12,5737.0,900957
2021-06-08 10:04:13,5737.0,900958
2021-06-08 10:04:14,5737.0,901010
2021-06-08 10:04:15,5737.45,901025
2021-06-08 10:04:16,5737.5,901029
2021-06-08 10:04:17,5737.95,901037
2021-06-08 10:04:18,5737.45,901057
2021-06-08 10:04:19,5739.7,901557
2021-06-08 10:04:20,5740.0,901637
2021-06-08 10:04:21,5740.45,902027
2021-06-08 10:04:23,5740.7,902087
2021-06-08 10:04:22,5740.85,902086
2021-06-08 10:04:24,5740.4,902190
2021-06-08 10:04:25,5740.4,902194
2021-06-08 10:04:26,5741.0,902224
2021-06-08 10:04:27,5741.0,902225
2021-06-08 10:04:28,5741.0,902248
2021-06-08 10:04:29,5741.0,902279
2021-06-08 10:04:30,5741.0,902342
2021-06-08 10:04:31,5741.05,902403
2021-06-08 10:04:32,5742.0,902421
2021-06-08 10:04:33,5741.0,902422
2021-06-08 10:04:34,5741.0,902430
2021-06-08 10:04:35,5741.0,902534
2021-06-08 10:04:36,5741.0,903076
2021-06-08 10:04:37,5740.0,903102
2021-06-08 10:04:39,5740.0,903114
2021-06-08 10:04:40,5740.0,903114
2021-06-08 10:04:41,5739.05,903130
2021-06-08 10:04:42,5738.95,903360
2021-06-08 10:04:43,5740.0,903363
2021-06-08 10:04:44,5740.0,903431
2021-06-08 10:04:45,5740.0,903476
2021-06-08 10:04:46,5738.0,903545
2021-06-08 10:04:47,5740.0,903583
2021-06-08 10:04:48,5740.0,903584
2021-06-08 10:04:49,5737.95,903616
2021-06-08 10:04:51,5740.0,903681
2021-06-08 10:04:51,5740.0,903681
2021-06-08 10:04:52,5740.0,903685
2021-06-08 10:04:53,5739.05,903718
2021-06-08 10:04:54,5739.05,903718
2021-06-08 10:04:55,5740.0,903843
2021-06-08 10:04:56,5740.0,903914
2021-06-08 10:04:57,5738.85,903985
2021-06-08 10:04:58,5740.35,904045
2021-06-08 10:04:59,5740.05,904080
2021-06-08 10:05:00,5740.0,904228
2021-06-08 10:05:01,5740.0,904264
2021-06-08 10:05:02,5740.45,904420
2021-06-08 10:05:03,5739.95,904458
2021-06-08 10:05:04,5738.0,904531
2021-06-08 10:05:05,5741.0,905256
2021-06-08 10:05:06,5740.4,905606
2021-06-08 10:05:07,5737.95,905947
2021-06-08 10:05:08,5737.95,906153
2021-06-08 10:05:09,5737.95,906224
2021-06-08 10:05:10,5738.75,906300
2021-06-08 10:05:11,5737.95,906333
2021-06-08 10:05:12,5737.25,908401
2021-06-08 10:05:13,5736.0,908507
2021-06-08 10:05:15,5738.15,908683
2021-06-08 10:05:15,5738.1,908777
2021-06-08 10:05:16,5737.95,908891
2021-06-08 10:05:17,5736.0,908901
2021-06-08 10:05:18,5738.0,908986
2021-06-08 10:05:19,5736.0,908993
2021-06-08 10:05:20,5736.0,909025
2021-06-08 10:05:22,5736.0,909045
2021-06-08 10:05:23,5735.0,910287
2021-06-08 10:05:24,5735.65,910367
2021-06-08 10:05:24,5735.65,910367
2021-06-08 10:05:25,5733.0,911870
2021-06-08 10:05:26,5733.45,911899
2021-06-08 10:05:27,5732.0,912026
2021-06-08 10:05:28,5732.0,912032
2021-06-08 10:05:29,5732.0,912032
2021-06-08 10:05:30,5732.0,912051
2021-06-08 10:05:31,5732.0,912131
2021-06-08 10:05:32,5732.5,912192
2021-06-08 10:05:33,5732.5,912353
2021-06-08 10:05:34,5732.0,912451
2021-06-08 10:05:35,5732.0,912451
2021-06-08 10:05:36,5733.0,912486
2021-06-08 10:05:37,5733.0,912505
2021-06-08 10:05:38,5732.5,912530
2021-06-08 10:05:39,5732.5,912530
2021-06-08 10:05:40,5732.0,912961
2021-06-08 10:05:41,5732.0,912966
2021-06-08 10:05:42,5732.1,913108
2021-06-08 10:05:43,5733.0,913110
2021-06-08 10:05:44,5732.05,913132
2021-06-08 10:05:45,5732.0,913243
2021-06-08 10:05:46,5733.5,913436
2021-06-08 10:05:47,5732.75,913440
2021-06-08 10:05:48,5734.0,913463
2021-06-08 10:05:49,5734.0,913474
2021-06-08 10:05:50,5734.0,913474
2021-06-08 10:05:51,5736.35,913926
2021-06-08 10:05:52,5740.0,913966
2021-06-08 10:05:53,5740.0,913966
2021-06-08 10:05:54,5739.5,913976
2021-06-08 10:05:55,5736.65,914026
2021-06-08 10:05:57,5739.5,914081
2021-06-08 10:05:58,5739.5,914083
2021-06-08 10:05:58,5738.0,914093
2021-06-08 10:05:59,5739.5,914124
2021-06-08 10:06:00,5739.35,914142
2021-06-08 10:06:01,5739.35,914142
2021-06-08 10:06:02,5735.0,914477
2021-06-08 10:06:03,5735.05,914532
2021-06-08 10:06:04,5734.95,914551
2021-06-08 10:06:05,5734.95,914556
2021-06-08 10:06:06,5735.1,914651
2021-06-08 10:06:07,5732.6,914666
2021-06-08 10:06:08,5734.95,914677
2021-06-08 10:06:09,5734.95,914679
2021-06-08 10:06:11,5735.0,914707
2021-06-08 10:06:11,5738.1,914720
2021-06-08 10:06:12,5737.25,914721
2021-06-08 10:06:14,5734.85,914833
2021-06-08 10:06:15,5736.8,914853
2021-06-08 10:06:16,5736.8,914859
2021-06-08 10:06:17,5736.85,914879
2021-06-08 10:06:18,5738.05,915031
2021-06-08 10:06:19,5737.75,915046
2021-06-08 10:06:20,5739.9,915081
