timestamp,ltp,volume
2021-06-08 09:15:36,483.0,59117
2021-06-08 09:15:44,483.4,74929
2021-06-08 09:15:45,483.4,75873
2021-06-08 09:15:46,483.4,79553
2021-06-08 09:15:47,483.5,79900
2021-06-08 09:15:48,483.4,79940
2021-06-08 09:15:49,483.4,82898
2021-06-08 09:15:50,483.6,82948
2021-06-08 09:15:51,483.75,83635
2021-06-08 09:15:52,483.6,86350
2021-06-08 09:15:53,483.6,87981
2021-06-08 09:15:54,483.6,88421
2021-06-08 09:15:55,483.65,89824
2021-06-08 09:15:56,483.4,91881
2021-06-08 09:15:57,483.6,92246
2021-06-08 09:15:58,483.4,92341
2021-06-08 09:15:59,483.6,92832
2021-06-08 09:16:01,483.35,96179
2021-06-08 09:16:03,483.25,97165
2021-06-08 09:16:04,483.25,97425
2021-06-08 09:16:05,483.5,97888
2021-06-08 09:16:07,482.55,109385
2021-06-08 09:16:09,482.6,111014
2021-06-08 09:16:11,482.65,111309
2021-06-08 09:16:12,482.5,111409
2021-06-08 09:16:13,482.35,111857
2021-06-08 09:16:14,482.5,111977
2021-06-08 09:16:15,482.5,112153
2021-06-08 09:16:17,482.5,112353
2021-06-08 09:16:18,482.5,113447
2021-06-08 09:16:19,482.9,117174
2021-06-08 09:16:20,483.0,118331
2021-06-08 09:16:21,483.2,118387
2021-06-08 09:16:23,483.2,118416
2021-06-08 09:16:24,482.8,125184
2021-06-08 09:16:25,483.05,125564
2021-06-08 09:16:25,482.85,125779
2021-06-08 09:16:26,482.95,125870
2021-06-08 09:16:27,482.8,126933
2021-06-08 09:16:28,482.8,127526
2021-06-08 09:16:29,482.85,127812
2021-06-08 09:16:30,482.5,130708
2021-06-08 09:16:32,482.75,130863
2021-06-08 09:16:32,482.8,133179
2021-06-08 09:16:33,482.8,133179
2021-06-08 09:16:34,482.5,135004
2021-06-08 09:16:35,482.6,135143
2021-06-08 09:16:36,482.5,135443
2021-06-08 09:16:37,482.4,143326
2021-06-08 09:16:39,482.35,143327
2021-06-08 09:16:40,482.0,146462
2021-06-08 09:16:40,482.2,146601
2021-06-08 09:16:41,482.0,146806
2021-06-08 09:16:43,482.0,147507
2021-06-08 09:16:44,482.15,147757
2021-06-08 09:16:45,482.15,148230
2021-06-08 09:16:46,482.2,149205
2021-06-08 09:16:47,482.2,149410
2021-06-08 09:16:47,482.25,149510
2021-06-08 09:16:48,482.25,149656
2021-06-08 09:16:49,482.05,149777
2021-06-08 09:16:51,482.05,149916
2021-06-08 09:16:52,482.05,150032
2021-06-08 09:16:53,482.0,151072
2021-06-08 09:16:54,482.0,151198
2021-06-08 09:16:55,482.2,151248
2021-06-08 09:16:57,482.0,151462
2021-06-08 09:16:59,482.0,151908
2021-06-08 09:17:00,482.05,152475
2021-06-08 09:17:00,482.05,152475
2021-06-08 09:17:01,482.05,152507
2021-06-08 09:17:02,482.05,153229
2021-06-08 09:17:03,482.1,153578
2021-06-08 09:17:04,482.2,154052
2021-06-08 09:17:05,482.05,155867
2021-06-08 09:17:06,482.05,155898
2021-06-08 09:17:07,482.05,157788
2021-06-08 09:17:08,482.05,157823
2021-06-08 09:17:09,482.05,158023
2021-06-08 09:17:10,482.2,160237
2021-06-08 09:17:11,482.2,160353
2021-06-08 09:17:12,482.1,160547
2021-06-08 09:17:13,482.15,161824
2021-06-08 09:17:15,482.1,163212
2021-06-08 09:17:16,482.15,164388
2021-06-08 09:17:17,482.25,164568
2021-06-08 09:17:19,482.25,183162
2021-06-08 09:17:20,482.3,183679
2021-06-08 09:17:21,482.3,183680
2021-06-08 09:17:22,482.4,184308
2021-06-08 09:17:23,482.4,184308
2021-06-08 09:17:24,482.4,184324
2021-06-08 09:17:24,482.25,184335
2021-06-08 09:17:26,482.25,186472
2021-06-08 09:17:26,482.35,189471
2021-06-08 09:17:28,482.4,189971
2021-06-08 09:17:29,482.25,190673
2021-06-08 09:17:30,482.25,190825
2021-06-08 09:17:31,482.2,191888
2021-06-08 09:17:33,482.35,194469
2021-06-08 09:17:33,482.1,197823
2021-06-08 09:17:34,481.5,199895
2021-06-08 09:17:35,481.85,200345
2021-06-08 09:17:36,481.5,200628
2021-06-08 09:17:37,481.5,201152
2021-06-08 09:17:39,481.85,201318
2021-06-08 09:17:40,481.5,201368
2021-06-08 09:17:41,481.8,201825
2021-06-08 09:17:42,481.45,203924
2021-06-08 09:17:43,481.8,203940
2021-06-08 09:17:43,481.8,204020
2021-06-08 09:17:45,481.8,204020
2021-06-08 09:17:45,481.75,204303
2021-06-08 09:17:46,481.75,204555
2021-06-08 09:17:49,481.75,206662
2021-06-08 09:17:50,481.6,206703
2021-06-08 09:17:51,481.75,206779
2021-06-08 09:17:52,481.75,207199
2021-06-08 09:17:53,481.55,207488
2021-06-08 09:17:54,481.55,207637
2021-06-08 09:17:55,481.7,207877
2021-06-08 09:17:55,481.7,207978
2021-06-08 09:17:56,481.5,210468
2021-06-08 09:17:57,481.5,210870
2021-06-08 09:17:58,481.7,211057
2021-06-08 09:18:00,481.7,211057
2021-06-08 09:18:01,481.7,211183
2021-06-08 09:18:02,481.7,211183
2021-06-08 09:18:03,481.7,211183
2021-06-08 09:18:04,481.75,211809
2021-06-08 09:18:05,481.75,211909
2021-06-08 09:18:06,481.7,211949
2021-06-08 09:18:07,481.7,212249
2021-06-08 09:18:08,481.7,212364
2021-06-08 09:18:09,481.7,212364
2021-06-08 09:18:10,481.7,212506
2021-06-08 09:18:11,481.75,212516
2021-06-08 09:18:12,481.75,213011
2021-06-08 09:18:13,481.7,213459
2021-06-08 09:18:14,481.7,215248
2021-06-08 09:18:18,481.7,217025
2021-06-08 09:18:19,481.7,217025
2021-06-08 09:18:19,481.7,217027
2021-06-08 09:18:21,481.7,217297
2021-06-08 09:18:22,481.6,218037
2021-06-08 09:18:24,481.7,218912
2021-06-08 09:18:25,481.75,219005
2021-06-08 09:18:26,481.65,219226
2021-06-08 09:18:27,481.8,219443
2021-06-08 09:18:27,481.65,219637
2021-06-08 09:18:28,481.85,219737
2021-06-08 09:18:30,481.95,220516
2021-06-08 09:18:30,482.0,220566
2021-06-08 09:18:32,481.75,220567
2021-06-08 09:18:33,481.75,220929
2021-06-08 09:18:34,481.8,220954
2021-06-08 09:18:35,482.0,220984
2021-06-08 09:18:36,482.0,221084
2021-06-08 09:18:37,482.3,224850
2021-06-08 09:18:38,482.3,224959
2021-06-08 09:18:39,482.05,225969
2021-06-08 09:18:40,481.8,229463
2021-06-08 09:18:41,482.1,230563
2021-06-08 09:18:42,482.1,230573
2021-06-08 09:18:42,482.1,230573
2021-06-08 09:18:43,482.1,230651
2021-06-08 09:18:45,481.85,231421
2021-06-08 09:18:45,481.85,231421
2021-06-08 09:18:47,482.15,231946
2021-06-08 09:18:48,482.1,232075
2021-06-08 09:18:49,482.05,232970
2021-06-08 09:18:49,482.35,234364
2021-06-08 09:18:50,482.35,234364
2021-06-08 09:18:51,482.1,234374
2021-06-08 09:18:52,482.1,236960
2021-06-08 09:18:53,482.3,238090
2021-06-08 09:18:55,482.35,238640
2021-06-08 09:18:55,482.1,239124
2021-06-08 09:18:56,482.1,239501
2021-06-08 09:18:57,482.05,244062
2021-06-08 09:18:59,482.05,244133
2021-06-08 09:18:59,482.05,244262
2021-06-08 09:19:01,481.7,244948
2021-06-08 09:19:03,481.7,245196
2021-06-08 09:19:04,481.75,245265
2021-06-08 09:19:05,482.0,245500
2021-06-08 09:19:06,482.0,245617
2021-06-08 09:19:06,481.75,245733
2021-06-08 09:19:08,481.7,246192
2021-06-08 09:19:09,481.7,246772
2021-06-08 09:19:10,481.7,248774
2021-06-08 09:19:11,481.7,248790
2021-06-08 09:19:12,481.7,249753
2021-06-08 09:19:13,482.0,249953
2021-06-08 09:19:13,481.1,263710
2021-06-08 09:19:15,481.5,263973
2021-06-08 09:19:16,481.5,263990
2021-06-08 09:19:16,481.5,264090
2021-06-08 09:19:17,481.6,264977
2021-06-08 09:19:18,481.25,265416
2021-06-08 09:19:20,481.55,265510
2021-06-08 09:19:21,481.55,265510
2021-06-08 09:19:21,481.55,265627
2021-06-08 09:19:23,481.55,265727
2021-06-08 09:19:24,481.7,265742
2021-06-08 09:19:25,481.55,266079
2021-06-08 09:19:27,481.7,266182
2021-06-08 09:19:28,481.6,266299
2021-06-08 09:19:28,481.6,266393
2021-06-08 09:19:30,481.6,270968
2021-06-08 09:19:31,481.7,271398
2021-06-08 09:19:31,481.7,271398
2021-06-08 09:19:32,481.65,271418
2021-06-08 09:19:34,481.7,271710
2021-06-08 09:19:35,481.7,271763
2021-06-08 09:19:37,481.8,272109
2021-06-08 09:19:38,482.05,273456
2021-06-08 09:19:39,481.95,273539
2021-06-08 09:19:40,481.95,273555
2021-06-08 09:19:41,481.95,273555
2021-06-08 09:19:42,481.95,273605
2021-06-08 09:19:43,482.25,273615
2021-06-08 09:19:44,482.3,273745
2021-06-08 09:19:45,482.3,273926
2021-06-08 09:19:46,482.3,274349
2021-06-08 09:19:47,482.4,275259
2021-06-08 09:19:48,482.4,275694
2021-06-08 09:19:49,482.5,277772
2021-06-08 09:19:50,482.6,277829
2021-06-08 09:19:51,482.45,277924
2021-06-08 09:19:52,482.75,279834
2021-06-08 09:19:53,482.5,280163
2021-06-08 09:19:54,482.5,280332
2021-06-08 09:19:55,482.5,280347
2021-06-08 09:19:56,482.75,280397
2021-06-08 09:19:57,482.75,280447
2021-06-08 09:19:58,482.6,280452
2021-06-08 09:19:59,482.55,280767
2021-06-08 09:20:00,482.55,280767
2021-06-08 09:20:01,482.55,280767
2021-06-08 09:20:02,482.55,281081
2021-06-08 09:20:03,482.55,281081
2021-06-08 09:20:04,482.75,281184
2021-06-08 09:20:05,482.7,281284
2021-06-08 09:20:06,482.7,281284
2021-06-08 09:20:07,482.7,281284
2021-06-08 09:20:08,482.65,281584
2021-06-08 09:20:09,482.65,281900
2021-06-08 09:20:10,482.65,282111
2021-06-08 09:20:11,482.65,283121
2021-06-08 09:20:12,482.7,283146
2021-06-08 09:20:13,482.7,283377
2021-06-08 09:20:14,482.7,283449
2021-06-08 09:20:15,482.7,283460
2021-06-08 09:20:16,482.7,283560
2021-06-08 09:20:17,482.65,283660
2021-06-08 09:20:18,482.7,289238
2021-06-08 09:20:19,482.7,289240
2021-06-08 09:20:20,482.7,289280
2021-06-08 09:20:21,482.7,289280
2021-06-08 09:20:22,482.55,289579
2021-06-08 09:20:23,482.55,289595
2021-06-08 09:20:24,482.55,289940
2021-06-08 09:20:25,482.55,289989
2021-06-08 09:20:26,482.7,294327
2021-06-08 09:20:27,482.55,294377
2021-06-08 09:20:28,482.7,294497
2021-06-08 09:20:29,482.5,295015
2021-06-08 09:20:30,482.4,297081
2021-06-08 09:20:31,482.55,297103
2021-06-08 09:20:32,482.35,297168
2021-06-08 09:20:33,482.5,297193
2021-06-08 09:20:34,482.35,297810
2021-06-08 09:20:35,482.4,297842
2021-06-08 09:20:36,482.55,297929
2021-06-08 09:20:37,482.55,298309
2021-06-08 09:20:38,482.55,298320
2021-06-08 09:20:39,482.55,300820
2021-06-08 09:20:40,482.55,300850
2021-06-08 09:20:41,482.35,302110
2021-06-08 09:20:42,482.55,302125
2021-06-08 09:20:43,482.5,302668
2021-06-08 09:20:44,482.55,302768
2021-06-08 09:20:45,482.55,303150
2021-06-08 09:20:46,482.5,303567
2021-06-08 09:20:47,482.65,303622
2021-06-08 09:20:48,482.5,303632
2021-06-08 09:20:49,482.55,303642
2021-06-08 09:20:50,482.7,303643
2021-06-08 09:20:51,482.7,303643
2021-06-08 09:20:52,482.7,303649
2021-06-08 09:20:53,482.7,303793
2021-06-08 09:20:54,482.55,305593
2021-06-08 09:20:55,482.7,305598
2021-06-08 09:20:56,482.55,305707
2021-06-08 09:20:57,482.5,306278
2021-06-08 09:20:58,482.55,306750
2021-06-08 09:20:59,482.5,306767
2021-06-08 09:21:00,482.5,306799
2021-06-08 09:21:01,482.5,307886
2021-06-08 09:21:02,482.5,307937
2021-06-08 09:21:03,482.65,307947
2021-06-08 09:21:04,482.5,308054
2021-06-08 09:21:05,482.5,308254
2021-06-08 09:21:06,482.5,308304
2021-06-08 09:21:07,482.5,308329
2021-06-08 09:21:11,482.5,308925
2021-06-08 09:21:16,482.65,309860
2021-06-08 09:21:21,482.75,320218
2021-06-08 09:21:26,482.95,320621
2021-06-08 09:21:30,483.0,323077
2021-06-08 09:21:36,482.9,326834
2021-06-08 09:21:40,483.0,335079
2021-06-08 09:21:46,483.0,342838
2021-06-08 09:21:50,483.35,343734
2021-06-08 09:21:55,482.7,348658
2021-06-08 09:22:00,482.95,349083
2021-06-08 09:22:05,482.75,353278
2021-06-08 09:22:10,483.0,356137
2021-06-08 09:22:15,483.25,361930
2021-06-08 09:22:20,483.0,365782
2021-06-08 09:22:29,483.2,374428
2021-06-08 09:22:34,483.25,375483
2021-06-08 09:22:39,483.2,378323
2021-06-08 09:22:43,483.0,379374
2021-06-08 09:22:48,483.25,380462
2021-06-08 09:22:53,483.0,384244
2021-06-08 09:22:57,483.15,384987
2021-06-08 09:23:02,483.15,385584
2021-06-08 09:23:07,483.0,386665
2021-06-08 09:23:11,483.1,389783
2021-06-08 09:23:16,483.0,389910
2021-06-08 09:23:20,483.15,390653
2021-06-08 09:23:25,483.0,391257
2021-06-08 09:23:30,483.15,392216
2021-06-08 09:23:34,483.25,395062
2021-06-08 09:23:39,483.15,395526
2021-06-08 09:23:44,483.25,406900
2021-06-08 09:23:48,483.0,410303
2021-06-08 09:23:53,483.0,411700
2021-06-08 09:23:58,482.85,412897
2021-06-08 09:24:03,482.95,413924
2021-06-08 09:24:08,482.8,418745
2021-06-08 09:24:12,482.85,419519
2021-06-08 09:24:22,482.8,421219
2021-06-08 09:24:26,482.8,425888
2021-06-08 09:24:31,482.65,426077
2021-06-08 09:24:35,482.65,427167
2021-06-08 09:24:40,482.8,427774
2021-06-08 09:24:45,482.95,428923
2021-06-08 09:24:50,482.65,429648
2021-06-08 09:24:54,482.8,429889
2021-06-08 09:24:59,482.65,433136
2021-06-08 09:25:04,482.5,434772
2021-06-08 09:25:08,482.55,445740
2021-06-08 09:25:13,482.55,446501
2021-06-08 09:25:18,482.55,446712
2021-06-08 09:25:27,482.55,450255
2021-06-08 09:25:32,482.5,453102
2021-06-08 09:25:36,482.45,456147
2021-06-08 09:25:41,482.5,457279
2021-06-08 09:25:46,482.45,457350
2021-06-08 09:25:50,482.25,459048
2021-06-08 09:26:04,482.4,465697
2021-06-08 09:26:09,482.25,468987
2021-06-08 09:26:14,482.5,470540
2021-06-08 09:26:19,482.45,471815
2021-06-08 09:26:23,482.55,474855
2021-06-08 09:26:28,482.5,475309
2021-06-08 09:26:32,482.5,477762
2021-06-08 09:26:37,482.5,479364
2021-06-08 09:26:41,482.65,480604
2021-06-08 09:26:46,482.8,482654
2021-06-08 09:26:51,482.85,482814
2021-06-08 09:26:55,482.8,485164
2021-06-08 09:27:00,482.8,485631
2021-06-08 09:27:09,482.8,491835
2021-06-08 09:27:13,482.95,495536
2021-06-08 09:27:18,482.95,505423
2021-06-08 09:27:23,482.95,506369
2021-06-08 09:27:27,482.9,506792
2021-06-08 09:27:32,482.85,507787
2021-06-08 09:27:36,482.85,507989
2021-06-08 09:27:41,482.8,508806
2021-06-08 09:27:46,482.8,509961
2021-06-08 09:27:50,482.8,510912
2021-06-08 09:27:54,482.9,511654
2021-06-08 09:27:59,482.8,511825
2021-06-08 09:28:03,482.95,513213
2021-06-08 09:28:08,482.95,513613
2021-06-08 09:28:12,483.0,517802
2021-06-08 09:28:17,483.0,518707
2021-06-08 09:28:21,482.85,521395
2021-06-08 09:28:25,482.85,522215
2021-06-08 09:28:30,482.95,523203
2021-06-08 09:28:34,482.95,523706
2021-06-08 09:28:39,482.95,527770
2021-06-08 09:28:43,482.8,528284
2021-06-08 09:28:48,482.85,528839
2021-06-08 09:28:52,482.95,530859
2021-06-08 09:28:57,483.0,531775
2021-06-08 09:29:01,482.7,534115
2021-06-08 09:29:06,483.0,534254
2021-06-08 09:29:10,483.0,536232
2021-06-08 09:29:15,482.85,536504
2021-06-08 09:29:19,482.85,536678
2021-06-08 09:29:24,482.8,540334
2021-06-08 09:29:28,482.45,545735
2021-06-08 09:29:33,482.4,546330
2021-06-08 09:29:37,482.25,546698
2021-06-08 09:29:41,482.25,546734
2021-06-08 09:29:45,482.25,546980
2021-06-08 09:29:49,482.25,547962
2021-06-08 09:29:54,482.25,548061
2021-06-08 09:29:58,482.2,548617
2021-06-08 09:30:02,482.45,548853
2021-06-08 09:30:06,482.45,548857
2021-06-08 09:30:11,482.25,549004
2021-06-08 09:30:15,482.4,549025
2021-06-08 09:30:20,482.3,549516
2021-06-08 09:30:24,481.8,586102
2021-06-08 09:30:28,481.75,587318
2021-06-08 09:30:33,481.4,589371
2021-06-08 09:30:37,481.6,590133
2021-06-08 09:30:41,481.6,591331
2021-06-08 09:30:46,481.7,591530
2021-06-08 09:30:50,481.7,591614
2021-06-08 09:30:55,481.7,593749
2021-06-08 09:30:59,481.55,597365
2021-06-08 09:31:03,481.7,597563
2021-06-08 09:31:07,481.95,597718
2021-06-08 09:31:12,481.8,598206
2021-06-08 09:31:16,481.55,603536
2021-06-08 09:31:20,481.4,603687
2021-06-08 09:31:24,480.7,628398
2021-06-08 09:31:29,480.35,630952
2021-06-08 09:31:33,480.4,634225
2021-06-08 09:31:38,480.4,634785
2021-06-08 09:31:42,480.45,638913
2021-06-08 09:31:46,480.35,639923
2021-06-08 09:31:50,480.55,641055
2021-06-08 09:31:54,480.55,645621
2021-06-08 09:31:59,480.55,645850
2021-06-08 09:32:03,480.65,651300
2021-06-08 09:32:07,480.35,652287
2021-06-08 09:32:11,480.55,652791
2021-06-08 09:32:15,480.55,652946
2021-06-08 09:32:20,480.45,654222
2021-06-08 09:32:24,480.4,654638
2021-06-08 09:32:28,480.45,656955
2021-06-08 09:32:33,480.55,657767
2021-06-08 09:32:37,480.55,660543
2021-06-08 09:32:41,480.45,666079
2021-06-08 09:32:45,480.5,667196
2021-06-08 09:32:50,480.65,669385
2021-06-08 09:32:54,480.65,671543
2021-06-08 09:32:57,480.75,671695
2021-06-08 09:33:02,480.8,674025
2021-06-08 09:33:06,480.75,674186
2021-06-08 09:33:10,480.55,676638
2021-06-08 09:33:15,480.75,677547
2021-06-08 09:33:19,480.6,678489
2021-06-08 09:33:23,480.65,678520
2021-06-08 09:33:27,480.65,679147
2021-06-08 09:33:31,480.65,679585
2021-06-08 09:33:35,480.8,680304
2021-06-08 09:33:39,480.7,681959
2021-06-08 09:33:43,480.0,727331
2021-06-08 09:33:47,480.55,734448
2021-06-08 09:33:51,480.55,737106
2021-06-08 09:33:55,480.35,738203
2021-06-08 09:33:59,480.4,739442
2021-06-08 09:34:04,480.3,740820
2021-06-08 09:34:08,480.55,742086
2021-06-08 09:34:12,480.4,742936
2021-06-08 09:34:17,480.4,743627
2021-06-08 09:34:21,480.4,747108
2021-06-08 09:34:25,480.45,748871
2021-06-08 09:34:29,480.45,749886
2021-06-08 09:34:33,480.55,751773
2021-06-08 09:34:37,480.75,753491
2021-06-08 09:34:41,480.75,754180
2021-06-08 09:34:45,480.3,762213
2021-06-08 09:34:50,480.5,762413
2021-06-08 09:34:54,480.5,764124
2021-06-08 09:34:58,480.45,766837
2021-06-08 09:35:02,480.45,767202
2021-06-08 09:35:06,480.55,770248
2021-06-08 09:35:15,480.85,772560
2021-06-08 09:35:19,481.05,776647
2021-06-08 09:35:23,481.3,776934
2021-06-08 09:35:27,481.05,776991
2021-06-08 09:35:32,481.05,780635
2021-06-08 09:35:36,480.8,786281
2021-06-08 09:35:39,481.0,787021
2021-06-08 09:35:44,480.75,787578
2021-06-08 09:35:47,481.0,788726
2021-06-08 09:35:51,480.8,788786
2021-06-08 09:35:56,480.65,790979
2021-06-08 09:36:00,480.4,791444
2021-06-08 09:36:04,480.4,792206
2021-06-08 09:36:07,480.6,793677
2021-06-08 09:36:08,480.65,793698
2021-06-08 09:36:09,480.65,793698
2021-06-08 09:36:10,480.65,793698
2021-06-08 09:36:11,480.65,794496
2021-06-08 09:36:13,480.45,795161
2021-06-08 09:36:14,480.5,795166
2021-06-08 09:36:15,480.55,795355
2021-06-08 09:36:16,480.4,795456
2021-06-08 09:36:17,480.5,798072
2021-06-08 09:36:18,480.55,798429
2021-06-08 09:36:20,480.5,798682
2021-06-08 09:36:21,480.2,800246
2021-06-08 09:36:22,480.05,802973
2021-06-08 09:36:22,479.8,829911
2021-06-08 09:36:23,480.05,830212
2021-06-08 09:36:24,479.9,830352
2021-06-08 09:36:25,479.9,830352
2021-06-08 09:36:26,480.1,830407
2021-06-08 09:36:27,480.1,830587
2021-06-08 09:36:28,480.1,830780
2021-06-08 09:36:30,480.1,830896
2021-06-08 09:36:31,480.0,830910
2021-06-08 09:36:32,479.9,830990
2021-06-08 09:36:32,479.9,830990
2021-06-08 09:36:33,480.0,831132
2021-06-08 09:36:34,479.9,831192
2021-06-08 09:36:35,479.85,833154
2021-06-08 09:36:36,479.85,840152
2021-06-08 09:36:37,480.1,840153
2021-06-08 09:36:38,479.9,840450
2021-06-08 09:36:39,480.0,840853
2021-06-08 09:36:40,480.05,841309
2021-06-08 09:36:41,480.1,841334
2021-06-08 09:36:42,479.85,841584
2021-06-08 09:36:43,479.85,844098
2021-06-08 09:36:44,480.0,844218
2021-06-08 09:36:45,479.9,844766
2021-06-08 09:36:47,479.8,845707
2021-06-08 09:36:48,480.1,846078
2021-06-08 09:36:48,480.1,846078
2021-06-08 09:36:50,480.0,848145
2021-06-08 09:36:50,480.0,848145
2021-06-08 09:36:51,479.8,848160
2021-06-08 09:36:52,480.0,848165
2021-06-08 09:36:53,480.0,848165
2021-06-08 09:36:54,479.8,848185
2021-06-08 09:36:55,480.0,848186
2021-06-08 09:36:56,480.0,848197
2021-06-08 09:36:58,479.8,848768
2021-06-08 09:36:59,480.0,849147
2021-06-08 09:37:00,480.0,849147
2021-06-08 09:37:01,479.85,849182
2021-06-08 09:37:01,479.85,849182
2021-06-08 09:37:02,479.8,851375
2021-06-08 09:37:03,479.8,851375
2021-06-08 09:37:04,479.85,851542
2021-06-08 09:37:05,479.8,854787
2021-06-08 09:37:06,479.85,854959
2021-06-08 09:37:07,479.7,855011
2021-06-08 09:37:08,479.7,855195
2021-06-08 09:37:10,480.0,856144
2021-06-08 09:37:11,479.95,856264
2021-06-08 09:37:12,479.95,856373
2021-06-08 09:37:13,479.9,856462
2021-06-08 09:37:14,479.9,857004
2021-06-08 09:37:15,479.9,857004
2021-06-08 09:37:15,479.9,857004
2021-06-08 09:37:16,479.9,857101
2021-06-08 09:37:17,479.85,857361
2021-06-08 09:37:18,479.9,857407
2021-06-08 09:37:19,479.95,857519
2021-06-08 09:37:21,479.85,857620
2021-06-08 09:37:22,479.85,857687
2021-06-08 09:37:23,479.85,857803
2021-06-08 09:37:24,480.1,863117
2021-06-08 09:37:26,480.05,863258
2021-06-08 09:37:27,480.05,863548
2021-06-08 09:37:30,480.05,863881
2021-06-08 09:37:31,480.1,863887
2021-06-08 09:37:32,480.1,863931
2021-06-08 09:37:33,480.1,864037
2021-06-08 09:37:35,480.05,864042
2021-06-08 09:37:36,480.0,864442
2021-06-08 09:37:37,480.0,865554
2021-06-08 09:37:38,480.0,865966
2021-06-08 09:37:39,480.1,866066
2021-06-08 09:37:40,480.0,866075
2021-06-08 09:37:41,480.1,868773
2021-06-08 09:37:42,480.1,869388
2021-06-08 09:37:42,480.0,869438
2021-06-08 09:37:43,480.0,869620
2021-06-08 09:37:44,479.75,872577
2021-06-08 09:37:45,479.7,873128
2021-06-08 09:37:46,479.75,873201
2021-06-08 09:37:47,479.7,873251
2021-06-08 09:37:49,479.75,873286
2021-06-08 09:37:50,479.75,873396
2021-06-08 09:37:51,479.75,873411
2021-06-08 09:37:52,479.75,873673
2021-06-08 09:37:53,479.9,873834
2021-06-08 09:37:54,479.7,874144
2021-06-08 09:37:55,479.9,874218
2021-06-08 09:37:56,479.95,875834
2021-06-08 09:37:57,479.95,875834
2021-06-08 09:38:00,480.0,876448
2021-06-08 09:38:01,479.85,876498
2021-06-08 09:38:02,479.85,876548
2021-06-08 09:38:03,480.0,876551
2021-06-08 09:38:04,479.8,877082
2021-06-08 09:38:05,479.8,877267
2021-06-08 09:38:06,479.9,877367
2021-06-08 09:38:07,480.0,877391
2021-06-08 09:38:08,479.9,877966
2021-06-08 09:38:09,479.8,880472
2021-06-08 09:38:10,480.0,881497
2021-06-08 09:38:11,480.0,881712
2021-06-08 09:38:12,480.0,882212
2021-06-08 09:38:13,480.0,882327
2021-06-08 09:38:14,479.85,882377
2021-06-08 09:38:15,480.0,882424
2021-06-08 09:38:16,480.0,882589
2021-06-08 09:38:18,480.0,882605
2021-06-08 09:38:19,480.0,882655
2021-06-08 09:38:20,479.85,883167
2021-06-08 09:38:21,480.0,883416
2021-06-08 09:38:22,479.9,883736
2021-06-08 09:38:21,480.0,883416
2021-06-08 09:38:23,480.0,883761
2021-06-08 09:38:24,480.0,883761
2021-06-08 09:38:25,480.2,886855
2021-06-08 09:38:26,480.45,887005
2021-06-08 09:38:27,480.45,887005
2021-06-08 09:38:28,480.25,887007
2021-06-08 09:38:30,480.5,887191
2021-06-08 09:38:31,480.5,887191
2021-06-08 09:38:32,480.5,887237
2021-06-08 09:38:33,480.6,888288
2021-06-08 09:38:34,480.6,888310
2021-06-08 09:38:35,480.6,888310
2021-06-08 09:38:35,480.65,888333
2021-06-08 09:38:36,480.65,888333
2021-06-08 09:38:38,480.45,888584
2021-06-08 09:38:39,480.45,888592
2021-06-08 09:38:39,480.45,889098
2021-06-08 09:38:40,480.45,889307
2021-06-08 09:38:41,480.4,889558
2021-06-08 09:38:42,480.4,889558
2021-06-08 09:38:43,480.4,889588
2021-06-08 09:38:44,480.4,889610
2021-06-08 09:38:45,480.35,889810
2021-06-08 09:38:46,480.35,889910
2021-06-08 09:38:47,480.4,890110
2021-06-08 09:38:49,480.6,890160
2021-06-08 09:38:49,480.6,890174
2021-06-08 09:38:50,480.6,890180
2021-06-08 09:38:51,480.6,890180
2021-06-08 09:38:52,480.5,890184
2021-06-08 09:38:53,480.5,890354
2021-06-08 09:38:54,480.5,890372
2021-06-08 09:38:55,480.5,890372
2021-06-08 09:38:56,480.5,890372
2021-06-08 09:38:57,480.5,890657
2021-06-08 09:38:59,480.5,890887
2021-06-08 09:39:00,480.6,890902
2021-06-08 09:39:01,480.6,890909
2021-06-08 09:39:02,480.45,896560
2021-06-08 09:39:03,480.45,896761
2021-06-08 09:39:04,480.3,898856
2021-06-08 09:39:05,480.35,898921
2021-06-08 09:39:06,480.35,899050
2021-06-08 09:39:08,480.35,899061
2021-06-08 09:39:09,480.4,900411
2021-06-08 09:39:10,480.25,900413
2021-06-08 09:39:11,480.25,900438
2021-06-08 09:39:12,480.25,900467
2021-06-08 09:39:13,480.2,900579
2021-06-08 09:39:14,480.2,900620
2021-06-08 09:39:15,480.2,901170
2021-06-08 09:39:16,480.2,901170
2021-06-08 09:39:17,480.2,901170
2021-06-08 09:39:18,480.1,901172
2021-06-08 09:39:18,480.1,901172
2021-06-08 09:39:19,480.25,901641
2021-06-08 09:39:20,480.2,902251
2021-06-08 09:39:21,480.25,902551
2021-06-08 09:39:23,480.25,902611
2021-06-08 09:39:24,480.25,902612
2021-06-08 09:39:25,480.25,902612
2021-06-08 09:39:26,480.25,903302
2021-06-08 09:39:27,480.1,903309
2021-06-08 09:39:28,480.35,904456
2021-06-08 09:39:29,480.35,906364
2021-06-08 09:39:30,480.2,906669
2021-06-08 09:39:31,480.3,908993
2021-06-08 09:39:32,480.3,908993
2021-06-08 09:39:33,480.6,909943
2021-06-08 09:39:33,480.3,909944
2021-06-08 09:39:35,480.3,910269
2021-06-08 09:39:35,480.3,910269
2021-06-08 09:39:37,480.3,910311
2021-06-08 09:39:38,480.3,910311
2021-06-08 09:39:39,480.7,915542
2021-06-08 09:39:40,480.7,915642
2021-06-08 09:39:41,480.7,915743
2021-06-08 09:39:42,480.7,915749
2021-06-08 09:39:43,480.95,915782
2021-06-08 09:39:44,480.7,915882
2021-06-08 09:39:45,481.0,916780
2021-06-08 09:39:46,481.0,916780
2021-06-08 09:39:47,481.0,916786
2021-06-08 09:39:47,481.0,916786
2021-06-08 09:39:49,481.0,917035
2021-06-08 09:39:50,480.8,917040
2021-06-08 09:39:51,480.8,917175
2021-06-08 09:39:52,480.8,917207
2021-06-08 09:39:53,480.8,917207
2021-06-08 09:39:54,480.8,917332
2021-06-08 09:39:55,480.95,917852
2021-06-08 09:39:56,480.95,917852
2021-06-08 09:39:57,480.8,917873
2021-06-08 09:39:57,480.8,917873
2021-06-08 09:39:58,480.8,917885
2021-06-08 09:40:00,480.75,918018
2021-06-08 09:40:01,480.8,918029
2021-06-08 09:40:02,480.75,918030
2021-06-08 09:40:03,480.75,918030
2021-06-08 09:40:05,481.0,919540
2021-06-08 09:40:06,480.75,919550
2021-06-08 09:40:07,481.0,919560
2021-06-08 09:40:08,481.0,919560
2021-06-08 09:40:09,481.0,919560
2021-06-08 09:40:10,480.8,919761
2021-06-08 09:40:11,480.8,920062
2021-06-08 09:40:12,480.8,920086
2021-06-08 09:40:13,480.8,920107
2021-06-08 09:40:14,480.8,920207
2021-06-08 09:40:15,480.8,920207
2021-06-08 09:40:15,480.8,920207
2021-06-08 09:40:16,480.75,920222
2021-06-08 09:40:17,480.8,920456
2021-06-08 09:40:19,480.6,924998
2021-06-08 09:40:20,480.6,925010
2021-06-08 09:40:21,480.6,925112
2021-06-08 09:40:22,480.5,925312
2021-06-08 09:40:23,480.6,925363
2021-06-08 09:40:24,480.65,926112
2021-06-08 09:40:25,480.5,926122
2021-06-08 09:40:25,480.5,926122
2021-06-08 09:40:26,480.5,926122
2021-06-08 09:40:28,480.5,926122
2021-06-08 09:40:29,480.5,926139
2021-06-08 09:40:30,480.6,926190
2021-06-08 09:40:31,480.6,926190
2021-06-08 09:40:32,480.6,926492
2021-06-08 09:40:33,480.5,926571
2021-06-08 09:40:33,480.5,926621
2021-06-08 09:40:34,480.5,928422
2021-06-08 09:40:35,480.5,928438
2021-06-08 09:40:36,480.35,928441
2021-06-08 09:40:38,480.5,928596
2021-06-08 09:40:39,480.5,928596
2021-06-08 09:40:40,480.35,928668
2021-06-08 09:40:41,480.35,928698
2021-06-08 09:40:42,480.1,929479
2021-06-08 09:40:43,480.1,929558
2021-06-08 09:40:44,480.1,930600
2021-06-08 09:40:45,480.3,930760
2021-06-08 09:40:45,480.3,930760
2021-06-08 09:40:47,480.3,930760
2021-06-08 09:40:48,480.3,930940
2021-06-08 09:40:49,480.2,931474
2021-06-08 09:40:50,480.3,931479
2021-06-08 09:40:51,480.5,931485
2021-06-08 09:40:52,480.5,931485
2021-06-08 09:40:53,480.5,931485
2021-06-08 09:40:54,480.5,931962
2021-06-08 09:40:55,480.5,931962
2021-06-08 09:40:56,480.6,931978
2021-06-08 09:40:57,480.7,932478
2021-06-08 09:40:58,480.7,932478
2021-06-08 09:40:58,480.7,932478
2021-06-08 09:40:59,480.7,932478
2021-06-08 09:41:00,480.5,932603
2021-06-08 09:41:01,480.5,933148
2021-06-08 09:41:02,480.5,933148
2021-06-08 09:41:03,480.5,933148
2021-06-08 09:41:05,480.7,933465
2021-06-08 09:41:06,480.7,933767
2021-06-08 09:41:07,480.7,933768
2021-06-08 09:41:08,480.45,940405
2021-06-08 09:41:09,480.45,940470
2021-06-08 09:41:10,480.5,940485
2021-06-08 09:41:11,480.35,940575
2021-06-08 09:41:11,480.35,940575
2021-06-08 09:41:13,480.35,940589
2021-06-08 09:41:14,480.35,940599
2021-06-08 09:41:15,480.35,940649
2021-06-08 09:41:16,480.5,940651
2021-06-08 09:41:17,480.5,940856
2021-06-08 09:41:18,480.5,940941
2021-06-08 09:41:19,480.5,941175
2021-06-08 09:41:20,480.5,941360
2021-06-08 09:41:21,480.45,941365
2021-06-08 09:41:22,480.15,943844
2021-06-08 09:41:23,480.15,943994
2021-06-08 09:41:24,480.15,943994
2021-06-08 09:41:25,480.35,944001
2021-06-08 09:41:26,480.2,944511
2021-06-08 09:41:27,480.35,944536
2021-06-08 09:41:28,480.35,944586
2021-06-08 09:41:29,480.35,944586
2021-06-08 09:41:30,480.15,944911
2021-06-08 09:41:31,480.15,944911
2021-06-08 09:41:32,480.15,944915
2021-06-08 09:41:33,480.3,945010
2021-06-08 09:41:34,480.15,946380
2021-06-08 09:41:35,480.15,946617
2021-06-08 09:41:36,480.15,946652
2021-06-08 09:41:37,480.05,946662
2021-06-08 09:41:38,480.15,946692
2021-06-08 09:41:39,480.05,946742
2021-06-08 09:41:41,480.15,946808
2021-06-08 09:41:42,480.1,946888
2021-06-08 09:41:43,480.1,946888
2021-06-08 09:41:44,480.05,946988
2021-06-08 09:41:46,480.0,952903
2021-06-08 09:41:47,480.0,952903
2021-06-08 09:41:48,480.0,952903
2021-06-08 09:41:49,479.95,959769
2021-06-08 09:41:50,479.7,959793
2021-06-08 09:41:51,479.95,960058
2021-06-08 09:41:52,480.0,960158
2021-06-08 09:41:53,479.8,960288
2021-06-08 09:41:54,479.8,960288
2021-06-08 09:41:55,480.0,968221
2021-06-08 09:41:56,480.0,968221
2021-06-08 09:41:57,480.0,968528
2021-06-08 09:41:58,479.9,968574
2021-06-08 09:41:59,479.9,970525
2021-06-08 09:42:01,479.85,970690
2021-06-08 09:42:02,479.85,970690
2021-06-08 09:42:03,480.0,970720
2021-06-08 09:42:04,479.85,970772
2021-06-08 09:42:05,479.85,970772
2021-06-08 09:42:06,480.0,970828
2021-06-08 09:42:07,479.85,970831
2021-06-08 09:42:08,479.9,975540
2021-06-08 09:42:09,479.9,975790
2021-06-08 09:42:10,480.0,975990
2021-06-08 09:42:11,480.0,977109
2021-06-08 09:42:12,479.9,977175
2021-06-08 09:42:13,479.9,978608
2021-06-08 09:42:15,480.0,996129
2021-06-08 09:42:16,480.0,996252
2021-06-08 09:42:17,479.95,996254
2021-06-08 09:42:18,479.95,996254
2021-06-08 09:42:19,480.0,996473
2021-06-08 09:42:20,480.0,996473
2021-06-08 09:42:21,479.95,996623
2021-06-08 09:42:22,479.95,997556
2021-06-08 09:42:23,479.95,1002518
2021-06-08 09:42:24,479.9,1002628
2021-06-08 09:42:25,479.9,1002740
2021-06-08 09:42:26,479.85,1006020
2021-06-08 09:42:27,479.85,1006028
2021-06-08 09:42:28,480.0,1006399
2021-06-08 09:42:29,480.0,1006524
2021-06-08 09:42:31,479.9,1007069
2021-06-08 09:42:33,480.2,1008796
2021-06-08 09:42:32,479.9,1007073
2021-06-08 09:42:34,480.0,1008931
2021-06-08 09:42:35,480.35,1009948
2021-06-08 09:42:36,480.15,1009949
2021-06-08 09:42:37,480.15,1010154
2021-06-08 09:42:38,480.15,1010479
2021-06-08 09:42:39,480.15,1010540
2021-06-08 09:42:40,480.15,1010750
2021-06-08 09:42:41,480.15,1010750
2021-06-08 09:42:42,480.15,1010850
2021-06-08 09:42:43,480.35,1010870
2021-06-08 09:42:44,480.15,1010974
2021-06-08 09:42:45,480.15,1011024
2021-06-08 09:42:46,480.15,1011024
2021-06-08 09:42:47,480.1,1011524
2021-06-08 09:42:48,480.1,1011524
2021-06-08 09:42:49,480.05,1012155
2021-06-08 09:42:50,480.05,1012345
2021-06-08 09:42:51,480.05,1012403
2021-06-08 09:42:52,480.15,1012622
2021-06-08 09:42:53,480.0,1012627
2021-06-08 09:42:54,480.0,1012627
2021-06-08 09:42:55,480.15,1012644
2021-06-08 09:42:56,480.15,1013175
2021-06-08 09:42:57,480.15,1013175
2021-06-08 09:42:58,480.0,1013176
2021-06-08 09:42:59,480.0,1013176
2021-06-08 09:43:00,480.0,1013276
2021-06-08 09:43:01,480.0,1013358
2021-06-08 09:43:02,480.0,1013358
2021-06-08 09:43:03,480.0,1013383
2021-06-08 09:43:04,480.15,1013408
2021-06-08 09:43:05,480.15,1013408
2021-06-08 09:43:06,480.15,1013859
2021-06-08 09:43:07,480.0,1014009
2021-06-08 09:43:08,480.0,1014009
2021-06-08 09:43:09,480.25,1014868
2021-06-08 09:43:10,480.15,1014901
2021-06-08 09:43:11,480.15,1014933
2021-06-08 09:43:12,480.0,1016933
2021-06-08 09:43:13,480.25,1017266
2021-06-08 09:43:14,480.25,1017266
2021-06-08 09:43:15,480.25,1017266
2021-06-08 09:43:16,480.25,1017266
2021-06-08 09:43:17,480.15,1017291
2021-06-08 09:43:18,480.3,1017976
2021-06-08 09:43:19,480.3,1017976
2021-06-08 09:43:20,480.3,1017979
2021-06-08 09:43:21,480.3,1017979
2021-06-08 09:43:22,480.3,1018029
2021-06-08 09:43:24,480.45,1018381
2021-06-08 09:43:24,480.45,1018381
2021-06-08 09:43:25,480.3,1018523
2021-06-08 09:43:26,480.3,1018643
2021-06-08 09:43:27,480.3,1018644
2021-06-08 09:43:28,480.3,1018655
2021-06-08 09:43:29,480.3,1018685
2021-06-08 09:43:30,480.7,1019412
2021-06-08 09:43:31,480.65,1019945
2021-06-08 09:43:32,480.65,1020019
2021-06-08 09:43:33,480.65,1020019
2021-06-08 09:43:34,480.6,1020035
2021-06-08 09:43:35,480.5,1020165
2021-06-08 09:43:36,480.65,1020181
2021-06-08 09:43:37,480.7,1020307
2021-06-08 09:43:38,480.6,1020322
2021-06-08 09:43:39,480.5,1020425
2021-06-08 09:43:40,480.45,1020598
2021-06-08 09:43:41,480.5,1020619
2021-06-08 09:43:42,480.5,1020619
2021-06-08 09:43:43,480.4,1020845
2021-06-08 09:43:44,480.4,1020845
2021-06-08 09:43:45,480.4,1020845
2021-06-08 09:43:46,480.55,1020995
2021-06-08 09:43:47,480.4,1021005
2021-06-08 09:43:48,480.4,1021005
2021-06-08 09:43:49,480.5,1021805
2021-06-08 09:43:50,480.3,1023660
2021-06-08 09:43:51,480.4,1023687
2021-06-08 09:43:53,480.45,1023972
2021-06-08 09:43:54,480.45,1024004
2021-06-08 09:43:56,480.5,1024041
2021-06-08 09:43:57,480.5,1024073
2021-06-08 09:43:58,480.3,1024080
2021-06-08 09:43:59,480.3,1024152
2021-06-08 09:44:00,480.3,1024152
2021-06-08 09:44:01,480.3,1024152
2021-06-08 09:44:02,480.3,1024317
2021-06-08 09:44:03,480.5,1024381
2021-06-08 09:44:04,480.45,1025549
2021-06-08 09:44:05,480.3,1025849
2021-06-08 09:44:07,480.3,1026164
2021-06-08 09:44:08,480.45,1026175
2021-06-08 09:44:09,480.3,1026176
2021-06-08 09:44:10,480.3,1026176
2021-06-08 09:44:11,480.3,1026176
2021-06-08 09:44:12,480.3,1026176
2021-06-08 09:44:13,480.3,1026176
2021-06-08 09:44:14,480.3,1026236
2021-06-08 09:44:15,480.4,1026286
2021-06-08 09:44:16,480.3,1026771
2021-06-08 09:44:17,480.45,1026921
2021-06-08 09:44:19,480.0,1030285
2021-06-08 09:44:19,480.0,1030285
2021-06-08 09:44:20,480.05,1030301
2021-06-08 09:44:21,479.95,1030506
2021-06-08 09:44:22,479.95,1030506
2021-06-08 09:44:23,479.95,1030506
2021-06-08 09:44:24,480.05,1030507
2021-06-08 09:44:25,480.1,1030648
2021-06-08 09:44:26,480.1,1030648
2021-06-08 09:44:27,480.1,1030648
2021-06-08 09:44:28,480.05,1030675
2021-06-08 09:44:29,480.1,1031701
2021-06-08 09:44:30,479.95,1031921
2021-06-08 09:44:31,480.1,1031924
2021-06-08 09:44:32,480.1,1031924
2021-06-08 09:44:33,480.05,1031960
2021-06-08 09:44:34,480.0,1032829
2021-06-08 09:44:35,480.1,1033032
2021-06-08 09:44:36,479.95,1033057
2021-06-08 09:44:37,480.15,1033322
2021-06-08 09:44:38,480.0,1033332
2021-06-08 09:44:39,480.25,1033612
2021-06-08 09:44:41,480.3,1033716
2021-06-08 09:44:41,480.15,1033717
2021-06-08 09:44:42,480.15,1033717
2021-06-08 09:44:45,480.3,1033933
2021-06-08 09:44:45,480.3,1033933
2021-06-08 09:44:46,480.1,1034033
2021-06-08 09:44:47,480.15,1034127
2021-06-08 09:44:48,480.15,1034347
2021-06-08 09:44:49,480.25,1034447
2021-06-08 09:44:50,480.25,1034527
2021-06-08 09:44:51,480.3,1034758
2021-06-08 09:44:52,480.2,1034833
2021-06-08 09:44:53,480.3,1034853
2021-06-08 09:44:54,480.2,1034953
2021-06-08 09:44:55,480.45,1035254
2021-06-08 09:44:57,480.2,1035295
2021-06-08 09:44:57,480.2,1035295
2021-06-08 09:44:58,480.2,1035295
2021-06-08 09:44:59,480.2,1035295
2021-06-08 09:45:00,480.4,1035357
2021-06-08 09:45:01,480.2,1035362
2021-06-08 09:45:02,480.3,1035594
2021-06-08 09:45:03,480.25,1035762
2021-06-08 09:45:04,480.25,1035762
2021-06-08 09:45:05,480.25,1035837
2021-06-08 09:45:06,480.4,1035842
2021-06-08 09:45:07,480.4,1035952
2021-06-08 09:45:08,480.25,1038693
2021-06-08 09:45:09,480.2,1038798
2021-06-08 09:45:10,480.25,1039422
2021-06-08 09:45:11,480.2,1039541
2021-06-08 09:45:12,480.25,1039689
2021-06-08 09:45:14,480.15,1039956
2021-06-08 09:45:14,480.15,1040006
2021-06-08 09:45:15,480.2,1040382
2021-06-08 09:45:16,480.2,1040523
2021-06-08 09:45:17,480.15,1042298
2021-06-08 09:45:18,480.15,1042443
2021-06-08 09:45:19,480.2,1042476
2021-06-08 09:45:20,480.2,1042508
2021-06-08 09:45:21,480.2,1042524
2021-06-08 09:45:23,480.15,1043131
2021-06-08 09:45:24,479.9,1044170
2021-06-08 09:45:25,480.0,1044207
2021-06-08 09:45:26,480.0,1044207
2021-06-08 09:45:27,479.85,1044490
2021-06-08 09:45:28,479.8,1044520
2021-06-08 09:45:29,479.75,1044832
2021-06-08 09:45:30,479.75,1044832
2021-06-08 09:45:31,480.0,1045013
2021-06-08 09:45:32,479.8,1045081
2021-06-08 09:45:34,480.0,1045173
2021-06-08 09:45:34,480.0,1045148
2021-06-08 09:45:35,480.1,1045391
2021-06-08 09:45:36,480.0,1045458
2021-06-08 09:45:37,480.2,1045512
2021-06-08 09:45:38,480.05,1045748
2021-06-08 09:45:39,479.85,1045801
2021-06-08 09:45:40,479.85,1045801
2021-06-08 09:45:42,480.1,1046223
2021-06-08 09:45:43,480.15,1046302
2021-06-08 09:45:44,479.85,1046463
2021-06-08 09:45:45,479.85,1046527
2021-06-08 09:45:45,479.85,1046527
2021-06-08 09:45:47,479.9,1046884
2021-06-08 09:45:48,479.7,1047258
2021-06-08 09:45:49,479.9,1047390
2021-06-08 09:45:51,479.85,1047392
2021-06-08 09:45:51,479.85,1047392
2021-06-08 09:45:52,479.65,1047602
2021-06-08 09:45:53,479.7,1047606
2021-06-08 09:45:54,479.7,1047736
2021-06-08 09:45:55,479.7,1047752
2021-06-08 09:45:56,479.65,1047921
2021-06-08 09:45:57,479.85,1047931
2021-06-08 09:45:58,479.65,1047941
2021-06-08 09:45:59,479.75,1047958
2021-06-08 09:46:00,479.65,1048704
2021-06-08 09:46:01,479.5,1050531
2021-06-08 09:46:04,479.65,1050847
2021-06-08 09:46:04,479.5,1051219
2021-06-08 09:46:05,479.5,1051296
2021-06-08 09:46:07,479.7,1051671
2021-06-08 09:46:08,479.5,1051852
2021-06-08 09:46:09,479.7,1051905
2021-06-08 09:46:13,479.5,1052665
2021-06-08 09:46:17,479.1,1055039
2021-06-08 09:46:21,479.25,1056034
2021-06-08 09:46:25,479.35,1056829
2021-06-08 09:46:29,479.2,1057079
2021-06-08 09:46:33,479.25,1057412
2021-06-08 09:46:37,479.2,1057848
2021-06-08 09:46:41,479.25,1060476
2021-06-08 09:46:45,479.25,1061841
2021-06-08 09:46:49,479.25,1063184
2021-06-08 09:46:53,479.45,1064486
2021-06-08 09:46:58,479.45,1064863
2021-06-08 09:47:02,479.5,1065873
2021-06-08 09:47:06,479.25,1067066
2021-06-08 09:47:10,479.45,1067887
2021-06-08 09:47:15,479.25,1069331
2021-06-08 09:47:19,479.25,1069488
2021-06-08 09:47:23,479.25,1070365
2021-06-08 09:47:27,479.1,1073056
2021-06-08 09:47:32,479.4,1074152
2021-06-08 09:47:35,479.2,1083536
2021-06-08 09:47:40,479.25,1086347
2021-06-08 09:47:44,479.25,1087342
2021-06-08 09:47:52,479.25,1089915
2021-06-08 09:47:57,479.1,1090879
2021-06-08 09:48:01,479.15,1097421
2021-06-08 09:48:05,479.2,1101290
2021-06-08 09:48:09,479.0,1102600
2021-06-08 09:48:18,479.2,1104925
2021-06-08 09:48:22,479.05,1105359
2021-06-08 09:48:26,479.2,1106449
2021-06-08 09:48:29,479.2,1107013
2021-06-08 09:48:34,479.0,1114646
2021-06-08 09:48:38,478.8,1116061
2021-06-08 09:48:42,478.8,1116711
2021-06-08 09:48:46,478.75,1119799
2021-06-08 09:48:54,478.95,1126613
2021-06-08 09:48:59,479.0,1127779
2021-06-08 09:49:03,478.95,1128527
2021-06-08 09:49:07,479.0,1128958
2021-06-08 09:49:11,478.8,1129450
2021-06-08 09:49:15,478.8,1130727
2021-06-08 09:49:19,478.8,1131011
2021-06-08 09:49:23,478.85,1133525
2021-06-08 09:49:27,479.15,1138966
2021-06-08 09:49:31,479.15,1139751
2021-06-08 09:49:36,479.15,1139999
2021-06-08 09:49:40,479.35,1143641
2021-06-08 09:49:44,479.35,1143959
2021-06-08 09:49:48,479.1,1146316
2021-06-08 09:49:52,479.15,1147203
2021-06-08 09:49:56,479.15,1147599
2021-06-08 09:50:00,479.1,1149038
2021-06-08 09:50:04,479.1,1150714
2021-06-08 09:50:09,479.05,1151570
2021-06-08 09:50:13,479.15,1152459
2021-06-08 09:50:17,479.05,1152824
2021-06-08 09:50:21,479.05,1153762
2021-06-08 09:50:25,479.1,1154681
2021-06-08 09:50:29,479.05,1155070
2021-06-08 09:50:33,479.05,1155715
2021-06-08 09:50:37,478.95,1159209
2021-06-08 09:50:41,478.95,1161136
2021-06-08 09:50:46,478.7,1161694
2021-06-08 09:50:49,479.0,1162766
2021-06-08 09:50:54,479.05,1163177
2021-06-08 09:50:58,479.45,1178245
2021-06-08 09:51:02,479.6,1180303
2021-06-08 09:51:06,479.45,1181070
2021-06-08 09:51:09,479.7,1181428
2021-06-08 09:51:10,479.7,1181428
2021-06-08 09:51:11,479.45,1181790
2021-06-08 09:51:12,479.45,1181856
2021-06-08 09:51:13,479.5,1182528
2021-06-08 09:51:15,479.25,1182668
2021-06-08 09:51:16,479.45,1182971
2021-06-08 09:51:17,479.45,1182972
2021-06-08 09:51:18,479.25,1182998
2021-06-08 09:51:19,479.25,1182998
2021-06-08 09:51:20,479.25,1182998
2021-06-08 09:51:21,479.1,1183706
2021-06-08 09:51:22,479.1,1183706
2021-06-08 09:51:23,479.15,1183716
2021-06-08 09:51:24,479.15,1183766
2021-06-08 09:51:25,479.15,1183766
2021-06-08 09:51:26,479.4,1183786
2021-06-08 09:51:27,479.4,1183786
2021-06-08 09:51:28,479.25,1183836
2021-06-08 09:51:29,479.4,1184248
2021-06-08 09:51:30,479.4,1184248
2021-06-08 09:51:31,479.45,1184404
2021-06-08 09:51:32,479.25,1184433
2021-06-08 09:51:32,479.25,1184433
2021-06-08 09:51:33,479.25,1184498
2021-06-08 09:51:34,479.25,1184498
2021-06-08 09:51:36,479.25,1184622
2021-06-08 09:51:37,479.25,1184742
2021-06-08 09:51:38,479.25,1184842
2021-06-08 09:51:40,479.45,1184974
2021-06-08 09:51:41,479.3,1185024
2021-06-08 09:51:42,479.3,1185109
2021-06-08 09:51:43,479.4,1185314
2021-06-08 09:51:44,479.4,1185314
2021-06-08 09:51:45,479.3,1185340
2021-06-08 09:51:46,479.3,1185340
2021-06-08 09:51:47,479.4,1185440
2021-06-08 09:51:48,479.45,1185485
2021-06-08 09:51:49,479.45,1185985
2021-06-08 09:51:50,479.45,1185985
2021-06-08 09:51:51,479.45,1185985
2021-06-08 09:51:52,479.45,1187540
2021-06-08 09:51:53,479.4,1187550
2021-06-08 09:51:54,479.45,1187932
2021-06-08 09:51:54,479.45,1187932
2021-06-08 09:51:55,479.45,1188028
2021-06-08 09:51:57,479.45,1188043
2021-06-08 09:51:58,479.45,1188076
2021-06-08 09:51:59,479.45,1188136
2021-06-08 09:52:00,479.6,1189040
2021-06-08 09:52:01,479.55,1189424
2021-06-08 09:52:02,479.55,1189886
2021-06-08 09:52:03,479.55,1189896
2021-06-08 09:52:04,479.55,1189998
2021-06-08 09:52:05,479.55,1189998
2021-06-08 09:52:06,479.8,1190013
2021-06-08 09:52:07,479.55,1190033
2021-06-08 09:52:08,479.55,1190033
2021-06-08 09:52:09,479.8,1190055
2021-06-08 09:52:10,479.8,1190055
2021-06-08 09:52:11,479.8,1190205
2021-06-08 09:52:12,479.55,1191818
2021-06-08 09:52:13,479.55,1191818
2021-06-08 09:52:14,479.55,1191818
2021-06-08 09:52:15,479.55,1191868
2021-06-08 09:52:16,479.55,1191868
2021-06-08 09:52:17,479.55,1192030
2021-06-08 09:52:18,479.55,1192030
2021-06-08 09:52:19,479.55,1192070
2021-06-08 09:52:20,479.7,1192370
2021-06-08 09:52:21,479.55,1192380
2021-06-08 09:52:22,479.55,1192380
2021-06-08 09:52:23,479.5,1192990
2021-06-08 09:52:24,479.5,1192990
2021-06-08 09:52:25,479.7,1193045
2021-06-08 09:52:26,479.55,1193055
2021-06-08 09:52:27,479.55,1193176
2021-06-08 09:52:28,479.55,1193176
2021-06-08 09:52:29,479.55,1193327
2021-06-08 09:52:30,479.7,1193576
2021-06-08 09:52:31,479.55,1193676
2021-06-08 09:52:32,479.55,1194993
2021-06-08 09:52:33,479.55,1195091
2021-06-08 09:52:34,479.55,1195595
2021-06-08 09:52:35,479.55,1195595
2021-06-08 09:52:36,479.35,1195597
2021-06-08 09:52:37,479.5,1195982
2021-06-08 09:52:38,479.55,1196082
2021-06-08 09:52:39,479.55,1196082
2021-06-08 09:52:40,479.55,1196271
2021-06-08 09:52:41,479.55,1196371
2021-06-08 09:52:42,479.55,1196371
2021-06-08 09:52:43,479.55,1196377
2021-06-08 09:52:45,479.55,1196732
2021-06-08 09:52:46,479.55,1196757
2021-06-08 09:52:47,479.4,1196917
2021-06-08 09:52:48,479.55,1196946
2021-06-08 09:52:49,479.6,1197017
2021-06-08 09:52:50,479.6,1197119
2021-06-08 09:52:51,479.6,1197119
2021-06-08 09:52:52,479.6,1197119
2021-06-08 09:52:53,479.55,1197149
2021-06-08 09:52:54,479.55,1197169
2021-06-08 09:52:55,479.55,1197169
2021-06-08 09:52:56,479.55,1197169
2021-06-08 09:52:57,479.55,1197525
2021-06-08 09:52:58,479.55,1197606
2021-06-08 09:52:59,479.55,1197606
2021-06-08 09:53:00,479.7,1197685
2021-06-08 09:53:01,479.7,1198398
2021-06-08 09:53:02,479.55,1200062
2021-06-08 09:53:03,479.55,1200644
2021-06-08 09:53:04,479.5,1201038
2021-06-08 09:53:05,479.55,1201410
2021-06-08 09:53:06,479.55,1201410
2021-06-08 09:53:07,479.55,1201705
2021-06-08 09:53:08,479.55,1201787
2021-06-08 09:53:10,479.55,1201869
2021-06-08 09:53:11,479.55,1201884
2021-06-08 09:53:12,479.55,1201885
2021-06-08 09:53:13,479.55,1201885
2021-06-08 09:53:14,479.5,1201995
2021-06-08 09:53:15,479.55,1202002
2021-06-08 09:53:16,479.5,1202022
2021-06-08 09:53:17,479.5,1202022
2021-06-08 09:53:18,479.55,1202023
2021-06-08 09:53:19,479.5,1202123
2021-06-08 09:53:20,479.5,1202123
2021-06-08 09:53:21,479.55,1202124
2021-06-08 09:53:22,479.55,1202884
2021-06-08 09:53:23,479.55,1202914
2021-06-08 09:53:24,479.55,1202914
2021-06-08 09:53:25,479.5,1202926
2021-06-08 09:53:26,479.5,1202936
2021-06-08 09:53:27,479.55,1202937
2021-06-08 09:53:28,479.55,1202937
2021-06-08 09:53:29,479.55,1203080
2021-06-08 09:53:30,479.55,1203080
2021-06-08 09:53:31,479.55,1203080
2021-06-08 09:53:32,479.55,1203232
2021-06-08 09:53:33,479.55,1203232
2021-06-08 09:53:34,479.55,1203347
2021-06-08 09:53:35,479.65,1203358
2021-06-08 09:53:37,479.5,1205780
2021-06-08 09:53:36,479.5,1205780
2021-06-08 09:53:38,479.6,1205800
2021-06-08 09:53:39,479.6,1205800
2021-06-08 09:53:40,479.45,1206130
2021-06-08 09:53:41,479.45,1206130
2021-06-08 09:53:42,479.55,1206325
2021-06-08 09:53:43,479.55,1206326
2021-06-08 09:53:44,479.45,1206334
2021-06-08 09:53:45,479.45,1206405
2021-06-08 09:53:46,479.45,1206405
2021-06-08 09:53:47,479.45,1206405
2021-06-08 09:53:48,479.45,1206409
2021-06-08 09:53:49,479.4,1206429
2021-06-08 09:53:50,479.4,1206555
2021-06-08 09:53:51,479.4,1212080
2021-06-08 09:53:52,479.25,1212086
2021-06-08 09:53:53,479.4,1212381
2021-06-08 09:53:54,479.15,1213091
2021-06-08 09:53:55,479.15,1213141
2021-06-08 09:53:56,479.15,1213141
2021-06-08 09:53:57,479.15,1213350
2021-06-08 09:53:59,479.1,1213957
2021-06-08 09:54:02,479.1,1213968
2021-06-08 09:54:03,479.25,1214322
2021-06-08 09:54:04,479.25,1214322
2021-06-08 09:54:05,479.25,1214325
2021-06-08 09:54:06,479.1,1214421
2021-06-08 09:54:07,479.1,1214421
2021-06-08 09:54:09,479.05,1215647
2021-06-08 09:54:09,479.05,1215647
2021-06-08 09:54:10,479.15,1215732
2021-06-08 09:54:11,479.0,1216260
2021-06-08 09:54:12,479.05,1216270
2021-06-08 09:54:13,479.0,1216807
2021-06-08 09:54:14,479.1,1217617
2021-06-08 09:54:15,479.1,1217623
2021-06-08 09:54:16,479.1,1217623
2021-06-08 09:54:17,479.0,1217643
2021-06-08 09:54:18,479.0,1217843
2021-06-08 09:54:19,479.0,1217843
2021-06-08 09:54:20,479.2,1218068
2021-06-08 09:54:21,479.0,1218089
2021-06-08 09:54:22,479.0,1218089
2021-06-08 09:54:24,479.15,1218159
2021-06-08 09:54:25,479.2,1218160
2021-06-08 09:54:26,479.2,1218160
2021-06-08 09:54:27,479.0,1218175
2021-06-08 09:54:28,479.0,1218175
2021-06-08 09:54:29,479.1,1218675
2021-06-08 09:54:30,479.2,1219942
2021-06-08 09:54:31,479.1,1220057
2021-06-08 09:54:33,479.25,1220717
2021-06-08 09:54:34,479.25,1220717
2021-06-08 09:54:35,479.3,1220837
2021-06-08 09:54:36,479.25,1220992
2021-06-08 09:54:37,479.25,1221192
2021-06-08 09:54:38,479.25,1221192
2021-06-08 09:54:39,479.25,1221192
2021-06-08 09:54:40,479.25,1221192
2021-06-08 09:54:41,479.25,1221342
2021-06-08 09:54:42,479.25,1221342
2021-06-08 09:54:43,479.25,1221387
2021-06-08 09:54:44,479.25,1221425
2021-06-08 09:54:45,479.25,1221463
2021-06-08 09:54:46,479.25,1221463
2021-06-08 09:54:47,479.25,1221657
2021-06-08 09:54:48,479.25,1221657
2021-06-08 09:54:50,479.25,1221752
2021-06-08 09:54:50,479.25,1221752
2021-06-08 09:54:51,479.2,1221952
2021-06-08 09:54:52,479.2,1222102
2021-06-08 09:54:53,479.2,1222102
2021-06-08 09:54:54,479.2,1222610
2021-06-08 09:54:55,479.2,1222610
2021-06-08 09:54:56,479.2,1222610
2021-06-08 09:54:57,479.2,1222610
2021-06-08 09:54:58,479.4,1222710
2021-06-08 09:54:59,479.4,1222710
2021-06-08 09:55:00,479.3,1222745
2021-06-08 09:55:01,479.2,1222786
2021-06-08 09:55:03,479.2,1222956
2021-06-08 09:55:03,479.2,1222956
2021-06-08 09:55:04,479.4,1222976
2021-06-08 09:55:05,479.4,1223004
2021-06-08 09:55:06,479.2,1223161
2021-06-08 09:55:07,479.2,1223170
2021-06-08 09:55:08,479.2,1223170
2021-06-08 09:55:09,479.2,1223170
2021-06-08 09:55:10,479.2,1223170
2021-06-08 09:55:11,479.45,1223420
2021-06-08 09:55:12,479.45,1223421
2021-06-08 09:55:13,479.45,1223421
2021-06-08 09:55:14,479.4,1223431
2021-06-08 09:55:15,479.45,1223483
2021-06-08 09:55:16,479.3,1223785
2021-06-08 09:55:17,479.15,1224790
2021-06-08 09:55:18,479.35,1225330
2021-06-08 09:55:19,479.35,1225650
2021-06-08 09:55:20,479.35,1225650
2021-06-08 09:55:21,479.15,1225658
2021-06-08 09:55:22,479.15,1225658
2021-06-08 09:55:23,479.05,1226485
2021-06-08 09:55:24,479.05,1226485
2021-06-08 09:55:25,479.1,1226686
2021-06-08 09:55:26,479.05,1226732
2021-06-08 09:55:28,479.25,1226733
2021-06-08 09:55:30,479.2,1226816
2021-06-08 09:55:31,479.25,1226866
2021-06-08 09:55:32,479.25,1226866
2021-06-08 09:55:33,479.0,1227067
2021-06-08 09:55:34,479.2,1227657
2021-06-08 09:55:35,479.2,1227663
2021-06-08 09:55:36,479.25,1227673
2021-06-08 09:55:37,479.2,1229011
2021-06-08 09:55:39,479.2,1229016
2021-06-08 09:55:40,479.1,1229113
2021-06-08 09:55:42,479.1,1229159
2021-06-08 09:55:42,479.1,1229159
2021-06-08 09:55:43,479.2,1229260
2021-06-08 09:55:44,479.2,1229375
2021-06-08 09:55:45,479.1,1229548
2021-06-08 09:55:47,479.2,1230109
2021-06-08 09:55:48,479.2,1230109
2021-06-08 09:55:49,479.1,1230309
2021-06-08 09:55:50,479.2,1230328
2021-06-08 09:55:51,479.2,1230328
2021-06-08 09:55:52,479.0,1231665
2021-06-08 09:55:53,479.0,1231717
2021-06-08 09:55:54,479.2,1231817
2021-06-08 09:55:55,479.0,1231923
2021-06-08 09:55:56,479.2,1231983
2021-06-08 09:55:57,479.0,1232493
2021-06-08 09:55:58,479.25,1232941
2021-06-08 09:55:59,479.3,1233061
2021-06-08 09:56:01,479.2,1233909
2021-06-08 09:56:03,479.3,1235495
2021-06-08 09:56:04,479.1,1236102
2021-06-08 09:56:06,479.1,1236183
2021-06-08 09:56:06,479.3,1236702
2021-06-08 09:56:07,479.4,1236874
2021-06-08 09:56:08,479.4,1238514
2021-06-08 09:56:09,479.1,1240748
2021-06-08 09:56:10,479.4,1241405
2021-06-08 09:56:11,479.4,1241405
2021-06-08 09:56:12,479.45,1241937
2021-06-08 09:56:14,479.7,1247418
2021-06-08 09:56:15,479.75,1249287
2021-06-08 09:56:17,479.7,1249304
2021-06-08 09:56:18,479.7,1249364
2021-06-08 09:56:19,479.7,1249413
2021-06-08 09:56:19,479.7,1249413
2021-06-08 09:56:20,479.55,1250490
2021-06-08 09:56:21,479.7,1250495
2021-06-08 09:56:22,479.75,1250505
2021-06-08 09:56:23,479.75,1250545
2021-06-08 09:56:24,479.8,1251919
2021-06-08 09:56:26,479.9,1252770
2021-06-08 09:56:27,479.85,1253114
2021-06-08 09:56:28,479.85,1254472
2021-06-08 09:56:29,479.9,1254847
2021-06-08 09:56:29,479.9,1256844
2021-06-08 09:56:30,479.75,1256895
2021-06-08 09:56:31,479.85,1256940
2021-06-08 09:56:32,479.85,1256968
2021-06-08 09:56:33,479.85,1256973
2021-06-08 09:56:34,479.75,1257598
2021-06-08 09:56:35,479.85,1257628
2021-06-08 09:56:36,479.75,1257979
2021-06-08 09:56:37,479.75,1257979
2021-06-08 09:56:38,479.65,1258179
2021-06-08 09:56:39,479.65,1258179
2021-06-08 09:56:41,479.75,1258604
2021-06-08 09:56:42,479.65,1258614
2021-06-08 09:56:43,479.75,1258624
2021-06-08 09:56:43,479.75,1258624
2021-06-08 09:56:44,479.8,1259132
2021-06-08 09:56:45,479.75,1259292
2021-06-08 09:56:46,479.8,1260143
2021-06-08 09:56:47,479.75,1260243
2021-06-08 09:56:48,479.75,1260264
2021-06-08 09:56:50,479.7,1261468
2021-06-08 09:56:51,479.3,1264531
2021-06-08 09:56:52,479.45,1264648
2021-06-08 09:56:52,479.45,1264548
2021-06-08 09:56:53,479.45,1264648
2021-06-08 09:56:54,479.35,1264720
2021-06-08 09:56:56,479.3,1265075
2021-06-08 09:56:57,479.3,1265075
2021-06-08 09:56:57,479.15,1265097
2021-06-08 09:56:58,479.15,1265147
2021-06-08 09:56:59,479.15,1265147
2021-06-08 09:57:00,479.3,1265162
2021-06-08 09:57:01,479.25,1265279
2021-06-08 09:57:03,479.2,1265396
2021-06-08 09:57:04,479.0,1268996
2021-06-08 09:57:04,479.2,1265396
2021-06-08 09:57:05,479.0,1268996
2021-06-08 09:57:09,479.15,1269962
2021-06-08 09:57:09,479.0,1269998
2021-06-08 09:57:11,479.0,1269998
2021-06-08 09:57:11,478.9,1272480
2021-06-08 09:57:12,478.9,1272480
2021-06-08 09:57:14,478.8,1277210
2021-06-08 09:57:14,478.85,1277211
2021-06-08 09:57:15,478.85,1277211
2021-06-08 09:57:16,478.9,1277213
2021-06-08 09:57:18,478.75,1277214
2021-06-08 09:57:19,478.75,1277233
2021-06-08 09:57:20,478.7,1278084
2021-06-08 09:57:20,478.7,1278084
2021-06-08 09:57:21,478.7,1278303
2021-06-08 09:57:22,478.7,1278348
2021-06-08 09:57:23,478.6,1279973
2021-06-08 09:57:25,478.6,1287093
2021-06-08 09:57:26,478.4,1287263
2021-06-08 09:57:27,478.25,1289574
2021-06-08 09:57:28,478.4,1289584
2021-06-08 09:57:28,478.4,1289584
2021-06-08 09:57:29,478.4,1291956
2021-06-08 09:57:30,478.4,1291982
2021-06-08 09:57:31,478.15,1295283
2021-06-08 09:57:32,478.15,1299648
2021-06-08 09:57:33,478.2,1299941
2021-06-08 09:57:35,478.25,1300157
2021-06-08 09:57:35,478.25,1300335
2021-06-08 09:57:37,478.1,1300360
2021-06-08 09:57:38,478.05,1300458
2021-06-08 09:57:39,478.05,1300458
2021-06-08 09:57:40,478.2,1300683
2021-06-08 09:57:41,478.25,1302051
2021-06-08 09:57:42,478.4,1304528
2021-06-08 09:57:43,478.25,1304968
2021-06-08 09:57:44,478.3,1305899
2021-06-08 09:57:45,478.3,1305899
2021-06-08 09:57:46,478.3,1306149
2021-06-08 09:57:48,478.45,1307087
2021-06-08 09:57:49,478.45,1307192
2021-06-08 09:57:49,478.45,1307192
2021-06-08 09:57:50,478.5,1307855
2021-06-08 09:57:51,478.5,1307955
2021-06-08 09:57:53,478.5,1309369
2021-06-08 09:57:53,478.5,1309619
2021-06-08 09:57:55,478.45,1309759
2021-06-08 09:57:56,478.45,1310064
2021-06-08 09:57:57,478.5,1310075
2021-06-08 09:57:58,478.4,1310644
2021-06-08 09:57:58,478.4,1310644
2021-06-08 09:57:59,478.4,1310649
2021-06-08 09:58:00,478.4,1311850
2021-06-08 09:58:01,478.5,1312704
2021-06-08 09:58:02,478.5,1313361
2021-06-08 09:58:05,478.6,1313698
2021-06-08 09:58:05,478.6,1313803
2021-06-08 09:58:07,478.65,1314304
2021-06-08 09:58:08,478.7,1314815
2021-06-08 09:58:09,478.75,1315576
2021-06-08 09:58:09,478.75,1315576
2021-06-08 09:58:10,478.8,1315661
2021-06-08 09:58:11,479.1,1317811
2021-06-08 09:58:12,479.15,1318040
2021-06-08 09:58:13,479.05,1319858
2021-06-08 09:58:14,478.85,1320206
2021-06-08 09:58:16,479.05,1320963
2021-06-08 09:58:16,479.05,1320983
2021-06-08 09:58:18,479.1,1322757
2021-06-08 09:58:19,479.1,1322757
2021-06-08 09:58:20,479.15,1323497
2021-06-08 09:58:21,479.15,1323597
2021-06-08 09:58:22,479.15,1324558
2021-06-08 09:58:23,479.05,1326975
2021-06-08 09:58:24,479.15,1327596
2021-06-08 09:58:25,479.15,1327606
2021-06-08 09:58:25,479.15,1327606
2021-06-08 09:58:26,479.25,1329406
2021-06-08 09:58:27,479.15,1329543
2021-06-08 09:58:29,479.25,1331343
2021-06-08 09:58:30,479.2,1331768
2021-06-08 09:58:31,479.2,1336153
2021-06-08 09:58:32,478.75,1343344
2021-06-08 09:58:33,478.8,1347068
2021-06-08 09:58:35,478.8,1347068
2021-06-08 09:58:36,478.8,1347068
2021-06-08 09:58:36,478.8,1347068
2021-06-08 09:58:37,478.8,1347068
2021-06-08 09:58:39,478.8,1347068
2021-06-08 09:58:40,478.7,1347078
2021-06-08 09:58:41,478.8,1347946
2021-06-08 09:58:42,478.9,1348661
2021-06-08 09:58:43,478.95,1351032
2021-06-08 09:58:45,479.0,1354487
2021-06-08 09:58:46,479.0,1354610
2021-06-08 09:58:47,479.05,1355254
2021-06-08 09:58:47,479.1,1357155
2021-06-08 09:58:49,478.95,1358210
2021-06-08 09:58:51,478.95,1360210
2021-06-08 09:58:52,478.95,1360210
2021-06-08 09:58:53,478.95,1360210
2021-06-08 09:58:54,479.05,1363356
2021-06-08 09:58:55,479.15,1363561
2021-06-08 09:58:56,479.15,1364767
2021-06-08 09:58:57,479.25,1364797
2021-06-08 09:58:58,479.3,1367055
2021-06-08 09:58:59,479.3,1367055
2021-06-08 09:59:00,479.4,1367225
2021-06-08 09:59:02,479.05,1369912
2021-06-08 09:59:03,478.95,1370969
2021-06-08 09:59:03,479.2,1371069
2021-06-08 09:59:04,479.2,1371992
2021-06-08 09:59:05,479.2,1372924
2021-06-08 09:59:06,478.95,1373080
2021-06-08 09:59:08,479.15,1373767
2021-06-08 09:59:08,478.95,1373989
2021-06-08 09:59:09,478.95,1374589
2021-06-08 09:59:10,478.85,1375284
2021-06-08 09:59:11,479.25,1376747
2021-06-08 09:59:13,479.3,1377598
2021-06-08 09:59:15,479.3,1377678
2021-06-08 09:59:14,479.1,1377653
2021-06-08 09:59:16,478.45,1386918
2021-06-08 09:59:17,478.75,1389145
2021-06-08 09:59:18,478.7,1389250
2021-06-08 09:59:18,478.65,1389370
2021-06-08 09:59:19,478.65,1391335
2021-06-08 09:59:20,478.65,1391335
2021-06-08 09:59:22,478.65,1391335
2021-06-08 09:59:23,478.8,1391835
2021-06-08 09:59:24,478.8,1391845
2021-06-08 09:59:25,478.8,1392700
2021-06-08 09:59:26,478.8,1393225
2021-06-08 09:59:27,478.8,1393226
2021-06-08 09:59:28,478.9,1396466
2021-06-08 09:59:29,478.85,1396821
2021-06-08 09:59:30,478.9,1396903
2021-06-08 09:59:31,478.85,1396918
2021-06-08 09:59:32,478.85,1396918
2021-06-08 09:59:33,478.85,1397139
2021-06-08 09:59:34,478.65,1397639
2021-06-08 09:59:35,478.85,1398559
2021-06-08 09:59:36,478.85,1399088
2021-06-08 09:59:37,478.9,1400618
2021-06-08 09:59:38,478.85,1401425
2021-06-08 09:59:39,478.85,1401469
2021-06-08 09:59:40,478.85,1402425
2021-06-08 09:59:41,478.85,1402425
2021-06-08 09:59:41,478.85,1404027
2021-06-08 09:59:42,478.85,1404037
2021-06-08 09:59:45,478.9,1404897
2021-06-08 09:59:46,478.95,1404937
2021-06-08 09:59:47,478.9,1404957
2021-06-08 09:59:48,478.9,1405252
2021-06-08 09:59:49,478.9,1405644
2021-06-08 09:59:50,478.95,1405984
2021-06-08 09:59:50,479.1,1406707
2021-06-08 09:59:52,479.0,1413504
2021-06-08 09:59:53,478.95,1413529
2021-06-08 09:59:54,478.9,1414406
2021-06-08 09:59:55,479.0,1414804
2021-06-08 09:59:56,479.0,1415235
2021-06-08 09:59:57,478.75,1415600
2021-06-08 09:59:58,478.8,1416452
2021-06-08 09:59:59,478.8,1417353
2021-06-08 10:00:00,478.5,1419670
2021-06-08 10:00:01,478.7,1419975
2021-06-08 10:00:01,478.7,1419976
2021-06-08 10:00:02,478.7,1422368
2021-06-08 10:00:03,478.75,1423729
2021-06-08 10:00:04,478.8,1424612
2021-06-08 10:00:06,478.7,1426672
2021-06-08 10:00:07,478.95,1427167
2021-06-08 10:00:08,478.9,1427464
2021-06-08 10:00:10,478.65,1428698
2021-06-08 10:00:11,478.9,1429701
2021-06-08 10:00:12,478.8,1430648
2021-06-08 10:00:14,479.0,1430804
2021-06-08 10:00:15,479.05,1430962
2021-06-08 10:00:16,479.05,1431077
2021-06-08 10:00:17,479.05,1431077
2021-06-08 10:00:18,478.65,1434591
2021-06-08 10:00:19,478.8,1434691
2021-06-08 10:00:20,478.65,1434791
2021-06-08 10:00:21,478.9,1435474
2021-06-08 10:00:22,478.9,1435534
2021-06-08 10:00:23,478.9,1436489
2021-06-08 10:00:23,478.9,1436489
2021-06-08 10:00:25,478.9,1438241
2021-06-08 10:00:26,478.9,1439272
2021-06-08 10:00:27,478.9,1440123
2021-06-08 10:00:27,478.9,1440439
2021-06-08 10:00:29,478.9,1441615
2021-06-08 10:00:30,478.95,1442481
2021-06-08 10:00:31,478.95,1443332
2021-06-08 10:00:32,479.0,1445670
2021-06-08 10:00:33,479.15,1446373
2021-06-08 10:00:34,479.0,1449004
2021-06-08 10:00:35,479.0,1449045
2021-06-08 10:00:36,478.95,1449658
2021-06-08 10:00:37,478.45,1453614
2021-06-08 10:00:38,478.7,1453639
2021-06-08 10:00:38,478.7,1453639
2021-06-08 10:00:40,478.55,1455414
2021-06-08 10:00:40,478.55,1455828
2021-06-08 10:00:41,478.75,1455953
2021-06-08 10:00:42,478.5,1456258
2021-06-08 10:00:44,478.7,1456558
2021-06-08 10:00:44,478.7,1457414
2021-06-08 10:00:45,478.7,1457496
2021-06-08 10:00:47,478.75,1458350
2021-06-08 10:00:48,478.8,1458367
2021-06-08 10:00:49,478.8,1458372
2021-06-08 10:00:52,478.75,1461013
2021-06-08 10:00:53,478.75,1461528
2021-06-08 10:00:54,478.75,1461528
2021-06-08 10:00:55,478.75,1461863
2021-06-08 10:00:55,478.8,1461813
2021-06-08 10:00:56,478.8,1462433
2021-06-08 10:00:58,478.8,1462769
2021-06-08 10:00:59,478.75,1463204
2021-06-08 10:01:01,478.75,1464416
2021-06-08 10:01:02,478.75,1464726
2021-06-08 10:01:03,478.75,1464776
2021-06-08 10:01:04,478.75,1464906
2021-06-08 10:01:05,478.5,1468552
2021-06-08 10:01:06,478.5,1469652
2021-06-08 10:01:07,478.5,1469663
2021-06-08 10:01:08,478.7,1470612
2021-06-08 10:01:09,478.7,1470980
2021-06-08 10:01:10,478.7,1472655
2021-06-08 10:01:11,478.7,1472768
2021-06-08 10:01:12,478.7,1472835
2021-06-08 10:01:13,478.55,1472900
2021-06-08 10:01:13,478.55,1472900
2021-06-08 10:01:14,478.55,1472900
2021-06-08 10:01:15,478.4,1474700
2021-06-08 10:01:16,478.6,1474705
2021-06-08 10:01:17,478.65,1475732
2021-06-08 10:01:18,478.65,1475748
2021-06-08 10:01:19,478.4,1476689
2021-06-08 10:01:20,478.7,1477026
2021-06-08 10:01:21,478.5,1477142
2021-06-08 10:01:22,478.5,1477813
2021-06-08 10:01:23,478.6,1477859
2021-06-08 10:01:24,478.6,1477859
2021-06-08 10:01:25,478.5,1477861
2021-06-08 10:01:26,478.5,1477861
2021-06-08 10:01:28,478.6,1477871
2021-06-08 10:01:29,478.6,1477921
2021-06-08 10:01:30,478.5,1478021
2021-06-08 10:01:31,478.5,1478041
2021-06-08 10:01:32,478.6,1478156
2021-06-08 10:01:33,478.6,1478231
2021-06-08 10:01:34,478.6,1478516
2021-06-08 10:01:35,478.6,1478601
2021-06-08 10:01:36,478.5,1479036
2021-06-08 10:01:36,478.7,1480932
2021-06-08 10:01:37,478.7,1480932
2021-06-08 10:01:39,478.7,1481345
2021-06-08 10:01:40,478.7,1481370
2021-06-08 10:01:41,478.6,1481617
2021-06-08 10:01:42,478.6,1481617
2021-06-08 10:01:43,478.55,1481643
2021-06-08 10:01:44,478.55,1482060
2021-06-08 10:01:45,478.4,1482775
2021-06-08 10:01:46,478.55,1483545
2021-06-08 10:01:47,478.55,1483573
2021-06-08 10:01:48,478.55,1485611
2021-06-08 10:01:49,478.55,1485761
2021-06-08 10:01:50,478.55,1485911
2021-06-08 10:01:51,478.55,1486098
2021-06-08 10:01:52,478.5,1486351
2021-06-08 10:01:52,478.5,1486351
2021-06-08 10:01:54,478.6,1486536
2021-06-08 10:01:55,478.35,1488336
2021-06-08 10:01:56,478.3,1490106
2021-06-08 10:01:56,478.3,1490106
2021-06-08 10:01:57,478.65,1491457
2021-06-08 10:01:58,478.35,1492109
2021-06-08 10:01:59,478.25,1493249
2021-06-08 10:02:00,478.2,1495133
2021-06-08 10:02:01,478.4,1495351
2021-06-08 10:02:02,478.3,1495903
2021-06-08 10:02:04,478.4,1496256
2021-06-08 10:02:06,478.4,1499152
2021-06-08 10:02:07,478.25,1501239
2021-06-08 10:02:08,478.25,1501631
2021-06-08 10:02:09,478.25,1501631
2021-06-08 10:02:10,478.25,1502188
2021-06-08 10:02:11,478.4,1502488
2021-06-08 10:02:12,478.4,1502488
2021-06-08 10:02:13,478.25,1502516
2021-06-08 10:02:14,478.25,1502516
2021-06-08 10:02:15,478.25,1502718
2021-06-08 10:02:16,478.55,1503216
2021-06-08 10:02:17,478.55,1503501
2021-06-08 10:02:18,478.6,1504676
2021-06-08 10:02:19,478.6,1504880
2021-06-08 10:02:20,478.6,1504880
2021-06-08 10:02:21,478.6,1504880
2021-06-08 10:02:22,478.45,1507047
2021-06-08 10:02:23,478.45,1507132
2021-06-08 10:02:24,478.3,1507427
2021-06-08 10:02:25,478.3,1507427
2021-06-08 10:02:26,478.3,1507431
2021-06-08 10:02:27,478.3,1507611
2021-06-08 10:02:28,478.25,1507761
2021-06-08 10:02:29,478.45,1507944
2021-06-08 10:02:30,478.45,1507944
2021-06-08 10:02:31,478.25,1507954
2021-06-08 10:02:33,478.3,1508014
2021-06-08 10:02:36,478.3,1508014
2021-06-08 10:02:35,478.3,1508014
2021-06-08 10:02:37,478.25,1509360
2021-06-08 10:02:40,478.6,1509613
2021-06-08 10:02:41,478.6,1510063
2021-06-08 10:02:42,478.25,1513829
2021-06-08 10:02:43,478.55,1513849
2021-06-08 10:02:44,478.55,1513849
2021-06-08 10:02:45,478.65,1514050
2021-06-08 10:02:46,478.65,1514071
2021-06-08 10:02:47,478.65,1514135
2021-06-08 10:02:48,478.55,1514159
2021-06-08 10:02:49,478.55,1514211
2021-06-08 10:02:50,478.6,1514446
2021-06-08 10:02:51,478.65,1514821
2021-06-08 10:02:52,478.65,1514821
2021-06-08 10:02:53,478.6,1514856
2021-06-08 10:02:54,478.6,1514907
2021-06-08 10:02:55,478.65,1515222
2021-06-08 10:02:56,478.65,1515239
2021-06-08 10:02:57,478.65,1515659
2021-06-08 10:02:58,478.25,1517709
2021-06-08 10:02:59,478.2,1519509
2021-06-08 10:03:00,478.55,1520795
2021-06-08 10:03:01,478.6,1520845
2021-06-08 10:03:02,478.6,1520846
2021-06-08 10:03:03,478.6,1521428
2021-06-08 10:03:04,478.6,1521678
2021-06-08 10:03:05,478.5,1521822
2021-06-08 10:03:06,478.1,1526188
2021-06-08 10:03:07,478.3,1526523
2021-06-08 10:03:08,478.3,1527012
2021-06-08 10:03:09,478.3,1527299
2021-06-08 10:03:10,478.3,1527596
2021-06-08 10:03:11,478.15,1527858
2021-06-08 10:03:12,478.45,1528058
2021-06-08 10:03:13,478.45,1528844
2021-06-08 10:03:14,478.45,1529179
2021-06-08 10:03:15,478.45,1529529
2021-06-08 10:03:16,478.45,1529831
2021-06-08 10:03:17,478.45,1530299
2021-06-08 10:03:18,478.45,1530299
2021-06-08 10:03:19,478.45,1530419
2021-06-08 10:03:20,478.45,1531154
2021-06-08 10:03:21,478.45,1531949
2021-06-08 10:03:23,478.6,1532419
2021-06-08 10:03:24,478.6,1532419
2021-06-08 10:03:25,478.6,1532540
2021-06-08 10:03:26,478.6,1532545
2021-06-08 10:03:27,478.6,1534341
2021-06-08 10:03:28,478.6,1534341
2021-06-08 10:03:29,478.15,1542396
2021-06-08 10:03:30,478.1,1544196
2021-06-08 10:03:31,478.15,1544321
2021-06-08 10:03:33,478.1,1546121
2021-06-08 10:03:34,478.25,1546181
2021-06-08 10:03:35,478.05,1548060
2021-06-08 10:03:37,478.05,1548060
2021-06-08 10:03:38,478.0,1550071
2021-06-08 10:03:39,478.0,1550417
2021-06-08 10:03:40,478.0,1551318
2021-06-08 10:03:41,478.0,1552078
2021-06-08 10:03:42,478.0,1552964
2021-06-08 10:03:43,478.0,1556027
2021-06-08 10:03:44,478.0,1556331
2021-06-08 10:03:45,478.0,1556537
2021-06-08 10:03:46,478.0,1556587
2021-06-08 10:03:47,478.0,1556589
2021-06-08 10:03:48,478.0,1557440
2021-06-08 10:03:49,478.0,1558831
2021-06-08 10:03:50,478.0,1580890
2021-06-08 10:03:51,477.75,1581291
2021-06-08 10:03:52,478.0,1581298
2021-06-08 10:03:53,478.0,1581692
2021-06-08 10:03:54,478.0,1581692
2021-06-08 10:03:55,478.0,1581692
2021-06-08 10:03:56,477.8,1581693
2021-06-08 10:03:57,477.8,1581693
2021-06-08 10:03:58,477.8,1581694
2021-06-08 10:03:59,477.8,1581694
2021-06-08 10:04:00,477.8,1581794
2021-06-08 10:04:01,477.8,1581919
2021-06-08 10:04:02,477.8,1582019
2021-06-08 10:04:03,477.8,1582019
2021-06-08 10:04:04,477.8,1582019
2021-06-08 10:04:05,478.0,1582020
2021-06-08 10:04:06,477.95,1582990
2021-06-08 10:04:07,477.75,1583015
2021-06-08 10:04:08,477.7,1583300
2021-06-08 10:04:09,477.95,1584427
2021-06-08 10:04:11,477.95,1584427
2021-06-08 10:04:12,477.7,1585302
2021-06-08 10:04:14,477.65,1586154
2021-06-08 10:04:15,477.7,1586279
2021-06-08 10:04:16,477.7,1586380
2021-06-08 10:04:17,477.65,1586938
2021-06-08 10:04:18,477.7,1590142
2021-06-08 10:04:19,477.65,1590167
2021-06-08 10:04:20,477.65,1590281
2021-06-08 10:04:21,477.6,1590516
2021-06-08 10:04:22,477.65,1591382
2021-06-08 10:04:23,477.65,1591646
2021-06-08 10:04:24,477.65,1591646
2021-06-08 10:04:25,477.65,1592907
2021-06-08 10:04:26,477.5,1594012
2021-06-08 10:04:27,477.5,1594012
2021-06-08 10:04:28,477.5,1594863
2021-06-08 10:04:29,477.6,1594880
2021-06-08 10:04:30,477.6,1594880
2021-06-08 10:04:31,477.5,1597898
2021-06-08 10:04:32,477.5,1599808
2021-06-08 10:04:33,477.55,1600531
2021-06-08 10:04:34,477.65,1601516
2021-06-08 10:04:35,477.5,1602095
2021-06-08 10:04:36,477.6,1603586
2021-06-08 10:04:37,477.6,1605682
2021-06-08 10:04:38,477.6,1606561
2021-06-08 10:04:39,477.85,1606863
2021-06-08 10:04:41,477.6,1607085
2021-06-08 10:04:40,477.6,1607084
2021-06-08 10:04:42,477.6,1607200
2021-06-08 10:04:43,477.5,1608369
2021-06-08 10:04:44,477.8,1609255
2021-06-08 10:04:45,477.75,1610166
2021-06-08 10:04:46,477.7,1611230
2021-06-08 10:04:47,477.45,1613030
2021-06-08 10:04:48,477.5,1613574
2021-06-08 10:04:49,477.45,1614692
2021-06-08 10:04:50,477.45,1614692
2021-06-08 10:04:52,477.55,1615785
2021-06-08 10:04:54,477.45,1618695
2021-06-08 10:04:54,477.45,1618695
2021-06-08 10:04:55,477.6,1621377
2021-06-08 10:04:56,477.45,1621415
2021-06-08 10:04:57,477.5,1623232
2021-06-08 10:04:58,477.35,1624083
2021-06-08 10:04:59,477.5,1626516
2021-06-08 10:05:00,477.55,1626648
2021-06-08 10:05:01,477.4,1627645
2021-06-08 10:05:02,477.6,1629468
2021-06-08 10:05:03,477.55,1629766
2021-06-08 10:05:04,477.5,1629993
2021-06-08 10:05:05,477.45,1630110
2021-06-08 10:05:07,477.4,1632237
2021-06-08 10:05:08,477.35,1632391
2021-06-08 10:05:09,477.5,1634440
2021-06-08 10:05:10,477.25,1635676
2021-06-08 10:05:11,477.25,1635802
2021-06-08 10:05:12,477.3,1636353
2021-06-08 10:05:13,477.4,1637225
2021-06-08 10:05:14,477.3,1638340
2021-06-08 10:05:16,477.25,1639191
2021-06-08 10:05:18,477.3,1640873
2021-06-08 10:05:19,477.35,1640895
2021-06-08 10:05:20,477.35,1640946
2021-06-08 10:05:21,477.5,1643046
2021-06-08 10:05:22,477.4,1644010
2021-06-08 10:05:23,477.5,1645180
2021-06-08 10:05:25,477.35,1646103
2021-06-08 10:05:25,477.35,1646103
2021-06-08 10:05:27,477.5,1646205
2021-06-08 10:05:27,477.5,1646205
2021-06-08 10:05:28,477.5,1647161
2021-06-08 10:05:29,477.55,1647496
2021-06-08 10:05:30,477.55,1649719
2021-06-08 10:05:31,477.5,1649908
2021-06-08 10:05:32,477.4,1651016
2021-06-08 10:05:33,477.5,1651026
2021-06-08 10:05:34,477.4,1651076
2021-06-08 10:05:35,477.3,1656076
2021-06-08 10:05:36,477.45,1657034
2021-06-08 10:05:37,477.45,1657085
2021-06-08 10:05:38,477.4,1662372
2021-06-08 10:05:39,477.4,1662392
2021-06-08 10:05:40,477.4,1662442
2021-06-08 10:05:41,477.4,1663051
2021-06-08 10:05:42,477.3,1663132
2021-06-08 10:05:43,477.45,1663137
2021-06-08 10:05:44,477.3,1663647
2021-06-08 10:05:45,477.35,1663679
2021-06-08 10:05:46,477.35,1664037
2021-06-08 10:05:47,477.2,1664249
2021-06-08 10:05:48,477.2,1665100
2021-06-08 10:05:49,477.3,1665129
2021-06-08 10:05:50,477.1,1667940
2021-06-08 10:05:51,477.1,1668004
2021-06-08 10:05:52,477.2,1668148
2021-06-08 10:05:53,477.2,1669035
2021-06-08 10:05:54,477.15,1669207
2021-06-08 10:05:55,477.15,1669217
2021-06-08 10:05:56,477.1,1671009
2021-06-08 10:05:57,477.15,1672312
2021-06-08 10:05:59,477.15,1673173
2021-06-08 10:05:59,477.15,1673522
2021-06-08 10:06:01,477.2,1675791
2021-06-08 10:06:01,477.2,1675791
2021-06-08 10:06:02,477.3,1678831
2021-06-08 10:06:03,477.25,1678956
2021-06-08 10:06:04,477.15,1679412
2021-06-08 10:06:05,477.15,1679422
2021-06-08 10:06:06,477.15,1679513
2021-06-08 10:06:07,477.1,1681102
2021-06-08 10:06:08,477.1,1683350
2021-06-08 10:06:09,477.0,1686374
2021-06-08 10:06:10,477.0,1686389
2021-06-08 10:06:11,477.0,1686759
2021-06-08 10:06:13,477.0,1687570
2021-06-08 10:06:13,477.0,1688570
2021-06-08 10:06:14,477.0,1689974
2021-06-08 10:06:15,477.05,1692882
2021-06-08 10:06:16,477.0,1693984
2021-06-08 10:06:17,477.0,1694967
2021-06-08 10:06:18,477.0,1696819
2021-06-08 10:06:19,477.05,1696902
2021-06-08 10:06:21,477.0,1698021
2021-06-08 10:06:21,477.0,1698021
2021-06-08 10:06:22,477.05,1699425
2021-06-08 10:06:23,477.05,1700926
2021-06-08 10:06:24,477.05,1701451
2021-06-08 10:06:25,477.0,1704203
2021-06-08 10:06:26,477.2,1705464
2021-06-08 10:06:27,477.2,1706340
2021-06-08 10:06:28,477.1,1706452
2021-06-08 10:06:29,477.05,1707324
2021-06-08 10:06:30,477.2,1707564
2021-06-08 10:06:31,477.05,1709144
2021-06-08 10:06:32,477.0,1710050
2021-06-08 10:06:33,476.95,1710674
2021-06-08 10:06:35,477.0,1710799
2021-06-08 10:06:35,477.0,1710799
2021-06-08 10:06:36,477.05,1710886
2021-06-08 10:06:37,477.0,1711081
2021-06-08 10:06:38,477.0,1711366
2021-06-08 10:06:39,477.0,1711851
2021-06-08 10:06:40,477.0,1712052
2021-06-08 10:06:41,477.0,1712052
2021-06-08 10:06:43,476.95,1712217
2021-06-08 10:06:45,476.95,1712454
2021-06-08 10:06:45,477.0,1712554
2021-06-08 10:06:46,476.9,1713370
2021-06-08 10:06:47,476.85,1714056
2021-06-08 10:06:48,476.85,1715008
2021-06-08 10:06:49,477.0,1715362
2021-06-08 10:06:50,477.0,1715497
2021-06-08 10:06:51,476.85,1716691
2021-06-08 10:06:52,477.0,1717721
2021-06-08 10:06:53,477.0,1718647
2021-06-08 10:06:55,477.0,1720068
2021-06-08 10:06:56,476.95,1720888
2021-06-08 10:06:57,476.9,1721003
2021-06-08 10:06:58,476.9,1721573
2021-06-08 10:06:59,476.9,1723717
2021-06-08 10:06:59,476.9,1723718
2021-06-08 10:07:00,477.0,1725603
2021-06-08 10:07:01,476.75,1726156
2021-06-08 10:07:02,476.8,1728358
2021-06-08 10:07:03,476.9,1731755
2021-06-08 10:07:04,476.9,1732707
2021-06-08 10:07:05,476.9,1733561
2021-06-08 10:07:07,476.75,1734505
2021-06-08 10:07:08,476.6,1734610
2021-06-08 10:07:09,476.6,1734613
2021-06-08 10:07:09,476.6,1734613
2021-06-08 10:07:10,476.75,1736666
2021-06-08 10:07:11,476.55,1737323
2021-06-08 10:07:12,476.8,1738578
2021-06-08 10:07:13,476.8,1738598
2021-06-08 10:07:15,476.8,1738598
2021-06-08 10:07:16,476.75,1739469
2021-06-08 10:07:17,476.55,1739701
2021-06-08 10:07:17,476.6,1739751
2021-06-08 10:07:18,476.7,1741198
2021-06-08 10:07:19,476.65,1741624
2021-06-08 10:07:20,476.6,1742089
2021-06-08 10:07:21,476.65,1743158
2021-06-08 10:07:22,476.6,1743443
2021-06-08 10:07:23,476.6,1743930
2021-06-08 10:07:25,476.6,1745243
2021-06-08 10:07:26,476.65,1747468
2021-06-08 10:07:27,476.7,1748324
2021-06-08 10:07:27,476.7,1748324
2021-06-08 10:07:28,476.65,1749084
2021-06-08 10:07:29,476.55,1750884
2021-06-08 10:07:30,476.6,1751947
2021-06-08 10:07:31,476.5,1752858
2021-06-08 10:07:32,476.45,1753817
2021-06-08 10:07:33,476.4,1754063
2021-06-08 10:07:34,476.45,1754263
2021-06-08 10:07:35,476.45,1755311
2021-06-08 10:07:36,476.45,1756027
2021-06-08 10:07:37,476.3,1757198
2021-06-08 10:07:38,476.3,1758296
2021-06-08 10:07:39,476.25,1759233
2021-06-08 10:07:40,476.45,1760471
2021-06-08 10:07:41,476.5,1760709
2021-06-08 10:07:43,476.3,1761799
2021-06-08 10:07:44,476.35,1762790
2021-06-08 10:07:44,476.3,1762988
2021-06-08 10:07:45,476.5,1763438
2021-06-08 10:07:46,476.35,1763948
2021-06-08 10:07:47,476.35,1764811
2021-06-08 10:07:48,476.5,1764878
2021-06-08 10:07:49,476.5,1764983
2021-06-08 10:07:51,476.3,1766469
2021-06-08 10:07:52,476.6,1766764
2021-06-08 10:07:54,476.6,1767122
2021-06-08 10:07:55,476.55,1767624
2021-06-08 10:07:56,476.7,1769264
2021-06-08 10:07:56,476.7,1769264
2021-06-08 10:07:57,476.55,1770365
2021-06-08 10:07:58,476.5,1771539
2021-06-08 10:07:59,476.6,1772683
2021-06-08 10:08:00,476.8,1772786
2021-06-08 10:08:01,476.55,1772977
2021-06-08 10:08:02,476.55,1774060
2021-06-08 10:08:03,476.55,1774445
2021-06-08 10:08:04,476.75,1774545
2021-06-08 10:08:05,476.75,1775565
2021-06-08 10:08:06,476.75,1776417
2021-06-08 10:08:07,476.8,1776418
2021-06-08 10:08:08,476.75,1776459
2021-06-08 10:08:09,476.75,1777931
2021-06-08 10:08:10,476.75,1777981
2021-06-08 10:08:11,476.55,1778789
2021-06-08 10:08:12,476.55,1778795
2021-06-08 10:08:13,476.55,1779671
2021-06-08 10:08:14,476.55,1780536
2021-06-08 10:08:15,476.55,1781449
2021-06-08 10:08:17,476.75,1782985
2021-06-08 10:08:18,476.6,1783141
2021-06-08 10:08:18,476.55,1783801
2021-06-08 10:08:19,476.55,1783813
2021-06-08 10:08:21,476.55,1784796
2021-06-08 10:08:22,476.5,1786716
2021-06-08 10:08:23,476.6,1787676
2021-06-08 10:08:24,476.5,1787677
2021-06-08 10:08:25,476.55,1787692
2021-06-08 10:08:26,476.6,1788547
2021-06-08 10:08:27,476.5,1788854
2021-06-08 10:08:28,476.5,1789089
2021-06-08 10:08:29,476.5,1789594
2021-06-08 10:08:30,476.4,1790791
2021-06-08 10:08:31,476.5,1791137
2021-06-08 10:08:33,476.6,1794210
2021-06-08 10:08:34,476.6,1795161
2021-06-08 10:08:35,476.6,1795346
2021-06-08 10:08:36,476.75,1795446
2021-06-08 10:08:36,476.75,1795446
2021-06-08 10:08:37,476.75,1795446
2021-06-08 10:08:39,477.15,1807659
2021-06-08 10:08:40,477.35,1808511
2021-06-08 10:08:41,476.95,1808987
2021-06-08 10:08:42,476.75,1809313
2021-06-08 10:08:44,476.85,1809314
2021-06-08 10:08:45,476.6,1809663
2021-06-08 10:08:46,476.75,1809678
2021-06-08 10:08:47,476.75,1810555
2021-06-08 10:08:47,476.6,1811406
2021-06-08 10:08:48,476.6,1813416
2021-06-08 10:08:50,476.85,1814107
2021-06-08 10:08:51,477.15,1816251
2021-06-08 10:08:52,476.8,1816453
2021-06-08 10:08:52,476.8,1816453
2021-06-08 10:08:53,476.8,1818276
2021-06-08 10:08:55,476.8,1818414
2021-06-08 10:08:55,476.85,1818598
2021-06-08 10:08:56,476.8,1818833
2021-06-08 10:08:57,476.8,1818833
2021-06-08 10:08:59,476.8,1819344
2021-06-08 10:08:59,476.75,1819591
2021-06-08 10:09:01,476.75,1819706
2021-06-08 10:09:02,476.75,1819806
2021-06-08 10:09:03,476.7,1820530
2021-06-08 10:09:04,476.7,1821481
2021-06-08 10:09:05,476.6,1822117
2021-06-08 10:09:05,476.55,1822388
2021-06-08 10:09:07,476.55,1823764
2021-06-08 10:09:08,476.5,1823859
2021-06-08 10:09:09,476.5,1824462
2021-06-08 10:09:10,476.5,1825377
2021-06-08 10:09:11,476.5,1826228
2021-06-08 10:09:12,476.5,1827579
2021-06-08 10:09:13,476.5,1828470
2021-06-08 10:09:14,476.55,1828755
2021-06-08 10:09:15,476.7,1829240
2021-06-08 10:09:16,476.55,1829525
2021-06-08 10:09:17,476.7,1830311
2021-06-08 10:09:18,476.5,1830907
2021-06-08 10:09:19,476.55,1831110
2021-06-08 10:09:20,476.6,1832053
2021-06-08 10:09:21,476.55,1833054
2021-06-08 10:09:22,476.55,1833156
2021-06-08 10:09:23,476.55,1833326
2021-06-08 10:09:24,476.55,1833326
2021-06-08 10:09:26,476.8,1835742
2021-06-08 10:09:27,476.8,1836642
2021-06-08 10:09:28,476.7,1837120
2021-06-08 10:09:29,476.7,1837130
2021-06-08 10:09:30,476.65,1837328
2021-06-08 10:09:31,476.65,1837343
2021-06-08 10:09:32,476.6,1837556
2021-06-08 10:09:33,476.55,1839046
2021-06-08 10:09:34,476.55,1839632
2021-06-08 10:09:35,476.55,1839900
2021-06-08 10:09:35,476.55,1839900
2021-06-08 10:09:37,476.6,1841092
2021-06-08 10:09:38,476.55,1841292
2021-06-08 10:09:39,476.5,1841562
2021-06-08 10:09:40,476.5,1842108
2021-06-08 10:09:41,476.6,1843187
2021-06-08 10:09:42,476.6,1843927
2021-06-08 10:09:43,476.65,1843977
2021-06-08 10:09:44,476.6,1844382
2021-06-08 10:09:45,476.6,1844383
2021-06-08 10:09:46,476.65,1844719
2021-06-08 10:09:47,477.1,1848136
2021-06-08 10:09:47,476.75,1848886
2021-06-08 10:09:49,477.1,1849401
2021-06-08 10:09:50,476.55,1853830
2021-06-08 10:09:50,476.55,1853830
2021-06-08 10:09:51,476.55,1854322
2021-06-08 10:09:53,476.8,1857387
2021-06-08 10:09:53,476.8,1857382
2021-06-08 10:09:55,476.85,1857613
2021-06-08 10:09:56,476.65,1857618
2021-06-08 10:09:57,476.65,1857769
2021-06-08 10:09:57,476.65,1857769
2021-06-08 10:09:59,476.65,1857981
2021-06-08 10:10:00,476.65,1859276
2021-06-08 10:10:00,476.6,1859307
2021-06-08 10:10:01,476.6,1859307
2021-06-08 10:10:03,476.75,1859397
2021-06-08 10:10:03,476.75,1859397
2021-06-08 10:10:05,476.85,1861082
2021-06-08 10:10:05,476.65,1861233
2021-06-08 10:10:06,476.85,1862284
2021-06-08 10:10:08,476.6,1863135
2021-06-08 10:10:09,476.6,1863431
2021-06-08 10:10:10,476.6,1863451
2021-06-08 10:10:11,476.6,1864445
2021-06-08 10:10:12,476.8,1864722
2021-06-08 10:10:13,476.8,1865022
2021-06-08 10:10:14,477.1,1866459
2021-06-08 10:10:15,476.95,1866962
2021-06-08 10:10:15,476.95,1866962
2021-06-08 10:10:17,476.85,1867863
2021-06-08 10:10:18,477.0,1868503
2021-06-08 10:10:19,476.85,1868853
2021-06-08 10:10:20,476.8,1869064
2021-06-08 10:10:21,476.8,1869389
2021-06-08 10:10:22,476.75,1869466
2021-06-08 10:10:23,476.75,1869466
2021-06-08 10:10:24,476.7,1870089
2021-06-08 10:10:25,476.65,1873044
2021-06-08 10:10:26,476.65,1873049
2021-06-08 10:10:27,476.55,1873689
2021-06-08 10:10:28,476.5,1875507
2021-06-08 10:10:28,476.65,1874199
2021-06-08 10:10:29,476.65,1876721
2021-06-08 10:10:31,476.5,1878818
2021-06-08 10:10:32,476.65,1879744
2021-06-08 10:10:32,476.65,1879744
2021-06-08 10:10:33,476.5,1880100
2021-06-08 10:10:34,476.5,1880159
2021-06-08 10:10:35,476.5,1881160
2021-06-08 10:10:36,476.45,1882011
2021-06-08 10:10:37,476.4,1883969
2021-06-08 10:10:39,476.45,1884230
2021-06-08 10:10:39,476.45,1884680
2021-06-08 10:10:41,476.45,1884705
2021-06-08 10:10:43,476.45,1884973
2021-06-08 10:10:44,476.4,1885299
2021-06-08 10:10:45,476.4,1885341
2021-06-08 10:10:46,476.4,1885453
2021-06-08 10:10:46,476.4,1885453
2021-06-08 10:10:47,476.4,1885848
2021-06-08 10:10:48,476.65,1886333
2021-06-08 10:10:49,476.4,1886618
2021-06-08 10:10:50,476.45,1886648
2021-06-08 10:10:51,476.45,1888458
2021-06-08 10:10:53,476.6,1888793
2021-06-08 10:10:54,476.6,1889089
2021-06-08 10:10:55,476.65,1889199
2021-06-08 10:10:56,476.65,1889300
2021-06-08 10:10:57,476.5,1891091
2021-06-08 10:10:58,476.5,1891102
2021-06-08 10:10:59,476.5,1891152
2021-06-08 10:11:00,476.5,1891152
2021-06-08 10:11:01,476.5,1891408
2021-06-08 10:11:01,476.5,1891358
2021-06-08 10:11:02,476.5,1891408
2021-06-08 10:11:03,476.55,1891514
2021-06-08 10:11:04,476.45,1891705
2021-06-08 10:11:06,476.45,1892275
2021-06-08 10:11:07,476.5,1892276
2021-06-08 10:11:08,476.5,1892305
2021-06-08 10:11:09,476.5,1892652
2021-06-08 10:11:10,476.45,1893297
2021-06-08 10:11:11,476.5,1893860
2021-06-08 10:11:11,476.5,1893860
2021-06-08 10:11:12,476.55,1894509
2021-06-08 10:11:13,476.5,1894629
2021-06-08 10:11:14,476.5,1895019
2021-06-08 10:11:16,476.5,1895630
2021-06-08 10:11:17,476.5,1895630
2021-06-08 10:11:18,476.5,1895655
2021-06-08 10:11:20,476.5,1895655
2021-06-08 10:11:21,476.5,1895679
2021-06-08 10:11:22,476.5,1895985
2021-06-08 10:11:23,476.45,1896223
2021-06-08 10:11:24,476.5,1897229
2021-06-08 10:11:25,476.5,1897724
2021-06-08 10:11:26,476.4,1898552
2021-06-08 10:11:27,476.5,1898671
2021-06-08 10:11:28,476.6,1898917
2021-06-08 10:11:28,476.6,1898917
2021-06-08 10:11:29,476.6,1899315
2021-06-08 10:11:30,476.65,1899325
2021-06-08 10:11:31,476.75,1900181
2021-06-08 10:11:32,476.75,1900181
2021-06-08 10:11:34,476.65,1900471
2021-06-08 10:11:35,476.65,1900754
2021-06-08 10:11:36,476.6,1900833
2021-06-08 10:11:37,476.6,1900889
2021-06-08 10:11:38,476.55,1901232
2021-06-08 10:11:39,476.5,1901298
2021-06-08 10:11:40,476.55,1901643
2021-06-08 10:11:41,476.55,1901958
2021-06-08 10:11:42,476.5,1902293
2021-06-08 10:11:42,476.5,1902618
2021-06-08 10:11:44,476.5,1902938
2021-06-08 10:11:45,476.6,1903774
2021-06-08 10:11:46,476.55,1904678
2021-06-08 10:11:47,476.6,1904768
2021-06-08 10:11:48,476.55,1905055
2021-06-08 10:11:49,476.55,1906767
2021-06-08 10:11:50,476.55,1906968
2021-06-08 10:11:51,476.55,1908117
2021-06-08 10:11:52,476.6,1908272
2021-06-08 10:11:52,476.6,1908273
2021-06-08 10:11:53,476.55,1908425
2021-06-08 10:11:54,476.75,1911319
2021-06-08 10:11:56,476.75,1911519
2021-06-08 10:11:57,476.75,1912065
2021-06-08 10:11:58,476.75,1912072
2021-06-08 10:11:59,476.75,1912079
2021-06-08 10:12:00,476.75,1912318
2021-06-08 10:12:01,476.85,1913409
2021-06-08 10:12:03,476.7,1915392
2021-06-08 10:12:04,476.7,1915689
2021-06-08 10:12:04,476.6,1915839
2021-06-08 10:12:06,476.7,1915841
2021-06-08 10:12:07,476.6,1916131
2021-06-08 10:12:08,476.5,1916553
2021-06-08 10:12:09,476.5,1918940
2021-06-08 10:12:10,476.6,1920239
2021-06-08 10:12:11,476.55,1920240
2021-06-08 10:12:12,476.8,1920261
2021-06-08 10:12:12,476.8,1920261
2021-06-08 10:12:13,476.8,1920269
2021-06-08 10:12:15,476.8,1920269
2021-06-08 10:12:16,476.6,1920554
2021-06-08 10:12:17,476.65,1920840
2021-06-08 10:12:18,476.85,1921612
2021-06-08 10:12:19,476.8,1921898
2021-06-08 10:12:20,476.55,1922184
2021-06-08 10:12:21,476.8,1922531
2021-06-08 10:12:22,476.55,1923531
2021-06-08 10:12:23,476.55,1923591
2021-06-08 10:12:24,476.55,1923883
2021-06-08 10:12:25,476.55,1924009
2021-06-08 10:12:26,476.55,1924141
2021-06-08 10:12:26,476.55,1924144
2021-06-08 10:12:28,476.65,1925569
2021-06-08 10:12:29,476.85,1925769
2021-06-08 10:12:30,476.75,1926749
2021-06-08 10:12:31,476.6,1927600
2021-06-08 10:12:31,476.65,1927625
2021-06-08 10:12:33,476.55,1927670
2021-06-08 10:12:34,476.55,1927955
2021-06-08 10:12:35,476.55,1928064
2021-06-08 10:12:36,476.65,1928070
2021-06-08 10:12:37,476.55,1928072
2021-06-08 10:12:38,476.55,1928072
2021-06-08 10:12:39,476.65,1928362
2021-06-08 10:12:40,476.65,1928502
2021-06-08 10:12:41,476.65,1928502
2021-06-08 10:12:42,476.6,1928787
2021-06-08 10:12:43,476.6,1930114
2021-06-08 10:12:44,476.6,1930139
2021-06-08 10:12:45,476.55,1930990
2021-06-08 10:12:46,476.6,1931858
2021-06-08 10:12:47,476.55,1932749
2021-06-08 10:12:49,476.6,1932754
2021-06-08 10:12:50,476.55,1933692
2021-06-08 10:12:51,476.65,1934127
2021-06-08 10:12:52,476.55,1935777
2021-06-08 10:12:53,476.55,1935902
2021-06-08 10:12:54,476.65,1936705
2021-06-08 10:12:55,476.6,1936990
2021-06-08 10:12:56,476.55,1937307
2021-06-08 10:12:56,476.6,1937507
2021-06-08 10:12:58,476.6,1938709
2021-06-08 10:12:59,476.55,1939049
2021-06-08 10:12:59,476.55,1939049
2021-06-08 10:13:00,476.6,1939575
2021-06-08 10:13:01,476.6,1939575
2021-06-08 10:13:03,476.6,1939727
2021-06-08 10:13:04,476.6,1940614
2021-06-08 10:13:05,476.6,1940615
2021-06-08 10:13:06,476.85,1944129
2021-06-08 10:13:07,476.85,1944129
2021-06-08 10:13:08,477.1,1946139
2021-06-08 10:13:09,477.05,1946190
2021-06-08 10:13:10,476.95,1946215
2021-06-08 10:13:12,476.95,1946424
2021-06-08 10:13:11,476.95,1946424
2021-06-08 10:13:13,476.85,1946728
2021-06-08 10:13:14,476.85,1946728
2021-06-08 10:13:15,476.8,1947029
2021-06-08 10:13:18,476.95,1948159
2021-06-08 10:13:19,476.95,1948159
2021-06-08 10:13:20,476.75,1950293
2021-06-08 10:13:21,477.0,1950298
2021-06-08 10:13:22,476.75,1950328
2021-06-08 10:13:23,476.85,1950439
2021-06-08 10:13:24,476.8,1950539
2021-06-08 10:13:25,476.75,1950714
2021-06-08 10:13:26,476.65,1951118
2021-06-08 10:13:27,476.65,1951130
2021-06-08 10:13:28,476.7,1951465
2021-06-08 10:13:29,476.6,1952035
2021-06-08 10:13:30,476.7,1952095
2021-06-08 10:13:31,476.7,1952380
2021-06-08 10:13:32,476.75,1952809
2021-06-08 10:13:33,476.6,1953094
2021-06-08 10:13:34,476.75,1953390
2021-06-08 10:13:35,476.65,1953656
2021-06-08 10:13:36,476.8,1953923
2021-06-08 10:13:37,476.7,1954211
2021-06-08 10:13:38,476.7,1954496
2021-06-08 10:13:39,476.7,1954781
2021-06-08 10:13:40,476.75,1954786
2021-06-08 10:13:41,476.75,1954886
2021-06-08 10:13:42,476.75,1954886
2021-06-08 10:13:43,476.75,1955036
2021-06-08 10:13:44,476.8,1955038
2021-06-08 10:13:45,476.8,1955333
2021-06-08 10:13:46,476.8,1955764
2021-06-08 10:13:47,476.8,1955764
2021-06-08 10:13:48,476.8,1955864
2021-06-08 10:13:49,476.8,1955965
2021-06-08 10:13:50,476.8,1956451
2021-06-08 10:13:51,476.75,1956524
2021-06-08 10:13:52,476.75,1956574
2021-06-08 10:13:54,476.75,1957640
2021-06-08 10:13:53,476.75,1957640
2021-06-08 10:13:55,476.75,1957765
2021-06-08 10:13:56,476.75,1958145
2021-06-08 10:13:57,476.65,1958146
2021-06-08 10:13:58,476.85,1959264
2021-06-08 10:13:59,476.6,1959839
2021-06-08 10:14:00,476.6,1960124
2021-06-08 10:14:01,476.6,1960124
2021-06-08 10:14:02,476.7,1960909
2021-06-08 10:14:04,476.95,1961362
2021-06-08 10:14:03,476.7,1961347
2021-06-08 10:14:05,476.7,1961385
2021-06-08 10:14:06,476.8,1961435
2021-06-08 10:14:07,476.7,1961441
2021-06-08 10:14:08,476.65,1963713
2021-06-08 10:14:09,476.7,1963723
2021-06-08 10:14:10,476.6,1963724
2021-06-08 10:14:11,476.7,1963833
2021-06-08 10:14:12,476.7,1963833
2021-06-08 10:14:13,476.65,1963863
2021-06-08 10:14:14,476.6,1964337
2021-06-08 10:14:15,476.6,1965415
2021-06-08 10:14:16,476.55,1966586
2021-06-08 10:14:17,476.55,1966586
2021-06-08 10:14:18,476.6,1966747
2021-06-08 10:14:19,476.6,1967699
2021-06-08 10:14:21,476.65,1972631
2021-06-08 10:14:22,476.55,1972662
2021-06-08 10:14:23,476.55,1972663
2021-06-08 10:14:24,476.5,1973514
2021-06-08 10:14:25,476.55,1974064
2021-06-08 10:14:26,476.7,1974343
2021-06-08 10:14:27,476.7,1974348
2021-06-08 10:14:28,476.7,1974398
2021-06-08 10:14:29,476.7,1974398
2021-06-08 10:14:30,476.7,1974936
2021-06-08 10:14:31,476.7,1974936
2021-06-08 10:14:32,476.7,1976157
2021-06-08 10:14:33,476.7,1976241
2021-06-08 10:14:34,476.7,1976718
2021-06-08 10:14:35,476.7,1976803
2021-06-08 10:14:36,476.7,1977638
2021-06-08 10:14:37,476.6,1977646
2021-06-08 10:14:38,476.6,1977726
2021-06-08 10:14:39,477.15,1981882
2021-06-08 10:14:40,476.9,1982082
2021-06-08 10:14:41,477.15,1982127
2021-06-08 10:14:42,476.6,1985220
2021-06-08 10:14:43,476.75,1985320
2021-06-08 10:14:44,476.8,1985390
2021-06-08 10:14:45,476.8,1985390
2021-06-08 10:14:46,476.6,1985537
2021-06-08 10:14:47,476.6,1985703
2021-06-08 10:14:48,476.55,1986554
2021-06-08 10:14:49,476.6,1986899
2021-06-08 10:14:50,476.55,1986901
2021-06-08 10:14:51,476.55,1986901
2021-06-08 10:14:52,476.9,1992077
2021-06-08 10:14:53,476.75,1992377
2021-06-08 10:14:54,476.9,1992378
2021-06-08 10:14:55,476.75,1992902
2021-06-08 10:14:56,476.65,1992964
2021-06-08 10:14:57,476.6,1993524
2021-06-08 10:14:59,476.55,1994375
2021-06-08 10:14:58,476.55,1994375
2021-06-08 10:15:00,476.6,1994425
2021-06-08 10:15:01,477.0,1998528
2021-06-08 10:15:02,476.95,1998635
2021-06-08 10:15:03,477.0,1998889
2021-06-08 10:15:04,477.1,1998955
2021-06-08 10:15:05,477.1,1998955
2021-06-08 10:15:06,477.0,1999055
2021-06-08 10:15:07,477.1,1999077
2021-06-08 10:15:08,477.0,1999350
2021-06-08 10:15:09,477.0,1999350
2021-06-08 10:15:10,477.0,1999350
2021-06-08 10:15:11,477.0,1999350
2021-06-08 10:15:12,476.95,1999452
2021-06-08 10:15:13,477.0,1999852
2021-06-08 10:15:14,477.0,1999852
2021-06-08 10:15:15,477.0,1999852
2021-06-08 10:15:16,476.95,2000857
2021-06-08 10:15:18,476.95,2001273
2021-06-08 10:15:18,476.85,2001769
2021-06-08 10:15:19,477.0,2001774
2021-06-08 10:15:21,477.05,2001824
2021-06-08 10:15:21,477.05,2001824
2021-06-08 10:15:22,477.1,2002775
2021-06-08 10:15:23,476.85,2003603
2021-06-08 10:15:24,476.8,2003843
2021-06-08 10:15:25,476.8,2003843
2021-06-08 10:15:26,476.75,2004605
2021-06-08 10:15:27,476.75,2005005
2021-06-08 10:15:28,476.7,2005886
2021-06-08 10:15:29,476.75,2006035
2021-06-08 10:15:30,476.7,2007786
2021-06-08 10:15:31,476.75,2008786
2021-06-08 10:15:32,476.7,2010647
2021-06-08 10:15:33,476.7,2011275
2021-06-08 10:15:35,476.7,2011435
2021-06-08 10:15:35,476.7,2011475
2021-06-08 10:15:36,476.85,2012774
2021-06-08 10:15:37,477.1,2016578
2021-06-08 10:15:38,477.0,2016609
2021-06-08 10:15:39,477.0,2016609
2021-06-08 10:15:40,477.15,2017642
2021-06-08 10:15:41,476.95,2017692
2021-06-08 10:15:42,476.95,2017692
2021-06-08 10:15:43,477.15,2017742
2021-06-08 10:15:44,477.2,2018052
2021-06-08 10:15:45,477.15,2018141
2021-06-08 10:15:47,477.15,2018141
2021-06-08 10:15:47,477.3,2018166
2021-06-08 10:15:49,477.3,2018166
2021-06-08 10:15:49,477.3,2018166
2021-06-08 10:15:50,477.1,2018445
2021-06-08 10:15:51,477.1,2018445
2021-06-08 10:15:52,477.1,2018445
2021-06-08 10:15:53,477.2,2018545
2021-06-08 10:15:54,477.1,2018616
2021-06-08 10:15:55,477.2,2018641
2021-06-08 10:15:56,477.2,2019891
2021-06-08 10:15:57,477.2,2019991
2021-06-08 10:15:59,477.2,2019991
2021-06-08 10:15:59,477.2,2019991
2021-06-08 10:16:01,477.1,2021136
2021-06-08 10:16:02,477.1,2021864
2021-06-08 10:16:03,477.1,2022587
2021-06-08 10:16:04,477.05,2024757
2021-06-08 10:16:05,477.1,2024927
2021-06-08 10:16:06,477.15,2025048
2021-06-08 10:16:07,477.15,2025557
2021-06-08 10:16:08,477.2,2025797
2021-06-08 10:16:09,477.2,2026801
2021-06-08 10:16:10,477.15,2027001
2021-06-08 10:16:11,477.15,2031001
2021-06-08 10:16:12,477.2,2031511
2021-06-08 10:16:14,477.2,2031611
2021-06-08 10:16:14,477.2,2031631
2021-06-08 10:16:15,477.05,2032211
2021-06-08 10:16:16,477.05,2032211
2021-06-08 10:16:17,477.2,2032234
2021-06-08 10:16:18,477.05,2032254
2021-06-08 10:16:19,477.05,2032254
2021-06-08 10:16:20,477.2,2032264
2021-06-08 10:16:21,477.2,2032290
2021-06-08 10:16:22,477.15,2032340
2021-06-08 10:16:23,477.15,2032340
2021-06-08 10:16:24,477.2,2032349
2021-06-08 10:16:25,477.2,2032369
2021-06-08 10:16:26,477.2,2032369
2021-06-08 10:16:27,477.2,2032371
2021-06-08 10:16:28,477.3,2033519
2021-06-08 10:16:29,477.3,2033519
2021-06-08 10:16:30,477.3,2033539
2021-06-08 10:16:31,477.3,2033539
2021-06-08 10:16:32,477.2,2033589
2021-06-08 10:16:33,477.3,2033646
2021-06-08 10:16:34,477.2,2033655
2021-06-08 10:16:35,477.2,2033655
2021-06-08 10:16:36,477.2,2033655
2021-06-08 10:16:37,477.3,2034656
2021-06-08 10:16:38,477.3,2034756
2021-06-08 10:16:39,477.3,2036422
2021-06-08 10:16:40,477.3,2036634
2021-06-08 10:16:41,477.3,2036634
2021-06-08 10:16:42,477.3,2036729
2021-06-08 10:16:43,477.3,2036799
2021-06-08 10:16:44,477.2,2036825
2021-06-08 10:16:45,477.2,2037134
2021-06-08 10:16:46,477.2,2037159
2021-06-08 10:16:47,477.3,2037219
2021-06-08 10:16:48,477.3,2038216
2021-06-08 10:16:49,477.3,2038216
2021-06-08 10:16:50,477.3,2038216
2021-06-08 10:16:51,477.3,2038216
2021-06-08 10:16:53,477.3,2038268
2021-06-08 10:16:54,477.35,2038418
2021-06-08 10:16:55,477.3,2040433
2021-06-08 10:16:56,477.3,2040433
2021-06-08 10:16:57,477.35,2040533
2021-06-08 10:16:58,477.3,2040544
2021-06-08 10:16:59,477.2,2040708
2021-06-08 10:17:00,477.3,2040808
2021-06-08 10:17:01,477.3,2040830
2021-06-08 10:17:02,477.3,2041305
2021-06-08 10:17:03,477.2,2041445
2021-06-08 10:17:04,477.2,2041480
2021-06-08 10:17:05,477.2,2041501
2021-06-08 10:17:06,477.3,2041562
2021-06-08 10:17:07,477.3,2041592
2021-06-08 10:17:08,477.3,2042459
2021-06-08 10:17:09,477.25,2043069
2021-06-08 10:17:10,477.25,2043069
2021-06-08 10:17:11,477.2,2043194
2021-06-08 10:17:12,477.2,2044479
2021-06-08 10:17:13,477.3,2045028
2021-06-08 10:17:14,477.3,2045147
2021-06-08 10:17:15,477.25,2045297
2021-06-08 10:17:16,477.3,2045976
2021-06-08 10:17:17,477.25,2046176
2021-06-08 10:17:19,477.3,2056325
2021-06-08 10:17:20,477.3,2056325
2021-06-08 10:17:21,477.3,2056355
2021-06-08 10:17:21,477.3,2056372
2021-06-08 10:17:22,477.25,2058372
2021-06-08 10:17:24,477.3,2058376
2021-06-08 10:17:24,477.3,2058376
2021-06-08 10:17:25,477.6,2063759
2021-06-08 10:17:27,477.45,2064059
2021-06-08 10:17:28,477.4,2064735
2021-06-08 10:17:28,477.4,2064735
2021-06-08 10:17:30,477.8,2065417
2021-06-08 10:17:31,477.8,2066017
2021-06-08 10:17:32,477.8,2068703
2021-06-08 10:17:32,477.8,2068713
2021-06-08 10:17:33,477.8,2068717
2021-06-08 10:17:34,477.65,2068932
2021-06-08 10:17:35,477.65,2069033
2021-06-08 10:17:36,477.75,2069057
2021-06-08 10:17:37,477.75,2069207
2021-06-08 10:17:38,477.65,2069209
2021-06-08 10:17:39,477.75,2069259
2021-06-08 10:17:41,477.6,2069716
2021-06-08 10:17:41,477.55,2069718
2021-06-08 10:17:42,477.55,2069718
2021-06-08 10:17:44,477.65,2069790
2021-06-08 10:17:45,477.65,2070133
2021-06-08 10:17:46,477.5,2077625
2021-06-08 10:17:46,477.5,2070233
2021-06-08 10:17:48,477.5,2077625
2021-06-08 10:17:50,477.45,2077656
2021-06-08 10:17:49,477.5,2077625
2021-06-08 10:17:51,477.45,2077656
2021-06-08 10:17:51,477.45,2077656
2021-06-08 10:17:52,477.45,2077684
2021-06-08 10:17:54,477.6,2077997
2021-06-08 10:17:55,477.4,2079340
2021-06-08 10:17:56,477.5,2079480
2021-06-08 10:17:57,477.5,2080722
2021-06-08 10:17:59,477.55,2080729
2021-06-08 10:18:00,477.55,2080769
2021-06-08 10:18:01,477.5,2083249
2021-06-08 10:18:03,477.5,2084523
2021-06-08 10:18:03,477.5,2084558
2021-06-08 10:18:04,477.4,2084708
2021-06-08 10:18:05,477.5,2086543
2021-06-08 10:18:07,477.5,2088347
2021-06-08 10:18:08,477.55,2088388
2021-06-08 10:18:08,477.55,2088388
2021-06-08 10:18:09,477.55,2088513
2021-06-08 10:18:10,477.65,2091291
2021-06-08 10:18:11,477.65,2091294
2021-06-08 10:18:13,477.65,2091294
2021-06-08 10:18:14,477.7,2091769
2021-06-08 10:18:14,477.7,2091771
2021-06-08 10:18:16,477.7,2092227
2021-06-08 10:18:17,477.7,2092243
2021-06-08 10:18:17,477.7,2092243
2021-06-08 10:18:19,477.65,2092547
2021-06-08 10:18:20,477.65,2092557
2021-06-08 10:18:21,477.65,2092757
2021-06-08 10:18:21,477.65,2092757
2021-06-08 10:18:22,477.65,2092767
2021-06-08 10:18:23,477.6,2092867
2021-06-08 10:18:24,477.6,2092868
2021-06-08 10:18:26,477.6,2093768
2021-06-08 10:18:26,477.6,2093768
2021-06-08 10:18:28,477.6,2093768
2021-06-08 10:18:29,477.5,2093770
2021-06-08 10:18:29,477.5,2093770
2021-06-08 10:18:30,477.6,2097128
2021-06-08 10:18:31,477.6,2097128
2021-06-08 10:18:33,477.55,2099348
2021-06-08 10:18:34,477.5,2099360
2021-06-08 10:18:35,477.5,2099360
2021-06-08 10:18:35,477.5,2099360
2021-06-08 10:18:36,477.4,2100425
2021-06-08 10:18:37,477.4,2100425
2021-06-08 10:18:38,477.4,2100425
2021-06-08 10:18:39,477.6,2103296
2021-06-08 10:18:41,477.6,2103341
2021-06-08 10:18:42,477.6,2103341
2021-06-08 10:18:43,477.6,2103341
2021-06-08 10:18:44,477.55,2103641
2021-06-08 10:18:44,477.55,2103641
2021-06-08 10:18:46,477.4,2103664
2021-06-08 10:18:48,477.4,2103689
2021-06-08 10:18:49,477.4,2103749
2021-06-08 10:18:49,477.4,2103749
2021-06-08 10:18:51,477.4,2105759
2021-06-08 10:18:52,477.55,2105834
2021-06-08 10:18:53,477.4,2106334
2021-06-08 10:18:54,477.55,2106349
2021-06-08 10:18:55,477.5,2106381
2021-06-08 10:18:55,477.5,2106385
2021-06-08 10:18:56,477.5,2107349
2021-06-08 10:18:57,477.55,2107355
2021-06-08 10:18:58,477.5,2107392
2021-06-08 10:18:59,477.5,2107392
2021-06-08 10:19:00,477.55,2107494
2021-06-08 10:19:02,477.55,2107519
2021-06-08 10:19:03,477.55,2107669
2021-06-08 10:19:03,477.55,2107669
2021-06-08 10:19:04,477.55,2107889
2021-06-08 10:19:05,477.4,2108206
2021-06-08 10:19:06,477.65,2113453
2021-06-08 10:19:07,477.7,2113470
2021-06-08 10:19:08,477.7,2113470
2021-06-08 10:19:09,477.7,2113485
2021-06-08 10:19:10,477.7,2113485
2021-06-08 10:19:11,477.65,2113487
2021-06-08 10:19:12,477.65,2113597
2021-06-08 10:19:13,477.65,2113597
2021-06-08 10:19:14,477.65,2113597
2021-06-08 10:19:15,477.65,2113627
2021-06-08 10:19:17,477.65,2113732
2021-06-08 10:19:18,477.6,2114736
2021-06-08 10:19:19,477.6,2114762
2021-06-08 10:19:19,477.6,2114736
2021-06-08 10:19:20,477.6,2114770
2021-06-08 10:19:21,477.6,2114970
2021-06-08 10:19:22,477.6,2114976
2021-06-08 10:19:23,477.6,2115054
2021-06-08 10:19:24,477.6,2115209
2021-06-08 10:19:25,477.6,2115209
2021-06-08 10:19:27,477.6,2115229
2021-06-08 10:19:28,477.55,2115279
2021-06-08 10:19:29,477.55,2115395
2021-06-08 10:19:30,477.55,2115395
2021-06-08 10:19:31,477.35,2124612
2021-06-08 10:19:32,477.4,2125112
2021-06-08 10:19:32,477.4,2125112
2021-06-08 10:19:33,477.4,2125112
2021-06-08 10:19:34,477.35,2125127
2021-06-08 10:19:35,477.2,2125172
2021-06-08 10:19:36,477.4,2125862
2021-06-08 10:19:37,477.4,2125862
2021-06-08 10:19:38,477.4,2126182
2021-06-08 10:19:39,477.25,2126188
2021-06-08 10:19:40,477.25,2126188
2021-06-08 10:19:41,477.25,2126188
2021-06-08 10:19:42,477.35,2126288
2021-06-08 10:19:43,477.35,2126289
2021-06-08 10:19:45,477.35,2126309
2021-06-08 10:19:46,477.25,2126837
2021-06-08 10:19:47,477.25,2126837
2021-06-08 10:19:48,477.35,2127179
2021-06-08 10:19:49,477.35,2127179
2021-06-08 10:19:50,477.35,2127179
2021-06-08 10:19:51,477.35,2127179
2021-06-08 10:19:52,477.3,2127479
2021-06-08 10:19:53,477.2,2129338
2021-06-08 10:19:53,477.2,2129338
2021-06-08 10:19:55,477.25,2131128
2021-06-08 10:19:56,477.25,2131128
2021-06-08 10:19:57,477.25,2131128
2021-06-08 10:19:57,477.25,2131128
2021-06-08 10:19:59,477.3,2134366
2021-06-08 10:20:00,477.3,2138795
2021-06-08 10:20:01,477.25,2138796
2021-06-08 10:20:02,477.25,2138796
2021-06-08 10:20:04,477.45,2138966
2021-06-08 10:20:05,477.45,2138966
2021-06-08 10:20:06,477.3,2139088
2021-06-08 10:20:07,477.3,2140408
2021-06-08 10:20:08,477.3,2140424
2021-06-08 10:20:09,477.3,2141342
2021-06-08 10:20:11,477.35,2142462
2021-06-08 10:20:11,477.35,2142617
2021-06-08 10:20:12,477.3,2142653
2021-06-08 10:20:13,477.4,2144590
2021-06-08 10:20:14,477.4,2144590
2021-06-08 10:20:15,477.4,2144590
2021-06-08 10:20:16,477.4,2144590
2021-06-08 10:20:17,477.35,2144591
2021-06-08 10:20:18,477.35,2144591
2021-06-08 10:20:19,477.35,2144591
2021-06-08 10:20:20,477.45,2145591
2021-06-08 10:20:21,477.35,2145614
2021-06-08 10:20:22,477.4,2145840
2021-06-08 10:20:23,477.4,2146345
2021-06-08 10:20:24,477.35,2146645
2021-06-08 10:20:25,477.5,2147745
2021-06-08 10:20:27,477.5,2147745
2021-06-08 10:20:28,477.5,2147780
2021-06-08 10:20:29,477.5,2147820
2021-06-08 10:20:29,477.55,2147821
2021-06-08 10:20:30,477.55,2147821
2021-06-08 10:20:32,477.55,2147825
2021-06-08 10:20:33,477.5,2148898
2021-06-08 10:20:34,477.55,2149228
2021-06-08 10:20:35,477.55,2149278
2021-06-08 10:20:36,477.55,2149284
2021-06-08 10:20:37,477.5,2149554
2021-06-08 10:20:38,477.55,2149575
2021-06-08 10:20:39,477.55,2149575
2021-06-08 10:20:40,477.55,2149675
2021-06-08 10:20:41,477.55,2149709
2021-06-08 10:20:42,477.6,2150682
2021-06-08 10:20:43,477.5,2150692
2021-06-08 10:20:44,477.5,2150743
2021-06-08 10:20:45,477.5,2150843
2021-06-08 10:20:46,477.5,2151254
2021-06-08 10:20:47,477.5,2151255
2021-06-08 10:20:48,477.5,2151255
2021-06-08 10:20:49,477.5,2151328
2021-06-08 10:20:49,477.55,2151432
2021-06-08 10:20:50,477.55,2151432
2021-06-08 10:20:52,477.55,2151432
2021-06-08 10:20:53,477.55,2151432
2021-06-08 10:20:54,477.5,2151482
2021-06-08 10:20:55,477.55,2152657
2021-06-08 10:20:56,477.55,2152797
2021-06-08 10:20:57,477.55,2153579
2021-06-08 10:20:58,477.55,2153579
2021-06-08 10:20:59,477.55,2155641
2021-06-08 10:21:00,477.7,2155662
2021-06-08 10:21:02,477.7,2155662
2021-06-08 10:21:03,477.7,2155662
2021-06-08 10:21:04,477.7,2155672
2021-06-08 10:21:05,477.55,2157226
2021-06-08 10:21:06,477.85,2159330
2021-06-08 10:21:07,477.9,2159430
2021-06-08 10:21:07,477.9,2159430
2021-06-08 10:21:11,477.9,2159435
2021-06-08 10:21:14,477.9,2159647
2021-06-08 10:21:17,478.2,2167476
2021-06-08 10:21:21,478.1,2167881
2021-06-08 10:21:24,478.2,2168112
2021-06-08 10:21:27,478.2,2168567
2021-06-08 10:21:30,478.25,2169048
2021-06-08 10:21:33,478.2,2174062
2021-06-08 10:21:37,478.25,2175074
2021-06-08 10:21:40,478.35,2175304
2021-06-08 10:21:44,478.4,2175775
2021-06-08 10:21:47,478.35,2176610
2021-06-08 10:21:50,478.35,2176945
2021-06-08 10:21:53,478.35,2177187
2021-06-08 10:21:56,478.4,2177816
2021-06-08 10:21:59,478.35,2178620
2021-06-08 10:22:02,478.4,2178895
2021-06-08 10:22:05,478.4,2179165
2021-06-08 10:22:08,478.4,2180296
2021-06-08 10:22:11,478.35,2180914
2021-06-08 10:22:14,478.35,2181119
2021-06-08 10:22:17,478.35,2181219
2021-06-08 10:22:23,478.35,2182538
2021-06-08 10:22:26,478.35,2182955
2021-06-08 10:22:29,478.35,2182955
2021-06-08 10:22:32,478.35,2183153
2021-06-08 10:22:35,478.35,2183203
2021-06-08 10:22:38,478.35,2183208
2021-06-08 10:22:41,478.35,2183308
2021-06-08 10:22:44,478.35,2183659
2021-06-08 10:22:48,478.35,2184659
2021-06-08 10:22:51,478.4,2185184
2021-06-08 10:22:53,478.25,2185284
2021-06-08 10:22:56,478.25,2185399
2021-06-08 10:22:59,478.4,2186424
2021-06-08 10:23:02,478.45,2186644
2021-06-08 10:23:04,478.45,2186753
2021-06-08 10:23:07,478.45,2186753
2021-06-08 10:23:10,478.45,2186753
2021-06-08 10:23:13,478.5,2188557
2021-06-08 10:23:16,478.45,2188622
2021-06-08 10:23:19,478.65,2189911
2021-06-08 10:23:21,478.75,2192611
2021-06-08 10:23:25,478.6,2192839
2021-06-08 10:23:28,478.75,2194179
2021-06-08 10:23:31,478.55,2194715
