timestamp,ltp,volume
2021-06-08 09:15:44,937.25,32695
2021-06-08 09:15:44,937.25,32695
2021-06-08 09:15:45,937.3,33262
2021-06-08 09:15:46,937.4,34639
2021-06-08 09:15:47,936.8,35018
2021-06-08 09:15:48,937.4,35086
2021-06-08 09:15:49,937.45,36525
2021-06-08 09:15:50,937.45,38378
2021-06-08 09:15:51,937.05,38437
2021-06-08 09:15:52,937.35,38457
2021-06-08 09:15:53,937.35,38474
2021-06-08 09:15:54,937.65,38857
2021-06-08 09:15:55,937.65,38939
2021-06-08 09:15:56,937.65,39944
2021-06-08 09:15:57,938.05,40008
2021-06-08 09:15:58,937.55,40324
2021-06-08 09:15:59,938.05,40671
2021-06-08 09:16:01,937.95,40859
2021-06-08 09:16:02,937.95,40860
2021-06-08 09:16:03,938.5,41143
2021-06-08 09:16:04,939.0,41519
2021-06-08 09:16:05,939.8,41755
2021-06-08 09:16:06,939.9,41822
2021-06-08 09:16:07,939.45,42133
2021-06-08 09:16:09,939.45,42133
2021-06-08 09:16:10,939.45,42243
2021-06-08 09:16:11,939.95,42398
2021-06-08 09:16:12,939.95,42398
2021-06-08 09:16:13,939.55,42746
2021-06-08 09:16:14,939.95,42840
2021-06-08 09:16:15,939.5,42847
2021-06-08 09:16:17,939.5,43259
2021-06-08 09:16:18,939.0,45257
2021-06-08 09:16:19,938.45,45260
2021-06-08 09:16:20,938.45,45604
2021-06-08 09:16:21,938.7,45624
2021-06-08 09:16:23,938.7,45624
2021-06-08 09:16:23,938.7,45874
2021-06-08 09:16:24,938.65,45884
2021-06-08 09:16:25,938.45,45964
2021-06-08 09:16:26,938.45,46040
2021-06-08 09:16:27,938.45,46045
2021-06-08 09:16:28,938.45,46090
2021-06-08 09:16:29,938.4,46432
2021-06-08 09:16:30,938.0,46537
2021-06-08 09:16:31,938.1,46802
2021-06-08 09:16:32,938.1,46803
2021-06-08 09:16:33,937.7,46805
2021-06-08 09:16:34,937.7,46816
2021-06-08 09:16:35,937.7,46845
2021-06-08 09:16:36,937.7,47045
2021-06-08 09:16:37,938.15,47046
2021-06-08 09:16:39,937.7,47366
2021-06-08 09:16:40,938.15,47405
2021-06-08 09:16:40,938.1,48415
2021-06-08 09:16:41,938.25,48515
2021-06-08 09:16:43,938.55,49131
2021-06-08 09:16:44,938.2,49186
2021-06-08 09:16:45,938.2,49186
2021-06-08 09:16:46,938.7,49309
2021-06-08 09:16:47,938.7,49309
2021-06-08 09:16:48,938.7,49329
2021-06-08 09:16:48,938.7,49329
2021-06-08 09:16:49,938.35,49714
2021-06-08 09:16:51,938.35,49714
2021-06-08 09:16:52,939.2,51936
2021-06-08 09:16:53,939.2,51945
2021-06-08 09:16:54,939.15,51980
2021-06-08 09:16:55,939.5,52130
2021-06-08 09:16:57,939.3,52516
2021-06-08 09:16:59,939.55,52688
2021-06-08 09:17:00,938.7,53520
2021-06-08 09:17:00,939.0,53065
2021-06-08 09:17:01,938.0,54781
2021-06-08 09:17:02,937.85,55490
2021-06-08 09:17:03,938.15,57687
2021-06-08 09:17:04,938.3,57723
2021-06-08 09:17:05,938.0,57762
2021-06-08 09:17:06,938.15,57765
2021-06-08 09:17:07,938.15,57765
2021-06-08 09:17:08,938.15,58152
2021-06-08 09:17:09,938.3,58156
2021-06-08 09:17:10,938.15,58306
2021-06-08 09:17:11,938.3,58339
2021-06-08 09:17:12,938.15,58962
2021-06-08 09:17:13,937.85,59105
2021-06-08 09:17:15,938.2,59717
2021-06-08 09:17:16,938.4,60068
2021-06-08 09:17:17,938.5,60173
2021-06-08 09:17:17,938.75,60239
2021-06-08 09:17:18,938.15,60394
2021-06-08 09:17:20,938.7,60494
2021-06-08 09:17:21,938.6,60539
2021-06-08 09:17:23,938.6,60546
2021-06-08 09:17:24,938.6,60546
2021-06-08 09:17:24,938.6,60546
2021-06-08 09:17:26,938.2,60653
2021-06-08 09:17:26,938.6,60664
2021-06-08 09:17:28,938.8,61164
2021-06-08 09:17:29,938.25,61277
2021-06-08 09:17:30,938.65,61424
2021-06-08 09:17:31,938.6,61477
2021-06-08 09:17:32,938.0,61819
2021-06-08 09:17:33,938.1,61832
2021-06-08 09:17:33,938.1,61832
2021-06-08 09:17:34,938.6,61836
2021-06-08 09:17:35,938.6,61836
2021-06-08 09:17:36,938.25,61850
2021-06-08 09:17:37,938.25,61850
2021-06-08 09:17:39,938.25,61850
2021-06-08 09:17:40,938.6,61900
2021-06-08 09:17:41,938.6,61937
2021-06-08 09:17:42,938.6,61947
2021-06-08 09:17:42,938.6,61947
2021-06-08 09:17:43,938.6,61947
2021-06-08 09:17:45,938.6,62237
2021-06-08 09:17:45,938.4,62560
2021-06-08 09:17:46,938.8,63040
2021-06-08 09:17:49,938.85,63050
2021-06-08 09:17:49,938.85,63060
2021-06-08 09:17:50,938.95,63484
2021-06-08 09:17:52,939.05,63552
2021-06-08 09:17:52,939.05,63552
2021-06-08 09:17:53,939.05,63557
2021-06-08 09:17:54,939.05,63557
2021-06-08 09:17:55,939.05,63557
2021-06-08 09:17:56,939.05,63557
2021-06-08 09:17:58,939.1,63917
2021-06-08 09:18:00,938.85,64167
2021-06-08 09:18:01,938.8,64458
2021-06-08 09:18:02,939.4,64650
2021-06-08 09:18:04,939.25,65099
2021-06-08 09:18:05,939.0,65162
2021-06-08 09:18:06,938.8,65311
2021-06-08 09:18:07,938.35,65331
2021-06-08 09:18:08,938.35,65331
2021-06-08 09:18:09,938.5,65332
2021-06-08 09:18:10,938.5,65332
2021-06-08 09:18:11,938.5,65332
2021-06-08 09:18:12,938.75,65358
2021-06-08 09:18:13,938.5,65384
2021-06-08 09:18:14,938.65,66444
2021-06-08 09:18:18,939.3,66460
2021-06-08 09:18:19,939.3,66460
2021-06-08 09:18:19,938.85,66465
2021-06-08 09:18:21,938.85,66604
2021-06-08 09:18:22,938.85,66769
2021-06-08 09:18:23,938.85,66843
2021-06-08 09:18:24,938.85,66843
2021-06-08 09:18:25,939.2,67874
2021-06-08 09:18:27,939.05,68001
2021-06-08 09:18:28,939.05,68001
2021-06-08 09:18:29,939.1,68051
2021-06-08 09:18:30,939.55,68371
2021-06-08 09:18:32,939.55,68371
2021-06-08 09:18:33,939.25,68899
2021-06-08 09:18:34,939.25,68899
2021-06-08 09:18:35,939.65,68949
2021-06-08 09:18:36,939.25,68950
2021-06-08 09:18:37,939.65,68952
2021-06-08 09:18:38,939.65,68952
2021-06-08 09:18:39,939.25,68963
2021-06-08 09:18:40,939.25,68963
2021-06-08 09:18:41,939.25,69003
2021-06-08 09:18:42,939.55,70294
2021-06-08 09:18:42,939.55,70294
2021-06-08 09:18:43,939.1,70324
2021-06-08 09:18:44,939.25,70331
2021-06-08 09:18:45,939.25,70331
2021-06-08 09:18:46,939.25,70636
2021-06-08 09:18:48,939.25,70636
2021-06-08 09:18:49,939.5,70637
2021-06-08 09:18:49,939.5,70637
2021-06-08 09:18:50,939.5,70637
2021-06-08 09:18:51,939.5,70638
2021-06-08 09:18:52,939.5,70638
2021-06-08 09:18:53,939.5,70638
2021-06-08 09:18:54,939.5,70638
2021-06-08 09:18:55,939.45,70733
2021-06-08 09:18:56,939.45,70768
2021-06-08 09:18:57,939.45,70768
2021-06-08 09:18:58,939.0,70809
2021-06-08 09:18:59,939.05,71994
2021-06-08 09:19:00,939.0,72051
2021-06-08 09:19:01,939.0,72051
2021-06-08 09:19:03,939.7,72052
2021-06-08 09:19:03,939.8,72056
2021-06-08 09:19:05,939.1,72356
2021-06-08 09:19:05,939.1,72356
2021-06-08 09:19:06,939.1,72356
2021-06-08 09:19:08,939.4,72357
2021-06-08 09:19:09,939.7,72614
2021-06-08 09:19:11,939.3,72729
2021-06-08 09:19:12,939.3,72729
2021-06-08 09:19:13,939.3,72729
2021-06-08 09:19:13,939.4,72739
2021-06-08 09:19:14,939.4,72739
2021-06-08 09:19:15,939.85,72759
2021-06-08 09:19:16,939.85,72759
2021-06-08 09:19:17,939.9,72771
2021-06-08 09:19:18,940.0,75603
2021-06-08 09:19:19,940.2,75608
2021-06-08 09:19:21,940.2,75608
2021-06-08 09:19:21,939.85,75673
2021-06-08 09:19:23,940.0,75709
2021-06-08 09:19:24,939.9,75734
2021-06-08 09:19:25,939.9,75837
2021-06-08 09:19:27,940.0,75847
2021-06-08 09:19:28,939.95,77006
2021-06-08 09:19:28,939.95,77006
2021-06-08 09:19:30,939.95,77078
2021-06-08 09:19:31,940.0,77098
2021-06-08 09:19:31,940.0,77098
2021-06-08 09:19:32,940.0,77098
2021-06-08 09:19:34,940.0,77308
2021-06-08 09:19:37,940.0,77788
2021-06-08 09:19:38,940.0,77900
2021-06-08 09:19:39,940.0,78168
2021-06-08 09:19:40,940.0,78332
2021-06-08 09:19:41,940.0,78332
2021-06-08 09:19:42,939.75,78349
2021-06-08 09:19:43,939.7,78419
2021-06-08 09:19:44,940.1,78454
2021-06-08 09:19:45,940.1,78474
2021-06-08 09:19:46,939.7,78714
2021-06-08 09:19:47,939.95,78733
2021-06-08 09:19:48,938.6,98211
2021-06-08 09:19:49,938.35,98941
2021-06-08 09:19:50,937.75,101585
2021-06-08 09:19:51,937.6,102187
2021-06-08 09:19:52,937.7,103177
2021-06-08 09:19:53,937.25,105019
2021-06-08 09:19:54,937.75,105074
2021-06-08 09:19:55,937.75,105077
2021-06-08 09:19:56,938.25,105184
2021-06-08 09:19:57,938.2,105491
2021-06-08 09:19:58,937.8,105506
2021-06-08 09:19:59,938.2,105643
2021-06-08 09:20:00,938.2,105643
2021-06-08 09:20:01,938.2,105643
2021-06-08 09:20:02,938.05,105668
2021-06-08 09:20:03,938.0,105709
2021-06-08 09:20:04,938.25,106107
2021-06-08 09:20:05,938.25,106107
2021-06-08 09:20:06,938.45,106118
2021-06-08 09:20:07,938.45,106118
2021-06-08 09:20:08,938.45,106118
2021-06-08 09:20:09,938.45,106118
2021-06-08 09:20:10,938.05,106121
2021-06-08 09:20:11,938.05,106121
2021-06-08 09:20:12,938.45,106122
2021-06-08 09:20:13,938.25,106138
2021-06-08 09:20:14,938.2,106238
2021-06-08 09:20:15,938.2,106288
2021-06-08 09:20:16,938.2,106288
2021-06-08 09:20:17,938.2,106288
2021-06-08 09:20:18,938.3,106338
2021-06-08 09:20:19,938.75,106359
2021-06-08 09:20:20,938.25,106406
2021-06-08 09:20:21,938.65,106411
2021-06-08 09:20:22,938.6,106438
2021-06-08 09:20:23,938.7,106547
2021-06-08 09:20:24,938.6,106566
2021-06-08 09:20:25,938.6,106584
2021-06-08 09:20:26,938.6,106593
2021-06-08 09:20:27,938.6,106593
2021-06-08 09:20:28,938.6,106593
2021-06-08 09:20:29,938.6,106802
2021-06-08 09:20:30,938.6,106864
2021-06-08 09:20:31,938.6,106864
2021-06-08 09:20:32,938.65,106893
2021-06-08 09:20:33,938.6,106902
2021-06-08 09:20:34,938.6,106902
2021-06-08 09:20:35,938.6,107152
2021-06-08 09:20:36,938.6,107155
2021-06-08 09:20:37,938.6,107156
2021-06-08 09:20:38,938.95,107206
2021-06-08 09:20:39,938.95,107206
2021-06-08 09:20:40,938.95,107209
2021-06-08 09:20:41,938.65,107224
2021-06-08 09:20:42,938.7,107234
2021-06-08 09:20:43,938.65,108354
2021-06-08 09:20:44,938.95,108359
2021-06-08 09:20:45,938.7,108376
2021-06-08 09:20:46,938.65,108385
2021-06-08 09:20:47,939.0,108395
2021-06-08 09:20:48,939.0,108395
2021-06-08 09:20:50,939.0,108395
2021-06-08 09:20:49,939.0,108395
2021-06-08 09:20:51,939.0,108395
2021-06-08 09:20:52,938.65,108405
2021-06-08 09:20:53,938.65,108405
2021-06-08 09:20:54,938.65,108405
2021-06-08 09:20:55,938.65,108405
2021-06-08 09:20:56,938.65,108438
2021-06-08 09:20:57,938.65,109940
2021-06-08 09:20:58,938.7,109963
2021-06-08 09:20:59,938.65,109972
2021-06-08 09:21:00,938.65,110000
2021-06-08 09:21:01,938.65,110528
2021-06-08 09:21:02,938.7,111729
2021-06-08 09:21:03,938.65,112166
2021-06-08 09:21:04,938.7,112496
2021-06-08 09:21:05,938.65,113787
2021-06-08 09:21:06,938.65,113791
2021-06-08 09:21:07,938.6,113941
2021-06-08 09:21:08,938.6,113941
2021-06-08 09:21:09,938.65,113942
2021-06-08 09:21:10,938.65,113942
2021-06-08 09:21:11,938.65,113962
2021-06-08 09:21:12,938.65,113962
2021-06-08 09:21:13,938.65,113962
2021-06-08 09:21:14,938.65,113963
2021-06-08 09:21:15,938.6,114272
2021-06-08 09:21:16,938.6,114272
2021-06-08 09:21:17,938.5,114322
2021-06-08 09:21:18,938.5,114322
2021-06-08 09:21:19,938.2,114370
2021-06-08 09:21:20,938.55,114413
2021-06-08 09:21:21,938.2,114415
2021-06-08 09:21:23,938.85,115607
2021-06-08 09:21:24,938.85,115607
2021-06-08 09:21:25,938.85,115607
2021-06-08 09:21:26,938.85,115607
2021-06-08 09:21:28,938.9,115619
2021-06-08 09:21:30,938.9,115855
2021-06-08 09:21:31,938.9,115855
2021-06-08 09:21:32,938.6,115956
2021-06-08 09:21:33,938.6,115956
2021-06-08 09:21:34,938.6,116221
2021-06-08 09:21:35,938.9,116271
2021-06-08 09:21:36,938.6,116370
2021-06-08 09:21:37,938.8,116376
2021-06-08 09:21:39,938.6,116403
2021-06-08 09:21:38,938.6,116385
2021-06-08 09:21:40,938.6,116454
2021-06-08 09:21:41,938.65,116489
2021-06-08 09:21:42,938.65,116489
2021-06-08 09:21:43,938.65,116506
2021-06-08 09:21:44,938.65,116506
2021-06-08 09:21:46,938.65,116547
2021-06-08 09:21:45,938.65,116542
2021-06-08 09:21:47,938.65,116547
2021-06-08 09:21:48,938.8,116797
2021-06-08 09:21:49,938.55,117190
2021-06-08 09:21:50,938.2,117219
2021-06-08 09:21:51,938.4,117227
2021-06-08 09:21:52,938.0,117630
2021-06-08 09:21:53,938.0,117630
2021-06-08 09:21:54,938.0,117631
2021-06-08 09:21:55,938.0,117649
2021-06-08 09:21:56,938.2,117650
2021-06-08 09:21:57,938.0,117867
2021-06-08 09:21:58,938.0,117867
2021-06-08 09:21:59,938.0,117867
2021-06-08 09:22:00,937.85,117885
2021-06-08 09:22:01,937.85,117927
2021-06-08 09:22:02,937.85,117927
2021-06-08 09:22:03,937.85,117962
2021-06-08 09:22:04,937.85,117962
2021-06-08 09:22:05,937.85,117995
2021-06-08 09:22:06,937.85,117995
2021-06-08 09:22:07,937.85,117995
2021-06-08 09:22:08,938.45,118091
2021-06-08 09:22:09,938.45,118091
2021-06-08 09:22:10,938.45,118091
2021-06-08 09:22:11,938.45,118091
2021-06-08 09:22:12,938.45,118341
2021-06-08 09:22:14,938.45,118662
2021-06-08 09:22:15,938.45,118697
2021-06-08 09:22:16,938.45,118704
2021-06-08 09:22:17,938.35,118922
2021-06-08 09:22:18,938.35,118922
2021-06-08 09:22:19,938.65,118945
2021-06-08 09:22:21,938.8,119094
2021-06-08 09:22:22,938.65,119111
2021-06-08 09:22:23,938.65,119111
2021-06-08 09:22:25,938.35,119315
2021-06-08 09:22:26,938.35,119315
2021-06-08 09:22:27,938.4,119358
2021-06-08 09:22:28,938.4,119361
2021-06-08 09:22:29,938.35,119379
2021-06-08 09:22:30,938.35,119379
2021-06-08 09:22:30,938.35,119379
2021-06-08 09:22:31,938.4,119562
2021-06-08 09:22:32,938.4,119587
2021-06-08 09:22:33,938.35,119607
2021-06-08 09:22:34,938.4,119612
2021-06-08 09:22:35,938.35,119620
2021-06-08 09:22:38,938.35,119650
2021-06-08 09:22:38,938.35,119650
2021-06-08 09:22:39,938.4,120423
2021-06-08 09:22:40,939.0,120517
2021-06-08 09:22:41,939.0,120517
2021-06-08 09:22:42,939.0,120517
2021-06-08 09:22:43,939.0,120530
2021-06-08 09:22:44,938.55,120580
2021-06-08 09:22:45,938.55,120580
2021-06-08 09:22:46,938.55,120580
2021-06-08 09:22:47,939.0,120715
2021-06-08 09:22:48,939.0,120735
2021-06-08 09:22:49,939.0,120735
2021-06-08 09:22:50,938.55,120927
2021-06-08 09:22:51,939.0,120997
2021-06-08 09:22:53,939.4,122861
2021-06-08 09:22:53,939.4,122861
2021-06-08 09:22:54,939.4,122861
2021-06-08 09:22:55,939.5,122871
2021-06-08 09:22:56,939.5,122871
2021-06-08 09:22:57,939.05,122872
2021-06-08 09:22:58,939.05,122887
2021-06-08 09:22:59,939.05,122887
2021-06-08 09:23:00,939.05,122950
2021-06-08 09:23:02,939.05,122950
2021-06-08 09:23:03,939.05,122959
2021-06-08 09:23:04,939.05,122959
2021-06-08 09:23:05,939.05,122959
2021-06-08 09:23:06,939.05,122959
2021-06-08 09:23:07,939.05,122959
2021-06-08 09:23:08,939.05,122959
2021-06-08 09:23:09,939.5,122974
2021-06-08 09:23:10,939.5,122974
2021-06-08 09:23:11,939.5,122974
2021-06-08 09:23:12,939.5,122974
2021-06-08 09:23:13,939.1,123002
2021-06-08 09:23:14,939.55,123037
2021-06-08 09:23:15,939.55,123037
2021-06-08 09:23:16,939.55,123037
2021-06-08 09:23:17,939.55,123037
2021-06-08 09:23:18,940.0,123048
2021-06-08 09:23:19,940.0,123058
2021-06-08 09:23:20,939.95,123143
2021-06-08 09:23:21,939.95,123143
2021-06-08 09:23:23,939.95,123143
2021-06-08 09:23:23,939.95,123153
2021-06-08 09:23:24,940.0,123453
2021-06-08 09:23:26,940.0,123472
2021-06-08 09:23:27,940.0,123577
2021-06-08 09:23:28,940.05,123624
2021-06-08 09:23:29,940.05,123647
2021-06-08 09:23:29,939.5,123657
2021-06-08 09:23:31,939.5,123919
2021-06-08 09:23:32,940.0,124089
2021-06-08 09:23:33,939.95,124195
2021-06-08 09:23:34,940.0,124209
2021-06-08 09:23:35,939.95,124226
2021-06-08 09:23:36,940.0,124230
2021-06-08 09:23:37,939.95,124266
2021-06-08 09:23:38,939.95,124266
2021-06-08 09:23:39,939.95,124303
2021-06-08 09:23:40,939.95,124340
2021-06-08 09:23:42,939.95,124340
2021-06-08 09:23:42,940.05,124873
2021-06-08 09:23:43,939.95,124998
2021-06-08 09:23:44,939.95,125198
2021-06-08 09:23:45,939.95,125216
2021-06-08 09:23:46,940.3,125286
2021-06-08 09:23:48,939.95,125604
2021-06-08 09:23:49,939.95,125604
2021-06-08 09:23:49,939.95,125604
2021-06-08 09:23:50,940.4,125624
2021-06-08 09:23:51,939.95,125844
2021-06-08 09:23:52,940.0,125855
2021-06-08 09:23:53,940.0,125855
2021-06-08 09:23:55,939.95,125873
2021-06-08 09:23:56,939.95,125873
2021-06-08 09:23:57,940.0,125933
2021-06-08 09:23:58,940.0,126033
2021-06-08 09:23:59,940.0,126033
2021-06-08 09:24:00,940.35,126053
2021-06-08 09:24:01,940.35,126053
2021-06-08 09:24:02,940.35,126161
2021-06-08 09:24:03,940.4,126172
2021-06-08 09:24:04,940.4,126272
2021-06-08 09:24:06,940.05,126278
2021-06-08 09:24:06,940.05,126288
2021-06-08 09:24:07,940.05,126288
2021-06-08 09:24:08,940.05,126288
2021-06-08 09:24:09,940.4,126291
2021-06-08 09:24:10,940.4,126291
2021-06-08 09:24:11,940.4,126391
2021-06-08 09:24:12,940.4,126391
2021-06-08 09:24:13,940.5,126423
2021-06-08 09:24:14,940.5,126423
2021-06-08 09:24:15,940.5,126434
2021-06-08 09:24:16,940.5,126434
2021-06-08 09:24:18,940.4,126525
2021-06-08 09:24:19,939.65,128856
2021-06-08 09:24:20,939.75,128895
2021-06-08 09:24:21,940.0,128896
2021-06-08 09:24:22,940.0,128897
2021-06-08 09:24:23,940.0,128897
2021-06-08 09:24:24,940.0,128897
2021-06-08 09:24:25,940.0,128897
2021-06-08 09:24:26,939.75,128946
2021-06-08 09:24:27,940.0,129063
2021-06-08 09:24:28,940.0,129063
2021-06-08 09:24:29,940.0,129063
2021-06-08 09:24:30,939.75,129073
2021-06-08 09:24:32,939.75,129073
2021-06-08 09:24:33,940.0,129098
2021-06-08 09:24:34,940.0,129098
2021-06-08 09:24:35,940.0,129103
2021-06-08 09:24:36,940.0,129117
2021-06-08 09:24:37,940.0,129117
2021-06-08 09:24:38,939.75,129122
2021-06-08 09:24:39,939.75,129122
2021-06-08 09:24:40,939.75,129160
2021-06-08 09:24:41,940.0,129165
2021-06-08 09:24:42,940.0,129173
2021-06-08 09:24:43,939.6,129186
2021-06-08 09:24:44,939.6,129186
2021-06-08 09:24:45,939.55,129486
2021-06-08 09:24:46,939.6,129606
2021-06-08 09:24:47,939.6,129656
2021-06-08 09:24:48,939.6,129968
2021-06-08 09:24:49,939.55,129976
2021-06-08 09:24:50,940.0,130006
2021-06-08 09:24:51,940.0,130006
2021-06-08 09:24:52,940.0,130338
2021-06-08 09:24:53,940.0,130339
2021-06-08 09:24:54,940.0,130339
2021-06-08 09:24:55,940.0,130339
2021-06-08 09:24:56,940.0,130339
2021-06-08 09:24:58,940.0,130339
2021-06-08 09:24:59,939.65,130365
2021-06-08 09:25:00,940.0,130415
2021-06-08 09:25:01,939.95,130420
2021-06-08 09:25:02,939.95,130420
2021-06-08 09:25:03,939.65,130430
2021-06-08 09:25:04,939.65,130430
2021-06-08 09:25:05,939.65,130463
2021-06-08 09:25:07,939.65,130463
2021-06-08 09:25:06,939.65,130463
2021-06-08 09:25:08,939.65,130463
2021-06-08 09:25:09,939.95,130493
2021-06-08 09:25:10,939.95,130493
2021-06-08 09:25:11,939.65,130652
2021-06-08 09:25:12,939.9,130742
2021-06-08 09:25:14,939.9,130742
2021-06-08 09:25:15,940.15,131842
2021-06-08 09:25:16,939.9,131877
2021-06-08 09:25:19,940.2,132427
2021-06-08 09:25:18,940.0,131912
2021-06-08 09:25:20,939.9,132443
2021-06-08 09:25:21,939.9,132524
2021-06-08 09:25:22,939.8,132532
2021-06-08 09:25:23,939.8,132742
2021-06-08 09:25:24,940.0,132842
2021-06-08 09:25:25,939.0,133818
2021-06-08 09:25:26,939.25,133868
2021-06-08 09:25:27,939.25,133868
2021-06-08 09:25:28,939.25,133868
2021-06-08 09:25:29,939.0,133899
2021-06-08 09:25:30,939.0,134229
2021-06-08 09:25:32,939.0,134229
2021-06-08 09:25:33,938.7,134246
2021-06-08 09:25:34,939.0,134247
2021-06-08 09:25:35,938.7,134265
2021-06-08 09:25:36,938.7,134283
2021-06-08 09:25:36,938.95,134308
2021-06-08 09:25:37,938.7,134343
2021-06-08 09:25:38,938.7,134343
2021-06-08 09:25:39,938.9,134348
2021-06-08 09:25:40,939.1,134733
2021-06-08 09:25:41,938.9,134737
2021-06-08 09:25:42,938.9,134737
2021-06-08 09:25:43,939.0,134907
2021-06-08 09:25:44,939.0,134907
2021-06-08 09:25:45,938.7,134944
2021-06-08 09:25:46,938.9,134947
2021-06-08 09:25:47,938.55,135247
2021-06-08 09:25:48,938.9,135386
2021-06-08 09:25:49,938.9,135386
2021-06-08 09:25:50,938.7,135665
2021-06-08 09:25:51,938.5,135721
2021-06-08 09:25:52,938.5,135721
2021-06-08 09:25:53,938.7,136004
2021-06-08 09:25:54,939.0,136350
2021-06-08 09:25:56,938.75,136415
2021-06-08 09:25:57,938.75,136415
2021-06-08 09:25:58,938.75,136415
2021-06-08 09:25:59,938.75,136415
2021-06-08 09:26:00,938.9,136425
2021-06-08 09:26:02,938.75,136525
2021-06-08 09:26:03,938.75,136531
2021-06-08 09:26:04,938.7,136760
2021-06-08 09:26:05,938.7,136795
2021-06-08 09:26:06,938.75,136971
2021-06-08 09:26:07,938.75,136971
2021-06-08 09:26:09,938.7,137021
2021-06-08 09:26:14,938.7,137110
2021-06-08 09:26:19,938.7,137175
2021-06-08 09:26:23,939.0,137214
2021-06-08 09:26:28,939.0,137411
2021-06-08 09:26:32,939.5,137503
2021-06-08 09:26:37,939.55,137524
2021-06-08 09:26:46,938.7,142929
2021-06-08 09:26:51,938.35,142939
2021-06-08 09:26:55,938.35,143159
2021-06-08 09:27:00,938.35,143160
2021-06-08 09:27:09,938.05,145808
2021-06-08 09:27:13,938.25,146175
2021-06-08 09:27:18,938.15,147001
2021-06-08 09:27:23,938.1,147014
2021-06-08 09:27:27,938.05,148370
2021-06-08 09:27:32,937.45,149145
2021-06-08 09:27:37,937.0,149433
2021-06-08 09:27:41,937.05,149751
2021-06-08 09:27:46,937.05,149791
2021-06-08 09:27:50,937.55,150517
2021-06-08 09:27:59,937.5,150984
2021-06-08 09:28:04,937.35,151279
2021-06-08 09:28:08,937.15,151876
2021-06-08 09:28:12,937.05,151975
2021-06-08 09:28:17,937.5,152183
2021-06-08 09:28:21,937.05,153817
2021-06-08 09:28:26,937.05,154924
2021-06-08 09:28:30,937.3,155107
2021-06-08 09:28:34,937.0,157025
2021-06-08 09:28:39,937.1,157096
2021-06-08 09:28:43,937.1,157256
2021-06-08 09:28:48,937.15,157277
2021-06-08 09:28:52,937.35,157386
2021-06-08 09:28:57,937.15,157578
2021-06-08 09:29:02,937.15,157852
2021-06-08 09:29:06,937.35,157854
2021-06-08 09:29:11,937.15,157971
2021-06-08 09:29:15,937.15,157981
2021-06-08 09:29:19,937.2,158116
2021-06-08 09:29:24,937.1,166066
2021-06-08 09:29:28,937.05,166602
2021-06-08 09:29:33,937.05,167200
2021-06-08 09:29:37,937.0,167532
2021-06-08 09:29:41,937.0,167583
2021-06-08 09:29:45,937.0,168077
2021-06-08 09:29:49,936.9,170369
2021-06-08 09:29:54,936.85,170688
2021-06-08 09:29:58,936.9,170937
2021-06-08 09:30:02,936.5,172560
2021-06-08 09:30:07,936.2,173214
2021-06-08 09:30:11,936.65,173934
2021-06-08 09:30:15,936.45,174137
2021-06-08 09:30:20,936.2,174396
2021-06-08 09:30:24,936.4,174668
2021-06-08 09:30:28,936.8,175790
2021-06-08 09:30:33,936.65,175960
2021-06-08 09:30:37,936.95,177122
2021-06-08 09:30:42,936.95,177212
2021-06-08 09:30:46,937.15,178078
2021-06-08 09:30:50,937.2,178460
2021-06-08 09:30:55,937.5,178508
2021-06-08 09:30:59,937.2,178668
2021-06-08 09:31:03,937.25,178910
2021-06-08 09:31:08,937.0,180136
2021-06-08 09:31:12,937.0,180156
2021-06-08 09:31:16,937.0,180315
2021-06-08 09:31:20,936.3,183031
2021-06-08 09:31:24,936.3,183103
2021-06-08 09:31:29,936.3,183159
2021-06-08 09:31:33,936.0,186729
2021-06-08 09:31:38,936.0,186841
2021-06-08 09:31:42,936.0,187097
2021-06-08 09:31:46,936.25,190293
2021-06-08 09:31:50,936.05,190595
2021-06-08 09:31:54,936.05,190639
2021-06-08 09:31:59,936.45,190679
2021-06-08 09:32:03,936.4,190945
2021-06-08 09:32:07,936.2,191096
2021-06-08 09:32:11,936.4,191221
2021-06-08 09:32:16,936.2,191959
2021-06-08 09:32:20,936.4,191992
2021-06-08 09:32:24,936.25,192127
2021-06-08 09:32:28,936.2,192455
2021-06-08 09:32:33,936.15,193061
2021-06-08 09:32:37,936.15,193241
2021-06-08 09:32:41,936.15,193285
2021-06-08 09:32:46,936.25,193580
2021-06-08 09:32:50,936.25,193680
2021-06-08 09:32:54,936.15,193755
2021-06-08 09:32:58,936.1,194332
2021-06-08 09:33:02,936.0,197720
2021-06-08 09:33:06,935.6,197881
2021-06-08 09:33:11,936.0,199550
2021-06-08 09:33:15,936.0,199597
2021-06-08 09:33:19,936.0,199603
2021-06-08 09:33:23,935.95,199684
2021-06-08 09:33:27,935.95,200358
2021-06-08 09:33:31,935.65,200380
2021-06-08 09:33:35,935.9,200628
2021-06-08 09:33:39,935.9,201668
2021-06-08 09:33:43,935.65,201900
2021-06-08 09:33:47,935.9,201906
2021-06-08 09:33:51,935.65,202991
2021-06-08 09:33:55,935.7,203012
2021-06-08 09:34:00,935.75,203642
2021-06-08 09:34:04,935.6,205163
2021-06-08 09:34:08,935.55,205587
2021-06-08 09:34:12,935.6,206903
2021-06-08 09:34:17,935.5,207649
2021-06-08 09:34:21,935.8,208773
2021-06-08 09:34:25,935.45,208787
2021-06-08 09:34:29,935.3,209319
2021-06-08 09:34:33,935.3,209490
2021-06-08 09:34:37,935.5,209766
2021-06-08 09:34:41,935.3,209825
2021-06-08 09:34:46,935.3,209955
2021-06-08 09:34:50,935.3,210053
2021-06-08 09:34:54,935.5,210457
2021-06-08 09:34:58,935.3,211023
2021-06-08 09:35:02,935.5,211402
2021-06-08 09:35:06,935.5,211402
2021-06-08 09:35:15,935.2,212092
2021-06-08 09:35:19,935.3,212624
2021-06-08 09:35:23,934.3,223884
2021-06-08 09:35:28,934.25,225344
2021-06-08 09:35:32,934.4,225622
2021-06-08 09:35:36,934.1,226548
2021-06-08 09:35:40,934.4,229452
2021-06-08 09:35:44,934.85,231660
2021-06-08 09:35:48,935.0,231795
2021-06-08 09:35:51,935.65,241853
2021-06-08 09:35:56,935.55,242068
2021-06-08 09:36:00,935.6,243103
2021-06-08 09:36:04,935.95,244405
2021-06-08 09:36:07,935.95,244515
2021-06-08 09:36:11,935.65,245351
2021-06-08 09:36:15,935.65,245651
2021-06-08 09:36:19,935.95,246080
2021-06-08 09:36:23,935.7,246187
2021-06-08 09:36:27,936.0,246297
2021-06-08 09:36:31,936.15,246317
2021-06-08 09:36:35,936.15,246906
2021-06-08 09:36:39,936.15,246906
2021-06-08 09:36:43,936.1,246972
2021-06-08 09:36:48,936.0,247357
2021-06-08 09:36:52,936.0,247368
2021-06-08 09:36:56,935.75,247643
2021-06-08 09:37:00,935.55,253489
2021-06-08 09:37:04,935.0,254006
2021-06-08 09:37:08,934.75,254238
2021-06-08 09:37:12,935.05,254788
2021-06-08 09:37:16,935.0,254806
2021-06-08 09:37:20,934.95,254847
2021-06-08 09:37:24,934.8,255116
2021-06-08 09:37:28,935.5,257266
2021-06-08 09:37:32,935.3,257378
2021-06-08 09:37:36,934.85,257522
2021-06-08 09:37:40,934.85,257581
2021-06-08 09:37:44,934.05,260855
2021-06-08 09:37:48,934.4,260906
2021-06-08 09:37:52,934.4,261023
2021-06-08 09:37:56,934.0,261025
2021-06-08 09:38:00,934.0,261456
2021-06-08 09:38:04,934.0,261984
2021-06-08 09:38:08,934.35,262470
2021-06-08 09:38:13,934.35,263049
2021-06-08 09:38:17,934.35,263126
2021-06-08 09:38:21,934.05,263754
2021-06-08 09:38:25,934.4,263797
2021-06-08 09:38:29,935.05,266665
2021-06-08 09:38:33,935.15,267208
2021-06-08 09:38:40,936.0,269085
2021-06-08 09:38:44,935.65,269531
2021-06-08 09:38:48,935.25,269749
2021-06-08 09:38:52,935.25,269753
2021-06-08 09:39:00,935.6,270246
2021-06-08 09:39:04,935.4,271634
2021-06-08 09:39:09,935.25,271637
2021-06-08 09:39:13,935.25,271683
2021-06-08 09:39:22,935.25,272490
2021-06-08 09:39:26,935.25,272822
2021-06-08 09:39:31,935.25,273082
2021-06-08 09:39:35,935.0,273197
2021-06-08 09:39:39,935.0,273197
2021-06-08 09:39:43,935.25,273249
2021-06-08 09:39:47,935.4,273891
2021-06-08 09:39:51,935.0,274052
2021-06-08 09:39:55,935.4,274408
2021-06-08 09:39:59,935.25,274414
2021-06-08 09:40:04,935.4,274765
2021-06-08 09:40:07,935.25,274785
2021-06-08 09:40:11,935.25,274923
2021-06-08 09:40:19,935.25,275312
2021-06-08 09:40:23,935.05,275429
2021-06-08 09:40:27,935.05,275556
2021-06-08 09:40:31,935.05,275578
2021-06-08 09:40:35,935.05,276339
2021-06-08 09:40:39,935.0,276399
2021-06-08 09:40:44,935.4,276810
2021-06-08 09:40:48,935.4,276934
2021-06-08 09:40:52,935.45,277201
2021-06-08 09:40:56,935.15,277256
2021-06-08 09:40:59,935.0,277406
2021-06-08 09:41:03,935.05,280705
2021-06-08 09:41:07,934.8,280764
2021-06-08 09:41:11,934.6,280999
2021-06-08 09:41:15,934.5,281269
2021-06-08 09:41:19,934.2,281934
2021-06-08 09:41:23,934.1,282003
2021-06-08 09:41:27,934.25,282280
2021-06-08 09:41:32,934.5,282418
2021-06-08 09:41:36,934.8,282525
2021-06-08 09:41:44,934.45,282651
2021-06-08 09:41:47,934.5,282690
2021-06-08 09:41:51,934.85,282728
2021-06-08 09:41:55,934.85,282767
2021-06-08 09:41:59,934.85,282775
2021-06-08 09:42:03,934.75,282841
2021-06-08 09:42:08,934.8,282982
2021-06-08 09:42:12,934.85,283131
2021-06-08 09:42:16,934.85,283925
2021-06-08 09:42:20,934.45,284120
2021-06-08 09:42:24,934.2,284207
2021-06-08 09:42:28,934.4,284269
2021-06-08 09:42:32,934.65,284577
2021-06-08 09:42:36,934.6,284708
2021-06-08 09:42:40,934.4,284794
2021-06-08 09:42:44,934.6,284862
2021-06-08 09:42:48,934.5,284896
2021-06-08 09:42:52,934.5,285071
2021-06-08 09:42:56,934.4,285653
2021-06-08 09:43:00,934.35,286031
2021-06-08 09:43:04,934.3,286134
2021-06-08 09:43:08,934.3,286378
2021-06-08 09:43:12,934.3,286456
2021-06-08 09:43:16,934.45,286469
2021-06-08 09:43:20,934.5,286477
2021-06-08 09:43:24,934.8,286975
2021-06-08 09:43:28,934.5,287201
2021-06-08 09:43:32,934.8,287358
2021-06-08 09:43:36,934.8,287491
2021-06-08 09:43:40,934.5,287535
2021-06-08 09:43:43,934.8,287946
2021-06-08 09:43:47,934.5,288046
2021-06-08 09:43:51,935.0,288133
2021-06-08 09:43:55,935.4,288623
2021-06-08 09:43:59,935.35,288759
2021-06-08 09:44:07,935.1,290684
2021-06-08 09:44:11,934.6,291179
2021-06-08 09:44:15,935.0,291318
2021-06-08 09:44:19,935.0,291348
2021-06-08 09:44:23,935.15,291886
2021-06-08 09:44:27,935.0,292098
2021-06-08 09:44:31,935.0,292579
2021-06-08 09:44:35,934.7,293224
2021-06-08 09:44:39,934.9,293476
2021-06-08 09:44:43,934.55,293543
2021-06-08 09:44:47,935.0,294282
2021-06-08 09:44:51,934.5,294807
2021-06-08 09:44:55,934.5,294902
2021-06-08 09:44:59,934.0,299730
2021-06-08 09:45:03,934.3,300809
2021-06-08 09:45:07,933.9,301445
2021-06-08 09:45:11,933.9,301898
2021-06-08 09:45:15,934.05,302499
2021-06-08 09:45:19,934.5,302805
2021-06-08 09:45:24,934.6,302938
2021-06-08 09:45:28,934.15,303030
2021-06-08 09:45:32,934.5,303317
2021-06-08 09:45:36,934.5,303629
2021-06-08 09:45:40,934.5,303819
2021-06-08 09:45:44,934.45,303876
2021-06-08 09:45:48,934.25,303907
2021-06-08 09:45:52,934.5,303912
2021-06-08 09:45:56,934.45,304462
2021-06-08 09:46:01,934.25,304973
2021-06-08 09:46:05,934.5,305678
2021-06-08 09:46:08,934.05,305869
2021-06-08 09:46:10,934.45,305989
2021-06-08 09:46:11,934.1,305998
2021-06-08 09:46:12,933.9,306399
2021-06-08 09:46:13,933.45,309782
2021-06-08 09:46:13,933.45,310292
2021-06-08 09:46:14,933.8,310607
2021-06-08 09:46:15,933.4,310716
2021-06-08 09:46:16,933.5,310753
2021-06-08 09:46:17,933.5,310753
2021-06-08 09:46:18,933.9,310803
2021-06-08 09:46:19,933.65,310826
2021-06-08 09:46:20,933.8,310873
2021-06-08 09:46:21,933.8,310883
2021-06-08 09:46:22,933.95,310916
2021-06-08 09:46:23,933.8,310941
2021-06-08 09:46:24,933.8,310956
2021-06-08 09:46:25,933.5,311258
2021-06-08 09:46:26,933.95,311384
2021-06-08 09:46:27,933.95,311416
2021-06-08 09:46:28,933.95,311416
2021-06-08 09:46:29,933.8,311488
2021-06-08 09:46:30,933.7,311577
2021-06-08 09:46:31,934.0,311613
2021-06-08 09:46:32,934.0,311613
2021-06-08 09:46:34,933.8,311844
2021-06-08 09:46:35,933.8,311862
2021-06-08 09:46:37,934.0,312082
2021-06-08 09:46:38,933.9,312142
2021-06-08 09:46:39,934.0,312160
2021-06-08 09:46:40,933.95,312190
2021-06-08 09:46:41,933.95,312211
2021-06-08 09:46:42,933.9,312233
2021-06-08 09:46:43,933.9,312633
2021-06-08 09:46:44,934.0,313754
2021-06-08 09:46:45,934.0,313872
2021-06-08 09:46:46,934.05,314039
2021-06-08 09:46:47,934.05,314039
2021-06-08 09:46:48,934.0,314556
2021-06-08 09:46:49,933.65,314639
2021-06-08 09:46:50,934.0,314660
2021-06-08 09:46:51,934.0,314660
2021-06-08 09:46:52,934.0,314660
2021-06-08 09:46:53,934.0,314703
2021-06-08 09:46:54,933.7,314721
2021-06-08 09:46:55,934.0,314739
2021-06-08 09:46:56,934.3,314814
2021-06-08 09:46:58,934.0,314869
2021-06-08 09:46:59,934.0,314887
2021-06-08 09:47:00,933.9,314902
2021-06-08 09:47:01,933.9,314902
2021-06-08 09:47:02,933.95,314937
2021-06-08 09:47:03,933.95,314938
2021-06-08 09:47:04,933.65,315065
2021-06-08 09:47:05,933.65,315065
2021-06-08 09:47:06,933.65,315065
2021-06-08 09:47:07,933.6,316721
2021-06-08 09:47:08,934.0,316756
2021-06-08 09:47:09,934.05,316919
2021-06-08 09:47:10,934.05,316919
2021-06-08 09:47:11,934.0,316928
2021-06-08 09:47:12,934.2,316964
2021-06-08 09:47:13,934.2,316964
2021-06-08 09:47:14,934.5,317009
2021-06-08 09:47:15,934.5,317009
2021-06-08 09:47:17,934.5,317027
2021-06-08 09:47:18,934.5,317045
2021-06-08 09:47:19,934.5,317046
2021-06-08 09:47:20,934.1,317047
2021-06-08 09:47:21,934.45,317064
2021-06-08 09:47:22,934.45,317074
2021-06-08 09:47:23,934.5,317092
2021-06-08 09:47:24,934.45,317240
2021-06-08 09:47:25,934.45,317240
2021-06-08 09:47:26,934.1,317265
2021-06-08 09:47:27,934.1,317265
2021-06-08 09:47:28,934.45,317283
2021-06-08 09:47:29,934.45,317292
2021-06-08 09:47:30,934.4,317329
2021-06-08 09:47:31,934.4,317329
2021-06-08 09:47:32,933.95,317379
2021-06-08 09:47:33,934.45,317397
2021-06-08 09:47:35,934.5,317424
2021-06-08 09:47:36,934.5,317429
2021-06-08 09:47:37,934.5,317429
2021-06-08 09:47:39,934.5,317446
2021-06-08 09:47:40,934.45,317483
2021-06-08 09:47:41,934.45,317483
2021-06-08 09:47:42,934.5,317493
2021-06-08 09:47:43,934.5,317513
2021-06-08 09:47:44,934.5,317513
2021-06-08 09:47:45,934.5,317513
2021-06-08 09:47:46,934.45,317596
2021-06-08 09:47:47,934.5,317616
2021-06-08 09:47:48,934.45,317683
2021-06-08 09:47:49,934.5,317711
2021-06-08 09:47:50,934.5,317711
2021-06-08 09:47:51,934.45,317756
2021-06-08 09:47:52,934.45,317756
2021-06-08 09:47:53,934.45,317939
2021-06-08 09:47:54,934.0,317957
2021-06-08 09:47:55,934.0,317957
2021-06-08 09:47:56,934.0,317957
2021-06-08 09:47:57,934.35,317975
2021-06-08 09:47:58,934.35,317979
2021-06-08 09:47:59,934.4,318057
2021-06-08 09:48:00,934.35,318093
2021-06-08 09:48:01,934.5,318139
2021-06-08 09:48:02,934.5,318172
2021-06-08 09:48:03,934.35,318190
2021-06-08 09:48:04,934.35,318190
2021-06-08 09:48:05,934.35,318190
2021-06-08 09:48:06,934.5,318191
2021-06-08 09:48:07,934.5,318193
2021-06-08 09:48:08,934.5,318193
2021-06-08 09:48:10,934.35,318195
2021-06-08 09:48:11,934.5,318232
2021-06-08 09:48:12,934.5,318280
2021-06-08 09:48:13,934.5,318288
2021-06-08 09:48:14,934.5,318288
2021-06-08 09:48:15,934.5,318288
2021-06-08 09:48:16,934.45,318323
2021-06-08 09:48:17,934.35,318333
2021-06-08 09:48:18,934.45,318404
2021-06-08 09:48:19,934.5,318413
2021-06-08 09:48:21,934.5,318604
2021-06-08 09:48:22,934.5,318628
2021-06-08 09:48:23,934.45,318660
2021-06-08 09:48:24,934.5,318711
2021-06-08 09:48:26,934.6,318738
2021-06-08 09:48:27,934.8,319028
2021-06-08 09:48:28,934.75,319037
2021-06-08 09:48:29,934.75,319045
2021-06-08 09:48:30,934.5,319051
2021-06-08 09:48:31,934.5,319051
2021-06-08 09:48:32,934.8,319060
2021-06-08 09:48:33,934.8,319178
2021-06-08 09:48:34,934.75,319280
2021-06-08 09:48:35,934.75,319280
2021-06-08 09:48:36,934.5,319698
2021-06-08 09:48:37,934.5,319698
2021-06-08 09:48:38,934.45,319700
2021-06-08 09:48:39,934.5,319801
2021-06-08 09:48:41,934.45,319843
2021-06-08 09:48:41,934.45,319843
2021-06-08 09:48:42,934.65,319853
2021-06-08 09:48:43,934.7,319862
2021-06-08 09:48:45,934.45,319916
2021-06-08 09:48:46,934.75,320043
2021-06-08 09:48:48,934.8,320152
2021-06-08 09:48:49,934.8,320154
2021-06-08 09:48:52,934.8,320157
2021-06-08 09:48:53,934.8,320178
2021-06-08 09:48:53,934.8,320178
2021-06-08 09:48:54,934.8,320178
2021-06-08 09:48:55,934.8,320207
2021-06-08 09:48:56,934.8,320207
2021-06-08 09:48:57,934.8,320208
2021-06-08 09:48:58,934.8,320208
2021-06-08 09:48:59,934.75,320218
2021-06-08 09:49:01,934.75,320218
2021-06-08 09:49:02,934.75,320218
2021-06-08 09:49:03,934.75,320268
2021-06-08 09:49:04,934.95,321268
2021-06-08 09:49:05,934.95,321268
2021-06-08 09:49:06,934.5,321304
2021-06-08 09:49:07,934.5,321304
2021-06-08 09:49:08,934.95,321406
2021-06-08 09:49:09,934.95,321406
2021-06-08 09:49:10,934.95,321406
2021-06-08 09:49:11,935.0,321417
2021-06-08 09:49:12,935.0,321417
2021-06-08 09:49:13,935.0,321417
2021-06-08 09:49:14,934.85,321768
2021-06-08 09:49:15,934.85,321778
2021-06-08 09:49:16,934.85,321787
2021-06-08 09:49:17,934.95,321812
2021-06-08 09:49:18,934.95,321812
2021-06-08 09:49:19,934.95,321812
2021-06-08 09:49:20,934.95,321812
2021-06-08 09:49:21,934.95,321862
2021-06-08 09:49:22,934.95,321872
2021-06-08 09:49:23,934.75,321891
2021-06-08 09:49:25,934.55,321915
2021-06-08 09:49:26,934.55,321951
2021-06-08 09:49:27,934.95,322019
2021-06-08 09:49:28,934.95,322021
2021-06-08 09:49:28,934.6,322051
2021-06-08 09:49:29,934.75,322283
2021-06-08 09:49:30,934.75,322283
2021-06-08 09:49:31,934.95,322301
2021-06-08 09:49:32,934.6,322401
2021-06-08 09:49:33,934.85,322420
2021-06-08 09:49:34,934.55,322491
2021-06-08 09:49:35,934.85,322494
2021-06-08 09:49:36,934.85,322494
2021-06-08 09:49:40,935.0,322565
2021-06-08 09:49:41,934.95,322583
2021-06-08 09:49:42,934.65,322589
2021-06-08 09:49:43,934.65,322589
2021-06-08 09:49:44,934.85,322739
2021-06-08 09:49:45,934.65,322760
2021-06-08 09:49:46,934.95,322763
2021-06-08 09:49:48,934.95,322818
2021-06-08 09:49:49,934.65,322848
2021-06-08 09:49:50,934.65,322852
2021-06-08 09:49:51,934.65,322952
2021-06-08 09:49:53,934.9,323117
2021-06-08 09:49:53,934.9,323117
2021-06-08 09:49:54,934.9,323117
2021-06-08 09:49:55,934.95,323158
2021-06-08 09:49:56,934.95,323158
2021-06-08 09:49:57,934.95,323158
2021-06-08 09:49:58,934.95,323176
2021-06-08 09:49:59,934.95,323176
2021-06-08 09:50:00,934.9,323211
2021-06-08 09:50:01,934.9,323211
2021-06-08 09:50:02,934.9,323211
2021-06-08 09:50:03,934.9,323211
2021-06-08 09:50:04,934.9,323212
2021-06-08 09:50:05,934.9,323216
2021-06-08 09:50:06,934.95,323266
2021-06-08 09:50:07,934.95,323266
2021-06-08 09:50:08,934.9,323316
2021-06-08 09:50:09,934.9,323316
2021-06-08 09:50:10,934.9,323316
2021-06-08 09:50:11,934.9,323338
2021-06-08 09:50:12,934.9,323421
2021-06-08 09:50:13,934.9,323439
2021-06-08 09:50:14,934.9,323439
2021-06-08 09:50:15,934.9,323439
2021-06-08 09:50:16,934.9,323439
2021-06-08 09:50:17,934.9,323449
2021-06-08 09:50:18,934.9,323450
2021-06-08 09:50:19,934.9,323450
2021-06-08 09:50:20,934.9,323470
2021-06-08 09:50:22,934.85,323476
2021-06-08 09:50:23,934.85,323493
2021-06-08 09:50:24,934.9,323543
2021-06-08 09:50:25,934.9,323579
2021-06-08 09:50:26,934.9,323579
2021-06-08 09:50:27,934.9,323579
2021-06-08 09:50:28,934.9,323579
2021-06-08 09:50:29,934.9,323579
2021-06-08 09:50:30,934.9,323579
2021-06-08 09:50:31,934.9,323584
2021-06-08 09:50:32,934.65,323618
2021-06-08 09:50:33,934.9,323619
2021-06-08 09:50:34,934.9,323619
2021-06-08 09:50:35,934.95,323849
2021-06-08 09:50:35,934.65,323860
2021-06-08 09:50:36,934.65,323860
2021-06-08 09:50:37,934.65,323861
2021-06-08 09:50:38,934.95,323911
2021-06-08 09:50:39,934.65,323912
2021-06-08 09:50:40,934.65,324005
2021-06-08 09:50:41,934.95,324013
2021-06-08 09:50:42,934.95,324028
2021-06-08 09:50:43,934.7,324031
2021-06-08 09:50:44,934.95,324208
2021-06-08 09:50:45,934.95,324208
2021-06-08 09:50:46,934.7,324353
2021-06-08 09:50:47,934.7,324353
2021-06-08 09:50:48,934.7,324353
2021-06-08 09:50:49,934.95,324371
2021-06-08 09:50:51,934.95,324397
2021-06-08 09:50:51,934.95,324397
2021-06-08 09:50:53,934.95,324517
2021-06-08 09:50:54,934.95,324520
2021-06-08 09:50:55,934.95,324520
2021-06-08 09:50:56,934.7,326557
2021-06-08 09:50:57,934.7,326557
2021-06-08 09:50:58,934.7,326557
2021-06-08 09:51:01,934.9,326769
2021-06-08 09:51:02,934.9,326769
2021-06-08 09:51:03,934.85,326794
2021-06-08 09:51:04,934.85,326794
2021-06-08 09:51:05,934.85,326823
2021-06-08 09:51:06,934.9,326824
2021-06-08 09:51:07,934.9,326824
2021-06-08 09:51:10,934.9,326826
2021-06-08 09:51:14,935.0,326933
2021-06-08 09:51:18,934.9,327483
2021-06-08 09:51:22,934.9,327818
2021-06-08 09:51:25,935.0,327988
2021-06-08 09:51:29,935.0,327995
2021-06-08 09:51:32,935.0,328071
2021-06-08 09:51:36,935.05,328224
2021-06-08 09:51:40,935.4,328238
2021-06-08 09:51:44,935.6,328932
2021-06-08 09:51:48,935.3,328941
2021-06-08 09:51:52,935.7,328971
2021-06-08 09:51:56,935.75,329022
2021-06-08 09:52:00,935.95,331126
2021-06-08 09:52:04,935.7,331543
2021-06-08 09:52:08,936.0,331656
2021-06-08 09:52:12,936.0,331922
2021-06-08 09:52:16,936.0,332480
2021-06-08 09:52:19,936.45,332655
2021-06-08 09:52:23,936.45,332655
2021-06-08 09:52:27,936.5,332699
2021-06-08 09:52:31,936.4,333274
2021-06-08 09:52:35,936.35,333284
2021-06-08 09:52:38,936.35,333391
2021-06-08 09:52:42,936.0,333438
2021-06-08 09:52:50,936.0,333476
2021-06-08 09:52:53,936.35,333488
2021-06-08 09:52:57,936.05,333539
2021-06-08 09:53:01,936.05,333726
2021-06-08 09:53:05,936.25,333748
2021-06-08 09:53:13,936.05,333791
2021-06-08 09:53:16,936.05,333864
2021-06-08 09:53:20,936.1,333883
2021-06-08 09:53:24,936.2,335201
2021-06-08 09:53:28,935.95,336111
2021-06-08 09:53:32,935.7,336196
2021-06-08 09:53:36,935.95,336226
2021-06-08 09:53:40,935.6,336556
2021-06-08 09:53:44,935.85,336583
2021-06-08 09:53:48,936.0,337349
2021-06-08 09:53:52,936.0,337355
2021-06-08 09:53:56,935.95,337400
2021-06-08 09:53:59,935.85,337401
2021-06-08 09:54:03,936.0,337404
2021-06-08 09:54:07,936.2,337904
2021-06-08 09:54:11,936.25,338104
2021-06-08 09:54:15,935.85,338118
2021-06-08 09:54:18,935.95,338123
2021-06-08 09:54:22,935.5,338188
2021-06-08 09:54:25,935.95,338505
2021-06-08 09:54:29,935.7,338507
2021-06-08 09:54:32,935.7,338550
2021-06-08 09:54:39,935.35,338800
2021-06-08 09:54:42,935.9,338858
2021-06-08 09:54:46,935.5,339060
2021-06-08 09:54:50,935.4,339090
2021-06-08 09:54:54,935.5,339605
2021-06-08 09:54:58,935.6,339630
2021-06-08 09:55:02,935.95,339754
2021-06-08 09:55:06,935.6,339764
2021-06-08 09:55:10,935.6,339764
2021-06-08 09:55:14,935.35,340764
2021-06-08 09:55:18,935.75,340775
2021-06-08 09:55:21,935.35,340886
2021-06-08 09:55:25,935.75,340888
2021-06-08 09:55:28,935.75,340926
2021-06-08 09:55:32,935.95,341086
2021-06-08 09:55:36,935.95,341162
2021-06-08 09:55:39,935.95,341162
2021-06-08 09:55:43,935.75,341212
2021-06-08 09:55:47,935.85,341339
2021-06-08 09:55:50,935.55,341424
2021-06-08 09:55:54,935.75,341534
2021-06-08 09:55:58,935.75,341586
2021-06-08 09:56:03,935.6,341835
2021-06-08 09:56:07,935.65,341884
2021-06-08 09:56:08,935.65,341884
2021-06-08 09:56:09,935.65,341884
2021-06-08 09:56:10,935.65,341884
2021-06-08 09:56:12,935.35,342084
2021-06-08 09:56:13,935.4,342160
2021-06-08 09:56:14,935.4,342160
2021-06-08 09:56:15,935.4,342212
2021-06-08 09:56:16,935.4,342282
2021-06-08 09:56:17,935.4,342483
2021-06-08 09:56:18,935.35,342484
2021-06-08 09:56:20,935.4,342486
2021-06-08 09:56:21,935.25,342646
2021-06-08 09:56:22,935.25,342646
2021-06-08 09:56:22,935.25,342646
2021-06-08 09:56:23,935.25,342646
2021-06-08 09:56:24,935.25,342661
2021-06-08 09:56:25,935.5,343826
2021-06-08 09:56:26,935.5,343826
2021-06-08 09:56:27,935.5,343926
2021-06-08 09:56:28,935.55,343949
2021-06-08 09:56:29,935.55,343955
2021-06-08 09:56:31,935.55,343955
2021-06-08 09:56:32,935.55,343955
2021-06-08 09:56:32,935.85,343973
2021-06-08 09:56:33,935.85,344021
2021-06-08 09:56:34,935.5,344221
2021-06-08 09:56:35,935.5,344221
2021-06-08 09:56:36,935.5,344221
2021-06-08 09:56:38,935.5,344221
2021-06-08 09:56:40,935.9,344222
2021-06-08 09:56:41,935.85,344224
2021-06-08 09:56:42,935.6,344226
2021-06-08 09:56:43,935.85,344264
2021-06-08 09:56:45,935.5,345273
2021-06-08 09:56:46,935.95,345276
2021-06-08 09:56:47,935.95,345276
2021-06-08 09:56:47,935.95,345276
2021-06-08 09:56:48,935.95,345276
2021-06-08 09:56:50,935.55,345279
2021-06-08 09:56:51,935.55,345279
2021-06-08 09:56:52,935.55,345279
2021-06-08 09:56:54,935.55,345279
2021-06-08 09:56:54,935.9,345329
2021-06-08 09:56:55,935.55,345429
2021-06-08 09:56:57,935.9,345431
2021-06-08 09:56:58,935.9,345431
2021-06-08 09:56:59,935.9,345431
2021-06-08 09:57:00,935.9,345431
2021-06-08 09:57:01,935.85,345439
2021-06-08 09:57:02,935.85,345448
2021-06-08 09:57:03,935.85,345448
2021-06-08 09:57:04,935.85,345448
2021-06-08 09:57:06,935.55,345451
2021-06-08 09:57:06,935.5,345452
2021-06-08 09:57:07,935.5,345452
2021-06-08 09:57:08,935.55,345464
2021-06-08 09:57:09,935.55,345464
2021-06-08 09:57:10,935.5,345491
2021-06-08 09:57:11,935.5,345491
2021-06-08 09:57:12,935.5,345491
2021-06-08 09:57:13,935.5,345491
2021-06-08 09:57:14,935.5,345491
2021-06-08 09:57:15,935.5,345493
2021-06-08 09:57:16,935.55,345496
2021-06-08 09:57:17,935.55,345496
2021-06-08 09:57:18,935.55,345496
2021-06-08 09:57:19,935.55,345496
2021-06-08 09:57:21,935.55,345540
2021-06-08 09:57:22,935.55,345540
2021-06-08 09:57:23,935.55,345540
2021-06-08 09:57:24,935.85,345647
2021-06-08 09:57:24,935.5,345862
2021-06-08 09:57:25,935.5,345912
2021-06-08 09:57:26,935.5,345912
2021-06-08 09:57:27,935.5,345917
2021-06-08 09:57:28,935.5,345917
2021-06-08 09:57:31,935.85,346022
2021-06-08 09:57:32,935.85,346022
2021-06-08 09:57:33,935.55,346027
2021-06-08 09:57:33,935.55,346027
2021-06-08 09:57:34,935.5,346227
2021-06-08 09:57:35,935.85,346244
2021-06-08 09:57:36,935.5,346245
2021-06-08 09:57:37,935.5,346245
2021-06-08 09:57:38,935.5,346245
2021-06-08 09:57:39,935.85,346247
2021-06-08 09:57:41,935.5,346252
2021-06-08 09:57:42,935.85,346332
2021-06-08 09:57:43,935.85,346332
2021-06-08 09:57:44,935.55,346347
2021-06-08 09:57:45,935.55,346347
2021-06-08 09:57:46,935.55,346347
2021-06-08 09:57:46,935.55,346347
2021-06-08 09:57:47,935.55,346349
2021-06-08 09:57:48,935.85,346359
2021-06-08 09:57:49,935.85,346359
2021-06-08 09:57:50,935.85,346359
2021-06-08 09:57:51,935.85,346359
2021-06-08 09:57:52,935.9,346429
2021-06-08 09:57:53,935.9,346465
2021-06-08 09:57:54,935.9,346465
2021-06-08 09:57:55,935.9,346465
2021-06-08 09:57:56,935.85,346466
2021-06-08 09:57:57,935.85,346466
2021-06-08 09:58:00,935.55,346591
2021-06-08 09:58:01,935.55,346695
2021-06-08 09:58:02,935.55,346795
2021-06-08 09:58:03,935.55,346795
2021-06-08 09:58:04,935.6,346865
2021-06-08 09:58:04,935.6,346885
2021-06-08 09:58:05,935.9,346888
2021-06-08 09:58:06,935.9,346888
2021-06-08 09:58:07,935.9,346888
2021-06-08 09:58:08,935.6,346889
2021-06-08 09:58:09,935.6,346894
2021-06-08 09:58:11,935.6,346894
2021-06-08 09:58:12,935.6,346894
2021-06-08 09:58:12,935.6,346894
2021-06-08 09:58:13,935.6,346910
2021-06-08 09:58:14,935.6,346910
2021-06-08 09:58:15,935.6,346910
2021-06-08 09:58:16,935.6,346910
2021-06-08 09:58:17,935.6,346910
2021-06-08 09:58:18,935.6,346910
2021-06-08 09:58:20,935.6,346998
2021-06-08 09:58:21,935.6,347035
2021-06-08 09:58:22,935.6,347035
2021-06-08 09:58:23,935.6,347035
2021-06-08 09:58:25,935.6,347035
2021-06-08 09:58:26,935.6,347035
2021-06-08 09:58:27,935.85,347060
2021-06-08 09:58:28,935.5,347889
2021-06-08 09:58:28,935.5,347889
2021-06-08 09:58:29,935.5,347889
2021-06-08 09:58:30,935.5,348381
2021-06-08 09:58:31,935.5,348391
2021-06-08 09:58:32,935.05,349026
2021-06-08 09:58:33,935.05,349027
2021-06-08 09:58:34,935.05,349027
2021-06-08 09:58:35,935.45,349031
2021-06-08 09:58:37,935.45,349031
2021-06-08 09:58:38,935.45,349081
2021-06-08 09:58:38,935.45,349081
2021-06-08 09:58:39,935.45,349084
2021-06-08 09:58:40,935.4,349115
2021-06-08 09:58:41,935.4,349115
2021-06-08 09:58:43,935.4,349115
2021-06-08 09:58:44,935.5,349192
2021-06-08 09:58:45,935.5,349192
2021-06-08 09:58:46,935.5,349202
2021-06-08 09:58:46,935.5,349202
2021-06-08 09:58:48,935.05,349277
2021-06-08 09:58:49,935.45,349342
2021-06-08 09:58:49,935.45,349342
2021-06-08 09:58:50,935.45,349359
2021-06-08 09:58:52,935.45,349362
2021-06-08 09:58:52,935.45,349359
2021-06-08 09:58:54,935.3,349412
2021-06-08 09:58:54,935.3,349412
2021-06-08 09:58:55,935.3,349412
2021-06-08 09:58:56,935.45,349417
2021-06-08 09:58:57,935.45,349417
2021-06-08 09:58:58,935.45,349417
2021-06-08 09:58:59,935.6,349726
2021-06-08 09:59:00,935.6,349726
2021-06-08 09:59:01,935.6,349726
2021-06-08 09:59:04,935.45,349747
2021-06-08 09:59:05,935.45,349757
2021-06-08 09:59:06,935.45,349776
2021-06-08 09:59:07,935.3,349777
2021-06-08 09:59:07,935.3,349777
2021-06-08 09:59:09,935.3,349777
2021-06-08 09:59:10,935.3,349795
2021-06-08 09:59:11,935.3,349795
2021-06-08 09:59:12,935.45,349837
2021-06-08 09:59:12,935.45,349837
2021-06-08 09:59:13,935.45,349837
2021-06-08 09:59:14,935.45,349837
2021-06-08 09:59:16,935.45,349837
2021-06-08 09:59:17,935.45,349837
2021-06-08 09:59:19,935.45,349837
2021-06-08 09:59:20,935.45,349875
2021-06-08 09:59:21,935.45,349876
2021-06-08 09:59:21,935.45,349876
2021-06-08 09:59:22,935.45,349986
2021-06-08 09:59:24,935.45,349986
2021-06-08 09:59:25,935.45,349986
2021-06-08 09:59:26,935.45,349986
2021-06-08 09:59:28,935.45,349986
2021-06-08 09:59:28,935.45,349992
2021-06-08 09:59:29,935.45,349992
2021-06-08 09:59:30,935.45,350090
2021-06-08 09:59:32,935.45,350090
2021-06-08 09:59:33,935.45,350126
2021-06-08 09:59:35,935.45,350126
2021-06-08 09:59:36,935.4,350173
2021-06-08 09:59:38,935.45,350191
2021-06-08 09:59:40,935.45,350191
2021-06-08 09:59:42,935.45,350228
2021-06-08 09:59:43,935.4,350253
2021-06-08 09:59:44,935.6,350287
2021-06-08 09:59:45,935.6,350305
2021-06-08 09:59:46,935.6,350305
2021-06-08 09:59:47,935.45,350308
2021-06-08 09:59:49,935.45,350308
2021-06-08 09:59:49,935.45,350308
2021-06-08 09:59:51,935.05,351326
2021-06-08 09:59:52,935.6,351335
2021-06-08 09:59:53,935.6,351335
2021-06-08 09:59:54,935.6,351335
2021-06-08 09:59:55,935.6,351335
2021-06-08 09:59:56,935.6,351335
2021-06-08 09:59:56,935.6,351335
2021-06-08 09:59:57,935.6,351335
2021-06-08 09:59:59,935.6,351335
2021-06-08 10:00:00,935.6,351335
2021-06-08 10:00:01,935.4,351336
2021-06-08 10:00:02,935.1,351427
2021-06-08 10:00:03,935.1,351427
2021-06-08 10:00:04,935.1,351427
2021-06-08 10:00:05,935.1,351490
2021-06-08 10:00:05,935.1,351580
2021-06-08 10:00:06,935.1,351580
2021-06-08 10:00:07,935.1,351580
2021-06-08 10:00:08,935.45,351710
2021-06-08 10:00:10,935.4,351711
2021-06-08 10:00:11,935.15,351731
2021-06-08 10:00:11,935.15,351731
2021-06-08 10:00:12,935.45,351736
2021-06-08 10:00:14,935.45,351745
2021-06-08 10:00:15,935.45,351763
2021-06-08 10:00:16,935.45,351772
2021-06-08 10:00:17,935.45,352772
2021-06-08 10:00:18,935.45,352772
2021-06-08 10:00:18,936.0,357347
2021-06-08 10:00:19,936.0,357347
2021-06-08 10:00:20,936.0,357347
2021-06-08 10:00:21,936.0,357347
2021-06-08 10:00:22,935.8,357506
2021-06-08 10:00:24,935.8,357506
2021-06-08 10:00:24,935.8,357506
2021-06-08 10:00:26,935.8,357606
2021-06-08 10:00:27,935.8,357961
2021-06-08 10:00:28,935.8,357981
2021-06-08 10:00:28,935.8,357981
2021-06-08 10:00:30,936.0,357982
2021-06-08 10:00:30,936.0,357982
2021-06-08 10:00:32,936.0,357984
2021-06-08 10:00:32,936.1,357985
2021-06-08 10:00:33,936.1,357985
2021-06-08 10:00:35,936.0,358032
2021-06-08 10:00:35,936.0,358053
2021-06-08 10:00:37,936.0,358053
2021-06-08 10:00:39,936.1,358055
2021-06-08 10:00:39,936.2,358385
2021-06-08 10:00:41,936.1,358594
2021-06-08 10:00:42,936.1,358614
2021-06-08 10:00:43,936.1,358618
2021-06-08 10:00:43,936.1,358618
2021-06-08 10:00:45,936.3,358688
2021-06-08 10:00:46,936.3,358688
2021-06-08 10:00:46,936.3,358688
2021-06-08 10:00:48,936.3,358697
2021-06-08 10:00:49,936.3,358697
2021-06-08 10:00:51,936.2,358717
2021-06-08 10:00:50,936.3,358697
2021-06-08 10:00:53,936.1,358725
2021-06-08 10:00:54,936.2,358748
2021-06-08 10:00:55,936.2,358748
2021-06-08 10:00:56,936.2,358754
2021-06-08 10:00:57,936.2,358754
2021-06-08 10:00:58,936.2,358754
2021-06-08 10:00:59,936.2,358754
2021-06-08 10:00:59,936.2,358754
2021-06-08 10:01:00,936.15,358792
2021-06-08 10:01:02,936.15,358792
2021-06-08 10:01:03,936.15,358792
2021-06-08 10:01:04,936.15,358792
2021-06-08 10:01:04,936.2,358874
2021-06-08 10:01:07,936.2,358874
2021-06-08 10:01:08,936.1,359595
2021-06-08 10:01:15,935.8,360934
2021-06-08 10:01:19,935.9,360956
2021-06-08 10:01:23,935.4,361046
2021-06-08 10:01:27,935.15,361157
2021-06-08 10:01:31,935.45,361175
2021-06-08 10:01:35,935.15,361242
2021-06-08 10:01:39,935.45,361260
2021-06-08 10:01:42,935.15,361325
2021-06-08 10:01:46,935.15,361442
2021-06-08 10:01:50,935.5,361662
2021-06-08 10:01:54,934.95,362624
2021-06-08 10:01:57,935.45,362668
2021-06-08 10:02:01,935.45,362734
2021-06-08 10:02:05,935.2,362948
2021-06-08 10:02:08,935.1,362988
2021-06-08 10:02:12,935.1,362988
2021-06-08 10:02:16,935.1,363089
2021-06-08 10:02:20,935.0,363145
2021-06-08 10:02:24,935.0,363146
2021-06-08 10:02:27,935.0,363217
2021-06-08 10:02:31,935.0,363372
2021-06-08 10:02:38,934.8,363705
2021-06-08 10:02:42,934.95,363900
2021-06-08 10:02:46,934.8,364325
2021-06-08 10:02:50,934.8,364351
2021-06-08 10:02:54,934.8,364351
2021-06-08 10:02:57,934.8,364386
2021-06-08 10:03:05,935.0,364684
2021-06-08 10:03:09,935.0,364808
2021-06-08 10:03:13,935.0,364814
2021-06-08 10:03:17,935.0,364822
2021-06-08 10:03:20,934.7,365061
2021-06-08 10:03:24,934.55,365673
2021-06-08 10:03:28,935.0,365804
2021-06-08 10:03:31,935.0,365855
2021-06-08 10:03:35,935.0,365859
2021-06-08 10:03:39,935.0,365859
2021-06-08 10:03:43,934.6,366048
2021-06-08 10:03:47,935.0,366249
2021-06-08 10:03:51,935.0,366249
2021-06-08 10:03:55,934.8,366344
2021-06-08 10:03:59,934.8,366346
2021-06-08 10:04:03,934.95,366406
2021-06-08 10:04:07,934.8,366446
2021-06-08 10:04:11,934.8,366446
2021-06-08 10:04:15,934.9,366514
2021-06-08 10:04:19,934.95,366573
2021-06-08 10:04:23,934.9,366610
2021-06-08 10:04:26,934.95,366740
2021-06-08 10:04:30,934.95,366991
2021-06-08 10:04:34,934.9,367056
2021-06-08 10:04:38,934.95,367069
2021-06-08 10:04:41,934.9,367358
2021-06-08 10:04:45,934.9,367444
2021-06-08 10:04:49,934.6,367660
2021-06-08 10:04:53,934.55,367729
2021-06-08 10:04:57,934.55,368009
2021-06-08 10:05:01,934.35,369132
2021-06-08 10:05:05,934.35,369328
2021-06-08 10:05:09,934.35,370484
2021-06-08 10:05:13,934.2,370669
2021-06-08 10:05:17,934.0,373222
2021-06-08 10:05:20,933.55,373802
2021-06-08 10:05:24,933.55,373977
2021-06-08 10:05:28,933.65,373990
2021-06-08 10:05:32,933.4,374730
2021-06-08 10:05:40,933.7,375059
2021-06-08 10:05:44,933.65,375136
2021-06-08 10:05:48,934.0,375914
2021-06-08 10:05:52,934.0,376126
2021-06-08 10:05:56,934.0,376135
2021-06-08 10:05:59,934.0,376162
2021-06-08 10:06:03,933.6,376392
2021-06-08 10:06:07,934.0,376544
2021-06-08 10:06:11,933.6,376594
2021-06-08 10:06:14,933.6,376794
2021-06-08 10:06:17,934.0,376799
2021-06-08 10:06:21,933.6,376819
2021-06-08 10:06:24,933.95,376899
2021-06-08 10:06:28,933.9,376956
2021-06-08 10:06:31,933.95,376958
2021-06-08 10:06:35,934.0,377359
2021-06-08 10:06:38,933.9,377369
2021-06-08 10:06:42,934.0,377567
2021-06-08 10:06:45,934.0,377597
2021-06-08 10:06:49,933.95,377612
2021-06-08 10:06:53,934.0,377637
2021-06-08 10:06:56,933.95,377638
2021-06-08 10:07:00,934.0,377943
2021-06-08 10:07:04,933.95,377980
2021-06-08 10:07:07,933.95,378003
2021-06-08 10:07:11,934.0,378032
2021-06-08 10:07:15,933.7,378252
2021-06-08 10:07:18,934.25,381251
2021-06-08 10:07:22,934.75,381411
2021-06-08 10:07:26,934.35,381961
2021-06-08 10:07:29,934.65,381995
2021-06-08 10:07:33,934.65,382009
2021-06-08 10:07:37,934.65,382011
2021-06-08 10:07:40,934.65,382011
2021-06-08 10:07:44,934.7,382164
2021-06-08 10:07:47,934.7,382165
2021-06-08 10:07:51,934.9,382247
2021-06-08 10:07:55,934.65,382277
2021-06-08 10:07:58,934.95,382289
2021-06-08 10:08:01,935.1,382727
2021-06-08 10:08:05,935.5,382958
2021-06-08 10:08:08,935.5,383005
2021-06-08 10:08:12,935.5,383064
2021-06-08 10:08:15,935.5,383164
2021-06-08 10:08:19,935.2,383174
2021-06-08 10:08:23,935.2,383221
2021-06-08 10:08:26,935.15,383812
2021-06-08 10:08:30,935.3,383813
2021-06-08 10:08:33,935.2,383814
2021-06-08 10:08:37,935.3,384409
2021-06-08 10:08:40,935.25,384522
2021-06-08 10:08:44,935.5,384872
2021-06-08 10:08:47,935.1,386200
2021-06-08 10:08:51,935.35,386270
2021-06-08 10:08:54,934.95,386420
2021-06-08 10:08:58,935.3,386635
2021-06-08 10:09:02,935.25,386975
2021-06-08 10:09:05,935.35,386982
2021-06-08 10:09:09,935.35,386988
2021-06-08 10:09:12,935.35,386988
2021-06-08 10:09:16,935.0,387003
2021-06-08 10:09:20,935.3,387008
2021-06-08 10:09:23,935.3,387073
2021-06-08 10:09:27,935.3,387198
2021-06-08 10:09:30,935.0,387228
2021-06-08 10:09:34,935.35,387238
2021-06-08 10:09:37,935.15,387239
2021-06-08 10:09:44,935.2,387251
2021-06-08 10:09:48,935.15,387415
2021-06-08 10:09:51,935.3,387418
2021-06-08 10:09:55,935.35,387498
2021-06-08 10:09:58,934.6,389500
2021-06-08 10:10:02,934.05,389626
2021-06-08 10:10:06,934.05,389665
2021-06-08 10:10:10,934.2,389766
2021-06-08 10:10:13,934.05,389769
2021-06-08 10:10:16,934.15,389802
2021-06-08 10:10:20,933.8,390692
2021-06-08 10:10:24,933.95,390694
2021-06-08 10:10:27,933.95,390754
2021-06-08 10:10:31,933.7,391205
2021-06-08 10:10:34,933.75,392088
2021-06-08 10:10:37,933.7,392148
2021-06-08 10:10:40,933.7,392178
2021-06-08 10:10:44,933.7,392178
2021-06-08 10:10:47,933.4,392621
2021-06-08 10:10:50,933.65,393460
2021-06-08 10:10:54,933.65,393710
2021-06-08 10:10:56,933.75,394221
2021-06-08 10:11:00,933.45,398155
2021-06-08 10:11:04,933.4,398221
2021-06-08 10:11:07,933.65,399886
2021-06-08 10:11:09,933.7,400078
2021-06-08 10:11:09,933.5,400076
2021-06-08 10:11:11,933.7,400078
2021-06-08 10:11:12,933.7,400131
2021-06-08 10:11:13,933.6,400171
2021-06-08 10:11:14,933.6,400265
2021-06-08 10:11:15,933.6,400265
2021-06-08 10:11:16,933.6,400265
2021-06-08 10:11:17,933.6,400265
2021-06-08 10:11:18,933.6,400265
2021-06-08 10:11:19,933.6,400270
2021-06-08 10:11:20,933.6,400270
2021-06-08 10:11:21,933.6,400308
2021-06-08 10:11:22,933.8,400469
2021-06-08 10:11:23,933.8,400469
2021-06-08 10:11:24,933.8,400639
2021-06-08 10:11:25,934.2,400719
2021-06-08 10:11:26,934.2,400719
2021-06-08 10:11:26,934.2,400719
2021-06-08 10:11:27,934.15,400720
2021-06-08 10:11:29,934.15,400720
2021-06-08 10:11:30,934.15,400720
2021-06-08 10:11:31,933.8,400730
2021-06-08 10:11:32,934.15,400740
2021-06-08 10:11:33,934.15,400740
2021-06-08 10:11:34,934.15,400740
2021-06-08 10:11:35,934.15,400740
2021-06-08 10:11:36,934.15,400740
2021-06-08 10:11:37,933.8,400750
2021-06-08 10:11:38,933.8,400750
2021-06-08 10:11:39,933.8,400850
2021-06-08 10:11:40,934.0,400851
2021-06-08 10:11:41,934.0,400851
2021-06-08 10:11:42,934.0,400851
2021-06-08 10:11:43,934.0,400851
2021-06-08 10:11:44,933.8,400879
2021-06-08 10:11:45,933.95,400881
2021-06-08 10:11:46,933.8,400916
2021-06-08 10:11:47,933.95,400918
2021-06-08 10:11:48,933.95,400918
2021-06-08 10:11:50,933.95,400918
2021-06-08 10:11:51,933.8,400983
2021-06-08 10:11:51,933.8,400983
2021-06-08 10:11:53,933.8,400983
2021-06-08 10:11:54,933.8,401048
2021-06-08 10:11:55,934.0,402048
2021-06-08 10:11:56,934.0,402048
2021-06-08 10:11:57,934.0,402048
2021-06-08 10:11:58,933.9,406886
2021-06-08 10:11:59,933.9,406911
2021-06-08 10:12:00,933.9,406911
2021-06-08 10:12:01,933.8,406913
2021-06-08 10:12:01,933.8,406913
2021-06-08 10:12:02,933.8,406913
2021-06-08 10:12:03,933.8,406913
2021-06-08 10:12:05,933.8,406960
2021-06-08 10:12:06,933.8,406994
2021-06-08 10:12:07,933.8,406994
2021-06-08 10:12:08,933.8,406994
2021-06-08 10:12:09,934.0,407194
2021-06-08 10:12:10,933.8,407717
2021-06-08 10:12:11,933.8,407717
2021-06-08 10:12:11,933.8,407717
2021-06-08 10:12:13,933.8,407719
2021-06-08 10:12:14,933.8,407719
2021-06-08 10:12:15,933.8,407719
2021-06-08 10:12:16,933.8,407719
2021-06-08 10:12:17,933.8,407719
2021-06-08 10:12:18,933.95,407720
2021-06-08 10:12:19,933.95,407720
2021-06-08 10:12:20,933.95,407770
2021-06-08 10:12:21,933.95,407770
2021-06-08 10:12:22,933.95,407770
2021-06-08 10:12:23,933.95,407820
2021-06-08 10:12:23,933.95,407820
2021-06-08 10:12:27,933.95,407820
2021-06-08 10:12:28,933.8,407949
2021-06-08 10:12:29,933.8,407949
2021-06-08 10:12:30,933.8,407949
2021-06-08 10:12:32,933.8,407949
2021-06-08 10:12:33,933.8,407949
2021-06-08 10:12:34,933.9,408260
2021-06-08 10:12:35,933.9,408260
2021-06-08 10:12:36,933.9,408260
2021-06-08 10:12:37,933.95,408261
2021-06-08 10:12:38,934.3,408462
2021-06-08 10:12:38,934.3,408462
2021-06-08 10:12:39,933.95,408482
2021-06-08 10:12:40,933.95,408520
2021-06-08 10:12:41,933.95,408520
2021-06-08 10:12:42,933.95,408550
2021-06-08 10:12:43,933.95,408550
2021-06-08 10:12:46,933.95,408550
2021-06-08 10:12:45,933.95,408550
2021-06-08 10:12:47,933.95,408550
2021-06-08 10:12:48,933.95,408550
2021-06-08 10:12:49,933.95,408550
2021-06-08 10:12:50,934.35,408555
2021-06-08 10:12:51,934.35,408655
2021-06-08 10:12:52,934.0,408710
2021-06-08 10:12:53,934.0,408718
2021-06-08 10:12:54,934.0,408718
2021-06-08 10:12:55,933.95,409720
2021-06-08 10:12:57,933.95,409720
2021-06-08 10:12:56,933.95,409720
2021-06-08 10:12:57,933.95,409720
2021-06-08 10:12:58,933.95,409720
2021-06-08 10:13:00,933.9,409731
2021-06-08 10:13:01,933.9,409731
2021-06-08 10:13:02,934.0,409781
2021-06-08 10:13:03,934.0,409781
2021-06-08 10:13:04,933.95,409790
2021-06-08 10:13:05,933.95,409790
2021-06-08 10:13:06,934.05,409872
2021-06-08 10:13:07,934.05,409872
2021-06-08 10:13:08,934.05,409872
2021-06-08 10:13:09,934.05,409923
2021-06-08 10:13:10,934.05,409923
2021-06-08 10:13:10,934.05,409982
2021-06-08 10:13:12,934.0,409992
2021-06-08 10:13:13,934.0,409992
2021-06-08 10:13:14,933.9,410464
2021-06-08 10:13:15,933.9,410464
2021-06-08 10:13:17,933.9,410464
2021-06-08 10:13:18,933.9,410464
2021-06-08 10:13:19,933.8,410489
2021-06-08 10:13:20,933.8,410489
2021-06-08 10:13:21,933.7,410632
2021-06-08 10:13:22,933.7,410632
2021-06-08 10:13:23,933.7,410632
2021-06-08 10:13:24,934.05,410828
2021-06-08 10:13:25,934.05,410828
2021-06-08 10:13:26,933.7,414382
2021-06-08 10:13:27,933.95,414422
2021-06-08 10:13:28,933.95,414422
2021-06-08 10:13:29,933.95,414422
2021-06-08 10:13:30,933.95,414422
2021-06-08 10:13:31,934.0,414492
2021-06-08 10:13:32,934.0,414507
2021-06-08 10:13:33,934.0,414510
2021-06-08 10:13:34,934.0,414510
2021-06-08 10:13:35,933.6,415086
2021-06-08 10:13:36,933.45,415300
2021-06-08 10:13:37,933.45,415300
2021-06-08 10:13:38,933.75,418565
2021-06-08 10:13:39,933.35,418667
2021-06-08 10:13:40,933.5,418747
2021-06-08 10:13:41,933.5,418747
2021-06-08 10:13:42,933.5,418747
2021-06-08 10:13:43,933.1,419106
2021-06-08 10:13:44,933.3,419107
2021-06-08 10:13:45,933.0,419350
2021-06-08 10:13:46,933.45,419637
2021-06-08 10:13:47,933.2,419653
2021-06-08 10:13:48,933.2,419653
2021-06-08 10:13:49,933.2,419653
2021-06-08 10:13:50,933.2,419653
2021-06-08 10:13:51,933.2,419653
2021-06-08 10:13:52,933.2,419653
2021-06-08 10:13:53,933.2,419653
2021-06-08 10:13:54,933.45,419657
2021-06-08 10:13:55,933.2,419757
2021-06-08 10:13:56,933.45,419776
2021-06-08 10:13:57,933.45,419776
2021-06-08 10:13:58,933.45,419776
2021-06-08 10:13:59,933.45,419806
2021-06-08 10:14:00,933.4,419807
2021-06-08 10:14:01,933.45,419894
2021-06-08 10:14:02,933.4,420544
2021-06-08 10:14:03,933.4,420544
2021-06-08 10:14:04,933.2,420978
2021-06-08 10:14:05,933.2,420978
2021-06-08 10:14:06,933.2,420978
2021-06-08 10:14:07,933.3,421118
2021-06-08 10:14:08,933.7,421178
2021-06-08 10:14:09,933.7,421178
2021-06-08 10:14:10,933.7,421178
2021-06-08 10:14:11,933.7,421178
2021-06-08 10:14:12,933.4,421180
2021-06-08 10:14:13,933.4,421180
2021-06-08 10:14:14,933.75,421185
2021-06-08 10:14:15,933.75,421185
2021-06-08 10:14:16,933.35,421227
2021-06-08 10:14:17,933.35,421227
2021-06-08 10:14:18,933.35,421227
2021-06-08 10:14:19,933.35,421227
2021-06-08 10:14:20,933.7,421232
2021-06-08 10:14:21,933.7,421536
2021-06-08 10:14:22,933.35,421641
2021-06-08 10:14:23,933.35,421641
2021-06-08 10:14:24,933.35,421641
2021-06-08 10:14:25,933.25,421642
2021-06-08 10:14:26,933.25,421646
2021-06-08 10:14:27,933.25,421646
2021-06-08 10:14:28,933.55,421700
2021-06-08 10:14:29,933.55,421700
2021-06-08 10:14:30,933.55,421800
2021-06-08 10:14:31,933.5,421805
2021-06-08 10:14:32,933.5,421805
2021-06-08 10:14:33,933.5,421805
2021-06-08 10:14:34,933.5,421817
2021-06-08 10:14:35,933.5,421817
2021-06-08 10:14:36,933.5,421819
2021-06-08 10:14:37,933.5,421819
2021-06-08 10:14:38,933.5,421819
2021-06-08 10:14:39,933.25,421889
2021-06-08 10:14:40,933.3,421927
2021-06-08 10:14:41,933.35,422029
2021-06-08 10:14:42,933.4,422132
2021-06-08 10:14:43,933.4,422132
2021-06-08 10:14:44,933.3,422162
2021-06-08 10:14:46,933.3,422162
2021-06-08 10:14:47,933.5,422172
2021-06-08 10:14:48,933.5,422172
2021-06-08 10:14:49,933.5,422172
2021-06-08 10:14:50,933.5,422172
2021-06-08 10:14:51,933.5,422172
2021-06-08 10:14:52,933.5,422172
2021-06-08 10:14:53,933.5,422172
2021-06-08 10:14:54,933.5,422172
2021-06-08 10:14:55,933.5,422172
2021-06-08 10:14:56,933.5,422214
2021-06-08 10:14:57,933.5,422214
2021-06-08 10:14:58,933.7,422215
2021-06-08 10:14:59,933.7,422215
2021-06-08 10:15:00,933.7,422278
2021-06-08 10:15:01,933.7,422278
2021-06-08 10:15:02,933.7,422278
2021-06-08 10:15:03,933.7,422278
2021-06-08 10:15:04,933.65,422282
2021-06-08 10:15:05,933.65,422282
2021-06-08 10:15:06,933.5,422389
2021-06-08 10:15:07,933.7,422532
2021-06-08 10:15:08,933.5,422632
2021-06-08 10:15:09,933.7,422633
2021-06-08 10:15:10,933.7,422709
2021-06-08 10:15:11,933.7,422709
2021-06-08 10:15:13,933.5,422724
2021-06-08 10:15:14,933.2,423755
2021-06-08 10:15:15,933.5,423805
2021-06-08 10:15:16,933.2,423815
2021-06-08 10:15:17,933.2,423815
2021-06-08 10:15:18,933.5,423816
2021-06-08 10:15:19,933.5,423816
2021-06-08 10:15:20,933.5,423826
2021-06-08 10:15:21,933.4,426710
2021-06-08 10:15:22,933.4,426710
2021-06-08 10:15:23,933.4,426710
2021-06-08 10:15:24,933.1,426913
2021-06-08 10:15:25,933.1,426947
2021-06-08 10:15:26,933.1,426947
2021-06-08 10:15:27,933.1,426947
2021-06-08 10:15:28,933.35,426949
2021-06-08 10:15:29,933.35,426952
2021-06-08 10:15:30,933.35,426952
2021-06-08 10:15:32,933.2,426984
2021-06-08 10:15:33,933.35,426988
2021-06-08 10:15:33,933.35,426988
2021-06-08 10:15:34,933.1,427588
2021-06-08 10:15:35,933.0,429588
2021-06-08 10:15:36,933.0,429588
2021-06-08 10:15:37,933.0,429588
2021-06-08 10:15:38,933.0,429588
2021-06-08 10:15:39,933.3,429598
2021-06-08 10:15:41,933.0,431598
2021-06-08 10:15:42,933.2,431600
2021-06-08 10:15:43,933.05,433411
2021-06-08 10:15:45,933.05,433411
2021-06-08 10:15:46,933.0,433436
2021-06-08 10:15:46,933.0,433438
2021-06-08 10:15:47,932.95,434410
2021-06-08 10:15:48,933.4,434461
2021-06-08 10:15:49,933.15,434561
2021-06-08 10:15:50,933.4,434698
2021-06-08 10:15:51,933.4,434698
2021-06-08 10:15:52,933.4,434698
2021-06-08 10:15:53,933.4,434698
2021-06-08 10:15:54,933.4,434698
2021-06-08 10:15:56,933.05,435368
2021-06-08 10:15:56,933.05,435368
2021-06-08 10:15:57,933.05,435368
2021-06-08 10:15:58,933.4,435395
2021-06-08 10:15:59,933.4,435395
2021-06-08 10:16:01,933.2,435438
2021-06-08 10:16:02,933.2,435438
2021-06-08 10:16:03,933.4,435514
2021-06-08 10:16:04,933.4,435514
2021-06-08 10:16:05,933.4,435564
2021-06-08 10:16:06,933.2,435571
2021-06-08 10:16:07,933.2,435571
2021-06-08 10:16:08,933.2,435571
2021-06-08 10:16:09,933.2,435571
2021-06-08 10:16:10,933.2,435571
2021-06-08 10:16:12,933.05,435726
2021-06-08 10:16:13,932.75,439445
2021-06-08 10:16:13,932.75,439445
2021-06-08 10:16:14,932.75,439445
2021-06-08 10:16:15,932.75,439445
2021-06-08 10:16:16,932.7,439545
2021-06-08 10:16:17,932.7,439545
2021-06-08 10:16:18,932.7,439548
2021-06-08 10:16:19,932.7,439548
2021-06-08 10:16:20,932.65,439635
2021-06-08 10:16:21,933.3,439945
2021-06-08 10:16:22,933.3,439945
2021-06-08 10:16:23,933.3,439945
2021-06-08 10:16:24,932.85,439966
2021-06-08 10:16:25,932.85,439966
2021-06-08 10:16:26,932.85,439966
2021-06-08 10:16:27,932.85,439966
2021-06-08 10:16:28,932.85,439981
2021-06-08 10:16:30,932.85,439981
2021-06-08 10:16:30,932.85,439981
2021-06-08 10:16:31,932.85,439981
2021-06-08 10:16:32,932.85,439981
2021-06-08 10:16:33,933.0,439982
2021-06-08 10:16:34,933.0,439982
2021-06-08 10:16:35,933.0,439982
2021-06-08 10:16:36,933.0,439982
2021-06-08 10:16:37,933.0,439982
2021-06-08 10:16:38,933.0,439982
2021-06-08 10:16:39,933.0,439982
2021-06-08 10:16:40,932.85,440312
2021-06-08 10:16:41,932.8,440332
2021-06-08 10:16:42,932.8,440333
2021-06-08 10:16:43,932.8,440333
2021-06-08 10:16:44,932.8,440333
2021-06-08 10:16:45,932.8,440333
2021-06-08 10:16:46,933.0,440373
2021-06-08 10:16:47,933.0,440373
2021-06-08 10:16:48,933.0,440373
2021-06-08 10:16:49,932.75,440423
2021-06-08 10:16:50,932.8,440438
2021-06-08 10:16:51,932.8,440438
2021-06-08 10:16:52,933.05,440938
2021-06-08 10:16:53,933.25,440963
2021-06-08 10:16:54,933.25,440963
2021-06-08 10:16:55,933.25,440963
2021-06-08 10:16:56,933.1,440973
2021-06-08 10:16:58,933.1,440975
2021-06-08 10:16:59,933.25,440977
2021-06-08 10:17:00,933.25,440977
2021-06-08 10:17:01,933.2,441015
2021-06-08 10:17:02,933.2,441015
2021-06-08 10:17:04,933.1,441024
2021-06-08 10:17:04,933.3,441171
2021-06-08 10:17:05,933.3,441171
2021-06-08 10:17:06,933.25,441172
2021-06-08 10:17:07,933.25,441172
2021-06-08 10:17:08,933.25,441172
2021-06-08 10:17:09,933.3,441185
2021-06-08 10:17:10,933.5,441205
2021-06-08 10:17:12,933.5,441205
2021-06-08 10:17:11,933.5,441205
2021-06-08 10:17:14,933.5,441208
2021-06-08 10:17:14,933.5,441208
2021-06-08 10:17:15,933.5,441208
2021-06-08 10:17:16,933.25,441358
2021-06-08 10:17:18,933.25,441752
2021-06-08 10:17:19,933.25,441752
2021-06-08 10:17:20,932.7,442628
2021-06-08 10:17:22,932.9,442755
2021-06-08 10:17:22,932.9,442755
2021-06-08 10:17:23,932.9,442755
2021-06-08 10:17:24,932.9,442755
2021-06-08 10:17:26,932.6,442756
2021-06-08 10:17:28,932.6,442831
2021-06-08 10:17:29,932.6,442841
2021-06-08 10:17:30,932.5,442853
2021-06-08 10:17:31,932.95,442873
2021-06-08 10:17:32,932.55,442923
2021-06-08 10:17:33,933.0,443423
2021-06-08 10:17:34,932.6,443523
2021-06-08 10:17:35,932.55,443693
2021-06-08 10:17:36,932.5,443943
2021-06-08 10:17:37,933.0,443945
2021-06-08 10:17:38,933.0,443945
2021-06-08 10:17:40,933.0,443945
2021-06-08 10:17:41,932.55,444070
2021-06-08 10:17:42,932.55,444070
2021-06-08 10:17:43,932.45,444408
2021-06-08 10:17:44,932.45,444508
2021-06-08 10:17:44,932.45,444508
2021-06-08 10:17:45,932.2,444858
2021-06-08 10:17:47,932.3,445123
2021-06-08 10:17:47,932.2,445323
2021-06-08 10:17:48,932.2,445323
2021-06-08 10:17:50,932.15,445496
2021-06-08 10:17:50,932.15,445514
2021-06-08 10:17:51,932.5,445519
2021-06-08 10:17:53,932.3,445577
2021-06-08 10:17:53,932.3,445577
2021-06-08 10:17:54,932.5,445677
2021-06-08 10:17:55,932.3,445709
2021-06-08 10:17:57,932.15,445719
2021-06-08 10:17:58,932.3,445791
2021-06-08 10:17:59,932.15,445793
2021-06-08 10:17:59,932.15,445793
2021-06-08 10:18:00,932.15,445831
2021-06-08 10:18:01,932.15,445831
2021-06-08 10:18:03,932.4,446317
2021-06-08 10:18:04,932.5,446318
2021-06-08 10:18:05,932.5,446318
2021-06-08 10:18:06,932.3,446378
2021-06-08 10:18:07,932.3,446378
2021-06-08 10:18:07,932.5,446404
2021-06-08 10:18:08,932.3,446430
2021-06-08 10:18:10,932.5,446593
2021-06-08 10:18:11,932.5,446593
2021-06-08 10:18:12,932.75,446595
2021-06-08 10:18:13,932.35,446620
2021-06-08 10:18:13,932.35,446620
2021-06-08 10:18:15,932.35,446620
2021-06-08 10:18:16,932.65,446629
2021-06-08 10:18:16,932.65,446629
2021-06-08 10:18:18,932.25,447039
2021-06-08 10:18:20,932.55,447065
2021-06-08 10:18:19,932.35,447040
2021-06-08 10:18:20,932.55,447065
2021-06-08 10:18:21,932.25,447090
2021-06-08 10:18:22,932.25,447090
2021-06-08 10:18:23,932.1,447490
2021-06-08 10:18:24,932.5,447515
2021-06-08 10:18:25,932.1,447623
2021-06-08 10:18:26,932.1,447623
2021-06-08 10:18:28,932.1,447623
2021-06-08 10:18:29,932.1,447623
2021-06-08 10:18:30,932.1,447683
2021-06-08 10:18:31,932.1,447683
2021-06-08 10:18:33,932.35,447693
2021-06-08 10:18:34,932.25,447703
2021-06-08 10:18:34,932.25,447703
2021-06-08 10:18:35,932.0,448301
2021-06-08 10:18:36,932.0,448310
2021-06-08 10:18:37,932.0,448355
2021-06-08 10:18:40,932.0,448413
2021-06-08 10:18:41,932.0,448893
2021-06-08 10:18:41,932.0,448893
2021-06-08 10:18:43,932.0,449117
2021-06-08 10:18:44,932.0,449117
2021-06-08 10:18:45,932.0,451028
2021-06-08 10:18:47,932.15,451094
2021-06-08 10:18:48,932.15,451094
2021-06-08 10:18:48,932.15,451094
2021-06-08 10:18:49,932.0,451913
2021-06-08 10:18:51,932.0,451913
2021-06-08 10:18:51,932.0,451913
2021-06-08 10:18:53,931.9,452039
2021-06-08 10:18:53,932.0,452017
2021-06-08 10:18:54,931.9,452039
2021-06-08 10:18:55,931.9,452039
2021-06-08 10:18:56,931.9,452039
2021-06-08 10:18:58,931.9,452039
2021-06-08 10:18:58,932.0,453277
2021-06-08 10:18:59,932.0,453277
2021-06-08 10:19:00,931.95,453314
2021-06-08 10:19:02,931.85,453315
2021-06-08 10:19:02,931.85,453315
2021-06-08 10:19:03,931.85,453324
2021-06-08 10:19:04,931.85,453324
2021-06-08 10:19:05,931.85,453324
2021-06-08 10:19:07,931.85,453333
2021-06-08 10:19:07,931.85,453333
2021-06-08 10:19:08,931.85,453363
2021-06-08 10:19:10,931.85,453363
2021-06-08 10:19:11,931.85,453363
2021-06-08 10:19:12,931.85,453368
2021-06-08 10:19:13,932.0,453488
2021-06-08 10:19:14,931.85,453518
2021-06-08 10:19:15,931.85,453518
2021-06-08 10:19:16,931.85,453518
2021-06-08 10:19:17,931.9,453523
2021-06-08 10:19:17,931.9,453523
2021-06-08 10:19:18,932.0,453533
2021-06-08 10:19:19,932.0,453533
2021-06-08 10:19:20,931.9,453671
2021-06-08 10:19:21,931.95,453672
2021-06-08 10:19:22,932.25,453972
2021-06-08 10:19:23,932.25,453972
2021-06-08 10:19:25,932.2,453974
2021-06-08 10:19:26,932.0,454474
2021-06-08 10:19:27,932.0,454474
2021-06-08 10:19:27,932.0,454474
2021-06-08 10:19:28,932.35,454484
2021-06-08 10:19:30,932.35,454484
2021-06-08 10:19:30,932.35,454484
2021-06-08 10:19:31,932.35,454484
2021-06-08 10:19:32,932.35,454484
2021-06-08 10:19:33,932.35,454485
2021-06-08 10:19:34,932.35,454576
2021-06-08 10:19:36,932.35,454581
2021-06-08 10:19:36,932.35,454581
2021-06-08 10:19:37,932.35,454583
2021-06-08 10:19:39,932.25,454596
2021-06-08 10:19:39,932.35,454597
2021-06-08 10:19:40,932.35,455165
2021-06-08 10:19:41,932.35,455165
2021-06-08 10:19:42,932.35,455165
2021-06-08 10:19:44,932.35,455315
2021-06-08 10:19:45,932.35,455315
2021-06-08 10:19:47,932.1,455882
2021-06-08 10:19:48,932.1,455882
2021-06-08 10:19:49,932.35,455982
2021-06-08 10:19:50,932.5,456007
2021-06-08 10:19:51,932.5,456007
2021-06-08 10:19:52,932.5,456007
2021-06-08 10:19:52,932.5,456007
2021-06-08 10:19:53,932.5,456032
2021-06-08 10:19:54,932.5,456032
2021-06-08 10:19:55,932.2,456132
2021-06-08 10:19:56,932.2,456132
2021-06-08 10:19:57,932.5,456157
2021-06-08 10:19:58,932.35,456382
2021-06-08 10:19:59,932.35,456382
2021-06-08 10:20:01,932.3,456384
2021-06-08 10:20:02,932.3,456384
2021-06-08 10:20:03,932.1,456412
2021-06-08 10:20:03,932.45,456712
2021-06-08 10:20:05,932.45,456712
2021-06-08 10:20:06,932.45,456812
2021-06-08 10:20:07,932.1,457016
2021-06-08 10:20:08,932.4,457025
2021-06-08 10:20:08,932.4,457025
2021-06-08 10:20:09,932.4,457025
2021-06-08 10:20:10,932.4,457025
2021-06-08 10:20:11,932.4,457026
2021-06-08 10:20:12,932.1,457081
2021-06-08 10:20:13,932.1,457081
2021-06-08 10:20:14,932.1,457081
2021-06-08 10:20:15,932.4,457082
2021-06-08 10:20:16,932.1,457108
2021-06-08 10:20:18,932.1,457108
2021-06-08 10:20:18,932.1,457111
2021-06-08 10:20:19,932.4,457241
2021-06-08 10:20:20,932.4,457241
2021-06-08 10:20:22,932.4,457241
2021-06-08 10:20:22,932.4,457241
2021-06-08 10:20:24,932.0,457266
2021-06-08 10:20:25,932.0,457266
2021-06-08 10:20:26,932.05,457303
2021-06-08 10:20:27,932.05,457304
2021-06-08 10:20:28,932.35,457305
2021-06-08 10:20:29,932.35,457305
2021-06-08 10:20:30,932.35,457305
2021-06-08 10:20:31,932.1,457325
2021-06-08 10:20:32,932.1,457325
2021-06-08 10:20:33,932.35,457326
2021-06-08 10:20:34,932.15,457328
2021-06-08 10:20:35,932.15,457328
2021-06-08 10:20:36,932.2,457578
2021-06-08 10:20:37,932.2,457578
2021-06-08 10:20:38,932.2,457578
2021-06-08 10:20:39,932.2,457578
2021-06-08 10:20:40,932.5,457579
2021-06-08 10:20:41,932.1,457835
2021-06-08 10:20:42,932.1,457835
2021-06-08 10:20:42,932.1,457835
2021-06-08 10:20:43,932.5,457965
2021-06-08 10:20:44,932.2,457967
2021-06-08 10:20:45,932.2,457967
2021-06-08 10:20:47,932.5,457968
2021-06-08 10:20:48,932.2,458088
2021-06-08 10:20:49,932.2,458088
2021-06-08 10:20:49,932.2,458088
2021-06-08 10:20:50,932.2,458088
2021-06-08 10:20:51,932.4,458590
2021-06-08 10:20:52,932.4,458590
2021-06-08 10:20:53,932.4,458590
2021-06-08 10:20:54,932.4,458590
2021-06-08 10:20:55,932.15,458740
2021-06-08 10:20:56,932.15,458740
2021-06-08 10:20:57,932.15,458740
2021-06-08 10:20:58,932.15,458740
2021-06-08 10:21:00,932.4,458749
2021-06-08 10:21:01,932.2,458779
2021-06-08 10:21:02,932.2,458779
2021-06-08 10:21:03,932.2,458779
2021-06-08 10:21:04,932.2,458779
2021-06-08 10:21:04,932.2,458779
2021-06-08 10:21:05,932.2,458792
2021-06-08 10:21:06,932.2,458792
2021-06-08 10:21:07,932.1,459018
2021-06-08 10:21:09,932.1,459018
2021-06-08 10:21:10,932.1,459018
2021-06-08 10:21:10,932.1,459018
2021-06-08 10:21:11,932.1,459018
2021-06-08 10:21:12,932.4,459120
2021-06-08 10:21:13,932.35,459173
2021-06-08 10:21:14,932.35,459173
2021-06-08 10:21:16,932.35,459173
2021-06-08 10:21:17,932.45,459344
2021-06-08 10:21:18,932.45,459344
2021-06-08 10:21:18,932.45,459344
2021-06-08 10:21:19,932.1,459369
2021-06-08 10:21:21,932.45,459418
2021-06-08 10:21:22,932.45,459498
2021-06-08 10:21:22,932.45,459498
2021-06-08 10:21:24,932.45,459528
2021-06-08 10:21:25,932.5,459538
2021-06-08 10:21:25,932.5,459538
2021-06-08 10:21:26,932.2,459548
2021-06-08 10:21:27,932.2,459548
2021-06-08 10:21:29,932.5,459598
2021-06-08 10:21:31,932.5,459643
2021-06-08 10:21:32,932.5,459643
2021-06-08 10:21:33,932.5,459648
2021-06-08 10:21:33,932.5,459648
2021-06-08 10:21:35,932.5,459648
2021-06-08 10:21:36,932.5,459648
2021-06-08 10:21:37,932.5,459693
2021-06-08 10:21:38,932.5,459693
2021-06-08 10:21:38,932.5,459693
2021-06-08 10:21:40,932.5,459693
2021-06-08 10:21:41,932.5,459693
2021-06-08 10:21:42,932.45,459695
2021-06-08 10:21:43,932.25,459735
2021-06-08 10:21:44,932.25,459735
2021-06-08 10:21:45,932.25,459735
2021-06-08 10:21:46,932.5,459788
2021-06-08 10:21:47,932.5,459788
2021-06-08 10:21:48,932.25,459840
2021-06-08 10:21:48,932.25,459840
2021-06-08 10:21:49,932.25,459845
2021-06-08 10:21:50,932.25,459875
2021-06-08 10:21:51,932.25,459875
2021-06-08 10:21:52,932.15,459888
2021-06-08 10:21:54,932.5,460013
2021-06-08 10:21:55,932.2,460028
2021-06-08 10:21:56,932.15,460158
2021-06-08 10:21:57,932.1,460168
2021-06-08 10:21:58,932.1,460168
2021-06-08 10:21:59,932.1,460168
2021-06-08 10:22:00,932.5,460178
2021-06-08 10:22:01,932.5,460178
2021-06-08 10:22:02,932.25,460278
2021-06-08 10:22:03,932.25,460278
2021-06-08 10:22:04,932.5,460527
2021-06-08 10:22:05,932.5,460527
2021-06-08 10:22:05,932.5,460527
2021-06-08 10:22:06,932.45,460537
2021-06-08 10:22:07,932.45,460601
2021-06-08 10:22:09,932.1,460611
2021-06-08 10:22:10,932.1,460611
2021-06-08 10:22:11,932.1,460611
2021-06-08 10:22:11,932.15,460641
2021-06-08 10:22:13,932.45,460675
2021-06-08 10:22:14,932.45,460675
2021-06-08 10:22:15,932.45,460675
2021-06-08 10:22:15,932.45,460725
2021-06-08 10:22:17,932.1,460766
2021-06-08 10:22:18,932.4,460767
2021-06-08 10:22:19,932.4,460767
2021-06-08 10:22:21,932.4,460767
2021-06-08 10:22:22,932.4,460767
2021-06-08 10:22:23,932.05,462363
2021-06-08 10:22:24,932.2,462364
2021-06-08 10:22:25,932.05,462788
2021-06-08 10:22:26,932.05,462788
2021-06-08 10:22:27,932.05,462788
2021-06-08 10:22:28,932.05,462788
2021-06-08 10:22:29,932.3,462808
2021-06-08 10:22:30,932.05,462818
2021-06-08 10:22:31,932.15,464533
2021-06-08 10:22:32,932.15,464533
2021-06-08 10:22:33,932.3,464544
2021-06-08 10:22:34,932.3,464544
2021-06-08 10:22:35,932.3,464544
2021-06-08 10:22:36,932.3,464544
2021-06-08 10:22:37,932.3,464544
2021-06-08 10:22:38,932.35,464545
2021-06-08 10:22:39,932.35,464545
2021-06-08 10:22:40,932.3,464546
2021-06-08 10:22:41,932.3,464546
2021-06-08 10:22:42,932.3,464546
2021-06-08 10:22:43,932.3,464586
2021-06-08 10:22:43,932.3,464586
2021-06-08 10:22:44,932.35,464614
2021-06-08 10:22:45,932.3,464638
2021-06-08 10:22:47,932.3,464638
2021-06-08 10:22:47,932.3,464638
2021-06-08 10:22:49,932.3,464638
2021-06-08 10:22:50,932.3,464688
2021-06-08 10:22:51,932.3,464758
2021-06-08 10:22:52,932.3,464758
2021-06-08 10:22:54,932.3,464758
2021-06-08 10:22:55,932.35,464777
2021-06-08 10:22:57,932.3,464799
2021-06-08 10:22:58,932.35,464809
2021-06-08 10:22:59,932.35,464831
2021-06-08 10:23:00,932.3,464878
2021-06-08 10:23:01,932.45,464893
2021-06-08 10:23:02,932.45,464893
2021-06-08 10:23:02,932.45,464895
2021-06-08 10:23:03,932.45,464895
2021-06-08 10:23:05,932.45,464895
2021-06-08 10:23:06,932.45,464895
2021-06-08 10:23:06,932.45,464895
2021-06-08 10:23:07,932.45,464899
2021-06-08 10:23:08,932.45,464899
2021-06-08 10:23:10,932.45,464899
2021-06-08 10:23:11,932.45,464899
2021-06-08 10:23:12,932.45,464899
2021-06-08 10:23:13,932.45,464914
2021-06-08 10:23:14,932.35,464919
2021-06-08 10:23:15,932.7,465649
2021-06-08 10:23:16,932.7,465649
2021-06-08 10:23:17,932.95,465660
2021-06-08 10:23:18,932.95,465660
2021-06-08 10:23:19,932.95,465660
2021-06-08 10:23:20,932.95,465660
2021-06-08 10:23:21,932.95,465660
2021-06-08 10:23:24,932.95,465660
2021-06-08 10:23:23,932.95,465660
2021-06-08 10:23:25,932.95,465660
2021-06-08 10:23:26,932.7,465698
2021-06-08 10:23:27,932.7,465698
2021-06-08 10:23:28,932.7,465698
2021-06-08 10:23:29,932.7,465698
2021-06-08 10:23:30,932.7,465698
2021-06-08 10:23:31,932.7,465698
2021-06-08 10:23:32,932.7,465748
2021-06-08 10:23:33,932.9,465750
2021-06-08 10:23:33,932.9,465750
2021-06-08 10:23:34,932.75,465756
2021-06-08 10:23:35,932.75,465822
2021-06-08 10:23:36,932.75,465822
2021-06-08 10:23:38,932.75,465822
2021-06-08 10:23:38,932.9,465828
2021-06-08 10:23:40,933.2,467235
2021-06-08 10:23:41,933.15,467245
2021-06-08 10:23:42,933.15,467245
2021-06-08 10:23:43,933.15,467245
2021-06-08 10:23:44,933.1,467263
2021-06-08 10:23:44,933.1,467263
2021-06-08 10:23:45,933.1,467282
2021-06-08 10:23:46,933.1,467282
2021-06-08 10:23:47,933.1,467643
2021-06-08 10:23:49,933.1,467648
2021-06-08 10:23:50,933.1,467657
2021-06-08 10:23:51,933.1,467657
2021-06-08 10:23:52,933.1,467657
2021-06-08 10:23:53,933.35,467671
2021-06-08 10:23:54,933.1,467681
2021-06-08 10:23:55,933.1,467690
2021-06-08 10:23:57,933.1,467690
2021-06-08 10:23:58,933.1,467713
2021-06-08 10:23:59,933.1,467721
2021-06-08 10:24:00,933.1,467721
2021-06-08 10:24:01,933.1,467759
2021-06-08 10:24:02,933.1,467760
2021-06-08 10:24:03,933.1,467760
2021-06-08 10:24:04,933.1,467760
2021-06-08 10:24:05,933.3,467810
2021-06-08 10:24:06,933.1,467811
2021-06-08 10:24:07,933.1,467811
2021-06-08 10:24:08,933.35,467813
2021-06-08 10:24:09,933.35,467813
2021-06-08 10:24:10,933.35,467813
2021-06-08 10:24:11,933.35,467813
2021-06-08 10:24:12,933.35,467823
2021-06-08 10:24:13,933.35,467823
2021-06-08 10:24:14,933.1,467832
2021-06-08 10:24:15,933.3,467958
2021-06-08 10:24:16,933.3,467958
2021-06-08 10:24:17,933.3,467958
2021-06-08 10:24:18,933.3,467958
2021-06-08 10:24:19,933.3,467958
2021-06-08 10:24:20,933.4,467985
2021-06-08 10:24:21,933.0,468397
2021-06-08 10:24:22,933.0,468397
2021-06-08 10:24:23,933.5,468417
2021-06-08 10:24:24,933.5,468417
2021-06-08 10:24:25,933.5,468417
2021-06-08 10:24:27,933.35,468418
2021-06-08 10:24:28,933.1,468747
2021-06-08 10:24:29,933.1,468747
2021-06-08 10:24:30,933.1,468747
2021-06-08 10:24:31,933.1,468747
2021-06-08 10:24:32,933.1,468747
2021-06-08 10:24:33,933.1,468747
2021-06-08 10:24:34,933.1,468747
2021-06-08 10:24:35,933.1,468747
2021-06-08 10:24:36,933.0,468773
2021-06-08 10:24:37,933.15,468778
2021-06-08 10:24:38,933.15,468778
2021-06-08 10:24:39,933.15,468778
2021-06-08 10:24:40,933.15,468778
2021-06-08 10:24:41,933.15,468778
2021-06-08 10:24:42,933.15,468778
2021-06-08 10:24:43,933.0,468779
2021-06-08 10:24:44,933.1,468783
2021-06-08 10:24:45,933.0,471876
2021-06-08 10:24:46,933.0,471876
2021-06-08 10:24:47,933.1,471882
2021-06-08 10:24:48,933.1,471882
2021-06-08 10:24:49,933.1,471890
2021-06-08 10:24:50,933.1,471890
2021-06-08 10:24:51,933.1,471890
2021-06-08 10:24:52,933.1,471890
2021-06-08 10:24:53,933.1,471890
2021-06-08 10:24:54,933.2,471895
2021-06-08 10:24:55,933.2,471895
2021-06-08 10:24:56,933.2,471895
2021-06-08 10:24:57,933.2,471895
2021-06-08 10:24:58,933.2,471895
2021-06-08 10:24:59,933.2,471895
2021-06-08 10:25:00,933.1,471935
2021-06-08 10:25:01,933.1,471935
2021-06-08 10:25:02,933.5,472075
2021-06-08 10:25:03,933.5,472075
2021-06-08 10:25:04,933.5,472075
2021-06-08 10:25:05,933.5,472075
2021-06-08 10:25:06,933.5,472079
2021-06-08 10:25:07,933.5,472104
2021-06-08 10:25:08,933.5,472104
2021-06-08 10:25:09,933.5,472104
2021-06-08 10:25:10,933.5,472104
2021-06-08 10:25:11,933.5,472104
2021-06-08 10:25:12,933.5,472104
2021-06-08 10:25:13,933.5,472149
2021-06-08 10:25:14,933.5,472149
2021-06-08 10:25:15,933.3,472159
2021-06-08 10:25:16,933.55,472690
2021-06-08 10:25:17,933.35,472691
2021-06-08 10:25:19,933.35,472691
2021-06-08 10:25:20,933.45,472729
2021-06-08 10:25:21,933.65,472732
2021-06-08 10:25:22,933.65,472732
2021-06-08 10:25:23,933.65,472732
2021-06-08 10:25:24,933.65,472733
2021-06-08 10:25:25,933.75,472891
2021-06-08 10:25:26,933.75,472891
2021-06-08 10:25:27,933.75,472921
2021-06-08 10:25:28,933.75,472921
2021-06-08 10:25:29,933.75,472922
2021-06-08 10:25:30,933.75,472922
2021-06-08 10:25:31,933.75,472922
2021-06-08 10:25:32,933.7,472932
2021-06-08 10:25:33,933.7,472932
2021-06-08 10:25:34,933.7,472932
2021-06-08 10:25:35,933.75,473176
2021-06-08 10:25:36,933.75,473176
2021-06-08 10:25:37,933.75,473232
2021-06-08 10:25:38,933.7,473242
2021-06-08 10:25:39,933.7,473242
2021-06-08 10:25:40,934.0,473833
2021-06-08 10:25:41,933.7,473841
2021-06-08 10:25:42,933.95,473878
2021-06-08 10:25:43,934.0,473953
2021-06-08 10:25:44,934.0,473953
2021-06-08 10:25:45,933.7,474040
2021-06-08 10:25:46,934.0,474090
2021-06-08 10:25:47,934.0,474098
2021-06-08 10:25:49,934.0,474115
2021-06-08 10:25:50,934.0,474115
2021-06-08 10:25:51,934.0,474115
2021-06-08 10:25:52,934.0,474215
2021-06-08 10:25:53,934.0,474215
2021-06-08 10:25:54,934.0,474215
2021-06-08 10:25:55,934.0,474215
2021-06-08 10:25:57,934.0,474225
2021-06-08 10:25:58,934.0,474225
2021-06-08 10:26:00,933.8,474313
2021-06-08 10:26:00,934.05,474863
2021-06-08 10:26:01,934.05,474863
2021-06-08 10:26:02,934.05,474863
2021-06-08 10:26:03,934.05,474863
2021-06-08 10:26:04,934.1,474864
2021-06-08 10:26:05,934.15,474874
2021-06-08 10:26:06,934.15,474874
2021-06-08 10:26:07,934.2,474879
2021-06-08 10:26:08,934.2,474879
2021-06-08 10:26:10,934.4,475030
2021-06-08 10:26:11,934.15,475032
2021-06-08 10:26:12,934.15,475087
2021-06-08 10:26:13,934.15,475087
2021-06-08 10:26:14,934.15,475087
2021-06-08 10:26:15,934.45,475095
2021-06-08 10:26:16,934.15,475098
2021-06-08 10:26:17,934.15,475346
2021-06-08 10:26:18,934.15,475346
2021-06-08 10:26:19,934.25,475366
2021-06-08 10:26:20,934.25,475396
2021-06-08 10:26:21,934.25,475396
2021-06-08 10:26:22,934.25,475396
2021-06-08 10:26:24,934.2,475400
2021-06-08 10:26:24,934.2,475400
2021-06-08 10:26:25,934.2,475400
2021-06-08 10:26:26,934.2,475486
2021-06-08 10:26:27,934.15,475589
2021-06-08 10:26:28,933.7,475961
2021-06-08 10:26:29,933.7,475961
2021-06-08 10:26:30,933.7,475994
2021-06-08 10:26:31,933.65,476020
2021-06-08 10:26:32,933.65,476020
2021-06-08 10:26:33,933.65,476020
2021-06-08 10:26:34,933.65,476020
2021-06-08 10:26:35,933.65,476025
2021-06-08 10:26:37,934.0,476032
2021-06-08 10:26:38,934.0,476037
2021-06-08 10:26:39,934.0,476037
2021-06-08 10:26:40,933.65,476055
2021-06-08 10:26:41,933.65,476055
2021-06-08 10:26:42,933.65,476055
2021-06-08 10:26:44,934.0,476155
2021-06-08 10:26:44,934.0,476155
2021-06-08 10:26:45,933.55,476207
2021-06-08 10:26:46,933.55,476214
2021-06-08 10:26:47,933.55,476214
2021-06-08 10:26:48,933.9,476270
2021-06-08 10:26:49,934.0,476284
2021-06-08 10:26:50,933.7,476304
2021-06-08 10:26:51,934.0,476306
2021-06-08 10:26:52,934.0,476306
2021-06-08 10:26:54,934.0,476306
2021-06-08 10:26:55,933.7,476401
2021-06-08 10:26:56,933.7,476401
2021-06-08 10:26:57,934.0,476403
2021-06-08 10:26:58,934.0,476403
2021-06-08 10:26:59,934.0,476416
2021-06-08 10:27:00,934.0,476416
2021-06-08 10:27:01,934.0,476416
2021-06-08 10:27:02,933.7,476419
2021-06-08 10:27:03,934.05,476534
2021-06-08 10:27:04,934.05,476538
2021-06-08 10:27:05,934.05,476538
2021-06-08 10:27:06,934.05,476538
2021-06-08 10:27:07,934.1,476551
2021-06-08 10:27:08,934.1,476551
2021-06-08 10:27:09,934.1,476551
2021-06-08 10:27:10,934.0,476651
2021-06-08 10:27:11,934.0,476661
2021-06-08 10:27:12,934.0,476661
2021-06-08 10:27:13,934.0,476661
2021-06-08 10:27:14,934.0,476673
2021-06-08 10:27:15,933.85,476701
2021-06-08 10:27:16,934.2,478360
2021-06-08 10:27:17,934.2,478360
2021-06-08 10:27:18,934.2,478360
2021-06-08 10:27:19,934.2,478360
2021-06-08 10:27:20,934.25,478369
2021-06-08 10:27:21,934.25,478407
2021-06-08 10:27:22,934.25,478407
2021-06-08 10:27:23,934.25,478407
2021-06-08 10:27:24,934.25,478407
2021-06-08 10:27:25,934.3,478582
2021-06-08 10:27:26,934.3,478582
2021-06-08 10:27:27,934.3,478582
2021-06-08 10:27:28,934.25,479007
2021-06-08 10:27:30,934.15,479254
2021-06-08 10:27:31,934.15,479254
2021-06-08 10:27:31,934.15,479254
2021-06-08 10:27:32,934.25,479358
2021-06-08 10:27:33,934.25,479363
2021-06-08 10:27:34,934.15,479528
2021-06-08 10:27:35,934.15,479528
2021-06-08 10:27:37,934.1,479580
2021-06-08 10:27:38,934.65,479610
2021-06-08 10:27:39,934.65,479610
2021-06-08 10:27:40,934.65,479625
2021-06-08 10:27:41,934.65,479625
2021-06-08 10:27:42,934.65,479625
2021-06-08 10:27:43,934.65,479625
2021-06-08 10:27:44,934.65,479625
2021-06-08 10:27:45,934.2,479750
2021-06-08 10:27:46,934.2,479750
2021-06-08 10:27:47,934.65,479777
2021-06-08 10:27:48,934.65,479777
2021-06-08 10:27:49,934.65,479777
2021-06-08 10:27:50,934.65,479777
2021-06-08 10:27:51,934.2,479779
2021-06-08 10:27:52,934.2,479789
2021-06-08 10:27:53,934.65,479794
2021-06-08 10:27:54,934.65,479794
2021-06-08 10:27:55,934.65,479794
2021-06-08 10:27:56,934.65,479794
2021-06-08 10:27:57,934.65,479794
2021-06-08 10:27:58,934.65,479794
2021-06-08 10:27:59,934.2,479814
2021-06-08 10:28:00,934.25,479943
2021-06-08 10:28:01,934.25,479943
2021-06-08 10:28:02,934.25,479943
2021-06-08 10:28:03,934.65,479968
2021-06-08 10:28:04,934.65,479969
2021-06-08 10:28:05,934.65,479969
2021-06-08 10:28:06,934.25,480039
2021-06-08 10:28:07,934.65,480089
2021-06-08 10:28:08,934.65,480089
2021-06-08 10:28:09,934.65,480089
2021-06-08 10:28:10,934.65,480089
2021-06-08 10:28:11,934.65,480089
2021-06-08 10:28:12,934.65,480089
2021-06-08 10:28:13,934.65,480089
2021-06-08 10:28:14,934.65,480092
2021-06-08 10:28:15,934.4,480177
2021-06-08 10:28:16,934.4,480177
2021-06-08 10:28:17,934.4,480178
2021-06-08 10:28:18,934.4,480178
2021-06-08 10:28:19,934.75,480278
2021-06-08 10:28:20,934.75,480278
2021-06-08 10:28:22,934.45,480281
2021-06-08 10:28:21,934.45,480281
2021-06-08 10:28:23,934.45,480281
2021-06-08 10:28:24,934.7,480291
2021-06-08 10:28:25,934.45,480319
2021-06-08 10:28:26,934.7,480334
2021-06-08 10:28:27,934.7,480334
2021-06-08 10:28:28,934.45,480351
2021-06-08 10:28:29,934.45,480351
2021-06-08 10:28:30,934.45,480423
2021-06-08 10:28:31,934.75,480435
2021-06-08 10:28:32,934.8,480536
2021-06-08 10:28:34,934.8,480536
2021-06-08 10:28:33,934.8,480536
2021-06-08 10:28:35,934.75,480736
2021-06-08 10:28:36,934.8,480886
2021-06-08 10:28:37,934.8,480886
2021-06-08 10:28:38,934.5,480910
2021-06-08 10:28:39,934.5,480910
2021-06-08 10:28:40,934.45,480995
2021-06-08 10:28:41,934.45,480995
2021-06-08 10:28:42,934.45,481095
2021-06-08 10:28:43,934.5,481136
2021-06-08 10:28:44,934.5,481136
2021-06-08 10:28:45,934.5,481136
2021-06-08 10:28:46,934.5,481136
2021-06-08 10:28:47,934.45,481383
2021-06-08 10:28:48,934.4,481483
2021-06-08 10:28:49,934.75,481488
2021-06-08 10:28:50,934.75,481488
2021-06-08 10:28:51,934.5,481518
2021-06-08 10:28:53,934.5,481518
2021-06-08 10:28:54,934.5,481518
2021-06-08 10:28:54,934.8,481768
2021-06-08 10:28:55,934.8,481769
2021-06-08 10:28:56,934.8,481769
2021-06-08 10:28:57,934.8,481769
2021-06-08 10:28:58,934.8,481769
2021-06-08 10:28:59,934.5,481836
2021-06-08 10:29:00,934.5,481836
2021-06-08 10:29:01,934.5,481836
2021-06-08 10:29:02,934.5,481836
2021-06-08 10:29:03,934.5,481836
2021-06-08 10:29:04,934.45,481840
2021-06-08 10:29:05,934.5,481953
2021-06-08 10:29:06,934.5,482018
2021-06-08 10:29:07,934.5,482018
2021-06-08 10:29:09,934.5,482018
2021-06-08 10:29:10,934.5,482018
2021-06-08 10:29:10,934.5,482018
2021-06-08 10:29:11,934.5,482019
2021-06-08 10:29:12,934.5,482069
2021-06-08 10:29:13,934.5,482069
2021-06-08 10:29:14,934.4,482080
2021-06-08 10:29:15,934.4,482080
2021-06-08 10:29:16,934.4,482080
2021-06-08 10:29:17,934.4,482105
2021-06-08 10:29:19,934.4,482105
2021-06-08 10:29:20,934.7,482836
2021-06-08 10:29:20,934.2,482747
2021-06-08 10:29:21,934.7,482836
2021-06-08 10:29:22,934.7,482836
2021-06-08 10:29:23,934.7,482836
2021-06-08 10:29:24,934.7,482836
2021-06-08 10:29:25,934.7,482836
2021-06-08 10:29:26,934.8,482938
2021-06-08 10:29:27,934.8,482938
2021-06-08 10:29:28,934.8,482938
2021-06-08 10:29:29,934.8,482938
2021-06-08 10:29:30,934.8,482938
2021-06-08 10:29:31,934.8,482938
2021-06-08 10:29:32,934.8,482939
2021-06-08 10:29:33,934.8,482939
2021-06-08 10:29:35,934.8,482939
2021-06-08 10:29:36,934.8,482939
2021-06-08 10:29:37,934.5,483039
2021-06-08 10:29:38,934.5,483039
2021-06-08 10:29:39,934.5,483039
2021-06-08 10:29:40,934.5,483097
2021-06-08 10:29:42,934.45,483134
2021-06-08 10:29:42,934.45,483134
2021-06-08 10:29:43,934.45,483139
2021-06-08 10:29:44,934.5,483171
2021-06-08 10:29:45,934.5,483171
2021-06-08 10:29:46,934.5,483171
2021-06-08 10:29:47,934.5,483171
2021-06-08 10:29:48,934.8,483206
2021-06-08 10:29:49,934.75,483247
2021-06-08 10:29:50,934.75,483247
2021-06-08 10:29:51,934.75,483247
2021-06-08 10:29:52,934.5,483251
2021-06-08 10:29:53,934.45,483273
2021-06-08 10:29:54,934.8,483329
2021-06-08 10:29:55,934.8,483332
2021-06-08 10:29:57,934.8,483332
2021-06-08 10:29:58,934.8,483332
2021-06-08 10:29:58,934.8,483332
2021-06-08 10:29:59,934.8,483332
2021-06-08 10:30:00,934.45,483457
2021-06-08 10:30:01,934.75,483517
2021-06-08 10:30:02,934.75,483587
2021-06-08 10:30:04,934.8,483687
2021-06-08 10:30:06,934.8,483687
2021-06-08 10:30:07,934.8,483687
2021-06-08 10:30:09,934.85,483688
2021-06-08 10:30:10,934.85,483688
2021-06-08 10:30:10,934.85,483688
2021-06-08 10:30:11,934.85,483688
2021-06-08 10:30:12,934.75,483795
2021-06-08 10:30:13,934.8,483895
2021-06-08 10:30:14,934.5,483924
2021-06-08 10:30:15,934.45,484055
2021-06-08 10:30:16,934.45,484055
2021-06-08 10:30:17,934.45,484055
2021-06-08 10:30:18,934.5,484060
2021-06-08 10:30:19,934.5,484060
2021-06-08 10:30:20,934.4,484103
2021-06-08 10:30:22,934.4,484103
2021-06-08 10:30:23,934.4,484103
2021-06-08 10:30:24,934.4,484108
2021-06-08 10:30:24,934.5,484113
2021-06-08 10:30:25,934.1,484213
2021-06-08 10:30:26,934.1,484213
2021-06-08 10:30:27,934.1,484213
2021-06-08 10:30:28,934.5,484221
2021-06-08 10:30:29,934.6,484322
2021-06-08 10:30:30,934.6,484322
2021-06-08 10:30:31,934.6,484322
2021-06-08 10:30:32,934.6,484322
2021-06-08 10:30:33,934.1,484332
2021-06-08 10:30:34,934.6,484713
2021-06-08 10:30:35,934.6,484713
2021-06-08 10:30:36,934.6,484713
2021-06-08 10:30:37,934.55,484803
2021-06-08 10:30:38,934.55,484803
2021-06-08 10:30:40,934.55,484803
2021-06-08 10:30:40,934.55,484803
2021-06-08 10:30:41,934.55,484803
2021-06-08 10:30:42,934.15,484808
2021-06-08 10:30:43,934.15,484809
2021-06-08 10:30:45,934.15,484934
2021-06-08 10:30:45,934.15,484934
2021-06-08 10:30:47,934.5,484935
2021-06-08 10:30:48,934.15,484960
2021-06-08 10:30:49,934.15,484985
2021-06-08 10:30:49,934.15,484985
2021-06-08 10:30:50,934.15,484985
2021-06-08 10:30:51,934.15,484985
2021-06-08 10:30:52,934.15,484985
2021-06-08 10:30:53,934.15,484985
2021-06-08 10:30:54,934.15,485072
2021-06-08 10:30:55,934.15,485072
2021-06-08 10:30:56,934.15,485090
2021-06-08 10:30:57,934.15,485090
2021-06-08 10:30:59,934.15,485090
2021-06-08 10:30:59,934.45,485125
2021-06-08 10:31:00,934.45,485125
2021-06-08 10:31:01,934.0,485825
2021-06-08 10:31:03,934.0,485825
2021-06-08 10:31:04,934.0,485825
2021-06-08 10:31:03,934.0,485825
2021-06-08 10:31:06,934.4,485898
2021-06-08 10:31:05,934.15,485848
2021-06-08 10:31:07,934.4,485898
2021-06-08 10:31:10,934.4,485898
2021-06-08 10:31:15,934.0,485995
2021-06-08 10:31:18,934.0,485995
2021-06-08 10:31:20,934.4,486004
2021-06-08 10:31:23,934.4,486004
2021-06-08 10:31:26,934.15,486042
2021-06-08 10:31:29,934.15,486045
2021-06-08 10:31:32,934.15,486132
2021-06-08 10:31:35,934.15,486132
2021-06-08 10:31:38,934.4,486232
2021-06-08 10:31:42,934.4,486232
2021-06-08 10:31:45,934.15,486344
2021-06-08 10:31:47,934.15,486357
2021-06-08 10:31:50,934.4,486426
2021-06-08 10:31:53,934.4,486481
2021-06-08 10:31:56,934.4,486482
2021-06-08 10:31:59,934.15,486486
2021-06-08 10:32:01,934.15,486613
2021-06-08 10:32:04,934.15,486613
2021-06-08 10:32:07,934.15,486613
2021-06-08 10:32:10,934.05,486715
2021-06-08 10:32:13,934.05,486715
2021-06-08 10:32:15,934.4,486725
2021-06-08 10:32:18,934.4,486727
2021-06-08 10:32:21,934.15,486817
2021-06-08 10:32:23,934.15,486817
2021-06-08 10:32:26,934.4,487130
2021-06-08 10:32:29,934.4,487130
2021-06-08 10:32:32,934.1,487283
2021-06-08 10:32:35,934.1,487283
2021-06-08 10:32:38,934.4,487319
2021-06-08 10:32:40,934.2,487404
2021-06-08 10:32:43,934.1,487409
2021-06-08 10:32:46,934.4,487520
2021-06-08 10:32:48,934.4,487521
2021-06-08 10:32:51,934.2,487539
2021-06-08 10:32:53,934.2,487557
2021-06-08 10:32:56,934.4,487965
2021-06-08 10:32:58,934.4,487965
2021-06-08 10:33:01,934.4,488019
2021-06-08 10:33:03,934.75,488184
2021-06-08 10:33:06,934.75,488212
2021-06-08 10:33:09,934.75,488220
2021-06-08 10:33:12,934.75,488220
2021-06-08 10:33:14,934.4,488270
2021-06-08 10:33:17,934.4,489174
2021-06-08 10:33:20,934.15,489246
2021-06-08 10:33:23,934.55,489256
2021-06-08 10:33:25,934.55,489256
2021-06-08 10:33:28,934.55,489257
2021-06-08 10:33:31,934.55,489363
2021-06-08 10:33:34,934.15,489396
2021-06-08 10:33:37,934.55,489506
2021-06-08 10:33:39,934.55,489506
2021-06-08 10:33:42,934.55,489514
2021-06-08 10:33:45,934.4,489630
2021-06-08 10:33:48,934.55,489766
2021-06-08 10:33:51,934.6,489770
2021-06-08 10:33:54,934.2,489980
2021-06-08 10:33:57,934.2,489999
2021-06-08 10:34:01,934.15,490105
2021-06-08 10:34:04,934.2,490310
2021-06-08 10:34:07,934.2,490315
2021-06-08 10:34:11,934.2,490403
2021-06-08 10:34:14,934.2,490403
2021-06-08 10:34:17,934.2,490403
2021-06-08 10:34:20,934.25,490440
2021-06-08 10:34:22,934.6,490441
2021-06-08 10:34:25,934.25,490628
2021-06-08 10:34:28,934.25,490629
2021-06-08 10:34:31,934.25,490640
2021-06-08 10:34:34,934.25,490640
2021-06-08 10:34:37,934.25,490640
2021-06-08 10:34:39,934.2,490649
2021-06-08 10:34:42,934.25,490878
2021-06-08 10:34:45,934.25,490878
2021-06-08 10:34:48,934.6,490932
2021-06-08 10:34:51,934.6,490937
2021-06-08 10:34:54,934.6,490942
2021-06-08 10:34:56,934.6,490942
2021-06-08 10:34:59,934.55,491085
2021-06-08 10:35:02,934.25,491210
2021-06-08 10:35:04,934.25,491210
2021-06-08 10:35:07,934.6,491335
2021-06-08 10:35:10,934.5,491340
2021-06-08 10:35:12,934.5,491490
2021-06-08 10:35:15,934.4,491520
2021-06-08 10:35:18,934.15,491911
2021-06-08 10:35:21,934.1,491985
2021-06-08 10:35:24,934.4,491995
2021-06-08 10:35:27,934.4,492018
2021-06-08 10:35:30,934.1,492105
2021-06-08 10:35:32,934.5,492181
2021-06-08 10:35:35,934.5,492259
2021-06-08 10:35:38,934.5,492259
2021-06-08 10:35:41,934.4,492269
2021-06-08 10:35:44,934.4,492276
2021-06-08 10:35:48,934.35,492281
2021-06-08 10:35:50,934.05,492301
2021-06-08 10:35:53,934.05,492394
2021-06-08 10:35:56,934.0,492736
2021-06-08 10:35:58,934.0,492740
2021-06-08 10:36:01,934.4,492795
2021-06-08 10:36:04,934.4,492795
2021-06-08 10:36:06,934.05,492836
2021-06-08 10:36:09,934.05,492850
2021-06-08 10:36:12,934.05,492975
2021-06-08 10:36:15,934.05,492975
2021-06-08 10:36:17,934.05,492975
2021-06-08 10:36:20,934.05,493042
2021-06-08 10:36:23,934.4,493047
2021-06-08 10:36:26,934.1,493097
2021-06-08 10:36:29,934.4,493222
2021-06-08 10:36:31,934.15,493332
2021-06-08 10:36:35,934.15,493332
2021-06-08 10:36:38,934.4,493382
2021-06-08 10:36:41,934.35,493408
2021-06-08 10:36:46,934.2,493607
2021-06-08 10:36:49,934.2,493625
2021-06-08 10:36:52,934.35,493640
2021-06-08 10:36:55,934.2,493738
2021-06-08 10:36:57,934.2,493749
2021-06-08 10:37:00,934.35,493755
2021-06-08 10:37:03,934.2,493763
2021-06-08 10:37:06,934.2,493935
2021-06-08 10:37:08,934.2,493935
2021-06-08 10:37:11,934.15,494288
2021-06-08 10:37:14,934.15,494297
2021-06-08 10:37:17,934.15,494297
2021-06-08 10:37:19,934.15,494297
2021-06-08 10:37:22,934.35,494405
2021-06-08 10:37:25,934.15,494502
2021-06-08 10:37:27,934.15,494502
2021-06-08 10:37:30,934.15,494512
2021-06-08 10:37:33,934.6,498147
2021-06-08 10:37:36,934.9,498148
2021-06-08 10:37:39,934.6,498150
2021-06-08 10:37:42,934.9,498275
2021-06-08 10:37:44,934.6,498294
2021-06-08 10:37:47,934.85,498296
2021-06-08 10:37:50,934.85,498296
2021-06-08 10:37:53,934.9,498300
2021-06-08 10:37:55,934.9,498350
2021-06-08 10:37:58,934.9,498354
2021-06-08 10:38:01,934.85,498486
2021-06-08 10:38:03,934.85,498486
2021-06-08 10:38:05,934.9,498492
2021-06-08 10:38:08,934.9,498492
2021-06-08 10:38:11,934.9,498618
2021-06-08 10:38:13,934.9,498618
2021-06-08 10:38:16,934.85,498706
2021-06-08 10:38:19,934.9,498708
2021-06-08 10:38:21,934.85,498745
2021-06-08 10:38:24,934.9,498846
2021-06-08 10:38:26,934.9,498846
2021-06-08 10:38:28,934.9,498846
2021-06-08 10:38:31,934.85,498934
2021-06-08 10:38:33,934.9,498989
2021-06-08 10:38:36,934.9,498990
2021-06-08 10:38:39,934.9,498991
2021-06-08 10:38:41,934.9,499033
2021-06-08 10:38:44,934.85,499036
2021-06-08 10:38:47,934.9,499125
2021-06-08 10:38:49,934.9,499275
2021-06-08 10:38:52,934.85,499294
2021-06-08 10:38:55,934.9,499295
2021-06-08 10:38:57,934.9,499395
2021-06-08 10:39:00,934.85,499491
2021-06-08 10:39:03,934.6,499831
2021-06-08 10:39:06,934.95,499834
