timestamp,ltp,volume
2021-06-08 09:15:55,953.3,67878
2021-06-08 09:15:55,953.3,67878
2021-06-08 09:15:55,953.7,68365
2021-06-08 09:15:57,953.3,68512
2021-06-08 09:15:57,953.75,69183
2021-06-08 09:15:58,953.3,69203
2021-06-08 09:16:00,953.8,69276
2021-06-08 09:16:00,953.65,69946
2021-06-08 09:16:01,953.7,70229
2021-06-08 09:16:02,953.75,70436
2021-06-08 09:16:03,953.65,70574
2021-06-08 09:16:04,953.75,70912
2021-06-08 09:16:05,953.8,71446
2021-06-08 09:16:06,953.95,71766
2021-06-08 09:16:07,953.7,71896
2021-06-08 09:16:08,954.5,72154
2021-06-08 09:16:09,954.0,72239
2021-06-08 09:16:11,954.4,72412
2021-06-08 09:16:12,954.45,72491
2021-06-08 09:16:13,954.45,72874
2021-06-08 09:16:14,954.25,72889
2021-06-08 09:16:15,954.25,73103
2021-06-08 09:16:16,954.25,73326
2021-06-08 09:16:17,954.5,73366
2021-06-08 09:16:18,954.3,74025
2021-06-08 09:16:19,954.5,74137
2021-06-08 09:16:20,954.6,74187
2021-06-08 09:16:21,954.65,74868
2021-06-08 09:16:22,954.65,75025
2021-06-08 09:16:23,954.5,75126
2021-06-08 09:16:24,954.6,75278
2021-06-08 09:16:25,954.5,75432
2021-06-08 09:16:26,954.6,75456
2021-06-08 09:16:27,954.65,75599
2021-06-08 09:16:28,954.4,75833
2021-06-08 09:16:29,954.6,76043
2021-06-08 09:16:30,955.0,81099
2021-06-08 09:16:31,955.4,81585
2021-06-08 09:16:32,955.0,82730
2021-06-08 09:16:33,955.0,83059
2021-06-08 09:16:34,954.95,83458
2021-06-08 09:16:35,955.15,83577
2021-06-08 09:16:36,955.15,84350
2021-06-08 09:16:37,955.0,84873
2021-06-08 09:16:38,955.05,85153
2021-06-08 09:16:39,955.8,86573
2021-06-08 09:16:40,954.9,87406
2021-06-08 09:16:41,955.3,87817
2021-06-08 09:16:42,955.05,88183
2021-06-08 09:16:43,955.15,89499
2021-06-08 09:16:44,955.65,89968
2021-06-08 09:16:45,955.15,90360
2021-06-08 09:16:46,955.75,90827
2021-06-08 09:16:47,955.55,93104
2021-06-08 09:16:48,955.25,93354
2021-06-08 09:16:49,955.65,93857
2021-06-08 09:16:50,955.7,94088
2021-06-08 09:16:51,955.7,94145
2021-06-08 09:16:52,955.3,95138
2021-06-08 09:16:54,955.75,95473
2021-06-08 09:16:55,955.35,95998
2021-06-08 09:16:56,956.0,96648
2021-06-08 09:16:57,955.75,97432
2021-06-08 09:16:59,956.2,98169
2021-06-08 09:17:00,956.0,99188
2021-06-08 09:17:01,955.95,99238
2021-06-08 09:17:02,955.95,101079
2021-06-08 09:17:04,956.6,104891
2021-06-08 09:17:05,956.75,105085
2021-06-08 09:17:06,956.5,106865
2021-06-08 09:17:07,956.65,107102
2021-06-08 09:17:08,956.7,107534
2021-06-08 09:17:09,956.05,108447
2021-06-08 09:17:10,956.6,108452
2021-06-08 09:17:11,956.5,108793
2021-06-08 09:17:12,956.65,108871
2021-06-08 09:17:13,956.85,109222
2021-06-08 09:17:14,956.85,109375
2021-06-08 09:17:15,956.6,109401
2021-06-08 09:17:16,957.0,109991
2021-06-08 09:17:17,956.9,114892
2021-06-08 09:17:18,956.55,116176
2021-06-08 09:17:19,956.5,117346
2021-06-08 09:17:20,957.0,117466
2021-06-08 09:17:21,956.9,118580
2021-06-08 09:17:22,956.8,120277
2021-06-08 09:17:22,956.5,121593
2021-06-08 09:17:23,956.95,121728
2021-06-08 09:17:24,957.25,122396
2021-06-08 09:17:25,956.8,122867
2021-06-08 09:17:26,957.25,123232
2021-06-08 09:17:27,957.35,123313
2021-06-08 09:17:29,956.8,123791
2021-06-08 09:17:30,957.25,124216
2021-06-08 09:17:31,957.0,124831
2021-06-08 09:17:32,957.45,125563
2021-06-08 09:17:33,957.3,125937
2021-06-08 09:17:34,957.45,126755
2021-06-08 09:17:35,957.5,127539
2021-06-08 09:17:36,957.45,128195
2021-06-08 09:17:37,957.2,131190
2021-06-08 09:17:37,957.45,131320
2021-06-08 09:17:38,957.55,131883
2021-06-08 09:17:39,957.45,132462
2021-06-08 09:17:40,958.2,135815
2021-06-08 09:17:42,958.2,136023
2021-06-08 09:17:43,957.6,138548
2021-06-08 09:17:44,957.5,139218
2021-06-08 09:17:45,957.8,141042
2021-06-08 09:17:46,957.8,141122
2021-06-08 09:17:47,957.6,142207
2021-06-08 09:17:48,958.3,142595
2021-06-08 09:17:49,958.2,143072
2021-06-08 09:17:50,958.0,143273
2021-06-08 09:17:51,958.0,143396
2021-06-08 09:17:52,957.8,144297
2021-06-08 09:17:53,957.75,145058
2021-06-08 09:17:54,957.75,145058
2021-06-08 09:17:55,958.15,147983
2021-06-08 09:17:56,957.65,149097
2021-06-08 09:17:57,958.3,150087
2021-06-08 09:17:57,957.9,150275
2021-06-08 09:17:58,958.4,150755
2021-06-08 09:17:59,958.3,151142
2021-06-08 09:18:00,958.3,152539
2021-06-08 09:18:01,957.9,153041
2021-06-08 09:18:02,958.3,153980
2021-06-08 09:18:04,958.1,154433
2021-06-08 09:18:05,958.5,155076
2021-06-08 09:18:06,958.1,155183
2021-06-08 09:18:07,958.3,156870
2021-06-08 09:18:08,958.1,157961
2021-06-08 09:18:09,958.0,159520
2021-06-08 09:18:10,958.45,161137
2021-06-08 09:18:11,958.7,161860
2021-06-08 09:18:12,958.05,162722
2021-06-08 09:18:13,958.15,162892
2021-06-08 09:18:14,958.7,163896
2021-06-08 09:18:15,958.7,164248
2021-06-08 09:18:16,958.5,164930
2021-06-08 09:18:17,958.8,165553
2021-06-08 09:18:18,958.5,165593
2021-06-08 09:18:19,957.95,167695
2021-06-08 09:18:20,958.2,168196
2021-06-08 09:18:21,958.5,168766
2021-06-08 09:18:22,958.4,170305
2021-06-08 09:18:23,958.25,170645
2021-06-08 09:18:24,958.65,171249
2021-06-08 09:18:25,958.75,171556
2021-06-08 09:18:26,958.5,171862
2021-06-08 09:18:27,958.5,172919
2021-06-08 09:18:28,958.1,173346
2021-06-08 09:18:29,958.75,175197
2021-06-08 09:18:30,958.85,175967
2021-06-08 09:18:30,958.4,177192
2021-06-08 09:18:31,958.65,177408
2021-06-08 09:18:32,958.4,177643
2021-06-08 09:18:33,958.55,177654
2021-06-08 09:18:35,958.4,179425
2021-06-08 09:18:37,958.95,184633
2021-06-08 09:18:38,959.0,184843
2021-06-08 09:18:39,958.55,186099
2021-06-08 09:18:40,958.55,187565
2021-06-08 09:18:41,958.95,189416
2021-06-08 09:18:42,958.85,191484
2021-06-08 09:18:43,958.95,191872
2021-06-08 09:18:44,958.95,192301
2021-06-08 09:18:45,958.95,192379
2021-06-08 09:18:46,958.95,192814
2021-06-08 09:18:47,958.95,193367
2021-06-08 09:18:48,958.95,198568
2021-06-08 09:18:49,958.95,200323
2021-06-08 09:18:50,959.5,200439
2021-06-08 09:18:51,959.45,200679
2021-06-08 09:18:52,959.2,200715
2021-06-08 09:18:54,959.0,201741
2021-06-08 09:18:55,958.65,202018
2021-06-08 09:18:56,959.45,202994
2021-06-08 09:18:57,958.85,203908
2021-06-08 09:18:59,959.1,205619
2021-06-08 09:19:00,959.25,206204
2021-06-08 09:19:01,958.85,206305
2021-06-08 09:19:02,959.05,206505
2021-06-08 09:19:03,959.05,206950
2021-06-08 09:19:05,959.05,208012
2021-06-08 09:19:07,959.25,208730
2021-06-08 09:19:08,959.45,208970
2021-06-08 09:19:09,959.0,209461
2021-06-08 09:19:10,959.2,211184
2021-06-08 09:19:12,959.3,211459
2021-06-08 09:19:13,959.2,212071
2021-06-08 09:19:14,959.5,212194
2021-06-08 09:19:16,959.1,213357
2021-06-08 09:19:17,959.25,213542
2021-06-08 09:19:18,959.25,213862
2021-06-08 09:19:21,959.55,216265
2021-06-08 09:19:23,959.6,217099
2021-06-08 09:19:24,959.35,217260
2021-06-08 09:19:25,959.3,217520
2021-06-08 09:19:27,959.25,218881
2021-06-08 09:19:28,959.3,219334
2021-06-08 09:19:29,959.1,221871
2021-06-08 09:19:30,959.55,222304
2021-06-08 09:19:31,959.5,222399
2021-06-08 09:19:32,959.35,222590
2021-06-08 09:19:33,959.1,223141
2021-06-08 09:19:34,959.15,223614
2021-06-08 09:19:35,959.3,224276
2021-06-08 09:19:36,959.6,225901
2021-06-08 09:19:37,959.6,226155
2021-06-08 09:19:38,959.4,229177
2021-06-08 09:19:39,958.85,230388
2021-06-08 09:19:40,958.8,231132
2021-06-08 09:19:41,959.0,233129
2021-06-08 09:19:42,958.9,233699
2021-06-08 09:19:43,959.35,233759
2021-06-08 09:19:43,959.35,233759
2021-06-08 09:19:45,959.3,234533
2021-06-08 09:19:47,958.6,237050
2021-06-08 09:19:48,958.5,238964
2021-06-08 09:19:50,958.25,239885
2021-06-08 09:19:51,958.85,239905
2021-06-08 09:19:52,959.0,240296
2021-06-08 09:19:53,958.7,242435
2021-06-08 09:19:55,958.85,242583
2021-06-08 09:19:56,958.8,242983
2021-06-08 09:19:58,958.9,243811
2021-06-08 09:19:59,959.0,244016
2021-06-08 09:19:59,958.95,244119
2021-06-08 09:20:00,958.95,244443
2021-06-08 09:20:01,958.8,244861
2021-06-08 09:20:02,958.75,245097
2021-06-08 09:20:03,958.95,245421
2021-06-08 09:20:05,958.95,245466
2021-06-08 09:20:06,958.95,245880
2021-06-08 09:20:07,959.3,250314
2021-06-08 09:20:08,958.9,250564
2021-06-08 09:20:09,959.2,252845
2021-06-08 09:20:10,959.05,254472
2021-06-08 09:20:11,959.3,254755
2021-06-08 09:20:12,959.6,265981
2021-06-08 09:20:13,959.9,267231
2021-06-08 09:20:14,959.95,268808
2021-06-08 09:20:15,959.95,270653
2021-06-08 09:20:16,960.0,271550
2021-06-08 09:20:17,960.0,271809
2021-06-08 09:20:18,959.65,273401
2021-06-08 09:20:19,960.2,288543
2021-06-08 09:20:20,960.2,288674
2021-06-08 09:20:21,960.0,289325
2021-06-08 09:20:22,960.6,289911
2021-06-08 09:20:23,960.4,292312
2021-06-08 09:20:24,960.5,292518
2021-06-08 09:20:25,960.9,294236
2021-06-08 09:20:26,960.4,294908
2021-06-08 09:20:27,960.9,295530
2021-06-08 09:20:28,960.95,296807
2021-06-08 09:20:29,960.7,297157
2021-06-08 09:20:30,960.35,298497
2021-06-08 09:20:31,960.4,298797
2021-06-08 09:20:32,961.0,299346
2021-06-08 09:20:33,961.0,299879
2021-06-08 09:20:34,961.0,301009
2021-06-08 09:20:35,960.6,301873
2021-06-08 09:20:36,961.0,302552
2021-06-08 09:20:37,961.0,303488
2021-06-08 09:20:38,960.7,304565
2021-06-08 09:20:39,961.65,305794
2021-06-08 09:20:40,961.2,306177
2021-06-08 09:20:41,961.0,307163
2021-06-08 09:20:42,961.0,307215
2021-06-08 09:20:43,961.0,309235
2021-06-08 09:20:44,961.25,311920
2021-06-08 09:20:45,961.0,312979
2021-06-08 09:20:46,961.2,313248
2021-06-08 09:20:47,961.0,314317
2021-06-08 09:20:48,961.6,314963
2021-06-08 09:20:49,961.6,316412
2021-06-08 09:20:50,961.0,317404
2021-06-08 09:20:51,961.55,317588
2021-06-08 09:20:52,961.05,318567
2021-06-08 09:20:53,961.55,318790
2021-06-08 09:20:54,961.6,319024
2021-06-08 09:20:55,961.0,319440
2021-06-08 09:20:56,961.0,320301
2021-06-08 09:20:57,960.6,322621
2021-06-08 09:20:58,961.0,323697
2021-06-08 09:20:59,961.0,324227
2021-06-08 09:21:00,961.0,324526
2021-06-08 09:21:01,960.15,326066
2021-06-08 09:21:02,960.75,326519
2021-06-08 09:21:03,960.55,327544
2021-06-08 09:21:04,960.95,327936
2021-06-08 09:21:05,960.5,328291
2021-06-08 09:21:06,960.6,328495
2021-06-08 09:21:07,960.9,329292
2021-06-08 09:21:08,960.5,331468
2021-06-08 09:21:09,960.5,331820
2021-06-08 09:21:10,960.1,332329
2021-06-08 09:21:11,960.5,332502
2021-06-08 09:21:12,960.5,333406
2021-06-08 09:21:13,960.85,333606
2021-06-08 09:21:14,960.5,334064
2021-06-08 09:21:15,960.5,334161
2021-06-08 09:21:16,960.9,334838
2021-06-08 09:21:17,961.0,335462
2021-06-08 09:21:18,960.9,335617
2021-06-08 09:21:19,960.5,335847
2021-06-08 09:21:20,960.8,335881
2021-06-08 09:21:21,960.85,336177
2021-06-08 09:21:22,960.85,336299
2021-06-08 09:21:23,960.9,336418
2021-06-08 09:21:24,960.9,337304
2021-06-08 09:21:25,961.0,340602
2021-06-08 09:21:26,961.0,340928
2021-06-08 09:21:27,961.2,341400
2021-06-08 09:21:28,960.65,341452
2021-06-08 09:21:29,960.55,342572
2021-06-08 09:21:30,961.15,342973
2021-06-08 09:21:32,961.5,345769
2021-06-08 09:21:33,961.55,346821
2021-06-08 09:21:34,961.55,346937
2021-06-08 09:21:35,961.45,347231
2021-06-08 09:21:36,961.2,347520
2021-06-08 09:21:37,961.55,349126
2021-06-08 09:21:38,961.05,349567
2021-06-08 09:21:39,961.15,349942
2021-06-08 09:21:40,961.65,350088
2021-06-08 09:21:41,961.7,350783
2021-06-08 09:21:42,961.5,352286
2021-06-08 09:21:43,961.65,353646
2021-06-08 09:21:44,961.55,353873
2021-06-08 09:21:45,961.3,353978
2021-06-08 09:21:46,961.75,354469
2021-06-08 09:21:47,961.85,354700
2021-06-08 09:21:48,961.6,355924
2021-06-08 09:21:49,961.6,356544
2021-06-08 09:21:50,961.65,357243
2021-06-08 09:21:51,961.85,358031
2021-06-08 09:21:52,962.0,358517
2021-06-08 09:21:53,962.0,358548
2021-06-08 09:21:54,961.7,359924
2021-06-08 09:21:55,962.0,362548
2021-06-08 09:21:56,961.7,362820
2021-06-08 09:21:57,962.0,363105
2021-06-08 09:21:58,962.0,363821
2021-06-08 09:21:59,962.0,371153
2021-06-08 09:22:00,961.9,372073
2021-06-08 09:22:01,961.9,372224
2021-06-08 09:22:02,962.0,372415
2021-06-08 09:22:04,962.0,375137
2021-06-08 09:22:05,962.0,375323
2021-06-08 09:22:06,961.7,376999
2021-06-08 09:22:07,962.0,377081
2021-06-08 09:22:08,961.95,377505
2021-06-08 09:22:09,961.9,378066
2021-06-08 09:22:10,961.95,379690
2021-06-08 09:22:11,961.9,380754
2021-06-08 09:22:12,961.4,384009
2021-06-08 09:22:13,961.85,384195
2021-06-08 09:22:14,961.75,386268
2021-06-08 09:22:15,961.65,386433
2021-06-08 09:22:16,961.0,390534
2021-06-08 09:22:18,960.8,393500
2021-06-08 09:22:19,960.85,393919
2021-06-08 09:22:21,960.75,395652
2021-06-08 09:22:22,960.75,397119
2021-06-08 09:22:23,960.85,397204
2021-06-08 09:22:24,960.85,397252
2021-06-08 09:22:25,960.8,397453
2021-06-08 09:22:26,960.7,397640
2021-06-08 09:22:27,960.7,397891
2021-06-08 09:22:28,960.8,398387
2021-06-08 09:22:30,960.3,398922
2021-06-08 09:22:30,960.75,398926
2021-06-08 09:22:31,960.25,399399
2021-06-08 09:22:32,960.7,400459
2021-06-08 09:22:33,960.35,400727
2021-06-08 09:22:34,960.8,400846
2021-06-08 09:22:35,961.0,403565
2021-06-08 09:22:36,961.0,404119
2021-06-08 09:22:37,961.2,404271
2021-06-08 09:22:38,961.1,410939
2021-06-08 09:22:39,961.0,411583
2021-06-08 09:22:40,960.95,411870
2021-06-08 09:22:41,960.9,411918
2021-06-08 09:22:42,961.0,412257
2021-06-08 09:22:43,961.0,412562
2021-06-08 09:22:44,960.55,413038
2021-06-08 09:22:45,960.95,413138
2021-06-08 09:22:46,960.95,413241
2021-06-08 09:22:47,960.9,413262
2021-06-08 09:22:48,960.95,413832
2021-06-08 09:22:49,960.35,414307
2021-06-08 09:22:50,960.95,414467
2021-06-08 09:22:51,960.9,414730
2021-06-08 09:22:52,960.85,414839
2021-06-08 09:22:53,961.0,415238
2021-06-08 09:22:54,960.7,415295
2021-06-08 09:22:56,960.7,416133
2021-06-08 09:22:57,960.5,416699
2021-06-08 09:22:58,960.45,416885
2021-06-08 09:22:58,960.45,416885
2021-06-08 09:22:59,960.75,417086
2021-06-08 09:23:00,960.8,417395
2021-06-08 09:23:02,960.5,418004
2021-06-08 09:23:03,960.35,418383
2021-06-08 09:23:04,960.5,418678
2021-06-08 09:23:05,960.65,419164
2021-06-08 09:23:06,960.5,419362
2021-06-08 09:23:07,960.6,419877
2021-06-08 09:23:08,960.65,421457
2021-06-08 09:23:09,959.55,427894
2021-06-08 09:23:10,959.95,428279
2021-06-08 09:23:11,960.35,435833
2021-06-08 09:23:12,959.7,437908
2021-06-08 09:23:13,959.7,438501
2021-06-08 09:23:14,960.0,438711
2021-06-08 09:23:15,960.0,438836
2021-06-08 09:23:16,960.0,438940
2021-06-08 09:23:17,960.0,439060
2021-06-08 09:23:18,959.95,439480
2021-06-08 09:23:20,959.75,441839
2021-06-08 09:23:21,959.75,442285
2021-06-08 09:23:22,960.0,442377
2021-06-08 09:23:23,960.45,443602
2021-06-08 09:23:24,960.0,445286
2021-06-08 09:23:25,960.0,445397
2021-06-08 09:23:26,960.3,446282
2021-06-08 09:23:27,960.35,446512
2021-06-08 09:23:28,960.0,446536
2021-06-08 09:23:28,960.0,446536
2021-06-08 09:23:29,960.0,447104
2021-06-08 09:23:30,960.0,447506
2021-06-08 09:23:31,959.6,448379
2021-06-08 09:23:32,959.55,449509
2021-06-08 09:23:33,959.7,449579
2021-06-08 09:23:34,959.5,450297
2021-06-08 09:23:35,959.4,450397
2021-06-08 09:23:37,959.55,451470
2021-06-08 09:23:38,959.7,451959
2021-06-08 09:23:39,959.5,452206
2021-06-08 09:23:40,959.0,453409
2021-06-08 09:23:42,959.1,454121
2021-06-08 09:23:43,959.1,454352
2021-06-08 09:23:44,959.1,454717
2021-06-08 09:23:45,959.55,454968
2021-06-08 09:23:46,959.1,455094
2021-06-08 09:23:47,959.0,455382
2021-06-08 09:23:48,959.25,455827
2021-06-08 09:23:49,959.0,456908
2021-06-08 09:23:50,959.0,456908
2021-06-08 09:23:51,959.3,457457
2021-06-08 09:23:52,959.35,457481
2021-06-08 09:23:53,959.15,457641
2021-06-08 09:23:54,959.35,457854
2021-06-08 09:23:55,959.15,458030
2021-06-08 09:23:56,959.35,458318
2021-06-08 09:23:57,959.0,459852
2021-06-08 09:23:58,959.35,462496
2021-06-08 09:23:59,959.35,462828
2021-06-08 09:24:00,959.35,466888
2021-06-08 09:24:01,959.3,467149
2021-06-08 09:24:02,959.5,467209
2021-06-08 09:24:03,959.5,467509
2021-06-08 09:24:04,959.3,467855
2021-06-08 09:24:05,959.5,468698
2021-06-08 09:24:06,959.5,468744
2021-06-08 09:24:07,959.7,468766
2021-06-08 09:24:08,959.5,468846
2021-06-08 09:24:09,959.85,470549
2021-06-08 09:24:10,959.5,470599
2021-06-08 09:24:11,959.95,471128
2021-06-08 09:24:12,959.5,471706
2021-06-08 09:24:13,959.8,471959
2021-06-08 09:24:14,959.35,472515
2021-06-08 09:24:16,959.75,472823
2021-06-08 09:24:17,960.1,476994
2021-06-08 09:24:18,959.85,477009
2021-06-08 09:24:19,960.0,477089
2021-06-08 09:24:20,959.95,477309
2021-06-08 09:24:21,959.8,477362
2021-06-08 09:24:22,960.0,477446
2021-06-08 09:24:23,959.85,478590
2021-06-08 09:24:24,960.25,478603
2021-06-08 09:24:25,959.85,478790
2021-06-08 09:24:26,959.95,478987
2021-06-08 09:24:27,960.15,479402
2021-06-08 09:24:28,960.25,479613
2021-06-08 09:24:29,960.25,479783
2021-06-08 09:24:30,960.25,480171
2021-06-08 09:24:32,960.5,480836
2021-06-08 09:24:33,960.05,481074
2021-06-08 09:24:34,960.0,481375
2021-06-08 09:24:35,960.2,481602
2021-06-08 09:24:36,960.0,483507
2021-06-08 09:24:37,960.0,483652
2021-06-08 09:24:38,960.0,484359
2021-06-08 09:24:39,959.85,484435
2021-06-08 09:24:40,959.8,484566
2021-06-08 09:24:41,959.8,484671
2021-06-08 09:24:42,959.8,484671
2021-06-08 09:24:43,959.8,484677
2021-06-08 09:24:44,959.65,484878
2021-06-08 09:24:45,959.95,485163
2021-06-08 09:24:46,959.6,485189
2021-06-08 09:24:48,959.95,485199
2021-06-08 09:24:48,959.95,485200
2021-06-08 09:24:49,959.45,486496
2021-06-08 09:24:50,959.45,486701
2021-06-08 09:24:51,959.5,487213
2021-06-08 09:24:52,959.5,487297
2021-06-08 09:24:53,959.4,487609
2021-06-08 09:24:54,959.35,487935
2021-06-08 09:24:55,959.45,488102
2021-06-08 09:24:56,959.1,489258
2021-06-08 09:24:57,959.0,491459
2021-06-08 09:24:58,959.45,491829
2021-06-08 09:24:59,959.0,494358
2021-06-08 09:25:00,959.0,494582
2021-06-08 09:25:01,959.0,495122
2021-06-08 09:25:02,959.0,495152
2021-06-08 09:25:03,959.0,497529
2021-06-08 09:25:04,959.0,500670
2021-06-08 09:25:05,958.95,500780
2021-06-08 09:25:07,958.95,501030
2021-06-08 09:25:08,959.0,501064
2021-06-08 09:25:09,959.0,501283
2021-06-08 09:25:10,959.0,501318
2021-06-08 09:25:11,959.45,501778
2021-06-08 09:25:12,959.3,502471
2021-06-08 09:25:13,959.45,502561
2021-06-08 09:25:13,959.3,502581
2021-06-08 09:25:14,959.5,503340
2021-06-08 09:25:15,959.45,503457
2021-06-08 09:25:16,959.9,503743
2021-06-08 09:25:17,959.5,504514
2021-06-08 09:25:18,960.05,506087
2021-06-08 09:25:19,959.95,506236
2021-06-08 09:25:20,959.55,506598
2021-06-08 09:25:21,959.55,506665
2021-06-08 09:25:22,959.85,506849
2021-06-08 09:25:23,959.7,506861
2021-06-08 09:25:24,959.85,506891
2021-06-08 09:25:25,959.7,506972
2021-06-08 09:25:26,959.85,507049
2021-06-08 09:25:27,959.7,507253
2021-06-08 09:25:28,959.7,507480
2021-06-08 09:25:29,959.9,507847
2021-06-08 09:25:30,959.85,507897
2021-06-08 09:25:31,959.95,508098
2021-06-08 09:25:32,959.95,508645
2021-06-08 09:25:33,960.0,509116
2021-06-08 09:25:34,959.95,509359
2021-06-08 09:25:35,959.95,510541
2021-06-08 09:25:36,960.0,510748
2021-06-08 09:25:37,960.05,511148
2021-06-08 09:25:38,960.5,511409
2021-06-08 09:25:39,960.05,511509
2021-06-08 09:25:40,960.4,511746
2021-06-08 09:25:41,960.25,511799
2021-06-08 09:25:42,960.25,511829
2021-06-08 09:25:44,960.45,512289
2021-06-08 09:25:44,960.05,512589
2021-06-08 09:25:46,960.45,513204
2021-06-08 09:25:47,960.0,513347
2021-06-08 09:25:48,960.3,513348
2021-06-08 09:25:49,960.4,513609
2021-06-08 09:25:50,960.35,513755
2021-06-08 09:25:51,960.0,514173
2021-06-08 09:25:52,960.2,514501
2021-06-08 09:25:53,960.25,514874
2021-06-08 09:25:54,960.4,514974
2021-06-08 09:25:56,959.95,515498
2021-06-08 09:25:56,960.1,518398
2021-06-08 09:25:57,959.8,518415
2021-06-08 09:25:58,960.0,518459
2021-06-08 09:25:59,959.9,518571
2021-06-08 09:26:00,960.2,518596
2021-06-08 09:26:01,960.0,518726
2021-06-08 09:26:02,959.95,518922
2021-06-08 09:26:03,959.95,519028
2021-06-08 09:26:04,959.95,519555
2021-06-08 09:26:05,960.0,519673
2021-06-08 09:26:06,959.95,519707
2021-06-08 09:26:07,959.95,519775
2021-06-08 09:26:08,959.95,519783
2021-06-08 09:26:09,960.0,519902
2021-06-08 09:26:10,959.8,519962
2021-06-08 09:26:11,959.9,520082
2021-06-08 09:26:12,959.95,520772
2021-06-08 09:26:13,959.95,520903
2021-06-08 09:26:14,959.95,521089
2021-06-08 09:26:15,959.9,521490
2021-06-08 09:26:16,959.8,521690
2021-06-08 09:26:18,959.75,521810
2021-06-08 09:26:18,960.0,521835
2021-06-08 09:26:19,959.95,521911
2021-06-08 09:26:20,959.75,521996
2021-06-08 09:26:22,959.95,522101
2021-06-08 09:26:22,959.95,522475
2021-06-08 09:26:23,959.95,522475
2021-06-08 09:26:24,959.9,522503
2021-06-08 09:26:25,959.95,523063
2021-06-08 09:26:27,959.8,523196
2021-06-08 09:26:28,959.9,523365
2021-06-08 09:26:29,959.9,523615
2021-06-08 09:26:30,959.6,523745
2021-06-08 09:26:31,959.65,523976
2021-06-08 09:26:32,960.0,524395
2021-06-08 09:26:33,959.8,524596
2021-06-08 09:26:34,959.8,524777
2021-06-08 09:26:35,960.0,525454
2021-06-08 09:26:36,960.0,525523
2021-06-08 09:26:37,959.75,525812
2021-06-08 09:26:38,960.0,526228
2021-06-08 09:26:40,960.0,526469
2021-06-08 09:26:40,959.9,526648
2021-06-08 09:26:42,959.9,526754
2021-06-08 09:26:43,959.85,527028
2021-06-08 09:26:44,959.85,527144
2021-06-08 09:26:45,959.85,527559
2021-06-08 09:26:46,959.55,530052
2021-06-08 09:26:47,959.8,530062
2021-06-08 09:26:48,959.5,530112
2021-06-08 09:26:50,959.8,532789
2021-06-08 09:26:51,959.45,532924
2021-06-08 09:26:52,959.55,532949
2021-06-08 09:26:53,959.25,533466
2021-06-08 09:26:54,959.75,533566
2021-06-08 09:26:54,959.75,533566
2021-06-08 09:26:55,959.5,533772
2021-06-08 09:26:57,959.55,533782
2021-06-08 09:26:58,959.75,534042
2021-06-08 09:26:59,959.3,534502
2021-06-08 09:27:00,959.7,534552
2021-06-08 09:27:01,959.65,534809
2021-06-08 09:27:02,959.75,535000
2021-06-08 09:27:02,959.7,534940
2021-06-08 09:27:03,959.25,535824
2021-06-08 09:27:05,959.35,535943
2021-06-08 09:27:06,959.35,536243
2021-06-08 09:27:07,959.35,536267
2021-06-08 09:27:08,959.25,536476
2021-06-08 09:27:09,959.7,536499
2021-06-08 09:27:10,959.25,536908
2021-06-08 09:27:11,959.7,537126
2021-06-08 09:27:12,959.65,537185
2021-06-08 09:27:13,959.5,537195
2021-06-08 09:27:14,959.7,537358
2021-06-08 09:27:15,959.65,537378
2021-06-08 09:27:16,959.65,537378
2021-06-08 09:27:17,959.3,537536
2021-06-08 09:27:19,959.5,537907
2021-06-08 09:27:21,959.5,538537
2021-06-08 09:27:22,959.4,539534
2021-06-08 09:27:23,959.55,539585
2021-06-08 09:27:24,959.6,539713
2021-06-08 09:27:25,959.55,539904
2021-06-08 09:27:26,959.25,540805
2021-06-08 09:27:26,959.25,540805
2021-06-08 09:27:27,959.25,540852
2021-06-08 09:27:28,959.25,540939
2021-06-08 09:27:30,959.2,541000
2021-06-08 09:27:31,959.5,541061
2021-06-08 09:27:32,959.5,541137
2021-06-08 09:27:33,959.5,541216
2021-06-08 09:27:34,959.5,541328
2021-06-08 09:27:35,959.5,541815
2021-06-08 09:27:36,959.5,541840
2021-06-08 09:27:37,959.65,542456
2021-06-08 09:27:38,959.4,542825
2021-06-08 09:27:39,959.8,542967
2021-06-08 09:27:40,959.85,543218
2021-06-08 09:27:41,959.45,543263
2021-06-08 09:27:43,959.65,544548
2021-06-08 09:27:44,959.65,544631
2021-06-08 09:27:45,959.95,544774
2021-06-08 09:27:46,959.65,544793
2021-06-08 09:27:47,959.9,545020
2021-06-08 09:27:48,959.5,545048
2021-06-08 09:27:49,959.75,545196
2021-06-08 09:27:50,959.3,545237
2021-06-08 09:27:51,959.0,549212
2021-06-08 09:27:52,958.95,549213
2021-06-08 09:27:53,958.95,549878
2021-06-08 09:27:54,959.5,552416
2021-06-08 09:27:55,959.0,552597
2021-06-08 09:27:56,959.4,553242
2021-06-08 09:27:57,959.5,553638
2021-06-08 09:27:58,959.4,553671
2021-06-08 09:27:58,959.15,553706
2021-06-08 09:27:59,959.45,553980
2021-06-08 09:28:00,959.35,554792
2021-06-08 09:28:01,959.2,554803
2021-06-08 09:28:03,959.0,555741
2021-06-08 09:28:04,959.0,556406
2021-06-08 09:28:05,959.0,556556
2021-06-08 09:28:06,958.8,557195
2021-06-08 09:28:07,958.75,557626
2021-06-08 09:28:08,958.8,557759
2021-06-08 09:28:09,958.5,558069
2021-06-08 09:28:09,958.5,558069
2021-06-08 09:28:11,958.85,558254
2021-06-08 09:28:12,958.5,558834
2021-06-08 09:28:13,958.5,559225
2021-06-08 09:28:14,958.95,559576
2021-06-08 09:28:15,958.35,560401
2021-06-08 09:28:16,958.35,560501
2021-06-08 09:28:17,958.5,564364
2021-06-08 09:28:18,958.0,564790
2021-06-08 09:28:18,958.5,565681
2021-06-08 09:28:19,958.45,565984
2021-06-08 09:28:20,958.0,566674
2021-06-08 09:28:21,958.0,566990
2021-06-08 09:28:23,958.0,567323
2021-06-08 09:28:24,958.0,568339
2021-06-08 09:28:25,957.9,569031
2021-06-08 09:28:25,957.8,569081
2021-06-08 09:28:27,958.05,569863
2021-06-08 09:28:28,957.55,569911
2021-06-08 09:28:31,957.5,573302
2021-06-08 09:28:32,957.8,573616
2021-06-08 09:28:32,957.8,573656
2021-06-08 09:28:34,957.9,573732
2021-06-08 09:28:35,957.9,573747
2021-06-08 09:28:36,957.8,574334
2021-06-08 09:28:37,957.75,574506
2021-06-08 09:28:38,957.75,574738
2021-06-08 09:28:40,957.3,575043
2021-06-08 09:28:41,957.15,575391
2021-06-08 09:28:42,957.45,575396
2021-06-08 09:28:43,957.75,575565
2021-06-08 09:28:44,957.45,575635
2021-06-08 09:28:45,957.7,575843
2021-06-08 09:28:47,957.7,577115
2021-06-08 09:28:47,957.75,577065
2021-06-08 09:28:48,957.7,577122
2021-06-08 09:28:49,957.45,577242
2021-06-08 09:28:51,957.25,577378
2021-06-08 09:28:52,957.5,577539
2021-06-08 09:28:53,957.5,578026
2021-06-08 09:28:54,957.75,578460
2021-06-08 09:28:55,957.7,578630
2021-06-08 09:28:56,957.75,579230
2021-06-08 09:28:57,957.2,579891
2021-06-08 09:28:58,957.6,580493
2021-06-08 09:28:59,957.35,580624
2021-06-08 09:29:01,957.1,581617
2021-06-08 09:29:00,957.25,581592
2021-06-08 09:29:02,957.45,581908
2021-06-08 09:29:03,957.45,581949
2021-06-08 09:29:04,957.45,583210
2021-06-08 09:29:05,957.6,583237
2021-06-08 09:29:06,957.65,583380
2021-06-08 09:29:07,957.45,583882
2021-06-08 09:29:08,957.75,584309
2021-06-08 09:29:09,957.8,584616
2021-06-08 09:29:10,957.8,584666
2021-06-08 09:29:11,957.65,584712
2021-06-08 09:29:12,957.7,584920
2021-06-08 09:29:12,957.7,584920
2021-06-08 09:29:13,957.7,584945
2021-06-08 09:29:15,957.7,585138
2021-06-08 09:29:16,957.7,585238
2021-06-08 09:29:17,957.95,588269
2021-06-08 09:29:18,958.05,588593
2021-06-08 09:29:19,957.95,588635
2021-06-08 09:29:20,958.0,589361
2021-06-08 09:29:22,958.15,589631
2021-06-08 09:29:23,958.2,589651
2021-06-08 09:29:24,958.3,589839
2021-06-08 09:29:25,958.3,589976
2021-06-08 09:29:26,958.5,590559
2021-06-08 09:29:27,958.85,590787
2021-06-08 09:29:28,958.9,590808
2021-06-08 09:29:29,958.5,590849
2021-06-08 09:29:30,958.5,591265
2021-06-08 09:29:31,958.5,591323
2021-06-08 09:29:32,958.7,591343
2021-06-08 09:29:33,958.75,591554
2021-06-08 09:29:34,959.0,595032
2021-06-08 09:29:35,959.1,595163
2021-06-08 09:29:36,958.3,595626
2021-06-08 09:29:37,958.4,595772
2021-06-08 09:29:38,958.7,595937
2021-06-08 09:29:39,958.2,596072
2021-06-08 09:29:40,958.7,596127
2021-06-08 09:29:41,958.7,596272
2021-06-08 09:29:42,958.75,598966
2021-06-08 09:29:43,958.8,599166
2021-06-08 09:29:44,958.9,599443
2021-06-08 09:29:45,958.6,599505
2021-06-08 09:29:46,958.95,599506
2021-06-08 09:29:47,959.05,599956
2021-06-08 09:29:48,958.7,600017
2021-06-08 09:29:48,958.7,600017
2021-06-08 09:29:49,958.9,600107
2021-06-08 09:29:51,959.0,600157
2021-06-08 09:29:52,959.0,600224
2021-06-08 09:29:53,959.15,600736
2021-06-08 09:29:54,958.8,600743
2021-06-08 09:29:55,959.15,600779
2021-06-08 09:29:56,958.8,600902
2021-06-08 09:29:57,958.95,601130
2021-06-08 09:29:58,958.95,601602
2021-06-08 09:29:59,958.8,601662
2021-06-08 09:29:59,958.7,601657
2021-06-08 09:30:01,958.75,601738
2021-06-08 09:30:02,958.8,601902
2021-06-08 09:30:03,958.5,603210
2021-06-08 09:30:04,958.1,613127
2021-06-08 09:30:05,958.3,613241
2021-06-08 09:30:06,958.0,613305
2021-06-08 09:30:07,958.3,613345
2021-06-08 09:30:08,958.5,613950
2021-06-08 09:30:09,957.6,620355
2021-06-08 09:30:10,957.6,620367
2021-06-08 09:30:11,957.0,622123
2021-06-08 09:30:12,957.25,622140
2021-06-08 09:30:13,957.45,622172
2021-06-08 09:30:14,957.05,622734
2021-06-08 09:30:15,957.2,622980
2021-06-08 09:30:15,957.2,622780
2021-06-08 09:30:17,957.2,623356
2021-06-08 09:30:19,957.0,623905
2021-06-08 09:30:20,957.2,623975
2021-06-08 09:30:21,957.05,624145
2021-06-08 09:30:22,957.15,624157
2021-06-08 09:30:23,957.0,624510
2021-06-08 09:30:24,957.1,627166
2021-06-08 09:30:25,956.65,627418
2021-06-08 09:30:26,957.0,627837
2021-06-08 09:30:27,957.3,627987
2021-06-08 09:30:28,957.1,628096
2021-06-08 09:30:29,957.1,628136
2021-06-08 09:30:30,957.45,628224
2021-06-08 09:30:31,957.1,628457
2021-06-08 09:30:32,957.35,628524
2021-06-08 09:30:33,957.35,628911
2021-06-08 09:30:34,957.65,629071
2021-06-08 09:30:35,957.65,629071
2021-06-08 09:30:36,957.5,629161
2021-06-08 09:30:37,957.5,629516
2021-06-08 09:30:38,957.65,629559
2021-06-08 09:30:39,957.1,629747
2021-06-08 09:30:40,957.65,629847
2021-06-08 09:30:41,957.15,630074
2021-06-08 09:30:42,957.6,630149
2021-06-08 09:30:43,957.25,630719
2021-06-08 09:30:44,957.1,631739
2021-06-08 09:30:45,957.1,631749
2021-06-08 09:30:46,957.5,631934
2021-06-08 09:30:47,957.6,631944
2021-06-08 09:30:47,957.6,631944
2021-06-08 09:30:49,957.5,632222
2021-06-08 09:30:50,957.5,632275
2021-06-08 09:30:51,957.55,633142
2021-06-08 09:30:52,957.55,633142
2021-06-08 09:30:53,957.95,633159
2021-06-08 09:30:54,958.0,633194
2021-06-08 09:30:54,958.0,633194
2021-06-08 09:30:56,957.95,633195
2021-06-08 09:30:57,957.95,633894
2021-06-08 09:30:58,957.9,634461
2021-06-08 09:30:59,957.75,635025
2021-06-08 09:31:00,957.75,635243
2021-06-08 09:31:01,957.75,635410
2021-06-08 09:31:02,957.75,635892
2021-06-08 09:31:03,957.7,635911
2021-06-08 09:31:04,957.75,636883
2021-06-08 09:31:06,957.9,636924
2021-06-08 09:31:07,957.75,637181
2021-06-08 09:31:08,958.0,638379
2021-06-08 09:31:09,957.9,638456
2021-06-08 09:31:10,958.0,639397
2021-06-08 09:31:11,958.0,639593
2021-06-08 09:31:12,958.5,639792
2021-06-08 09:31:13,958.1,639818
2021-06-08 09:31:14,958.5,639909
2021-06-08 09:31:15,958.5,639909
2021-06-08 09:31:16,958.55,640041
2021-06-08 09:31:17,958.8,640116
2021-06-08 09:31:18,958.75,640305
2021-06-08 09:31:19,958.8,640502
2021-06-08 09:31:21,958.8,640595
2021-06-08 09:31:20,958.8,640595
2021-06-08 09:31:22,959.0,640846
2021-06-08 09:31:23,958.9,640889
2021-06-08 09:31:24,958.9,641016
2021-06-08 09:31:25,959.0,641441
2021-06-08 09:31:26,958.9,641601
2021-06-08 09:31:27,958.9,641762
2021-06-08 09:31:28,958.95,641937
2021-06-08 09:31:29,958.95,641989
2021-06-08 09:31:30,958.95,642014
2021-06-08 09:31:31,958.9,642249
2021-06-08 09:31:32,958.9,642249
2021-06-08 09:31:33,958.9,642249
2021-06-08 09:31:34,958.9,642431
2021-06-08 09:31:35,958.8,642825
2021-06-08 09:31:36,958.85,642842
2021-06-08 09:31:37,958.85,642912
2021-06-08 09:31:38,958.9,642923
2021-06-08 09:31:40,958.8,643520
2021-06-08 09:31:39,958.9,643328
2021-06-08 09:31:41,958.8,643533
2021-06-08 09:31:42,958.85,643629
2021-06-08 09:31:43,958.8,643743
2021-06-08 09:31:44,958.8,644370
2021-06-08 09:31:45,958.8,644380
2021-06-08 09:31:46,959.0,644512
2021-06-08 09:31:47,959.0,644682
2021-06-08 09:31:48,959.0,644962
2021-06-08 09:31:49,959.5,646284
2021-06-08 09:31:50,959.35,646388
2021-06-08 09:31:51,959.05,646400
2021-06-08 09:31:52,959.75,649885
2021-06-08 09:31:53,959.3,650460
2021-06-08 09:31:54,959.6,650609
2021-06-08 09:31:55,959.3,650754
2021-06-08 09:31:56,959.0,652434
2021-06-08 09:31:57,959.5,652634
2021-06-08 09:31:58,959.05,652641
2021-06-08 09:31:59,959.1,653143
2021-06-08 09:32:00,959.45,653305
2021-06-08 09:32:01,959.45,653717
2021-06-08 09:32:02,959.5,653960
2021-06-08 09:32:03,959.5,653966
2021-06-08 09:32:04,959.45,654263
2021-06-08 09:32:05,959.2,654291
2021-06-08 09:32:06,959.45,654295
2021-06-08 09:32:07,959.45,654326
2021-06-08 09:32:08,959.45,654492
2021-06-08 09:32:09,959.45,654778
2021-06-08 09:32:10,959.45,655388
2021-06-08 09:32:11,959.45,656113
2021-06-08 09:32:12,959.45,656320
2021-06-08 09:32:13,959.45,656320
2021-06-08 09:32:14,959.4,656345
2021-06-08 09:32:15,959.5,656787
2021-06-08 09:32:16,959.5,657037
2021-06-08 09:32:17,959.95,657537
2021-06-08 09:32:18,960.0,658031
2021-06-08 09:32:19,960.0,658618
2021-06-08 09:32:20,960.0,658618
2021-06-08 09:32:22,960.0,659037
2021-06-08 09:32:23,960.0,659169
2021-06-08 09:32:24,959.95,659423
2021-06-08 09:32:25,959.95,660358
2021-06-08 09:32:26,959.8,660604
2021-06-08 09:32:27,959.95,660606
2021-06-08 09:32:28,959.95,662371
2021-06-08 09:32:29,959.8,662421
2021-06-08 09:32:30,959.95,662505
2021-06-08 09:32:31,959.95,662688
2021-06-08 09:32:32,959.95,662688
2021-06-08 09:32:33,959.9,662846
2021-06-08 09:32:34,959.95,663367
2021-06-08 09:32:35,959.95,663424
2021-06-08 09:32:36,959.8,663430
2021-06-08 09:32:37,959.9,663485
2021-06-08 09:32:38,959.9,664087
2021-06-08 09:32:39,959.9,664219
2021-06-08 09:32:40,959.9,664517
2021-06-08 09:32:41,959.6,664761
2021-06-08 09:32:42,959.9,664785
2021-06-08 09:32:43,959.9,665090
2021-06-08 09:32:44,959.95,666840
2021-06-08 09:32:45,959.95,667037
2021-06-08 09:32:46,959.8,667470
2021-06-08 09:32:47,959.45,667620
2021-06-08 09:32:49,959.5,667698
2021-06-08 09:32:48,959.5,667698
2021-06-08 09:32:50,959.9,667845
2021-06-08 09:32:52,959.9,667885
2021-06-08 09:32:53,959.85,668086
2021-06-08 09:32:54,959.85,668086
2021-06-08 09:32:55,959.85,668086
2021-06-08 09:32:56,959.85,668091
2021-06-08 09:32:57,959.85,668407
2021-06-08 09:32:58,959.85,668593
2021-06-08 09:32:59,959.9,668686
2021-06-08 09:33:00,959.85,668871
2021-06-08 09:33:01,959.9,670323
2021-06-08 09:33:02,959.9,670323
2021-06-08 09:33:03,959.9,670898
2021-06-08 09:33:04,959.85,670940
2021-06-08 09:33:05,959.9,675889
2021-06-08 09:33:06,959.9,676307
2021-06-08 09:33:07,959.9,677400
2021-06-08 09:33:09,960.1,689373
2021-06-08 09:33:10,960.1,689497
2021-06-08 09:33:10,960.3,689544
2021-06-08 09:33:11,960.3,689783
2021-06-08 09:33:12,960.15,689901
2021-06-08 09:33:13,960.15,690416
2021-06-08 09:33:14,960.15,690603
2021-06-08 09:33:15,960.15,690639
2021-06-08 09:33:17,960.15,691024
2021-06-08 09:33:18,960.15,691155
2021-06-08 09:33:19,960.3,691165
2021-06-08 09:33:20,960.0,691433
2021-06-08 09:33:21,960.0,691537
2021-06-08 09:33:22,960.15,692086
2021-06-08 09:33:23,960.45,692316
2021-06-08 09:33:24,960.45,692327
2021-06-08 09:33:25,960.25,692505
2021-06-08 09:33:26,960.25,692784
2021-06-08 09:33:27,960.25,692784
2021-06-08 09:33:29,960.25,693237
2021-06-08 09:33:29,960.25,693237
2021-06-08 09:33:30,960.2,693745
2021-06-08 09:33:31,960.5,693820
2021-06-08 09:33:32,960.4,696320
2021-06-08 09:33:34,960.6,697819
2021-06-08 09:33:34,960.6,697819
2021-06-08 09:33:35,960.25,697824
2021-06-08 09:33:36,960.4,697846
2021-06-08 09:33:37,960.4,697989
2021-06-08 09:33:38,960.6,698899
2021-06-08 09:33:39,960.4,698976
2021-06-08 09:33:41,960.4,699115
2021-06-08 09:33:41,960.6,699320
2021-06-08 09:33:42,960.5,699952
2021-06-08 09:33:43,960.8,700099
2021-06-08 09:33:44,960.65,700624
2021-06-08 09:33:46,960.55,700713
2021-06-08 09:33:46,960.8,700813
2021-06-08 09:33:47,960.8,701107
2021-06-08 09:33:48,960.8,701220
2021-06-08 09:33:49,960.6,701957
2021-06-08 09:33:51,960.8,702311
2021-06-08 09:33:52,960.8,702715
2021-06-08 09:33:52,960.8,702715
2021-06-08 09:33:53,960.7,702738
2021-06-08 09:33:54,960.6,703838
2021-06-08 09:33:55,960.8,704086
2021-06-08 09:33:57,960.8,704173
2021-06-08 09:33:57,960.6,704193
2021-06-08 09:33:58,960.6,705150
2021-06-08 09:33:59,960.55,705741
2021-06-08 09:34:00,960.55,706785
2021-06-08 09:34:01,960.5,706911
2021-06-08 09:34:02,960.7,707476
2021-06-08 09:34:03,960.6,708576
2021-06-08 09:34:04,960.5,708581
2021-06-08 09:34:05,960.5,709026
2021-06-08 09:34:06,960.6,709361
2021-06-08 09:34:07,960.55,709522
2021-06-08 09:34:09,960.6,709727
2021-06-08 09:34:09,960.55,709784
2021-06-08 09:34:10,960.55,710005
2021-06-08 09:34:11,960.6,710060
2021-06-08 09:34:12,960.55,710460
2021-06-08 09:34:13,960.7,710864
2021-06-08 09:34:14,960.7,711622
2021-06-08 09:34:15,960.55,711731
2021-06-08 09:34:16,960.5,714900
2021-06-08 09:34:18,960.8,715723
2021-06-08 09:34:19,960.8,715794
2021-06-08 09:34:19,960.8,715797
2021-06-08 09:34:20,960.5,716088
2021-06-08 09:34:21,960.55,716316
2021-06-08 09:34:22,960.55,717904
2021-06-08 09:34:24,960.4,720043
2021-06-08 09:34:25,960.4,720122
2021-06-08 09:34:26,959.9,722625
2021-06-08 09:34:26,960.5,721223
2021-06-08 09:34:27,960.2,722690
2021-06-08 09:34:28,960.2,722770
2021-06-08 09:34:29,960.1,723592
2021-06-08 09:34:30,960.2,724038
2021-06-08 09:34:32,960.05,724642
2021-06-08 09:34:33,960.2,724867
2021-06-08 09:34:33,960.2,724867
2021-06-08 09:34:34,960.05,724869
2021-06-08 09:34:35,960.2,725039
2021-06-08 09:34:36,960.1,726199
2021-06-08 09:34:38,960.3,726339
2021-06-08 09:34:39,960.4,726700
2021-06-08 09:34:40,960.1,726839
2021-06-08 09:34:41,960.45,726973
2021-06-08 09:34:42,960.1,727361
2021-06-08 09:34:43,960.5,727476
2021-06-08 09:34:43,960.05,727776
2021-06-08 09:34:44,960.5,729377
2021-06-08 09:34:45,960.35,729394
2021-06-08 09:34:46,960.0,729638
2021-06-08 09:34:47,960.35,729769
2021-06-08 09:34:48,960.35,729806
2021-06-08 09:34:49,960.6,733899
2021-06-08 09:34:51,960.35,734622
2021-06-08 09:34:51,960.4,734647
2021-06-08 09:34:52,960.1,735012
2021-06-08 09:34:53,960.55,737257
2021-06-08 09:34:54,960.1,737807
2021-06-08 09:34:55,960.0,738190
2021-06-08 09:34:57,960.4,738315
2021-06-08 09:34:58,960.0,738536
2021-06-08 09:34:59,960.3,738687
2021-06-08 09:34:59,960.3,738687
2021-06-08 09:35:00,960.3,739138
2021-06-08 09:35:01,960.3,739378
2021-06-08 09:35:02,960.3,739438
2021-06-08 09:35:03,960.3,739490
2021-06-08 09:35:04,960.0,740207
2021-06-08 09:35:06,960.0,740207
2021-06-08 09:35:06,960.1,740217
2021-06-08 09:35:07,960.3,741422
2021-06-08 09:35:08,960.3,741850
2021-06-08 09:35:09,960.3,742000
2021-06-08 09:35:11,960.3,742258
2021-06-08 09:35:12,960.1,742806
2021-06-08 09:35:13,960.3,742928
2021-06-08 09:35:13,960.3,742928
2021-06-08 09:35:14,960.3,743276
2021-06-08 09:35:15,960.1,743861
2021-06-08 09:35:16,960.3,744137
2021-06-08 09:35:18,960.3,744187
2021-06-08 09:35:19,960.0,744797
2021-06-08 09:35:20,960.3,744879
2021-06-08 09:35:21,960.25,744919
2021-06-08 09:35:22,960.05,745059
2021-06-08 09:35:23,960.15,745830
2021-06-08 09:35:24,960.2,745940
2021-06-08 09:35:24,960.2,745940
2021-06-08 09:35:25,960.0,747245
2021-06-08 09:35:26,960.3,747427
2021-06-08 09:35:28,960.1,748141
2021-06-08 09:35:29,960.0,748161
2021-06-08 09:35:30,960.25,748608
2021-06-08 09:35:31,960.05,748702
2021-06-08 09:35:32,960.15,749042
2021-06-08 09:35:34,960.25,749097
2021-06-08 09:35:35,960.15,749703
2021-06-08 09:35:35,960.05,749803
2021-06-08 09:35:36,960.1,749913
2021-06-08 09:35:37,960.1,749913
2021-06-08 09:35:38,960.2,749929
2021-06-08 09:35:39,960.2,750137
2021-06-08 09:35:41,960.1,750188
2021-06-08 09:35:42,960.15,750362
2021-06-08 09:35:43,960.2,750443
2021-06-08 09:35:44,960.2,750599
2021-06-08 09:35:45,960.05,750672
2021-06-08 09:35:46,960.2,750832
2021-06-08 09:35:47,960.2,751032
2021-06-08 09:35:47,960.2,751032
2021-06-08 09:35:48,960.25,751532
2021-06-08 09:35:49,960.25,751569
2021-06-08 09:35:50,960.15,751637
2021-06-08 09:35:52,960.2,751652
2021-06-08 09:35:53,960.2,752029
2021-06-08 09:35:54,960.2,752279
2021-06-08 09:35:55,960.15,752509
2021-06-08 09:35:55,960.25,752644
2021-06-08 09:35:56,960.15,752663
2021-06-08 09:35:57,960.2,752874
2021-06-08 09:35:59,960.2,753000
2021-06-08 09:36:00,960.05,753122
2021-06-08 09:36:00,960.05,753216
2021-06-08 09:36:01,960.2,753426
2021-06-08 09:36:02,960.2,753451
2021-06-08 09:36:04,960.15,753543
2021-06-08 09:36:05,960.2,753671
2021-06-08 09:36:06,960.2,754208
2021-06-08 09:36:06,960.2,754208
2021-06-08 09:36:07,960.15,754539
2021-06-08 09:36:08,960.2,755711
2021-06-08 09:36:09,960.2,755821
2021-06-08 09:36:10,960.2,755875
2021-06-08 09:36:11,960.2,755914
2021-06-08 09:36:12,960.2,755918
2021-06-08 09:36:13,960.25,756931
2021-06-08 09:36:14,960.25,757111
2021-06-08 09:36:15,960.25,757557
2021-06-08 09:36:16,960.3,757783
2021-06-08 09:36:17,960.55,761798
2021-06-08 09:36:18,960.4,762229
2021-06-08 09:36:19,960.6,762402
2021-06-08 09:36:20,960.3,765888
2021-06-08 09:36:21,960.3,766148
2021-06-08 09:36:22,960.45,766328
2021-06-08 09:36:23,960.25,766586
2021-06-08 09:36:24,960.25,766586
2021-06-08 09:36:25,960.25,766623
2021-06-08 09:36:26,960.25,766623
2021-06-08 09:36:27,960.3,766640
2021-06-08 09:36:28,960.3,766713
2021-06-08 09:36:29,960.25,766768
2021-06-08 09:36:30,960.6,767204
2021-06-08 09:36:31,960.5,768252
2021-06-08 09:36:32,960.5,768480
2021-06-08 09:36:33,960.55,768638
2021-06-08 09:36:35,960.85,768663
2021-06-08 09:36:35,960.55,768803
2021-06-08 09:36:36,960.85,769404
2021-06-08 09:36:37,960.9,769758
2021-06-08 09:36:38,960.9,769758
2021-06-08 09:36:39,960.95,770742
2021-06-08 09:36:40,960.6,770763
2021-06-08 09:36:41,961.0,771113
2021-06-08 09:36:42,961.0,771535
2021-06-08 09:36:43,960.95,772060
2021-06-08 09:36:44,960.3,772175
2021-06-08 09:36:45,960.6,772757
2021-06-08 09:36:46,960.25,772849
2021-06-08 09:36:47,960.6,773338
2021-06-08 09:36:48,960.3,773448
2021-06-08 09:36:50,960.45,773959
2021-06-08 09:36:50,960.9,774440
2021-06-08 09:36:51,961.0,774969
2021-06-08 09:36:52,961.0,774994
2021-06-08 09:36:53,961.0,775089
2021-06-08 09:36:54,961.0,775459
2021-06-08 09:36:55,961.0,775474
2021-06-08 09:36:56,960.95,776137
2021-06-08 09:36:57,960.65,776327
2021-06-08 09:36:58,960.6,776692
2021-06-08 09:36:59,961.0,777773
2021-06-08 09:37:00,961.0,778415
2021-06-08 09:37:01,961.0,778627
2021-06-08 09:37:02,961.0,778762
2021-06-08 09:37:03,961.0,778764
2021-06-08 09:37:04,961.0,779015
2021-06-08 09:37:05,961.0,779239
2021-06-08 09:37:06,960.95,779583
2021-06-08 09:37:07,961.0,780650
2021-06-08 09:37:08,961.0,780890
2021-06-08 09:37:09,961.0,780911
2021-06-08 09:37:10,961.0,781011
2021-06-08 09:37:11,961.0,781093
2021-06-08 09:37:12,960.95,781456
2021-06-08 09:37:13,960.95,781789
2021-06-08 09:37:14,961.0,782130
2021-06-08 09:37:16,961.0,782245
2021-06-08 09:37:17,961.0,782252
2021-06-08 09:37:17,960.95,782407
2021-06-08 09:37:19,960.8,782917
2021-06-08 09:37:20,960.95,783045
2021-06-08 09:37:21,960.9,783049
2021-06-08 09:37:22,960.95,783253
2021-06-08 09:37:22,960.95,783252
2021-06-08 09:37:23,960.85,783333
2021-06-08 09:37:24,960.95,783444
2021-06-08 09:37:25,960.95,783947
2021-06-08 09:37:27,960.95,784122
2021-06-08 09:37:28,960.95,784202
2021-06-08 09:37:29,960.65,784412
2021-06-08 09:37:30,961.05,785914
2021-06-08 09:37:31,961.0,785997
2021-06-08 09:37:32,961.0,785997
2021-06-08 09:37:33,961.2,787346
2021-06-08 09:37:34,961.0,787386
2021-06-08 09:37:35,960.85,787513
2021-06-08 09:37:36,961.0,787552
2021-06-08 09:37:36,961.0,787822
2021-06-08 09:37:37,960.9,787870
2021-06-08 09:37:38,961.35,788200
2021-06-08 09:37:39,960.9,788212
2021-06-08 09:37:41,961.3,788528
2021-06-08 09:37:42,960.8,788530
2021-06-08 09:37:43,961.4,788780
2021-06-08 09:37:44,961.0,789225
2021-06-08 09:37:45,961.45,789885
2021-06-08 09:37:46,961.1,790015
2021-06-08 09:37:47,961.3,790395
2021-06-08 09:37:48,961.25,790411
2021-06-08 09:37:49,961.15,790717
2021-06-08 09:37:50,961.25,790735
2021-06-08 09:37:51,961.2,791106
2021-06-08 09:37:52,961.2,792223
2021-06-08 09:37:53,961.15,793317
2021-06-08 09:37:55,960.65,794958
2021-06-08 09:37:56,961.0,795008
2021-06-08 09:37:57,960.3,796371
2021-06-08 09:37:58,960.25,796589
2021-06-08 09:37:59,960.65,798393
2021-06-08 09:38:00,960.45,798525
2021-06-08 09:38:01,960.3,800233
2021-06-08 09:38:02,959.8,807182
2021-06-08 09:38:03,960.0,807795
2021-06-08 09:38:04,960.15,808055
2021-06-08 09:38:05,960.0,808157
2021-06-08 09:38:06,959.5,808966
2021-06-08 09:38:08,959.6,809550
2021-06-08 09:38:09,959.9,809740
2021-06-08 09:38:10,959.9,810187
2021-06-08 09:38:11,959.65,812114
2021-06-08 09:38:12,960.0,812273
2021-06-08 09:38:13,959.65,812627
2021-06-08 09:38:14,960.0,813064
2021-06-08 09:38:15,959.55,813734
2021-06-08 09:38:15,960.0,813772
2021-06-08 09:38:16,959.9,814052
2021-06-08 09:38:17,959.9,814064
2021-06-08 09:38:19,959.9,814159
2021-06-08 09:38:20,959.9,814269
2021-06-08 09:38:21,959.9,814445
2021-06-08 09:38:21,959.9,814445
2021-06-08 09:38:23,960.0,814787
2021-06-08 09:38:23,959.9,814680
2021-06-08 09:38:25,960.0,815390
2021-06-08 09:38:26,959.9,815445
2021-06-08 09:38:27,959.65,815453
2021-06-08 09:38:28,960.0,815483
2021-06-08 09:38:29,960.0,815522
2021-06-08 09:38:30,960.0,815793
2021-06-08 09:38:31,960.0,815828
2021-06-08 09:38:31,960.0,815828
2021-06-08 09:38:33,960.0,815866
2021-06-08 09:38:33,960.0,815896
2021-06-08 09:38:35,959.95,816492
2021-06-08 09:38:36,959.95,816844
2021-06-08 09:38:38,959.95,817442
2021-06-08 09:38:39,959.95,817450
2021-06-08 09:38:40,960.2,821210
2021-06-08 09:38:41,960.3,822132
2021-06-08 09:38:42,960.5,822142
2021-06-08 09:38:43,960.2,822180
2021-06-08 09:38:44,960.2,822240
2021-06-08 09:38:45,960.65,823265
2021-06-08 09:38:46,960.05,823378
2021-06-08 09:38:47,960.05,824678
2021-06-08 09:38:48,960.55,824888
2021-06-08 09:38:49,960.45,825038
2021-06-08 09:38:50,960.65,825333
2021-06-08 09:38:51,960.35,825737
2021-06-08 09:38:51,960.45,826118
2021-06-08 09:38:53,960.45,826118
2021-06-08 09:38:54,960.45,826118
2021-06-08 09:38:55,960.8,828143
2021-06-08 09:38:56,960.5,828447
2021-06-08 09:38:57,960.35,828572
2021-06-08 09:38:58,960.35,828677
2021-06-08 09:39:00,960.35,829509
2021-06-08 09:38:59,960.0,829489
2021-06-08 09:39:01,960.3,829546
2021-06-08 09:39:02,960.15,829790
2021-06-08 09:39:03,960.45,829941
2021-06-08 09:39:04,960.0,830242
2021-06-08 09:39:06,960.1,830323
2021-06-08 09:39:05,960.1,830293
2021-06-08 09:39:07,960.2,830373
2021-06-08 09:39:08,960.45,830423
2021-06-08 09:39:09,960.2,830529
2021-06-08 09:39:10,960.45,830540
2021-06-08 09:39:11,960.2,830840
2021-06-08 09:39:12,960.45,831119
2021-06-08 09:39:13,960.45,831392
2021-06-08 09:39:14,960.4,831453
2021-06-08 09:39:15,960.35,831963
2021-06-08 09:39:15,960.45,831953
2021-06-08 09:39:16,960.45,832118
2021-06-08 09:39:18,960.4,832473
2021-06-08 09:39:19,960.45,832868
2021-06-08 09:39:20,960.4,833217
2021-06-08 09:39:21,960.6,833640
2021-06-08 09:39:22,960.75,833686
2021-06-08 09:39:23,960.4,833892
2021-06-08 09:39:25,960.45,834018
2021-06-08 09:39:26,960.45,834168
2021-06-08 09:39:27,960.45,834223
2021-06-08 09:39:28,960.65,834487
2021-06-08 09:39:29,960.4,834657
2021-06-08 09:39:30,960.45,834779
2021-06-08 09:39:31,960.65,834820
2021-06-08 09:39:32,960.65,834910
2021-06-08 09:39:33,960.55,834920
2021-06-08 09:39:34,960.55,835751
2021-06-08 09:39:35,960.55,835852
2021-06-08 09:39:35,960.6,835952
2021-06-08 09:39:36,960.6,836075
2021-06-08 09:39:37,960.6,836137
2021-06-08 09:39:38,960.75,836312
2021-06-08 09:39:39,960.75,836562
2021-06-08 09:39:41,960.75,836562
2021-06-08 09:39:42,960.7,836572
2021-06-08 09:39:43,960.65,836638
2021-06-08 09:39:44,960.7,836779
2021-06-08 09:39:45,960.65,836797
2021-06-08 09:39:46,960.85,836897
2021-06-08 09:39:47,960.5,837051
2021-06-08 09:39:48,960.55,837330
2021-06-08 09:39:48,960.55,837390
2021-06-08 09:39:50,960.55,838402
2021-06-08 09:39:51,960.55,838503
2021-06-08 09:39:52,960.6,838541
2021-06-08 09:39:53,961.0,838635
2021-06-08 09:39:54,960.75,838943
2021-06-08 09:39:55,961.0,839069
2021-06-08 09:39:56,960.9,839130
2021-06-08 09:39:57,961.0,839431
2021-06-08 09:39:58,961.0,839743
2021-06-08 09:39:59,960.7,839948
2021-06-08 09:40:00,960.7,839981
2021-06-08 09:40:01,960.7,840061
2021-06-08 09:40:02,960.95,840071
2021-06-08 09:40:03,960.7,840911
2021-06-08 09:40:04,960.85,841072
2021-06-08 09:40:05,960.85,841117
2021-06-08 09:40:06,960.85,841119
2021-06-08 09:40:07,960.9,841332
2021-06-08 09:40:08,961.0,841893
2021-06-08 09:40:09,961.0,841938
2021-06-08 09:40:10,960.9,841963
2021-06-08 09:40:11,960.9,842274
2021-06-08 09:40:11,960.9,842279
2021-06-08 09:40:12,960.95,842739
2021-06-08 09:40:14,960.9,842990
2021-06-08 09:40:15,960.95,843010
2021-06-08 09:40:16,961.0,843038
2021-06-08 09:40:16,960.95,843238
2021-06-08 09:40:18,960.95,843516
2021-06-08 09:40:19,961.0,843629
2021-06-08 09:40:20,961.0,844319
2021-06-08 09:40:21,960.95,844411
2021-06-08 09:40:22,960.95,845222
2021-06-08 09:40:23,960.95,845224
2021-06-08 09:40:24,960.95,845694
2021-06-08 09:40:25,960.95,845844
2021-06-08 09:40:26,960.95,846004
2021-06-08 09:40:27,960.95,846304
2021-06-08 09:40:28,960.95,846700
2021-06-08 09:40:29,960.95,846823
2021-06-08 09:40:30,961.0,847423
2021-06-08 09:40:32,961.0,847895
2021-06-08 09:40:31,960.95,847812
2021-06-08 09:40:33,961.0,847898
2021-06-08 09:40:34,961.0,848078
2021-06-08 09:40:35,961.0,848396
2021-06-08 09:40:36,961.25,848591
2021-06-08 09:40:37,961.2,848856
2021-06-08 09:40:38,960.95,849596
2021-06-08 09:40:39,961.25,849606
2021-06-08 09:40:40,961.25,849632
2021-06-08 09:40:41,960.95,849888
2021-06-08 09:40:42,961.1,851160
2021-06-08 09:40:43,960.75,851223
2021-06-08 09:40:44,960.95,852036
2021-06-08 09:40:45,960.6,852703
2021-06-08 09:40:46,960.95,852870
2021-06-08 09:40:47,960.35,853173
2021-06-08 09:40:48,960.35,853173
2021-06-08 09:40:49,960.8,853477
2021-06-08 09:40:49,960.8,853477
2021-06-08 09:40:50,960.6,853483
2021-06-08 09:40:52,960.6,853489
2021-06-08 09:40:53,960.5,853689
2021-06-08 09:40:54,960.5,853747
2021-06-08 09:40:55,960.5,853756
2021-06-08 09:40:56,960.6,853758
2021-06-08 09:40:57,960.55,854012
2021-06-08 09:40:58,960.5,854532
2021-06-08 09:40:59,960.75,855187
2021-06-08 09:41:01,960.55,855689
2021-06-08 09:41:02,960.7,855746
2021-06-08 09:41:03,960.7,855746
2021-06-08 09:41:04,960.7,855746
2021-06-08 09:41:05,960.65,855848
2021-06-08 09:41:06,960.85,856093
2021-06-08 09:41:07,960.85,856131
2021-06-08 09:41:07,960.75,856141
2021-06-08 09:41:08,960.7,857431
2021-06-08 09:41:09,960.65,857631
2021-06-08 09:41:10,960.75,858072
2021-06-08 09:41:11,960.75,858217
2021-06-08 09:41:13,960.7,858617
2021-06-08 09:41:14,960.95,858791
2021-06-08 09:41:15,960.6,858891
2021-06-08 09:41:16,960.6,858906
2021-06-08 09:41:17,960.6,858986
2021-06-08 09:41:18,960.95,858991
2021-06-08 09:41:19,960.55,859449
2021-06-08 09:41:20,960.2,860891
2021-06-08 09:41:21,960.45,861798
2021-06-08 09:41:23,960.15,862199
2021-06-08 09:41:24,960.15,862464
2021-06-08 09:41:25,960.15,862535
2021-06-08 09:41:26,960.15,862601
2021-06-08 09:41:27,960.05,862808
2021-06-08 09:41:28,960.4,862834
2021-06-08 09:41:29,960.4,862834
2021-06-08 09:41:30,960.05,862901
2021-06-08 09:41:31,960.45,862924
2021-06-08 09:41:32,960.45,863089
2021-06-08 09:41:33,960.45,863090
2021-06-08 09:41:34,960.5,863186
2021-06-08 09:41:35,960.5,863246
2021-06-08 09:41:36,960.4,863247
2021-06-08 09:41:37,960.5,863475
2021-06-08 09:41:38,960.35,863781
2021-06-08 09:41:39,960.5,863846
2021-06-08 09:41:41,960.3,864118
2021-06-08 09:41:43,960.35,864231
2021-06-08 09:41:44,960.5,864283
2021-06-08 09:41:45,960.05,864688
2021-06-08 09:41:46,960.1,864706
2021-06-08 09:41:47,960.1,864717
2021-06-08 09:41:49,960.05,864768
2021-06-08 09:41:50,960.05,864768
2021-06-08 09:41:51,960.05,864768
2021-06-08 09:41:52,960.1,864804
2021-06-08 09:41:53,960.15,865177
2021-06-08 09:41:54,960.15,865352
2021-06-08 09:41:55,960.5,865366
2021-06-08 09:41:56,960.5,865372
2021-06-08 09:41:57,960.05,865706
2021-06-08 09:41:58,960.05,865736
2021-06-08 09:41:59,960.1,865796
2021-06-08 09:42:01,960.1,866169
2021-06-08 09:42:02,960.1,866239
2021-06-08 09:42:03,960.5,866335
2021-06-08 09:42:05,960.5,866585
2021-06-08 09:42:04,960.5,866337
2021-06-08 09:42:06,960.15,866786
2021-06-08 09:42:07,960.5,867088
2021-06-08 09:42:08,960.5,867088
2021-06-08 09:42:09,960.4,867095
2021-06-08 09:42:10,960.4,867095
2021-06-08 09:42:11,960.1,867167
2021-06-08 09:42:12,960.1,867403
2021-06-08 09:42:13,960.15,867473
2021-06-08 09:42:14,960.15,867839
2021-06-08 09:42:15,960.1,867840
2021-06-08 09:42:16,960.1,867872
2021-06-08 09:42:17,960.1,867872
2021-06-08 09:42:18,960.15,868088
2021-06-08 09:42:19,960.1,868120
2021-06-08 09:42:20,960.15,869129
2021-06-08 09:42:21,959.9,873422
2021-06-08 09:42:22,960.0,873457
2021-06-08 09:42:23,960.1,873534
2021-06-08 09:42:24,960.0,873807
2021-06-08 09:42:25,960.0,873807
2021-06-08 09:42:26,960.0,873807
2021-06-08 09:42:27,960.15,874030
2021-06-08 09:42:28,959.95,874046
2021-06-08 09:42:30,960.1,874076
2021-06-08 09:42:29,960.1,874076
2021-06-08 09:42:31,960.1,874077
2021-06-08 09:42:32,960.05,874169
2021-06-08 09:42:33,960.1,874242
2021-06-08 09:42:34,960.1,874700
2021-06-08 09:42:35,960.0,874742
2021-06-08 09:42:36,959.65,875186
2021-06-08 09:42:37,960.0,875288
2021-06-08 09:42:38,960.0,875488
2021-06-08 09:42:39,959.5,875548
2021-06-08 09:42:40,959.95,875653
2021-06-08 09:42:42,959.95,875684
2021-06-08 09:42:41,959.95,875684
2021-06-08 09:42:43,959.95,875730
2021-06-08 09:42:44,959.75,875900
2021-06-08 09:42:45,959.75,875901
2021-06-08 09:42:46,959.75,875909
2021-06-08 09:42:47,959.5,876065
2021-06-08 09:42:48,959.5,876155
2021-06-08 09:42:49,959.55,876183
2021-06-08 09:42:50,959.85,876195
2021-06-08 09:42:51,959.85,876195
2021-06-08 09:42:52,959.75,876293
2021-06-08 09:42:53,959.75,876293
2021-06-08 09:42:54,959.75,876356
2021-06-08 09:42:55,959.7,876547
2021-06-08 09:42:56,959.7,876610
2021-06-08 09:42:57,959.7,876765
2021-06-08 09:42:58,959.5,876866
2021-06-08 09:42:59,959.75,876878
2021-06-08 09:43:00,959.5,877023
2021-06-08 09:43:01,959.6,877098
2021-06-08 09:43:02,959.6,877107
2021-06-08 09:43:03,959.6,877107
2021-06-08 09:43:04,959.6,877136
2021-06-08 09:43:05,959.6,877238
2021-06-08 09:43:06,959.7,877534
2021-06-08 09:43:07,959.7,877534
2021-06-08 09:43:08,959.7,877621
2021-06-08 09:43:09,959.7,877621
2021-06-08 09:43:10,959.7,877622
2021-06-08 09:43:11,959.6,877787
2021-06-08 09:43:12,959.65,878021
2021-06-08 09:43:13,959.7,878213
2021-06-08 09:43:14,959.7,878540
2021-06-08 09:43:15,959.6,878570
2021-06-08 09:43:16,959.6,878600
2021-06-08 09:43:17,959.6,878605
2021-06-08 09:43:18,959.6,878610
2021-06-08 09:43:19,959.6,878822
2021-06-08 09:43:20,959.65,878998
2021-06-08 09:43:21,959.65,879245
2021-06-08 09:43:22,959.1,882749
2021-06-08 09:43:23,959.05,883044
2021-06-08 09:43:24,959.45,883160
2021-06-08 09:43:25,959.05,883176
2021-06-08 09:43:26,959.3,883179
2021-06-08 09:43:27,959.05,883403
2021-06-08 09:43:28,959.3,883532
2021-06-08 09:43:29,959.3,884201
2021-06-08 09:43:30,959.1,884258
2021-06-08 09:43:31,959.3,884329
2021-06-08 09:43:32,959.4,884828
2021-06-08 09:43:33,959.2,884838
2021-06-08 09:43:34,959.2,885076
2021-06-08 09:43:35,959.2,885216
2021-06-08 09:43:36,959.6,885548
2021-06-08 09:43:38,959.7,887360
2021-06-08 09:43:38,959.7,887360
2021-06-08 09:43:39,959.5,889898
2021-06-08 09:43:40,959.25,891070
2021-06-08 09:43:41,959.1,891101
2021-06-08 09:43:42,959.45,891163
2021-06-08 09:43:43,959.3,891271
2021-06-08 09:43:44,959.5,891378
2021-06-08 09:43:45,959.3,891435
2021-06-08 09:43:46,959.6,891596
2021-06-08 09:43:48,959.1,891911
2021-06-08 09:43:49,959.2,891961
2021-06-08 09:43:50,959.3,892471
2021-06-08 09:43:51,959.3,892500
2021-06-08 09:43:51,959.05,892550
2021-06-08 09:43:52,959.2,892779
2021-06-08 09:43:53,959.2,892838
2021-06-08 09:43:54,959.5,892858
2021-06-08 09:43:55,959.85,893702
2021-06-08 09:43:56,959.6,893732
2021-06-08 09:43:57,959.75,894350
2021-06-08 09:43:58,959.35,894351
2021-06-08 09:44:00,959.6,894368
2021-06-08 09:44:01,959.6,894801
2021-06-08 09:44:02,959.6,894896
2021-06-08 09:44:02,959.5,894906
2021-06-08 09:44:04,959.35,895180
2021-06-08 09:44:05,959.35,895195
2021-06-08 09:44:06,959.45,895346
2021-06-08 09:44:07,959.45,895346
2021-06-08 09:44:08,959.45,895356
2021-06-08 09:44:09,959.45,895422
2021-06-08 09:44:10,959.25,895993
2021-06-08 09:44:11,959.3,896003
2021-06-08 09:44:12,959.3,896354
2021-06-08 09:44:13,959.3,896465
2021-06-08 09:44:14,959.1,896864
2021-06-08 09:44:16,959.15,896874
2021-06-08 09:44:17,959.3,897224
2021-06-08 09:44:17,959.3,897244
2021-06-08 09:44:18,959.1,897288
2021-06-08 09:44:19,959.1,897424
2021-06-08 09:44:20,959.3,900148
2021-06-08 09:44:22,959.75,900712
2021-06-08 09:44:22,959.75,900712
2021-06-08 09:44:23,959.25,900722
2021-06-08 09:44:24,959.5,900755
2021-06-08 09:44:25,959.65,900965
2021-06-08 09:44:26,959.3,901015
2021-06-08 09:44:27,959.65,901213
2021-06-08 09:44:29,959.65,901575
2021-06-08 09:44:30,959.1,901947
2021-06-08 09:44:30,959.1,901947
2021-06-08 09:44:31,959.2,902117
2021-06-08 09:44:32,959.4,902341
2021-06-08 09:44:33,959.4,902341
2021-06-08 09:44:34,959.2,902385
2021-06-08 09:44:36,959.05,902645
2021-06-08 09:44:36,959.05,902645
2021-06-08 09:44:37,959.05,903281
2021-06-08 09:44:38,959.05,904817
2021-06-08 09:44:39,958.85,907637
2021-06-08 09:44:40,959.05,907781
2021-06-08 09:44:41,958.7,907852
2021-06-08 09:44:43,958.7,908152
2021-06-08 09:44:43,958.7,908152
2021-06-08 09:44:44,959.1,908184
2021-06-08 09:44:45,958.65,908354
2021-06-08 09:44:46,958.95,908478
2021-06-08 09:44:47,958.6,908588
2021-06-08 09:44:48,958.6,908739
2021-06-08 09:44:49,958.9,908759
2021-06-08 09:44:50,958.75,908866
2021-06-08 09:44:51,958.9,908896
2021-06-08 09:44:52,958.9,909108
2021-06-08 09:44:54,958.75,909275
2021-06-08 09:44:55,958.9,909614
2021-06-08 09:44:55,958.9,909619
2021-06-08 09:44:56,958.9,909624
2021-06-08 09:44:57,959.0,909626
2021-06-08 09:44:58,959.0,909770
2021-06-08 09:44:59,959.0,909944
2021-06-08 09:45:01,958.9,911150
2021-06-08 09:45:02,958.9,911175
2021-06-08 09:45:03,959.0,911829
2021-06-08 09:45:03,959.0,911869
2021-06-08 09:45:04,959.2,912163
2021-06-08 09:45:05,958.9,912276
2021-06-08 09:45:06,958.95,912425
2021-06-08 09:45:07,959.0,913035
2021-06-08 09:45:08,958.75,913127
2021-06-08 09:45:09,958.9,913356
2021-06-08 09:45:10,958.9,913356
2021-06-08 09:45:11,958.9,913410
2021-06-08 09:45:12,958.9,913484
2021-06-08 09:45:13,958.85,913598
2021-06-08 09:45:14,958.9,913705
2021-06-08 09:45:16,958.85,913803
2021-06-08 09:45:16,958.75,914366
2021-06-08 09:45:17,958.75,914379
2021-06-08 09:45:18,958.35,915507
2021-06-08 09:45:19,958.6,915574
2021-06-08 09:45:20,958.55,916024
2021-06-08 09:45:22,958.5,916249
2021-06-08 09:45:23,958.1,916499
2021-06-08 09:45:24,958.0,917155
2021-06-08 09:45:28,958.05,917733
2021-06-08 09:45:29,958.05,918243
2021-06-08 09:45:30,958.45,918697
2021-06-08 09:45:31,958.25,927619
2021-06-08 09:45:33,957.95,928347
2021-06-08 09:45:34,958.5,928919
2021-06-08 09:45:35,958.15,929047
2021-06-08 09:45:37,958.4,929359
2021-06-08 09:45:38,958.15,929899
2021-06-08 09:45:39,958.0,930007
2021-06-08 09:45:40,957.95,930047
2021-06-08 09:45:41,958.0,930562
2021-06-08 09:45:41,958.15,930812
2021-06-08 09:45:42,957.9,931176
2021-06-08 09:45:43,958.0,931435
2021-06-08 09:45:44,957.85,931612
2021-06-08 09:45:45,958.0,931755
2021-06-08 09:45:46,958.15,932083
2021-06-08 09:45:47,957.95,932733
2021-06-08 09:45:48,958.15,932898
2021-06-08 09:45:50,957.8,932945
2021-06-08 09:45:51,957.8,932972
2021-06-08 09:45:52,957.85,933313
2021-06-08 09:45:53,958.0,933498
2021-06-08 09:45:54,957.8,933783
2021-06-08 09:45:55,957.8,933801
2021-06-08 09:45:56,958.0,933807
2021-06-08 09:45:57,957.8,933832
2021-06-08 09:45:58,958.05,934156
2021-06-08 09:45:59,958.25,934794
2021-06-08 09:46:00,958.1,934888
2021-06-08 09:46:00,958.1,935000
2021-06-08 09:46:01,958.1,935755
2021-06-08 09:46:03,958.05,937063
2021-06-08 09:46:04,958.0,937363
2021-06-08 09:46:05,958.4,937365
2021-06-08 09:46:06,958.4,937365
2021-06-08 09:46:08,958.4,937593
2021-06-08 09:46:09,958.05,937618
2021-06-08 09:46:10,958.4,937785
2021-06-08 09:46:11,958.3,940078
2021-06-08 09:46:12,958.35,940121
2021-06-08 09:46:13,958.3,940336
2021-06-08 09:46:14,958.3,940401
2021-06-08 09:46:15,958.05,940532
2021-06-08 09:46:16,958.05,940726
2021-06-08 09:46:17,958.35,942331
2021-06-08 09:46:18,958.3,942338
2021-06-08 09:46:19,958.3,942447
2021-06-08 09:46:20,958.1,942511
2021-06-08 09:46:21,958.15,942735
2021-06-08 09:46:23,958.05,943276
2021-06-08 09:46:24,958.0,943541
2021-06-08 09:46:25,958.1,943613
2021-06-08 09:46:26,958.0,943708
2021-06-08 09:46:27,958.0,944065
2021-06-08 09:46:28,958.0,944155
2021-06-08 09:46:29,958.0,944302
2021-06-08 09:46:30,958.25,944319
2021-06-08 09:46:31,958.3,944539
2021-06-08 09:46:32,958.0,944554
2021-06-08 09:46:33,958.0,945619
2021-06-08 09:46:34,958.0,946019
2021-06-08 09:46:35,958.05,946107
2021-06-08 09:46:37,958.25,946139
2021-06-08 09:46:38,958.15,946146
2021-06-08 09:46:39,958.1,946254
2021-06-08 09:46:41,958.15,946659
2021-06-08 09:46:42,958.25,946898
2021-06-08 09:46:43,958.35,947024
2021-06-08 09:46:44,958.4,947335
2021-06-08 09:46:45,958.35,947380
2021-06-08 09:46:46,958.25,947475
2021-06-08 09:46:47,958.25,947870
2021-06-08 09:46:48,958.4,948013
2021-06-08 09:46:48,958.25,948228
2021-06-08 09:46:49,958.25,948405
2021-06-08 09:46:50,958.35,948737
2021-06-08 09:46:51,958.05,948748
2021-06-08 09:46:52,958.3,949076
2021-06-08 09:46:54,958.2,949312
2021-06-08 09:46:55,958.25,949458
2021-06-08 09:46:56,958.2,949653
2021-06-08 09:46:57,958.2,950006
2021-06-08 09:46:58,958.05,950417
2021-06-08 09:46:59,958.05,950517
2021-06-08 09:47:00,958.25,950642
2021-06-08 09:47:01,958.25,950642
2021-06-08 09:47:02,958.2,950741
2021-06-08 09:47:03,958.4,950855
2021-06-08 09:47:04,958.4,950896
2021-06-08 09:47:05,958.05,951071
2021-06-08 09:47:06,958.1,951126
2021-06-08 09:47:07,958.4,951718
2021-06-08 09:47:08,958.15,951818
2021-06-08 09:47:09,958.2,951869
2021-06-08 09:47:10,958.15,951878
2021-06-08 09:47:11,958.0,952907
2021-06-08 09:47:12,958.1,953233
2021-06-08 09:47:13,958.15,953418
2021-06-08 09:47:14,958.1,953493
2021-06-08 09:47:15,958.0,953699
2021-06-08 09:47:16,958.2,954104
2021-06-08 09:47:17,958.0,954222
2021-06-08 09:47:18,958.0,954247
2021-06-08 09:47:19,958.0,954262
2021-06-08 09:47:20,958.0,954625
2021-06-08 09:47:22,958.1,954979
2021-06-08 09:47:23,958.1,955179
2021-06-08 09:47:24,958.0,955879
2021-06-08 09:47:25,958.0,956004
2021-06-08 09:47:26,958.0,956112
2021-06-08 09:47:27,958.1,956170
2021-06-08 09:47:28,958.2,956264
2021-06-08 09:47:28,958.4,957650
2021-06-08 09:47:29,958.05,957676
2021-06-08 09:47:30,958.45,957816
2021-06-08 09:47:31,958.5,958141
2021-06-08 09:47:32,958.15,958193
2021-06-08 09:47:33,958.45,958313
2021-06-08 09:47:35,958.45,958386
2021-06-08 09:47:36,958.75,958708
2021-06-08 09:47:37,958.7,958900
2021-06-08 09:47:38,958.6,959053
2021-06-08 09:47:39,958.75,959058
2021-06-08 09:47:40,958.9,959443
2021-06-08 09:47:41,958.9,959549
2021-06-08 09:47:42,958.7,959584
2021-06-08 09:47:43,958.7,960033
2021-06-08 09:47:44,958.55,960188
2021-06-08 09:47:45,958.55,960288
2021-06-08 09:47:46,958.55,960288
2021-06-08 09:47:47,958.55,960298
2021-06-08 09:47:48,958.75,960335
2021-06-08 09:47:49,958.8,960383
2021-06-08 09:47:50,958.8,960501
2021-06-08 09:47:51,958.7,960533
2021-06-08 09:47:52,958.8,960557
2021-06-08 09:47:53,958.85,960568
2021-06-08 09:47:54,958.85,960949
2021-06-08 09:47:56,958.95,960950
2021-06-08 09:47:57,958.85,961788
2021-06-08 09:47:58,958.85,961889
2021-06-08 09:47:59,958.8,961896
2021-06-08 09:48:00,958.85,963610
2021-06-08 09:48:01,959.2,963961
2021-06-08 09:48:02,959.5,964075
2021-06-08 09:48:03,959.5,964148
2021-06-08 09:48:04,959.55,964553
2021-06-08 09:48:05,959.45,966065
2021-06-08 09:48:06,959.7,966076
2021-06-08 09:48:07,959.45,966421
2021-06-08 09:48:08,959.4,966775
2021-06-08 09:48:09,959.35,966838
2021-06-08 09:48:10,959.7,966947
2021-06-08 09:48:12,959.7,967626
2021-06-08 09:48:13,959.7,967958
2021-06-08 09:48:14,959.3,968382
2021-06-08 09:48:15,959.3,968382
2021-06-08 09:48:16,959.7,968455
2021-06-08 09:48:17,959.7,968557
2021-06-08 09:48:18,959.7,968575
2021-06-08 09:48:19,959.7,968609
2021-06-08 09:48:20,959.3,969655
2021-06-08 09:48:21,959.25,969735
2021-06-08 09:48:22,959.25,970464
2021-06-08 09:48:23,959.25,970492
2021-06-08 09:48:24,959.25,970550
2021-06-08 09:48:25,959.3,970651
2021-06-08 09:48:26,959.45,970680
2021-06-08 09:48:27,959.25,971612
2021-06-08 09:48:28,959.65,971643
2021-06-08 09:48:29,959.25,971837
2021-06-08 09:48:30,959.7,971991
2021-06-08 09:48:31,959.3,972091
2021-06-08 09:48:33,959.7,972269
2021-06-08 09:48:34,959.85,972485
2021-06-08 09:48:36,959.55,972545
2021-06-08 09:48:37,959.55,972700
2021-06-08 09:48:38,959.3,973225
2021-06-08 09:48:39,959.3,973225
2021-06-08 09:48:40,959.5,973329
2021-06-08 09:48:41,959.8,973472
2021-06-08 09:48:42,959.55,973675
2021-06-08 09:48:43,959.95,974333
2021-06-08 09:48:44,959.85,974407
2021-06-08 09:48:45,959.9,974422
2021-06-08 09:48:46,959.95,975183
2021-06-08 09:48:47,959.55,975392
2021-06-08 09:48:48,959.6,975451
2021-06-08 09:48:49,959.6,975515
2021-06-08 09:48:50,959.6,975788
2021-06-08 09:48:51,959.6,975889
2021-06-08 09:48:52,959.8,975925
2021-06-08 09:48:53,959.8,975978
2021-06-08 09:48:54,959.95,976159
2021-06-08 09:48:54,959.95,976159
2021-06-08 09:48:55,959.8,976452
2021-06-08 09:48:56,959.95,976719
2021-06-08 09:48:57,959.95,976843
2021-06-08 09:48:58,959.95,976843
2021-06-08 09:48:59,959.8,976848
2021-06-08 09:49:01,959.8,977398
2021-06-08 09:49:02,959.9,977519
2021-06-08 09:49:03,959.9,977624
2021-06-08 09:49:04,959.9,977788
2021-06-08 09:49:05,960.1,985172
2021-06-08 09:49:06,959.7,985222
2021-06-08 09:49:07,960.1,985274
2021-06-08 09:49:08,959.95,985304
2021-06-08 09:49:09,960.1,985584
2021-06-08 09:49:10,960.1,985594
2021-06-08 09:49:12,960.1,986022
2021-06-08 09:49:13,959.9,986096
2021-06-08 09:49:14,960.1,986590
2021-06-08 09:49:15,959.85,986773
2021-06-08 09:49:16,960.1,986982
2021-06-08 09:49:17,959.8,987010
2021-06-08 09:49:18,960.0,987567
2021-06-08 09:49:20,959.7,989877
2021-06-08 09:49:21,959.65,990034
2021-06-08 09:49:22,960.0,990144
2021-06-08 09:49:23,960.0,991219
2021-06-08 09:49:25,959.75,991677
2021-06-08 09:49:26,960.2,991724
2021-06-08 09:49:27,960.2,991834
2021-06-08 09:49:28,959.75,991864
2021-06-08 09:49:29,960.0,991901
2021-06-08 09:49:30,960.0,992036
2021-06-08 09:49:31,960.0,992223
2021-06-08 09:49:32,959.9,992561
2021-06-08 09:49:33,960.1,993253
2021-06-08 09:49:34,960.05,993426
2021-06-08 09:49:35,960.15,993533
2021-06-08 09:49:36,960.5,993800
2021-06-08 09:49:37,960.15,994081
2021-06-08 09:49:38,960.5,994315
2021-06-08 09:49:39,960.1,994474
2021-06-08 09:49:40,959.85,996910
2021-06-08 09:49:41,959.4,997010
2021-06-08 09:49:42,959.8,997270
2021-06-08 09:49:43,959.6,997771
2021-06-08 09:49:43,959.6,997771
2021-06-08 09:49:44,959.95,997886
2021-06-08 09:49:45,959.65,997974
2021-06-08 09:49:46,959.95,997984
2021-06-08 09:49:48,959.95,998965
2021-06-08 09:49:49,959.6,1000120
2021-06-08 09:49:50,959.6,1000145
2021-06-08 09:49:51,959.65,1000291
2021-06-08 09:49:52,959.8,1000307
2021-06-08 09:49:53,959.6,1000408
2021-06-08 09:49:54,959.75,1000418
2021-06-08 09:49:55,959.6,1000438
2021-06-08 09:49:56,959.8,1000613
2021-06-08 09:49:58,959.75,1000866
2021-06-08 09:49:59,959.9,1000962
2021-06-08 09:50:00,959.75,1001263
2021-06-08 09:50:01,959.75,1001295
2021-06-08 09:50:02,959.85,1002874
2021-06-08 09:50:03,959.9,1003445
2021-06-08 09:50:04,959.7,1003825
2021-06-08 09:50:05,959.3,1004416
2021-06-08 09:50:06,959.3,1004476
2021-06-08 09:50:07,959.6,1004479
2021-06-08 09:50:08,959.25,1004589
2021-06-08 09:50:09,959.25,1004589
2021-06-08 09:50:10,959.3,1004640
2021-06-08 09:50:11,959.3,1004931
2021-06-08 09:50:12,959.25,1005156
2021-06-08 09:50:12,959.25,1005156
2021-06-08 09:50:13,959.3,1006366
2021-06-08 09:50:14,959.5,1006442
2021-06-08 09:50:15,959.75,1006705
2021-06-08 09:50:16,959.75,1006705
2021-06-08 09:50:17,959.75,1006724
2021-06-08 09:50:18,959.55,1006937
2021-06-08 09:50:20,959.55,1007062
2021-06-08 09:50:21,959.95,1007560
2021-06-08 09:50:22,959.75,1007610
2021-06-08 09:50:23,960.0,1007688
2021-06-08 09:50:24,960.0,1007688
2021-06-08 09:50:24,960.0,1007688
2021-06-08 09:50:25,959.85,1007825
2021-06-08 09:50:27,960.0,1008068
2021-06-08 09:50:28,959.5,1008318
2021-06-08 09:50:29,960.0,1008368
2021-06-08 09:50:30,960.0,1008368
2021-06-08 09:50:31,960.0,1008368
2021-06-08 09:50:32,959.8,1008420
2021-06-08 09:50:33,959.8,1008524
2021-06-08 09:50:34,959.8,1008563
2021-06-08 09:50:35,959.8,1008688
2021-06-08 09:50:36,960.0,1008698
2021-06-08 09:50:37,960.0,1008958
2021-06-08 09:50:39,959.6,1009270
2021-06-08 09:50:40,959.8,1009354
2021-06-08 09:50:41,959.45,1010354
2021-06-08 09:50:42,959.45,1010714
2021-06-08 09:50:43,959.7,1010715
2021-06-08 09:50:44,959.85,1010845
2021-06-08 09:50:45,959.9,1010864
2021-06-08 09:50:46,959.7,1010865
2021-06-08 09:50:47,959.7,1010922
2021-06-08 09:50:48,959.7,1010951
2021-06-08 09:50:49,959.9,1011071
2021-06-08 09:50:50,959.9,1011076
2021-06-08 09:50:51,960.0,1011526
2021-06-08 09:50:52,960.0,1011563
2021-06-08 09:50:53,959.95,1011626
2021-06-08 09:50:54,959.95,1012194
2021-06-08 09:50:55,960.0,1012912
2021-06-08 09:50:56,960.0,1013150
2021-06-08 09:50:57,959.95,1013550
2021-06-08 09:50:58,959.95,1013661
2021-06-08 09:50:59,959.95,1013719
2021-06-08 09:51:00,959.95,1013841
2021-06-08 09:51:01,960.0,1013961
2021-06-08 09:51:02,959.95,1014259
2021-06-08 09:51:03,959.95,1014282
2021-06-08 09:51:05,959.95,1014852
2021-06-08 09:51:06,959.9,1014924
2021-06-08 09:51:08,960.0,1015147
2021-06-08 09:51:08,960.0,1015377
2021-06-08 09:51:10,960.0,1015658
2021-06-08 09:51:11,959.95,1015759
2021-06-08 09:51:12,960.0,1016303
2021-06-08 09:51:13,960.0,1016312
2021-06-08 09:51:15,960.0,1016341
2021-06-08 09:51:16,960.0,1017244
2021-06-08 09:51:17,959.9,1017254
2021-06-08 09:51:18,959.9,1018082
2021-06-08 09:51:19,959.75,1018093
2021-06-08 09:51:20,959.9,1018101
2021-06-08 09:51:21,959.7,1018414
2021-06-08 09:51:22,959.75,1018653
2021-06-08 09:51:23,959.85,1018764
2021-06-08 09:51:24,959.9,1019114
2021-06-08 09:51:25,959.9,1019114
2021-06-08 09:51:26,959.9,1019614
2021-06-08 09:51:27,959.75,1019664
2021-06-08 09:51:28,959.75,1020369
2021-06-08 09:51:29,959.75,1020941
2021-06-08 09:51:32,959.75,1021781
2021-06-08 09:51:33,959.75,1021962
2021-06-08 09:51:33,959.75,1021977
2021-06-08 09:51:34,959.75,1022006
2021-06-08 09:51:36,959.6,1022239
2021-06-08 09:51:38,959.75,1022260
2021-06-08 09:51:39,959.6,1022275
2021-06-08 09:51:40,959.9,1022288
2021-06-08 09:51:41,959.85,1022338
2021-06-08 09:51:42,959.5,1022721
2021-06-08 09:51:43,959.5,1022881
2021-06-08 09:51:44,959.5,1022887
2021-06-08 09:51:45,959.6,1022967
2021-06-08 09:51:46,959.85,1022992
2021-06-08 09:51:47,959.85,1023164
2021-06-08 09:51:47,959.85,1023164
2021-06-08 09:51:48,959.85,1023164
2021-06-08 09:51:49,959.85,1023194
2021-06-08 09:51:50,959.9,1023272
2021-06-08 09:51:51,959.75,1023596
2021-06-08 09:51:53,959.85,1024121
2021-06-08 09:51:54,959.5,1024632
2021-06-08 09:51:55,959.45,1024642
2021-06-08 09:51:56,959.45,1024764
2021-06-08 09:51:57,959.65,1025280
2021-06-08 09:51:58,959.65,1025443
2021-06-08 09:51:59,959.65,1025443
2021-06-08 09:52:00,959.5,1025568
2021-06-08 09:52:00,959.5,1025568
2021-06-08 09:52:02,959.6,1025748
2021-06-08 09:52:03,959.85,1025749
2021-06-08 09:52:04,959.6,1025814
2021-06-08 09:52:05,959.9,1025939
2021-06-08 09:52:06,959.85,1026176
2021-06-08 09:52:07,959.7,1026311
2021-06-08 09:52:08,959.9,1026420
2021-06-08 09:52:09,959.9,1026420
2021-06-08 09:52:09,959.9,1026420
2021-06-08 09:52:11,959.75,1027120
2021-06-08 09:52:12,959.9,1027145
2021-06-08 09:52:13,959.55,1027987
2021-06-08 09:52:14,959.2,1028225
2021-06-08 09:52:15,959.2,1028225
2021-06-08 09:52:16,959.15,1028323
2021-06-08 09:52:17,959.2,1028427
2021-06-08 09:52:18,959.2,1028427
2021-06-08 09:52:19,959.55,1028579
2021-06-08 09:52:20,959.55,1028689
2021-06-08 09:52:21,959.55,1028689
2021-06-08 09:52:22,959.55,1028864
2021-06-08 09:52:23,959.4,1028939
2021-06-08 09:52:24,959.55,1029605
2021-06-08 09:52:25,959.4,1029655
2021-06-08 09:52:26,959.4,1029726
2021-06-08 09:52:28,959.5,1029847
2021-06-08 09:52:27,959.5,1029847
2021-06-08 09:52:29,959.3,1029852
2021-06-08 09:52:30,959.25,1031200
2021-06-08 09:52:31,959.7,1031210
2021-06-08 09:52:33,959.7,1031636
2021-06-08 09:52:34,959.7,1031636
2021-06-08 09:52:35,959.8,1031976
2021-06-08 09:52:36,959.55,1032056
2021-06-08 09:52:37,959.85,1032225
2021-06-08 09:52:39,959.85,1032355
2021-06-08 09:52:40,959.75,1032524
2021-06-08 09:52:41,959.7,1032544
2021-06-08 09:52:42,959.75,1033035
2021-06-08 09:52:43,959.65,1034338
2021-06-08 09:52:44,959.9,1034451
2021-06-08 09:52:45,959.9,1034451
2021-06-08 09:52:46,959.75,1034770
2021-06-08 09:52:49,959.75,1035036
2021-06-08 09:52:48,959.75,1035026
2021-06-08 09:52:50,959.75,1035036
2021-06-08 09:52:51,959.75,1035041
2021-06-08 09:52:52,959.75,1035265
2021-06-08 09:52:53,959.8,1035392
2021-06-08 09:52:54,959.8,1035392
2021-06-08 09:52:55,959.8,1035412
2021-06-08 09:52:56,959.7,1035430
2021-06-08 09:52:57,959.7,1035457
2021-06-08 09:52:58,959.9,1035715
2021-06-08 09:52:59,959.8,1035766
2021-06-08 09:53:00,959.9,1035773
2021-06-08 09:53:01,959.9,1035883
2021-06-08 09:53:02,959.9,1035913
2021-06-08 09:53:03,959.85,1036019
2021-06-08 09:53:04,959.85,1036020
2021-06-08 09:53:05,959.85,1036030
2021-06-08 09:53:07,959.9,1036256
2021-06-08 09:53:06,959.9,1036256
2021-06-08 09:53:08,959.9,1036311
2021-06-08 09:53:09,960.0,1045282
2021-06-08 09:53:10,959.95,1045367
2021-06-08 09:53:12,960.0,1046093
2021-06-08 09:53:13,959.95,1046191
2021-06-08 09:53:14,959.95,1046247
2021-06-08 09:53:15,960.0,1046281
2021-06-08 09:53:16,959.95,1046394
2021-06-08 09:53:17,960.0,1046469
2021-06-08 09:53:18,959.95,1046474
2021-06-08 09:53:19,960.0,1047197
2021-06-08 09:53:20,959.9,1047270
2021-06-08 09:53:21,959.95,1047409
2021-06-08 09:53:22,960.0,1047939
2021-06-08 09:53:23,960.0,1047939
2021-06-08 09:53:24,960.0,1047939
2021-06-08 09:53:25,960.0,1047945
2021-06-08 09:53:26,960.0,1048226
2021-06-08 09:53:27,960.0,1048234
2021-06-08 09:53:28,959.9,1048235
2021-06-08 09:53:29,960.0,1048241
2021-06-08 09:53:30,960.0,1048272
2021-06-08 09:53:31,959.95,1048297
2021-06-08 09:53:32,960.0,1048526
2021-06-08 09:53:33,959.95,1048532
2021-06-08 09:53:34,960.0,1048592
2021-06-08 09:53:35,959.95,1048622
2021-06-08 09:53:36,960.0,1048844
2021-06-08 09:53:37,960.0,1048944
2021-06-08 09:53:38,959.95,1048964
2021-06-08 09:53:39,960.0,1048974
2021-06-08 09:53:40,959.95,1049284
2021-06-08 09:53:41,960.0,1050128
2021-06-08 09:53:42,959.9,1051328
2021-06-08 09:53:43,960.0,1051338
2021-06-08 09:53:44,960.0,1051363
2021-06-08 09:53:45,960.0,1051363
2021-06-08 09:53:46,959.9,1051863
2021-06-08 09:53:47,960.0,1051866
2021-06-08 09:53:48,960.0,1051932
2021-06-08 09:53:49,960.0,1052019
2021-06-08 09:53:50,960.0,1052029
2021-06-08 09:53:51,960.0,1052029
2021-06-08 09:53:53,959.95,1052074
2021-06-08 09:53:54,960.0,1052444
2021-06-08 09:53:55,959.95,1052757
2021-06-08 09:53:56,960.0,1055696
2021-06-08 09:53:57,960.05,1055802
2021-06-08 09:54:00,960.15,1056174
2021-06-08 09:54:01,960.3,1058171
2021-06-08 09:54:03,960.0,1058447
2021-06-08 09:54:04,960.45,1058620
2021-06-08 09:54:05,960.45,1058720
2021-06-08 09:54:06,960.0,1058730
2021-06-08 09:54:07,960.4,1058975
2021-06-08 09:54:09,960.0,1060600
2021-06-08 09:54:10,960.3,1063173
2021-06-08 09:54:11,960.3,1063253
2021-06-08 09:54:12,960.0,1063382
2021-06-08 09:54:13,960.0,1063592
2021-06-08 09:54:14,960.0,1063592
2021-06-08 09:54:15,960.3,1063802
2021-06-08 09:54:16,960.3,1063982
2021-06-08 09:54:17,960.0,1064018
2021-06-08 09:54:18,960.0,1064119
2021-06-08 09:54:19,960.0,1064279
2021-06-08 09:54:20,960.0,1064400
2021-06-08 09:54:21,960.3,1064627
2021-06-08 09:54:22,960.3,1064772
2021-06-08 09:54:23,960.3,1064877
2021-06-08 09:54:24,960.3,1064937
2021-06-08 09:54:25,960.25,1064942
2021-06-08 09:54:27,960.3,1065102
2021-06-08 09:54:27,960.3,1065110
2021-06-08 09:54:28,960.15,1065270
2021-06-08 09:54:29,960.3,1065770
2021-06-08 09:54:30,960.25,1065842
2021-06-08 09:54:31,960.25,1065872
2021-06-08 09:54:32,960.25,1065927
2021-06-08 09:54:33,960.3,1065962
2021-06-08 09:54:34,960.3,1066362
2021-06-08 09:54:36,960.3,1066501
2021-06-08 09:54:36,960.3,1066501
2021-06-08 09:54:37,960.45,1067011
2021-06-08 09:54:38,960.45,1067239
2021-06-08 09:54:39,960.45,1067286
2021-06-08 09:54:41,960.35,1067986
2021-06-08 09:54:41,960.3,1068156
2021-06-08 09:54:43,960.25,1068978
2021-06-08 09:54:44,959.2,1072635
2021-06-08 09:54:45,959.65,1072735
2021-06-08 09:54:45,959.35,1072785
2021-06-08 09:54:46,959.4,1072935
2021-06-08 09:54:47,959.1,1073079
2021-06-08 09:54:48,959.5,1073097
2021-06-08 09:54:49,959.5,1073144
2021-06-08 09:54:50,959.5,1073144
2021-06-08 09:54:51,959.25,1073426
2021-06-08 09:54:52,959.25,1073431
2021-06-08 09:54:53,959.55,1073531
2021-06-08 09:54:54,959.6,1073862
2021-06-08 09:54:55,959.6,1073862
2021-06-08 09:54:56,959.65,1073902
2021-06-08 09:54:57,959.65,1074007
2021-06-08 09:54:58,959.75,1074260
2021-06-08 09:54:59,959.65,1074320
2021-06-08 09:55:00,959.3,1074370
2021-06-08 09:55:01,959.65,1074473
2021-06-08 09:55:02,959.6,1074488
2021-06-08 09:55:03,959.8,1074746
2021-06-08 09:55:04,959.8,1075096
2021-06-08 09:55:05,959.8,1075202
2021-06-08 09:55:06,959.3,1075208
2021-06-08 09:55:08,959.5,1075234
2021-06-08 09:55:08,959.5,1075329
2021-06-08 09:55:09,959.6,1075430
2021-06-08 09:55:10,959.5,1075638
2021-06-08 09:55:12,959.35,1076002
2021-06-08 09:55:12,959.35,1076092
2021-06-08 09:55:13,959.35,1076092
2021-06-08 09:55:14,959.35,1076644
2021-06-08 09:55:15,959.35,1076663
2021-06-08 09:55:16,959.45,1077108
2021-06-08 09:55:17,959.45,1077108
2021-06-08 09:55:18,959.45,1077108
2021-06-08 09:55:19,959.0,1077208
2021-06-08 09:55:20,959.4,1077218
2021-06-08 09:55:21,959.35,1077238
2021-06-08 09:55:22,959.2,1077290
2021-06-08 09:55:23,959.2,1077343
2021-06-08 09:55:24,959.35,1077364
2021-06-08 09:55:26,959.55,1077768
2021-06-08 09:55:27,959.55,1077768
2021-06-08 09:55:28,959.55,1077882
2021-06-08 09:55:29,959.1,1077892
2021-06-08 09:55:30,959.3,1081063
2021-06-08 09:55:31,959.3,1081103
2021-06-08 09:55:32,959.2,1081158
2021-06-08 09:55:34,959.1,1081203
2021-06-08 09:55:34,959.2,1081376
2021-06-08 09:55:35,959.2,1081379
2021-06-08 09:55:37,959.0,1082205
2021-06-08 09:55:37,959.0,1082205
2021-06-08 09:55:38,959.1,1082264
2021-06-08 09:55:39,959.1,1082264
2021-06-08 09:55:40,959.0,1082406
2021-06-08 09:55:41,959.1,1082506
2021-06-08 09:55:42,959.0,1082714
2021-06-08 09:55:43,959.15,1082794
2021-06-08 09:55:44,958.85,1082804
2021-06-08 09:55:45,959.0,1082816
2021-06-08 09:55:46,959.0,1082826
2021-06-08 09:55:48,958.55,1083947
2021-06-08 09:55:49,958.55,1083948
2021-06-08 09:55:49,958.5,1084213
2021-06-08 09:55:50,958.5,1084213
2021-06-08 09:55:51,958.6,1084315
2021-06-08 09:55:53,958.65,1084335
2021-06-08 09:55:53,958.6,1084436
2021-06-08 09:55:55,958.95,1084538
2021-06-08 09:55:56,958.95,1084706
2021-06-08 09:55:57,958.6,1084731
2021-06-08 09:55:58,958.65,1084736
2021-06-08 09:55:58,958.65,1084736
2021-06-08 09:55:59,958.7,1084836
2021-06-08 09:56:00,958.7,1085145
2021-06-08 09:56:01,958.65,1086200
2021-06-08 09:56:03,958.65,1087056
2021-06-08 09:56:04,958.55,1087072
2021-06-08 09:56:05,958.55,1087495
2021-06-08 09:56:06,958.55,1087495
2021-06-08 09:56:07,958.6,1088074
2021-06-08 09:56:08,958.6,1088077
2021-06-08 09:56:09,958.6,1088082
2021-06-08 09:56:10,958.55,1088119
2021-06-08 09:56:11,958.55,1088221
2021-06-08 09:56:12,958.55,1088410
2021-06-08 09:56:13,958.6,1088479
2021-06-08 09:56:14,958.6,1089146
2021-06-08 09:56:15,958.6,1089285
2021-06-08 09:56:16,958.6,1089739
2021-06-08 09:56:17,958.6,1089739
2021-06-08 09:56:18,958.6,1089954
2021-06-08 09:56:19,958.55,1089959
2021-06-08 09:56:20,958.55,1090464
2021-06-08 09:56:22,958.4,1091056
2021-06-08 09:56:23,958.4,1091056
2021-06-08 09:56:23,958.55,1091074
2021-06-08 09:56:25,958.4,1091114
2021-06-08 09:56:25,958.35,1091344
2021-06-08 09:56:26,958.6,1091696
2021-06-08 09:56:27,958.55,1091756
2021-06-08 09:56:28,958.05,1093216
2021-06-08 09:56:29,958.05,1093397
2021-06-08 09:56:30,958.45,1093455
2021-06-08 09:56:31,958.45,1093455
2021-06-08 09:56:32,958.25,1093780
2021-06-08 09:56:33,958.25,1094113
2021-06-08 09:56:34,958.25,1094113
2021-06-08 09:56:35,958.35,1094163
2021-06-08 09:56:36,958.45,1094324
2021-06-08 09:56:38,958.25,1094381
2021-06-08 09:56:39,958.25,1094471
2021-06-08 09:56:40,958.35,1094481
2021-06-08 09:56:41,958.25,1094730
2021-06-08 09:56:42,958.35,1094751
2021-06-08 09:56:43,958.25,1094812
2021-06-08 09:56:43,958.25,1094815
2021-06-08 09:56:44,958.2,1094844
2021-06-08 09:56:45,958.25,1094846
2021-06-08 09:56:46,958.25,1094885
2021-06-08 09:56:47,958.0,1095185
2021-06-08 09:56:49,958.0,1095217
2021-06-08 09:56:50,958.25,1095246
2021-06-08 09:56:51,958.25,1095301
2021-06-08 09:56:51,958.25,1095301
2021-06-08 09:56:53,958.15,1095486
2021-06-08 09:56:53,958.2,1095511
2021-06-08 09:56:54,958.2,1095511
2021-06-08 09:56:55,958.15,1095677
2021-06-08 09:56:57,958.15,1095679
2021-06-08 09:56:57,958.15,1095679
2021-06-08 09:56:58,958.15,1095679
2021-06-08 09:56:59,958.2,1095775
2021-06-08 09:57:00,958.15,1096119
2021-06-08 09:57:01,958.2,1096138
2021-06-08 09:57:02,958.2,1096285
2021-06-08 09:57:04,958.2,1096806
2021-06-08 09:57:05,958.15,1096828
2021-06-08 09:57:06,958.2,1096901
2021-06-08 09:57:08,958.2,1096951
2021-06-08 09:57:09,958.35,1097329
2021-06-08 09:57:10,958.3,1097902
2021-06-08 09:57:11,958.3,1098148
2021-06-08 09:57:12,958.3,1098157
2021-06-08 09:57:13,958.3,1098159
2021-06-08 09:57:14,958.3,1098184
2021-06-08 09:57:16,958.3,1099146
2021-06-08 09:57:17,958.25,1099147
2021-06-08 09:57:18,958.35,1099177
2021-06-08 09:57:20,958.35,1099637
2021-06-08 09:57:21,958.55,1100682
2021-06-08 09:57:21,958.55,1100682
2021-06-08 09:57:22,958.35,1100693
2021-06-08 09:57:23,958.5,1100703
2021-06-08 09:57:24,958.55,1100973
2021-06-08 09:57:25,958.35,1100998
2021-06-08 09:57:26,958.35,1100998
2021-06-08 09:57:27,958.35,1101008
2021-06-08 09:57:28,958.35,1101058
2021-06-08 09:57:30,958.35,1101110
2021-06-08 09:57:31,958.45,1101251
2021-06-08 09:57:32,958.45,1101403
2021-06-08 09:57:32,958.45,1101403
2021-06-08 09:57:33,958.45,1101403
2021-06-08 09:57:34,958.55,1101421
2021-06-08 09:57:35,958.55,1101555
2021-06-08 09:57:36,958.5,1101651
2021-06-08 09:57:37,958.55,1101910
2021-06-08 09:57:38,958.55,1101921
2021-06-08 09:57:40,958.55,1101921
2021-06-08 09:57:41,958.55,1102861
2021-06-08 09:57:42,958.6,1102916
2021-06-08 09:57:42,958.6,1102916
2021-06-08 09:57:43,958.8,1102918
2021-06-08 09:57:44,958.45,1103008
2021-06-08 09:57:45,958.45,1103008
2021-06-08 09:57:46,958.35,1103360
2021-06-08 09:57:47,958.55,1103378
2021-06-08 09:57:49,958.35,1103394
2021-06-08 09:57:50,958.55,1103415
2021-06-08 09:57:51,958.45,1103460
2021-06-08 09:57:52,958.55,1103563
2021-06-08 09:57:53,958.5,1103693
2021-06-08 09:57:54,958.55,1103776
2021-06-08 09:57:55,958.5,1103891
2021-06-08 09:57:56,958.5,1103953
2021-06-08 09:57:57,958.5,1104023
2021-06-08 09:57:58,958.5,1104134
2021-06-08 09:57:59,958.5,1104154
2021-06-08 09:58:00,958.55,1104304
2021-06-08 09:58:01,958.5,1104627
2021-06-08 09:58:01,958.5,1104627
2021-06-08 09:58:02,958.55,1104754
2021-06-08 09:58:03,958.5,1104759
2021-06-08 09:58:04,958.55,1105203
2021-06-08 09:58:05,958.35,1105243
2021-06-08 09:58:06,958.55,1105603
2021-06-08 09:58:07,958.45,1105608
2021-06-08 09:58:09,958.5,1106058
2021-06-08 09:58:10,958.5,1106068
2021-06-08 09:58:11,958.5,1106103
2021-06-08 09:58:12,958.5,1106140
2021-06-08 09:58:13,958.5,1106147
2021-06-08 09:58:14,958.5,1106386
2021-06-08 09:58:15,958.5,1106416
2021-06-08 09:58:16,958.5,1107729
2021-06-08 09:58:16,958.5,1107729
2021-06-08 09:58:17,958.5,1107749
2021-06-08 09:58:18,958.5,1107777
2021-06-08 09:58:19,958.5,1107808
2021-06-08 09:58:20,958.4,1108038
2021-06-08 09:58:21,958.45,1108098
2021-06-08 09:58:22,958.25,1108882
2021-06-08 09:58:24,958.45,1108916
2021-06-08 09:58:25,958.45,1108916
2021-06-08 09:58:26,958.25,1108941
2021-06-08 09:58:27,958.25,1108941
2021-06-08 09:58:28,958.3,1108954
2021-06-08 09:58:29,958.45,1109094
2021-06-08 09:58:29,958.3,1109074
2021-06-08 09:58:30,958.4,1109173
2021-06-08 09:58:31,958.4,1109198
2021-06-08 09:58:33,958.4,1109468
2021-06-08 09:58:33,958.15,1109810
2021-06-08 09:58:34,958.45,1109920
2021-06-08 09:58:36,958.5,1109974
2021-06-08 09:58:37,958.5,1109979
2021-06-08 09:58:37,958.5,1109979
2021-06-08 09:58:38,958.5,1109979
2021-06-08 09:58:40,958.35,1110174
2021-06-08 09:58:40,958.35,1110174
2021-06-08 09:58:41,958.5,1110224
2021-06-08 09:58:42,958.0,1111206
2021-06-08 09:58:43,958.05,1111229
2021-06-08 09:58:44,958.05,1111386
2021-06-08 09:58:45,958.05,1111386
2021-06-08 09:58:47,958.3,1111466
2021-06-08 09:58:48,958.3,1111466
2021-06-08 09:58:49,958.25,1111534
2021-06-08 09:58:50,958.4,1111637
2021-06-08 09:58:51,958.5,1111662
2021-06-08 09:58:51,958.5,1111662
2021-06-08 09:58:52,958.5,1111959
2021-06-08 09:58:53,958.25,1112010
2021-06-08 09:58:54,958.45,1112257
2021-06-08 09:58:55,958.25,1112389
2021-06-08 09:58:56,958.25,1112420
2021-06-08 09:58:57,958.25,1112425
2021-06-08 09:58:59,958.5,1112531
2021-06-08 09:59:00,958.5,1112555
2021-06-08 09:59:01,958.45,1112872
2021-06-08 09:59:02,958.45,1113047
2021-06-08 09:59:03,958.45,1113052
2021-06-08 09:59:04,958.25,1113431
2021-06-08 09:59:05,958.1,1113731
2021-06-08 09:59:07,958.25,1113872
2021-06-08 09:59:08,958.5,1113884
2021-06-08 09:59:09,958.25,1113940
2021-06-08 09:59:10,958.25,1114074
2021-06-08 09:59:11,958.25,1114074
2021-06-08 09:59:12,958.4,1114304
2021-06-08 09:59:13,958.45,1114309
2021-06-08 09:59:14,958.25,1114384
2021-06-08 09:59:15,958.25,1114384
2021-06-08 09:59:16,958.45,1114415
2021-06-08 09:59:17,958.25,1114449
2021-06-08 09:59:18,958.45,1114466
2021-06-08 09:59:19,958.3,1114520
2021-06-08 09:59:20,958.4,1115023
2021-06-08 09:59:21,958.4,1115043
2021-06-08 09:59:22,958.45,1115056
2021-06-08 09:59:24,958.4,1115195
2021-06-08 09:59:25,958.4,1115538
2021-06-08 09:59:27,958.5,1115809
2021-06-08 09:59:28,958.5,1115854
2021-06-08 09:59:29,958.4,1116182
2021-06-08 09:59:30,958.25,1116249
2021-06-08 09:59:31,958.25,1116249
2021-06-08 09:59:32,958.4,1116279
2021-06-08 09:59:33,958.35,1116510
2021-06-08 09:59:34,958.5,1116523
2021-06-08 09:59:35,958.5,1116740
2021-06-08 09:59:37,958.3,1116852
2021-06-08 09:59:38,958.4,1116871
2021-06-08 09:59:39,958.4,1116871
2021-06-08 09:59:40,958.4,1116871
2021-06-08 09:59:41,958.35,1117149
2021-06-08 09:59:42,958.35,1117159
2021-06-08 09:59:43,958.3,1117164
2021-06-08 09:59:44,958.35,1117230
2021-06-08 09:59:45,958.35,1117286
2021-06-08 09:59:45,958.35,1117286
2021-06-08 09:59:46,958.35,1117286
2021-06-08 09:59:47,958.3,1117446
2021-06-08 09:59:48,958.3,1117446
2021-06-08 09:59:49,958.3,1118191
2021-06-08 09:59:51,958.3,1118511
2021-06-08 09:59:52,958.3,1118511
2021-06-08 09:59:53,958.3,1118511
2021-06-08 09:59:54,958.3,1118821
2021-06-08 09:59:55,958.3,1118889
2021-06-08 09:59:56,958.05,1119293
2021-06-08 09:59:56,958.05,1119293
2021-06-08 09:59:57,958.1,1119418
2021-06-08 09:59:58,958.3,1119668
2021-06-08 10:00:00,958.2,1119954
2021-06-08 10:00:00,958.2,1119999
2021-06-08 10:00:01,958.2,1120030
2021-06-08 10:00:02,958.2,1120111
2021-06-08 10:00:03,958.2,1120262
2021-06-08 10:00:04,958.35,1120862
2021-06-08 10:00:06,958.0,1124402
2021-06-08 10:00:07,958.0,1124602
2021-06-08 10:00:08,958.3,1124612
2021-06-08 10:00:10,958.15,1124664
2021-06-08 10:00:10,958.15,1124664
2021-06-08 10:00:11,958.15,1124664
2021-06-08 10:00:14,957.8,1126590
2021-06-08 10:00:15,958.1,1126667
2021-06-08 10:00:15,958.1,1126704
2021-06-08 10:00:17,957.7,1127230
2021-06-08 10:00:18,958.0,1127260
2021-06-08 10:00:19,958.0,1127260
2021-06-08 10:00:19,958.0,1127260
2021-06-08 10:00:20,957.7,1127776
2021-06-08 10:00:21,957.8,1129520
2021-06-08 10:00:22,957.65,1129571
2021-06-08 10:00:23,957.5,1130901
2021-06-08 10:00:25,957.5,1130959
2021-06-08 10:00:26,957.8,1131060
2021-06-08 10:00:27,957.5,1131169
2021-06-08 10:00:27,957.75,1131189
2021-06-08 10:00:28,957.3,1134323
2021-06-08 10:00:29,957.3,1134423
2021-06-08 10:00:31,957.3,1134832
2021-06-08 10:00:31,957.3,1135035
2021-06-08 10:00:32,957.3,1135113
2021-06-08 10:00:34,957.6,1135428
2021-06-08 10:00:35,957.3,1135430
2021-06-08 10:00:35,957.3,1135440
2021-06-08 10:00:36,957.5,1135632
2021-06-08 10:00:37,957.35,1135640
2021-06-08 10:00:39,957.3,1135984
2021-06-08 10:00:40,957.4,1136089
2021-06-08 10:00:41,957.5,1136099
2021-06-08 10:00:42,957.5,1136099
2021-06-08 10:00:43,957.1,1138254
2021-06-08 10:00:44,957.0,1138266
2021-06-08 10:00:45,957.0,1138266
2021-06-08 10:00:46,957.1,1138276
2021-06-08 10:00:47,957.0,1139335
2021-06-08 10:00:48,957.0,1139633
2021-06-08 10:00:49,957.0,1139633
2021-06-08 10:00:51,957.1,1140814
2021-06-08 10:00:52,957.1,1140821
2021-06-08 10:00:53,957.1,1141957
2021-06-08 10:00:55,957.1,1142007
2021-06-08 10:00:56,957.0,1142097
2021-06-08 10:00:57,957.0,1142434
2021-06-08 10:00:58,957.3,1142594
2021-06-08 10:00:59,956.95,1142968
2021-06-08 10:01:01,957.0,1143329
2021-06-08 10:01:02,956.9,1143432
2021-06-08 10:01:03,957.0,1143497
2021-06-08 10:01:05,957.0,1143497
2021-06-08 10:01:06,956.7,1144698
2021-06-08 10:01:07,956.7,1144699
2021-06-08 10:01:08,956.75,1145251
2021-06-08 10:01:09,956.75,1145427
2021-06-08 10:01:10,956.75,1145516
2021-06-08 10:01:12,957.0,1146085
2021-06-08 10:01:13,956.45,1147529
2021-06-08 10:01:13,956.55,1147760
2021-06-08 10:01:14,956.4,1147907
2021-06-08 10:01:15,956.4,1147907
2021-06-08 10:01:17,957.0,1152125
2021-06-08 10:01:18,956.8,1154497
2021-06-08 10:01:19,957.1,1154597
2021-06-08 10:01:20,957.25,1154841
2021-06-08 10:01:21,957.0,1155300
2021-06-08 10:01:21,957.0,1155300
2021-06-08 10:01:23,956.8,1155306
2021-06-08 10:01:24,957.0,1155466
2021-06-08 10:01:25,957.15,1155963
2021-06-08 10:01:26,957.0,1156050
2021-06-08 10:01:27,957.0,1156163
2021-06-08 10:01:28,957.0,1156163
2021-06-08 10:01:28,957.0,1156433
2021-06-08 10:01:30,957.1,1156561
2021-06-08 10:01:31,957.15,1156767
2021-06-08 10:01:32,957.1,1157146
2021-06-08 10:01:33,957.0,1157458
2021-06-08 10:01:34,957.0,1157489
2021-06-08 10:01:35,957.0,1157554
2021-06-08 10:01:36,957.0,1157656
2021-06-08 10:01:37,957.0,1157759
2021-06-08 10:01:38,957.0,1157914
2021-06-08 10:01:39,957.0,1157914
2021-06-08 10:01:41,956.9,1158056
2021-06-08 10:01:42,956.9,1158126
2021-06-08 10:01:43,957.0,1158430
2021-06-08 10:01:44,956.85,1161282
2021-06-08 10:01:45,956.8,1161633
2021-06-08 10:01:46,956.95,1161708
2021-06-08 10:01:47,956.95,1161829
2021-06-08 10:01:48,956.95,1161835
2021-06-08 10:01:49,956.95,1161857
2021-06-08 10:01:49,956.95,1162108
2021-06-08 10:01:50,956.9,1162818
2021-06-08 10:01:51,956.9,1163033
2021-06-08 10:01:53,956.9,1163178
2021-06-08 10:01:53,956.55,1163469
2021-06-08 10:01:55,956.85,1163534
2021-06-08 10:01:56,956.85,1163585
2021-06-08 10:01:57,956.6,1163785
2021-06-08 10:02:00,956.2,1165734
2021-06-08 10:02:01,956.55,1165843
2021-06-08 10:02:02,956.55,1165864
2021-06-08 10:02:03,956.55,1165864
2021-06-08 10:02:04,956.3,1166084
2021-06-08 10:02:05,956.6,1166109
2021-06-08 10:02:06,956.6,1166309
2021-06-08 10:02:08,956.4,1167180
2021-06-08 10:02:09,956.6,1167307
2021-06-08 10:02:10,956.6,1167646
2021-06-08 10:02:11,956.6,1167646
2021-06-08 10:02:12,956.25,1168234
2021-06-08 10:02:13,956.3,1168340
2021-06-08 10:02:14,956.7,1169102
2021-06-08 10:02:14,956.7,1169072
2021-06-08 10:02:15,956.9,1170383
2021-06-08 10:02:16,956.6,1171018
2021-06-08 10:02:18,956.6,1171039
2021-06-08 10:02:19,956.65,1171056
2021-06-08 10:02:20,956.75,1171208
2021-06-08 10:02:21,956.9,1171451
2021-06-08 10:02:22,956.9,1171632
2021-06-08 10:02:23,956.75,1171756
2021-06-08 10:02:24,956.75,1171761
2021-06-08 10:02:25,956.75,1171896
2021-06-08 10:02:25,956.75,1171896
2021-06-08 10:02:26,956.6,1172003
2021-06-08 10:02:27,956.75,1172129
2021-06-08 10:02:29,956.75,1172369
2021-06-08 10:02:30,956.95,1172569
2021-06-08 10:02:30,956.75,1172579
2021-06-08 10:02:32,956.65,1173023
2021-06-08 10:02:36,956.55,1173485
2021-06-08 10:02:37,956.55,1173485
2021-06-08 10:02:38,956.75,1173635
2021-06-08 10:02:39,956.55,1173710
2021-06-08 10:02:40,956.65,1174284
2021-06-08 10:02:41,956.4,1174653
2021-06-08 10:02:41,956.55,1174884
2021-06-08 10:02:43,956.65,1175001
2021-06-08 10:02:44,956.5,1175051
2021-06-08 10:02:45,956.5,1175066
2021-06-08 10:02:45,956.5,1175061
2021-06-08 10:02:47,956.5,1175069
2021-06-08 10:02:48,956.55,1175079
2021-06-08 10:02:49,956.55,1175084
2021-06-08 10:02:50,956.5,1175374
2021-06-08 10:02:51,956.7,1175680
2021-06-08 10:02:52,956.6,1175702
2021-06-08 10:02:53,956.65,1175704
2021-06-08 10:02:54,956.65,1175704
2021-06-08 10:02:55,956.6,1175882
2021-06-08 10:02:56,956.7,1176130
2021-06-08 10:02:57,957.0,1177282
2021-06-08 10:02:58,957.05,1180516
2021-06-08 10:02:59,957.0,1180527
2021-06-08 10:03:00,957.0,1180624
2021-06-08 10:03:01,956.95,1180674
2021-06-08 10:03:02,956.9,1180809
2021-06-08 10:03:03,956.95,1180857
2021-06-08 10:03:04,956.95,1180867
2021-06-08 10:03:05,956.95,1180942
2021-06-08 10:03:06,956.95,1181091
2021-06-08 10:03:07,957.0,1181424
2021-06-08 10:03:08,957.0,1181893
2021-06-08 10:03:09,956.9,1181942
2021-06-08 10:03:11,957.0,1182122
2021-06-08 10:03:10,956.95,1182107
2021-06-08 10:03:12,957.0,1183396
2021-06-08 10:03:13,957.0,1183396
2021-06-08 10:03:14,957.0,1183400
2021-06-08 10:03:16,956.95,1184687
2021-06-08 10:03:15,957.25,1184612
2021-06-08 10:03:17,956.9,1185062
2021-06-08 10:03:18,957.0,1185213
2021-06-08 10:03:19,957.0,1185222
2021-06-08 10:03:20,957.0,1185231
2021-06-08 10:03:21,956.95,1185326
2021-06-08 10:03:22,957.0,1185377
2021-06-08 10:03:23,957.0,1185399
2021-06-08 10:03:24,956.95,1185520
2021-06-08 10:03:25,957.0,1185915
2021-06-08 10:03:26,956.95,1186216
2021-06-08 10:03:27,956.95,1186236
2021-06-08 10:03:28,957.0,1186246
2021-06-08 10:03:29,956.95,1188401
2021-06-08 10:03:31,957.25,1190384
2021-06-08 10:03:32,957.15,1190631
2021-06-08 10:03:33,957.7,1191708
2021-06-08 10:03:34,957.55,1191766
2021-06-08 10:03:35,957.8,1191771
2021-06-08 10:03:37,957.6,1191959
2021-06-08 10:03:38,957.8,1192024
2021-06-08 10:03:39,958.0,1192226
2021-06-08 10:03:40,957.7,1194050
2021-06-08 10:03:41,957.45,1194075
2021-06-08 10:03:42,957.65,1194606
2021-06-08 10:03:43,957.65,1194616
2021-06-08 10:03:44,957.6,1194661
2021-06-08 10:03:46,957.85,1194782
2021-06-08 10:03:47,957.3,1195703
2021-06-08 10:03:48,957.75,1195878
2021-06-08 10:03:49,957.75,1195878
2021-06-08 10:03:51,957.65,1197553
2021-06-08 10:03:52,957.7,1197653
2021-06-08 10:03:53,957.9,1198184
2021-06-08 10:03:54,957.75,1198194
2021-06-08 10:03:55,957.3,1198205
2021-06-08 10:03:56,957.75,1198316
2021-06-08 10:03:57,957.4,1198366
2021-06-08 10:03:58,957.85,1198849
2021-06-08 10:03:59,957.35,1199174
2021-06-08 10:04:00,957.5,1199797
2021-06-08 10:04:01,957.5,1200082
2021-06-08 10:04:02,957.85,1200155
2021-06-08 10:04:03,957.85,1200155
2021-06-08 10:04:04,958.0,1200363
2021-06-08 10:04:05,957.5,1200514
2021-06-08 10:04:06,958.0,1200574
2021-06-08 10:04:07,957.85,1200630
2021-06-08 10:04:08,957.65,1200669
2021-06-08 10:04:09,957.75,1200674
2021-06-08 10:04:11,957.7,1201455
2021-06-08 10:04:13,957.9,1201792
2021-06-08 10:04:14,957.9,1201890
2021-06-08 10:04:15,958.0,1202105
2021-06-08 10:04:16,957.75,1202654
2021-06-08 10:04:17,957.75,1202654
2021-06-08 10:04:18,957.75,1203306
2021-06-08 10:04:19,958.0,1203850
2021-06-08 10:04:20,958.0,1203918
2021-06-08 10:04:22,957.95,1204088
2021-06-08 10:04:23,957.95,1204487
2021-06-08 10:04:24,957.95,1208434
2021-06-08 10:04:25,958.0,1208544
2021-06-08 10:04:26,957.9,1208589
2021-06-08 10:04:27,958.0,1208602
2021-06-08 10:04:29,957.9,1208603
2021-06-08 10:04:30,958.0,1208653
2021-06-08 10:04:31,958.0,1208653
2021-06-08 10:04:32,957.9,1209039
2021-06-08 10:04:33,958.0,1209239
2021-06-08 10:04:34,957.9,1209351
2021-06-08 10:04:35,957.9,1209391
2021-06-08 10:04:36,958.0,1209838
2021-06-08 10:04:37,957.95,1209868
2021-06-08 10:04:38,957.95,1209928
2021-06-08 10:04:39,957.75,1210160
2021-06-08 10:04:40,957.75,1210160
2021-06-08 10:04:41,958.0,1210263
2021-06-08 10:04:42,957.9,1210375
2021-06-08 10:04:43,958.0,1210629
2021-06-08 10:04:44,958.0,1210800
2021-06-08 10:04:45,957.75,1210850
2021-06-08 10:04:46,958.0,1211107
2021-06-08 10:04:47,957.85,1211588
2021-06-08 10:04:48,957.8,1211811
2021-06-08 10:04:49,957.8,1212182
2021-06-08 10:04:50,958.05,1212555
2021-06-08 10:04:51,958.05,1212555
2021-06-08 10:04:52,958.05,1212728
2021-06-08 10:04:53,958.05,1212739
2021-06-08 10:04:54,958.05,1212807
2021-06-08 10:04:55,958.45,1213132
2021-06-08 10:04:57,958.1,1213488
2021-06-08 10:04:58,958.5,1213521
2021-06-08 10:04:57,958.5,1213521
2021-06-08 10:04:59,958.55,1214360
2021-06-08 10:05:01,958.45,1215126
2021-06-08 10:05:01,958.75,1215488
2021-06-08 10:05:03,958.45,1215498
2021-06-08 10:05:04,958.75,1215661
2021-06-08 10:05:05,958.5,1216658
2021-06-08 10:05:05,958.5,1216658
2021-06-08 10:05:07,958.55,1217185
2021-06-08 10:05:08,958.65,1217547
2021-06-08 10:05:09,958.95,1217765
2021-06-08 10:05:10,959.0,1217981
2021-06-08 10:05:11,958.95,1218242
2021-06-08 10:05:12,958.95,1218242
2021-06-08 10:05:13,958.65,1218267
2021-06-08 10:05:14,958.65,1218503
2021-06-08 10:05:16,958.75,1218526
2021-06-08 10:05:16,958.75,1218526
2021-06-08 10:05:17,958.95,1219395
2021-06-08 10:05:19,959.0,1219818
2021-06-08 10:05:19,959.0,1219818
2021-06-08 10:05:20,958.8,1219893
2021-06-08 10:05:21,958.8,1220380
2021-06-08 10:05:22,959.0,1220560
2021-06-08 10:05:23,958.75,1220746
2021-06-08 10:05:24,958.95,1220877
2021-06-08 10:05:25,959.05,1220940
2021-06-08 10:05:26,959.05,1220940
2021-06-08 10:05:27,959.0,1222005
2021-06-08 10:05:28,959.55,1222229
2021-06-08 10:05:29,959.35,1222284
2021-06-08 10:05:30,959.6,1222553
2021-06-08 10:05:31,959.5,1222754
2021-06-08 10:05:32,959.5,1223895
2021-06-08 10:05:33,959.5,1223952
2021-06-08 10:05:34,959.8,1223997
2021-06-08 10:05:35,959.5,1224166
2021-06-08 10:05:36,959.95,1225155
2021-06-08 10:05:37,960.0,1225926
2021-06-08 10:05:38,960.0,1226133
2021-06-08 10:05:39,959.85,1226237
2021-06-08 10:05:40,959.65,1226238
2021-06-08 10:05:41,959.8,1226340
2021-06-08 10:05:42,959.8,1226398
2021-06-08 10:05:43,959.85,1226609
2021-06-08 10:05:44,960.0,1227008
2021-06-08 10:05:45,960.0,1227108
2021-06-08 10:05:46,960.0,1227365
2021-06-08 10:05:47,960.0,1227797
2021-06-08 10:05:48,959.8,1227822
2021-06-08 10:05:49,959.85,1227877
2021-06-08 10:05:50,959.95,1227897
2021-06-08 10:05:51,959.9,1235134
2021-06-08 10:05:53,960.0,1235209
2021-06-08 10:05:53,960.0,1235219
2021-06-08 10:05:54,959.95,1236240
2021-06-08 10:05:55,960.3,1236966
2021-06-08 10:05:57,960.0,1237484
2021-06-08 10:05:57,960.0,1237700
2021-06-08 10:05:58,960.0,1237720
2021-06-08 10:05:59,960.0,1237727
2021-06-08 10:06:00,960.0,1237727
2021-06-08 10:06:01,960.0,1238072
2021-06-08 10:06:03,960.0,1238558
2021-06-08 10:06:04,960.5,1241167
2021-06-08 10:06:05,960.35,1241193
2021-06-08 10:06:06,960.05,1241274
2021-06-08 10:06:07,960.05,1241663
2021-06-08 10:06:08,960.45,1242013
2021-06-08 10:06:10,960.15,1242123
2021-06-08 10:06:10,960.15,1242123
2021-06-08 10:06:11,960.45,1242135
2021-06-08 10:06:12,960.3,1242146
2021-06-08 10:06:14,960.3,1242357
2021-06-08 10:06:15,960.45,1242734
2021-06-08 10:06:16,960.4,1243081
2021-06-08 10:06:18,960.4,1243081
2021-06-08 10:06:18,960.4,1243082
2021-06-08 10:06:19,960.4,1243432
2021-06-08 10:06:20,960.3,1243697
2021-06-08 10:06:21,960.4,1243838
2021-06-08 10:06:22,960.3,1244125
2021-06-08 10:06:23,960.4,1244756
2021-06-08 10:06:24,960.2,1245814
2021-06-08 10:06:25,960.3,1246032
2021-06-08 10:06:26,960.4,1246122
2021-06-08 10:06:27,960.3,1246124
2021-06-08 10:06:28,960.3,1246195
2021-06-08 10:06:29,960.3,1246195
2021-06-08 10:06:31,960.3,1246706
2021-06-08 10:06:31,960.3,1247157
2021-06-08 10:06:33,960.3,1247459
2021-06-08 10:06:34,960.4,1247479
2021-06-08 10:06:34,960.4,1247484
2021-06-08 10:06:35,960.35,1248498
2021-06-08 10:06:36,960.3,1249040
2021-06-08 10:06:37,959.95,1249428
2021-06-08 10:06:38,960.3,1249614
2021-06-08 10:06:39,960.3,1249934
2021-06-08 10:06:41,960.05,1250234
2021-06-08 10:06:41,960.05,1250235
2021-06-08 10:06:42,959.95,1250254
2021-06-08 10:06:43,960.05,1250304
2021-06-08 10:06:44,960.0,1250803
2021-06-08 10:06:45,959.8,1250805
2021-06-08 10:06:46,959.95,1250828
2021-06-08 10:06:48,959.7,1250913
2021-06-08 10:06:48,959.7,1250913
2021-06-08 10:06:49,959.7,1250913
2021-06-08 10:06:50,959.8,1250925
2021-06-08 10:06:51,959.8,1251812
2021-06-08 10:06:52,959.8,1251812
2021-06-08 10:06:53,959.8,1251824
2021-06-08 10:06:54,959.95,1251828
2021-06-08 10:06:56,960.15,1252403
2021-06-08 10:06:57,960.35,1252671
2021-06-08 10:06:57,960.15,1252691
2021-06-08 10:06:58,960.0,1252927
2021-06-08 10:06:59,960.35,1253100
2021-06-08 10:07:00,959.95,1253814
2021-06-08 10:07:01,960.25,1253816
2021-06-08 10:07:03,960.25,1253816
2021-06-08 10:07:04,960.05,1254828
2021-06-08 10:07:05,960.05,1254828
2021-06-08 10:07:06,960.4,1254878
2021-06-08 10:07:07,960.4,1254930
2021-06-08 10:07:08,960.5,1258719
2021-06-08 10:07:08,960.5,1258719
2021-06-08 10:07:09,960.25,1258744
2021-06-08 10:07:10,960.2,1259074
2021-06-08 10:07:11,960.45,1259084
2021-06-08 10:07:13,960.45,1259199
2021-06-08 10:07:15,960.25,1260246
2021-06-08 10:07:15,960.25,1260246
2021-06-08 10:07:16,960.25,1260317
2021-06-08 10:07:17,960.25,1260397
2021-06-08 10:07:18,960.1,1260496
2021-06-08 10:07:19,960.3,1260542
2021-06-08 10:07:21,960.4,1260668
2021-06-08 10:07:22,960.4,1260669
2021-06-08 10:07:23,960.45,1260675
2021-06-08 10:07:23,960.45,1260675
2021-06-08 10:07:24,960.45,1260675
2021-06-08 10:07:25,960.3,1260969
