timestamp,ltp,volume
2021-06-08 09:15:43,117.5,1254626
2021-06-08 09:15:45,117.5,1302166
2021-06-08 09:15:46,117.6,1307400
2021-06-08 09:15:47,117.5,1333319
2021-06-08 09:15:48,117.5,1349089
2021-06-08 09:15:49,117.6,1358393
2021-06-08 09:15:50,117.6,1361240
2021-06-08 09:15:51,117.65,1371092
2021-06-08 09:15:53,117.65,1388194
2021-06-08 09:15:54,117.65,1392573
2021-06-08 09:15:55,117.55,1441003
2021-06-08 09:15:56,117.6,1471810
2021-06-08 09:15:57,117.7,1478512
2021-06-08 09:15:58,117.65,1484010
2021-06-08 09:15:59,117.65,1544922
2021-06-08 09:15:59,117.65,1543148
2021-06-08 09:16:01,117.7,1578479
2021-06-08 09:16:02,117.65,1587268
2021-06-08 09:16:03,117.65,1595884
2021-06-08 09:16:04,117.7,1611159
2021-06-08 09:16:06,117.65,1617794
2021-06-08 09:16:07,117.65,1640258
2021-06-08 09:16:08,117.6,1681570
2021-06-08 09:16:09,117.4,1738877
2021-06-08 09:16:10,117.5,1838457
2021-06-08 09:16:11,117.4,1852750
2021-06-08 09:16:12,117.45,1866909
2021-06-08 09:16:13,117.5,1873860
2021-06-08 09:16:14,117.55,1880098
2021-06-08 09:16:15,117.6,1888057
2021-06-08 09:16:16,117.5,1895546
2021-06-08 09:16:17,117.6,1903335
2021-06-08 09:16:18,117.4,1920508
2021-06-08 09:16:19,117.55,1924675
2021-06-08 09:16:20,117.55,1930818
2021-06-08 09:16:21,117.45,1961628
2021-06-08 09:16:22,117.45,1971183
2021-06-08 09:16:23,117.5,1975461
2021-06-08 09:16:23,117.45,1977309
2021-06-08 09:16:25,117.45,1983062
2021-06-08 09:16:26,117.45,1990829
2021-06-08 09:16:27,117.5,1995067
2021-06-08 09:16:28,117.5,2016374
2021-06-08 09:16:29,117.5,2021232
2021-06-08 09:16:30,117.5,2027138
2021-06-08 09:16:31,117.5,2035013
2021-06-08 09:16:32,117.5,2041841
2021-06-08 09:16:33,117.6,2071706
2021-06-08 09:16:34,117.6,2079950
2021-06-08 09:16:35,117.55,2085615
2021-06-08 09:16:36,117.5,2093125
2021-06-08 09:16:37,117.55,2102945
2021-06-08 09:16:38,117.55,2143391
2021-06-08 09:16:39,117.5,2152803
2021-06-08 09:16:40,117.5,2187383
2021-06-08 09:16:41,117.5,2212661
2021-06-08 09:16:42,117.5,2218141
2021-06-08 09:16:43,117.45,2229362
2021-06-08 09:16:44,117.5,2247267
2021-06-08 09:16:45,117.5,2260493
2021-06-08 09:16:46,117.55,2266909
2021-06-08 09:16:46,117.55,2266911
2021-06-08 09:16:47,117.55,2276418
2021-06-08 09:16:48,117.5,2286962
2021-06-08 09:16:49,117.55,2298330
2021-06-08 09:16:50,117.6,2302024
2021-06-08 09:16:51,117.5,2312523
2021-06-08 09:16:53,117.6,2321981
2021-06-08 09:16:54,117.5,2323508
2021-06-08 09:16:56,117.55,2382030
2021-06-08 09:16:57,117.6,2391493
2021-06-08 09:16:59,117.55,2417764
2021-06-08 09:17:01,117.55,2426926
2021-06-08 09:17:02,117.65,2431741
2021-06-08 09:17:03,117.6,2433601
2021-06-08 09:17:04,117.55,2452872
2021-06-08 09:17:05,117.55,2465720
2021-06-08 09:17:06,117.65,2467924
2021-06-08 09:17:06,117.65,2468160
2021-06-08 09:17:07,117.55,2487061
2021-06-08 09:17:08,117.5,2549062
2021-06-08 09:17:10,117.5,2554115
2021-06-08 09:17:12,117.6,2574383
2021-06-08 09:17:14,117.6,2579585
2021-06-08 09:17:15,117.55,2581370
2021-06-08 09:17:16,117.65,2582748
2021-06-08 09:17:16,117.65,2584083
2021-06-08 09:17:17,117.65,2584775
2021-06-08 09:17:20,117.55,2597348
2021-06-08 09:17:21,117.6,2597678
2021-06-08 09:17:23,117.6,2605683
2021-06-08 09:17:24,117.65,2608990
2021-06-08 09:17:25,117.6,2610932
2021-06-08 09:17:26,117.6,2613163
2021-06-08 09:17:27,117.6,2616866
2021-06-08 09:17:28,117.6,2622494
2021-06-08 09:17:29,117.6,2630071
2021-06-08 09:17:30,117.65,2633458
2021-06-08 09:17:31,117.6,2634811
2021-06-08 09:17:33,117.6,2640721
2021-06-08 09:17:34,117.6,2642301
2021-06-08 09:17:35,117.6,2644741
2021-06-08 09:17:36,117.65,2657468
2021-06-08 09:17:37,117.65,2670076
2021-06-08 09:17:38,117.7,2672556
2021-06-08 09:17:39,117.7,2675308
2021-06-08 09:17:40,117.7,2679977
2021-06-08 09:17:41,117.6,2798576
2021-06-08 09:17:42,117.7,2800931
2021-06-08 09:17:43,117.65,2808275
2021-06-08 09:17:44,117.65,2810645
2021-06-08 09:17:45,117.65,2813178
2021-06-08 09:17:46,117.75,2826208
2021-06-08 09:17:47,117.8,2835635
2021-06-08 09:17:48,117.8,2840811
2021-06-08 09:17:48,117.95,2888749
2021-06-08 09:17:50,117.9,2897854
2021-06-08 09:17:51,117.9,2901441
2021-06-08 09:17:52,117.95,2904936
2021-06-08 09:17:54,117.95,2923725
2021-06-08 09:17:55,117.95,2928666
2021-06-08 09:17:56,117.9,2935389
2021-06-08 09:17:57,117.95,2945915
2021-06-08 09:17:58,117.9,2959119
2021-06-08 09:17:59,117.9,2964160
2021-06-08 09:17:59,117.9,2964680
2021-06-08 09:18:01,118.05,3161635
2021-06-08 09:18:02,117.8,3184530
2021-06-08 09:18:03,117.95,3197937
2021-06-08 09:18:04,117.95,3216234
2021-06-08 09:18:05,118.05,3221448
2021-06-08 09:18:06,118.0,3249312
2021-06-08 09:18:07,118.05,3321502
2021-06-08 09:18:07,118.05,3328402
2021-06-08 09:18:08,118.05,3350647
2021-06-08 09:18:09,117.95,3364752
2021-06-08 09:18:11,117.9,3383076
2021-06-08 09:18:12,117.95,3389483
2021-06-08 09:18:13,117.75,3425295
2021-06-08 09:18:14,117.75,3428493
2021-06-08 09:18:15,117.9,3436729
2021-06-08 09:18:16,117.95,3451152
2021-06-08 09:18:17,117.8,3460860
2021-06-08 09:18:18,117.95,3468798
2021-06-08 09:18:19,117.95,3470458
2021-06-08 09:18:20,117.85,3473378
2021-06-08 09:18:21,117.9,3478822
2021-06-08 09:18:23,117.9,3494980
2021-06-08 09:18:24,117.9,3500823
2021-06-08 09:18:25,117.85,3530769
2021-06-08 09:18:26,117.8,3538576
2021-06-08 09:18:27,117.9,3543198
2021-06-08 09:18:29,117.85,3554002
2021-06-08 09:18:30,117.7,3569147
2021-06-08 09:18:31,117.75,3593227
2021-06-08 09:18:32,117.75,3599660
2021-06-08 09:18:33,117.75,3602072
2021-06-08 09:18:34,117.75,3605731
2021-06-08 09:18:35,117.8,3619625
2021-06-08 09:18:38,117.8,3639079
2021-06-08 09:18:39,117.7,3649839
2021-06-08 09:18:40,117.6,3682259
2021-06-08 09:18:41,117.65,3687528
2021-06-08 09:18:42,117.6,3690681
2021-06-08 09:18:43,117.7,3727521
2021-06-08 09:18:44,117.8,3748707
2021-06-08 09:18:45,117.7,3750499
2021-06-08 09:18:46,117.7,3754970
2021-06-08 09:18:46,117.8,3757808
2021-06-08 09:18:47,117.8,3761226
2021-06-08 09:18:48,117.75,3769344
2021-06-08 09:18:50,117.7,3771694
2021-06-08 09:18:51,117.75,3776142
2021-06-08 09:18:52,117.7,3778654
2021-06-08 09:18:53,117.75,3782694
2021-06-08 09:18:54,117.7,3784664
2021-06-08 09:18:55,117.7,3790843
2021-06-08 09:18:56,117.7,3801930
2021-06-08 09:18:57,117.75,3804852
2021-06-08 09:18:58,117.75,3806210
2021-06-08 09:18:58,117.75,3806214
2021-06-08 09:19:00,117.75,3813840
2021-06-08 09:19:01,117.7,3817527
2021-06-08 09:19:02,117.65,3829886
2021-06-08 09:19:03,117.75,3830788
2021-06-08 09:19:05,117.75,3833730
2021-06-08 09:19:06,117.7,3837001
2021-06-08 09:19:07,117.85,3846470
2021-06-08 09:19:08,117.75,3856584
2021-06-08 09:19:08,117.7,3860719
2021-06-08 09:19:10,117.8,3868643
2021-06-08 09:19:11,117.8,3874498
2021-06-08 09:19:12,117.85,3878204
2021-06-08 09:19:13,117.85,3881438
2021-06-08 09:19:14,117.85,3888513
2021-06-08 09:19:16,117.85,3893971
2021-06-08 09:19:17,117.95,3907134
2021-06-08 09:19:18,117.8,3910017
2021-06-08 09:19:21,117.9,3942056
2021-06-08 09:19:23,117.85,3976281
2021-06-08 09:19:24,117.9,4017794
2021-06-08 09:19:25,117.9,4024877
2021-06-08 09:19:26,117.95,4027264
2021-06-08 09:19:27,117.9,4068497
2021-06-08 09:19:27,117.9,4070077
2021-06-08 09:19:28,117.95,4073638
2021-06-08 09:19:29,117.9,4074476
2021-06-08 09:19:31,117.9,4084809
2021-06-08 09:19:32,117.9,4091757
2021-06-08 09:19:34,117.9,4098980
2021-06-08 09:19:35,117.9,4101146
2021-06-08 09:19:36,118.0,4109310
2021-06-08 09:19:37,118.0,4114062
2021-06-08 09:19:38,117.9,4118790
2021-06-08 09:19:39,117.9,4187913
2021-06-08 09:19:40,117.9,4196241
2021-06-08 09:19:41,117.9,4203014
2021-06-08 09:19:43,118.0,4236787
2021-06-08 09:19:44,118.0,4238549
2021-06-08 09:19:45,118.0,4243951
2021-06-08 09:19:47,117.9,4245760
2021-06-08 09:19:46,118.0,4245515
2021-06-08 09:19:48,118.0,4274906
2021-06-08 09:19:49,118.0,4278203
2021-06-08 09:19:50,118.0,4289882
2021-06-08 09:19:51,118.0,4324959
2021-06-08 09:19:52,117.85,4366830
2021-06-08 09:19:53,117.8,4374867
2021-06-08 09:19:54,117.9,4377607
2021-06-08 09:19:55,117.9,4380793
2021-06-08 09:19:56,117.95,4382879
2021-06-08 09:19:57,117.9,4384059
2021-06-08 09:19:58,117.95,4388002
2021-06-08 09:19:59,117.8,4404629
2021-06-08 09:20:01,117.95,4420752
2021-06-08 09:20:02,117.95,4425412
2021-06-08 09:20:03,117.95,4429379
2021-06-08 09:20:04,117.9,4430394
2021-06-08 09:20:05,117.9,4431072
2021-06-08 09:20:06,117.95,4441457
2021-06-08 09:20:07,117.85,4442534
2021-06-08 09:20:08,117.9,4443915
2021-06-08 09:20:09,117.95,4490987
2021-06-08 09:20:10,117.9,4505827
2021-06-08 09:20:12,117.9,4518134
2021-06-08 09:20:13,117.95,4518596
2021-06-08 09:20:14,117.9,4522984
2021-06-08 09:20:15,117.9,4533408
2021-06-08 09:20:16,117.9,4533408
2021-06-08 09:20:17,117.9,4538720
2021-06-08 09:20:18,117.9,4539531
2021-06-08 09:20:19,117.8,4550563
2021-06-08 09:20:20,117.95,4554448
2021-06-08 09:20:21,117.85,4555432
2021-06-08 09:20:22,118.0,4580775
2021-06-08 09:20:23,117.9,4591684
2021-06-08 09:20:24,118.0,4595094
2021-06-08 09:20:25,117.9,4597899
2021-06-08 09:20:26,118.0,4601300
2021-06-08 09:20:27,118.0,4602410
2021-06-08 09:20:28,118.0,4604589
2021-06-08 09:20:29,117.9,4607238
2021-06-08 09:20:30,117.95,4612666
2021-06-08 09:20:31,117.9,4624119
2021-06-08 09:20:32,117.95,4627996
2021-06-08 09:20:33,117.95,4631382
2021-06-08 09:20:35,118.0,4646091
2021-06-08 09:20:36,118.0,4646211
2021-06-08 09:20:37,118.0,4651926
2021-06-08 09:20:38,118.0,4668114
2021-06-08 09:20:39,117.95,4672064
2021-06-08 09:20:40,117.95,4675679
2021-06-08 09:20:41,117.95,4680969
2021-06-08 09:20:42,117.95,4695040
2021-06-08 09:20:43,117.95,4696833
2021-06-08 09:20:44,117.95,4698112
2021-06-08 09:20:45,118.0,4701508
2021-06-08 09:20:46,118.0,4703850
2021-06-08 09:20:47,118.0,4706445
2021-06-08 09:20:48,117.95,4708246
2021-06-08 09:20:49,118.0,4709596
2021-06-08 09:20:50,117.95,4716573
2021-06-08 09:20:51,117.95,4718725
2021-06-08 09:20:52,117.9,4722585
2021-06-08 09:20:53,117.95,4728984
2021-06-08 09:20:54,118.0,4729634
2021-06-08 09:20:55,118.0,4735231
2021-06-08 09:20:56,118.0,4737717
2021-06-08 09:20:57,117.9,4758148
2021-06-08 09:20:58,117.95,4763190
2021-06-08 09:20:59,118.0,4770666
2021-06-08 09:21:00,117.95,4773095
2021-06-08 09:21:01,117.95,4774772
2021-06-08 09:21:02,117.95,4782345
2021-06-08 09:21:03,117.95,4786120
2021-06-08 09:21:04,117.95,4786291
2021-06-08 09:21:05,117.95,4787279
2021-06-08 09:21:06,117.95,4790853
2021-06-08 09:21:07,117.95,4792365
2021-06-08 09:21:08,117.95,4808100
2021-06-08 09:21:09,117.95,4810893
2021-06-08 09:21:10,117.9,4811837
2021-06-08 09:21:11,117.9,4812827
2021-06-08 09:21:12,117.9,4813732
2021-06-08 09:21:13,117.9,4815316
2021-06-08 09:21:14,117.95,4826600
2021-06-08 09:21:15,117.9,4833728
2021-06-08 09:21:16,117.95,4837013
2021-06-08 09:21:17,117.9,4838138
2021-06-08 09:21:18,117.95,4838653
2021-06-08 09:21:19,117.95,4844874
2021-06-08 09:21:20,117.95,4846976
2021-06-08 09:21:21,117.9,4848576
2021-06-08 09:21:22,117.9,4853707
2021-06-08 09:21:24,117.9,4858245
2021-06-08 09:21:26,117.95,4865154
2021-06-08 09:21:27,117.9,4865859
2021-06-08 09:21:28,117.95,4868047
2021-06-08 09:21:30,117.9,4870662
2021-06-08 09:21:31,117.9,4871994
2021-06-08 09:21:32,117.95,4873465
2021-06-08 09:21:33,117.9,4897735
2021-06-08 09:21:34,117.95,4901020
2021-06-08 09:21:35,117.95,4908921
2021-06-08 09:21:36,117.95,4912581
2021-06-08 09:21:37,117.95,4914781
2021-06-08 09:21:38,117.9,4917822
2021-06-08 09:21:39,117.95,4920039
2021-06-08 09:21:40,117.9,4920959
2021-06-08 09:21:41,117.9,4932556
2021-06-08 09:21:42,117.9,4983242
2021-06-08 09:21:43,117.95,4987240
2021-06-08 09:21:44,117.9,4993370
2021-06-08 09:21:45,118.0,4994425
2021-06-08 09:21:46,118.05,5065753
2021-06-08 09:21:47,118.0,5079778
2021-06-08 09:21:48,118.05,5085573
2021-06-08 09:21:49,118.0,5089196
2021-06-08 09:21:51,118.05,5098258
2021-06-08 09:21:52,118.05,5105729
2021-06-08 09:21:53,118.05,5147097
2021-06-08 09:21:54,118.05,5162854
2021-06-08 09:21:55,118.05,5176781
2021-06-08 09:21:56,118.1,5185158
2021-06-08 09:21:57,118.0,5192046
2021-06-08 09:21:58,118.1,5193869
2021-06-08 09:21:59,118.15,5356059
2021-06-08 09:22:00,118.15,5362254
2021-06-08 09:22:01,118.1,5366784
2021-06-08 09:22:02,118.15,5368615
2021-06-08 09:22:03,118.2,5371303
2021-06-08 09:22:04,118.1,5394898
2021-06-08 09:22:05,118.15,5401540
2021-06-08 09:22:06,118.1,5409395
2021-06-08 09:22:07,118.1,5412200
2021-06-08 09:22:08,118.1,5414402
2021-06-08 09:22:09,118.05,5417011
2021-06-08 09:22:10,118.1,5422363
2021-06-08 09:22:11,118.1,5428404
2021-06-08 09:22:12,118.15,5431376
2021-06-08 09:22:13,118.2,5439620
2021-06-08 09:22:14,118.2,5443127
2021-06-08 09:22:16,118.15,5450947
2021-06-08 09:22:16,118.2,5451482
2021-06-08 09:22:17,118.2,5456466
2021-06-08 09:22:18,118.2,5468567
2021-06-08 09:22:19,118.2,5473926
2021-06-08 09:22:20,118.1,5475998
2021-06-08 09:22:21,118.1,5482758
2021-06-08 09:22:23,118.15,5516068
2021-06-08 09:22:24,118.15,5519968
2021-06-08 09:22:25,118.2,5523788
2021-06-08 09:22:26,118.2,5527952
2021-06-08 09:22:27,118.2,5531268
2021-06-08 09:22:28,118.2,5545914
2021-06-08 09:22:29,118.2,5548916
2021-06-08 09:22:30,118.2,5550658
2021-06-08 09:22:31,118.2,5562270
2021-06-08 09:22:32,118.2,5567607
2021-06-08 09:22:34,118.2,5571926
2021-06-08 09:22:34,118.2,5571536
2021-06-08 09:22:35,118.15,5576634
2021-06-08 09:22:37,118.2,5588663
2021-06-08 09:22:38,118.2,5605767
2021-06-08 09:22:40,118.2,5616254
2021-06-08 09:22:40,118.2,5616604
2021-06-08 09:22:41,118.2,5618464
2021-06-08 09:22:42,118.2,5620991
2021-06-08 09:22:43,118.2,5623275
2021-06-08 09:22:44,118.2,5626346
2021-06-08 09:22:45,118.2,5632760
2021-06-08 09:22:46,118.2,5634398
2021-06-08 09:22:47,118.2,5646545
2021-06-08 09:22:48,118.2,5649016
2021-06-08 09:22:49,118.1,5655501
2021-06-08 09:22:51,118.25,5662388
2021-06-08 09:22:52,118.15,5664746
2021-06-08 09:22:53,118.2,5667046
2021-06-08 09:22:54,118.2,5669983
2021-06-08 09:22:55,118.25,5676835
2021-06-08 09:22:56,118.25,5679485
2021-06-08 09:22:57,118.2,5683146
2021-06-08 09:22:59,118.2,5688986
2021-06-08 09:23:00,118.25,5695271
2021-06-08 09:23:02,118.2,5702616
2021-06-08 09:23:02,118.2,5705058
2021-06-08 09:23:03,118.25,5707877
2021-06-08 09:23:04,118.25,5709253
2021-06-08 09:23:05,118.25,5711548
2021-06-08 09:23:06,118.25,5713104
2021-06-08 09:23:07,118.25,5714706
2021-06-08 09:23:08,118.25,5718321
2021-06-08 09:23:09,118.2,5748534
2021-06-08 09:23:10,118.2,5763568
2021-06-08 09:23:11,118.2,5764890
2021-06-08 09:23:13,118.2,5767405
2021-06-08 09:23:13,118.15,5767545
2021-06-08 09:23:14,118.25,5773496
2021-06-08 09:23:15,118.25,5774499
2021-06-08 09:23:16,118.3,5779768
2021-06-08 09:23:17,118.25,5781721
2021-06-08 09:23:18,118.2,5791613
2021-06-08 09:23:19,118.15,5806993
2021-06-08 09:23:20,118.25,5810688
2021-06-08 09:23:22,118.3,5814955
2021-06-08 09:23:22,118.25,5815270
2021-06-08 09:23:23,118.3,5836951
2021-06-08 09:23:24,118.3,5841217
2021-06-08 09:23:25,118.15,5854373
2021-06-08 09:23:26,118.2,5856729
2021-06-08 09:23:27,118.2,5870406
2021-06-08 09:23:28,118.25,5902926
2021-06-08 09:23:29,118.25,5903826
2021-06-08 09:23:31,118.2,5906947
2021-06-08 09:23:32,118.2,5914345
2021-06-08 09:23:33,118.2,5915196
2021-06-08 09:23:34,118.2,5921685
2021-06-08 09:23:35,118.25,5925561
2021-06-08 09:23:36,118.25,5928560
2021-06-08 09:23:37,118.3,5952176
2021-06-08 09:23:38,118.25,5955433
2021-06-08 09:23:39,118.2,5957551
2021-06-08 09:23:40,118.25,5959976
2021-06-08 09:23:42,118.25,5964125
2021-06-08 09:23:42,118.15,5972405
2021-06-08 09:23:43,118.15,5976692
2021-06-08 09:23:44,118.2,5978362
2021-06-08 09:23:45,118.2,5981052
2021-06-08 09:23:46,118.1,6129745
2021-06-08 09:23:47,118.1,6148170
2021-06-08 09:23:48,118.1,6217960
2021-06-08 09:23:49,118.0,6219496
2021-06-08 09:23:50,118.05,6224265
2021-06-08 09:23:51,118.0,6291588
2021-06-08 09:23:52,118.0,6302961
2021-06-08 09:23:54,118.0,6306392
2021-06-08 09:23:55,117.95,6315743
2021-06-08 09:23:56,118.0,6317072
2021-06-08 09:23:57,118.05,6324525
2021-06-08 09:23:58,117.95,6325006
2021-06-08 09:23:59,118.0,6326786
2021-06-08 09:24:01,118.05,6328007
2021-06-08 09:24:02,118.05,6329257
2021-06-08 09:24:03,118.05,6329576
2021-06-08 09:24:04,118.05,6331150
2021-06-08 09:24:05,118.05,6335962
2021-06-08 09:24:06,118.05,6339501
2021-06-08 09:24:07,118.0,6346665
2021-06-08 09:24:08,118.05,6364932
2021-06-08 09:24:08,118.1,6365463
2021-06-08 09:24:09,118.1,6367300
2021-06-08 09:24:10,118.1,6369234
2021-06-08 09:24:11,118.1,6387250
2021-06-08 09:24:13,118.15,6388752
2021-06-08 09:24:14,118.1,6392804
2021-06-08 09:24:15,118.1,6393567
2021-06-08 09:24:15,118.1,6393668
2021-06-08 09:24:16,118.1,6396383
2021-06-08 09:24:18,118.15,6411119
2021-06-08 09:24:19,118.05,6417512
2021-06-08 09:24:21,118.1,6424081
2021-06-08 09:24:22,118.1,6426199
2021-06-08 09:24:23,118.05,6460332
2021-06-08 09:24:24,118.05,6461750
2021-06-08 09:24:24,118.1,6461757
2021-06-08 09:24:25,118.1,6463878
2021-06-08 09:24:26,118.1,6483148
2021-06-08 09:24:27,118.15,6489276
2021-06-08 09:24:28,118.15,6490004
2021-06-08 09:24:29,118.1,6491503
2021-06-08 09:24:30,118.1,6498421
2021-06-08 09:24:32,118.15,6502285
2021-06-08 09:24:34,118.1,6510845
2021-06-08 09:24:35,118.15,6511747
2021-06-08 09:24:36,118.15,6512711
2021-06-08 09:24:36,118.15,6514011
2021-06-08 09:24:37,118.15,6515549
2021-06-08 09:24:39,118.15,6533480
2021-06-08 09:24:40,118.15,6533837
2021-06-08 09:24:41,118.15,6546019
2021-06-08 09:24:42,118.15,6547601
2021-06-08 09:24:43,118.15,6548123
2021-06-08 09:24:44,118.15,6550697
2021-06-08 09:24:45,118.15,6556984
2021-06-08 09:24:46,118.1,6557312
2021-06-08 09:24:47,118.15,6585178
2021-06-08 09:24:49,118.1,6607398
2021-06-08 09:24:50,118.1,6616635
2021-06-08 09:24:51,118.1,6679290
2021-06-08 09:24:52,118.05,6680564
2021-06-08 09:24:54,118.1,6693008
2021-06-08 09:24:55,118.1,6708099
2021-06-08 09:24:56,118.1,6718778
2021-06-08 09:24:57,118.1,6724121
2021-06-08 09:24:58,118.05,6749575
2021-06-08 09:24:59,118.05,6758329
2021-06-08 09:24:59,118.05,6758165
2021-06-08 09:25:00,118.1,6767188
2021-06-08 09:25:01,118.0,6781359
2021-06-08 09:25:02,118.0,6782763
2021-06-08 09:25:03,118.0,6785869
2021-06-08 09:25:04,118.0,6793682
2021-06-08 09:25:05,118.1,6800747
2021-06-08 09:25:06,118.0,6802836
2021-06-08 09:25:07,118.0,6825824
2021-06-08 09:25:08,118.0,6829049
2021-06-08 09:25:09,118.0,6834437
2021-06-08 09:25:10,118.1,6847106
2021-06-08 09:25:11,118.15,6859083
2021-06-08 09:25:12,118.1,6881866
2021-06-08 09:25:13,118.05,6992798
2021-06-08 09:25:14,118.05,7002142
2021-06-08 09:25:16,118.0,7007046
2021-06-08 09:25:18,118.05,7022399
2021-06-08 09:25:19,118.0,7024703
2021-06-08 09:25:20,118.05,7027990
2021-06-08 09:25:21,117.95,7029582
2021-06-08 09:25:21,117.95,7033918
2021-06-08 09:25:22,118.0,7036234
2021-06-08 09:25:23,118.05,7047785
2021-06-08 09:25:24,118.0,7048331
2021-06-08 09:25:26,118.0,7073335
2021-06-08 09:25:27,118.05,7076438
2021-06-08 09:25:27,118.05,7076639
2021-06-08 09:25:28,118.05,7078241
2021-06-08 09:25:29,118.0,7081735
2021-06-08 09:25:30,118.0,7098326
2021-06-08 09:25:31,118.05,7100572
2021-06-08 09:25:32,118.05,7102419
2021-06-08 09:25:34,118.05,7106387
2021-06-08 09:25:35,118.05,7110054
2021-06-08 09:25:36,118.0,7111770
2021-06-08 09:25:37,118.05,7114121
2021-06-08 09:25:38,118.1,7117517
2021-06-08 09:25:39,118.1,7129031
2021-06-08 09:25:40,118.1,7135100
2021-06-08 09:25:41,118.1,7144511
2021-06-08 09:25:42,118.05,7152559
2021-06-08 09:25:44,118.0,7156138
2021-06-08 09:25:45,118.1,7167578
2021-06-08 09:25:46,118.05,7169772
2021-06-08 09:25:47,118.1,7177622
2021-06-08 09:25:47,118.1,7177623
2021-06-08 09:25:48,118.05,7180556
2021-06-08 09:25:49,118.1,7190991
2021-06-08 09:25:50,118.1,7197106
2021-06-08 09:25:51,118.05,7200375
2021-06-08 09:25:53,118.1,7203235
2021-06-08 09:25:54,118.0,7208150
2021-06-08 09:25:56,118.05,7216076
2021-06-08 09:25:57,118.05,7217211
2021-06-08 09:25:58,118.1,7219933
2021-06-08 09:26:01,118.1,7233593
2021-06-08 09:26:02,118.0,7236156
2021-06-08 09:26:03,118.05,7237206
2021-06-08 09:26:04,118.05,7238656
2021-06-08 09:26:05,118.1,7242164
2021-06-08 09:26:06,118.0,7258389
2021-06-08 09:26:07,118.05,7260541
2021-06-08 09:26:08,118.05,7261023
2021-06-08 09:26:09,118.0,7269178
2021-06-08 09:26:10,117.95,7376578
2021-06-08 09:26:11,117.95,7384849
2021-06-08 09:26:12,117.95,7386497
2021-06-08 09:26:13,117.95,7410449
2021-06-08 09:26:14,117.85,7414450
2021-06-08 09:26:15,117.95,7415919
2021-06-08 09:26:16,117.95,7416430
2021-06-08 09:26:18,117.9,7424580
2021-06-08 09:26:19,117.95,7436171
2021-06-08 09:26:20,117.9,7436276
2021-06-08 09:26:21,117.85,7437118
2021-06-08 09:26:22,117.9,7438649
2021-06-08 09:26:23,117.9,7441451
2021-06-08 09:26:24,117.9,7444349
2021-06-08 09:26:25,117.85,7444375
2021-06-08 09:26:26,117.9,7446661
2021-06-08 09:26:27,117.95,7502553
2021-06-08 09:26:29,118.0,7509340
2021-06-08 09:26:28,118.0,7508505
2021-06-08 09:26:30,117.9,7520070
2021-06-08 09:26:31,118.0,7525340
2021-06-08 09:26:32,118.0,7525580
2021-06-08 09:26:33,118.05,7544524
2021-06-08 09:26:34,118.05,7544724
2021-06-08 09:26:35,118.0,7550681
2021-06-08 09:26:37,117.95,7556878
2021-06-08 09:26:38,117.95,7557098
2021-06-08 09:26:39,117.95,7573827
2021-06-08 09:26:40,118.0,7574052
2021-06-08 09:26:42,118.0,7583255
2021-06-08 09:26:43,118.0,7586945
2021-06-08 09:26:44,117.95,7611625
2021-06-08 09:26:45,117.95,7623462
2021-06-08 09:26:46,117.95,7632293
2021-06-08 09:26:47,117.9,7637946
2021-06-08 09:26:48,117.9,7639559
2021-06-08 09:26:49,117.9,7653008
2021-06-08 09:26:50,117.9,7655093
2021-06-08 09:26:51,117.9,7663290
2021-06-08 09:26:52,117.85,7666521
2021-06-08 09:26:53,117.85,7669669
2021-06-08 09:26:54,117.85,7672362
2021-06-08 09:26:55,117.8,7686541
2021-06-08 09:26:56,117.85,7697045
2021-06-08 09:26:57,117.85,7707236
2021-06-08 09:27:00,117.9,7728071
2021-06-08 09:27:01,117.9,7728880
2021-06-08 09:27:02,117.8,7735620
2021-06-08 09:27:03,117.9,7741802
2021-06-08 09:27:04,117.9,7745945
2021-06-08 09:27:05,117.9,7748611
2021-06-08 09:27:06,117.9,7750354
2021-06-08 09:27:07,117.9,7751801
2021-06-08 09:27:08,117.8,7752587
2021-06-08 09:27:09,117.8,7760479
2021-06-08 09:27:10,117.85,7761932
2021-06-08 09:27:11,117.85,7791786
2021-06-08 09:27:12,117.8,7792651
2021-06-08 09:27:13,117.8,7801857
2021-06-08 09:27:14,117.75,7804016
2021-06-08 09:27:15,117.7,7850202
2021-06-08 09:27:16,117.75,7851712
2021-06-08 09:27:17,117.75,7859512
2021-06-08 09:27:18,117.7,7861279
2021-06-08 09:27:19,117.75,7862179
2021-06-08 09:27:20,117.7,7862949
2021-06-08 09:27:21,117.7,7863560
2021-06-08 09:27:22,117.7,7865111
2021-06-08 09:27:23,117.75,7867797
2021-06-08 09:27:24,117.75,7873767
2021-06-08 09:27:25,117.7,7877648
2021-06-08 09:27:26,117.7,7877856
2021-06-08 09:27:27,117.75,7878126
2021-06-08 09:27:28,117.8,7888852
2021-06-08 09:27:29,117.7,7889378
2021-06-08 09:27:30,117.7,7890949
2021-06-08 09:27:31,117.65,7909706
2021-06-08 09:27:32,117.7,7919630
2021-06-08 09:27:33,117.65,7926996
2021-06-08 09:27:34,117.7,7935334
2021-06-08 09:27:35,117.65,7937858
2021-06-08 09:27:36,117.7,7939402
2021-06-08 09:27:37,117.75,7942512
2021-06-08 09:27:38,117.65,7949851
2021-06-08 09:27:39,117.65,7956151
2021-06-08 09:27:40,117.7,7961812
2021-06-08 09:27:41,117.65,7979692
2021-06-08 09:27:43,117.7,7986759
2021-06-08 09:27:44,117.65,8007264
2021-06-08 09:27:45,117.65,8009334
2021-06-08 09:27:46,117.65,8019472
2021-06-08 09:27:47,117.65,8027643
2021-06-08 09:27:48,117.6,8027918
2021-06-08 09:27:49,117.6,8028378
2021-06-08 09:27:50,117.65,8028809
2021-06-08 09:27:51,117.65,8030662
2021-06-08 09:27:52,117.55,8032524
2021-06-08 09:27:54,117.55,8059950
2021-06-08 09:27:55,117.65,8069711
2021-06-08 09:27:56,117.6,8073378
2021-06-08 09:27:57,117.55,8082442
2021-06-08 09:27:58,117.55,8086692
2021-06-08 09:27:59,117.65,8098513
2021-06-08 09:27:59,117.6,8098931
2021-06-08 09:28:00,117.65,8112713
2021-06-08 09:28:01,117.65,8122645
2021-06-08 09:28:03,117.7,8135928
2021-06-08 09:28:04,117.65,8136820
2021-06-08 09:28:05,117.7,8148948
2021-06-08 09:28:06,117.6,8168053
2021-06-08 09:28:07,117.6,8199958
2021-06-08 09:28:08,117.5,8213861
2021-06-08 09:28:09,117.55,8248594
2021-06-08 09:28:10,117.55,8256901
2021-06-08 09:28:11,117.6,8258652
2021-06-08 09:28:12,117.5,8280963
2021-06-08 09:28:14,117.6,8299833
2021-06-08 09:28:15,117.6,8300451
2021-06-08 09:28:16,117.55,8304050
2021-06-08 09:28:18,117.55,8309147
2021-06-08 09:28:18,117.6,8317070
2021-06-08 09:28:19,117.6,8317930
2021-06-08 09:28:20,117.6,8320619
2021-06-08 09:28:21,117.6,8320907
2021-06-08 09:28:22,117.6,8322283
2021-06-08 09:28:24,117.5,8326976
2021-06-08 09:28:25,117.6,8348165
2021-06-08 09:28:26,117.6,8350903
2021-06-08 09:28:27,117.6,8358929
2021-06-08 09:28:28,117.7,8375553
2021-06-08 09:28:30,117.7,8394512
2021-06-08 09:28:31,117.7,8398367
2021-06-08 09:28:32,117.6,8406333
2021-06-08 09:28:33,117.65,8413479
2021-06-08 09:28:34,117.7,8414979
2021-06-08 09:28:35,117.65,8419125
2021-06-08 09:28:36,117.65,8445677
2021-06-08 09:28:37,117.65,8448090
2021-06-08 09:28:38,117.6,8453534
2021-06-08 09:28:39,117.6,8470491
2021-06-08 09:28:40,117.6,8472955
2021-06-08 09:28:41,117.6,8478785
2021-06-08 09:28:42,117.5,8481490
2021-06-08 09:28:43,117.5,8483534
2021-06-08 09:28:44,117.55,8508364
2021-06-08 09:28:45,117.5,8512073
2021-06-08 09:28:47,117.55,8534780
2021-06-08 09:28:48,117.55,8544790
2021-06-08 09:28:49,117.5,8547797
2021-06-08 09:28:50,117.55,8550800
2021-06-08 09:28:50,117.5,8553417
2021-06-08 09:28:51,117.6,8557788
2021-06-08 09:28:52,117.65,8559202
2021-06-08 09:28:53,117.5,8561284
2021-06-08 09:28:54,117.5,8563722
2021-06-08 09:28:55,117.55,8568922
2021-06-08 09:28:56,117.5,8570638
2021-06-08 09:28:57,117.5,8573298
2021-06-08 09:28:58,117.6,8585441
2021-06-08 09:28:59,117.65,8611300
2021-06-08 09:29:00,117.6,8612323
2021-06-08 09:29:01,117.55,8618389
2021-06-08 09:29:03,117.5,8631589
2021-06-08 09:29:05,117.6,8637118
2021-06-08 09:29:06,117.6,8637441
2021-06-08 09:29:07,117.5,8638256
2021-06-08 09:29:08,117.5,8642204
2021-06-08 09:29:09,117.6,8643086
2021-06-08 09:29:10,117.6,8646651
2021-06-08 09:29:11,117.6,8652514
2021-06-08 09:29:12,117.6,8654290
2021-06-08 09:29:13,117.65,8661619
2021-06-08 09:29:14,117.55,8662276
2021-06-08 09:29:15,117.65,8669098
2021-06-08 09:29:16,117.6,8669315
2021-06-08 09:29:17,117.6,8669708
2021-06-08 09:29:18,117.6,8674312
2021-06-08 09:29:19,117.65,8686654
2021-06-08 09:29:20,117.55,8687118
2021-06-08 09:29:21,117.6,8691320
2021-06-08 09:29:22,117.6,8691450
2021-06-08 09:29:23,117.6,8700579
2021-06-08 09:29:24,117.55,8704975
2021-06-08 09:29:25,117.5,8708322
2021-06-08 09:29:26,117.55,8710524
2021-06-08 09:29:27,117.55,8711679
2021-06-08 09:29:28,117.5,8713201
2021-06-08 09:29:29,117.55,8719739
2021-06-08 09:29:30,117.55,8730247
2021-06-08 09:29:31,117.5,8730500
2021-06-08 09:29:33,117.5,8789942
2021-06-08 09:29:34,117.55,8796615
2021-06-08 09:29:35,117.55,8796697
2021-06-08 09:29:36,117.55,8799239
2021-06-08 09:29:37,117.5,8828731
2021-06-08 09:29:38,117.55,8830624
2021-06-08 09:29:39,117.5,8832180
2021-06-08 09:29:40,117.5,8833925
2021-06-08 09:29:41,117.5,8834145
2021-06-08 09:29:42,117.45,8834371
2021-06-08 09:29:43,117.5,8836937
2021-06-08 09:29:44,117.5,8870879
2021-06-08 09:29:45,117.45,8872440
2021-06-08 09:29:46,117.5,8874360
2021-06-08 09:29:47,117.5,8874745
2021-06-08 09:29:48,117.4,8891893
2021-06-08 09:29:49,117.5,8897556
2021-06-08 09:29:50,117.45,8898069
2021-06-08 09:29:52,117.45,8914971
2021-06-08 09:29:53,117.5,8916287
2021-06-08 09:29:54,117.4,8922803
2021-06-08 09:29:55,117.5,8924958
2021-06-08 09:29:56,117.5,8927172
2021-06-08 09:29:57,117.4,8929412
2021-06-08 09:29:58,117.5,8932065
2021-06-08 09:29:59,117.5,8934170
2021-06-08 09:30:00,117.5,8936847
2021-06-08 09:30:01,117.4,8940605
2021-06-08 09:30:02,117.5,8941617
2021-06-08 09:30:03,117.4,8942685
2021-06-08 09:30:04,117.45,8949396
2021-06-08 09:30:05,117.5,8960808
2021-06-08 09:30:06,117.35,9019787
2021-06-08 09:30:07,117.4,9022503
2021-06-08 09:30:08,117.45,9027627
2021-06-08 09:30:09,117.45,9030278
2021-06-08 09:30:10,117.35,9030700
2021-06-08 09:30:11,117.35,9031996
2021-06-08 09:30:12,117.4,9032699
2021-06-08 09:30:13,117.45,9037037
2021-06-08 09:30:14,117.4,9038752
2021-06-08 09:30:16,117.5,9050156
2021-06-08 09:30:17,117.4,9056487
2021-06-08 09:30:18,117.4,9057004
2021-06-08 09:30:19,117.5,9058982
2021-06-08 09:30:20,117.45,9062079
2021-06-08 09:30:21,117.45,9064747
2021-06-08 09:30:22,117.4,9065458
2021-06-08 09:30:23,117.5,9070212
2021-06-08 09:30:24,117.5,9073729
2021-06-08 09:30:25,117.4,9091002
2021-06-08 09:30:26,117.35,9092557
2021-06-08 09:30:27,117.45,9103576
2021-06-08 09:30:28,117.4,9104645
2021-06-08 09:30:29,117.35,9111277
2021-06-08 09:30:30,117.4,9126638
2021-06-08 09:30:31,117.35,9127849
2021-06-08 09:30:33,117.35,9137896
2021-06-08 09:30:32,117.35,9136688
2021-06-08 09:30:34,117.35,9140785
2021-06-08 09:30:35,117.4,9143502
2021-06-08 09:30:36,117.3,9145214
2021-06-08 09:30:37,117.3,9146911
2021-06-08 09:30:38,117.35,9148236
2021-06-08 09:30:39,117.35,9150174
2021-06-08 09:30:40,117.3,9151212
2021-06-08 09:30:41,117.3,9152240
2021-06-08 09:30:42,117.35,9155486
2021-06-08 09:30:43,117.3,9159585
2021-06-08 09:30:44,117.3,9162067
2021-06-08 09:30:45,117.3,9170530
2021-06-08 09:30:46,117.25,9177215
2021-06-08 09:30:47,117.25,9177635
2021-06-08 09:30:48,117.3,9180042
2021-06-08 09:30:49,117.3,9183575
2021-06-08 09:30:50,117.25,9186708
2021-06-08 09:30:51,117.3,9195200
2021-06-08 09:30:52,117.25,9202722
2021-06-08 09:30:53,117.25,9207289
2021-06-08 09:30:54,117.25,9210465
2021-06-08 09:30:55,117.25,9216720
2021-06-08 09:30:56,117.25,9220357
2021-06-08 09:30:57,117.3,9221117
2021-06-08 09:30:58,117.3,9223558
2021-06-08 09:30:59,117.25,9225007
2021-06-08 09:31:00,117.25,9229344
2021-06-08 09:31:01,117.3,9244613
2021-06-08 09:31:02,117.3,9246701
2021-06-08 09:31:03,117.3,9252627
2021-06-08 09:31:04,117.3,9254505
2021-06-08 09:31:05,117.35,9257268
2021-06-08 09:31:07,117.3,9260773
2021-06-08 09:31:08,117.3,9267354
2021-06-08 09:31:09,117.35,9269792
2021-06-08 09:31:10,117.3,9272002
2021-06-08 09:31:11,117.3,9272020
2021-06-08 09:31:12,117.4,9274020
2021-06-08 09:31:13,117.3,9274278
2021-06-08 09:31:14,117.45,9278038
2021-06-08 09:31:15,117.35,9279158
2021-06-08 09:31:16,117.3,9406912
2021-06-08 09:31:17,117.25,9409528
2021-06-08 09:31:18,117.3,9412600
2021-06-08 09:31:19,117.3,9414666
2021-06-08 09:31:20,117.2,9487650
2021-06-08 09:31:21,117.2,9490151
2021-06-08 09:31:22,117.2,9490462
2021-06-08 09:31:23,117.25,9497725
2021-06-08 09:31:24,117.25,9504290
2021-06-08 09:31:25,117.25,9506003
2021-06-08 09:31:26,117.3,9507122
2021-06-08 09:31:27,117.2,9508001
2021-06-08 09:31:28,117.3,9509959
2021-06-08 09:31:29,117.3,9512502
2021-06-08 09:31:30,117.2,9518975
2021-06-08 09:31:31,117.25,9521065
2021-06-08 09:31:32,117.2,9527265
2021-06-08 09:31:33,117.3,9534266
2021-06-08 09:31:34,117.3,9536702
2021-06-08 09:31:35,117.2,9543901
2021-06-08 09:31:36,117.2,9548160
2021-06-08 09:31:37,117.25,9550160
2021-06-08 09:31:38,117.2,9550780
2021-06-08 09:31:40,117.25,9556428
2021-06-08 09:31:41,117.3,9563509
2021-06-08 09:31:42,117.35,9581825
2021-06-08 09:31:43,117.3,9590044
2021-06-08 09:31:44,117.4,9592069
2021-06-08 09:31:45,117.3,9601653
2021-06-08 09:31:46,117.4,9603363
2021-06-08 09:31:47,117.4,9605498
2021-06-08 09:31:48,117.4,9608871
2021-06-08 09:31:49,117.4,9613584
2021-06-08 09:31:50,117.4,9638226
2021-06-08 09:31:51,117.4,9641656
2021-06-08 09:31:52,117.4,9647636
2021-06-08 09:31:53,117.45,9649015
2021-06-08 09:31:54,117.45,9650877
2021-06-08 09:31:55,117.35,9656765
2021-06-08 09:31:56,117.35,9662423
2021-06-08 09:31:57,117.4,9663723
2021-06-08 09:31:58,117.4,9664928
2021-06-08 09:31:59,117.35,9666228
2021-06-08 09:32:00,117.2,9698033
2021-06-08 09:32:01,117.3,9702310
2021-06-08 09:32:02,117.2,9712205
2021-06-08 09:32:04,117.25,9714228
2021-06-08 09:32:03,117.3,9713899
2021-06-08 09:32:05,117.3,9745698
2021-06-08 09:32:06,117.35,9746229
2021-06-08 09:32:07,117.25,9747229
2021-06-08 09:32:08,117.4,9750256
2021-06-08 09:32:09,117.3,9750779
2021-06-08 09:32:10,117.4,9752015
2021-06-08 09:32:11,117.4,9752717
2021-06-08 09:32:12,117.4,9754296
2021-06-08 09:32:14,117.4,9756516
2021-06-08 09:32:15,117.4,9759070
2021-06-08 09:32:16,117.2,9810336
2021-06-08 09:32:17,117.2,9816778
2021-06-08 09:32:18,117.2,9819902
2021-06-08 09:32:19,117.25,9828827
2021-06-08 09:32:20,117.15,9831505
2021-06-08 09:32:21,117.2,9840084
2021-06-08 09:32:22,117.2,9843604
2021-06-08 09:32:23,117.25,9844661
2021-06-08 09:32:24,117.15,9865279
2021-06-08 09:32:25,117.1,9897846
2021-06-08 09:32:26,117.1,9908886
2021-06-08 09:32:27,117.2,9913328
2021-06-08 09:32:28,117.1,9921412
2021-06-08 09:32:29,117.2,9924550
2021-06-08 09:32:30,117.1,9933127
2021-06-08 09:32:31,117.1,9936032
2021-06-08 09:32:32,117.05,9967529
2021-06-08 09:32:34,117.15,9979057
2021-06-08 09:32:34,117.05,9979562
2021-06-08 09:32:35,117.1,9989162
2021-06-08 09:32:36,117.05,9993078
2021-06-08 09:32:37,117.15,10003957
2021-06-08 09:32:38,117.15,10020266
2021-06-08 09:32:39,117.1,10027160
2021-06-08 09:32:40,117.05,10049039
2021-06-08 09:32:41,117.05,10163501
2021-06-08 09:32:42,117.0,10170754
2021-06-08 09:32:43,117.05,10174152
2021-06-08 09:32:44,117.0,10189548
2021-06-08 09:32:45,117.0,10200554
2021-06-08 09:32:46,117.05,10208322
2021-06-08 09:32:47,117.0,10209923
2021-06-08 09:32:48,117.0,10216620
2021-06-08 09:32:49,117.05,10224240
2021-06-08 09:32:50,117.0,10236632
2021-06-08 09:32:51,117.0,10237094
2021-06-08 09:32:52,117.0,10242504
2021-06-08 09:32:53,117.05,10244210
2021-06-08 09:32:54,117.0,10296765
2021-06-08 09:32:55,117.0,10302578
2021-06-08 09:32:56,117.1,10304078
2021-06-08 09:32:57,117.05,10311659
2021-06-08 09:32:58,117.05,10313746
2021-06-08 09:32:59,117.1,10315423
2021-06-08 09:33:01,117.2,10368693
2021-06-08 09:33:02,117.15,10375734
2021-06-08 09:33:03,117.1,10382842
2021-06-08 09:33:04,117.15,10386994
2021-06-08 09:33:05,117.15,10390546
2021-06-08 09:33:06,117.1,10397916
2021-06-08 09:33:08,117.2,10410737
2021-06-08 09:33:08,117.15,10416593
2021-06-08 09:33:09,117.05,10424210
2021-06-08 09:33:10,117.2,10439384
2021-06-08 09:33:11,117.15,10445646
2021-06-08 09:33:12,117.1,10448076
2021-06-08 09:33:13,117.05,10450849
2021-06-08 09:33:14,117.15,10452190
2021-06-08 09:33:15,117.15,10460634
2021-06-08 09:33:16,117.1,10464902
2021-06-08 09:33:17,117.2,10466242
2021-06-08 09:33:18,117.1,10475616
2021-06-08 09:33:19,117.1,10479494
2021-06-08 09:33:20,117.1,10483918
2021-06-08 09:33:21,117.15,10491174
2021-06-08 09:33:22,117.2,10494837
2021-06-08 09:33:24,117.15,10497674
2021-06-08 09:33:25,117.15,10499705
2021-06-08 09:33:25,117.2,10502020
2021-06-08 09:33:27,117.15,10504302
2021-06-08 09:33:28,117.05,10504865
2021-06-08 09:33:29,117.1,10508214
2021-06-08 09:33:29,117.05,10516136
2021-06-08 09:33:31,117.2,10521813
2021-06-08 09:33:31,117.1,10521863
2021-06-08 09:33:32,117.1,10523026
2021-06-08 09:33:33,117.1,10525416
2021-06-08 09:33:34,117.15,10531692
2021-06-08 09:33:35,117.05,10537151
2021-06-08 09:33:36,117.1,10547966
2021-06-08 09:33:37,117.05,10552090
2021-06-08 09:33:38,117.1,10558155
2021-06-08 09:33:40,117.05,10562352
2021-06-08 09:33:41,117.05,10566135
2021-06-08 09:33:42,117.0,10590576
2021-06-08 09:33:44,117.05,10590924
2021-06-08 09:33:44,117.05,10591074
2021-06-08 09:33:45,117.1,10602767
2021-06-08 09:33:46,117.05,10603376
2021-06-08 09:33:47,117.0,10606443
2021-06-08 09:33:48,117.05,10607645
2021-06-08 09:33:49,117.05,10618470
2021-06-08 09:33:50,117.05,10625042
2021-06-08 09:33:51,117.0,10627149
2021-06-08 09:33:52,117.0,10633599
2021-06-08 09:33:53,117.05,10635309
2021-06-08 09:33:54,117.05,10636348
2021-06-08 09:33:56,117.0,10644726
2021-06-08 09:33:56,117.0,10646036
2021-06-08 09:33:57,117.0,10718138
2021-06-08 09:33:58,117.0,10728524
2021-06-08 09:33:59,117.0,10729304
2021-06-08 09:34:01,117.0,10729445
2021-06-08 09:34:01,117.05,10733600
2021-06-08 09:34:02,117.1,10738075
2021-06-08 09:34:03,117.05,10740895
2021-06-08 09:34:05,117.1,10743499
2021-06-08 09:34:06,117.15,10745218
2021-06-08 09:34:07,117.05,10745627
2021-06-08 09:34:08,117.05,10746128
2021-06-08 09:34:10,117.05,10748523
2021-06-08 09:34:11,117.1,10752301
2021-06-08 09:34:12,117.1,10753464
2021-06-08 09:34:13,117.1,10755281
2021-06-08 09:34:13,117.05,10757876
2021-06-08 09:34:14,117.05,10758658
2021-06-08 09:34:16,117.1,10780900
2021-06-08 09:34:17,117.1,10785762
2021-06-08 09:34:18,117.05,10787670
2021-06-08 09:34:19,117.1,10789431
2021-06-08 09:34:20,117.15,10793387
2021-06-08 09:34:21,117.1,10796557
2021-06-08 09:34:22,117.15,10797809
2021-06-08 09:34:23,117.05,10798505
2021-06-08 09:34:25,117.1,10800554
2021-06-08 09:34:25,117.1,10803069
2021-06-08 09:34:26,117.1,10804141
2021-06-08 09:34:27,117.15,10804464
2021-06-08 09:34:28,117.1,10805025
2021-06-08 09:34:29,117.05,10805249
2021-06-08 09:34:30,117.1,10805569
2021-06-08 09:34:31,117.1,10806318
2021-06-08 09:34:34,117.05,10815454
2021-06-08 09:34:35,117.1,10816251
2021-06-08 09:34:36,117.05,10816491
2021-06-08 09:34:38,117.1,10817608
2021-06-08 09:34:38,117.05,10818721
2021-06-08 09:34:39,117.05,10820524
2021-06-08 09:34:40,117.1,10821690
2021-06-08 09:34:41,117.1,10822215
2021-06-08 09:34:43,117.05,10823393
2021-06-08 09:34:44,117.1,10826248
2021-06-08 09:34:45,117.05,10838738
2021-06-08 09:34:45,117.05,10840893
2021-06-08 09:34:46,117.0,10842953
2021-06-08 09:34:47,117.05,10844638
2021-06-08 09:34:48,117.05,10845958
2021-06-08 09:34:49,117.0,10849593
2021-06-08 09:34:50,117.05,10853312
2021-06-08 09:34:51,117.1,10854473
2021-06-08 09:34:52,117.0,10856519
2021-06-08 09:34:53,117.05,10857448
2021-06-08 09:34:54,117.1,10869070
2021-06-08 09:34:55,117.1,10871992
2021-06-08 09:34:56,117.1,10877168
2021-06-08 09:34:57,117.05,10877298
2021-06-08 09:34:58,117.05,10877702
2021-06-08 09:34:59,117.05,10877985
2021-06-08 09:35:01,117.05,10878391
2021-06-08 09:35:01,117.1,10878568
2021-06-08 09:35:02,117.1,10881132
2021-06-08 09:35:03,117.1,10882664
2021-06-08 09:35:04,117.1,10883491
2021-06-08 09:35:05,117.1,10885061
2021-06-08 09:35:06,117.05,10885671
2021-06-08 09:35:07,117.15,10908639
2021-06-08 09:35:08,117.1,10917249
2021-06-08 09:35:10,117.1,10919932
2021-06-08 09:35:11,117.15,10931319
2021-06-08 09:35:11,117.1,10934265
2021-06-08 09:35:12,117.15,10936603
2021-06-08 09:35:14,117.2,10941798
2021-06-08 09:35:15,117.1,10943572
2021-06-08 09:35:16,117.15,10944249
2021-06-08 09:35:17,117.1,10944259
2021-06-08 09:35:18,117.1,10945649
2021-06-08 09:35:18,117.05,10945251
2021-06-08 09:35:19,117.15,10946848
2021-06-08 09:35:20,117.15,10947812
2021-06-08 09:35:21,117.15,10948152
2021-06-08 09:35:22,117.15,10951132
2021-06-08 09:35:23,117.1,10955802
2021-06-08 09:35:24,117.1,10958461
2021-06-08 09:35:25,117.1,10959909
2021-06-08 09:35:26,117.1,10960843
2021-06-08 09:35:27,117.1,10961830
2021-06-08 09:35:28,117.1,10963686
2021-06-08 09:35:29,117.05,10966567
2021-06-08 09:35:30,117.15,10977989
2021-06-08 09:35:31,117.05,10986314
2021-06-08 09:35:32,117.1,10994620
2021-06-08 09:35:33,117.1,10997625
2021-06-08 09:35:34,117.1,10998742
2021-06-08 09:35:35,117.15,10999127
2021-06-08 09:35:36,117.1,10999458
2021-06-08 09:35:37,117.15,11000183
2021-06-08 09:35:38,117.15,11000572
2021-06-08 09:35:39,117.15,11000876
2021-06-08 09:35:40,117.1,11001104
2021-06-08 09:35:41,117.2,11003999
2021-06-08 09:35:42,117.2,11004877
2021-06-08 09:35:43,117.1,11005077
2021-06-08 09:35:44,117.1,11005664
2021-06-08 09:35:46,117.1,11007369
2021-06-08 09:35:47,117.05,11025127
2021-06-08 09:35:48,117.05,11031736
2021-06-08 09:35:49,117.05,11033085
2021-06-08 09:35:49,117.05,11042193
2021-06-08 09:35:51,117.15,11045136
2021-06-08 09:35:52,117.05,11047357
2021-06-08 09:35:53,117.15,11049333
2021-06-08 09:35:54,117.05,11050144
2021-06-08 09:35:55,117.15,11051729
2021-06-08 09:35:56,117.15,11052206
2021-06-08 09:35:57,117.05,11053580
2021-06-08 09:35:57,117.15,11054062
2021-06-08 09:35:58,117.15,11054258
2021-06-08 09:35:59,117.15,11055912
2021-06-08 09:36:00,117.15,11056517
2021-06-08 09:36:01,117.1,11056929
2021-06-08 09:36:02,117.05,11057208
2021-06-08 09:36:03,117.1,11057874
2021-06-08 09:36:04,117.1,11058336
2021-06-08 09:36:05,117.1,11059176
2021-06-08 09:36:06,117.05,11062438
2021-06-08 09:36:07,117.1,11063734
2021-06-08 09:36:08,117.1,11074827
2021-06-08 09:36:10,117.15,11078785
2021-06-08 09:36:11,117.1,11080032
2021-06-08 09:36:12,117.05,11082616
2021-06-08 09:36:13,117.1,11083661
2021-06-08 09:36:14,117.05,11090422
2021-06-08 09:36:15,117.1,11117067
2021-06-08 09:36:16,117.05,11125060
2021-06-08 09:36:17,117.05,11133259
2021-06-08 09:36:18,117.0,11133461
2021-06-08 09:36:19,117.05,11135353
2021-06-08 09:36:20,117.0,11136557
2021-06-08 09:36:20,117.05,11136567
2021-06-08 09:36:21,117.0,11144847
2021-06-08 09:36:22,117.05,11145294
2021-06-08 09:36:23,117.05,11145385
2021-06-08 09:36:24,117.05,11147593
2021-06-08 09:36:25,117.05,11148903
2021-06-08 09:36:26,117.0,11149731
2021-06-08 09:36:27,117.05,11149831
2021-06-08 09:36:28,117.05,11154699
2021-06-08 09:36:29,117.0,11157714
2021-06-08 09:36:31,117.0,11160295
2021-06-08 09:36:32,117.05,11161410
2021-06-08 09:36:32,117.0,11161437
2021-06-08 09:36:33,117.05,11162437
2021-06-08 09:36:34,117.0,11162667
2021-06-08 09:36:35,117.05,11163101
2021-06-08 09:36:36,117.05,11163851
2021-06-08 09:36:37,117.0,11163861
2021-06-08 09:36:38,117.05,11164536
2021-06-08 09:36:39,117.05,11166683
2021-06-08 09:36:40,117.0,11167473
2021-06-08 09:36:41,117.05,11168037
2021-06-08 09:36:42,117.05,11170421
2021-06-08 09:36:43,117.05,11171001
2021-06-08 09:36:44,117.05,11175599
2021-06-08 09:36:45,117.05,11176061
2021-06-08 09:36:46,117.05,11176112
2021-06-08 09:36:47,117.0,11181948
2021-06-08 09:36:48,117.05,11182338
2021-06-08 09:36:49,117.05,11182417
2021-06-08 09:36:50,117.0,11182717
2021-06-08 09:36:51,117.05,11183076
2021-06-08 09:36:52,117.0,11184076
2021-06-08 09:36:53,117.05,11193130
2021-06-08 09:36:55,117.05,11196195
2021-06-08 09:36:56,117.05,11196410
2021-06-08 09:36:57,117.0,11198046
2021-06-08 09:36:58,117.05,11199305
2021-06-08 09:36:59,117.05,11200929
2021-06-08 09:36:59,117.05,11200929
2021-06-08 09:37:00,117.0,11204811
2021-06-08 09:37:01,117.05,11205322
2021-06-08 09:37:02,117.0,11205589
2021-06-08 09:37:03,117.0,11205689
2021-06-08 09:37:04,117.0,11207398
2021-06-08 09:37:05,117.05,11210851
2021-06-08 09:37:06,117.05,11218824
2021-06-08 09:37:07,117.05,11222589
2021-06-08 09:37:08,117.05,11223829
2021-06-08 09:37:09,117.05,11224288
2021-06-08 09:37:10,117.05,11233046
2021-06-08 09:37:11,117.05,11233261
2021-06-08 09:37:12,117.1,11233689
2021-06-08 09:37:13,117.05,11233842
2021-06-08 09:37:14,117.05,11234600
2021-06-08 09:37:15,117.1,11237497
2021-06-08 09:37:16,117.05,11238057
2021-06-08 09:37:18,117.1,11238158
2021-06-08 09:37:18,117.15,11241734
2021-06-08 09:37:19,117.1,11241932
2021-06-08 09:37:20,117.1,11242204
2021-06-08 09:37:21,117.1,11244822
2021-06-08 09:37:22,117.1,11244923
2021-06-08 09:37:23,117.15,11245114
2021-06-08 09:37:25,117.15,11245730
2021-06-08 09:37:26,117.2,11268909
2021-06-08 09:37:27,117.3,11270456
2021-06-08 09:37:28,117.3,11274445
2021-06-08 09:37:30,117.35,11312441
2021-06-08 09:37:30,117.35,11312451
2021-06-08 09:37:32,117.4,11332178
2021-06-08 09:37:33,117.4,11333279
2021-06-08 09:37:34,117.35,11335145
2021-06-08 09:37:35,117.4,11335264
2021-06-08 09:37:36,117.4,11335530
2021-06-08 09:37:37,117.35,11340347
2021-06-08 09:37:38,117.35,11344157
2021-06-08 09:37:38,117.35,11344157
2021-06-08 09:37:39,117.3,11344402
2021-06-08 09:37:40,117.35,11344874
2021-06-08 09:37:41,117.35,11345077
2021-06-08 09:37:42,117.3,11345978
2021-06-08 09:37:44,117.4,11350371
2021-06-08 09:37:45,117.4,11356051
2021-06-08 09:37:46,117.4,11356276
2021-06-08 09:37:47,117.4,11356998
2021-06-08 09:37:48,117.4,11357058
2021-06-08 09:37:49,117.4,11359346
2021-06-08 09:37:50,117.4,11360048
2021-06-08 09:37:51,117.4,11360148
2021-06-08 09:37:52,117.45,11381680
2021-06-08 09:37:52,117.45,11386723
2021-06-08 09:37:54,117.45,11390508
2021-06-08 09:37:55,117.5,11390658
2021-06-08 09:37:55,117.5,11390673
2021-06-08 09:37:57,117.6,11410222
2021-06-08 09:37:57,117.55,11412573
2021-06-08 09:37:58,117.6,11418866
2021-06-08 09:37:59,117.5,11419883
2021-06-08 09:38:00,117.6,11423103
2021-06-08 09:38:01,117.6,11424303
2021-06-08 09:38:02,117.5,11428559
2021-06-08 09:38:04,117.6,11435498
2021-06-08 09:38:03,117.6,11435373
2021-06-08 09:38:05,117.5,11450779
2021-06-08 09:38:06,117.5,11451725
2021-06-08 09:38:07,117.5,11469323
2021-06-08 09:38:08,117.5,11469348
2021-06-08 09:38:09,117.5,11469510
2021-06-08 09:38:11,117.45,11472712
2021-06-08 09:38:12,117.45,11477880
2021-06-08 09:38:13,117.55,11478298
2021-06-08 09:38:13,117.55,11478533
2021-06-08 09:38:14,117.5,11505057
2021-06-08 09:38:15,117.45,11505801
2021-06-08 09:38:16,117.45,11506006
2021-06-08 09:38:17,117.45,11506470
2021-06-08 09:38:18,117.5,11506830
2021-06-08 09:38:19,117.5,11508075
2021-06-08 09:38:20,117.45,11514900
2021-06-08 09:38:21,117.5,11517042
2021-06-08 09:38:22,117.45,11535248
2021-06-08 09:38:23,117.45,11541216
2021-06-08 09:38:24,117.45,11546402
2021-06-08 09:38:25,117.5,11546452
2021-06-08 09:38:26,117.55,11546709
2021-06-08 09:38:27,117.5,11547855
2021-06-08 09:38:28,117.5,11556364
2021-06-08 09:38:29,117.55,11560268
2021-06-08 09:38:30,117.5,11560412
2021-06-08 09:38:31,117.5,11561423
2021-06-08 09:38:32,117.55,11563055
2021-06-08 09:38:34,117.55,11564470
2021-06-08 09:38:35,117.55,11564972
2021-06-08 09:38:36,117.55,11566052
2021-06-08 09:38:37,117.5,11571979
2021-06-08 09:38:37,117.5,11571979
2021-06-08 09:38:38,117.5,11572109
2021-06-08 09:38:39,117.6,11632134
2021-06-08 09:38:40,117.65,11640434
2021-06-08 09:38:41,117.6,11640819
2021-06-08 09:38:42,117.6,11640869
2021-06-08 09:38:43,117.6,11651029
2021-06-08 09:38:44,117.55,11651479
2021-06-08 09:38:45,117.55,11651677
2021-06-08 09:38:47,117.65,11653025
2021-06-08 09:38:47,117.7,11671543
2021-06-08 09:38:49,117.6,11693385
2021-06-08 09:38:50,117.55,11695058
2021-06-08 09:38:50,117.65,11694875
2021-06-08 09:38:52,117.65,11697292
2021-06-08 09:38:53,117.7,11700991
2021-06-08 09:38:53,117.7,11701092
2021-06-08 09:38:55,117.6,11702971
2021-06-08 09:38:57,117.65,11703787
2021-06-08 09:38:58,117.7,11704222
2021-06-08 09:38:58,117.7,11704325
2021-06-08 09:38:59,117.7,11707036
2021-06-08 09:39:00,117.7,11711028
2021-06-08 09:39:01,117.75,11714950
2021-06-08 09:39:02,117.65,11726971
2021-06-08 09:39:03,117.6,11727797
2021-06-08 09:39:04,117.65,11728647
2021-06-08 09:39:05,117.65,11774119
2021-06-08 09:39:07,117.7,11774669
2021-06-08 09:39:07,117.7,11775232
2021-06-08 09:39:08,117.7,11778703
2021-06-08 09:39:09,117.7,11781769
2021-06-08 09:39:10,117.7,11782902
2021-06-08 09:39:12,117.7,11783344
2021-06-08 09:39:13,117.75,11787533
2021-06-08 09:39:14,117.75,11809183
2021-06-08 09:39:15,117.75,11814904
2021-06-08 09:39:16,117.75,11817480
2021-06-08 09:39:17,117.7,11818499
2021-06-08 09:39:18,117.75,11820693
2021-06-08 09:39:19,117.8,11829200
2021-06-08 09:39:20,117.8,11829200
2021-06-08 09:39:21,117.65,11836507
2021-06-08 09:39:22,117.75,11843607
2021-06-08 09:39:23,117.7,11844107
2021-06-08 09:39:24,117.75,11845938
2021-06-08 09:39:25,117.75,11849833
2021-06-08 09:39:25,117.8,11850443
2021-06-08 09:39:26,117.75,11851280
2021-06-08 09:39:27,117.85,11856161
2021-06-08 09:39:29,117.8,11862713
2021-06-08 09:39:30,117.8,11877181
2021-06-08 09:39:31,117.65,11906696
2021-06-08 09:39:31,117.65,11906696
2021-06-08 09:39:33,117.75,11914862
2021-06-08 09:39:33,117.75,11914862
2021-06-08 09:39:34,117.75,11915694
2021-06-08 09:39:35,117.65,11919813
2021-06-08 09:39:37,117.75,11921150
2021-06-08 09:39:38,117.75,11923966
2021-06-08 09:39:39,117.8,11955432
2021-06-08 09:39:40,117.8,11976238
2021-06-08 09:39:41,117.85,11991943
2021-06-08 09:39:42,117.85,11991968
2021-06-08 09:39:43,117.8,11992636
2021-06-08 09:39:43,117.9,11998907
2021-06-08 09:39:45,117.8,12002677
2021-06-08 09:39:45,117.8,12002677
2021-06-08 09:39:47,117.85,12004265
2021-06-08 09:39:47,117.85,12004415
2021-06-08 09:39:49,117.8,12007557
2021-06-08 09:39:50,117.8,12007694
2021-06-08 09:39:51,117.8,12009111
2021-06-08 09:39:52,117.9,12015225
2021-06-08 09:39:52,117.9,12015275
2021-06-08 09:39:54,117.8,12020416
2021-06-08 09:39:55,117.8,12022904
2021-06-08 09:39:56,117.85,12035102
2021-06-08 09:39:57,117.8,12040587
2021-06-08 09:39:58,117.85,12042767
2021-06-08 09:39:59,117.85,12043084
2021-06-08 09:40:00,117.8,12044957
2021-06-08 09:40:01,117.8,12046839
2021-06-08 09:40:02,117.8,12049089
2021-06-08 09:40:03,117.9,12054989
2021-06-08 09:40:03,117.95,12072711
2021-06-08 09:40:04,117.95,12072723
2021-06-08 09:40:06,117.85,12076548
2021-06-08 09:40:08,117.95,12078568
2021-06-08 09:40:09,117.95,12078757
2021-06-08 09:40:09,117.95,12079337
2021-06-08 09:40:10,117.9,12081851
2021-06-08 09:40:11,117.9,12081916
2021-06-08 09:40:12,118.0,12098613
2021-06-08 09:40:13,117.95,12099620
2021-06-08 09:40:14,117.95,12099760
2021-06-08 09:40:15,118.0,12113982
2021-06-08 09:40:16,118.0,12120864
2021-06-08 09:40:17,118.0,12127746
2021-06-08 09:40:19,118.0,12129843
2021-06-08 09:40:19,118.0,12130044
2021-06-08 09:40:20,117.95,12130297
2021-06-08 09:40:21,118.0,12136763
2021-06-08 09:40:22,118.0,12138544
2021-06-08 09:40:23,117.95,12140800
2021-06-08 09:40:24,117.95,12141348
2021-06-08 09:40:25,117.9,12142538
2021-06-08 09:40:26,117.95,12143752
2021-06-08 09:40:28,117.95,12146231
2021-06-08 09:40:29,118.0,12147191
2021-06-08 09:40:30,117.9,12152351
2021-06-08 09:40:31,118.0,12155506
2021-06-08 09:40:32,118.0,12157156
2021-06-08 09:40:33,118.0,12159139
2021-06-08 09:40:33,117.95,12161381
2021-06-08 09:40:34,118.0,12169793
2021-06-08 09:40:35,118.0,12171749
2021-06-08 09:40:36,118.0,12187097
2021-06-08 09:40:37,117.95,12187363
2021-06-08 09:40:39,118.0,12188297
2021-06-08 09:40:40,117.95,12188747
2021-06-08 09:40:41,117.95,12194303
2021-06-08 09:40:42,117.95,12199488
2021-06-08 09:40:43,117.95,12200113
2021-06-08 09:40:44,117.95,12204450
2021-06-08 09:40:45,118.0,12205441
2021-06-08 09:40:46,118.0,12205741
2021-06-08 09:40:47,118.0,12206686
2021-06-08 09:40:48,117.9,12210280
2021-06-08 09:40:49,117.9,12213305
2021-06-08 09:40:50,117.9,12263361
2021-06-08 09:40:51,117.95,12264381
2021-06-08 09:40:51,117.95,12264381
2021-06-08 09:40:52,117.9,12266682
2021-06-08 09:40:53,118.0,12279526
2021-06-08 09:40:54,117.95,12279849
2021-06-08 09:40:55,117.9,12294813
2021-06-08 09:40:57,117.95,12296113
2021-06-08 09:40:58,117.9,12298365
2021-06-08 09:40:59,118.0,12299394
2021-06-08 09:41:00,117.95,12300214
2021-06-08 09:41:01,118.0,12300817
2021-06-08 09:41:02,117.95,12304876
2021-06-08 09:41:03,118.0,12306875
2021-06-08 09:41:04,117.95,12308684
2021-06-08 09:41:06,117.9,12310085
2021-06-08 09:41:08,117.9,12312232
2021-06-08 09:41:07,117.9,12312232
2021-06-08 09:41:09,117.9,12312439
2021-06-08 09:41:10,117.95,12312699
2021-06-08 09:41:11,117.95,12312800
2021-06-08 09:41:12,117.9,12312802
2021-06-08 09:41:13,117.95,12318500
2021-06-08 09:41:14,117.95,12319813
2021-06-08 09:41:16,117.9,12322194
2021-06-08 09:41:17,117.95,12322414
2021-06-08 09:41:18,117.95,12323859
2021-06-08 09:41:19,117.9,12336977
2021-06-08 09:41:20,117.9,12338985
2021-06-08 09:41:21,117.85,12350238
2021-06-08 09:41:22,117.85,12354865
2021-06-08 09:41:23,117.9,12355957
2021-06-08 09:41:24,117.9,12357896
2021-06-08 09:41:25,117.85,12359723
2021-06-08 09:41:26,117.9,12360946
2021-06-08 09:41:27,117.85,12375993
2021-06-08 09:41:28,117.85,12376982
2021-06-08 09:41:29,117.85,12377607
2021-06-08 09:41:30,117.85,12377957
2021-06-08 09:41:31,117.85,12378325
2021-06-08 09:41:32,117.85,12385774
2021-06-08 09:41:33,117.85,12386384
2021-06-08 09:41:34,117.85,12387537
2021-06-08 09:41:35,117.85,12389698
2021-06-08 09:41:36,117.8,12390271
2021-06-08 09:41:37,117.8,12390272
2021-06-08 09:41:38,117.8,12396953
2021-06-08 09:41:39,117.8,12397643
2021-06-08 09:41:40,117.75,12398008
2021-06-08 09:41:42,117.75,12399241
2021-06-08 09:41:43,117.75,12401541
2021-06-08 09:41:44,117.8,12408907
2021-06-08 09:41:45,117.75,12409823
2021-06-08 09:41:46,117.8,12409969
2021-06-08 09:41:47,117.75,12412012
2021-06-08 09:41:48,117.75,12413206
2021-06-08 09:41:49,117.75,12420939
2021-06-08 09:41:50,117.75,12422479
2021-06-08 09:41:51,117.8,12428642
2021-06-08 09:41:52,117.75,12429127
2021-06-08 09:41:53,117.7,12430711
2021-06-08 09:41:54,117.75,12430805
2021-06-08 09:41:55,117.7,12432029
2021-06-08 09:41:56,117.8,12434109
2021-06-08 09:41:57,117.75,12437586
2021-06-08 09:41:58,117.7,12440325
2021-06-08 09:41:59,117.7,12440325
2021-06-08 09:42:00,117.7,12440446
2021-06-08 09:42:01,117.7,12440639
2021-06-08 09:42:02,117.7,12441184
2021-06-08 09:42:03,117.7,12441337
2021-06-08 09:42:04,117.7,12441504
2021-06-08 09:42:05,117.75,12442205
2021-06-08 09:42:06,117.7,12443306
2021-06-08 09:42:07,117.75,12444710
2021-06-08 09:42:08,117.65,12445721
2021-06-08 09:42:09,117.75,12448356
2021-06-08 09:42:10,117.75,12454244
2021-06-08 09:42:11,117.65,12454344
2021-06-08 09:42:12,117.65,12458087
2021-06-08 09:42:13,117.65,12458172
2021-06-08 09:42:14,117.65,12458637
2021-06-08 09:42:15,117.65,12458672
2021-06-08 09:42:16,117.65,12458873
2021-06-08 09:42:17,117.7,12458898
2021-06-08 09:42:18,117.7,12471235
2021-06-08 09:42:19,117.65,12472705
2021-06-08 09:42:21,117.65,12473585
2021-06-08 09:42:22,117.7,12474692
2021-06-08 09:42:23,117.7,12475292
2021-06-08 09:42:24,117.65,12477798
2021-06-08 09:42:25,117.65,12478234
2021-06-08 09:42:26,117.65,12478234
2021-06-08 09:42:27,117.7,12488390
2021-06-08 09:42:28,117.6,12540500
2021-06-08 09:42:29,117.7,12558675
2021-06-08 09:42:31,117.75,12560180
2021-06-08 09:42:32,117.65,12560603
2021-06-08 09:42:33,117.65,12560804
2021-06-08 09:42:34,117.65,12561305
2021-06-08 09:42:35,117.7,12564755
2021-06-08 09:42:36,117.65,12565650
2021-06-08 09:42:37,117.6,12567962
2021-06-08 09:42:38,117.7,12573010
2021-06-08 09:42:39,117.7,12576447
2021-06-08 09:42:40,117.7,12581968
2021-06-08 09:42:42,117.7,12584790
2021-06-08 09:42:43,117.65,12589221
2021-06-08 09:42:44,117.65,12589896
2021-06-08 09:42:45,117.7,12592241
2021-06-08 09:42:46,117.7,12592462
2021-06-08 09:42:47,117.65,12593070
2021-06-08 09:42:48,117.7,12598373
2021-06-08 09:42:49,117.7,12599134
2021-06-08 09:42:50,117.6,12605974
2021-06-08 09:42:51,117.7,12606074
2021-06-08 09:42:52,117.6,12606804
2021-06-08 09:42:53,117.65,12611012
2021-06-08 09:42:54,117.65,12611012
2021-06-08 09:42:55,117.6,12611844
2021-06-08 09:42:56,117.6,12612895
2021-06-08 09:42:57,117.6,12612995
2021-06-08 09:42:58,117.6,12613255
2021-06-08 09:42:59,117.7,12614085
2021-06-08 09:43:00,117.6,12614387
2021-06-08 09:43:01,117.6,12614464
2021-06-08 09:43:02,117.65,12614566
2021-06-08 09:43:03,117.65,12614764
2021-06-08 09:43:04,117.7,12618185
2021-06-08 09:43:05,117.6,12618504
2021-06-08 09:43:06,117.65,12618654
2021-06-08 09:43:07,117.65,12618794
2021-06-08 09:43:08,117.75,12636951
2021-06-08 09:43:09,117.65,12637142
2021-06-08 09:43:10,117.65,12638613
2021-06-08 09:43:11,117.7,12639798
2021-06-08 09:43:12,117.65,12640108
2021-06-08 09:43:13,117.7,12640274
2021-06-08 09:43:14,117.65,12640847
2021-06-08 09:43:15,117.7,12640848
2021-06-08 09:43:16,117.65,12640853
2021-06-08 09:43:17,117.65,12641072
2021-06-08 09:43:18,117.65,12641654
2021-06-08 09:43:19,117.65,12642499
2021-06-08 09:43:20,117.65,12644869
2021-06-08 09:43:21,117.7,12645971
2021-06-08 09:43:22,117.65,12646632
2021-06-08 09:43:23,117.7,12647540
2021-06-08 09:43:24,117.7,12648381
2021-06-08 09:43:25,117.7,12666120
2021-06-08 09:43:26,117.65,12667949
2021-06-08 09:43:28,117.65,12668174
2021-06-08 09:43:28,117.65,12668174
2021-06-08 09:43:29,117.65,12668826
2021-06-08 09:43:30,117.7,12669538
2021-06-08 09:43:31,117.65,12669807
2021-06-08 09:43:33,117.65,12670251
2021-06-08 09:43:34,117.7,12670619
2021-06-08 09:43:35,117.7,12675867
2021-06-08 09:43:35,117.7,12675867
2021-06-08 09:43:36,117.6,12676775
2021-06-08 09:43:37,117.7,12679689
2021-06-08 09:43:38,117.7,12681473
2021-06-08 09:43:39,117.65,12681756
2021-06-08 09:43:40,117.65,12682364
2021-06-08 09:43:42,117.65,12682364
2021-06-08 09:43:42,117.65,12684180
2021-06-08 09:43:43,117.6,12684664
2021-06-08 09:43:44,117.7,12686244
2021-06-08 09:43:45,117.65,12688091
2021-06-08 09:43:46,117.7,12691453
2021-06-08 09:43:47,117.6,12691906
2021-06-08 09:43:48,117.7,12692013
2021-06-08 09:43:49,117.6,12692183
2021-06-08 09:43:50,117.6,12692533
2021-06-08 09:43:51,117.7,12712179
2021-06-08 09:43:52,117.65,12713075
2021-06-08 09:43:53,117.7,12717259
2021-06-08 09:43:54,117.75,12717483
2021-06-08 09:43:55,117.75,12717811
2021-06-08 09:43:57,117.65,12718558
2021-06-08 09:43:57,117.75,12718885
2021-06-08 09:43:58,117.65,12719552
2021-06-08 09:43:59,117.75,12720982
2021-06-08 09:44:01,117.65,12721562
2021-06-08 09:44:01,117.7,12721972
2021-06-08 09:44:02,117.7,12724552
2021-06-08 09:44:03,117.7,12725090
2021-06-08 09:44:04,117.75,12731071
2021-06-08 09:44:05,117.8,12739203
2021-06-08 09:44:07,117.75,12739953
2021-06-08 09:44:07,117.75,12739953
2021-06-08 09:44:08,117.8,12740143
2021-06-08 09:44:09,117.8,12740674
2021-06-08 09:44:10,117.7,12740874
2021-06-08 09:44:11,117.8,12744052
2021-06-08 09:44:12,117.8,12744154
2021-06-08 09:44:13,117.8,12744154
2021-06-08 09:44:14,117.75,12745086
2021-06-08 09:44:15,117.75,12745086
2021-06-08 09:44:16,117.8,12745166
2021-06-08 09:44:17,117.75,12745916
2021-06-08 09:44:18,117.8,12745951
2021-06-08 09:44:19,117.8,12746227
2021-06-08 09:44:20,117.75,12746228
2021-06-08 09:44:21,117.8,12746933
2021-06-08 09:44:23,117.8,12753131
2021-06-08 09:44:23,117.7,12754351
2021-06-08 09:44:24,117.75,12754955
2021-06-08 09:44:25,117.75,12755213
2021-06-08 09:44:29,117.75,12755405
2021-06-08 09:44:28,117.75,12755258
2021-06-08 09:44:30,117.75,12757892
2021-06-08 09:44:31,117.75,12758743
2021-06-08 09:44:32,117.75,12759858
2021-06-08 09:44:33,117.7,12760098
2021-06-08 09:44:34,117.75,12760515
2021-06-08 09:44:35,117.7,12760600
2021-06-08 09:44:36,117.7,12760862
2021-06-08 09:44:37,117.75,12761762
2021-06-08 09:44:38,117.75,12763017
2021-06-08 09:44:39,117.75,12763525
2021-06-08 09:44:40,117.75,12763570
2021-06-08 09:44:41,117.7,12764445
2021-06-08 09:44:42,117.75,12789980
2021-06-08 09:44:43,117.75,12791110
2021-06-08 09:44:45,117.7,12792381
2021-06-08 09:44:45,117.7,12792381
2021-06-08 09:44:46,117.7,12792821
2021-06-08 09:44:47,117.7,12794980
2021-06-08 09:44:48,117.7,12798610
2021-06-08 09:44:49,117.75,12798928
2021-06-08 09:44:50,117.7,12801013
2021-06-08 09:44:51,117.7,12812375
2021-06-08 09:44:52,117.75,12814375
2021-06-08 09:44:53,117.7,12815075
2021-06-08 09:44:54,117.75,12815323
2021-06-08 09:44:55,117.75,12815324
2021-06-08 09:44:57,117.75,12815389
2021-06-08 09:44:57,117.75,12815389
2021-06-08 09:44:58,117.75,12815522
2021-06-08 09:44:59,117.7,12816143
2021-06-08 09:45:00,117.75,12822317
2021-06-08 09:45:02,117.7,12824528
2021-06-08 09:45:03,117.7,12824528
2021-06-08 09:45:04,117.75,12824618
2021-06-08 09:45:06,117.75,12825199
2021-06-08 09:45:05,117.7,12825198
2021-06-08 09:45:07,117.75,12829243
2021-06-08 09:45:08,117.7,12830305
2021-06-08 09:45:09,117.65,12830487
2021-06-08 09:45:10,117.7,12830801
2021-06-08 09:45:11,117.65,12831002
2021-06-08 09:45:12,117.7,12832058
2021-06-08 09:45:13,117.7,12832443
2021-06-08 09:45:14,117.65,12844590
2021-06-08 09:45:15,117.65,12844755
2021-06-08 09:45:16,117.65,12845638
2021-06-08 09:45:17,117.65,12846818
2021-06-08 09:45:18,117.65,12847043
2021-06-08 09:45:19,117.7,12853424
2021-06-08 09:45:21,117.7,12858333
2021-06-08 09:45:22,117.7,12858934
2021-06-08 09:45:23,117.65,12860730
2021-06-08 09:45:24,117.65,12865830
2021-06-08 09:45:26,117.7,12866921
2021-06-08 09:45:26,117.7,12866958
2021-06-08 09:45:27,117.7,12866958
2021-06-08 09:45:28,117.65,12867008
2021-06-08 09:45:29,117.7,12867117
2021-06-08 09:45:31,117.7,12868423
2021-06-08 09:45:32,117.7,12868963
2021-06-08 09:45:33,117.7,12869312
2021-06-08 09:45:35,117.7,12872449
2021-06-08 09:45:37,117.75,12885914
2021-06-08 09:45:36,117.7,12885743
2021-06-08 09:45:38,117.7,12887345
2021-06-08 09:45:38,117.75,12887845
2021-06-08 09:45:39,117.8,12892721
2021-06-08 09:45:40,117.7,12893861
2021-06-08 09:45:42,117.7,12895511
2021-06-08 09:45:43,117.7,12895875
2021-06-08 09:45:44,117.7,12897112
2021-06-08 09:45:45,117.75,12897424
2021-06-08 09:45:45,117.75,12897439
2021-06-08 09:45:47,117.75,12898603
2021-06-08 09:45:48,117.75,12898715
2021-06-08 09:45:49,117.75,12898715
2021-06-08 09:45:49,117.75,12898964
2021-06-08 09:45:50,117.75,12899688
2021-06-08 09:45:51,117.7,12903138
2021-06-08 09:45:52,117.7,12904318
2021-06-08 09:45:53,117.7,12904318
2021-06-08 09:45:54,117.7,12904799
2021-06-08 09:45:56,117.7,12905549
2021-06-08 09:45:57,117.65,12916306
2021-06-08 09:45:57,117.65,12921776
2021-06-08 09:45:59,117.65,12936349
2021-06-08 09:46:00,117.65,12937000
2021-06-08 09:46:01,117.6,12952648
2021-06-08 09:46:02,117.6,12960013
2021-06-08 09:46:02,117.6,12961198
2021-06-08 09:46:03,117.55,12961587
2021-06-08 09:46:04,117.65,12962297
2021-06-08 09:46:06,117.55,12963000
2021-06-08 09:46:07,117.65,12964078
2021-06-08 09:46:08,117.6,12964233
2021-06-08 09:46:08,117.55,12964486
2021-06-08 09:46:13,117.6,12988535
2021-06-08 09:46:18,117.6,12996663
2021-06-08 09:46:23,117.65,12999808
2021-06-08 09:46:28,117.6,13002371
2021-06-08 09:46:32,117.55,13005418
2021-06-08 09:46:37,117.65,13010760
2021-06-08 09:46:41,117.65,13014196
2021-06-08 09:46:46,117.55,13023420
2021-06-08 09:46:51,117.6,13027816
2021-06-08 09:46:56,117.6,13041294
2021-06-08 09:47:00,117.45,13086302
2021-06-08 09:47:05,117.5,13089571
2021-06-08 09:47:09,117.45,13095706
2021-06-08 09:47:14,117.55,13104947
2021-06-08 09:47:19,117.5,13110698
2021-06-08 09:47:24,117.45,13114556
2021-06-08 09:47:28,117.5,13117290
2021-06-08 09:47:33,117.5,13130277
2021-06-08 09:47:37,117.55,13135580
2021-06-08 09:47:42,117.5,13136953
2021-06-08 09:47:47,117.5,13140143
2021-06-08 09:47:52,117.55,13144576
2021-06-08 09:47:57,117.5,13154214
2021-06-08 09:48:02,117.5,13161475
2021-06-08 09:48:06,117.4,13182828
2021-06-08 09:48:16,117.35,13213507
2021-06-08 09:48:21,117.4,13221083
2021-06-08 09:48:26,117.4,13222572
2021-06-08 09:48:30,117.4,13231337
2021-06-08 09:48:35,117.4,13240044
2021-06-08 09:48:39,117.35,13240921
2021-06-08 09:48:44,117.4,13244839
2021-06-08 09:48:49,117.6,13315669
2021-06-08 09:48:53,117.5,13326017
2021-06-08 09:48:58,117.6,13328781
2021-06-08 09:49:03,117.55,13330759
2021-06-08 09:49:08,117.6,13337492
2021-06-08 09:49:13,117.6,13341290
2021-06-08 09:49:17,117.6,13357402
2021-06-08 09:49:22,117.6,13360153
2021-06-08 09:49:26,117.65,13363077
2021-06-08 09:49:31,117.65,13372156
2021-06-08 09:49:37,117.7,13374292
2021-06-08 09:49:42,117.7,13377707
2021-06-08 09:49:47,117.7,13387504
2021-06-08 09:49:52,117.7,13390237
2021-06-08 09:49:56,117.65,13392494
2021-06-08 09:50:01,117.6,13396517
2021-06-08 09:50:06,117.55,13407068
2021-06-08 09:50:11,117.6,13412951
2021-06-08 09:50:15,117.55,13414777
2021-06-08 09:50:20,117.5,13425343
2021-06-08 09:50:25,117.55,13439143
2021-06-08 09:50:29,117.55,13451511
2021-06-08 09:50:34,117.55,13455206
2021-06-08 09:50:38,117.55,13456355
2021-06-08 09:50:43,117.6,13465931
2021-06-08 09:50:48,117.55,13475958
2021-06-08 09:50:53,117.6,13477469
2021-06-08 09:50:58,117.6,13479470
2021-06-08 09:51:02,117.6,13489221
2021-06-08 09:51:07,117.6,13492645
2021-06-08 09:51:12,117.65,13494069
2021-06-08 09:51:16,117.65,13500452
2021-06-08 09:51:21,117.75,13518837
2021-06-08 09:51:26,117.65,13526199
2021-06-08 09:51:30,117.75,13527068
2021-06-08 09:51:35,117.7,13534200
2021-06-08 09:51:40,117.7,13535609
2021-06-08 09:51:44,117.75,13541956
2021-06-08 09:51:49,117.8,13552001
2021-06-08 09:51:54,117.8,13555416
2021-06-08 09:51:58,117.8,13561360
2021-06-08 09:52:03,117.8,13564758
2021-06-08 09:52:08,117.7,13571200
2021-06-08 09:52:12,117.7,13572802
2021-06-08 09:52:17,117.7,13573043
2021-06-08 09:52:21,117.8,13579927
2021-06-08 09:52:25,117.65,13608672
2021-06-08 09:52:30,117.75,13611044
2021-06-08 09:52:34,117.7,13612141
2021-06-08 09:52:39,117.6,13632113
2021-06-08 09:52:43,117.65,13644977
2021-06-08 09:52:48,117.65,13706475
2021-06-08 09:52:52,117.7,13709509
2021-06-08 09:52:57,117.65,13717919
2021-06-08 09:53:01,117.7,13724113
2021-06-08 09:53:06,117.7,13725416
2021-06-08 09:53:10,117.7,13739997
2021-06-08 09:53:15,117.6,13752075
2021-06-08 09:53:20,117.65,13753918
2021-06-08 09:53:24,117.6,13758062
2021-06-08 09:53:29,117.55,13763252
2021-06-08 09:53:33,117.6,13767876
2021-06-08 09:53:38,117.6,13773626
2021-06-08 09:53:43,117.55,13787968
2021-06-08 09:53:47,117.65,13803151
2021-06-08 09:53:52,117.7,13810631
2021-06-08 09:53:56,117.7,13818624
2021-06-08 09:54:01,117.7,13821372
2021-06-08 09:54:06,117.75,13823372
2021-06-08 09:54:10,117.7,13846067
2021-06-08 09:54:15,117.7,13851617
2021-06-08 09:54:19,117.75,13854094
2021-06-08 09:54:24,117.75,13855319
2021-06-08 09:54:28,117.75,13879789
2021-06-08 09:54:32,117.7,13886687
2021-06-08 09:54:36,117.65,13889144
2021-06-08 09:54:40,117.7,13902414
2021-06-08 09:54:45,117.75,13904010
2021-06-08 09:54:50,117.75,13910692
2021-06-08 09:54:55,117.7,13912941
2021-06-08 09:54:59,117.75,13913758
2021-06-08 09:55:03,117.75,13914680
2021-06-08 09:55:08,117.7,13916886
2021-06-08 09:55:12,117.75,13920544
2021-06-08 09:55:16,117.7,13925097
2021-06-08 09:55:21,117.7,13926095
2021-06-08 09:55:30,117.7,13930943
2021-06-08 09:55:35,117.7,13935910
2021-06-08 09:55:39,117.7,13940168
2021-06-08 09:55:43,117.65,13941822
2021-06-08 09:55:47,117.6,13951705
2021-06-08 09:55:52,117.6,13955493
2021-06-08 09:55:56,117.55,13963215
2021-06-08 09:56:01,117.55,13963980
2021-06-08 09:56:05,117.6,13965838
2021-06-08 09:56:14,117.65,13971708
2021-06-08 09:56:19,117.6,13974533
2021-06-08 09:56:24,117.7,14003828
2021-06-08 09:56:29,117.8,14016557
2021-06-08 09:56:33,117.7,14017144
2021-06-08 09:56:38,117.7,14017463
2021-06-08 09:56:42,117.7,14017859
2021-06-08 09:56:46,117.75,14026521
2021-06-08 09:56:51,117.7,14031889
2021-06-08 09:56:55,117.65,14033486
2021-06-08 09:57:00,117.7,14035139
2021-06-08 09:57:04,117.7,14039658
2021-06-08 09:57:09,117.65,14064611
2021-06-08 09:57:14,117.65,14066083
2021-06-08 09:57:18,117.6,14073538
2021-06-08 09:57:23,117.6,14074852
2021-06-08 09:57:27,117.55,14083146
2021-06-08 09:57:32,117.6,14087732
2021-06-08 09:57:36,117.6,14090154
2021-06-08 09:57:41,117.6,14096959
2021-06-08 09:57:46,117.6,14099609
2021-06-08 09:57:51,117.55,14101963
2021-06-08 09:57:56,117.55,14105640
2021-06-08 09:58:05,117.55,14112197
2021-06-08 09:58:10,117.55,14118537
2021-06-08 09:58:14,117.55,14119137
2021-06-08 09:58:18,117.6,14125262
2021-06-08 09:58:23,117.6,14127260
2021-06-08 09:58:27,117.6,14161221
2021-06-08 09:58:32,117.6,14163028
2021-06-08 09:58:36,117.6,14165690
2021-06-08 09:58:41,117.55,14176377
2021-06-08 09:58:45,117.55,14184224
2021-06-08 09:58:49,117.55,14185162
2021-06-08 09:58:54,117.55,14186036
2021-06-08 09:58:58,117.6,14190711
2021-06-08 09:59:03,117.5,14194472
2021-06-08 09:59:08,117.5,14195783
2021-06-08 09:59:12,117.55,14196386
2021-06-08 09:59:17,117.5,14200401
2021-06-08 09:59:21,117.55,14201949
2021-06-08 09:59:26,117.5,14269601
2021-06-08 09:59:30,117.5,14275152
2021-06-08 09:59:35,117.55,14290612
2021-06-08 09:59:40,117.45,14292137
2021-06-08 09:59:44,117.55,14293425
2021-06-08 09:59:49,117.55,14298971
2021-06-08 09:59:54,117.55,14313265
2021-06-08 09:59:58,117.6,14320506
2021-06-08 10:00:03,117.55,14322829
2021-06-08 10:00:08,117.5,14330249
2021-06-08 10:00:13,117.6,14338641
2021-06-08 10:00:18,117.6,14340507
2021-06-08 10:00:23,117.55,14343777
2021-06-08 10:00:28,117.6,14349309
2021-06-08 10:00:32,117.6,14355239
2021-06-08 10:00:37,117.5,14355846
2021-06-08 10:00:42,117.6,14356494
2021-06-08 10:00:46,117.5,14366757
2021-06-08 10:00:56,117.55,14379019
2021-06-08 10:01:00,117.55,14379605
2021-06-08 10:01:05,117.55,14380399
2021-06-08 10:01:09,117.55,14381926
2021-06-08 10:01:14,117.55,14386234
2021-06-08 10:01:18,117.5,14387901
2021-06-08 10:01:22,117.55,14391195
2021-06-08 10:01:27,117.55,14400195
2021-06-08 10:01:36,117.5,14431162
2021-06-08 10:01:41,117.55,14444242
2021-06-08 10:01:45,117.6,14449902
2021-06-08 10:01:50,117.6,14464943
2021-06-08 10:01:55,117.65,14468292
2021-06-08 10:01:59,117.65,14469658
2021-06-08 10:02:03,117.65,14472080
2021-06-08 10:02:07,117.7,14491564
2021-06-08 10:02:12,117.7,14503278
2021-06-08 10:02:16,117.7,14509613
2021-06-08 10:02:21,117.7,14510124
2021-06-08 10:02:25,117.65,14520517
2021-06-08 10:02:29,117.7,14527115
2021-06-08 10:02:38,117.6,14530260
2021-06-08 10:02:43,117.65,14535334
2021-06-08 10:02:48,117.7,14540669
2021-06-08 10:02:52,117.6,14540798
2021-06-08 10:02:56,117.6,14542476
2021-06-08 10:03:01,117.65,14542576
2021-06-08 10:03:05,117.7,14544990
2021-06-08 10:03:10,117.6,14545399
2021-06-08 10:03:14,117.6,14547953
2021-06-08 10:03:19,117.6,14550608
2021-06-08 10:03:23,117.65,14556539
2021-06-08 10:03:28,117.7,14557530
2021-06-08 10:03:36,117.7,14562202
2021-06-08 10:03:40,117.75,14568059
2021-06-08 10:03:45,117.7,14573855
2021-06-08 10:03:49,117.75,14575892
2021-06-08 10:03:54,117.75,14577354
2021-06-08 10:03:58,117.7,14584009
2021-06-08 10:04:03,117.7,14589932
2021-06-08 10:04:07,117.7,14593849
2021-06-08 10:04:16,117.65,14598534
2021-06-08 10:04:21,117.75,14601702
2021-06-08 10:04:25,117.75,14610876
2021-06-08 10:04:29,117.65,14620742
2021-06-08 10:04:34,117.75,14623936
2021-06-08 10:04:38,117.7,14627249
2021-06-08 10:04:42,117.65,14634778
2021-06-08 10:04:47,117.65,14640063
2021-06-08 10:04:51,117.75,14641032
2021-06-08 10:04:56,117.65,14648028
2021-06-08 10:05:05,117.7,14656871
2021-06-08 10:05:10,117.7,14658277
2021-06-08 10:05:15,117.7,14662218
2021-06-08 10:05:19,117.7,14670546
2021-06-08 10:05:24,117.65,14672474
2021-06-08 10:05:28,117.65,14673295
2021-06-08 10:05:33,117.65,14674164
2021-06-08 10:05:38,117.65,14680174
2021-06-08 10:05:42,117.7,14681807
2021-06-08 10:05:46,117.65,14682253
2021-06-08 10:05:50,117.65,14684065
2021-06-08 10:05:55,117.7,14689356
2021-06-08 10:05:59,117.65,14690652
2021-06-08 10:06:04,117.7,14692251
2021-06-08 10:06:09,117.7,14696242
2021-06-08 10:06:18,117.65,14703046
2021-06-08 10:06:22,117.65,14703787
2021-06-08 10:06:26,117.65,14705104
2021-06-08 10:06:31,117.75,14709322
2021-06-08 10:06:35,117.75,14712964
2021-06-08 10:06:40,117.75,14713959
2021-06-08 10:06:44,117.7,14714849
2021-06-08 10:06:49,117.75,14715069
2021-06-08 10:06:53,117.7,14719556
2021-06-08 10:06:57,117.7,14722918
2021-06-08 10:07:01,117.7,14723466
2021-06-08 10:07:06,117.7,14726410
2021-06-08 10:07:10,117.75,14730881
2021-06-08 10:07:15,117.75,14734293
2021-06-08 10:07:19,117.75,14735275
2021-06-08 10:07:23,117.7,14736577
2021-06-08 10:07:27,117.75,14738812
2021-06-08 10:07:32,117.55,14832757
2021-06-08 10:07:36,117.55,14839845
2021-06-08 10:07:40,117.65,14840367
2021-06-08 10:07:44,117.6,14841515
2021-06-08 10:07:48,117.6,14842225
2021-06-08 10:07:52,117.7,14851914
2021-06-08 10:07:57,117.75,14867725
2021-06-08 10:08:01,117.65,14868701
2021-06-08 10:08:05,117.75,14871801
2021-06-08 10:08:09,117.7,14878298
2021-06-08 10:08:13,117.7,14879040
2021-06-08 10:08:17,117.65,14880853
2021-06-08 10:08:21,117.65,14881909
2021-06-08 10:08:26,117.65,14883415
2021-06-08 10:08:30,117.65,14891025
2021-06-08 10:08:34,117.6,14891553
2021-06-08 10:08:38,117.65,14892779
2021-06-08 10:08:43,117.6,14894844
2021-06-08 10:08:47,117.55,14900999
2021-06-08 10:08:51,117.55,14910186
2021-06-08 10:08:55,117.55,14912434
2021-06-08 10:08:59,117.65,14914158
2021-06-08 10:09:07,117.7,14921162
2021-06-08 10:09:11,117.7,14921828
2021-06-08 10:09:16,117.65,14922689
2021-06-08 10:09:24,117.65,14926818
2021-06-08 10:09:29,117.6,14936588
2021-06-08 10:09:33,117.7,14936848
2021-06-08 10:09:37,117.6,14937993
2021-06-08 10:09:42,117.7,14938960
2021-06-08 10:09:46,117.7,14942873
2021-06-08 10:09:51,117.65,14944682
2021-06-08 10:09:55,117.7,14944942
2021-06-08 10:09:59,117.65,14946168
2021-06-08 10:10:03,117.65,14948805
2021-06-08 10:10:08,117.7,14950164
2021-06-08 10:10:13,117.65,14950798
2021-06-08 10:10:17,117.7,14953088
2021-06-08 10:10:21,117.7,14962172
2021-06-08 10:10:26,117.7,14963748
2021-06-08 10:10:30,117.7,14965408
2021-06-08 10:10:35,117.7,14971468
2021-06-08 10:10:39,117.65,14972107
2021-06-08 10:10:42,117.65,14976203
2021-06-08 10:10:47,117.7,14977035
2021-06-08 10:10:51,117.7,14977421
2021-06-08 10:10:55,117.7,14978278
2021-06-08 10:10:58,117.7,14981253
2021-06-08 10:11:07,117.6,14984590
2021-06-08 10:11:11,117.6,14985453
2021-06-08 10:11:15,117.65,14985521
2021-06-08 10:11:19,117.65,14988388
2021-06-08 10:11:23,117.6,14988940
2021-06-08 10:11:27,117.65,14989940
2021-06-08 10:11:32,117.6,14993367
2021-06-08 10:11:36,117.7,14993957
2021-06-08 10:11:40,117.65,14997963
2021-06-08 10:11:44,117.6,15000087
2021-06-08 10:11:48,117.7,15000187
2021-06-08 10:11:52,117.65,15001208
2021-06-08 10:11:57,117.6,15003864
2021-06-08 10:12:01,117.65,15004545
2021-06-08 10:12:05,117.65,15005862
2021-06-08 10:12:09,117.65,15006459
2021-06-08 10:12:13,117.6,15061405
2021-06-08 10:12:16,117.55,15074759
2021-06-08 10:12:20,117.6,15076442
2021-06-08 10:12:24,117.55,15076863
2021-06-08 10:12:28,117.55,15078866
2021-06-08 10:12:32,117.55,15079704
2021-06-08 10:12:36,117.65,15084475
2021-06-08 10:12:40,117.65,15085706
2021-06-08 10:12:44,117.65,15087170
2021-06-08 10:12:48,117.6,15092944
2021-06-08 10:12:52,117.55,15093627
2021-06-08 10:12:56,117.6,15098061
2021-06-08 10:13:01,117.55,15100088
2021-06-08 10:13:05,117.55,15101034
2021-06-08 10:13:09,117.6,15102196
2021-06-08 10:13:13,117.55,15106347
2021-06-08 10:13:17,117.55,15106950
2021-06-08 10:13:22,117.55,15113880
2021-06-08 10:13:26,117.6,15115325
2021-06-08 10:13:31,117.65,15118463
2021-06-08 10:13:35,117.65,15119711
2021-06-08 10:13:39,117.6,15120045
2021-06-08 10:13:43,117.6,15122670
2021-06-08 10:13:48,117.6,15123068
2021-06-08 10:13:52,117.55,15126903
2021-06-08 10:13:56,117.6,15127867
2021-06-08 10:14:01,117.6,15131818
2021-06-08 10:14:05,117.6,15132075
2021-06-08 10:14:10,117.65,15136631
2021-06-08 10:14:13,117.6,15137851
2021-06-08 10:14:17,117.55,15139639
2021-06-08 10:14:22,117.65,15140423
2021-06-08 10:14:26,117.55,15141753
2021-06-08 10:14:30,117.55,15143925
2021-06-08 10:14:34,117.65,15144485
2021-06-08 10:14:39,117.6,15144583
2021-06-08 10:14:43,117.6,15146378
2021-06-08 10:14:47,117.6,15147373
2021-06-08 10:14:51,117.6,15149775
2021-06-08 10:14:55,117.55,15151688
2021-06-08 10:14:59,117.55,15152792
2021-06-08 10:15:04,117.65,15152990
2021-06-08 10:15:08,117.55,15157916
2021-06-08 10:15:12,117.65,15158565
2021-06-08 10:15:16,117.55,15161359
2021-06-08 10:15:20,117.55,15162467
2021-06-08 10:15:25,117.65,15166207
2021-06-08 10:15:29,117.65,15167283
2021-06-08 10:15:33,117.65,15173215
2021-06-08 10:15:38,117.6,15173775
2021-06-08 10:15:43,117.65,15173852
2021-06-08 10:15:47,117.55,15176807
2021-06-08 10:15:51,117.55,15177806
2021-06-08 10:15:55,117.55,15179046
2021-06-08 10:16:00,117.55,15181029
2021-06-08 10:16:04,117.55,15189177
2021-06-08 10:16:08,117.55,15189357
2021-06-08 10:16:12,117.6,15191933
2021-06-08 10:16:15,117.6,15192478
2021-06-08 10:16:19,117.55,15236638
2021-06-08 10:16:23,117.65,15249939
2021-06-08 10:16:27,117.65,15249987
2021-06-08 10:16:31,117.55,15250997
2021-06-08 10:16:34,117.55,15251318
2021-06-08 10:16:38,117.55,15251687
2021-06-08 10:16:42,117.65,15255860
2021-06-08 10:16:46,117.6,15256295
2021-06-08 10:16:49,117.6,15287878
2021-06-08 10:16:53,117.6,15288322
2021-06-08 10:16:57,117.65,15288380
2021-06-08 10:17:01,117.7,15305309
2021-06-08 10:17:05,117.7,15305909
2021-06-08 10:17:09,117.6,15308883
2021-06-08 10:17:13,117.7,15309200
2021-06-08 10:17:16,117.65,15310791
2021-06-08 10:17:20,117.7,15316230
2021-06-08 10:17:24,117.65,15316352
2021-06-08 10:17:28,117.7,15316896
2021-06-08 10:17:32,117.65,15318419
2021-06-08 10:17:36,117.65,15324225
2021-06-08 10:17:40,117.65,15329847
2021-06-08 10:17:44,117.7,15330233
2021-06-08 10:17:48,117.7,15330781
2021-06-08 10:17:52,117.65,15333588
2021-06-08 10:17:56,117.65,15333824
2021-06-08 10:18:00,117.7,15336373
2021-06-08 10:18:04,117.6,15340763
2021-06-08 10:18:07,117.6,15343177
2021-06-08 10:18:11,117.65,15345239
2021-06-08 10:18:15,117.65,15366364
2021-06-08 10:18:18,117.65,15382064
2021-06-08 10:18:22,117.65,15393368
2021-06-08 10:18:25,117.7,15393415
2021-06-08 10:18:28,117.7,15393978
2021-06-08 10:18:32,117.7,15396093
2021-06-08 10:18:36,117.8,15437917
2021-06-08 10:18:40,117.75,15439269
2021-06-08 10:18:44,117.75,15441626
2021-06-08 10:18:47,117.8,15559379
2021-06-08 10:18:51,117.95,15602294
2021-06-08 10:18:54,117.95,15651242
2021-06-08 10:18:58,118.0,15664820
2021-06-08 10:19:02,117.9,15669654
2021-06-08 10:19:05,118.0,15685298
2021-06-08 10:19:09,117.9,15696245
2021-06-08 10:19:12,118.0,15728802
2021-06-08 10:19:16,117.9,15735291
2021-06-08 10:19:20,117.9,15759346
2021-06-08 10:19:24,117.9,15771138
2021-06-08 10:19:28,117.9,15779275
2021-06-08 10:19:32,117.95,15794406
2021-06-08 10:19:36,117.85,15801246
2021-06-08 10:19:40,117.9,15805975
2021-06-08 10:19:43,117.85,15808693
2021-06-08 10:19:47,117.85,15816836
2021-06-08 10:19:51,117.85,15844640
2021-06-08 10:19:55,117.8,15850235
2021-06-08 10:19:59,117.85,15857148
2021-06-08 10:20:02,117.8,15859131
2021-06-08 10:20:06,117.8,15861551
2021-06-08 10:20:10,117.85,15868333
2021-06-08 10:20:14,117.8,15877767
2021-06-08 10:20:18,117.8,15880568
2021-06-08 10:20:22,117.8,15884352
2021-06-08 10:20:26,117.8,15888555
2021-06-08 10:20:30,117.75,15900868
2021-06-08 10:20:34,117.75,15904101
2021-06-08 10:20:38,117.75,15909663
2021-06-08 10:20:42,117.8,15911975
2021-06-08 10:20:50,117.75,15920078
2021-06-08 10:20:54,117.85,15923179
2021-06-08 10:20:58,117.75,15924427
2021-06-08 10:21:01,117.8,15925291
2021-06-08 10:21:05,117.8,15927569
2021-06-08 10:21:08,117.85,15930966
2021-06-08 10:21:09,117.8,15931439
2021-06-08 10:21:11,117.75,15932223
2021-06-08 10:21:12,117.8,15933313
2021-06-08 10:21:12,117.8,15933313
2021-06-08 10:21:13,117.8,15933313
2021-06-08 10:21:14,117.8,15933333
2021-06-08 10:21:16,117.75,15933882
2021-06-08 10:21:17,117.75,15933982
2021-06-08 10:21:17,117.75,15933982
2021-06-08 10:21:18,117.8,15934014
2021-06-08 10:21:19,117.8,15934064
2021-06-08 10:21:20,117.7,15942913
2021-06-08 10:21:21,117.75,15943785
2021-06-08 10:21:22,117.75,15946429
2021-06-08 10:21:23,117.75,15947436
2021-06-08 10:21:24,117.75,15947486
2021-06-08 10:21:25,117.75,15950058
2021-06-08 10:21:26,117.75,15950133
2021-06-08 10:21:29,117.85,15953419
2021-06-08 10:21:30,117.8,15953420
2021-06-08 10:21:31,117.85,15953516
2021-06-08 10:21:32,117.75,15953691
2021-06-08 10:21:33,117.75,15953692
2021-06-08 10:21:34,117.85,15953763
2021-06-08 10:21:34,117.85,15953763
2021-06-08 10:21:36,117.85,15953763
2021-06-08 10:21:37,117.85,15953763
2021-06-08 10:21:38,117.85,15954473
2021-06-08 10:21:39,117.75,15954998
2021-06-08 10:21:40,117.85,15958001
2021-06-08 10:21:41,117.75,15958795
2021-06-08 10:21:42,117.75,15959053
2021-06-08 10:21:43,117.75,15959083
2021-06-08 10:21:43,117.75,15959083
2021-06-08 10:21:44,117.8,15959804
2021-06-08 10:21:45,117.75,15961646
2021-06-08 10:21:46,117.75,15961746
2021-06-08 10:21:47,117.75,15963746
2021-06-08 10:21:48,117.85,15964558
2021-06-08 10:21:49,117.75,15964839
2021-06-08 10:21:51,117.9,16015448
2021-06-08 10:21:52,117.85,16015598
2021-06-08 10:21:52,117.85,16016497
2021-06-08 10:21:55,117.8,16028492
2021-06-08 10:21:56,117.75,16034697
2021-06-08 10:21:57,117.75,16039217
2021-06-08 10:21:58,117.85,16041898
2021-06-08 10:21:59,117.75,16042198
2021-06-08 10:21:59,117.85,16041898
2021-06-08 10:22:01,117.75,16043623
2021-06-08 10:22:02,117.75,16045012
2021-06-08 10:22:03,117.75,16045483
2021-06-08 10:22:04,117.85,16047257
2021-06-08 10:22:05,117.85,16055488
2021-06-08 10:22:06,117.8,16057972
2021-06-08 10:22:07,117.85,16060235
2021-06-08 10:22:10,117.75,16062947
2021-06-08 10:22:11,117.8,16063601
2021-06-08 10:22:12,117.75,16063655
2021-06-08 10:22:13,117.75,16063655
2021-06-08 10:22:14,117.75,16083300
2021-06-08 10:22:15,117.7,16084164
2021-06-08 10:22:16,117.7,16089300
2021-06-08 10:22:17,117.8,16091563
2021-06-08 10:22:18,117.75,16093719
2021-06-08 10:22:19,117.75,16093719
2021-06-08 10:22:21,117.8,16094309
2021-06-08 10:22:22,117.75,16094484
2021-06-08 10:22:23,117.75,16100889
2021-06-08 10:22:24,117.8,16102157
2021-06-08 10:22:25,117.7,16102374
2021-06-08 10:22:26,117.7,16121190
2021-06-08 10:22:27,117.65,16128515
2021-06-08 10:22:28,117.75,16129082
2021-06-08 10:22:29,117.65,16131290
2021-06-08 10:22:30,117.65,16136375
2021-06-08 10:22:30,117.65,16136375
2021-06-08 10:22:31,117.7,16136435
2021-06-08 10:22:32,117.65,16137104
2021-06-08 10:22:34,117.7,16137304
2021-06-08 10:22:35,117.7,16138308
2021-06-08 10:22:36,117.7,16138395
2021-06-08 10:22:37,117.6,16151627
2021-06-08 10:22:37,117.65,16149746
2021-06-08 10:22:39,117.65,16155659
2021-06-08 10:22:40,117.65,16155709
2021-06-08 10:22:41,117.65,16155888
2021-06-08 10:22:42,117.65,16160756
2021-06-08 10:22:43,117.6,16161381
2021-06-08 10:22:44,117.6,16163017
2021-06-08 10:22:45,117.65,16163067
2021-06-08 10:22:46,117.65,16163134
2021-06-08 10:22:47,117.65,16163144
2021-06-08 10:22:48,117.65,16163145
2021-06-08 10:22:49,117.65,16163171
2021-06-08 10:22:50,117.65,16163992
2021-06-08 10:22:51,117.65,16164081
2021-06-08 10:22:52,117.6,16164323
2021-06-08 10:22:53,117.65,16165413
2021-06-08 10:22:54,117.6,16165576
2021-06-08 10:22:55,117.65,16165988
2021-06-08 10:22:55,117.65,16165988
2021-06-08 10:22:56,117.65,16166100
2021-06-08 10:22:57,117.65,16166130
2021-06-08 10:22:58,117.65,16166130
2021-06-08 10:22:59,117.65,16166656
2021-06-08 10:23:01,117.65,16170071
2021-06-08 10:23:02,117.65,16170071
2021-06-08 10:23:03,117.7,16170348
2021-06-08 10:23:04,117.7,16170348
2021-06-08 10:23:05,117.7,16173358
2021-06-08 10:23:06,117.6,16173511
2021-06-08 10:23:07,117.65,16176201
2021-06-08 10:23:08,117.65,16176400
2021-06-08 10:23:09,117.6,16176683
2021-06-08 10:23:10,117.65,16177013
2021-06-08 10:23:10,117.65,16177110
2021-06-08 10:23:11,117.65,16177123
2021-06-08 10:23:13,117.65,16178183
2021-06-08 10:23:14,117.6,16181797
2021-06-08 10:23:15,117.6,16183170
2021-06-08 10:23:16,117.65,16183617
2021-06-08 10:23:17,117.65,16183617
2021-06-08 10:23:18,117.65,16183617
2021-06-08 10:23:19,117.65,16183617
2021-06-08 10:23:20,117.65,16186278
2021-06-08 10:23:21,117.7,16186396
2021-06-08 10:23:21,117.7,16186396
2021-06-08 10:23:23,117.7,16187777
2021-06-08 10:23:24,117.7,16187777
2021-06-08 10:23:25,117.7,16187824
2021-06-08 10:23:26,117.65,16187878
2021-06-08 10:23:27,117.65,16188778
2021-06-08 10:23:27,117.65,16188778
2021-06-08 10:23:29,117.65,16189781
2021-06-08 10:23:30,117.7,16189806
2021-06-08 10:23:31,117.65,16189855
2021-06-08 10:23:32,117.65,16189957
2021-06-08 10:23:33,117.7,16192484
2021-06-08 10:23:34,117.65,16192833
2021-06-08 10:23:35,117.7,16193540
2021-06-08 10:23:36,117.65,16193628
2021-06-08 10:23:37,117.65,16193807
2021-06-08 10:23:38,117.6,16193824
2021-06-08 10:23:39,117.6,16196048
2021-06-08 10:23:40,117.65,16196569
2021-06-08 10:23:41,117.65,16196731
2021-06-08 10:23:41,117.6,16196853
2021-06-08 10:23:42,117.6,16196853
2021-06-08 10:23:43,117.6,16196853
2021-06-08 10:23:44,117.6,16197049
2021-06-08 10:23:45,117.6,16215283
2021-06-08 10:23:47,117.55,16256383
2021-06-08 10:23:48,117.45,16303913
2021-06-08 10:23:49,117.5,16304652
2021-06-08 10:23:51,117.5,16322725
2021-06-08 10:23:52,117.5,16328596
2021-06-08 10:23:53,117.5,16328924
2021-06-08 10:23:54,117.5,16328925
2021-06-08 10:23:55,117.5,16335774
2021-06-08 10:23:56,117.5,16336979
2021-06-08 10:23:57,117.5,16337079
2021-06-08 10:23:58,117.5,16344636
2021-06-08 10:24:00,117.5,16350880
2021-06-08 10:24:01,117.55,16362734
2021-06-08 10:24:02,117.45,16362834
2021-06-08 10:24:03,117.5,16362847
2021-06-08 10:24:04,117.5,16362936
2021-06-08 10:24:05,117.5,16363221
2021-06-08 10:24:06,117.5,16363288
2021-06-08 10:24:07,117.45,16368881
2021-06-08 10:24:08,117.5,16382263
2021-06-08 10:24:09,117.5,16385063
2021-06-08 10:24:10,117.5,16385140
2021-06-08 10:24:11,117.5,16385387
2021-06-08 10:24:12,117.5,16386149
2021-06-08 10:24:13,117.5,16387289
2021-06-08 10:24:14,117.5,16387389
2021-06-08 10:24:15,117.45,16389202
2021-06-08 10:24:16,117.5,16389846
2021-06-08 10:24:17,117.5,16394714
2021-06-08 10:24:18,117.45,16394988
2021-06-08 10:24:19,117.5,16394991
2021-06-08 10:24:20,117.5,16394991
2021-06-08 10:24:21,117.45,16395340
2021-06-08 10:24:22,117.5,16395446
2021-06-08 10:24:23,117.45,16395646
2021-06-08 10:24:24,117.45,16403488
2021-06-08 10:24:25,117.45,16403498
2021-06-08 10:24:26,117.5,16403599
2021-06-08 10:24:27,117.5,16403644
2021-06-08 10:24:28,117.5,16404113
2021-06-08 10:24:29,117.5,16404213
2021-06-08 10:24:30,117.5,16404765
2021-06-08 10:24:31,117.45,16405555
2021-06-08 10:24:32,117.45,16405658
2021-06-08 10:24:33,117.45,16405658
2021-06-08 10:24:34,117.45,16405785
2021-06-08 10:24:35,117.5,16405803
2021-06-08 10:24:37,117.5,16406346
2021-06-08 10:24:38,117.6,16409224
2021-06-08 10:24:39,117.6,16409439
2021-06-08 10:24:40,117.55,16409495
2021-06-08 10:24:41,117.5,16409595
2021-06-08 10:24:42,117.55,16409644
2021-06-08 10:24:43,117.5,16409899
2021-06-08 10:24:44,117.6,16410731
2021-06-08 10:24:45,117.6,16414710
2021-06-08 10:24:46,117.6,16415053
2021-06-08 10:24:47,117.6,16415053
2021-06-08 10:24:48,117.6,16415053
2021-06-08 10:24:49,117.55,16415063
2021-06-08 10:24:50,117.6,16415289
2021-06-08 10:24:51,117.6,16415336
2021-06-08 10:24:52,117.6,16415636
2021-06-08 10:24:53,117.6,16416386
2021-06-08 10:24:54,117.6,16416386
2021-06-08 10:24:55,117.6,16420601
2021-06-08 10:24:56,117.65,16420797
2021-06-08 10:24:57,117.6,16420922
2021-06-08 10:24:58,117.6,16420922
2021-06-08 10:24:59,117.6,16423139
2021-06-08 10:25:00,117.65,16423199
2021-06-08 10:25:01,117.6,16423206
2021-06-08 10:25:02,117.65,16423841
2021-06-08 10:25:03,117.65,16423841
2021-06-08 10:25:04,117.6,16428065
2021-06-08 10:25:05,117.6,16428115
2021-06-08 10:25:06,117.65,16430442
2021-06-08 10:25:07,117.65,16430443
2021-06-08 10:25:09,117.65,16430980
2021-06-08 10:25:10,117.65,16430991
2021-06-08 10:25:11,117.65,16431047
2021-06-08 10:25:12,117.65,16431047
2021-06-08 10:25:13,117.65,16433995
2021-06-08 10:25:14,117.6,16435992
2021-06-08 10:25:15,117.7,16436094
2021-06-08 10:25:16,117.7,16436094
2021-06-08 10:25:17,117.7,16436094
2021-06-08 10:25:18,117.6,16437094
2021-06-08 10:25:19,117.6,16437094
2021-06-08 10:25:20,117.6,16437094
2021-06-08 10:25:21,117.65,16437556
2021-06-08 10:25:23,117.65,16437567
2021-06-08 10:25:22,117.65,16437567
2021-06-08 10:25:24,117.6,16437573
2021-06-08 10:25:25,117.65,16437620
2021-06-08 10:25:26,117.65,16437900
2021-06-08 10:25:27,117.65,16437902
2021-06-08 10:25:28,117.6,16438338
2021-06-08 10:25:29,117.65,16438463
2021-06-08 10:25:30,117.6,16439438
2021-06-08 10:25:31,117.65,16439603
2021-06-08 10:25:32,117.65,16439603
2021-06-08 10:25:33,117.6,16441802
2021-06-08 10:25:34,117.6,16441802
2021-06-08 10:25:35,117.65,16442167
2021-06-08 10:25:36,117.65,16443063
2021-06-08 10:25:37,117.6,16444273
2021-06-08 10:25:38,117.6,16444345
2021-06-08 10:25:39,117.6,16445976
2021-06-08 10:25:40,117.6,16446816
2021-06-08 10:25:41,117.6,16447289
2021-06-08 10:25:42,117.6,16447289
2021-06-08 10:25:43,117.6,16452874
2021-06-08 10:25:44,117.65,16455148
2021-06-08 10:25:45,117.55,16455558
2021-06-08 10:25:47,117.55,16464315
2021-06-08 10:25:46,117.55,16458227
2021-06-08 10:25:48,117.6,16465793
2021-06-08 10:25:49,117.6,16471843
2021-06-08 10:25:50,117.55,16475614
2021-06-08 10:25:51,117.55,16475614
2021-06-08 10:25:52,117.6,16478530
2021-06-08 10:25:53,117.6,16483623
2021-06-08 10:25:54,117.5,16486263
2021-06-08 10:25:55,117.55,16486315
2021-06-08 10:25:56,117.55,16486353
2021-06-08 10:25:57,117.5,16486768
2021-06-08 10:25:59,117.55,16486808
2021-06-08 10:25:58,117.55,16486808
2021-06-08 10:26:00,117.5,16490908
2021-06-08 10:26:01,117.55,16492096
2021-06-08 10:26:02,117.5,16505219
2021-06-08 10:26:03,117.5,16511235
2021-06-08 10:26:04,117.5,16511235
2021-06-08 10:26:05,117.45,16511293
2021-06-08 10:26:06,117.5,16511537
2021-06-08 10:26:07,117.45,16511738
2021-06-08 10:26:08,117.45,16511768
2021-06-08 10:26:09,117.45,16511768
2021-06-08 10:26:10,117.55,16517118
2021-06-08 10:26:11,117.55,16517218
2021-06-08 10:26:13,117.5,16517415
2021-06-08 10:26:13,117.5,16517465
2021-06-08 10:26:14,117.55,16519754
2021-06-08 10:26:15,117.55,16519754
2021-06-08 10:26:16,117.55,16519802
2021-06-08 10:26:17,117.55,16519802
2021-06-08 10:26:18,117.5,16520502
2021-06-08 10:26:19,117.55,16521602
2021-06-08 10:26:20,117.5,16521622
2021-06-08 10:26:21,117.55,16521684
2021-06-08 10:26:22,117.55,16521689
2021-06-08 10:26:23,117.55,16521689
2021-06-08 10:26:24,117.55,16523689
2021-06-08 10:26:25,117.5,16523695
2021-06-08 10:26:26,117.55,16523743
2021-06-08 10:26:27,117.5,16524123
2021-06-08 10:26:28,117.5,16524123
2021-06-08 10:26:29,117.55,16526616
2021-06-08 10:26:30,117.55,16526663
2021-06-08 10:26:31,117.55,16526730
2021-06-08 10:26:33,117.55,16526788
2021-06-08 10:26:33,117.55,16526888
2021-06-08 10:26:35,117.55,16526888
2021-06-08 10:26:35,117.5,16527397
2021-06-08 10:26:36,117.55,16527445
2021-06-08 10:26:38,117.55,16528233
2021-06-08 10:26:39,117.55,16528233
2021-06-08 10:26:40,117.5,16528583
2021-06-08 10:26:41,117.5,16537207
2021-06-08 10:26:42,117.5,16537347
2021-06-08 10:26:43,117.45,16538464
2021-06-08 10:26:45,117.5,16538539
2021-06-08 10:26:45,117.5,16538539
2021-06-08 10:26:46,117.5,16539186
2021-06-08 10:26:48,117.55,16539216
2021-06-08 10:26:48,117.55,16539216
2021-06-08 10:26:49,117.5,16542499
2021-06-08 10:26:50,117.5,16543400
2021-06-08 10:26:51,117.5,16548925
2021-06-08 10:26:52,117.5,16548925
2021-06-08 10:26:53,117.5,16549058
2021-06-08 10:26:54,117.5,16549208
2021-06-08 10:26:56,117.55,16549350
2021-06-08 10:26:56,117.55,16549400
2021-06-08 10:26:57,117.5,16550050
2021-06-08 10:26:58,117.55,16551000
2021-06-08 10:26:59,117.55,16551200
2021-06-08 10:27:00,117.55,16551492
2021-06-08 10:27:01,117.5,16551784
2021-06-08 10:27:02,117.55,16551904
2021-06-08 10:27:03,117.5,16552116
2021-06-08 10:27:04,117.5,16552116
2021-06-08 10:27:05,117.5,16552116
2021-06-08 10:27:06,117.5,16552203
2021-06-08 10:27:07,117.45,16552286
2021-06-08 10:27:08,117.55,16555258
2021-06-08 10:27:09,117.55,16555359
2021-06-08 10:27:10,117.55,16555359
2021-06-08 10:27:11,117.55,16555422
2021-06-08 10:27:12,117.5,16556223
2021-06-08 10:27:13,117.55,16556943
2021-06-08 10:27:14,117.55,16556943
2021-06-08 10:27:15,117.55,16557025
2021-06-08 10:27:16,117.5,16557083
2021-06-08 10:27:18,117.55,16557537
2021-06-08 10:27:17,117.5,16557370
2021-06-08 10:27:19,117.5,16557619
2021-06-08 10:27:20,117.55,16558121
2021-06-08 10:27:22,117.55,16559683
2021-06-08 10:27:23,117.5,16560098
2021-06-08 10:27:25,117.5,16560222
2021-06-08 10:27:25,117.5,16560222
2021-06-08 10:27:26,117.55,16560660
2021-06-08 10:27:27,117.5,16563955
2021-06-08 10:27:28,117.5,16564148
2021-06-08 10:27:29,117.55,16565189
2021-06-08 10:27:30,117.55,16565285
2021-06-08 10:27:31,117.5,16566549
2021-06-08 10:27:32,117.45,16566691
2021-06-08 10:27:33,117.5,16567220
2021-06-08 10:27:34,117.45,16567416
2021-06-08 10:27:36,117.5,16567977
2021-06-08 10:27:37,117.5,16568671
2021-06-08 10:27:38,117.45,16569380
2021-06-08 10:27:39,117.45,16570423
2021-06-08 10:27:41,117.5,16574189
2021-06-08 10:27:41,117.5,16574814
2021-06-08 10:27:42,117.5,16593759
2021-06-08 10:27:43,117.4,16605560
2021-06-08 10:27:44,117.4,16621580
2021-06-08 10:27:45,117.4,16654187
2021-06-08 10:27:46,117.4,16672787
2021-06-08 10:27:47,117.4,16673952
2021-06-08 10:27:48,117.4,16674153
2021-06-08 10:27:49,117.4,16679166
2021-06-08 10:27:50,117.35,16680093
2021-06-08 10:27:51,117.35,16706754
2021-06-08 10:27:52,117.35,16712754
2021-06-08 10:27:53,117.25,16718065
2021-06-08 10:27:55,117.25,16723075
2021-06-08 10:27:55,117.3,16728120
2021-06-08 10:27:56,117.25,16730383
2021-06-08 10:27:57,117.3,16730405
2021-06-08 10:27:58,117.2,16736650
2021-06-08 10:27:59,117.2,16739496
2021-06-08 10:28:00,117.2,16741207
2021-06-08 10:28:01,117.25,16742780
2021-06-08 10:28:02,117.2,16743080
2021-06-08 10:28:03,117.25,16743085
2021-06-08 10:28:04,117.2,16743235
2021-06-08 10:28:05,117.3,16748004
2021-06-08 10:28:06,117.3,16748055
2021-06-08 10:28:07,117.3,16750930
2021-06-08 10:28:08,117.3,16752038
2021-06-08 10:28:09,117.2,16754082
2021-06-08 10:28:10,117.3,16756102
2021-06-08 10:28:11,117.25,16756332
2021-06-08 10:28:12,117.25,16757215
2021-06-08 10:28:13,117.3,16758048
2021-06-08 10:28:14,117.3,16758148
2021-06-08 10:28:15,117.2,16773192
2021-06-08 10:28:16,117.2,16773536
2021-06-08 10:28:18,117.2,16778741
2021-06-08 10:28:19,117.25,16782779
2021-06-08 10:28:20,117.25,16786533
2021-06-08 10:28:21,117.2,16793320
2021-06-08 10:28:22,117.2,16794646
2021-06-08 10:28:23,117.2,16795893
2021-06-08 10:28:24,117.25,16798740
2021-06-08 10:28:25,117.25,16800203
2021-06-08 10:28:27,117.2,16804441
2021-06-08 10:28:29,117.15,16804829
2021-06-08 10:28:30,117.15,16806947
2021-06-08 10:28:31,117.2,16807100
2021-06-08 10:28:32,117.25,16812450
2021-06-08 10:28:33,117.15,16821456
2021-06-08 10:28:34,117.15,16823290
2021-06-08 10:28:35,117.15,16828073
2021-06-08 10:28:36,117.2,16828095
2021-06-08 10:28:37,117.1,16834541
2021-06-08 10:28:38,117.15,16836791
2021-06-08 10:28:39,117.1,16837713
2021-06-08 10:28:40,117.2,16838523
2021-06-08 10:28:41,117.15,16839642
2021-06-08 10:28:42,117.15,16839742
2021-06-08 10:28:43,117.25,16844343
2021-06-08 10:28:44,117.25,16845665
2021-06-08 10:28:45,117.2,16846609
2021-06-08 10:28:46,117.2,16846609
2021-06-08 10:28:47,117.2,16852336
2021-06-08 10:28:48,117.2,16853223
2021-06-08 10:28:49,117.15,16854601
2021-06-08 10:28:50,117.15,16855271
2021-06-08 10:28:51,117.15,16855413
2021-06-08 10:28:52,117.15,16855489
2021-06-08 10:28:53,117.2,16856430
2021-06-08 10:28:55,117.2,16856939
2021-06-08 10:28:56,117.15,16857134
2021-06-08 10:28:57,117.2,16857484
2021-06-08 10:28:58,117.2,16858573
2021-06-08 10:28:59,117.15,16859727
2021-06-08 10:28:59,117.15,16864069
2021-06-08 10:29:00,117.15,16865052
2021-06-08 10:29:01,117.15,16866816
2021-06-08 10:29:02,117.2,16872063
2021-06-08 10:29:03,117.15,16872329
2021-06-08 10:29:04,117.15,16874099
2021-06-08 10:29:05,117.15,16874727
2021-06-08 10:29:06,117.15,16875535
2021-06-08 10:29:07,117.1,16876396
2021-06-08 10:29:08,117.15,16877584
2021-06-08 10:29:09,117.15,16880060
2021-06-08 10:29:10,117.1,16881560
2021-06-08 10:29:11,117.15,16883721
2021-06-08 10:29:13,117.1,16884416
2021-06-08 10:29:14,117.15,16884467
2021-06-08 10:29:15,117.15,16886943
2021-06-08 10:29:16,117.2,16887990
2021-06-08 10:29:17,117.2,16888065
2021-06-08 10:29:18,117.2,16888065
2021-06-08 10:29:19,117.1,16888175
2021-06-08 10:29:20,117.1,16888830
2021-06-08 10:29:21,117.15,16890349
2021-06-08 10:29:23,117.15,16890394
2021-06-08 10:29:24,117.15,16895514
2021-06-08 10:29:25,117.15,16897145
2021-06-08 10:29:25,117.1,16898674
2021-06-08 10:29:26,117.15,16898746
2021-06-08 10:29:27,117.15,16898965
2021-06-08 10:29:28,117.1,16899015
2021-06-08 10:29:29,117.15,16899065
2021-06-08 10:29:30,117.15,16899898
2021-06-08 10:29:31,117.1,16900274
2021-06-08 10:29:33,117.15,16901560
2021-06-08 10:29:34,117.15,16904140
2021-06-08 10:29:35,117.15,16904712
2021-06-08 10:29:36,117.15,16904979
2021-06-08 10:29:36,117.15,16905329
2021-06-08 10:29:37,117.15,16905706
2021-06-08 10:29:38,117.1,16905841
2021-06-08 10:29:39,117.15,16907925
2021-06-08 10:29:40,117.25,16916195
2021-06-08 10:29:42,117.2,16920576
2021-06-08 10:29:43,117.25,16922762
2021-06-08 10:29:44,117.25,16922862
2021-06-08 10:29:45,117.2,16922868
2021-06-08 10:29:46,117.2,16925121
2021-06-08 10:29:47,117.2,16925743
2021-06-08 10:29:49,117.25,16925846
2021-06-08 10:29:49,117.3,16927365
2021-06-08 10:29:50,117.25,16928416
2021-06-08 10:29:51,117.25,16934435
2021-06-08 10:29:52,117.35,16935759
2021-06-08 10:29:54,117.4,16963757
2021-06-08 10:29:55,117.35,16977661
2021-06-08 10:29:56,117.35,16977889
2021-06-08 10:29:56,117.3,16994660
2021-06-08 10:29:57,117.25,16999660
2021-06-08 10:29:58,117.3,17016438
2021-06-08 10:30:00,117.25,17023003
2021-06-08 10:30:00,117.25,17023941
2021-06-08 10:30:02,117.2,17031179
2021-06-08 10:30:03,117.2,17063807
2021-06-08 10:30:04,117.2,17065769
2021-06-08 10:30:05,117.25,17087286
2021-06-08 10:30:05,117.25,17087338
2021-06-08 10:30:06,117.2,17101495
2021-06-08 10:30:07,117.25,17102000
2021-06-08 10:30:08,117.25,17122565
2021-06-08 10:30:10,117.25,17136311
2021-06-08 10:30:11,117.25,17149155
2021-06-08 10:30:12,117.2,17152924
2021-06-08 10:30:13,117.3,17164368
2021-06-08 10:30:14,117.2,17176769
2021-06-08 10:30:15,117.2,17182019
2021-06-08 10:30:16,117.2,17184217
2021-06-08 10:30:17,117.15,17192483
2021-06-08 10:30:18,117.1,17199679
2021-06-08 10:30:19,117.1,17205644
2021-06-08 10:30:20,117.1,17210476
2021-06-08 10:30:21,117.15,17214281
2021-06-08 10:30:22,117.15,17219943
2021-06-08 10:30:23,117.1,17220638
2021-06-08 10:30:24,117.1,17222339
2021-06-08 10:30:25,117.15,17223234
2021-06-08 10:30:26,117.1,17224794
2021-06-08 10:30:27,117.15,17229215
2021-06-08 10:30:28,117.2,17229763
2021-06-08 10:30:29,117.1,17233639
2021-06-08 10:30:30,117.1,17234949
2021-06-08 10:30:31,117.2,17235946
2021-06-08 10:30:32,117.1,17237019
2021-06-08 10:30:34,117.15,17237640
2021-06-08 10:30:35,117.2,17240071
2021-06-08 10:30:36,117.1,17241420
2021-06-08 10:30:36,117.1,17242572
2021-06-08 10:30:37,117.05,17284553
2021-06-08 10:30:38,117.1,17326495
2021-06-08 10:30:39,117.05,17330752
2021-06-08 10:30:40,117.1,17348833
2021-06-08 10:30:41,117.1,17355221
2021-06-08 10:30:42,117.1,17365745
2021-06-08 10:30:43,117.05,17369116
2021-06-08 10:30:44,117.0,17413237
2021-06-08 10:30:46,117.0,17433179
2021-06-08 10:30:47,117.0,17445206
2021-06-08 10:30:48,117.0,17455621
2021-06-08 10:30:49,117.0,17460409
2021-06-08 10:30:49,117.05,17468785
2021-06-08 10:30:50,117.0,17477934
2021-06-08 10:30:52,117.0,17491481
2021-06-08 10:30:52,117.0,17496481
2021-06-08 10:30:53,117.0,17528672
2021-06-08 10:30:54,117.0,17535172
2021-06-08 10:30:55,117.0,17575620
2021-06-08 10:30:56,116.9,17577940
2021-06-08 10:30:57,117.0,17585736
2021-06-08 10:30:58,117.0,17586288
2021-06-08 10:31:00,116.95,17586718
2021-06-08 10:31:00,117.0,17588346
2021-06-08 10:31:01,116.95,17589885
2021-06-08 10:31:02,116.9,17590010
2021-06-08 10:31:03,116.9,17590928
2021-06-08 10:31:04,116.95,17593314
2021-06-08 10:31:05,117.0,17598373
2021-06-08 10:31:06,116.95,17598606
2021-06-08 10:31:07,116.95,17598856
2021-06-08 10:31:08,117.0,17599281
2021-06-08 10:31:09,116.95,17599339
2021-06-08 10:31:10,117.0,17601139
2021-06-08 10:31:12,116.95,17601298
2021-06-08 10:31:14,116.95,17603276
2021-06-08 10:31:15,116.95,17603713
2021-06-08 10:31:16,117.0,17603810
2021-06-08 10:31:18,116.9,17605467
2021-06-08 10:31:19,117.0,17605567
2021-06-08 10:31:20,116.9,17605632
2021-06-08 10:31:21,116.9,17611492
2021-06-08 10:31:22,117.0,17613418
2021-06-08 10:31:23,116.9,17616088
2021-06-08 10:31:22,116.95,17615078
2021-06-08 10:31:25,117.0,17617818
2021-06-08 10:31:26,117.0,17658943
2021-06-08 10:31:26,117.0,17658943
2021-06-08 10:31:27,116.95,17658963
2021-06-08 10:31:28,117.0,17659114
2021-06-08 10:31:30,116.95,17659812
2021-06-08 10:31:31,117.0,17659869
2021-06-08 10:31:32,116.95,17659873
2021-06-08 10:31:33,117.0,17659973
2021-06-08 10:31:34,116.95,17659976
2021-06-08 10:31:35,117.0,17660301
2021-06-08 10:31:36,117.05,17670258
2021-06-08 10:31:37,117.05,17674513
2021-06-08 10:31:38,116.95,17681774
2021-06-08 10:31:39,116.95,17681829
2021-06-08 10:31:40,117.0,17682229
2021-06-08 10:31:40,117.0,17682179
2021-06-08 10:31:41,117.0,17682306
2021-06-08 10:31:42,116.95,17682356
2021-06-08 10:31:43,116.95,17687714
2021-06-08 10:31:44,117.0,17688197
2021-06-08 10:31:45,116.95,17694683
2021-06-08 10:31:46,117.0,17694740
2021-06-08 10:31:47,116.95,17695444
2021-06-08 10:31:48,117.0,17695654
2021-06-08 10:31:49,117.0,17696819
2021-06-08 10:31:50,117.0,17697819
2021-06-08 10:31:52,117.0,17700769
2021-06-08 10:31:53,116.95,17700771
2021-06-08 10:31:54,117.0,17701919
2021-06-08 10:31:55,117.0,17702920
2021-06-08 10:31:56,117.0,17704762
2021-06-08 10:31:57,117.0,17705010
2021-06-08 10:31:57,117.0,17704990
2021-06-08 10:31:58,117.0,17705220
2021-06-08 10:31:59,117.0,17706409
2021-06-08 10:32:00,117.0,17706409
2021-06-08 10:32:01,117.0,17706456
2021-06-08 10:32:03,116.95,17711329
2021-06-08 10:32:04,116.95,17711329
2021-06-08 10:32:05,116.95,17711329
2021-06-08 10:32:06,116.95,17711906
