timestamp,ltp,volume
2021-06-08 09:15:46,346.5,645307
2021-06-08 09:15:54,346.35,688036
2021-06-08 09:15:55,346.45,690836
2021-06-08 09:15:56,346.4,696583
2021-06-08 09:15:57,346.25,702896
2021-06-08 09:15:58,346.25,711931
2021-06-08 09:15:59,346.45,716426
2021-06-08 09:16:00,346.25,722592
2021-06-08 09:16:01,346.4,732505
2021-06-08 09:16:04,345.85,789639
2021-06-08 09:16:05,345.9,796231
2021-06-08 09:16:06,345.65,801246
2021-06-08 09:16:07,345.8,803659
2021-06-08 09:16:09,345.9,812990
2021-06-08 09:16:10,345.7,815359
2021-06-08 09:16:11,345.75,823811
2021-06-08 09:16:13,346.0,835034
2021-06-08 09:16:14,346.05,841617
2021-06-08 09:16:15,345.85,845658
2021-06-08 09:16:17,345.95,851201
2021-06-08 09:16:18,345.9,858076
2021-06-08 09:16:19,345.8,863004
2021-06-08 09:16:20,345.75,865305
2021-06-08 09:16:22,345.75,870929
2021-06-08 09:16:23,345.9,881324
2021-06-08 09:16:24,345.85,884167
2021-06-08 09:16:25,345.9,888948
2021-06-08 09:16:26,345.6,920082
2021-06-08 09:16:27,345.7,934419
2021-06-08 09:16:28,345.5,943155
2021-06-08 09:16:29,345.65,956127
2021-06-08 09:16:30,345.75,959393
2021-06-08 09:16:31,345.6,962468
2021-06-08 09:16:32,345.6,964427
2021-06-08 09:16:34,345.6,970908
2021-06-08 09:16:35,345.65,979474
2021-06-08 09:16:36,345.6,981885
2021-06-08 09:16:37,345.7,990185
2021-06-08 09:16:38,345.5,991930
2021-06-08 09:16:39,345.35,994550
2021-06-08 09:16:39,345.55,994692
2021-06-08 09:16:40,345.4,1004757
2021-06-08 09:16:41,345.55,1005987
2021-06-08 09:16:42,345.45,1007111
2021-06-08 09:16:43,345.25,1009199
2021-06-08 09:16:44,345.4,1011298
2021-06-08 09:16:45,345.5,1018382
2021-06-08 09:16:46,345.3,1022679
2021-06-08 09:16:47,345.5,1026214
2021-06-08 09:16:48,345.5,1034742
2021-06-08 09:16:49,345.3,1045779
2021-06-08 09:16:50,345.0,1053404
2021-06-08 09:16:51,345.15,1064244
2021-06-08 09:16:52,345.05,1069247
2021-06-08 09:16:53,345.05,1073419
2021-06-08 09:16:54,345.15,1081104
2021-06-08 09:16:55,345.25,1083492
2021-06-08 09:16:56,345.1,1086253
2021-06-08 09:16:58,345.0,1092842
2021-06-08 09:16:59,345.05,1096808
2021-06-08 09:17:00,345.2,1098411
2021-06-08 09:17:01,344.65,1174172
2021-06-08 09:17:02,344.6,1196020
2021-06-08 09:17:03,344.45,1198934
2021-06-08 09:17:05,345.0,1254292
2021-06-08 09:17:06,344.75,1270822
2021-06-08 09:17:07,344.55,1290098
2021-06-08 09:17:08,344.5,1293498
2021-06-08 09:17:10,344.5,1301892
2021-06-08 09:17:10,344.55,1301977
2021-06-08 09:17:11,344.25,1309639
2021-06-08 09:17:12,344.4,1318473
2021-06-08 09:17:13,344.25,1326783
2021-06-08 09:17:15,344.0,1338923
2021-06-08 09:17:16,344.0,1342156
2021-06-08 09:17:17,344.05,1345707
2021-06-08 09:17:18,344.2,1352951
2021-06-08 09:17:19,344.3,1369907
2021-06-08 09:17:20,344.3,1378770
2021-06-08 09:17:21,344.15,1382843
2021-06-08 09:17:23,344.15,1393026
2021-06-08 09:17:25,344.15,1397691
2021-06-08 09:17:26,344.15,1401951
2021-06-08 09:17:27,344.05,1405854
2021-06-08 09:17:28,344.05,1406952
2021-06-08 09:17:29,344.3,1409015
2021-06-08 09:17:30,344.1,1412019
2021-06-08 09:17:31,344.0,1414739
2021-06-08 09:17:32,344.15,1416029
2021-06-08 09:17:33,344.0,1422078
2021-06-08 09:17:34,344.35,1450452
2021-06-08 09:17:35,344.4,1457120
2021-06-08 09:17:36,344.45,1467426
2021-06-08 09:17:37,344.3,1473009
2021-06-08 09:17:38,344.5,1474759
2021-06-08 09:17:39,344.85,1480582
2021-06-08 09:17:40,344.9,1483932
2021-06-08 09:17:41,344.85,1485856
2021-06-08 09:17:42,344.9,1489378
2021-06-08 09:17:43,344.8,1493400
2021-06-08 09:17:44,344.85,1500598
2021-06-08 09:17:45,344.9,1502294
2021-06-08 09:17:46,345.0,1510736
2021-06-08 09:17:47,344.9,1513601
2021-06-08 09:17:48,344.9,1518403
2021-06-08 09:17:49,345.0,1534697
2021-06-08 09:17:50,345.1,1539090
2021-06-08 09:17:51,345.05,1542412
2021-06-08 09:17:52,345.05,1544346
2021-06-08 09:17:53,345.05,1544963
2021-06-08 09:17:54,345.0,1551879
2021-06-08 09:17:55,345.05,1555445
2021-06-08 09:17:56,345.05,1556501
2021-06-08 09:17:57,345.05,1560105
2021-06-08 09:17:58,345.3,1566856
2021-06-08 09:17:59,345.25,1575141
2021-06-08 09:18:00,345.05,1575832
2021-06-08 09:18:00,345.1,1581001
2021-06-08 09:18:01,345.3,1584492
2021-06-08 09:18:03,345.25,1593221
2021-06-08 09:18:04,345.3,1595927
2021-06-08 09:18:05,345.2,1598540
2021-06-08 09:18:07,345.25,1601163
2021-06-08 09:18:08,345.25,1603173
2021-06-08 09:18:09,345.25,1607149
2021-06-08 09:18:10,345.3,1615109
2021-06-08 09:18:11,345.3,1616670
2021-06-08 09:18:12,345.3,1617598
2021-06-08 09:18:13,345.3,1618730
2021-06-08 09:18:14,345.2,1621784
2021-06-08 09:18:15,345.35,1624039
2021-06-08 09:18:16,345.4,1627718
2021-06-08 09:18:17,345.5,1640484
2021-06-08 09:18:18,345.4,1641201
2021-06-08 09:18:19,345.3,1643206
2021-06-08 09:18:20,345.5,1644624
2021-06-08 09:18:22,345.25,1649359
2021-06-08 09:18:23,345.25,1661280
2021-06-08 09:18:23,345.3,1664015
2021-06-08 09:18:24,345.3,1667891
2021-06-08 09:18:25,345.3,1668486
2021-06-08 09:18:26,345.0,1693512
2021-06-08 09:18:27,345.0,1695709
2021-06-08 09:18:28,345.0,1698312
2021-06-08 09:18:30,345.15,1702326
2021-06-08 09:18:31,345.2,1703199
2021-06-08 09:18:32,345.25,1704750
2021-06-08 09:18:33,345.15,1705312
2021-06-08 09:18:33,345.25,1707156
2021-06-08 09:18:34,345.25,1709770
2021-06-08 09:18:35,345.25,1714605
2021-06-08 09:18:37,345.25,1715482
2021-06-08 09:18:38,345.2,1716194
2021-06-08 09:18:39,345.2,1720486
2021-06-08 09:18:41,345.15,1723183
2021-06-08 09:18:42,345.25,1727240
2021-06-08 09:18:42,345.25,1729506
2021-06-08 09:18:44,345.25,1734484
2021-06-08 09:18:45,345.15,1736165
2021-06-08 09:18:46,345.25,1738160
2021-06-08 09:18:47,345.3,1740742
2021-06-08 09:18:48,345.25,1742140
2021-06-08 09:18:49,345.35,1767234
2021-06-08 09:18:50,345.35,1767490
2021-06-08 09:18:51,345.35,1772872
2021-06-08 09:18:52,345.4,1775062
2021-06-08 09:18:53,345.55,1776537
2021-06-08 09:18:54,345.55,1777233
2021-06-08 09:18:55,345.4,1780209
2021-06-08 09:18:56,345.4,1782123
2021-06-08 09:18:57,345.55,1784007
2021-06-08 09:18:57,345.6,1785807
2021-06-08 09:18:58,345.8,1794290
2021-06-08 09:18:59,345.75,1796016
2021-06-08 09:19:00,345.6,1799011
2021-06-08 09:19:01,345.65,1801865
2021-06-08 09:19:03,345.65,1802862
2021-06-08 09:19:05,345.8,1804968
2021-06-08 09:19:06,345.8,1805797
2021-06-08 09:19:07,345.85,1809685
2021-06-08 09:19:08,345.8,1810625
2021-06-08 09:19:09,345.85,1812443
2021-06-08 09:19:10,345.85,1816925
2021-06-08 09:19:11,345.7,1818369
2021-06-08 09:19:12,345.8,1819526
2021-06-08 09:19:13,345.85,1820825
2021-06-08 09:19:15,345.85,1824136
2021-06-08 09:19:16,345.85,1825297
2021-06-08 09:19:16,345.8,1827289
2021-06-08 09:19:17,345.85,1829427
2021-06-08 09:19:18,345.85,1830183
2021-06-08 09:19:19,345.85,1835638
2021-06-08 09:19:21,346.0,1838160
2021-06-08 09:19:22,345.95,1839738
2021-06-08 09:19:23,346.0,1842762
2021-06-08 09:19:25,346.0,1847029
2021-06-08 09:19:27,345.95,1856286
2021-06-08 09:19:28,345.8,1860343
2021-06-08 09:19:29,345.85,1863540
2021-06-08 09:19:30,345.9,1869450
2021-06-08 09:19:31,345.85,1874045
2021-06-08 09:19:32,345.95,1882781
2021-06-08 09:19:33,346.0,1885692
2021-06-08 09:19:34,346.0,1885880
2021-06-08 09:19:35,346.0,1887033
2021-06-08 09:19:36,346.0,1888945
2021-06-08 09:19:37,346.0,1891705
2021-06-08 09:19:38,346.0,1896113
2021-06-08 09:19:39,345.9,1899762
2021-06-08 09:19:40,345.9,1900443
2021-06-08 09:19:41,346.0,1901667
2021-06-08 09:19:42,346.0,1902400
2021-06-08 09:19:43,346.0,1922884
2021-06-08 09:19:44,346.1,1924267
2021-06-08 09:19:45,346.0,1927305
2021-06-08 09:19:46,346.0,1927891
2021-06-08 09:19:47,346.0,1929927
2021-06-08 09:19:48,346.15,1936039
2021-06-08 09:19:49,346.0,1944855
2021-06-08 09:19:50,345.95,1964830
2021-06-08 09:19:51,346.0,1969460
2021-06-08 09:19:52,346.05,1972574
2021-06-08 09:19:53,345.8,1981154
2021-06-08 09:19:54,345.8,1988157
2021-06-08 09:19:55,345.8,1994356
2021-06-08 09:19:56,345.8,1996213
2021-06-08 09:19:57,345.8,1998002
2021-06-08 09:19:58,345.8,2000576
2021-06-08 09:19:59,345.8,2002954
2021-06-08 09:20:00,345.75,2006280
2021-06-08 09:20:01,345.8,2008806
2021-06-08 09:20:02,345.8,2010601
2021-06-08 09:20:03,345.85,2011893
2021-06-08 09:20:04,345.85,2012235
2021-06-08 09:20:05,346.0,2015106
2021-06-08 09:20:06,345.9,2015458
2021-06-08 09:20:07,346.0,2018919
2021-06-08 09:20:08,345.95,2021668
2021-06-08 09:20:09,345.95,2022249
2021-06-08 09:20:10,346.0,2036338
2021-06-08 09:20:11,345.8,2047282
2021-06-08 09:20:12,345.8,2048217
2021-06-08 09:20:13,345.8,2048799
2021-06-08 09:20:14,345.9,2050814
2021-06-08 09:20:15,345.9,2052568
2021-06-08 09:20:16,345.9,2053133
2021-06-08 09:20:17,346.0,2056088
2021-06-08 09:20:18,345.8,2058723
2021-06-08 09:20:19,346.0,2059676
2021-06-08 09:20:20,345.95,2062126
2021-06-08 09:20:21,346.0,2063991
2021-06-08 09:20:22,345.9,2065471
2021-06-08 09:20:23,345.9,2066430
2021-06-08 09:20:24,345.7,2088120
2021-06-08 09:20:25,345.7,2090117
2021-06-08 09:20:26,345.6,2095484
2021-06-08 09:20:27,345.75,2097808
2021-06-08 09:20:28,345.75,2107064
2021-06-08 09:20:29,345.7,2108151
2021-06-08 09:20:30,345.5,2111216
2021-06-08 09:20:31,345.6,2112924
2021-06-08 09:20:32,345.55,2113618
2021-06-08 09:20:33,345.55,2114041
2021-06-08 09:20:34,345.55,2114822
2021-06-08 09:20:35,345.55,2119120
2021-06-08 09:20:36,345.55,2120028
2021-06-08 09:20:37,345.55,2120754
2021-06-08 09:20:38,345.65,2121040
2021-06-08 09:20:39,345.55,2122160
2021-06-08 09:20:40,345.5,2127418
2021-06-08 09:20:41,345.65,2128758
2021-06-08 09:20:42,345.65,2129194
2021-06-08 09:20:43,345.6,2129990
2021-06-08 09:20:44,345.55,2131166
2021-06-08 09:20:45,345.6,2131632
2021-06-08 09:20:46,345.6,2132116
2021-06-08 09:20:47,345.65,2133467
2021-06-08 09:20:48,345.5,2135348
2021-06-08 09:20:49,345.65,2137860
2021-06-08 09:20:50,345.5,2138786
2021-06-08 09:20:51,345.5,2139703
2021-06-08 09:20:52,345.45,2155820
2021-06-08 09:20:53,345.45,2156512
2021-06-08 09:20:54,345.5,2156677
2021-06-08 09:20:55,345.5,2159041
2021-06-08 09:20:58,345.5,2163747
2021-06-08 09:20:59,345.5,2165947
2021-06-08 09:21:00,345.55,2167052
2021-06-08 09:21:01,345.45,2167476
2021-06-08 09:21:02,345.55,2170172
2021-06-08 09:21:03,345.5,2170643
2021-06-08 09:21:04,345.5,2173801
2021-06-08 09:21:05,345.45,2174308
2021-06-08 09:21:06,345.4,2176200
2021-06-08 09:21:07,345.4,2177398
2021-06-08 09:21:08,345.45,2177749
2021-06-08 09:21:09,345.5,2177812
2021-06-08 09:21:10,345.5,2178559
2021-06-08 09:21:11,345.65,2185625
2021-06-08 09:21:13,345.45,2193489
2021-06-08 09:21:14,345.45,2194490
2021-06-08 09:21:15,345.4,2195370
2021-06-08 09:21:16,345.5,2199255
2021-06-08 09:21:17,345.4,2200367
2021-06-08 09:21:18,345.5,2204441
2021-06-08 09:21:19,345.5,2208956
2021-06-08 09:21:20,345.5,2211184
2021-06-08 09:21:21,345.5,2212618
2021-06-08 09:21:23,345.5,2213131
2021-06-08 09:21:22,345.5,2213131
2021-06-08 09:21:24,345.4,2215572
2021-06-08 09:21:25,345.4,2215906
2021-06-08 09:21:27,345.5,2216772
2021-06-08 09:21:28,345.45,2217675
2021-06-08 09:21:30,345.45,2220576
2021-06-08 09:21:31,345.45,2221346
2021-06-08 09:21:32,345.4,2222287
2021-06-08 09:21:33,345.5,2223056
2021-06-08 09:21:34,345.5,2223989
2021-06-08 09:21:35,345.45,2224645
2021-06-08 09:21:37,345.35,2224979
2021-06-08 09:21:38,345.5,2225643
2021-06-08 09:21:39,345.4,2227873
2021-06-08 09:21:40,345.4,2229758
2021-06-08 09:21:41,345.5,2231081
2021-06-08 09:21:42,345.5,2232558
2021-06-08 09:21:43,345.45,2234155
2021-06-08 09:21:44,345.5,2238140
2021-06-08 09:21:45,345.6,2244669
2021-06-08 09:21:46,345.6,2245803
2021-06-08 09:21:47,345.6,2247063
2021-06-08 09:21:48,345.6,2248397
2021-06-08 09:21:49,345.6,2250526
2021-06-08 09:21:50,345.7,2252361
2021-06-08 09:21:51,345.75,2254671
2021-06-08 09:21:52,345.75,2255971
2021-06-08 09:21:53,345.75,2256027
2021-06-08 09:21:54,345.8,2258614
2021-06-08 09:21:55,345.75,2263542
2021-06-08 09:21:55,345.85,2266042
2021-06-08 09:21:56,345.75,2266150
2021-06-08 09:21:57,345.65,2267952
2021-06-08 09:21:58,345.9,2270899
2021-06-08 09:21:59,345.9,2274365
2021-06-08 09:22:00,345.7,2277393
2021-06-08 09:22:01,345.85,2278029
2021-06-08 09:22:02,345.75,2280721
2021-06-08 09:22:03,345.8,2281045
2021-06-08 09:22:04,345.9,2284889
2021-06-08 09:22:05,345.85,2286039
2021-06-08 09:22:06,345.9,2288368
2021-06-08 09:22:07,345.9,2288707
2021-06-08 09:22:08,346.1,2308342
2021-06-08 09:22:09,346.2,2311201
2021-06-08 09:22:10,346.2,2312436
2021-06-08 09:22:11,346.25,2314935
2021-06-08 09:22:12,346.4,2322932
2021-06-08 09:22:13,346.35,2325445
2021-06-08 09:22:14,346.5,2331467
2021-06-08 09:22:15,346.4,2332250
2021-06-08 09:22:16,346.7,2354023
2021-06-08 09:22:18,346.7,2359666
2021-06-08 09:22:19,346.55,2366679
2021-06-08 09:22:20,346.5,2366960
2021-06-08 09:22:21,346.4,2383986
2021-06-08 09:22:22,346.4,2386709
2021-06-08 09:22:23,346.4,2404322
2021-06-08 09:22:24,346.35,2405463
2021-06-08 09:22:25,346.45,2411588
2021-06-08 09:22:25,346.45,2411647
2021-06-08 09:22:26,346.45,2412154
2021-06-08 09:22:27,346.65,2414524
2021-06-08 09:22:28,346.4,2417832
2021-06-08 09:22:29,346.55,2420281
2021-06-08 09:22:30,346.5,2421807
2021-06-08 09:22:31,346.55,2424103
2021-06-08 09:22:33,346.55,2425117
2021-06-08 09:22:33,346.55,2425120
2021-06-08 09:22:34,346.55,2431322
2021-06-08 09:22:35,346.55,2432982
2021-06-08 09:22:37,346.55,2439747
2021-06-08 09:22:38,346.6,2441579
2021-06-08 09:22:40,346.65,2443926
2021-06-08 09:22:40,346.55,2456436
2021-06-08 09:22:41,346.7,2460828
2021-06-08 09:22:42,346.65,2461963
2021-06-08 09:22:43,346.65,2464899
2021-06-08 09:22:44,346.6,2465648
2021-06-08 09:22:45,346.65,2470498
2021-06-08 09:22:47,346.75,2477104
2021-06-08 09:22:48,346.65,2477586
2021-06-08 09:22:49,346.8,2477807
2021-06-08 09:22:50,346.8,2479010
2021-06-08 09:22:50,346.8,2479460
2021-06-08 09:22:51,346.8,2480693
2021-06-08 09:22:52,346.8,2494531
2021-06-08 09:22:53,346.9,2496488
2021-06-08 09:22:54,346.9,2502186
2021-06-08 09:22:55,346.6,2548173
2021-06-08 09:22:57,346.6,2549832
2021-06-08 09:22:58,346.8,2550695
2021-06-08 09:22:59,346.8,2555873
2021-06-08 09:22:59,346.8,2555888
2021-06-08 09:23:00,346.85,2559344
2021-06-08 09:23:02,346.8,2564368
2021-06-08 09:23:03,346.7,2572145
2021-06-08 09:23:04,346.65,2581689
2021-06-08 09:23:05,346.5,2589664
2021-06-08 09:23:07,346.6,2593146
2021-06-08 09:23:08,346.6,2598444
2021-06-08 09:23:08,346.6,2598454
2021-06-08 09:23:09,346.6,2600114
2021-06-08 09:23:10,346.6,2601283
2021-06-08 09:23:11,346.5,2603325
2021-06-08 09:23:12,346.55,2605025
2021-06-08 09:23:13,346.5,2605979
2021-06-08 09:23:14,346.55,2607258
2021-06-08 09:23:15,346.6,2616279
2021-06-08 09:23:16,346.65,2618353
2021-06-08 09:23:17,346.7,2622460
2021-06-08 09:23:18,346.7,2624910
2021-06-08 09:23:20,346.8,2627457
2021-06-08 09:23:21,346.8,2629363
2021-06-08 09:23:22,346.8,2630032
2021-06-08 09:23:23,346.8,2630390
2021-06-08 09:23:23,346.8,2630949
2021-06-08 09:23:24,346.65,2639227
2021-06-08 09:23:25,346.7,2641270
2021-06-08 09:23:26,346.85,2644739
2021-06-08 09:23:27,346.8,2645303
2021-06-08 09:23:29,346.9,2649452
2021-06-08 09:23:30,346.9,2654666
2021-06-08 09:23:31,346.8,2657750
2021-06-08 09:23:32,346.8,2664045
2021-06-08 09:23:33,346.85,2664459
2021-06-08 09:23:34,346.9,2664658
2021-06-08 09:23:36,346.95,2670157
2021-06-08 09:23:38,346.85,2691299
2021-06-08 09:23:39,346.8,2696712
2021-06-08 09:23:40,346.8,2698153
2021-06-08 09:23:42,346.85,2700404
2021-06-08 09:23:43,346.95,2700691
2021-06-08 09:23:44,347.0,2710182
2021-06-08 09:23:45,346.95,2713523
2021-06-08 09:23:46,346.95,2715656
2021-06-08 09:23:47,347.0,2719129
2021-06-08 09:23:49,346.95,2721629
2021-06-08 09:23:50,347.0,2739149
2021-06-08 09:23:51,346.8,2742201
2021-06-08 09:23:52,346.95,2743262
2021-06-08 09:23:53,346.8,2745181
2021-06-08 09:23:54,346.95,2746152
2021-06-08 09:23:55,346.9,2747275
2021-06-08 09:23:56,346.75,2775448
2021-06-08 09:23:57,346.85,2776791
2021-06-08 09:23:58,346.85,2781364
2021-06-08 09:23:59,346.8,2783739
2021-06-08 09:24:00,346.8,2786028
2021-06-08 09:24:01,346.9,2789689
2021-06-08 09:24:01,346.9,2789789
2021-06-08 09:24:02,346.85,2791681
2021-06-08 09:24:03,346.95,2792636
2021-06-08 09:24:04,346.9,2797035
2021-06-08 09:24:05,346.75,2804851
2021-06-08 09:24:06,346.75,2806646
2021-06-08 09:24:07,346.75,2808342
2021-06-08 09:24:08,346.6,2810046
2021-06-08 09:24:09,346.75,2810325
2021-06-08 09:24:10,346.65,2811193
2021-06-08 09:24:12,346.8,2813212
2021-06-08 09:24:13,346.75,2816988
2021-06-08 09:24:14,346.8,2820606
2021-06-08 09:24:16,346.6,2823279
2021-06-08 09:24:15,346.6,2821650
2021-06-08 09:24:16,346.75,2823295
2021-06-08 09:24:18,346.75,2831978
2021-06-08 09:24:19,346.75,2833791
2021-06-08 09:24:20,346.75,2835241
2021-06-08 09:24:21,346.55,2850971
2021-06-08 09:24:22,346.55,2851635
2021-06-08 09:24:23,346.5,2852231
2021-06-08 09:24:24,346.55,2855350
2021-06-08 09:24:25,346.55,2856481
2021-06-08 09:24:26,346.4,2881541
2021-06-08 09:24:27,346.5,2881821
2021-06-08 09:24:28,346.5,2883903
2021-06-08 09:24:29,346.5,2884539
2021-06-08 09:24:30,346.35,2886989
2021-06-08 09:24:32,346.35,2895506
2021-06-08 09:24:33,346.2,2896604
2021-06-08 09:24:34,346.2,2898124
2021-06-08 09:24:35,346.45,2900739
2021-06-08 09:24:36,346.2,2901635
2021-06-08 09:24:37,346.25,2902312
2021-06-08 09:24:38,346.25,2903090
2021-06-08 09:24:39,346.3,2905544
2021-06-08 09:24:40,346.2,2906289
2021-06-08 09:24:41,346.35,2909733
2021-06-08 09:24:42,346.35,2912557
2021-06-08 09:24:42,346.35,2912612
2021-06-08 09:24:43,346.2,2912726
2021-06-08 09:24:44,346.25,2913440
2021-06-08 09:24:45,346.25,2913841
2021-06-08 09:24:46,346.2,2914960
2021-06-08 09:24:47,346.25,2916201
2021-06-08 09:24:48,346.2,2917347
2021-06-08 09:24:50,346.3,2924407
2021-06-08 09:24:51,346.25,2925683
2021-06-08 09:24:52,346.2,2927222
2021-06-08 09:24:53,346.3,2927557
2021-06-08 09:24:54,346.3,2931812
2021-06-08 09:24:55,346.2,2936260
2021-06-08 09:24:56,346.1,2940249
2021-06-08 09:24:57,346.2,2940746
2021-06-08 09:24:58,346.05,3006660
2021-06-08 09:24:58,345.8,3031761
2021-06-08 09:24:59,345.85,3033121
2021-06-08 09:25:00,345.85,3034895
2021-06-08 09:25:01,345.75,3036965
2021-06-08 09:25:02,345.8,3038113
2021-06-08 09:25:03,345.8,3039308
2021-06-08 09:25:05,345.75,3040535
2021-06-08 09:25:06,345.8,3059417
2021-06-08 09:25:07,345.65,3061211
2021-06-08 09:25:08,345.65,3061983
2021-06-08 09:25:09,345.65,3064864
2021-06-08 09:25:09,345.5,3064862
2021-06-08 09:25:10,345.6,3065732
2021-06-08 09:25:11,345.65,3068871
2021-06-08 09:25:12,345.65,3070666
2021-06-08 09:25:13,345.7,3072025
2021-06-08 09:25:14,345.4,3085822
2021-06-08 09:25:15,345.5,3087849
2021-06-08 09:25:16,345.5,3091353
2021-06-08 09:25:18,345.4,3094919
2021-06-08 09:25:20,345.4,3098611
2021-06-08 09:25:21,345.35,3099003
2021-06-08 09:25:22,345.4,3104306
2021-06-08 09:25:23,345.3,3109099
2021-06-08 09:25:24,345.4,3113737
2021-06-08 09:25:25,345.45,3115375
2021-06-08 09:25:26,345.4,3116466
2021-06-08 09:25:26,345.3,3116436
2021-06-08 09:25:27,345.3,3119840
2021-06-08 09:25:28,345.3,3120420
2021-06-08 09:25:30,345.25,3122411
2021-06-08 09:25:32,345.3,3126888
2021-06-08 09:25:32,345.25,3127055
2021-06-08 09:25:33,345.3,3128558
2021-06-08 09:25:34,345.2,3130819
2021-06-08 09:25:35,345.3,3132317
2021-06-08 09:25:36,345.35,3132598
2021-06-08 09:25:38,345.25,3132770
2021-06-08 09:25:39,345.3,3135616
2021-06-08 09:25:40,345.1,3139340
2021-06-08 09:25:40,345.15,3139840
2021-06-08 09:25:41,345.3,3141079
2021-06-08 09:25:42,345.1,3143037
2021-06-08 09:25:43,345.1,3143834
2021-06-08 09:25:44,345.05,3145686
2021-06-08 09:25:46,345.2,3152247
2021-06-08 09:25:47,345.2,3153323
2021-06-08 09:25:48,345.15,3155637
2021-06-08 09:25:50,345.1,3163843
2021-06-08 09:25:50,345.2,3164143
2021-06-08 09:25:51,345.2,3171047
2021-06-08 09:25:52,345.05,3171737
2021-06-08 09:25:53,345.05,3173862
2021-06-08 09:25:54,345.1,3177123
2021-06-08 09:25:56,345.05,3182033
2021-06-08 09:25:57,345.05,3183662
2021-06-08 09:25:58,344.8,3287526
2021-06-08 09:26:00,344.75,3289141
2021-06-08 09:26:01,344.85,3296383
2021-06-08 09:26:01,344.85,3296764
2021-06-08 09:26:02,344.85,3298807
2021-06-08 09:26:05,344.75,3302510
2021-06-08 09:26:06,344.65,3308228
2021-06-08 09:26:07,344.6,3322958
2021-06-08 09:26:08,344.5,3327170
2021-06-08 09:26:09,344.65,3328074
2021-06-08 09:26:10,344.65,3329460
2021-06-08 09:26:11,344.7,3332278
2021-06-08 09:26:12,344.8,3341098
2021-06-08 09:26:12,344.75,3341202
2021-06-08 09:26:13,344.8,3342157
2021-06-08 09:26:14,344.8,3343661
2021-06-08 09:26:15,344.8,3344572
2021-06-08 09:26:16,344.85,3346315
2021-06-08 09:26:18,344.85,3348405
2021-06-08 09:26:19,344.85,3348637
2021-06-08 09:26:20,344.75,3348939
2021-06-08 09:26:21,344.6,3361273
2021-06-08 09:26:22,344.7,3365241
2021-06-08 09:26:23,344.7,3367128
2021-06-08 09:26:24,344.75,3371481
2021-06-08 09:26:25,344.75,3372354
2021-06-08 09:26:26,344.95,3378649
2021-06-08 09:26:27,344.95,3379238
2021-06-08 09:26:27,344.95,3379238
2021-06-08 09:26:28,344.9,3381963
2021-06-08 09:26:29,344.9,3382364
2021-06-08 09:26:30,344.9,3383994
2021-06-08 09:26:31,344.75,3384522
2021-06-08 09:26:32,344.9,3387299
2021-06-08 09:26:33,344.7,3464322
2021-06-08 09:26:34,344.5,3466638
2021-06-08 09:26:35,344.55,3466963
2021-06-08 09:26:37,344.55,3468808
2021-06-08 09:26:38,344.55,3471166
2021-06-08 09:26:39,344.55,3471792
2021-06-08 09:26:41,344.5,3478197
2021-06-08 09:26:42,344.65,3480587
2021-06-08 09:26:43,344.65,3483924
2021-06-08 09:26:44,344.5,3488711
2021-06-08 09:26:45,344.5,3490127
2021-06-08 09:26:46,344.4,3493556
2021-06-08 09:26:47,344.35,3503577
2021-06-08 09:26:48,344.25,3505727
2021-06-08 09:26:49,344.35,3510592
2021-06-08 09:26:50,344.2,3512753
2021-06-08 09:26:51,344.35,3514475
2021-06-08 09:26:52,344.3,3516704
2021-06-08 09:26:53,344.2,3520511
2021-06-08 09:26:54,344.35,3523548
2021-06-08 09:26:55,344.3,3527881
2021-06-08 09:26:56,344.2,3531890
2021-06-08 09:26:57,344.2,3533061
2021-06-08 09:26:58,344.1,3535219
2021-06-08 09:26:59,344.2,3539927
2021-06-08 09:27:00,344.1,3540687
2021-06-08 09:27:01,344.1,3544099
2021-06-08 09:27:02,344.1,3545925
2021-06-08 09:27:03,344.15,3547803
2021-06-08 09:27:03,344.15,3550839
2021-06-08 09:27:06,344.0,3583323
2021-06-08 09:27:08,344.2,3587906
2021-06-08 09:27:09,344.1,3589716
2021-06-08 09:27:10,344.1,3593666
2021-06-08 09:27:11,344.1,3594884
2021-06-08 09:27:12,344.1,3597568
2021-06-08 09:27:13,344.25,3608249
2021-06-08 09:27:14,344.05,3636513
2021-06-08 09:27:15,344.2,3640853
2021-06-08 09:27:16,344.05,3642398
2021-06-08 09:27:17,344.2,3642705
2021-06-08 09:27:18,344.1,3644740
2021-06-08 09:27:19,344.1,3646767
2021-06-08 09:27:20,344.2,3648570
2021-06-08 09:27:21,344.2,3649733
2021-06-08 09:27:22,344.1,3650225
2021-06-08 09:27:23,344.05,3650625
2021-06-08 09:27:24,344.15,3651271
2021-06-08 09:27:25,344.1,3652733
2021-06-08 09:27:26,344.2,3654104
2021-06-08 09:27:27,344.2,3657430
2021-06-08 09:27:28,344.15,3659464
2021-06-08 09:27:29,344.1,3665943
2021-06-08 09:27:30,344.15,3666036
2021-06-08 09:27:31,344.1,3678946
2021-06-08 09:27:32,344.2,3682046
2021-06-08 09:27:33,344.1,3683893
2021-06-08 09:27:33,344.15,3683926
2021-06-08 09:27:34,343.95,3780353
2021-06-08 09:27:35,343.9,3780805
2021-06-08 09:27:36,343.85,3785600
2021-06-08 09:27:37,343.5,3850136
2021-06-08 09:27:38,343.5,3854082
2021-06-08 09:27:39,343.35,3865338
2021-06-08 09:27:40,343.45,3869404
2021-06-08 09:27:43,343.5,3878967
2021-06-08 09:27:44,343.5,3879738
2021-06-08 09:27:45,343.5,3887854
2021-06-08 09:27:46,343.65,3891602
2021-06-08 09:27:47,343.5,3898895
2021-06-08 09:27:48,343.65,3902784
2021-06-08 09:27:49,343.5,3903506
2021-06-08 09:27:50,343.5,3910231
2021-06-08 09:27:51,343.5,3911286
2021-06-08 09:27:52,343.65,3914059
2021-06-08 09:27:53,343.5,3917997
2021-06-08 09:27:53,343.5,3918333
2021-06-08 09:27:54,343.5,3922751
2021-06-08 09:27:56,343.45,3939840
2021-06-08 09:27:57,343.35,3942195
2021-06-08 09:27:58,343.4,3946355
2021-06-08 09:27:59,343.35,3950231
2021-06-08 09:28:00,343.45,3959111
2021-06-08 09:28:01,343.4,3961899
2021-06-08 09:28:01,343.25,3960999
2021-06-08 09:28:02,343.35,3966984
2021-06-08 09:28:03,343.25,3978330
2021-06-08 09:28:04,343.35,3983096
2021-06-08 09:28:05,343.2,3985939
2021-06-08 09:28:07,343.25,3988597
2021-06-08 09:28:08,343.25,3992989
2021-06-08 09:28:09,343.4,3995428
2021-06-08 09:28:10,343.3,4000602
2021-06-08 09:28:11,343.25,4015946
2021-06-08 09:28:11,343.25,4018269
2021-06-08 09:28:12,343.25,4021347
2021-06-08 09:28:14,343.1,4030234
2021-06-08 09:28:16,343.0,4048180
2021-06-08 09:28:17,343.15,4052519
2021-06-08 09:28:18,343.05,4057484
2021-06-08 09:28:19,343.2,4067516
2021-06-08 09:28:20,343.3,4073386
2021-06-08 09:28:21,343.2,4076001
2021-06-08 09:28:22,343.0,4133505
2021-06-08 09:28:23,343.1,4134382
2021-06-08 09:28:24,343.1,4137327
2021-06-08 09:28:25,343.1,4140959
2021-06-08 09:28:26,343.25,4154669
2021-06-08 09:28:27,343.4,4162929
2021-06-08 09:28:28,343.4,4166807
2021-06-08 09:28:29,343.3,4171590
2021-06-08 09:28:30,343.3,4175748
2021-06-08 09:28:31,343.35,4180054
2021-06-08 09:28:32,343.25,4182945
2021-06-08 09:28:33,343.15,4190741
2021-06-08 09:28:34,343.15,4192359
2021-06-08 09:28:36,343.15,4196600
2021-06-08 09:28:37,343.0,4197813
2021-06-08 09:28:38,343.05,4199223
2021-06-08 09:28:39,343.1,4201620
2021-06-08 09:28:40,343.1,4203299
2021-06-08 09:28:41,343.05,4206160
2021-06-08 09:28:42,343.05,4211107
2021-06-08 09:28:43,343.0,4213127
2021-06-08 09:28:44,343.15,4215705
2021-06-08 09:28:45,343.05,4217632
2021-06-08 09:28:47,343.0,4250699
2021-06-08 09:28:48,343.05,4253131
2021-06-08 09:28:49,343.1,4257304
2021-06-08 09:28:50,343.05,4259161
2021-06-08 09:28:51,343.15,4265142
2021-06-08 09:28:52,343.0,4269494
2021-06-08 09:28:53,343.1,4271191
2021-06-08 09:28:54,343.05,4272340
2021-06-08 09:28:55,343.0,4276113
2021-06-08 09:28:56,343.1,4276901
2021-06-08 09:28:57,343.1,4277620
2021-06-08 09:28:58,343.1,4279196
2021-06-08 09:28:59,343.0,4286332
2021-06-08 09:29:00,343.1,4288390
2021-06-08 09:29:01,343.05,4293576
2021-06-08 09:29:02,343.05,4296168
2021-06-08 09:29:03,342.8,4344837
2021-06-08 09:29:03,342.75,4345062
2021-06-08 09:29:04,342.95,4352097
2021-06-08 09:29:06,342.9,4359799
2021-06-08 09:29:07,342.75,4362564
2021-06-08 09:29:08,342.7,4364940
2021-06-08 09:29:09,342.75,4370573
2021-06-08 09:29:10,342.7,4374874
2021-06-08 09:29:11,342.8,4377690
2021-06-08 09:29:12,342.65,4380337
2021-06-08 09:29:13,342.8,4383981
2021-06-08 09:29:14,342.8,4389309
2021-06-08 09:29:15,342.6,4391410
2021-06-08 09:29:16,342.65,4446459
2021-06-08 09:29:17,342.65,4448625
2021-06-08 09:29:18,343.15,4641186
2021-06-08 09:29:18,342.9,4640811
2021-06-08 09:29:20,342.85,4648033
2021-06-08 09:29:21,342.6,4694207
2021-06-08 09:29:22,342.55,4696475
2021-06-08 09:29:23,342.6,4701643
2021-06-08 09:29:24,342.8,4703245
2021-06-08 09:29:25,342.5,4726757
2021-06-08 09:29:26,342.55,4733599
2021-06-08 09:29:27,342.35,4734321
2021-06-08 09:29:28,342.5,4739895
2021-06-08 09:29:29,342.35,4741718
2021-06-08 09:29:31,342.35,4747423
2021-06-08 09:29:32,342.45,4748739
2021-06-08 09:29:34,342.5,4750726
2021-06-08 09:29:35,342.4,4751391
2021-06-08 09:29:36,342.35,4753486
2021-06-08 09:29:37,342.35,4754490
2021-06-08 09:29:38,342.4,4756698
2021-06-08 09:29:39,342.4,4768869
2021-06-08 09:29:40,342.6,4779992
2021-06-08 09:29:40,342.7,4781387
2021-06-08 09:29:42,342.65,4783849
2021-06-08 09:29:43,342.65,4786985
2021-06-08 09:29:44,342.55,4787911
2021-06-08 09:29:45,342.7,4789114
2021-06-08 09:29:46,342.7,4790248
2021-06-08 09:29:48,342.7,4794562
2021-06-08 09:29:49,342.85,4799835
2021-06-08 09:29:50,342.8,4800764
2021-06-08 09:29:51,342.7,4802734
2021-06-08 09:29:52,342.8,4804364
2021-06-08 09:29:53,342.85,4806548
2021-06-08 09:29:54,342.9,4810906
2021-06-08 09:29:55,342.85,4814836
2021-06-08 09:29:56,342.8,4820521
2021-06-08 09:29:56,342.8,4820754
2021-06-08 09:29:58,343.0,4822578
2021-06-08 09:29:59,342.85,4823918
2021-06-08 09:30:00,342.8,4827686
2021-06-08 09:30:01,342.85,4834354
2021-06-08 09:30:02,342.75,4842716
2021-06-08 09:30:03,342.75,4847649
2021-06-08 09:30:04,342.6,4848416
2021-06-08 09:30:05,342.75,4849509
2021-06-08 09:30:06,342.75,4850917
2021-06-08 09:30:08,342.65,4856228
2021-06-08 09:30:09,342.7,4856606
2021-06-08 09:30:10,342.6,4857887
2021-06-08 09:30:11,342.55,4861869
2021-06-08 09:30:12,342.55,4864241
2021-06-08 09:30:13,342.55,4865004
2021-06-08 09:30:14,342.6,4872389
2021-06-08 09:30:15,342.7,4873942
2021-06-08 09:30:16,342.55,4874538
2021-06-08 09:30:17,342.75,4875196
2021-06-08 09:30:18,342.7,4878398
2021-06-08 09:30:19,342.7,4879297
2021-06-08 09:30:19,342.65,4888117
2021-06-08 09:30:20,342.65,4890021
2021-06-08 09:30:22,342.7,4896425
2021-06-08 09:30:23,342.75,4901851
2021-06-08 09:30:24,342.55,4903449
2021-06-08 09:30:25,342.7,4906114
2021-06-08 09:30:26,342.55,4909030
2021-06-08 09:30:27,342.7,4911932
2021-06-08 09:30:28,342.75,4913012
2021-06-08 09:30:29,342.7,4913330
2021-06-08 09:30:30,342.65,4913786
2021-06-08 09:30:31,342.55,4923386
2021-06-08 09:30:32,342.55,4923708
2021-06-08 09:30:33,342.7,4926439
2021-06-08 09:30:34,342.55,4929761
2021-06-08 09:30:35,342.7,4948397
2021-06-08 09:30:36,342.7,4949341
2021-06-08 09:30:37,342.8,4950719
2021-06-08 09:30:39,342.7,4955638
2021-06-08 09:30:40,342.85,4956670
2021-06-08 09:30:41,342.75,4957102
2021-06-08 09:30:42,342.75,4957429
2021-06-08 09:30:43,342.8,4957550
2021-06-08 09:30:44,342.7,4959092
2021-06-08 09:30:45,342.7,4959934
2021-06-08 09:30:46,342.7,4962819
2021-06-08 09:30:47,342.9,4963225
2021-06-08 09:30:48,342.75,4968128
2021-06-08 09:30:50,342.9,4971103
2021-06-08 09:30:51,342.85,4976841
2021-06-08 09:30:52,342.85,4976851
2021-06-08 09:30:53,342.9,4978487
2021-06-08 09:30:54,342.95,4980576
2021-06-08 09:30:56,342.9,4983233
2021-06-08 09:30:57,342.95,4984369
2021-06-08 09:30:58,342.95,4984758
2021-06-08 09:30:59,342.9,4984955
2021-06-08 09:31:00,342.95,4985347
2021-06-08 09:31:01,342.8,4990265
2021-06-08 09:31:02,343.0,4992180
2021-06-08 09:31:03,343.0,4997952
2021-06-08 09:31:04,343.0,5000015
2021-06-08 09:31:06,342.95,5010768
2021-06-08 09:31:07,343.15,5032261
2021-06-08 09:31:08,343.2,5038655
2021-06-08 09:31:11,343.15,5052801
2021-06-08 09:31:12,343.2,5055117
2021-06-08 09:31:13,343.2,5057130
2021-06-08 09:31:14,343.2,5058545
2021-06-08 09:31:15,343.0,5075303
2021-06-08 09:31:16,343.1,5080268
2021-06-08 09:31:17,343.2,5085578
2021-06-08 09:31:18,343.0,5086902
2021-06-08 09:31:19,343.0,5087804
2021-06-08 09:31:20,342.95,5100642
2021-06-08 09:31:21,342.15,5230363
2021-06-08 09:31:22,342.25,5231357
2021-06-08 09:31:23,342.4,5236919
2021-06-08 09:31:24,342.3,5240879
2021-06-08 09:31:25,342.45,5243096
2021-06-08 09:31:26,342.25,5244797
2021-06-08 09:31:27,342.4,5249266
2021-06-08 09:31:28,342.45,5252552
2021-06-08 09:31:29,342.3,5255945
2021-06-08 09:31:30,342.3,5262760
2021-06-08 09:31:31,342.3,5262912
2021-06-08 09:31:32,342.25,5264576
2021-06-08 09:31:34,342.25,5266147
2021-06-08 09:31:33,342.3,5266127
2021-06-08 09:31:35,342.4,5267447
2021-06-08 09:31:36,342.4,5268713
2021-06-08 09:31:37,342.3,5269934
2021-06-08 09:31:38,342.4,5270660
2021-06-08 09:31:40,342.35,5277939
2021-06-08 09:31:42,342.3,5285376
2021-06-08 09:31:43,342.2,5295239
2021-06-08 09:31:44,342.2,5299810
2021-06-08 09:31:45,342.3,5304417
2021-06-08 09:31:46,342.3,5306938
2021-06-08 09:31:47,342.1,5312141
2021-06-08 09:31:48,342.1,5314878
2021-06-08 09:31:49,342.1,5315526
2021-06-08 09:31:50,342.05,5320191
2021-06-08 09:31:51,342.15,5321252
2021-06-08 09:31:52,342.1,5322328
2021-06-08 09:31:53,342.0,5339065
2021-06-08 09:31:54,342.1,5345138
2021-06-08 09:31:55,342.05,5353446
2021-06-08 09:31:56,342.05,5353951
2021-06-08 09:31:57,342.2,5356204
2021-06-08 09:31:58,342.15,5359276
2021-06-08 09:31:59,342.2,5360787
2021-06-08 09:32:00,342.1,5361453
2021-06-08 09:32:01,342.1,5364744
2021-06-08 09:32:02,342.1,5365581
2021-06-08 09:32:03,342.1,5366436
2021-06-08 09:32:04,342.2,5371272
2021-06-08 09:32:05,342.1,5372041
2021-06-08 09:32:06,342.1,5372355
2021-06-08 09:32:07,342.2,5373236
2021-06-08 09:32:08,342.2,5374962
2021-06-08 09:32:09,342.15,5382004
2021-06-08 09:32:10,342.15,5383243
2021-06-08 09:32:11,341.75,5478379
2021-06-08 09:32:12,341.75,5481018
2021-06-08 09:32:14,341.85,5482907
2021-06-08 09:32:15,342.1,5495951
2021-06-08 09:32:16,342.15,5519997
2021-06-08 09:32:17,342.15,5521070
2021-06-08 09:32:18,342.05,5524362
2021-06-08 09:32:19,342.4,5534262
2021-06-08 09:32:20,342.3,5535512
2021-06-08 09:32:21,342.35,5536889
2021-06-08 09:32:22,342.3,5537932
2021-06-08 09:32:23,342.5,5545143
2021-06-08 09:32:24,342.65,5548161
2021-06-08 09:32:25,342.5,5552081
2021-06-08 09:32:26,342.55,5553819
2021-06-08 09:32:27,342.7,5556109
2021-06-08 09:32:28,342.65,5556919
2021-06-08 09:32:29,342.65,5557817
2021-06-08 09:32:30,342.45,5560564
2021-06-08 09:32:31,342.4,5561845
2021-06-08 09:32:32,342.4,5562187
2021-06-08 09:32:33,342.4,5563439
2021-06-08 09:32:34,342.55,5565461
2021-06-08 09:32:35,342.65,5566452
2021-06-08 09:32:36,342.5,5570948
2021-06-08 09:32:37,342.55,5571525
2021-06-08 09:32:38,342.65,5574520
2021-06-08 09:32:40,342.55,5587226
2021-06-08 09:32:40,342.7,5587326
2021-06-08 09:32:41,342.55,5588042
2021-06-08 09:32:42,342.7,5588494
2021-06-08 09:32:43,342.7,5589372
2021-06-08 09:32:44,342.7,5591327
2021-06-08 09:32:45,342.75,5592731
2021-06-08 09:32:46,342.65,5598599
2021-06-08 09:32:47,342.65,5598973
2021-06-08 09:32:48,342.75,5600147
2021-06-08 09:32:49,342.65,5600397
2021-06-08 09:32:50,342.6,5601949
2021-06-08 09:32:51,342.65,5602486
2021-06-08 09:32:52,342.75,5603640
2021-06-08 09:32:53,342.65,5605316
2021-06-08 09:32:54,342.7,5605963
2021-06-08 09:32:55,342.7,5607744
2021-06-08 09:32:56,342.65,5607991
2021-06-08 09:32:57,342.75,5608543
2021-06-08 09:32:58,342.75,5609729
2021-06-08 09:32:59,342.75,5611341
2021-06-08 09:33:00,342.75,5612556
2021-06-08 09:33:01,342.8,5614178
2021-06-08 09:33:03,342.65,5615457
2021-06-08 09:33:03,342.75,5615588
2021-06-08 09:33:04,342.65,5616432
2021-06-08 09:33:05,342.7,5617637
2021-06-08 09:33:06,342.6,5624287
2021-06-08 09:33:07,342.6,5624812
2021-06-08 09:33:08,342.55,5625528
2021-06-08 09:33:10,342.6,5627834
2021-06-08 09:33:11,342.6,5629189
2021-06-08 09:33:12,342.55,5633610
2021-06-08 09:33:14,342.5,5634437
2021-06-08 09:33:14,342.5,5634402
2021-06-08 09:33:15,342.5,5636267
2021-06-08 09:33:16,342.5,5636643
2021-06-08 09:33:17,342.5,5643431
2021-06-08 09:33:18,342.55,5644144
2021-06-08 09:33:19,342.55,5644631
2021-06-08 09:33:20,342.6,5644871
2021-06-08 09:33:21,342.7,5645122
2021-06-08 09:33:22,342.7,5645532
2021-06-08 09:33:23,342.6,5646293
2021-06-08 09:33:24,342.8,5650367
2021-06-08 09:33:25,342.8,5650582
2021-06-08 09:33:26,342.8,5651683
2021-06-08 09:33:27,342.8,5655905
2021-06-08 09:33:28,342.9,5656115
2021-06-08 09:33:29,342.85,5656884
2021-06-08 09:33:31,342.75,5660162
2021-06-08 09:33:32,342.75,5661016
2021-06-08 09:33:32,342.85,5661116
2021-06-08 09:33:33,342.75,5664969
2021-06-08 09:33:34,342.9,5665470
2021-06-08 09:33:36,342.8,5670507
2021-06-08 09:33:37,342.8,5671280
2021-06-08 09:33:38,342.85,5672146
2021-06-08 09:33:39,342.9,5672978
2021-06-08 09:33:40,342.8,5673845
2021-06-08 09:33:41,342.8,5674424
2021-06-08 09:33:42,342.8,5675057
2021-06-08 09:33:43,342.85,5677399
2021-06-08 09:33:44,342.85,5679113
2021-06-08 09:33:45,342.85,5681250
2021-06-08 09:33:46,342.8,5681707
2021-06-08 09:33:47,342.85,5686474
2021-06-08 09:33:48,342.8,5688946
2021-06-08 09:33:49,342.7,5690900
2021-06-08 09:33:50,342.7,5692484
2021-06-08 09:33:51,342.8,5692724
2021-06-08 09:33:52,342.7,5693522
2021-06-08 09:33:53,342.8,5697284
2021-06-08 09:33:54,342.75,5698152
2021-06-08 09:33:56,342.9,5703922
2021-06-08 09:33:58,342.85,5704292
2021-06-08 09:33:59,342.9,5705022
2021-06-08 09:34:00,342.75,5712886
2021-06-08 09:34:01,342.85,5714687
2021-06-08 09:34:02,342.85,5716677
2021-06-08 09:34:03,342.9,5720951
2021-06-08 09:34:03,342.9,5724355
2021-06-08 09:34:04,342.85,5725914
2021-06-08 09:34:05,342.8,5726705
2021-06-08 09:34:07,342.8,5727972
2021-06-08 09:34:08,342.7,5729684
2021-06-08 09:34:09,342.85,5731718
2021-06-08 09:34:10,342.7,5732471
2021-06-08 09:34:11,342.85,5733306
2021-06-08 09:34:12,342.8,5734982
2021-06-08 09:34:13,342.8,5735115
2021-06-08 09:34:14,342.7,5735767
2021-06-08 09:34:15,342.8,5739974
2021-06-08 09:34:16,342.75,5742902
2021-06-08 09:34:17,342.8,5744418
2021-06-08 09:34:18,342.75,5744885
2021-06-08 09:34:19,342.7,5746589
2021-06-08 09:34:20,342.7,5747332
2021-06-08 09:34:22,342.8,5747942
2021-06-08 09:34:23,342.7,5748016
2021-06-08 09:34:24,342.8,5748468
2021-06-08 09:34:25,342.8,5748819
2021-06-08 09:34:26,342.7,5749799
2021-06-08 09:34:27,342.6,5750437
2021-06-08 09:34:28,342.6,5750831
2021-06-08 09:34:29,342.7,5750962
2021-06-08 09:34:31,342.7,5751851
2021-06-08 09:34:32,342.8,5752452
2021-06-08 09:34:32,342.7,5754277
2021-06-08 09:34:33,342.7,5755278
2021-06-08 09:34:34,342.7,5755539
2021-06-08 09:34:35,342.75,5756104
2021-06-08 09:34:36,342.8,5756109
2021-06-08 09:34:37,342.8,5757283
2021-06-08 09:34:38,342.9,5759887
2021-06-08 09:34:39,342.8,5760135
2021-06-08 09:34:41,342.9,5760896
2021-06-08 09:34:42,342.95,5769259
2021-06-08 09:34:43,343.0,5797941
2021-06-08 09:34:44,343.05,5800481
2021-06-08 09:34:44,343.05,5800481
2021-06-08 09:34:45,343.2,5812260
2021-06-08 09:34:46,343.1,5815559
2021-06-08 09:34:47,343.1,5816021
2021-06-08 09:34:48,343.3,5816956
2021-06-08 09:34:49,343.25,5819236
2021-06-08 09:34:50,343.35,5819653
2021-06-08 09:34:52,343.4,5821975
2021-06-08 09:34:52,343.25,5822788
2021-06-08 09:34:53,343.4,5823528
2021-06-08 09:34:55,343.35,5829765
2021-06-08 09:34:56,343.4,5831419
2021-06-08 09:34:57,343.4,5831965
2021-06-08 09:34:57,343.4,5832425
2021-06-08 09:34:59,343.5,5844719
2021-06-08 09:35:00,343.35,5845176
2021-06-08 09:35:01,343.4,5861464
2021-06-08 09:35:02,343.4,5875710
2021-06-08 09:35:03,343.4,5882367
2021-06-08 09:35:04,343.3,5883711
2021-06-08 09:35:05,343.45,5885284
2021-06-08 09:35:06,343.35,5886353
2021-06-08 09:35:07,343.45,5887071
2021-06-08 09:35:07,343.35,5888479
2021-06-08 09:35:08,343.45,5889334
2021-06-08 09:35:09,343.4,5891044
2021-06-08 09:35:11,343.45,5910975
2021-06-08 09:35:11,343.5,5923569
2021-06-08 09:35:12,343.55,5925249
2021-06-08 09:35:13,343.45,5931990
2021-06-08 09:35:14,343.2,5938806
2021-06-08 09:35:15,343.3,5939538
2021-06-08 09:35:16,343.3,5940196
2021-06-08 09:35:17,343.15,5940752
2021-06-08 09:35:18,343.35,5941078
2021-06-08 09:35:20,343.15,5942215
2021-06-08 09:35:21,343.35,5943827
2021-06-08 09:35:21,343.35,5943776
2021-06-08 09:35:22,343.3,5946074
2021-06-08 09:35:23,343.3,5946395
2021-06-08 09:35:24,343.2,5947610
2021-06-08 09:35:25,343.2,5948059
2021-06-08 09:35:26,343.3,5950908
2021-06-08 09:35:28,343.2,5952001
2021-06-08 09:35:29,343.15,5952596
2021-06-08 09:35:30,343.3,5956564
2021-06-08 09:35:30,343.3,5956274
2021-06-08 09:35:31,343.25,5958214
2021-06-08 09:35:32,343.25,5959800
2021-06-08 09:35:33,343.35,5960331
2021-06-08 09:35:34,343.35,5965269
2021-06-08 09:35:36,343.3,5967753
2021-06-08 09:35:37,343.4,5968422
2021-06-08 09:35:38,343.35,5969738
2021-06-08 09:35:39,343.45,5970135
2021-06-08 09:35:39,343.45,5970465
2021-06-08 09:35:40,343.35,5971050
2021-06-08 09:35:42,343.5,5972456
2021-06-08 09:35:43,343.35,5973594
2021-06-08 09:35:44,343.35,5975114
2021-06-08 09:35:44,343.3,5976217
2021-06-08 09:35:46,343.35,5976355
2021-06-08 09:35:47,343.35,5977696
2021-06-08 09:35:48,343.35,5978634
2021-06-08 09:35:49,343.3,5982379
2021-06-08 09:35:50,343.35,5985839
2021-06-08 09:35:50,343.5,5986329
2021-06-08 09:35:52,343.3,5990286
2021-06-08 09:35:53,343.35,5993535
2021-06-08 09:35:54,343.5,5997318
2021-06-08 09:35:54,343.35,5999428
2021-06-08 09:35:55,343.45,6000639
2021-06-08 09:35:56,343.35,6000853
2021-06-08 09:35:57,343.45,6006499
2021-06-08 09:35:58,343.45,6009176
2021-06-08 09:35:59,343.45,6011071
2021-06-08 09:36:00,343.4,6011356
2021-06-08 09:36:01,343.45,6012214
2021-06-08 09:36:02,343.45,6015988
2021-06-08 09:36:04,343.45,6016978
2021-06-08 09:36:05,343.45,6017285
2021-06-08 09:36:05,343.45,6017485
2021-06-08 09:36:06,343.45,6017696
2021-06-08 09:36:07,343.5,6017932
2021-06-08 09:36:08,343.45,6022264
2021-06-08 09:36:09,343.5,6023700
2021-06-08 09:36:11,343.5,6025090
2021-06-08 09:36:12,343.45,6026222
2021-06-08 09:36:13,343.5,6026815
2021-06-08 09:36:14,343.45,6027513
2021-06-08 09:36:15,343.4,6029261
2021-06-08 09:36:16,343.4,6031148
2021-06-08 09:36:17,343.4,6031803
2021-06-08 09:36:18,343.5,6032401
2021-06-08 09:36:18,343.5,6032607
2021-06-08 09:36:19,343.45,6033568
2021-06-08 09:36:20,343.45,6034221
2021-06-08 09:36:21,343.5,6035047
2021-06-08 09:36:22,343.5,6035955
2021-06-08 09:36:23,343.45,6036442
2021-06-08 09:36:24,343.45,6036786
2021-06-08 09:36:26,343.45,6037193
2021-06-08 09:36:27,343.4,6040149
2021-06-08 09:36:28,343.45,6041135
2021-06-08 09:36:28,343.45,6050549
2021-06-08 09:36:29,343.35,6055090
2021-06-08 09:36:30,343.3,6056097
2021-06-08 09:36:31,343.45,6058476
2021-06-08 09:36:32,343.45,6059352
2021-06-08 09:36:33,343.4,6059701
2021-06-08 09:36:35,343.45,6060744
2021-06-08 09:36:36,343.4,6061307
2021-06-08 09:36:37,343.35,6063074
2021-06-08 09:36:38,343.3,6067888
2021-06-08 09:36:39,343.4,6070746
2021-06-08 09:36:39,343.4,6070721
2021-06-08 09:36:40,343.35,6072233
2021-06-08 09:36:41,343.4,6073910
2021-06-08 09:36:42,343.35,6075195
2021-06-08 09:36:43,343.3,6079002
2021-06-08 09:36:45,343.2,6080911
2021-06-08 09:36:46,343.1,6082017
2021-06-08 09:36:47,343.3,6083275
2021-06-08 09:36:48,343.25,6083633
2021-06-08 09:36:49,343.3,6084820
2021-06-08 09:36:50,343.2,6093487
2021-06-08 09:36:52,343.15,6119085
2021-06-08 09:36:53,342.9,6132266
2021-06-08 09:36:53,342.8,6131766
2021-06-08 09:36:54,342.7,6134212
2021-06-08 09:36:56,342.7,6141681
2021-06-08 09:36:57,342.6,6142927
2021-06-08 09:36:58,342.6,6146427
2021-06-08 09:36:59,342.6,6149208
2021-06-08 09:36:59,342.6,6149208
2021-06-08 09:37:00,342.55,6152089
2021-06-08 09:37:02,342.6,6153284
2021-06-08 09:37:03,342.75,6153932
2021-06-08 09:37:04,342.6,6155091
2021-06-08 09:37:05,342.55,6157323
2021-06-08 09:37:06,342.65,6162920
2021-06-08 09:37:06,342.65,6162720
2021-06-08 09:37:07,342.8,6166608
2021-06-08 09:37:08,342.7,6167777
2021-06-08 09:37:10,342.5,6179228
2021-06-08 09:37:11,342.45,6180850
2021-06-08 09:37:12,342.5,6185909
2021-06-08 09:37:13,342.45,6188606
2021-06-08 09:37:14,342.45,6189189
2021-06-08 09:37:14,342.45,6189154
2021-06-08 09:37:15,342.35,6189872
2021-06-08 09:37:16,342.35,6192993
2021-06-08 09:37:17,342.5,6195238
2021-06-08 09:37:18,342.45,6196129
2021-06-08 09:37:20,342.45,6198373
2021-06-08 09:37:20,342.45,6198913
2021-06-08 09:37:22,342.45,6200790
2021-06-08 09:37:23,342.45,6204363
2021-06-08 09:37:24,342.45,6205639
2021-06-08 09:37:25,342.55,6237579
2021-06-08 09:37:27,342.45,6243210
2021-06-08 09:37:28,342.45,6244201
2021-06-08 09:37:29,342.5,6246397
2021-06-08 09:37:30,342.5,6247272
2021-06-08 09:37:32,342.8,6253446
2021-06-08 09:37:33,342.65,6253779
2021-06-08 09:37:34,342.75,6255829
2021-06-08 09:37:34,342.6,6255879
2021-06-08 09:37:35,342.8,6256512
2021-06-08 09:37:37,342.6,6256783
2021-06-08 09:37:38,342.7,6257552
2021-06-08 09:37:39,342.7,6258003
2021-06-08 09:37:39,342.7,6258043
2021-06-08 09:37:41,342.55,6278966
2021-06-08 09:37:42,342.5,6280442
2021-06-08 09:37:44,342.5,6289020
2021-06-08 09:37:45,342.45,6292246
2021-06-08 09:37:46,342.45,6294338
2021-06-08 09:37:47,342.5,6294942
2021-06-08 09:37:48,342.45,6295901
2021-06-08 09:37:48,342.45,6296128
2021-06-08 09:37:49,342.45,6296168
2021-06-08 09:37:50,342.4,6297281
2021-06-08 09:37:51,342.35,6300791
2021-06-08 09:37:54,342.35,6304184
2021-06-08 09:37:55,342.5,6308026
2021-06-08 09:37:56,342.45,6311742
2021-06-08 09:37:56,342.45,6311902
2021-06-08 09:37:57,342.4,6313207
2021-06-08 09:37:59,342.4,6314462
2021-06-08 09:38:00,342.4,6318315
2021-06-08 09:38:01,342.4,6319819
2021-06-08 09:38:02,342.35,6320959
2021-06-08 09:38:02,342.45,6321204
2021-06-08 09:38:03,342.35,6323146
2021-06-08 09:38:05,342.4,6329704
2021-06-08 09:38:06,342.35,6336712
2021-06-08 09:38:07,342.4,6339168
2021-06-08 09:38:08,342.4,6340014
2021-06-08 09:38:08,342.35,6340026
2021-06-08 09:38:09,342.3,6341497
2021-06-08 09:38:10,342.4,6342297
2021-06-08 09:38:12,342.3,6343004
2021-06-08 09:38:13,342.3,6343532
2021-06-08 09:38:14,342.25,6349455
2021-06-08 09:38:15,342.25,6350702
2021-06-08 09:38:16,342.35,6354099
2021-06-08 09:38:17,342.15,6354617
2021-06-08 09:38:17,342.15,6355129
2021-06-08 09:38:18,342.3,6356840
2021-06-08 09:38:20,342.2,6358687
2021-06-08 09:38:20,342.2,6363368
2021-06-08 09:38:23,342.3,6370929
2021-06-08 09:38:24,342.0,6384491
2021-06-08 09:38:24,342.1,6372785
2021-06-08 09:38:25,342.0,6388852
2021-06-08 09:38:27,342.0,6393216
2021-06-08 09:38:28,342.05,6395140
2021-06-08 09:38:29,342.0,6399938
2021-06-08 09:38:29,342.0,6397046
2021-06-08 09:38:30,342.05,6430153
2021-06-08 09:38:32,341.8,6450318
2021-06-08 09:38:33,341.7,6457530
2021-06-08 09:38:34,341.8,6461037
2021-06-08 09:38:35,341.8,6466835
2021-06-08 09:38:36,341.8,6475853
2021-06-08 09:38:37,341.6,6477140
2021-06-08 09:38:38,341.6,6477886
2021-06-08 09:38:39,341.6,6481443
2021-06-08 09:38:39,341.8,6481272
2021-06-08 09:38:40,341.65,6489560
2021-06-08 09:38:42,341.65,6494667
2021-06-08 09:38:43,341.65,6498271
2021-06-08 09:38:44,341.7,6501252
2021-06-08 09:38:44,341.8,6505302
2021-06-08 09:38:45,341.6,6509214
2021-06-08 09:38:47,341.8,6511200
2021-06-08 09:38:48,341.7,6514638
2021-06-08 09:38:49,341.9,6518513
2021-06-08 09:38:50,341.8,6519543
2021-06-08 09:38:51,341.65,6525766
2021-06-08 09:38:51,341.7,6525800
2021-06-08 09:38:52,341.65,6529486
2021-06-08 09:38:54,341.8,6532696
2021-06-08 09:38:55,341.65,6536027
2021-06-08 09:38:56,341.7,6540920
2021-06-08 09:38:57,341.7,6543927
2021-06-08 09:38:58,341.65,6545501
2021-06-08 09:38:59,341.65,6547426
2021-06-08 09:39:01,341.7,6548453
2021-06-08 09:39:02,341.8,6552764
2021-06-08 09:39:03,341.75,6554824
2021-06-08 09:39:04,341.8,6555848
2021-06-08 09:39:05,341.7,6556699
2021-06-08 09:39:05,341.85,6556899
2021-06-08 09:39:07,341.85,6559571
2021-06-08 09:39:08,341.85,6559992
2021-06-08 09:39:09,341.85,6560161
2021-06-08 09:39:10,341.8,6563634
2021-06-08 09:39:11,341.65,6566225
2021-06-08 09:39:12,341.8,6566660
2021-06-08 09:39:13,341.75,6567612
2021-06-08 09:39:14,341.7,6568609
2021-06-08 09:39:14,341.75,6568859
2021-06-08 09:39:16,341.7,6570479
2021-06-08 09:39:17,341.95,6574356
2021-06-08 09:39:18,341.95,6575806
2021-06-08 09:39:19,341.8,6576863
2021-06-08 09:39:20,341.95,6577486
2021-06-08 09:39:20,341.95,6577486
2021-06-08 09:39:21,341.95,6578807
2021-06-08 09:39:23,341.95,6579422
2021-06-08 09:39:24,341.95,6579655
2021-06-08 09:39:25,341.9,6581106
2021-06-08 09:39:26,341.95,6581477
2021-06-08 09:39:27,341.95,6584487
2021-06-08 09:39:27,341.95,6583637
2021-06-08 09:39:29,341.95,6587729
2021-06-08 09:39:30,341.9,6588415
2021-06-08 09:39:31,342.0,6593560
2021-06-08 09:39:32,341.95,6593997
2021-06-08 09:39:33,342.0,6596587
2021-06-08 09:39:33,341.95,6596482
2021-06-08 09:39:35,341.95,6596955
2021-06-08 09:39:36,342.15,6609051
2021-06-08 09:39:37,342.3,6617774
2021-06-08 09:39:38,342.3,6619502
2021-06-08 09:39:39,342.2,6621320
2021-06-08 09:39:39,342.15,6621330
2021-06-08 09:39:40,342.2,6622332
2021-06-08 09:39:41,342.0,6623605
2021-06-08 09:39:43,342.0,6625439
2021-06-08 09:39:44,342.1,6625723
2021-06-08 09:39:45,342.1,6628600
2021-06-08 09:39:46,342.0,6629258
2021-06-08 09:39:47,342.0,6631227
2021-06-08 09:39:47,342.15,6631229
2021-06-08 09:39:49,342.15,6633919
2021-06-08 09:39:50,342.15,6634562
2021-06-08 09:39:51,342.1,6635063
2021-06-08 09:39:52,342.0,6635340
2021-06-08 09:39:52,342.0,6635340
2021-06-08 09:39:54,342.0,6639030
2021-06-08 09:39:55,342.0,6639429
2021-06-08 09:39:56,342.0,6641017
2021-06-08 09:39:57,342.0,6641152
2021-06-08 09:39:58,342.05,6647662
2021-06-08 09:39:58,342.05,6646596
2021-06-08 09:40:00,342.1,6648641
2021-06-08 09:40:01,342.0,6648903
2021-06-08 09:40:02,342.0,6653184
2021-06-08 09:40:03,342.0,6654444
2021-06-08 09:40:03,342.0,6654819
2021-06-08 09:40:04,341.95,6655797
2021-06-08 09:40:05,341.95,6656611
2021-06-08 09:40:07,342.0,6657459
2021-06-08 09:40:08,341.9,6662414
2021-06-08 09:40:09,341.8,6666186
2021-06-08 09:40:10,341.9,6666751
2021-06-08 09:40:11,341.9,6666943
2021-06-08 09:40:12,341.9,6667251
2021-06-08 09:40:12,341.8,6667753
2021-06-08 09:40:14,341.75,6668877
2021-06-08 09:40:15,341.85,6669189
2021-06-08 09:40:16,341.75,6671306
2021-06-08 09:40:17,341.8,6671439
2021-06-08 09:40:18,341.8,6680204
2021-06-08 09:40:19,341.85,6681084
2021-06-08 09:40:20,341.85,6682057
2021-06-08 09:40:20,341.85,6682059
2021-06-08 09:40:22,341.7,6687208
2021-06-08 09:40:23,341.75,6688012
2021-06-08 09:40:24,341.7,6688682
2021-06-08 09:40:25,341.7,6688799
2021-06-08 09:40:26,341.75,6689249
2021-06-08 09:40:27,341.8,6689926
2021-06-08 09:40:27,341.7,6689951
2021-06-08 09:40:29,341.7,6691130
2021-06-08 09:40:30,341.75,6692005
2021-06-08 09:40:31,341.7,6693675
2021-06-08 09:40:32,341.75,6695481
2021-06-08 09:40:33,341.7,6696520
2021-06-08 09:40:33,341.7,6696545
2021-06-08 09:40:35,341.75,6704443
2021-06-08 09:40:36,341.7,6704668
2021-06-08 09:40:37,341.75,6706279
2021-06-08 09:40:38,341.65,6710738
2021-06-08 09:40:39,341.8,6711554
2021-06-08 09:40:39,341.7,6711574
2021-06-08 09:40:41,341.8,6713129
2021-06-08 09:40:42,341.75,6714741
2021-06-08 09:40:43,341.8,6715086
2021-06-08 09:40:44,341.7,6717161
2021-06-08 09:40:45,341.65,6720332
2021-06-08 09:40:46,341.8,6721098
2021-06-08 09:40:47,341.75,6723038
2021-06-08 09:40:48,341.7,6724865
2021-06-08 09:40:48,341.7,6724865
2021-06-08 09:40:50,341.75,6729002
2021-06-08 09:40:51,341.7,6730148
2021-06-08 09:40:52,341.75,6731246
2021-06-08 09:40:53,341.75,6732241
2021-06-08 09:40:53,341.75,6732341
2021-06-08 09:40:54,341.7,6733152
2021-06-08 09:40:56,341.7,6734366
2021-06-08 09:40:57,341.7,6740086
2021-06-08 09:40:58,341.7,6740244
2021-06-08 09:40:59,341.65,6741682
2021-06-08 09:41:00,341.8,6742672
2021-06-08 09:41:01,341.8,6742722
2021-06-08 09:41:02,341.7,6746159
2021-06-08 09:41:02,341.65,6746229
2021-06-08 09:41:04,341.65,6746559
2021-06-08 09:41:06,341.65,6747176
2021-06-08 09:41:07,341.7,6748898
2021-06-08 09:41:07,341.75,6748918
2021-06-08 09:41:09,341.75,6750813
2021-06-08 09:41:10,341.65,6752980
2021-06-08 09:41:11,341.7,6753405
2021-06-08 09:41:11,341.7,6753405
2021-06-08 09:41:13,341.7,6754644
2021-06-08 09:41:14,341.65,6756451
2021-06-08 09:41:15,341.7,6757856
2021-06-08 09:41:16,341.7,6758156
2021-06-08 09:41:17,341.7,6760225
2021-06-08 09:41:18,341.7,6763614
2021-06-08 09:41:19,341.7,6764750
2021-06-08 09:41:20,341.75,6765051
2021-06-08 09:41:21,341.65,6765537
2021-06-08 09:41:22,341.7,6765955
2021-06-08 09:41:23,341.65,6766918
2021-06-08 09:41:24,341.75,6767603
2021-06-08 09:41:25,341.7,6768870
2021-06-08 09:41:26,341.65,6770288
2021-06-08 09:41:27,341.7,6770582
2021-06-08 09:41:28,341.7,6771102
2021-06-08 09:41:29,341.75,6772484
2021-06-08 09:41:30,341.75,6773384
2021-06-08 09:41:31,341.65,6773619
2021-06-08 09:41:32,341.75,6773844
2021-06-08 09:41:33,341.75,6774145
2021-06-08 09:41:34,341.75,6775569
2021-06-08 09:41:35,341.65,6775797
2021-06-08 09:41:36,341.65,6777788
2021-06-08 09:41:37,341.7,6778311
2021-06-08 09:41:38,341.65,6779396
2021-06-08 09:41:39,341.65,6780287
2021-06-08 09:41:41,341.75,6782019
2021-06-08 09:41:42,341.75,6782539
2021-06-08 09:41:43,341.7,6783314
2021-06-08 09:41:44,341.75,6783754
2021-06-08 09:41:46,341.7,6785922
2021-06-08 09:41:47,341.65,6786228
2021-06-08 09:41:48,341.75,6787939
2021-06-08 09:41:49,341.75,6788139
2021-06-08 09:41:50,341.7,6790111
2021-06-08 09:41:51,341.75,6790837
2021-06-08 09:41:52,341.75,6791677
2021-06-08 09:41:53,341.75,6792421
2021-06-08 09:41:54,341.75,6792518
2021-06-08 09:41:55,341.8,6792607
2021-06-08 09:41:56,341.75,6793019
2021-06-08 09:41:57,341.8,6793631
2021-06-08 09:41:58,341.8,6794934
2021-06-08 09:41:59,341.7,6795488
2021-06-08 09:42:01,341.65,6802305
2021-06-08 09:42:02,341.6,6804555
2021-06-08 09:42:03,341.6,6806104
2021-06-08 09:42:04,341.6,6807544
2021-06-08 09:42:05,341.6,6809338
2021-06-08 09:42:06,341.6,6809584
2021-06-08 09:42:07,341.7,6810851
2021-06-08 09:42:08,341.65,6812521
2021-06-08 09:42:09,341.65,6813704
2021-06-08 09:42:10,341.75,6815094
2021-06-08 09:42:11,341.65,6815699
2021-06-08 09:42:12,341.6,6817230
2021-06-08 09:42:13,341.6,6821848
2021-06-08 09:42:14,341.6,6822199
2021-06-08 09:42:15,341.65,6824039
2021-06-08 09:42:16,341.6,6826634
2021-06-08 09:42:17,341.7,6827590
2021-06-08 09:42:18,341.8,6829269
2021-06-08 09:42:19,341.7,6830613
2021-06-08 09:42:20,341.7,6830921
2021-06-08 09:42:22,341.7,6831821
2021-06-08 09:42:21,341.7,6831821
2021-06-08 09:42:23,341.85,6840039
2021-06-08 09:42:24,341.85,6840857
2021-06-08 09:42:25,341.85,6841270
2021-06-08 09:42:26,341.85,6841758
2021-06-08 09:42:27,341.9,6860311
2021-06-08 09:42:28,341.75,6862673
2021-06-08 09:42:29,341.8,6863264
2021-06-08 09:42:30,341.85,6863517
2021-06-08 09:42:31,341.85,6863567
2021-06-08 09:42:32,341.9,6865843
2021-06-08 09:42:33,341.9,6866219
2021-06-08 09:42:34,341.9,6866675
2021-06-08 09:42:35,341.8,6866955
2021-06-08 09:42:36,341.9,6867800
2021-06-08 09:42:37,341.8,6867837
2021-06-08 09:42:38,341.9,6872432
2021-06-08 09:42:39,341.8,6874485
2021-06-08 09:42:41,341.9,6874994
2021-06-08 09:42:40,341.8,6874984
2021-06-08 09:42:42,341.8,6876005
2021-06-08 09:42:43,341.8,6876005
2021-06-08 09:42:44,341.75,6880075
2021-06-08 09:42:45,341.8,6881600
2021-06-08 09:42:46,341.85,6882700
2021-06-08 09:42:47,341.8,6882768
2021-06-08 09:42:48,341.8,6883474
2021-06-08 09:42:49,341.85,6883592
2021-06-08 09:42:50,341.85,6884127
2021-06-08 09:42:51,341.85,6884676
2021-06-08 09:42:53,341.85,6885798
2021-06-08 09:42:52,341.85,6885798
2021-06-08 09:42:54,341.9,6887109
2021-06-08 09:42:55,341.8,6888371
2021-06-08 09:42:56,341.8,6888905
2021-06-08 09:42:57,341.9,6889424
2021-06-08 09:42:58,341.8,6890957
2021-06-08 09:42:59,341.9,6891002
2021-06-08 09:43:00,341.8,6891789
2021-06-08 09:43:01,341.9,6894475
2021-06-08 09:43:02,341.85,6894628
2021-06-08 09:43:03,341.9,6894944
2021-06-08 09:43:04,341.8,6896041
2021-06-08 09:43:05,341.8,6896053
2021-06-08 09:43:06,341.85,6897393
2021-06-08 09:43:07,341.8,6898361
2021-06-08 09:43:08,341.8,6899485
2021-06-08 09:43:09,341.8,6900731
2021-06-08 09:43:10,341.8,6901457
2021-06-08 09:43:11,341.8,6902645
2021-06-08 09:43:12,341.75,6904139
2021-06-08 09:43:13,341.75,6904863
2021-06-08 09:43:14,341.55,6985196
2021-06-08 09:43:15,341.55,6987865
2021-06-08 09:43:16,341.55,6988551
2021-06-08 09:43:17,341.55,6989419
2021-06-08 09:43:18,341.55,6993228
2021-06-08 09:43:19,341.5,6993771
2021-06-08 09:43:20,341.4,6994350
2021-06-08 09:43:21,341.4,6994799
2021-06-08 09:43:22,341.4,7003392
2021-06-08 09:43:23,341.5,7004201
2021-06-08 09:43:24,341.55,7007183
2021-06-08 09:43:25,341.55,7008806
2021-06-08 09:43:27,341.45,7009498
2021-06-08 09:43:28,341.45,7010107
2021-06-08 09:43:29,341.5,7011029
2021-06-08 09:43:31,341.5,7013152
2021-06-08 09:43:32,341.5,7014022
2021-06-08 09:43:32,341.55,7019170
2021-06-08 09:43:33,341.55,7021268
2021-06-08 09:43:34,341.6,7023702
2021-06-08 09:43:35,341.75,7033853
2021-06-08 09:43:36,341.8,7034462
2021-06-08 09:43:37,341.85,7035624
2021-06-08 09:43:38,341.7,7036596
2021-06-08 09:43:39,341.85,7038761
2021-06-08 09:43:40,341.85,7040163
2021-06-08 09:43:42,341.9,7041118
2021-06-08 09:43:43,341.7,7041984
2021-06-08 09:43:44,341.7,7042073
2021-06-08 09:43:45,341.7,7042424
2021-06-08 09:43:46,341.7,7043472
2021-06-08 09:43:47,341.7,7043889
2021-06-08 09:43:47,341.7,7043889
2021-06-08 09:43:48,341.65,7045957
2021-06-08 09:43:49,341.65,7046058
2021-06-08 09:43:50,341.65,7046426
2021-06-08 09:43:51,341.75,7046734
2021-06-08 09:43:52,341.75,7047123
2021-06-08 09:43:53,341.7,7047873
2021-06-08 09:43:54,341.75,7047906
2021-06-08 09:43:55,341.85,7048364
2021-06-08 09:43:56,341.75,7048435
2021-06-08 09:43:57,341.9,7049470
2021-06-08 09:43:58,341.85,7050294
2021-06-08 09:43:59,341.85,7050669
2021-06-08 09:44:00,341.85,7052369
2021-06-08 09:44:01,341.9,7052669
2021-06-08 09:44:02,341.85,7053489
2021-06-08 09:44:03,341.9,7053550
2021-06-08 09:44:04,341.9,7054781
2021-06-08 09:44:05,341.9,7054810
2021-06-08 09:44:06,341.9,7055284
2021-06-08 09:44:07,341.85,7055316
2021-06-08 09:44:08,341.9,7055996
2021-06-08 09:44:09,341.85,7056674
2021-06-08 09:44:10,341.85,7057533
2021-06-08 09:44:11,341.8,7057735
2021-06-08 09:44:12,341.95,7063112
2021-06-08 09:44:13,342.0,7070830
2021-06-08 09:44:14,341.9,7074764
2021-06-08 09:44:15,341.9,7075028
2021-06-08 09:44:16,342.0,7075442
2021-06-08 09:44:18,342.0,7106080
2021-06-08 09:44:19,341.9,7106700
2021-06-08 09:44:20,341.8,7110459
2021-06-08 09:44:21,341.9,7110999
2021-06-08 09:44:22,342.0,7113130
2021-06-08 09:44:22,342.0,7113736
2021-06-08 09:44:23,341.8,7116472
2021-06-08 09:44:24,341.9,7117622
2021-06-08 09:44:25,341.85,7120913
2021-06-08 09:44:26,341.95,7121823
2021-06-08 09:44:28,341.95,7122074
2021-06-08 09:44:29,341.95,7122399
2021-06-08 09:44:30,341.85,7125273
2021-06-08 09:44:30,341.85,7125273
2021-06-08 09:44:31,341.95,7125440
2021-06-08 09:44:32,341.95,7126143
2021-06-08 09:44:33,341.9,7126215
2021-06-08 09:44:36,341.85,7132777
2021-06-08 09:44:37,341.8,7132909
2021-06-08 09:44:37,341.7,7132859
2021-06-08 09:44:38,341.6,7135696
2021-06-08 09:44:39,341.75,7136272
2021-06-08 09:44:40,341.65,7136820
2021-06-08 09:44:41,341.8,7137320
2021-06-08 09:44:42,341.65,7138176
2021-06-08 09:44:44,341.6,7139701
2021-06-08 09:44:45,341.65,7139765
2021-06-08 09:44:45,341.65,7139755
2021-06-08 09:44:48,341.7,7143805
2021-06-08 09:44:48,341.7,7143805
2021-06-08 09:44:49,341.65,7143815
2021-06-08 09:44:50,341.6,7144151
2021-06-08 09:44:51,341.65,7145026
2021-06-08 09:44:52,341.7,7145253
2021-06-08 09:44:53,341.6,7147662
2021-06-08 09:44:54,341.6,7148065
2021-06-08 09:44:55,341.6,7148459
2021-06-08 09:44:56,341.7,7149010
2021-06-08 09:44:57,341.6,7149591
2021-06-08 09:44:58,341.7,7150080
2021-06-08 09:44:59,341.55,7152048
2021-06-08 09:45:00,341.5,7153564
2021-06-08 09:45:01,341.25,7181477
2021-06-08 09:45:02,341.25,7184523
2021-06-08 09:45:03,341.35,7185815
2021-06-08 09:45:04,341.2,7187520
2021-06-08 09:45:05,341.2,7195970
2021-06-08 09:45:07,341.2,7207703
2021-06-08 09:45:09,341.15,7213016
2021-06-08 09:45:09,341.1,7214670
2021-06-08 09:45:10,341.15,7229765
2021-06-08 09:45:11,341.0,7252223
2021-06-08 09:45:12,341.05,7258569
2021-06-08 09:45:14,341.15,7286446
2021-06-08 09:45:15,341.15,7287989
2021-06-08 09:45:15,341.05,7287927
2021-06-08 09:45:16,341.1,7291481
2021-06-08 09:45:17,341.05,7295702
2021-06-08 09:45:18,341.0,7300490
2021-06-08 09:45:19,341.1,7302733
2021-06-08 09:45:20,341.25,7307537
2021-06-08 09:45:22,341.25,7312823
2021-06-08 09:45:23,341.05,7314238
2021-06-08 09:45:24,341.15,7315079
2021-06-08 09:45:28,341.1,7327299
2021-06-08 09:45:29,341.1,7329475
2021-06-08 09:45:30,341.0,7330839
2021-06-08 09:45:31,340.85,7370104
2021-06-08 09:45:32,340.55,7383569
2021-06-08 09:45:33,340.65,7389968
2021-06-08 09:45:34,340.6,7396620
2021-06-08 09:45:35,340.7,7399588
2021-06-08 09:45:36,340.5,7408633
2021-06-08 09:45:37,340.7,7419854
2021-06-08 09:45:38,340.65,7424557
2021-06-08 09:45:39,340.65,7432946
2021-06-08 09:45:40,340.85,7436882
2021-06-08 09:45:41,340.75,7443584
2021-06-08 09:45:42,340.65,7447167
2021-06-08 09:45:43,340.7,7456841
2021-06-08 09:45:44,340.65,7462347
2021-06-08 09:45:45,340.85,7468051
2021-06-08 09:45:46,340.7,7474772
2021-06-08 09:45:47,340.85,7476984
2021-06-08 09:45:48,340.75,7479239
2021-06-08 09:45:49,340.7,7484488
2021-06-08 09:45:50,340.75,7487194
2021-06-08 09:45:51,340.6,7488961
2021-06-08 09:45:53,340.6,7491387
2021-06-08 09:45:54,340.7,7493546
2021-06-08 09:45:55,340.55,7496850
2021-06-08 09:45:56,340.5,7499530
2021-06-08 09:45:57,340.55,7501874
2021-06-08 09:45:58,340.5,7503094
2021-06-08 09:45:58,340.5,7503338
2021-06-08 09:45:59,340.6,7505927
2021-06-08 09:46:00,340.7,7507674
2021-06-08 09:46:01,340.55,7510885
2021-06-08 09:46:03,340.55,7516802
2021-06-08 09:46:04,340.6,7517980
2021-06-08 09:46:06,340.6,7522101
2021-06-08 09:46:07,340.5,7524788
2021-06-08 09:46:08,340.5,7533106
2021-06-08 09:46:08,340.55,7530527
2021-06-08 09:46:09,340.55,7537053
2021-06-08 09:46:11,340.45,7553304
2021-06-08 09:46:12,340.6,7558029
2021-06-08 09:46:13,340.35,7561726
2021-06-08 09:46:14,340.5,7563650
2021-06-08 09:46:15,340.4,7566531
2021-06-08 09:46:16,340.45,7567426
2021-06-08 09:46:17,340.35,7573697
2021-06-08 09:46:18,340.4,7580567
2021-06-08 09:46:19,340.4,7583200
2021-06-08 09:46:20,340.6,7586909
2021-06-08 09:46:21,340.6,7589177
2021-06-08 09:46:22,340.45,7590131
2021-06-08 09:46:23,340.4,7594077
2021-06-08 09:46:25,340.4,7595968
2021-06-08 09:46:26,340.4,7599444
2021-06-08 09:46:27,340.4,7602540
2021-06-08 09:46:28,340.45,7605184
2021-06-08 09:46:29,340.4,7606743
2021-06-08 09:46:30,340.55,7607864
2021-06-08 09:46:30,340.45,7608747
2021-06-08 09:46:31,340.45,7609453
2021-06-08 09:46:32,340.45,7610649
2021-06-08 09:46:34,340.35,7647468
2021-06-08 09:46:35,340.2,7654566
2021-06-08 09:46:37,340.45,7667058
2021-06-08 09:46:38,340.45,7672784
2021-06-08 09:46:41,340.3,7675557
2021-06-08 09:46:42,340.3,7678286
2021-06-08 09:46:43,340.4,7684419
2021-06-08 09:46:44,340.4,7686434
2021-06-08 09:46:45,340.4,7687903
2021-06-08 09:46:46,340.25,7689457
2021-06-08 09:46:46,340.25,7688886
2021-06-08 09:46:47,340.2,7691668
2021-06-08 09:46:49,340.35,7695331
2021-06-08 09:46:50,340.25,7696981
2021-06-08 09:46:51,340.2,7699842
2021-06-08 09:46:52,340.1,7702623
2021-06-08 09:46:53,340.05,7845959
2021-06-08 09:46:54,340.0,7884877
2021-06-08 09:46:54,340.05,7884997
2021-06-08 09:46:56,340.15,7887851
2021-06-08 09:46:57,340.0,7890029
2021-06-08 09:46:59,340.05,7894667
2021-06-08 09:47:00,340.05,7896618
2021-06-08 09:47:01,340.05,7899041
2021-06-08 09:47:02,340.15,7905819
2021-06-08 09:47:02,340.15,7905939
2021-06-08 09:47:03,340.2,7910318
2021-06-08 09:47:04,340.3,7911890
2021-06-08 09:47:05,340.2,7914702
2021-06-08 09:47:06,340.4,7917916
2021-06-08 09:47:07,340.3,7919098
2021-06-08 09:47:08,340.5,7926531
2021-06-08 09:47:09,340.35,7928052
2021-06-08 09:47:10,340.3,7929541
2021-06-08 09:47:11,340.4,7931648
2021-06-08 09:47:12,340.35,7933627
2021-06-08 09:47:13,340.4,7934552
2021-06-08 09:47:14,340.5,7935454
2021-06-08 09:47:15,340.4,7935939
2021-06-08 09:47:17,340.3,7958763
2021-06-08 09:47:18,340.3,7960238
2021-06-08 09:47:19,339.95,7996708
2021-06-08 09:47:20,340.05,7999064
2021-06-08 09:47:21,340.05,8000452
2021-06-08 09:47:22,340.3,8003500
2021-06-08 09:47:24,340.3,8005586
2021-06-08 09:47:25,339.95,8054960
2021-06-08 09:47:26,339.65,8064453
2021-06-08 09:47:26,339.6,8072036
2021-06-08 09:47:28,339.6,8073464
2021-06-08 09:47:29,339.85,8084024
2021-06-08 09:47:30,339.65,8084686
2021-06-08 09:47:31,339.75,8087768
2021-06-08 09:47:32,339.7,8088945
2021-06-08 09:47:33,339.85,8090785
2021-06-08 09:47:34,339.8,8094047
2021-06-08 09:47:35,340.3,8118087
2021-06-08 09:47:36,339.65,8227874
2021-06-08 09:47:37,339.7,8238723
2021-06-08 09:47:38,339.6,8244448
2021-06-08 09:47:39,339.8,8247232
2021-06-08 09:47:40,339.8,8248626
2021-06-08 09:47:41,339.75,8250906
2021-06-08 09:47:43,339.65,8255644
2021-06-08 09:47:44,339.8,8258123
2021-06-08 09:47:45,339.65,8259473
2021-06-08 09:47:46,339.75,8264932
2021-06-08 09:47:47,339.8,8275131
2021-06-08 09:47:48,339.7,8277288
2021-06-08 09:47:50,339.95,8287125
2021-06-08 09:47:51,339.75,8290216
2021-06-08 09:47:52,339.75,8291875
2021-06-08 09:47:53,339.75,8294431
2021-06-08 09:47:54,339.8,8296908
2021-06-08 09:47:55,339.8,8298399
2021-06-08 09:47:56,339.95,8317634
2021-06-08 09:47:56,340.0,8318289
2021-06-08 09:47:57,340.0,8323245
2021-06-08 09:47:58,339.75,8329027
2021-06-08 09:48:00,340.0,8339508
2021-06-08 09:48:01,339.95,8339918
2021-06-08 09:48:02,339.8,8343456
2021-06-08 09:48:03,339.8,8350321
2021-06-08 09:48:04,339.8,8358887
2021-06-08 09:48:05,340.05,8362270
2021-06-08 09:48:06,340.0,8363804
2021-06-08 09:48:07,339.9,8365954
2021-06-08 09:48:08,339.95,8369689
2021-06-08 09:48:09,339.95,8370870
2021-06-08 09:48:10,339.95,8372640
2021-06-08 09:48:11,339.95,8376930
2021-06-08 09:48:12,339.95,8378847
2021-06-08 09:48:15,339.85,8385143
2021-06-08 09:48:16,339.9,8385424
2021-06-08 09:48:17,340.0,8388269
2021-06-08 09:48:19,339.9,8389774
2021-06-08 09:48:20,339.9,8392590
2021-06-08 09:48:21,339.8,8400595
2021-06-08 09:48:22,339.8,8401675
2021-06-08 09:48:23,339.8,8402996
2021-06-08 09:48:24,339.8,8414743
2021-06-08 09:48:25,339.7,8417015
2021-06-08 09:48:26,339.75,8417298
2021-06-08 09:48:28,339.75,8422187
2021-06-08 09:48:29,339.65,8423457
2021-06-08 09:48:30,339.6,8425086
2021-06-08 09:48:31,339.7,8425399
2021-06-08 09:48:32,339.7,8428532
2021-06-08 09:48:33,339.65,8430427
2021-06-08 09:48:34,339.65,8431269
2021-06-08 09:48:35,339.65,8432981
2021-06-08 09:48:35,339.85,8435423
2021-06-08 09:48:36,339.65,8438731
2021-06-08 09:48:37,339.65,8442690
2021-06-08 09:48:38,339.8,8443241
2021-06-08 09:48:40,339.85,8444770
2021-06-08 09:48:41,339.7,8445991
2021-06-08 09:48:42,339.85,8452601
2021-06-08 09:48:43,339.8,8453515
2021-06-08 09:48:44,339.9,8453802
2021-06-08 09:48:46,339.9,8463050
2021-06-08 09:48:47,339.95,8463823
2021-06-08 09:48:48,339.85,8464006
2021-06-08 09:48:49,339.85,8465208
2021-06-08 09:48:49,339.85,8465208
2021-06-08 09:48:50,339.9,8466688
2021-06-08 09:48:51,339.9,8469843
2021-06-08 09:48:52,339.9,8470094
2021-06-08 09:48:53,340.0,8480169
2021-06-08 09:48:55,340.2,8503307
2021-06-08 09:48:56,340.25,8506049
2021-06-08 09:48:57,340.2,8511215
2021-06-08 09:48:58,340.25,8515713
2021-06-08 09:48:59,340.25,8517898
2021-06-08 09:48:59,340.45,8517910
2021-06-08 09:49:01,340.15,8526150
2021-06-08 09:49:02,340.15,8529881
2021-06-08 09:49:04,340.0,8530330
2021-06-08 09:49:05,340.2,8541311
2021-06-08 09:49:06,340.2,8541916
2021-06-08 09:49:06,340.2,8541925
2021-06-08 09:49:07,340.0,8542819
2021-06-08 09:49:09,340.15,8544669
2021-06-08 09:49:10,340.05,8545149
2021-06-08 09:49:11,340.1,8545917
2021-06-08 09:49:11,340.1,8545917
2021-06-08 09:49:12,340.0,8546318
2021-06-08 09:49:14,340.1,8547629
2021-06-08 09:49:15,340.2,8549183
2021-06-08 09:49:16,340.2,8549619
2021-06-08 09:49:17,340.2,8550492
2021-06-08 09:49:17,340.15,8550192
2021-06-08 09:49:18,340.0,8555554
2021-06-08 09:49:19,340.15,8556009
2021-06-08 09:49:20,340.0,8557165
2021-06-08 09:49:22,340.2,8561664
2021-06-08 09:49:23,340.2,8567690
2021-06-08 09:49:24,340.2,8568970
2021-06-08 09:49:24,340.2,8568991
2021-06-08 09:49:26,340.1,8575130
2021-06-08 09:49:28,340.25,8576291
2021-06-08 09:49:29,340.3,8577810
2021-06-08 09:49:30,340.35,8579477
2021-06-08 09:49:30,340.35,8579477
2021-06-08 09:49:31,340.45,8583245
2021-06-08 09:49:32,340.45,8583557
2021-06-08 09:49:33,340.5,8597264
2021-06-08 09:49:35,340.6,8598541
2021-06-08 09:49:36,340.7,8601429
2021-06-08 09:49:37,340.5,8607144
2021-06-08 09:49:37,340.5,8603951
2021-06-08 09:49:39,340.6,8611699
2021-06-08 09:49:40,340.65,8614620
2021-06-08 09:49:42,340.55,8614956
2021-06-08 09:49:43,340.55,8617225
2021-06-08 09:49:44,340.6,8618379
2021-06-08 09:49:45,340.85,8625219
2021-06-08 09:49:45,340.65,8625252
2021-06-08 09:49:46,340.8,8628109
2021-06-08 09:49:48,340.65,8638331
2021-06-08 09:49:49,340.65,8640536
2021-06-08 09:49:50,340.8,8641174
2021-06-08 09:49:51,340.85,8643041
2021-06-08 09:49:51,340.75,8644041
2021-06-08 09:49:52,340.8,8646304
2021-06-08 09:49:53,340.8,8646621
2021-06-08 09:49:55,340.8,8647358
2021-06-08 09:49:56,340.8,8649312
2021-06-08 09:50:00,340.85,8677213
2021-06-08 09:50:00,341.0,8677223
2021-06-08 09:50:03,341.0,8681761
2021-06-08 09:50:04,341.0,8684172
2021-06-08 09:50:05,341.05,8688752
2021-06-08 09:50:06,341.0,8689432
2021-06-08 09:50:07,341.1,8692836
2021-06-08 09:50:07,341.2,8692936
2021-06-08 09:50:09,341.1,8707185
2021-06-08 09:50:10,341.1,8713215
2021-06-08 09:50:12,341.2,8730624
2021-06-08 09:50:13,341.25,8733298
2021-06-08 09:50:13,341.2,8733411
2021-06-08 09:50:14,341.1,8735683
2021-06-08 09:50:16,341.2,8736131
2021-06-08 09:50:17,341.1,8737016
2021-06-08 09:50:18,341.05,8741892
2021-06-08 09:50:19,341.15,8745473
2021-06-08 09:50:19,341.2,8746188
2021-06-08 09:50:21,341.2,8756286
2021-06-08 09:50:22,340.85,8770137
2021-06-08 09:50:23,340.95,8773934
2021-06-08 09:50:24,340.95,8774195
2021-06-08 09:50:25,340.95,8774856
2021-06-08 09:50:25,340.95,8774906
2021-06-08 09:50:27,340.8,8775631
2021-06-08 09:50:28,341.15,8781017
2021-06-08 09:50:29,341.1,8785788
2021-06-08 09:50:30,341.1,8785819
2021-06-08 09:50:31,341.15,8786797
2021-06-08 09:50:31,341.1,8786963
2021-06-08 09:50:33,341.1,8787908
2021-06-08 09:50:34,341.05,8790168
2021-06-08 09:50:35,341.2,8791287
2021-06-08 09:50:36,341.2,8792077
2021-06-08 09:50:36,341.05,8792097
2021-06-08 09:50:38,341.2,8792772
2021-06-08 09:50:39,341.15,8795194
2021-06-08 09:50:40,341.0,8800262
2021-06-08 09:50:41,341.05,8802901
2021-06-08 09:50:41,341.0,8803001
2021-06-08 09:50:42,341.15,8803922
2021-06-08 09:50:43,341.15,8805430
2021-06-08 09:50:45,341.0,8806898
2021-06-08 09:50:46,341.2,8810131
2021-06-08 09:50:47,341.15,8810573
2021-06-08 09:50:48,341.15,8811158
2021-06-08 09:50:48,341.15,8811158
2021-06-08 09:50:49,341.15,8813982
2021-06-08 09:50:51,341.05,8828434
2021-06-08 09:50:52,341.05,8831956
2021-06-08 09:50:54,341.0,8834032
2021-06-08 09:50:55,340.95,8835879
2021-06-08 09:50:55,340.95,8835869
2021-06-08 09:50:56,341.0,8839185
2021-06-08 09:50:58,341.0,8840082
2021-06-08 09:50:59,341.0,8841470
2021-06-08 09:51:00,340.85,8841670
2021-06-08 09:51:01,341.05,8841748
2021-06-08 09:51:02,341.05,8841981
2021-06-08 09:51:03,341.1,8844172
2021-06-08 09:51:03,341.0,8844322
2021-06-08 09:51:05,341.0,8846281
2021-06-08 09:51:06,341.1,8846974
2021-06-08 09:51:08,341.0,8847288
2021-06-08 09:51:08,341.15,8854314
2021-06-08 09:51:09,341.1,8854936
2021-06-08 09:51:10,341.1,8856966
2021-06-08 09:51:12,341.1,8857098
2021-06-08 09:51:13,341.1,8858300
2021-06-08 09:51:15,341.15,8870864
2021-06-08 09:51:16,341.2,8871430
2021-06-08 09:51:17,341.3,8871769
2021-06-08 09:51:18,341.25,8873064
2021-06-08 09:51:19,341.25,8873263
2021-06-08 09:51:20,341.35,8874867
2021-06-08 09:51:20,341.25,8874258
2021-06-08 09:51:21,341.2,8876519
2021-06-08 09:51:23,341.3,8880162
2021-06-08 09:51:24,341.2,8881648
2021-06-08 09:51:25,341.3,8883053
2021-06-08 09:51:26,341.2,8885004
2021-06-08 09:51:27,341.2,8885424
2021-06-08 09:51:28,341.2,8887727
2021-06-08 09:51:29,341.3,8890631
2021-06-08 09:51:29,341.2,8890634
2021-06-08 09:51:32,341.2,8893058
2021-06-08 09:51:33,341.25,8894763
2021-06-08 09:51:34,341.25,8901625
2021-06-08 09:51:35,341.35,8902143
2021-06-08 09:51:36,341.2,8905261
2021-06-08 09:51:37,341.75,9035405
2021-06-08 09:51:38,341.65,9035438
2021-06-08 09:51:39,341.75,9035664
2021-06-08 09:51:40,341.55,9039156
2021-06-08 09:51:41,341.75,9042350
2021-06-08 09:51:42,341.45,9043457
2021-06-08 09:51:43,341.5,9045357
2021-06-08 09:51:44,341.35,9045986
2021-06-08 09:51:45,341.5,9046952
2021-06-08 09:51:46,341.5,9048344
2021-06-08 09:51:47,341.5,9051058
2021-06-08 09:51:48,341.55,9052392
2021-06-08 09:51:48,341.4,9052542
2021-06-08 09:51:49,341.3,9056537
2021-06-08 09:51:50,341.35,9057941
2021-06-08 09:51:52,341.25,9058905
2021-06-08 09:51:53,341.1,9065665
2021-06-08 09:51:54,340.95,9086174
2021-06-08 09:51:55,341.35,9093526
2021-06-08 09:51:56,341.35,9095226
2021-06-08 09:51:56,341.35,9095281
2021-06-08 09:51:57,341.3,9096164
2021-06-08 09:51:58,341.1,9096329
2021-06-08 09:52:00,341.25,9096352
2021-06-08 09:52:01,341.3,9097432
2021-06-08 09:52:02,341.15,9098122
2021-06-08 09:52:03,341.2,9104779
2021-06-08 09:52:04,341.35,9105176
2021-06-08 09:52:05,341.35,9107988
2021-06-08 09:52:06,341.25,9109155
2021-06-08 09:52:07,341.35,9109216
2021-06-08 09:52:08,341.35,9109977
2021-06-08 09:52:09,341.35,9110613
2021-06-08 09:52:10,341.3,9110656
2021-06-08 09:52:11,341.3,9110756
2021-06-08 09:52:12,341.3,9110968
2021-06-08 09:52:13,341.35,9111178
2021-06-08 09:52:14,341.35,9111918
2021-06-08 09:52:15,341.3,9111974
2021-06-08 09:52:16,341.3,9112685
2021-06-08 09:52:17,341.35,9114024
2021-06-08 09:52:18,341.35,9114983
2021-06-08 09:52:19,341.35,9115102
2021-06-08 09:52:20,341.3,9115989
2021-06-08 09:52:22,341.3,9116091
2021-06-08 09:52:23,341.4,9117564
2021-06-08 09:52:24,341.4,9118014
2021-06-08 09:52:25,341.35,9118391
2021-06-08 09:52:26,341.4,9118952
2021-06-08 09:52:27,341.35,9119627
2021-06-08 09:52:28,341.35,9120712
2021-06-08 09:52:29,341.45,9120913
2021-06-08 09:52:30,341.45,9121282
2021-06-08 09:52:31,341.35,9121571
2021-06-08 09:52:32,341.35,9122470
2021-06-08 09:52:33,341.35,9122588
2021-06-08 09:52:34,341.3,9126241
2021-06-08 09:52:35,341.35,9126891
2021-06-08 09:52:36,341.3,9126952
2021-06-08 09:52:37,341.35,9127256
2021-06-08 09:52:38,341.2,9128280
2021-06-08 09:52:39,341.4,9128785
2021-06-08 09:52:40,341.25,9129500
2021-06-08 09:52:41,341.35,9130025
2021-06-08 09:52:43,341.4,9131938
2021-06-08 09:52:45,341.4,9133411
2021-06-08 09:52:47,341.25,9134777
2021-06-08 09:52:46,341.25,9134708
2021-06-08 09:52:48,341.35,9135117
2021-06-08 09:52:49,341.25,9135353
2021-06-08 09:52:50,341.25,9135957
2021-06-08 09:52:51,341.3,9136066
2021-06-08 09:52:52,341.35,9138591
2021-06-08 09:52:53,341.3,9139241
2021-06-08 09:52:54,341.4,9139400
2021-06-08 09:52:56,341.3,9141687
2021-06-08 09:52:57,341.3,9142951
2021-06-08 09:52:58,341.3,9151842
2021-06-08 09:52:59,341.15,9152062
2021-06-08 09:53:00,341.3,9152160
2021-06-08 09:53:01,341.25,9152437
2021-06-08 09:53:02,341.25,9153407
2021-06-08 09:53:03,341.3,9153475
2021-06-08 09:53:04,341.25,9154434
2021-06-08 09:53:05,341.3,9154763
2021-06-08 09:53:06,341.3,9158010
2021-06-08 09:53:07,341.25,9158012
2021-06-08 09:53:08,341.3,9158101
2021-06-08 09:53:09,341.35,9158764
2021-06-08 09:53:10,341.3,9160401
2021-06-08 09:53:11,341.25,9160815
2021-06-08 09:53:12,341.3,9161614
2021-06-08 09:53:14,341.25,9164842
2021-06-08 09:53:13,341.25,9164842
2021-06-08 09:53:15,341.25,9165109
2021-06-08 09:53:16,341.3,9165952
2021-06-08 09:53:17,341.3,9167192
2021-06-08 09:53:18,341.3,9167198
2021-06-08 09:53:19,341.25,9167464
2021-06-08 09:53:20,341.3,9168554
2021-06-08 09:53:21,341.3,9169157
2021-06-08 09:53:22,341.3,9172469
2021-06-08 09:53:23,341.3,9172509
2021-06-08 09:53:24,341.25,9173716
2021-06-08 09:53:25,341.3,9176826
2021-06-08 09:53:26,341.3,9176826
2021-06-08 09:53:27,341.3,9177708
2021-06-08 09:53:28,341.3,9177874
2021-06-08 09:53:29,341.3,9178230
2021-06-08 09:53:30,341.35,9178452
2021-06-08 09:53:31,341.3,9178703
2021-06-08 09:53:32,341.2,9184185
2021-06-08 09:53:33,341.2,9184729
2021-06-08 09:53:34,341.25,9185475
2021-06-08 09:53:35,341.25,9185886
2021-06-08 09:53:36,341.25,9186226
2021-06-08 09:53:37,341.25,9186477
2021-06-08 09:53:38,341.25,9187252
2021-06-08 09:53:39,341.25,9187896
2021-06-08 09:53:40,341.1,9189349
2021-06-08 09:53:41,341.25,9190421
2021-06-08 09:53:42,341.3,9191763
2021-06-08 09:53:43,341.1,9192129
2021-06-08 09:53:44,341.2,9192608
2021-06-08 09:53:45,341.1,9194059
2021-06-08 09:53:46,341.25,9194235
2021-06-08 09:53:47,341.25,9194345
2021-06-08 09:53:48,341.25,9194445
2021-06-08 09:53:49,341.1,9201495
2021-06-08 09:53:50,341.2,9201643
2021-06-08 09:53:51,341.1,9202248
2021-06-08 09:53:52,341.1,9202300
2021-06-08 09:53:53,341.25,9202423
2021-06-08 09:53:54,341.2,9204774
2021-06-08 09:53:55,341.2,9204774
2021-06-08 09:53:56,341.2,9204835
2021-06-08 09:53:57,341.1,9206022
2021-06-08 09:53:58,341.15,9206877
2021-06-08 09:53:59,341.05,9207323
2021-06-08 09:54:00,341.05,9208878
2021-06-08 09:54:01,341.05,9209388
2021-06-08 09:54:02,341.0,9210342
2021-06-08 09:54:03,341.1,9210415
2021-06-08 09:54:04,341.1,9210415
2021-06-08 09:54:05,341.05,9214137
2021-06-08 09:54:06,341.05,9214137
2021-06-08 09:54:07,341.1,9216191
2021-06-08 09:54:09,341.0,9219215
2021-06-08 09:54:10,341.15,9219898
2021-06-08 09:54:11,341.1,9219907
2021-06-08 09:54:12,341.05,9219928
2021-06-08 09:54:13,341.05,9220327
2021-06-08 09:54:14,341.0,9221212
2021-06-08 09:54:15,341.0,9221329
2021-06-08 09:54:16,341.0,9223458
2021-06-08 09:54:17,341.0,9223640
2021-06-08 09:54:18,341.0,9224470
2021-06-08 09:54:19,341.0,9225181
2021-06-08 09:54:20,341.0,9225342
2021-06-08 09:54:21,341.05,9227073
2021-06-08 09:54:22,341.1,9229027
2021-06-08 09:54:24,341.05,9229606
2021-06-08 09:54:26,341.05,9229882
2021-06-08 09:54:26,341.05,9229882
2021-06-08 09:54:27,341.0,9231218
2021-06-08 09:54:28,341.0,9231717
2021-06-08 09:54:29,341.05,9231872
2021-06-08 09:54:30,341.0,9233897
2021-06-08 09:54:31,341.05,9235001
2021-06-08 09:54:32,341.0,9235143
2021-06-08 09:54:34,341.0,9235475
2021-06-08 09:54:34,341.0,9235475
2021-06-08 09:54:35,341.0,9236338
2021-06-08 09:54:36,341.0,9236393
2021-06-08 09:54:37,341.0,9236555
2021-06-08 09:54:38,341.0,9237505
2021-06-08 09:54:40,341.0,9238400
2021-06-08 09:54:41,341.0,9255849
2021-06-08 09:54:42,341.0,9261005
2021-06-08 09:54:43,341.05,9263228
2021-06-08 09:54:44,340.9,9263241
2021-06-08 09:54:45,340.9,9265850
2021-06-08 09:54:47,340.9,9266535
2021-06-08 09:54:48,341.0,9267215
2021-06-08 09:54:48,341.0,9267215
2021-06-08 09:54:49,340.9,9268015
2021-06-08 09:54:50,340.95,9268627
2021-06-08 09:54:51,340.9,9268777
2021-06-08 09:54:52,340.95,9268809
2021-06-08 09:54:53,341.0,9269844
2021-06-08 09:54:54,341.0,9272712
2021-06-08 09:54:55,340.9,9274004
2021-06-08 09:54:57,340.8,9279923
2021-06-08 09:54:57,340.85,9279929
2021-06-08 09:54:58,340.85,9280104
2021-06-08 09:54:59,340.85,9280374
2021-06-08 09:55:00,340.8,9281515
2021-06-08 09:55:01,340.8,9282918
2021-06-08 09:55:02,340.75,9284385
2021-06-08 09:55:03,340.8,9285764
2021-06-08 09:55:04,340.8,9285794
2021-06-08 09:55:05,340.65,9286079
2021-06-08 09:55:06,340.8,9287014
2021-06-08 09:55:07,340.65,9287750
2021-06-08 09:55:08,340.65,9288339
2021-06-08 09:55:09,340.75,9289083
2021-06-08 09:55:10,340.7,9289238
2021-06-08 09:55:11,340.6,9290795
2021-06-08 09:55:12,340.55,9292545
2021-06-08 09:55:13,340.65,9294682
2021-06-08 09:55:14,340.55,9299452
2021-06-08 09:55:15,340.55,9299787
2021-06-08 09:55:16,340.55,9300987
2021-06-08 09:55:17,340.7,9312789
2021-06-08 09:55:19,340.65,9314948
2021-06-08 09:55:20,340.55,9316180
2021-06-08 09:55:21,340.6,9317520
2021-06-08 09:55:22,340.5,9317955
2021-06-08 09:55:23,340.55,9318107
2021-06-08 09:55:23,340.55,9318107
2021-06-08 09:55:24,340.5,9318676
2021-06-08 09:55:25,340.55,9322433
2021-06-08 09:55:26,340.4,9323089
2021-06-08 09:55:27,340.5,9323197
2021-06-08 09:55:28,340.55,9325179
2021-06-08 09:55:29,340.4,9325367
2021-06-08 09:55:30,340.5,9326987
2021-06-08 09:55:31,340.5,9327089
2021-06-08 09:55:32,340.25,9335121
2021-06-08 09:55:33,340.4,9352402
2021-06-08 09:55:35,340.3,9355008
2021-06-08 09:55:35,340.3,9355035
2021-06-08 09:55:36,340.35,9355252
2021-06-08 09:55:37,340.5,9357301
2021-06-08 09:55:38,340.35,9358321
2021-06-08 09:55:39,340.3,9358819
2021-06-08 09:55:40,340.3,9359160
2021-06-08 09:55:41,340.3,9359674
2021-06-08 09:55:42,340.3,9360172
2021-06-08 09:55:43,340.35,9366021
2021-06-08 09:55:45,340.3,9366485
2021-06-08 09:55:45,340.3,9367385
2021-06-08 09:55:47,340.4,9367803
2021-06-08 09:55:47,340.35,9368103
2021-06-08 09:55:48,340.3,9368753
2021-06-08 09:55:49,340.35,9369893
2021-06-08 09:55:50,340.4,9370883
2021-06-08 09:55:51,340.25,9371372
2021-06-08 09:55:52,340.25,9373372
2021-06-08 09:55:53,340.3,9379622
2021-06-08 09:55:54,340.2,9379954
2021-06-08 09:55:55,340.3,9380141
2021-06-08 09:55:57,340.05,9390689
2021-06-08 09:55:57,340.05,9390689
2021-06-08 09:55:58,340.15,9392026
2021-06-08 09:55:59,340.05,9392413
2021-06-08 09:56:01,340.05,9393655
2021-06-08 09:56:02,340.05,9394972
2021-06-08 09:56:03,340.1,9396866
2021-06-08 09:56:04,340.05,9397235
2021-06-08 09:56:05,340.1,9407253
2021-06-08 09:56:06,340.05,9407764
2021-06-08 09:56:07,340.05,9411318
2021-06-08 09:56:08,340.0,9411866
2021-06-08 09:56:09,340.05,9412778
2021-06-08 09:56:12,340.05,9418696
2021-06-08 09:56:12,340.1,9437145
2021-06-08 09:56:14,340.05,9438105
2021-06-08 09:56:14,340.0,9439128
2021-06-08 09:56:16,340.3,9447469
2021-06-08 09:56:17,340.2,9447539
2021-06-08 09:56:18,340.3,9448247
2021-06-08 09:56:19,340.3,9449264
2021-06-08 09:56:19,340.2,9449121
2021-06-08 09:56:20,340.3,9450276
2021-06-08 09:56:21,340.3,9450694
2021-06-08 09:56:22,340.2,9454780
2021-06-08 09:56:23,340.3,9454981
2021-06-08 09:56:25,340.4,9455806
2021-06-08 09:56:25,340.4,9455806
2021-06-08 09:56:26,340.3,9456264
2021-06-08 09:56:27,340.35,9457717
2021-06-08 09:56:28,340.2,9458249
2021-06-08 09:56:30,340.3,9458949
2021-06-08 09:56:31,340.3,9460864
2021-06-08 09:56:32,340.2,9461650
2021-06-08 09:56:33,340.25,9461846
2021-06-08 09:56:34,340.25,9462398
2021-06-08 09:56:35,340.25,9462709
2021-06-08 09:56:36,340.25,9465298
2021-06-08 09:56:37,340.25,9466083
2021-06-08 09:56:38,340.1,9466113
2021-06-08 09:56:39,340.25,9466283
2021-06-08 09:56:40,340.3,9467539
2021-06-08 09:56:41,340.1,9467876
2021-06-08 09:56:41,340.3,9475632
2021-06-08 09:56:42,340.3,9475632
2021-06-08 09:56:43,340.1,9476089
2021-06-08 09:56:44,340.05,9511456
2021-06-08 09:56:45,340.0,9512378
2021-06-08 09:56:46,340.05,9512657
2021-06-08 09:56:47,339.65,9577018
2021-06-08 09:56:48,339.65,9578911
2021-06-08 09:56:50,339.35,9631469
2021-06-08 09:56:51,339.4,9635054
2021-06-08 09:56:52,339.25,9637048
2021-06-08 09:56:53,339.3,9638780
2021-06-08 09:56:54,339.6,9649017
2021-06-08 09:56:55,339.65,9649533
2021-06-08 09:56:56,339.5,9653256
2021-06-08 09:56:57,339.6,9653956
2021-06-08 09:56:58,339.6,9655105
2021-06-08 09:56:59,339.65,9655921
2021-06-08 09:57:00,339.5,9658441
2021-06-08 09:57:01,339.4,9659458
2021-06-08 09:57:02,339.35,9661876
2021-06-08 09:57:03,339.45,9662091
2021-06-08 09:57:04,339.35,9663499
2021-06-08 09:57:05,339.4,9664166
2021-06-08 09:57:06,339.0,9729320
2021-06-08 09:57:09,338.85,9795357
2021-06-08 09:57:09,339.0,9795106
2021-06-08 09:57:10,339.15,9799704
2021-06-08 09:57:11,339.45,9806807
2021-06-08 09:57:13,339.6,9813913
2021-06-08 09:57:14,339.55,9814708
2021-06-08 09:57:14,339.65,9817922
2021-06-08 09:57:16,339.65,9823797
2021-06-08 09:57:17,339.85,9826546
2021-06-08 09:57:18,339.8,9828619
2021-06-08 09:57:20,339.65,9831703
2021-06-08 09:57:21,339.6,9834215
2021-06-08 09:57:22,339.5,9835306
2021-06-08 09:57:23,339.45,9835944
2021-06-08 09:57:24,339.65,9840380
2021-06-08 09:57:25,339.65,9841767
2021-06-08 09:57:26,339.6,9842969
2021-06-08 09:57:27,339.4,9846185
2021-06-08 09:57:27,339.4,9846185
2021-06-08 09:57:29,339.6,9848497
2021-06-08 09:57:30,339.55,9849213
2021-06-08 09:57:31,339.65,9857564
2021-06-08 09:57:32,339.65,9857978
2021-06-08 09:57:33,339.65,9860388
2021-06-08 09:57:34,339.7,9863395
2021-06-08 09:57:35,339.6,9864745
2021-06-08 09:57:35,339.6,9864576
2021-06-08 09:57:36,339.65,9866217
2021-06-08 09:57:37,339.75,9866814
2021-06-08 09:57:38,339.75,9867390
2021-06-08 09:57:39,339.65,9868873
2021-06-08 09:57:41,339.8,9870983
2021-06-08 09:57:42,339.65,9871489
2021-06-08 09:57:43,339.75,9872744
2021-06-08 09:57:44,339.6,9880080
2021-06-08 09:57:45,339.65,9883580
2021-06-08 09:57:46,339.55,9888387
2021-06-08 09:57:47,339.8,9890258
2021-06-08 09:57:48,339.65,9893387
2021-06-08 09:57:49,339.55,9893834
2021-06-08 09:57:49,339.55,9893834
2021-06-08 09:57:51,339.65,9894390
2021-06-08 09:57:52,339.7,9895483
2021-06-08 09:57:53,339.8,9896532
2021-06-08 09:57:54,339.65,9896603
2021-06-08 09:57:55,339.75,9897670
2021-06-08 09:57:56,339.65,9898811
2021-06-08 09:57:57,339.6,9899113
2021-06-08 09:57:57,339.65,9899415
2021-06-08 09:57:59,339.65,9900579
2021-06-08 09:58:00,339.6,9901081
2021-06-08 09:58:01,339.65,9901901
2021-06-08 09:58:02,339.7,9903041
2021-06-08 09:58:02,339.65,9906566
2021-06-08 09:58:04,339.65,9911284
2021-06-08 09:58:05,339.5,9911321
2021-06-08 09:58:06,339.55,9913510
2021-06-08 09:58:06,339.65,9913561
2021-06-08 09:58:07,339.55,9919367
2021-06-08 09:58:08,339.7,9921217
2021-06-08 09:58:09,339.55,9922133
2021-06-08 09:58:10,339.7,9924400
2021-06-08 09:58:11,339.7,9925046
2021-06-08 09:58:12,339.3,9985500
2021-06-08 09:58:13,339.3,9986292
2021-06-08 09:58:14,339.5,9988402
2021-06-08 09:58:16,339.5,9990079
2021-06-08 09:58:16,339.5,9989824
2021-06-08 09:58:17,339.45,9992044
2021-06-08 09:58:19,339.2,9995115
2021-06-08 09:58:21,339.1,10001133
2021-06-08 09:58:23,339.2,10005442
2021-06-08 09:58:24,339.2,10007401
2021-06-08 09:58:25,339.15,10009653
2021-06-08 09:58:25,339.1,10009650
2021-06-08 09:58:26,339.3,10014084
2021-06-08 09:58:27,339.2,10019652
2021-06-08 09:58:28,339.2,10021696
2021-06-08 09:58:29,339.1,10025150
2021-06-08 09:58:30,339.3,10029741
2021-06-08 09:58:32,339.2,10031158
2021-06-08 09:58:33,339.2,10033596
2021-06-08 09:58:34,339.35,10034302
2021-06-08 09:58:35,339.35,10036174
2021-06-08 09:58:36,339.2,10039731
2021-06-08 09:58:36,339.3,10039661
2021-06-08 09:58:37,339.2,10041219
2021-06-08 09:58:38,339.3,10042023
2021-06-08 09:58:39,339.2,10042907
2021-06-08 09:58:40,339.2,10045034
2021-06-08 09:58:42,339.3,10048530
2021-06-08 09:58:43,339.4,10049954
2021-06-08 09:58:44,339.4,10054299
2021-06-08 09:58:45,339.4,10054532
2021-06-08 09:58:46,339.45,10057101
2021-06-08 09:58:46,339.45,10057101
2021-06-08 09:58:48,339.35,10057328
2021-06-08 09:58:49,339.35,10057735
2021-06-08 09:58:50,339.55,10061057
2021-06-08 09:58:51,339.35,10066703
2021-06-08 09:58:52,339.5,10066706
2021-06-08 09:58:53,339.5,10066969
2021-06-08 09:58:54,339.5,10067716
2021-06-08 09:58:55,339.45,10068406
2021-06-08 09:58:56,339.45,10069180
2021-06-08 09:58:57,339.45,10071000
2021-06-08 09:58:58,339.5,10071255
2021-06-08 09:58:59,339.4,10071608
2021-06-08 09:58:59,339.45,10072898
2021-06-08 09:59:01,339.45,10074487
2021-06-08 09:59:02,339.45,10076763
2021-06-08 09:59:03,339.3,10084326
2021-06-08 09:59:04,339.3,10094881
2021-06-08 09:59:05,339.35,10095145
2021-06-08 09:59:06,339.4,10106392
2021-06-08 09:59:07,339.35,10107078
2021-06-08 09:59:07,339.35,10107078
2021-06-08 09:59:09,339.35,10107504
2021-06-08 09:59:10,339.35,10108112
2021-06-08 09:59:11,339.2,10108427
2021-06-08 09:59:11,339.35,10108590
2021-06-08 09:59:13,339.25,10110549
2021-06-08 09:59:14,339.4,10110839
2021-06-08 09:59:15,339.35,10111112
2021-06-08 09:59:16,339.3,10111467
2021-06-08 09:59:17,339.35,10112098
2021-06-08 09:59:18,339.25,10113549
2021-06-08 09:59:19,339.4,10114576
2021-06-08 09:59:20,339.4,10115638
2021-06-08 09:59:21,339.35,10116113
2021-06-08 09:59:22,339.35,10116461
2021-06-08 09:59:24,339.15,10141139
2021-06-08 09:59:26,339.15,10143514
2021-06-08 09:59:26,339.3,10143515
2021-06-08 09:59:27,339.25,10143565
2021-06-08 09:59:29,339.2,10143938
2021-06-08 09:59:30,339.15,10145474
2021-06-08 09:59:31,339.15,10145616
2021-06-08 09:59:31,339.15,10145616
2021-06-08 09:59:33,339.15,10147765
2021-06-08 09:59:35,339.2,10149508
2021-06-08 09:59:36,339.15,10150873
2021-06-08 09:59:38,339.15,10160033
2021-06-08 09:59:39,339.15,10160172
2021-06-08 09:59:40,339.15,10161012
2021-06-08 09:59:41,339.0,10168992
2021-06-08 09:59:42,339.05,10169722
2021-06-08 09:59:43,338.95,10201502
2021-06-08 09:59:44,339.0,10202350
2021-06-08 09:59:45,339.0,10203799
2021-06-08 09:59:46,338.95,10215188
2021-06-08 09:59:47,338.95,10218122
2021-06-08 09:59:48,339.1,10225768
2021-06-08 09:59:49,339.05,10228983
2021-06-08 09:59:50,339.1,10234966
2021-06-08 09:59:51,339.2,10243564
2021-06-08 09:59:52,339.3,10251459
2021-06-08 09:59:53,339.35,10252090
2021-06-08 09:59:54,339.2,10254149
2021-06-08 09:59:55,339.2,10255054
2021-06-08 09:59:55,339.3,10255155
2021-06-08 09:59:57,339.0,10272211
2021-06-08 09:59:57,339.1,10272217
2021-06-08 09:59:59,339.0,10274313
2021-06-08 10:00:00,338.9,10276250
2021-06-08 10:00:01,338.7,10285346
2021-06-08 10:00:02,338.35,10316077
2021-06-08 10:00:03,338.4,10320564
2021-06-08 10:00:04,338.25,10326208
2021-06-08 10:00:05,338.25,10330015
2021-06-08 10:00:06,338.35,10330630
2021-06-08 10:00:06,338.2,10331090
2021-06-08 10:00:07,338.4,10334597
2021-06-08 10:00:08,338.35,10337926
2021-06-08 10:00:10,338.3,10343523
2021-06-08 10:00:11,338.35,10344916
2021-06-08 10:00:12,338.55,10348080
2021-06-08 10:00:13,338.45,10349737
2021-06-08 10:00:13,338.25,10351353
2021-06-08 10:00:14,338.45,10356323
2021-06-08 10:00:15,338.55,10358066
2021-06-08 10:00:17,338.5,10363562
2021-06-08 10:00:19,338.7,10373177
2021-06-08 10:00:20,338.5,10378250
2021-06-08 10:00:21,338.5,10378983
2021-06-08 10:00:22,338.5,10380725
2021-06-08 10:00:23,338.45,10382445
2021-06-08 10:00:25,338.4,10387714
2021-06-08 10:00:26,338.6,10388552
2021-06-08 10:00:27,338.55,10393392
2021-06-08 10:00:27,338.6,10394332
2021-06-08 10:00:29,338.6,10397932
2021-06-08 10:00:30,338.65,10401679
2021-06-08 10:00:30,338.6,10401825
2021-06-08 10:00:31,338.5,10406224
2021-06-08 10:00:33,338.5,10407283
2021-06-08 10:00:34,338.6,10409587
2021-06-08 10:00:35,338.55,10413505
2021-06-08 10:00:36,338.65,10414644
2021-06-08 10:00:37,338.7,10418032
2021-06-08 10:00:38,338.55,10421088
2021-06-08 10:00:39,338.55,10422658
2021-06-08 10:00:40,338.55,10423686
2021-06-08 10:00:43,338.5,10428381
2021-06-08 10:00:44,338.5,10429882
2021-06-08 10:00:44,338.5,10430412
2021-06-08 10:00:46,338.5,10433692
2021-06-08 10:00:47,338.55,10434875
2021-06-08 10:00:47,338.5,10435135
2021-06-08 10:00:48,338.55,10436101
2021-06-08 10:00:49,338.55,10437064
2021-06-08 10:00:52,338.5,10443396
2021-06-08 10:00:53,338.4,10447486
2021-06-08 10:00:54,338.4,10448666
2021-06-08 10:00:55,338.35,10452916
2021-06-08 10:00:56,338.35,10455277
2021-06-08 10:00:57,338.5,10456370
2021-06-08 10:00:58,338.35,10457538
2021-06-08 10:00:59,338.5,10458146
2021-06-08 10:01:00,338.5,10461299
2021-06-08 10:01:01,338.5,10462028
2021-06-08 10:01:02,338.35,10471994
2021-06-08 10:01:03,338.4,10472655
2021-06-08 10:01:04,338.45,10473835
2021-06-08 10:01:04,338.4,10474536
2021-06-08 10:01:06,338.4,10475612
2021-06-08 10:01:07,338.4,10477742
2021-06-08 10:01:08,338.35,10481796
2021-06-08 10:01:09,338.5,10482588
2021-06-08 10:01:11,338.35,10484770
2021-06-08 10:01:11,338.45,10484790
2021-06-08 10:01:12,338.45,10486675
2021-06-08 10:01:14,338.35,10487108
2021-06-08 10:01:15,338.35,10488099
2021-06-08 10:01:16,338.5,10489731
2021-06-08 10:01:17,338.4,10494726
2021-06-08 10:01:18,338.5,10497113
2021-06-08 10:01:18,338.35,10496587
2021-06-08 10:01:20,338.55,10508202
2021-06-08 10:01:21,338.7,10509452
2021-06-08 10:01:22,338.7,10511050
2021-06-08 10:01:23,338.65,10513102
2021-06-08 10:01:24,338.55,10513798
2021-06-08 10:01:25,338.7,10515085
2021-06-08 10:01:26,338.85,10518711
2021-06-08 10:01:27,338.7,10519739
2021-06-08 10:01:28,338.7,10520535
2021-06-08 10:01:29,338.9,10521870
2021-06-08 10:01:30,338.95,10523888
2021-06-08 10:01:31,338.95,10524592
2021-06-08 10:01:33,338.75,10530569
2021-06-08 10:01:34,338.75,10531232
2021-06-08 10:01:35,338.85,10531808
2021-06-08 10:01:35,338.85,10531808
2021-06-08 10:01:37,338.95,10560698
2021-06-08 10:01:38,339.0,10562625
2021-06-08 10:01:39,338.95,10565325
2021-06-08 10:01:40,339.0,10576497
2021-06-08 10:01:41,339.05,10577963
2021-06-08 10:01:42,339.2,10580624
2021-06-08 10:01:43,339.15,10586036
2021-06-08 10:01:43,339.3,10586239
2021-06-08 10:01:45,339.05,10596482
2021-06-08 10:01:46,339.0,10599379
2021-06-08 10:01:47,339.0,10603284
2021-06-08 10:01:48,339.05,10604973
2021-06-08 10:01:49,339.25,10606895
2021-06-08 10:01:50,339.2,10607986
2021-06-08 10:01:51,339.3,10608960
2021-06-08 10:01:52,339.2,10613368
2021-06-08 10:01:53,339.25,10614547
2021-06-08 10:01:54,339.2,10615289
2021-06-08 10:01:55,339.25,10626024
2021-06-08 10:01:56,339.25,10627145
2021-06-08 10:01:57,339.3,10628837
2021-06-08 10:01:58,339.2,10629205
2021-06-08 10:01:59,339.25,10631303
2021-06-08 10:02:00,339.5,10649435
2021-06-08 10:02:01,339.4,10650363
2021-06-08 10:02:02,339.45,10650697
2021-06-08 10:02:03,339.45,10653789
2021-06-08 10:02:04,339.45,10655187
2021-06-08 10:02:05,339.3,10657545
2021-06-08 10:02:06,339.5,10660196
2021-06-08 10:02:07,339.45,10665881
2021-06-08 10:02:07,339.45,10665906
2021-06-08 10:02:09,339.45,10667719
2021-06-08 10:02:10,339.45,10670674
2021-06-08 10:02:11,339.4,10671030
2021-06-08 10:02:12,339.3,10672235
2021-06-08 10:02:13,339.25,10681837
2021-06-08 10:02:14,339.05,10685815
2021-06-08 10:02:15,339.0,10702326
2021-06-08 10:02:16,339.0,10703731
2021-06-08 10:02:16,339.0,10703731
2021-06-08 10:02:18,338.85,10704320
2021-06-08 10:02:19,338.7,10705737
2021-06-08 10:02:20,338.85,10705907
2021-06-08 10:02:21,338.85,10706371
2021-06-08 10:02:22,338.85,10709614
2021-06-08 10:02:23,338.7,10709990
2021-06-08 10:02:24,338.8,10711797
2021-06-08 10:02:25,338.6,10712819
2021-06-08 10:02:26,338.6,10714878
2021-06-08 10:02:26,338.6,10714878
2021-06-08 10:02:27,338.55,10715826
2021-06-08 10:02:29,338.7,10716376
2021-06-08 10:02:30,338.5,10716951
2021-06-08 10:02:31,338.5,10717590
2021-06-08 10:02:35,338.7,10720941
2021-06-08 10:02:35,338.55,10720646
2021-06-08 10:02:37,338.55,10722784
2021-06-08 10:02:38,338.7,10722974
2021-06-08 10:02:39,338.55,10725893
2021-06-08 10:02:40,338.6,10726742
2021-06-08 10:02:40,338.55,10726592
2021-06-08 10:02:42,338.7,10727131
2021-06-08 10:02:43,338.7,10730818
2021-06-08 10:02:44,338.5,10731159
2021-06-08 10:02:45,338.4,10748502
2021-06-08 10:02:45,338.45,10748512
2021-06-08 10:02:47,338.4,10752085
2021-06-08 10:02:48,338.5,10752378
2021-06-08 10:02:49,338.5,10753289
2021-06-08 10:02:50,338.55,10755454
2021-06-08 10:02:51,338.45,10756139
2021-06-08 10:02:52,338.4,10757151
2021-06-08 10:02:53,338.3,10759840
2021-06-08 10:02:54,338.45,10761982
2021-06-08 10:02:55,338.3,10762240
2021-06-08 10:02:56,338.3,10762309
2021-06-08 10:02:57,338.35,10764947
2021-06-08 10:02:58,338.55,10767179
2021-06-08 10:02:59,338.4,10767644
2021-06-08 10:03:00,338.4,10768886
2021-06-08 10:03:01,338.4,10772123
2021-06-08 10:03:02,338.35,10777116
2021-06-08 10:03:03,338.35,10778690
2021-06-08 10:03:04,338.3,10780034
2021-06-08 10:03:05,338.3,10784380
2021-06-08 10:03:06,338.3,10784695
2021-06-08 10:03:07,338.2,10786083
2021-06-08 10:03:08,338.2,10786197
2021-06-08 10:03:09,337.6,11000444
2021-06-08 10:03:10,337.8,11017578
2021-06-08 10:03:11,337.75,11020505
2021-06-08 10:03:12,337.85,11024587
2021-06-08 10:03:13,338.15,11029083
2021-06-08 10:03:14,338.0,11029153
2021-06-08 10:03:15,337.95,11037345
2021-06-08 10:03:16,338.2,11045684
2021-06-08 10:03:17,338.15,11047640
2021-06-08 10:03:18,338.3,11054961
2021-06-08 10:03:19,338.3,11056305
2021-06-08 10:03:20,338.4,11057394
2021-06-08 10:03:22,338.4,11059918
2021-06-08 10:03:21,338.4,11059902
2021-06-08 10:03:23,338.45,11061016
2021-06-08 10:03:24,338.3,11061276
2021-06-08 10:03:25,338.2,11063329
2021-06-08 10:03:26,338.2,11064484
2021-06-08 10:03:27,338.4,11068758
2021-06-08 10:03:28,338.55,11069722
2021-06-08 10:03:29,338.5,11070661
2021-06-08 10:03:31,338.6,11080444
2021-06-08 10:03:30,338.55,11080441
2021-06-08 10:03:32,338.55,11082122
2021-06-08 10:03:33,338.55,11083268
2021-06-08 10:03:34,338.7,11084673
2021-06-08 10:03:35,338.6,11085856
2021-06-08 10:03:36,338.8,11086983
2021-06-08 10:03:37,338.8,11088027
2021-06-08 10:03:38,338.8,11088032
2021-06-08 10:03:39,338.75,11089208
2021-06-08 10:03:40,338.7,11090733
2021-06-08 10:03:41,338.85,11092613
2021-06-08 10:03:42,338.7,11093197
2021-06-08 10:03:43,338.9,11095078
2021-06-08 10:03:44,338.85,11095431
2021-06-08 10:03:45,338.8,11096847
2021-06-08 10:03:46,338.9,11099932
2021-06-08 10:03:47,338.85,11100413
2021-06-08 10:03:48,338.85,11100413
2021-06-08 10:03:49,338.75,11100630
2021-06-08 10:03:50,338.7,11101078
2021-06-08 10:03:51,338.75,11102656
2021-06-08 10:03:52,338.65,11103569
2021-06-08 10:03:53,338.65,11103847
2021-06-08 10:03:54,338.65,11104693
2021-06-08 10:03:55,338.65,11105058
2021-06-08 10:03:56,338.65,11105375
2021-06-08 10:03:57,338.8,11106218
2021-06-08 10:03:58,338.65,11106511
2021-06-08 10:03:59,338.7,11107461
2021-06-08 10:04:00,338.7,11110076
2021-06-08 10:04:01,338.65,11111461
2021-06-08 10:04:02,338.7,11114595
2021-06-08 10:04:03,338.7,11115198
2021-06-08 10:04:04,338.65,11116804
2021-06-08 10:04:05,338.5,11118142
2021-06-08 10:04:07,338.6,11119411
2021-06-08 10:04:06,338.65,11119200
2021-06-08 10:04:08,338.55,11120070
2021-06-08 10:04:09,338.55,11121131
2021-06-08 10:04:11,338.65,11124683
2021-06-08 10:04:12,338.5,11126192
2021-06-08 10:04:13,338.65,11127668
2021-06-08 10:04:14,338.65,11128590
2021-06-08 10:04:15,338.5,11128941
2021-06-08 10:04:17,338.6,11136371
2021-06-08 10:04:18,338.55,11138372
2021-06-08 10:04:19,338.55,11139170
2021-06-08 10:04:20,338.65,11139317
2021-06-08 10:04:21,338.55,11140012
2021-06-08 10:04:23,338.7,11145381
2021-06-08 10:04:24,338.7,11145531
2021-06-08 10:04:25,338.65,11149399
2021-06-08 10:04:26,338.8,11149579
2021-06-08 10:04:27,338.65,11150477
2021-06-08 10:04:28,338.7,11153312
2021-06-08 10:04:29,338.7,11154858
2021-06-08 10:04:30,338.9,11166268
2021-06-08 10:04:31,338.95,11166398
2021-06-08 10:04:32,338.85,11166886
2021-06-08 10:04:33,338.95,11167598
2021-06-08 10:04:34,339.45,11190575
2021-06-08 10:04:35,339.35,11195677
2021-06-08 10:04:36,339.35,11198757
2021-06-08 10:04:37,339.5,11199067
2021-06-08 10:04:38,339.45,11199261
2021-06-08 10:04:39,339.55,11206194
2021-06-08 10:04:40,339.4,11208817
2021-06-08 10:04:41,339.25,11209199
2021-06-08 10:04:42,339.3,11217983
2021-06-08 10:04:43,339.3,11218128
2021-06-08 10:04:44,339.3,11218953
2021-06-08 10:04:45,339.3,11219403
2021-06-08 10:04:46,339.25,11221495
2021-06-08 10:04:47,339.25,11222058
2021-06-08 10:04:48,339.25,11222998
2021-06-08 10:04:49,339.15,11223251
2021-06-08 10:04:50,339.1,11224777
2021-06-08 10:04:51,339.25,11225096
2021-06-08 10:04:52,339.2,11225775
2021-06-08 10:04:53,339.2,11228007
2021-06-08 10:04:54,339.25,11228610
2021-06-08 10:04:55,339.2,11229387
2021-06-08 10:04:56,339.1,11230782
2021-06-08 10:04:57,339.0,11239001
2021-06-08 10:04:58,338.85,11240112
2021-06-08 10:04:59,339.05,11240167
2021-06-08 10:05:00,338.85,11243102
2021-06-08 10:05:02,339.05,11248664
2021-06-08 10:05:03,339.2,11249819
2021-06-08 10:05:04,339.2,11252480
2021-06-08 10:05:06,339.1,11253068
2021-06-08 10:05:07,339.0,11254335
2021-06-08 10:05:07,339.05,11255940
2021-06-08 10:05:08,338.9,11257269
2021-06-08 10:05:09,338.85,11260466
2021-06-08 10:05:10,339.05,11260868
2021-06-08 10:05:11,339.05,11267291
2021-06-08 10:05:13,338.85,11268180
2021-06-08 10:05:14,339.05,11269141
2021-06-08 10:05:15,339.0,11269403
2021-06-08 10:05:15,339.0,11269403
2021-06-08 10:05:16,339.05,11271543
2021-06-08 10:05:18,339.15,11288187
2021-06-08 10:05:19,339.1,11289207
2021-06-08 10:05:20,339.3,11289863
2021-06-08 10:05:21,339.3,11290170
2021-06-08 10:05:22,339.15,11292613
2021-06-08 10:05:23,339.15,11294409
2021-06-08 10:05:24,339.25,11295175
2021-06-08 10:05:26,339.3,11299681
2021-06-08 10:05:26,339.3,11299678
2021-06-08 10:05:27,339.4,11300729
2021-06-08 10:05:28,339.6,11319560
2021-06-08 10:05:29,339.7,11325210
2021-06-08 10:05:30,339.6,11330894
2021-06-08 10:05:31,339.75,11331986
2021-06-08 10:05:32,339.8,11336235
2021-06-08 10:05:33,339.65,11337155
2021-06-08 10:05:34,339.8,11337553
2021-06-08 10:05:35,339.8,11339613
2021-06-08 10:05:37,339.8,11341863
2021-06-08 10:05:37,339.6,11341901
2021-06-08 10:05:38,339.5,11343493
2021-06-08 10:05:39,339.65,11348805
2021-06-08 10:05:40,339.65,11349369
2021-06-08 10:05:41,339.5,11350315
2021-06-08 10:05:42,339.5,11350875
2021-06-08 10:05:43,339.65,11352992
2021-06-08 10:05:44,339.55,11356540
2021-06-08 10:05:46,339.55,11357421
2021-06-08 10:05:46,339.55,11357506
2021-06-08 10:05:47,339.4,11360641
2021-06-08 10:05:48,339.5,11364212
2021-06-08 10:05:49,339.5,11364442
2021-06-08 10:05:50,339.65,11366541
2021-06-08 10:05:51,339.55,11369523
2021-06-08 10:05:52,339.7,11369553
2021-06-08 10:05:53,339.65,11370994
2021-06-08 10:05:54,339.75,11374024
2021-06-08 10:05:55,339.75,11377651
2021-06-08 10:05:57,339.6,11378784
2021-06-08 10:05:57,339.6,11385219
2021-06-08 10:05:59,339.75,11386705
2021-06-08 10:05:59,339.6,11386835
2021-06-08 10:06:00,339.6,11388921
2021-06-08 10:06:01,339.5,11392887
2021-06-08 10:06:02,339.4,11394438
2021-06-08 10:06:03,339.45,11394930
2021-06-08 10:06:05,339.35,11398371
2021-06-08 10:06:05,339.3,11398902
2021-06-08 10:06:06,339.3,11404344
2021-06-08 10:06:07,339.4,11404569
2021-06-08 10:06:09,339.3,11405037
2021-06-08 10:06:10,339.45,11405997
2021-06-08 10:06:10,339.45,11406047
2021-06-08 10:06:11,339.25,11408574
2021-06-08 10:06:12,339.35,11409439
2021-06-08 10:06:14,339.45,11409897
2021-06-08 10:06:15,339.5,11410614
2021-06-08 10:06:16,339.5,11410783
2021-06-08 10:06:17,339.35,11414494
2021-06-08 10:06:18,339.45,11417365
2021-06-08 10:06:19,339.45,11417441
2021-06-08 10:06:21,339.5,11418871
2021-06-08 10:06:21,339.4,11418889
2021-06-08 10:06:22,339.45,11418994
2021-06-08 10:06:23,339.45,11419324
2021-06-08 10:06:24,339.55,11423245
