timestamp,ltp,volume
2021-06-08 09:15:54,1038.4,40042
2021-06-08 09:15:55,1038.4,40195
2021-06-08 09:15:56,1038.4,40336
2021-06-08 09:15:58,1038.95,41358
2021-06-08 09:15:59,1039.0,42653
2021-06-08 09:16:00,1039.0,42823
2021-06-08 09:16:01,1039.15,42977
2021-06-08 09:16:02,1038.75,43091
2021-06-08 09:16:03,1038.75,43092
2021-06-08 09:16:04,1038.75,43114
2021-06-08 09:16:05,1038.75,43657
2021-06-08 09:16:06,1039.1,43675
2021-06-08 09:16:07,1039.1,43689
2021-06-08 09:16:08,1039.0,43818
2021-06-08 09:16:09,1039.0,43879
2021-06-08 09:16:09,1039.0,43879
2021-06-08 09:16:10,1039.1,43914
2021-06-08 09:16:11,1039.0,44024
2021-06-08 09:16:13,1039.1,44174
2021-06-08 09:16:14,1038.75,44175
2021-06-08 09:16:15,1039.4,44360
2021-06-08 09:16:16,1039.0,44431
2021-06-08 09:16:17,1038.75,44464
2021-06-08 09:16:18,1038.0,44646
2021-06-08 09:16:19,1038.05,44697
2021-06-08 09:16:20,1038.4,44702
2021-06-08 09:16:20,1038.4,44702
2021-06-08 09:16:21,1038.2,45297
2021-06-08 09:16:22,1037.9,45398
2021-06-08 09:16:23,1037.9,45413
2021-06-08 09:16:24,1037.9,45413
2021-06-08 09:16:25,1038.35,46443
2021-06-08 09:16:26,1038.4,46544
2021-06-08 09:16:27,1037.85,46635
2021-06-08 09:16:28,1037.85,46704
2021-06-08 09:16:30,1037.65,46739
2021-06-08 09:16:31,1037.95,46756
2021-06-08 09:16:32,1037.1,47199
2021-06-08 09:16:32,1037.65,47201
2021-06-08 09:16:33,1037.65,47201
2021-06-08 09:16:34,1037.1,47399
2021-06-08 09:16:36,1037.55,47447
2021-06-08 09:16:37,1037.2,47625
2021-06-08 09:16:38,1037.6,47906
2021-06-08 09:16:39,1037.45,47907
2021-06-08 09:16:39,1037.45,47907
2021-06-08 09:16:40,1037.45,47928
2021-06-08 09:16:41,1037.65,47978
2021-06-08 09:16:42,1037.15,48058
2021-06-08 09:16:43,1037.75,48188
2021-06-08 09:16:44,1038.15,49288
2021-06-08 09:16:45,1037.4,49423
2021-06-08 09:16:46,1038.25,49433
2021-06-08 09:16:47,1037.7,49790
2021-06-08 09:16:49,1037.45,50443
2021-06-08 09:16:50,1037.5,50493
2021-06-08 09:16:51,1037.85,50501
2021-06-08 09:16:52,1037.6,50565
2021-06-08 09:16:53,1037.6,50612
2021-06-08 09:16:53,1037.6,50612
2021-06-08 09:16:54,1037.7,50658
2021-06-08 09:16:56,1037.7,50658
2021-06-08 09:16:57,1038.0,51473
2021-06-08 09:16:58,1038.1,51658
2021-06-08 09:16:59,1037.55,51673
2021-06-08 09:16:59,1037.55,51673
2021-06-08 09:17:00,1038.1,51683
2021-06-08 09:17:02,1037.5,52258
2021-06-08 09:17:04,1039.75,58678
2021-06-08 09:17:04,1039.75,58678
2021-06-08 09:17:05,1040.9,62824
2021-06-08 09:17:07,1039.65,64990
2021-06-08 09:17:08,1039.8,65091
2021-06-08 09:17:09,1040.0,65313
2021-06-08 09:17:09,1040.45,65363
2021-06-08 09:17:10,1040.45,65393
2021-06-08 09:17:11,1039.7,65398
2021-06-08 09:17:12,1040.35,68778
2021-06-08 09:17:14,1040.75,69032
2021-06-08 09:17:15,1040.25,69146
2021-06-08 09:17:16,1040.35,69171
2021-06-08 09:17:17,1040.4,69256
2021-06-08 09:17:18,1040.8,69382
2021-06-08 09:17:18,1040.8,69382
2021-06-08 09:17:20,1039.95,69647
2021-06-08 09:17:21,1040.0,69687
2021-06-08 09:17:22,1040.05,69830
2021-06-08 09:17:23,1040.8,69999
2021-06-08 09:17:24,1040.8,70004
2021-06-08 09:17:25,1040.5,70087
2021-06-08 09:17:26,1040.9,70137
2021-06-08 09:17:26,1040.9,70137
2021-06-08 09:17:27,1041.0,70351
2021-06-08 09:17:29,1041.65,70584
2021-06-08 09:17:30,1042.0,70713
2021-06-08 09:17:31,1042.0,70851
2021-06-08 09:17:33,1042.65,71797
2021-06-08 09:17:33,1042.2,71782
2021-06-08 09:17:35,1042.35,72806
2021-06-08 09:17:36,1042.55,74803
2021-06-08 09:17:37,1042.55,75003
2021-06-08 09:17:38,1042.65,75265
2021-06-08 09:17:39,1042.45,75761
2021-06-08 09:17:40,1043.9,76816
2021-06-08 09:17:41,1044.05,79175
2021-06-08 09:17:41,1044.05,79175
2021-06-08 09:17:42,1044.7,79838
2021-06-08 09:17:44,1044.15,81706
2021-06-08 09:17:45,1044.45,82280
2021-06-08 09:17:46,1044.7,83201
2021-06-08 09:17:48,1044.8,88072
2021-06-08 09:17:49,1045.25,88431
2021-06-08 09:17:49,1044.8,88212
2021-06-08 09:17:51,1045.05,88611
2021-06-08 09:17:52,1045.25,88814
2021-06-08 09:17:53,1045.0,89368
2021-06-08 09:17:54,1045.3,89523
2021-06-08 09:17:55,1045.25,90984
2021-06-08 09:17:55,1045.3,90843
2021-06-08 09:17:56,1045.25,92130
2021-06-08 09:17:58,1044.7,92597
2021-06-08 09:17:59,1044.7,93078
2021-06-08 09:18:00,1044.5,94513
2021-06-08 09:18:01,1044.7,95030
2021-06-08 09:18:01,1044.9,94721
2021-06-08 09:18:03,1044.9,96247
2021-06-08 09:18:05,1045.0,96755
2021-06-08 09:18:06,1044.9,97518
2021-06-08 09:18:07,1044.35,97788
2021-06-08 09:18:08,1044.75,98604
2021-06-08 09:18:08,1044.7,98605
2021-06-08 09:18:09,1044.45,99038
2021-06-08 09:18:11,1044.15,99220
2021-06-08 09:18:12,1045.0,100055
2021-06-08 09:18:13,1044.85,100892
2021-06-08 09:18:14,1044.3,100999
2021-06-08 09:18:15,1044.5,101820
2021-06-08 09:18:16,1044.9,102240
2021-06-08 09:18:18,1045.0,102942
2021-06-08 09:18:19,1045.5,108768
2021-06-08 09:18:20,1045.45,109022
2021-06-08 09:18:21,1045.5,109532
2021-06-08 09:18:22,1044.95,111580
2021-06-08 09:18:23,1045.4,111889
2021-06-08 09:18:24,1045.0,112121
2021-06-08 09:18:25,1045.85,113034
2021-06-08 09:18:26,1045.0,113600
2021-06-08 09:18:28,1044.3,116902
2021-06-08 09:18:29,1045.3,117545
2021-06-08 09:18:29,1045.95,117565
2021-06-08 09:18:31,1045.85,118103
2021-06-08 09:18:32,1046.0,118558
2021-06-08 09:18:33,1045.5,118671
2021-06-08 09:18:34,1046.05,119114
2021-06-08 09:18:35,1046.25,119165
2021-06-08 09:18:37,1045.25,119686
2021-06-08 09:18:38,1045.6,120760
2021-06-08 09:18:40,1045.15,123003
2021-06-08 09:18:41,1045.0,125143
2021-06-08 09:18:42,1045.3,125341
2021-06-08 09:18:43,1045.0,125500
2021-06-08 09:18:44,1045.0,125709
2021-06-08 09:18:45,1045.3,126158
2021-06-08 09:18:46,1044.95,126600
2021-06-08 09:18:47,1045.0,127471
2021-06-08 09:18:48,1045.5,127913
2021-06-08 09:18:48,1045.55,127923
2021-06-08 09:18:49,1045.45,128072
2021-06-08 09:18:51,1045.75,128266
2021-06-08 09:18:52,1045.15,129481
2021-06-08 09:18:53,1045.75,130053
2021-06-08 09:18:54,1045.55,131313
2021-06-08 09:18:54,1045.55,131313
2021-06-08 09:18:55,1045.15,131997
2021-06-08 09:18:57,1045.7,132101
2021-06-08 09:18:59,1045.6,133161
2021-06-08 09:19:00,1045.0,134102
2021-06-08 09:19:01,1045.0,134102
2021-06-08 09:19:02,1045.0,134332
2021-06-08 09:19:02,1045.0,134332
2021-06-08 09:19:05,1044.9,135497
2021-06-08 09:19:06,1044.7,135748
2021-06-08 09:19:07,1045.0,137941
2021-06-08 09:19:07,1045.0,138042
2021-06-08 09:19:08,1045.0,138220
2021-06-08 09:19:10,1044.05,138953
2021-06-08 09:19:11,1044.85,138982
2021-06-08 09:19:12,1044.4,139213
2021-06-08 09:19:13,1044.2,139893
2021-06-08 09:19:14,1044.85,139942
2021-06-08 09:19:15,1044.65,140401
2021-06-08 09:19:16,1044.6,140641
2021-06-08 09:19:16,1044.1,140789
2021-06-08 09:19:18,1044.0,141307
2021-06-08 09:19:20,1044.95,141925
2021-06-08 09:19:21,1044.5,142221
2021-06-08 09:19:22,1044.45,142489
2021-06-08 09:19:23,1044.95,143340
2021-06-08 09:19:23,1044.95,143340
2021-06-08 09:19:24,1044.35,143533
2021-06-08 09:19:27,1044.8,143791
2021-06-08 09:19:28,1044.7,144935
2021-06-08 09:19:30,1044.2,145399
2021-06-08 09:19:29,1044.2,145399
2021-06-08 09:19:31,1044.25,146415
2021-06-08 09:19:32,1044.5,146485
2021-06-08 09:19:34,1046.7,154940
2021-06-08 09:19:35,1046.75,155289
2021-06-08 09:19:36,1046.8,155443
2021-06-08 09:19:37,1046.25,155818
2021-06-08 09:19:38,1046.2,155858
2021-06-08 09:19:39,1046.75,155981
2021-06-08 09:19:40,1046.05,156076
2021-06-08 09:19:41,1045.65,156553
2021-06-08 09:19:42,1046.4,158667
2021-06-08 09:19:43,1046.95,159047
2021-06-08 09:19:44,1047.2,161106
2021-06-08 09:19:45,1046.75,161467
2021-06-08 09:19:46,1046.9,161889
2021-06-08 09:19:47,1046.9,161890
2021-06-08 09:19:48,1046.25,162425
2021-06-08 09:19:49,1046.8,162603
2021-06-08 09:19:50,1046.95,162912
2021-06-08 09:19:51,1046.9,163232
2021-06-08 09:19:52,1047.35,163874
2021-06-08 09:19:53,1046.5,165607
2021-06-08 09:19:54,1046.5,165607
2021-06-08 09:19:55,1047.1,166336
2021-06-08 09:19:56,1047.3,166709
2021-06-08 09:19:57,1047.3,168512
2021-06-08 09:19:58,1047.15,169222
2021-06-08 09:19:59,1047.75,169503
2021-06-08 09:20:02,1047.95,170479
2021-06-08 09:20:01,1048.0,170349
2021-06-08 09:20:03,1048.0,170727
2021-06-08 09:20:04,1047.95,170910
2021-06-08 09:20:05,1047.65,171885
2021-06-08 09:20:06,1048.25,174395
2021-06-08 09:20:07,1048.55,174998
2021-06-08 09:20:08,1048.55,175288
2021-06-08 09:20:10,1048.8,177221
2021-06-08 09:20:11,1048.45,177231
2021-06-08 09:20:12,1048.1,178225
2021-06-08 09:20:13,1048.7,178740
2021-06-08 09:20:14,1049.0,179671
2021-06-08 09:20:15,1048.85,180829
2021-06-08 09:20:16,1048.8,181580
2021-06-08 09:20:17,1048.7,182215
2021-06-08 09:20:18,1048.5,183053
2021-06-08 09:20:19,1049.0,183058
2021-06-08 09:20:20,1048.45,183464
2021-06-08 09:20:21,1049.0,184576
2021-06-08 09:20:22,1048.45,186673
2021-06-08 09:20:23,1048.45,188714
2021-06-08 09:20:25,1049.25,189141
2021-06-08 09:20:26,1048.55,189437
2021-06-08 09:20:27,1049.2,189651
2021-06-08 09:20:28,1048.55,190442
2021-06-08 09:20:29,1049.25,191121
2021-06-08 09:20:30,1048.85,192080
2021-06-08 09:20:31,1049.0,192242
2021-06-08 09:20:32,1048.25,196145
2021-06-08 09:20:33,1049.15,196346
2021-06-08 09:20:34,1049.5,197367
2021-06-08 09:20:35,1049.0,197437
2021-06-08 09:20:36,1049.5,198125
2021-06-08 09:20:37,1049.5,198595
2021-06-08 09:20:38,1049.6,198936
2021-06-08 09:20:39,1049.05,199115
2021-06-08 09:20:40,1049.65,199285
2021-06-08 09:20:41,1049.7,199387
2021-06-08 09:20:42,1049.1,200360
2021-06-08 09:20:43,1050.5,230564
2021-06-08 09:20:44,1050.05,231451
2021-06-08 09:20:45,1049.7,232780
2021-06-08 09:20:47,1050.4,234436
2021-06-08 09:20:48,1049.95,235925
2021-06-08 09:20:49,1050.8,237334
2021-06-08 09:20:50,1050.35,237729
2021-06-08 09:20:51,1050.65,238761
2021-06-08 09:20:52,1051.0,239350
2021-06-08 09:20:53,1051.1,247043
2021-06-08 09:20:54,1051.15,247556
2021-06-08 09:20:55,1051.2,248304
2021-06-08 09:20:56,1050.8,249277
2021-06-08 09:20:57,1050.45,250351
2021-06-08 09:20:58,1050.9,250808
2021-06-08 09:20:59,1050.9,251648
2021-06-08 09:21:00,1050.7,252334
2021-06-08 09:21:01,1050.1,254600
2021-06-08 09:21:02,1049.55,254705
2021-06-08 09:21:03,1049.4,255549
2021-06-08 09:21:04,1050.4,256438
2021-06-08 09:21:05,1049.95,256821
2021-06-08 09:21:06,1050.25,257354
2021-06-08 09:21:07,1050.25,257587
2021-06-08 09:21:09,1050.4,257962
2021-06-08 09:21:10,1050.25,258160
2021-06-08 09:21:11,1050.5,258817
2021-06-08 09:21:13,1050.95,259426
2021-06-08 09:21:14,1050.5,260915
2021-06-08 09:21:15,1050.95,262012
2021-06-08 09:21:16,1051.0,262293
2021-06-08 09:21:17,1051.05,262429
2021-06-08 09:21:18,1051.05,262566
2021-06-08 09:21:19,1051.55,262680
2021-06-08 09:21:20,1051.85,262934
2021-06-08 09:21:21,1051.9,263388
2021-06-08 09:21:22,1051.85,263620
2021-06-08 09:21:23,1051.35,263630
2021-06-08 09:21:24,1051.85,263930
2021-06-08 09:21:25,1051.45,264126
2021-06-08 09:21:27,1051.5,265275
2021-06-08 09:21:28,1051.75,265348
2021-06-08 09:21:30,1050.75,269789
2021-06-08 09:21:31,1051.35,270429
2021-06-08 09:21:32,1051.65,271471
2021-06-08 09:21:33,1051.6,272890
2021-06-08 09:21:34,1051.9,273410
2021-06-08 09:21:35,1051.15,273545
2021-06-08 09:21:37,1051.45,273840
2021-06-08 09:21:38,1051.5,274056
2021-06-08 09:21:39,1051.05,274210
2021-06-08 09:21:40,1051.35,274983
2021-06-08 09:21:41,1050.9,275427
2021-06-08 09:21:42,1051.65,277790
2021-06-08 09:21:43,1051.1,278760
2021-06-08 09:21:44,1050.95,279859
2021-06-08 09:21:45,1051.75,280513
2021-06-08 09:21:46,1051.6,280739
2021-06-08 09:21:47,1051.4,280799
2021-06-08 09:21:48,1051.3,282218
2021-06-08 09:21:49,1051.4,282366
2021-06-08 09:21:50,1051.0,282608
2021-06-08 09:21:51,1050.95,282836
2021-06-08 09:21:52,1051.0,283043
2021-06-08 09:21:53,1050.9,283121
2021-06-08 09:21:54,1050.6,283372
2021-06-08 09:21:55,1050.1,284791
2021-06-08 09:21:55,1050.1,284791
2021-06-08 09:21:56,1050.25,285130
2021-06-08 09:21:57,1049.95,287270
2021-06-08 09:21:58,1049.65,287885
2021-06-08 09:21:59,1050.25,290287
2021-06-08 09:22:00,1049.0,291758
2021-06-08 09:22:01,1049.4,292692
2021-06-08 09:22:02,1049.45,292863
2021-06-08 09:22:03,1049.75,293011
2021-06-08 09:22:04,1049.35,293205
2021-06-08 09:22:05,1050.0,295710
2021-06-08 09:22:06,1050.6,296130
2021-06-08 09:22:07,1049.85,296848
2021-06-08 09:22:08,1049.95,298236
2021-06-08 09:22:09,1050.0,298761
2021-06-08 09:22:10,1049.65,299045
2021-06-08 09:22:11,1050.05,299317
2021-06-08 09:22:12,1049.9,300881
2021-06-08 09:22:13,1050.15,301567
2021-06-08 09:22:14,1050.35,302333
2021-06-08 09:22:15,1049.45,302820
2021-06-08 09:22:16,1049.0,305078
2021-06-08 09:22:18,1049.5,305307
2021-06-08 09:22:19,1049.8,307335
2021-06-08 09:22:20,1049.65,307950
2021-06-08 09:22:21,1049.6,308170
2021-06-08 09:22:22,1049.9,309900
2021-06-08 09:22:23,1049.3,310488
2021-06-08 09:22:24,1049.8,312209
2021-06-08 09:22:25,1049.55,313046
2021-06-08 09:22:25,1049.65,313406
2021-06-08 09:22:26,1049.3,314680
2021-06-08 09:22:27,1049.15,315655
2021-06-08 09:22:28,1049.55,316875
2021-06-08 09:22:29,1049.95,318436
2021-06-08 09:22:30,1049.8,319979
2021-06-08 09:22:31,1049.9,320225
2021-06-08 09:22:33,1050.6,323253
2021-06-08 09:22:33,1050.6,323253
2021-06-08 09:22:34,1050.25,323656
2021-06-08 09:22:35,1050.5,324949
2021-06-08 09:22:37,1051.0,328599
2021-06-08 09:22:38,1050.1,330173
2021-06-08 09:22:40,1050.5,330377
2021-06-08 09:22:40,1050.15,330477
2021-06-08 09:22:41,1050.6,331624
2021-06-08 09:22:42,1050.6,332168
2021-06-08 09:22:43,1050.25,332905
2021-06-08 09:22:44,1050.7,333226
2021-06-08 09:22:45,1050.3,333901
2021-06-08 09:22:47,1050.3,334679
2021-06-08 09:22:48,1050.7,335203
2021-06-08 09:22:49,1050.55,335915
2021-06-08 09:22:50,1050.75,336266
2021-06-08 09:22:50,1050.75,336266
2021-06-08 09:22:51,1050.7,336926
2021-06-08 09:22:52,1050.35,337397
2021-06-08 09:22:53,1050.75,337743
2021-06-08 09:22:54,1050.85,338223
2021-06-08 09:22:55,1050.8,338482
2021-06-08 09:22:57,1050.5,339547
2021-06-08 09:22:58,1050.75,339829
2021-06-08 09:22:59,1050.35,340774
2021-06-08 09:22:59,1050.35,340789
2021-06-08 09:23:00,1050.2,341301
2021-06-08 09:23:02,1049.4,344076
2021-06-08 09:23:03,1049.4,344471
2021-06-08 09:23:04,1049.95,344973
2021-06-08 09:23:05,1049.45,345342
2021-06-08 09:23:07,1049.7,345852
2021-06-08 09:23:08,1049.65,346267
2021-06-08 09:23:08,1049.45,346444
2021-06-08 09:23:09,1049.4,347975
2021-06-08 09:23:10,1049.35,348868
2021-06-08 09:23:11,1049.2,349290
2021-06-08 09:23:12,1049.3,349574
2021-06-08 09:23:13,1049.5,349666
2021-06-08 09:23:14,1049.5,349823
2021-06-08 09:23:15,1049.25,352302
2021-06-08 09:23:16,1049.5,352702
2021-06-08 09:23:17,1049.35,352801
2021-06-08 09:23:18,1048.9,354240
2021-06-08 09:23:20,1048.9,354372
2021-06-08 09:23:21,1049.05,355879
2021-06-08 09:23:22,1048.55,355962
2021-06-08 09:23:23,1049.0,356467
2021-06-08 09:23:23,1048.75,356448
2021-06-08 09:23:24,1049.25,358061
2021-06-08 09:23:25,1049.05,358899
2021-06-08 09:23:26,1049.0,359041
2021-06-08 09:23:27,1048.3,360266
2021-06-08 09:23:29,1048.95,360824
2021-06-08 09:23:30,1048.8,361156
2021-06-08 09:23:31,1048.15,361245
2021-06-08 09:23:32,1048.0,364261
2021-06-08 09:23:33,1047.5,364456
2021-06-08 09:23:34,1047.5,364552
2021-06-08 09:23:36,1047.95,365257
2021-06-08 09:23:38,1047.1,367030
2021-06-08 09:23:39,1047.8,367492
2021-06-08 09:23:40,1047.8,367847
2021-06-08 09:23:42,1047.3,370053
2021-06-08 09:23:43,1047.45,375689
2021-06-08 09:23:44,1047.4,376203
2021-06-08 09:23:45,1047.45,376469
2021-06-08 09:23:47,1048.2,377923
2021-06-08 09:23:48,1048.05,377973
2021-06-08 09:23:49,1048.5,378188
2021-06-08 09:23:51,1048.0,378749
2021-06-08 09:23:52,1048.6,378903
2021-06-08 09:23:53,1048.15,378958
2021-06-08 09:23:54,1048.25,379088
2021-06-08 09:23:55,1048.25,379193
2021-06-08 09:23:56,1048.05,379305
2021-06-08 09:23:57,1048.05,379428
2021-06-08 09:23:57,1048.55,379497
2021-06-08 09:23:58,1048.0,379498
2021-06-08 09:23:59,1048.4,379500
2021-06-08 09:24:00,1048.6,380085
2021-06-08 09:24:01,1048.55,380322
2021-06-08 09:24:02,1047.4,381849
2021-06-08 09:24:03,1048.0,382019
2021-06-08 09:24:04,1048.0,382078
2021-06-08 09:24:06,1048.0,382774
2021-06-08 09:24:07,1047.5,383304
2021-06-08 09:24:08,1048.0,384189
2021-06-08 09:24:09,1048.0,384224
2021-06-08 09:24:10,1048.0,384423
2021-06-08 09:24:11,1047.95,384880
2021-06-08 09:24:12,1048.0,385109
2021-06-08 09:24:13,1048.55,390789
2021-06-08 09:24:14,1048.85,390934
2021-06-08 09:24:14,1048.8,390935
2021-06-08 09:24:15,1048.2,391273
2021-06-08 09:24:17,1048.75,391328
2021-06-08 09:24:18,1048.75,391388
2021-06-08 09:24:19,1049.0,391715
2021-06-08 09:24:20,1048.4,392145
2021-06-08 09:24:21,1048.95,392444
2021-06-08 09:24:22,1048.9,392454
2021-06-08 09:24:23,1048.15,392878
2021-06-08 09:24:24,1048.05,394129
2021-06-08 09:24:25,1048.7,394132
2021-06-08 09:24:26,1048.0,394215
2021-06-08 09:24:27,1048.3,394240
2021-06-08 09:24:28,1048.2,394531
2021-06-08 09:24:30,1048.2,394686
2021-06-08 09:24:31,1048.45,394986
2021-06-08 09:24:32,1048.05,395189
2021-06-08 09:24:33,1048.05,395242
2021-06-08 09:24:34,1048.85,395406
2021-06-08 09:24:35,1048.05,395923
2021-06-08 09:24:36,1048.35,396219
2021-06-08 09:24:36,1048.35,396219
2021-06-08 09:24:37,1048.5,396332
2021-06-08 09:24:38,1048.1,396507
2021-06-08 09:24:39,1048.0,396932
2021-06-08 09:24:40,1048.15,397257
2021-06-08 09:24:41,1048.0,397373
2021-06-08 09:24:42,1048.2,397418
2021-06-08 09:24:43,1048.15,397977
2021-06-08 09:24:44,1048.15,397999
2021-06-08 09:24:45,1048.15,398082
2021-06-08 09:24:46,1048.1,398311
2021-06-08 09:24:48,1048.2,398431
2021-06-08 09:24:49,1048.15,398559
2021-06-08 09:24:50,1048.2,399341
2021-06-08 09:24:51,1048.1,399454
2021-06-08 09:24:52,1048.9,399566
2021-06-08 09:24:53,1048.5,399586
2021-06-08 09:24:54,1048.65,399658
2021-06-08 09:24:55,1048.65,399684
2021-06-08 09:24:56,1048.0,400244
2021-06-08 09:24:57,1048.55,400775
2021-06-08 09:24:57,1049.15,402560
2021-06-08 09:24:58,1049.8,403397
2021-06-08 09:24:59,1049.2,404685
2021-06-08 09:25:00,1050.5,412256
2021-06-08 09:25:01,1050.85,412633
2021-06-08 09:25:02,1050.85,413175
2021-06-08 09:25:04,1051.0,415545
2021-06-08 09:25:05,1051.2,416375
2021-06-08 09:25:05,1051.0,416257
2021-06-08 09:25:06,1051.4,416532
2021-06-08 09:25:07,1051.2,416591
2021-06-08 09:25:08,1051.55,416702
2021-06-08 09:25:09,1051.25,416984
2021-06-08 09:25:10,1051.35,418971
2021-06-08 09:25:11,1051.75,419994
2021-06-08 09:25:12,1052.0,424633
2021-06-08 09:25:13,1052.45,425684
2021-06-08 09:25:14,1052.7,427183
2021-06-08 09:25:15,1052.75,428687
2021-06-08 09:25:16,1052.25,429068
2021-06-08 09:25:18,1052.45,429588
2021-06-08 09:25:19,1052.45,429905
2021-06-08 09:25:20,1052.5,430915
2021-06-08 09:25:21,1052.75,431384
2021-06-08 09:25:22,1052.35,433778
2021-06-08 09:25:22,1052.3,433663
2021-06-08 09:25:23,1052.65,434015
2021-06-08 09:25:24,1052.9,434342
2021-06-08 09:25:25,1052.4,435629
2021-06-08 09:25:27,1053.1,438832
2021-06-08 09:25:26,1051.85,436697
2021-06-08 09:25:29,1052.25,439769
2021-06-08 09:25:30,1052.25,440162
2021-06-08 09:25:30,1052.25,440162
2021-06-08 09:25:31,1052.2,440425
2021-06-08 09:25:32,1052.2,440599
2021-06-08 09:25:33,1052.2,440705
2021-06-08 09:25:34,1052.3,441150
2021-06-08 09:25:35,1052.0,442757
2021-06-08 09:25:37,1052.0,443117
2021-06-08 09:25:38,1051.6,443343
2021-06-08 09:25:38,1051.95,443333
2021-06-08 09:25:39,1052.3,444937
2021-06-08 09:25:40,1052.35,445394
2021-06-08 09:25:41,1052.0,445404
2021-06-08 09:25:42,1051.9,446329
2021-06-08 09:25:43,1052.2,446624
2021-06-08 09:25:45,1052.2,446738
2021-06-08 09:25:46,1051.85,446778
2021-06-08 09:25:47,1051.85,447101
2021-06-08 09:25:48,1052.25,447436
2021-06-08 09:25:49,1052.1,447731
2021-06-08 09:25:50,1052.55,448323
2021-06-08 09:25:51,1052.15,448694
2021-06-08 09:25:52,1052.8,449221
2021-06-08 09:25:53,1052.6,449634
2021-06-08 09:25:54,1052.75,449809
2021-06-08 09:25:55,1051.9,450474
2021-06-08 09:25:56,1052.4,450935
2021-06-08 09:25:57,1052.15,451243
2021-06-08 09:25:59,1052.1,451319
2021-06-08 09:26:00,1052.05,451604
2021-06-08 09:26:00,1052.55,451733
2021-06-08 09:26:01,1052.05,451882
2021-06-08 09:26:02,1052.8,452294
2021-06-08 09:26:04,1051.65,453127
2021-06-08 09:26:05,1052.0,453610
2021-06-08 09:26:06,1052.0,453806
2021-06-08 09:26:06,1052.0,453988
2021-06-08 09:26:07,1052.0,454219
2021-06-08 09:26:09,1052.0,454413
2021-06-08 09:26:10,1052.2,454710
2021-06-08 09:26:11,1052.0,454784
2021-06-08 09:26:12,1052.1,456400
2021-06-08 09:26:13,1051.7,456638
2021-06-08 09:26:14,1051.65,456985
2021-06-08 09:26:14,1051.6,456988
2021-06-08 09:26:15,1051.65,457211
2021-06-08 09:26:16,1051.7,457333
2021-06-08 09:26:18,1051.9,458495
2021-06-08 09:26:19,1051.4,458741
2021-06-08 09:26:20,1051.25,460502
2021-06-08 09:26:22,1051.0,461256
2021-06-08 09:26:23,1051.25,463158
2021-06-08 09:26:24,1051.1,463193
2021-06-08 09:26:25,1051.0,463298
2021-06-08 09:26:26,1051.25,463473
2021-06-08 09:26:27,1051.0,463525
2021-06-08 09:26:28,1051.1,463626
2021-06-08 09:26:29,1050.85,463718
2021-06-08 09:26:30,1051.1,464086
2021-06-08 09:26:31,1051.7,465045
2021-06-08 09:26:32,1051.6,465411
2021-06-08 09:26:33,1051.4,465466
2021-06-08 09:26:34,1052.0,466539
2021-06-08 09:26:35,1051.1,466651
2021-06-08 09:26:37,1051.5,467141
2021-06-08 09:26:38,1051.5,467289
2021-06-08 09:26:39,1051.0,467504
2021-06-08 09:26:40,1051.4,468297
2021-06-08 09:26:40,1052.0,468977
2021-06-08 09:26:41,1051.2,469573
2021-06-08 09:26:43,1051.5,469585
2021-06-08 09:26:43,1051.35,469607
2021-06-08 09:26:44,1051.0,469852
2021-06-08 09:26:45,1051.0,469999
2021-06-08 09:26:46,1051.0,470029
2021-06-08 09:26:47,1051.0,470030
2021-06-08 09:26:48,1051.4,470489
2021-06-08 09:26:49,1050.95,470931
2021-06-08 09:26:50,1051.4,471632
2021-06-08 09:26:51,1051.15,472184
2021-06-08 09:26:52,1050.75,472750
2021-06-08 09:26:55,1051.05,473112
2021-06-08 09:26:56,1050.55,474302
2021-06-08 09:26:57,1050.55,474477
2021-06-08 09:26:58,1050.55,474561
2021-06-08 09:26:59,1050.55,474730
2021-06-08 09:27:00,1050.55,474985
2021-06-08 09:27:01,1050.5,475258
2021-06-08 09:27:02,1051.0,475363
2021-06-08 09:27:03,1050.7,475595
2021-06-08 09:27:04,1050.7,475999
2021-06-08 09:27:06,1051.2,476149
2021-06-08 09:27:07,1050.45,476283
2021-06-08 09:27:09,1050.35,476611
2021-06-08 09:27:10,1051.0,476916
2021-06-08 09:27:11,1050.5,476921
2021-06-08 09:27:12,1050.05,477092
2021-06-08 09:27:13,1050.45,477338
2021-06-08 09:27:14,1050.0,477522
2021-06-08 09:27:15,1049.3,481660
2021-06-08 09:27:16,1049.45,481976
2021-06-08 09:27:17,1050.25,482821
2021-06-08 09:27:18,1049.6,482921
2021-06-08 09:27:19,1049.6,482921
2021-06-08 09:27:20,1049.5,483040
2021-06-08 09:27:21,1049.5,483454
2021-06-08 09:27:22,1049.5,483465
2021-06-08 09:27:23,1049.55,483489
2021-06-08 09:27:24,1050.0,483534
2021-06-08 09:27:25,1049.65,484394
2021-06-08 09:27:26,1049.6,484415
2021-06-08 09:27:27,1050.95,485411
2021-06-08 09:27:28,1049.75,485470
2021-06-08 09:27:29,1050.3,485476
2021-06-08 09:27:30,1050.3,485585
2021-06-08 09:27:31,1050.3,485591
2021-06-08 09:27:32,1050.55,485753
2021-06-08 09:27:33,1050.9,486176
2021-06-08 09:27:34,1050.25,486378
2021-06-08 09:27:35,1050.15,486461
2021-06-08 09:27:36,1050.1,486536
2021-06-08 09:27:37,1050.7,486601
2021-06-08 09:27:38,1050.0,487081
2021-06-08 09:27:39,1050.0,487081
2021-06-08 09:27:40,1050.5,487091
2021-06-08 09:27:41,1050.5,487365
2021-06-08 09:27:43,1050.0,487820
2021-06-08 09:27:44,1050.45,487833
2021-06-08 09:27:45,1050.0,487963
2021-06-08 09:27:46,1049.8,488217
2021-06-08 09:27:47,1049.8,488348
2021-06-08 09:27:48,1050.35,488353
2021-06-08 09:27:49,1049.75,488453
2021-06-08 09:27:50,1049.5,488707
2021-06-08 09:27:52,1049.5,488809
2021-06-08 09:27:53,1049.5,488870
2021-06-08 09:27:54,1049.4,489120
2021-06-08 09:27:55,1049.3,489441
2021-06-08 09:27:56,1049.75,489491
2021-06-08 09:27:57,1049.1,490437
2021-06-08 09:27:58,1049.75,490581
2021-06-08 09:27:59,1049.95,491242
2021-06-08 09:28:00,1049.75,491671
2021-06-08 09:28:01,1049.25,491683
2021-06-08 09:28:02,1049.45,491903
2021-06-08 09:28:02,1049.45,491903
2021-06-08 09:28:03,1049.0,492809
2021-06-08 09:28:04,1049.1,492909
2021-06-08 09:28:05,1048.6,494276
2021-06-08 09:28:06,1049.25,494377
2021-06-08 09:28:07,1049.25,494470
2021-06-08 09:28:09,1048.6,494560
2021-06-08 09:28:10,1048.15,496211
2021-06-08 09:28:11,1048.85,496352
2021-06-08 09:28:12,1048.9,496563
2021-06-08 09:28:13,1048.6,496924
2021-06-08 09:28:14,1048.5,497007
2021-06-08 09:28:14,1048.55,497117
2021-06-08 09:28:15,1048.55,497117
2021-06-08 09:28:17,1048.65,498402
2021-06-08 09:28:16,1048.65,497402
2021-06-08 09:28:18,1048.45,498480
2021-06-08 09:28:19,1048.45,498490
2021-06-08 09:28:20,1048.4,499005
2021-06-08 09:28:21,1048.4,499105
2021-06-08 09:28:23,1048.55,499256
2021-06-08 09:28:24,1049.1,499452
2021-06-08 09:28:25,1048.6,499703
2021-06-08 09:28:26,1048.6,499835
2021-06-08 09:28:27,1049.0,499983
2021-06-08 09:28:28,1048.6,500111
2021-06-08 09:28:29,1049.0,500116
2021-06-08 09:28:30,1049.0,500636
2021-06-08 09:28:31,1048.55,500656
2021-06-08 09:28:32,1048.5,501484
2021-06-08 09:28:33,1048.25,502674
2021-06-08 09:28:34,1049.0,503382
2021-06-08 09:28:35,1049.8,503634
2021-06-08 09:28:35,1049.3,503434
2021-06-08 09:28:36,1049.8,503634
2021-06-08 09:28:37,1048.7,504472
2021-06-08 09:28:38,1048.55,505172
2021-06-08 09:28:39,1048.7,505234
2021-06-08 09:28:40,1049.3,505306
2021-06-08 09:28:41,1049.35,505362
2021-06-08 09:28:43,1048.6,505490
2021-06-08 09:28:44,1048.7,505570
2021-06-08 09:28:45,1049.4,505597
2021-06-08 09:28:46,1049.0,505599
2021-06-08 09:28:47,1048.65,505674
2021-06-08 09:28:48,1049.35,505695
2021-06-08 09:28:49,1049.35,505758
2021-06-08 09:28:50,1048.7,506038
2021-06-08 09:28:51,1048.65,506220
2021-06-08 09:28:52,1048.65,506260
2021-06-08 09:28:53,1049.25,506435
2021-06-08 09:28:54,1049.2,506517
2021-06-08 09:28:55,1049.25,506617
2021-06-08 09:28:56,1049.0,506681
2021-06-08 09:28:57,1049.1,507910
2021-06-08 09:28:58,1048.65,508200
2021-06-08 09:28:59,1048.55,508240
2021-06-08 09:29:00,1048.65,508270
2021-06-08 09:29:01,1049.25,508672
2021-06-08 09:29:02,1048.7,508750
2021-06-08 09:29:03,1048.7,508789
2021-06-08 09:29:04,1049.0,509261
2021-06-08 09:29:05,1048.75,509370
2021-06-08 09:29:05,1048.8,509350
2021-06-08 09:29:07,1049.2,509374
2021-06-08 09:29:08,1048.2,510842
2021-06-08 09:29:09,1049.0,511152
2021-06-08 09:29:10,1048.9,511227
2021-06-08 09:29:11,1048.65,511243
2021-06-08 09:29:12,1048.45,512854
2021-06-08 09:29:13,1048.45,513199
2021-06-08 09:29:14,1048.25,513224
2021-06-08 09:29:15,1048.55,513225
2021-06-08 09:29:16,1048.95,513651
2021-06-08 09:29:17,1048.95,513652
2021-06-08 09:29:18,1048.95,513652
2021-06-08 09:29:19,1048.65,513739
2021-06-08 09:29:20,1048.6,514035
2021-06-08 09:29:21,1048.2,514085
2021-06-08 09:29:22,1048.05,514185
2021-06-08 09:29:23,1048.05,514185
2021-06-08 09:29:24,1048.1,514205
2021-06-08 09:29:25,1048.25,515444
2021-06-08 09:29:26,1048.05,515496
2021-06-08 09:29:27,1048.05,515652
2021-06-08 09:29:28,1048.0,515736
2021-06-08 09:29:29,1048.05,515758
2021-06-08 09:29:30,1048.05,515768
2021-06-08 09:29:31,1048.6,515773
2021-06-08 09:29:32,1048.2,516033
2021-06-08 09:29:33,1048.65,516035
2021-06-08 09:29:34,1048.2,516140
2021-06-08 09:29:34,1048.25,516150
2021-06-08 09:29:35,1048.0,516281
2021-06-08 09:29:36,1048.05,516361
2021-06-08 09:29:38,1048.05,516388
2021-06-08 09:29:39,1048.1,516430
2021-06-08 09:29:40,1048.05,516472
2021-06-08 09:29:41,1048.25,519201
2021-06-08 09:29:41,1048.25,519226
2021-06-08 09:29:43,1047.5,519811
2021-06-08 09:29:44,1047.55,519813
2021-06-08 09:29:45,1047.65,519878
2021-06-08 09:29:46,1048.25,520106
2021-06-08 09:29:48,1047.9,520743
2021-06-08 09:29:49,1047.9,520754
2021-06-08 09:29:50,1048.0,521063
2021-06-08 09:29:51,1047.95,521087
2021-06-08 09:29:52,1047.95,521128
2021-06-08 09:29:53,1047.9,521328
2021-06-08 09:29:54,1047.5,521457
2021-06-08 09:29:55,1047.95,522452
2021-06-08 09:29:56,1047.5,522476
2021-06-08 09:29:57,1047.95,522577
2021-06-08 09:29:57,1047.95,522576
2021-06-08 09:29:58,1047.95,522577
2021-06-08 09:29:59,1047.85,522581
2021-06-08 09:30:00,1047.5,522661
2021-06-08 09:30:01,1047.5,522672
2021-06-08 09:30:02,1047.95,522738
2021-06-08 09:30:04,1048.0,522872
2021-06-08 09:30:05,1047.5,522938
2021-06-08 09:30:07,1048.05,525066
2021-06-08 09:30:08,1048.0,525390
2021-06-08 09:30:09,1048.35,525493
2021-06-08 09:30:10,1047.95,525606
2021-06-08 09:30:11,1048.0,525616
2021-06-08 09:30:12,1048.35,525667
2021-06-08 09:30:13,1048.9,527475
2021-06-08 09:30:14,1048.45,528194
2021-06-08 09:30:15,1048.9,528403
2021-06-08 09:30:16,1048.4,528454
2021-06-08 09:30:17,1048.95,528456
2021-06-08 09:30:18,1048.4,528658
2021-06-08 09:30:19,1049.3,530173
2021-06-08 09:30:20,1049.35,530354
2021-06-08 09:30:21,1049.2,530382
2021-06-08 09:30:22,1048.95,530456
2021-06-08 09:30:23,1049.5,530467
2021-06-08 09:30:24,1049.8,530523
2021-06-08 09:30:25,1049.9,530928
2021-06-08 09:30:26,1049.9,531009
2021-06-08 09:30:27,1049.5,531050
2021-06-08 09:30:28,1049.95,531070
2021-06-08 09:30:29,1049.6,531151
2021-06-08 09:30:30,1049.6,531334
2021-06-08 09:30:31,1049.6,531435
2021-06-08 09:30:33,1050.0,531758
2021-06-08 09:30:32,1049.6,531752
2021-06-08 09:30:34,1049.6,531858
2021-06-08 09:30:35,1049.65,533363
2021-06-08 09:30:36,1050.6,535882
2021-06-08 09:30:38,1050.6,536296
2021-06-08 09:30:39,1050.0,536376
2021-06-08 09:30:40,1050.0,536386
2021-06-08 09:30:41,1050.85,536756
2021-06-08 09:30:42,1050.55,536829
2021-06-08 09:30:43,1050.95,536959
2021-06-08 09:30:44,1051.0,537157
2021-06-08 09:30:45,1050.85,537337
2021-06-08 09:30:47,1051.4,539848
2021-06-08 09:30:46,1051.05,539213
2021-06-08 09:30:48,1051.25,541477
2021-06-08 09:30:49,1051.95,541660
2021-06-08 09:30:50,1052.0,542714
2021-06-08 09:30:51,1052.1,546503
2021-06-08 09:30:52,1052.0,546960
2021-06-08 09:30:53,1052.05,547508
2021-06-08 09:30:54,1052.4,547617
2021-06-08 09:30:56,1052.85,548354
2021-06-08 09:30:57,1052.4,548598
2021-06-08 09:30:58,1052.15,550221
2021-06-08 09:30:59,1052.4,550528
2021-06-08 09:31:00,1052.8,551329
2021-06-08 09:31:01,1052.4,551339
2021-06-08 09:31:02,1052.0,554520
2021-06-08 09:31:03,1052.65,554788
2021-06-08 09:31:04,1051.75,556954
2021-06-08 09:31:06,1052.3,557547
2021-06-08 09:31:08,1051.4,559217
2021-06-08 09:31:09,1052.0,559957
2021-06-08 09:31:10,1052.3,560089
2021-06-08 09:31:11,1051.7,560963
2021-06-08 09:31:12,1051.7,561244
2021-06-08 09:31:13,1052.0,561374
2021-06-08 09:31:14,1051.45,561746
2021-06-08 09:31:15,1052.2,563755
2021-06-08 09:31:16,1052.05,564041
2021-06-08 09:31:17,1051.75,564145
2021-06-08 09:31:18,1052.05,564403
2021-06-08 09:31:20,1052.0,564479
2021-06-08 09:31:21,1052.1,564598
2021-06-08 09:31:22,1052.15,564630
2021-06-08 09:31:23,1051.7,565408
2021-06-08 09:31:24,1051.6,565887
2021-06-08 09:31:25,1052.35,566488
2021-06-08 09:31:26,1052.0,566674
2021-06-08 09:31:27,1051.6,567251
2021-06-08 09:31:28,1051.7,567529
2021-06-08 09:31:29,1052.0,567532
2021-06-08 09:31:30,1051.65,567683
2021-06-08 09:31:32,1052.25,568093
2021-06-08 09:31:33,1052.15,568295
2021-06-08 09:31:34,1052.25,568335
2021-06-08 09:31:35,1052.4,568478
2021-06-08 09:31:36,1052.05,568632
2021-06-08 09:31:37,1052.4,568662
2021-06-08 09:31:38,1052.4,568702
2021-06-08 09:31:40,1052.4,568952
2021-06-08 09:31:41,1052.9,572011
2021-06-08 09:31:42,1052.7,572046
2021-06-08 09:31:43,1052.4,572071
2021-06-08 09:31:44,1051.7,572424
2021-06-08 09:31:45,1051.7,572605
2021-06-08 09:31:46,1052.05,572676
2021-06-08 09:31:47,1052.0,572737
2021-06-08 09:31:48,1052.0,572957
2021-06-08 09:31:49,1051.8,572962
2021-06-08 09:31:50,1051.7,573078
2021-06-08 09:31:51,1052.05,573152
2021-06-08 09:31:52,1052.15,573153
2021-06-08 09:31:54,1052.0,573371
2021-06-08 09:31:53,1051.75,573271
2021-06-08 09:31:55,1052.85,576068
2021-06-08 09:31:56,1052.4,576323
2021-06-08 09:31:57,1052.9,576360
2021-06-08 09:31:58,1052.9,576361
2021-06-08 09:31:59,1052.4,576492
2021-06-08 09:32:00,1052.4,576923
2021-06-08 09:32:01,1052.8,577608
2021-06-08 09:32:02,1052.8,577725
2021-06-08 09:32:03,1052.9,579432
2021-06-08 09:32:04,1052.1,580887
2021-06-08 09:32:05,1052.9,581688
2021-06-08 09:32:06,1052.5,581874
2021-06-08 09:32:07,1052.9,583087
2021-06-08 09:32:08,1052.35,583159
2021-06-08 09:32:09,1052.35,583204
2021-06-08 09:32:10,1052.9,583214
2021-06-08 09:32:11,1052.35,583391
2021-06-08 09:32:12,1052.85,583626
2021-06-08 09:32:13,1052.3,583826
2021-06-08 09:32:15,1052.3,584973
2021-06-08 09:32:16,1052.9,585074
2021-06-08 09:32:17,1053.4,609777
2021-06-08 09:32:18,1053.1,610079
2021-06-08 09:32:19,1053.6,610452
2021-06-08 09:32:20,1053.75,611311
2021-06-08 09:32:21,1053.25,612678
2021-06-08 09:32:22,1053.0,613263
2021-06-08 09:32:23,1053.8,613378
2021-06-08 09:32:24,1053.75,613978
2021-06-08 09:32:25,1054.0,614832
2021-06-08 09:32:26,1053.6,617090
2021-06-08 09:32:27,1054.0,617702
2021-06-08 09:32:28,1054.1,618427
2021-06-08 09:32:29,1053.55,619376
2021-06-08 09:32:31,1053.75,620220
2021-06-08 09:32:32,1054.25,621799
2021-06-08 09:32:33,1053.9,623014
2021-06-08 09:32:34,1054.05,623922
2021-06-08 09:32:35,1054.75,624291
2021-06-08 09:32:36,1054.3,624920
2021-06-08 09:32:37,1054.3,625050
2021-06-08 09:32:39,1054.0,629323
2021-06-08 09:32:40,1054.5,629568
2021-06-08 09:32:41,1053.85,631841
2021-06-08 09:32:42,1054.3,632013
2021-06-08 09:32:43,1053.85,632182
2021-06-08 09:32:44,1054.0,633226
2021-06-08 09:32:46,1054.05,633856
2021-06-08 09:32:48,1053.7,634592
2021-06-08 09:32:49,1053.15,634848
2021-06-08 09:32:50,1053.5,635061
2021-06-08 09:32:52,1053.85,636023
2021-06-08 09:32:51,1053.4,635601
2021-06-08 09:32:53,1053.85,636669
2021-06-08 09:32:54,1054.0,637515
2021-06-08 09:32:55,1053.6,637755
2021-06-08 09:32:56,1054.1,638198
2021-06-08 09:32:57,1053.65,638313
2021-06-08 09:32:58,1053.95,638843
2021-06-08 09:32:59,1054.0,639233
2021-06-08 09:33:00,1053.6,640379
2021-06-08 09:33:01,1053.9,640890
2021-06-08 09:33:02,1053.4,641620
2021-06-08 09:33:03,1053.9,641781
2021-06-08 09:33:05,1054.0,642248
2021-06-08 09:33:05,1054.1,642748
2021-06-08 09:33:06,1053.5,643265
2021-06-08 09:33:07,1054.0,644190
2021-06-08 09:33:08,1053.45,644275
2021-06-08 09:33:09,1053.35,645158
2021-06-08 09:33:10,1053.5,645229
2021-06-08 09:33:11,1053.8,645759
2021-06-08 09:33:12,1054.45,645908
2021-06-08 09:33:13,1054.4,646317
2021-06-08 09:33:14,1054.35,646332
2021-06-08 09:33:15,1054.35,646372
2021-06-08 09:33:17,1053.7,646968
2021-06-08 09:33:18,1053.85,647371
2021-06-08 09:33:19,1054.0,647640
2021-06-08 09:33:20,1054.0,648479
2021-06-08 09:33:21,1054.4,649674
2021-06-08 09:33:22,1054.5,650100
2021-06-08 09:33:23,1054.0,650155
2021-06-08 09:33:24,1054.6,650199
2021-06-08 09:33:24,1054.6,650199
2021-06-08 09:33:25,1054.6,650774
2021-06-08 09:33:26,1054.55,651214
2021-06-08 09:33:27,1053.95,651829
2021-06-08 09:33:28,1054.05,652012
2021-06-08 09:33:29,1054.6,652179
2021-06-08 09:33:30,1054.5,652222
2021-06-08 09:33:31,1054.0,652536
2021-06-08 09:33:32,1054.6,652836
2021-06-08 09:33:33,1054.6,652936
2021-06-08 09:33:34,1054.65,653327
2021-06-08 09:33:35,1054.05,653412
2021-06-08 09:33:36,1054.45,653591
2021-06-08 09:33:37,1054.55,654017
2021-06-08 09:33:38,1054.15,654468
2021-06-08 09:33:39,1054.4,654472
2021-06-08 09:33:40,1054.15,656730
2021-06-08 09:33:41,1053.65,657015
2021-06-08 09:33:42,1054.0,657368
2021-06-08 09:33:43,1054.0,657579
2021-06-08 09:33:44,1054.5,657735
2021-06-08 09:33:45,1053.9,657871
2021-06-08 09:33:46,1053.65,658279
2021-06-08 09:33:47,1054.15,658339
2021-06-08 09:33:48,1054.0,658655
2021-06-08 09:33:49,1053.7,661471
2021-06-08 09:33:50,1053.75,661531
2021-06-08 09:33:51,1054.15,661699
2021-06-08 09:33:52,1053.8,662158
2021-06-08 09:33:53,1054.0,662301
2021-06-08 09:33:54,1053.5,662535
2021-06-08 09:33:55,1053.5,662611
2021-06-08 09:33:56,1054.0,662706
2021-06-08 09:33:57,1053.35,663586
2021-06-08 09:33:58,1053.6,664008
2021-06-08 09:33:59,1053.25,664772
2021-06-08 09:34:00,1053.7,664839
2021-06-08 09:34:01,1053.65,666307
2021-06-08 09:34:02,1053.85,667087
2021-06-08 09:34:03,1053.9,667270
2021-06-08 09:34:04,1053.95,667936
2021-06-08 09:34:05,1053.45,668102
2021-06-08 09:34:06,1053.5,668194
2021-06-08 09:34:07,1054.0,668344
2021-06-08 09:34:08,1054.0,668509
2021-06-08 09:34:09,1054.0,668756
2021-06-08 09:34:10,1053.65,668993
2021-06-08 09:34:11,1054.0,669088
2021-06-08 09:34:12,1053.65,669240
2021-06-08 09:34:13,1054.0,669542
2021-06-08 09:34:14,1054.0,669846
2021-06-08 09:34:17,1054.0,669908
2021-06-08 09:34:18,1054.0,670624
2021-06-08 09:34:19,1053.6,671120
2021-06-08 09:34:20,1053.8,671521
2021-06-08 09:34:21,1053.5,671594
2021-06-08 09:34:21,1053.65,671614
2021-06-08 09:34:22,1053.75,671667
2021-06-08 09:34:23,1053.75,671707
2021-06-08 09:34:24,1053.6,671840
2021-06-08 09:34:25,1053.05,671869
2021-06-08 09:34:26,1052.5,673962
2021-06-08 09:34:27,1052.45,674341
2021-06-08 09:34:28,1052.45,674376
2021-06-08 09:34:29,1052.25,675417
2021-06-08 09:34:30,1052.25,675485
2021-06-08 09:34:31,1052.05,675638
2021-06-08 09:34:32,1052.55,675722
2021-06-08 09:34:33,1052.0,675966
2021-06-08 09:34:34,1052.4,676904
2021-06-08 09:34:35,1051.8,677144
2021-06-08 09:34:36,1051.75,677159
2021-06-08 09:34:37,1052.05,677600
2021-06-08 09:34:38,1051.7,677681
2021-06-08 09:34:39,1052.0,679191
2021-06-08 09:34:40,1051.5,679442
2021-06-08 09:34:41,1051.5,679442
2021-06-08 09:34:42,1052.0,680622
2021-06-08 09:34:43,1051.65,680808
2021-06-08 09:34:44,1051.7,681109
2021-06-08 09:34:45,1051.55,681163
2021-06-08 09:34:47,1051.7,681423
2021-06-08 09:34:48,1051.65,681443
2021-06-08 09:34:49,1051.35,681881
2021-06-08 09:34:49,1051.35,682229
2021-06-08 09:34:50,1051.7,682474
2021-06-08 09:34:51,1051.7,682564
2021-06-08 09:34:52,1051.15,683809
2021-06-08 09:34:53,1051.15,684097
2021-06-08 09:34:54,1051.7,684164
2021-06-08 09:34:55,1051.15,684727
2021-06-08 09:34:56,1051.0,685201
2021-06-08 09:34:57,1051.7,685517
2021-06-08 09:34:58,1051.6,685733
2021-06-08 09:34:59,1051.5,685865
2021-06-08 09:35:00,1051.15,685927
2021-06-08 09:35:01,1051.7,686216
2021-06-08 09:35:02,1051.65,686660
2021-06-08 09:35:03,1051.15,686759
2021-06-08 09:35:04,1051.7,686906
2021-06-08 09:35:05,1051.7,687414
2021-06-08 09:35:06,1051.3,688064
2021-06-08 09:35:07,1051.3,688270
2021-06-08 09:35:08,1051.7,688302
2021-06-08 09:35:09,1051.9,688308
2021-06-08 09:35:10,1051.3,688523
2021-06-08 09:35:11,1051.5,688570
2021-06-08 09:35:12,1051.5,688596
2021-06-08 09:35:13,1051.8,688674
2021-06-08 09:35:14,1051.85,688709
2021-06-08 09:35:15,1051.85,688914
2021-06-08 09:35:16,1051.9,688955
2021-06-08 09:35:17,1052.0,689055
2021-06-08 09:35:18,1051.95,689140
2021-06-08 09:35:19,1051.85,689257
2021-06-08 09:35:20,1052.0,689282
2021-06-08 09:35:21,1051.5,689292
2021-06-08 09:35:22,1051.9,689627
2021-06-08 09:35:24,1051.8,689805
2021-06-08 09:35:25,1051.85,689905
2021-06-08 09:35:26,1052.1,690430
2021-06-08 09:35:26,1051.85,690460
2021-06-08 09:35:27,1052.05,690538
2021-06-08 09:35:28,1052.05,690667
2021-06-08 09:35:29,1052.0,690820
2021-06-08 09:35:31,1052.1,691221
2021-06-08 09:35:32,1051.95,691477
2021-06-08 09:35:33,1052.05,691905
2021-06-08 09:35:34,1052.1,692294
2021-06-08 09:35:35,1052.0,692551
2021-06-08 09:35:36,1051.8,693726
2021-06-08 09:35:37,1051.75,693932
2021-06-08 09:35:38,1051.75,694097
2021-06-08 09:35:39,1051.7,694263
2021-06-08 09:35:41,1052.5,694495
2021-06-08 09:35:42,1051.85,694675
2021-06-08 09:35:43,1051.7,694791
2021-06-08 09:35:44,1051.7,694801
2021-06-08 09:35:45,1051.7,694813
2021-06-08 09:35:46,1052.0,695135
2021-06-08 09:35:47,1052.35,695303
2021-06-08 09:35:49,1052.0,695532
2021-06-08 09:35:50,1052.05,696504
2021-06-08 09:35:51,1051.5,696715
2021-06-08 09:35:52,1051.5,698282
2021-06-08 09:35:54,1051.5,698553
2021-06-08 09:35:55,1051.7,698569
2021-06-08 09:35:56,1052.0,698804
2021-06-08 09:35:57,1051.2,699747
2021-06-08 09:35:58,1051.65,699848
2021-06-08 09:35:59,1051.0,705421
2021-06-08 09:36:00,1051.65,706525
2021-06-08 09:36:01,1051.7,706796
2021-06-08 09:36:02,1051.05,707210
2021-06-08 09:36:03,1051.5,707340
2021-06-08 09:36:04,1051.6,707648
2021-06-08 09:36:05,1051.2,707734
2021-06-08 09:36:06,1051.0,707904
2021-06-08 09:36:07,1051.3,708014
2021-06-08 09:36:09,1051.75,708216
2021-06-08 09:36:10,1051.75,708276
2021-06-08 09:36:10,1051.7,708286
2021-06-08 09:36:11,1051.2,708287
2021-06-08 09:36:12,1051.6,708412
2021-06-08 09:36:13,1051.55,709053
2021-06-08 09:36:14,1051.55,709244
2021-06-08 09:36:15,1051.1,709264
2021-06-08 09:36:16,1051.25,709266
2021-06-08 09:36:17,1051.1,709444
2021-06-08 09:36:18,1051.5,709543
2021-06-08 09:36:19,1051.3,709553
2021-06-08 09:36:20,1051.0,709674
2021-06-08 09:36:21,1051.0,709674
2021-06-08 09:36:23,1051.0,709699
2021-06-08 09:36:24,1051.4,710399
2021-06-08 09:36:25,1051.0,710419
2021-06-08 09:36:25,1050.9,710482
2021-06-08 09:36:26,1051.45,710552
2021-06-08 09:36:27,1050.8,710692
2021-06-08 09:36:28,1051.0,711007
2021-06-08 09:36:30,1051.0,711057
2021-06-08 09:36:31,1051.4,711317
2021-06-08 09:36:32,1051.45,711623
2021-06-08 09:36:33,1051.25,711937
2021-06-08 09:36:34,1051.0,711941
2021-06-08 09:36:34,1051.0,711941
2021-06-08 09:36:35,1050.7,712161
2021-06-08 09:36:36,1051.0,712311
2021-06-08 09:36:37,1050.7,712490
2021-06-08 09:36:38,1050.25,712798
2021-06-08 09:36:39,1049.3,717229
2021-06-08 09:36:40,1049.3,717563
2021-06-08 09:36:42,1049.5,717801
2021-06-08 09:36:43,1049.3,717896
2021-06-08 09:36:44,1049.5,718044
2021-06-08 09:36:44,1049.3,718046
2021-06-08 09:36:45,1049.3,718169
2021-06-08 09:36:46,1049.4,718191
2021-06-08 09:36:47,1049.5,718465
2021-06-08 09:36:48,1049.5,718561
2021-06-08 09:36:50,1049.5,718698
2021-06-08 09:36:51,1049.85,718987
2021-06-08 09:36:51,1049.55,718988
2021-06-08 09:36:52,1050.35,719931
2021-06-08 09:36:54,1049.7,720027
2021-06-08 09:36:55,1050.0,720507
2021-06-08 09:36:56,1049.5,720702
2021-06-08 09:36:58,1050.2,721010
2021-06-08 09:36:59,1049.95,721074
2021-06-08 09:37:01,1049.9,721288
2021-06-08 09:37:02,1050.0,722223
2021-06-08 09:37:03,1050.45,722359
2021-06-08 09:37:04,1050.3,722410
2021-06-08 09:37:05,1050.1,722761
2021-06-08 09:37:05,1050.4,722748
2021-06-08 09:37:06,1049.75,722942
2021-06-08 09:37:08,1050.4,723029
2021-06-08 09:37:09,1050.45,723107
2021-06-08 09:37:10,1050.5,723888
2021-06-08 09:37:10,1049.9,723688
2021-06-08 09:37:11,1049.9,723898
2021-06-08 09:37:12,1050.0,723983
2021-06-08 09:37:13,1050.2,724005
2021-06-08 09:37:15,1049.95,724219
2021-06-08 09:37:16,1049.9,724220
2021-06-08 09:37:17,1050.3,724340
2021-06-08 09:37:18,1050.7,724422
2021-06-08 09:37:20,1050.05,724943
2021-06-08 09:37:21,1050.2,725111
2021-06-08 09:37:22,1050.35,725299
2021-06-08 09:37:22,1050.35,725299
2021-06-08 09:37:23,1050.35,725311
2021-06-08 09:37:25,1050.35,725372
2021-06-08 09:37:26,1050.0,725480
2021-06-08 09:37:27,1050.1,725824
2021-06-08 09:37:28,1050.15,725849
2021-06-08 09:37:30,1050.05,725883
2021-06-08 09:37:31,1050.85,727652
2021-06-08 09:37:32,1050.85,728135
2021-06-08 09:37:33,1050.7,728145
2021-06-08 09:37:33,1050.7,728145
2021-06-08 09:37:34,1050.35,728155
2021-06-08 09:37:36,1050.95,729342
2021-06-08 09:37:37,1050.3,729386
2021-06-08 09:37:38,1050.3,729453
2021-06-08 09:37:38,1050.2,729596
2021-06-08 09:37:39,1050.2,729622
2021-06-08 09:37:41,1049.75,732961
2021-06-08 09:37:42,1050.4,733013
2021-06-08 09:37:43,1050.4,733030
2021-06-08 09:37:44,1050.4,733030
2021-06-08 09:37:45,1050.0,733055
2021-06-08 09:37:46,1050.2,733320
2021-06-08 09:37:46,1050.0,733327
2021-06-08 09:37:47,1050.1,733513
2021-06-08 09:37:49,1050.2,733663
2021-06-08 09:37:51,1050.1,733774
2021-06-08 09:37:52,1050.1,733774
2021-06-08 09:37:54,1050.2,734199
2021-06-08 09:37:54,1050.25,734209
2021-06-08 09:37:55,1050.15,734230
2021-06-08 09:37:56,1050.2,734342
2021-06-08 09:37:58,1050.2,734703
2021-06-08 09:37:59,1050.0,734725
2021-06-08 09:38:00,1050.1,736008
2021-06-08 09:38:00,1050.6,736013
2021-06-08 09:38:01,1049.95,736348
2021-06-08 09:38:03,1050.15,736398
2021-06-08 09:38:04,1049.9,736448
2021-06-08 09:38:05,1050.05,736509
2021-06-08 09:38:05,1050.05,736509
2021-06-08 09:38:06,1050.05,736557
2021-06-08 09:38:07,1049.8,736676
2021-06-08 09:38:08,1049.8,736676
2021-06-08 09:38:10,1050.0,736696
2021-06-08 09:38:11,1050.2,737359
2021-06-08 09:38:12,1050.2,737484
2021-06-08 09:38:13,1049.3,738976
2021-06-08 09:38:13,1049.7,739123
2021-06-08 09:38:14,1049.7,739233
2021-06-08 09:38:15,1049.7,739245
2021-06-08 09:38:16,1049.5,739265
2021-06-08 09:38:18,1049.2,739730
2021-06-08 09:38:19,1049.2,739955
2021-06-08 09:38:20,1048.65,743383
2021-06-08 09:38:21,1049.2,743474
2021-06-08 09:38:22,1049.2,743492
2021-06-08 09:38:22,1048.65,743512
2021-06-08 09:38:23,1049.2,743871
2021-06-08 09:38:25,1048.6,745912
2021-06-08 09:38:26,1048.55,746265
2021-06-08 09:38:27,1048.45,746725
2021-06-08 09:38:27,1048.4,746685
2021-06-08 09:38:28,1049.0,746795
2021-06-08 09:38:30,1048.5,746917
2021-06-08 09:38:31,1049.0,747014
2021-06-08 09:38:32,1049.15,747214
2021-06-08 09:38:32,1049.15,747214
2021-06-08 09:38:33,1049.4,747520
2021-06-08 09:38:34,1049.85,747721
2021-06-08 09:38:35,1050.2,748543
2021-06-08 09:38:37,1050.35,748817
2021-06-08 09:38:36,1049.75,748816
2021-06-08 09:38:38,1050.35,748817
2021-06-08 09:38:40,1049.85,748824
2021-06-08 09:38:41,1049.85,749061
2021-06-08 09:38:42,1049.85,749061
2021-06-08 09:38:42,1049.85,749076
2021-06-08 09:38:43,1049.85,749104
2021-06-08 09:38:44,1050.25,749105
2021-06-08 09:38:46,1050.0,749155
2021-06-08 09:38:47,1050.35,749255
2021-06-08 09:38:48,1050.0,749259
2021-06-08 09:38:48,1050.0,749259
2021-06-08 09:38:49,1050.5,749280
2021-06-08 09:38:50,1050.25,749441
2021-06-08 09:38:51,1050.55,749870
2021-06-08 09:38:53,1050.95,750881
2021-06-08 09:38:54,1050.75,751220
2021-06-08 09:38:55,1050.85,751272
2021-06-08 09:38:55,1051.3,751532
2021-06-08 09:38:56,1050.95,751537
2021-06-08 09:38:58,1050.95,751537
2021-06-08 09:38:59,1051.25,751592
2021-06-08 09:39:00,1050.8,752933
2021-06-08 09:39:01,1050.35,753606
2021-06-08 09:39:01,1050.4,753628
2021-06-08 09:39:03,1050.5,753969
2021-06-08 09:39:04,1051.15,756370
2021-06-08 09:39:05,1050.75,757768
2021-06-08 09:39:06,1051.2,764268
2021-06-08 09:39:07,1050.6,764450
2021-06-08 09:39:08,1051.6,768761
2021-06-08 09:39:09,1051.6,768910
2021-06-08 09:39:09,1051.1,769051
2021-06-08 09:39:10,1051.05,769316
2021-06-08 09:39:11,1051.05,769325
2021-06-08 09:39:12,1051.05,769325
2021-06-08 09:39:14,1050.9,769551
2021-06-08 09:39:15,1050.6,769682
2021-06-08 09:39:16,1050.9,769742
2021-06-08 09:39:17,1051.2,770367
2021-06-08 09:39:18,1051.05,770417
2021-06-08 09:39:19,1051.1,770573
2021-06-08 09:39:20,1051.2,770605
2021-06-08 09:39:21,1051.2,770628
2021-06-08 09:39:22,1050.95,770853
2021-06-08 09:39:23,1050.95,770853
2021-06-08 09:39:24,1051.2,770926
2021-06-08 09:39:25,1051.0,771206
2021-06-08 09:39:26,1051.0,771289
2021-06-08 09:39:26,1051.0,771289
2021-06-08 09:39:28,1050.55,771403
2021-06-08 09:39:29,1051.0,771706
2021-06-08 09:39:30,1050.95,771953
2021-06-08 09:39:31,1050.6,772010
2021-06-08 09:39:31,1050.6,772010
2021-06-08 09:39:32,1050.6,772145
2021-06-08 09:39:34,1050.4,772175
2021-06-08 09:39:35,1050.0,772498
2021-06-08 09:39:36,1050.4,772624
2021-06-08 09:39:37,1050.5,772754
2021-06-08 09:39:38,1050.6,772997
2021-06-08 09:39:38,1050.6,772997
2021-06-08 09:39:40,1050.3,773037
2021-06-08 09:39:41,1050.75,774148
2021-06-08 09:39:42,1050.05,774615
2021-06-08 09:39:43,1050.1,774839
2021-06-08 09:39:44,1050.15,775033
2021-06-08 09:39:44,1050.15,775033
2021-06-08 09:39:45,1050.0,776789
2021-06-08 09:39:46,1050.0,776932
2021-06-08 09:39:48,1049.95,777602
2021-06-08 09:39:49,1050.0,777748
2021-06-08 09:39:50,1050.0,777776
2021-06-08 09:39:51,1050.05,777782
2021-06-08 09:39:51,1050.05,777782
2021-06-08 09:39:53,1050.15,777938
2021-06-08 09:39:54,1050.15,777938
2021-06-08 09:39:55,1050.15,777970
2021-06-08 09:39:56,1050.45,778365
2021-06-08 09:39:56,1050.0,778385
2021-06-08 09:39:58,1049.55,778545
2021-06-08 09:39:59,1050.0,779148
2021-06-08 09:40:00,1050.15,779276
2021-06-08 09:40:01,1050.15,779280
2021-06-08 09:40:01,1050.15,779280
2021-06-08 09:40:04,1050.1,779353
2021-06-08 09:40:05,1050.15,779354
2021-06-08 09:40:06,1049.7,779655
2021-06-08 09:40:07,1049.7,779655
2021-06-08 09:40:08,1050.0,780884
2021-06-08 09:40:08,1049.5,780656
2021-06-08 09:40:09,1049.7,780986
2021-06-08 09:40:10,1050.15,780997
2021-06-08 09:40:11,1050.0,781048
2021-06-08 09:40:13,1050.0,781624
2021-06-08 09:40:14,1049.6,781641
2021-06-08 09:40:16,1050.0,781746
2021-06-08 09:40:17,1049.55,781747
2021-06-08 09:40:17,1049.5,781925
2021-06-08 09:40:18,1050.0,782063
2021-06-08 09:40:19,1050.2,782081
2021-06-08 09:40:21,1049.6,782136
2021-06-08 09:40:22,1050.0,782138
2021-06-08 09:40:23,1050.0,782258
2021-06-08 09:40:24,1049.45,783378
2021-06-08 09:40:25,1049.45,783378
2021-06-08 09:40:26,1049.45,783383
2021-06-08 09:40:26,1049.45,783383
2021-06-08 09:40:28,1049.6,783449
2021-06-08 09:40:29,1049.6,783451
2021-06-08 09:40:30,1049.95,783548
2021-06-08 09:40:31,1049.6,783671
2021-06-08 09:40:32,1049.95,783812
2021-06-08 09:40:34,1049.45,784624
2021-06-08 09:40:35,1049.95,785071
2021-06-08 09:40:36,1049.9,785206
2021-06-08 09:40:36,1049.9,785206
2021-06-08 09:40:38,1049.85,785236
2021-06-08 09:40:39,1049.45,785356
2021-06-08 09:40:40,1049.9,785364
2021-06-08 09:40:41,1049.35,785731
2021-06-08 09:40:42,1049.8,785863
2021-06-08 09:40:43,1049.25,786018
2021-06-08 09:40:44,1049.25,786018
2021-06-08 09:40:45,1049.75,787361
2021-06-08 09:40:47,1049.3,787571
2021-06-08 09:40:48,1049.7,787574
2021-06-08 09:40:49,1049.75,787728
2021-06-08 09:40:50,1049.35,788062
2021-06-08 09:40:51,1049.25,788180
2021-06-08 09:40:51,1049.6,788200
2021-06-08 09:40:52,1049.25,788202
2021-06-08 09:40:54,1049.6,788247
2021-06-08 09:40:55,1049.15,788392
2021-06-08 09:40:56,1049.15,788418
2021-06-08 09:40:57,1049.3,788448
2021-06-08 09:40:58,1049.35,788486
2021-06-08 09:40:59,1049.3,788487
2021-06-08 09:41:00,1049.35,788488
2021-06-08 09:41:00,1049.35,788488
2021-06-08 09:41:02,1049.3,788579
2021-06-08 09:41:05,1049.1,792319
2021-06-08 09:41:06,1048.65,792373
2021-06-08 09:41:06,1048.65,792373
2021-06-08 09:41:08,1048.65,792421
2021-06-08 09:41:09,1048.7,793001
2021-06-08 09:41:10,1048.75,793083
2021-06-08 09:41:11,1048.75,793098
2021-06-08 09:41:12,1048.75,793098
2021-06-08 09:41:13,1048.6,793242
2021-06-08 09:41:14,1049.2,793357
2021-06-08 09:41:15,1049.2,793405
2021-06-08 09:41:16,1048.5,793698
2021-06-08 09:41:17,1048.8,793945
2021-06-08 09:41:18,1048.8,793945
2021-06-08 09:41:19,1049.0,794023
2021-06-08 09:41:20,1048.75,794317
2021-06-08 09:41:21,1049.1,794756
2021-06-08 09:41:22,1049.5,794908
2021-06-08 09:41:23,1049.2,794945
2021-06-08 09:41:24,1049.2,794979
2021-06-08 09:41:25,1049.2,794979
2021-06-08 09:41:26,1049.25,794989
2021-06-08 09:41:27,1049.25,795229
2021-06-08 09:41:28,1049.25,795259
2021-06-08 09:41:29,1049.3,795286
2021-06-08 09:41:30,1049.6,795289
2021-06-08 09:41:31,1049.15,795546
2021-06-08 09:41:32,1049.2,795604
2021-06-08 09:41:33,1049.15,795621
2021-06-08 09:41:34,1049.95,795742
2021-06-08 09:41:35,1049.25,795837
2021-06-08 09:41:36,1049.25,795838
2021-06-08 09:41:37,1049.25,795838
2021-06-08 09:41:38,1049.85,795953
2021-06-08 09:41:39,1049.85,795953
2021-06-08 09:41:40,1049.85,795953
2021-06-08 09:41:41,1049.3,796021
2021-06-08 09:41:42,1049.8,796081
2021-06-08 09:41:43,1049.4,796082
2021-06-08 09:41:44,1049.4,796082
2021-06-08 09:41:45,1049.8,796093
2021-06-08 09:41:46,1049.95,796113
2021-06-08 09:41:47,1049.5,796178
2021-06-08 09:41:48,1049.95,796203
2021-06-08 09:41:49,1049.4,796224
2021-06-08 09:41:50,1050.0,796354
2021-06-08 09:41:51,1049.65,798308
2021-06-08 09:41:52,1049.05,798674
2021-06-08 09:41:53,1049.8,798680
2021-06-08 09:41:54,1049.8,798696
2021-06-08 09:41:55,1049.75,798701
2021-06-08 09:41:56,1049.7,798826
2021-06-08 09:41:57,1050.0,799861
2021-06-08 09:41:59,1049.5,800135
2021-06-08 09:41:58,1049.3,800117
2021-06-08 09:42:00,1049.2,800283
2021-06-08 09:42:01,1049.15,800310
2021-06-08 09:42:02,1049.6,800325
2021-06-08 09:42:03,1049.75,800445
2021-06-08 09:42:04,1049.3,800497
2021-06-08 09:42:05,1049.4,800522
2021-06-08 09:42:06,1049.25,800727
2021-06-08 09:42:07,1049.25,800767
2021-06-08 09:42:08,1049.25,801225
2021-06-08 09:42:09,1049.25,801305
2021-06-08 09:42:10,1049.25,801305
2021-06-08 09:42:11,1049.25,801305
2021-06-08 09:42:12,1049.9,801537
2021-06-08 09:42:13,1049.25,801766
2021-06-08 09:42:14,1049.3,801815
2021-06-08 09:42:15,1049.9,802114
2021-06-08 09:42:16,1049.25,802229
2021-06-08 09:42:17,1049.25,802269
2021-06-08 09:42:19,1049.0,804152
2021-06-08 09:42:20,1049.0,804661
2021-06-08 09:42:21,1049.0,804733
2021-06-08 09:42:22,1049.0,804733
2021-06-08 09:42:23,1049.5,804749
2021-06-08 09:42:24,1048.85,804849
2021-06-08 09:42:25,1048.85,805074
2021-06-08 09:42:26,1049.3,805326
2021-06-08 09:42:27,1048.7,805364
2021-06-08 09:42:28,1048.7,805364
2021-06-08 09:42:29,1049.1,805396
2021-06-08 09:42:30,1049.1,805396
2021-06-08 09:42:31,1048.75,805536
2021-06-08 09:42:32,1048.6,805552
2021-06-08 09:42:33,1048.6,805591
2021-06-08 09:42:34,1048.85,806785
2021-06-08 09:42:35,1048.95,807196
2021-06-08 09:42:36,1048.95,807269
2021-06-08 09:42:37,1048.95,807269
2021-06-08 09:42:38,1048.35,807319
2021-06-08 09:42:39,1048.85,807619
2021-06-08 09:42:40,1048.45,807920
2021-06-08 09:42:41,1048.3,808160
2021-06-08 09:42:42,1048.35,808209
2021-06-08 09:42:43,1048.1,808722
2021-06-08 09:42:44,1048.25,808742
2021-06-08 09:42:45,1048.15,809555
2021-06-08 09:42:46,1048.15,809687
2021-06-08 09:42:47,1048.05,809694
2021-06-08 09:42:48,1048.5,809744
2021-06-08 09:42:49,1048.85,810514
2021-06-08 09:42:50,1048.25,810767
2021-06-08 09:42:51,1048.15,810821
2021-06-08 09:42:52,1048.0,810842
2021-06-08 09:42:53,1048.05,811123
2021-06-08 09:42:54,1048.0,811274
2021-06-08 09:42:55,1048.1,811301
2021-06-08 09:42:56,1048.05,811311
2021-06-08 09:42:57,1048.1,811364
2021-06-08 09:42:58,1048.0,811457
2021-06-08 09:43:00,1048.0,811560
2021-06-08 09:43:01,1047.85,815331
2021-06-08 09:43:02,1048.05,816732
2021-06-08 09:43:03,1048.0,816862
2021-06-08 09:43:04,1048.0,816892
2021-06-08 09:43:05,1048.0,817005
2021-06-08 09:43:06,1048.05,817091
2021-06-08 09:43:07,1048.05,818397
2021-06-08 09:43:08,1047.6,818652
2021-06-08 09:43:09,1048.1,818844
2021-06-08 09:43:10,1048.05,818856
2021-06-08 09:43:11,1048.0,818983
2021-06-08 09:43:12,1047.85,819032
2021-06-08 09:43:13,1047.5,819356
2021-06-08 09:43:14,1047.45,819811
2021-06-08 09:43:15,1048.05,820322
2021-06-08 09:43:16,1047.4,820778
2021-06-08 09:43:17,1048.15,821665
2021-06-08 09:43:18,1047.95,821947
2021-06-08 09:43:19,1047.0,825352
2021-06-08 09:43:20,1046.95,825467
2021-06-08 09:43:21,1046.95,826542
2021-06-08 09:43:22,1047.0,826791
2021-06-08 09:43:23,1047.0,826891
2021-06-08 09:43:24,1046.8,827149
2021-06-08 09:43:25,1046.8,827169
2021-06-08 09:43:26,1046.9,827221
2021-06-08 09:43:27,1047.0,827652
2021-06-08 09:43:28,1047.1,828819
2021-06-08 09:43:31,1047.45,829442
2021-06-08 09:43:32,1047.5,835360
2021-06-08 09:43:33,1046.85,835449
2021-06-08 09:43:33,1046.75,836166
2021-06-08 09:43:35,1047.3,836902
2021-06-08 09:43:36,1047.0,838097
2021-06-08 09:43:37,1046.7,838318
2021-06-08 09:43:38,1047.0,838565
2021-06-08 09:43:39,1047.45,838845
2021-06-08 09:43:40,1047.4,838902
2021-06-08 09:43:41,1047.2,838922
2021-06-08 09:43:42,1047.35,839664
2021-06-08 09:43:43,1047.2,839946
2021-06-08 09:43:43,1047.2,839957
2021-06-08 09:43:44,1047.6,842742
2021-06-08 09:43:45,1047.6,842742
2021-06-08 09:43:46,1046.75,842802
2021-06-08 09:43:47,1047.35,843300
2021-06-08 09:43:48,1047.35,843300
2021-06-08 09:43:49,1047.0,843310
2021-06-08 09:43:50,1047.3,843325
2021-06-08 09:43:51,1047.3,843343
2021-06-08 09:43:52,1047.3,843353
2021-06-08 09:43:53,1047.0,843403
2021-06-08 09:43:54,1047.4,843753
2021-06-08 09:43:55,1047.6,843851
2021-06-08 09:43:56,1047.6,843903
2021-06-08 09:43:57,1047.2,844158
2021-06-08 09:43:58,1047.3,844164
2021-06-08 09:43:59,1047.4,844194
2021-06-08 09:44:00,1047.3,844292
2021-06-08 09:44:01,1047.4,844349
2021-06-08 09:44:02,1047.3,844537
2021-06-08 09:44:03,1047.0,844939
2021-06-08 09:44:04,1047.2,845049
2021-06-08 09:44:05,1047.5,845356
2021-06-08 09:44:06,1047.8,846459
2021-06-08 09:44:07,1047.8,846657
2021-06-08 09:44:08,1047.0,847260
2021-06-08 09:44:09,1047.05,847776
2021-06-08 09:44:10,1047.0,847888
2021-06-08 09:44:11,1047.05,847889
2021-06-08 09:44:12,1047.05,848360
2021-06-08 09:44:13,1047.05,848442
2021-06-08 09:44:14,1047.0,848462
2021-06-08 09:44:15,1047.0,848482
2021-06-08 09:44:16,1047.0,848482
2021-06-08 09:44:17,1047.0,848482
2021-06-08 09:44:18,1047.0,848499
2021-06-08 09:44:19,1047.2,848562
2021-06-08 09:44:20,1047.0,848676
2021-06-08 09:44:21,1047.0,848735
2021-06-08 09:44:22,1047.0,849214
2021-06-08 09:44:23,1047.25,849244
2021-06-08 09:44:24,1047.25,849361
2021-06-08 09:44:26,1047.0,849385
2021-06-08 09:44:26,1047.25,849477
2021-06-08 09:44:28,1047.05,849637
2021-06-08 09:44:29,1047.05,849703
2021-06-08 09:44:30,1047.0,850209
2021-06-08 09:44:32,1047.55,850797
2021-06-08 09:44:33,1047.0,850812
2021-06-08 09:44:34,1047.0,850812
2021-06-08 09:44:36,1047.15,851297
2021-06-08 09:44:37,1047.0,851298
2021-06-08 09:44:37,1047.0,851298
2021-06-08 09:44:38,1047.0,851398
2021-06-08 09:44:39,1047.0,851398
2021-06-08 09:44:40,1047.0,851729
2021-06-08 09:44:41,1047.0,851973
2021-06-08 09:44:42,1046.75,852181
2021-06-08 09:44:43,1046.75,852181
2021-06-08 09:44:44,1046.7,852306
2021-06-08 09:44:45,1047.0,852352
2021-06-08 09:44:46,1046.5,853004
2021-06-08 09:44:47,1047.05,853404
2021-06-08 09:44:48,1046.8,853416
2021-06-08 09:44:49,1046.5,853537
2021-06-08 09:44:50,1046.4,853657
2021-06-08 09:44:51,1046.4,853667
2021-06-08 09:44:52,1046.4,853684
2021-06-08 09:44:53,1046.65,853744
2021-06-08 09:44:55,1046.4,854134
2021-06-08 09:44:56,1046.55,854200
2021-06-08 09:44:57,1046.55,854225
2021-06-08 09:44:59,1046.4,854383
2021-06-08 09:45:00,1046.4,854385
2021-06-08 09:45:01,1046.25,855765
2021-06-08 09:45:01,1046.05,855854
2021-06-08 09:45:02,1045.6,858353
2021-06-08 09:45:03,1045.6,861372
2021-06-08 09:45:04,1045.6,862340
2021-06-08 09:45:05,1045.6,862602
2021-06-08 09:45:06,1045.6,868201
2021-06-08 09:45:07,1045.65,870777
2021-06-08 09:45:08,1045.6,871114
2021-06-08 09:45:09,1045.6,871349
2021-06-08 09:45:10,1045.9,871404
2021-06-08 09:45:11,1045.6,871564
2021-06-08 09:45:12,1045.65,871966
2021-06-08 09:45:13,1045.65,872125
2021-06-08 09:45:14,1046.15,872692
2021-06-08 09:45:15,1045.85,874168
2021-06-08 09:45:16,1046.55,874575
2021-06-08 09:45:17,1046.55,874575
2021-06-08 09:45:18,1045.95,874678
2021-06-08 09:45:19,1046.45,875196
2021-06-08 09:45:20,1046.5,875490
2021-06-08 09:45:21,1046.5,875764
2021-06-08 09:45:22,1046.55,875805
2021-06-08 09:45:23,1046.55,875830
2021-06-08 09:45:24,1046.55,875867
2021-06-08 09:45:25,1046.45,876126
2021-06-08 09:45:26,1046.45,878615
2021-06-08 09:45:27,1046.05,879050
2021-06-08 09:45:28,1046.0,879070
2021-06-08 09:45:29,1045.95,879335
2021-06-08 09:45:30,1046.05,879361
2021-06-08 09:45:31,1046.55,879541
2021-06-08 09:45:32,1046.55,879557
2021-06-08 09:45:33,1046.15,879587
2021-06-08 09:45:34,1046.2,879640
2021-06-08 09:45:35,1046.2,879670
2021-06-08 09:45:36,1045.9,879822
2021-06-08 09:45:37,1046.4,879866
2021-06-08 09:45:38,1046.0,880113
2021-06-08 09:45:39,1046.1,880133
2021-06-08 09:45:41,1046.7,880243
2021-06-08 09:45:42,1046.8,880268
2021-06-08 09:45:42,1046.85,880311
2021-06-08 09:45:44,1046.95,880475
2021-06-08 09:45:45,1046.55,880507
2021-06-08 09:45:46,1046.6,880517
2021-06-08 09:45:47,1047.75,886458
2021-06-08 09:45:48,1047.6,886705
2021-06-08 09:45:48,1047.6,886756
2021-06-08 09:45:49,1047.4,887264
2021-06-08 09:45:50,1048.15,887594
2021-06-08 09:45:51,1048.0,887781
2021-06-08 09:45:52,1047.3,887831
2021-06-08 09:45:53,1047.3,887881
2021-06-08 09:45:55,1047.9,887988
2021-06-08 09:45:56,1047.95,888458
2021-06-08 09:45:57,1047.95,888480
2021-06-08 09:45:58,1048.35,889529
2021-06-08 09:45:58,1048.35,889546
2021-06-08 09:45:59,1048.0,889823
2021-06-08 09:46:00,1047.75,890271
2021-06-08 09:46:01,1048.0,890300
2021-06-08 09:46:02,1047.7,890650
2021-06-08 09:46:04,1048.0,890709
2021-06-08 09:46:05,1047.55,890863
2021-06-08 09:46:05,1047.7,890898
2021-06-08 09:46:07,1048.0,891004
2021-06-08 09:46:07,1047.8,891009
2021-06-08 09:46:09,1048.0,891227
2021-06-08 09:46:10,1048.55,892280
2021-06-08 09:46:11,1047.95,892611
2021-06-08 09:46:12,1048.0,892721
2021-06-08 09:46:13,1048.0,893226
2021-06-08 09:46:14,1048.35,893275
2021-06-08 09:46:15,1048.35,893325
2021-06-08 09:46:16,1048.7,893578
2021-06-08 09:46:17,1048.3,893593
2021-06-08 09:46:17,1048.3,893595
2021-06-08 09:46:18,1048.4,893726
2021-06-08 09:46:19,1048.75,893822
2021-06-08 09:46:20,1048.4,893862
2021-06-08 09:46:21,1048.3,893992
2021-06-08 09:46:22,1048.0,894046
2021-06-08 09:46:23,1048.0,894173
2021-06-08 09:46:24,1048.45,894263
2021-06-08 09:46:25,1048.8,894674
2021-06-08 09:46:26,1048.8,894772
2021-06-08 09:46:27,1048.35,894796
2021-06-08 09:46:28,1048.8,894840
2021-06-08 09:46:30,1048.75,894997
2021-06-08 09:46:31,1048.75,895019
2021-06-08 09:46:34,1048.75,895296
2021-06-08 09:46:36,1048.8,895413
2021-06-08 09:46:36,1048.75,896238
2021-06-08 09:46:37,1048.6,896244
2021-06-08 09:46:38,1048.6,896357
2021-06-08 09:46:41,1048.15,896630
2021-06-08 09:46:42,1048.6,896684
2021-06-08 09:46:43,1048.2,896704
2021-06-08 09:46:44,1048.75,896992
2021-06-08 09:46:45,1048.75,897097
2021-06-08 09:46:46,1048.9,897099
2021-06-08 09:46:47,1048.75,897209
2021-06-08 09:46:47,1048.75,897219
2021-06-08 09:46:48,1049.0,897272
2021-06-08 09:46:49,1049.0,897293
2021-06-08 09:46:50,1049.0,897304
2021-06-08 09:46:51,1049.0,897306
2021-06-08 09:46:53,1049.0,897396
2021-06-08 09:46:54,1048.75,897416
2021-06-08 09:46:55,1049.0,897484
2021-06-08 09:46:56,1049.0,897489
2021-06-08 09:46:58,1049.0,897551
2021-06-08 09:46:59,1049.0,897563
2021-06-08 09:46:59,1049.0,897606
2021-06-08 09:47:01,1049.0,897606
2021-06-08 09:47:02,1049.0,897718
2021-06-08 09:47:03,1049.0,897728
2021-06-08 09:47:04,1049.0,897951
2021-06-08 09:47:05,1049.0,897951
2021-06-08 09:47:05,1048.75,898001
2021-06-08 09:47:06,1048.2,900001
2021-06-08 09:47:07,1048.8,900144
2021-06-08 09:47:08,1048.9,900499
2021-06-08 09:47:09,1048.45,900510
2021-06-08 09:47:10,1048.9,900525
2021-06-08 09:47:11,1048.9,900536
2021-06-08 09:47:12,1048.55,900614
2021-06-08 09:47:13,1048.55,900614
2021-06-08 09:47:14,1049.0,900635
2021-06-08 09:47:15,1048.5,900669
2021-06-08 09:47:16,1049.0,900712
2021-06-08 09:47:17,1048.5,901376
2021-06-08 09:47:18,1048.55,902387
2021-06-08 09:47:19,1049.3,902532
2021-06-08 09:47:20,1048.5,902732
2021-06-08 09:47:21,1048.75,902775
2021-06-08 09:47:22,1048.55,902791
2021-06-08 09:47:23,1048.55,902826
2021-06-08 09:47:24,1048.65,902828
2021-06-08 09:47:25,1048.65,902828
2021-06-08 09:47:26,1048.55,902838
2021-06-08 09:47:27,1048.75,902853
2021-06-08 09:47:28,1048.75,902896
2021-06-08 09:47:29,1048.7,902958
2021-06-08 09:47:30,1048.75,902963
2021-06-08 09:47:32,1048.75,902963
2021-06-08 09:47:33,1049.35,903044
2021-06-08 09:47:33,1049.35,903044
2021-06-08 09:47:35,1048.8,903139
2021-06-08 09:47:35,1049.3,903121
2021-06-08 09:47:36,1048.8,903189
2021-06-08 09:47:38,1048.85,903215
2021-06-08 09:47:38,1048.8,903203
2021-06-08 09:47:39,1049.3,903228
2021-06-08 09:47:40,1049.2,903311
2021-06-08 09:47:41,1048.7,903361
2021-06-08 09:47:43,1048.7,903634
2021-06-08 09:47:44,1049.2,903684
2021-06-08 09:47:45,1048.7,903687
2021-06-08 09:47:46,1048.55,904160
2021-06-08 09:47:47,1049.0,904330
2021-06-08 09:47:48,1049.15,904463
2021-06-08 09:47:50,1048.7,904514
2021-06-08 09:47:50,1048.7,904514
2021-06-08 09:47:51,1049.3,904580
2021-06-08 09:47:53,1048.75,904703
2021-06-08 09:47:54,1048.7,904730
2021-06-08 09:47:55,1049.3,904753
2021-06-08 09:47:56,1049.25,904803
2021-06-08 09:47:57,1049.25,904929
2021-06-08 09:47:58,1049.0,905024
2021-06-08 09:47:59,1048.7,905249
2021-06-08 09:48:00,1048.7,905375
2021-06-08 09:48:01,1049.2,905456
2021-06-08 09:48:02,1049.5,905841
2021-06-08 09:48:03,1048.9,905970
2021-06-08 09:48:04,1049.45,905990
2021-06-08 09:48:05,1049.5,906239
2021-06-08 09:48:06,1049.45,906319
2021-06-08 09:48:07,1049.0,906326
2021-06-08 09:48:08,1049.45,906336
2021-06-08 09:48:09,1049.45,906336
2021-06-08 09:48:10,1048.85,906387
2021-06-08 09:48:12,1048.7,907743
2021-06-08 09:48:13,1048.9,908035
2021-06-08 09:48:14,1049.3,908052
2021-06-08 09:48:15,1048.7,908132
2021-06-08 09:48:16,1048.7,908181
2021-06-08 09:48:17,1048.7,908430
2021-06-08 09:48:18,1048.7,908548
2021-06-08 09:48:19,1048.85,908559
2021-06-08 09:48:20,1049.0,908570
2021-06-08 09:48:21,1049.0,908593
2021-06-08 09:48:22,1049.45,909193
2021-06-08 09:48:23,1048.8,909385
2021-06-08 09:48:24,1048.7,909401
2021-06-08 09:48:25,1048.75,909403
2021-06-08 09:48:25,1049.0,909418
2021-06-08 09:48:26,1049.4,909462
2021-06-08 09:48:28,1049.4,909676
2021-06-08 09:48:28,1048.9,909688
2021-06-08 09:48:29,1049.4,909738
2021-06-08 09:48:30,1048.9,909748
2021-06-08 09:48:31,1049.4,909848
2021-06-08 09:48:32,1049.0,909959
2021-06-08 09:48:33,1049.4,910002
2021-06-08 09:48:34,1049.0,910032
2021-06-08 09:48:36,1049.2,910034
2021-06-08 09:48:37,1049.2,910034
2021-06-08 09:48:38,1048.9,910159
2021-06-08 09:48:38,1048.9,910159
2021-06-08 09:48:39,1049.15,910212
2021-06-08 09:48:40,1049.35,910242
2021-06-08 09:48:42,1049.4,910315
2021-06-08 09:48:42,1049.4,910315
2021-06-08 09:48:43,1049.2,910321
2021-06-08 09:48:44,1049.5,910831
2021-06-08 09:48:45,1049.5,911107
2021-06-08 09:48:46,1049.5,913603
2021-06-08 09:48:48,1049.5,914275
2021-06-08 09:48:50,1049.35,914695
2021-06-08 09:48:51,1049.3,914762
2021-06-08 09:48:52,1049.7,914912
2021-06-08 09:48:53,1049.3,914937
2021-06-08 09:48:54,1049.35,915058
2021-06-08 09:48:55,1049.3,915280
2021-06-08 09:48:56,1049.3,915338
2021-06-08 09:48:57,1049.5,915594
2021-06-08 09:48:58,1049.5,915835
2021-06-08 09:48:59,1049.55,916192
2021-06-08 09:49:00,1049.0,916373
2021-06-08 09:49:01,1049.05,916426
2021-06-08 09:49:02,1049.2,916438
2021-06-08 09:49:03,1049.2,916486
2021-06-08 09:49:04,1049.3,916496
2021-06-08 09:49:05,1049.3,916548
2021-06-08 09:49:06,1049.5,917059
2021-06-08 09:49:07,1049.5,917073
2021-06-08 09:49:08,1049.05,917184
2021-06-08 09:49:09,1049.5,917187
2021-06-08 09:49:10,1049.05,917512
2021-06-08 09:49:11,1049.05,917603
2021-06-08 09:49:12,1049.5,917616
2021-06-08 09:49:13,1049.1,918727
2021-06-08 09:49:14,1049.2,919012
2021-06-08 09:49:15,1049.5,919034
2021-06-08 09:49:16,1049.5,919347
2021-06-08 09:49:16,1049.2,919354
2021-06-08 09:49:17,1049.7,919562
2021-06-08 09:49:18,1049.4,919567
2021-06-08 09:49:19,1049.5,919616
2021-06-08 09:49:21,1049.2,919658
2021-06-08 09:49:22,1049.05,919683
2021-06-08 09:49:23,1049.2,919815
2021-06-08 09:49:24,1049.0,919840
2021-06-08 09:49:25,1049.2,919952
2021-06-08 09:49:26,1049.05,919977
2021-06-08 09:49:27,1049.2,920020
2021-06-08 09:49:28,1049.2,920043
2021-06-08 09:49:29,1049.15,920089
2021-06-08 09:49:29,1049.15,920089
2021-06-08 09:49:30,1049.15,920099
2021-06-08 09:49:31,1049.2,920169
2021-06-08 09:49:32,1049.0,920194
2021-06-08 09:49:33,1049.0,920194
2021-06-08 09:49:34,1049.3,921198
2021-06-08 09:49:35,1049.3,921242
2021-06-08 09:49:36,1049.65,921660
2021-06-08 09:49:38,1049.4,921714
2021-06-08 09:49:39,1049.65,921846
2021-06-08 09:49:40,1049.5,922348
2021-06-08 09:49:41,1049.6,923386
2021-06-08 09:49:42,1049.1,923733
2021-06-08 09:49:43,1049.0,924058
2021-06-08 09:49:44,1049.7,924661
2021-06-08 09:49:45,1050.0,925895
2021-06-08 09:49:46,1049.85,926352
2021-06-08 09:49:47,1049.5,926485
2021-06-08 09:49:49,1049.25,926562
2021-06-08 09:49:49,1049.25,926562
2021-06-08 09:49:50,1050.0,927202
2021-06-08 09:49:51,1049.9,927464
2021-06-08 09:49:52,1049.85,927589
2021-06-08 09:49:53,1049.85,927689
2021-06-08 09:49:55,1049.85,927689
2021-06-08 09:49:56,1049.95,927885
2021-06-08 09:49:57,1049.95,928016
2021-06-08 09:49:58,1050.0,928320
2021-06-08 09:50:00,1049.85,928395
2021-06-08 09:50:00,1050.0,928445
2021-06-08 09:50:02,1049.7,929333
2021-06-08 09:50:04,1049.85,929441
2021-06-08 09:50:05,1050.0,929592
2021-06-08 09:50:06,1049.95,929807
2021-06-08 09:50:07,1049.85,930525
2021-06-08 09:50:08,1049.85,930857
2021-06-08 09:50:09,1050.0,930955
2021-06-08 09:50:10,1049.85,930960
2021-06-08 09:50:11,1049.85,931053
2021-06-08 09:50:12,1050.0,931137
2021-06-08 09:50:12,1050.0,931138
2021-06-08 09:50:14,1049.9,931289
2021-06-08 09:50:15,1049.9,931289
2021-06-08 09:50:16,1049.9,931412
2021-06-08 09:50:17,1049.9,931502
2021-06-08 09:50:18,1049.8,931527
2021-06-08 09:50:19,1049.8,931527
2021-06-08 09:50:20,1049.9,931615
2021-06-08 09:50:21,1050.0,931744
2021-06-08 09:50:22,1049.9,931756
2021-06-08 09:50:23,1049.7,931849
2021-06-08 09:50:23,1049.7,931849
2021-06-08 09:50:24,1049.95,931859
2021-06-08 09:50:25,1050.0,931927
2021-06-08 09:50:27,1050.0,931927
2021-06-08 09:50:28,1050.0,931992
2021-06-08 09:50:29,1049.9,932022
2021-06-08 09:50:30,1050.0,932061
2021-06-08 09:50:31,1050.0,932728
2021-06-08 09:50:32,1050.9,935210
2021-06-08 09:50:33,1050.0,935351
2021-06-08 09:50:33,1049.9,935653
2021-06-08 09:50:34,1050.6,936161
2021-06-08 09:50:36,1050.0,936388
2021-06-08 09:50:37,1050.0,936480
2021-06-08 09:50:39,1050.5,936566
2021-06-08 09:50:40,1050.5,936567
2021-06-08 09:50:40,1050.5,936567
2021-06-08 09:50:41,1050.0,936832
2021-06-08 09:50:42,1050.35,936862
2021-06-08 09:50:44,1050.35,936914
2021-06-08 09:50:45,1050.7,936983
2021-06-08 09:50:46,1051.0,937661
2021-06-08 09:50:47,1051.0,938000
2021-06-08 09:50:48,1050.55,938106
2021-06-08 09:50:49,1051.0,938248
2021-06-08 09:50:49,1051.0,938248
2021-06-08 09:50:50,1050.85,938271
2021-06-08 09:50:51,1050.85,938282
2021-06-08 09:50:53,1051.0,938364
2021-06-08 09:50:54,1050.5,938414
2021-06-08 09:50:55,1050.8,938450
2021-06-08 09:50:56,1050.5,938546
2021-06-08 09:50:57,1050.5,938810
2021-06-08 09:50:58,1051.0,938959
2021-06-08 09:50:59,1051.05,939635
2021-06-08 09:51:00,1051.0,940301
2021-06-08 09:51:00,1050.75,940410
2021-06-08 09:51:01,1051.15,940536
2021-06-08 09:51:04,1051.3,940608
2021-06-08 09:51:05,1051.3,940614
2021-06-08 09:51:06,1051.15,940720
2021-06-08 09:51:07,1051.25,940736
2021-06-08 09:51:08,1051.25,940854
2021-06-08 09:51:09,1051.15,940931
2021-06-08 09:51:10,1051.15,940974
2021-06-08 09:51:11,1051.55,941319
2021-06-08 09:51:12,1051.35,941386
2021-06-08 09:51:13,1051.25,941674
2021-06-08 09:51:13,1051.25,941717
2021-06-08 09:51:15,1051.3,943513
2021-06-08 09:51:16,1051.8,944256
2021-06-08 09:51:17,1051.35,944422
2021-06-08 09:51:18,1051.8,944724
2021-06-08 09:51:19,1051.6,944778
2021-06-08 09:51:20,1051.8,946608
2021-06-08 09:51:21,1050.8,947334
2021-06-08 09:51:22,1051.1,947667
2021-06-08 09:51:22,1051.1,947777
2021-06-08 09:51:23,1051.15,947905
2021-06-08 09:51:25,1052.0,949057
2021-06-08 09:51:26,1051.0,949722
2021-06-08 09:51:27,1051.05,950178
2021-06-08 09:51:28,1051.75,950449
2021-06-08 09:51:29,1051.25,950524
2021-06-08 09:51:30,1051.75,950662
2021-06-08 09:51:31,1051.2,950718
2021-06-08 09:51:32,1051.75,950900
2021-06-08 09:51:33,1051.55,950951
2021-06-08 09:51:34,1051.55,951039
2021-06-08 09:51:35,1051.8,951154
2021-06-08 09:51:36,1051.4,951364
2021-06-08 09:51:37,1051.55,951404
2021-06-08 09:51:38,1051.4,951455
2021-06-08 09:51:40,1051.3,951591
2021-06-08 09:51:41,1051.2,951660
2021-06-08 09:51:42,1051.05,952430
2021-06-08 09:51:43,1051.5,953340
2021-06-08 09:51:44,1051.7,953554
2021-06-08 09:51:45,1051.5,953649
2021-06-08 09:51:46,1051.15,954079
2021-06-08 09:51:48,1051.0,955087
2021-06-08 09:51:49,1051.0,955124
2021-06-08 09:51:50,1050.0,962945
2021-06-08 09:51:51,1049.6,964555
2021-06-08 09:51:52,1050.0,965689
2021-06-08 09:51:53,1049.5,965911
2021-06-08 09:51:54,1049.65,966001
2021-06-08 09:51:55,1049.55,966064
2021-06-08 09:51:56,1049.55,966074
2021-06-08 09:51:57,1049.45,966184
2021-06-08 09:51:58,1049.55,966201
2021-06-08 09:51:59,1050.0,966455
2021-06-08 09:52:00,1049.6,966495
2021-06-08 09:52:01,1050.0,966596
2021-06-08 09:52:01,1050.0,966611
2021-06-08 09:52:02,1050.0,966750
2021-06-08 09:52:03,1049.7,972126
2021-06-08 09:52:05,1050.0,974423
2021-06-08 09:52:06,1050.0,974943
2021-06-08 09:52:07,1050.0,975045
2021-06-08 09:52:08,1050.0,975130
2021-06-08 09:52:09,1050.4,975445
2021-06-08 09:52:10,1049.9,975570
2021-06-08 09:52:11,1050.45,975671
2021-06-08 09:52:12,1050.0,975704
2021-06-08 09:52:13,1050.0,975811
2021-06-08 09:52:14,1050.0,975975
2021-06-08 09:52:15,1050.6,976384
2021-06-08 09:52:16,1050.5,978153
2021-06-08 09:52:17,1050.0,978471
2021-06-08 09:52:18,1050.6,978905
2021-06-08 09:52:19,1050.6,979291
2021-06-08 09:52:20,1050.3,979524
2021-06-08 09:52:21,1050.2,979685
2021-06-08 09:52:22,1050.6,979818
2021-06-08 09:52:23,1050.6,979856
2021-06-08 09:52:24,1050.25,979979
2021-06-08 09:52:25,1050.85,980002
2021-06-08 09:52:26,1050.85,980410
2021-06-08 09:52:27,1050.8,980460
2021-06-08 09:52:28,1050.35,980530
2021-06-08 09:52:29,1050.65,981877
2021-06-08 09:52:30,1050.7,982092
2021-06-08 09:52:31,1050.65,982136
2021-06-08 09:52:32,1050.7,982141
2021-06-08 09:52:33,1050.7,982194
2021-06-08 09:52:34,1050.65,982264
2021-06-08 09:52:35,1050.7,982548
2021-06-08 09:52:36,1050.35,982720
2021-06-08 09:52:37,1050.4,983150
2021-06-08 09:52:38,1050.4,983401
2021-06-08 09:52:39,1050.7,983592
2021-06-08 09:52:40,1050.4,983708
2021-06-08 09:52:41,1050.7,983856
2021-06-08 09:52:42,1050.95,983883
2021-06-08 09:52:43,1050.7,984012
2021-06-08 09:52:44,1050.7,984073
2021-06-08 09:52:45,1050.9,985115
2021-06-08 09:52:46,1050.95,985229
2021-06-08 09:52:47,1050.35,985361
2021-06-08 09:52:48,1050.9,985380
2021-06-08 09:52:49,1050.95,986048
2021-06-08 09:52:50,1051.3,986233
2021-06-08 09:52:51,1051.3,986265
2021-06-08 09:52:52,1051.15,991519
2021-06-08 09:52:54,1052.0,991778
2021-06-08 09:52:53,1051.9,991728
2021-06-08 09:52:56,1052.15,992782
2021-06-08 09:52:57,1052.15,992818
2021-06-08 09:52:58,1052.2,992826
2021-06-08 09:52:59,1052.25,994286
2021-06-08 09:53:00,1052.75,994703
2021-06-08 09:53:01,1052.75,994807
2021-06-08 09:53:02,1052.75,994861
2021-06-08 09:53:03,1052.15,994987
2021-06-08 09:53:04,1052.45,995363
2021-06-08 09:53:05,1052.9,995542
2021-06-08 09:53:06,1052.55,995772
2021-06-08 09:53:07,1052.55,995842
2021-06-08 09:53:08,1052.55,996000
2021-06-08 09:53:09,1052.15,996079
2021-06-08 09:53:10,1052.55,996160
2021-06-08 09:53:11,1052.25,996590
2021-06-08 09:53:12,1052.9,996804
2021-06-08 09:53:13,1052.2,997532
2021-06-08 09:53:14,1052.9,997954
2021-06-08 09:53:15,1052.55,998067
2021-06-08 09:53:16,1052.55,998379
2021-06-08 09:53:17,1052.5,998426
2021-06-08 09:53:18,1052.15,998446
2021-06-08 09:53:20,1051.95,999653
2021-06-08 09:53:19,1051.9,999444
2021-06-08 09:53:21,1051.95,999962
2021-06-08 09:53:22,1052.0,1000333
2021-06-08 09:53:23,1052.4,1000489
2021-06-08 09:53:24,1051.8,1000607
2021-06-08 09:53:25,1052.0,1000627
2021-06-08 09:53:26,1051.55,1000955
2021-06-08 09:53:27,1051.95,1001323
2021-06-08 09:53:29,1052.35,1001805
2021-06-08 09:53:30,1052.35,1002589
2021-06-08 09:53:31,1052.35,1002735
2021-06-08 09:53:32,1051.8,1002944
2021-06-08 09:53:33,1052.35,1002979
2021-06-08 09:53:34,1052.1,1003029
2021-06-08 09:53:35,1051.85,1003429
2021-06-08 09:53:36,1052.45,1003490
2021-06-08 09:53:37,1052.35,1003577
2021-06-08 09:53:38,1052.0,1003600
2021-06-08 09:53:39,1052.3,1003854
2021-06-08 09:53:40,1052.4,1003877
2021-06-08 09:53:41,1052.35,1003981
2021-06-08 09:53:42,1052.4,1004017
2021-06-08 09:53:43,1052.3,1004846
2021-06-08 09:53:44,1052.35,1005000
2021-06-08 09:53:45,1052.0,1005433
2021-06-08 09:53:46,1052.0,1005879
2021-06-08 09:53:47,1052.0,1005946
2021-06-08 09:53:48,1052.35,1006170
2021-06-08 09:53:49,1052.1,1006360
2021-06-08 09:53:50,1052.1,1006388
2021-06-08 09:53:51,1052.0,1007114
2021-06-08 09:53:52,1052.1,1007391
2021-06-08 09:53:53,1052.0,1007490
2021-06-08 09:53:54,1052.0,1007505
2021-06-08 09:53:55,1052.0,1007523
2021-06-08 09:53:56,1051.9,1007957
2021-06-08 09:53:57,1052.4,1008091
2021-06-08 09:53:58,1052.9,1009559
2021-06-08 09:53:59,1053.0,1009900
2021-06-08 09:54:01,1053.4,1015458
2021-06-08 09:54:02,1053.95,1015671
2021-06-08 09:54:03,1053.75,1016078
2021-06-08 09:54:04,1053.5,1018000
2021-06-08 09:54:05,1053.8,1018480
2021-06-08 09:54:06,1053.5,1019035
2021-06-08 09:54:07,1053.7,1019362
2021-06-08 09:54:09,1053.35,1020723
2021-06-08 09:54:10,1054.0,1022131
2021-06-08 09:54:11,1053.5,1023250
2021-06-08 09:54:12,1054.0,1023660
2021-06-08 09:54:13,1054.15,1026833
2021-06-08 09:54:14,1054.55,1027604
2021-06-08 09:54:15,1054.0,1027990
2021-06-08 09:54:16,1054.0,1028893
2021-06-08 09:54:17,1054.05,1029309
2021-06-08 09:54:18,1054.5,1029664
2021-06-08 09:54:20,1054.35,1030562
2021-06-08 09:54:22,1054.55,1032052
2021-06-08 09:54:22,1054.6,1032127
2021-06-08 09:54:23,1054.0,1032841
2021-06-08 09:54:24,1054.4,1033246
2021-06-08 09:54:25,1054.5,1033423
2021-06-08 09:54:26,1054.0,1034710
2021-06-08 09:54:27,1054.0,1035027
2021-06-08 09:54:28,1053.8,1035525
2021-06-08 09:54:29,1054.4,1035701
2021-06-08 09:54:30,1054.35,1036156
2021-06-08 09:54:31,1054.3,1036525
2021-06-08 09:54:32,1054.35,1036656
2021-06-08 09:54:33,1054.0,1036793
2021-06-08 09:54:35,1054.0,1037050
2021-06-08 09:54:35,1053.8,1037195
2021-06-08 09:54:36,1054.0,1037674
2021-06-08 09:54:37,1054.0,1037704
2021-06-08 09:54:38,1053.9,1038294
2021-06-08 09:54:39,1054.35,1038579
2021-06-08 09:54:40,1054.3,1038754
2021-06-08 09:54:41,1053.9,1039106
2021-06-08 09:54:43,1053.35,1039609
2021-06-08 09:54:43,1053.35,1039665
2021-06-08 09:54:44,1053.35,1039793
2021-06-08 09:54:45,1053.2,1040114
2021-06-08 09:54:46,1053.05,1040720
2021-06-08 09:54:47,1053.45,1040909
2021-06-08 09:54:48,1053.45,1041208
2021-06-08 09:54:49,1053.55,1041461
2021-06-08 09:54:50,1052.95,1041725
2021-06-08 09:54:51,1053.55,1041821
2021-06-08 09:54:52,1053.1,1041892
2021-06-08 09:54:53,1053.1,1042350
2021-06-08 09:54:54,1053.45,1042521
2021-06-08 09:54:55,1053.1,1042711
2021-06-08 09:54:56,1053.45,1043040
2021-06-08 09:54:57,1053.65,1043083
2021-06-08 09:54:58,1053.6,1043439
2021-06-08 09:54:59,1053.7,1046028
2021-06-08 09:55:00,1054.25,1046916
2021-06-08 09:55:01,1053.75,1047447
2021-06-08 09:55:02,1053.35,1047684
2021-06-08 09:55:03,1053.35,1047775
2021-06-08 09:55:04,1053.65,1047802
2021-06-08 09:55:05,1053.45,1048014
2021-06-08 09:55:06,1053.2,1048321
2021-06-08 09:55:07,1053.4,1048484
2021-06-08 09:55:08,1053.4,1048826
2021-06-08 09:55:09,1053.8,1049217
2021-06-08 09:55:10,1053.45,1049771
2021-06-08 09:55:11,1053.7,1049981
2021-06-08 09:55:12,1053.95,1050044
2021-06-08 09:55:13,1054.0,1050163
2021-06-08 09:55:14,1054.15,1052790
2021-06-08 09:55:15,1053.3,1053289
2021-06-08 09:55:16,1053.8,1053876
2021-06-08 09:55:17,1053.35,1054239
2021-06-08 09:55:18,1053.9,1054684
2021-06-08 09:55:19,1054.0,1054877
2021-06-08 09:55:20,1053.9,1054937
2021-06-08 09:55:21,1053.95,1054998
2021-06-08 09:55:22,1053.6,1055386
2021-06-08 09:55:23,1053.6,1055490
2021-06-08 09:55:24,1053.35,1055937
2021-06-08 09:55:25,1053.3,1056473
2021-06-08 09:55:26,1053.25,1057184
2021-06-08 09:55:27,1053.7,1057596
2021-06-08 09:55:28,1053.9,1057703
2021-06-08 09:55:29,1054.0,1058043
2021-06-08 09:55:30,1053.7,1058526
2021-06-08 09:55:31,1053.0,1058933
2021-06-08 09:55:32,1053.9,1059125
2021-06-08 09:55:33,1053.9,1059316
2021-06-08 09:55:34,1053.75,1059569
2021-06-08 09:55:35,1053.8,1059884
2021-06-08 09:55:36,1053.8,1060044
2021-06-08 09:55:37,1053.85,1060254
2021-06-08 09:55:38,1053.85,1062604
2021-06-08 09:55:39,1053.95,1063879
2021-06-08 09:55:40,1054.0,1064462
2021-06-08 09:55:41,1054.0,1064951
2021-06-08 09:55:42,1054.0,1065391
2021-06-08 09:55:43,1054.0,1066080
2021-06-08 09:55:44,1053.55,1066333
2021-06-08 09:55:45,1053.6,1068089
2021-06-08 09:55:46,1054.0,1069596
2021-06-08 09:55:47,1053.95,1070198
2021-06-08 09:55:48,1054.35,1072516
2021-06-08 09:55:49,1054.4,1076472
2021-06-08 09:55:50,1054.9,1077816
2021-06-08 09:55:51,1054.9,1079756
2021-06-08 09:55:53,1054.85,1081722
2021-06-08 09:55:53,1054.85,1094530
2021-06-08 09:55:54,1055.15,1099453
2021-06-08 09:55:55,1055.35,1102085
2021-06-08 09:55:56,1055.85,1104216
2021-06-08 09:55:57,1055.6,1110340
2021-06-08 09:55:58,1056.25,1112836
2021-06-08 09:55:59,1056.3,1113307
2021-06-08 09:56:01,1056.05,1116124
2021-06-08 09:56:02,1055.8,1117212
2021-06-08 09:56:04,1055.95,1119349
2021-06-08 09:56:04,1056.0,1120298
2021-06-08 09:56:05,1055.5,1120593
2021-06-08 09:56:06,1055.95,1121350
2021-06-08 09:56:07,1056.2,1121635
2021-06-08 09:56:08,1055.65,1122220
2021-06-08 09:56:09,1056.35,1122441
2021-06-08 09:56:10,1055.6,1122868
2021-06-08 09:56:11,1056.0,1123495
2021-06-08 09:56:12,1055.55,1124677
2021-06-08 09:56:13,1055.95,1125844
2021-06-08 09:56:15,1055.6,1126525
2021-06-08 09:56:16,1055.95,1127205
2021-06-08 09:56:17,1055.95,1127927
2021-06-08 09:56:18,1055.45,1128333
2021-06-08 09:56:18,1055.9,1128398
2021-06-08 09:56:20,1055.35,1128781
2021-06-08 09:56:20,1055.9,1128862
2021-06-08 09:56:21,1055.4,1129651
2021-06-08 09:56:22,1055.25,1130209
2021-06-08 09:56:23,1055.15,1131431
2021-06-08 09:56:24,1055.8,1132689
2021-06-08 09:56:26,1055.2,1133836
2021-06-08 09:56:26,1055.05,1133505
2021-06-08 09:56:27,1055.2,1134227
2021-06-08 09:56:28,1055.25,1134711
2021-06-08 09:56:29,1055.9,1135801
2021-06-08 09:56:30,1055.8,1136418
2021-06-08 09:56:31,1055.3,1136977
2021-06-08 09:56:32,1055.75,1137457
2021-06-08 09:56:33,1055.8,1137721
2021-06-08 09:56:34,1055.75,1138232
2021-06-08 09:56:35,1055.3,1138422
2021-06-08 09:56:36,1055.25,1138578
2021-06-08 09:56:37,1055.75,1138811
2021-06-08 09:56:39,1055.2,1139443
2021-06-08 09:56:40,1055.3,1139792
2021-06-08 09:56:41,1055.15,1140030
2021-06-08 09:56:42,1055.2,1140226
2021-06-08 09:56:43,1055.25,1140374
2021-06-08 09:56:43,1055.8,1140433
2021-06-08 09:56:44,1055.35,1142460
2021-06-08 09:56:45,1054.35,1143242
2021-06-08 09:56:47,1054.85,1143709
2021-06-08 09:56:48,1055.3,1144428
2021-06-08 09:56:49,1054.2,1146399
2021-06-08 09:56:50,1055.75,1147859
2021-06-08 09:56:51,1054.85,1149128
2021-06-08 09:56:52,1055.5,1149618
2021-06-08 09:56:53,1055.25,1150005
2021-06-08 09:56:54,1054.95,1151009
2021-06-08 09:56:56,1055.6,1151379
2021-06-08 09:56:57,1054.95,1151829
2021-06-08 09:56:58,1055.65,1152057
2021-06-08 09:56:59,1054.55,1153503
2021-06-08 09:56:59,1055.15,1153765
2021-06-08 09:57:00,1055.4,1154138
2021-06-08 09:57:01,1055.2,1155588
2021-06-08 09:57:02,1055.2,1155908
2021-06-08 09:57:03,1055.2,1156268
2021-06-08 09:57:04,1055.5,1156418
2021-06-08 09:57:05,1054.7,1157052
2021-06-08 09:57:08,1054.05,1157590
2021-06-08 09:57:08,1054.4,1157684
2021-06-08 09:57:09,1053.7,1158562
2021-06-08 09:57:10,1053.9,1158996
2021-06-08 09:57:11,1054.35,1159396
2021-06-08 09:57:12,1053.9,1159571
2021-06-08 09:57:13,1053.9,1160128
2021-06-08 09:57:14,1053.65,1161194
2021-06-08 09:57:16,1054.05,1161502
2021-06-08 09:57:17,1054.05,1161761
2021-06-08 09:57:18,1054.0,1162000
2021-06-08 09:57:18,1054.05,1162058
2021-06-08 09:57:19,1053.75,1162198
2021-06-08 09:57:20,1053.75,1162466
2021-06-08 09:57:21,1053.8,1163241
2021-06-08 09:57:22,1054.25,1163458
2021-06-08 09:57:23,1053.5,1163694
2021-06-08 09:57:24,1054.2,1163942
2021-06-08 09:57:25,1053.75,1164108
2021-06-08 09:57:26,1053.25,1164834
2021-06-08 09:57:28,1053.7,1164999
2021-06-08 09:57:29,1053.7,1165096
2021-06-08 09:57:29,1054.0,1165413
2021-06-08 09:57:31,1053.35,1165743
2021-06-08 09:57:32,1053.8,1165812
2021-06-08 09:57:33,1053.8,1165964
2021-06-08 09:57:34,1053.7,1165973
2021-06-08 09:57:35,1053.7,1166139
2021-06-08 09:57:35,1053.7,1166163
2021-06-08 09:57:36,1053.5,1166895
2021-06-08 09:57:37,1053.7,1167061
2021-06-08 09:57:38,1054.25,1169487
2021-06-08 09:57:39,1053.75,1169777
2021-06-08 09:57:40,1053.75,1170167
2021-06-08 09:57:41,1054.45,1171596
2021-06-08 09:57:43,1054.7,1171965
2021-06-08 09:57:43,1054.3,1172162
2021-06-08 09:57:44,1054.4,1172912
2021-06-08 09:57:45,1054.4,1173945
2021-06-08 09:57:47,1054.1,1174222
2021-06-08 09:57:48,1054.35,1174323
2021-06-08 09:57:49,1054.0,1174496
2021-06-08 09:57:50,1054.0,1174529
2021-06-08 09:57:50,1054.0,1174529
2021-06-08 09:57:51,1053.9,1175744
2021-06-08 09:57:52,1054.1,1176186
2021-06-08 09:57:53,1053.45,1176617
2021-06-08 09:57:54,1053.35,1176705
2021-06-08 09:57:55,1054.05,1176821
2021-06-08 09:57:56,1053.45,1177092
2021-06-08 09:57:57,1053.9,1177120
2021-06-08 09:57:58,1053.35,1177230
2021-06-08 09:57:59,1053.35,1177230
2021-06-08 09:58:00,1053.85,1177280
2021-06-08 09:58:01,1053.3,1177551
2021-06-08 09:58:02,1053.8,1177653
2021-06-08 09:58:03,1053.35,1177673
2021-06-08 09:58:04,1053.35,1177803
2021-06-08 09:58:05,1053.25,1178169
2021-06-08 09:58:07,1053.25,1178412
2021-06-08 09:58:08,1053.1,1182477
2021-06-08 09:58:09,1052.7,1183167
2021-06-08 09:58:10,1053.25,1183220
2021-06-08 09:58:11,1052.75,1183370
2021-06-08 09:58:12,1052.9,1183518
2021-06-08 09:58:13,1052.9,1183575
2021-06-08 09:58:14,1052.9,1183721
2021-06-08 09:58:15,1053.3,1184234
2021-06-08 09:58:15,1053.0,1184304
2021-06-08 09:58:16,1053.0,1184330
2021-06-08 09:58:17,1053.0,1185019
2021-06-08 09:58:18,1052.5,1185214
2021-06-08 09:58:20,1052.45,1185532
2021-06-08 09:58:22,1052.6,1186455
2021-06-08 09:58:24,1052.65,1186870
2021-06-08 09:58:25,1052.05,1187083
2021-06-08 09:58:26,1052.05,1187102
2021-06-08 09:58:28,1052.15,1189803
2021-06-08 09:58:29,1052.2,1190227
2021-06-08 09:58:30,1051.75,1190665
2021-06-08 09:58:30,1052.15,1190734
2021-06-08 09:58:31,1051.55,1191366
2021-06-08 09:58:32,1051.85,1192617
2021-06-08 09:58:33,1051.95,1193109
2021-06-08 09:58:34,1051.6,1193706
2021-06-08 09:58:35,1052.35,1194408
2021-06-08 09:58:37,1051.85,1194595
2021-06-08 09:58:38,1052.3,1194841
2021-06-08 09:58:38,1052.3,1194877
2021-06-08 09:58:39,1051.95,1194893
2021-06-08 09:58:40,1051.75,1195055
2021-06-08 09:58:42,1051.75,1195075
2021-06-08 09:58:43,1051.35,1195795
2021-06-08 09:58:44,1052.0,1195951
2021-06-08 09:58:45,1051.85,1196133
2021-06-08 09:58:45,1051.85,1196190
2021-06-08 09:58:46,1051.55,1196796
2021-06-08 09:58:47,1051.85,1196870
2021-06-08 09:58:48,1051.3,1196949
2021-06-08 09:58:51,1051.25,1197387
2021-06-08 09:58:53,1051.2,1198242
2021-06-08 09:58:54,1051.1,1198700
2021-06-08 09:58:54,1051.5,1198751
2021-06-08 09:58:55,1051.75,1198863
2021-06-08 09:58:56,1051.55,1199110
2021-06-08 09:58:58,1051.1,1199216
2021-06-08 09:58:59,1051.85,1199326
2021-06-08 09:58:59,1051.55,1199425
2021-06-08 09:59:00,1051.95,1199441
2021-06-08 09:59:01,1051.55,1199496
2021-06-08 09:59:04,1051.55,1199747
2021-06-08 09:59:05,1051.75,1199838
2021-06-08 09:59:06,1051.3,1200107
2021-06-08 09:59:06,1051.4,1199977
2021-06-08 09:59:07,1051.4,1200358
2021-06-08 09:59:08,1051.3,1200719
2021-06-08 09:59:10,1050.85,1201746
2021-06-08 09:59:11,1050.9,1202264
2021-06-08 09:59:12,1051.4,1202415
2021-06-08 09:59:13,1051.4,1202658
2021-06-08 09:59:14,1050.95,1202779
2021-06-08 09:59:15,1051.35,1202973
2021-06-08 09:59:16,1050.95,1203173
2021-06-08 09:59:17,1051.35,1203187
2021-06-08 09:59:18,1051.35,1203187
2021-06-08 09:59:18,1051.0,1203265
2021-06-08 09:59:19,1051.0,1203570
2021-06-08 09:59:21,1051.1,1206729
2021-06-08 09:59:21,1051.9,1207118
2021-06-08 09:59:22,1051.6,1207574
2021-06-08 09:59:24,1051.6,1207763
2021-06-08 09:59:25,1051.6,1207807
2021-06-08 09:59:26,1051.35,1208733
2021-06-08 09:59:27,1052.0,1209067
2021-06-08 09:59:28,1051.6,1209157
2021-06-08 09:59:28,1051.6,1209157
2021-06-08 09:59:29,1051.5,1209217
2021-06-08 09:59:30,1052.0,1210268
2021-06-08 09:59:31,1051.55,1210440
2021-06-08 09:59:32,1051.5,1210549
2021-06-08 09:59:33,1051.95,1210567
2021-06-08 09:59:34,1051.9,1210569
2021-06-08 09:59:36,1051.5,1210589
2021-06-08 09:59:37,1051.9,1210602
2021-06-08 09:59:37,1051.9,1210627
2021-06-08 09:59:39,1051.5,1210692
2021-06-08 09:59:40,1051.5,1210781
2021-06-08 09:59:41,1051.75,1210998
2021-06-08 09:59:42,1051.9,1211038
2021-06-08 09:59:43,1051.5,1211191
2021-06-08 09:59:44,1052.0,1211276
2021-06-08 09:59:45,1052.0,1211316
2021-06-08 09:59:46,1051.55,1211605
2021-06-08 09:59:47,1051.5,1211632
2021-06-08 09:59:48,1051.55,1211657
2021-06-08 09:59:49,1051.55,1211674
2021-06-08 09:59:49,1051.55,1211781
2021-06-08 09:59:51,1051.5,1211971
2021-06-08 09:59:52,1051.5,1212106
2021-06-08 09:59:53,1051.5,1212564
2021-06-08 09:59:54,1051.5,1212722
2021-06-08 09:59:55,1051.5,1213091
2021-06-08 09:59:56,1051.95,1213139
2021-06-08 09:59:57,1051.5,1213278
2021-06-08 09:59:58,1051.95,1213319
2021-06-08 09:59:58,1051.95,1213333
2021-06-08 09:59:59,1051.85,1213413
2021-06-08 10:00:00,1051.35,1213533
2021-06-08 10:00:01,1051.5,1213534
2021-06-08 10:00:02,1051.55,1213772
2021-06-08 10:00:04,1051.55,1213853
2021-06-08 10:00:05,1051.55,1213873
2021-06-08 10:00:05,1051.7,1213877
2021-06-08 10:00:08,1051.55,1214681
2021-06-08 10:00:10,1051.5,1214840
2021-06-08 10:00:11,1051.5,1214840
2021-06-08 10:00:11,1051.55,1214963
2021-06-08 10:00:12,1051.45,1214978
2021-06-08 10:00:13,1051.35,1215048
2021-06-08 10:00:14,1051.55,1215081
2021-06-08 10:00:17,1051.1,1215825
2021-06-08 10:00:18,1051.35,1215880
2021-06-08 10:00:18,1051.25,1215888
2021-06-08 10:00:19,1051.25,1215967
2021-06-08 10:00:20,1051.15,1216151
2021-06-08 10:00:21,1051.1,1216193
2021-06-08 10:00:23,1051.0,1216609
2021-06-08 10:00:24,1051.0,1216892
2021-06-08 10:00:25,1051.0,1217134
2021-06-08 10:00:27,1050.7,1218343
2021-06-08 10:00:28,1050.65,1219671
2021-06-08 10:00:29,1050.35,1219965
2021-06-08 10:00:29,1050.25,1220183
2021-06-08 10:00:30,1050.65,1220495
2021-06-08 10:00:31,1050.25,1220610
2021-06-08 10:00:32,1050.25,1220795
2021-06-08 10:00:33,1050.25,1221439
2021-06-08 10:00:34,1050.25,1221439
2021-06-08 10:00:35,1050.25,1222389
2021-06-08 10:00:36,1049.15,1227092
2021-06-08 10:00:39,1049.9,1229698
2021-06-08 10:00:40,1049.15,1229953
2021-06-08 10:00:41,1049.2,1230280
2021-06-08 10:00:41,1049.2,1230469
2021-06-08 10:00:43,1049.1,1230583
2021-06-08 10:00:45,1049.55,1231143
2021-06-08 10:00:45,1049.55,1231143
2021-06-08 10:00:46,1049.55,1231394
2021-06-08 10:00:48,1049.45,1232576
2021-06-08 10:00:49,1049.3,1232707
2021-06-08 10:00:51,1049.0,1233884
2021-06-08 10:00:51,1049.3,1233910
2021-06-08 10:00:53,1049.05,1235086
2021-06-08 10:00:54,1049.05,1235256
2021-06-08 10:00:55,1049.05,1235346
2021-06-08 10:00:56,1049.0,1235807
2021-06-08 10:00:57,1049.0,1236317
2021-06-08 10:00:58,1049.05,1236837
2021-06-08 10:00:59,1049.05,1237252
2021-06-08 10:01:00,1049.0,1237969
2021-06-08 10:01:01,1048.9,1239306
2021-06-08 10:01:02,1048.5,1239450
2021-06-08 10:01:03,1049.05,1239947
2021-06-08 10:01:04,1048.5,1240314
2021-06-08 10:01:06,1048.75,1240763
2021-06-08 10:01:07,1048.75,1240885
2021-06-08 10:01:08,1049.1,1241813
2021-06-08 10:01:09,1048.75,1242146
2021-06-08 10:01:10,1049.1,1242236
2021-06-08 10:01:12,1048.45,1242948
2021-06-08 10:01:13,1048.5,1243071
2021-06-08 10:01:14,1048.85,1243393
2021-06-08 10:01:15,1048.85,1243404
2021-06-08 10:01:16,1048.85,1243480
2021-06-08 10:01:17,1048.8,1243660
2021-06-08 10:01:17,1048.8,1243660
2021-06-08 10:01:19,1048.65,1243723
2021-06-08 10:01:20,1048.65,1243938
2021-06-08 10:01:21,1048.45,1244171
2021-06-08 10:01:22,1048.1,1244806
2021-06-08 10:01:23,1048.1,1244903
2021-06-08 10:01:24,1048.0,1246389
2021-06-08 10:01:25,1048.7,1247275
2021-06-08 10:01:26,1048.65,1247408
2021-06-08 10:01:27,1048.65,1247455
2021-06-08 10:01:28,1048.4,1247611
2021-06-08 10:01:29,1048.4,1250940
2021-06-08 10:01:30,1048.7,1251691
2021-06-08 10:01:31,1048.55,1252306
2021-06-08 10:01:33,1048.55,1252935
2021-06-08 10:01:34,1048.55,1252959
2021-06-08 10:01:34,1048.35,1253023
2021-06-08 10:01:36,1048.4,1253046
2021-06-08 10:01:37,1048.4,1253216
2021-06-08 10:01:38,1049.2,1253941
2021-06-08 10:01:39,1049.15,1254071
2021-06-08 10:01:39,1049.15,1254071
2021-06-08 10:01:41,1048.6,1254084
2021-06-08 10:01:41,1049.0,1254108
2021-06-08 10:01:42,1049.0,1254238
2021-06-08 10:01:44,1049.0,1254484
2021-06-08 10:01:45,1048.6,1254486
2021-06-08 10:01:46,1048.6,1254600
2021-06-08 10:01:47,1048.5,1254678
2021-06-08 10:01:48,1048.6,1254705
2021-06-08 10:01:49,1048.6,1254720
2021-06-08 10:01:50,1048.6,1254720
2021-06-08 10:01:51,1048.55,1254932
2021-06-08 10:01:52,1048.55,1255466
2021-06-08 10:01:53,1048.55,1255545
2021-06-08 10:01:54,1048.55,1255600
2021-06-08 10:01:55,1048.55,1255728
2021-06-08 10:01:56,1048.5,1255920
2021-06-08 10:01:57,1048.35,1256061
2021-06-08 10:01:58,1048.5,1256194
2021-06-08 10:01:59,1048.5,1256245
2021-06-08 10:02:00,1048.5,1256286
2021-06-08 10:02:01,1048.35,1256364
2021-06-08 10:02:02,1048.5,1256414
2021-06-08 10:02:03,1047.55,1259148
2021-06-08 10:02:04,1048.25,1259483
2021-06-08 10:02:05,1048.5,1259991
2021-06-08 10:02:06,1048.15,1260200
2021-06-08 10:02:07,1048.5,1260726
2021-06-08 10:02:07,1048.8,1260801
2021-06-08 10:02:09,1048.2,1261320
2021-06-08 10:02:10,1048.15,1261409
2021-06-08 10:02:11,1048.45,1261576
2021-06-08 10:02:12,1047.95,1261613
2021-06-08 10:02:13,1047.95,1261652
2021-06-08 10:02:14,1047.95,1261703
2021-06-08 10:02:14,1048.25,1261806
2021-06-08 10:02:15,1048.25,1261859
2021-06-08 10:02:17,1048.25,1262045
2021-06-08 10:02:18,1047.95,1262101
2021-06-08 10:02:19,1048.25,1262246
2021-06-08 10:02:20,1048.25,1262277
2021-06-08 10:02:21,1048.0,1262393
2021-06-08 10:02:22,1048.0,1262835
2021-06-08 10:02:23,1048.25,1263002
2021-06-08 10:02:24,1048.4,1263044
2021-06-08 10:02:25,1048.0,1263199
2021-06-08 10:02:25,1048.45,1263229
2021-06-08 10:02:27,1048.0,1263333
2021-06-08 10:02:28,1048.0,1263421
2021-06-08 10:02:29,1048.5,1263457
2021-06-08 10:02:30,1048.25,1263645
2021-06-08 10:02:31,1048.1,1263752
2021-06-08 10:02:33,1048.05,1264329
2021-06-08 10:02:36,1048.1,1264604
2021-06-08 10:02:37,1048.5,1265647
2021-06-08 10:02:38,1048.75,1265837
2021-06-08 10:02:39,1048.75,1265859
2021-06-08 10:02:40,1048.65,1265866
2021-06-08 10:02:40,1048.65,1265866
2021-06-08 10:02:42,1048.65,1265936
2021-06-08 10:02:43,1048.65,1266054
2021-06-08 10:02:44,1048.7,1266264
2021-06-08 10:02:45,1048.7,1266564
2021-06-08 10:02:45,1048.15,1266528
2021-06-08 10:02:47,1048.65,1266665
2021-06-08 10:02:48,1048.45,1266732
2021-06-08 10:02:49,1048.1,1266899
2021-06-08 10:02:50,1048.45,1266905
2021-06-08 10:02:51,1048.05,1267555
2021-06-08 10:02:52,1048.15,1268416
2021-06-08 10:02:53,1048.8,1268551
2021-06-08 10:02:54,1048.8,1268693
2021-06-08 10:02:55,1048.8,1268714
2021-06-08 10:02:56,1048.8,1268714
2021-06-08 10:02:57,1048.35,1269285
2021-06-08 10:02:58,1048.95,1269370
2021-06-08 10:02:59,1048.65,1269493
2021-06-08 10:03:00,1048.15,1269541
2021-06-08 10:03:02,1048.65,1269605
2021-06-08 10:03:03,1048.65,1269605
2021-06-08 10:03:04,1048.5,1269668
2021-06-08 10:03:05,1048.3,1269678
2021-06-08 10:03:07,1048.2,1269741
2021-06-08 10:03:06,1048.2,1269741
2021-06-08 10:03:08,1048.2,1269886
2021-06-08 10:03:09,1048.2,1270107
2021-06-08 10:03:10,1048.15,1270176
2021-06-08 10:03:11,1048.1,1270661
2021-06-08 10:03:12,1048.05,1270782
2021-06-08 10:03:13,1048.1,1271089
2021-06-08 10:03:14,1048.0,1278280
2021-06-08 10:03:15,1048.1,1278300
2021-06-08 10:03:16,1048.1,1278470
2021-06-08 10:03:17,1048.0,1278730
2021-06-08 10:03:18,1048.65,1279382
2021-06-08 10:03:19,1048.25,1279392
2021-06-08 10:03:20,1048.2,1279465
2021-06-08 10:03:21,1048.2,1279465
2021-06-08 10:03:23,1048.25,1279617
2021-06-08 10:03:24,1048.25,1279620
2021-06-08 10:03:25,1048.25,1279655
2021-06-08 10:03:26,1048.25,1279655
2021-06-08 10:03:27,1048.8,1279809
2021-06-08 10:03:28,1048.8,1279818
2021-06-08 10:03:29,1048.8,1279819
2021-06-08 10:03:30,1048.95,1279824
2021-06-08 10:03:31,1048.8,1279859
2021-06-08 10:03:33,1048.6,1280303
2021-06-08 10:03:34,1048.6,1280468
2021-06-08 10:03:35,1048.6,1280728
2021-06-08 10:03:36,1048.2,1280931
2021-06-08 10:03:37,1048.2,1281029
2021-06-08 10:03:38,1048.2,1281578
2021-06-08 10:03:39,1048.2,1281586
2021-06-08 10:03:40,1048.2,1281586
2021-06-08 10:03:41,1048.15,1281630
2021-06-08 10:03:42,1048.0,1281807
2021-06-08 10:03:43,1048.0,1282002
2021-06-08 10:03:44,1047.75,1282087
2021-06-08 10:03:45,1048.15,1282528
2021-06-08 10:03:46,1048.25,1282594
2021-06-08 10:03:47,1047.95,1282671
2021-06-08 10:03:48,1048.25,1282678
2021-06-08 10:03:49,1047.95,1282731
2021-06-08 10:03:50,1048.25,1282837
2021-06-08 10:03:51,1048.0,1283676
2021-06-08 10:03:52,1048.25,1283814
2021-06-08 10:03:53,1048.95,1284566
2021-06-08 10:03:54,1048.95,1284579
2021-06-08 10:03:55,1049.0,1284965
2021-06-08 10:03:56,1048.6,1285018
2021-06-08 10:03:57,1048.6,1285018
2021-06-08 10:03:58,1049.0,1285066
2021-06-08 10:03:59,1049.0,1285082
2021-06-08 10:04:00,1048.6,1285286
2021-06-08 10:04:01,1048.6,1286026
2021-06-08 10:04:02,1049.0,1286160
2021-06-08 10:04:03,1048.8,1286236
2021-06-08 10:04:04,1048.6,1286271
2021-06-08 10:04:05,1048.8,1286272
2021-06-08 10:04:06,1048.8,1286302
2021-06-08 10:04:07,1048.6,1286937
2021-06-08 10:04:08,1048.9,1289040
2021-06-08 10:04:09,1049.55,1290047
2021-06-08 10:04:11,1048.85,1291685
2021-06-08 10:04:12,1049.3,1293342
2021-06-08 10:04:14,1050.0,1293860
2021-06-08 10:04:15,1049.5,1293941
2021-06-08 10:04:16,1050.0,1294064
2021-06-08 10:04:17,1050.0,1294142
2021-06-08 10:04:18,1049.95,1294524
2021-06-08 10:04:19,1049.75,1294541
2021-06-08 10:04:20,1049.75,1294671
2021-06-08 10:04:21,1049.5,1294711
2021-06-08 10:04:23,1049.5,1294925
2021-06-08 10:04:24,1049.5,1294925
2021-06-08 10:04:25,1049.45,1294951
2021-06-08 10:04:26,1049.45,1295227
2021-06-08 10:04:27,1049.9,1295466
2021-06-08 10:04:28,1049.95,1295517
2021-06-08 10:04:29,1050.0,1295553
2021-06-08 10:04:30,1050.0,1295553
2021-06-08 10:04:31,1049.4,1295703
2021-06-08 10:04:32,1049.35,1296126
2021-06-08 10:04:33,1049.35,1296167
2021-06-08 10:04:34,1049.35,1296231
2021-06-08 10:04:35,1049.25,1296342
2021-06-08 10:04:36,1049.25,1296342
2021-06-08 10:04:37,1049.1,1296499
2021-06-08 10:04:38,1049.1,1296630
2021-06-08 10:04:39,1049.1,1296705
2021-06-08 10:04:40,1049.0,1296792
2021-06-08 10:04:41,1049.0,1297556
2021-06-08 10:04:42,1049.4,1297672
2021-06-08 10:04:43,1049.55,1297692
2021-06-08 10:04:44,1049.55,1297816
2021-06-08 10:04:45,1049.2,1297921
2021-06-08 10:04:46,1049.1,1298163
2021-06-08 10:04:48,1049.35,1298210
2021-06-08 10:04:49,1049.1,1298363
2021-06-08 10:04:50,1049.15,1298538
2021-06-08 10:04:51,1049.1,1298779
2021-06-08 10:04:52,1049.0,1299010
2021-06-08 10:04:53,1049.05,1300877
2021-06-08 10:04:54,1049.05,1301069
2021-06-08 10:04:55,1049.1,1301416
2021-06-08 10:04:56,1049.0,1301757
2021-06-08 10:04:57,1049.0,1301836
2021-06-08 10:04:58,1049.4,1302236
2021-06-08 10:04:59,1049.35,1302332
2021-06-08 10:05:00,1049.35,1302390
2021-06-08 10:05:01,1049.55,1302483
2021-06-08 10:05:02,1049.1,1302508
2021-06-08 10:05:03,1049.45,1302598
2021-06-08 10:05:04,1049.35,1302599
2021-06-08 10:05:06,1049.1,1302700
2021-06-08 10:05:07,1049.1,1302800
2021-06-08 10:05:08,1049.1,1303211
2021-06-08 10:05:08,1049.1,1303219
2021-06-08 10:05:09,1049.0,1303838
2021-06-08 10:05:10,1049.1,1303883
2021-06-08 10:05:11,1048.6,1304080
2021-06-08 10:05:13,1048.65,1304127
2021-06-08 10:05:14,1049.0,1304380
2021-06-08 10:05:15,1048.6,1304385
2021-06-08 10:05:15,1048.6,1304385
2021-06-08 10:05:16,1048.6,1304435
2021-06-08 10:05:18,1048.65,1304610
2021-06-08 10:05:19,1048.35,1305752
2021-06-08 10:05:20,1048.45,1305850
2021-06-08 10:05:22,1048.45,1306090
2021-06-08 10:05:22,1048.45,1306700
2021-06-08 10:05:23,1048.45,1306788
2021-06-08 10:05:25,1048.45,1306798
2021-06-08 10:05:25,1048.45,1306798
2021-06-08 10:05:26,1048.15,1306871
2021-06-08 10:05:27,1048.2,1306998
2021-06-08 10:05:28,1048.35,1307156
2021-06-08 10:05:29,1048.25,1307257
2021-06-08 10:05:30,1048.2,1307281
2021-06-08 10:05:31,1048.1,1308262
2021-06-08 10:05:32,1048.75,1308422
2021-06-08 10:05:33,1048.75,1308448
2021-06-08 10:05:34,1048.7,1309492
2021-06-08 10:05:36,1048.75,1309599
2021-06-08 10:05:36,1048.75,1309599
2021-06-08 10:05:37,1048.65,1309649
2021-06-08 10:05:38,1048.5,1309758
2021-06-08 10:05:39,1048.5,1309788
2021-06-08 10:05:40,1048.25,1309808
2021-06-08 10:05:41,1048.3,1310272
2021-06-08 10:05:42,1049.15,1310892
2021-06-08 10:05:43,1048.75,1310982
2021-06-08 10:05:44,1048.75,1310998
2021-06-08 10:05:46,1048.75,1310998
2021-06-08 10:05:47,1048.75,1310999
2021-06-08 10:05:47,1048.75,1311000
2021-06-08 10:05:48,1048.3,1311155
2021-06-08 10:05:49,1048.65,1311163
2021-06-08 10:05:50,1048.35,1311252
2021-06-08 10:05:51,1048.3,1311533
2021-06-08 10:05:52,1048.25,1311644
2021-06-08 10:05:53,1048.25,1315566
2021-06-08 10:05:54,1048.65,1316068
2021-06-08 10:05:56,1048.65,1316068
2021-06-08 10:05:56,1048.65,1316068
2021-06-08 10:05:58,1048.35,1316125
2021-06-08 10:05:58,1048.35,1316125
2021-06-08 10:05:59,1048.25,1316233
2021-06-08 10:06:00,1048.35,1316629
2021-06-08 10:06:01,1048.35,1316629
2021-06-08 10:06:02,1048.35,1316631
2021-06-08 10:06:04,1048.25,1316652
2021-06-08 10:06:04,1048.25,1316652
2021-06-08 10:06:05,1048.35,1316773
2021-06-08 10:06:07,1048.25,1316897
2021-06-08 10:06:07,1048.1,1317109
2021-06-08 10:06:08,1048.05,1317171
