timestamp,ltp,volume
2021-06-08 09:15:49,551.0,109617
2021-06-08 09:15:56,550.65,162807
2021-06-08 09:16:04,550.15,186897
2021-06-08 09:16:11,550.4,195608
2021-06-08 09:16:18,550.35,197930
2021-06-08 09:16:25,550.3,200114
2021-06-08 09:16:32,550.6,205862
2021-06-08 09:16:38,551.05,264262
2021-06-08 09:16:45,550.9,265471
2021-06-08 09:16:51,550.9,271816
2021-06-08 09:16:58,551.1,273873
2021-06-08 09:17:05,551.2,276707
2021-06-08 09:17:12,551.3,280166
2021-06-08 09:17:19,551.55,282535
2021-06-08 09:17:26,551.65,286358
2021-06-08 09:17:33,551.7,290184
2021-06-08 09:17:39,551.75,297689
2021-06-08 09:17:46,552.45,313028
2021-06-08 09:17:52,552.65,318308
2021-06-08 09:17:59,552.7,325709
2021-06-08 09:18:06,553.0,330400
2021-06-08 09:18:13,553.4,339143
2021-06-08 09:18:19,553.4,345026
2021-06-08 09:18:27,553.4,355966
2021-06-08 09:18:33,553.3,361005
2021-06-08 09:18:46,553.7,369003
2021-06-08 09:18:53,553.75,370876
2021-06-08 09:18:59,553.5,373779
2021-06-08 09:19:06,553.75,379527
2021-06-08 09:19:13,554.0,383617
2021-06-08 09:19:19,554.0,393536
2021-06-08 09:19:25,554.2,402469
2021-06-08 09:19:39,554.45,412997
2021-06-08 09:19:45,554.35,426547
2021-06-08 09:19:52,553.9,446987
2021-06-08 09:19:58,554.0,469889
2021-06-08 09:20:04,554.3,476862
2021-06-08 09:20:11,554.35,481415
2021-06-08 09:20:18,554.55,487101
2021-06-08 09:20:24,554.7,499985
2021-06-08 09:20:30,554.95,519235
2021-06-08 09:20:36,554.95,523980
2021-06-08 09:20:43,555.0,531116
2021-06-08 09:20:49,555.3,538983
2021-06-08 09:20:55,555.25,550458
2021-06-08 09:21:02,555.0,562084
2021-06-08 09:21:08,555.25,571505
2021-06-08 09:21:09,555.3,572031
2021-06-08 09:21:10,555.1,572176
2021-06-08 09:21:11,555.0,574193
2021-06-08 09:21:12,555.0,574884
2021-06-08 09:21:13,555.05,580244
2021-06-08 09:21:14,555.05,580802
2021-06-08 09:21:15,554.6,591480
2021-06-08 09:21:16,554.75,591522
2021-06-08 09:21:17,554.8,591771
2021-06-08 09:21:18,555.0,592764
2021-06-08 09:21:19,555.0,593550
2021-06-08 09:21:20,555.0,594154
2021-06-08 09:21:21,555.0,594408
2021-06-08 09:21:22,555.3,598922
2021-06-08 09:21:23,555.35,599496
2021-06-08 09:21:24,555.5,600898
2021-06-08 09:21:25,555.5,601439
2021-06-08 09:21:26,555.5,601517
2021-06-08 09:21:27,555.5,602389
2021-06-08 09:21:28,555.25,603985
2021-06-08 09:21:29,555.3,605729
2021-06-08 09:21:30,555.5,606547
2021-06-08 09:21:31,555.5,607866
2021-06-08 09:21:32,555.3,609023
2021-06-08 09:21:33,555.35,609750
2021-06-08 09:21:34,555.25,610052
2021-06-08 09:21:35,555.45,610694
2021-06-08 09:21:36,555.45,611830
2021-06-08 09:21:37,555.4,612528
2021-06-08 09:21:38,555.3,613839
2021-06-08 09:21:39,555.0,615462
2021-06-08 09:21:40,555.0,617531
2021-06-08 09:21:41,555.3,618912
2021-06-08 09:21:42,555.3,620139
2021-06-08 09:21:43,555.0,620905
2021-06-08 09:21:44,555.1,621539
2021-06-08 09:21:45,555.1,621867
2021-06-08 09:21:46,555.1,622635
2021-06-08 09:21:47,555.05,622748
2021-06-08 09:21:48,555.2,624396
2021-06-08 09:21:49,555.0,624524
2021-06-08 09:21:50,555.05,625497
2021-06-08 09:21:51,555.15,625912
2021-06-08 09:21:52,555.0,627333
2021-06-08 09:21:53,555.4,630028
2021-06-08 09:21:54,555.3,630039
2021-06-08 09:21:56,555.4,630475
2021-06-08 09:21:57,555.3,632172
2021-06-08 09:21:58,555.0,632986
2021-06-08 09:21:59,555.2,633483
2021-06-08 09:22:00,555.3,633990
2021-06-08 09:22:01,555.25,634550
2021-06-08 09:22:02,555.15,635500
2021-06-08 09:22:03,555.15,635741
2021-06-08 09:22:04,555.0,636455
2021-06-08 09:22:05,554.8,650952
2021-06-08 09:22:07,554.75,652143
2021-06-08 09:22:08,554.7,652548
2021-06-08 09:22:08,554.7,652804
2021-06-08 09:22:10,554.7,653121
2021-06-08 09:22:10,554.7,653272
2021-06-08 09:22:12,554.75,655272
2021-06-08 09:22:12,554.75,655879
2021-06-08 09:22:14,554.35,657319
2021-06-08 09:22:15,554.45,658120
2021-06-08 09:22:16,554.45,659031
2021-06-08 09:22:17,554.45,659296
2021-06-08 09:22:18,554.4,660687
2021-06-08 09:22:19,554.35,663329
2021-06-08 09:22:20,554.4,663726
2021-06-08 09:22:21,554.0,669470
2021-06-08 09:22:22,554.0,669996
2021-06-08 09:22:23,554.1,671207
2021-06-08 09:22:24,553.8,671667
2021-06-08 09:22:25,553.85,672116
2021-06-08 09:22:26,553.8,672671
2021-06-08 09:22:28,553.75,673134
2021-06-08 09:22:29,554.0,673816
2021-06-08 09:22:30,553.7,674772
2021-06-08 09:22:32,553.95,675671
2021-06-08 09:22:32,553.95,675671
2021-06-08 09:22:33,553.95,675706
2021-06-08 09:22:34,554.2,676847
2021-06-08 09:22:36,554.45,677102
2021-06-08 09:22:36,554.45,677102
2021-06-08 09:22:37,554.45,677128
2021-06-08 09:22:38,554.45,677677
2021-06-08 09:22:39,554.45,677779
2021-06-08 09:22:41,554.45,678175
2021-06-08 09:22:41,554.2,678322
2021-06-08 09:22:42,554.45,678808
2021-06-08 09:22:44,554.45,679275
2021-06-08 09:22:44,554.3,682743
2021-06-08 09:22:46,554.65,683647
2021-06-08 09:22:46,554.65,683647
2021-06-08 09:22:48,554.8,688355
2021-06-08 09:22:49,554.8,688500
2021-06-08 09:22:49,554.8,689016
2021-06-08 09:22:51,554.8,689154
2021-06-08 09:22:52,554.55,690585
2021-06-08 09:22:54,554.9,692108
2021-06-08 09:22:54,554.9,692109
2021-06-08 09:22:56,554.75,692764
2021-06-08 09:22:56,554.95,692674
2021-06-08 09:22:57,554.95,693508
2021-06-08 09:22:58,554.85,693554
2021-06-08 09:23:00,554.85,694898
2021-06-08 09:23:00,554.95,695040
2021-06-08 09:23:01,554.85,695631
2021-06-08 09:23:03,555.0,695896
2021-06-08 09:23:03,555.0,695833
2021-06-08 09:23:04,554.85,696306
2021-06-08 09:23:05,554.8,697802
2021-06-08 09:23:07,554.95,698116
2021-06-08 09:23:07,554.95,698118
2021-06-08 09:23:09,555.05,700622
2021-06-08 09:23:09,555.05,701917
2021-06-08 09:23:10,555.05,702376
2021-06-08 09:23:11,555.0,702531
2021-06-08 09:23:12,554.95,702953
2021-06-08 09:23:13,555.0,704048
2021-06-08 09:23:14,555.2,706214
2021-06-08 09:23:15,554.9,706839
2021-06-08 09:23:16,555.1,706873
2021-06-08 09:23:17,555.15,707185
2021-06-08 09:23:18,555.05,707230
2021-06-08 09:23:19,555.0,707380
2021-06-08 09:23:20,554.55,710423
2021-06-08 09:23:21,554.95,711621
2021-06-08 09:23:22,555.0,712047
2021-06-08 09:23:23,554.7,713898
2021-06-08 09:23:24,554.95,713909
2021-06-08 09:23:26,554.9,714422
2021-06-08 09:23:26,554.9,714422
2021-06-08 09:23:27,554.75,716504
2021-06-08 09:23:28,554.9,717765
2021-06-08 09:23:29,554.85,718741
2021-06-08 09:23:30,554.9,719064
2021-06-08 09:23:31,554.45,721356
2021-06-08 09:23:32,554.8,721607
2021-06-08 09:23:34,554.9,723406
2021-06-08 09:23:35,554.85,725154
2021-06-08 09:23:36,554.8,725298
2021-06-08 09:23:37,554.8,725642
2021-06-08 09:23:38,554.8,725888
2021-06-08 09:23:39,554.65,725985
2021-06-08 09:23:40,554.8,727247
2021-06-08 09:23:42,554.8,727311
2021-06-08 09:23:44,555.05,732674
2021-06-08 09:23:44,554.85,727530
2021-06-08 09:23:45,555.2,732914
2021-06-08 09:23:46,555.2,732974
2021-06-08 09:23:48,555.2,732997
2021-06-08 09:23:49,555.05,733673
2021-06-08 09:23:50,555.2,733698
2021-06-08 09:23:50,555.2,733826
2021-06-08 09:23:51,555.0,733882
2021-06-08 09:23:52,555.05,733951
2021-06-08 09:23:53,555.2,735061
2021-06-08 09:23:54,555.05,735618
2021-06-08 09:23:55,555.15,736420
2021-06-08 09:23:56,555.4,742063
2021-06-08 09:23:57,555.35,742119
2021-06-08 09:23:58,555.15,742323
2021-06-08 09:23:59,555.15,742459
2021-06-08 09:24:00,555.3,742767
2021-06-08 09:24:01,555.35,744422
2021-06-08 09:24:02,555.25,744601
2021-06-08 09:24:03,555.4,745024
2021-06-08 09:24:04,555.35,745217
2021-06-08 09:24:05,555.2,745874
2021-06-08 09:24:07,555.35,746307
2021-06-08 09:24:08,555.05,746384
2021-06-08 09:24:09,555.3,746742
2021-06-08 09:24:10,555.15,753582
2021-06-08 09:24:11,555.1,753827
2021-06-08 09:24:12,555.25,754167
2021-06-08 09:24:13,555.05,754269
2021-06-08 09:24:13,555.3,754274
2021-06-08 09:24:14,555.05,759666
2021-06-08 09:24:16,555.1,759700
2021-06-08 09:24:17,555.1,759716
2021-06-08 09:24:18,555.1,760017
2021-06-08 09:24:19,555.1,760239
2021-06-08 09:24:21,555.05,762298
2021-06-08 09:24:22,555.0,762459
2021-06-08 09:24:23,555.05,763651
2021-06-08 09:24:24,555.0,763821
2021-06-08 09:24:25,555.0,763827
2021-06-08 09:24:26,555.0,763837
2021-06-08 09:24:27,554.8,765153
2021-06-08 09:24:28,554.75,766631
2021-06-08 09:24:29,554.45,767737
2021-06-08 09:24:30,554.7,767803
2021-06-08 09:24:31,554.7,767954
2021-06-08 09:24:32,554.65,768628
2021-06-08 09:24:33,554.8,769553
2021-06-08 09:24:34,554.7,770594
2021-06-08 09:24:35,554.7,771131
2021-06-08 09:24:36,554.75,771431
2021-06-08 09:24:37,554.4,772132
2021-06-08 09:24:37,554.75,772158
2021-06-08 09:24:38,554.4,772495
2021-06-08 09:24:39,554.5,772716
2021-06-08 09:24:40,554.55,773138
2021-06-08 09:24:41,554.65,773275
2021-06-08 09:24:43,554.45,773280
2021-06-08 09:24:43,554.7,773406
2021-06-08 09:24:44,554.7,773433
2021-06-08 09:24:45,554.55,773469
2021-06-08 09:24:46,554.55,773469
2021-06-08 09:24:47,554.5,773836
2021-06-08 09:24:49,554.05,788900
2021-06-08 09:24:51,554.25,790390
2021-06-08 09:24:52,554.05,790544
2021-06-08 09:24:53,554.0,790613
2021-06-08 09:24:54,554.0,791681
2021-06-08 09:24:55,553.95,791872
2021-06-08 09:24:56,554.0,792040
2021-06-08 09:24:57,554.15,792878
2021-06-08 09:24:59,554.25,795774
2021-06-08 09:25:00,554.05,795964
2021-06-08 09:25:01,554.1,796001
2021-06-08 09:25:03,554.25,796202
2021-06-08 09:25:04,554.25,797167
2021-06-08 09:25:05,554.25,797172
2021-06-08 09:25:06,554.45,797678
2021-06-08 09:25:07,554.25,798246
2021-06-08 09:25:07,554.3,798856
2021-06-08 09:25:09,554.25,798943
2021-06-08 09:25:10,554.25,798993
2021-06-08 09:25:11,554.4,799064
2021-06-08 09:25:12,554.3,799284
2021-06-08 09:25:12,554.3,799500
2021-06-08 09:25:14,554.3,799768
2021-06-08 09:25:16,554.45,801026
2021-06-08 09:25:18,554.3,801937
2021-06-08 09:25:19,554.3,801937
2021-06-08 09:25:20,554.3,802227
2021-06-08 09:25:20,554.3,802227
2021-06-08 09:25:22,554.3,802344
2021-06-08 09:25:23,554.3,802373
2021-06-08 09:25:24,554.45,803076
2021-06-08 09:25:25,554.3,803176
2021-06-08 09:25:25,554.3,803133
2021-06-08 09:25:26,554.45,803948
2021-06-08 09:25:28,554.3,804506
2021-06-08 09:25:29,554.5,806108
2021-06-08 09:25:30,554.7,806584
2021-06-08 09:25:32,554.55,807409
2021-06-08 09:25:33,554.7,807536
2021-06-08 09:25:34,554.55,807613
2021-06-08 09:25:35,554.7,807692
2021-06-08 09:25:36,554.55,818202
2021-06-08 09:25:36,554.55,818202
2021-06-08 09:25:37,554.6,818238
2021-06-08 09:25:38,554.65,818403
2021-06-08 09:25:40,554.75,818983
2021-06-08 09:25:41,554.6,821313
2021-06-08 09:25:42,554.6,821533
2021-06-08 09:25:42,554.45,821733
2021-06-08 09:25:43,554.65,821936
2021-06-08 09:25:44,554.55,822021
2021-06-08 09:25:45,554.7,822401
2021-06-08 09:25:46,554.5,822826
2021-06-08 09:25:48,554.35,826978
2021-06-08 09:25:49,554.35,827126
2021-06-08 09:25:49,554.65,827358
2021-06-08 09:25:50,554.65,828075
2021-06-08 09:25:51,554.5,828174
2021-06-08 09:25:52,554.6,829233
2021-06-08 09:25:53,554.6,829447
2021-06-08 09:25:54,554.6,830800
2021-06-08 09:25:55,554.45,830802
2021-06-08 09:25:57,554.5,831666
2021-06-08 09:25:58,554.5,832141
2021-06-08 09:25:59,554.6,834201
2021-06-08 09:25:59,554.5,834241
2021-06-08 09:26:00,554.6,834242
2021-06-08 09:26:01,554.55,834256
2021-06-08 09:26:03,554.5,834695
2021-06-08 09:26:04,554.35,835199
2021-06-08 09:26:05,554.3,839019
2021-06-08 09:26:06,554.05,839232
2021-06-08 09:26:07,554.35,839332
2021-06-08 09:26:08,554.1,839382
2021-06-08 09:26:08,554.25,839493
2021-06-08 09:26:09,554.0,839605
2021-06-08 09:26:10,554.25,839799
2021-06-08 09:26:12,554.0,840056
2021-06-08 09:26:13,554.25,840061
2021-06-08 09:26:13,554.25,840261
2021-06-08 09:26:15,553.9,848045
2021-06-08 09:26:15,553.7,849042
2021-06-08 09:26:16,554.5,861385
2021-06-08 09:26:18,554.35,861616
2021-06-08 09:26:18,554.4,861618
2021-06-08 09:26:19,554.15,863118
2021-06-08 09:26:20,554.45,863400
2021-06-08 09:26:21,554.2,864210
2021-06-08 09:26:22,554.35,865060
2021-06-08 09:26:23,554.45,866611
2021-06-08 09:26:25,554.15,867452
2021-06-08 09:26:25,554.35,866626
2021-06-08 09:26:26,554.5,867901
2021-06-08 09:26:28,554.25,867949
2021-06-08 09:26:29,554.25,868600
2021-06-08 09:26:30,554.35,869753
2021-06-08 09:26:32,554.35,870044
2021-06-08 09:26:32,554.25,870145
2021-06-08 09:26:33,554.25,870147
2021-06-08 09:26:34,554.45,870547
2021-06-08 09:26:35,554.25,870621
2021-06-08 09:26:37,554.05,872609
2021-06-08 09:26:38,554.3,872800
2021-06-08 09:26:40,554.05,873000
2021-06-08 09:26:40,554.2,873290
2021-06-08 09:26:42,554.0,873696
2021-06-08 09:26:42,554.0,873696
2021-06-08 09:26:44,553.8,874522
2021-06-08 09:26:45,554.0,874587
2021-06-08 09:26:46,554.0,874839
2021-06-08 09:26:47,553.9,875241
2021-06-08 09:26:48,554.0,875358
2021-06-08 09:26:49,554.0,875399
2021-06-08 09:26:50,554.25,878700
2021-06-08 09:26:50,554.0,878750
2021-06-08 09:26:51,554.05,878793
2021-06-08 09:26:52,554.05,878823
2021-06-08 09:26:55,554.05,878889
2021-06-08 09:26:56,554.0,879634
2021-06-08 09:26:57,554.0,879994
2021-06-08 09:26:58,553.9,880237
2021-06-08 09:26:59,554.0,880836
2021-06-08 09:27:01,554.0,884209
2021-06-08 09:27:02,554.25,884272
2021-06-08 09:27:04,554.05,884315
2021-06-08 09:27:05,554.25,884515
2021-06-08 09:27:06,554.0,884607
2021-06-08 09:27:08,554.0,886484
2021-06-08 09:27:09,553.95,886686
2021-06-08 09:27:09,554.0,887023
2021-06-08 09:27:10,554.0,887023
2021-06-08 09:27:12,553.95,887304
2021-06-08 09:27:12,553.9,888152
2021-06-08 09:27:13,553.75,889021
2021-06-08 09:27:14,553.8,889902
2021-06-08 09:27:15,553.7,890017
2021-06-08 09:27:16,553.8,890233
2021-06-08 09:27:17,553.8,890553
2021-06-08 09:27:18,553.7,890592
2021-06-08 09:27:19,553.9,890712
2021-06-08 09:27:21,553.7,892144
2021-06-08 09:27:21,553.7,892171
2021-06-08 09:27:22,553.9,892245
2021-06-08 09:27:23,553.85,892528
2021-06-08 09:27:25,553.85,893611
2021-06-08 09:27:27,553.7,893884
2021-06-08 09:27:27,553.7,893884
2021-06-08 09:27:28,553.7,894293
2021-06-08 09:27:29,553.9,894458
2021-06-08 09:27:30,553.7,896036
2021-06-08 09:27:31,553.65,896106
2021-06-08 09:27:32,553.7,896295
2021-06-08 09:27:34,553.7,896323
2021-06-08 09:27:34,553.7,896608
2021-06-08 09:27:35,553.85,898244
2021-06-08 09:27:36,553.6,898379
2021-06-08 09:27:38,553.65,901135
2021-06-08 09:27:39,553.75,902432
2021-06-08 09:27:41,553.7,903687
2021-06-08 09:27:43,553.55,906301
2021-06-08 09:27:44,553.5,906648
2021-06-08 09:27:45,553.7,906749
2021-06-08 09:27:46,553.6,906838
2021-06-08 09:27:47,553.5,907941
2021-06-08 09:27:48,553.5,909716
2021-06-08 09:27:49,553.6,909962
2021-06-08 09:27:50,553.3,910111
2021-06-08 09:27:51,553.6,910343
2021-06-08 09:27:52,553.25,911071
2021-06-08 09:27:54,553.45,912321
2021-06-08 09:27:55,553.4,912825
2021-06-08 09:27:56,553.25,913162
2021-06-08 09:27:57,553.25,913240
2021-06-08 09:27:57,553.75,914227
2021-06-08 09:27:58,553.6,914982
2021-06-08 09:28:00,553.3,915163
2021-06-08 09:28:00,553.25,915518
2021-06-08 09:28:01,553.0,921619
2021-06-08 09:28:03,553.0,921651
2021-06-08 09:28:04,553.0,923237
2021-06-08 09:28:04,553.05,923244
2021-06-08 09:28:05,553.0,923273
2021-06-08 09:28:07,553.3,923986
2021-06-08 09:28:07,553.0,924213
2021-06-08 09:28:09,553.05,924565
2021-06-08 09:28:10,553.0,925605
2021-06-08 09:28:11,553.05,926391
2021-06-08 09:28:12,553.05,928806
2021-06-08 09:28:13,553.25,929633
2021-06-08 09:28:14,553.05,929733
2021-06-08 09:28:15,553.1,929865
2021-06-08 09:28:16,553.3,930068
2021-06-08 09:28:17,553.0,930428
2021-06-08 09:28:18,553.0,930428
2021-06-08 09:28:19,553.05,930710
2021-06-08 09:28:20,553.05,930826
2021-06-08 09:28:21,553.05,931077
2021-06-08 09:28:22,553.25,931128
2021-06-08 09:28:23,553.1,931280
2021-06-08 09:28:24,553.3,931332
2021-06-08 09:28:25,553.05,931832
2021-06-08 09:28:26,553.05,932127
2021-06-08 09:28:27,553.25,933095
2021-06-08 09:28:28,553.3,934787
2021-06-08 09:28:29,553.35,934812
2021-06-08 09:28:30,553.3,935082
2021-06-08 09:28:31,553.5,935689
2021-06-08 09:28:32,553.5,935691
2021-06-08 09:28:33,553.5,936268
2021-06-08 09:28:34,553.4,936388
2021-06-08 09:28:35,553.5,937233
2021-06-08 09:28:36,553.5,939346
2021-06-08 09:28:37,553.4,939865
2021-06-08 09:28:38,553.5,939867
2021-06-08 09:28:39,553.5,940049
2021-06-08 09:28:40,553.5,940930
2021-06-08 09:28:41,553.5,941891
2021-06-08 09:28:42,553.5,941959
2021-06-08 09:28:43,553.5,942545
2021-06-08 09:28:44,553.5,942575
2021-06-08 09:28:45,553.5,943080
2021-06-08 09:28:47,553.5,943325
2021-06-08 09:28:48,553.5,943325
2021-06-08 09:28:49,553.5,943445
2021-06-08 09:28:50,553.4,943685
2021-06-08 09:28:51,553.4,943880
2021-06-08 09:28:52,553.5,944880
2021-06-08 09:28:52,553.5,945030
2021-06-08 09:28:54,553.5,945700
2021-06-08 09:28:55,553.5,945746
2021-06-08 09:28:56,553.35,946032
2021-06-08 09:28:57,553.5,946067
2021-06-08 09:28:58,553.5,946078
2021-06-08 09:28:58,553.5,946078
2021-06-08 09:28:59,553.5,946530
2021-06-08 09:29:00,553.4,946557
2021-06-08 09:29:02,553.5,952657
2021-06-08 09:29:03,553.45,953958
2021-06-08 09:29:04,553.45,954216
2021-06-08 09:29:05,553.5,955321
2021-06-08 09:29:06,553.3,955443
2021-06-08 09:29:08,553.35,956421
2021-06-08 09:29:09,553.4,956732
2021-06-08 09:29:10,553.15,957028
2021-06-08 09:29:12,553.2,957118
2021-06-08 09:29:12,553.45,957508
2021-06-08 09:29:13,553.45,957517
2021-06-08 09:29:15,553.2,957689
2021-06-08 09:29:16,553.15,958278
2021-06-08 09:29:17,553.3,958427
2021-06-08 09:29:18,553.4,958467
2021-06-08 09:29:19,553.2,959053
2021-06-08 09:29:20,553.3,959069
2021-06-08 09:29:21,553.3,959149
2021-06-08 09:29:22,553.05,959162
2021-06-08 09:29:23,553.05,959418
2021-06-08 09:29:24,553.15,959439
2021-06-08 09:29:25,553.05,959876
2021-06-08 09:29:26,553.2,960112
2021-06-08 09:29:27,553.15,960134
2021-06-08 09:29:28,553.15,960134
2021-06-08 09:29:29,553.15,960244
2021-06-08 09:29:30,553.35,960254
2021-06-08 09:29:31,553.2,960276
2021-06-08 09:29:32,553.35,960371
2021-06-08 09:29:33,553.2,960690
2021-06-08 09:29:34,553.35,960830
2021-06-08 09:29:35,553.35,960947
2021-06-08 09:29:36,553.25,964760
2021-06-08 09:29:37,553.5,965095
2021-06-08 09:29:38,553.25,965149
2021-06-08 09:29:39,553.35,965354
2021-06-08 09:29:40,553.5,965464
2021-06-08 09:29:41,553.4,965609
2021-06-08 09:29:42,553.5,965619
2021-06-08 09:29:43,553.5,979072
2021-06-08 09:29:44,553.5,982183
2021-06-08 09:29:45,553.5,983748
2021-06-08 09:29:46,553.4,987054
2021-06-08 09:29:48,553.5,987585
2021-06-08 09:29:49,553.5,988200
2021-06-08 09:29:50,553.5,988200
2021-06-08 09:29:51,553.5,989878
2021-06-08 09:29:52,553.4,990784
2021-06-08 09:29:53,553.5,990818
2021-06-08 09:29:54,553.4,990843
2021-06-08 09:29:55,553.5,995878
2021-06-08 09:29:56,553.5,997163
2021-06-08 09:29:57,553.5,997163
2021-06-08 09:29:58,553.45,997733
2021-06-08 09:29:59,553.5,997739
2021-06-08 09:30:00,553.5,998958
2021-06-08 09:30:01,553.5,999109
2021-06-08 09:30:02,553.45,999214
2021-06-08 09:30:03,553.5,999730
2021-06-08 09:30:04,553.5,999735
2021-06-08 09:30:05,553.45,1000025
2021-06-08 09:30:06,553.45,1000302
2021-06-08 09:30:07,553.3,1003376
2021-06-08 09:30:08,553.3,1003954
2021-06-08 09:30:09,553.3,1004104
2021-06-08 09:30:10,553.35,1004305
2021-06-08 09:30:11,553.35,1004470
2021-06-08 09:30:12,553.4,1004880
2021-06-08 09:30:13,553.35,1006055
2021-06-08 09:30:14,553.5,1009828
2021-06-08 09:30:15,553.5,1022061
2021-06-08 09:30:16,553.5,1025529
2021-06-08 09:30:17,553.45,1025571
2021-06-08 09:30:18,553.45,1025646
2021-06-08 09:30:19,553.5,1025778
2021-06-08 09:30:20,553.5,1026768
2021-06-08 09:30:21,553.4,1026798
2021-06-08 09:30:22,553.5,1027558
2021-06-08 09:30:23,553.5,1030116
2021-06-08 09:30:24,553.5,1039372
2021-06-08 09:30:25,553.5,1039751
2021-06-08 09:30:26,553.5,1043246
2021-06-08 09:30:27,553.5,1044986
2021-06-08 09:30:28,553.5,1045086
2021-06-08 09:30:29,553.45,1045243
2021-06-08 09:30:30,553.5,1045895
2021-06-08 09:30:31,553.5,1045899
2021-06-08 09:30:32,553.5,1045957
2021-06-08 09:30:33,553.5,1046098
2021-06-08 09:30:34,553.5,1046100
2021-06-08 09:30:35,553.45,1059031
2021-06-08 09:30:36,553.5,1061273
2021-06-08 09:30:37,553.5,1062276
2021-06-08 09:30:39,553.5,1063403
2021-06-08 09:30:41,553.45,1064667
2021-06-08 09:30:40,553.4,1064582
2021-06-08 09:30:42,553.5,1064672
2021-06-08 09:30:43,553.35,1065024
2021-06-08 09:30:45,553.5,1065387
2021-06-08 09:30:44,553.4,1065127
2021-06-08 09:30:46,553.5,1065845
2021-06-08 09:30:47,553.5,1066111
2021-06-08 09:30:48,553.5,1066161
2021-06-08 09:30:49,553.5,1066163
2021-06-08 09:30:50,553.5,1066193
2021-06-08 09:30:51,553.5,1069329
2021-06-08 09:30:52,553.5,1070943
2021-06-08 09:30:53,553.5,1072915
2021-06-08 09:30:54,553.5,1072915
2021-06-08 09:30:55,553.5,1073082
2021-06-08 09:30:56,553.8,1073214
2021-06-08 09:30:57,553.5,1073282
2021-06-08 09:30:58,553.8,1073284
2021-06-08 09:30:59,553.85,1074036
2021-06-08 09:31:00,553.75,1074061
2021-06-08 09:31:01,553.8,1074068
2021-06-08 09:31:02,553.5,1074081
2021-06-08 09:31:03,553.75,1074136
2021-06-08 09:31:04,553.75,1074189
2021-06-08 09:31:06,553.8,1074611
2021-06-08 09:31:08,553.9,1075671
2021-06-08 09:31:09,553.9,1075705
2021-06-08 09:31:10,553.9,1075875
2021-06-08 09:31:11,553.9,1076317
2021-06-08 09:31:12,553.95,1076465
2021-06-08 09:31:13,553.9,1077813
2021-06-08 09:31:14,554.0,1077938
2021-06-08 09:31:15,554.1,1078186
2021-06-08 09:31:16,553.9,1078989
2021-06-08 09:31:17,554.15,1079305
2021-06-08 09:31:18,554.15,1079555
2021-06-08 09:31:19,554.0,1080256
2021-06-08 09:31:20,554.15,1080506
2021-06-08 09:31:21,554.2,1080826
2021-06-08 09:31:22,554.15,1080900
2021-06-08 09:31:23,554.2,1081005
2021-06-08 09:31:24,554.2,1081437
2021-06-08 09:31:25,554.2,1081572
2021-06-08 09:31:26,554.05,1081724
2021-06-08 09:31:27,554.25,1081998
2021-06-08 09:31:28,554.35,1082012
2021-06-08 09:31:29,554.35,1082197
2021-06-08 09:31:30,554.35,1082209
2021-06-08 09:31:31,554.25,1082309
2021-06-08 09:31:32,554.35,1083734
2021-06-08 09:31:33,554.3,1084787
2021-06-08 09:31:34,554.3,1084798
2021-06-08 09:31:35,554.4,1085075
2021-06-08 09:31:36,554.4,1085148
2021-06-08 09:31:37,554.35,1086391
2021-06-08 09:31:38,554.5,1086828
2021-06-08 09:31:39,554.55,1087059
2021-06-08 09:31:40,554.3,1087209
2021-06-08 09:31:42,554.55,1087892
2021-06-08 09:31:41,554.55,1087792
2021-06-08 09:31:43,554.5,1087893
2021-06-08 09:31:44,554.55,1088657
2021-06-08 09:31:45,554.55,1088881
2021-06-08 09:31:46,554.55,1088897
2021-06-08 09:31:47,554.6,1089872
2021-06-08 09:31:48,554.6,1090400
2021-06-08 09:31:49,554.8,1091346
2021-06-08 09:31:50,554.6,1091479
2021-06-08 09:31:51,554.8,1091548
2021-06-08 09:31:52,554.8,1091636
2021-06-08 09:31:53,554.85,1092246
2021-06-08 09:31:55,554.85,1092468
2021-06-08 09:31:54,554.85,1092402
2021-06-08 09:31:56,554.8,1092777
2021-06-08 09:31:57,554.8,1093037
2021-06-08 09:31:58,554.8,1093598
2021-06-08 09:31:59,554.8,1094059
2021-06-08 09:32:01,554.8,1095621
2021-06-08 09:32:02,554.8,1095750
2021-06-08 09:32:03,554.65,1096083
2021-06-08 09:32:04,554.65,1096083
2021-06-08 09:32:05,554.75,1096931
2021-06-08 09:32:06,554.75,1097707
2021-06-08 09:32:07,554.75,1097732
2021-06-08 09:32:08,554.75,1098245
2021-06-08 09:32:09,554.75,1098395
2021-06-08 09:32:10,554.7,1098630
2021-06-08 09:32:11,554.75,1100089
2021-06-08 09:32:12,554.75,1100539
2021-06-08 09:32:13,554.7,1100723
2021-06-08 09:32:14,554.6,1100918
2021-06-08 09:32:15,554.6,1101149
2021-06-08 09:32:17,554.7,1101749
2021-06-08 09:32:18,554.8,1102002
2021-06-08 09:32:19,554.85,1102944
2021-06-08 09:32:20,554.85,1103109
2021-06-08 09:32:21,554.65,1104319
2021-06-08 09:32:22,554.7,1104824
2021-06-08 09:32:23,554.95,1105525
2021-06-08 09:32:24,554.95,1105646
2021-06-08 09:32:25,554.95,1106149
2021-06-08 09:32:26,554.9,1106198
2021-06-08 09:32:27,554.95,1107228
2021-06-08 09:32:28,554.95,1107323
2021-06-08 09:32:29,554.95,1107323
2021-06-08 09:32:30,554.95,1107387
2021-06-08 09:32:31,554.95,1107897
2021-06-08 09:32:32,554.85,1107912
2021-06-08 09:32:33,554.95,1108152
2021-06-08 09:32:34,554.9,1108182
2021-06-08 09:32:35,555.0,1109544
2021-06-08 09:32:36,555.0,1109731
2021-06-08 09:32:37,554.95,1110533
2021-06-08 09:32:38,554.95,1110670
2021-06-08 09:32:39,554.95,1110757
2021-06-08 09:32:40,554.95,1110995
2021-06-08 09:32:41,554.95,1111125
2021-06-08 09:32:42,554.95,1111276
2021-06-08 09:32:43,555.0,1111804
2021-06-08 09:32:44,554.9,1112075
2021-06-08 09:32:46,554.95,1112300
2021-06-08 09:32:47,554.9,1113573
2021-06-08 09:32:48,554.95,1113828
2021-06-08 09:32:49,555.0,1114435
2021-06-08 09:32:49,555.0,1114435
2021-06-08 09:32:50,554.95,1114641
2021-06-08 09:32:51,554.95,1114823
2021-06-08 09:32:52,555.0,1115858
2021-06-08 09:32:53,555.0,1116187
2021-06-08 09:32:54,554.95,1117393
2021-06-08 09:32:56,555.0,1118428
2021-06-08 09:32:56,554.9,1118594
2021-06-08 09:32:57,554.9,1118594
2021-06-08 09:32:59,554.95,1118854
2021-06-08 09:32:59,554.95,1118855
2021-06-08 09:33:00,555.0,1119437
2021-06-08 09:33:01,555.0,1119614
2021-06-08 09:33:02,555.0,1119614
2021-06-08 09:33:03,555.0,1120035
2021-06-08 09:33:04,555.0,1120096
2021-06-08 09:33:05,555.0,1120106
2021-06-08 09:33:07,554.95,1120469
2021-06-08 09:33:07,554.95,1122449
2021-06-08 09:33:09,555.0,1123778
2021-06-08 09:33:09,555.0,1123788
2021-06-08 09:33:10,555.0,1124411
2021-06-08 09:33:11,554.9,1124754
2021-06-08 09:33:12,555.0,1124893
2021-06-08 09:33:13,554.9,1125216
2021-06-08 09:33:14,554.9,1125216
2021-06-08 09:33:15,555.0,1126427
2021-06-08 09:33:16,555.0,1126841
2021-06-08 09:33:17,554.95,1126938
2021-06-08 09:33:18,555.0,1126966
2021-06-08 09:33:20,554.9,1127395
2021-06-08 09:33:21,555.0,1127753
2021-06-08 09:33:22,555.0,1128102
2021-06-08 09:33:23,554.95,1130097
2021-06-08 09:33:25,554.95,1130243
2021-06-08 09:33:26,554.75,1130645
2021-06-08 09:33:27,554.75,1130645
2021-06-08 09:33:28,554.75,1130726
2021-06-08 09:33:28,554.75,1131095
2021-06-08 09:33:30,554.75,1131567
2021-06-08 09:33:30,554.95,1131395
2021-06-08 09:33:32,554.9,1131835
2021-06-08 09:33:32,554.9,1131845
2021-06-08 09:33:33,554.7,1132296
2021-06-08 09:33:34,554.7,1132885
2021-06-08 09:33:35,554.9,1132992
2021-06-08 09:33:36,554.65,1133491
2021-06-08 09:33:37,554.7,1133646
2021-06-08 09:33:38,554.65,1134076
2021-06-08 09:33:39,554.85,1134379
2021-06-08 09:33:40,554.85,1134399
2021-06-08 09:33:41,554.85,1134569
2021-06-08 09:33:42,554.7,1134594
2021-06-08 09:33:43,554.9,1134684
2021-06-08 09:33:44,554.95,1134790
2021-06-08 09:33:45,554.95,1134790
2021-06-08 09:33:46,554.7,1134894
2021-06-08 09:33:47,554.85,1134913
2021-06-08 09:33:48,554.8,1135023
2021-06-08 09:33:49,554.85,1135065
2021-06-08 09:33:50,554.85,1135300
2021-06-08 09:33:51,554.85,1135566
2021-06-08 09:33:52,554.85,1135604
2021-06-08 09:33:53,554.95,1140731
2021-06-08 09:33:54,554.9,1140801
2021-06-08 09:33:55,554.7,1140986
2021-06-08 09:33:56,554.75,1140997
2021-06-08 09:33:57,554.75,1141008
2021-06-08 09:33:58,554.85,1141178
2021-06-08 09:33:59,554.9,1141246
2021-06-08 09:34:00,554.5,1146246
2021-06-08 09:34:01,554.4,1146280
2021-06-08 09:34:02,554.45,1146791
2021-06-08 09:34:03,554.45,1147027
2021-06-08 09:34:04,554.5,1149147
2021-06-08 09:34:05,554.25,1149360
2021-06-08 09:34:06,554.25,1149675
2021-06-08 09:34:07,554.4,1150030
2021-06-08 09:34:08,554.2,1150067
2021-06-08 09:34:10,554.45,1150383
2021-06-08 09:34:10,554.45,1150535
2021-06-08 09:34:11,554.45,1150565
2021-06-08 09:34:12,554.4,1150624
2021-06-08 09:34:13,554.4,1150624
2021-06-08 09:34:14,554.5,1151047
2021-06-08 09:34:15,554.45,1151115
2021-06-08 09:34:16,554.25,1151384
2021-06-08 09:34:17,554.45,1151577
2021-06-08 09:34:18,554.45,1151677
2021-06-08 09:34:19,554.45,1151682
2021-06-08 09:34:20,554.5,1151992
2021-06-08 09:34:21,554.6,1153014
2021-06-08 09:34:23,554.7,1153944
2021-06-08 09:34:24,554.7,1153953
2021-06-08 09:34:25,554.55,1154192
2021-06-08 09:34:26,554.25,1155188
2021-06-08 09:34:26,554.45,1155137
2021-06-08 09:34:28,554.45,1155740
2021-06-08 09:34:29,554.45,1155903
2021-06-08 09:34:30,554.45,1156965
2021-06-08 09:34:31,554.25,1157135
2021-06-08 09:34:32,554.4,1157555
2021-06-08 09:34:33,554.4,1157965
2021-06-08 09:34:34,554.4,1158084
2021-06-08 09:34:35,554.4,1158098
2021-06-08 09:34:36,554.4,1158108
2021-06-08 09:34:37,554.4,1158108
2021-06-08 09:34:38,554.4,1158108
2021-06-08 09:34:39,554.45,1158502
2021-06-08 09:34:40,554.4,1158736
2021-06-08 09:34:41,554.25,1158802
2021-06-08 09:34:42,554.4,1158894
2021-06-08 09:34:43,554.4,1160297
2021-06-08 09:34:45,554.35,1160911
2021-06-08 09:34:46,554.35,1160998
2021-06-08 09:34:47,554.3,1161002
2021-06-08 09:34:48,554.4,1161022
2021-06-08 09:34:49,554.3,1163318
2021-06-08 09:34:50,554.3,1164719
2021-06-08 09:34:51,554.2,1165454
2021-06-08 09:34:52,554.2,1165618
2021-06-08 09:34:54,554.1,1167490
2021-06-08 09:34:54,554.15,1167870
2021-06-08 09:34:55,553.9,1172429
2021-06-08 09:34:56,554.1,1173435
2021-06-08 09:34:57,553.9,1173741
2021-06-08 09:34:58,553.9,1173741
2021-06-08 09:35:00,554.15,1174249
2021-06-08 09:35:00,554.25,1174359
2021-06-08 09:35:01,554.25,1174380
2021-06-08 09:35:02,554.25,1174396
2021-06-08 09:35:03,554.0,1174550
2021-06-08 09:35:04,554.3,1175795
2021-06-08 09:35:05,554.4,1175975
2021-06-08 09:35:06,554.4,1176185
2021-06-08 09:35:07,554.4,1176185
2021-06-08 09:35:08,554.3,1176226
2021-06-08 09:35:09,554.4,1176244
2021-06-08 09:35:10,554.45,1176369
2021-06-08 09:35:11,554.45,1176454
2021-06-08 09:35:12,554.45,1176458
2021-06-08 09:35:13,554.45,1176723
2021-06-08 09:35:14,554.1,1177123
2021-06-08 09:35:15,554.3,1177140
2021-06-08 09:35:16,554.3,1177160
2021-06-08 09:35:17,554.3,1177209
2021-06-08 09:35:18,554.3,1177210
2021-06-08 09:35:19,554.3,1177220
2021-06-08 09:35:20,554.3,1177323
2021-06-08 09:35:22,554.3,1177324
2021-06-08 09:35:24,554.3,1177579
2021-06-08 09:35:25,554.45,1177699
2021-06-08 09:35:26,554.45,1177763
2021-06-08 09:35:26,554.45,1177763
2021-06-08 09:35:27,554.4,1177774
2021-06-08 09:35:29,554.45,1177899
2021-06-08 09:35:30,554.45,1177922
2021-06-08 09:35:31,554.45,1178052
2021-06-08 09:35:32,554.3,1178565
2021-06-08 09:35:33,554.3,1178565
2021-06-08 09:35:34,554.4,1178824
2021-06-08 09:35:35,554.5,1179325
2021-06-08 09:35:36,554.3,1179770
2021-06-08 09:35:37,554.3,1180076
2021-06-08 09:35:38,554.45,1181270
2021-06-08 09:35:39,554.45,1181370
2021-06-08 09:35:40,554.45,1181426
2021-06-08 09:35:41,554.45,1181636
2021-06-08 09:35:41,554.45,1181637
2021-06-08 09:35:42,554.5,1182676
2021-06-08 09:35:43,554.35,1182859
2021-06-08 09:35:44,554.5,1182861
2021-06-08 09:35:46,554.55,1183272
2021-06-08 09:35:46,554.5,1183873
2021-06-08 09:35:47,554.55,1183933
2021-06-08 09:35:49,554.55,1184204
2021-06-08 09:35:49,554.55,1184204
2021-06-08 09:35:51,554.5,1184604
2021-06-08 09:35:51,554.45,1184654
2021-06-08 09:35:53,554.5,1184701
2021-06-08 09:35:54,554.45,1184817
2021-06-08 09:35:55,554.45,1184842
2021-06-08 09:35:56,554.45,1184861
2021-06-08 09:35:57,554.5,1187301
2021-06-08 09:35:58,554.3,1187429
2021-06-08 09:35:58,554.3,1188852
2021-06-08 09:35:59,554.35,1188872
2021-06-08 09:36:01,554.4,1189003
2021-06-08 09:36:01,554.4,1189111
2021-06-08 09:36:02,554.3,1189141
2021-06-08 09:36:03,554.4,1189341
2021-06-08 09:36:04,554.4,1189490
2021-06-08 09:36:05,554.0,1193364
2021-06-08 09:36:06,554.4,1194684
2021-06-08 09:36:07,554.4,1194684
2021-06-08 09:36:12,554.4,1195388
2021-06-08 09:36:17,554.5,1196011
2021-06-08 09:36:22,554.5,1196765
2021-06-08 09:36:27,554.5,1197921
2021-06-08 09:36:33,554.5,1199086
2021-06-08 09:36:38,554.5,1199978
2021-06-08 09:36:44,554.0,1204231
2021-06-08 09:36:49,554.45,1206931
2021-06-08 09:36:55,554.25,1207316
2021-06-08 09:37:00,554.4,1208163
2021-06-08 09:37:05,554.45,1209141
2021-06-08 09:37:10,554.6,1209739
2021-06-08 09:37:15,554.5,1210209
2021-06-08 09:37:20,554.4,1211213
2021-06-08 09:37:26,554.4,1211655
2021-06-08 09:37:31,554.4,1213251
2021-06-08 09:37:36,554.45,1214297
2021-06-08 09:37:41,554.4,1214879
2021-06-08 09:37:46,554.5,1216627
2021-06-08 09:37:52,554.5,1218951
2021-06-08 09:38:02,554.5,1220917
2021-06-08 09:38:07,554.45,1222145
2021-06-08 09:38:13,554.4,1224336
2021-06-08 09:38:18,554.3,1225541
2021-06-08 09:38:23,554.25,1228109
2021-06-08 09:38:29,554.4,1230500
2021-06-08 09:38:34,554.25,1230989
2021-06-08 09:38:39,554.0,1247926
2021-06-08 09:38:44,554.0,1248307
2021-06-08 09:38:49,553.95,1249481
2021-06-08 09:38:55,554.35,1249872
2021-06-08 09:39:00,553.65,1270778
2021-06-08 09:39:05,553.9,1272208
2021-06-08 09:39:11,553.6,1272519
2021-06-08 09:39:16,553.85,1272850
2021-06-08 09:39:22,553.6,1275282
2021-06-08 09:39:28,553.95,1277284
2021-06-08 09:39:33,553.7,1277685
2021-06-08 09:39:39,553.9,1277769
2021-06-08 09:39:44,553.6,1281251
2021-06-08 09:39:49,553.65,1281988
2021-06-08 09:39:54,553.6,1283287
2021-06-08 09:39:59,553.75,1283765
2021-06-08 09:40:04,553.6,1284140
2021-06-08 09:40:09,553.35,1288754
2021-06-08 09:40:14,553.05,1289526
2021-06-08 09:40:19,553.2,1297446
2021-06-08 09:40:24,553.2,1298515
2021-06-08 09:40:30,553.05,1299658
2021-06-08 09:40:35,553.2,1299902
2021-06-08 09:40:40,553.0,1301443
2021-06-08 09:40:46,553.0,1307553
2021-06-08 09:40:51,552.55,1322286
2021-06-08 09:40:57,552.5,1323428
2021-06-08 09:41:07,552.75,1327659
2021-06-08 09:41:08,552.75,1327713
2021-06-08 09:41:09,552.7,1327924
2021-06-08 09:41:10,552.55,1327927
2021-06-08 09:41:12,552.8,1328328
2021-06-08 09:41:13,552.5,1328399
2021-06-08 09:41:14,552.7,1328620
2021-06-08 09:41:15,552.75,1329125
2021-06-08 09:41:16,552.7,1329161
2021-06-08 09:41:17,552.5,1329584
2021-06-08 09:41:18,552.5,1329584
2021-06-08 09:41:19,552.75,1331055
2021-06-08 09:41:20,552.65,1335103
2021-06-08 09:41:21,552.8,1335885
2021-06-08 09:41:22,552.7,1336185
2021-06-08 09:41:23,552.7,1336185
2021-06-08 09:41:24,552.7,1336223
2021-06-08 09:41:25,552.85,1336233
2021-06-08 09:41:26,552.85,1336257
2021-06-08 09:41:27,552.7,1336374
2021-06-08 09:41:28,552.85,1336982
2021-06-08 09:41:29,552.65,1337007
2021-06-08 09:41:30,552.65,1337057
2021-06-08 09:41:31,552.55,1337288
2021-06-08 09:41:32,552.7,1337835
2021-06-08 09:41:33,552.7,1337835
2021-06-08 09:41:34,552.5,1337909
2021-06-08 09:41:35,552.5,1338004
2021-06-08 09:41:36,552.7,1338092
2021-06-08 09:41:37,552.5,1339440
2021-06-08 09:41:38,552.5,1339475
2021-06-08 09:41:39,552.4,1342247
2021-06-08 09:41:41,552.5,1342944
2021-06-08 09:41:42,552.65,1342958
2021-06-08 09:41:43,552.65,1342978
2021-06-08 09:41:44,552.5,1343092
2021-06-08 09:41:45,552.65,1343414
2021-06-08 09:41:46,552.5,1343514
2021-06-08 09:41:47,552.5,1343554
2021-06-08 09:41:48,552.5,1343644
2021-06-08 09:41:49,552.5,1343944
2021-06-08 09:41:50,552.5,1344054
2021-06-08 09:41:51,552.65,1344099
2021-06-08 09:41:52,552.65,1344116
2021-06-08 09:41:53,552.65,1344724
2021-06-08 09:41:54,552.5,1345004
2021-06-08 09:41:55,552.5,1345004
2021-06-08 09:41:56,552.5,1346200
2021-06-08 09:41:58,552.5,1346514
2021-06-08 09:41:59,552.5,1347296
2021-06-08 09:42:00,552.65,1349274
2021-06-08 09:42:01,552.6,1351199
2021-06-08 09:42:02,552.6,1351235
2021-06-08 09:42:03,552.5,1351412
2021-06-08 09:42:04,552.5,1351505
2021-06-08 09:42:05,552.4,1352505
2021-06-08 09:42:06,552.6,1352515
2021-06-08 09:42:07,552.6,1352525
2021-06-08 09:42:08,552.5,1352758
2021-06-08 09:42:09,552.65,1353113
2021-06-08 09:42:10,552.5,1353163
2021-06-08 09:42:11,552.5,1353163
2021-06-08 09:42:12,552.5,1353264
2021-06-08 09:42:13,552.5,1353330
2021-06-08 09:42:14,552.65,1353478
2021-06-08 09:42:15,552.65,1353490
2021-06-08 09:42:16,552.5,1353800
2021-06-08 09:42:17,552.5,1353800
2021-06-08 09:42:18,552.6,1353907
2021-06-08 09:42:19,552.6,1354287
2021-06-08 09:42:20,552.6,1354684
2021-06-08 09:42:22,552.6,1356190
2021-06-08 09:42:23,552.65,1356490
2021-06-08 09:42:24,552.55,1356510
2021-06-08 09:42:25,552.6,1356610
2021-06-08 09:42:26,552.65,1356629
2021-06-08 09:42:28,552.65,1356795
2021-06-08 09:42:27,552.65,1356795
2021-06-08 09:42:29,552.6,1356932
2021-06-08 09:42:30,552.65,1356952
2021-06-08 09:42:31,552.65,1357575
2021-06-08 09:42:32,552.65,1357599
2021-06-08 09:42:33,552.65,1357599
2021-06-08 09:42:34,552.65,1357799
2021-06-08 09:42:35,552.65,1357799
2021-06-08 09:42:36,552.55,1358654
2021-06-08 09:42:37,552.55,1358654
2021-06-08 09:42:38,552.7,1365649
2021-06-08 09:42:39,552.55,1365959
2021-06-08 09:42:40,552.5,1366969
2021-06-08 09:42:41,552.7,1367020
2021-06-08 09:42:42,552.7,1367530
2021-06-08 09:42:43,552.7,1367530
2021-06-08 09:42:44,552.7,1368199
2021-06-08 09:42:45,552.7,1368250
2021-06-08 09:42:46,552.6,1368485
2021-06-08 09:42:47,552.9,1368587
2021-06-08 09:42:50,552.5,1369542
2021-06-08 09:42:51,552.75,1369722
2021-06-08 09:42:52,552.75,1369722
2021-06-08 09:42:53,552.7,1369723
2021-06-08 09:42:54,552.7,1369916
2021-06-08 09:42:55,552.65,1369934
2021-06-08 09:42:56,552.65,1369939
2021-06-08 09:42:57,552.7,1369966
2021-06-08 09:42:58,552.7,1370017
2021-06-08 09:43:00,552.5,1370129
2021-06-08 09:43:01,552.7,1370233
2021-06-08 09:43:02,552.7,1370238
2021-06-08 09:43:03,552.6,1370281
2021-06-08 09:43:04,552.65,1370320
2021-06-08 09:43:05,552.7,1370345
2021-06-08 09:43:06,552.7,1370350
2021-06-08 09:43:07,552.6,1370353
2021-06-08 09:43:08,552.7,1370394
2021-06-08 09:43:09,552.6,1370399
2021-06-08 09:43:10,552.6,1370399
2021-06-08 09:43:11,552.7,1370409
2021-06-08 09:43:12,552.5,1370929
2021-06-08 09:43:13,552.7,1372289
2021-06-08 09:43:14,552.6,1372309
2021-06-08 09:43:15,552.6,1372809
2021-06-08 09:43:16,552.5,1373034
2021-06-08 09:43:17,552.6,1373286
2021-06-08 09:43:18,552.7,1373415
2021-06-08 09:43:19,552.6,1373448
2021-06-08 09:43:20,552.5,1374068
2021-06-08 09:43:21,552.4,1378603
2021-06-08 09:43:22,552.5,1378683
2021-06-08 09:43:23,552.5,1378995
2021-06-08 09:43:24,552.55,1379145
2021-06-08 09:43:25,552.35,1379291
2021-06-08 09:43:27,552.4,1379299
2021-06-08 09:43:28,552.4,1379479
2021-06-08 09:43:29,552.4,1379482
2021-06-08 09:43:29,552.35,1380205
2021-06-08 09:43:30,552.4,1380345
2021-06-08 09:43:31,552.4,1380493
2021-06-08 09:43:32,552.35,1380731
2021-06-08 09:43:34,552.6,1381182
2021-06-08 09:43:34,552.35,1381977
2021-06-08 09:43:35,552.6,1382293
2021-06-08 09:43:36,552.35,1382368
2021-06-08 09:43:38,552.7,1382934
2021-06-08 09:43:39,552.7,1383020
2021-06-08 09:43:40,552.7,1383020
2021-06-08 09:43:41,552.4,1384255
2021-06-08 09:43:42,552.3,1384428
2021-06-08 09:43:43,552.4,1384463
2021-06-08 09:43:44,552.4,1384732
2021-06-08 09:43:45,552.6,1384786
2021-06-08 09:43:47,552.6,1384818
2021-06-08 09:43:47,552.6,1384838
2021-06-08 09:43:49,552.6,1385108
2021-06-08 09:43:50,552.3,1385596
2021-06-08 09:43:51,552.35,1386901
2021-06-08 09:43:53,552.5,1388401
2021-06-08 09:43:54,552.55,1388569
2021-06-08 09:43:55,552.6,1388747
2021-06-08 09:43:56,552.5,1388759
2021-06-08 09:43:57,552.5,1388863
2021-06-08 09:43:58,552.55,1388940
2021-06-08 09:43:59,552.5,1388963
2021-06-08 09:44:00,552.55,1388979
2021-06-08 09:44:01,552.55,1388979
2021-06-08 09:44:02,552.5,1389168
2021-06-08 09:44:03,552.35,1389738
2021-06-08 09:44:05,552.5,1390258
2021-06-08 09:44:04,552.35,1389738
2021-06-08 09:44:06,552.35,1390512
2021-06-08 09:44:07,552.5,1391112
2021-06-08 09:44:08,552.5,1391297
2021-06-08 09:44:09,552.5,1391303
2021-06-08 09:44:10,552.5,1391553
2021-06-08 09:44:11,552.35,1391599
2021-06-08 09:44:12,552.35,1391887
2021-06-08 09:44:13,552.45,1392482
2021-06-08 09:44:14,552.3,1393148
2021-06-08 09:44:15,552.3,1393188
2021-06-08 09:44:16,552.3,1393336
2021-06-08 09:44:17,552.3,1393336
2021-06-08 09:44:18,552.25,1394427
2021-06-08 09:44:19,552.3,1394527
2021-06-08 09:44:20,552.3,1395153
2021-06-08 09:44:21,552.3,1395179
2021-06-08 09:44:22,552.3,1395179
2021-06-08 09:44:23,552.25,1395190
2021-06-08 09:44:24,552.3,1395246
2021-06-08 09:44:25,552.3,1396507
2021-06-08 09:44:26,552.3,1396609
2021-06-08 09:44:28,552.45,1396654
2021-06-08 09:44:29,552.3,1396697
2021-06-08 09:44:30,552.35,1411344
2021-06-08 09:44:31,552.3,1411476
2021-06-08 09:44:32,552.1,1421814
2021-06-08 09:44:33,552.15,1421990
2021-06-08 09:44:34,552.15,1422010
2021-06-08 09:44:35,552.25,1422081
2021-06-08 09:44:36,552.0,1422357
2021-06-08 09:44:38,552.25,1422732
2021-06-08 09:44:39,552.25,1422896
2021-06-08 09:44:40,552.25,1423032
2021-06-08 09:44:41,552.05,1423103
2021-06-08 09:44:42,551.85,1424368
2021-06-08 09:44:42,551.9,1425078
2021-06-08 09:44:43,551.85,1425125
2021-06-08 09:44:44,551.9,1425152
2021-06-08 09:44:45,551.9,1425255
2021-06-08 09:44:46,552.0,1425456
2021-06-08 09:44:47,551.75,1425782
2021-06-08 09:44:48,551.75,1426604
2021-06-08 09:44:49,551.95,1426715
2021-06-08 09:44:50,551.95,1426760
2021-06-08 09:44:51,551.9,1428543
2021-06-08 09:44:52,551.9,1428576
2021-06-08 09:44:53,551.75,1428798
2021-06-08 09:44:54,551.8,1428880
2021-06-08 09:44:55,551.65,1429275
2021-06-08 09:44:56,551.95,1429877
2021-06-08 09:44:57,551.8,1429911
2021-06-08 09:44:58,551.85,1430466
2021-06-08 09:44:59,551.65,1430518
2021-06-08 09:45:00,551.5,1437196
2021-06-08 09:45:01,551.25,1439242
2021-06-08 09:45:02,551.2,1439407
2021-06-08 09:45:03,551.15,1440520
2021-06-08 09:45:04,551.15,1440933
2021-06-08 09:45:05,551.5,1441441
2021-06-08 09:45:06,551.15,1441663
2021-06-08 09:45:07,551.15,1443238
2021-06-08 09:45:08,551.15,1443559
2021-06-08 09:45:09,551.2,1443628
2021-06-08 09:45:10,551.5,1444043
2021-06-08 09:45:11,551.5,1444210
2021-06-08 09:45:12,551.2,1444470
2021-06-08 09:45:13,551.3,1446013
2021-06-08 09:45:14,551.45,1446238
2021-06-08 09:45:15,551.45,1446440
2021-06-08 09:45:16,551.45,1446549
2021-06-08 09:45:17,551.3,1446999
2021-06-08 09:45:18,551.2,1447078
2021-06-08 09:45:19,551.25,1447204
2021-06-08 09:45:20,551.45,1448215
2021-06-08 09:45:21,551.3,1448245
2021-06-08 09:45:22,551.25,1449025
2021-06-08 09:45:23,551.25,1449310
2021-06-08 09:45:24,551.4,1450055
2021-06-08 09:45:25,551.4,1450435
2021-06-08 09:45:26,551.5,1451925
2021-06-08 09:45:27,551.45,1452280
2021-06-08 09:45:28,551.4,1452502
2021-06-08 09:45:29,551.6,1452668
2021-06-08 09:45:30,551.35,1452796
2021-06-08 09:45:31,551.7,1453101
2021-06-08 09:45:32,551.5,1453198
2021-06-08 09:45:33,551.7,1453264
2021-06-08 09:45:34,551.5,1453415
2021-06-08 09:45:35,551.8,1454540
2021-06-08 09:45:36,551.6,1454553
2021-06-08 09:45:37,551.75,1455491
2021-06-08 09:45:38,551.7,1456707
2021-06-08 09:45:39,551.45,1457792
2021-06-08 09:45:40,551.75,1458024
2021-06-08 09:45:41,551.75,1458026
2021-06-08 09:45:42,551.85,1458455
2021-06-08 09:45:44,551.85,1458555
2021-06-08 09:45:45,551.8,1458667
2021-06-08 09:45:46,551.7,1458740
2021-06-08 09:45:47,551.75,1459315
2021-06-08 09:45:47,551.75,1459445
2021-06-08 09:45:48,551.65,1459773
2021-06-08 09:45:49,551.8,1459847
2021-06-08 09:45:50,551.75,1460454
2021-06-08 09:45:51,551.75,1460458
2021-06-08 09:45:52,551.75,1460529
2021-06-08 09:45:53,551.7,1460829
2021-06-08 09:45:55,551.8,1460895
2021-06-08 09:45:56,551.8,1460895
2021-06-08 09:45:57,551.8,1460907
2021-06-08 09:45:58,551.7,1460962
2021-06-08 09:45:59,551.8,1461097
2021-06-08 09:46:00,551.75,1461363
2021-06-08 09:46:01,551.8,1462537
2021-06-08 09:46:02,551.85,1462587
2021-06-08 09:46:03,552.0,1466160
2021-06-08 09:46:03,552.0,1466160
2021-06-08 09:46:04,551.95,1466171
2021-06-08 09:46:05,552.0,1466192
2021-06-08 09:46:07,552.0,1467257
2021-06-08 09:46:07,551.95,1467265
2021-06-08 09:46:12,551.8,1470201
2021-06-08 09:46:17,552.25,1471978
2021-06-08 09:46:23,552.25,1472425
2021-06-08 09:46:28,552.3,1476283
2021-06-08 09:46:33,552.2,1477464
2021-06-08 09:46:38,552.3,1477743
2021-06-08 09:46:43,552.25,1479944
2021-06-08 09:46:49,552.5,1482505
2021-06-08 09:46:54,552.45,1483701
2021-06-08 09:47:00,552.5,1486056
2021-06-08 09:47:05,552.5,1487260
2021-06-08 09:47:10,552.9,1496066
2021-06-08 09:47:16,552.85,1496743
2021-06-08 09:47:21,552.9,1497744
2021-06-08 09:47:27,552.65,1500354
2021-06-08 09:47:32,552.6,1502424
2021-06-08 09:47:37,552.9,1503698
2021-06-08 09:47:47,552.7,1505721
2021-06-08 09:47:53,552.7,1506866
2021-06-08 09:47:59,552.7,1507528
2021-06-08 09:48:04,552.9,1512292
2021-06-08 09:48:09,553.1,1523103
2021-06-08 09:48:20,553.35,1525613
2021-06-08 09:48:25,553.35,1527282
2021-06-08 09:48:30,553.4,1529445
2021-06-08 09:48:35,553.4,1530020
2021-06-08 09:48:40,553.5,1531455
2021-06-08 09:48:45,553.75,1533525
2021-06-08 09:48:50,553.75,1535131
2021-06-08 09:48:55,553.6,1535828
2021-06-08 09:49:00,554.0,1539129
2021-06-08 09:49:05,554.15,1540843
2021-06-08 09:49:10,554.3,1542579
2021-06-08 09:49:16,554.45,1546739
2021-06-08 09:49:21,554.3,1549072
2021-06-08 09:49:26,554.3,1550765
2021-06-08 09:49:31,554.45,1551591
2021-06-08 09:49:36,554.4,1552475
2021-06-08 09:49:42,554.5,1554070
2021-06-08 09:49:47,554.45,1554880
2021-06-08 09:49:53,554.4,1557023
2021-06-08 09:49:58,554.4,1558119
2021-06-08 09:50:09,554.5,1569211
2021-06-08 09:50:14,554.6,1569925
2021-06-08 09:50:19,554.8,1572692
2021-06-08 09:50:25,554.8,1574705
2021-06-08 09:50:30,554.55,1578172
2021-06-08 09:50:35,554.8,1578514
2021-06-08 09:50:40,554.8,1579509
2021-06-08 09:50:45,554.75,1580605
2021-06-08 09:50:50,554.8,1582642
2021-06-08 09:50:55,554.5,1584300
2021-06-08 09:51:01,554.5,1586478
2021-06-08 09:51:06,554.65,1587770
2021-06-08 09:51:11,554.5,1588691
2021-06-08 09:51:16,554.6,1589923
2021-06-08 09:51:22,554.15,1603616
2021-06-08 09:51:26,554.2,1604495
2021-06-08 09:51:32,554.15,1609155
2021-06-08 09:51:37,554.15,1609860
2021-06-08 09:51:42,554.4,1610769
2021-06-08 09:51:52,554.05,1612685
2021-06-08 09:51:57,554.3,1612895
2021-06-08 09:52:03,554.2,1613981
2021-06-08 09:52:08,554.25,1615177
2021-06-08 09:52:18,554.35,1617176
2021-06-08 09:52:23,554.25,1619999
2021-06-08 09:52:28,554.5,1620344
2021-06-08 09:52:33,554.5,1620720
2021-06-08 09:52:38,554.25,1622853
2021-06-08 09:52:43,554.2,1623018
2021-06-08 09:52:52,554.0,1629583
2021-06-08 09:52:57,553.85,1631741
2021-06-08 09:53:02,553.95,1634614
2021-06-08 09:53:07,553.85,1635237
2021-06-08 09:53:12,553.85,1636845
2021-06-08 09:53:22,553.95,1638513
2021-06-08 09:53:27,553.85,1639315
2021-06-08 09:53:32,553.75,1639530
2021-06-08 09:53:38,553.95,1640715
2021-06-08 09:53:43,553.95,1641995
2021-06-08 09:53:48,553.85,1644394
2021-06-08 09:53:53,553.85,1644814
2021-06-08 09:53:58,553.75,1645538
2021-06-08 09:54:03,553.85,1646680
2021-06-08 09:54:07,553.8,1647897
2021-06-08 09:54:12,553.7,1648183
2021-06-08 09:54:17,553.85,1648617
2021-06-08 09:54:22,553.5,1659361
2021-06-08 09:54:27,553.4,1660552
2021-06-08 09:54:31,553.2,1661659
2021-06-08 09:54:36,553.4,1663712
2021-06-08 09:54:40,553.25,1670016
2021-06-08 09:54:45,553.15,1671433
2021-06-08 09:54:50,553.25,1673953
2021-06-08 09:54:55,553.4,1675028
2021-06-08 09:55:00,553.4,1675743
2021-06-08 09:55:05,553.0,1676371
2021-06-08 09:55:10,553.35,1679035
2021-06-08 09:55:15,553.0,1679920
2021-06-08 09:55:20,553.0,1680786
2021-06-08 09:55:30,553.0,1683616
2021-06-08 09:55:34,553.0,1685509
2021-06-08 09:55:39,552.8,1686080
2021-06-08 09:55:44,552.8,1686486
2021-06-08 09:55:49,552.8,1687137
2021-06-08 09:55:53,552.6,1687401
2021-06-08 09:55:58,552.75,1688658
2021-06-08 09:56:03,552.4,1690898
2021-06-08 09:56:08,552.6,1691842
2021-06-08 09:56:09,552.55,1692032
2021-06-08 09:56:10,552.55,1692495
2021-06-08 09:56:11,552.55,1692635
2021-06-08 09:56:12,552.5,1693307
2021-06-08 09:56:13,552.5,1693438
2021-06-08 09:56:14,552.5,1693824
2021-06-08 09:56:15,552.45,1695349
2021-06-08 09:56:16,552.4,1696044
2021-06-08 09:56:17,552.2,1696194
2021-06-08 09:56:18,552.55,1697627
2021-06-08 09:56:19,552.2,1698878
2021-06-08 09:56:20,552.2,1700013
2021-06-08 09:56:22,552.2,1700584
2021-06-08 09:56:22,552.0,1700685
2021-06-08 09:56:23,552.0,1700699
2021-06-08 09:56:24,552.0,1701550
2021-06-08 09:56:26,552.0,1701838
2021-06-08 09:56:27,552.3,1702090
2021-06-08 09:56:28,552.2,1702519
2021-06-08 09:56:29,552.0,1703402
2021-06-08 09:56:30,552.05,1703786
2021-06-08 09:56:31,552.0,1704025
2021-06-08 09:56:32,552.05,1704169
2021-06-08 09:56:33,552.0,1704319
2021-06-08 09:56:34,552.0,1704396
2021-06-08 09:56:35,552.0,1708821
2021-06-08 09:56:36,552.0,1710294
2021-06-08 09:56:37,551.65,1711498
2021-06-08 09:56:38,551.85,1712094
2021-06-08 09:56:39,551.8,1712802
2021-06-08 09:56:40,551.55,1712941
2021-06-08 09:56:41,551.7,1713039
2021-06-08 09:56:42,551.8,1713071
2021-06-08 09:56:44,551.7,1713931
2021-06-08 09:56:45,551.95,1714032
2021-06-08 09:56:46,551.95,1714142
2021-06-08 09:56:46,551.7,1714155
2021-06-08 09:56:47,551.95,1714176
2021-06-08 09:56:48,551.7,1714279
2021-06-08 09:56:49,551.9,1714492
2021-06-08 09:56:50,551.85,1714622
2021-06-08 09:56:51,551.6,1716106
2021-06-08 09:56:52,551.8,1716613
2021-06-08 09:56:53,551.55,1716812
2021-06-08 09:56:54,551.55,1716866
2021-06-08 09:56:55,551.65,1717202
2021-06-08 09:56:56,551.65,1717277
2021-06-08 09:56:57,552.0,1718051
2021-06-08 09:56:58,551.65,1718221
2021-06-08 09:56:59,551.75,1718456
2021-06-08 09:57:00,551.55,1718592
2021-06-08 09:57:01,551.7,1718824
2021-06-08 09:57:02,551.7,1718896
2021-06-08 09:57:03,551.7,1719042
2021-06-08 09:57:04,551.8,1720095
2021-06-08 09:57:05,551.8,1720117
2021-06-08 09:57:06,551.55,1720418
2021-06-08 09:57:07,551.6,1720622
2021-06-08 09:57:08,551.6,1721172
2021-06-08 09:57:09,551.55,1721471
2021-06-08 09:57:11,551.95,1721991
2021-06-08 09:57:12,551.7,1721992
2021-06-08 09:57:12,551.95,1723016
2021-06-08 09:57:13,551.65,1723154
2021-06-08 09:57:14,551.95,1723204
2021-06-08 09:57:16,551.95,1723489
2021-06-08 09:57:17,551.95,1723496
2021-06-08 09:57:17,551.95,1723496
2021-06-08 09:57:18,551.95,1723507
2021-06-08 09:57:19,552.0,1724062
2021-06-08 09:57:20,551.9,1725167
2021-06-08 09:57:21,552.0,1725192
2021-06-08 09:57:22,551.85,1725198
2021-06-08 09:57:23,551.85,1725216
2021-06-08 09:57:24,552.0,1725307
2021-06-08 09:57:25,552.0,1725684
2021-06-08 09:57:26,551.95,1725735
2021-06-08 09:57:27,552.0,1725788
2021-06-08 09:57:28,552.2,1726333
2021-06-08 09:57:29,552.2,1726402
2021-06-08 09:57:30,552.2,1726567
2021-06-08 09:57:31,552.25,1726822
2021-06-08 09:57:32,552.2,1726842
2021-06-08 09:57:33,552.2,1726904
2021-06-08 09:57:34,552.0,1727162
2021-06-08 09:57:35,552.3,1727661
2021-06-08 09:57:37,552.3,1727762
2021-06-08 09:57:38,552.3,1727862
2021-06-08 09:57:38,552.3,1727858
2021-06-08 09:57:40,552.3,1728107
2021-06-08 09:57:41,552.3,1728549
2021-06-08 09:57:42,552.3,1729380
2021-06-08 09:57:43,552.35,1729411
2021-06-08 09:57:44,552.35,1729413
2021-06-08 09:57:45,552.35,1729413
2021-06-08 09:57:46,552.3,1729669
2021-06-08 09:57:47,552.3,1729770
2021-06-08 09:57:48,552.15,1729860
2021-06-08 09:57:49,552.3,1729938
2021-06-08 09:57:50,552.15,1729965
2021-06-08 09:57:51,552.3,1730117
2021-06-08 09:57:52,552.3,1730267
2021-06-08 09:57:53,552.3,1730487
2021-06-08 09:57:54,552.15,1730690
2021-06-08 09:57:55,552.15,1730734
2021-06-08 09:57:56,552.3,1731415
2021-06-08 09:57:57,552.3,1731415
2021-06-08 09:57:58,552.2,1731526
2021-06-08 09:57:59,552.2,1731850
2021-06-08 09:58:00,552.3,1731910
2021-06-08 09:58:01,552.2,1731930
2021-06-08 09:58:02,552.2,1731950
2021-06-08 09:58:03,552.2,1732002
2021-06-08 09:58:04,552.3,1732224
2021-06-08 09:58:05,552.2,1732287
2021-06-08 09:58:06,552.3,1732337
2021-06-08 09:58:08,552.3,1732351
2021-06-08 09:58:09,552.2,1732560
2021-06-08 09:58:10,552.4,1733461
2021-06-08 09:58:11,552.4,1733463
2021-06-08 09:58:12,552.4,1733463
2021-06-08 09:58:13,552.4,1733563
2021-06-08 09:58:13,552.4,1733563
2021-06-08 09:58:14,552.4,1733663
2021-06-08 09:58:15,552.3,1733875
2021-06-08 09:58:17,552.4,1734058
2021-06-08 09:58:18,552.4,1734287
2021-06-08 09:58:19,552.4,1734287
2021-06-08 09:58:20,552.4,1734287
2021-06-08 09:58:21,552.4,1734703
2021-06-08 09:58:22,552.65,1735242
2021-06-08 09:58:23,552.5,1735450
2021-06-08 09:58:24,552.5,1735450
2021-06-08 09:58:25,552.4,1735855
2021-06-08 09:58:27,552.7,1735965
2021-06-08 09:58:28,552.7,1735965
2021-06-08 09:58:29,552.7,1735967
2021-06-08 09:58:30,552.7,1735967
2021-06-08 09:58:30,552.7,1735967
2021-06-08 09:58:31,552.7,1735967
2021-06-08 09:58:32,552.55,1736067
2021-06-08 09:58:33,552.6,1736200
2021-06-08 09:58:34,552.45,1736314
2021-06-08 09:58:35,552.45,1736314
2021-06-08 09:58:36,552.3,1737512
2021-06-08 09:58:37,552.3,1737571
2021-06-08 09:58:39,552.45,1737853
2021-06-08 09:58:40,552.3,1738065
2021-06-08 09:58:40,552.3,1738065
2021-06-08 09:58:41,552.3,1738137
2021-06-08 09:58:42,552.25,1738157
2021-06-08 09:58:44,552.4,1739163
2021-06-08 09:58:44,552.3,1739394
2021-06-08 09:58:46,552.25,1739433
2021-06-08 09:58:47,552.35,1739741
2021-06-08 09:58:47,552.25,1739763
2021-06-08 09:58:49,552.4,1739927
2021-06-08 09:58:50,552.4,1739952
2021-06-08 09:58:51,552.4,1740022
2021-06-08 09:58:52,552.4,1740296
2021-06-08 09:58:53,552.25,1740349
2021-06-08 09:58:54,552.25,1740598
2021-06-08 09:58:56,552.25,1740740
2021-06-08 09:58:57,552.25,1740923
2021-06-08 09:58:58,552.25,1740954
2021-06-08 09:58:58,552.25,1740960
2021-06-08 09:59:00,552.25,1741300
2021-06-08 09:59:00,552.2,1741584
2021-06-08 09:59:01,552.3,1741692
2021-06-08 09:59:03,552.1,1747496
2021-06-08 09:59:04,552.2,1748746
2021-06-08 09:59:05,551.85,1748756
2021-06-08 09:59:07,552.15,1748961
2021-06-08 09:59:08,552.25,1749581
2021-06-08 09:59:08,552.0,1749894
2021-06-08 09:59:09,551.95,1749914
2021-06-08 09:59:11,551.95,1749950
2021-06-08 09:59:12,552.0,1749976
2021-06-08 09:59:12,552.2,1750385
2021-06-08 09:59:13,552.25,1750472
2021-06-08 09:59:14,552.0,1750695
2021-06-08 09:59:15,552.2,1750808
2021-06-08 09:59:16,552.0,1750828
2021-06-08 09:59:17,552.2,1751088
2021-06-08 09:59:18,552.0,1751156
2021-06-08 09:59:20,552.25,1752080
2021-06-08 09:59:20,552.25,1752152
2021-06-08 09:59:22,552.25,1752234
2021-06-08 09:59:23,552.25,1752257
2021-06-08 09:59:24,552.0,1752261
2021-06-08 09:59:25,552.25,1752375
2021-06-08 09:59:26,552.25,1752697
2021-06-08 09:59:27,552.0,1752718
2021-06-08 09:59:28,552.25,1752733
2021-06-08 09:59:29,552.25,1752953
2021-06-08 09:59:30,552.1,1752958
2021-06-08 09:59:31,552.1,1752958
2021-06-08 09:59:32,552.1,1753004
2021-06-08 09:59:33,552.25,1753021
2021-06-08 09:59:34,552.25,1753021
2021-06-08 09:59:35,552.25,1754773
2021-06-08 09:59:36,552.0,1755086
2021-06-08 09:59:37,552.0,1756136
2021-06-08 09:59:38,551.9,1756308
2021-06-08 09:59:38,552.1,1756346
2021-06-08 09:59:39,552.15,1756370
2021-06-08 09:59:40,551.9,1756374
2021-06-08 09:59:41,552.15,1756409
2021-06-08 09:59:42,552.15,1756446
2021-06-08 09:59:43,552.0,1756447
2021-06-08 09:59:45,552.2,1756701
2021-06-08 09:59:46,552.2,1756701
2021-06-08 09:59:47,552.2,1756701
2021-06-08 09:59:47,552.15,1756731
2021-06-08 09:59:48,552.15,1756732
2021-06-08 09:59:50,552.0,1756874
2021-06-08 09:59:50,551.95,1759129
2021-06-08 09:59:52,551.8,1759549
2021-06-08 09:59:53,551.8,1759824
2021-06-08 09:59:54,551.8,1760020
2021-06-08 09:59:56,551.95,1760360
2021-06-08 09:59:57,551.95,1760394
2021-06-08 09:59:58,551.7,1760635
2021-06-08 09:59:59,551.9,1760712
2021-06-08 09:59:59,551.8,1760831
2021-06-08 10:00:00,551.7,1761359
2021-06-08 10:00:02,551.65,1761422
2021-06-08 10:00:02,551.75,1761546
2021-06-08 10:00:04,551.75,1761618
2021-06-08 10:00:05,551.75,1761899
2021-06-08 10:00:05,551.6,1761944
2021-06-08 10:00:07,551.6,1762003
2021-06-08 10:00:08,551.7,1762024
2021-06-08 10:00:09,551.7,1762076
2021-06-08 10:00:09,551.7,1762101
2021-06-08 10:00:10,551.7,1762106
2021-06-08 10:00:12,551.7,1762106
2021-06-08 10:00:13,551.7,1762106
2021-06-08 10:00:14,551.65,1762492
2021-06-08 10:00:15,551.65,1763985
2021-06-08 10:00:16,551.55,1764127
2021-06-08 10:00:17,551.6,1764456
2021-06-08 10:00:18,551.55,1764870
2021-06-08 10:00:18,551.55,1765108
2021-06-08 10:00:20,551.5,1769552
2021-06-08 10:00:20,551.3,1771709
2021-06-08 10:00:21,551.3,1772088
2021-06-08 10:00:22,551.2,1773019
2021-06-08 10:00:23,551.2,1773494
2021-06-08 10:00:25,551.15,1773802
2021-06-08 10:00:25,551.15,1773802
2021-06-08 10:00:27,551.15,1773873
2021-06-08 10:00:28,551.0,1781130
2021-06-08 10:00:28,551.25,1781142
2021-06-08 10:00:29,551.0,1781763
2021-06-08 10:00:31,551.15,1783927
2021-06-08 10:00:32,551.0,1784469
2021-06-08 10:00:32,551.0,1784469
2021-06-08 10:00:33,551.0,1784785
2021-06-08 10:00:34,551.05,1785297
2021-06-08 10:00:35,551.05,1785418
2021-06-08 10:00:37,551.0,1787367
2021-06-08 10:00:38,551.05,1787794
2021-06-08 10:00:39,551.15,1788229
2021-06-08 10:00:41,551.15,1789079
2021-06-08 10:00:41,551.25,1789439
2021-06-08 10:00:42,551.3,1789749
2021-06-08 10:00:45,551.3,1790122
2021-06-08 10:00:46,551.05,1790162
2021-06-08 10:00:47,551.3,1790273
2021-06-08 10:00:48,551.2,1790550
2021-06-08 10:00:49,551.35,1790571
2021-06-08 10:00:52,551.35,1791037
2021-06-08 10:00:53,551.35,1791037
2021-06-08 10:00:55,551.6,1792811
2021-06-08 10:00:54,551.3,1791109
2021-06-08 10:00:56,551.3,1792971
2021-06-08 10:00:57,551.55,1793081
2021-06-08 10:00:58,551.55,1793314
2021-06-08 10:00:59,551.6,1793339
2021-06-08 10:01:00,551.3,1793489
2021-06-08 10:01:01,551.3,1794580
2021-06-08 10:01:02,551.5,1795461
2021-06-08 10:01:03,551.3,1795564
2021-06-08 10:01:04,551.3,1795625
2021-06-08 10:01:06,551.6,1797534
2021-06-08 10:01:07,551.55,1797759
2021-06-08 10:01:08,551.35,1798102
2021-06-08 10:01:08,551.5,1798188
2021-06-08 10:01:09,551.5,1798411
2021-06-08 10:01:11,551.5,1798708
2021-06-08 10:01:12,551.5,1798709
2021-06-08 10:01:13,551.5,1798709
2021-06-08 10:01:15,551.35,1799047
2021-06-08 10:01:14,551.35,1798823
2021-06-08 10:01:16,551.35,1799838
2021-06-08 10:01:17,551.25,1800161
2021-06-08 10:01:18,551.35,1800220
2021-06-08 10:01:19,551.35,1800472
2021-06-08 10:01:19,551.35,1800472
2021-06-08 10:01:20,551.35,1800581
2021-06-08 10:01:22,551.5,1800811
2021-06-08 10:01:24,551.3,1800876
2021-06-08 10:01:25,551.5,1800886
2021-06-08 10:01:26,551.5,1801088
2021-06-08 10:01:27,551.5,1801123
2021-06-08 10:01:28,551.25,1801263
2021-06-08 10:01:29,551.5,1802263
2021-06-08 10:01:30,551.35,1802465
2021-06-08 10:01:31,551.5,1802571
2021-06-08 10:01:31,551.5,1802571
2021-06-08 10:01:32,551.5,1803393
2021-06-08 10:01:33,551.5,1803403
2021-06-08 10:01:34,551.3,1803959
2021-06-08 10:01:35,551.35,1804131
2021-06-08 10:01:37,551.5,1804328
2021-06-08 10:01:38,551.5,1804336
2021-06-08 10:01:39,551.5,1804336
2021-06-08 10:01:40,551.35,1804456
2021-06-08 10:01:41,551.55,1804977
2021-06-08 10:01:42,551.55,1805081
2021-06-08 10:01:43,551.35,1805108
2021-06-08 10:01:44,551.5,1805259
2021-06-08 10:01:45,551.5,1805367
2021-06-08 10:01:46,551.55,1806305
2021-06-08 10:01:48,551.4,1806519
2021-06-08 10:01:49,551.5,1806524
2021-06-08 10:01:52,551.5,1807672
2021-06-08 10:01:53,551.5,1807722
2021-06-08 10:01:54,551.45,1807925
2021-06-08 10:01:55,551.45,1807925
2021-06-08 10:01:56,551.45,1807958
2021-06-08 10:01:59,551.65,1808758
2021-06-08 10:02:00,551.65,1809030
2021-06-08 10:02:01,551.65,1809030
2021-06-08 10:02:02,551.65,1809206
2021-06-08 10:02:03,551.85,1809406
2021-06-08 10:02:03,551.65,1809419
2021-06-08 10:02:04,551.85,1809659
2021-06-08 10:02:05,551.65,1809690
2021-06-08 10:02:08,551.6,1810708
2021-06-08 10:02:09,551.6,1810708
2021-06-08 10:02:10,551.6,1810808
2021-06-08 10:02:10,551.6,1810811
2021-06-08 10:02:12,551.6,1811300
2021-06-08 10:02:13,551.85,1811313
2021-06-08 10:02:14,551.85,1811313
2021-06-08 10:02:15,551.6,1811738
2021-06-08 10:02:16,551.65,1811809
2021-06-08 10:02:16,551.75,1811819
2021-06-08 10:02:17,551.75,1811919
2021-06-08 10:02:18,551.75,1811991
2021-06-08 10:02:19,551.75,1812363
2021-06-08 10:02:20,551.75,1812363
2021-06-08 10:02:21,551.85,1812625
2021-06-08 10:02:23,551.8,1812750
2021-06-08 10:02:24,551.85,1812962
2021-06-08 10:02:25,551.85,1812982
2021-06-08 10:02:26,551.85,1813032
2021-06-08 10:02:27,551.85,1813056
2021-06-08 10:02:28,551.8,1813830
2021-06-08 10:02:29,551.8,1813908
2021-06-08 10:02:29,551.8,1813908
2021-06-08 10:02:30,551.8,1813908
2021-06-08 10:02:32,551.85,1813930
2021-06-08 10:02:34,551.85,1815508
2021-06-08 10:02:36,551.85,1816058
2021-06-08 10:02:37,552.0,1816263
2021-06-08 10:02:38,552.0,1816378
2021-06-08 10:02:39,551.95,1816527
2021-06-08 10:02:40,551.95,1816527
2021-06-08 10:02:40,551.95,1816527
2021-06-08 10:02:41,552.05,1817273
2021-06-08 10:02:42,552.0,1817324
2021-06-08 10:02:44,552.15,1817650
2021-06-08 10:02:45,552.15,1817650
2021-06-08 10:02:47,552.0,1817765
2021-06-08 10:02:46,552.2,1817720
2021-06-08 10:02:48,552.2,1817835
2021-06-08 10:02:49,552.2,1818135
2021-06-08 10:02:49,552.2,1818135
2021-06-08 10:02:50,552.2,1818185
2021-06-08 10:02:52,552.0,1819991
2021-06-08 10:02:53,552.0,1820859
2021-06-08 10:02:54,552.0,1820962
2021-06-08 10:02:55,551.95,1821264
2021-06-08 10:02:56,552.0,1821484
2021-06-08 10:02:57,552.0,1821739
2021-06-08 10:02:58,552.0,1821739
2021-06-08 10:03:00,552.0,1821805
2021-06-08 10:02:59,552.0,1821805
2021-06-08 10:03:01,552.0,1821805
2021-06-08 10:03:02,551.85,1821820
2021-06-08 10:03:03,552.0,1822483
2021-06-08 10:03:04,552.0,1822491
2021-06-08 10:03:05,551.85,1822583
2021-06-08 10:03:06,551.9,1822674
2021-06-08 10:03:07,551.9,1822724
2021-06-08 10:03:08,551.9,1822726
2021-06-08 10:03:09,551.9,1822726
2021-06-08 10:03:10,551.9,1822759
2021-06-08 10:03:11,551.9,1822759
2021-06-08 10:03:12,551.8,1825660
2021-06-08 10:03:13,551.85,1825835
2021-06-08 10:03:14,551.85,1825844
2021-06-08 10:03:15,551.85,1826133
2021-06-08 10:03:16,551.85,1826143
2021-06-08 10:03:17,551.85,1826168
2021-06-08 10:03:18,551.85,1826188
2021-06-08 10:03:19,551.85,1826210
2021-06-08 10:03:20,551.9,1826620
2021-06-08 10:03:21,551.8,1826641
2021-06-08 10:03:23,551.85,1826794
2021-06-08 10:03:24,551.85,1826819
2021-06-08 10:03:25,551.85,1826819
2021-06-08 10:03:26,551.85,1827219
2021-06-08 10:03:27,551.9,1827229
2021-06-08 10:03:28,551.85,1827234
2021-06-08 10:03:29,551.9,1827462
2021-06-08 10:03:30,551.9,1827462
2021-06-08 10:03:31,551.9,1827704
2021-06-08 10:03:32,551.9,1827704
2021-06-08 10:03:33,551.9,1827739
2021-06-08 10:03:34,551.95,1827787
2021-06-08 10:03:35,551.85,1827901
2021-06-08 10:03:36,551.85,1827901
2021-06-08 10:03:37,552.0,1828157
2021-06-08 10:03:38,552.0,1828162
2021-06-08 10:03:39,552.0,1828181
2021-06-08 10:03:40,551.9,1828457
2021-06-08 10:03:41,551.9,1828458
2021-06-08 10:03:42,551.9,1828783
2021-06-08 10:03:43,551.95,1828920
2021-06-08 10:03:44,552.0,1829192
2021-06-08 10:03:45,552.1,1829344
2021-06-08 10:03:46,552.0,1829354
2021-06-08 10:03:47,552.1,1830331
2021-06-08 10:03:49,552.05,1830362
2021-06-08 10:03:50,552.3,1831269
2021-06-08 10:03:51,552.25,1831400
2021-06-08 10:03:52,552.35,1831625
2021-06-08 10:03:53,552.65,1834857
2021-06-08 10:03:54,552.75,1834963
2021-06-08 10:03:55,552.6,1835166
2021-06-08 10:03:56,552.6,1835166
2021-06-08 10:03:57,552.75,1835216
2021-06-08 10:03:58,552.75,1835216
2021-06-08 10:03:59,552.75,1835216
2021-06-08 10:04:00,552.55,1837058
2021-06-08 10:04:01,552.55,1837059
2021-06-08 10:04:02,552.55,1837094
2021-06-08 10:04:03,552.55,1837124
2021-06-08 10:04:04,552.3,1837351
2021-06-08 10:04:05,552.45,1837404
2021-06-08 10:04:06,552.3,1837410
2021-06-08 10:04:07,552.45,1837412
2021-06-08 10:04:08,552.55,1838505
2021-06-08 10:04:09,552.55,1838505
2021-06-08 10:04:11,552.45,1838718
2021-06-08 10:04:12,552.45,1838718
2021-06-08 10:04:14,552.45,1838771
2021-06-08 10:04:15,552.4,1838790
2021-06-08 10:04:17,552.4,1838828
2021-06-08 10:04:18,552.4,1838828
2021-06-08 10:04:19,552.3,1839100
2021-06-08 10:04:20,552.4,1839202
2021-06-08 10:04:24,552.4,1839245
2021-06-08 10:04:23,552.4,1839245
2021-06-08 10:04:25,552.35,1839396
2021-06-08 10:04:26,552.4,1839397
2021-06-08 10:04:27,552.4,1839438
2021-06-08 10:04:28,552.55,1840245
2021-06-08 10:04:29,552.75,1840756
2021-06-08 10:04:30,552.75,1840756
2021-06-08 10:04:31,552.4,1840943
2021-06-08 10:04:32,552.6,1841151
2021-06-08 10:04:33,552.6,1841206
2021-06-08 10:04:34,552.6,1841206
2021-06-08 10:04:35,552.4,1841916
2021-06-08 10:04:36,552.6,1841924
2021-06-08 10:04:37,552.55,1842214
2021-06-08 10:04:38,552.55,1842366
2021-06-08 10:04:39,552.55,1842468
2021-06-08 10:04:40,552.4,1842578
2021-06-08 10:04:41,552.4,1842579
2021-06-08 10:04:42,552.4,1842674
2021-06-08 10:04:43,552.4,1842929
2021-06-08 10:04:44,552.4,1842929
2021-06-08 10:04:45,552.55,1843038
2021-06-08 10:04:46,552.4,1843725
2021-06-08 10:04:47,552.4,1843825
2021-06-08 10:04:48,552.4,1843926
2021-06-08 10:04:49,552.45,1844811
2021-06-08 10:04:50,552.45,1844851
2021-06-08 10:04:51,552.45,1845570
2021-06-08 10:04:52,552.4,1845755
2021-06-08 10:04:54,552.4,1845792
2021-06-08 10:04:55,552.45,1846191
2021-06-08 10:04:56,552.3,1846391
2021-06-08 10:04:57,552.55,1847597
2021-06-08 10:04:58,552.25,1847647
2021-06-08 10:04:59,552.5,1847972
2021-06-08 10:05:00,552.5,1847972
2021-06-08 10:05:01,552.25,1848157
2021-06-08 10:05:03,552.4,1848171
2021-06-08 10:05:03,552.25,1848702
2021-06-08 10:05:04,552.4,1848706
2021-06-08 10:05:05,552.2,1848910
2021-06-08 10:05:06,552.2,1848910
2021-06-08 10:05:08,552.4,1849245
2021-06-08 10:05:09,552.4,1849247
2021-06-08 10:05:09,552.2,1849432
2021-06-08 10:05:10,552.2,1849484
2021-06-08 10:05:11,552.4,1849489
2021-06-08 10:05:12,552.15,1849674
2021-06-08 10:05:13,552.15,1849908
2021-06-08 10:05:14,552.1,1850103
2021-06-08 10:05:15,552.1,1850306
2021-06-08 10:05:16,552.1,1850306
2021-06-08 10:05:17,552.1,1850306
2021-06-08 10:05:18,552.1,1850307
2021-06-08 10:05:19,552.1,1850307
2021-06-08 10:05:20,552.1,1850742
2021-06-08 10:05:22,552.2,1850886
2021-06-08 10:05:22,552.2,1850886
2021-06-08 10:05:23,552.4,1851414
2021-06-08 10:05:24,552.15,1851455
2021-06-08 10:05:25,552.1,1851505
2021-06-08 10:05:26,552.1,1851505
2021-06-08 10:05:27,552.15,1851617
2021-06-08 10:05:29,552.4,1851697
2021-06-08 10:05:30,552.4,1851697
2021-06-08 10:05:31,552.25,1852304
2021-06-08 10:05:31,552.25,1852304
2021-06-08 10:05:32,552.25,1852794
2021-06-08 10:05:33,552.4,1852824
2021-06-08 10:05:34,552.25,1852974
2021-06-08 10:05:36,552.45,1853275
2021-06-08 10:05:37,552.45,1853275
2021-06-08 10:05:38,552.45,1853285
2021-06-08 10:05:39,552.45,1853285
2021-06-08 10:05:40,552.45,1853295
2021-06-08 10:05:41,552.3,1853383
2021-06-08 10:05:42,552.3,1853413
2021-06-08 10:05:43,552.45,1853578
2021-06-08 10:05:44,552.4,1853583
2021-06-08 10:05:45,552.4,1853583
2021-06-08 10:05:47,552.3,1853613
2021-06-08 10:05:47,552.3,1853613
2021-06-08 10:05:48,552.45,1853786
2021-06-08 10:05:49,552.45,1853787
2021-06-08 10:05:50,552.45,1853812
2021-06-08 10:05:51,552.3,1853912
2021-06-08 10:05:52,552.3,1853912
2021-06-08 10:05:53,552.3,1853912
2021-06-08 10:05:54,552.4,1855662
2021-06-08 10:05:55,552.4,1855662
2021-06-08 10:05:56,552.5,1856780
2021-06-08 10:05:57,552.45,1856877
2021-06-08 10:05:58,552.45,1856880
2021-06-08 10:05:59,552.45,1856880
2021-06-08 10:06:01,552.45,1856930
2021-06-08 10:06:01,552.45,1856932
2021-06-08 10:06:02,552.45,1856933
2021-06-08 10:06:03,552.45,1856983
2021-06-08 10:06:04,552.5,1857183
2021-06-08 10:06:05,552.6,1857983
2021-06-08 10:06:06,552.6,1858093
2021-06-08 10:06:07,552.5,1858100
2021-06-08 10:06:11,552.45,1858287
2021-06-08 10:06:16,552.5,1858960
2021-06-08 10:06:20,552.75,1860328
2021-06-08 10:06:25,552.75,1860544
2021-06-08 10:06:29,552.9,1861640
2021-06-08 10:06:33,553.0,1863427
2021-06-08 10:06:38,553.0,1864251
2021-06-08 10:06:47,553.0,1865283
2021-06-08 10:06:52,553.0,1865967
2021-06-08 10:06:57,553.0,1870608
2021-06-08 10:07:01,552.8,1871802
2021-06-08 10:07:06,552.95,1872030
2021-06-08 10:07:10,552.8,1872125
2021-06-08 10:07:15,552.95,1872979
2021-06-08 10:07:20,552.8,1873361
2021-06-08 10:07:24,552.75,1875993
2021-06-08 10:07:29,552.75,1876655
2021-06-08 10:07:33,552.75,1877009
2021-06-08 10:07:38,552.75,1878206
2021-06-08 10:07:42,553.0,1879300
2021-06-08 10:07:46,553.0,1879601
2021-06-08 10:07:50,553.0,1880765
2021-06-08 10:07:54,552.8,1881868
2021-06-08 10:07:58,553.25,1884466
2021-06-08 10:08:03,553.0,1885765
2021-06-08 10:08:07,553.25,1887799
2021-06-08 10:08:12,553.25,1888006
2021-06-08 10:08:16,553.15,1888393
2021-06-08 10:08:20,553.15,1890037
2021-06-08 10:08:24,553.15,1890203
2021-06-08 10:08:29,553.05,1890669
2021-06-08 10:08:33,553.15,1890999
2021-06-08 10:08:41,553.15,1892023
2021-06-08 10:08:45,552.8,1899068
2021-06-08 10:08:49,553.0,1899486
2021-06-08 10:08:53,552.8,1900058
2021-06-08 10:08:57,552.75,1900918
2021-06-08 10:09:01,552.9,1901433
2021-06-08 10:09:06,552.9,1901439
2021-06-08 10:09:10,552.9,1901790
2021-06-08 10:09:15,552.8,1903065
2021-06-08 10:09:19,552.9,1903097
2021-06-08 10:09:28,552.9,1904697
2021-06-08 10:09:32,552.85,1904781
2021-06-08 10:09:37,552.85,1905153
2021-06-08 10:09:41,552.85,1905740
2021-06-08 10:09:46,553.0,1907356
2021-06-08 10:09:50,553.0,1907873
2021-06-08 10:09:54,553.0,1907880
2021-06-08 10:09:58,552.8,1908164
2021-06-08 10:10:03,552.95,1908257
2021-06-08 10:10:08,552.9,1908400
2021-06-08 10:10:17,552.75,1909566
2021-06-08 10:10:21,552.9,1910787
2021-06-08 10:10:26,552.9,1910962
2021-06-08 10:10:30,552.8,1911608
2021-06-08 10:10:35,552.8,1912052
2021-06-08 10:10:40,552.8,1912230
2021-06-08 10:10:44,552.8,1912232
2021-06-08 10:10:48,552.9,1912537
2021-06-08 10:10:53,552.9,1913371
2021-06-08 10:10:56,552.85,1913612
2021-06-08 10:11:01,552.9,1913862
2021-06-08 10:11:08,552.85,1915276
2021-06-08 10:11:09,553.0,1915277
2021-06-08 10:11:10,553.0,1915308
2021-06-08 10:11:11,553.0,1916057
2021-06-08 10:11:12,553.0,1916258
2021-06-08 10:11:13,552.9,1916259
2021-06-08 10:11:14,553.0,1916309
2021-06-08 10:11:14,552.9,1916448
2021-06-08 10:11:16,552.85,1916528
2021-06-08 10:11:17,552.9,1916629
2021-06-08 10:11:18,552.9,1916629
2021-06-08 10:11:19,552.9,1916829
2021-06-08 10:11:20,552.9,1916880
2021-06-08 10:11:21,552.9,1916931
2021-06-08 10:11:22,552.9,1917064
2021-06-08 10:11:23,552.85,1917067
2021-06-08 10:11:24,552.9,1917097
2021-06-08 10:11:25,552.9,1917651
2021-06-08 10:11:26,553.0,1918475
2021-06-08 10:11:27,552.9,1918546
2021-06-08 10:11:27,552.9,1918546
2021-06-08 10:11:28,552.9,1918546
2021-06-08 10:11:29,553.05,1919329
2021-06-08 10:11:31,553.2,1919629
2021-06-08 10:11:32,553.15,1919854
2021-06-08 10:11:33,553.15,1920495
2021-06-08 10:11:34,553.35,1921596
2021-06-08 10:11:35,553.25,1921802
2021-06-08 10:11:36,553.3,1921909
2021-06-08 10:11:37,553.5,1922495
2021-06-08 10:11:38,553.5,1922630
2021-06-08 10:11:39,553.5,1922764
2021-06-08 10:11:40,553.5,1923714
2021-06-08 10:11:41,553.5,1923714
2021-06-08 10:11:42,553.5,1923714
2021-06-08 10:11:43,553.5,1923721
2021-06-08 10:11:44,553.5,1923765
2021-06-08 10:11:45,553.5,1923881
2021-06-08 10:11:46,553.5,1924131
2021-06-08 10:11:47,553.5,1924532
2021-06-08 10:11:48,553.5,1924950
2021-06-08 10:11:49,553.5,1925225
2021-06-08 10:11:50,553.5,1925391
2021-06-08 10:11:51,553.35,1925576
2021-06-08 10:11:52,553.45,1925596
2021-06-08 10:11:53,553.3,1926081
2021-06-08 10:11:54,553.5,1926230
2021-06-08 10:11:55,553.25,1926580
2021-06-08 10:11:55,553.25,1926580
2021-06-08 10:11:57,553.5,1928280
2021-06-08 10:11:58,553.5,1928641
2021-06-08 10:11:59,553.5,1928641
2021-06-08 10:12:00,553.2,1929926
2021-06-08 10:12:01,553.15,1930457
2021-06-08 10:12:03,553.2,1930564
2021-06-08 10:12:04,553.2,1930566
2021-06-08 10:12:05,553.2,1930566
2021-06-08 10:12:06,553.45,1931066
2021-06-08 10:12:07,553.4,1931276
2021-06-08 10:12:08,553.4,1931276
2021-06-08 10:12:09,553.45,1931425
2021-06-08 10:12:09,553.2,1931634
2021-06-08 10:12:10,553.45,1931644
2021-06-08 10:12:12,553.45,1931916
2021-06-08 10:12:13,553.45,1931957
2021-06-08 10:12:14,553.5,1932557
2021-06-08 10:12:15,553.4,1932559
2021-06-08 10:12:16,553.4,1932559
2021-06-08 10:12:17,553.3,1932660
2021-06-08 10:12:18,553.45,1932981
2021-06-08 10:12:19,553.3,1933051
2021-06-08 10:12:20,553.3,1933064
2021-06-08 10:12:21,553.4,1933136
2021-06-08 10:12:22,553.4,1933152
2021-06-08 10:12:23,553.4,1933153
2021-06-08 10:12:24,553.3,1933203
2021-06-08 10:12:25,553.4,1933272
2021-06-08 10:12:25,553.4,1933272
2021-06-08 10:12:26,553.45,1935313
2021-06-08 10:12:27,553.45,1935345
2021-06-08 10:12:29,553.45,1935475
2021-06-08 10:12:30,553.45,1935728
2021-06-08 10:12:30,553.4,1935928
2021-06-08 10:12:31,553.4,1935928
2021-06-08 10:12:33,553.45,1936183
2021-06-08 10:12:34,553.4,1936456
2021-06-08 10:12:34,553.45,1937931
2021-06-08 10:12:35,553.6,1937938
2021-06-08 10:12:36,553.6,1937938
2021-06-08 10:12:37,553.5,1937939
2021-06-08 10:12:38,553.5,1938119
2021-06-08 10:12:39,553.5,1938578
2021-06-08 10:12:40,553.5,1938973
2021-06-08 10:12:42,553.75,1939108
2021-06-08 10:12:43,553.75,1939108
2021-06-08 10:12:44,553.75,1939359
2021-06-08 10:12:45,553.75,1939472
2021-06-08 10:12:46,553.5,1939494
2021-06-08 10:12:47,553.5,1939514
2021-06-08 10:12:48,553.5,1939514
2021-06-08 10:12:48,553.75,1939628
2021-06-08 10:12:50,553.55,1939993
2021-06-08 10:12:51,553.75,1940066
2021-06-08 10:12:52,553.75,1940569
2021-06-08 10:12:53,553.75,1940613
2021-06-08 10:12:54,553.6,1941171
2021-06-08 10:12:54,553.55,1941219
2021-06-08 10:12:55,553.55,1941694
2021-06-08 10:12:56,553.55,1941694
2021-06-08 10:12:58,553.75,1942308
2021-06-08 10:12:59,553.55,1942411
2021-06-08 10:13:00,553.55,1942613
2021-06-08 10:13:01,553.7,1942638
2021-06-08 10:13:03,553.85,1943917
2021-06-08 10:13:02,553.7,1942642
2021-06-08 10:13:04,553.85,1943917
2021-06-08 10:13:04,553.7,1944168
2021-06-08 10:13:05,553.6,1944458
2021-06-08 10:13:06,553.6,1944458
2021-06-08 10:13:07,553.65,1944558
2021-06-08 10:13:08,553.65,1944673
2021-06-08 10:13:10,553.65,1944783
2021-06-08 10:13:11,553.6,1944956
2021-06-08 10:13:12,553.7,1945756
2021-06-08 10:13:12,553.7,1945756
2021-06-08 10:13:13,553.5,1948049
2021-06-08 10:13:15,553.5,1948422
2021-06-08 10:13:16,553.65,1948924
2021-06-08 10:13:18,553.55,1949061
2021-06-08 10:13:17,553.55,1949001
2021-06-08 10:13:19,553.45,1954433
2021-06-08 10:13:20,553.45,1954435
2021-06-08 10:13:21,553.5,1954845
2021-06-08 10:13:22,553.5,1954845
2021-06-08 10:13:23,553.45,1955021
2021-06-08 10:13:24,553.45,1955026
2021-06-08 10:13:25,553.45,1955026
2021-06-08 10:13:26,553.45,1955186
2021-06-08 10:13:27,553.45,1955186
2021-06-08 10:13:28,553.4,1955194
2021-06-08 10:13:29,553.45,1955196
2021-06-08 10:13:30,553.7,1955963
2021-06-08 10:13:31,553.7,1955963
2021-06-08 10:13:32,553.7,1955964
2021-06-08 10:13:33,553.7,1955964
2021-06-08 10:13:34,553.7,1955964
2021-06-08 10:13:35,553.6,1956327
2021-06-08 10:13:36,553.6,1956337
2021-06-08 10:13:37,553.6,1956527
2021-06-08 10:13:38,553.6,1956527
2021-06-08 10:13:39,553.6,1956564
2021-06-08 10:13:40,553.7,1956584
2021-06-08 10:13:41,553.65,1956745
2021-06-08 10:13:42,553.7,1956845
2021-06-08 10:13:43,553.7,1956845
2021-06-08 10:13:44,553.65,1957220
2021-06-08 10:13:45,553.65,1957320
2021-06-08 10:13:46,553.65,1957375
2021-06-08 10:13:47,553.55,1957789
2021-06-08 10:13:48,553.5,1958290
2021-06-08 10:13:49,553.55,1958335
2021-06-08 10:13:50,553.45,1958385
2021-06-08 10:13:52,553.65,1959020
2021-06-08 10:13:53,553.5,1959296
2021-06-08 10:13:54,553.65,1959377
2021-06-08 10:13:55,553.4,1959580
2021-06-08 10:13:56,553.65,1959583
2021-06-08 10:13:57,553.6,1959742
2021-06-08 10:13:58,553.55,1959745
2021-06-08 10:13:59,553.2,1959950
2021-06-08 10:14:00,553.5,1959995
2021-06-08 10:14:01,553.25,1960002
2021-06-08 10:14:02,553.5,1960055
2021-06-08 10:14:03,553.5,1960055
2021-06-08 10:14:04,553.5,1960056
2021-06-08 10:14:05,553.5,1960056
2021-06-08 10:14:06,553.3,1960064
2021-06-08 10:14:07,553.25,1960359
2021-06-08 10:14:08,553.3,1960424
2021-06-08 10:14:09,553.3,1960424
2021-06-08 10:14:10,553.3,1960424
2021-06-08 10:14:11,553.3,1960427
2021-06-08 10:14:12,553.3,1960527
2021-06-08 10:14:13,553.5,1960532
2021-06-08 10:14:15,553.25,1960744
2021-06-08 10:14:16,553.25,1960745
2021-06-08 10:14:17,553.25,1960745
2021-06-08 10:14:18,553.25,1960745
2021-06-08 10:14:19,553.25,1960864
2021-06-08 10:14:20,553.25,1961032
2021-06-08 10:14:22,553.25,1961092
2021-06-08 10:14:23,553.25,1961112
2021-06-08 10:14:24,553.15,1961440
2021-06-08 10:14:25,553.1,1961883
2021-06-08 10:14:26,553.1,1961913
2021-06-08 10:14:27,553.1,1962176
2021-06-08 10:14:28,553.25,1962205
2021-06-08 10:14:29,553.25,1962220
2021-06-08 10:14:30,553.1,1962221
2021-06-08 10:14:31,553.25,1962252
2021-06-08 10:14:32,553.25,1962261
2021-06-08 10:14:33,553.25,1962286
2021-06-08 10:14:34,553.25,1962286
2021-06-08 10:14:35,553.1,1962618
2021-06-08 10:14:36,553.15,1962649
2021-06-08 10:14:37,553.15,1962753
2021-06-08 10:14:38,553.15,1962858
2021-06-08 10:14:39,553.15,1962918
2021-06-08 10:14:40,553.0,1962986
2021-06-08 10:14:41,553.0,1962986
2021-06-08 10:14:42,553.0,1962986
2021-06-08 10:14:43,553.0,1963161
2021-06-08 10:14:44,552.45,1991841
2021-06-08 10:14:45,552.65,1992886
2021-06-08 10:14:46,552.55,1992930
2021-06-08 10:14:47,552.7,1992956
2021-06-08 10:14:48,552.7,1993180
2021-06-08 10:14:49,552.7,1993365
2021-06-08 10:14:50,552.7,1993390
2021-06-08 10:14:51,552.6,1994847
2021-06-08 10:14:52,552.6,1995241
2021-06-08 10:14:53,552.6,1995241
2021-06-08 10:14:54,552.6,1995444
2021-06-08 10:14:55,552.55,1995649
2021-06-08 10:14:56,552.85,1995659
2021-06-08 10:14:57,552.85,1995664
2021-06-08 10:14:58,552.85,1995666
2021-06-08 10:14:59,552.6,1995791
2021-06-08 10:15:00,552.85,1995834
2021-06-08 10:15:01,552.6,1996841
2021-06-08 10:15:03,552.6,1996863
2021-06-08 10:15:04,552.8,1996948
2021-06-08 10:15:05,553.0,1998276
2021-06-08 10:15:06,553.0,1998276
2021-06-08 10:15:07,552.8,1998381
2021-06-08 10:15:08,553.0,1998455
2021-06-08 10:15:09,553.0,1998491
2021-06-08 10:15:10,552.8,1998572
2021-06-08 10:15:12,553.0,1998601
2021-06-08 10:15:11,552.85,1998574
2021-06-08 10:15:13,552.8,1998628
2021-06-08 10:15:14,552.85,1998881
2021-06-08 10:15:15,553.0,1998890
2021-06-08 10:15:16,553.0,1998890
2021-06-08 10:15:17,552.85,1999020
2021-06-08 10:15:18,553.0,1999070
2021-06-08 10:15:19,553.0,1999420
2021-06-08 10:15:20,552.85,1999438
2021-06-08 10:15:21,552.85,1999438
2021-06-08 10:15:22,552.85,1999442
2021-06-08 10:15:23,552.85,1999742
2021-06-08 10:15:24,553.0,2000001
2021-06-08 10:15:25,553.1,2004329
2021-06-08 10:15:26,553.1,2004781
2021-06-08 10:15:27,553.2,2005565
2021-06-08 10:15:28,553.1,2005643
2021-06-08 10:15:29,553.05,2005661
2021-06-08 10:15:31,552.9,2005891
2021-06-08 10:15:30,553.0,2005758
2021-06-08 10:15:32,553.2,2006035
2021-06-08 10:15:33,552.9,2006078
2021-06-08 10:15:34,552.85,2006195
2021-06-08 10:15:35,552.8,2006254
2021-06-08 10:15:36,552.85,2006333
2021-06-08 10:15:37,552.85,2006365
2021-06-08 10:15:38,552.85,2006381
2021-06-08 10:15:40,552.9,2006471
2021-06-08 10:15:40,552.9,2006471
2021-06-08 10:15:41,552.8,2006510
2021-06-08 10:15:42,552.8,2006510
2021-06-08 10:15:43,552.85,2006525
2021-06-08 10:15:44,552.85,2006529
2021-06-08 10:15:45,552.65,2008215
2021-06-08 10:15:46,552.75,2008304
2021-06-08 10:15:47,552.6,2008461
2021-06-08 10:15:48,552.55,2009730
2021-06-08 10:15:49,552.3,2010046
2021-06-08 10:15:50,552.35,2010137
2021-06-08 10:15:51,552.2,2010540
2021-06-08 10:15:52,552.2,2011509
2021-06-08 10:15:53,552.2,2011509
2021-06-08 10:15:54,552.15,2011829
2021-06-08 10:15:55,552.1,2012611
2021-06-08 10:15:56,552.05,2012969
2021-06-08 10:15:57,552.1,2013306
2021-06-08 10:15:58,552.2,2013428
2021-06-08 10:15:59,552.05,2013432
2021-06-08 10:16:02,552.0,2033555
2021-06-08 10:16:02,551.9,2033955
2021-06-08 10:16:03,551.75,2034152
2021-06-08 10:16:04,551.75,2035437
2021-06-08 10:16:05,551.6,2035910
2021-06-08 10:16:06,551.5,2036123
2021-06-08 10:16:07,551.6,2039989
2021-06-08 10:16:08,551.5,2040790
2021-06-08 10:16:09,551.5,2043618
2021-06-08 10:16:10,551.5,2044478
2021-06-08 10:16:11,551.7,2045039
2021-06-08 10:16:12,552.3,2046003
2021-06-08 10:16:13,552.2,2047148
2021-06-08 10:16:14,551.9,2047526
2021-06-08 10:16:15,551.9,2047637
2021-06-08 10:16:16,551.7,2047772
2021-06-08 10:16:17,551.9,2047917
2021-06-08 10:16:18,551.65,2047925
2021-06-08 10:16:20,551.9,2048249
2021-06-08 10:16:20,551.9,2048249
2021-06-08 10:16:21,551.9,2048410
2021-06-08 10:16:22,551.9,2048609
2021-06-08 10:16:23,551.9,2048611
2021-06-08 10:16:24,551.9,2048611
2021-06-08 10:16:25,551.9,2048611
2021-06-08 10:16:26,551.85,2048713
2021-06-08 10:16:27,551.85,2048713
2021-06-08 10:16:28,551.95,2050398
2021-06-08 10:16:29,552.0,2050990
2021-06-08 10:16:30,551.9,2051186
2021-06-08 10:16:32,552.2,2051187
2021-06-08 10:16:32,552.2,2051187
2021-06-08 10:16:33,551.9,2051206
2021-06-08 10:16:34,551.9,2051206
2021-06-08 10:16:35,552.15,2051509
2021-06-08 10:16:36,551.9,2051511
2021-06-08 10:16:37,552.15,2051733
2021-06-08 10:16:38,552.15,2051819
2021-06-08 10:16:39,552.15,2051819
2021-06-08 10:16:40,552.15,2052082
2021-06-08 10:16:41,552.15,2052124
2021-06-08 10:16:42,552.05,2053416
2021-06-08 10:16:43,552.05,2053672
2021-06-08 10:16:44,552.05,2053956
2021-06-08 10:16:45,551.95,2054307
2021-06-08 10:16:46,551.95,2054464
2021-06-08 10:16:47,551.95,2054560
2021-06-08 10:16:48,552.0,2055031
2021-06-08 10:16:49,551.9,2055130
2021-06-08 10:16:50,552.2,2055380
2021-06-08 10:16:51,552.2,2055380
2021-06-08 10:16:52,552.2,2055380
2021-06-08 10:16:53,551.9,2056198
2021-06-08 10:16:54,551.9,2056209
2021-06-08 10:16:55,551.9,2057504
2021-06-08 10:16:56,551.8,2057854
2021-06-08 10:16:57,551.75,2062431
2021-06-08 10:16:58,551.85,2062520
2021-06-08 10:16:59,551.7,2062980
2021-06-08 10:17:00,551.7,2063905
2021-06-08 10:17:01,551.7,2064906
2021-06-08 10:17:03,551.7,2066916
2021-06-08 10:17:03,551.7,2066897
2021-06-08 10:17:04,551.7,2067608
2021-06-08 10:17:05,552.05,2068150
2021-06-08 10:17:06,552.1,2068332
2021-06-08 10:17:07,552.1,2068332
2021-06-08 10:17:08,552.1,2068332
2021-06-08 10:17:09,551.8,2068432
2021-06-08 10:17:10,551.8,2068432
2021-06-08 10:17:12,551.9,2068910
2021-06-08 10:17:12,551.9,2068934
2021-06-08 10:17:13,551.9,2069266
2021-06-08 10:17:14,551.9,2069965
2021-06-08 10:17:15,551.8,2070046
2021-06-08 10:17:16,551.8,2070410
2021-06-08 10:17:17,551.8,2070446
2021-06-08 10:17:18,551.8,2070783
2021-06-08 10:17:19,551.8,2070793
2021-06-08 10:17:20,551.8,2070793
2021-06-08 10:17:21,551.8,2070896
2021-06-08 10:17:22,551.7,2070901
2021-06-08 10:17:23,551.85,2071406
2021-06-08 10:17:24,552.0,2071417
2021-06-08 10:17:25,551.95,2071728
2021-06-08 10:17:26,552.0,2072302
2021-06-08 10:17:28,552.1,2072604
2021-06-08 10:17:30,551.95,2072678
2021-06-08 10:17:30,551.95,2072673
2021-06-08 10:17:31,552.1,2073240
2021-06-08 10:17:32,552.1,2073429
2021-06-08 10:17:33,551.95,2073550
2021-06-08 10:17:34,551.95,2073718
2021-06-08 10:17:35,551.95,2073921
2021-06-08 10:17:36,552.1,2074014
2021-06-08 10:17:37,551.95,2074236
2021-06-08 10:17:38,552.0,2075590
2021-06-08 10:17:39,551.95,2075699
2021-06-08 10:17:40,551.85,2075923
2021-06-08 10:17:41,551.95,2076800
2021-06-08 10:17:42,551.85,2078109
2021-06-08 10:17:44,551.85,2078286
2021-06-08 10:17:45,551.7,2079495
2021-06-08 10:17:46,551.65,2079615
2021-06-08 10:17:47,551.65,2079912
2021-06-08 10:17:48,551.65,2080359
2021-06-08 10:17:49,551.65,2080474
2021-06-08 10:17:50,551.65,2080490
2021-06-08 10:17:50,552.1,2085861
2021-06-08 10:17:51,551.95,2086945
2021-06-08 10:17:55,551.5,2094573
2021-06-08 10:17:56,551.45,2107605
2021-06-08 10:17:57,551.25,2108397
2021-06-08 10:17:57,551.2,2109235
2021-06-08 10:17:58,551.1,2109610
2021-06-08 10:17:59,551.1,2110027
2021-06-08 10:18:00,551.05,2114746
2021-06-08 10:18:01,551.05,2116043
2021-06-08 10:18:02,551.0,2117234
2021-06-08 10:18:03,551.05,2118060
2021-06-08 10:18:04,551.0,2118174
2021-06-08 10:18:05,551.05,2118490
2021-06-08 10:18:06,551.05,2118928
2021-06-08 10:18:07,551.05,2119620
2021-06-08 10:18:08,551.0,2119825
2021-06-08 10:18:09,551.2,2120426
2021-06-08 10:18:11,551.2,2120426
2021-06-08 10:18:12,551.1,2121247
2021-06-08 10:18:13,551.2,2121258
2021-06-08 10:18:14,551.2,2121284
2021-06-08 10:18:15,551.05,2121600
2021-06-08 10:18:15,551.2,2121610
2021-06-08 10:18:16,551.2,2121740
2021-06-08 10:18:17,551.0,2123015
2021-06-08 10:18:18,551.0,2129232
2021-06-08 10:18:19,551.0,2129958
2021-06-08 10:18:20,550.95,2130008
2021-06-08 10:18:21,551.0,2130298
2021-06-08 10:18:22,551.0,2130327
2021-06-08 10:18:23,551.0,2130446
2021-06-08 10:18:24,551.0,2132807
2021-06-08 10:18:25,551.0,2133016
2021-06-08 10:18:26,550.95,2133395
2021-06-08 10:18:27,550.95,2133577
2021-06-08 10:18:28,551.0,2136222
2021-06-08 10:18:30,551.0,2137085
2021-06-08 10:18:31,551.0,2137085
2021-06-08 10:18:33,551.0,2137091
2021-06-08 10:18:34,551.0,2137281
2021-06-08 10:18:35,551.0,2138021
2021-06-08 10:18:36,550.95,2138258
2021-06-08 10:18:37,551.0,2139254
2021-06-08 10:18:38,550.9,2139480
2021-06-08 10:18:39,550.95,2139495
2021-06-08 10:18:39,550.9,2140050
2021-06-08 10:18:40,551.0,2140253
2021-06-08 10:18:41,551.0,2140456
2021-06-08 10:18:43,551.05,2142389
2021-06-08 10:18:44,551.0,2145845
2021-06-08 10:18:45,551.0,2147254
2021-06-08 10:18:46,551.0,2150654
2021-06-08 10:18:47,551.0,2150654
2021-06-08 10:18:48,550.95,2150656
2021-06-08 10:18:49,551.0,2155658
2021-06-08 10:18:50,551.0,2155822
2021-06-08 10:18:51,551.0,2156079
2021-06-08 10:18:52,551.0,2156182
2021-06-08 10:18:53,551.0,2156493
2021-06-08 10:18:54,551.0,2156493
2021-06-08 10:18:55,551.0,2158283
2021-06-08 10:18:56,551.0,2158283
2021-06-08 10:18:57,551.0,2158321
2021-06-08 10:18:58,550.95,2158335
2021-06-08 10:18:59,551.0,2158434
2021-06-08 10:19:00,551.0,2158606
2021-06-08 10:19:01,550.95,2158651
2021-06-08 10:19:02,551.0,2160410
2021-06-08 10:19:03,550.95,2160452
2021-06-08 10:19:04,551.0,2160552
2021-06-08 10:19:05,551.0,2160654
2021-06-08 10:19:06,550.95,2160854
2021-06-08 10:19:07,551.0,2165577
2021-06-08 10:19:08,551.0,2167223
2021-06-08 10:19:09,551.0,2167539
2021-06-08 10:19:10,551.0,2167539
2021-06-08 10:19:11,550.9,2167601
2021-06-08 10:19:12,551.0,2167621
2021-06-08 10:19:13,551.0,2167626
2021-06-08 10:19:14,551.0,2167686
2021-06-08 10:19:16,551.3,2171061
2021-06-08 10:19:17,551.3,2171430
2021-06-08 10:19:18,551.35,2172670
2021-06-08 10:19:19,551.4,2173130
2021-06-08 10:19:20,551.65,2173332
2021-06-08 10:19:21,551.7,2173590
2021-06-08 10:19:22,551.65,2173850
2021-06-08 10:19:23,551.45,2173936
2021-06-08 10:19:24,551.75,2174311
2021-06-08 10:19:25,551.75,2174351
2021-06-08 10:19:26,551.75,2174502
2021-06-08 10:19:27,551.7,2174521
2021-06-08 10:19:28,551.9,2176384
2021-06-08 10:19:29,551.75,2176395
2021-06-08 10:19:30,551.75,2176714
2021-06-08 10:19:31,551.75,2177126
2021-06-08 10:19:32,551.75,2177175
2021-06-08 10:19:33,551.75,2177649
2021-06-08 10:19:34,551.75,2177821
2021-06-08 10:19:35,551.9,2178094
2021-06-08 10:19:36,551.75,2178318
2021-06-08 10:19:37,551.95,2179261
2021-06-08 10:19:38,551.95,2179264
2021-06-08 10:19:40,551.75,2179795
2021-06-08 10:19:41,551.75,2179845
2021-06-08 10:19:42,551.75,2179919
2021-06-08 10:19:43,551.75,2179919
2021-06-08 10:19:43,551.75,2179919
2021-06-08 10:19:44,551.7,2180835
2021-06-08 10:19:45,551.8,2181424
2021-06-08 10:19:46,551.6,2181472
2021-06-08 10:19:47,551.5,2181587
2021-06-08 10:19:48,551.45,2181593
2021-06-08 10:19:49,551.4,2181729
2021-06-08 10:19:51,551.4,2181777
2021-06-08 10:19:52,551.25,2181899
2021-06-08 10:19:53,551.25,2181914
2021-06-08 10:19:54,551.35,2182001
2021-06-08 10:19:55,551.35,2182211
2021-06-08 10:19:56,551.35,2182213
2021-06-08 10:19:57,551.35,2182253
2021-06-08 10:19:57,551.45,2182499
2021-06-08 10:20:00,551.4,2182811
2021-06-08 10:20:01,551.4,2182939
2021-06-08 10:20:02,551.4,2183141
2021-06-08 10:20:03,551.4,2183356
2021-06-08 10:20:04,551.4,2183413
2021-06-08 10:20:05,551.45,2183486
2021-06-08 10:20:06,551.45,2183486
2021-06-08 10:20:07,551.65,2183487
2021-06-08 10:20:08,551.65,2183513
2021-06-08 10:20:09,551.65,2183755
2021-06-08 10:20:10,551.75,2184082
2021-06-08 10:20:11,551.8,2184219
2021-06-08 10:20:12,551.8,2184219
2021-06-08 10:20:13,551.8,2184219
2021-06-08 10:20:14,551.65,2184266
2021-06-08 10:20:15,551.65,2184616
2021-06-08 10:20:17,551.5,2185989
2021-06-08 10:20:18,551.5,2186343
2021-06-08 10:20:19,551.65,2186653
2021-06-08 10:20:19,551.65,2186653
2021-06-08 10:20:21,551.75,2187120
2021-06-08 10:20:22,551.5,2187538
2021-06-08 10:20:24,551.75,2187746
2021-06-08 10:20:25,551.75,2187748
2021-06-08 10:20:26,551.75,2187879
2021-06-08 10:20:26,551.75,2187879
2021-06-08 10:20:27,551.75,2188052
2021-06-08 10:20:28,551.5,2188087
2021-06-08 10:20:29,551.65,2188156
2021-06-08 10:20:31,551.75,2188254
2021-06-08 10:20:32,551.75,2188254
2021-06-08 10:20:33,551.5,2188361
2021-06-08 10:20:33,551.75,2188261
2021-06-08 10:20:35,551.5,2188911
2021-06-08 10:20:36,551.5,2188923
2021-06-08 10:20:37,551.5,2189107
2021-06-08 10:20:38,551.5,2189157
2021-06-08 10:20:39,551.5,2189202
2021-06-08 10:20:39,551.5,2189202
2021-06-08 10:20:40,551.7,2189297
2021-06-08 10:20:41,551.5,2189358
2021-06-08 10:20:42,551.7,2189376
2021-06-08 10:20:43,551.5,2189431
2021-06-08 10:20:44,551.6,2189493
2021-06-08 10:20:45,551.6,2189609
2021-06-08 10:20:46,551.5,2189641
2021-06-08 10:20:47,551.6,2190438
2021-06-08 10:20:48,551.5,2190671
2021-06-08 10:20:50,551.7,2190750
2021-06-08 10:20:51,551.5,2190937
2021-06-08 10:20:52,551.55,2191045
2021-06-08 10:20:53,551.55,2191045
2021-06-08 10:20:54,551.55,2191058
2021-06-08 10:20:55,551.6,2191275
2021-06-08 10:20:55,551.55,2191343
2021-06-08 10:20:56,551.55,2191343
2021-06-08 10:20:57,551.55,2191442
2021-06-08 10:20:58,551.6,2191542
2021-06-08 10:20:59,551.6,2191542
2021-06-08 10:21:00,551.55,2191553
2021-06-08 10:21:01,551.55,2191566
2021-06-08 10:21:02,551.6,2191804
2021-06-08 10:21:03,551.7,2191838
2021-06-08 10:21:04,551.7,2191838
2021-06-08 10:21:05,551.7,2192789
2021-06-08 10:21:07,551.6,2193090
2021-06-08 10:21:08,551.8,2193141
2021-06-08 10:21:08,551.9,2193172
2021-06-08 10:21:09,551.6,2193214
2021-06-08 10:21:10,551.6,2193214
2021-06-08 10:21:13,551.65,2194336
2021-06-08 10:21:14,551.65,2194575
2021-06-08 10:21:15,551.9,2196156
2021-06-08 10:21:16,551.95,2196196
2021-06-08 10:21:17,551.7,2196574
2021-06-08 10:21:17,551.65,2196697
2021-06-08 10:21:18,551.65,2196876
2021-06-08 10:21:19,551.65,2196881
2021-06-08 10:21:20,551.65,2196951
2021-06-08 10:21:21,551.65,2196951
2021-06-08 10:21:22,551.65,2196951
2021-06-08 10:21:23,551.9,2196953
2021-06-08 10:21:24,551.65,2197053
2021-06-08 10:21:25,551.9,2197663
2021-06-08 10:21:26,551.9,2197972
2021-06-08 10:21:27,551.65,2198135
2021-06-08 10:21:28,551.7,2198291
2021-06-08 10:21:30,551.9,2198305
2021-06-08 10:21:31,551.9,2198305
2021-06-08 10:21:31,551.9,2198305
2021-06-08 10:21:32,551.9,2198327
2021-06-08 10:21:34,551.9,2198707
2021-06-08 10:21:35,551.95,2198920
2021-06-08 10:21:36,551.7,2199061
2021-06-08 10:21:37,551.7,2199061
2021-06-08 10:21:38,551.95,2199113
2021-06-08 10:21:39,551.6,2202403
2021-06-08 10:21:40,551.6,2202403
2021-06-08 10:21:40,551.6,2203909
2021-06-08 10:21:41,551.8,2205350
2021-06-08 10:21:42,551.7,2205442
2021-06-08 10:21:43,551.6,2205849
2021-06-08 10:21:44,551.6,2205849
2021-06-08 10:21:46,551.65,2206044
2021-06-08 10:21:47,551.65,2206044
2021-06-08 10:21:48,551.6,2206148
2021-06-08 10:21:49,551.6,2206148
2021-06-08 10:21:50,551.6,2206148
2021-06-08 10:21:51,551.9,2206150
2021-06-08 10:21:52,551.9,2206159
2021-06-08 10:21:52,551.9,2206162
2021-06-08 10:21:53,552.15,2207111
2021-06-08 10:21:55,551.95,2207487
2021-06-08 10:21:56,551.95,2207623
2021-06-08 10:21:56,551.95,2207673
2021-06-08 10:21:57,551.95,2207809
2021-06-08 10:21:58,551.85,2207859
2021-06-08 10:22:00,552.0,2209509
2021-06-08 10:22:00,551.85,2209673
2021-06-08 10:22:01,551.85,2214855
2021-06-08 10:22:02,551.85,2214860
2021-06-08 10:22:03,551.65,2217127
2021-06-08 10:22:05,551.6,2217254
2021-06-08 10:22:06,551.55,2219182
2021-06-08 10:22:07,551.85,2219704
2021-06-08 10:22:08,551.85,2219714
2021-06-08 10:22:08,551.85,2219714
2021-06-08 10:22:09,551.85,2219714
2021-06-08 10:22:10,551.65,2219827
2021-06-08 10:22:11,551.65,2219867
2021-06-08 10:22:13,551.85,2219909
2021-06-08 10:22:13,551.85,2219929
2021-06-08 10:22:14,551.85,2219931
2021-06-08 10:22:15,551.85,2220236
2021-06-08 10:22:16,551.65,2220248
2021-06-08 10:22:18,551.85,2220306
2021-06-08 10:22:19,551.85,2220366
2021-06-08 10:22:21,551.85,2220367
2021-06-08 10:22:22,551.85,2220396
2021-06-08 10:22:23,551.7,2220555
2021-06-08 10:22:24,551.7,2220593
2021-06-08 10:22:25,551.7,2220614
2021-06-08 10:22:26,552.05,2222747
2021-06-08 10:22:27,551.75,2223153
2021-06-08 10:22:27,551.7,2222847
2021-06-08 10:22:28,551.65,2224358
2021-06-08 10:22:30,551.65,2224817
2021-06-08 10:22:31,551.65,2224849
2021-06-08 10:22:32,551.75,2225074
2021-06-08 10:22:33,551.7,2225232
2021-06-08 10:22:34,551.7,2225519
2021-06-08 10:22:35,551.75,2225732
2021-06-08 10:22:36,551.75,2225770
2021-06-08 10:22:37,551.8,2226186
2021-06-08 10:22:38,551.75,2226192
2021-06-08 10:22:39,551.8,2226409
2021-06-08 10:22:40,552.1,2228259
2021-06-08 10:22:41,551.9,2229259
2021-06-08 10:22:42,552.15,2230090
2021-06-08 10:22:43,551.85,2230496
2021-06-08 10:22:44,552.1,2230521
2021-06-08 10:22:45,552.1,2230521
2021-06-08 10:22:46,552.1,2230521
2021-06-08 10:22:47,551.95,2230524
2021-06-08 10:22:48,552.1,2230624
2021-06-08 10:22:49,552.1,2230728
2021-06-08 10:22:50,552.1,2230748
2021-06-08 10:22:51,552.05,2230774
2021-06-08 10:22:52,552.05,2230876
2021-06-08 10:22:53,552.1,2231057
2021-06-08 10:22:54,552.05,2231064
2021-06-08 10:22:55,552.05,2231778
2021-06-08 10:22:56,552.05,2231781
2021-06-08 10:22:57,552.05,2231876
2021-06-08 10:22:58,552.1,2232063
2021-06-08 10:22:59,552.05,2232332
2021-06-08 10:23:00,552.1,2232411
2021-06-08 10:23:01,552.1,2232421
2021-06-08 10:23:02,552.05,2232423
2021-06-08 10:23:02,552.05,2232425
2021-06-08 10:23:04,552.05,2232449
2021-06-08 10:23:05,552.05,2232560
2021-06-08 10:23:05,552.05,2232561
2021-06-08 10:23:06,552.05,2232573
2021-06-08 10:23:08,552.1,2232798
2021-06-08 10:23:09,552.1,2232919
2021-06-08 10:23:10,552.1,2232940
2021-06-08 10:23:11,552.15,2233052
2021-06-08 10:23:12,552.15,2233062
2021-06-08 10:23:13,552.15,2233067
2021-06-08 10:23:14,552.15,2233069
2021-06-08 10:23:15,552.2,2234342
2021-06-08 10:23:16,552.15,2234487
2021-06-08 10:23:17,552.2,2234956
2021-06-08 10:23:18,552.2,2234956
2021-06-08 10:23:19,552.15,2235206
2021-06-08 10:23:20,552.2,2235737
2021-06-08 10:23:21,552.15,2235908
2021-06-08 10:23:22,552.2,2235920
2021-06-08 10:23:23,552.2,2236508
2021-06-08 10:23:24,552.2,2237001
2021-06-08 10:23:25,552.2,2237001
2021-06-08 10:23:26,552.2,2237426
2021-06-08 10:23:27,552.2,2238101
2021-06-08 10:23:28,552.05,2238411
2021-06-08 10:23:29,552.05,2238544
2021-06-08 10:23:30,552.05,2238544
2021-06-08 10:23:31,552.2,2238897
2021-06-08 10:23:32,552.2,2238897
2021-06-08 10:23:33,552.2,2238897
2021-06-08 10:23:34,552.2,2238928
2021-06-08 10:23:35,552.1,2239114
2021-06-08 10:23:36,552.1,2239114
2021-06-08 10:23:36,552.1,2239314
2021-06-08 10:23:38,552.2,2239739
2021-06-08 10:23:39,552.2,2239826
2021-06-08 10:23:40,552.1,2239827
2021-06-08 10:23:41,552.15,2239925
2021-06-08 10:23:42,552.1,2239929
2021-06-08 10:23:43,552.15,2240024
2021-06-08 10:23:44,552.1,2240050
2021-06-08 10:23:45,552.1,2240052
2021-06-08 10:23:46,552.1,2240052
2021-06-08 10:23:47,552.15,2240395
2021-06-08 10:23:48,552.15,2240450
2021-06-08 10:23:49,552.15,2240528
2021-06-08 10:23:50,552.15,2240528
2021-06-08 10:23:51,552.25,2240563
2021-06-08 10:23:53,552.15,2240566
2021-06-08 10:23:55,552.25,2241149
2021-06-08 10:23:55,552.25,2241264
2021-06-08 10:23:57,552.15,2241266
2021-06-08 10:23:58,552.15,2241304
2021-06-08 10:24:00,552.15,2241547
2021-06-08 10:24:01,552.15,2241600
2021-06-08 10:24:02,552.15,2241600
2021-06-08 10:24:03,552.15,2241691
2021-06-08 10:24:04,552.15,2241707
2021-06-08 10:24:05,552.15,2241708
2021-06-08 10:24:06,552.15,2242141
2021-06-08 10:24:07,552.1,2242151
2021-06-08 10:24:08,552.1,2242152
2021-06-08 10:24:09,552.15,2243342
2021-06-08 10:24:10,552.1,2244156
2021-06-08 10:24:11,552.05,2244985
2021-06-08 10:24:12,552.1,2245539
2021-06-08 10:24:13,552.05,2245619
2021-06-08 10:24:14,552.15,2245760
2021-06-08 10:24:15,552.15,2245850
2021-06-08 10:24:16,552.2,2246018
2021-06-08 10:24:17,552.15,2246039
2021-06-08 10:24:18,552.15,2246041
2021-06-08 10:24:19,552.4,2246397
2021-06-08 10:24:20,552.1,2246898
2021-06-08 10:24:21,552.05,2246907
2021-06-08 10:24:22,552.05,2247018
2021-06-08 10:24:23,552.1,2247024
2021-06-08 10:24:24,552.05,2247320
2021-06-08 10:24:25,552.05,2247500
2021-06-08 10:24:26,552.1,2247595
2021-06-08 10:24:27,552.1,2248082
2021-06-08 10:24:28,552.1,2248326
2021-06-08 10:24:29,552.05,2248370
2021-06-08 10:24:30,552.05,2248370
2021-06-08 10:24:31,552.35,2248877
2021-06-08 10:24:32,552.05,2249455
2021-06-08 10:24:33,552.1,2249700
2021-06-08 10:24:34,552.1,2250124
2021-06-08 10:24:35,552.1,2250615
2021-06-08 10:24:36,552.05,2250708
2021-06-08 10:24:37,552.05,2253203
2021-06-08 10:24:38,552.05,2253534
2021-06-08 10:24:40,552.0,2254690
2021-06-08 10:24:41,551.85,2255276
2021-06-08 10:24:42,551.9,2255326
2021-06-08 10:24:43,551.7,2255587
2021-06-08 10:24:44,551.7,2255619
2021-06-08 10:24:45,551.7,2255621
2021-06-08 10:24:46,551.75,2257295
2021-06-08 10:24:47,551.75,2257529
2021-06-08 10:24:48,551.7,2257824
2021-06-08 10:24:49,551.7,2257827
2021-06-08 10:24:50,551.75,2257961
2021-06-08 10:24:51,551.75,2257964
2021-06-08 10:24:52,551.7,2257965
2021-06-08 10:24:53,551.7,2257969
2021-06-08 10:24:54,551.7,2258010
2021-06-08 10:24:55,551.7,2258573
2021-06-08 10:24:56,551.7,2258575
2021-06-08 10:24:57,551.75,2258798
2021-06-08 10:24:58,551.7,2258800
2021-06-08 10:24:59,551.75,2259025
2021-06-08 10:25:00,551.7,2259026
2021-06-08 10:25:01,551.75,2259129
2021-06-08 10:25:02,551.7,2259640
2021-06-08 10:25:03,551.7,2259644
2021-06-08 10:25:04,551.7,2259665
2021-06-08 10:25:05,551.7,2259666
2021-06-08 10:25:06,551.8,2259668
2021-06-08 10:25:07,551.8,2259668
2021-06-08 10:25:08,551.8,2259668
2021-06-08 10:25:09,551.8,2259668
2021-06-08 10:25:10,551.7,2259678
2021-06-08 10:25:11,551.7,2259693
2021-06-08 10:25:12,551.7,2259693
2021-06-08 10:25:13,551.8,2259759
2021-06-08 10:25:14,551.8,2260284
2021-06-08 10:25:15,551.7,2260604
2021-06-08 10:25:16,551.8,2260645
2021-06-08 10:25:17,551.8,2260655
2021-06-08 10:25:18,551.7,2260855
2021-06-08 10:25:19,551.8,2260899
2021-06-08 10:25:20,551.7,2261084
2021-06-08 10:25:21,551.8,2261105
2021-06-08 10:25:22,551.8,2261114
2021-06-08 10:25:23,551.7,2261583
2021-06-08 10:25:24,551.7,2261791
2021-06-08 10:25:25,551.65,2261792
2021-06-08 10:25:26,551.8,2261994
2021-06-08 10:25:27,551.65,2261995
2021-06-08 10:25:28,551.65,2261995
2021-06-08 10:25:29,551.8,2262279
2021-06-08 10:25:30,551.8,2262807
2021-06-08 10:25:31,551.8,2263420
2021-06-08 10:25:32,551.8,2263420
2021-06-08 10:25:33,551.85,2263430
2021-06-08 10:25:34,551.85,2263794
2021-06-08 10:25:35,551.65,2263995
2021-06-08 10:25:36,551.65,2264022
2021-06-08 10:25:38,551.65,2264232
2021-06-08 10:25:39,551.65,2264292
2021-06-08 10:25:40,551.6,2264451
2021-06-08 10:25:41,551.65,2264476
2021-06-08 10:25:43,551.8,2264643
2021-06-08 10:25:44,551.8,2264645
2021-06-08 10:25:45,551.8,2264675
2021-06-08 10:25:47,551.8,2264685
2021-06-08 10:25:46,551.8,2264685
2021-06-08 10:25:48,551.8,2264985
2021-06-08 10:25:49,551.8,2265248
2021-06-08 10:25:50,551.65,2265406
2021-06-08 10:25:51,551.65,2265516
2021-06-08 10:25:52,551.65,2265558
2021-06-08 10:25:53,551.75,2265953
2021-06-08 10:25:54,551.65,2266122
2021-06-08 10:25:55,551.7,2266494
2021-06-08 10:25:56,551.6,2266580
2021-06-08 10:25:57,551.65,2266590
2021-06-08 10:25:58,551.65,2266690
2021-06-08 10:25:59,551.65,2266695
2021-06-08 10:26:00,551.65,2266825
2021-06-08 10:26:01,551.7,2266890
2021-06-08 10:26:02,551.65,2266901
2021-06-08 10:26:03,551.65,2266901
2021-06-08 10:26:04,551.7,2266906
2021-06-08 10:26:06,551.7,2267009
2021-06-08 10:26:06,551.7,2267009
2021-06-08 10:26:07,551.65,2267044
2021-06-08 10:26:08,551.75,2267594
2021-06-08 10:26:09,551.7,2267718
2021-06-08 10:26:10,551.7,2267881
2021-06-08 10:26:11,551.7,2267881
2021-06-08 10:26:12,551.7,2267881
2021-06-08 10:26:13,551.85,2269902
2021-06-08 10:26:14,551.85,2269902
2021-06-08 10:26:15,551.8,2270125
2021-06-08 10:26:16,551.8,2270125
2021-06-08 10:26:17,551.65,2270453
2021-06-08 10:26:18,551.65,2270457
2021-06-08 10:26:19,551.65,2270559
2021-06-08 10:26:20,551.65,2270709
2021-06-08 10:26:21,551.65,2270855
2021-06-08 10:26:22,551.65,2270995
2021-06-08 10:26:23,551.6,2271045
2021-06-08 10:26:24,551.65,2271067
2021-06-08 10:26:25,551.65,2271167
2021-06-08 10:26:26,551.6,2271187
2021-06-08 10:26:27,551.6,2271222
2021-06-08 10:26:28,551.65,2271225
2021-06-08 10:26:29,551.65,2271385
2021-06-08 10:26:30,551.65,2271386
2021-06-08 10:26:31,551.65,2271652
2021-06-08 10:26:32,551.65,2271769
2021-06-08 10:26:33,551.65,2271772
2021-06-08 10:26:34,551.6,2271980
2021-06-08 10:26:35,551.6,2272082
2021-06-08 10:26:37,551.65,2272185
2021-06-08 10:26:37,551.65,2272195
2021-06-08 10:26:38,551.6,2272199
2021-06-08 10:26:39,551.6,2272210
2021-06-08 10:26:40,551.65,2272314
2021-06-08 10:26:41,551.65,2272314
2021-06-08 10:26:42,551.6,2272327
2021-06-08 10:26:43,551.65,2272437
2021-06-08 10:26:44,551.6,2272472
2021-06-08 10:26:45,551.75,2273778
2021-06-08 10:26:46,551.8,2274370
2021-06-08 10:26:47,551.75,2274495
2021-06-08 10:26:48,551.65,2274576
2021-06-08 10:26:49,551.8,2274578
2021-06-08 10:26:50,551.8,2274578
2021-06-08 10:26:52,551.8,2274732
2021-06-08 10:26:52,551.8,2274732
2021-06-08 10:26:54,551.75,2277261
2021-06-08 10:26:55,551.7,2277832
2021-06-08 10:26:57,551.7,2278053
2021-06-08 10:26:57,551.7,2278053
2021-06-08 10:26:58,551.7,2278259
