timestamp,ltp,volume
2021-05-27 09:25:20,334.5,0
2021-05-27 09:25:21,334.65,0
2021-05-27 09:25:22,334.9,0
2021-05-27 09:25:23,335.0,0
2021-05-27 09:25:24,334.95,0
2021-05-27 09:25:25,334.95,0
2021-05-27 09:25:26,335.0,0
2021-05-27 09:25:27,335.0,0
2021-05-27 09:25:28,335.1,0
2021-05-27 09:25:29,335.05,0
2021-05-27 09:25:30,335.1,0
2021-05-27 09:25:31,335.1,0
2021-05-27 09:25:33,335.05,0
2021-05-27 09:25:37,335.25,0
2021-05-27 09:25:39,335.05,0
2021-05-27 09:25:41,335.1,0
2021-05-27 09:25:42,335.25,0
2021-05-27 09:25:43,335.15,0
2021-05-27 09:25:44,335.2,0
2021-05-27 09:25:46,335.25,0
2021-05-27 09:25:47,335.35,0
2021-05-27 09:25:48,335.3,0
2021-05-27 09:25:49,335.35,0
2021-05-27 09:25:53,335.35,0
2021-05-27 09:25:54,335.3,0
2021-05-27 09:25:55,335.4,0
2021-05-27 09:25:56,335.45,0
2021-05-27 09:25:57,335.45,0
2021-05-27 09:25:58,335.45,0
2021-05-27 09:25:59,335.4,0
2021-05-27 09:26:03,335.5,0
2021-05-27 09:26:04,335.5,0
2021-05-27 09:26:05,335.45,0
2021-05-27 09:26:07,335.45,0
2021-05-27 09:26:08,335.4,0
2021-05-27 09:26:09,335.45,0
2021-05-27 09:26:10,335.35,0
2021-05-27 09:26:11,335.5,0
2021-05-27 09:26:12,335.45,0
2021-05-27 09:26:16,335.45,0
2021-05-27 09:26:17,335.45,0
2021-05-27 09:26:18,335.5,0
2021-05-27 09:26:22,335.7,0
2021-05-27 09:26:23,335.75,0
2021-05-27 09:26:25,335.9,0
2021-05-27 09:26:26,335.9,0
2021-05-27 09:26:27,336.0,0
2021-05-27 09:26:29,336.0,0
2021-05-27 09:26:30,336.1,0
2021-05-27 09:26:31,336.0,0
2021-05-27 09:26:32,336.15,0
2021-05-27 09:26:36,336.0,0
2021-05-27 09:26:37,336.05,0
2021-05-27 09:26:39,336.2,0
2021-05-27 09:26:40,336.15,0
2021-05-27 09:26:41,336.15,0
2021-05-27 09:26:42,336.05,0
2021-05-27 09:26:43,336.15,0
2021-05-27 09:26:44,336.1,0
2021-05-27 09:26:45,336.2,0
2021-05-27 09:26:47,336.2,0
2021-05-27 09:26:48,336.3,0
2021-05-27 09:26:49,336.4,0
2021-05-27 09:26:50,336.55,0
2021-05-27 09:26:51,336.35,0
2021-05-27 09:26:52,336.35,0
2021-05-27 09:26:53,336.35,0
2021-05-27 09:26:54,336.4,0
2021-05-27 09:26:56,336.35,0
2021-05-27 09:26:57,336.35,0
2021-05-27 09:26:58,336.4,0
2021-05-27 09:26:59,336.4,0
2021-05-27 09:27:00,336.5,0
2021-05-27 09:27:01,336.45,0
2021-05-27 09:27:03,336.25,0
2021-05-27 09:27:04,336.3,0
2021-05-27 09:27:05,336.25,0
2021-05-27 09:27:06,336.2,0
2021-05-27 09:27:07,336.2,0
2021-05-27 09:27:08,336.2,0
2021-05-27 09:27:09,336.2,0
2021-05-27 09:27:10,336.2,0
2021-05-27 09:27:11,335.9,0
2021-05-27 09:27:12,335.95,0
2021-05-27 09:27:13,335.85,0
2021-05-27 09:27:14,335.8,0
2021-05-27 09:27:15,335.95,0
2021-05-27 09:27:16,335.8,0
2021-05-27 09:27:17,335.8,0
2021-05-27 09:27:19,335.85,0
2021-05-27 09:27:21,335.85,0
2021-05-27 09:27:22,335.75,0
2021-05-27 09:27:23,335.75,0
2021-05-27 09:27:24,335.8,0
2021-05-27 09:27:25,335.85,0
2021-05-27 09:27:26,335.8,0
2021-05-27 09:27:27,335.7,0
2021-05-27 09:27:28,335.85,0
2021-05-27 09:27:29,335.8,0
2021-05-27 09:27:31,335.65,0
2021-05-27 09:27:33,335.8,0
2021-05-27 09:27:34,335.65,0
2021-05-27 09:27:35,335.8,0
2021-05-27 09:27:36,335.7,0
2021-05-27 09:27:37,335.75,0
2021-05-27 09:27:38,335.65,0
2021-05-27 09:27:39,335.55,0
2021-05-27 09:27:40,335.55,0
2021-05-27 09:27:41,335.4,0
2021-05-27 09:27:42,335.4,0
2021-05-27 09:27:47,335.25,0
2021-05-27 09:27:48,335.25,0
2021-05-27 09:27:49,335.3,0
2021-05-27 09:27:51,335.35,0
2021-05-27 09:27:53,335.35,0
2021-05-27 09:27:54,335.25,0
2021-05-27 09:27:55,335.35,0
2021-05-27 09:27:56,335.4,0
2021-05-27 09:27:57,335.25,0
2021-05-27 09:27:58,335.4,0
2021-05-27 09:27:59,335.2,0
2021-05-27 09:28:03,335.15,0
2021-05-27 09:28:04,335.25,0
2021-05-27 09:28:05,335.35,0
2021-05-27 09:28:06,335.4,0
2021-05-27 09:28:07,335.3,0
2021-05-27 09:28:08,335.3,0
2021-05-27 09:28:09,335.35,0
2021-05-27 09:28:10,335.3,0
2021-05-27 09:28:11,335.35,0
2021-05-27 09:28:12,335.45,0
2021-05-27 09:28:14,335.35,0
2021-05-27 09:28:15,335.4,0
2021-05-27 09:28:16,335.45,0
2021-05-27 09:28:18,335.35,0
2021-05-27 09:28:19,335.35,0
2021-05-27 09:28:20,335.35,0
2021-05-27 09:28:21,335.3,0
2021-05-27 09:28:22,335.25,0
2021-05-27 09:28:23,335.25,0
2021-05-27 09:28:24,335.3,0
2021-05-27 09:28:25,335.3,0
2021-05-27 09:28:26,335.3,0
2021-05-27 09:28:27,335.25,0
2021-05-27 09:28:28,335.25,0
2021-05-27 09:28:29,335.2,0
2021-05-27 09:28:30,335.2,0
2021-05-27 09:28:31,335.2,0
2021-05-27 09:28:32,335.1,0
2021-05-27 09:28:33,335.2,0
2021-05-27 09:28:34,335.2,0
2021-05-27 09:28:37,335.4,0
2021-05-27 09:28:38,335.4,0
2021-05-27 09:28:39,335.4,0
2021-05-27 09:28:40,335.35,0
2021-05-27 09:28:41,335.4,0
2021-05-27 09:28:42,335.4,0
2021-05-27 09:28:44,335.65,0
2021-05-27 09:28:45,335.5,0
2021-05-27 09:28:46,335.65,0
2021-05-27 09:28:48,335.55,0
2021-05-27 09:28:49,335.55,0
2021-05-27 09:28:50,335.65,0
2021-05-27 09:28:51,335.65,0
2021-05-27 09:28:52,335.7,0
2021-05-27 09:28:53,335.75,0
2021-05-27 09:28:57,335.85,0
2021-05-27 09:28:58,335.95,0
2021-05-27 09:28:59,336.0,0
2021-05-27 09:29:00,336.0,0
2021-05-27 09:29:01,336.0,0
2021-05-27 09:29:02,336.15,0
2021-05-27 09:29:03,336.15,0
2021-05-27 09:29:05,336.05,0
2021-05-27 09:29:06,336.0,0
2021-05-27 09:29:07,335.95,0
2021-05-27 09:29:08,335.95,0
2021-05-27 09:29:09,335.9,0
2021-05-27 09:29:11,335.9,0
2021-05-27 09:29:12,335.85,0
2021-05-27 09:29:13,335.9,0
2021-05-27 09:29:14,335.85,0
2021-05-27 09:29:16,335.9,0
2021-05-27 09:29:17,335.8,0
2021-05-27 09:29:18,335.7,0
2021-05-27 09:29:19,335.7,0
2021-05-27 09:29:20,335.55,0
2021-05-27 09:29:21,335.5,0
2021-05-27 09:29:23,335.55,0
2021-05-27 09:29:24,335.5,0
2021-05-27 09:29:26,335.55,0
2021-05-27 09:29:27,335.45,0
2021-05-27 09:29:28,335.4,0
2021-05-27 09:29:29,335.55,0
2021-05-27 09:29:30,335.45,0
2021-05-27 09:29:33,335.25,0
2021-05-27 09:29:34,335.3,0
2021-05-27 09:29:35,335.25,0
2021-05-27 09:29:36,335.3,0
2021-05-27 09:29:37,335.25,0
2021-05-27 09:29:38,335.25,0
2021-05-27 09:29:39,335.3,0
2021-05-27 09:29:40,335.35,0
2021-05-27 09:29:41,335.45,0
2021-05-27 09:29:45,335.3,0
2021-05-27 09:29:47,335.3,0
2021-05-27 09:29:49,335.25,0
2021-05-27 09:29:51,335.3,0
2021-05-27 09:29:52,335.3,0
2021-05-27 09:29:54,335.25,0
2021-05-27 09:29:55,335.2,0
2021-05-27 09:29:56,335.3,0
2021-05-27 09:29:57,335.3,0
2021-05-27 09:29:58,335.2,0
2021-05-27 09:29:59,335.25,0
2021-05-27 09:30:00,335.2,0
2021-05-27 09:30:01,335.25,0
2021-05-27 09:30:02,335.15,0
2021-05-27 09:30:03,335.2,0
2021-05-27 09:30:05,335.15,0
2021-05-27 09:30:06,335.15,0
2021-05-27 09:30:07,335.05,0
2021-05-27 09:30:08,335.0,0
2021-05-27 09:30:09,335.0,0
2021-05-27 09:30:10,335.05,0
2021-05-27 09:30:11,335.0,0
2021-05-27 09:30:12,335.1,0
2021-05-27 09:30:13,335.1,0
2021-05-27 09:30:14,334.95,0
2021-05-27 09:30:15,335.05,0
2021-05-27 09:30:16,335.05,0
2021-05-27 09:30:17,334.95,0
2021-05-27 09:30:18,334.95,0
2021-05-27 09:30:19,335.0,0
2021-05-27 09:30:20,334.95,0
2021-05-27 09:30:21,334.85,0
2021-05-27 09:30:23,334.85,0
2021-05-27 09:30:24,334.95,0
2021-05-27 09:30:25,335.0,0
2021-05-27 09:30:26,335.0,0
2021-05-27 09:30:28,335.0,0
2021-05-27 09:30:29,335.05,0
2021-05-27 09:30:31,335.05,0
2021-05-27 09:30:32,335.0,0
2021-05-27 09:30:33,334.9,0
2021-05-27 09:30:34,334.95,0
2021-05-27 09:30:35,334.9,0
2021-05-27 09:30:36,334.85,0
2021-05-27 09:30:37,334.8,0
2021-05-27 09:30:39,334.75,0
2021-05-27 09:30:41,334.8,0
2021-05-27 09:30:42,334.8,0
2021-05-27 09:30:43,334.85,0
2021-05-27 09:30:44,334.9,0
2021-05-27 09:30:46,334.9,0
2021-05-27 09:30:48,334.8,0
2021-05-27 09:30:49,334.85,0
2021-05-27 09:30:50,334.7,0
2021-05-27 09:30:51,334.7,0
2021-05-27 09:30:52,334.7,0
2021-05-27 09:30:53,334.65,0
2021-05-27 09:30:54,334.7,0
2021-05-27 09:30:56,334.65,0
2021-05-27 09:30:57,334.75,0
2021-05-27 09:30:58,334.7,0
2021-05-27 09:30:59,334.75,0
2021-05-27 09:31:00,334.75,0
2021-05-27 09:31:02,334.7,0
2021-05-27 09:31:03,334.7,0
2021-05-27 09:31:04,334.7,0
2021-05-27 09:31:05,334.7,0
2021-05-27 09:31:07,334.7,0
2021-05-27 09:31:08,334.85,0
2021-05-27 09:31:09,334.85,0
2021-05-27 09:31:10,334.75,0
2021-05-27 09:31:12,334.85,0
2021-05-27 09:31:13,334.8,0
2021-05-27 09:31:14,334.8,0
2021-05-27 09:31:16,334.7,0
2021-05-27 09:31:17,334.7,0
2021-05-27 09:31:18,334.7,0
2021-05-27 09:31:20,334.8,0
2021-05-27 09:31:21,334.75,0
2021-05-27 09:31:22,334.7,0
2021-05-27 09:31:24,334.65,0
2021-05-27 09:31:26,334.65,0
2021-05-27 09:31:27,334.5,0
2021-05-27 09:31:28,334.6,0
2021-05-27 09:31:29,334.6,0
2021-05-27 09:31:30,334.6,0
2021-05-27 09:31:32,334.45,0
2021-05-27 09:31:34,334.55,0
2021-05-27 09:31:35,334.55,0
2021-05-27 09:31:36,334.55,0
2021-05-27 09:31:37,334.55,0
2021-05-27 09:31:38,334.6,0
2021-05-27 09:31:39,334.45,0
2021-05-27 09:31:40,334.4,0
2021-05-27 09:31:41,334.45,0
2021-05-27 09:31:43,334.2,0
2021-05-27 09:31:44,334.25,0
2021-05-27 09:31:45,334.25,0
2021-05-27 09:31:46,334.2,0
2021-05-27 09:31:47,334.15,0
2021-05-27 09:31:49,334.2,0
2021-05-27 09:31:51,334.1,0
2021-05-27 09:31:53,334.2,0
2021-05-27 09:31:54,334.15,0
2021-05-27 09:31:57,334.2,0
2021-05-27 09:31:59,334.15,0
2021-05-27 09:32:00,334.25,0
2021-05-27 09:32:01,334.35,0
2021-05-27 09:32:02,334.4,0
2021-05-27 09:32:03,334.35,0
2021-05-27 09:32:04,334.35,0
2021-05-27 09:32:05,334.35,0
2021-05-27 09:32:06,334.3,0
2021-05-27 09:32:08,334.35,0
2021-05-27 09:32:09,334.35,0
2021-05-27 09:32:10,334.3,0
2021-05-27 09:32:11,334.25,0
2021-05-27 09:32:12,334.25,0
2021-05-27 09:32:16,334.25,0
2021-05-27 09:32:18,334.3,0
2021-05-27 09:32:19,334.3,0
2021-05-27 09:32:20,334.25,0
2021-05-27 09:32:21,334.15,0
2021-05-27 09:32:24,334.15,0
2021-05-27 09:32:28,334.0,0
2021-05-27 09:32:29,334.0,0
2021-05-27 09:32:31,333.95,0
2021-05-27 09:32:32,333.9,0
2021-05-27 09:32:34,333.95,0
2021-05-27 09:32:35,334.0,0
2021-05-27 09:32:36,334.05,0
2021-05-27 09:32:37,334.1,0
2021-05-27 09:32:39,334.1,0
2021-05-27 09:32:40,334.05,0
2021-05-27 09:32:41,334.05,0
2021-05-27 09:32:42,334.05,0
2021-05-27 09:32:43,334.05,0
2021-05-27 09:32:44,334.05,0
2021-05-27 09:32:45,334.1,0
2021-05-27 09:32:47,334.1,0
2021-05-27 09:32:49,334.15,0
2021-05-27 09:32:50,334.05,0
2021-05-27 09:32:51,334.1,0
2021-05-27 09:32:52,334.1,0
2021-05-27 09:32:53,334.1,0
2021-05-27 09:32:54,334.1,0
2021-05-27 09:32:55,334.1,0
2021-05-27 09:32:56,334.15,0
2021-05-27 09:32:57,334.15,0
2021-05-27 09:32:58,334.4,0
2021-05-27 09:32:59,334.4,0
2021-05-27 09:33:00,334.3,0
2021-05-27 09:33:01,334.35,0
2021-05-27 09:33:02,334.35,0
2021-05-27 09:33:03,334.3,0
2021-05-27 09:33:04,334.25,0
2021-05-27 09:33:05,334.2,0
2021-05-27 09:33:06,334.3,0
2021-05-27 09:33:07,334.35,0
2021-05-27 09:33:08,334.35,0
2021-05-27 09:33:09,334.25,0
2021-05-27 09:33:10,334.25,0
2021-05-27 09:33:11,334.15,0
2021-05-27 09:33:12,334.15,0
2021-05-27 09:33:13,334.15,0
2021-05-27 09:33:15,334.1,0
2021-05-27 09:33:16,334.1,0
2021-05-27 09:33:17,334.1,0
2021-05-27 09:33:19,334.05,0
2021-05-27 09:33:20,334.1,0
2021-05-27 09:33:21,334.05,0
2021-05-27 09:33:23,334.05,0
2021-05-27 09:33:24,334.0,0
2021-05-27 09:33:25,334.0,0
2021-05-27 09:33:26,334.05,0
2021-05-27 09:33:28,334.0,0
2021-05-27 09:33:30,334.0,0
2021-05-27 09:33:32,334.0,0
2021-05-27 09:33:33,334.05,0
2021-05-27 09:33:34,334.05,0
2021-05-27 09:33:35,334.15,0
2021-05-27 09:33:36,334.05,0
2021-05-27 09:33:37,334.05,0
2021-05-27 09:33:38,334.0,0
2021-05-27 09:33:39,334.05,0
2021-05-27 09:33:40,334.05,0
2021-05-27 09:33:41,334.1,0
2021-05-27 09:33:43,334.0,0
2021-05-27 09:33:45,334.05,0
2021-05-27 09:33:46,334.1,0
2021-05-27 09:33:47,334.1,0
2021-05-27 09:33:49,334.05,0
2021-05-27 09:33:50,334.0,0
2021-05-27 09:33:51,334.05,0
2021-05-27 09:33:54,334.0,0
2021-05-27 09:33:55,334.0,0
2021-05-27 09:33:56,334.0,0
2021-05-27 09:33:57,334.05,0
2021-05-27 09:33:58,334.05,0
2021-05-27 09:33:59,334.0,0
2021-05-27 09:34:00,333.95,0
2021-05-27 09:34:01,334.05,0
2021-05-27 09:34:02,334.05,0
2021-05-27 09:34:03,334.0,0
2021-05-27 09:34:04,334.0,0
2021-05-27 09:34:05,334.0,0
2021-05-27 09:34:07,334.0,0
2021-05-27 09:34:09,334.0,0
2021-05-27 09:34:10,334.05,0
2021-05-27 09:34:12,333.9,0
2021-05-27 09:34:13,333.95,0
2021-05-27 09:34:15,333.95,0
2021-05-27 09:34:17,333.9,0
2021-05-27 09:34:18,333.95,0
2021-05-27 09:34:19,333.9,0
2021-05-27 09:34:20,333.95,0
2021-05-27 09:34:22,333.85,0
2021-05-27 09:34:23,333.95,0
2021-05-27 09:34:24,333.9,0
2021-05-27 09:34:25,333.9,0
2021-05-27 09:34:26,333.95,0
2021-05-27 09:34:27,333.95,0
2021-05-27 09:34:28,334.0,0
2021-05-27 09:34:30,334.15,0
2021-05-27 09:34:31,334.05,0
2021-05-27 09:34:32,334.05,0
2021-05-27 09:34:33,334.05,0
2021-05-27 09:34:35,334.0,0
2021-05-27 09:34:36,334.0,0
2021-05-27 09:34:37,334.05,0
2021-05-27 09:34:38,334.15,0
2021-05-27 09:34:39,334.15,0
2021-05-27 09:34:40,334.15,0
2021-05-27 09:34:41,334.25,0
2021-05-27 09:34:42,334.2,0
2021-05-27 09:34:43,334.2,0
2021-05-27 09:34:44,334.2,0
2021-05-27 09:34:45,334.3,0
2021-05-27 09:34:46,334.2,0
2021-05-27 09:34:47,334.25,0
2021-05-27 09:34:48,334.3,0
2021-05-27 09:34:49,334.35,0
2021-05-27 09:34:51,334.25,0
2021-05-27 09:34:52,334.25,0
2021-05-27 09:34:55,334.25,0
2021-05-27 09:34:56,334.35,0
2021-05-27 09:34:57,334.35,0
2021-05-27 09:34:58,334.3,0
2021-05-27 09:34:59,334.25,0
2021-05-27 09:35:00,334.25,0
2021-05-27 09:35:01,334.2,0
2021-05-27 09:35:02,334.25,0
2021-05-27 09:35:03,334.2,0
2021-05-27 09:35:04,334.2,0
2021-05-27 09:35:05,334.2,0
2021-05-27 09:35:11,334.2,0
2021-05-27 09:35:12,334.2,0
2021-05-27 09:35:13,334.15,0
2021-05-27 09:35:14,334.15,0
2021-05-27 09:35:15,334.2,0
2021-05-27 09:35:16,334.3,0
2021-05-27 09:35:17,334.3,0
2021-05-27 09:35:18,334.3,0
2021-05-27 09:35:19,334.3,0
2021-05-27 09:35:20,334.35,0
2021-05-27 09:35:21,334.45,0
2021-05-27 09:35:22,334.45,0
2021-05-27 09:35:23,334.45,0
2021-05-27 09:35:24,334.5,0
2021-05-27 09:35:25,334.45,0
2021-05-27 09:35:26,334.5,0
2021-05-27 09:35:28,334.5,0
2021-05-27 09:35:29,334.5,0
2021-05-27 09:35:32,334.4,0
2021-05-27 09:35:34,334.4,0
2021-05-27 09:35:36,334.45,0
2021-05-27 09:35:37,334.4,0
2021-05-27 09:35:38,334.35,0
2021-05-27 09:35:39,334.4,0
2021-05-27 09:35:40,334.45,0
2021-05-27 09:35:42,334.45,0
2021-05-27 09:35:44,334.5,0
2021-05-27 09:35:49,334.45,0
2021-05-27 09:35:50,334.45,0
2021-05-27 09:35:51,334.45,0
2021-05-27 09:35:53,334.4,0
2021-05-27 09:35:54,334.4,0
2021-05-27 09:35:55,334.45,0
2021-05-27 09:35:56,334.5,0
2021-05-27 09:35:57,334.5,0
2021-05-27 09:35:58,334.45,0
2021-05-27 09:35:59,334.4,0
2021-05-27 09:36:00,334.4,0
2021-05-27 09:36:01,334.35,0
2021-05-27 09:36:02,334.35,0
2021-05-27 09:36:03,334.4,0
2021-05-27 09:36:04,334.4,0
2021-05-27 09:36:05,334.35,0
2021-05-27 09:36:07,334.35,0
2021-05-27 09:36:08,334.3,0
2021-05-27 09:36:09,334.4,0
2021-05-27 09:36:10,334.35,0
2021-05-27 09:36:11,334.4,0
2021-05-27 09:36:12,334.4,0
2021-05-27 09:36:13,334.4,0
2021-05-27 09:36:14,334.4,0
2021-05-27 09:36:15,334.35,0
2021-05-27 09:36:16,334.3,0
2021-05-27 09:36:17,334.3,0
2021-05-27 09:36:22,334.25,0
2021-05-27 09:36:23,334.25,0
2021-05-27 09:36:25,334.3,0
2021-05-27 09:36:27,334.25,0
2021-05-27 09:36:31,334.25,0
2021-05-27 09:36:32,334.3,0
2021-05-27 09:36:33,334.35,0
2021-05-27 09:36:34,334.3,0
2021-05-27 09:36:35,334.25,0
2021-05-27 09:36:36,334.3,0
2021-05-27 09:36:37,334.2,0
2021-05-27 09:36:41,334.2,0
2021-05-27 09:36:42,334.2,0
2021-05-27 09:36:45,334.45,0
2021-05-27 09:36:47,334.5,0
2021-05-27 09:36:48,334.45,0
2021-05-27 09:36:49,334.5,0
2021-05-27 09:36:50,334.45,0
2021-05-27 09:36:51,334.5,0
2021-05-27 09:36:52,334.45,0
2021-05-27 09:36:54,334.55,0
2021-05-27 09:36:55,334.55,0
2021-05-27 09:36:56,334.5,0
2021-05-27 09:36:57,334.6,0
2021-05-27 09:36:58,334.6,0
2021-05-27 09:36:59,334.65,0
2021-05-27 09:37:00,334.6,0
2021-05-27 09:37:02,334.55,0
2021-05-27 09:37:03,334.6,0
2021-05-27 09:37:04,334.65,0
2021-05-27 09:37:05,334.55,0
2021-05-27 09:37:06,334.55,0
2021-05-27 09:37:08,334.65,0
2021-05-27 09:37:09,334.6,0
2021-05-27 09:37:11,334.6,0
2021-05-27 09:37:12,334.6,0
2021-05-27 09:37:13,334.6,0
2021-05-27 09:37:14,334.6,0
2021-05-27 09:37:15,334.6,0
2021-05-27 09:37:16,334.55,0
2021-05-27 09:37:17,334.55,0
2021-05-27 09:37:18,334.6,0
2021-05-27 09:37:19,334.6,0
2021-05-27 09:37:20,334.6,0
2021-05-27 09:37:22,334.6,0
2021-05-27 09:37:23,334.6,0
2021-05-27 09:37:24,334.55,0
2021-05-27 09:37:26,334.55,0
2021-05-27 09:37:28,334.65,0
2021-05-27 09:37:30,334.65,0
2021-05-27 09:37:31,334.65,0
2021-05-27 09:37:32,334.6,0
2021-05-27 09:37:37,334.6,0
2021-05-27 09:37:39,334.7,0
2021-05-27 09:37:40,334.55,0
2021-05-27 09:37:41,334.6,0
2021-05-27 09:37:42,334.65,0
2021-05-27 09:37:46,334.65,0
2021-05-27 09:37:47,334.6,0
2021-05-27 09:37:48,334.55,0
2021-05-27 09:37:49,334.5,0
2021-05-27 09:37:50,334.5,0
2021-05-27 09:37:51,334.6,0
2021-05-27 09:37:54,334.6,0
2021-05-27 09:37:55,334.75,0
2021-05-27 09:37:57,334.65,0
2021-05-27 09:37:58,334.65,0
2021-05-27 09:37:59,334.7,0
2021-05-27 09:38:00,334.7,0
2021-05-27 09:38:02,334.65,0
2021-05-27 09:38:03,334.7,0
2021-05-27 09:38:04,334.75,0
2021-05-27 09:38:05,334.7,0
2021-05-27 09:38:06,334.85,0
2021-05-27 09:38:07,334.8,0
2021-05-27 09:38:08,334.8,0
2021-05-27 09:38:09,334.85,0
2021-05-27 09:38:10,334.85,0
2021-05-27 09:38:11,334.65,0
2021-05-27 09:38:12,334.8,0
2021-05-27 09:38:13,334.75,0
2021-05-27 09:38:15,334.8,0
2021-05-27 09:38:16,334.75,0
2021-05-27 09:38:18,334.7,0
2021-05-27 09:38:19,334.8,0
2021-05-27 09:38:20,334.8,0
2021-05-27 09:38:21,334.8,0
2021-05-27 09:38:23,334.85,0
2021-05-27 09:38:24,334.85,0
2021-05-27 09:38:25,334.9,0
2021-05-27 09:38:26,334.75,0
2021-05-27 09:38:27,334.75,0
2021-05-27 09:38:28,334.8,0
2021-05-27 09:38:29,334.8,0
2021-05-27 09:38:30,334.8,0
2021-05-27 09:38:32,334.75,0
2021-05-27 09:38:33,334.75,0
2021-05-27 09:38:34,334.8,0
2021-05-27 09:38:35,334.8,0
2021-05-27 09:38:36,334.75,0
2021-05-27 09:38:37,334.75,0
2021-05-27 09:38:38,334.75,0
2021-05-27 09:38:39,334.75,0
2021-05-27 09:38:40,334.8,0
2021-05-27 09:38:42,334.85,0
2021-05-27 09:38:43,334.85,0
2021-05-27 09:38:45,334.75,0
2021-05-27 09:38:46,334.75,0
2021-05-27 09:38:47,334.8,0
2021-05-27 09:38:48,334.85,0
2021-05-27 09:38:50,334.95,0
2021-05-27 09:38:51,334.9,0
2021-05-27 09:38:52,334.9,0
2021-05-27 09:38:53,334.85,0
2021-05-27 09:38:54,335.0,0
2021-05-27 09:38:56,334.95,0
2021-05-27 09:38:58,334.9,0
2021-05-27 09:38:59,335.0,0
2021-05-27 09:39:00,334.95,0
2021-05-27 09:39:01,334.95,0
2021-05-27 09:39:03,334.9,0
2021-05-27 09:39:04,334.95,0
2021-05-27 09:39:06,334.9,0
2021-05-27 09:39:07,334.9,0
2021-05-27 09:39:10,334.85,0
2021-05-27 09:39:11,334.8,0
2021-05-27 09:39:13,334.8,0
2021-05-27 09:39:14,334.85,0
2021-05-27 09:39:15,334.8,0
2021-05-27 09:39:18,334.8,0
2021-05-27 09:39:19,334.8,0
2021-05-27 09:39:20,334.8,0
2021-05-27 09:39:21,334.75,0
2021-05-27 09:39:22,334.8,0
2021-05-27 09:39:23,334.85,0
2021-05-27 09:39:25,334.8,0
2021-05-27 09:39:26,334.8,0
2021-05-27 09:39:27,334.75,0
2021-05-27 09:39:28,334.85,0
2021-05-27 09:39:29,334.8,0
2021-05-27 09:39:30,334.8,0
2021-05-27 09:39:32,334.9,0
2021-05-27 09:39:33,334.9,0
2021-05-27 09:39:35,334.85,0
2021-05-27 09:39:36,334.85,0
2021-05-27 09:39:38,334.85,0
2021-05-27 09:39:39,334.9,0
2021-05-27 09:39:40,334.9,0
2021-05-27 09:39:41,334.9,0
2021-05-27 09:39:43,334.8,0
2021-05-27 09:39:44,334.9,0
2021-05-27 09:39:45,334.85,0
2021-05-27 09:39:50,334.95,0
2021-05-27 09:39:53,334.9,0
2021-05-27 09:39:55,334.8,0
2021-05-27 09:39:56,334.8,0
2021-05-27 09:39:57,334.9,0
2021-05-27 09:39:58,334.85,0
2021-05-27 09:39:59,334.85,0
2021-05-27 09:40:01,334.8,0
2021-05-27 09:40:02,334.8,0
2021-05-27 09:40:04,334.85,0
2021-05-27 09:40:05,334.8,0
2021-05-27 09:40:07,334.7,0
2021-05-27 09:40:08,334.8,0
2021-05-27 09:40:09,334.75,0
2021-05-27 09:40:11,334.75,0
2021-05-27 09:40:10,334.75,0
2021-05-27 09:40:12,334.8,0
2021-05-27 09:40:13,334.85,0
2021-05-27 09:40:14,334.8,0
2021-05-27 09:40:15,334.8,0
2021-05-27 09:40:16,334.85,0
2021-05-27 09:40:17,334.85,0
2021-05-27 09:40:18,334.8,0
2021-05-27 09:40:19,334.9,0
2021-05-27 09:40:20,334.85,0
2021-05-27 09:40:21,334.85,0
2021-05-27 09:40:22,334.9,0
2021-05-27 09:40:23,334.8,0
2021-05-27 09:40:24,334.8,0
2021-05-27 09:40:25,334.85,0
2021-05-27 09:40:26,334.9,0
2021-05-27 09:40:27,334.85,0
2021-05-27 09:40:28,334.7,0
2021-05-27 09:40:32,334.8,0
2021-05-27 09:40:34,334.9,0
2021-05-27 09:40:35,334.75,0
2021-05-27 09:40:36,334.85,0
2021-05-27 09:40:37,334.85,0
2021-05-27 09:40:38,334.85,0
2021-05-27 09:40:39,334.9,0
2021-05-27 09:40:41,335.0,0
2021-05-27 09:40:42,335.0,0
2021-05-27 09:40:44,335.0,0
2021-05-27 09:40:45,335.05,0
2021-05-27 09:40:46,335.0,0
2021-05-27 09:40:47,335.0,0
2021-05-27 09:40:48,334.95,0
2021-05-27 09:40:49,334.95,0
2021-05-27 09:40:50,335.0,0
2021-05-27 09:40:51,335.0,0
2021-05-27 09:40:52,335.0,0
2021-05-27 09:40:54,334.9,0
2021-05-27 09:40:55,334.95,0
2021-05-27 09:40:56,335.0,0
2021-05-27 09:40:57,334.95,0
2021-05-27 09:40:58,334.9,0
2021-05-27 09:40:59,335.05,0
2021-05-27 09:41:00,335.05,0
2021-05-27 09:41:01,335.05,0
2021-05-27 09:41:02,335.0,0
2021-05-27 09:41:03,334.95,0
2021-05-27 09:41:04,334.9,0
2021-05-27 09:41:05,335.0,0
2021-05-27 09:41:06,334.95,0
2021-05-27 09:41:09,335.0,0
2021-05-27 09:41:11,334.95,0
2021-05-27 09:41:13,334.95,0
2021-05-27 09:41:14,334.95,0
2021-05-27 09:41:15,335.0,0
2021-05-27 09:41:17,335.0,0
2021-05-27 09:41:19,335.0,0
2021-05-27 09:41:20,335.05,0
2021-05-27 09:41:21,335.05,0
2021-05-27 09:41:22,335.0,0
2021-05-27 09:41:23,335.0,0
2021-05-27 09:41:24,335.05,0
2021-05-27 09:41:25,335.05,0
2021-05-27 09:41:26,334.9,0
2021-05-27 09:41:27,334.95,0
2021-05-27 09:41:28,335.0,0
2021-05-27 09:41:29,335.05,0
2021-05-27 09:41:30,335.1,0
2021-05-27 09:41:31,335.0,0
2021-05-27 09:41:32,335.05,0
2021-05-27 09:41:34,334.95,0
2021-05-27 09:41:36,335.1,0
2021-05-27 09:41:37,335.05,0
2021-05-27 09:41:38,335.1,0
2021-05-27 09:41:39,335.05,0
2021-05-27 09:41:40,335.0,0
2021-05-27 09:41:41,335.1,0
2021-05-27 09:41:42,335.0,0
2021-05-27 09:41:43,335.0,0
2021-05-27 09:41:44,335.0,0
2021-05-27 09:41:45,335.0,0
2021-05-27 09:41:46,335.0,0
2021-05-27 09:41:47,335.0,0
2021-05-27 09:41:48,335.0,0
2021-05-27 09:41:49,334.95,0
2021-05-27 09:41:50,335.05,0
2021-05-27 09:41:53,335.0,0
2021-05-27 09:41:54,335.0,0
2021-05-27 09:41:55,335.0,0
2021-05-27 09:41:56,334.95,0
2021-05-27 09:41:57,334.95,0
2021-05-27 09:41:58,334.95,0
2021-05-27 09:41:59,334.95,0
2021-05-27 09:42:00,334.95,0
2021-05-27 09:42:02,335.0,0
2021-05-27 09:42:03,334.95,0
2021-05-27 09:42:04,334.95,0
2021-05-27 09:42:05,334.7,0
2021-05-27 09:42:06,334.75,0
2021-05-27 09:42:07,334.7,0
2021-05-27 09:42:08,334.6,0
2021-05-27 09:42:09,334.7,0
2021-05-27 09:42:11,334.55,0
2021-05-27 09:42:12,334.55,0
2021-05-27 09:42:13,334.6,0
2021-05-27 09:42:14,334.5,0
2021-05-27 09:42:15,334.55,0
2021-05-27 09:42:16,334.55,0
2021-05-27 09:42:20,334.5,0
2021-05-27 09:42:22,334.6,0
2021-05-27 09:42:23,334.55,0
2021-05-27 09:42:25,334.55,0
2021-05-27 09:42:26,334.45,0
2021-05-27 09:42:27,334.5,0
2021-05-27 09:42:28,334.45,0
2021-05-27 09:42:29,334.4,0
2021-05-27 09:42:30,334.4,0
2021-05-27 09:42:31,334.4,0
2021-05-27 09:42:32,334.5,0
2021-05-27 09:42:33,334.45,0
2021-05-27 09:42:34,334.5,0
2021-05-27 09:42:35,334.4,0
2021-05-27 09:42:36,334.4,0
2021-05-27 09:42:37,334.45,0
2021-05-27 09:42:38,334.4,0
2021-05-27 09:42:39,334.45,0
2021-05-27 09:42:40,334.4,0
2021-05-27 09:42:41,334.55,0
2021-05-27 09:42:43,334.5,0
2021-05-27 09:42:44,334.45,0
2021-05-27 09:42:45,334.55,0
2021-05-27 09:42:48,334.55,0
2021-05-27 09:42:52,334.6,0
2021-05-27 09:42:53,334.6,0
2021-05-27 09:42:54,334.55,0
2021-05-27 09:42:55,334.55,0
2021-05-27 09:42:56,334.5,0
2021-05-27 09:42:59,334.5,0
2021-05-27 09:43:00,334.55,0
2021-05-27 09:43:01,334.45,0
2021-05-27 09:43:02,334.45,0
2021-05-27 09:43:03,334.4,0
2021-05-27 09:43:04,334.5,0
2021-05-27 09:43:05,334.45,0
2021-05-27 09:43:06,334.45,0
2021-05-27 09:43:07,334.4,0
2021-05-27 09:43:08,334.45,0
2021-05-27 09:43:09,334.4,0
2021-05-27 09:43:10,334.35,0
2021-05-27 09:43:11,334.35,0
2021-05-27 09:43:13,334.3,0
2021-05-27 09:43:14,334.35,0
2021-05-27 09:43:15,334.3,0
2021-05-27 09:43:16,334.4,0
2021-05-27 09:43:17,334.45,0
2021-05-27 09:43:18,334.45,0
2021-05-27 09:43:19,334.45,0
2021-05-27 09:43:20,334.4,0
2021-05-27 09:43:21,334.4,0
2021-05-27 09:43:22,334.45,0
2021-05-27 09:43:24,334.45,0
2021-05-27 09:43:25,334.5,0
2021-05-27 09:43:26,334.5,0
2021-05-27 09:43:27,334.55,0
2021-05-27 09:43:28,334.6,0
2021-05-27 09:43:29,334.6,0
2021-05-27 09:43:31,334.55,0
2021-05-27 09:43:32,334.55,0
2021-05-27 09:43:33,334.6,0
2021-05-27 09:43:34,334.5,0
2021-05-27 09:43:35,334.6,0
2021-05-27 09:43:36,334.6,0
2021-05-27 09:43:38,334.6,0
2021-05-27 09:43:39,334.6,0
2021-05-27 09:43:40,334.55,0
2021-05-27 09:43:41,334.7,0
2021-05-27 09:43:42,334.7,0
2021-05-27 09:43:43,334.8,0
2021-05-27 09:43:44,334.85,0
2021-05-27 09:43:45,334.85,0
2021-05-27 09:43:46,334.95,0
2021-05-27 09:43:47,334.9,0
2021-05-27 09:43:48,334.85,0
2021-05-27 09:43:49,334.9,0
2021-05-27 09:43:51,335.0,0
2021-05-27 09:43:52,335.15,0
2021-05-27 09:43:53,335.15,0
2021-05-27 09:43:54,335.1,0
2021-05-27 09:43:56,335.0,0
2021-05-27 09:43:57,335.1,0
2021-05-27 09:43:59,335.05,0
2021-05-27 09:44:00,335.0,0
2021-05-27 09:44:01,335.1,0
2021-05-27 09:44:03,335.1,0
2021-05-27 09:44:04,335.05,0
2021-05-27 09:44:05,335.1,0
2021-05-27 09:44:06,334.95,0
2021-05-27 09:44:07,334.9,0
2021-05-27 09:44:09,334.9,0
2021-05-27 09:44:10,334.9,0
2021-05-27 09:44:12,334.9,0
2021-05-27 09:44:14,334.75,0
2021-05-27 09:44:15,334.75,0
2021-05-27 09:44:16,334.75,0
2021-05-27 09:44:17,334.8,0
2021-05-27 09:44:20,334.8,0
2021-05-27 09:44:21,334.8,0
2021-05-27 09:44:22,334.8,0
2021-05-27 09:44:23,334.75,0
2021-05-27 09:44:28,334.7,0
2021-05-27 09:44:29,334.75,0
2021-05-27 09:44:31,334.7,0
2021-05-27 09:44:32,334.65,0
2021-05-27 09:44:33,334.6,0
2021-05-27 09:44:34,334.55,0
2021-05-27 09:44:36,334.5,0
2021-05-27 09:44:37,334.45,0
2021-05-27 09:44:38,334.5,0
2021-05-27 09:44:40,334.45,0
2021-05-27 09:44:41,334.45,0
2021-05-27 09:44:43,334.4,0
2021-05-27 09:44:44,334.35,0
2021-05-27 09:44:45,334.4,0
2021-05-27 09:44:46,334.35,0
2021-05-27 09:44:47,334.3,0
2021-05-27 09:44:49,334.3,0
2021-05-27 09:44:51,334.3,0
2021-05-27 09:44:52,334.3,0
2021-05-27 09:44:53,334.3,0
2021-05-27 09:44:54,334.3,0
2021-05-27 09:44:55,334.4,0
2021-05-27 09:44:56,334.35,0
2021-05-27 09:44:57,334.3,0
2021-05-27 09:44:58,334.3,0
2021-05-27 09:44:59,334.25,0
2021-05-27 09:45:00,334.25,0
2021-05-27 09:45:01,334.25,0
2021-05-27 09:45:02,334.2,0
2021-05-27 09:45:06,334.2,0
2021-05-27 09:45:08,334.15,0
2021-05-27 09:45:09,334.2,0
2021-05-27 09:45:10,334.15,0
2021-05-27 09:45:17,334.25,0
2021-05-27 09:45:18,334.2,0
2021-05-27 09:45:19,334.45,0
2021-05-27 09:45:20,334.45,0
2021-05-27 09:45:21,334.45,0
2021-05-27 09:45:22,334.45,0
2021-05-27 09:45:23,334.5,0
2021-05-27 09:45:24,334.45,0
2021-05-27 09:45:25,334.45,0
2021-05-27 09:45:26,334.3,0
2021-05-27 09:45:27,334.35,0
2021-05-27 09:45:28,334.35,0
2021-05-27 09:45:31,334.45,0
2021-05-27 09:45:32,334.35,0
2021-05-27 09:45:33,334.3,0
2021-05-27 09:45:34,334.35,0
2021-05-27 09:45:35,334.4,0
2021-05-27 09:45:36,334.4,0
2021-05-27 09:45:37,334.4,0
2021-05-27 09:45:38,334.4,0
2021-05-27 09:45:39,334.5,0
2021-05-27 09:45:40,334.45,0
2021-05-27 09:45:41,334.45,0
2021-05-27 09:45:43,334.4,0
2021-05-27 09:45:45,334.5,0
2021-05-27 09:45:46,334.55,0
2021-05-27 09:45:47,334.65,0
2021-05-27 09:45:48,334.65,0
2021-05-27 09:45:51,334.7,0
2021-05-27 09:45:52,334.7,0
2021-05-27 09:45:53,334.7,0
2021-05-27 09:45:54,334.75,0
2021-05-27 09:45:55,334.75,0
2021-05-27 09:45:56,334.7,0
2021-05-27 09:45:57,334.7,0
2021-05-27 09:45:58,334.7,0
2021-05-27 09:46:03,334.7,0
2021-05-27 09:46:04,334.5,0
2021-05-27 09:46:05,334.65,0
2021-05-27 09:46:06,334.6,0
2021-05-27 09:46:07,334.55,0
2021-05-27 09:46:08,334.55,0
2021-05-27 09:46:09,334.55,0
2021-05-27 09:46:10,334.5,0
2021-05-27 09:46:11,334.5,0
2021-05-27 09:46:13,334.45,0
2021-05-27 09:46:14,334.5,0
2021-05-27 09:46:15,334.5,0
2021-05-27 09:46:16,334.5,0
2021-05-27 09:46:17,334.5,0
2021-05-27 09:46:18,334.5,0
2021-05-27 09:46:19,334.5,0
2021-05-27 09:46:20,334.4,0
2021-05-27 09:46:22,334.45,0
2021-05-27 09:46:23,334.45,0
2021-05-27 09:46:24,334.45,0
2021-05-27 09:46:25,334.5,0
2021-05-27 09:46:27,334.5,0
2021-05-27 09:46:28,334.5,0
2021-05-27 09:46:29,334.6,0
2021-05-27 09:46:30,334.55,0
2021-05-27 09:46:31,334.6,0
2021-05-27 09:46:32,334.6,0
2021-05-27 09:46:33,334.5,0
2021-05-27 09:46:34,334.55,0
2021-05-27 09:46:35,334.55,0
2021-05-27 09:46:36,334.55,0
2021-05-27 09:46:37,334.6,0
2021-05-27 09:46:38,334.6,0
2021-05-27 09:46:39,334.7,0
2021-05-27 09:46:40,334.65,0
2021-05-27 09:46:41,334.6,0
2021-05-27 09:46:42,334.6,0
2021-05-27 09:46:44,334.6,0
2021-05-27 09:46:45,334.6,0
2021-05-27 09:46:46,334.6,0
2021-05-27 09:46:48,334.55,0
2021-05-27 09:46:50,334.6,0
2021-05-27 09:46:52,334.5,0
2021-05-27 09:46:53,334.45,0
2021-05-27 09:46:54,334.45,0
2021-05-27 09:46:57,334.35,0
2021-05-27 09:47:00,334.55,0
2021-05-27 09:47:01,334.5,0
2021-05-27 09:47:02,334.5,0
2021-05-27 09:47:04,334.4,0
2021-05-27 09:47:05,334.4,0
2021-05-27 09:47:06,334.45,0
2021-05-27 09:47:08,334.35,0
2021-05-27 09:47:09,334.45,0
2021-05-27 09:47:10,334.45,0
2021-05-27 09:47:13,334.45,0
2021-05-27 09:47:14,334.45,0
2021-05-27 09:47:17,334.4,0
2021-05-27 09:47:18,334.4,0
2021-05-27 09:47:21,334.45,0
2021-05-27 09:47:23,334.5,0
2021-05-27 09:47:24,334.45,0
2021-05-27 09:47:25,334.45,0
2021-05-27 09:47:26,334.45,0
2021-05-27 09:47:27,334.45,0
2021-05-27 09:47:28,334.45,0
2021-05-27 09:47:31,334.45,0
2021-05-27 09:47:32,334.45,0
2021-05-27 09:47:33,334.4,0
2021-05-27 09:47:34,334.45,0
2021-05-27 09:47:35,334.5,0
2021-05-27 09:47:36,334.55,0
2021-05-27 09:47:38,334.55,0
2021-05-27 09:47:39,334.55,0
2021-05-27 09:47:40,334.55,0
2021-05-27 09:47:41,334.5,0
2021-05-27 09:47:42,334.5,0
2021-05-27 09:47:43,334.45,0
2021-05-27 09:47:46,334.4,0
2021-05-27 09:47:47,334.4,0
2021-05-27 09:47:48,334.35,0
2021-05-27 09:47:49,334.35,0
2021-05-27 09:47:50,334.4,0
2021-05-27 09:47:52,334.4,0
2021-05-27 09:47:53,334.45,0
2021-05-27 09:47:54,334.45,0
2021-05-27 09:47:56,334.35,0
2021-05-27 09:47:57,334.4,0
2021-05-27 09:47:58,334.45,0
2021-05-27 09:47:59,334.35,0
2021-05-27 09:48:00,334.4,0
2021-05-27 09:48:01,334.4,0
2021-05-27 09:48:03,334.35,0
2021-05-27 09:48:04,334.4,0
2021-05-27 09:48:06,334.4,0
2021-05-27 09:48:07,334.4,0
2021-05-27 09:48:08,334.4,0
2021-05-27 09:48:09,334.4,0
2021-05-27 09:48:10,334.45,0
2021-05-27 09:48:11,334.4,0
2021-05-27 09:48:12,334.45,0
2021-05-27 09:48:15,334.45,0
2021-05-27 09:48:16,334.45,0
2021-05-27 09:48:17,334.45,0
2021-05-27 09:48:18,334.45,0
2021-05-27 09:48:19,334.5,0
2021-05-27 09:48:20,334.5,0
2021-05-27 09:48:22,334.5,0
2021-05-27 09:48:23,334.45,0
2021-05-27 09:48:24,334.4,0
2021-05-27 09:48:26,334.45,0
2021-05-27 09:48:27,334.5,0
2021-05-27 09:48:28,334.5,0
2021-05-27 09:48:29,334.5,0
2021-05-27 09:48:30,334.55,0
2021-05-27 09:48:31,334.55,0
2021-05-27 09:48:32,334.45,0
2021-05-27 09:48:33,334.45,0
2021-05-27 09:48:35,334.5,0
2021-05-27 09:48:36,334.5,0
2021-05-27 09:48:38,334.45,0
2021-05-27 09:48:39,334.5,0
2021-05-27 09:48:40,334.55,0
2021-05-27 09:48:41,334.6,0
2021-05-27 09:48:42,334.7,0
2021-05-27 09:48:44,334.8,0
2021-05-27 09:48:45,334.7,0
2021-05-27 09:48:46,334.65,0
2021-05-27 09:48:47,334.6,0
2021-05-27 09:48:48,334.6,0
2021-05-27 09:48:49,334.7,0
2021-05-27 09:48:50,334.7,0
2021-05-27 09:48:52,334.7,0
2021-05-27 09:48:53,334.65,0
2021-05-27 09:48:54,334.65,0
2021-05-27 09:48:56,334.65,0
2021-05-27 09:48:57,334.65,0
2021-05-27 09:48:58,334.65,0
2021-05-27 09:48:59,334.7,0
2021-05-27 09:49:04,334.8,0
2021-05-27 09:49:06,334.8,0
2021-05-27 09:49:08,334.75,0
2021-05-27 09:49:09,334.8,0
2021-05-27 09:49:11,334.8,0
2021-05-27 09:49:13,334.8,0
2021-05-27 09:49:15,334.75,0
2021-05-27 09:49:16,334.8,0
2021-05-27 09:49:17,334.85,0
2021-05-27 09:49:18,334.8,0
2021-05-27 09:49:19,334.85,0
2021-05-27 09:49:20,334.85,0
2021-05-27 09:49:21,334.75,0
2021-05-27 09:49:22,334.8,0
2021-05-27 09:49:23,334.75,0
2021-05-27 09:49:28,334.6,0
2021-05-27 09:49:29,334.6,0
2021-05-27 09:49:31,334.65,0
2021-05-27 09:49:32,334.65,0
2021-05-27 09:49:33,334.65,0
2021-05-27 09:49:34,334.65,0
2021-05-27 09:49:35,334.65,0
2021-05-27 09:49:36,334.7,0
2021-05-27 09:49:37,334.65,0
2021-05-27 09:49:38,334.85,0
2021-05-27 09:49:39,334.85,0
2021-05-27 09:49:40,334.8,0
2021-05-27 09:49:41,334.65,0
2021-05-27 09:49:42,334.7,0
2021-05-27 09:49:43,334.7,0
2021-05-27 09:49:45,334.75,0
2021-05-27 09:49:46,334.7,0
2021-05-27 09:49:47,334.65,0
2021-05-27 09:49:48,334.7,0
2021-05-27 09:49:49,334.75,0
2021-05-27 09:49:50,334.75,0
2021-05-27 09:49:53,334.8,0
2021-05-27 09:49:54,334.7,0
2021-05-27 09:49:55,334.75,0
2021-05-27 09:49:56,334.7,0
2021-05-27 09:49:57,334.8,0
2021-05-27 09:49:58,334.85,0
2021-05-27 09:49:59,334.85,0
2021-05-27 09:50:00,334.8,0
2021-05-27 09:50:01,334.75,0
2021-05-27 09:50:02,334.75,0
2021-05-27 09:50:03,334.75,0
2021-05-27 09:50:04,334.7,0
2021-05-27 09:50:05,334.8,0
2021-05-27 09:50:06,334.7,0
2021-05-27 09:50:07,334.8,0
2021-05-27 09:50:08,334.8,0
2021-05-27 09:50:10,334.85,0
2021-05-27 09:50:11,334.75,0
2021-05-27 09:50:12,334.8,0
2021-05-27 09:50:13,334.8,0
2021-05-27 09:50:15,334.8,0
2021-05-27 09:50:16,334.75,0
2021-05-27 09:50:17,334.8,0
2021-05-27 09:50:18,334.75,0
2021-05-27 09:50:19,334.75,0
2021-05-27 09:50:20,334.75,0
2021-05-27 09:50:21,334.75,0
2021-05-27 09:50:22,334.7,0
2021-05-27 09:50:23,334.75,0
2021-05-27 09:50:24,334.7,0
2021-05-27 09:50:25,334.7,0
2021-05-27 09:50:26,334.65,0
2021-05-27 09:50:27,334.65,0
2021-05-27 09:50:28,334.65,0
2021-05-27 09:50:29,334.6,0
2021-05-27 09:50:30,334.55,0
2021-05-27 09:50:32,334.55,0
2021-05-27 09:50:33,334.55,0
2021-05-27 09:50:34,334.6,0
2021-05-27 09:50:35,334.65,0
2021-05-27 09:50:37,334.7,0
2021-05-27 09:50:38,334.7,0
2021-05-27 09:50:39,334.75,0
2021-05-27 09:50:41,334.7,0
2021-05-27 09:50:42,334.7,0
2021-05-27 09:50:43,334.7,0
2021-05-27 09:50:44,334.65,0
2021-05-27 09:50:45,334.65,0
2021-05-27 09:50:46,334.65,0
2021-05-27 09:50:47,334.65,0
2021-05-27 09:50:48,334.6,0
2021-05-27 09:50:49,334.6,0
2021-05-27 09:50:50,334.6,0
2021-05-27 09:50:51,334.65,0
2021-05-27 09:50:52,334.6,0
2021-05-27 09:50:53,334.6,0
2021-05-27 09:50:54,334.6,0
2021-05-27 09:50:55,334.6,0
2021-05-27 09:50:56,334.6,0
2021-05-27 09:50:57,334.6,0
2021-05-27 09:50:58,334.6,0
2021-05-27 09:50:59,334.6,0
2021-05-27 09:51:01,334.55,0
2021-05-27 09:51:02,334.5,0
2021-05-27 09:51:03,334.55,0
2021-05-27 09:51:04,334.55,0
2021-05-27 09:51:05,334.6,0
2021-05-27 09:51:06,334.55,0
2021-05-27 09:51:07,334.55,0
2021-05-27 09:51:08,334.5,0
2021-05-27 09:51:10,334.55,0
2021-05-27 09:51:11,334.55,0
2021-05-27 09:51:12,334.55,0
2021-05-27 09:51:13,334.55,0
2021-05-27 09:51:15,334.55,0
2021-05-27 09:51:16,334.5,0
2021-05-27 09:51:18,334.5,0
2021-05-27 09:51:19,334.5,0
2021-05-27 09:51:22,334.45,0
2021-05-27 09:51:23,334.55,0
2021-05-27 09:51:24,334.5,0
2021-05-27 09:51:26,334.55,0
2021-05-27 09:51:27,334.45,0
2021-05-27 09:51:28,334.45,0
2021-05-27 09:51:29,334.4,0
2021-05-27 09:51:30,334.45,0
2021-05-27 09:51:33,334.45,0
2021-05-27 09:51:34,334.45,0
2021-05-27 09:51:35,334.5,0
2021-05-27 09:51:36,334.55,0
2021-05-27 09:51:37,334.5,0
2021-05-27 09:51:38,334.55,0
2021-05-27 09:51:39,334.55,0
2021-05-27 09:51:40,334.6,0
2021-05-27 09:51:42,334.5,0
2021-05-27 09:51:43,334.55,0
2021-05-27 09:51:44,334.6,0
2021-05-27 09:51:46,334.6,0
2021-05-27 09:51:47,334.6,0
2021-05-27 09:51:48,334.6,0
2021-05-27 09:51:49,334.6,0
2021-05-27 09:51:50,334.6,0
2021-05-27 09:51:51,334.6,0
2021-05-27 09:51:52,334.55,0
2021-05-27 09:51:53,334.65,0
2021-05-27 09:51:54,334.7,0
2021-05-27 09:51:55,334.65,0
2021-05-27 09:51:56,334.7,0
2021-05-27 09:51:57,334.75,0
2021-05-27 09:51:58,334.75,0
2021-05-27 09:52:00,334.75,0
2021-05-27 09:52:05,334.7,0
2021-05-27 09:52:06,334.7,0
2021-05-27 09:52:07,334.7,0
2021-05-27 09:52:08,334.65,0
2021-05-27 09:52:09,334.65,0
2021-05-27 09:52:10,334.7,0
2021-05-27 09:52:12,334.65,0
2021-05-27 09:52:13,334.65,0
2021-05-27 09:52:14,334.65,0
2021-05-27 09:52:15,334.65,0
2021-05-27 09:52:16,334.6,0
2021-05-27 09:52:17,334.6,0
2021-05-27 09:52:18,334.6,0
2021-05-27 09:52:19,334.6,0
2021-05-27 09:52:20,334.6,0
2021-05-27 09:52:22,334.6,0
2021-05-27 09:52:23,334.6,0
2021-05-27 09:52:24,334.55,0
2021-05-27 09:52:25,334.55,0
2021-05-27 09:52:26,334.55,0
2021-05-27 09:52:27,334.5,0
2021-05-27 09:52:28,334.5,0
2021-05-27 09:52:29,334.55,0
2021-05-27 09:52:30,334.55,0
2021-05-27 09:52:31,334.55,0
2021-05-27 09:52:33,334.5,0
2021-05-27 09:52:35,334.55,0
2021-05-27 09:52:36,334.6,0
2021-05-27 09:52:38,334.55,0
2021-05-27 09:52:39,334.55,0
2021-05-27 09:52:40,334.65,0
2021-05-27 09:52:41,334.65,0
2021-05-27 09:52:42,334.55,0
2021-05-27 09:52:43,334.6,0
2021-05-27 09:52:44,334.6,0
2021-05-27 09:52:45,334.6,0
2021-05-27 09:52:46,334.55,0
2021-05-27 09:52:47,334.55,0
2021-05-27 09:52:48,334.65,0
2021-05-27 09:52:49,334.65,0
2021-05-27 09:52:50,334.6,0
2021-05-27 09:52:51,334.6,0
2021-05-27 09:52:52,334.55,0
2021-05-27 09:52:53,334.6,0
2021-05-27 09:52:55,334.6,0
2021-05-27 09:52:56,334.55,0
2021-05-27 09:52:57,334.5,0
2021-05-27 09:52:58,334.5,0
2021-05-27 09:53:00,334.5,0
2021-05-27 09:53:01,334.5,0
2021-05-27 09:53:02,334.5,0
2021-05-27 09:53:03,334.5,0
2021-05-27 09:53:05,334.5,0
2021-05-27 09:53:07,334.5,0
2021-05-27 09:53:09,334.5,0
2021-05-27 09:53:10,334.45,0
2021-05-27 09:53:11,334.45,0
2021-05-27 09:53:12,334.5,0
2021-05-27 09:53:13,334.5,0
2021-05-27 09:53:14,334.5,0
2021-05-27 09:53:15,334.5,0
2021-05-27 09:53:16,334.45,0
2021-05-27 09:53:17,334.45,0
2021-05-27 09:53:18,334.45,0
2021-05-27 09:53:19,334.5,0
2021-05-27 09:53:22,334.5,0
2021-05-27 09:53:24,334.5,0
2021-05-27 09:53:26,334.45,0
2021-05-27 09:53:28,334.5,0
2021-05-27 09:53:29,334.5,0
2021-05-27 09:53:30,334.5,0
2021-05-27 09:53:32,334.5,0
2021-05-27 09:53:33,334.55,0
2021-05-27 09:53:35,334.5,0
2021-05-27 09:53:36,334.45,0
2021-05-27 09:53:38,334.45,0
2021-05-27 09:53:39,334.4,0
2021-05-27 09:53:41,334.4,0
2021-05-27 09:53:42,334.4,0
2021-05-27 09:53:44,334.35,0
2021-05-27 09:53:46,334.4,0
2021-05-27 09:53:48,334.45,0
2021-05-27 09:53:50,334.45,0
2021-05-27 09:53:52,334.4,0
2021-05-27 09:53:54,334.45,0
2021-05-27 09:53:57,334.4,0
2021-05-27 09:53:58,334.4,0
2021-05-27 09:54:00,334.4,0
2021-05-27 09:54:01,334.4,0
2021-05-27 09:54:02,334.4,0
2021-05-27 09:54:05,334.35,0
2021-05-27 09:54:06,334.35,0
2021-05-27 09:54:08,334.4,0
2021-05-27 09:54:09,334.35,0
2021-05-27 09:54:10,334.3,0
2021-05-27 09:54:11,334.35,0
2021-05-27 09:54:13,334.3,0
2021-05-27 09:54:14,334.35,0
2021-05-27 09:54:15,334.35,0
2021-05-27 09:54:16,334.35,0
2021-05-27 09:54:17,334.3,0
2021-05-27 09:54:18,334.35,0
2021-05-27 09:54:20,334.35,0
2021-05-27 09:54:21,334.3,0
2021-05-27 09:54:22,334.3,0
2021-05-27 09:54:23,334.3,0
2021-05-27 09:54:25,334.3,0
2021-05-27 09:54:26,334.3,0
2021-05-27 09:54:27,334.35,0
2021-05-27 09:54:28,334.35,0
2021-05-27 09:54:29,334.4,0
2021-05-27 09:54:30,334.35,0
2021-05-27 09:54:31,334.35,0
2021-05-27 09:54:32,334.35,0
2021-05-27 09:54:33,334.35,0
2021-05-27 09:54:34,334.35,0
2021-05-27 09:54:35,334.35,0
2021-05-27 09:54:36,334.4,0
2021-05-27 09:54:38,334.35,0
2021-05-27 09:54:39,334.35,0
2021-05-27 09:54:41,334.35,0
2021-05-27 09:54:43,334.3,0
2021-05-27 09:54:44,334.3,0
2021-05-27 09:54:45,334.35,0
2021-05-27 09:54:46,334.3,0
2021-05-27 09:54:47,334.3,0
2021-05-27 09:54:48,334.3,0
2021-05-27 09:54:49,334.3,0
2021-05-27 09:54:50,334.3,0
2021-05-27 09:54:52,334.3,0
2021-05-27 09:54:53,334.3,0
2021-05-27 09:54:55,334.35,0
2021-05-27 09:54:56,334.35,0
2021-05-27 09:54:57,334.35,0
2021-05-27 09:54:58,334.3,0
2021-05-27 09:55:01,334.35,0
2021-05-27 09:55:02,334.35,0
2021-05-27 09:55:03,334.35,0
2021-05-27 09:55:04,334.35,0
2021-05-27 09:55:05,334.35,0
2021-05-27 09:55:06,334.4,0
2021-05-27 09:55:07,334.35,0
2021-05-27 09:55:08,334.35,0
2021-05-27 09:55:09,334.4,0
2021-05-27 09:55:10,334.4,0
2021-05-27 09:55:11,334.4,0
2021-05-27 09:55:12,334.4,0
2021-05-27 09:55:13,334.4,0
2021-05-27 09:55:14,334.4,0
2021-05-27 09:55:15,334.4,0
2021-05-27 09:55:16,334.4,0
2021-05-27 09:55:17,334.4,0
2021-05-27 09:55:18,334.45,0
2021-05-27 09:55:19,334.45,0
2021-05-27 09:55:20,334.45,0
2021-05-27 09:55:21,334.4,0
2021-05-27 09:55:22,334.4,0
2021-05-27 09:55:23,334.4,0
2021-05-27 09:55:24,334.3,0
2021-05-27 09:55:25,334.35,0
2021-05-27 09:55:26,334.35,0
2021-05-27 09:55:27,334.35,0
2021-05-27 09:55:28,334.35,0
2021-05-27 09:55:29,334.35,0
2021-05-27 09:55:31,334.3,0
2021-05-27 09:55:32,334.4,0
2021-05-27 09:55:33,334.4,0
2021-05-27 09:55:34,334.4,0
2021-05-27 09:55:36,334.35,0
2021-05-27 09:55:37,334.4,0
2021-05-27 09:55:40,334.4,0
2021-05-27 09:55:41,334.35,0
2021-05-27 09:55:42,334.35,0
2021-05-27 09:55:43,334.35,0
2021-05-27 09:55:44,334.35,0
2021-05-27 09:55:45,334.35,0
2021-05-27 09:55:46,334.35,0
2021-05-27 09:55:47,334.4,0
2021-05-27 09:55:49,334.4,0
2021-05-27 09:55:50,334.4,0
2021-05-27 09:55:51,334.35,0
2021-05-27 09:55:52,334.35,0
2021-05-27 09:55:53,334.3,0
2021-05-27 09:55:55,334.25,0
2021-05-27 09:55:56,334.25,0
2021-05-27 09:55:57,334.25,0
2021-05-27 09:55:58,334.35,0
2021-05-27 09:55:59,334.4,0
2021-05-27 09:56:00,334.45,0
2021-05-27 09:56:01,334.45,0
2021-05-27 09:56:02,334.45,0
2021-05-27 09:56:03,334.45,0
2021-05-27 09:56:04,334.45,0
2021-05-27 09:56:06,334.45,0
2021-05-27 09:56:07,334.45,0
2021-05-27 09:56:08,334.35,0
2021-05-27 09:56:10,334.4,0
2021-05-27 09:56:11,334.4,0
2021-05-27 09:56:12,334.4,0
2021-05-27 09:56:14,334.45,0
2021-05-27 09:56:15,334.4,0
2021-05-27 09:56:16,334.4,0
2021-05-27 09:56:17,334.45,0
2021-05-27 09:56:19,334.4,0
2021-05-27 09:56:20,334.4,0
2021-05-27 09:56:21,334.45,0
2021-05-27 09:56:22,334.55,0
2021-05-27 09:56:23,334.5,0
2021-05-27 09:56:24,334.55,0
2021-05-27 09:56:25,334.45,0
2021-05-27 09:56:26,334.5,0
2021-05-27 09:56:27,334.55,0
2021-05-27 09:56:28,334.55,0
2021-05-27 09:56:29,334.55,0
2021-05-27 09:56:30,334.55,0
2021-05-27 09:56:31,334.55,0
2021-05-27 09:56:32,334.55,0
2021-05-27 09:56:33,334.55,0
2021-05-27 09:56:34,334.55,0
2021-05-27 09:56:35,334.6,0
2021-05-27 09:56:36,334.6,0
2021-05-27 09:56:37,334.65,0
2021-05-27 09:56:38,334.6,0
2021-05-27 09:56:39,334.6,0
2021-05-27 09:56:40,334.6,0
2021-05-27 09:56:41,334.65,0
2021-05-27 09:56:42,334.6,0
2021-05-27 09:56:43,334.55,0
2021-05-27 09:56:44,334.65,0
2021-05-27 09:56:45,334.65,0
2021-05-27 09:56:48,334.55,0
2021-05-27 09:56:49,334.6,0
2021-05-27 09:56:50,334.6,0
2021-05-27 09:56:51,334.7,0
2021-05-27 09:56:52,334.65,0
2021-05-27 09:56:54,334.7,0
2021-05-27 09:56:55,334.6,0
2021-05-27 09:56:56,334.65,0
2021-05-27 09:56:57,334.65,0
2021-05-27 09:56:58,334.7,0
2021-05-27 09:56:59,334.7,0
2021-05-27 09:57:01,334.65,0
2021-05-27 09:57:02,334.65,0
2021-05-27 09:57:03,334.65,0
2021-05-27 09:57:05,334.75,0
2021-05-27 09:57:06,334.6,0
2021-05-27 09:57:07,334.6,0
2021-05-27 09:57:08,334.65,0
2021-05-27 09:57:09,334.65,0
2021-05-27 09:57:10,334.65,0
2021-05-27 09:57:11,334.6,0
2021-05-27 09:57:12,334.6,0
2021-05-27 09:57:13,334.6,0
2021-05-27 09:57:14,334.65,0
2021-05-27 09:57:16,334.7,0
2021-05-27 09:57:17,334.65,0
2021-05-27 09:57:18,334.75,0
2021-05-27 09:57:19,334.7,0
2021-05-27 09:57:20,334.75,0
2021-05-27 09:57:21,334.75,0
2021-05-27 09:57:22,334.65,0
2021-05-27 09:57:23,334.65,0
2021-05-27 09:57:24,334.6,0
2021-05-27 09:57:25,334.65,0
2021-05-27 09:57:26,334.65,0
2021-05-27 09:57:27,334.6,0
2021-05-27 09:57:28,334.6,0
2021-05-27 09:57:29,334.7,0
2021-05-27 09:57:30,334.7,0
2021-05-27 09:57:31,334.75,0
2021-05-27 09:57:32,334.75,0
2021-05-27 09:57:33,334.75,0
2021-05-27 09:57:35,334.7,0
2021-05-27 09:57:36,334.6,0
2021-05-27 09:57:37,334.65,0
2021-05-27 09:57:38,334.65,0
2021-05-27 09:57:39,334.6,0
2021-05-27 09:57:40,334.6,0
2021-05-27 09:57:42,334.65,0
2021-05-27 09:57:43,334.65,0
2021-05-27 09:57:44,334.7,0
2021-05-27 09:57:46,334.65,0
2021-05-27 09:57:47,334.65,0
2021-05-27 09:57:48,334.65,0
2021-05-27 09:57:49,334.65,0
2021-05-27 09:57:51,334.65,0
2021-05-27 09:57:52,334.75,0
2021-05-27 09:57:53,334.7,0
2021-05-27 09:57:54,334.7,0
2021-05-27 09:57:55,334.7,0
2021-05-27 09:57:57,334.7,0
2021-05-27 09:57:59,334.7,0
2021-05-27 09:58:00,334.65,0
2021-05-27 09:58:01,334.65,0
2021-05-27 09:58:03,334.7,0
2021-05-27 09:58:04,334.7,0
2021-05-27 09:58:05,334.7,0
2021-05-27 09:58:06,334.75,0
2021-05-27 09:58:07,334.75,0
2021-05-27 09:58:08,334.75,0
2021-05-27 09:58:09,334.75,0
2021-05-27 09:58:12,334.7,0
2021-05-27 09:58:14,334.75,0
2021-05-27 09:58:17,334.75,0
2021-05-27 09:58:18,334.7,0
2021-05-27 09:58:19,334.7,0
2021-05-27 09:58:20,334.7,0
2021-05-27 09:58:23,334.7,0
2021-05-27 09:58:24,334.65,0
2021-05-27 09:58:25,334.7,0
2021-05-27 09:58:26,334.75,0
2021-05-27 09:58:28,334.75,0
2021-05-27 09:58:29,334.75,0
2021-05-27 09:58:30,334.75,0
2021-05-27 09:58:31,334.75,0
2021-05-27 09:58:32,334.75,0
2021-05-27 09:58:33,334.75,0
2021-05-27 09:58:34,334.75,0
2021-05-27 09:58:35,334.75,0
2021-05-27 09:58:36,334.7,0
2021-05-27 09:58:38,334.7,0
2021-05-27 09:58:39,334.7,0
2021-05-27 09:58:40,334.7,0
2021-05-27 09:58:42,334.65,0
2021-05-27 09:58:43,334.7,0
2021-05-27 09:58:44,334.7,0
2021-05-27 09:58:45,334.65,0
2021-05-27 09:58:46,334.65,0
2021-05-27 09:58:47,334.6,0
2021-05-27 09:58:48,334.65,0
2021-05-27 09:58:49,334.7,0
2021-05-27 09:58:50,334.7,0
2021-05-27 09:58:52,334.7,0
2021-05-27 09:58:54,334.65,0
2021-05-27 09:58:55,334.7,0
2021-05-27 09:58:56,334.6,0
2021-05-27 09:58:57,334.6,0
2021-05-27 09:58:58,334.55,0
2021-05-27 09:58:59,334.5,0
2021-05-27 09:59:00,334.55,0
2021-05-27 09:59:02,334.55,0
2021-05-27 09:59:03,334.55,0
2021-05-27 09:59:04,334.5,0
2021-05-27 09:59:05,334.5,0
2021-05-27 09:59:06,334.5,0
2021-05-27 09:59:07,334.55,0
2021-05-27 09:59:08,334.5,0
2021-05-27 09:59:09,334.55,0
2021-05-27 09:59:10,334.55,0
2021-05-27 09:59:11,334.55,0
2021-05-27 09:59:12,334.55,0
2021-05-27 09:59:14,334.5,0
2021-05-27 09:59:17,334.55,0
2021-05-27 09:59:18,334.55,0
2021-05-27 09:59:20,334.55,0
2021-05-27 09:59:21,334.55,0
2021-05-27 09:59:22,334.5,0
2021-05-27 09:59:23,334.5,0
2021-05-27 09:59:24,334.5,0
2021-05-27 09:59:26,334.55,0
2021-05-27 09:59:27,334.5,0
2021-05-27 09:59:28,334.5,0
2021-05-27 09:59:29,334.55,0
2021-05-27 09:59:30,334.55,0
2021-05-27 09:59:32,334.5,0
2021-05-27 09:59:33,334.45,0
2021-05-27 09:59:34,334.5,0
2021-05-27 09:59:35,334.5,0
2021-05-27 09:59:36,334.45,0
2021-05-27 09:59:38,334.45,0
2021-05-27 09:59:39,334.5,0
2021-05-27 09:59:40,334.5,0
2021-05-27 09:59:41,334.5,0
2021-05-27 09:59:42,334.5,0
2021-05-27 09:59:43,334.55,0
2021-05-27 09:59:44,334.5,0
2021-05-27 09:59:45,334.5,0
2021-05-27 09:59:46,334.55,0
2021-05-27 09:59:47,334.5,0
2021-05-27 09:59:48,334.5,0
2021-05-27 09:59:50,334.5,0
2021-05-27 09:59:52,334.45,0
2021-05-27 09:59:53,334.5,0
2021-05-27 09:59:54,334.5,0
2021-05-27 09:59:55,334.5,0
2021-05-27 09:59:56,334.5,0
2021-05-27 09:59:57,334.55,0
2021-05-27 09:59:58,334.5,0
2021-05-27 09:59:59,334.5,0
2021-05-27 10:00:00,334.45,0
2021-05-27 10:00:01,334.45,0
2021-05-27 10:00:02,334.55,0
2021-05-27 10:00:03,334.5,0
2021-05-27 10:00:04,334.45,0
2021-05-27 10:00:05,334.45,0
2021-05-27 10:00:06,334.55,0
2021-05-27 10:00:07,334.55,0
2021-05-27 10:00:08,334.5,0
2021-05-27 10:00:09,334.45,0
2021-05-27 10:00:10,334.45,0
2021-05-27 10:00:11,334.45,0
2021-05-27 10:00:12,334.45,0
2021-05-27 10:00:15,334.45,0
2021-05-27 10:00:16,334.45,0
2021-05-27 10:00:17,334.5,0
2021-05-27 10:00:18,334.45,0
2021-05-27 10:00:20,334.5,0
2021-05-27 10:00:21,334.5,0
2021-05-27 10:00:22,334.5,0
2021-05-27 10:00:24,334.6,0
2021-05-27 10:00:25,334.6,0
2021-05-27 10:00:27,334.65,0
2021-05-27 10:00:29,334.65,0
2021-05-27 10:00:30,334.7,0
2021-05-27 10:00:31,334.7,0
2021-05-27 10:00:32,334.65,0
2021-05-27 10:00:33,334.65,0
2021-05-27 10:00:34,334.55,0
2021-05-27 10:00:35,334.55,0
2021-05-27 10:00:36,334.5,0
2021-05-27 10:00:37,334.55,0
2021-05-27 10:00:38,334.5,0
2021-05-27 10:00:39,334.5,0
2021-05-27 10:00:41,334.55,0
2021-05-27 10:00:42,334.5,0
2021-05-27 10:00:43,334.5,0
2021-05-27 10:00:44,334.5,0
2021-05-27 10:00:45,334.5,0
2021-05-27 10:00:46,334.5,0
2021-05-27 10:00:47,334.55,0
2021-05-27 10:00:48,334.55,0
2021-05-27 10:00:49,334.5,0
2021-05-27 10:00:50,334.5,0
2021-05-27 10:00:51,334.5,0
2021-05-27 10:00:53,334.45,0
2021-05-27 10:00:54,334.45,0
2021-05-27 10:00:55,334.45,0
2021-05-27 10:00:56,334.45,0
2021-05-27 10:00:57,334.45,0
2021-05-27 10:00:58,334.45,0
2021-05-27 10:00:59,334.45,0
2021-05-27 10:01:01,334.45,0
2021-05-27 10:01:03,334.45,0
2021-05-27 10:01:05,334.45,0
2021-05-27 10:01:04,334.45,0
2021-05-27 10:01:06,334.4,0
2021-05-27 10:01:07,334.4,0
2021-05-27 10:01:08,334.4,0
2021-05-27 10:01:09,334.4,0
2021-05-27 10:01:10,334.4,0
2021-05-27 10:01:12,334.35,0
2021-05-27 10:01:13,334.45,0
2021-05-27 10:01:14,334.45,0
2021-05-27 10:01:15,334.45,0
2021-05-27 10:01:16,334.45,0
2021-05-27 10:01:17,334.45,0
2021-05-27 10:01:18,334.4,0
2021-05-27 10:01:20,334.4,0
2021-05-27 10:01:22,334.35,0
2021-05-27 10:01:23,334.35,0
2021-05-27 10:01:24,334.4,0
2021-05-27 10:01:25,334.4,0
2021-05-27 10:01:26,334.4,0
2021-05-27 10:01:27,334.35,0
2021-05-27 10:01:28,334.4,0
2021-05-27 10:01:29,334.4,0
2021-05-27 10:01:32,334.4,0
2021-05-27 10:01:34,334.4,0
2021-05-27 10:01:37,334.3,0
2021-05-27 10:01:39,334.3,0
2021-05-27 10:01:43,334.4,0
2021-05-27 10:01:44,334.4,0
2021-05-27 10:01:45,334.4,0
2021-05-27 10:01:47,334.4,0
2021-05-27 10:01:48,334.4,0
2021-05-27 10:01:49,334.4,0
2021-05-27 10:01:50,334.35,0
2021-05-27 10:01:51,334.4,0
2021-05-27 10:01:52,334.4,0
2021-05-27 10:01:53,334.45,0
2021-05-27 10:01:54,334.4,0
2021-05-27 10:01:55,334.35,0
2021-05-27 10:01:56,334.35,0
2021-05-27 10:01:58,334.4,0
2021-05-27 10:01:59,334.4,0
2021-05-27 10:02:00,334.35,0
2021-05-27 10:02:01,334.4,0
2021-05-27 10:02:02,334.4,0
2021-05-27 10:02:03,334.35,0
2021-05-27 10:02:04,334.35,0
2021-05-27 10:02:05,334.35,0
2021-05-27 10:02:06,334.3,0
2021-05-27 10:02:07,334.35,0
2021-05-27 10:02:08,334.35,0
2021-05-27 10:02:09,334.35,0
2021-05-27 10:02:12,334.3,0
2021-05-27 10:02:14,334.3,0
2021-05-27 10:02:15,334.3,0
2021-05-27 10:02:16,334.3,0
2021-05-27 10:02:17,334.35,0
2021-05-27 10:02:18,334.25,0
2021-05-27 10:02:19,334.25,0
2021-05-27 10:02:21,334.25,0
2021-05-27 10:02:22,334.25,0
2021-05-27 10:02:25,334.2,0
2021-05-27 10:02:26,334.2,0
2021-05-27 10:02:27,334.2,0
2021-05-27 10:02:28,334.25,0
2021-05-27 10:02:29,334.2,0
2021-05-27 10:02:33,334.25,0
2021-05-27 10:02:35,334.25,0
2021-05-27 10:02:36,334.25,0
2021-05-27 10:02:38,334.3,0
2021-05-27 10:02:39,334.3,0
2021-05-27 10:02:40,334.25,0
2021-05-27 10:02:43,334.25,0
2021-05-27 10:02:45,334.25,0
2021-05-27 10:02:47,334.3,0
2021-05-27 10:02:48,334.3,0
2021-05-27 10:02:50,334.25,0
2021-05-27 10:02:51,334.3,0
2021-05-27 10:02:52,334.3,0
2021-05-27 10:02:54,334.35,0
2021-05-27 10:02:55,334.35,0
2021-05-27 10:02:56,334.3,0
2021-05-27 10:02:57,334.25,0
2021-05-27 10:02:58,334.2,0
2021-05-27 10:03:01,334.25,0
2021-05-27 10:03:02,334.25,0
2021-05-27 10:03:03,334.25,0
2021-05-27 10:03:04,334.25,0
2021-05-27 10:03:05,334.3,0
2021-05-27 10:03:06,334.3,0
2021-05-27 10:03:07,334.25,0
2021-05-27 10:03:08,334.25,0
2021-05-27 10:03:09,334.25,0
2021-05-27 10:03:10,334.25,0
2021-05-27 10:03:12,334.3,0
2021-05-27 10:03:13,334.3,0
2021-05-27 10:03:14,334.3,0
2021-05-27 10:03:15,334.3,0
2021-05-27 10:03:16,334.3,0
2021-05-27 10:03:17,334.3,0
2021-05-27 10:03:18,334.3,0
2021-05-27 10:03:19,334.25,0
2021-05-27 10:03:21,334.25,0
2021-05-27 10:03:23,334.25,0
2021-05-27 10:03:24,334.3,0
2021-05-27 10:03:25,334.25,0
2021-05-27 10:03:27,334.2,0
2021-05-27 10:03:29,334.25,0
2021-05-27 10:03:30,334.2,0
2021-05-27 10:03:31,334.2,0
2021-05-27 10:03:34,334.2,0
2021-05-27 10:03:36,334.2,0
2021-05-27 10:03:37,334.2,0
2021-05-27 10:03:38,334.2,0
2021-05-27 10:03:39,334.25,0
2021-05-27 10:03:40,334.25,0
2021-05-27 10:03:41,334.2,0
2021-05-27 10:03:42,334.15,0
2021-05-27 10:03:43,334.15,0
2021-05-27 10:03:44,334.1,0
2021-05-27 10:03:45,334.15,0
2021-05-27 10:03:46,334.1,0
2021-05-27 10:03:47,334.1,0
2021-05-27 10:03:48,334.05,0
2021-05-27 10:03:49,334.1,0
2021-05-27 10:03:50,334.15,0
2021-05-27 10:03:51,334.15,0
2021-05-27 10:03:53,334.1,0
2021-05-27 10:03:54,334.1,0
2021-05-27 10:03:56,334.05,0
2021-05-27 10:03:57,334.05,0
2021-05-27 10:03:58,334.1,0
2021-05-27 10:03:59,334.05,0
2021-05-27 10:04:02,334.05,0
2021-05-27 10:04:03,334.05,0
2021-05-27 10:04:05,333.95,0
2021-05-27 10:04:06,334.05,0
2021-05-27 10:04:07,334.05,0
2021-05-27 10:04:08,334.0,0
2021-05-27 10:04:09,334.05,0
2021-05-27 10:04:10,334.0,0
2021-05-27 10:04:11,334.0,0
2021-05-27 10:04:12,334.0,0
2021-05-27 10:04:14,334.0,0
2021-05-27 10:04:17,334.0,0
2021-05-27 10:04:18,333.95,0
2021-05-27 10:04:19,333.95,0
2021-05-27 10:04:20,334.0,0
2021-05-27 10:04:22,334.0,0
2021-05-27 10:04:23,334.0,0
2021-05-27 10:04:24,333.95,0
2021-05-27 10:04:25,334.0,0
2021-05-27 10:04:26,333.95,0
2021-05-27 10:04:27,333.9,0
2021-05-27 10:04:28,334.0,0
2021-05-27 10:04:29,334.05,0
2021-05-27 10:04:30,334.0,0
2021-05-27 10:04:31,334.05,0
2021-05-27 10:04:32,334.0,0
2021-05-27 10:04:34,333.95,0
2021-05-27 10:04:35,333.95,0
2021-05-27 10:04:36,334.0,0
2021-05-27 10:04:37,334.05,0
2021-05-27 10:04:38,334.05,0
2021-05-27 10:04:39,334.05,0
2021-05-27 10:04:40,334.0,0
2021-05-27 10:04:41,334.05,0
2021-05-27 10:04:42,334.05,0
2021-05-27 10:04:43,334.0,0
2021-05-27 10:04:44,334.0,0
2021-05-27 10:04:45,334.05,0
2021-05-27 10:04:46,334.05,0
2021-05-27 10:04:47,334.05,0
2021-05-27 10:04:48,334.0,0
2021-05-27 10:04:49,334.05,0
2021-05-27 10:04:51,334.05,0
2021-05-27 10:04:55,334.2,0
2021-05-27 10:04:56,334.2,0
2021-05-27 10:04:57,334.15,0
2021-05-27 10:04:59,334.15,0
2021-05-27 10:05:00,334.15,0
2021-05-27 10:05:01,334.15,0
2021-05-27 10:05:02,334.2,0
2021-05-27 10:05:03,334.2,0
2021-05-27 10:05:04,334.2,0
2021-05-27 10:05:05,334.2,0
2021-05-27 10:05:06,334.1,0
2021-05-27 10:05:07,334.15,0
2021-05-27 10:05:08,334.15,0
2021-05-27 10:05:09,334.15,0
2021-05-27 10:05:10,334.15,0
2021-05-27 10:05:11,334.2,0
2021-05-27 10:05:12,334.15,0
2021-05-27 10:05:13,334.15,0
2021-05-27 10:05:15,334.1,0
2021-05-27 10:05:17,334.2,0
2021-05-27 10:05:18,334.15,0
2021-05-27 10:05:19,334.2,0
2021-05-27 10:05:20,334.2,0
2021-05-27 10:05:21,334.2,0
2021-05-27 10:05:22,334.15,0
2021-05-27 10:05:23,334.15,0
2021-05-27 10:05:24,334.1,0
2021-05-27 10:05:25,334.1,0
2021-05-27 10:05:26,334.15,0
2021-05-27 10:05:27,334.15,0
2021-05-27 10:05:28,334.1,0
2021-05-27 10:05:29,334.1,0
2021-05-27 10:05:30,334.1,0
2021-05-27 10:05:31,334.1,0
2021-05-27 10:05:32,334.1,0
2021-05-27 10:05:33,334.05,0
2021-05-27 10:05:34,334.05,0
2021-05-27 10:05:35,334.1,0
2021-05-27 10:05:36,334.1,0
2021-05-27 10:05:37,334.1,0
2021-05-27 10:05:38,334.1,0
2021-05-27 10:05:39,334.1,0
2021-05-27 10:05:40,334.05,0
2021-05-27 10:05:41,334.05,0
2021-05-27 10:05:42,334.05,0
2021-05-27 10:05:43,334.0,0
2021-05-27 10:05:44,334.05,0
2021-05-27 10:05:45,334.0,0
2021-05-27 10:05:46,333.95,0
2021-05-27 10:05:47,333.95,0
2021-05-27 10:05:48,333.95,0
2021-05-27 10:05:50,333.9,0
2021-05-27 10:05:51,333.95,0
2021-05-27 10:05:52,333.95,0
2021-05-27 10:05:53,333.9,0
2021-05-27 10:05:54,333.9,0
2021-05-27 10:05:55,333.9,0
2021-05-27 10:05:56,333.9,0
2021-05-27 10:05:57,333.9,0
2021-05-27 10:05:58,333.95,0
2021-05-27 10:06:00,333.9,0
2021-05-27 10:06:01,333.9,0
2021-05-27 10:06:02,333.9,0
2021-05-27 10:06:03,333.9,0
2021-05-27 10:06:04,333.9,0
2021-05-27 10:06:05,333.85,0
2021-05-27 10:06:06,333.95,0
2021-05-27 10:06:08,333.9,0
2021-05-27 10:06:09,333.9,0
2021-05-27 10:06:10,333.9,0
2021-05-27 10:06:11,333.95,0
2021-05-27 10:06:12,333.9,0
2021-05-27 10:06:13,333.8,0
2021-05-27 10:06:14,333.8,0
2021-05-27 10:06:15,333.8,0
2021-05-27 10:06:17,333.8,0
2021-05-27 10:06:21,333.85,0
2021-05-27 10:06:22,333.8,0
2021-05-27 10:06:23,333.8,0
2021-05-27 10:06:24,333.8,0
2021-05-27 10:06:25,333.8,0
2021-05-27 10:06:26,333.8,0
2021-05-27 10:06:27,333.9,0
2021-05-27 10:06:28,333.9,0
2021-05-27 10:06:29,333.9,0
2021-05-27 10:06:30,333.9,0
2021-05-27 10:06:32,333.9,0
2021-05-27 10:06:34,333.85,0
2021-05-27 10:06:35,333.85,0
2021-05-27 10:06:36,333.8,0
2021-05-27 10:06:37,333.8,0
2021-05-27 10:06:38,333.8,0
2021-05-27 10:06:39,333.8,0
2021-05-27 10:06:40,333.8,0
2021-05-27 10:06:42,333.9,0
2021-05-27 10:06:43,333.9,0
2021-05-27 10:06:45,333.9,0
2021-05-27 10:06:46,333.95,0
2021-05-27 10:06:47,333.9,0
2021-05-27 10:06:48,333.85,0
2021-05-27 10:06:49,333.85,0
2021-05-27 10:06:50,333.9,0
2021-05-27 10:06:51,333.9,0
2021-05-27 10:06:52,333.9,0
2021-05-27 10:06:53,333.9,0
2021-05-27 10:06:54,333.85,0
2021-05-27 10:06:55,333.85,0
2021-05-27 10:06:56,333.85,0
2021-05-27 10:06:57,333.85,0
2021-05-27 10:06:58,333.85,0
2021-05-27 10:06:59,333.85,0
2021-05-27 10:07:00,333.8,0
2021-05-27 10:07:01,333.8,0
2021-05-27 10:07:03,333.85,0
2021-05-27 10:07:04,333.85,0
2021-05-27 10:07:05,333.85,0
2021-05-27 10:07:06,333.85,0
2021-05-27 10:07:07,333.85,0
2021-05-27 10:07:08,333.85,0
2021-05-27 10:07:09,333.9,0
2021-05-27 10:07:11,333.9,0
2021-05-27 10:07:13,333.9,0
2021-05-27 10:07:18,333.95,0
2021-05-27 10:07:20,333.95,0
2021-05-27 10:07:21,333.95,0
2021-05-27 10:07:22,333.9,0
2021-05-27 10:07:23,333.9,0
2021-05-27 10:07:25,334.0,0
2021-05-27 10:07:26,334.0,0
2021-05-27 10:07:27,334.0,0
2021-05-27 10:07:28,334.0,0
2021-05-27 10:07:29,334.0,0
2021-05-27 10:07:30,333.95,0
2021-05-27 10:07:31,333.95,0
2021-05-27 10:07:35,333.95,0
2021-05-27 10:07:36,333.95,0
2021-05-27 10:07:37,334.0,0
2021-05-27 10:07:38,334.0,0
2021-05-27 10:07:39,333.95,0
2021-05-27 10:07:40,333.95,0
2021-05-27 10:07:41,333.95,0
2021-05-27 10:07:42,333.95,0
2021-05-27 10:07:43,333.95,0
2021-05-27 10:07:44,333.95,0
2021-05-27 10:07:45,333.95,0
2021-05-27 10:07:48,333.95,0
2021-05-27 10:07:49,333.95,0
2021-05-27 10:07:50,333.95,0
2021-05-27 10:07:53,333.95,0
2021-05-27 10:07:54,333.95,0
2021-05-27 10:07:55,333.95,0
2021-05-27 10:07:56,333.95,0
2021-05-27 10:07:57,333.95,0
2021-05-27 10:07:58,333.9,0
2021-05-27 10:07:59,333.95,0
2021-05-27 10:08:00,333.95,0
2021-05-27 10:08:01,334.0,0
2021-05-27 10:08:03,333.85,0
2021-05-27 10:08:06,333.9,0
2021-05-27 10:08:07,333.85,0
2021-05-27 10:08:08,333.85,0
2021-05-27 10:08:09,333.85,0
2021-05-27 10:08:10,333.85,0
2021-05-27 10:08:11,333.85,0
2021-05-27 10:08:12,333.9,0
2021-05-27 10:08:13,333.9,0
2021-05-27 10:08:14,333.9,0
2021-05-27 10:08:15,333.85,0
2021-05-27 10:08:16,333.9,0
2021-05-27 10:08:17,333.85,0
2021-05-27 10:08:18,333.85,0
2021-05-27 10:08:20,333.85,0
2021-05-27 10:08:21,333.85,0
2021-05-27 10:08:22,333.85,0
2021-05-27 10:08:23,333.85,0
2021-05-27 10:08:24,333.85,0
2021-05-27 10:08:25,333.9,0
2021-05-27 10:08:26,333.9,0
2021-05-27 10:08:27,333.85,0
2021-05-27 10:08:28,333.8,0
2021-05-27 10:08:29,333.85,0
2021-05-27 10:08:30,333.85,0
2021-05-27 10:08:31,333.8,0
2021-05-27 10:08:32,333.8,0
2021-05-27 10:08:33,333.8,0
2021-05-27 10:08:34,333.8,0
2021-05-27 10:08:35,333.8,0
2021-05-27 10:08:36,333.85,0
2021-05-27 10:08:37,333.95,0
2021-05-27 10:08:39,334.0,0
2021-05-27 10:08:41,334.0,0
2021-05-27 10:08:43,334.0,0
2021-05-27 10:08:44,334.0,0
2021-05-27 10:08:46,334.1,0
2021-05-27 10:08:47,334.1,0
2021-05-27 10:08:48,334.05,0
2021-05-27 10:08:49,334.0,0
2021-05-27 10:08:50,334.0,0
2021-05-27 10:08:51,334.05,0
2021-05-27 10:08:52,334.0,0
2021-05-27 10:08:53,334.0,0
2021-05-27 10:08:54,334.05,0
2021-05-27 10:08:55,334.05,0
2021-05-27 10:08:56,334.05,0
2021-05-27 10:08:57,334.05,0
2021-05-27 10:08:58,334.05,0
2021-05-27 10:08:59,334.05,0
2021-05-27 10:09:01,334.05,0
2021-05-27 10:09:02,334.05,0
2021-05-27 10:09:04,334.05,0
2021-05-27 10:09:05,334.05,0
2021-05-27 10:09:06,334.05,0
2021-05-27 10:09:07,334.05,0
2021-05-27 10:09:08,334.05,0
2021-05-27 10:09:09,334.0,0
2021-05-27 10:09:10,334.05,0
2021-05-27 10:09:11,334.05,0
2021-05-27 10:09:12,334.0,0
2021-05-27 10:09:13,334.0,0
2021-05-27 10:09:14,334.0,0
2021-05-27 10:09:15,334.0,0
2021-05-27 10:09:16,334.0,0
2021-05-27 10:09:17,334.0,0
2021-05-27 10:09:18,334.0,0
2021-05-27 10:09:19,334.0,0
2021-05-27 10:09:22,334.1,0
2021-05-27 10:09:24,334.1,0
2021-05-27 10:09:26,334.15,0
2021-05-27 10:09:27,334.15,0
2021-05-27 10:09:28,334.15,0
2021-05-27 10:09:29,334.05,0
2021-05-27 10:09:30,334.0,0
2021-05-27 10:09:31,334.05,0
2021-05-27 10:09:32,334.1,0
2021-05-27 10:09:33,334.1,0
2021-05-27 10:09:34,334.05,0
2021-05-27 10:09:35,334.1,0
2021-05-27 10:09:38,334.1,0
2021-05-27 10:09:39,334.1,0
2021-05-27 10:09:40,334.1,0
2021-05-27 10:09:41,334.1,0
2021-05-27 10:09:42,334.0,0
2021-05-27 10:09:43,334.0,0
2021-05-27 10:09:44,334.0,0
2021-05-27 10:09:45,334.05,0
2021-05-27 10:09:47,334.1,0
2021-05-27 10:09:48,334.05,0
2021-05-27 10:09:49,334.05,0
2021-05-27 10:09:50,334.05,0
2021-05-27 10:09:51,334.05,0
2021-05-27 10:09:52,334.05,0
2021-05-27 10:09:53,334.05,0
2021-05-27 10:09:54,334.15,0
2021-05-27 10:09:55,334.15,0
2021-05-27 10:09:56,334.15,0
2021-05-27 10:09:57,334.15,0
2021-05-27 10:09:58,334.1,0
2021-05-27 10:09:59,334.15,0
2021-05-27 10:10:00,334.15,0
2021-05-27 10:10:01,334.1,0
2021-05-27 10:10:02,334.1,0
2021-05-27 10:10:03,334.15,0
2021-05-27 10:10:05,334.1,0
2021-05-27 10:10:06,334.1,0
2021-05-27 10:10:07,334.15,0
2021-05-27 10:10:08,334.1,0
2021-05-27 10:10:09,334.05,0
2021-05-27 10:10:11,334.15,0
2021-05-27 10:10:13,334.1,0
2021-05-27 10:10:14,334.1,0
2021-05-27 10:10:15,334.1,0
2021-05-27 10:10:16,334.1,0
2021-05-27 10:10:17,334.1,0
2021-05-27 10:10:19,334.05,0
2021-05-27 10:10:21,334.2,0
2021-05-27 10:10:23,334.15,0
2021-05-27 10:10:24,334.25,0
2021-05-27 10:10:25,334.25,0
2021-05-27 10:10:26,334.25,0
2021-05-27 10:10:27,334.25,0
2021-05-27 10:10:28,334.25,0
2021-05-27 10:10:29,334.2,0
2021-05-27 10:10:33,334.2,0
2021-05-27 10:10:34,334.25,0
2021-05-27 10:10:35,334.25,0
2021-05-27 10:10:36,334.25,0
2021-05-27 10:10:37,334.35,0
2021-05-27 10:10:38,334.35,0
2021-05-27 10:10:39,334.35,0
2021-05-27 10:10:42,334.35,0
2021-05-27 10:10:43,334.35,0
2021-05-27 10:10:44,334.35,0
2021-05-27 10:10:45,334.35,0
2021-05-27 10:10:46,334.35,0
2021-05-27 10:10:47,334.35,0
2021-05-27 10:10:48,334.3,0
2021-05-27 10:10:50,334.35,0
2021-05-27 10:10:51,334.35,0
2021-05-27 10:10:52,334.3,0
2021-05-27 10:10:53,334.3,0
2021-05-27 10:10:54,334.3,0
2021-05-27 10:10:55,334.35,0
2021-05-27 10:10:56,334.3,0
2021-05-27 10:10:57,334.35,0
2021-05-27 10:10:58,334.35,0
2021-05-27 10:10:59,334.3,0
2021-05-27 10:11:00,334.35,0
2021-05-27 10:11:01,334.35,0
2021-05-27 10:11:02,334.35,0
2021-05-27 10:11:03,334.35,0
2021-05-27 10:11:04,334.4,0
2021-05-27 10:11:05,334.45,0
2021-05-27 10:11:06,334.45,0
2021-05-27 10:11:07,334.45,0
2021-05-27 10:11:08,334.45,0
2021-05-27 10:11:09,334.45,0
2021-05-27 10:11:10,334.5,0
2021-05-27 10:11:11,334.5,0
2021-05-27 10:11:12,334.45,0
2021-05-27 10:11:13,334.45,0
2021-05-27 10:11:14,334.45,0
2021-05-27 10:11:15,334.45,0
2021-05-27 10:11:16,334.45,0
2021-05-27 10:11:17,334.45,0
2021-05-27 10:11:18,334.4,0
2021-05-27 10:11:19,334.4,0
2021-05-27 10:11:22,334.4,0
2021-05-27 10:11:23,334.45,0
2021-05-27 10:11:24,334.45,0
2021-05-27 10:11:26,334.45,0
2021-05-27 10:11:27,334.5,0
2021-05-27 10:11:28,334.5,0
2021-05-27 10:11:29,334.45,0
2021-05-27 10:11:30,334.45,0
2021-05-27 10:11:31,334.5,0
2021-05-27 10:11:32,334.5,0
2021-05-27 10:11:33,334.45,0
2021-05-27 10:11:34,334.45,0
2021-05-27 10:11:35,334.45,0
2021-05-27 10:11:36,334.45,0
2021-05-27 10:11:37,334.45,0
2021-05-27 10:11:38,334.5,0
2021-05-27 10:11:39,334.45,0
2021-05-27 10:11:40,334.45,0
2021-05-27 10:11:41,334.55,0
2021-05-27 10:11:42,334.5,0
2021-05-27 10:11:43,334.45,0
2021-05-27 10:11:44,334.45,0
2021-05-27 10:11:46,334.5,0
2021-05-27 10:11:47,334.5,0
2021-05-27 10:11:48,334.5,0
2021-05-27 10:11:50,334.6,0
2021-05-27 10:11:53,334.65,0
2021-05-27 10:11:54,334.65,0
2021-05-27 10:11:55,334.65,0
2021-05-27 10:11:56,334.65,0
2021-05-27 10:11:58,334.6,0
2021-05-27 10:11:59,334.6,0
2021-05-27 10:12:00,334.65,0
2021-05-27 10:12:01,334.7,0
2021-05-27 10:12:02,334.6,0
2021-05-27 10:12:03,334.55,0
2021-05-27 10:12:05,334.6,0
2021-05-27 10:12:06,334.6,0
2021-05-27 10:12:07,334.6,0
2021-05-27 10:12:08,334.6,0
2021-05-27 10:12:10,334.55,0
2021-05-27 10:12:11,334.55,0
2021-05-27 10:12:12,334.55,0
2021-05-27 10:12:13,334.55,0
2021-05-27 10:12:14,334.55,0
2021-05-27 10:12:15,334.6,0
2021-05-27 10:12:16,334.6,0
2021-05-27 10:12:17,334.6,0
2021-05-27 10:12:18,334.6,0
2021-05-27 10:12:19,334.6,0
2021-05-27 10:12:20,334.6,0
2021-05-27 10:12:21,334.65,0
2021-05-27 10:12:22,334.65,0
2021-05-27 10:12:23,334.6,0
2021-05-27 10:12:24,334.6,0
2021-05-27 10:12:26,334.65,0
2021-05-27 10:12:27,334.6,0
2021-05-27 10:12:28,334.55,0
2021-05-27 10:12:29,334.6,0
2021-05-27 10:12:30,334.6,0
2021-05-27 10:12:31,334.55,0
2021-05-27 10:12:32,334.6,0
2021-05-27 10:12:33,334.6,0
2021-05-27 10:12:34,334.6,0
2021-05-27 10:12:35,334.6,0
2021-05-27 10:12:36,334.55,0
2021-05-27 10:12:37,334.5,0
2021-05-27 10:12:38,334.45,0
2021-05-27 10:12:39,334.6,0
2021-05-27 10:12:41,334.45,0
2021-05-27 10:12:42,334.45,0
2021-05-27 10:12:43,334.5,0
2021-05-27 10:12:44,334.5,0
2021-05-27 10:12:45,334.5,0
2021-05-27 10:12:46,334.45,0
2021-05-27 10:12:48,334.4,0
2021-05-27 10:12:50,334.35,0
2021-05-27 10:12:51,334.35,0
2021-05-27 10:12:52,334.3,0
2021-05-27 10:12:53,334.3,0
2021-05-27 10:12:54,334.35,0
2021-05-27 10:12:55,334.4,0
2021-05-27 10:12:56,334.4,0
2021-05-27 10:12:57,334.4,0
2021-05-27 10:12:58,334.4,0
2021-05-27 10:12:59,334.4,0
2021-05-27 10:13:05,334.3,0
2021-05-27 10:13:06,334.3,0
2021-05-27 10:13:07,334.35,0
2021-05-27 10:13:08,334.45,0
2021-05-27 10:13:09,334.4,0
2021-05-27 10:13:10,334.5,0
2021-05-27 10:13:11,334.5,0
2021-05-27 10:13:12,334.6,0
2021-05-27 10:13:14,334.55,0
2021-05-27 10:13:16,334.55,0
2021-05-27 10:13:17,334.5,0
2021-05-27 10:13:18,334.5,0
2021-05-27 10:13:19,334.55,0
2021-05-27 10:13:20,334.55,0
2021-05-27 10:13:21,334.5,0
2021-05-27 10:13:22,334.55,0
2021-05-27 10:13:23,334.55,0
2021-05-27 10:13:25,334.6,0
2021-05-27 10:13:27,334.6,0
2021-05-27 10:13:28,334.65,0
2021-05-27 10:13:29,334.65,0
2021-05-27 10:13:30,334.6,0
2021-05-27 10:13:36,334.6,0
2021-05-27 10:13:38,334.6,0
2021-05-27 10:13:39,334.6,0
2021-05-27 10:13:40,334.55,0
2021-05-27 10:13:41,334.55,0
2021-05-27 10:13:42,334.55,0
2021-05-27 10:13:43,334.6,0
2021-05-27 10:13:44,334.55,0
2021-05-27 10:13:45,334.5,0
2021-05-27 10:13:46,334.5,0
2021-05-27 10:13:47,334.55,0
2021-05-27 10:13:49,334.55,0
2021-05-27 10:13:51,334.55,0
2021-05-27 10:13:52,334.55,0
2021-05-27 10:13:53,334.6,0
2021-05-27 10:13:54,334.65,0
2021-05-27 10:13:55,334.65,0
2021-05-27 10:13:57,334.6,0
2021-05-27 10:13:59,334.6,0
2021-05-27 10:13:58,334.6,0
2021-05-27 10:14:00,334.55,0
2021-05-27 10:14:01,334.55,0
2021-05-27 10:14:02,334.55,0
2021-05-27 10:14:03,334.55,0
2021-05-27 10:14:05,334.6,0
2021-05-27 10:14:06,334.5,0
2021-05-27 10:14:07,334.55,0
2021-05-27 10:14:08,334.55,0
2021-05-27 10:14:09,334.55,0
2021-05-27 10:14:11,334.6,0
2021-05-27 10:14:12,334.65,0
2021-05-27 10:14:14,334.6,0
2021-05-27 10:14:16,334.6,0
2021-05-27 10:14:17,334.65,0
2021-05-27 10:14:18,334.65,0
2021-05-27 10:14:19,334.6,0
2021-05-27 10:14:20,334.55,0
2021-05-27 10:14:21,334.6,0
2021-05-27 10:14:22,334.55,0
2021-05-27 10:14:23,334.55,0
2021-05-27 10:14:25,334.5,0
2021-05-27 10:14:26,334.55,0
2021-05-27 10:14:27,334.55,0
2021-05-27 10:14:28,334.55,0
2021-05-27 10:14:29,334.55,0
2021-05-27 10:14:30,334.6,0
2021-05-27 10:14:31,334.6,0
2021-05-27 10:14:32,334.6,0
2021-05-27 10:14:33,334.6,0
2021-05-27 10:14:35,334.6,0
2021-05-27 10:14:36,334.6,0
2021-05-27 10:14:37,334.6,0
2021-05-27 10:14:38,334.6,0
2021-05-27 10:14:39,334.65,0
2021-05-27 10:14:40,334.65,0
2021-05-27 10:14:41,334.6,0
2021-05-27 10:14:43,334.65,0
2021-05-27 10:14:44,334.6,0
2021-05-27 10:14:45,334.65,0
2021-05-27 10:14:47,334.65,0
2021-05-27 10:14:48,334.6,0
2021-05-27 10:14:49,334.6,0
2021-05-27 10:14:50,334.6,0
2021-05-27 10:14:51,334.6,0
2021-05-27 10:14:52,334.6,0
2021-05-27 10:14:53,334.6,0
2021-05-27 10:14:54,334.6,0
2021-05-27 10:14:55,334.55,0
2021-05-27 10:14:58,334.6,0
2021-05-27 10:14:59,334.55,0
2021-05-27 10:15:00,334.55,0
2021-05-27 10:15:02,334.6,0
2021-05-27 10:15:04,334.55,0
2021-05-27 10:15:05,334.55,0
2021-05-27 10:15:07,334.55,0
2021-05-27 10:15:08,334.55,0
2021-05-27 10:15:09,334.65,0
2021-05-27 10:15:10,334.7,0
2021-05-27 10:15:11,334.6,0
2021-05-27 10:15:12,334.7,0
2021-05-27 10:15:17,334.65,0
2021-05-27 10:15:18,334.6,0
2021-05-27 10:15:19,334.65,0
2021-05-27 10:15:20,334.7,0
2021-05-27 10:15:21,334.7,0
2021-05-27 10:15:22,334.65,0
2021-05-27 10:15:23,334.65,0
2021-05-27 10:15:25,334.7,0
2021-05-27 10:15:26,334.65,0
2021-05-27 10:15:27,334.65,0
2021-05-27 10:15:28,334.65,0
2021-05-27 10:15:29,334.65,0
2021-05-27 10:15:30,334.6,0
2021-05-27 10:15:31,334.6,0
2021-05-27 10:15:33,334.6,0
2021-05-27 10:15:34,334.6,0
2021-05-27 10:15:35,334.6,0
2021-05-27 10:15:36,334.65,0
2021-05-27 10:15:37,334.65,0
2021-05-27 10:15:38,334.65,0
2021-05-27 10:15:39,334.65,0
2021-05-27 10:15:40,334.6,0
2021-05-27 10:15:41,334.55,0
2021-05-27 10:15:42,334.55,0
2021-05-27 10:15:43,334.55,0
2021-05-27 10:15:44,334.55,0
2021-05-27 10:15:45,334.5,0
2021-05-27 10:15:46,334.5,0
2021-05-27 10:15:49,334.5,0
2021-05-27 10:15:50,334.55,0
2021-05-27 10:15:51,334.55,0
2021-05-27 10:15:52,334.55,0
2021-05-27 10:15:53,334.55,0
2021-05-27 10:15:54,334.55,0
2021-05-27 10:15:55,334.6,0
2021-05-27 10:15:56,334.6,0
2021-05-27 10:15:58,334.55,0
2021-05-27 10:15:59,334.6,0
2021-05-27 10:16:00,334.5,0
2021-05-27 10:16:01,334.6,0
2021-05-27 10:16:02,334.6,0
2021-05-27 10:16:03,334.6,0
2021-05-27 10:16:04,334.65,0
2021-05-27 10:16:05,334.6,0
2021-05-27 10:16:06,334.6,0
2021-05-27 10:16:07,334.65,0
2021-05-27 10:16:08,334.55,0
2021-05-27 10:16:09,334.55,0
2021-05-27 10:16:10,334.6,0
2021-05-27 10:16:11,334.5,0
2021-05-27 10:16:12,334.55,0
2021-05-27 10:16:13,334.5,0
2021-05-27 10:16:14,334.55,0
2021-05-27 10:16:15,334.55,0
2021-05-27 10:16:16,334.55,0
2021-05-27 10:16:17,334.55,0
2021-05-27 10:16:18,334.55,0
2021-05-27 10:16:19,334.55,0
2021-05-27 10:16:20,334.6,0
2021-05-27 10:16:21,334.55,0
2021-05-27 10:16:22,334.55,0
2021-05-27 10:16:23,334.55,0
2021-05-27 10:16:24,334.6,0
2021-05-27 10:16:25,334.65,0
2021-05-27 10:16:26,334.6,0
2021-05-27 10:16:28,334.6,0
2021-05-27 10:16:29,334.6,0
2021-05-27 10:16:30,334.55,0
2021-05-27 10:16:31,334.55,0
2021-05-27 10:16:32,334.55,0
2021-05-27 10:16:33,334.6,0
2021-05-27 10:16:35,334.55,0
2021-05-27 10:16:36,334.55,0
2021-05-27 10:16:37,334.55,0
2021-05-27 10:16:38,334.6,0
2021-05-27 10:16:39,334.6,0
2021-05-27 10:16:40,334.55,0
2021-05-27 10:16:41,334.55,0
2021-05-27 10:16:42,334.55,0
2021-05-27 10:16:43,334.55,0
2021-05-27 10:16:44,334.55,0
2021-05-27 10:16:45,334.55,0
2021-05-27 10:16:46,334.5,0
2021-05-27 10:16:47,334.55,0
2021-05-27 10:16:48,334.5,0
2021-05-27 10:16:50,334.5,0
2021-05-27 10:16:51,334.45,0
2021-05-27 10:16:52,334.5,0
2021-05-27 10:16:53,334.55,0
2021-05-27 10:16:54,334.5,0
2021-05-27 10:16:55,334.5,0
2021-05-27 10:16:56,334.5,0
2021-05-27 10:16:57,334.5,0
2021-05-27 10:16:58,334.45,0
2021-05-27 10:16:59,334.55,0
2021-05-27 10:17:01,334.55,0
2021-05-27 10:17:03,334.45,0
2021-05-27 10:17:04,334.5,0
2021-05-27 10:17:05,334.45,0
2021-05-27 10:17:06,334.45,0
2021-05-27 10:17:08,334.45,0
2021-05-27 10:17:09,334.45,0
2021-05-27 10:17:10,334.5,0
2021-05-27 10:17:11,334.5,0
2021-05-27 10:17:12,334.5,0
2021-05-27 10:17:13,334.5,0
2021-05-27 10:17:14,334.5,0
2021-05-27 10:17:16,334.5,0
2021-05-27 10:17:17,334.5,0
2021-05-27 10:17:18,334.5,0
2021-05-27 10:17:20,334.45,0
2021-05-27 10:17:21,334.45,0
2021-05-27 10:17:23,334.5,0
2021-05-27 10:17:25,334.45,0
2021-05-27 10:17:27,334.45,0
2021-05-27 10:17:31,334.4,0
2021-05-27 10:17:32,334.5,0
2021-05-27 10:17:33,334.5,0
2021-05-27 10:17:34,334.55,0
2021-05-27 10:17:35,334.55,0
2021-05-27 10:17:36,334.5,0
2021-05-27 10:17:37,334.45,0
2021-05-27 10:17:38,334.45,0
2021-05-27 10:17:39,334.5,0
2021-05-27 10:17:41,334.45,0
2021-05-27 10:17:42,334.45,0
2021-05-27 10:17:43,334.45,0
2021-05-27 10:17:44,334.45,0
2021-05-27 10:17:46,334.45,0
2021-05-27 10:17:47,334.45,0
2021-05-27 10:17:48,334.45,0
2021-05-27 10:17:50,334.5,0
2021-05-27 10:17:51,334.5,0
2021-05-27 10:17:52,334.45,0
2021-05-27 10:17:53,334.45,0
2021-05-27 10:17:54,334.5,0
2021-05-27 10:17:55,334.55,0
2021-05-27 10:17:57,334.5,0
2021-05-27 10:18:01,334.45,0
2021-05-27 10:18:02,334.5,0
2021-05-27 10:18:03,334.45,0
2021-05-27 10:18:04,334.45,0
2021-05-27 10:18:05,334.45,0
2021-05-27 10:18:06,334.45,0
2021-05-27 10:18:07,334.45,0
2021-05-27 10:18:08,334.45,0
2021-05-27 10:18:09,334.45,0
2021-05-27 10:18:11,334.45,0
2021-05-27 10:18:12,334.45,0
2021-05-27 10:18:14,334.45,0
2021-05-27 10:18:15,334.45,0
2021-05-27 10:18:16,334.45,0
2021-05-27 10:18:17,334.45,0
2021-05-27 10:18:18,334.4,0
2021-05-27 10:18:19,334.4,0
2021-05-27 10:18:21,334.45,0
2021-05-27 10:18:24,334.5,0
2021-05-27 10:18:25,334.5,0
2021-05-27 10:18:26,334.55,0
2021-05-27 10:18:27,334.55,0
2021-05-27 10:18:28,334.55,0
2021-05-27 10:18:29,334.55,0
2021-05-27 10:18:31,334.55,0
2021-05-27 10:18:32,334.55,0
2021-05-27 10:18:33,334.55,0
2021-05-27 10:18:34,334.55,0
2021-05-27 10:18:36,334.55,0
2021-05-27 10:18:37,334.5,0
2021-05-27 10:18:38,334.5,0
2021-05-27 10:18:39,334.5,0
2021-05-27 10:18:40,334.55,0
2021-05-27 10:18:42,334.6,0
2021-05-27 10:18:43,334.6,0
2021-05-27 10:18:44,334.6,0
2021-05-27 10:18:45,334.6,0
2021-05-27 10:18:46,334.6,0
2021-05-27 10:18:47,334.6,0
2021-05-27 10:18:48,334.6,0
2021-05-27 10:18:49,334.6,0
2021-05-27 10:18:51,334.6,0
2021-05-27 10:18:53,334.55,0
2021-05-27 10:18:56,334.55,0
2021-05-27 10:18:57,334.55,0
2021-05-27 10:18:58,334.6,0
2021-05-27 10:19:00,334.55,0
2021-05-27 10:19:01,334.55,0
2021-05-27 10:19:02,334.55,0
2021-05-27 10:19:03,334.5,0
2021-05-27 10:19:04,334.5,0
2021-05-27 10:19:05,334.55,0
2021-05-27 10:19:06,334.55,0
2021-05-27 10:19:07,334.55,0
2021-05-27 10:19:08,334.5,0
2021-05-27 10:19:09,334.5,0
2021-05-27 10:19:10,334.45,0
2021-05-27 10:19:11,334.5,0
2021-05-27 10:19:12,334.45,0
2021-05-27 10:19:13,334.45,0
2021-05-27 10:19:15,334.45,0
2021-05-27 10:19:16,334.5,0
2021-05-27 10:19:17,334.5,0
2021-05-27 10:19:18,334.5,0
2021-05-27 10:19:19,334.45,0
2021-05-27 10:19:20,334.45,0
2021-05-27 10:19:21,334.45,0
2021-05-27 10:19:23,334.5,0
2021-05-27 10:19:24,334.45,0
2021-05-27 10:19:25,334.45,0
2021-05-27 10:19:26,334.45,0
2021-05-27 10:19:27,334.45,0
2021-05-27 10:19:28,334.45,0
2021-05-27 10:19:29,334.5,0
2021-05-27 10:19:30,334.55,0
2021-05-27 10:19:31,334.6,0
2021-05-27 10:19:32,334.55,0
2021-05-27 10:19:33,334.55,0
2021-05-27 10:19:36,334.45,0
2021-05-27 10:19:37,334.5,0
2021-05-27 10:19:38,334.5,0
2021-05-27 10:19:39,334.5,0
2021-05-27 10:19:40,334.5,0
2021-05-27 10:19:41,334.55,0
2021-05-27 10:19:43,334.55,0
2021-05-27 10:19:44,334.55,0
2021-05-27 10:19:45,334.55,0
2021-05-27 10:19:47,334.55,0
2021-05-27 10:19:48,334.55,0
2021-05-27 10:19:49,334.55,0
2021-05-27 10:19:50,334.5,0
2021-05-27 10:19:51,334.5,0
2021-05-27 10:19:52,334.5,0
2021-05-27 10:19:54,334.55,0
2021-05-27 10:19:56,334.5,0
2021-05-27 10:19:58,334.55,0
2021-05-27 10:19:59,334.5,0
2021-05-27 10:20:01,334.5,0
2021-05-27 10:20:02,334.5,0
2021-05-27 10:20:04,334.5,0
2021-05-27 10:20:05,334.5,0
2021-05-27 10:20:06,334.45,0
2021-05-27 10:20:07,334.5,0
2021-05-27 10:20:08,334.5,0
2021-05-27 10:20:09,334.5,0
2021-05-27 10:20:10,334.5,0
2021-05-27 10:20:11,334.45,0
2021-05-27 10:20:12,334.45,0
2021-05-27 10:20:13,334.4,0
2021-05-27 10:20:14,334.4,0
2021-05-27 10:20:15,334.4,0
2021-05-27 10:20:16,334.4,0
2021-05-27 10:20:17,334.4,0
2021-05-27 10:20:18,334.4,0
2021-05-27 10:20:20,334.35,0
2021-05-27 10:20:21,334.35,0
2021-05-27 10:20:22,334.35,0
2021-05-27 10:20:23,334.35,0
2021-05-27 10:20:25,334.35,0
2021-05-27 10:20:26,334.4,0
2021-05-27 10:20:27,334.35,0
2021-05-27 10:20:28,334.3,0
2021-05-27 10:20:30,334.15,0
2021-05-27 10:20:31,334.25,0
2021-05-27 10:20:32,334.25,0
2021-05-27 10:20:33,334.25,0
2021-05-27 10:20:34,334.3,0
2021-05-27 10:20:35,334.25,0
2021-05-27 10:20:36,334.3,0
2021-05-27 10:20:38,334.25,0
2021-05-27 10:20:39,334.25,0
2021-05-27 10:20:40,334.25,0
2021-05-27 10:20:41,334.3,0
2021-05-27 10:20:42,334.2,0
2021-05-27 10:20:43,334.2,0
2021-05-27 10:20:44,334.25,0
2021-05-27 10:20:45,334.25,0
2021-05-27 10:20:47,334.2,0
2021-05-27 10:20:48,334.2,0
2021-05-27 10:20:49,334.2,0
2021-05-27 10:20:50,334.2,0
2021-05-27 10:20:51,334.2,0
2021-05-27 10:20:52,334.2,0
2021-05-27 10:20:53,334.15,0
2021-05-27 10:20:54,334.15,0
2021-05-27 10:20:55,334.15,0
2021-05-27 10:20:57,334.15,0
2021-05-27 10:20:58,334.15,0
2021-05-27 10:21:00,334.2,0
2021-05-27 10:21:01,334.25,0
2021-05-27 10:21:03,334.15,0
2021-05-27 10:21:04,334.15,0
2021-05-27 10:21:05,334.2,0
2021-05-27 10:21:06,334.2,0
2021-05-27 10:21:08,334.2,0
2021-05-27 10:21:10,334.15,0
2021-05-27 10:21:12,334.15,0
2021-05-27 10:21:13,334.2,0
2021-05-27 10:21:14,334.15,0
2021-05-27 10:21:15,334.15,0
2021-05-27 10:21:17,334.15,0
2021-05-27 10:21:21,334.15,0
2021-05-27 10:21:20,334.15,0
2021-05-27 10:21:23,334.1,0
2021-05-27 10:21:24,334.1,0
2021-05-27 10:21:25,334.15,0
2021-05-27 10:21:27,334.15,0
2021-05-27 10:21:28,334.15,0
2021-05-27 10:21:29,334.1,0
2021-05-27 10:21:30,334.1,0
2021-05-27 10:21:31,334.1,0
2021-05-27 10:21:32,334.1,0
2021-05-27 10:21:34,334.05,0
2021-05-27 10:21:35,334.0,0
2021-05-27 10:21:36,333.95,0
2021-05-27 10:21:37,333.95,0
2021-05-27 10:21:38,333.95,0
2021-05-27 10:21:39,333.95,0
2021-05-27 10:21:40,333.9,0
2021-05-27 10:21:41,333.95,0
2021-05-27 10:21:42,333.95,0
2021-05-27 10:21:43,333.95,0
2021-05-27 10:21:46,333.95,0
2021-05-27 10:21:47,333.95,0
2021-05-27 10:21:48,333.95,0
2021-05-27 10:21:49,333.95,0
2021-05-27 10:21:53,334.05,0
2021-05-27 10:21:54,334.1,0
2021-05-27 10:21:55,334.1,0
2021-05-27 10:21:56,334.05,0
2021-05-27 10:21:57,334.05,0
2021-05-27 10:21:59,334.05,0
2021-05-27 10:22:00,334.05,0
2021-05-27 10:22:01,334.1,0
2021-05-27 10:22:02,334.1,0
2021-05-27 10:22:03,334.1,0
2021-05-27 10:22:04,334.1,0
2021-05-27 10:22:05,334.05,0
2021-05-27 10:22:06,334.05,0
2021-05-27 10:22:07,334.05,0
2021-05-27 10:22:08,334.05,0
2021-05-27 10:22:10,334.05,0
2021-05-27 10:22:11,334.1,0
2021-05-27 10:22:12,334.05,0
2021-05-27 10:22:13,334.05,0
2021-05-27 10:22:15,334.0,0
2021-05-27 10:22:16,334.0,0
2021-05-27 10:22:17,334.05,0
2021-05-27 10:22:19,334.05,0
2021-05-27 10:22:20,334.0,0
2021-05-27 10:22:21,334.0,0
2021-05-27 10:22:23,334.0,0
2021-05-27 10:22:24,334.0,0
2021-05-27 10:22:26,334.0,0
2021-05-27 10:22:27,334.0,0
2021-05-27 10:22:28,334.0,0
2021-05-27 10:22:30,334.0,0
2021-05-27 10:22:32,333.95,0
2021-05-27 10:22:33,333.95,0
2021-05-27 10:22:34,333.9,0
2021-05-27 10:22:35,333.9,0
2021-05-27 10:22:36,333.95,0
2021-05-27 10:22:37,333.95,0
2021-05-27 10:22:38,333.95,0
2021-05-27 10:22:39,333.95,0
2021-05-27 10:22:40,333.95,0
2021-05-27 10:22:41,333.9,0
2021-05-27 10:22:42,333.9,0
2021-05-27 10:22:43,333.95,0
2021-05-27 10:22:45,333.95,0
2021-05-27 10:22:46,333.95,0
2021-05-27 10:22:47,333.95,0
2021-05-27 10:22:48,333.95,0
2021-05-27 10:22:49,333.95,0
2021-05-27 10:22:50,333.95,0
2021-05-27 10:22:51,333.9,0
2021-05-27 10:22:53,333.95,0
2021-05-27 10:22:55,333.95,0
2021-05-27 10:22:56,333.95,0
2021-05-27 10:22:57,333.95,0
2021-05-27 10:22:58,333.95,0
2021-05-27 10:22:59,334.0,0
2021-05-27 10:23:00,333.95,0
2021-05-27 10:23:01,334.0,0
2021-05-27 10:23:02,333.95,0
2021-05-27 10:23:03,333.95,0
2021-05-27 10:23:05,333.95,0
2021-05-27 10:23:09,333.95,0
2021-05-27 10:23:11,333.95,0
2021-05-27 10:23:12,333.9,0
2021-05-27 10:23:13,333.95,0
2021-05-27 10:23:14,333.95,0
2021-05-27 10:23:16,334.0,0
2021-05-27 10:23:17,334.05,0
2021-05-27 10:23:18,334.0,0
2021-05-27 10:23:19,334.0,0
2021-05-27 10:23:20,333.95,0
2021-05-27 10:23:21,333.95,0
2021-05-27 10:23:22,333.95,0
2021-05-27 10:23:23,333.95,0
2021-05-27 10:23:24,333.95,0
2021-05-27 10:23:25,333.95,0
2021-05-27 10:23:26,333.95,0
2021-05-27 10:23:27,333.9,0
2021-05-27 10:23:28,333.9,0
2021-05-27 10:23:29,333.85,0
2021-05-27 10:23:30,333.9,0
2021-05-27 10:23:31,333.85,0
2021-05-27 10:23:33,333.85,0
2021-05-27 10:23:36,333.9,0
2021-05-27 10:23:37,333.9,0
2021-05-27 10:23:38,333.9,0
2021-05-27 10:23:40,333.85,0
2021-05-27 10:23:41,333.85,0
2021-05-27 10:23:42,333.85,0
2021-05-27 10:23:43,333.85,0
2021-05-27 10:23:44,333.9,0
2021-05-27 10:23:45,333.85,0
2021-05-27 10:23:46,333.9,0
2021-05-27 10:23:47,333.9,0
2021-05-27 10:23:48,333.95,0
2021-05-27 10:23:49,333.9,0
2021-05-27 10:23:50,333.9,0
2021-05-27 10:23:51,333.9,0
2021-05-27 10:23:52,333.9,0
2021-05-27 10:23:53,333.9,0
2021-05-27 10:23:54,333.9,0
2021-05-27 10:23:55,333.9,0
2021-05-27 10:23:56,333.85,0
2021-05-27 10:23:57,333.9,0
2021-05-27 10:23:58,333.9,0
2021-05-27 10:23:59,333.9,0
2021-05-27 10:24:00,333.9,0
2021-05-27 10:24:01,333.9,0
2021-05-27 10:24:02,333.9,0
2021-05-27 10:24:03,333.9,0
2021-05-27 10:24:04,333.85,0
2021-05-27 10:24:06,333.85,0
2021-05-27 10:24:07,333.85,0
2021-05-27 10:24:08,333.85,0
2021-05-27 10:24:09,333.9,0
2021-05-27 10:24:10,333.9,0
2021-05-27 10:24:11,333.9,0
2021-05-27 10:24:12,333.9,0
2021-05-27 10:24:14,333.9,0
2021-05-27 10:24:15,333.9,0
2021-05-27 10:24:16,333.9,0
2021-05-27 10:24:17,333.95,0
2021-05-27 10:24:18,333.95,0
2021-05-27 10:24:19,333.9,0
2021-05-27 10:24:20,333.9,0
2021-05-27 10:24:21,333.9,0
2021-05-27 10:24:23,333.85,0
2021-05-27 10:24:24,333.9,0
2021-05-27 10:24:25,333.95,0
2021-05-27 10:24:28,333.9,0
2021-05-27 10:24:29,333.9,0
2021-05-27 10:24:32,333.9,0
2021-05-27 10:24:33,333.9,0
2021-05-27 10:24:34,333.9,0
2021-05-27 10:24:35,333.9,0
2021-05-27 10:24:36,333.9,0
2021-05-27 10:24:37,333.9,0
2021-05-27 10:24:38,333.9,0
2021-05-27 10:24:39,333.85,0
2021-05-27 10:24:40,333.9,0
2021-05-27 10:24:41,333.8,0
2021-05-27 10:24:42,333.85,0
2021-05-27 10:24:43,333.85,0
2021-05-27 10:24:44,333.85,0
2021-05-27 10:24:45,333.85,0
2021-05-27 10:24:46,333.8,0
2021-05-27 10:24:47,333.8,0
2021-05-27 10:24:49,333.8,0
2021-05-27 10:24:51,333.8,0
2021-05-27 10:24:52,333.8,0
2021-05-27 10:24:53,333.8,0
2021-05-27 10:24:54,333.85,0
2021-05-27 10:24:55,333.8,0
2021-05-27 10:24:56,333.9,0
2021-05-27 10:24:57,333.9,0
2021-05-27 10:24:58,333.85,0
2021-05-27 10:24:59,333.85,0
2021-05-27 10:25:00,333.9,0
2021-05-27 10:25:01,333.85,0
2021-05-27 10:25:02,333.85,0
2021-05-27 10:25:03,333.85,0
2021-05-27 10:25:05,333.9,0
2021-05-27 10:25:06,333.95,0
2021-05-27 10:25:09,333.95,0
2021-05-27 10:25:10,333.95,0
2021-05-27 10:25:11,333.95,0
2021-05-27 10:25:12,333.95,0
2021-05-27 10:25:13,333.9,0
2021-05-27 10:25:14,333.9,0
2021-05-27 10:25:15,333.9,0
2021-05-27 10:25:16,333.9,0
2021-05-27 10:25:17,333.9,0
2021-05-27 10:25:18,333.9,0
2021-05-27 10:25:19,333.9,0
2021-05-27 10:25:21,333.9,0
2021-05-27 10:25:22,333.9,0
2021-05-27 10:25:23,333.85,0
2021-05-27 10:25:24,333.9,0
2021-05-27 10:25:25,333.85,0
2021-05-27 10:25:26,333.95,0
2021-05-27 10:25:27,333.9,0
2021-05-27 10:25:29,333.9,0
2021-05-27 10:25:30,333.9,0
2021-05-27 10:25:32,333.9,0
2021-05-27 10:25:34,333.8,0
2021-05-27 10:25:35,333.8,0
2021-05-27 10:25:36,333.8,0
2021-05-27 10:25:37,333.75,0
2021-05-27 10:25:38,333.8,0
2021-05-27 10:25:39,333.85,0
2021-05-27 10:25:40,333.8,0
2021-05-27 10:25:43,333.8,0
2021-05-27 10:25:44,333.8,0
2021-05-27 10:25:45,333.8,0
2021-05-27 10:25:46,333.8,0
2021-05-27 10:25:48,333.8,0
2021-05-27 10:25:50,333.8,0
2021-05-27 10:25:51,333.75,0
2021-05-27 10:25:52,333.75,0
2021-05-27 10:25:54,333.8,0
2021-05-27 10:25:55,333.8,0
2021-05-27 10:25:56,333.8,0
2021-05-27 10:25:58,333.8,0
2021-05-27 10:25:59,333.8,0
2021-05-27 10:26:00,333.8,0
2021-05-27 10:26:02,333.75,0
2021-05-27 10:26:03,333.85,0
2021-05-27 10:26:04,333.85,0
2021-05-27 10:26:07,333.85,0
2021-05-27 10:26:08,333.85,0
2021-05-27 10:26:09,333.85,0
2021-05-27 10:26:10,333.85,0
2021-05-27 10:26:11,333.8,0
2021-05-27 10:26:12,333.85,0
2021-05-27 10:26:13,333.85,0
2021-05-27 10:26:15,333.85,0
2021-05-27 10:26:16,333.85,0
2021-05-27 10:26:17,333.85,0
2021-05-27 10:26:19,333.85,0
2021-05-27 10:26:20,333.85,0
2021-05-27 10:26:21,333.85,0
2021-05-27 10:26:23,333.85,0
2021-05-27 10:26:24,333.8,0
2021-05-27 10:26:25,333.85,0
2021-05-27 10:26:26,333.85,0
2021-05-27 10:26:27,333.85,0
2021-05-27 10:26:28,333.85,0
2021-05-27 10:26:29,333.85,0
2021-05-27 10:26:30,333.85,0
2021-05-27 10:26:33,333.75,0
2021-05-27 10:26:34,333.7,0
2021-05-27 10:26:35,333.7,0
2021-05-27 10:26:36,333.75,0
2021-05-27 10:26:37,333.75,0
2021-05-27 10:26:38,333.7,0
2021-05-27 10:26:39,333.75,0
2021-05-27 10:26:40,333.75,0
2021-05-27 10:26:41,333.75,0
2021-05-27 10:26:43,333.75,0
2021-05-27 10:26:45,333.75,0
2021-05-27 10:26:46,333.8,0
2021-05-27 10:26:48,333.75,0
2021-05-27 10:26:50,333.8,0
2021-05-27 10:26:51,333.75,0
2021-05-27 10:26:52,333.75,0
2021-05-27 10:26:53,333.7,0
2021-05-27 10:26:54,333.75,0
2021-05-27 10:26:55,333.7,0
2021-05-27 10:26:56,333.7,0
2021-05-27 10:26:57,333.7,0
2021-05-27 10:26:58,333.7,0
2021-05-27 10:26:59,333.7,0
2021-05-27 10:27:00,333.7,0
2021-05-27 10:27:01,333.65,0
2021-05-27 10:27:02,333.65,0
2021-05-27 10:27:03,333.65,0
2021-05-27 10:27:04,333.6,0
2021-05-27 10:27:05,333.6,0
2021-05-27 10:27:06,333.6,0
2021-05-27 10:27:07,333.6,0
2021-05-27 10:27:08,333.6,0
2021-05-27 10:27:09,333.65,0
2021-05-27 10:27:10,333.6,0
2021-05-27 10:27:11,333.6,0
2021-05-27 10:27:12,333.6,0
2021-05-27 10:27:13,333.6,0
2021-05-27 10:27:14,333.6,0
2021-05-27 10:27:15,333.6,0
2021-05-27 10:27:16,333.55,0
2021-05-27 10:27:17,333.6,0
2021-05-27 10:27:19,333.6,0
2021-05-27 10:27:20,333.6,0
2021-05-27 10:27:21,333.6,0
2021-05-27 10:27:22,333.6,0
2021-05-27 10:27:23,333.6,0
2021-05-27 10:27:24,333.6,0
2021-05-27 10:27:25,333.6,0
2021-05-27 10:27:26,333.65,0
2021-05-27 10:27:27,333.65,0
2021-05-27 10:27:28,333.55,0
2021-05-27 10:27:29,333.55,0
2021-05-27 10:27:31,333.6,0
2021-05-27 10:27:32,333.65,0
2021-05-27 10:27:34,333.7,0
2021-05-27 10:27:35,333.75,0
2021-05-27 10:27:36,333.7,0
2021-05-27 10:27:37,333.7,0
2021-05-27 10:27:38,333.65,0
2021-05-27 10:27:39,333.65,0
2021-05-27 10:27:40,333.65,0
2021-05-27 10:27:41,333.65,0
2021-05-27 10:27:44,333.65,0
2021-05-27 10:27:46,333.65,0
2021-05-27 10:27:47,333.65,0
2021-05-27 10:27:48,333.65,0
2021-05-27 10:27:49,333.65,0
2021-05-27 10:27:50,333.65,0
2021-05-27 10:27:51,333.65,0
2021-05-27 10:27:52,333.65,0
2021-05-27 10:27:54,333.65,0
2021-05-27 10:27:55,333.65,0
2021-05-27 10:27:56,333.7,0
2021-05-27 10:27:57,333.65,0
2021-05-27 10:27:59,333.75,0
2021-05-27 10:28:00,333.75,0
2021-05-27 10:28:03,333.7,0
2021-05-27 10:28:04,333.7,0
2021-05-27 10:28:06,333.7,0
2021-05-27 10:28:07,333.7,0
2021-05-27 10:28:08,333.7,0
2021-05-27 10:28:09,333.7,0
2021-05-27 10:28:11,333.7,0
2021-05-27 10:28:13,333.6,0
2021-05-27 10:28:14,333.6,0
2021-05-27 10:28:15,333.6,0
2021-05-27 10:28:16,333.6,0
2021-05-27 10:28:18,333.6,0
2021-05-27 10:28:19,333.55,0
2021-05-27 10:28:22,333.5,0
2021-05-27 10:28:23,333.65,0
2021-05-27 10:28:24,333.65,0
2021-05-27 10:28:25,333.55,0
2021-05-27 10:28:26,333.6,0
2021-05-27 10:28:27,333.5,0
2021-05-27 10:28:28,333.5,0
2021-05-27 10:28:29,333.5,0
2021-05-27 10:28:30,333.45,0
2021-05-27 10:28:31,333.45,0
2021-05-27 10:28:32,333.45,0
2021-05-27 10:28:34,333.45,0
2021-05-27 10:28:35,333.45,0
2021-05-27 10:28:36,333.45,0
2021-05-27 10:28:37,333.45,0
2021-05-27 10:28:38,333.45,0
2021-05-27 10:28:39,333.5,0
2021-05-27 10:28:40,333.5,0
2021-05-27 10:28:43,333.45,0
2021-05-27 10:28:45,333.45,0
2021-05-27 10:28:47,333.45,0
2021-05-27 10:28:48,333.45,0
2021-05-27 10:28:49,333.45,0
2021-05-27 10:28:50,333.4,0
2021-05-27 10:28:51,333.4,0
2021-05-27 10:28:53,333.35,0
2021-05-27 10:28:54,333.4,0
2021-05-27 10:28:55,333.3,0
2021-05-27 10:28:56,333.35,0
2021-05-27 10:28:57,333.4,0
2021-05-27 10:28:58,333.35,0
2021-05-27 10:29:00,333.3,0
2021-05-27 10:29:01,333.3,0
2021-05-27 10:29:02,333.3,0
2021-05-27 10:29:03,333.3,0
2021-05-27 10:29:04,333.4,0
2021-05-27 10:29:05,333.3,0
2021-05-27 10:29:07,333.3,0
2021-05-27 10:29:08,333.25,0
2021-05-27 10:29:09,333.35,0
2021-05-27 10:29:10,333.25,0
2021-05-27 10:29:11,333.3,0
2021-05-27 10:29:12,333.25,0
2021-05-27 10:29:13,333.3,0
2021-05-27 10:29:14,333.3,0
2021-05-27 10:29:15,333.3,0
2021-05-27 10:29:16,333.25,0
2021-05-27 10:29:17,333.3,0
2021-05-27 10:29:18,333.25,0
2021-05-27 10:29:19,333.25,0
2021-05-27 10:29:20,333.25,0
2021-05-27 10:29:21,333.35,0
2021-05-27 10:29:22,333.3,0
2021-05-27 10:29:24,333.35,0
2021-05-27 10:29:25,333.4,0
2021-05-27 10:29:26,333.4,0
2021-05-27 10:29:27,333.45,0
2021-05-27 10:29:28,333.5,0
2021-05-27 10:29:29,333.45,0
2021-05-27 10:29:30,333.45,0
2021-05-27 10:29:31,333.4,0
2021-05-27 10:29:32,333.45,0
2021-05-27 10:29:33,333.5,0
2021-05-27 10:29:34,333.45,0
2021-05-27 10:29:35,333.45,0
2021-05-27 10:29:36,333.45,0
2021-05-27 10:29:37,333.5,0
2021-05-27 10:29:38,333.5,0
2021-05-27 10:29:39,333.5,0
2021-05-27 10:29:40,333.5,0
2021-05-27 10:29:41,333.5,0
2021-05-27 10:29:42,333.5,0
2021-05-27 10:29:44,333.45,0
2021-05-27 10:29:45,333.45,0
2021-05-27 10:29:46,333.45,0
2021-05-27 10:29:47,333.5,0
2021-05-27 10:29:49,333.5,0
2021-05-27 10:29:50,333.4,0
2021-05-27 10:29:51,333.45,0
2021-05-27 10:29:52,333.45,0
2021-05-27 10:29:54,333.45,0
2021-05-27 10:29:55,333.45,0
2021-05-27 10:29:56,333.45,0
2021-05-27 10:29:57,333.5,0
2021-05-27 10:29:59,333.45,0
2021-05-27 10:30:00,333.45,0
2021-05-27 10:30:01,333.45,0
2021-05-27 10:30:02,333.45,0
2021-05-27 10:30:03,333.45,0
2021-05-27 10:30:04,333.45,0
2021-05-27 10:30:05,333.45,0
2021-05-27 10:30:06,333.4,0
2021-05-27 10:30:07,333.35,0
2021-05-27 10:30:12,333.6,0
2021-05-27 10:30:13,333.6,0
2021-05-27 10:30:14,333.6,0
2021-05-27 10:30:15,333.55,0
2021-05-27 10:30:17,333.6,0
2021-05-27 10:30:18,333.6,0
2021-05-27 10:30:19,333.6,0
2021-05-27 10:30:20,333.6,0
2021-05-27 10:30:21,333.55,0
2021-05-27 10:30:22,333.55,0
2021-05-27 10:30:23,333.55,0
2021-05-27 10:30:24,333.6,0
2021-05-27 10:30:25,333.6,0
2021-05-27 10:30:26,333.6,0
2021-05-27 10:30:27,333.6,0
2021-05-27 10:30:29,333.55,0
2021-05-27 10:30:32,333.55,0
2021-05-27 10:30:33,333.55,0
2021-05-27 10:30:34,333.55,0
2021-05-27 10:30:39,333.45,0
2021-05-27 10:30:40,333.5,0
2021-05-27 10:30:41,333.5,0
2021-05-27 10:30:42,333.4,0
2021-05-27 10:30:43,333.45,0
2021-05-27 10:30:44,333.45,0
2021-05-27 10:30:46,333.5,0
2021-05-27 10:30:47,333.55,0
2021-05-27 10:30:48,333.5,0
2021-05-27 10:30:49,333.55,0
2021-05-27 10:30:50,333.55,0
2021-05-27 10:30:51,333.55,0
2021-05-27 10:30:52,333.55,0
2021-05-27 10:30:53,333.55,0
2021-05-27 10:30:54,333.55,0
2021-05-27 10:30:55,333.5,0
2021-05-27 10:30:56,333.55,0
2021-05-27 10:30:57,333.5,0
2021-05-27 10:30:59,333.45,0
2021-05-27 10:31:00,333.5,0
2021-05-27 10:31:01,333.5,0
2021-05-27 10:31:02,333.5,0
2021-05-27 10:31:03,333.45,0
2021-05-27 10:31:06,333.4,0
2021-05-27 10:31:07,333.4,0
2021-05-27 10:31:08,333.3,0
2021-05-27 10:31:09,333.3,0
2021-05-27 10:31:10,333.35,0
2021-05-27 10:31:11,333.35,0
2021-05-27 10:31:13,333.35,0
2021-05-27 10:31:14,333.45,0
2021-05-27 10:31:15,333.45,0
2021-05-27 10:31:16,333.45,0
2021-05-27 10:31:17,333.45,0
2021-05-27 10:31:18,333.45,0
2021-05-27 10:31:19,333.4,0
2021-05-27 10:31:20,333.4,0
2021-05-27 10:31:21,333.45,0
2021-05-27 10:31:22,333.45,0
2021-05-27 10:31:23,333.5,0
2021-05-27 10:31:24,333.45,0
2021-05-27 10:31:25,333.4,0
2021-05-27 10:31:27,333.4,0
2021-05-27 10:31:28,333.3,0
2021-05-27 10:31:29,333.35,0
2021-05-27 10:31:32,333.35,0
2021-05-27 10:31:33,333.35,0
2021-05-27 10:31:34,333.35,0
2021-05-27 10:31:35,333.3,0
2021-05-27 10:31:36,333.3,0
2021-05-27 10:31:37,333.3,0
2021-05-27 10:31:38,333.35,0
2021-05-27 10:31:39,333.35,0
2021-05-27 10:31:40,333.35,0
2021-05-27 10:31:41,333.35,0
2021-05-27 10:31:42,333.45,0
2021-05-27 10:31:43,333.45,0
2021-05-27 10:31:45,333.4,0
2021-05-27 10:31:46,333.35,0
2021-05-27 10:31:47,333.4,0
2021-05-27 10:31:49,333.4,0
2021-05-27 10:31:50,333.5,0
2021-05-27 10:31:51,333.45,0
2021-05-27 10:31:52,333.55,0
2021-05-27 10:31:53,333.55,0
2021-05-27 10:31:54,333.55,0
2021-05-27 10:31:55,333.55,0
2021-05-27 10:31:56,333.5,0
2021-05-27 10:31:57,333.45,0
2021-05-27 10:31:59,333.45,0
2021-05-27 10:32:01,333.45,0
2021-05-27 10:32:02,333.45,0
2021-05-27 10:32:04,333.35,0
2021-05-27 10:32:05,333.4,0
2021-05-27 10:32:06,333.35,0
2021-05-27 10:32:08,333.35,0
2021-05-27 10:32:09,333.35,0
2021-05-27 10:32:10,333.25,0
2021-05-27 10:32:11,333.25,0
2021-05-27 10:32:13,333.3,0
2021-05-27 10:32:14,333.25,0
2021-05-27 10:32:15,333.25,0
2021-05-27 10:32:16,333.25,0
2021-05-27 10:32:17,333.25,0
2021-05-27 10:32:18,333.25,0
2021-05-27 10:32:19,333.2,0
2021-05-27 10:32:20,333.2,0
2021-05-27 10:32:21,333.15,0
2021-05-27 10:32:22,333.15,0
2021-05-27 10:32:23,333.15,0
2021-05-27 10:32:24,333.15,0
2021-05-27 10:32:25,333.15,0
2021-05-27 10:32:26,333.2,0
2021-05-27 10:32:27,333.2,0
2021-05-27 10:32:28,333.2,0
2021-05-27 10:32:30,333.25,0
2021-05-27 10:32:31,333.25,0
2021-05-27 10:32:32,333.25,0
2021-05-27 10:32:33,333.2,0
2021-05-27 10:32:34,333.2,0
2021-05-27 10:32:35,333.25,0
2021-05-27 10:32:36,333.25,0
2021-05-27 10:32:37,333.25,0
2021-05-27 10:32:38,333.2,0
2021-05-27 10:32:40,333.25,0
2021-05-27 10:32:41,333.3,0
2021-05-27 10:32:42,333.2,0
2021-05-27 10:32:43,333.3,0
2021-05-27 10:32:45,333.15,0
2021-05-27 10:32:46,333.2,0
2021-05-27 10:32:48,333.2,0
2021-05-27 10:32:50,333.1,0
2021-05-27 10:32:51,333.2,0
2021-05-27 10:32:52,333.2,0
2021-05-27 10:32:53,333.25,0
2021-05-27 10:32:54,333.2,0
2021-05-27 10:32:55,333.2,0
2021-05-27 10:32:59,333.25,0
2021-05-27 10:33:01,333.15,0
2021-05-27 10:33:02,333.1,0
2021-05-27 10:33:04,333.15,0
2021-05-27 10:33:05,333.15,0
2021-05-27 10:33:06,333.3,0
2021-05-27 10:33:07,333.25,0
2021-05-27 10:33:08,333.25,0
2021-05-27 10:33:09,333.3,0
2021-05-27 10:33:10,333.25,0
2021-05-27 10:33:11,333.35,0
2021-05-27 10:33:13,333.35,0
2021-05-27 10:33:12,333.35,0
2021-05-27 10:33:14,333.35,0
2021-05-27 10:33:15,333.35,0
2021-05-27 10:33:16,333.35,0
2021-05-27 10:33:17,333.4,0
2021-05-27 10:33:19,333.45,0
2021-05-27 10:33:20,333.4,0
2021-05-27 10:33:21,333.4,0
2021-05-27 10:33:22,333.35,0
2021-05-27 10:33:23,333.4,0
2021-05-27 10:33:24,333.4,0
2021-05-27 10:33:25,333.5,0
2021-05-27 10:33:26,333.5,0
2021-05-27 10:33:27,333.5,0
2021-05-27 10:33:28,333.45,0
2021-05-27 10:33:29,333.4,0
2021-05-27 10:33:31,333.4,0
2021-05-27 10:33:32,333.6,0
2021-05-27 10:33:33,333.6,0
2021-05-27 10:33:34,333.55,0
2021-05-27 10:33:35,333.6,0
2021-05-27 10:33:36,333.6,0
2021-05-27 10:33:37,333.6,0
2021-05-27 10:33:38,333.6,0
2021-05-27 10:33:39,333.65,0
2021-05-27 10:33:40,333.65,0
2021-05-27 10:33:41,333.6,0
2021-05-27 10:33:42,333.6,0
2021-05-27 10:33:43,333.6,0
2021-05-27 10:33:44,333.6,0
2021-05-27 10:33:46,333.6,0
2021-05-27 10:33:48,333.6,0
2021-05-27 10:33:49,333.6,0
2021-05-27 10:33:50,333.65,0
2021-05-27 10:33:51,333.6,0
2021-05-27 10:33:52,333.6,0
2021-05-27 10:33:53,333.55,0
2021-05-27 10:33:54,333.55,0
2021-05-27 10:33:55,333.55,0
2021-05-27 10:33:56,333.55,0
2021-05-27 10:33:57,333.55,0
2021-05-27 10:33:58,333.55,0
2021-05-27 10:34:00,333.55,0
2021-05-27 10:34:01,333.55,0
2021-05-27 10:34:03,333.55,0
2021-05-27 10:34:04,333.45,0
2021-05-27 10:34:05,333.55,0
2021-05-27 10:34:06,333.55,0
2021-05-27 10:34:07,333.55,0
2021-05-27 10:34:08,333.5,0
2021-05-27 10:34:09,333.55,0
2021-05-27 10:34:10,333.5,0
2021-05-27 10:34:11,333.5,0
2021-05-27 10:34:12,333.5,0
2021-05-27 10:34:13,333.5,0
2021-05-27 10:34:14,333.5,0
2021-05-27 10:34:16,333.55,0
2021-05-27 10:34:17,333.55,0
2021-05-27 10:34:18,333.6,0
2021-05-27 10:34:19,333.6,0
2021-05-27 10:34:20,333.6,0
2021-05-27 10:34:22,333.5,0
2021-05-27 10:34:23,333.5,0
2021-05-27 10:34:25,333.5,0
2021-05-27 10:34:27,333.55,0
2021-05-27 10:34:28,333.5,0
2021-05-27 10:34:29,333.55,0
2021-05-27 10:34:30,333.65,0
2021-05-27 10:34:31,333.55,0
2021-05-27 10:34:32,333.55,0
2021-05-27 10:34:33,333.5,0
2021-05-27 10:34:34,333.55,0
2021-05-27 10:34:35,333.5,0
2021-05-27 10:34:36,333.5,0
2021-05-27 10:34:38,333.5,0
2021-05-27 10:34:39,333.5,0
2021-05-27 10:34:41,333.5,0
2021-05-27 10:34:42,333.55,0
2021-05-27 10:34:43,333.5,0
2021-05-27 10:34:45,333.5,0
2021-05-27 10:34:46,333.5,0
2021-05-27 10:34:47,333.5,0
2021-05-27 10:34:48,333.55,0
2021-05-27 10:34:49,333.5,0
2021-05-27 10:34:50,333.55,0
2021-05-27 10:34:51,333.55,0
2021-05-27 10:34:52,333.6,0
2021-05-27 10:34:54,333.55,0
2021-05-27 10:34:55,333.5,0
2021-05-27 10:34:56,333.5,0
2021-05-27 10:34:57,333.55,0
2021-05-27 10:34:58,333.55,0
2021-05-27 10:34:59,333.55,0
2021-05-27 10:35:00,333.55,0
2021-05-27 10:35:01,333.5,0
2021-05-27 10:35:02,333.4,0
2021-05-27 10:35:03,333.4,0
2021-05-27 10:35:04,333.45,0
2021-05-27 10:35:05,333.45,0
2021-05-27 10:35:06,333.45,0
2021-05-27 10:35:07,333.5,0
2021-05-27 10:35:08,333.5,0
2021-05-27 10:35:09,333.5,0
2021-05-27 10:35:13,333.5,0
2021-05-27 10:35:14,333.45,0
2021-05-27 10:35:15,333.4,0
2021-05-27 10:35:17,333.4,0
2021-05-27 10:35:19,333.4,0
2021-05-27 10:35:20,333.45,0
2021-05-27 10:35:21,333.45,0
2021-05-27 10:35:23,333.35,0
2021-05-27 10:35:24,333.35,0
2021-05-27 10:35:26,333.4,0
2021-05-27 10:35:27,333.45,0
2021-05-27 10:35:28,333.45,0
2021-05-27 10:35:29,333.45,0
2021-05-27 10:35:30,333.4,0
2021-05-27 10:35:31,333.45,0
2021-05-27 10:35:32,333.5,0
2021-05-27 10:35:33,333.4,0
2021-05-27 10:35:36,333.45,0
2021-05-27 10:35:37,333.45,0
2021-05-27 10:35:38,333.4,0
2021-05-27 10:35:40,333.4,0
2021-05-27 10:35:41,333.4,0
2021-05-27 10:35:42,333.4,0
2021-05-27 10:35:43,333.4,0
2021-05-27 10:35:44,333.45,0
2021-05-27 10:35:45,333.4,0
2021-05-27 10:35:48,333.45,0
2021-05-27 10:35:47,333.45,0
2021-05-27 10:35:49,333.4,0
2021-05-27 10:35:50,333.4,0
2021-05-27 10:35:51,333.4,0
2021-05-27 10:35:52,333.45,0
2021-05-27 10:35:53,333.45,0
2021-05-27 10:35:57,333.5,0
2021-05-27 10:36:00,333.5,0
2021-05-27 10:36:01,333.5,0
2021-05-27 10:36:02,333.65,0
2021-05-27 10:36:03,333.65,0
2021-05-27 10:36:04,333.6,0
2021-05-27 10:36:05,333.65,0
2021-05-27 10:36:06,333.6,0
2021-05-27 10:36:07,333.55,0
2021-05-27 10:36:08,333.55,0
2021-05-27 10:36:09,333.65,0
2021-05-27 10:36:10,333.6,0
2021-05-27 10:36:12,333.55,0
2021-05-27 10:36:13,333.55,0
2021-05-27 10:36:14,333.55,0
2021-05-27 10:36:15,333.55,0
2021-05-27 10:36:16,333.6,0
2021-05-27 10:36:17,333.6,0
2021-05-27 10:36:18,333.65,0
2021-05-27 10:36:19,333.6,0
2021-05-27 10:36:20,333.65,0
2021-05-27 10:36:21,333.65,0
2021-05-27 10:36:22,333.7,0
2021-05-27 10:36:23,333.7,0
2021-05-27 10:36:24,333.65,0
2021-05-27 10:36:25,333.7,0
2021-05-27 10:36:27,333.7,0
2021-05-27 10:36:28,333.7,0
2021-05-27 10:36:29,333.65,0
2021-05-27 10:36:30,333.6,0
2021-05-27 10:36:31,333.5,0
2021-05-27 10:36:32,333.5,0
2021-05-27 10:36:33,333.55,0
2021-05-27 10:36:34,333.55,0
2021-05-27 10:36:35,333.55,0
2021-05-27 10:36:36,333.55,0
2021-05-27 10:36:37,333.5,0
2021-05-27 10:36:38,333.55,0
2021-05-27 10:36:39,333.6,0
2021-05-27 10:36:40,333.65,0
2021-05-27 10:36:41,333.75,0
2021-05-27 10:36:42,333.7,0
2021-05-27 10:36:43,333.7,0
2021-05-27 10:36:44,333.7,0
2021-05-27 10:36:46,333.8,0
2021-05-27 10:36:47,333.8,0
2021-05-27 10:36:48,333.8,0
2021-05-27 10:36:49,333.8,0
2021-05-27 10:36:50,333.8,0
2021-05-27 10:36:51,333.75,0
2021-05-27 10:36:52,333.75,0
2021-05-27 10:36:53,333.75,0
2021-05-27 10:36:56,333.7,0
2021-05-27 10:36:57,333.7,0
2021-05-27 10:37:00,333.7,0
2021-05-27 10:37:01,333.8,0
2021-05-27 10:37:02,333.8,0
2021-05-27 10:37:03,333.8,0
2021-05-27 10:37:04,333.8,0
2021-05-27 10:37:05,333.8,0
2021-05-27 10:37:06,333.85,0
2021-05-27 10:37:07,333.75,0
2021-05-27 10:37:08,333.8,0
2021-05-27 10:37:09,333.7,0
2021-05-27 10:37:10,333.7,0
2021-05-27 10:37:11,333.7,0
2021-05-27 10:37:13,333.65,0
2021-05-27 10:37:14,333.65,0
2021-05-27 10:37:15,333.65,0
2021-05-27 10:37:16,333.7,0
2021-05-27 10:37:17,333.65,0
2021-05-27 10:37:18,333.65,0
2021-05-27 10:37:22,333.6,0
2021-05-27 10:37:23,333.6,0
2021-05-27 10:37:24,333.55,0
2021-05-27 10:37:25,333.55,0
2021-05-27 10:37:26,333.55,0
2021-05-27 10:37:27,333.55,0
2021-05-27 10:37:28,333.5,0
2021-05-27 10:37:33,333.55,0
2021-05-27 10:37:34,333.6,0
2021-05-27 10:37:37,333.55,0
2021-05-27 10:37:38,333.55,0
2021-05-27 10:37:40,333.5,0
2021-05-27 10:37:41,333.5,0
2021-05-27 10:37:42,333.5,0
2021-05-27 10:37:44,333.5,0
2021-05-27 10:37:45,333.5,0
2021-05-27 10:37:47,333.55,0
2021-05-27 10:37:48,333.55,0
2021-05-27 10:37:49,333.55,0
2021-05-27 10:37:50,333.55,0
2021-05-27 10:37:51,333.55,0
2021-05-27 10:37:52,333.6,0
2021-05-27 10:37:53,333.6,0
2021-05-27 10:37:54,333.55,0
2021-05-27 10:37:55,333.55,0
2021-05-27 10:37:57,333.5,0
2021-05-27 10:37:58,333.5,0
2021-05-27 10:37:59,333.5,0
2021-05-27 10:38:00,333.5,0
2021-05-27 10:38:01,333.5,0
2021-05-27 10:38:02,333.45,0
2021-05-27 10:38:03,333.45,0
2021-05-27 10:38:04,333.45,0
2021-05-27 10:38:05,333.45,0
2021-05-27 10:38:06,333.45,0
2021-05-27 10:38:07,333.45,0
2021-05-27 10:38:08,333.5,0
2021-05-27 10:38:09,333.5,0
2021-05-27 10:38:12,333.5,0
2021-05-27 10:38:11,333.5,0
