timestamp,ltp,volume
2021-05-27 09:25:17,16356.65,0
2021-05-27 09:25:21,16362.75,0
2021-05-27 09:25:23,16361.9,0
2021-05-27 09:25:30,16363.45,0
2021-05-27 09:25:52,16364.2,0
2021-05-27 09:26:09,16355.0,0
2021-05-27 09:26:12,16355.9,0
2021-05-27 09:26:13,16359.0,0
2021-05-27 09:26:18,16359.4,0
2021-05-27 09:26:24,16358.1,0
2021-05-27 09:26:35,16357.8,0
2021-05-27 09:26:42,16359.05,0
2021-05-27 09:26:43,16357.15,0
2021-05-27 09:26:45,16357.75,0
2021-05-27 09:26:48,16357.0,0
2021-05-27 09:26:50,16357.95,0
2021-05-27 09:26:53,16358.3,0
2021-05-27 09:26:54,16357.85,0
2021-05-27 09:27:04,16355.8,0
2021-05-27 09:27:09,16355.7,0
2021-05-27 09:27:13,16358.05,0
2021-05-27 09:27:26,16356.95,0
2021-05-27 09:27:28,16356.35,0
2021-05-27 09:27:33,16357.35,0
2021-05-27 09:27:37,16358.35,0
2021-05-27 09:27:51,16352.4,0
2021-05-27 09:27:53,16352.9,0
2021-05-27 09:27:55,16353.0,0
2021-05-27 09:27:56,16352.8,0
2021-05-27 09:27:57,16352.05,0
2021-05-27 09:28:01,16351.95,0
2021-05-27 09:28:08,16357.3,0
2021-05-27 09:28:10,16357.1,0
2021-05-27 09:28:16,16356.5,0
2021-05-27 09:28:17,16356.8,0
2021-05-27 09:28:37,16355.45,0
2021-05-27 09:28:42,16355.7,0
2021-05-27 09:28:45,16355.65,0
2021-05-27 09:28:48,16356.65,0
2021-05-27 09:28:55,16358.7,0
2021-05-27 09:29:04,16357.9,0
2021-05-27 09:29:07,16359.1,0
2021-05-27 09:29:09,16359.4,0
2021-05-27 09:29:21,16358.75,0
2021-05-27 09:29:35,16352.0,0
2021-05-27 09:29:37,16347.95,0
2021-05-27 09:29:41,16347.5,0
2021-05-27 09:29:49,16347.8,0
2021-05-27 09:29:55,16347.0,0
2021-05-27 09:29:56,16346.65,0
2021-05-27 09:29:59,16350.55,0
2021-05-27 09:30:00,16350.8,0
2021-05-27 09:30:03,16349.55,0
2021-05-27 09:30:08,16344.05,0
2021-05-27 09:30:09,16345.5,0
2021-05-27 09:30:18,16345.0,0
2021-05-27 09:30:22,16344.45,0
2021-05-27 09:30:23,16345.7,0
2021-05-27 09:30:26,16342.35,0
2021-05-27 09:30:27,16343.95,0
2021-05-27 09:30:30,16344.45,0
2021-05-27 09:30:35,16341.75,0
2021-05-27 09:30:41,16338.65,0
2021-05-27 09:30:59,16332.85,0
2021-05-27 09:31:09,16338.3,0
2021-05-27 09:31:14,16339.65,0
2021-05-27 09:31:16,16340.5,0
2021-05-27 09:31:35,16343.6,0
2021-05-27 09:31:39,16343.9,0
2021-05-27 09:31:43,16341.2,0
2021-05-27 09:31:46,16342.15,0
2021-05-27 09:31:47,16341.45,0
2021-05-27 09:31:53,16341.9,0
2021-05-27 09:31:55,16342.2,0
2021-05-27 09:32:08,16340.05,0
2021-05-27 09:32:11,16343.5,0
2021-05-27 09:32:12,16341.95,0
2021-05-27 09:32:18,16344.6,0
2021-05-27 09:32:24,16342.9,0
2021-05-27 09:32:27,16343.55,0
2021-05-27 09:32:28,16342.85,0
2021-05-27 09:32:32,16344.45,0
2021-05-27 09:32:33,16346.1,0
2021-05-27 09:32:37,16344.25,0
2021-05-27 09:32:40,16345.65,0
2021-05-27 09:32:49,16344.7,0
2021-05-27 09:32:51,16343.6,0
2021-05-27 09:32:55,16344.4,0
2021-05-27 09:33:11,16340.35,0
2021-05-27 09:33:12,16342.3,0
2021-05-27 09:33:19,16339.05,0
2021-05-27 09:33:28,16339.55,0
2021-05-27 09:33:35,16341.15,0
2021-05-27 09:33:46,16341.45,0
2021-05-27 09:33:47,16340.35,0
2021-05-27 09:33:48,16340.35,0
2021-05-27 09:33:49,16341.05,0
2021-05-27 09:33:55,16341.85,0
2021-05-27 09:34:00,16342.2,0
2021-05-27 09:34:04,16340.6,0
2021-05-27 09:34:07,16338.9,0
2021-05-27 09:34:14,16340.7,0
2021-05-27 09:34:17,16339.6,0
2021-05-27 09:34:19,16340.9,0
2021-05-27 09:34:24,16341.05,0
2021-05-27 09:34:41,16343.75,0
2021-05-27 09:35:03,16342.45,0
2021-05-27 09:35:09,16338.1,0
2021-05-27 09:35:14,16334.2,0
2021-05-27 09:35:17,16334.45,0
2021-05-27 09:35:20,16333.35,0
2021-05-27 09:35:23,16332.75,0
2021-05-27 09:35:25,16335.1,0
2021-05-27 09:35:28,16334.05,0
2021-05-27 09:35:42,16334.0,0
2021-05-27 09:35:45,16333.6,0
2021-05-27 09:35:46,16334.35,0
2021-05-27 09:35:49,16336.1,0
2021-05-27 09:35:50,16336.85,0
2021-05-27 09:35:58,16334.25,0
2021-05-27 09:36:14,16335.35,0
2021-05-27 09:36:17,16335.65,0
2021-05-27 09:36:27,16334.4,0
2021-05-27 09:36:28,16334.35,0
2021-05-27 09:36:32,16332.2,0
2021-05-27 09:36:33,16332.5,0
2021-05-27 09:36:36,16331.3,0
2021-05-27 09:36:43,16331.55,0
2021-05-27 09:36:47,16334.55,0
2021-05-27 09:36:53,16333.8,0
2021-05-27 09:36:55,16332.7,0
2021-05-27 09:37:00,16333.05,0
2021-05-27 09:37:08,16331.55,0
2021-05-27 09:37:13,16332.3,0
2021-05-27 09:37:21,16334.7,0
2021-05-27 09:37:25,16336.85,0
2021-05-27 09:37:29,16338.45,0
2021-05-27 09:37:33,16345.65,0
2021-05-27 09:37:34,16345.05,0
2021-05-27 09:37:36,16344.45,0
2021-05-27 09:37:46,16345.9,0
2021-05-27 09:37:48,16346.65,0
2021-05-27 09:38:01,16342.65,0
2021-05-27 09:38:02,16342.5,0
2021-05-27 09:38:07,16342.15,0
2021-05-27 09:38:09,16343.0,0
2021-05-27 09:38:12,16344.05,0
2021-05-27 09:38:16,16345.0,0
2021-05-27 09:38:19,16343.95,0
2021-05-27 09:38:20,16343.15,0
2021-05-27 09:38:21,16342.8,0
2021-05-27 09:38:30,16346.4,0
2021-05-27 09:38:38,16347.5,0
2021-05-27 09:38:41,16346.9,0
2021-05-27 09:38:42,16347.95,0
2021-05-27 09:38:45,16346.0,0
2021-05-27 09:38:50,16347.75,0
2021-05-27 09:38:53,16348.2,0
2021-05-27 09:39:13,16341.25,0
2021-05-27 09:39:21,16343.3,0
2021-05-27 09:39:27,16342.9,0
2021-05-27 09:39:40,16341.5,0
2021-05-27 09:39:45,16341.85,0
2021-05-27 09:39:51,16341.55,0
2021-05-27 09:39:56,16338.9,0
2021-05-27 09:40:10,16335.95,0
2021-05-27 09:40:17,16334.25,0
2021-05-27 09:40:22,16337.1,0
2021-05-27 09:40:24,16335.95,0
2021-05-27 09:40:26,16337.35,0
2021-05-27 09:40:27,16338.7,0
2021-05-27 09:40:30,16336.95,0
2021-05-27 09:40:34,16337.55,0
2021-05-27 09:40:35,16337.2,0
2021-05-27 09:40:39,16337.35,0
2021-05-27 09:40:43,16337.05,0
2021-05-27 09:40:47,16338.2,0
2021-05-27 09:40:52,16338.65,0
2021-05-27 09:40:58,16339.8,0
2021-05-27 09:40:59,16339.05,0
2021-05-27 09:41:03,16339.65,0
2021-05-27 09:41:04,16338.8,0
2021-05-27 09:41:11,16336.9,0
2021-05-27 09:41:18,16336.0,0
2021-05-27 09:41:21,16335.65,0
2021-05-27 09:41:22,16335.75,0
2021-05-27 09:41:24,16336.0,0
2021-05-27 09:41:31,16335.45,0
2021-05-27 09:41:39,16332.9,0
2021-05-27 09:41:47,16331.05,0
2021-05-27 09:41:51,16329.15,0
2021-05-27 09:41:53,16328.9,0
2021-05-27 09:41:55,16329.0,0
2021-05-27 09:41:57,16330.65,0
2021-05-27 09:41:59,16328.85,0
2021-05-27 09:42:13,16326.5,0
2021-05-27 09:42:20,16328.2,0
2021-05-27 09:42:25,16328.7,0
2021-05-27 09:42:27,16329.0,0
2021-05-27 09:42:30,16328.75,0
2021-05-27 09:42:32,16327.9,0
2021-05-27 09:42:34,16328.05,0
2021-05-27 09:42:37,16328.65,0
2021-05-27 09:42:43,16328.05,0
2021-05-27 09:42:48,16328.6,0
2021-05-27 09:42:54,16329.2,0
2021-05-27 09:42:55,16328.9,0
2021-05-27 09:43:08,16326.9,0
2021-05-27 09:43:13,16328.6,0
2021-05-27 09:43:14,16327.8,0
2021-05-27 09:43:15,16327.0,0
2021-05-27 09:43:19,16327.35,0
2021-05-27 09:43:21,16327.55,0
2021-05-27 09:43:25,16328.15,0
2021-05-27 09:43:30,16327.4,0
2021-05-27 09:43:34,16329.2,0
2021-05-27 09:43:35,16329.75,0
2021-05-27 09:43:36,16331.15,0
2021-05-27 09:43:59,16334.35,0
2021-05-27 09:44:35,16335.2,0
2021-05-27 09:44:36,16333.6,0
2021-05-27 09:44:37,16334.45,0
2021-05-27 09:44:42,16334.1,0
2021-05-27 09:44:43,16333.6,0
2021-05-27 09:44:51,16334.65,0
2021-05-27 09:44:52,16334.6,0
2021-05-27 09:45:23,16328.6,0
2021-05-27 09:45:24,16327.85,0
2021-05-27 09:45:26,16326.8,0
2021-05-27 09:45:27,16326.25,0
2021-05-27 09:45:29,16327.6,0
2021-05-27 09:45:40,16330.55,0
2021-05-27 09:45:43,16330.85,0
2021-05-27 09:45:45,16331.55,0
2021-05-27 09:45:54,16331.35,0
2021-05-27 09:45:57,16329.7,0
2021-05-27 09:46:01,16326.75,0
2021-05-27 09:46:03,16326.8,0
2021-05-27 09:46:09,16324.95,0
2021-05-27 09:46:10,16326.3,0
2021-05-27 09:46:18,16325.9,0
2021-05-27 09:46:20,16324.15,0
2021-05-27 09:46:22,16325.2,0
2021-05-27 09:46:24,16326.5,0
2021-05-27 09:46:26,16327.45,0
2021-05-27 09:46:27,16328.35,0
2021-05-27 09:46:36,16329.5,0
2021-05-27 09:46:44,16330.5,0
2021-05-27 09:46:46,16330.5,0
2021-05-27 09:46:57,16328.3,0
2021-05-27 09:46:59,16328.7,0
2021-05-27 09:47:00,16329.1,0
2021-05-27 09:47:01,16327.55,0
2021-05-27 09:47:02,16329.45,0
2021-05-27 09:47:04,16326.75,0
2021-05-27 09:47:09,16329.1,0
2021-05-27 09:47:17,16326.7,0
2021-05-27 09:47:21,16330.2,0
2021-05-27 09:47:29,16331.85,0
2021-05-27 09:47:38,16332.8,0
2021-05-27 09:47:55,16331.35,0
2021-05-27 09:48:01,16330.3,0
2021-05-27 09:48:05,16332.1,0
2021-05-27 09:48:08,16331.85,0
2021-05-27 09:48:14,16333.15,0
2021-05-27 09:48:20,16330.15,0
2021-05-27 09:48:23,16331.25,0
2021-05-27 09:48:30,16334.0,0
2021-05-27 09:48:31,16334.1,0
2021-05-27 09:48:37,16335.45,0
2021-05-27 09:48:42,16335.15,0
2021-05-27 09:48:43,16334.85,0
2021-05-27 09:48:44,16335.7,0
2021-05-27 09:48:48,16331.85,0
2021-05-27 09:48:53,16334.1,0
2021-05-27 09:49:01,16335.15,0
2021-05-27 09:49:15,16335.05,0
2021-05-27 09:49:23,16335.4,0
2021-05-27 09:49:39,16337.5,0
2021-05-27 09:49:42,16337.05,0
2021-05-27 09:49:43,16338.65,0
2021-05-27 09:49:44,16338.1,0
2021-05-27 09:49:58,16336.85,0
2021-05-27 09:50:00,16337.65,0
2021-05-27 09:50:19,16336.25,0
2021-05-27 09:50:21,16336.4,0
2021-05-27 09:50:22,16336.1,0
2021-05-27 09:50:24,16335.75,0
2021-05-27 09:50:31,16337.1,0
2021-05-27 09:50:44,16336.15,0
2021-05-27 09:50:50,16335.4,0
2021-05-27 09:50:55,16336.7,0
2021-05-27 09:50:56,16335.3,0
2021-05-27 09:51:06,16336.9,0
2021-05-27 09:51:09,16337.95,0
2021-05-27 09:51:11,16337.65,0
2021-05-27 09:51:28,16336.1,0
2021-05-27 09:51:34,16334.15,0
2021-05-27 09:51:37,16333.8,0
2021-05-27 09:51:42,16334.4,0
2021-05-27 09:51:44,16334.0,0
2021-05-27 09:51:51,16335.3,0
2021-05-27 09:51:52,16334.95,0
2021-05-27 09:52:03,16331.05,0
2021-05-27 09:52:06,16329.85,0
2021-05-27 09:52:11,16328.3,0
2021-05-27 09:52:12,16329.7,0
2021-05-27 09:52:28,16330.3,0
2021-05-27 09:52:30,16333.15,0
2021-05-27 09:52:31,16331.55,0
2021-05-27 09:52:59,16329.0,0
2021-05-27 09:53:05,16328.6,0
2021-05-27 09:53:12,16325.55,0
2021-05-27 09:53:27,16329.55,0
2021-05-27 09:53:31,16326.65,0
2021-05-27 09:53:36,16325.3,0
2021-05-27 09:53:43,16325.6,0
2021-05-27 09:53:48,16330.55,0
2021-05-27 09:53:50,16331.2,0
2021-05-27 09:53:57,16331.95,0
2021-05-27 09:54:07,16332.5,0
2021-05-27 09:54:09,16331.3,0
2021-05-27 09:54:10,16331.25,0
2021-05-27 09:54:19,16332.65,0
2021-05-27 09:54:22,16332.2,0
2021-05-27 09:54:33,16333.2,0
2021-05-27 09:54:38,16328.8,0
2021-05-27 09:54:54,16329.4,0
2021-05-27 09:54:56,16329.25,0
2021-05-27 09:55:01,16328.85,0
2021-05-27 09:55:11,16329.15,0
2021-05-27 09:55:13,16329.95,0
2021-05-27 09:55:16,16330.85,0
2021-05-27 09:55:25,16331.05,0
2021-05-27 09:55:26,16332.0,0
2021-05-27 09:55:27,16331.95,0
2021-05-27 09:55:30,16331.0,0
2021-05-27 09:55:33,16331.8,0
2021-05-27 09:55:34,16331.35,0
2021-05-27 09:55:41,16330.5,0
2021-05-27 09:55:47,16332.85,0
2021-05-27 09:55:48,16332.95,0
2021-05-27 09:55:49,16332.45,0
2021-05-27 09:56:04,16332.35,0
2021-05-27 09:56:05,16332.8,0
2021-05-27 09:56:10,16332.25,0
2021-05-27 09:56:13,16333.75,0
2021-05-27 09:56:14,16333.85,0
2021-05-27 09:56:15,16334.25,0
2021-05-27 09:56:22,16334.45,0
2021-05-27 09:56:29,16337.25,0
2021-05-27 09:56:35,16340.15,0
2021-05-27 09:56:37,16339.55,0
2021-05-27 09:56:50,16339.8,0
2021-05-27 09:56:54,16338.5,0
2021-05-27 09:56:55,16337.05,0
2021-05-27 09:57:04,16338.5,0
2021-05-27 09:57:17,16341.0,0
2021-05-27 09:57:23,16341.1,0
2021-05-27 09:57:28,16341.5,0
2021-05-27 09:57:34,16342.2,0
2021-05-27 09:57:43,16339.5,0
2021-05-27 09:57:48,16340.45,0
2021-05-27 09:57:50,16341.45,0
2021-05-27 09:57:54,16341.5,0
2021-05-27 09:58:03,16340.75,0
2021-05-27 09:58:05,16340.9,0
2021-05-27 09:58:07,16341.6,0
2021-05-27 09:58:09,16341.0,0
2021-05-27 09:58:27,16339.85,0
2021-05-27 09:58:32,16337.4,0
2021-05-27 09:58:37,16337.95,0
2021-05-27 09:58:49,16337.8,0
2021-05-27 09:59:01,16337.25,0
2021-05-27 09:59:03,16337.35,0
2021-05-27 09:59:05,16337.0,0
2021-05-27 09:59:13,16335.65,0
2021-05-27 09:59:18,16337.2,0
2021-05-27 09:59:39,16338.3,0
2021-05-27 09:59:47,16337.15,0
2021-05-27 09:59:49,16337.9,0
2021-05-27 09:59:51,16336.75,0
2021-05-27 09:59:52,16337.75,0
2021-05-27 10:00:01,16337.25,0
2021-05-27 10:00:11,16338.45,0
2021-05-27 10:00:15,16339.6,0
2021-05-27 10:00:17,16339.35,0
2021-05-27 10:00:18,16338.1,0
2021-05-27 10:00:27,16339.3,0
2021-05-27 10:00:30,16339.6,0
2021-05-27 10:00:36,16340.5,0
2021-05-27 10:00:43,16341.4,0
2021-05-27 10:00:53,16343.5,0
2021-05-27 10:00:57,16342.15,0
2021-05-27 10:00:58,16343.3,0
2021-05-27 10:01:00,16342.8,0
2021-05-27 10:01:02,16343.75,0
2021-05-27 10:01:06,16343.4,0
2021-05-27 10:01:09,16344.6,0
2021-05-27 10:01:12,16345.25,0
2021-05-27 10:01:43,16346.8,0
2021-05-27 10:01:45,16345.9,0
2021-05-27 10:01:47,16346.35,0
2021-05-27 10:01:51,16347.1,0
2021-05-27 10:01:58,16347.25,0
2021-05-27 10:02:03,16350.05,0
2021-05-27 10:02:12,16349.65,0
2021-05-27 10:02:18,16350.0,0
2021-05-27 10:02:21,16351.35,0
2021-05-27 10:02:25,16350.8,0
2021-05-27 10:02:43,16350.05,0
2021-05-27 10:02:59,16350.65,0
2021-05-27 10:03:04,16351.4,0
2021-05-27 10:03:12,16350.6,0
2021-05-27 10:03:19,16349.7,0
2021-05-27 10:03:22,16351.75,0
2021-05-27 10:03:27,16350.05,0
2021-05-27 10:03:29,16349.55,0
2021-05-27 10:03:31,16348.7,0
2021-05-27 10:03:35,16348.55,0
2021-05-27 10:03:41,16346.7,0
2021-05-27 10:03:45,16347.0,0
2021-05-27 10:03:52,16345.75,0
2021-05-27 10:04:34,16349.3,0
2021-05-27 10:04:36,16350.2,0
2021-05-27 10:04:42,16351.65,0
2021-05-27 10:04:47,16352.2,0
2021-05-27 10:04:48,16352.65,0
2021-05-27 10:04:49,16352.05,0
2021-05-27 10:05:01,16355.1,0
2021-05-27 10:05:14,16361.5,0
2021-05-27 10:05:22,16360.85,0
2021-05-27 10:05:23,16360.2,0
2021-05-27 10:05:25,16357.8,0
2021-05-27 10:05:31,16358.1,0
2021-05-27 10:05:35,16358.65,0
2021-05-27 10:05:38,16357.75,0
2021-05-27 10:06:00,16361.1,0
2021-05-27 10:06:13,16358.75,0
2021-05-27 10:06:15,16357.35,0
2021-05-27 10:06:16,16358.7,0
2021-05-27 10:06:21,16359.9,0
2021-05-27 10:06:27,16358.7,0
2021-05-27 10:06:30,16359.5,0
2021-05-27 10:06:39,16359.3,0
2021-05-27 10:06:50,16364.45,0
2021-05-27 10:06:54,16363.75,0
2021-05-27 10:06:55,16364.3,0
2021-05-27 10:07:08,16367.55,0
2021-05-27 10:07:12,16365.8,0
2021-05-27 10:07:32,16369.85,0
2021-05-27 10:07:40,16369.15,0
2021-05-27 10:07:51,16367.8,0
2021-05-27 10:07:55,16370.15,0
2021-05-27 10:08:03,16368.0,0
2021-05-27 10:08:24,16368.55,0
2021-05-27 10:08:36,16366.2,0
2021-05-27 10:08:39,16366.25,0
2021-05-27 10:08:41,16366.65,0
2021-05-27 10:08:48,16366.75,0
2021-05-27 10:08:51,16367.05,0
2021-05-27 10:08:53,16366.45,0
2021-05-27 10:09:00,16364.5,0
2021-05-27 10:09:01,16364.95,0
2021-05-27 10:09:02,16366.15,0
2021-05-27 10:09:03,16364.5,0
2021-05-27 10:09:14,16358.9,0
2021-05-27 10:09:25,16359.1,0
2021-05-27 10:09:30,16356.85,0
2021-05-27 10:09:34,16359.1,0
2021-05-27 10:09:46,16356.6,0
2021-05-27 10:10:00,16355.25,0
2021-05-27 10:10:02,16355.6,0
2021-05-27 10:10:07,16356.15,0
2021-05-27 10:10:11,16355.45,0
2021-05-27 10:10:12,16355.55,0
2021-05-27 10:10:13,16354.3,0
2021-05-27 10:10:17,16354.6,0
2021-05-27 10:10:22,16355.1,0
2021-05-27 10:10:23,16353.75,0
2021-05-27 10:10:37,16348.6,0
2021-05-27 10:10:41,16348.4,0
2021-05-27 10:10:44,16347.4,0
2021-05-27 10:10:47,16348.45,0
2021-05-27 10:10:55,16348.95,0
2021-05-27 10:10:57,16347.7,0
2021-05-27 10:11:01,16349.5,0
2021-05-27 10:11:16,16349.8,0
2021-05-27 10:11:18,16347.65,0
2021-05-27 10:11:20,16347.2,0
2021-05-27 10:11:34,16345.1,0
2021-05-27 10:11:35,16344.0,0
2021-05-27 10:11:42,16345.15,0
2021-05-27 10:11:44,16346.7,0
2021-05-27 10:11:48,16349.7,0
2021-05-27 10:11:56,16351.0,0
2021-05-27 10:12:07,16350.2,0
2021-05-27 10:12:10,16351.6,0
2021-05-27 10:12:13,16349.45,0
2021-05-27 10:12:14,16350.45,0
2021-05-27 10:12:25,16352.2,0
2021-05-27 10:12:26,16351.1,0
2021-05-27 10:12:33,16351.25,0
2021-05-27 10:12:34,16351.35,0
2021-05-27 10:12:35,16351.05,0
2021-05-27 10:12:36,16351.1,0
2021-05-27 10:12:38,16350.2,0
2021-05-27 10:12:40,16349.7,0
2021-05-27 10:12:43,16351.1,0
2021-05-27 10:12:46,16349.3,0
2021-05-27 10:13:01,16345.15,0
2021-05-27 10:13:02,16345.95,0
2021-05-27 10:13:16,16347.35,0
2021-05-27 10:13:18,16346.35,0
2021-05-27 10:13:20,16346.7,0
2021-05-27 10:13:24,16347.1,0
2021-05-27 10:13:29,16346.3,0
2021-05-27 10:13:37,16342.8,0
2021-05-27 10:13:40,16342.85,0
2021-05-27 10:13:43,16342.65,0
2021-05-27 10:13:48,16339.3,0
2021-05-27 10:13:50,16341.95,0
2021-05-27 10:13:54,16343.5,0
2021-05-27 10:14:04,16344.6,0
2021-05-27 10:14:06,16344.45,0
2021-05-27 10:14:07,16344.0,0
2021-05-27 10:14:08,16344.35,0
2021-05-27 10:14:24,16346.35,0
2021-05-27 10:14:25,16346.15,0
2021-05-27 10:14:32,16346.05,0
2021-05-27 10:14:44,16349.7,0
2021-05-27 10:14:48,16348.3,0
2021-05-27 10:14:56,16347.65,0
2021-05-27 10:15:06,16349.55,0
2021-05-27 10:15:09,16346.45,0
2021-05-27 10:15:12,16346.95,0
2021-05-27 10:15:26,16343.55,0
2021-05-27 10:15:28,16343.4,0
2021-05-27 10:15:32,16344.35,0
2021-05-27 10:15:34,16345.0,0
2021-05-27 10:15:36,16342.85,0
2021-05-27 10:15:41,16343.05,0
2021-05-27 10:15:43,16343.7,0
2021-05-27 10:15:50,16345.85,0
2021-05-27 10:15:58,16344.6,0
2021-05-27 10:16:22,16345.25,0
2021-05-27 10:16:25,16346.05,0
2021-05-27 10:16:26,16346.5,0
2021-05-27 10:16:32,16344.65,0
2021-05-27 10:16:35,16345.75,0
2021-05-27 10:16:41,16346.05,0
2021-05-27 10:16:50,16346.75,0
2021-05-27 10:16:51,16345.8,0
2021-05-27 10:17:01,16347.3,0
2021-05-27 10:17:11,16348.5,0
2021-05-27 10:17:13,16349.1,0
2021-05-27 10:17:14,16349.0,0
2021-05-27 10:17:20,16352.6,0
2021-05-27 10:17:25,16352.3,0
2021-05-27 10:17:32,16352.6,0
2021-05-27 10:17:45,16352.15,0
2021-05-27 10:17:55,16351.85,0
2021-05-27 10:17:56,16352.95,0
2021-05-27 10:18:07,16352.65,0
2021-05-27 10:18:13,16352.9,0
2021-05-27 10:18:15,16352.0,0
2021-05-27 10:18:16,16351.65,0
2021-05-27 10:18:18,16351.4,0
2021-05-27 10:18:19,16352.5,0
2021-05-27 10:18:27,16354.9,0
2021-05-27 10:18:34,16355.5,0
2021-05-27 10:18:40,16356.65,0
2021-05-27 10:18:42,16356.1,0
2021-05-27 10:18:47,16355.2,0
2021-05-27 10:18:57,16356.2,0
2021-05-27 10:18:58,16356.5,0
2021-05-27 10:19:04,16357.2,0
2021-05-27 10:19:05,16356.3,0
2021-05-27 10:19:13,16356.0,0
2021-05-27 10:19:19,16354.85,0
2021-05-27 10:19:21,16355.55,0
2021-05-27 10:19:26,16355.1,0
2021-05-27 10:19:29,16356.95,0
2021-05-27 10:19:34,16356.4,0
2021-05-27 10:19:55,16360.4,0
2021-05-27 10:20:01,16359.1,0
2021-05-27 10:20:05,16358.2,0
2021-05-27 10:20:11,16358.5,0
2021-05-27 10:20:12,16359.05,0
2021-05-27 10:20:14,16359.5,0
2021-05-27 10:20:16,16359.95,0
2021-05-27 10:20:20,16359.7,0
2021-05-27 10:20:21,16359.2,0
2021-05-27 10:20:27,16360.75,0
2021-05-27 10:20:28,16360.2,0
2021-05-27 10:20:32,16360.5,0
2021-05-27 10:20:33,16360.75,0
2021-05-27 10:20:44,16362.5,0
2021-05-27 10:20:45,16364.7,0
2021-05-27 10:20:46,16364.5,0
2021-05-27 10:20:53,16364.35,0
2021-05-27 10:21:03,16367.95,0
2021-05-27 10:21:13,16368.2,0
2021-05-27 10:21:30,16360.95,0
2021-05-27 10:21:32,16359.5,0
2021-05-27 10:21:46,16357.85,0
2021-05-27 10:21:47,16358.35,0
2021-05-27 10:21:48,16358.5,0
2021-05-27 10:21:52,16358.6,0
2021-05-27 10:21:53,16358.5,0
2021-05-27 10:21:54,16359.45,0
2021-05-27 10:21:56,16358.8,0
2021-05-27 10:22:02,16357.6,0
2021-05-27 10:22:14,16357.5,0
2021-05-27 10:22:17,16359.35,0
2021-05-27 10:22:21,16358.15,0
2021-05-27 10:22:24,16357.75,0
2021-05-27 10:22:28,16357.05,0
2021-05-27 10:22:29,16355.7,0
2021-05-27 10:22:30,16355.75,0
2021-05-27 10:22:33,16354.25,0
2021-05-27 10:22:37,16355.6,0
2021-05-27 10:22:38,16355.7,0
2021-05-27 10:22:42,16353.65,0
2021-05-27 10:22:46,16354.8,0
2021-05-27 10:22:59,16354.0,0
2021-05-27 10:23:00,16355.15,0
2021-05-27 10:23:05,16354.4,0
2021-05-27 10:23:06,16353.8,0
2021-05-27 10:23:13,16354.75,0
2021-05-27 10:23:26,16353.05,0
2021-05-27 10:23:30,16353.65,0
2021-05-27 10:23:38,16353.2,0
2021-05-27 10:23:46,16352.6,0
2021-05-27 10:23:47,16354.0,0
2021-05-27 10:24:01,16356.0,0
2021-05-27 10:24:02,16355.75,0
2021-05-27 10:24:04,16355.9,0
2021-05-27 10:24:05,16355.9,0
2021-05-27 10:24:09,16356.05,0
2021-05-27 10:24:21,16355.85,0
2021-05-27 10:24:23,16356.8,0
2021-05-27 10:24:33,16356.4,0
2021-05-27 10:24:37,16355.25,0
2021-05-27 10:24:41,16354.9,0
2021-05-27 10:24:49,16357.7,0
2021-05-27 10:24:53,16358.85,0
2021-05-27 10:25:06,16357.6,0
2021-05-27 10:25:10,16358.1,0
2021-05-27 10:25:12,16358.0,0
2021-05-27 10:25:23,16358.4,0
2021-05-27 10:25:24,16358.2,0
2021-05-27 10:25:27,16357.8,0
2021-05-27 10:25:33,16359.3,0
2021-05-27 10:25:39,16359.85,0
2021-05-27 10:25:42,16359.9,0
2021-05-27 10:25:45,16360.4,0
2021-05-27 10:25:52,16360.5,0
2021-05-27 10:25:57,16360.1,0
2021-05-27 10:26:04,16360.7,0
2021-05-27 10:26:11,16361.1,0
2021-05-27 10:26:12,16362.2,0
2021-05-27 10:26:18,16363.3,0
2021-05-27 10:26:23,16362.45,0
2021-05-27 10:26:25,16362.6,0
2021-05-27 10:26:32,16362.6,0
2021-05-27 10:26:39,16361.8,0
2021-05-27 10:26:41,16361.65,0
2021-05-27 10:26:49,16359.85,0
2021-05-27 10:26:50,16359.35,0
2021-05-27 10:26:54,16358.85,0
2021-05-27 10:26:57,16357.75,0
2021-05-27 10:26:58,16358.35,0
2021-05-27 10:27:00,16359.15,0
2021-05-27 10:27:04,16359.0,0
2021-05-27 10:27:08,16357.9,0
2021-05-27 10:27:20,16358.7,0
2021-05-27 10:27:30,16362.1,0
2021-05-27 10:27:38,16360.1,0
2021-05-27 10:27:45,16360.9,0
2021-05-27 10:27:51,16358.85,0
2021-05-27 10:28:01,16358.35,0
2021-05-27 10:28:07,16357.95,0
2021-05-27 10:28:11,16357.9,0
2021-05-27 10:28:13,16358.8,0
2021-05-27 10:28:16,16359.15,0
2021-05-27 10:28:19,16359.45,0
2021-05-27 10:28:28,16359.7,0
2021-05-27 10:28:31,16358.35,0
2021-05-27 10:28:36,16354.55,0
2021-05-27 10:28:41,16354.85,0
2021-05-27 10:28:47,16354.6,0
2021-05-27 10:28:53,16355.25,0
2021-05-27 10:28:59,16357.55,0
2021-05-27 10:29:07,16356.05,0
2021-05-27 10:29:13,16356.65,0
2021-05-27 10:29:19,16355.3,0
2021-05-27 10:29:21,16356.7,0
2021-05-27 10:29:28,16356.3,0
2021-05-27 10:29:43,16356.9,0
2021-05-27 10:29:45,16357.35,0
2021-05-27 10:29:52,16357.8,0
2021-05-27 10:29:57,16357.0,0
2021-05-27 10:29:59,16356.9,0
2021-05-27 10:30:10,16352.6,0
2021-05-27 10:30:15,16352.95,0
2021-05-27 10:30:17,16352.35,0
2021-05-27 10:30:18,16351.85,0
2021-05-27 10:30:57,16344.25,0
2021-05-27 10:30:58,16343.45,0
2021-05-27 10:31:07,16339.85,0
2021-05-27 10:31:08,16341.05,0
2021-05-27 10:31:11,16341.35,0
2021-05-27 10:31:12,16342.65,0
2021-05-27 10:31:15,16344.0,0
2021-05-27 10:31:29,16343.35,0
2021-05-27 10:31:44,16342.15,0
2021-05-27 10:31:51,16340.8,0
2021-05-27 10:31:55,16340.1,0
2021-05-27 10:31:57,16339.0,0
2021-05-27 10:32:01,16339.5,0
2021-05-27 10:32:06,16335.3,0
2021-05-27 10:32:08,16330.65,0
2021-05-27 10:32:16,16332.95,0
2021-05-27 10:32:19,16330.7,0
2021-05-27 10:32:22,16331.2,0
2021-05-27 10:32:27,16331.7,0
2021-05-27 10:32:28,16332.45,0
2021-05-27 10:32:29,16331.4,0
2021-05-27 10:32:35,16331.15,0
2021-05-27 10:32:37,16332.8,0
2021-05-27 10:32:38,16332.15,0
2021-05-27 10:32:52,16335.8,0
2021-05-27 10:32:55,16335.4,0
2021-05-27 10:33:00,16336.65,0
2021-05-27 10:33:07,16335.9,0
2021-05-27 10:33:14,16339.35,0
2021-05-27 10:33:16,16337.75,0
2021-05-27 10:33:17,16339.55,0
2021-05-27 10:33:31,16341.25,0
2021-05-27 10:33:34,16337.5,0
2021-05-27 10:33:39,16339.5,0
2021-05-27 10:33:40,16339.2,0
2021-05-27 10:33:49,16339.3,0
2021-05-27 10:33:50,16338.95,0
2021-05-27 10:34:01,16339.25,0
2021-05-27 10:34:04,16338.45,0
2021-05-27 10:34:10,16338.8,0
2021-05-27 10:34:14,16339.1,0
2021-05-27 10:34:15,16337.95,0
2021-05-27 10:34:21,16338.75,0
2021-05-27 10:34:27,16337.3,0
2021-05-27 10:34:30,16338.3,0
2021-05-27 10:34:32,16338.15,0
2021-05-27 10:34:33,16337.8,0
2021-05-27 10:34:37,16338.0,0
2021-05-27 10:34:48,16337.8,0
2021-05-27 10:34:51,16337.05,0
2021-05-27 10:34:53,16337.35,0
2021-05-27 10:35:01,16336.0,0
2021-05-27 10:35:13,16335.4,0
2021-05-27 10:35:15,16335.8,0
2021-05-27 10:35:27,16336.1,0
2021-05-27 10:35:28,16336.25,0
2021-05-27 10:35:36,16335.5,0
2021-05-27 10:35:42,16334.5,0
2021-05-27 10:35:43,16334.75,0
2021-05-27 10:35:45,16334.95,0
2021-05-27 10:36:03,16336.5,0
2021-05-27 10:36:04,16336.05,0
2021-05-27 10:36:06,16336.45,0
2021-05-27 10:36:07,16336.9,0
2021-05-27 10:36:20,16336.6,0
2021-05-27 10:36:23,16336.8,0
2021-05-27 10:36:24,16336.45,0
2021-05-27 10:36:27,16336.65,0
2021-05-27 10:36:38,16339.2,0
2021-05-27 10:36:49,16340.6,0
2021-05-27 10:37:01,16340.6,0
2021-05-27 10:37:14,16336.1,0
2021-05-27 10:37:15,16336.05,0
2021-05-27 10:37:20,16336.55,0
2021-05-27 10:37:21,16335.55,0
2021-05-27 10:37:22,16336.65,0
2021-05-27 10:37:24,16336.35,0
2021-05-27 10:37:25,16336.8,0
2021-05-27 10:37:26,16337.5,0
2021-05-27 10:37:43,16336.95,0
2021-05-27 10:37:49,16335.45,0
2021-05-27 10:37:57,16335.1,0
2021-05-27 10:38:00,16334.8,0
2021-05-27 10:38:02,16335.75,0
2021-05-27 10:38:04,16335.85,0
2021-05-27 10:38:20,16335.95,0
2021-05-27 10:38:21,16334.4,0
2021-05-27 10:38:27,16333.45,0
2021-05-27 10:38:34,16334.75,0
2021-05-27 10:38:35,16334.8,0
2021-05-27 10:38:43,16334.45,0
2021-05-27 10:38:46,16333.95,0
2021-05-27 10:38:52,16334.0,0
2021-05-27 10:39:00,16334.0,0
2021-05-27 10:39:11,16334.0,0
2021-05-27 10:39:12,16333.95,0
2021-05-27 10:39:14,16333.7,0
2021-05-27 10:39:30,16334.95,0
2021-05-27 10:39:40,16332.05,0
2021-05-27 10:39:47,16331.6,0
2021-05-27 10:39:55,16329.8,0
2021-05-27 10:39:57,16329.8,0
2021-05-27 10:40:00,16330.1,0
2021-05-27 10:40:01,16329.5,0
2021-05-27 10:40:03,16329.65,0
2021-05-27 10:40:08,16329.9,0
2021-05-27 10:40:13,16329.85,0
2021-05-27 10:40:14,16330.2,0
2021-05-27 10:40:15,16328.5,0
2021-05-27 10:40:17,16328.15,0
2021-05-27 10:40:18,16328.9,0
2021-05-27 10:40:31,16326.8,0
2021-05-27 10:40:41,16328.4,0
2021-05-27 10:40:44,16327.95,0
2021-05-27 10:40:51,16327.8,0
2021-05-27 10:40:54,16330.25,0
2021-05-27 10:41:02,16328.75,0
2021-05-27 10:41:07,16329.5,0
2021-05-27 10:41:20,16326.4,0
2021-05-27 10:41:30,16323.55,0
2021-05-27 10:41:32,16322.25,0
2021-05-27 10:41:34,16321.65,0
2021-05-27 10:41:48,16321.35,0
2021-05-27 10:42:06,16320.45,0
2021-05-27 10:42:07,16320.3,0
2021-05-27 10:42:08,16320.25,0
2021-05-27 10:42:10,16320.0,0
2021-05-27 10:42:18,16324.65,0
2021-05-27 10:42:19,16324.75,0
2021-05-27 10:42:22,16327.4,0
2021-05-27 10:42:23,16328.95,0
2021-05-27 10:42:26,16327.85,0
2021-05-27 10:42:39,16325.3,0
2021-05-27 10:42:46,16325.9,0
2021-05-27 10:42:49,16327.3,0
2021-05-27 10:42:51,16326.1,0
2021-05-27 10:42:52,16325.45,0
2021-05-27 10:42:56,16326.25,0
2021-05-27 10:43:03,16326.5,0
2021-05-27 10:43:14,16328.7,0
2021-05-27 10:43:16,16329.2,0
2021-05-27 10:43:18,16329.3,0
2021-05-27 10:43:20,16328.2,0
2021-05-27 10:43:26,16328.2,0
2021-05-27 10:43:27,16329.5,0
2021-05-27 10:43:33,16327.0,0
2021-05-27 10:43:34,16329.2,0
2021-05-27 10:43:39,16328.05,0
2021-05-27 10:43:48,16328.0,0
2021-05-27 10:43:49,16327.55,0
2021-05-27 10:43:51,16327.7,0
2021-05-27 10:43:52,16327.1,0
2021-05-27 10:43:53,16326.85,0
2021-05-27 10:43:56,16327.9,0
2021-05-27 10:44:02,16327.0,0
2021-05-27 10:44:07,16327.8,0
2021-05-27 10:44:09,16327.8,0
2021-05-27 10:44:10,16328.3,0
2021-05-27 10:44:16,16329.45,0
2021-05-27 10:44:17,16328.5,0
2021-05-27 10:44:20,16330.1,0
2021-05-27 10:44:21,16328.7,0
2021-05-27 10:44:25,16329.45,0
2021-05-27 10:44:33,16330.6,0
2021-05-27 10:44:34,16331.15,0
2021-05-27 10:44:37,16330.6,0
2021-05-27 10:44:46,16333.05,0
2021-05-27 10:44:51,16332.75,0
2021-05-27 10:44:52,16333.45,0
2021-05-27 10:44:54,16333.9,0
2021-05-27 10:45:13,16337.5,0
2021-05-27 10:45:15,16336.9,0
2021-05-27 10:45:16,16335.5,0
2021-05-27 10:45:31,16334.8,0
2021-05-27 10:45:44,16335.85,0
2021-05-27 10:45:45,16335.6,0
2021-05-27 10:45:46,16334.55,0
2021-05-27 10:45:48,16335.9,0
2021-05-27 10:45:50,16335.2,0
2021-05-27 10:45:56,16335.65,0
2021-05-27 10:46:02,16335.5,0
2021-05-27 10:46:03,16335.45,0
2021-05-27 10:46:04,16336.45,0
2021-05-27 10:46:07,16335.9,0
2021-05-27 10:46:10,16337.45,0
2021-05-27 10:46:16,16336.7,0
2021-05-27 10:46:24,16336.15,0
2021-05-27 10:46:25,16335.75,0
2021-05-27 10:46:29,16334.0,0
2021-05-27 10:46:30,16335.3,0
2021-05-27 10:46:39,16334.3,0
2021-05-27 10:46:43,16333.45,0
2021-05-27 10:46:44,16333.25,0
2021-05-27 10:46:50,16335.0,0
2021-05-27 10:46:51,16334.4,0
2021-05-27 10:46:52,16334.4,0
2021-05-27 10:46:54,16334.1,0
2021-05-27 10:46:55,16335.3,0
2021-05-27 10:46:57,16334.85,0
2021-05-27 10:47:03,16335.35,0
2021-05-27 10:47:10,16334.65,0
2021-05-27 10:47:13,16334.3,0
2021-05-27 10:47:19,16334.3,0
2021-05-27 10:47:20,16334.95,0
2021-05-27 10:47:30,16332.7,0
2021-05-27 10:47:36,16330.8,0
2021-05-27 10:47:37,16330.8,0
2021-05-27 10:47:40,16330.65,0
2021-05-27 10:47:43,16330.35,0
2021-05-27 10:47:52,16330.15,0
2021-05-27 10:47:57,16331.2,0
2021-05-27 10:47:59,16330.8,0
2021-05-27 10:48:01,16331.5,0
2021-05-27 10:48:02,16331.45,0
2021-05-27 10:48:03,16330.6,0
2021-05-27 10:48:05,16331.1,0
2021-05-27 10:48:10,16330.65,0
2021-05-27 10:48:13,16330.2,0
2021-05-27 10:48:22,16330.6,0
2021-05-27 10:48:30,16330.7,0
2021-05-27 10:48:32,16330.5,0
2021-05-27 10:48:38,16330.4,0
2021-05-27 10:48:52,16331.65,0
2021-05-27 10:48:53,16331.7,0
2021-05-27 10:48:55,16331.75,0
2021-05-27 10:48:56,16331.5,0
2021-05-27 10:48:57,16331.15,0
2021-05-27 10:49:01,16331.55,0
2021-05-27 10:49:06,16331.8,0
2021-05-27 10:49:09,16333.2,0
2021-05-27 10:49:16,16333.55,0
2021-05-27 10:49:28,16333.95,0
2021-05-27 10:49:40,16334.1,0
2021-05-27 10:49:44,16332.95,0
2021-05-27 10:49:46,16332.85,0
2021-05-27 10:49:50,16334.35,0
2021-05-27 10:49:51,16333.1,0
2021-05-27 10:49:52,16333.2,0
2021-05-27 10:49:59,16332.35,0
2021-05-27 10:50:03,16332.6,0
2021-05-27 10:50:09,16332.75,0
2021-05-27 10:50:11,16332.7,0
2021-05-27 10:50:23,16332.65,0
2021-05-27 10:50:39,16334.55,0
2021-05-27 10:50:40,16333.6,0
2021-05-27 10:50:46,16334.6,0
2021-05-27 10:50:47,16334.3,0
2021-05-27 10:50:48,16333.95,0
2021-05-27 10:51:02,16334.4,0
2021-05-27 10:51:07,16334.55,0
2021-05-27 10:51:10,16334.7,0
2021-05-27 10:51:11,16334.4,0
2021-05-27 10:51:15,16334.15,0
2021-05-27 10:51:31,16335.45,0
2021-05-27 10:51:34,16335.2,0
2021-05-27 10:51:38,16335.5,0
2021-05-27 10:51:43,16335.45,0
2021-05-27 10:51:44,16335.55,0
2021-05-27 10:51:49,16336.4,0
2021-05-27 10:51:52,16336.85,0
2021-05-27 10:51:55,16336.55,0
2021-05-27 10:51:58,16337.75,0
2021-05-27 10:52:00,16338.15,0
2021-05-27 10:52:03,16338.95,0
2021-05-27 10:52:08,16341.3,0
2021-05-27 10:52:12,16342.05,0
2021-05-27 10:52:15,16341.0,0
2021-05-27 10:52:16,16341.45,0
2021-05-27 10:52:22,16342.2,0
2021-05-27 10:52:25,16342.8,0
2021-05-27 10:52:31,16343.4,0
2021-05-27 10:52:32,16343.6,0
2021-05-27 10:52:35,16343.6,0
2021-05-27 10:52:38,16342.8,0
2021-05-27 10:52:39,16343.75,0
2021-05-27 10:52:42,16343.3,0
2021-05-27 10:52:47,16343.05,0
2021-05-27 10:52:48,16342.8,0
2021-05-27 10:52:50,16343.45,0
2021-05-27 10:52:52,16344.45,0
2021-05-27 10:52:54,16342.6,0
2021-05-27 10:52:56,16342.5,0
2021-05-27 10:52:57,16342.6,0
2021-05-27 10:53:00,16342.7,0
2021-05-27 10:53:01,16342.8,0
2021-05-27 10:53:04,16343.55,0
2021-05-27 10:53:05,16345.85,0
2021-05-27 10:53:08,16346.6,0
2021-05-27 10:53:14,16346.15,0
2021-05-27 10:53:18,16345.05,0
2021-05-27 10:53:21,16344.95,0
2021-05-27 10:53:22,16345.3,0
2021-05-27 10:53:29,16346.5,0
2021-05-27 10:53:32,16345.4,0
2021-05-27 10:53:34,16346.25,0
2021-05-27 10:53:36,16345.25,0
2021-05-27 10:53:40,16345.75,0
2021-05-27 10:53:41,16345.55,0
2021-05-27 10:53:50,16344.65,0
2021-05-27 10:53:51,16345.0,0
2021-05-27 10:53:57,16343.35,0
2021-05-27 10:54:05,16343.95,0
2021-05-27 10:54:06,16343.3,0
2021-05-27 10:54:09,16343.5,0
2021-05-27 10:54:16,16344.7,0
2021-05-27 10:54:18,16344.8,0
2021-05-27 10:54:24,16345.35,0
2021-05-27 10:54:25,16345.45,0
2021-05-27 10:54:26,16344.45,0
2021-05-27 10:54:27,16345.05,0
2021-05-27 10:54:29,16345.7,0
2021-05-27 10:54:31,16344.95,0
2021-05-27 10:54:33,16346.1,0
2021-05-27 10:54:43,16346.3,0
2021-05-27 10:54:45,16345.25,0
2021-05-27 10:54:47,16345.75,0
2021-05-27 10:54:49,16346.65,0
2021-05-27 10:54:51,16344.9,0
2021-05-27 10:54:56,16346.3,0
2021-05-27 10:55:01,16344.95,0
2021-05-27 10:55:10,16349.05,0
2021-05-27 10:55:22,16350.05,0
2021-05-27 10:55:23,16349.9,0
2021-05-27 10:55:26,16349.65,0
2021-05-27 10:56:08,16350.35,0
2021-05-27 10:56:11,16348.2,0
2021-05-27 10:56:12,16348.25,0
2021-05-27 10:56:21,16347.95,0
2021-05-27 10:56:27,16347.15,0
2021-05-27 10:56:31,16347.4,0
2021-05-27 10:56:32,16347.7,0
2021-05-27 10:56:33,16347.6,0
2021-05-27 10:56:34,16348.3,0
2021-05-27 10:56:36,16347.65,0
2021-05-27 10:56:38,16347.95,0
2021-05-27 10:56:41,16347.9,0
2021-05-27 10:56:42,16348.15,0
2021-05-27 10:56:43,16347.6,0
2021-05-27 10:56:45,16347.95,0
2021-05-27 10:56:46,16347.9,0
2021-05-27 10:56:48,16348.35,0
2021-05-27 10:56:52,16346.1,0
2021-05-27 10:56:54,16346.35,0
2021-05-27 10:56:59,16347.5,0
2021-05-27 10:57:03,16347.35,0
2021-05-27 10:57:09,16348.85,0
2021-05-27 10:57:14,16348.35,0
2021-05-27 10:57:16,16347.6,0
2021-05-27 10:57:19,16348.5,0
2021-05-27 10:57:27,16348.1,0
2021-05-27 10:57:30,16348.5,0
2021-05-27 10:57:32,16350.15,0
2021-05-27 10:57:51,16350.25,0
2021-05-27 10:57:53,16350.85,0
2021-05-27 10:57:54,16350.15,0
2021-05-27 10:58:00,16349.9,0
2021-05-27 10:58:03,16350.45,0
2021-05-27 10:58:07,16350.55,0
2021-05-27 10:58:20,16350.75,0
2021-05-27 10:58:29,16351.7,0
2021-05-27 10:58:32,16350.95,0
2021-05-27 10:58:34,16350.45,0
2021-05-27 10:58:41,16351.4,0
2021-05-27 10:58:43,16351.4,0
2021-05-27 10:58:59,16352.6,0
2021-05-27 10:59:15,16351.65,0
2021-05-27 10:59:28,16350.25,0
2021-05-27 10:59:41,16348.3,0
2021-05-27 10:59:43,16348.4,0
2021-05-27 10:59:45,16349.4,0
2021-05-27 10:59:52,16351.45,0
2021-05-27 11:00:00,16351.1,0
2021-05-27 11:00:02,16352.1,0
2021-05-27 11:00:04,16352.25,0
2021-05-27 11:00:22,16353.6,0
2021-05-27 11:00:28,16354.7,0
2021-05-27 11:00:30,16354.55,0
2021-05-27 11:00:33,16354.4,0
2021-05-27 11:00:38,16354.95,0
2021-05-27 11:00:40,16355.95,0
2021-05-27 11:00:43,16356.9,0
2021-05-27 11:00:44,16356.8,0
2021-05-27 11:00:51,16355.7,0
2021-05-27 11:00:59,16355.6,0
2021-05-27 11:01:00,16355.4,0
2021-05-27 11:01:06,16354.7,0
2021-05-27 11:01:09,16355.2,0
2021-05-27 11:01:14,16354.2,0
2021-05-27 11:01:15,16354.25,0
2021-05-27 11:01:17,16355.15,0
2021-05-27 11:01:32,16355.55,0
2021-05-27 11:01:33,16355.55,0
2021-05-27 11:01:34,16355.8,0
2021-05-27 11:01:36,16355.55,0
2021-05-27 11:01:39,16355.95,0
2021-05-27 11:01:42,16356.5,0
2021-05-27 11:01:43,16355.8,0
2021-05-27 11:01:46,16355.85,0
2021-05-27 11:01:49,16355.95,0
2021-05-27 11:01:52,16356.5,0
2021-05-27 11:02:00,16356.5,0
2021-05-27 11:02:01,16355.75,0
2021-05-27 11:02:03,16354.8,0
2021-05-27 11:02:04,16355.15,0
2021-05-27 11:02:18,16355.0,0
2021-05-27 11:02:21,16355.4,0
2021-05-27 11:02:29,16354.05,0
2021-05-27 11:02:44,16353.45,0
2021-05-27 11:02:49,16354.0,0
2021-05-27 11:02:50,16353.9,0
2021-05-27 11:02:51,16353.3,0
2021-05-27 11:02:52,16354.55,0
2021-05-27 11:02:54,16354.0,0
2021-05-27 11:02:58,16354.2,0
2021-05-27 11:03:03,16353.25,0
2021-05-27 11:03:06,16352.4,0
2021-05-27 11:03:11,16354.35,0
2021-05-27 11:03:12,16354.45,0
2021-05-27 11:03:18,16354.0,0
2021-05-27 11:03:25,16353.05,0
2021-05-27 11:03:26,16353.95,0
2021-05-27 11:03:37,16353.2,0
2021-05-27 11:03:38,16352.95,0
2021-05-27 11:03:40,16354.95,0
2021-05-27 11:03:41,16354.0,0
2021-05-27 11:03:45,16354.65,0
2021-05-27 11:03:46,16355.7,0
2021-05-27 11:03:51,16356.95,0
2021-05-27 11:03:57,16357.55,0
2021-05-27 11:04:00,16356.45,0
2021-05-27 11:04:06,16356.7,0
2021-05-27 11:04:07,16358.25,0
2021-05-27 11:04:11,16358.3,0
2021-05-27 11:04:16,16358.0,0
2021-05-27 11:04:17,16357.4,0
2021-05-27 11:04:22,16358.65,0
2021-05-27 11:04:23,16358.95,0
2021-05-27 11:04:24,16358.6,0
2021-05-27 11:04:25,16357.7,0
2021-05-27 11:04:29,16358.4,0
2021-05-27 11:04:30,16358.45,0
2021-05-27 11:04:32,16358.7,0
2021-05-27 11:04:33,16357.8,0
2021-05-27 11:04:37,16357.25,0
2021-05-27 11:04:40,16356.45,0
2021-05-27 11:04:42,16355.7,0
2021-05-27 11:04:52,16355.9,0
2021-05-27 11:04:53,16355.1,0
2021-05-27 11:04:54,16354.85,0
2021-05-27 11:04:56,16355.7,0
2021-05-27 11:05:04,16356.1,0
2021-05-27 11:05:08,16355.15,0
2021-05-27 11:05:10,16355.55,0
2021-05-27 11:05:14,16353.8,0
2021-05-27 11:05:25,16352.7,0
2021-05-27 11:05:29,16351.65,0
2021-05-27 11:05:34,16350.45,0
2021-05-27 11:05:40,16349.25,0
2021-05-27 11:05:42,16347.45,0
2021-05-27 11:05:43,16347.65,0
2021-05-27 11:05:51,16348.15,0
2021-05-27 11:05:58,16346.8,0
2021-05-27 11:06:03,16345.2,0
2021-05-27 11:06:07,16345.8,0
2021-05-27 11:06:12,16348.85,0
2021-05-27 11:06:15,16348.6,0
2021-05-27 11:06:17,16348.2,0
2021-05-27 11:06:18,16348.65,0
2021-05-27 11:06:23,16349.8,0
2021-05-27 11:06:32,16350.35,0
2021-05-27 11:06:37,16351.55,0
2021-05-27 11:06:38,16350.4,0
2021-05-27 11:06:40,16350.8,0
2021-05-27 11:06:44,16351.55,0
2021-05-27 11:06:46,16351.45,0
2021-05-27 11:06:47,16351.85,0
2021-05-27 11:06:59,16349.25,0
2021-05-27 11:07:00,16350.2,0
2021-05-27 11:07:06,16349.0,0
2021-05-27 11:07:07,16348.6,0
2021-05-27 11:07:08,16348.7,0
2021-05-27 11:07:10,16349.7,0
2021-05-27 11:07:13,16348.9,0
2021-05-27 11:07:17,16350.55,0
2021-05-27 11:07:20,16350.65,0
2021-05-27 11:07:34,16350.45,0
2021-05-27 11:07:40,16351.8,0
2021-05-27 11:07:45,16351.85,0
2021-05-27 11:07:46,16351.95,0
2021-05-27 11:07:47,16351.5,0
2021-05-27 11:07:54,16353.35,0
2021-05-27 11:07:55,16352.95,0
2021-05-27 11:08:07,16352.15,0
2021-05-27 11:08:17,16352.95,0
2021-05-27 11:08:21,16351.7,0
2021-05-27 11:08:26,16353.2,0
2021-05-27 11:08:29,16353.45,0
2021-05-27 11:08:31,16352.95,0
2021-05-27 11:08:35,16353.7,0
2021-05-27 11:08:42,16353.65,0
2021-05-27 11:08:43,16352.9,0
2021-05-27 11:08:44,16352.7,0
2021-05-27 11:08:49,16352.2,0
2021-05-27 11:08:50,16352.7,0
2021-05-27 11:08:52,16352.05,0
2021-05-27 11:08:53,16351.75,0
2021-05-27 11:08:54,16351.55,0
2021-05-27 11:08:56,16352.3,0
2021-05-27 11:09:12,16350.45,0
2021-05-27 11:09:25,16349.5,0
2021-05-27 11:09:26,16349.35,0
2021-05-27 11:09:32,16350.0,0
2021-05-27 11:09:37,16349.65,0
2021-05-27 11:09:45,16350.95,0
2021-05-27 11:09:48,16349.4,0
2021-05-27 11:09:49,16350.5,0
2021-05-27 11:09:51,16349.75,0
2021-05-27 11:09:56,16349.45,0
2021-05-27 11:09:57,16349.55,0
2021-05-27 11:10:00,16348.35,0
2021-05-27 11:10:02,16347.05,0
2021-05-27 11:10:03,16347.15,0
2021-05-27 11:10:15,16346.5,0
2021-05-27 11:10:17,16345.15,0
2021-05-27 11:10:21,16344.35,0
2021-05-27 11:10:27,16341.55,0
2021-05-27 11:10:42,16342.6,0
2021-05-27 11:10:46,16343.6,0
2021-05-27 11:10:48,16343.7,0
2021-05-27 11:10:58,16340.9,0
2021-05-27 11:11:07,16341.95,0
2021-05-27 11:11:08,16340.9,0
2021-05-27 11:11:10,16342.05,0
2021-05-27 11:11:13,16341.55,0
2021-05-27 11:11:19,16342.35,0
2021-05-27 11:11:30,16345.35,0
2021-05-27 11:11:33,16346.55,0
2021-05-27 11:11:39,16347.7,0
2021-05-27 11:11:41,16347.65,0
2021-05-27 11:11:42,16347.8,0
2021-05-27 11:11:50,16347.4,0
2021-05-27 11:11:52,16346.85,0
2021-05-27 11:11:53,16346.95,0
2021-05-27 11:11:55,16347.45,0
2021-05-27 11:11:58,16346.8,0
2021-05-27 11:12:00,16346.35,0
2021-05-27 11:12:03,16347.15,0
2021-05-27 11:12:04,16347.75,0
2021-05-27 11:12:06,16348.0,0
2021-05-27 11:12:10,16347.95,0
2021-05-27 11:12:11,16347.45,0
2021-05-27 11:12:12,16347.15,0
2021-05-27 11:12:19,16348.25,0
2021-05-27 11:12:22,16348.7,0
2021-05-27 11:12:26,16349.35,0
2021-05-27 11:12:30,16349.95,0
2021-05-27 11:12:32,16349.2,0
2021-05-27 11:12:33,16350.0,0
2021-05-27 11:12:40,16350.85,0
2021-05-27 11:12:44,16351.6,0
2021-05-27 11:12:56,16351.55,0
2021-05-27 11:12:59,16351.05,0
2021-05-27 11:13:06,16350.75,0
2021-05-27 11:13:08,16351.9,0
2021-05-27 11:13:10,16351.25,0
2021-05-27 11:13:14,16350.5,0
2021-05-27 11:13:15,16350.55,0
2021-05-27 11:13:18,16350.6,0
2021-05-27 11:13:30,16349.2,0
2021-05-27 11:13:32,16349.55,0
2021-05-27 11:13:34,16349.9,0
2021-05-27 11:13:39,16349.65,0
2021-05-27 11:13:42,16349.8,0
2021-05-27 11:13:44,16348.8,0
2021-05-27 11:13:45,16349.35,0
2021-05-27 11:13:46,16349.95,0
2021-05-27 11:13:48,16349.5,0
2021-05-27 11:13:55,16350.15,0
2021-05-27 11:13:59,16350.25,0
2021-05-27 11:14:02,16350.8,0
2021-05-27 11:14:03,16350.95,0
2021-05-27 11:14:05,16351.45,0
2021-05-27 11:14:13,16353.0,0
2021-05-27 11:14:18,16353.4,0
2021-05-27 11:14:23,16353.2,0
2021-05-27 11:14:24,16353.6,0
2021-05-27 11:14:32,16354.05,0
2021-05-27 11:14:34,16354.1,0
2021-05-27 11:14:49,16354.35,0
2021-05-27 11:14:53,16351.55,0
2021-05-27 11:14:54,16352.0,0
2021-05-27 11:15:00,16352.2,0
2021-05-27 11:15:04,16353.2,0
2021-05-27 11:15:13,16353.1,0
2021-05-27 11:15:29,16353.1,0
2021-05-27 11:15:31,16353.4,0
2021-05-27 11:15:32,16353.15,0
2021-05-27 11:15:39,16354.6,0
2021-05-27 11:15:40,16354.45,0
2021-05-27 11:15:41,16354.85,0
2021-05-27 11:15:42,16354.85,0
2021-05-27 11:15:44,16355.7,0
2021-05-27 11:15:50,16356.6,0
2021-05-27 11:15:53,16356.65,0
2021-05-27 11:15:54,16356.75,0
2021-05-27 11:16:02,16356.3,0
2021-05-27 11:16:06,16356.2,0
2021-05-27 11:16:09,16355.95,0
2021-05-27 11:16:11,16356.15,0
2021-05-27 11:16:12,16356.1,0
2021-05-27 11:16:17,16355.7,0
2021-05-27 11:16:22,16356.3,0
2021-05-27 11:16:26,16355.15,0
2021-05-27 11:16:27,16355.5,0
2021-05-27 11:16:28,16355.15,0
2021-05-27 11:16:30,16354.85,0
2021-05-27 11:16:31,16354.75,0
2021-05-27 11:16:33,16354.85,0
2021-05-27 11:16:36,16354.8,0
2021-05-27 11:16:37,16355.05,0
2021-05-27 11:16:43,16355.35,0
2021-05-27 11:16:44,16356.05,0
2021-05-27 11:16:50,16355.7,0
2021-05-27 11:16:54,16355.65,0
2021-05-27 11:16:55,16355.6,0
2021-05-27 11:16:57,16354.45,0
2021-05-27 11:17:06,16352.95,0
2021-05-27 11:17:20,16355.45,0
2021-05-27 11:17:22,16354.1,0
2021-05-27 11:17:27,16356.8,0
2021-05-27 11:17:33,16355.2,0
2021-05-27 11:17:35,16355.7,0
2021-05-27 11:17:36,16357.1,0
2021-05-27 11:17:37,16356.9,0
2021-05-27 11:17:44,16356.45,0
2021-05-27 11:17:52,16355.7,0
2021-05-27 11:17:55,16356.25,0
2021-05-27 11:18:01,16357.6,0
2021-05-27 11:18:05,16356.95,0
2021-05-27 11:18:06,16356.25,0
2021-05-27 11:18:07,16356.85,0
2021-05-27 11:18:12,16355.35,0
2021-05-27 11:18:16,16356.6,0
2021-05-27 11:18:22,16355.0,0
2021-05-27 11:18:27,16355.9,0
2021-05-27 11:18:30,16356.0,0
2021-05-27 11:18:40,16356.5,0
2021-05-27 11:18:42,16355.25,0
2021-05-27 11:18:44,16356.5,0
2021-05-27 11:18:45,16354.65,0
2021-05-27 11:18:48,16354.15,0
2021-05-27 11:18:56,16354.95,0
2021-05-27 11:18:57,16354.95,0
2021-05-27 11:19:00,16354.5,0
2021-05-27 11:19:06,16354.4,0
2021-05-27 11:19:13,16353.75,0
2021-05-27 11:19:16,16352.6,0
2021-05-27 11:19:23,16352.65,0
2021-05-27 11:19:27,16352.65,0
2021-05-27 11:19:28,16352.65,0
2021-05-27 11:19:32,16352.5,0
2021-05-27 11:19:41,16352.5,0
2021-05-27 11:19:43,16352.3,0
2021-05-27 11:19:44,16352.1,0
2021-05-27 11:19:45,16351.3,0
2021-05-27 11:19:47,16351.9,0
2021-05-27 11:19:50,16351.3,0
2021-05-27 11:19:53,16351.45,0
2021-05-27 11:19:54,16351.05,0
2021-05-27 11:19:56,16350.55,0
2021-05-27 11:19:57,16351.1,0
2021-05-27 11:19:58,16351.0,0
2021-05-27 11:20:00,16351.1,0
2021-05-27 11:20:01,16351.3,0
2021-05-27 11:20:07,16351.35,0
2021-05-27 11:20:08,16350.7,0
2021-05-27 11:20:17,16351.4,0
2021-05-27 11:20:18,16351.1,0
2021-05-27 11:20:22,16350.8,0
2021-05-27 11:20:23,16350.55,0
2021-05-27 11:20:31,16349.05,0
2021-05-27 11:20:35,16349.85,0
2021-05-27 11:20:40,16350.05,0
2021-05-27 11:20:43,16349.6,0
2021-05-27 11:20:46,16350.45,0
2021-05-27 11:20:47,16350.5,0
2021-05-27 11:20:48,16349.95,0
2021-05-27 11:20:51,16348.9,0
2021-05-27 11:20:57,16349.05,0
2021-05-27 11:21:03,16348.6,0
2021-05-27 11:21:06,16348.55,0
2021-05-27 11:21:09,16349.8,0
2021-05-27 11:21:12,16349.6,0
2021-05-27 11:21:22,16350.05,0
2021-05-27 11:21:29,16350.15,0
2021-05-27 11:21:30,16350.3,0
2021-05-27 11:21:39,16352.05,0
2021-05-27 11:21:44,16351.55,0
2021-05-27 11:21:47,16351.75,0
2021-05-27 11:21:48,16351.4,0
2021-05-27 11:21:51,16351.85,0
2021-05-27 11:21:55,16350.8,0
2021-05-27 11:21:56,16350.6,0
2021-05-27 11:21:57,16351.3,0
2021-05-27 11:22:01,16350.95,0
2021-05-27 11:22:05,16350.45,0
2021-05-27 11:22:08,16350.15,0
2021-05-27 11:22:20,16350.75,0
2021-05-27 11:22:28,16352.65,0
2021-05-27 11:22:30,16352.5,0
2021-05-27 11:22:37,16352.4,0
2021-05-27 11:22:40,16351.7,0
2021-05-27 11:22:44,16352.2,0
2021-05-27 11:22:48,16351.3,0
2021-05-27 11:23:00,16351.4,0
2021-05-27 11:23:01,16350.9,0
2021-05-27 11:23:10,16351.35,0
2021-05-27 11:23:20,16351.65,0
2021-05-27 11:23:26,16351.95,0
2021-05-27 11:23:29,16356.9,0
2021-05-27 11:23:32,16353.7,0
2021-05-27 11:23:42,16355.2,0
2021-05-27 11:23:45,16353.25,0
2021-05-27 11:23:58,16351.7,0
2021-05-27 11:24:02,16352.95,0
2021-05-27 11:24:03,16353.05,0
2021-05-27 11:24:09,16352.05,0
2021-05-27 11:24:12,16352.05,0
2021-05-27 11:24:13,16351.9,0
2021-05-27 11:24:21,16351.25,0
2021-05-27 11:24:30,16351.25,0
2021-05-27 11:24:34,16350.75,0
2021-05-27 11:24:38,16351.35,0
2021-05-27 11:24:41,16350.15,0
2021-05-27 11:24:44,16349.75,0
2021-05-27 11:25:00,16350.2,0
2021-05-27 11:25:01,16349.95,0
2021-05-27 11:25:07,16350.35,0
2021-05-27 11:25:09,16350.65,0
2021-05-27 11:25:10,16350.25,0
2021-05-27 11:25:13,16350.55,0
2021-05-27 11:25:14,16350.7,0
2021-05-27 11:25:21,16350.35,0
2021-05-27 11:25:26,16350.75,0
2021-05-27 11:25:28,16351.7,0
2021-05-27 11:25:32,16353.35,0
2021-05-27 11:25:33,16364.65,0
2021-05-27 11:25:35,16360.05,0
2021-05-27 11:25:55,16368.95,0
2021-05-27 11:26:04,16368.0,0
2021-05-27 11:26:06,16368.15,0
2021-05-27 11:26:11,16364.85,0
2021-05-27 11:26:12,16364.0,0
2021-05-27 11:26:21,16365.8,0
2021-05-27 11:26:29,16366.5,0
2021-05-27 11:26:30,16366.4,0
2021-05-27 11:26:33,16366.45,0
2021-05-27 11:26:46,16366.0,0
2021-05-27 11:26:52,16363.6,0
2021-05-27 11:26:57,16365.5,0
2021-05-27 11:27:15,16385.6,0
2021-05-27 11:27:21,16386.2,0
2021-05-27 11:27:23,16389.25,0
2021-05-27 11:27:25,16389.7,0
2021-05-27 11:27:29,16390.2,0
2021-05-27 11:27:37,16390.1,0
2021-05-27 11:27:49,16387.1,0
2021-05-27 11:27:50,16386.45,0
2021-05-27 11:27:58,16388.75,0
2021-05-27 11:28:05,16392.9,0
2021-05-27 11:28:09,16392.4,0
2021-05-27 11:28:13,16390.35,0
2021-05-27 11:28:14,16389.95,0
2021-05-27 11:28:18,16388.3,0
2021-05-27 11:28:23,16384.3,0
2021-05-27 11:28:40,16386.1,0
2021-05-27 11:28:50,16386.85,0
2021-05-27 11:28:55,16385.35,0
2021-05-27 11:28:57,16384.6,0
2021-05-27 11:29:00,16385.45,0
2021-05-27 11:29:07,16385.2,0
2021-05-27 11:29:10,16389.7,0
2021-05-27 11:29:13,16389.8,0
2021-05-27 11:29:16,16388.85,0
2021-05-27 11:29:18,16388.6,0
2021-05-27 11:29:19,16386.75,0
2021-05-27 11:29:21,16388.95,0
2021-05-27 11:29:23,16387.05,0
2021-05-27 11:29:27,16386.4,0
2021-05-27 11:29:29,16386.3,0
2021-05-27 11:29:35,16385.8,0
2021-05-27 11:29:38,16385.05,0
2021-05-27 11:29:43,16385.75,0
2021-05-27 11:29:44,16383.1,0
2021-05-27 11:29:47,16384.9,0
2021-05-27 11:29:49,16383.65,0
2021-05-27 11:29:48,16383.65,0
2021-05-27 11:29:52,16382.2,0
2021-05-27 11:30:01,16392.7,0
2021-05-27 11:30:03,16396.25,0
2021-05-27 11:30:14,16392.35,0
2021-05-27 11:30:31,16390.2,0
2021-05-27 11:30:33,16389.9,0
2021-05-27 11:30:38,16393.85,0
2021-05-27 11:30:39,16393.6,0
2021-05-27 11:30:40,16392.05,0
2021-05-27 11:31:03,16387.0,0
2021-05-27 11:31:08,16383.45,0
2021-05-27 11:31:36,16381.55,0
2021-05-27 11:31:41,16384.85,0
2021-05-27 11:31:49,16385.75,0
2021-05-27 11:31:50,16384.2,0
2021-05-27 11:31:56,16384.55,0
2021-05-27 11:32:11,16386.8,0
2021-05-27 11:32:18,16389.55,0
2021-05-27 11:32:20,16390.3,0
2021-05-27 11:32:21,16389.05,0
2021-05-27 11:32:25,16387.3,0
2021-05-27 11:32:28,16388.0,0
2021-05-27 11:32:38,16390.55,0
2021-05-27 11:32:41,16389.45,0
2021-05-27 11:33:04,16392.35,0
2021-05-27 11:33:08,16394.7,0
2021-05-27 11:33:10,16394.75,0
2021-05-27 11:33:14,16394.85,0
2021-05-27 11:33:23,16389.3,0
2021-05-27 11:33:29,16389.65,0
2021-05-27 11:33:30,16391.0,0
2021-05-27 11:33:35,16389.15,0
2021-05-27 11:33:52,16391.35,0
2021-05-27 11:33:57,16391.2,0
2021-05-27 11:33:59,16388.7,0
2021-05-27 11:34:00,16389.1,0
2021-05-27 11:34:04,16386.85,0
2021-05-27 11:34:07,16389.1,0
2021-05-27 11:34:08,16388.3,0
2021-05-27 11:34:10,16389.7,0
2021-05-27 11:34:21,16389.65,0
2021-05-27 11:34:22,16389.45,0
2021-05-27 11:34:23,16387.45,0
2021-05-27 11:34:25,16387.95,0
2021-05-27 11:34:28,16389.2,0
2021-05-27 11:34:36,16388.15,0
2021-05-27 11:34:39,16387.6,0
2021-05-27 11:34:40,16388.15,0
2021-05-27 11:34:43,16385.95,0
2021-05-27 11:34:48,16387.4,0
2021-05-27 11:34:55,16389.35,0
2021-05-27 11:34:58,16390.55,0
2021-05-27 11:35:00,16391.0,0
2021-05-27 11:35:03,16395.85,0
2021-05-27 11:35:12,16395.65,0
2021-05-27 11:35:19,16399.05,0
2021-05-27 11:35:21,16398.7,0
2021-05-27 11:35:27,16398.8,0
2021-05-27 11:35:29,16399.6,0
2021-05-27 11:35:38,16396.5,0
2021-05-27 11:35:39,16396.5,0
2021-05-27 11:35:45,16398.5,0
2021-05-27 11:35:47,16397.8,0
2021-05-27 11:35:48,16398.9,0
2021-05-27 11:35:56,16399.35,0
2021-05-27 11:35:57,16398.45,0
2021-05-27 11:36:02,16398.8,0
2021-05-27 11:36:08,16398.55,0
2021-05-27 11:36:22,16394.45,0
2021-05-27 11:36:30,16395.25,0
2021-05-27 11:36:34,16397.0,0
2021-05-27 11:36:33,16395.85,0
2021-05-27 11:36:48,16397.95,0
2021-05-27 11:36:49,16397.05,0
2021-05-27 11:36:51,16398.1,0
2021-05-27 11:36:55,16396.9,0
2021-05-27 11:37:02,16395.6,0
2021-05-27 11:37:08,16394.15,0
2021-05-27 11:37:12,16394.8,0
2021-05-27 11:37:22,16393.4,0
2021-05-27 11:37:29,16394.7,0
2021-05-27 11:37:30,16394.55,0
2021-05-27 11:37:31,16395.05,0
2021-05-27 11:37:32,16395.2,0
2021-05-27 11:37:37,16394.55,0
2021-05-27 11:37:38,16394.95,0
2021-05-27 11:37:41,16395.9,0
2021-05-27 11:37:44,16394.4,0
2021-05-27 11:37:45,16395.1,0
2021-05-27 11:37:48,16394.35,0
2021-05-27 11:37:52,16395.15,0
2021-05-27 11:38:01,16394.4,0
2021-05-27 11:38:02,16393.8,0
2021-05-27 11:38:08,16393.2,0
2021-05-27 11:38:11,16393.5,0
2021-05-27 11:38:13,16393.25,0
2021-05-27 11:38:15,16392.95,0
2021-05-27 11:38:25,16387.85,0
2021-05-27 11:38:26,16388.1,0
2021-05-27 11:38:27,16387.9,0
2021-05-27 11:38:32,16388.8,0
2021-05-27 11:38:41,16386.85,0
2021-05-27 11:38:46,16387.3,0
2021-05-27 11:38:47,16387.15,0
2021-05-27 11:38:49,16387.6,0
2021-05-27 11:38:50,16387.0,0
2021-05-27 11:38:59,16387.7,0
2021-05-27 11:39:02,16386.45,0
2021-05-27 11:39:12,16389.8,0
2021-05-27 11:39:14,16389.85,0
2021-05-27 11:39:15,16390.35,0
2021-05-27 11:39:21,16391.45,0
2021-05-27 11:39:25,16392.25,0
2021-05-27 11:39:26,16392.55,0
2021-05-27 11:39:32,16393.55,0
2021-05-27 11:39:33,16392.1,0
2021-05-27 11:39:34,16391.8,0
2021-05-27 11:39:40,16392.15,0
2021-05-27 11:39:48,16393.4,0
2021-05-27 11:39:54,16393.3,0
2021-05-27 11:39:59,16391.15,0
2021-05-27 11:40:03,16391.8,0
2021-05-27 11:40:05,16391.15,0
2021-05-27 11:40:13,16389.55,0
2021-05-27 11:40:19,16389.15,0
2021-05-27 11:40:24,16388.65,0
2021-05-27 11:40:31,16388.8,0
2021-05-27 11:40:34,16389.9,0
2021-05-27 11:40:38,16391.05,0
2021-05-27 11:40:39,16391.85,0
2021-05-27 11:40:44,16391.1,0
2021-05-27 11:40:49,16391.55,0
2021-05-27 11:40:55,16391.15,0
2021-05-27 11:40:56,16390.45,0
2021-05-27 11:40:59,16390.0,0
2021-05-27 11:41:11,16390.0,0
2021-05-27 11:41:13,16389.85,0
2021-05-27 11:41:20,16391.7,0
2021-05-27 11:41:21,16389.75,0
2021-05-27 11:41:30,16393.85,0
2021-05-27 11:41:37,16392.75,0
2021-05-27 11:41:38,16391.75,0
2021-05-27 11:41:44,16393.85,0
2021-05-27 11:41:51,16393.35,0
2021-05-27 11:41:54,16394.1,0
2021-05-27 11:41:58,16392.45,0
2021-05-27 11:42:02,16392.9,0
2021-05-27 11:42:09,16394.5,0
2021-05-27 11:42:12,16394.75,0
2021-05-27 11:42:16,16394.65,0
2021-05-27 11:42:22,16394.3,0
2021-05-27 11:42:28,16393.75,0
2021-05-27 11:42:30,16394.65,0
2021-05-27 11:42:32,16394.85,0
2021-05-27 11:42:39,16394.5,0
2021-05-27 11:42:49,16392.2,0
2021-05-27 11:42:50,16392.15,0
2021-05-27 11:43:06,16386.9,0
2021-05-27 11:43:07,16386.75,0
2021-05-27 11:43:11,16386.15,0
2021-05-27 11:43:14,16385.55,0
2021-05-27 11:43:23,16388.3,0
2021-05-27 11:43:26,16390.95,0
2021-05-27 11:43:28,16390.85,0
2021-05-27 11:43:32,16390.95,0
2021-05-27 11:43:35,16392.0,0
2021-05-27 11:43:43,16389.65,0
2021-05-27 11:44:06,16389.05,0
2021-05-27 11:44:08,16386.2,0
2021-05-27 11:44:11,16387.65,0
2021-05-27 11:44:15,16387.95,0
2021-05-27 11:44:17,16388.0,0
2021-05-27 11:44:19,16389.25,0
2021-05-27 11:44:22,16389.4,0
2021-05-27 11:44:26,16389.75,0
2021-05-27 11:44:35,16390.7,0
2021-05-27 11:44:36,16390.0,0
2021-05-27 11:44:38,16390.25,0
2021-05-27 11:44:39,16389.85,0
2021-05-27 11:44:41,16390.0,0
2021-05-27 11:44:46,16390.15,0
2021-05-27 11:44:57,16390.3,0
2021-05-27 11:44:59,16389.4,0
2021-05-27 11:45:07,16391.7,0
2021-05-27 11:45:09,16392.2,0
2021-05-27 11:45:13,16391.95,0
2021-05-27 11:45:20,16399.1,0
2021-05-27 11:45:23,16405.35,0
2021-05-27 11:45:27,16401.2,0
2021-05-27 11:45:31,16404.15,0
2021-05-27 11:45:34,16403.35,0
2021-05-27 11:45:35,16402.9,0
2021-05-27 11:45:42,16401.6,0
2021-05-27 11:45:43,16401.85,0
2021-05-27 11:45:52,16401.2,0
2021-05-27 11:45:54,16402.4,0
2021-05-27 11:45:56,16401.15,0
2021-05-27 11:46:00,16399.6,0
2021-05-27 11:46:01,16398.8,0
2021-05-27 11:46:04,16396.55,0
2021-05-27 11:46:05,16396.65,0
2021-05-27 11:46:07,16397.65,0
2021-05-27 11:46:08,16397.7,0
2021-05-27 11:46:16,16398.5,0
2021-05-27 11:46:18,16398.5,0
2021-05-27 11:46:22,16397.9,0
2021-05-27 11:46:26,16396.5,0
2021-05-27 11:46:27,16395.95,0
2021-05-27 11:46:33,16396.15,0
2021-05-27 11:46:35,16396.1,0
2021-05-27 11:46:36,16396.85,0
2021-05-27 11:46:39,16395.95,0
2021-05-27 11:46:42,16396.15,0
2021-05-27 11:46:49,16396.4,0
2021-05-27 11:46:50,16397.35,0
2021-05-27 11:46:53,16394.3,0
2021-05-27 11:46:58,16393.7,0
2021-05-27 11:47:02,16393.55,0
2021-05-27 11:47:05,16392.2,0
2021-05-27 11:47:07,16393.35,0
2021-05-27 11:47:09,16393.35,0
2021-05-27 11:47:15,16396.1,0
2021-05-27 11:47:19,16397.3,0
2021-05-27 11:47:23,16400.05,0
2021-05-27 11:47:25,16402.1,0
2021-05-27 11:47:26,16400.55,0
2021-05-27 11:47:28,16399.9,0
2021-05-27 11:47:30,16399.75,0
2021-05-27 11:47:37,16400.8,0
2021-05-27 11:47:45,16401.25,0
2021-05-27 11:47:51,16399.35,0
2021-05-27 11:47:55,16398.25,0
2021-05-27 11:47:56,16398.8,0
2021-05-27 11:48:02,16399.25,0
2021-05-27 11:48:14,16401.7,0
2021-05-27 11:48:15,16402.4,0
2021-05-27 11:48:21,16402.75,0
2021-05-27 11:48:23,16403.35,0
2021-05-27 11:48:29,16402.35,0
2021-05-27 11:48:33,16402.5,0
2021-05-27 11:48:36,16400.4,0
2021-05-27 11:48:39,16400.9,0
2021-05-27 11:48:42,16399.8,0
2021-05-27 11:48:47,16400.7,0
2021-05-27 11:48:48,16401.1,0
2021-05-27 11:48:52,16404.15,0
2021-05-27 11:49:04,16407.5,0
2021-05-27 11:49:06,16410.0,0
2021-05-27 11:49:12,16411.7,0
2021-05-27 11:49:24,16407.8,0
2021-05-27 11:49:28,16409.6,0
2021-05-27 11:49:30,16406.55,0
2021-05-27 11:49:39,16407.6,0
2021-05-27 11:49:45,16407.75,0
2021-05-27 11:49:50,16407.95,0
2021-05-27 11:49:54,16408.45,0
2021-05-27 11:50:03,16412.05,0
2021-05-27 11:50:10,16415.35,0
2021-05-27 11:50:15,16414.95,0
2021-05-27 11:50:19,16414.65,0
2021-05-27 11:50:33,16414.4,0
2021-05-27 11:50:42,16415.1,0
2021-05-27 11:50:43,16414.5,0
2021-05-27 11:50:44,16415.05,0
2021-05-27 11:50:48,16415.95,0
2021-05-27 11:50:50,16418.15,0
2021-05-27 11:50:53,16417.25,0
2021-05-27 11:50:55,16416.7,0
2021-05-27 11:50:56,16416.6,0
2021-05-27 11:50:57,16416.3,0
2021-05-27 11:50:59,16415.9,0
2021-05-27 11:51:04,16418.05,0
2021-05-27 11:51:08,16422.7,0
2021-05-27 11:51:13,16426.05,0
2021-05-27 11:51:14,16422.9,0
2021-05-27 11:51:16,16421.65,0
2021-05-27 11:51:21,16423.15,0
2021-05-27 11:51:30,16421.4,0
2021-05-27 11:51:33,16420.9,0
2021-05-27 11:51:34,16420.05,0
2021-05-27 11:51:38,16418.95,0
2021-05-27 11:51:44,16417.65,0
2021-05-27 11:51:47,16419.35,0
2021-05-27 11:51:48,16419.0,0
2021-05-27 11:51:58,16416.95,0
2021-05-27 11:52:06,16417.9,0
2021-05-27 11:52:13,16416.75,0
2021-05-27 11:52:15,16417.25,0
2021-05-27 11:52:16,16417.2,0
2021-05-27 11:52:23,16412.7,0
2021-05-27 11:52:26,16413.05,0
2021-05-27 11:52:27,16413.75,0
2021-05-27 11:52:29,16415.2,0
2021-05-27 11:52:31,16414.95,0
2021-05-27 11:52:32,16413.35,0
2021-05-27 11:52:39,16414.75,0
2021-05-27 11:52:45,16413.45,0
2021-05-27 11:52:49,16413.3,0
2021-05-27 11:52:52,16412.5,0
2021-05-27 11:52:56,16410.85,0
2021-05-27 11:53:03,16411.95,0
2021-05-27 11:53:11,16413.0,0
2021-05-27 11:53:12,16413.0,0
2021-05-27 11:53:25,16413.25,0
2021-05-27 11:53:35,16414.05,0
2021-05-27 11:53:36,16414.35,0
2021-05-27 11:53:45,16414.2,0
2021-05-27 11:54:02,16413.0,0
2021-05-27 11:54:04,16412.25,0
2021-05-27 11:54:05,16413.55,0
2021-05-27 11:54:07,16412.0,0
2021-05-27 11:54:13,16409.05,0
2021-05-27 11:54:20,16411.15,0
2021-05-27 11:54:25,16410.2,0
2021-05-27 11:54:27,16409.1,0
2021-05-27 11:54:28,16408.65,0
2021-05-27 11:54:29,16408.8,0
2021-05-27 11:54:31,16409.45,0
2021-05-27 11:54:39,16409.5,0
2021-05-27 11:54:45,16408.6,0
2021-05-27 11:54:47,16407.95,0
2021-05-27 11:54:52,16405.05,0
2021-05-27 11:54:58,16406.75,0
2021-05-27 11:55:01,16406.8,0
2021-05-27 11:55:07,16407.3,0
2021-05-27 11:55:09,16408.95,0
2021-05-27 11:55:11,16409.65,0
2021-05-27 11:55:13,16409.2,0
2021-05-27 11:55:27,16408.65,0
2021-05-27 11:55:30,16408.55,0
2021-05-27 11:55:32,16408.7,0
2021-05-27 11:55:37,16408.5,0
2021-05-27 11:55:43,16407.45,0
2021-05-27 11:55:44,16408.05,0
2021-05-27 11:55:47,16407.25,0
2021-05-27 11:55:48,16406.95,0
2021-05-27 11:55:57,16407.1,0
2021-05-27 11:56:12,16405.65,0
2021-05-27 11:56:14,16404.1,0
2021-05-27 11:56:15,16404.65,0
2021-05-27 11:56:16,16404.6,0
2021-05-27 11:56:17,16404.3,0
2021-05-27 11:56:19,16405.2,0
2021-05-27 11:56:23,16403.8,0
2021-05-27 11:56:31,16404.15,0
2021-05-27 11:56:32,16404.0,0
2021-05-27 11:56:42,16402.45,0
2021-05-27 11:56:52,16401.85,0
2021-05-27 11:56:54,16401.25,0
2021-05-27 11:56:59,16402.65,0
2021-05-27 11:57:07,16402.05,0
2021-05-27 11:57:12,16403.05,0
2021-05-27 11:57:13,16402.75,0
2021-05-27 11:57:14,16402.5,0
2021-05-27 11:57:15,16402.65,0
2021-05-27 11:57:22,16402.0,0
2021-05-27 11:57:26,16401.25,0
2021-05-27 11:57:27,16400.8,0
2021-05-27 11:57:45,16405.35,0
2021-05-27 11:57:48,16404.6,0
2021-05-27 11:57:50,16405.0,0
2021-05-27 11:57:53,16406.25,0
2021-05-27 11:57:55,16405.0,0
2021-05-27 11:57:57,16406.15,0
2021-05-27 11:57:59,16405.55,0
2021-05-27 11:58:01,16405.35,0
2021-05-27 11:58:05,16405.55,0
2021-05-27 11:58:07,16405.35,0
2021-05-27 11:58:15,16404.6,0
2021-05-27 11:58:16,16404.15,0
2021-05-27 11:58:20,16405.2,0
2021-05-27 11:58:21,16404.2,0
2021-05-27 11:58:28,16403.05,0
2021-05-27 11:58:31,16402.75,0
2021-05-27 11:58:32,16402.55,0
2021-05-27 11:58:36,16402.6,0
2021-05-27 11:58:37,16403.0,0
2021-05-27 11:58:38,16401.9,0
2021-05-27 11:58:42,16404.15,0
2021-05-27 11:58:45,16403.5,0
2021-05-27 11:58:47,16403.5,0
2021-05-27 11:58:49,16404.9,0
2021-05-27 11:58:50,16405.25,0
2021-05-27 11:58:52,16403.85,0
2021-05-27 11:58:53,16403.3,0
2021-05-27 11:58:55,16403.7,0
2021-05-27 11:58:59,16402.35,0
2021-05-27 11:59:03,16401.5,0
2021-05-27 11:59:13,16406.25,0
2021-05-27 11:59:16,16403.95,0
2021-05-27 11:59:18,16403.3,0
2021-05-27 11:59:19,16403.9,0
2021-05-27 11:59:20,16404.05,0
2021-05-27 11:59:27,16402.5,0
2021-05-27 11:59:32,16402.15,0
2021-05-27 11:59:34,16404.8,0
2021-05-27 11:59:40,16403.05,0
2021-05-27 11:59:43,16402.7,0
2021-05-27 11:59:49,16402.65,0
2021-05-27 11:59:59,16403.2,0
2021-05-27 12:00:00,16403.5,0
2021-05-27 12:00:13,16404.3,0
2021-05-27 12:00:14,16403.9,0
2021-05-27 12:00:15,16403.0,0
2021-05-27 12:00:16,16401.8,0
2021-05-27 12:00:22,16401.9,0
2021-05-27 12:00:51,16400.4,0
2021-05-27 12:00:52,16399.2,0
2021-05-27 12:00:55,16399.1,0
2021-05-27 12:00:56,16401.9,0
2021-05-27 12:01:05,16402.05,0
2021-05-27 12:01:10,16399.9,0
2021-05-27 12:01:11,16401.15,0
2021-05-27 12:01:21,16400.05,0
2021-05-27 12:01:25,16400.15,0
2021-05-27 12:01:27,16401.75,0
2021-05-27 12:01:35,16401.25,0
2021-05-27 12:01:38,16401.2,0
2021-05-27 12:01:39,16401.85,0
2021-05-27 12:01:43,16401.75,0
2021-05-27 12:01:50,16403.5,0
2021-05-27 12:01:53,16401.9,0
2021-05-27 12:01:55,16401.2,0
2021-05-27 12:01:57,16401.95,0
2021-05-27 12:01:58,16403.2,0
2021-05-27 12:01:59,16402.6,0
2021-05-27 12:02:00,16401.5,0
2021-05-27 12:02:01,16401.5,0
2021-05-27 12:02:04,16402.1,0
2021-05-27 12:02:06,16401.8,0
2021-05-27 12:02:08,16401.5,0
2021-05-27 12:02:12,16401.65,0
2021-05-27 12:02:14,16402.6,0
2021-05-27 12:02:17,16402.0,0
2021-05-27 12:02:27,16402.8,0
2021-05-27 12:02:44,16404.85,0
2021-05-27 12:02:48,16407.1,0
2021-05-27 12:02:50,16407.6,0
2021-05-27 12:03:04,16418.35,0
2021-05-27 12:03:10,16416.8,0
2021-05-27 12:03:25,16419.35,0
2021-05-27 12:03:31,16417.7,0
2021-05-27 12:03:36,16417.4,0
2021-05-27 12:03:39,16417.85,0
2021-05-27 12:03:40,16417.45,0
2021-05-27 12:03:44,16417.85,0
2021-05-27 12:03:48,16416.55,0
2021-05-27 12:03:51,16416.7,0
2021-05-27 12:03:55,16415.5,0
2021-05-27 12:04:02,16414.5,0
2021-05-27 12:04:04,16415.35,0
2021-05-27 12:04:17,16416.75,0
2021-05-27 12:04:21,16413.7,0
2021-05-27 12:04:23,16414.6,0
2021-05-27 12:04:24,16414.15,0
2021-05-27 12:04:29,16417.0,0
2021-05-27 12:04:32,16416.4,0
2021-05-27 12:04:34,16417.0,0
2021-05-27 12:04:37,16418.0,0
2021-05-27 12:04:44,16418.95,0
2021-05-27 12:04:55,16416.25,0
2021-05-27 12:04:56,16416.65,0
2021-05-27 12:04:58,16414.6,0
2021-05-27 12:05:05,16415.75,0
2021-05-27 12:05:09,16416.3,0
2021-05-27 12:05:15,16415.6,0
2021-05-27 12:05:29,16415.65,0
2021-05-27 12:05:36,16415.9,0
2021-05-27 12:05:37,16415.85,0
2021-05-27 12:05:40,16416.25,0
2021-05-27 12:05:42,16415.8,0
2021-05-27 12:06:03,16418.35,0
2021-05-27 12:06:05,16418.7,0
2021-05-27 12:06:07,16418.2,0
2021-05-27 12:06:21,16423.95,0
2021-05-27 12:06:25,16423.15,0
2021-05-27 12:06:30,16423.3,0
2021-05-27 12:06:34,16421.6,0
2021-05-27 12:06:47,16421.4,0
2021-05-27 12:06:57,16424.1,0
2021-05-27 12:07:02,16421.85,0
2021-05-27 12:07:09,16421.9,0
2021-05-27 12:07:10,16421.9,0
2021-05-27 12:07:14,16421.1,0
2021-05-27 12:07:15,16420.3,0
2021-05-27 12:07:18,16421.25,0
2021-05-27 12:07:36,16419.9,0
2021-05-27 12:07:54,16419.65,0
2021-05-27 12:07:55,16419.55,0
2021-05-27 12:07:56,16419.75,0
2021-05-27 12:07:59,16419.15,0
2021-05-27 12:08:01,16418.85,0
2021-05-27 12:08:02,16419.25,0
2021-05-27 12:08:03,16419.6,0
2021-05-27 12:08:05,16419.65,0
2021-05-27 12:08:13,16420.25,0
2021-05-27 12:08:16,16420.4,0
2021-05-27 12:08:19,16420.4,0
2021-05-27 12:08:21,16420.05,0
2021-05-27 12:08:23,16420.7,0
2021-05-27 12:08:25,16420.15,0
2021-05-27 12:08:27,16419.75,0
2021-05-27 12:08:46,16418.7,0
2021-05-27 12:08:51,16419.65,0
2021-05-27 12:08:53,16418.85,0
2021-05-27 12:08:55,16419.55,0
2021-05-27 12:09:00,16418.6,0
2021-05-27 12:09:02,16418.05,0
2021-05-27 12:09:04,16417.75,0
2021-05-27 12:09:06,16417.85,0
2021-05-27 12:09:10,16420.1,0
2021-05-27 12:09:11,16419.7,0
2021-05-27 12:09:23,16416.65,0
2021-05-27 12:09:24,16415.7,0
2021-05-27 12:09:35,16416.9,0
2021-05-27 12:09:36,16416.25,0
2021-05-27 12:09:45,16415.55,0
2021-05-27 12:09:50,16416.35,0
2021-05-27 12:09:51,16416.7,0
2021-05-27 12:09:55,16415.2,0
2021-05-27 12:10:08,16414.1,0
2021-05-27 12:10:11,16414.8,0
2021-05-27 12:10:19,16413.25,0
2021-05-27 12:10:21,16412.2,0
2021-05-27 12:10:30,16413.1,0
2021-05-27 12:10:32,16413.85,0
2021-05-27 12:10:36,16415.45,0
2021-05-27 12:10:43,16415.85,0
2021-05-27 12:10:46,16414.95,0
2021-05-27 12:10:53,16415.1,0
2021-05-27 12:10:55,16416.05,0
2021-05-27 12:10:56,16414.7,0
2021-05-27 12:10:57,16416.5,0
2021-05-27 12:11:07,16417.4,0
2021-05-27 12:11:17,16416.4,0
2021-05-27 12:11:18,16415.55,0
2021-05-27 12:11:22,16417.2,0
2021-05-27 12:11:26,16417.1,0
2021-05-27 12:11:27,16416.75,0
2021-05-27 12:11:41,16415.7,0
2021-05-27 12:11:47,16417.25,0
2021-05-27 12:11:49,16417.1,0
2021-05-27 12:11:53,16415.45,0
2021-05-27 12:12:00,16414.75,0
2021-05-27 12:12:01,16413.95,0
2021-05-27 12:12:04,16414.7,0
2021-05-27 12:12:09,16415.85,0
2021-05-27 12:12:17,16415.5,0
2021-05-27 12:12:25,16415.2,0
2021-05-27 12:12:26,16415.4,0
2021-05-27 12:12:30,16415.85,0
2021-05-27 12:12:38,16414.15,0
2021-05-27 12:12:47,16415.15,0
2021-05-27 12:12:49,16415.2,0
2021-05-27 12:12:50,16415.15,0
2021-05-27 12:12:51,16416.35,0
2021-05-27 12:12:52,16416.45,0
2021-05-27 12:12:53,16416.45,0
2021-05-27 12:12:55,16417.25,0
2021-05-27 12:12:59,16416.55,0
2021-05-27 12:13:07,16416.75,0
2021-05-27 12:13:11,16417.15,0
2021-05-27 12:13:14,16417.95,0
2021-05-27 12:13:16,16416.8,0
2021-05-27 12:13:17,16416.55,0
2021-05-27 12:13:24,16418.45,0
2021-05-27 12:13:27,16416.35,0
2021-05-27 12:13:41,16414.55,0
2021-05-27 12:13:45,16412.95,0
2021-05-27 12:13:46,16411.15,0
2021-05-27 12:13:47,16410.55,0
2021-05-27 12:13:53,16411.75,0
2021-05-27 12:13:55,16410.85,0
2021-05-27 12:13:56,16411.35,0
2021-05-27 12:13:59,16410.3,0
2021-05-27 12:14:00,16410.35,0
2021-05-27 12:14:04,16410.85,0
2021-05-27 12:14:08,16408.55,0
2021-05-27 12:14:12,16407.95,0
2021-05-27 12:14:14,16408.75,0
2021-05-27 12:14:22,16404.95,0
2021-05-27 12:14:35,16399.8,0
2021-05-27 12:14:48,16398.4,0
2021-05-27 12:14:51,16399.45,0
2021-05-27 12:14:57,16399.25,0
2021-05-27 12:15:10,16400.05,0
2021-05-27 12:15:13,16400.2,0
2021-05-27 12:15:18,16400.6,0
2021-05-27 12:15:35,16398.95,0
2021-05-27 12:15:36,16400.65,0
2021-05-27 12:15:42,16398.65,0
2021-05-27 12:15:47,16396.9,0
2021-05-27 12:15:49,16396.2,0
2021-05-27 12:15:51,16396.8,0
2021-05-27 12:15:52,16395.35,0
2021-05-27 12:15:55,16395.1,0
2021-05-27 12:16:00,16395.95,0
2021-05-27 12:16:05,16394.35,0
2021-05-27 12:16:08,16394.45,0
2021-05-27 12:16:12,16395.8,0
2021-05-27 12:16:16,16394.85,0
2021-05-27 12:16:28,16398.15,0
2021-05-27 12:16:31,16396.95,0
2021-05-27 12:16:41,16397.05,0
2021-05-27 12:16:42,16396.5,0
2021-05-27 12:16:44,16395.45,0
2021-05-27 12:16:45,16395.0,0
2021-05-27 12:16:58,16395.4,0
2021-05-27 12:17:01,16392.55,0
2021-05-27 12:17:04,16391.7,0
2021-05-27 12:17:07,16391.75,0
2021-05-27 12:17:11,16391.25,0
2021-05-27 12:17:13,16391.7,0
2021-05-27 12:17:17,16390.75,0
2021-05-27 12:17:24,16392.25,0
2021-05-27 12:17:30,16392.15,0
2021-05-27 12:17:54,16385.2,0
2021-05-27 12:17:56,16385.75,0
2021-05-27 12:17:58,16385.6,0
2021-05-27 12:18:02,16386.05,0
2021-05-27 12:18:04,16385.65,0
2021-05-27 12:18:16,16384.05,0
2021-05-27 12:18:23,16381.1,0
2021-05-27 12:18:24,16377.8,0
2021-05-27 12:18:28,16376.35,0
2021-05-27 12:18:29,16378.2,0
2021-05-27 12:18:31,16378.85,0
2021-05-27 12:18:38,16380.05,0
2021-05-27 12:18:39,16377.95,0
2021-05-27 12:18:40,16378.65,0
2021-05-27 12:18:48,16375.55,0
2021-05-27 12:18:51,16374.75,0
2021-05-27 12:18:54,16374.25,0
2021-05-27 12:18:57,16374.85,0
2021-05-27 12:19:14,16376.15,0
2021-05-27 12:19:22,16377.25,0
2021-05-27 12:19:38,16385.5,0
2021-05-27 12:19:51,16383.3,0
2021-05-27 12:19:53,16384.35,0
2021-05-27 12:19:58,16382.15,0
2021-05-27 12:19:59,16383.05,0
2021-05-27 12:20:04,16383.35,0
2021-05-27 12:20:06,16383.05,0
2021-05-27 12:20:07,16382.15,0
2021-05-27 12:20:12,16384.0,0
2021-05-27 12:20:14,16385.1,0
2021-05-27 12:20:16,16384.75,0
2021-05-27 12:20:18,16385.0,0
2021-05-27 12:20:28,16383.3,0
2021-05-27 12:20:33,16382.8,0
2021-05-27 12:20:41,16381.25,0
2021-05-27 12:20:48,16381.95,0
2021-05-27 12:20:53,16380.35,0
2021-05-27 12:20:56,16380.7,0
2021-05-27 12:20:57,16380.15,0
2021-05-27 12:21:02,16380.5,0
2021-05-27 12:21:08,16380.55,0
2021-05-27 12:21:10,16381.25,0
2021-05-27 12:21:22,16380.95,0
2021-05-27 12:21:23,16380.5,0
2021-05-27 12:21:25,16381.75,0
2021-05-27 12:21:29,16383.05,0
2021-05-27 12:21:31,16383.95,0
2021-05-27 12:21:35,16385.05,0
2021-05-27 12:21:38,16385.15,0
2021-05-27 12:21:39,16384.45,0
2021-05-27 12:21:41,16384.6,0
2021-05-27 12:21:42,16385.1,0
2021-05-27 12:21:47,16383.5,0
2021-05-27 12:22:10,16384.45,0
2021-05-27 12:22:12,16384.5,0
2021-05-27 12:22:14,16385.05,0
2021-05-27 12:22:15,16384.9,0
2021-05-27 12:22:21,16385.7,0
2021-05-27 12:22:37,16384.3,0
2021-05-27 12:22:39,16384.55,0
2021-05-27 12:22:40,16384.6,0
2021-05-27 12:22:41,16383.2,0
2021-05-27 12:22:47,16383.5,0
2021-05-27 12:22:52,16383.3,0
2021-05-27 12:22:55,16383.35,0
2021-05-27 12:22:56,16384.15,0
2021-05-27 12:22:59,16383.15,0
2021-05-27 12:23:00,16381.65,0
2021-05-27 12:23:02,16380.75,0
2021-05-27 12:23:03,16380.6,0
2021-05-27 12:23:04,16380.55,0
2021-05-27 12:23:05,16380.8,0
2021-05-27 12:23:10,16380.9,0
2021-05-27 12:23:11,16380.7,0
2021-05-27 12:23:12,16380.0,0
2021-05-27 12:23:17,16381.85,0
2021-05-27 12:23:20,16382.6,0
2021-05-27 12:23:24,16383.5,0
2021-05-27 12:23:28,16382.5,0
2021-05-27 12:23:33,16383.2,0
2021-05-27 12:23:42,16380.7,0
2021-05-27 12:23:49,16380.5,0
2021-05-27 12:24:13,16379.25,0
2021-05-27 12:24:14,16379.1,0
2021-05-27 12:24:16,16379.25,0
2021-05-27 12:24:19,16379.4,0
2021-05-27 12:24:22,16379.9,0
2021-05-27 12:24:27,16379.9,0
2021-05-27 12:24:28,16379.5,0
2021-05-27 12:24:32,16378.45,0
2021-05-27 12:24:35,16379.95,0
2021-05-27 12:24:37,16379.2,0
2021-05-27 12:24:38,16379.15,0
2021-05-27 12:24:44,16378.95,0
2021-05-27 12:24:46,16378.65,0
2021-05-27 12:24:47,16379.1,0
2021-05-27 12:24:48,16379.05,0
2021-05-27 12:24:51,16379.8,0
2021-05-27 12:25:04,16376.2,0
2021-05-27 12:25:08,16377.1,0
2021-05-27 12:25:35,16373.9,0
2021-05-27 12:25:39,16375.05,0
2021-05-27 12:25:43,16372.3,0
2021-05-27 12:25:51,16371.55,0
2021-05-27 12:26:06,16370.95,0
2021-05-27 12:26:07,16370.7,0
2021-05-27 12:26:09,16370.0,0
2021-05-27 12:26:10,16369.75,0
2021-05-27 12:26:11,16369.55,0
2021-05-27 12:26:22,16369.75,0
2021-05-27 12:26:28,16368.2,0
2021-05-27 12:26:30,16368.4,0
2021-05-27 12:26:33,16367.35,0
2021-05-27 12:26:38,16367.0,0
2021-05-27 12:26:40,16367.95,0
2021-05-27 12:26:43,16367.65,0
2021-05-27 12:26:45,16367.55,0
2021-05-27 12:26:51,16367.05,0
2021-05-27 12:26:52,16368.0,0
2021-05-27 12:26:55,16368.3,0
2021-05-27 12:26:56,16368.0,0
2021-05-27 12:27:04,16368.6,0
2021-05-27 12:27:05,16369.35,0
2021-05-27 12:27:08,16368.6,0
2021-05-27 12:27:10,16369.4,0
2021-05-27 12:27:13,16368.95,0
2021-05-27 12:27:24,16371.55,0
2021-05-27 12:27:28,16371.5,0
2021-05-27 12:27:49,16369.65,0
2021-05-27 12:27:56,16369.95,0
2021-05-27 12:27:58,16369.7,0
2021-05-27 12:28:06,16363.45,0
2021-05-27 12:28:08,16364.05,0
2021-05-27 12:28:26,16362.2,0
2021-05-27 12:28:31,16361.65,0
2021-05-27 12:28:40,16362.1,0
2021-05-27 12:28:43,16362.1,0
2021-05-27 12:28:47,16363.2,0
2021-05-27 12:28:52,16363.15,0
2021-05-27 12:29:03,16367.1,0
2021-05-27 12:29:06,16366.55,0
2021-05-27 12:29:08,16366.7,0
2021-05-27 12:29:13,16366.8,0
2021-05-27 12:29:15,16366.35,0
2021-05-27 12:29:18,16366.0,0
2021-05-27 12:29:32,16364.1,0
2021-05-27 12:29:48,16365.55,0
2021-05-27 12:29:49,16364.55,0
2021-05-27 12:29:51,16364.1,0
2021-05-27 12:29:53,16364.4,0
2021-05-27 12:29:56,16364.1,0
2021-05-27 12:29:57,16363.6,0
2021-05-27 12:29:59,16363.85,0
2021-05-27 12:30:09,16362.5,0
2021-05-27 12:30:10,16362.55,0
2021-05-27 12:30:18,16361.7,0
2021-05-27 12:30:28,16360.4,0
2021-05-27 12:30:32,16362.2,0
2021-05-27 12:30:35,16361.4,0
2021-05-27 12:30:37,16361.15,0
2021-05-27 12:30:39,16361.1,0
2021-05-27 12:30:40,16361.95,0
2021-05-27 12:30:44,16363.45,0
2021-05-27 12:30:45,16363.75,0
2021-05-27 12:30:48,16363.3,0
2021-05-27 12:30:58,16366.65,0
2021-05-27 12:31:20,16362.45,0
2021-05-27 12:31:24,16360.9,0
2021-05-27 12:31:35,16363.25,0
2021-05-27 12:31:38,16363.9,0
2021-05-27 12:31:49,16365.5,0
2021-05-27 12:31:54,16365.25,0
2021-05-27 12:32:03,16364.35,0
2021-05-27 12:32:07,16365.15,0
2021-05-27 12:32:12,16364.65,0
2021-05-27 12:32:16,16363.75,0
2021-05-27 12:32:23,16365.1,0
2021-05-27 12:32:37,16366.3,0
2021-05-27 12:32:40,16366.5,0
2021-05-27 12:32:48,16366.85,0
2021-05-27 12:32:52,16366.95,0
2021-05-27 12:32:53,16366.95,0
2021-05-27 12:32:56,16366.6,0
2021-05-27 12:32:57,16367.2,0
2021-05-27 12:33:00,16367.1,0
2021-05-27 12:33:03,16367.0,0
2021-05-27 12:33:04,16367.2,0
2021-05-27 12:33:07,16366.7,0
2021-05-27 12:33:08,16366.95,0
2021-05-27 12:33:16,16367.25,0
2021-05-27 12:33:31,16367.25,0
2021-05-27 12:33:37,16367.5,0
2021-05-27 12:33:39,16368.0,0
2021-05-27 12:33:40,16368.3,0
2021-05-27 12:33:43,16367.65,0
2021-05-27 12:33:45,16367.05,0
2021-05-27 12:33:46,16367.55,0
2021-05-27 12:33:47,16368.35,0
2021-05-27 12:33:49,16370.7,0
2021-05-27 12:33:51,16368.3,0
2021-05-27 12:34:01,16368.2,0
2021-05-27 12:34:03,16368.1,0
2021-05-27 12:34:05,16368.5,0
2021-05-27 12:34:15,16369.85,0
2021-05-27 12:34:16,16369.8,0
2021-05-27 12:34:20,16369.6,0
2021-05-27 12:34:23,16370.85,0
2021-05-27 12:34:26,16372.0,0
2021-05-27 12:34:35,16373.15,0
2021-05-27 12:34:39,16375.3,0
2021-05-27 12:34:41,16375.95,0
2021-05-27 12:34:52,16376.15,0
2021-05-27 12:34:55,16377.6,0
2021-05-27 12:34:59,16377.2,0
2021-05-27 12:35:33,16375.15,0
2021-05-27 12:35:36,16374.3,0
2021-05-27 12:35:38,16375.5,0
2021-05-27 12:35:45,16375.9,0
2021-05-27 12:35:47,16374.05,0
2021-05-27 12:35:48,16374.25,0
2021-05-27 12:35:56,16376.75,0
2021-05-27 12:36:00,16374.75,0
2021-05-27 12:36:02,16375.45,0
2021-05-27 12:36:10,16375.15,0
2021-05-27 12:36:18,16374.1,0
2021-05-27 12:36:20,16373.55,0
2021-05-27 12:36:29,16373.15,0
2021-05-27 12:36:30,16374.2,0
2021-05-27 12:36:32,16373.45,0
2021-05-27 12:36:39,16370.55,0
2021-05-27 12:37:00,16368.15,0
2021-05-27 12:37:03,16367.45,0
2021-05-27 12:37:07,16367.15,0
2021-05-27 12:37:33,16367.05,0
2021-05-27 12:37:38,16367.3,0
2021-05-27 12:37:41,16367.05,0
2021-05-27 12:37:42,16368.15,0
2021-05-27 12:37:47,16369.2,0
2021-05-27 12:37:51,16367.45,0
2021-05-27 12:37:55,16367.35,0
2021-05-27 12:38:00,16369.0,0
2021-05-27 12:38:01,16370.3,0
2021-05-27 12:38:08,16369.05,0
2021-05-27 12:38:12,16368.25,0
2021-05-27 12:38:13,16368.25,0
2021-05-27 12:38:14,16368.25,0
2021-05-27 12:38:19,16368.65,0
2021-05-27 12:38:20,16369.7,0
2021-05-27 12:38:23,16369.0,0
2021-05-27 12:38:31,16367.8,0
2021-05-27 12:38:36,16366.15,0
2021-05-27 12:38:37,16367.2,0
2021-05-27 12:38:39,16367.75,0
2021-05-27 12:38:40,16368.55,0
2021-05-27 12:38:42,16367.0,0
2021-05-27 12:38:48,16370.65,0
2021-05-27 12:38:49,16370.1,0
2021-05-27 12:38:54,16370.55,0
2021-05-27 12:38:59,16370.3,0
2021-05-27 12:39:08,16367.9,0
2021-05-27 12:39:13,16370.35,0
2021-05-27 12:39:16,16370.35,0
2021-05-27 12:39:23,16369.2,0
2021-05-27 12:39:40,16372.85,0
2021-05-27 12:39:42,16373.3,0
2021-05-27 12:39:46,16373.1,0
2021-05-27 12:39:48,16371.35,0
2021-05-27 12:39:57,16371.75,0
2021-05-27 12:40:02,16371.35,0
2021-05-27 12:40:04,16371.15,0
2021-05-27 12:40:06,16371.25,0
2021-05-27 12:40:10,16371.4,0
2021-05-27 12:40:13,16371.2,0
2021-05-27 12:40:15,16371.25,0
2021-05-27 12:40:19,16370.7,0
2021-05-27 12:40:20,16371.0,0
2021-05-27 12:40:21,16370.75,0
2021-05-27 12:40:22,16371.2,0
2021-05-27 12:40:25,16369.8,0
2021-05-27 12:40:27,16368.55,0
2021-05-27 12:40:28,16368.45,0
2021-05-27 12:40:31,16368.3,0
2021-05-27 12:40:32,16368.05,0
2021-05-27 12:40:35,16368.4,0
2021-05-27 12:40:39,16364.95,0
2021-05-27 12:40:49,16359.35,0
2021-05-27 12:40:50,16359.35,0
2021-05-27 12:40:55,16358.95,0
2021-05-27 12:41:22,16359.7,0
2021-05-27 12:41:24,16361.9,0
2021-05-27 12:41:44,16359.85,0
2021-05-27 12:41:47,16358.85,0
2021-05-27 12:41:48,16358.45,0
2021-05-27 12:41:53,16359.4,0
2021-05-27 12:41:55,16358.9,0
2021-05-27 12:42:03,16359.85,0
2021-05-27 12:42:05,16359.35,0
2021-05-27 12:42:11,16358.0,0
2021-05-27 12:42:15,16357.45,0
2021-05-27 12:42:21,16355.6,0
2021-05-27 12:42:25,16356.05,0
2021-05-27 12:42:38,16356.85,0
2021-05-27 12:42:54,16356.85,0
2021-05-27 12:42:58,16356.6,0
2021-05-27 12:43:06,16356.2,0
2021-05-27 12:43:15,16356.8,0
2021-05-27 12:43:27,16358.8,0
2021-05-27 12:43:40,16365.6,0
2021-05-27 12:43:45,16365.75,0
2021-05-27 12:44:08,16366.3,0
2021-05-27 12:44:13,16367.0,0
2021-05-27 12:44:14,16365.85,0
2021-05-27 12:44:18,16364.9,0
2021-05-27 12:44:23,16364.7,0
2021-05-27 12:44:25,16364.4,0
2021-05-27 12:44:26,16365.7,0
2021-05-27 12:44:31,16364.95,0
2021-05-27 12:44:34,16364.0,0
2021-05-27 12:44:35,16364.2,0
2021-05-27 12:44:44,16363.2,0
2021-05-27 12:44:45,16362.5,0
2021-05-27 12:44:46,16363.15,0
2021-05-27 12:44:47,16362.2,0
2021-05-27 12:44:51,16361.95,0
2021-05-27 12:44:52,16363.05,0
2021-05-27 12:44:53,16361.85,0
2021-05-27 12:45:01,16362.8,0
2021-05-27 12:45:11,16356.7,0
2021-05-27 12:45:32,16361.45,0
2021-05-27 12:45:41,16362.6,0
2021-05-27 12:45:42,16362.55,0
2021-05-27 12:45:58,16362.4,0
2021-05-27 12:46:01,16359.85,0
2021-05-27 12:46:02,16360.2,0
2021-05-27 12:46:09,16361.95,0
2021-05-27 12:46:13,16361.4,0
2021-05-27 12:46:16,16361.9,0
2021-05-27 12:46:18,16361.25,0
2021-05-27 12:46:23,16363.8,0
2021-05-27 12:46:46,16365.45,0
2021-05-27 12:46:56,16366.5,0
2021-05-27 12:46:58,16365.95,0
2021-05-27 12:47:04,16365.3,0
2021-05-27 12:47:07,16365.85,0
2021-05-27 12:47:14,16365.45,0
2021-05-27 12:47:21,16364.15,0
2021-05-27 12:47:30,16364.55,0
2021-05-27 12:47:34,16364.2,0
2021-05-27 12:47:36,16363.0,0
2021-05-27 12:47:42,16364.7,0
2021-05-27 12:47:44,16365.1,0
2021-05-27 12:47:48,16366.0,0
2021-05-27 12:47:51,16366.5,0
2021-05-27 12:47:56,16366.15,0
2021-05-27 12:48:00,16365.65,0
2021-05-27 12:48:05,16364.25,0
2021-05-27 12:48:10,16363.3,0
2021-05-27 12:48:15,16363.05,0
2021-05-27 12:48:17,16363.2,0
2021-05-27 12:48:19,16362.9,0
2021-05-27 12:48:23,16363.3,0
2021-05-27 12:48:47,16360.15,0
2021-05-27 12:48:54,16358.75,0
2021-05-27 12:49:00,16359.7,0
2021-05-27 12:49:12,16361.4,0
2021-05-27 12:49:18,16359.6,0
2021-05-27 12:49:19,16360.3,0
2021-05-27 12:49:20,16360.4,0
2021-05-27 12:49:22,16359.8,0
2021-05-27 12:49:26,16360.05,0
2021-05-27 12:49:33,16361.95,0
2021-05-27 12:49:45,16359.3,0
2021-05-27 12:49:46,16359.95,0
2021-05-27 12:49:55,16361.2,0
2021-05-27 12:49:58,16361.55,0
2021-05-27 12:50:07,16360.65,0
2021-05-27 12:50:15,16362.3,0
2021-05-27 12:50:25,16363.1,0
2021-05-27 12:50:28,16363.2,0
2021-05-27 12:50:30,16363.65,0
2021-05-27 12:50:34,16362.85,0
2021-05-27 12:50:39,16363.15,0
2021-05-27 12:50:44,16364.05,0
2021-05-27 12:50:47,16364.4,0
2021-05-27 12:50:49,16364.05,0
2021-05-27 12:50:51,16364.3,0
2021-05-27 12:50:55,16366.4,0
2021-05-27 12:50:57,16364.4,0
2021-05-27 12:51:10,16365.75,0
2021-05-27 12:51:13,16366.15,0
2021-05-27 12:51:17,16366.1,0
2021-05-27 12:51:19,16366.05,0
2021-05-27 12:51:20,16366.1,0
2021-05-27 12:51:22,16366.55,0
2021-05-27 12:51:27,16366.4,0
2021-05-27 12:51:35,16366.8,0
2021-05-27 12:51:43,16366.8,0
2021-05-27 12:51:46,16365.9,0
2021-05-27 12:51:54,16368.2,0
2021-05-27 12:52:05,16369.15,0
2021-05-27 12:52:08,16369.35,0
2021-05-27 12:52:14,16370.2,0
2021-05-27 12:52:18,16370.4,0
2021-05-27 12:52:26,16370.55,0
2021-05-27 12:52:33,16370.5,0
2021-05-27 12:52:37,16369.9,0
2021-05-27 12:52:39,16369.85,0
2021-05-27 12:52:40,16370.05,0
2021-05-27 12:52:52,16370.3,0
2021-05-27 12:52:56,16370.55,0
2021-05-27 12:53:01,16372.55,0
2021-05-27 12:53:05,16373.05,0
2021-05-27 12:53:06,16372.7,0
2021-05-27 12:53:14,16375.7,0
2021-05-27 12:53:20,16373.45,0
2021-05-27 12:53:32,16374.9,0
2021-05-27 12:53:36,16375.5,0
2021-05-27 12:53:44,16373.7,0
2021-05-27 12:53:50,16375.8,0
2021-05-27 12:53:51,16376.05,0
2021-05-27 12:54:08,16376.1,0
2021-05-27 12:54:09,16376.0,0
2021-05-27 12:54:18,16378.6,0
2021-05-27 12:54:21,16378.25,0
2021-05-27 12:54:25,16377.95,0
2021-05-27 12:54:26,16377.4,0
2021-05-27 12:54:30,16377.75,0
2021-05-27 12:54:34,16377.95,0
2021-05-27 12:54:40,16377.05,0
2021-05-27 12:54:43,16376.2,0
2021-05-27 12:54:48,16376.45,0
2021-05-27 12:54:49,16377.25,0
2021-05-27 12:54:50,16376.05,0
2021-05-27 12:54:51,16376.1,0
2021-05-27 12:54:59,16382.95,0
2021-05-27 12:55:02,16381.05,0
2021-05-27 12:55:04,16381.2,0
2021-05-27 12:55:11,16380.8,0
2021-05-27 12:55:17,16377.15,0
2021-05-27 12:55:20,16377.1,0
2021-05-27 12:55:21,16376.6,0
2021-05-27 12:55:24,16375.9,0
2021-05-27 12:55:26,16375.4,0
2021-05-27 12:55:36,16371.9,0
2021-05-27 12:55:37,16370.05,0
2021-05-27 12:55:38,16370.3,0
2021-05-27 12:55:48,16367.9,0
2021-05-27 12:55:49,16369.3,0
2021-05-27 12:55:50,16368.8,0
2021-05-27 12:55:54,16368.25,0
2021-05-27 12:55:56,16367.3,0
2021-05-27 12:56:00,16364.2,0
2021-05-27 12:56:06,16366.05,0
2021-05-27 12:56:31,16370.15,0
2021-05-27 12:56:34,16372.8,0
2021-05-27 12:56:42,16372.0,0
2021-05-27 12:56:41,16370.5,0
2021-05-27 12:56:51,16371.5,0
2021-05-27 12:56:52,16373.55,0
2021-05-27 12:57:00,16373.8,0
2021-05-27 12:57:01,16372.55,0
2021-05-27 12:57:02,16372.9,0
2021-05-27 12:57:22,16375.2,0
2021-05-27 12:57:42,16374.0,0
2021-05-27 12:57:46,16373.3,0
2021-05-27 12:57:47,16374.3,0
2021-05-27 12:57:52,16372.7,0
2021-05-27 12:57:55,16373.7,0
2021-05-27 12:58:00,16374.4,0
2021-05-27 12:58:04,16374.0,0
2021-05-27 12:58:09,16373.85,0
2021-05-27 12:58:11,16372.9,0
2021-05-27 12:58:18,16371.65,0
2021-05-27 12:58:20,16371.8,0
2021-05-27 12:58:22,16371.0,0
2021-05-27 12:58:26,16372.85,0
2021-05-27 12:58:28,16372.8,0
2021-05-27 12:58:29,16372.85,0
2021-05-27 12:58:31,16371.85,0
2021-05-27 12:58:32,16372.75,0
2021-05-27 12:58:39,16371.6,0
2021-05-27 12:58:40,16371.8,0
2021-05-27 12:58:41,16371.75,0
2021-05-27 12:58:42,16371.7,0
2021-05-27 12:58:44,16371.9,0
2021-05-27 12:58:57,16373.8,0
2021-05-27 12:59:03,16375.0,0
2021-05-27 12:59:06,16373.0,0
2021-05-27 12:59:08,16374.15,0
2021-05-27 12:59:14,16375.1,0
2021-05-27 12:59:18,16374.6,0
2021-05-27 12:59:20,16375.35,0
2021-05-27 12:59:21,16375.2,0
2021-05-27 12:59:30,16375.4,0
2021-05-27 12:59:35,16377.25,0
2021-05-27 12:59:36,16376.85,0
2021-05-27 12:59:43,16376.05,0
2021-05-27 12:59:54,16372.45,0
2021-05-27 13:00:00,16368.75,0
2021-05-27 13:00:02,16370.05,0
2021-05-27 13:00:03,16369.7,0
2021-05-27 13:00:05,16365.4,0
2021-05-27 13:00:11,16369.1,0
2021-05-27 13:00:14,16369.85,0
2021-05-27 13:00:23,16370.35,0
2021-05-27 13:00:31,16371.65,0
2021-05-27 13:00:38,16369.0,0
2021-05-27 13:00:44,16369.2,0
2021-05-27 13:00:49,16367.15,0
2021-05-27 13:00:54,16365.75,0
2021-05-27 13:00:55,16364.7,0
2021-05-27 13:01:01,16369.85,0
2021-05-27 13:01:22,16371.95,0
2021-05-27 13:01:23,16372.8,0
2021-05-27 13:01:25,16373.9,0
2021-05-27 13:01:29,16374.55,0
2021-05-27 13:01:30,16374.45,0
2021-05-27 13:01:32,16376.8,0
2021-05-27 13:01:43,16381.1,0
2021-05-27 13:01:53,16387.3,0
2021-05-27 13:01:59,16390.35,0
2021-05-27 13:02:06,16390.6,0
2021-05-27 13:02:12,16391.05,0
2021-05-27 13:02:15,16391.55,0
2021-05-27 13:02:16,16392.35,0
2021-05-27 13:02:19,16397.45,0
2021-05-27 13:02:29,16395.5,0
2021-05-27 13:02:34,16395.0,0
2021-05-27 13:02:52,16395.5,0
2021-05-27 13:03:00,16394.3,0
2021-05-27 13:03:07,16394.9,0
2021-05-27 13:03:10,16395.05,0
2021-05-27 13:03:14,16392.8,0
2021-05-27 13:03:20,16393.15,0
2021-05-27 13:03:21,16393.6,0
2021-05-27 13:03:25,16392.85,0
2021-05-27 13:03:30,16392.65,0
2021-05-27 13:03:41,16389.55,0
2021-05-27 13:03:46,16391.3,0
2021-05-27 13:03:47,16390.65,0
2021-05-27 13:03:54,16389.8,0
2021-05-27 13:03:58,16390.9,0
2021-05-27 13:04:04,16390.0,0
2021-05-27 13:04:07,16390.85,0
2021-05-27 13:04:12,16392.05,0
2021-05-27 13:04:15,16391.7,0
2021-05-27 13:04:16,16393.25,0
2021-05-27 13:04:19,16392.5,0
2021-05-27 13:04:23,16392.75,0
2021-05-27 13:04:32,16394.4,0
2021-05-27 13:04:34,16395.65,0
2021-05-27 13:04:35,16394.0,0
2021-05-27 13:04:40,16395.0,0
2021-05-27 13:04:48,16395.15,0
2021-05-27 13:04:52,16393.9,0
2021-05-27 13:04:57,16394.6,0
2021-05-27 13:05:01,16396.2,0
2021-05-27 13:05:09,16397.35,0
2021-05-27 13:05:10,16397.85,0
2021-05-27 13:05:18,16400.35,0
2021-05-27 13:05:20,16400.15,0
2021-05-27 13:05:25,16400.2,0
2021-05-27 13:05:31,16400.4,0
2021-05-27 13:05:33,16400.8,0
2021-05-27 13:05:35,16400.4,0
2021-05-27 13:05:40,16400.2,0
2021-05-27 13:05:42,16400.45,0
2021-05-27 13:05:45,16399.85,0
2021-05-27 13:05:52,16401.2,0
2021-05-27 13:05:53,16401.4,0
2021-05-27 13:05:54,16402.0,0
2021-05-27 13:05:59,16403.0,0
2021-05-27 13:06:04,16401.25,0
2021-05-27 13:06:05,16403.25,0
2021-05-27 13:06:09,16402.8,0
2021-05-27 13:06:10,16403.15,0
2021-05-27 13:06:12,16402.45,0
2021-05-27 13:06:14,16402.6,0
2021-05-27 13:06:17,16403.2,0
2021-05-27 13:06:19,16403.0,0
2021-05-27 13:06:22,16403.45,0
2021-05-27 13:06:28,16402.75,0
2021-05-27 13:06:32,16401.95,0
2021-05-27 13:06:39,16403.85,0
2021-05-27 13:06:41,16403.1,0
2021-05-27 13:07:01,16399.95,0
2021-05-27 13:07:11,16401.0,0
2021-05-27 13:07:12,16401.3,0
2021-05-27 13:07:14,16400.45,0
2021-05-27 13:07:20,16401.1,0
2021-05-27 13:07:24,16402.55,0
2021-05-27 13:07:28,16402.65,0
2021-05-27 13:07:29,16402.3,0
2021-05-27 13:07:31,16401.65,0
2021-05-27 13:07:33,16403.3,0
2021-05-27 13:07:35,16403.35,0
2021-05-27 13:07:37,16402.7,0
2021-05-27 13:07:39,16405.75,0
2021-05-27 13:07:41,16405.5,0
2021-05-27 13:07:44,16403.55,0
2021-05-27 13:07:46,16402.5,0
2021-05-27 13:07:48,16403.9,0
2021-05-27 13:07:52,16405.5,0
2021-05-27 13:07:54,16405.9,0
2021-05-27 13:07:56,16403.95,0
2021-05-27 13:07:58,16403.55,0
2021-05-27 13:08:03,16405.45,0
2021-05-27 13:08:07,16403.5,0
2021-05-27 13:08:09,16405.2,0
2021-05-27 13:08:10,16405.3,0
2021-05-27 13:08:14,16404.95,0
2021-05-27 13:08:16,16404.55,0
2021-05-27 13:08:20,16407.75,0
2021-05-27 13:08:21,16407.6,0
2021-05-27 13:08:24,16405.7,0
2021-05-27 13:08:28,16405.2,0
2021-05-27 13:08:29,16406.8,0
2021-05-27 13:08:36,16406.75,0
2021-05-27 13:08:39,16407.05,0
2021-05-27 13:08:41,16407.25,0
2021-05-27 13:08:45,16406.85,0
2021-05-27 13:08:47,16407.8,0
2021-05-27 13:08:50,16407.2,0
2021-05-27 13:08:53,16408.85,0
2021-05-27 13:09:44,16407.3,0
2021-05-27 13:09:45,16408.3,0
2021-05-27 13:09:46,16408.5,0
2021-05-27 13:09:58,16406.75,0
2021-05-27 13:10:03,16405.7,0
2021-05-27 13:10:06,16404.35,0
2021-05-27 13:10:09,16404.6,0
2021-05-27 13:10:10,16404.7,0
2021-05-27 13:10:12,16403.0,0
2021-05-27 13:10:17,16402.1,0
2021-05-27 13:10:21,16402.8,0
2021-05-27 13:10:24,16402.2,0
2021-05-27 13:10:27,16402.95,0
2021-05-27 13:10:28,16402.55,0
2021-05-27 13:10:30,16402.4,0
2021-05-27 13:10:31,16400.85,0
2021-05-27 13:11:05,16405.85,0
2021-05-27 13:11:07,16407.7,0
2021-05-27 13:11:16,16408.5,0
2021-05-27 13:11:30,16410.3,0
2021-05-27 13:11:36,16409.65,0
2021-05-27 13:11:38,16409.95,0
2021-05-27 13:11:40,16409.25,0
2021-05-27 13:11:44,16409.7,0
2021-05-27 13:11:45,16409.5,0
2021-05-27 13:11:47,16409.8,0
2021-05-27 13:11:53,16410.5,0
2021-05-27 13:11:57,16409.65,0
2021-05-27 13:11:58,16410.35,0
2021-05-27 13:12:08,16411.05,0
2021-05-27 13:12:09,16411.5,0
2021-05-27 13:12:16,16417.6,0
2021-05-27 13:12:17,16418.2,0
2021-05-27 13:12:24,16416.3,0
2021-05-27 13:12:29,16416.45,0
2021-05-27 13:12:31,16416.85,0
2021-05-27 13:12:38,16416.9,0
2021-05-27 13:12:40,16416.85,0
2021-05-27 13:12:47,16415.6,0
2021-05-27 13:12:55,16412.55,0
2021-05-27 13:12:58,16415.15,0
2021-05-27 13:12:59,16414.75,0
2021-05-27 13:13:07,16415.3,0
2021-05-27 13:13:09,16415.65,0
2021-05-27 13:13:11,16414.4,0
2021-05-27 13:13:14,16413.35,0
2021-05-27 13:13:20,16413.5,0
2021-05-27 13:13:23,16413.8,0
2021-05-27 13:13:25,16414.9,0
2021-05-27 13:13:26,16415.3,0
2021-05-27 13:13:32,16414.05,0
2021-05-27 13:13:34,16413.85,0
2021-05-27 13:13:36,16413.25,0
2021-05-27 13:13:37,16413.45,0
2021-05-27 13:13:38,16413.95,0
2021-05-27 13:13:43,16414.95,0
2021-05-27 13:13:50,16414.25,0
2021-05-27 13:13:52,16413.75,0
2021-05-27 13:14:05,16415.2,0
2021-05-27 13:14:06,16415.15,0
2021-05-27 13:14:15,16411.65,0
2021-05-27 13:14:24,16412.1,0
2021-05-27 13:14:29,16412.05,0
2021-05-27 13:14:33,16408.7,0
2021-05-27 13:14:35,16410.45,0
2021-05-27 13:14:44,16409.25,0
2021-05-27 13:14:45,16409.85,0
2021-05-27 13:14:50,16410.45,0
2021-05-27 13:14:54,16409.1,0
2021-05-27 13:15:01,16409.7,0
2021-05-27 13:15:03,16410.5,0
2021-05-27 13:15:06,16409.95,0
2021-05-27 13:15:09,16412.0,0
2021-05-27 13:15:13,16413.05,0
2021-05-27 13:15:20,16413.7,0
2021-05-27 13:15:23,16415.1,0
2021-05-27 13:15:26,16416.15,0
2021-05-27 13:15:28,16415.75,0
2021-05-27 13:15:29,16416.8,0
2021-05-27 13:15:30,16416.9,0
2021-05-27 13:15:32,16416.8,0
2021-05-27 13:15:33,16416.75,0
2021-05-27 13:15:35,16416.2,0
2021-05-27 13:15:38,16416.2,0
2021-05-27 13:15:53,16412.25,0
2021-05-27 13:15:55,16411.25,0
2021-05-27 13:15:58,16410.15,0
2021-05-27 13:16:07,16411.75,0
2021-05-27 13:16:19,16410.9,0
2021-05-27 13:16:20,16411.6,0
2021-05-27 13:16:32,16410.4,0
2021-05-27 13:16:33,16412.2,0
2021-05-27 13:16:34,16411.7,0
2021-05-27 13:16:37,16411.5,0
2021-05-27 13:16:51,16405.9,0
2021-05-27 13:16:56,16399.6,0
2021-05-27 13:17:06,16399.2,0
2021-05-27 13:17:09,16399.15,0
2021-05-27 13:17:13,16398.75,0
2021-05-27 13:17:16,16398.25,0
2021-05-27 13:17:28,16397.6,0
2021-05-27 13:17:36,16393.65,0
2021-05-27 13:17:51,16398.85,0
2021-05-27 13:17:56,16399.6,0
2021-05-27 13:17:57,16399.45,0
2021-05-27 13:17:58,16401.95,0
2021-05-27 13:18:01,16399.6,0
2021-05-27 13:18:09,16402.85,0
2021-05-27 13:18:17,16403.25,0
2021-05-27 13:18:23,16404.55,0
2021-05-27 13:18:25,16405.1,0
2021-05-27 13:18:26,16405.8,0
2021-05-27 13:18:28,16404.45,0
2021-05-27 13:18:30,16406.0,0
2021-05-27 13:18:34,16406.15,0
2021-05-27 13:18:37,16406.8,0
2021-05-27 13:18:43,16405.65,0
2021-05-27 13:18:55,16406.75,0
2021-05-27 13:19:01,16406.65,0
2021-05-27 13:19:04,16406.9,0
2021-05-27 13:19:07,16407.35,0
2021-05-27 13:19:12,16407.6,0
2021-05-27 13:19:18,16409.6,0
2021-05-27 13:19:20,16409.75,0
2021-05-27 13:19:24,16407.9,0
2021-05-27 13:19:28,16409.6,0
2021-05-27 13:19:32,16409.3,0
2021-05-27 13:19:41,16408.65,0
2021-05-27 13:19:53,16409.5,0
2021-05-27 13:19:54,16409.9,0
2021-05-27 13:19:55,16409.75,0
2021-05-27 13:20:00,16410.55,0
2021-05-27 13:20:01,16409.55,0
2021-05-27 13:20:04,16410.85,0
2021-05-27 13:20:05,16410.6,0
2021-05-27 13:20:08,16409.2,0
2021-05-27 13:20:10,16410.8,0
2021-05-27 13:20:12,16410.3,0
2021-05-27 13:20:15,16409.5,0
2021-05-27 13:20:19,16410.25,0
2021-05-27 13:20:22,16408.3,0
2021-05-27 13:20:25,16406.3,0
2021-05-27 13:20:26,16405.25,0
2021-05-27 13:20:30,16403.8,0
2021-05-27 13:20:43,16404.15,0
2021-05-27 13:20:47,16404.0,0
2021-05-27 13:20:51,16404.5,0
2021-05-27 13:20:53,16403.35,0
2021-05-27 13:21:02,16402.05,0
2021-05-27 13:21:04,16402.95,0
2021-05-27 13:21:08,16402.6,0
2021-05-27 13:21:10,16402.05,0
2021-05-27 13:21:13,16400.45,0
2021-05-27 13:21:16,16402.75,0
2021-05-27 13:21:18,16401.85,0
2021-05-27 13:21:19,16400.8,0
2021-05-27 13:21:21,16400.95,0
2021-05-27 13:21:22,16401.6,0
2021-05-27 13:21:23,16401.6,0
2021-05-27 13:21:26,16401.75,0
2021-05-27 13:21:27,16400.95,0
2021-05-27 13:21:32,16401.1,0
2021-05-27 13:21:49,16402.8,0
2021-05-27 13:21:51,16402.4,0
2021-05-27 13:21:52,16402.15,0
2021-05-27 13:21:59,16401.05,0
2021-05-27 13:22:06,16399.7,0
2021-05-27 13:22:14,16400.8,0
2021-05-27 13:22:19,16403.75,0
2021-05-27 13:22:26,16403.95,0
2021-05-27 13:22:31,16404.05,0
2021-05-27 13:22:34,16404.05,0
2021-05-27 13:22:44,16403.7,0
2021-05-27 13:22:51,16403.85,0
2021-05-27 13:23:04,16403.5,0
2021-05-27 13:23:05,16404.55,0
2021-05-27 13:23:08,16403.55,0
2021-05-27 13:23:09,16404.1,0
2021-05-27 13:23:11,16403.8,0
2021-05-27 13:23:12,16404.0,0
2021-05-27 13:23:21,16401.9,0
2021-05-27 13:23:37,16403.75,0
2021-05-27 13:23:39,16403.25,0
2021-05-27 13:23:51,16404.6,0
2021-05-27 13:24:01,16403.6,0
2021-05-27 13:24:05,16402.8,0
2021-05-27 13:24:08,16402.65,0
2021-05-27 13:24:11,16403.45,0
2021-05-27 13:24:14,16407.05,0
2021-05-27 13:24:21,16406.5,0
2021-05-27 13:24:25,16406.4,0
2021-05-27 13:24:27,16406.95,0
2021-05-27 13:24:30,16405.7,0
2021-05-27 13:24:31,16407.2,0
2021-05-27 13:24:32,16407.15,0
2021-05-27 13:24:35,16406.35,0
2021-05-27 13:24:37,16406.95,0
2021-05-27 13:24:41,16407.2,0
2021-05-27 13:24:43,16406.55,0
2021-05-27 13:24:44,16406.65,0
2021-05-27 13:24:46,16407.1,0
2021-05-27 13:25:07,16408.8,0
2021-05-27 13:25:09,16407.95,0
2021-05-27 13:25:14,16407.0,0
2021-05-27 13:25:15,16406.35,0
2021-05-27 13:25:17,16408.55,0
2021-05-27 13:25:18,16407.6,0
2021-05-27 13:25:20,16408.8,0
2021-05-27 13:25:25,16408.7,0
2021-05-27 13:25:28,16408.65,0
2021-05-27 13:25:34,16408.0,0
2021-05-27 13:25:40,16409.2,0
2021-05-27 13:25:44,16409.25,0
2021-05-27 13:25:52,16409.55,0
2021-05-27 13:25:54,16409.55,0
2021-05-27 13:25:56,16409.15,0
2021-05-27 13:25:57,16409.05,0
2021-05-27 13:25:59,16409.65,0
2021-05-27 13:26:00,16409.5,0
2021-05-27 13:26:01,16410.0,0
2021-05-27 13:26:03,16410.05,0
2021-05-27 13:26:07,16410.0,0
2021-05-27 13:26:13,16409.7,0
2021-05-27 13:26:26,16409.95,0
2021-05-27 13:26:40,16411.25,0
2021-05-27 13:26:47,16412.7,0
2021-05-27 13:26:52,16412.5,0
2021-05-27 13:27:10,16415.5,0
2021-05-27 13:27:16,16419.2,0
2021-05-27 13:27:23,16420.55,0
2021-05-27 13:27:26,16419.85,0
2021-05-27 13:27:29,16420.75,0
2021-05-27 13:27:31,16421.95,0
2021-05-27 13:27:38,16420.6,0
2021-05-27 13:27:39,16420.65,0
2021-05-27 13:27:42,16422.0,0
2021-05-27 13:27:43,16420.25,0
2021-05-27 13:27:54,16420.5,0
2021-05-27 13:28:01,16421.15,0
2021-05-27 13:28:03,16422.05,0
2021-05-27 13:28:07,16421.75,0
2021-05-27 13:28:08,16421.55,0
2021-05-27 13:28:12,16421.3,0
2021-05-27 13:28:16,16420.95,0
2021-05-27 13:28:17,16420.45,0
2021-05-27 13:28:20,16420.1,0
2021-05-27 13:28:23,16419.5,0
2021-05-27 13:28:29,16419.65,0
2021-05-27 13:28:35,16417.6,0
2021-05-27 13:28:45,16416.9,0
2021-05-27 13:29:04,16420.3,0
2021-05-27 13:29:05,16421.4,0
2021-05-27 13:29:09,16421.8,0
2021-05-27 13:29:10,16422.25,0
2021-05-27 13:29:11,16421.6,0
2021-05-27 13:29:29,16421.45,0
2021-05-27 13:29:39,16423.8,0
2021-05-27 13:29:41,16423.3,0
2021-05-27 13:29:49,16426.15,0
2021-05-27 13:29:57,16427.45,0
2021-05-27 13:30:02,16428.65,0
2021-05-27 13:30:08,16429.55,0
2021-05-27 13:30:09,16428.6,0
2021-05-27 13:30:15,16425.9,0
2021-05-27 13:30:21,16428.95,0
2021-05-27 13:30:22,16429.25,0
2021-05-27 13:30:24,16427.9,0
2021-05-27 13:30:27,16425.8,0
2021-05-27 13:30:37,16422.75,0
2021-05-27 13:30:46,16422.55,0
2021-05-27 13:30:48,16423.25,0
2021-05-27 13:30:49,16423.5,0
2021-05-27 13:30:51,16423.45,0
2021-05-27 13:30:54,16423.55,0
2021-05-27 13:31:04,16424.7,0
2021-05-27 13:31:07,16425.5,0
2021-05-27 13:31:11,16427.0,0
2021-05-27 13:31:19,16426.5,0
2021-05-27 13:31:23,16427.35,0
2021-05-27 13:31:29,16427.95,0
2021-05-27 13:31:31,16427.2,0
2021-05-27 13:31:32,16427.05,0
2021-05-27 13:31:35,16428.75,0
2021-05-27 13:31:38,16427.0,0
2021-05-27 13:31:43,16427.5,0
2021-05-27 13:31:45,16427.9,0
2021-05-27 13:31:49,16427.05,0
2021-05-27 13:31:55,16427.6,0
2021-05-27 13:31:57,16427.3,0
2021-05-27 13:31:58,16427.75,0
2021-05-27 13:32:12,16428.85,0
2021-05-27 13:32:40,16428.75,0
2021-05-27 13:32:41,16427.75,0
2021-05-27 13:32:43,16426.95,0
2021-05-27 13:32:56,16427.65,0
2021-05-27 13:33:02,16427.55,0
2021-05-27 13:33:03,16427.4,0
2021-05-27 13:33:04,16430.85,0
2021-05-27 13:33:17,16430.6,0
2021-05-27 13:33:38,16431.05,0
2021-05-27 13:33:39,16431.1,0
2021-05-27 13:33:40,16431.5,0
2021-05-27 13:33:43,16431.6,0
2021-05-27 13:33:52,16433.95,0
2021-05-27 13:33:53,16433.25,0
2021-05-27 13:33:55,16435.25,0
2021-05-27 13:33:58,16435.6,0
2021-05-27 13:34:04,16435.3,0
2021-05-27 13:34:14,16435.3,0
2021-05-27 13:34:26,16434.95,0
2021-05-27 13:34:27,16435.9,0
2021-05-27 13:34:30,16435.45,0
2021-05-27 13:34:32,16433.55,0
2021-05-27 13:34:33,16433.15,0
2021-05-27 13:34:35,16433.7,0
2021-05-27 13:34:36,16433.7,0
2021-05-27 13:34:38,16434.2,0
2021-05-27 13:34:39,16434.8,0
2021-05-27 13:34:42,16434.4,0
2021-05-27 13:34:45,16434.95,0
2021-05-27 13:34:52,16436.45,0
2021-05-27 13:34:57,16437.2,0
2021-05-27 13:34:58,16436.65,0
2021-05-27 13:35:01,16437.05,0
2021-05-27 13:35:03,16436.95,0
2021-05-27 13:35:14,16437.3,0
2021-05-27 13:35:15,16437.55,0
2021-05-27 13:35:18,16436.8,0
2021-05-27 13:35:19,16437.25,0
2021-05-27 13:35:21,16436.15,0
2021-05-27 13:35:25,16436.9,0
2021-05-27 13:35:27,16436.5,0
2021-05-27 13:35:28,16437.2,0
2021-05-27 13:35:30,16436.05,0
2021-05-27 13:35:32,16433.85,0
2021-05-27 13:35:33,16433.85,0
2021-05-27 13:35:36,16433.4,0
2021-05-27 13:35:38,16433.65,0
2021-05-27 13:35:43,16433.25,0
2021-05-27 13:35:45,16433.0,0
2021-05-27 13:35:49,16432.15,0
2021-05-27 13:35:50,16433.3,0
2021-05-27 13:35:53,16432.2,0
2021-05-27 13:36:02,16423.75,0
2021-05-27 13:36:04,16424.6,0
2021-05-27 13:36:05,16423.15,0
2021-05-27 13:36:08,16422.3,0
2021-05-27 13:36:10,16423.75,0
2021-05-27 13:36:14,16422.9,0
2021-05-27 13:36:17,16420.7,0
2021-05-27 13:36:18,16420.5,0
2021-05-27 13:36:22,16422.0,0
2021-05-27 13:36:26,16420.05,0
2021-05-27 13:36:30,16419.5,0
2021-05-27 13:36:31,16420.2,0
2021-05-27 13:36:32,16419.45,0
2021-05-27 13:36:38,16421.5,0
2021-05-27 13:36:46,16421.7,0
2021-05-27 13:36:49,16419.6,0
2021-05-27 13:36:52,16418.35,0
2021-05-27 13:37:04,16415.85,0
2021-05-27 13:37:12,16406.7,0
2021-05-27 13:37:19,16408.75,0
2021-05-27 13:37:20,16408.6,0
2021-05-27 13:37:31,16410.3,0
2021-05-27 13:37:34,16412.7,0
2021-05-27 13:37:35,16410.9,0
2021-05-27 13:37:39,16412.45,0
2021-05-27 13:37:47,16418.25,0
2021-05-27 13:37:48,16418.25,0
2021-05-27 13:37:50,16416.35,0
2021-05-27 13:37:51,16418.25,0
2021-05-27 13:38:09,16423.4,0
2021-05-27 13:38:13,16421.45,0
2021-05-27 13:38:18,16424.3,0
2021-05-27 13:38:19,16425.9,0
2021-05-27 13:38:20,16425.4,0
2021-05-27 13:38:29,16428.25,0
2021-05-27 13:38:30,16428.05,0
2021-05-27 13:38:32,16427.65,0
2021-05-27 13:38:34,16429.05,0
2021-05-27 13:38:38,16429.65,0
2021-05-27 13:38:39,16429.7,0
2021-05-27 13:38:42,16430.2,0
2021-05-27 13:38:44,16429.5,0
2021-05-27 13:38:52,16429.6,0
2021-05-27 13:38:55,16430.55,0
2021-05-27 13:38:59,16429.45,0
2021-05-27 13:39:03,16428.8,0
2021-05-27 13:39:07,16429.2,0
2021-05-27 13:39:08,16429.3,0
2021-05-27 13:39:11,16429.75,0
2021-05-27 13:39:16,16428.6,0
2021-05-27 13:39:17,16427.75,0
2021-05-27 13:39:22,16427.2,0
2021-05-27 13:39:25,16426.4,0
2021-05-27 13:39:32,16426.0,0
2021-05-27 13:39:37,16426.25,0
2021-05-27 13:39:44,16426.0,0
2021-05-27 13:39:49,16426.05,0
2021-05-27 13:39:57,16427.75,0
2021-05-27 13:40:00,16427.4,0
2021-05-27 13:40:01,16427.8,0
2021-05-27 13:40:02,16427.95,0
2021-05-27 13:40:05,16427.55,0
2021-05-27 13:40:14,16424.25,0
2021-05-27 13:40:20,16422.0,0
2021-05-27 13:40:22,16425.35,0
2021-05-27 13:40:25,16426.45,0
2021-05-27 13:40:27,16426.65,0
2021-05-27 13:40:28,16427.0,0
2021-05-27 13:40:29,16426.65,0
2021-05-27 13:40:31,16426.9,0
2021-05-27 13:40:50,16425.85,0
2021-05-27 13:40:52,16425.1,0
2021-05-27 13:41:10,16425.35,0
2021-05-27 13:41:14,16424.9,0
2021-05-27 13:41:16,16425.0,0
2021-05-27 13:41:18,16424.45,0
2021-05-27 13:41:20,16424.7,0
2021-05-27 13:41:23,16424.55,0
2021-05-27 13:41:32,16424.15,0
2021-05-27 13:41:35,16424.6,0
2021-05-27 13:41:39,16424.4,0
2021-05-27 13:41:40,16425.3,0
2021-05-27 13:41:42,16425.7,0
2021-05-27 13:41:47,16423.65,0
2021-05-27 13:41:53,16427.05,0
2021-05-27 13:42:09,16428.25,0
2021-05-27 13:42:11,16427.7,0
2021-05-27 13:42:18,16425.45,0
2021-05-27 13:42:26,16425.65,0
2021-05-27 13:42:27,16425.65,0
2021-05-27 13:42:32,16425.45,0
2021-05-27 13:42:34,16425.1,0
2021-05-27 13:42:41,16426.25,0
2021-05-27 13:42:49,16426.45,0
2021-05-27 13:42:51,16424.2,0
2021-05-27 13:43:08,16423.75,0
2021-05-27 13:43:26,16424.95,0
2021-05-27 13:43:27,16424.65,0
2021-05-27 13:43:28,16424.55,0
2021-05-27 13:43:38,16426.05,0
2021-05-27 13:43:39,16425.15,0
2021-05-27 13:43:46,16425.15,0
2021-05-27 13:43:47,16425.35,0
2021-05-27 13:43:53,16425.5,0
2021-05-27 13:44:13,16423.05,0
2021-05-27 13:44:25,16422.05,0
2021-05-27 13:44:30,16421.8,0
2021-05-27 13:44:31,16419.45,0
2021-05-27 13:44:32,16419.05,0
2021-05-27 13:44:36,16419.5,0
2021-05-27 13:44:39,16421.75,0
2021-05-27 13:44:42,16422.1,0
2021-05-27 13:44:45,16420.6,0
2021-05-27 13:44:50,16423.35,0
2021-05-27 13:44:53,16421.3,0
2021-05-27 13:44:56,16423.45,0
2021-05-27 13:44:58,16425.95,0
2021-05-27 13:45:02,16426.85,0
2021-05-27 13:45:03,16425.7,0
2021-05-27 13:45:09,16425.6,0
2021-05-27 13:45:12,16426.95,0
2021-05-27 13:45:13,16428.0,0
2021-05-27 13:45:18,16427.85,0
2021-05-27 13:45:21,16423.75,0
2021-05-27 13:45:24,16424.95,0
2021-05-27 13:45:40,16416.45,0
2021-05-27 13:45:43,16418.35,0
2021-05-27 13:45:48,16418.9,0
2021-05-27 13:45:50,16419.4,0
2021-05-27 13:45:51,16419.7,0
2021-05-27 13:46:01,16417.25,0
2021-05-27 13:46:05,16416.65,0
2021-05-27 13:46:06,16416.9,0
2021-05-27 13:46:14,16418.7,0
2021-05-27 13:46:15,16418.55,0
2021-05-27 13:46:17,16418.65,0
2021-05-27 13:46:20,16417.45,0
2021-05-27 13:46:24,16416.85,0
2021-05-27 13:46:27,16416.85,0
2021-05-27 13:46:28,16416.6,0
2021-05-27 13:46:43,16419.85,0
2021-05-27 13:46:51,16417.55,0
2021-05-27 13:46:54,16417.3,0
2021-05-27 13:46:55,16416.7,0
2021-05-27 13:46:58,16418.55,0
2021-05-27 13:47:03,16419.05,0
2021-05-27 13:47:21,16419.8,0
2021-05-27 13:47:34,16421.9,0
2021-05-27 13:47:35,16421.5,0
2021-05-27 13:47:38,16420.75,0
2021-05-27 13:47:45,16420.8,0
2021-05-27 13:47:48,16420.6,0
2021-05-27 13:47:52,16421.7,0
2021-05-27 13:47:54,16421.45,0
2021-05-27 13:48:02,16420.4,0
2021-05-27 13:48:06,16421.15,0
2021-05-27 13:48:07,16419.95,0
2021-05-27 13:48:08,16419.4,0
2021-05-27 13:48:18,16419.0,0
2021-05-27 13:48:19,16418.05,0
2021-05-27 13:48:26,16419.05,0
2021-05-27 13:48:28,16418.8,0
2021-05-27 13:48:29,16419.0,0
2021-05-27 13:48:33,16420.85,0
2021-05-27 13:48:34,16420.85,0
2021-05-27 13:48:35,16421.55,0
2021-05-27 13:48:40,16419.9,0
2021-05-27 13:48:52,16419.1,0
2021-05-27 13:48:53,16420.8,0
2021-05-27 13:48:59,16417.8,0
2021-05-27 13:49:01,16417.6,0
2021-05-27 13:49:02,16417.55,0
2021-05-27 13:49:08,16417.75,0
2021-05-27 13:49:27,16411.05,0
2021-05-27 13:49:38,16412.7,0
2021-05-27 13:49:39,16413.0,0
2021-05-27 13:49:44,16411.7,0
2021-05-27 13:49:45,16412.5,0
2021-05-27 13:49:49,16413.4,0
2021-05-27 13:49:56,16411.4,0
2021-05-27 13:49:57,16412.6,0
2021-05-27 13:49:58,16413.15,0
2021-05-27 13:49:59,16411.25,0
2021-05-27 13:50:01,16412.9,0
2021-05-27 13:50:04,16412.1,0
2021-05-27 13:50:15,16411.8,0
2021-05-27 13:50:17,16411.15,0
2021-05-27 13:50:20,16413.15,0
2021-05-27 13:50:23,16413.1,0
2021-05-27 13:50:36,16411.85,0
