timestamp,ltp,volume
2021-05-27 09:15:26,15323.9,0
2021-05-27 09:15:27,15323.8,0
2021-05-27 09:15:28,15326.35,0
2021-05-27 09:15:29,15328.95,0
2021-05-27 09:15:30,15328.1,0
2021-05-27 09:15:32,15329.75,0
2021-05-27 09:15:35,15329.7,0
2021-05-27 09:15:36,15326.5,0
2021-05-27 09:15:37,15322.7,0
2021-05-27 09:15:39,15322.35,0
2021-05-27 09:15:40,15323.5,0
2021-05-27 09:15:41,15324.55,0
2021-05-27 09:15:43,15323.0,0
2021-05-27 09:15:44,15325.0,0
2021-05-27 09:15:46,15322.45,0
2021-05-27 09:15:47,15325.4,0
2021-05-27 09:15:48,15322.5,0
2021-05-27 09:15:49,15322.85,0
2021-05-27 09:15:50,15322.5,0
2021-05-27 09:15:51,15322.65,0
2021-05-27 09:15:52,15322.65,0
2021-05-27 09:15:53,15321.45,0
2021-05-27 09:15:54,15321.8,0
2021-05-27 09:15:55,15319.9,0
2021-05-27 09:15:56,15316.7,0
2021-05-27 09:15:57,15317.5,0
2021-05-27 09:15:58,15317.1,0
2021-05-27 09:15:59,15313.95,0
2021-05-27 09:16:01,15312.8,0
2021-05-27 09:16:02,15309.55,0
2021-05-27 09:16:03,15308.1,0
2021-05-27 09:16:04,15305.25,0
2021-05-27 09:16:05,15306.5,0
2021-05-27 09:16:06,15305.7,0
2021-05-27 09:16:07,15304.1,0
2021-05-27 09:16:08,15304.8,0
2021-05-27 09:16:09,15302.75,0
2021-05-27 09:16:10,15303.5,0
2021-05-27 09:16:11,15303.3,0
2021-05-27 09:16:13,15304.3,0
2021-05-27 09:16:14,15303.0,0
2021-05-27 09:16:15,15301.65,0
2021-05-27 09:16:16,15302.75,0
2021-05-27 09:16:17,15301.9,0
2021-05-27 09:16:18,15303.5,0
2021-05-27 09:16:19,15305.7,0
2021-05-27 09:16:20,15305.4,0
2021-05-27 09:16:21,15307.45,0
2021-05-27 09:16:22,15308.3,0
2021-05-27 09:16:23,15309.2,0
2021-05-27 09:16:24,15307.8,0
2021-05-27 09:16:25,15309.95,0
2021-05-27 09:16:26,15310.75,0
2021-05-27 09:16:27,15311.4,0
2021-05-27 09:16:28,15311.35,0
2021-05-27 09:16:29,15312.5,0
2021-05-27 09:16:30,15312.15,0
2021-05-27 09:16:31,15311.9,0
2021-05-27 09:16:32,15311.85,0
2021-05-27 09:16:33,15312.4,0
2021-05-27 09:16:34,15311.8,0
2021-05-27 09:16:35,15311.25,0
2021-05-27 09:16:36,15310.3,0
2021-05-27 09:16:37,15310.7,0
2021-05-27 09:16:38,15313.25,0
2021-05-27 09:16:40,15312.25,0
2021-05-27 09:16:39,15313.35,0
2021-05-27 09:16:41,15313.2,0
2021-05-27 09:16:42,15312.6,0
2021-05-27 09:16:44,15310.85,0
2021-05-27 09:16:45,15311.25,0
2021-05-27 09:16:46,15313.35,0
2021-05-27 09:16:47,15312.25,0
2021-05-27 09:16:48,15312.0,0
2021-05-27 09:16:49,15313.05,0
2021-05-27 09:16:50,15314.8,0
2021-05-27 09:16:51,15315.5,0
2021-05-27 09:16:52,15315.95,0
2021-05-27 09:16:53,15316.3,0
2021-05-27 09:16:54,15318.0,0
2021-05-27 09:16:55,15318.9,0
2021-05-27 09:16:56,15318.5,0
2021-05-27 09:16:57,15319.0,0
2021-05-27 09:16:58,15316.2,0
2021-05-27 09:16:59,15316.9,0
2021-05-27 09:17:00,15318.2,0
2021-05-27 09:17:01,15317.15,0
2021-05-27 09:17:02,15315.95,0
2021-05-27 09:17:03,15316.2,0
2021-05-27 09:17:04,15317.4,0
2021-05-27 09:17:05,15314.85,0
2021-05-27 09:17:06,15314.1,0
2021-05-27 09:17:07,15315.3,0
2021-05-27 09:17:08,15313.25,0
2021-05-27 09:17:09,15312.75,0
2021-05-27 09:17:11,15314.1,0
2021-05-27 09:17:12,15314.6,0
2021-05-27 09:17:13,15315.2,0
2021-05-27 09:17:14,15315.25,0
2021-05-27 09:17:15,15311.0,0
2021-05-27 09:17:16,15314.3,0
2021-05-27 09:17:17,15316.0,0
2021-05-27 09:17:18,15314.7,0
2021-05-27 09:17:20,15315.2,0
2021-05-27 09:17:21,15314.3,0
2021-05-27 09:17:22,15314.1,0
2021-05-27 09:17:23,15314.7,0
2021-05-27 09:17:24,15313.45,0
2021-05-27 09:17:25,15313.55,0
2021-05-27 09:17:26,15311.85,0
2021-05-27 09:17:27,15312.95,0
2021-05-27 09:17:29,15311.5,0
2021-05-27 09:17:30,15312.05,0
2021-05-27 09:17:31,15312.95,0
2021-05-27 09:17:32,15309.8,0
2021-05-27 09:17:33,15312.1,0
2021-05-27 09:17:34,15312.35,0
2021-05-27 09:17:36,15312.25,0
2021-05-27 09:17:38,15311.35,0
2021-05-27 09:17:39,15310.7,0
2021-05-27 09:17:45,15313.65,0
2021-05-27 09:17:48,15313.3,0
2021-05-27 09:17:49,15310.45,0
2021-05-27 09:17:50,15309.7,0
2021-05-27 09:17:51,15311.35,0
2021-05-27 09:17:52,15313.05,0
2021-05-27 09:17:53,15310.3,0
2021-05-27 09:17:55,15310.4,0
2021-05-27 09:17:56,15310.7,0
2021-05-27 09:17:58,15311.0,0
2021-05-27 09:18:00,15312.0,0
2021-05-27 09:18:01,15314.0,0
2021-05-27 09:18:02,15314.2,0
2021-05-27 09:18:03,15314.1,0
2021-05-27 09:18:04,15315.15,0
2021-05-27 09:18:05,15312.1,0
2021-05-27 09:18:06,15312.3,0
2021-05-27 09:18:07,15313.95,0
2021-05-27 09:18:09,15312.75,0
2021-05-27 09:18:10,15313.45,0
2021-05-27 09:18:11,15314.9,0
2021-05-27 09:18:12,15314.25,0
2021-05-27 09:18:13,15315.05,0
2021-05-27 09:18:14,15314.9,0
2021-05-27 09:18:15,15314.55,0
2021-05-27 09:18:16,15313.2,0
2021-05-27 09:18:17,15315.2,0
2021-05-27 09:18:18,15317.2,0
2021-05-27 09:18:19,15313.95,0
2021-05-27 09:18:20,15313.65,0
2021-05-27 09:18:21,15315.3,0
2021-05-27 09:18:22,15314.6,0
2021-05-27 09:18:23,15313.55,0
2021-05-27 09:18:24,15312.8,0
2021-05-27 09:18:25,15312.8,0
2021-05-27 09:18:26,15312.55,0
2021-05-27 09:18:27,15314.8,0
2021-05-27 09:18:28,15315.25,0
2021-05-27 09:18:29,15315.6,0
2021-05-27 09:18:30,15314.55,0
2021-05-27 09:18:31,15314.4,0
2021-05-27 09:18:32,15313.65,0
2021-05-27 09:18:33,15314.15,0
2021-05-27 09:18:34,15315.8,0
2021-05-27 09:18:35,15315.35,0
2021-05-27 09:18:36,15314.25,0
2021-05-27 09:18:37,15313.85,0
2021-05-27 09:18:38,15313.45,0
2021-05-27 09:18:39,15313.2,0
2021-05-27 09:18:40,15313.8,0
2021-05-27 09:18:41,15313.35,0
2021-05-27 09:18:42,15313.5,0
2021-05-27 09:18:43,15314.0,0
2021-05-27 09:18:44,15313.8,0
2021-05-27 09:18:45,15314.4,0
2021-05-27 09:18:46,15313.55,0
2021-05-27 09:18:47,15311.75,0
2021-05-27 09:18:48,15311.9,0
2021-05-27 09:18:49,15313.3,0
2021-05-27 09:18:50,15313.45,0
2021-05-27 09:18:51,15314.25,0
2021-05-27 09:18:52,15313.2,0
2021-05-27 09:18:53,15313.8,0
2021-05-27 09:18:54,15314.1,0
2021-05-27 09:18:55,15314.6,0
2021-05-27 09:18:56,15314.05,0
2021-05-27 09:18:57,15313.25,0
2021-05-27 09:18:58,15314.65,0
2021-05-27 09:18:59,15314.5,0
2021-05-27 09:19:00,15314.55,0
2021-05-27 09:19:01,15317.45,0
2021-05-27 09:19:02,15318.25,0
2021-05-27 09:19:03,15317.75,0
2021-05-27 09:19:04,15319.7,0
2021-05-27 09:19:05,15318.45,0
2021-05-27 09:19:06,15319.25,0
2021-05-27 09:19:07,15316.4,0
2021-05-27 09:19:08,15315.75,0
2021-05-27 09:19:09,15316.15,0
2021-05-27 09:19:10,15316.9,0
2021-05-27 09:19:11,15316.65,0
2021-05-27 09:19:12,15314.15,0
2021-05-27 09:19:13,15314.0,0
2021-05-27 09:19:14,15314.05,0
2021-05-27 09:19:15,15314.35,0
2021-05-27 09:19:16,15314.15,0
2021-05-27 09:19:17,15312.65,0
2021-05-27 09:19:18,15313.9,0
2021-05-27 09:19:19,15314.25,0
2021-05-27 09:19:20,15310.7,0
2021-05-27 09:19:21,15311.75,0
2021-05-27 09:19:22,15309.8,0
2021-05-27 09:19:23,15309.95,0
2021-05-27 09:19:24,15309.85,0
2021-05-27 09:19:25,15310.2,0
2021-05-27 09:19:26,15309.45,0
2021-05-27 09:19:27,15308.7,0
2021-05-27 09:19:28,15308.45,0
2021-05-27 09:19:29,15309.65,0
2021-05-27 09:19:30,15306.5,0
2021-05-27 09:19:32,15304.0,0
2021-05-27 09:19:33,15305.05,0
2021-05-27 09:19:34,15305.75,0
2021-05-27 09:19:35,15305.0,0
2021-05-27 09:19:36,15303.25,0
2021-05-27 09:19:37,15303.35,0
2021-05-27 09:19:38,15303.2,0
2021-05-27 09:19:42,15299.3,0
2021-05-27 09:19:43,15300.8,0
2021-05-27 09:19:45,15299.15,0
2021-05-27 09:19:46,15299.35,0
2021-05-27 09:19:51,15298.05,0
2021-05-27 09:19:52,15300.05,0
2021-05-27 09:19:53,15298.6,0
2021-05-27 09:19:54,15299.35,0
2021-05-27 09:19:55,15299.45,0
2021-05-27 09:19:56,15300.05,0
2021-05-27 09:19:57,15300.0,0
2021-05-27 09:19:58,15301.4,0
2021-05-27 09:19:59,15299.45,0
2021-05-27 09:20:00,15300.4,0
2021-05-27 09:20:01,15300.5,0
2021-05-27 09:20:02,15301.2,0
2021-05-27 09:20:03,15301.35,0
2021-05-27 09:20:04,15301.15,0
2021-05-27 09:20:05,15302.2,0
2021-05-27 09:20:06,15302.7,0
2021-05-27 09:20:07,15303.8,0
2021-05-27 09:20:08,15304.75,0
2021-05-27 09:20:09,15305.15,0
2021-05-27 09:20:10,15305.2,0
2021-05-27 09:20:11,15308.45,0
2021-05-27 09:20:12,15312.0,0
2021-05-27 09:20:13,15308.5,0
2021-05-27 09:20:14,15307.15,0
2021-05-27 09:20:15,15306.65,0
2021-05-27 09:20:16,15307.6,0
2021-05-27 09:20:17,15306.3,0
2021-05-27 09:20:18,15306.75,0
2021-05-27 09:20:19,15308.0,0
2021-05-27 09:20:20,15307.35,0
2021-05-27 09:20:21,15306.95,0
2021-05-27 09:20:22,15307.9,0
2021-05-27 09:20:23,15306.65,0
2021-05-27 09:20:24,15307.55,0
2021-05-27 09:20:25,15308.55,0
2021-05-27 09:20:26,15307.9,0
2021-05-27 09:20:27,15307.95,0
2021-05-27 09:20:28,15308.15,0
2021-05-27 09:20:29,15308.4,0
2021-05-27 09:20:30,15308.65,0
2021-05-27 09:20:31,15308.45,0
2021-05-27 09:20:32,15308.6,0
2021-05-27 09:20:33,15308.65,0
2021-05-27 09:20:34,15307.2,0
2021-05-27 09:20:35,15307.4,0
2021-05-27 09:20:36,15307.8,0
2021-05-27 09:20:37,15297.3,0
2021-05-27 09:20:38,15299.25,0
2021-05-27 09:20:39,15298.45,0
2021-05-27 09:20:40,15298.7,0
2021-05-27 09:20:41,15299.4,0
2021-05-27 09:20:42,15297.7,0
2021-05-27 09:20:43,15297.65,0
2021-05-27 09:20:44,15297.75,0
2021-05-27 09:20:45,15298.5,0
2021-05-27 09:20:46,15298.15,0
2021-05-27 09:20:47,15296.3,0
2021-05-27 09:20:48,15296.65,0
2021-05-27 09:20:49,15298.1,0
2021-05-27 09:20:50,15296.6,0
2021-05-27 09:20:51,15296.4,0
2021-05-27 09:20:52,15297.05,0
2021-05-27 09:20:53,15296.9,0
2021-05-27 09:20:54,15296.55,0
2021-05-27 09:20:55,15296.35,0
2021-05-27 09:20:56,15296.7,0
2021-05-27 09:20:57,15295.85,0
2021-05-27 09:20:58,15294.8,0
2021-05-27 09:20:59,15295.3,0
2021-05-27 09:21:00,15296.45,0
2021-05-27 09:21:01,15297.3,0
2021-05-27 09:21:02,15298.3,0
2021-05-27 09:21:03,15296.85,0
2021-05-27 09:21:04,15296.7,0
2021-05-27 09:21:05,15297.5,0
2021-05-27 09:21:06,15296.5,0
2021-05-27 09:21:07,15296.9,0
2021-05-27 09:21:08,15297.0,0
2021-05-27 09:21:09,15298.3,0
2021-05-27 09:21:10,15296.45,0
2021-05-27 09:21:11,15295.85,0
2021-05-27 09:21:12,15297.75,0
2021-05-27 09:21:13,15297.85,0
2021-05-27 09:21:14,15296.55,0
2021-05-27 09:21:15,15297.2,0
2021-05-27 09:21:16,15297.5,0
2021-05-27 09:21:17,15296.95,0
2021-05-27 09:21:18,15298.1,0
2021-05-27 09:21:19,15297.85,0
2021-05-27 09:21:20,15297.05,0
2021-05-27 09:21:21,15297.45,0
2021-05-27 09:21:22,15298.95,0
2021-05-27 09:21:23,15299.55,0
2021-05-27 09:21:24,15299.85,0
2021-05-27 09:21:25,15298.9,0
2021-05-27 09:21:26,15299.75,0
2021-05-27 09:21:27,15303.15,0
2021-05-27 09:21:28,15303.55,0
2021-05-27 09:21:31,15301.8,0
2021-05-27 09:21:32,15299.9,0
2021-05-27 09:21:33,15300.4,0
2021-05-27 09:21:36,15299.1,0
2021-05-27 09:21:37,15299.0,0
2021-05-27 09:21:38,15297.95,0
2021-05-27 09:21:39,15299.15,0
2021-05-27 09:21:40,15298.35,0
2021-05-27 09:21:41,15297.3,0
2021-05-27 09:21:42,15297.5,0
2021-05-27 09:21:43,15296.55,0
2021-05-27 09:21:44,15296.1,0
2021-05-27 09:21:45,15296.5,0
2021-05-27 09:21:46,15297.15,0
2021-05-27 09:21:47,15298.0,0
2021-05-27 09:21:48,15297.25,0
2021-05-27 09:21:49,15297.5,0
2021-05-27 09:21:50,15296.55,0
2021-05-27 09:21:51,15296.45,0
2021-05-27 09:21:52,15297.45,0
2021-05-27 09:21:53,15296.8,0
2021-05-27 09:21:54,15296.3,0
2021-05-27 09:21:55,15297.3,0
2021-05-27 09:21:56,15297.05,0
2021-05-27 09:21:57,15296.8,0
2021-05-27 09:21:58,15297.05,0
2021-05-27 09:21:59,15297.6,0
2021-05-27 09:22:00,15297.0,0
2021-05-27 09:22:01,15296.4,0
2021-05-27 09:22:02,15297.2,0
2021-05-27 09:22:03,15296.55,0
2021-05-27 09:22:04,15297.25,0
2021-05-27 09:22:05,15297.0,0
2021-05-27 09:22:06,15296.25,0
2021-05-27 09:22:07,15295.95,0
2021-05-27 09:22:08,15296.7,0
2021-05-27 09:22:10,15297.4,0
2021-05-27 09:22:11,15296.6,0
2021-05-27 09:22:12,15296.75,0
2021-05-27 09:22:13,15296.9,0
2021-05-27 09:22:14,15298.1,0
2021-05-27 09:22:15,15296.7,0
2021-05-27 09:22:16,15297.4,0
2021-05-27 09:22:17,15297.45,0
2021-05-27 09:22:18,15297.65,0
2021-05-27 09:22:20,15297.95,0
2021-05-27 09:22:22,15298.0,0
2021-05-27 09:22:23,15297.25,0
2021-05-27 09:22:24,15298.45,0
2021-05-27 09:22:26,15298.4,0
2021-05-27 09:22:28,15299.05,0
2021-05-27 09:22:29,15298.95,0
2021-05-27 09:22:30,15298.65,0
2021-05-27 09:22:31,15299.5,0
2021-05-27 09:22:32,15298.2,0
2021-05-27 09:22:33,15298.05,0
2021-05-27 09:22:34,15298.4,0
2021-05-27 09:22:35,15299.6,0
2021-05-27 09:22:36,15300.1,0
2021-05-27 09:22:37,15300.05,0
2021-05-27 09:22:38,15301.3,0
2021-05-27 09:22:39,15302.25,0
2021-05-27 09:22:40,15301.65,0
2021-05-27 09:22:41,15302.35,0
2021-05-27 09:22:42,15302.6,0
2021-05-27 09:22:43,15302.0,0
2021-05-27 09:22:44,15302.3,0
2021-05-27 09:22:45,15301.35,0
2021-05-27 09:22:46,15302.0,0
2021-05-27 09:22:47,15300.95,0
2021-05-27 09:22:48,15301.0,0
2021-05-27 09:22:49,15300.9,0
2021-05-27 09:22:50,15300.75,0
2021-05-27 09:22:51,15299.6,0
2021-05-27 09:22:52,15300.05,0
2021-05-27 09:22:53,15299.45,0
2021-05-27 09:22:54,15299.95,0
2021-05-27 09:22:55,15299.6,0
2021-05-27 09:22:56,15300.85,0
2021-05-27 09:22:57,15299.9,0
2021-05-27 09:22:58,15298.95,0
2021-05-27 09:22:59,15299.65,0
2021-05-27 09:23:00,15300.0,0
2021-05-27 09:23:01,15300.1,0
2021-05-27 09:23:02,15299.8,0
2021-05-27 09:23:03,15300.5,0
2021-05-27 09:23:04,15300.75,0
2021-05-27 09:23:05,15300.7,0
2021-05-27 09:23:06,15302.3,0
2021-05-27 09:23:07,15302.8,0
2021-05-27 09:23:08,15303.1,0
2021-05-27 09:23:09,15302.9,0
2021-05-27 09:23:10,15302.0,0
2021-05-27 09:23:11,15302.25,0
2021-05-27 09:23:12,15301.6,0
2021-05-27 09:23:13,15300.95,0
2021-05-27 09:23:14,15300.95,0
2021-05-27 09:23:15,15300.5,0
2021-05-27 09:23:16,15300.75,0
2021-05-27 09:23:17,15301.05,0
2021-05-27 09:23:18,15301.35,0
2021-05-27 09:23:19,15301.65,0
2021-05-27 09:23:20,15301.4,0
2021-05-27 09:23:21,15302.15,0
2021-05-27 09:23:22,15301.6,0
2021-05-27 09:23:23,15301.5,0
2021-05-27 09:23:24,15301.2,0
2021-05-27 09:23:25,15301.4,0
2021-05-27 09:23:26,15300.95,0
2021-05-27 09:23:27,15301.4,0
2021-05-27 09:23:28,15302.75,0
2021-05-27 09:23:29,15301.9,0
2021-05-27 09:23:30,15301.25,0
2021-05-27 09:23:31,15301.75,0
2021-05-27 09:23:32,15301.95,0
2021-05-27 09:23:33,15302.05,0
2021-05-27 09:23:34,15301.35,0
2021-05-27 09:23:35,15300.95,0
2021-05-27 09:23:36,15300.95,0
2021-05-27 09:23:37,15301.15,0
2021-05-27 09:23:38,15301.3,0
2021-05-27 09:23:39,15301.65,0
2021-05-27 09:23:40,15300.8,0
2021-05-27 09:23:42,15300.0,0
2021-05-27 09:23:43,15301.0,0
2021-05-27 09:23:44,15301.4,0
2021-05-27 09:23:45,15301.3,0
2021-05-27 09:23:46,15299.15,0
2021-05-27 09:23:47,15298.25,0
2021-05-27 09:23:48,15298.25,0
2021-05-27 09:23:49,15296.4,0
2021-05-27 09:23:50,15296.6,0
2021-05-27 09:23:51,15296.75,0
2021-05-27 09:23:52,15296.05,0
2021-05-27 09:23:53,15297.25,0
2021-05-27 09:23:54,15296.6,0
2021-05-27 09:23:55,15296.15,0
2021-05-27 09:23:56,15295.95,0
2021-05-27 09:23:57,15297.15,0
2021-05-27 09:23:58,15297.0,0
2021-05-27 09:23:59,15297.75,0
2021-05-27 09:24:00,15296.45,0
2021-05-27 09:24:01,15296.5,0
2021-05-27 09:24:02,15297.15,0
2021-05-27 09:24:03,15298.4,0
2021-05-27 09:24:04,15298.25,0
2021-05-27 09:24:05,15297.75,0
2021-05-27 09:24:06,15297.95,0
2021-05-27 09:24:07,15298.0,0
2021-05-27 09:24:08,15297.4,0
2021-05-27 09:24:09,15297.8,0
2021-05-27 09:24:11,15295.7,0
2021-05-27 09:24:13,15295.3,0
2021-05-27 09:24:14,15296.3,0
2021-05-27 09:24:15,15296.6,0
2021-05-27 09:24:16,15295.6,0
2021-05-27 09:24:17,15296.55,0
2021-05-27 09:24:19,15296.6,0
2021-05-27 09:24:20,15297.1,0
2021-05-27 09:24:21,15297.6,0
2021-05-27 09:24:22,15297.55,0
2021-05-27 09:24:23,15296.95,0
2021-05-27 09:24:24,15295.15,0
2021-05-27 09:24:25,15294.25,0
2021-05-27 09:24:26,15294.25,0
2021-05-27 09:24:28,15293.35,0
2021-05-27 09:24:29,15292.95,0
2021-05-27 09:24:30,15293.35,0
2021-05-27 09:24:31,15291.75,0
2021-05-27 09:24:32,15292.9,0
2021-05-27 09:24:35,15293.05,0
2021-05-27 09:24:36,15294.1,0
2021-05-27 09:24:37,15294.7,0
2021-05-27 09:24:38,15294.95,0
2021-05-27 09:24:40,15294.8,0
2021-05-27 09:24:41,15294.45,0
2021-05-27 09:24:42,15294.15,0
2021-05-27 09:24:43,15293.55,0
2021-05-27 09:24:46,15293.3,0
2021-05-27 09:24:47,15291.9,0
2021-05-27 09:24:48,15291.9,0
2021-05-27 09:24:49,15291.7,0
2021-05-27 09:24:50,15290.5,0
2021-05-27 09:24:51,15289.7,0
2021-05-27 09:24:52,15291.75,0
2021-05-27 09:24:53,15291.05,0
2021-05-27 09:24:54,15290.85,0
2021-05-27 09:24:55,15290.2,0
2021-05-27 09:24:56,15290.55,0
2021-05-27 09:24:57,15290.75,0
2021-05-27 09:24:58,15290.2,0
2021-05-27 09:24:59,15289.95,0
2021-05-27 09:25:00,15290.3,0
2021-05-27 09:25:01,15290.15,0
2021-05-27 09:25:02,15290.4,0
2021-05-27 09:25:03,15290.1,0
2021-05-27 09:25:04,15288.85,0
2021-05-27 09:25:05,15288.4,0
2021-05-27 09:25:06,15288.6,0
2021-05-27 09:25:07,15288.35,0
2021-05-27 09:25:08,15287.25,0
2021-05-27 09:25:09,15287.3,0
2021-05-27 09:25:10,15288.55,0
2021-05-27 09:25:11,15286.75,0
2021-05-27 09:25:12,15287.3,0
2021-05-27 09:25:13,15287.55,0
2021-05-27 09:25:14,15290.5,0
2021-05-27 09:25:15,15289.85,0
2021-05-27 09:25:16,15290.45,0
2021-05-27 09:25:17,15292.0,0
2021-05-27 09:25:18,15292.35,0
2021-05-27 09:25:19,15293.7,0
2021-05-27 09:25:20,15294.65,0
2021-05-27 09:25:21,15294.05,0
2021-05-27 09:25:22,15293.75,0
2021-05-27 09:25:23,15292.8,0
2021-05-27 09:25:24,15293.15,0
2021-05-27 09:25:25,15291.85,0
2021-05-27 09:25:26,15294.15,0
2021-05-27 09:25:27,15292.65,0
2021-05-27 09:25:28,15293.8,0
2021-05-27 09:25:29,15293.55,0
2021-05-27 09:25:30,15293.8,0
2021-05-27 09:25:31,15293.3,0
2021-05-27 09:25:32,15293.6,0
2021-05-27 09:25:33,15291.95,0
2021-05-27 09:25:36,15290.35,0
2021-05-27 09:25:37,15290.9,0
2021-05-27 09:25:38,15292.15,0
2021-05-27 09:25:39,15292.1,0
2021-05-27 09:25:40,15291.6,0
2021-05-27 09:25:41,15291.3,0
2021-05-27 09:25:42,15292.7,0
2021-05-27 09:25:43,15293.3,0
2021-05-27 09:25:44,15289.6,0
2021-05-27 09:25:45,15290.8,0
2021-05-27 09:25:46,15292.7,0
2021-05-27 09:25:47,15291.65,0
2021-05-27 09:25:48,15291.35,0
2021-05-27 09:25:49,15290.65,0
2021-05-27 09:25:50,15290.7,0
2021-05-27 09:25:52,15290.1,0
2021-05-27 09:25:53,15288.7,0
2021-05-27 09:25:54,15288.6,0
2021-05-27 09:25:55,15288.15,0
2021-05-27 09:25:56,15289.2,0
2021-05-27 09:25:57,15288.75,0
2021-05-27 09:25:58,15288.2,0
2021-05-27 09:25:59,15288.65,0
2021-05-27 09:26:02,15287.6,0
2021-05-27 09:26:03,15286.55,0
2021-05-27 09:26:04,15286.8,0
2021-05-27 09:26:05,15287.15,0
2021-05-27 09:26:06,15287.0,0
2021-05-27 09:26:07,15286.0,0
2021-05-27 09:26:08,15285.55,0
2021-05-27 09:26:09,15284.8,0
2021-05-27 09:26:10,15284.85,0
2021-05-27 09:26:11,15286.5,0
2021-05-27 09:26:12,15284.45,0
2021-05-27 09:26:13,15287.5,0
2021-05-27 09:26:14,15286.65,0
2021-05-27 09:26:15,15285.15,0
2021-05-27 09:26:16,15285.5,0
2021-05-27 09:26:17,15286.75,0
2021-05-27 09:26:18,15289.2,0
2021-05-27 09:26:19,15289.5,0
2021-05-27 09:26:20,15288.6,0
2021-05-27 09:26:21,15288.1,0
2021-05-27 09:26:22,15287.5,0
2021-05-27 09:26:23,15288.85,0
2021-05-27 09:26:24,15289.0,0
2021-05-27 09:26:25,15288.75,0
2021-05-27 09:26:26,15288.75,0
2021-05-27 09:26:27,15288.55,0
2021-05-27 09:26:29,15287.4,0
2021-05-27 09:26:30,15288.25,0
2021-05-27 09:26:31,15288.1,0
2021-05-27 09:26:32,15289.25,0
2021-05-27 09:26:33,15289.05,0
2021-05-27 09:26:34,15289.2,0
2021-05-27 09:26:35,15288.95,0
2021-05-27 09:26:36,15289.15,0
2021-05-27 09:26:38,15290.55,0
2021-05-27 09:26:39,15292.4,0
2021-05-27 09:26:40,15292.7,0
2021-05-27 09:26:41,15291.55,0
2021-05-27 09:26:42,15291.2,0
2021-05-27 09:26:44,15290.85,0
2021-05-27 09:26:45,15290.25,0
2021-05-27 09:26:47,15290.75,0
2021-05-27 09:26:48,15290.55,0
2021-05-27 09:26:49,15290.3,0
2021-05-27 09:26:50,15289.5,0
2021-05-27 09:26:51,15288.5,0
2021-05-27 09:26:52,15289.55,0
2021-05-27 09:26:53,15288.95,0
2021-05-27 09:26:54,15288.2,0
2021-05-27 09:26:55,15287.95,0
2021-05-27 09:26:56,15288.7,0
2021-05-27 09:26:57,15288.5,0
2021-05-27 09:26:58,15287.95,0
2021-05-27 09:27:00,15286.8,0
2021-05-27 09:27:02,15285.8,0
2021-05-27 09:27:03,15284.55,0
2021-05-27 09:27:04,15284.4,0
2021-05-27 09:27:05,15283.1,0
2021-05-27 09:27:06,15283.35,0
2021-05-27 09:27:08,15284.85,0
2021-05-27 09:27:09,15283.35,0
2021-05-27 09:27:10,15284.05,0
2021-05-27 09:27:11,15283.75,0
2021-05-27 09:27:12,15283.65,0
2021-05-27 09:27:13,15285.85,0
2021-05-27 09:27:14,15284.1,0
2021-05-27 09:27:15,15285.95,0
2021-05-27 09:27:17,15286.65,0
2021-05-27 09:27:18,15283.85,0
2021-05-27 09:27:19,15285.55,0
2021-05-27 09:27:20,15286.9,0
2021-05-27 09:27:21,15285.8,0
2021-05-27 09:27:22,15285.35,0
2021-05-27 09:27:23,15285.25,0
2021-05-27 09:27:24,15285.3,0
2021-05-27 09:27:25,15285.45,0
2021-05-27 09:27:26,15284.05,0
2021-05-27 09:27:27,15284.4,0
2021-05-27 09:27:28,15283.15,0
2021-05-27 09:27:30,15281.95,0
2021-05-27 09:27:31,15280.95,0
2021-05-27 09:27:32,15281.35,0
2021-05-27 09:27:33,15281.65,0
2021-05-27 09:27:34,15281.25,0
2021-05-27 09:27:35,15281.65,0
2021-05-27 09:27:36,15284.0,0
2021-05-27 09:27:37,15285.0,0
2021-05-27 09:27:38,15282.55,0
2021-05-27 09:27:39,15283.0,0
2021-05-27 09:27:40,15284.05,0
2021-05-27 09:27:41,15282.3,0
2021-05-27 09:27:42,15282.5,0
2021-05-27 09:27:43,15282.15,0
2021-05-27 09:27:44,15283.85,0
2021-05-27 09:27:45,15282.05,0
2021-05-27 09:27:47,15284.05,0
2021-05-27 09:27:48,15284.05,0
2021-05-27 09:27:49,15283.55,0
2021-05-27 09:27:50,15283.35,0
2021-05-27 09:27:51,15283.3,0
2021-05-27 09:27:52,15283.7,0
2021-05-27 09:27:53,15284.05,0
2021-05-27 09:27:54,15284.95,0
2021-05-27 09:27:55,15283.25,0
2021-05-27 09:27:56,15283.55,0
2021-05-27 09:27:57,15283.2,0
2021-05-27 09:27:58,15282.35,0
2021-05-27 09:27:59,15284.5,0
2021-05-27 09:28:00,15283.55,0
2021-05-27 09:28:01,15281.9,0
2021-05-27 09:28:02,15283.1,0
2021-05-27 09:28:03,15285.25,0
2021-05-27 09:28:04,15284.5,0
2021-05-27 09:28:05,15284.7,0
2021-05-27 09:28:06,15285.25,0
2021-05-27 09:28:07,15287.65,0
2021-05-27 09:28:08,15287.7,0
2021-05-27 09:28:09,15286.8,0
2021-05-27 09:28:10,15286.45,0
2021-05-27 09:28:11,15286.55,0
2021-05-27 09:28:12,15287.7,0
2021-05-27 09:28:13,15287.15,0
2021-05-27 09:28:14,15286.75,0
2021-05-27 09:28:15,15287.35,0
2021-05-27 09:28:16,15287.55,0
2021-05-27 09:28:17,15287.15,0
2021-05-27 09:28:18,15286.9,0
2021-05-27 09:28:19,15288.15,0
2021-05-27 09:28:20,15287.15,0
2021-05-27 09:28:21,15287.9,0
2021-05-27 09:28:22,15289.65,0
2021-05-27 09:28:23,15289.85,0
2021-05-27 09:28:24,15288.9,0
2021-05-27 09:28:25,15290.55,0
2021-05-27 09:28:26,15290.25,0
2021-05-27 09:28:27,15289.75,0
2021-05-27 09:28:28,15289.9,0
2021-05-27 09:28:29,15289.55,0
2021-05-27 09:28:30,15289.85,0
2021-05-27 09:28:31,15289.25,0
2021-05-27 09:28:32,15288.95,0
2021-05-27 09:28:33,15289.25,0
2021-05-27 09:28:34,15289.1,0
2021-05-27 09:28:35,15289.95,0
2021-05-27 09:28:36,15289.7,0
2021-05-27 09:28:37,15289.5,0
2021-05-27 09:28:38,15289.55,0
2021-05-27 09:28:39,15289.7,0
2021-05-27 09:28:40,15289.4,0
2021-05-27 09:28:41,15288.95,0
2021-05-27 09:28:42,15289.9,0
2021-05-27 09:28:43,15290.05,0
2021-05-27 09:28:44,15290.45,0
2021-05-27 09:28:45,15291.15,0
2021-05-27 09:28:47,15289.95,0
2021-05-27 09:28:48,15290.85,0
2021-05-27 09:28:49,15291.95,0
2021-05-27 09:28:50,15291.75,0
2021-05-27 09:28:51,15291.55,0
2021-05-27 09:28:52,15291.5,0
2021-05-27 09:28:53,15291.5,0
2021-05-27 09:28:55,15292.75,0
2021-05-27 09:28:57,15293.0,0
2021-05-27 09:28:58,15292.6,0
2021-05-27 09:28:59,15292.9,0
2021-05-27 09:29:00,15292.95,0
2021-05-27 09:29:01,15293.0,0
2021-05-27 09:29:02,15293.45,0
2021-05-27 09:29:04,15294.05,0
2021-05-27 09:29:05,15293.95,0
2021-05-27 09:29:07,15294.8,0
2021-05-27 09:29:08,15293.9,0
2021-05-27 09:29:09,15294.2,0
2021-05-27 09:29:10,15294.1,0
2021-05-27 09:29:11,15293.75,0
2021-05-27 09:29:12,15294.6,0
2021-05-27 09:29:13,15294.1,0
2021-05-27 09:29:14,15295.3,0
2021-05-27 09:29:16,15295.15,0
2021-05-27 09:29:17,15295.25,0
2021-05-27 09:29:18,15297.05,0
2021-05-27 09:29:19,15297.65,0
2021-05-27 09:29:20,15297.15,0
2021-05-27 09:29:21,15297.0,0
2021-05-27 09:29:24,15296.7,0
2021-05-27 09:29:25,15295.85,0
2021-05-27 09:29:26,15296.15,0
2021-05-27 09:29:27,15296.55,0
2021-05-27 09:29:28,15296.25,0
2021-05-27 09:29:29,15296.55,0
2021-05-27 09:29:30,15297.05,0
2021-05-27 09:29:31,15297.45,0
2021-05-27 09:29:32,15296.7,0
2021-05-27 09:29:34,15294.75,0
2021-05-27 09:29:35,15294.25,0
2021-05-27 09:29:36,15293.55,0
2021-05-27 09:29:37,15293.7,0
2021-05-27 09:29:38,15294.55,0
2021-05-27 09:29:39,15293.45,0
2021-05-27 09:29:40,15293.65,0
2021-05-27 09:29:41,15292.95,0
2021-05-27 09:29:42,15293.8,0
2021-05-27 09:29:43,15293.3,0
2021-05-27 09:29:44,15293.7,0
2021-05-27 09:29:45,15293.1,0
2021-05-27 09:29:46,15293.7,0
2021-05-27 09:29:47,15293.25,0
2021-05-27 09:29:49,15293.25,0
2021-05-27 09:29:50,15294.0,0
2021-05-27 09:29:51,15293.6,0
2021-05-27 09:29:52,15293.6,0
2021-05-27 09:29:53,15292.95,0
2021-05-27 09:29:54,15292.25,0
2021-05-27 09:29:55,15292.9,0
2021-05-27 09:29:56,15292.7,0
2021-05-27 09:29:57,15294.8,0
2021-05-27 09:29:58,15294.9,0
2021-05-27 09:29:59,15295.95,0
2021-05-27 09:30:00,15297.25,0
2021-05-27 09:30:01,15295.2,0
2021-05-27 09:30:02,15295.75,0
2021-05-27 09:30:03,15296.15,0
2021-05-27 09:30:04,15294.9,0
2021-05-27 09:30:05,15296.25,0
2021-05-27 09:30:06,15296.05,0
2021-05-27 09:30:07,15295.85,0
2021-05-27 09:30:08,15293.25,0
2021-05-27 09:30:09,15292.95,0
2021-05-27 09:30:10,15293.55,0
2021-05-27 09:30:11,15293.7,0
2021-05-27 09:30:12,15293.0,0
2021-05-27 09:30:13,15293.5,0
2021-05-27 09:30:14,15293.7,0
2021-05-27 09:30:15,15294.3,0
2021-05-27 09:30:16,15293.45,0
2021-05-27 09:30:17,15294.05,0
2021-05-27 09:30:18,15293.35,0
2021-05-27 09:30:19,15293.1,0
2021-05-27 09:30:20,15292.1,0
2021-05-27 09:30:21,15291.7,0
2021-05-27 09:30:22,15292.6,0
2021-05-27 09:30:23,15292.9,0
2021-05-27 09:30:24,15292.8,0
2021-05-27 09:30:25,15291.8,0
2021-05-27 09:30:26,15291.55,0
2021-05-27 09:30:27,15292.0,0
2021-05-27 09:30:28,15292.5,0
2021-05-27 09:30:29,15292.4,0
2021-05-27 09:30:30,15292.65,0
2021-05-27 09:30:31,15291.8,0
2021-05-27 09:30:32,15292.5,0
2021-05-27 09:30:33,15292.25,0
2021-05-27 09:30:34,15290.95,0
2021-05-27 09:30:35,15290.9,0
2021-05-27 09:30:36,15290.5,0
2021-05-27 09:30:37,15290.5,0
2021-05-27 09:30:38,15291.2,0
2021-05-27 09:30:39,15289.9,0
2021-05-27 09:30:40,15290.1,0
2021-05-27 09:30:41,15290.3,0
2021-05-27 09:30:42,15290.35,0
2021-05-27 09:30:43,15289.6,0
2021-05-27 09:30:44,15289.8,0
2021-05-27 09:30:45,15289.25,0
2021-05-27 09:30:46,15289.7,0
2021-05-27 09:30:47,15288.8,0
2021-05-27 09:30:48,15289.45,0
2021-05-27 09:30:49,15289.05,0
2021-05-27 09:30:50,15289.55,0
2021-05-27 09:30:51,15289.3,0
2021-05-27 09:30:52,15287.6,0
2021-05-27 09:30:53,15287.05,0
2021-05-27 09:30:54,15286.9,0
2021-05-27 09:30:56,15286.9,0
2021-05-27 09:30:57,15286.75,0
2021-05-27 09:30:58,15287.2,0
2021-05-27 09:30:59,15286.45,0
2021-05-27 09:31:00,15287.25,0
2021-05-27 09:31:01,15287.8,0
2021-05-27 09:31:02,15288.45,0
2021-05-27 09:31:03,15289.75,0
2021-05-27 09:31:04,15289.45,0
2021-05-27 09:31:05,15288.6,0
2021-05-27 09:31:06,15289.15,0
2021-05-27 09:31:08,15290.0,0
2021-05-27 09:31:09,15290.75,0
2021-05-27 09:31:11,15292.3,0
2021-05-27 09:31:12,15292.35,0
2021-05-27 09:31:13,15292.15,0
2021-05-27 09:31:14,15292.05,0
2021-05-27 09:31:15,15292.25,0
2021-05-27 09:31:16,15292.05,0
2021-05-27 09:31:17,15291.85,0
2021-05-27 09:31:18,15291.0,0
2021-05-27 09:31:19,15291.6,0
2021-05-27 09:31:20,15291.95,0
2021-05-27 09:31:21,15291.5,0
2021-05-27 09:31:22,15290.6,0
2021-05-27 09:31:23,15291.25,0
2021-05-27 09:31:24,15290.35,0
2021-05-27 09:31:25,15290.2,0
2021-05-27 09:31:27,15292.05,0
2021-05-27 09:31:28,15291.4,0
2021-05-27 09:31:29,15292.4,0
2021-05-27 09:31:30,15291.95,0
2021-05-27 09:31:31,15293.3,0
2021-05-27 09:31:33,15293.15,0
2021-05-27 09:31:34,15293.9,0
2021-05-27 09:31:35,15292.9,0
2021-05-27 09:31:36,15293.65,0
2021-05-27 09:31:37,15294.4,0
2021-05-27 09:31:38,15293.5,0
2021-05-27 09:31:39,15293.8,0
2021-05-27 09:31:40,15293.65,0
2021-05-27 09:31:41,15293.55,0
2021-05-27 09:31:42,15293.2,0
2021-05-27 09:31:43,15292.7,0
2021-05-27 09:31:44,15293.8,0
2021-05-27 09:31:45,15293.1,0
2021-05-27 09:31:46,15293.5,0
2021-05-27 09:31:47,15293.0,0
2021-05-27 09:31:48,15293.45,0
2021-05-27 09:31:49,15293.25,0
2021-05-27 09:31:51,15292.7,0
2021-05-27 09:31:53,15293.3,0
2021-05-27 09:31:54,15293.3,0
2021-05-27 09:31:55,15293.5,0
2021-05-27 09:31:57,15292.9,0
2021-05-27 09:31:58,15292.6,0
2021-05-27 09:31:59,15292.55,0
2021-05-27 09:32:00,15292.25,0
2021-05-27 09:32:01,15293.75,0
2021-05-27 09:32:02,15293.8,0
2021-05-27 09:32:03,15294.55,0
2021-05-27 09:32:04,15293.95,0
2021-05-27 09:32:05,15295.3,0
2021-05-27 09:32:06,15294.55,0
2021-05-27 09:32:08,15294.3,0
2021-05-27 09:32:09,15293.65,0
2021-05-27 09:32:10,15294.65,0
2021-05-27 09:32:11,15295.65,0
2021-05-27 09:32:12,15295.25,0
2021-05-27 09:32:14,15294.85,0
2021-05-27 09:32:15,15295.55,0
2021-05-27 09:32:16,15295.5,0
2021-05-27 09:32:18,15296.1,0
2021-05-27 09:32:19,15295.7,0
2021-05-27 09:32:20,15295.65,0
2021-05-27 09:32:21,15295.25,0
2021-05-27 09:32:22,15295.8,0
2021-05-27 09:32:24,15294.95,0
2021-05-27 09:32:25,15295.4,0
2021-05-27 09:32:26,15295.9,0
2021-05-27 09:32:27,15295.7,0
2021-05-27 09:32:28,15295.65,0
2021-05-27 09:32:29,15295.7,0
2021-05-27 09:32:30,15296.5,0
2021-05-27 09:32:31,15297.1,0
2021-05-27 09:32:32,15296.4,0
2021-05-27 09:32:33,15297.15,0
2021-05-27 09:32:34,15297.55,0
2021-05-27 09:32:35,15297.25,0
2021-05-27 09:32:36,15296.6,0
2021-05-27 09:32:37,15296.5,0
2021-05-27 09:32:39,15296.85,0
2021-05-27 09:32:40,15297.1,0
2021-05-27 09:32:41,15297.0,0
2021-05-27 09:32:42,15296.75,0
2021-05-27 09:32:43,15296.55,0
2021-05-27 09:32:44,15296.4,0
2021-05-27 09:32:45,15296.2,0
2021-05-27 09:32:46,15295.4,0
2021-05-27 09:32:47,15296.45,0
2021-05-27 09:32:48,15295.95,0
2021-05-27 09:32:49,15296.1,0
2021-05-27 09:32:50,15296.6,0
2021-05-27 09:32:51,15295.6,0
2021-05-27 09:32:52,15296.35,0
2021-05-27 09:32:53,15295.35,0
2021-05-27 09:32:54,15296.4,0
2021-05-27 09:32:55,15295.8,0
2021-05-27 09:32:56,15296.15,0
2021-05-27 09:32:57,15295.9,0
2021-05-27 09:32:58,15296.35,0
2021-05-27 09:32:59,15295.15,0
2021-05-27 09:33:00,15294.15,0
2021-05-27 09:33:01,15293.7,0
2021-05-27 09:33:02,15293.4,0
2021-05-27 09:33:03,15293.8,0
2021-05-27 09:33:04,15293.35,0
2021-05-27 09:33:05,15292.5,0
2021-05-27 09:33:06,15292.15,0
2021-05-27 09:33:07,15292.55,0
2021-05-27 09:33:08,15292.4,0
2021-05-27 09:33:09,15291.7,0
2021-05-27 09:33:10,15291.6,0
2021-05-27 09:33:11,15290.4,0
2021-05-27 09:33:12,15291.25,0
2021-05-27 09:33:13,15290.3,0
2021-05-27 09:33:14,15289.7,0
2021-05-27 09:33:15,15289.05,0
2021-05-27 09:33:16,15289.65,0
2021-05-27 09:33:17,15288.45,0
2021-05-27 09:33:22,15289.1,0
2021-05-27 09:33:23,15288.55,0
2021-05-27 09:33:24,15288.8,0
2021-05-27 09:33:25,15289.2,0
2021-05-27 09:33:26,15289.45,0
2021-05-27 09:33:27,15288.75,0
2021-05-27 09:33:28,15288.6,0
2021-05-27 09:33:29,15289.3,0
2021-05-27 09:33:30,15289.4,0
2021-05-27 09:33:32,15288.85,0
2021-05-27 09:33:33,15290.05,0
2021-05-27 09:33:34,15290.2,0
2021-05-27 09:33:35,15289.95,0
2021-05-27 09:33:36,15289.95,0
2021-05-27 09:33:37,15288.2,0
2021-05-27 09:33:38,15288.5,0
2021-05-27 09:33:39,15289.15,0
2021-05-27 09:33:40,15288.95,0
2021-05-27 09:33:41,15288.0,0
2021-05-27 09:33:43,15288.7,0
2021-05-27 09:33:44,15288.3,0
2021-05-27 09:33:45,15287.1,0
2021-05-27 09:33:46,15288.6,0
2021-05-27 09:33:47,15287.6,0
2021-05-27 09:33:48,15288.35,0
2021-05-27 09:33:49,15288.2,0
2021-05-27 09:33:50,15288.9,0
2021-05-27 09:33:51,15288.15,0
2021-05-27 09:33:52,15287.4,0
2021-05-27 09:33:53,15287.9,0
2021-05-27 09:33:54,15287.8,0
2021-05-27 09:33:55,15287.95,0
2021-05-27 09:33:56,15287.7,0
2021-05-27 09:33:57,15287.3,0
2021-05-27 09:33:59,15287.8,0
2021-05-27 09:34:00,15287.55,0
2021-05-27 09:34:01,15286.25,0
2021-05-27 09:34:02,15286.7,0
2021-05-27 09:34:03,15284.9,0
2021-05-27 09:34:04,15286.0,0
2021-05-27 09:34:05,15286.1,0
2021-05-27 09:34:07,15285.35,0
2021-05-27 09:34:09,15285.65,0
2021-05-27 09:34:10,15285.8,0
2021-05-27 09:34:11,15284.7,0
2021-05-27 09:34:12,15285.35,0
2021-05-27 09:34:13,15285.5,0
2021-05-27 09:34:14,15285.7,0
2021-05-27 09:34:15,15285.6,0
2021-05-27 09:34:17,15285.2,0
2021-05-27 09:34:18,15285.95,0
2021-05-27 09:34:19,15285.2,0
2021-05-27 09:34:20,15283.8,0
2021-05-27 09:34:21,15283.3,0
2021-05-27 09:34:22,15283.95,0
2021-05-27 09:34:23,15284.65,0
2021-05-27 09:34:24,15285.2,0
2021-05-27 09:34:25,15285.55,0
2021-05-27 09:34:26,15285.55,0
2021-05-27 09:34:27,15286.45,0
2021-05-27 09:34:28,15286.4,0
2021-05-27 09:34:30,15286.2,0
2021-05-27 09:34:31,15285.9,0
2021-05-27 09:34:32,15285.75,0
2021-05-27 09:34:33,15284.85,0
2021-05-27 09:34:34,15285.3,0
2021-05-27 09:34:35,15285.7,0
2021-05-27 09:34:36,15287.0,0
2021-05-27 09:34:37,15286.85,0
2021-05-27 09:34:38,15287.3,0
2021-05-27 09:34:39,15288.45,0
2021-05-27 09:34:40,15287.3,0
2021-05-27 09:34:41,15286.4,0
2021-05-27 09:34:42,15287.45,0
2021-05-27 09:34:43,15287.3,0
2021-05-27 09:34:44,15287.55,0
2021-05-27 09:34:45,15286.5,0
2021-05-27 09:34:46,15286.75,0
2021-05-27 09:34:47,15286.4,0
2021-05-27 09:34:48,15285.8,0
2021-05-27 09:34:49,15283.85,0
2021-05-27 09:34:50,15282.35,0
2021-05-27 09:34:51,15283.1,0
2021-05-27 09:34:52,15281.85,0
2021-05-27 09:34:53,15282.4,0
2021-05-27 09:34:54,15281.35,0
2021-05-27 09:34:55,15282.1,0
2021-05-27 09:34:56,15281.65,0
2021-05-27 09:34:57,15280.05,0
2021-05-27 09:34:58,15280.6,0
2021-05-27 09:35:00,15280.35,0
2021-05-27 09:34:59,15280.75,0
2021-05-27 09:35:01,15280.7,0
2021-05-27 09:35:02,15280.75,0
2021-05-27 09:35:03,15280.65,0
2021-05-27 09:35:04,15281.1,0
2021-05-27 09:35:05,15280.25,0
2021-05-27 09:35:06,15281.2,0
2021-05-27 09:35:08,15279.6,0
2021-05-27 09:35:09,15281.4,0
2021-05-27 09:35:10,15280.5,0
2021-05-27 09:35:11,15280.65,0
2021-05-27 09:35:12,15279.5,0
2021-05-27 09:35:13,15280.75,0
2021-05-27 09:35:14,15279.95,0
2021-05-27 09:35:15,15281.15,0
2021-05-27 09:35:16,15280.3,0
2021-05-27 09:35:17,15280.9,0
2021-05-27 09:35:18,15280.65,0
2021-05-27 09:35:19,15280.65,0
2021-05-27 09:35:20,15281.1,0
2021-05-27 09:35:21,15280.8,0
2021-05-27 09:35:22,15280.2,0
2021-05-27 09:35:23,15280.75,0
2021-05-27 09:35:24,15281.25,0
2021-05-27 09:35:25,15281.9,0
2021-05-27 09:35:26,15282.5,0
2021-05-27 09:35:27,15282.15,0
2021-05-27 09:35:28,15282.35,0
2021-05-27 09:35:29,15281.75,0
2021-05-27 09:35:30,15282.2,0
2021-05-27 09:35:31,15283.45,0
2021-05-27 09:35:32,15283.9,0
2021-05-27 09:35:33,15284.0,0
2021-05-27 09:35:34,15285.9,0
2021-05-27 09:35:35,15285.75,0
2021-05-27 09:35:36,15285.15,0
2021-05-27 09:35:37,15284.65,0
2021-05-27 09:35:38,15285.3,0
2021-05-27 09:35:39,15284.35,0
2021-05-27 09:35:40,15285.2,0
2021-05-27 09:35:42,15284.95,0
2021-05-27 09:35:43,15287.15,0
2021-05-27 09:35:44,15285.45,0
2021-05-27 09:35:45,15285.75,0
2021-05-27 09:35:46,15285.8,0
2021-05-27 09:35:47,15286.65,0
2021-05-27 09:35:48,15287.85,0
2021-05-27 09:35:49,15286.9,0
2021-05-27 09:35:50,15288.05,0
2021-05-27 09:35:51,15285.65,0
2021-05-27 09:35:52,15286.8,0
2021-05-27 09:35:53,15285.6,0
2021-05-27 09:35:54,15286.75,0
2021-05-27 09:35:55,15286.5,0
2021-05-27 09:35:56,15287.4,0
2021-05-27 09:35:57,15286.6,0
2021-05-27 09:35:58,15285.6,0
2021-05-27 09:35:59,15286.45,0
2021-05-27 09:36:00,15285.8,0
2021-05-27 09:36:01,15285.65,0
2021-05-27 09:36:03,15285.55,0
2021-05-27 09:36:04,15285.45,0
2021-05-27 09:36:05,15286.5,0
2021-05-27 09:36:06,15286.5,0
2021-05-27 09:36:07,15286.5,0
2021-05-27 09:36:08,15286.5,0
2021-05-27 09:36:09,15287.1,0
2021-05-27 09:36:10,15287.55,0
2021-05-27 09:36:11,15287.15,0
2021-05-27 09:36:12,15287.9,0
2021-05-27 09:36:14,15287.75,0
2021-05-27 09:36:15,15288.65,0
2021-05-27 09:36:16,15287.5,0
2021-05-27 09:36:18,15289.2,0
2021-05-27 09:36:19,15288.65,0
2021-05-27 09:36:22,15289.45,0
2021-05-27 09:36:23,15289.05,0
2021-05-27 09:36:24,15288.15,0
2021-05-27 09:36:25,15288.4,0
2021-05-27 09:36:27,15287.6,0
2021-05-27 09:36:28,15287.05,0
2021-05-27 09:36:29,15287.0,0
2021-05-27 09:36:30,15287.2,0
2021-05-27 09:36:31,15286.45,0
2021-05-27 09:36:32,15285.7,0
2021-05-27 09:36:33,15286.4,0
2021-05-27 09:36:34,15286.25,0
2021-05-27 09:36:35,15285.55,0
2021-05-27 09:36:36,15285.6,0
2021-05-27 09:36:37,15285.45,0
2021-05-27 09:36:38,15286.1,0
2021-05-27 09:36:39,15285.5,0
2021-05-27 09:36:40,15285.3,0
2021-05-27 09:36:41,15286.0,0
2021-05-27 09:36:42,15286.6,0
2021-05-27 09:36:43,15285.0,0
2021-05-27 09:36:44,15285.4,0
2021-05-27 09:36:45,15286.1,0
2021-05-27 09:36:46,15286.95,0
2021-05-27 09:36:47,15287.3,0
2021-05-27 09:36:48,15286.45,0
2021-05-27 09:36:49,15287.15,0
2021-05-27 09:36:50,15287.35,0
2021-05-27 09:36:51,15286.45,0
2021-05-27 09:36:52,15287.2,0
2021-05-27 09:36:53,15286.15,0
2021-05-27 09:36:54,15286.3,0
2021-05-27 09:36:55,15286.3,0
2021-05-27 09:36:56,15287.2,0
2021-05-27 09:36:57,15286.4,0
2021-05-27 09:36:58,15286.8,0
2021-05-27 09:36:59,15286.6,0
2021-05-27 09:37:00,15286.85,0
2021-05-27 09:37:01,15287.2,0
2021-05-27 09:37:02,15287.35,0
2021-05-27 09:37:03,15286.35,0
2021-05-27 09:37:04,15286.6,0
2021-05-27 09:37:05,15286.2,0
2021-05-27 09:37:06,15285.75,0
2021-05-27 09:37:07,15286.1,0
2021-05-27 09:37:08,15285.45,0
2021-05-27 09:37:09,15286.7,0
2021-05-27 09:37:10,15286.55,0
2021-05-27 09:37:11,15286.3,0
2021-05-27 09:37:12,15286.15,0
2021-05-27 09:37:13,15286.1,0
2021-05-27 09:37:14,15286.9,0
2021-05-27 09:37:15,15286.3,0
2021-05-27 09:37:16,15287.55,0
2021-05-27 09:37:17,15287.75,0
2021-05-27 09:37:18,15287.9,0
2021-05-27 09:37:19,15288.25,0
2021-05-27 09:37:20,15288.4,0
2021-05-27 09:37:21,15288.25,0
2021-05-27 09:37:22,15289.15,0
2021-05-27 09:37:23,15289.6,0
2021-05-27 09:37:24,15290.1,0
2021-05-27 09:37:25,15289.65,0
2021-05-27 09:37:26,15290.6,0
2021-05-27 09:37:27,15290.35,0
2021-05-27 09:37:28,15290.3,0
2021-05-27 09:37:29,15290.55,0
2021-05-27 09:37:30,15290.75,0
2021-05-27 09:37:31,15291.35,0
2021-05-27 09:37:32,15291.3,0
2021-05-27 09:37:33,15294.0,0
2021-05-27 09:37:34,15293.4,0
2021-05-27 09:37:36,15293.85,0
2021-05-27 09:37:37,15293.2,0
2021-05-27 09:37:38,15291.45,0
2021-05-27 09:37:39,15291.15,0
2021-05-27 09:37:40,15291.95,0
2021-05-27 09:37:41,15292.05,0
2021-05-27 09:37:42,15292.05,0
2021-05-27 09:37:43,15292.3,0
2021-05-27 09:37:44,15292.75,0
2021-05-27 09:37:45,15292.35,0
2021-05-27 09:37:46,15293.1,0
2021-05-27 09:37:47,15293.0,0
2021-05-27 09:37:48,15294.1,0
2021-05-27 09:37:49,15294.2,0
2021-05-27 09:37:50,15293.8,0
2021-05-27 09:37:51,15294.2,0
2021-05-27 09:37:52,15292.65,0
2021-05-27 09:37:53,15292.95,0
2021-05-27 09:37:54,15292.2,0
2021-05-27 09:37:55,15292.4,0
2021-05-27 09:37:57,15291.8,0
2021-05-27 09:37:58,15293.1,0
2021-05-27 09:37:59,15292.25,0
2021-05-27 09:38:00,15292.45,0
2021-05-27 09:38:01,15292.7,0
2021-05-27 09:38:02,15292.75,0
2021-05-27 09:38:03,15293.1,0
2021-05-27 09:38:04,15293.4,0
2021-05-27 09:38:05,15292.7,0
2021-05-27 09:38:06,15292.55,0
2021-05-27 09:38:07,15293.0,0
2021-05-27 09:38:08,15293.35,0
2021-05-27 09:38:09,15293.05,0
2021-05-27 09:38:10,15292.75,0
2021-05-27 09:38:11,15292.95,0
2021-05-27 09:38:12,15293.85,0
2021-05-27 09:38:13,15293.35,0
2021-05-27 09:38:14,15293.85,0
2021-05-27 09:38:15,15294.0,0
2021-05-27 09:38:16,15293.65,0
2021-05-27 09:38:19,15294.55,0
2021-05-27 09:38:20,15293.7,0
2021-05-27 09:38:21,15293.35,0
2021-05-27 09:38:23,15293.4,0
2021-05-27 09:38:24,15294.25,0
2021-05-27 09:38:25,15293.35,0
2021-05-27 09:38:26,15294.0,0
2021-05-27 09:38:27,15294.1,0
2021-05-27 09:38:28,15294.15,0
2021-05-27 09:38:29,15294.65,0
2021-05-27 09:38:30,15295.05,0
2021-05-27 09:38:31,15294.8,0
2021-05-27 09:38:33,15294.65,0
2021-05-27 09:38:34,15295.25,0
2021-05-27 09:38:35,15295.15,0
2021-05-27 09:38:36,15296.2,0
2021-05-27 09:38:37,15296.05,0
2021-05-27 09:38:38,15296.0,0
2021-05-27 09:38:40,15295.85,0
2021-05-27 09:38:41,15295.4,0
2021-05-27 09:38:42,15295.45,0
2021-05-27 09:38:43,15296.1,0
2021-05-27 09:38:45,15295.25,0
2021-05-27 09:38:46,15294.85,0
2021-05-27 09:38:47,15294.85,0
2021-05-27 09:38:48,15295.7,0
2021-05-27 09:38:49,15295.85,0
2021-05-27 09:38:50,15296.35,0
2021-05-27 09:38:51,15296.1,0
2021-05-27 09:38:52,15296.35,0
2021-05-27 09:38:53,15296.65,0
2021-05-27 09:38:54,15296.4,0
2021-05-27 09:38:56,15296.95,0
2021-05-27 09:38:57,15296.8,0
2021-05-27 09:38:58,15296.1,0
2021-05-27 09:38:59,15297.05,0
2021-05-27 09:39:00,15297.15,0
2021-05-27 09:39:01,15296.95,0
2021-05-27 09:39:02,15297.45,0
2021-05-27 09:39:03,15297.2,0
2021-05-27 09:39:04,15297.7,0
2021-05-27 09:39:06,15294.2,0
2021-05-27 09:39:07,15292.8,0
2021-05-27 09:39:09,15292.85,0
2021-05-27 09:39:10,15293.2,0
2021-05-27 09:39:11,15292.0,0
2021-05-27 09:39:12,15291.3,0
2021-05-27 09:39:13,15291.55,0
2021-05-27 09:39:14,15292.45,0
2021-05-27 09:39:15,15292.15,0
2021-05-27 09:39:16,15293.45,0
2021-05-27 09:39:17,15293.7,0
2021-05-27 09:39:18,15294.55,0
2021-05-27 09:39:19,15294.5,0
2021-05-27 09:39:20,15292.9,0
2021-05-27 09:39:21,15293.1,0
2021-05-27 09:39:22,15293.65,0
2021-05-27 09:39:23,15293.35,0
2021-05-27 09:39:24,15293.3,0
2021-05-27 09:39:25,15293.45,0
2021-05-27 09:39:26,15293.3,0
2021-05-27 09:39:27,15293.1,0
2021-05-27 09:39:28,15292.75,0
2021-05-27 09:39:29,15293.2,0
2021-05-27 09:39:30,15292.35,0
2021-05-27 09:39:32,15292.8,0
2021-05-27 09:39:33,15293.15,0
2021-05-27 09:39:35,15291.8,0
2021-05-27 09:39:36,15291.95,0
2021-05-27 09:39:37,15292.15,0
2021-05-27 09:39:38,15292.4,0
2021-05-27 09:39:39,15291.2,0
2021-05-27 09:39:40,15290.65,0
2021-05-27 09:39:41,15291.3,0
2021-05-27 09:39:42,15291.25,0
2021-05-27 09:39:43,15291.95,0
2021-05-27 09:39:44,15290.65,0
2021-05-27 09:39:45,15290.7,0
2021-05-27 09:39:46,15290.6,0
2021-05-27 09:39:47,15290.8,0
2021-05-27 09:39:48,15291.25,0
2021-05-27 09:39:49,15291.55,0
2021-05-27 09:39:50,15290.95,0
2021-05-27 09:39:51,15291.1,0
2021-05-27 09:39:53,15291.25,0
2021-05-27 09:39:55,15291.45,0
2021-05-27 09:39:56,15290.1,0
2021-05-27 09:39:57,15290.7,0
2021-05-27 09:39:58,15289.65,0
2021-05-27 09:39:59,15289.55,0
2021-05-27 09:40:01,15288.2,0
2021-05-27 09:40:02,15287.85,0
2021-05-27 09:40:04,15288.15,0
2021-05-27 09:40:05,15288.1,0
2021-05-27 09:40:06,15288.45,0
2021-05-27 09:40:07,15288.0,0
2021-05-27 09:40:08,15288.25,0
2021-05-27 09:40:09,15288.25,0
2021-05-27 09:40:10,15287.6,0
2021-05-27 09:40:11,15288.65,0
2021-05-27 09:40:12,15288.45,0
2021-05-27 09:40:13,15288.45,0
2021-05-27 09:40:14,15288.6,0
2021-05-27 09:40:15,15288.75,0
2021-05-27 09:40:16,15289.1,0
2021-05-27 09:40:17,15288.5,0
2021-05-27 09:40:18,15288.9,0
2021-05-27 09:40:19,15289.0,0
2021-05-27 09:40:20,15289.45,0
2021-05-27 09:40:21,15289.7,0
2021-05-27 09:40:22,15289.9,0
2021-05-27 09:40:23,15289.5,0
2021-05-27 09:40:25,15290.4,0
2021-05-27 09:40:26,15290.85,0
2021-05-27 09:40:27,15291.85,0
2021-05-27 09:40:28,15292.05,0
2021-05-27 09:40:30,15290.75,0
2021-05-27 09:40:34,15291.55,0
2021-05-27 09:40:35,15291.6,0
2021-05-27 09:40:36,15291.8,0
2021-05-27 09:40:37,15291.25,0
2021-05-27 09:40:38,15291.55,0
2021-05-27 09:40:39,15291.15,0
2021-05-27 09:40:40,15291.95,0
2021-05-27 09:40:42,15291.75,0
2021-05-27 09:40:44,15291.5,0
2021-05-27 09:40:45,15291.15,0
2021-05-27 09:40:46,15291.25,0
2021-05-27 09:40:47,15291.4,0
2021-05-27 09:40:48,15291.35,0
2021-05-27 09:40:49,15291.55,0
2021-05-27 09:40:50,15291.5,0
2021-05-27 09:40:51,15291.2,0
2021-05-27 09:40:52,15291.75,0
2021-05-27 09:40:54,15292.05,0
2021-05-27 09:40:55,15292.1,0
2021-05-27 09:40:56,15292.55,0
2021-05-27 09:40:58,15292.3,0
2021-05-27 09:40:59,15292.5,0
2021-05-27 09:41:00,15292.4,0
2021-05-27 09:41:01,15292.95,0
2021-05-27 09:41:02,15292.95,0
2021-05-27 09:41:03,15292.85,0
2021-05-27 09:41:05,15292.0,0
2021-05-27 09:41:06,15291.65,0
2021-05-27 09:41:07,15292.05,0
2021-05-27 09:41:08,15291.8,0
2021-05-27 09:41:09,15291.4,0
2021-05-27 09:41:11,15290.65,0
2021-05-27 09:41:12,15290.4,0
2021-05-27 09:41:13,15291.1,0
2021-05-27 09:41:14,15290.95,0
2021-05-27 09:41:15,15290.95,0
2021-05-27 09:41:16,15291.05,0
2021-05-27 09:41:17,15290.85,0
2021-05-27 09:41:18,15289.65,0
2021-05-27 09:41:19,15288.9,0
2021-05-27 09:41:20,15288.85,0
2021-05-27 09:41:21,15288.85,0
2021-05-27 09:41:22,15288.5,0
2021-05-27 09:41:23,15288.55,0
2021-05-27 09:41:24,15289.2,0
2021-05-27 09:41:25,15288.9,0
2021-05-27 09:41:26,15287.8,0
2021-05-27 09:41:27,15288.6,0
2021-05-27 09:41:28,15288.15,0
2021-05-27 09:41:29,15288.15,0
2021-05-27 09:41:30,15287.85,0
2021-05-27 09:41:31,15288.0,0
2021-05-27 09:41:32,15287.7,0
2021-05-27 09:41:33,15287.35,0
2021-05-27 09:41:34,15287.8,0
2021-05-27 09:41:35,15287.6,0
2021-05-27 09:41:36,15288.5,0
2021-05-27 09:41:37,15288.1,0
2021-05-27 09:41:38,15287.4,0
2021-05-27 09:41:39,15288.05,0
2021-05-27 09:41:40,15287.65,0
2021-05-27 09:41:41,15287.8,0
2021-05-27 09:41:42,15287.2,0
2021-05-27 09:41:43,15287.2,0
2021-05-27 09:41:44,15286.9,0
2021-05-27 09:41:45,15286.6,0
2021-05-27 09:41:46,15286.55,0
2021-05-27 09:41:47,15286.2,0
2021-05-27 09:41:48,15286.0,0
2021-05-27 09:41:49,15285.6,0
2021-05-27 09:41:50,15285.15,0
2021-05-27 09:41:51,15285.55,0
2021-05-27 09:41:52,15285.6,0
2021-05-27 09:41:53,15286.1,0
2021-05-27 09:41:54,15285.4,0
2021-05-27 09:41:55,15284.9,0
2021-05-27 09:41:56,15285.95,0
2021-05-27 09:41:57,15286.35,0
2021-05-27 09:41:58,15285.75,0
2021-05-27 09:41:59,15285.7,0
2021-05-27 09:42:00,15285.2,0
2021-05-27 09:42:01,15284.55,0
2021-05-27 09:42:02,15284.5,0
2021-05-27 09:42:03,15284.4,0
2021-05-27 09:42:04,15284.55,0
2021-05-27 09:42:05,15284.7,0
2021-05-27 09:42:06,15284.4,0
2021-05-27 09:42:07,15284.25,0
2021-05-27 09:42:08,15284.75,0
2021-05-27 09:42:09,15284.45,0
2021-05-27 09:42:11,15284.6,0
2021-05-27 09:42:12,15284.7,0
2021-05-27 09:42:13,15284.5,0
2021-05-27 09:42:14,15285.6,0
2021-05-27 09:42:15,15285.65,0
2021-05-27 09:42:16,15286.0,0
2021-05-27 09:42:17,15285.95,0
2021-05-27 09:42:18,15284.8,0
2021-05-27 09:42:20,15285.75,0
2021-05-27 09:42:21,15285.9,0
2021-05-27 09:42:22,15285.85,0
2021-05-27 09:42:23,15285.35,0
2021-05-27 09:42:24,15285.35,0
2021-05-27 09:42:25,15285.55,0
2021-05-27 09:42:26,15285.65,0
2021-05-27 09:42:27,15285.2,0
2021-05-27 09:42:28,15286.25,0
2021-05-27 09:42:29,15285.6,0
2021-05-27 09:42:30,15285.6,0
2021-05-27 09:42:31,15285.1,0
2021-05-27 09:42:32,15285.4,0
2021-05-27 09:42:33,15285.35,0
2021-05-27 09:42:34,15285.25,0
2021-05-27 09:42:35,15284.65,0
2021-05-27 09:42:36,15286.7,0
2021-05-27 09:42:37,15285.65,0
2021-05-27 09:42:38,15285.3,0
2021-05-27 09:42:39,15286.05,0
2021-05-27 09:42:40,15285.95,0
2021-05-27 09:42:41,15285.45,0
2021-05-27 09:42:42,15286.0,0
2021-05-27 09:42:43,15285.6,0
2021-05-27 09:42:44,15285.85,0
2021-05-27 09:42:45,15285.95,0
2021-05-27 09:42:46,15285.8,0
2021-05-27 09:42:47,15285.45,0
2021-05-27 09:42:48,15286.0,0
2021-05-27 09:42:52,15286.05,0
2021-05-27 09:42:53,15286.95,0
2021-05-27 09:42:54,15287.0,0
2021-05-27 09:42:55,15287.2,0
2021-05-27 09:42:56,15287.45,0
2021-05-27 09:42:57,15286.85,0
2021-05-27 09:42:58,15286.65,0
2021-05-27 09:42:59,15286.85,0
2021-05-27 09:43:00,15286.2,0
2021-05-27 09:43:01,15286.25,0
2021-05-27 09:43:02,15285.6,0
2021-05-27 09:43:03,15286.15,0
2021-05-27 09:43:04,15286.5,0
2021-05-27 09:43:05,15286.2,0
2021-05-27 09:43:06,15285.4,0
2021-05-27 09:43:07,15285.3,0
2021-05-27 09:43:08,15286.2,0
2021-05-27 09:43:09,15286.4,0
2021-05-27 09:43:10,15286.25,0
2021-05-27 09:43:11,15286.3,0
2021-05-27 09:43:12,15286.55,0
2021-05-27 09:43:13,15287.1,0
2021-05-27 09:43:14,15286.65,0
2021-05-27 09:43:15,15286.3,0
2021-05-27 09:43:16,15286.6,0
2021-05-27 09:43:17,15286.0,0
2021-05-27 09:43:18,15286.05,0
2021-05-27 09:43:19,15286.05,0
2021-05-27 09:43:20,15286.65,0
2021-05-27 09:43:21,15285.75,0
2021-05-27 09:43:22,15286.55,0
2021-05-27 09:43:23,15285.45,0
2021-05-27 09:43:24,15285.25,0
2021-05-27 09:43:25,15285.9,0
2021-05-27 09:43:26,15285.95,0
2021-05-27 09:43:27,15285.0,0
2021-05-27 09:43:28,15285.9,0
2021-05-27 09:43:29,15284.95,0
2021-05-27 09:43:30,15284.65,0
2021-05-27 09:43:31,15285.35,0
2021-05-27 09:43:32,15285.2,0
2021-05-27 09:43:33,15285.35,0
2021-05-27 09:43:34,15285.35,0
2021-05-27 09:43:35,15285.35,0
2021-05-27 09:43:36,15285.85,0
2021-05-27 09:43:37,15285.4,0
2021-05-27 09:43:38,15286.9,0
2021-05-27 09:43:39,15285.5,0
2021-05-27 09:43:40,15286.65,0
2021-05-27 09:43:41,15287.8,0
2021-05-27 09:43:42,15288.9,0
2021-05-27 09:43:43,15288.75,0
2021-05-27 09:43:44,15288.1,0
2021-05-27 09:43:45,15289.7,0
2021-05-27 09:43:46,15290.0,0
2021-05-27 09:43:47,15289.7,0
2021-05-27 09:43:48,15289.95,0
2021-05-27 09:43:49,15290.3,0
2021-05-27 09:43:50,15290.6,0
2021-05-27 09:43:51,15290.6,0
2021-05-27 09:43:52,15290.2,0
2021-05-27 09:43:53,15289.95,0
2021-05-27 09:43:54,15290.45,0
2021-05-27 09:43:55,15290.05,0
2021-05-27 09:43:56,15289.9,0
2021-05-27 09:43:57,15290.0,0
2021-05-27 09:43:58,15289.85,0
2021-05-27 09:43:59,15290.25,0
2021-05-27 09:44:00,15289.7,0
2021-05-27 09:44:01,15289.6,0
2021-05-27 09:44:02,15290.45,0
2021-05-27 09:44:03,15289.6,0
2021-05-27 09:44:04,15290.7,0
2021-05-27 09:44:05,15290.95,0
2021-05-27 09:44:06,15291.4,0
2021-05-27 09:44:07,15290.35,0
2021-05-27 09:44:08,15290.35,0
2021-05-27 09:44:09,15290.95,0
2021-05-27 09:44:10,15290.9,0
2021-05-27 09:44:12,15291.2,0
2021-05-27 09:44:14,15291.25,0
2021-05-27 09:44:15,15291.0,0
2021-05-27 09:44:16,15291.6,0
2021-05-27 09:44:17,15291.6,0
2021-05-27 09:44:18,15291.1,0
2021-05-27 09:44:20,15290.8,0
2021-05-27 09:44:21,15290.8,0
2021-05-27 09:44:22,15291.25,0
2021-05-27 09:44:23,15291.9,0
2021-05-27 09:44:24,15291.15,0
2021-05-27 09:44:26,15291.8,0
2021-05-27 09:44:28,15291.95,0
2021-05-27 09:44:29,15291.6,0
2021-05-27 09:44:30,15291.9,0
2021-05-27 09:44:31,15292.65,0
2021-05-27 09:44:32,15292.3,0
2021-05-27 09:44:33,15292.2,0
2021-05-27 09:44:34,15292.5,0
2021-05-27 09:44:35,15292.8,0
2021-05-27 09:44:36,15292.45,0
2021-05-27 09:44:37,15293.4,0
2021-05-27 09:44:38,15292.65,0
2021-05-27 09:44:39,15293.4,0
2021-05-27 09:44:40,15292.5,0
2021-05-27 09:44:41,15292.7,0
2021-05-27 09:44:42,15292.95,0
2021-05-27 09:44:43,15292.85,0
2021-05-27 09:44:44,15292.35,0
2021-05-27 09:44:45,15292.45,0
2021-05-27 09:44:46,15292.2,0
2021-05-27 09:44:47,15293.0,0
2021-05-27 09:44:48,15293.05,0
2021-05-27 09:44:49,15293.25,0
2021-05-27 09:44:50,15293.75,0
2021-05-27 09:44:51,15293.55,0
2021-05-27 09:44:52,15294.2,0
2021-05-27 09:44:53,15293.95,0
2021-05-27 09:44:54,15294.05,0
2021-05-27 09:44:55,15294.35,0
2021-05-27 09:44:56,15294.15,0
2021-05-27 09:44:57,15293.35,0
2021-05-27 09:44:58,15294.5,0
2021-05-27 09:44:59,15294.35,0
2021-05-27 09:45:00,15294.0,0
2021-05-27 09:45:01,15293.85,0
2021-05-27 09:45:02,15293.65,0
2021-05-27 09:45:03,15293.45,0
2021-05-27 09:45:04,15293.25,0
2021-05-27 09:45:06,15291.9,0
2021-05-27 09:45:07,15290.65,0
2021-05-27 09:45:09,15291.45,0
2021-05-27 09:45:17,15289.75,0
2021-05-27 09:45:18,15289.6,0
2021-05-27 09:45:19,15289.85,0
2021-05-27 09:45:20,15288.75,0
2021-05-27 09:45:21,15288.6,0
2021-05-27 09:45:22,15290.55,0
2021-05-27 09:45:23,15289.45,0
2021-05-27 09:45:24,15289.1,0
2021-05-27 09:45:25,15288.5,0
2021-05-27 09:45:26,15288.2,0
2021-05-27 09:45:27,15287.6,0
2021-05-27 09:45:28,15288.25,0
2021-05-27 09:45:29,15288.2,0
2021-05-27 09:45:30,15289.55,0
2021-05-27 09:45:31,15288.45,0
2021-05-27 09:45:32,15288.45,0
2021-05-27 09:45:33,15290.4,0
2021-05-27 09:45:34,15289.4,0
2021-05-27 09:45:35,15289.35,0
2021-05-27 09:45:37,15289.55,0
2021-05-27 09:45:39,15290.6,0
2021-05-27 09:45:40,15289.65,0
2021-05-27 09:45:41,15290.1,0
2021-05-27 09:45:42,15289.8,0
2021-05-27 09:45:43,15290.4,0
2021-05-27 09:45:44,15290.9,0
2021-05-27 09:45:45,15290.85,0
2021-05-27 09:45:46,15290.55,0
2021-05-27 09:45:47,15290.55,0
2021-05-27 09:45:48,15289.8,0
2021-05-27 09:45:49,15290.35,0
2021-05-27 09:45:50,15289.7,0
2021-05-27 09:45:51,15288.1,0
2021-05-27 09:45:52,15289.65,0
2021-05-27 09:45:53,15288.85,0
2021-05-27 09:45:54,15289.35,0
2021-05-27 09:45:55,15289.4,0
2021-05-27 09:45:56,15289.7,0
2021-05-27 09:45:57,15288.95,0
2021-05-27 09:45:58,15289.5,0
2021-05-27 09:45:59,15288.85,0
2021-05-27 09:46:00,15288.4,0
2021-05-27 09:46:01,15288.1,0
2021-05-27 09:46:02,15289.3,0
2021-05-27 09:46:03,15287.95,0
2021-05-27 09:46:04,15287.6,0
2021-05-27 09:46:05,15287.5,0
2021-05-27 09:46:06,15288.35,0
2021-05-27 09:46:07,15288.25,0
2021-05-27 09:46:08,15287.65,0
2021-05-27 09:46:09,15286.7,0
2021-05-27 09:46:10,15287.35,0
2021-05-27 09:46:11,15287.6,0
2021-05-27 09:46:12,15287.0,0
2021-05-27 09:46:13,15288.15,0
2021-05-27 09:46:14,15288.1,0
2021-05-27 09:46:15,15287.8,0
2021-05-27 09:46:16,15288.2,0
2021-05-27 09:46:17,15288.15,0
2021-05-27 09:46:18,15288.45,0
2021-05-27 09:46:19,15288.75,0
2021-05-27 09:46:20,15288.65,0
2021-05-27 09:46:22,15288.9,0
2021-05-27 09:46:23,15290.15,0
2021-05-27 09:46:24,15290.45,0
2021-05-27 09:46:25,15290.25,0
2021-05-27 09:46:26,15291.3,0
2021-05-27 09:46:27,15292.15,0
2021-05-27 09:46:28,15292.8,0
2021-05-27 09:46:29,15293.0,0
2021-05-27 09:46:30,15293.4,0
2021-05-27 09:46:31,15292.8,0
2021-05-27 09:46:32,15293.4,0
2021-05-27 09:46:33,15294.0,0
2021-05-27 09:46:34,15294.8,0
2021-05-27 09:46:35,15293.85,0
2021-05-27 09:46:36,15293.1,0
2021-05-27 09:46:37,15294.15,0
2021-05-27 09:46:38,15293.95,0
2021-05-27 09:46:39,15293.7,0
2021-05-27 09:46:40,15293.9,0
2021-05-27 09:46:41,15294.0,0
2021-05-27 09:46:42,15293.55,0
2021-05-27 09:46:44,15294.05,0
2021-05-27 09:46:45,15293.95,0
2021-05-27 09:46:46,15293.95,0
2021-05-27 09:46:48,15294.45,0
2021-05-27 09:46:50,15293.5,0
2021-05-27 09:46:51,15294.25,0
2021-05-27 09:46:52,15293.6,0
2021-05-27 09:46:53,15293.45,0
2021-05-27 09:46:54,15293.3,0
2021-05-27 09:46:55,15292.65,0
2021-05-27 09:46:56,15293.3,0
2021-05-27 09:46:57,15293.35,0
2021-05-27 09:46:58,15293.75,0
2021-05-27 09:46:59,15293.7,0
2021-05-27 09:47:00,15294.25,0
2021-05-27 09:47:01,15293.3,0
2021-05-27 09:47:02,15294.05,0
2021-05-27 09:47:03,15294.45,0
2021-05-27 09:47:04,15293.75,0
2021-05-27 09:47:05,15294.35,0
2021-05-27 09:47:06,15293.45,0
2021-05-27 09:47:08,15294.95,0
2021-05-27 09:47:09,15294.2,0
2021-05-27 09:47:10,15293.75,0
2021-05-27 09:47:11,15294.0,0
2021-05-27 09:47:13,15294.15,0
2021-05-27 09:47:14,15293.7,0
2021-05-27 09:47:18,15295.25,0
2021-05-27 09:47:20,15295.85,0
2021-05-27 09:47:21,15295.55,0
2021-05-27 09:47:23,15296.15,0
2021-05-27 09:47:24,15295.95,0
2021-05-27 09:47:25,15296.95,0
2021-05-27 09:47:26,15296.5,0
2021-05-27 09:47:27,15296.45,0
2021-05-27 09:47:28,15296.5,0
2021-05-27 09:47:29,15297.4,0
2021-05-27 09:47:31,15297.25,0
2021-05-27 09:47:32,15298.25,0
2021-05-27 09:47:33,15298.05,0
2021-05-27 09:47:34,15298.0,0
2021-05-27 09:47:35,15298.0,0
2021-05-27 09:47:36,15299.2,0
2021-05-27 09:47:37,15299.55,0
2021-05-27 09:47:38,15299.15,0
2021-05-27 09:47:39,15298.65,0
2021-05-27 09:47:40,15298.95,0
2021-05-27 09:47:41,15298.45,0
2021-05-27 09:47:42,15299.15,0
2021-05-27 09:47:43,15299.0,0
2021-05-27 09:47:45,15299.35,0
2021-05-27 09:47:46,15299.2,0
2021-05-27 09:47:49,15297.95,0
2021-05-27 09:47:50,15300.15,0
2021-05-27 09:47:51,15298.2,0
2021-05-27 09:47:52,15299.2,0
2021-05-27 09:47:53,15300.35,0
2021-05-27 09:47:54,15299.1,0
2021-05-27 09:47:55,15298.8,0
2021-05-27 09:47:56,15299.3,0
2021-05-27 09:47:57,15299.55,0
2021-05-27 09:47:58,15299.25,0
2021-05-27 09:47:59,15298.9,0
2021-05-27 09:48:00,15299.7,0
2021-05-27 09:48:01,15299.4,0
2021-05-27 09:48:02,15299.9,0
2021-05-27 09:48:03,15301.15,0
2021-05-27 09:48:04,15300.75,0
2021-05-27 09:48:05,15300.4,0
2021-05-27 09:48:06,15302.6,0
2021-05-27 09:48:07,15301.7,0
2021-05-27 09:48:08,15301.35,0
2021-05-27 09:48:09,15301.35,0
2021-05-27 09:48:10,15301.55,0
2021-05-27 09:48:11,15302.15,0
2021-05-27 09:48:12,15302.35,0
2021-05-27 09:48:14,15302.6,0
2021-05-27 09:48:15,15302.15,0
2021-05-27 09:48:16,15301.15,0
2021-05-27 09:48:17,15301.85,0
2021-05-27 09:48:18,15301.25,0
2021-05-27 09:48:19,15301.5,0
2021-05-27 09:48:20,15301.9,0
2021-05-27 09:48:21,15300.75,0
2021-05-27 09:48:22,15301.75,0
2021-05-27 09:48:23,15302.55,0
2021-05-27 09:48:24,15301.85,0
2021-05-27 09:48:25,15301.4,0
2021-05-27 09:48:26,15302.05,0
2021-05-27 09:48:27,15302.35,0
2021-05-27 09:48:28,15302.5,0
2021-05-27 09:48:29,15302.85,0
2021-05-27 09:48:30,15304.05,0
2021-05-27 09:48:31,15303.65,0
2021-05-27 09:48:32,15303.85,0
2021-05-27 09:48:33,15304.15,0
2021-05-27 09:48:35,15303.8,0
2021-05-27 09:48:36,15303.5,0
2021-05-27 09:48:37,15304.25,0
2021-05-27 09:48:38,15304.75,0
2021-05-27 09:48:39,15303.65,0
2021-05-27 09:48:40,15303.95,0
2021-05-27 09:48:41,15303.8,0
2021-05-27 09:48:42,15304.25,0
2021-05-27 09:48:43,15303.8,0
2021-05-27 09:48:44,15304.95,0
2021-05-27 09:48:45,15303.6,0
2021-05-27 09:48:46,15304.6,0
2021-05-27 09:48:47,15301.05,0
2021-05-27 09:48:48,15302.0,0
2021-05-27 09:48:49,15303.6,0
2021-05-27 09:48:50,15303.5,0
2021-05-27 09:48:51,15302.0,0
2021-05-27 09:48:52,15303.1,0
2021-05-27 09:48:53,15302.5,0
2021-05-27 09:48:54,15302.0,0
2021-05-27 09:48:56,15302.5,0
2021-05-27 09:48:57,15303.05,0
2021-05-27 09:48:58,15303.25,0
2021-05-27 09:48:59,15304.65,0
2021-05-27 09:49:01,15304.2,0
2021-05-27 09:49:04,15303.3,0
2021-05-27 09:49:05,15303.45,0
2021-05-27 09:49:06,15303.75,0
2021-05-27 09:49:08,15304.45,0
2021-05-27 09:49:09,15303.95,0
2021-05-27 09:49:11,15305.4,0
2021-05-27 09:49:13,15304.05,0
2021-05-27 09:49:14,15303.4,0
2021-05-27 09:49:15,15303.4,0
2021-05-27 09:49:16,15302.95,0
2021-05-27 09:49:17,15303.15,0
2021-05-27 09:49:18,15301.2,0
2021-05-27 09:49:19,15300.8,0
2021-05-27 09:49:20,15300.9,0
2021-05-27 09:49:21,15301.1,0
2021-05-27 09:49:22,15300.55,0
2021-05-27 09:49:23,15301.15,0
2021-05-27 09:49:25,15300.75,0
2021-05-27 09:49:28,15300.3,0
2021-05-27 09:49:29,15301.25,0
2021-05-27 09:49:31,15300.45,0
2021-05-27 09:49:32,15300.35,0
2021-05-27 09:49:33,15300.8,0
2021-05-27 09:49:36,15300.5,0
2021-05-27 09:49:37,15301.45,0
2021-05-27 09:49:38,15301.25,0
2021-05-27 09:49:39,15301.7,0
2021-05-27 09:49:40,15301.5,0
2021-05-27 09:49:41,15301.55,0
2021-05-27 09:49:42,15302.45,0
2021-05-27 09:49:44,15302.85,0
2021-05-27 09:49:45,15302.05,0
2021-05-27 09:49:46,15302.25,0
2021-05-27 09:49:47,15301.7,0
2021-05-27 09:49:48,15302.0,0
2021-05-27 09:49:49,15300.9,0
2021-05-27 09:49:50,15300.8,0
2021-05-27 09:49:51,15300.55,0
2021-05-27 09:49:52,15301.1,0
2021-05-27 09:49:53,15301.45,0
2021-05-27 09:49:54,15301.55,0
2021-05-27 09:49:55,15301.85,0
2021-05-27 09:49:57,15300.7,0
2021-05-27 09:49:58,15301.8,0
2021-05-27 09:49:59,15300.8,0
2021-05-27 09:50:00,15301.55,0
2021-05-27 09:50:01,15300.6,0
2021-05-27 09:50:02,15300.95,0
2021-05-27 09:50:03,15301.05,0
2021-05-27 09:50:04,15301.35,0
2021-05-27 09:50:05,15300.1,0
2021-05-27 09:50:06,15300.55,0
2021-05-27 09:50:07,15300.9,0
2021-05-27 09:50:08,15300.45,0
2021-05-27 09:50:09,15300.3,0
2021-05-27 09:50:10,15299.9,0
2021-05-27 09:50:11,15299.55,0
2021-05-27 09:50:12,15299.9,0
2021-05-27 09:50:13,15300.15,0
2021-05-27 09:50:14,15300.2,0
2021-05-27 09:50:15,15300.0,0
2021-05-27 09:50:16,15300.25,0
2021-05-27 09:50:17,15300.3,0
2021-05-27 09:50:18,15300.15,0
2021-05-27 09:50:19,15299.9,0
2021-05-27 09:50:20,15300.1,0
2021-05-27 09:50:21,15299.75,0
2021-05-27 09:50:22,15299.35,0
2021-05-27 09:50:23,15299.45,0
2021-05-27 09:50:24,15299.05,0
2021-05-27 09:50:25,15299.25,0
2021-05-27 09:50:26,15299.4,0
2021-05-27 09:50:27,15299.25,0
2021-05-27 09:50:28,15299.05,0
2021-05-27 09:50:29,15300.25,0
2021-05-27 09:50:30,15300.65,0
2021-05-27 09:50:31,15300.55,0
2021-05-27 09:50:32,15300.5,0
2021-05-27 09:50:33,15299.85,0
2021-05-27 09:50:34,15300.9,0
2021-05-27 09:50:35,15301.4,0
2021-05-27 09:50:37,15300.0,0
2021-05-27 09:50:38,15301.2,0
2021-05-27 09:50:39,15301.95,0
2021-05-27 09:50:40,15301.3,0
2021-05-27 09:50:41,15301.0,0
2021-05-27 09:50:42,15301.35,0
2021-05-27 09:50:43,15301.0,0
2021-05-27 09:50:44,15301.85,0
2021-05-27 09:50:45,15301.15,0
2021-05-27 09:50:46,15301.25,0
2021-05-27 09:50:47,15301.35,0
2021-05-27 09:50:48,15301.75,0
2021-05-27 09:50:49,15301.75,0
2021-05-27 09:50:50,15301.9,0
2021-05-27 09:50:51,15302.25,0
2021-05-27 09:50:52,15301.9,0
2021-05-27 09:50:53,15302.75,0
2021-05-27 09:50:54,15302.8,0
2021-05-27 09:50:55,15302.7,0
2021-05-27 09:50:56,15302.1,0
2021-05-27 09:50:57,15302.4,0
2021-05-27 09:50:58,15303.25,0
2021-05-27 09:50:59,15303.05,0
2021-05-27 09:51:00,15302.75,0
2021-05-27 09:51:01,15302.9,0
2021-05-27 09:51:02,15302.6,0
2021-05-27 09:51:03,15303.3,0
2021-05-27 09:51:04,15303.4,0
2021-05-27 09:51:05,15303.05,0
2021-05-27 09:51:06,15302.05,0
2021-05-27 09:51:07,15303.4,0
2021-05-27 09:51:08,15302.8,0
2021-05-27 09:51:09,15302.85,0
2021-05-27 09:51:10,15303.3,0
2021-05-27 09:51:11,15303.55,0
2021-05-27 09:51:12,15302.75,0
2021-05-27 09:51:13,15303.0,0
2021-05-27 09:51:14,15302.75,0
2021-05-27 09:51:15,15303.05,0
2021-05-27 09:51:16,15303.3,0
2021-05-27 09:51:18,15303.3,0
2021-05-27 09:51:19,15302.45,0
2021-05-27 09:51:20,15301.6,0
2021-05-27 09:51:21,15300.9,0
2021-05-27 09:51:22,15302.25,0
2021-05-27 09:51:23,15302.15,0
2021-05-27 09:51:24,15301.4,0
2021-05-27 09:51:25,15301.15,0
2021-05-27 09:51:26,15301.6,0
2021-05-27 09:51:27,15301.15,0
2021-05-27 09:51:28,15301.65,0
2021-05-27 09:51:29,15300.05,0
2021-05-27 09:51:30,15301.55,0
2021-05-27 09:51:32,15300.2,0
2021-05-27 09:51:33,15301.25,0
2021-05-27 09:51:34,15301.9,0
2021-05-27 09:51:35,15301.8,0
2021-05-27 09:51:36,15302.75,0
2021-05-27 09:51:37,15301.75,0
2021-05-27 09:51:38,15302.0,0
2021-05-27 09:51:39,15302.65,0
2021-05-27 09:51:40,15302.3,0
2021-05-27 09:51:41,15302.95,0
2021-05-27 09:51:42,15302.55,0
2021-05-27 09:51:43,15302.75,0
2021-05-27 09:51:44,15302.25,0
2021-05-27 09:51:46,15302.2,0
2021-05-27 09:51:47,15302.6,0
2021-05-27 09:51:48,15302.4,0
2021-05-27 09:51:51,15302.5,0
2021-05-27 09:51:52,15302.7,0
2021-05-27 09:51:53,15301.85,0
2021-05-27 09:51:56,15302.35,0
2021-05-27 09:51:58,15302.25,0
2021-05-27 09:51:59,15301.25,0
2021-05-27 09:52:00,15301.65,0
2021-05-27 09:52:01,15300.9,0
2021-05-27 09:52:02,15300.35,0
2021-05-27 09:52:03,15301.2,0
2021-05-27 09:52:04,15301.55,0
2021-05-27 09:52:05,15301.65,0
2021-05-27 09:52:06,15300.9,0
2021-05-27 09:52:07,15301.2,0
2021-05-27 09:52:08,15301.25,0
2021-05-27 09:52:09,15301.15,0
2021-05-27 09:52:10,15301.7,0
2021-05-27 09:52:11,15299.25,0
2021-05-27 09:52:13,15301.15,0
2021-05-27 09:52:14,15300.7,0
2021-05-27 09:52:15,15301.35,0
2021-05-27 09:52:16,15300.8,0
2021-05-27 09:52:17,15301.4,0
2021-05-27 09:52:18,15300.8,0
2021-05-27 09:52:19,15301.35,0
2021-05-27 09:52:20,15300.65,0
2021-05-27 09:52:21,15300.65,0
2021-05-27 09:52:22,15300.6,0
2021-05-27 09:52:23,15300.3,0
2021-05-27 09:52:24,15301.25,0
2021-05-27 09:52:25,15301.25,0
2021-05-27 09:52:26,15300.6,0
2021-05-27 09:52:27,15301.25,0
2021-05-27 09:52:29,15302.25,0
2021-05-27 09:52:30,15303.45,0
2021-05-27 09:52:32,15303.15,0
2021-05-27 09:52:34,15302.05,0
2021-05-27 09:52:35,15303.05,0
2021-05-27 09:52:36,15304.05,0
2021-05-27 09:52:37,15302.95,0
2021-05-27 09:52:38,15303.55,0
2021-05-27 09:52:39,15304.6,0
2021-05-27 09:52:40,15303.95,0
2021-05-27 09:52:41,15303.25,0
2021-05-27 09:52:42,15304.45,0
2021-05-27 09:52:43,15302.4,0
2021-05-27 09:52:44,15303.05,0
2021-05-27 09:52:45,15302.95,0
2021-05-27 09:52:46,15303.45,0
2021-05-27 09:52:47,15302.6,0
2021-05-27 09:52:48,15302.75,0
2021-05-27 09:52:49,15301.7,0
2021-05-27 09:52:50,15302.45,0
2021-05-27 09:52:51,15302.4,0
2021-05-27 09:52:52,15302.1,0
2021-05-27 09:52:53,15302.45,0
2021-05-27 09:52:54,15303.0,0
2021-05-27 09:52:55,15301.0,0
2021-05-27 09:52:56,15302.3,0
2021-05-27 09:52:57,15301.45,0
2021-05-27 09:52:58,15303.05,0
2021-05-27 09:52:59,15302.3,0
2021-05-27 09:53:00,15302.65,0
2021-05-27 09:53:01,15301.95,0
2021-05-27 09:53:02,15302.25,0
2021-05-27 09:53:03,15302.5,0
2021-05-27 09:53:04,15302.35,0
2021-05-27 09:53:05,15301.8,0
2021-05-27 09:53:06,15301.95,0
2021-05-27 09:53:07,15301.55,0
2021-05-27 09:53:08,15301.55,0
2021-05-27 09:53:09,15300.35,0
2021-05-27 09:53:10,15300.15,0
2021-05-27 09:53:11,15299.05,0
2021-05-27 09:53:12,15299.2,0
2021-05-27 09:53:13,15299.3,0
2021-05-27 09:53:14,15299.8,0
2021-05-27 09:53:15,15300.0,0
2021-05-27 09:53:16,15299.3,0
2021-05-27 09:53:17,15299.55,0
2021-05-27 09:53:18,15299.85,0
2021-05-27 09:53:19,15301.3,0
2021-05-27 09:53:20,15301.2,0
2021-05-27 09:53:22,15302.1,0
2021-05-27 09:53:23,15301.6,0
2021-05-27 09:53:24,15301.3,0
2021-05-27 09:53:25,15301.65,0
2021-05-27 09:53:26,15301.4,0
2021-05-27 09:53:27,15301.9,0
2021-05-27 09:53:28,15301.75,0
2021-05-27 09:53:29,15301.35,0
2021-05-27 09:53:30,15302.05,0
2021-05-27 09:53:31,15301.4,0
2021-05-27 09:53:32,15300.5,0
2021-05-27 09:53:33,15300.95,0
2021-05-27 09:53:34,15300.8,0
2021-05-27 09:53:35,15300.9,0
2021-05-27 09:53:36,15300.75,0
2021-05-27 09:53:37,15300.5,0
2021-05-27 09:53:38,15299.55,0
2021-05-27 09:53:39,15300.4,0
2021-05-27 09:53:40,15300.55,0
2021-05-27 09:53:41,15300.85,0
2021-05-27 09:53:42,15301.3,0
2021-05-27 09:53:43,15300.75,0
2021-05-27 09:53:44,15302.2,0
2021-05-27 09:53:45,15302.6,0
2021-05-27 09:53:46,15300.65,0
2021-05-27 09:53:48,15301.7,0
2021-05-27 09:53:50,15301.95,0
2021-05-27 09:53:52,15302.65,0
2021-05-27 09:53:53,15303.25,0
2021-05-27 09:53:54,15301.1,0
2021-05-27 09:53:57,15302.75,0
2021-05-27 09:53:58,15303.05,0
2021-05-27 09:54:00,15302.0,0
2021-05-27 09:54:01,15302.15,0
2021-05-27 09:54:02,15303.45,0
2021-05-27 09:54:03,15303.3,0
2021-05-27 09:54:04,15303.05,0
2021-05-27 09:54:05,15302.3,0
2021-05-27 09:54:06,15302.8,0
2021-05-27 09:54:07,15303.45,0
2021-05-27 09:54:10,15302.5,0
2021-05-27 09:54:11,15302.4,0
2021-05-27 09:54:12,15302.85,0
2021-05-27 09:54:13,15302.45,0
2021-05-27 09:54:14,15303.0,0
2021-05-27 09:54:15,15303.5,0
2021-05-27 09:54:16,15303.3,0
2021-05-27 09:54:17,15303.05,0
2021-05-27 09:54:18,15303.45,0
2021-05-27 09:54:19,15303.55,0
2021-05-27 09:54:20,15303.75,0
2021-05-27 09:54:21,15303.4,0
2021-05-27 09:54:22,15303.7,0
2021-05-27 09:54:26,15303.75,0
2021-05-27 09:54:27,15303.8,0
2021-05-27 09:54:28,15304.4,0
2021-05-27 09:54:29,15303.85,0
2021-05-27 09:54:30,15304.25,0
2021-05-27 09:54:31,15303.65,0
2021-05-27 09:54:32,15303.75,0
2021-05-27 09:54:33,15303.5,0
2021-05-27 09:54:34,15303.3,0
2021-05-27 09:54:35,15302.8,0
2021-05-27 09:54:36,15302.9,0
2021-05-27 09:54:37,15300.9,0
2021-05-27 09:54:39,15300.9,0
2021-05-27 09:54:40,15301.2,0
2021-05-27 09:54:41,15301.5,0
2021-05-27 09:54:42,15301.7,0
2021-05-27 09:54:46,15301.65,0
2021-05-27 09:54:47,15301.3,0
2021-05-27 09:54:48,15301.1,0
2021-05-27 09:54:49,15300.4,0
2021-05-27 09:54:50,15299.9,0
2021-05-27 09:54:51,15299.9,0
2021-05-27 09:54:52,15299.65,0
2021-05-27 09:54:53,15301.5,0
2021-05-27 09:54:54,15299.95,0
2021-05-27 09:54:55,15300.3,0
2021-05-27 09:54:56,15299.8,0
2021-05-27 09:54:57,15299.8,0
2021-05-27 09:54:58,15300.35,0
2021-05-27 09:54:59,15300.5,0
2021-05-27 09:55:00,15300.2,0
2021-05-27 09:55:01,15300.05,0
2021-05-27 09:55:02,15300.05,0
2021-05-27 09:55:03,15300.2,0
2021-05-27 09:55:04,15299.65,0
2021-05-27 09:55:05,15300.7,0
2021-05-27 09:55:06,15300.5,0
2021-05-27 09:55:07,15299.3,0
2021-05-27 09:55:08,15300.35,0
2021-05-27 09:55:09,15300.35,0
2021-05-27 09:55:10,15300.65,0
2021-05-27 09:55:11,15301.15,0
2021-05-27 09:55:12,15301.65,0
2021-05-27 09:55:13,15301.55,0
2021-05-27 09:55:14,15301.95,0
2021-05-27 09:55:15,15303.05,0
2021-05-27 09:55:16,15302.85,0
2021-05-27 09:55:17,15303.0,0
2021-05-27 09:55:18,15300.45,0
2021-05-27 09:55:19,15302.75,0
2021-05-27 09:55:20,15302.5,0
2021-05-27 09:55:21,15302.3,0
2021-05-27 09:55:22,15301.9,0
2021-05-27 09:55:23,15302.2,0
2021-05-27 09:55:24,15302.15,0
2021-05-27 09:55:25,15302.2,0
2021-05-27 09:55:26,15302.55,0
2021-05-27 09:55:27,15303.35,0
2021-05-27 09:55:28,15303.25,0
2021-05-27 09:55:29,15303.2,0
2021-05-27 09:55:30,15303.2,0
2021-05-27 09:55:31,15302.45,0
2021-05-27 09:55:32,15304.05,0
2021-05-27 09:55:33,15303.35,0
2021-05-27 09:55:34,15303.2,0
2021-05-27 09:55:36,15303.45,0
2021-05-27 09:55:37,15303.15,0
2021-05-27 09:55:38,15302.95,0
2021-05-27 09:55:40,15301.75,0
2021-05-27 09:55:41,15301.85,0
2021-05-27 09:55:42,15301.7,0
2021-05-27 09:55:43,15302.6,0
2021-05-27 09:55:44,15302.45,0
2021-05-27 09:55:45,15303.65,0
2021-05-27 09:55:46,15302.3,0
2021-05-27 09:55:47,15303.45,0
2021-05-27 09:55:48,15303.6,0
2021-05-27 09:55:49,15303.1,0
2021-05-27 09:55:50,15303.7,0
2021-05-27 09:55:51,15303.9,0
2021-05-27 09:55:52,15303.6,0
2021-05-27 09:55:53,15303.65,0
2021-05-27 09:55:54,15303.45,0
2021-05-27 09:55:55,15303.05,0
2021-05-27 09:55:56,15303.4,0
2021-05-27 09:55:57,15303.7,0
2021-05-27 09:55:58,15304.0,0
2021-05-27 09:55:59,15303.95,0
2021-05-27 09:56:00,15303.4,0
2021-05-27 09:56:01,15303.25,0
2021-05-27 09:56:02,15304.5,0
2021-05-27 09:56:03,15304.25,0
2021-05-27 09:56:04,15303.7,0
2021-05-27 09:56:05,15303.8,0
2021-05-27 09:56:06,15304.4,0
2021-05-27 09:56:07,15304.6,0
2021-05-27 09:56:08,15303.55,0
2021-05-27 09:56:09,15303.3,0
2021-05-27 09:56:10,15303.5,0
2021-05-27 09:56:11,15304.45,0
2021-05-27 09:56:12,15304.3,0
2021-05-27 09:56:13,15304.45,0
2021-05-27 09:56:14,15304.75,0
2021-05-27 09:56:15,15305.5,0
2021-05-27 09:56:16,15305.35,0
2021-05-27 09:56:17,15305.2,0
2021-05-27 09:56:18,15305.35,0
2021-05-27 09:56:19,15305.75,0
2021-05-27 09:56:20,15305.3,0
2021-05-27 09:56:21,15304.45,0
2021-05-27 09:56:23,15304.85,0
2021-05-27 09:56:24,15304.9,0
2021-05-27 09:56:25,15305.7,0
2021-05-27 09:56:26,15305.3,0
2021-05-27 09:56:27,15306.15,0
2021-05-27 09:56:28,15306.9,0
2021-05-27 09:56:29,15307.4,0
2021-05-27 09:56:30,15307.75,0
2021-05-27 09:56:31,15307.7,0
2021-05-27 09:56:32,15307.25,0
2021-05-27 09:56:33,15307.95,0
2021-05-27 09:56:34,15308.8,0
2021-05-27 09:56:36,15308.95,0
2021-05-27 09:56:37,15308.85,0
2021-05-27 09:56:38,15310.4,0
2021-05-27 09:56:40,15310.25,0
2021-05-27 09:56:41,15309.8,0
2021-05-27 09:56:42,15309.9,0
2021-05-27 09:56:43,15309.5,0
2021-05-27 09:56:44,15309.5,0
2021-05-27 09:56:45,15307.5,0
2021-05-27 09:56:46,15308.95,0
2021-05-27 09:56:47,15308.45,0
2021-05-27 09:56:48,15306.9,0
2021-05-27 09:56:49,15307.7,0
2021-05-27 09:56:50,15308.55,0
2021-05-27 09:56:51,15308.85,0
2021-05-27 09:56:52,15309.05,0
2021-05-27 09:56:55,15308.1,0
2021-05-27 09:56:56,15307.9,0
2021-05-27 09:56:57,15307.75,0
2021-05-27 09:56:58,15308.15,0
2021-05-27 09:56:59,15308.55,0
2021-05-27 09:57:00,15308.4,0
2021-05-27 09:57:01,15308.35,0
2021-05-27 09:57:02,15309.75,0
2021-05-27 09:57:03,15309.7,0
2021-05-27 09:57:04,15309.2,0
2021-05-27 09:57:05,15309.3,0
2021-05-27 09:57:06,15310.25,0
2021-05-27 09:57:07,15310.15,0
2021-05-27 09:57:08,15310.35,0
2021-05-27 09:57:09,15310.15,0
2021-05-27 09:57:10,15309.65,0
2021-05-27 09:57:11,15310.4,0
2021-05-27 09:57:12,15310.35,0
2021-05-27 09:57:13,15310.4,0
2021-05-27 09:57:14,15310.55,0
2021-05-27 09:57:15,15310.45,0
2021-05-27 09:57:16,15309.05,0
2021-05-27 09:57:17,15310.6,0
2021-05-27 09:57:18,15309.95,0
2021-05-27 09:57:19,15309.65,0
2021-05-27 09:57:20,15309.55,0
2021-05-27 09:57:21,15309.7,0
2021-05-27 09:57:22,15309.75,0
2021-05-27 09:57:23,15309.8,0
2021-05-27 09:57:24,15309.2,0
2021-05-27 09:57:25,15310.7,0
2021-05-27 09:57:26,15310.35,0
2021-05-27 09:57:27,15310.1,0
2021-05-27 09:57:28,15309.95,0
2021-05-27 09:57:29,15311.25,0
2021-05-27 09:57:30,15310.8,0
2021-05-27 09:57:31,15311.05,0
2021-05-27 09:57:32,15310.9,0
2021-05-27 09:57:33,15310.55,0
2021-05-27 09:57:34,15310.35,0
2021-05-27 09:57:35,15309.9,0
2021-05-27 09:57:36,15310.4,0
2021-05-27 09:57:37,15310.35,0
2021-05-27 09:57:38,15310.0,0
2021-05-27 09:57:39,15309.1,0
2021-05-27 09:57:40,15308.9,0
2021-05-27 09:57:41,15308.6,0
2021-05-27 09:57:42,15308.4,0
2021-05-27 09:57:43,15309.1,0
2021-05-27 09:57:44,15309.6,0
2021-05-27 09:57:46,15308.45,0
2021-05-27 09:57:47,15308.8,0
2021-05-27 09:57:48,15308.6,0
2021-05-27 09:57:49,15308.8,0
2021-05-27 09:57:50,15308.65,0
2021-05-27 09:57:51,15308.85,0
2021-05-27 09:57:52,15308.95,0
2021-05-27 09:57:53,15309.4,0
2021-05-27 09:57:54,15308.9,0
2021-05-27 09:57:55,15309.35,0
2021-05-27 09:57:56,15309.6,0
2021-05-27 09:57:57,15309.35,0
2021-05-27 09:57:59,15309.65,0
2021-05-27 09:58:00,15310.0,0
2021-05-27 09:58:01,15308.65,0
2021-05-27 09:58:02,15308.65,0
2021-05-27 09:58:03,15309.05,0
2021-05-27 09:58:04,15309.65,0
2021-05-27 09:58:05,15309.1,0
2021-05-27 09:58:06,15309.1,0
2021-05-27 09:58:07,15309.1,0
2021-05-27 09:58:08,15309.45,0
2021-05-27 09:58:09,15309.25,0
2021-05-27 09:58:11,15309.05,0
2021-05-27 09:58:12,15308.9,0
2021-05-27 09:58:14,15309.2,0
2021-05-27 09:58:17,15308.55,0
2021-05-27 09:58:18,15308.2,0
2021-05-27 09:58:19,15308.4,0
2021-05-27 09:58:20,15307.95,0
2021-05-27 09:58:21,15308.15,0
2021-05-27 09:58:23,15308.3,0
2021-05-27 09:58:24,15307.65,0
2021-05-27 09:58:25,15307.05,0
2021-05-27 09:58:26,15308.15,0
2021-05-27 09:58:27,15309.15,0
2021-05-27 09:58:28,15308.6,0
2021-05-27 09:58:29,15308.65,0
2021-05-27 09:58:30,15306.3,0
2021-05-27 09:58:31,15306.5,0
2021-05-27 09:58:32,15307.6,0
2021-05-27 09:58:33,15307.6,0
2021-05-27 09:58:34,15307.65,0
2021-05-27 09:58:35,15307.4,0
2021-05-27 09:58:36,15307.15,0
2021-05-27 09:58:37,15307.45,0
2021-05-27 09:58:38,15307.0,0
2021-05-27 09:58:39,15307.0,0
2021-05-27 09:58:40,15307.3,0
2021-05-27 09:58:41,15306.9,0
2021-05-27 09:58:42,15306.7,0
2021-05-27 09:58:43,15306.6,0
2021-05-27 09:58:44,15306.2,0
2021-05-27 09:58:45,15306.95,0
2021-05-27 09:58:46,15306.55,0
2021-05-27 09:58:47,15306.05,0
2021-05-27 09:58:48,15307.45,0
2021-05-27 09:58:49,15307.25,0
2021-05-27 09:58:50,15306.9,0
2021-05-27 09:58:51,15306.45,0
2021-05-27 09:58:52,15307.8,0
2021-05-27 09:58:54,15306.3,0
2021-05-27 09:58:55,15306.55,0
2021-05-27 09:58:56,15306.65,0
2021-05-27 09:58:57,15306.05,0
2021-05-27 09:58:58,15306.7,0
2021-05-27 09:58:59,15306.15,0
2021-05-27 09:59:00,15306.8,0
2021-05-27 09:59:01,15306.1,0
2021-05-27 09:59:02,15306.35,0
2021-05-27 09:59:03,15306.9,0
2021-05-27 09:59:04,15306.75,0
2021-05-27 09:59:06,15306.35,0
2021-05-27 09:59:07,15305.8,0
2021-05-27 09:59:08,15306.75,0
2021-05-27 09:59:09,15306.55,0
2021-05-27 09:59:10,15306.1,0
2021-05-27 09:59:12,15305.8,0
2021-05-27 09:59:13,15306.0,0
2021-05-27 09:59:14,15305.9,0
2021-05-27 09:59:15,15306.25,0
2021-05-27 09:59:16,15306.0,0
2021-05-27 09:59:17,15305.9,0
2021-05-27 09:59:18,15306.2,0
2021-05-27 09:59:19,15306.1,0
2021-05-27 09:59:20,15306.1,0
2021-05-27 09:59:22,15305.95,0
2021-05-27 09:59:23,15305.9,0
2021-05-27 09:59:24,15306.35,0
2021-05-27 09:59:27,15306.5,0
2021-05-27 09:59:28,15306.15,0
2021-05-27 09:59:29,15306.25,0
2021-05-27 09:59:30,15306.6,0
2021-05-27 09:59:31,15306.15,0
2021-05-27 09:59:32,15306.45,0
2021-05-27 09:59:33,15305.75,0
2021-05-27 09:59:34,15305.85,0
2021-05-27 09:59:35,15306.35,0
2021-05-27 09:59:36,15306.2,0
2021-05-27 09:59:38,15306.15,0
2021-05-27 09:59:39,15306.1,0
2021-05-27 09:59:40,15306.75,0
2021-05-27 09:59:41,15306.4,0
2021-05-27 09:59:42,15307.05,0
2021-05-27 09:59:43,15306.5,0
2021-05-27 09:59:44,15307.05,0
2021-05-27 09:59:45,15306.7,0
2021-05-27 09:59:46,15306.05,0
2021-05-27 09:59:47,15306.0,0
2021-05-27 09:59:48,15305.9,0
2021-05-27 09:59:49,15306.25,0
2021-05-27 09:59:50,15305.5,0
2021-05-27 09:59:51,15305.6,0
2021-05-27 09:59:52,15306.15,0
2021-05-27 09:59:53,15306.15,0
2021-05-27 09:59:54,15305.65,0
2021-05-27 09:59:55,15306.55,0
2021-05-27 09:59:56,15306.4,0
2021-05-27 09:59:57,15305.6,0
2021-05-27 09:59:58,15306.3,0
2021-05-27 09:59:59,15305.85,0
2021-05-27 10:00:00,15306.3,0
2021-05-27 10:00:01,15306.45,0
2021-05-27 10:00:02,15306.35,0
2021-05-27 10:00:03,15306.6,0
2021-05-27 10:00:04,15306.95,0
2021-05-27 10:00:05,15306.75,0
2021-05-27 10:00:06,15307.2,0
2021-05-27 10:00:07,15305.7,0
2021-05-27 10:00:08,15305.9,0
2021-05-27 10:00:09,15306.2,0
2021-05-27 10:00:10,15305.95,0
2021-05-27 10:00:11,15306.0,0
2021-05-27 10:00:12,15306.4,0
2021-05-27 10:00:13,15306.35,0
2021-05-27 10:00:14,15306.85,0
2021-05-27 10:00:15,15306.3,0
2021-05-27 10:00:16,15306.5,0
2021-05-27 10:00:17,15307.05,0
2021-05-27 10:00:18,15306.6,0
2021-05-27 10:00:19,15306.55,0
2021-05-27 10:00:20,15307.5,0
2021-05-27 10:00:21,15307.25,0
2021-05-27 10:00:22,15307.3,0
2021-05-27 10:00:24,15307.65,0
2021-05-27 10:00:25,15307.25,0
2021-05-27 10:00:26,15307.45,0
2021-05-27 10:00:27,15308.05,0
2021-05-27 10:00:29,15308.0,0
2021-05-27 10:00:30,15308.35,0
2021-05-27 10:00:31,15307.75,0
2021-05-27 10:00:32,15307.7,0
2021-05-27 10:00:33,15307.4,0
2021-05-27 10:00:34,15308.0,0
2021-05-27 10:00:35,15308.7,0
2021-05-27 10:00:36,15308.4,0
2021-05-27 10:00:37,15309.15,0
2021-05-27 10:00:38,15308.8,0
2021-05-27 10:00:39,15308.75,0
2021-05-27 10:00:41,15308.2,0
2021-05-27 10:00:42,15308.3,0
2021-05-27 10:00:43,15308.15,0
2021-05-27 10:00:44,15307.9,0
2021-05-27 10:00:45,15308.25,0
2021-05-27 10:00:46,15307.95,0
2021-05-27 10:00:47,15308.45,0
2021-05-27 10:00:48,15308.25,0
2021-05-27 10:00:49,15308.45,0
2021-05-27 10:00:50,15307.85,0
2021-05-27 10:00:51,15307.75,0
2021-05-27 10:00:53,15308.7,0
2021-05-27 10:00:54,15307.85,0
2021-05-27 10:00:55,15309.0,0
2021-05-27 10:00:56,15309.75,0
2021-05-27 10:00:57,15308.95,0
2021-05-27 10:00:58,15309.9,0
2021-05-27 10:00:59,15309.15,0
2021-05-27 10:01:00,15309.3,0
2021-05-27 10:01:01,15309.0,0
2021-05-27 10:01:02,15309.15,0
2021-05-27 10:01:05,15308.25,0
2021-05-27 10:01:04,15308.3,0
2021-05-27 10:01:06,15308.25,0
2021-05-27 10:01:07,15308.6,0
2021-05-27 10:01:08,15308.65,0
2021-05-27 10:01:09,15309.25,0
2021-05-27 10:01:10,15309.0,0
2021-05-27 10:01:13,15309.8,0
2021-05-27 10:01:14,15309.15,0
2021-05-27 10:01:15,15309.5,0
2021-05-27 10:01:16,15310.6,0
2021-05-27 10:01:18,15310.95,0
2021-05-27 10:01:17,15310.9,0
2021-05-27 10:01:21,15310.15,0
2021-05-27 10:01:22,15310.9,0
2021-05-27 10:01:23,15310.5,0
2021-05-27 10:01:24,15310.45,0
2021-05-27 10:01:25,15310.0,0
2021-05-27 10:01:26,15310.35,0
2021-05-27 10:01:27,15309.25,0
2021-05-27 10:01:28,15309.55,0
2021-05-27 10:01:29,15308.95,0
2021-05-27 10:01:31,15309.4,0
2021-05-27 10:01:32,15309.55,0
2021-05-27 10:01:33,15309.35,0
2021-05-27 10:01:34,15309.6,0
2021-05-27 10:01:35,15308.85,0
2021-05-27 10:01:36,15309.5,0
2021-05-27 10:01:37,15309.1,0
2021-05-27 10:01:38,15308.85,0
2021-05-27 10:01:43,15307.55,0
2021-05-27 10:01:44,15307.8,0
2021-05-27 10:01:45,15307.65,0
2021-05-27 10:01:48,15307.3,0
2021-05-27 10:01:49,15307.0,0
2021-05-27 10:01:50,15306.8,0
2021-05-27 10:01:51,15307.2,0
2021-05-27 10:01:52,15306.65,0
2021-05-27 10:01:53,15306.35,0
2021-05-27 10:01:54,15306.6,0
2021-05-27 10:01:55,15307.15,0
2021-05-27 10:01:56,15306.95,0
2021-05-27 10:01:57,15307.25,0
2021-05-27 10:01:58,15307.45,0
2021-05-27 10:01:59,15308.15,0
2021-05-27 10:02:00,15309.45,0
2021-05-27 10:02:01,15309.1,0
2021-05-27 10:02:02,15309.9,0
2021-05-27 10:02:03,15309.05,0
2021-05-27 10:02:04,15309.55,0
2021-05-27 10:02:05,15309.85,0
2021-05-27 10:02:06,15309.2,0
2021-05-27 10:02:07,15309.1,0
2021-05-27 10:02:08,15308.85,0
2021-05-27 10:02:09,15309.3,0
2021-05-27 10:02:10,15308.5,0
2021-05-27 10:02:11,15309.0,0
2021-05-27 10:02:12,15309.2,0
2021-05-27 10:02:13,15309.6,0
2021-05-27 10:02:14,15309.55,0
2021-05-27 10:02:15,15309.05,0
2021-05-27 10:02:16,15308.8,0
2021-05-27 10:02:17,15309.55,0
2021-05-27 10:02:18,15309.0,0
2021-05-27 10:02:19,15309.5,0
2021-05-27 10:02:21,15309.35,0
2021-05-27 10:02:22,15308.8,0
2021-05-27 10:02:25,15309.2,0
2021-05-27 10:02:26,15308.8,0
2021-05-27 10:02:27,15308.8,0
2021-05-27 10:02:28,15308.75,0
2021-05-27 10:02:29,15308.9,0
2021-05-27 10:02:32,15308.35,0
2021-05-27 10:02:33,15308.8,0
2021-05-27 10:02:35,15308.7,0
2021-05-27 10:02:36,15308.9,0
2021-05-27 10:02:38,15307.95,0
2021-05-27 10:02:39,15308.6,0
2021-05-27 10:02:40,15308.65,0
2021-05-27 10:02:43,15308.45,0
2021-05-27 10:02:45,15309.05,0
2021-05-27 10:02:47,15309.3,0
2021-05-27 10:02:48,15309.45,0
2021-05-27 10:02:50,15309.6,0
2021-05-27 10:02:51,15309.15,0
2021-05-27 10:02:52,15309.25,0
2021-05-27 10:02:53,15308.85,0
2021-05-27 10:02:54,15308.75,0
2021-05-27 10:02:55,15308.75,0
2021-05-27 10:02:56,15309.0,0
2021-05-27 10:02:57,15308.2,0
2021-05-27 10:02:58,15308.5,0
2021-05-27 10:02:59,15309.05,0
2021-05-27 10:03:00,15308.15,0
2021-05-27 10:03:01,15308.45,0
2021-05-27 10:03:02,15308.5,0
2021-05-27 10:03:03,15308.6,0
2021-05-27 10:03:04,15309.25,0
2021-05-27 10:03:05,15308.65,0
2021-05-27 10:03:06,15308.3,0
2021-05-27 10:03:07,15308.65,0
2021-05-27 10:03:08,15307.85,0
2021-05-27 10:03:09,15308.55,0
2021-05-27 10:03:10,15308.45,0
2021-05-27 10:03:12,15308.5,0
2021-05-27 10:03:13,15308.7,0
2021-05-27 10:03:15,15309.4,0
2021-05-27 10:03:16,15308.45,0
2021-05-27 10:03:17,15308.55,0
2021-05-27 10:03:18,15308.75,0
2021-05-27 10:03:19,15308.55,0
2021-05-27 10:03:20,15308.65,0
2021-05-27 10:03:22,15309.75,0
2021-05-27 10:03:21,15309.4,0
2021-05-27 10:03:23,15309.45,0
2021-05-27 10:03:24,15308.95,0
2021-05-27 10:03:25,15309.8,0
2021-05-27 10:03:26,15309.95,0
2021-05-27 10:03:27,15309.55,0
2021-05-27 10:03:28,15309.25,0
2021-05-27 10:03:30,15308.25,0
2021-05-27 10:03:31,15308.0,0
2021-05-27 10:03:32,15307.95,0
2021-05-27 10:03:33,15307.95,0
2021-05-27 10:03:34,15308.4,0
2021-05-27 10:03:35,15307.85,0
2021-05-27 10:03:36,15307.9,0
2021-05-27 10:03:37,15307.8,0
2021-05-27 10:03:38,15308.05,0
2021-05-27 10:03:39,15307.7,0
2021-05-27 10:03:40,15307.25,0
2021-05-27 10:03:41,15307.45,0
2021-05-27 10:03:42,15306.65,0
2021-05-27 10:03:44,15307.0,0
2021-05-27 10:03:45,15307.7,0
2021-05-27 10:03:46,15307.6,0
2021-05-27 10:03:47,15307.55,0
2021-05-27 10:03:48,15306.85,0
2021-05-27 10:03:49,15306.45,0
2021-05-27 10:03:50,15306.55,0
2021-05-27 10:03:51,15307.0,0
2021-05-27 10:03:52,15307.5,0
2021-05-27 10:03:53,15307.9,0
2021-05-27 10:03:54,15307.4,0
2021-05-27 10:03:55,15306.75,0
2021-05-27 10:03:56,15306.7,0
2021-05-27 10:03:57,15306.75,0
2021-05-27 10:03:58,15307.45,0
2021-05-27 10:03:59,15307.6,0
2021-05-27 10:04:00,15307.1,0
2021-05-27 10:04:01,15306.4,0
2021-05-27 10:04:02,15307.05,0
2021-05-27 10:04:03,15307.65,0
2021-05-27 10:04:04,15307.3,0
2021-05-27 10:04:05,15306.45,0
2021-05-27 10:04:06,15306.75,0
2021-05-27 10:04:07,15306.8,0
2021-05-27 10:04:08,15307.3,0
2021-05-27 10:04:09,15307.5,0
2021-05-27 10:04:10,15306.8,0
2021-05-27 10:04:11,15307.4,0
2021-05-27 10:04:12,15307.45,0
2021-05-27 10:04:13,15308.45,0
2021-05-27 10:04:14,15308.6,0
2021-05-27 10:04:17,15307.85,0
2021-05-27 10:04:18,15307.85,0
2021-05-27 10:04:19,15308.0,0
2021-05-27 10:04:20,15308.0,0
2021-05-27 10:04:22,15309.3,0
2021-05-27 10:04:23,15308.55,0
2021-05-27 10:04:24,15309.35,0
2021-05-27 10:04:25,15308.8,0
2021-05-27 10:04:26,15308.8,0
2021-05-27 10:04:27,15308.6,0
2021-05-27 10:04:28,15308.35,0
2021-05-27 10:04:29,15308.7,0
2021-05-27 10:04:30,15308.7,0
2021-05-27 10:04:31,15309.1,0
2021-05-27 10:04:32,15309.15,0
2021-05-27 10:04:33,15308.95,0
2021-05-27 10:04:34,15308.55,0
2021-05-27 10:04:35,15308.95,0
2021-05-27 10:04:36,15309.9,0
2021-05-27 10:04:37,15309.75,0
2021-05-27 10:04:38,15309.35,0
2021-05-27 10:04:39,15309.0,0
2021-05-27 10:04:40,15309.15,0
2021-05-27 10:04:41,15309.1,0
2021-05-27 10:04:42,15310.25,0
2021-05-27 10:04:43,15310.0,0
2021-05-27 10:04:44,15310.0,0
2021-05-27 10:04:45,15310.25,0
2021-05-27 10:04:46,15310.55,0
2021-05-27 10:04:47,15309.95,0
2021-05-27 10:04:48,15310.45,0
2021-05-27 10:04:49,15310.45,0
2021-05-27 10:04:51,15312.1,0
2021-05-27 10:04:55,15312.25,0
2021-05-27 10:04:56,15312.15,0
2021-05-27 10:04:57,15312.4,0
2021-05-27 10:04:58,15312.3,0
2021-05-27 10:04:59,15312.65,0
2021-05-27 10:05:00,15313.15,0
2021-05-27 10:05:01,15312.5,0
2021-05-27 10:05:02,15313.25,0
2021-05-27 10:05:03,15312.55,0
2021-05-27 10:05:04,15314.5,0
2021-05-27 10:05:05,15314.05,0
2021-05-27 10:05:06,15314.7,0
2021-05-27 10:05:07,15315.05,0
2021-05-27 10:05:08,15314.85,0
2021-05-27 10:05:09,15314.35,0
2021-05-27 10:05:10,15315.45,0
2021-05-27 10:05:11,15314.65,0
2021-05-27 10:05:12,15316.05,0
2021-05-27 10:05:13,15316.55,0
2021-05-27 10:05:14,15316.9,0
2021-05-27 10:05:15,15317.4,0
2021-05-27 10:05:17,15317.7,0
2021-05-27 10:05:18,15318.7,0
2021-05-27 10:05:19,15319.25,0
2021-05-27 10:05:20,15317.95,0
2021-05-27 10:05:21,15317.7,0
2021-05-27 10:05:22,15318.1,0
2021-05-27 10:05:23,15318.2,0
2021-05-27 10:05:24,15317.65,0
2021-05-27 10:05:25,15316.7,0
2021-05-27 10:05:26,15317.5,0
2021-05-27 10:05:27,15317.7,0
2021-05-27 10:05:28,15317.7,0
2021-05-27 10:05:29,15317.25,0
2021-05-27 10:05:30,15317.5,0
2021-05-27 10:05:31,15316.9,0
2021-05-27 10:05:32,15317.55,0
2021-05-27 10:05:33,15318.25,0
2021-05-27 10:05:34,15317.95,0
2021-05-27 10:05:35,15317.5,0
2021-05-27 10:05:36,15317.5,0
2021-05-27 10:05:37,15317.05,0
2021-05-27 10:05:38,15317.1,0
2021-05-27 10:05:39,15317.45,0
2021-05-27 10:05:40,15317.0,0
2021-05-27 10:05:41,15317.45,0
2021-05-27 10:05:42,15317.0,0
2021-05-27 10:05:43,15316.6,0
2021-05-27 10:05:44,15316.8,0
2021-05-27 10:05:45,15318.25,0
2021-05-27 10:05:46,15316.95,0
2021-05-27 10:05:47,15318.45,0
2021-05-27 10:05:48,15316.55,0
2021-05-27 10:05:49,15316.75,0
2021-05-27 10:05:50,15316.65,0
2021-05-27 10:05:51,15316.9,0
2021-05-27 10:05:52,15317.05,0
2021-05-27 10:05:53,15316.55,0
2021-05-27 10:05:54,15315.7,0
2021-05-27 10:05:55,15317.3,0
2021-05-27 10:05:56,15316.65,0
2021-05-27 10:05:57,15317.25,0
2021-05-27 10:05:58,15316.95,0
2021-05-27 10:05:59,15317.25,0
2021-05-27 10:06:00,15318.0,0
2021-05-27 10:06:01,15316.75,0
2021-05-27 10:06:02,15316.65,0
2021-05-27 10:06:03,15316.7,0
2021-05-27 10:06:04,15316.35,0
2021-05-27 10:06:05,15316.55,0
2021-05-27 10:06:06,15316.8,0
2021-05-27 10:06:07,15316.05,0
2021-05-27 10:06:08,15315.75,0
2021-05-27 10:06:09,15315.9,0
2021-05-27 10:06:10,15315.15,0
2021-05-27 10:06:11,15314.35,0
2021-05-27 10:06:12,15315.25,0
2021-05-27 10:06:13,15314.05,0
2021-05-27 10:06:14,15314.3,0
2021-05-27 10:06:15,15314.1,0
2021-05-27 10:06:16,15314.5,0
2021-05-27 10:06:17,15314.5,0
2021-05-27 10:06:18,15314.45,0
2021-05-27 10:06:19,15313.8,0
2021-05-27 10:06:20,15314.35,0
2021-05-27 10:06:21,15314.4,0
2021-05-27 10:06:22,15314.3,0
2021-05-27 10:06:23,15314.55,0
2021-05-27 10:06:24,15315.35,0
2021-05-27 10:06:25,15315.0,0
2021-05-27 10:06:26,15314.45,0
2021-05-27 10:06:27,15314.4,0
2021-05-27 10:06:28,15314.5,0
2021-05-27 10:06:29,15314.15,0
2021-05-27 10:06:30,15313.8,0
2021-05-27 10:06:32,15314.05,0
2021-05-27 10:06:34,15313.65,0
2021-05-27 10:06:35,15313.5,0
2021-05-27 10:06:36,15313.9,0
2021-05-27 10:06:37,15314.35,0
2021-05-27 10:06:38,15314.5,0
2021-05-27 10:06:39,15314.85,0
2021-05-27 10:06:40,15315.65,0
2021-05-27 10:06:41,15314.45,0
2021-05-27 10:06:42,15316.3,0
2021-05-27 10:06:43,15316.05,0
2021-05-27 10:06:44,15316.4,0
2021-05-27 10:06:45,15316.4,0
2021-05-27 10:06:46,15315.65,0
2021-05-27 10:06:47,15316.0,0
2021-05-27 10:06:48,15316.6,0
2021-05-27 10:06:49,15316.25,0
2021-05-27 10:06:50,15316.55,0
2021-05-27 10:06:51,15316.6,0
2021-05-27 10:06:52,15316.15,0
2021-05-27 10:06:53,15316.3,0
2021-05-27 10:06:54,15316.1,0
2021-05-27 10:06:55,15316.6,0
2021-05-27 10:06:56,15317.5,0
2021-05-27 10:06:57,15317.25,0
2021-05-27 10:06:58,15317.55,0
2021-05-27 10:06:59,15317.15,0
2021-05-27 10:07:00,15317.65,0
2021-05-27 10:07:01,15317.15,0
2021-05-27 10:07:02,15317.6,0
2021-05-27 10:07:03,15317.55,0
2021-05-27 10:07:04,15317.7,0
2021-05-27 10:07:05,15318.8,0
2021-05-27 10:07:06,15319.05,0
2021-05-27 10:07:07,15317.85,0
2021-05-27 10:07:08,15318.5,0
2021-05-27 10:07:09,15318.5,0
2021-05-27 10:07:10,15316.85,0
2021-05-27 10:07:11,15317.35,0
2021-05-27 10:07:12,15317.0,0
2021-05-27 10:07:13,15317.55,0
2021-05-27 10:07:14,15318.05,0
2021-05-27 10:07:17,15316.9,0
2021-05-27 10:07:18,15316.4,0
2021-05-27 10:07:19,15316.6,0
2021-05-27 10:07:20,15315.95,0
2021-05-27 10:07:21,15316.25,0
2021-05-27 10:07:22,15315.8,0
2021-05-27 10:07:23,15316.1,0
2021-05-27 10:07:24,15316.6,0
2021-05-27 10:07:25,15316.9,0
2021-05-27 10:07:26,15315.9,0
2021-05-27 10:07:27,15317.45,0
2021-05-27 10:07:28,15317.8,0
2021-05-27 10:07:29,15317.55,0
2021-05-27 10:07:30,15317.65,0
2021-05-27 10:07:31,15318.25,0
2021-05-27 10:07:32,15318.7,0
2021-05-27 10:07:33,15318.3,0
2021-05-27 10:07:35,15318.35,0
2021-05-27 10:07:36,15318.0,0
2021-05-27 10:07:37,15318.2,0
2021-05-27 10:07:38,15318.35,0
2021-05-27 10:07:39,15317.7,0
2021-05-27 10:07:40,15318.65,0
2021-05-27 10:07:41,15317.75,0
2021-05-27 10:07:42,15319.3,0
2021-05-27 10:07:43,15318.3,0
2021-05-27 10:07:44,15318.2,0
2021-05-27 10:07:45,15318.0,0
2021-05-27 10:07:46,15317.55,0
2021-05-27 10:07:47,15317.6,0
2021-05-27 10:07:48,15317.15,0
2021-05-27 10:07:49,15317.05,0
2021-05-27 10:07:51,15316.15,0
2021-05-27 10:07:52,15316.25,0
2021-05-27 10:07:53,15317.2,0
2021-05-27 10:07:54,15317.25,0
2021-05-27 10:07:55,15317.55,0
2021-05-27 10:07:56,15317.15,0
2021-05-27 10:07:57,15317.4,0
2021-05-27 10:07:58,15317.45,0
2021-05-27 10:07:59,15317.35,0
2021-05-27 10:08:00,15317.5,0
2021-05-27 10:08:01,15317.15,0
2021-05-27 10:08:02,15317.25,0
2021-05-27 10:08:03,15316.55,0
2021-05-27 10:08:04,15316.55,0
2021-05-27 10:08:05,15317.05,0
2021-05-27 10:08:06,15316.8,0
2021-05-27 10:08:07,15316.9,0
2021-05-27 10:08:08,15316.2,0
2021-05-27 10:08:09,15316.9,0
2021-05-27 10:08:10,15315.2,0
2021-05-27 10:08:11,15315.7,0
2021-05-27 10:08:12,15315.6,0
2021-05-27 10:08:13,15314.9,0
2021-05-27 10:08:14,15315.25,0
2021-05-27 10:08:15,15314.8,0
2021-05-27 10:08:16,15314.9,0
2021-05-27 10:08:17,15315.3,0
2021-05-27 10:08:18,15315.2,0
2021-05-27 10:08:19,15314.5,0
2021-05-27 10:08:20,15314.95,0
2021-05-27 10:08:22,15315.15,0
2021-05-27 10:08:23,15315.65,0
2021-05-27 10:08:24,15316.3,0
2021-05-27 10:08:25,15315.45,0
2021-05-27 10:08:26,15315.7,0
2021-05-27 10:08:27,15314.75,0
2021-05-27 10:08:28,15315.95,0
2021-05-27 10:08:29,15314.65,0
2021-05-27 10:08:30,15315.35,0
2021-05-27 10:08:33,15314.9,0
2021-05-27 10:08:36,15314.9,0
2021-05-27 10:08:37,15315.35,0
2021-05-27 10:08:39,15315.6,0
2021-05-27 10:08:40,15315.4,0
2021-05-27 10:08:41,15315.25,0
2021-05-27 10:08:43,15315.25,0
2021-05-27 10:08:44,15316.0,0
2021-05-27 10:08:45,15316.15,0
2021-05-27 10:08:46,15316.75,0
2021-05-27 10:08:47,15317.0,0
2021-05-27 10:08:48,15317.0,0
2021-05-27 10:08:49,15316.95,0
2021-05-27 10:08:50,15316.75,0
2021-05-27 10:08:51,15316.95,0
2021-05-27 10:08:52,15316.9,0
2021-05-27 10:08:53,15317.5,0
2021-05-27 10:08:54,15317.05,0
2021-05-27 10:08:55,15316.9,0
2021-05-27 10:08:56,15317.2,0
2021-05-27 10:08:57,15316.7,0
2021-05-27 10:08:58,15315.85,0
2021-05-27 10:08:59,15316.8,0
2021-05-27 10:09:00,15315.3,0
2021-05-27 10:09:01,15315.95,0
2021-05-27 10:09:02,15315.75,0
2021-05-27 10:09:03,15315.8,0
2021-05-27 10:09:04,15315.4,0
2021-05-27 10:09:05,15316.05,0
2021-05-27 10:09:06,15315.9,0
2021-05-27 10:09:07,15315.5,0
2021-05-27 10:09:08,15315.55,0
2021-05-27 10:09:09,15315.35,0
2021-05-27 10:09:10,15315.2,0
2021-05-27 10:09:11,15315.75,0
2021-05-27 10:09:12,15315.05,0
2021-05-27 10:09:13,15315.05,0
2021-05-27 10:09:14,15313.4,0
2021-05-27 10:09:15,15313.9,0
2021-05-27 10:09:16,15313.4,0
2021-05-27 10:09:17,15312.35,0
2021-05-27 10:09:18,15311.8,0
2021-05-27 10:09:19,15312.25,0
2021-05-27 10:09:21,15313.4,0
2021-05-27 10:09:22,15314.5,0
2021-05-27 10:09:23,15313.95,0
2021-05-27 10:09:24,15313.75,0
2021-05-27 10:09:25,15314.7,0
2021-05-27 10:09:26,15312.65,0
2021-05-27 10:09:27,15313.85,0
2021-05-27 10:09:28,15313.8,0
2021-05-27 10:09:29,15314.15,0
2021-05-27 10:09:30,15313.85,0
2021-05-27 10:09:31,15314.05,0
2021-05-27 10:09:32,15313.65,0
2021-05-27 10:09:33,15314.05,0
2021-05-27 10:09:34,15314.5,0
2021-05-27 10:09:35,15313.55,0
2021-05-27 10:09:36,15313.7,0
2021-05-27 10:09:37,15313.65,0
2021-05-27 10:09:38,15312.65,0
2021-05-27 10:09:39,15313.0,0
2021-05-27 10:09:40,15313.1,0
2021-05-27 10:09:41,15313.5,0
2021-05-27 10:09:42,15313.45,0
2021-05-27 10:09:43,15313.1,0
2021-05-27 10:09:44,15313.7,0
2021-05-27 10:09:45,15313.4,0
2021-05-27 10:09:46,15313.2,0
2021-05-27 10:09:47,15313.35,0
2021-05-27 10:09:48,15312.85,0
2021-05-27 10:09:49,15313.0,0
2021-05-27 10:09:50,15311.6,0
2021-05-27 10:09:51,15312.4,0
2021-05-27 10:09:52,15313.3,0
2021-05-27 10:09:53,15312.4,0
2021-05-27 10:09:54,15312.65,0
2021-05-27 10:09:55,15310.3,0
2021-05-27 10:09:56,15310.6,0
2021-05-27 10:09:57,15311.15,0
2021-05-27 10:09:58,15311.2,0
2021-05-27 10:09:59,15311.75,0
2021-05-27 10:10:00,15311.95,0
2021-05-27 10:10:01,15312.5,0
2021-05-27 10:10:02,15312.65,0
2021-05-27 10:10:03,15312.1,0
2021-05-27 10:10:04,15311.5,0
2021-05-27 10:10:05,15312.15,0
2021-05-27 10:10:06,15312.7,0
2021-05-27 10:10:07,15312.6,0
2021-05-27 10:10:08,15312.05,0
2021-05-27 10:10:09,15312.55,0
2021-05-27 10:10:10,15312.35,0
2021-05-27 10:10:11,15311.8,0
2021-05-27 10:10:12,15312.05,0
2021-05-27 10:10:13,15311.05,0
2021-05-27 10:10:14,15312.0,0
2021-05-27 10:10:15,15311.2,0
2021-05-27 10:10:16,15310.7,0
2021-05-27 10:10:17,15311.2,0
2021-05-27 10:10:18,15311.25,0
2021-05-27 10:10:19,15309.85,0
2021-05-27 10:10:20,15309.75,0
2021-05-27 10:10:21,15311.25,0
2021-05-27 10:10:22,15311.25,0
2021-05-27 10:10:23,15309.7,0
2021-05-27 10:10:24,15310.65,0
2021-05-27 10:10:25,15310.1,0
2021-05-27 10:10:26,15309.55,0
2021-05-27 10:10:28,15308.8,0
2021-05-27 10:10:29,15308.35,0
2021-05-27 10:10:30,15308.25,0
2021-05-27 10:10:31,15307.75,0
2021-05-27 10:10:32,15309.45,0
2021-05-27 10:10:35,15309.7,0
2021-05-27 10:10:37,15309.3,0
2021-05-27 10:10:38,15309.2,0
2021-05-27 10:10:39,15309.3,0
2021-05-27 10:10:41,15309.25,0
2021-05-27 10:10:42,15309.55,0
2021-05-27 10:10:43,15308.55,0
2021-05-27 10:10:44,15308.9,0
2021-05-27 10:10:45,15310.0,0
2021-05-27 10:10:46,15309.75,0
2021-05-27 10:10:48,15310.15,0
2021-05-27 10:10:49,15309.6,0
2021-05-27 10:10:51,15310.05,0
2021-05-27 10:10:52,15311.0,0
2021-05-27 10:10:53,15309.85,0
2021-05-27 10:10:54,15310.3,0
2021-05-27 10:10:55,15310.05,0
2021-05-27 10:10:56,15310.2,0
2021-05-27 10:10:57,15310.65,0
2021-05-27 10:10:58,15310.0,0
2021-05-27 10:10:59,15310.05,0
2021-05-27 10:11:00,15309.5,0
2021-05-27 10:11:01,15311.0,0
2021-05-27 10:11:02,15310.65,0
2021-05-27 10:11:03,15310.5,0
2021-05-27 10:11:04,15310.6,0
2021-05-27 10:11:05,15310.95,0
2021-05-27 10:11:06,15310.1,0
2021-05-27 10:11:07,15310.8,0
2021-05-27 10:11:08,15310.25,0
2021-05-27 10:11:09,15310.9,0
2021-05-27 10:11:10,15310.95,0
2021-05-27 10:11:11,15311.25,0
2021-05-27 10:11:12,15311.1,0
2021-05-27 10:11:13,15311.35,0
2021-05-27 10:11:14,15311.3,0
2021-05-27 10:11:15,15310.25,0
2021-05-27 10:11:16,15311.45,0
2021-05-27 10:11:17,15311.55,0
2021-05-27 10:11:18,15310.45,0
2021-05-27 10:11:19,15310.3,0
2021-05-27 10:11:20,15310.45,0
2021-05-27 10:11:22,15311.35,0
2021-05-27 10:11:23,15311.7,0
2021-05-27 10:11:24,15310.7,0
2021-05-27 10:11:25,15310.75,0
2021-05-27 10:11:26,15311.5,0
2021-05-27 10:11:27,15311.55,0
2021-05-27 10:11:28,15311.05,0
2021-05-27 10:11:29,15311.95,0
2021-05-27 10:11:30,15311.75,0
2021-05-27 10:11:31,15311.1,0
2021-05-27 10:11:32,15310.3,0
2021-05-27 10:11:33,15310.3,0
2021-05-27 10:11:34,15310.45,0
2021-05-27 10:11:35,15310.15,0
2021-05-27 10:11:36,15311.1,0
2021-05-27 10:11:37,15311.7,0
2021-05-27 10:11:38,15309.85,0
2021-05-27 10:11:39,15310.25,0
2021-05-27 10:11:40,15311.1,0
2021-05-27 10:11:41,15310.55,0
2021-05-27 10:11:42,15310.8,0
2021-05-27 10:11:43,15310.6,0
2021-05-27 10:11:44,15311.25,0
2021-05-27 10:11:45,15310.95,0
2021-05-27 10:11:46,15311.35,0
2021-05-27 10:11:47,15312.25,0
2021-05-27 10:11:48,15312.75,0
2021-05-27 10:11:50,15313.1,0
2021-05-27 10:11:51,15314.0,0
2021-05-27 10:11:53,15315.15,0
2021-05-27 10:11:54,15313.35,0
2021-05-27 10:11:55,15314.3,0
2021-05-27 10:11:56,15314.45,0
2021-05-27 10:11:57,15315.15,0
2021-05-27 10:11:58,15315.15,0
2021-05-27 10:11:59,15315.6,0
2021-05-27 10:12:00,15314.25,0
2021-05-27 10:12:01,15315.6,0
2021-05-27 10:12:02,15314.8,0
2021-05-27 10:12:03,15315.65,0
2021-05-27 10:12:04,15315.55,0
2021-05-27 10:12:05,15314.75,0
2021-05-27 10:12:06,15315.0,0
2021-05-27 10:12:07,15315.2,0
2021-05-27 10:12:08,15315.0,0
2021-05-27 10:12:09,15314.9,0
2021-05-27 10:12:10,15315.8,0
2021-05-27 10:12:11,15315.75,0
2021-05-27 10:12:12,15315.5,0
2021-05-27 10:12:13,15314.5,0
2021-05-27 10:12:14,15314.75,0
2021-05-27 10:12:15,15316.1,0
2021-05-27 10:12:16,15315.4,0
2021-05-27 10:12:17,15315.8,0
2021-05-27 10:12:18,15315.4,0
2021-05-27 10:12:19,15316.05,0
2021-05-27 10:12:20,15316.05,0
2021-05-27 10:12:21,15316.25,0
2021-05-27 10:12:22,15315.85,0
2021-05-27 10:12:23,15316.65,0
2021-05-27 10:12:24,15316.15,0
2021-05-27 10:12:26,15315.85,0
2021-05-27 10:12:27,15316.05,0
2021-05-27 10:12:28,15316.65,0
2021-05-27 10:12:29,15317.05,0
2021-05-27 10:12:30,15316.3,0
2021-05-27 10:12:32,15316.5,0
2021-05-27 10:12:33,15316.0,0
2021-05-27 10:12:35,15316.65,0
2021-05-27 10:12:36,15316.25,0
2021-05-27 10:12:37,15316.1,0
2021-05-27 10:12:38,15316.15,0
2021-05-27 10:12:39,15315.35,0
2021-05-27 10:12:41,15315.8,0
2021-05-27 10:12:42,15315.75,0
2021-05-27 10:12:43,15315.7,0
2021-05-27 10:12:44,15316.15,0
2021-05-27 10:12:45,15315.2,0
2021-05-27 10:12:46,15315.25,0
2021-05-27 10:12:48,15314.75,0
2021-05-27 10:12:49,15313.95,0
2021-05-27 10:12:51,15313.5,0
2021-05-27 10:12:52,15313.45,0
2021-05-27 10:12:53,15312.6,0
2021-05-27 10:12:54,15313.7,0
2021-05-27 10:12:56,15313.25,0
2021-05-27 10:12:57,15313.6,0
2021-05-27 10:12:58,15314.25,0
2021-05-27 10:12:59,15313.85,0
2021-05-27 10:13:00,15314.6,0
2021-05-27 10:13:01,15314.1,0
2021-05-27 10:13:02,15314.1,0
2021-05-27 10:13:04,15314.2,0
2021-05-27 10:13:05,15314.3,0
2021-05-27 10:13:06,15314.1,0
2021-05-27 10:13:07,15314.15,0
2021-05-27 10:13:08,15314.65,0
2021-05-27 10:13:09,15315.3,0
2021-05-27 10:13:10,15315.15,0
2021-05-27 10:13:11,15314.25,0
2021-05-27 10:13:12,15314.7,0
2021-05-27 10:13:14,15315.15,0
2021-05-27 10:13:16,15315.65,0
2021-05-27 10:13:17,15314.95,0
2021-05-27 10:13:18,15314.5,0
2021-05-27 10:13:19,15314.3,0
2021-05-27 10:13:20,15314.1,0
2021-05-27 10:13:21,15314.7,0
2021-05-27 10:13:22,15314.6,0
2021-05-27 10:13:23,15314.0,0
2021-05-27 10:13:24,15314.2,0
2021-05-27 10:13:25,15315.0,0
2021-05-27 10:13:26,15314.3,0
2021-05-27 10:13:27,15313.55,0
2021-05-27 10:13:28,15314.1,0
2021-05-27 10:13:29,15313.65,0
2021-05-27 10:13:30,15312.8,0
2021-05-27 10:13:31,15312.6,0
2021-05-27 10:13:32,15312.45,0
2021-05-27 10:13:33,15312.35,0
2021-05-27 10:13:34,15312.5,0
2021-05-27 10:13:35,15311.3,0
2021-05-27 10:13:36,15311.7,0
2021-05-27 10:13:37,15311.4,0
2021-05-27 10:13:38,15311.75,0
2021-05-27 10:13:39,15311.7,0
2021-05-27 10:13:40,15311.05,0
2021-05-27 10:13:41,15310.1,0
2021-05-27 10:13:42,15310.65,0
2021-05-27 10:13:43,15311.0,0
2021-05-27 10:13:44,15310.0,0
2021-05-27 10:13:45,15310.1,0
2021-05-27 10:13:46,15309.75,0
2021-05-27 10:13:47,15309.4,0
2021-05-27 10:13:48,15309.2,0
2021-05-27 10:13:49,15310.15,0
2021-05-27 10:13:50,15310.25,0
2021-05-27 10:13:52,15311.15,0
2021-05-27 10:13:51,15311.05,0
2021-05-27 10:13:53,15311.7,0
2021-05-27 10:13:54,15312.45,0
2021-05-27 10:13:55,15311.45,0
2021-05-27 10:13:56,15312.05,0
2021-05-27 10:13:57,15312.05,0
2021-05-27 10:13:58,15312.6,0
2021-05-27 10:13:59,15312.7,0
2021-05-27 10:14:00,15312.95,0
2021-05-27 10:14:01,15312.1,0
2021-05-27 10:14:02,15311.85,0
2021-05-27 10:14:03,15311.5,0
2021-05-27 10:14:04,15312.5,0
2021-05-27 10:14:05,15312.2,0
2021-05-27 10:14:06,15311.5,0
2021-05-27 10:14:07,15311.75,0
2021-05-27 10:14:08,15312.0,0
2021-05-27 10:14:09,15311.6,0
2021-05-27 10:14:10,15311.45,0
2021-05-27 10:14:11,15311.5,0
2021-05-27 10:14:12,15311.3,0
2021-05-27 10:14:14,15311.25,0
2021-05-27 10:14:15,15311.15,0
2021-05-27 10:14:16,15311.4,0
2021-05-27 10:14:17,15310.95,0
2021-05-27 10:14:18,15312.2,0
2021-05-27 10:14:19,15311.95,0
2021-05-27 10:14:20,15312.0,0
2021-05-27 10:14:21,15311.85,0
2021-05-27 10:14:22,15311.8,0
2021-05-27 10:14:23,15312.15,0
2021-05-27 10:14:24,15311.2,0
2021-05-27 10:14:25,15311.6,0
2021-05-27 10:14:26,15311.4,0
2021-05-27 10:14:27,15311.15,0
2021-05-27 10:14:28,15312.0,0
2021-05-27 10:14:29,15312.2,0
2021-05-27 10:14:30,15312.4,0
2021-05-27 10:14:31,15312.15,0
2021-05-27 10:14:32,15312.75,0
2021-05-27 10:14:33,15312.75,0
2021-05-27 10:14:34,15312.9,0
2021-05-27 10:14:35,15312.75,0
2021-05-27 10:14:36,15312.95,0
2021-05-27 10:14:37,15313.1,0
2021-05-27 10:14:38,15313.2,0
2021-05-27 10:14:39,15313.5,0
2021-05-27 10:14:40,15313.45,0
2021-05-27 10:14:41,15314.45,0
2021-05-27 10:14:43,15314.15,0
2021-05-27 10:14:44,15315.1,0
2021-05-27 10:14:45,15315.15,0
2021-05-27 10:14:46,15314.85,0
2021-05-27 10:14:47,15314.7,0
2021-05-27 10:14:48,15315.1,0
2021-05-27 10:14:49,15314.8,0
2021-05-27 10:14:51,15314.6,0
2021-05-27 10:14:52,15314.65,0
2021-05-27 10:14:53,15314.25,0
2021-05-27 10:14:55,15314.7,0
2021-05-27 10:14:56,15313.85,0
2021-05-27 10:14:58,15313.95,0
2021-05-27 10:14:59,15314.5,0
2021-05-27 10:15:00,15314.4,0
2021-05-27 10:15:01,15314.6,0
2021-05-27 10:15:02,15314.65,0
2021-05-27 10:15:03,15314.15,0
2021-05-27 10:15:04,15314.1,0
2021-05-27 10:15:05,15315.25,0
2021-05-27 10:15:08,15314.6,0
2021-05-27 10:15:09,15313.85,0
2021-05-27 10:15:10,15313.7,0
2021-05-27 10:15:11,15314.25,0
2021-05-27 10:15:13,15314.1,0
2021-05-27 10:15:14,15314.15,0
2021-05-27 10:15:17,15312.55,0
2021-05-27 10:15:18,15312.2,0
2021-05-27 10:15:19,15312.4,0
2021-05-27 10:15:20,15312.8,0
2021-05-27 10:15:21,15312.2,0
2021-05-27 10:15:22,15312.05,0
2021-05-27 10:15:23,15312.95,0
2021-05-27 10:15:24,15312.6,0
2021-05-27 10:15:25,15312.95,0
2021-05-27 10:15:26,15311.55,0
2021-05-27 10:15:27,15312.2,0
