timestamp,ltp,volume
2021-05-11 09:14:59,14112.65,0
2021-05-11 09:15:00,14112.65,0
2021-05-11 09:15:01,14107.8,0
2021-05-11 09:15:02,14103.65,0
2021-05-11 09:15:03,14094.55,0
2021-05-11 09:15:04,14097.55,0
2021-05-11 09:15:05,14088.15,0
2021-05-11 09:15:06,14093.95,0
2021-05-11 09:15:07,14083.6,0
2021-05-11 09:15:09,14084.0,0
2021-05-11 09:15:10,14078.85,0
2021-05-11 09:15:11,14081.35,0
2021-05-11 09:15:12,14081.05,0
2021-05-11 09:15:13,14080.5,0
2021-05-11 09:15:14,14082.05,0
2021-05-11 09:15:15,14086.75,0
2021-05-11 09:15:16,14082.1,0
2021-05-11 09:15:17,14084.5,0
2021-05-11 09:15:18,14086.75,0
2021-05-11 09:15:20,14094.15,0
2021-05-11 09:15:21,14092.5,0
2021-05-11 09:15:22,14093.75,0
2021-05-11 09:15:23,14095.4,0
2021-05-11 09:15:24,14095.1,0
2021-05-11 09:15:25,14097.55,0
2021-05-11 09:15:26,14109.65,0
2021-05-11 09:15:27,14108.75,0
2021-05-11 09:15:28,14110.5,0
2021-05-11 09:15:29,14113.75,0
2021-05-11 09:15:31,14120.25,0
2021-05-11 09:15:32,14124.1,0
2021-05-11 09:15:33,14120.65,0
2021-05-11 09:15:34,14123.85,0
2021-05-11 09:15:35,14122.1,0
2021-05-11 09:15:36,14120.8,0
2021-05-11 09:15:37,14122.05,0
2021-05-11 09:15:38,14117.8,0
2021-05-11 09:15:39,14120.75,0
2021-05-11 09:15:40,14134.35,0
2021-05-11 09:15:41,14140.3,0
2021-05-11 09:15:42,14138.0,0
2021-05-11 09:15:44,14144.35,0
2021-05-11 09:15:45,14147.5,0
2021-05-11 09:15:46,14149.8,0
2021-05-11 09:15:47,14148.45,0
2021-05-11 09:15:48,14146.6,0
2021-05-11 09:15:49,14145.65,0
2021-05-11 09:15:50,14149.25,0
2021-05-11 09:15:52,14152.8,0
2021-05-11 09:15:53,14152.25,0
2021-05-11 09:15:54,14154.95,0
2021-05-11 09:15:55,14158.2,0
2021-05-11 09:15:58,14171.15,0
2021-05-11 09:15:59,14172.3,0
2021-05-11 09:16:00,14173.75,0
2021-05-11 09:16:01,14176.1,0
2021-05-11 09:16:02,14177.85,0
2021-05-11 09:16:03,14177.7,0
2021-05-11 09:16:04,14179.45,0
2021-05-11 09:16:05,14182.4,0
2021-05-11 09:16:06,14182.05,0
2021-05-11 09:16:07,14188.4,0
2021-05-11 09:16:08,14186.05,0
2021-05-11 09:16:09,14190.5,0
2021-05-11 09:16:11,14194.15,0
2021-05-11 09:16:12,14192.85,0
2021-05-11 09:16:13,14193.3,0
2021-05-11 09:16:14,14193.45,0
2021-05-11 09:16:15,14196.4,0
2021-05-11 09:16:16,14197.05,0
2021-05-11 09:16:17,14201.15,0
2021-05-11 09:16:18,14193.45,0
2021-05-11 09:16:20,14193.95,0
2021-05-11 09:16:21,14196.4,0
2021-05-11 09:16:22,14192.0,0
2021-05-11 09:16:23,14192.2,0
2021-05-11 09:16:24,14194.75,0
2021-05-11 09:16:25,14195.6,0
2021-05-11 09:16:26,14194.15,0
2021-05-11 09:16:27,14196.8,0
2021-05-11 09:16:28,14192.6,0
2021-05-11 09:16:29,14193.45,0
2021-05-11 09:16:30,14199.55,0
2021-05-11 09:16:31,14201.15,0
2021-05-11 09:16:32,14188.6,0
2021-05-11 09:16:33,14191.8,0
2021-05-11 09:16:34,14189.85,0
2021-05-11 09:16:35,14189.2,0
2021-05-11 09:16:36,14188.05,0
2021-05-11 09:16:37,14167.65,0
2021-05-11 09:16:38,14168.45,0
2021-05-11 09:16:39,14171.4,0
2021-05-11 09:16:40,14170.7,0
2021-05-11 09:16:41,14168.0,0
2021-05-11 09:16:42,14174.75,0
2021-05-11 09:16:43,14181.15,0
2021-05-11 09:16:44,14179.65,0
2021-05-11 09:16:45,14182.45,0
2021-05-11 09:16:46,14186.8,0
2021-05-11 09:16:47,14183.25,0
2021-05-11 09:16:48,14184.25,0
2021-05-11 09:16:49,14182.05,0
2021-05-11 09:16:50,14183.2,0
2021-05-11 09:16:51,14184.2,0
2021-05-11 09:16:52,14183.6,0
2021-05-11 09:16:53,14184.4,0
2021-05-11 09:16:54,14181.05,0
2021-05-11 09:16:55,14189.25,0
2021-05-11 09:16:57,14188.8,0
2021-05-11 09:16:59,14190.0,0
2021-05-11 09:17:01,14198.0,0
2021-05-11 09:17:03,14196.15,0
2021-05-11 09:17:06,14196.95,0
2021-05-11 09:17:07,14195.6,0
2021-05-11 09:17:08,14195.45,0
2021-05-11 09:17:09,14199.15,0
2021-05-11 09:17:10,14202.45,0
2021-05-11 09:17:11,14197.45,0
2021-05-11 09:17:12,14199.5,0
2021-05-11 09:17:13,14199.1,0
2021-05-11 09:17:15,14199.95,0
2021-05-11 09:17:16,14195.65,0
2021-05-11 09:17:17,14195.5,0
2021-05-11 09:17:18,14199.3,0
2021-05-11 09:17:19,14195.75,0
2021-05-11 09:17:20,14193.1,0
2021-05-11 09:17:21,14194.8,0
2021-05-11 09:17:22,14187.3,0
2021-05-11 09:17:23,14193.35,0
2021-05-11 09:17:24,14197.35,0
2021-05-11 09:17:25,14196.55,0
2021-05-11 09:17:26,14193.45,0
2021-05-11 09:17:27,14195.85,0
2021-05-11 09:17:28,14194.8,0
2021-05-11 09:17:29,14178.8,0
2021-05-11 09:17:30,14178.4,0
2021-05-11 09:17:31,14182.15,0
2021-05-11 09:17:33,14185.95,0
2021-05-11 09:17:34,14187.25,0
2021-05-11 09:17:35,14189.75,0
2021-05-11 09:17:36,14189.7,0
2021-05-11 09:17:38,14183.8,0
2021-05-11 09:17:39,14189.7,0
2021-05-11 09:17:40,14186.1,0
2021-05-11 09:17:41,14187.85,0
2021-05-11 09:17:42,14185.85,0
2021-05-11 09:17:43,14188.55,0
2021-05-11 09:17:44,14185.1,0
2021-05-11 09:17:45,14188.5,0
2021-05-11 09:17:46,14192.3,0
2021-05-11 09:17:47,14194.0,0
2021-05-11 09:17:48,14194.4,0
2021-05-11 09:17:49,14196.0,0
2021-05-11 09:17:51,14200.2,0
2021-05-11 09:17:52,14198.95,0
2021-05-11 09:17:53,14197.05,0
2021-05-11 09:17:54,14194.25,0
2021-05-11 09:17:55,14189.05,0
2021-05-11 09:17:56,14189.1,0
2021-05-11 09:17:58,14193.75,0
2021-05-11 09:17:59,14192.2,0
2021-05-11 09:18:00,14191.5,0
2021-05-11 09:18:01,14188.55,0
2021-05-11 09:18:02,14188.8,0
2021-05-11 09:18:03,14188.7,0
2021-05-11 09:18:04,14189.65,0
2021-05-11 09:18:05,14188.1,0
2021-05-11 09:18:06,14188.9,0
2021-05-11 09:18:07,14187.6,0
2021-05-11 09:18:08,14187.45,0
2021-05-11 09:18:10,14187.1,0
2021-05-11 09:18:11,14185.25,0
2021-05-11 09:18:12,14181.9,0
2021-05-11 09:18:13,14180.25,0
2021-05-11 09:18:14,14182.05,0
2021-05-11 09:18:15,14181.75,0
2021-05-11 09:18:16,14183.0,0
2021-05-11 09:18:18,14183.85,0
2021-05-11 09:18:19,14182.25,0
2021-05-11 09:18:20,14183.55,0
2021-05-11 09:18:21,14180.55,0
2021-05-11 09:18:22,14172.3,0
2021-05-11 09:18:23,14176.4,0
2021-05-11 09:18:24,14176.6,0
2021-05-11 09:18:25,14174.35,0
2021-05-11 09:18:26,14162.05,0
2021-05-11 09:18:27,14163.3,0
2021-05-11 09:18:28,14167.55,0
2021-05-11 09:18:29,14168.65,0
2021-05-11 09:18:30,14167.1,0
2021-05-11 09:18:31,14171.0,0
2021-05-11 09:18:32,14170.5,0
2021-05-11 09:18:33,14173.1,0
2021-05-11 09:18:34,14169.05,0
2021-05-11 09:18:35,14168.4,0
2021-05-11 09:18:36,14169.55,0
2021-05-11 09:18:37,14180.7,0
2021-05-11 09:18:38,14180.5,0
2021-05-11 09:18:39,14180.3,0
2021-05-11 09:18:42,14177.6,0
2021-05-11 09:18:43,14176.4,0
2021-05-11 09:18:44,14173.3,0
2021-05-11 09:18:45,14176.1,0
2021-05-11 09:18:46,14173.45,0
2021-05-11 09:18:47,14178.35,0
2021-05-11 09:18:48,14177.95,0
2021-05-11 09:18:49,14179.45,0
2021-05-11 09:18:50,14179.05,0
2021-05-11 09:18:51,14179.15,0
2021-05-11 09:18:52,14180.25,0
2021-05-11 09:18:53,14178.35,0
2021-05-11 09:18:54,14176.7,0
2021-05-11 09:18:55,14176.4,0
2021-05-11 09:18:56,14177.95,0
2021-05-11 09:18:57,14179.2,0
2021-05-11 09:18:58,14173.15,0
2021-05-11 09:18:59,14173.85,0
2021-05-11 09:19:00,14180.3,0
2021-05-11 09:19:01,14181.25,0
2021-05-11 09:19:02,14182.85,0
2021-05-11 09:19:03,14180.2,0
2021-05-11 09:19:06,14182.55,0
2021-05-11 09:19:07,14184.1,0
2021-05-11 09:19:08,14184.65,0
2021-05-11 09:19:09,14183.8,0
2021-05-11 09:19:10,14182.95,0
2021-05-11 09:19:11,14183.85,0
2021-05-11 09:19:12,14183.35,0
2021-05-11 09:19:13,14183.85,0
2021-05-11 09:19:14,14186.4,0
2021-05-11 09:19:15,14181.05,0
2021-05-11 09:19:16,14182.2,0
2021-05-11 09:19:17,14182.55,0
2021-05-11 09:19:18,14184.55,0
2021-05-11 09:19:19,14186.1,0
2021-05-11 09:19:20,14184.8,0
2021-05-11 09:19:21,14180.45,0
2021-05-11 09:19:22,14185.35,0
2021-05-11 09:19:23,14183.05,0
2021-05-11 09:19:24,14187.35,0
2021-05-11 09:19:27,14186.5,0
2021-05-11 09:19:28,14186.3,0
2021-05-11 09:19:29,14188.45,0
2021-05-11 09:19:30,14189.9,0
2021-05-11 09:19:31,14191.45,0
2021-05-11 09:19:32,14191.2,0
2021-05-11 09:19:33,14191.9,0
2021-05-11 09:19:34,14191.35,0
2021-05-11 09:19:35,14191.7,0
2021-05-11 09:19:36,14190.0,0
2021-05-11 09:19:37,14191.65,0
2021-05-11 09:19:38,14190.45,0
2021-05-11 09:19:39,14190.05,0
2021-05-11 09:19:40,14184.8,0
2021-05-11 09:19:41,14186.85,0
2021-05-11 09:19:42,14184.95,0
2021-05-11 09:19:43,14186.05,0
2021-05-11 09:19:45,14183.65,0
2021-05-11 09:19:46,14180.7,0
2021-05-11 09:19:47,14182.8,0
2021-05-11 09:19:48,14183.85,0
2021-05-11 09:19:49,14184.65,0
2021-05-11 09:19:50,14184.4,0
2021-05-11 09:19:51,14184.8,0
2021-05-11 09:19:52,14186.9,0
2021-05-11 09:19:53,14189.55,0
2021-05-11 09:19:54,14188.0,0
2021-05-11 09:19:55,14188.8,0
2021-05-11 09:19:56,14188.25,0
2021-05-11 09:19:57,14187.1,0
2021-05-11 09:19:58,14187.3,0
2021-05-11 09:19:59,14190.0,0
2021-05-11 09:20:00,14189.15,0
2021-05-11 09:20:01,14188.9,0
2021-05-11 09:20:02,14191.7,0
2021-05-11 09:20:03,14192.4,0
2021-05-11 09:20:04,14190.1,0
2021-05-11 09:20:05,14188.05,0
2021-05-11 09:20:06,14190.45,0
2021-05-11 09:20:07,14188.25,0
2021-05-11 09:20:08,14187.35,0
2021-05-11 09:20:09,14186.55,0
2021-05-11 09:20:10,14183.65,0
2021-05-11 09:20:11,14184.75,0
2021-05-11 09:20:13,14183.6,0
2021-05-11 09:20:14,14183.6,0
2021-05-11 09:20:15,14180.95,0
2021-05-11 09:20:16,14181.7,0
2021-05-11 09:20:17,14180.8,0
2021-05-11 09:20:18,14182.45,0
2021-05-11 09:20:19,14179.4,0
2021-05-11 09:20:20,14178.2,0
2021-05-11 09:20:22,14170.45,0
2021-05-11 09:20:23,14172.5,0
2021-05-11 09:20:24,14172.25,0
2021-05-11 09:20:25,14170.65,0
2021-05-11 09:20:26,14172.85,0
2021-05-11 09:20:27,14173.4,0
2021-05-11 09:20:28,14177.15,0
2021-05-11 09:20:29,14174.95,0
2021-05-11 09:20:30,14174.35,0
2021-05-11 09:20:31,14176.4,0
2021-05-11 09:20:32,14176.5,0
2021-05-11 09:20:33,14173.7,0
2021-05-11 09:20:34,14175.0,0
2021-05-11 09:20:36,14174.05,0
2021-05-11 09:20:37,14175.25,0
2021-05-11 09:20:38,14170.7,0
2021-05-11 09:20:39,14174.35,0
2021-05-11 09:20:40,14175.35,0
2021-05-11 09:20:41,14172.9,0
2021-05-11 09:20:42,14172.5,0
2021-05-11 09:20:44,14172.55,0
2021-05-11 09:20:45,14170.25,0
2021-05-11 09:20:46,14180.55,0
2021-05-11 09:20:47,14180.5,0
2021-05-11 09:20:48,14179.0,0
2021-05-11 09:20:49,14180.4,0
2021-05-11 09:20:50,14180.75,0
2021-05-11 09:20:52,14177.0,0
2021-05-11 09:20:54,14178.75,0
2021-05-11 09:20:55,14178.3,0
2021-05-11 09:20:57,14178.75,0
2021-05-11 09:20:58,14174.2,0
2021-05-11 09:20:59,14173.5,0
2021-05-11 09:21:00,14175.1,0
2021-05-11 09:21:01,14174.65,0
2021-05-11 09:21:02,14174.0,0
2021-05-11 09:21:03,14178.5,0
2021-05-11 09:21:04,14176.75,0
2021-05-11 09:21:05,14177.2,0
2021-05-11 09:21:06,14176.45,0
2021-05-11 09:21:07,14174.7,0
2021-05-11 09:21:08,14172.75,0
2021-05-11 09:21:09,14173.15,0
2021-05-11 09:21:10,14173.65,0
2021-05-11 09:21:12,14175.75,0
2021-05-11 09:21:13,14175.1,0
2021-05-11 09:21:15,14176.15,0
2021-05-11 09:21:16,14179.75,0
2021-05-11 09:21:17,14177.55,0
2021-05-11 09:21:18,14172.15,0
2021-05-11 09:21:19,14173.75,0
2021-05-11 09:21:20,14175.8,0
2021-05-11 09:21:21,14176.95,0
2021-05-11 09:21:22,14179.25,0
2021-05-11 09:21:23,14180.05,0
2021-05-11 09:21:24,14181.65,0
2021-05-11 09:21:25,14180.45,0
2021-05-11 09:21:26,14182.55,0
2021-05-11 09:21:27,14183.05,0
2021-05-11 09:21:28,14179.85,0
2021-05-11 09:21:29,14181.7,0
2021-05-11 09:21:30,14180.6,0
2021-05-11 09:21:31,14181.2,0
2021-05-11 09:21:32,14183.35,0
2021-05-11 09:21:33,14182.7,0
2021-05-11 09:21:34,14183.7,0
2021-05-11 09:21:35,14181.05,0
2021-05-11 09:21:36,14181.8,0
2021-05-11 09:21:37,14181.8,0
2021-05-11 09:21:39,14181.35,0
2021-05-11 09:21:40,14182.2,0
2021-05-11 09:21:41,14180.8,0
2021-05-11 09:21:42,14180.75,0
2021-05-11 09:21:43,14181.2,0
2021-05-11 09:21:44,14180.95,0
2021-05-11 09:21:45,14181.05,0
2021-05-11 09:21:46,14181.35,0
2021-05-11 09:21:47,14176.85,0
2021-05-11 09:21:48,14178.6,0
2021-05-11 09:21:49,14176.4,0
2021-05-11 09:21:50,14173.85,0
2021-05-11 09:21:51,14173.25,0
2021-05-11 09:21:52,14173.75,0
2021-05-11 09:21:53,14172.75,0
2021-05-11 09:21:54,14175.1,0
2021-05-11 09:21:55,14176.4,0
2021-05-11 09:21:56,14176.8,0
2021-05-11 09:21:57,14175.6,0
2021-05-11 09:21:58,14175.0,0
2021-05-11 09:21:59,14175.4,0
2021-05-11 09:22:00,14171.4,0
2021-05-11 09:22:01,14172.6,0
2021-05-11 09:22:02,14173.15,0
2021-05-11 09:22:03,14172.3,0
2021-05-11 09:22:04,14172.1,0
2021-05-11 09:22:05,14173.55,0
2021-05-11 09:22:06,14173.35,0
2021-05-11 09:22:07,14171.4,0
2021-05-11 09:22:08,14172.5,0
2021-05-11 09:22:09,14172.45,0
2021-05-11 09:22:10,14172.95,0
2021-05-11 09:22:11,14172.7,0
2021-05-11 09:22:12,14174.4,0
2021-05-11 09:22:13,14173.2,0
2021-05-11 09:22:14,14174.05,0
2021-05-11 09:22:15,14175.8,0
2021-05-11 09:22:16,14175.2,0
2021-05-11 09:22:19,14177.1,0
2021-05-11 09:22:20,14177.0,0
2021-05-11 09:22:21,14179.55,0
2021-05-11 09:22:23,14181.6,0
2021-05-11 09:22:24,14178.95,0
2021-05-11 09:22:25,14181.15,0
2021-05-11 09:22:26,14179.95,0
2021-05-11 09:22:27,14180.2,0
2021-05-11 09:22:28,14182.25,0
2021-05-11 09:22:29,14184.65,0
2021-05-11 09:22:30,14182.0,0
2021-05-11 09:22:32,14182.6,0
2021-05-11 09:22:33,14183.85,0
2021-05-11 09:22:34,14184.9,0
2021-05-11 09:22:35,14187.2,0
2021-05-11 09:22:36,14185.35,0
2021-05-11 09:22:37,14187.35,0
2021-05-11 09:22:38,14185.75,0
2021-05-11 09:22:40,14193.5,0
2021-05-11 09:22:41,14197.6,0
2021-05-11 09:22:42,14199.95,0
2021-05-11 09:22:43,14195.95,0
2021-05-11 09:22:44,14199.45,0
2021-05-11 09:22:45,14200.3,0
2021-05-11 09:22:46,14205.2,0
2021-05-11 09:22:47,14207.8,0
2021-05-11 09:22:48,14208.55,0
2021-05-11 09:22:49,14209.25,0
2021-05-11 09:22:50,14208.5,0
2021-05-11 09:22:51,14207.9,0
2021-05-11 09:22:52,14208.45,0
2021-05-11 09:22:53,14210.15,0
2021-05-11 09:22:54,14201.0,0
2021-05-11 09:22:55,14203.8,0
2021-05-11 09:22:56,14203.0,0
2021-05-11 09:22:57,14200.9,0
2021-05-11 09:22:58,14209.4,0
2021-05-11 09:22:59,14208.15,0
2021-05-11 09:23:00,14200.8,0
2021-05-11 09:23:01,14204.75,0
2021-05-11 09:23:02,14204.9,0
2021-05-11 09:23:03,14202.95,0
2021-05-11 09:23:04,14203.35,0
2021-05-11 09:23:05,14206.2,0
2021-05-11 09:23:06,14205.4,0
2021-05-11 09:23:07,14206.35,0
2021-05-11 09:23:08,14207.4,0
2021-05-11 09:23:09,14206.95,0
2021-05-11 09:23:10,14204.6,0
2021-05-11 09:23:11,14204.1,0
2021-05-11 09:23:12,14206.3,0
2021-05-11 09:23:13,14202.85,0
2021-05-11 09:23:14,14202.8,0
2021-05-11 09:23:16,14204.6,0
2021-05-11 09:23:17,14203.85,0
2021-05-11 09:23:18,14203.4,0
2021-05-11 09:23:19,14203.5,0
2021-05-11 09:23:21,14203.6,0
2021-05-11 09:23:22,14201.0,0
2021-05-11 09:23:23,14192.4,0
2021-05-11 09:23:24,14194.0,0
2021-05-11 09:23:25,14196.1,0
2021-05-11 09:23:26,14201.4,0
2021-05-11 09:23:28,14200.85,0
2021-05-11 09:23:29,14200.1,0
2021-05-11 09:23:30,14200.9,0
2021-05-11 09:23:31,14197.35,0
2021-05-11 09:23:32,14195.35,0
2021-05-11 09:23:33,14197.1,0
2021-05-11 09:23:35,14200.65,0
2021-05-11 09:23:36,14200.7,0
2021-05-11 09:23:38,14200.85,0
2021-05-11 09:23:39,14200.4,0
2021-05-11 09:23:40,14196.75,0
2021-05-11 09:23:41,14200.75,0
2021-05-11 09:23:42,14197.85,0
2021-05-11 09:23:43,14195.1,0
2021-05-11 09:23:44,14196.25,0
2021-05-11 09:23:45,14196.05,0
2021-05-11 09:23:46,14197.55,0
2021-05-11 09:23:47,14199.35,0
2021-05-11 09:23:48,14198.6,0
2021-05-11 09:23:49,14196.1,0
2021-05-11 09:23:50,14197.45,0
2021-05-11 09:23:51,14190.5,0
2021-05-11 09:23:52,14187.8,0
2021-05-11 09:23:53,14190.45,0
2021-05-11 09:23:54,14189.35,0
2021-05-11 09:23:55,14188.3,0
2021-05-11 09:23:56,14179.35,0
2021-05-11 09:23:57,14178.9,0
2021-05-11 09:23:58,14182.05,0
2021-05-11 09:23:59,14182.7,0
2021-05-11 09:24:00,14184.8,0
2021-05-11 09:24:01,14182.3,0
2021-05-11 09:24:03,14178.2,0
2021-05-11 09:24:04,14181.45,0
2021-05-11 09:24:05,14176.95,0
2021-05-11 09:24:06,14178.95,0
2021-05-11 09:24:07,14177.2,0
2021-05-11 09:24:08,14178.85,0
2021-05-11 09:24:09,14177.85,0
2021-05-11 09:24:10,14176.5,0
2021-05-11 09:24:12,14173.5,0
2021-05-11 09:24:13,14171.45,0
2021-05-11 09:24:14,14171.25,0
2021-05-11 09:24:15,14172.1,0
2021-05-11 09:24:16,14169.2,0
2021-05-11 09:24:18,14169.85,0
2021-05-11 09:24:19,14169.35,0
2021-05-11 09:24:20,14160.75,0
2021-05-11 09:24:21,14161.7,0
2021-05-11 09:24:22,14162.75,0
2021-05-11 09:24:23,14167.45,0
2021-05-11 09:24:24,14166.3,0
2021-05-11 09:24:25,14169.5,0
2021-05-11 09:24:26,14182.0,0
2021-05-11 09:24:27,14178.4,0
2021-05-11 09:24:28,14179.7,0
2021-05-11 09:24:30,14184.0,0
2021-05-11 09:24:31,14186.35,0
2021-05-11 09:24:32,14187.4,0
2021-05-11 09:24:33,14191.9,0
2021-05-11 09:24:34,14190.2,0
2021-05-11 09:24:35,14189.75,0
2021-05-11 09:24:36,14188.7,0
2021-05-11 09:24:37,14186.25,0
2021-05-11 09:24:38,14184.0,0
2021-05-11 09:24:39,14187.25,0
2021-05-11 09:24:40,14185.8,0
2021-05-11 09:24:41,14183.25,0
2021-05-11 09:24:42,14186.2,0
2021-05-11 09:24:43,14184.65,0
2021-05-11 09:24:45,14182.7,0
2021-05-11 09:24:46,14185.2,0
2021-05-11 09:24:47,14182.9,0
2021-05-11 09:24:48,14185.55,0
2021-05-11 09:24:49,14187.45,0
2021-05-11 09:24:50,14188.75,0
2021-05-11 09:24:51,14202.8,0
2021-05-11 09:24:52,14201.95,0
2021-05-11 09:24:54,14195.1,0
2021-05-11 09:24:56,14201.05,0
2021-05-11 09:24:57,14199.1,0
2021-05-11 09:24:58,14198.15,0
2021-05-11 09:24:59,14198.55,0
2021-05-11 09:25:00,14196.5,0
2021-05-11 09:25:01,14194.75,0
2021-05-11 09:25:02,14199.1,0
2021-05-11 09:25:03,14200.5,0
2021-05-11 09:25:04,14201.25,0
2021-05-11 09:25:05,14202.9,0
2021-05-11 09:25:07,14200.8,0
2021-05-11 09:25:08,14202.75,0
2021-05-11 09:25:10,14207.1,0
2021-05-11 09:25:11,14203.0,0
2021-05-11 09:25:12,14201.85,0
2021-05-11 09:25:13,14204.65,0
2021-05-11 09:25:17,14201.5,0
2021-05-11 09:25:18,14197.75,0
2021-05-11 09:25:19,14199.25,0
2021-05-11 09:25:20,14199.8,0
2021-05-11 09:25:21,14200.15,0
2021-05-11 09:25:22,14203.6,0
2021-05-11 09:25:23,14200.85,0
2021-05-11 09:25:24,14200.05,0
2021-05-11 09:25:25,14197.5,0
2021-05-11 09:25:26,14196.6,0
2021-05-11 09:25:27,14197.15,0
2021-05-11 09:25:29,14195.8,0
2021-05-11 09:25:30,14195.4,0
2021-05-11 09:25:32,14189.7,0
2021-05-11 09:25:33,14191.7,0
2021-05-11 09:25:34,14192.65,0
2021-05-11 09:25:35,14193.0,0
2021-05-11 09:25:37,14189.65,0
2021-05-11 09:25:41,14186.8,0
2021-05-11 09:25:45,14183.5,0
2021-05-11 09:25:46,14181.25,0
2021-05-11 09:25:47,14183.2,0
2021-05-11 09:25:50,14185.5,0
2021-05-11 09:25:51,14184.35,0
2021-05-11 09:25:52,14185.6,0
2021-05-11 09:25:53,14183.3,0
2021-05-11 09:25:54,14185.8,0
2021-05-11 09:25:55,14184.75,0
2021-05-11 09:25:56,14185.75,0
2021-05-11 09:25:57,14184.4,0
2021-05-11 09:25:58,14181.35,0
2021-05-11 09:25:59,14182.85,0
2021-05-11 09:26:00,14181.3,0
2021-05-11 09:26:01,14183.55,0
2021-05-11 09:26:03,14179.8,0
2021-05-11 09:26:04,14180.45,0
2021-05-11 09:26:05,14179.4,0
2021-05-11 09:26:06,14178.8,0
2021-05-11 09:26:07,14183.7,0
2021-05-11 09:26:08,14181.85,0
2021-05-11 09:26:09,14181.55,0
2021-05-11 09:26:10,14180.65,0
2021-05-11 09:26:11,14179.65,0
2021-05-11 09:26:12,14178.8,0
2021-05-11 09:26:13,14179.2,0
2021-05-11 09:26:14,14179.25,0
2021-05-11 09:26:15,14179.65,0
2021-05-11 09:26:16,14181.75,0
2021-05-11 09:26:17,14180.85,0
2021-05-11 09:26:18,14181.85,0
2021-05-11 09:26:19,14183.35,0
2021-05-11 09:26:20,14184.05,0
2021-05-11 09:26:21,14183.1,0
2021-05-11 09:26:22,14182.65,0
2021-05-11 09:26:23,14181.2,0
2021-05-11 09:26:24,14186.35,0
2021-05-11 09:26:25,14188.2,0
2021-05-11 09:26:27,14188.75,0
2021-05-11 09:26:28,14188.7,0
2021-05-11 09:26:30,14185.3,0
2021-05-11 09:26:31,14186.25,0
2021-05-11 09:26:32,14188.5,0
2021-05-11 09:26:33,14187.9,0
2021-05-11 09:26:34,14192.15,0
2021-05-11 09:26:35,14193.0,0
2021-05-11 09:26:36,14189.9,0
2021-05-11 09:26:37,14191.75,0
2021-05-11 09:26:38,14190.95,0
2021-05-11 09:26:39,14192.85,0
2021-05-11 09:26:40,14191.5,0
2021-05-11 09:26:41,14195.15,0
2021-05-11 09:26:42,14193.95,0
2021-05-11 09:26:43,14195.95,0
2021-05-11 09:26:44,14196.7,0
2021-05-11 09:26:45,14199.25,0
2021-05-11 09:26:46,14200.85,0
2021-05-11 09:26:47,14200.55,0
2021-05-11 09:26:48,14200.2,0
2021-05-11 09:26:49,14201.4,0
2021-05-11 09:26:50,14200.5,0
2021-05-11 09:26:51,14200.0,0
2021-05-11 09:26:52,14202.45,0
2021-05-11 09:26:53,14203.0,0
2021-05-11 09:26:54,14203.5,0
2021-05-11 09:26:55,14203.2,0
2021-05-11 09:26:56,14205.2,0
2021-05-11 09:26:57,14205.95,0
2021-05-11 09:26:58,14204.3,0
2021-05-11 09:26:59,14196.9,0
2021-05-11 09:27:00,14197.25,0
2021-05-11 09:27:01,14201.5,0
2021-05-11 09:27:02,14195.6,0
2021-05-11 09:27:03,14193.15,0
2021-05-11 09:27:04,14191.35,0
2021-05-11 09:27:05,14189.35,0
2021-05-11 09:27:06,14192.5,0
2021-05-11 09:27:07,14192.4,0
2021-05-11 09:27:08,14193.2,0
2021-05-11 09:27:09,14193.5,0
2021-05-11 09:27:10,14194.95,0
2021-05-11 09:27:11,14195.55,0
2021-05-11 09:27:12,14196.75,0
2021-05-11 09:27:13,14198.75,0
2021-05-11 09:27:14,14198.2,0
2021-05-11 09:27:15,14198.15,0
2021-05-11 09:27:16,14197.45,0
2021-05-11 09:27:17,14197.65,0
2021-05-11 09:27:18,14197.2,0
2021-05-11 09:27:20,14199.15,0
2021-05-11 09:27:21,14198.45,0
2021-05-11 09:27:22,14198.55,0
2021-05-11 09:27:23,14198.8,0
2021-05-11 09:27:24,14196.75,0
2021-05-11 09:27:25,14196.15,0
2021-05-11 09:27:26,14195.7,0
2021-05-11 09:27:27,14198.3,0
2021-05-11 09:27:28,14200.4,0
2021-05-11 09:27:29,14200.65,0
2021-05-11 09:27:30,14199.4,0
2021-05-11 09:27:31,14198.55,0
2021-05-11 09:27:32,14199.15,0
2021-05-11 09:27:33,14198.9,0
2021-05-11 09:27:34,14201.2,0
2021-05-11 09:27:35,14202.4,0
2021-05-11 09:27:37,14198.6,0
2021-05-11 09:27:38,14197.25,0
2021-05-11 09:27:39,14198.7,0
2021-05-11 09:27:40,14198.7,0
2021-05-11 09:27:41,14200.25,0
2021-05-11 09:27:42,14198.95,0
2021-05-11 09:27:43,14197.3,0
2021-05-11 09:27:44,14199.35,0
2021-05-11 09:27:45,14195.5,0
2021-05-11 09:27:46,14196.4,0
2021-05-11 09:27:47,14195.05,0
2021-05-11 09:27:48,14195.35,0
2021-05-11 09:27:49,14193.45,0
2021-05-11 09:27:50,14196.4,0
2021-05-11 09:27:51,14197.25,0
2021-05-11 09:27:52,14195.55,0
2021-05-11 09:27:53,14196.75,0
2021-05-11 09:27:54,14197.3,0
2021-05-11 09:27:55,14196.3,0
2021-05-11 09:27:56,14197.7,0
2021-05-11 09:27:57,14198.9,0
2021-05-11 09:28:01,14198.0,0
2021-05-11 09:28:02,14199.3,0
2021-05-11 09:28:03,14198.45,0
2021-05-11 09:28:04,14198.95,0
2021-05-11 09:28:06,14194.5,0
2021-05-11 09:28:08,14197.85,0
2021-05-11 09:28:09,14198.45,0
2021-05-11 09:28:10,14200.6,0
2021-05-11 09:28:11,14199.8,0
2021-05-11 09:28:12,14196.0,0
2021-05-11 09:28:13,14197.05,0
2021-05-11 09:28:15,14193.6,0
2021-05-11 09:28:16,14194.35,0
2021-05-11 09:28:18,14197.55,0
2021-05-11 09:28:20,14199.6,0
2021-05-11 09:28:21,14198.35,0
2021-05-11 09:28:22,14198.7,0
2021-05-11 09:28:23,14198.0,0
2021-05-11 09:28:24,14196.75,0
2021-05-11 09:28:25,14200.0,0
2021-05-11 09:28:26,14198.05,0
2021-05-11 09:28:27,14196.7,0
2021-05-11 09:28:28,14196.95,0
2021-05-11 09:28:29,14194.8,0
2021-05-11 09:28:30,14194.7,0
2021-05-11 09:28:31,14192.5,0
2021-05-11 09:28:32,14193.35,0
2021-05-11 09:28:33,14191.25,0
2021-05-11 09:28:34,14194.1,0
2021-05-11 09:28:35,14196.0,0
2021-05-11 09:28:36,14196.05,0
2021-05-11 09:28:37,14193.95,0
2021-05-11 09:28:39,14197.25,0
2021-05-11 09:28:40,14197.8,0
2021-05-11 09:28:41,14199.1,0
2021-05-11 09:28:42,14196.15,0
2021-05-11 09:28:43,14196.5,0
2021-05-11 09:28:44,14195.85,0
2021-05-11 09:28:45,14196.65,0
2021-05-11 09:28:47,14196.55,0
2021-05-11 09:28:48,14197.95,0
2021-05-11 09:28:49,14195.75,0
2021-05-11 09:28:50,14199.55,0
2021-05-11 09:28:51,14198.3,0
2021-05-11 09:28:52,14198.15,0
2021-05-11 09:28:53,14197.05,0
2021-05-11 09:28:54,14201.05,0
2021-05-11 09:28:55,14199.55,0
2021-05-11 09:28:56,14199.4,0
2021-05-11 09:28:57,14200.05,0
2021-05-11 09:28:58,14200.2,0
2021-05-11 09:28:59,14200.8,0
2021-05-11 09:29:00,14199.25,0
2021-05-11 09:29:01,14201.5,0
2021-05-11 09:29:02,14200.25,0
2021-05-11 09:29:03,14201.2,0
2021-05-11 09:29:04,14201.0,0
2021-05-11 09:29:06,14198.15,0
2021-05-11 09:29:07,14202.15,0
2021-05-11 09:29:08,14200.2,0
2021-05-11 09:29:09,14199.5,0
2021-05-11 09:29:10,14199.1,0
2021-05-11 09:29:11,14199.5,0
2021-05-11 09:29:12,14198.75,0
2021-05-11 09:29:13,14198.4,0
2021-05-11 09:29:14,14197.85,0
2021-05-11 09:29:15,14199.75,0
2021-05-11 09:29:16,14200.3,0
2021-05-11 09:29:17,14198.2,0
2021-05-11 09:29:18,14199.8,0
2021-05-11 09:29:19,14199.3,0
2021-05-11 09:29:20,14198.2,0
2021-05-11 09:29:21,14197.5,0
2021-05-11 09:29:22,14198.45,0
2021-05-11 09:29:23,14197.05,0
2021-05-11 09:29:24,14198.45,0
2021-05-11 09:29:25,14197.7,0
2021-05-11 09:29:27,14195.85,0
2021-05-11 09:29:28,14198.55,0
2021-05-11 09:29:29,14197.05,0
2021-05-11 09:29:30,14199.2,0
2021-05-11 09:29:31,14196.65,0
2021-05-11 09:29:32,14197.8,0
2021-05-11 09:29:34,14198.5,0
2021-05-11 09:29:35,14199.4,0
2021-05-11 09:29:38,14200.45,0
2021-05-11 09:29:39,14199.35,0
2021-05-11 09:29:40,14202.4,0
2021-05-11 09:29:41,14202.95,0
2021-05-11 09:29:42,14203.55,0
2021-05-11 09:29:43,14202.05,0
2021-05-11 09:29:44,14203.4,0
2021-05-11 09:29:45,14201.45,0
2021-05-11 09:29:46,14202.6,0
2021-05-11 09:29:47,14203.2,0
2021-05-11 09:29:48,14202.35,0
2021-05-11 09:29:49,14203.55,0
2021-05-11 09:29:50,14203.45,0
2021-05-11 09:29:51,14205.6,0
2021-05-11 09:29:52,14204.35,0
2021-05-11 09:29:53,14204.8,0
2021-05-11 09:29:54,14204.6,0
2021-05-11 09:29:55,14204.9,0
2021-05-11 09:29:56,14204.95,0
2021-05-11 09:29:57,14204.6,0
2021-05-11 09:30:00,14193.4,0
2021-05-11 09:30:03,14192.1,0
2021-05-11 09:30:04,14194.45,0
2021-05-11 09:30:06,14193.35,0
2021-05-11 09:30:07,14194.05,0
2021-05-11 09:30:09,14192.7,0
2021-05-11 09:30:10,14192.55,0
2021-05-11 09:30:12,14193.95,0
2021-05-11 09:30:13,14194.8,0
2021-05-11 09:30:14,14193.0,0
2021-05-11 09:30:15,14195.25,0
2021-05-11 09:30:16,14193.65,0
2021-05-11 09:30:17,14189.45,0
2021-05-11 09:30:18,14189.3,0
2021-05-11 09:30:19,14188.75,0
2021-05-11 09:30:20,14190.9,0
2021-05-11 09:30:21,14188.85,0
2021-05-11 09:30:22,14185.9,0
2021-05-11 09:30:23,14185.2,0
2021-05-11 09:30:24,14184.3,0
2021-05-11 09:30:25,14184.85,0
2021-05-11 09:30:26,14178.2,0
2021-05-11 09:30:28,14183.85,0
2021-05-11 09:30:29,14184.5,0
2021-05-11 09:30:30,14184.8,0
2021-05-11 09:30:31,14182.15,0
2021-05-11 09:30:32,14184.9,0
2021-05-11 09:30:33,14186.55,0
2021-05-11 09:30:34,14186.0,0
2021-05-11 09:30:35,14186.95,0
2021-05-11 09:30:36,14185.55,0
2021-05-11 09:30:37,14186.4,0
2021-05-11 09:30:38,14189.4,0
2021-05-11 09:30:39,14189.3,0
2021-05-11 09:30:40,14187.65,0
2021-05-11 09:30:41,14190.7,0
2021-05-11 09:30:42,14192.0,0
2021-05-11 09:30:43,14189.0,0
2021-05-11 09:30:44,14191.6,0
2021-05-11 09:30:45,14192.8,0
2021-05-11 09:30:46,14193.85,0
2021-05-11 09:30:48,14195.1,0
2021-05-11 09:30:49,14195.05,0
2021-05-11 09:30:50,14193.35,0
2021-05-11 09:30:51,14192.05,0
2021-05-11 09:30:52,14193.9,0
2021-05-11 09:30:53,14194.9,0
2021-05-11 09:30:54,14194.7,0
2021-05-11 09:30:55,14193.15,0
2021-05-11 09:30:56,14193.3,0
2021-05-11 09:30:57,14192.65,0
2021-05-11 09:30:58,14193.35,0
2021-05-11 09:30:59,14195.4,0
2021-05-11 09:31:00,14193.15,0
2021-05-11 09:31:01,14196.6,0
2021-05-11 09:31:02,14196.9,0
2021-05-11 09:31:03,14194.05,0
2021-05-11 09:31:04,14192.1,0
2021-05-11 09:31:05,14194.0,0
2021-05-11 09:31:06,14192.9,0
2021-05-11 09:31:07,14191.6,0
2021-05-11 09:31:08,14189.85,0
2021-05-11 09:31:09,14190.45,0
2021-05-11 09:31:10,14189.65,0
2021-05-11 09:31:11,14190.2,0
2021-05-11 09:31:12,14188.85,0
2021-05-11 09:31:13,14189.1,0
2021-05-11 09:31:14,14188.45,0
2021-05-11 09:31:15,14186.75,0
2021-05-11 09:31:16,14186.55,0
2021-05-11 09:31:18,14185.3,0
2021-05-11 09:31:19,14182.9,0
2021-05-11 09:31:20,14183.9,0
2021-05-11 09:31:21,14182.05,0
2021-05-11 09:31:22,14181.8,0
2021-05-11 09:31:23,14182.25,0
2021-05-11 09:31:24,14182.4,0
2021-05-11 09:31:25,14183.8,0
2021-05-11 09:31:26,14183.35,0
2021-05-11 09:31:27,14182.45,0
2021-05-11 09:31:28,14180.95,0
2021-05-11 09:31:29,14182.5,0
2021-05-11 09:31:30,14181.2,0
2021-05-11 09:31:31,14178.9,0
2021-05-11 09:31:32,14179.75,0
2021-05-11 09:31:33,14182.45,0
2021-05-11 09:31:36,14181.55,0
2021-05-11 09:31:37,14181.8,0
2021-05-11 09:31:38,14179.2,0
2021-05-11 09:31:40,14179.6,0
2021-05-11 09:31:41,14179.8,0
2021-05-11 09:31:42,14178.0,0
2021-05-11 09:31:44,14179.8,0
2021-05-11 09:31:45,14181.65,0
2021-05-11 09:31:46,14180.95,0
2021-05-11 09:31:47,14182.65,0
2021-05-11 09:31:48,14178.05,0
2021-05-11 09:31:49,14179.7,0
2021-05-11 09:31:50,14180.8,0
2021-05-11 09:31:52,14181.15,0
2021-05-11 09:31:53,14180.7,0
2021-05-11 09:31:54,14180.9,0
2021-05-11 09:31:55,14181.3,0
2021-05-11 09:31:56,14183.15,0
2021-05-11 09:31:57,14183.25,0
2021-05-11 09:31:58,14181.85,0
2021-05-11 09:32:00,14180.6,0
2021-05-11 09:32:01,14182.5,0
2021-05-11 09:32:02,14181.65,0
2021-05-11 09:32:03,14184.05,0
2021-05-11 09:32:04,14182.6,0
2021-05-11 09:32:05,14182.1,0
2021-05-11 09:32:07,14180.7,0
2021-05-11 09:32:08,14178.95,0
2021-05-11 09:32:09,14176.6,0
2021-05-11 09:32:10,14176.4,0
2021-05-11 09:32:11,14174.45,0
2021-05-11 09:32:12,14178.6,0
2021-05-11 09:32:13,14176.45,0
2021-05-11 09:32:15,14177.4,0
2021-05-11 09:32:17,14178.4,0
2021-05-11 09:32:19,14177.0,0
2021-05-11 09:32:20,14178.25,0
2021-05-11 09:32:21,14177.4,0
2021-05-11 09:32:22,14178.35,0
2021-05-11 09:32:23,14178.35,0
2021-05-11 09:32:24,14180.05,0
2021-05-11 09:32:26,14178.35,0
2021-05-11 09:32:27,14179.55,0
2021-05-11 09:32:30,14177.7,0
2021-05-11 09:32:32,14177.45,0
2021-05-11 09:32:33,14175.95,0
2021-05-11 09:32:34,14175.55,0
2021-05-11 09:32:35,14177.05,0
2021-05-11 09:32:36,14176.9,0
2021-05-11 09:32:37,14173.2,0
2021-05-11 09:32:38,14174.25,0
2021-05-11 09:32:40,14174.2,0
2021-05-11 09:32:39,14175.8,0
2021-05-11 09:32:41,14175.4,0
2021-05-11 09:32:42,14172.45,0
2021-05-11 09:32:43,14172.75,0
2021-05-11 09:32:44,14171.75,0
2021-05-11 09:32:46,14171.5,0
2021-05-11 09:32:47,14171.0,0
2021-05-11 09:32:48,14170.7,0
2021-05-11 09:32:49,14171.6,0
2021-05-11 09:32:50,14169.75,0
2021-05-11 09:32:52,14168.95,0
2021-05-11 09:32:53,14167.9,0
2021-05-11 09:32:54,14167.65,0
2021-05-11 09:32:55,14168.35,0
2021-05-11 09:32:56,14168.45,0
2021-05-11 09:32:57,14168.85,0
2021-05-11 09:32:58,14170.8,0
2021-05-11 09:32:59,14171.0,0
2021-05-11 09:33:00,14170.95,0
2021-05-11 09:33:01,14172.15,0
2021-05-11 09:33:03,14171.25,0
2021-05-11 09:33:04,14169.6,0
2021-05-11 09:33:05,14170.2,0
2021-05-11 09:33:06,14171.5,0
2021-05-11 09:33:07,14171.35,0
2021-05-11 09:33:08,14171.7,0
2021-05-11 09:33:09,14174.55,0
2021-05-11 09:33:10,14175.0,0
2021-05-11 09:33:11,14168.7,0
2021-05-11 09:33:12,14169.2,0
2021-05-11 09:33:13,14169.85,0
2021-05-11 09:33:14,14168.9,0
2021-05-11 09:33:15,14168.2,0
2021-05-11 09:33:16,14167.9,0
2021-05-11 09:33:17,14169.7,0
2021-05-11 09:33:18,14166.35,0
2021-05-11 09:33:19,14170.35,0
2021-05-11 09:33:20,14169.9,0
2021-05-11 09:33:22,14169.0,0
2021-05-11 09:33:23,14166.85,0
2021-05-11 09:33:24,14166.1,0
2021-05-11 09:33:25,14167.1,0
2021-05-11 09:33:26,14164.5,0
2021-05-11 09:33:27,14164.9,0
2021-05-11 09:33:28,14167.55,0
2021-05-11 09:33:29,14167.3,0
2021-05-11 09:33:31,14169.3,0
2021-05-11 09:33:32,14167.9,0
2021-05-11 09:33:33,14166.85,0
2021-05-11 09:33:34,14167.1,0
2021-05-11 09:33:35,14166.7,0
2021-05-11 09:33:36,14166.1,0
2021-05-11 09:33:37,14166.65,0
2021-05-11 09:33:38,14167.4,0
2021-05-11 09:33:39,14167.05,0
2021-05-11 09:33:40,14166.65,0
2021-05-11 09:33:41,14167.3,0
2021-05-11 09:33:42,14165.2,0
2021-05-11 09:33:43,14166.0,0
2021-05-11 09:33:44,14166.75,0
2021-05-11 09:33:46,14170.85,0
2021-05-11 09:33:47,14170.5,0
2021-05-11 09:33:48,14168.7,0
2021-05-11 09:33:49,14170.2,0
2021-05-11 09:33:50,14169.9,0
2021-05-11 09:33:51,14172.4,0
2021-05-11 09:33:53,14182.7,0
2021-05-11 09:33:54,14181.2,0
2021-05-11 09:33:58,14177.75,0
2021-05-11 09:33:59,14177.1,0
2021-05-11 09:34:00,14176.5,0
2021-05-11 09:34:01,14176.65,0
2021-05-11 09:34:02,14172.8,0
2021-05-11 09:34:03,14171.45,0
2021-05-11 09:34:04,14171.35,0
2021-05-11 09:34:06,14170.8,0
2021-05-11 09:34:07,14169.9,0
2021-05-11 09:34:10,14170.25,0
2021-05-11 09:34:11,14169.15,0
2021-05-11 09:34:12,14169.5,0
2021-05-11 09:34:13,14170.0,0
2021-05-11 09:34:14,14167.65,0
2021-05-11 09:34:15,14166.65,0
2021-05-11 09:34:16,14167.75,0
2021-05-11 09:34:20,14168.4,0
2021-05-11 09:34:21,14166.9,0
2021-05-11 09:34:22,14167.75,0
2021-05-11 09:34:24,14167.8,0
2021-05-11 09:34:25,14167.4,0
2021-05-11 09:34:26,14168.7,0
2021-05-11 09:34:27,14166.6,0
2021-05-11 09:34:28,14167.3,0
2021-05-11 09:34:29,14170.05,0
2021-05-11 09:34:31,14169.95,0
2021-05-11 09:34:32,14169.45,0
2021-05-11 09:34:35,14168.4,0
2021-05-11 09:34:37,14167.85,0
2021-05-11 09:34:38,14168.5,0
2021-05-11 09:34:39,14171.2,0
2021-05-11 09:34:40,14167.5,0
2021-05-11 09:34:41,14168.8,0
2021-05-11 09:34:42,14171.15,0
2021-05-11 09:34:43,14169.05,0
2021-05-11 09:34:44,14167.4,0
2021-05-11 09:34:45,14169.6,0
2021-05-11 09:34:46,14170.9,0
2021-05-11 09:34:47,14172.0,0
2021-05-11 09:34:48,14170.9,0
2021-05-11 09:34:49,14171.55,0
2021-05-11 09:34:50,14170.0,0
2021-05-11 09:34:51,14172.85,0
2021-05-11 09:34:52,14171.4,0
2021-05-11 09:34:53,14172.4,0
2021-05-11 09:34:54,14174.15,0
2021-05-11 09:34:56,14172.6,0
2021-05-11 09:34:57,14171.85,0
2021-05-11 09:34:58,14172.3,0
2021-05-11 09:34:59,14176.1,0
2021-05-11 09:35:00,14175.5,0
2021-05-11 09:35:01,14174.25,0
2021-05-11 09:35:02,14173.8,0
2021-05-11 09:35:04,14178.1,0
2021-05-11 09:35:05,14177.25,0
2021-05-11 09:35:06,14176.0,0
2021-05-11 09:35:08,14173.7,0
2021-05-11 09:35:09,14177.15,0
2021-05-11 09:35:10,14177.6,0
2021-05-11 09:35:11,14180.35,0
2021-05-11 09:35:12,14179.9,0
2021-05-11 09:35:13,14178.95,0
2021-05-11 09:35:14,14177.2,0
2021-05-11 09:35:15,14176.45,0
2021-05-11 09:35:16,14178.9,0
2021-05-11 09:35:17,14179.4,0
2021-05-11 09:35:18,14180.45,0
2021-05-11 09:35:20,14182.8,0
2021-05-11 09:35:21,14183.3,0
2021-05-11 09:35:22,14181.25,0
2021-05-11 09:35:23,14182.25,0
2021-05-11 09:35:24,14183.45,0
2021-05-11 09:35:25,14183.25,0
2021-05-11 09:35:26,14183.85,0
2021-05-11 09:35:27,14182.7,0
2021-05-11 09:35:29,14186.3,0
2021-05-11 09:35:31,14183.8,0
2021-05-11 09:35:32,14182.8,0
2021-05-11 09:35:33,14186.0,0
2021-05-11 09:35:34,14185.85,0
2021-05-11 09:35:35,14183.85,0
2021-05-11 09:35:37,14185.2,0
2021-05-11 09:35:38,14185.45,0
2021-05-11 09:35:39,14185.1,0
2021-05-11 09:35:40,14185.3,0
2021-05-11 09:35:41,14184.55,0
2021-05-11 09:35:42,14181.5,0
2021-05-11 09:35:43,14183.45,0
2021-05-11 09:35:44,14182.9,0
2021-05-11 09:35:46,14183.55,0
2021-05-11 09:35:47,14184.0,0
2021-05-11 09:35:48,14182.55,0
2021-05-11 09:35:50,14184.15,0
2021-05-11 09:35:51,14185.05,0
2021-05-11 09:35:52,14184.2,0
2021-05-11 09:35:53,14183.45,0
2021-05-11 09:35:55,14184.6,0
2021-05-11 09:35:56,14184.15,0
2021-05-11 09:35:57,14183.8,0
2021-05-11 09:35:58,14184.6,0
2021-05-11 09:36:00,14185.4,0
2021-05-11 09:36:01,14184.6,0
2021-05-11 09:36:02,14182.9,0
2021-05-11 09:36:03,14184.2,0
2021-05-11 09:36:04,14184.05,0
2021-05-11 09:36:07,14181.8,0
2021-05-11 09:36:09,14183.7,0
2021-05-11 09:36:08,14182.95,0
2021-05-11 09:36:10,14183.15,0
2021-05-11 09:36:11,14183.7,0
2021-05-11 09:36:12,14186.5,0
2021-05-11 09:36:13,14183.7,0
2021-05-11 09:36:15,14185.75,0
2021-05-11 09:36:16,14185.1,0
2021-05-11 09:36:17,14185.1,0
2021-05-11 09:36:18,14186.6,0
2021-05-11 09:36:19,14185.65,0
2021-05-11 09:36:21,14185.2,0
2021-05-11 09:36:22,14184.45,0
2021-05-11 09:36:23,14185.1,0
2021-05-11 09:36:24,14185.0,0
2021-05-11 09:36:25,14186.05,0
2021-05-11 09:36:26,14186.3,0
2021-05-11 09:36:27,14185.7,0
2021-05-11 09:36:28,14186.95,0
2021-05-11 09:36:29,14185.95,0
2021-05-11 09:36:30,14186.2,0
2021-05-11 09:36:31,14184.55,0
2021-05-11 09:36:32,14181.25,0
2021-05-11 09:36:33,14182.6,0
2021-05-11 09:36:34,14183.9,0
2021-05-11 09:36:35,14181.7,0
2021-05-11 09:36:36,14182.0,0
2021-05-11 09:36:37,14179.85,0
2021-05-11 09:36:38,14181.45,0
2021-05-11 09:36:39,14178.6,0
2021-05-11 09:36:40,14175.8,0
2021-05-11 09:36:41,14176.8,0
2021-05-11 09:36:42,14177.35,0
2021-05-11 09:36:43,14179.45,0
2021-05-11 09:36:44,14179.6,0
2021-05-11 09:36:45,14178.3,0
2021-05-11 09:36:46,14180.15,0
2021-05-11 09:36:47,14179.15,0
2021-05-11 09:36:48,14179.25,0
2021-05-11 09:36:49,14177.5,0
2021-05-11 09:36:50,14180.4,0
2021-05-11 09:36:51,14179.85,0
2021-05-11 09:36:52,14178.6,0
2021-05-11 09:36:53,14179.5,0
2021-05-11 09:36:57,14174.1,0
2021-05-11 09:36:58,14176.15,0
2021-05-11 09:36:59,14175.45,0
2021-05-11 09:37:00,14175.65,0
2021-05-11 09:37:01,14175.95,0
2021-05-11 09:37:02,14176.0,0
2021-05-11 09:37:03,14174.8,0
2021-05-11 09:37:04,14177.05,0
2021-05-11 09:37:05,14174.15,0
2021-05-11 09:37:06,14175.35,0
2021-05-11 09:37:07,14176.2,0
2021-05-11 09:37:08,14176.3,0
2021-05-11 09:37:09,14177.35,0
2021-05-11 09:37:10,14177.6,0
2021-05-11 09:37:11,14177.75,0
2021-05-11 09:37:13,14182.2,0
2021-05-11 09:37:14,14182.5,0
2021-05-11 09:37:15,14179.8,0
2021-05-11 09:37:16,14181.9,0
2021-05-11 09:37:17,14182.75,0
2021-05-11 09:37:18,14178.25,0
2021-05-11 09:37:19,14177.75,0
2021-05-11 09:37:20,14177.35,0
2021-05-11 09:37:22,14176.55,0
2021-05-11 09:37:23,14176.65,0
2021-05-11 09:37:24,14177.8,0
2021-05-11 09:37:25,14176.5,0
2021-05-11 09:37:26,14176.25,0
2021-05-11 09:37:28,14178.75,0
2021-05-11 09:37:29,14178.9,0
2021-05-11 09:37:30,14179.95,0
2021-05-11 09:37:31,14178.2,0
2021-05-11 09:37:32,14177.65,0
2021-05-11 09:37:33,14181.05,0
2021-05-11 09:37:34,14176.65,0
2021-05-11 09:37:35,14177.45,0
2021-05-11 09:37:36,14176.6,0
2021-05-11 09:37:37,14178.6,0
2021-05-11 09:37:38,14180.15,0
2021-05-11 09:37:39,14179.25,0
2021-05-11 09:37:40,14181.05,0
2021-05-11 09:37:41,14178.25,0
2021-05-11 09:37:42,14178.25,0
2021-05-11 09:37:43,14178.05,0
2021-05-11 09:37:44,14178.95,0
2021-05-11 09:37:45,14179.1,0
2021-05-11 09:37:46,14180.25,0
2021-05-11 09:37:47,14179.55,0
2021-05-11 09:37:48,14178.65,0
2021-05-11 09:37:49,14178.95,0
2021-05-11 09:37:51,14180.5,0
2021-05-11 09:37:52,14181.65,0
2021-05-11 09:37:53,14181.45,0
2021-05-11 09:37:54,14180.25,0
2021-05-11 09:37:55,14181.7,0
2021-05-11 09:37:56,14180.55,0
2021-05-11 09:37:58,14181.7,0
2021-05-11 09:37:59,14185.25,0
2021-05-11 09:38:00,14184.3,0
2021-05-11 09:38:01,14185.6,0
2021-05-11 09:38:03,14187.5,0
2021-05-11 09:38:04,14185.1,0
2021-05-11 09:38:05,14188.85,0
2021-05-11 09:38:06,14184.75,0
2021-05-11 09:38:07,14185.45,0
2021-05-11 09:38:08,14186.2,0
2021-05-11 09:38:09,14186.05,0
2021-05-11 09:38:10,14184.7,0
2021-05-11 09:38:11,14184.85,0
2021-05-11 09:38:12,14183.65,0
2021-05-11 09:38:13,14184.4,0
2021-05-11 09:38:15,14184.05,0
2021-05-11 09:38:16,14187.1,0
2021-05-11 09:38:17,14189.3,0
2021-05-11 09:38:18,14192.9,0
2021-05-11 09:38:19,14188.35,0
2021-05-11 09:38:20,14189.35,0
2021-05-11 09:38:21,14191.85,0
2021-05-11 09:38:22,14190.65,0
2021-05-11 09:38:23,14188.5,0
2021-05-11 09:38:24,14188.45,0
2021-05-11 09:38:25,14191.5,0
2021-05-11 09:38:26,14188.75,0
2021-05-11 09:38:27,14190.15,0
2021-05-11 09:38:28,14188.0,0
2021-05-11 09:38:30,14190.5,0
2021-05-11 09:38:31,14191.45,0
2021-05-11 09:38:32,14192.35,0
2021-05-11 09:38:33,14192.4,0
2021-05-11 09:38:34,14190.1,0
2021-05-11 09:38:36,14193.8,0
2021-05-11 09:38:37,14193.0,0
2021-05-11 09:38:38,14193.9,0
2021-05-11 09:38:39,14193.95,0
2021-05-11 09:38:41,14194.05,0
2021-05-11 09:38:42,14194.2,0
2021-05-11 09:38:43,14192.1,0
2021-05-11 09:38:44,14191.3,0
2021-05-11 09:38:45,14192.75,0
2021-05-11 09:38:46,14193.0,0
2021-05-11 09:38:47,14194.3,0
2021-05-11 09:38:48,14192.15,0
2021-05-11 09:38:49,14191.5,0
2021-05-11 09:38:50,14190.85,0
2021-05-11 09:38:51,14191.95,0
2021-05-11 09:38:52,14189.75,0
2021-05-11 09:38:53,14190.6,0
2021-05-11 09:38:54,14187.45,0
2021-05-11 09:38:55,14190.1,0
2021-05-11 09:38:56,14186.35,0
2021-05-11 09:38:59,14186.75,0
2021-05-11 09:39:02,14171.55,0
2021-05-11 09:39:04,14173.75,0
2021-05-11 09:39:05,14174.1,0
2021-05-11 09:39:06,14173.95,0
2021-05-11 09:39:07,14172.45,0
2021-05-11 09:39:08,14171.6,0
2021-05-11 09:39:09,14172.2,0
2021-05-11 09:39:10,14169.8,0
2021-05-11 09:39:12,14171.05,0
2021-05-11 09:39:13,14170.0,0
2021-05-11 09:39:14,14169.15,0
2021-05-11 09:39:15,14171.4,0
2021-05-11 09:39:16,14171.7,0
2021-05-11 09:39:17,14172.75,0
2021-05-11 09:39:18,14171.15,0
2021-05-11 09:39:19,14172.95,0
2021-05-11 09:39:20,14174.4,0
2021-05-11 09:39:21,14173.8,0
2021-05-11 09:39:22,14175.7,0
2021-05-11 09:39:23,14176.6,0
2021-05-11 09:39:24,14178.1,0
2021-05-11 09:39:26,14175.8,0
2021-05-11 09:39:27,14179.55,0
2021-05-11 09:39:29,14180.3,0
2021-05-11 09:39:30,14179.5,0
2021-05-11 09:39:31,14180.3,0
2021-05-11 09:39:32,14181.55,0
2021-05-11 09:39:33,14182.55,0
2021-05-11 09:39:34,14180.65,0
2021-05-11 09:39:36,14180.05,0
2021-05-11 09:39:39,14179.9,0
2021-05-11 09:39:40,14178.45,0
2021-05-11 09:39:41,14179.95,0
2021-05-11 09:39:42,14177.3,0
2021-05-11 09:39:44,14177.2,0
2021-05-11 09:39:46,14174.4,0
2021-05-11 09:39:47,14176.2,0
2021-05-11 09:39:48,14176.35,0
2021-05-11 09:39:49,14176.55,0
2021-05-11 09:39:50,14174.9,0
2021-05-11 09:39:52,14172.35,0
2021-05-11 09:39:53,14172.0,0
2021-05-11 09:39:54,14173.1,0
2021-05-11 09:39:55,14173.3,0
2021-05-11 09:39:56,14172.6,0
2021-05-11 09:39:57,14174.55,0
2021-05-11 09:39:58,14171.7,0
2021-05-11 09:39:59,14170.75,0
2021-05-11 09:40:00,14173.1,0
2021-05-11 09:40:01,14172.65,0
2021-05-11 09:40:02,14172.9,0
2021-05-11 09:40:03,14173.75,0
2021-05-11 09:40:04,14175.9,0
2021-05-11 09:40:05,14174.15,0
2021-05-11 09:40:07,14174.15,0
2021-05-11 09:40:08,14175.6,0
2021-05-11 09:40:09,14174.25,0
2021-05-11 09:40:10,14177.1,0
2021-05-11 09:40:11,14173.9,0
2021-05-11 09:40:13,14174.25,0
2021-05-11 09:40:14,14174.35,0
2021-05-11 09:40:15,14173.85,0
2021-05-11 09:40:16,14173.4,0
2021-05-11 09:40:17,14173.25,0
2021-05-11 09:40:18,14175.15,0
2021-05-11 09:40:19,14173.95,0
2021-05-11 09:40:20,14173.75,0
2021-05-11 09:40:21,14172.25,0
2021-05-11 09:40:22,14174.0,0
2021-05-11 09:40:23,14172.35,0
2021-05-11 09:40:24,14172.95,0
2021-05-11 09:40:25,14173.55,0
2021-05-11 09:40:26,14173.65,0
2021-05-11 09:40:27,14171.9,0
2021-05-11 09:40:28,14172.45,0
2021-05-11 09:40:29,14173.4,0
2021-05-11 09:40:30,14173.7,0
2021-05-11 09:40:31,14174.1,0
2021-05-11 09:40:33,14173.7,0
2021-05-11 09:40:34,14173.05,0
2021-05-11 09:40:35,14174.5,0
2021-05-11 09:40:36,14173.65,0
2021-05-11 09:40:37,14174.6,0
2021-05-11 09:40:38,14175.75,0
2021-05-11 09:40:39,14174.25,0
2021-05-11 09:40:40,14172.4,0
2021-05-11 09:40:41,14173.05,0
2021-05-11 09:40:42,14173.65,0
2021-05-11 09:40:44,14173.9,0
2021-05-11 09:40:45,14174.25,0
2021-05-11 09:40:46,14173.15,0
2021-05-11 09:40:47,14171.5,0
2021-05-11 09:40:48,14172.05,0
2021-05-11 09:40:49,14172.2,0
2021-05-11 09:40:50,14172.1,0
2021-05-11 09:40:51,14175.1,0
2021-05-11 09:40:52,14175.85,0
2021-05-11 09:40:53,14175.8,0
2021-05-11 09:40:54,14177.65,0
2021-05-11 09:40:55,14178.45,0
2021-05-11 09:40:56,14175.9,0
2021-05-11 09:40:57,14176.1,0
2021-05-11 09:40:58,14178.2,0
2021-05-11 09:41:00,14199.1,0
2021-05-11 09:41:01,14205.85,0
2021-05-11 09:41:02,14206.75,0
2021-05-11 09:41:03,14205.7,0
2021-05-11 09:41:04,14209.05,0
2021-05-11 09:41:05,14211.45,0
2021-05-11 09:41:06,14210.35,0
2021-05-11 09:41:07,14213.3,0
2021-05-11 09:41:08,14213.45,0
2021-05-11 09:41:09,14214.2,0
2021-05-11 09:41:10,14216.4,0
2021-05-11 09:41:11,14217.95,0
2021-05-11 09:41:12,14213.7,0
2021-05-11 09:41:13,14214.95,0
2021-05-11 09:41:14,14216.7,0
2021-05-11 09:41:16,14213.6,0
2021-05-11 09:41:17,14214.9,0
2021-05-11 09:41:19,14209.35,0
2021-05-11 09:41:20,14210.45,0
2021-05-11 09:41:21,14208.95,0
2021-05-11 09:41:22,14207.85,0
2021-05-11 09:41:23,14207.95,0
2021-05-11 09:41:24,14208.4,0
2021-05-11 09:41:25,14208.0,0
2021-05-11 09:41:26,14207.05,0
2021-05-11 09:41:27,14207.55,0
2021-05-11 09:41:28,14209.5,0
2021-05-11 09:41:30,14207.95,0
2021-05-11 09:41:31,14210.45,0
2021-05-11 09:41:33,14209.4,0
2021-05-11 09:41:34,14208.7,0
2021-05-11 09:41:35,14208.9,0
2021-05-11 09:41:36,14208.15,0
2021-05-11 09:41:37,14209.5,0
2021-05-11 09:41:39,14211.1,0
2021-05-11 09:41:40,14210.95,0
2021-05-11 09:41:41,14211.9,0
2021-05-11 09:41:42,14211.0,0
2021-05-11 09:41:45,14212.0,0
2021-05-11 09:41:46,14213.0,0
2021-05-11 09:41:47,14213.1,0
2021-05-11 09:41:48,14213.9,0
2021-05-11 09:41:49,14213.2,0
2021-05-11 09:41:50,14211.1,0
2021-05-11 09:41:51,14211.45,0
2021-05-11 09:41:52,14211.35,0
2021-05-11 09:41:53,14213.15,0
2021-05-11 09:41:54,14212.6,0
2021-05-11 09:41:55,14212.5,0
2021-05-11 09:41:56,14212.45,0
2021-05-11 09:41:57,14214.9,0
2021-05-11 09:41:58,14212.2,0
2021-05-11 09:41:59,14211.45,0
2021-05-11 09:42:00,14213.0,0
2021-05-11 09:42:01,14211.55,0
2021-05-11 09:42:02,14214.4,0
2021-05-11 09:42:03,14211.5,0
2021-05-11 09:42:04,14211.65,0
2021-05-11 09:42:05,14210.85,0
2021-05-11 09:42:06,14210.95,0
2021-05-11 09:42:07,14208.4,0
2021-05-11 09:42:08,14207.9,0
2021-05-11 09:42:09,14207.9,0
2021-05-11 09:42:10,14208.35,0
2021-05-11 09:42:11,14206.6,0
2021-05-11 09:42:12,14207.0,0
2021-05-11 09:42:13,14208.3,0
2021-05-11 09:42:14,14209.95,0
2021-05-11 09:42:15,14208.4,0
2021-05-11 09:42:16,14208.0,0
2021-05-11 09:42:17,14204.5,0
2021-05-11 09:42:18,14206.4,0
2021-05-11 09:42:19,14208.5,0
2021-05-11 09:42:20,14207.35,0
2021-05-11 09:42:22,14206.45,0
2021-05-11 09:42:23,14206.85,0
2021-05-11 09:42:25,14207.6,0
2021-05-11 09:42:26,14213.45,0
2021-05-11 09:42:27,14215.2,0
2021-05-11 09:42:28,14217.45,0
2021-05-11 09:42:29,14214.9,0
2021-05-11 09:42:32,14217.9,0
2021-05-11 09:42:33,14215.6,0
2021-05-11 09:42:34,14216.0,0
2021-05-11 09:42:36,14214.75,0
2021-05-11 09:42:37,14216.4,0
2021-05-11 09:42:38,14215.45,0
2021-05-11 09:42:40,14217.05,0
2021-05-11 09:42:41,14216.2,0
2021-05-11 09:42:42,14219.5,0
2021-05-11 09:42:43,14218.6,0
2021-05-11 09:42:44,14220.45,0
2021-05-11 09:42:45,14221.75,0
2021-05-11 09:42:46,14221.3,0
2021-05-11 09:42:47,14224.65,0
2021-05-11 09:42:48,14223.25,0
2021-05-11 09:42:49,14224.05,0
2021-05-11 09:42:50,14218.9,0
2021-05-11 09:42:52,14221.1,0
2021-05-11 09:42:53,14222.45,0
2021-05-11 09:42:55,14221.55,0
2021-05-11 09:42:56,14221.1,0
2021-05-11 09:42:57,14223.75,0
2021-05-11 09:42:58,14221.0,0
2021-05-11 09:42:59,14221.65,0
2021-05-11 09:43:00,14222.6,0
2021-05-11 09:43:01,14223.05,0
2021-05-11 09:43:02,14222.8,0
2021-05-11 09:43:03,14222.5,0
2021-05-11 09:43:04,14223.2,0
2021-05-11 09:43:05,14223.85,0
2021-05-11 09:43:06,14222.2,0
2021-05-11 09:43:07,14222.75,0
2021-05-11 09:43:08,14221.55,0
2021-05-11 09:43:09,14221.15,0
2021-05-11 09:43:10,14222.55,0
2021-05-11 09:43:11,14220.35,0
2021-05-11 09:43:12,14223.25,0
2021-05-11 09:43:13,14225.4,0
2021-05-11 09:43:14,14224.45,0
2021-05-11 09:43:15,14224.0,0
2021-05-11 09:43:16,14226.15,0
2021-05-11 09:43:17,14224.75,0
2021-05-11 09:43:18,14224.3,0
2021-05-11 09:43:19,14224.8,0
2021-05-11 09:43:20,14224.2,0
2021-05-11 09:43:21,14223.25,0
2021-05-11 09:43:22,14223.05,0
2021-05-11 09:43:23,14222.3,0
2021-05-11 09:43:24,14222.85,0
2021-05-11 09:43:26,14223.7,0
2021-05-11 09:43:28,14223.35,0
2021-05-11 09:43:29,14223.25,0
2021-05-11 09:43:30,14222.2,0
2021-05-11 09:43:31,14224.2,0
2021-05-11 09:43:32,14225.95,0
2021-05-11 09:43:33,14222.45,0
2021-05-11 09:43:34,14221.6,0
2021-05-11 09:43:35,14222.1,0
2021-05-11 09:43:37,14221.45,0
2021-05-11 09:43:38,14220.5,0
2021-05-11 09:43:39,14220.75,0
2021-05-11 09:43:40,14221.55,0
2021-05-11 09:43:41,14220.25,0
2021-05-11 09:43:42,14222.35,0
2021-05-11 09:43:43,14220.2,0
2021-05-11 09:43:44,14221.75,0
2021-05-11 09:43:45,14222.95,0
2021-05-11 09:43:46,14224.35,0
2021-05-11 09:43:47,14226.3,0
2021-05-11 09:43:48,14224.2,0
2021-05-11 09:43:49,14224.85,0
2021-05-11 09:43:50,14225.45,0
2021-05-11 09:43:51,14225.5,0
2021-05-11 09:43:52,14225.0,0
2021-05-11 09:43:53,14224.45,0
2021-05-11 09:43:54,14227.15,0
2021-05-11 09:43:55,14227.65,0
2021-05-11 09:43:57,14228.15,0
2021-05-11 09:43:59,14232.6,0
2021-05-11 09:44:00,14232.35,0
2021-05-11 09:44:01,14232.45,0
2021-05-11 09:44:02,14235.05,0
2021-05-11 09:44:03,14234.55,0
2021-05-11 09:44:04,14235.05,0
2021-05-11 09:44:05,14235.45,0
2021-05-11 09:44:06,14239.5,0
2021-05-11 09:44:08,14240.25,0
2021-05-11 09:44:09,14238.45,0
2021-05-11 09:44:11,14252.4,0
2021-05-11 09:44:12,14253.15,0
2021-05-11 09:44:13,14253.4,0
2021-05-11 09:44:14,14253.0,0
2021-05-11 09:44:15,14254.4,0
2021-05-11 09:44:17,14256.0,0
2021-05-11 09:44:18,14257.25,0
2021-05-11 09:44:19,14257.1,0
2021-05-11 09:44:21,14255.5,0
2021-05-11 09:44:22,14255.55,0
2021-05-11 09:44:23,14252.85,0
2021-05-11 09:44:24,14253.65,0
2021-05-11 09:44:25,14257.05,0
2021-05-11 09:44:26,14256.8,0
2021-05-11 09:44:28,14258.3,0
2021-05-11 09:44:27,14254.9,0
2021-05-11 09:44:29,14258.4,0
2021-05-11 09:44:30,14258.7,0
2021-05-11 09:44:31,14258.0,0
2021-05-11 09:44:32,14258.2,0
2021-05-11 09:44:33,14258.4,0
2021-05-11 09:44:34,14257.0,0
2021-05-11 09:44:35,14258.35,0
2021-05-11 09:44:36,14260.8,0
2021-05-11 09:44:37,14260.55,0
2021-05-11 09:44:38,14260.8,0
2021-05-11 09:44:40,14263.55,0
2021-05-11 09:44:41,14261.8,0
2021-05-11 09:44:42,14260.6,0
2021-05-11 09:44:43,14260.45,0
2021-05-11 09:44:45,14261.2,0
2021-05-11 09:44:46,14261.2,0
2021-05-11 09:44:47,14262.45,0
2021-05-11 09:44:48,14261.3,0
2021-05-11 09:44:49,14262.0,0
2021-05-11 09:44:50,14263.4,0
2021-05-11 09:44:51,14264.1,0
2021-05-11 09:44:52,14271.3,0
2021-05-11 09:44:53,14269.85,0
2021-05-11 09:44:54,14271.6,0
2021-05-11 09:44:55,14270.0,0
2021-05-11 09:44:56,14270.5,0
2021-05-11 09:44:57,14274.3,0
2021-05-11 09:44:58,14272.45,0
2021-05-11 09:44:59,14268.8,0
2021-05-11 09:45:00,14270.55,0
2021-05-11 09:45:02,14273.1,0
2021-05-11 09:45:03,14274.1,0
2021-05-11 09:45:05,14274.55,0
2021-05-11 09:45:06,14275.35,0
2021-05-11 09:45:07,14274.1,0
2021-05-11 09:45:08,14275.65,0
2021-05-11 09:45:09,14275.65,0
2021-05-11 09:45:10,14274.8,0
2021-05-11 09:45:11,14274.1,0
2021-05-11 09:45:12,14273.55,0
2021-05-11 09:45:13,14272.25,0
2021-05-11 09:45:14,14274.6,0
2021-05-11 09:45:15,14274.05,0
2021-05-11 09:45:16,14273.4,0
2021-05-11 09:45:18,14265.1,0
2021-05-11 09:45:19,14265.9,0
2021-05-11 09:45:20,14269.35,0
2021-05-11 09:45:21,14265.4,0
2021-05-11 09:45:22,14266.8,0
2021-05-11 09:45:23,14267.75,0
2021-05-11 09:45:24,14266.5,0
2021-05-11 09:45:25,14266.1,0
2021-05-11 09:45:26,14266.85,0
2021-05-11 09:45:27,14266.35,0
2021-05-11 09:45:28,14266.9,0
2021-05-11 09:45:29,14267.4,0
2021-05-11 09:45:31,14270.55,0
2021-05-11 09:45:32,14271.3,0
2021-05-11 09:45:33,14270.7,0
2021-05-11 09:45:34,14269.95,0
2021-05-11 09:45:36,14267.25,0
2021-05-11 09:45:37,14272.05,0
2021-05-11 09:45:38,14269.8,0
2021-05-11 09:45:39,14268.8,0
2021-05-11 09:45:40,14269.05,0
2021-05-11 09:45:41,14266.9,0
2021-05-11 09:45:42,14267.3,0
2021-05-11 09:45:43,14268.55,0
2021-05-11 09:45:44,14267.5,0
2021-05-11 09:45:46,14265.7,0
2021-05-11 09:45:47,14264.6,0
2021-05-11 09:45:48,14263.8,0
2021-05-11 09:45:49,14266.35,0
2021-05-11 09:45:50,14264.1,0
2021-05-11 09:45:51,14266.9,0
2021-05-11 09:45:52,14265.85,0
2021-05-11 09:45:53,14267.35,0
2021-05-11 09:45:54,14265.25,0
2021-05-11 09:45:55,14267.4,0
2021-05-11 09:45:56,14266.5,0
2021-05-11 09:45:58,14266.55,0
2021-05-11 09:46:00,14267.15,0
2021-05-11 09:46:01,14268.0,0
2021-05-11 09:46:02,14267.3,0
2021-05-11 09:46:03,14270.7,0
2021-05-11 09:46:04,14270.25,0
2021-05-11 09:46:05,14271.65,0
2021-05-11 09:46:06,14271.25,0
2021-05-11 09:46:08,14272.25,0
2021-05-11 09:46:09,14270.4,0
2021-05-11 09:46:10,14270.55,0
2021-05-11 09:46:12,14273.85,0
2021-05-11 09:46:13,14273.8,0
2021-05-11 09:46:14,14272.15,0
2021-05-11 09:46:15,14272.05,0
2021-05-11 09:46:16,14272.05,0
2021-05-11 09:46:17,14275.45,0
2021-05-11 09:46:18,14273.8,0
2021-05-11 09:46:19,14274.95,0
2021-05-11 09:46:20,14274.6,0
2021-05-11 09:46:22,14275.6,0
2021-05-11 09:46:24,14273.8,0
2021-05-11 09:46:25,14273.7,0
2021-05-11 09:46:26,14274.15,0
2021-05-11 09:46:27,14274.35,0
2021-05-11 09:46:28,14273.8,0
2021-05-11 09:46:29,14273.3,0
2021-05-11 09:46:30,14275.45,0
2021-05-11 09:46:33,14276.6,0
2021-05-11 09:46:34,14276.75,0
2021-05-11 09:46:37,14280.1,0
2021-05-11 09:46:38,14279.3,0
2021-05-11 09:46:42,14280.5,0
2021-05-11 09:46:44,14281.0,0
2021-05-11 09:46:45,14281.9,0
2021-05-11 09:46:46,14281.1,0
2021-05-11 09:46:48,14278.4,0
2021-05-11 09:46:49,14279.2,0
2021-05-11 09:46:50,14278.0,0
2021-05-11 09:46:51,14277.4,0
2021-05-11 09:46:52,14277.45,0
2021-05-11 09:46:53,14274.15,0
2021-05-11 09:46:54,14274.65,0
2021-05-11 09:46:55,14272.85,0
2021-05-11 09:46:56,14272.65,0
2021-05-11 09:46:57,14272.7,0
2021-05-11 09:46:58,14273.95,0
2021-05-11 09:46:59,14271.25,0
2021-05-11 09:47:00,14268.0,0
2021-05-11 09:47:01,14266.5,0
2021-05-11 09:47:02,14266.6,0
2021-05-11 09:47:03,14266.45,0
2021-05-11 09:47:04,14264.2,0
2021-05-11 09:47:05,14263.85,0
2021-05-11 09:47:06,14265.45,0
2021-05-11 09:47:07,14266.35,0
2021-05-11 09:47:08,14265.6,0
2021-05-11 09:47:09,14266.4,0
2021-05-11 09:47:11,14269.9,0
2021-05-11 09:47:12,14268.8,0
2021-05-11 09:47:14,14270.75,0
2021-05-11 09:47:15,14271.95,0
2021-05-11 09:47:16,14273.05,0
2021-05-11 09:47:17,14273.05,0
2021-05-11 09:47:18,14269.6,0
2021-05-11 09:47:19,14268.4,0
2021-05-11 09:47:20,14268.75,0
2021-05-11 09:47:21,14269.8,0
2021-05-11 09:47:22,14271.0,0
2021-05-11 09:47:23,14269.6,0
2021-05-11 09:47:24,14270.05,0
2021-05-11 09:47:25,14271.4,0
2021-05-11 09:47:26,14271.2,0
2021-05-11 09:47:27,14272.1,0
2021-05-11 09:47:28,14270.7,0
2021-05-11 09:47:29,14270.95,0
2021-05-11 09:47:30,14273.5,0
2021-05-11 09:47:31,14274.25,0
2021-05-11 09:47:32,14272.45,0
2021-05-11 09:47:33,14272.2,0
2021-05-11 09:47:35,14272.15,0
2021-05-11 09:47:37,14270.9,0
2021-05-11 09:47:38,14273.15,0
2021-05-11 09:47:39,14271.15,0
2021-05-11 09:47:40,14270.15,0
2021-05-11 09:47:42,14269.45,0
2021-05-11 09:47:43,14270.3,0
2021-05-11 09:47:44,14271.55,0
2021-05-11 09:47:46,14268.3,0
2021-05-11 09:47:47,14267.6,0
2021-05-11 09:47:50,14268.25,0
2021-05-11 09:47:51,14267.2,0
2021-05-11 09:47:52,14269.6,0
2021-05-11 09:47:54,14267.2,0
2021-05-11 09:47:56,14262.7,0
2021-05-11 09:47:57,14263.9,0
2021-05-11 09:47:58,14264.2,0
2021-05-11 09:47:59,14264.15,0
2021-05-11 09:48:00,14261.45,0
2021-05-11 09:48:01,14262.6,0
2021-05-11 09:48:02,14263.25,0
2021-05-11 09:48:03,14269.15,0
2021-05-11 09:48:04,14267.6,0
2021-05-11 09:48:05,14266.85,0
2021-05-11 09:48:07,14269.5,0
2021-05-11 09:48:09,14267.95,0
2021-05-11 09:48:10,14270.5,0
2021-05-11 09:48:11,14269.95,0
2021-05-11 09:48:12,14269.5,0
2021-05-11 09:48:13,14266.7,0
2021-05-11 09:48:14,14267.8,0
2021-05-11 09:48:15,14267.75,0
2021-05-11 09:48:16,14266.8,0
2021-05-11 09:48:17,14268.5,0
2021-05-11 09:48:18,14267.35,0
2021-05-11 09:48:19,14267.75,0
2021-05-11 09:48:21,14267.5,0
2021-05-11 09:48:22,14267.75,0
2021-05-11 09:48:23,14268.8,0
2021-05-11 09:48:24,14269.9,0
2021-05-11 09:48:25,14268.6,0
2021-05-11 09:48:26,14270.2,0
2021-05-11 09:48:27,14269.2,0
2021-05-11 09:48:28,14269.0,0
2021-05-11 09:48:29,14267.55,0
2021-05-11 09:48:30,14268.65,0
2021-05-11 09:48:31,14267.15,0
2021-05-11 09:48:32,14268.65,0
2021-05-11 09:48:33,14265.65,0
2021-05-11 09:48:34,14267.5,0
2021-05-11 09:48:35,14266.3,0
2021-05-11 09:48:36,14267.5,0
2021-05-11 09:48:38,14267.4,0
2021-05-11 09:48:39,14267.1,0
2021-05-11 09:48:40,14265.45,0
2021-05-11 09:48:41,14267.3,0
2021-05-11 09:48:42,14265.45,0
2021-05-11 09:48:43,14264.8,0
2021-05-11 09:48:44,14264.0,0
2021-05-11 09:48:45,14261.95,0
2021-05-11 09:48:48,14263.0,0
2021-05-11 09:48:49,14262.9,0
2021-05-11 09:48:50,14262.85,0
2021-05-11 09:48:51,14259.55,0
2021-05-11 09:48:52,14258.8,0
2021-05-11 09:48:53,14262.25,0
2021-05-11 09:48:54,14264.7,0
2021-05-11 09:48:56,14262.55,0
2021-05-11 09:48:57,14262.1,0
2021-05-11 09:48:58,14261.65,0
2021-05-11 09:48:59,14263.35,0
2021-05-11 09:49:00,14260.85,0
2021-05-11 09:49:01,14263.2,0
2021-05-11 09:49:02,14263.05,0
2021-05-11 09:49:03,14261.55,0
2021-05-11 09:49:04,14264.5,0
2021-05-11 09:49:06,14262.65,0
2021-05-11 09:49:07,14264.7,0
2021-05-11 09:49:08,14263.35,0
2021-05-11 09:49:10,14264.0,0
2021-05-11 09:49:11,14261.3,0
2021-05-11 09:49:13,14260.9,0
2021-05-11 09:49:14,14261.55,0
2021-05-11 09:49:15,14261.25,0
2021-05-11 09:49:16,14261.0,0
2021-05-11 09:49:17,14260.6,0
2021-05-11 09:49:18,14258.55,0
2021-05-11 09:49:20,14246.6,0
2021-05-11 09:49:21,14245.4,0
2021-05-11 09:49:22,14243.85,0
2021-05-11 09:49:23,14242.85,0
2021-05-11 09:49:24,14241.4,0
2021-05-11 09:49:27,14240.55,0
2021-05-11 09:49:28,14238.95,0
2021-05-11 09:49:29,14236.4,0
2021-05-11 09:49:30,14239.6,0
2021-05-11 09:49:31,14237.1,0
2021-05-11 09:49:32,14234.75,0
2021-05-11 09:49:33,14229.15,0
2021-05-11 09:49:34,14223.25,0
2021-05-11 09:49:35,14222.95,0
2021-05-11 09:49:36,14221.55,0
2021-05-11 09:49:37,14225.5,0
2021-05-11 09:49:38,14219.8,0
2021-05-11 09:49:39,14221.55,0
2021-05-11 09:49:40,14224.1,0
2021-05-11 09:49:41,14223.35,0
2021-05-11 09:49:42,14223.3,0
2021-05-11 09:49:43,14225.3,0
2021-05-11 09:49:45,14228.0,0
2021-05-11 09:49:46,14226.1,0
2021-05-11 09:49:48,14226.05,0
2021-05-11 09:49:49,14226.4,0
2021-05-11 09:49:50,14227.0,0
2021-05-11 09:49:51,14226.85,0
2021-05-11 09:49:52,14225.45,0
2021-05-11 09:49:53,14229.35,0
2021-05-11 09:49:54,14230.4,0
2021-05-11 09:49:55,14229.75,0
2021-05-11 09:49:56,14227.2,0
2021-05-11 09:49:57,14229.75,0
2021-05-11 09:49:58,14230.85,0
2021-05-11 09:49:59,14229.3,0
2021-05-11 09:50:00,14229.75,0
2021-05-11 09:50:01,14230.7,0
2021-05-11 09:50:02,14231.15,0
2021-05-11 09:50:03,14230.7,0
2021-05-11 09:50:04,14231.2,0
2021-05-11 09:50:05,14232.75,0
2021-05-11 09:50:06,14228.25,0
2021-05-11 09:50:08,14228.2,0
2021-05-11 09:50:09,14231.65,0
2021-05-11 09:50:10,14230.5,0
2021-05-11 09:50:11,14232.05,0
2021-05-11 09:50:14,14231.1,0
2021-05-11 09:50:15,14229.75,0
2021-05-11 09:50:16,14228.55,0
2021-05-11 09:50:17,14230.25,0
2021-05-11 09:50:18,14230.5,0
2021-05-11 09:50:19,14229.75,0
2021-05-11 09:50:20,14227.95,0
2021-05-11 09:50:21,14227.95,0
2021-05-11 09:50:24,14223.9,0
2021-05-11 09:50:25,14227.9,0
2021-05-11 09:50:28,14224.25,0
2021-05-11 09:50:29,14224.5,0
2021-05-11 09:50:30,14224.9,0
2021-05-11 09:50:31,14221.65,0
2021-05-11 09:50:32,14222.85,0
2021-05-11 09:50:33,14220.8,0
2021-05-11 09:50:34,14218.15,0
2021-05-11 09:50:35,14218.9,0
2021-05-11 09:50:36,14217.55,0
2021-05-11 09:50:37,14217.4,0
2021-05-11 09:50:38,14217.75,0
2021-05-11 09:50:39,14214.55,0
2021-05-11 09:50:40,14215.55,0
2021-05-11 09:50:41,14216.1,0
2021-05-11 09:50:42,14214.85,0
2021-05-11 09:50:43,14216.45,0
2021-05-11 09:50:44,14217.1,0
2021-05-11 09:50:45,14214.8,0
2021-05-11 09:50:46,14216.8,0
2021-05-11 09:50:47,14216.9,0
2021-05-11 09:50:48,14216.25,0
2021-05-11 09:50:49,14216.6,0
2021-05-11 09:50:50,14217.0,0
2021-05-11 09:50:51,14217.65,0
2021-05-11 09:50:52,14218.7,0
2021-05-11 09:50:53,14218.3,0
2021-05-11 09:50:54,14219.7,0
2021-05-11 09:50:55,14219.25,0
2021-05-11 09:50:56,14220.7,0
2021-05-11 09:50:57,14220.5,0
2021-05-11 09:50:58,14222.05,0
2021-05-11 09:50:59,14223.95,0
2021-05-11 09:51:00,14219.75,0
2021-05-11 09:51:01,14220.75,0
2021-05-11 09:51:02,14222.0,0
2021-05-11 09:51:03,14221.65,0
2021-05-11 09:51:04,14220.15,0
2021-05-11 09:51:05,14220.25,0
2021-05-11 09:51:06,14218.75,0
2021-05-11 09:51:07,14216.9,0
2021-05-11 09:51:08,14217.0,0
2021-05-11 09:51:09,14217.7,0
2021-05-11 09:51:10,14218.55,0
2021-05-11 09:51:11,14217.75,0
2021-05-11 09:51:12,14218.7,0
2021-05-11 09:51:13,14220.35,0
2021-05-11 09:51:14,14220.5,0
2021-05-11 09:51:15,14219.1,0
2021-05-11 09:51:16,14217.4,0
2021-05-11 09:51:17,14219.05,0
2021-05-11 09:51:18,14218.7,0
2021-05-11 09:51:19,14217.5,0
2021-05-11 09:51:21,14217.65,0
2021-05-11 09:51:22,14218.65,0
2021-05-11 09:51:23,14217.5,0
2021-05-11 09:51:24,14218.85,0
2021-05-11 09:51:27,14218.75,0
2021-05-11 09:51:29,14217.65,0
2021-05-11 09:51:30,14219.0,0
2021-05-11 09:51:31,14218.35,0
2021-05-11 09:51:32,14218.2,0
2021-05-11 09:51:34,14217.1,0
2021-05-11 09:51:35,14219.2,0
2021-05-11 09:51:36,14217.05,0
2021-05-11 09:51:37,14217.1,0
2021-05-11 09:51:38,14216.95,0
2021-05-11 09:51:39,14217.5,0
2021-05-11 09:51:40,14217.1,0
2021-05-11 09:51:41,14218.0,0
2021-05-11 09:51:42,14219.75,0
2021-05-11 09:51:44,14217.55,0
2021-05-11 09:51:45,14219.2,0
2021-05-11 09:51:46,14219.35,0
2021-05-11 09:51:47,14217.05,0
2021-05-11 09:51:48,14218.85,0
2021-05-11 09:51:49,14219.0,0
2021-05-11 09:51:50,14219.25,0
2021-05-11 09:51:51,14217.7,0
2021-05-11 09:51:52,14218.0,0
2021-05-11 09:51:53,14216.95,0
2021-05-11 09:51:54,14217.4,0
2021-05-11 09:51:55,14218.7,0
2021-05-11 09:51:56,14218.1,0
2021-05-11 09:51:57,14217.75,0
2021-05-11 09:51:58,14219.45,0
2021-05-11 09:51:59,14217.9,0
2021-05-11 09:52:00,14218.8,0
2021-05-11 09:52:01,14218.9,0
2021-05-11 09:52:02,14219.45,0
2021-05-11 09:52:03,14220.9,0
2021-05-11 09:52:04,14217.75,0
2021-05-11 09:52:06,14217.95,0
2021-05-11 09:52:07,14216.45,0
2021-05-11 09:52:08,14216.2,0
2021-05-11 09:52:09,14217.75,0
2021-05-11 09:52:10,14216.6,0
2021-05-11 09:52:11,14219.4,0
2021-05-11 09:52:13,14216.05,0
2021-05-11 09:52:14,14216.6,0
2021-05-11 09:52:15,14218.15,0
2021-05-11 09:52:16,14218.65,0
2021-05-11 09:52:17,14217.8,0
2021-05-11 09:52:18,14215.65,0
2021-05-11 09:52:19,14216.8,0
2021-05-11 09:52:20,14217.25,0
2021-05-11 09:52:21,14216.9,0
2021-05-11 09:52:22,14217.25,0
2021-05-11 09:52:23,14217.6,0
2021-05-11 09:52:25,14215.05,0
2021-05-11 09:52:26,14215.1,0
2021-05-11 09:52:27,14214.35,0
2021-05-11 09:52:28,14215.25,0
2021-05-11 09:52:29,14216.95,0
2021-05-11 09:52:30,14216.75,0
2021-05-11 09:52:31,14215.55,0
2021-05-11 09:52:32,14216.6,0
2021-05-11 09:52:33,14214.9,0
2021-05-11 09:52:34,14215.2,0
2021-05-11 09:52:35,14215.75,0
2021-05-11 09:52:36,14214.8,0
2021-05-11 09:52:37,14214.25,0
2021-05-11 09:52:38,14214.7,0
2021-05-11 09:52:39,14216.3,0
2021-05-11 09:52:40,14216.55,0
2021-05-11 09:52:42,14216.25,0
2021-05-11 09:52:43,14217.9,0
2021-05-11 09:52:44,14218.65,0
2021-05-11 09:52:45,14217.5,0
2021-05-11 09:52:46,14217.2,0
2021-05-11 09:52:48,14216.45,0
2021-05-11 09:52:49,14213.55,0
2021-05-11 09:52:50,14214.65,0
2021-05-11 09:52:51,14214.75,0
2021-05-11 09:52:52,14213.6,0
2021-05-11 09:52:53,14214.4,0
2021-05-11 09:52:54,14215.5,0
2021-05-11 09:52:55,14211.75,0
2021-05-11 09:52:56,14210.3,0
2021-05-11 09:52:57,14213.9,0
2021-05-11 09:52:58,14212.85,0
2021-05-11 09:52:59,14214.3,0
2021-05-11 09:53:00,14215.65,0
2021-05-11 09:53:01,14214.35,0
2021-05-11 09:53:02,14213.65,0
2021-05-11 09:53:03,14216.0,0
2021-05-11 09:53:04,14218.2,0
2021-05-11 09:53:05,14218.35,0
2021-05-11 09:53:06,14217.3,0
2021-05-11 09:53:07,14218.75,0
2021-05-11 09:53:08,14215.0,0
2021-05-11 09:53:09,14216.15,0
2021-05-11 09:53:10,14216.1,0
2021-05-11 09:53:11,14215.55,0
2021-05-11 09:53:12,14214.85,0
2021-05-11 09:53:13,14212.85,0
2021-05-11 09:53:14,14213.85,0
2021-05-11 09:53:16,14215.6,0
2021-05-11 09:53:17,14215.6,0
2021-05-11 09:53:18,14214.9,0
2021-05-11 09:53:19,14213.3,0
2021-05-11 09:53:20,14215.05,0
2021-05-11 09:53:21,14215.0,0
2021-05-11 09:53:22,14211.9,0
2021-05-11 09:53:23,14213.25,0
2021-05-11 09:53:24,14211.0,0
2021-05-11 09:53:25,14211.85,0
2021-05-11 09:53:26,14212.55,0
2021-05-11 09:53:27,14212.85,0
2021-05-11 09:53:28,14211.65,0
2021-05-11 09:53:29,14211.95,0
2021-05-11 09:53:30,14213.6,0
2021-05-11 09:53:31,14211.7,0
2021-05-11 09:53:32,14212.2,0
2021-05-11 09:53:33,14213.25,0
2021-05-11 09:53:34,14211.4,0
2021-05-11 09:53:35,14212.45,0
2021-05-11 09:53:36,14213.8,0
2021-05-11 09:53:37,14216.55,0
2021-05-11 09:53:38,14215.65,0
2021-05-11 09:53:39,14214.45,0
2021-05-11 09:53:40,14214.75,0
2021-05-11 09:53:41,14215.8,0
2021-05-11 09:53:42,14215.5,0
2021-05-11 09:53:43,14215.05,0
2021-05-11 09:53:44,14216.7,0
2021-05-11 09:53:45,14216.55,0
2021-05-11 09:53:46,14213.1,0
2021-05-11 09:53:47,14212.7,0
2021-05-11 09:53:48,14212.75,0
2021-05-11 09:53:49,14211.6,0
2021-05-11 09:53:50,14210.1,0
2021-05-11 09:53:51,14212.9,0
2021-05-11 09:53:52,14212.3,0
2021-05-11 09:53:53,14212.45,0
2021-05-11 09:53:54,14208.45,0
2021-05-11 09:53:55,14210.15,0
2021-05-11 09:53:56,14211.15,0
2021-05-11 09:53:57,14211.35,0
2021-05-11 09:53:58,14210.4,0
2021-05-11 09:54:00,14208.95,0
2021-05-11 09:54:01,14207.6,0
2021-05-11 09:54:03,14208.8,0
2021-05-11 09:54:04,14208.25,0
2021-05-11 09:54:05,14209.9,0
2021-05-11 09:54:06,14209.0,0
2021-05-11 09:54:08,14209.15,0
2021-05-11 09:54:09,14208.35,0
2021-05-11 09:54:11,14207.9,0
2021-05-11 09:54:12,14209.35,0
2021-05-11 09:54:13,14209.45,0
2021-05-11 09:54:14,14210.9,0
2021-05-11 09:54:15,14210.9,0
2021-05-11 09:54:16,14210.75,0
2021-05-11 09:54:17,14214.85,0
2021-05-11 09:54:18,14214.05,0
2021-05-11 09:54:19,14218.6,0
2021-05-11 09:54:21,14217.2,0
2021-05-11 09:54:23,14215.7,0
2021-05-11 09:54:24,14217.95,0
2021-05-11 09:54:26,14215.55,0
2021-05-11 09:54:27,14216.85,0
2021-05-11 09:54:28,14217.5,0
2021-05-11 09:54:30,14217.4,0
2021-05-11 09:54:31,14219.65,0
2021-05-11 09:54:32,14220.45,0
2021-05-11 09:54:33,14219.85,0
2021-05-11 09:54:34,14220.05,0
2021-05-11 09:54:35,14221.9,0
2021-05-11 09:54:36,14220.7,0
2021-05-11 09:54:37,14221.4,0
2021-05-11 09:54:39,14221.35,0
2021-05-11 09:54:40,14220.65,0
2021-05-11 09:54:41,14223.7,0
2021-05-11 09:54:42,14223.9,0
2021-05-11 09:54:43,14220.45,0
2021-05-11 09:54:44,14222.25,0
2021-05-11 09:54:48,14239.0,0
2021-05-11 09:54:49,14238.1,0
2021-05-11 09:54:53,14239.3,0
2021-05-11 09:54:54,14239.25,0
2021-05-11 09:54:55,14237.75,0
2021-05-11 09:54:57,14236.3,0
2021-05-11 09:54:58,14236.2,0
2021-05-11 09:54:59,14229.9,0
2021-05-11 09:55:00,14229.45,0
2021-05-11 09:55:01,14231.55,0
2021-05-11 09:55:02,14230.1,0
2021-05-11 09:55:04,14232.7,0
2021-05-11 09:55:05,14231.8,0
2021-05-11 09:55:06,14230.5,0
2021-05-11 09:55:07,14231.7,0
2021-05-11 09:55:08,14230.5,0
2021-05-11 09:55:09,14231.4,0
2021-05-11 09:55:11,14230.8,0
2021-05-11 09:55:13,14223.9,0
2021-05-11 09:55:14,14225.05,0
2021-05-11 09:55:15,14225.8,0
2021-05-11 09:55:16,14224.05,0
2021-05-11 09:55:17,14225.5,0
2021-05-11 09:55:18,14224.65,0
2021-05-11 09:55:19,14225.8,0
2021-05-11 09:55:20,14223.85,0
2021-05-11 09:55:21,14225.05,0
2021-05-11 09:55:22,14222.45,0
2021-05-11 09:55:23,14223.15,0
2021-05-11 09:55:24,14224.8,0
2021-05-11 09:55:26,14216.4,0
2021-05-11 09:55:27,14217.3,0
2021-05-11 09:55:28,14215.0,0
2021-05-11 09:55:29,14215.95,0
2021-05-11 09:55:31,14213.0,0
2021-05-11 09:55:32,14212.15,0
2021-05-11 09:55:33,14213.15,0
2021-05-11 09:55:34,14213.1,0
2021-05-11 09:55:35,14211.9,0
2021-05-11 09:55:36,14212.3,0
2021-05-11 09:55:37,14213.2,0
2021-05-11 09:55:38,14212.25,0
2021-05-11 09:55:39,14214.15,0
2021-05-11 09:55:41,14214.6,0
2021-05-11 09:55:42,14212.95,0
2021-05-11 09:55:43,14214.55,0
2021-05-11 09:55:44,14214.05,0
2021-05-11 09:55:45,14213.8,0
2021-05-11 09:55:47,14215.85,0
2021-05-11 09:55:48,14213.8,0
2021-05-11 09:55:49,14211.55,0
2021-05-11 09:55:50,14213.7,0
2021-05-11 09:55:51,14213.75,0
2021-05-11 09:55:52,14212.65,0
2021-05-11 09:55:53,14215.3,0
2021-05-11 09:55:54,14216.45,0
2021-05-11 09:55:55,14215.75,0
2021-05-11 09:55:56,14217.65,0
2021-05-11 09:55:57,14216.4,0
2021-05-11 09:55:58,14217.2,0
2021-05-11 09:55:59,14219.05,0
2021-05-11 09:56:00,14220.55,0
2021-05-11 09:56:01,14221.85,0
2021-05-11 09:56:02,14221.05,0
2021-05-11 09:56:03,14222.3,0
2021-05-11 09:56:04,14221.2,0
2021-05-11 09:56:05,14220.55,0
2021-05-11 09:56:06,14220.8,0
2021-05-11 09:56:07,14220.7,0
2021-05-11 09:56:08,14220.15,0
2021-05-11 09:56:09,14221.2,0
2021-05-11 09:56:10,14221.6,0
2021-05-11 09:56:11,14222.4,0
2021-05-11 09:56:12,14219.9,0
2021-05-11 09:56:13,14222.9,0
2021-05-11 09:56:14,14222.5,0
2021-05-11 09:56:15,14222.5,0
2021-05-11 09:56:17,14225.2,0
2021-05-11 09:56:18,14223.1,0
2021-05-11 09:56:19,14225.6,0
2021-05-11 09:56:20,14226.5,0
2021-05-11 09:56:21,14226.4,0
2021-05-11 09:56:22,14226.2,0
2021-05-11 09:56:24,14224.5,0
2021-05-11 09:56:25,14224.2,0
2021-05-11 09:56:26,14224.25,0
2021-05-11 09:56:27,14223.35,0
2021-05-11 09:56:28,14223.6,0
2021-05-11 09:56:29,14224.15,0
2021-05-11 09:56:31,14222.6,0
2021-05-11 09:56:33,14222.0,0
2021-05-11 09:56:34,14223.15,0
2021-05-11 09:56:35,14222.35,0
2021-05-11 09:56:36,14222.6,0
2021-05-11 09:56:37,14223.1,0
2021-05-11 09:56:38,14223.8,0
2021-05-11 09:56:39,14223.1,0
2021-05-11 09:56:40,14222.35,0
2021-05-11 09:56:41,14222.6,0
2021-05-11 09:56:42,14222.25,0
2021-05-11 09:56:43,14221.65,0
2021-05-11 09:56:44,14223.9,0
2021-05-11 09:56:45,14221.6,0
2021-05-11 09:56:46,14221.2,0
2021-05-11 09:56:47,14220.6,0
2021-05-11 09:56:48,14219.6,0
2021-05-11 09:56:49,14221.15,0
2021-05-11 09:56:50,14220.55,0
2021-05-11 09:56:51,14218.0,0
2021-05-11 09:56:52,14220.05,0
2021-05-11 09:56:53,14216.4,0
2021-05-11 09:56:54,14217.55,0
2021-05-11 09:56:55,14217.55,0
2021-05-11 09:56:56,14219.85,0
2021-05-11 09:56:57,14220.0,0
2021-05-11 09:56:58,14219.55,0
2021-05-11 09:56:59,14220.75,0
2021-05-11 09:57:00,14217.0,0
2021-05-11 09:57:01,14219.75,0
2021-05-11 09:57:02,14218.25,0
2021-05-11 09:57:03,14219.45,0
2021-05-11 09:57:04,14217.6,0
2021-05-11 09:57:05,14217.05,0
2021-05-11 09:57:06,14216.7,0
2021-05-11 09:57:07,14218.4,0
2021-05-11 09:57:08,14216.6,0
2021-05-11 09:57:09,14216.95,0
2021-05-11 09:57:10,14218.5,0
2021-05-11 09:57:11,14218.3,0
2021-05-11 09:57:12,14217.05,0
2021-05-11 09:57:13,14217.3,0
2021-05-11 09:57:14,14218.6,0
2021-05-11 09:57:15,14216.55,0
2021-05-11 09:57:16,14217.95,0
2021-05-11 09:57:17,14217.1,0
2021-05-11 09:57:18,14216.8,0
2021-05-11 09:57:19,14216.75,0
2021-05-11 09:57:20,14216.3,0
2021-05-11 09:57:21,14218.0,0
2021-05-11 09:57:22,14218.1,0
2021-05-11 09:57:23,14219.5,0
2021-05-11 09:57:24,14217.5,0
2021-05-11 09:57:25,14218.6,0
2021-05-11 09:57:26,14216.15,0
2021-05-11 09:57:27,14216.75,0
2021-05-11 09:57:28,14215.85,0
2021-05-11 09:57:29,14216.7,0
2021-05-11 09:57:30,14216.9,0
2021-05-11 09:57:31,14214.0,0
2021-05-11 09:57:32,14211.75,0
2021-05-11 09:57:33,14209.05,0
2021-05-11 09:57:34,14211.65,0
2021-05-11 09:57:35,14210.15,0
2021-05-11 09:57:36,14210.3,0
2021-05-11 09:57:37,14212.0,0
2021-05-11 09:57:38,14212.7,0
2021-05-11 09:57:39,14211.35,0
2021-05-11 09:57:40,14210.9,0
2021-05-11 09:57:41,14210.95,0
2021-05-11 09:57:42,14211.4,0
2021-05-11 09:57:43,14213.5,0
2021-05-11 09:57:44,14214.15,0
2021-05-11 09:57:45,14214.3,0
2021-05-11 09:57:46,14214.65,0
2021-05-11 09:57:47,14214.6,0
2021-05-11 09:57:48,14215.05,0
2021-05-11 09:57:49,14214.7,0
2021-05-11 09:57:50,14214.65,0
2021-05-11 09:57:53,14214.55,0
2021-05-11 09:57:54,14213.85,0
2021-05-11 09:57:55,14215.95,0
2021-05-11 09:57:56,14217.25,0
2021-05-11 09:57:57,14215.15,0
2021-05-11 09:57:58,14215.05,0
2021-05-11 09:57:59,14216.0,0
2021-05-11 09:58:00,14215.95,0
2021-05-11 09:58:01,14216.7,0
2021-05-11 09:58:02,14216.25,0
2021-05-11 09:58:04,14215.15,0
2021-05-11 09:58:05,14216.1,0
2021-05-11 09:58:06,14219.65,0
2021-05-11 09:58:07,14223.25,0
2021-05-11 09:58:08,14223.7,0
2021-05-11 09:58:09,14223.25,0
2021-05-11 09:58:10,14220.55,0
2021-05-11 09:58:11,14223.65,0
2021-05-11 09:58:12,14223.35,0
2021-05-11 09:58:13,14221.5,0
2021-05-11 09:58:14,14221.3,0
2021-05-11 09:58:15,14224.1,0
2021-05-11 09:58:16,14222.65,0
2021-05-11 09:58:17,14222.75,0
2021-05-11 09:58:18,14222.2,0
2021-05-11 09:58:19,14223.05,0
2021-05-11 09:58:20,14223.25,0
2021-05-11 09:58:21,14224.85,0
2021-05-11 09:58:23,14223.05,0
2021-05-11 09:58:24,14224.4,0
2021-05-11 09:58:25,14224.3,0
2021-05-11 09:58:26,14223.45,0
2021-05-11 09:58:28,14224.1,0
2021-05-11 09:58:29,14225.7,0
2021-05-11 09:58:30,14225.35,0
2021-05-11 09:58:31,14227.7,0
2021-05-11 09:58:32,14228.45,0
2021-05-11 09:58:34,14227.3,0
2021-05-11 09:58:35,14225.45,0
2021-05-11 09:58:36,14226.3,0
2021-05-11 09:58:37,14224.95,0
2021-05-11 09:58:38,14224.05,0
2021-05-11 09:58:39,14224.7,0
2021-05-11 09:58:40,14223.7,0
2021-05-11 09:58:41,14224.1,0
2021-05-11 09:58:42,14224.95,0
2021-05-11 09:58:43,14225.05,0
2021-05-11 09:58:45,14222.35,0
2021-05-11 09:58:48,14218.65,0
2021-05-11 09:58:49,14219.45,0
2021-05-11 09:58:51,14219.15,0
2021-05-11 09:58:52,14219.8,0
2021-05-11 09:58:53,14221.1,0
2021-05-11 09:58:54,14219.75,0
2021-05-11 09:58:55,14222.15,0
2021-05-11 09:58:56,14221.25,0
2021-05-11 09:58:57,14222.6,0
2021-05-11 09:58:58,14218.5,0
2021-05-11 09:58:59,14218.75,0
2021-05-11 09:59:00,14219.55,0
2021-05-11 09:59:02,14219.6,0
2021-05-11 09:59:03,14219.5,0
2021-05-11 09:59:04,14218.55,0
2021-05-11 09:59:05,14217.4,0
2021-05-11 09:59:07,14216.7,0
2021-05-11 09:59:09,14217.55,0
2021-05-11 09:59:10,14218.65,0
2021-05-11 09:59:11,14218.35,0
2021-05-11 09:59:13,14219.05,0
2021-05-11 09:59:14,14220.0,0
2021-05-11 09:59:15,14218.35,0
2021-05-11 09:59:18,14216.35,0
2021-05-11 09:59:20,14216.6,0
2021-05-11 09:59:21,14216.05,0
2021-05-11 09:59:23,14218.85,0
2021-05-11 09:59:25,14219.25,0
2021-05-11 09:59:27,14220.85,0
2021-05-11 09:59:28,14219.2,0
2021-05-11 09:59:29,14219.15,0
2021-05-11 09:59:30,14219.15,0
2021-05-11 09:59:31,14218.85,0
2021-05-11 09:59:32,14219.55,0
2021-05-11 09:59:33,14220.65,0
2021-05-11 09:59:35,14221.1,0
2021-05-11 09:59:36,14221.05,0
2021-05-11 09:59:37,14219.95,0
2021-05-11 09:59:38,14220.65,0
2021-05-11 09:59:39,14220.55,0
2021-05-11 09:59:40,14220.75,0
2021-05-11 09:59:41,14224.1,0
2021-05-11 09:59:42,14222.05,0
2021-05-11 09:59:43,14222.65,0
2021-05-11 09:59:44,14222.65,0
2021-05-11 09:59:45,14224.05,0
2021-05-11 09:59:46,14222.05,0
2021-05-11 09:59:47,14222.75,0
2021-05-11 09:59:49,14223.2,0
2021-05-11 09:59:50,14224.6,0
2021-05-11 09:59:52,14222.9,0
2021-05-11 09:59:54,14226.35,0
2021-05-11 09:59:55,14226.05,0
2021-05-11 09:59:56,14225.35,0
2021-05-11 09:59:58,14224.45,0
2021-05-11 09:59:59,14224.85,0
2021-05-11 10:00:00,14224.1,0
2021-05-11 10:00:02,14223.35,0
2021-05-11 10:00:03,14223.3,0
2021-05-11 10:00:04,14223.45,0
2021-05-11 10:00:05,14224.85,0
2021-05-11 10:00:06,14223.2,0
2021-05-11 10:00:07,14223.15,0
2021-05-11 10:00:08,14222.45,0
2021-05-11 10:00:09,14224.05,0
2021-05-11 10:00:10,14224.5,0
2021-05-11 10:00:11,14226.3,0
2021-05-11 10:00:12,14226.8,0
2021-05-11 10:00:13,14225.55,0
2021-05-11 10:00:14,14225.45,0
2021-05-11 10:00:16,14225.8,0
2021-05-11 10:00:18,14224.5,0
2021-05-11 10:00:19,14225.5,0
2021-05-11 10:00:20,14225.4,0
2021-05-11 10:00:21,14223.2,0
2021-05-11 10:00:22,14225.4,0
2021-05-11 10:00:23,14225.95,0
2021-05-11 10:00:25,14222.4,0
2021-05-11 10:00:26,14220.0,0
2021-05-11 10:00:27,14218.8,0
2021-05-11 10:00:28,14220.15,0
2021-05-11 10:00:29,14218.5,0
2021-05-11 10:00:30,14221.3,0
2021-05-11 10:00:31,14222.85,0
2021-05-11 10:00:32,14220.35,0
2021-05-11 10:00:33,14220.3,0
2021-05-11 10:00:34,14219.45,0
2021-05-11 10:00:35,14218.75,0
2021-05-11 10:00:36,14218.05,0
2021-05-11 10:00:37,14214.95,0
2021-05-11 10:00:38,14217.2,0
2021-05-11 10:00:39,14215.75,0
2021-05-11 10:00:40,14215.35,0
2021-05-11 10:00:41,14217.15,0
2021-05-11 10:00:42,14215.95,0
2021-05-11 10:00:43,14216.35,0
2021-05-11 10:00:44,14216.2,0
2021-05-11 10:00:45,14214.95,0
2021-05-11 10:00:46,14216.05,0
2021-05-11 10:00:47,14215.9,0
2021-05-11 10:00:48,14217.7,0
2021-05-11 10:00:49,14214.8,0
2021-05-11 10:00:50,14215.0,0
2021-05-11 10:00:51,14214.55,0
2021-05-11 10:00:52,14215.4,0
2021-05-11 10:00:54,14214.55,0
2021-05-11 10:00:55,14214.2,0
2021-05-11 10:00:56,14212.5,0
2021-05-11 10:00:57,14212.2,0
2021-05-11 10:00:58,14210.85,0
2021-05-11 10:00:59,14211.55,0
2021-05-11 10:01:00,14207.5,0
2021-05-11 10:01:01,14206.85,0
2021-05-11 10:01:02,14207.95,0
2021-05-11 10:01:03,14207.4,0
2021-05-11 10:01:04,14207.75,0
2021-05-11 10:01:05,14207.4,0
2021-05-11 10:01:06,14206.45,0
2021-05-11 10:01:07,14207.6,0
2021-05-11 10:01:09,14208.5,0
2021-05-11 10:01:10,14206.45,0
2021-05-11 10:01:11,14204.7,0
2021-05-11 10:01:12,14197.65,0
2021-05-11 10:01:13,14198.2,0
2021-05-11 10:01:14,14197.75,0
2021-05-11 10:01:15,14198.1,0
2021-05-11 10:01:17,14200.55,0
2021-05-11 10:01:18,14202.9,0
2021-05-11 10:01:19,14201.2,0
2021-05-11 10:01:20,14201.85,0
2021-05-11 10:01:21,14200.05,0
2021-05-11 10:01:22,14202.85,0
2021-05-11 10:01:23,14205.45,0
2021-05-11 10:01:24,14205.75,0
2021-05-11 10:01:25,14205.85,0
2021-05-11 10:01:27,14212.7,0
2021-05-11 10:01:28,14210.35,0
2021-05-11 10:01:29,14208.75,0
2021-05-11 10:01:30,14210.35,0
2021-05-11 10:01:31,14209.65,0
2021-05-11 10:01:33,14209.55,0
2021-05-11 10:01:34,14212.05,0
2021-05-11 10:01:35,14209.95,0
2021-05-11 10:01:36,14208.7,0
2021-05-11 10:01:37,14210.95,0
2021-05-11 10:01:38,14210.15,0
2021-05-11 10:01:39,14212.15,0
2021-05-11 10:01:40,14212.35,0
2021-05-11 10:01:41,14212.45,0
2021-05-11 10:01:43,14212.15,0
2021-05-11 10:01:45,14210.5,0
2021-05-11 10:01:46,14211.55,0
2021-05-11 10:01:48,14213.55,0
2021-05-11 10:01:49,14212.6,0
2021-05-11 10:01:50,14213.95,0
2021-05-11 10:01:51,14212.3,0
2021-05-11 10:01:52,14213.4,0
2021-05-11 10:01:54,14211.45,0
2021-05-11 10:01:53,14212.1,0
2021-05-11 10:01:55,14210.95,0
2021-05-11 10:01:56,14210.55,0
2021-05-11 10:01:57,14209.6,0
2021-05-11 10:01:58,14209.45,0
2021-05-11 10:01:59,14210.65,0
2021-05-11 10:02:00,14209.55,0
2021-05-11 10:02:01,14208.55,0
2021-05-11 10:02:02,14207.55,0
2021-05-11 10:02:03,14205.45,0
2021-05-11 10:02:04,14205.75,0
2021-05-11 10:02:05,14206.0,0
2021-05-11 10:02:06,14205.4,0
2021-05-11 10:02:07,14207.2,0
2021-05-11 10:02:08,14206.7,0
2021-05-11 10:02:09,14205.55,0
2021-05-11 10:02:10,14207.45,0
2021-05-11 10:02:11,14205.7,0
2021-05-11 10:02:12,14205.4,0
2021-05-11 10:02:13,14206.05,0
2021-05-11 10:02:14,14206.3,0
2021-05-11 10:02:15,14205.55,0
2021-05-11 10:02:17,14204.6,0
2021-05-11 10:02:18,14206.45,0
2021-05-11 10:02:20,14208.7,0
2021-05-11 10:02:21,14207.75,0
2021-05-11 10:02:22,14206.2,0
2021-05-11 10:02:24,14208.7,0
2021-05-11 10:02:25,14210.1,0
2021-05-11 10:02:26,14209.75,0
2021-05-11 10:02:27,14208.65,0
2021-05-11 10:02:28,14207.1,0
2021-05-11 10:02:29,14207.7,0
2021-05-11 10:02:30,14207.5,0
2021-05-11 10:02:31,14207.25,0
2021-05-11 10:02:32,14206.3,0
2021-05-11 10:02:33,14206.8,0
2021-05-11 10:02:34,14208.8,0
2021-05-11 10:02:35,14208.8,0
2021-05-11 10:02:36,14206.35,0
2021-05-11 10:02:38,14206.45,0
2021-05-11 10:02:39,14208.2,0
2021-05-11 10:02:40,14208.25,0
2021-05-11 10:02:41,14207.9,0
2021-05-11 10:02:42,14208.75,0
2021-05-11 10:02:43,14209.45,0
2021-05-11 10:02:44,14201.85,0
2021-05-11 10:02:45,14201.05,0
2021-05-11 10:02:46,14202.2,0
2021-05-11 10:02:47,14202.3,0
2021-05-11 10:02:48,14201.85,0
2021-05-11 10:02:49,14201.6,0
2021-05-11 10:02:50,14199.4,0
2021-05-11 10:02:51,14195.85,0
2021-05-11 10:02:52,14195.4,0
2021-05-11 10:02:53,14197.2,0
2021-05-11 10:02:54,14198.0,0
2021-05-11 10:02:55,14195.45,0
2021-05-11 10:02:56,14194.8,0
2021-05-11 10:02:57,14196.4,0
2021-05-11 10:02:58,14196.45,0
2021-05-11 10:02:59,14197.65,0
2021-05-11 10:03:00,14196.65,0
2021-05-11 10:03:01,14194.2,0
2021-05-11 10:03:02,14195.1,0
2021-05-11 10:03:03,14194.9,0
2021-05-11 10:03:04,14195.8,0
2021-05-11 10:03:05,14195.95,0
2021-05-11 10:03:06,14194.8,0
2021-05-11 10:03:07,14195.55,0
2021-05-11 10:03:08,14195.5,0
2021-05-11 10:03:09,14191.8,0
2021-05-11 10:03:10,14191.95,0
2021-05-11 10:03:11,14192.65,0
2021-05-11 10:03:12,14193.55,0
2021-05-11 10:03:13,14194.05,0
2021-05-11 10:03:14,14192.6,0
2021-05-11 10:03:15,14194.15,0
2021-05-11 10:03:16,14193.6,0
2021-05-11 10:03:17,14194.55,0
2021-05-11 10:03:18,14196.4,0
2021-05-11 10:03:19,14195.9,0
2021-05-11 10:03:20,14194.55,0
2021-05-11 10:03:21,14195.75,0
2021-05-11 10:03:22,14195.85,0
2021-05-11 10:03:24,14195.4,0
2021-05-11 10:03:25,14194.75,0
2021-05-11 10:03:26,14197.6,0
2021-05-11 10:03:28,14199.4,0
2021-05-11 10:03:29,14197.1,0
2021-05-11 10:03:30,14198.45,0
2021-05-11 10:03:31,14198.0,0
2021-05-11 10:03:32,14199.3,0
2021-05-11 10:03:33,14198.0,0
2021-05-11 10:03:34,14197.65,0
2021-05-11 10:03:35,14196.35,0
2021-05-11 10:03:36,14197.6,0
2021-05-11 10:03:37,14195.35,0
2021-05-11 10:03:38,14196.6,0
2021-05-11 10:03:39,14196.25,0
2021-05-11 10:03:40,14196.25,0
2021-05-11 10:03:41,14195.1,0
2021-05-11 10:03:42,14195.95,0
2021-05-11 10:03:43,14192.85,0
2021-05-11 10:03:45,14195.95,0
2021-05-11 10:03:46,14196.25,0
2021-05-11 10:03:47,14197.05,0
2021-05-11 10:03:48,14196.8,0
2021-05-11 10:03:49,14195.5,0
2021-05-11 10:03:50,14196.9,0
2021-05-11 10:03:51,14196.3,0
2021-05-11 10:03:52,14197.05,0
2021-05-11 10:03:53,14196.2,0
2021-05-11 10:03:54,14197.4,0
2021-05-11 10:03:55,14196.85,0
2021-05-11 10:03:56,14196.7,0
2021-05-11 10:03:58,14195.45,0
2021-05-11 10:04:00,14195.6,0
2021-05-11 10:04:02,14190.35,0
2021-05-11 10:04:06,14178.0,0
2021-05-11 10:04:07,14179.45,0
2021-05-11 10:04:09,14178.7,0
2021-05-11 10:04:10,14179.05,0
2021-05-11 10:04:11,14183.2,0
2021-05-11 10:04:12,14179.55,0
2021-05-11 10:04:13,14179.15,0
2021-05-11 10:04:14,14182.75,0
2021-05-11 10:04:15,14183.8,0
2021-05-11 10:04:16,14184.8,0
2021-05-11 10:04:17,14183.9,0
2021-05-11 10:04:18,14184.2,0
2021-05-11 10:04:19,14186.25,0
2021-05-11 10:04:20,14185.15,0
2021-05-11 10:04:21,14191.5,0
2021-05-11 10:04:22,14193.55,0
2021-05-11 10:04:23,14193.3,0
2021-05-11 10:04:24,14194.35,0
2021-05-11 10:04:25,14192.75,0
2021-05-11 10:04:26,14191.1,0
2021-05-11 10:04:27,14190.8,0
2021-05-11 10:04:28,14190.05,0
2021-05-11 10:04:29,14191.8,0
2021-05-11 10:04:30,14192.15,0
2021-05-11 10:04:32,14193.45,0
2021-05-11 10:04:34,14191.0,0
2021-05-11 10:04:36,14191.15,0
2021-05-11 10:04:37,14190.45,0
2021-05-11 10:04:38,14191.85,0
2021-05-11 10:04:39,14192.0,0
2021-05-11 10:04:40,14192.4,0
2021-05-11 10:04:41,14191.7,0
2021-05-11 10:04:42,14191.9,0
2021-05-11 10:04:43,14192.8,0
2021-05-11 10:04:44,14191.1,0
2021-05-11 10:04:45,14191.55,0
2021-05-11 10:04:46,14190.6,0
2021-05-11 10:04:47,14190.85,0
2021-05-11 10:04:48,14190.95,0
2021-05-11 10:04:49,14190.0,0
2021-05-11 10:04:50,14190.05,0
2021-05-11 10:04:51,14188.9,0
2021-05-11 10:04:52,14190.3,0
2021-05-11 10:04:53,14191.05,0
2021-05-11 10:04:54,14189.75,0
2021-05-11 10:04:55,14191.55,0
2021-05-11 10:04:56,14190.5,0
2021-05-11 10:04:57,14191.05,0
2021-05-11 10:04:58,14191.15,0
2021-05-11 10:04:59,14190.25,0
2021-05-11 10:05:00,14189.4,0
2021-05-11 10:05:01,14189.5,0
2021-05-11 10:05:02,14189.05,0
2021-05-11 10:05:03,14189.1,0
2021-05-11 10:05:04,14188.4,0
2021-05-11 10:05:05,14187.8,0
2021-05-11 10:05:06,14186.05,0
2021-05-11 10:05:07,14188.05,0
2021-05-11 10:05:08,14189.1,0
2021-05-11 10:05:09,14187.2,0
2021-05-11 10:05:10,14189.8,0
2021-05-11 10:05:11,14188.65,0
2021-05-11 10:05:12,14188.75,0
2021-05-11 10:05:13,14189.1,0
2021-05-11 10:05:14,14189.2,0
2021-05-11 10:05:15,14187.55,0
2021-05-11 10:05:16,14185.9,0
2021-05-11 10:05:17,14187.65,0
2021-05-11 10:05:18,14186.45,0
2021-05-11 10:05:19,14189.1,0
2021-05-11 10:05:21,14188.2,0
2021-05-11 10:05:22,14187.0,0
2021-05-11 10:05:24,14187.8,0
2021-05-11 10:05:25,14189.7,0
2021-05-11 10:05:26,14189.5,0
2021-05-11 10:05:27,14187.95,0
2021-05-11 10:05:28,14188.8,0
2021-05-11 10:05:29,14190.75,0
2021-05-11 10:05:30,14191.5,0
2021-05-11 10:05:31,14189.55,0
2021-05-11 10:05:32,14189.15,0
2021-05-11 10:05:33,14188.95,0
2021-05-11 10:05:35,14188.85,0
2021-05-11 10:05:36,14188.75,0
2021-05-11 10:05:37,14190.95,0
2021-05-11 10:05:38,14189.75,0
2021-05-11 10:05:39,14189.85,0
2021-05-11 10:05:40,14191.4,0
2021-05-11 10:05:41,14188.55,0
2021-05-11 10:05:42,14189.2,0
2021-05-11 10:05:43,14188.45,0
2021-05-11 10:05:44,14189.8,0
2021-05-11 10:05:45,14188.25,0
2021-05-11 10:05:46,14189.25,0
2021-05-11 10:05:48,14188.9,0
2021-05-11 10:05:49,14189.1,0
2021-05-11 10:05:51,14188.05,0
2021-05-11 10:05:52,14189.2,0
2021-05-11 10:05:53,14190.0,0
2021-05-11 10:05:54,14189.75,0
2021-05-11 10:05:55,14189.3,0
2021-05-11 10:05:56,14187.45,0
2021-05-11 10:05:57,14187.8,0
2021-05-11 10:05:58,14188.15,0
2021-05-11 10:05:59,14188.25,0
2021-05-11 10:06:00,14186.8,0
2021-05-11 10:06:02,14188.75,0
2021-05-11 10:06:03,14189.35,0
2021-05-11 10:06:05,14189.0,0
2021-05-11 10:06:06,14189.1,0
2021-05-11 10:06:07,14190.7,0
2021-05-11 10:06:08,14191.8,0
2021-05-11 10:06:09,14192.6,0
2021-05-11 10:06:10,14190.6,0
2021-05-11 10:06:11,14191.45,0
2021-05-11 10:06:12,14190.85,0
2021-05-11 10:06:13,14191.1,0
2021-05-11 10:06:14,14191.95,0
2021-05-11 10:06:15,14191.6,0
2021-05-11 10:06:16,14190.95,0
2021-05-11 10:06:17,14193.2,0
2021-05-11 10:06:18,14193.35,0
2021-05-11 10:06:19,14192.7,0
2021-05-11 10:06:21,14191.1,0
2021-05-11 10:06:23,14191.7,0
2021-05-11 10:06:24,14192.3,0
2021-05-11 10:06:25,14190.9,0
2021-05-11 10:06:26,14191.3,0
2021-05-11 10:06:28,14190.2,0
2021-05-11 10:06:29,14191.25,0
2021-05-11 10:06:31,14190.4,0
2021-05-11 10:06:32,14192.2,0
2021-05-11 10:06:34,14192.05,0
2021-05-11 10:06:35,14191.85,0
2021-05-11 10:06:36,14188.65,0
2021-05-11 10:06:37,14190.55,0
2021-05-11 10:06:39,14190.45,0
2021-05-11 10:06:40,14190.25,0
2021-05-11 10:06:41,14189.8,0
2021-05-11 10:06:42,14188.65,0
2021-05-11 10:06:43,14190.4,0
2021-05-11 10:06:44,14188.1,0
2021-05-11 10:06:45,14187.9,0
2021-05-11 10:06:46,14185.45,0
2021-05-11 10:06:47,14185.85,0
2021-05-11 10:06:48,14183.4,0
2021-05-11 10:06:49,14184.95,0
2021-05-11 10:06:50,14186.15,0
2021-05-11 10:06:51,14183.45,0
2021-05-11 10:06:52,14185.65,0
2021-05-11 10:06:53,14185.45,0
2021-05-11 10:06:54,14185.25,0
2021-05-11 10:06:56,14185.15,0
2021-05-11 10:06:55,14183.55,0
2021-05-11 10:06:57,14186.4,0
2021-05-11 10:06:58,14183.95,0
2021-05-11 10:06:59,14185.55,0
2021-05-11 10:07:00,14185.2,0
2021-05-11 10:07:01,14185.5,0
2021-05-11 10:07:02,14185.1,0
2021-05-11 10:07:04,14185.2,0
2021-05-11 10:07:05,14183.5,0
2021-05-11 10:07:06,14181.2,0
2021-05-11 10:07:07,14182.4,0
2021-05-11 10:07:09,14181.5,0
2021-05-11 10:07:10,14182.45,0
2021-05-11 10:07:11,14182.9,0
2021-05-11 10:07:12,14183.5,0
2021-05-11 10:07:13,14183.75,0
2021-05-11 10:07:14,14184.45,0
2021-05-11 10:07:15,14182.9,0
2021-05-11 10:07:16,14181.8,0
2021-05-11 10:07:17,14180.35,0
2021-05-11 10:07:18,14181.6,0
2021-05-11 10:07:20,14181.65,0
2021-05-11 10:07:21,14180.45,0
2021-05-11 10:07:22,14180.95,0
2021-05-11 10:07:23,14182.85,0
2021-05-11 10:07:24,14184.55,0
2021-05-11 10:07:25,14184.4,0
2021-05-11 10:07:26,14185.35,0
2021-05-11 10:07:27,14184.6,0
2021-05-11 10:07:28,14183.6,0
2021-05-11 10:07:29,14183.0,0
2021-05-11 10:07:30,14185.75,0
2021-05-11 10:07:31,14185.9,0
2021-05-11 10:07:32,14184.5,0
2021-05-11 10:07:33,14185.35,0
2021-05-11 10:07:34,14187.25,0
2021-05-11 10:07:35,14186.2,0
2021-05-11 10:07:36,14188.35,0
2021-05-11 10:07:37,14188.15,0
2021-05-11 10:07:38,14188.35,0
2021-05-11 10:07:39,14188.8,0
2021-05-11 10:07:40,14189.6,0
2021-05-11 10:07:41,14191.75,0
2021-05-11 10:07:42,14192.35,0
2021-05-11 10:07:43,14193.0,0
2021-05-11 10:07:44,14192.9,0
2021-05-11 10:07:45,14193.65,0
2021-05-11 10:07:46,14197.1,0
2021-05-11 10:07:47,14196.05,0
2021-05-11 10:07:48,14198.45,0
2021-05-11 10:07:49,14199.45,0
2021-05-11 10:07:50,14200.75,0
2021-05-11 10:07:51,14200.85,0
2021-05-11 10:07:52,14206.8,0
2021-05-11 10:07:53,14207.9,0
2021-05-11 10:07:54,14208.65,0
2021-05-11 10:07:55,14209.3,0
2021-05-11 10:07:57,14209.9,0
2021-05-11 10:07:58,14208.8,0
2021-05-11 10:08:00,14207.5,0
2021-05-11 10:08:01,14209.2,0
2021-05-11 10:08:02,14211.7,0
2021-05-11 10:08:04,14211.2,0
2021-05-11 10:08:06,14212.1,0
2021-05-11 10:08:07,14211.55,0
2021-05-11 10:08:08,14212.5,0
2021-05-11 10:08:09,14211.45,0
2021-05-11 10:08:11,14213.2,0
2021-05-11 10:08:12,14212.2,0
2021-05-11 10:08:13,14214.3,0
2021-05-11 10:08:14,14214.5,0
2021-05-11 10:08:16,14216.95,0
2021-05-11 10:08:17,14216.3,0
2021-05-11 10:08:18,14220.05,0
2021-05-11 10:08:19,14220.7,0
2021-05-11 10:08:20,14219.55,0
2021-05-11 10:08:21,14216.9,0
2021-05-11 10:08:22,14216.55,0
2021-05-11 10:08:23,14218.6,0
2021-05-11 10:08:25,14218.45,0
2021-05-11 10:08:26,14217.55,0
2021-05-11 10:08:27,14218.5,0
2021-05-11 10:08:28,14220.9,0
2021-05-11 10:08:29,14220.05,0
2021-05-11 10:08:30,14220.05,0
2021-05-11 10:08:31,14220.75,0
2021-05-11 10:08:32,14221.2,0
2021-05-11 10:08:33,14220.9,0
2021-05-11 10:08:34,14220.75,0
2021-05-11 10:08:35,14221.45,0
2021-05-11 10:08:36,14218.8,0
2021-05-11 10:08:37,14221.05,0
2021-05-11 10:08:39,14222.35,0
2021-05-11 10:08:40,14219.65,0
2021-05-11 10:08:41,14219.9,0
2021-05-11 10:08:44,14225.45,0
2021-05-11 10:08:45,14224.05,0
2021-05-11 10:08:48,14223.4,0
2021-05-11 10:08:50,14224.55,0
2021-05-11 10:08:51,14225.25,0
2021-05-11 10:08:53,14224.05,0
2021-05-11 10:08:54,14223.8,0
2021-05-11 10:08:55,14221.8,0
2021-05-11 10:08:56,14220.15,0
2021-05-11 10:08:57,14220.1,0
2021-05-11 10:08:58,14220.1,0
2021-05-11 10:08:59,14219.9,0
2021-05-11 10:09:00,14220.6,0
2021-05-11 10:09:02,14218.4,0
2021-05-11 10:09:03,14220.85,0
2021-05-11 10:09:04,14218.9,0
2021-05-11 10:09:05,14218.95,0
2021-05-11 10:09:06,14217.0,0
2021-05-11 10:09:09,14215.95,0
2021-05-11 10:09:10,14217.45,0
2021-05-11 10:09:11,14218.15,0
2021-05-11 10:09:12,14217.95,0
2021-05-11 10:09:13,14217.8,0
2021-05-11 10:09:14,14217.2,0
2021-05-11 10:09:15,14219.35,0
2021-05-11 10:09:16,14219.25,0
2021-05-11 10:09:17,14217.2,0
2021-05-11 10:09:18,14216.7,0
2021-05-11 10:09:19,14220.05,0
2021-05-11 10:09:22,14218.8,0
2021-05-11 10:09:23,14218.75,0
2021-05-11 10:09:24,14219.3,0
2021-05-11 10:09:25,14219.45,0
2021-05-11 10:09:26,14220.55,0
2021-05-11 10:09:27,14220.0,0
2021-05-11 10:09:28,14220.0,0
2021-05-11 10:09:29,14219.4,0
2021-05-11 10:09:30,14219.9,0
2021-05-11 10:09:31,14219.5,0
2021-05-11 10:09:32,14218.95,0
2021-05-11 10:09:34,14217.95,0
2021-05-11 10:09:35,14218.55,0
2021-05-11 10:09:36,14217.4,0
2021-05-11 10:09:37,14217.4,0
2021-05-11 10:09:38,14218.7,0
2021-05-11 10:09:39,14218.3,0
2021-05-11 10:09:40,14214.8,0
2021-05-11 10:09:41,14216.1,0
2021-05-11 10:09:42,14218.85,0
2021-05-11 10:09:43,14217.7,0
2021-05-11 10:09:44,14218.4,0
2021-05-11 10:09:45,14218.8,0
2021-05-11 10:09:46,14218.15,0
2021-05-11 10:09:49,14220.0,0
2021-05-11 10:09:50,14219.55,0
2021-05-11 10:09:51,14219.85,0
2021-05-11 10:09:52,14220.05,0
2021-05-11 10:09:53,14219.1,0
2021-05-11 10:09:54,14218.05,0
2021-05-11 10:09:55,14217.1,0
2021-05-11 10:09:56,14217.8,0
2021-05-11 10:09:57,14217.55,0
2021-05-11 10:09:58,14216.7,0
2021-05-11 10:10:00,14218.25,0
2021-05-11 10:10:01,14216.0,0
2021-05-11 10:10:02,14215.1,0
2021-05-11 10:10:03,14216.55,0
2021-05-11 10:10:05,14214.65,0
2021-05-11 10:10:07,14215.35,0
2021-05-11 10:10:09,14214.6,0
2021-05-11 10:10:10,14214.7,0
2021-05-11 10:10:11,14217.05,0
2021-05-11 10:10:12,14216.85,0
2021-05-11 10:10:13,14216.25,0
2021-05-11 10:10:14,14214.45,0
2021-05-11 10:10:15,14214.55,0
2021-05-11 10:10:18,14214.25,0
2021-05-11 10:10:19,14214.6,0
2021-05-11 10:10:20,14215.45,0
2021-05-11 10:10:21,14215.1,0
2021-05-11 10:10:22,14215.7,0
2021-05-11 10:10:23,14215.9,0
2021-05-11 10:10:24,14215.55,0
2021-05-11 10:10:25,14214.9,0
2021-05-11 10:10:26,14216.4,0
2021-05-11 10:10:27,14215.1,0
2021-05-11 10:10:28,14214.6,0
2021-05-11 10:10:29,14214.05,0
2021-05-11 10:10:30,14215.8,0
2021-05-11 10:10:31,14217.35,0
2021-05-11 10:10:32,14216.05,0
2021-05-11 10:10:33,14215.75,0
2021-05-11 10:10:34,14215.5,0
2021-05-11 10:10:35,14218.2,0
2021-05-11 10:10:36,14216.85,0
2021-05-11 10:10:37,14217.5,0
2021-05-11 10:10:38,14217.1,0
2021-05-11 10:10:39,14217.2,0
2021-05-11 10:10:40,14217.5,0
2021-05-11 10:10:41,14217.85,0
2021-05-11 10:10:42,14217.15,0
2021-05-11 10:10:43,14217.3,0
2021-05-11 10:10:45,14217.8,0
2021-05-11 10:10:46,14217.3,0
2021-05-11 10:10:48,14218.6,0
2021-05-11 10:10:49,14218.15,0
2021-05-11 10:10:50,14219.5,0
2021-05-11 10:10:52,14217.7,0
2021-05-11 10:10:53,14218.25,0
2021-05-11 10:10:54,14218.15,0
2021-05-11 10:10:55,14219.65,0
2021-05-11 10:10:56,14219.15,0
2021-05-11 10:10:57,14220.8,0
2021-05-11 10:10:58,14220.85,0
2021-05-11 10:10:59,14220.05,0
2021-05-11 10:11:00,14221.5,0
2021-05-11 10:11:02,14221.85,0
2021-05-11 10:11:03,14222.4,0
2021-05-11 10:11:04,14221.6,0
2021-05-11 10:11:05,14221.4,0
2021-05-11 10:11:06,14220.8,0
2021-05-11 10:11:07,14221.45,0
2021-05-11 10:11:08,14221.85,0
2021-05-11 10:11:09,14222.35,0
2021-05-11 10:11:10,14222.1,0
2021-05-11 10:11:12,14222.8,0
2021-05-11 10:11:14,14225.35,0
2021-05-11 10:11:13,14224.25,0
2021-05-11 10:11:15,14225.15,0
2021-05-11 10:11:16,14224.95,0
2021-05-11 10:11:17,14225.15,0
2021-05-11 10:11:18,14226.2,0
2021-05-11 10:11:19,14225.25,0
2021-05-11 10:11:20,14225.5,0
2021-05-11 10:11:21,14224.8,0
2021-05-11 10:11:22,14224.05,0
2021-05-11 10:11:23,14223.6,0
2021-05-11 10:11:24,14220.45,0
2021-05-11 10:11:25,14220.2,0
2021-05-11 10:11:26,14217.5,0
2021-05-11 10:11:27,14216.85,0
2021-05-11 10:11:28,14218.15,0
2021-05-11 10:11:29,14218.5,0
2021-05-11 10:11:30,14219.6,0
2021-05-11 10:11:31,14218.3,0
2021-05-11 10:11:32,14217.05,0
2021-05-11 10:11:34,14216.1,0
2021-05-11 10:11:35,14215.45,0
2021-05-11 10:11:36,14215.1,0
2021-05-11 10:11:37,14215.6,0
2021-05-11 10:11:38,14213.65,0
2021-05-11 10:11:39,14215.05,0
2021-05-11 10:11:41,14215.85,0
2021-05-11 10:11:42,14215.35,0
2021-05-11 10:11:43,14214.8,0
2021-05-11 10:11:44,14214.15,0
2021-05-11 10:11:45,14214.95,0
2021-05-11 10:11:46,14215.45,0
2021-05-11 10:11:47,14216.4,0
2021-05-11 10:11:48,14217.7,0
2021-05-11 10:11:49,14216.05,0
2021-05-11 10:11:50,14216.95,0
2021-05-11 10:11:51,14216.2,0
2021-05-11 10:11:52,14216.6,0
2021-05-11 10:11:54,14215.7,0
2021-05-11 10:11:55,14215.6,0
2021-05-11 10:11:56,14215.65,0
2021-05-11 10:11:57,14216.05,0
2021-05-11 10:11:58,14215.7,0
2021-05-11 10:11:59,14217.0,0
2021-05-11 10:12:00,14216.4,0
2021-05-11 10:12:01,14217.15,0
2021-05-11 10:12:02,14215.35,0
2021-05-11 10:12:03,14216.8,0
2021-05-11 10:12:04,14215.7,0
2021-05-11 10:12:05,14216.0,0
2021-05-11 10:12:06,14215.15,0
2021-05-11 10:12:07,14215.75,0
2021-05-11 10:12:08,14217.25,0
2021-05-11 10:12:09,14216.0,0
2021-05-11 10:12:10,14216.9,0
2021-05-11 10:12:11,14216.2,0
2021-05-11 10:12:12,14216.4,0
2021-05-11 10:12:13,14215.0,0
2021-05-11 10:12:14,14216.15,0
2021-05-11 10:12:15,14217.95,0
2021-05-11 10:12:16,14217.8,0
2021-05-11 10:12:17,14216.25,0
2021-05-11 10:12:18,14217.1,0
2021-05-11 10:12:19,14216.3,0
2021-05-11 10:12:20,14215.3,0
2021-05-11 10:12:22,14213.95,0
2021-05-11 10:12:24,14215.15,0
2021-05-11 10:12:25,14215.65,0
2021-05-11 10:12:26,14215.55,0
2021-05-11 10:12:27,14215.45,0
2021-05-11 10:12:28,14216.1,0
2021-05-11 10:12:29,14215.65,0
2021-05-11 10:12:32,14216.1,0
2021-05-11 10:12:33,14215.4,0
2021-05-11 10:12:34,14216.3,0
2021-05-11 10:12:35,14217.0,0
2021-05-11 10:12:36,14216.15,0
2021-05-11 10:12:37,14215.4,0
2021-05-11 10:12:38,14216.75,0
2021-05-11 10:12:39,14214.65,0
2021-05-11 10:12:41,14213.85,0
2021-05-11 10:12:42,14215.2,0
2021-05-11 10:12:43,14216.4,0
2021-05-11 10:12:44,14215.55,0
2021-05-11 10:12:46,14216.5,0
2021-05-11 10:12:47,14215.8,0
2021-05-11 10:12:48,14213.1,0
2021-05-11 10:12:49,14210.85,0
2021-05-11 10:12:50,14211.9,0
2021-05-11 10:12:51,14212.9,0
2021-05-11 10:12:52,14212.8,0
2021-05-11 10:12:53,14212.75,0
2021-05-11 10:12:54,14212.45,0
2021-05-11 10:12:55,14212.05,0
2021-05-11 10:12:56,14212.7,0
2021-05-11 10:12:57,14214.05,0
2021-05-11 10:12:58,14214.65,0
2021-05-11 10:13:00,14214.95,0
2021-05-11 10:13:01,14214.5,0
2021-05-11 10:13:02,14214.8,0
2021-05-11 10:13:03,14215.55,0
2021-05-11 10:13:04,14214.85,0
2021-05-11 10:13:05,14214.65,0
2021-05-11 10:13:06,14214.55,0
2021-05-11 10:13:07,14215.9,0
2021-05-11 10:13:08,14215.9,0
2021-05-11 10:13:10,14215.85,0
2021-05-11 10:13:11,14215.0,0
2021-05-11 10:13:12,14215.65,0
2021-05-11 10:13:13,14215.2,0
2021-05-11 10:13:14,14214.25,0
2021-05-11 10:13:15,14213.4,0
2021-05-11 10:13:16,14213.5,0
2021-05-11 10:13:17,14214.25,0
2021-05-11 10:13:18,14215.55,0
2021-05-11 10:13:19,14214.25,0
2021-05-11 10:13:20,14214.9,0
2021-05-11 10:13:21,14214.95,0
2021-05-11 10:13:22,14214.45,0
2021-05-11 10:13:23,14212.75,0
2021-05-11 10:13:24,14212.3,0
2021-05-11 10:13:25,14213.95,0
2021-05-11 10:13:26,14213.7,0
2021-05-11 10:13:27,14213.65,0
2021-05-11 10:13:28,14214.05,0
2021-05-11 10:13:29,14213.75,0
2021-05-11 10:13:31,14213.4,0
2021-05-11 10:13:32,14213.15,0
2021-05-11 10:13:33,14214.0,0
2021-05-11 10:13:34,14213.75,0
2021-05-11 10:13:36,14213.6,0
2021-05-11 10:13:37,14214.45,0
2021-05-11 10:13:38,14214.5,0
2021-05-11 10:13:40,14213.2,0
2021-05-11 10:13:41,14212.55,0
2021-05-11 10:13:42,14213.0,0
2021-05-11 10:13:43,14214.3,0
2021-05-11 10:13:44,14214.1,0
2021-05-11 10:13:45,14213.4,0
2021-05-11 10:13:47,14213.65,0
2021-05-11 10:13:48,14214.25,0
2021-05-11 10:13:49,14215.6,0
2021-05-11 10:13:50,14216.15,0
2021-05-11 10:13:51,14216.55,0
2021-05-11 10:13:52,14217.1,0
2021-05-11 10:13:53,14218.1,0
2021-05-11 10:13:54,14218.0,0
2021-05-11 10:13:55,14218.0,0
2021-05-11 10:13:56,14215.85,0
2021-05-11 10:13:57,14216.25,0
2021-05-11 10:13:58,14216.9,0
2021-05-11 10:13:59,14215.85,0
2021-05-11 10:14:00,14217.1,0
2021-05-11 10:14:01,14216.3,0
2021-05-11 10:14:02,14215.05,0
2021-05-11 10:14:03,14216.75,0
2021-05-11 10:14:04,14217.85,0
2021-05-11 10:14:05,14216.2,0
2021-05-11 10:14:06,14218.25,0
2021-05-11 10:14:07,14216.8,0
2021-05-11 10:14:08,14217.3,0
2021-05-11 10:14:09,14218.05,0
2021-05-11 10:14:10,14217.65,0
2021-05-11 10:14:12,14218.95,0
2021-05-11 10:14:13,14217.85,0
2021-05-11 10:14:14,14218.95,0
2021-05-11 10:14:15,14219.35,0
2021-05-11 10:14:16,14218.45,0
2021-05-11 10:14:17,14219.4,0
2021-05-11 10:14:18,14219.4,0
2021-05-11 10:14:20,14219.2,0
2021-05-11 10:14:21,14217.95,0
2021-05-11 10:14:23,14217.85,0
2021-05-11 10:14:24,14216.35,0
2021-05-11 10:14:25,14216.35,0
2021-05-11 10:14:26,14214.45,0
2021-05-11 10:14:27,14219.1,0
2021-05-11 10:14:28,14217.45,0
2021-05-11 10:14:29,14214.5,0
2021-05-11 10:14:30,14217.6,0
2021-05-11 10:14:31,14216.45,0
2021-05-11 10:14:32,14216.0,0
2021-05-11 10:14:33,14216.05,0
2021-05-11 10:14:34,14216.5,0
2021-05-11 10:14:35,14216.6,0
2021-05-11 10:14:37,14216.1,0
2021-05-11 10:14:38,14216.15,0
2021-05-11 10:14:39,14216.0,0
2021-05-11 10:14:40,14217.4,0
2021-05-11 10:14:41,14215.1,0
2021-05-11 10:14:42,14215.2,0
2021-05-11 10:14:43,14215.2,0
2021-05-11 10:14:45,14215.15,0
2021-05-11 10:14:47,14213.45,0
2021-05-11 10:14:49,14213.8,0
2021-05-11 10:14:50,14213.4,0
2021-05-11 10:14:51,14213.2,0
2021-05-11 10:14:52,14212.85,0
2021-05-11 10:14:53,14213.25,0
2021-05-11 10:14:54,14211.4,0
2021-05-11 10:14:55,14211.45,0
2021-05-11 10:14:56,14211.8,0
2021-05-11 10:14:57,14211.75,0
2021-05-11 10:14:58,14211.6,0
2021-05-11 10:14:59,14211.55,0
2021-05-11 10:15:00,14210.85,0
2021-05-11 10:15:02,14212.0,0
2021-05-11 10:15:03,14212.1,0
2021-05-11 10:15:04,14214.2,0
2021-05-11 10:15:05,14211.75,0
2021-05-11 10:15:06,14212.3,0
2021-05-11 10:15:07,14213.4,0
2021-05-11 10:15:08,14211.55,0
2021-05-11 10:15:10,14214.05,0
2021-05-11 10:15:11,14213.05,0
2021-05-11 10:15:12,14212.65,0
2021-05-11 10:15:13,14212.85,0
2021-05-11 10:15:14,14211.95,0
2021-05-11 10:15:15,14211.35,0
2021-05-11 10:15:16,14211.65,0
2021-05-11 10:15:17,14213.0,0
2021-05-11 10:15:18,14214.05,0
2021-05-11 10:15:19,14212.75,0
2021-05-11 10:15:20,14212.85,0
2021-05-11 10:15:21,14211.3,0
2021-05-11 10:15:22,14213.3,0
2021-05-11 10:15:24,14213.7,0
2021-05-11 10:15:25,14212.2,0
2021-05-11 10:15:26,14212.75,0
2021-05-11 10:15:27,14212.75,0
2021-05-11 10:15:28,14211.65,0
2021-05-11 10:15:29,14211.1,0
2021-05-11 10:15:30,14211.0,0
2021-05-11 10:15:31,14209.8,0
2021-05-11 10:15:32,14209.1,0
2021-05-11 10:15:35,14209.1,0
2021-05-11 10:15:36,14207.7,0
2021-05-11 10:15:39,14205.3,0
2021-05-11 10:15:40,14205.55,0
2021-05-11 10:15:41,14204.85,0
2021-05-11 10:15:42,14205.9,0
2021-05-11 10:15:43,14205.85,0
2021-05-11 10:15:44,14204.85,0
2021-05-11 10:15:46,14203.7,0
2021-05-11 10:15:47,14203.85,0
2021-05-11 10:15:48,14205.1,0
2021-05-11 10:15:49,14205.95,0
2021-05-11 10:15:50,14206.8,0
2021-05-11 10:15:51,14203.3,0
2021-05-11 10:15:52,14204.95,0
2021-05-11 10:15:53,14204.9,0
2021-05-11 10:15:54,14204.9,0
2021-05-11 10:15:56,14205.55,0
2021-05-11 10:15:57,14204.5,0
2021-05-11 10:15:58,14205.75,0
2021-05-11 10:15:59,14203.3,0
2021-05-11 10:16:00,14205.5,0
2021-05-11 10:16:01,14205.2,0
2021-05-11 10:16:02,14203.95,0
2021-05-11 10:16:03,14204.6,0
2021-05-11 10:16:05,14203.25,0
2021-05-11 10:16:06,14203.95,0
2021-05-11 10:16:07,14202.75,0
2021-05-11 10:16:08,14203.7,0
2021-05-11 10:16:09,14203.75,0
2021-05-11 10:16:10,14200.4,0
2021-05-11 10:16:12,14197.1,0
2021-05-11 10:16:13,14195.65,0
2021-05-11 10:16:14,14194.55,0
2021-05-11 10:16:15,14193.65,0
2021-05-11 10:16:16,14194.7,0
2021-05-11 10:16:17,14193.65,0
2021-05-11 10:16:18,14196.05,0
2021-05-11 10:16:19,14194.7,0
2021-05-11 10:16:20,14195.55,0
2021-05-11 10:16:22,14195.1,0
2021-05-11 10:16:23,14193.85,0
2021-05-11 10:16:24,14194.65,0
2021-05-11 10:16:25,14196.15,0
2021-05-11 10:16:26,14197.5,0
2021-05-11 10:16:27,14196.0,0
2021-05-11 10:16:29,14195.05,0
2021-05-11 10:16:30,14195.4,0
2021-05-11 10:16:31,14197.25,0
2021-05-11 10:16:32,14194.35,0
2021-05-11 10:16:33,14193.9,0
2021-05-11 10:16:34,14194.45,0
2021-05-11 10:16:35,14193.85,0
2021-05-11 10:16:36,14194.6,0
2021-05-11 10:16:37,14195.35,0
2021-05-11 10:16:38,14194.85,0
2021-05-11 10:16:39,14195.15,0
2021-05-11 10:16:40,14195.65,0
2021-05-11 10:16:41,14196.95,0
2021-05-11 10:16:42,14198.45,0
2021-05-11 10:16:43,14198.6,0
2021-05-11 10:16:44,14196.9,0
2021-05-11 10:16:45,14198.45,0
2021-05-11 10:16:47,14198.35,0
2021-05-11 10:16:48,14199.7,0
2021-05-11 10:16:49,14198.1,0
2021-05-11 10:16:50,14197.75,0
2021-05-11 10:16:51,14195.5,0
2021-05-11 10:16:52,14199.3,0
2021-05-11 10:16:53,14197.05,0
2021-05-11 10:16:54,14198.05,0
2021-05-11 10:16:55,14199.0,0
2021-05-11 10:16:56,14199.65,0
2021-05-11 10:16:57,14199.85,0
