timestamp,ltp,volume
2021-05-11 09:14:59,9874.9,0
2021-05-11 09:15:00,9874.9,0
2021-05-11 09:15:01,9877.2,0
2021-05-11 09:15:02,9873.4,0
2021-05-11 09:15:04,9876.3,0
2021-05-11 09:15:07,9866.1,0
2021-05-11 09:15:09,9863.4,0
2021-05-11 09:15:10,9866.4,0
2021-05-11 09:15:11,9857.85,0
2021-05-11 09:15:12,9861.2,0
2021-05-11 09:15:13,9860.75,0
2021-05-11 09:15:14,9858.1,0
2021-05-11 09:15:15,9859.4,0
2021-05-11 09:15:19,9856.5,0
2021-05-11 09:15:20,9854.85,0
2021-05-11 09:15:24,9861.95,0
2021-05-11 09:15:27,9870.2,0
2021-05-11 09:15:28,9874.25,0
2021-05-11 09:15:29,9874.85,0
2021-05-11 09:15:30,9876.85,0
2021-05-11 09:15:31,9873.8,0
2021-05-11 09:15:32,9875.9,0
2021-05-11 09:15:35,9877.9,0
2021-05-11 09:15:37,9878.85,0
2021-05-11 09:15:38,9877.05,0
2021-05-11 09:15:39,9874.15,0
2021-05-11 09:15:41,9868.25,0
2021-05-11 09:15:43,9867.85,0
2021-05-11 09:15:44,9868.4,0
2021-05-11 09:15:45,9876.15,0
2021-05-11 09:15:47,9875.75,0
2021-05-11 09:15:50,9875.25,0
2021-05-11 09:15:51,9875.9,0
2021-05-11 09:15:52,9873.55,0
2021-05-11 09:15:53,9872.55,0
2021-05-11 09:15:54,9872.05,0
2021-05-11 09:15:55,9874.85,0
2021-05-11 09:15:56,9873.0,0
2021-05-11 09:15:58,9875.2,0
2021-05-11 09:15:59,9878.6,0
2021-05-11 09:16:00,9876.45,0
2021-05-11 09:16:01,9877.65,0
2021-05-11 09:16:02,9878.45,0
2021-05-11 09:16:03,9877.5,0
2021-05-11 09:16:04,9878.85,0
2021-05-11 09:16:05,9878.75,0
2021-05-11 09:16:06,9881.6,0
2021-05-11 09:16:07,9881.1,0
2021-05-11 09:16:08,9882.1,0
2021-05-11 09:16:09,9883.35,0
2021-05-11 09:16:10,9883.65,0
2021-05-11 09:16:11,9883.0,0
2021-05-11 09:16:14,9884.65,0
2021-05-11 09:16:16,9885.85,0
2021-05-11 09:16:17,9885.85,0
2021-05-11 09:16:18,9885.35,0
2021-05-11 09:16:21,9881.8,0
2021-05-11 09:16:24,9876.55,0
2021-05-11 09:16:25,9877.15,0
2021-05-11 09:16:26,9878.3,0
2021-05-11 09:16:27,9874.15,0
2021-05-11 09:16:28,9877.1,0
2021-05-11 09:16:29,9877.8,0
2021-05-11 09:16:31,9876.6,0
2021-05-11 09:16:32,9877.9,0
2021-05-11 09:16:33,9875.8,0
2021-05-11 09:16:38,9875.35,0
2021-05-11 09:16:40,9875.3,0
2021-05-11 09:16:41,9877.95,0
2021-05-11 09:16:43,9879.65,0
2021-05-11 09:16:45,9876.35,0
2021-05-11 09:16:50,9873.3,0
2021-05-11 09:16:51,9874.0,0
2021-05-11 09:16:52,9876.05,0
2021-05-11 09:16:53,9874.85,0
2021-05-11 09:16:57,9873.95,0
2021-05-11 09:16:59,9876.8,0
2021-05-11 09:17:01,9878.55,0
2021-05-11 09:17:02,9874.25,0
2021-05-11 09:17:06,9874.9,0
2021-05-11 09:17:09,9875.2,0
2021-05-11 09:17:11,9874.95,0
2021-05-11 09:17:12,9875.35,0
2021-05-11 09:17:13,9873.8,0
2021-05-11 09:17:15,9873.3,0
2021-05-11 09:17:16,9869.25,0
2021-05-11 09:17:17,9870.35,0
2021-05-11 09:17:18,9870.45,0
2021-05-11 09:17:20,9870.75,0
2021-05-11 09:17:22,9872.45,0
2021-05-11 09:17:23,9872.6,0
2021-05-11 09:17:24,9874.65,0
2021-05-11 09:17:25,9876.55,0
2021-05-11 09:17:27,9879.85,0
2021-05-11 09:17:29,9877.7,0
2021-05-11 09:17:30,9872.3,0
2021-05-11 09:17:31,9874.05,0
2021-05-11 09:17:34,9873.2,0
2021-05-11 09:17:35,9874.9,0
2021-05-11 09:17:36,9872.4,0
2021-05-11 09:17:37,9874.5,0
2021-05-11 09:17:38,9877.85,0
2021-05-11 09:17:39,9878.65,0
2021-05-11 09:17:40,9880.2,0
2021-05-11 09:17:42,9880.3,0
2021-05-11 09:17:43,9880.95,0
2021-05-11 09:17:44,9880.65,0
2021-05-11 09:17:45,9882.0,0
2021-05-11 09:17:47,9882.25,0
2021-05-11 09:17:48,9881.75,0
2021-05-11 09:17:49,9883.55,0
2021-05-11 09:17:57,9884.15,0
2021-05-11 09:17:59,9883.45,0
2021-05-11 09:18:00,9881.65,0
2021-05-11 09:18:01,9883.7,0
2021-05-11 09:18:03,9882.95,0
2021-05-11 09:18:04,9881.7,0
2021-05-11 09:18:06,9883.6,0
2021-05-11 09:18:07,9883.3,0
2021-05-11 09:18:09,9882.6,0
2021-05-11 09:18:10,9882.4,0
2021-05-11 09:18:11,9882.35,0
2021-05-11 09:18:12,9883.05,0
2021-05-11 09:18:14,9884.9,0
2021-05-11 09:18:15,9884.25,0
2021-05-11 09:18:16,9887.0,0
2021-05-11 09:18:18,9884.7,0
2021-05-11 09:18:19,9883.3,0
2021-05-11 09:18:23,9880.9,0
2021-05-11 09:18:24,9880.05,0
2021-05-11 09:18:25,9877.5,0
2021-05-11 09:18:27,9877.5,0
2021-05-11 09:18:30,9880.75,0
2021-05-11 09:18:34,9879.6,0
2021-05-11 09:18:35,9879.45,0
2021-05-11 09:18:37,9878.95,0
2021-05-11 09:18:38,9878.2,0
2021-05-11 09:18:39,9877.75,0
2021-05-11 09:18:42,9874.75,0
2021-05-11 09:18:43,9874.95,0
2021-05-11 09:18:44,9873.3,0
2021-05-11 09:18:48,9874.95,0
2021-05-11 09:18:49,9873.5,0
2021-05-11 09:18:50,9874.45,0
2021-05-11 09:18:52,9875.75,0
2021-05-11 09:18:53,9875.95,0
2021-05-11 09:18:54,9873.85,0
2021-05-11 09:18:55,9875.0,0
2021-05-11 09:18:58,9875.4,0
2021-05-11 09:18:59,9875.15,0
2021-05-11 09:19:03,9874.65,0
2021-05-11 09:19:04,9875.4,0
2021-05-11 09:19:06,9874.5,0
2021-05-11 09:19:07,9873.4,0
2021-05-11 09:19:08,9874.15,0
2021-05-11 09:19:09,9872.7,0
2021-05-11 09:19:10,9872.6,0
2021-05-11 09:19:11,9874.5,0
2021-05-11 09:19:12,9874.8,0
2021-05-11 09:19:14,9873.95,0
2021-05-11 09:19:17,9874.3,0
2021-05-11 09:19:18,9874.15,0
2021-05-11 09:19:19,9875.9,0
2021-05-11 09:19:20,9875.3,0
2021-05-11 09:19:22,9873.85,0
2021-05-11 09:19:24,9873.1,0
2021-05-11 09:19:26,9872.3,0
2021-05-11 09:19:27,9872.45,0
2021-05-11 09:19:29,9872.5,0
2021-05-11 09:19:31,9872.35,0
2021-05-11 09:19:32,9871.35,0
2021-05-11 09:19:33,9872.15,0
2021-05-11 09:19:36,9874.0,0
2021-05-11 09:19:37,9874.25,0
2021-05-11 09:19:40,9873.5,0
2021-05-11 09:19:45,9873.7,0
2021-05-11 09:19:46,9874.25,0
2021-05-11 09:19:47,9874.25,0
2021-05-11 09:19:49,9875.9,0
2021-05-11 09:19:54,9875.35,0
2021-05-11 09:19:55,9875.0,0
2021-05-11 09:19:56,9875.0,0
2021-05-11 09:19:57,9876.15,0
2021-05-11 09:19:58,9875.85,0
2021-05-11 09:19:59,9874.75,0
2021-05-11 09:20:01,9875.55,0
2021-05-11 09:20:02,9875.25,0
2021-05-11 09:20:03,9876.9,0
2021-05-11 09:20:04,9875.0,0
2021-05-11 09:20:05,9875.3,0
2021-05-11 09:20:07,9875.2,0
2021-05-11 09:20:08,9874.4,0
2021-05-11 09:20:10,9870.5,0
2021-05-11 09:20:11,9867.55,0
2021-05-11 09:20:12,9864.75,0
2021-05-11 09:20:15,9860.55,0
2021-05-11 09:20:16,9862.4,0
2021-05-11 09:20:17,9862.05,0
2021-05-11 09:20:18,9862.7,0
2021-05-11 09:20:19,9861.8,0
2021-05-11 09:20:20,9861.0,0
2021-05-11 09:20:21,9863.15,0
2021-05-11 09:20:22,9860.95,0
2021-05-11 09:20:23,9859.65,0
2021-05-11 09:20:24,9860.05,0
2021-05-11 09:20:28,9859.4,0
2021-05-11 09:20:30,9861.05,0
2021-05-11 09:20:31,9860.75,0
2021-05-11 09:20:32,9862.45,0
2021-05-11 09:20:34,9862.9,0
2021-05-11 09:20:35,9863.4,0
2021-05-11 09:20:36,9862.8,0
2021-05-11 09:20:39,9862.65,0
2021-05-11 09:20:40,9860.85,0
2021-05-11 09:20:41,9860.7,0
2021-05-11 09:20:42,9860.75,0
2021-05-11 09:20:43,9860.6,0
2021-05-11 09:20:44,9860.3,0
2021-05-11 09:20:46,9864.25,0
2021-05-11 09:20:48,9864.45,0
2021-05-11 09:20:55,9864.4,0
2021-05-11 09:20:56,9864.65,0
2021-05-11 09:20:57,9865.15,0
2021-05-11 09:21:00,9864.2,0
2021-05-11 09:21:01,9861.7,0
2021-05-11 09:21:02,9860.1,0
2021-05-11 09:21:03,9863.05,0
2021-05-11 09:21:04,9862.5,0
2021-05-11 09:21:05,9863.85,0
2021-05-11 09:21:06,9862.6,0
2021-05-11 09:21:07,9862.5,0
2021-05-11 09:21:08,9863.6,0
2021-05-11 09:21:09,9863.6,0
2021-05-11 09:21:12,9864.7,0
2021-05-11 09:21:13,9863.15,0
2021-05-11 09:21:15,9863.2,0
2021-05-11 09:21:17,9862.6,0
2021-05-11 09:21:19,9863.55,0
2021-05-11 09:21:20,9864.65,0
2021-05-11 09:21:22,9863.55,0
2021-05-11 09:21:23,9864.55,0
2021-05-11 09:21:24,9864.4,0
2021-05-11 09:21:25,9866.55,0
2021-05-11 09:21:26,9868.85,0
2021-05-11 09:21:27,9868.5,0
2021-05-11 09:21:28,9868.0,0
2021-05-11 09:21:29,9867.65,0
2021-05-11 09:21:30,9870.15,0
2021-05-11 09:21:31,9869.65,0
2021-05-11 09:21:32,9870.0,0
2021-05-11 09:21:33,9869.5,0
2021-05-11 09:21:35,9870.3,0
2021-05-11 09:21:36,9869.25,0
2021-05-11 09:21:37,9870.15,0
2021-05-11 09:21:38,9872.45,0
2021-05-11 09:21:39,9872.55,0
2021-05-11 09:21:40,9873.25,0
2021-05-11 09:21:41,9873.75,0
2021-05-11 09:21:42,9874.1,0
2021-05-11 09:21:43,9873.35,0
2021-05-11 09:21:44,9873.75,0
2021-05-11 09:21:46,9876.2,0
2021-05-11 09:21:47,9876.45,0
2021-05-11 09:21:48,9873.85,0
2021-05-11 09:21:50,9873.4,0
2021-05-11 09:21:52,9873.7,0
2021-05-11 09:21:53,9873.7,0
2021-05-11 09:21:54,9872.3,0
2021-05-11 09:21:57,9874.0,0
2021-05-11 09:21:58,9873.2,0
2021-05-11 09:22:00,9875.45,0
2021-05-11 09:22:02,9875.2,0
2021-05-11 09:22:03,9875.55,0
2021-05-11 09:22:05,9874.8,0
2021-05-11 09:22:06,9876.4,0
2021-05-11 09:22:09,9877.0,0
2021-05-11 09:22:10,9876.15,0
2021-05-11 09:22:11,9877.3,0
2021-05-11 09:22:12,9877.75,0
2021-05-11 09:22:13,9877.6,0
2021-05-11 09:22:14,9876.5,0
2021-05-11 09:22:16,9875.6,0
2021-05-11 09:22:17,9875.65,0
2021-05-11 09:22:18,9876.15,0
2021-05-11 09:22:19,9875.0,0
2021-05-11 09:22:22,9875.1,0
2021-05-11 09:22:25,9876.65,0
2021-05-11 09:22:26,9876.5,0
2021-05-11 09:22:29,9876.1,0
2021-05-11 09:22:32,9876.75,0
2021-05-11 09:22:33,9876.5,0
2021-05-11 09:22:34,9877.3,0
2021-05-11 09:22:35,9876.35,0
2021-05-11 09:22:36,9877.7,0
2021-05-11 09:22:38,9876.7,0
2021-05-11 09:22:40,9875.9,0
2021-05-11 09:22:41,9876.7,0
2021-05-11 09:22:43,9877.55,0
2021-05-11 09:22:44,9876.9,0
2021-05-11 09:22:45,9879.0,0
2021-05-11 09:22:49,9881.1,0
2021-05-11 09:22:50,9882.25,0
2021-05-11 09:22:51,9882.1,0
2021-05-11 09:22:53,9881.65,0
2021-05-11 09:22:55,9882.05,0
2021-05-11 09:22:56,9880.2,0
2021-05-11 09:22:57,9881.8,0
2021-05-11 09:22:59,9882.9,0
2021-05-11 09:23:01,9882.0,0
2021-05-11 09:23:04,9882.65,0
2021-05-11 09:23:05,9882.6,0
2021-05-11 09:23:09,9882.95,0
2021-05-11 09:23:11,9882.95,0
2021-05-11 09:23:12,9883.2,0
2021-05-11 09:23:13,9883.95,0
2021-05-11 09:23:14,9883.3,0
2021-05-11 09:23:18,9884.95,0
2021-05-11 09:23:19,9885.95,0
2021-05-11 09:23:21,9886.9,0
2021-05-11 09:23:22,9887.45,0
2021-05-11 09:23:23,9887.55,0
2021-05-11 09:23:24,9888.8,0
2021-05-11 09:23:26,9887.8,0
2021-05-11 09:23:28,9887.85,0
2021-05-11 09:23:29,9887.25,0
2021-05-11 09:23:31,9886.8,0
2021-05-11 09:23:32,9885.9,0
2021-05-11 09:23:35,9885.5,0
2021-05-11 09:23:36,9885.6,0
2021-05-11 09:23:37,9883.85,0
2021-05-11 09:23:38,9883.45,0
2021-05-11 09:23:39,9883.5,0
2021-05-11 09:23:41,9884.8,0
2021-05-11 09:23:43,9883.35,0
2021-05-11 09:23:44,9883.55,0
2021-05-11 09:23:45,9882.6,0
2021-05-11 09:23:46,9883.3,0
2021-05-11 09:23:48,9884.1,0
2021-05-11 09:23:49,9885.2,0
2021-05-11 09:23:52,9884.05,0
2021-05-11 09:23:53,9885.2,0
2021-05-11 09:23:54,9884.45,0
2021-05-11 09:23:55,9883.8,0
2021-05-11 09:23:56,9885.15,0
2021-05-11 09:23:57,9884.65,0
2021-05-11 09:23:58,9884.35,0
2021-05-11 09:23:59,9885.1,0
2021-05-11 09:24:00,9885.7,0
2021-05-11 09:24:01,9885.9,0
2021-05-11 09:24:02,9885.05,0
2021-05-11 09:24:04,9887.3,0
2021-05-11 09:24:06,9885.05,0
2021-05-11 09:24:07,9886.15,0
2021-05-11 09:24:08,9887.5,0
2021-05-11 09:24:10,9887.9,0
2021-05-11 09:24:11,9885.9,0
2021-05-11 09:24:12,9885.4,0
2021-05-11 09:24:13,9884.2,0
2021-05-11 09:24:14,9881.25,0
2021-05-11 09:24:15,9878.65,0
2021-05-11 09:24:17,9879.9,0
2021-05-11 09:24:20,9880.0,0
2021-05-11 09:24:23,9880.3,0
2021-05-11 09:24:24,9881.2,0
2021-05-11 09:24:30,9881.2,0
2021-05-11 09:24:32,9881.5,0
2021-05-11 09:24:34,9883.25,0
2021-05-11 09:24:35,9881.8,0
2021-05-11 09:24:36,9882.5,0
2021-05-11 09:24:37,9882.05,0
2021-05-11 09:24:38,9882.05,0
2021-05-11 09:24:39,9882.1,0
2021-05-11 09:24:40,9881.45,0
2021-05-11 09:24:42,9882.8,0
2021-05-11 09:24:44,9883.65,0
2021-05-11 09:24:45,9884.05,0
2021-05-11 09:24:46,9884.6,0
2021-05-11 09:24:47,9883.35,0
2021-05-11 09:24:48,9883.3,0
2021-05-11 09:24:49,9882.85,0
2021-05-11 09:24:50,9883.3,0
2021-05-11 09:24:51,9883.8,0
2021-05-11 09:24:52,9883.65,0
2021-05-11 09:24:53,9884.55,0
2021-05-11 09:24:56,9884.45,0
2021-05-11 09:24:58,9885.55,0
2021-05-11 09:24:59,9885.55,0
2021-05-11 09:25:00,9885.5,0
2021-05-11 09:25:01,9884.25,0
2021-05-11 09:25:03,9885.35,0
2021-05-11 09:25:04,9886.4,0
2021-05-11 09:25:08,9885.8,0
2021-05-11 09:25:11,9888.8,0
2021-05-11 09:25:13,9887.95,0
2021-05-11 09:25:14,9889.0,0
2021-05-11 09:25:15,9890.3,0
2021-05-11 09:25:18,9890.05,0
2021-05-11 09:25:20,9889.8,0
2021-05-11 09:25:22,9888.9,0
2021-05-11 09:25:25,9888.6,0
2021-05-11 09:25:26,9888.65,0
2021-05-11 09:25:27,9888.9,0
2021-05-11 09:25:28,9887.0,0
2021-05-11 09:25:29,9887.1,0
2021-05-11 09:25:30,9888.3,0
2021-05-11 09:25:32,9885.9,0
2021-05-11 09:25:33,9885.0,0
2021-05-11 09:25:37,9885.55,0
2021-05-11 09:25:41,9884.8,0
2021-05-11 09:25:45,9885.75,0
2021-05-11 09:25:47,9885.45,0
2021-05-11 09:25:50,9885.15,0
2021-05-11 09:25:51,9885.4,0
2021-05-11 09:25:54,9885.45,0
2021-05-11 09:25:56,9885.4,0
2021-05-11 09:25:58,9886.45,0
2021-05-11 09:25:59,9886.0,0
2021-05-11 09:26:03,9885.55,0
2021-05-11 09:26:05,9885.5,0
2021-05-11 09:26:08,9886.2,0
2021-05-11 09:26:11,9885.3,0
2021-05-11 09:26:12,9884.35,0
2021-05-11 09:26:13,9885.1,0
2021-05-11 09:26:16,9884.2,0
2021-05-11 09:26:19,9884.9,0
2021-05-11 09:26:20,9885.4,0
2021-05-11 09:26:24,9887.95,0
2021-05-11 09:26:25,9888.0,0
2021-05-11 09:26:27,9887.5,0
2021-05-11 09:26:28,9887.65,0
2021-05-11 09:26:29,9887.4,0
2021-05-11 09:26:30,9886.5,0
2021-05-11 09:26:31,9887.45,0
2021-05-11 09:26:32,9888.25,0
2021-05-11 09:26:33,9888.55,0
2021-05-11 09:26:35,9888.7,0
2021-05-11 09:26:36,9888.45,0
2021-05-11 09:26:37,9889.25,0
2021-05-11 09:26:40,9890.25,0
2021-05-11 09:26:43,9890.75,0
2021-05-11 09:26:44,9891.05,0
2021-05-11 09:26:45,9890.9,0
2021-05-11 09:26:48,9888.75,0
2021-05-11 09:26:49,9888.95,0
2021-05-11 09:26:50,9889.5,0
2021-05-11 09:26:51,9888.25,0
2021-05-11 09:26:52,9888.35,0
2021-05-11 09:26:53,9888.15,0
2021-05-11 09:26:54,9889.2,0
2021-05-11 09:26:55,9890.15,0
2021-05-11 09:26:56,9889.75,0
2021-05-11 09:26:57,9889.45,0
2021-05-11 09:26:59,9890.4,0
2021-05-11 09:27:00,9889.3,0
2021-05-11 09:27:01,9889.3,0
2021-05-11 09:27:03,9888.3,0
2021-05-11 09:27:04,9888.75,0
2021-05-11 09:27:05,9888.15,0
2021-05-11 09:27:06,9889.1,0
2021-05-11 09:27:09,9888.95,0
2021-05-11 09:27:10,9889.8,0
2021-05-11 09:27:11,9890.05,0
2021-05-11 09:27:12,9890.5,0
2021-05-11 09:27:14,9890.4,0
2021-05-11 09:27:16,9888.75,0
2021-05-11 09:27:19,9890.45,0
2021-05-11 09:27:20,9891.25,0
2021-05-11 09:27:23,9891.4,0
2021-05-11 09:27:24,9891.95,0
2021-05-11 09:27:25,9892.3,0
2021-05-11 09:27:26,9892.95,0
2021-05-11 09:27:29,9893.8,0
2021-05-11 09:27:31,9893.55,0
2021-05-11 09:27:32,9893.05,0
2021-05-11 09:27:34,9892.85,0
2021-05-11 09:27:35,9893.15,0
2021-05-11 09:27:36,9892.6,0
2021-05-11 09:27:37,9893.05,0
2021-05-11 09:27:39,9891.7,0
2021-05-11 09:27:40,9891.45,0
2021-05-11 09:27:41,9891.85,0
2021-05-11 09:27:43,9891.9,0
2021-05-11 09:27:44,9890.7,0
2021-05-11 09:27:46,9890.2,0
2021-05-11 09:27:47,9891.35,0
2021-05-11 09:27:48,9890.6,0
2021-05-11 09:27:49,9889.75,0
2021-05-11 09:27:50,9889.65,0
2021-05-11 09:27:51,9890.55,0
2021-05-11 09:27:52,9890.3,0
2021-05-11 09:27:53,9889.85,0
2021-05-11 09:27:54,9889.55,0
2021-05-11 09:27:55,9889.65,0
2021-05-11 09:27:57,9889.8,0
2021-05-11 09:28:03,9889.5,0
2021-05-11 09:28:04,9889.25,0
2021-05-11 09:28:06,9888.1,0
2021-05-11 09:28:08,9888.35,0
2021-05-11 09:28:10,9888.45,0
2021-05-11 09:28:11,9887.5,0
2021-05-11 09:28:12,9887.55,0
2021-05-11 09:28:13,9887.6,0
2021-05-11 09:28:16,9885.05,0
2021-05-11 09:28:17,9886.65,0
2021-05-11 09:28:18,9885.65,0
2021-05-11 09:28:19,9886.1,0
2021-05-11 09:28:20,9886.3,0
2021-05-11 09:28:21,9885.9,0
2021-05-11 09:28:22,9886.1,0
2021-05-11 09:28:24,9884.15,0
2021-05-11 09:28:27,9884.0,0
2021-05-11 09:28:29,9885.25,0
2021-05-11 09:28:31,9883.8,0
2021-05-11 09:28:32,9884.3,0
2021-05-11 09:28:34,9884.85,0
2021-05-11 09:28:36,9885.15,0
2021-05-11 09:28:37,9884.1,0
2021-05-11 09:28:38,9883.65,0
2021-05-11 09:28:39,9883.85,0
2021-05-11 09:28:40,9883.95,0
2021-05-11 09:28:41,9885.45,0
2021-05-11 09:28:42,9886.1,0
2021-05-11 09:28:43,9886.15,0
2021-05-11 09:28:46,9885.2,0
2021-05-11 09:28:47,9884.45,0
2021-05-11 09:28:49,9884.6,0
2021-05-11 09:28:50,9885.3,0
2021-05-11 09:28:52,9885.25,0
2021-05-11 09:28:54,9887.55,0
2021-05-11 09:28:55,9887.2,0
2021-05-11 09:28:56,9887.55,0
2021-05-11 09:28:57,9887.25,0
2021-05-11 09:29:00,9886.9,0
2021-05-11 09:29:01,9888.1,0
2021-05-11 09:29:02,9888.05,0
2021-05-11 09:29:03,9887.75,0
2021-05-11 09:29:04,9888.35,0
2021-05-11 09:29:06,9889.1,0
2021-05-11 09:29:10,9889.6,0
2021-05-11 09:29:11,9889.0,0
2021-05-11 09:29:12,9888.35,0
2021-05-11 09:29:13,9889.1,0
2021-05-11 09:29:14,9889.75,0
2021-05-11 09:29:15,9889.65,0
2021-05-11 09:29:16,9890.15,0
2021-05-11 09:29:17,9890.7,0
2021-05-11 09:29:19,9892.65,0
2021-05-11 09:29:20,9891.5,0
2021-05-11 09:29:21,9891.7,0
2021-05-11 09:29:22,9891.35,0
2021-05-11 09:29:25,9892.7,0
2021-05-11 09:29:28,9891.4,0
2021-05-11 09:29:30,9891.1,0
2021-05-11 09:29:34,9892.3,0
2021-05-11 09:29:36,9892.6,0
2021-05-11 09:29:37,9892.85,0
2021-05-11 09:29:40,9895.65,0
2021-05-11 09:29:43,9895.35,0
2021-05-11 09:29:44,9896.0,0
2021-05-11 09:29:48,9896.35,0
2021-05-11 09:29:51,9898.3,0
2021-05-11 09:29:53,9898.0,0
2021-05-11 09:29:54,9898.7,0
2021-05-11 09:29:55,9898.3,0
2021-05-11 09:29:56,9898.8,0
2021-05-11 09:29:57,9899.15,0
2021-05-11 09:30:00,9898.75,0
2021-05-11 09:30:01,9899.85,0
2021-05-11 09:30:06,9898.95,0
2021-05-11 09:30:15,9899.2,0
2021-05-11 09:30:17,9898.8,0
2021-05-11 09:30:19,9898.95,0
2021-05-11 09:30:21,9899.95,0
2021-05-11 09:30:26,9900.95,0
2021-05-11 09:30:32,9904.05,0
2021-05-11 09:30:33,9904.75,0
2021-05-11 09:30:34,9904.4,0
2021-05-11 09:30:35,9905.0,0
2021-05-11 09:30:37,9903.05,0
2021-05-11 09:30:38,9903.95,0
2021-05-11 09:30:39,9904.6,0
2021-05-11 09:30:40,9903.1,0
2021-05-11 09:30:41,9904.7,0
2021-05-11 09:30:42,9904.15,0
2021-05-11 09:30:43,9903.8,0
2021-05-11 09:30:44,9903.8,0
2021-05-11 09:30:48,9905.5,0
2021-05-11 09:30:49,9905.3,0
2021-05-11 09:30:50,9905.9,0
2021-05-11 09:30:51,9905.4,0
2021-05-11 09:30:53,9904.3,0
2021-05-11 09:30:54,9905.65,0
2021-05-11 09:30:55,9905.85,0
2021-05-11 09:30:57,9905.85,0
2021-05-11 09:30:59,9906.3,0
2021-05-11 09:31:00,9906.0,0
2021-05-11 09:31:03,9905.75,0
2021-05-11 09:31:04,9905.65,0
2021-05-11 09:31:05,9907.1,0
2021-05-11 09:31:06,9907.8,0
2021-05-11 09:31:07,9907.7,0
2021-05-11 09:31:09,9907.85,0
2021-05-11 09:31:11,9907.4,0
2021-05-11 09:31:12,9907.05,0
2021-05-11 09:31:14,9908.45,0
2021-05-11 09:31:15,9908.15,0
2021-05-11 09:31:16,9907.1,0
2021-05-11 09:31:18,9907.3,0
2021-05-11 09:31:19,9907.15,0
2021-05-11 09:31:20,9907.7,0
2021-05-11 09:31:24,9905.85,0
2021-05-11 09:31:27,9906.85,0
2021-05-11 09:31:29,9906.8,0
2021-05-11 09:31:32,9904.0,0
2021-05-11 09:31:33,9904.1,0
2021-05-11 09:31:34,9903.65,0
2021-05-11 09:31:35,9902.9,0
2021-05-11 09:31:36,9903.35,0
2021-05-11 09:31:37,9903.85,0
2021-05-11 09:31:38,9902.65,0
2021-05-11 09:31:40,9903.7,0
2021-05-11 09:31:43,9904.3,0
2021-05-11 09:31:45,9903.65,0
2021-05-11 09:31:48,9904.2,0
2021-05-11 09:31:49,9903.55,0
2021-05-11 09:31:50,9904.55,0
2021-05-11 09:31:52,9904.95,0
2021-05-11 09:31:53,9904.6,0
2021-05-11 09:31:54,9904.3,0
2021-05-11 09:31:56,9903.75,0
2021-05-11 09:31:58,9904.4,0
2021-05-11 09:32:00,9905.0,0
2021-05-11 09:32:02,9905.8,0
2021-05-11 09:32:03,9905.5,0
2021-05-11 09:32:04,9904.85,0
2021-05-11 09:32:05,9905.25,0
2021-05-11 09:32:06,9905.0,0
2021-05-11 09:32:07,9904.75,0
2021-05-11 09:32:08,9903.5,0
2021-05-11 09:32:11,9904.55,0
2021-05-11 09:32:12,9905.8,0
2021-05-11 09:32:13,9905.35,0
2021-05-11 09:32:14,9905.1,0
2021-05-11 09:32:15,9905.95,0
2021-05-11 09:32:17,9905.4,0
2021-05-11 09:32:21,9906.55,0
2021-05-11 09:32:23,9906.95,0
2021-05-11 09:32:25,9906.8,0
2021-05-11 09:32:26,9906.2,0
2021-05-11 09:32:27,9906.95,0
2021-05-11 09:32:31,9907.85,0
2021-05-11 09:32:33,9907.9,0
2021-05-11 09:32:37,9910.65,0
2021-05-11 09:32:38,9910.15,0
2021-05-11 09:32:39,9910.45,0
2021-05-11 09:32:41,9910.5,0
2021-05-11 09:32:44,9910.8,0
2021-05-11 09:32:46,9909.7,0
2021-05-11 09:32:47,9910.95,0
2021-05-11 09:32:48,9911.85,0
2021-05-11 09:32:49,9908.3,0
2021-05-11 09:32:50,9909.05,0
2021-05-11 09:32:52,9908.6,0
2021-05-11 09:32:53,9909.4,0
2021-05-11 09:32:54,9909.15,0
2021-05-11 09:32:55,9907.75,0
2021-05-11 09:32:56,9909.4,0
2021-05-11 09:32:57,9908.75,0
2021-05-11 09:32:58,9909.0,0
2021-05-11 09:32:59,9908.8,0
2021-05-11 09:33:00,9909.55,0
2021-05-11 09:33:01,9910.95,0
2021-05-11 09:33:02,9911.05,0
2021-05-11 09:33:05,9911.45,0
2021-05-11 09:33:06,9911.35,0
2021-05-11 09:33:08,9911.1,0
2021-05-11 09:33:09,9911.0,0
2021-05-11 09:33:10,9910.55,0
2021-05-11 09:33:11,9911.2,0
2021-05-11 09:33:13,9913.55,0
2021-05-11 09:33:16,9913.15,0
2021-05-11 09:33:17,9913.1,0
2021-05-11 09:33:18,9912.65,0
2021-05-11 09:33:19,9913.45,0
2021-05-11 09:33:20,9913.55,0
2021-05-11 09:33:22,9913.6,0
2021-05-11 09:33:23,9913.4,0
2021-05-11 09:33:24,9912.55,0
2021-05-11 09:33:25,9913.45,0
2021-05-11 09:33:26,9912.0,0
2021-05-11 09:33:28,9913.5,0
2021-05-11 09:33:29,9913.0,0
2021-05-11 09:33:30,9914.25,0
2021-05-11 09:33:32,9913.95,0
2021-05-11 09:33:35,9915.1,0
2021-05-11 09:33:36,9914.4,0
2021-05-11 09:33:43,9917.15,0
2021-05-11 09:33:44,9917.1,0
2021-05-11 09:33:46,9917.5,0
2021-05-11 09:33:48,9917.35,0
2021-05-11 09:33:49,9917.45,0
2021-05-11 09:33:51,9917.0,0
2021-05-11 09:33:54,9917.8,0
2021-05-11 09:33:55,9919.6,0
2021-05-11 09:33:58,9919.75,0
2021-05-11 09:33:59,9918.55,0
2021-05-11 09:34:00,9919.2,0
2021-05-11 09:34:02,9920.25,0
2021-05-11 09:34:03,9919.9,0
2021-05-11 09:34:04,9920.15,0
2021-05-11 09:34:07,9919.5,0
2021-05-11 09:34:10,9919.45,0
2021-05-11 09:34:11,9919.3,0
2021-05-11 09:34:13,9920.2,0
2021-05-11 09:34:14,9919.3,0
2021-05-11 09:34:16,9919.9,0
2021-05-11 09:34:18,9919.9,0
2021-05-11 09:34:21,9919.35,0
2021-05-11 09:34:22,9920.4,0
2021-05-11 09:34:27,9921.35,0
2021-05-11 09:34:28,9921.75,0
2021-05-11 09:34:29,9922.7,0
2021-05-11 09:34:32,9923.95,0
2021-05-11 09:34:35,9923.8,0
2021-05-11 09:34:37,9923.2,0
2021-05-11 09:34:39,9924.35,0
2021-05-11 09:34:41,9924.95,0
2021-05-11 09:34:43,9926.7,0
2021-05-11 09:34:46,9926.4,0
2021-05-11 09:34:48,9927.05,0
2021-05-11 09:34:49,9928.2,0
2021-05-11 09:34:51,9927.55,0
2021-05-11 09:34:52,9927.3,0
2021-05-11 09:34:53,9928.3,0
2021-05-11 09:34:55,9929.15,0
2021-05-11 09:34:59,9930.75,0
2021-05-11 09:35:04,9932.4,0
2021-05-11 09:35:05,9931.45,0
2021-05-11 09:35:06,9933.0,0
2021-05-11 09:35:08,9935.25,0
2021-05-11 09:35:09,9934.3,0
2021-05-11 09:35:10,9933.0,0
2021-05-11 09:35:11,9933.15,0
2021-05-11 09:35:12,9932.1,0
2021-05-11 09:35:16,9933.45,0
2021-05-11 09:35:17,9933.6,0
2021-05-11 09:35:18,9933.55,0
2021-05-11 09:35:21,9934.95,0
2021-05-11 09:35:22,9934.1,0
2021-05-11 09:35:24,9934.35,0
2021-05-11 09:35:25,9934.85,0
2021-05-11 09:35:26,9934.25,0
2021-05-11 09:35:27,9934.9,0
2021-05-11 09:35:28,9935.5,0
2021-05-11 09:35:29,9935.05,0
2021-05-11 09:35:30,9935.2,0
2021-05-11 09:35:31,9935.0,0
2021-05-11 09:35:32,9933.6,0
2021-05-11 09:35:33,9933.0,0
2021-05-11 09:35:34,9933.75,0
2021-05-11 09:35:35,9932.55,0
2021-05-11 09:35:37,9933.25,0
2021-05-11 09:35:38,9933.45,0
2021-05-11 09:35:39,9933.75,0
2021-05-11 09:35:40,9933.65,0
2021-05-11 09:35:41,9933.85,0
2021-05-11 09:35:42,9932.5,0
2021-05-11 09:35:43,9932.8,0
2021-05-11 09:35:44,9932.9,0
2021-05-11 09:35:45,9932.45,0
2021-05-11 09:35:46,9932.0,0
2021-05-11 09:35:49,9933.4,0
2021-05-11 09:35:50,9932.3,0
2021-05-11 09:35:51,9931.6,0
2021-05-11 09:35:52,9932.25,0
2021-05-11 09:35:53,9932.9,0
2021-05-11 09:36:01,9933.6,0
2021-05-11 09:36:03,9933.5,0
2021-05-11 09:36:04,9931.85,0
2021-05-11 09:36:07,9932.65,0
2021-05-11 09:36:08,9933.8,0
2021-05-11 09:36:11,9933.75,0
2021-05-11 09:36:12,9933.45,0
2021-05-11 09:36:15,9932.55,0
2021-05-11 09:36:19,9928.7,0
2021-05-11 09:36:22,9929.6,0
2021-05-11 09:36:24,9929.2,0
2021-05-11 09:36:26,9928.2,0
2021-05-11 09:36:27,9928.3,0
2021-05-11 09:36:28,9927.7,0
2021-05-11 09:36:29,9927.15,0
2021-05-11 09:36:30,9928.05,0
2021-05-11 09:36:31,9928.0,0
2021-05-11 09:36:32,9927.9,0
2021-05-11 09:36:33,9927.35,0
2021-05-11 09:36:34,9925.7,0
2021-05-11 09:36:35,9926.5,0
2021-05-11 09:36:36,9925.9,0
2021-05-11 09:36:38,9924.75,0
2021-05-11 09:36:40,9923.8,0
2021-05-11 09:36:41,9923.6,0
2021-05-11 09:36:42,9923.5,0
2021-05-11 09:36:43,9923.65,0
2021-05-11 09:36:46,9923.25,0
2021-05-11 09:36:47,9922.7,0
2021-05-11 09:36:49,9921.55,0
2021-05-11 09:36:50,9922.35,0
2021-05-11 09:36:52,9922.45,0
2021-05-11 09:36:56,9919.45,0
2021-05-11 09:36:57,9919.2,0
2021-05-11 09:36:58,9917.95,0
2021-05-11 09:36:59,9917.45,0
2021-05-11 09:37:00,9915.9,0
2021-05-11 09:37:01,9915.25,0
2021-05-11 09:37:02,9915.6,0
2021-05-11 09:37:03,9915.1,0
2021-05-11 09:37:06,9914.3,0
2021-05-11 09:37:08,9913.8,0
2021-05-11 09:37:09,9913.15,0
2021-05-11 09:37:10,9914.0,0
2021-05-11 09:37:11,9913.15,0
2021-05-11 09:37:14,9913.3,0
2021-05-11 09:37:15,9912.3,0
2021-05-11 09:37:17,9910.65,0
2021-05-11 09:37:18,9910.55,0
2021-05-11 09:37:19,9911.75,0
2021-05-11 09:37:20,9910.85,0
2021-05-11 09:37:23,9908.7,0
2021-05-11 09:37:26,9906.95,0
2021-05-11 09:37:27,9907.9,0
2021-05-11 09:37:29,9906.25,0
2021-05-11 09:37:30,9906.2,0
2021-05-11 09:37:32,9905.4,0
2021-05-11 09:37:31,9905.15,0
2021-05-11 09:37:33,9905.35,0
2021-05-11 09:37:34,9902.15,0
2021-05-11 09:37:36,9901.6,0
2021-05-11 09:37:37,9901.95,0
2021-05-11 09:37:41,9901.8,0
2021-05-11 09:37:42,9902.65,0
2021-05-11 09:37:43,9903.2,0
2021-05-11 09:37:44,9902.85,0
2021-05-11 09:37:46,9903.1,0
2021-05-11 09:37:47,9903.25,0
2021-05-11 09:37:48,9902.55,0
2021-05-11 09:37:49,9902.25,0
2021-05-11 09:37:51,9903.75,0
2021-05-11 09:37:52,9905.15,0
2021-05-11 09:37:53,9904.3,0
2021-05-11 09:37:54,9903.7,0
2021-05-11 09:37:56,9903.15,0
2021-05-11 09:37:58,9903.05,0
2021-05-11 09:37:59,9903.2,0
2021-05-11 09:38:03,9901.2,0
2021-05-11 09:38:04,9902.3,0
2021-05-11 09:38:05,9901.1,0
2021-05-11 09:38:08,9902.35,0
2021-05-11 09:38:09,9900.75,0
2021-05-11 09:38:10,9900.8,0
2021-05-11 09:38:11,9901.5,0
2021-05-11 09:38:12,9901.15,0
2021-05-11 09:38:13,9901.2,0
2021-05-11 09:38:14,9900.8,0
2021-05-11 09:38:15,9901.7,0
2021-05-11 09:38:16,9901.55,0
2021-05-11 09:38:18,9902.1,0
2021-05-11 09:38:19,9902.2,0
2021-05-11 09:38:20,9901.95,0
2021-05-11 09:38:21,9902.0,0
2021-05-11 09:38:22,9900.95,0
2021-05-11 09:38:23,9900.55,0
2021-05-11 09:38:24,9901.6,0
2021-05-11 09:38:25,9902.05,0
2021-05-11 09:38:28,9901.4,0
2021-05-11 09:38:29,9901.5,0
2021-05-11 09:38:30,9901.35,0
2021-05-11 09:38:32,9900.65,0
2021-05-11 09:38:33,9900.8,0
2021-05-11 09:38:34,9901.3,0
2021-05-11 09:38:36,9901.15,0
2021-05-11 09:38:37,9901.1,0
2021-05-11 09:38:38,9901.6,0
2021-05-11 09:38:39,9901.75,0
2021-05-11 09:38:40,9900.7,0
2021-05-11 09:38:44,9901.75,0
2021-05-11 09:38:46,9901.75,0
2021-05-11 09:38:47,9902.0,0
2021-05-11 09:38:50,9900.35,0
2021-05-11 09:38:51,9900.65,0
2021-05-11 09:38:52,9901.3,0
2021-05-11 09:38:54,9901.45,0
2021-05-11 09:38:55,9901.35,0
2021-05-11 09:38:56,9901.2,0
2021-05-11 09:38:59,9900.2,0
2021-05-11 09:39:02,9899.3,0
2021-05-11 09:39:03,9899.85,0
2021-05-11 09:39:04,9899.9,0
2021-05-11 09:39:05,9900.5,0
2021-05-11 09:39:06,9900.05,0
2021-05-11 09:39:07,9899.35,0
2021-05-11 09:39:08,9898.9,0
2021-05-11 09:39:09,9899.15,0
2021-05-11 09:39:10,9898.6,0
2021-05-11 09:39:11,9898.9,0
2021-05-11 09:39:14,9898.4,0
2021-05-11 09:39:16,9899.85,0
2021-05-11 09:39:18,9899.6,0
2021-05-11 09:39:20,9900.2,0
2021-05-11 09:39:21,9900.15,0
2021-05-11 09:39:22,9899.0,0
2021-05-11 09:39:23,9899.55,0
2021-05-11 09:39:25,9899.75,0
2021-05-11 09:39:26,9899.85,0
2021-05-11 09:39:27,9898.6,0
2021-05-11 09:39:29,9899.45,0
2021-05-11 09:39:31,9900.2,0
2021-05-11 09:39:32,9899.85,0
2021-05-11 09:39:34,9900.5,0
2021-05-11 09:39:36,9900.5,0
2021-05-11 09:39:37,9900.75,0
2021-05-11 09:39:39,9900.25,0
2021-05-11 09:39:41,9899.35,0
2021-05-11 09:39:43,9899.5,0
2021-05-11 09:39:44,9900.25,0
2021-05-11 09:39:46,9899.9,0
2021-05-11 09:39:48,9900.0,0
2021-05-11 09:39:49,9900.1,0
2021-05-11 09:39:52,9898.1,0
2021-05-11 09:39:53,9897.2,0
2021-05-11 09:39:59,9896.15,0
2021-05-11 09:40:00,9896.05,0
2021-05-11 09:40:01,9895.5,0
2021-05-11 09:40:03,9895.85,0
2021-05-11 09:40:07,9895.85,0
2021-05-11 09:40:09,9897.95,0
2021-05-11 09:40:10,9896.75,0
2021-05-11 09:40:12,9896.35,0
2021-05-11 09:40:13,9895.9,0
2021-05-11 09:40:14,9896.4,0
2021-05-11 09:40:16,9896.1,0
2021-05-11 09:40:18,9894.2,0
2021-05-11 09:40:19,9894.4,0
2021-05-11 09:40:20,9894.35,0
2021-05-11 09:40:21,9894.3,0
2021-05-11 09:40:23,9891.15,0
2021-05-11 09:40:25,9891.25,0
2021-05-11 09:40:26,9891.8,0
2021-05-11 09:40:27,9891.1,0
2021-05-11 09:40:28,9891.4,0
2021-05-11 09:40:29,9889.3,0
2021-05-11 09:40:30,9891.2,0
2021-05-11 09:40:31,9890.3,0
2021-05-11 09:40:32,9890.35,0
2021-05-11 09:40:34,9890.35,0
2021-05-11 09:40:39,9889.85,0
2021-05-11 09:40:41,9889.6,0
2021-05-11 09:40:42,9890.25,0
2021-05-11 09:40:43,9888.85,0
2021-05-11 09:40:44,9889.45,0
2021-05-11 09:40:47,9887.2,0
2021-05-11 09:40:48,9887.15,0
2021-05-11 09:40:49,9887.4,0
2021-05-11 09:40:50,9887.05,0
2021-05-11 09:40:51,9886.8,0
2021-05-11 09:40:54,9886.7,0
2021-05-11 09:40:55,9886.15,0
2021-05-11 09:40:58,9886.2,0
2021-05-11 09:40:59,9886.35,0
2021-05-11 09:41:00,9885.85,0
2021-05-11 09:41:01,9886.2,0
2021-05-11 09:41:02,9886.4,0
2021-05-11 09:41:03,9885.65,0
2021-05-11 09:41:05,9886.05,0
2021-05-11 09:41:07,9887.05,0
2021-05-11 09:41:08,9886.4,0
2021-05-11 09:41:10,9887.75,0
2021-05-11 09:41:14,9889.15,0
2021-05-11 09:41:16,9889.4,0
2021-05-11 09:41:17,9888.7,0
2021-05-11 09:41:19,9889.4,0
2021-05-11 09:41:21,9889.6,0
2021-05-11 09:41:23,9890.4,0
2021-05-11 09:41:24,9891.95,0
2021-05-11 09:41:26,9893.25,0
2021-05-11 09:41:27,9892.1,0
2021-05-11 09:41:29,9894.35,0
2021-05-11 09:41:30,9893.4,0
2021-05-11 09:41:31,9893.45,0
2021-05-11 09:41:34,9895.05,0
2021-05-11 09:41:35,9895.7,0
2021-05-11 09:41:36,9896.05,0
2021-05-11 09:41:37,9896.5,0
2021-05-11 09:41:38,9895.7,0
2021-05-11 09:41:39,9895.6,0
2021-05-11 09:41:40,9897.5,0
2021-05-11 09:41:43,9897.7,0
2021-05-11 09:41:45,9898.65,0
2021-05-11 09:41:46,9900.8,0
2021-05-11 09:41:47,9900.15,0
2021-05-11 09:41:48,9898.95,0
2021-05-11 09:41:52,9900.75,0
2021-05-11 09:41:53,9900.85,0
2021-05-11 09:41:54,9901.1,0
2021-05-11 09:41:55,9901.1,0
2021-05-11 09:41:56,9901.9,0
2021-05-11 09:41:58,9903.05,0
2021-05-11 09:41:59,9903.0,0
2021-05-11 09:42:01,9905.45,0
2021-05-11 09:42:02,9907.05,0
2021-05-11 09:42:03,9908.05,0
2021-05-11 09:42:04,9906.65,0
2021-05-11 09:42:05,9906.65,0
2021-05-11 09:42:06,9904.95,0
2021-05-11 09:42:07,9905.1,0
2021-05-11 09:42:08,9906.65,0
2021-05-11 09:42:09,9906.5,0
2021-05-11 09:42:10,9905.7,0
2021-05-11 09:42:12,9905.95,0
2021-05-11 09:42:16,9907.45,0
2021-05-11 09:42:17,9905.95,0
2021-05-11 09:42:18,9906.65,0
2021-05-11 09:42:20,9907.85,0
2021-05-11 09:42:21,9907.75,0
2021-05-11 09:42:22,9907.8,0
2021-05-11 09:42:23,9908.8,0
2021-05-11 09:42:26,9910.0,0
2021-05-11 09:42:27,9909.75,0
2021-05-11 09:42:32,9911.85,0
2021-05-11 09:42:36,9912.2,0
2021-05-11 09:42:37,9912.3,0
2021-05-11 09:42:38,9911.95,0
2021-05-11 09:42:40,9911.35,0
2021-05-11 09:42:41,9911.7,0
2021-05-11 09:42:42,9911.35,0
2021-05-11 09:42:43,9912.2,0
2021-05-11 09:42:44,9911.2,0
2021-05-11 09:42:45,9910.05,0
2021-05-11 09:42:47,9911.75,0
2021-05-11 09:42:49,9912.15,0
2021-05-11 09:42:50,9911.8,0
2021-05-11 09:42:52,9911.5,0
2021-05-11 09:42:53,9912.25,0
2021-05-11 09:42:54,9911.3,0
2021-05-11 09:42:55,9911.65,0
2021-05-11 09:42:56,9911.1,0
2021-05-11 09:42:57,9911.5,0
2021-05-11 09:42:58,9912.7,0
2021-05-11 09:42:59,9912.0,0
2021-05-11 09:43:03,9912.4,0
2021-05-11 09:43:05,9912.7,0
2021-05-11 09:43:06,9912.7,0
2021-05-11 09:43:10,9913.6,0
2021-05-11 09:43:11,9913.35,0
2021-05-11 09:43:14,9914.5,0
2021-05-11 09:43:15,9914.65,0
2021-05-11 09:43:18,9914.7,0
2021-05-11 09:43:20,9915.0,0
2021-05-11 09:43:21,9915.4,0
2021-05-11 09:43:22,9915.15,0
2021-05-11 09:43:26,9915.95,0
2021-05-11 09:43:28,9915.2,0
2021-05-11 09:43:29,9915.0,0
2021-05-11 09:43:30,9914.4,0
2021-05-11 09:43:34,9914.65,0
2021-05-11 09:43:35,9914.4,0
2021-05-11 09:43:39,9912.1,0
2021-05-11 09:43:43,9913.75,0
2021-05-11 09:43:46,9912.75,0
2021-05-11 09:43:48,9911.45,0
2021-05-11 09:43:49,9911.7,0
2021-05-11 09:43:50,9911.55,0
2021-05-11 09:43:54,9909.75,0
2021-05-11 09:43:55,9910.4,0
2021-05-11 09:43:57,9910.05,0
2021-05-11 09:43:59,9910.65,0
2021-05-11 09:44:00,9910.15,0
2021-05-11 09:44:01,9910.8,0
2021-05-11 09:44:03,9911.2,0
2021-05-11 09:44:05,9912.0,0
2021-05-11 09:44:06,9912.45,0
2021-05-11 09:44:08,9912.7,0
2021-05-11 09:44:11,9913.3,0
2021-05-11 09:44:12,9912.4,0
2021-05-11 09:44:14,9912.7,0
2021-05-11 09:44:15,9912.85,0
2021-05-11 09:44:16,9911.95,0
2021-05-11 09:44:17,9912.65,0
2021-05-11 09:44:18,9912.0,0
2021-05-11 09:44:19,9911.6,0
2021-05-11 09:44:21,9911.95,0
2021-05-11 09:44:23,9912.05,0
2021-05-11 09:44:24,9911.45,0
2021-05-11 09:44:25,9911.0,0
2021-05-11 09:44:26,9911.15,0
2021-05-11 09:44:27,9912.0,0
2021-05-11 09:44:28,9911.7,0
2021-05-11 09:44:30,9911.45,0
2021-05-11 09:44:33,9911.05,0
2021-05-11 09:44:34,9910.5,0
2021-05-11 09:44:38,9909.6,0
2021-05-11 09:44:40,9910.35,0
2021-05-11 09:44:43,9907.3,0
2021-05-11 09:44:45,9906.8,0
2021-05-11 09:44:47,9906.5,0
2021-05-11 09:44:48,9906.5,0
2021-05-11 09:44:50,9906.95,0
2021-05-11 09:44:51,9906.9,0
2021-05-11 09:44:55,9906.05,0
2021-05-11 09:44:56,9905.65,0
2021-05-11 09:44:58,9907.1,0
2021-05-11 09:44:59,9906.3,0
2021-05-11 09:45:00,9904.45,0
2021-05-11 09:45:01,9904.05,0
2021-05-11 09:45:03,9903.7,0
2021-05-11 09:45:06,9904.2,0
2021-05-11 09:45:07,9904.3,0
2021-05-11 09:45:08,9903.2,0
2021-05-11 09:45:10,9903.55,0
2021-05-11 09:45:11,9903.8,0
2021-05-11 09:45:12,9904.4,0
2021-05-11 09:45:13,9903.8,0
2021-05-11 09:45:15,9903.95,0
2021-05-11 09:45:16,9903.65,0
2021-05-11 09:45:18,9903.05,0
2021-05-11 09:45:20,9903.25,0
2021-05-11 09:45:25,9899.95,0
2021-05-11 09:45:26,9899.05,0
2021-05-11 09:45:27,9898.95,0
2021-05-11 09:45:28,9898.35,0
2021-05-11 09:45:31,9897.55,0
2021-05-11 09:45:32,9898.05,0
2021-05-11 09:45:36,9898.15,0
2021-05-11 09:45:39,9899.0,0
2021-05-11 09:45:42,9897.25,0
2021-05-11 09:45:43,9897.75,0
2021-05-11 09:45:44,9898.45,0
2021-05-11 09:45:46,9894.85,0
2021-05-11 09:45:49,9896.25,0
2021-05-11 09:45:50,9896.65,0
2021-05-11 09:45:51,9895.65,0
2021-05-11 09:45:52,9895.7,0
2021-05-11 09:45:53,9895.2,0
2021-05-11 09:45:54,9896.05,0
2021-05-11 09:45:55,9896.85,0
2021-05-11 09:45:58,9894.85,0
2021-05-11 09:46:00,9895.5,0
2021-05-11 09:46:01,9895.15,0
2021-05-11 09:46:02,9894.85,0
2021-05-11 09:46:03,9895.85,0
2021-05-11 09:46:05,9895.65,0
2021-05-11 09:46:06,9895.2,0
2021-05-11 09:46:07,9895.75,0
2021-05-11 09:46:08,9895.3,0
2021-05-11 09:46:10,9896.05,0
2021-05-11 09:46:13,9895.5,0
2021-05-11 09:46:14,9896.1,0
2021-05-11 09:46:15,9895.85,0
2021-05-11 09:46:18,9897.05,0
2021-05-11 09:46:19,9896.35,0
2021-05-11 09:46:24,9897.1,0
2021-05-11 09:46:25,9897.1,0
2021-05-11 09:46:26,9897.05,0
2021-05-11 09:46:27,9898.7,0
2021-05-11 09:46:28,9898.15,0
2021-05-11 09:46:29,9898.0,0
2021-05-11 09:46:30,9897.55,0
2021-05-11 09:46:31,9897.75,0
2021-05-11 09:46:32,9898.9,0
2021-05-11 09:46:33,9897.6,0
2021-05-11 09:46:34,9898.5,0
2021-05-11 09:46:37,9898.7,0
2021-05-11 09:46:38,9899.1,0
2021-05-11 09:46:40,9899.5,0
2021-05-11 09:46:42,9900.25,0
2021-05-11 09:46:44,9900.85,0
2021-05-11 09:46:45,9902.55,0
2021-05-11 09:46:46,9902.85,0
2021-05-11 09:46:47,9902.45,0
2021-05-11 09:46:48,9903.8,0
2021-05-11 09:46:49,9903.95,0
2021-05-11 09:46:51,9905.0,0
2021-05-11 09:46:52,9904.25,0
2021-05-11 09:46:53,9903.65,0
2021-05-11 09:46:55,9904.0,0
2021-05-11 09:46:57,9903.65,0
2021-05-11 09:46:58,9904.4,0
2021-05-11 09:46:59,9901.75,0
2021-05-11 09:47:00,9903.85,0
2021-05-11 09:47:01,9904.05,0
2021-05-11 09:47:02,9904.5,0
2021-05-11 09:47:03,9904.8,0
2021-05-11 09:47:04,9904.5,0
2021-05-11 09:47:05,9905.4,0
2021-05-11 09:47:06,9904.6,0
2021-05-11 09:47:07,9905.7,0
2021-05-11 09:47:08,9905.6,0
2021-05-11 09:47:09,9905.3,0
2021-05-11 09:47:10,9904.55,0
2021-05-11 09:47:12,9905.3,0
2021-05-11 09:47:14,9905.65,0
2021-05-11 09:47:15,9904.9,0
2021-05-11 09:47:16,9904.25,0
2021-05-11 09:47:17,9905.2,0
2021-05-11 09:47:18,9905.0,0
2021-05-11 09:47:19,9905.0,0
2021-05-11 09:47:20,9904.55,0
2021-05-11 09:47:22,9905.0,0
2021-05-11 09:47:23,9904.5,0
2021-05-11 09:47:24,9903.75,0
2021-05-11 09:47:26,9905.3,0
2021-05-11 09:47:28,9906.1,0
2021-05-11 09:47:29,9905.6,0
2021-05-11 09:47:30,9905.55,0
2021-05-11 09:47:31,9905.85,0
2021-05-11 09:47:34,9906.2,0
2021-05-11 09:47:36,9906.1,0
2021-05-11 09:47:38,9906.35,0
2021-05-11 09:47:39,9905.85,0
2021-05-11 09:47:41,9905.6,0
2021-05-11 09:47:43,9905.7,0
2021-05-11 09:47:44,9905.4,0
2021-05-11 09:47:46,9904.85,0
2021-05-11 09:47:47,9905.45,0
2021-05-11 09:47:48,9904.85,0
2021-05-11 09:47:49,9903.65,0
2021-05-11 09:47:50,9904.85,0
2021-05-11 09:47:51,9905.0,0
2021-05-11 09:47:52,9905.7,0
2021-05-11 09:47:54,9905.75,0
2021-05-11 09:47:56,9905.3,0
2021-05-11 09:47:58,9905.5,0
2021-05-11 09:48:01,9904.45,0
2021-05-11 09:48:03,9905.0,0
2021-05-11 09:48:04,9904.8,0
2021-05-11 09:48:06,9904.5,0
2021-05-11 09:48:09,9904.35,0
2021-05-11 09:48:10,9904.6,0
2021-05-11 09:48:11,9904.25,0
2021-05-11 09:48:12,9904.4,0
2021-05-11 09:48:13,9903.65,0
2021-05-11 09:48:14,9903.45,0
2021-05-11 09:48:16,9905.0,0
2021-05-11 09:48:17,9904.3,0
2021-05-11 09:48:19,9902.8,0
2021-05-11 09:48:21,9903.15,0
2021-05-11 09:48:23,9901.55,0
2021-05-11 09:48:24,9900.75,0
2021-05-11 09:48:26,9899.55,0
2021-05-11 09:48:27,9898.7,0
2021-05-11 09:48:28,9898.7,0
2021-05-11 09:48:29,9897.55,0
2021-05-11 09:48:30,9896.85,0
2021-05-11 09:48:31,9897.35,0
2021-05-11 09:48:33,9897.8,0
2021-05-11 09:48:36,9897.05,0
2021-05-11 09:48:37,9896.6,0
2021-05-11 09:48:39,9896.45,0
2021-05-11 09:48:40,9897.4,0
2021-05-11 09:48:41,9897.2,0
2021-05-11 09:48:42,9896.65,0
2021-05-11 09:48:44,9896.45,0
2021-05-11 09:48:46,9896.25,0
2021-05-11 09:48:47,9896.85,0
2021-05-11 09:48:48,9897.35,0
2021-05-11 09:48:49,9897.1,0
2021-05-11 09:48:50,9895.95,0
2021-05-11 09:48:51,9897.2,0
2021-05-11 09:48:52,9897.35,0
2021-05-11 09:48:54,9897.35,0
2021-05-11 09:48:55,9896.35,0
2021-05-11 09:48:56,9896.4,0
2021-05-11 09:48:57,9896.0,0
2021-05-11 09:49:00,9895.4,0
2021-05-11 09:49:01,9896.0,0
2021-05-11 09:49:02,9895.65,0
2021-05-11 09:49:03,9896.7,0
2021-05-11 09:49:04,9896.95,0
2021-05-11 09:49:05,9897.1,0
2021-05-11 09:49:06,9895.75,0
2021-05-11 09:49:10,9896.95,0
2021-05-11 09:49:11,9896.45,0
2021-05-11 09:49:13,9896.75,0
2021-05-11 09:49:18,9895.2,0
2021-05-11 09:49:19,9895.7,0
2021-05-11 09:49:21,9896.05,0
2021-05-11 09:49:22,9896.45,0
2021-05-11 09:49:23,9896.1,0
2021-05-11 09:49:24,9896.0,0
2021-05-11 09:49:26,9895.6,0
2021-05-11 09:49:27,9895.35,0
2021-05-11 09:49:29,9896.1,0
2021-05-11 09:49:30,9896.15,0
2021-05-11 09:49:31,9896.1,0
2021-05-11 09:49:32,9896.3,0
2021-05-11 09:49:33,9895.65,0
2021-05-11 09:49:35,9896.1,0
2021-05-11 09:49:36,9896.55,0
2021-05-11 09:49:37,9896.0,0
2021-05-11 09:49:38,9895.4,0
2021-05-11 09:49:39,9895.75,0
2021-05-11 09:49:40,9895.7,0
2021-05-11 09:49:42,9896.1,0
2021-05-11 09:49:43,9895.95,0
2021-05-11 09:49:45,9896.05,0
2021-05-11 09:49:46,9895.6,0
2021-05-11 09:49:49,9895.6,0
2021-05-11 09:49:50,9894.75,0
2021-05-11 09:49:51,9895.5,0
2021-05-11 09:49:52,9895.1,0
2021-05-11 09:49:53,9894.65,0
2021-05-11 09:49:54,9895.25,0
2021-05-11 09:49:55,9896.55,0
2021-05-11 09:49:56,9895.95,0
2021-05-11 09:49:57,9896.45,0
2021-05-11 09:49:59,9895.35,0
2021-05-11 09:50:00,9894.7,0
2021-05-11 09:50:02,9896.75,0
2021-05-11 09:50:03,9896.4,0
2021-05-11 09:50:04,9896.6,0
2021-05-11 09:50:05,9895.55,0
2021-05-11 09:50:06,9895.7,0
2021-05-11 09:50:07,9896.05,0
2021-05-11 09:50:08,9895.75,0
2021-05-11 09:50:09,9895.6,0
2021-05-11 09:50:11,9896.15,0
2021-05-11 09:50:14,9896.5,0
2021-05-11 09:50:17,9896.85,0
2021-05-11 09:50:18,9896.55,0
2021-05-11 09:50:19,9897.0,0
2021-05-11 09:50:20,9896.9,0
2021-05-11 09:50:23,9894.95,0
2021-05-11 09:50:24,9894.5,0
2021-05-11 09:50:25,9895.4,0
2021-05-11 09:50:30,9895.7,0
2021-05-11 09:50:31,9894.5,0
2021-05-11 09:50:32,9895.6,0
2021-05-11 09:50:33,9896.1,0
2021-05-11 09:50:34,9895.75,0
2021-05-11 09:50:38,9895.75,0
2021-05-11 09:50:39,9895.3,0
2021-05-11 09:50:40,9895.4,0
2021-05-11 09:50:41,9895.65,0
2021-05-11 09:50:42,9895.75,0
2021-05-11 09:50:44,9896.85,0
2021-05-11 09:50:45,9896.95,0
2021-05-11 09:50:46,9896.05,0
2021-05-11 09:50:47,9897.2,0
2021-05-11 09:50:50,9897.35,0
2021-05-11 09:50:51,9896.95,0
2021-05-11 09:50:53,9898.7,0
2021-05-11 09:50:54,9898.45,0
2021-05-11 09:50:56,9898.9,0
2021-05-11 09:50:57,9897.65,0
2021-05-11 09:50:59,9897.15,0
2021-05-11 09:51:00,9897.95,0
2021-05-11 09:51:01,9898.55,0
2021-05-11 09:51:03,9897.15,0
2021-05-11 09:51:04,9897.55,0
2021-05-11 09:51:05,9897.85,0
2021-05-11 09:51:07,9898.1,0
2021-05-11 09:51:08,9898.25,0
2021-05-11 09:51:09,9898.7,0
2021-05-11 09:51:10,9899.35,0
2021-05-11 09:51:11,9899.45,0
2021-05-11 09:51:13,9899.5,0
2021-05-11 09:51:14,9899.6,0
2021-05-11 09:51:15,9899.85,0
2021-05-11 09:51:17,9899.4,0
2021-05-11 09:51:19,9898.75,0
2021-05-11 09:51:21,9898.8,0
2021-05-11 09:51:26,9898.1,0
2021-05-11 09:51:27,9898.6,0
2021-05-11 09:51:29,9898.55,0
2021-05-11 09:51:30,9898.55,0
2021-05-11 09:51:32,9898.55,0
2021-05-11 09:51:35,9899.1,0
2021-05-11 09:51:37,9898.75,0
2021-05-11 09:51:39,9899.45,0
2021-05-11 09:51:40,9900.75,0
2021-05-11 09:51:41,9900.6,0
2021-05-11 09:51:43,9900.9,0
2021-05-11 09:51:45,9902.25,0
2021-05-11 09:51:46,9902.55,0
2021-05-11 09:51:47,9902.6,0
2021-05-11 09:51:48,9902.6,0
2021-05-11 09:51:51,9903.5,0
2021-05-11 09:51:52,9902.8,0
2021-05-11 09:51:56,9902.0,0
2021-05-11 09:51:58,9902.55,0
2021-05-11 09:52:01,9902.95,0
2021-05-11 09:52:02,9902.5,0
2021-05-11 09:52:03,9902.65,0
2021-05-11 09:52:06,9903.1,0
2021-05-11 09:52:08,9902.15,0
2021-05-11 09:52:09,9902.95,0
2021-05-11 09:52:10,9902.3,0
2021-05-11 09:52:11,9903.55,0
2021-05-11 09:52:12,9903.9,0
2021-05-11 09:52:13,9903.8,0
2021-05-11 09:52:15,9904.3,0
2021-05-11 09:52:16,9904.7,0
2021-05-11 09:52:17,9904.45,0
2021-05-11 09:52:18,9904.35,0
2021-05-11 09:52:19,9903.95,0
2021-05-11 09:52:22,9904.2,0
2021-05-11 09:52:23,9904.6,0
2021-05-11 09:52:27,9904.75,0
2021-05-11 09:52:28,9904.7,0
2021-05-11 09:52:29,9904.2,0
2021-05-11 09:52:31,9905.15,0
2021-05-11 09:52:33,9905.1,0
2021-05-11 09:52:34,9904.15,0
2021-05-11 09:52:35,9903.95,0
2021-05-11 09:52:37,9904.4,0
2021-05-11 09:52:38,9905.05,0
2021-05-11 09:52:40,9904.95,0
2021-05-11 09:52:42,9904.95,0
2021-05-11 09:52:45,9905.65,0
2021-05-11 09:52:46,9906.2,0
2021-05-11 09:52:48,9906.7,0
2021-05-11 09:52:51,9905.95,0
2021-05-11 09:52:52,9905.9,0
2021-05-11 09:52:53,9905.1,0
2021-05-11 09:52:58,9905.25,0
2021-05-11 09:52:59,9905.65,0
2021-05-11 09:53:00,9905.35,0
2021-05-11 09:53:02,9905.7,0
2021-05-11 09:53:03,9905.9,0
2021-05-11 09:53:07,9905.1,0
2021-05-11 09:53:08,9905.85,0
2021-05-11 09:53:09,9905.25,0
2021-05-11 09:53:10,9904.3,0
2021-05-11 09:53:12,9905.3,0
2021-05-11 09:53:14,9906.4,0
2021-05-11 09:53:16,9905.8,0
2021-05-11 09:53:18,9906.3,0
2021-05-11 09:53:19,9905.8,0
2021-05-11 09:53:20,9906.4,0
2021-05-11 09:53:21,9906.1,0
2021-05-11 09:53:22,9906.45,0
2021-05-11 09:53:23,9906.15,0
2021-05-11 09:53:24,9906.05,0
2021-05-11 09:53:26,9905.0,0
2021-05-11 09:53:27,9905.05,0
2021-05-11 09:53:28,9904.9,0
2021-05-11 09:53:29,9903.9,0
2021-05-11 09:53:31,9904.4,0
2021-05-11 09:53:32,9904.25,0
2021-05-11 09:53:33,9903.45,0
2021-05-11 09:53:34,9903.4,0
2021-05-11 09:53:36,9904.15,0
2021-05-11 09:53:41,9902.2,0
2021-05-11 09:53:42,9902.15,0
2021-05-11 09:53:43,9902.65,0
2021-05-11 09:53:45,9902.0,0
2021-05-11 09:53:49,9902.4,0
2021-05-11 09:53:50,9902.3,0
2021-05-11 09:53:51,9900.8,0
2021-05-11 09:53:52,9901.5,0
2021-05-11 09:53:53,9901.85,0
2021-05-11 09:53:54,9901.45,0
2021-05-11 09:53:57,9900.5,0
2021-05-11 09:53:59,9900.3,0
2021-05-11 09:54:01,9900.65,0
2021-05-11 09:54:02,9900.75,0
2021-05-11 09:54:03,9900.4,0
2021-05-11 09:54:05,9900.55,0
2021-05-11 09:54:07,9900.45,0
2021-05-11 09:54:08,9900.15,0
2021-05-11 09:54:10,9900.5,0
2021-05-11 09:54:11,9901.1,0
2021-05-11 09:54:12,9901.25,0
2021-05-11 09:54:13,9901.15,0
2021-05-11 09:54:14,9901.1,0
2021-05-11 09:54:15,9900.85,0
2021-05-11 09:54:16,9900.7,0
2021-05-11 09:54:18,9900.4,0
2021-05-11 09:54:19,9899.85,0
2021-05-11 09:54:20,9900.5,0
2021-05-11 09:54:21,9901.1,0
2021-05-11 09:54:22,9901.25,0
2021-05-11 09:54:23,9901.5,0
2021-05-11 09:54:25,9901.9,0
2021-05-11 09:54:27,9903.3,0
2021-05-11 09:54:28,9903.9,0
2021-05-11 09:54:31,9903.4,0
2021-05-11 09:54:32,9904.9,0
2021-05-11 09:54:34,9904.3,0
2021-05-11 09:54:36,9905.7,0
2021-05-11 09:54:38,9905.75,0
2021-05-11 09:54:39,9906.2,0
2021-05-11 09:54:40,9906.2,0
2021-05-11 09:54:42,9906.0,0
2021-05-11 09:54:44,9905.95,0
2021-05-11 09:54:45,9906.5,0
2021-05-11 09:54:48,9907.3,0
2021-05-11 09:54:49,9907.2,0
2021-05-11 09:54:53,9907.0,0
2021-05-11 09:54:54,9907.0,0
2021-05-11 09:54:57,9906.5,0
2021-05-11 09:54:59,9906.15,0
2021-05-11 09:55:00,9906.95,0
2021-05-11 09:55:01,9907.35,0
2021-05-11 09:55:02,9906.85,0
2021-05-11 09:55:03,9906.9,0
2021-05-11 09:55:04,9906.7,0
2021-05-11 09:55:06,9906.2,0
2021-05-11 09:55:07,9906.2,0
2021-05-11 09:55:08,9906.3,0
2021-05-11 09:55:10,9906.0,0
2021-05-11 09:55:11,9906.75,0
2021-05-11 09:55:13,9906.8,0
2021-05-11 09:55:15,9906.1,0
2021-05-11 09:55:17,9905.45,0
2021-05-11 09:55:19,9905.8,0
2021-05-11 09:55:21,9904.65,0
2021-05-11 09:55:24,9904.8,0
2021-05-11 09:55:25,9905.2,0
2021-05-11 09:55:26,9905.3,0
2021-05-11 09:55:29,9905.5,0
2021-05-11 09:55:33,9905.3,0
2021-05-11 09:55:34,9905.5,0
2021-05-11 09:55:36,9905.85,0
2021-05-11 09:55:38,9906.1,0
2021-05-11 09:55:40,9906.25,0
2021-05-11 09:55:41,9905.3,0
2021-05-11 09:55:42,9905.65,0
2021-05-11 09:55:43,9905.65,0
2021-05-11 09:55:44,9905.9,0
2021-05-11 09:55:48,9905.2,0
2021-05-11 09:55:49,9905.75,0
2021-05-11 09:55:50,9905.3,0
2021-05-11 09:55:51,9905.7,0
2021-05-11 09:55:52,9905.35,0
2021-05-11 09:55:54,9904.9,0
2021-05-11 09:55:56,9904.7,0
2021-05-11 09:55:57,9904.55,0
2021-05-11 09:55:58,9904.65,0
2021-05-11 09:55:59,9904.45,0
2021-05-11 09:56:00,9904.75,0
2021-05-11 09:56:01,9904.9,0
2021-05-11 09:56:02,9904.75,0
2021-05-11 09:56:04,9905.65,0
2021-05-11 09:56:06,9906.35,0
2021-05-11 09:56:07,9906.35,0
2021-05-11 09:56:08,9906.35,0
2021-05-11 09:56:09,9906.4,0
2021-05-11 09:56:10,9905.9,0
2021-05-11 09:56:11,9905.9,0
2021-05-11 09:56:12,9906.0,0
2021-05-11 09:56:13,9905.85,0
2021-05-11 09:56:15,9905.8,0
2021-05-11 09:56:17,9905.75,0
2021-05-11 09:56:18,9905.2,0
2021-05-11 09:56:19,9904.95,0
2021-05-11 09:56:22,9905.25,0
2021-05-11 09:56:24,9905.45,0
2021-05-11 09:56:26,9906.05,0
2021-05-11 09:56:27,9905.7,0
2021-05-11 09:56:28,9905.5,0
2021-05-11 09:56:29,9905.8,0
2021-05-11 09:56:31,9905.75,0
2021-05-11 09:56:32,9905.9,0
2021-05-11 09:56:36,9905.5,0
2021-05-11 09:56:37,9904.3,0
2021-05-11 09:56:45,9903.3,0
2021-05-11 09:56:46,9901.85,0
2021-05-11 09:56:50,9899.2,0
2021-05-11 09:56:51,9899.65,0
2021-05-11 09:56:52,9900.4,0
2021-05-11 09:56:53,9899.4,0
2021-05-11 09:56:54,9898.45,0
2021-05-11 09:56:55,9898.35,0
2021-05-11 09:56:57,9898.9,0
2021-05-11 09:56:59,9899.55,0
2021-05-11 09:57:00,9899.15,0
2021-05-11 09:57:01,9899.0,0
2021-05-11 09:57:02,9898.8,0
2021-05-11 09:57:04,9898.2,0
2021-05-11 09:57:05,9898.15,0
2021-05-11 09:57:06,9898.35,0
2021-05-11 09:57:07,9898.55,0
2021-05-11 09:57:09,9898.45,0
2021-05-11 09:57:10,9900.2,0
2021-05-11 09:57:11,9900.7,0
2021-05-11 09:57:12,9902.0,0
2021-05-11 09:57:14,9901.95,0
2021-05-11 09:57:15,9901.25,0
2021-05-11 09:57:16,9901.0,0
2021-05-11 09:57:17,9900.25,0
2021-05-11 09:57:18,9901.0,0
2021-05-11 09:57:20,9900.75,0
2021-05-11 09:57:21,9902.2,0
2021-05-11 09:57:22,9901.9,0
2021-05-11 09:57:23,9901.3,0
2021-05-11 09:57:24,9902.0,0
2021-05-11 09:57:25,9902.6,0
2021-05-11 09:57:26,9901.2,0
2021-05-11 09:57:28,9899.9,0
2021-05-11 09:57:30,9901.0,0
2021-05-11 09:57:31,9900.65,0
2021-05-11 09:57:32,9900.85,0
2021-05-11 09:57:33,9900.35,0
2021-05-11 09:57:34,9900.05,0
2021-05-11 09:57:35,9900.2,0
2021-05-11 09:57:37,9900.0,0
2021-05-11 09:57:38,9899.9,0
2021-05-11 09:57:39,9900.35,0
2021-05-11 09:57:41,9900.7,0
2021-05-11 09:57:45,9900.9,0
2021-05-11 09:57:46,9900.85,0
2021-05-11 09:57:47,9901.35,0
2021-05-11 09:57:48,9900.2,0
2021-05-11 09:57:49,9899.65,0
2021-05-11 09:57:51,9900.9,0
2021-05-11 09:57:53,9901.4,0
2021-05-11 09:57:54,9902.05,0
2021-05-11 09:57:55,9901.75,0
2021-05-11 09:57:56,9901.1,0
2021-05-11 09:57:57,9901.4,0
2021-05-11 09:57:58,9901.1,0
2021-05-11 09:58:00,9900.85,0
2021-05-11 09:58:01,9900.75,0
2021-05-11 09:58:03,9901.25,0
2021-05-11 09:58:06,9900.0,0
2021-05-11 09:58:07,9900.6,0
2021-05-11 09:58:08,9900.4,0
2021-05-11 09:58:09,9899.7,0
2021-05-11 09:58:12,9900.1,0
2021-05-11 09:58:14,9899.85,0
2021-05-11 09:58:15,9900.05,0
2021-05-11 09:58:18,9899.5,0
2021-05-11 09:58:19,9899.65,0
2021-05-11 09:58:21,9900.5,0
2021-05-11 09:58:22,9900.4,0
2021-05-11 09:58:23,9899.85,0
2021-05-11 09:58:24,9899.8,0
2021-05-11 09:58:26,9901.2,0
2021-05-11 09:58:27,9899.95,0
2021-05-11 09:58:28,9900.95,0
2021-05-11 09:58:29,9901.1,0
2021-05-11 09:58:30,9901.25,0
2021-05-11 09:58:31,9901.05,0
2021-05-11 09:58:32,9900.45,0
2021-05-11 09:58:33,9900.9,0
2021-05-11 09:58:34,9900.9,0
2021-05-11 09:58:35,9901.6,0
2021-05-11 09:58:36,9901.1,0
2021-05-11 09:58:38,9900.65,0
2021-05-11 09:58:40,9900.55,0
2021-05-11 09:58:41,9900.2,0
2021-05-11 09:58:42,9900.85,0
2021-05-11 09:58:43,9901.15,0
2021-05-11 09:58:45,9901.65,0
2021-05-11 09:58:48,9901.8,0
2021-05-11 09:58:52,9900.4,0
2021-05-11 09:58:53,9900.8,0
2021-05-11 09:58:54,9900.6,0
2021-05-11 09:58:55,9899.25,0
2021-05-11 09:58:59,9899.15,0
2021-05-11 09:59:00,9899.85,0
2021-05-11 09:59:02,9899.2,0
2021-05-11 09:59:05,9899.75,0
2021-05-11 09:59:06,9899.35,0
2021-05-11 09:59:08,9899.25,0
2021-05-11 09:59:10,9900.0,0
2021-05-11 09:59:12,9899.7,0
2021-05-11 09:59:13,9900.0,0
2021-05-11 09:59:14,9898.95,0
2021-05-11 09:59:15,9899.75,0
2021-05-11 09:59:16,9899.3,0
2021-05-11 09:59:20,9899.3,0
2021-05-11 09:59:21,9898.65,0
2021-05-11 09:59:22,9899.8,0
2021-05-11 09:59:23,9899.45,0
2021-05-11 09:59:24,9899.25,0
2021-05-11 09:59:25,9899.55,0
2021-05-11 09:59:27,9899.15,0
2021-05-11 09:59:28,9901.2,0
2021-05-11 09:59:29,9900.0,0
2021-05-11 09:59:30,9900.4,0
2021-05-11 09:59:31,9899.85,0
2021-05-11 09:59:32,9899.8,0
2021-05-11 09:59:33,9900.25,0
2021-05-11 09:59:34,9900.6,0
2021-05-11 09:59:35,9898.85,0
2021-05-11 09:59:36,9899.05,0
2021-05-11 09:59:37,9898.95,0
2021-05-11 09:59:39,9899.0,0
2021-05-11 09:59:40,9899.55,0
2021-05-11 09:59:41,9900.05,0
2021-05-11 09:59:43,9900.0,0
2021-05-11 09:59:45,9899.55,0
2021-05-11 09:59:48,9900.0,0
2021-05-11 09:59:49,9899.95,0
2021-05-11 09:59:50,9898.4,0
2021-05-11 09:59:52,9898.8,0
2021-05-11 09:59:56,9898.5,0
2021-05-11 09:59:59,9898.55,0
2021-05-11 10:00:00,9899.45,0
2021-05-11 10:00:01,9899.7,0
2021-05-11 10:00:02,9900.2,0
2021-05-11 10:00:04,9899.5,0
2021-05-11 10:00:05,9898.5,0
2021-05-11 10:00:06,9897.65,0
2021-05-11 10:00:07,9898.2,0
2021-05-11 10:00:08,9898.2,0
2021-05-11 10:00:09,9898.25,0
2021-05-11 10:00:10,9898.85,0
2021-05-11 10:00:15,9899.05,0
2021-05-11 10:00:16,9898.1,0
2021-05-11 10:00:20,9898.15,0
2021-05-11 10:00:21,9898.5,0
2021-05-11 10:00:23,9898.5,0
2021-05-11 10:00:25,9897.0,0
2021-05-11 10:00:26,9896.5,0
2021-05-11 10:00:27,9896.9,0
2021-05-11 10:00:28,9897.2,0
2021-05-11 10:00:29,9896.3,0
2021-05-11 10:00:30,9896.35,0
2021-05-11 10:00:32,9896.2,0
2021-05-11 10:00:34,9894.95,0
2021-05-11 10:00:35,9895.25,0
2021-05-11 10:00:38,9895.4,0
2021-05-11 10:00:39,9894.75,0
2021-05-11 10:00:41,9895.2,0
2021-05-11 10:00:42,9895.65,0
2021-05-11 10:00:43,9895.9,0
2021-05-11 10:00:44,9895.9,0
2021-05-11 10:00:47,9895.1,0
2021-05-11 10:00:48,9894.8,0
2021-05-11 10:00:49,9894.2,0
2021-05-11 10:00:50,9894.95,0
2021-05-11 10:00:51,9894.85,0
2021-05-11 10:00:52,9895.3,0
2021-05-11 10:00:54,9895.1,0
2021-05-11 10:00:55,9894.1,0
2021-05-11 10:00:56,9894.3,0
2021-05-11 10:00:57,9895.15,0
2021-05-11 10:00:58,9895.35,0
2021-05-11 10:00:59,9895.4,0
2021-05-11 10:01:00,9895.45,0
2021-05-11 10:01:01,9895.05,0
2021-05-11 10:01:02,9895.35,0
2021-05-11 10:01:04,9894.8,0
2021-05-11 10:01:05,9895.45,0
2021-05-11 10:01:06,9895.0,0
2021-05-11 10:01:07,9894.75,0
2021-05-11 10:01:09,9895.3,0
2021-05-11 10:01:10,9895.1,0
2021-05-11 10:01:11,9895.7,0
2021-05-11 10:01:12,9894.9,0
2021-05-11 10:01:13,9894.7,0
2021-05-11 10:01:15,9895.1,0
2021-05-11 10:01:16,9895.1,0
2021-05-11 10:01:17,9895.6,0
2021-05-11 10:01:19,9895.1,0
2021-05-11 10:01:20,9895.1,0
2021-05-11 10:01:21,9895.2,0
2021-05-11 10:01:23,9895.25,0
2021-05-11 10:01:24,9895.8,0
2021-05-11 10:01:25,9895.3,0
2021-05-11 10:01:26,9895.65,0
2021-05-11 10:01:27,9895.55,0
2021-05-11 10:01:28,9895.5,0
2021-05-11 10:01:29,9895.5,0
2021-05-11 10:01:30,9895.65,0
2021-05-11 10:01:32,9895.8,0
2021-05-11 10:01:33,9895.6,0
2021-05-11 10:01:34,9895.4,0
2021-05-11 10:01:35,9896.25,0
2021-05-11 10:01:38,9895.8,0
2021-05-11 10:01:41,9896.4,0
2021-05-11 10:01:43,9896.5,0
2021-05-11 10:01:45,9897.55,0
2021-05-11 10:01:46,9896.15,0
2021-05-11 10:01:48,9895.0,0
2021-05-11 10:01:51,9894.1,0
2021-05-11 10:01:52,9894.05,0
2021-05-11 10:01:54,9893.85,0
2021-05-11 10:01:55,9894.3,0
2021-05-11 10:01:57,9894.2,0
2021-05-11 10:02:00,9895.15,0
2021-05-11 10:02:01,9894.75,0
2021-05-11 10:02:02,9894.2,0
2021-05-11 10:02:03,9894.4,0
2021-05-11 10:02:04,9894.25,0
2021-05-11 10:02:05,9894.6,0
2021-05-11 10:02:06,9894.2,0
2021-05-11 10:02:07,9894.25,0
2021-05-11 10:02:08,9893.25,0
2021-05-11 10:02:10,9894.2,0
2021-05-11 10:02:11,9893.35,0
2021-05-11 10:02:13,9893.2,0
2021-05-11 10:02:15,9893.15,0
2021-05-11 10:02:17,9893.15,0
2021-05-11 10:02:18,9892.8,0
2021-05-11 10:02:19,9892.05,0
2021-05-11 10:02:25,9891.85,0
2021-05-11 10:02:26,9891.7,0
2021-05-11 10:02:27,9892.25,0
2021-05-11 10:02:28,9892.25,0
2021-05-11 10:02:29,9892.5,0
2021-05-11 10:02:30,9892.65,0
2021-05-11 10:02:31,9892.25,0
2021-05-11 10:02:32,9892.35,0
2021-05-11 10:02:33,9892.55,0
2021-05-11 10:02:34,9892.35,0
2021-05-11 10:02:36,9892.15,0
2021-05-11 10:02:38,9892.15,0
2021-05-11 10:02:40,9892.65,0
2021-05-11 10:02:41,9892.1,0
2021-05-11 10:02:43,9891.8,0
2021-05-11 10:02:45,9891.7,0
2021-05-11 10:02:46,9892.1,0
2021-05-11 10:02:47,9892.45,0
2021-05-11 10:02:48,9892.15,0
2021-05-11 10:02:50,9891.9,0
2021-05-11 10:02:52,9892.1,0
2021-05-11 10:02:53,9892.15,0
2021-05-11 10:02:54,9892.05,0
2021-05-11 10:02:55,9891.85,0
2021-05-11 10:02:56,9892.65,0
2021-05-11 10:02:57,9892.4,0
2021-05-11 10:02:58,9892.95,0
2021-05-11 10:02:59,9892.95,0
2021-05-11 10:03:01,9892.9,0
2021-05-11 10:03:02,9893.1,0
2021-05-11 10:03:04,9893.35,0
2021-05-11 10:03:05,9893.25,0
2021-05-11 10:03:06,9893.5,0
2021-05-11 10:03:09,9893.0,0
2021-05-11 10:03:11,9893.2,0
2021-05-11 10:03:13,9892.2,0
2021-05-11 10:03:14,9892.65,0
2021-05-11 10:03:16,9892.35,0
2021-05-11 10:03:17,9892.4,0
2021-05-11 10:03:18,9892.25,0
2021-05-11 10:03:20,9892.85,0
2021-05-11 10:03:21,9892.3,0
2021-05-11 10:03:22,9892.9,0
2021-05-11 10:03:24,9892.7,0
2021-05-11 10:03:25,9892.65,0
2021-05-11 10:03:28,9892.5,0
2021-05-11 10:03:30,9892.15,0
2021-05-11 10:03:33,9892.2,0
2021-05-11 10:03:34,9892.35,0
2021-05-11 10:03:36,9892.15,0
2021-05-11 10:03:40,9891.85,0
2021-05-11 10:03:41,9892.4,0
2021-05-11 10:03:42,9892.35,0
2021-05-11 10:03:43,9892.45,0
2021-05-11 10:03:45,9892.45,0
2021-05-11 10:03:47,9892.2,0
2021-05-11 10:03:48,9892.0,0
2021-05-11 10:03:49,9892.4,0
2021-05-11 10:03:51,9892.0,0
2021-05-11 10:03:53,9892.35,0
2021-05-11 10:03:54,9892.25,0
2021-05-11 10:03:55,9892.6,0
2021-05-11 10:03:56,9892.35,0
2021-05-11 10:03:58,9892.2,0
2021-05-11 10:04:02,9892.3,0
2021-05-11 10:04:06,9892.25,0
2021-05-11 10:04:08,9891.65,0
2021-05-11 10:04:09,9892.0,0
2021-05-11 10:04:11,9892.45,0
2021-05-11 10:04:12,9892.25,0
2021-05-11 10:04:13,9892.05,0
2021-05-11 10:04:15,9891.75,0
2021-05-11 10:04:16,9892.35,0
2021-05-11 10:04:17,9892.1,0
2021-05-11 10:04:20,9891.95,0
2021-05-11 10:04:21,9893.7,0
2021-05-11 10:04:23,9893.8,0
2021-05-11 10:04:25,9894.5,0
2021-05-11 10:04:27,9895.2,0
2021-05-11 10:04:28,9895.9,0
2021-05-11 10:04:29,9895.6,0
2021-05-11 10:04:30,9895.5,0
2021-05-11 10:04:32,9896.45,0
2021-05-11 10:04:33,9897.3,0
2021-05-11 10:04:34,9895.65,0
2021-05-11 10:04:35,9896.0,0
2021-05-11 10:04:36,9896.0,0
2021-05-11 10:04:37,9896.95,0
2021-05-11 10:04:39,9898.1,0
2021-05-11 10:04:40,9897.8,0
2021-05-11 10:04:43,9898.0,0
2021-05-11 10:04:46,9898.3,0
2021-05-11 10:04:47,9899.5,0
2021-05-11 10:04:49,9899.5,0
2021-05-11 10:04:50,9899.75,0
2021-05-11 10:04:51,9898.95,0
2021-05-11 10:04:52,9899.35,0
2021-05-11 10:04:53,9899.6,0
2021-05-11 10:04:54,9900.4,0
2021-05-11 10:04:55,9900.4,0
2021-05-11 10:04:56,9900.2,0
2021-05-11 10:04:57,9900.8,0
2021-05-11 10:04:58,9900.7,0
2021-05-11 10:04:59,9901.2,0
2021-05-11 10:05:00,9901.05,0
2021-05-11 10:05:01,9900.8,0
2021-05-11 10:05:02,9901.45,0
2021-05-11 10:05:03,9901.1,0
2021-05-11 10:05:10,9899.45,0
2021-05-11 10:05:11,9900.25,0
2021-05-11 10:05:12,9900.4,0
2021-05-11 10:05:13,9898.45,0
2021-05-11 10:05:15,9900.35,0
2021-05-11 10:05:16,9900.4,0
2021-05-11 10:05:18,9900.6,0
2021-05-11 10:05:19,9901.65,0
2021-05-11 10:05:22,9901.2,0
2021-05-11 10:05:24,9902.2,0
2021-05-11 10:05:26,9901.3,0
2021-05-11 10:05:27,9901.45,0
2021-05-11 10:05:28,9901.3,0
2021-05-11 10:05:29,9901.45,0
2021-05-11 10:05:31,9901.7,0
2021-05-11 10:05:32,9900.3,0
2021-05-11 10:05:33,9900.2,0
2021-05-11 10:05:34,9901.4,0
2021-05-11 10:05:35,9901.2,0
2021-05-11 10:05:37,9901.35,0
2021-05-11 10:05:39,9901.05,0
2021-05-11 10:05:40,9900.95,0
2021-05-11 10:05:42,9900.4,0
2021-05-11 10:05:45,9900.8,0
2021-05-11 10:05:46,9900.9,0
2021-05-11 10:05:48,9900.9,0
2021-05-11 10:05:49,9900.85,0
2021-05-11 10:05:50,9900.45,0
2021-05-11 10:05:51,9901.05,0
2021-05-11 10:05:52,9901.2,0
2021-05-11 10:05:54,9900.15,0
2021-05-11 10:05:55,9900.25,0
2021-05-11 10:05:57,9900.1,0
2021-05-11 10:05:58,9898.65,0
2021-05-11 10:06:00,9899.5,0
2021-05-11 10:06:01,9898.9,0
2021-05-11 10:06:02,9898.75,0
2021-05-11 10:06:03,9899.1,0
2021-05-11 10:06:04,9900.05,0
2021-05-11 10:06:05,9899.35,0
2021-05-11 10:06:08,9899.75,0
2021-05-11 10:06:10,9899.5,0
2021-05-11 10:06:11,9899.7,0
2021-05-11 10:06:12,9899.45,0
2021-05-11 10:06:13,9899.5,0
2021-05-11 10:06:14,9898.5,0
2021-05-11 10:06:15,9899.25,0
2021-05-11 10:06:16,9898.85,0
2021-05-11 10:06:18,9898.95,0
2021-05-11 10:06:20,9900.2,0
2021-05-11 10:06:21,9900.2,0
2021-05-11 10:06:22,9900.25,0
2021-05-11 10:06:23,9901.25,0
2021-05-11 10:06:24,9901.5,0
2021-05-11 10:06:25,9901.65,0
2021-05-11 10:06:27,9901.3,0
2021-05-11 10:06:28,9901.55,0
2021-05-11 10:06:31,9901.85,0
2021-05-11 10:06:33,9902.2,0
2021-05-11 10:06:35,9902.25,0
2021-05-11 10:06:37,9902.35,0
2021-05-11 10:06:38,9902.15,0
2021-05-11 10:06:39,9902.4,0
2021-05-11 10:06:42,9902.9,0
2021-05-11 10:06:43,9902.8,0
2021-05-11 10:06:44,9902.7,0
2021-05-11 10:06:45,9902.55,0
2021-05-11 10:06:46,9902.55,0
2021-05-11 10:06:47,9902.85,0
2021-05-11 10:06:49,9902.55,0
2021-05-11 10:06:50,9902.6,0
2021-05-11 10:06:51,9902.25,0
2021-05-11 10:06:53,9902.4,0
2021-05-11 10:06:54,9902.95,0
2021-05-11 10:06:55,9903.1,0
2021-05-11 10:06:56,9903.2,0
2021-05-11 10:06:57,9903.5,0
2021-05-11 10:06:59,9902.85,0
2021-05-11 10:07:00,9903.0,0
2021-05-11 10:07:01,9903.35,0
2021-05-11 10:07:02,9903.4,0
2021-05-11 10:07:03,9903.4,0
2021-05-11 10:07:04,9903.2,0
2021-05-11 10:07:05,9903.5,0
2021-05-11 10:07:06,9903.65,0
2021-05-11 10:07:07,9903.25,0
2021-05-11 10:07:08,9904.2,0
2021-05-11 10:07:09,9903.6,0
2021-05-11 10:07:10,9903.5,0
2021-05-11 10:07:11,9903.35,0
2021-05-11 10:07:13,9903.95,0
2021-05-11 10:07:15,9903.75,0
2021-05-11 10:07:16,9903.8,0
2021-05-11 10:07:17,9903.85,0
2021-05-11 10:07:18,9903.4,0
2021-05-11 10:07:19,9903.6,0
2021-05-11 10:07:20,9903.15,0
2021-05-11 10:07:24,9902.65,0
2021-05-11 10:07:25,9902.8,0
2021-05-11 10:07:26,9903.4,0
2021-05-11 10:07:27,9903.5,0
2021-05-11 10:07:28,9903.5,0
2021-05-11 10:07:29,9903.55,0
2021-05-11 10:07:30,9903.4,0
2021-05-11 10:07:32,9902.95,0
2021-05-11 10:07:33,9902.4,0
2021-05-11 10:07:34,9902.6,0
2021-05-11 10:07:35,9902.45,0
2021-05-11 10:07:37,9902.45,0
2021-05-11 10:07:38,9901.9,0
2021-05-11 10:07:39,9902.25,0
2021-05-11 10:07:40,9902.65,0
2021-05-11 10:07:41,9903.3,0
2021-05-11 10:07:42,9903.4,0
2021-05-11 10:07:43,9903.25,0
2021-05-11 10:07:44,9903.75,0
2021-05-11 10:07:46,9903.85,0
2021-05-11 10:07:47,9904.0,0
2021-05-11 10:07:48,9903.9,0
2021-05-11 10:07:50,9903.85,0
2021-05-11 10:07:52,9903.65,0
2021-05-11 10:07:53,9904.15,0
2021-05-11 10:07:54,9904.2,0
2021-05-11 10:07:58,9903.2,0
2021-05-11 10:08:00,9903.9,0
2021-05-11 10:08:01,9903.8,0
2021-05-11 10:08:02,9903.8,0
2021-05-11 10:08:07,9904.25,0
2021-05-11 10:08:08,9903.5,0
2021-05-11 10:08:09,9903.9,0
2021-05-11 10:08:10,9903.6,0
2021-05-11 10:08:11,9903.65,0
2021-05-11 10:08:13,9903.55,0
2021-05-11 10:08:16,9903.75,0
2021-05-11 10:08:17,9903.4,0
2021-05-11 10:08:18,9903.4,0
2021-05-11 10:08:20,9903.4,0
2021-05-11 10:08:22,9902.45,0
2021-05-11 10:08:23,9903.0,0
2021-05-11 10:08:24,9903.0,0
2021-05-11 10:08:25,9902.75,0
2021-05-11 10:08:26,9903.25,0
2021-05-11 10:08:27,9903.25,0
2021-05-11 10:08:28,9902.9,0
2021-05-11 10:08:29,9902.7,0
2021-05-11 10:08:31,9903.05,0
2021-05-11 10:08:33,9902.55,0
2021-05-11 10:08:34,9902.7,0
2021-05-11 10:08:35,9901.9,0
2021-05-11 10:08:36,9902.05,0
2021-05-11 10:08:37,9901.65,0
2021-05-11 10:08:38,9901.35,0
2021-05-11 10:08:39,9901.95,0
2021-05-11 10:08:45,9899.2,0
2021-05-11 10:08:46,9898.85,0
2021-05-11 10:08:47,9899.05,0
2021-05-11 10:08:56,9899.25,0
2021-05-11 10:08:58,9898.9,0
2021-05-11 10:08:59,9899.0,0
2021-05-11 10:09:02,9899.9,0
2021-05-11 10:09:06,9900.0,0
2021-05-11 10:09:10,9900.3,0
2021-05-11 10:09:12,9899.3,0
2021-05-11 10:09:14,9898.8,0
2021-05-11 10:09:15,9899.6,0
2021-05-11 10:09:16,9899.35,0
2021-05-11 10:09:19,9900.0,0
2021-05-11 10:09:21,9900.3,0
2021-05-11 10:09:22,9899.85,0
2021-05-11 10:09:23,9900.6,0
2021-05-11 10:09:25,9900.1,0
2021-05-11 10:09:26,9900.0,0
2021-05-11 10:09:27,9899.9,0
2021-05-11 10:09:28,9899.9,0
2021-05-11 10:09:29,9900.35,0
2021-05-11 10:09:30,9899.65,0
2021-05-11 10:09:32,9899.6,0
2021-05-11 10:09:33,9899.3,0
2021-05-11 10:09:35,9899.0,0
2021-05-11 10:09:39,9899.8,0
2021-05-11 10:09:40,9899.45,0
2021-05-11 10:09:41,9900.05,0
2021-05-11 10:09:42,9899.95,0
2021-05-11 10:09:43,9899.25,0
2021-05-11 10:09:47,9899.7,0
2021-05-11 10:09:50,9899.85,0
2021-05-11 10:09:53,9900.35,0
2021-05-11 10:09:54,9901.05,0
2021-05-11 10:09:57,9900.4,0
2021-05-11 10:09:58,9900.0,0
2021-05-11 10:09:59,9900.0,0
2021-05-11 10:10:00,9900.0,0
2021-05-11 10:10:04,9900.05,0
2021-05-11 10:10:06,9900.9,0
2021-05-11 10:10:07,9900.7,0
2021-05-11 10:10:08,9900.75,0
2021-05-11 10:10:10,9901.05,0
2021-05-11 10:10:11,9901.55,0
2021-05-11 10:10:12,9901.3,0
2021-05-11 10:10:13,9901.6,0
2021-05-11 10:10:14,9901.45,0
2021-05-11 10:10:17,9903.6,0
2021-05-11 10:10:18,9903.25,0
2021-05-11 10:10:19,9902.65,0
2021-05-11 10:10:20,9902.4,0
2021-05-11 10:10:21,9902.5,0
2021-05-11 10:10:22,9901.75,0
2021-05-11 10:10:23,9901.4,0
2021-05-11 10:10:24,9901.9,0
2021-05-11 10:10:25,9901.45,0
2021-05-11 10:10:26,9901.3,0
2021-05-11 10:10:31,9900.45,0
2021-05-11 10:10:32,9901.0,0
2021-05-11 10:10:33,9901.0,0
2021-05-11 10:10:35,9900.2,0
2021-05-11 10:10:36,9900.5,0
2021-05-11 10:10:37,9900.8,0
2021-05-11 10:10:38,9900.4,0
2021-05-11 10:10:39,9901.2,0
2021-05-11 10:10:40,9901.0,0
2021-05-11 10:10:41,9900.6,0
2021-05-11 10:10:43,9900.75,0
2021-05-11 10:10:44,9899.85,0
2021-05-11 10:10:45,9900.35,0
2021-05-11 10:10:46,9899.9,0
2021-05-11 10:10:50,9901.85,0
2021-05-11 10:10:52,9900.95,0
2021-05-11 10:10:53,9901.8,0
2021-05-11 10:10:55,9901.55,0
2021-05-11 10:10:56,9902.2,0
2021-05-11 10:10:57,9901.3,0
2021-05-11 10:10:58,9901.6,0
2021-05-11 10:10:59,9902.45,0
2021-05-11 10:11:00,9902.2,0
2021-05-11 10:11:03,9902.1,0
2021-05-11 10:11:06,9901.1,0
2021-05-11 10:11:07,9901.55,0
2021-05-11 10:11:08,9901.3,0
2021-05-11 10:11:12,9902.15,0
2021-05-11 10:11:13,9902.9,0
2021-05-11 10:11:14,9903.6,0
2021-05-11 10:11:16,9903.65,0
2021-05-11 10:11:17,9903.75,0
2021-05-11 10:11:18,9903.15,0
2021-05-11 10:11:19,9903.55,0
2021-05-11 10:11:20,9902.7,0
2021-05-11 10:11:21,9903.7,0
2021-05-11 10:11:22,9903.75,0
2021-05-11 10:11:23,9904.0,0
2021-05-11 10:11:25,9903.15,0
2021-05-11 10:11:26,9903.15,0
2021-05-11 10:11:27,9903.0,0
2021-05-11 10:11:29,9902.9,0
2021-05-11 10:11:31,9903.45,0
2021-05-11 10:11:32,9903.2,0
2021-05-11 10:11:35,9903.55,0
2021-05-11 10:11:36,9903.3,0
2021-05-11 10:11:37,9902.7,0
2021-05-11 10:11:38,9904.3,0
2021-05-11 10:11:39,9904.05,0
2021-05-11 10:11:40,9904.25,0
2021-05-11 10:11:41,9904.55,0
2021-05-11 10:11:43,9904.15,0
2021-05-11 10:11:46,9904.7,0
2021-05-11 10:11:47,9903.95,0
2021-05-11 10:11:48,9903.7,0
2021-05-11 10:11:49,9903.6,0
2021-05-11 10:11:51,9904.5,0
2021-05-11 10:11:52,9904.05,0
2021-05-11 10:11:54,9903.7,0
2021-05-11 10:11:55,9904.7,0
2021-05-11 10:11:57,9904.45,0
2021-05-11 10:11:59,9904.65,0
2021-05-11 10:12:00,9904.2,0
2021-05-11 10:12:02,9905.1,0
2021-05-11 10:12:03,9904.65,0
2021-05-11 10:12:04,9904.4,0
2021-05-11 10:12:06,9905.2,0
2021-05-11 10:12:07,9905.8,0
2021-05-11 10:12:08,9905.85,0
2021-05-11 10:12:10,9905.25,0
2021-05-11 10:12:11,9906.05,0
2021-05-11 10:12:12,9906.2,0
2021-05-11 10:12:13,9906.1,0
2021-05-11 10:12:15,9906.8,0
2021-05-11 10:12:17,9906.45,0
2021-05-11 10:12:18,9906.15,0
2021-05-11 10:12:19,9906.0,0
2021-05-11 10:12:20,9906.2,0
2021-05-11 10:12:22,9906.05,0
2021-05-11 10:12:24,9906.35,0
2021-05-11 10:12:27,9906.55,0
2021-05-11 10:12:28,9906.1,0
2021-05-11 10:12:29,9906.4,0
2021-05-11 10:12:30,9906.3,0
2021-05-11 10:12:32,9906.9,0
2021-05-11 10:12:34,9907.3,0
2021-05-11 10:12:36,9907.05,0
2021-05-11 10:12:37,9906.75,0
2021-05-11 10:12:38,9906.25,0
2021-05-11 10:12:39,9906.8,0
2021-05-11 10:12:40,9906.75,0
2021-05-11 10:12:42,9907.25,0
2021-05-11 10:12:45,9906.8,0
2021-05-11 10:12:46,9907.0,0
2021-05-11 10:12:47,9906.95,0
2021-05-11 10:12:50,9907.0,0
2021-05-11 10:12:51,9907.35,0
2021-05-11 10:12:53,9906.45,0
2021-05-11 10:12:54,9906.75,0
2021-05-11 10:12:55,9906.75,0
2021-05-11 10:12:56,9906.7,0
2021-05-11 10:12:57,9906.5,0
2021-05-11 10:12:58,9906.4,0
2021-05-11 10:13:00,9906.75,0
2021-05-11 10:13:01,9906.75,0
2021-05-11 10:13:03,9906.8,0
2021-05-11 10:13:05,9907.25,0
2021-05-11 10:13:06,9907.2,0
2021-05-11 10:13:07,9906.35,0
2021-05-11 10:13:08,9906.7,0
2021-05-11 10:13:09,9907.0,0
2021-05-11 10:13:10,9907.0,0
2021-05-11 10:13:11,9906.85,0
2021-05-11 10:13:12,9906.95,0
2021-05-11 10:13:14,9908.7,0
2021-05-11 10:13:16,9908.15,0
2021-05-11 10:13:17,9909.3,0
2021-05-11 10:13:18,9908.35,0
2021-05-11 10:13:19,9908.8,0
2021-05-11 10:13:20,9908.4,0
2021-05-11 10:13:21,9908.4,0
2021-05-11 10:13:22,9909.25,0
2021-05-11 10:13:23,9909.25,0
2021-05-11 10:13:24,9909.6,0
2021-05-11 10:13:27,9909.85,0
2021-05-11 10:13:28,9909.25,0
2021-05-11 10:13:29,9909.5,0
2021-05-11 10:13:30,9910.4,0
2021-05-11 10:13:31,9910.45,0
2021-05-11 10:13:32,9909.5,0
2021-05-11 10:13:33,9910.2,0
2021-05-11 10:13:34,9910.8,0
2021-05-11 10:13:35,9910.1,0
2021-05-11 10:13:36,9910.55,0
2021-05-11 10:13:37,9910.3,0
2021-05-11 10:13:40,9910.55,0
2021-05-11 10:13:42,9910.75,0
2021-05-11 10:13:43,9910.95,0
2021-05-11 10:13:44,9910.6,0
2021-05-11 10:13:45,9910.3,0
2021-05-11 10:13:47,9909.8,0
2021-05-11 10:13:48,9909.9,0
2021-05-11 10:13:49,9909.85,0
2021-05-11 10:13:50,9909.8,0
2021-05-11 10:13:51,9909.8,0
2021-05-11 10:13:52,9909.9,0
2021-05-11 10:13:53,9910.3,0
2021-05-11 10:13:54,9909.9,0
2021-05-11 10:13:55,9910.0,0
2021-05-11 10:13:57,9910.8,0
2021-05-11 10:14:00,9910.75,0
2021-05-11 10:14:01,9910.45,0
2021-05-11 10:14:02,9910.95,0
2021-05-11 10:14:03,9911.25,0
2021-05-11 10:14:04,9910.2,0
2021-05-11 10:14:06,9910.5,0
2021-05-11 10:14:07,9910.5,0
2021-05-11 10:14:09,9910.5,0
2021-05-11 10:14:10,9911.1,0
2021-05-11 10:14:11,9911.6,0
2021-05-11 10:14:12,9910.9,0
2021-05-11 10:14:14,9909.9,0
2021-05-11 10:14:16,9910.5,0
2021-05-11 10:14:17,9909.85,0
2021-05-11 10:14:18,9909.55,0
2021-05-11 10:14:19,9909.95,0
2021-05-11 10:14:20,9910.05,0
2021-05-11 10:14:21,9909.25,0
2021-05-11 10:14:22,9909.65,0
2021-05-11 10:14:23,9909.4,0
2021-05-11 10:14:24,9909.6,0
2021-05-11 10:14:25,9909.7,0
2021-05-11 10:14:26,9909.1,0
2021-05-11 10:14:28,9909.85,0
2021-05-11 10:14:29,9910.1,0
2021-05-11 10:14:31,9910.0,0
2021-05-11 10:14:32,9910.15,0
2021-05-11 10:14:33,9910.3,0
2021-05-11 10:14:34,9909.7,0
2021-05-11 10:14:35,9909.8,0
2021-05-11 10:14:36,9911.0,0
2021-05-11 10:14:37,9911.15,0
2021-05-11 10:14:38,9911.8,0
2021-05-11 10:14:39,9911.5,0
2021-05-11 10:14:41,9912.8,0
2021-05-11 10:14:42,9912.7,0
2021-05-11 10:14:43,9912.55,0
2021-05-11 10:14:45,9913.35,0
2021-05-11 10:14:47,9912.8,0
2021-05-11 10:14:48,9912.9,0
2021-05-11 10:14:50,9914.75,0
2021-05-11 10:14:51,9914.2,0
2021-05-11 10:14:52,9914.45,0
2021-05-11 10:14:54,9915.0,0
2021-05-11 10:14:55,9913.85,0
2021-05-11 10:14:58,9915.05,0
2021-05-11 10:14:59,9915.6,0
2021-05-11 10:15:00,9915.2,0
2021-05-11 10:15:03,9916.2,0
2021-05-11 10:15:06,9915.75,0
2021-05-11 10:15:07,9916.8,0
2021-05-11 10:15:12,9915.85,0
2021-05-11 10:15:15,9916.75,0
2021-05-11 10:15:16,9915.45,0
2021-05-11 10:15:17,9917.35,0
2021-05-11 10:15:18,9916.85,0
2021-05-11 10:15:21,9917.1,0
2021-05-11 10:15:23,9914.45,0
2021-05-11 10:15:24,9914.55,0
2021-05-11 10:15:25,9914.15,0
2021-05-11 10:15:28,9914.65,0
2021-05-11 10:15:30,9914.55,0
2021-05-11 10:15:32,9914.3,0
2021-05-11 10:15:33,9914.4,0
2021-05-11 10:15:34,9913.85,0
2021-05-11 10:15:35,9913.15,0
2021-05-11 10:15:36,9912.95,0
2021-05-11 10:15:39,9913.45,0
2021-05-11 10:15:40,9913.0,0
2021-05-11 10:15:41,9914.05,0
2021-05-11 10:15:42,9914.05,0
2021-05-11 10:15:43,9913.75,0
2021-05-11 10:15:44,9914.35,0
2021-05-11 10:15:46,9913.9,0
2021-05-11 10:15:47,9913.4,0
2021-05-11 10:15:48,9914.0,0
2021-05-11 10:15:49,9913.8,0
2021-05-11 10:15:50,9913.85,0
2021-05-11 10:15:51,9914.35,0
2021-05-11 10:15:52,9913.65,0
2021-05-11 10:15:53,9914.25,0
2021-05-11 10:15:54,9914.45,0
2021-05-11 10:15:55,9914.45,0
2021-05-11 10:15:56,9914.9,0
2021-05-11 10:15:57,9915.15,0
2021-05-11 10:15:58,9914.35,0
2021-05-11 10:15:59,9914.6,0
2021-05-11 10:16:00,9915.1,0
2021-05-11 10:16:01,9913.65,0
2021-05-11 10:16:03,9914.05,0
2021-05-11 10:16:05,9913.75,0
2021-05-11 10:16:06,9914.55,0
2021-05-11 10:16:07,9913.7,0
2021-05-11 10:16:08,9913.0,0
2021-05-11 10:16:09,9913.45,0
2021-05-11 10:16:14,9913.2,0
2021-05-11 10:16:16,9913.5,0
2021-05-11 10:16:17,9913.55,0
2021-05-11 10:16:18,9913.05,0
2021-05-11 10:16:20,9910.15,0
2021-05-11 10:16:21,9910.55,0
2021-05-11 10:16:22,9910.05,0
2021-05-11 10:16:24,9910.4,0
2021-05-11 10:16:25,9910.6,0
2021-05-11 10:16:27,9910.85,0
2021-05-11 10:16:28,9910.1,0
2021-05-11 10:16:29,9909.65,0
2021-05-11 10:16:30,9910.2,0
2021-05-11 10:16:32,9909.9,0
2021-05-11 10:16:33,9910.55,0
2021-05-11 10:16:34,9910.4,0
2021-05-11 10:16:35,9909.5,0
2021-05-11 10:16:36,9910.2,0
2021-05-11 10:16:38,9910.05,0
2021-05-11 10:16:39,9910.55,0
2021-05-11 10:16:41,9911.65,0
2021-05-11 10:16:43,9911.35,0
2021-05-11 10:16:45,9911.15,0
2021-05-11 10:16:46,9912.7,0
2021-05-11 10:16:47,9912.75,0
2021-05-11 10:16:48,9912.35,0
2021-05-11 10:16:49,9912.95,0
2021-05-11 10:16:50,9913.05,0
2021-05-11 10:16:51,9913.45,0
2021-05-11 10:16:52,9913.7,0
2021-05-11 10:16:54,9912.85,0
2021-05-11 10:16:55,9914.15,0
2021-05-11 10:16:56,9914.05,0
2021-05-11 10:16:57,9914.3,0
2021-05-11 10:16:58,9913.5,0
2021-05-11 10:16:59,9913.4,0
2021-05-11 10:17:01,9914.25,0
2021-05-11 10:17:02,9914.1,0
2021-05-11 10:17:03,9914.15,0
2021-05-11 10:17:04,9914.55,0
2021-05-11 10:17:05,9914.5,0
2021-05-11 10:17:06,9914.15,0
2021-05-11 10:17:07,9914.05,0
2021-05-11 10:17:09,9913.7,0
2021-05-11 10:17:10,9913.65,0
2021-05-11 10:17:11,9914.55,0
2021-05-11 10:17:12,9914.55,0
2021-05-11 10:17:13,9914.05,0
2021-05-11 10:17:16,9915.4,0
2021-05-11 10:17:17,9915.75,0
2021-05-11 10:17:18,9915.85,0
2021-05-11 10:17:19,9915.55,0
2021-05-11 10:17:20,9915.55,0
2021-05-11 10:17:22,9915.95,0
2021-05-11 10:17:23,9916.1,0
2021-05-11 10:17:24,9916.15,0
2021-05-11 10:17:26,9915.7,0
2021-05-11 10:17:27,9915.35,0
2021-05-11 10:17:28,9915.55,0
2021-05-11 10:17:31,9915.85,0
2021-05-11 10:17:32,9916.0,0
2021-05-11 10:17:33,9916.25,0
2021-05-11 10:17:34,9915.85,0
2021-05-11 10:17:35,9916.0,0
2021-05-11 10:17:36,9915.7,0
2021-05-11 10:17:38,9916.7,0
2021-05-11 10:17:39,9916.65,0
2021-05-11 10:17:40,9916.95,0
2021-05-11 10:17:42,9916.35,0
2021-05-11 10:17:43,9916.8,0
2021-05-11 10:17:45,9916.1,0
2021-05-11 10:17:46,9916.3,0
2021-05-11 10:17:48,9916.65,0
2021-05-11 10:17:49,9916.95,0
2021-05-11 10:17:51,9916.75,0
2021-05-11 10:17:57,9917.2,0
2021-05-11 10:17:58,9916.05,0
2021-05-11 10:18:00,9917.4,0
2021-05-11 10:18:01,9918.85,0
2021-05-11 10:18:02,9919.1,0
2021-05-11 10:18:03,9918.85,0
2021-05-11 10:18:04,9919.0,0
2021-05-11 10:18:05,9919.25,0
2021-05-11 10:18:06,9919.05,0
2021-05-11 10:18:09,9920.35,0
2021-05-11 10:18:10,9922.0,0
2021-05-11 10:18:11,9921.75,0
2021-05-11 10:18:12,9919.75,0
2021-05-11 10:18:13,9920.6,0
2021-05-11 10:18:14,9921.05,0
2021-05-11 10:18:15,9920.4,0
2021-05-11 10:18:16,9920.9,0
2021-05-11 10:18:17,9921.05,0
2021-05-11 10:18:21,9924.35,0
2021-05-11 10:18:22,9924.15,0
2021-05-11 10:18:23,9923.9,0
2021-05-11 10:18:24,9923.65,0
2021-05-11 10:18:26,9924.35,0
2021-05-11 10:18:27,9926.5,0
2021-05-11 10:18:28,9927.85,0
2021-05-11 10:18:29,9928.35,0
2021-05-11 10:18:31,9928.95,0
2021-05-11 10:18:33,9929.1,0
2021-05-11 10:18:34,9930.1,0
2021-05-11 10:18:36,9930.85,0
2021-05-11 10:18:37,9931.75,0
2021-05-11 10:18:39,9929.95,0
2021-05-11 10:18:40,9930.6,0
2021-05-11 10:18:41,9931.75,0
2021-05-11 10:18:42,9930.1,0
2021-05-11 10:18:44,9931.5,0
2021-05-11 10:18:46,9930.8,0
2021-05-11 10:18:47,9930.1,0
2021-05-11 10:18:48,9930.4,0
2021-05-11 10:18:49,9930.1,0
2021-05-11 10:18:50,9930.25,0
2021-05-11 10:18:52,9930.8,0
2021-05-11 10:18:53,9930.35,0
2021-05-11 10:18:55,9930.6,0
2021-05-11 10:18:56,9930.5,0
2021-05-11 10:18:57,9931.3,0
2021-05-11 10:18:58,9930.75,0
2021-05-11 10:18:59,9931.5,0
2021-05-11 10:19:00,9931.7,0
2021-05-11 10:19:01,9930.6,0
2021-05-11 10:19:03,9930.4,0
2021-05-11 10:19:04,9931.55,0
2021-05-11 10:19:05,9930.25,0
2021-05-11 10:19:07,9930.7,0
2021-05-11 10:19:08,9932.4,0
2021-05-11 10:19:09,9932.65,0
2021-05-11 10:19:10,9932.95,0
2021-05-11 10:19:11,9936.25,0
2021-05-11 10:19:13,9937.35,0
2021-05-11 10:19:14,9937.15,0
2021-05-11 10:19:15,9936.15,0
2021-05-11 10:19:17,9936.8,0
2021-05-11 10:19:18,9937.85,0
2021-05-11 10:19:19,9936.15,0
2021-05-11 10:19:21,9937.25,0
2021-05-11 10:19:22,9937.05,0
2021-05-11 10:19:23,9938.4,0
2021-05-11 10:19:29,9936.25,0
2021-05-11 10:19:31,9937.4,0
2021-05-11 10:19:32,9938.4,0
2021-05-11 10:19:33,9938.1,0
2021-05-11 10:19:34,9937.0,0
2021-05-11 10:19:37,9936.5,0
2021-05-11 10:19:39,9936.65,0
2021-05-11 10:19:40,9936.3,0
2021-05-11 10:19:42,9936.55,0
2021-05-11 10:19:45,9936.35,0
2021-05-11 10:19:47,9936.05,0
2021-05-11 10:19:49,9936.6,0
2021-05-11 10:19:50,9936.45,0
2021-05-11 10:19:52,9937.95,0
2021-05-11 10:19:53,9938.2,0
2021-05-11 10:19:54,9939.2,0
2021-05-11 10:19:55,9938.65,0
2021-05-11 10:19:56,9938.9,0
2021-05-11 10:19:57,9939.2,0
2021-05-11 10:19:59,9940.2,0
2021-05-11 10:20:00,9940.5,0
2021-05-11 10:20:01,9939.85,0
2021-05-11 10:20:02,9939.85,0
2021-05-11 10:20:03,9940.55,0
2021-05-11 10:20:06,9942.2,0
2021-05-11 10:20:07,9941.2,0
2021-05-11 10:20:08,9940.1,0
2021-05-11 10:20:09,9941.6,0
2021-05-11 10:20:12,9943.0,0
2021-05-11 10:20:13,9943.4,0
2021-05-11 10:20:15,9944.35,0
2021-05-11 10:20:16,9944.05,0
2021-05-11 10:20:17,9944.6,0
2021-05-11 10:20:18,9944.8,0
2021-05-11 10:20:20,9944.65,0
2021-05-11 10:20:21,9944.0,0
2021-05-11 10:20:22,9944.3,0
2021-05-11 10:20:23,9944.0,0
2021-05-11 10:20:26,9945.05,0
2021-05-11 10:20:27,9945.1,0
2021-05-11 10:20:28,9945.55,0
2021-05-11 10:20:29,9944.3,0
2021-05-11 10:20:31,9943.9,0
2021-05-11 10:20:32,9944.25,0
2021-05-11 10:20:33,9944.6,0
2021-05-11 10:20:34,9945.2,0
2021-05-11 10:20:39,9946.1,0
2021-05-11 10:20:41,9945.95,0
2021-05-11 10:20:44,9947.8,0
2021-05-11 10:20:45,9947.75,0
2021-05-11 10:20:46,9947.65,0
2021-05-11 10:20:47,9947.4,0
2021-05-11 10:20:48,9946.55,0
2021-05-11 10:20:49,9947.65,0
2021-05-11 10:20:50,9947.15,0
2021-05-11 10:20:51,9948.6,0
2021-05-11 10:20:52,9947.9,0
2021-05-11 10:20:53,9947.7,0
2021-05-11 10:20:54,9947.7,0
2021-05-11 10:20:55,9948.8,0
2021-05-11 10:20:56,9949.15,0
2021-05-11 10:20:59,9947.95,0
2021-05-11 10:21:00,9948.7,0
2021-05-11 10:21:02,9948.95,0
2021-05-11 10:21:03,9948.9,0
2021-05-11 10:21:04,9949.0,0
2021-05-11 10:21:05,9948.35,0
2021-05-11 10:21:06,9948.1,0
2021-05-11 10:21:07,9948.15,0
2021-05-11 10:21:09,9949.25,0
2021-05-11 10:21:10,9948.75,0
2021-05-11 10:21:11,9948.6,0
2021-05-11 10:21:12,9947.5,0
2021-05-11 10:21:13,9946.9,0
2021-05-11 10:21:14,9947.7,0
2021-05-11 10:21:15,9948.2,0
2021-05-11 10:21:16,9948.85,0
2021-05-11 10:21:17,9948.45,0
2021-05-11 10:21:18,9947.85,0
2021-05-11 10:21:19,9948.0,0
2021-05-11 10:21:21,9947.8,0
2021-05-11 10:21:22,9947.4,0
2021-05-11 10:21:23,9947.25,0
2021-05-11 10:21:28,9945.35,0
2021-05-11 10:21:29,9946.65,0
2021-05-11 10:21:32,9944.65,0
2021-05-11 10:21:33,9944.5,0
2021-05-11 10:21:34,9943.9,0
2021-05-11 10:21:35,9943.5,0
2021-05-11 10:21:36,9942.95,0
2021-05-11 10:21:37,9942.8,0
2021-05-11 10:21:38,9942.2,0
2021-05-11 10:21:39,9941.75,0
2021-05-11 10:21:40,9942.55,0
2021-05-11 10:21:41,9942.2,0
2021-05-11 10:21:44,9941.85,0
2021-05-11 10:21:45,9942.05,0
2021-05-11 10:21:47,9940.55,0
2021-05-11 10:21:48,9939.95,0
2021-05-11 10:21:49,9939.8,0
2021-05-11 10:21:51,9940.15,0
2021-05-11 10:21:52,9939.25,0
2021-05-11 10:21:53,9940.05,0
2021-05-11 10:21:54,9940.0,0
2021-05-11 10:21:55,9939.95,0
2021-05-11 10:21:57,9939.1,0
2021-05-11 10:21:58,9939.0,0
2021-05-11 10:21:59,9939.75,0
2021-05-11 10:22:01,9939.35,0
2021-05-11 10:22:02,9938.3,0
2021-05-11 10:22:03,9939.15,0
2021-05-11 10:22:05,9939.2,0
2021-05-11 10:22:07,9939.15,0
2021-05-11 10:22:10,9939.85,0
2021-05-11 10:22:12,9940.1,0
2021-05-11 10:22:14,9938.95,0
2021-05-11 10:22:16,9939.5,0
2021-05-11 10:22:18,9939.65,0
2021-05-11 10:22:20,9940.45,0
2021-05-11 10:22:21,9940.8,0
2021-05-11 10:22:22,9941.35,0
2021-05-11 10:22:23,9940.15,0
2021-05-11 10:22:27,9941.35,0
2021-05-11 10:22:28,9940.45,0
2021-05-11 10:22:29,9940.55,0
2021-05-11 10:22:30,9939.9,0
2021-05-11 10:22:32,9940.8,0
2021-05-11 10:22:33,9940.5,0
2021-05-11 10:22:34,9941.05,0
2021-05-11 10:22:37,9940.85,0
2021-05-11 10:22:38,9940.8,0
2021-05-11 10:22:41,9940.0,0
2021-05-11 10:22:42,9940.4,0
2021-05-11 10:22:43,9940.15,0
2021-05-11 10:22:45,9940.7,0
2021-05-11 10:22:46,9940.6,0
2021-05-11 10:22:47,9941.55,0
2021-05-11 10:22:48,9940.95,0
2021-05-11 10:22:53,9942.1,0
2021-05-11 10:22:54,9942.2,0
2021-05-11 10:22:58,9942.7,0
2021-05-11 10:23:00,9943.3,0
2021-05-11 10:23:01,9943.75,0
2021-05-11 10:23:02,9944.05,0
2021-05-11 10:23:04,9945.15,0
2021-05-11 10:23:05,9945.4,0
2021-05-11 10:23:06,9945.7,0
2021-05-11 10:23:07,9945.9,0
2021-05-11 10:23:10,9946.15,0
2021-05-11 10:23:12,9945.95,0
2021-05-11 10:23:13,9946.45,0
2021-05-11 10:23:14,9946.95,0
2021-05-11 10:23:15,9946.6,0
2021-05-11 10:23:17,9945.75,0
2021-05-11 10:23:18,9946.95,0
2021-05-11 10:23:19,9945.85,0
2021-05-11 10:23:20,9946.1,0
2021-05-11 10:23:21,9946.2,0
2021-05-11 10:23:22,9946.2,0
2021-05-11 10:23:24,9947.6,0
2021-05-11 10:23:25,9947.95,0
2021-05-11 10:23:26,9946.95,0
2021-05-11 10:23:27,9946.4,0
2021-05-11 10:23:28,9945.95,0
2021-05-11 10:23:29,9945.4,0
2021-05-11 10:23:33,9944.9,0
2021-05-11 10:23:35,9945.15,0
2021-05-11 10:23:36,9944.7,0
2021-05-11 10:23:37,9944.85,0
2021-05-11 10:23:41,9946.8,0
2021-05-11 10:23:44,9946.2,0
2021-05-11 10:23:45,9945.6,0
2021-05-11 10:23:46,9945.75,0
2021-05-11 10:23:48,9945.9,0
2021-05-11 10:23:50,9946.6,0
2021-05-11 10:23:53,9946.3,0
2021-05-11 10:23:54,9946.5,0
2021-05-11 10:23:57,9945.4,0
2021-05-11 10:23:58,9945.35,0
2021-05-11 10:24:00,9945.25,0
2021-05-11 10:24:02,9946.65,0
2021-05-11 10:24:04,9946.3,0
2021-05-11 10:24:06,9946.55,0
2021-05-11 10:24:07,9945.1,0
2021-05-11 10:24:08,9945.9,0
2021-05-11 10:24:10,9947.35,0
2021-05-11 10:24:11,9947.1,0
2021-05-11 10:24:12,9946.55,0
2021-05-11 10:24:16,9946.75,0
2021-05-11 10:24:17,9946.2,0
2021-05-11 10:24:19,9947.8,0
2021-05-11 10:24:20,9945.9,0
2021-05-11 10:24:21,9946.3,0
2021-05-11 10:24:23,9946.0,0
2021-05-11 10:24:26,9943.85,0
2021-05-11 10:24:27,9944.1,0
2021-05-11 10:24:30,9942.75,0
2021-05-11 10:24:31,9943.25,0
2021-05-11 10:24:32,9943.4,0
2021-05-11 10:24:35,9945.25,0
2021-05-11 10:24:36,9945.7,0
2021-05-11 10:24:37,9946.8,0
2021-05-11 10:24:39,9949.0,0
2021-05-11 10:24:40,9949.9,0
2021-05-11 10:24:41,9950.9,0
2021-05-11 10:24:42,9950.75,0
2021-05-11 10:24:43,9950.95,0
2021-05-11 10:24:44,9950.15,0
2021-05-11 10:24:45,9950.6,0
2021-05-11 10:24:49,9950.6,0
2021-05-11 10:24:51,9950.2,0
2021-05-11 10:24:52,9950.15,0
2021-05-11 10:24:54,9949.95,0
2021-05-11 10:24:56,9950.8,0
2021-05-11 10:24:58,9950.8,0
2021-05-11 10:25:00,9950.8,0
2021-05-11 10:25:01,9950.7,0
2021-05-11 10:25:02,9950.9,0
2021-05-11 10:25:05,9950.8,0
2021-05-11 10:25:06,9950.2,0
2021-05-11 10:25:07,9950.55,0
2021-05-11 10:25:08,9951.0,0
2021-05-11 10:25:09,9951.1,0
2021-05-11 10:25:10,9950.75,0
2021-05-11 10:25:12,9951.3,0
2021-05-11 10:25:13,9950.5,0
2021-05-11 10:25:14,9951.2,0
2021-05-11 10:25:15,9951.25,0
2021-05-11 10:25:16,9951.45,0
2021-05-11 10:25:17,9951.55,0
2021-05-11 10:25:18,9951.2,0
2021-05-11 10:25:19,9951.25,0
2021-05-11 10:25:20,9951.9,0
2021-05-11 10:25:22,9951.55,0
2021-05-11 10:25:24,9950.55,0
2021-05-11 10:25:27,9950.3,0
2021-05-11 10:25:28,9949.15,0
2021-05-11 10:25:29,9949.45,0
2021-05-11 10:25:30,9948.95,0
2021-05-11 10:25:31,9948.65,0
2021-05-11 10:25:32,9947.65,0
2021-05-11 10:25:36,9947.25,0
2021-05-11 10:25:37,9947.35,0
2021-05-11 10:25:38,9947.25,0
2021-05-11 10:25:39,9946.3,0
2021-05-11 10:25:41,9946.95,0
2021-05-11 10:25:43,9947.1,0
2021-05-11 10:25:44,9947.55,0
2021-05-11 10:25:46,9948.95,0
2021-05-11 10:25:47,9948.1,0
2021-05-11 10:25:48,9948.1,0
2021-05-11 10:25:49,9948.15,0
2021-05-11 10:25:51,9948.25,0
2021-05-11 10:25:52,9948.35,0
2021-05-11 10:25:55,9947.45,0
2021-05-11 10:25:56,9947.3,0
2021-05-11 10:25:57,9947.0,0
2021-05-11 10:25:58,9946.85,0
2021-05-11 10:25:59,9946.65,0
2021-05-11 10:26:01,9947.3,0
2021-05-11 10:26:02,9947.15,0
2021-05-11 10:26:03,9946.8,0
2021-05-11 10:26:04,9947.05,0
2021-05-11 10:26:06,9947.2,0
2021-05-11 10:26:07,9946.15,0
2021-05-11 10:26:08,9946.3,0
2021-05-11 10:26:09,9946.45,0
2021-05-11 10:26:12,9947.4,0
2021-05-11 10:26:13,9948.0,0
2021-05-11 10:26:15,9948.65,0
2021-05-11 10:26:17,9948.55,0
2021-05-11 10:26:18,9949.0,0
2021-05-11 10:26:19,9948.4,0
2021-05-11 10:26:20,9949.45,0
2021-05-11 10:26:21,9949.5,0
2021-05-11 10:26:22,9949.85,0
2021-05-11 10:26:23,9948.85,0
2021-05-11 10:26:24,9948.75,0
2021-05-11 10:26:26,9949.4,0
2021-05-11 10:26:28,9948.75,0
2021-05-11 10:26:29,9949.55,0
2021-05-11 10:26:30,9948.65,0
2021-05-11 10:26:32,9950.5,0
2021-05-11 10:26:33,9949.7,0
2021-05-11 10:26:36,9948.95,0
2021-05-11 10:26:39,9950.65,0
2021-05-11 10:26:40,9950.95,0
2021-05-11 10:26:41,9952.1,0
2021-05-11 10:26:45,9951.1,0
2021-05-11 10:26:47,9952.3,0
2021-05-11 10:26:49,9952.1,0
2021-05-11 10:26:50,9952.7,0
2021-05-11 10:26:51,9953.25,0
2021-05-11 10:26:52,9953.5,0
2021-05-11 10:26:53,9952.9,0
2021-05-11 10:26:55,9952.6,0
2021-05-11 10:26:56,9953.4,0
2021-05-11 10:26:57,9952.05,0
2021-05-11 10:26:59,9950.2,0
2021-05-11 10:27:00,9949.7,0
2021-05-11 10:27:02,9949.35,0
2021-05-11 10:27:04,9948.3,0
2021-05-11 10:27:06,9947.3,0
2021-05-11 10:27:07,9948.2,0
2021-05-11 10:27:09,9947.15,0
2021-05-11 10:27:10,9947.3,0
2021-05-11 10:27:11,9946.45,0
2021-05-11 10:27:12,9946.35,0
2021-05-11 10:27:13,9947.2,0
2021-05-11 10:27:14,9946.4,0
2021-05-11 10:27:16,9946.5,0
2021-05-11 10:27:17,9946.65,0
2021-05-11 10:27:20,9944.95,0
2021-05-11 10:27:21,9945.15,0
2021-05-11 10:27:23,9945.65,0
2021-05-11 10:27:24,9945.8,0
2021-05-11 10:27:25,9945.2,0
2021-05-11 10:27:26,9944.7,0
2021-05-11 10:27:27,9943.65,0
2021-05-11 10:27:30,9941.0,0
2021-05-11 10:27:31,9940.25,0
2021-05-11 10:27:32,9941.7,0
2021-05-11 10:27:33,9942.55,0
2021-05-11 10:27:34,9941.95,0
2021-05-11 10:27:36,9942.15,0
2021-05-11 10:27:37,9942.35,0
2021-05-11 10:27:38,9942.3,0
2021-05-11 10:27:39,9942.35,0
2021-05-11 10:27:40,9942.45,0
2021-05-11 10:27:44,9941.65,0
2021-05-11 10:27:45,9942.1,0
2021-05-11 10:27:46,9941.4,0
2021-05-11 10:27:47,9940.9,0
2021-05-11 10:27:48,9941.6,0
2021-05-11 10:27:49,9941.3,0
2021-05-11 10:27:50,9942.0,0
2021-05-11 10:27:52,9941.35,0
2021-05-11 10:27:51,9941.25,0
2021-05-11 10:27:53,9941.9,0
2021-05-11 10:27:55,9943.25,0
2021-05-11 10:27:56,9943.7,0
2021-05-11 10:27:57,9942.65,0
2021-05-11 10:27:58,9942.95,0
2021-05-11 10:28:00,9942.65,0
2021-05-11 10:28:02,9944.15,0
2021-05-11 10:28:03,9943.85,0
2021-05-11 10:28:05,9943.7,0
2021-05-11 10:28:07,9943.15,0
2021-05-11 10:28:08,9944.2,0
2021-05-11 10:28:09,9943.65,0
2021-05-11 10:28:11,9943.7,0
2021-05-11 10:28:12,9944.85,0
2021-05-11 10:28:13,9945.15,0
2021-05-11 10:28:15,9945.45,0
2021-05-11 10:28:16,9944.75,0
2021-05-11 10:28:17,9944.6,0
2021-05-11 10:28:21,9943.45,0
2021-05-11 10:28:22,9943.6,0
2021-05-11 10:28:23,9944.3,0
2021-05-11 10:28:25,9945.05,0
2021-05-11 10:28:26,9945.2,0
2021-05-11 10:28:27,9945.1,0
2021-05-11 10:28:28,9945.35,0
2021-05-11 10:28:29,9945.15,0
2021-05-11 10:28:31,9944.85,0
2021-05-11 10:28:32,9945.05,0
2021-05-11 10:28:33,9945.25,0
2021-05-11 10:28:34,9945.2,0
2021-05-11 10:28:36,9945.25,0
2021-05-11 10:28:37,9945.25,0
2021-05-11 10:28:39,9946.15,0
2021-05-11 10:28:40,9946.75,0
2021-05-11 10:28:41,9947.0,0
2021-05-11 10:28:42,9946.75,0
2021-05-11 10:28:46,9947.0,0
2021-05-11 10:28:49,9948.15,0
2021-05-11 10:28:51,9947.95,0
2021-05-11 10:28:53,9948.2,0
2021-05-11 10:28:55,9949.1,0
2021-05-11 10:28:56,9948.6,0
2021-05-11 10:28:59,9949.7,0
2021-05-11 10:29:00,9949.25,0
2021-05-11 10:29:02,9950.5,0
2021-05-11 10:29:03,9950.7,0
2021-05-11 10:29:04,9951.95,0
2021-05-11 10:29:06,9950.05,0
2021-05-11 10:29:08,9951.0,0
2021-05-11 10:29:10,9952.05,0
2021-05-11 10:29:11,9952.8,0
2021-05-11 10:29:12,9952.25,0
2021-05-11 10:29:13,9952.05,0
2021-05-11 10:29:14,9951.95,0
2021-05-11 10:29:15,9951.15,0
2021-05-11 10:29:17,9952.85,0
2021-05-11 10:29:19,9952.6,0
2021-05-11 10:29:22,9954.45,0
2021-05-11 10:29:26,9956.0,0
2021-05-11 10:29:28,9955.55,0
2021-05-11 10:29:31,9956.65,0
2021-05-11 10:29:37,9958.0,0
2021-05-11 10:29:38,9957.7,0
2021-05-11 10:29:39,9957.0,0
2021-05-11 10:29:41,9958.9,0
2021-05-11 10:29:42,9959.4,0
2021-05-11 10:29:43,9959.35,0
2021-05-11 10:29:45,9959.15,0
2021-05-11 10:29:47,9957.95,0
2021-05-11 10:29:50,9959.85,0
2021-05-11 10:29:52,9961.85,0
2021-05-11 10:29:53,9961.6,0
2021-05-11 10:29:54,9961.7,0
2021-05-11 10:29:55,9962.0,0
2021-05-11 10:29:56,9962.8,0
2021-05-11 10:29:57,9961.4,0
2021-05-11 10:29:59,9961.25,0
2021-05-11 10:30:00,9961.25,0
2021-05-11 10:30:01,9960.65,0
2021-05-11 10:30:02,9960.9,0
2021-05-11 10:30:04,9960.6,0
2021-05-11 10:30:05,9960.75,0
2021-05-11 10:30:06,9960.2,0
2021-05-11 10:30:07,9959.65,0
2021-05-11 10:30:11,9959.05,0
2021-05-11 10:30:12,9959.6,0
2021-05-11 10:30:13,9958.95,0
2021-05-11 10:30:14,9959.2,0
2021-05-11 10:30:15,9959.6,0
2021-05-11 10:30:16,9958.85,0
2021-05-11 10:30:17,9958.2,0
2021-05-11 10:30:18,9958.65,0
2021-05-11 10:30:20,9957.55,0
2021-05-11 10:30:21,9958.5,0
2021-05-11 10:30:25,9958.05,0
2021-05-11 10:30:27,9958.1,0
2021-05-11 10:30:28,9959.45,0
2021-05-11 10:30:29,9958.75,0
2021-05-11 10:30:30,9959.35,0
2021-05-11 10:30:33,9958.35,0
2021-05-11 10:30:34,9958.45,0
2021-05-11 10:30:35,9958.3,0
2021-05-11 10:30:36,9957.35,0
2021-05-11 10:30:37,9957.5,0
2021-05-11 10:30:39,9957.65,0
2021-05-11 10:30:43,9960.0,0
2021-05-11 10:30:44,9958.85,0
2021-05-11 10:30:45,9959.85,0
2021-05-11 10:30:46,9959.55,0
2021-05-11 10:30:48,9960.85,0
2021-05-11 10:30:49,9960.1,0
2021-05-11 10:30:50,9960.35,0
2021-05-11 10:30:51,9960.35,0
2021-05-11 10:30:56,9962.5,0
2021-05-11 10:30:58,9963.25,0
2021-05-11 10:30:59,9963.7,0
2021-05-11 10:31:00,9964.15,0
2021-05-11 10:31:01,9964.7,0
2021-05-11 10:31:03,9965.8,0
2021-05-11 10:31:04,9966.1,0
2021-05-11 10:31:05,9966.3,0
2021-05-11 10:31:06,9966.55,0
2021-05-11 10:31:07,9965.4,0
2021-05-11 10:31:08,9966.2,0
2021-05-11 10:31:09,9966.95,0
2021-05-11 10:31:13,9965.4,0
2021-05-11 10:31:15,9965.8,0
2021-05-11 10:31:16,9966.75,0
2021-05-11 10:31:17,9965.85,0
2021-05-11 10:31:18,9965.95,0
2021-05-11 10:31:19,9966.65,0
2021-05-11 10:31:20,9966.65,0
2021-05-11 10:31:22,9966.05,0
2021-05-11 10:31:27,9967.15,0
2021-05-11 10:31:28,9967.1,0
2021-05-11 10:31:29,9966.2,0
2021-05-11 10:31:30,9966.3,0
2021-05-11 10:31:31,9967.3,0
2021-05-11 10:31:32,9967.1,0
2021-05-11 10:31:33,9968.15,0
2021-05-11 10:31:34,9967.4,0
2021-05-11 10:31:36,9966.75,0
2021-05-11 10:31:38,9968.25,0
2021-05-11 10:31:40,9967.35,0
2021-05-11 10:31:43,9967.75,0
2021-05-11 10:31:44,9968.5,0
2021-05-11 10:31:45,9967.85,0
2021-05-11 10:31:48,9967.9,0
2021-05-11 10:31:49,9968.9,0
2021-05-11 10:31:50,9968.3,0
2021-05-11 10:31:51,9968.3,0
2021-05-11 10:31:54,9968.1,0
2021-05-11 10:31:56,9968.6,0
2021-05-11 10:31:57,9968.9,0
2021-05-11 10:32:02,9968.8,0
2021-05-11 10:32:03,9968.5,0
2021-05-11 10:32:04,9969.1,0
2021-05-11 10:32:05,9969.85,0
2021-05-11 10:32:06,9969.65,0
2021-05-11 10:32:07,9969.0,0
2021-05-11 10:32:08,9969.75,0
2021-05-11 10:32:09,9969.95,0
2021-05-11 10:32:10,9970.45,0
2021-05-11 10:32:11,9971.1,0
2021-05-11 10:32:12,9971.8,0
2021-05-11 10:32:13,9972.2,0
2021-05-11 10:32:14,9971.55,0
2021-05-11 10:32:15,9970.5,0
2021-05-11 10:32:16,9969.2,0
2021-05-11 10:32:17,9970.1,0
2021-05-11 10:32:19,9969.0,0
2021-05-11 10:32:20,9969.35,0
2021-05-11 10:32:21,9968.5,0
2021-05-11 10:32:22,9968.4,0
2021-05-11 10:32:23,9967.95,0
2021-05-11 10:32:26,9968.75,0
2021-05-11 10:32:27,9969.05,0
2021-05-11 10:32:28,9968.65,0
2021-05-11 10:32:29,9967.45,0
2021-05-11 10:32:30,9967.65,0
2021-05-11 10:32:31,9968.6,0
2021-05-11 10:32:32,9968.85,0
2021-05-11 10:32:34,9968.4,0
2021-05-11 10:32:35,9968.25,0
2021-05-11 10:32:37,9968.6,0
2021-05-11 10:32:39,9969.5,0
2021-05-11 10:32:40,9970.85,0
2021-05-11 10:32:41,9969.25,0
2021-05-11 10:32:43,9968.7,0
2021-05-11 10:32:44,9967.55,0
2021-05-11 10:32:45,9968.95,0
2021-05-11 10:32:46,9969.35,0
2021-05-11 10:32:47,9969.8,0
2021-05-11 10:32:48,9969.3,0
2021-05-11 10:32:50,9968.7,0
2021-05-11 10:32:53,9967.25,0
2021-05-11 10:32:54,9967.75,0
2021-05-11 10:32:55,9967.3,0
2021-05-11 10:32:57,9965.8,0
2021-05-11 10:32:59,9967.5,0
2021-05-11 10:33:01,9967.2,0
2021-05-11 10:33:02,9967.35,0
2021-05-11 10:33:03,9966.0,0
2021-05-11 10:33:05,9966.25,0
2021-05-11 10:33:06,9966.2,0
2021-05-11 10:33:07,9967.15,0
2021-05-11 10:33:08,9966.5,0
2021-05-11 10:33:09,9967.9,0
2021-05-11 10:33:10,9966.85,0
2021-05-11 10:33:11,9966.1,0
2021-05-11 10:33:12,9967.0,0
2021-05-11 10:33:13,9967.3,0
2021-05-11 10:33:16,9967.9,0
2021-05-11 10:33:17,9968.95,0
2021-05-11 10:33:18,9968.8,0
2021-05-11 10:33:19,9969.2,0
2021-05-11 10:33:20,9969.2,0
2021-05-11 10:33:21,9969.1,0
2021-05-11 10:33:22,9969.7,0
2021-05-11 10:33:23,9970.0,0
2021-05-11 10:33:25,9970.1,0
2021-05-11 10:33:27,9971.1,0
2021-05-11 10:33:28,9971.55,0
2021-05-11 10:33:29,9972.65,0
2021-05-11 10:33:31,9971.9,0
2021-05-11 10:33:32,9972.65,0
2021-05-11 10:33:34,9973.2,0
2021-05-11 10:33:35,9972.6,0
2021-05-11 10:33:36,9972.95,0
2021-05-11 10:33:37,9973.1,0
2021-05-11 10:33:38,9973.45,0
2021-05-11 10:33:40,9972.85,0
2021-05-11 10:33:41,9972.2,0
2021-05-11 10:33:42,9972.3,0
2021-05-11 10:33:44,9972.5,0
2021-05-11 10:33:45,9972.55,0
2021-05-11 10:33:46,9973.4,0
2021-05-11 10:33:47,9972.3,0
2021-05-11 10:33:48,9972.2,0
2021-05-11 10:33:49,9971.75,0
2021-05-11 10:33:50,9971.25,0
2021-05-11 10:33:51,9971.6,0
2021-05-11 10:33:53,9970.95,0
2021-05-11 10:33:54,9971.2,0
2021-05-11 10:33:55,9970.3,0
2021-05-11 10:33:56,9971.0,0
2021-05-11 10:33:58,9971.75,0
2021-05-11 10:33:59,9971.35,0
2021-05-11 10:34:02,9972.0,0
2021-05-11 10:34:04,9972.35,0
2021-05-11 10:34:05,9972.5,0
2021-05-11 10:34:09,9972.1,0
2021-05-11 10:34:10,9972.15,0
2021-05-11 10:34:12,9972.4,0
2021-05-11 10:34:13,9971.95,0
2021-05-11 10:34:14,9971.3,0
2021-05-11 10:34:15,9970.95,0
2021-05-11 10:34:16,9970.45,0
2021-05-11 10:34:17,9971.05,0
2021-05-11 10:34:18,9971.2,0
2021-05-11 10:34:19,9971.55,0
2021-05-11 10:34:22,9969.0,0
2021-05-11 10:34:23,9969.6,0
2021-05-11 10:34:24,9969.6,0
2021-05-11 10:34:25,9969.0,0
2021-05-11 10:34:26,9968.45,0
2021-05-11 10:34:33,9968.9,0
2021-05-11 10:34:34,9968.75,0
2021-05-11 10:34:35,9969.2,0
2021-05-11 10:34:37,9968.8,0
2021-05-11 10:34:38,9969.1,0
2021-05-11 10:34:39,9969.25,0
2021-05-11 10:34:40,9968.85,0
2021-05-11 10:34:41,9968.65,0
2021-05-11 10:34:42,9968.35,0
2021-05-11 10:34:44,9968.85,0
2021-05-11 10:34:46,9968.25,0
2021-05-11 10:34:47,9968.45,0
2021-05-11 10:34:48,9967.6,0
2021-05-11 10:34:49,9967.7,0
2021-05-11 10:34:50,9967.25,0
2021-05-11 10:34:51,9967.0,0
2021-05-11 10:34:52,9967.3,0
2021-05-11 10:34:53,9967.85,0
2021-05-11 10:34:54,9967.25,0
2021-05-11 10:34:55,9967.0,0
2021-05-11 10:34:56,9966.65,0
2021-05-11 10:34:57,9967.0,0
2021-05-11 10:34:58,9967.55,0
2021-05-11 10:35:00,9967.35,0
2021-05-11 10:35:01,9966.75,0
2021-05-11 10:35:02,9967.35,0
2021-05-11 10:35:03,9967.95,0
2021-05-11 10:35:04,9968.25,0
2021-05-11 10:35:05,9967.75,0
2021-05-11 10:35:06,9968.2,0
2021-05-11 10:35:07,9967.75,0
2021-05-11 10:35:08,9967.65,0
2021-05-11 10:35:09,9967.9,0
2021-05-11 10:35:11,9968.45,0
2021-05-11 10:35:12,9967.8,0
2021-05-11 10:35:13,9966.9,0
2021-05-11 10:35:14,9968.4,0
2021-05-11 10:35:15,9969.15,0
2021-05-11 10:35:16,9967.8,0
2021-05-11 10:35:17,9967.85,0
2021-05-11 10:35:22,9967.15,0
2021-05-11 10:35:23,9967.7,0
2021-05-11 10:35:24,9966.85,0
2021-05-11 10:35:25,9967.45,0
2021-05-11 10:35:26,9965.55,0
2021-05-11 10:35:27,9965.8,0
2021-05-11 10:35:28,9966.05,0
2021-05-11 10:35:31,9963.35,0
2021-05-11 10:35:32,9964.1,0
2021-05-11 10:35:33,9965.5,0
2021-05-11 10:35:34,9964.9,0
2021-05-11 10:35:36,9963.9,0
2021-05-11 10:35:37,9964.3,0
2021-05-11 10:35:38,9965.05,0
2021-05-11 10:35:39,9965.1,0
2021-05-11 10:35:40,9964.65,0
2021-05-11 10:35:41,9965.45,0
2021-05-11 10:35:42,9964.8,0
2021-05-11 10:35:43,9965.0,0
2021-05-11 10:35:45,9966.25,0
2021-05-11 10:35:46,9966.6,0
2021-05-11 10:35:47,9967.3,0
2021-05-11 10:35:48,9965.95,0
2021-05-11 10:35:49,9966.3,0
2021-05-11 10:35:50,9966.0,0
2021-05-11 10:35:52,9965.85,0
2021-05-11 10:35:54,9966.0,0
2021-05-11 10:35:55,9965.95,0
2021-05-11 10:35:56,9966.95,0
2021-05-11 10:35:58,9965.95,0
2021-05-11 10:35:59,9965.9,0
2021-05-11 10:36:01,9966.0,0
2021-05-11 10:36:02,9965.35,0
2021-05-11 10:36:04,9965.5,0
2021-05-11 10:36:05,9965.7,0
2021-05-11 10:36:08,9965.45,0
2021-05-11 10:36:09,9965.9,0
2021-05-11 10:36:10,9965.0,0
2021-05-11 10:36:11,9965.15,0
2021-05-11 10:36:12,9965.65,0
2021-05-11 10:36:13,9965.0,0
2021-05-11 10:36:14,9965.4,0
2021-05-11 10:36:17,9965.95,0
2021-05-11 10:36:18,9965.7,0
2021-05-11 10:36:19,9966.1,0
2021-05-11 10:36:20,9966.3,0
2021-05-11 10:36:21,9965.95,0
2021-05-11 10:36:22,9966.4,0
2021-05-11 10:36:25,9966.85,0
2021-05-11 10:36:26,9966.6,0
2021-05-11 10:36:27,9966.15,0
2021-05-11 10:36:28,9967.0,0
2021-05-11 10:36:29,9965.65,0
2021-05-11 10:36:32,9966.2,0
2021-05-11 10:36:33,9965.85,0
2021-05-11 10:36:34,9965.55,0
2021-05-11 10:36:35,9965.5,0
2021-05-11 10:36:36,9965.55,0
2021-05-11 10:36:37,9964.75,0
2021-05-11 10:36:38,9965.65,0
2021-05-11 10:36:40,9965.65,0
2021-05-11 10:36:42,9965.85,0
2021-05-11 10:36:45,9965.65,0
2021-05-11 10:36:46,9965.9,0
2021-05-11 10:36:47,9965.65,0
2021-05-11 10:36:48,9965.15,0
2021-05-11 10:36:49,9966.6,0
2021-05-11 10:36:50,9965.9,0
2021-05-11 10:36:51,9965.9,0
2021-05-11 10:36:52,9965.4,0
2021-05-11 10:36:54,9963.35,0
2021-05-11 10:36:55,9963.25,0
2021-05-11 10:36:56,9963.9,0
2021-05-11 10:36:57,9964.05,0
2021-05-11 10:36:58,9963.5,0
2021-05-11 10:36:59,9962.75,0
2021-05-11 10:37:01,9963.05,0
2021-05-11 10:37:02,9963.1,0
2021-05-11 10:37:03,9962.75,0
2021-05-11 10:37:05,9962.6,0
2021-05-11 10:37:06,9962.5,0
2021-05-11 10:37:08,9962.75,0
2021-05-11 10:37:09,9962.0,0
2021-05-11 10:37:12,9963.55,0
2021-05-11 10:37:14,9963.2,0
2021-05-11 10:37:15,9963.65,0
2021-05-11 10:37:16,9963.4,0
2021-05-11 10:37:17,9963.3,0
2021-05-11 10:37:18,9963.1,0
2021-05-11 10:37:19,9962.65,0
2021-05-11 10:37:20,9963.85,0
2021-05-11 10:37:21,9963.8,0
2021-05-11 10:37:22,9962.75,0
2021-05-11 10:37:23,9962.2,0
2021-05-11 10:37:24,9962.5,0
2021-05-11 10:37:26,9963.7,0
2021-05-11 10:37:27,9963.25,0
2021-05-11 10:37:28,9963.2,0
2021-05-11 10:37:31,9963.3,0
2021-05-11 10:37:32,9964.0,0
2021-05-11 10:37:33,9964.55,0
2021-05-11 10:37:34,9963.9,0
2021-05-11 10:37:35,9964.25,0
2021-05-11 10:37:36,9964.0,0
2021-05-11 10:37:37,9964.65,0
2021-05-11 10:37:39,9964.75,0
2021-05-11 10:37:45,9966.05,0
2021-05-11 10:37:46,9965.35,0
2021-05-11 10:37:47,9966.95,0
2021-05-11 10:37:48,9967.2,0
2021-05-11 10:37:49,9967.1,0
2021-05-11 10:37:50,9966.45,0
2021-05-11 10:37:51,9966.85,0
2021-05-11 10:37:52,9967.7,0
2021-05-11 10:37:53,9967.95,0
2021-05-11 10:37:54,9968.45,0
2021-05-11 10:37:56,9968.05,0
2021-05-11 10:37:58,9967.45,0
2021-05-11 10:37:59,9967.85,0
2021-05-11 10:38:00,9967.6,0
2021-05-11 10:38:01,9968.75,0
2021-05-11 10:38:02,9967.85,0
2021-05-11 10:38:03,9968.05,0
2021-05-11 10:38:04,9968.0,0
2021-05-11 10:38:05,9967.95,0
2021-05-11 10:38:06,9967.8,0
2021-05-11 10:38:07,9966.45,0
2021-05-11 10:38:08,9966.35,0
2021-05-11 10:38:09,9965.5,0
2021-05-11 10:38:10,9966.7,0
2021-05-11 10:38:12,9967.35,0
2021-05-11 10:38:13,9966.1,0
2021-05-11 10:38:15,9964.9,0
2021-05-11 10:38:16,9965.25,0
2021-05-11 10:38:19,9966.3,0
2021-05-11 10:38:21,9965.7,0
2021-05-11 10:38:23,9966.05,0
2021-05-11 10:38:25,9966.05,0
2021-05-11 10:38:26,9966.45,0
2021-05-11 10:38:27,9966.3,0
2021-05-11 10:38:29,9966.55,0
2021-05-11 10:38:30,9966.9,0
2021-05-11 10:38:31,9966.9,0
2021-05-11 10:38:32,9967.05,0
2021-05-11 10:38:33,9967.5,0
2021-05-11 10:38:34,9967.15,0
2021-05-11 10:38:35,9967.0,0
2021-05-11 10:38:36,9966.9,0
2021-05-11 10:38:37,9966.9,0
2021-05-11 10:38:38,9966.75,0
2021-05-11 10:38:39,9965.95,0
2021-05-11 10:38:40,9966.2,0
2021-05-11 10:38:41,9966.45,0
2021-05-11 10:38:43,9967.0,0
2021-05-11 10:38:47,9968.05,0
2021-05-11 10:38:48,9968.15,0
2021-05-11 10:38:51,9967.45,0
2021-05-11 10:38:53,9968.0,0
2021-05-11 10:38:54,9968.45,0
2021-05-11 10:38:57,9967.9,0
2021-05-11 10:38:59,9968.35,0
2021-05-11 10:39:00,9967.9,0
2021-05-11 10:39:01,9968.3,0
2021-05-11 10:39:05,9967.0,0
2021-05-11 10:39:07,9967.45,0
2021-05-11 10:39:08,9967.35,0
2021-05-11 10:39:09,9967.95,0
2021-05-11 10:39:12,9968.75,0
2021-05-11 10:39:13,9968.6,0
2021-05-11 10:39:14,9968.7,0
2021-05-11 10:39:16,9969.4,0
2021-05-11 10:39:17,9968.85,0
2021-05-11 10:39:18,9968.55,0
2021-05-11 10:39:19,9968.85,0
2021-05-11 10:39:20,9968.3,0
2021-05-11 10:39:23,9968.8,0
2021-05-11 10:39:25,9969.45,0
2021-05-11 10:39:26,9969.0,0
2021-05-11 10:39:30,9969.25,0
2021-05-11 10:39:31,9969.15,0
2021-05-11 10:39:33,9969.3,0
2021-05-11 10:39:35,9969.9,0
2021-05-11 10:39:36,9969.6,0
2021-05-11 10:39:37,9970.2,0
2021-05-11 10:39:39,9969.6,0
2021-05-11 10:39:40,9970.35,0
2021-05-11 10:39:42,9970.4,0
2021-05-11 10:39:44,9971.25,0
2021-05-11 10:39:46,9974.0,0
2021-05-11 10:39:48,9976.6,0
2021-05-11 10:39:49,9976.1,0
2021-05-11 10:39:52,9976.7,0
2021-05-11 10:39:53,9977.25,0
2021-05-11 10:39:54,9976.35,0
2021-05-11 10:39:56,9974.5,0
2021-05-11 10:39:57,9974.3,0
2021-05-11 10:39:58,9974.2,0
2021-05-11 10:39:59,9972.55,0
2021-05-11 10:40:00,9973.35,0
2021-05-11 10:40:01,9973.95,0
2021-05-11 10:40:02,9973.6,0
2021-05-11 10:40:03,9973.8,0
2021-05-11 10:40:04,9973.4,0
2021-05-11 10:40:05,9973.25,0
2021-05-11 10:40:08,9972.7,0
2021-05-11 10:40:09,9972.5,0
2021-05-11 10:40:10,9971.25,0
2021-05-11 10:40:11,9971.25,0
2021-05-11 10:40:13,9971.9,0
2021-05-11 10:40:16,9971.1,0
2021-05-11 10:40:22,9971.1,0
2021-05-11 10:40:23,9971.3,0
2021-05-11 10:40:24,9971.4,0
2021-05-11 10:40:25,9972.4,0
2021-05-11 10:40:27,9972.25,0
2021-05-11 10:40:29,9972.1,0
2021-05-11 10:40:30,9972.35,0
2021-05-11 10:40:32,9972.2,0
2021-05-11 10:40:33,9972.6,0
2021-05-11 10:40:37,9974.55,0
2021-05-11 10:40:38,9975.3,0
2021-05-11 10:40:41,9974.9,0
2021-05-11 10:40:42,9975.05,0
2021-05-11 10:40:43,9975.35,0
2021-05-11 10:40:46,9975.8,0
2021-05-11 10:40:48,9974.6,0
2021-05-11 10:40:49,9974.55,0
2021-05-11 10:40:50,9975.9,0
2021-05-11 10:40:51,9975.55,0
2021-05-11 10:40:52,9975.55,0
2021-05-11 10:40:54,9975.9,0
2021-05-11 10:40:56,9976.8,0
2021-05-11 10:40:57,9977.1,0
2021-05-11 10:40:58,9975.55,0
2021-05-11 10:40:59,9976.4,0
2021-05-11 10:41:02,9977.35,0
2021-05-11 10:41:03,9978.05,0
2021-05-11 10:41:04,9977.75,0
2021-05-11 10:41:05,9977.65,0
2021-05-11 10:41:06,9977.0,0
2021-05-11 10:41:07,9976.75,0
2021-05-11 10:41:08,9977.15,0
