timestamp,ltp,volume
2021-05-25 09:15:23,16488.85,0
2021-05-25 09:15:32,16491.15,0
2021-05-25 09:15:40,16482.1,0
2021-05-25 09:15:41,16484.8,0
2021-05-25 09:15:42,16485.65,0
2021-05-25 09:15:52,16480.65,0
2021-05-25 09:15:58,16481.6,0
2021-05-25 09:15:59,16479.85,0
2021-05-25 09:16:01,16484.2,0
2021-05-25 09:16:06,16487.1,0
2021-05-25 09:16:07,16484.5,0
2021-05-25 09:16:10,16478.4,0
2021-05-25 09:16:15,16471.35,0
2021-05-25 09:16:20,16464.85,0
2021-05-25 09:16:23,16468.05,0
2021-05-25 09:16:24,16473.5,0
2021-05-25 09:16:31,16485.6,0
2021-05-25 09:16:39,16495.4,0
2021-05-25 09:16:43,16498.2,0
2021-05-25 09:16:52,16497.9,0
2021-05-25 09:17:08,16508.1,0
2021-05-25 09:17:11,16509.25,0
2021-05-25 09:17:12,16509.6,0
2021-05-25 09:17:15,16510.75,0
2021-05-25 09:17:16,16512.15,0
2021-05-25 09:17:17,16512.45,0
2021-05-25 09:17:18,16511.2,0
2021-05-25 09:17:23,16511.45,0
2021-05-25 09:17:25,16511.85,0
2021-05-25 09:17:29,16514.15,0
2021-05-25 09:17:31,16509.4,0
2021-05-25 09:17:35,16508.8,0
2021-05-25 09:17:36,16506.8,0
2021-05-25 09:17:37,16506.45,0
2021-05-25 09:17:39,16507.15,0
2021-05-25 09:17:43,16507.2,0
2021-05-25 09:17:48,16506.75,0
2021-05-25 09:17:53,16505.2,0
2021-05-25 09:17:56,16504.7,0
2021-05-25 09:17:57,16507.8,0
2021-05-25 09:17:58,16504.65,0
2021-05-25 09:18:00,16504.65,0
2021-05-25 09:18:07,16499.65,0
2021-05-25 09:18:12,16493.95,0
2021-05-25 09:18:14,16495.9,0
2021-05-25 09:18:15,16496.15,0
2021-05-25 09:18:17,16496.05,0
2021-05-25 09:18:23,16497.65,0
2021-05-25 09:18:26,16492.6,0
2021-05-25 09:18:29,16496.75,0
2021-05-25 09:18:33,16498.35,0
2021-05-25 09:18:36,16495.9,0
2021-05-25 09:18:38,16495.5,0
2021-05-25 09:18:40,16490.05,0
2021-05-25 09:18:42,16490.6,0
2021-05-25 09:18:43,16491.25,0
2021-05-25 09:18:47,16490.25,0
2021-05-25 09:18:49,16490.7,0
2021-05-25 09:18:55,16496.15,0
2021-05-25 09:18:56,16495.2,0
2021-05-25 09:18:58,16494.4,0
2021-05-25 09:18:59,16494.6,0
2021-05-25 09:19:00,16495.15,0
2021-05-25 09:19:01,16493.4,0
2021-05-25 09:19:02,16495.9,0
2021-05-25 09:19:04,16494.2,0
2021-05-25 09:19:05,16496.85,0
2021-05-25 09:19:06,16496.85,0
2021-05-25 09:19:10,16496.8,0
2021-05-25 09:19:18,16489.1,0
2021-05-25 09:19:19,16490.25,0
2021-05-25 09:19:25,16479.2,0
2021-05-25 09:19:33,16477.25,0
2021-05-25 09:19:35,16480.95,0
2021-05-25 09:19:38,16482.4,0
2021-05-25 09:19:43,16479.95,0
2021-05-25 09:19:44,16480.65,0
2021-05-25 09:19:45,16481.35,0
2021-05-25 09:19:57,16467.45,0
2021-05-25 09:19:58,16463.8,0
2021-05-25 09:19:59,16462.55,0
2021-05-25 09:20:02,16464.05,0
2021-05-25 09:20:04,16457.75,0
2021-05-25 09:20:08,16457.5,0
2021-05-25 09:20:09,16458.95,0
2021-05-25 09:20:15,16459.15,0
2021-05-25 09:20:25,16455.65,0
2021-05-25 09:20:30,16459.45,0
2021-05-25 09:20:36,16472.3,0
2021-05-25 09:20:41,16476.95,0
2021-05-25 09:20:47,16479.0,0
2021-05-25 09:20:52,16479.3,0
2021-05-25 09:20:53,16477.8,0
2021-05-25 09:20:54,16479.85,0
2021-05-25 09:20:56,16478.4,0
2021-05-25 09:20:59,16477.0,0
2021-05-25 09:21:05,16478.65,0
2021-05-25 09:21:08,16479.7,0
2021-05-25 09:21:09,16478.7,0
2021-05-25 09:21:12,16478.7,0
2021-05-25 09:21:19,16486.85,0
2021-05-25 09:21:20,16489.45,0
2021-05-25 09:21:21,16487.05,0
2021-05-25 09:21:26,16487.05,0
2021-05-25 09:21:27,16487.0,0
2021-05-25 09:21:29,16484.7,0
2021-05-25 09:21:31,16487.65,0
2021-05-25 09:21:32,16488.35,0
2021-05-25 09:21:36,16488.3,0
2021-05-25 09:21:38,16491.4,0
2021-05-25 09:21:40,16492.8,0
2021-05-25 09:21:42,16493.45,0
2021-05-25 09:21:44,16496.85,0
2021-05-25 09:21:47,16495.3,0
2021-05-25 09:21:49,16497.5,0
2021-05-25 09:21:53,16493.6,0
2021-05-25 09:21:56,16490.95,0
2021-05-25 09:21:57,16490.45,0
2021-05-25 09:22:11,16475.8,0
2021-05-25 09:22:13,16477.1,0
2021-05-25 09:22:14,16474.75,0
2021-05-25 09:22:18,16470.75,0
2021-05-25 09:22:19,16472.15,0
2021-05-25 09:22:21,16467.5,0
2021-05-25 09:22:24,16457.4,0
2021-05-25 09:22:25,16458.7,0
2021-05-25 09:22:30,16461.95,0
2021-05-25 09:22:36,16466.5,0
2021-05-25 09:22:38,16461.75,0
2021-05-25 09:22:41,16465.5,0
2021-05-25 09:22:46,16467.35,0
2021-05-25 09:23:00,16472.0,0
2021-05-25 09:23:12,16468.65,0
2021-05-25 09:23:20,16468.5,0
2021-05-25 09:23:21,16467.9,0
2021-05-25 09:23:23,16468.4,0
2021-05-25 09:23:24,16468.7,0
2021-05-25 09:23:27,16468.05,0
2021-05-25 09:23:30,16469.5,0
2021-05-25 09:23:35,16467.75,0
2021-05-25 09:23:37,16468.55,0
2021-05-25 09:23:41,16463.4,0
2021-05-25 09:23:44,16462.2,0
2021-05-25 09:23:48,16460.3,0
2021-05-25 09:23:54,16458.55,0
2021-05-25 09:23:59,16460.15,0
2021-05-25 09:24:01,16463.25,0
2021-05-25 09:24:03,16461.65,0
2021-05-25 09:24:06,16464.25,0
2021-05-25 09:24:13,16465.0,0
2021-05-25 09:24:18,16465.8,0
2021-05-25 09:24:30,16470.7,0
2021-05-25 09:24:35,16471.25,0
2021-05-25 09:24:38,16468.4,0
2021-05-25 09:24:40,16469.1,0
2021-05-25 09:24:42,16469.45,0
2021-05-25 09:24:46,16466.2,0
2021-05-25 09:24:48,16465.85,0
2021-05-25 09:24:57,16465.75,0
2021-05-25 09:24:58,16465.0,0
2021-05-25 09:25:00,16464.65,0
2021-05-25 09:25:01,16464.1,0
2021-05-25 09:25:03,16465.6,0
2021-05-25 09:25:04,16463.75,0
2021-05-25 09:25:07,16466.1,0
2021-05-25 09:25:08,16467.1,0
2021-05-25 09:25:12,16466.45,0
2021-05-25 09:25:14,16468.5,0
2021-05-25 09:25:15,16469.35,0
2021-05-25 09:25:31,16472.9,0
2021-05-25 09:25:32,16475.65,0
2021-05-25 09:25:33,16475.6,0
2021-05-25 09:25:34,16478.05,0
2021-05-25 09:25:37,16478.25,0
2021-05-25 09:25:39,16481.5,0
2021-05-25 09:25:40,16481.1,0
2021-05-25 09:25:42,16483.7,0
2021-05-25 09:25:44,16486.15,0
2021-05-25 09:25:45,16486.65,0
2021-05-25 09:25:48,16483.25,0
2021-05-25 09:25:51,16485.8,0
2021-05-25 09:25:53,16485.9,0
2021-05-25 09:25:55,16486.05,0
2021-05-25 09:25:57,16487.1,0
2021-05-25 09:25:58,16487.15,0
2021-05-25 09:25:59,16484.95,0
2021-05-25 09:26:01,16482.95,0
2021-05-25 09:26:03,16483.75,0
2021-05-25 09:26:04,16482.0,0
2021-05-25 09:26:05,16480.7,0
2021-05-25 09:26:12,16479.0,0
2021-05-25 09:26:14,16478.1,0
2021-05-25 09:26:17,16475.65,0
2021-05-25 09:26:18,16475.8,0
2021-05-25 09:26:22,16476.65,0
2021-05-25 09:26:28,16477.15,0
2021-05-25 09:26:34,16476.0,0
2021-05-25 09:26:36,16475.15,0
2021-05-25 09:26:38,16475.55,0
2021-05-25 09:26:39,16475.7,0
2021-05-25 09:26:41,16477.2,0
2021-05-25 09:26:42,16478.6,0
2021-05-25 09:26:43,16477.65,0
2021-05-25 09:26:46,16476.45,0
2021-05-25 09:26:47,16475.1,0
2021-05-25 09:26:48,16478.15,0
2021-05-25 09:26:51,16477.65,0
2021-05-25 09:26:53,16475.05,0
2021-05-25 09:27:01,16473.1,0
2021-05-25 09:27:02,16473.4,0
2021-05-25 09:27:07,16470.3,0
2021-05-25 09:27:09,16470.05,0
2021-05-25 09:27:13,16473.4,0
2021-05-25 09:27:18,16468.85,0
2021-05-25 09:27:20,16465.95,0
2021-05-25 09:27:25,16463.6,0
2021-05-25 09:27:28,16459.2,0
2021-05-25 09:27:36,16453.1,0
2021-05-25 09:27:38,16450.3,0
2021-05-25 09:27:43,16451.5,0
2021-05-25 09:27:44,16452.5,0
2021-05-25 09:27:47,16453.65,0
2021-05-25 09:27:50,16452.1,0
2021-05-25 09:27:53,16453.15,0
2021-05-25 09:28:00,16455.0,0
2021-05-25 09:28:07,16454.8,0
2021-05-25 09:28:10,16455.4,0
2021-05-25 09:28:13,16450.2,0
2021-05-25 09:28:17,16452.0,0
2021-05-25 09:28:18,16449.85,0
2021-05-25 09:28:20,16450.25,0
2021-05-25 09:28:22,16449.1,0
2021-05-25 09:28:25,16446.65,0
2021-05-25 09:28:35,16455.15,0
2021-05-25 09:28:37,16455.05,0
2021-05-25 09:28:47,16457.15,0
2021-05-25 09:28:49,16456.9,0
2021-05-25 09:28:52,16457.5,0
2021-05-25 09:28:54,16456.15,0
2021-05-25 09:28:57,16457.1,0
2021-05-25 09:28:59,16458.6,0
2021-05-25 09:29:00,16457.9,0
2021-05-25 09:29:01,16457.65,0
2021-05-25 09:29:04,16457.45,0
2021-05-25 09:29:09,16453.4,0
2021-05-25 09:29:12,16449.9,0
2021-05-25 09:29:14,16449.9,0
2021-05-25 09:29:16,16451.1,0
2021-05-25 09:29:18,16450.7,0
2021-05-25 09:29:26,16450.75,0
2021-05-25 09:29:27,16450.4,0
2021-05-25 09:29:31,16453.4,0
2021-05-25 09:29:33,16455.15,0
2021-05-25 09:29:35,16455.5,0
2021-05-25 09:29:38,16453.95,0
2021-05-25 09:29:40,16455.9,0
2021-05-25 09:29:41,16455.8,0
2021-05-25 09:29:42,16455.0,0
2021-05-25 09:29:47,16452.1,0
2021-05-25 09:29:49,16452.65,0
2021-05-25 09:29:50,16453.05,0
2021-05-25 09:29:52,16452.75,0
2021-05-25 09:29:58,16452.15,0
2021-05-25 09:30:00,16450.2,0
2021-05-25 09:30:05,16446.05,0
2021-05-25 09:30:09,16446.7,0
2021-05-25 09:30:14,16453.95,0
2021-05-25 09:30:19,16457.25,0
2021-05-25 09:30:21,16462.3,0
2021-05-25 09:30:22,16466.25,0
2021-05-25 09:30:25,16469.95,0
2021-05-25 09:30:27,16465.65,0
2021-05-25 09:30:35,16461.8,0
2021-05-25 09:30:36,16462.3,0
2021-05-25 09:30:40,16458.2,0
2021-05-25 09:30:41,16456.15,0
2021-05-25 09:30:42,16458.5,0
2021-05-25 09:30:45,16457.8,0
2021-05-25 09:30:46,16458.0,0
2021-05-25 09:30:47,16456.65,0
2021-05-25 09:30:49,16454.9,0
2021-05-25 09:30:51,16453.55,0
2021-05-25 09:30:53,16452.15,0
2021-05-25 09:30:58,16450.15,0
2021-05-25 09:31:01,16446.95,0
2021-05-25 09:31:02,16444.55,0
2021-05-25 09:31:03,16445.9,0
2021-05-25 09:31:04,16446.45,0
2021-05-25 09:31:08,16445.55,0
2021-05-25 09:31:09,16444.0,0
2021-05-25 09:31:14,16436.7,0
2021-05-25 09:31:15,16437.4,0
2021-05-25 09:31:21,16435.5,0
2021-05-25 09:31:22,16436.75,0
2021-05-25 09:31:23,16437.6,0
2021-05-25 09:31:27,16439.7,0
2021-05-25 09:31:28,16440.7,0
2021-05-25 09:31:30,16437.45,0
2021-05-25 09:31:31,16437.35,0
2021-05-25 09:31:33,16437.05,0
2021-05-25 09:31:36,16440.05,0
2021-05-25 09:31:45,16448.95,0
2021-05-25 09:31:47,16447.85,0
2021-05-25 09:31:48,16447.0,0
2021-05-25 09:31:49,16446.55,0
2021-05-25 09:31:51,16447.05,0
2021-05-25 09:31:54,16451.25,0
2021-05-25 09:31:55,16450.4,0
2021-05-25 09:31:57,16450.25,0
2021-05-25 09:32:00,16451.15,0
2021-05-25 09:32:01,16449.25,0
2021-05-25 09:32:05,16444.65,0
2021-05-25 09:32:06,16444.4,0
2021-05-25 09:32:07,16446.8,0
2021-05-25 09:32:08,16446.4,0
2021-05-25 09:32:10,16446.4,0
2021-05-25 09:32:17,16440.7,0
2021-05-25 09:32:26,16437.95,0
2021-05-25 09:32:29,16438.85,0
2021-05-25 09:32:32,16436.7,0
2021-05-25 09:32:34,16436.6,0
2021-05-25 09:32:35,16437.85,0
2021-05-25 09:32:37,16438.25,0
2021-05-25 09:32:38,16436.8,0
2021-05-25 09:32:47,16436.0,0
2021-05-25 09:32:50,16437.05,0
2021-05-25 09:32:51,16438.15,0
2021-05-25 09:32:52,16438.75,0
2021-05-25 09:32:57,16435.55,0
2021-05-25 09:32:59,16437.4,0
2021-05-25 09:33:01,16436.7,0
2021-05-25 09:33:02,16437.15,0
2021-05-25 09:33:03,16437.5,0
2021-05-25 09:33:08,16435.15,0
2021-05-25 09:33:09,16435.45,0
2021-05-25 09:33:10,16435.75,0
2021-05-25 09:33:12,16435.3,0
2021-05-25 09:33:13,16435.2,0
2021-05-25 09:33:14,16434.2,0
2021-05-25 09:33:17,16436.9,0
2021-05-25 09:33:18,16436.35,0
2021-05-25 09:33:19,16437.05,0
2021-05-25 09:33:20,16434.6,0
2021-05-25 09:33:23,16438.65,0
2021-05-25 09:33:26,16441.9,0
2021-05-25 09:33:28,16442.1,0
2021-05-25 09:33:35,16435.4,0
2021-05-25 09:33:39,16435.1,0
2021-05-25 09:33:40,16434.1,0
2021-05-25 09:33:42,16434.6,0
2021-05-25 09:33:43,16434.2,0
2021-05-25 09:33:45,16432.4,0
2021-05-25 09:33:46,16432.15,0
2021-05-25 09:33:47,16431.4,0
2021-05-25 09:33:51,16427.4,0
2021-05-25 09:33:52,16431.65,0
2021-05-25 09:33:54,16427.95,0
2021-05-25 09:33:57,16428.65,0
2021-05-25 09:33:58,16427.9,0
2021-05-25 09:34:00,16426.3,0
2021-05-25 09:34:02,16428.05,0
2021-05-25 09:34:05,16427.3,0
2021-05-25 09:34:08,16426.4,0
2021-05-25 09:34:09,16427.15,0
2021-05-25 09:34:10,16426.1,0
2021-05-25 09:34:14,16425.75,0
2021-05-25 09:34:17,16429.05,0
2021-05-25 09:34:22,16428.0,0
2021-05-25 09:34:25,16429.55,0
2021-05-25 09:34:32,16434.1,0
2021-05-25 09:34:35,16428.75,0
2021-05-25 09:34:37,16431.1,0
2021-05-25 09:34:38,16431.0,0
2021-05-25 09:34:40,16431.8,0
2021-05-25 09:34:46,16431.6,0
2021-05-25 09:34:48,16430.7,0
2021-05-25 09:34:52,16430.95,0
2021-05-25 09:34:53,16429.7,0
2021-05-25 09:34:54,16429.4,0
2021-05-25 09:34:55,16429.05,0
2021-05-25 09:34:59,16431.85,0
2021-05-25 09:35:01,16430.4,0
2021-05-25 09:35:02,16432.05,0
2021-05-25 09:35:03,16431.05,0
2021-05-25 09:35:04,16431.35,0
2021-05-25 09:35:09,16429.7,0
2021-05-25 09:35:11,16427.7,0
2021-05-25 09:35:13,16426.2,0
2021-05-25 09:35:14,16426.35,0
2021-05-25 09:35:22,16421.25,0
2021-05-25 09:35:23,16421.15,0
2021-05-25 09:35:24,16421.65,0
2021-05-25 09:35:30,16426.95,0
2021-05-25 09:35:33,16429.3,0
2021-05-25 09:35:39,16432.25,0
2021-05-25 09:35:40,16431.6,0
2021-05-25 09:35:44,16438.05,0
2021-05-25 09:35:46,16440.95,0
2021-05-25 09:35:50,16445.7,0
2021-05-25 09:35:51,16446.3,0
2021-05-25 09:35:56,16446.9,0
2021-05-25 09:35:59,16443.25,0
2021-05-25 09:36:01,16444.8,0
2021-05-25 09:36:02,16444.95,0
2021-05-25 09:36:03,16443.5,0
2021-05-25 09:36:04,16442.25,0
2021-05-25 09:36:06,16437.55,0
2021-05-25 09:36:10,16437.85,0
2021-05-25 09:36:11,16437.75,0
2021-05-25 09:36:13,16440.0,0
2021-05-25 09:36:15,16440.5,0
2021-05-25 09:36:17,16443.4,0
2021-05-25 09:36:18,16445.55,0
2021-05-25 09:36:19,16445.2,0
2021-05-25 09:36:23,16444.2,0
2021-05-25 09:36:26,16446.1,0
2021-05-25 09:36:31,16448.0,0
2021-05-25 09:36:33,16447.65,0
2021-05-25 09:36:40,16448.4,0
2021-05-25 09:36:44,16451.1,0
2021-05-25 09:36:52,16452.45,0
2021-05-25 09:36:53,16451.5,0
2021-05-25 09:36:58,16448.05,0
2021-05-25 09:37:00,16451.35,0
2021-05-25 09:37:01,16452.3,0
2021-05-25 09:37:03,16452.3,0
2021-05-25 09:37:05,16451.45,0
2021-05-25 09:37:19,16461.25,0
2021-05-25 09:37:23,16460.35,0
2021-05-25 09:37:24,16459.0,0
2021-05-25 09:37:32,16457.55,0
2021-05-25 09:37:36,16458.95,0
2021-05-25 09:37:37,16459.75,0
2021-05-25 09:37:38,16458.55,0
2021-05-25 09:37:40,16459.8,0
2021-05-25 09:37:43,16457.6,0
2021-05-25 09:37:44,16458.5,0
2021-05-25 09:37:46,16458.9,0
2021-05-25 09:37:47,16458.5,0
2021-05-25 09:37:48,16459.15,0
2021-05-25 09:37:50,16457.8,0
2021-05-25 09:37:57,16457.65,0
2021-05-25 09:37:58,16457.35,0
2021-05-25 09:38:02,16453.5,0
2021-05-25 09:38:03,16455.35,0
2021-05-25 09:38:11,16452.4,0
2021-05-25 09:38:12,16452.85,0
2021-05-25 09:38:19,16454.15,0
2021-05-25 09:38:20,16452.35,0
2021-05-25 09:38:21,16454.4,0
2021-05-25 09:38:22,16454.35,0
2021-05-25 09:38:23,16453.85,0
2021-05-25 09:38:24,16454.7,0
2021-05-25 09:38:25,16453.65,0
2021-05-25 09:38:27,16454.3,0
2021-05-25 09:38:28,16453.15,0
2021-05-25 09:38:29,16453.5,0
2021-05-25 09:38:38,16452.8,0
2021-05-25 09:38:40,16452.1,0
2021-05-25 09:38:44,16450.3,0
2021-05-25 09:38:47,16451.9,0
2021-05-25 09:38:49,16452.75,0
2021-05-25 09:38:51,16453.1,0
2021-05-25 09:38:52,16454.2,0
2021-05-25 09:38:54,16452.9,0
2021-05-25 09:38:58,16450.4,0
2021-05-25 09:39:07,16454.55,0
2021-05-25 09:39:10,16455.15,0
2021-05-25 09:39:11,16455.35,0
2021-05-25 09:39:15,16452.95,0
2021-05-25 09:39:22,16454.0,0
2021-05-25 09:39:24,16452.4,0
2021-05-25 09:39:25,16452.05,0
2021-05-25 09:39:26,16452.35,0
2021-05-25 09:39:30,16451.8,0
2021-05-25 09:39:33,16449.65,0
2021-05-25 09:39:35,16450.1,0
2021-05-25 09:39:38,16448.8,0
2021-05-25 09:39:39,16447.8,0
2021-05-25 09:39:42,16447.35,0
2021-05-25 09:39:43,16446.35,0
2021-05-25 09:39:44,16444.6,0
2021-05-25 09:39:45,16444.3,0
2021-05-25 09:39:48,16446.85,0
2021-05-25 09:39:54,16449.45,0
2021-05-25 09:39:55,16449.0,0
2021-05-25 09:39:56,16448.4,0
2021-05-25 09:39:57,16448.25,0
2021-05-25 09:40:02,16449.7,0
2021-05-25 09:40:03,16450.3,0
2021-05-25 09:40:04,16448.65,0
2021-05-25 09:40:05,16448.75,0
2021-05-25 09:40:06,16449.0,0
2021-05-25 09:40:08,16449.45,0
2021-05-25 09:40:09,16447.65,0
2021-05-25 09:40:21,16447.4,0
2021-05-25 09:40:23,16448.65,0
2021-05-25 09:40:28,16447.25,0
2021-05-25 09:40:29,16444.95,0
2021-05-25 09:40:34,16443.95,0
2021-05-25 09:40:39,16444.15,0
2021-05-25 09:40:42,16443.2,0
2021-05-25 09:40:49,16442.8,0
2021-05-25 09:40:52,16441.7,0
2021-05-25 09:40:56,16440.65,0
2021-05-25 09:41:00,16439.75,0
2021-05-25 09:41:02,16439.95,0
2021-05-25 09:41:03,16439.25,0
2021-05-25 09:41:05,16440.4,0
2021-05-25 09:41:07,16438.75,0
2021-05-25 09:41:09,16439.0,0
2021-05-25 09:41:12,16436.4,0
2021-05-25 09:41:15,16433.35,0
2021-05-25 09:41:17,16433.15,0
2021-05-25 09:41:21,16433.55,0
2021-05-25 09:41:23,16433.15,0
2021-05-25 09:41:24,16431.2,0
2021-05-25 09:41:26,16432.15,0
2021-05-25 09:41:33,16433.1,0
2021-05-25 09:41:34,16431.7,0
2021-05-25 09:41:36,16430.2,0
2021-05-25 09:41:37,16430.65,0
2021-05-25 09:41:39,16430.15,0
2021-05-25 09:41:42,16427.15,0
2021-05-25 09:41:43,16425.1,0
2021-05-25 09:41:49,16425.05,0
2021-05-25 09:41:51,16427.0,0
2021-05-25 09:41:52,16428.6,0
2021-05-25 09:41:54,16428.3,0
2021-05-25 09:41:55,16430.1,0
2021-05-25 09:41:57,16429.35,0
2021-05-25 09:42:00,16431.15,0
2021-05-25 09:42:08,16428.9,0
2021-05-25 09:42:16,16426.2,0
2021-05-25 09:42:17,16425.15,0
2021-05-25 09:42:19,16427.55,0
2021-05-25 09:42:21,16427.6,0
2021-05-25 09:42:25,16428.05,0
2021-05-25 09:42:27,16426.4,0
2021-05-25 09:42:29,16425.65,0
2021-05-25 09:42:31,16427.9,0
2021-05-25 09:42:46,16427.65,0
2021-05-25 09:42:47,16426.25,0
2021-05-25 09:42:49,16428.35,0
2021-05-25 09:42:52,16427.3,0
2021-05-25 09:42:53,16427.4,0
2021-05-25 09:42:55,16428.25,0
2021-05-25 09:42:57,16428.1,0
2021-05-25 09:42:59,16430.95,0
2021-05-25 09:43:00,16430.55,0
2021-05-25 09:43:02,16431.0,0
2021-05-25 09:43:04,16431.6,0
2021-05-25 09:43:05,16434.65,0
2021-05-25 09:43:06,16437.1,0
2021-05-25 09:43:09,16437.5,0
2021-05-25 09:43:10,16436.5,0
2021-05-25 09:43:16,16436.5,0
2021-05-25 09:43:19,16437.1,0
2021-05-25 09:43:20,16436.9,0
2021-05-25 09:43:22,16435.85,0
2021-05-25 09:43:24,16436.0,0
2021-05-25 09:43:25,16435.2,0
2021-05-25 09:43:27,16435.5,0
2021-05-25 09:43:29,16432.85,0
2021-05-25 09:43:34,16429.1,0
2021-05-25 09:43:35,16428.7,0
2021-05-25 09:43:36,16427.95,0
2021-05-25 09:43:38,16427.55,0
2021-05-25 09:43:41,16427.1,0
2021-05-25 09:43:45,16427.15,0
2021-05-25 09:43:47,16431.0,0
2021-05-25 09:43:50,16429.0,0
2021-05-25 09:43:52,16426.3,0
2021-05-25 09:43:53,16426.45,0
2021-05-25 09:43:56,16427.6,0
2021-05-25 09:44:07,16423.9,0
2021-05-25 09:44:09,16423.95,0
2021-05-25 09:44:10,16422.7,0
2021-05-25 09:44:13,16423.25,0
2021-05-25 09:44:14,16422.7,0
2021-05-25 09:44:15,16422.1,0
2021-05-25 09:44:16,16424.05,0
2021-05-25 09:44:19,16424.15,0
2021-05-25 09:44:21,16423.3,0
2021-05-25 09:44:23,16420.75,0
2021-05-25 09:44:24,16422.5,0
2021-05-25 09:44:33,16417.8,0
2021-05-25 09:44:34,16416.55,0
2021-05-25 09:44:36,16415.35,0
2021-05-25 09:44:38,16417.1,0
2021-05-25 09:44:40,16418.45,0
2021-05-25 09:44:44,16419.75,0
2021-05-25 09:44:47,16423.55,0
2021-05-25 09:44:53,16422.55,0
2021-05-25 09:44:58,16428.9,0
2021-05-25 09:44:59,16426.65,0
2021-05-25 09:45:02,16427.1,0
2021-05-25 09:45:09,16424.0,0
2021-05-25 09:45:15,16417.95,0
2021-05-25 09:45:19,16416.8,0
2021-05-25 09:45:21,16419.2,0
2021-05-25 09:45:25,16420.45,0
2021-05-25 09:45:31,16420.05,0
2021-05-25 09:45:34,16421.85,0
2021-05-25 09:45:36,16420.35,0
2021-05-25 09:45:39,16421.4,0
2021-05-25 09:45:48,16426.05,0
2021-05-25 09:45:49,16424.4,0
2021-05-25 09:45:56,16423.55,0
2021-05-25 09:45:58,16420.9,0
2021-05-25 09:46:00,16421.75,0
2021-05-25 09:46:01,16420.65,0
2021-05-25 09:46:02,16423.15,0
2021-05-25 09:46:04,16421.5,0
2021-05-25 09:46:07,16421.65,0
2021-05-25 09:46:08,16420.4,0
2021-05-25 09:46:12,16419.85,0
2021-05-25 09:46:13,16418.8,0
2021-05-25 09:46:17,16419.7,0
2021-05-25 09:46:24,16419.95,0
2021-05-25 09:46:26,16420.7,0
2021-05-25 09:46:33,16418.1,0
2021-05-25 09:46:35,16418.1,0
2021-05-25 09:46:36,16416.9,0
2021-05-25 09:46:43,16420.0,0
2021-05-25 09:46:46,16419.45,0
2021-05-25 09:46:50,16418.9,0
2021-05-25 09:46:53,16418.45,0
2021-05-25 09:46:54,16416.7,0
2021-05-25 09:46:57,16418.55,0
2021-05-25 09:46:59,16418.75,0
2021-05-25 09:47:00,16416.4,0
2021-05-25 09:47:05,16412.8,0
2021-05-25 09:47:06,16408.1,0
2021-05-25 09:47:07,16407.85,0
2021-05-25 09:47:14,16408.4,0
2021-05-25 09:47:18,16405.6,0
2021-05-25 09:47:21,16402.95,0
2021-05-25 09:47:23,16402.75,0
2021-05-25 09:47:24,16402.45,0
2021-05-25 09:47:25,16402.6,0
2021-05-25 09:47:28,16406.1,0
2021-05-25 09:47:29,16407.6,0
2021-05-25 09:47:30,16407.9,0
2021-05-25 09:47:31,16407.3,0
2021-05-25 09:47:32,16408.25,0
2021-05-25 09:47:37,16407.25,0
2021-05-25 09:47:40,16408.3,0
2021-05-25 09:47:43,16408.1,0
2021-05-25 09:47:46,16408.5,0
2021-05-25 09:47:47,16407.85,0
2021-05-25 09:47:48,16406.95,0
2021-05-25 09:47:50,16408.75,0
2021-05-25 09:47:53,16407.4,0
2021-05-25 09:47:56,16409.1,0
2021-05-25 09:48:01,16407.5,0
2021-05-25 09:48:03,16406.85,0
2021-05-25 09:48:06,16407.1,0
2021-05-25 09:48:07,16407.15,0
2021-05-25 09:48:19,16407.05,0
2021-05-25 09:48:22,16405.4,0
2021-05-25 09:48:26,16405.25,0
2021-05-25 09:48:27,16405.95,0
2021-05-25 09:48:32,16403.6,0
2021-05-25 09:48:35,16404.1,0
2021-05-25 09:48:41,16406.45,0
2021-05-25 09:48:44,16405.3,0
2021-05-25 09:48:50,16406.8,0
2021-05-25 09:48:54,16405.25,0
2021-05-25 09:49:00,16403.65,0
2021-05-25 09:49:01,16404.15,0
2021-05-25 09:49:02,16403.55,0
2021-05-25 09:49:08,16402.3,0
2021-05-25 09:49:09,16400.8,0
2021-05-25 09:49:10,16402.9,0
2021-05-25 09:49:13,16403.7,0
2021-05-25 09:49:15,16402.5,0
2021-05-25 09:49:16,16403.0,0
2021-05-25 09:49:25,16401.2,0
2021-05-25 09:49:28,16401.8,0
2021-05-25 09:49:38,16401.45,0
2021-05-25 09:49:44,16403.05,0
2021-05-25 09:49:46,16403.8,0
2021-05-25 09:49:47,16404.5,0
2021-05-25 09:49:50,16404.4,0
2021-05-25 09:49:52,16402.95,0
2021-05-25 09:49:54,16401.7,0
2021-05-25 09:49:57,16401.45,0
2021-05-25 09:49:58,16402.3,0
2021-05-25 09:50:00,16401.55,0
2021-05-25 09:50:01,16400.9,0
2021-05-25 09:50:08,16415.5,0
2021-05-25 09:50:09,16415.75,0
2021-05-25 09:50:12,16419.25,0
2021-05-25 09:50:16,16416.15,0
2021-05-25 09:50:19,16415.45,0
2021-05-25 09:50:21,16414.05,0
2021-05-25 09:50:22,16413.2,0
2021-05-25 09:50:23,16412.9,0
2021-05-25 09:50:29,16413.85,0
2021-05-25 09:50:31,16419.6,0
2021-05-25 09:50:32,16417.8,0
2021-05-25 09:50:33,16414.5,0
2021-05-25 09:50:34,16419.9,0
2021-05-25 09:50:35,16418.55,0
2021-05-25 09:50:36,16424.2,0
2021-05-25 09:50:37,16421.85,0
2021-05-25 09:50:41,16425.35,0
2021-05-25 09:50:43,16423.15,0
2021-05-25 09:50:44,16424.65,0
2021-05-25 09:50:46,16422.75,0
2021-05-25 09:50:47,16420.15,0
2021-05-25 09:50:48,16421.2,0
2021-05-25 09:50:50,16419.9,0
2021-05-25 09:50:56,16419.05,0
2021-05-25 09:50:58,16418.45,0
2021-05-25 09:50:59,16417.4,0
2021-05-25 09:51:04,16417.15,0
2021-05-25 09:51:07,16417.85,0
2021-05-25 09:51:13,16410.1,0
2021-05-25 09:51:16,16412.15,0
2021-05-25 09:51:18,16410.9,0
2021-05-25 09:51:19,16412.15,0
2021-05-25 09:51:20,16411.7,0
2021-05-25 09:51:22,16410.55,0
2021-05-25 09:51:26,16407.75,0
2021-05-25 09:51:35,16399.45,0
2021-05-25 09:51:37,16399.55,0
2021-05-25 09:51:41,16398.5,0
2021-05-25 09:51:44,16398.85,0
2021-05-25 09:51:52,16389.5,0
2021-05-25 09:51:53,16390.0,0
2021-05-25 09:51:57,16385.3,0
2021-05-25 09:51:58,16387.25,0
2021-05-25 09:52:03,16391.75,0
2021-05-25 09:52:10,16389.55,0
2021-05-25 09:52:12,16389.3,0
2021-05-25 09:52:13,16388.2,0
2021-05-25 09:52:15,16391.85,0
2021-05-25 09:52:17,16388.75,0
2021-05-25 09:52:21,16390.2,0
2021-05-25 09:52:22,16394.8,0
2021-05-25 09:52:27,16391.85,0
2021-05-25 09:52:33,16392.25,0
2021-05-25 09:52:39,16390.1,0
2021-05-25 09:52:42,16389.7,0
2021-05-25 09:52:43,16390.85,0
2021-05-25 09:52:46,16390.05,0
2021-05-25 09:52:47,16391.15,0
2021-05-25 09:52:49,16390.75,0
2021-05-25 09:52:50,16391.7,0
2021-05-25 09:52:51,16391.35,0
2021-05-25 09:52:52,16391.95,0
2021-05-25 09:52:57,16392.55,0
2021-05-25 09:53:01,16392.4,0
2021-05-25 09:53:02,16391.85,0
2021-05-25 09:53:03,16391.95,0
2021-05-25 09:53:06,16392.35,0
2021-05-25 09:53:08,16391.15,0
2021-05-25 09:53:10,16391.75,0
2021-05-25 09:53:12,16391.3,0
2021-05-25 09:53:15,16391.0,0
2021-05-25 09:53:19,16391.1,0
2021-05-25 09:53:26,16397.4,0
2021-05-25 09:53:29,16394.3,0
2021-05-25 09:53:30,16392.4,0
2021-05-25 09:53:31,16392.1,0
2021-05-25 09:53:32,16394.85,0
2021-05-25 09:53:47,16399.65,0
2021-05-25 09:53:49,16400.1,0
2021-05-25 09:53:52,16399.7,0
2021-05-25 09:53:55,16398.8,0
2021-05-25 09:53:58,16401.25,0
2021-05-25 09:53:59,16403.35,0
2021-05-25 09:54:07,16402.35,0
2021-05-25 09:54:08,16401.5,0
2021-05-25 09:54:09,16401.65,0
2021-05-25 09:54:11,16400.35,0
2021-05-25 09:54:30,16399.1,0
2021-05-25 09:54:37,16399.3,0
2021-05-25 09:54:40,16398.9,0
2021-05-25 09:54:41,16397.55,0
2021-05-25 09:54:42,16399.55,0
2021-05-25 09:54:47,16398.0,0
2021-05-25 09:54:48,16397.75,0
2021-05-25 09:54:49,16398.35,0
2021-05-25 09:54:51,16395.65,0
2021-05-25 09:54:53,16395.6,0
2021-05-25 09:54:52,16396.2,0
2021-05-25 09:54:56,16394.05,0
2021-05-25 09:55:01,16392.2,0
2021-05-25 09:55:03,16391.75,0
2021-05-25 09:55:06,16393.3,0
2021-05-25 09:55:07,16392.55,0
2021-05-25 09:55:09,16392.25,0
2021-05-25 09:55:10,16391.9,0
2021-05-25 09:55:16,16393.15,0
2021-05-25 09:55:20,16394.0,0
2021-05-25 09:55:22,16396.2,0
2021-05-25 09:55:24,16401.3,0
2021-05-25 09:55:26,16399.75,0
2021-05-25 09:55:27,16399.85,0
2021-05-25 09:55:29,16395.8,0
2021-05-25 09:55:31,16392.8,0
2021-05-25 09:55:32,16394.3,0
2021-05-25 09:55:33,16394.95,0
2021-05-25 09:55:36,16397.45,0
2021-05-25 09:55:38,16398.05,0
2021-05-25 09:55:39,16395.15,0
2021-05-25 09:55:43,16396.15,0
2021-05-25 09:55:45,16395.5,0
2021-05-25 09:55:49,16394.5,0
2021-05-25 09:55:56,16395.95,0
2021-05-25 09:55:57,16398.4,0
2021-05-25 09:56:00,16397.35,0
2021-05-25 09:56:01,16397.45,0
2021-05-25 09:56:02,16395.6,0
2021-05-25 09:56:04,16396.3,0
2021-05-25 09:56:05,16397.0,0
2021-05-25 09:56:07,16393.4,0
2021-05-25 09:56:11,16395.3,0
2021-05-25 09:56:12,16394.55,0
2021-05-25 09:56:13,16394.2,0
2021-05-25 09:56:16,16398.35,0
2021-05-25 09:56:19,16395.75,0
2021-05-25 09:56:20,16395.95,0
2021-05-25 09:56:21,16397.1,0
2021-05-25 09:56:28,16398.8,0
2021-05-25 09:56:33,16397.35,0
2021-05-25 09:56:44,16396.1,0
2021-05-25 09:56:49,16398.35,0
2021-05-25 09:56:50,16397.65,0
2021-05-25 09:56:51,16396.35,0
2021-05-25 09:56:58,16395.35,0
2021-05-25 09:57:01,16396.35,0
2021-05-25 09:57:02,16395.55,0
2021-05-25 09:57:04,16396.85,0
2021-05-25 09:57:08,16394.85,0
2021-05-25 09:57:09,16394.95,0
2021-05-25 09:57:13,16395.6,0
2021-05-25 09:57:14,16395.2,0
2021-05-25 09:57:20,16394.35,0
2021-05-25 09:57:26,16396.0,0
2021-05-25 09:57:29,16395.7,0
2021-05-25 09:57:32,16395.2,0
2021-05-25 09:57:34,16395.45,0
2021-05-25 09:57:35,16396.05,0
2021-05-25 09:57:36,16395.35,0
2021-05-25 09:57:43,16398.1,0
2021-05-25 09:57:45,16397.6,0
2021-05-25 09:57:46,16397.55,0
2021-05-25 09:57:49,16395.15,0
2021-05-25 09:57:50,16396.35,0
2021-05-25 09:57:52,16396.1,0
2021-05-25 09:57:53,16397.8,0
2021-05-25 09:57:57,16398.65,0
2021-05-25 09:58:01,16396.15,0
2021-05-25 09:58:03,16395.3,0
2021-05-25 09:58:04,16395.75,0
2021-05-25 09:58:06,16394.2,0
2021-05-25 09:58:08,16393.7,0
2021-05-25 09:58:18,16394.65,0
2021-05-25 09:58:19,16394.4,0
2021-05-25 09:58:20,16396.2,0
2021-05-25 09:58:25,16397.05,0
2021-05-25 09:58:27,16396.25,0
2021-05-25 09:58:31,16397.2,0
2021-05-25 09:58:33,16398.05,0
2021-05-25 09:58:34,16398.5,0
2021-05-25 09:58:36,16399.1,0
2021-05-25 09:58:38,16397.9,0
2021-05-25 09:58:40,16398.15,0
2021-05-25 09:58:43,16397.75,0
2021-05-25 09:58:50,16396.75,0
2021-05-25 09:58:52,16398.6,0
2021-05-25 09:58:54,16397.45,0
2021-05-25 09:58:58,16395.85,0
2021-05-25 09:59:01,16396.5,0
2021-05-25 09:59:04,16396.8,0
2021-05-25 09:59:07,16397.1,0
2021-05-25 09:59:08,16395.55,0
2021-05-25 09:59:09,16396.3,0
2021-05-25 09:59:10,16395.45,0
2021-05-25 09:59:13,16397.75,0
2021-05-25 09:59:17,16402.85,0
2021-05-25 09:59:19,16400.9,0
2021-05-25 09:59:20,16401.0,0
2021-05-25 09:59:23,16401.3,0
2021-05-25 09:59:25,16401.25,0
2021-05-25 09:59:26,16401.7,0
2021-05-25 09:59:27,16400.55,0
2021-05-25 09:59:28,16400.95,0
2021-05-25 09:59:29,16400.65,0
2021-05-25 09:59:30,16400.75,0
2021-05-25 09:59:34,16401.0,0
2021-05-25 09:59:35,16401.15,0
2021-05-25 09:59:38,16400.25,0
2021-05-25 09:59:41,16399.45,0
2021-05-25 09:59:44,16400.65,0
2021-05-25 10:00:04,16402.8,0
2021-05-25 10:00:07,16402.9,0
2021-05-25 10:00:09,16404.35,0
2021-05-25 10:00:12,16402.8,0
2021-05-25 10:00:14,16402.2,0
2021-05-25 10:00:16,16402.7,0
2021-05-25 10:00:18,16403.8,0
2021-05-25 10:00:19,16404.45,0
2021-05-25 10:00:20,16402.95,0
2021-05-25 10:00:23,16407.15,0
2021-05-25 10:00:31,16406.8,0
2021-05-25 10:00:35,16413.85,0
2021-05-25 10:00:36,16414.75,0
2021-05-25 10:00:39,16415.2,0
2021-05-25 10:00:42,16412.4,0
2021-05-25 10:00:43,16412.2,0
2021-05-25 10:00:50,16412.95,0
2021-05-25 10:00:51,16412.75,0
2021-05-25 10:00:56,16414.15,0
2021-05-25 10:00:58,16414.95,0
2021-05-25 10:01:01,16414.7,0
2021-05-25 10:01:08,16418.3,0
2021-05-25 10:01:12,16421.4,0
2021-05-25 10:01:22,16416.75,0
2021-05-25 10:01:26,16417.05,0
2021-05-25 10:01:27,16415.5,0
2021-05-25 10:01:28,16413.75,0
2021-05-25 10:01:31,16412.7,0
2021-05-25 10:01:32,16413.35,0
2021-05-25 10:01:33,16412.25,0
2021-05-25 10:01:37,16412.6,0
2021-05-25 10:01:40,16410.6,0
2021-05-25 10:01:41,16412.05,0
2021-05-25 10:01:46,16409.35,0
2021-05-25 10:01:49,16412.25,0
2021-05-25 10:01:56,16410.4,0
2021-05-25 10:01:57,16411.7,0
2021-05-25 10:01:58,16409.9,0
2021-05-25 10:01:59,16409.95,0
2021-05-25 10:02:00,16410.45,0
2021-05-25 10:02:04,16409.95,0
2021-05-25 10:02:05,16411.95,0
2021-05-25 10:02:07,16409.5,0
2021-05-25 10:02:08,16410.0,0
2021-05-25 10:02:09,16408.5,0
2021-05-25 10:02:13,16409.95,0
2021-05-25 10:02:14,16409.4,0
2021-05-25 10:02:19,16411.75,0
2021-05-25 10:02:20,16411.2,0
2021-05-25 10:02:22,16414.5,0
2021-05-25 10:02:23,16413.4,0
2021-05-25 10:02:26,16413.95,0
2021-05-25 10:02:28,16413.6,0
2021-05-25 10:02:29,16414.2,0
2021-05-25 10:02:30,16414.25,0
2021-05-25 10:02:32,16414.85,0
2021-05-25 10:02:36,16415.6,0
2021-05-25 10:02:41,16415.2,0
2021-05-25 10:02:45,16418.55,0
2021-05-25 10:02:46,16418.35,0
2021-05-25 10:02:47,16417.7,0
2021-05-25 10:02:48,16417.35,0
2021-05-25 10:02:59,16415.65,0
2021-05-25 10:03:06,16415.75,0
2021-05-25 10:03:13,16414.1,0
2021-05-25 10:03:28,16411.1,0
2021-05-25 10:03:32,16413.2,0
2021-05-25 10:03:37,16413.5,0
2021-05-25 10:03:38,16410.35,0
2021-05-25 10:03:43,16413.1,0
2021-05-25 10:03:47,16413.85,0
2021-05-25 10:03:48,16413.6,0
2021-05-25 10:03:51,16413.5,0
2021-05-25 10:03:53,16412.65,0
2021-05-25 10:03:54,16414.2,0
2021-05-25 10:04:06,16415.65,0
2021-05-25 10:04:08,16413.8,0
2021-05-25 10:04:10,16413.65,0
2021-05-25 10:04:18,16414.8,0
2021-05-25 10:04:19,16415.45,0
2021-05-25 10:04:21,16416.9,0
2021-05-25 10:04:24,16415.55,0
2021-05-25 10:04:26,16416.15,0
2021-05-25 10:04:32,16415.0,0
2021-05-25 10:04:36,16414.7,0
2021-05-25 10:04:41,16412.45,0
2021-05-25 10:04:47,16415.5,0
2021-05-25 10:04:55,16413.85,0
2021-05-25 10:04:56,16412.3,0
2021-05-25 10:04:57,16413.0,0
2021-05-25 10:04:58,16412.6,0
2021-05-25 10:04:59,16412.95,0
2021-05-25 10:05:01,16413.55,0
2021-05-25 10:05:04,16412.5,0
2021-05-25 10:05:11,16411.7,0
2021-05-25 10:05:15,16409.2,0
2021-05-25 10:05:17,16409.45,0
2021-05-25 10:05:20,16407.35,0
2021-05-25 10:05:22,16409.0,0
2021-05-25 10:05:28,16406.05,0
2021-05-25 10:05:39,16402.1,0
2021-05-25 10:05:40,16406.45,0
2021-05-25 10:05:42,16406.0,0
2021-05-25 10:05:59,16400.65,0
2021-05-25 10:06:00,16401.0,0
2021-05-25 10:06:04,16405.55,0
2021-05-25 10:06:05,16404.5,0
2021-05-25 10:06:08,16407.25,0
2021-05-25 10:06:11,16405.9,0
2021-05-25 10:06:12,16404.9,0
2021-05-25 10:06:13,16404.25,0
2021-05-25 10:06:20,16403.4,0
2021-05-25 10:06:22,16401.4,0
2021-05-25 10:06:24,16399.95,0
2021-05-25 10:06:30,16396.0,0
2021-05-25 10:06:31,16397.45,0
2021-05-25 10:06:32,16397.85,0
2021-05-25 10:06:34,16397.5,0
2021-05-25 10:06:35,16397.55,0
2021-05-25 10:06:42,16397.4,0
2021-05-25 10:06:43,16396.25,0
2021-05-25 10:06:44,16397.6,0
2021-05-25 10:06:47,16397.3,0
2021-05-25 10:06:52,16395.25,0
2021-05-25 10:06:55,16397.35,0
2021-05-25 10:06:56,16395.25,0
2021-05-25 10:06:58,16394.0,0
2021-05-25 10:06:59,16393.4,0
2021-05-25 10:07:00,16392.55,0
2021-05-25 10:07:02,16392.65,0
2021-05-25 10:07:04,16393.75,0
2021-05-25 10:07:05,16393.95,0
2021-05-25 10:07:06,16393.9,0
2021-05-25 10:07:07,16393.4,0
2021-05-25 10:07:16,16396.1,0
2021-05-25 10:07:18,16395.2,0
2021-05-25 10:07:28,16393.1,0
2021-05-25 10:07:29,16394.15,0
2021-05-25 10:07:33,16393.3,0
2021-05-25 10:07:34,16392.7,0
2021-05-25 10:07:35,16394.2,0
2021-05-25 10:07:36,16394.15,0
2021-05-25 10:07:38,16393.65,0
2021-05-25 10:07:39,16394.3,0
2021-05-25 10:07:40,16392.0,0
2021-05-25 10:07:44,16396.85,0
2021-05-25 10:07:45,16396.35,0
2021-05-25 10:07:59,16395.7,0
2021-05-25 10:08:00,16397.1,0
2021-05-25 10:08:01,16397.25,0
2021-05-25 10:08:02,16397.55,0
2021-05-25 10:08:04,16397.2,0
2021-05-25 10:08:05,16397.4,0
2021-05-25 10:08:08,16397.55,0
2021-05-25 10:08:12,16398.9,0
2021-05-25 10:08:13,16398.2,0
2021-05-25 10:08:15,16397.85,0
2021-05-25 10:08:18,16399.85,0
2021-05-25 10:08:22,16397.55,0
2021-05-25 10:08:25,16396.45,0
2021-05-25 10:08:27,16395.2,0
2021-05-25 10:08:29,16394.95,0
2021-05-25 10:08:30,16395.0,0
2021-05-25 10:08:31,16394.15,0
2021-05-25 10:08:33,16394.2,0
2021-05-25 10:08:34,16394.6,0
2021-05-25 10:08:35,16395.65,0
2021-05-25 10:08:36,16395.0,0
2021-05-25 10:08:40,16395.15,0
2021-05-25 10:08:43,16397.35,0
2021-05-25 10:08:46,16398.7,0
2021-05-25 10:08:49,16396.5,0
2021-05-25 10:08:50,16404.55,0
2021-05-25 10:09:01,16402.85,0
2021-05-25 10:09:04,16399.0,0
2021-05-25 10:09:06,16399.85,0
2021-05-25 10:09:07,16399.05,0
2021-05-25 10:09:14,16398.3,0
2021-05-25 10:09:15,16399.95,0
2021-05-25 10:09:16,16399.05,0
2021-05-25 10:09:17,16400.1,0
2021-05-25 10:09:19,16404.0,0
2021-05-25 10:09:21,16402.95,0
2021-05-25 10:09:23,16403.3,0
2021-05-25 10:09:24,16402.85,0
2021-05-25 10:09:26,16403.05,0
2021-05-25 10:09:29,16402.9,0
2021-05-25 10:09:36,16401.7,0
2021-05-25 10:09:38,16402.35,0
2021-05-25 10:09:41,16404.35,0
2021-05-25 10:09:42,16404.5,0
2021-05-25 10:09:45,16403.4,0
2021-05-25 10:09:46,16402.2,0
2021-05-25 10:09:55,16403.45,0
2021-05-25 10:09:56,16403.5,0
2021-05-25 10:09:57,16403.0,0
2021-05-25 10:10:00,16402.6,0
2021-05-25 10:10:03,16402.7,0
2021-05-25 10:10:05,16405.6,0
2021-05-25 10:10:08,16404.0,0
2021-05-25 10:10:12,16406.45,0
2021-05-25 10:10:16,16406.65,0
2021-05-25 10:10:17,16405.55,0
2021-05-25 10:10:22,16406.2,0
2021-05-25 10:10:23,16408.2,0
2021-05-25 10:10:24,16408.15,0
2021-05-25 10:10:33,16407.4,0
2021-05-25 10:10:35,16405.95,0
2021-05-25 10:10:36,16407.8,0
2021-05-25 10:10:43,16406.75,0
2021-05-25 10:10:48,16407.3,0
2021-05-25 10:10:51,16406.75,0
2021-05-25 10:10:53,16404.9,0
2021-05-25 10:10:57,16403.75,0
2021-05-25 10:10:58,16404.3,0
2021-05-25 10:10:59,16403.9,0
2021-05-25 10:11:01,16404.25,0
2021-05-25 10:11:07,16401.15,0
2021-05-25 10:11:12,16401.95,0
2021-05-25 10:11:13,16400.75,0
2021-05-25 10:11:17,16399.15,0
2021-05-25 10:11:18,16399.7,0
2021-05-25 10:11:20,16401.25,0
2021-05-25 10:11:21,16399.0,0
2021-05-25 10:11:22,16400.7,0
2021-05-25 10:11:35,16398.05,0
2021-05-25 10:11:36,16396.95,0
2021-05-25 10:11:38,16398.95,0
2021-05-25 10:11:39,16396.85,0
2021-05-25 10:11:41,16399.1,0
2021-05-25 10:11:43,16398.15,0
2021-05-25 10:11:45,16398.85,0
2021-05-25 10:11:47,16399.35,0
2021-05-25 10:11:48,16398.5,0
2021-05-25 10:11:50,16399.6,0
2021-05-25 10:11:51,16398.7,0
2021-05-25 10:11:53,16398.15,0
2021-05-25 10:11:55,16401.3,0
2021-05-25 10:11:56,16401.55,0
2021-05-25 10:11:58,16402.35,0
2021-05-25 10:12:06,16402.35,0
2021-05-25 10:12:07,16402.05,0
2021-05-25 10:12:09,16400.85,0
2021-05-25 10:12:11,16400.35,0
2021-05-25 10:12:13,16401.0,0
2021-05-25 10:12:16,16402.45,0
2021-05-25 10:12:18,16401.4,0
2021-05-25 10:12:24,16402.4,0
2021-05-25 10:12:25,16402.1,0
2021-05-25 10:12:29,16400.4,0
2021-05-25 10:12:31,16401.25,0
2021-05-25 10:12:36,16401.55,0
2021-05-25 10:12:40,16404.65,0
2021-05-25 10:12:41,16404.2,0
2021-05-25 10:12:42,16404.6,0
2021-05-25 10:12:43,16404.4,0
2021-05-25 10:12:44,16403.95,0
2021-05-25 10:12:45,16403.6,0
2021-05-25 10:12:53,16402.35,0
2021-05-25 10:12:54,16401.9,0
2021-05-25 10:12:58,16403.6,0
2021-05-25 10:12:59,16404.0,0
2021-05-25 10:13:02,16404.6,0
2021-05-25 10:13:05,16404.1,0
2021-05-25 10:13:08,16402.55,0
2021-05-25 10:13:09,16401.35,0
2021-05-25 10:13:12,16399.4,0
2021-05-25 10:13:13,16399.25,0
2021-05-25 10:13:14,16400.1,0
2021-05-25 10:13:23,16399.15,0
2021-05-25 10:13:25,16400.35,0
2021-05-25 10:13:31,16400.05,0
2021-05-25 10:13:36,16399.8,0
2021-05-25 10:13:42,16400.85,0
2021-05-25 10:13:43,16401.05,0
2021-05-25 10:13:44,16400.45,0
2021-05-25 10:13:45,16400.65,0
2021-05-25 10:13:47,16399.3,0
2021-05-25 10:13:48,16398.75,0
2021-05-25 10:13:52,16399.3,0
2021-05-25 10:13:55,16398.65,0
2021-05-25 10:13:56,16398.6,0
2021-05-25 10:13:59,16398.8,0
2021-05-25 10:14:00,16398.35,0
2021-05-25 10:14:09,16398.0,0
2021-05-25 10:14:12,16399.05,0
2021-05-25 10:14:13,16396.15,0
2021-05-25 10:14:15,16395.75,0
2021-05-25 10:14:16,16396.75,0
2021-05-25 10:14:17,16398.05,0
2021-05-25 10:14:21,16395.3,0
2021-05-25 10:14:22,16396.15,0
2021-05-25 10:14:24,16396.25,0
2021-05-25 10:14:27,16397.8,0
2021-05-25 10:14:28,16396.0,0
2021-05-25 10:14:30,16393.4,0
2021-05-25 10:14:32,16392.7,0
2021-05-25 10:14:34,16394.95,0
2021-05-25 10:14:37,16394.65,0
2021-05-25 10:14:39,16394.35,0
2021-05-25 10:14:42,16394.3,0
2021-05-25 10:14:46,16394.45,0
2021-05-25 10:14:47,16393.2,0
2021-05-25 10:14:48,16394.05,0
2021-05-25 10:14:50,16393.6,0
2021-05-25 10:14:57,16392.4,0
2021-05-25 10:14:58,16392.85,0
2021-05-25 10:15:03,16394.6,0
2021-05-25 10:15:04,16395.9,0
2021-05-25 10:15:12,16397.9,0
2021-05-25 10:15:14,16397.25,0
2021-05-25 10:15:20,16394.85,0
2021-05-25 10:15:27,16394.7,0
2021-05-25 10:15:31,16395.65,0
2021-05-25 10:15:35,16396.1,0
2021-05-25 10:15:38,16394.95,0
2021-05-25 10:15:40,16394.4,0
2021-05-25 10:15:42,16394.95,0
2021-05-25 10:15:45,16396.15,0
2021-05-25 10:15:49,16394.6,0
2021-05-25 10:15:51,16395.3,0
2021-05-25 10:15:52,16395.3,0
2021-05-25 10:15:53,16395.3,0
2021-05-25 10:15:55,16396.05,0
2021-05-25 10:15:57,16395.2,0
2021-05-25 10:16:00,16393.8,0
2021-05-25 10:16:02,16391.1,0
2021-05-25 10:16:07,16386.55,0
2021-05-25 10:16:11,16388.85,0
2021-05-25 10:16:13,16388.6,0
2021-05-25 10:16:20,16389.0,0
2021-05-25 10:16:21,16389.95,0
2021-05-25 10:16:27,16390.35,0
2021-05-25 10:16:29,16389.1,0
2021-05-25 10:16:33,16390.9,0
2021-05-25 10:16:34,16389.9,0
2021-05-25 10:16:36,16391.7,0
2021-05-25 10:16:38,16391.45,0
2021-05-25 10:16:40,16391.75,0
2021-05-25 10:16:42,16392.05,0
2021-05-25 10:16:45,16393.35,0
2021-05-25 10:16:46,16394.5,0
2021-05-25 10:16:48,16392.05,0
2021-05-25 10:16:52,16394.25,0
2021-05-25 10:16:56,16393.9,0
2021-05-25 10:16:58,16394.4,0
2021-05-25 10:17:01,16394.9,0
2021-05-25 10:17:07,16393.4,0
2021-05-25 10:17:08,16392.25,0
2021-05-25 10:17:09,16392.9,0
2021-05-25 10:17:11,16387.6,0
2021-05-25 10:17:14,16388.1,0
2021-05-25 10:17:15,16389.4,0
2021-05-25 10:17:18,16389.55,0
2021-05-25 10:17:25,16389.2,0
2021-05-25 10:17:27,16388.85,0
2021-05-25 10:17:29,16390.5,0
2021-05-25 10:17:31,16390.85,0
2021-05-25 10:17:35,16389.4,0
2021-05-25 10:17:36,16389.55,0
2021-05-25 10:17:38,16388.75,0
2021-05-25 10:17:39,16388.65,0
2021-05-25 10:17:43,16389.1,0
2021-05-25 10:17:44,16388.5,0
2021-05-25 10:17:45,16388.65,0
2021-05-25 10:17:46,16389.0,0
2021-05-25 10:17:55,16387.95,0
2021-05-25 10:17:56,16387.05,0
2021-05-25 10:17:59,16387.05,0
2021-05-25 10:18:00,16387.85,0
2021-05-25 10:18:04,16387.15,0
2021-05-25 10:18:05,16386.95,0
2021-05-25 10:18:07,16388.5,0
2021-05-25 10:18:18,16383.45,0
2021-05-25 10:18:20,16382.3,0
2021-05-25 10:18:21,16381.95,0
2021-05-25 10:18:26,16378.8,0
2021-05-25 10:18:27,16380.15,0
2021-05-25 10:18:29,16379.5,0
2021-05-25 10:18:30,16380.15,0
2021-05-25 10:18:31,16379.75,0
2021-05-25 10:18:45,16373.15,0
2021-05-25 10:18:55,16359.25,0
2021-05-25 10:18:56,16361.7,0
2021-05-25 10:19:00,16360.6,0
2021-05-25 10:19:04,16358.15,0
2021-05-25 10:19:06,16356.45,0
2021-05-25 10:19:10,16360.4,0
2021-05-25 10:19:17,16359.9,0
2021-05-25 10:19:26,16363.65,0
2021-05-25 10:19:28,16361.1,0
2021-05-25 10:19:32,16361.7,0
2021-05-25 10:19:33,16361.75,0
2021-05-25 10:19:40,16365.8,0
2021-05-25 10:19:41,16365.35,0
2021-05-25 10:19:48,16370.55,0
2021-05-25 10:19:50,16371.0,0
2021-05-25 10:19:58,16365.3,0
2021-05-25 10:19:59,16365.4,0
2021-05-25 10:20:00,16365.25,0
2021-05-25 10:20:01,16365.4,0
2021-05-25 10:20:06,16358.85,0
2021-05-25 10:20:07,16359.65,0
2021-05-25 10:20:08,16359.8,0
2021-05-25 10:20:09,16359.35,0
2021-05-25 10:20:15,16362.1,0
2021-05-25 10:20:19,16363.1,0
2021-05-25 10:20:21,16361.95,0
2021-05-25 10:20:24,16361.9,0
2021-05-25 10:20:25,16362.0,0
2021-05-25 10:20:33,16363.05,0
2021-05-25 10:20:35,16362.15,0
2021-05-25 10:20:36,16360.8,0
2021-05-25 10:20:40,16362.75,0
2021-05-25 10:20:42,16362.45,0
2021-05-25 10:20:44,16365.1,0
2021-05-25 10:20:45,16364.5,0
2021-05-25 10:20:46,16366.35,0
2021-05-25 10:20:50,16366.25,0
2021-05-25 10:20:54,16363.15,0
2021-05-25 10:20:55,16362.0,0
2021-05-25 10:21:07,16366.15,0
2021-05-25 10:21:11,16364.8,0
2021-05-25 10:21:16,16364.9,0
2021-05-25 10:21:20,16361.5,0
2021-05-25 10:21:24,16361.05,0
2021-05-25 10:21:26,16361.35,0
2021-05-25 10:21:28,16362.95,0
2021-05-25 10:21:30,16363.55,0
2021-05-25 10:21:31,16363.65,0
2021-05-25 10:21:33,16363.25,0
2021-05-25 10:21:49,16366.25,0
2021-05-25 10:21:52,16366.1,0
2021-05-25 10:21:53,16364.55,0
2021-05-25 10:21:56,16367.5,0
2021-05-25 10:21:58,16364.2,0
2021-05-25 10:22:01,16364.85,0
2021-05-25 10:22:04,16364.7,0
2021-05-25 10:22:06,16364.45,0
2021-05-25 10:22:07,16365.1,0
2021-05-25 10:22:11,16364.9,0
2021-05-25 10:22:13,16366.35,0
2021-05-25 10:22:14,16367.25,0
2021-05-25 10:22:15,16365.6,0
2021-05-25 10:22:16,16367.05,0
2021-05-25 10:22:19,16366.65,0
2021-05-25 10:22:20,16366.1,0
2021-05-25 10:22:22,16366.05,0
2021-05-25 10:22:23,16366.25,0
2021-05-25 10:22:24,16366.5,0
2021-05-25 10:22:28,16366.6,0
2021-05-25 10:22:31,16365.65,0
2021-05-25 10:22:32,16367.1,0
2021-05-25 10:22:35,16363.5,0
2021-05-25 10:22:36,16363.3,0
2021-05-25 10:22:42,16358.95,0
2021-05-25 10:22:43,16359.65,0
2021-05-25 10:22:44,16356.6,0
2021-05-25 10:22:49,16356.8,0
2021-05-25 10:22:51,16356.8,0
2021-05-25 10:22:52,16355.95,0
2021-05-25 10:22:55,16357.6,0
2021-05-25 10:22:56,16358.85,0
2021-05-25 10:22:57,16359.25,0
2021-05-25 10:23:01,16358.2,0
2021-05-25 10:23:03,16360.45,0
2021-05-25 10:23:05,16360.35,0
2021-05-25 10:23:08,16360.0,0
2021-05-25 10:23:10,16357.4,0
2021-05-25 10:23:11,16357.75,0
2021-05-25 10:23:12,16356.15,0
2021-05-25 10:23:18,16356.1,0
2021-05-25 10:23:24,16357.3,0
2021-05-25 10:23:26,16356.4,0
2021-05-25 10:23:37,16358.6,0
2021-05-25 10:23:45,16357.85,0
2021-05-25 10:23:47,16358.75,0
2021-05-25 10:23:48,16359.5,0
2021-05-25 10:23:50,16358.45,0
2021-05-25 10:23:56,16360.45,0
2021-05-25 10:24:01,16359.8,0
2021-05-25 10:24:05,16360.35,0
2021-05-25 10:24:07,16359.9,0
2021-05-25 10:24:09,16363.45,0
2021-05-25 10:24:10,16363.9,0
2021-05-25 10:24:13,16360.75,0
2021-05-25 10:24:16,16361.8,0
2021-05-25 10:24:17,16361.4,0
2021-05-25 10:24:20,16362.9,0
2021-05-25 10:24:21,16362.45,0
2021-05-25 10:24:24,16362.2,0
2021-05-25 10:24:25,16361.65,0
2021-05-25 10:24:30,16361.9,0
2021-05-25 10:24:32,16360.6,0
2021-05-25 10:24:36,16361.75,0
2021-05-25 10:24:37,16360.55,0
2021-05-25 10:24:38,16361.9,0
2021-05-25 10:24:42,16361.4,0
2021-05-25 10:24:46,16361.65,0
2021-05-25 10:24:47,16361.9,0
2021-05-25 10:24:49,16362.65,0
2021-05-25 10:24:55,16361.25,0
2021-05-25 10:24:58,16362.45,0
2021-05-25 10:24:59,16361.6,0
2021-05-25 10:25:01,16363.1,0
2021-05-25 10:25:02,16363.3,0
2021-05-25 10:25:09,16368.8,0
2021-05-25 10:25:14,16373.8,0
2021-05-25 10:25:15,16375.4,0
2021-05-25 10:25:17,16376.65,0
2021-05-25 10:25:18,16378.4,0
2021-05-25 10:25:19,16378.2,0
2021-05-25 10:25:23,16375.1,0
2021-05-25 10:25:25,16374.45,0
2021-05-25 10:25:26,16375.55,0
2021-05-25 10:25:28,16376.5,0
2021-05-25 10:25:30,16374.1,0
2021-05-25 10:25:31,16375.3,0
2021-05-25 10:25:32,16376.4,0
2021-05-25 10:25:40,16379.1,0
2021-05-25 10:25:41,16382.05,0
2021-05-25 10:25:44,16385.8,0
2021-05-25 10:25:45,16384.65,0
2021-05-25 10:25:46,16384.15,0
2021-05-25 10:25:55,16385.45,0
2021-05-25 10:25:57,16387.55,0
2021-05-25 10:25:59,16387.65,0
2021-05-25 10:26:05,16389.4,0
2021-05-25 10:26:13,16386.05,0
2021-05-25 10:26:16,16382.95,0
2021-05-25 10:26:18,16383.45,0
2021-05-25 10:26:25,16385.9,0
2021-05-25 10:26:26,16385.75,0
2021-05-25 10:26:29,16383.55,0
2021-05-25 10:26:30,16383.95,0
2021-05-25 10:26:34,16382.3,0
2021-05-25 10:26:35,16382.4,0
2021-05-25 10:26:39,16383.1,0
2021-05-25 10:26:41,16382.3,0
2021-05-25 10:26:47,16385.25,0
2021-05-25 10:26:51,16380.15,0
2021-05-25 10:26:53,16380.9,0
2021-05-25 10:26:57,16383.25,0
2021-05-25 10:27:02,16385.3,0
2021-05-25 10:27:04,16385.3,0
2021-05-25 10:27:05,16385.4,0
2021-05-25 10:27:11,16387.0,0
2021-05-25 10:27:18,16386.8,0
2021-05-25 10:27:20,16387.1,0
2021-05-25 10:27:21,16386.2,0
2021-05-25 10:27:34,16389.7,0
2021-05-25 10:27:54,16394.4,0
2021-05-25 10:27:55,16392.65,0
2021-05-25 10:27:57,16392.25,0
2021-05-25 10:27:59,16393.4,0
2021-05-25 10:28:01,16394.35,0
2021-05-25 10:28:02,16392.85,0
2021-05-25 10:28:04,16392.85,0
2021-05-25 10:28:09,16393.05,0
2021-05-25 10:28:12,16395.4,0
2021-05-25 10:28:13,16394.4,0
2021-05-25 10:28:16,16390.35,0
2021-05-25 10:28:26,16388.9,0
2021-05-25 10:28:35,16389.4,0
2021-05-25 10:28:36,16390.3,0
2021-05-25 10:28:38,16388.1,0
2021-05-25 10:28:41,16389.5,0
2021-05-25 10:28:42,16389.0,0
2021-05-25 10:28:45,16389.2,0
2021-05-25 10:28:46,16387.9,0
2021-05-25 10:28:47,16389.65,0
2021-05-25 10:28:56,16387.3,0
2021-05-25 10:29:01,16386.75,0
2021-05-25 10:29:02,16387.45,0
2021-05-25 10:29:07,16388.0,0
2021-05-25 10:29:08,16387.2,0
2021-05-25 10:29:09,16386.2,0
2021-05-25 10:29:11,16387.0,0
2021-05-25 10:29:17,16385.45,0
2021-05-25 10:29:20,16386.75,0
2021-05-25 10:29:21,16386.9,0
2021-05-25 10:29:22,16386.2,0
2021-05-25 10:29:25,16386.65,0
2021-05-25 10:29:29,16387.85,0
2021-05-25 10:29:32,16387.75,0
2021-05-25 10:29:33,16386.95,0
2021-05-25 10:29:34,16387.45,0
2021-05-25 10:29:35,16387.95,0
2021-05-25 10:29:41,16390.9,0
2021-05-25 10:29:45,16391.5,0
2021-05-25 10:29:46,16391.2,0
2021-05-25 10:29:50,16391.5,0
2021-05-25 10:29:52,16392.35,0
2021-05-25 10:29:55,16394.25,0
2021-05-25 10:29:59,16395.6,0
2021-05-25 10:30:01,16396.15,0
2021-05-25 10:30:02,16398.05,0
2021-05-25 10:30:07,16396.55,0
2021-05-25 10:30:08,16398.3,0
2021-05-25 10:30:09,16399.75,0
2021-05-25 10:30:10,16398.35,0
2021-05-25 10:30:11,16398.25,0
2021-05-25 10:30:13,16398.35,0
2021-05-25 10:30:17,16398.35,0
2021-05-25 10:30:19,16397.25,0
2021-05-25 10:30:22,16395.4,0
2021-05-25 10:30:24,16396.05,0
2021-05-25 10:30:26,16396.3,0
2021-05-25 10:30:28,16394.95,0
2021-05-25 10:30:32,16391.95,0
2021-05-25 10:30:33,16392.15,0
2021-05-25 10:30:47,16388.4,0
2021-05-25 10:30:51,16388.85,0
2021-05-25 10:30:53,16389.7,0
2021-05-25 10:30:54,16388.2,0
2021-05-25 10:30:57,16388.7,0
2021-05-25 10:31:00,16387.65,0
2021-05-25 10:31:02,16387.95,0
2021-05-25 10:31:03,16388.15,0
2021-05-25 10:31:04,16387.45,0
2021-05-25 10:31:12,16388.3,0
2021-05-25 10:31:14,16388.85,0
2021-05-25 10:31:16,16390.65,0
2021-05-25 10:31:26,16392.05,0
2021-05-25 10:31:34,16393.2,0
2021-05-25 10:31:36,16396.15,0
2021-05-25 10:31:38,16392.8,0
2021-05-25 10:31:39,16393.05,0
2021-05-25 10:31:43,16394.3,0
2021-05-25 10:31:46,16394.35,0
2021-05-25 10:31:55,16393.2,0
2021-05-25 10:31:56,16391.45,0
2021-05-25 10:32:04,16391.75,0
2021-05-25 10:32:06,16392.95,0
2021-05-25 10:32:09,16392.95,0
2021-05-25 10:32:13,16393.25,0
2021-05-25 10:32:16,16394.45,0
2021-05-25 10:32:19,16393.8,0
2021-05-25 10:32:26,16394.2,0
2021-05-25 10:32:27,16394.3,0
2021-05-25 10:32:30,16393.45,0
2021-05-25 10:32:34,16395.95,0
2021-05-25 10:32:37,16398.2,0
2021-05-25 10:32:46,16397.85,0
2021-05-25 10:32:55,16396.65,0
2021-05-25 10:32:57,16395.6,0
2021-05-25 10:33:07,16396.15,0
2021-05-25 10:33:09,16395.85,0
2021-05-25 10:33:10,16395.95,0
2021-05-25 10:33:12,16395.95,0
2021-05-25 10:33:13,16396.55,0
2021-05-25 10:33:14,16395.7,0
2021-05-25 10:33:20,16394.5,0
2021-05-25 10:33:21,16392.45,0
2021-05-25 10:33:24,16392.3,0
2021-05-25 10:33:26,16388.7,0
2021-05-25 10:33:29,16391.65,0
2021-05-25 10:33:31,16390.95,0
2021-05-25 10:33:32,16390.35,0
2021-05-25 10:33:34,16390.55,0
2021-05-25 10:33:40,16388.25,0
2021-05-25 10:33:41,16388.45,0
2021-05-25 10:33:43,16388.8,0
2021-05-25 10:33:46,16387.9,0
2021-05-25 10:33:52,16388.05,0
2021-05-25 10:34:00,16388.75,0
2021-05-25 10:34:03,16388.85,0
2021-05-25 10:34:04,16387.1,0
2021-05-25 10:34:08,16383.95,0
2021-05-25 10:34:11,16383.05,0
2021-05-25 10:34:13,16382.2,0
2021-05-25 10:34:17,16381.0,0
2021-05-25 10:34:21,16382.65,0
2021-05-25 10:34:22,16383.3,0
2021-05-25 10:34:23,16382.95,0
2021-05-25 10:34:24,16382.2,0
2021-05-25 10:34:28,16382.4,0
2021-05-25 10:34:34,16381.65,0
2021-05-25 10:34:37,16381.25,0
2021-05-25 10:34:43,16382.8,0
2021-05-25 10:34:46,16384.75,0
2021-05-25 10:34:53,16385.8,0
2021-05-25 10:34:54,16384.7,0
2021-05-25 10:34:57,16382.05,0
2021-05-25 10:35:05,16384.4,0
2021-05-25 10:35:06,16385.2,0
2021-05-25 10:35:08,16383.45,0
2021-05-25 10:35:10,16384.55,0
2021-05-25 10:35:12,16383.55,0
2021-05-25 10:35:13,16384.1,0
2021-05-25 10:35:14,16384.1,0
2021-05-25 10:35:20,16383.45,0
2021-05-25 10:35:23,16384.0,0
2021-05-25 10:35:29,16387.0,0
2021-05-25 10:35:30,16386.0,0
2021-05-25 10:35:33,16383.2,0
2021-05-25 10:35:34,16384.95,0
2021-05-25 10:35:35,16385.3,0
2021-05-25 10:35:37,16384.15,0
2021-05-25 10:35:38,16384.6,0
2021-05-25 10:35:40,16384.4,0
2021-05-25 10:35:51,16386.3,0
2021-05-25 10:35:56,16387.05,0
2021-05-25 10:36:02,16390.8,0
2021-05-25 10:36:05,16391.75,0
2021-05-25 10:36:12,16391.85,0
2021-05-25 10:36:14,16392.75,0
2021-05-25 10:36:15,16391.55,0
2021-05-25 10:36:18,16390.15,0
2021-05-25 10:36:22,16390.6,0
2021-05-25 10:36:24,16391.4,0
2021-05-25 10:36:29,16389.0,0
2021-05-25 10:36:34,16388.0,0
2021-05-25 10:36:37,16388.35,0
2021-05-25 10:36:40,16388.4,0
2021-05-25 10:36:58,16388.6,0
2021-05-25 10:37:01,16389.5,0
2021-05-25 10:37:02,16389.3,0
2021-05-25 10:37:05,16389.5,0
2021-05-25 10:37:07,16389.1,0
2021-05-25 10:37:08,16388.8,0
2021-05-25 10:37:10,16388.6,0
2021-05-25 10:37:12,16388.55,0
2021-05-25 10:37:13,16388.7,0
2021-05-25 10:37:14,16387.0,0
2021-05-25 10:37:17,16386.05,0
2021-05-25 10:37:18,16386.05,0
2021-05-25 10:37:20,16385.25,0
2021-05-25 10:37:23,16387.85,0
2021-05-25 10:37:29,16387.15,0
2021-05-25 10:37:30,16386.95,0
2021-05-25 10:37:32,16386.3,0
2021-05-25 10:37:34,16388.05,0
2021-05-25 10:37:35,16387.8,0
2021-05-25 10:37:36,16387.8,0
2021-05-25 10:37:38,16387.2,0
2021-05-25 10:37:39,16387.55,0
2021-05-25 10:37:41,16386.5,0
2021-05-25 10:37:42,16387.4,0
2021-05-25 10:37:45,16386.6,0
2021-05-25 10:37:46,16385.95,0
2021-05-25 10:37:50,16384.75,0
2021-05-25 10:37:56,16383.15,0
2021-05-25 10:38:00,16383.9,0
2021-05-25 10:38:02,16383.45,0
2021-05-25 10:38:03,16383.85,0
2021-05-25 10:38:04,16384.1,0
2021-05-25 10:38:05,16383.6,0
2021-05-25 10:38:06,16383.8,0
2021-05-25 10:38:08,16383.5,0
2021-05-25 10:38:10,16383.2,0
2021-05-25 10:38:12,16383.7,0
2021-05-25 10:38:16,16383.9,0
2021-05-25 10:38:20,16383.8,0
2021-05-25 10:38:23,16384.35,0
2021-05-25 10:38:29,16382.2,0
2021-05-25 10:38:34,16382.8,0
2021-05-25 10:38:40,16383.05,0
2021-05-25 10:38:41,16384.05,0
2021-05-25 10:38:42,16384.35,0
2021-05-25 10:38:52,16385.5,0
2021-05-25 10:38:56,16383.8,0
2021-05-25 10:38:59,16384.05,0
2021-05-25 10:39:16,16379.2,0
2021-05-25 10:39:17,16378.5,0
2021-05-25 10:39:19,16379.25,0
2021-05-25 10:39:21,16378.65,0
2021-05-25 10:39:30,16376.55,0
2021-05-25 10:39:31,16376.4,0
2021-05-25 10:39:33,16374.0,0
2021-05-25 10:39:34,16373.65,0
2021-05-25 10:39:36,16372.5,0
2021-05-25 10:39:45,16370.2,0
2021-05-25 10:39:47,16367.85,0
2021-05-25 10:39:48,16369.0,0
2021-05-25 10:39:49,16368.5,0
2021-05-25 10:39:50,16367.2,0
2021-05-25 10:39:58,16367.15,0
2021-05-25 10:40:00,16367.9,0
2021-05-25 10:40:03,16366.3,0
2021-05-25 10:40:08,16365.2,0
2021-05-25 10:40:09,16366.4,0
2021-05-25 10:40:10,16366.15,0
2021-05-25 10:40:12,16366.75,0
2021-05-25 10:40:13,16368.2,0
2021-05-25 10:40:14,16368.4,0
2021-05-25 10:40:19,16370.2,0
2021-05-25 10:40:22,16369.5,0
2021-05-25 10:40:26,16371.55,0
2021-05-25 10:40:31,16371.6,0
2021-05-25 10:40:39,16372.3,0
2021-05-25 10:40:40,16372.6,0
2021-05-25 10:40:41,16372.3,0
2021-05-25 10:40:48,16376.35,0
2021-05-25 10:40:49,16375.05,0
2021-05-25 10:40:52,16374.45,0
2021-05-25 10:40:59,16374.35,0
2021-05-25 10:41:00,16374.05,0
2021-05-25 10:41:01,16373.8,0
2021-05-25 10:41:02,16374.3,0
2021-05-25 10:41:10,16374.0,0
2021-05-25 10:41:11,16374.05,0
2021-05-25 10:41:14,16375.4,0
2021-05-25 10:41:15,16374.8,0
2021-05-25 10:41:21,16376.85,0
2021-05-25 10:41:22,16376.6,0
2021-05-25 10:41:24,16375.95,0
2021-05-25 10:41:26,16376.4,0
2021-05-25 10:41:27,16376.45,0
2021-05-25 10:41:29,16376.5,0
2021-05-25 10:41:33,16374.9,0
2021-05-25 10:41:37,16374.5,0
2021-05-25 10:41:40,16376.15,0
2021-05-25 10:41:41,16375.9,0
2021-05-25 10:41:44,16376.6,0
2021-05-25 10:41:46,16376.25,0
2021-05-25 10:41:47,16374.95,0
2021-05-25 10:41:57,16375.7,0
2021-05-25 10:41:58,16375.8,0
2021-05-25 10:42:00,16374.55,0
2021-05-25 10:42:01,16373.3,0
2021-05-25 10:42:04,16372.65,0
2021-05-25 10:42:06,16372.5,0
2021-05-25 10:42:07,16372.3,0
2021-05-25 10:42:08,16373.15,0
2021-05-25 10:42:10,16374.3,0
2021-05-25 10:42:12,16374.65,0
2021-05-25 10:42:13,16373.85,0
2021-05-25 10:42:16,16374.05,0
2021-05-25 10:42:19,16374.45,0
2021-05-25 10:42:23,16376.1,0
2021-05-25 10:42:24,16375.65,0
2021-05-25 10:42:27,16376.1,0
2021-05-25 10:42:31,16376.55,0
2021-05-25 10:42:38,16377.25,0
2021-05-25 10:42:43,16375.15,0
2021-05-25 10:42:48,16375.95,0
2021-05-25 10:42:52,16375.35,0
2021-05-25 10:42:54,16375.8,0
2021-05-25 10:42:55,16376.9,0
2021-05-25 10:43:02,16374.45,0
2021-05-25 10:43:07,16372.95,0
2021-05-25 10:43:10,16372.5,0
2021-05-25 10:43:11,16371.4,0
2021-05-25 10:43:20,16373.95,0
2021-05-25 10:43:26,16374.15,0
2021-05-25 10:43:28,16374.5,0
2021-05-25 10:43:31,16373.6,0
2021-05-25 10:43:34,16374.55,0
2021-05-25 10:43:35,16375.0,0
2021-05-25 10:43:37,16374.9,0
2021-05-25 10:43:43,16372.7,0
2021-05-25 10:43:44,16372.7,0
2021-05-25 10:43:46,16374.25,0
2021-05-25 10:43:50,16375.2,0
2021-05-25 10:43:53,16374.15,0
2021-05-25 10:43:54,16373.2,0
2021-05-25 10:43:56,16372.9,0
2021-05-25 10:43:58,16374.05,0
2021-05-25 10:44:08,16374.35,0
2021-05-25 10:44:12,16374.5,0
2021-05-25 10:44:16,16374.35,0
2021-05-25 10:44:18,16374.75,0
2021-05-25 10:44:22,16374.8,0
2021-05-25 10:44:32,16375.25,0
2021-05-25 10:44:35,16374.95,0
2021-05-25 10:44:37,16374.25,0
2021-05-25 10:44:38,16374.8,0
2021-05-25 10:44:41,16375.3,0
2021-05-25 10:44:42,16374.65,0
2021-05-25 10:44:43,16375.7,0
2021-05-25 10:44:47,16375.4,0
2021-05-25 10:44:50,16375.2,0
2021-05-25 10:44:51,16375.7,0
2021-05-25 10:44:52,16375.15,0
2021-05-25 10:44:54,16374.55,0
2021-05-25 10:45:01,16374.95,0
2021-05-25 10:45:04,16375.7,0
2021-05-25 10:45:05,16376.0,0
2021-05-25 10:45:07,16376.2,0
2021-05-25 10:45:08,16375.55,0
2021-05-25 10:45:09,16375.75,0
2021-05-25 10:45:13,16376.85,0
2021-05-25 10:45:16,16376.2,0
2021-05-25 10:45:18,16374.25,0
2021-05-25 10:45:21,16375.8,0
2021-05-25 10:45:22,16376.3,0
2021-05-25 10:45:23,16375.4,0
2021-05-25 10:45:24,16374.85,0
2021-05-25 10:45:27,16377.15,0
2021-05-25 10:45:28,16377.9,0
2021-05-25 10:45:31,16377.55,0
2021-05-25 10:45:32,16376.75,0
2021-05-25 10:45:33,16376.75,0
2021-05-25 10:45:34,16369.85,0
2021-05-25 10:45:36,16370.4,0
2021-05-25 10:45:39,16369.5,0
2021-05-25 10:45:40,16367.65,0
2021-05-25 10:45:41,16369.95,0
2021-05-25 10:45:42,16369.95,0
2021-05-25 10:45:43,16369.6,0
2021-05-25 10:45:49,16369.35,0
2021-05-25 10:45:50,16368.6,0
2021-05-25 10:45:51,16366.5,0
2021-05-25 10:45:52,16367.15,0
2021-05-25 10:45:53,16361.95,0
2021-05-25 10:46:01,16368.3,0
2021-05-25 10:46:03,16363.4,0
2021-05-25 10:46:08,16364.25,0
2021-05-25 10:46:09,16364.65,0
2021-05-25 10:46:16,16365.2,0
2021-05-25 10:46:18,16365.85,0
2021-05-25 10:46:19,16366.0,0
2021-05-25 10:46:20,16366.65,0
2021-05-25 10:46:22,16367.95,0
2021-05-25 10:46:23,16366.85,0
2021-05-25 10:46:24,16367.3,0
2021-05-25 10:46:30,16366.7,0
2021-05-25 10:46:40,16365.1,0
2021-05-25 10:46:46,16365.85,0
2021-05-25 10:46:49,16367.1,0
2021-05-25 10:46:50,16369.75,0
2021-05-25 10:46:55,16367.1,0
2021-05-25 10:46:56,16366.9,0
2021-05-25 10:46:59,16370.7,0
2021-05-25 10:47:02,16370.55,0
2021-05-25 10:47:04,16370.4,0
2021-05-25 10:47:11,16366.7,0
2021-05-25 10:47:14,16367.05,0
2021-05-25 10:47:19,16368.95,0
2021-05-25 10:47:20,16367.0,0
2021-05-25 10:47:21,16368.6,0
2021-05-25 10:47:25,16370.0,0
2021-05-25 10:47:32,16370.1,0
2021-05-25 10:47:36,16370.15,0
2021-05-25 10:47:39,16368.25,0
2021-05-25 10:47:42,16369.0,0
2021-05-25 10:47:49,16366.75,0
2021-05-25 10:47:51,16366.65,0
2021-05-25 10:47:52,16363.05,0
2021-05-25 10:47:56,16363.4,0
2021-05-25 10:47:58,16363.75,0
2021-05-25 10:48:00,16364.85,0
2021-05-25 10:48:03,16364.45,0
2021-05-25 10:48:05,16363.35,0
2021-05-25 10:48:10,16362.05,0
2021-05-25 10:48:13,16363.8,0
2021-05-25 10:48:16,16363.65,0
2021-05-25 10:48:20,16365.05,0
2021-05-25 10:48:21,16366.15,0
2021-05-25 10:48:22,16366.55,0
2021-05-25 10:48:25,16366.15,0
2021-05-25 10:48:26,16367.4,0
2021-05-25 10:48:28,16366.65,0
2021-05-25 10:48:29,16367.0,0
2021-05-25 10:48:30,16364.55,0
2021-05-25 10:48:31,16366.3,0
2021-05-25 10:48:34,16364.65,0
2021-05-25 10:48:36,16365.55,0
2021-05-25 10:48:39,16366.55,0
2021-05-25 10:48:50,16363.6,0
2021-05-25 10:48:54,16362.7,0
2021-05-25 10:49:00,16364.3,0
2021-05-25 10:49:01,16364.85,0
2021-05-25 10:49:09,16356.95,0
2021-05-25 10:49:12,16359.45,0
2021-05-25 10:49:13,16359.15,0
2021-05-25 10:49:14,16358.95,0
2021-05-25 10:49:15,16356.35,0
2021-05-25 10:49:17,16353.05,0
2021-05-25 10:49:19,16348.75,0
2021-05-25 10:49:21,16353.65,0
2021-05-25 10:49:28,16354.25,0
2021-05-25 10:49:30,16351.8,0
2021-05-25 10:49:31,16351.9,0
2021-05-25 10:49:34,16350.65,0
2021-05-25 10:49:39,16353.35,0
2021-05-25 10:49:41,16351.55,0
2021-05-25 10:49:42,16350.95,0
2021-05-25 10:49:45,16352.85,0
2021-05-25 10:49:47,16355.1,0
2021-05-25 10:49:48,16355.5,0
2021-05-25 10:49:56,16354.45,0
2021-05-25 10:49:57,16353.4,0
2021-05-25 10:49:59,16354.35,0
2021-05-25 10:50:00,16354.5,0
2021-05-25 10:50:01,16354.65,0
2021-05-25 10:50:02,16352.3,0
2021-05-25 10:50:04,16350.85,0
2021-05-25 10:50:07,16352.05,0
2021-05-25 10:50:11,16351.35,0
2021-05-25 10:50:16,16352.6,0
2021-05-25 10:50:22,16352.3,0
2021-05-25 10:50:23,16352.8,0
2021-05-25 10:50:25,16355.1,0
2021-05-25 10:50:26,16353.5,0
2021-05-25 10:50:27,16355.15,0
2021-05-25 10:50:37,16357.0,0
2021-05-25 10:50:38,16357.6,0
2021-05-25 10:50:48,16357.1,0
2021-05-25 10:50:49,16358.1,0
2021-05-25 10:50:54,16358.3,0
2021-05-25 10:50:56,16361.35,0
2021-05-25 10:51:00,16363.1,0
2021-05-25 10:51:01,16361.75,0
2021-05-25 10:51:04,16362.75,0
2021-05-25 10:51:06,16362.3,0
2021-05-25 10:51:08,16361.65,0
2021-05-25 10:51:10,16363.35,0
2021-05-25 10:51:12,16362.55,0
2021-05-25 10:51:13,16363.25,0
2021-05-25 10:51:15,16362.2,0
2021-05-25 10:51:16,16362.0,0
2021-05-25 10:51:19,16364.0,0
2021-05-25 10:51:21,16363.8,0
2021-05-25 10:51:23,16361.75,0
2021-05-25 10:51:25,16362.65,0
2021-05-25 10:51:30,16361.65,0
2021-05-25 10:51:32,16363.3,0
2021-05-25 10:51:33,16361.7,0
2021-05-25 10:51:37,16362.65,0
2021-05-25 10:51:38,16363.2,0
2021-05-25 10:51:39,16361.9,0
2021-05-25 10:51:40,16363.1,0
2021-05-25 10:51:43,16360.9,0
2021-05-25 10:51:44,16361.7,0
2021-05-25 10:51:46,16360.8,0
2021-05-25 10:51:48,16360.65,0
2021-05-25 10:51:50,16361.9,0
2021-05-25 10:51:53,16358.9,0
2021-05-25 10:51:54,16359.8,0
2021-05-25 10:51:59,16359.35,0
2021-05-25 10:52:00,16358.55,0
2021-05-25 10:52:01,16359.0,0
2021-05-25 10:52:10,16360.1,0
2021-05-25 10:52:11,16359.45,0
2021-05-25 10:52:13,16360.25,0
2021-05-25 10:52:14,16360.1,0
2021-05-25 10:52:15,16358.8,0
2021-05-25 10:52:17,16359.9,0
2021-05-25 10:52:19,16360.3,0
2021-05-25 10:52:20,16360.05,0
2021-05-25 10:52:21,16362.0,0
2021-05-25 10:52:24,16362.45,0
2021-05-25 10:52:29,16364.05,0
2021-05-25 10:52:30,16363.8,0
2021-05-25 10:52:34,16363.85,0
2021-05-25 10:52:39,16365.7,0
2021-05-25 10:52:40,16365.3,0
2021-05-25 10:52:41,16365.5,0
2021-05-25 10:52:43,16366.2,0
2021-05-25 10:52:45,16367.3,0
2021-05-25 10:52:50,16369.85,0
2021-05-25 10:52:53,16370.1,0
2021-05-25 10:52:55,16367.85,0
2021-05-25 10:52:57,16369.8,0
2021-05-25 10:52:59,16369.9,0
2021-05-25 10:53:00,16368.95,0
2021-05-25 10:53:04,16370.9,0
2021-05-25 10:53:05,16371.0,0
2021-05-25 10:53:20,16373.45,0
2021-05-25 10:53:23,16372.65,0
2021-05-25 10:53:25,16375.05,0
2021-05-25 10:53:29,16373.8,0
2021-05-25 10:53:31,16372.95,0
2021-05-25 10:53:34,16373.8,0
2021-05-25 10:53:42,16374.5,0
2021-05-25 10:53:44,16374.7,0
2021-05-25 10:53:52,16371.05,0
2021-05-25 10:53:54,16372.15,0
2021-05-25 10:53:55,16371.0,0
2021-05-25 10:53:57,16372.0,0
2021-05-25 10:54:02,16371.05,0
2021-05-25 10:54:10,16367.9,0
2021-05-25 10:54:13,16371.05,0
2021-05-25 10:54:17,16370.9,0
2021-05-25 10:54:18,16370.65,0
2021-05-25 10:54:20,16369.3,0
2021-05-25 10:54:21,16371.45,0
2021-05-25 10:54:28,16372.55,0
2021-05-25 10:54:29,16371.55,0
2021-05-25 10:54:30,16371.7,0
2021-05-25 10:54:32,16371.55,0
2021-05-25 10:54:39,16371.55,0
2021-05-25 10:54:43,16371.2,0
2021-05-25 10:54:48,16370.4,0
2021-05-25 10:54:51,16372.45,0
2021-05-25 10:54:52,16372.65,0
2021-05-25 10:54:54,16371.75,0
2021-05-25 10:55:00,16371.3,0
2021-05-25 10:55:02,16373.25,0
2021-05-25 10:55:04,16374.7,0
2021-05-25 10:55:06,16373.9,0
2021-05-25 10:55:07,16374.65,0
2021-05-25 10:55:10,16373.5,0
2021-05-25 10:55:13,16376.6,0
2021-05-25 10:55:14,16376.45,0
2021-05-25 10:55:16,16381.0,0
2021-05-25 10:55:18,16380.9,0
2021-05-25 10:55:19,16379.9,0
2021-05-25 10:55:23,16380.8,0
2021-05-25 10:55:25,16382.3,0
2021-05-25 10:55:26,16383.75,0
2021-05-25 10:55:27,16383.8,0
2021-05-25 10:55:28,16382.95,0
2021-05-25 10:55:30,16382.2,0
2021-05-25 10:55:44,16380.9,0
2021-05-25 10:55:48,16381.1,0
2021-05-25 10:55:49,16382.55,0
2021-05-25 10:55:50,16381.7,0
2021-05-25 10:55:52,16379.1,0
2021-05-25 10:55:53,16378.6,0
2021-05-25 10:55:54,16378.35,0
2021-05-25 10:56:00,16375.05,0
2021-05-25 10:56:03,16376.4,0
2021-05-25 10:56:11,16377.25,0
2021-05-25 10:56:12,16377.1,0
2021-05-25 10:56:16,16378.3,0
2021-05-25 10:56:17,16377.2,0
2021-05-25 10:56:19,16378.45,0
2021-05-25 10:56:21,16377.35,0
2021-05-25 10:56:22,16378.25,0
2021-05-25 10:56:23,16378.15,0
2021-05-25 10:56:28,16381.15,0
2021-05-25 10:56:32,16381.55,0
2021-05-25 10:56:38,16382.1,0
2021-05-25 10:56:41,16381.8,0
2021-05-25 10:56:42,16382.95,0
2021-05-25 10:56:46,16381.5,0
2021-05-25 10:56:48,16380.45,0
2021-05-25 10:56:51,16380.05,0
2021-05-25 10:56:53,16380.65,0
2021-05-25 10:56:55,16379.9,0
2021-05-25 10:56:58,16380.75,0
2021-05-25 10:57:00,16379.0,0
2021-05-25 10:57:05,16380.75,0
2021-05-25 10:57:06,16379.5,0
2021-05-25 10:57:07,16379.3,0
2021-05-25 10:57:10,16379.95,0
2021-05-25 10:57:16,16379.85,0
2021-05-25 10:57:18,16381.0,0
2021-05-25 10:57:24,16379.65,0
2021-05-25 10:57:28,16379.4,0
2021-05-25 10:57:31,16378.65,0
2021-05-25 10:57:33,16378.3,0
2021-05-25 10:57:41,16377.15,0
2021-05-25 10:57:42,16376.35,0
2021-05-25 10:57:43,16376.8,0
2021-05-25 10:57:45,16376.25,0
2021-05-25 10:57:46,16377.15,0
2021-05-25 10:57:49,16375.45,0
2021-05-25 10:57:51,16376.25,0
2021-05-25 10:57:54,16377.3,0
2021-05-25 10:57:59,16378.55,0
2021-05-25 10:58:00,16378.2,0
2021-05-25 10:58:01,16377.6,0
2021-05-25 10:58:02,16377.45,0
2021-05-25 10:58:03,16378.45,0
2021-05-25 10:58:04,16377.85,0
2021-05-25 10:58:11,16375.85,0
2021-05-25 10:58:12,16375.65,0
2021-05-25 10:58:13,16375.8,0
2021-05-25 10:58:14,16376.0,0
2021-05-25 10:58:15,16375.5,0
2021-05-25 10:58:16,16373.9,0
2021-05-25 10:58:20,16374.4,0
2021-05-25 10:58:22,16374.7,0
2021-05-25 10:58:23,16374.5,0
2021-05-25 10:58:24,16374.1,0
2021-05-25 10:58:25,16374.4,0
2021-05-25 10:58:42,16374.4,0
2021-05-25 10:58:43,16375.8,0
2021-05-25 10:58:44,16373.5,0
2021-05-25 10:58:45,16373.4,0
2021-05-25 10:58:46,16374.15,0
2021-05-25 10:58:47,16373.6,0
2021-05-25 10:58:49,16374.05,0
2021-05-25 10:58:50,16374.85,0
2021-05-25 10:58:51,16374.85,0
2021-05-25 10:58:52,16374.25,0
2021-05-25 10:58:56,16374.1,0
2021-05-25 10:59:02,16370.15,0
2021-05-25 10:59:08,16369.6,0
2021-05-25 10:59:12,16370.4,0
2021-05-25 10:59:17,16370.45,0
2021-05-25 10:59:20,16368.95,0
2021-05-25 10:59:21,16368.9,0
2021-05-25 10:59:28,16367.85,0
2021-05-25 10:59:31,16369.85,0
2021-05-25 10:59:32,16368.9,0
2021-05-25 10:59:34,16368.8,0
2021-05-25 10:59:35,16369.45,0
2021-05-25 10:59:38,16368.45,0
2021-05-25 10:59:40,16369.9,0
2021-05-25 10:59:41,16366.85,0
2021-05-25 10:59:45,16368.7,0
2021-05-25 10:59:46,16368.9,0
2021-05-25 11:00:01,16375.4,0
2021-05-25 11:00:03,16374.35,0
2021-05-25 11:00:04,16374.35,0
2021-05-25 11:00:11,16374.75,0
2021-05-25 11:00:13,16373.7,0
2021-05-25 11:00:15,16374.35,0
2021-05-25 11:00:17,16372.65,0
2021-05-25 11:00:19,16374.05,0
2021-05-25 11:00:22,16373.45,0
2021-05-25 11:00:32,16374.3,0
2021-05-25 11:00:34,16374.3,0
2021-05-25 11:00:35,16374.05,0
2021-05-25 11:00:37,16374.55,0
2021-05-25 11:00:38,16374.25,0
2021-05-25 11:00:42,16375.85,0
2021-05-25 11:00:44,16376.75,0
2021-05-25 11:00:46,16376.8,0
2021-05-25 11:00:48,16376.35,0
2021-05-25 11:00:49,16374.85,0
2021-05-25 11:00:51,16374.3,0
2021-05-25 11:00:52,16375.45,0
2021-05-25 11:00:55,16375.15,0
2021-05-25 11:00:57,16373.45,0
2021-05-25 11:00:58,16374.6,0
2021-05-25 11:01:01,16373.4,0
2021-05-25 11:01:03,16374.2,0
2021-05-25 11:01:08,16373.6,0
2021-05-25 11:01:09,16373.95,0
2021-05-25 11:01:12,16372.15,0
2021-05-25 11:01:16,16371.4,0
2021-05-25 11:01:17,16370.85,0
2021-05-25 11:01:18,16370.0,0
2021-05-25 11:01:19,16370.5,0
2021-05-25 11:01:26,16367.4,0
2021-05-25 11:01:31,16365.0,0
2021-05-25 11:01:32,16366.0,0
2021-05-25 11:01:37,16364.45,0
2021-05-25 11:01:38,16365.25,0
2021-05-25 11:01:40,16364.75,0
2021-05-25 11:01:45,16366.55,0
2021-05-25 11:01:46,16365.2,0
2021-05-25 11:01:47,16366.0,0
2021-05-25 11:01:52,16367.85,0
2021-05-25 11:01:57,16367.2,0
2021-05-25 11:01:58,16366.65,0
2021-05-25 11:01:59,16366.45,0
2021-05-25 11:02:02,16365.5,0
2021-05-25 11:02:06,16364.2,0
2021-05-25 11:02:12,16364.85,0
2021-05-25 11:02:13,16366.0,0
2021-05-25 11:02:15,16363.5,0
2021-05-25 11:02:16,16363.75,0
2021-05-25 11:02:20,16364.45,0
2021-05-25 11:02:21,16364.25,0
2021-05-25 11:02:22,16363.5,0
2021-05-25 11:02:28,16362.3,0
2021-05-25 11:02:30,16362.7,0
2021-05-25 11:02:36,16361.0,0
2021-05-25 11:02:37,16361.2,0
2021-05-25 11:02:38,16360.45,0
2021-05-25 11:02:39,16360.7,0
2021-05-25 11:02:40,16360.0,0
2021-05-25 11:02:42,16360.4,0
2021-05-25 11:02:43,16360.75,0
2021-05-25 11:02:44,16360.15,0
2021-05-25 11:02:45,16360.8,0
2021-05-25 11:02:48,16359.8,0
2021-05-25 11:02:52,16360.9,0
2021-05-25 11:02:53,16361.95,0
2021-05-25 11:02:59,16359.6,0
2021-05-25 11:03:03,16359.9,0
2021-05-25 11:03:05,16359.65,0
2021-05-25 11:03:06,16359.45,0
2021-05-25 11:03:13,16359.0,0
2021-05-25 11:03:17,16358.65,0
2021-05-25 11:03:18,16359.3,0
2021-05-25 11:03:24,16357.15,0
2021-05-25 11:03:26,16357.0,0
2021-05-25 11:03:28,16356.8,0
2021-05-25 11:03:30,16357.45,0
2021-05-25 11:03:41,16359.45,0
2021-05-25 11:03:43,16358.9,0
2021-05-25 11:03:47,16359.05,0
2021-05-25 11:03:50,16359.1,0
2021-05-25 11:03:57,16360.85,0
2021-05-25 11:04:05,16361.05,0
2021-05-25 11:04:11,16360.8,0
2021-05-25 11:04:13,16361.3,0
2021-05-25 11:04:15,16360.95,0
2021-05-25 11:04:16,16361.2,0
2021-05-25 11:04:18,16361.05,0
2021-05-25 11:04:20,16361.15,0
2021-05-25 11:04:22,16360.9,0
2021-05-25 11:04:25,16359.8,0
2021-05-25 11:04:26,16359.95,0
2021-05-25 11:04:31,16359.6,0
2021-05-25 11:04:32,16359.6,0
2021-05-25 11:04:36,16361.5,0
2021-05-25 11:04:40,16362.6,0
2021-05-25 11:04:41,16363.1,0
2021-05-25 11:04:42,16364.6,0
2021-05-25 11:04:45,16364.8,0
2021-05-25 11:04:46,16362.3,0
2021-05-25 11:04:48,16361.3,0
2021-05-25 11:04:52,16360.8,0
2021-05-25 11:04:55,16359.95,0
2021-05-25 11:05:04,16360.4,0
2021-05-25 11:05:06,16361.2,0
2021-05-25 11:05:07,16360.75,0
2021-05-25 11:05:08,16359.95,0
2021-05-25 11:05:09,16360.85,0
2021-05-25 11:05:13,16358.45,0
2021-05-25 11:05:17,16357.45,0
2021-05-25 11:05:18,16356.75,0
2021-05-25 11:05:22,16358.1,0
2021-05-25 11:05:26,16357.35,0
2021-05-25 11:05:27,16356.85,0
2021-05-25 11:05:29,16357.75,0
2021-05-25 11:05:30,16357.2,0
2021-05-25 11:05:36,16357.0,0
2021-05-25 11:05:37,16357.35,0
2021-05-25 11:05:38,16357.55,0
2021-05-25 11:05:40,16358.8,0
2021-05-25 11:05:43,16361.55,0
2021-05-25 11:05:46,16359.25,0
2021-05-25 11:05:49,16360.9,0
2021-05-25 11:05:52,16360.45,0
2021-05-25 11:05:53,16361.75,0
2021-05-25 11:05:59,16361.6,0
2021-05-25 11:06:00,16361.5,0
2021-05-25 11:06:08,16360.25,0
2021-05-25 11:06:09,16359.5,0
2021-05-25 11:06:10,16360.3,0
2021-05-25 11:06:11,16360.5,0
2021-05-25 11:06:13,16360.75,0
2021-05-25 11:06:19,16362.95,0
2021-05-25 11:06:23,16363.4,0
2021-05-25 11:06:27,16361.45,0
2021-05-25 11:06:30,16361.7,0
2021-05-25 11:06:31,16361.2,0
2021-05-25 11:06:32,16360.85,0
2021-05-25 11:06:36,16360.35,0
2021-05-25 11:06:39,16359.6,0
2021-05-25 11:06:41,16359.25,0
2021-05-25 11:06:42,16360.25,0
2021-05-25 11:06:45,16359.2,0
2021-05-25 11:06:47,16358.8,0
2021-05-25 11:06:48,16358.85,0
2021-05-25 11:06:50,16359.3,0
2021-05-25 11:06:53,16358.45,0
2021-05-25 11:06:58,16357.85,0
2021-05-25 11:07:02,16358.35,0
2021-05-25 11:07:03,16358.35,0
2021-05-25 11:07:05,16358.35,0
2021-05-25 11:07:07,16357.6,0
2021-05-25 11:07:09,16357.5,0
2021-05-25 11:07:11,16358.8,0
2021-05-25 11:07:13,16358.4,0
2021-05-25 11:07:15,16360.3,0
2021-05-25 11:07:17,16359.0,0
2021-05-25 11:07:18,16359.0,0
2021-05-25 11:07:19,16359.75,0
2021-05-25 11:07:21,16358.85,0
2021-05-25 11:07:22,16357.7,0
2021-05-25 11:07:29,16359.1,0
2021-05-25 11:07:31,16358.45,0
2021-05-25 11:07:33,16358.9,0
2021-05-25 11:07:36,16359.3,0
2021-05-25 11:07:40,16359.05,0
2021-05-25 11:07:42,16360.2,0
2021-05-25 11:07:47,16359.5,0
2021-05-25 11:07:52,16359.65,0
2021-05-25 11:08:00,16358.45,0
2021-05-25 11:08:03,16358.75,0
2021-05-25 11:08:04,16360.3,0
2021-05-25 11:08:05,16359.35,0
2021-05-25 11:08:11,16359.9,0
2021-05-25 11:08:12,16359.85,0
2021-05-25 11:08:14,16360.85,0
2021-05-25 11:08:15,16360.1,0
2021-05-25 11:08:17,16358.55,0
2021-05-25 11:08:21,16356.8,0
2021-05-25 11:08:22,16357.0,0
2021-05-25 11:08:25,16355.15,0
2021-05-25 11:08:26,16355.6,0
2021-05-25 11:08:27,16353.6,0
2021-05-25 11:08:33,16351.15,0
2021-05-25 11:08:35,16350.1,0
2021-05-25 11:08:36,16351.8,0
2021-05-25 11:08:39,16352.85,0
2021-05-25 11:08:46,16352.45,0
2021-05-25 11:08:47,16353.2,0
2021-05-25 11:08:48,16352.45,0
2021-05-25 11:08:49,16353.55,0
2021-05-25 11:08:57,16355.75,0
2021-05-25 11:08:58,16355.2,0
2021-05-25 11:08:59,16355.05,0
2021-05-25 11:09:00,16354.9,0
2021-05-25 11:09:06,16353.4,0
2021-05-25 11:09:08,16354.5,0
2021-05-25 11:09:09,16354.75,0
2021-05-25 11:09:10,16354.4,0
2021-05-25 11:09:11,16357.35,0
2021-05-25 11:09:13,16355.55,0
2021-05-25 11:09:18,16355.65,0
2021-05-25 11:09:19,16355.5,0
2021-05-25 11:09:22,16355.95,0
2021-05-25 11:09:23,16356.3,0
2021-05-25 11:09:25,16356.8,0
2021-05-25 11:09:26,16355.8,0
2021-05-25 11:09:32,16355.3,0
2021-05-25 11:09:35,16355.45,0
2021-05-25 11:09:41,16355.85,0
2021-05-25 11:09:42,16355.25,0
2021-05-25 11:09:48,16355.3,0
2021-05-25 11:09:51,16355.2,0
2021-05-25 11:09:52,16355.8,0
2021-05-25 11:09:55,16355.35,0
2021-05-25 11:10:02,16355.4,0
2021-05-25 11:10:04,16356.0,0
2021-05-25 11:10:05,16356.25,0
2021-05-25 11:10:09,16353.75,0
2021-05-25 11:10:15,16350.75,0
2021-05-25 11:10:18,16349.55,0
2021-05-25 11:10:27,16349.75,0
2021-05-25 11:10:28,16350.25,0
2021-05-25 11:10:30,16351.2,0
2021-05-25 11:10:33,16350.85,0
2021-05-25 11:10:35,16349.1,0
2021-05-25 11:10:37,16349.2,0
2021-05-25 11:10:38,16350.15,0
2021-05-25 11:10:46,16351.1,0
2021-05-25 11:10:50,16351.4,0
2021-05-25 11:10:52,16351.35,0
2021-05-25 11:10:53,16350.9,0
2021-05-25 11:10:59,16349.55,0
2021-05-25 11:11:02,16348.1,0
2021-05-25 11:11:06,16346.3,0
2021-05-25 11:11:11,16341.45,0
2021-05-25 11:11:14,16343.45,0
2021-05-25 11:11:15,16342.55,0
2021-05-25 11:11:20,16346.3,0
2021-05-25 11:11:21,16346.25,0
2021-05-25 11:11:25,16344.65,0
2021-05-25 11:11:26,16345.1,0
2021-05-25 11:11:29,16344.65,0
2021-05-25 11:11:34,16346.8,0
2021-05-25 11:11:37,16344.55,0
2021-05-25 11:11:39,16345.2,0
2021-05-25 11:11:42,16346.15,0
2021-05-25 11:11:43,16347.8,0
2021-05-25 11:11:45,16347.55,0
2021-05-25 11:12:01,16344.9,0
2021-05-25 11:12:02,16346.1,0
2021-05-25 11:12:04,16345.6,0
2021-05-25 11:12:10,16343.75,0
2021-05-25 11:12:13,16342.6,0
2021-05-25 11:12:16,16342.45,0
2021-05-25 11:12:22,16341.25,0
2021-05-25 11:12:25,16340.3,0
2021-05-25 11:12:31,16340.7,0
2021-05-25 11:12:34,16340.65,0
2021-05-25 11:12:37,16345.55,0
2021-05-25 11:12:45,16343.45,0
2021-05-25 11:12:48,16342.55,0
2021-05-25 11:12:49,16344.25,0
2021-05-25 11:12:51,16341.7,0
2021-05-25 11:12:53,16343.3,0
2021-05-25 11:12:55,16343.25,0
2021-05-25 11:12:57,16341.1,0
2021-05-25 11:12:59,16342.65,0
2021-05-25 11:13:00,16343.5,0
2021-05-25 11:13:02,16342.1,0
2021-05-25 11:13:04,16342.65,0
2021-05-25 11:13:06,16343.1,0
2021-05-25 11:13:11,16342.4,0
2021-05-25 11:13:12,16341.55,0
2021-05-25 11:13:14,16340.65,0
2021-05-25 11:13:19,16341.35,0
2021-05-25 11:13:26,16339.35,0
2021-05-25 11:13:28,16339.55,0
2021-05-25 11:13:32,16339.9,0
2021-05-25 11:13:33,16339.1,0
2021-05-25 11:13:35,16341.2,0
2021-05-25 11:13:36,16341.2,0
2021-05-25 11:13:41,16340.55,0
2021-05-25 11:13:44,16341.3,0
2021-05-25 11:13:49,16339.55,0
2021-05-25 11:13:50,16340.5,0
2021-05-25 11:13:51,16340.3,0
2021-05-25 11:13:53,16340.75,0
2021-05-25 11:13:54,16340.55,0
2021-05-25 11:13:55,16341.6,0
2021-05-25 11:13:58,16340.95,0
2021-05-25 11:13:59,16341.25,0
2021-05-25 11:14:00,16341.25,0
2021-05-25 11:14:01,16341.4,0
2021-05-25 11:14:02,16341.5,0
2021-05-25 11:14:04,16341.2,0
2021-05-25 11:14:06,16341.4,0
2021-05-25 11:14:08,16340.45,0
2021-05-25 11:14:10,16341.3,0
2021-05-25 11:14:13,16341.2,0
2021-05-25 11:14:17,16340.05,0
2021-05-25 11:14:19,16340.5,0
2021-05-25 11:14:28,16340.3,0
2021-05-25 11:14:29,16339.75,0
2021-05-25 11:14:37,16340.7,0
2021-05-25 11:14:42,16341.15,0
2021-05-25 11:14:44,16340.95,0
2021-05-25 11:14:56,16340.75,0
2021-05-25 11:14:57,16340.2,0
2021-05-25 11:15:04,16335.4,0
2021-05-25 11:15:05,16329.2,0
2021-05-25 11:15:07,16327.55,0
2021-05-25 11:15:12,16328.4,0
2021-05-25 11:15:13,16329.35,0
2021-05-25 11:15:21,16327.7,0
2021-05-25 11:15:22,16328.35,0
2021-05-25 11:15:23,16325.9,0
2021-05-25 11:15:24,16326.2,0
2021-05-25 11:15:25,16326.6,0
2021-05-25 11:15:30,16327.4,0
2021-05-25 11:15:32,16326.85,0
2021-05-25 11:15:33,16326.45,0
2021-05-25 11:15:37,16327.1,0
2021-05-25 11:15:39,16327.4,0
2021-05-25 11:15:42,16328.85,0
2021-05-25 11:15:50,16329.4,0
2021-05-25 11:15:53,16328.1,0
2021-05-25 11:15:55,16330.6,0
2021-05-25 11:15:58,16328.8,0
2021-05-25 11:15:59,16328.25,0
2021-05-25 11:16:00,16328.9,0
2021-05-25 11:16:03,16329.1,0
2021-05-25 11:16:04,16328.5,0
2021-05-25 11:16:05,16328.5,0
2021-05-25 11:16:06,16328.75,0
2021-05-25 11:16:08,16327.7,0
2021-05-25 11:16:10,16328.6,0
2021-05-25 11:16:11,16328.9,0
2021-05-25 11:16:13,16327.3,0
2021-05-25 11:16:14,16327.85,0
2021-05-25 11:16:18,16328.65,0
2021-05-25 11:16:19,16329.9,0
2021-05-25 11:16:27,16328.6,0
2021-05-25 11:16:29,16329.0,0
2021-05-25 11:16:31,16328.5,0
2021-05-25 11:16:35,16328.7,0
2021-05-25 11:16:39,16328.75,0
2021-05-25 11:16:46,16329.3,0
2021-05-25 11:16:47,16328.35,0
2021-05-25 11:16:50,16328.7,0
2021-05-25 11:16:51,16329.35,0
2021-05-25 11:16:53,16328.25,0
2021-05-25 11:16:54,16328.8,0
2021-05-25 11:16:55,16324.85,0
2021-05-25 11:16:57,16322.7,0
2021-05-25 11:17:02,16325.95,0
2021-05-25 11:17:04,16326.5,0
2021-05-25 11:17:05,16325.25,0
2021-05-25 11:17:09,16321.3,0
2021-05-25 11:17:12,16320.45,0
2021-05-25 11:17:15,16319.5,0
2021-05-25 11:17:18,16321.1,0
2021-05-25 11:17:22,16323.4,0
2021-05-25 11:17:23,16323.2,0
2021-05-25 11:17:28,16323.4,0
2021-05-25 11:17:30,16324.2,0
2021-05-25 11:17:31,16322.95,0
2021-05-25 11:17:36,16327.45,0
2021-05-25 11:17:38,16328.3,0
2021-05-25 11:17:44,16327.15,0
2021-05-25 11:17:46,16328.2,0
2021-05-25 11:17:53,16328.8,0
2021-05-25 11:17:54,16329.1,0
2021-05-25 11:18:02,16331.2,0
2021-05-25 11:18:04,16331.0,0
2021-05-25 11:18:10,16331.35,0
2021-05-25 11:18:18,16330.75,0
2021-05-25 11:18:22,16335.5,0
2021-05-25 11:18:24,16338.0,0
2021-05-25 11:18:31,16338.75,0
2021-05-25 11:18:32,16338.7,0
2021-05-25 11:18:33,16339.8,0
2021-05-25 11:18:40,16343.45,0
2021-05-25 11:18:44,16345.95,0
2021-05-25 11:18:47,16345.4,0
2021-05-25 11:18:52,16345.45,0
2021-05-25 11:18:53,16345.95,0
2021-05-25 11:18:56,16345.5,0
2021-05-25 11:18:59,16346.4,0
2021-05-25 11:19:01,16345.65,0
2021-05-25 11:19:07,16348.5,0
2021-05-25 11:19:10,16350.7,0
2021-05-25 11:19:13,16352.1,0
2021-05-25 11:19:19,16350.9,0
2021-05-25 11:19:27,16351.15,0
2021-05-25 11:19:31,16350.55,0
2021-05-25 11:19:33,16350.95,0
2021-05-25 11:19:36,16349.2,0
2021-05-25 11:19:38,16349.35,0
2021-05-25 11:19:40,16349.25,0
2021-05-25 11:19:44,16352.35,0
2021-05-25 11:19:48,16350.95,0
2021-05-25 11:19:51,16352.25,0
2021-05-25 11:19:55,16352.8,0
2021-05-25 11:19:57,16351.8,0
2021-05-25 11:20:02,16351.1,0
2021-05-25 11:20:06,16352.45,0
2021-05-25 11:20:10,16350.7,0
2021-05-25 11:20:12,16349.85,0
2021-05-25 11:20:15,16350.2,0
2021-05-25 11:20:23,16351.3,0
2021-05-25 11:20:25,16350.2,0
2021-05-25 11:20:27,16349.75,0
2021-05-25 11:20:30,16350.25,0
2021-05-25 11:20:33,16349.05,0
2021-05-25 11:20:34,16349.1,0
2021-05-25 11:20:50,16347.45,0
2021-05-25 11:20:52,16347.7,0
2021-05-25 11:20:54,16347.8,0
2021-05-25 11:20:55,16347.3,0
2021-05-25 11:21:03,16346.1,0
2021-05-25 11:21:04,16345.95,0
2021-05-25 11:21:05,16345.6,0
2021-05-25 11:21:06,16345.6,0
2021-05-25 11:21:07,16345.5,0
2021-05-25 11:21:10,16345.25,0
2021-05-25 11:21:12,16345.85,0
2021-05-25 11:21:14,16344.65,0
2021-05-25 11:21:17,16345.2,0
2021-05-25 11:21:19,16345.35,0
2021-05-25 11:21:20,16346.1,0
2021-05-25 11:21:22,16347.75,0
2021-05-25 11:21:24,16347.45,0
2021-05-25 11:21:29,16347.65,0
2021-05-25 11:21:31,16345.4,0
2021-05-25 11:21:34,16345.5,0
2021-05-25 11:21:35,16346.5,0
2021-05-25 11:21:36,16345.95,0
2021-05-25 11:21:37,16346.65,0
2021-05-25 11:21:39,16346.85,0
2021-05-25 11:21:47,16346.6,0
2021-05-25 11:21:51,16345.8,0
2021-05-25 11:21:56,16342.6,0
2021-05-25 11:21:58,16345.0,0
2021-05-25 11:22:00,16344.15,0
2021-05-25 11:22:01,16343.9,0
2021-05-25 11:22:04,16345.45,0
2021-05-25 11:22:05,16345.3,0
2021-05-25 11:22:07,16345.3,0
2021-05-25 11:22:17,16344.55,0
2021-05-25 11:22:18,16345.05,0
2021-05-25 11:22:20,16343.95,0
2021-05-25 11:22:21,16344.7,0
2021-05-25 11:22:25,16343.8,0
2021-05-25 11:22:29,16343.65,0
2021-05-25 11:22:34,16342.85,0
2021-05-25 11:22:44,16343.05,0
2021-05-25 11:22:45,16343.65,0
2021-05-25 11:22:53,16342.45,0
2021-05-25 11:22:59,16341.1,0
2021-05-25 11:23:00,16340.1,0
2021-05-25 11:23:01,16340.1,0
2021-05-25 11:23:04,16340.5,0
2021-05-25 11:23:05,16341.25,0
2021-05-25 11:23:07,16339.15,0
2021-05-25 11:23:08,16339.3,0
2021-05-25 11:23:10,16339.25,0
2021-05-25 11:23:17,16338.6,0
2021-05-25 11:23:18,16336.75,0
2021-05-25 11:23:21,16337.05,0
2021-05-25 11:23:23,16337.0,0
2021-05-25 11:23:25,16336.85,0
2021-05-25 11:23:28,16336.45,0
2021-05-25 11:23:29,16336.1,0
2021-05-25 11:23:30,16335.6,0
2021-05-25 11:23:31,16335.55,0
2021-05-25 11:23:32,16335.55,0
2021-05-25 11:23:34,16334.9,0
2021-05-25 11:23:35,16334.5,0
2021-05-25 11:23:36,16335.6,0
2021-05-25 11:23:38,16333.55,0
2021-05-25 11:23:40,16333.5,0
2021-05-25 11:23:44,16335.5,0
2021-05-25 11:23:45,16336.0,0
2021-05-25 11:23:50,16336.3,0
2021-05-25 11:23:59,16336.3,0
2021-05-25 11:24:01,16336.4,0
2021-05-25 11:24:05,16336.5,0
2021-05-25 11:24:07,16337.7,0
2021-05-25 11:24:09,16338.25,0
2021-05-25 11:24:12,16338.65,0
2021-05-25 11:24:13,16338.2,0
2021-05-25 11:24:15,16338.7,0
2021-05-25 11:24:17,16339.55,0
2021-05-25 11:24:18,16340.7,0
2021-05-25 11:24:19,16339.9,0
2021-05-25 11:24:24,16341.55,0
2021-05-25 11:24:26,16340.85,0
2021-05-25 11:24:30,16342.45,0
2021-05-25 11:24:31,16344.95,0
2021-05-25 11:24:36,16345.75,0
2021-05-25 11:24:38,16345.3,0
2021-05-25 11:24:40,16346.25,0
2021-05-25 11:24:45,16343.6,0
2021-05-25 11:24:47,16342.55,0
2021-05-25 11:24:48,16343.65,0
2021-05-25 11:24:49,16344.6,0
2021-05-25 11:24:50,16344.3,0
2021-05-25 11:24:52,16346.65,0
2021-05-25 11:24:53,16350.6,0
2021-05-25 11:24:55,16348.2,0
2021-05-25 11:24:57,16349.95,0
2021-05-25 11:25:04,16351.2,0
2021-05-25 11:25:07,16349.05,0
2021-05-25 11:25:10,16347.6,0
2021-05-25 11:25:11,16345.4,0
2021-05-25 11:25:15,16343.5,0
2021-05-25 11:25:18,16345.25,0
2021-05-25 11:25:20,16344.5,0
2021-05-25 11:25:21,16345.35,0
2021-05-25 11:25:22,16345.75,0
2021-05-25 11:25:25,16344.65,0
2021-05-25 11:25:26,16346.0,0
2021-05-25 11:25:27,16345.35,0
2021-05-25 11:25:30,16346.6,0
2021-05-25 11:25:31,16345.75,0
2021-05-25 11:25:35,16345.85,0
2021-05-25 11:25:36,16345.45,0
2021-05-25 11:25:39,16346.45,0
2021-05-25 11:25:40,16346.2,0
2021-05-25 11:25:41,16346.15,0
2021-05-25 11:25:42,16346.7,0
2021-05-25 11:25:43,16346.75,0
2021-05-25 11:25:44,16346.6,0
2021-05-25 11:25:46,16346.3,0
2021-05-25 11:25:47,16346.65,0
2021-05-25 11:25:50,16346.7,0
2021-05-25 11:25:54,16348.85,0
2021-05-25 11:25:56,16348.7,0
2021-05-25 11:26:00,16349.2,0
2021-05-25 11:26:04,16352.5,0
2021-05-25 11:26:05,16351.7,0
2021-05-25 11:26:09,16352.2,0
2021-05-25 11:26:10,16351.25,0
2021-05-25 11:26:12,16351.65,0
2021-05-25 11:26:18,16351.2,0
2021-05-25 11:26:26,16353.35,0
2021-05-25 11:26:27,16352.75,0
2021-05-25 11:26:30,16352.25,0
2021-05-25 11:26:31,16353.75,0
2021-05-25 11:26:33,16353.05,0
2021-05-25 11:26:37,16355.2,0
2021-05-25 11:26:44,16356.25,0
2021-05-25 11:26:54,16357.4,0
2021-05-25 11:26:57,16355.75,0
2021-05-25 11:26:58,16361.25,0
2021-05-25 11:26:59,16360.5,0
2021-05-25 11:27:02,16358.35,0
2021-05-25 11:27:05,16356.5,0
2021-05-25 11:27:06,16356.25,0
2021-05-25 11:27:07,16356.85,0
2021-05-25 11:27:08,16357.35,0
2021-05-25 11:27:09,16357.5,0
2021-05-25 11:27:13,16357.65,0
2021-05-25 11:27:15,16355.6,0
2021-05-25 11:27:16,16357.85,0
2021-05-25 11:27:24,16358.95,0
2021-05-25 11:27:27,16357.95,0
2021-05-25 11:27:28,16359.1,0
2021-05-25 11:27:46,16363.4,0
2021-05-25 11:27:53,16362.5,0
2021-05-25 11:27:56,16360.15,0
2021-05-25 11:27:58,16359.9,0
2021-05-25 11:27:59,16359.25,0
2021-05-25 11:28:03,16356.2,0
2021-05-25 11:28:07,16356.25,0
2021-05-25 11:28:09,16356.6,0
2021-05-25 11:28:13,16357.3,0
2021-05-25 11:28:14,16355.55,0
2021-05-25 11:28:16,16356.95,0
2021-05-25 11:28:17,16355.7,0
2021-05-25 11:28:18,16355.45,0
2021-05-25 11:28:21,16355.0,0
2021-05-25 11:28:22,16354.9,0
2021-05-25 11:28:23,16354.1,0
2021-05-25 11:28:24,16353.8,0
2021-05-25 11:28:25,16353.55,0
2021-05-25 11:28:26,16354.5,0
2021-05-25 11:28:31,16353.7,0
2021-05-25 11:28:32,16353.85,0
2021-05-25 11:28:35,16354.45,0
2021-05-25 11:28:36,16355.05,0
2021-05-25 11:28:37,16355.05,0
2021-05-25 11:28:40,16356.7,0
2021-05-25 11:28:43,16358.6,0
2021-05-25 11:28:45,16357.95,0
2021-05-25 11:28:50,16357.1,0
2021-05-25 11:28:51,16357.3,0
2021-05-25 11:28:52,16357.6,0
2021-05-25 11:28:53,16357.5,0
2021-05-25 11:28:54,16357.4,0
2021-05-25 11:28:57,16355.25,0
2021-05-25 11:29:01,16357.3,0
2021-05-25 11:29:03,16358.15,0
2021-05-25 11:29:04,16358.35,0
2021-05-25 11:29:06,16357.2,0
2021-05-25 11:29:09,16357.8,0
2021-05-25 11:29:12,16357.35,0
2021-05-25 11:29:13,16357.9,0
2021-05-25 11:29:15,16356.9,0
2021-05-25 11:29:20,16355.2,0
2021-05-25 11:29:21,16355.1,0
2021-05-25 11:29:22,16356.2,0
2021-05-25 11:29:23,16355.9,0
2021-05-25 11:29:24,16355.8,0
2021-05-25 11:29:27,16356.1,0
2021-05-25 11:29:29,16355.85,0
2021-05-25 11:29:31,16356.1,0
2021-05-25 11:29:33,16356.15,0
2021-05-25 11:29:34,16356.05,0
2021-05-25 11:29:35,16356.45,0
2021-05-25 11:29:36,16355.95,0
2021-05-25 11:29:37,16355.7,0
2021-05-25 11:29:39,16355.95,0
2021-05-25 11:29:40,16355.5,0
2021-05-25 11:29:41,16355.95,0
2021-05-25 11:29:42,16355.4,0
2021-05-25 11:29:43,16355.05,0
2021-05-25 11:29:46,16355.8,0
2021-05-25 11:29:47,16357.2,0
2021-05-25 11:29:56,16356.7,0
