timestamp,ltp,volume
2021-05-25 09:15:26,327.85,0
2021-05-25 09:15:29,328.05,0
2021-05-25 09:15:30,327.9,0
2021-05-25 09:15:32,328.1,0
2021-05-25 09:15:35,327.95,0
2021-05-25 09:15:36,328.2,0
2021-05-25 09:15:37,328.35,0
2021-05-25 09:15:38,328.2,0
2021-05-25 09:15:40,328.25,0
2021-05-25 09:15:41,328.15,0
2021-05-25 09:15:42,328.15,0
2021-05-25 09:15:43,328.1,0
2021-05-25 09:15:44,328.15,0
2021-05-25 09:15:47,328.3,0
2021-05-25 09:15:51,328.25,0
2021-05-25 09:15:52,328.2,0
2021-05-25 09:15:53,328.45,0
2021-05-25 09:15:54,328.35,0
2021-05-25 09:15:55,328.4,0
2021-05-25 09:15:56,328.4,0
2021-05-25 09:15:57,328.25,0
2021-05-25 09:15:58,328.45,0
2021-05-25 09:15:59,328.4,0
2021-05-25 09:16:01,328.3,0
2021-05-25 09:16:02,328.15,0
2021-05-25 09:16:03,328.15,0
2021-05-25 09:16:06,328.1,0
2021-05-25 09:16:07,328.0,0
2021-05-25 09:16:08,328.05,0
2021-05-25 09:16:10,327.95,0
2021-05-25 09:16:11,327.95,0
2021-05-25 09:16:12,327.75,0
2021-05-25 09:16:13,327.8,0
2021-05-25 09:16:14,327.9,0
2021-05-25 09:16:15,328.0,0
2021-05-25 09:16:16,327.95,0
2021-05-25 09:16:17,327.95,0
2021-05-25 09:16:18,328.0,0
2021-05-25 09:16:19,327.7,0
2021-05-25 09:16:20,327.8,0
2021-05-25 09:16:21,327.65,0
2021-05-25 09:16:22,327.65,0
2021-05-25 09:16:23,327.75,0
2021-05-25 09:16:24,327.55,0
2021-05-25 09:16:25,327.6,0
2021-05-25 09:16:26,327.6,0
2021-05-25 09:16:29,327.45,0
2021-05-25 09:16:30,327.7,0
2021-05-25 09:16:31,327.75,0
2021-05-25 09:16:32,327.75,0
2021-05-25 09:16:33,327.8,0
2021-05-25 09:16:34,327.65,0
2021-05-25 09:16:35,327.65,0
2021-05-25 09:16:36,327.65,0
2021-05-25 09:16:37,327.75,0
2021-05-25 09:16:38,327.7,0
2021-05-25 09:16:39,327.75,0
2021-05-25 09:16:41,327.9,0
2021-05-25 09:16:42,327.85,0
2021-05-25 09:16:43,327.8,0
2021-05-25 09:16:44,327.85,0
2021-05-25 09:16:45,327.85,0
2021-05-25 09:16:46,327.8,0
2021-05-25 09:16:47,327.85,0
2021-05-25 09:16:48,327.9,0
2021-05-25 09:16:50,327.95,0
2021-05-25 09:16:52,327.9,0
2021-05-25 09:16:53,327.8,0
2021-05-25 09:16:54,327.9,0
2021-05-25 09:16:56,327.85,0
2021-05-25 09:16:57,327.8,0
2021-05-25 09:16:58,327.85,0
2021-05-25 09:16:59,327.9,0
2021-05-25 09:17:00,327.95,0
2021-05-25 09:17:02,327.9,0
2021-05-25 09:17:03,327.85,0
2021-05-25 09:17:04,327.95,0
2021-05-25 09:17:05,327.9,0
2021-05-25 09:17:06,327.95,0
2021-05-25 09:17:07,327.95,0
2021-05-25 09:17:08,327.95,0
2021-05-25 09:17:10,327.9,0
2021-05-25 09:17:11,327.95,0
2021-05-25 09:17:12,327.9,0
2021-05-25 09:17:13,327.95,0
2021-05-25 09:17:14,327.95,0
2021-05-25 09:17:15,327.95,0
2021-05-25 09:17:16,327.95,0
2021-05-25 09:17:17,328.0,0
2021-05-25 09:17:18,327.95,0
2021-05-25 09:17:19,327.8,0
2021-05-25 09:17:20,327.75,0
2021-05-25 09:17:21,327.85,0
2021-05-25 09:17:22,327.8,0
2021-05-25 09:17:23,328.0,0
2021-05-25 09:17:24,327.9,0
2021-05-25 09:17:25,327.95,0
2021-05-25 09:17:26,327.95,0
2021-05-25 09:17:27,327.95,0
2021-05-25 09:17:28,327.9,0
2021-05-25 09:17:30,328.0,0
2021-05-25 09:17:31,328.05,0
2021-05-25 09:17:32,328.0,0
2021-05-25 09:17:33,327.95,0
2021-05-25 09:17:34,327.95,0
2021-05-25 09:17:35,327.9,0
2021-05-25 09:17:36,327.85,0
2021-05-25 09:17:37,328.05,0
2021-05-25 09:17:39,327.85,0
2021-05-25 09:17:41,327.8,0
2021-05-25 09:17:43,327.7,0
2021-05-25 09:17:44,327.75,0
2021-05-25 09:17:45,327.65,0
2021-05-25 09:17:47,327.75,0
2021-05-25 09:17:48,327.6,0
2021-05-25 09:17:49,327.6,0
2021-05-25 09:17:50,327.65,0
2021-05-25 09:17:53,327.85,0
2021-05-25 09:17:56,327.85,0
2021-05-25 09:17:57,327.8,0
2021-05-25 09:17:58,327.65,0
2021-05-25 09:18:00,327.5,0
2021-05-25 09:18:02,327.4,0
2021-05-25 09:18:03,327.45,0
2021-05-25 09:18:05,327.35,0
2021-05-25 09:18:06,327.45,0
2021-05-25 09:18:07,327.4,0
2021-05-25 09:18:08,327.45,0
2021-05-25 09:18:09,327.4,0
2021-05-25 09:18:12,327.3,0
2021-05-25 09:18:14,327.25,0
2021-05-25 09:18:16,327.3,0
2021-05-25 09:18:18,327.25,0
2021-05-25 09:18:19,327.25,0
2021-05-25 09:18:21,327.25,0
2021-05-25 09:18:23,327.3,0
2021-05-25 09:18:24,327.25,0
2021-05-25 09:18:25,327.3,0
2021-05-25 09:18:26,327.3,0
2021-05-25 09:18:27,327.35,0
2021-05-25 09:18:31,327.25,0
2021-05-25 09:18:32,327.3,0
2021-05-25 09:18:33,327.15,0
2021-05-25 09:18:34,327.2,0
2021-05-25 09:18:35,327.2,0
2021-05-25 09:18:36,327.15,0
2021-05-25 09:18:37,327.2,0
2021-05-25 09:18:38,327.25,0
2021-05-25 09:18:40,327.25,0
2021-05-25 09:18:41,327.25,0
2021-05-25 09:18:42,327.2,0
2021-05-25 09:18:44,327.2,0
2021-05-25 09:18:45,327.2,0
2021-05-25 09:18:46,327.2,0
2021-05-25 09:18:47,327.2,0
2021-05-25 09:18:48,327.3,0
2021-05-25 09:18:49,327.25,0
2021-05-25 09:18:50,327.25,0
2021-05-25 09:18:51,327.25,0
2021-05-25 09:18:52,327.3,0
2021-05-25 09:18:53,327.3,0
2021-05-25 09:18:54,327.35,0
2021-05-25 09:18:56,327.35,0
2021-05-25 09:18:57,327.35,0
2021-05-25 09:19:01,327.45,0
2021-05-25 09:19:02,327.45,0
2021-05-25 09:19:03,327.45,0
2021-05-25 09:19:05,327.45,0
2021-05-25 09:19:06,327.45,0
2021-05-25 09:19:07,327.45,0
2021-05-25 09:19:08,327.5,0
2021-05-25 09:19:11,327.6,0
2021-05-25 09:19:12,327.55,0
2021-05-25 09:19:13,327.55,0
2021-05-25 09:19:15,327.4,0
2021-05-25 09:19:17,327.55,0
2021-05-25 09:19:18,327.6,0
2021-05-25 09:19:19,327.45,0
2021-05-25 09:19:20,327.55,0
2021-05-25 09:19:21,327.55,0
2021-05-25 09:19:22,327.45,0
2021-05-25 09:19:23,327.45,0
2021-05-25 09:19:24,327.4,0
2021-05-25 09:19:25,327.4,0
2021-05-25 09:19:26,327.4,0
2021-05-25 09:19:27,327.45,0
2021-05-25 09:19:28,327.45,0
2021-05-25 09:19:30,327.45,0
2021-05-25 09:19:31,327.45,0
2021-05-25 09:19:32,327.4,0
2021-05-25 09:19:33,327.4,0
2021-05-25 09:19:34,327.5,0
2021-05-25 09:19:35,327.45,0
2021-05-25 09:19:36,327.4,0
2021-05-25 09:19:37,327.4,0
2021-05-25 09:19:38,327.45,0
2021-05-25 09:19:40,327.35,0
2021-05-25 09:19:43,327.4,0
2021-05-25 09:19:44,327.45,0
2021-05-25 09:19:45,327.35,0
2021-05-25 09:19:48,327.15,0
2021-05-25 09:19:50,327.25,0
2021-05-25 09:19:56,327.2,0
2021-05-25 09:19:57,327.2,0
2021-05-25 09:19:58,327.3,0
2021-05-25 09:19:59,327.25,0
2021-05-25 09:20:02,327.25,0
2021-05-25 09:20:03,327.25,0
2021-05-25 09:20:04,327.2,0
2021-05-25 09:20:05,327.3,0
2021-05-25 09:20:08,327.25,0
2021-05-25 09:20:09,327.2,0
2021-05-25 09:20:10,327.2,0
2021-05-25 09:20:11,327.3,0
2021-05-25 09:20:14,327.15,0
2021-05-25 09:20:15,327.25,0
2021-05-25 09:20:16,327.25,0
2021-05-25 09:20:17,327.25,0
2021-05-25 09:20:19,327.15,0
2021-05-25 09:20:21,327.2,0
2021-05-25 09:20:26,327.2,0
2021-05-25 09:20:29,327.25,0
2021-05-25 09:20:30,327.25,0
2021-05-25 09:20:33,327.4,0
2021-05-25 09:20:35,327.3,0
2021-05-25 09:20:36,327.3,0
2021-05-25 09:20:41,327.5,0
2021-05-25 09:20:45,327.45,0
2021-05-25 09:20:47,327.5,0
2021-05-25 09:20:49,327.4,0
2021-05-25 09:20:55,327.4,0
2021-05-25 09:20:56,327.35,0
2021-05-25 09:20:59,327.25,0
2021-05-25 09:21:00,327.2,0
2021-05-25 09:21:03,327.2,0
2021-05-25 09:21:05,327.05,0
2021-05-25 09:21:06,327.15,0
2021-05-25 09:21:08,326.95,0
2021-05-25 09:21:09,326.9,0
2021-05-25 09:21:10,326.95,0
2021-05-25 09:21:11,326.9,0
2021-05-25 09:21:12,326.85,0
2021-05-25 09:21:14,326.95,0
2021-05-25 09:21:15,326.95,0
2021-05-25 09:21:16,326.95,0
2021-05-25 09:21:17,326.9,0
2021-05-25 09:21:19,326.95,0
2021-05-25 09:21:20,327.05,0
2021-05-25 09:21:21,327.05,0
2021-05-25 09:21:22,327.05,0
2021-05-25 09:21:25,327.1,0
2021-05-25 09:21:26,327.1,0
2021-05-25 09:21:27,327.0,0
2021-05-25 09:21:28,327.05,0
2021-05-25 09:21:29,326.95,0
2021-05-25 09:21:31,327.0,0
2021-05-25 09:21:32,327.05,0
2021-05-25 09:21:33,327.15,0
2021-05-25 09:21:35,327.1,0
2021-05-25 09:21:36,327.2,0
2021-05-25 09:21:37,327.15,0
2021-05-25 09:21:38,327.15,0
2021-05-25 09:21:40,327.3,0
2021-05-25 09:21:42,327.1,0
2021-05-25 09:21:43,327.1,0
2021-05-25 09:21:44,327.05,0
2021-05-25 09:21:45,327.1,0
2021-05-25 09:21:46,327.2,0
2021-05-25 09:21:48,327.15,0
2021-05-25 09:21:49,327.2,0
2021-05-25 09:21:50,327.15,0
2021-05-25 09:21:52,327.1,0
2021-05-25 09:21:53,327.05,0
2021-05-25 09:21:54,327.1,0
2021-05-25 09:21:55,327.1,0
2021-05-25 09:21:56,327.05,0
2021-05-25 09:21:58,327.05,0
2021-05-25 09:21:59,327.0,0
2021-05-25 09:22:00,327.1,0
2021-05-25 09:22:01,327.05,0
2021-05-25 09:22:02,327.05,0
2021-05-25 09:22:03,327.05,0
2021-05-25 09:22:05,327.05,0
2021-05-25 09:22:08,326.8,0
2021-05-25 09:22:09,326.75,0
2021-05-25 09:22:13,326.8,0
2021-05-25 09:22:14,326.8,0
2021-05-25 09:22:16,326.85,0
2021-05-25 09:22:18,326.7,0
2021-05-25 09:22:19,326.75,0
2021-05-25 09:22:20,326.7,0
2021-05-25 09:22:24,326.6,0
2021-05-25 09:22:27,326.65,0
2021-05-25 09:22:28,326.65,0
2021-05-25 09:22:29,326.65,0
2021-05-25 09:22:30,326.65,0
2021-05-25 09:22:31,326.65,0
2021-05-25 09:22:32,326.7,0
2021-05-25 09:22:34,326.65,0
2021-05-25 09:22:35,326.6,0
2021-05-25 09:22:36,326.7,0
2021-05-25 09:22:39,326.7,0
2021-05-25 09:22:41,326.9,0
2021-05-25 09:22:43,327.05,0
2021-05-25 09:22:45,327.05,0
2021-05-25 09:22:46,326.95,0
2021-05-25 09:22:48,327.0,0
2021-05-25 09:22:49,327.0,0
2021-05-25 09:22:51,327.0,0
2021-05-25 09:22:54,327.1,0
2021-05-25 09:22:56,327.05,0
2021-05-25 09:22:57,327.05,0
2021-05-25 09:23:00,327.0,0
2021-05-25 09:23:01,327.05,0
2021-05-25 09:23:05,327.1,0
2021-05-25 09:23:07,327.1,0
2021-05-25 09:23:08,327.1,0
2021-05-25 09:23:09,327.1,0
2021-05-25 09:23:16,327.05,0
2021-05-25 09:23:17,326.95,0
2021-05-25 09:23:19,327.05,0
2021-05-25 09:23:20,327.05,0
2021-05-25 09:23:21,327.1,0
2021-05-25 09:23:22,327.0,0
2021-05-25 09:23:23,327.05,0
2021-05-25 09:23:24,327.05,0
2021-05-25 09:23:25,327.0,0
2021-05-25 09:23:26,327.05,0
2021-05-25 09:23:27,327.05,0
2021-05-25 09:23:28,327.05,0
2021-05-25 09:23:29,327.0,0
2021-05-25 09:23:30,327.05,0
2021-05-25 09:23:32,327.15,0
2021-05-25 09:23:35,327.15,0
2021-05-25 09:23:37,327.15,0
2021-05-25 09:23:38,327.25,0
2021-05-25 09:23:39,327.25,0
2021-05-25 09:23:40,327.25,0
2021-05-25 09:23:41,327.25,0
2021-05-25 09:23:42,327.25,0
2021-05-25 09:23:43,327.25,0
2021-05-25 09:23:44,327.15,0
2021-05-25 09:23:45,327.2,0
2021-05-25 09:23:46,327.1,0
2021-05-25 09:23:47,327.15,0
2021-05-25 09:23:49,327.15,0
2021-05-25 09:23:50,327.15,0
2021-05-25 09:23:51,327.15,0
2021-05-25 09:23:52,327.1,0
2021-05-25 09:23:53,327.1,0
2021-05-25 09:23:56,327.1,0
2021-05-25 09:23:57,327.1,0
2021-05-25 09:23:58,327.15,0
2021-05-25 09:23:59,327.2,0
2021-05-25 09:24:00,327.05,0
2021-05-25 09:24:01,327.1,0
2021-05-25 09:24:02,327.2,0
2021-05-25 09:24:03,327.25,0
2021-05-25 09:24:05,327.15,0
2021-05-25 09:24:06,327.1,0
2021-05-25 09:24:07,327.1,0
2021-05-25 09:24:08,327.15,0
2021-05-25 09:24:09,327.15,0
2021-05-25 09:24:10,327.1,0
2021-05-25 09:24:11,327.15,0
2021-05-25 09:24:12,327.15,0
2021-05-25 09:24:13,327.15,0
2021-05-25 09:24:14,327.1,0
2021-05-25 09:24:15,327.1,0
2021-05-25 09:24:16,327.05,0
2021-05-25 09:24:17,327.1,0
2021-05-25 09:24:18,327.05,0
2021-05-25 09:24:19,327.0,0
2021-05-25 09:24:20,327.05,0
2021-05-25 09:24:21,327.05,0
2021-05-25 09:24:22,327.1,0
2021-05-25 09:24:23,326.95,0
2021-05-25 09:24:24,326.95,0
2021-05-25 09:24:25,326.95,0
2021-05-25 09:24:26,327.0,0
2021-05-25 09:24:27,327.05,0
2021-05-25 09:24:28,327.1,0
2021-05-25 09:24:30,326.95,0
2021-05-25 09:24:31,327.0,0
2021-05-25 09:24:32,327.15,0
2021-05-25 09:24:33,327.15,0
2021-05-25 09:24:34,327.2,0
2021-05-25 09:24:35,327.2,0
2021-05-25 09:24:36,327.2,0
2021-05-25 09:24:37,327.15,0
2021-05-25 09:24:38,327.15,0
2021-05-25 09:24:39,327.1,0
2021-05-25 09:24:42,327.2,0
2021-05-25 09:24:43,327.2,0
2021-05-25 09:24:44,327.2,0
2021-05-25 09:24:47,327.2,0
2021-05-25 09:24:49,327.3,0
2021-05-25 09:24:50,327.3,0
2021-05-25 09:24:51,327.25,0
2021-05-25 09:24:52,327.25,0
2021-05-25 09:24:53,327.3,0
2021-05-25 09:24:55,327.3,0
2021-05-25 09:24:57,327.25,0
2021-05-25 09:24:58,327.3,0
2021-05-25 09:24:59,327.3,0
2021-05-25 09:25:00,327.3,0
2021-05-25 09:25:01,327.35,0
2021-05-25 09:25:02,327.4,0
2021-05-25 09:25:03,327.45,0
2021-05-25 09:25:04,327.35,0
2021-05-25 09:25:05,327.35,0
2021-05-25 09:25:06,327.35,0
2021-05-25 09:25:07,327.4,0
2021-05-25 09:25:08,327.4,0
2021-05-25 09:25:09,327.4,0
2021-05-25 09:25:11,327.4,0
2021-05-25 09:25:12,327.4,0
2021-05-25 09:25:13,327.5,0
2021-05-25 09:25:14,327.5,0
2021-05-25 09:25:16,327.55,0
2021-05-25 09:25:17,327.5,0
2021-05-25 09:25:20,327.5,0
2021-05-25 09:25:21,327.5,0
2021-05-25 09:25:22,327.55,0
2021-05-25 09:25:23,327.55,0
2021-05-25 09:25:24,327.7,0
2021-05-25 09:25:25,327.7,0
2021-05-25 09:25:26,327.65,0
2021-05-25 09:25:28,327.7,0
2021-05-25 09:25:29,327.75,0
2021-05-25 09:25:30,327.5,0
2021-05-25 09:25:31,327.5,0
2021-05-25 09:25:33,327.55,0
2021-05-25 09:25:34,327.6,0
2021-05-25 09:25:35,327.7,0
2021-05-25 09:25:36,327.55,0
2021-05-25 09:25:37,327.65,0
2021-05-25 09:25:38,327.6,0
2021-05-25 09:25:39,327.75,0
2021-05-25 09:25:40,327.75,0
2021-05-25 09:25:41,327.75,0
2021-05-25 09:25:42,327.75,0
2021-05-25 09:25:44,327.7,0
2021-05-25 09:25:45,327.75,0
2021-05-25 09:25:46,327.75,0
2021-05-25 09:25:48,327.75,0
2021-05-25 09:25:49,327.8,0
2021-05-25 09:25:50,327.75,0
2021-05-25 09:25:53,327.8,0
2021-05-25 09:25:54,327.75,0
2021-05-25 09:25:55,327.7,0
2021-05-25 09:25:57,327.75,0
2021-05-25 09:25:58,327.75,0
2021-05-25 09:26:00,327.8,0
2021-05-25 09:26:01,327.8,0
2021-05-25 09:26:02,327.85,0
2021-05-25 09:26:03,327.75,0
2021-05-25 09:26:04,327.75,0
2021-05-25 09:26:05,327.7,0
2021-05-25 09:26:06,327.7,0
2021-05-25 09:26:07,327.75,0
2021-05-25 09:26:08,327.75,0
2021-05-25 09:26:10,327.65,0
2021-05-25 09:26:11,327.6,0
2021-05-25 09:26:12,327.65,0
2021-05-25 09:26:13,327.7,0
2021-05-25 09:26:14,327.7,0
2021-05-25 09:26:15,327.7,0
2021-05-25 09:26:16,327.65,0
2021-05-25 09:26:17,327.75,0
2021-05-25 09:26:18,327.75,0
2021-05-25 09:26:19,327.7,0
2021-05-25 09:26:20,327.7,0
2021-05-25 09:26:22,327.8,0
2021-05-25 09:26:23,327.75,0
2021-05-25 09:26:24,327.8,0
2021-05-25 09:26:26,327.9,0
2021-05-25 09:26:27,327.85,0
2021-05-25 09:26:28,327.9,0
2021-05-25 09:26:29,327.9,0
2021-05-25 09:26:30,328.0,0
2021-05-25 09:26:31,328.05,0
2021-05-25 09:26:32,327.95,0
2021-05-25 09:26:33,328.05,0
2021-05-25 09:26:34,328.05,0
2021-05-25 09:26:35,327.95,0
2021-05-25 09:26:36,327.95,0
2021-05-25 09:26:37,327.9,0
2021-05-25 09:26:38,327.95,0
2021-05-25 09:26:39,327.95,0
2021-05-25 09:26:40,328.1,0
2021-05-25 09:26:41,328.25,0
2021-05-25 09:26:42,328.2,0
2021-05-25 09:26:43,328.25,0
2021-05-25 09:26:44,328.35,0
2021-05-25 09:26:45,328.25,0
2021-05-25 09:26:46,328.25,0
2021-05-25 09:26:47,328.2,0
2021-05-25 09:26:48,328.25,0
2021-05-25 09:26:51,328.25,0
2021-05-25 09:26:53,328.2,0
2021-05-25 09:26:55,328.2,0
2021-05-25 09:26:56,328.15,0
2021-05-25 09:26:57,328.2,0
2021-05-25 09:27:00,328.1,0
2021-05-25 09:27:01,328.15,0
2021-05-25 09:27:02,328.05,0
2021-05-25 09:27:03,328.1,0
2021-05-25 09:27:04,328.0,0
2021-05-25 09:27:05,328.05,0
2021-05-25 09:27:06,328.15,0
2021-05-25 09:27:09,328.05,0
2021-05-25 09:27:10,328.1,0
2021-05-25 09:27:12,328.1,0
2021-05-25 09:27:15,328.1,0
2021-05-25 09:27:16,328.05,0
2021-05-25 09:27:17,328.1,0
2021-05-25 09:27:18,328.05,0
2021-05-25 09:27:21,328.05,0
2021-05-25 09:27:23,328.1,0
2021-05-25 09:27:26,327.75,0
2021-05-25 09:27:27,327.85,0
2021-05-25 09:27:28,327.85,0
2021-05-25 09:27:29,327.75,0
2021-05-25 09:27:34,327.8,0
2021-05-25 09:27:36,327.8,0
2021-05-25 09:27:41,327.7,0
2021-05-25 09:27:44,327.8,0
2021-05-25 09:27:45,327.85,0
2021-05-25 09:27:47,327.85,0
2021-05-25 09:27:51,327.85,0
2021-05-25 09:27:53,327.9,0
2021-05-25 09:27:54,327.9,0
2021-05-25 09:27:55,327.85,0
2021-05-25 09:27:58,328.0,0
2021-05-25 09:27:59,328.0,0
2021-05-25 09:28:00,328.0,0
2021-05-25 09:28:01,327.95,0
2021-05-25 09:28:02,327.95,0
2021-05-25 09:28:04,327.95,0
2021-05-25 09:28:06,327.95,0
2021-05-25 09:28:07,327.95,0
2021-05-25 09:28:09,328.0,0
2021-05-25 09:28:10,328.0,0
2021-05-25 09:28:11,328.0,0
2021-05-25 09:28:13,328.05,0
2021-05-25 09:28:12,328.0,0
2021-05-25 09:28:14,328.05,0
2021-05-25 09:28:16,328.0,0
2021-05-25 09:28:17,328.05,0
2021-05-25 09:28:18,328.1,0
2021-05-25 09:28:19,328.1,0
2021-05-25 09:28:20,328.1,0
2021-05-25 09:28:21,328.1,0
2021-05-25 09:28:22,328.1,0
2021-05-25 09:28:23,328.05,0
2021-05-25 09:28:24,328.0,0
2021-05-25 09:28:25,328.0,0
2021-05-25 09:28:26,328.0,0
2021-05-25 09:28:27,327.95,0
2021-05-25 09:28:28,327.95,0
2021-05-25 09:28:29,327.95,0
2021-05-25 09:28:31,328.0,0
2021-05-25 09:28:32,327.95,0
2021-05-25 09:28:33,327.95,0
2021-05-25 09:28:35,328.05,0
2021-05-25 09:28:36,328.05,0
2021-05-25 09:28:38,328.1,0
2021-05-25 09:28:39,328.25,0
2021-05-25 09:28:40,328.25,0
2021-05-25 09:28:41,328.4,0
2021-05-25 09:28:42,328.45,0
2021-05-25 09:28:43,328.45,0
2021-05-25 09:28:44,328.45,0
2021-05-25 09:28:45,328.4,0
2021-05-25 09:28:46,328.4,0
2021-05-25 09:28:47,328.4,0
2021-05-25 09:28:48,328.4,0
2021-05-25 09:28:49,328.4,0
2021-05-25 09:28:50,328.35,0
2021-05-25 09:28:51,328.35,0
2021-05-25 09:28:53,328.4,0
2021-05-25 09:28:55,328.45,0
2021-05-25 09:28:56,328.4,0
2021-05-25 09:28:57,328.45,0
2021-05-25 09:28:58,328.35,0
2021-05-25 09:29:00,328.45,0
2021-05-25 09:29:01,328.35,0
2021-05-25 09:29:02,328.3,0
2021-05-25 09:29:04,328.35,0
2021-05-25 09:29:05,328.4,0
2021-05-25 09:29:07,328.5,0
2021-05-25 09:29:09,328.45,0
2021-05-25 09:29:10,328.35,0
2021-05-25 09:29:11,328.35,0
2021-05-25 09:29:15,328.4,0
2021-05-25 09:29:16,328.4,0
2021-05-25 09:29:17,328.35,0
2021-05-25 09:29:18,328.35,0
2021-05-25 09:29:19,328.3,0
2021-05-25 09:29:20,328.35,0
2021-05-25 09:29:23,328.35,0
2021-05-25 09:29:25,328.3,0
2021-05-25 09:29:26,328.3,0
2021-05-25 09:29:27,328.3,0
2021-05-25 09:29:28,328.35,0
2021-05-25 09:29:29,328.3,0
2021-05-25 09:29:30,328.3,0
2021-05-25 09:29:31,328.3,0
2021-05-25 09:29:33,328.35,0
2021-05-25 09:29:35,328.35,0
2021-05-25 09:29:36,328.3,0
2021-05-25 09:29:38,328.35,0
2021-05-25 09:29:39,328.3,0
2021-05-25 09:29:40,328.3,0
2021-05-25 09:29:41,328.25,0
2021-05-25 09:29:42,328.3,0
2021-05-25 09:29:43,328.3,0
2021-05-25 09:29:44,328.25,0
2021-05-25 09:29:45,328.25,0
2021-05-25 09:29:46,328.2,0
2021-05-25 09:29:47,328.2,0
2021-05-25 09:29:50,328.15,0
2021-05-25 09:29:51,328.1,0
2021-05-25 09:29:52,328.1,0
2021-05-25 09:29:53,328.15,0
2021-05-25 09:29:55,328.1,0
2021-05-25 09:29:57,328.15,0
2021-05-25 09:29:58,328.2,0
2021-05-25 09:29:59,328.25,0
2021-05-25 09:30:00,328.25,0
2021-05-25 09:30:01,328.2,0
2021-05-25 09:30:02,328.25,0
2021-05-25 09:30:04,328.25,0
2021-05-25 09:30:05,328.2,0
2021-05-25 09:30:07,328.2,0
2021-05-25 09:30:10,328.2,0
2021-05-25 09:30:11,328.25,0
2021-05-25 09:30:12,328.25,0
2021-05-25 09:30:13,328.15,0
2021-05-25 09:30:14,328.2,0
2021-05-25 09:30:16,328.2,0
2021-05-25 09:30:17,328.2,0
2021-05-25 09:30:18,328.2,0
2021-05-25 09:30:19,328.3,0
2021-05-25 09:30:20,328.2,0
2021-05-25 09:30:22,328.25,0
2021-05-25 09:30:23,328.3,0
2021-05-25 09:30:25,328.35,0
2021-05-25 09:30:26,328.35,0
2021-05-25 09:30:27,328.35,0
2021-05-25 09:30:29,328.3,0
2021-05-25 09:30:30,328.3,0
2021-05-25 09:30:31,328.3,0
2021-05-25 09:30:32,328.35,0
2021-05-25 09:30:33,328.3,0
2021-05-25 09:30:35,328.35,0
2021-05-25 09:30:36,328.35,0
2021-05-25 09:30:37,328.3,0
2021-05-25 09:30:38,328.25,0
2021-05-25 09:30:39,328.25,0
2021-05-25 09:30:42,328.2,0
2021-05-25 09:30:43,328.2,0
2021-05-25 09:30:44,328.15,0
2021-05-25 09:30:45,328.15,0
2021-05-25 09:30:49,328.1,0
2021-05-25 09:30:50,328.05,0
2021-05-25 09:30:51,328.05,0
2021-05-25 09:30:52,328.0,0
2021-05-25 09:30:54,328.0,0
2021-05-25 09:30:55,327.95,0
2021-05-25 09:30:56,327.9,0
2021-05-25 09:30:57,327.95,0
2021-05-25 09:30:58,327.9,0
2021-05-25 09:30:59,327.95,0
2021-05-25 09:31:00,327.7,0
2021-05-25 09:31:01,327.65,0
2021-05-25 09:31:04,327.8,0
2021-05-25 09:31:06,327.75,0
2021-05-25 09:31:08,327.75,0
2021-05-25 09:31:09,327.7,0
2021-05-25 09:31:10,327.65,0
2021-05-25 09:31:11,327.65,0
2021-05-25 09:31:12,327.65,0
2021-05-25 09:31:13,327.75,0
2021-05-25 09:31:15,327.65,0
2021-05-25 09:31:16,327.65,0
2021-05-25 09:31:19,327.55,0
2021-05-25 09:31:20,327.65,0
2021-05-25 09:31:21,327.65,0
2021-05-25 09:31:22,327.65,0
2021-05-25 09:31:23,327.6,0
2021-05-25 09:31:24,327.6,0
2021-05-25 09:31:25,327.6,0
2021-05-25 09:31:27,327.7,0
2021-05-25 09:31:28,327.65,0
2021-05-25 09:31:29,327.65,0
2021-05-25 09:31:30,327.7,0
2021-05-25 09:31:32,327.6,0
2021-05-25 09:31:35,327.65,0
2021-05-25 09:31:36,327.7,0
2021-05-25 09:31:37,327.65,0
2021-05-25 09:31:38,327.65,0
2021-05-25 09:31:39,327.6,0
2021-05-25 09:31:41,327.6,0
2021-05-25 09:31:42,327.6,0
2021-05-25 09:31:43,327.6,0
2021-05-25 09:31:44,327.6,0
2021-05-25 09:31:45,327.65,0
2021-05-25 09:31:46,327.65,0
2021-05-25 09:31:47,327.65,0
2021-05-25 09:31:48,327.6,0
2021-05-25 09:31:49,327.65,0
2021-05-25 09:31:50,327.6,0
2021-05-25 09:31:51,327.55,0
2021-05-25 09:31:52,327.6,0
2021-05-25 09:31:53,327.6,0
2021-05-25 09:31:54,327.6,0
2021-05-25 09:31:55,327.65,0
2021-05-25 09:31:56,327.6,0
2021-05-25 09:31:57,327.65,0
2021-05-25 09:31:58,327.65,0
2021-05-25 09:31:59,327.6,0
2021-05-25 09:32:01,327.65,0
2021-05-25 09:32:02,327.6,0
2021-05-25 09:32:03,327.6,0
2021-05-25 09:32:04,327.65,0
2021-05-25 09:32:05,327.6,0
2021-05-25 09:32:07,327.65,0
2021-05-25 09:32:08,327.7,0
2021-05-25 09:32:12,327.6,0
2021-05-25 09:32:13,327.6,0
2021-05-25 09:32:15,327.55,0
2021-05-25 09:32:18,327.6,0
2021-05-25 09:32:20,327.6,0
2021-05-25 09:32:21,327.65,0
2021-05-25 09:32:22,327.75,0
2021-05-25 09:32:23,327.75,0
2021-05-25 09:32:24,327.75,0
2021-05-25 09:32:25,327.7,0
2021-05-25 09:32:28,327.7,0
2021-05-25 09:32:30,327.65,0
2021-05-25 09:32:31,327.65,0
2021-05-25 09:32:32,327.65,0
2021-05-25 09:32:34,327.65,0
2021-05-25 09:32:36,327.55,0
2021-05-25 09:32:37,327.6,0
2021-05-25 09:32:38,327.65,0
2021-05-25 09:32:39,327.65,0
2021-05-25 09:32:40,327.6,0
2021-05-25 09:32:41,327.65,0
2021-05-25 09:32:42,327.7,0
2021-05-25 09:32:43,327.75,0
2021-05-25 09:32:44,327.75,0
2021-05-25 09:32:45,327.65,0
2021-05-25 09:32:46,327.7,0
2021-05-25 09:32:47,327.75,0
2021-05-25 09:32:48,327.75,0
2021-05-25 09:32:49,327.75,0
2021-05-25 09:32:50,327.85,0
2021-05-25 09:32:51,327.85,0
2021-05-25 09:32:52,327.8,0
2021-05-25 09:32:53,327.7,0
2021-05-25 09:32:55,327.8,0
2021-05-25 09:32:56,327.75,0
2021-05-25 09:32:57,327.85,0
2021-05-25 09:32:58,327.8,0
2021-05-25 09:32:59,327.8,0
2021-05-25 09:33:00,327.75,0
2021-05-25 09:33:01,327.9,0
2021-05-25 09:33:02,327.9,0
2021-05-25 09:33:03,327.9,0
2021-05-25 09:33:04,327.9,0
2021-05-25 09:33:05,327.85,0
2021-05-25 09:33:06,327.85,0
2021-05-25 09:33:07,327.8,0
2021-05-25 09:33:09,327.9,0
2021-05-25 09:33:10,327.85,0
2021-05-25 09:33:11,327.85,0
2021-05-25 09:33:12,327.9,0
2021-05-25 09:33:13,327.8,0
2021-05-25 09:33:14,327.75,0
2021-05-25 09:33:15,327.75,0
2021-05-25 09:33:16,327.8,0
2021-05-25 09:33:18,327.75,0
2021-05-25 09:33:20,327.75,0
2021-05-25 09:33:21,327.65,0
2021-05-25 09:33:22,327.65,0
2021-05-25 09:33:23,327.8,0
2021-05-25 09:33:24,327.8,0
2021-05-25 09:33:25,327.75,0
2021-05-25 09:33:26,327.75,0
2021-05-25 09:33:28,327.85,0
2021-05-25 09:33:30,327.75,0
2021-05-25 09:33:31,327.75,0
2021-05-25 09:33:32,327.75,0
2021-05-25 09:33:33,327.8,0
2021-05-25 09:33:35,327.7,0
2021-05-25 09:33:37,327.65,0
2021-05-25 09:33:38,327.65,0
2021-05-25 09:33:39,327.6,0
2021-05-25 09:33:40,327.6,0
2021-05-25 09:33:42,327.5,0
2021-05-25 09:33:43,327.55,0
2021-05-25 09:33:44,327.55,0
2021-05-25 09:33:46,327.6,0
2021-05-25 09:33:47,327.45,0
2021-05-25 09:33:48,327.4,0
2021-05-25 09:33:49,327.45,0
2021-05-25 09:33:50,327.5,0
2021-05-25 09:33:51,327.45,0
2021-05-25 09:33:53,327.6,0
2021-05-25 09:33:54,327.55,0
2021-05-25 09:33:56,327.45,0
2021-05-25 09:33:58,327.5,0
2021-05-25 09:33:59,327.55,0
2021-05-25 09:34:00,327.4,0
2021-05-25 09:34:01,327.45,0
2021-05-25 09:34:02,327.5,0
2021-05-25 09:34:03,327.5,0
2021-05-25 09:34:04,327.55,0
2021-05-25 09:34:05,327.55,0
2021-05-25 09:34:06,327.55,0
2021-05-25 09:34:07,327.55,0
2021-05-25 09:34:08,327.55,0
2021-05-25 09:34:09,327.5,0
2021-05-25 09:34:10,327.45,0
2021-05-25 09:34:11,327.5,0
2021-05-25 09:34:12,327.55,0
2021-05-25 09:34:14,327.4,0
2021-05-25 09:34:15,327.55,0
2021-05-25 09:34:16,327.5,0
2021-05-25 09:34:17,327.55,0
2021-05-25 09:34:18,327.55,0
2021-05-25 09:34:19,327.55,0
2021-05-25 09:34:20,327.5,0
2021-05-25 09:34:21,327.5,0
2021-05-25 09:34:22,327.6,0
2021-05-25 09:34:23,327.6,0
2021-05-25 09:34:24,327.5,0
2021-05-25 09:34:25,327.55,0
2021-05-25 09:34:26,327.45,0
2021-05-25 09:34:27,327.5,0
2021-05-25 09:34:28,327.45,0
2021-05-25 09:34:29,327.5,0
2021-05-25 09:34:31,327.45,0
2021-05-25 09:34:32,327.55,0
2021-05-25 09:34:35,327.5,0
2021-05-25 09:34:36,327.5,0
2021-05-25 09:34:37,327.5,0
2021-05-25 09:34:39,327.55,0
2021-05-25 09:34:40,327.5,0
2021-05-25 09:34:41,327.5,0
2021-05-25 09:34:42,327.45,0
2021-05-25 09:34:43,327.5,0
2021-05-25 09:34:44,327.45,0
2021-05-25 09:34:47,327.45,0
2021-05-25 09:34:48,327.45,0
2021-05-25 09:34:49,327.4,0
2021-05-25 09:34:51,327.45,0
2021-05-25 09:34:55,327.45,0
2021-05-25 09:34:56,327.4,0
2021-05-25 09:34:57,327.4,0
2021-05-25 09:34:58,327.4,0
2021-05-25 09:34:59,327.45,0
2021-05-25 09:35:00,327.4,0
2021-05-25 09:35:01,327.45,0
2021-05-25 09:35:02,327.45,0
2021-05-25 09:35:04,327.35,0
2021-05-25 09:35:05,327.35,0
2021-05-25 09:35:07,327.2,0
2021-05-25 09:35:08,327.3,0
2021-05-25 09:35:09,327.3,0
2021-05-25 09:35:10,327.3,0
2021-05-25 09:35:12,327.4,0
2021-05-25 09:35:13,327.35,0
2021-05-25 09:35:14,327.3,0
2021-05-25 09:35:15,327.35,0
2021-05-25 09:35:16,327.4,0
2021-05-25 09:35:17,327.4,0
2021-05-25 09:35:18,327.45,0
2021-05-25 09:35:19,327.4,0
2021-05-25 09:35:20,327.35,0
2021-05-25 09:35:21,327.35,0
2021-05-25 09:35:22,327.4,0
2021-05-25 09:35:23,327.4,0
2021-05-25 09:35:24,327.4,0
2021-05-25 09:35:25,327.4,0
2021-05-25 09:35:26,327.4,0
2021-05-25 09:35:27,327.4,0
2021-05-25 09:35:28,327.45,0
2021-05-25 09:35:30,327.4,0
2021-05-25 09:35:31,327.4,0
2021-05-25 09:35:32,327.4,0
2021-05-25 09:35:33,327.4,0
2021-05-25 09:35:34,327.45,0
2021-05-25 09:35:35,327.45,0
2021-05-25 09:35:36,327.45,0
2021-05-25 09:35:38,327.4,0
2021-05-25 09:35:39,327.45,0
2021-05-25 09:35:40,327.45,0
2021-05-25 09:35:43,327.45,0
2021-05-25 09:35:44,327.45,0
2021-05-25 09:35:46,327.6,0
2021-05-25 09:35:48,327.6,0
2021-05-25 09:35:49,327.6,0
2021-05-25 09:35:50,327.6,0
2021-05-25 09:35:51,327.55,0
2021-05-25 09:35:52,327.6,0
2021-05-25 09:35:53,327.55,0
2021-05-25 09:35:54,327.55,0
2021-05-25 09:35:55,327.55,0
2021-05-25 09:35:56,327.55,0
2021-05-25 09:35:57,327.55,0
2021-05-25 09:35:58,327.6,0
2021-05-25 09:35:59,327.6,0
2021-05-25 09:36:00,327.6,0
2021-05-25 09:36:02,327.65,0
2021-05-25 09:36:03,327.65,0
2021-05-25 09:36:04,327.65,0
2021-05-25 09:36:07,327.7,0
2021-05-25 09:36:08,327.65,0
2021-05-25 09:36:09,327.65,0
2021-05-25 09:36:10,327.6,0
2021-05-25 09:36:12,327.6,0
2021-05-25 09:36:13,327.65,0
2021-05-25 09:36:14,327.65,0
2021-05-25 09:36:15,327.6,0
2021-05-25 09:36:16,327.6,0
2021-05-25 09:36:18,327.55,0
2021-05-25 09:36:20,327.6,0
2021-05-25 09:36:21,327.6,0
2021-05-25 09:36:22,327.6,0
2021-05-25 09:36:23,327.6,0
2021-05-25 09:36:24,327.55,0
2021-05-25 09:36:27,327.6,0
2021-05-25 09:36:28,327.5,0
2021-05-25 09:36:29,327.5,0
2021-05-25 09:36:30,327.6,0
2021-05-25 09:36:31,327.7,0
2021-05-25 09:36:32,327.7,0
2021-05-25 09:36:33,327.65,0
2021-05-25 09:36:34,327.6,0
2021-05-25 09:36:35,327.7,0
2021-05-25 09:36:37,327.75,0
2021-05-25 09:36:40,327.65,0
2021-05-25 09:36:42,327.65,0
2021-05-25 09:36:44,327.65,0
2021-05-25 09:36:49,327.7,0
2021-05-25 09:36:50,327.75,0
2021-05-25 09:36:51,327.75,0
2021-05-25 09:36:52,327.75,0
2021-05-25 09:36:53,327.8,0
2021-05-25 09:36:55,327.8,0
2021-05-25 09:36:56,327.8,0
2021-05-25 09:36:59,327.75,0
2021-05-25 09:37:02,327.8,0
2021-05-25 09:37:03,327.8,0
2021-05-25 09:37:04,327.8,0
2021-05-25 09:37:05,327.8,0
2021-05-25 09:37:06,327.95,0
2021-05-25 09:37:07,327.8,0
2021-05-25 09:37:08,327.8,0
2021-05-25 09:37:09,327.8,0
2021-05-25 09:37:10,327.8,0
2021-05-25 09:37:11,327.85,0
2021-05-25 09:37:12,327.9,0
2021-05-25 09:37:13,327.85,0
2021-05-25 09:37:14,327.8,0
2021-05-25 09:37:15,327.85,0
2021-05-25 09:37:16,327.8,0
2021-05-25 09:37:17,327.8,0
2021-05-25 09:37:18,327.75,0
2021-05-25 09:37:21,327.75,0
2021-05-25 09:37:22,327.8,0
2021-05-25 09:37:24,327.8,0
2021-05-25 09:37:25,327.85,0
2021-05-25 09:37:26,327.8,0
2021-05-25 09:37:27,327.8,0
2021-05-25 09:37:28,327.8,0
2021-05-25 09:37:29,327.85,0
2021-05-25 09:37:30,327.75,0
2021-05-25 09:37:31,327.7,0
2021-05-25 09:37:33,327.8,0
2021-05-25 09:37:34,327.85,0
2021-05-25 09:37:35,327.8,0
2021-05-25 09:37:36,327.8,0
2021-05-25 09:37:38,327.8,0
2021-05-25 09:37:39,327.8,0
2021-05-25 09:37:40,327.8,0
2021-05-25 09:37:41,327.8,0
2021-05-25 09:37:42,327.85,0
2021-05-25 09:37:43,327.8,0
2021-05-25 09:37:44,327.8,0
2021-05-25 09:37:45,327.85,0
2021-05-25 09:37:46,327.85,0
2021-05-25 09:37:47,327.85,0
2021-05-25 09:37:48,327.8,0
2021-05-25 09:37:49,327.8,0
2021-05-25 09:37:50,327.8,0
2021-05-25 09:37:51,327.8,0
2021-05-25 09:37:53,327.9,0
2021-05-25 09:37:54,327.85,0
2021-05-25 09:37:55,327.85,0
2021-05-25 09:37:56,327.85,0
2021-05-25 09:37:57,327.9,0
2021-05-25 09:37:58,327.85,0
2021-05-25 09:37:59,327.8,0
2021-05-25 09:38:00,327.85,0
2021-05-25 09:38:01,327.8,0
2021-05-25 09:38:02,327.75,0
2021-05-25 09:38:04,327.75,0
2021-05-25 09:38:05,327.85,0
2021-05-25 09:38:06,327.85,0
2021-05-25 09:38:07,327.85,0
2021-05-25 09:38:10,327.9,0
2021-05-25 09:38:11,327.9,0
2021-05-25 09:38:12,327.85,0
2021-05-25 09:38:13,327.9,0
2021-05-25 09:38:14,327.9,0
2021-05-25 09:38:15,327.9,0
2021-05-25 09:38:16,327.9,0
2021-05-25 09:38:17,327.9,0
2021-05-25 09:38:18,327.95,0
2021-05-25 09:38:19,327.95,0
2021-05-25 09:38:20,327.95,0
2021-05-25 09:38:22,327.9,0
2021-05-25 09:38:23,327.95,0
2021-05-25 09:38:24,327.95,0
2021-05-25 09:38:26,327.95,0
2021-05-25 09:38:27,327.95,0
2021-05-25 09:38:28,327.95,0
2021-05-25 09:38:29,328.0,0
2021-05-25 09:38:31,327.95,0
2021-05-25 09:38:32,327.95,0
2021-05-25 09:38:33,327.9,0
2021-05-25 09:38:34,327.95,0
2021-05-25 09:38:37,327.9,0
2021-05-25 09:38:38,327.9,0
2021-05-25 09:38:39,327.85,0
2021-05-25 09:38:41,327.9,0
2021-05-25 09:38:42,327.9,0
2021-05-25 09:38:43,327.85,0
2021-05-25 09:38:44,327.85,0
2021-05-25 09:38:46,327.85,0
2021-05-25 09:38:47,327.85,0
2021-05-25 09:38:48,327.9,0
2021-05-25 09:38:49,327.9,0
2021-05-25 09:38:50,327.95,0
2021-05-25 09:38:51,328.0,0
2021-05-25 09:38:52,328.0,0
2021-05-25 09:38:53,328.0,0
2021-05-25 09:38:55,328.05,0
2021-05-25 09:38:57,328.0,0
2021-05-25 09:38:58,328.15,0
2021-05-25 09:38:59,328.1,0
2021-05-25 09:39:02,328.05,0
2021-05-25 09:39:04,328.1,0
2021-05-25 09:39:06,328.15,0
2021-05-25 09:39:07,328.2,0
2021-05-25 09:39:08,328.2,0
2021-05-25 09:39:09,328.2,0
2021-05-25 09:39:10,328.2,0
2021-05-25 09:39:13,328.2,0
2021-05-25 09:39:14,328.2,0
2021-05-25 09:39:15,328.2,0
2021-05-25 09:39:16,328.35,0
2021-05-25 09:39:17,328.35,0
2021-05-25 09:39:18,328.35,0
2021-05-25 09:39:20,328.4,0
2021-05-25 09:39:21,328.4,0
2021-05-25 09:39:22,328.4,0
2021-05-25 09:39:23,328.35,0
2021-05-25 09:39:24,328.25,0
2021-05-25 09:39:25,328.25,0
2021-05-25 09:39:26,328.25,0
2021-05-25 09:39:28,328.3,0
2021-05-25 09:39:29,328.25,0
2021-05-25 09:39:30,328.25,0
2021-05-25 09:39:32,328.25,0
2021-05-25 09:39:33,328.25,0
2021-05-25 09:39:34,328.25,0
2021-05-25 09:39:35,328.25,0
2021-05-25 09:39:36,328.25,0
2021-05-25 09:39:37,328.25,0
2021-05-25 09:39:38,328.25,0
2021-05-25 09:39:39,328.25,0
2021-05-25 09:39:40,328.15,0
2021-05-25 09:39:41,328.15,0
2021-05-25 09:39:43,328.25,0
2021-05-25 09:39:44,328.15,0
2021-05-25 09:39:45,328.1,0
2021-05-25 09:39:46,328.15,0
2021-05-25 09:39:47,328.15,0
2021-05-25 09:39:48,328.1,0
2021-05-25 09:39:49,328.15,0
2021-05-25 09:39:50,328.15,0
2021-05-25 09:39:51,328.1,0
2021-05-25 09:39:52,328.0,0
2021-05-25 09:39:53,328.05,0
2021-05-25 09:39:54,328.1,0
2021-05-25 09:39:55,328.15,0
2021-05-25 09:39:56,328.15,0
2021-05-25 09:39:57,328.1,0
2021-05-25 09:39:58,328.15,0
2021-05-25 09:40:00,328.1,0
2021-05-25 09:40:01,328.1,0
2021-05-25 09:40:02,328.15,0
2021-05-25 09:40:04,328.2,0
2021-05-25 09:40:05,328.2,0
2021-05-25 09:40:06,328.1,0
2021-05-25 09:40:07,328.15,0
2021-05-25 09:40:08,328.15,0
2021-05-25 09:40:09,328.1,0
2021-05-25 09:40:11,328.1,0
2021-05-25 09:40:12,328.0,0
2021-05-25 09:40:13,328.05,0
2021-05-25 09:40:14,328.05,0
2021-05-25 09:40:15,328.05,0
2021-05-25 09:40:16,328.1,0
2021-05-25 09:40:18,328.0,0
2021-05-25 09:40:19,328.1,0
2021-05-25 09:40:20,328.1,0
2021-05-25 09:40:22,328.05,0
2021-05-25 09:40:24,328.05,0
2021-05-25 09:40:25,328.05,0
2021-05-25 09:40:26,328.05,0
2021-05-25 09:40:29,327.95,0
2021-05-25 09:40:30,327.95,0
2021-05-25 09:40:31,327.85,0
2021-05-25 09:40:32,327.95,0
2021-05-25 09:40:33,327.95,0
2021-05-25 09:40:34,328.0,0
2021-05-25 09:40:36,327.95,0
2021-05-25 09:40:37,327.95,0
2021-05-25 09:40:38,327.95,0
2021-05-25 09:40:39,327.85,0
2021-05-25 09:40:42,327.9,0
2021-05-25 09:40:44,327.85,0
2021-05-25 09:40:45,327.85,0
2021-05-25 09:40:46,327.85,0
2021-05-25 09:40:47,327.85,0
2021-05-25 09:40:48,327.8,0
2021-05-25 09:40:49,327.85,0
2021-05-25 09:40:51,327.9,0
2021-05-25 09:40:52,327.85,0
2021-05-25 09:40:53,327.85,0
2021-05-25 09:40:55,327.8,0
2021-05-25 09:40:57,327.8,0
2021-05-25 09:40:58,327.8,0
2021-05-25 09:40:59,327.8,0
2021-05-25 09:41:00,327.85,0
2021-05-25 09:41:01,327.8,0
2021-05-25 09:41:03,327.8,0
2021-05-25 09:41:04,327.8,0
2021-05-25 09:41:05,327.75,0
2021-05-25 09:41:06,327.8,0
2021-05-25 09:41:07,327.85,0
2021-05-25 09:41:09,327.8,0
2021-05-25 09:41:11,327.85,0
2021-05-25 09:41:15,327.65,0
2021-05-25 09:41:18,327.7,0
2021-05-25 09:41:19,327.7,0
2021-05-25 09:41:21,327.7,0
2021-05-25 09:41:23,327.65,0
2021-05-25 09:41:24,327.65,0
2021-05-25 09:41:25,327.65,0
2021-05-25 09:41:26,327.6,0
2021-05-25 09:41:28,327.7,0
2021-05-25 09:41:29,327.7,0
2021-05-25 09:41:31,327.65,0
2021-05-25 09:41:32,327.6,0
2021-05-25 09:41:33,327.65,0
2021-05-25 09:41:34,327.7,0
2021-05-25 09:41:35,327.65,0
2021-05-25 09:41:36,327.65,0
2021-05-25 09:41:37,327.65,0
2021-05-25 09:41:38,327.7,0
2021-05-25 09:41:41,327.7,0
2021-05-25 09:41:42,327.65,0
2021-05-25 09:41:43,327.65,0
2021-05-25 09:41:45,327.65,0
2021-05-25 09:41:46,327.65,0
2021-05-25 09:41:47,327.7,0
2021-05-25 09:41:48,327.7,0
2021-05-25 09:41:49,327.65,0
2021-05-25 09:41:50,327.7,0
2021-05-25 09:41:52,327.7,0
2021-05-25 09:41:53,327.65,0
2021-05-25 09:41:54,327.65,0
2021-05-25 09:41:55,327.65,0
2021-05-25 09:41:56,327.65,0
2021-05-25 09:41:57,327.7,0
2021-05-25 09:41:58,327.7,0
2021-05-25 09:41:59,327.75,0
2021-05-25 09:42:00,327.7,0
2021-05-25 09:42:01,327.7,0
2021-05-25 09:42:02,327.75,0
2021-05-25 09:42:03,327.75,0
2021-05-25 09:42:05,327.7,0
2021-05-25 09:42:07,327.75,0
2021-05-25 09:42:08,327.7,0
2021-05-25 09:42:09,327.7,0
2021-05-25 09:42:10,327.7,0
2021-05-25 09:42:12,327.65,0
2021-05-25 09:42:13,327.65,0
2021-05-25 09:42:14,327.65,0
2021-05-25 09:42:15,327.65,0
2021-05-25 09:42:16,327.65,0
2021-05-25 09:42:17,327.65,0
2021-05-25 09:42:19,327.6,0
2021-05-25 09:42:20,327.6,0
2021-05-25 09:42:22,327.6,0
2021-05-25 09:42:23,327.65,0
2021-05-25 09:42:24,327.6,0
2021-05-25 09:42:26,327.6,0
2021-05-25 09:42:28,327.6,0
2021-05-25 09:42:29,327.6,0
2021-05-25 09:42:30,327.6,0
2021-05-25 09:42:31,327.6,0
2021-05-25 09:42:32,327.6,0
2021-05-25 09:42:33,327.65,0
2021-05-25 09:42:34,327.6,0
2021-05-25 09:42:35,327.65,0
2021-05-25 09:42:37,327.65,0
2021-05-25 09:42:38,327.65,0
2021-05-25 09:42:39,327.65,0
2021-05-25 09:42:40,327.65,0
2021-05-25 09:42:41,327.65,0
2021-05-25 09:42:42,327.65,0
2021-05-25 09:42:43,327.6,0
2021-05-25 09:42:44,327.6,0
2021-05-25 09:42:45,327.6,0
2021-05-25 09:42:46,327.65,0
2021-05-25 09:42:47,327.65,0
2021-05-25 09:42:48,327.65,0
2021-05-25 09:42:49,327.65,0
2021-05-25 09:42:51,327.65,0
2021-05-25 09:42:52,327.65,0
2021-05-25 09:42:53,327.65,0
2021-05-25 09:42:54,327.6,0
2021-05-25 09:42:57,327.6,0
2021-05-25 09:42:58,327.65,0
2021-05-25 09:42:59,327.6,0
2021-05-25 09:43:00,327.65,0
2021-05-25 09:43:01,327.7,0
2021-05-25 09:43:02,327.65,0
2021-05-25 09:43:03,327.7,0
2021-05-25 09:43:04,327.65,0
2021-05-25 09:43:05,327.65,0
2021-05-25 09:43:06,327.65,0
2021-05-25 09:43:08,327.65,0
2021-05-25 09:43:09,327.7,0
2021-05-25 09:43:10,327.65,0
2021-05-25 09:43:12,327.6,0
2021-05-25 09:43:13,327.6,0
2021-05-25 09:43:14,327.6,0
2021-05-25 09:43:15,327.6,0
2021-05-25 09:43:16,327.6,0
2021-05-25 09:43:17,327.6,0
2021-05-25 09:43:18,327.6,0
2021-05-25 09:43:20,327.55,0
2021-05-25 09:43:22,327.6,0
2021-05-25 09:43:24,327.55,0
2021-05-25 09:43:25,327.55,0
2021-05-25 09:43:26,327.5,0
2021-05-25 09:43:27,327.5,0
2021-05-25 09:43:29,327.55,0
2021-05-25 09:43:32,327.5,0
2021-05-25 09:43:33,327.5,0
2021-05-25 09:43:34,327.45,0
2021-05-25 09:43:35,327.55,0
2021-05-25 09:43:36,327.5,0
2021-05-25 09:43:38,327.3,0
2021-05-25 09:43:39,327.35,0
2021-05-25 09:43:41,327.4,0
2021-05-25 09:43:42,327.5,0
2021-05-25 09:43:44,327.45,0
2021-05-25 09:43:45,327.45,0
2021-05-25 09:43:46,327.4,0
2021-05-25 09:43:48,327.35,0
2021-05-25 09:43:51,327.45,0
2021-05-25 09:43:53,327.35,0
2021-05-25 09:43:54,327.35,0
2021-05-25 09:43:55,327.35,0
2021-05-25 09:43:56,327.35,0
2021-05-25 09:43:57,327.35,0
2021-05-25 09:43:59,327.4,0
2021-05-25 09:44:00,327.4,0
2021-05-25 09:44:01,327.4,0
2021-05-25 09:44:02,327.4,0
2021-05-25 09:44:03,327.4,0
2021-05-25 09:44:05,327.45,0
2021-05-25 09:44:04,327.4,0
2021-05-25 09:44:06,327.45,0
2021-05-25 09:44:08,327.45,0
2021-05-25 09:44:11,327.45,0
2021-05-25 09:44:12,327.45,0
2021-05-25 09:44:13,327.45,0
2021-05-25 09:44:14,327.4,0
2021-05-25 09:44:15,327.35,0
2021-05-25 09:44:16,327.35,0
2021-05-25 09:44:18,327.4,0
2021-05-25 09:44:19,327.4,0
2021-05-25 09:44:20,327.3,0
2021-05-25 09:44:22,327.3,0
2021-05-25 09:44:23,327.3,0
2021-05-25 09:44:24,327.3,0
2021-05-25 09:44:25,327.3,0
2021-05-25 09:44:26,327.2,0
2021-05-25 09:44:28,327.25,0
2021-05-25 09:44:29,327.25,0
2021-05-25 09:44:30,327.3,0
2021-05-25 09:44:31,327.25,0
2021-05-25 09:44:32,327.25,0
2021-05-25 09:44:33,327.25,0
2021-05-25 09:44:34,327.3,0
2021-05-25 09:44:35,327.25,0
2021-05-25 09:44:36,327.3,0
2021-05-25 09:44:37,327.3,0
2021-05-25 09:44:38,327.25,0
2021-05-25 09:44:39,327.2,0
2021-05-25 09:44:40,327.2,0
2021-05-25 09:44:41,327.25,0
2021-05-25 09:44:42,327.25,0
2021-05-25 09:44:43,327.3,0
2021-05-25 09:44:46,327.25,0
2021-05-25 09:44:48,327.15,0
2021-05-25 09:44:50,327.2,0
2021-05-25 09:44:51,327.2,0
2021-05-25 09:44:52,327.2,0
2021-05-25 09:44:53,327.2,0
2021-05-25 09:44:55,327.2,0
2021-05-25 09:44:56,327.15,0
2021-05-25 09:44:57,327.2,0
2021-05-25 09:44:58,327.2,0
2021-05-25 09:44:59,327.25,0
2021-05-25 09:45:00,327.15,0
2021-05-25 09:45:01,327.2,0
2021-05-25 09:45:04,327.3,0
2021-05-25 09:45:06,327.3,0
2021-05-25 09:45:07,327.3,0
2021-05-25 09:45:09,327.3,0
2021-05-25 09:45:10,327.3,0
2021-05-25 09:45:12,327.3,0
2021-05-25 09:45:13,327.25,0
2021-05-25 09:45:14,327.2,0
2021-05-25 09:45:15,327.25,0
2021-05-25 09:45:18,327.25,0
2021-05-25 09:45:19,327.15,0
2021-05-25 09:45:20,327.2,0
2021-05-25 09:45:22,327.25,0
2021-05-25 09:45:23,327.25,0
2021-05-25 09:45:24,327.2,0
2021-05-25 09:45:25,327.2,0
2021-05-25 09:45:26,327.2,0
2021-05-25 09:45:27,327.25,0
2021-05-25 09:45:28,327.25,0
2021-05-25 09:45:29,327.25,0
2021-05-25 09:45:30,327.25,0
2021-05-25 09:45:31,327.25,0
2021-05-25 09:45:32,327.2,0
2021-05-25 09:45:33,327.2,0
2021-05-25 09:45:34,327.3,0
2021-05-25 09:45:35,327.3,0
2021-05-25 09:45:36,327.3,0
2021-05-25 09:45:37,327.3,0
2021-05-25 09:45:38,327.3,0
2021-05-25 09:45:39,327.3,0
2021-05-25 09:45:40,327.25,0
2021-05-25 09:45:42,327.25,0
2021-05-25 09:45:43,327.2,0
2021-05-25 09:45:44,327.15,0
2021-05-25 09:45:45,327.2,0
2021-05-25 09:45:46,327.2,0
2021-05-25 09:45:47,327.25,0
2021-05-25 09:45:48,327.2,0
2021-05-25 09:45:49,327.25,0
2021-05-25 09:45:50,327.25,0
2021-05-25 09:45:51,327.25,0
2021-05-25 09:45:52,327.25,0
2021-05-25 09:45:53,327.3,0
2021-05-25 09:45:54,327.35,0
2021-05-25 09:45:56,327.3,0
2021-05-25 09:45:57,327.3,0
2021-05-25 09:45:58,327.35,0
2021-05-25 09:45:59,327.35,0
2021-05-25 09:46:01,327.3,0
2021-05-25 09:46:02,327.25,0
2021-05-25 09:46:03,327.3,0
2021-05-25 09:46:04,327.25,0
2021-05-25 09:46:06,327.25,0
2021-05-25 09:46:07,327.3,0
2021-05-25 09:46:08,327.3,0
2021-05-25 09:46:09,327.3,0
2021-05-25 09:46:10,327.3,0
2021-05-25 09:46:11,327.25,0
2021-05-25 09:46:12,327.25,0
2021-05-25 09:46:13,327.25,0
2021-05-25 09:46:15,327.25,0
2021-05-25 09:46:16,327.25,0
2021-05-25 09:46:17,327.25,0
2021-05-25 09:46:18,327.25,0
2021-05-25 09:46:19,327.25,0
2021-05-25 09:46:20,327.25,0
2021-05-25 09:46:22,327.2,0
2021-05-25 09:46:23,327.2,0
2021-05-25 09:46:25,327.2,0
2021-05-25 09:46:27,327.2,0
2021-05-25 09:46:29,327.2,0
2021-05-25 09:46:30,327.2,0
2021-05-25 09:46:31,327.15,0
2021-05-25 09:46:32,327.25,0
2021-05-25 09:46:33,327.25,0
2021-05-25 09:46:34,327.3,0
2021-05-25 09:46:36,327.25,0
2021-05-25 09:46:37,327.2,0
2021-05-25 09:46:38,327.2,0
2021-05-25 09:46:39,327.25,0
2021-05-25 09:46:40,327.25,0
2021-05-25 09:46:41,327.25,0
2021-05-25 09:46:42,327.3,0
2021-05-25 09:46:43,327.25,0
2021-05-25 09:46:44,327.25,0
2021-05-25 09:46:45,327.3,0
2021-05-25 09:46:46,327.3,0
2021-05-25 09:46:47,327.3,0
2021-05-25 09:46:49,327.35,0
2021-05-25 09:46:50,327.35,0
2021-05-25 09:46:51,327.35,0
2021-05-25 09:46:52,327.35,0
2021-05-25 09:46:53,327.35,0
2021-05-25 09:46:54,327.3,0
2021-05-25 09:46:55,327.3,0
2021-05-25 09:46:56,327.3,0
2021-05-25 09:46:57,327.35,0
2021-05-25 09:46:58,327.3,0
2021-05-25 09:46:59,327.3,0
2021-05-25 09:47:00,327.35,0
2021-05-25 09:47:01,327.3,0
2021-05-25 09:47:02,327.3,0
2021-05-25 09:47:03,327.3,0
2021-05-25 09:47:04,327.3,0
2021-05-25 09:47:06,327.3,0
2021-05-25 09:47:07,327.3,0
2021-05-25 09:47:08,327.3,0
2021-05-25 09:47:09,327.3,0
2021-05-25 09:47:11,327.25,0
2021-05-25 09:47:12,327.3,0
2021-05-25 09:47:13,327.3,0
2021-05-25 09:47:14,327.25,0
2021-05-25 09:47:15,327.3,0
2021-05-25 09:47:16,327.2,0
2021-05-25 09:47:17,327.3,0
2021-05-25 09:47:18,327.3,0
2021-05-25 09:47:19,327.3,0
2021-05-25 09:47:20,327.35,0
2021-05-25 09:47:21,327.3,0
2021-05-25 09:47:23,327.2,0
2021-05-25 09:47:24,327.2,0
2021-05-25 09:47:25,327.2,0
2021-05-25 09:47:26,327.25,0
2021-05-25 09:47:27,327.2,0
2021-05-25 09:47:28,327.25,0
2021-05-25 09:47:29,327.25,0
2021-05-25 09:47:30,327.2,0
2021-05-25 09:47:31,327.3,0
2021-05-25 09:47:32,327.2,0
2021-05-25 09:47:34,327.2,0
2021-05-25 09:47:36,327.15,0
2021-05-25 09:47:40,327.2,0
2021-05-25 09:47:41,327.2,0
2021-05-25 09:47:42,327.2,0
2021-05-25 09:47:44,327.2,0
2021-05-25 09:47:45,327.25,0
2021-05-25 09:47:46,327.3,0
2021-05-25 09:47:47,327.3,0
2021-05-25 09:47:48,327.25,0
2021-05-25 09:47:50,327.3,0
2021-05-25 09:47:51,327.3,0
2021-05-25 09:47:52,327.3,0
2021-05-25 09:47:53,327.35,0
2021-05-25 09:47:56,327.25,0
2021-05-25 09:47:55,327.4,0
2021-05-25 09:47:57,327.35,0
2021-05-25 09:47:58,327.35,0
2021-05-25 09:47:59,327.4,0
2021-05-25 09:48:00,327.4,0
2021-05-25 09:48:01,327.4,0
2021-05-25 09:48:03,327.4,0
2021-05-25 09:48:06,327.45,0
2021-05-25 09:48:08,327.45,0
2021-05-25 09:48:09,327.5,0
2021-05-25 09:48:10,327.5,0
2021-05-25 09:48:12,327.5,0
2021-05-25 09:48:13,327.5,0
2021-05-25 09:48:14,327.45,0
2021-05-25 09:48:17,327.45,0
2021-05-25 09:48:19,327.45,0
2021-05-25 09:48:20,327.45,0
2021-05-25 09:48:21,327.45,0
2021-05-25 09:48:22,327.5,0
2021-05-25 09:48:23,327.55,0
2021-05-25 09:48:24,327.55,0
2021-05-25 09:48:25,327.55,0
2021-05-25 09:48:26,327.55,0
2021-05-25 09:48:28,327.55,0
2021-05-25 09:48:29,327.55,0
2021-05-25 09:48:30,327.55,0
2021-05-25 09:48:31,327.55,0
2021-05-25 09:48:32,327.55,0
2021-05-25 09:48:33,327.55,0
2021-05-25 09:48:34,327.6,0
2021-05-25 09:48:35,327.55,0
2021-05-25 09:48:36,327.55,0
2021-05-25 09:48:37,327.55,0
2021-05-25 09:48:38,327.55,0
2021-05-25 09:48:40,327.55,0
2021-05-25 09:48:41,327.6,0
2021-05-25 09:48:42,327.55,0
2021-05-25 09:48:43,327.55,0
2021-05-25 09:48:44,327.55,0
2021-05-25 09:48:45,327.55,0
2021-05-25 09:48:48,327.7,0
2021-05-25 09:48:49,327.65,0
2021-05-25 09:48:53,327.65,0
2021-05-25 09:48:55,327.65,0
2021-05-25 09:48:59,327.65,0
2021-05-25 09:49:01,327.7,0
2021-05-25 09:49:03,327.6,0
2021-05-25 09:49:04,327.6,0
2021-05-25 09:49:05,327.6,0
2021-05-25 09:49:07,327.6,0
2021-05-25 09:49:10,327.55,0
2021-05-25 09:49:11,327.5,0
2021-05-25 09:49:12,327.55,0
2021-05-25 09:49:13,327.55,0
2021-05-25 09:49:14,327.55,0
2021-05-25 09:49:15,327.5,0
2021-05-25 09:49:16,327.55,0
2021-05-25 09:49:18,327.4,0
2021-05-25 09:49:19,327.4,0
2021-05-25 09:49:20,327.4,0
2021-05-25 09:49:21,327.45,0
2021-05-25 09:49:24,327.4,0
2021-05-25 09:49:26,327.4,0
2021-05-25 09:49:27,327.4,0
2021-05-25 09:49:28,327.3,0
2021-05-25 09:49:29,327.3,0
2021-05-25 09:49:30,327.25,0
2021-05-25 09:49:31,327.3,0
2021-05-25 09:49:33,327.3,0
2021-05-25 09:49:35,327.25,0
2021-05-25 09:49:36,327.25,0
2021-05-25 09:49:37,327.3,0
2021-05-25 09:49:42,327.2,0
2021-05-25 09:49:44,327.2,0
2021-05-25 09:49:45,327.25,0
2021-05-25 09:49:46,327.2,0
2021-05-25 09:49:47,327.2,0
2021-05-25 09:49:48,327.25,0
2021-05-25 09:49:49,327.25,0
2021-05-25 09:49:50,327.25,0
2021-05-25 09:49:51,327.25,0
2021-05-25 09:49:52,327.25,0
2021-05-25 09:49:53,327.25,0
2021-05-25 09:49:55,327.25,0
2021-05-25 09:49:58,327.2,0
2021-05-25 09:49:59,327.2,0
2021-05-25 09:50:02,327.25,0
2021-05-25 09:50:03,327.2,0
2021-05-25 09:50:04,327.2,0
2021-05-25 09:50:05,327.25,0
2021-05-25 09:50:06,327.25,0
2021-05-25 09:50:08,327.25,0
2021-05-25 09:50:09,327.25,0
2021-05-25 09:50:10,327.25,0
2021-05-25 09:50:11,327.2,0
2021-05-25 09:50:12,327.2,0
2021-05-25 09:50:15,327.25,0
2021-05-25 09:50:16,327.2,0
2021-05-25 09:50:18,327.1,0
2021-05-25 09:50:19,327.1,0
2021-05-25 09:50:20,327.15,0
2021-05-25 09:50:21,327.15,0
2021-05-25 09:50:22,327.2,0
2021-05-25 09:50:23,327.2,0
2021-05-25 09:50:24,327.1,0
2021-05-25 09:50:25,327.1,0
2021-05-25 09:50:26,327.15,0
2021-05-25 09:50:27,327.1,0
2021-05-25 09:50:28,327.15,0
2021-05-25 09:50:29,327.2,0
2021-05-25 09:50:31,327.15,0
2021-05-25 09:50:32,327.15,0
2021-05-25 09:50:33,327.15,0
2021-05-25 09:50:34,327.15,0
2021-05-25 09:50:35,327.15,0
2021-05-25 09:50:37,327.3,0
2021-05-25 09:50:38,327.3,0
2021-05-25 09:50:39,327.25,0
2021-05-25 09:50:40,327.3,0
2021-05-25 09:50:41,327.2,0
2021-05-25 09:50:42,327.2,0
2021-05-25 09:50:43,327.2,0
2021-05-25 09:50:45,327.2,0
2021-05-25 09:50:46,327.2,0
2021-05-25 09:50:47,327.25,0
2021-05-25 09:50:48,327.2,0
2021-05-25 09:50:49,327.25,0
2021-05-25 09:50:50,327.25,0
2021-05-25 09:50:51,327.25,0
2021-05-25 09:50:52,327.3,0
2021-05-25 09:50:53,327.25,0
2021-05-25 09:50:54,327.25,0
2021-05-25 09:50:56,327.25,0
2021-05-25 09:50:57,327.2,0
2021-05-25 09:50:58,327.15,0
2021-05-25 09:50:59,327.15,0
2021-05-25 09:51:00,327.15,0
2021-05-25 09:51:01,327.2,0
2021-05-25 09:51:02,327.15,0
2021-05-25 09:51:03,327.2,0
2021-05-25 09:51:04,327.2,0
2021-05-25 09:51:06,327.15,0
2021-05-25 09:51:08,327.15,0
2021-05-25 09:51:11,327.1,0
2021-05-25 09:51:12,327.1,0
2021-05-25 09:51:13,327.1,0
2021-05-25 09:51:14,326.95,0
2021-05-25 09:51:15,326.85,0
2021-05-25 09:51:16,326.95,0
2021-05-25 09:51:17,326.95,0
2021-05-25 09:51:18,326.95,0
2021-05-25 09:51:20,326.95,0
2021-05-25 09:51:21,326.85,0
2021-05-25 09:51:22,326.95,0
2021-05-25 09:51:23,326.85,0
2021-05-25 09:51:24,326.8,0
2021-05-25 09:51:25,326.9,0
2021-05-25 09:51:26,326.8,0
2021-05-25 09:51:27,326.9,0
2021-05-25 09:51:28,326.8,0
2021-05-25 09:51:29,326.85,0
2021-05-25 09:51:30,326.9,0
2021-05-25 09:51:31,326.8,0
2021-05-25 09:51:32,326.95,0
2021-05-25 09:51:33,326.9,0
2021-05-25 09:51:34,326.9,0
2021-05-25 09:51:35,327.0,0
2021-05-25 09:51:36,326.9,0
2021-05-25 09:51:37,326.9,0
2021-05-25 09:51:38,326.9,0
2021-05-25 09:51:39,326.95,0
2021-05-25 09:51:40,326.95,0
2021-05-25 09:51:41,326.9,0
2021-05-25 09:51:42,326.9,0
2021-05-25 09:51:43,326.95,0
2021-05-25 09:51:44,326.9,0
2021-05-25 09:51:45,326.95,0
2021-05-25 09:51:46,326.9,0
2021-05-25 09:51:47,326.95,0
2021-05-25 09:51:48,326.9,0
2021-05-25 09:51:49,326.9,0
2021-05-25 09:51:50,326.85,0
2021-05-25 09:51:51,326.9,0
2021-05-25 09:51:52,326.85,0
2021-05-25 09:51:53,326.85,0
2021-05-25 09:51:54,326.85,0
2021-05-25 09:51:59,326.8,0
2021-05-25 09:52:00,326.75,0
2021-05-25 09:52:01,326.75,0
2021-05-25 09:52:02,326.8,0
2021-05-25 09:52:03,326.85,0
2021-05-25 09:52:04,326.9,0
2021-05-25 09:52:05,326.9,0
2021-05-25 09:52:06,326.85,0
2021-05-25 09:52:07,326.8,0
2021-05-25 09:52:08,326.8,0
2021-05-25 09:52:10,326.8,0
2021-05-25 09:52:11,326.8,0
2021-05-25 09:52:13,326.75,0
2021-05-25 09:52:15,326.75,0
2021-05-25 09:52:16,326.7,0
2021-05-25 09:52:17,326.7,0
2021-05-25 09:52:18,326.75,0
2021-05-25 09:52:19,326.7,0
2021-05-25 09:52:20,326.7,0
2021-05-25 09:52:21,326.7,0
2021-05-25 09:52:22,326.75,0
2021-05-25 09:52:23,326.7,0
2021-05-25 09:52:25,326.7,0
2021-05-25 09:52:26,326.65,0
2021-05-25 09:52:27,326.7,0
2021-05-25 09:52:28,326.7,0
2021-05-25 09:52:29,326.8,0
2021-05-25 09:52:30,326.75,0
2021-05-25 09:52:31,326.7,0
2021-05-25 09:52:32,326.5,0
2021-05-25 09:52:33,326.55,0
2021-05-25 09:52:34,326.5,0
2021-05-25 09:52:35,326.5,0
2021-05-25 09:52:36,326.6,0
2021-05-25 09:52:39,326.55,0
2021-05-25 09:52:40,326.5,0
2021-05-25 09:52:41,326.5,0
2021-05-25 09:52:42,326.5,0
2021-05-25 09:52:43,326.45,0
2021-05-25 09:52:47,326.55,0
2021-05-25 09:52:49,326.5,0
2021-05-25 09:52:50,326.5,0
2021-05-25 09:52:51,326.5,0
2021-05-25 09:52:52,326.5,0
2021-05-25 09:52:53,326.5,0
2021-05-25 09:52:54,326.35,0
2021-05-25 09:52:55,326.35,0
2021-05-25 09:52:57,326.4,0
2021-05-25 09:52:59,326.4,0
2021-05-25 09:53:00,326.45,0
2021-05-25 09:53:02,326.45,0
2021-05-25 09:53:03,326.45,0
2021-05-25 09:53:05,326.4,0
2021-05-25 09:53:06,326.45,0
2021-05-25 09:53:07,326.45,0
2021-05-25 09:53:08,326.35,0
2021-05-25 09:53:09,326.35,0
2021-05-25 09:53:10,326.25,0
2021-05-25 09:53:11,326.25,0
2021-05-25 09:53:12,326.3,0
2021-05-25 09:53:14,326.3,0
2021-05-25 09:53:17,326.2,0
2021-05-25 09:53:18,326.3,0
2021-05-25 09:53:19,326.35,0
2021-05-25 09:53:21,326.35,0
2021-05-25 09:53:22,326.35,0
2021-05-25 09:53:23,326.4,0
2021-05-25 09:53:24,326.3,0
2021-05-25 09:53:25,326.3,0
2021-05-25 09:53:27,326.3,0
2021-05-25 09:53:28,326.35,0
2021-05-25 09:53:29,326.3,0
2021-05-25 09:53:30,326.3,0
2021-05-25 09:53:31,326.25,0
2021-05-25 09:53:32,326.3,0
2021-05-25 09:53:34,326.35,0
2021-05-25 09:53:35,326.4,0
2021-05-25 09:53:36,326.3,0
2021-05-25 09:53:37,326.35,0
2021-05-25 09:53:38,326.35,0
2021-05-25 09:53:39,326.35,0
2021-05-25 09:53:40,326.35,0
2021-05-25 09:53:41,326.35,0
2021-05-25 09:53:42,326.35,0
2021-05-25 09:53:43,326.35,0
2021-05-25 09:53:44,326.3,0
2021-05-25 09:53:45,326.35,0
2021-05-25 09:53:46,326.3,0
2021-05-25 09:53:48,326.3,0
2021-05-25 09:53:49,326.3,0
2021-05-25 09:53:50,326.3,0
2021-05-25 09:53:51,326.3,0
2021-05-25 09:53:52,326.35,0
2021-05-25 09:53:53,326.3,0
2021-05-25 09:53:54,326.4,0
2021-05-25 09:53:55,326.3,0
2021-05-25 09:53:58,326.4,0
2021-05-25 09:53:59,326.4,0
2021-05-25 09:54:01,326.45,0
2021-05-25 09:54:02,326.45,0
2021-05-25 09:54:03,326.4,0
2021-05-25 09:54:04,326.3,0
2021-05-25 09:54:05,326.4,0
2021-05-25 09:54:06,326.35,0
2021-05-25 09:54:08,326.35,0
2021-05-25 09:54:09,326.35,0
2021-05-25 09:54:10,326.3,0
2021-05-25 09:54:12,326.3,0
2021-05-25 09:54:13,326.3,0
2021-05-25 09:54:14,326.25,0
2021-05-25 09:54:15,326.3,0
2021-05-25 09:54:16,326.3,0
2021-05-25 09:54:17,326.35,0
2021-05-25 09:54:18,326.3,0
2021-05-25 09:54:19,326.35,0
2021-05-25 09:54:20,326.35,0
2021-05-25 09:54:22,326.45,0
2021-05-25 09:54:23,326.45,0
2021-05-25 09:54:25,326.4,0
2021-05-25 09:54:26,326.35,0
2021-05-25 09:54:28,326.4,0
2021-05-25 09:54:30,326.45,0
2021-05-25 09:54:32,326.4,0
2021-05-25 09:54:34,326.4,0
2021-05-25 09:54:35,326.4,0
2021-05-25 09:54:36,326.45,0
2021-05-25 09:54:37,326.5,0
2021-05-25 09:54:38,326.45,0
2021-05-25 09:54:40,326.45,0
2021-05-25 09:54:41,326.45,0
2021-05-25 09:54:43,326.45,0
2021-05-25 09:54:44,326.45,0
2021-05-25 09:54:47,326.45,0
2021-05-25 09:54:48,326.45,0
2021-05-25 09:54:49,326.45,0
2021-05-25 09:54:50,326.4,0
2021-05-25 09:54:51,326.35,0
2021-05-25 09:54:54,326.35,0
2021-05-25 09:54:55,326.45,0
2021-05-25 09:54:56,326.4,0
2021-05-25 09:54:57,326.45,0
2021-05-25 09:55:01,326.45,0
2021-05-25 09:55:03,326.45,0
2021-05-25 09:55:04,326.45,0
2021-05-25 09:55:05,326.45,0
2021-05-25 09:55:06,326.55,0
2021-05-25 09:55:08,326.65,0
2021-05-25 09:55:09,326.65,0
2021-05-25 09:55:10,326.6,0
2021-05-25 09:55:11,326.6,0
2021-05-25 09:55:13,326.6,0
2021-05-25 09:55:14,326.6,0
2021-05-25 09:55:15,326.6,0
2021-05-25 09:55:16,326.6,0
2021-05-25 09:55:18,326.65,0
2021-05-25 09:55:19,326.75,0
2021-05-25 09:55:20,326.7,0
2021-05-25 09:55:21,326.75,0
2021-05-25 09:55:22,326.8,0
2021-05-25 09:55:23,326.8,0
2021-05-25 09:55:24,326.75,0
2021-05-25 09:55:25,326.75,0
2021-05-25 09:55:26,326.75,0
2021-05-25 09:55:27,326.9,0
2021-05-25 09:55:28,326.8,0
2021-05-25 09:55:31,326.75,0
2021-05-25 09:55:32,326.75,0
2021-05-25 09:55:34,326.65,0
2021-05-25 09:55:35,326.65,0
2021-05-25 09:55:37,326.55,0
2021-05-25 09:55:39,326.6,0
2021-05-25 09:55:40,326.6,0
2021-05-25 09:55:41,326.55,0
2021-05-25 09:55:42,326.5,0
2021-05-25 09:55:43,326.55,0
2021-05-25 09:55:44,326.5,0
2021-05-25 09:55:45,326.5,0
2021-05-25 09:55:48,326.55,0
2021-05-25 09:55:50,326.55,0
2021-05-25 09:55:51,326.55,0
2021-05-25 09:55:52,326.5,0
2021-05-25 09:55:53,326.5,0
2021-05-25 09:55:54,326.45,0
2021-05-25 09:55:55,326.45,0
2021-05-25 09:55:56,326.45,0
2021-05-25 09:55:57,326.55,0
2021-05-25 09:55:58,326.55,0
2021-05-25 09:55:59,326.55,0
2021-05-25 09:56:01,326.55,0
2021-05-25 09:56:02,326.55,0
2021-05-25 09:56:03,326.5,0
2021-05-25 09:56:04,326.45,0
2021-05-25 09:56:05,326.45,0
2021-05-25 09:56:06,326.45,0
2021-05-25 09:56:07,326.5,0
2021-05-25 09:56:08,326.5,0
2021-05-25 09:56:09,326.5,0
2021-05-25 09:56:10,326.55,0
2021-05-25 09:56:11,326.65,0
2021-05-25 09:56:12,326.7,0
2021-05-25 09:56:13,326.7,0
2021-05-25 09:56:14,326.7,0
2021-05-25 09:56:15,326.65,0
2021-05-25 09:56:16,326.65,0
2021-05-25 09:56:17,326.7,0
2021-05-25 09:56:18,326.7,0
2021-05-25 09:56:20,326.7,0
2021-05-25 09:56:21,326.7,0
2021-05-25 09:56:22,326.7,0
2021-05-25 09:56:23,326.75,0
2021-05-25 09:56:24,326.75,0
2021-05-25 09:56:25,326.75,0
2021-05-25 09:56:26,326.75,0
2021-05-25 09:56:27,326.75,0
2021-05-25 09:56:29,326.65,0
2021-05-25 09:56:31,326.65,0
2021-05-25 09:56:34,326.65,0
2021-05-25 09:56:35,326.65,0
2021-05-25 09:56:37,326.65,0
2021-05-25 09:56:41,326.55,0
2021-05-25 09:56:42,326.6,0
2021-05-25 09:56:44,326.7,0
2021-05-25 09:56:45,326.65,0
2021-05-25 09:56:47,326.65,0
2021-05-25 09:56:48,326.65,0
2021-05-25 09:56:49,326.65,0
2021-05-25 09:56:50,326.7,0
2021-05-25 09:56:51,326.65,0
2021-05-25 09:56:52,326.6,0
2021-05-25 09:56:53,326.65,0
2021-05-25 09:56:56,326.65,0
2021-05-25 09:56:55,326.6,0
2021-05-25 09:56:57,326.6,0
2021-05-25 09:56:58,326.7,0
2021-05-25 09:57:00,326.7,0
2021-05-25 09:56:59,326.7,0
2021-05-25 09:57:01,326.7,0
2021-05-25 09:57:02,326.7,0
2021-05-25 09:57:03,326.75,0
2021-05-25 09:57:05,326.75,0
2021-05-25 09:57:06,326.75,0
2021-05-25 09:57:07,326.75,0
2021-05-25 09:57:08,326.75,0
2021-05-25 09:57:09,326.75,0
2021-05-25 09:57:10,326.65,0
2021-05-25 09:57:11,326.6,0
2021-05-25 09:57:12,326.65,0
2021-05-25 09:57:13,326.65,0
2021-05-25 09:57:14,326.7,0
2021-05-25 09:57:15,326.65,0
2021-05-25 09:57:16,326.7,0
2021-05-25 09:57:17,326.7,0
2021-05-25 09:57:18,326.65,0
2021-05-25 09:57:21,326.65,0
2021-05-25 09:57:23,326.6,0
2021-05-25 09:57:24,326.65,0
2021-05-25 09:57:25,326.6,0
2021-05-25 09:57:26,326.6,0
2021-05-25 09:57:27,326.6,0
2021-05-25 09:57:30,326.6,0
2021-05-25 09:57:33,326.75,0
2021-05-25 09:57:34,326.7,0
2021-05-25 09:57:35,326.75,0
2021-05-25 09:57:38,326.7,0
2021-05-25 09:57:39,326.7,0
2021-05-25 09:57:40,326.7,0
2021-05-25 09:57:41,326.75,0
2021-05-25 09:57:43,326.7,0
2021-05-25 09:57:44,326.65,0
2021-05-25 09:57:45,326.7,0
2021-05-25 09:57:46,326.7,0
2021-05-25 09:57:48,326.75,0
2021-05-25 09:57:49,326.75,0
2021-05-25 09:57:50,326.75,0
2021-05-25 09:57:53,326.7,0
2021-05-25 09:57:54,326.75,0
2021-05-25 09:57:55,326.75,0
2021-05-25 09:57:56,326.75,0
2021-05-25 09:57:58,326.75,0
2021-05-25 09:58:00,326.75,0
2021-05-25 09:58:01,326.75,0
2021-05-25 09:58:04,326.75,0
2021-05-25 09:58:05,326.7,0
2021-05-25 09:58:06,326.75,0
2021-05-25 09:58:07,326.7,0
2021-05-25 09:58:08,326.7,0
2021-05-25 09:58:09,326.7,0
2021-05-25 09:58:11,326.7,0
2021-05-25 09:58:12,326.7,0
2021-05-25 09:58:13,326.7,0
2021-05-25 09:58:14,326.7,0
2021-05-25 09:58:15,326.65,0
2021-05-25 09:58:16,326.7,0
2021-05-25 09:58:18,326.7,0
2021-05-25 09:58:19,326.7,0
2021-05-25 09:58:20,326.7,0
2021-05-25 09:58:21,326.65,0
2021-05-25 09:58:22,326.7,0
2021-05-25 09:58:23,326.65,0
2021-05-25 09:58:24,326.65,0
2021-05-25 09:58:25,326.65,0
2021-05-25 09:58:26,326.6,0
2021-05-25 09:58:27,326.6,0
2021-05-25 09:58:28,326.6,0
2021-05-25 09:58:29,326.6,0
2021-05-25 09:58:30,326.6,0
2021-05-25 09:58:31,326.6,0
2021-05-25 09:58:32,326.6,0
2021-05-25 09:58:34,326.6,0
2021-05-25 09:58:35,326.65,0
2021-05-25 09:58:36,326.65,0
2021-05-25 09:58:37,326.65,0
2021-05-25 09:58:38,326.75,0
2021-05-25 09:58:39,326.75,0
2021-05-25 09:58:41,326.75,0
2021-05-25 09:58:42,326.75,0
2021-05-25 09:58:43,326.7,0
2021-05-25 09:58:44,326.75,0
2021-05-25 09:58:45,326.75,0
2021-05-25 09:58:46,326.8,0
2021-05-25 09:58:47,326.75,0
2021-05-25 09:58:49,326.75,0
2021-05-25 09:58:50,326.7,0
2021-05-25 09:58:51,326.85,0
2021-05-25 09:58:53,326.75,0
2021-05-25 09:58:56,326.75,0
2021-05-25 09:58:57,326.8,0
2021-05-25 09:58:58,326.8,0
2021-05-25 09:58:59,326.8,0
2021-05-25 09:59:00,326.8,0
2021-05-25 09:59:02,326.8,0
2021-05-25 09:59:03,326.8,0
2021-05-25 09:59:05,326.8,0
2021-05-25 09:59:06,326.8,0
2021-05-25 09:59:09,326.8,0
2021-05-25 09:59:10,326.8,0
2021-05-25 09:59:12,326.8,0
2021-05-25 09:59:13,326.75,0
2021-05-25 09:59:14,326.8,0
2021-05-25 09:59:16,326.8,0
2021-05-25 09:59:17,326.8,0
2021-05-25 09:59:18,326.8,0
2021-05-25 09:59:19,326.8,0
2021-05-25 09:59:21,326.85,0
2021-05-25 09:59:22,326.85,0
2021-05-25 09:59:24,326.8,0
2021-05-25 09:59:26,326.85,0
2021-05-25 09:59:28,326.85,0
2021-05-25 09:59:29,326.85,0
2021-05-25 09:59:30,326.8,0
2021-05-25 09:59:31,326.8,0
2021-05-25 09:59:34,326.75,0
2021-05-25 09:59:36,326.7,0
2021-05-25 09:59:37,326.75,0
2021-05-25 09:59:40,326.75,0
2021-05-25 09:59:41,326.7,0
2021-05-25 09:59:42,326.7,0
2021-05-25 09:59:43,326.7,0
2021-05-25 09:59:44,326.65,0
2021-05-25 09:59:45,326.7,0
2021-05-25 09:59:46,326.75,0
2021-05-25 09:59:47,326.75,0
2021-05-25 09:59:48,326.75,0
2021-05-25 09:59:49,326.7,0
2021-05-25 09:59:50,326.7,0
2021-05-25 09:59:51,326.75,0
2021-05-25 09:59:52,326.75,0
2021-05-25 09:59:55,326.75,0
2021-05-25 09:59:56,326.75,0
2021-05-25 09:59:57,326.7,0
2021-05-25 09:59:58,326.7,0
2021-05-25 09:59:59,326.65,0
2021-05-25 10:00:01,326.65,0
2021-05-25 10:00:02,326.7,0
2021-05-25 10:00:03,326.65,0
2021-05-25 10:00:04,326.65,0
2021-05-25 10:00:05,326.7,0
2021-05-25 10:00:08,326.7,0
2021-05-25 10:00:09,326.7,0
2021-05-25 10:00:10,326.75,0
2021-05-25 10:00:11,326.65,0
2021-05-25 10:00:12,326.65,0
2021-05-25 10:00:13,326.65,0
2021-05-25 10:00:14,326.65,0
2021-05-25 10:00:15,326.7,0
2021-05-25 10:00:18,326.7,0
2021-05-25 10:00:19,326.75,0
2021-05-25 10:00:20,326.7,0
2021-05-25 10:00:21,326.65,0
2021-05-25 10:00:22,326.65,0
2021-05-25 10:00:23,326.7,0
2021-05-25 10:00:24,326.7,0
2021-05-25 10:00:25,326.7,0
2021-05-25 10:00:26,326.7,0
2021-05-25 10:00:28,326.7,0
2021-05-25 10:00:29,326.7,0
2021-05-25 10:00:31,326.7,0
2021-05-25 10:00:32,326.75,0
2021-05-25 10:00:33,326.75,0
2021-05-25 10:00:35,326.8,0
2021-05-25 10:00:36,326.8,0
2021-05-25 10:00:37,326.75,0
2021-05-25 10:00:38,326.75,0
2021-05-25 10:00:39,326.75,0
2021-05-25 10:00:41,326.75,0
2021-05-25 10:00:43,326.7,0
2021-05-25 10:00:44,326.7,0
2021-05-25 10:00:45,326.7,0
2021-05-25 10:00:46,326.75,0
2021-05-25 10:00:47,326.75,0
2021-05-25 10:00:48,326.75,0
2021-05-25 10:00:49,326.7,0
2021-05-25 10:00:50,326.7,0
2021-05-25 10:00:51,326.7,0
2021-05-25 10:00:52,326.7,0
2021-05-25 10:00:53,326.75,0
2021-05-25 10:00:54,326.8,0
2021-05-25 10:00:55,326.75,0
2021-05-25 10:00:56,326.75,0
2021-05-25 10:00:57,326.75,0
2021-05-25 10:00:59,326.7,0
2021-05-25 10:01:00,326.75,0
2021-05-25 10:01:02,326.75,0
2021-05-25 10:01:03,326.7,0
2021-05-25 10:01:06,326.7,0
2021-05-25 10:01:08,326.75,0
2021-05-25 10:01:09,326.75,0
2021-05-25 10:01:11,326.65,0
2021-05-25 10:01:12,326.65,0
2021-05-25 10:01:14,326.7,0
2021-05-25 10:01:15,326.7,0
2021-05-25 10:01:17,326.7,0
2021-05-25 10:01:18,326.7,0
2021-05-25 10:01:22,326.6,0
2021-05-25 10:01:23,326.65,0
2021-05-25 10:01:24,326.65,0
2021-05-25 10:01:26,326.65,0
2021-05-25 10:01:27,326.65,0
2021-05-25 10:01:28,326.6,0
2021-05-25 10:01:29,326.65,0
2021-05-25 10:01:31,326.6,0
2021-05-25 10:01:33,326.6,0
2021-05-25 10:01:34,326.6,0
2021-05-25 10:01:35,326.6,0
2021-05-25 10:01:36,326.65,0
2021-05-25 10:01:37,326.6,0
2021-05-25 10:01:38,326.6,0
2021-05-25 10:01:39,326.6,0
2021-05-25 10:01:41,326.65,0
2021-05-25 10:01:43,326.65,0
2021-05-25 10:01:44,326.65,0
2021-05-25 10:01:46,326.65,0
2021-05-25 10:01:48,326.6,0
2021-05-25 10:01:54,326.65,0
2021-05-25 10:01:55,326.65,0
2021-05-25 10:01:57,326.6,0
2021-05-25 10:01:59,326.6,0
2021-05-25 10:02:01,326.6,0
2021-05-25 10:02:02,326.6,0
2021-05-25 10:02:03,326.6,0
2021-05-25 10:02:04,326.65,0
2021-05-25 10:02:05,326.65,0
2021-05-25 10:02:06,326.65,0
2021-05-25 10:02:08,326.65,0
2021-05-25 10:02:09,326.6,0
2021-05-25 10:02:10,326.6,0
2021-05-25 10:02:12,326.55,0
2021-05-25 10:02:13,326.6,0
2021-05-25 10:02:15,326.55,0
2021-05-25 10:02:16,326.55,0
2021-05-25 10:02:17,326.5,0
2021-05-25 10:02:18,326.5,0
2021-05-25 10:02:19,326.5,0
2021-05-25 10:02:21,326.5,0
2021-05-25 10:02:22,326.6,0
2021-05-25 10:02:23,326.55,0
2021-05-25 10:02:24,326.6,0
2021-05-25 10:02:25,326.55,0
2021-05-25 10:02:26,326.6,0
2021-05-25 10:02:27,326.5,0
2021-05-25 10:02:29,326.55,0
2021-05-25 10:02:30,326.7,0
2021-05-25 10:02:31,326.7,0
2021-05-25 10:02:32,326.65,0
2021-05-25 10:02:33,326.7,0
2021-05-25 10:02:34,326.6,0
2021-05-25 10:02:35,326.6,0
2021-05-25 10:02:36,326.65,0
2021-05-25 10:02:37,326.55,0
2021-05-25 10:02:38,326.6,0
2021-05-25 10:02:39,326.6,0
2021-05-25 10:02:41,326.6,0
2021-05-25 10:02:42,326.6,0
2021-05-25 10:02:43,326.65,0
2021-05-25 10:02:44,326.5,0
2021-05-25 10:02:45,326.6,0
2021-05-25 10:02:46,326.6,0
2021-05-25 10:02:47,326.55,0
2021-05-25 10:02:48,326.4,0
2021-05-25 10:02:50,326.5,0
2021-05-25 10:02:51,326.5,0
2021-05-25 10:02:52,326.45,0
2021-05-25 10:02:53,326.45,0
2021-05-25 10:02:54,326.45,0
2021-05-25 10:02:56,326.5,0
2021-05-25 10:02:57,326.7,0
2021-05-25 10:02:58,326.75,0
2021-05-25 10:02:59,326.65,0
2021-05-25 10:03:01,326.65,0
2021-05-25 10:03:02,326.7,0
2021-05-25 10:03:03,326.7,0
2021-05-25 10:03:06,326.7,0
2021-05-25 10:03:07,326.7,0
2021-05-25 10:03:08,326.75,0
2021-05-25 10:03:09,326.7,0
2021-05-25 10:03:10,326.7,0
2021-05-25 10:03:11,326.75,0
2021-05-25 10:03:13,326.75,0
2021-05-25 10:03:14,326.75,0
2021-05-25 10:03:15,326.75,0
2021-05-25 10:03:16,326.65,0
2021-05-25 10:03:17,326.65,0
2021-05-25 10:03:18,326.7,0
2021-05-25 10:03:19,326.7,0
2021-05-25 10:03:20,326.6,0
2021-05-25 10:03:23,326.7,0
2021-05-25 10:03:25,326.65,0
2021-05-25 10:03:27,326.55,0
2021-05-25 10:03:28,326.6,0
2021-05-25 10:03:29,326.6,0
2021-05-25 10:03:30,326.6,0
2021-05-25 10:03:31,326.65,0
2021-05-25 10:03:32,326.65,0
2021-05-25 10:03:34,326.55,0
2021-05-25 10:03:35,326.45,0
2021-05-25 10:03:36,326.45,0
2021-05-25 10:03:37,326.5,0
2021-05-25 10:03:38,326.5,0
2021-05-25 10:03:39,326.5,0
2021-05-25 10:03:40,326.6,0
2021-05-25 10:03:41,326.55,0
2021-05-25 10:03:42,326.55,0
2021-05-25 10:03:43,326.55,0
2021-05-25 10:03:44,326.55,0
2021-05-25 10:03:46,326.55,0
2021-05-25 10:03:47,326.65,0
2021-05-25 10:03:48,326.6,0
2021-05-25 10:03:49,326.6,0
2021-05-25 10:03:50,326.6,0
2021-05-25 10:03:51,326.6,0
2021-05-25 10:03:53,326.6,0
2021-05-25 10:03:55,326.6,0
2021-05-25 10:03:56,326.6,0
2021-05-25 10:03:57,326.55,0
2021-05-25 10:03:58,326.55,0
2021-05-25 10:03:59,326.55,0
2021-05-25 10:04:01,326.65,0
2021-05-25 10:04:02,326.6,0
2021-05-25 10:04:03,326.6,0
2021-05-25 10:04:04,326.65,0
2021-05-25 10:04:05,326.65,0
2021-05-25 10:04:06,326.6,0
2021-05-25 10:04:07,326.6,0
2021-05-25 10:04:08,326.65,0
2021-05-25 10:04:09,326.6,0
2021-05-25 10:04:11,326.65,0
2021-05-25 10:04:12,326.65,0
2021-05-25 10:04:13,326.7,0
2021-05-25 10:04:15,326.7,0
2021-05-25 10:04:16,326.7,0
2021-05-25 10:04:17,326.75,0
2021-05-25 10:04:18,326.75,0
2021-05-25 10:04:19,326.75,0
2021-05-25 10:04:21,326.75,0
2021-05-25 10:04:22,326.75,0
2021-05-25 10:04:24,326.7,0
2021-05-25 10:04:25,326.75,0
2021-05-25 10:04:26,326.75,0
2021-05-25 10:04:27,326.75,0
2021-05-25 10:04:28,326.75,0
2021-05-25 10:04:29,326.7,0
2021-05-25 10:04:30,326.7,0
2021-05-25 10:04:31,326.7,0
2021-05-25 10:04:32,326.7,0
2021-05-25 10:04:33,326.7,0
2021-05-25 10:04:35,326.7,0
2021-05-25 10:04:36,326.6,0
2021-05-25 10:04:38,326.65,0
2021-05-25 10:04:39,326.65,0
2021-05-25 10:04:40,326.65,0
2021-05-25 10:04:41,326.65,0
2021-05-25 10:04:42,326.6,0
2021-05-25 10:04:43,326.6,0
2021-05-25 10:04:44,326.6,0
2021-05-25 10:04:47,326.65,0
2021-05-25 10:04:48,326.6,0
2021-05-25 10:04:49,326.7,0
2021-05-25 10:04:50,326.7,0
2021-05-25 10:04:52,326.7,0
2021-05-25 10:04:53,326.65,0
2021-05-25 10:04:54,326.65,0
2021-05-25 10:04:55,326.65,0
2021-05-25 10:04:56,326.65,0
2021-05-25 10:04:57,326.7,0
2021-05-25 10:04:58,326.65,0
2021-05-25 10:04:59,326.7,0
2021-05-25 10:05:00,326.65,0
2021-05-25 10:05:01,326.7,0
2021-05-25 10:05:02,326.6,0
2021-05-25 10:05:03,326.6,0
2021-05-25 10:05:04,326.55,0
2021-05-25 10:05:06,326.6,0
2021-05-25 10:05:07,326.6,0
2021-05-25 10:05:08,326.55,0
2021-05-25 10:05:09,326.55,0
2021-05-25 10:05:10,326.6,0
2021-05-25 10:05:11,326.55,0
2021-05-25 10:05:12,326.5,0
2021-05-25 10:05:13,326.55,0
2021-05-25 10:05:14,326.55,0
2021-05-25 10:05:16,326.55,0
2021-05-25 10:05:17,326.45,0
2021-05-25 10:05:18,326.5,0
2021-05-25 10:05:19,326.55,0
2021-05-25 10:05:21,326.45,0
2021-05-25 10:05:23,326.45,0
2021-05-25 10:05:24,326.5,0
2021-05-25 10:05:25,326.55,0
2021-05-25 10:05:26,326.55,0
2021-05-25 10:05:27,326.5,0
2021-05-25 10:05:28,326.5,0
2021-05-25 10:05:29,326.5,0
2021-05-25 10:05:30,326.55,0
2021-05-25 10:05:31,326.55,0
2021-05-25 10:05:32,326.5,0
2021-05-25 10:05:34,326.4,0
2021-05-25 10:05:35,326.4,0
2021-05-25 10:05:36,326.55,0
2021-05-25 10:05:37,326.55,0
2021-05-25 10:05:38,326.55,0
2021-05-25 10:05:39,326.55,0
2021-05-25 10:05:41,326.55,0
2021-05-25 10:05:42,326.55,0
2021-05-25 10:05:43,326.5,0
2021-05-25 10:05:44,326.5,0
2021-05-25 10:05:45,326.5,0
2021-05-25 10:05:46,326.5,0
2021-05-25 10:05:47,326.5,0
2021-05-25 10:05:48,326.5,0
2021-05-25 10:05:49,326.45,0
2021-05-25 10:05:51,326.45,0
2021-05-25 10:05:52,326.4,0
2021-05-25 10:05:53,326.4,0
2021-05-25 10:05:56,326.45,0
2021-05-25 10:05:57,326.5,0
2021-05-25 10:05:59,326.45,0
2021-05-25 10:06:00,326.45,0
2021-05-25 10:06:02,326.45,0
2021-05-25 10:06:03,326.4,0
2021-05-25 10:06:04,326.4,0
2021-05-25 10:06:05,326.5,0
2021-05-25 10:06:07,326.5,0
2021-05-25 10:06:08,326.5,0
2021-05-25 10:06:09,326.45,0
2021-05-25 10:06:10,326.45,0
2021-05-25 10:06:12,326.55,0
2021-05-25 10:06:13,326.55,0
2021-05-25 10:06:14,326.55,0
2021-05-25 10:06:16,326.55,0
2021-05-25 10:06:17,326.65,0
2021-05-25 10:06:18,326.65,0
2021-05-25 10:06:19,326.7,0
2021-05-25 10:06:21,326.75,0
2021-05-25 10:06:22,326.75,0
2021-05-25 10:06:23,326.75,0
2021-05-25 10:06:24,326.8,0
2021-05-25 10:06:25,326.8,0
2021-05-25 10:06:27,326.75,0
2021-05-25 10:06:28,326.8,0
2021-05-25 10:06:29,326.8,0
2021-05-25 10:06:30,326.9,0
2021-05-25 10:06:31,326.9,0
2021-05-25 10:06:32,326.95,0
2021-05-25 10:06:33,326.9,0
2021-05-25 10:06:35,326.95,0
2021-05-25 10:06:36,326.9,0
2021-05-25 10:06:37,326.95,0
2021-05-25 10:06:38,327.0,0
2021-05-25 10:06:39,326.9,0
2021-05-25 10:06:40,326.85,0
2021-05-25 10:06:41,326.95,0
2021-05-25 10:06:42,326.95,0
2021-05-25 10:06:43,326.9,0
2021-05-25 10:06:44,326.9,0
2021-05-25 10:06:45,326.95,0
2021-05-25 10:06:46,326.9,0
2021-05-25 10:06:47,326.9,0
2021-05-25 10:06:48,326.8,0
2021-05-25 10:06:49,326.9,0
2021-05-25 10:06:51,326.95,0
2021-05-25 10:06:52,326.9,0
2021-05-25 10:06:53,326.85,0
2021-05-25 10:06:54,326.85,0
2021-05-25 10:06:55,326.85,0
2021-05-25 10:06:56,326.8,0
2021-05-25 10:06:57,326.85,0
2021-05-25 10:06:58,326.9,0
2021-05-25 10:06:59,326.9,0
2021-05-25 10:07:00,326.85,0
2021-05-25 10:07:01,326.8,0
2021-05-25 10:07:02,326.75,0
2021-05-25 10:07:04,326.7,0
2021-05-25 10:07:05,326.7,0
2021-05-25 10:07:06,326.7,0
2021-05-25 10:07:07,326.7,0
2021-05-25 10:07:09,326.6,0
2021-05-25 10:07:12,326.65,0
2021-05-25 10:07:14,326.7,0
2021-05-25 10:07:15,326.7,0
2021-05-25 10:07:16,326.65,0
2021-05-25 10:07:17,326.75,0
2021-05-25 10:07:19,326.7,0
2021-05-25 10:07:20,326.65,0
2021-05-25 10:07:21,326.65,0
2021-05-25 10:07:22,326.65,0
2021-05-25 10:07:23,326.7,0
2021-05-25 10:07:24,326.7,0
2021-05-25 10:07:25,326.7,0
2021-05-25 10:07:26,326.65,0
2021-05-25 10:07:27,326.65,0
2021-05-25 10:07:28,326.7,0
2021-05-25 10:07:29,326.7,0
2021-05-25 10:07:30,326.6,0
2021-05-25 10:07:31,326.65,0
2021-05-25 10:07:32,326.65,0
2021-05-25 10:07:33,326.75,0
2021-05-25 10:07:34,326.85,0
2021-05-25 10:07:35,327.05,0
2021-05-25 10:07:36,326.95,0
2021-05-25 10:07:37,326.95,0
2021-05-25 10:07:40,327.05,0
2021-05-25 10:07:41,327.1,0
2021-05-25 10:07:42,327.1,0
2021-05-25 10:07:44,327.05,0
2021-05-25 10:07:45,327.1,0
2021-05-25 10:07:46,326.85,0
2021-05-25 10:07:47,327.0,0
2021-05-25 10:07:48,327.05,0
2021-05-25 10:07:49,327.0,0
2021-05-25 10:07:51,327.0,0
2021-05-25 10:07:52,326.8,0
2021-05-25 10:07:53,326.9,0
2021-05-25 10:07:56,326.8,0
2021-05-25 10:07:57,326.9,0
2021-05-25 10:07:58,326.9,0
2021-05-25 10:07:59,326.7,0
2021-05-25 10:08:00,326.8,0
2021-05-25 10:08:01,326.9,0
2021-05-25 10:08:02,326.85,0
2021-05-25 10:08:03,326.95,0
2021-05-25 10:08:04,326.95,0
2021-05-25 10:08:05,326.95,0
2021-05-25 10:08:07,326.95,0
2021-05-25 10:08:08,327.1,0
2021-05-25 10:08:09,327.1,0
2021-05-25 10:08:10,327.05,0
2021-05-25 10:08:12,327.0,0
2021-05-25 10:08:13,327.1,0
2021-05-25 10:08:14,327.1,0
2021-05-25 10:08:15,327.15,0
2021-05-25 10:08:16,327.2,0
2021-05-25 10:08:17,327.05,0
2021-05-25 10:08:18,327.25,0
2021-05-25 10:08:19,327.2,0
2021-05-25 10:08:20,327.2,0
2021-05-25 10:08:23,327.15,0
2021-05-25 10:08:24,327.1,0
2021-05-25 10:08:25,327.2,0
2021-05-25 10:08:27,327.15,0
2021-05-25 10:08:28,327.15,0
2021-05-25 10:08:30,327.15,0
2021-05-25 10:08:31,327.15,0
2021-05-25 10:08:33,327.25,0
2021-05-25 10:08:34,327.15,0
2021-05-25 10:08:35,327.25,0
2021-05-25 10:08:36,327.25,0
2021-05-25 10:08:39,327.25,0
2021-05-25 10:08:40,327.3,0
2021-05-25 10:08:41,327.3,0
2021-05-25 10:08:42,327.3,0
2021-05-25 10:08:44,327.2,0
2021-05-25 10:08:45,327.2,0
2021-05-25 10:08:46,327.25,0
2021-05-25 10:08:47,327.25,0
2021-05-25 10:08:48,327.2,0
2021-05-25 10:08:51,327.2,0
2021-05-25 10:08:52,327.2,0
2021-05-25 10:08:53,327.2,0
2021-05-25 10:08:54,327.25,0
2021-05-25 10:08:55,327.15,0
2021-05-25 10:08:56,327.15,0
2021-05-25 10:08:57,327.15,0
2021-05-25 10:08:58,327.15,0
2021-05-25 10:08:59,327.1,0
2021-05-25 10:09:00,327.15,0
2021-05-25 10:09:01,327.15,0
2021-05-25 10:09:02,327.15,0
2021-05-25 10:09:03,327.15,0
2021-05-25 10:09:04,327.15,0
2021-05-25 10:09:05,327.1,0
2021-05-25 10:09:07,327.15,0
2021-05-25 10:09:08,327.1,0
2021-05-25 10:09:10,327.1,0
2021-05-25 10:09:11,327.1,0
2021-05-25 10:09:12,327.05,0
2021-05-25 10:09:13,327.1,0
2021-05-25 10:09:14,327.05,0
2021-05-25 10:09:15,327.1,0
2021-05-25 10:09:16,327.15,0
2021-05-25 10:09:17,327.15,0
2021-05-25 10:09:19,327.1,0
2021-05-25 10:09:20,327.1,0
2021-05-25 10:09:21,327.15,0
2021-05-25 10:09:22,327.15,0
2021-05-25 10:09:25,327.1,0
2021-05-25 10:09:26,327.2,0
2021-05-25 10:09:28,327.2,0
2021-05-25 10:09:29,327.2,0
2021-05-25 10:09:30,327.3,0
2021-05-25 10:09:31,327.25,0
2021-05-25 10:09:32,327.3,0
2021-05-25 10:09:34,327.3,0
2021-05-25 10:09:35,327.35,0
2021-05-25 10:09:36,327.35,0
2021-05-25 10:09:37,327.35,0
2021-05-25 10:09:39,327.25,0
2021-05-25 10:09:40,327.35,0
2021-05-25 10:09:42,327.25,0
2021-05-25 10:09:43,327.25,0
2021-05-25 10:09:44,327.25,0
2021-05-25 10:09:45,327.25,0
2021-05-25 10:09:47,327.3,0
2021-05-25 10:09:48,327.3,0
2021-05-25 10:09:50,327.2,0
2021-05-25 10:09:51,327.2,0
2021-05-25 10:09:54,327.25,0
2021-05-25 10:09:55,327.2,0
2021-05-25 10:09:57,327.3,0
2021-05-25 10:09:58,327.2,0
2021-05-25 10:09:59,327.25,0
2021-05-25 10:10:00,327.25,0
2021-05-25 10:10:01,327.25,0
2021-05-25 10:10:02,327.25,0
2021-05-25 10:10:03,327.2,0
2021-05-25 10:10:04,327.2,0
2021-05-25 10:10:05,327.2,0
2021-05-25 10:10:07,327.1,0
2021-05-25 10:10:08,327.15,0
2021-05-25 10:10:09,327.1,0
2021-05-25 10:10:10,326.95,0
2021-05-25 10:10:11,327.1,0
2021-05-25 10:10:14,327.05,0
2021-05-25 10:10:15,327.05,0
2021-05-25 10:10:16,327.1,0
2021-05-25 10:10:17,327.15,0
2021-05-25 10:10:20,326.95,0
2021-05-25 10:10:21,327.0,0
2021-05-25 10:10:22,326.95,0
2021-05-25 10:10:23,327.0,0
2021-05-25 10:10:24,327.05,0
2021-05-25 10:10:25,326.95,0
2021-05-25 10:10:26,326.95,0
2021-05-25 10:10:29,327.05,0
2021-05-25 10:10:30,327.1,0
2021-05-25 10:10:31,327.1,0
2021-05-25 10:10:33,327.05,0
2021-05-25 10:10:34,327.05,0
2021-05-25 10:10:35,327.1,0
2021-05-25 10:10:36,327.05,0
2021-05-25 10:10:37,327.05,0
2021-05-25 10:10:38,327.05,0
2021-05-25 10:10:39,327.1,0
2021-05-25 10:10:40,327.05,0
2021-05-25 10:10:41,327.05,0
2021-05-25 10:10:42,327.05,0
2021-05-25 10:10:43,327.0,0
2021-05-25 10:10:45,326.9,0
2021-05-25 10:10:46,326.9,0
2021-05-25 10:10:48,326.95,0
2021-05-25 10:10:50,326.85,0
2021-05-25 10:10:52,326.95,0
2021-05-25 10:10:53,326.9,0
2021-05-25 10:10:54,326.95,0
2021-05-25 10:10:55,326.9,0
2021-05-25 10:10:57,326.9,0
2021-05-25 10:10:58,326.85,0
2021-05-25 10:10:59,326.85,0
2021-05-25 10:11:00,326.85,0
2021-05-25 10:11:01,326.85,0
2021-05-25 10:11:03,326.8,0
2021-05-25 10:11:04,326.85,0
2021-05-25 10:11:05,326.85,0
2021-05-25 10:11:06,326.8,0
2021-05-25 10:11:07,326.8,0
2021-05-25 10:11:08,326.8,0
2021-05-25 10:11:09,326.8,0
2021-05-25 10:11:10,326.8,0
2021-05-25 10:11:12,326.8,0
2021-05-25 10:11:13,326.8,0
2021-05-25 10:11:14,326.85,0
2021-05-25 10:11:16,326.75,0
2021-05-25 10:11:17,326.7,0
2021-05-25 10:11:18,326.7,0
2021-05-25 10:11:19,326.7,0
2021-05-25 10:11:20,326.7,0
2021-05-25 10:11:21,326.7,0
2021-05-25 10:11:22,326.65,0
2021-05-25 10:11:23,326.7,0
2021-05-25 10:11:24,326.7,0
2021-05-25 10:11:25,326.75,0
2021-05-25 10:11:26,326.85,0
2021-05-25 10:11:27,326.85,0
2021-05-25 10:11:29,326.8,0
2021-05-25 10:11:30,326.7,0
2021-05-25 10:11:31,326.75,0
2021-05-25 10:11:32,326.8,0
2021-05-25 10:11:33,326.65,0
2021-05-25 10:11:35,326.75,0
2021-05-25 10:11:36,326.75,0
2021-05-25 10:11:37,326.75,0
2021-05-25 10:11:38,326.65,0
2021-05-25 10:11:39,326.7,0
2021-05-25 10:11:40,326.75,0
2021-05-25 10:11:41,326.7,0
2021-05-25 10:11:43,326.65,0
2021-05-25 10:11:44,326.75,0
2021-05-25 10:11:45,326.75,0
2021-05-25 10:11:46,326.65,0
2021-05-25 10:11:47,326.7,0
2021-05-25 10:11:48,326.7,0
2021-05-25 10:11:52,326.7,0
2021-05-25 10:11:53,326.75,0
2021-05-25 10:11:55,326.7,0
2021-05-25 10:11:56,326.75,0
2021-05-25 10:11:57,326.75,0
2021-05-25 10:11:58,326.85,0
2021-05-25 10:11:59,326.8,0
2021-05-25 10:12:00,326.75,0
2021-05-25 10:12:01,326.8,0
2021-05-25 10:12:02,326.75,0
2021-05-25 10:12:03,326.75,0
2021-05-25 10:12:04,326.75,0
2021-05-25 10:12:05,326.8,0
2021-05-25 10:12:06,326.8,0
2021-05-25 10:12:07,326.8,0
2021-05-25 10:12:10,326.8,0
2021-05-25 10:12:11,326.9,0
2021-05-25 10:12:12,326.9,0
2021-05-25 10:12:13,326.8,0
2021-05-25 10:12:14,326.9,0
2021-05-25 10:12:15,326.9,0
2021-05-25 10:12:17,326.85,0
2021-05-25 10:12:18,326.9,0
2021-05-25 10:12:19,326.9,0
2021-05-25 10:12:20,326.85,0
2021-05-25 10:12:21,326.85,0
2021-05-25 10:12:22,326.8,0
2021-05-25 10:12:23,326.85,0
2021-05-25 10:12:24,326.9,0
2021-05-25 10:12:25,326.9,0
2021-05-25 10:12:26,326.9,0
2021-05-25 10:12:27,326.85,0
2021-05-25 10:12:29,326.9,0
2021-05-25 10:12:32,326.9,0
2021-05-25 10:12:33,326.9,0
2021-05-25 10:12:35,326.85,0
2021-05-25 10:12:36,326.9,0
2021-05-25 10:12:37,326.9,0
2021-05-25 10:12:38,326.9,0
2021-05-25 10:12:39,326.85,0
2021-05-25 10:12:40,326.9,0
2021-05-25 10:12:41,326.85,0
2021-05-25 10:12:42,326.85,0
2021-05-25 10:12:43,326.8,0
2021-05-25 10:12:45,326.85,0
2021-05-25 10:12:46,326.85,0
2021-05-25 10:12:47,326.85,0
2021-05-25 10:12:48,326.8,0
2021-05-25 10:12:49,326.8,0
2021-05-25 10:12:50,326.8,0
2021-05-25 10:12:51,326.8,0
2021-05-25 10:12:52,326.75,0
2021-05-25 10:12:53,326.65,0
2021-05-25 10:12:56,326.8,0
2021-05-25 10:12:57,326.8,0
2021-05-25 10:12:58,326.75,0
2021-05-25 10:12:59,326.8,0
2021-05-25 10:13:00,326.8,0
2021-05-25 10:13:01,326.85,0
2021-05-25 10:13:02,326.8,0
2021-05-25 10:13:03,326.8,0
2021-05-25 10:13:05,326.75,0
2021-05-25 10:13:06,326.8,0
2021-05-25 10:13:07,326.8,0
2021-05-25 10:13:08,326.8,0
2021-05-25 10:13:09,326.8,0
2021-05-25 10:13:10,326.8,0
2021-05-25 10:13:11,326.75,0
2021-05-25 10:13:12,326.75,0
2021-05-25 10:13:13,326.75,0
2021-05-25 10:13:14,326.75,0
2021-05-25 10:13:15,326.7,0
2021-05-25 10:13:16,326.75,0
2021-05-25 10:13:17,326.75,0
2021-05-25 10:13:18,326.75,0
2021-05-25 10:13:19,326.8,0
2021-05-25 10:13:20,326.85,0
2021-05-25 10:13:21,326.8,0
2021-05-25 10:13:22,326.85,0
2021-05-25 10:13:23,326.85,0
2021-05-25 10:13:24,326.9,0
2021-05-25 10:13:25,326.9,0
2021-05-25 10:13:27,326.95,0
2021-05-25 10:13:28,326.9,0
2021-05-25 10:13:29,326.8,0
2021-05-25 10:13:30,326.85,0
2021-05-25 10:13:31,326.95,0
2021-05-25 10:13:32,326.95,0
2021-05-25 10:13:33,326.85,0
2021-05-25 10:13:34,326.85,0
2021-05-25 10:13:35,326.85,0
2021-05-25 10:13:36,326.85,0
2021-05-25 10:13:37,326.85,0
2021-05-25 10:13:38,326.75,0
2021-05-25 10:13:39,326.75,0
2021-05-25 10:13:43,326.8,0
2021-05-25 10:13:44,326.75,0
2021-05-25 10:13:47,326.8,0
2021-05-25 10:13:48,326.75,0
2021-05-25 10:13:49,326.75,0
2021-05-25 10:13:50,326.75,0
2021-05-25 10:13:51,326.75,0
2021-05-25 10:13:52,326.75,0
2021-05-25 10:13:53,326.75,0
2021-05-25 10:13:54,326.75,0
2021-05-25 10:13:55,326.75,0
2021-05-25 10:13:56,326.8,0
2021-05-25 10:13:57,326.8,0
2021-05-25 10:13:58,326.8,0
2021-05-25 10:13:59,326.75,0
2021-05-25 10:14:00,326.75,0
2021-05-25 10:14:03,326.65,0
2021-05-25 10:14:04,326.65,0
2021-05-25 10:14:05,326.65,0
2021-05-25 10:14:06,326.65,0
2021-05-25 10:14:08,326.6,0
2021-05-25 10:14:09,326.65,0
2021-05-25 10:14:10,326.6,0
2021-05-25 10:14:11,326.6,0
2021-05-25 10:14:12,326.7,0
2021-05-25 10:14:13,326.65,0
2021-05-25 10:14:14,326.55,0
2021-05-25 10:14:15,326.55,0
2021-05-25 10:14:16,326.6,0
2021-05-25 10:14:18,326.6,0
2021-05-25 10:14:19,326.6,0
2021-05-25 10:14:20,326.55,0
2021-05-25 10:14:21,326.55,0
2021-05-25 10:14:23,326.55,0
2021-05-25 10:14:24,326.6,0
2021-05-25 10:14:25,326.6,0
2021-05-25 10:14:26,326.6,0
2021-05-25 10:14:27,326.65,0
2021-05-25 10:14:28,326.6,0
2021-05-25 10:14:29,326.6,0
2021-05-25 10:14:31,326.65,0
2021-05-25 10:14:32,326.7,0
2021-05-25 10:14:33,326.65,0
2021-05-25 10:14:34,326.65,0
2021-05-25 10:14:35,326.7,0
2021-05-25 10:14:36,326.7,0
2021-05-25 10:14:37,326.7,0
2021-05-25 10:14:38,326.7,0
2021-05-25 10:14:39,326.75,0
2021-05-25 10:14:40,326.7,0
2021-05-25 10:14:41,326.75,0
2021-05-25 10:14:42,326.75,0
2021-05-25 10:14:43,326.75,0
2021-05-25 10:14:44,326.8,0
2021-05-25 10:14:46,326.7,0
2021-05-25 10:14:47,326.8,0
2021-05-25 10:14:48,326.8,0
2021-05-25 10:14:49,326.8,0
2021-05-25 10:14:51,326.8,0
2021-05-25 10:14:52,326.8,0
2021-05-25 10:14:53,326.8,0
2021-05-25 10:14:54,326.8,0
2021-05-25 10:14:55,326.8,0
2021-05-25 10:14:56,326.8,0
2021-05-25 10:14:57,326.8,0
2021-05-25 10:14:58,326.75,0
2021-05-25 10:14:59,326.7,0
2021-05-25 10:15:01,326.6,0
2021-05-25 10:15:03,326.65,0
2021-05-25 10:15:04,326.65,0
2021-05-25 10:15:06,326.65,0
2021-05-25 10:15:07,326.6,0
2021-05-25 10:15:08,326.7,0
2021-05-25 10:15:09,326.75,0
2021-05-25 10:15:10,326.75,0
2021-05-25 10:15:12,326.7,0
2021-05-25 10:15:13,326.7,0
2021-05-25 10:15:14,326.75,0
2021-05-25 10:15:15,326.7,0
2021-05-25 10:15:16,326.7,0
2021-05-25 10:15:17,326.7,0
2021-05-25 10:15:19,326.65,0
2021-05-25 10:15:21,326.65,0
2021-05-25 10:15:23,326.6,0
2021-05-25 10:15:24,326.65,0
2021-05-25 10:15:25,326.6,0
2021-05-25 10:15:26,326.65,0
2021-05-25 10:15:27,326.55,0
2021-05-25 10:15:29,326.6,0
2021-05-25 10:15:30,326.6,0
2021-05-25 10:15:32,326.7,0
2021-05-25 10:15:34,326.6,0
2021-05-25 10:15:36,326.6,0
2021-05-25 10:15:37,326.6,0
2021-05-25 10:15:38,326.6,0
2021-05-25 10:15:40,326.6,0
2021-05-25 10:15:41,326.55,0
2021-05-25 10:15:43,326.65,0
2021-05-25 10:15:44,326.65,0
2021-05-25 10:15:45,326.65,0
2021-05-25 10:15:46,326.65,0
2021-05-25 10:15:47,326.75,0
2021-05-25 10:15:48,326.75,0
2021-05-25 10:15:50,326.75,0
2021-05-25 10:15:51,326.75,0
2021-05-25 10:15:52,326.7,0
2021-05-25 10:15:54,326.7,0
2021-05-25 10:15:55,326.65,0
2021-05-25 10:15:56,326.7,0
2021-05-25 10:15:57,326.7,0
2021-05-25 10:15:58,326.7,0
2021-05-25 10:15:59,326.8,0
2021-05-25 10:16:00,326.75,0
2021-05-25 10:16:01,326.8,0
2021-05-25 10:16:02,326.75,0
2021-05-25 10:16:03,326.8,0
2021-05-25 10:16:04,326.8,0
2021-05-25 10:16:05,326.8,0
2021-05-25 10:16:06,326.85,0
2021-05-25 10:16:07,326.9,0
2021-05-25 10:16:11,326.95,0
2021-05-25 10:16:14,326.95,0
2021-05-25 10:16:17,327.0,0
2021-05-25 10:16:18,326.95,0
2021-05-25 10:16:19,326.9,0
2021-05-25 10:16:20,326.9,0
2021-05-25 10:16:21,326.9,0
2021-05-25 10:16:22,326.95,0
2021-05-25 10:16:23,326.9,0
2021-05-25 10:16:24,326.9,0
2021-05-25 10:16:25,326.9,0
2021-05-25 10:16:27,326.9,0
2021-05-25 10:16:28,326.9,0
2021-05-25 10:16:30,326.85,0
2021-05-25 10:16:31,326.9,0
2021-05-25 10:16:32,326.95,0
2021-05-25 10:16:33,327.0,0
2021-05-25 10:16:34,326.95,0
2021-05-25 10:16:35,326.95,0
2021-05-25 10:16:36,326.95,0
2021-05-25 10:16:38,326.9,0
2021-05-25 10:16:39,326.95,0
2021-05-25 10:16:40,326.95,0
2021-05-25 10:16:41,326.95,0
2021-05-25 10:16:42,326.9,0
2021-05-25 10:16:43,326.95,0
2021-05-25 10:16:44,326.95,0
2021-05-25 10:16:45,326.95,0
2021-05-25 10:16:46,326.9,0
2021-05-25 10:16:47,326.95,0
2021-05-25 10:16:49,326.95,0
2021-05-25 10:16:50,326.95,0
2021-05-25 10:16:52,327.0,0
2021-05-25 10:16:53,327.0,0
2021-05-25 10:16:54,327.0,0
2021-05-25 10:16:55,327.0,0
2021-05-25 10:16:57,326.95,0
2021-05-25 10:16:59,326.95,0
2021-05-25 10:17:01,326.95,0
2021-05-25 10:17:02,327.0,0
2021-05-25 10:17:03,326.95,0
2021-05-25 10:17:04,327.0,0
2021-05-25 10:17:07,326.95,0
2021-05-25 10:17:08,327.0,0
2021-05-25 10:17:10,326.95,0
2021-05-25 10:17:13,326.95,0
2021-05-25 10:17:14,327.0,0
2021-05-25 10:17:15,326.95,0
2021-05-25 10:17:16,326.95,0
2021-05-25 10:17:17,327.0,0
2021-05-25 10:17:18,326.95,0
2021-05-25 10:17:19,327.0,0
2021-05-25 10:17:20,327.0,0
2021-05-25 10:17:21,326.95,0
2021-05-25 10:17:22,327.0,0
2021-05-25 10:17:23,327.0,0
2021-05-25 10:17:24,327.05,0
2021-05-25 10:17:25,327.0,0
2021-05-25 10:17:26,326.9,0
2021-05-25 10:17:27,326.95,0
2021-05-25 10:17:28,326.95,0
2021-05-25 10:17:29,326.95,0
2021-05-25 10:17:30,326.85,0
2021-05-25 10:17:31,326.95,0
2021-05-25 10:17:32,326.9,0
2021-05-25 10:17:33,326.9,0
2021-05-25 10:17:35,326.9,0
2021-05-25 10:17:36,326.9,0
2021-05-25 10:17:37,326.9,0
2021-05-25 10:17:38,326.95,0
2021-05-25 10:17:39,326.9,0
2021-05-25 10:17:40,326.9,0
2021-05-25 10:17:42,326.95,0
2021-05-25 10:17:43,327.0,0
2021-05-25 10:17:44,326.95,0
2021-05-25 10:17:45,326.95,0
2021-05-25 10:17:47,327.0,0
2021-05-25 10:17:49,327.0,0
2021-05-25 10:17:50,327.0,0
2021-05-25 10:17:52,326.95,0
2021-05-25 10:17:53,327.0,0
2021-05-25 10:17:54,327.05,0
2021-05-25 10:17:56,326.8,0
2021-05-25 10:17:57,326.9,0
2021-05-25 10:17:58,326.9,0
2021-05-25 10:17:59,326.85,0
2021-05-25 10:18:02,326.9,0
2021-05-25 10:18:05,326.9,0
2021-05-25 10:18:06,326.9,0
2021-05-25 10:18:07,326.85,0
2021-05-25 10:18:08,326.95,0
2021-05-25 10:18:09,326.9,0
2021-05-25 10:18:10,326.95,0
2021-05-25 10:18:11,327.0,0
2021-05-25 10:18:12,327.0,0
2021-05-25 10:18:16,326.95,0
2021-05-25 10:18:17,326.9,0
2021-05-25 10:18:18,326.9,0
2021-05-25 10:18:19,326.9,0
2021-05-25 10:18:20,326.9,0
2021-05-25 10:18:21,326.9,0
2021-05-25 10:18:22,326.95,0
2021-05-25 10:18:24,326.9,0
2021-05-25 10:18:27,326.9,0
2021-05-25 10:18:28,326.9,0
2021-05-25 10:18:29,326.85,0
2021-05-25 10:18:30,326.85,0
2021-05-25 10:18:33,326.85,0
2021-05-25 10:18:34,326.85,0
2021-05-25 10:18:37,326.8,0
2021-05-25 10:18:38,326.75,0
2021-05-25 10:18:39,326.75,0
2021-05-25 10:18:40,326.75,0
2021-05-25 10:18:41,326.8,0
2021-05-25 10:18:43,326.75,0
2021-05-25 10:18:44,326.75,0
2021-05-25 10:18:45,326.75,0
2021-05-25 10:18:46,326.75,0
2021-05-25 10:18:47,326.75,0
2021-05-25 10:18:49,326.75,0
2021-05-25 10:18:50,326.75,0
2021-05-25 10:18:51,326.75,0
2021-05-25 10:18:52,326.75,0
2021-05-25 10:18:53,326.7,0
2021-05-25 10:18:54,326.7,0
2021-05-25 10:18:55,326.7,0
2021-05-25 10:18:56,326.8,0
2021-05-25 10:18:58,326.75,0
2021-05-25 10:18:59,326.7,0
2021-05-25 10:19:00,326.75,0
2021-05-25 10:19:01,326.75,0
2021-05-25 10:19:04,326.75,0
2021-05-25 10:19:05,326.75,0
2021-05-25 10:19:06,326.65,0
2021-05-25 10:19:07,326.7,0
2021-05-25 10:19:09,326.6,0
2021-05-25 10:19:10,326.6,0
2021-05-25 10:19:11,326.6,0
2021-05-25 10:19:12,326.55,0
2021-05-25 10:19:13,326.6,0
2021-05-25 10:19:14,326.6,0
2021-05-25 10:19:15,326.6,0
2021-05-25 10:19:16,326.6,0
2021-05-25 10:19:17,326.6,0
2021-05-25 10:19:18,326.55,0
2021-05-25 10:19:19,326.6,0
2021-05-25 10:19:20,326.6,0
2021-05-25 10:19:21,326.65,0
2021-05-25 10:19:22,326.65,0
2021-05-25 10:19:23,326.65,0
2021-05-25 10:19:26,326.6,0
2021-05-25 10:19:27,326.6,0
2021-05-25 10:19:28,326.55,0
2021-05-25 10:19:30,326.6,0
2021-05-25 10:19:32,326.65,0
2021-05-25 10:19:33,326.65,0
2021-05-25 10:19:34,326.65,0
2021-05-25 10:19:35,326.65,0
2021-05-25 10:19:36,326.65,0
2021-05-25 10:19:37,326.65,0
2021-05-25 10:19:39,326.65,0
2021-05-25 10:19:40,326.65,0
2021-05-25 10:19:41,326.65,0
2021-05-25 10:19:44,326.7,0
2021-05-25 10:19:46,326.7,0
2021-05-25 10:19:47,326.75,0
2021-05-25 10:19:48,326.8,0
2021-05-25 10:19:49,326.8,0
2021-05-25 10:19:50,326.8,0
2021-05-25 10:19:53,326.75,0
2021-05-25 10:19:54,326.75,0
2021-05-25 10:19:55,326.7,0
2021-05-25 10:19:56,326.75,0
2021-05-25 10:19:57,326.75,0
2021-05-25 10:19:58,326.75,0
2021-05-25 10:19:59,326.65,0
2021-05-25 10:20:00,326.7,0
2021-05-25 10:20:01,326.65,0
2021-05-25 10:20:02,326.7,0
2021-05-25 10:20:03,326.7,0
2021-05-25 10:20:04,326.7,0
2021-05-25 10:20:05,326.7,0
2021-05-25 10:20:06,326.8,0
2021-05-25 10:20:07,326.65,0
2021-05-25 10:20:09,326.8,0
2021-05-25 10:20:10,326.8,0
2021-05-25 10:20:11,326.75,0
2021-05-25 10:20:12,326.75,0
2021-05-25 10:20:14,326.75,0
2021-05-25 10:20:16,326.75,0
2021-05-25 10:20:17,326.75,0
2021-05-25 10:20:19,326.7,0
2021-05-25 10:20:20,326.75,0
2021-05-25 10:20:21,326.75,0
2021-05-25 10:20:23,326.75,0
2021-05-25 10:20:24,326.75,0
2021-05-25 10:20:25,326.75,0
2021-05-25 10:20:28,326.8,0
2021-05-25 10:20:30,326.85,0
2021-05-25 10:20:32,326.85,0
2021-05-25 10:20:33,326.85,0
2021-05-25 10:20:34,326.85,0
2021-05-25 10:20:35,326.85,0
2021-05-25 10:20:37,326.8,0
2021-05-25 10:20:38,326.85,0
2021-05-25 10:20:39,326.9,0
2021-05-25 10:20:40,326.9,0
2021-05-25 10:20:41,326.85,0
2021-05-25 10:20:42,326.85,0
2021-05-25 10:20:43,326.9,0
2021-05-25 10:20:44,326.85,0
2021-05-25 10:20:45,326.85,0
2021-05-25 10:20:46,326.85,0
2021-05-25 10:20:47,326.85,0
2021-05-25 10:20:48,326.9,0
2021-05-25 10:20:49,326.9,0
2021-05-25 10:20:50,326.95,0
2021-05-25 10:20:51,326.9,0
2021-05-25 10:20:52,326.9,0
2021-05-25 10:20:53,326.9,0
2021-05-25 10:20:54,326.9,0
2021-05-25 10:20:55,326.85,0
2021-05-25 10:20:56,326.9,0
2021-05-25 10:20:57,326.9,0
2021-05-25 10:20:58,326.9,0
2021-05-25 10:20:59,326.95,0
2021-05-25 10:21:00,326.95,0
2021-05-25 10:21:01,326.95,0
2021-05-25 10:21:02,326.95,0
2021-05-25 10:21:05,326.95,0
2021-05-25 10:21:06,326.95,0
2021-05-25 10:21:08,326.95,0
2021-05-25 10:21:09,326.9,0
2021-05-25 10:21:10,326.9,0
2021-05-25 10:21:11,326.9,0
2021-05-25 10:21:12,326.9,0
2021-05-25 10:21:13,326.9,0
2021-05-25 10:21:14,326.9,0
2021-05-25 10:21:15,326.9,0
2021-05-25 10:21:16,326.9,0
2021-05-25 10:21:17,326.9,0
2021-05-25 10:21:18,326.9,0
2021-05-25 10:21:19,326.95,0
2021-05-25 10:21:20,326.9,0
2021-05-25 10:21:21,326.9,0
2021-05-25 10:21:22,326.9,0
2021-05-25 10:21:23,326.9,0
2021-05-25 10:21:24,326.85,0
2021-05-25 10:21:25,326.85,0
2021-05-25 10:21:26,326.85,0
2021-05-25 10:21:27,326.85,0
2021-05-25 10:21:28,326.85,0
2021-05-25 10:21:29,326.8,0
2021-05-25 10:21:30,326.8,0
2021-05-25 10:21:31,326.85,0
2021-05-25 10:21:32,326.85,0
2021-05-25 10:21:33,326.8,0
2021-05-25 10:21:34,326.8,0
2021-05-25 10:21:35,326.8,0
2021-05-25 10:21:36,326.8,0
2021-05-25 10:21:38,326.8,0
2021-05-25 10:21:40,326.8,0
2021-05-25 10:21:42,326.9,0
2021-05-25 10:21:43,326.9,0
2021-05-25 10:21:47,326.85,0
2021-05-25 10:21:48,326.85,0
2021-05-25 10:21:49,326.9,0
2021-05-25 10:21:51,326.9,0
2021-05-25 10:21:52,326.95,0
2021-05-25 10:21:53,326.95,0
2021-05-25 10:21:54,326.9,0
2021-05-25 10:21:56,326.95,0
2021-05-25 10:22:01,326.95,0
2021-05-25 10:22:02,326.9,0
2021-05-25 10:22:03,326.85,0
2021-05-25 10:22:04,326.9,0
2021-05-25 10:22:05,326.9,0
2021-05-25 10:22:06,326.85,0
2021-05-25 10:22:07,326.85,0
2021-05-25 10:22:09,326.9,0
2021-05-25 10:22:10,326.75,0
2021-05-25 10:22:12,326.75,0
2021-05-25 10:22:13,326.75,0
2021-05-25 10:22:14,326.75,0
2021-05-25 10:22:15,326.8,0
2021-05-25 10:22:16,326.75,0
2021-05-25 10:22:17,326.85,0
2021-05-25 10:22:18,326.85,0
2021-05-25 10:22:21,326.8,0
2021-05-25 10:22:22,326.75,0
2021-05-25 10:22:23,326.8,0
2021-05-25 10:22:24,326.75,0
2021-05-25 10:22:25,326.7,0
2021-05-25 10:22:26,326.7,0
2021-05-25 10:22:27,326.75,0
2021-05-25 10:22:28,326.75,0
2021-05-25 10:22:29,326.85,0
2021-05-25 10:22:30,326.85,0
2021-05-25 10:22:32,326.8,0
2021-05-25 10:22:33,326.8,0
2021-05-25 10:22:34,326.8,0
2021-05-25 10:22:35,326.8,0
2021-05-25 10:22:37,326.8,0
2021-05-25 10:22:38,326.8,0
2021-05-25 10:22:39,326.75,0
2021-05-25 10:22:40,326.75,0
2021-05-25 10:22:42,326.7,0
2021-05-25 10:22:44,326.75,0
2021-05-25 10:22:46,326.8,0
2021-05-25 10:22:48,326.75,0
2021-05-25 10:22:51,326.7,0
2021-05-25 10:22:52,326.8,0
2021-05-25 10:22:53,326.8,0
2021-05-25 10:22:54,326.75,0
2021-05-25 10:22:56,326.75,0
2021-05-25 10:22:57,326.75,0
2021-05-25 10:22:58,326.75,0
2021-05-25 10:22:59,326.85,0
2021-05-25 10:23:00,326.8,0
2021-05-25 10:23:01,326.75,0
2021-05-25 10:23:02,326.75,0
2021-05-25 10:23:03,326.75,0
2021-05-25 10:23:04,326.8,0
2021-05-25 10:23:05,326.75,0
2021-05-25 10:23:07,326.75,0
2021-05-25 10:23:08,326.75,0
2021-05-25 10:23:09,326.8,0
2021-05-25 10:23:10,326.8,0
2021-05-25 10:23:11,326.7,0
2021-05-25 10:23:12,326.75,0
2021-05-25 10:23:13,326.75,0
2021-05-25 10:23:14,326.75,0
2021-05-25 10:23:15,326.8,0
2021-05-25 10:23:16,326.75,0
2021-05-25 10:23:17,326.8,0
2021-05-25 10:23:19,326.85,0
2021-05-25 10:23:20,326.85,0
2021-05-25 10:23:21,326.8,0
2021-05-25 10:23:22,326.75,0
2021-05-25 10:23:23,326.75,0
2021-05-25 10:23:24,326.85,0
2021-05-25 10:23:25,326.85,0
2021-05-25 10:23:26,326.75,0
2021-05-25 10:23:27,326.75,0
2021-05-25 10:23:28,326.8,0
2021-05-25 10:23:29,326.8,0
2021-05-25 10:23:30,326.75,0
2021-05-25 10:23:31,326.75,0
2021-05-25 10:23:32,326.7,0
2021-05-25 10:23:33,326.75,0
2021-05-25 10:23:34,326.75,0
2021-05-25 10:23:35,326.75,0
2021-05-25 10:23:37,326.7,0
2021-05-25 10:23:38,326.75,0
2021-05-25 10:23:39,326.85,0
2021-05-25 10:23:41,326.75,0
2021-05-25 10:23:42,326.75,0
2021-05-25 10:23:43,326.75,0
2021-05-25 10:23:44,326.85,0
2021-05-25 10:23:45,326.85,0
2021-05-25 10:23:47,326.8,0
2021-05-25 10:23:48,326.8,0
2021-05-25 10:23:49,326.8,0
2021-05-25 10:23:50,326.75,0
2021-05-25 10:23:51,326.7,0
2021-05-25 10:23:52,326.8,0
2021-05-25 10:23:54,326.7,0
2021-05-25 10:23:56,326.75,0
2021-05-25 10:23:57,326.85,0
2021-05-25 10:23:58,326.85,0
2021-05-25 10:23:59,326.8,0
2021-05-25 10:24:03,326.85,0
2021-05-25 10:24:05,326.75,0
2021-05-25 10:24:06,326.75,0
2021-05-25 10:24:09,326.75,0
2021-05-25 10:24:10,326.75,0
2021-05-25 10:24:12,326.75,0
2021-05-25 10:24:13,326.8,0
2021-05-25 10:24:16,326.8,0
2021-05-25 10:24:18,326.75,0
2021-05-25 10:24:19,326.8,0
2021-05-25 10:24:20,326.8,0
2021-05-25 10:24:21,326.75,0
2021-05-25 10:24:22,326.75,0
2021-05-25 10:24:25,326.75,0
2021-05-25 10:24:24,326.75,0
2021-05-25 10:24:26,326.7,0
2021-05-25 10:24:27,326.65,0
2021-05-25 10:24:28,326.65,0
2021-05-25 10:24:29,326.65,0
2021-05-25 10:24:30,326.7,0
2021-05-25 10:24:31,326.65,0
2021-05-25 10:24:33,326.65,0
2021-05-25 10:24:34,326.65,0
2021-05-25 10:24:35,326.65,0
2021-05-25 10:24:36,326.7,0
2021-05-25 10:24:37,326.7,0
2021-05-25 10:24:38,326.65,0
2021-05-25 10:24:39,326.65,0
2021-05-25 10:24:40,326.65,0
2021-05-25 10:24:41,326.6,0
2021-05-25 10:24:42,326.6,0
2021-05-25 10:24:43,326.6,0
2021-05-25 10:24:44,326.6,0
2021-05-25 10:24:46,326.6,0
2021-05-25 10:24:47,326.6,0
2021-05-25 10:24:48,326.65,0
2021-05-25 10:24:49,326.7,0
2021-05-25 10:24:50,326.65,0
2021-05-25 10:24:51,326.7,0
2021-05-25 10:24:53,326.65,0
2021-05-25 10:24:54,326.6,0
2021-05-25 10:24:56,326.55,0
2021-05-25 10:24:57,326.6,0
2021-05-25 10:24:58,326.6,0
2021-05-25 10:24:59,326.6,0
2021-05-25 10:25:00,326.6,0
2021-05-25 10:25:01,326.6,0
2021-05-25 10:25:02,326.6,0
2021-05-25 10:25:04,326.65,0
2021-05-25 10:25:08,326.7,0
2021-05-25 10:25:09,326.7,0
2021-05-25 10:25:11,326.65,0
2021-05-25 10:25:12,326.65,0
2021-05-25 10:25:14,326.65,0
2021-05-25 10:25:15,326.65,0
2021-05-25 10:25:16,326.7,0
2021-05-25 10:25:17,326.7,0
2021-05-25 10:25:18,326.75,0
2021-05-25 10:25:19,326.7,0
2021-05-25 10:25:20,326.75,0
2021-05-25 10:25:21,326.7,0
2021-05-25 10:25:22,326.7,0
2021-05-25 10:25:23,326.7,0
2021-05-25 10:25:24,326.7,0
2021-05-25 10:25:25,326.8,0
2021-05-25 10:25:27,326.75,0
2021-05-25 10:25:28,326.7,0
2021-05-25 10:25:30,326.7,0
2021-05-25 10:25:31,326.75,0
2021-05-25 10:25:32,326.75,0
2021-05-25 10:25:33,326.65,0
2021-05-25 10:25:34,326.6,0
2021-05-25 10:25:35,326.6,0
2021-05-25 10:25:37,326.7,0
2021-05-25 10:25:38,326.75,0
2021-05-25 10:25:39,326.75,0
2021-05-25 10:25:42,326.75,0
2021-05-25 10:25:43,326.85,0
2021-05-25 10:25:44,326.75,0
2021-05-25 10:25:45,326.8,0
2021-05-25 10:25:46,326.8,0
2021-05-25 10:25:47,326.8,0
2021-05-25 10:25:48,326.85,0
2021-05-25 10:25:49,326.8,0
2021-05-25 10:25:51,326.8,0
2021-05-25 10:25:52,326.8,0
2021-05-25 10:25:53,326.8,0
2021-05-25 10:25:55,326.8,0
2021-05-25 10:25:56,326.8,0
2021-05-25 10:25:57,326.75,0
2021-05-25 10:25:58,326.8,0
2021-05-25 10:25:59,326.8,0
2021-05-25 10:26:00,326.85,0
2021-05-25 10:26:01,326.85,0
2021-05-25 10:26:02,326.9,0
2021-05-25 10:26:03,326.8,0
2021-05-25 10:26:05,326.9,0
2021-05-25 10:26:07,326.9,0
2021-05-25 10:26:08,326.85,0
2021-05-25 10:26:09,326.85,0
2021-05-25 10:26:10,326.8,0
2021-05-25 10:26:11,326.8,0
2021-05-25 10:26:12,326.8,0
2021-05-25 10:26:15,326.85,0
2021-05-25 10:26:14,326.8,0
2021-05-25 10:26:16,326.8,0
2021-05-25 10:26:17,326.8,0
2021-05-25 10:26:18,326.8,0
2021-05-25 10:26:19,326.8,0
2021-05-25 10:26:20,326.8,0
2021-05-25 10:26:21,326.8,0
2021-05-25 10:26:22,326.8,0
2021-05-25 10:26:23,326.8,0
2021-05-25 10:26:25,326.8,0
2021-05-25 10:26:26,326.8,0
2021-05-25 10:26:27,326.75,0
2021-05-25 10:26:29,326.6,0
2021-05-25 10:26:30,326.6,0
2021-05-25 10:26:31,326.7,0
2021-05-25 10:26:32,326.65,0
2021-05-25 10:26:34,326.65,0
2021-05-25 10:26:36,326.65,0
2021-05-25 10:26:38,326.7,0
2021-05-25 10:26:39,326.7,0
2021-05-25 10:26:40,326.65,0
2021-05-25 10:26:41,326.6,0
2021-05-25 10:26:42,326.6,0
2021-05-25 10:26:43,326.65,0
2021-05-25 10:26:44,326.6,0
2021-05-25 10:26:45,326.65,0
2021-05-25 10:26:46,326.65,0
2021-05-25 10:26:47,326.65,0
2021-05-25 10:26:48,326.65,0
2021-05-25 10:26:49,326.65,0
2021-05-25 10:26:50,326.65,0
2021-05-25 10:26:51,326.55,0
2021-05-25 10:26:52,326.6,0
2021-05-25 10:26:53,326.6,0
2021-05-25 10:26:54,326.6,0
2021-05-25 10:26:55,326.55,0
2021-05-25 10:26:56,326.55,0
2021-05-25 10:26:58,326.55,0
2021-05-25 10:26:59,326.65,0
2021-05-25 10:27:00,326.65,0
2021-05-25 10:27:01,326.65,0
2021-05-25 10:27:02,326.65,0
2021-05-25 10:27:03,326.6,0
2021-05-25 10:27:04,326.65,0
2021-05-25 10:27:05,326.65,0
2021-05-25 10:27:06,326.65,0
2021-05-25 10:27:08,326.6,0
2021-05-25 10:27:09,326.65,0
2021-05-25 10:27:11,326.65,0
2021-05-25 10:27:13,326.65,0
2021-05-25 10:27:14,326.65,0
2021-05-25 10:27:15,326.65,0
2021-05-25 10:27:16,326.6,0
2021-05-25 10:27:17,326.6,0
2021-05-25 10:27:18,326.55,0
2021-05-25 10:27:19,326.55,0
2021-05-25 10:27:20,326.55,0
2021-05-25 10:27:21,326.55,0
2021-05-25 10:27:22,326.65,0
2021-05-25 10:27:23,326.7,0
2021-05-25 10:27:24,326.75,0
2021-05-25 10:27:25,326.65,0
2021-05-25 10:27:26,326.65,0
2021-05-25 10:27:28,326.7,0
2021-05-25 10:27:30,326.7,0
2021-05-25 10:27:32,326.7,0
2021-05-25 10:27:35,326.7,0
2021-05-25 10:27:37,326.7,0
2021-05-25 10:27:38,326.7,0
2021-05-25 10:27:39,326.7,0
2021-05-25 10:27:40,326.7,0
2021-05-25 10:27:41,326.7,0
2021-05-25 10:27:42,326.65,0
2021-05-25 10:27:43,326.65,0
2021-05-25 10:27:44,326.65,0
2021-05-25 10:27:46,326.7,0
2021-05-25 10:27:47,326.7,0
2021-05-25 10:27:48,326.7,0
2021-05-25 10:27:49,326.75,0
2021-05-25 10:27:50,326.7,0
2021-05-25 10:27:51,326.7,0
2021-05-25 10:27:52,326.7,0
2021-05-25 10:27:53,326.7,0
2021-05-25 10:27:54,326.7,0
2021-05-25 10:27:55,326.65,0
2021-05-25 10:27:56,326.7,0
2021-05-25 10:27:57,326.65,0
2021-05-25 10:27:58,326.65,0
2021-05-25 10:27:59,326.65,0
2021-05-25 10:28:00,326.65,0
2021-05-25 10:28:01,326.65,0
2021-05-25 10:28:02,326.65,0
2021-05-25 10:28:03,326.7,0
2021-05-25 10:28:04,326.65,0
2021-05-25 10:28:05,326.65,0
2021-05-25 10:28:08,326.7,0
2021-05-25 10:28:07,326.7,0
2021-05-25 10:28:09,326.7,0
2021-05-25 10:28:12,326.7,0
2021-05-25 10:28:13,326.65,0
2021-05-25 10:28:15,326.6,0
2021-05-25 10:28:16,326.6,0
2021-05-25 10:28:17,326.6,0
2021-05-25 10:28:19,326.6,0
2021-05-25 10:28:20,326.55,0
2021-05-25 10:28:22,326.6,0
2021-05-25 10:28:23,326.65,0
2021-05-25 10:28:24,326.6,0
2021-05-25 10:28:25,326.55,0
2021-05-25 10:28:27,326.55,0
2021-05-25 10:28:28,326.55,0
2021-05-25 10:28:29,326.55,0
2021-05-25 10:28:30,326.6,0
2021-05-25 10:28:31,326.55,0
2021-05-25 10:28:32,326.55,0
2021-05-25 10:28:33,326.5,0
2021-05-25 10:28:35,326.45,0
2021-05-25 10:28:36,326.45,0
2021-05-25 10:28:37,326.45,0
2021-05-25 10:28:40,326.45,0
2021-05-25 10:28:41,326.45,0
2021-05-25 10:28:42,326.4,0
2021-05-25 10:28:44,326.45,0
2021-05-25 10:28:45,326.4,0
2021-05-25 10:28:47,326.4,0
2021-05-25 10:28:48,326.4,0
2021-05-25 10:28:49,326.4,0
2021-05-25 10:28:50,326.4,0
2021-05-25 10:28:51,326.45,0
2021-05-25 10:28:52,326.45,0
2021-05-25 10:28:56,326.45,0
2021-05-25 10:28:58,326.35,0
2021-05-25 10:29:00,326.4,0
2021-05-25 10:29:01,326.4,0
2021-05-25 10:29:02,326.35,0
2021-05-25 10:29:03,326.35,0
2021-05-25 10:29:04,326.35,0
2021-05-25 10:29:06,326.35,0
2021-05-25 10:29:07,326.35,0
2021-05-25 10:29:08,326.35,0
2021-05-25 10:29:09,326.35,0
2021-05-25 10:29:11,326.4,0
2021-05-25 10:29:14,326.35,0
2021-05-25 10:29:15,326.35,0
2021-05-25 10:29:16,326.4,0
2021-05-25 10:29:17,326.4,0
2021-05-25 10:29:19,326.4,0
2021-05-25 10:29:20,326.4,0
2021-05-25 10:29:21,326.5,0
2021-05-25 10:29:22,326.5,0
2021-05-25 10:29:23,326.45,0
2021-05-25 10:29:24,326.45,0
2021-05-25 10:29:25,326.4,0
2021-05-25 10:29:27,326.45,0
2021-05-25 10:29:28,326.45,0
2021-05-25 10:29:30,326.45,0
2021-05-25 10:29:31,326.45,0
2021-05-25 10:29:32,326.45,0
2021-05-25 10:29:33,326.5,0
2021-05-25 10:29:34,326.45,0
2021-05-25 10:29:36,326.45,0
2021-05-25 10:29:37,326.5,0
2021-05-25 10:29:38,326.5,0
2021-05-25 10:29:39,326.45,0
2021-05-25 10:29:41,326.45,0
2021-05-25 10:29:42,326.5,0
2021-05-25 10:29:43,326.55,0
2021-05-25 10:29:44,326.55,0
2021-05-25 10:29:45,326.45,0
2021-05-25 10:29:47,326.45,0
2021-05-25 10:29:48,326.4,0
2021-05-25 10:29:49,326.4,0
2021-05-25 10:29:50,326.4,0
2021-05-25 10:29:51,326.4,0
2021-05-25 10:29:53,326.4,0
2021-05-25 10:29:54,326.4,0
2021-05-25 10:29:56,326.4,0
2021-05-25 10:29:58,326.4,0
2021-05-25 10:29:59,326.4,0
2021-05-25 10:30:01,326.45,0
2021-05-25 10:30:04,326.4,0
2021-05-25 10:30:05,326.4,0
2021-05-25 10:30:07,326.4,0
2021-05-25 10:30:08,326.45,0
2021-05-25 10:30:09,326.45,0
2021-05-25 10:30:10,326.4,0
2021-05-25 10:30:11,326.35,0
2021-05-25 10:30:13,326.35,0
2021-05-25 10:30:14,326.35,0
2021-05-25 10:30:17,326.4,0
2021-05-25 10:30:19,326.35,0
2021-05-25 10:30:20,326.35,0
2021-05-25 10:30:21,326.35,0
2021-05-25 10:30:26,326.45,0
2021-05-25 10:30:27,326.4,0
2021-05-25 10:30:28,326.45,0
2021-05-25 10:30:29,326.4,0
2021-05-25 10:30:30,326.35,0
2021-05-25 10:30:31,326.4,0
2021-05-25 10:30:32,326.4,0
2021-05-25 10:30:33,326.4,0
2021-05-25 10:30:34,326.45,0
2021-05-25 10:30:36,326.45,0
2021-05-25 10:30:37,326.4,0
2021-05-25 10:30:38,326.45,0
2021-05-25 10:30:39,326.45,0
2021-05-25 10:30:40,326.45,0
