timestamp,ltp,volume
2021-05-31 09:15:05,15432.35,0
2021-05-31 09:15:06,15429.0,0
2021-05-31 09:15:08,15420.1,0
2021-05-31 09:15:09,15419.65,0
2021-05-31 09:15:10,15415.9,0
2021-05-31 09:15:15,15406.3,0
2021-05-31 09:15:16,15406.45,0
2021-05-31 09:15:17,15406.65,0
2021-05-31 09:15:18,15408.3,0
2021-05-31 09:15:19,15409.45,0
2021-05-31 09:15:20,15409.15,0
2021-05-31 09:15:21,15412.05,0
2021-05-31 09:15:22,15411.6,0
2021-05-31 09:15:23,15410.75,0
2021-05-31 09:15:24,15412.65,0
2021-05-31 09:15:25,15418.55,0
2021-05-31 09:15:26,15414.7,0
2021-05-31 09:15:27,15414.25,0
2021-05-31 09:15:28,15420.1,0
2021-05-31 09:15:30,15419.15,0
2021-05-31 09:15:31,15420.6,0
2021-05-31 09:15:32,15420.35,0
2021-05-31 09:15:33,15422.5,0
2021-05-31 09:15:34,15424.7,0
2021-05-31 09:15:35,15425.8,0
2021-05-31 09:15:36,15427.75,0
2021-05-31 09:15:37,15426.5,0
2021-05-31 09:15:38,15428.55,0
2021-05-31 09:15:39,15431.05,0
2021-05-31 09:15:40,15430.05,0
2021-05-31 09:15:41,15433.55,0
2021-05-31 09:15:42,15429.5,0
2021-05-31 09:15:43,15431.35,0
2021-05-31 09:15:44,15431.0,0
2021-05-31 09:15:45,15434.55,0
2021-05-31 09:15:46,15432.05,0
2021-05-31 09:15:47,15433.4,0
2021-05-31 09:15:48,15427.4,0
2021-05-31 09:15:49,15421.7,0
2021-05-31 09:15:51,15423.25,0
2021-05-31 09:15:52,15422.4,0
2021-05-31 09:15:53,15423.65,0
2021-05-31 09:15:54,15424.95,0
2021-05-31 09:15:55,15425.6,0
2021-05-31 09:15:56,15424.3,0
2021-05-31 09:15:58,15425.05,0
2021-05-31 09:15:59,15424.7,0
2021-05-31 09:16:00,15423.0,0
2021-05-31 09:16:01,15421.2,0
2021-05-31 09:16:02,15419.4,0
2021-05-31 09:16:03,15420.05,0
2021-05-31 09:16:04,15420.2,0
2021-05-31 09:16:05,15416.9,0
2021-05-31 09:16:06,15416.55,0
2021-05-31 09:16:07,15415.6,0
2021-05-31 09:16:08,15414.85,0
2021-05-31 09:16:09,15415.9,0
2021-05-31 09:16:10,15413.85,0
2021-05-31 09:16:11,15416.65,0
2021-05-31 09:16:12,15415.1,0
2021-05-31 09:16:13,15415.7,0
2021-05-31 09:16:14,15416.55,0
2021-05-31 09:16:15,15415.65,0
2021-05-31 09:16:16,15416.7,0
2021-05-31 09:16:17,15418.3,0
2021-05-31 09:16:18,15418.0,0
2021-05-31 09:16:19,15417.15,0
2021-05-31 09:16:20,15416.15,0
2021-05-31 09:16:21,15416.0,0
2021-05-31 09:16:22,15415.7,0
2021-05-31 09:16:23,15415.75,0
2021-05-31 09:16:24,15414.5,0
2021-05-31 09:16:25,15412.0,0
2021-05-31 09:16:26,15410.35,0
2021-05-31 09:16:27,15413.3,0
2021-05-31 09:16:29,15408.6,0
2021-05-31 09:16:30,15408.8,0
2021-05-31 09:16:31,15409.05,0
2021-05-31 09:16:32,15405.45,0
2021-05-31 09:16:33,15406.5,0
2021-05-31 09:16:34,15408.05,0
2021-05-31 09:16:35,15408.05,0
2021-05-31 09:16:36,15409.0,0
2021-05-31 09:16:37,15408.95,0
2021-05-31 09:16:38,15408.95,0
2021-05-31 09:16:39,15409.95,0
2021-05-31 09:16:40,15411.25,0
2021-05-31 09:16:41,15411.45,0
2021-05-31 09:16:42,15412.25,0
2021-05-31 09:16:43,15410.95,0
2021-05-31 09:16:44,15413.2,0
2021-05-31 09:16:45,15414.0,0
2021-05-31 09:16:46,15414.8,0
2021-05-31 09:16:47,15416.2,0
2021-05-31 09:16:48,15416.55,0
2021-05-31 09:16:49,15415.65,0
2021-05-31 09:16:50,15417.3,0
2021-05-31 09:16:51,15418.15,0
2021-05-31 09:16:52,15418.85,0
2021-05-31 09:16:53,15419.6,0
2021-05-31 09:16:54,15419.45,0
2021-05-31 09:16:55,15419.3,0
2021-05-31 09:16:56,15421.0,0
2021-05-31 09:16:57,15419.95,0
2021-05-31 09:16:58,15418.55,0
2021-05-31 09:16:59,15419.35,0
2021-05-31 09:17:00,15418.75,0
2021-05-31 09:17:01,15420.8,0
2021-05-31 09:17:02,15422.0,0
2021-05-31 09:17:03,15422.4,0
2021-05-31 09:17:04,15422.0,0
2021-05-31 09:17:05,15421.8,0
2021-05-31 09:17:06,15421.95,0
2021-05-31 09:17:07,15424.4,0
2021-05-31 09:17:08,15424.6,0
2021-05-31 09:17:09,15423.55,0
2021-05-31 09:17:10,15423.35,0
2021-05-31 09:17:11,15423.4,0
2021-05-31 09:17:12,15424.6,0
2021-05-31 09:17:13,15423.8,0
2021-05-31 09:17:14,15424.1,0
2021-05-31 09:17:15,15424.45,0
2021-05-31 09:17:16,15424.4,0
2021-05-31 09:17:17,15424.0,0
2021-05-31 09:17:18,15425.8,0
2021-05-31 09:17:19,15425.6,0
2021-05-31 09:17:20,15426.6,0
2021-05-31 09:17:21,15427.1,0
2021-05-31 09:17:22,15428.5,0
2021-05-31 09:17:23,15427.75,0
2021-05-31 09:17:24,15427.4,0
2021-05-31 09:17:25,15424.85,0
2021-05-31 09:17:26,15425.1,0
2021-05-31 09:17:27,15426.15,0
2021-05-31 09:17:29,15427.8,0
2021-05-31 09:17:30,15427.65,0
2021-05-31 09:17:31,15429.45,0
2021-05-31 09:17:32,15428.5,0
2021-05-31 09:17:33,15430.5,0
2021-05-31 09:17:34,15431.75,0
2021-05-31 09:17:35,15429.55,0
2021-05-31 09:17:36,15426.0,0
2021-05-31 09:17:39,15426.35,0
2021-05-31 09:17:40,15426.0,0
2021-05-31 09:17:41,15425.3,0
2021-05-31 09:17:42,15425.75,0
2021-05-31 09:17:43,15424.8,0
2021-05-31 09:17:44,15424.25,0
2021-05-31 09:17:45,15422.5,0
2021-05-31 09:17:46,15425.25,0
2021-05-31 09:17:47,15424.4,0
2021-05-31 09:17:48,15424.15,0
2021-05-31 09:17:49,15423.4,0
2021-05-31 09:17:50,15423.05,0
2021-05-31 09:17:51,15422.5,0
2021-05-31 09:17:52,15422.9,0
2021-05-31 09:17:54,15422.85,0
2021-05-31 09:17:55,15420.1,0
2021-05-31 09:17:56,15422.05,0
2021-05-31 09:17:57,15423.55,0
2021-05-31 09:17:58,15423.15,0
2021-05-31 09:17:59,15425.2,0
2021-05-31 09:18:01,15424.2,0
2021-05-31 09:18:02,15420.55,0
2021-05-31 09:18:04,15422.15,0
2021-05-31 09:18:05,15422.15,0
2021-05-31 09:18:06,15421.8,0
2021-05-31 09:18:07,15423.0,0
2021-05-31 09:18:09,15423.8,0
2021-05-31 09:18:10,15423.6,0
2021-05-31 09:18:11,15425.0,0
2021-05-31 09:18:12,15426.0,0
2021-05-31 09:18:13,15424.35,0
2021-05-31 09:18:14,15424.3,0
2021-05-31 09:18:15,15422.5,0
2021-05-31 09:18:16,15422.55,0
2021-05-31 09:18:17,15421.5,0
2021-05-31 09:18:19,15418.2,0
2021-05-31 09:18:20,15418.7,0
2021-05-31 09:18:21,15420.95,0
2021-05-31 09:18:22,15419.65,0
2021-05-31 09:18:23,15419.6,0
2021-05-31 09:18:24,15420.05,0
2021-05-31 09:18:25,15422.25,0
2021-05-31 09:18:26,15423.0,0
2021-05-31 09:18:27,15423.45,0
2021-05-31 09:18:28,15423.7,0
2021-05-31 09:18:29,15423.8,0
2021-05-31 09:18:30,15423.85,0
2021-05-31 09:18:31,15423.3,0
2021-05-31 09:18:32,15422.45,0
2021-05-31 09:18:33,15423.05,0
2021-05-31 09:18:34,15422.1,0
2021-05-31 09:18:35,15423.8,0
2021-05-31 09:18:36,15423.85,0
2021-05-31 09:18:37,15423.0,0
2021-05-31 09:18:38,15423.2,0
2021-05-31 09:18:39,15423.95,0
2021-05-31 09:18:40,15423.65,0
2021-05-31 09:18:41,15422.8,0
2021-05-31 09:18:42,15425.05,0
2021-05-31 09:18:43,15424.35,0
2021-05-31 09:18:44,15424.9,0
2021-05-31 09:18:45,15425.55,0
2021-05-31 09:18:46,15425.0,0
2021-05-31 09:18:47,15426.65,0
2021-05-31 09:18:48,15427.25,0
2021-05-31 09:18:49,15426.2,0
2021-05-31 09:18:50,15430.0,0
2021-05-31 09:18:51,15429.75,0
2021-05-31 09:18:52,15428.05,0
2021-05-31 09:18:53,15426.6,0
2021-05-31 09:18:54,15428.05,0
2021-05-31 09:18:55,15426.95,0
2021-05-31 09:18:57,15427.3,0
2021-05-31 09:18:58,15427.7,0
2021-05-31 09:19:00,15427.35,0
2021-05-31 09:19:01,15428.5,0
2021-05-31 09:19:02,15427.4,0
2021-05-31 09:19:03,15426.45,0
2021-05-31 09:19:04,15426.0,0
2021-05-31 09:19:05,15425.85,0
2021-05-31 09:19:06,15424.95,0
2021-05-31 09:19:07,15424.0,0
2021-05-31 09:19:08,15424.5,0
2021-05-31 09:19:09,15424.35,0
2021-05-31 09:19:10,15425.6,0
2021-05-31 09:19:11,15426.4,0
2021-05-31 09:19:12,15425.25,0
2021-05-31 09:19:13,15425.6,0
2021-05-31 09:19:14,15425.15,0
2021-05-31 09:19:15,15425.35,0
2021-05-31 09:19:16,15426.55,0
2021-05-31 09:19:17,15426.15,0
2021-05-31 09:19:18,15428.25,0
2021-05-31 09:19:19,15427.4,0
2021-05-31 09:19:20,15428.0,0
2021-05-31 09:19:21,15427.15,0
2021-05-31 09:19:22,15427.75,0
2021-05-31 09:19:23,15427.75,0
2021-05-31 09:19:24,15426.1,0
2021-05-31 09:19:25,15425.4,0
2021-05-31 09:19:26,15423.85,0
2021-05-31 09:19:27,15422.85,0
2021-05-31 09:19:28,15422.95,0
2021-05-31 09:19:29,15423.55,0
2021-05-31 09:19:30,15422.35,0
2021-05-31 09:19:31,15421.5,0
2021-05-31 09:19:32,15423.3,0
2021-05-31 09:19:33,15424.05,0
2021-05-31 09:19:34,15423.2,0
2021-05-31 09:19:35,15423.6,0
2021-05-31 09:19:36,15423.7,0
2021-05-31 09:19:37,15423.3,0
2021-05-31 09:19:38,15424.5,0
2021-05-31 09:19:39,15424.15,0
2021-05-31 09:19:40,15424.6,0
2021-05-31 09:19:41,15426.6,0
2021-05-31 09:19:42,15426.25,0
2021-05-31 09:19:43,15426.55,0
2021-05-31 09:19:44,15424.45,0
2021-05-31 09:19:45,15425.45,0
2021-05-31 09:19:47,15426.1,0
2021-05-31 09:19:49,15427.35,0
2021-05-31 09:19:50,15427.25,0
2021-05-31 09:19:51,15425.25,0
2021-05-31 09:19:52,15424.9,0
2021-05-31 09:19:53,15425.15,0
2021-05-31 09:19:54,15425.1,0
2021-05-31 09:19:58,15427.45,0
2021-05-31 09:19:59,15428.6,0
2021-05-31 09:20:00,15427.75,0
2021-05-31 09:20:02,15419.3,0
2021-05-31 09:20:04,15419.4,0
2021-05-31 09:20:05,15420.45,0
2021-05-31 09:20:06,15421.8,0
2021-05-31 09:20:07,15421.4,0
2021-05-31 09:20:08,15419.3,0
2021-05-31 09:20:09,15421.1,0
2021-05-31 09:20:10,15422.3,0
2021-05-31 09:20:11,15422.1,0
2021-05-31 09:20:12,15422.6,0
2021-05-31 09:20:13,15422.65,0
2021-05-31 09:20:14,15423.0,0
2021-05-31 09:20:15,15423.7,0
2021-05-31 09:20:16,15424.7,0
2021-05-31 09:20:17,15426.45,0
2021-05-31 09:20:18,15426.95,0
2021-05-31 09:20:19,15428.0,0
2021-05-31 09:20:20,15425.5,0
2021-05-31 09:20:21,15424.9,0
2021-05-31 09:20:22,15423.5,0
2021-05-31 09:20:23,15423.85,0
2021-05-31 09:20:24,15424.4,0
2021-05-31 09:20:25,15422.0,0
2021-05-31 09:20:26,15422.3,0
2021-05-31 09:20:27,15422.7,0
2021-05-31 09:20:28,15422.0,0
2021-05-31 09:20:29,15424.85,0
2021-05-31 09:20:30,15424.75,0
2021-05-31 09:20:31,15424.8,0
2021-05-31 09:20:32,15423.05,0
2021-05-31 09:20:33,15424.65,0
2021-05-31 09:20:34,15426.25,0
2021-05-31 09:20:35,15426.8,0
2021-05-31 09:20:36,15427.4,0
2021-05-31 09:20:37,15422.8,0
2021-05-31 09:20:38,15423.8,0
2021-05-31 09:20:39,15424.05,0
2021-05-31 09:20:40,15422.6,0
2021-05-31 09:20:41,15420.9,0
2021-05-31 09:20:42,15420.55,0
2021-05-31 09:20:43,15421.55,0
2021-05-31 09:20:44,15420.5,0
2021-05-31 09:20:45,15418.95,0
2021-05-31 09:20:46,15418.1,0
2021-05-31 09:20:47,15416.85,0
2021-05-31 09:20:48,15418.05,0
2021-05-31 09:20:49,15418.7,0
2021-05-31 09:20:50,15418.75,0
2021-05-31 09:20:51,15420.35,0
2021-05-31 09:20:52,15419.25,0
2021-05-31 09:20:53,15418.7,0
2021-05-31 09:20:54,15421.0,0
2021-05-31 09:20:55,15420.65,0
2021-05-31 09:20:56,15417.4,0
2021-05-31 09:20:57,15417.8,0
2021-05-31 09:20:58,15419.55,0
2021-05-31 09:20:59,15419.35,0
2021-05-31 09:21:00,15418.05,0
2021-05-31 09:21:01,15422.35,0
2021-05-31 09:21:03,15422.45,0
2021-05-31 09:21:04,15420.4,0
2021-05-31 09:21:06,15418.9,0
2021-05-31 09:21:07,15419.65,0
2021-05-31 09:21:08,15420.75,0
2021-05-31 09:21:10,15419.15,0
2021-05-31 09:21:11,15418.7,0
2021-05-31 09:21:12,15419.05,0
2021-05-31 09:21:13,15420.25,0
2021-05-31 09:21:14,15417.65,0
2021-05-31 09:21:16,15417.85,0
2021-05-31 09:21:18,15416.05,0
2021-05-31 09:21:19,15413.75,0
2021-05-31 09:21:20,15414.15,0
2021-05-31 09:21:22,15414.0,0
2021-05-31 09:21:24,15415.3,0
2021-05-31 09:21:25,15415.2,0
2021-05-31 09:21:26,15415.35,0
2021-05-31 09:21:27,15415.8,0
2021-05-31 09:21:28,15415.5,0
2021-05-31 09:21:29,15416.05,0
2021-05-31 09:21:30,15417.5,0
2021-05-31 09:21:31,15417.75,0
2021-05-31 09:21:32,15418.25,0
2021-05-31 09:21:33,15418.95,0
2021-05-31 09:21:34,15420.8,0
2021-05-31 09:21:35,15418.9,0
2021-05-31 09:21:36,15421.95,0
2021-05-31 09:21:37,15420.4,0
2021-05-31 09:21:38,15420.4,0
2021-05-31 09:21:39,15421.5,0
2021-05-31 09:21:40,15422.4,0
2021-05-31 09:21:41,15422.4,0
2021-05-31 09:21:42,15422.4,0
2021-05-31 09:21:43,15423.3,0
2021-05-31 09:21:44,15417.45,0
2021-05-31 09:21:45,15415.4,0
2021-05-31 09:21:46,15416.6,0
2021-05-31 09:21:47,15417.6,0
2021-05-31 09:21:48,15419.0,0
2021-05-31 09:21:49,15419.05,0
2021-05-31 09:21:50,15422.0,0
2021-05-31 09:21:51,15420.95,0
2021-05-31 09:21:52,15420.0,0
2021-05-31 09:21:53,15419.9,0
2021-05-31 09:21:54,15420.35,0
2021-05-31 09:21:55,15421.05,0
2021-05-31 09:21:56,15422.3,0
2021-05-31 09:21:57,15420.85,0
2021-05-31 09:21:58,15423.1,0
2021-05-31 09:21:59,15422.4,0
2021-05-31 09:22:00,15421.2,0
2021-05-31 09:22:01,15420.75,0
2021-05-31 09:22:02,15421.1,0
2021-05-31 09:22:03,15420.55,0
2021-05-31 09:22:04,15421.4,0
2021-05-31 09:22:05,15420.6,0
2021-05-31 09:22:06,15421.2,0
2021-05-31 09:22:07,15423.35,0
2021-05-31 09:22:08,15423.6,0
2021-05-31 09:22:09,15423.05,0
2021-05-31 09:22:10,15426.3,0
2021-05-31 09:22:11,15423.55,0
2021-05-31 09:22:12,15424.5,0
2021-05-31 09:22:13,15425.0,0
2021-05-31 09:22:14,15424.35,0
2021-05-31 09:22:15,15424.4,0
2021-05-31 09:22:16,15423.1,0
2021-05-31 09:22:17,15423.7,0
2021-05-31 09:22:18,15424.6,0
2021-05-31 09:22:19,15423.9,0
2021-05-31 09:22:20,15424.2,0
2021-05-31 09:22:21,15424.0,0
2021-05-31 09:22:22,15421.8,0
2021-05-31 09:22:23,15424.15,0
2021-05-31 09:22:24,15423.1,0
2021-05-31 09:22:25,15424.7,0
2021-05-31 09:22:26,15426.0,0
2021-05-31 09:22:27,15425.55,0
2021-05-31 09:22:28,15425.8,0
2021-05-31 09:22:29,15424.9,0
2021-05-31 09:22:30,15423.55,0
2021-05-31 09:22:31,15425.95,0
2021-05-31 09:22:32,15424.25,0
2021-05-31 09:22:33,15426.05,0
2021-05-31 09:22:34,15426.85,0
2021-05-31 09:22:35,15426.8,0
2021-05-31 09:22:36,15427.25,0
2021-05-31 09:22:37,15425.85,0
2021-05-31 09:22:38,15426.4,0
2021-05-31 09:22:39,15425.1,0
2021-05-31 09:22:40,15425.5,0
2021-05-31 09:22:41,15424.8,0
2021-05-31 09:22:42,15423.15,0
2021-05-31 09:22:43,15424.9,0
2021-05-31 09:22:44,15425.45,0
2021-05-31 09:22:45,15425.25,0
2021-05-31 09:22:46,15425.2,0
2021-05-31 09:22:47,15424.1,0
2021-05-31 09:22:48,15423.8,0
2021-05-31 09:22:49,15426.05,0
2021-05-31 09:22:50,15425.5,0
2021-05-31 09:22:51,15424.9,0
2021-05-31 09:22:52,15425.7,0
2021-05-31 09:22:53,15424.1,0
2021-05-31 09:22:54,15424.45,0
2021-05-31 09:22:55,15424.85,0
2021-05-31 09:22:56,15424.15,0
2021-05-31 09:22:57,15421.75,0
2021-05-31 09:22:58,15421.75,0
2021-05-31 09:22:59,15420.45,0
2021-05-31 09:23:00,15419.95,0
2021-05-31 09:23:01,15420.1,0
2021-05-31 09:23:02,15419.3,0
2021-05-31 09:23:03,15420.75,0
2021-05-31 09:23:04,15417.65,0
2021-05-31 09:23:05,15418.1,0
2021-05-31 09:23:06,15417.55,0
2021-05-31 09:23:07,15418.65,0
2021-05-31 09:23:08,15418.5,0
2021-05-31 09:23:09,15418.8,0
2021-05-31 09:23:10,15420.15,0
2021-05-31 09:23:11,15421.45,0
2021-05-31 09:23:12,15421.25,0
2021-05-31 09:23:13,15418.1,0
2021-05-31 09:23:14,15417.95,0
2021-05-31 09:23:15,15418.15,0
2021-05-31 09:23:16,15418.55,0
2021-05-31 09:23:17,15418.85,0
2021-05-31 09:23:18,15418.45,0
2021-05-31 09:23:19,15419.5,0
2021-05-31 09:23:20,15419.75,0
2021-05-31 09:23:21,15419.05,0
2021-05-31 09:23:22,15417.5,0
2021-05-31 09:23:23,15417.95,0
2021-05-31 09:23:24,15418.3,0
2021-05-31 09:23:25,15413.3,0
2021-05-31 09:23:26,15412.9,0
2021-05-31 09:23:27,15412.35,0
2021-05-31 09:23:28,15413.3,0
2021-05-31 09:23:29,15414.6,0
2021-05-31 09:23:30,15415.8,0
2021-05-31 09:23:31,15415.35,0
2021-05-31 09:23:32,15414.85,0
2021-05-31 09:23:33,15415.9,0
2021-05-31 09:23:34,15415.5,0
2021-05-31 09:23:35,15415.25,0
2021-05-31 09:23:36,15416.0,0
2021-05-31 09:23:37,15415.9,0
2021-05-31 09:23:38,15415.95,0
2021-05-31 09:23:39,15415.7,0
2021-05-31 09:23:40,15415.5,0
2021-05-31 09:23:41,15416.85,0
2021-05-31 09:23:42,15415.0,0
2021-05-31 09:23:43,15415.9,0
2021-05-31 09:23:44,15414.15,0
2021-05-31 09:23:45,15416.2,0
2021-05-31 09:23:46,15416.25,0
2021-05-31 09:23:47,15415.7,0
2021-05-31 09:23:48,15415.85,0
2021-05-31 09:23:49,15417.05,0
2021-05-31 09:23:51,15416.0,0
2021-05-31 09:23:50,15415.85,0
2021-05-31 09:23:52,15415.9,0
2021-05-31 09:23:53,15417.3,0
2021-05-31 09:23:54,15418.2,0
2021-05-31 09:23:55,15418.4,0
2021-05-31 09:23:56,15418.45,0
2021-05-31 09:23:57,15419.4,0
2021-05-31 09:23:58,15418.6,0
2021-05-31 09:23:59,15418.6,0
2021-05-31 09:24:00,15417.9,0
2021-05-31 09:24:01,15419.4,0
2021-05-31 09:24:02,15419.05,0
2021-05-31 09:24:03,15418.4,0
2021-05-31 09:24:04,15418.4,0
2021-05-31 09:24:05,15418.25,0
2021-05-31 09:24:06,15418.05,0
2021-05-31 09:24:07,15417.7,0
2021-05-31 09:24:08,15418.2,0
2021-05-31 09:24:09,15418.45,0
2021-05-31 09:24:10,15416.55,0
2021-05-31 09:24:11,15416.75,0
2021-05-31 09:24:12,15416.45,0
2021-05-31 09:24:13,15416.45,0
2021-05-31 09:24:14,15416.35,0
2021-05-31 09:24:15,15416.2,0
2021-05-31 09:24:16,15416.9,0
2021-05-31 09:24:17,15415.4,0
2021-05-31 09:24:18,15415.6,0
2021-05-31 09:24:19,15415.15,0
2021-05-31 09:24:20,15415.7,0
2021-05-31 09:24:21,15415.6,0
2021-05-31 09:24:22,15415.7,0
2021-05-31 09:24:23,15416.9,0
2021-05-31 09:24:24,15417.15,0
2021-05-31 09:24:25,15418.25,0
2021-05-31 09:24:26,15417.9,0
2021-05-31 09:24:27,15418.1,0
2021-05-31 09:24:28,15417.95,0
2021-05-31 09:24:29,15417.0,0
2021-05-31 09:24:30,15416.5,0
2021-05-31 09:24:31,15417.45,0
2021-05-31 09:24:32,15415.95,0
2021-05-31 09:24:33,15415.4,0
2021-05-31 09:24:35,15415.5,0
2021-05-31 09:24:36,15415.55,0
2021-05-31 09:24:37,15414.35,0
2021-05-31 09:24:38,15415.6,0
2021-05-31 09:24:39,15414.9,0
2021-05-31 09:24:40,15414.35,0
2021-05-31 09:24:41,15414.6,0
2021-05-31 09:24:42,15413.6,0
2021-05-31 09:24:43,15413.75,0
2021-05-31 09:24:44,15415.15,0
2021-05-31 09:24:45,15413.1,0
2021-05-31 09:24:46,15415.4,0
2021-05-31 09:24:47,15415.0,0
2021-05-31 09:24:48,15414.85,0
2021-05-31 09:24:49,15415.9,0
2021-05-31 09:24:50,15415.85,0
2021-05-31 09:24:51,15415.15,0
2021-05-31 09:24:52,15413.75,0
2021-05-31 09:24:53,15414.65,0
2021-05-31 09:24:54,15415.65,0
2021-05-31 09:24:55,15415.2,0
2021-05-31 09:24:56,15414.85,0
2021-05-31 09:24:57,15414.75,0
2021-05-31 09:24:58,15416.65,0
2021-05-31 09:24:59,15415.7,0
2021-05-31 09:25:00,15416.45,0
2021-05-31 09:25:01,15415.85,0
2021-05-31 09:25:02,15414.3,0
2021-05-31 09:25:03,15415.25,0
2021-05-31 09:25:04,15415.1,0
2021-05-31 09:25:05,15415.45,0
2021-05-31 09:25:06,15416.2,0
2021-05-31 09:25:08,15415.0,0
2021-05-31 09:25:09,15416.45,0
2021-05-31 09:25:10,15414.05,0
2021-05-31 09:25:11,15413.95,0
2021-05-31 09:25:12,15414.25,0
2021-05-31 09:25:13,15414.3,0
2021-05-31 09:25:14,15415.3,0
2021-05-31 09:25:15,15415.85,0
2021-05-31 09:25:16,15414.05,0
2021-05-31 09:25:17,15414.05,0
2021-05-31 09:25:18,15414.9,0
2021-05-31 09:25:19,15413.9,0
2021-05-31 09:25:20,15414.15,0
2021-05-31 09:25:21,15414.05,0
2021-05-31 09:25:22,15412.75,0
2021-05-31 09:25:23,15411.1,0
2021-05-31 09:25:24,15411.15,0
2021-05-31 09:25:25,15411.4,0
2021-05-31 09:25:26,15411.9,0
2021-05-31 09:25:27,15410.75,0
2021-05-31 09:25:28,15410.1,0
2021-05-31 09:25:29,15408.85,0
2021-05-31 09:25:30,15407.6,0
2021-05-31 09:25:31,15406.4,0
2021-05-31 09:25:33,15406.1,0
2021-05-31 09:25:34,15406.75,0
2021-05-31 09:25:36,15406.35,0
2021-05-31 09:25:38,15402.45,0
2021-05-31 09:25:39,15402.6,0
2021-05-31 09:25:41,15402.85,0
2021-05-31 09:25:42,15402.7,0
2021-05-31 09:25:43,15403.2,0
2021-05-31 09:25:44,15402.9,0
2021-05-31 09:25:45,15403.05,0
2021-05-31 09:25:46,15401.2,0
2021-05-31 09:25:47,15400.0,0
2021-05-31 09:25:48,15398.95,0
2021-05-31 09:25:49,15398.4,0
2021-05-31 09:25:50,15398.65,0
2021-05-31 09:25:51,15397.9,0
2021-05-31 09:25:52,15397.45,0
2021-05-31 09:25:53,15396.8,0
2021-05-31 09:25:54,15396.55,0
2021-05-31 09:25:55,15395.35,0
2021-05-31 09:25:56,15393.1,0
2021-05-31 09:25:57,15392.6,0
2021-05-31 09:25:58,15393.8,0
2021-05-31 09:25:59,15393.55,0
2021-05-31 09:26:00,15391.35,0
2021-05-31 09:26:01,15392.05,0
2021-05-31 09:26:02,15391.8,0
2021-05-31 09:26:03,15392.85,0
2021-05-31 09:26:04,15392.6,0
2021-05-31 09:26:05,15391.1,0
2021-05-31 09:26:06,15391.7,0
2021-05-31 09:26:07,15391.55,0
2021-05-31 09:26:08,15392.55,0
2021-05-31 09:26:09,15392.25,0
2021-05-31 09:26:10,15392.1,0
2021-05-31 09:26:11,15393.0,0
2021-05-31 09:26:12,15391.1,0
2021-05-31 09:26:13,15392.85,0
2021-05-31 09:26:14,15391.1,0
2021-05-31 09:26:15,15392.9,0
2021-05-31 09:26:16,15391.85,0
2021-05-31 09:26:17,15391.45,0
2021-05-31 09:26:18,15390.85,0
2021-05-31 09:26:19,15390.6,0
2021-05-31 09:26:20,15391.25,0
2021-05-31 09:26:21,15390.2,0
2021-05-31 09:26:22,15391.4,0
2021-05-31 09:26:23,15391.0,0
2021-05-31 09:26:24,15390.3,0
2021-05-31 09:26:25,15392.0,0
2021-05-31 09:26:26,15392.3,0
2021-05-31 09:26:27,15393.8,0
2021-05-31 09:26:28,15394.3,0
2021-05-31 09:26:29,15394.45,0
2021-05-31 09:26:30,15395.6,0
2021-05-31 09:26:31,15396.55,0
2021-05-31 09:26:32,15396.45,0
2021-05-31 09:26:33,15396.9,0
2021-05-31 09:26:34,15397.5,0
2021-05-31 09:26:35,15397.6,0
2021-05-31 09:26:36,15398.0,0
2021-05-31 09:26:37,15397.9,0
2021-05-31 09:26:38,15398.35,0
2021-05-31 09:26:39,15399.9,0
2021-05-31 09:26:40,15399.45,0
2021-05-31 09:26:41,15399.35,0
2021-05-31 09:26:42,15399.65,0
2021-05-31 09:26:43,15399.75,0
2021-05-31 09:26:44,15400.75,0
2021-05-31 09:26:45,15401.45,0
2021-05-31 09:26:46,15400.45,0
2021-05-31 09:26:47,15400.55,0
2021-05-31 09:26:48,15400.85,0
2021-05-31 09:26:49,15400.85,0
2021-05-31 09:26:52,15399.15,0
2021-05-31 09:26:53,15400.75,0
2021-05-31 09:26:55,15400.8,0
2021-05-31 09:26:56,15400.15,0
2021-05-31 09:26:59,15401.4,0
2021-05-31 09:27:00,15401.3,0
2021-05-31 09:27:01,15400.55,0
2021-05-31 09:27:03,15400.25,0
2021-05-31 09:27:04,15399.1,0
2021-05-31 09:27:05,15398.8,0
2021-05-31 09:27:06,15398.45,0
2021-05-31 09:27:07,15400.05,0
2021-05-31 09:27:09,15399.55,0
2021-05-31 09:27:10,15399.95,0
2021-05-31 09:27:11,15399.9,0
2021-05-31 09:27:12,15399.1,0
2021-05-31 09:27:13,15400.2,0
2021-05-31 09:27:14,15401.0,0
2021-05-31 09:27:16,15402.2,0
2021-05-31 09:27:17,15400.8,0
2021-05-31 09:27:18,15401.15,0
2021-05-31 09:27:19,15400.6,0
2021-05-31 09:27:20,15400.65,0
2021-05-31 09:27:21,15398.8,0
2021-05-31 09:27:23,15397.8,0
2021-05-31 09:27:24,15397.2,0
2021-05-31 09:27:25,15395.85,0
2021-05-31 09:27:26,15396.4,0
2021-05-31 09:27:27,15395.75,0
2021-05-31 09:27:28,15394.3,0
2021-05-31 09:27:30,15393.15,0
2021-05-31 09:27:31,15392.6,0
2021-05-31 09:27:32,15392.1,0
2021-05-31 09:27:34,15392.45,0
2021-05-31 09:27:36,15392.35,0
2021-05-31 09:27:37,15392.55,0
2021-05-31 09:27:38,15392.35,0
2021-05-31 09:27:39,15391.45,0
2021-05-31 09:27:40,15392.7,0
2021-05-31 09:27:41,15391.6,0
2021-05-31 09:27:42,15391.55,0
2021-05-31 09:27:43,15391.8,0
2021-05-31 09:27:44,15392.45,0
2021-05-31 09:27:46,15391.7,0
2021-05-31 09:27:47,15391.6,0
2021-05-31 09:27:48,15392.55,0
2021-05-31 09:27:49,15392.0,0
2021-05-31 09:27:50,15391.9,0
2021-05-31 09:27:51,15391.6,0
2021-05-31 09:27:52,15390.7,0
2021-05-31 09:27:53,15391.45,0
2021-05-31 09:27:54,15390.45,0
2021-05-31 09:27:55,15391.45,0
2021-05-31 09:27:56,15391.1,0
2021-05-31 09:27:57,15390.6,0
2021-05-31 09:27:58,15390.8,0
2021-05-31 09:27:59,15391.15,0
2021-05-31 09:28:00,15390.8,0
2021-05-31 09:28:01,15390.7,0
2021-05-31 09:28:02,15392.15,0
2021-05-31 09:28:03,15391.7,0
2021-05-31 09:28:04,15391.7,0
2021-05-31 09:28:05,15390.9,0
2021-05-31 09:28:06,15390.75,0
2021-05-31 09:28:07,15390.6,0
2021-05-31 09:28:08,15389.35,0
2021-05-31 09:28:09,15389.65,0
2021-05-31 09:28:10,15389.8,0
2021-05-31 09:28:11,15389.65,0
2021-05-31 09:28:12,15389.85,0
2021-05-31 09:28:13,15388.75,0
2021-05-31 09:28:14,15386.5,0
2021-05-31 09:28:15,15385.65,0
2021-05-31 09:28:16,15386.7,0
2021-05-31 09:28:17,15385.55,0
2021-05-31 09:28:18,15386.3,0
2021-05-31 09:28:19,15385.4,0
2021-05-31 09:28:20,15386.1,0
2021-05-31 09:28:21,15385.8,0
2021-05-31 09:28:22,15386.55,0
2021-05-31 09:28:23,15387.05,0
2021-05-31 09:28:24,15387.05,0
2021-05-31 09:28:25,15384.3,0
2021-05-31 09:28:26,15384.7,0
2021-05-31 09:28:27,15386.45,0
2021-05-31 09:28:28,15385.05,0
2021-05-31 09:28:29,15384.25,0
2021-05-31 09:28:30,15384.95,0
2021-05-31 09:28:31,15384.9,0
2021-05-31 09:28:32,15385.55,0
2021-05-31 09:28:33,15386.0,0
2021-05-31 09:28:34,15387.65,0
2021-05-31 09:28:35,15388.75,0
2021-05-31 09:28:36,15389.4,0
2021-05-31 09:28:37,15389.8,0
2021-05-31 09:28:38,15390.35,0
2021-05-31 09:28:39,15391.25,0
2021-05-31 09:28:40,15390.5,0
2021-05-31 09:28:41,15392.1,0
2021-05-31 09:28:42,15393.85,0
2021-05-31 09:28:43,15394.95,0
2021-05-31 09:28:44,15395.0,0
2021-05-31 09:28:45,15394.95,0
2021-05-31 09:28:46,15394.5,0
2021-05-31 09:28:47,15394.65,0
2021-05-31 09:28:48,15394.9,0
2021-05-31 09:28:49,15394.7,0
2021-05-31 09:28:50,15394.45,0
2021-05-31 09:28:51,15394.6,0
2021-05-31 09:28:52,15392.8,0
2021-05-31 09:28:53,15391.6,0
2021-05-31 09:28:54,15392.45,0
2021-05-31 09:28:55,15392.8,0
2021-05-31 09:28:56,15394.1,0
2021-05-31 09:28:57,15392.65,0
2021-05-31 09:28:58,15393.35,0
2021-05-31 09:28:59,15391.2,0
2021-05-31 09:29:00,15390.75,0
2021-05-31 09:29:01,15390.3,0
2021-05-31 09:29:02,15392.15,0
2021-05-31 09:29:03,15392.6,0
2021-05-31 09:29:04,15392.1,0
2021-05-31 09:29:05,15392.4,0
2021-05-31 09:29:06,15392.5,0
2021-05-31 09:29:07,15393.15,0
2021-05-31 09:29:08,15392.8,0
2021-05-31 09:29:09,15392.8,0
2021-05-31 09:29:10,15393.9,0
2021-05-31 09:29:11,15393.7,0
2021-05-31 09:29:12,15393.65,0
2021-05-31 09:29:14,15392.85,0
2021-05-31 09:29:16,15391.9,0
2021-05-31 09:29:17,15392.15,0
2021-05-31 09:29:18,15391.7,0
2021-05-31 09:29:19,15392.6,0
2021-05-31 09:29:20,15391.75,0
2021-05-31 09:29:21,15391.25,0
2021-05-31 09:29:23,15390.6,0
2021-05-31 09:29:24,15391.7,0
2021-05-31 09:29:25,15392.8,0
2021-05-31 09:29:27,15391.55,0
2021-05-31 09:29:28,15391.95,0
2021-05-31 09:29:29,15392.5,0
2021-05-31 09:29:30,15393.65,0
2021-05-31 09:29:31,15393.15,0
2021-05-31 09:29:32,15393.3,0
2021-05-31 09:29:33,15394.1,0
2021-05-31 09:29:34,15394.4,0
2021-05-31 09:29:35,15394.45,0
2021-05-31 09:29:36,15394.4,0
2021-05-31 09:29:37,15392.8,0
2021-05-31 09:29:38,15391.75,0
2021-05-31 09:29:39,15390.95,0
2021-05-31 09:29:40,15391.7,0
2021-05-31 09:29:41,15390.15,0
2021-05-31 09:29:42,15390.4,0
2021-05-31 09:29:43,15390.5,0
2021-05-31 09:29:44,15390.1,0
2021-05-31 09:29:45,15390.6,0
2021-05-31 09:29:46,15390.4,0
2021-05-31 09:29:47,15391.4,0
2021-05-31 09:29:48,15391.8,0
2021-05-31 09:29:49,15391.65,0
2021-05-31 09:29:50,15390.9,0
2021-05-31 09:29:51,15392.4,0
2021-05-31 09:29:52,15392.75,0
2021-05-31 09:29:53,15393.35,0
2021-05-31 09:29:54,15393.5,0
2021-05-31 09:29:55,15393.35,0
2021-05-31 09:29:56,15393.3,0
2021-05-31 09:29:57,15392.95,0
2021-05-31 09:29:58,15392.45,0
2021-05-31 09:29:59,15393.8,0
2021-05-31 09:30:00,15394.0,0
2021-05-31 09:30:01,15391.4,0
2021-05-31 09:30:02,15387.45,0
2021-05-31 09:30:03,15389.75,0
2021-05-31 09:30:04,15388.5,0
2021-05-31 09:30:06,15388.05,0
2021-05-31 09:30:07,15388.9,0
2021-05-31 09:30:08,15387.25,0
2021-05-31 09:30:09,15387.15,0
2021-05-31 09:30:10,15386.25,0
2021-05-31 09:30:11,15386.0,0
2021-05-31 09:30:12,15385.2,0
2021-05-31 09:30:13,15385.35,0
2021-05-31 09:30:14,15383.4,0
2021-05-31 09:30:15,15384.0,0
2021-05-31 09:30:16,15382.45,0
2021-05-31 09:30:17,15383.0,0
2021-05-31 09:30:18,15382.4,0
2021-05-31 09:30:19,15383.75,0
2021-05-31 09:30:20,15383.25,0
2021-05-31 09:30:21,15382.55,0
2021-05-31 09:30:22,15382.4,0
2021-05-31 09:30:23,15383.2,0
2021-05-31 09:30:24,15383.3,0
2021-05-31 09:30:25,15382.65,0
2021-05-31 09:30:26,15381.35,0
2021-05-31 09:30:27,15381.3,0
2021-05-31 09:30:28,15384.5,0
2021-05-31 09:30:29,15383.75,0
2021-05-31 09:30:30,15382.85,0
2021-05-31 09:30:31,15382.8,0
2021-05-31 09:30:32,15383.1,0
2021-05-31 09:30:33,15382.25,0
2021-05-31 09:30:34,15382.25,0
2021-05-31 09:30:35,15381.6,0
2021-05-31 09:30:36,15380.7,0
2021-05-31 09:30:37,15381.0,0
2021-05-31 09:30:38,15382.05,0
2021-05-31 09:30:39,15382.45,0
2021-05-31 09:30:40,15381.95,0
2021-05-31 09:30:41,15384.75,0
2021-05-31 09:30:42,15385.1,0
2021-05-31 09:30:43,15385.65,0
2021-05-31 09:30:44,15385.05,0
2021-05-31 09:30:45,15383.45,0
2021-05-31 09:30:46,15384.7,0
2021-05-31 09:30:47,15385.35,0
2021-05-31 09:30:48,15385.45,0
2021-05-31 09:30:49,15384.25,0
2021-05-31 09:30:50,15383.0,0
2021-05-31 09:30:51,15383.75,0
2021-05-31 09:30:52,15383.55,0
2021-05-31 09:30:53,15383.3,0
2021-05-31 09:30:54,15381.55,0
2021-05-31 09:30:55,15381.85,0
2021-05-31 09:30:56,15381.05,0
2021-05-31 09:30:57,15381.5,0
2021-05-31 09:30:58,15380.95,0
2021-05-31 09:30:59,15381.8,0
2021-05-31 09:31:00,15381.7,0
2021-05-31 09:31:01,15377.35,0
2021-05-31 09:31:02,15379.05,0
2021-05-31 09:31:03,15379.1,0
2021-05-31 09:31:04,15379.35,0
2021-05-31 09:31:05,15380.2,0
2021-05-31 09:31:06,15379.95,0
2021-05-31 09:31:07,15380.45,0
2021-05-31 09:31:08,15380.35,0
2021-05-31 09:31:09,15379.8,0
2021-05-31 09:31:10,15380.75,0
2021-05-31 09:31:11,15380.15,0
2021-05-31 09:31:12,15380.55,0
2021-05-31 09:31:13,15380.55,0
2021-05-31 09:31:14,15380.05,0
2021-05-31 09:31:15,15380.9,0
2021-05-31 09:31:16,15380.45,0
2021-05-31 09:31:17,15380.2,0
2021-05-31 09:31:18,15379.2,0
2021-05-31 09:31:19,15379.05,0
2021-05-31 09:31:20,15379.2,0
2021-05-31 09:31:21,15378.95,0
2021-05-31 09:31:22,15378.35,0
2021-05-31 09:31:23,15378.05,0
2021-05-31 09:31:24,15377.75,0
2021-05-31 09:31:25,15378.15,0
2021-05-31 09:31:26,15378.7,0
2021-05-31 09:31:27,15379.45,0
2021-05-31 09:31:28,15378.1,0
2021-05-31 09:31:29,15378.1,0
2021-05-31 09:31:30,15377.35,0
2021-05-31 09:31:33,15375.9,0
2021-05-31 09:31:34,15376.4,0
2021-05-31 09:31:35,15375.1,0
2021-05-31 09:31:36,15375.65,0
2021-05-31 09:31:37,15376.2,0
2021-05-31 09:31:38,15375.0,0
2021-05-31 09:31:39,15375.7,0
2021-05-31 09:31:40,15376.05,0
2021-05-31 09:31:41,15376.95,0
2021-05-31 09:31:42,15378.05,0
2021-05-31 09:31:43,15379.75,0
2021-05-31 09:31:44,15378.85,0
2021-05-31 09:31:47,15380.1,0
2021-05-31 09:31:48,15378.5,0
2021-05-31 09:31:49,15379.0,0
2021-05-31 09:31:50,15380.0,0
2021-05-31 09:31:51,15380.4,0
2021-05-31 09:31:52,15380.0,0
2021-05-31 09:31:53,15380.85,0
2021-05-31 09:31:54,15380.75,0
2021-05-31 09:31:55,15381.75,0
2021-05-31 09:31:56,15381.35,0
2021-05-31 09:31:57,15380.05,0
2021-05-31 09:32:00,15379.4,0
2021-05-31 09:32:01,15376.55,0
2021-05-31 09:32:02,15376.4,0
2021-05-31 09:32:03,15375.3,0
2021-05-31 09:32:04,15376.4,0
2021-05-31 09:32:05,15376.6,0
2021-05-31 09:32:07,15375.9,0
2021-05-31 09:32:08,15375.3,0
2021-05-31 09:32:09,15376.55,0
2021-05-31 09:32:10,15376.65,0
2021-05-31 09:32:12,15376.05,0
2021-05-31 09:32:13,15376.75,0
2021-05-31 09:32:14,15375.6,0
2021-05-31 09:32:15,15374.9,0
2021-05-31 09:32:16,15375.3,0
2021-05-31 09:32:17,15377.0,0
2021-05-31 09:32:18,15377.15,0
2021-05-31 09:32:19,15378.25,0
2021-05-31 09:32:20,15377.75,0
2021-05-31 09:32:21,15378.35,0
2021-05-31 09:32:22,15378.65,0
2021-05-31 09:32:23,15378.6,0
2021-05-31 09:32:24,15377.45,0
2021-05-31 09:32:25,15377.85,0
2021-05-31 09:32:26,15376.9,0
2021-05-31 09:32:27,15375.45,0
2021-05-31 09:32:28,15376.8,0
2021-05-31 09:32:29,15378.1,0
2021-05-31 09:32:30,15376.05,0
2021-05-31 09:32:31,15375.2,0
2021-05-31 09:32:32,15376.65,0
2021-05-31 09:32:33,15378.55,0
2021-05-31 09:32:34,15380.8,0
2021-05-31 09:32:35,15380.5,0
2021-05-31 09:32:36,15379.6,0
2021-05-31 09:32:37,15378.75,0
2021-05-31 09:32:38,15378.6,0
2021-05-31 09:32:39,15378.95,0
2021-05-31 09:32:40,15379.15,0
2021-05-31 09:32:41,15379.45,0
2021-05-31 09:32:42,15379.5,0
2021-05-31 09:32:43,15378.85,0
2021-05-31 09:32:44,15379.25,0
2021-05-31 09:32:45,15379.6,0
2021-05-31 09:32:46,15379.95,0
2021-05-31 09:32:47,15380.6,0
2021-05-31 09:32:48,15380.1,0
2021-05-31 09:32:49,15379.8,0
2021-05-31 09:32:50,15379.05,0
2021-05-31 09:32:51,15378.7,0
2021-05-31 09:32:52,15380.35,0
2021-05-31 09:32:53,15380.05,0
2021-05-31 09:32:54,15378.55,0
2021-05-31 09:32:55,15378.75,0
2021-05-31 09:32:56,15379.8,0
2021-05-31 09:32:57,15379.35,0
2021-05-31 09:32:58,15380.05,0
2021-05-31 09:32:59,15379.05,0
2021-05-31 09:33:00,15377.9,0
2021-05-31 09:33:01,15377.6,0
2021-05-31 09:33:02,15376.55,0
2021-05-31 09:33:03,15376.05,0
2021-05-31 09:33:04,15376.05,0
2021-05-31 09:33:05,15376.1,0
2021-05-31 09:33:06,15375.7,0
2021-05-31 09:33:07,15376.3,0
2021-05-31 09:33:08,15375.2,0
2021-05-31 09:33:09,15376.15,0
2021-05-31 09:33:10,15377.3,0
2021-05-31 09:33:11,15376.1,0
2021-05-31 09:33:12,15376.45,0
2021-05-31 09:33:13,15378.05,0
2021-05-31 09:33:14,15376.25,0
2021-05-31 09:33:15,15377.05,0
2021-05-31 09:33:16,15377.5,0
2021-05-31 09:33:17,15376.8,0
2021-05-31 09:33:18,15377.5,0
2021-05-31 09:33:19,15376.25,0
2021-05-31 09:33:20,15377.0,0
2021-05-31 09:33:21,15376.65,0
2021-05-31 09:33:22,15376.4,0
2021-05-31 09:33:23,15377.05,0
2021-05-31 09:33:24,15376.9,0
2021-05-31 09:33:25,15378.6,0
2021-05-31 09:33:26,15378.1,0
2021-05-31 09:33:27,15378.0,0
2021-05-31 09:33:28,15377.3,0
2021-05-31 09:33:29,15376.8,0
2021-05-31 09:33:30,15378.9,0
2021-05-31 09:33:31,15377.9,0
2021-05-31 09:33:32,15379.05,0
2021-05-31 09:33:33,15380.45,0
2021-05-31 09:33:34,15379.85,0
2021-05-31 09:33:35,15379.85,0
2021-05-31 09:33:36,15379.25,0
2021-05-31 09:33:37,15382.1,0
2021-05-31 09:33:38,15380.9,0
2021-05-31 09:33:39,15380.5,0
2021-05-31 09:33:40,15381.05,0
2021-05-31 09:33:41,15381.95,0
2021-05-31 09:33:42,15381.75,0
2021-05-31 09:33:43,15381.9,0
2021-05-31 09:33:44,15380.4,0
2021-05-31 09:33:45,15380.65,0
2021-05-31 09:33:46,15380.35,0
2021-05-31 09:33:47,15380.15,0
2021-05-31 09:33:48,15380.05,0
2021-05-31 09:33:49,15379.3,0
2021-05-31 09:33:50,15378.45,0
2021-05-31 09:33:51,15379.5,0
2021-05-31 09:33:52,15379.9,0
2021-05-31 09:33:53,15378.65,0
2021-05-31 09:33:54,15379.25,0
2021-05-31 09:33:55,15379.55,0
2021-05-31 09:33:56,15378.55,0
2021-05-31 09:33:57,15379.35,0
2021-05-31 09:33:58,15378.45,0
2021-05-31 09:33:59,15378.85,0
2021-05-31 09:34:00,15379.05,0
2021-05-31 09:34:01,15378.6,0
2021-05-31 09:34:02,15378.95,0
2021-05-31 09:34:03,15378.75,0
2021-05-31 09:34:04,15379.35,0
2021-05-31 09:34:05,15380.15,0
2021-05-31 09:34:06,15379.75,0
2021-05-31 09:34:07,15379.0,0
2021-05-31 09:34:08,15379.2,0
2021-05-31 09:34:09,15380.35,0
2021-05-31 09:34:11,15380.4,0
2021-05-31 09:34:12,15379.7,0
2021-05-31 09:34:13,15379.6,0
2021-05-31 09:34:14,15379.95,0
2021-05-31 09:34:15,15380.95,0
2021-05-31 09:34:16,15381.45,0
2021-05-31 09:34:17,15380.25,0
2021-05-31 09:34:18,15379.4,0
2021-05-31 09:34:20,15378.0,0
2021-05-31 09:34:21,15377.55,0
2021-05-31 09:34:22,15377.45,0
2021-05-31 09:34:23,15377.8,0
2021-05-31 09:34:25,15377.1,0
2021-05-31 09:34:26,15378.7,0
2021-05-31 09:34:28,15377.7,0
2021-05-31 09:34:30,15378.0,0
2021-05-31 09:34:31,15379.35,0
2021-05-31 09:34:32,15380.3,0
2021-05-31 09:34:33,15380.75,0
2021-05-31 09:34:34,15381.5,0
2021-05-31 09:34:35,15381.75,0
2021-05-31 09:34:36,15380.4,0
2021-05-31 09:34:37,15381.0,0
2021-05-31 09:34:38,15381.35,0
2021-05-31 09:34:39,15379.2,0
2021-05-31 09:34:40,15379.7,0
2021-05-31 09:34:41,15379.0,0
2021-05-31 09:34:42,15379.9,0
2021-05-31 09:34:43,15379.65,0
2021-05-31 09:34:44,15380.8,0
2021-05-31 09:34:45,15380.35,0
2021-05-31 09:34:46,15381.35,0
2021-05-31 09:34:47,15380.6,0
2021-05-31 09:34:48,15380.8,0
2021-05-31 09:34:49,15381.55,0
2021-05-31 09:34:50,15381.4,0
2021-05-31 09:34:51,15380.85,0
2021-05-31 09:34:52,15380.75,0
2021-05-31 09:34:53,15381.1,0
2021-05-31 09:34:54,15381.3,0
2021-05-31 09:34:55,15381.8,0
2021-05-31 09:34:56,15381.85,0
2021-05-31 09:34:57,15381.0,0
2021-05-31 09:34:58,15381.95,0
2021-05-31 09:34:59,15380.95,0
2021-05-31 09:35:00,15383.95,0
2021-05-31 09:35:01,15384.15,0
2021-05-31 09:35:02,15384.15,0
2021-05-31 09:35:03,15384.1,0
2021-05-31 09:35:04,15386.5,0
2021-05-31 09:35:05,15386.1,0
2021-05-31 09:35:06,15386.2,0
2021-05-31 09:35:07,15387.1,0
2021-05-31 09:35:08,15387.2,0
2021-05-31 09:35:09,15386.85,0
2021-05-31 09:35:10,15387.2,0
2021-05-31 09:35:11,15388.2,0
2021-05-31 09:35:12,15388.6,0
2021-05-31 09:35:13,15387.85,0
2021-05-31 09:35:14,15388.3,0
2021-05-31 09:35:15,15388.25,0
2021-05-31 09:35:16,15388.25,0
2021-05-31 09:35:17,15389.6,0
2021-05-31 09:35:18,15389.2,0
2021-05-31 09:35:19,15389.0,0
2021-05-31 09:35:20,15389.55,0
2021-05-31 09:35:21,15389.1,0
2021-05-31 09:35:22,15390.0,0
2021-05-31 09:35:23,15390.4,0
2021-05-31 09:35:24,15390.5,0
2021-05-31 09:35:25,15390.9,0
2021-05-31 09:35:26,15391.7,0
2021-05-31 09:35:27,15392.3,0
2021-05-31 09:35:28,15391.6,0
2021-05-31 09:35:29,15392.4,0
2021-05-31 09:35:30,15392.2,0
2021-05-31 09:35:31,15393.2,0
2021-05-31 09:35:32,15394.05,0
2021-05-31 09:35:33,15394.25,0
2021-05-31 09:35:34,15394.1,0
2021-05-31 09:35:35,15394.95,0
2021-05-31 09:35:36,15394.7,0
2021-05-31 09:35:37,15394.45,0
2021-05-31 09:35:38,15394.95,0
2021-05-31 09:35:39,15395.55,0
2021-05-31 09:35:40,15395.5,0
2021-05-31 09:35:41,15395.65,0
2021-05-31 09:35:42,15394.85,0
2021-05-31 09:35:43,15395.7,0
2021-05-31 09:35:44,15396.95,0
2021-05-31 09:35:45,15395.85,0
2021-05-31 09:35:46,15398.05,0
2021-05-31 09:35:47,15397.2,0
2021-05-31 09:35:48,15397.4,0
2021-05-31 09:35:49,15398.05,0
2021-05-31 09:35:50,15399.3,0
2021-05-31 09:35:51,15399.6,0
2021-05-31 09:35:52,15401.85,0
2021-05-31 09:35:53,15399.9,0
2021-05-31 09:35:54,15400.5,0
2021-05-31 09:35:55,15399.85,0
2021-05-31 09:35:56,15399.8,0
2021-05-31 09:35:57,15400.95,0
2021-05-31 09:35:59,15401.6,0
2021-05-31 09:36:00,15401.7,0
2021-05-31 09:36:01,15402.0,0
2021-05-31 09:36:02,15402.55,0
2021-05-31 09:36:04,15404.6,0
2021-05-31 09:36:05,15402.05,0
2021-05-31 09:36:07,15400.25,0
2021-05-31 09:36:09,15399.65,0
2021-05-31 09:36:10,15401.15,0
2021-05-31 09:36:11,15399.1,0
2021-05-31 09:36:12,15399.55,0
2021-05-31 09:36:14,15399.8,0
2021-05-31 09:36:15,15398.9,0
2021-05-31 09:36:18,15399.2,0
2021-05-31 09:36:19,15398.45,0
2021-05-31 09:36:20,15399.35,0
2021-05-31 09:36:21,15400.4,0
2021-05-31 09:36:22,15399.7,0
2021-05-31 09:36:24,15401.25,0
2021-05-31 09:36:25,15401.55,0
2021-05-31 09:36:26,15403.45,0
2021-05-31 09:36:27,15402.55,0
2021-05-31 09:36:30,15403.4,0
2021-05-31 09:36:31,15405.4,0
2021-05-31 09:36:32,15404.9,0
2021-05-31 09:36:33,15405.05,0
2021-05-31 09:36:34,15405.15,0
2021-05-31 09:36:36,15404.25,0
2021-05-31 09:36:37,15405.5,0
2021-05-31 09:36:38,15404.15,0
2021-05-31 09:36:39,15404.4,0
2021-05-31 09:36:40,15405.2,0
2021-05-31 09:36:41,15404.15,0
2021-05-31 09:36:43,15404.25,0
2021-05-31 09:36:45,15404.15,0
2021-05-31 09:36:47,15405.6,0
2021-05-31 09:36:48,15406.5,0
2021-05-31 09:36:49,15407.2,0
2021-05-31 09:36:51,15405.9,0
2021-05-31 09:36:52,15405.45,0
2021-05-31 09:36:54,15406.1,0
2021-05-31 09:36:55,15407.35,0
2021-05-31 09:36:56,15408.4,0
2021-05-31 09:36:57,15406.85,0
2021-05-31 09:36:58,15407.7,0
2021-05-31 09:36:59,15408.55,0
2021-05-31 09:37:00,15409.3,0
2021-05-31 09:37:01,15408.7,0
2021-05-31 09:37:02,15408.05,0
2021-05-31 09:37:03,15407.7,0
2021-05-31 09:37:04,15407.85,0
2021-05-31 09:37:05,15407.85,0
2021-05-31 09:37:06,15408.2,0
2021-05-31 09:37:07,15407.6,0
2021-05-31 09:37:08,15406.6,0
2021-05-31 09:37:09,15407.9,0
2021-05-31 09:37:10,15408.15,0
2021-05-31 09:37:11,15408.0,0
2021-05-31 09:37:12,15407.1,0
2021-05-31 09:37:13,15406.85,0
2021-05-31 09:37:14,15406.95,0
2021-05-31 09:37:15,15407.6,0
2021-05-31 09:37:16,15406.3,0
2021-05-31 09:37:17,15406.2,0
2021-05-31 09:37:18,15407.0,0
2021-05-31 09:37:19,15407.25,0
2021-05-31 09:37:20,15408.3,0
2021-05-31 09:37:21,15407.85,0
2021-05-31 09:37:22,15407.95,0
2021-05-31 09:37:23,15407.75,0
2021-05-31 09:37:24,15406.8,0
2021-05-31 09:37:25,15407.7,0
2021-05-31 09:37:26,15408.25,0
2021-05-31 09:37:27,15407.45,0
2021-05-31 09:37:28,15408.3,0
2021-05-31 09:37:29,15408.45,0
2021-05-31 09:37:30,15407.6,0
2021-05-31 09:37:31,15407.85,0
2021-05-31 09:37:32,15408.55,0
2021-05-31 09:37:33,15408.05,0
2021-05-31 09:37:34,15408.15,0
2021-05-31 09:37:35,15408.7,0
2021-05-31 09:37:36,15409.7,0
2021-05-31 09:37:37,15408.5,0
2021-05-31 09:37:38,15408.7,0
2021-05-31 09:37:39,15409.7,0
2021-05-31 09:37:40,15408.65,0
2021-05-31 09:37:41,15409.75,0
2021-05-31 09:37:42,15411.35,0
2021-05-31 09:37:43,15410.15,0
2021-05-31 09:37:44,15409.75,0
2021-05-31 09:37:45,15409.9,0
2021-05-31 09:37:46,15410.05,0
2021-05-31 09:37:47,15411.15,0
2021-05-31 09:37:48,15411.4,0
2021-05-31 09:37:49,15411.65,0
2021-05-31 09:37:50,15413.35,0
2021-05-31 09:37:51,15412.95,0
2021-05-31 09:37:52,15414.2,0
2021-05-31 09:37:53,15415.45,0
2021-05-31 09:37:54,15414.8,0
2021-05-31 09:37:55,15413.95,0
2021-05-31 09:37:56,15413.05,0
2021-05-31 09:37:57,15414.55,0
2021-05-31 09:37:58,15414.85,0
2021-05-31 09:37:59,15414.4,0
2021-05-31 09:38:00,15414.5,0
2021-05-31 09:38:01,15415.4,0
2021-05-31 09:38:02,15415.05,0
2021-05-31 09:38:03,15414.7,0
2021-05-31 09:38:04,15415.65,0
2021-05-31 09:38:05,15413.6,0
2021-05-31 09:38:06,15413.25,0
2021-05-31 09:38:07,15414.15,0
2021-05-31 09:38:08,15414.7,0
2021-05-31 09:38:09,15414.15,0
2021-05-31 09:38:10,15413.45,0
2021-05-31 09:38:11,15413.8,0
2021-05-31 09:38:12,15414.15,0
2021-05-31 09:38:13,15415.05,0
2021-05-31 09:38:14,15416.3,0
2021-05-31 09:38:15,15416.15,0
2021-05-31 09:38:16,15416.05,0
2021-05-31 09:38:17,15415.85,0
2021-05-31 09:38:18,15415.95,0
2021-05-31 09:38:19,15418.05,0
2021-05-31 09:38:20,15417.45,0
2021-05-31 09:38:21,15416.9,0
2021-05-31 09:38:22,15417.55,0
2021-05-31 09:38:23,15418.1,0
2021-05-31 09:38:24,15417.05,0
2021-05-31 09:38:25,15416.6,0
2021-05-31 09:38:26,15416.5,0
2021-05-31 09:38:27,15416.9,0
2021-05-31 09:38:28,15416.65,0
2021-05-31 09:38:29,15417.1,0
2021-05-31 09:38:30,15415.95,0
2021-05-31 09:38:31,15418.3,0
2021-05-31 09:38:32,15417.6,0
2021-05-31 09:38:33,15418.5,0
2021-05-31 09:38:34,15416.45,0
2021-05-31 09:38:35,15417.75,0
2021-05-31 09:38:36,15417.15,0
2021-05-31 09:38:37,15419.0,0
2021-05-31 09:38:38,15417.95,0
2021-05-31 09:38:39,15418.95,0
2021-05-31 09:38:40,15417.15,0
2021-05-31 09:38:41,15418.8,0
2021-05-31 09:38:42,15418.4,0
2021-05-31 09:38:43,15419.1,0
2021-05-31 09:38:44,15419.7,0
2021-05-31 09:38:45,15420.3,0
2021-05-31 09:38:46,15419.55,0
2021-05-31 09:38:47,15420.35,0
2021-05-31 09:38:49,15420.95,0
2021-05-31 09:38:50,15422.6,0
2021-05-31 09:38:52,15423.85,0
2021-05-31 09:38:54,15423.35,0
2021-05-31 09:38:55,15422.85,0
2021-05-31 09:38:56,15423.05,0
2021-05-31 09:38:58,15422.05,0
2021-05-31 09:38:59,15422.15,0
2021-05-31 09:39:00,15421.75,0
2021-05-31 09:39:01,15420.3,0
2021-05-31 09:39:02,15421.3,0
2021-05-31 09:39:03,15422.15,0
2021-05-31 09:39:04,15421.2,0
2021-05-31 09:39:05,15420.6,0
2021-05-31 09:39:06,15420.5,0
2021-05-31 09:39:07,15420.1,0
2021-05-31 09:39:08,15421.7,0
2021-05-31 09:39:09,15420.95,0
2021-05-31 09:39:10,15421.1,0
2021-05-31 09:39:11,15421.1,0
2021-05-31 09:39:12,15421.25,0
2021-05-31 09:39:13,15420.8,0
2021-05-31 09:39:14,15422.15,0
2021-05-31 09:39:15,15422.3,0
2021-05-31 09:39:16,15422.9,0
2021-05-31 09:39:17,15422.65,0
2021-05-31 09:39:18,15422.9,0
2021-05-31 09:39:19,15422.1,0
2021-05-31 09:39:20,15422.35,0
2021-05-31 09:39:21,15423.5,0
2021-05-31 09:39:22,15423.15,0
2021-05-31 09:39:23,15424.05,0
2021-05-31 09:39:24,15423.1,0
2021-05-31 09:39:25,15423.15,0
2021-05-31 09:39:26,15423.75,0
2021-05-31 09:39:27,15424.25,0
2021-05-31 09:39:28,15425.55,0
2021-05-31 09:39:29,15425.45,0
2021-05-31 09:39:30,15425.8,0
2021-05-31 09:39:31,15426.1,0
2021-05-31 09:39:32,15425.3,0
2021-05-31 09:39:33,15426.35,0
2021-05-31 09:39:34,15427.05,0
2021-05-31 09:39:35,15427.0,0
2021-05-31 09:39:36,15427.5,0
2021-05-31 09:39:37,15429.4,0
2021-05-31 09:39:38,15430.3,0
2021-05-31 09:39:39,15428.7,0
2021-05-31 09:39:40,15429.0,0
2021-05-31 09:39:41,15428.55,0
2021-05-31 09:39:42,15431.1,0
2021-05-31 09:39:43,15431.45,0
2021-05-31 09:39:44,15431.3,0
2021-05-31 09:39:45,15430.8,0
2021-05-31 09:39:46,15430.65,0
2021-05-31 09:39:47,15430.2,0
2021-05-31 09:39:48,15431.3,0
2021-05-31 09:39:49,15429.7,0
2021-05-31 09:39:50,15430.2,0
2021-05-31 09:39:51,15431.75,0
2021-05-31 09:39:52,15429.85,0
2021-05-31 09:39:53,15431.35,0
2021-05-31 09:39:54,15431.85,0
2021-05-31 09:39:55,15430.25,0
2021-05-31 09:39:56,15430.45,0
2021-05-31 09:39:57,15430.2,0
2021-05-31 09:39:58,15431.05,0
2021-05-31 09:39:59,15432.45,0
2021-05-31 09:40:00,15432.2,0
2021-05-31 09:40:01,15433.5,0
2021-05-31 09:40:02,15433.95,0
2021-05-31 09:40:03,15436.1,0
2021-05-31 09:40:04,15437.5,0
2021-05-31 09:40:05,15437.6,0
2021-05-31 09:40:06,15437.4,0
2021-05-31 09:40:07,15437.55,0
2021-05-31 09:40:08,15437.65,0
2021-05-31 09:40:09,15438.55,0
2021-05-31 09:40:10,15438.3,0
2021-05-31 09:40:11,15438.45,0
2021-05-31 09:40:12,15438.95,0
2021-05-31 09:40:13,15439.35,0
2021-05-31 09:40:14,15439.1,0
2021-05-31 09:40:15,15438.55,0
2021-05-31 09:40:16,15439.3,0
2021-05-31 09:40:17,15439.0,0
2021-05-31 09:40:18,15437.3,0
2021-05-31 09:40:19,15437.7,0
2021-05-31 09:40:20,15437.45,0
2021-05-31 09:40:21,15436.75,0
2021-05-31 09:40:22,15436.4,0
2021-05-31 09:40:23,15436.7,0
2021-05-31 09:40:24,15437.7,0
2021-05-31 09:40:25,15437.65,0
2021-05-31 09:40:26,15440.3,0
2021-05-31 09:40:27,15440.25,0
2021-05-31 09:40:28,15440.85,0
2021-05-31 09:40:29,15440.95,0
2021-05-31 09:40:30,15440.7,0
2021-05-31 09:40:31,15441.2,0
2021-05-31 09:40:32,15441.3,0
2021-05-31 09:40:33,15440.5,0
2021-05-31 09:40:34,15439.9,0
2021-05-31 09:40:35,15441.85,0
2021-05-31 09:40:37,15441.65,0
2021-05-31 09:40:38,15440.7,0
2021-05-31 09:40:39,15442.15,0
2021-05-31 09:40:40,15444.2,0
2021-05-31 09:40:42,15442.75,0
2021-05-31 09:40:43,15444.05,0
2021-05-31 09:40:46,15441.75,0
2021-05-31 09:40:47,15441.7,0
2021-05-31 09:40:48,15441.15,0
2021-05-31 09:40:49,15441.2,0
2021-05-31 09:40:50,15441.45,0
2021-05-31 09:40:51,15441.55,0
2021-05-31 09:40:52,15440.5,0
2021-05-31 09:40:53,15441.2,0
2021-05-31 09:40:55,15440.15,0
2021-05-31 09:40:57,15440.7,0
2021-05-31 09:40:58,15441.7,0
2021-05-31 09:40:59,15441.55,0
2021-05-31 09:41:00,15441.9,0
2021-05-31 09:41:02,15441.5,0
2021-05-31 09:41:04,15441.2,0
2021-05-31 09:41:05,15441.1,0
2021-05-31 09:41:07,15442.1,0
2021-05-31 09:41:09,15442.7,0
2021-05-31 09:41:11,15443.5,0
2021-05-31 09:41:12,15443.8,0
2021-05-31 09:41:13,15442.65,0
2021-05-31 09:41:14,15443.05,0
2021-05-31 09:41:15,15442.95,0
2021-05-31 09:41:16,15443.65,0
2021-05-31 09:41:17,15443.15,0
2021-05-31 09:41:18,15443.1,0
2021-05-31 09:41:19,15444.1,0
2021-05-31 09:41:20,15444.15,0
2021-05-31 09:41:21,15443.9,0
2021-05-31 09:41:23,15445.55,0
2021-05-31 09:41:24,15445.85,0
2021-05-31 09:41:25,15446.15,0
2021-05-31 09:41:27,15446.45,0
2021-05-31 09:41:28,15444.7,0
2021-05-31 09:41:29,15445.4,0
2021-05-31 09:41:30,15445.9,0
2021-05-31 09:41:31,15446.2,0
2021-05-31 09:41:32,15446.65,0
2021-05-31 09:41:33,15446.35,0
2021-05-31 09:41:34,15446.45,0
2021-05-31 09:41:35,15445.5,0
2021-05-31 09:41:36,15445.6,0
2021-05-31 09:41:37,15444.45,0
2021-05-31 09:41:38,15445.55,0
2021-05-31 09:41:39,15443.85,0
2021-05-31 09:41:40,15444.25,0
2021-05-31 09:41:41,15445.5,0
2021-05-31 09:41:42,15444.1,0
2021-05-31 09:41:43,15443.3,0
2021-05-31 09:41:44,15443.65,0
2021-05-31 09:41:45,15444.2,0
2021-05-31 09:41:46,15443.8,0
2021-05-31 09:41:47,15443.4,0
2021-05-31 09:41:48,15442.0,0
2021-05-31 09:41:49,15441.75,0
2021-05-31 09:41:50,15443.25,0
2021-05-31 09:41:51,15442.5,0
2021-05-31 09:41:52,15441.0,0
2021-05-31 09:41:53,15441.9,0
2021-05-31 09:41:54,15440.9,0
2021-05-31 09:41:55,15441.2,0
2021-05-31 09:41:56,15442.4,0
2021-05-31 09:41:57,15440.15,0
2021-05-31 09:41:58,15440.15,0
2021-05-31 09:41:59,15442.35,0
2021-05-31 09:42:00,15441.05,0
2021-05-31 09:42:01,15441.05,0
2021-05-31 09:42:02,15442.05,0
2021-05-31 09:42:03,15442.85,0
2021-05-31 09:42:04,15444.65,0
2021-05-31 09:42:05,15444.65,0
2021-05-31 09:42:06,15445.25,0
2021-05-31 09:42:07,15445.5,0
2021-05-31 09:42:08,15446.45,0
2021-05-31 09:42:09,15446.2,0
2021-05-31 09:42:10,15446.15,0
2021-05-31 09:42:11,15446.05,0
2021-05-31 09:42:12,15445.95,0
2021-05-31 09:42:13,15448.15,0
2021-05-31 09:42:14,15449.3,0
2021-05-31 09:42:15,15449.35,0
2021-05-31 09:42:16,15450.6,0
2021-05-31 09:42:17,15449.6,0
2021-05-31 09:42:18,15448.0,0
2021-05-31 09:42:19,15449.3,0
2021-05-31 09:42:20,15449.05,0
2021-05-31 09:42:21,15449.05,0
2021-05-31 09:42:22,15450.15,0
2021-05-31 09:42:23,15449.05,0
2021-05-31 09:42:24,15449.4,0
2021-05-31 09:42:25,15449.85,0
2021-05-31 09:42:26,15449.15,0
2021-05-31 09:42:27,15448.65,0
2021-05-31 09:42:28,15447.6,0
2021-05-31 09:42:29,15448.25,0
2021-05-31 09:42:30,15448.5,0
2021-05-31 09:42:31,15448.7,0
2021-05-31 09:42:32,15449.1,0
2021-05-31 09:42:33,15449.9,0
2021-05-31 09:42:34,15449.6,0
2021-05-31 09:42:35,15448.9,0
2021-05-31 09:42:36,15447.95,0
2021-05-31 09:42:37,15447.1,0
2021-05-31 09:42:38,15445.6,0
2021-05-31 09:42:39,15444.8,0
2021-05-31 09:42:40,15445.55,0
2021-05-31 09:42:41,15446.15,0
2021-05-31 09:42:42,15445.75,0
2021-05-31 09:42:43,15445.55,0
2021-05-31 09:42:44,15446.75,0
2021-05-31 09:42:45,15444.45,0
2021-05-31 09:42:46,15446.05,0
2021-05-31 09:42:47,15446.55,0
2021-05-31 09:42:48,15446.85,0
2021-05-31 09:42:49,15447.15,0
2021-05-31 09:42:50,15448.75,0
2021-05-31 09:42:51,15448.25,0
2021-05-31 09:42:52,15448.3,0
2021-05-31 09:42:53,15447.65,0
2021-05-31 09:42:54,15448.15,0
2021-05-31 09:42:55,15448.4,0
2021-05-31 09:42:56,15448.3,0
2021-05-31 09:42:57,15447.95,0
2021-05-31 09:42:58,15446.75,0
2021-05-31 09:42:59,15447.25,0
2021-05-31 09:43:00,15447.8,0
2021-05-31 09:43:01,15448.95,0
2021-05-31 09:43:02,15449.7,0
2021-05-31 09:43:03,15448.55,0
2021-05-31 09:43:04,15447.85,0
2021-05-31 09:43:05,15448.5,0
2021-05-31 09:43:06,15448.15,0
2021-05-31 09:43:08,15447.1,0
2021-05-31 09:43:09,15445.85,0
2021-05-31 09:43:10,15446.0,0
2021-05-31 09:43:11,15445.8,0
2021-05-31 09:43:12,15445.55,0
2021-05-31 09:43:13,15445.05,0
2021-05-31 09:43:14,15446.2,0
2021-05-31 09:43:15,15444.05,0
2021-05-31 09:43:16,15444.05,0
2021-05-31 09:43:17,15444.2,0
2021-05-31 09:43:18,15445.15,0
2021-05-31 09:43:19,15444.8,0
2021-05-31 09:43:20,15444.85,0
2021-05-31 09:43:21,15444.55,0
2021-05-31 09:43:22,15444.7,0
2021-05-31 09:43:23,15443.75,0
2021-05-31 09:43:24,15444.95,0
2021-05-31 09:43:25,15443.45,0
2021-05-31 09:43:26,15443.75,0
2021-05-31 09:43:27,15443.3,0
2021-05-31 09:43:30,15443.2,0
2021-05-31 09:43:31,15442.35,0
2021-05-31 09:43:32,15440.05,0
2021-05-31 09:43:33,15441.7,0
2021-05-31 09:43:34,15442.35,0
2021-05-31 09:43:35,15441.1,0
2021-05-31 09:43:36,15440.85,0
2021-05-31 09:43:37,15440.2,0
2021-05-31 09:43:38,15441.05,0
2021-05-31 09:43:39,15440.75,0
2021-05-31 09:43:40,15441.45,0
2021-05-31 09:43:41,15440.3,0
2021-05-31 09:43:42,15440.5,0
2021-05-31 09:43:43,15440.35,0
2021-05-31 09:43:45,15437.5,0
2021-05-31 09:43:46,15440.4,0
2021-05-31 09:43:47,15441.25,0
2021-05-31 09:43:48,15441.2,0
2021-05-31 09:43:49,15441.45,0
2021-05-31 09:43:50,15441.3,0
2021-05-31 09:43:51,15439.15,0
2021-05-31 09:43:52,15439.8,0
2021-05-31 09:43:53,15439.85,0
2021-05-31 09:43:54,15440.2,0
2021-05-31 09:43:55,15439.35,0
2021-05-31 09:43:56,15437.75,0
2021-05-31 09:43:57,15440.45,0
2021-05-31 09:43:58,15440.05,0
2021-05-31 09:43:59,15440.45,0
2021-05-31 09:44:00,15439.65,0
2021-05-31 09:44:01,15439.25,0
2021-05-31 09:44:02,15439.55,0
2021-05-31 09:44:03,15439.4,0
2021-05-31 09:44:04,15438.75,0
2021-05-31 09:44:05,15438.15,0
2021-05-31 09:44:06,15436.9,0
2021-05-31 09:44:07,15437.15,0
2021-05-31 09:44:08,15437.55,0
2021-05-31 09:44:09,15436.65,0
2021-05-31 09:44:10,15436.8,0
2021-05-31 09:44:11,15436.1,0
2021-05-31 09:44:12,15436.4,0
2021-05-31 09:44:13,15436.2,0
2021-05-31 09:44:14,15436.4,0
2021-05-31 09:44:15,15434.8,0
2021-05-31 09:44:16,15433.4,0
2021-05-31 09:44:17,15435.2,0
2021-05-31 09:44:18,15436.35,0
2021-05-31 09:44:19,15435.35,0
2021-05-31 09:44:20,15435.45,0
2021-05-31 09:44:21,15433.7,0
2021-05-31 09:44:22,15435.35,0
2021-05-31 09:44:23,15435.9,0
2021-05-31 09:44:24,15437.5,0
2021-05-31 09:44:25,15436.75,0
2021-05-31 09:44:26,15437.95,0
2021-05-31 09:44:27,15437.15,0
2021-05-31 09:44:28,15436.45,0
2021-05-31 09:44:29,15436.95,0
2021-05-31 09:44:30,15437.75,0
2021-05-31 09:44:31,15437.35,0
2021-05-31 09:44:32,15437.85,0
2021-05-31 09:44:33,15437.25,0
2021-05-31 09:44:34,15436.5,0
2021-05-31 09:44:35,15435.8,0
2021-05-31 09:44:36,15436.25,0
2021-05-31 09:44:37,15436.8,0
2021-05-31 09:44:38,15437.15,0
2021-05-31 09:44:39,15438.7,0
2021-05-31 09:44:40,15437.95,0
2021-05-31 09:44:41,15438.45,0
2021-05-31 09:44:42,15438.05,0
2021-05-31 09:44:43,15439.6,0
2021-05-31 09:44:44,15439.35,0
2021-05-31 09:44:45,15440.3,0
2021-05-31 09:44:46,15440.1,0
2021-05-31 09:44:47,15440.95,0
2021-05-31 09:44:48,15440.85,0
2021-05-31 09:44:49,15440.3,0
2021-05-31 09:44:50,15440.1,0
2021-05-31 09:44:51,15441.4,0
2021-05-31 09:44:52,15441.15,0
2021-05-31 09:44:53,15441.2,0
2021-05-31 09:44:54,15442.1,0
2021-05-31 09:44:55,15441.9,0
2021-05-31 09:44:56,15442.55,0
2021-05-31 09:44:57,15441.95,0
2021-05-31 09:44:58,15442.4,0
2021-05-31 09:44:59,15442.65,0
2021-05-31 09:45:00,15442.95,0
2021-05-31 09:45:01,15442.85,0
2021-05-31 09:45:02,15443.35,0
2021-05-31 09:45:03,15443.3,0
2021-05-31 09:45:04,15444.8,0
2021-05-31 09:45:05,15444.85,0
2021-05-31 09:45:06,15445.55,0
2021-05-31 09:45:07,15445.3,0
2021-05-31 09:45:08,15446.75,0
2021-05-31 09:45:09,15447.0,0
2021-05-31 09:45:10,15446.3,0
2021-05-31 09:45:11,15447.45,0
2021-05-31 09:45:12,15446.4,0
2021-05-31 09:45:13,15445.75,0
2021-05-31 09:45:14,15445.5,0
2021-05-31 09:45:15,15446.0,0
2021-05-31 09:45:16,15447.6,0
2021-05-31 09:45:17,15446.7,0
2021-05-31 09:45:20,15446.35,0
2021-05-31 09:45:21,15446.05,0
2021-05-31 09:45:22,15446.1,0
2021-05-31 09:45:23,15447.0,0
2021-05-31 09:45:24,15446.7,0
2021-05-31 09:45:25,15446.9,0
2021-05-31 09:45:26,15446.95,0
2021-05-31 09:45:27,15446.0,0
2021-05-31 09:45:29,15447.2,0
2021-05-31 09:45:31,15449.0,0
2021-05-31 09:45:32,15449.0,0
2021-05-31 09:45:34,15449.15,0
2021-05-31 09:45:36,15449.0,0
2021-05-31 09:45:37,15447.2,0
2021-05-31 09:45:38,15447.75,0
2021-05-31 09:45:39,15447.6,0
2021-05-31 09:45:40,15448.0,0
2021-05-31 09:45:41,15448.05,0
2021-05-31 09:45:42,15448.9,0
2021-05-31 09:45:43,15448.3,0
2021-05-31 09:45:44,15448.3,0
2021-05-31 09:45:45,15448.4,0
2021-05-31 09:45:46,15448.6,0
2021-05-31 09:45:47,15449.05,0
2021-05-31 09:45:48,15448.95,0
2021-05-31 09:45:49,15449.45,0
2021-05-31 09:45:50,15449.7,0
2021-05-31 09:45:51,15450.0,0
2021-05-31 09:45:52,15451.1,0
2021-05-31 09:45:53,15450.95,0
2021-05-31 09:45:54,15450.6,0
2021-05-31 09:45:55,15451.85,0
2021-05-31 09:45:56,15451.15,0
2021-05-31 09:45:57,15452.7,0
2021-05-31 09:45:58,15451.8,0
2021-05-31 09:45:59,15452.9,0
2021-05-31 09:46:00,15453.1,0
2021-05-31 09:46:01,15452.7,0
2021-05-31 09:46:02,15450.05,0
2021-05-31 09:46:03,15449.85,0
2021-05-31 09:46:04,15449.6,0
2021-05-31 09:46:05,15450.45,0
2021-05-31 09:46:06,15450.35,0
2021-05-31 09:46:07,15449.8,0
2021-05-31 09:46:08,15449.8,0
2021-05-31 09:46:09,15449.9,0
2021-05-31 09:46:10,15450.3,0
2021-05-31 09:46:11,15447.9,0
2021-05-31 09:46:12,15448.3,0
2021-05-31 09:46:13,15447.65,0
2021-05-31 09:46:14,15447.9,0
2021-05-31 09:46:15,15446.85,0
2021-05-31 09:46:16,15446.25,0
2021-05-31 09:46:17,15446.8,0
2021-05-31 09:46:18,15446.3,0
2021-05-31 09:46:19,15447.1,0
2021-05-31 09:46:20,15446.4,0
2021-05-31 09:46:21,15446.55,0
2021-05-31 09:46:22,15447.7,0
2021-05-31 09:46:23,15447.5,0
2021-05-31 09:46:24,15448.0,0
2021-05-31 09:46:25,15448.15,0
2021-05-31 09:46:26,15448.05,0
2021-05-31 09:46:27,15448.4,0
2021-05-31 09:46:28,15448.25,0
2021-05-31 09:46:29,15448.05,0
2021-05-31 09:46:31,15447.1,0
2021-05-31 09:46:32,15447.2,0
2021-05-31 09:46:33,15446.4,0
2021-05-31 09:46:34,15446.75,0
2021-05-31 09:46:35,15446.8,0
2021-05-31 09:46:36,15446.95,0
2021-05-31 09:46:37,15447.65,0
2021-05-31 09:46:38,15447.7,0
2021-05-31 09:46:39,15447.2,0
2021-05-31 09:46:40,15446.65,0
2021-05-31 09:46:41,15447.1,0
2021-05-31 09:46:42,15446.7,0
2021-05-31 09:46:43,15446.85,0
2021-05-31 09:46:44,15447.3,0
2021-05-31 09:46:45,15446.3,0
2021-05-31 09:46:46,15446.9,0
2021-05-31 09:46:47,15446.75,0
2021-05-31 09:46:48,15446.55,0
2021-05-31 09:46:49,15447.5,0
2021-05-31 09:46:50,15447.7,0
2021-05-31 09:46:51,15446.4,0
2021-05-31 09:46:52,15446.7,0
2021-05-31 09:46:53,15446.55,0
2021-05-31 09:46:54,15447.05,0
2021-05-31 09:46:55,15446.45,0
2021-05-31 09:46:56,15446.6,0
2021-05-31 09:46:57,15446.0,0
2021-05-31 09:46:58,15445.9,0
2021-05-31 09:46:59,15445.5,0
2021-05-31 09:47:00,15445.8,0
2021-05-31 09:47:01,15447.4,0
2021-05-31 09:47:02,15447.7,0
2021-05-31 09:47:03,15446.2,0
2021-05-31 09:47:04,15445.65,0
2021-05-31 09:47:05,15446.25,0
2021-05-31 09:47:06,15446.25,0
2021-05-31 09:47:07,15447.2,0
2021-05-31 09:47:08,15447.0,0
2021-05-31 09:47:09,15446.5,0
2021-05-31 09:47:10,15446.7,0
2021-05-31 09:47:11,15446.95,0
2021-05-31 09:47:12,15446.1,0
2021-05-31 09:47:13,15446.0,0
2021-05-31 09:47:14,15446.55,0
2021-05-31 09:47:15,15446.6,0
2021-05-31 09:47:16,15446.0,0
2021-05-31 09:47:17,15446.55,0
2021-05-31 09:47:18,15446.75,0
2021-05-31 09:47:19,15445.5,0
2021-05-31 09:47:20,15445.5,0
2021-05-31 09:47:21,15443.8,0
2021-05-31 09:47:22,15442.6,0
2021-05-31 09:47:23,15442.8,0
2021-05-31 09:47:24,15442.95,0
2021-05-31 09:47:25,15442.3,0
2021-05-31 09:47:26,15441.7,0
2021-05-31 09:47:27,15442.35,0
2021-05-31 09:47:28,15442.35,0
2021-05-31 09:47:29,15441.75,0
2021-05-31 09:47:30,15440.95,0
2021-05-31 09:47:31,15441.5,0
2021-05-31 09:47:32,15441.0,0
2021-05-31 09:47:33,15442.35,0
2021-05-31 09:47:34,15442.75,0
2021-05-31 09:47:35,15443.4,0
2021-05-31 09:47:36,15442.5,0
2021-05-31 09:47:38,15440.3,0
2021-05-31 09:47:39,15441.35,0
2021-05-31 09:47:40,15440.1,0
2021-05-31 09:47:41,15440.05,0
2021-05-31 09:47:43,15439.55,0
2021-05-31 09:47:44,15440.8,0
2021-05-31 09:47:45,15440.1,0
2021-05-31 09:47:46,15439.75,0
2021-05-31 09:47:47,15440.7,0
2021-05-31 09:47:48,15441.05,0
2021-05-31 09:47:50,15441.55,0
2021-05-31 09:47:52,15442.3,0
2021-05-31 09:47:53,15441.65,0
2021-05-31 09:47:54,15441.85,0
2021-05-31 09:47:55,15441.65,0
2021-05-31 09:47:56,15441.9,0
2021-05-31 09:47:57,15441.6,0
2021-05-31 09:47:58,15441.25,0
2021-05-31 09:47:59,15441.4,0
2021-05-31 09:48:00,15442.5,0
2021-05-31 09:48:01,15442.25,0
2021-05-31 09:48:02,15441.75,0
2021-05-31 09:48:04,15442.25,0
2021-05-31 09:48:05,15442.45,0
2021-05-31 09:48:06,15442.35,0
2021-05-31 09:48:07,15442.65,0
2021-05-31 09:48:08,15443.25,0
2021-05-31 09:48:10,15443.7,0
2021-05-31 09:48:12,15445.0,0
2021-05-31 09:48:13,15444.55,0
2021-05-31 09:48:14,15446.55,0
2021-05-31 09:48:15,15448.2,0
2021-05-31 09:48:16,15448.75,0
2021-05-31 09:48:17,15449.3,0
2021-05-31 09:48:18,15449.2,0
2021-05-31 09:48:19,15449.75,0
2021-05-31 09:48:20,15449.6,0
2021-05-31 09:48:21,15449.85,0
2021-05-31 09:48:22,15449.35,0
2021-05-31 09:48:23,15449.6,0
2021-05-31 09:48:24,15449.65,0
2021-05-31 09:48:25,15449.25,0
2021-05-31 09:48:26,15449.2,0
2021-05-31 09:48:27,15449.45,0
2021-05-31 09:48:28,15450.0,0
2021-05-31 09:48:29,15450.1,0
2021-05-31 09:48:30,15450.25,0
2021-05-31 09:48:31,15449.4,0
2021-05-31 09:48:32,15449.7,0
2021-05-31 09:48:33,15449.35,0
2021-05-31 09:48:34,15450.7,0
2021-05-31 09:48:35,15449.8,0
2021-05-31 09:48:36,15450.95,0
2021-05-31 09:48:37,15451.5,0
2021-05-31 09:48:38,15450.05,0
2021-05-31 09:48:39,15449.95,0
2021-05-31 09:48:40,15450.3,0
2021-05-31 09:48:41,15451.3,0
2021-05-31 09:48:42,15450.4,0
2021-05-31 09:48:43,15450.4,0
2021-05-31 09:48:44,15450.7,0
2021-05-31 09:48:45,15450.65,0
2021-05-31 09:48:46,15451.05,0
2021-05-31 09:48:47,15451.9,0
2021-05-31 09:48:48,15452.35,0
2021-05-31 09:48:49,15451.85,0
2021-05-31 09:48:50,15453.0,0
2021-05-31 09:48:51,15452.7,0
2021-05-31 09:48:52,15451.8,0
2021-05-31 09:48:53,15452.9,0
2021-05-31 09:48:54,15453.75,0
2021-05-31 09:48:55,15452.3,0
2021-05-31 09:48:56,15453.75,0
2021-05-31 09:48:57,15453.75,0
2021-05-31 09:48:58,15454.1,0
2021-05-31 09:48:59,15454.1,0
2021-05-31 09:49:00,15454.05,0
2021-05-31 09:49:01,15453.95,0
2021-05-31 09:49:02,15454.1,0
2021-05-31 09:49:03,15454.4,0
2021-05-31 09:49:04,15455.0,0
2021-05-31 09:49:05,15455.55,0
2021-05-31 09:49:06,15455.75,0
2021-05-31 09:49:07,15455.6,0
2021-05-31 09:49:08,15454.4,0
2021-05-31 09:49:09,15455.15,0
2021-05-31 09:49:10,15455.95,0
2021-05-31 09:49:11,15455.85,0
2021-05-31 09:49:12,15456.05,0
2021-05-31 09:49:13,15457.0,0
2021-05-31 09:49:14,15456.95,0
2021-05-31 09:49:15,15457.3,0
2021-05-31 09:49:16,15458.2,0
2021-05-31 09:49:17,15459.45,0
2021-05-31 09:49:18,15459.5,0
2021-05-31 09:49:19,15459.15,0
2021-05-31 09:49:20,15459.5,0
2021-05-31 09:49:21,15459.15,0
2021-05-31 09:49:22,15458.4,0
2021-05-31 09:49:23,15459.7,0
2021-05-31 09:49:24,15460.55,0
2021-05-31 09:49:25,15460.4,0
2021-05-31 09:49:26,15460.4,0
2021-05-31 09:49:27,15460.6,0
2021-05-31 09:49:28,15460.45,0
2021-05-31 09:49:29,15459.75,0
2021-05-31 09:49:30,15460.25,0
2021-05-31 09:49:31,15460.1,0
2021-05-31 09:49:32,15459.85,0
2021-05-31 09:49:33,15459.9,0
2021-05-31 09:49:34,15458.9,0
2021-05-31 09:49:35,15458.75,0
2021-05-31 09:49:36,15460.0,0
2021-05-31 09:49:37,15460.25,0
2021-05-31 09:49:38,15460.8,0
2021-05-31 09:49:39,15460.4,0
2021-05-31 09:49:40,15459.9,0
2021-05-31 09:49:41,15456.3,0
2021-05-31 09:49:42,15456.65,0
2021-05-31 09:49:43,15456.85,0
2021-05-31 09:49:44,15457.45,0
2021-05-31 09:49:45,15458.55,0
2021-05-31 09:49:46,15457.3,0
2021-05-31 09:49:47,15458.35,0
2021-05-31 09:49:48,15458.8,0
2021-05-31 09:49:49,15457.75,0
2021-05-31 09:49:50,15459.65,0
2021-05-31 09:49:51,15457.35,0
2021-05-31 09:49:52,15456.15,0
2021-05-31 09:49:53,15458.4,0
2021-05-31 09:49:54,15456.6,0
2021-05-31 09:49:55,15457.1,0
2021-05-31 09:49:56,15456.5,0
2021-05-31 09:49:58,15457.2,0
2021-05-31 09:49:59,15457.65,0
2021-05-31 09:50:00,15458.65,0
2021-05-31 09:50:01,15458.5,0
2021-05-31 09:50:02,15458.65,0
2021-05-31 09:50:05,15458.85,0
2021-05-31 09:50:07,15460.3,0
2021-05-31 09:50:08,15460.55,0
2021-05-31 09:50:10,15462.2,0
2021-05-31 09:50:11,15463.05,0
2021-05-31 09:50:12,15462.55,0
2021-05-31 09:50:14,15462.9,0
2021-05-31 09:50:15,15462.0,0
2021-05-31 09:50:16,15461.15,0
2021-05-31 09:50:17,15461.85,0
2021-05-31 09:50:18,15461.25,0
2021-05-31 09:50:19,15461.25,0
2021-05-31 09:50:20,15462.0,0
2021-05-31 09:50:21,15462.0,0
2021-05-31 09:50:23,15462.3,0
2021-05-31 09:50:24,15462.15,0
2021-05-31 09:50:25,15463.25,0
2021-05-31 09:50:26,15463.0,0
2021-05-31 09:50:27,15462.05,0
2021-05-31 09:50:28,15462.85,0
2021-05-31 09:50:29,15462.4,0
2021-05-31 09:50:30,15462.9,0
2021-05-31 09:50:31,15461.85,0
2021-05-31 09:50:32,15461.65,0
2021-05-31 09:50:33,15461.65,0
2021-05-31 09:50:34,15460.9,0
2021-05-31 09:50:35,15461.45,0
2021-05-31 09:50:36,15461.15,0
2021-05-31 09:50:38,15461.65,0
2021-05-31 09:50:37,15461.4,0
2021-05-31 09:50:39,15461.25,0
2021-05-31 09:50:40,15461.4,0
2021-05-31 09:50:42,15462.0,0
2021-05-31 09:50:43,15461.25,0
2021-05-31 09:50:44,15462.85,0
2021-05-31 09:50:45,15462.5,0
2021-05-31 09:50:46,15462.65,0
2021-05-31 09:50:47,15462.25,0
2021-05-31 09:50:48,15463.2,0
2021-05-31 09:50:49,15463.05,0
2021-05-31 09:50:50,15463.65,0
2021-05-31 09:50:51,15463.6,0
2021-05-31 09:50:52,15463.35,0
2021-05-31 09:50:53,15463.05,0
2021-05-31 09:50:54,15464.4,0
2021-05-31 09:50:55,15464.9,0
2021-05-31 09:50:56,15465.6,0
2021-05-31 09:50:57,15464.35,0
2021-05-31 09:50:58,15464.45,0
2021-05-31 09:50:59,15464.7,0
2021-05-31 09:51:00,15464.55,0
2021-05-31 09:51:01,15465.05,0
2021-05-31 09:51:02,15464.65,0
2021-05-31 09:51:03,15464.35,0
2021-05-31 09:51:04,15465.1,0
2021-05-31 09:51:05,15463.75,0
2021-05-31 09:51:06,15464.7,0
2021-05-31 09:51:07,15466.05,0
2021-05-31 09:51:08,15465.4,0
2021-05-31 09:51:09,15463.9,0
2021-05-31 09:51:10,15464.05,0
2021-05-31 09:51:11,15464.15,0
2021-05-31 09:51:12,15462.6,0
2021-05-31 09:51:13,15462.1,0
2021-05-31 09:51:14,15461.4,0
2021-05-31 09:51:15,15461.95,0
2021-05-31 09:51:16,15462.1,0
2021-05-31 09:51:17,15461.7,0
2021-05-31 09:51:18,15461.1,0
2021-05-31 09:51:19,15460.4,0
2021-05-31 09:51:20,15459.5,0
2021-05-31 09:51:21,15460.45,0
2021-05-31 09:51:22,15460.4,0
2021-05-31 09:51:23,15460.3,0
2021-05-31 09:51:24,15461.7,0
2021-05-31 09:51:25,15460.95,0
2021-05-31 09:51:26,15461.5,0
2021-05-31 09:51:27,15461.35,0
2021-05-31 09:51:28,15461.9,0
2021-05-31 09:51:29,15462.35,0
2021-05-31 09:51:30,15462.5,0
2021-05-31 09:51:31,15462.55,0
2021-05-31 09:51:32,15461.7,0
2021-05-31 09:51:33,15461.9,0
2021-05-31 09:51:34,15461.65,0
2021-05-31 09:51:35,15461.2,0
2021-05-31 09:51:36,15460.6,0
2021-05-31 09:51:37,15461.4,0
2021-05-31 09:51:38,15460.9,0
2021-05-31 09:51:39,15461.7,0
2021-05-31 09:51:40,15460.95,0
2021-05-31 09:51:41,15461.2,0
2021-05-31 09:51:42,15461.6,0
2021-05-31 09:51:43,15461.5,0
2021-05-31 09:51:44,15461.4,0
2021-05-31 09:51:45,15461.6,0
2021-05-31 09:51:46,15461.55,0
2021-05-31 09:51:47,15462.15,0
2021-05-31 09:51:48,15462.55,0
2021-05-31 09:51:49,15462.05,0
2021-05-31 09:51:50,15460.9,0
2021-05-31 09:51:51,15461.3,0
2021-05-31 09:51:52,15459.9,0
2021-05-31 09:51:53,15460.05,0
2021-05-31 09:51:54,15459.8,0
2021-05-31 09:51:55,15459.2,0
2021-05-31 09:51:56,15459.75,0
2021-05-31 09:51:57,15458.3,0
2021-05-31 09:51:58,15456.65,0
2021-05-31 09:51:59,15456.25,0
2021-05-31 09:52:00,15456.1,0
2021-05-31 09:52:01,15456.85,0
2021-05-31 09:52:02,15456.15,0
2021-05-31 09:52:03,15455.9,0
2021-05-31 09:52:04,15456.0,0
2021-05-31 09:52:05,15454.95,0
2021-05-31 09:52:06,15455.5,0
2021-05-31 09:52:07,15454.9,0
2021-05-31 09:52:08,15455.05,0
2021-05-31 09:52:09,15455.6,0
2021-05-31 09:52:10,15456.25,0
2021-05-31 09:52:11,15455.8,0
2021-05-31 09:52:12,15456.25,0
2021-05-31 09:52:13,15456.8,0
2021-05-31 09:52:14,15458.5,0
2021-05-31 09:52:15,15458.25,0
2021-05-31 09:52:16,15458.8,0
2021-05-31 09:52:17,15457.5,0
2021-05-31 09:52:18,15458.35,0
2021-05-31 09:52:19,15459.35,0
2021-05-31 09:52:20,15459.0,0
2021-05-31 09:52:21,15460.15,0
2021-05-31 09:52:22,15461.05,0
2021-05-31 09:52:24,15459.7,0
2021-05-31 09:52:25,15459.65,0
2021-05-31 09:52:26,15460.15,0
2021-05-31 09:52:27,15460.3,0
2021-05-31 09:52:29,15461.0,0
2021-05-31 09:52:30,15460.65,0
2021-05-31 09:52:31,15461.0,0
2021-05-31 09:52:32,15461.4,0
2021-05-31 09:52:33,15461.45,0
2021-05-31 09:52:34,15460.7,0
2021-05-31 09:52:35,15460.45,0
2021-05-31 09:52:36,15461.25,0
2021-05-31 09:52:37,15461.5,0
2021-05-31 09:52:38,15460.6,0
2021-05-31 09:52:39,15460.55,0
2021-05-31 09:52:40,15459.8,0
2021-05-31 09:52:41,15461.65,0
2021-05-31 09:52:42,15460.2,0
2021-05-31 09:52:43,15460.5,0
2021-05-31 09:52:44,15460.4,0
2021-05-31 09:52:45,15459.9,0
2021-05-31 09:52:46,15460.6,0
2021-05-31 09:52:47,15460.3,0
2021-05-31 09:52:48,15459.9,0
2021-05-31 09:52:49,15460.55,0
2021-05-31 09:52:50,15460.35,0
2021-05-31 09:52:51,15459.5,0
2021-05-31 09:52:53,15460.3,0
2021-05-31 09:52:54,15460.2,0
2021-05-31 09:52:55,15459.75,0
2021-05-31 09:52:56,15460.65,0
2021-05-31 09:52:57,15459.9,0
2021-05-31 09:52:58,15460.7,0
2021-05-31 09:52:59,15460.2,0
2021-05-31 09:53:00,15458.95,0
2021-05-31 09:53:01,15458.2,0
2021-05-31 09:53:02,15459.05,0
2021-05-31 09:53:03,15459.0,0
2021-05-31 09:53:04,15459.5,0
2021-05-31 09:53:05,15458.45,0
2021-05-31 09:53:06,15457.7,0
2021-05-31 09:53:07,15457.65,0
2021-05-31 09:53:08,15456.5,0
2021-05-31 09:53:09,15457.5,0
2021-05-31 09:53:10,15457.3,0
2021-05-31 09:53:11,15456.25,0
2021-05-31 09:53:12,15457.2,0
2021-05-31 09:53:13,15457.35,0
2021-05-31 09:53:14,15457.25,0
2021-05-31 09:53:15,15457.7,0
2021-05-31 09:53:16,15457.05,0
2021-05-31 09:53:17,15456.7,0
2021-05-31 09:53:18,15457.15,0
2021-05-31 09:53:19,15457.35,0
2021-05-31 09:53:20,15456.3,0
2021-05-31 09:53:21,15457.15,0
2021-05-31 09:53:22,15456.25,0
2021-05-31 09:53:23,15454.75,0
2021-05-31 09:53:24,15454.45,0
2021-05-31 09:53:25,15456.0,0
2021-05-31 09:53:26,15454.65,0
2021-05-31 09:53:27,15455.7,0
2021-05-31 09:53:28,15455.55,0
2021-05-31 09:53:29,15456.45,0
2021-05-31 09:53:30,15455.9,0
2021-05-31 09:53:31,15456.3,0
2021-05-31 09:53:32,15457.95,0
2021-05-31 09:53:33,15458.5,0
2021-05-31 09:53:34,15458.9,0
2021-05-31 09:53:35,15457.65,0
2021-05-31 09:53:36,15458.5,0
2021-05-31 09:53:37,15458.1,0
2021-05-31 09:53:38,15457.95,0
2021-05-31 09:53:39,15458.25,0
2021-05-31 09:53:40,15457.1,0
2021-05-31 09:53:41,15458.25,0
2021-05-31 09:53:42,15457.2,0
2021-05-31 09:53:43,15457.3,0
2021-05-31 09:53:44,15456.5,0
2021-05-31 09:53:45,15456.85,0
2021-05-31 09:53:46,15458.0,0
2021-05-31 09:53:47,15457.35,0
2021-05-31 09:53:48,15457.95,0
2021-05-31 09:53:49,15457.8,0
2021-05-31 09:53:50,15457.7,0
2021-05-31 09:53:51,15456.65,0
2021-05-31 09:53:52,15456.65,0
2021-05-31 09:53:53,15456.95,0
2021-05-31 09:53:54,15456.65,0
2021-05-31 09:53:55,15456.85,0
2021-05-31 09:53:56,15456.95,0
2021-05-31 09:53:57,15456.0,0
2021-05-31 09:53:58,15455.7,0
2021-05-31 09:53:59,15456.5,0
2021-05-31 09:54:01,15457.2,0
2021-05-31 09:54:02,15457.05,0
2021-05-31 09:54:03,15456.85,0
2021-05-31 09:54:04,15457.0,0
2021-05-31 09:54:05,15457.0,0
2021-05-31 09:54:06,15457.45,0
2021-05-31 09:54:07,15456.7,0
2021-05-31 09:54:08,15457.7,0
2021-05-31 09:54:09,15457.15,0
2021-05-31 09:54:10,15457.3,0
2021-05-31 09:54:11,15458.5,0
2021-05-31 09:54:12,15459.1,0
2021-05-31 09:54:13,15459.0,0
2021-05-31 09:54:14,15459.1,0
2021-05-31 09:54:15,15459.0,0
2021-05-31 09:54:16,15460.85,0
2021-05-31 09:54:17,15460.0,0
2021-05-31 09:54:18,15460.05,0
2021-05-31 09:54:19,15460.8,0
2021-05-31 09:54:20,15461.2,0
2021-05-31 09:54:21,15459.55,0
2021-05-31 09:54:22,15459.9,0
2021-05-31 09:54:23,15460.2,0
2021-05-31 09:54:24,15459.5,0
2021-05-31 09:54:25,15460.9,0
2021-05-31 09:54:26,15460.75,0
2021-05-31 09:54:27,15461.3,0
2021-05-31 09:54:28,15460.95,0
2021-05-31 09:54:29,15461.65,0
2021-05-31 09:54:30,15461.1,0
2021-05-31 09:54:31,15461.85,0
2021-05-31 09:54:32,15462.6,0
2021-05-31 09:54:33,15463.0,0
2021-05-31 09:54:34,15463.65,0
2021-05-31 09:54:35,15463.6,0
2021-05-31 09:54:36,15464.35,0
2021-05-31 09:54:37,15464.0,0
2021-05-31 09:54:38,15464.5,0
2021-05-31 09:54:39,15464.8,0
2021-05-31 09:54:40,15464.9,0
2021-05-31 09:54:41,15464.25,0
2021-05-31 09:54:42,15464.45,0
2021-05-31 09:54:43,15464.75,0
2021-05-31 09:54:44,15463.85,0
2021-05-31 09:54:45,15464.35,0
2021-05-31 09:54:46,15464.7,0
2021-05-31 09:54:47,15463.8,0
2021-05-31 09:54:48,15464.1,0
2021-05-31 09:54:49,15463.95,0
2021-05-31 09:54:50,15463.9,0
2021-05-31 09:54:51,15463.55,0
2021-05-31 09:54:52,15463.7,0
2021-05-31 09:54:53,15463.85,0
2021-05-31 09:54:54,15464.3,0
2021-05-31 09:54:55,15462.4,0
2021-05-31 09:54:56,15463.2,0
2021-05-31 09:54:57,15463.95,0
2021-05-31 09:54:58,15463.85,0
2021-05-31 09:54:59,15463.4,0
2021-05-31 09:55:00,15462.55,0
2021-05-31 09:55:01,15463.35,0
2021-05-31 09:55:02,15462.1,0
2021-05-31 09:55:03,15462.55,0
2021-05-31 09:55:04,15463.65,0
2021-05-31 09:55:05,15463.85,0
2021-05-31 09:55:06,15463.2,0
2021-05-31 09:55:07,15463.2,0
2021-05-31 09:55:08,15463.25,0
2021-05-31 09:55:09,15462.95,0
2021-05-31 09:55:10,15463.45,0
2021-05-31 09:55:11,15463.25,0
2021-05-31 09:55:12,15463.45,0
2021-05-31 09:55:13,15464.05,0
2021-05-31 09:55:14,15464.25,0
2021-05-31 09:55:15,15463.75,0
2021-05-31 09:55:16,15463.15,0
2021-05-31 09:55:17,15462.75,0
2021-05-31 09:55:19,15462.3,0
2021-05-31 09:55:21,15462.0,0
2021-05-31 09:55:22,15461.2,0
2021-05-31 09:55:23,15461.15,0
2021-05-31 09:55:24,15461.45,0
2021-05-31 09:55:25,15460.25,0
2021-05-31 09:55:26,15461.65,0
2021-05-31 09:55:27,15461.6,0
2021-05-31 09:55:28,15461.65,0
2021-05-31 09:55:29,15461.15,0
2021-05-31 09:55:30,15459.35,0
2021-05-31 09:55:31,15458.7,0
2021-05-31 09:55:32,15460.15,0
2021-05-31 09:55:33,15459.4,0
2021-05-31 09:55:34,15459.4,0
2021-05-31 09:55:35,15460.1,0
2021-05-31 09:55:36,15458.1,0
2021-05-31 09:55:37,15458.05,0
2021-05-31 09:55:38,15457.4,0
2021-05-31 09:55:39,15457.6,0
2021-05-31 09:55:40,15458.05,0
2021-05-31 09:55:41,15458.15,0
2021-05-31 09:55:42,15456.9,0
2021-05-31 09:55:43,15457.7,0
2021-05-31 09:55:44,15457.7,0
2021-05-31 09:55:45,15458.9,0
2021-05-31 09:55:46,15457.45,0
2021-05-31 09:55:47,15457.5,0
2021-05-31 09:55:48,15457.85,0
2021-05-31 09:55:49,15457.25,0
2021-05-31 09:55:50,15457.95,0
2021-05-31 09:55:51,15457.25,0
2021-05-31 09:55:52,15457.6,0
2021-05-31 09:55:53,15457.5,0
2021-05-31 09:55:54,15457.7,0
2021-05-31 09:55:55,15457.8,0
2021-05-31 09:55:56,15457.9,0
2021-05-31 09:55:57,15458.25,0
2021-05-31 09:55:58,15457.1,0
2021-05-31 09:55:59,15456.75,0
2021-05-31 09:56:00,15457.1,0
2021-05-31 09:56:01,15456.95,0
2021-05-31 09:56:02,15456.6,0
2021-05-31 09:56:03,15456.85,0
2021-05-31 09:56:04,15456.0,0
2021-05-31 09:56:05,15456.45,0
2021-05-31 09:56:06,15456.8,0
2021-05-31 09:56:07,15456.6,0
2021-05-31 09:56:08,15455.95,0
2021-05-31 09:56:09,15456.4,0
2021-05-31 09:56:10,15456.6,0
2021-05-31 09:56:11,15456.2,0
2021-05-31 09:56:12,15456.4,0
2021-05-31 09:56:13,15456.05,0
2021-05-31 09:56:14,15455.95,0
2021-05-31 09:56:15,15456.05,0
2021-05-31 09:56:16,15456.25,0
2021-05-31 09:56:17,15455.85,0
2021-05-31 09:56:18,15455.7,0
2021-05-31 09:56:19,15456.1,0
2021-05-31 09:56:20,15456.25,0
2021-05-31 09:56:21,15456.05,0
2021-05-31 09:56:22,15456.6,0
2021-05-31 09:56:23,15455.75,0
2021-05-31 09:56:24,15456.05,0
2021-05-31 09:56:25,15456.35,0
2021-05-31 09:56:26,15457.3,0
2021-05-31 09:56:27,15457.35,0
2021-05-31 09:56:28,15456.4,0
2021-05-31 09:56:29,15456.55,0
2021-05-31 09:56:30,15457.45,0
2021-05-31 09:56:31,15458.4,0
2021-05-31 09:56:32,15457.6,0
2021-05-31 09:56:33,15458.3,0
2021-05-31 09:56:34,15457.55,0
2021-05-31 09:56:35,15458.55,0
2021-05-31 09:56:36,15458.2,0
2021-05-31 09:56:37,15458.7,0
2021-05-31 09:56:38,15458.45,0
2021-05-31 09:56:39,15458.4,0
2021-05-31 09:56:40,15458.35,0
2021-05-31 09:56:41,15458.8,0
2021-05-31 09:56:42,15458.85,0
2021-05-31 09:56:43,15459.55,0
2021-05-31 09:56:44,15459.3,0
2021-05-31 09:56:45,15459.3,0
2021-05-31 09:56:46,15459.6,0
2021-05-31 09:56:47,15459.15,0
2021-05-31 09:56:48,15458.8,0
2021-05-31 09:56:49,15460.45,0
2021-05-31 09:56:50,15460.3,0
2021-05-31 09:56:51,15459.7,0
2021-05-31 09:56:52,15460.45,0
2021-05-31 09:56:53,15459.2,0
2021-05-31 09:56:54,15459.8,0
2021-05-31 09:56:55,15460.3,0
2021-05-31 09:56:56,15460.15,0
2021-05-31 09:56:57,15459.95,0
2021-05-31 09:56:59,15460.4,0
2021-05-31 09:57:01,15459.55,0
2021-05-31 09:57:02,15459.85,0
2021-05-31 09:57:03,15458.15,0
2021-05-31 09:57:04,15457.9,0
2021-05-31 09:57:05,15458.55,0
2021-05-31 09:57:07,15457.5,0
2021-05-31 09:57:08,15457.3,0
2021-05-31 09:57:09,15458.05,0
2021-05-31 09:57:10,15457.75,0
2021-05-31 09:57:11,15457.15,0
2021-05-31 09:57:12,15457.6,0
2021-05-31 09:57:13,15457.75,0
2021-05-31 09:57:14,15457.65,0
2021-05-31 09:57:15,15457.6,0
2021-05-31 09:57:16,15458.0,0
2021-05-31 09:57:17,15457.2,0
2021-05-31 09:57:18,15457.2,0
2021-05-31 09:57:19,15457.15,0
2021-05-31 09:57:22,15457.7,0
2021-05-31 09:57:23,15458.05,0
2021-05-31 09:57:24,15458.05,0
2021-05-31 09:57:25,15458.6,0
2021-05-31 09:57:26,15459.4,0
2021-05-31 09:57:28,15458.9,0
2021-05-31 09:57:29,15458.85,0
2021-05-31 09:57:30,15458.9,0
2021-05-31 09:57:31,15458.6,0
2021-05-31 09:57:32,15459.25,0
2021-05-31 09:57:34,15460.4,0
2021-05-31 09:57:35,15461.1,0
2021-05-31 09:57:36,15460.95,0
2021-05-31 09:57:37,15460.9,0
2021-05-31 09:57:38,15461.4,0
2021-05-31 09:57:39,15462.85,0
2021-05-31 09:57:40,15462.55,0
2021-05-31 09:57:41,15462.9,0
2021-05-31 09:57:42,15463.25,0
2021-05-31 09:57:43,15463.25,0
2021-05-31 09:57:44,15463.3,0
2021-05-31 09:57:45,15462.9,0
2021-05-31 09:57:46,15463.75,0
2021-05-31 09:57:47,15463.1,0
2021-05-31 09:57:48,15466.5,0
2021-05-31 09:57:49,15467.0,0
2021-05-31 09:57:50,15466.35,0
2021-05-31 09:57:51,15466.15,0
2021-05-31 09:57:52,15465.6,0
2021-05-31 09:57:53,15466.05,0
2021-05-31 09:57:54,15465.55,0
2021-05-31 09:57:55,15464.45,0
2021-05-31 09:57:56,15464.4,0
2021-05-31 09:57:57,15464.0,0
2021-05-31 09:57:58,15464.35,0
2021-05-31 09:57:59,15464.1,0
2021-05-31 09:58:00,15463.35,0
2021-05-31 09:58:01,15463.85,0
2021-05-31 09:58:02,15463.75,0
2021-05-31 09:58:03,15463.0,0
2021-05-31 09:58:04,15462.55,0
2021-05-31 09:58:05,15463.4,0
2021-05-31 09:58:06,15463.05,0
2021-05-31 09:58:07,15463.4,0
2021-05-31 09:58:08,15463.9,0
2021-05-31 09:58:09,15463.35,0
2021-05-31 09:58:10,15461.6,0
2021-05-31 09:58:11,15461.6,0
2021-05-31 09:58:12,15461.35,0
2021-05-31 09:58:13,15461.55,0
2021-05-31 09:58:14,15460.85,0
2021-05-31 09:58:15,15459.5,0
2021-05-31 09:58:16,15459.25,0
2021-05-31 09:58:17,15459.15,0
2021-05-31 09:58:18,15457.65,0
2021-05-31 09:58:19,15458.35,0
2021-05-31 09:58:20,15458.35,0
2021-05-31 09:58:21,15457.0,0
2021-05-31 09:58:22,15457.7,0
2021-05-31 09:58:23,15457.0,0
2021-05-31 09:58:24,15458.05,0
2021-05-31 09:58:25,15458.5,0
2021-05-31 09:58:26,15458.4,0
2021-05-31 09:58:27,15457.05,0
2021-05-31 09:58:28,15457.45,0
2021-05-31 09:58:29,15457.5,0
2021-05-31 09:58:30,15456.4,0
2021-05-31 09:58:31,15456.9,0
2021-05-31 09:58:32,15456.85,0
2021-05-31 09:58:33,15457.15,0
2021-05-31 09:58:34,15457.2,0
2021-05-31 09:58:35,15458.15,0
2021-05-31 09:58:36,15458.6,0
2021-05-31 09:58:37,15458.65,0
2021-05-31 09:58:38,15458.75,0
2021-05-31 09:58:39,15458.4,0
2021-05-31 09:58:40,15458.6,0
2021-05-31 09:58:41,15458.75,0
2021-05-31 09:58:42,15458.3,0
2021-05-31 09:58:43,15457.95,0
2021-05-31 09:58:44,15457.4,0
2021-05-31 09:58:45,15457.4,0
2021-05-31 09:58:46,15457.3,0
2021-05-31 09:58:47,15457.6,0
2021-05-31 09:58:48,15457.95,0
2021-05-31 09:58:49,15458.3,0
2021-05-31 09:58:50,15459.05,0
2021-05-31 09:58:51,15459.3,0
2021-05-31 09:58:52,15459.05,0
2021-05-31 09:58:53,15458.95,0
2021-05-31 09:58:54,15459.8,0
2021-05-31 09:58:55,15460.3,0
2021-05-31 09:58:56,15460.9,0
2021-05-31 09:58:57,15460.15,0
2021-05-31 09:58:58,15460.7,0
2021-05-31 09:58:59,15460.8,0
2021-05-31 09:59:00,15462.0,0
2021-05-31 09:59:01,15462.5,0
2021-05-31 09:59:02,15462.5,0
2021-05-31 09:59:03,15462.0,0
2021-05-31 09:59:04,15461.7,0
2021-05-31 09:59:05,15461.6,0
2021-05-31 09:59:06,15462.0,0
2021-05-31 09:59:07,15461.6,0
2021-05-31 09:59:08,15461.45,0
2021-05-31 09:59:09,15462.25,0
2021-05-31 09:59:10,15460.95,0
2021-05-31 09:59:11,15461.85,0
2021-05-31 09:59:12,15461.85,0
2021-05-31 09:59:14,15461.4,0
2021-05-31 09:59:15,15461.25,0
2021-05-31 09:59:16,15461.65,0
2021-05-31 09:59:17,15460.6,0
2021-05-31 09:59:18,15461.1,0
2021-05-31 09:59:20,15460.95,0
2021-05-31 09:59:24,15459.55,0
2021-05-31 09:59:26,15460.8,0
2021-05-31 09:59:27,15460.4,0
2021-05-31 09:59:29,15460.95,0
2021-05-31 09:59:30,15460.45,0
2021-05-31 09:59:31,15459.8,0
2021-05-31 09:59:32,15458.75,0
2021-05-31 09:59:34,15459.0,0
2021-05-31 09:59:35,15459.05,0
2021-05-31 09:59:36,15458.75,0
2021-05-31 09:59:37,15458.65,0
2021-05-31 09:59:38,15458.85,0
2021-05-31 09:59:39,15459.85,0
2021-05-31 09:59:41,15459.45,0
2021-05-31 09:59:42,15459.2,0
2021-05-31 09:59:43,15459.7,0
2021-05-31 09:59:44,15459.3,0
2021-05-31 09:59:45,15458.75,0
2021-05-31 09:59:46,15458.05,0
2021-05-31 09:59:47,15458.2,0
2021-05-31 09:59:48,15458.0,0
2021-05-31 09:59:49,15458.25,0
2021-05-31 09:59:50,15458.2,0
2021-05-31 09:59:52,15457.45,0
2021-05-31 09:59:53,15455.2,0
2021-05-31 09:59:54,15456.3,0
2021-05-31 09:59:55,15455.6,0
2021-05-31 09:59:56,15455.3,0
2021-05-31 09:59:57,15456.5,0
2021-05-31 09:59:58,15456.7,0
2021-05-31 09:59:59,15457.45,0
2021-05-31 10:00:00,15458.3,0
2021-05-31 10:00:01,15457.2,0
2021-05-31 10:00:02,15457.75,0
2021-05-31 10:00:03,15457.35,0
2021-05-31 10:00:04,15458.4,0
2021-05-31 10:00:05,15459.35,0
2021-05-31 10:00:06,15458.85,0
2021-05-31 10:00:07,15459.0,0
2021-05-31 10:00:08,15460.75,0
2021-05-31 10:00:09,15460.75,0
2021-05-31 10:00:10,15460.85,0
2021-05-31 10:00:11,15461.45,0
2021-05-31 10:00:12,15461.05,0
2021-05-31 10:00:13,15461.9,0
2021-05-31 10:00:14,15462.25,0
2021-05-31 10:00:15,15461.85,0
2021-05-31 10:00:16,15462.55,0
2021-05-31 10:00:17,15462.85,0
2021-05-31 10:00:18,15462.85,0
2021-05-31 10:00:19,15462.3,0
2021-05-31 10:00:20,15462.7,0
2021-05-31 10:00:21,15462.85,0
2021-05-31 10:00:22,15462.0,0
2021-05-31 10:00:23,15463.25,0
2021-05-31 10:00:24,15462.7,0
2021-05-31 10:00:25,15462.65,0
2021-05-31 10:00:26,15462.4,0
2021-05-31 10:00:27,15462.35,0
2021-05-31 10:00:28,15463.65,0
2021-05-31 10:00:29,15462.9,0
2021-05-31 10:00:30,15461.75,0
2021-05-31 10:00:31,15463.0,0
2021-05-31 10:00:32,15464.3,0
2021-05-31 10:00:33,15464.15,0
2021-05-31 10:00:34,15463.65,0
2021-05-31 10:00:35,15464.6,0
2021-05-31 10:00:36,15464.65,0
2021-05-31 10:00:37,15464.65,0
2021-05-31 10:00:38,15465.05,0
2021-05-31 10:00:39,15463.05,0
2021-05-31 10:00:40,15463.4,0
2021-05-31 10:00:41,15463.75,0
2021-05-31 10:00:42,15463.65,0
2021-05-31 10:00:43,15462.4,0
2021-05-31 10:00:44,15463.45,0
2021-05-31 10:00:45,15463.65,0
2021-05-31 10:00:46,15461.75,0
2021-05-31 10:00:47,15462.15,0
2021-05-31 10:00:48,15462.55,0
2021-05-31 10:00:49,15462.4,0
2021-05-31 10:00:50,15462.45,0
2021-05-31 10:00:51,15461.9,0
2021-05-31 10:00:52,15462.55,0
2021-05-31 10:00:53,15462.75,0
2021-05-31 10:00:54,15462.55,0
2021-05-31 10:00:55,15463.35,0
2021-05-31 10:00:56,15463.9,0
2021-05-31 10:00:57,15463.55,0
2021-05-31 10:00:58,15463.7,0
2021-05-31 10:00:59,15463.85,0
2021-05-31 10:01:00,15463.5,0
2021-05-31 10:01:01,15462.5,0
2021-05-31 10:01:02,15462.95,0
2021-05-31 10:01:03,15463.2,0
2021-05-31 10:01:04,15463.7,0
2021-05-31 10:01:05,15464.15,0
2021-05-31 10:01:06,15465.05,0
2021-05-31 10:01:07,15464.85,0
2021-05-31 10:01:08,15466.3,0
2021-05-31 10:01:09,15465.85,0
2021-05-31 10:01:10,15464.65,0
2021-05-31 10:01:11,15465.3,0
2021-05-31 10:01:12,15464.85,0
2021-05-31 10:01:13,15465.1,0
2021-05-31 10:01:14,15464.1,0
2021-05-31 10:01:15,15464.7,0
2021-05-31 10:01:16,15465.8,0
2021-05-31 10:01:17,15464.6,0
2021-05-31 10:01:18,15464.95,0
2021-05-31 10:01:19,15465.3,0
2021-05-31 10:01:20,15464.15,0
2021-05-31 10:01:21,15464.8,0
2021-05-31 10:01:22,15464.1,0
2021-05-31 10:01:23,15465.65,0
2021-05-31 10:01:24,15465.25,0
2021-05-31 10:01:25,15465.85,0
2021-05-31 10:01:26,15465.35,0
2021-05-31 10:01:27,15465.35,0
2021-05-31 10:01:28,15465.4,0
2021-05-31 10:01:30,15466.2,0
2021-05-31 10:01:31,15464.9,0
2021-05-31 10:01:32,15465.95,0
2021-05-31 10:01:33,15465.8,0
2021-05-31 10:01:34,15466.0,0
2021-05-31 10:01:35,15465.9,0
2021-05-31 10:01:36,15466.0,0
2021-05-31 10:01:37,15465.9,0
2021-05-31 10:01:38,15465.65,0
2021-05-31 10:01:39,15466.3,0
2021-05-31 10:01:40,15465.75,0
2021-05-31 10:01:41,15466.0,0
2021-05-31 10:01:43,15463.75,0
2021-05-31 10:01:44,15464.05,0
2021-05-31 10:01:45,15465.05,0
2021-05-31 10:01:46,15464.75,0
2021-05-31 10:01:47,15464.75,0
2021-05-31 10:01:49,15463.45,0
2021-05-31 10:01:51,15462.6,0
2021-05-31 10:01:52,15463.3,0
2021-05-31 10:01:53,15463.6,0
2021-05-31 10:01:54,15464.7,0
2021-05-31 10:01:55,15463.9,0
2021-05-31 10:01:56,15461.9,0
2021-05-31 10:01:58,15463.3,0
2021-05-31 10:01:59,15464.35,0
2021-05-31 10:02:00,15465.5,0
2021-05-31 10:02:01,15464.75,0
2021-05-31 10:02:02,15465.35,0
2021-05-31 10:02:03,15462.55,0
2021-05-31 10:02:04,15462.3,0
2021-05-31 10:02:05,15463.65,0
2021-05-31 10:02:06,15463.2,0
2021-05-31 10:02:07,15462.2,0
2021-05-31 10:02:08,15461.7,0
2021-05-31 10:02:09,15462.95,0
2021-05-31 10:02:10,15463.4,0
2021-05-31 10:02:11,15462.85,0
2021-05-31 10:02:12,15462.75,0
2021-05-31 10:02:13,15463.55,0
2021-05-31 10:02:14,15464.1,0
2021-05-31 10:02:15,15463.25,0
2021-05-31 10:02:16,15463.5,0
2021-05-31 10:02:17,15462.75,0
2021-05-31 10:02:18,15461.65,0
2021-05-31 10:02:19,15460.55,0
2021-05-31 10:02:20,15462.5,0
2021-05-31 10:02:21,15461.2,0
2021-05-31 10:02:22,15460.75,0
2021-05-31 10:02:23,15460.75,0
2021-05-31 10:02:24,15460.05,0
2021-05-31 10:02:25,15459.35,0
2021-05-31 10:02:26,15460.75,0
2021-05-31 10:02:27,15459.9,0
2021-05-31 10:02:28,15460.15,0
2021-05-31 10:02:29,15460.45,0
2021-05-31 10:02:30,15460.35,0
2021-05-31 10:02:31,15459.75,0
2021-05-31 10:02:32,15460.1,0
2021-05-31 10:02:33,15460.25,0
2021-05-31 10:02:34,15460.55,0
2021-05-31 10:02:35,15459.95,0
2021-05-31 10:02:36,15461.3,0
2021-05-31 10:02:37,15460.4,0
2021-05-31 10:02:38,15460.65,0
2021-05-31 10:02:39,15461.25,0
2021-05-31 10:02:40,15460.75,0
2021-05-31 10:02:41,15460.85,0
2021-05-31 10:02:42,15460.45,0
2021-05-31 10:02:43,15460.6,0
2021-05-31 10:02:44,15460.65,0
2021-05-31 10:02:45,15461.35,0
2021-05-31 10:02:46,15461.6,0
2021-05-31 10:02:47,15460.8,0
2021-05-31 10:02:48,15460.65,0
2021-05-31 10:02:49,15460.35,0
2021-05-31 10:02:50,15460.55,0
2021-05-31 10:02:51,15460.1,0
2021-05-31 10:02:52,15460.3,0
2021-05-31 10:02:53,15460.0,0
2021-05-31 10:02:54,15460.0,0
2021-05-31 10:02:55,15460.0,0
2021-05-31 10:02:56,15460.0,0
2021-05-31 10:02:57,15460.0,0
2021-05-31 10:02:58,15459.95,0
2021-05-31 10:02:59,15459.95,0
2021-05-31 10:03:00,15460.7,0
2021-05-31 10:03:01,15460.95,0
2021-05-31 10:03:02,15460.85,0
2021-05-31 10:03:03,15461.15,0
2021-05-31 10:03:04,15461.3,0
2021-05-31 10:03:05,15461.7,0
2021-05-31 10:03:06,15461.8,0
2021-05-31 10:03:07,15462.2,0
2021-05-31 10:03:08,15462.6,0
2021-05-31 10:03:09,15462.65,0
2021-05-31 10:03:10,15462.05,0
2021-05-31 10:03:11,15462.6,0
2021-05-31 10:03:12,15462.7,0
2021-05-31 10:03:13,15463.0,0
2021-05-31 10:03:14,15463.0,0
2021-05-31 10:03:15,15462.55,0
2021-05-31 10:03:16,15463.0,0
2021-05-31 10:03:17,15462.8,0
2021-05-31 10:03:18,15462.9,0
2021-05-31 10:03:19,15462.35,0
2021-05-31 10:03:20,15463.2,0
2021-05-31 10:03:21,15463.5,0
2021-05-31 10:03:22,15463.45,0
2021-05-31 10:03:23,15463.05,0
2021-05-31 10:03:24,15463.75,0
2021-05-31 10:03:25,15463.75,0
2021-05-31 10:03:26,15465.6,0
2021-05-31 10:03:27,15466.05,0
2021-05-31 10:03:28,15464.95,0
2021-05-31 10:03:29,15466.15,0
2021-05-31 10:03:30,15465.65,0
2021-05-31 10:03:31,15465.75,0
2021-05-31 10:03:32,15466.65,0
2021-05-31 10:03:33,15467.2,0
2021-05-31 10:03:34,15466.75,0
2021-05-31 10:03:35,15467.1,0
2021-05-31 10:03:36,15467.35,0
2021-05-31 10:03:37,15466.7,0
2021-05-31 10:03:38,15466.8,0
2021-05-31 10:03:39,15465.45,0
2021-05-31 10:03:40,15465.1,0
2021-05-31 10:03:41,15465.6,0
2021-05-31 10:03:42,15466.75,0
2021-05-31 10:03:43,15464.6,0
2021-05-31 10:03:44,15464.95,0
2021-05-31 10:03:45,15464.4,0
2021-05-31 10:03:48,15466.4,0
2021-05-31 10:03:50,15465.25,0
2021-05-31 10:03:51,15464.4,0
2021-05-31 10:03:52,15464.95,0
2021-05-31 10:03:53,15465.1,0
2021-05-31 10:03:54,15464.9,0
2021-05-31 10:03:55,15464.1,0
2021-05-31 10:03:56,15464.6,0
2021-05-31 10:03:57,15463.9,0
2021-05-31 10:03:58,15465.05,0
2021-05-31 10:03:59,15464.9,0
2021-05-31 10:04:00,15465.35,0
2021-05-31 10:04:01,15465.55,0
2021-05-31 10:04:02,15465.5,0
2021-05-31 10:04:03,15465.3,0
2021-05-31 10:04:05,15464.75,0
2021-05-31 10:04:07,15464.55,0
2021-05-31 10:04:09,15463.1,0
2021-05-31 10:04:10,15462.05,0
2021-05-31 10:04:11,15462.25,0
2021-05-31 10:04:12,15462.85,0
2021-05-31 10:04:13,15462.9,0
2021-05-31 10:04:14,15463.35,0
2021-05-31 10:04:15,15463.0,0
2021-05-31 10:04:16,15462.95,0
2021-05-31 10:04:17,15462.65,0
2021-05-31 10:04:18,15461.55,0
2021-05-31 10:04:19,15461.65,0
2021-05-31 10:04:20,15461.9,0
2021-05-31 10:04:21,15462.2,0
2021-05-31 10:04:22,15462.8,0
2021-05-31 10:04:23,15461.55,0
2021-05-31 10:04:24,15462.25,0
2021-05-31 10:04:26,15463.45,0
2021-05-31 10:04:27,15463.0,0
2021-05-31 10:04:28,15463.05,0
2021-05-31 10:04:29,15462.8,0
2021-05-31 10:04:30,15462.5,0
2021-05-31 10:04:31,15463.1,0
2021-05-31 10:04:32,15460.85,0
2021-05-31 10:04:33,15461.95,0
2021-05-31 10:04:34,15461.35,0
2021-05-31 10:04:35,15461.75,0
2021-05-31 10:04:36,15462.55,0
2021-05-31 10:04:37,15462.05,0
2021-05-31 10:04:38,15462.05,0
2021-05-31 10:04:39,15462.0,0
2021-05-31 10:04:40,15461.65,0
2021-05-31 10:04:42,15462.75,0
2021-05-31 10:04:41,15462.65,0
2021-05-31 10:04:43,15461.15,0
2021-05-31 10:04:44,15460.6,0
2021-05-31 10:04:45,15461.6,0
2021-05-31 10:04:46,15461.9,0
2021-05-31 10:04:47,15460.1,0
2021-05-31 10:04:48,15459.45,0
2021-05-31 10:04:49,15460.15,0
2021-05-31 10:04:50,15458.7,0
2021-05-31 10:04:51,15459.65,0
2021-05-31 10:04:52,15461.05,0
2021-05-31 10:04:53,15460.7,0
2021-05-31 10:04:54,15460.5,0
2021-05-31 10:04:55,15460.55,0
2021-05-31 10:04:56,15460.7,0
2021-05-31 10:04:57,15460.75,0
2021-05-31 10:04:58,15460.35,0
2021-05-31 10:04:59,15460.5,0
2021-05-31 10:05:00,15461.25,0
2021-05-31 10:05:01,15461.15,0
2021-05-31 10:05:02,15461.45,0
2021-05-31 10:05:03,15461.2,0
2021-05-31 10:05:04,15461.8,0
2021-05-31 10:05:05,15461.55,0
2021-05-31 10:05:06,15461.6,0
2021-05-31 10:05:07,15461.95,0
2021-05-31 10:05:08,15461.75,0
2021-05-31 10:05:09,15461.05,0
2021-05-31 10:05:10,15461.25,0
2021-05-31 10:05:11,15461.25,0
2021-05-31 10:05:12,15462.4,0
2021-05-31 10:05:13,15462.3,0
2021-05-31 10:05:14,15462.4,0
2021-05-31 10:05:15,15462.5,0
2021-05-31 10:05:16,15462.45,0
2021-05-31 10:05:17,15462.9,0
2021-05-31 10:05:18,15463.5,0
2021-05-31 10:05:19,15464.1,0
2021-05-31 10:05:20,15464.3,0
2021-05-31 10:05:21,15464.0,0
2021-05-31 10:05:22,15464.5,0
2021-05-31 10:05:23,15463.85,0
2021-05-31 10:05:24,15463.9,0
2021-05-31 10:05:25,15464.3,0
2021-05-31 10:05:26,15463.45,0
2021-05-31 10:05:27,15464.05,0
2021-05-31 10:05:28,15463.55,0
2021-05-31 10:05:29,15463.65,0
2021-05-31 10:05:30,15464.25,0
2021-05-31 10:05:31,15463.95,0
2021-05-31 10:05:32,15465.0,0
2021-05-31 10:05:33,15465.65,0
2021-05-31 10:05:34,15465.25,0
2021-05-31 10:05:35,15465.0,0
2021-05-31 10:05:36,15464.95,0
2021-05-31 10:05:37,15465.7,0
2021-05-31 10:05:38,15465.25,0
2021-05-31 10:05:39,15464.85,0
2021-05-31 10:05:40,15465.55,0
2021-05-31 10:05:41,15465.6,0
2021-05-31 10:05:42,15465.2,0
2021-05-31 10:05:43,15464.55,0
2021-05-31 10:05:44,15465.0,0
2021-05-31 10:05:45,15464.4,0
2021-05-31 10:05:46,15464.3,0
2021-05-31 10:05:47,15464.85,0
2021-05-31 10:05:48,15463.95,0
2021-05-31 10:05:49,15464.3,0
2021-05-31 10:05:50,15464.7,0
2021-05-31 10:05:51,15462.95,0
2021-05-31 10:05:52,15462.5,0
2021-05-31 10:05:53,15462.4,0
2021-05-31 10:05:54,15461.85,0
2021-05-31 10:05:55,15461.95,0
2021-05-31 10:05:56,15461.9,0
2021-05-31 10:05:57,15462.6,0
2021-05-31 10:05:58,15462.8,0
2021-05-31 10:05:59,15461.8,0
2021-05-31 10:06:00,15461.9,0
2021-05-31 10:06:01,15463.45,0
2021-05-31 10:06:02,15462.25,0
2021-05-31 10:06:03,15462.3,0
2021-05-31 10:06:05,15462.55,0
2021-05-31 10:06:06,15462.3,0
2021-05-31 10:06:07,15461.8,0
2021-05-31 10:06:09,15461.6,0
2021-05-31 10:06:10,15462.1,0
2021-05-31 10:06:11,15462.45,0
2021-05-31 10:06:12,15461.6,0
2021-05-31 10:06:13,15462.4,0
2021-05-31 10:06:14,15462.85,0
2021-05-31 10:06:15,15461.9,0
2021-05-31 10:06:16,15461.5,0
2021-05-31 10:06:17,15460.75,0
2021-05-31 10:06:18,15461.15,0
2021-05-31 10:06:20,15461.55,0
2021-05-31 10:06:21,15461.45,0
2021-05-31 10:06:22,15461.55,0
2021-05-31 10:06:23,15461.55,0
2021-05-31 10:06:24,15460.85,0
2021-05-31 10:06:25,15461.8,0
2021-05-31 10:06:29,15463.15,0
2021-05-31 10:06:30,15462.7,0
2021-05-31 10:06:31,15461.8,0
2021-05-31 10:06:32,15463.0,0
2021-05-31 10:06:33,15462.85,0
2021-05-31 10:06:34,15462.9,0
2021-05-31 10:06:35,15462.15,0
2021-05-31 10:06:36,15462.35,0
2021-05-31 10:06:37,15462.0,0
2021-05-31 10:06:39,15461.55,0
2021-05-31 10:06:40,15462.75,0
2021-05-31 10:06:41,15461.9,0
2021-05-31 10:06:42,15461.35,0
2021-05-31 10:06:43,15462.1,0
2021-05-31 10:06:44,15461.85,0
2021-05-31 10:06:45,15461.0,0
2021-05-31 10:06:46,15461.75,0
2021-05-31 10:06:47,15462.0,0
2021-05-31 10:06:48,15461.5,0
2021-05-31 10:06:49,15462.7,0
2021-05-31 10:06:50,15462.3,0
2021-05-31 10:06:51,15462.1,0
2021-05-31 10:06:52,15461.95,0
2021-05-31 10:06:53,15462.4,0
2021-05-31 10:06:54,15463.3,0
2021-05-31 10:06:55,15462.8,0
2021-05-31 10:06:56,15462.9,0
2021-05-31 10:06:57,15463.15,0
2021-05-31 10:06:58,15464.05,0
2021-05-31 10:06:59,15464.25,0
2021-05-31 10:07:00,15464.35,0
2021-05-31 10:07:01,15464.2,0
2021-05-31 10:07:02,15463.6,0
2021-05-31 10:07:03,15463.2,0
2021-05-31 10:07:04,15464.85,0
2021-05-31 10:07:05,15464.15,0
2021-05-31 10:07:06,15464.1,0
2021-05-31 10:07:07,15464.25,0
2021-05-31 10:07:08,15464.9,0
2021-05-31 10:07:09,15465.55,0
2021-05-31 10:07:10,15465.55,0
2021-05-31 10:07:11,15465.65,0
2021-05-31 10:07:12,15465.65,0
2021-05-31 10:07:13,15465.85,0
2021-05-31 10:07:14,15465.7,0
2021-05-31 10:07:15,15466.2,0
2021-05-31 10:07:16,15465.75,0
2021-05-31 10:07:17,15465.5,0
2021-05-31 10:07:18,15465.85,0
2021-05-31 10:07:19,15465.5,0
2021-05-31 10:07:20,15465.1,0
2021-05-31 10:07:21,15465.55,0
2021-05-31 10:07:22,15465.35,0
2021-05-31 10:07:23,15465.1,0
2021-05-31 10:07:24,15464.8,0
2021-05-31 10:07:25,15465.4,0
2021-05-31 10:07:26,15465.85,0
2021-05-31 10:07:27,15465.75,0
2021-05-31 10:07:28,15466.15,0
2021-05-31 10:07:29,15465.15,0
2021-05-31 10:07:30,15465.45,0
2021-05-31 10:07:31,15465.25,0
2021-05-31 10:07:32,15465.4,0
2021-05-31 10:07:33,15465.7,0
2021-05-31 10:07:34,15466.15,0
2021-05-31 10:07:35,15464.65,0
2021-05-31 10:07:36,15464.95,0
2021-05-31 10:07:37,15465.1,0
2021-05-31 10:07:38,15465.9,0
2021-05-31 10:07:39,15465.9,0
2021-05-31 10:07:40,15465.7,0
2021-05-31 10:07:41,15466.05,0
2021-05-31 10:07:42,15466.25,0
2021-05-31 10:07:43,15466.6,0
2021-05-31 10:07:44,15466.25,0
2021-05-31 10:07:45,15466.85,0
2021-05-31 10:07:46,15466.3,0
2021-05-31 10:07:47,15467.1,0
2021-05-31 10:07:48,15467.4,0
2021-05-31 10:07:49,15467.4,0
2021-05-31 10:07:50,15468.7,0
2021-05-31 10:07:51,15467.45,0
2021-05-31 10:07:52,15467.3,0
2021-05-31 10:07:53,15468.55,0
2021-05-31 10:07:54,15468.1,0
2021-05-31 10:07:55,15468.6,0
2021-05-31 10:07:56,15468.9,0
2021-05-31 10:07:57,15468.2,0
2021-05-31 10:07:58,15468.9,0
2021-05-31 10:07:59,15468.65,0
2021-05-31 10:08:00,15471.65,0
2021-05-31 10:08:01,15473.1,0
2021-05-31 10:08:02,15473.8,0
2021-05-31 10:08:03,15473.05,0
2021-05-31 10:08:04,15473.2,0
2021-05-31 10:08:05,15473.15,0
2021-05-31 10:08:06,15474.05,0
2021-05-31 10:08:07,15473.6,0
2021-05-31 10:08:08,15473.45,0
2021-05-31 10:08:09,15472.65,0
2021-05-31 10:08:10,15474.2,0
2021-05-31 10:08:11,15473.15,0
2021-05-31 10:08:12,15474.8,0
2021-05-31 10:08:13,15475.2,0
2021-05-31 10:08:14,15479.3,0
2021-05-31 10:08:16,15478.85,0
2021-05-31 10:08:17,15480.45,0
2021-05-31 10:08:18,15481.3,0
2021-05-31 10:08:19,15480.3,0
2021-05-31 10:08:20,15480.85,0
2021-05-31 10:08:21,15480.55,0
2021-05-31 10:08:22,15481.05,0
2021-05-31 10:08:23,15481.15,0
2021-05-31 10:08:24,15482.25,0
2021-05-31 10:08:25,15482.7,0
2021-05-31 10:08:26,15483.25,0
2021-05-31 10:08:27,15482.8,0
2021-05-31 10:08:28,15481.5,0
2021-05-31 10:08:29,15481.9,0
2021-05-31 10:08:30,15481.7,0
2021-05-31 10:08:31,15481.5,0
2021-05-31 10:08:32,15482.6,0
2021-05-31 10:08:33,15481.65,0
2021-05-31 10:08:34,15481.55,0
2021-05-31 10:08:36,15479.85,0
2021-05-31 10:08:38,15480.4,0
2021-05-31 10:08:39,15480.4,0
2021-05-31 10:08:40,15479.55,0
2021-05-31 10:08:41,15480.1,0
2021-05-31 10:08:42,15481.25,0
2021-05-31 10:08:43,15480.8,0
2021-05-31 10:08:44,15482.05,0
2021-05-31 10:08:45,15481.25,0
2021-05-31 10:08:46,15481.4,0
2021-05-31 10:08:48,15480.95,0
2021-05-31 10:08:49,15480.15,0
2021-05-31 10:08:53,15480.95,0
2021-05-31 10:08:54,15481.6,0
2021-05-31 10:08:55,15482.0,0
2021-05-31 10:08:58,15481.9,0
2021-05-31 10:09:00,15485.7,0
2021-05-31 10:09:01,15484.65,0
2021-05-31 10:09:02,15484.45,0
2021-05-31 10:09:03,15483.9,0
2021-05-31 10:09:04,15484.3,0
2021-05-31 10:09:05,15483.95,0
2021-05-31 10:09:06,15481.75,0
2021-05-31 10:09:07,15483.15,0
2021-05-31 10:09:08,15483.9,0
2021-05-31 10:09:09,15483.45,0
2021-05-31 10:09:10,15484.1,0
2021-05-31 10:09:11,15484.2,0
2021-05-31 10:09:12,15484.7,0
2021-05-31 10:09:13,15484.6,0
2021-05-31 10:09:14,15483.8,0
2021-05-31 10:09:15,15483.8,0
2021-05-31 10:09:16,15484.1,0
2021-05-31 10:09:17,15483.5,0
2021-05-31 10:09:18,15482.7,0
2021-05-31 10:09:19,15482.45,0
2021-05-31 10:09:20,15481.55,0
2021-05-31 10:09:21,15481.8,0
2021-05-31 10:09:22,15480.9,0
2021-05-31 10:09:23,15481.75,0
2021-05-31 10:09:24,15481.6,0
2021-05-31 10:09:25,15480.7,0
2021-05-31 10:09:26,15480.55,0
2021-05-31 10:09:27,15481.3,0
2021-05-31 10:09:28,15479.2,0
2021-05-31 10:09:29,15479.0,0
2021-05-31 10:09:30,15478.85,0
2021-05-31 10:09:31,15477.6,0
2021-05-31 10:09:32,15477.0,0
2021-05-31 10:09:33,15476.65,0
2021-05-31 10:09:34,15477.3,0
2021-05-31 10:09:35,15478.6,0
2021-05-31 10:09:36,15478.2,0
2021-05-31 10:09:37,15478.85,0
2021-05-31 10:09:38,15477.9,0
2021-05-31 10:09:39,15478.7,0
2021-05-31 10:09:40,15479.1,0
2021-05-31 10:09:41,15478.95,0
2021-05-31 10:09:42,15478.3,0
2021-05-31 10:09:44,15479.85,0
2021-05-31 10:09:45,15481.85,0
2021-05-31 10:09:46,15481.2,0
2021-05-31 10:09:47,15481.05,0
2021-05-31 10:09:48,15480.4,0
2021-05-31 10:09:49,15481.2,0
2021-05-31 10:09:50,15480.55,0
2021-05-31 10:09:51,15480.6,0
2021-05-31 10:09:52,15481.15,0
2021-05-31 10:09:53,15481.4,0
2021-05-31 10:09:54,15480.95,0
2021-05-31 10:09:55,15481.15,0
2021-05-31 10:09:56,15480.75,0
2021-05-31 10:09:57,15480.8,0
2021-05-31 10:09:58,15480.9,0
2021-05-31 10:09:59,15480.3,0
2021-05-31 10:10:00,15480.9,0
2021-05-31 10:10:01,15481.55,0
2021-05-31 10:10:02,15480.9,0
2021-05-31 10:10:03,15481.45,0
2021-05-31 10:10:04,15482.5,0
2021-05-31 10:10:05,15483.0,0
2021-05-31 10:10:06,15484.9,0
2021-05-31 10:10:07,15485.15,0
2021-05-31 10:10:08,15486.3,0
2021-05-31 10:10:09,15485.4,0
2021-05-31 10:10:10,15489.3,0
2021-05-31 10:10:11,15488.45,0
2021-05-31 10:10:12,15486.05,0
2021-05-31 10:10:13,15487.0,0
2021-05-31 10:10:14,15487.2,0
2021-05-31 10:10:15,15487.0,0
2021-05-31 10:10:16,15486.05,0
2021-05-31 10:10:17,15486.9,0
2021-05-31 10:10:18,15488.0,0
2021-05-31 10:10:19,15488.8,0
2021-05-31 10:10:20,15488.45,0
2021-05-31 10:10:21,15488.75,0
2021-05-31 10:10:22,15488.5,0
2021-05-31 10:10:23,15487.2,0
2021-05-31 10:10:24,15488.1,0
2021-05-31 10:10:25,15488.55,0
2021-05-31 10:10:26,15488.7,0
2021-05-31 10:10:27,15488.05,0
2021-05-31 10:10:28,15488.3,0
2021-05-31 10:10:29,15487.95,0
2021-05-31 10:10:30,15488.45,0
2021-05-31 10:10:31,15488.25,0
2021-05-31 10:10:32,15487.9,0
2021-05-31 10:10:33,15487.7,0
2021-05-31 10:10:34,15487.95,0
2021-05-31 10:10:35,15488.15,0
2021-05-31 10:10:36,15487.85,0
2021-05-31 10:10:37,15487.3,0
2021-05-31 10:10:38,15488.5,0
2021-05-31 10:10:39,15488.05,0
2021-05-31 10:10:40,15488.15,0
2021-05-31 10:10:41,15488.25,0
2021-05-31 10:10:42,15488.45,0
2021-05-31 10:10:43,15488.7,0
2021-05-31 10:10:44,15488.8,0
2021-05-31 10:10:45,15487.6,0
2021-05-31 10:10:46,15487.45,0
2021-05-31 10:10:47,15488.75,0
2021-05-31 10:10:48,15488.05,0
2021-05-31 10:10:49,15489.05,0
2021-05-31 10:10:50,15488.2,0
2021-05-31 10:10:51,15487.6,0
2021-05-31 10:10:52,15486.95,0
2021-05-31 10:10:53,15487.4,0
2021-05-31 10:10:54,15487.55,0
2021-05-31 10:10:55,15487.5,0
2021-05-31 10:10:56,15487.75,0
2021-05-31 10:10:57,15487.8,0
2021-05-31 10:10:58,15487.8,0
2021-05-31 10:10:59,15487.4,0
2021-05-31 10:11:00,15487.95,0
2021-05-31 10:11:01,15486.95,0
2021-05-31 10:11:02,15487.1,0
2021-05-31 10:11:03,15487.25,0
2021-05-31 10:11:04,15487.8,0
2021-05-31 10:11:05,15487.8,0
2021-05-31 10:11:06,15487.55,0
2021-05-31 10:11:07,15488.3,0
2021-05-31 10:11:08,15489.05,0
2021-05-31 10:11:09,15488.75,0
2021-05-31 10:11:10,15488.7,0
2021-05-31 10:11:11,15488.95,0
2021-05-31 10:11:12,15488.05,0
2021-05-31 10:11:13,15487.2,0
2021-05-31 10:11:14,15488.65,0
2021-05-31 10:11:15,15488.45,0
2021-05-31 10:11:16,15488.9,0
2021-05-31 10:11:17,15487.45,0
2021-05-31 10:11:18,15488.2,0
2021-05-31 10:11:19,15488.85,0
2021-05-31 10:11:20,15487.7,0
2021-05-31 10:11:21,15488.45,0
2021-05-31 10:11:22,15488.65,0
2021-05-31 10:11:23,15489.0,0
2021-05-31 10:11:24,15488.75,0
2021-05-31 10:11:25,15488.25,0
2021-05-31 10:11:26,15489.45,0
2021-05-31 10:11:27,15489.95,0
2021-05-31 10:11:28,15489.3,0
2021-05-31 10:11:29,15490.05,0
2021-05-31 10:11:30,15490.05,0
2021-05-31 10:11:31,15489.9,0
2021-05-31 10:11:32,15493.95,0
2021-05-31 10:11:33,15493.85,0
2021-05-31 10:11:34,15493.0,0
2021-05-31 10:11:35,15492.3,0
2021-05-31 10:11:36,15492.5,0
2021-05-31 10:11:37,15492.6,0
2021-05-31 10:11:38,15492.3,0
2021-05-31 10:11:39,15492.2,0
2021-05-31 10:11:40,15492.45,0
2021-05-31 10:11:41,15491.4,0
2021-05-31 10:11:42,15492.6,0
2021-05-31 10:11:43,15492.75,0
2021-05-31 10:11:44,15492.5,0
2021-05-31 10:11:45,15492.5,0
2021-05-31 10:11:46,15493.5,0
2021-05-31 10:11:47,15493.7,0
2021-05-31 10:11:48,15493.35,0
2021-05-31 10:11:49,15494.0,0
2021-05-31 10:11:50,15493.75,0
2021-05-31 10:11:51,15494.5,0
2021-05-31 10:11:52,15493.95,0
2021-05-31 10:11:53,15494.3,0
2021-05-31 10:11:54,15495.4,0
2021-05-31 10:11:55,15495.6,0
2021-05-31 10:11:56,15495.15,0
2021-05-31 10:11:57,15495.45,0
2021-05-31 10:11:58,15495.75,0
2021-05-31 10:11:59,15494.85,0
2021-05-31 10:12:00,15494.65,0
2021-05-31 10:12:01,15494.85,0
2021-05-31 10:12:02,15494.85,0
2021-05-31 10:12:03,15494.15,0
2021-05-31 10:12:04,15493.85,0
2021-05-31 10:12:05,15493.7,0
2021-05-31 10:12:06,15494.8,0
2021-05-31 10:12:07,15494.55,0
2021-05-31 10:12:08,15494.7,0
2021-05-31 10:12:09,15493.6,0
2021-05-31 10:12:10,15493.7,0
2021-05-31 10:12:11,15494.2,0
2021-05-31 10:12:12,15494.6,0
2021-05-31 10:12:13,15494.6,0
2021-05-31 10:12:14,15493.95,0
2021-05-31 10:12:15,15493.7,0
2021-05-31 10:12:16,15493.6,0
2021-05-31 10:12:17,15492.95,0
2021-05-31 10:12:18,15492.4,0
2021-05-31 10:12:19,15492.15,0
2021-05-31 10:12:20,15492.0,0
2021-05-31 10:12:21,15490.85,0
2021-05-31 10:12:22,15492.1,0
2021-05-31 10:12:23,15491.7,0
2021-05-31 10:12:24,15491.6,0
2021-05-31 10:12:25,15492.0,0
2021-05-31 10:12:26,15491.6,0
2021-05-31 10:12:27,15491.0,0
2021-05-31 10:12:28,15490.45,0
2021-05-31 10:12:29,15490.4,0
2021-05-31 10:12:30,15491.55,0
2021-05-31 10:12:31,15491.5,0
2021-05-31 10:12:32,15491.85,0
2021-05-31 10:12:33,15490.8,0
2021-05-31 10:12:34,15490.8,0
2021-05-31 10:12:35,15489.85,0
2021-05-31 10:12:36,15490.15,0
2021-05-31 10:12:37,15490.2,0
2021-05-31 10:12:38,15489.5,0
2021-05-31 10:12:39,15490.15,0
2021-05-31 10:12:40,15489.9,0
2021-05-31 10:12:41,15490.4,0
2021-05-31 10:12:42,15490.1,0
2021-05-31 10:12:43,15490.1,0
2021-05-31 10:12:44,15490.25,0
2021-05-31 10:12:45,15491.35,0
