timestamp,ltp,volume
2021-05-05 09:07:35,5683.0,8793
2021-05-05 09:15:00,5666.2,9919
2021-05-05 09:15:01,5668.55,11384
2021-05-05 09:15:02,5677.3,14154
2021-05-05 09:15:04,5672.4,21310
2021-05-05 09:15:05,5664.4,24637
2021-05-05 09:15:06,5667.35,27751
2021-05-05 09:15:07,5667.35,28205
2021-05-05 09:15:08,5676.9,30655
2021-05-05 09:15:09,5676.1,31405
2021-05-05 09:15:10,5673.45,32171
2021-05-05 09:15:11,5673.45,33333
2021-05-05 09:15:12,5674.95,34242
2021-05-05 09:15:13,5675.45,35247
2021-05-05 09:15:14,5673.45,36578
2021-05-05 09:15:15,5675.35,37844
2021-05-05 09:15:15,5671.65,38377
2021-05-05 09:15:17,5669.7,42372
2021-05-05 09:15:18,5668.75,44590
2021-05-05 09:15:19,5670.6,45217
2021-05-05 09:15:20,5662.1,48782
2021-05-05 09:15:21,5658.25,51223
2021-05-05 09:15:22,5654.6,52063
2021-05-05 09:15:23,5655.5,53116
2021-05-05 09:15:24,5656.9,53507
2021-05-05 09:15:25,5656.1,58182
2021-05-05 09:15:26,5657.75,59309
2021-05-05 09:15:28,5659.05,59694
2021-05-05 09:15:29,5662.0,60409
2021-05-05 09:15:30,5660.75,61160
2021-05-05 09:15:31,5665.1,61979
2021-05-05 09:15:32,5667.2,63771
2021-05-05 09:15:33,5669.7,64540
2021-05-05 09:15:34,5673.5,65898
2021-05-05 09:15:35,5679.45,66976
2021-05-05 09:15:36,5681.0,70984
2021-05-05 09:15:37,5682.05,72948
2021-05-05 09:15:38,5688.85,73708
2021-05-05 09:15:39,5687.3,74252
2021-05-05 09:15:40,5689.0,75795
2021-05-05 09:15:41,5690.25,77133
2021-05-05 09:15:42,5692.0,79557
2021-05-05 09:15:43,5690.95,80743
2021-05-05 09:15:44,5697.9,82453
2021-05-05 09:15:45,5694.65,83407
2021-05-05 09:15:46,5698.95,85251
2021-05-05 09:15:47,5700.0,86977
2021-05-05 09:15:48,5700.0,89138
2021-05-05 09:15:49,5700.0,90674
2021-05-05 09:15:50,5698.0,92734
2021-05-05 09:15:51,5698.0,94325
2021-05-05 09:15:52,5698.0,95603
2021-05-05 09:15:53,5697.8,97308
2021-05-05 09:15:54,5695.15,98765
2021-05-05 09:15:54,5694.65,99176
2021-05-05 09:15:55,5697.0,99974
2021-05-05 09:15:56,5694.75,100274
2021-05-05 09:15:57,5696.3,100943
2021-05-05 09:15:58,5695.0,102019
2021-05-05 09:15:59,5697.1,102425
2021-05-05 09:16:00,5695.1,103245
2021-05-05 09:16:01,5695.9,104243
2021-05-05 09:16:02,5692.8,105014
2021-05-05 09:16:03,5692.9,106406
2021-05-05 09:16:04,5689.3,108240
2021-05-05 09:16:05,5686.7,108775
2021-05-05 09:16:06,5686.7,109522
2021-05-05 09:16:07,5687.1,109780
2021-05-05 09:16:08,5686.8,110454
2021-05-05 09:16:09,5689.0,112094
2021-05-05 09:16:11,5686.85,114007
2021-05-05 09:16:12,5687.25,114851
2021-05-05 09:16:13,5690.0,115365
2021-05-05 09:16:14,5690.65,115874
2021-05-05 09:16:15,5690.55,116145
2021-05-05 09:16:16,5691.15,116718
2021-05-05 09:16:17,5690.55,117047
2021-05-05 09:16:18,5694.7,119165
2021-05-05 09:16:19,5695.0,119570
2021-05-05 09:16:20,5695.0,119912
2021-05-05 09:16:21,5695.0,121402
2021-05-05 09:16:22,5696.05,122026
2021-05-05 09:16:23,5695.0,122732
2021-05-05 09:16:24,5696.1,123336
2021-05-05 09:16:25,5695.0,124093
2021-05-05 09:16:26,5695.0,125082
2021-05-05 09:16:28,5695.0,125910
2021-05-05 09:16:29,5693.95,127047
2021-05-05 09:16:30,5695.0,128003
2021-05-05 09:16:31,5692.0,128618
2021-05-05 09:16:32,5695.0,129347
2021-05-05 09:16:33,5694.85,129500
2021-05-05 09:16:35,5692.95,130508
2021-05-05 09:16:36,5694.2,131276
2021-05-05 09:16:37,5694.25,132119
2021-05-05 09:16:38,5691.95,132488
2021-05-05 09:16:39,5692.35,133091
2021-05-05 09:16:40,5692.35,133318
2021-05-05 09:16:40,5692.35,133273
2021-05-05 09:16:41,5693.95,133547
2021-05-05 09:16:42,5692.7,134269
2021-05-05 09:16:43,5694.25,136393
2021-05-05 09:16:44,5694.25,136829
2021-05-05 09:16:46,5693.4,137261
2021-05-05 09:16:47,5695.0,138390
2021-05-05 09:16:48,5693.4,138847
2021-05-05 09:16:49,5693.35,140449
2021-05-05 09:16:50,5693.1,140803
2021-05-05 09:16:51,5693.0,141111
2021-05-05 09:16:52,5690.7,141803
2021-05-05 09:16:53,5690.6,142139
2021-05-05 09:16:54,5690.6,143873
2021-05-05 09:16:55,5688.9,145051
2021-05-05 09:16:56,5687.6,146166
2021-05-05 09:16:57,5687.6,146255
2021-05-05 09:16:58,5688.9,146489
2021-05-05 09:16:59,5687.35,147077
2021-05-05 09:17:00,5687.6,147317
2021-05-05 09:17:01,5691.95,147849
2021-05-05 09:17:02,5693.35,148429
2021-05-05 09:17:03,5693.0,148863
2021-05-05 09:17:04,5693.0,149256
2021-05-05 09:17:04,5691.9,149130
2021-05-05 09:17:05,5692.4,149761
2021-05-05 09:17:06,5687.6,150689
2021-05-05 09:17:07,5687.55,153088
2021-05-05 09:17:09,5687.55,153252
2021-05-05 09:17:10,5687.25,153512
2021-05-05 09:17:11,5689.15,153799
2021-05-05 09:17:12,5686.15,153950
2021-05-05 09:17:13,5685.0,154781
2021-05-05 09:17:14,5681.95,155149
2021-05-05 09:17:15,5682.95,156733
2021-05-05 09:17:16,5682.95,156789
2021-05-05 09:17:17,5681.9,157999
2021-05-05 09:17:18,5682.25,158300
2021-05-05 09:17:19,5678.4,161481
2021-05-05 09:17:20,5675.5,163409
2021-05-05 09:17:22,5676.2,165479
2021-05-05 09:17:23,5673.45,166078
2021-05-05 09:17:24,5674.5,166560
2021-05-05 09:17:25,5671.65,167642
2021-05-05 09:17:25,5671.65,167683
2021-05-05 09:17:26,5673.15,167983
2021-05-05 09:17:27,5670.5,168234
2021-05-05 09:17:28,5670.25,168617
2021-05-05 09:17:30,5673.3,169176
2021-05-05 09:17:30,5672.05,169341
2021-05-05 09:17:32,5672.2,171489
2021-05-05 09:17:33,5670.0,172117
2021-05-05 09:17:34,5674.0,173011
2021-05-05 09:17:35,5670.65,174133
2021-05-05 09:17:36,5672.25,174431
2021-05-05 09:17:37,5673.0,175213
2021-05-05 09:17:38,5673.0,175662
2021-05-05 09:17:39,5674.5,176323
2021-05-05 09:17:40,5674.8,177069
2021-05-05 09:17:41,5680.15,178257
2021-05-05 09:17:42,5676.7,178897
2021-05-05 09:17:43,5678.5,179781
2021-05-05 09:17:44,5677.45,180028
2021-05-05 09:17:45,5678.5,180239
2021-05-05 09:17:46,5679.0,180429
2021-05-05 09:17:47,5678.75,180727
2021-05-05 09:17:47,5678.75,180727
2021-05-05 09:17:51,5682.7,182434
2021-05-05 09:17:52,5681.65,182722
2021-05-05 09:17:53,5676.75,183072
2021-05-05 09:17:54,5679.65,183375
2021-05-05 09:17:55,5679.8,183527
2021-05-05 09:17:56,5682.0,185005
2021-05-05 09:17:57,5679.0,185587
2021-05-05 09:17:57,5682.2,185658
2021-05-05 09:17:58,5680.35,185955
2021-05-05 09:17:59,5680.0,186076
2021-05-05 09:18:00,5680.3,186192
2021-05-05 09:18:02,5677.5,186892
2021-05-05 09:18:03,5676.05,187521
2021-05-05 09:18:04,5675.1,187848
2021-05-05 09:18:05,5673.45,188206
2021-05-05 09:18:06,5672.3,189401
2021-05-05 09:18:07,5671.7,189510
2021-05-05 09:18:08,5672.3,189835
2021-05-05 09:18:09,5671.0,191943
2021-05-05 09:18:10,5671.0,192196
2021-05-05 09:18:10,5670.0,192354
2021-05-05 09:18:11,5668.2,193854
2021-05-05 09:18:12,5668.1,194136
2021-05-05 09:18:13,5665.75,195524
2021-05-05 09:18:17,5668.3,196470
2021-05-05 09:18:18,5667.3,196846
2021-05-05 09:18:19,5668.1,197255
2021-05-05 09:18:20,5668.1,197524
2021-05-05 09:18:21,5665.0,197807
2021-05-05 09:18:22,5666.05,198304
2021-05-05 09:18:23,5663.0,198375
2021-05-05 09:18:24,5661.9,198833
2021-05-05 09:18:25,5663.85,199528
2021-05-05 09:18:26,5661.0,199604
2021-05-05 09:18:27,5664.9,200373
2021-05-05 09:18:28,5662.4,200762
2021-05-05 09:18:29,5660.55,201523
2021-05-05 09:18:30,5665.05,202831
2021-05-05 09:18:31,5661.75,203440
2021-05-05 09:18:32,5662.0,203590
2021-05-05 09:18:34,5660.9,204449
2021-05-05 09:18:35,5663.25,204567
2021-05-05 09:18:36,5663.7,204773
2021-05-05 09:18:37,5661.05,204994
2021-05-05 09:18:38,5660.5,205258
2021-05-05 09:18:39,5664.0,205776
2021-05-05 09:18:40,5660.7,206402
2021-05-05 09:18:41,5663.65,206527
2021-05-05 09:18:42,5661.05,206940
2021-05-05 09:18:43,5665.0,207424
2021-05-05 09:18:44,5665.0,208198
2021-05-05 09:18:45,5662.9,208789
2021-05-05 09:18:46,5662.75,208925
2021-05-05 09:18:47,5663.8,209353
2021-05-05 09:18:48,5657.75,213666
2021-05-05 09:18:49,5657.35,214137
2021-05-05 09:18:50,5655.9,215062
2021-05-05 09:18:52,5655.7,215579
2021-05-05 09:18:51,5655.7,215526
2021-05-05 09:18:53,5655.5,215926
2021-05-05 09:18:54,5655.3,216249
2021-05-05 09:18:55,5655.0,216479
2021-05-05 09:18:56,5657.45,217554
2021-05-05 09:18:57,5655.5,217717
2021-05-05 09:18:58,5651.15,219239
2021-05-05 09:18:59,5651.0,219568
2021-05-05 09:19:00,5653.6,219926
2021-05-05 09:19:01,5651.1,220292
2021-05-05 09:19:02,5646.35,224068
2021-05-05 09:19:03,5648.0,224890
2021-05-05 09:19:04,5648.4,225173
2021-05-05 09:19:05,5648.4,225334
2021-05-05 09:19:06,5648.6,225792
2021-05-05 09:19:07,5649.0,225852
2021-05-05 09:19:08,5648.7,227361
2021-05-05 09:19:09,5649.3,228606
2021-05-05 09:19:10,5651.75,228909
2021-05-05 09:19:11,5654.3,229167
2021-05-05 09:19:12,5654.9,230238
2021-05-05 09:19:13,5653.85,230533
2021-05-05 09:19:14,5652.7,231027
2021-05-05 09:19:15,5653.0,231368
2021-05-05 09:19:16,5655.5,232723
2021-05-05 09:19:17,5653.75,234263
2021-05-05 09:19:18,5651.7,234745
2021-05-05 09:19:19,5652.65,234977
2021-05-05 09:19:20,5653.75,235589
2021-05-05 09:19:21,5650.0,236183
2021-05-05 09:19:23,5648.25,237371
2021-05-05 09:19:24,5646.15,237653
2021-05-05 09:19:25,5648.0,238085
2021-05-05 09:19:26,5648.0,240690
2021-05-05 09:19:27,5649.25,242054
2021-05-05 09:19:28,5648.0,242071
2021-05-05 09:19:29,5646.4,242482
2021-05-05 09:19:30,5648.3,243093
2021-05-05 09:19:31,5648.3,243291
2021-05-05 09:19:32,5646.5,243454
2021-05-05 09:19:33,5646.55,243689
2021-05-05 09:19:34,5647.35,247674
2021-05-05 09:19:35,5645.0,248499
2021-05-05 09:19:36,5644.2,248732
2021-05-05 09:19:37,5647.8,249474
2021-05-05 09:19:38,5646.4,249697
2021-05-05 09:19:39,5645.85,249994
2021-05-05 09:19:40,5645.85,250185
2021-05-05 09:19:41,5646.05,250427
2021-05-05 09:19:42,5644.3,250648
2021-05-05 09:19:43,5645.45,251330
2021-05-05 09:19:44,5644.0,251433
2021-05-05 09:19:45,5644.85,251969
2021-05-05 09:19:46,5644.95,252598
2021-05-05 09:19:47,5645.1,252844
2021-05-05 09:19:48,5645.1,253269
2021-05-05 09:19:49,5645.3,254104
2021-05-05 09:19:50,5645.0,254399
2021-05-05 09:19:51,5644.3,254579
2021-05-05 09:19:52,5644.55,254687
2021-05-05 09:19:53,5645.8,255082
2021-05-05 09:19:54,5642.85,255114
2021-05-05 09:19:55,5640.9,255365
2021-05-05 09:19:56,5640.3,255802
2021-05-05 09:19:57,5640.45,256846
2021-05-05 09:19:58,5640.0,257009
2021-05-05 09:19:59,5639.9,258002
2021-05-05 09:20:00,5639.9,258262
2021-05-05 09:20:01,5641.9,258624
2021-05-05 09:20:02,5638.4,259169
2021-05-05 09:20:03,5642.5,259488
2021-05-05 09:20:04,5641.3,260075
2021-05-05 09:20:06,5640.55,260869
2021-05-05 09:20:07,5640.6,261369
2021-05-05 09:20:08,5640.7,261480
2021-05-05 09:20:09,5638.5,261960
2021-05-05 09:20:10,5638.3,262237
2021-05-05 09:20:11,5635.0,262876
2021-05-05 09:20:12,5636.65,263434
2021-05-05 09:20:13,5635.0,263570
2021-05-05 09:20:14,5635.0,263891
2021-05-05 09:20:15,5636.0,264181
2021-05-05 09:20:16,5635.0,264565
2021-05-05 09:20:17,5635.05,264661
2021-05-05 09:20:18,5635.7,265021
2021-05-05 09:20:19,5636.0,265568
2021-05-05 09:20:20,5632.15,266832
2021-05-05 09:20:21,5630.0,267236
2021-05-05 09:20:22,5630.55,267773
2021-05-05 09:20:23,5626.1,268203
2021-05-05 09:20:24,5626.0,268538
2021-05-05 09:20:25,5624.65,269146
2021-05-05 09:20:26,5622.05,269185
2021-05-05 09:20:28,5619.05,270367
2021-05-05 09:20:29,5615.95,271185
2021-05-05 09:20:32,5616.35,274075
2021-05-05 09:20:33,5616.9,275218
2021-05-05 09:20:34,5621.45,276003
2021-05-05 09:20:35,5618.65,276507
2021-05-05 09:20:36,5622.05,277146
2021-05-05 09:20:38,5620.75,277560
2021-05-05 09:20:38,5618.65,277619
2021-05-05 09:20:39,5618.5,278552
2021-05-05 09:20:40,5620.05,279014
2021-05-05 09:20:41,5620.0,279479
2021-05-05 09:20:42,5620.05,279798
2021-05-05 09:20:43,5618.7,280039
2021-05-05 09:20:44,5618.4,280451
2021-05-05 09:20:46,5620.0,281234
2021-05-05 09:20:46,5618.5,281344
2021-05-05 09:20:47,5620.0,281483
2021-05-05 09:20:48,5618.9,281691
2021-05-05 09:20:49,5620.0,282231
2021-05-05 09:20:50,5621.95,282675
2021-05-05 09:20:51,5620.55,283051
2021-05-05 09:20:52,5619.75,283247
2021-05-05 09:20:53,5621.65,283400
2021-05-05 09:20:55,5623.6,285397
2021-05-05 09:20:56,5623.65,287540
2021-05-05 09:20:58,5622.0,287942
2021-05-05 09:20:59,5621.2,288300
2021-05-05 09:20:59,5620.95,288417
2021-05-05 09:21:00,5623.1,288791
2021-05-05 09:21:01,5622.75,288930
2021-05-05 09:21:02,5621.2,289331
2021-05-05 09:21:03,5621.0,289626
2021-05-05 09:21:04,5620.65,291227
2021-05-05 09:21:05,5619.95,292228
2021-05-05 09:21:07,5617.2,294330
2021-05-05 09:21:07,5615.0,294398
2021-05-05 09:21:08,5613.05,295030
2021-05-05 09:21:09,5616.75,295814
2021-05-05 09:21:10,5616.75,297264
2021-05-05 09:21:11,5616.75,297780
2021-05-05 09:21:12,5616.75,298003
2021-05-05 09:21:14,5617.4,298330
2021-05-05 09:21:14,5616.75,298383
2021-05-05 09:21:15,5619.4,298770
2021-05-05 09:21:16,5616.7,298980
2021-05-05 09:21:17,5616.75,299265
2021-05-05 09:21:18,5618.7,299429
2021-05-05 09:21:19,5616.1,299779
2021-05-05 09:21:20,5619.7,300133
2021-05-05 09:21:22,5616.95,300516
2021-05-05 09:21:23,5616.95,300728
2021-05-05 09:21:24,5616.15,301111
2021-05-05 09:21:25,5616.1,301769
2021-05-05 09:21:27,5616.8,303414
2021-05-05 09:21:29,5616.0,303841
2021-05-05 09:21:29,5615.75,303878
2021-05-05 09:21:30,5613.65,304437
2021-05-05 09:21:31,5613.65,304545
2021-05-05 09:21:32,5613.1,304818
2021-05-05 09:21:33,5612.0,305438
2021-05-05 09:21:34,5611.1,305954
2021-05-05 09:21:35,5610.05,306183
2021-05-05 09:21:36,5610.0,306979
2021-05-05 09:21:37,5609.0,307393
2021-05-05 09:21:38,5608.0,307557
2021-05-05 09:21:39,5605.25,307789
2021-05-05 09:21:40,5605.0,308172
2021-05-05 09:21:41,5606.1,309110
2021-05-05 09:21:43,5606.1,309700
2021-05-05 09:21:44,5606.1,310057
2021-05-05 09:21:45,5603.95,310200
2021-05-05 09:21:46,5601.0,311850
2021-05-05 09:21:47,5601.0,312384
2021-05-05 09:21:47,5601.05,312351
2021-05-05 09:21:48,5600.05,312933
2021-05-05 09:21:49,5601.95,315406
2021-05-05 09:21:52,5600.05,319851
2021-05-05 09:21:53,5603.3,321476
2021-05-05 09:21:54,5600.0,325775
2021-05-05 09:21:56,5601.25,327268
2021-05-05 09:21:57,5602.0,328087
2021-05-05 09:21:58,5600.2,328593
2021-05-05 09:21:58,5598.45,328852
2021-05-05 09:21:59,5601.5,329365
2021-05-05 09:22:00,5598.45,330127
2021-05-05 09:22:01,5599.9,330696
2021-05-05 09:22:02,5597.05,331005
2021-05-05 09:22:03,5599.2,331378
2021-05-05 09:22:04,5599.95,331747
2021-05-05 09:22:05,5599.65,332734
2021-05-05 09:22:06,5599.3,332994
2021-05-05 09:22:07,5597.85,334549
2021-05-05 09:22:08,5595.7,334937
2021-05-05 09:22:09,5591.05,335917
2021-05-05 09:22:10,5589.3,336349
2021-05-05 09:22:11,5595.0,337927
2021-05-05 09:22:12,5593.35,338756
2021-05-05 09:22:13,5591.15,340682
2021-05-05 09:22:14,5588.05,341184
2021-05-05 09:22:15,5594.6,342478
2021-05-05 09:22:16,5596.65,343358
2021-05-05 09:22:17,5598.05,347494
2021-05-05 09:22:18,5596.45,349165
2021-05-05 09:22:19,5595.3,349467
2021-05-05 09:22:20,5597.05,351635
2021-05-05 09:22:21,5599.3,353160
2021-05-05 09:22:22,5606.95,354760
2021-05-05 09:22:24,5603.75,357847
2021-05-05 09:22:25,5600.0,358198
2021-05-05 09:22:26,5601.9,358854
2021-05-05 09:22:27,5601.0,359364
2021-05-05 09:22:28,5602.15,359752
2021-05-05 09:22:29,5600.1,360235
2021-05-05 09:22:30,5601.95,360959
2021-05-05 09:22:31,5602.2,361316
2021-05-05 09:22:32,5607.35,361878
2021-05-05 09:22:33,5609.2,362576
2021-05-05 09:22:34,5611.1,364503
2021-05-05 09:22:35,5612.0,366049
2021-05-05 09:22:36,5611.35,366889
2021-05-05 09:22:44,5600.65,372623
2021-05-05 09:22:46,5602.0,373863
2021-05-05 09:22:47,5600.0,374164
2021-05-05 09:22:48,5601.6,374854
2021-05-05 09:22:49,5600.0,375020
2021-05-05 09:22:50,5601.6,375240
2021-05-05 09:22:51,5600.0,375470
2021-05-05 09:22:52,5599.2,375825
2021-05-05 09:22:53,5600.15,376229
2021-05-05 09:22:53,5600.15,376194
2021-05-05 09:22:54,5600.0,376596
2021-05-05 09:22:55,5601.95,376888
2021-05-05 09:22:56,5601.95,377182
2021-05-05 09:22:57,5599.0,377303
2021-05-05 09:22:58,5599.55,377825
2021-05-05 09:22:59,5598.95,378572
2021-05-05 09:23:00,5600.15,378769
2021-05-05 09:23:01,5599.3,379055
2021-05-05 09:23:02,5600.0,379129
2021-05-05 09:23:03,5600.0,379396
2021-05-05 09:23:04,5598.0,379644
2021-05-05 09:23:05,5597.0,379879
2021-05-05 09:23:06,5599.0,380091
2021-05-05 09:23:07,5597.2,380586
2021-05-05 09:23:08,5597.2,380812
2021-05-05 09:23:09,5598.95,381072
2021-05-05 09:23:10,5598.0,383316
2021-05-05 09:23:11,5597.05,383682
2021-05-05 09:23:12,5598.0,383863
2021-05-05 09:23:13,5594.95,385044
2021-05-05 09:23:14,5594.95,385455
2021-05-05 09:23:15,5598.05,386058
2021-05-05 09:23:16,5595.05,386133
2021-05-05 09:23:17,5596.0,386398
2021-05-05 09:23:18,5598.05,386475
2021-05-05 09:23:19,5596.1,386573
2021-05-05 09:23:20,5597.3,386877
2021-05-05 09:23:21,5597.15,387159
2021-05-05 09:23:22,5596.55,387599
2021-05-05 09:23:23,5595.2,388115
2021-05-05 09:23:24,5598.0,388267
2021-05-05 09:23:25,5598.1,388647
2021-05-05 09:23:26,5601.6,390052
2021-05-05 09:23:27,5609.45,392522
2021-05-05 09:23:28,5606.45,393316
2021-05-05 09:23:29,5610.0,394282
2021-05-05 09:23:30,5608.2,394495
2021-05-05 09:23:31,5608.75,394864
2021-05-05 09:23:32,5607.5,395266
2021-05-05 09:23:33,5605.9,395321
2021-05-05 09:23:34,5606.65,395761
2021-05-05 09:23:35,5606.65,395810
2021-05-05 09:23:36,5606.65,396008
2021-05-05 09:23:37,5606.65,396211
2021-05-05 09:23:38,5608.75,396331
2021-05-05 09:23:39,5610.75,396736
2021-05-05 09:23:40,5611.85,397315
2021-05-05 09:23:41,5612.35,398034
2021-05-05 09:23:43,5613.0,398421
2021-05-05 09:23:44,5611.85,398758
2021-05-05 09:23:44,5611.95,398802
2021-05-05 09:23:45,5614.5,399094
2021-05-05 09:23:46,5611.85,399353
2021-05-05 09:23:47,5613.4,399911
2021-05-05 09:23:48,5613.0,400278
2021-05-05 09:23:49,5611.55,400422
2021-05-05 09:23:51,5613.0,400956
2021-05-05 09:23:52,5612.25,401056
2021-05-05 09:23:53,5616.0,402488
2021-05-05 09:23:54,5614.35,402678
2021-05-05 09:23:55,5613.6,402751
2021-05-05 09:23:56,5616.0,403006
2021-05-05 09:23:57,5613.4,403074
2021-05-05 09:23:58,5615.0,403395
2021-05-05 09:23:59,5615.0,403837
2021-05-05 09:24:00,5612.55,405396
2021-05-05 09:24:01,5611.55,405613
2021-05-05 09:24:02,5608.65,406123
2021-05-05 09:24:03,5604.85,406518
2021-05-05 09:24:04,5608.65,407354
2021-05-05 09:24:05,5606.95,407926
2021-05-05 09:24:06,5606.3,408248
2021-05-05 09:24:08,5603.45,408800
2021-05-05 09:24:09,5605.0,408990
2021-05-05 09:24:10,5604.6,409707
2021-05-05 09:24:11,5603.65,409880
2021-05-05 09:24:12,5604.75,410058
2021-05-05 09:24:13,5604.75,410186
2021-05-05 09:24:14,5601.2,410248
2021-05-05 09:24:15,5602.25,410562
2021-05-05 09:24:16,5603.75,411289
2021-05-05 09:24:18,5602.9,411599
2021-05-05 09:24:19,5602.8,411702
2021-05-05 09:24:23,5600.0,413009
2021-05-05 09:24:25,5600.0,413764
2021-05-05 09:24:26,5598.0,413818
2021-05-05 09:24:27,5600.3,414023
2021-05-05 09:24:28,5600.1,414123
2021-05-05 09:24:30,5598.55,414451
2021-05-05 09:24:31,5598.25,414531
2021-05-05 09:24:32,5600.0,414599
2021-05-05 09:24:33,5598.35,414669
2021-05-05 09:24:34,5599.2,414714
2021-05-05 09:24:35,5600.0,414857
2021-05-05 09:24:37,5599.95,414965
2021-05-05 09:24:38,5599.8,415353
2021-05-05 09:24:38,5599.95,415356
2021-05-05 09:24:39,5599.2,415488
2021-05-05 09:24:40,5601.3,416680
2021-05-05 09:24:41,5601.1,416737
2021-05-05 09:24:42,5600.55,416796
2021-05-05 09:24:44,5602.4,417655
2021-05-05 09:24:45,5602.0,418272
2021-05-05 09:24:45,5600.2,418304
2021-05-05 09:24:46,5604.4,419445
2021-05-05 09:24:47,5602.95,419734
2021-05-05 09:24:48,5603.1,419761
2021-05-05 09:24:49,5603.0,421259
2021-05-05 09:24:50,5601.85,421376
2021-05-05 09:24:51,5601.3,421536
2021-05-05 09:24:52,5601.65,422789
2021-05-05 09:24:53,5601.05,423092
2021-05-05 09:24:54,5598.0,424657
2021-05-05 09:24:55,5596.0,426755
2021-05-05 09:24:57,5595.85,427405
2021-05-05 09:24:58,5595.85,427994
2021-05-05 09:24:59,5595.85,428652
2021-05-05 09:25:01,5595.85,428952
2021-05-05 09:25:02,5593.7,429059
2021-05-05 09:25:03,5596.3,429344
2021-05-05 09:25:04,5595.0,429611
2021-05-05 09:25:05,5595.0,429717
2021-05-05 09:25:06,5593.15,429800
2021-05-05 09:25:07,5597.15,430507
2021-05-05 09:25:08,5596.3,430644
2021-05-05 09:25:09,5597.05,430824
2021-05-05 09:25:10,5598.0,430898
2021-05-05 09:25:11,5600.0,431134
2021-05-05 09:25:12,5599.65,431319
2021-05-05 09:25:13,5600.75,431408
2021-05-05 09:25:14,5595.0,433166
2021-05-05 09:25:15,5595.0,433372
2021-05-05 09:25:16,5596.55,433805
2021-05-05 09:25:16,5596.55,433824
2021-05-05 09:25:17,5596.55,434069
2021-05-05 09:25:18,5596.1,434228
2021-05-05 09:25:20,5597.1,435050
2021-05-05 09:25:21,5598.05,435073
2021-05-05 09:25:24,5599.25,435549
2021-05-05 09:25:25,5596.75,435713
2021-05-05 09:25:26,5599.95,435972
2021-05-05 09:25:27,5599.9,436013
2021-05-05 09:25:28,5600.0,436138
2021-05-05 09:25:29,5598.9,436450
2021-05-05 09:25:30,5598.2,436734
2021-05-05 09:25:31,5601.65,438087
2021-05-05 09:25:32,5600.0,438194
2021-05-05 09:25:33,5600.4,438613
2021-05-05 09:25:34,5600.1,438694
2021-05-05 09:25:35,5603.0,439125
2021-05-05 09:25:36,5603.0,439610
2021-05-05 09:25:37,5603.0,440147
2021-05-05 09:25:38,5602.8,440331
2021-05-05 09:25:39,5600.3,440603
2021-05-05 09:25:40,5602.55,440870
2021-05-05 09:25:41,5600.0,440938
2021-05-05 09:25:42,5601.9,440987
2021-05-05 09:25:43,5601.85,441018
2021-05-05 09:25:44,5600.4,441238
2021-05-05 09:25:45,5600.4,441349
2021-05-05 09:25:46,5602.75,441633
2021-05-05 09:25:47,5598.9,442119
2021-05-05 09:25:48,5598.9,442151
2021-05-05 09:25:49,5598.45,442465
2021-05-05 09:25:50,5599.8,442500
2021-05-05 09:25:51,5596.0,442903
2021-05-05 09:25:52,5594.55,445213
2021-05-05 09:25:53,5594.05,445637
2021-05-05 09:25:54,5594.8,445769
2021-05-05 09:25:55,5593.95,446388
2021-05-05 09:25:56,5594.55,446761
2021-05-05 09:25:57,5592.95,447228
2021-05-05 09:25:58,5592.0,447502
2021-05-05 09:25:58,5592.95,447489
2021-05-05 09:25:59,5592.95,447751
2021-05-05 09:26:02,5592.0,447943
2021-05-05 09:26:03,5591.75,448327
2021-05-05 09:26:04,5591.0,448698
2021-05-05 09:26:05,5590.8,448964
2021-05-05 09:26:06,5590.0,454633
2021-05-05 09:26:07,5589.0,455253
2021-05-05 09:26:08,5589.05,455659
2021-05-05 09:26:09,5584.55,457381
2021-05-05 09:26:10,5582.8,457790
2021-05-05 09:26:11,5582.15,458459
2021-05-05 09:26:12,5580.3,459673
2021-05-05 09:26:13,5584.55,460446
2021-05-05 09:26:14,5582.4,461666
2021-05-05 09:26:15,5582.4,461905
2021-05-05 09:26:16,5580.65,462574
2021-05-05 09:26:18,5582.0,462877
2021-05-05 09:26:19,5581.55,463854
2021-05-05 09:26:20,5582.05,464442
2021-05-05 09:26:22,5584.55,464803
2021-05-05 09:26:23,5582.4,464907
2021-05-05 09:26:26,5583.75,465436
2021-05-05 09:26:27,5580.65,465748
2021-05-05 09:26:29,5580.0,468932
2021-05-05 09:26:30,5577.1,469639
2021-05-05 09:26:33,5581.4,471809
2021-05-05 09:26:34,5579.35,472231
2021-05-05 09:26:35,5574.0,472586
2021-05-05 09:26:37,5577.1,473861
2021-05-05 09:26:38,5576.4,474786
2021-05-05 09:26:39,5579.3,475791
2021-05-05 09:26:40,5579.45,476024
2021-05-05 09:26:42,5581.2,477520
2021-05-05 09:26:43,5577.4,478086
2021-05-05 09:26:44,5580.2,478636
2021-05-05 09:26:45,5579.45,478674
2021-05-05 09:26:46,5580.25,479284
2021-05-05 09:26:47,5583.3,479672
2021-05-05 09:26:48,5582.1,479935
2021-05-05 09:26:49,5582.9,481058
2021-05-05 09:26:51,5583.15,481217
2021-05-05 09:26:52,5586.2,482032
2021-05-05 09:26:53,5583.0,482395
2021-05-05 09:26:54,5592.0,484032
2021-05-05 09:26:55,5592.0,484278
2021-05-05 09:26:56,5588.2,484646
2021-05-05 09:26:57,5585.3,486030
2021-05-05 09:26:58,5585.05,486150
2021-05-05 09:26:58,5582.25,486208
2021-05-05 09:26:59,5583.05,486433
2021-05-05 09:27:01,5581.1,487441
2021-05-05 09:27:02,5581.7,487584
2021-05-05 09:27:03,5581.6,487755
2021-05-05 09:27:04,5579.8,487870
2021-05-05 09:27:05,5579.5,487931
2021-05-05 09:27:06,5582.0,488068
2021-05-05 09:27:07,5582.0,488338
2021-05-05 09:27:09,5580.85,488767
2021-05-05 09:27:10,5577.0,489527
2021-05-05 09:27:11,5579.05,489904
2021-05-05 09:27:12,5577.85,490285
2021-05-05 09:27:13,5579.5,490680
2021-05-05 09:27:14,5577.5,491137
2021-05-05 09:27:15,5582.0,491445
2021-05-05 09:27:16,5582.0,491878
2021-05-05 09:27:17,5582.0,492425
2021-05-05 09:27:18,5580.25,492696
2021-05-05 09:27:18,5578.85,492669
2021-05-05 09:27:19,5581.95,493103
2021-05-05 09:27:20,5583.1,493696
2021-05-05 09:27:21,5580.2,494217
2021-05-05 09:27:22,5581.35,494568
2021-05-05 09:27:23,5583.95,494668
2021-05-05 09:27:25,5583.0,495832
2021-05-05 09:27:26,5583.6,496539
2021-05-05 09:27:27,5582.0,496715
2021-05-05 09:27:28,5583.0,496727
2021-05-05 09:27:29,5582.85,496770
2021-05-05 09:27:30,5582.7,496993
2021-05-05 09:27:31,5582.0,497680
2021-05-05 09:27:32,5582.75,497849
2021-05-05 09:27:33,5580.3,498312
2021-05-05 09:27:34,5582.75,498431
2021-05-05 09:27:35,5582.3,498591
2021-05-05 09:27:36,5582.0,498751
2021-05-05 09:27:36,5582.45,498736
2021-05-05 09:27:37,5584.4,499287
2021-05-05 09:27:38,5585.0,500143
2021-05-05 09:27:39,5584.9,500751
2021-05-05 09:27:40,5582.05,500993
2021-05-05 09:27:41,5582.8,501272
2021-05-05 09:27:42,5583.6,501567
2021-05-05 09:27:43,5582.75,501994
2021-05-05 09:27:44,5582.9,502197
2021-05-05 09:27:45,5586.95,504627
2021-05-05 09:27:46,5588.9,504676
2021-05-05 09:27:47,5586.45,504844
2021-05-05 09:27:48,5588.05,505081
2021-05-05 09:27:49,5586.25,505863
2021-05-05 09:27:50,5587.0,506078
2021-05-05 09:27:52,5587.0,506886
2021-05-05 09:27:53,5589.0,507446
2021-05-05 09:27:55,5590.0,508110
2021-05-05 09:27:56,5590.0,508280
2021-05-05 09:27:57,5592.0,508603
2021-05-05 09:27:58,5590.25,508984
2021-05-05 09:27:59,5594.0,509446
2021-05-05 09:28:00,5591.55,509567
2021-05-05 09:28:01,5595.6,510453
2021-05-05 09:28:02,5595.65,510654
2021-05-05 09:28:03,5595.0,510911
2021-05-05 09:28:04,5597.65,511181
2021-05-05 09:28:05,5594.45,513504
2021-05-05 09:28:06,5593.55,513689
2021-05-05 09:28:07,5593.5,513740
2021-05-05 09:28:08,5593.5,513793
2021-05-05 09:28:08,5593.95,513863
2021-05-05 09:28:09,5590.8,515495
2021-05-05 09:28:10,5590.05,515604
2021-05-05 09:28:12,5590.0,515950
2021-05-05 09:28:14,5592.4,516766
2021-05-05 09:28:15,5592.25,516813
2021-05-05 09:28:17,5592.55,516989
2021-05-05 09:28:18,5593.5,517171
2021-05-05 09:28:19,5593.85,518159
2021-05-05 09:28:20,5595.25,518289
2021-05-05 09:28:21,5595.0,518640
2021-05-05 09:28:22,5597.0,518877
2021-05-05 09:28:23,5597.0,519095
2021-05-05 09:28:24,5596.8,519516
2021-05-05 09:28:25,5598.0,519761
2021-05-05 09:28:26,5596.85,520002
2021-05-05 09:28:27,5598.35,520249
2021-05-05 09:28:28,5598.0,520324
2021-05-05 09:28:29,5598.05,520344
2021-05-05 09:28:30,5597.05,520446
2021-05-05 09:28:31,5598.05,520613
2021-05-05 09:28:32,5598.0,521182
2021-05-05 09:28:33,5597.35,521299
2021-05-05 09:28:34,5598.05,521685
2021-05-05 09:28:35,5599.0,521865
2021-05-05 09:28:36,5603.0,523711
2021-05-05 09:28:37,5602.5,524867
2021-05-05 09:28:38,5601.7,524949
2021-05-05 09:28:39,5602.7,525215
2021-05-05 09:28:40,5598.05,527392
2021-05-05 09:28:41,5596.35,527994
2021-05-05 09:28:42,5593.85,528175
2021-05-05 09:28:43,5595.05,529461
2021-05-05 09:28:44,5593.3,529575
2021-05-05 09:28:45,5593.3,529638
2021-05-05 09:28:46,5594.6,530143
2021-05-05 09:28:47,5594.5,530329
2021-05-05 09:28:48,5594.55,530415
2021-05-05 09:28:49,5594.15,530451
2021-05-05 09:28:50,5594.15,530456
2021-05-05 09:28:51,5595.65,530974
2021-05-05 09:28:52,5593.15,530993
2021-05-05 09:28:53,5594.15,531057
2021-05-05 09:28:54,5595.0,532244
2021-05-05 09:28:54,5595.0,532244
2021-05-05 09:28:55,5595.0,532395
2021-05-05 09:28:56,5593.4,532592
2021-05-05 09:28:57,5591.95,533135
2021-05-05 09:28:58,5590.2,533431
2021-05-05 09:29:00,5590.35,533794
2021-05-05 09:29:01,5593.1,533845
2021-05-05 09:29:02,5593.4,533953
2021-05-05 09:29:03,5590.5,534219
2021-05-05 09:29:04,5592.0,534329
2021-05-05 09:29:05,5588.9,536442
2021-05-05 09:29:06,5588.1,536579
2021-05-05 09:29:07,5589.95,536672
2021-05-05 09:29:08,5587.2,536734
2021-05-05 09:29:09,5587.2,536891
2021-05-05 09:29:10,5589.9,537035
2021-05-05 09:29:11,5590.0,537157
2021-05-05 09:29:12,5586.85,537273
2021-05-05 09:29:13,5586.95,537388
2021-05-05 09:29:14,5586.75,537452
2021-05-05 09:29:15,5586.6,537538
2021-05-05 09:29:16,5586.6,537573
2021-05-05 09:29:18,5587.0,538282
2021-05-05 09:29:19,5585.05,538312
2021-05-05 09:29:20,5585.5,538617
2021-05-05 09:29:21,5584.1,538785
2021-05-05 09:29:22,5585.0,538959
2021-05-05 09:29:23,5582.75,539321
2021-05-05 09:29:24,5583.6,539445
2021-05-05 09:29:25,5584.05,539630
2021-05-05 09:29:26,5586.6,539766
2021-05-05 09:29:27,5586.85,539823
2021-05-05 09:29:28,5584.15,539935
2021-05-05 09:29:29,5584.8,539949
2021-05-05 09:29:30,5586.5,540225
2021-05-05 09:29:31,5585.55,540360
2021-05-05 09:29:32,5587.05,540416
2021-05-05 09:29:33,5586.6,540989
2021-05-05 09:29:34,5584.4,541240
2021-05-05 09:29:35,5586.6,541349
2021-05-05 09:29:36,5585.05,541452
2021-05-05 09:29:37,5586.7,541573
2021-05-05 09:29:38,5586.85,541632
2021-05-05 09:29:39,5585.0,541703
2021-05-05 09:29:40,5585.0,541787
2021-05-05 09:29:41,5585.0,541799
2021-05-05 09:29:42,5585.0,541799
2021-05-05 09:29:43,5586.55,542029
2021-05-05 09:29:44,5586.35,542068
2021-05-05 09:29:45,5586.35,542346
2021-05-05 09:29:46,5586.35,542522
2021-05-05 09:29:47,5588.8,542749
2021-05-05 09:29:48,5586.6,542769
2021-05-05 09:29:49,5585.15,542841
2021-05-05 09:29:50,5587.35,542997
2021-05-05 09:29:51,5585.0,543465
2021-05-05 09:29:52,5584.4,543961
2021-05-05 09:29:53,5584.65,544206
2021-05-05 09:29:57,5583.65,545877
2021-05-05 09:29:58,5585.8,545915
2021-05-05 09:29:59,5582.3,546270
2021-05-05 09:30:00,5585.6,546567
2021-05-05 09:30:01,5587.85,546591
2021-05-05 09:30:02,5587.4,546683
2021-05-05 09:30:03,5583.2,546742
2021-05-05 09:30:04,5585.85,547298
2021-05-05 09:30:05,5585.85,547314
2021-05-05 09:30:06,5584.55,547328
2021-05-05 09:30:07,5584.55,547364
2021-05-05 09:30:08,5590.9,548343
2021-05-05 09:30:09,5591.0,548986
2021-05-05 09:30:10,5590.3,549704
2021-05-05 09:30:11,5589.8,549903
2021-05-05 09:30:12,5595.05,550667
2021-05-05 09:30:13,5591.8,550864
2021-05-05 09:30:14,5591.3,551380
2021-05-05 09:30:15,5590.25,551515
2021-05-05 09:30:16,5589.65,551638
2021-05-05 09:30:17,5593.4,551949
2021-05-05 09:30:18,5591.7,552001
2021-05-05 09:30:19,5590.4,552369
2021-05-05 09:30:20,5590.65,552775
2021-05-05 09:30:21,5589.0,553156
2021-05-05 09:30:22,5589.55,553255
2021-05-05 09:30:23,5590.0,553748
2021-05-05 09:30:24,5590.4,553877
2021-05-05 09:30:25,5589.9,554284
2021-05-05 09:30:26,5589.7,554360
2021-05-05 09:30:27,5592.3,554864
2021-05-05 09:30:28,5589.2,554915
2021-05-05 09:30:29,5590.15,555047
2021-05-05 09:30:30,5589.0,555132
2021-05-05 09:30:31,5589.0,555342
2021-05-05 09:30:32,5589.0,555399
2021-05-05 09:30:33,5590.1,555852
2021-05-05 09:30:34,5588.3,555969
2021-05-05 09:30:35,5590.0,556294
2021-05-05 09:30:36,5587.7,556347
2021-05-05 09:30:37,5587.0,556376
2021-05-05 09:30:38,5587.4,556591
2021-05-05 09:30:39,5586.45,556904
2021-05-05 09:30:40,5584.05,558508
2021-05-05 09:30:41,5583.1,558867
2021-05-05 09:30:42,5583.1,559034
2021-05-05 09:30:43,5584.0,559300
2021-05-05 09:30:44,5583.0,559452
2021-05-05 09:30:45,5584.95,560431
2021-05-05 09:30:46,5583.0,560646
2021-05-05 09:30:47,5583.1,560674
2021-05-05 09:30:48,5586.0,560877
2021-05-05 09:30:49,5583.4,561049
2021-05-05 09:30:50,5582.1,561166
2021-05-05 09:30:51,5578.15,564950
2021-05-05 09:30:52,5584.05,567406
2021-05-05 09:30:53,5584.75,567671
2021-05-05 09:30:54,5583.95,567695
2021-05-05 09:30:55,5580.45,567990
2021-05-05 09:30:57,5580.2,569022
2021-05-05 09:30:58,5580.2,569154
2021-05-05 09:30:59,5579.55,569872
2021-05-05 09:31:00,5578.9,570114
2021-05-05 09:31:01,5580.1,570318
2021-05-05 09:31:02,5578.0,570403
2021-05-05 09:31:03,5580.0,570682
2021-05-05 09:31:04,5577.5,570960
2021-05-05 09:31:05,5577.3,571007
2021-05-05 09:31:06,5577.65,571473
2021-05-05 09:31:07,5577.55,572182
2021-05-05 09:31:08,5577.55,572267
2021-05-05 09:31:09,5580.9,572978
2021-05-05 09:31:10,5580.0,573416
2021-05-05 09:31:11,5578.65,573823
2021-05-05 09:31:12,5579.95,574213
2021-05-05 09:31:13,5582.35,574285
2021-05-05 09:31:14,5579.55,574368
2021-05-05 09:31:15,5581.0,574428
2021-05-05 09:31:16,5580.25,574514
2021-05-05 09:31:17,5580.05,574801
2021-05-05 09:31:18,5580.25,574995
2021-05-05 09:31:19,5580.25,575348
2021-05-05 09:31:20,5578.0,575540
2021-05-05 09:31:21,5579.55,575718
2021-05-05 09:31:22,5578.0,576117
2021-05-05 09:31:23,5579.6,576310
2021-05-05 09:31:24,5578.0,576346
2021-05-05 09:31:25,5577.35,576613
2021-05-05 09:31:26,5579.1,577026
2021-05-05 09:31:27,5578.0,577104
2021-05-05 09:31:28,5577.15,577214
2021-05-05 09:31:29,5577.2,577420
2021-05-05 09:31:30,5577.4,577454
2021-05-05 09:31:31,5580.75,578275
2021-05-05 09:31:32,5578.0,578797
2021-05-05 09:31:33,5578.0,578858
2021-05-05 09:31:35,5581.9,579046
2021-05-05 09:31:36,5581.8,579103
2021-05-05 09:31:37,5580.2,579115
2021-05-05 09:31:38,5581.75,579171
2021-05-05 09:31:39,5581.7,579202
2021-05-05 09:31:40,5580.2,579293
2021-05-05 09:31:41,5582.15,581814
2021-05-05 09:31:42,5583.9,581898
2021-05-05 09:31:43,5584.95,582014
2021-05-05 09:31:44,5583.5,582039
2021-05-05 09:31:45,5582.3,582627
2021-05-05 09:31:47,5585.0,582995
2021-05-05 09:31:48,5583.8,583132
2021-05-05 09:31:49,5586.3,583432
2021-05-05 09:31:50,5586.5,583433
2021-05-05 09:31:51,5586.0,583549
2021-05-05 09:31:52,5588.0,583715
2021-05-05 09:31:53,5586.5,583945
2021-05-05 09:31:54,5588.0,584449
2021-05-05 09:31:55,5588.0,584563
2021-05-05 09:31:56,5586.15,584682
2021-05-05 09:31:57,5589.85,585486
2021-05-05 09:31:58,5587.3,585497
2021-05-05 09:31:59,5588.0,585755
2021-05-05 09:32:00,5589.35,585827
2021-05-05 09:32:01,5588.2,585971
2021-05-05 09:32:02,5587.0,586132
2021-05-05 09:32:03,5589.1,586188
2021-05-05 09:32:04,5587.0,586252
2021-05-05 09:32:05,5585.05,586364
2021-05-05 09:32:06,5587.8,586375
2021-05-05 09:32:07,5585.0,586492
2021-05-05 09:32:07,5587.8,586578
2021-05-05 09:32:11,5587.3,586754
2021-05-05 09:32:12,5585.2,586789
2021-05-05 09:32:14,5583.85,587393
2021-05-05 09:32:16,5583.6,587643
2021-05-05 09:32:17,5583.5,587698
2021-05-05 09:32:18,5583.5,587734
2021-05-05 09:32:19,5583.45,587759
2021-05-05 09:32:20,5583.35,587839
2021-05-05 09:32:22,5584.05,587967
2021-05-05 09:32:23,5585.0,588002
2021-05-05 09:32:24,5584.15,588088
2021-05-05 09:32:25,5586.45,588230
2021-05-05 09:32:26,5584.5,588299
2021-05-05 09:32:27,5584.6,588309
2021-05-05 09:32:28,5586.15,588570
2021-05-05 09:32:30,5586.15,588582
2021-05-05 09:32:30,5586.15,588582
2021-05-05 09:32:31,5586.45,588707
2021-05-05 09:32:32,5587.95,589268
2021-05-05 09:32:33,5589.3,590215
2021-05-05 09:32:34,5589.9,590246
2021-05-05 09:32:36,5589.8,590791
2021-05-05 09:32:36,5589.9,590792
2021-05-05 09:32:37,5589.9,590975
2021-05-05 09:32:38,5589.9,591156
2021-05-05 09:32:39,5588.05,591294
2021-05-05 09:32:40,5587.7,591338
2021-05-05 09:32:41,5590.45,592151
2021-05-05 09:32:42,5589.8,592213
2021-05-05 09:32:44,5588.1,592273
2021-05-05 09:32:44,5589.8,592294
2021-05-05 09:32:45,5588.1,592967
2021-05-05 09:32:47,5589.7,593191
2021-05-05 09:32:49,5589.65,593192
2021-05-05 09:32:49,5589.8,593236
2021-05-05 09:32:50,5588.85,593496
2021-05-05 09:32:51,5588.15,593745
2021-05-05 09:32:52,5588.2,593809
2021-05-05 09:32:53,5589.3,593825
2021-05-05 09:32:54,5588.15,593910
2021-05-05 09:32:55,5588.15,593951
2021-05-05 09:32:56,5589.0,594183
2021-05-05 09:32:57,5589.0,594304
2021-05-05 09:32:59,5589.75,594844
2021-05-05 09:32:59,5589.75,594844
2021-05-05 09:33:00,5589.0,594919
2021-05-05 09:33:01,5588.95,594967
2021-05-05 09:33:02,5588.85,594974
2021-05-05 09:33:03,5588.75,595392
2021-05-05 09:33:04,5588.85,595648
2021-05-05 09:33:05,5587.0,595885
2021-05-05 09:33:07,5590.0,596003
2021-05-05 09:33:07,5590.0,596003
2021-05-05 09:33:08,5590.0,596012
2021-05-05 09:33:09,5589.9,596083
2021-05-05 09:33:10,5588.6,596189
2021-05-05 09:33:11,5590.0,596211
2021-05-05 09:33:12,5587.7,596377
2021-05-05 09:33:13,5590.0,596507
2021-05-05 09:33:14,5588.0,597153
2021-05-05 09:33:15,5587.5,597360
2021-05-05 09:33:17,5588.0,597607
2021-05-05 09:33:18,5587.95,597642
2021-05-05 09:33:18,5588.8,597744
2021-05-05 09:33:19,5587.85,597870
2021-05-05 09:33:20,5587.8,598319
2021-05-05 09:33:22,5588.8,598934
2021-05-05 09:33:23,5587.5,598944
2021-05-05 09:33:24,5587.45,598994
2021-05-05 09:33:25,5588.0,599056
2021-05-05 09:33:26,5588.0,599086
2021-05-05 09:33:28,5587.0,599390
2021-05-05 09:33:29,5588.0,599477
2021-05-05 09:33:30,5588.0,599653
2021-05-05 09:33:30,5587.0,599987
2021-05-05 09:33:31,5585.4,600940
2021-05-05 09:33:32,5585.55,601126
2021-05-05 09:33:33,5583.85,601337
2021-05-05 09:33:34,5583.1,601425
2021-05-05 09:33:35,5584.95,606666
2021-05-05 09:33:36,5584.95,606694
2021-05-05 09:33:38,5587.2,606746
2021-05-05 09:33:40,5583.1,607352
2021-05-05 09:33:41,5584.55,607801
2021-05-05 09:33:42,5583.85,608332
2021-05-05 09:33:43,5581.3,608530
2021-05-05 09:33:44,5582.6,608652
2021-05-05 09:33:45,5582.6,608679
2021-05-05 09:33:46,5583.0,608710
2021-05-05 09:33:47,5581.1,608835
2021-05-05 09:33:47,5582.6,608863
2021-05-05 09:33:48,5583.0,609080
2021-05-05 09:33:49,5582.0,609115
2021-05-05 09:33:50,5583.0,609130
2021-05-05 09:33:51,5582.95,609303
2021-05-05 09:33:52,5582.4,609976
2021-05-05 09:33:53,5582.55,610039
2021-05-05 09:33:54,5583.3,610047
2021-05-05 09:33:56,5583.35,610089
2021-05-05 09:33:57,5584.65,610118
2021-05-05 09:34:02,5584.55,610259
2021-05-05 09:34:04,5582.95,610284
2021-05-05 09:34:05,5585.0,611259
2021-05-05 09:34:06,5582.95,611660
2021-05-05 09:34:07,5581.1,612133
2021-05-05 09:34:08,5575.1,615364
2021-05-05 09:34:10,5575.05,617960
2021-05-05 09:34:10,5575.6,617444
2021-05-05 09:34:12,5575.05,618117
2021-05-05 09:34:13,5575.0,618535
2021-05-05 09:34:14,5577.1,618614
2021-05-05 09:34:15,5575.0,618698
2021-05-05 09:34:16,5576.2,618885
2021-05-05 09:34:17,5575.15,620285
2021-05-05 09:34:19,5574.55,621013
2021-05-05 09:34:20,5578.35,621081
2021-05-05 09:34:21,5578.3,621594
2021-05-05 09:34:22,5580.55,621917
2021-05-05 09:34:23,5582.3,623175
2021-05-05 09:34:23,5582.3,623183
2021-05-05 09:34:24,5581.9,623663
2021-05-05 09:34:26,5585.0,624137
2021-05-05 09:34:27,5584.15,624300
2021-05-05 09:34:28,5583.1,624318
2021-05-05 09:34:29,5585.0,624434
2021-05-05 09:34:29,5585.0,624434
2021-05-05 09:34:30,5588.65,626265
2021-05-05 09:34:34,5587.4,627838
2021-05-05 09:34:35,5590.05,627923
2021-05-05 09:34:36,5589.75,629156
2021-05-05 09:34:37,5590.0,629761
2021-05-05 09:34:39,5589.8,630370
2021-05-05 09:34:40,5589.4,631386
2021-05-05 09:34:41,5587.75,631414
2021-05-05 09:34:42,5591.5,634433
2021-05-05 09:34:43,5593.5,634491
2021-05-05 09:34:44,5591.1,634559
2021-05-05 09:34:45,5591.15,634738
2021-05-05 09:34:46,5591.05,634796
2021-05-05 09:34:47,5590.65,635053
2021-05-05 09:34:47,5590.65,635036
2021-05-05 09:34:48,5592.6,635202
2021-05-05 09:34:49,5591.05,635438
2021-05-05 09:34:51,5590.6,635994
2021-05-05 09:34:52,5590.4,636118
2021-05-05 09:34:53,5591.0,636197
2021-05-05 09:34:54,5592.9,636258
2021-05-05 09:34:55,5591.95,636313
2021-05-05 09:34:57,5591.0,636383
2021-05-05 09:34:58,5592.6,636407
2021-05-05 09:34:59,5590.6,636458
2021-05-05 09:35:00,5590.65,636541
2021-05-05 09:35:01,5592.0,637037
2021-05-05 09:35:02,5592.0,637180
2021-05-05 09:35:03,5593.0,637439
2021-05-05 09:35:04,5593.4,637587
2021-05-05 09:35:05,5591.0,638050
2021-05-05 09:35:06,5593.9,638535
2021-05-05 09:35:08,5593.8,638776
2021-05-05 09:35:09,5591.75,639054
2021-05-05 09:35:11,5593.4,639193
2021-05-05 09:35:12,5594.3,639769
2021-05-05 09:35:12,5593.75,639870
2021-05-05 09:35:13,5593.0,640073
2021-05-05 09:35:14,5606.2,649292
2021-05-05 09:35:15,5609.75,649466
2021-05-05 09:35:16,5610.0,649627
2021-05-05 09:35:17,5610.0,650764
2021-05-05 09:35:18,5606.45,651536
2021-05-05 09:35:19,5607.65,652161
2021-05-05 09:35:20,5608.3,652371
2021-05-05 09:35:22,5608.9,652823
2021-05-05 09:35:22,5609.25,652872
2021-05-05 09:35:25,5610.0,653786
2021-05-05 09:35:26,5610.0,654100
2021-05-05 09:35:27,5612.0,655009
2021-05-05 09:35:28,5613.8,655099
2021-05-05 09:35:29,5613.5,655745
2021-05-05 09:35:30,5613.2,655967
2021-05-05 09:35:31,5611.85,656845
2021-05-05 09:35:32,5612.35,657333
2021-05-05 09:35:34,5609.4,658580
2021-05-05 09:35:35,5612.45,658752
2021-05-05 09:35:36,5612.0,658951
2021-05-05 09:35:37,5608.55,659245
2021-05-05 09:35:38,5609.2,659551
2021-05-05 09:35:38,5610.65,659661
2021-05-05 09:35:40,5606.3,660406
2021-05-05 09:35:41,5610.0,660802
2021-05-05 09:35:43,5607.0,661095
2021-05-05 09:35:45,5610.0,661716
2021-05-05 09:35:46,5609.8,662294
2021-05-05 09:35:47,5609.65,662355
2021-05-05 09:35:48,5607.55,662789
2021-05-05 09:35:49,5607.95,663011
2021-05-05 09:35:50,5609.95,663101
2021-05-05 09:35:51,5609.95,663334
2021-05-05 09:35:52,5606.95,663490
2021-05-05 09:35:53,5606.95,663640
2021-05-05 09:35:53,5606.2,663651
2021-05-05 09:35:54,5606.1,663795
2021-05-05 09:35:56,5607.0,663861
2021-05-05 09:35:57,5606.0,664281
2021-05-05 09:35:58,5606.05,664728
2021-05-05 09:35:59,5606.05,665036
2021-05-05 09:35:59,5608.0,664773
2021-05-05 09:36:00,5608.7,665118
2021-05-05 09:36:01,5609.85,665318
2021-05-05 09:36:02,5609.65,665438
2021-05-05 09:36:03,5610.0,665821
2021-05-05 09:36:05,5609.35,665913
2021-05-05 09:36:06,5609.35,665973
2021-05-05 09:36:07,5608.4,666514
2021-05-05 09:36:07,5609.9,666525
2021-05-05 09:36:08,5609.65,667479
2021-05-05 09:36:09,5610.6,667539
2021-05-05 09:36:11,5609.65,667811
2021-05-05 09:36:12,5612.3,668366
2021-05-05 09:36:13,5613.2,668407
2021-05-05 09:36:14,5615.0,669287
2021-05-05 09:36:14,5615.0,669287
2021-05-05 09:36:15,5613.6,669465
2021-05-05 09:36:16,5615.0,669889
2021-05-05 09:36:18,5615.0,670398
2021-05-05 09:36:20,5616.0,671159
2021-05-05 09:36:20,5616.0,671056
2021-05-05 09:36:21,5617.15,672284
2021-05-05 09:36:23,5615.35,672782
2021-05-05 09:36:24,5614.05,673562
2021-05-05 09:36:25,5619.25,674389
2021-05-05 09:36:26,5616.5,675279
2021-05-05 09:36:27,5615.0,675953
2021-05-05 09:36:28,5612.55,676362
2021-05-05 09:36:28,5612.9,676429
2021-05-05 09:36:29,5613.9,676818
2021-05-05 09:36:30,5616.25,677243
2021-05-05 09:36:31,5618.5,677547
2021-05-05 09:36:32,5618.95,677826
2021-05-05 09:36:34,5619.05,680800
2021-05-05 09:36:35,5620.45,681343
2021-05-05 09:36:36,5620.95,682225
2021-05-05 09:36:36,5620.95,682225
2021-05-05 09:36:37,5616.0,682661
2021-05-05 09:36:38,5619.0,683439
2021-05-05 09:36:39,5621.05,683940
2021-05-05 09:36:41,5624.95,685574
2021-05-05 09:36:42,5624.35,686609
2021-05-05 09:36:43,5623.85,686904
2021-05-05 09:36:44,5623.45,687451
2021-05-05 09:36:45,5624.85,687804
2021-05-05 09:36:46,5622.3,688266
2021-05-05 09:36:50,5625.0,689599
2021-05-05 09:36:50,5625.0,689528
2021-05-05 09:36:51,5623.9,689878
2021-05-05 09:36:52,5625.0,690132
2021-05-05 09:36:54,5624.1,690666
2021-05-05 09:36:56,5624.5,691488
2021-05-05 09:36:57,5625.0,691808
2021-05-05 09:36:57,5624.15,691883
2021-05-05 09:36:58,5624.7,692926
2021-05-05 09:36:59,5623.45,693655
2021-05-05 09:37:01,5625.25,694706
2021-05-05 09:37:02,5625.0,695006
2021-05-05 09:37:03,5628.0,695392
2021-05-05 09:37:04,5627.4,695875
2021-05-05 09:37:05,5628.1,696176
2021-05-05 09:37:06,5629.85,697697
2021-05-05 09:37:09,5628.95,699295
2021-05-05 09:37:12,5630.5,700939
2021-05-05 09:37:13,5627.8,701154
2021-05-05 09:37:14,5639.35,707440
2021-05-05 09:37:15,5636.15,708035
2021-05-05 09:37:16,5635.35,708577
2021-05-05 09:37:17,5632.3,710184
2021-05-05 09:37:17,5631.7,709356
2021-05-05 09:37:18,5631.85,710543
2021-05-05 09:37:19,5634.4,711131
2021-05-05 09:37:20,5632.05,711821
2021-05-05 09:37:21,5631.15,713275
2021-05-05 09:37:22,5634.25,713444
2021-05-05 09:37:23,5631.85,713679
2021-05-05 09:37:25,5634.35,714701
2021-05-05 09:37:26,5632.0,715003
2021-05-05 09:37:27,5634.85,715966
2021-05-05 09:37:29,5632.55,716144
2021-05-05 09:37:30,5632.2,716583
2021-05-05 09:37:31,5633.85,716965
2021-05-05 09:37:32,5634.0,717075
2021-05-05 09:37:33,5631.75,717515
2021-05-05 09:37:34,5634.9,717837
2021-05-05 09:37:35,5633.4,718892
2021-05-05 09:37:36,5633.8,719260
2021-05-05 09:37:37,5633.65,719663
2021-05-05 09:37:38,5632.3,720390
2021-05-05 09:37:38,5636.85,720848
2021-05-05 09:37:40,5638.0,722299
2021-05-05 09:37:41,5635.05,722611
2021-05-05 09:37:42,5640.75,725068
2021-05-05 09:37:43,5635.0,725775
2021-05-05 09:37:44,5639.0,726758
2021-05-05 09:37:44,5636.75,726906
2021-05-05 09:37:46,5639.0,727653
2021-05-05 09:37:47,5637.95,728282
2021-05-05 09:37:48,5637.45,728829
2021-05-05 09:37:49,5637.15,729803
2021-05-05 09:37:50,5636.85,729915
2021-05-05 09:37:51,5639.15,730559
2021-05-05 09:37:52,5637.0,730846
2021-05-05 09:37:53,5636.1,731240
2021-05-05 09:37:54,5638.9,731502
2021-05-05 09:37:55,5636.85,731674
2021-05-05 09:37:56,5643.45,732169
2021-05-05 09:37:56,5640.25,732294
2021-05-05 09:37:58,5637.3,732573
2021-05-05 09:37:59,5641.1,733102
2021-05-05 09:38:00,5640.1,734062
2021-05-05 09:38:01,5640.0,734697
2021-05-05 09:38:02,5642.95,735045
2021-05-05 09:38:03,5640.0,735250
2021-05-05 09:38:04,5639.7,735574
2021-05-05 09:38:05,5639.7,736063
2021-05-05 09:38:06,5640.0,736330
2021-05-05 09:38:07,5641.8,736437
2021-05-05 09:38:08,5642.85,736692
2021-05-05 09:38:09,5642.9,737475
2021-05-05 09:38:10,5644.0,737569
2021-05-05 09:38:11,5642.0,737920
2021-05-05 09:38:12,5645.0,738359
2021-05-05 09:38:13,5645.0,738772
2021-05-05 09:38:14,5646.8,738945
2021-05-05 09:38:14,5646.75,739003
2021-05-05 09:38:15,5644.0,739356
2021-05-05 09:38:16,5648.6,740678
2021-05-05 09:38:17,5645.0,741722
2021-05-05 09:38:18,5650.0,745156
2021-05-05 09:38:19,5647.4,745768
2021-05-05 09:38:20,5649.9,746473
2021-05-05 09:38:21,5648.05,746531
2021-05-05 09:38:24,5645.0,747937
2021-05-05 09:38:25,5646.7,749485
2021-05-05 09:38:26,5645.0,749829
2021-05-05 09:38:27,5644.0,750448
2021-05-05 09:38:28,5648.4,751157
2021-05-05 09:38:29,5648.75,751228
2021-05-05 09:38:30,5646.85,751575
2021-05-05 09:38:32,5645.05,752565
2021-05-05 09:38:33,5644.4,754212
2021-05-05 09:38:35,5642.5,756093
2021-05-05 09:38:36,5645.0,756547
2021-05-05 09:38:37,5641.85,757353
2021-05-05 09:38:38,5640.0,757645
2021-05-05 09:38:39,5642.65,757774
2021-05-05 09:38:40,5640.75,759298
2021-05-05 09:38:40,5641.65,759239
2021-05-05 09:38:41,5638.0,759724
2021-05-05 09:38:43,5639.8,760016
2021-05-05 09:38:44,5638.5,760236
2021-05-05 09:38:45,5639.8,760276
2021-05-05 09:38:46,5639.9,761074
2021-05-05 09:38:47,5638.0,761399
2021-05-05 09:38:48,5637.1,761647
2021-05-05 09:38:49,5638.0,761661
2021-05-05 09:38:50,5638.3,761781
2021-05-05 09:38:51,5638.3,761797
2021-05-05 09:38:52,5637.0,762402
2021-05-05 09:38:53,5638.1,762435
2021-05-05 09:38:54,5636.9,762648
2021-05-05 09:38:55,5638.0,762813
2021-05-05 09:38:56,5636.85,762998
2021-05-05 09:38:57,5636.1,763259
2021-05-05 09:38:58,5638.0,763781
2021-05-05 09:38:59,5638.0,764155
2021-05-05 09:39:00,5635.55,764280
2021-05-05 09:39:01,5635.45,764305
2021-05-05 09:39:02,5635.95,764548
2021-05-05 09:39:03,5634.0,765482
2021-05-05 09:39:03,5633.85,765638
2021-05-05 09:39:05,5635.5,765719
2021-05-05 09:39:06,5636.0,766368
2021-05-05 09:39:07,5635.25,766980
2021-05-05 09:39:08,5634.85,767634
2021-05-05 09:39:09,5636.75,767717
2021-05-05 09:39:10,5634.15,768069
2021-05-05 09:39:11,5634.0,768181
2021-05-05 09:39:12,5635.7,768630
2021-05-05 09:39:13,5633.95,768864
2021-05-05 09:39:14,5633.15,768913
2021-05-05 09:39:15,5634.35,769359
2021-05-05 09:39:16,5634.2,769488
2021-05-05 09:39:17,5633.3,769623
2021-05-05 09:39:18,5633.8,769768
2021-05-05 09:39:18,5633.15,769767
2021-05-05 09:39:20,5634.85,770015
2021-05-05 09:39:21,5632.85,770397
2021-05-05 09:39:22,5633.1,770524
2021-05-05 09:39:23,5633.0,770544
2021-05-05 09:39:24,5633.85,770653
2021-05-05 09:39:25,5633.95,770772
2021-05-05 09:39:26,5627.3,772686
2021-05-05 09:39:27,5631.95,773067
2021-05-05 09:39:28,5631.65,773440
2021-05-05 09:39:29,5630.0,773574
2021-05-05 09:39:30,5627.75,774392
2021-05-05 09:39:31,5629.25,775058
2021-05-05 09:39:32,5629.85,775255
2021-05-05 09:39:33,5627.9,775632
2021-05-05 09:39:34,5629.8,776359
2021-05-05 09:39:35,5627.85,776841
2021-05-05 09:39:36,5627.45,777150
2021-05-05 09:39:37,5627.05,777482
2021-05-05 09:39:38,5631.0,778726
2021-05-05 09:39:39,5628.6,778765
2021-05-05 09:39:39,5628.6,778765
2021-05-05 09:39:40,5629.6,778827
2021-05-05 09:39:43,5627.9,779481
2021-05-05 09:39:44,5627.25,779821
2021-05-05 09:39:45,5626.8,779858
2021-05-05 09:39:46,5628.75,779924
2021-05-05 09:39:47,5627.25,780077
2021-05-05 09:39:48,5630.0,780643
2021-05-05 09:39:49,5633.0,781457
2021-05-05 09:39:50,5630.25,781507
2021-05-05 09:39:51,5633.0,781595
2021-05-05 09:39:52,5630.25,781909
2021-05-05 09:39:54,5631.8,782058
2021-05-05 09:39:55,5629.2,782142
2021-05-05 09:39:56,5631.6,782231
2021-05-05 09:39:57,5631.55,782279
2021-05-05 09:39:58,5631.65,782441
2021-05-05 09:39:59,5630.0,782473
2021-05-05 09:40:00,5629.9,782846
2021-05-05 09:40:01,5630.55,783309
2021-05-05 09:40:02,5631.25,783465
2021-05-05 09:40:03,5628.55,783845
2021-05-05 09:40:04,5629.0,784022
2021-05-05 09:40:05,5629.0,784022
2021-05-05 09:40:07,5628.2,784229
2021-05-05 09:40:08,5632.9,784505
2021-05-05 09:40:09,5630.6,785017
2021-05-05 09:40:10,5630.05,785417
2021-05-05 09:40:11,5630.75,785557
2021-05-05 09:40:12,5632.95,785598
2021-05-05 09:40:13,5630.5,785679
2021-05-05 09:40:14,5630.65,785811
2021-05-05 09:40:16,5633.0,786152
2021-05-05 09:40:17,5634.95,786876
2021-05-05 09:40:19,5633.0,786973
2021-05-05 09:40:18,5635.0,786963
2021-05-05 09:40:20,5635.0,787328
2021-05-05 09:40:21,5634.1,787434
2021-05-05 09:40:22,5635.0,787633
2021-05-05 09:40:23,5637.4,788749
2021-05-05 09:40:24,5637.45,788770
2021-05-05 09:40:25,5638.0,789088
2021-05-05 09:40:26,5638.0,789154
2021-05-05 09:40:27,5638.0,789299
2021-05-05 09:40:28,5637.4,789349
2021-05-05 09:40:29,5637.45,789697
2021-05-05 09:40:30,5639.95,790119
2021-05-05 09:40:31,5639.95,790120
2021-05-05 09:40:32,5640.0,790254
2021-05-05 09:40:33,5638.0,790283
2021-05-05 09:40:34,5640.0,790331
2021-05-05 09:40:35,5639.3,790862
2021-05-05 09:40:36,5639.0,790932
2021-05-05 09:40:37,5641.0,791094
2021-05-05 09:40:38,5640.0,791224
2021-05-05 09:40:39,5640.0,791363
2021-05-05 09:40:40,5641.8,791944
2021-05-05 09:40:41,5640.0,791945
2021-05-05 09:40:42,5640.0,792222
2021-05-05 09:40:43,5639.0,792540
2021-05-05 09:40:44,5640.0,792656
2021-05-05 09:40:45,5636.3,792838
2021-05-05 09:40:46,5638.0,793518
2021-05-05 09:40:47,5638.0,793581
2021-05-05 09:40:48,5637.45,793855
2021-05-05 09:40:49,5634.65,795091
2021-05-05 09:40:50,5631.75,795766
2021-05-05 09:40:51,5628.75,797160
2021-05-05 09:40:52,5628.5,797296
2021-05-05 09:40:53,5628.0,797372
2021-05-05 09:40:54,5627.05,797597
2021-05-05 09:40:55,5625.65,797993
2021-05-05 09:40:56,5625.45,798013
2021-05-05 09:40:57,5625.85,798102
2021-05-05 09:40:58,5625.7,798234
2021-05-05 09:40:59,5625.3,798392
2021-05-05 09:41:00,5627.55,798586
2021-05-05 09:41:02,5627.1,798971
2021-05-05 09:41:03,5625.4,799166
2021-05-05 09:41:04,5627.45,799391
2021-05-05 09:41:05,5625.0,799516
2021-05-05 09:41:06,5625.2,799761
2021-05-05 09:41:07,5625.2,799816
2021-05-05 09:41:08,5625.2,799851
2021-05-05 09:41:09,5625.0,801730
2021-05-05 09:41:10,5624.0,802202
2021-05-05 09:41:12,5619.15,803962
2021-05-05 09:41:13,5619.15,803965
2021-05-05 09:41:14,5619.0,804165
2021-05-05 09:41:15,5620.2,804725
2021-05-05 09:41:16,5619.95,804943
2021-05-05 09:41:17,5617.25,806826
2021-05-05 09:41:18,5614.25,807011
2021-05-05 09:41:19,5616.2,807491
2021-05-05 09:41:20,5616.65,808745
2021-05-05 09:41:21,5612.95,809396
2021-05-05 09:41:22,5612.9,810438
2021-05-05 09:41:23,5613.5,810792
2021-05-05 09:41:24,5614.75,812273
2021-05-05 09:41:25,5618.9,812772
2021-05-05 09:41:26,5618.4,812962
2021-05-05 09:41:27,5615.9,813014
2021-05-05 09:41:28,5617.2,814152
2021-05-05 09:41:29,5616.4,814627
2021-05-05 09:41:30,5619.95,814678
2021-05-05 09:41:31,5619.95,814678
2021-05-05 09:41:32,5617.6,814679
2021-05-05 09:41:33,5619.0,814727
2021-05-05 09:41:34,5619.6,815032
2021-05-05 09:41:35,5618.4,815109
2021-05-05 09:41:36,5618.2,815439
2021-05-05 09:41:37,5618.15,815538
2021-05-05 09:41:38,5619.0,815674
2021-05-05 09:41:39,5617.25,815786
2021-05-05 09:41:40,5617.05,815871
2021-05-05 09:41:42,5619.0,816058
2021-05-05 09:41:43,5619.8,816089
2021-05-05 09:41:44,5618.0,816162
2021-05-05 09:41:46,5618.0,816217
2021-05-05 09:41:47,5618.4,816337
2021-05-05 09:41:48,5619.0,816344
2021-05-05 09:41:49,5617.05,816394
2021-05-05 09:41:50,5618.3,816569
2021-05-05 09:41:51,5618.3,816577
2021-05-05 09:41:52,5618.2,816683
2021-05-05 09:41:53,5616.65,816892
2021-05-05 09:41:54,5618.15,817003
2021-05-05 09:41:55,5615.25,817351
2021-05-05 09:41:56,5617.05,817409
2021-05-05 09:41:57,5615.25,817439
2021-05-05 09:41:58,5617.4,817504
2021-05-05 09:42:00,5615.25,817697
2021-05-05 09:42:01,5615.0,818130
2021-05-05 09:42:02,5616.85,818243
2021-05-05 09:42:03,5616.9,818269
2021-05-05 09:42:04,5614.0,818984
2021-05-05 09:42:06,5614.0,819138
2021-05-05 09:42:07,5614.0,819252
2021-05-05 09:42:08,5613.0,819341
2021-05-05 09:42:09,5612.6,819371
2021-05-05 09:42:10,5611.85,820352
2021-05-05 09:42:11,5611.85,820603
2021-05-05 09:42:12,5612.0,820650
2021-05-05 09:42:13,5612.6,820661
2021-05-05 09:42:15,5612.95,821291
2021-05-05 09:42:16,5613.8,821737
2021-05-05 09:42:17,5614.6,821933
2021-05-05 09:42:18,5611.05,822067
2021-05-05 09:42:19,5611.2,822107
2021-05-05 09:42:21,5614.8,822317
2021-05-05 09:42:21,5611.75,822377
2021-05-05 09:42:22,5614.3,822579
2021-05-05 09:42:23,5612.25,822677
2021-05-05 09:42:24,5612.1,822734
2021-05-05 09:42:26,5614.4,823071
2021-05-05 09:42:27,5612.15,823328
2021-05-05 09:42:28,5614.65,823393
2021-05-05 09:42:29,5616.25,824875
2021-05-05 09:42:31,5615.25,825662
2021-05-05 09:42:32,5615.0,825922
2021-05-05 09:42:33,5615.15,826334
2021-05-05 09:42:34,5615.25,826611
2021-05-05 09:42:36,5614.3,826959
2021-05-05 09:42:37,5617.1,827498
2021-05-05 09:42:37,5615.0,827681
2021-05-05 09:42:38,5615.0,827708
2021-05-05 09:42:39,5614.35,827751
2021-05-05 09:42:40,5616.45,827816
2021-05-05 09:42:41,5616.0,827884
2021-05-05 09:42:42,5614.15,827982
2021-05-05 09:42:43,5616.35,827983
2021-05-05 09:42:44,5615.0,828576
2021-05-05 09:42:45,5616.2,828659
2021-05-05 09:42:46,5614.45,828767
2021-05-05 09:42:47,5615.0,828810
2021-05-05 09:42:48,5614.0,828855
2021-05-05 09:42:49,5613.6,829037
2021-05-05 09:42:51,5611.85,829376
2021-05-05 09:42:52,5611.0,829483
2021-05-05 09:42:52,5611.0,829496
2021-05-05 09:42:53,5611.5,830229
2021-05-05 09:42:54,5611.5,830413
2021-05-05 09:42:55,5611.0,830754
2021-05-05 09:42:56,5610.5,830954
2021-05-05 09:42:58,5607.0,832889
2021-05-05 09:42:59,5606.7,833354
2021-05-05 09:43:00,5606.8,833438
2021-05-05 09:43:01,5609.0,833643
2021-05-05 09:43:02,5606.65,833716
2021-05-05 09:43:04,5608.9,833826
2021-05-05 09:43:04,5608.45,833840
2021-05-05 09:43:05,5609.95,834083
2021-05-05 09:43:06,5608.0,834160
2021-05-05 09:43:07,5606.65,834340
2021-05-05 09:43:08,5607.2,834415
2021-05-05 09:43:09,5606.0,834522
2021-05-05 09:43:11,5607.0,834708
2021-05-05 09:43:13,5609.05,835116
2021-05-05 09:43:13,5609.0,835134
2021-05-05 09:43:15,5609.0,835542
2021-05-05 09:43:16,5608.9,835762
2021-05-05 09:43:17,5611.45,835921
2021-05-05 09:43:18,5608.8,836095
2021-05-05 09:43:19,5611.4,836323
2021-05-05 09:43:20,5610.4,836354
2021-05-05 09:43:21,5612.8,836489
2021-05-05 09:43:23,5608.95,836614
2021-05-05 09:43:23,5611.25,836625
2021-05-05 09:43:24,5608.9,836820
2021-05-05 09:43:25,5609.95,837055
2021-05-05 09:43:26,5608.55,837394
2021-05-05 09:43:27,5608.55,837562
2021-05-05 09:43:28,5611.45,837711
2021-05-05 09:43:29,5610.35,837750
2021-05-05 09:43:31,5609.0,838083
2021-05-05 09:43:32,5611.5,838137
2021-05-05 09:43:32,5611.35,838178
2021-05-05 09:43:34,5609.25,838207
2021-05-05 09:43:34,5609.25,838207
2021-05-05 09:43:35,5608.1,838918
2021-05-05 09:43:36,5608.45,839553
2021-05-05 09:43:37,5607.65,839604
2021-05-05 09:43:38,5606.0,839790
2021-05-05 09:43:40,5606.75,840374
2021-05-05 09:43:41,5605.5,840436
2021-05-05 09:43:42,5604.85,841184
2021-05-05 09:43:43,5605.15,841505
2021-05-05 09:43:44,5608.45,843596
2021-05-05 09:43:45,5605.0,843753
2021-05-05 09:43:46,5606.15,843757
2021-05-05 09:43:47,5606.9,843928
2021-05-05 09:43:48,5606.1,843990
2021-05-05 09:43:50,5607.95,844028
2021-05-05 09:43:50,5607.95,844039
2021-05-05 09:43:51,5605.75,844141
2021-05-05 09:43:52,5606.15,844191
2021-05-05 09:43:55,5607.0,844392
2021-05-05 09:43:56,5606.9,844409
2021-05-05 09:43:57,5606.9,844417
2021-05-05 09:43:57,5606.15,844420
2021-05-05 09:43:58,5607.9,844560
2021-05-05 09:43:59,5606.1,844613
2021-05-05 09:44:01,5606.6,844637
2021-05-05 09:44:01,5606.6,844650
2021-05-05 09:44:02,5606.6,844659
2021-05-05 09:44:04,5607.0,845454
2021-05-05 09:44:05,5607.9,845592
2021-05-05 09:44:06,5605.0,845637
2021-05-05 09:44:08,5605.0,845792
2021-05-05 09:44:09,5605.0,845818
2021-05-05 09:44:10,5607.35,846030
2021-05-05 09:44:11,5607.0,846314
2021-05-05 09:44:11,5605.0,846333
2021-05-05 09:44:12,5607.45,846376
2021-05-05 09:44:13,5604.0,846483
2021-05-05 09:44:14,5604.4,846581
2021-05-05 09:44:15,5606.6,846844
2021-05-05 09:44:17,5608.0,846993
2021-05-05 09:44:18,5606.0,847153
2021-05-05 09:44:18,5605.3,847155
2021-05-05 09:44:19,5606.05,847166
2021-05-05 09:44:20,5607.0,847344
2021-05-05 09:44:21,5605.0,847365
2021-05-05 09:44:22,5605.0,847384
2021-05-05 09:44:23,5605.3,847391
2021-05-05 09:44:24,5608.4,847718
2021-05-05 09:44:25,5606.7,847792
2021-05-05 09:44:26,5607.8,847914
2021-05-05 09:44:27,5606.0,847949
2021-05-05 09:44:28,5607.0,848155
2021-05-05 09:44:30,5606.95,848227
2021-05-05 09:44:32,5604.0,849596
2021-05-05 09:44:33,5604.0,849678
2021-05-05 09:44:33,5606.1,850391
2021-05-05 09:44:35,5604.0,850599
2021-05-05 09:44:37,5605.3,850699
2021-05-05 09:44:38,5606.3,850770
2021-05-05 09:44:39,5605.95,850799
2021-05-05 09:44:40,5605.55,850851
2021-05-05 09:44:42,5602.75,851074
2021-05-05 09:44:42,5602.65,851079
2021-05-05 09:44:43,5605.0,851160
2021-05-05 09:44:44,5603.85,851183
2021-05-05 09:44:45,5604.35,851545
2021-05-05 09:44:46,5604.0,851640
2021-05-05 09:44:47,5606.0,851729
2021-05-05 09:44:48,5603.0,852284
2021-05-05 09:44:50,5605.0,852518
2021-05-05 09:44:51,5602.35,852547
2021-05-05 09:44:52,5605.0,852563
2021-05-05 09:44:53,5603.0,852599
2021-05-05 09:44:54,5603.0,852606
2021-05-05 09:44:56,5605.0,853017
2021-05-05 09:44:56,5608.5,855308
2021-05-05 09:44:57,5607.1,855683
2021-05-05 09:44:58,5606.75,855830
2021-05-05 09:44:59,5606.65,855984
2021-05-05 09:45:00,5604.5,856028
2021-05-05 09:45:01,5604.3,856078
2021-05-05 09:45:02,5603.9,856159
2021-05-05 09:45:03,5604.0,856201
2021-05-05 09:45:04,5603.1,856482
2021-05-05 09:45:05,5605.25,857120
2021-05-05 09:45:06,5605.0,857194
2021-05-05 09:45:07,5605.0,857278
2021-05-05 09:45:08,5602.65,857690
2021-05-05 09:45:09,5602.1,857744
2021-05-05 09:45:10,5602.05,857872
2021-05-05 09:45:11,5604.0,858009
2021-05-05 09:45:13,5602.65,858336
2021-05-05 09:45:15,5601.95,858614
2021-05-05 09:45:16,5602.95,858735
2021-05-05 09:45:17,5602.7,858746
2021-05-05 09:45:18,5602.65,858797
2021-05-05 09:45:19,5604.0,858870
2021-05-05 09:45:20,5602.0,858936
2021-05-05 09:45:21,5602.0,858956
2021-05-05 09:45:22,5602.0,859000
2021-05-05 09:45:23,5602.0,859074
2021-05-05 09:45:24,5601.6,859124
2021-05-05 09:45:25,5601.1,859211
2021-05-05 09:45:27,5602.0,859220
2021-05-05 09:45:28,5600.1,862800
2021-05-05 09:45:28,5598.25,863175
2021-05-05 09:45:29,5596.55,864327
2021-05-05 09:45:30,5592.3,869598
2021-05-05 09:45:31,5592.3,869982
2021-05-05 09:45:32,5590.7,870950
2021-05-05 09:45:33,5592.8,871364
2021-05-05 09:45:34,5591.7,871630
2021-05-05 09:45:35,5598.95,871874
2021-05-05 09:45:36,5593.45,872166
2021-05-05 09:45:37,5592.8,872285
2021-05-05 09:45:38,5597.2,872569
2021-05-05 09:45:39,5596.35,872788
2021-05-05 09:45:40,5591.0,873002
2021-05-05 09:45:41,5593.0,873078
2021-05-05 09:45:42,5593.0,873145
2021-05-05 09:45:43,5591.0,873543
2021-05-05 09:45:44,5590.0,874655
2021-05-05 09:45:45,5590.0,874914
2021-05-05 09:45:47,5592.1,875160
2021-05-05 09:45:49,5592.0,875257
2021-05-05 09:45:50,5593.9,875511
2021-05-05 09:45:50,5594.05,875557
2021-05-05 09:45:51,5596.85,875617
2021-05-05 09:45:52,5592.45,876307
2021-05-05 09:45:53,5592.0,876359
2021-05-05 09:45:54,5595.0,876511
2021-05-05 09:45:55,5592.15,876616
2021-05-05 09:45:57,5592.0,876675
2021-05-05 09:45:58,5596.4,878161
2021-05-05 09:45:58,5593.9,878345
2021-05-05 09:46:00,5595.65,878509
2021-05-05 09:46:01,5593.9,878580
2021-05-05 09:46:02,5592.0,878814
2021-05-05 09:46:03,5592.05,879039
2021-05-05 09:46:05,5592.0,879071
2021-05-05 09:46:06,5592.0,879382
2021-05-05 09:46:06,5592.0,879433
2021-05-05 09:46:07,5591.8,880033
2021-05-05 09:46:08,5590.0,880767
2021-05-05 09:46:09,5590.95,880920
2021-05-05 09:46:10,5590.8,880981
2021-05-05 09:46:11,5586.9,882396
2021-05-05 09:46:12,5583.25,882882
2021-05-05 09:46:13,5587.3,883516
2021-05-05 09:46:16,5585.15,885449
2021-05-05 09:46:17,5588.35,885619
2021-05-05 09:46:18,5585.75,886100
2021-05-05 09:46:20,5582.2,886682
2021-05-05 09:46:21,5585.0,886984
2021-05-05 09:46:22,5587.35,888360
2021-05-05 09:46:23,5585.0,888953
2021-05-05 09:46:23,5585.0,888964
2021-05-05 09:46:24,5586.35,889751
2021-05-05 09:46:25,5587.3,890312
2021-05-05 09:46:26,5585.1,890623
2021-05-05 09:46:27,5585.6,891164
2021-05-05 09:46:28,5588.3,891654
2021-05-05 09:46:30,5588.8,892290
2021-05-05 09:46:31,5588.4,892420
2021-05-05 09:46:32,5592.75,895143
2021-05-05 09:46:32,5591.35,895171
2021-05-05 09:46:34,5595.65,895977
2021-05-05 09:46:35,5594.9,896327
2021-05-05 09:46:37,5594.75,896622
2021-05-05 09:46:38,5597.85,898402
2021-05-05 09:46:39,5595.9,898417
2021-05-05 09:46:40,5596.1,898479
2021-05-05 09:46:40,5596.1,898479
2021-05-05 09:46:41,5599.55,898633
2021-05-05 09:46:42,5596.1,898798
2021-05-05 09:46:44,5602.65,899136
2021-05-05 09:46:46,5600.3,899694
2021-05-05 09:46:46,5600.75,899906
2021-05-05 09:46:48,5598.0,900224
2021-05-05 09:46:49,5600.7,900307
2021-05-05 09:46:50,5600.65,900328
2021-05-05 09:46:51,5598.95,900481
2021-05-05 09:46:51,5598.9,900529
2021-05-05 09:46:52,5600.0,900589
2021-05-05 09:46:53,5600.75,900967
2021-05-05 09:46:54,5600.0,901237
2021-05-05 09:46:56,5600.75,901274
2021-05-05 09:46:57,5598.4,901327
2021-05-05 09:46:58,5600.0,901439
2021-05-05 09:47:00,5597.45,902659
2021-05-05 09:47:01,5595.6,903097
2021-05-05 09:47:02,5597.85,903140
2021-05-05 09:47:03,5597.35,903238
2021-05-05 09:47:04,5594.2,903378
2021-05-05 09:47:05,5596.95,903476
2021-05-05 09:47:06,5593.1,903513
2021-05-05 09:47:07,5594.55,903560
2021-05-05 09:47:08,5591.3,903812
2021-05-05 09:47:09,5593.9,903821
2021-05-05 09:47:10,5593.9,903821
2021-05-05 09:47:11,5591.7,903855
2021-05-05 09:47:12,5592.95,903936
2021-05-05 09:47:12,5593.05,903942
2021-05-05 09:47:14,5590.6,904073
2021-05-05 09:47:15,5590.6,904077
2021-05-05 09:47:16,5590.6,904181
2021-05-05 09:47:17,5591.35,904231
2021-05-05 09:47:18,5594.2,904243
2021-05-05 09:47:19,5594.85,904343
2021-05-05 09:47:20,5595.0,904398
2021-05-05 09:47:21,5594.75,904490
2021-05-05 09:47:22,5591.45,904580
2021-05-05 09:47:23,5592.0,904600
2021-05-05 09:47:23,5592.0,904611
2021-05-05 09:47:24,5593.55,904731
2021-05-05 09:47:25,5593.0,904748
2021-05-05 09:47:26,5593.7,904891
2021-05-05 09:47:28,5593.5,904959
2021-05-05 09:47:29,5591.05,905020
2021-05-05 09:47:30,5592.3,905082
2021-05-05 09:47:31,5593.05,905177
2021-05-05 09:47:32,5591.0,905870
2021-05-05 09:47:33,5591.45,906039
2021-05-05 09:47:34,5591.05,906447
2021-05-05 09:47:35,5591.05,906447
2021-05-05 09:47:37,5592.35,906572
2021-05-05 09:47:38,5590.0,907047
2021-05-05 09:47:39,5590.0,907611
2021-05-05 09:47:40,5590.0,907611
2021-05-05 09:47:41,5590.0,907788
2021-05-05 09:47:42,5591.0,907876
2021-05-05 09:47:43,5591.05,907903
2021-05-05 09:47:44,5590.0,907934
2021-05-05 09:47:45,5590.0,908065
2021-05-05 09:47:46,5591.6,908147
2021-05-05 09:47:48,5589.95,908724
2021-05-05 09:47:49,5589.95,908750
2021-05-05 09:47:50,5589.95,908750
2021-05-05 09:47:51,5589.0,908768
2021-05-05 09:47:51,5589.0,908768
2021-05-05 09:47:52,5589.0,908779
2021-05-05 09:47:53,5588.8,908822
2021-05-05 09:47:54,5592.0,909461
2021-05-05 09:47:55,5594.0,909641
2021-05-05 09:47:56,5593.0,909758
2021-05-05 09:47:57,5591.6,910283
2021-05-05 09:47:58,5591.65,910520
2021-05-05 09:48:00,5591.7,910843
2021-05-05 09:48:02,5595.0,911258
2021-05-05 09:48:03,5592.5,911518
2021-05-05 09:48:04,5594.95,911533
2021-05-05 09:48:05,5594.0,911567
2021-05-05 09:48:06,5594.0,911567
2021-05-05 09:48:07,5595.0,911572
2021-05-05 09:48:08,5599.0,912378
2021-05-05 09:48:09,5596.25,913864
2021-05-05 09:48:11,5600.0,914491
2021-05-05 09:48:12,5600.0,915431
2021-05-05 09:48:13,5600.0,915439
2021-05-05 09:48:14,5598.85,915732
2021-05-05 09:48:15,5598.75,915734
2021-05-05 09:48:16,5600.75,915914
2021-05-05 09:48:17,5600.75,915914
2021-05-05 09:48:18,5598.85,915974
2021-05-05 09:48:19,5600.0,915975
2021-05-05 09:48:20,5599.4,916036
2021-05-05 09:48:21,5598.45,916112
2021-05-05 09:48:22,5600.0,916210
2021-05-05 09:48:24,5600.0,916584
2021-05-05 09:48:25,5600.0,916589
2021-05-05 09:48:26,5598.85,916605
2021-05-05 09:48:26,5598.85,916605
2021-05-05 09:48:28,5599.9,916788
2021-05-05 09:48:29,5600.75,916917
2021-05-05 09:48:30,5595.0,920973
2021-05-05 09:48:31,5594.0,921043
2021-05-05 09:48:32,5593.9,921061
2021-05-05 09:48:33,5593.75,921101
2021-05-05 09:48:34,5593.7,921190
2021-05-05 09:48:34,5593.7,921189
2021-05-05 09:48:36,5588.1,923226
2021-05-05 09:48:38,5585.95,925222
2021-05-05 09:48:39,5587.05,925566
2021-05-05 09:48:40,5587.3,925731
2021-05-05 09:48:41,5585.15,925773
2021-05-05 09:48:42,5588.3,925779
2021-05-05 09:48:43,5585.8,925787
2021-05-05 09:48:44,5587.55,925848
2021-05-05 09:48:44,5588.45,925853
2021-05-05 09:48:45,5587.3,925876
2021-05-05 09:48:47,5586.9,926194
2021-05-05 09:48:48,5588.0,926394
2021-05-05 09:48:50,5587.3,926484
2021-05-05 09:48:51,5586.9,926649
2021-05-05 09:48:52,5586.9,926658
2021-05-05 09:48:53,5589.95,926663
2021-05-05 09:48:54,5587.05,927023
2021-05-05 09:48:55,5587.55,927077
2021-05-05 09:48:56,5587.45,927125
2021-05-05 09:48:57,5587.5,927162
2021-05-05 09:48:58,5587.65,927170
2021-05-05 09:48:59,5589.7,927349
2021-05-05 09:48:59,5587.6,927248
2021-05-05 09:49:00,5590.0,927420
2021-05-05 09:49:02,5590.0,927447
2021-05-05 09:49:03,5584.85,929975
2021-05-05 09:49:04,5584.0,930580
2021-05-05 09:49:05,5584.0,930585
2021-05-05 09:49:06,5584.4,930654
2021-05-05 09:49:07,5584.4,930713
2021-05-05 09:49:09,5584.0,930981
2021-05-05 09:49:10,5580.4,932396
2021-05-05 09:49:11,5580.4,932720
2021-05-05 09:49:12,5578.05,936983
2021-05-05 09:49:12,5579.1,937678
2021-05-05 09:49:14,5580.4,938506
2021-05-05 09:49:16,5583.55,939401
2021-05-05 09:49:17,5583.15,939619
2021-05-05 09:49:18,5587.6,940063
2021-05-05 09:49:19,5586.25,940067
2021-05-05 09:49:20,5588.0,940385
2021-05-05 09:49:21,5589.0,940405
2021-05-05 09:49:22,5589.05,940916
2021-05-05 09:49:22,5589.05,940916
2021-05-05 09:49:24,5589.05,941111
2021-05-05 09:49:25,5588.45,941503
2021-05-05 09:49:26,5585.55,942220
2021-05-05 09:49:27,5585.05,942970
2021-05-05 09:49:28,5584.95,943046
2021-05-05 09:49:29,5584.6,943221
2021-05-05 09:49:30,5585.2,943504
2021-05-05 09:49:30,5585.25,943519
2021-05-05 09:49:32,5585.9,943610
2021-05-05 09:49:33,5584.95,943754
2021-05-05 09:49:34,5584.9,943780
2021-05-05 09:49:35,5585.0,943945
2021-05-05 09:49:36,5584.55,943989
2021-05-05 09:49:37,5585.0,944073
2021-05-05 09:49:38,5584.05,944458
2021-05-05 09:49:39,5584.0,944474
2021-05-05 09:49:39,5585.0,944493
2021-05-05 09:49:41,5584.0,944522
2021-05-05 09:49:42,5584.0,944567
2021-05-05 09:49:43,5584.0,944620
2021-05-05 09:49:44,5584.55,944660
2021-05-05 09:49:44,5585.8,944729
2021-05-05 09:49:45,5584.55,944749
2021-05-05 09:49:47,5585.8,944798
2021-05-05 09:49:48,5584.55,944821
2021-05-05 09:49:49,5585.85,944843
2021-05-05 09:49:50,5585.85,945166
2021-05-05 09:49:51,5586.75,945655
2021-05-05 09:49:52,5586.85,945817
2021-05-05 09:49:53,5585.05,946135
2021-05-05 09:49:54,5586.8,946333
2021-05-05 09:49:54,5584.25,946342
2021-05-05 09:49:55,5584.25,946362
2021-05-05 09:49:57,5586.85,946381
2021-05-05 09:49:58,5584.5,946627
2021-05-05 09:49:59,5584.3,947117
2021-05-05 09:50:00,5584.45,947227
2021-05-05 09:50:01,5586.75,947407
2021-05-05 09:50:02,5583.0,947676
2021-05-05 09:50:03,5584.0,947854
2021-05-05 09:50:04,5585.2,948259
2021-05-05 09:50:05,5583.85,948478
2021-05-05 09:50:06,5586.5,948643
2021-05-05 09:50:07,5584.35,948674
2021-05-05 09:50:08,5587.05,948754
2021-05-05 09:50:09,5584.5,948765
2021-05-05 09:50:10,5585.25,948788
2021-05-05 09:50:11,5588.0,949074
2021-05-05 09:50:12,5587.85,949112
2021-05-05 09:50:13,5585.0,949560
2021-05-05 09:50:15,5588.0,949984
2021-05-05 09:50:16,5584.9,950451
2021-05-05 09:50:17,5587.8,950666
2021-05-05 09:50:18,5585.0,950719
2021-05-05 09:50:19,5584.65,950778
2021-05-05 09:50:20,5584.95,951087
2021-05-05 09:50:21,5586.35,951229
2021-05-05 09:50:22,5584.9,951719
2021-05-05 09:50:23,5584.0,951796
2021-05-05 09:50:24,5583.75,952149
2021-05-05 09:50:25,5582.2,952222
2021-05-05 09:50:26,5582.8,953900
2021-05-05 09:50:27,5582.45,954237
2021-05-05 09:50:28,5582.2,954286
2021-05-05 09:50:29,5583.0,954568
2021-05-05 09:50:30,5582.55,954856
2021-05-05 09:50:33,5580.35,955062
2021-05-05 09:50:34,5580.15,955215
2021-05-05 09:50:35,5580.0,955846
2021-05-05 09:50:36,5582.5,956055
2021-05-05 09:50:37,5582.5,956232
2021-05-05 09:50:38,5581.95,956262
2021-05-05 09:50:39,5579.65,956701
2021-05-05 09:50:40,5579.9,956726
2021-05-05 09:50:41,5580.15,956743
2021-05-05 09:50:42,5580.65,956786
2021-05-05 09:50:44,5582.0,956808
2021-05-05 09:50:43,5582.0,956808
2021-05-05 09:50:45,5582.0,956880
2021-05-05 09:50:46,5582.0,956976
2021-05-05 09:50:47,5581.15,957058
2021-05-05 09:50:48,5582.05,957070
2021-05-05 09:50:49,5581.95,957389
2021-05-05 09:50:51,5582.0,957562
2021-05-05 09:50:52,5581.0,957757
2021-05-05 09:50:53,5581.95,958040
2021-05-05 09:50:54,5581.0,958062
2021-05-05 09:50:55,5581.0,958143
2021-05-05 09:50:56,5581.15,958361
2021-05-05 09:50:57,5580.2,958378
2021-05-05 09:50:58,5581.15,958395
2021-05-05 09:51:00,5582.05,959765
2021-05-05 09:51:02,5582.9,960286
2021-05-05 09:51:03,5580.25,960313
2021-05-05 09:51:04,5581.15,960463
2021-05-05 09:51:05,5581.5,960483
2021-05-05 09:51:06,5582.0,960723
2021-05-05 09:51:07,5582.0,960785
2021-05-05 09:51:08,5583.2,960832
2021-05-05 09:51:09,5580.0,960888
2021-05-05 09:51:10,5582.0,960899
2021-05-05 09:51:11,5580.0,961045
2021-05-05 09:51:12,5581.75,961076
2021-05-05 09:51:13,5578.6,961480
2021-05-05 09:51:14,5579.85,961615
2021-05-05 09:51:15,5580.0,961654
2021-05-05 09:51:16,5581.3,961704
2021-05-05 09:51:17,5580.0,961731
2021-05-05 09:51:18,5579.95,961799
2021-05-05 09:51:19,5578.5,961820
2021-05-05 09:51:20,5578.0,961919
2021-05-05 09:51:21,5579.75,961929
2021-05-05 09:51:22,5578.5,962486
2021-05-05 09:51:23,5576.0,962930
2021-05-05 09:51:24,5575.65,963293
2021-05-05 09:51:25,5575.35,963439
2021-05-05 09:51:26,5575.0,963704
2021-05-05 09:51:27,5575.0,964307
2021-05-05 09:51:28,5566.2,975807
2021-05-05 09:51:29,5565.0,978805
2021-05-05 09:51:30,5564.75,979674
2021-05-05 09:51:31,5562.9,980063
2021-05-05 09:51:32,5567.5,981214
2021-05-05 09:51:33,5565.7,981968
2021-05-05 09:51:35,5568.05,982559
2021-05-05 09:51:36,5563.55,982852
2021-05-05 09:51:37,5568.3,983371
2021-05-05 09:51:38,5567.5,984012
2021-05-05 09:51:39,5565.0,984486
2021-05-05 09:51:40,5564.85,984634
2021-05-05 09:51:41,5565.2,985019
2021-05-05 09:51:42,5570.0,985308
2021-05-05 09:51:43,5566.8,985344
2021-05-05 09:51:44,5566.0,985437
2021-05-05 09:51:45,5566.0,985714
2021-05-05 09:51:46,5567.75,985958
2021-05-05 09:51:47,5567.9,986309
2021-05-05 09:51:48,5567.55,986593
2021-05-05 09:51:49,5567.5,986810
2021-05-05 09:51:50,5568.1,987055
2021-05-05 09:51:51,5567.95,987450
2021-05-05 09:51:52,5567.55,987882
2021-05-05 09:51:53,5570.0,988557
2021-05-05 09:51:54,5568.4,989310
2021-05-05 09:51:55,5572.0,989994
2021-05-05 09:51:56,5571.5,990382
2021-05-05 09:51:57,5572.25,992170
2021-05-05 09:51:59,5568.2,992732
2021-05-05 09:51:58,5570.0,992704
2021-05-05 09:52:01,5567.9,993685
2021-05-05 09:52:00,5569.35,993344
2021-05-05 09:52:02,5567.35,994075
2021-05-05 09:52:03,5565.15,994412
2021-05-05 09:52:04,5565.0,994646
2021-05-05 09:52:05,5565.0,995054
2021-05-05 09:52:07,5564.75,996189
2021-05-05 09:52:06,5564.85,996117
2021-05-05 09:52:08,5563.5,996375
2021-05-05 09:52:09,5563.0,996671
2021-05-05 09:52:11,5560.2,998583
2021-05-05 09:52:15,5557.0,1005530
2021-05-05 09:52:17,5557.55,1008274
2021-05-05 09:52:19,5557.95,1009166
2021-05-05 09:52:20,5560.0,1009579
2021-05-05 09:52:21,5563.35,1013139
2021-05-05 09:52:21,5563.4,1011583
2021-05-05 09:52:22,5563.85,1015137
2021-05-05 09:52:23,5562.15,1015528
2021-05-05 09:52:24,5563.1,1015835
2021-05-05 09:52:25,5563.75,1016009
2021-05-05 09:52:27,5561.25,1016369
2021-05-05 09:52:27,5563.0,1016329
2021-05-05 09:52:28,5561.05,1016704
2021-05-05 09:52:29,5560.5,1017008
2021-05-05 09:52:30,5563.35,1017707
2021-05-05 09:52:31,5567.25,1018757
2021-05-05 09:52:32,5570.0,1019687
2021-05-05 09:52:33,5567.4,1020280
2021-05-05 09:52:34,5568.7,1020548
2021-05-05 09:52:37,5570.0,1021092
2021-05-05 09:52:37,5570.0,1021089
2021-05-05 09:52:38,5571.9,1021457
2021-05-05 09:52:39,5572.0,1022154
2021-05-05 09:52:41,5572.05,1023819
2021-05-05 09:52:42,5574.05,1024148
2021-05-05 09:52:43,5572.0,1024217
2021-05-05 09:52:44,5573.85,1024403
2021-05-05 09:52:45,5573.9,1024630
2021-05-05 09:52:46,5574.0,1024695
2021-05-05 09:52:47,5576.8,1025635
2021-05-05 09:52:49,5573.8,1026086
2021-05-05 09:52:49,5574.05,1026133
2021-05-05 09:52:50,5574.95,1027669
2021-05-05 09:52:51,5573.05,1028440
2021-05-05 09:52:52,5573.85,1028538
2021-05-05 09:52:53,5572.0,1029534
2021-05-05 09:52:54,5565.0,1030289
2021-05-05 09:52:55,5565.0,1030560
2021-05-05 09:52:56,5565.0,1030956
2021-05-05 09:52:59,5565.0,1031241
2021-05-05 09:52:59,5563.0,1031246
2021-05-05 09:53:00,5565.15,1031357
2021-05-05 09:53:01,5563.1,1031398
2021-05-05 09:53:02,5565.8,1031797
2021-05-05 09:53:03,5564.25,1032708
2021-05-05 09:53:05,5559.75,1034235
2021-05-05 09:53:06,5559.65,1035101
2021-05-05 09:53:07,5562.65,1035306
2021-05-05 09:53:09,5559.6,1035668
2021-05-05 09:53:10,5559.2,1036177
2021-05-05 09:53:11,5558.65,1036937
2021-05-05 09:53:12,5558.05,1037384
2021-05-05 09:53:13,5555.7,1039742
2021-05-05 09:53:14,5559.0,1040678
2021-05-05 09:53:15,5557.15,1041180
2021-05-05 09:53:17,5556.1,1041373
2021-05-05 09:53:18,5555.4,1041917
2021-05-05 09:53:19,5558.75,1042095
2021-05-05 09:53:20,5558.15,1042397
2021-05-05 09:53:21,5556.35,1042676
2021-05-05 09:53:22,5559.95,1042852
2021-05-05 09:53:24,5556.8,1043491
2021-05-05 09:53:24,5556.5,1043555
2021-05-05 09:53:25,5555.75,1043771
2021-05-05 09:53:26,5558.0,1043926
2021-05-05 09:53:27,5558.0,1044120
2021-05-05 09:53:29,5555.85,1045265
2021-05-05 09:53:30,5559.8,1045589
2021-05-05 09:53:31,5557.25,1046069
2021-05-05 09:53:33,5559.6,1046261
2021-05-05 09:53:33,5556.8,1046230
2021-05-05 09:53:34,5557.25,1046466
2021-05-05 09:53:36,5559.45,1048712
2021-05-05 09:53:37,5558.25,1048898
2021-05-05 09:53:38,5559.15,1049252
2021-05-05 09:53:39,5558.15,1049318
2021-05-05 09:53:40,5558.85,1049700
2021-05-05 09:53:42,5559.15,1049907
2021-05-05 09:53:42,5559.8,1049824
2021-05-05 09:53:43,5558.15,1050229
2021-05-05 09:53:44,5556.5,1050933
2021-05-05 09:53:45,5555.3,1051241
2021-05-05 09:53:46,5556.5,1051346
2021-05-05 09:53:48,5555.35,1051389
2021-05-05 09:53:49,5556.25,1051886
2021-05-05 09:53:49,5555.0,1051803
2021-05-05 09:53:52,5557.0,1052908
2021-05-05 09:53:53,5558.0,1053129
2021-05-05 09:53:55,5560.0,1053534
2021-05-05 09:53:56,5558.15,1053778
2021-05-05 09:53:57,5560.0,1054099
2021-05-05 09:53:58,5560.0,1054379
2021-05-05 09:53:59,5560.0,1054538
2021-05-05 09:53:59,5558.0,1054563
2021-05-05 09:54:00,5559.6,1054852
2021-05-05 09:54:01,5558.0,1055089
2021-05-05 09:54:02,5557.65,1055697
2021-05-05 09:54:03,5557.75,1056006
2021-05-05 09:54:04,5559.8,1056138
2021-05-05 09:54:06,5558.0,1056214
2021-05-05 09:54:07,5559.55,1056263
2021-05-05 09:54:07,5557.65,1056269
2021-05-05 09:54:08,5560.0,1056697
2021-05-05 09:54:09,5557.0,1056861
2021-05-05 09:54:10,5557.15,1057323
2021-05-05 09:54:11,5559.65,1057505
2021-05-05 09:54:12,5559.7,1057717
2021-05-05 09:54:14,5558.0,1057822
2021-05-05 09:54:14,5560.0,1057942
2021-05-05 09:54:15,5559.0,1058178
2021-05-05 09:54:16,5559.0,1058285
2021-05-05 09:54:17,5558.1,1058330
2021-05-05 09:54:18,5560.0,1058500
2021-05-05 09:54:19,5560.0,1058574
2021-05-05 09:54:20,5560.0,1058758
2021-05-05 09:54:21,5560.0,1058870
2021-05-05 09:54:23,5561.0,1059191
2021-05-05 09:54:23,5558.65,1059311
2021-05-05 09:54:25,5561.0,1059873
2021-05-05 09:54:27,5560.0,1060002
2021-05-05 09:54:28,5558.0,1060302
2021-05-05 09:54:29,5558.0,1060680
2021-05-05 09:54:29,5558.0,1061107
2021-05-05 09:54:30,5556.9,1061318
2021-05-05 09:54:31,5553.15,1064335
2021-05-05 09:54:32,5555.95,1065000
2021-05-05 09:54:33,5555.6,1065154
2021-05-05 09:54:34,5553.55,1065267
2021-05-05 09:54:36,5553.0,1065511
2021-05-05 09:54:37,5555.0,1065697
2021-05-05 09:54:38,5555.95,1065827
2021-05-05 09:54:38,5554.05,1065835
2021-05-05 09:54:39,5555.0,1065935
2021-05-05 09:54:41,5554.05,1066141
2021-05-05 09:54:42,5553.0,1066344
2021-05-05 09:54:43,5555.6,1066531
2021-05-05 09:54:44,5554.55,1066728
2021-05-05 09:54:46,5554.05,1067036
2021-05-05 09:54:47,5553.3,1067329
2021-05-05 09:54:48,5553.3,1067496
2021-05-05 09:54:48,5553.3,1067500
2021-05-05 09:54:49,5553.0,1067606
2021-05-05 09:54:50,5556.35,1068250
2021-05-05 09:54:51,5559.0,1068506
2021-05-05 09:54:52,5555.2,1069416
2021-05-05 09:54:54,5555.0,1069556
2021-05-05 09:54:55,5554.4,1069815
2021-05-05 09:54:56,5556.35,1069903
2021-05-05 09:54:56,5556.3,1069904
2021-05-05 09:54:57,5554.45,1069923
2021-05-05 09:54:58,5554.45,1070157
2021-05-05 09:55:00,5554.0,1070284
2021-05-05 09:55:01,5553.15,1070733
2021-05-05 09:55:01,5557.0,1070790
2021-05-05 09:55:03,5554.55,1072680
2021-05-05 09:55:04,5555.4,1072791
2021-05-05 09:55:06,5556.0,1073117
2021-05-05 09:55:07,5556.0,1073420
2021-05-05 09:55:07,5556.0,1073420
2021-05-05 09:55:08,5564.0,1074785
2021-05-05 09:55:09,5560.0,1074895
2021-05-05 09:55:11,5559.25,1076130
2021-05-05 09:55:14,5564.0,1077193
2021-05-05 09:55:15,5570.0,1078251
2021-05-05 09:55:15,5569.15,1078378
2021-05-05 09:55:16,5571.95,1078472
2021-05-05 09:55:17,5570.8,1078994
2021-05-05 09:55:18,5571.95,1079464
2021-05-05 09:55:19,5575.0,1080436
2021-05-05 09:55:20,5573.0,1080556
2021-05-05 09:55:21,5572.55,1080658
2021-05-05 09:55:22,5577.5,1080935
2021-05-05 09:55:23,5575.75,1081280
2021-05-05 09:55:24,5579.0,1081844
2021-05-05 09:55:25,5576.95,1082453
2021-05-05 09:55:27,5576.55,1083043
2021-05-05 09:55:28,5579.85,1083302
2021-05-05 09:55:29,5579.95,1083555
2021-05-05 09:55:30,5577.4,1085188
2021-05-05 09:55:30,5577.4,1085188
2021-05-05 09:55:31,5576.2,1085325
2021-05-05 09:55:32,5578.0,1085620
2021-05-05 09:55:33,5578.0,1086076
2021-05-05 09:55:34,5576.2,1086306
2021-05-05 09:55:35,5574.5,1088094
2021-05-05 09:55:36,5577.45,1088452
2021-05-05 09:55:38,5577.4,1088738
2021-05-05 09:55:39,5577.15,1089054
2021-05-05 09:55:41,5577.0,1089212
2021-05-05 09:55:41,5577.0,1089212
2021-05-05 09:55:42,5573.9,1089328
2021-05-05 09:55:43,5572.2,1091152
2021-05-05 09:55:47,5574.0,1091388
2021-05-05 09:55:48,5576.0,1091528
2021-05-05 09:55:49,5574.5,1091785
2021-05-05 09:55:52,5574.0,1092849
2021-05-05 09:55:54,5573.85,1092985
2021-05-05 09:55:54,5573.85,1092985
2021-05-05 09:55:55,5575.75,1093112
2021-05-05 09:55:56,5572.55,1093198
2021-05-05 09:55:57,5572.2,1093279
2021-05-05 09:55:59,5573.15,1093439
2021-05-05 09:56:00,5575.3,1094975
2021-05-05 09:56:01,5574.35,1095101
2021-05-05 09:56:02,5573.0,1095292
2021-05-05 09:56:03,5574.95,1095325
2021-05-05 09:56:03,5574.95,1095325
2021-05-05 09:56:04,5574.45,1095359
2021-05-05 09:56:05,5574.0,1095474
2021-05-05 09:56:06,5573.95,1095565
2021-05-05 09:56:07,5573.7,1095642
2021-05-05 09:56:09,5574.15,1095870
2021-05-05 09:56:10,5569.4,1096988
2021-05-05 09:56:11,5569.4,1096988
2021-05-05 09:56:11,5570.0,1096995
2021-05-05 09:56:12,5570.0,1097015
2021-05-05 09:56:13,5568.0,1097141
2021-05-05 09:56:14,5569.85,1097283
2021-05-05 09:56:15,5565.0,1097475
2021-05-05 09:56:16,5567.0,1097617
2021-05-05 09:56:17,5564.75,1097894
2021-05-05 09:56:19,5565.0,1098025
2021-05-05 09:56:20,5563.6,1098486
2021-05-05 09:56:21,5563.75,1098643
2021-05-05 09:56:22,5564.4,1098843
2021-05-05 09:56:23,5561.55,1099032
2021-05-05 09:56:24,5565.4,1099086
2021-05-05 09:56:25,5565.2,1099383
2021-05-05 09:56:27,5562.05,1099587
2021-05-05 09:56:29,5568.9,1099929
2021-05-05 09:56:29,5568.9,1099990
2021-05-05 09:56:30,5566.35,1100115
2021-05-05 09:56:31,5566.3,1100177
2021-05-05 09:56:32,5565.95,1100234
2021-05-05 09:56:33,5569.4,1100314
2021-05-05 09:56:34,5568.25,1100387
2021-05-05 09:56:36,5569.85,1100482
2021-05-05 09:56:37,5569.95,1100586
2021-05-05 09:56:38,5567.85,1100630
2021-05-05 09:56:39,5569.95,1100720
2021-05-05 09:56:40,5570.0,1100948
2021-05-05 09:56:41,5570.2,1101170
2021-05-05 09:56:42,5570.3,1101269
2021-05-05 09:56:43,5572.95,1101272
2021-05-05 09:56:44,5571.25,1101638
2021-05-05 09:56:45,5571.25,1101638
2021-05-05 09:56:46,5571.45,1101648
2021-05-05 09:56:47,5574.0,1101790
2021-05-05 09:56:48,5572.7,1101820
2021-05-05 09:56:48,5575.0,1101874
2021-05-05 09:56:49,5575.0,1103245
2021-05-05 09:56:50,5575.0,1103404
2021-05-05 09:56:51,5574.0,1103453
2021-05-05 09:56:52,5575.0,1103577
2021-05-05 09:56:53,5574.6,1103581
2021-05-05 09:56:55,5574.6,1103718
2021-05-05 09:56:56,5575.0,1103760
2021-05-05 09:56:57,5573.25,1103874
2021-05-05 09:56:58,5572.9,1103903
2021-05-05 09:57:00,5574.0,1103921
2021-05-05 09:57:00,5574.0,1103922
2021-05-05 09:57:02,5574.0,1104001
2021-05-05 09:57:03,5574.0,1104030
2021-05-05 09:57:04,5573.0,1104053
2021-05-05 09:57:05,5571.95,1104222
2021-05-05 09:57:06,5571.95,1104222
2021-05-05 09:57:06,5574.0,1104240
2021-05-05 09:57:07,5571.65,1104356
2021-05-05 09:57:08,5572.0,1104359
2021-05-05 09:57:10,5572.85,1104384
2021-05-05 09:57:11,5571.65,1104424
2021-05-05 09:57:12,5571.6,1104477
2021-05-05 09:57:13,5572.85,1104495
2021-05-05 09:57:13,5572.85,1104495
2021-05-05 09:57:14,5572.85,1104502
2021-05-05 09:57:15,5571.6,1104536
2021-05-05 09:57:16,5572.85,1104632
2021-05-05 09:57:18,5571.6,1104816
2021-05-05 09:57:19,5573.6,1104818
2021-05-05 09:57:20,5572.0,1105116
2021-05-05 09:57:20,5573.2,1105264
2021-05-05 09:57:22,5571.6,1105297
2021-05-05 09:57:23,5572.0,1105299
2021-05-05 09:57:24,5573.7,1105390
2021-05-05 09:57:25,5571.65,1105442
2021-05-05 09:57:26,5571.25,1105520
2021-05-05 09:57:26,5571.0,1105538
2021-05-05 09:57:27,5570.0,1105786
2021-05-05 09:57:28,5571.25,1105800
2021-05-05 09:57:30,5571.75,1105958
2021-05-05 09:57:31,5571.55,1105993
2021-05-05 09:57:32,5571.8,1106121
2021-05-05 09:57:33,5572.85,1106238
2021-05-05 09:57:33,5572.85,1106238
2021-05-05 09:57:35,5571.95,1106422
2021-05-05 09:57:36,5573.8,1106442
2021-05-05 09:57:37,5571.3,1106558
2021-05-05 09:57:39,5571.3,1106558
2021-05-05 09:57:40,5574.0,1106661
2021-05-05 09:57:41,5574.0,1106710
2021-05-05 09:57:42,5574.5,1106842
2021-05-05 09:57:42,5574.5,1106842
2021-05-05 09:57:43,5573.0,1106886
2021-05-05 09:57:45,5572.0,1106908
2021-05-05 09:57:46,5574.0,1107050
2021-05-05 09:57:47,5578.0,1109778
2021-05-05 09:57:48,5578.0,1109796
2021-05-05 09:57:48,5578.0,1109796
2021-05-05 09:57:49,5578.0,1109796
2021-05-05 09:57:50,5577.7,1111352
2021-05-05 09:57:51,5579.45,1111400
2021-05-05 09:57:52,5583.55,1114050
2021-05-05 09:57:54,5585.0,1114970
2021-05-05 09:57:55,5585.0,1115175
2021-05-05 09:57:56,5584.0,1115641
2021-05-05 09:57:57,5584.9,1115738
2021-05-05 09:57:57,5584.9,1115738
2021-05-05 09:57:58,5584.8,1116113
2021-05-05 09:57:59,5582.9,1116539
2021-05-05 09:58:00,5585.0,1116655
2021-05-05 09:58:01,5582.9,1117044
2021-05-05 09:58:04,5582.9,1117796
2021-05-05 09:58:06,5582.9,1117962
2021-05-05 09:58:07,5582.25,1118136
2021-05-05 09:58:07,5583.9,1118086
2021-05-05 09:58:08,5582.25,1118300
2021-05-05 09:58:10,5584.9,1118350
2021-05-05 09:58:12,5582.25,1118478
2021-05-05 09:58:13,5584.9,1118589
2021-05-05 09:58:13,5584.9,1118589
2021-05-05 09:58:14,5584.9,1118654
2021-05-05 09:58:15,5584.0,1118941
2021-05-05 09:58:16,5584.0,1118956
2021-05-05 09:58:17,5582.15,1119102
2021-05-05 09:58:18,5584.8,1119446
2021-05-05 09:58:21,5585.0,1119584
2021-05-05 09:58:22,5585.0,1119607
2021-05-05 09:58:23,5585.0,1119634
2021-05-05 09:58:24,5583.0,1119720
2021-05-05 09:58:25,5584.6,1119722
2021-05-05 09:58:25,5584.6,1119722
2021-05-05 09:58:26,5584.0,1119738
2021-05-05 09:58:27,5583.0,1119987
2021-05-05 09:58:29,5584.9,1120063
2021-05-05 09:58:30,5584.9,1120125
2021-05-05 09:58:31,5584.8,1120160
2021-05-05 09:58:32,5584.8,1120162
2021-05-05 09:58:33,5584.9,1120282
2021-05-05 09:58:34,5584.8,1120320
2021-05-05 09:58:35,5585.0,1120440
2021-05-05 09:58:36,5585.0,1120460
2021-05-05 09:58:37,5584.0,1120536
2021-05-05 09:58:39,5583.15,1120588
2021-05-05 09:58:40,5584.8,1120611
2021-05-05 09:58:41,5584.25,1120626
2021-05-05 09:58:42,5584.5,1120684
2021-05-05 09:58:43,5583.05,1120926
2021-05-05 09:58:43,5585.0,1120930
2021-05-05 09:58:45,5582.75,1121131
2021-05-05 09:58:47,5584.0,1121229
2021-05-05 09:58:48,5584.2,1121279
2021-05-05 09:58:49,5584.8,1121358
2021-05-05 09:58:49,5584.8,1121358
2021-05-05 09:58:51,5584.8,1121425
2021-05-05 09:58:52,5584.5,1121443
2021-05-05 09:58:53,5583.8,1121555
2021-05-05 09:58:54,5584.8,1121858
2021-05-05 09:58:54,5583.8,1121857
2021-05-05 09:58:56,5584.8,1121914
2021-05-05 09:58:57,5588.9,1123118
2021-05-05 09:58:58,5586.3,1123145
2021-05-05 09:58:59,5588.95,1123219
2021-05-05 09:59:00,5587.35,1124424
2021-05-05 09:59:01,5586.45,1124513
2021-05-05 09:59:02,5588.9,1124698
2021-05-05 09:59:03,5587.2,1125355
2021-05-05 09:59:04,5586.8,1126019
2021-05-05 09:59:04,5588.3,1126031
2021-05-05 09:59:06,5589.0,1126230
2021-05-05 09:59:07,5588.15,1126787
2021-05-05 09:59:08,5587.6,1127052
2021-05-05 09:59:09,5589.0,1127150
2021-05-05 09:59:10,5590.95,1127304
2021-05-05 09:59:11,5589.45,1127570
2021-05-05 09:59:11,5589.4,1127571
2021-05-05 09:59:13,5592.35,1127656
2021-05-05 09:59:14,5590.85,1127770
2021-05-05 09:59:15,5593.25,1127889
2021-05-05 09:59:16,5594.7,1128821
2021-05-05 09:59:17,5593.05,1129931
2021-05-05 09:59:18,5593.25,1130240
2021-05-05 09:59:19,5589.8,1130373
2021-05-05 09:59:20,5589.75,1130580
2021-05-05 09:59:22,5589.25,1130912
2021-05-05 09:59:23,5590.0,1131254
2021-05-05 09:59:24,5589.8,1131853
2021-05-05 09:59:25,5589.0,1133018
2021-05-05 09:59:26,5589.0,1133294
2021-05-05 09:59:26,5589.85,1133302
2021-05-05 09:59:28,5588.1,1133392
2021-05-05 09:59:29,5589.1,1133850
2021-05-05 09:59:30,5590.4,1134080
2021-05-05 09:59:31,5590.0,1134125
2021-05-05 09:59:32,5590.0,1134146
2021-05-05 09:59:32,5590.0,1134146
2021-05-05 09:59:34,5588.95,1134173
2021-05-05 09:59:35,5589.45,1134245
2021-05-05 09:59:36,5589.45,1134295
2021-05-05 09:59:37,5589.0,1134416
2021-05-05 09:59:38,5589.75,1134453
2021-05-05 09:59:38,5589.75,1134453
2021-05-05 09:59:40,5589.05,1134541
2021-05-05 09:59:41,5590.0,1134607
2021-05-05 09:59:42,5588.55,1134626
2021-05-05 09:59:43,5588.55,1134628
2021-05-05 09:59:44,5589.05,1134634
2021-05-05 09:59:45,5588.25,1134772
2021-05-05 09:59:46,5589.05,1135376
2021-05-05 09:59:47,5588.9,1135489
2021-05-05 09:59:48,5588.0,1135779
2021-05-05 09:59:49,5586.0,1136008
2021-05-05 09:59:50,5589.25,1136565
2021-05-05 09:59:50,5585.7,1136568
2021-05-05 09:59:52,5585.5,1136801
2021-05-05 09:59:54,5585.25,1136929
2021-05-05 09:59:55,5584.85,1137364
2021-05-05 09:59:56,5581.95,1138290
2021-05-05 09:59:57,5581.0,1138405
2021-05-05 09:59:57,5581.0,1138405
2021-05-05 09:59:59,5581.2,1138445
2021-05-05 10:00:00,5582.9,1138458
2021-05-05 10:00:01,5585.0,1138747
2021-05-05 10:00:02,5584.85,1138748
2021-05-05 10:00:03,5587.4,1138834
2021-05-05 10:00:04,5590.15,1140598
2021-05-05 10:00:04,5590.15,1140598
2021-05-05 10:00:06,5593.05,1140897
2021-05-05 10:00:08,5594.0,1140934
2021-05-05 10:00:09,5594.9,1141326
2021-05-05 10:00:10,5593.4,1141439
2021-05-05 10:00:11,5595.0,1141881
2021-05-05 10:00:12,5595.8,1142316
2021-05-05 10:00:13,5595.75,1142488
2021-05-05 10:00:14,5598.8,1143369
2021-05-05 10:00:15,5599.0,1144379
2021-05-05 10:00:17,5599.45,1144896
2021-05-05 10:00:18,5595.8,1145302
2021-05-05 10:00:19,5598.75,1145520
2021-05-05 10:00:21,5593.15,1146349
2021-05-05 10:00:22,5596.45,1146610
2021-05-05 10:00:23,5597.35,1146820
2021-05-05 10:00:24,5595.15,1146839
2021-05-05 10:00:24,5595.15,1146839
2021-05-05 10:00:26,5597.05,1146959
2021-05-05 10:00:27,5595.0,1147068
2021-05-05 10:00:28,5595.1,1147414
2021-05-05 10:00:29,5592.0,1147720
2021-05-05 10:00:30,5595.4,1147809
2021-05-05 10:00:31,5595.05,1147847
2021-05-05 10:00:32,5595.0,1148073
2021-05-05 10:00:32,5595.0,1148016
2021-05-05 10:00:33,5595.0,1148078
2021-05-05 10:00:35,5595.65,1148512
2021-05-05 10:00:36,5597.0,1148677
2021-05-05 10:00:37,5596.4,1148842
2021-05-05 10:00:38,5599.0,1149058
2021-05-05 10:00:38,5599.0,1149059
2021-05-05 10:00:39,5599.0,1149100
2021-05-05 10:00:41,5598.95,1149158
2021-05-05 10:00:42,5599.0,1149515
2021-05-05 10:00:43,5600.5,1152486
2021-05-05 10:00:44,5603.05,1152774
2021-05-05 10:00:44,5600.2,1152839
2021-05-05 10:00:45,5603.25,1153028
2021-05-05 10:00:46,5602.0,1153513
2021-05-05 10:00:49,5605.0,1154186
2021-05-05 10:00:50,5603.85,1154289
2021-05-05 10:00:51,5605.0,1154680
2021-05-05 10:00:52,5608.9,1155357
2021-05-05 10:00:53,5609.0,1155868
2021-05-05 10:00:54,5606.2,1156004
2021-05-05 10:00:55,5601.85,1156634
2021-05-05 10:00:56,5601.85,1156634
2021-05-05 10:00:57,5601.2,1156975
2021-05-05 10:00:58,5605.95,1157262
2021-05-05 10:00:59,5603.25,1157757
2021-05-05 10:01:00,5602.5,1158270
2021-05-05 10:01:01,5602.75,1158778
2021-05-05 10:01:02,5606.4,1158833
2021-05-05 10:01:03,5603.4,1158835
2021-05-05 10:01:04,5601.7,1159148
2021-05-05 10:01:05,5606.7,1159618
2021-05-05 10:01:06,5605.95,1159701
2021-05-05 10:01:07,5605.75,1160247
2021-05-05 10:01:08,5603.4,1160252
2021-05-05 10:01:09,5607.0,1160472
2021-05-05 10:01:10,5605.85,1160560
2021-05-05 10:01:11,5609.2,1161060
2021-05-05 10:01:12,5606.45,1161230
2021-05-05 10:01:13,5608.85,1161682
2021-05-05 10:01:14,5608.45,1161725
2021-05-05 10:01:15,5608.45,1161848
2021-05-05 10:01:16,5605.0,1162198
2021-05-05 10:01:17,5605.35,1162442
2021-05-05 10:01:18,5606.3,1162557
2021-05-05 10:01:19,5604.6,1163029
2021-05-05 10:01:20,5605.0,1163140
2021-05-05 10:01:21,5602.1,1163262
2021-05-05 10:01:22,5605.0,1163690
2021-05-05 10:01:23,5605.0,1163804
2021-05-05 10:01:24,5602.8,1163930
2021-05-05 10:01:25,5602.8,1163930
2021-05-05 10:01:26,5605.0,1163989
2021-05-05 10:01:27,5605.0,1164065
2021-05-05 10:01:28,5603.2,1164170
2021-05-05 10:01:29,5605.0,1164281
2021-05-05 10:01:30,5605.0,1164306
2021-05-05 10:01:31,5605.0,1164541
2021-05-05 10:01:32,5603.0,1164610
2021-05-05 10:01:33,5603.9,1164731
2021-05-05 10:01:34,5603.0,1164735
2021-05-05 10:01:35,5603.0,1164789
2021-05-05 10:01:36,5603.0,1164866
2021-05-05 10:01:39,5608.0,1165999
2021-05-05 10:01:41,5606.15,1166491
2021-05-05 10:01:42,5606.15,1166491
2021-05-05 10:01:43,5609.0,1166711
2021-05-05 10:01:44,5611.9,1169728
2021-05-05 10:01:45,5614.25,1170433
2021-05-05 10:01:46,5613.7,1170729
2021-05-05 10:01:48,5613.35,1171208
2021-05-05 10:01:47,5610.5,1171198
2021-05-05 10:01:49,5613.5,1171343
2021-05-05 10:01:50,5612.5,1171649
2021-05-05 10:01:51,5613.65,1172041
2021-05-05 10:01:52,5614.75,1172159
2021-05-05 10:01:53,5614.8,1172233
2021-05-05 10:01:54,5613.2,1173817
2021-05-05 10:01:55,5612.5,1173879
2021-05-05 10:01:56,5612.1,1174322
2021-05-05 10:01:58,5614.8,1174886
2021-05-05 10:01:57,5612.5,1174770
2021-05-05 10:01:59,5614.05,1175213
2021-05-05 10:02:00,5614.05,1175430
2021-05-05 10:02:01,5612.55,1175608
2021-05-05 10:02:02,5614.45,1176065
2021-05-05 10:02:03,5613.8,1176473
2021-05-05 10:02:04,5612.2,1176822
2021-05-05 10:02:05,5609.65,1177096
2021-05-05 10:02:06,5609.6,1177176
2021-05-05 10:02:07,5606.55,1177423
2021-05-05 10:02:08,5609.3,1177534
2021-05-05 10:02:10,5609.3,1177771
2021-05-05 10:02:11,5609.25,1177875
2021-05-05 10:02:12,5608.0,1178068
2021-05-05 10:02:13,5609.2,1178104
2021-05-05 10:02:14,5607.45,1178720
2021-05-05 10:02:15,5606.3,1179429
2021-05-05 10:02:16,5606.25,1179672
2021-05-05 10:02:17,5608.7,1179680
2021-05-05 10:02:18,5608.0,1180260
2021-05-05 10:02:19,5606.95,1180294
2021-05-05 10:02:20,5608.0,1180428
2021-05-05 10:02:21,5609.05,1180474
2021-05-05 10:02:22,5606.6,1180614
2021-05-05 10:02:23,5609.0,1180654
2021-05-05 10:02:24,5608.95,1180865
2021-05-05 10:02:25,5606.0,1180905
2021-05-05 10:02:26,5608.0,1180951
2021-05-05 10:02:27,5606.0,1181151
2021-05-05 10:02:28,5608.45,1181226
2021-05-05 10:02:29,5606.0,1181511
2021-05-05 10:02:30,5609.0,1181706
2021-05-05 10:02:31,5609.0,1181711
2021-05-05 10:02:32,5608.75,1182950
2021-05-05 10:02:33,5610.0,1183223
2021-05-05 10:02:34,5610.0,1184579
2021-05-05 10:02:35,5609.9,1184733
2021-05-05 10:02:36,5608.5,1186382
2021-05-05 10:02:38,5608.0,1186434
2021-05-05 10:02:37,5608.0,1186434
2021-05-05 10:02:39,5605.3,1186778
2021-05-05 10:02:40,5604.45,1187573
2021-05-05 10:02:41,5604.45,1187573
2021-05-05 10:02:42,5605.9,1187611
2021-05-05 10:02:43,5605.95,1187617
2021-05-05 10:02:44,5603.2,1187661
2021-05-05 10:02:45,5605.9,1187898
2021-05-05 10:02:46,5605.85,1188019
2021-05-05 10:02:47,5606.55,1188196
2021-05-05 10:02:48,5604.45,1188209
2021-05-05 10:02:49,5604.45,1188209
2021-05-05 10:02:51,5604.55,1188576
2021-05-05 10:02:52,5603.0,1188724
2021-05-05 10:02:53,5602.6,1188877
2021-05-05 10:02:55,5602.6,1188903
2021-05-05 10:02:55,5602.6,1188903
2021-05-05 10:02:57,5603.8,1189439
2021-05-05 10:02:58,5603.0,1189450
2021-05-05 10:03:00,5603.0,1189501
2021-05-05 10:03:00,5603.0,1189501
2021-05-05 10:03:01,5600.0,1190669
2021-05-05 10:03:02,5603.0,1191061
2021-05-05 10:03:03,5600.0,1191286
2021-05-05 10:03:04,5601.0,1191297
2021-05-05 10:03:05,5600.0,1191638
2021-05-05 10:03:07,5600.0,1192004
2021-05-05 10:03:08,5600.0,1192989
2021-05-05 10:03:09,5600.1,1193362
2021-05-05 10:03:10,5597.35,1194087
2021-05-05 10:03:12,5597.15,1194280
2021-05-05 10:03:12,5597.15,1194323
2021-05-05 10:03:13,5598.9,1194447
2021-05-05 10:03:14,5598.05,1194761
2021-05-05 10:03:16,5595.0,1195138
2021-05-05 10:03:16,5595.55,1195155
2021-05-05 10:03:17,5594.35,1195337
2021-05-05 10:03:19,5595.25,1195733
2021-05-05 10:03:20,5595.7,1196027
2021-05-05 10:03:21,5594.6,1196467
2021-05-05 10:03:22,5596.85,1196688
2021-05-05 10:03:24,5592.0,1197436
2021-05-05 10:03:24,5595.85,1198532
2021-05-05 10:03:25,5593.35,1198977
2021-05-05 10:03:26,5595.0,1199039
2021-05-05 10:03:27,5596.0,1199321
2021-05-05 10:03:29,5596.0,1199567
2021-05-05 10:03:29,5595.15,1199608
2021-05-05 10:03:31,5593.9,1201271
2021-05-05 10:03:32,5594.7,1201849
2021-05-05 10:03:33,5591.15,1202015
2021-05-05 10:03:34,5593.25,1202023
2021-05-05 10:03:35,5593.85,1202117
2021-05-05 10:03:36,5593.0,1202436
2021-05-05 10:03:38,5593.1,1202590
2021-05-05 10:03:38,5591.25,1202591
2021-05-05 10:03:39,5590.0,1203028
2021-05-05 10:03:40,5589.0,1203352
2021-05-05 10:03:41,5590.8,1203446
2021-05-05 10:03:42,5589.0,1203600
2021-05-05 10:03:44,5588.0,1203937
2021-05-05 10:03:44,5589.0,1203851
2021-05-05 10:03:45,5588.0,1204120
2021-05-05 10:03:47,5587.9,1204743
2021-05-05 10:03:48,5590.0,1204987
2021-05-05 10:03:50,5591.55,1204995
2021-05-05 10:03:51,5590.0,1205336
2021-05-05 10:03:52,5588.0,1205416
2021-05-05 10:03:53,5591.05,1205725
2021-05-05 10:03:53,5588.8,1205862
2021-05-05 10:03:54,5590.95,1206037
2021-05-05 10:03:55,5590.1,1206290
2021-05-05 10:03:56,5589.25,1206506
2021-05-05 10:03:58,5590.0,1206521
2021-05-05 10:03:59,5590.0,1206581
2021-05-05 10:04:01,5590.0,1206911
2021-05-05 10:04:02,5590.0,1207176
2021-05-05 10:04:03,5590.2,1207643
2021-05-05 10:04:04,5589.65,1207758
2021-05-05 10:04:06,5589.95,1207982
2021-05-05 10:04:07,5590.0,1208277
2021-05-05 10:04:08,5590.2,1208291
2021-05-05 10:04:08,5590.0,1208294
2021-05-05 10:04:09,5590.0,1208297
2021-05-05 10:04:10,5590.0,1208584
2021-05-05 10:04:11,5591.0,1208704
2021-05-05 10:04:12,5588.0,1209362
2021-05-05 10:04:13,5590.25,1209504
2021-05-05 10:04:14,5588.35,1209529
2021-05-05 10:04:15,5590.75,1209707
2021-05-05 10:04:16,5591.0,1209722
2021-05-05 10:04:18,5591.75,1210071
2021-05-05 10:04:18,5593.9,1210118
2021-05-05 10:04:19,5593.9,1210232
2021-05-05 10:04:20,5593.9,1210247
2021-05-05 10:04:22,5594.8,1210373
2021-05-05 10:04:23,5594.85,1210469
2021-05-05 10:04:24,5595.0,1210538
2021-05-05 10:04:25,5594.8,1210588
2021-05-05 10:04:26,5594.85,1210782
2021-05-05 10:04:27,5595.45,1210841
2021-05-05 10:04:29,5593.9,1210893
2021-05-05 10:04:29,5595.0,1210903
2021-05-05 10:04:30,5595.8,1210948
2021-05-05 10:04:31,5595.0,1211164
2021-05-05 10:04:32,5595.0,1211166
2021-05-05 10:04:33,5596.5,1211442
2021-05-05 10:04:34,5595.75,1211523
2021-05-05 10:04:35,5592.0,1211693
2021-05-05 10:04:36,5590.0,1211705
2021-05-05 10:04:38,5588.25,1212885
2021-05-05 10:04:40,5587.0,1213714
2021-05-05 10:04:40,5586.65,1213767
2021-05-05 10:04:41,5583.0,1214516
2021-05-05 10:04:42,5584.75,1214682
2021-05-05 10:04:43,5583.95,1214776
2021-05-05 10:04:44,5581.05,1215093
2021-05-05 10:04:45,5577.85,1216864
2021-05-05 10:04:46,5574.5,1217886
2021-05-05 10:04:47,5573.45,1218889
2021-05-05 10:04:48,5570.9,1219812
2021-05-05 10:04:49,5570.95,1220207
2021-05-05 10:04:51,5569.45,1221560
2021-05-05 10:04:52,5565.75,1222855
2021-05-05 10:04:53,5563.0,1223415
2021-05-05 10:04:54,5565.05,1224456
2021-05-05 10:04:55,5562.25,1225539
2021-05-05 10:04:57,5565.55,1225828
2021-05-05 10:04:58,5567.75,1226234
2021-05-05 10:04:59,5566.65,1226952
2021-05-05 10:05:00,5567.75,1227776
2021-05-05 10:05:01,5566.85,1228271
2021-05-05 10:05:02,5566.5,1228790
2021-05-05 10:05:03,5565.75,1229145
2021-05-05 10:05:06,5562.0,1231939
2021-05-05 10:05:06,5560.4,1231889
2021-05-05 10:05:07,5564.75,1232420
2021-05-05 10:05:08,5562.15,1232593
2021-05-05 10:05:09,5561.45,1232699
2021-05-05 10:05:10,5565.1,1233735
2021-05-05 10:05:11,5566.25,1234237
2021-05-05 10:05:12,5568.5,1235044
2021-05-05 10:05:14,5565.8,1235960
2021-05-05 10:05:16,5563.15,1236874
2021-05-05 10:05:17,5562.45,1237491
2021-05-05 10:05:18,5560.0,1237940
2021-05-05 10:05:19,5563.65,1238585
2021-05-05 10:05:20,5566.35,1238946
2021-05-05 10:05:21,5564.85,1239388
2021-05-05 10:05:22,5566.8,1239802
2021-05-05 10:05:23,5563.8,1239928
2021-05-05 10:05:24,5570.0,1240433
2021-05-05 10:05:25,5568.45,1240661
2021-05-05 10:05:26,5568.6,1241008
2021-05-05 10:05:27,5567.3,1242508
2021-05-05 10:05:28,5566.5,1243074
2021-05-05 10:05:29,5565.45,1243334
2021-05-05 10:05:30,5567.2,1243530
2021-05-05 10:05:32,5569.35,1244175
2021-05-05 10:05:33,5568.45,1244334
2021-05-05 10:05:34,5569.0,1244685
2021-05-05 10:05:35,5569.8,1244995
2021-05-05 10:05:36,5571.4,1245509
2021-05-05 10:05:37,5569.8,1245698
2021-05-05 10:05:38,5568.95,1245947
2021-05-05 10:05:39,5569.8,1245949
2021-05-05 10:05:40,5575.5,1246231
2021-05-05 10:05:41,5575.45,1246281
2021-05-05 10:05:42,5575.45,1246533
2021-05-05 10:05:43,5577.75,1246899
2021-05-05 10:05:45,5577.9,1247259
2021-05-05 10:05:46,5575.5,1247582
2021-05-05 10:05:47,5575.9,1248199
2021-05-05 10:05:48,5575.35,1248342
2021-05-05 10:05:49,5572.5,1248784
2021-05-05 10:05:51,5571.9,1249671
2021-05-05 10:05:52,5567.0,1250027
2021-05-05 10:05:53,5566.95,1250062
2021-05-05 10:05:54,5570.0,1250394
2021-05-05 10:05:55,5570.15,1250632
2021-05-05 10:05:56,5572.95,1250643
2021-05-05 10:05:57,5570.05,1250695
2021-05-05 10:05:58,5570.8,1250733
2021-05-05 10:05:59,5571.0,1250969
2021-05-05 10:06:00,5567.05,1251376
2021-05-05 10:06:01,5569.85,1252198
2021-05-05 10:06:02,5567.45,1252336
2021-05-05 10:06:03,5566.65,1252435
2021-05-05 10:06:04,5568.15,1252574
2021-05-05 10:06:05,5568.5,1252731
2021-05-05 10:06:07,5567.4,1254184
2021-05-05 10:06:08,5565.35,1254316
2021-05-05 10:06:09,5565.6,1254582
2021-05-05 10:06:11,5567.4,1255713
2021-05-05 10:06:11,5567.4,1255713
2021-05-05 10:06:12,5564.55,1255987
2021-05-05 10:06:13,5568.0,1256284
2021-05-05 10:06:14,5565.0,1256326
2021-05-05 10:06:15,5566.05,1256346
2021-05-05 10:06:16,5567.4,1256381
2021-05-05 10:06:17,5567.95,1256546
2021-05-05 10:06:20,5568.0,1256829
2021-05-05 10:06:21,5571.1,1257254
2021-05-05 10:06:22,5574.75,1257338
2021-05-05 10:06:22,5572.0,1257616
2021-05-05 10:06:23,5574.0,1257617
2021-05-05 10:06:24,5574.7,1257798
2021-05-05 10:06:26,5573.95,1257860
2021-05-05 10:06:27,5575.8,1258443
2021-05-05 10:06:27,5575.0,1258453
2021-05-05 10:06:28,5577.65,1258657
2021-05-05 10:06:30,5574.4,1258883
2021-05-05 10:06:31,5574.1,1258888
2021-05-05 10:06:33,5571.1,1258981
2021-05-05 10:06:34,5570.1,1258993
2021-05-05 10:06:35,5573.05,1259043
2021-05-05 10:06:36,5572.4,1259056
2021-05-05 10:06:37,5575.85,1259151
2021-05-05 10:06:37,5574.5,1259159
2021-05-05 10:06:38,5574.65,1259243
2021-05-05 10:06:39,5574.75,1259337
2021-05-05 10:06:40,5572.25,1259880
2021-05-05 10:06:42,5572.35,1260020
