timestamp,ltp,volume
2021-05-05 09:07:34,3999.0,623
2021-05-05 09:15:00,3995.05,674
2021-05-05 09:15:01,3995.0,834
2021-05-05 09:15:02,3995.0,1018
2021-05-05 09:15:03,3995.45,1093
2021-05-05 09:15:04,3998.8,1470
2021-05-05 09:15:05,3999.3,1581
2021-05-05 09:15:06,4002.3,1794
2021-05-05 09:15:07,4002.4,1869
2021-05-05 09:15:08,4000.4,2018
2021-05-05 09:15:09,4002.9,2077
2021-05-05 09:15:10,4005.0,2282
2021-05-05 09:15:11,4004.05,2319
2021-05-05 09:15:12,4005.0,2457
2021-05-05 09:15:13,4005.05,2525
2021-05-05 09:15:14,4005.55,2590
2021-05-05 09:15:15,4003.55,2704
2021-05-05 09:15:16,4007.25,2926
2021-05-05 09:15:17,4005.5,3302
2021-05-05 09:15:18,4007.95,3376
2021-05-05 09:15:19,4005.4,3485
2021-05-05 09:15:20,4007.55,3604
2021-05-05 09:15:21,4009.95,4730
2021-05-05 09:15:22,4012.75,4827
2021-05-05 09:15:23,4017.15,5196
2021-05-05 09:15:24,4013.5,5210
2021-05-05 09:15:25,4014.3,5368
2021-05-05 09:15:26,4014.4,5445
2021-05-05 09:15:27,4006.1,6090
2021-05-05 09:15:28,4007.55,6230
2021-05-05 09:15:29,4004.7,6719
2021-05-05 09:15:30,4007.0,6889
2021-05-05 09:15:31,4007.7,6979
2021-05-05 09:15:32,4011.0,7045
2021-05-05 09:15:33,4008.2,7153
2021-05-05 09:15:34,4011.8,7201
2021-05-05 09:15:35,4011.75,7367
2021-05-05 09:15:36,4012.6,7385
2021-05-05 09:15:37,4012.9,7409
2021-05-05 09:15:38,4012.7,7628
2021-05-05 09:15:39,4014.35,7729
2021-05-05 09:15:40,4013.25,7890
2021-05-05 09:15:41,4011.75,7923
2021-05-05 09:15:42,4012.45,7925
2021-05-05 09:15:43,4012.45,7925
2021-05-05 09:15:44,4012.05,7930
2021-05-05 09:15:45,4010.4,8095
2021-05-05 09:15:46,4011.75,8403
2021-05-05 09:15:47,4006.15,8992
2021-05-05 09:15:48,4006.15,8992
2021-05-05 09:15:49,4009.55,9135
2021-05-05 09:15:50,4011.65,9350
2021-05-05 09:15:51,4012.55,9420
2021-05-05 09:15:52,4014.35,9471
2021-05-05 09:15:53,4014.35,9471
2021-05-05 09:15:54,4012.3,9476
2021-05-05 09:15:55,4011.45,9518
2021-05-05 09:15:56,4011.45,9574
2021-05-05 09:15:57,4013.05,9647
2021-05-05 09:15:58,4009.3,9764
2021-05-05 09:15:59,4008.35,9967
2021-05-05 09:16:00,4008.2,9991
2021-05-05 09:16:01,4008.9,10083
2021-05-05 09:16:02,4011.1,10091
2021-05-05 09:16:03,4007.75,10599
2021-05-05 09:16:04,4002.5,10879
2021-05-05 09:16:05,4007.05,10980
2021-05-05 09:16:06,4004.05,11143
2021-05-05 09:16:07,4007.6,11144
2021-05-05 09:16:08,4007.75,11162
2021-05-05 09:16:09,4008.3,11173
2021-05-05 09:16:11,4008.2,11242
2021-05-05 09:16:12,4008.6,11265
2021-05-05 09:16:13,4006.0,11296
2021-05-05 09:16:14,4006.0,11296
2021-05-05 09:16:15,4008.0,11330
2021-05-05 09:16:16,4004.8,11355
2021-05-05 09:16:18,4005.4,11385
2021-05-05 09:16:19,4005.1,11400
2021-05-05 09:16:20,4003.8,11427
2021-05-05 09:16:21,4006.7,11428
2021-05-05 09:16:22,4006.7,11428
2021-05-05 09:16:23,4008.2,11465
2021-05-05 09:16:24,4008.75,11715
2021-05-05 09:16:25,4008.6,11743
2021-05-05 09:16:26,4005.35,11836
2021-05-05 09:16:27,4008.6,11841
2021-05-05 09:16:28,4008.6,11841
2021-05-05 09:16:29,4007.15,11889
2021-05-05 09:16:30,4007.15,11889
2021-05-05 09:16:31,4004.9,11895
2021-05-05 09:16:32,4004.9,11895
2021-05-05 09:16:33,4006.75,12035
2021-05-05 09:16:35,4006.75,12048
2021-05-05 09:16:36,4005.35,12097
2021-05-05 09:16:37,4005.4,12104
2021-05-05 09:16:38,4006.8,12174
2021-05-05 09:16:39,4008.65,12323
2021-05-05 09:16:40,4006.65,12562
2021-05-05 09:16:41,4006.2,12630
2021-05-05 09:16:42,4006.25,12665
2021-05-05 09:16:43,4006.25,12665
2021-05-05 09:16:44,4010.85,12743
2021-05-05 09:16:45,4009.8,12944
2021-05-05 09:16:46,4010.35,12999
2021-05-05 09:16:47,4010.35,13002
2021-05-05 09:16:48,4010.35,13002
2021-05-05 09:16:49,4010.4,13042
2021-05-05 09:16:50,4013.8,13066
2021-05-05 09:16:51,4010.6,13268
2021-05-05 09:16:52,4010.6,13270
2021-05-05 09:16:53,4011.05,13337
2021-05-05 09:16:54,4011.05,13340
2021-05-05 09:16:55,4011.1,13367
2021-05-05 09:16:56,4013.6,13370
2021-05-05 09:16:57,4013.6,13370
2021-05-05 09:16:58,4013.6,13399
2021-05-05 09:16:59,4013.6,13415
2021-05-05 09:17:00,4013.8,13446
2021-05-05 09:17:01,4011.1,13547
2021-05-05 09:17:02,4013.8,13925
2021-05-05 09:17:03,4014.3,14156
2021-05-05 09:17:04,4014.3,14158
2021-05-05 09:17:05,4014.65,14331
2021-05-05 09:17:06,4014.65,14333
2021-05-05 09:17:07,4015.1,14357
2021-05-05 09:17:08,4015.1,14364
2021-05-05 09:17:09,4016.0,14367
2021-05-05 09:17:10,4014.7,14423
2021-05-05 09:17:11,4015.0,14543
2021-05-05 09:17:12,4015.7,14643
2021-05-05 09:17:13,4015.7,14643
2021-05-05 09:17:14,4015.45,14644
2021-05-05 09:17:15,4013.95,14658
2021-05-05 09:17:16,4013.95,14658
2021-05-05 09:17:17,4013.95,14658
2021-05-05 09:17:18,4013.95,14658
2021-05-05 09:17:19,4013.95,14658
2021-05-05 09:17:20,4012.85,14776
2021-05-05 09:17:21,4014.5,14785
2021-05-05 09:17:22,4014.7,14794
2021-05-05 09:17:23,4013.95,14801
2021-05-05 09:17:24,4011.0,15057
2021-05-05 09:17:25,4010.1,15511
2021-05-05 09:17:26,4010.1,15511
2021-05-05 09:17:27,4010.1,15521
2021-05-05 09:17:28,4010.1,15521
2021-05-05 09:17:29,4010.1,15521
2021-05-05 09:17:30,4009.25,15626
2021-05-05 09:17:31,4006.35,15777
2021-05-05 09:17:31,4006.35,15777
2021-05-05 09:17:32,4006.45,15912
2021-05-05 09:17:34,4009.15,15933
2021-05-05 09:17:36,4006.6,15947
2021-05-05 09:17:37,4009.45,16047
2021-05-05 09:17:38,4008.9,16134
2021-05-05 09:17:39,4008.95,16139
2021-05-05 09:17:40,4008.95,16139
2021-05-05 09:17:41,4008.95,16198
2021-05-05 09:17:42,4009.15,16218
2021-05-05 09:17:43,4009.15,16218
2021-05-05 09:17:44,4009.1,16219
2021-05-05 09:17:45,4009.1,16219
2021-05-05 09:17:46,4009.1,16219
2021-05-05 09:17:47,4009.0,16319
2021-05-05 09:17:48,4007.85,16335
2021-05-05 09:17:49,4007.85,16335
2021-05-05 09:17:50,4009.75,16745
2021-05-05 09:17:51,4010.0,16759
2021-05-05 09:17:52,4011.0,16774
2021-05-05 09:17:53,4011.0,16774
2021-05-05 09:17:54,4011.0,16774
2021-05-05 09:17:55,4011.0,16779
2021-05-05 09:17:56,4012.45,16794
2021-05-05 09:17:57,4012.45,16794
2021-05-05 09:17:58,4011.55,16874
2021-05-05 09:17:59,4011.55,16874
2021-05-05 09:18:00,4014.4,16886
2021-05-05 09:18:01,4012.45,17031
2021-05-05 09:18:02,4012.45,17041
2021-05-05 09:18:03,4011.75,17066
2021-05-05 09:18:04,4010.35,17080
2021-05-05 09:18:05,4010.35,17080
2021-05-05 09:18:06,4010.35,17080
2021-05-05 09:18:07,4010.35,17080
2021-05-05 09:18:08,4012.45,17094
2021-05-05 09:18:09,4013.5,17104
2021-05-05 09:18:10,4013.5,17104
2021-05-05 09:18:11,4013.5,17104
2021-05-05 09:18:12,4013.5,17104
2021-05-05 09:18:13,4013.5,17104
2021-05-05 09:18:14,4013.8,17148
2021-05-05 09:18:15,4013.8,17148
2021-05-05 09:18:16,4013.8,17158
2021-05-05 09:18:17,4013.8,17158
2021-05-05 09:18:18,4013.8,17158
2021-05-05 09:18:19,4013.8,17158
2021-05-05 09:18:20,4013.8,17201
2021-05-05 09:18:21,4013.8,17201
2021-05-05 09:18:22,4010.8,17203
2021-05-05 09:18:23,4010.75,17276
2021-05-05 09:18:24,4010.75,17318
2021-05-05 09:18:25,4013.7,17338
2021-05-05 09:18:26,4013.7,17339
2021-05-05 09:18:28,4013.5,17391
2021-05-05 09:18:29,4010.85,17441
2021-05-05 09:18:30,4013.7,17451
2021-05-05 09:18:31,4013.7,17451
2021-05-05 09:18:32,4013.7,17451
2021-05-05 09:18:33,4010.75,17484
2021-05-05 09:18:34,4010.75,17484
2021-05-05 09:18:35,4009.05,17867
2021-05-05 09:18:36,4008.95,17882
2021-05-05 09:18:37,4009.05,17912
2021-05-05 09:18:38,4008.85,17914
2021-05-05 09:18:39,4007.0,17944
2021-05-05 09:18:40,4008.65,17999
2021-05-05 09:18:41,4006.0,18149
2021-05-05 09:18:42,4007.0,18166
2021-05-05 09:18:43,4007.0,18184
2021-05-05 09:18:46,4008.7,18215
2021-05-05 09:18:47,4008.7,18321
2021-05-05 09:18:51,4007.85,18800
2021-05-05 09:18:52,4007.95,18818
2021-05-05 09:18:53,4007.95,18818
2021-05-05 09:18:55,4007.6,18944
2021-05-05 09:18:56,4005.4,19028
2021-05-05 09:18:57,4007.45,19038
2021-05-05 09:18:58,4007.0,19050
2021-05-05 09:18:59,4005.0,19321
2021-05-05 09:19:00,4001.15,19716
2021-05-05 09:19:01,4003.3,19742
2021-05-05 09:19:02,4003.1,19744
2021-05-05 09:19:03,4001.05,19751
2021-05-05 09:19:04,4001.1,19882
2021-05-05 09:19:05,4001.1,19882
2021-05-05 09:19:06,4001.3,19951
2021-05-05 09:19:08,4003.7,20033
2021-05-05 09:19:10,4001.2,20047
2021-05-05 09:19:11,4003.7,20048
2021-05-05 09:19:12,4003.7,20048
2021-05-05 09:19:13,4001.8,20109
2021-05-05 09:19:14,4003.6,20149
2021-05-05 09:19:15,4004.7,20157
2021-05-05 09:19:17,4002.05,20293
2021-05-05 09:19:18,4004.55,20304
2021-05-05 09:19:19,4004.0,20305
2021-05-05 09:19:20,4005.0,20457
2021-05-05 09:19:23,4001.65,20530
2021-05-05 09:19:24,4004.15,20532
2021-05-05 09:19:25,4004.15,20532
2021-05-05 09:19:26,4001.9,20551
2021-05-05 09:19:28,4001.85,20577
2021-05-05 09:19:29,4004.55,20607
2021-05-05 09:19:30,4004.55,20608
2021-05-05 09:19:31,4004.55,20608
2021-05-05 09:19:32,4004.55,20608
2021-05-05 09:19:33,4004.35,20609
2021-05-05 09:19:34,4001.9,20610
2021-05-05 09:19:35,4004.0,20636
2021-05-05 09:19:36,4004.0,20636
2021-05-05 09:19:37,4004.0,20645
2021-05-05 09:19:38,4002.0,20666
2021-05-05 09:19:39,4002.0,20666
2021-05-05 09:19:40,4004.0,20678
2021-05-05 09:19:41,4004.0,20680
2021-05-05 09:19:42,4004.35,20685
2021-05-05 09:19:43,4002.95,20711
2021-05-05 09:19:44,4004.35,20725
2021-05-05 09:19:45,4007.0,20999
2021-05-05 09:19:46,4008.0,21099
2021-05-05 09:19:47,4007.2,21316
2021-05-05 09:19:48,4007.2,21316
2021-05-05 09:19:49,4008.0,21339
2021-05-05 09:19:50,4008.0,21362
2021-05-05 09:19:51,4009.75,21376
2021-05-05 09:19:52,4007.6,21386
2021-05-05 09:19:53,4010.1,21531
2021-05-05 09:19:54,4010.05,21541
2021-05-05 09:19:55,4009.7,21545
2021-05-05 09:19:56,4009.7,21545
2021-05-05 09:19:57,4009.95,21547
2021-05-05 09:19:58,4009.95,21547
2021-05-05 09:19:59,4008.0,21566
2021-05-05 09:20:00,4010.5,21578
2021-05-05 09:20:01,4008.4,21626
2021-05-05 09:20:02,4010.45,21627
2021-05-05 09:20:03,4010.8,21742
2021-05-05 09:20:04,4010.5,21802
2021-05-05 09:20:05,4008.2,21811
2021-05-05 09:20:07,4007.9,21854
2021-05-05 09:20:06,4007.9,21854
2021-05-05 09:20:08,4008.95,21913
2021-05-05 09:20:09,4009.8,21918
2021-05-05 09:20:10,4009.8,21918
2021-05-05 09:20:11,4009.75,22120
2021-05-05 09:20:12,4010.5,22380
2021-05-05 09:20:13,4010.7,22430
2021-05-05 09:20:14,4010.5,22438
2021-05-05 09:20:15,4007.5,22472
2021-05-05 09:20:16,4008.8,22473
2021-05-05 09:20:17,4010.8,22666
2021-05-05 09:20:18,4008.5,22676
2021-05-05 09:20:19,4009.9,22803
2021-05-05 09:20:20,4010.0,22809
2021-05-05 09:20:21,4008.4,22875
2021-05-05 09:20:22,4007.6,22947
2021-05-05 09:20:23,4005.95,22971
2021-05-05 09:20:24,4006.7,22980
2021-05-05 09:20:25,4004.7,23140
2021-05-05 09:20:26,4006.8,23143
2021-05-05 09:20:27,4006.8,23143
2021-05-05 09:20:28,4006.1,23172
2021-05-05 09:20:29,4006.1,23173
2021-05-05 09:20:30,4001.9,23611
2021-05-05 09:20:31,4002.95,23636
2021-05-05 09:20:32,4001.05,23650
2021-05-05 09:20:33,4001.05,23650
2021-05-05 09:20:34,4001.05,23650
2021-05-05 09:20:35,4005.55,24572
2021-05-05 09:20:36,4005.55,24729
2021-05-05 09:20:37,4005.55,24729
2021-05-05 09:20:38,4005.55,24729
2021-05-05 09:20:40,4004.0,24746
2021-05-05 09:20:40,4004.0,24746
2021-05-05 09:20:41,4005.4,24846
2021-05-05 09:20:42,4003.85,24868
2021-05-05 09:20:43,4002.3,24943
2021-05-05 09:20:44,3999.05,26572
2021-05-05 09:20:47,3999.05,26579
2021-05-05 09:20:47,3998.95,26584
2021-05-05 09:20:48,3996.0,26676
2021-05-05 09:20:49,3999.2,26836
2021-05-05 09:20:50,3999.2,26836
2021-05-05 09:20:51,3993.2,27017
2021-05-05 09:20:52,3994.3,27027
2021-05-05 09:20:53,3994.05,27127
2021-05-05 09:20:54,3994.05,27127
2021-05-05 09:20:55,3991.0,27276
2021-05-05 09:20:56,3993.5,27378
2021-05-05 09:20:57,3993.5,27378
2021-05-05 09:20:58,3990.1,27412
2021-05-05 09:21:00,3990.1,27450
2021-05-05 09:21:01,3990.2,27501
2021-05-05 09:21:02,3993.05,27502
2021-05-05 09:21:03,3990.5,27507
2021-05-05 09:21:04,3990.5,27507
2021-05-05 09:21:05,3993.2,27577
2021-05-05 09:21:06,3993.2,27607
2021-05-05 09:21:07,3990.45,27672
2021-05-05 09:21:08,3990.45,27672
2021-05-05 09:21:09,3990.45,27672
2021-05-05 09:21:10,3985.9,28304
2021-05-05 09:21:11,3983.0,28588
2021-05-05 09:21:13,3984.85,28657
2021-05-05 09:21:14,3985.2,28721
2021-05-05 09:21:15,3986.4,28925
2021-05-05 09:21:16,3985.65,28926
2021-05-05 09:21:17,3985.65,28926
2021-05-05 09:21:18,3985.5,28937
2021-05-05 09:21:22,3986.0,29040
2021-05-05 09:21:24,3985.55,29052
2021-05-05 09:21:26,3985.5,29055
2021-05-05 09:21:27,3985.5,29055
2021-05-05 09:21:28,3986.85,29091
2021-05-05 09:21:29,3988.75,29096
2021-05-05 09:21:30,3988.75,29096
2021-05-05 09:21:34,3988.4,29556
2021-05-05 09:21:35,3988.4,29556
2021-05-05 09:21:36,3988.4,29556
2021-05-05 09:21:37,3990.8,29558
2021-05-05 09:21:38,3990.8,29558
2021-05-05 09:21:39,3987.95,29711
2021-05-05 09:21:40,3991.4,29793
2021-05-05 09:21:41,3991.2,29794
2021-05-05 09:21:42,3993.05,29795
2021-05-05 09:21:43,3993.05,29795
2021-05-05 09:21:44,3993.05,29795
2021-05-05 09:21:45,3993.05,29795
2021-05-05 09:21:46,3993.95,29835
2021-05-05 09:21:47,3993.4,29839
2021-05-05 09:21:48,3990.95,29853
2021-05-05 09:21:51,3993.45,29857
2021-05-05 09:21:51,3993.45,29861
2021-05-05 09:21:52,3993.45,29861
2021-05-05 09:21:53,3993.45,29861
2021-05-05 09:21:54,3993.95,29872
2021-05-05 09:21:56,3991.3,30072
2021-05-05 09:21:57,3994.35,30075
2021-05-05 09:21:58,3994.35,30075
2021-05-05 09:21:59,3994.35,30075
2021-05-05 09:22:02,3993.45,30089
2021-05-05 09:22:04,3993.45,30098
2021-05-05 09:22:05,3991.3,30142
2021-05-05 09:22:07,3991.15,30152
2021-05-05 09:22:08,3992.8,30205
2021-05-05 09:22:09,3990.0,30255
2021-05-05 09:22:11,3990.05,30424
2021-05-05 09:22:12,3992.0,30524
2021-05-05 09:22:13,3992.0,30524
2021-05-05 09:22:14,3989.15,30696
2021-05-05 09:22:15,3988.1,30702
2021-05-05 09:22:16,3988.1,30702
2021-05-05 09:22:17,3991.0,30707
2021-05-05 09:22:18,3991.0,30826
2021-05-05 09:22:19,3990.05,30829
2021-05-05 09:22:20,3987.6,31093
2021-05-05 09:22:21,3989.2,31118
2021-05-05 09:22:22,3989.2,31118
2021-05-05 09:22:23,3989.2,31118
2021-05-05 09:22:24,3989.2,31118
2021-05-05 09:22:25,3989.2,31118
2021-05-05 09:22:26,3989.2,31118
2021-05-05 09:22:27,3989.2,31118
2021-05-05 09:22:28,3986.15,31250
2021-05-05 09:22:29,3985.5,31585
2021-05-05 09:22:30,3985.5,31585
2021-05-05 09:22:31,3985.5,31585
2021-05-05 09:22:33,3987.85,31595
2021-05-05 09:22:34,3985.15,31604
2021-05-05 09:22:35,3988.5,31612
2021-05-05 09:22:36,3985.0,32002
2021-05-05 09:22:37,3985.0,32148
2021-05-05 09:22:38,3982.45,32883
2021-05-05 09:22:39,3983.5,32990
2021-05-05 09:22:40,3983.5,32995
2021-05-05 09:22:41,3981.0,33044
2021-05-05 09:22:42,3980.05,33146
2021-05-05 09:22:43,3980.05,33148
2021-05-05 09:22:45,3977.6,33593
2021-05-05 09:22:46,3976.55,33671
2021-05-05 09:22:47,3976.55,33671
2021-05-05 09:22:48,3976.5,33773
2021-05-05 09:22:48,3976.7,33827
2021-05-05 09:22:49,3976.35,33957
2021-05-05 09:22:50,3976.35,33957
2021-05-05 09:22:51,3975.4,33968
2021-05-05 09:22:52,3979.1,34119
2021-05-05 09:22:54,3978.4,34145
2021-05-05 09:22:55,3980.1,34308
2021-05-05 09:22:56,3977.15,34358
2021-05-05 09:22:57,3980.1,34391
2021-05-05 09:22:58,3979.95,34392
2021-05-05 09:22:59,3979.95,34394
2021-05-05 09:23:00,3978.4,34444
2021-05-05 09:23:01,3978.4,34444
2021-05-05 09:23:02,3979.8,34446
2021-05-05 09:23:03,3978.0,34448
2021-05-05 09:23:04,3978.0,34448
2021-05-05 09:23:04,3978.0,34448
2021-05-05 09:23:06,3979.95,34465
2021-05-05 09:23:07,3979.95,34465
2021-05-05 09:23:08,3978.0,34547
2021-05-05 09:23:09,3980.0,34551
2021-05-05 09:23:10,3981.25,34594
2021-05-05 09:23:11,3979.95,34679
2021-05-05 09:23:12,3983.95,34865
2021-05-05 09:23:13,3984.45,34943
2021-05-05 09:23:14,3983.5,34944
2021-05-05 09:23:15,3983.5,34944
2021-05-05 09:23:16,3985.35,34948
2021-05-05 09:23:17,3982.85,34976
2021-05-05 09:23:18,3982.55,34998
2021-05-05 09:23:19,3985.3,35003
2021-05-05 09:23:20,3985.05,35014
2021-05-05 09:23:21,3985.1,35027
2021-05-05 09:23:22,3985.1,35027
2021-05-05 09:23:23,3983.55,35163
2021-05-05 09:23:24,3985.55,35182
2021-05-05 09:23:26,3985.0,35197
2021-05-05 09:23:26,3985.6,35251
2021-05-05 09:23:27,3985.75,35309
2021-05-05 09:23:28,3985.75,35309
2021-05-05 09:23:29,3981.95,35372
2021-05-05 09:23:30,3983.55,35375
2021-05-05 09:23:31,3984.35,35449
2021-05-05 09:23:32,3984.35,35449
2021-05-05 09:23:33,3983.55,35456
2021-05-05 09:23:34,3983.55,35461
2021-05-05 09:23:36,3983.55,35461
2021-05-05 09:23:37,3982.0,35518
2021-05-05 09:23:38,3984.0,35522
2021-05-05 09:23:39,3984.55,35532
2021-05-05 09:23:41,3984.0,35547
2021-05-05 09:23:42,3984.0,35547
2021-05-05 09:23:43,3984.3,35591
2021-05-05 09:23:43,3984.3,35591
2021-05-05 09:23:44,3984.3,35591
2021-05-05 09:23:45,3984.3,35591
2021-05-05 09:23:46,3982.1,35606
2021-05-05 09:23:47,3982.1,35606
2021-05-05 09:23:48,3984.15,35607
2021-05-05 09:23:49,3984.55,35633
2021-05-05 09:23:51,3984.95,35663
2021-05-05 09:23:52,3984.95,35663
2021-05-05 09:23:53,3984.55,35728
2021-05-05 09:23:54,3982.4,35756
2021-05-05 09:23:55,3982.4,35756
2021-05-05 09:23:55,3985.0,35804
2021-05-05 09:23:56,3985.0,35804
2021-05-05 09:23:57,3981.3,35992
2021-05-05 09:23:58,3978.05,36512
2021-05-05 09:23:59,3978.05,36512
2021-05-05 09:24:00,3978.05,36512
2021-05-05 09:24:01,3978.0,36515
2021-05-05 09:24:02,3980.0,36520
2021-05-05 09:24:03,3978.0,36523
2021-05-05 09:24:04,3978.0,36523
2021-05-05 09:24:05,3978.05,36535
2021-05-05 09:24:06,3976.0,36776
2021-05-05 09:24:07,3976.0,36787
2021-05-05 09:24:08,3976.0,36787
2021-05-05 09:24:09,3978.55,36837
2021-05-05 09:24:10,3976.8,36850
2021-05-05 09:24:11,3976.8,36850
2021-05-05 09:24:12,3976.85,36869
2021-05-05 09:24:13,3976.8,36881
2021-05-05 09:24:14,3976.8,36881
2021-05-05 09:24:15,3978.55,36882
2021-05-05 09:24:18,3976.65,36966
2021-05-05 09:24:19,3976.65,37036
2021-05-05 09:24:20,3978.55,37039
2021-05-05 09:24:21,3978.55,37039
2021-05-05 09:24:22,3978.55,37039
2021-05-05 09:24:23,3979.3,37040
2021-05-05 09:24:24,3976.85,37045
2021-05-05 09:24:25,3981.1,37270
2021-05-05 09:24:26,3982.65,37321
2021-05-05 09:24:26,3982.65,37321
2021-05-05 09:24:27,3982.65,37321
2021-05-05 09:24:28,3982.65,37321
2021-05-05 09:24:29,3984.7,37324
2021-05-05 09:24:30,3984.65,37327
2021-05-05 09:24:31,3983.25,37482
2021-05-05 09:24:32,3983.3,37493
2021-05-05 09:24:33,3985.55,37498
2021-05-05 09:24:34,3985.55,37498
2021-05-05 09:24:35,3983.2,37506
2021-05-05 09:24:36,3983.2,37506
2021-05-05 09:24:38,3982.55,37514
2021-05-05 09:24:39,3982.55,37516
2021-05-05 09:24:40,3982.55,37516
2021-05-05 09:24:41,3982.55,37516
2021-05-05 09:24:42,3982.55,37516
2021-05-05 09:24:42,3982.55,37516
2021-05-05 09:24:43,3982.55,37517
2021-05-05 09:24:44,3983.0,37528
2021-05-05 09:24:45,3984.75,37570
2021-05-05 09:24:46,3984.75,37574
2021-05-05 09:24:48,3984.75,37600
2021-05-05 09:24:49,3984.75,37600
2021-05-05 09:24:50,3984.45,37687
2021-05-05 09:24:52,3984.45,37687
2021-05-05 09:24:53,3981.1,37727
2021-05-05 09:24:54,3981.1,37727
2021-05-05 09:24:55,3983.9,37827
2021-05-05 09:24:56,3983.9,37839
2021-05-05 09:24:57,3983.9,37839
2021-05-05 09:24:58,3983.9,37839
2021-05-05 09:24:59,3982.65,37849
2021-05-05 09:25:00,3980.35,37894
2021-05-05 09:25:04,3978.0,38179
2021-05-05 09:25:05,3980.8,38439
2021-05-05 09:25:06,3978.0,38500
2021-05-05 09:25:07,3975.2,39219
2021-05-05 09:25:08,3979.3,39220
2021-05-05 09:25:09,3979.3,39220
2021-05-05 09:25:10,3978.0,39226
2021-05-05 09:25:11,3978.0,39321
2021-05-05 09:25:12,3979.8,39329
2021-05-05 09:25:13,3979.8,39384
2021-05-05 09:25:14,3979.9,39396
2021-05-05 09:25:15,3979.9,39396
2021-05-05 09:25:16,3979.65,39449
2021-05-05 09:25:17,3980.35,39454
2021-05-05 09:25:18,3980.35,39465
2021-05-05 09:25:19,3979.65,39505
2021-05-05 09:25:20,3977.15,39516
2021-05-05 09:25:21,3977.15,39516
2021-05-05 09:25:22,3977.15,39517
2021-05-05 09:25:23,3979.6,39520
2021-05-05 09:25:24,3979.6,39520
2021-05-05 09:25:25,3980.0,39540
2021-05-05 09:25:26,3980.0,39540
2021-05-05 09:25:27,3980.0,39540
2021-05-05 09:25:27,3980.0,39540
2021-05-05 09:25:28,3980.0,39540
2021-05-05 09:25:29,3979.95,39541
2021-05-05 09:25:30,3979.95,39541
2021-05-05 09:25:31,3979.95,39546
2021-05-05 09:25:32,3979.95,39546
2021-05-05 09:25:33,3979.95,39546
2021-05-05 09:25:34,3980.0,39548
2021-05-05 09:25:36,3980.0,39564
2021-05-05 09:25:36,3980.0,39564
2021-05-05 09:25:37,3979.95,39566
2021-05-05 09:25:38,3980.0,39570
2021-05-05 09:25:39,3980.0,39570
2021-05-05 09:25:41,3976.5,39766
2021-05-05 09:25:42,3976.5,39766
2021-05-05 09:25:43,3976.5,39766
2021-05-05 09:25:44,3976.5,39766
2021-05-05 09:25:45,3978.8,39776
2021-05-05 09:25:46,3978.8,39776
2021-05-05 09:25:47,3977.7,39777
2021-05-05 09:25:48,3978.8,39877
2021-05-05 09:25:49,3977.0,39879
2021-05-05 09:25:50,3977.0,39879
2021-05-05 09:25:51,3976.0,40088
2021-05-05 09:25:52,3975.35,40110
2021-05-05 09:25:53,3977.75,40146
2021-05-05 09:25:54,3977.75,40156
2021-05-05 09:25:55,3977.75,40156
2021-05-05 09:25:56,3975.75,40157
2021-05-05 09:25:57,3975.0,40307
2021-05-05 09:25:58,3978.15,40343
2021-05-05 09:25:59,3975.6,40361
2021-05-05 09:26:00,3975.6,40361
2021-05-05 09:26:01,3975.6,40361
2021-05-05 09:26:02,3975.6,40361
2021-05-05 09:26:03,3977.7,40362
2021-05-05 09:26:04,3976.45,40562
2021-05-05 09:26:05,3977.7,40614
2021-05-05 09:26:06,3977.7,40627
2021-05-05 09:26:07,3977.7,40628
2021-05-05 09:26:08,3975.6,40631
2021-05-05 09:26:09,3978.2,40702
2021-05-05 09:26:11,3978.95,40729
2021-05-05 09:26:12,3982.0,41539
2021-05-05 09:26:13,3983.95,41910
2021-05-05 09:26:14,3982.0,41960
2021-05-05 09:26:15,3984.45,41981
2021-05-05 09:26:16,3984.45,41981
2021-05-05 09:26:17,3985.0,42083
2021-05-05 09:26:18,3985.0,42083
2021-05-05 09:26:19,3985.0,42083
2021-05-05 09:26:20,3985.0,42083
2021-05-05 09:26:21,3985.0,42083
2021-05-05 09:26:22,3985.0,42133
2021-05-05 09:26:23,3982.55,42283
2021-05-05 09:26:24,3984.9,42284
2021-05-05 09:26:25,3985.0,42320
2021-05-05 09:26:26,3984.4,42339
2021-05-05 09:26:27,3985.55,42489
2021-05-05 09:26:28,3984.0,42509
2021-05-05 09:26:29,3983.95,42528
2021-05-05 09:26:30,3983.95,42528
2021-05-05 09:26:31,3983.95,42528
2021-05-05 09:26:32,3983.95,42528
2021-05-05 09:26:33,3983.95,42533
2021-05-05 09:26:34,3984.0,42535
2021-05-05 09:26:35,3984.0,42539
2021-05-05 09:26:36,3984.0,42539
2021-05-05 09:26:37,3982.25,42543
2021-05-05 09:26:38,3983.95,42544
2021-05-05 09:26:39,3983.95,42544
2021-05-05 09:26:40,3983.95,42544
2021-05-05 09:26:41,3983.95,42544
2021-05-05 09:26:42,3983.1,42554
2021-05-05 09:26:43,3983.1,42554
2021-05-05 09:26:44,3982.0,42905
2021-05-05 09:26:45,3984.45,42906
2021-05-05 09:26:47,3984.95,42916
2021-05-05 09:26:48,3982.2,42920
2021-05-05 09:26:49,3982.2,42920
2021-05-05 09:26:50,3982.2,42920
2021-05-05 09:26:51,3982.2,42920
2021-05-05 09:26:52,3982.2,42920
2021-05-05 09:26:53,3982.2,42920
2021-05-05 09:26:54,3982.2,42920
2021-05-05 09:26:57,3983.95,42923
2021-05-05 09:26:59,3983.95,42923
2021-05-05 09:27:00,3985.0,42948
2021-05-05 09:27:01,3985.0,42948
2021-05-05 09:27:02,3985.0,42950
2021-05-05 09:27:03,3985.0,42950
2021-05-05 09:27:04,3983.95,42951
2021-05-05 09:27:05,3983.95,42951
2021-05-05 09:27:06,3983.95,42951
2021-05-05 09:27:07,3983.95,42951
2021-05-05 09:27:08,3985.5,43001
2021-05-05 09:27:09,3985.4,43017
2021-05-05 09:27:13,3985.0,43026
2021-05-05 09:27:14,3984.6,43034
2021-05-05 09:27:15,3984.6,43036
2021-05-05 09:27:16,3982.35,43051
2021-05-05 09:27:17,3982.35,43051
2021-05-05 09:27:18,3982.35,43051
2021-05-05 09:27:19,3982.15,43053
2021-05-05 09:27:20,3982.15,43053
2021-05-05 09:27:21,3982.15,43053
2021-05-05 09:27:22,3985.0,43063
2021-05-05 09:27:23,3985.0,43063
2021-05-05 09:27:24,3985.0,43063
2021-05-05 09:27:25,3985.0,43063
2021-05-05 09:27:26,3985.0,43080
2021-05-05 09:27:27,3985.0,43080
2021-05-05 09:27:29,3985.0,43088
2021-05-05 09:27:30,3985.0,43088
2021-05-05 09:27:31,3985.0,43093
2021-05-05 09:27:32,3985.0,43093
2021-05-05 09:27:33,3985.0,43093
2021-05-05 09:27:34,3985.0,43103
2021-05-05 09:27:36,3985.0,43103
2021-05-05 09:27:35,3985.0,43103
2021-05-05 09:27:37,3985.0,43103
2021-05-05 09:27:38,3985.0,43103
2021-05-05 09:27:39,3983.0,43319
2021-05-05 09:27:40,3983.0,43319
2021-05-05 09:27:41,3983.0,43319
2021-05-05 09:27:42,3984.0,43339
2021-05-05 09:27:43,3984.0,43339
2021-05-05 09:27:44,3984.0,43339
2021-05-05 09:27:45,3984.05,43340
2021-05-05 09:27:46,3984.1,43342
2021-05-05 09:27:47,3984.1,43342
2021-05-05 09:27:48,3984.1,43342
2021-05-05 09:27:49,3982.0,43344
2021-05-05 09:27:50,3982.0,43344
2021-05-05 09:27:51,3982.0,43344
2021-05-05 09:27:51,3982.0,43344
2021-05-05 09:27:52,3982.0,43344
2021-05-05 09:27:53,3982.0,43344
2021-05-05 09:27:54,3984.1,43394
2021-05-05 09:27:56,3979.05,43695
2021-05-05 09:27:56,3979.05,43695
2021-05-05 09:27:59,3983.7,43725
2021-05-05 09:28:00,3983.7,43725
2021-05-05 09:28:01,3983.7,43725
2021-05-05 09:28:02,3983.7,43725
2021-05-05 09:28:03,3983.7,43725
2021-05-05 09:28:04,3981.05,43752
2021-05-05 09:28:05,3981.05,43752
2021-05-05 09:28:06,3981.05,43754
2021-05-05 09:28:07,3981.05,43754
2021-05-05 09:28:08,3982.8,43815
2021-05-05 09:28:09,3980.15,43816
2021-05-05 09:28:10,3980.0,43819
2021-05-05 09:28:11,3980.15,43839
2021-05-05 09:28:12,3980.15,43839
2021-05-05 09:28:13,3981.05,43842
2021-05-05 09:28:14,3981.05,43842
2021-05-05 09:28:15,3981.05,43889
2021-05-05 09:28:16,3983.0,43890
2021-05-05 09:28:17,3983.0,43890
2021-05-05 09:28:18,3983.0,43893
2021-05-05 09:28:19,3983.0,43893
2021-05-05 09:28:20,3983.0,43893
2021-05-05 09:28:21,3981.3,43965
2021-05-05 09:28:22,3981.3,43965
2021-05-05 09:28:23,3983.85,43970
2021-05-05 09:28:24,3983.05,43974
2021-05-05 09:28:25,3983.0,44074
2021-05-05 09:28:26,3981.05,44174
2021-05-05 09:28:27,3981.1,44176
2021-05-05 09:28:28,3981.1,44176
2021-05-05 09:28:29,3981.05,44179
2021-05-05 09:28:30,3981.05,44179
2021-05-05 09:28:31,3981.05,44278
2021-05-05 09:28:32,3981.05,44278
2021-05-05 09:28:33,3980.85,44289
2021-05-05 09:28:34,3980.85,44289
2021-05-05 09:28:35,3980.85,44289
2021-05-05 09:28:36,3980.85,44289
2021-05-05 09:28:37,3980.85,44289
2021-05-05 09:28:38,3980.85,44289
2021-05-05 09:28:39,3983.05,44509
2021-05-05 09:28:40,3983.05,44509
2021-05-05 09:28:41,3983.05,44509
2021-05-05 09:28:43,3977.7,44590
2021-05-05 09:28:43,3978.35,44591
2021-05-05 09:28:44,3978.35,44597
2021-05-05 09:28:45,3978.0,44614
2021-05-05 09:28:46,3978.75,44739
2021-05-05 09:28:48,3978.75,44739
2021-05-05 09:28:49,3978.75,44739
2021-05-05 09:28:50,3978.7,44793
2021-05-05 09:28:51,3978.7,44793
2021-05-05 09:28:52,3976.5,44810
2021-05-05 09:28:53,3978.0,44915
2021-05-05 09:28:54,3978.0,44915
2021-05-05 09:28:55,3976.05,44930
2021-05-05 09:28:56,3978.55,44937
2021-05-05 09:28:57,3978.55,44937
2021-05-05 09:28:59,3978.55,44937
2021-05-05 09:29:00,3978.55,44937
2021-05-05 09:29:01,3978.75,45256
2021-05-05 09:29:02,3978.75,45256
2021-05-05 09:29:03,3978.75,45256
2021-05-05 09:29:04,3980.2,45258
2021-05-05 09:29:05,3980.2,45258
2021-05-05 09:29:06,3980.2,45258
2021-05-05 09:29:07,3977.3,45285
2021-05-05 09:29:08,3977.3,45285
2021-05-05 09:29:09,3980.0,45290
2021-05-05 09:29:10,3980.0,45290
2021-05-05 09:29:11,3980.0,45290
2021-05-05 09:29:12,3978.4,45366
2021-05-05 09:29:14,3980.25,45367
2021-05-05 09:29:15,3980.7,45368
2021-05-05 09:29:17,3980.25,45369
2021-05-05 09:29:18,3980.3,45370
2021-05-05 09:29:19,3980.25,45427
2021-05-05 09:29:20,3980.25,45427
2021-05-05 09:29:21,3980.25,45427
2021-05-05 09:29:23,3980.25,45427
2021-05-05 09:29:24,3980.25,45427
2021-05-05 09:29:25,3979.95,45640
2021-05-05 09:29:26,3979.95,45640
2021-05-05 09:29:27,3979.95,45640
2021-05-05 09:29:28,3979.95,45640
2021-05-05 09:29:29,3979.95,45640
2021-05-05 09:29:30,3979.95,45640
2021-05-05 09:29:31,3979.95,45640
2021-05-05 09:29:32,3980.8,45650
2021-05-05 09:29:33,3980.8,45650
2021-05-05 09:29:34,3980.8,45650
2021-05-05 09:29:35,3981.8,45660
2021-05-05 09:29:36,3981.8,45660
2021-05-05 09:29:37,3981.8,45660
2021-05-05 09:29:39,3979.2,45661
2021-05-05 09:29:40,3982.0,45663
2021-05-05 09:29:41,3981.0,45670
2021-05-05 09:29:42,3979.2,45686
2021-05-05 09:29:43,3979.2,45686
2021-05-05 09:29:44,3979.2,45686
2021-05-05 09:29:45,3981.1,45687
2021-05-05 09:29:46,3981.1,45687
2021-05-05 09:29:47,3981.1,45687
2021-05-05 09:29:48,3981.25,45711
2021-05-05 09:29:49,3978.8,45712
2021-05-05 09:29:50,3981.1,45762
2021-05-05 09:29:51,3977.7,45823
2021-05-05 09:29:52,3977.7,45823
2021-05-05 09:29:53,3981.15,45826
2021-05-05 09:29:57,3981.15,45836
2021-05-05 09:29:58,3981.15,45836
2021-05-05 09:29:59,3981.15,45836
2021-05-05 09:30:00,3981.15,45836
2021-05-05 09:30:01,3981.15,45836
2021-05-05 09:30:02,3981.15,45836
2021-05-05 09:30:03,3979.85,45841
2021-05-05 09:30:04,3979.85,45841
2021-05-05 09:30:05,3979.85,45841
2021-05-05 09:30:07,3981.2,45846
2021-05-05 09:30:08,3981.2,45846
2021-05-05 09:30:09,3981.2,45846
2021-05-05 09:30:10,3981.2,45846
2021-05-05 09:30:11,3981.15,45861
2021-05-05 09:30:12,3981.15,45861
2021-05-05 09:30:13,3981.15,45861
2021-05-05 09:30:14,3982.9,45883
2021-05-05 09:30:15,3982.9,45883
2021-05-05 09:30:16,3982.9,45883
2021-05-05 09:30:17,3982.9,45883
2021-05-05 09:30:18,3982.9,45883
2021-05-05 09:30:19,3982.9,45890
2021-05-05 09:30:20,3982.9,45915
2021-05-05 09:30:21,3982.5,45952
2021-05-05 09:30:22,3982.5,45952
2021-05-05 09:30:23,3982.15,45956
2021-05-05 09:30:24,3982.15,45956
2021-05-05 09:30:25,3982.55,45972
2021-05-05 09:30:26,3982.6,45977
2021-05-05 09:30:27,3982.05,46009
2021-05-05 09:30:28,3982.05,46009
2021-05-05 09:30:29,3982.9,46034
2021-05-05 09:30:30,3981.3,46078
2021-05-05 09:30:31,3981.65,46079
2021-05-05 09:30:32,3983.0,46696
2021-05-05 09:30:33,3983.0,46696
2021-05-05 09:30:34,3984.8,46697
2021-05-05 09:30:35,3984.8,46697
2021-05-05 09:30:36,3984.8,46697
2021-05-05 09:30:37,3984.8,46697
2021-05-05 09:30:38,3982.8,46728
2021-05-05 09:30:39,3982.8,46728
2021-05-05 09:30:40,3982.8,46728
2021-05-05 09:30:41,3985.0,46753
2021-05-05 09:30:42,3984.75,46782
2021-05-05 09:30:43,3984.75,46782
2021-05-05 09:30:44,3984.65,46978
2021-05-05 09:30:45,3984.95,46979
2021-05-05 09:30:46,3984.95,46979
2021-05-05 09:30:47,3984.95,46979
2021-05-05 09:30:48,3984.95,46979
2021-05-05 09:30:49,3984.95,46979
2021-05-05 09:30:50,3984.95,46979
2021-05-05 09:30:51,3983.35,46980
2021-05-05 09:30:52,3983.35,46992
2021-05-05 09:30:53,3983.35,46992
2021-05-05 09:30:54,3981.9,47014
2021-05-05 09:30:55,3981.9,47014
2021-05-05 09:30:56,3981.9,47014
2021-05-05 09:30:57,3981.9,47014
2021-05-05 09:30:58,3981.9,47024
2021-05-05 09:30:59,3981.9,47024
2021-05-05 09:31:00,3983.35,47040
2021-05-05 09:31:01,3983.35,47040
2021-05-05 09:31:02,3983.35,47040
2021-05-05 09:31:03,3984.5,47041
2021-05-05 09:31:04,3984.5,47041
2021-05-05 09:31:05,3984.5,47041
2021-05-05 09:31:06,3984.5,47041
2021-05-05 09:31:10,3989.95,48274
2021-05-05 09:31:11,3989.95,48274
2021-05-05 09:31:12,3990.0,48300
2021-05-05 09:31:13,3990.0,48301
2021-05-05 09:31:15,3990.0,48302
2021-05-05 09:31:15,3990.0,48302
2021-05-05 09:31:16,3990.0,48302
2021-05-05 09:31:17,3990.0,48353
2021-05-05 09:31:18,3990.0,48353
2021-05-05 09:31:19,3990.0,48401
2021-05-05 09:31:20,3988.8,48489
2021-05-05 09:31:21,3988.8,48489
2021-05-05 09:31:22,3991.0,48508
2021-05-05 09:31:23,3991.0,48508
2021-05-05 09:31:24,3991.0,48508
2021-05-05 09:31:25,3991.0,48508
2021-05-05 09:31:26,3989.0,48523
2021-05-05 09:31:27,3989.0,48523
2021-05-05 09:31:28,3988.85,48525
2021-05-05 09:31:29,3988.85,48525
2021-05-05 09:31:30,3990.0,48526
2021-05-05 09:31:31,3988.85,48546
2021-05-05 09:31:32,3988.85,48546
2021-05-05 09:31:33,3990.0,48556
2021-05-05 09:31:34,3988.85,48596
2021-05-05 09:31:35,3990.0,48617
2021-05-05 09:31:36,3990.0,48617
2021-05-05 09:31:37,3990.0,48617
2021-05-05 09:31:38,3990.0,48617
2021-05-05 09:31:39,3990.0,48617
2021-05-05 09:31:40,3990.5,48623
2021-05-05 09:31:41,3990.5,48625
2021-05-05 09:31:42,3990.5,48625
2021-05-05 09:31:43,3990.0,48635
2021-05-05 09:31:44,3990.1,48860
2021-05-05 09:31:45,3990.1,48873
2021-05-05 09:31:46,3990.1,48873
2021-05-05 09:31:47,3990.1,48873
2021-05-05 09:31:48,3992.7,48883
2021-05-05 09:31:49,3992.0,48906
2021-05-05 09:31:50,3992.85,48908
2021-05-05 09:31:51,3992.85,48908
2021-05-05 09:31:52,3992.85,48908
2021-05-05 09:31:53,3992.85,48908
2021-05-05 09:31:54,3990.5,48911
2021-05-05 09:31:55,3992.85,48912
2021-05-05 09:31:57,3992.95,48993
2021-05-05 09:31:58,3992.95,48993
2021-05-05 09:31:59,3993.0,49061
2021-05-05 09:32:01,3991.0,49063
2021-05-05 09:32:02,3992.5,49064
2021-05-05 09:32:03,3992.85,49074
2021-05-05 09:32:04,3992.85,49099
2021-05-05 09:32:05,3991.05,49102
2021-05-05 09:32:06,3991.05,49104
2021-05-05 09:32:07,3991.05,49104
2021-05-05 09:32:07,3991.05,49104
2021-05-05 09:32:08,3991.05,49104
2021-05-05 09:32:09,3991.05,49104
2021-05-05 09:32:10,3991.05,49104
2021-05-05 09:32:11,3991.95,49106
2021-05-05 09:32:12,3991.95,49106
2021-05-05 09:32:13,3991.55,49117
2021-05-05 09:32:14,3992.8,49124
2021-05-05 09:32:15,3991.0,49142
2021-05-05 09:32:16,3990.35,49144
2021-05-05 09:32:17,3990.35,49144
2021-05-05 09:32:18,3990.35,49147
2021-05-05 09:32:19,3990.35,49147
2021-05-05 09:32:20,3990.0,49197
2021-05-05 09:32:22,3990.0,49197
2021-05-05 09:32:23,3990.0,49199
2021-05-05 09:32:24,3990.0,49199
2021-05-05 09:32:24,3990.0,49199
2021-05-05 09:32:25,3990.0,49199
2021-05-05 09:32:26,3990.0,49209
2021-05-05 09:32:27,3991.0,49229
2021-05-05 09:32:28,3991.0,49229
2021-05-05 09:32:30,3991.0,49229
2021-05-05 09:32:31,3991.0,49229
2021-05-05 09:32:32,3990.0,49239
2021-05-05 09:32:32,3991.0,49367
2021-05-05 09:32:33,3990.0,49510
2021-05-05 09:32:34,3990.5,49512
2021-05-05 09:32:35,3990.5,49512
2021-05-05 09:32:36,3992.85,50291
2021-05-05 09:32:37,3989.1,50435
2021-05-05 09:32:38,3989.1,50435
2021-05-05 09:32:40,3989.1,50443
2021-05-05 09:32:40,3989.1,50443
2021-05-05 09:32:41,3991.8,50554
2021-05-05 09:32:42,3992.5,50583
2021-05-05 09:32:43,3992.5,50583
2021-05-05 09:32:44,3991.8,50588
2021-05-05 09:32:45,3991.95,50592
2021-05-05 09:32:47,3990.0,50617
2021-05-05 09:32:48,3991.85,50672
2021-05-05 09:32:50,3988.8,50689
2021-05-05 09:32:51,3990.0,50759
2021-05-05 09:32:52,3988.7,50767
2021-05-05 09:32:52,3988.7,50769
2021-05-05 09:32:53,3988.65,50772
2021-05-05 09:32:55,3988.65,50772
2021-05-05 09:32:56,3990.0,50786
2021-05-05 09:32:57,3990.0,50801
2021-05-05 09:32:58,3990.0,50801
2021-05-05 09:32:59,3990.0,50801
2021-05-05 09:33:00,3990.0,50804
2021-05-05 09:33:01,3990.0,50804
2021-05-05 09:33:02,3990.0,50804
2021-05-05 09:33:04,3991.6,50808
2021-05-05 09:33:04,3991.6,50808
2021-05-05 09:33:05,3991.6,50808
2021-05-05 09:33:06,3991.6,50808
2021-05-05 09:33:08,3992.1,51580
2021-05-05 09:33:09,3992.1,51580
2021-05-05 09:33:10,3992.1,51580
2021-05-05 09:33:11,3992.1,51580
2021-05-05 09:33:12,3995.0,51687
2021-05-05 09:33:13,3995.0,51809
2021-05-05 09:33:14,3995.15,52010
2021-05-05 09:33:15,3995.5,52131
2021-05-05 09:33:17,3992.5,52146
2021-05-05 09:33:18,3992.5,52206
2021-05-05 09:33:18,3996.0,52588
2021-05-05 09:33:19,3993.3,52654
2021-05-05 09:33:20,3993.1,52693
2021-05-05 09:33:23,3991.65,52915
2021-05-05 09:33:23,3991.0,52955
2021-05-05 09:33:24,3993.1,53026
2021-05-05 09:33:26,3991.2,53105
2021-05-05 09:33:27,3990.7,53117
2021-05-05 09:33:28,3993.3,53120
2021-05-05 09:33:29,3993.3,53120
2021-05-05 09:33:30,3993.3,53120
2021-05-05 09:33:30,3995.4,53145
2021-05-05 09:33:31,3993.2,53206
2021-05-05 09:33:32,3991.6,53214
2021-05-05 09:33:34,3992.0,53279
2021-05-05 09:33:35,3990.75,53289
2021-05-05 09:33:36,3990.75,53289
2021-05-05 09:33:37,3990.9,53437
2021-05-05 09:33:38,3990.4,53620
2021-05-05 09:33:40,3990.4,53623
2021-05-05 09:33:41,3990.35,53650
2021-05-05 09:33:41,3992.3,53701
2021-05-05 09:33:43,3992.7,53706
2021-05-05 09:33:44,3990.25,53710
2021-05-05 09:33:45,3992.4,53717
2021-05-05 09:33:46,3992.4,53717
2021-05-05 09:33:46,3992.4,53717
2021-05-05 09:33:48,3992.4,53717
2021-05-05 09:33:49,3992.55,53718
2021-05-05 09:33:49,3992.55,53718
2021-05-05 09:33:51,3983.5,54486
2021-05-05 09:33:52,3981.15,54579
2021-05-05 09:33:53,3983.7,54651
2021-05-05 09:33:54,3983.6,54686
2021-05-05 09:33:55,3983.6,54686
2021-05-05 09:33:56,3981.15,54881
2021-05-05 09:33:57,3983.7,54922
2021-05-05 09:33:58,3983.7,54922
2021-05-05 09:33:59,3983.7,54922
2021-05-05 09:34:00,3983.7,54922
2021-05-05 09:34:01,3984.0,54923
2021-05-05 09:34:02,3984.65,54948
2021-05-05 09:34:03,3982.4,54958
2021-05-05 09:34:04,3982.4,54958
2021-05-05 09:34:05,3982.4,54958
2021-05-05 09:34:06,3984.95,54959
2021-05-05 09:34:07,3984.95,54959
2021-05-05 09:34:08,3984.95,54959
2021-05-05 09:34:09,3984.95,54961
2021-05-05 09:34:10,3984.95,54961
2021-05-05 09:34:12,3983.8,55001
2021-05-05 09:34:13,3983.8,55001
2021-05-05 09:34:14,3983.35,55010
2021-05-05 09:34:15,3985.6,55011
2021-05-05 09:34:16,3985.3,55016
2021-05-05 09:34:18,3984.95,55059
2021-05-05 09:34:18,3984.95,55059
2021-05-05 09:34:19,3984.95,55059
2021-05-05 09:34:20,3984.95,55059
2021-05-05 09:34:21,3984.95,55059
2021-05-05 09:34:22,3985.7,55060
2021-05-05 09:34:23,3985.9,55072
2021-05-05 09:34:24,3983.8,55081
2021-05-05 09:34:25,3984.95,55103
2021-05-05 09:34:26,3985.45,55133
2021-05-05 09:34:27,3985.45,55133
2021-05-05 09:34:29,3982.8,55154
2021-05-05 09:34:30,3982.8,55154
2021-05-05 09:34:32,3983.0,55155
2021-05-05 09:34:34,3985.35,55214
2021-05-05 09:34:36,3985.15,55226
2021-05-05 09:34:38,3985.35,55286
2021-05-05 09:34:39,3985.45,55305
2021-05-05 09:34:40,3985.45,55305
2021-05-05 09:34:41,3985.45,55305
2021-05-05 09:34:42,3985.5,55385
2021-05-05 09:34:42,3983.15,55400
2021-05-05 09:34:43,3983.15,55400
2021-05-05 09:34:44,3985.5,55410
2021-05-05 09:34:45,3985.5,55411
2021-05-05 09:34:46,3985.5,55411
2021-05-05 09:34:49,3985.5,55461
2021-05-05 09:34:50,3984.3,55507
2021-05-05 09:34:51,3986.5,55508
2021-05-05 09:34:52,3986.5,55508
2021-05-05 09:34:53,3986.5,55508
2021-05-05 09:34:54,3986.5,55508
2021-05-05 09:34:55,3986.5,55508
2021-05-05 09:34:56,3986.5,55508
2021-05-05 09:34:56,3986.75,55513
2021-05-05 09:34:57,3986.75,55513
2021-05-05 09:34:58,3986.75,55513
2021-05-05 09:34:59,3986.75,55513
2021-05-05 09:35:00,3986.75,55533
2021-05-05 09:35:01,3986.85,55544
2021-05-05 09:35:03,3986.5,55677
2021-05-05 09:35:04,3986.5,55677
2021-05-05 09:35:07,3986.5,55679
2021-05-05 09:35:08,3986.5,55679
2021-05-05 09:35:09,3986.5,55779
2021-05-05 09:35:10,3986.5,55780
2021-05-05 09:35:11,3984.75,55795
2021-05-05 09:35:12,3984.85,55815
2021-05-05 09:35:13,3984.85,55815
2021-05-05 09:35:14,3988.05,55816
2021-05-05 09:35:15,3986.5,55817
2021-05-05 09:35:16,3986.5,55817
2021-05-05 09:35:17,3986.5,55817
2021-05-05 09:35:19,3986.5,55817
2021-05-05 09:35:19,3986.5,55817
2021-05-05 09:35:20,3986.5,55817
2021-05-05 09:35:21,3986.5,55817
2021-05-05 09:35:22,3986.5,55817
2021-05-05 09:35:23,3986.5,55817
2021-05-05 09:35:24,3986.5,55817
2021-05-05 09:35:25,3988.0,55927
2021-05-05 09:35:26,3986.5,55935
2021-05-05 09:35:27,3985.05,55939
2021-05-05 09:35:29,3985.0,55951
2021-05-05 09:35:30,3986.5,55961
2021-05-05 09:35:31,3986.5,55961
2021-05-05 09:35:33,3986.5,55961
2021-05-05 09:35:34,3986.5,55961
2021-05-05 09:35:36,3986.5,55961
2021-05-05 09:35:38,3986.5,55961
2021-05-05 09:35:39,3986.5,55961
2021-05-05 09:35:40,3986.6,56028
2021-05-05 09:35:40,3985.8,56040
2021-05-05 09:35:41,3985.8,56046
2021-05-05 09:35:42,3985.8,56046
2021-05-05 09:35:43,3985.8,56046
2021-05-05 09:35:44,3985.8,56046
2021-05-05 09:35:45,3988.95,56047
2021-05-05 09:35:46,3991.05,56096
2021-05-05 09:35:47,3988.1,56264
2021-05-05 09:35:48,3988.8,56290
2021-05-05 09:35:50,3988.8,56295
2021-05-05 09:35:50,3988.8,56295
2021-05-05 09:35:52,3988.75,56303
2021-05-05 09:35:53,3988.75,56304
2021-05-05 09:35:55,3988.75,56304
2021-05-05 09:35:56,3988.75,56304
2021-05-05 09:35:57,3988.75,56304
2021-05-05 09:35:58,3988.75,56304
2021-05-05 09:35:59,3988.75,56304
2021-05-05 09:36:00,3988.75,56304
2021-05-05 09:36:01,3988.75,56304
2021-05-05 09:36:02,3988.75,56304
2021-05-05 09:36:03,3990.0,56305
2021-05-05 09:36:04,3990.0,56305
2021-05-05 09:36:05,3990.8,56306
2021-05-05 09:36:06,3991.45,56310
2021-05-05 09:36:07,3990.0,56314
2021-05-05 09:36:08,3990.0,56314
2021-05-05 09:36:09,3991.8,56335
2021-05-05 09:36:10,3991.8,56340
2021-05-05 09:36:11,3990.0,56350
2021-05-05 09:36:12,3990.0,56394
2021-05-05 09:36:13,3990.0,56394
2021-05-05 09:36:14,3990.0,56404
2021-05-05 09:36:15,3991.5,56415
2021-05-05 09:36:16,3991.55,56420
2021-05-05 09:36:17,3991.55,56420
2021-05-05 09:36:19,3991.55,56420
2021-05-05 09:36:20,3991.55,56420
2021-05-05 09:36:23,3992.0,56424
2021-05-05 09:36:23,3992.0,56424
2021-05-05 09:36:24,3992.0,56424
2021-05-05 09:36:26,3992.0,56424
2021-05-05 09:36:27,3992.0,56583
2021-05-05 09:36:27,3992.0,56583
2021-05-05 09:36:28,3991.6,56638
2021-05-05 09:36:29,3991.6,56638
2021-05-05 09:36:30,3991.6,56638
2021-05-05 09:36:31,3991.6,56638
2021-05-05 09:36:32,3991.6,56638
2021-05-05 09:36:33,3991.6,56638
2021-05-05 09:36:34,3991.6,56638
2021-05-05 09:36:35,3991.6,56638
2021-05-05 09:36:36,3991.6,56638
2021-05-05 09:36:37,3991.6,56638
2021-05-05 09:36:38,3991.6,56638
2021-05-05 09:36:41,3990.8,56681
2021-05-05 09:36:42,3992.0,56706
2021-05-05 09:36:43,3992.0,56706
2021-05-05 09:36:45,3992.0,56707
2021-05-05 09:36:46,3992.0,56707
2021-05-05 09:36:48,3992.0,56717
2021-05-05 09:36:51,3992.0,56809
2021-05-05 09:36:52,3992.0,56831
2021-05-05 09:36:53,3992.0,56831
2021-05-05 09:36:54,3992.0,56844
2021-05-05 09:36:55,3992.0,56845
2021-05-05 09:36:56,3993.95,56846
2021-05-05 09:36:57,3993.95,56846
2021-05-05 09:36:58,3994.0,56853
2021-05-05 09:36:59,3994.0,56853
2021-05-05 09:37:01,3992.3,56910
2021-05-05 09:37:02,3992.3,56910
2021-05-05 09:37:03,3992.3,56910
2021-05-05 09:37:04,3992.3,56916
2021-05-05 09:37:05,3992.3,56916
2021-05-05 09:37:07,3992.3,56916
2021-05-05 09:37:08,3994.0,56921
2021-05-05 09:37:09,3994.0,56921
2021-05-05 09:37:10,3994.0,56926
2021-05-05 09:37:11,3993.2,56986
2021-05-05 09:37:12,3993.2,56986
2021-05-05 09:37:14,3993.2,56986
2021-05-05 09:37:15,3993.2,57055
2021-05-05 09:37:17,3993.2,57055
2021-05-05 09:37:18,3995.0,57069
2021-05-05 09:37:19,3995.0,57070
2021-05-05 09:37:19,3995.0,57070
2021-05-05 09:37:20,3993.2,57075
2021-05-05 09:37:22,3995.0,57076
2021-05-05 09:37:23,3995.0,57076
2021-05-05 09:37:23,3995.95,57176
2021-05-05 09:37:24,3993.3,57198
2021-05-05 09:37:26,3993.3,57198
2021-05-05 09:37:26,3993.3,57198
2021-05-05 09:37:27,3993.3,57198
2021-05-05 09:37:29,3993.3,57198
2021-05-05 09:37:30,3993.3,57198
2021-05-05 09:37:31,3993.3,57198
2021-05-05 09:37:32,3993.3,57198
2021-05-05 09:37:33,3993.3,57198
2021-05-05 09:37:34,3995.0,57199
2021-05-05 09:37:35,3995.0,57199
2021-05-05 09:37:36,3993.6,57224
2021-05-05 09:37:37,3993.6,57224
2021-05-05 09:37:38,3996.0,57251
2021-05-05 09:37:39,3996.0,57251
2021-05-05 09:37:40,3994.85,57256
2021-05-05 09:37:41,3994.85,57265
2021-05-05 09:37:42,3994.45,57276
2021-05-05 09:37:43,3994.45,57287
2021-05-05 09:37:44,3996.0,57317
2021-05-05 09:37:45,3995.8,57328
2021-05-05 09:37:47,3995.75,57369
2021-05-05 09:37:48,3995.75,57369
2021-05-05 09:37:49,3995.75,57369
2021-05-05 09:37:50,3995.75,57369
2021-05-05 09:37:51,3995.75,57369
2021-05-05 09:37:52,3994.15,58600
2021-05-05 09:37:53,3993.0,58800
2021-05-05 09:37:54,3993.0,58822
2021-05-05 09:37:55,3993.0,58822
2021-05-05 09:37:56,3995.75,58882
2021-05-05 09:37:57,3996.0,58904
2021-05-05 09:37:58,3996.0,58904
2021-05-05 09:37:59,3996.0,58904
2021-05-05 09:38:00,3996.0,58953
2021-05-05 09:38:01,3995.75,58963
2021-05-05 09:38:02,3996.95,59144
2021-05-05 09:38:03,3995.75,59173
2021-05-05 09:38:04,3995.75,59174
2021-05-05 09:38:05,3993.95,59210
2021-05-05 09:38:06,3996.8,59312
2021-05-05 09:38:07,3994.0,59327
2021-05-05 09:38:08,3996.0,59356
2021-05-05 09:38:09,3995.0,59357
2021-05-05 09:38:10,3995.75,59361
2021-05-05 09:38:11,3995.75,59361
2021-05-05 09:38:12,3995.0,59368
2021-05-05 09:38:13,3996.75,59408
2021-05-05 09:38:14,3993.85,59421
2021-05-05 09:38:15,3996.6,59422
2021-05-05 09:38:16,3996.0,59423
2021-05-05 09:38:17,3996.0,59423
2021-05-05 09:38:18,3996.0,59423
2021-05-05 09:38:19,3996.0,59423
2021-05-05 09:38:20,3996.7,59428
2021-05-05 09:38:21,3996.7,59428
2021-05-05 09:38:22,3996.7,59480
2021-05-05 09:38:23,3995.75,59490
2021-05-05 09:38:24,3996.3,59493
2021-05-05 09:38:25,3994.25,59531
2021-05-05 09:38:26,3994.25,59531
2021-05-05 09:38:27,3991.6,61682
2021-05-05 09:38:28,3990.0,61722
2021-05-05 09:38:29,3990.0,61886
2021-05-05 09:38:30,3988.0,61939
2021-05-05 09:38:31,3986.75,62209
2021-05-05 09:38:32,3985.25,62257
2021-05-05 09:38:33,3985.25,62257
2021-05-05 09:38:34,3985.25,62257
2021-05-05 09:38:35,3990.1,62657
2021-05-05 09:38:36,3985.95,62670
2021-05-05 09:38:37,3985.2,62712
2021-05-05 09:38:38,3985.2,62712
2021-05-05 09:38:39,3985.2,62712
2021-05-05 09:38:40,3985.3,62714
2021-05-05 09:38:41,3985.3,62714
2021-05-05 09:38:42,3985.25,62739
2021-05-05 09:38:43,3987.6,62753
2021-05-05 09:38:44,3987.6,62755
2021-05-05 09:38:45,3987.95,62757
2021-05-05 09:38:46,3987.95,62757
2021-05-05 09:38:47,3987.0,62762
2021-05-05 09:38:48,3987.0,62762
2021-05-05 09:38:49,3985.2,62767
2021-05-05 09:38:50,3987.0,62809
2021-05-05 09:38:51,3987.0,62809
2021-05-05 09:38:52,3987.0,62810
2021-05-05 09:38:53,3987.0,62820
2021-05-05 09:38:54,3987.0,62820
2021-05-05 09:38:55,3987.0,62820
2021-05-05 09:38:56,3987.0,62860
2021-05-05 09:38:57,3987.0,62864
2021-05-05 09:38:58,3987.0,62864
2021-05-05 09:38:59,3985.35,62894
2021-05-05 09:39:00,3987.0,62895
2021-05-05 09:39:01,3987.0,62895
2021-05-05 09:39:02,3988.2,63054
2021-05-05 09:39:03,3988.6,63062
2021-05-05 09:39:04,3988.6,63062
2021-05-05 09:39:05,3986.0,63097
2021-05-05 09:39:06,3988.9,63112
2021-05-05 09:39:07,3988.9,63112
2021-05-05 09:39:08,3988.95,63117
2021-05-05 09:39:09,3989.0,63121
2021-05-05 09:39:10,3989.0,63167
2021-05-05 09:39:11,3990.0,63169
2021-05-05 09:39:12,3990.0,63169
2021-05-05 09:39:13,3990.3,63179
2021-05-05 09:39:14,3992.25,63182
2021-05-05 09:39:15,3994.0,63184
2021-05-05 09:39:16,3994.0,63184
2021-05-05 09:39:17,3994.0,63210
2021-05-05 09:39:18,3994.15,63235
2021-05-05 09:39:19,3994.15,63235
2021-05-05 09:39:20,3994.15,63235
2021-05-05 09:39:21,3994.1,63241
2021-05-05 09:39:22,3994.1,63241
2021-05-05 09:39:23,3994.1,63241
2021-05-05 09:39:24,3993.8,63242
2021-05-05 09:39:26,3993.8,63242
2021-05-05 09:39:27,3993.75,63252
2021-05-05 09:39:28,3993.75,63252
2021-05-05 09:39:29,3993.75,63252
2021-05-05 09:39:30,3993.75,63252
2021-05-05 09:39:31,3993.75,63252
2021-05-05 09:39:33,3993.75,63252
2021-05-05 09:39:34,3993.75,63252
2021-05-05 09:39:35,3993.75,63252
2021-05-05 09:39:36,3993.75,63252
2021-05-05 09:39:37,3993.75,63253
2021-05-05 09:39:38,3993.75,63253
2021-05-05 09:39:39,3993.75,63253
2021-05-05 09:39:40,3991.85,63293
2021-05-05 09:39:41,3991.85,63293
2021-05-05 09:39:42,3991.85,63293
2021-05-05 09:39:43,3991.85,63293
2021-05-05 09:39:44,3991.85,63293
2021-05-05 09:39:45,3993.6,63295
2021-05-05 09:39:46,3993.6,63295
2021-05-05 09:39:47,3993.6,63295
2021-05-05 09:39:48,3993.6,63295
2021-05-05 09:39:49,3993.6,63295
2021-05-05 09:39:50,3993.6,63295
2021-05-05 09:39:51,3993.7,63310
2021-05-05 09:39:52,3992.35,63311
2021-05-05 09:39:53,3992.35,63311
2021-05-05 09:39:54,3993.7,63325
2021-05-05 09:39:56,3993.7,63325
2021-05-05 09:39:57,3992.35,63330
2021-05-05 09:39:58,3991.0,63430
2021-05-05 09:40:01,3988.95,63793
2021-05-05 09:40:02,3988.95,63793
2021-05-05 09:40:03,3988.95,63793
2021-05-05 09:40:04,3988.95,63793
2021-05-05 09:40:05,3988.95,63793
2021-05-05 09:40:06,3988.95,63793
2021-05-05 09:40:07,3989.6,63798
2021-05-05 09:40:08,3989.95,63802
2021-05-05 09:40:09,3991.8,63813
2021-05-05 09:40:10,3988.95,63862
2021-05-05 09:40:11,3988.95,63862
2021-05-05 09:40:12,3988.95,63862
2021-05-05 09:40:13,3990.8,63877
2021-05-05 09:40:14,3990.8,63877
2021-05-05 09:40:16,3991.95,63890
2021-05-05 09:40:17,3991.95,63890
2021-05-05 09:40:18,3991.95,63890
2021-05-05 09:40:19,3992.85,63897
2021-05-05 09:40:20,3997.35,64770
2021-05-05 09:40:21,3997.35,64770
2021-05-05 09:40:22,3997.35,64770
2021-05-05 09:40:23,3997.35,64770
2021-05-05 09:40:24,3996.5,64810
2021-05-05 09:40:25,3996.5,64810
2021-05-05 09:40:26,3996.5,64810
2021-05-05 09:40:27,3996.5,64810
2021-05-05 09:40:29,3998.0,64877
2021-05-05 09:40:30,3998.0,64877
2021-05-05 09:40:31,3996.15,64907
2021-05-05 09:40:32,3996.15,64907
2021-05-05 09:40:33,3996.15,64907
2021-05-05 09:40:34,3995.9,64908
2021-05-05 09:40:35,3995.9,64908
2021-05-05 09:40:36,3995.9,64908
2021-05-05 09:40:37,3995.9,64908
2021-05-05 09:40:38,3996.0,64962
2021-05-05 09:40:39,3998.5,65062
2021-05-05 09:40:40,3998.0,65072
2021-05-05 09:40:41,3995.95,65122
2021-05-05 09:40:42,3995.5,65158
2021-05-05 09:40:43,3995.5,65158
2021-05-05 09:40:44,3997.75,65203
2021-05-05 09:40:45,3997.2,65279
2021-05-05 09:40:46,3997.2,65279
2021-05-05 09:40:47,3997.2,65279
2021-05-05 09:40:48,3997.2,65279
2021-05-05 09:40:49,3997.2,65279
2021-05-05 09:40:50,3997.2,65279
2021-05-05 09:40:53,3996.05,65363
2021-05-05 09:40:54,3996.05,65363
2021-05-05 09:40:56,3996.0,65465
2021-05-05 09:40:55,3996.0,65465
2021-05-05 09:40:57,3998.9,65505
2021-05-05 09:40:58,3998.9,65505
2021-05-05 09:40:59,3997.65,65525
2021-05-05 09:41:00,3995.7,65527
2021-05-05 09:41:02,3997.65,65539
2021-05-05 09:41:03,3997.65,65540
2021-05-05 09:41:04,3997.65,65545
2021-05-05 09:41:05,3997.65,65545
2021-05-05 09:41:06,3997.65,65545
2021-05-05 09:41:07,3997.65,65545
2021-05-05 09:41:08,3997.65,65545
2021-05-05 09:41:09,3997.65,65545
2021-05-05 09:41:10,3997.65,65545
2021-05-05 09:41:11,3997.65,65545
2021-05-05 09:41:12,3997.65,65550
2021-05-05 09:41:13,3997.65,65550
2021-05-05 09:41:14,3997.65,65559
2021-05-05 09:41:15,3997.65,65561
2021-05-05 09:41:16,3997.65,65561
2021-05-05 09:41:17,3997.65,65561
2021-05-05 09:41:19,3997.65,65561
2021-05-05 09:41:20,3997.65,65561
2021-05-05 09:41:21,3997.65,65561
2021-05-05 09:41:22,3998.0,65669
2021-05-05 09:41:23,3998.0,65669
2021-05-05 09:41:24,3998.0,65669
2021-05-05 09:41:25,3998.0,65669
2021-05-05 09:41:26,3998.0,65669
2021-05-05 09:41:27,3996.1,65879
2021-05-05 09:41:28,3996.1,65879
2021-05-05 09:41:29,3996.1,65899
2021-05-05 09:41:31,3998.0,65909
2021-05-05 09:41:32,3999.05,66007
2021-05-05 09:41:33,3997.7,66032
2021-05-05 09:41:34,3997.25,66057
2021-05-05 09:41:35,3996.2,66076
2021-05-05 09:41:36,3996.05,66116
2021-05-05 09:41:37,3999.95,66227
2021-05-05 09:41:38,3999.95,66227
2021-05-05 09:41:39,3999.95,66227
2021-05-05 09:41:40,3999.95,66227
2021-05-05 09:41:42,3999.95,66227
2021-05-05 09:41:43,3999.95,66227
2021-05-05 09:41:44,3999.95,66227
2021-05-05 09:41:45,3999.9,66229
2021-05-05 09:41:46,3999.9,66229
2021-05-05 09:41:47,3999.9,66229
2021-05-05 09:41:48,3999.85,66329
2021-05-05 09:41:49,3999.85,66329
2021-05-05 09:41:50,3999.9,66332
2021-05-05 09:41:51,3998.9,66349
2021-05-05 09:41:52,3996.9,66384
2021-05-05 09:41:54,3999.2,66386
2021-05-05 09:41:54,3999.2,66386
2021-05-05 09:41:55,3999.2,66386
2021-05-05 09:41:56,3999.2,66386
2021-05-05 09:41:57,3999.2,66386
2021-05-05 09:41:58,3999.65,66438
2021-05-05 09:41:59,3999.65,66438
2021-05-05 09:42:01,4002.0,66929
2021-05-05 09:42:07,3999.7,66980
2021-05-05 09:42:10,4004.35,67254
2021-05-05 09:42:14,4008.65,67528
2021-05-05 09:42:17,4008.55,67692
2021-05-05 09:42:20,4008.55,67753
2021-05-05 09:42:24,4005.0,67868
2021-05-05 09:42:27,4003.6,67874
2021-05-05 09:42:30,4007.95,67886
2021-05-05 09:42:33,4008.15,67911
2021-05-05 09:42:37,4008.5,68035
2021-05-05 09:42:40,4008.1,68224
2021-05-05 09:42:43,4008.5,68310
2021-05-05 09:42:50,4002.0,68787
2021-05-05 09:42:53,4004.8,68797
2021-05-05 09:42:56,4002.1,68828
2021-05-05 09:42:59,4002.1,68836
2021-05-05 09:43:02,4002.1,68859
2021-05-05 09:43:05,4003.0,68861
2021-05-05 09:43:08,4002.5,68870
2021-05-05 09:43:11,4002.7,69102
2021-05-05 09:43:14,4003.45,69104
2021-05-05 09:43:17,4004.55,69150
2021-05-05 09:43:20,4004.55,69150
2021-05-05 09:43:22,4004.5,69151
2021-05-05 09:43:28,4005.55,69232
2021-05-05 09:43:31,4007.95,69250
2021-05-05 09:43:35,4007.55,69260
2021-05-05 09:43:38,4005.0,69277
2021-05-05 09:43:41,4006.7,69435
2021-05-05 09:43:43,4006.7,69696
2021-05-05 09:43:46,4003.9,69786
2021-05-05 09:43:52,4006.0,69801
2021-05-05 09:43:55,4005.6,69807
2021-05-05 09:43:58,4006.0,69847
2021-05-05 09:44:01,4006.0,69857
2021-05-05 09:44:04,4007.5,69987
2021-05-05 09:44:08,4006.0,70019
2021-05-05 09:44:14,4007.5,70041
2021-05-05 09:44:16,4006.7,70099
2021-05-05 09:44:19,4006.7,70112
2021-05-05 09:44:22,4007.6,70118
2021-05-05 09:44:25,4007.6,70187
2021-05-05 09:44:28,4007.6,70187
2021-05-05 09:44:31,4008.1,70508
2021-05-05 09:44:39,4008.55,70608
2021-05-05 09:44:43,4010.0,70771
2021-05-05 09:44:47,4009.65,71556
2021-05-05 09:44:50,4010.0,71747
2021-05-05 09:44:53,4012.95,71885
2021-05-05 09:44:57,4010.2,71902
2021-05-05 09:45:00,4010.9,71926
2021-05-05 09:45:04,4013.0,71969
2021-05-05 09:45:10,4013.0,72036
2021-05-05 09:45:13,4013.0,72041
2021-05-05 09:45:17,4013.55,72271
2021-05-05 09:45:20,4010.0,72576
2021-05-05 09:45:24,4013.05,72632
2021-05-05 09:45:28,4013.45,72660
2021-05-05 09:45:31,4013.7,72691
2021-05-05 09:45:35,4013.9,73430
2021-05-05 09:45:39,4016.0,73431
2021-05-05 09:45:43,4014.95,73453
2021-05-05 09:45:46,4014.55,73743
2021-05-05 09:45:50,4014.8,73783
2021-05-05 09:45:56,4015.5,74110
2021-05-05 09:46:03,4016.0,74505
2021-05-05 09:46:07,4015.75,74652
2021-05-05 09:46:10,4011.8,75023
2021-05-05 09:46:14,4012.4,75074
2021-05-05 09:46:18,4010.05,75154
2021-05-05 09:46:22,4011.3,75263
2021-05-05 09:46:26,4012.0,75411
2021-05-05 09:46:30,4013.4,75503
2021-05-05 09:46:37,4015.3,75635
2021-05-05 09:46:41,4015.3,75637
2021-05-05 09:46:45,4015.0,75774
2021-05-05 09:46:49,4015.65,75825
2021-05-05 09:46:52,4016.0,76215
2021-05-05 09:46:59,4019.95,77448
2021-05-05 09:47:00,4018.45,77474
2021-05-05 09:47:01,4018.45,77483
2021-05-05 09:47:02,4020.0,77633
2021-05-05 09:47:03,4019.0,77683
2021-05-05 09:47:04,4020.0,77833
2021-05-05 09:47:06,4020.4,77875
2021-05-05 09:47:07,4018.0,77935
2021-05-05 09:47:08,4020.0,78541
2021-05-05 09:47:09,4020.0,78807
2021-05-05 09:47:10,4020.7,78812
2021-05-05 09:47:11,4022.1,78862
2021-05-05 09:47:12,4022.1,78862
2021-05-05 09:47:13,4021.85,78872
2021-05-05 09:47:14,4020.0,78884
2021-05-05 09:47:15,4020.0,79103
2021-05-05 09:47:16,4021.55,79369
2021-05-05 09:47:17,4021.6,79424
2021-05-05 09:47:18,4021.6,79424
2021-05-05 09:47:19,4020.0,79429
2021-05-05 09:47:20,4022.0,79529
2021-05-05 09:47:21,4020.0,79603
2021-05-05 09:47:22,4020.0,79654
2021-05-05 09:47:23,4020.0,79654
2021-05-05 09:47:24,4020.0,79864
2021-05-05 09:47:25,4020.25,79869
2021-05-05 09:47:26,4020.0,79970
2021-05-05 09:47:27,4020.0,80020
2021-05-05 09:47:28,4022.0,80121
2021-05-05 09:47:29,4018.45,80172
2021-05-05 09:47:30,4018.55,80176
2021-05-05 09:47:31,4021.5,80187
2021-05-05 09:47:32,4024.0,80687
2021-05-05 09:47:34,4023.2,80710
2021-05-05 09:47:35,4020.75,80760
2021-05-05 09:47:36,4020.95,80761
2021-05-05 09:47:37,4021.5,80913
2021-05-05 09:47:38,4023.4,81025
2021-05-05 09:47:39,4022.65,81032
2021-05-05 09:47:40,4025.0,81382
2021-05-05 09:47:41,4025.0,81450
2021-05-05 09:47:42,4025.0,81554
2021-05-05 09:47:43,4025.0,81575
2021-05-05 09:47:44,4024.8,81719
2021-05-05 09:47:45,4023.95,81867
2021-05-05 09:47:46,4022.35,81895
2021-05-05 09:47:47,4022.35,81895
2021-05-05 09:47:48,4024.75,81928
2021-05-05 09:47:49,4025.0,82240
2021-05-05 09:47:50,4025.0,82240
2021-05-05 09:47:51,4022.45,82340
2021-05-05 09:47:52,4022.8,82522
2021-05-05 09:47:53,4022.8,82522
2021-05-05 09:47:54,4022.15,82595
2021-05-05 09:47:55,4022.15,82635
2021-05-05 09:47:56,4024.95,82703
2021-05-05 09:47:57,4022.2,82705
2021-05-05 09:47:58,4024.0,82710
2021-05-05 09:47:59,4024.9,82764
2021-05-05 09:48:00,4024.95,82864
2021-05-05 09:48:01,4024.95,82864
2021-05-05 09:48:02,4024.95,82864
2021-05-05 09:48:03,4022.8,82915
2021-05-05 09:48:04,4025.0,83015
2021-05-05 09:48:05,4025.0,83015
2021-05-05 09:48:06,4022.45,83035
2021-05-05 09:48:07,4024.95,83091
2021-05-05 09:48:08,4025.0,83095
2021-05-05 09:48:09,4025.0,83104
2021-05-05 09:48:10,4025.0,83109
2021-05-05 09:48:11,4025.0,83128
2021-05-05 09:48:12,4023.1,83153
2021-05-05 09:48:13,4023.05,83240
2021-05-05 09:48:14,4025.0,83262
2021-05-05 09:48:15,4023.05,83289
2021-05-05 09:48:16,4025.0,83319
2021-05-05 09:48:17,4022.4,83519
2021-05-05 09:48:18,4025.0,83625
2021-05-05 09:48:19,4025.0,83650
2021-05-05 09:48:20,4023.05,83684
2021-05-05 09:48:21,4023.05,83735
2021-05-05 09:48:22,4025.2,83982
2021-05-05 09:48:24,4026.0,84443
2021-05-05 09:48:25,4025.0,84643
2021-05-05 09:48:26,4025.4,84663
2021-05-05 09:48:27,4026.0,84713
2021-05-05 09:48:28,4026.7,84738
2021-05-05 09:48:29,4027.0,84780
2021-05-05 09:48:30,4027.0,84788
2021-05-05 09:48:31,4027.0,84788
2021-05-05 09:48:32,4027.05,85156
2021-05-05 09:48:33,4027.5,85160
2021-05-05 09:48:34,4025.1,85590
2021-05-05 09:48:35,4028.95,85615
2021-05-05 09:48:36,4028.95,85718
2021-05-05 09:48:37,4027.0,85889
2021-05-05 09:48:38,4027.0,85920
2021-05-05 09:48:39,4029.3,85927
2021-05-05 09:48:40,4029.6,85937
2021-05-05 09:48:41,4029.6,86037
2021-05-05 09:48:41,4029.6,86037
2021-05-05 09:48:42,4029.6,86037
2021-05-05 09:48:43,4029.6,86037
2021-05-05 09:48:44,4029.45,86068
2021-05-05 09:48:46,4029.95,86306
2021-05-05 09:48:46,4029.95,86306
2021-05-05 09:48:48,4027.6,86377
2021-05-05 09:48:49,4029.95,86381
2021-05-05 09:48:50,4029.95,86432
2021-05-05 09:48:51,4028.05,87468
2021-05-05 09:48:52,4028.05,87468
2021-05-05 09:48:53,4030.1,87490
2021-05-05 09:48:54,4030.55,87593
2021-05-05 09:48:55,4032.0,87714
2021-05-05 09:48:56,4032.0,87741
2021-05-05 09:48:57,4030.8,87768
2021-05-05 09:48:58,4032.0,87779
2021-05-05 09:48:59,4035.0,88019
2021-05-05 09:49:01,4035.0,88036
2021-05-05 09:49:02,4033.6,88043
2021-05-05 09:49:04,4030.35,88616
2021-05-05 09:49:05,4032.65,88853
2021-05-05 09:49:06,4032.5,88854
2021-05-05 09:49:07,4032.0,88929
2021-05-05 09:49:08,4032.0,88929
2021-05-05 09:49:08,4032.0,88949
2021-05-05 09:49:09,4032.0,89012
2021-05-05 09:49:10,4032.0,89012
2021-05-05 09:49:12,4031.5,89638
2021-05-05 09:49:13,4029.6,89639
2021-05-05 09:49:15,4029.2,89816
2021-05-05 09:49:16,4029.2,89833
2021-05-05 09:49:17,4029.6,89848
2021-05-05 09:49:18,4031.95,89901
2021-05-05 09:49:19,4030.0,89902
2021-05-05 09:49:19,4030.0,89911
2021-05-05 09:49:21,4029.0,89988
2021-05-05 09:49:22,4030.8,89996
2021-05-05 09:49:23,4029.6,90054
2021-05-05 09:49:24,4029.6,90196
2021-05-05 09:49:24,4029.6,90196
2021-05-05 09:49:25,4029.6,90196
2021-05-05 09:49:26,4029.6,90196
2021-05-05 09:49:28,4030.15,90556
2021-05-05 09:49:29,4030.2,90612
2021-05-05 09:49:30,4030.35,90627
2021-05-05 09:49:31,4030.15,91035
2021-05-05 09:49:32,4029.65,91147
2021-05-05 09:49:33,4032.25,91188
2021-05-05 09:49:34,4029.65,91198
2021-05-05 09:49:35,4029.6,91301
2021-05-05 09:49:36,4029.6,91301
2021-05-05 09:49:37,4028.7,91322
2021-05-05 09:49:38,4029.65,91377
2021-05-05 09:49:39,4030.7,91549
2021-05-05 09:49:40,4027.0,91594
2021-05-05 09:49:41,4027.0,91594
2021-05-05 09:49:42,4027.4,91644
2021-05-05 09:49:43,4030.0,91756
2021-05-05 09:49:44,4027.25,91772
2021-05-05 09:49:44,4028.9,91775
2021-05-05 09:49:47,4025.1,92364
2021-05-05 09:49:48,4026.7,92397
2021-05-05 09:49:49,4024.0,92701
2021-05-05 09:49:50,4024.0,92836
2021-05-05 09:49:51,4025.95,93132
2021-05-05 09:49:52,4025.95,93132
2021-05-05 09:49:52,4025.95,93132
2021-05-05 09:49:54,4024.7,93133
2021-05-05 09:49:54,4024.7,93133
2021-05-05 09:49:55,4024.7,93133
2021-05-05 09:49:56,4024.0,93372
2021-05-05 09:49:58,4025.8,93482
2021-05-05 09:49:59,4025.8,93482
2021-05-05 09:50:00,4024.4,93527
2021-05-05 09:50:01,4022.3,93556
2021-05-05 09:50:02,4022.0,93626
2021-05-05 09:50:03,4022.0,93626
2021-05-05 09:50:04,4023.95,93661
2021-05-05 09:50:05,4021.75,93696
2021-05-05 09:50:06,4023.9,93701
2021-05-05 09:50:07,4023.9,93701
2021-05-05 09:50:08,4023.9,93701
2021-05-05 09:50:09,4023.9,93701
2021-05-05 09:50:10,4024.05,93731
2021-05-05 09:50:11,4024.05,93731
2021-05-05 09:50:12,4024.05,93731
2021-05-05 09:50:13,4021.25,93786
2021-05-05 09:50:14,4023.0,93793
2021-05-05 09:50:15,4022.0,93810
2021-05-05 09:50:16,4022.0,93812
2021-05-05 09:50:17,4022.0,93812
2021-05-05 09:50:18,4022.0,93812
2021-05-05 09:50:19,4022.0,93812
2021-05-05 09:50:20,4022.0,93820
2021-05-05 09:50:21,4022.0,93874
2021-05-05 09:50:22,4021.05,93886
2021-05-05 09:50:23,4018.15,94638
2021-05-05 09:50:24,4019.6,94646
2021-05-05 09:50:25,4018.0,94670
2021-05-05 09:50:27,4016.8,94848
2021-05-05 09:50:29,4016.8,94909
2021-05-05 09:50:30,4017.0,95288
2021-05-05 09:50:32,4019.75,95516
2021-05-05 09:50:33,4020.1,95545
2021-05-05 09:50:34,4020.1,95545
2021-05-05 09:50:35,4020.1,95545
2021-05-05 09:50:36,4021.5,95907
2021-05-05 09:50:37,4023.8,95916
2021-05-05 09:50:38,4022.4,96039
2021-05-05 09:50:39,4025.0,96079
2021-05-05 09:50:40,4025.0,96079
2021-05-05 09:50:41,4024.95,96086
2021-05-05 09:50:42,4027.3,96252
2021-05-05 09:50:43,4025.7,96263
2021-05-05 09:50:44,4025.2,96295
2021-05-05 09:50:45,4024.7,96300
2021-05-05 09:50:47,4027.5,96379
2021-05-05 09:50:48,4024.85,96395
2021-05-05 09:50:49,4027.2,96397
2021-05-05 09:50:50,4025.2,96403
2021-05-05 09:50:51,4028.2,96471
2021-05-05 09:50:52,4028.95,96473
2021-05-05 09:50:53,4028.95,96473
2021-05-05 09:50:54,4028.4,96480
2021-05-05 09:50:55,4029.0,96483
2021-05-05 09:50:56,4029.0,96492
2021-05-05 09:50:57,4030.0,96496
2021-05-05 09:50:58,4030.0,96496
2021-05-05 09:50:59,4027.5,96516
2021-05-05 09:51:00,4029.8,96539
2021-05-05 09:51:01,4029.95,96546
2021-05-05 09:51:02,4028.2,96559
2021-05-05 09:51:03,4027.15,96566
2021-05-05 09:51:04,4027.15,96566
2021-05-05 09:51:05,4029.0,96720
2021-05-05 09:51:06,4029.4,96721
2021-05-05 09:51:07,4029.4,96730
2021-05-05 09:51:08,4029.4,96730
2021-05-05 09:51:09,4029.4,96836
2021-05-05 09:51:10,4030.0,96911
2021-05-05 09:51:11,4030.0,96911
2021-05-05 09:51:12,4029.4,96931
2021-05-05 09:51:13,4030.0,96934
2021-05-05 09:51:14,4030.0,96986
2021-05-05 09:51:15,4030.0,96987
2021-05-05 09:51:16,4027.5,97104
2021-05-05 09:51:17,4027.5,97104
2021-05-05 09:51:18,4030.0,97155
2021-05-05 09:51:19,4030.0,97156
2021-05-05 09:51:20,4029.0,97171
2021-05-05 09:51:21,4029.2,97191
2021-05-05 09:51:22,4029.2,97271
2021-05-05 09:51:23,4029.0,97330
2021-05-05 09:51:24,4029.0,97340
2021-05-05 09:51:25,4030.0,97654
2021-05-05 09:51:26,4030.0,97891
2021-05-05 09:51:27,4030.05,97906
2021-05-05 09:51:28,4030.15,97928
2021-05-05 09:51:29,4030.15,97928
2021-05-05 09:51:30,4032.0,97976
2021-05-05 09:51:31,4032.0,97976
2021-05-05 09:51:32,4032.0,97977
2021-05-05 09:51:33,4032.0,97999
2021-05-05 09:51:34,4033.0,98184
2021-05-05 09:51:35,4033.0,98184
2021-05-05 09:51:37,4033.0,98206
2021-05-05 09:51:39,4032.0,98207
2021-05-05 09:51:40,4032.0,98208
2021-05-05 09:51:41,4031.15,98375
2021-05-05 09:51:42,4031.15,98375
2021-05-05 09:51:43,4032.95,98510
2021-05-05 09:51:44,4032.0,98513
2021-05-05 09:51:45,4032.0,98513
2021-05-05 09:51:46,4032.0,98513
2021-05-05 09:51:47,4032.0,98513
2021-05-05 09:51:48,4028.35,98526
2021-05-05 09:51:49,4029.6,98527
2021-05-05 09:51:50,4028.4,98532
2021-05-05 09:51:51,4028.4,98532
2021-05-05 09:51:52,4029.55,98557
2021-05-05 09:51:53,4028.0,98558
2021-05-05 09:51:54,4028.0,98638
2021-05-05 09:51:55,4028.0,98657
2021-05-05 09:51:57,4027.0,98659
2021-05-05 09:51:56,4027.0,98659
2021-05-05 09:51:58,4028.0,98666
2021-05-05 09:51:59,4027.0,98849
2021-05-05 09:52:00,4025.0,98930
2021-05-05 09:52:01,4026.8,98950
2021-05-05 09:52:02,4026.8,98950
2021-05-05 09:52:03,4026.8,98950
2021-05-05 09:52:04,4026.8,98950
2021-05-05 09:52:05,4025.0,98952
2021-05-05 09:52:06,4025.0,98952
2021-05-05 09:52:07,4026.0,98956
2021-05-05 09:52:08,4026.3,98966
2021-05-05 09:52:09,4026.75,99067
2021-05-05 09:52:10,4025.65,99070
2021-05-05 09:52:11,4022.3,99088
2021-05-05 09:52:12,4022.3,99088
2021-05-05 09:52:13,4022.75,99099
2021-05-05 09:52:15,4020.75,99128
2021-05-05 09:52:17,4020.75,99128
2021-05-05 09:52:19,4020.75,99128
2021-05-05 09:52:20,4020.75,99128
2021-05-05 09:52:22,4023.05,99178
2021-05-05 09:52:22,4023.05,99178
2021-05-05 09:52:23,4023.05,99178
2021-05-05 09:52:24,4022.9,99182
2021-05-05 09:52:25,4022.9,99183
2021-05-05 09:52:26,4022.9,99183
2021-05-05 09:52:27,4022.9,99204
2021-05-05 09:52:28,4022.9,99204
2021-05-05 09:52:29,4022.9,99204
2021-05-05 09:52:30,4021.1,99210
2021-05-05 09:52:31,4020.75,99225
2021-05-05 09:52:32,4023.2,99304
2021-05-05 09:52:33,4023.2,99304
2021-05-05 09:52:34,4020.95,99305
2021-05-05 09:52:35,4021.2,99320
2021-05-05 09:52:36,4021.2,99320
2021-05-05 09:52:37,4021.2,99320
2021-05-05 09:52:38,4024.1,99360
2021-05-05 09:52:39,4024.1,99360
2021-05-05 09:52:40,4024.0,99361
2021-05-05 09:52:41,4024.3,99366
2021-05-05 09:52:42,4022.05,99370
2021-05-05 09:52:43,4024.45,99374
2021-05-05 09:52:44,4024.55,99376
2021-05-05 09:52:45,4024.7,99378
2021-05-05 09:52:46,4023.85,99466
2021-05-05 09:52:47,4023.85,99466
2021-05-05 09:52:48,4023.85,99466
2021-05-05 09:52:49,4023.85,99466
2021-05-05 09:52:50,4022.75,99469
2021-05-05 09:52:51,4025.0,99471
2021-05-05 09:52:52,4025.0,99471
2021-05-05 09:52:53,4022.75,99496
2021-05-05 09:52:54,4022.75,99496
2021-05-05 09:52:55,4023.05,99506
2021-05-05 09:52:56,4023.0,99559
2021-05-05 09:52:58,4022.9,99560
2021-05-05 09:52:57,4022.9,99560
2021-05-05 09:52:59,4025.0,99635
2021-05-05 09:53:00,4025.75,99638
2021-05-05 09:53:01,4025.75,99638
2021-05-05 09:53:02,4025.55,99639
2021-05-05 09:53:04,4025.6,99654
2021-05-05 09:53:05,4023.1,99660
2021-05-05 09:53:06,4023.1,99660
2021-05-05 09:53:07,4025.8,99663
2021-05-05 09:53:08,4025.45,99670
2021-05-05 09:53:09,4027.4,99700
2021-05-05 09:53:10,4027.4,99700
2021-05-05 09:53:11,4027.4,99700
2021-05-05 09:53:12,4027.25,99730
2021-05-05 09:53:13,4027.25,99730
2021-05-05 09:53:14,4026.8,99738
2021-05-05 09:53:15,4025.65,99756
2021-05-05 09:53:16,4025.65,99756
2021-05-05 09:53:17,4026.85,99767
2021-05-05 09:53:18,4026.85,99789
2021-05-05 09:53:19,4026.85,99789
2021-05-05 09:53:20,4026.85,99789
2021-05-05 09:53:22,4026.85,99790
2021-05-05 09:53:24,4025.65,99795
2021-05-05 09:53:25,4026.35,99851
2021-05-05 09:53:26,4026.35,99851
2021-05-05 09:53:27,4026.35,99853
2021-05-05 09:53:28,4026.4,99873
2021-05-05 09:53:29,4026.35,99883
2021-05-05 09:53:30,4026.35,99883
2021-05-05 09:53:32,4026.35,99883
2021-05-05 09:53:33,4023.45,99891
2021-05-05 09:53:35,4023.45,99891
2021-05-05 09:53:36,4023.25,99897
2021-05-05 09:53:36,4022.75,99993
2021-05-05 09:53:37,4020.8,100293
2021-05-05 09:53:38,4020.8,100293
2021-05-05 09:53:40,4024.1,100303
2021-05-05 09:53:41,4021.6,100305
2021-05-05 09:53:42,4021.6,100305
2021-05-05 09:53:42,4021.6,100305
2021-05-05 09:53:43,4024.0,100330
2021-05-05 09:53:44,4024.0,100332
2021-05-05 09:53:46,4021.55,100334
2021-05-05 09:53:46,4021.55,100334
2021-05-05 09:53:47,4021.7,100395
2021-05-05 09:53:48,4024.0,100397
2021-05-05 09:53:49,4024.0,100400
2021-05-05 09:53:52,4021.95,100430
2021-05-05 09:53:53,4022.0,100440
2021-05-05 09:53:54,4022.0,100453
2021-05-05 09:53:55,4024.1,100553
2021-05-05 09:53:56,4024.1,100553
2021-05-05 09:53:57,4024.0,100579
2021-05-05 09:53:59,4024.0,100580
2021-05-05 09:54:00,4024.0,100580
2021-05-05 09:54:00,4024.0,100580
2021-05-05 09:54:01,4024.0,100580
2021-05-05 09:54:02,4024.0,100580
2021-05-05 09:54:03,4024.0,100580
2021-05-05 09:54:04,4024.0,100580
2021-05-05 09:54:05,4022.15,100587
2021-05-05 09:54:06,4022.15,100587
2021-05-05 09:54:07,4022.15,100587
2021-05-05 09:54:08,4022.0,100630
2021-05-05 09:54:09,4023.55,100632
2021-05-05 09:54:10,4023.55,100632
2021-05-05 09:54:11,4023.55,100632
2021-05-05 09:54:12,4023.55,100632
2021-05-05 09:54:13,4023.55,100632
2021-05-05 09:54:15,4023.55,100634
2021-05-05 09:54:16,4020.8,100663
2021-05-05 09:54:16,4020.8,100663
2021-05-05 09:54:17,4019.6,100961
2021-05-05 09:54:18,4020.0,100962
2021-05-05 09:54:19,4020.0,100962
2021-05-05 09:54:20,4021.6,100973
2021-05-05 09:54:21,4021.55,100976
2021-05-05 09:54:23,4021.55,100989
2021-05-05 09:54:23,4020.0,100985
2021-05-05 09:54:24,4021.55,100989
2021-05-05 09:54:25,4020.0,101043
2021-05-05 09:54:26,4019.15,101044
2021-05-05 09:54:28,4019.6,101379
2021-05-05 09:54:29,4019.6,101379
2021-05-05 09:54:30,4019.6,101379
2021-05-05 09:54:31,4018.75,101515
2021-05-05 09:54:32,4019.05,101518
2021-05-05 09:54:33,4019.05,101518
2021-05-05 09:54:34,4019.05,101518
2021-05-05 09:54:35,4016.3,101550
2021-05-05 09:54:36,4016.25,101551
2021-05-05 09:54:37,4016.3,101560
2021-05-05 09:54:38,4018.0,101591
2021-05-05 09:54:39,4018.0,101591
2021-05-05 09:54:41,4017.95,101613
2021-05-05 09:54:42,4015.8,101663
2021-05-05 09:54:43,4015.8,101663
2021-05-05 09:54:44,4018.7,101685
2021-05-05 09:54:46,4015.95,101703
2021-05-05 09:54:46,4015.9,101728
2021-05-05 09:54:49,4015.9,101728
2021-05-05 09:54:50,4015.9,101728
2021-05-05 09:54:51,4016.15,101753
2021-05-05 09:54:54,4017.05,101829
2021-05-05 09:54:55,4015.55,102015
2021-05-05 09:54:56,4018.35,102016
2021-05-05 09:54:56,4018.35,102016
2021-05-05 09:54:57,4018.65,102017
2021-05-05 09:54:58,4018.65,102017
2021-05-05 09:54:59,4018.65,102017
2021-05-05 09:55:00,4017.05,102042
2021-05-05 09:55:01,4018.95,102043
2021-05-05 09:55:02,4017.95,102044
2021-05-05 09:55:03,4018.0,102045
2021-05-05 09:55:04,4018.0,102060
2021-05-05 09:55:05,4019.0,102110
2021-05-05 09:55:06,4019.0,102110
2021-05-05 09:55:07,4019.0,102111
2021-05-05 09:55:08,4019.0,102112
2021-05-05 09:55:10,4019.0,102172
2021-05-05 09:55:11,4019.3,102222
2021-05-05 09:55:11,4019.3,102222
2021-05-05 09:55:14,4018.0,102313
2021-05-05 09:55:15,4017.05,102319
2021-05-05 09:55:17,4017.05,102319
2021-05-05 09:55:18,4018.0,102404
2021-05-05 09:55:19,4018.0,102414
2021-05-05 09:55:20,4016.45,102419
2021-05-05 09:55:21,4018.0,102420
2021-05-05 09:55:22,4018.0,102420
2021-05-05 09:55:24,4015.85,102525
2021-05-05 09:55:24,4015.85,102525
2021-05-05 09:55:25,4015.9,102537
2021-05-05 09:55:26,4015.6,102553
2021-05-05 09:55:27,4015.55,102578
2021-05-05 09:55:28,4015.55,102578
2021-05-05 09:55:30,4017.85,102582
2021-05-05 09:55:31,4017.85,102582
2021-05-05 09:55:32,4017.85,102632
2021-05-05 09:55:33,4015.5,102656
2021-05-05 09:55:34,4016.4,102663
2021-05-05 09:55:36,4015.2,102669
2021-05-05 09:55:36,4016.75,102719
2021-05-05 09:55:37,4015.5,102774
2021-05-05 09:55:38,4015.5,102774
2021-05-05 09:55:39,4015.5,102774
2021-05-05 09:55:40,4015.5,102784
2021-05-05 09:55:41,4015.5,102969
2021-05-05 09:55:43,4015.55,102971
2021-05-05 09:55:44,4015.55,102973
2021-05-05 09:55:45,4015.0,103481
2021-05-05 09:55:46,4015.55,103500
2021-05-05 09:55:47,4015.55,103500
2021-05-05 09:55:49,4015.0,103578
2021-05-05 09:55:51,4015.6,103642
2021-05-05 09:55:51,4015.6,103642
2021-05-05 09:55:52,4013.1,103652
2021-05-05 09:55:53,4013.15,103666
2021-05-05 09:55:54,4013.15,103666
2021-05-05 09:55:55,4013.15,103666
2021-05-05 09:55:56,4015.65,103667
2021-05-05 09:55:57,4015.65,103667
2021-05-05 09:55:58,4013.0,103836
2021-05-05 09:55:59,4013.0,103836
2021-05-05 09:56:00,4013.95,103839
2021-05-05 09:56:01,4013.95,103839
2021-05-05 09:56:02,4013.0,103841
2021-05-05 09:56:03,4013.0,103851
2021-05-05 09:56:05,4013.0,103883
2021-05-05 09:56:06,4013.0,103939
2021-05-05 09:56:07,4013.0,103939
2021-05-05 09:56:08,4013.05,103940
2021-05-05 09:56:09,4013.0,103955
2021-05-05 09:56:10,4012.0,104020
2021-05-05 09:56:11,4012.0,104020
2021-05-05 09:56:11,4012.0,104020
2021-05-05 09:56:12,4012.0,104071
2021-05-05 09:56:13,4010.0,105483
2021-05-05 09:56:14,4010.9,105496
2021-05-05 09:56:15,4011.0,105539
2021-05-05 09:56:16,4008.6,105656
2021-05-05 09:56:17,4011.0,105791
2021-05-05 09:56:19,4009.25,105811
2021-05-05 09:56:20,4009.45,105941
2021-05-05 09:56:21,4008.8,106041
2021-05-05 09:56:21,4008.6,106058
2021-05-05 09:56:22,4008.6,106058
2021-05-05 09:56:24,4009.9,106111
2021-05-05 09:56:25,4009.55,106148
2021-05-05 09:56:25,4009.65,106177
2021-05-05 09:56:26,4009.35,106278
2021-05-05 09:56:27,4007.0,106301
2021-05-05 09:56:28,4007.0,106301
2021-05-05 09:56:29,4008.55,106340
2021-05-05 09:56:31,4009.4,106453
2021-05-05 09:56:33,4009.3,106501
2021-05-05 09:56:34,4008.0,106516
2021-05-05 09:56:35,4008.0,106516
2021-05-05 09:56:35,4008.0,106516
2021-05-05 09:56:37,4010.0,106519
2021-05-05 09:56:38,4010.0,106616
2021-05-05 09:56:39,4011.0,106632
2021-05-05 09:56:40,4011.0,106632
2021-05-05 09:56:40,4012.05,106637
2021-05-05 09:56:42,4012.2,106638
2021-05-05 09:56:43,4010.8,106653
2021-05-05 09:56:44,4013.0,106703
2021-05-05 09:56:45,4013.95,107508
2021-05-05 09:56:46,4013.8,107556
2021-05-05 09:56:47,4013.8,107556
2021-05-05 09:56:47,4013.8,107556
2021-05-05 09:56:48,4014.0,107558
2021-05-05 09:56:51,4014.5,107622
2021-05-05 09:56:52,4014.5,107622
2021-05-05 09:56:53,4014.5,107622
2021-05-05 09:56:54,4014.5,107622
2021-05-05 09:56:55,4014.5,107622
2021-05-05 09:56:56,4017.65,107623
2021-05-05 09:56:57,4017.65,107623
2021-05-05 09:56:59,4015.35,107653
2021-05-05 09:57:00,4015.0,107706
2021-05-05 09:57:00,4015.0,107706
2021-05-05 09:57:01,4017.05,107712
2021-05-05 09:57:03,4017.0,107722
2021-05-05 09:57:04,4015.95,108013
2021-05-05 09:57:05,4014.0,108047
2021-05-05 09:57:06,4014.0,108047
2021-05-05 09:57:07,4014.0,108047
2021-05-05 09:57:08,4014.0,108047
2021-05-05 09:57:10,4014.0,108047
2021-05-05 09:57:11,4015.35,108081
2021-05-05 09:57:12,4015.4,108085
2021-05-05 09:57:13,4015.35,108089
2021-05-05 09:57:13,4015.35,108089
2021-05-05 09:57:15,4015.35,108096
2021-05-05 09:57:16,4014.4,108114
2021-05-05 09:57:17,4014.4,108114
2021-05-05 09:57:18,4014.4,108114
2021-05-05 09:57:19,4015.0,108130
2021-05-05 09:57:20,4015.0,108372
2021-05-05 09:57:21,4015.0,108372
2021-05-05 09:57:22,4017.0,108374
2021-05-05 09:57:23,4016.9,108502
2021-05-05 09:57:24,4016.9,108502
2021-05-05 09:57:25,4014.9,108504
2021-05-05 09:57:26,4014.9,108504
2021-05-05 09:57:27,4014.9,108507
2021-05-05 09:57:28,4014.9,108507
2021-05-05 09:57:28,4017.0,108509
2021-05-05 09:57:29,4017.5,108865
2021-05-05 09:57:30,4017.1,108867
2021-05-05 09:57:31,4015.0,108893
2021-05-05 09:57:33,4015.0,108893
2021-05-05 09:57:34,4017.0,108895
2021-05-05 09:57:35,4016.05,108940
2021-05-05 09:57:36,4018.0,109975
2021-05-05 09:57:37,4020.0,110007
2021-05-05 09:57:38,4020.0,110007
2021-05-05 09:57:39,4017.6,110008
2021-05-05 09:57:39,4017.6,110008
2021-05-05 09:57:40,4017.2,110048
2021-05-05 09:57:41,4017.2,110048
2021-05-05 09:57:42,4019.9,110098
2021-05-05 09:57:44,4019.95,110100
2021-05-05 09:57:45,4019.9,110101
2021-05-05 09:57:46,4017.6,110131
2021-05-05 09:57:46,4017.6,110131
2021-05-05 09:57:47,4019.95,110144
2021-05-05 09:57:48,4019.95,110152
2021-05-05 09:57:49,4019.95,110152
2021-05-05 09:57:51,4019.9,110162
2021-05-05 09:57:52,4020.0,110187
2021-05-05 09:57:52,4020.0,110187
2021-05-05 09:57:54,4019.9,110189
2021-05-05 09:57:55,4020.0,110214
2021-05-05 09:57:56,4020.0,110266
2021-05-05 09:57:57,4020.0,110266
2021-05-05 09:57:58,4020.0,110267
2021-05-05 09:57:59,4019.9,110277
2021-05-05 09:57:59,4019.9,110277
2021-05-05 09:58:00,4019.9,110277
2021-05-05 09:58:01,4019.9,110277
2021-05-05 09:58:02,4019.9,110297
2021-05-05 09:58:03,4019.9,110297
2021-05-05 09:58:04,4019.9,110297
2021-05-05 09:58:05,4019.9,110304
2021-05-05 09:58:06,4019.9,110403
2021-05-05 09:58:07,4019.9,110403
2021-05-05 09:58:08,4020.0,110428
2021-05-05 09:58:09,4020.0,110428
2021-05-05 09:58:11,4020.0,110448
2021-05-05 09:58:12,4020.0,110448
2021-05-05 09:58:13,4020.0,110448
2021-05-05 09:58:15,4020.0,110456
2021-05-05 09:58:16,4019.9,110473
2021-05-05 09:58:17,4020.0,110483
2021-05-05 09:58:18,4019.9,110508
2021-05-05 09:58:19,4020.0,110558
2021-05-05 09:58:20,4019.9,110563
2021-05-05 09:58:21,4019.9,110563
2021-05-05 09:58:22,4019.9,110563
2021-05-05 09:58:23,4019.9,110599
2021-05-05 09:58:24,4019.9,110599
2021-05-05 09:58:25,4017.85,110734
2021-05-05 09:58:27,4017.85,110734
2021-05-05 09:58:27,4017.85,110734
2021-05-05 09:58:29,4017.85,110734
2021-05-05 09:58:30,4020.0,110735
2021-05-05 09:58:31,4020.0,110735
2021-05-05 09:58:32,4020.0,110735
2021-05-05 09:58:33,4020.0,110735
2021-05-05 09:58:33,4020.0,110735
2021-05-05 09:58:34,4017.4,110760
2021-05-05 09:58:35,4017.45,110766
2021-05-05 09:58:36,4017.45,110766
2021-05-05 09:58:37,4018.0,110772
2021-05-05 09:58:39,4018.0,110779
2021-05-05 09:58:40,4018.0,110779
2021-05-05 09:58:41,4018.15,110783
2021-05-05 09:58:41,4018.15,110783
2021-05-05 09:58:44,4018.15,110785
2021-05-05 09:58:44,4018.15,110785
2021-05-05 09:58:45,4018.0,110796
2021-05-05 09:58:46,4018.0,110796
2021-05-05 09:58:47,4018.0,110796
2021-05-05 09:58:49,4018.0,110796
2021-05-05 09:58:50,4019.85,110821
2021-05-05 09:58:51,4019.85,110821
2021-05-05 09:58:52,4019.85,110821
2021-05-05 09:58:53,4019.85,110821
2021-05-05 09:58:54,4017.85,110854
2021-05-05 09:58:55,4017.85,110864
2021-05-05 09:58:56,4017.85,110864
2021-05-05 09:58:57,4017.85,111421
2021-05-05 09:58:58,4017.85,111421
2021-05-05 09:59:00,4017.85,111421
2021-05-05 09:59:01,4017.85,111421
2021-05-05 09:59:02,4017.85,111421
2021-05-05 09:59:04,4017.4,111669
2021-05-05 09:59:04,4017.4,111669
2021-05-05 09:59:06,4017.0,111675
2021-05-05 09:59:07,4018.4,111685
2021-05-05 09:59:08,4018.4,111685
2021-05-05 09:59:09,4018.4,111685
2021-05-05 09:59:10,4018.6,111695
2021-05-05 09:59:11,4018.6,111696
2021-05-05 09:59:12,4018.8,111713
2021-05-05 09:59:13,4018.55,111715
2021-05-05 09:59:14,4018.6,111728
2021-05-05 09:59:15,4018.6,111728
2021-05-05 09:59:16,4018.6,111745
2021-05-05 09:59:16,4018.6,111745
2021-05-05 09:59:17,4018.6,111745
2021-05-05 09:59:18,4018.6,111745
2021-05-05 09:59:20,4019.9,111751
2021-05-05 09:59:22,4020.0,111776
2021-05-05 09:59:23,4020.0,111776
2021-05-05 09:59:24,4020.0,111776
2021-05-05 09:59:25,4018.6,111791
2021-05-05 09:59:26,4018.6,111791
2021-05-05 09:59:27,4018.6,111791
2021-05-05 09:59:28,4018.6,111791
2021-05-05 09:59:28,4018.6,111791
2021-05-05 09:59:29,4018.6,111791
2021-05-05 09:59:31,4017.3,111823
2021-05-05 09:59:32,4019.9,111873
2021-05-05 09:59:33,4019.9,111873
2021-05-05 09:59:34,4018.6,111912
2021-05-05 09:59:35,4017.6,111983
2021-05-05 09:59:36,4017.0,112016
2021-05-05 09:59:37,4017.0,112016
2021-05-05 09:59:38,4017.0,112016
2021-05-05 09:59:39,4018.7,112068
2021-05-05 09:59:40,4018.7,112068
2021-05-05 09:59:41,4018.7,112068
2021-05-05 09:59:42,4018.7,112068
2021-05-05 09:59:43,4017.0,112292
2021-05-05 09:59:44,4017.55,112294
2021-05-05 09:59:45,4017.9,112344
2021-05-05 09:59:46,4015.3,112363
2021-05-05 09:59:47,4017.0,112364
2021-05-05 09:59:48,4017.0,112364
2021-05-05 09:59:49,4017.9,112464
2021-05-05 09:59:50,4017.9,112464
2021-05-05 09:59:51,4017.9,112464
2021-05-05 09:59:52,4017.9,112464
2021-05-05 09:59:52,4017.9,112464
2021-05-05 09:59:53,4017.9,112464
2021-05-05 09:59:56,4017.9,112464
2021-05-05 09:59:57,4015.0,112474
2021-05-05 09:59:59,4015.0,112474
2021-05-05 10:00:00,4015.0,112474
2021-05-05 10:00:01,4015.15,112491
2021-05-05 10:00:02,4015.7,112564
2021-05-05 10:00:03,4017.1,112574
2021-05-05 10:00:04,4017.2,112594
2021-05-05 10:00:05,4017.55,112627
2021-05-05 10:00:06,4017.65,112629
2021-05-05 10:00:07,4017.7,112730
2021-05-05 10:00:08,4017.8,112775
2021-05-05 10:00:09,4017.8,112820
2021-05-05 10:00:10,4017.85,112851
2021-05-05 10:00:11,4017.9,112852
2021-05-05 10:00:12,4018.85,112904
2021-05-05 10:00:14,4018.85,112954
2021-05-05 10:00:15,4018.95,112959
2021-05-05 10:00:16,4018.4,112982
2021-05-05 10:00:17,4018.8,113011
2021-05-05 10:00:18,4018.8,113011
2021-05-05 10:00:19,4019.1,113012
2021-05-05 10:00:20,4018.65,113056
2021-05-05 10:00:21,4017.6,113068
2021-05-05 10:00:21,4018.0,113094
2021-05-05 10:00:23,4018.0,113130
2021-05-05 10:00:23,4018.25,113140
2021-05-05 10:00:24,4018.6,113224
2021-05-05 10:00:25,4018.9,113249
2021-05-05 10:00:27,4018.95,113453
2021-05-05 10:00:29,4019.0,113795
2021-05-05 10:00:30,4019.0,113795
2021-05-05 10:00:30,4018.65,113896
2021-05-05 10:00:32,4018.65,113896
2021-05-05 10:00:33,4017.85,114147
2021-05-05 10:00:34,4018.65,114181
2021-05-05 10:00:35,4018.9,114188
2021-05-05 10:00:36,4018.95,114195
2021-05-05 10:00:37,4019.05,114306
2021-05-05 10:00:38,4019.05,114306
2021-05-05 10:00:39,4018.45,114307
2021-05-05 10:00:39,4019.0,114308
2021-05-05 10:00:40,4019.0,114308
2021-05-05 10:00:41,4019.05,114314
2021-05-05 10:00:42,4019.05,114324
2021-05-05 10:00:43,4019.05,114376
2021-05-05 10:00:44,4020.0,114416
2021-05-05 10:00:45,4019.05,114483
2021-05-05 10:00:46,4020.0,114487
2021-05-05 10:00:49,4020.0,114487
2021-05-05 10:00:50,4020.0,114487
2021-05-05 10:00:51,4019.65,114493
2021-05-05 10:00:53,4020.9,114610
2021-05-05 10:00:54,4020.9,114610
2021-05-05 10:00:55,4020.9,114610
2021-05-05 10:00:56,4020.9,114611
2021-05-05 10:00:57,4020.9,114611
2021-05-05 10:00:58,4020.9,114611
2021-05-05 10:01:00,4020.9,114613
2021-05-05 10:01:01,4020.9,114613
2021-05-05 10:01:02,4020.0,114813
2021-05-05 10:01:03,4020.0,114813
2021-05-05 10:01:04,4020.0,114813
2021-05-05 10:01:05,4020.0,114813
2021-05-05 10:01:06,4020.5,114858
2021-05-05 10:01:07,4019.2,114873
2021-05-05 10:01:08,4019.2,114873
2021-05-05 10:01:09,4019.2,114873
2021-05-05 10:01:11,4019.2,114898
2021-05-05 10:01:12,4023.6,115138
2021-05-05 10:01:13,4025.0,115544
2021-05-05 10:01:14,4025.0,115644
2021-05-05 10:01:15,4024.4,115835
2021-05-05 10:01:16,4024.85,115857
2021-05-05 10:01:17,4023.95,115859
2021-05-05 10:01:18,4023.95,115859
2021-05-05 10:01:19,4023.95,115859
2021-05-05 10:01:20,4021.3,115879
2021-05-05 10:01:21,4021.3,115884
2021-05-05 10:01:22,4021.9,115890
2021-05-05 10:01:23,4022.8,115892
2021-05-05 10:01:24,4022.8,115892
2021-05-05 10:01:25,4021.9,115943
2021-05-05 10:01:26,4023.2,115971
2021-05-05 10:01:27,4023.2,115971
2021-05-05 10:01:28,4023.2,115971
2021-05-05 10:01:30,4023.2,115971
2021-05-05 10:01:31,4023.2,115971
2021-05-05 10:01:32,4023.2,115971
2021-05-05 10:01:33,4022.4,115972
2021-05-05 10:01:34,4021.0,115992
2021-05-05 10:01:35,4021.0,115997
2021-05-05 10:01:36,4022.6,116005
2021-05-05 10:01:37,4021.0,116044
2021-05-05 10:01:38,4021.0,116046
2021-05-05 10:01:39,4022.6,116065
2021-05-05 10:01:40,4023.2,116079
2021-05-05 10:01:41,4023.2,116079
2021-05-05 10:01:42,4022.3,116115
2021-05-05 10:01:43,4024.8,116121
2021-05-05 10:01:44,4024.85,116123
2021-05-05 10:01:45,4024.8,116157
2021-05-05 10:01:46,4022.95,116204
2021-05-05 10:01:47,4026.95,117119
2021-05-05 10:01:48,4026.95,117122
2021-05-05 10:01:49,4025.0,117162
2021-05-05 10:01:50,4028.5,117534
2021-05-05 10:01:51,4025.65,117550
2021-05-05 10:01:52,4025.65,117550
2021-05-05 10:01:53,4026.95,117551
2021-05-05 10:01:54,4028.3,117561
2021-05-05 10:01:56,4026.95,117572
2021-05-05 10:01:55,4026.95,117572
2021-05-05 10:01:57,4026.95,117572
2021-05-05 10:01:58,4028.3,117581
2021-05-05 10:02:00,4028.3,117803
2021-05-05 10:02:01,4026.05,117805
2021-05-05 10:02:02,4026.05,117805
2021-05-05 10:02:03,4028.0,117807
2021-05-05 10:02:05,4028.0,117817
2021-05-05 10:02:06,4025.6,118570
2021-05-05 10:02:07,4026.05,118571
2021-05-05 10:02:09,4022.6,118611
2021-05-05 10:02:08,4022.6,118611
2021-05-05 10:02:10,4024.05,119513
2021-05-05 10:02:11,4023.7,119516
2021-05-05 10:02:12,4023.7,119516
2021-05-05 10:02:13,4023.7,119516
2021-05-05 10:02:14,4024.1,119517
2021-05-05 10:02:15,4024.1,119517
2021-05-05 10:02:16,4023.65,119571
2021-05-05 10:02:17,4020.15,119871
2021-05-05 10:02:19,4021.85,119951
2021-05-05 10:02:18,4021.85,119951
2021-05-05 10:02:20,4020.0,119957
2021-05-05 10:02:21,4021.85,119959
2021-05-05 10:02:22,4021.85,119959
2021-05-05 10:02:23,4020.9,119961
2021-05-05 10:02:24,4020.0,119971
2021-05-05 10:02:25,4018.0,120116
2021-05-05 10:02:26,4018.0,120120
2021-05-05 10:02:27,4018.0,120120
2021-05-05 10:02:28,4018.0,120120
2021-05-05 10:02:29,4019.95,120121
2021-05-05 10:02:30,4019.85,120123
2021-05-05 10:02:31,4019.85,120131
2021-05-05 10:02:32,4020.05,120253
2021-05-05 10:02:33,4020.05,120253
2021-05-05 10:02:34,4025.25,120255
2021-05-05 10:02:35,4025.7,120263
2021-05-05 10:02:36,4025.7,120265
2021-05-05 10:02:37,4025.7,120265
2021-05-05 10:02:38,4026.0,120271
2021-05-05 10:02:39,4026.0,120271
2021-05-05 10:02:40,4026.0,120271
2021-05-05 10:02:41,4025.0,120277
2021-05-05 10:02:42,4025.0,120277
2021-05-05 10:02:43,4025.0,120277
2021-05-05 10:02:44,4026.0,120281
2021-05-05 10:02:45,4023.7,120291
2021-05-05 10:02:46,4023.7,120291
2021-05-05 10:02:48,4023.7,120292
2021-05-05 10:02:47,4023.7,120292
2021-05-05 10:02:49,4023.7,120296
2021-05-05 10:02:50,4022.0,120301
2021-05-05 10:02:51,4022.0,120301
2021-05-05 10:02:52,4022.0,120301
2021-05-05 10:02:54,4023.7,120302
2021-05-05 10:02:55,4023.7,120302
2021-05-05 10:02:57,4024.35,120312
2021-05-05 10:02:58,4024.35,120312
2021-05-05 10:02:59,4024.35,120312
2021-05-05 10:03:00,4023.05,120313
2021-05-05 10:03:01,4023.05,120313
2021-05-05 10:03:03,4023.05,120313
2021-05-05 10:03:04,4023.05,120313
2021-05-05 10:03:05,4022.0,120323
2021-05-05 10:03:07,4023.0,120343
2021-05-05 10:03:08,4023.0,120353
2021-05-05 10:03:09,4020.85,120366
2021-05-05 10:03:10,4020.85,120366
2021-05-05 10:03:11,4020.85,120366
2021-05-05 10:03:12,4020.85,120366
2021-05-05 10:03:13,4020.85,120366
2021-05-05 10:03:14,4022.85,120373
2021-05-05 10:03:15,4020.45,120390
2021-05-05 10:03:16,4020.45,120390
2021-05-05 10:03:17,4020.45,120390
2021-05-05 10:03:18,4020.45,120390
2021-05-05 10:03:19,4020.45,120390
2021-05-05 10:03:20,4023.0,120435
2021-05-05 10:03:21,4023.0,120435
2021-05-05 10:03:22,4023.0,120435
2021-05-05 10:03:23,4020.65,120457
2021-05-05 10:03:24,4020.0,120482
2021-05-05 10:03:25,4020.0,120482
2021-05-05 10:03:26,4022.0,120485
2021-05-05 10:03:27,4020.0,120535
2021-05-05 10:03:28,4022.2,120537
2021-05-05 10:03:31,4023.0,120540
2021-05-05 10:03:32,4023.0,120543
2021-05-05 10:03:33,4023.0,120543
2021-05-05 10:03:34,4023.0,120544
2021-05-05 10:03:35,4022.0,120552
2021-05-05 10:03:36,4023.0,120576
2021-05-05 10:03:37,4023.0,120576
2021-05-05 10:03:38,4023.0,120576
2021-05-05 10:03:39,4023.0,120576
2021-05-05 10:03:41,4023.0,120596
2021-05-05 10:03:42,4023.0,120676
2021-05-05 10:03:43,4023.0,120676
2021-05-05 10:03:44,4023.7,120678
2021-05-05 10:03:45,4023.7,120678
2021-05-05 10:03:46,4023.65,120686
2021-05-05 10:03:47,4023.65,120686
2021-05-05 10:03:48,4023.65,120686
2021-05-05 10:03:49,4023.65,120690
2021-05-05 10:03:50,4022.85,120695
2021-05-05 10:03:51,4023.65,120747
2021-05-05 10:03:52,4023.65,120747
2021-05-05 10:03:53,4023.65,120747
2021-05-05 10:03:54,4023.65,120747
2021-05-05 10:03:55,4023.65,120747
2021-05-05 10:03:58,4023.65,120751
2021-05-05 10:03:59,4023.65,120751
2021-05-05 10:04:00,4023.0,120753
2021-05-05 10:04:01,4023.0,120753
2021-05-05 10:04:03,4023.65,120774
2021-05-05 10:04:03,4023.0,120775
2021-05-05 10:04:04,4023.0,120775
2021-05-05 10:04:07,4024.2,120782
2021-05-05 10:04:06,4024.2,120782
2021-05-05 10:04:09,4024.3,120783
2021-05-05 10:04:10,4024.3,120783
2021-05-05 10:04:11,4024.3,120783
2021-05-05 10:04:12,4022.85,120785
2021-05-05 10:04:13,4022.85,120785
2021-05-05 10:04:14,4022.85,120785
2021-05-05 10:04:15,4022.25,120808
2021-05-05 10:04:16,4024.3,120818
2021-05-05 10:04:18,4024.3,120826
2021-05-05 10:04:19,4024.3,120828
2021-05-05 10:04:20,4022.8,120835
2021-05-05 10:04:21,4022.8,120835
2021-05-05 10:04:22,4024.3,120841
2021-05-05 10:04:23,4024.3,120841
2021-05-05 10:04:24,4024.3,120841
2021-05-05 10:04:25,4024.3,120841
2021-05-05 10:04:26,4024.3,120841
2021-05-05 10:04:27,4024.3,120841
2021-05-05 10:04:28,4024.3,120841
2021-05-05 10:04:29,4024.3,120841
2021-05-05 10:04:31,4024.3,120841
2021-05-05 10:04:32,4024.3,120841
2021-05-05 10:04:32,4024.3,120911
2021-05-05 10:04:35,4022.4,120942
2021-05-05 10:04:36,4023.35,120943
2021-05-05 10:04:37,4024.3,120947
2021-05-05 10:04:37,4024.3,120949
2021-05-05 10:04:38,4024.3,120949
2021-05-05 10:04:39,4024.3,120956
2021-05-05 10:04:40,4024.3,120956
2021-05-05 10:04:41,4024.3,120960
2021-05-05 10:04:43,4024.3,120960
2021-05-05 10:04:44,4024.3,120967
2021-05-05 10:04:45,4024.3,120967
2021-05-05 10:04:46,4023.2,120971
2021-05-05 10:04:47,4023.2,120980
2021-05-05 10:04:47,4023.2,120982
2021-05-05 10:04:49,4022.8,121018
2021-05-05 10:04:50,4023.1,121047
2021-05-05 10:04:51,4023.2,121054
2021-05-05 10:04:52,4023.05,121074
2021-05-05 10:04:53,4023.05,121076
2021-05-05 10:04:54,4023.3,121082
2021-05-05 10:04:55,4024.0,121110
2021-05-05 10:04:56,4024.0,121110
2021-05-05 10:04:57,4024.0,121110
2021-05-05 10:04:58,4024.0,121121
2021-05-05 10:04:59,4024.0,121121
2021-05-05 10:05:00,4022.5,121130
2021-05-05 10:05:01,4022.5,121130
2021-05-05 10:05:02,4022.0,121137
2021-05-05 10:05:03,4022.0,121180
2021-05-05 10:05:06,4016.95,122435
2021-05-05 10:05:06,4016.95,122435
2021-05-05 10:05:10,4015.2,122464
2021-05-05 10:05:10,4015.2,122464
2021-05-05 10:05:11,4015.2,122464
2021-05-05 10:05:12,4015.2,122466
2021-05-05 10:05:13,4015.2,122466
2021-05-05 10:05:16,4014.0,122730
2021-05-05 10:05:17,4016.15,122732
2021-05-05 10:05:18,4014.9,122734
2021-05-05 10:05:19,4014.9,122734
2021-05-05 10:05:21,4014.0,122748
2021-05-05 10:05:22,4014.0,122748
2021-05-05 10:05:23,4014.0,122798
2021-05-05 10:05:24,4015.0,123298
2021-05-05 10:05:26,4014.0,123308
2021-05-05 10:05:28,4014.0,123311
2021-05-05 10:05:30,4016.1,123313
2021-05-05 10:05:30,4016.1,123313
2021-05-05 10:05:32,4016.25,123361
2021-05-05 10:05:33,4016.25,123361
2021-05-05 10:05:34,4016.25,123361
2021-05-05 10:05:34,4016.25,123361
2021-05-05 10:05:35,4016.25,123361
2021-05-05 10:05:36,4012.1,123487
2021-05-05 10:05:37,4013.25,123507
2021-05-05 10:05:38,4012.6,123518
2021-05-05 10:05:39,4015.0,123519
2021-05-05 10:05:40,4015.0,123519
2021-05-05 10:05:41,4012.8,123529
2021-05-05 10:05:42,4012.8,123529
2021-05-05 10:05:43,4012.8,123529
2021-05-05 10:05:44,4014.0,123569
2021-05-05 10:05:45,4014.0,123592
2021-05-05 10:05:47,4014.0,123592
2021-05-05 10:05:50,4012.0,123996
2021-05-05 10:05:51,4012.0,123996
2021-05-05 10:05:53,4009.4,124220
2021-05-05 10:05:52,4012.0,123996
2021-05-05 10:05:54,4008.15,124230
2021-05-05 10:05:55,4008.15,124260
2021-05-05 10:05:56,4010.0,124285
2021-05-05 10:05:57,4010.0,124285
2021-05-05 10:05:58,4010.0,124285
2021-05-05 10:05:59,4010.4,124586
2021-05-05 10:06:00,4010.4,124586
2021-05-05 10:06:01,4008.15,124636
2021-05-05 10:06:02,4008.0,124656
2021-05-05 10:06:03,4008.0,124656
2021-05-05 10:06:04,4008.0,124765
2021-05-05 10:06:05,4008.0,124835
2021-05-05 10:06:07,4008.0,124945
2021-05-05 10:06:09,4006.0,125003
2021-05-05 10:06:09,4007.6,125004
2021-05-05 10:06:10,4005.55,125119
2021-05-05 10:06:11,4005.55,125119
2021-05-05 10:06:12,4005.15,125129
2021-05-05 10:06:13,4005.15,125129
2021-05-05 10:06:14,4005.15,125129
2021-05-05 10:06:16,4005.2,125147
2021-05-05 10:06:17,4006.0,125164
2021-05-05 10:06:18,4006.0,125174
2021-05-05 10:06:19,4006.0,125184
2021-05-05 10:06:20,4007.0,125228
2021-05-05 10:06:21,4005.5,125242
2021-05-05 10:06:22,4005.0,125399
2021-05-05 10:06:23,4007.0,125432
2021-05-05 10:06:23,4007.0,125461
2021-05-05 10:06:27,4007.0,125525
2021-05-05 10:06:29,4007.0,125535
2021-05-05 10:06:30,4006.95,125561
2021-05-05 10:06:30,4006.95,125561
2021-05-05 10:06:32,4005.0,125586
2021-05-05 10:06:33,4006.05,125587
2021-05-05 10:06:34,4007.0,125597
2021-05-05 10:06:35,4006.05,125604
2021-05-05 10:06:36,4007.0,125622
2021-05-05 10:06:38,4006.05,125643
2021-05-05 10:06:39,4005.1,125701
2021-05-05 10:06:40,4005.1,125701
2021-05-05 10:06:41,4007.0,125745
2021-05-05 10:06:41,4007.0,125745
2021-05-05 10:06:43,4007.0,125802
2021-05-05 10:06:43,4007.0,125802
2021-05-05 10:06:44,4007.0,125802
2021-05-05 10:06:45,4005.3,125868
2021-05-05 10:06:48,4005.0,126342
2021-05-05 10:06:49,4006.8,126343
2021-05-05 10:06:50,4005.2,126350
2021-05-05 10:06:51,4005.2,126350
2021-05-05 10:06:52,4005.2,126350
2021-05-05 10:06:53,4006.8,126353
2021-05-05 10:06:54,4005.0,126364
2021-05-05 10:06:55,4007.1,126564
2021-05-05 10:06:56,4005.1,126589
2021-05-05 10:06:59,4006.9,126591
2021-05-05 10:07:03,4006.8,126685
2021-05-05 10:07:06,4006.9,126706
2021-05-05 10:07:09,4007.4,126808
2021-05-05 10:07:13,4006.45,127123
2021-05-05 10:07:19,4008.3,127478
2021-05-05 10:07:23,4010.5,127492
2021-05-05 10:07:26,4010.35,127615
2021-05-05 10:07:30,4011.65,127620
2021-05-05 10:07:37,4011.9,127851
2021-05-05 10:07:45,4015.0,128006
2021-05-05 10:07:49,4013.9,128064
2021-05-05 10:07:59,4014.75,128141
2021-05-05 10:08:02,4015.0,128142
2021-05-05 10:08:08,4015.0,128159
2021-05-05 10:08:11,4015.0,128169
2021-05-05 10:08:19,4015.0,128229
2021-05-05 10:08:22,4014.9,128260
2021-05-05 10:08:29,4014.5,128278
2021-05-05 10:08:32,4014.9,128289
2021-05-05 10:08:35,4014.2,128330
2021-05-05 10:08:39,4014.2,128330
2021-05-05 10:08:42,4014.0,128371
2021-05-05 10:08:45,4014.0,128390
2021-05-05 10:08:53,4014.0,128496
2021-05-05 10:08:56,4014.9,128596
2021-05-05 10:09:00,4014.9,128610
2021-05-05 10:09:06,4015.0,128873
2021-05-05 10:09:09,4015.0,128873
2021-05-05 10:09:12,4015.0,128873
2021-05-05 10:09:16,4014.0,129001
2021-05-05 10:09:19,4014.0,129021
2021-05-05 10:09:22,4015.0,129129
2021-05-05 10:09:25,4014.0,129132
2021-05-05 10:09:28,4014.9,129191
2021-05-05 10:09:31,4014.9,129191
2021-05-05 10:09:35,4014.9,129198
2021-05-05 10:09:38,4014.9,129248
2021-05-05 10:09:41,4014.4,129277
2021-05-05 10:09:45,4014.4,129498
2021-05-05 10:09:49,4014.3,129541
2021-05-05 10:09:52,4014.35,129542
2021-05-05 10:09:55,4014.35,129546
2021-05-05 10:09:58,4014.8,129562
2021-05-05 10:10:01,4016.95,129563
2021-05-05 10:10:04,4016.95,129563
2021-05-05 10:10:10,4015.15,129680
2021-05-05 10:10:14,4016.8,129695
2021-05-05 10:10:18,4015.15,129700
2021-05-05 10:10:21,4015.1,129706
2021-05-05 10:10:25,4014.0,129796
2021-05-05 10:10:28,4014.0,129796
2021-05-05 10:10:30,4014.0,129796
2021-05-05 10:10:33,4014.0,129796
2021-05-05 10:10:35,4014.0,129958
2021-05-05 10:10:46,4012.45,130001
2021-05-05 10:10:49,4013.95,130002
2021-05-05 10:10:53,4012.0,130009
2021-05-05 10:10:57,4012.05,130146
2021-05-05 10:11:00,4013.6,130152
2021-05-05 10:11:03,4014.0,130259
2021-05-05 10:11:07,4011.75,130272
2021-05-05 10:11:10,4011.75,130272
2021-05-05 10:11:14,4014.15,130372
2021-05-05 10:11:18,4010.9,130470
2021-05-05 10:11:21,4011.5,130633
2021-05-05 10:11:25,4013.9,130643
2021-05-05 10:11:28,4015.9,130684
2021-05-05 10:11:32,4013.3,130787
2021-05-05 10:11:36,4013.3,130792
2021-05-05 10:11:39,4013.3,130792
2021-05-05 10:11:44,4011.55,130795
2021-05-05 10:11:47,4011.15,130814
2021-05-05 10:11:50,4011.1,130821
2021-05-05 10:11:53,4013.3,130822
2021-05-05 10:11:55,4013.3,130828
2021-05-05 10:11:58,4014.9,130929
2021-05-05 10:12:00,4014.95,130930
2021-05-05 10:12:02,4012.15,130960
2021-05-05 10:12:03,4012.15,130960
2021-05-05 10:12:04,4013.85,130962
2021-05-05 10:12:05,4012.0,130968
2021-05-05 10:12:06,4012.0,130968
2021-05-05 10:12:07,4012.0,130968
2021-05-05 10:12:08,4012.0,130968
2021-05-05 10:12:09,4013.3,130972
2021-05-05 10:12:10,4013.3,130972
2021-05-05 10:12:11,4013.3,130972
2021-05-05 10:12:12,4013.3,130972
2021-05-05 10:12:13,4013.3,130972
2021-05-05 10:12:14,4013.3,130972
2021-05-05 10:12:15,4011.8,130989
2021-05-05 10:12:16,4011.8,130989
2021-05-05 10:12:17,4013.3,130991
2021-05-05 10:12:18,4013.3,130991
2021-05-05 10:12:19,4013.3,130991
2021-05-05 10:12:20,4012.0,130992
2021-05-05 10:12:21,4012.0,130995
2021-05-05 10:12:22,4012.0,130995
2021-05-05 10:12:23,4013.3,130996
2021-05-05 10:12:24,4013.3,130996
2021-05-05 10:12:25,4013.3,130996
2021-05-05 10:12:27,4013.3,130996
2021-05-05 10:12:28,4013.3,130996
2021-05-05 10:12:29,4011.55,130997
2021-05-05 10:12:30,4011.55,130997
2021-05-05 10:12:31,4011.55,130997
2021-05-05 10:12:32,4011.55,130997
2021-05-05 10:12:35,4009.75,132378
2021-05-05 10:12:36,4013.6,132388
2021-05-05 10:12:37,4013.6,132388
2021-05-05 10:12:38,4010.0,132890
2021-05-05 10:12:39,4013.0,133005
2021-05-05 10:12:40,4013.35,133055
2021-05-05 10:12:41,4013.35,133055
2021-05-05 10:12:42,4013.35,133055
2021-05-05 10:12:43,4013.35,133055
2021-05-05 10:12:44,4009.0,133746
2021-05-05 10:12:45,4009.0,133746
2021-05-05 10:12:46,4008.95,133864
2021-05-05 10:12:47,4010.0,133874
2021-05-05 10:12:48,4010.0,133875
2021-05-05 10:12:49,4010.0,133875
2021-05-05 10:12:50,4009.0,133880
2021-05-05 10:12:51,4008.4,133885
2021-05-05 10:12:52,4008.4,133885
2021-05-05 10:12:53,4008.4,133885
2021-05-05 10:12:54,4008.4,133886
2021-05-05 10:12:55,4008.4,133886
2021-05-05 10:12:56,4008.4,133886
2021-05-05 10:12:57,4010.0,133889
2021-05-05 10:12:58,4008.0,133940
2021-05-05 10:12:59,4008.0,133940
2021-05-05 10:13:00,4008.0,133940
2021-05-05 10:13:01,4008.0,133940
2021-05-05 10:13:02,4008.0,133940
2021-05-05 10:13:03,4008.0,133940
2021-05-05 10:13:04,4008.0,133940
2021-05-05 10:13:05,4009.0,133941
2021-05-05 10:13:07,4008.8,133948
2021-05-05 10:13:08,4008.8,133948
2021-05-05 10:13:09,4008.95,133949
2021-05-05 10:13:10,4009.0,133955
2021-05-05 10:13:11,4009.0,133957
2021-05-05 10:13:12,4009.0,133961
2021-05-05 10:13:13,4009.0,133964
2021-05-05 10:13:14,4009.0,133965
2021-05-05 10:13:15,4009.0,133965
2021-05-05 10:13:16,4008.9,133983
2021-05-05 10:13:17,4008.9,133983
2021-05-05 10:13:18,4008.25,133984
2021-05-05 10:13:20,4008.05,134089
2021-05-05 10:13:21,4008.05,134089
2021-05-05 10:13:22,4008.05,134089
2021-05-05 10:13:23,4008.05,134089
2021-05-05 10:13:24,4008.05,134089
2021-05-05 10:13:25,4008.05,134089
2021-05-05 10:13:26,4008.05,134089
2021-05-05 10:13:27,4008.05,134089
2021-05-05 10:13:28,4008.05,134089
2021-05-05 10:13:30,4008.05,134089
2021-05-05 10:13:30,4008.05,134089
2021-05-05 10:13:31,4008.05,134089
2021-05-05 10:13:32,4008.0,134090
2021-05-05 10:13:33,4008.0,134095
2021-05-05 10:13:35,4008.0,134095
2021-05-05 10:13:35,4008.0,134102
2021-05-05 10:13:36,4008.0,134102
2021-05-05 10:13:37,4008.0,134102
2021-05-05 10:13:38,4008.0,134102
2021-05-05 10:13:39,4008.0,134227
2021-05-05 10:13:40,4009.5,134228
2021-05-05 10:13:41,4009.5,134228
2021-05-05 10:13:42,4009.5,134228
2021-05-05 10:13:43,4009.5,134228
2021-05-05 10:13:46,4007.95,134655
2021-05-05 10:13:46,4007.95,134655
2021-05-05 10:13:48,4007.95,134655
2021-05-05 10:13:49,4007.95,134655
2021-05-05 10:13:51,4006.35,134660
2021-05-05 10:13:51,4006.4,134661
2021-05-05 10:13:52,4006.4,134661
2021-05-05 10:13:54,4006.4,134661
2021-05-05 10:13:54,4008.0,134690
2021-05-05 10:13:56,4010.0,135137
2021-05-05 10:13:57,4009.85,135157
2021-05-05 10:13:58,4009.85,135157
2021-05-05 10:13:59,4009.7,135197
2021-05-05 10:14:00,4009.7,135200
2021-05-05 10:14:01,4009.7,135200
2021-05-05 10:14:02,4009.7,135200
2021-05-05 10:14:03,4009.05,135375
2021-05-05 10:14:04,4011.55,136226
2021-05-05 10:14:05,4011.55,136226
2021-05-05 10:14:07,4013.0,136378
2021-05-05 10:14:07,4013.0,136378
2021-05-05 10:14:08,4010.0,137052
2021-05-05 10:14:09,4010.0,137057
2021-05-05 10:14:10,4010.0,137057
2021-05-05 10:14:11,4010.0,137160
2021-05-05 10:14:12,4010.0,137164
2021-05-05 10:14:13,4010.0,137164
2021-05-05 10:14:14,4010.0,137164
2021-05-05 10:14:16,4009.05,137181
2021-05-05 10:14:17,4010.0,137277
2021-05-05 10:14:17,4010.0,137277
2021-05-05 10:14:18,4010.0,137277
2021-05-05 10:14:19,4010.0,137283
2021-05-05 10:14:21,4009.55,137285
2021-05-05 10:14:22,4009.55,137285
2021-05-05 10:14:22,4009.55,137285
2021-05-05 10:14:23,4009.55,137285
2021-05-05 10:14:24,4009.55,137285
2021-05-05 10:14:25,4010.0,137619
2021-05-05 10:14:26,4010.0,137619
2021-05-05 10:14:27,4010.0,137619
2021-05-05 10:14:29,4010.0,137619
2021-05-05 10:14:30,4010.0,137719
2021-05-05 10:14:31,4010.0,137816
2021-05-05 10:14:32,4010.0,137820
2021-05-05 10:14:33,4010.0,137820
2021-05-05 10:14:34,4010.0,137820
2021-05-05 10:14:35,4009.1,137825
2021-05-05 10:14:36,4009.1,137825
2021-05-05 10:14:38,4010.0,138025
2021-05-05 10:14:39,4010.0,138048
2021-05-05 10:14:40,4010.0,138048
2021-05-05 10:14:42,4012.15,138834
2021-05-05 10:14:42,4012.15,138834
2021-05-05 10:14:44,4013.95,138835
2021-05-05 10:14:45,4013.95,138835
2021-05-05 10:14:45,4013.95,138835
2021-05-05 10:14:46,4013.95,138836
2021-05-05 10:14:47,4013.95,138836
2021-05-05 10:14:48,4013.95,138836
2021-05-05 10:14:49,4013.95,138836
2021-05-05 10:14:51,4013.1,138888
2021-05-05 10:14:53,4013.1,138888
2021-05-05 10:14:53,4014.7,138889
2021-05-05 10:14:54,4014.7,138889
2021-05-05 10:14:55,4014.7,138889
2021-05-05 10:14:57,4014.7,138889
2021-05-05 10:14:58,4011.25,141141
2021-05-05 10:15:00,4011.25,141141
2021-05-05 10:15:01,4011.25,141141
2021-05-05 10:15:02,4011.25,141141
2021-05-05 10:15:03,4010.0,141341
2021-05-05 10:15:04,4010.0,141341
2021-05-05 10:15:06,4009.35,141355
2021-05-05 10:15:07,4009.05,141356
2021-05-05 10:15:09,4013.1,143356
2021-05-05 10:15:09,4013.1,143356
2021-05-05 10:15:10,4014.4,143556
2021-05-05 10:15:11,4014.4,143556
2021-05-05 10:15:12,4014.4,143556
2021-05-05 10:15:13,4010.0,143965
2021-05-05 10:15:14,4010.0,144016
2021-05-05 10:15:15,4010.0,144016
2021-05-05 10:15:16,4010.0,144068
2021-05-05 10:15:19,4010.0,144070
2021-05-05 10:15:19,4010.0,144070
2021-05-05 10:15:20,4009.2,144075
2021-05-05 10:15:21,4008.0,144125
2021-05-05 10:15:22,4010.0,144127
2021-05-05 10:15:23,4010.0,144127
2021-05-05 10:15:26,4009.05,144138
2021-05-05 10:15:26,4009.05,144138
2021-05-05 10:15:27,4009.05,144138
2021-05-05 10:15:28,4010.0,144139
2021-05-05 10:15:30,4010.0,144140
2021-05-05 10:15:31,4010.0,144342
2021-05-05 10:15:32,4010.0,144342
