timestamp,ltp,volume
2021-04-19 09:15:35,4421.25,77172
2021-04-19 09:15:37,4423.95,79441
2021-04-19 09:15:38,4421.95,81225
2021-04-19 09:15:39,4432.75,82185
2021-04-19 09:15:41,4430.35,84565
2021-04-19 09:15:42,4439.0,86805
2021-04-19 09:15:43,4440.2,87689
2021-04-19 09:15:44,4441.85,88875
2021-04-19 09:15:45,4444.1,89507
2021-04-19 09:15:46,4442.55,90788
2021-04-19 09:15:47,4444.75,91058
2021-04-19 09:15:48,4437.35,91696
2021-04-19 09:15:48,4435.1,91863
2021-04-19 09:15:49,4438.9,92507
2021-04-19 09:15:50,4429.45,94188
2021-04-19 09:15:51,4430.85,95451
2021-04-19 09:15:52,4432.7,95832
2021-04-19 09:15:54,4430.25,97222
2021-04-19 09:15:55,4434.15,99015
2021-04-19 09:15:56,4437.0,99833
2021-04-19 09:15:57,4433.9,101236
2021-04-19 09:15:58,4433.65,103580
2021-04-19 09:15:59,4433.65,104329
2021-04-19 09:16:00,4432.25,105399
2021-04-19 09:16:01,4433.5,106086
2021-04-19 09:16:02,4434.7,107332
2021-04-19 09:16:02,4434.7,107336
2021-04-19 09:16:03,4430.4,107998
2021-04-19 09:16:04,4434.7,108794
2021-04-19 09:16:05,4433.05,108948
2021-04-19 09:16:06,4430.55,109166
2021-04-19 09:16:07,4430.25,111739
2021-04-19 09:16:08,4430.6,112245
2021-04-19 09:16:10,4434.7,112471
2021-04-19 09:16:11,4434.5,113123
2021-04-19 09:16:12,4431.5,113792
2021-04-19 09:16:13,4434.1,115047
2021-04-19 09:16:14,4435.2,115596
2021-04-19 09:16:15,4442.0,116846
2021-04-19 09:16:16,4440.4,117492
2021-04-19 09:16:17,4443.7,118050
2021-04-19 09:16:18,4449.3,120469
2021-04-19 09:16:19,4449.5,121089
2021-04-19 09:16:20,4452.8,124012
2021-04-19 09:16:22,4456.05,124556
2021-04-19 09:16:23,4455.7,125021
2021-04-19 09:16:24,4450.25,125556
2021-04-19 09:16:25,4447.5,126099
2021-04-19 09:16:26,4448.95,126682
2021-04-19 09:16:27,4448.65,127385
2021-04-19 09:16:28,4446.2,128163
2021-04-19 09:16:29,4445.9,128831
2021-04-19 09:16:30,4445.0,129334
2021-04-19 09:16:30,4446.95,129585
2021-04-19 09:16:31,4445.25,130393
2021-04-19 09:16:32,4443.45,130704
2021-04-19 09:16:33,4443.6,132554
2021-04-19 09:16:35,4443.85,132923
2021-04-19 09:16:36,4442.0,133733
2021-04-19 09:16:37,4442.1,134191
2021-04-19 09:16:38,4446.45,134760
2021-04-19 09:16:39,4446.35,135826
2021-04-19 09:16:39,4443.75,135852
2021-04-19 09:16:41,4446.8,136503
2021-04-19 09:16:42,4444.05,136782
2021-04-19 09:16:43,4445.9,137190
2021-04-19 09:16:44,4444.45,137907
2021-04-19 09:16:44,4447.95,138548
2021-04-19 09:16:46,4449.3,139622
2021-04-19 09:16:47,4447.15,139866
2021-04-19 09:16:48,4447.45,140707
2021-04-19 09:16:49,4443.25,141408
2021-04-19 09:16:49,4444.55,141441
2021-04-19 09:16:51,4444.65,143529
2021-04-19 09:16:52,4446.35,145642
2021-04-19 09:16:53,4447.95,146355
2021-04-19 09:16:54,4447.85,150285
2021-04-19 09:16:55,4441.3,151530
2021-04-19 09:16:56,4445.4,152051
2021-04-19 09:16:57,4445.65,152899
2021-04-19 09:16:58,4447.55,153263
2021-04-19 09:16:59,4447.55,153538
2021-04-19 09:16:59,4449.15,153639
2021-04-19 09:17:01,4454.9,158127
2021-04-19 09:17:03,4452.0,159004
2021-04-19 09:17:04,4451.7,159232
2021-04-19 09:17:05,4460.8,160909
2021-04-19 09:17:06,4459.5,162222
2021-04-19 09:17:07,4460.8,163004
2021-04-19 09:17:08,4462.4,164437
2021-04-19 09:17:09,4461.0,164635
2021-04-19 09:17:09,4461.0,164656
2021-04-19 09:17:12,4455.5,165860
2021-04-19 09:17:13,4455.85,166410
2021-04-19 09:17:14,4456.35,166662
2021-04-19 09:17:14,4453.7,166948
2021-04-19 09:17:16,4455.8,167444
2021-04-19 09:17:17,4452.2,167867
2021-04-19 09:17:18,4456.75,168085
2021-04-19 09:17:19,4455.95,168321
2021-04-19 09:17:20,4453.9,168500
2021-04-19 09:17:21,4453.7,169207
2021-04-19 09:17:22,4454.85,169275
2021-04-19 09:17:23,4456.5,170076
2021-04-19 09:17:24,4456.7,171219
2021-04-19 09:17:24,4455.9,171300
2021-04-19 09:17:25,4454.2,171986
2021-04-19 09:17:28,4457.0,172743
2021-04-19 09:17:29,4453.2,173673
2021-04-19 09:17:30,4454.0,174116
2021-04-19 09:17:31,4450.0,174964
2021-04-19 09:17:32,4448.25,175264
2021-04-19 09:17:32,4450.0,175537
2021-04-19 09:17:33,4453.4,176121
2021-04-19 09:17:34,4447.5,177961
2021-04-19 09:17:36,4447.5,178141
2021-04-19 09:17:37,4447.95,178353
2021-04-19 09:17:38,4446.2,178735
2021-04-19 09:17:39,4448.4,178902
2021-04-19 09:17:40,4448.65,179361
2021-04-19 09:17:41,4447.0,179409
2021-04-19 09:17:41,4448.75,179595
2021-04-19 09:17:44,4449.45,179858
2021-04-19 09:17:45,4447.4,181187
2021-04-19 09:17:46,4446.4,181723
2021-04-19 09:17:47,4443.45,183131
2021-04-19 09:17:48,4440.9,183319
2021-04-19 09:17:48,4442.25,183395
2021-04-19 09:17:49,4440.9,183500
2021-04-19 09:17:51,4442.05,183950
2021-04-19 09:17:52,4442.0,184375
2021-04-19 09:17:53,4442.05,184465
2021-04-19 09:17:54,4442.55,184650
2021-04-19 09:17:55,4442.95,184830
2021-04-19 09:17:55,4442.6,184935
2021-04-19 09:17:57,4440.9,185399
2021-04-19 09:17:58,4442.55,185925
2021-04-19 09:17:59,4443.85,186105
2021-04-19 09:18:00,4443.55,186902
2021-04-19 09:18:00,4445.05,186905
2021-04-19 09:18:02,4441.65,188195
2021-04-19 09:18:03,4439.2,189237
2021-04-19 09:18:07,4441.9,190414
2021-04-19 09:18:09,4440.05,190643
2021-04-19 09:18:10,4442.2,191117
2021-04-19 09:18:12,4444.75,193371
2021-04-19 09:18:12,4445.35,193382
2021-04-19 09:18:14,4442.1,193866
2021-04-19 09:18:15,4443.0,194081
2021-04-19 09:18:16,4440.9,194342
2021-04-19 09:18:17,4440.15,194534
2021-04-19 09:18:18,4440.05,194619
2021-04-19 09:18:19,4439.7,195487
2021-04-19 09:18:20,4438.15,195569
2021-04-19 09:18:21,4439.65,195712
2021-04-19 09:18:22,4439.85,196144
2021-04-19 09:18:23,4440.0,197805
2021-04-19 09:18:24,4439.0,197937
2021-04-19 09:18:25,4438.15,198231
2021-04-19 09:18:26,4438.15,198317
2021-04-19 09:18:27,4433.7,199728
2021-04-19 09:18:28,4437.95,199946
2021-04-19 09:18:29,4438.4,200073
2021-04-19 09:18:30,4437.95,200352
2021-04-19 09:18:31,4435.95,200653
2021-04-19 09:18:32,4436.2,200964
2021-04-19 09:18:33,4434.25,201162
2021-04-19 09:18:34,4436.1,201294
2021-04-19 09:18:35,4433.25,201585
2021-04-19 09:18:36,4433.0,202743
2021-04-19 09:18:37,4434.95,203075
2021-04-19 09:18:38,4435.1,203153
2021-04-19 09:18:39,4432.85,203428
2021-04-19 09:18:40,4433.35,204226
2021-04-19 09:18:41,4435.55,204246
2021-04-19 09:18:42,4428.85,208385
2021-04-19 09:18:43,4425.3,212349
2021-04-19 09:18:44,4422.3,212889
2021-04-19 09:18:45,4422.3,214349
2021-04-19 09:18:46,4421.75,214707
2021-04-19 09:18:47,4425.05,214884
2021-04-19 09:18:48,4424.55,215557
2021-04-19 09:18:49,4420.15,217232
2021-04-19 09:18:50,4423.0,218421
2021-04-19 09:18:51,4421.7,221370
2021-04-19 09:18:52,4419.1,221755
2021-04-19 09:18:53,4416.8,221987
2021-04-19 09:18:54,4419.55,223117
2021-04-19 09:18:55,4416.85,223129
2021-04-19 09:18:56,4416.4,223316
2021-04-19 09:18:57,4418.35,223708
2021-04-19 09:18:58,4419.1,224114
2021-04-19 09:18:59,4416.0,224539
2021-04-19 09:19:00,4412.3,224711
2021-04-19 09:19:01,4411.65,224911
2021-04-19 09:19:02,4415.2,225232
2021-04-19 09:19:03,4411.7,225585
2021-04-19 09:19:04,4414.85,228198
2021-04-19 09:19:05,4411.45,228891
2021-04-19 09:19:06,4413.95,229032
2021-04-19 09:19:08,4412.1,229581
2021-04-19 09:19:09,4414.95,230509
2021-04-19 09:19:10,4412.55,230972
2021-04-19 09:19:11,4414.3,231767
2021-04-19 09:19:12,4412.2,232500
2021-04-19 09:19:13,4414.15,232611
2021-04-19 09:19:14,4412.65,233750
2021-04-19 09:19:15,4410.0,234771
2021-04-19 09:19:16,4413.55,235471
2021-04-19 09:19:17,4410.0,236631
2021-04-19 09:19:18,4410.0,236853
2021-04-19 09:19:19,4411.0,237427
2021-04-19 09:19:20,4413.25,237483
2021-04-19 09:19:21,4405.0,239685
2021-04-19 09:19:22,4408.15,240250
2021-04-19 09:19:24,4406.3,241669
2021-04-19 09:19:25,4407.75,242445
2021-04-19 09:19:28,4405.95,243764
2021-04-19 09:19:29,4408.0,243933
2021-04-19 09:19:30,4407.7,245007
2021-04-19 09:19:31,4406.4,245179
2021-04-19 09:19:32,4405.95,245821
2021-04-19 09:19:33,4405.75,246502
2021-04-19 09:19:34,4406.0,247131
2021-04-19 09:19:35,4407.55,247142
2021-04-19 09:19:36,4406.4,247919
2021-04-19 09:19:37,4412.55,250618
2021-04-19 09:19:39,4409.15,251222
2021-04-19 09:19:40,4411.75,251331
2021-04-19 09:19:41,4409.95,252564
2021-04-19 09:19:42,4409.95,253744
2021-04-19 09:19:43,4409.15,253970
2021-04-19 09:19:44,4411.8,254433
2021-04-19 09:19:45,4410.7,254915
2021-04-19 09:19:46,4415.0,256614
2021-04-19 09:19:48,4416.0,256928
2021-04-19 09:19:47,4414.15,256921
2021-04-19 09:19:49,4416.0,257336
2021-04-19 09:19:50,4414.5,257521
2021-04-19 09:19:51,4418.6,257913
2021-04-19 09:19:52,4418.55,258464
2021-04-19 09:19:53,4418.1,258681
2021-04-19 09:19:54,4417.4,259262
2021-04-19 09:19:55,4416.35,259533
2021-04-19 09:19:56,4416.75,259590
2021-04-19 09:19:57,4416.0,260027
2021-04-19 09:19:58,4418.5,260045
2021-04-19 09:19:59,4415.4,260552
2021-04-19 09:20:00,4416.9,260996
2021-04-19 09:20:01,4416.7,261491
2021-04-19 09:20:02,4416.7,261571
2021-04-19 09:20:03,4413.4,261969
2021-04-19 09:20:04,4413.2,262498
2021-04-19 09:20:05,4414.65,263241
2021-04-19 09:20:06,4411.3,263273
2021-04-19 09:20:07,4413.8,264162
2021-04-19 09:20:08,4409.6,265759
2021-04-19 09:20:09,4409.45,265869
2021-04-19 09:20:10,4406.5,267418
2021-04-19 09:20:11,4403.1,267961
2021-04-19 09:20:12,4405.0,268165
2021-04-19 09:20:13,4405.0,268677
2021-04-19 09:20:14,4403.3,268684
2021-04-19 09:20:15,4401.0,269673
2021-04-19 09:20:16,4401.2,270175
2021-04-19 09:20:17,4402.05,270623
2021-04-19 09:20:18,4400.45,270922
2021-04-19 09:20:19,4396.45,278807
2021-04-19 09:20:21,4400.0,281340
2021-04-19 09:20:22,4400.0,281442
2021-04-19 09:20:23,4399.55,281535
2021-04-19 09:20:24,4397.75,281926
2021-04-19 09:20:25,4400.0,282359
2021-04-19 09:20:26,4397.15,282899
2021-04-19 09:20:27,4397.75,283624
2021-04-19 09:20:29,4395.85,284777
2021-04-19 09:20:29,4395.85,284788
2021-04-19 09:20:30,4395.85,285371
2021-04-19 09:20:31,4397.0,286062
2021-04-19 09:20:32,4396.6,286282
2021-04-19 09:20:33,4397.6,286854
2021-04-19 09:20:35,4395.85,287106
2021-04-19 09:20:35,4395.85,287092
2021-04-19 09:20:36,4395.85,288277
2021-04-19 09:20:37,4395.0,288894
2021-04-19 09:20:38,4397.2,289654
2021-04-19 09:20:39,4396.85,290151
2021-04-19 09:20:43,4394.85,291008
2021-04-19 09:20:44,4397.15,291796
2021-04-19 09:20:45,4399.15,292967
2021-04-19 09:20:46,4399.65,294776
2021-04-19 09:20:48,4395.75,295714
2021-04-19 09:20:49,4397.0,295766
2021-04-19 09:20:49,4395.6,295798
2021-04-19 09:20:50,4395.15,296017
2021-04-19 09:20:52,4396.9,296690
2021-04-19 09:20:53,4395.8,296924
2021-04-19 09:20:55,4397.65,297028
2021-04-19 09:20:55,4397.8,297029
2021-04-19 09:20:56,4397.8,297199
2021-04-19 09:20:57,4397.8,297226
2021-04-19 09:20:58,4397.0,297339
2021-04-19 09:20:59,4397.55,298782
2021-04-19 09:21:01,4397.75,300222
2021-04-19 09:21:03,4396.75,301338
2021-04-19 09:21:04,4397.0,301858
2021-04-19 09:21:05,4400.0,304760
2021-04-19 09:21:06,4399.95,305250
2021-04-19 09:21:09,4398.5,306788
2021-04-19 09:21:10,4400.95,306900
2021-04-19 09:21:11,4401.9,307025
2021-04-19 09:21:13,4400.05,307069
2021-04-19 09:21:13,4401.4,307068
2021-04-19 09:21:14,4401.4,307413
2021-04-19 09:21:15,4401.95,307586
2021-04-19 09:21:16,4402.15,308731
2021-04-19 09:21:18,4403.95,309117
2021-04-19 09:21:18,4403.95,309262
2021-04-19 09:21:19,4403.45,309624
2021-04-19 09:21:20,4404.15,309702
2021-04-19 09:21:21,4404.15,309821
2021-04-19 09:21:22,4404.45,310341
2021-04-19 09:21:23,4405.0,310866
2021-04-19 09:21:24,4404.25,311336
2021-04-19 09:21:26,4408.0,311574
2021-04-19 09:21:26,4408.3,311804
2021-04-19 09:21:27,4405.0,312288
2021-04-19 09:21:28,4407.8,312996
2021-04-19 09:21:29,4407.9,313553
2021-04-19 09:21:31,4408.45,313773
2021-04-19 09:21:31,4408.4,313779
2021-04-19 09:21:33,4412.85,315633
2021-04-19 09:21:33,4410.9,315818
2021-04-19 09:21:34,4412.15,316894
2021-04-19 09:21:36,4413.45,317430
2021-04-19 09:21:38,4410.8,317968
2021-04-19 09:21:39,4411.7,318198
2021-04-19 09:21:40,4408.5,318707
2021-04-19 09:21:41,4409.15,319512
2021-04-19 09:21:43,4410.75,320069
2021-04-19 09:21:44,4412.85,320814
2021-04-19 09:21:45,4411.05,320848
2021-04-19 09:21:46,4413.4,321605
2021-04-19 09:21:47,4412.85,321658
2021-04-19 09:21:49,4411.05,322192
2021-04-19 09:21:49,4411.05,322024
2021-04-19 09:21:50,4409.25,326199
2021-04-19 09:21:51,4407.5,326754
2021-04-19 09:21:52,4407.15,327385
2021-04-19 09:21:54,4406.2,329711
2021-04-19 09:21:54,4406.1,329740
2021-04-19 09:21:55,4402.15,330387
2021-04-19 09:21:56,4402.9,330556
2021-04-19 09:21:57,4402.6,330636
2021-04-19 09:21:58,4403.15,330730
2021-04-19 09:21:59,4403.35,330989
2021-04-19 09:22:00,4402.65,331443
2021-04-19 09:22:02,4402.55,331523
2021-04-19 09:22:02,4402.6,331525
2021-04-19 09:22:03,4401.9,332664
2021-04-19 09:22:04,4401.6,334818
2021-04-19 09:22:05,4402.6,335913
2021-04-19 09:22:07,4402.0,335956
2021-04-19 09:22:08,4402.65,336062
2021-04-19 09:22:08,4404.0,336155
2021-04-19 09:22:09,4402.4,336480
2021-04-19 09:22:11,4402.0,337051
2021-04-19 09:22:12,4402.0,337195
2021-04-19 09:22:13,4402.6,337330
2021-04-19 09:22:14,4402.65,337360
2021-04-19 09:22:15,4404.0,337556
2021-04-19 09:22:16,4402.65,338583
2021-04-19 09:22:17,4404.0,338788
2021-04-19 09:22:18,4403.75,339155
2021-04-19 09:22:19,4402.6,339421
2021-04-19 09:22:20,4402.0,339662
2021-04-19 09:22:21,4402.65,339696
2021-04-19 09:22:22,4402.0,339813
2021-04-19 09:22:23,4403.9,339839
2021-04-19 09:22:24,4404.0,340014
2021-04-19 09:22:25,4405.0,340506
2021-04-19 09:22:26,4402.75,340819
2021-04-19 09:22:28,4404.55,341286
2021-04-19 09:22:28,4404.45,341369
2021-04-19 09:22:29,4404.0,341465
2021-04-19 09:22:30,4404.65,341588
2021-04-19 09:22:31,4403.75,341761
2021-04-19 09:22:32,4405.0,342863
2021-04-19 09:22:34,4404.7,342888
2021-04-19 09:22:34,4405.0,342890
2021-04-19 09:22:35,4405.0,343150
2021-04-19 09:22:36,4405.0,343290
2021-04-19 09:22:38,4405.3,343786
2021-04-19 09:22:39,4405.1,343839
2021-04-19 09:22:40,4407.5,344036
2021-04-19 09:22:41,4408.0,344195
2021-04-19 09:22:41,4406.7,344215
2021-04-19 09:22:42,4406.85,344344
2021-04-19 09:22:43,4406.2,344594
2021-04-19 09:22:44,4402.5,345415
2021-04-19 09:22:46,4404.85,346496
2021-04-19 09:22:47,4405.0,346621
2021-04-19 09:22:47,4402.25,346643
2021-04-19 09:22:48,4402.85,347826
2021-04-19 09:22:49,4403.15,347970
2021-04-19 09:22:52,4403.05,348317
2021-04-19 09:22:53,4403.1,348783
2021-04-19 09:22:54,4405.55,348858
2021-04-19 09:22:54,4405.55,348861
2021-04-19 09:22:55,4405.55,349934
2021-04-19 09:22:56,4407.6,350048
2021-04-19 09:22:58,4405.0,350388
2021-04-19 09:22:59,4407.6,350527
2021-04-19 09:22:59,4404.15,350521
2021-04-19 09:23:00,4407.6,350652
2021-04-19 09:23:01,4405.3,350809
2021-04-19 09:23:02,4405.75,351216
2021-04-19 09:23:04,4404.5,351282
2021-04-19 09:23:05,4404.9,351407
2021-04-19 09:23:06,4405.0,351630
2021-04-19 09:23:07,4404.45,351665
2021-04-19 09:23:07,4404.45,351665
2021-04-19 09:23:08,4404.95,351849
2021-04-19 09:23:09,4404.4,352035
2021-04-19 09:23:11,4404.0,352266
2021-04-19 09:23:12,4405.0,352403
2021-04-19 09:23:12,4403.55,352423
2021-04-19 09:23:13,4404.9,352525
2021-04-19 09:23:14,4404.35,352606
2021-04-19 09:23:15,4404.0,352642
2021-04-19 09:23:16,4405.0,353017
2021-04-19 09:23:17,4403.35,353185
2021-04-19 09:23:19,4403.95,353318
2021-04-19 09:23:20,4404.0,353523
2021-04-19 09:23:21,4404.95,353605
2021-04-19 09:23:21,4404.95,353605
2021-04-19 09:23:22,4405.0,353906
2021-04-19 09:23:23,4405.0,354373
2021-04-19 09:23:24,4405.0,354475
2021-04-19 09:23:26,4405.0,354647
2021-04-19 09:23:27,4405.0,354678
2021-04-19 09:23:29,4405.0,354704
2021-04-19 09:23:30,4404.75,354947
2021-04-19 09:23:30,4402.75,354937
2021-04-19 09:23:31,4400.0,356676
2021-04-19 09:23:33,4403.0,356797
2021-04-19 09:23:34,4402.9,356838
2021-04-19 09:23:35,4403.85,356974
2021-04-19 09:23:36,4405.0,357208
2021-04-19 09:23:38,4404.0,357288
2021-04-19 09:23:39,4403.1,357375
2021-04-19 09:23:40,4405.0,357728
2021-04-19 09:23:41,4404.75,359373
2021-04-19 09:23:42,4404.55,359449
2021-04-19 09:23:43,4404.1,359684
2021-04-19 09:23:45,4404.95,359906
2021-04-19 09:23:46,4404.95,360076
2021-04-19 09:23:47,4405.0,360083
2021-04-19 09:23:47,4405.0,360091
2021-04-19 09:23:48,4406.0,360409
2021-04-19 09:23:49,4406.95,360509
2021-04-19 09:23:50,4406.9,360573
2021-04-19 09:23:52,4408.1,360816
2021-04-19 09:23:53,4407.5,360951
2021-04-19 09:23:53,4408.25,360962
2021-04-19 09:23:54,4407.2,361087
2021-04-19 09:23:55,4409.0,361248
2021-04-19 09:23:57,4408.75,361780
2021-04-19 09:23:58,4407.3,362243
2021-04-19 09:23:59,4407.85,362696
2021-04-19 09:24:00,4408.05,362758
2021-04-19 09:24:00,4408.05,362758
2021-04-19 09:24:01,4406.7,363149
2021-04-19 09:24:02,4407.0,363338
2021-04-19 09:24:03,4407.7,363387
2021-04-19 09:24:04,4408.1,363438
2021-04-19 09:24:05,4408.1,364066
2021-04-19 09:24:06,4408.65,364424
2021-04-19 09:24:08,4408.65,364519
2021-04-19 09:24:09,4408.0,364664
2021-04-19 09:24:10,4407.75,364774
2021-04-19 09:24:11,4407.5,364846
2021-04-19 09:24:12,4408.65,365014
2021-04-19 09:24:13,4408.65,365046
2021-04-19 09:24:13,4408.65,365046
2021-04-19 09:24:14,4413.4,366476
2021-04-19 09:24:16,4410.85,366588
2021-04-19 09:24:18,4411.25,366667
2021-04-19 09:24:19,4410.9,366815
2021-04-19 09:24:20,4410.2,366835
2021-04-19 09:24:21,4410.2,367073
2021-04-19 09:24:22,4412.4,367176
2021-04-19 09:24:23,4414.3,368181
2021-04-19 09:24:23,4411.65,368221
2021-04-19 09:24:24,4410.85,368345
2021-04-19 09:24:27,4411.4,368650
2021-04-19 09:24:28,4411.4,368688
2021-04-19 09:24:30,4412.0,368796
2021-04-19 09:24:31,4411.45,369075
2021-04-19 09:24:31,4411.45,369075
2021-04-19 09:24:32,4413.0,369149
2021-04-19 09:24:33,4412.0,369353
2021-04-19 09:24:34,4412.0,369506
2021-04-19 09:24:35,4412.0,370628
2021-04-19 09:24:37,4411.45,370848
2021-04-19 09:24:38,4413.0,371050
2021-04-19 09:24:39,4413.0,371199
2021-04-19 09:24:39,4413.65,371203
2021-04-19 09:24:40,4414.3,371379
2021-04-19 09:24:42,4413.75,371656
2021-04-19 09:24:43,4413.75,371682
2021-04-19 09:24:44,4418.0,373321
2021-04-19 09:24:45,4417.95,374282
2021-04-19 09:24:46,4416.65,374440
2021-04-19 09:24:47,4415.5,374755
2021-04-19 09:24:48,4416.5,374951
2021-04-19 09:24:50,4417.65,375146
2021-04-19 09:24:51,4417.95,375343
2021-04-19 09:24:52,4415.0,377616
2021-04-19 09:24:53,4415.35,377730
2021-04-19 09:24:54,4415.3,377828
2021-04-19 09:24:54,4416.2,377978
2021-04-19 09:24:55,4415.2,378180
2021-04-19 09:24:56,4415.2,378257
2021-04-19 09:24:58,4416.25,378299
2021-04-19 09:24:59,4415.6,378328
2021-04-19 09:25:00,4415.55,378341
2021-04-19 09:25:01,4416.2,378417
2021-04-19 09:25:01,4415.4,378422
2021-04-19 09:25:02,4416.0,378474
2021-04-19 09:25:03,4416.2,378525
2021-04-19 09:25:04,4415.0,378738
2021-04-19 09:25:06,4416.25,379099
2021-04-19 09:25:07,4416.2,379418
2021-04-19 09:25:08,4416.2,379500
2021-04-19 09:25:09,4415.0,379738
2021-04-19 09:25:10,4416.25,379899
2021-04-19 09:25:11,4416.2,379909
2021-04-19 09:25:12,4416.25,380081
2021-04-19 09:25:12,4415.0,380101
2021-04-19 09:25:13,4416.2,380226
2021-04-19 09:25:14,4416.0,380333
2021-04-19 09:25:16,4416.15,380454
2021-04-19 09:25:17,4416.0,380591
2021-04-19 09:25:18,4416.2,380814
2021-04-19 09:25:18,4416.2,380857
2021-04-19 09:25:19,4416.55,381241
2021-04-19 09:25:20,4418.0,381560
2021-04-19 09:25:23,4419.0,382363
2021-04-19 09:25:22,4418.95,382162
2021-04-19 09:25:24,4420.0,383907
2021-04-19 09:25:25,4420.0,384132
2021-04-19 09:25:26,4422.0,385213
2021-04-19 09:25:27,4419.7,385576
2021-04-19 09:25:29,4422.3,387366
2021-04-19 09:25:30,4420.4,387603
2021-04-19 09:25:31,4424.05,389681
2021-04-19 09:25:32,4424.6,389860
2021-04-19 09:25:32,4422.8,389913
2021-04-19 09:25:33,4424.55,390415
2021-04-19 09:25:35,4425.0,390608
2021-04-19 09:25:36,4427.15,391743
2021-04-19 09:25:37,4425.0,392194
2021-04-19 09:25:38,4429.4,393426
2021-04-19 09:25:38,4429.4,393430
2021-04-19 09:25:39,4428.45,394145
2021-04-19 09:25:40,4430.0,395045
2021-04-19 09:25:41,4428.05,395652
2021-04-19 09:25:42,4425.9,396217
2021-04-19 09:25:44,4427.3,396326
2021-04-19 09:25:45,4427.4,396994
2021-04-19 09:25:47,4426.35,397983
2021-04-19 09:25:47,4426.25,397990
2021-04-19 09:25:48,4424.75,398336
2021-04-19 09:25:50,4425.0,399114
2021-04-19 09:25:51,4425.45,400661
2021-04-19 09:25:52,4424.0,400783
2021-04-19 09:25:53,4424.4,400914
2021-04-19 09:25:54,4424.4,400993
2021-04-19 09:25:56,4424.4,402792
2021-04-19 09:25:57,4424.4,403140
2021-04-19 09:25:59,4424.0,403478
2021-04-19 09:26:00,4428.45,404884
2021-04-19 09:26:01,4428.9,405450
2021-04-19 09:26:02,4427.1,405676
2021-04-19 09:26:03,4429.0,405794
2021-04-19 09:26:03,4427.45,405837
2021-04-19 09:26:04,4428.45,406483
2021-04-19 09:26:05,4430.0,407113
2021-04-19 09:26:06,4432.0,407694
2021-04-19 09:26:08,4432.0,408123
2021-04-19 09:26:09,4433.4,408607
2021-04-19 09:26:10,4432.0,408815
2021-04-19 09:26:11,4433.8,409247
2021-04-19 09:26:12,4433.65,409769
2021-04-19 09:26:13,4432.2,410311
2021-04-19 09:26:13,4430.05,410298
2021-04-19 09:26:14,4431.45,410771
2021-04-19 09:26:16,4431.6,411129
2021-04-19 09:26:18,4430.8,411305
2021-04-19 09:26:19,4433.0,411868
2021-04-19 09:26:20,4432.85,411980
2021-04-19 09:26:21,4432.0,412468
2021-04-19 09:26:22,4429.3,412829
2021-04-19 09:26:23,4430.6,413068
2021-04-19 09:26:24,4429.55,413475
2021-04-19 09:26:25,4432.0,413591
2021-04-19 09:26:26,4430.0,414047
2021-04-19 09:26:28,4432.0,414388
2021-04-19 09:26:29,4431.0,414553
2021-04-19 09:26:30,4432.0,414695
2021-04-19 09:26:31,4432.0,415923
2021-04-19 09:26:33,4431.55,416702
2021-04-19 09:26:34,4431.5,416970
2021-04-19 09:26:35,4431.0,417180
2021-04-19 09:26:36,4430.0,417314
2021-04-19 09:26:36,4431.55,417320
2021-04-19 09:26:37,4431.55,417462
2021-04-19 09:26:38,4430.15,417598
2021-04-19 09:26:39,4430.6,417970
2021-04-19 09:26:41,4430.0,418593
2021-04-19 09:26:42,4430.0,418740
2021-04-19 09:26:43,4429.95,419653
2021-04-19 09:26:44,4429.85,419724
2021-04-19 09:26:45,4429.9,420153
2021-04-19 09:26:45,4429.9,420146
2021-04-19 09:26:46,4429.9,420261
2021-04-19 09:26:47,4429.9,420360
2021-04-19 09:26:49,4430.15,421609
2021-04-19 09:26:50,4429.9,421900
2021-04-19 09:26:51,4430.0,421970
2021-04-19 09:26:52,4430.0,422011
2021-04-19 09:26:52,4430.0,422011
2021-04-19 09:26:54,4429.9,422172
2021-04-19 09:26:55,4430.0,422359
2021-04-19 09:26:56,4430.0,422514
2021-04-19 09:26:57,4429.9,422544
2021-04-19 09:26:57,4430.0,422672
2021-04-19 09:26:59,4428.4,422816
2021-04-19 09:27:00,4430.0,423142
2021-04-19 09:27:01,4428.15,423299
2021-04-19 09:27:02,4430.0,424000
2021-04-19 09:27:03,4430.6,424208
2021-04-19 09:27:04,4430.0,424438
2021-04-19 09:27:05,4430.0,424564
2021-04-19 09:27:06,4430.6,424981
2021-04-19 09:27:07,4429.55,425179
2021-04-19 09:27:08,4429.4,425288
2021-04-19 09:27:09,4430.5,425414
2021-04-19 09:27:10,4430.0,425733
2021-04-19 09:27:11,4430.0,425955
2021-04-19 09:27:12,4430.5,426023
2021-04-19 09:27:13,4430.5,426041
2021-04-19 09:27:14,4430.6,426145
2021-04-19 09:27:14,4431.0,426300
2021-04-19 09:27:16,4431.0,426577
2021-04-19 09:27:17,4430.05,426864
2021-04-19 09:27:18,4430.0,426980
2021-04-19 09:27:19,4430.0,427073
2021-04-19 09:27:20,4430.2,427475
2021-04-19 09:27:21,4431.15,427843
2021-04-19 09:27:22,4432.0,428018
2021-04-19 09:27:23,4432.0,428106
2021-04-19 09:27:24,4432.5,428549
2021-04-19 09:27:26,4431.8,428923
2021-04-19 09:27:26,4433.0,428943
2021-04-19 09:27:27,4433.0,428975
2021-04-19 09:27:28,4433.0,429196
2021-04-19 09:27:29,4432.0,429221
2021-04-19 09:27:30,4434.5,429547
2021-04-19 09:27:31,4434.35,429677
2021-04-19 09:27:33,4434.5,429751
2021-04-19 09:27:34,4434.5,429802
2021-04-19 09:27:35,4434.05,431271
2021-04-19 09:27:36,4436.0,431461
2021-04-19 09:27:37,4436.85,432279
2021-04-19 09:27:38,4437.9,432311
2021-04-19 09:27:39,4439.0,432320
2021-04-19 09:27:40,4437.0,432477
2021-04-19 09:27:41,4437.0,432598
2021-04-19 09:27:42,4438.95,432999
2021-04-19 09:27:43,4437.95,433914
2021-04-19 09:27:44,4438.95,434099
2021-04-19 09:27:45,4436.0,434174
2021-04-19 09:27:46,4438.25,434385
2021-04-19 09:27:47,4437.8,434726
2021-04-19 09:27:48,4437.8,434793
2021-04-19 09:27:49,4437.0,434850
2021-04-19 09:27:50,4437.0,435457
2021-04-19 09:27:51,4434.65,435790
2021-04-19 09:27:52,4436.65,435911
2021-04-19 09:27:53,4436.6,435988
2021-04-19 09:27:54,4436.0,435996
2021-04-19 09:27:55,4436.6,436068
2021-04-19 09:27:56,4434.4,436375
2021-04-19 09:27:57,4436.6,436547
2021-04-19 09:27:58,4436.6,436761
2021-04-19 09:27:59,4436.6,436877
2021-04-19 09:28:00,4437.0,437367
2021-04-19 09:28:01,4435.0,437427
2021-04-19 09:28:02,4437.1,438318
2021-04-19 09:28:02,4438.95,438313
2021-04-19 09:28:04,4435.5,438734
2021-04-19 09:28:05,4437.0,438764
2021-04-19 09:28:06,4437.0,439015
2021-04-19 09:28:07,4435.4,439073
2021-04-19 09:28:08,4435.4,439101
2021-04-19 09:28:09,4437.0,440074
2021-04-19 09:28:10,4437.0,440141
2021-04-19 09:28:11,4437.0,440359
2021-04-19 09:28:12,4435.55,441503
2021-04-19 09:28:13,4437.0,443115
2021-04-19 09:28:14,4436.2,443696
2021-04-19 09:28:16,4434.75,444398
2021-04-19 09:28:17,4434.75,444619
2021-04-19 09:28:18,4434.15,444686
2021-04-19 09:28:19,4434.75,445067
2021-04-19 09:28:20,4437.0,447259
2021-04-19 09:28:21,4436.0,447615
2021-04-19 09:28:22,4434.8,447651
2021-04-19 09:28:23,4434.8,448384
2021-04-19 09:28:24,4435.4,448448
2021-04-19 09:28:25,4435.95,448493
2021-04-19 09:28:28,4435.4,449041
2021-04-19 09:28:29,4434.75,449279
2021-04-19 09:28:30,4435.95,449850
2021-04-19 09:28:31,4435.4,449940
2021-04-19 09:28:33,4435.4,450063
2021-04-19 09:28:34,4435.9,450296
2021-04-19 09:28:35,4435.4,450652
2021-04-19 09:28:36,4434.35,451988
2021-04-19 09:28:37,4433.0,452283
2021-04-19 09:28:38,4433.0,452365
2021-04-19 09:28:39,4433.0,452393
2021-04-19 09:28:40,4433.0,452866
2021-04-19 09:28:41,4434.35,453548
2021-04-19 09:28:42,4432.05,453771
2021-04-19 09:28:43,4433.9,453945
2021-04-19 09:28:44,4432.6,454166
2021-04-19 09:28:45,4434.55,454260
2021-04-19 09:28:46,4434.55,454822
2021-04-19 09:28:47,4434.55,454859
2021-04-19 09:28:48,4435.0,455163
2021-04-19 09:28:49,4434.55,455243
2021-04-19 09:28:50,4434.95,455472
2021-04-19 09:28:51,4433.25,455540
2021-04-19 09:28:51,4434.95,455795
2021-04-19 09:28:52,4434.95,455821
2021-04-19 09:28:53,4434.95,456806
2021-04-19 09:28:55,4433.8,457029
2021-04-19 09:28:56,4434.0,457228
2021-04-19 09:28:57,4434.7,459321
2021-04-19 09:28:58,4435.6,459436
2021-04-19 09:28:59,4433.05,461571
2021-04-19 09:29:00,4434.65,461870
2021-04-19 09:29:02,4433.7,463752
2021-04-19 09:29:03,4433.45,464339
2021-04-19 09:29:04,4432.0,464400
2021-04-19 09:29:05,4433.45,464752
2021-04-19 09:29:06,4433.35,464793
2021-04-19 09:29:07,4433.0,464833
2021-04-19 09:29:08,4430.0,465361
2021-04-19 09:29:09,4432.7,465718
2021-04-19 09:29:10,4430.55,465758
2021-04-19 09:29:11,4432.0,465803
2021-04-19 09:29:12,4431.05,465903
2021-04-19 09:29:13,4432.75,465988
2021-04-19 09:29:14,4430.3,466020
2021-04-19 09:29:15,4430.6,466065
2021-04-19 09:29:16,4433.0,466288
2021-04-19 09:29:17,4432.2,466350
2021-04-19 09:29:18,4433.0,466380
2021-04-19 09:29:19,4431.5,466423
2021-04-19 09:29:20,4433.0,466446
2021-04-19 09:29:21,4432.15,467019
2021-04-19 09:29:22,4432.9,467048
2021-04-19 09:29:23,4432.2,467090
2021-04-19 09:29:24,4430.6,467163
2021-04-19 09:29:25,4432.15,467169
2021-04-19 09:29:26,4430.7,467183
2021-04-19 09:29:27,4432.0,467223
2021-04-19 09:29:28,4430.7,467761
2021-04-19 09:29:29,4430.7,467824
2021-04-19 09:29:30,4431.8,467841
2021-04-19 09:29:31,4431.75,467952
2021-04-19 09:29:32,4430.0,469573
2021-04-19 09:29:33,4431.55,471916
2021-04-19 09:29:34,4429.55,472505
2021-04-19 09:29:35,4430.7,473188
2021-04-19 09:29:36,4429.65,473250
2021-04-19 09:29:37,4430.7,473300
2021-04-19 09:29:38,4430.55,473359
2021-04-19 09:29:39,4430.7,473360
2021-04-19 09:29:40,4432.95,474079
2021-04-19 09:29:41,4434.3,476827
2021-04-19 09:29:42,4436.0,478640
2021-04-19 09:29:43,4435.9,480036
2021-04-19 09:29:44,4437.4,480040
2021-04-19 09:29:45,4437.4,480801
2021-04-19 09:29:46,4436.45,480911
2021-04-19 09:29:48,4437.4,481024
2021-04-19 09:29:49,4437.4,481087
2021-04-19 09:29:50,4437.35,481181
2021-04-19 09:29:51,4437.35,481339
2021-04-19 09:29:52,4436.45,481343
2021-04-19 09:29:53,4436.45,481372
2021-04-19 09:29:54,4436.45,481631
2021-04-19 09:29:55,4435.55,481879
2021-04-19 09:29:56,4435.25,481896
2021-04-19 09:29:58,4434.7,482696
2021-04-19 09:29:59,4432.9,482988
2021-04-19 09:30:00,4432.9,483033
2021-04-19 09:30:01,4432.1,483276
2021-04-19 09:30:02,4432.05,483561
2021-04-19 09:30:03,4432.0,483577
2021-04-19 09:30:04,4431.6,483673
2021-04-19 09:30:05,4431.3,483799
2021-04-19 09:30:06,4431.3,483988
2021-04-19 09:30:07,4429.65,484389
2021-04-19 09:30:08,4429.65,484512
2021-04-19 09:30:09,4430.0,485157
2021-04-19 09:30:10,4431.5,485271
2021-04-19 09:30:11,4431.1,485364
2021-04-19 09:30:12,4431.1,485364
2021-04-19 09:30:13,4429.65,486094
2021-04-19 09:30:14,4427.5,486371
2021-04-19 09:30:15,4429.65,486492
2021-04-19 09:30:16,4427.9,486781
2021-04-19 09:30:17,4429.65,486893
2021-04-19 09:30:18,4430.0,487153
2021-04-19 09:30:19,4429.55,487298
2021-04-19 09:30:20,4428.2,487670
2021-04-19 09:30:21,4429.2,488480
2021-04-19 09:30:22,4428.55,489144
2021-04-19 09:30:23,4427.6,489369
2021-04-19 09:30:24,4427.55,489446
2021-04-19 09:30:25,4425.85,490235
2021-04-19 09:30:26,4426.05,490288
2021-04-19 09:30:27,4425.5,490881
2021-04-19 09:30:28,4424.0,491135
2021-04-19 09:30:29,4424.0,491399
2021-04-19 09:30:30,4424.95,491400
2021-04-19 09:30:31,4424.95,491416
2021-04-19 09:30:32,4423.55,491473
2021-04-19 09:30:33,4425.0,492151
2021-04-19 09:30:34,4421.0,492852
2021-04-19 09:30:35,4421.0,493214
2021-04-19 09:30:36,4421.75,493587
2021-04-19 09:30:37,4420.4,493710
2021-04-19 09:30:38,4420.25,493737
2021-04-19 09:30:39,4421.85,493771
2021-04-19 09:30:40,4421.85,493874
2021-04-19 09:30:41,4421.85,494406
2021-04-19 09:30:42,4420.25,494545
2021-04-19 09:30:44,4421.65,496363
2021-04-19 09:30:45,4421.7,496706
2021-04-19 09:30:46,4421.7,496982
2021-04-19 09:30:47,4421.7,497078
2021-04-19 09:30:48,4420.6,497117
2021-04-19 09:30:49,4420.6,497691
2021-04-19 09:30:50,4420.6,497724
2021-04-19 09:30:51,4420.6,497973
2021-04-19 09:30:52,4420.75,498901
2021-04-19 09:30:53,4420.0,499090
2021-04-19 09:30:54,4421.4,499378
2021-04-19 09:30:55,4420.25,499742
2021-04-19 09:30:56,4421.35,499975
2021-04-19 09:30:57,4421.3,500000
2021-04-19 09:30:58,4421.0,500300
2021-04-19 09:30:59,4420.6,500324
2021-04-19 09:31:00,4417.4,500670
2021-04-19 09:31:01,4416.1,500985
2021-04-19 09:31:02,4415.65,501033
2021-04-19 09:31:03,4417.0,501186
2021-04-19 09:31:04,4417.4,501230
2021-04-19 09:31:05,4417.6,501279
2021-04-19 09:31:06,4416.8,501432
2021-04-19 09:31:07,4417.9,502507
2021-04-19 09:31:08,4416.05,502660
2021-04-19 09:31:10,4416.0,503248
2021-04-19 09:31:11,4417.2,503552
2021-04-19 09:31:12,4417.6,503568
2021-04-19 09:31:13,4415.8,503720
2021-04-19 09:31:14,4417.05,503938
2021-04-19 09:31:15,4416.85,504345
2021-04-19 09:31:16,4417.2,504573
2021-04-19 09:31:17,4417.3,504823
2021-04-19 09:31:18,4417.6,504922
2021-04-19 09:31:19,4416.1,504943
2021-04-19 09:31:20,4417.7,505020
2021-04-19 09:31:21,4417.0,505315
2021-04-19 09:31:22,4415.0,505607
2021-04-19 09:31:23,4416.8,505629
2021-04-19 09:31:25,4415.0,506449
2021-04-19 09:31:26,4414.65,506852
2021-04-19 09:31:27,4415.0,506937
2021-04-19 09:31:28,4415.0,507028
2021-04-19 09:31:28,4415.05,507018
2021-04-19 09:31:29,4414.45,508399
2021-04-19 09:31:30,4411.05,509439
2021-04-19 09:31:31,4410.0,509725
2021-04-19 09:31:32,4410.0,510958
2021-04-19 09:31:33,4409.95,511712
2021-04-19 09:31:34,4409.65,512298
2021-04-19 09:31:35,4409.85,512851
2021-04-19 09:31:36,4411.9,513039
2021-04-19 09:31:37,4414.05,513444
2021-04-19 09:31:38,4413.45,514378
2021-04-19 09:31:39,4413.1,514842
2021-04-19 09:31:40,4409.95,515086
2021-04-19 09:31:41,4411.2,516908
2021-04-19 09:31:42,4409.1,518193
2021-04-19 09:31:44,4411.2,520379
2021-04-19 09:31:44,4409.65,520388
2021-04-19 09:31:45,4409.55,523965
2021-04-19 09:31:46,4409.05,524071
2021-04-19 09:31:47,4404.25,526492
2021-04-19 09:31:48,4404.2,526997
2021-04-19 09:31:49,4406.6,528846
2021-04-19 09:31:50,4406.1,529647
2021-04-19 09:31:51,4406.3,530475
2021-04-19 09:31:52,4406.3,530612
2021-04-19 09:31:53,4406.3,530845
2021-04-19 09:31:54,4405.0,530899
2021-04-19 09:31:55,4406.1,531672
2021-04-19 09:31:56,4405.35,531828
2021-04-19 09:31:58,4405.9,532436
2021-04-19 09:31:59,4405.85,532925
2021-04-19 09:31:59,4405.85,532969
2021-04-19 09:32:00,4408.1,533494
2021-04-19 09:32:01,4406.7,534601
2021-04-19 09:32:02,4406.3,535192
2021-04-19 09:32:03,4406.7,535358
2021-04-19 09:32:05,4406.7,535508
2021-04-19 09:32:05,4406.65,535509
2021-04-19 09:32:06,4406.65,535594
2021-04-19 09:32:07,4406.3,538218
2021-04-19 09:32:08,4406.6,539594
2021-04-19 09:32:10,4406.6,539667
2021-04-19 09:32:10,4406.6,539667
2021-04-19 09:32:11,4406.6,541332
2021-04-19 09:32:12,4406.05,541871
2021-04-19 09:32:13,4406.0,541957
2021-04-19 09:32:15,4406.05,542018
2021-04-19 09:32:15,4407.5,543178
2021-04-19 09:32:16,4409.15,544142
2021-04-19 09:32:17,4412.3,544428
2021-04-19 09:32:19,4407.2,545466
2021-04-19 09:32:21,4408.15,545534
2021-04-19 09:32:21,4408.15,545544
2021-04-19 09:32:22,4408.15,545584
2021-04-19 09:32:23,4408.15,545753
2021-04-19 09:32:24,4407.7,546006
2021-04-19 09:32:25,4406.85,546609
2021-04-19 09:32:26,4407.6,546965
2021-04-19 09:32:28,4407.6,547101
2021-04-19 09:32:28,4407.25,547044
2021-04-19 09:32:29,4407.6,547440
2021-04-19 09:32:30,4407.6,548062
2021-04-19 09:32:33,4407.6,548605
2021-04-19 09:32:33,4409.2,548610
2021-04-19 09:32:34,4409.15,548676
2021-04-19 09:32:35,4409.05,548703
2021-04-19 09:32:36,4409.05,548715
2021-04-19 09:32:37,4408.2,548721
2021-04-19 09:32:38,4409.05,548751
2021-04-19 09:32:40,4409.0,548915
2021-04-19 09:32:40,4407.6,548890
2021-04-19 09:32:41,4406.4,551211
2021-04-19 09:32:42,4406.4,551476
2021-04-19 09:32:43,4406.4,551506
2021-04-19 09:32:45,4406.4,551939
2021-04-19 09:32:45,4406.4,551941
2021-04-19 09:32:46,4407.05,551966
2021-04-19 09:32:47,4407.05,552163
2021-04-19 09:32:48,4406.4,552210
2021-04-19 09:32:50,4406.4,552302
2021-04-19 09:32:50,4407.05,552266
2021-04-19 09:32:51,4407.05,552414
2021-04-19 09:32:52,4407.05,552587
2021-04-19 09:32:55,4406.4,552851
2021-04-19 09:32:55,4406.4,552853
2021-04-19 09:32:56,4405.5,553162
2021-04-19 09:32:57,4406.35,553485
2021-04-19 09:33:00,4406.35,554115
2021-04-19 09:33:00,4406.35,554115
2021-04-19 09:33:01,4406.35,554169
2021-04-19 09:33:02,4406.35,554378
2021-04-19 09:33:03,4406.35,554498
2021-04-19 09:33:05,4406.35,554592
2021-04-19 09:33:05,4406.35,554592
2021-04-19 09:33:06,4406.0,555420
2021-04-19 09:33:07,4406.35,555549
2021-04-19 09:33:08,4406.0,555822
2021-04-19 09:33:09,4406.35,555881
2021-04-19 09:33:10,4406.0,556074
2021-04-19 09:33:12,4406.0,556350
2021-04-19 09:33:14,4406.95,557604
2021-04-19 09:33:15,4406.95,557643
2021-04-19 09:33:17,4406.95,557654
2021-04-19 09:33:18,4405.5,557912
2021-04-19 09:33:19,4406.05,558105
2021-04-19 09:33:21,4406.05,558209
2021-04-19 09:33:22,4406.05,558282
2021-04-19 09:33:22,4406.05,558282
2021-04-19 09:33:23,4406.3,559144
2021-04-19 09:33:24,4406.95,559401
2021-04-19 09:33:26,4406.95,559427
2021-04-19 09:33:27,4406.95,559529
2021-04-19 09:33:28,4406.5,559706
2021-04-19 09:33:29,4406.95,559756
2021-04-19 09:33:30,4405.2,560856
2021-04-19 09:33:31,4407.4,561372
2021-04-19 09:33:33,4407.4,561630
2021-04-19 09:33:34,4407.4,561683
2021-04-19 09:33:34,4407.4,561683
2021-04-19 09:33:35,4407.4,561795
2021-04-19 09:33:36,4407.4,562306
2021-04-19 09:33:38,4407.4,562412
2021-04-19 09:33:39,4407.4,562445
2021-04-19 09:33:39,4407.4,562445
2021-04-19 09:33:40,4406.2,562528
2021-04-19 09:33:41,4406.55,562688
2021-04-19 09:33:43,4406.7,562729
2021-04-19 09:33:44,4406.0,562777
2021-04-19 09:33:44,4406.0,562788
2021-04-19 09:33:45,4404.45,564372
2021-04-19 09:33:46,4405.2,564520
2021-04-19 09:33:48,4405.2,564663
2021-04-19 09:33:49,4404.0,564760
2021-04-19 09:33:49,4404.0,565038
2021-04-19 09:33:50,4404.05,565917
2021-04-19 09:33:51,4402.2,566198
2021-04-19 09:33:53,4403.6,566859
2021-04-19 09:33:54,4402.05,566906
2021-04-19 09:33:55,4402.1,567104
2021-04-19 09:33:56,4403.85,567170
2021-04-19 09:33:58,4403.0,567281
2021-04-19 09:33:59,4402.95,567446
2021-04-19 09:33:59,4402.85,567453
2021-04-19 09:34:00,4403.55,567683
2021-04-19 09:34:01,4402.3,567751
2021-04-19 09:34:03,4402.85,568087
2021-04-19 09:34:04,4402.55,568164
2021-04-19 09:34:04,4402.55,568165
2021-04-19 09:34:05,4403.55,568308
2021-04-19 09:34:06,4403.05,569014
2021-04-19 09:34:08,4403.15,569119
2021-04-19 09:34:09,4402.3,569174
2021-04-19 09:34:09,4403.0,569179
2021-04-19 09:34:10,4402.2,569226
2021-04-19 09:34:11,4402.2,569455
2021-04-19 09:34:13,4402.95,569977
2021-04-19 09:34:14,4403.05,570128
2021-04-19 09:34:14,4403.05,570128
2021-04-19 09:34:15,4402.85,570392
2021-04-19 09:34:16,4403.0,570789
2021-04-19 09:34:18,4402.0,571032
2021-04-19 09:34:19,4405.2,571658
2021-04-19 09:34:19,4405.1,571627
2021-04-19 09:34:20,4403.0,572049
2021-04-19 09:34:21,4406.3,572373
2021-04-19 09:34:23,4405.0,572458
2021-04-19 09:34:24,4406.75,572651
2021-04-19 09:34:24,4404.95,572781
2021-04-19 09:34:25,4406.3,572915
2021-04-19 09:34:26,4406.55,572980
2021-04-19 09:34:28,4406.55,573018
2021-04-19 09:34:29,4405.5,573197
2021-04-19 09:34:29,4406.3,573195
2021-04-19 09:34:31,4408.1,574058
2021-04-19 09:34:33,4408.05,574241
2021-04-19 09:34:34,4408.05,574287
2021-04-19 09:34:34,4408.05,574261
2021-04-19 09:34:35,4408.05,574357
2021-04-19 09:34:36,4408.0,574374
2021-04-19 09:34:38,4408.0,574430
2021-04-19 09:34:39,4409.7,574935
2021-04-19 09:34:39,4407.75,574938
2021-04-19 09:34:40,4409.5,574967
2021-04-19 09:34:41,4409.5,575142
2021-04-19 09:34:43,4410.0,575609
2021-04-19 09:34:44,4409.5,576145
2021-04-19 09:34:44,4409.5,576151
2021-04-19 09:34:45,4409.45,576333
2021-04-19 09:34:46,4409.5,576493
2021-04-19 09:34:47,4406.35,577691
2021-04-19 09:34:49,4406.7,578121
2021-04-19 09:34:50,4406.7,578612
2021-04-19 09:34:50,4406.7,578617
2021-04-19 09:34:51,4406.3,579007
2021-04-19 09:34:52,4406.4,579387
2021-04-19 09:34:54,4405.0,580153
2021-04-19 09:34:55,4406.35,580250
2021-04-19 09:34:55,4406.35,580253
2021-04-19 09:34:56,4405.0,581053
2021-04-19 09:34:57,4404.9,581831
2021-04-19 09:34:59,4403.85,581895
2021-04-19 09:35:00,4404.4,582024
2021-04-19 09:35:00,4404.4,582024
2021-04-19 09:35:01,4403.2,582072
2021-04-19 09:35:02,4402.9,582584
2021-04-19 09:35:04,4404.3,582722
2021-04-19 09:35:05,4404.3,582861
2021-04-19 09:35:05,4404.3,582861
2021-04-19 09:35:06,4404.9,583029
2021-04-19 09:35:07,4404.9,583119
2021-04-19 09:35:09,4404.0,583174
2021-04-19 09:35:10,4404.4,583230
2021-04-19 09:35:10,4404.3,583232
2021-04-19 09:35:11,4404.4,583319
2021-04-19 09:35:12,4404.3,583449
2021-04-19 09:35:14,4404.0,583488
2021-04-19 09:35:15,4404.0,583576
2021-04-19 09:35:15,4404.0,583623
2021-04-19 09:35:16,4404.0,583685
2021-04-19 09:35:17,4404.0,583848
2021-04-19 09:35:19,4403.6,584159
2021-04-19 09:35:20,4403.6,584382
2021-04-19 09:35:21,4403.6,584575
2021-04-19 09:35:22,4403.6,584950
2021-04-19 09:35:23,4403.55,586216
2021-04-19 09:35:25,4402.6,586267
2021-04-19 09:35:26,4403.55,586354
2021-04-19 09:35:26,4403.55,586356
2021-04-19 09:35:27,4403.55,586394
2021-04-19 09:35:29,4403.55,586743
2021-04-19 09:35:30,4403.5,586820
2021-04-19 09:35:31,4403.5,586992
2021-04-19 09:35:32,4403.0,587113
2021-04-19 09:35:33,4403.0,587245
2021-04-19 09:35:35,4402.7,588720
2021-04-19 09:35:37,4404.95,588864
2021-04-19 09:35:37,4404.95,588864
2021-04-19 09:35:38,4404.85,588926
2021-04-19 09:35:40,4405.0,589237
2021-04-19 09:35:41,4405.0,589495
2021-04-19 09:35:42,4403.0,590524
2021-04-19 09:35:43,4404.8,590655
2021-04-19 09:35:45,4404.05,591341
2021-04-19 09:35:46,4404.4,591483
2021-04-19 09:35:47,4404.45,591675
2021-04-19 09:35:47,4404.45,591675
2021-04-19 09:35:48,4404.1,591869
2021-04-19 09:35:50,4403.95,591880
2021-04-19 09:35:51,4403.55,592000
2021-04-19 09:35:52,4404.0,592048
2021-04-19 09:35:52,4404.0,592048
2021-04-19 09:35:53,4404.1,592349
2021-04-19 09:35:55,4403.95,592399
2021-04-19 09:35:56,4403.95,592595
2021-04-19 09:35:57,4403.95,592651
2021-04-19 09:35:58,4403.95,592712
2021-04-19 09:35:59,4403.95,592886
2021-04-19 09:36:01,4403.65,593069
2021-04-19 09:36:02,4403.65,593338
2021-04-19 09:36:03,4403.65,593775
2021-04-19 09:36:03,4403.95,593778
2021-04-19 09:36:04,4403.65,593832
2021-04-19 09:36:05,4403.95,593893
2021-04-19 09:36:07,4402.0,594609
2021-04-19 09:36:08,4402.0,594727
2021-04-19 09:36:09,4402.0,594880
2021-04-19 09:36:10,4403.15,595799
2021-04-19 09:36:10,4401.2,595949
2021-04-19 09:36:11,4397.35,611521
2021-04-19 09:36:12,4396.05,615179
2021-04-19 09:36:15,4399.2,615645
2021-04-19 09:36:16,4396.55,616738
2021-04-19 09:36:16,4396.2,616653
2021-04-19 09:36:17,4396.95,617002
2021-04-19 09:36:19,4395.9,619316
2021-04-19 09:36:20,4395.45,619367
2021-04-19 09:36:21,4395.45,620328
2021-04-19 09:36:21,4395.9,620349
2021-04-19 09:36:22,4395.95,621060
2021-04-19 09:36:24,4394.3,621200
2021-04-19 09:36:25,4396.4,621592
2021-04-19 09:36:26,4397.95,621797
2021-04-19 09:36:26,4397.95,621797
2021-04-19 09:36:27,4397.1,622168
2021-04-19 09:36:29,4399.2,622453
2021-04-19 09:36:30,4398.45,623567
2021-04-19 09:36:31,4399.0,623663
2021-04-19 09:36:31,4398.0,623698
2021-04-19 09:36:34,4399.7,625007
2021-04-19 09:36:35,4401.25,625455
2021-04-19 09:36:36,4403.85,625698
2021-04-19 09:36:36,4403.85,625698
2021-04-19 09:36:37,4403.3,626818
2021-04-19 09:36:39,4403.15,626887
2021-04-19 09:36:40,4403.15,626890
2021-04-19 09:36:41,4402.95,626904
2021-04-19 09:36:42,4401.85,626971
2021-04-19 09:36:42,4401.9,626974
2021-04-19 09:36:43,4401.85,627072
2021-04-19 09:36:44,4403.1,627171
2021-04-19 09:36:46,4401.85,627285
2021-04-19 09:36:47,4404.45,628097
2021-04-19 09:36:48,4401.85,628532
2021-04-19 09:36:49,4401.85,630307
2021-04-19 09:36:51,4402.0,630374
2021-04-19 09:36:52,4402.05,631193
2021-04-19 09:36:53,4401.95,631337
2021-04-19 09:36:53,4402.05,631339
2021-04-19 09:36:54,4402.05,631686
2021-04-19 09:36:55,4402.05,631912
2021-04-19 09:36:56,4403.8,632079
2021-04-19 09:36:58,4402.0,633324
2021-04-19 09:36:59,4401.95,633624
2021-04-19 09:37:00,4402.0,633738
2021-04-19 09:37:01,4402.0,633785
2021-04-19 09:37:02,4402.0,633819
2021-04-19 09:37:04,4400.85,634384
2021-04-19 09:37:05,4398.9,634900
2021-04-19 09:37:06,4398.9,634908
2021-04-19 09:37:07,4399.1,635059
2021-04-19 09:37:07,4399.1,635060
2021-04-19 09:37:08,4401.95,635419
2021-04-19 09:37:10,4399.1,635451
2021-04-19 09:37:11,4401.9,635659
2021-04-19 09:37:12,4399.9,636131
2021-04-19 09:37:13,4400.0,636140
2021-04-19 09:37:14,4398.25,636408
2021-04-19 09:37:15,4395.75,636532
2021-04-19 09:37:16,4396.1,636655
2021-04-19 09:37:17,4398.35,636886
2021-04-19 09:37:18,4398.3,637268
2021-04-19 09:37:19,4398.2,637354
2021-04-19 09:37:20,4400.0,637391
2021-04-19 09:37:20,4400.0,637392
2021-04-19 09:37:21,4399.55,637396
2021-04-19 09:37:22,4398.35,637413
2021-04-19 09:37:23,4399.4,637523
2021-04-19 09:37:24,4397.65,637606
2021-04-19 09:37:25,4398.4,637647
2021-04-19 09:37:27,4398.9,637671
2021-04-19 09:37:29,4397.1,637875
2021-04-19 09:37:30,4398.9,638126
2021-04-19 09:37:31,4398.9,638167
2021-04-19 09:37:32,4398.9,638268
2021-04-19 09:37:33,4398.9,638376
2021-04-19 09:37:34,4398.9,638412
2021-04-19 09:37:35,4398.9,638855
2021-04-19 09:37:35,4398.1,638853
2021-04-19 09:37:37,4400.0,639941
2021-04-19 09:37:38,4400.0,640584
2021-04-19 09:37:39,4400.0,640870
2021-04-19 09:37:40,4399.95,640967
2021-04-19 09:37:41,4403.0,641437
2021-04-19 09:37:42,4400.8,641440
2021-04-19 09:37:43,4400.9,641465
2021-04-19 09:37:44,4400.8,641486
2021-04-19 09:37:45,4400.0,641610
2021-04-19 09:37:46,4400.0,641668
2021-04-19 09:37:47,4400.0,641831
2021-04-19 09:37:48,4401.3,643144
2021-04-19 09:37:49,4402.95,643325
2021-04-19 09:37:50,4402.9,643373
2021-04-19 09:37:51,4402.9,643400
2021-04-19 09:37:52,4403.0,643642
2021-04-19 09:37:52,4403.0,643642
2021-04-19 09:37:53,4403.0,643757
2021-04-19 09:37:54,4402.0,643881
2021-04-19 09:37:55,4402.95,643913
2021-04-19 09:37:56,4405.25,645604
2021-04-19 09:37:57,4406.75,646181
2021-04-19 09:37:59,4407.75,646304
2021-04-19 09:38:00,4407.75,646471
2021-04-19 09:38:01,4407.75,646620
2021-04-19 09:38:02,4407.75,646745
2021-04-19 09:38:03,4407.75,646840
2021-04-19 09:38:04,4407.75,647112
2021-04-19 09:38:05,4408.9,647423
2021-04-19 09:38:07,4407.75,647786
2021-04-19 09:38:07,4407.2,647837
2021-04-19 09:38:09,4408.0,647845
2021-04-19 09:38:10,4408.0,647864
2021-04-19 09:38:11,4408.9,648352
2021-04-19 09:38:12,4409.0,648362
2021-04-19 09:38:13,4407.6,648923
2021-04-19 09:38:14,4408.9,649007
2021-04-19 09:38:15,4409.75,649479
2021-04-19 09:38:16,4409.95,649527
2021-04-19 09:38:17,4409.0,649569
2021-04-19 09:38:18,4409.0,649632
2021-04-19 09:38:19,4408.9,649696
2021-04-19 09:38:20,4408.9,649859
2021-04-19 09:38:21,4409.2,649940
2021-04-19 09:38:22,4408.9,649971
2021-04-19 09:38:23,4409.65,649997
2021-04-19 09:38:24,4409.0,650029
2021-04-19 09:38:25,4409.65,650062
2021-04-19 09:38:26,4408.0,650996
2021-04-19 09:38:26,4409.0,650997
2021-04-19 09:38:27,4408.9,651014
2021-04-19 09:38:28,4408.9,651144
2021-04-19 09:38:29,4405.65,652911
2021-04-19 09:38:30,4407.05,653010
2021-04-19 09:38:32,4402.9,653797
2021-04-19 09:38:33,4402.0,654065
2021-04-19 09:38:34,4402.95,654082
2021-04-19 09:38:35,4402.9,654102
2021-04-19 09:38:36,4403.15,654356
2021-04-19 09:38:37,4403.15,654400
2021-04-19 09:38:38,4403.15,654569
2021-04-19 09:38:39,4406.25,654602
2021-04-19 09:38:40,4406.2,654630
2021-04-19 09:38:41,4404.15,654761
2021-04-19 09:38:42,4405.15,654937
2021-04-19 09:38:43,4404.65,654950
2021-04-19 09:38:44,4405.65,654963
2021-04-19 09:38:45,4405.35,654966
2021-04-19 09:38:46,4403.5,655125
2021-04-19 09:38:46,4404.1,655095
2021-04-19 09:38:48,4404.1,655206
2021-04-19 09:38:49,4404.1,655238
2021-04-19 09:38:51,4404.1,655244
2021-04-19 09:38:52,4404.0,655259
2021-04-19 09:38:53,4403.95,655267
2021-04-19 09:38:54,4406.0,655477
2021-04-19 09:38:55,4406.0,655488
2021-04-19 09:38:56,4406.0,655497
2021-04-19 09:38:56,4406.0,655497
2021-04-19 09:38:58,4406.0,655711
2021-04-19 09:38:59,4406.0,655731
2021-04-19 09:39:00,4406.0,655791
2021-04-19 09:39:01,4405.85,656051
2021-04-19 09:39:03,4405.0,656618
2021-04-19 09:39:04,4404.0,656631
2021-04-19 09:39:05,4403.0,656882
2021-04-19 09:39:06,4404.4,657197
2021-04-19 09:39:07,4405.0,657224
2021-04-19 09:39:08,4404.0,657484
2021-04-19 09:39:09,4404.0,657632
2021-04-19 09:39:10,4404.0,657673
2021-04-19 09:39:11,4404.0,657781
2021-04-19 09:39:11,4404.0,657781
2021-04-19 09:39:12,4404.0,657899
2021-04-19 09:39:13,4404.0,657923
2021-04-19 09:39:15,4404.0,657945
2021-04-19 09:39:17,4404.0,658209
2021-04-19 09:39:18,4403.1,658519
2021-04-19 09:39:19,4403.9,658571
2021-04-19 09:39:21,4403.2,659603
2021-04-19 09:39:23,4402.7,659973
2021-04-19 09:39:24,4403.1,660011
2021-04-19 09:39:25,4402.75,660030
2021-04-19 09:39:26,4400.0,661756
2021-04-19 09:39:27,4398.95,662241
2021-04-19 09:39:28,4397.65,662431
2021-04-19 09:39:29,4399.35,662446
2021-04-19 09:39:30,4399.35,662448
2021-04-19 09:39:31,4399.35,662460
2021-04-19 09:39:31,4400.4,662560
2021-04-19 09:39:32,4399.35,662668
2021-04-19 09:39:33,4399.0,662793
2021-04-19 09:39:34,4399.0,662907
2021-04-19 09:39:36,4399.35,663134
2021-04-19 09:39:37,4400.0,663240
2021-04-19 09:39:38,4399.4,663289
2021-04-19 09:39:39,4400.0,663303
2021-04-19 09:39:40,4399.4,663437
2021-04-19 09:39:41,4399.0,663515
2021-04-19 09:39:42,4399.0,663549
2021-04-19 09:39:43,4399.0,663610
2021-04-19 09:39:44,4400.0,663844
2021-04-19 09:39:45,4400.0,663855
2021-04-19 09:39:46,4400.0,664339
2021-04-19 09:39:47,4401.8,664353
2021-04-19 09:39:48,4401.8,664353
2021-04-19 09:39:49,4399.4,664405
2021-04-19 09:39:50,4400.0,664638
2021-04-19 09:39:53,4399.75,665278
2021-04-19 09:39:54,4399.0,665941
2021-04-19 09:39:56,4396.0,667949
2021-04-19 09:39:55,4397.0,667172
2021-04-19 09:39:57,4395.05,668397
2021-04-19 09:39:58,4395.0,668871
2021-04-19 09:39:59,4395.0,669333
2021-04-19 09:40:00,4395.0,669891
2021-04-19 09:40:01,4395.1,669916
2021-04-19 09:40:03,4395.0,672060
2021-04-19 09:40:04,4395.0,673073
2021-04-19 09:40:05,4395.0,673479
2021-04-19 09:40:06,4395.0,673950
2021-04-19 09:40:07,4394.7,674197
2021-04-19 09:40:08,4391.2,675419
2021-04-19 09:40:09,4393.45,675607
2021-04-19 09:40:10,4391.3,677074
2021-04-19 09:40:11,4393.1,677243
2021-04-19 09:40:12,4391.35,677473
2021-04-19 09:40:13,4393.45,677724
2021-04-19 09:40:14,4392.1,677826
2021-04-19 09:40:15,4393.05,677913
2021-04-19 09:40:16,4393.05,678085
2021-04-19 09:40:17,4394.85,678102
2021-04-19 09:40:18,4394.65,678111
2021-04-19 09:40:19,4395.0,678306
2021-04-19 09:40:20,4396.3,678345
2021-04-19 09:40:21,4393.05,678740
2021-04-19 09:40:22,4395.65,679095
2021-04-19 09:40:23,4395.0,679426
2021-04-19 09:40:24,4394.6,679665
2021-04-19 09:40:25,4393.0,679737
2021-04-19 09:40:26,4394.55,679858
2021-04-19 09:40:27,4394.5,679890
2021-04-19 09:40:28,4394.5,679964
2021-04-19 09:40:29,4394.5,680026
2021-04-19 09:40:30,4394.5,680138
2021-04-19 09:40:31,4394.5,680205
2021-04-19 09:40:32,4394.5,680296
2021-04-19 09:40:33,4394.6,680927
2021-04-19 09:40:34,4394.6,680928
2021-04-19 09:40:35,4395.1,681520
2021-04-19 09:40:36,4396.5,681721
2021-04-19 09:40:37,4395.25,681788
2021-04-19 09:40:38,4396.35,681871
2021-04-19 09:40:39,4395.05,681879
2021-04-19 09:40:40,4396.35,681910
2021-04-19 09:40:41,4396.35,681975
2021-04-19 09:40:42,4396.35,682041
2021-04-19 09:40:43,4396.35,682229
2021-04-19 09:40:44,4396.35,682229
2021-04-19 09:40:45,4396.0,682235
2021-04-19 09:40:46,4397.0,682489
2021-04-19 09:40:49,4396.9,682640
2021-04-19 09:40:50,4396.05,682736
2021-04-19 09:40:51,4397.35,682781
2021-04-19 09:40:52,4395.25,682979
2021-04-19 09:40:53,4397.4,682985
2021-04-19 09:40:54,4396.9,683006
2021-04-19 09:40:55,4397.0,683115
2021-04-19 09:40:56,4397.0,683169
2021-04-19 09:40:57,4395.25,683310
2021-04-19 09:40:58,4395.85,683497
2021-04-19 09:40:59,4397.95,683623
2021-04-19 09:41:00,4397.95,684242
2021-04-19 09:41:01,4397.4,684243
2021-04-19 09:41:02,4397.95,684309
2021-04-19 09:41:03,4396.9,684697
2021-04-19 09:41:04,4398.65,684990
2021-04-19 09:41:06,4399.7,685308
2021-04-19 09:41:07,4396.9,685449
2021-04-19 09:41:08,4397.05,685474
2021-04-19 09:41:09,4397.2,685684
2021-04-19 09:41:10,4399.2,685703
2021-04-19 09:41:11,4398.75,685775
2021-04-19 09:41:12,4397.0,686013
2021-04-19 09:41:13,4397.15,686414
2021-04-19 09:41:14,4397.15,686497
2021-04-19 09:41:15,4398.15,686658
2021-04-19 09:41:16,4397.0,686790
2021-04-19 09:41:17,4397.15,686877
2021-04-19 09:41:19,4397.35,686908
2021-04-19 09:41:20,4397.15,686996
2021-04-19 09:41:21,4397.15,687006
2021-04-19 09:41:22,4399.65,687178
2021-04-19 09:41:23,4398.6,687191
2021-04-19 09:41:24,4398.6,687310
2021-04-19 09:41:25,4398.2,687365
2021-04-19 09:41:26,4398.6,687376
2021-04-19 09:41:27,4398.6,687438
2021-04-19 09:41:28,4398.2,687524
2021-04-19 09:41:29,4398.6,687639
2021-04-19 09:41:30,4398.25,687703
2021-04-19 09:41:32,4398.6,687991
2021-04-19 09:41:33,4399.85,688026
2021-04-19 09:41:34,4399.9,688038
2021-04-19 09:41:35,4398.6,688259
2021-04-19 09:41:36,4399.6,688269
2021-04-19 09:41:38,4400.0,688893
2021-04-19 09:41:39,4399.95,689020
2021-04-19 09:41:40,4398.6,689109
2021-04-19 09:41:41,4399.5,689128
2021-04-19 09:41:42,4399.5,689151
2021-04-19 09:41:44,4399.5,689443
2021-04-19 09:41:43,4399.5,689443
2021-04-19 09:41:45,4400.0,689506
2021-04-19 09:41:46,4400.0,689552
2021-04-19 09:41:47,4400.0,689586
2021-04-19 09:41:48,4400.0,689591
2021-04-19 09:41:49,4400.0,689773
2021-04-19 09:41:50,4400.0,689850
2021-04-19 09:41:51,4400.0,690018
2021-04-19 09:41:52,4400.0,690577
2021-04-19 09:41:53,4400.0,690608
2021-04-19 09:41:54,4400.0,690983
2021-04-19 09:41:55,4400.0,691081
2021-04-19 09:41:56,4400.0,691257
2021-04-19 09:41:58,4400.0,691669
2021-04-19 09:41:58,4400.0,691711
2021-04-19 09:41:59,4400.0,692000
2021-04-19 09:42:00,4400.5,692073
2021-04-19 09:42:01,4400.1,692172
2021-04-19 09:42:02,4400.65,692181
2021-04-19 09:42:03,4400.55,692220
2021-04-19 09:42:04,4402.05,692244
2021-04-19 09:42:05,4402.05,692286
2021-04-19 09:42:06,4402.05,692300
2021-04-19 09:42:07,4400.5,692401
2021-04-19 09:42:10,4402.05,692497
2021-04-19 09:42:11,4400.7,692527
2021-04-19 09:42:12,4402.05,692581
2021-04-19 09:42:13,4403.9,692754
2021-04-19 09:42:14,4403.95,692974
2021-04-19 09:42:15,4402.2,692986
2021-04-19 09:42:16,4404.15,693007
2021-04-19 09:42:16,4404.05,693118
2021-04-19 09:42:17,4404.1,693179
2021-04-19 09:42:18,4402.1,693232
2021-04-19 09:42:19,4404.1,693313
2021-04-19 09:42:20,4404.55,693466
2021-04-19 09:42:21,4404.5,693470
2021-04-19 09:42:22,4402.95,693527
2021-04-19 09:42:23,4404.5,693788
2021-04-19 09:42:24,4404.5,693807
2021-04-19 09:42:26,4404.5,694003
2021-04-19 09:42:27,4402.95,694029
2021-04-19 09:42:29,4405.0,694183
2021-04-19 09:42:30,4404.5,694251
2021-04-19 09:42:30,4404.5,694257
2021-04-19 09:42:31,4405.95,694701
2021-04-19 09:42:32,4405.0,694772
2021-04-19 09:42:33,4405.0,694823
2021-04-19 09:42:34,4405.35,694868
2021-04-19 09:42:35,4405.95,694938
2021-04-19 09:42:36,4405.4,695000
2021-04-19 09:42:37,4405.35,695094
2021-04-19 09:42:38,4405.4,695133
2021-04-19 09:42:39,4405.4,695204
2021-04-19 09:42:40,4405.4,695272
2021-04-19 09:42:41,4405.35,695551
2021-04-19 09:42:42,4402.8,696976
2021-04-19 09:42:43,4404.5,696988
2021-04-19 09:42:44,4404.5,697091
2021-04-19 09:42:45,4404.5,697120
2021-04-19 09:42:46,4404.0,697130
2021-04-19 09:42:47,4404.5,697158
2021-04-19 09:42:48,4404.5,697197
2021-04-19 09:42:49,4404.5,697199
2021-04-19 09:42:50,4404.5,697215
2021-04-19 09:42:51,4404.0,697444
2021-04-19 09:42:52,4406.0,697837
2021-04-19 09:42:53,4405.05,697920
2021-04-19 09:42:55,4406.0,698028
2021-04-19 09:42:56,4406.0,698147
2021-04-19 09:42:57,4406.0,699430
2021-04-19 09:42:58,4405.1,699705
2021-04-19 09:42:59,4406.0,699782
2021-04-19 09:43:00,4405.95,699814
2021-04-19 09:43:01,4405.95,699856
2021-04-19 09:43:02,4405.35,699873
2021-04-19 09:43:02,4405.95,699889
2021-04-19 09:43:03,4405.95,700203
2021-04-19 09:43:04,4405.95,700319
2021-04-19 09:43:05,4405.95,700332
2021-04-19 09:43:06,4405.05,701535
2021-04-19 09:43:07,4405.0,701728
2021-04-19 09:43:08,4404.1,701861
2021-04-19 09:43:09,4402.7,701931
2021-04-19 09:43:10,4402.5,701997
2021-04-19 09:43:11,4400.1,702286
2021-04-19 09:43:12,4401.3,703633
2021-04-19 09:43:13,4400.05,703937
2021-04-19 09:43:14,4401.25,703962
2021-04-19 09:43:15,4400.05,704158
2021-04-19 09:43:17,4400.1,704171
2021-04-19 09:43:17,4400.1,704171
2021-04-19 09:43:18,4402.05,704204
2021-04-19 09:43:20,4401.4,704258
2021-04-19 09:43:22,4400.0,704470
2021-04-19 09:43:23,4401.45,704497
2021-04-19 09:43:24,4403.5,704652
2021-04-19 09:43:25,4401.55,704687
2021-04-19 09:43:26,4401.3,704749
2021-04-19 09:43:27,4401.55,704781
2021-04-19 09:43:28,4401.55,704841
2021-04-19 09:43:29,4401.45,705024
2021-04-19 09:43:33,4401.4,705274
2021-04-19 09:43:34,4401.4,705279
2021-04-19 09:43:35,4401.4,705370
2021-04-19 09:43:36,4401.4,705662
2021-04-19 09:43:36,4401.4,705662
2021-04-19 09:43:37,4401.4,705742
2021-04-19 09:43:38,4401.4,705848
2021-04-19 09:43:39,4401.4,705858
2021-04-19 09:43:40,4401.4,705900
2021-04-19 09:43:41,4401.0,705913
2021-04-19 09:43:43,4401.4,705978
2021-04-19 09:43:43,4401.4,705977
2021-04-19 09:43:44,4401.4,706088
2021-04-19 09:43:45,4401.4,706098
2021-04-19 09:43:46,4401.4,706112
2021-04-19 09:43:48,4401.0,706302
2021-04-19 09:43:49,4401.0,706394
2021-04-19 09:43:50,4401.0,706438
2021-04-19 09:43:51,4402.65,706493
2021-04-19 09:43:53,4402.65,706497
2021-04-19 09:43:54,4402.65,706497
2021-04-19 09:43:54,4402.65,706502
2021-04-19 09:43:55,4402.65,706502
2021-04-19 09:43:56,4402.65,706506
2021-04-19 09:43:57,4402.85,706799
2021-04-19 09:43:58,4402.7,706825
2021-04-19 09:44:00,4402.65,706902
2021-04-19 09:44:01,4402.85,706913
2021-04-19 09:44:02,4402.85,706920
2021-04-19 09:44:03,4403.0,707022
2021-04-19 09:44:04,4402.65,707039
2021-04-19 09:44:04,4402.65,707039
2021-04-19 09:44:05,4404.15,707190
2021-04-19 09:44:06,4404.5,707216
2021-04-19 09:44:07,4403.4,707392
2021-04-19 09:44:08,4402.85,707443
2021-04-19 09:44:10,4403.4,707531
2021-04-19 09:44:11,4403.0,707622
2021-04-19 09:44:12,4403.4,707640
2021-04-19 09:44:13,4403.4,707665
2021-04-19 09:44:14,4403.0,707709
2021-04-19 09:44:16,4403.4,707733
2021-04-19 09:44:17,4403.4,707852
2021-04-19 09:44:19,4404.5,707970
2021-04-19 09:44:20,4404.5,708024
2021-04-19 09:44:21,4405.0,708125
2021-04-19 09:44:21,4405.0,708126
2021-04-19 09:44:22,4405.0,708170
2021-04-19 09:44:23,4405.0,708219
2021-04-19 09:44:24,4404.0,708241
2021-04-19 09:44:26,4404.0,708553
2021-04-19 09:44:27,4405.0,708556
2021-04-19 09:44:28,4404.0,708579
2021-04-19 09:44:29,4404.85,708805
2021-04-19 09:44:30,4404.95,708816
2021-04-19 09:44:31,4404.8,708826
2021-04-19 09:44:33,4404.8,708906
2021-04-19 09:44:34,4404.8,708917
2021-04-19 09:44:35,4404.0,709057
2021-04-19 09:44:36,4404.0,709088
2021-04-19 09:44:37,4403.15,709370
2021-04-19 09:44:38,4404.8,709448
2021-04-19 09:44:39,4403.25,709569
2021-04-19 09:44:40,4401.45,709736
2021-04-19 09:44:41,4402.7,709738
2021-04-19 09:44:41,4402.7,709738
2021-04-19 09:44:42,4402.55,710051
2021-04-19 09:44:43,4402.7,710063
2021-04-19 09:44:44,4402.7,710091
2021-04-19 09:44:45,4402.0,710216
2021-04-19 09:44:46,4402.0,710281
2021-04-19 09:44:47,4401.0,710300
2021-04-19 09:44:48,4402.0,710360
2021-04-19 09:44:49,4402.0,710477
2021-04-19 09:44:50,4402.0,710486
2021-04-19 09:44:51,4402.0,710492
2021-04-19 09:44:52,4402.0,710498
2021-04-19 09:44:53,4401.55,710604
2021-04-19 09:44:55,4401.05,710719
2021-04-19 09:44:56,4402.0,710728
2021-04-19 09:44:57,4402.0,710772
2021-04-19 09:44:57,4402.0,710767
2021-04-19 09:44:58,4402.0,710783
2021-04-19 09:44:59,4402.0,710832
2021-04-19 09:45:00,4402.0,710834
2021-04-19 09:45:01,4397.05,713613
2021-04-19 09:45:02,4398.2,713620
2021-04-19 09:45:03,4398.7,713634
2021-04-19 09:45:04,4398.45,713660
2021-04-19 09:45:05,4398.2,713711
2021-04-19 09:45:06,4398.15,713813
2021-04-19 09:45:07,4398.2,713816
2021-04-19 09:45:08,4397.0,714351
2021-04-19 09:45:09,4398.7,714487
2021-04-19 09:45:10,4399.35,714676
2021-04-19 09:45:12,4399.45,714683
2021-04-19 09:45:13,4399.3,714693
2021-04-19 09:45:14,4400.0,714893
2021-04-19 09:45:14,4400.0,714893
2021-04-19 09:45:15,4399.7,714930
2021-04-19 09:45:16,4398.85,714982
2021-04-19 09:45:17,4400.0,715027
2021-04-19 09:45:18,4398.5,715036
2021-04-19 09:45:19,4398.4,715247
2021-04-19 09:45:20,4397.95,715476
2021-04-19 09:45:21,4399.65,715544
2021-04-19 09:45:22,4399.45,715649
2021-04-19 09:45:23,4400.0,715810
2021-04-19 09:45:24,4398.0,715907
2021-04-19 09:45:25,4398.0,716174
2021-04-19 09:45:27,4397.1,716260
2021-04-19 09:45:28,4398.0,716737
2021-04-19 09:45:29,4397.1,716860
2021-04-19 09:45:30,4398.0,716891
2021-04-19 09:45:30,4397.1,716903
2021-04-19 09:45:31,4398.0,717018
2021-04-19 09:45:32,4398.0,717033
2021-04-19 09:45:33,4398.0,717090
2021-04-19 09:45:34,4397.0,717224
2021-04-19 09:45:35,4398.0,717322
2021-04-19 09:45:36,4398.0,717333
2021-04-19 09:45:37,4398.0,717411
2021-04-19 09:45:39,4398.0,717413
2021-04-19 09:45:40,4398.0,717500
2021-04-19 09:45:41,4397.1,717554
2021-04-19 09:45:43,4398.0,717675
2021-04-19 09:45:44,4397.1,717709
2021-04-19 09:45:45,4396.5,717979
2021-04-19 09:45:47,4396.6,718284
2021-04-19 09:45:47,4396.45,718287
2021-04-19 09:45:48,4396.45,718339
2021-04-19 09:45:49,4396.75,718454
2021-04-19 09:45:50,4397.0,718464
2021-04-19 09:45:51,4395.5,718514
2021-04-19 09:45:53,4396.75,718567
2021-04-19 09:45:54,4396.75,718634
2021-04-19 09:45:55,4396.75,718899
2021-04-19 09:45:56,4396.75,718936
2021-04-19 09:45:57,4396.75,718945
2021-04-19 09:45:58,4396.75,718990
2021-04-19 09:45:59,4396.75,719087
2021-04-19 09:46:00,4395.1,719250
2021-04-19 09:46:01,4396.6,719268
2021-04-19 09:46:03,4396.35,719438
2021-04-19 09:46:04,4395.1,719448
2021-04-19 09:46:05,4396.35,719595
2021-04-19 09:46:06,4395.1,719700
2021-04-19 09:46:08,4394.3,721433
2021-04-19 09:46:09,4394.15,721590
2021-04-19 09:46:10,4393.0,721633
2021-04-19 09:46:11,4394.55,721854
2021-04-19 09:46:12,4394.35,722078
2021-04-19 09:46:13,4393.85,722385
2021-04-19 09:46:14,4393.65,722449
2021-04-19 09:46:15,4393.8,722521
2021-04-19 09:46:16,4393.85,722591
2021-04-19 09:46:17,4394.6,723371
2021-04-19 09:46:18,4393.05,723501
2021-04-19 09:46:19,4391.35,724461
2021-04-19 09:46:20,4394.0,725287
2021-04-19 09:46:21,4394.0,725428
2021-04-19 09:46:22,4393.65,725917
2021-04-19 09:46:23,4393.85,725953
2021-04-19 09:46:24,4393.85,726053
2021-04-19 09:46:25,4393.85,726111
2021-04-19 09:46:26,4393.85,726318
2021-04-19 09:46:29,4393.85,726718
2021-04-19 09:46:30,4393.65,726800
2021-04-19 09:46:31,4393.65,726833
2021-04-19 09:46:32,4393.85,726865
2021-04-19 09:46:33,4395.1,727343
2021-04-19 09:46:34,4397.25,727628
2021-04-19 09:46:35,4397.0,727795
2021-04-19 09:46:36,4397.0,727816
2021-04-19 09:46:37,4397.0,727875
2021-04-19 09:46:38,4397.9,727986
2021-04-19 09:46:39,4395.55,728077
2021-04-19 09:46:40,4397.8,728110
2021-04-19 09:46:41,4397.95,728284
2021-04-19 09:46:42,4395.25,728288
2021-04-19 09:46:43,4397.15,728309
2021-04-19 09:46:45,4397.0,728336
2021-04-19 09:46:46,4397.0,728341
2021-04-19 09:46:47,4397.0,728342
2021-04-19 09:46:48,4396.0,728444
2021-04-19 09:46:49,4396.0,728488
2021-04-19 09:46:50,4396.0,728793
2021-04-19 09:46:51,4396.25,728995
2021-04-19 09:46:52,4396.35,729057
2021-04-19 09:46:52,4396.65,729067
2021-04-19 09:46:53,4396.2,729144
2021-04-19 09:46:54,4396.7,729359
2021-04-19 09:46:55,4396.7,729452
2021-04-19 09:46:56,4396.6,729550
2021-04-19 09:46:57,4396.0,729567
2021-04-19 09:46:59,4396.7,729774
2021-04-19 09:47:03,4396.7,730230
2021-04-19 09:47:06,4397.15,730367
2021-04-19 09:47:07,4398.0,730387
2021-04-19 09:47:10,4398.6,730545
2021-04-19 09:47:12,4396.55,730909
2021-04-19 09:47:13,4396.55,730969
2021-04-19 09:47:14,4395.9,731040
2021-04-19 09:47:15,4395.0,731057
2021-04-19 09:47:16,4396.15,731149
2021-04-19 09:47:17,4396.8,731210
2021-04-19 09:47:18,4397.8,731292
2021-04-19 09:47:19,4396.55,731301
2021-04-19 09:47:20,4397.75,731606
2021-04-19 09:47:21,4396.25,732601
2021-04-19 09:47:22,4396.15,732684
2021-04-19 09:47:23,4396.15,732902
2021-04-19 09:47:24,4396.7,733042
2021-04-19 09:47:25,4396.7,733120
2021-04-19 09:47:26,4396.15,733362
2021-04-19 09:47:27,4396.9,733481
2021-04-19 09:47:27,4396.15,733486
2021-04-19 09:47:28,4397.85,733492
2021-04-19 09:47:29,4397.85,733533
2021-04-19 09:47:31,4398.2,733605
2021-04-19 09:47:32,4399.15,733803
2021-04-19 09:47:33,4398.05,733851
2021-04-19 09:47:34,4398.55,733933
2021-04-19 09:47:34,4397.75,734245
2021-04-19 09:47:35,4397.0,734444
2021-04-19 09:47:36,4397.85,734465
2021-04-19 09:47:37,4399.1,734470
2021-04-19 09:47:40,4399.1,734734
2021-04-19 09:47:41,4399.1,734767
2021-04-19 09:47:42,4399.1,734773
2021-04-19 09:47:43,4398.2,734870
2021-04-19 09:47:44,4399.6,734938
2021-04-19 09:47:45,4397.75,735017
2021-04-19 09:47:46,4397.7,735076
2021-04-19 09:47:47,4399.1,735100
2021-04-19 09:47:48,4400.0,735278
2021-04-19 09:47:49,4399.9,735340
2021-04-19 09:47:51,4399.95,735359
2021-04-19 09:47:52,4400.0,735413
2021-04-19 09:47:53,4399.95,735437
2021-04-19 09:47:54,4399.95,735453
2021-04-19 09:47:55,4399.0,735461
2021-04-19 09:47:56,4399.95,735484
2021-04-19 09:47:57,4399.3,735518
2021-04-19 09:47:58,4400.0,737103
2021-04-19 09:48:00,4399.95,737184
2021-04-19 09:48:03,4400.0,737261
2021-04-19 09:48:04,4399.95,737274
2021-04-19 09:48:04,4400.0,737358
2021-04-19 09:48:05,4400.0,737364
2021-04-19 09:48:06,4400.0,737428
2021-04-19 09:48:07,4400.0,737497
2021-04-19 09:48:08,4400.0,737601
2021-04-19 09:48:09,4400.0,737735
2021-04-19 09:48:10,4399.95,737805
2021-04-19 09:48:11,4400.0,737905
2021-04-19 09:48:12,4400.0,737944
2021-04-19 09:48:13,4400.0,738134
2021-04-19 09:48:15,4400.0,738235
2021-04-19 09:48:16,4399.95,738391
2021-04-19 09:48:17,4400.0,738574
2021-04-19 09:48:18,4400.0,738972
2021-04-19 09:48:19,4399.95,739093
2021-04-19 09:48:20,4400.0,739151
2021-04-19 09:48:21,4400.0,739274
2021-04-19 09:48:22,4400.0,739310
2021-04-19 09:48:23,4400.0,739434
2021-04-19 09:48:24,4400.0,739566
2021-04-19 09:48:24,4400.0,739566
2021-04-19 09:48:25,4400.0,739589
2021-04-19 09:48:26,4400.0,739849
2021-04-19 09:48:27,4398.4,740005
2021-04-19 09:48:28,4399.05,740013
2021-04-19 09:48:30,4400.0,740033
2021-04-19 09:48:31,4399.05,740041
2021-04-19 09:48:32,4399.05,740048
2021-04-19 09:48:33,4400.0,740309
2021-04-19 09:48:33,4400.0,740311
2021-04-19 09:48:35,4399.0,740349
2021-04-19 09:48:36,4399.0,740374
2021-04-19 09:48:37,4400.0,740658
2021-04-19 09:48:38,4399.0,740672
2021-04-19 09:48:39,4399.0,740709
2021-04-19 09:48:40,4400.0,740792
2021-04-19 09:48:41,4400.0,741108
2021-04-19 09:48:42,4396.15,742349
2021-04-19 09:48:43,4396.0,742369
2021-04-19 09:48:44,4396.0,742744
2021-04-19 09:48:45,4395.85,742846
2021-04-19 09:48:46,4395.85,742874
2021-04-19 09:48:47,4395.85,742955
2021-04-19 09:48:48,4395.0,743664
2021-04-19 09:48:49,4395.85,743711
2021-04-19 09:48:50,4395.85,743772
2021-04-19 09:48:51,4395.85,743820
2021-04-19 09:48:52,4395.85,743827
2021-04-19 09:48:54,4395.15,743836
2021-04-19 09:48:55,4395.85,743873
2021-04-19 09:48:56,4395.85,744078
2021-04-19 09:48:57,4397.5,744105
2021-04-19 09:48:58,4397.5,744157
2021-04-19 09:48:59,4396.3,744161
2021-04-19 09:49:00,4397.5,744269
2021-04-19 09:49:01,4399.2,744543
2021-04-19 09:49:02,4399.2,744543
2021-04-19 09:49:03,4396.7,744553
2021-04-19 09:49:04,4396.7,744561
2021-04-19 09:49:05,4397.65,744773
2021-04-19 09:49:06,4397.85,744861
2021-04-19 09:49:07,4397.65,744938
2021-04-19 09:49:08,4397.65,744953
2021-04-19 09:49:09,4396.7,745044
2021-04-19 09:49:10,4397.65,745056
2021-04-19 09:49:11,4397.65,745075
2021-04-19 09:49:12,4397.65,745088
2021-04-19 09:49:13,4397.65,745101
2021-04-19 09:49:15,4397.6,745135
2021-04-19 09:49:16,4397.6,745204
2021-04-19 09:49:17,4396.7,745338
2021-04-19 09:49:18,4396.8,745372
2021-04-19 09:49:19,4396.05,745654
2021-04-19 09:49:20,4394.0,746813
2021-04-19 09:49:21,4392.5,748326
2021-04-19 09:49:22,4392.65,748857
2021-04-19 09:49:23,4390.0,756426
2021-04-19 09:49:23,4391.0,756611
2021-04-19 09:49:24,4389.8,760568
2021-04-19 09:49:27,4389.8,760661
2021-04-19 09:49:28,4389.8,760789
2021-04-19 09:49:29,4388.2,761058
2021-04-19 09:49:30,4389.75,761339
2021-04-19 09:49:31,4388.2,761411
2021-04-19 09:49:32,4389.0,761705
2021-04-19 09:49:33,4388.2,761750
2021-04-19 09:49:34,4390.7,761973
2021-04-19 09:49:35,4388.2,762090
2021-04-19 09:49:36,4390.0,762147
2021-04-19 09:49:37,4389.75,762206
2021-04-19 09:49:38,4388.35,762371
2021-04-19 09:49:40,4389.0,762458
2021-04-19 09:49:41,4389.0,762633
2021-04-19 09:49:42,4389.5,762865
2021-04-19 09:49:43,4391.05,763927
2021-04-19 09:49:44,4394.25,764042
2021-04-19 09:49:45,4392.9,764344
2021-04-19 09:49:46,4392.4,764629
2021-04-19 09:49:47,4393.7,764733
2021-04-19 09:49:48,4396.2,764959
2021-04-19 09:49:49,4393.35,764980
2021-04-19 09:49:50,4393.7,765015
2021-04-19 09:49:51,4392.4,765059
2021-04-19 09:49:52,4393.05,765064
2021-04-19 09:49:53,4393.85,765089
2021-04-19 09:49:54,4393.85,765097
2021-04-19 09:49:55,4392.4,765099
2021-04-19 09:49:56,4392.4,765099
2021-04-19 09:49:57,4394.65,765245
2021-04-19 09:49:57,4394.65,765245
2021-04-19 09:49:59,4394.65,765248
2021-04-19 09:50:00,4394.65,765306
2021-04-19 09:50:01,4396.0,765349
2021-04-19 09:50:02,4396.25,765504
2021-04-19 09:50:03,4395.0,765950
2021-04-19 09:50:04,4395.05,766212
2021-04-19 09:50:05,4396.25,766231
2021-04-19 09:50:05,4396.25,766283
2021-04-19 09:50:06,4396.25,766400
2021-04-19 09:50:07,4394.15,767008
2021-04-19 09:50:09,4394.15,767250
2021-04-19 09:50:10,4395.85,767290
2021-04-19 09:50:11,4395.45,768554
2021-04-19 09:50:12,4393.45,768669
2021-04-19 09:50:13,4395.45,768721
2021-04-19 09:50:14,4396.0,769397
2021-04-19 09:50:15,4396.35,769414
2021-04-19 09:50:16,4396.0,769472
2021-04-19 09:50:17,4396.35,769491
2021-04-19 09:50:18,4397.0,769759
2021-04-19 09:50:19,4397.0,769936
2021-04-19 09:50:20,4397.0,769938
2021-04-19 09:50:21,4396.35,769980
2021-04-19 09:50:21,4396.35,769980
2021-04-19 09:50:23,4396.0,770450
2021-04-19 09:50:24,4398.55,770548
2021-04-19 09:50:25,4398.45,770561
2021-04-19 09:50:26,4397.0,770597
2021-04-19 09:50:27,4397.0,770669
2021-04-19 09:50:29,4398.35,770705
2021-04-19 09:50:30,4398.35,770765
2021-04-19 09:50:31,4398.0,770806
2021-04-19 09:50:32,4398.35,770911
2021-04-19 09:50:33,4398.35,770920
2021-04-19 09:50:35,4400.0,771159
2021-04-19 09:50:36,4398.35,771286
2021-04-19 09:50:37,4400.0,771450
2021-04-19 09:50:38,4399.25,772886
2021-04-19 09:50:39,4400.0,772897
2021-04-19 09:50:41,4399.0,772919
2021-04-19 09:50:42,4399.95,773003
2021-04-19 09:50:43,4400.0,773176
2021-04-19 09:50:44,4399.0,773184
2021-04-19 09:50:45,4400.0,773190
2021-04-19 09:50:46,4400.0,773297
2021-04-19 09:50:47,4399.9,773354
2021-04-19 09:50:48,4399.95,773475
2021-04-19 09:50:49,4399.95,773482
2021-04-19 09:50:50,4400.0,774417
2021-04-19 09:50:52,4401.15,774850
2021-04-19 09:50:53,4400.0,774857
2021-04-19 09:50:54,4401.1,774999
2021-04-19 09:50:55,4401.9,775070
2021-04-19 09:50:56,4401.1,775217
2021-04-19 09:50:57,4401.0,775223
2021-04-19 09:50:58,4401.8,775356
2021-04-19 09:50:59,4401.9,775752
2021-04-19 09:51:00,4401.95,775951
2021-04-19 09:51:01,4402.0,775961
2021-04-19 09:51:02,4401.9,776038
2021-04-19 09:51:03,4401.9,776044
2021-04-19 09:51:04,4401.75,776149
2021-04-19 09:51:05,4401.9,776156
2021-04-19 09:51:06,4401.8,776239
2021-04-19 09:51:08,4400.95,776811
2021-04-19 09:51:09,4402.0,778532
2021-04-19 09:51:10,4400.05,778547
2021-04-19 09:51:11,4401.1,778894
2021-04-19 09:51:12,4401.0,778911
2021-04-19 09:51:13,4400.0,779278
2021-04-19 09:51:14,4400.65,779385
2021-04-19 09:51:15,4401.0,779606
2021-04-19 09:51:16,4401.0,779658
2021-04-19 09:51:17,4401.0,779788
2021-04-19 09:51:18,4399.35,779839
2021-04-19 09:51:19,4398.35,780239
2021-04-19 09:51:20,4396.0,780595
2021-04-19 09:51:21,4394.95,781394
2021-04-19 09:51:22,4392.6,781723
2021-04-19 09:51:23,4395.25,781747
2021-04-19 09:51:24,4394.8,781930
2021-04-19 09:51:25,4393.1,781987
2021-04-19 09:51:26,4394.65,781998
2021-04-19 09:51:27,4394.65,782194
2021-04-19 09:51:28,4394.6,782218
2021-04-19 09:51:29,4394.6,782247
2021-04-19 09:51:30,4393.25,782316
2021-04-19 09:51:31,4394.6,782335
2021-04-19 09:51:32,4394.6,782788
2021-04-19 09:51:33,4394.6,782897
2021-04-19 09:51:34,4394.6,782903
2021-04-19 09:51:35,4394.6,783010
2021-04-19 09:51:36,4394.6,783070
2021-04-19 09:51:37,4394.6,783260
2021-04-19 09:51:38,4394.6,783302
2021-04-19 09:51:39,4394.6,783360
2021-04-19 09:51:40,4394.6,783360
2021-04-19 09:51:41,4395.0,783449
2021-04-19 09:51:42,4396.4,783464
2021-04-19 09:51:43,4396.4,783466
2021-04-19 09:51:44,4396.4,783554
2021-04-19 09:51:45,4396.0,783571
2021-04-19 09:51:46,4396.0,783572
2021-04-19 09:51:47,4396.0,783645
2021-04-19 09:51:48,4396.3,784075
2021-04-19 09:51:49,4396.15,784103
2021-04-19 09:51:50,4396.15,784103
2021-04-19 09:51:51,4396.0,784126
2021-04-19 09:51:53,4397.0,784334
2021-04-19 09:51:54,4396.85,784336
2021-04-19 09:51:55,4397.0,784448
2021-04-19 09:51:56,4396.0,784577
2021-04-19 09:51:57,4396.95,784595
2021-04-19 09:51:58,4396.95,784603
2021-04-19 09:51:59,4396.95,784625
2021-04-19 09:52:00,4398.35,784844
2021-04-19 09:52:01,4400.0,785076
2021-04-19 09:52:02,4400.0,785078
2021-04-19 09:52:03,4398.35,785203
2021-04-19 09:52:04,4400.0,785453
2021-04-19 09:52:05,4400.0,785453
2021-04-19 09:52:06,4399.3,785460
2021-04-19 09:52:08,4399.45,785494
2021-04-19 09:52:09,4399.9,785606
2021-04-19 09:52:10,4399.6,785624
2021-04-19 09:52:11,4400.0,785643
2021-04-19 09:52:12,4400.0,785662
2021-04-19 09:52:13,4400.0,785725
2021-04-19 09:52:14,4400.0,785737
2021-04-19 09:52:15,4397.8,785752
2021-04-19 09:52:16,4399.8,785766
2021-04-19 09:52:17,4399.65,785818
2021-04-19 09:52:18,4399.8,785826
2021-04-19 09:52:19,4399.8,785842
2021-04-19 09:52:21,4398.1,785931
2021-04-19 09:52:20,4399.0,785930
2021-04-19 09:52:22,4399.8,785993
2021-04-19 09:52:23,4399.8,786000
2021-04-19 09:52:24,4399.85,786027
2021-04-19 09:52:25,4399.65,786120
2021-04-19 09:52:26,4399.65,786121
2021-04-19 09:52:27,4399.65,786168
2021-04-19 09:52:28,4399.65,786217
2021-04-19 09:52:29,4399.8,786412
2021-04-19 09:52:30,4400.0,786452
2021-04-19 09:52:32,4399.8,786551
2021-04-19 09:52:32,4399.8,786551
2021-04-19 09:52:33,4400.0,786562
2021-04-19 09:52:34,4399.9,786582
2021-04-19 09:52:36,4399.9,786612
2021-04-19 09:52:37,4400.0,787506
2021-04-19 09:52:38,4400.0,787640
2021-04-19 09:52:39,4400.0,787641
2021-04-19 09:52:40,4400.0,787680
2021-04-19 09:52:41,4400.0,787729
2021-04-19 09:52:42,4399.9,787756
2021-04-19 09:52:44,4399.9,787775
2021-04-19 09:52:45,4400.0,788228
2021-04-19 09:52:46,4400.9,788229
2021-04-19 09:52:46,4401.0,788354
2021-04-19 09:52:47,4400.0,788382
2021-04-19 09:52:48,4399.95,788440
2021-04-19 09:52:49,4402.0,788761
2021-04-19 09:52:50,4401.0,788779
2021-04-19 09:52:51,4401.0,788794
2021-04-19 09:52:52,4401.0,788873
2021-04-19 09:52:54,4401.95,788896
2021-04-19 09:52:54,4401.95,788896
2021-04-19 09:52:55,4400.05,788950
2021-04-19 09:52:56,4401.95,789025
2021-04-19 09:52:57,4401.95,789084
2021-04-19 09:52:58,4401.0,789094
2021-04-19 09:52:59,4401.95,789112
2021-04-19 09:53:00,4400.0,789129
2021-04-19 09:53:01,4400.55,789149
2021-04-19 09:53:02,4400.05,790689
2021-04-19 09:53:03,4400.05,790778
2021-04-19 09:53:06,4400.05,790796
2021-04-19 09:53:07,4400.05,790954
2021-04-19 09:53:07,4400.05,790954
2021-04-19 09:53:08,4400.0,791360
2021-04-19 09:53:09,4400.05,791390
2021-04-19 09:53:12,4400.0,791747
2021-04-19 09:53:13,4400.05,791858
2021-04-19 09:53:13,4400.0,791867
2021-04-19 09:53:14,4399.8,791946
2021-04-19 09:53:15,4399.95,791992
2021-04-19 09:53:16,4399.0,792139
2021-04-19 09:53:17,4399.95,792196
2021-04-19 09:53:18,4399.95,792232
2021-04-19 09:53:20,4400.0,792413
2021-04-19 09:53:20,4400.0,792413
2021-04-19 09:53:21,4399.0,792438
2021-04-19 09:53:22,4400.0,792449
2021-04-19 09:53:23,4400.0,792518
2021-04-19 09:53:25,4400.0,792524
2021-04-19 09:53:25,4398.0,792779
2021-04-19 09:53:26,4399.0,793292
2021-04-19 09:53:27,4399.0,793310
2021-04-19 09:53:29,4399.0,793606
2021-04-19 09:53:30,4399.0,793619
2021-04-19 09:53:31,4399.0,793625
2021-04-19 09:53:33,4399.0,793627
2021-04-19 09:53:33,4399.0,793628
2021-04-19 09:53:34,4399.0,793641
2021-04-19 09:53:35,4399.0,793658
2021-04-19 09:53:36,4399.0,793766
2021-04-19 09:53:37,4400.0,793840
2021-04-19 09:53:39,4397.0,794604
2021-04-19 09:53:40,4397.65,794870
2021-04-19 09:53:41,4397.6,795250
2021-04-19 09:53:42,4397.6,795586
2021-04-19 09:53:45,4397.45,795629
2021-04-19 09:53:46,4396.7,795651
2021-04-19 09:53:47,4397.35,795681
2021-04-19 09:53:47,4397.4,795691
2021-04-19 09:53:48,4397.45,795748
2021-04-19 09:53:49,4396.85,796059
2021-04-19 09:53:50,4395.0,796164
2021-04-19 09:53:51,4397.3,796213
2021-04-19 09:53:52,4397.3,796215
2021-04-19 09:53:54,4397.3,796466
2021-04-19 09:53:55,4397.3,796491
2021-04-19 09:53:56,4397.3,796759
2021-04-19 09:53:57,4397.3,796784
2021-04-19 09:53:58,4396.05,796850
2021-04-19 09:54:00,4396.0,796888
2021-04-19 09:54:01,4396.7,796892
2021-04-19 09:54:02,4396.7,796893
2021-04-19 09:54:02,4396.7,796893
2021-04-19 09:54:03,4396.7,796909
2021-04-19 09:54:04,4396.75,797026
2021-04-19 09:54:05,4396.7,797033
2021-04-19 09:54:06,4396.05,797123
2021-04-19 09:54:07,4395.7,797234
2021-04-19 09:54:08,4396.7,797258
2021-04-19 09:54:09,4396.75,797549
2021-04-19 09:54:11,4396.7,797596
2021-04-19 09:54:12,4396.7,797614
2021-04-19 09:54:13,4396.7,797618
2021-04-19 09:54:13,4396.05,797637
2021-04-19 09:54:14,4396.7,797640
2021-04-19 09:54:15,4396.7,797673
2021-04-19 09:54:16,4396.7,797707
2021-04-19 09:54:18,4396.7,797791
2021-04-19 09:54:19,4396.7,797863
2021-04-19 09:54:20,4395.5,798154
2021-04-19 09:54:21,4395.05,799620
2021-04-19 09:54:22,4395.3,799744
2021-04-19 09:54:23,4395.3,799767
2021-04-19 09:54:24,4395.3,799776
2021-04-19 09:54:26,4395.0,799781
2021-04-19 09:54:27,4393.5,799905
2021-04-19 09:54:28,4395.25,799975
2021-04-19 09:54:28,4395.3,799980
2021-04-19 09:54:29,4395.3,800165
2021-04-19 09:54:31,4395.3,800541
2021-04-19 09:54:32,4394.0,800618
2021-04-19 09:54:33,4395.3,800680
2021-04-19 09:54:34,4395.3,800696
2021-04-19 09:54:36,4395.3,800701
2021-04-19 09:54:36,4395.3,800702
2021-04-19 09:54:37,4395.3,800972
2021-04-19 09:54:38,4395.2,800993
2021-04-19 09:54:39,4395.2,801027
2021-04-19 09:54:40,4395.0,801052
2021-04-19 09:54:42,4395.0,802281
2021-04-19 09:54:43,4394.75,802430
2021-04-19 09:54:44,4396.5,802530
2021-04-19 09:54:44,4396.5,802530
2021-04-19 09:54:45,4395.2,802554
2021-04-19 09:54:46,4396.3,802566
2021-04-19 09:54:47,4395.3,802617
2021-04-19 09:54:49,4395.3,802631
2021-04-19 09:54:50,4395.3,802788
2021-04-19 09:54:51,4396.3,802789
2021-04-19 09:54:52,4396.3,802801
2021-04-19 09:54:53,4396.3,802806
2021-04-19 09:54:54,4396.3,803858
2021-04-19 09:54:54,4396.3,802833
2021-04-19 09:54:55,4396.3,803877
2021-04-19 09:54:56,4396.3,803899
2021-04-19 09:54:58,4396.3,804000
2021-04-19 09:54:59,4395.15,804160
2021-04-19 09:55:00,4396.25,804247
2021-04-19 09:55:01,4395.75,804336
2021-04-19 09:55:04,4395.65,804725
2021-04-19 09:55:05,4395.65,804740
2021-04-19 09:55:06,4395.65,804815
2021-04-19 09:55:08,4396.05,806468
2021-04-19 09:55:09,4397.45,806474
2021-04-19 09:55:10,4396.15,807496
2021-04-19 09:55:11,4397.0,807622
2021-04-19 09:55:12,4395.7,808542
2021-04-19 09:55:13,4397.45,808592
2021-04-19 09:55:15,4397.8,810156
2021-04-19 09:55:16,4397.8,810156
2021-04-19 09:55:16,4397.8,810156
2021-04-19 09:55:17,4397.65,811274
2021-04-19 09:55:18,4395.9,811502
2021-04-19 09:55:20,4397.6,811512
2021-04-19 09:55:21,4397.6,811512
2021-04-19 09:55:21,4396.15,811513
2021-04-19 09:55:22,4397.6,811557
2021-04-19 09:55:23,4397.0,811615
2021-04-19 09:55:25,4397.0,811718
2021-04-19 09:55:26,4397.0,812210
2021-04-19 09:55:26,4397.0,812210
2021-04-19 09:55:27,4397.0,812328
2021-04-19 09:55:28,4397.0,812934
2021-04-19 09:55:30,4397.0,813857
2021-04-19 09:55:31,4399.0,813963
2021-04-19 09:55:31,4399.0,813963
2021-04-19 09:55:32,4399.0,813984
2021-04-19 09:55:33,4400.7,814697
2021-04-19 09:55:35,4398.25,814927
2021-04-19 09:55:36,4400.25,815030
2021-04-19 09:55:38,4400.0,815209
2021-04-19 09:55:39,4397.15,815260
2021-04-19 09:55:40,4399.6,815348
2021-04-19 09:55:41,4398.95,815388
2021-04-19 09:55:42,4399.6,815468
2021-04-19 09:55:43,4398.15,815471
2021-04-19 09:55:43,4399.75,815473
2021-04-19 09:55:44,4400.0,815514
2021-04-19 09:55:45,4400.0,815656
2021-04-19 09:55:46,4400.0,815665
2021-04-19 09:55:47,4400.0,815704
2021-04-19 09:55:49,4400.0,815843
2021-04-19 09:55:50,4400.0,815857
2021-04-19 09:55:50,4400.0,815857
2021-04-19 09:55:51,4400.0,815906
2021-04-19 09:55:52,4400.0,816086
2021-04-19 09:55:53,4401.85,816498
2021-04-19 09:55:55,4404.95,817685
2021-04-19 09:55:56,4404.8,817698
2021-04-19 09:55:57,4405.0,817711
2021-04-19 09:55:58,4404.8,817905
2021-04-19 09:55:58,4404.95,817906
2021-04-19 09:55:59,4404.8,818018
2021-04-19 09:56:00,4405.0,818067
2021-04-19 09:56:02,4405.0,818180
2021-04-19 09:56:03,4405.0,818443
2021-04-19 09:56:04,4405.0,818506
2021-04-19 09:56:06,4405.0,819093
2021-04-19 09:56:06,4405.0,819093
2021-04-19 09:56:07,4404.4,819119
2021-04-19 09:56:08,4404.8,819250
2021-04-19 09:56:09,4404.4,819390
2021-04-19 09:56:10,4404.8,819500
2021-04-19 09:56:11,4404.8,819598
2021-04-19 09:56:12,4405.0,819629
2021-04-19 09:56:13,4405.0,819673
2021-04-19 09:56:14,4404.95,819685
2021-04-19 09:56:15,4405.0,819861
2021-04-19 09:56:18,4405.0,820026
2021-04-19 09:56:19,4405.0,820129
2021-04-19 09:56:19,4405.0,820128
2021-04-19 09:56:20,4405.0,820344
2021-04-19 09:56:21,4404.95,820474
2021-04-19 09:56:22,4405.0,820556
2021-04-19 09:56:23,4408.0,821528
2021-04-19 09:56:24,4405.0,821951
2021-04-19 09:56:25,4405.35,822144
2021-04-19 09:56:26,4407.5,822404
2021-04-19 09:56:28,4404.95,823421
2021-04-19 09:56:29,4407.5,823432
2021-04-19 09:56:30,4405.55,823541
2021-04-19 09:56:30,4405.55,823535
2021-04-19 09:56:31,4405.55,823925
2021-04-19 09:56:33,4407.5,824179
2021-04-19 09:56:33,4407.5,824178
2021-04-19 09:56:34,4407.5,824264
2021-04-19 09:56:35,4407.75,826438
2021-04-19 09:56:36,4405.75,827772
2021-04-19 09:56:37,4405.95,829007
2021-04-19 09:56:38,4405.75,829070
2021-04-19 09:56:39,4405.75,829908
2021-04-19 09:56:41,4405.5,830431
2021-04-19 09:56:42,4407.25,830618
2021-04-19 09:56:43,4405.75,830799
2021-04-19 09:56:44,4404.8,830877
2021-04-19 09:56:45,4405.75,830980
2021-04-19 09:56:46,4405.1,831935
2021-04-19 09:56:47,4404.8,831960
2021-04-19 09:56:47,4404.8,831959
2021-04-19 09:56:48,4404.0,833534
2021-04-19 09:56:50,4404.75,833630
2021-04-19 09:56:51,4404.8,834005
2021-04-19 09:56:52,4403.15,834334
2021-04-19 09:56:53,4403.25,834369
2021-04-19 09:56:54,4403.1,834398
2021-04-19 09:56:55,4402.7,835462
2021-04-19 09:56:56,4402.3,835726
2021-04-19 09:56:57,4402.3,835844
2021-04-19 09:56:58,4402.2,837294
2021-04-19 09:57:00,4400.6,837409
2021-04-19 09:57:01,4402.2,837464
2021-04-19 09:57:02,4402.2,837515
2021-04-19 09:57:03,4402.0,837547
2021-04-19 09:57:05,4401.0,837574
2021-04-19 09:57:06,4400.95,837609
2021-04-19 09:57:07,4402.0,838651
2021-04-19 09:57:09,4400.65,839007
2021-04-19 09:57:09,4402.0,839009
2021-04-19 09:57:10,4402.0,839059
2021-04-19 09:57:11,4402.0,839602
2021-04-19 09:57:13,4402.0,839609
2021-04-19 09:57:14,4402.0,839627
2021-04-19 09:57:15,4402.0,839631
2021-04-19 09:57:16,4402.0,839638
2021-04-19 09:57:17,4402.0,839643
2021-04-19 09:57:18,4402.0,839666
2021-04-19 09:57:18,4402.0,839666
2021-04-19 09:57:19,4402.0,839711
2021-04-19 09:57:20,4401.9,839736
2021-04-19 09:57:21,4401.0,840461
2021-04-19 09:57:22,4401.9,840478
2021-04-19 09:57:23,4401.9,840517
2021-04-19 09:57:24,4401.9,840629
2021-04-19 09:57:25,4401.9,840630
2021-04-19 09:57:26,4401.9,840680
2021-04-19 09:57:28,4401.9,840698
2021-04-19 09:57:29,4401.05,841760
2021-04-19 09:57:30,4401.0,841834
2021-04-19 09:57:30,4401.0,841834
2021-04-19 09:57:31,4401.0,841865
2021-04-19 09:57:33,4400.85,842039
2021-04-19 09:57:34,4400.05,842242
2021-04-19 09:57:35,4400.1,842262
2021-04-19 09:57:36,4400.1,842694
2021-04-19 09:57:36,4400.1,842695
2021-04-19 09:57:37,4401.0,842731
2021-04-19 09:57:39,4401.0,842733
2021-04-19 09:57:40,4401.0,842761
2021-04-19 09:57:41,4401.0,842800
2021-04-19 09:57:42,4401.0,842854
2021-04-19 09:57:42,4401.0,842854
2021-04-19 09:57:44,4401.0,842892
2021-04-19 09:57:45,4400.9,842899
2021-04-19 09:57:45,4400.9,842899
2021-04-19 09:57:46,4400.8,842959
2021-04-19 09:57:49,4400.8,842995
2021-04-19 09:57:50,4399.0,843443
2021-04-19 09:57:51,4399.6,843483
2021-04-19 09:57:52,4399.55,843564
2021-04-19 09:57:53,4399.75,843624
2021-04-19 09:57:54,4399.5,843741
2021-04-19 09:57:55,4400.1,844494
2021-04-19 09:57:56,4400.0,844619
2021-04-19 09:57:57,4400.0,844660
2021-04-19 09:57:58,4399.0,844747
2021-04-19 09:57:58,4399.0,844748
2021-04-19 09:57:59,4399.0,844889
2021-04-19 09:58:00,4399.0,844914
2021-04-19 09:58:01,4399.0,844915
2021-04-19 09:58:02,4399.0,844964
2021-04-19 09:58:03,4399.0,845010
2021-04-19 09:58:04,4399.0,845035
2021-04-19 09:58:06,4399.0,845075
2021-04-19 09:58:07,4399.0,845259
2021-04-19 09:58:08,4399.0,845523
2021-04-19 09:58:09,4399.0,845556
2021-04-19 09:58:09,4399.0,845706
2021-04-19 09:58:10,4399.0,845799
2021-04-19 09:58:12,4398.25,845845
2021-04-19 09:58:13,4398.15,845881
2021-04-19 09:58:14,4397.0,845943
2021-04-19 09:58:15,4398.7,846060
2021-04-19 09:58:16,4398.05,846075
2021-04-19 09:58:17,4398.05,846083
2021-04-19 09:58:17,4398.05,846083
2021-04-19 09:58:18,4398.7,846147
2021-04-19 09:58:19,4398.7,846660
2021-04-19 09:58:20,4398.0,846827
2021-04-19 09:58:22,4398.0,846847
2021-04-19 09:58:23,4398.0,846880
2021-04-19 09:58:24,4398.0,847128
2021-04-19 09:58:25,4398.7,847149
2021-04-19 09:58:26,4398.7,847159
2021-04-19 09:58:26,4397.55,847161
2021-04-19 09:58:28,4401.1,847432
2021-04-19 09:58:29,4400.65,847510
2021-04-19 09:58:30,4398.0,847570
2021-04-19 09:58:31,4400.2,847584
2021-04-19 09:58:33,4399.95,847694
2021-04-19 09:58:34,4398.05,847746
2021-04-19 09:58:35,4399.7,847773
2021-04-19 09:58:37,4397.1,847904
2021-04-19 09:58:38,4398.8,848007
2021-04-19 09:58:39,4398.55,848150
2021-04-19 09:58:40,4400.0,848350
2021-04-19 09:58:41,4398.4,848372
2021-04-19 09:58:42,4400.0,848379
2021-04-19 09:58:43,4400.0,848402
2021-04-19 09:58:43,4400.0,848402
2021-04-19 09:58:44,4400.0,848412
2021-04-19 09:58:46,4400.0,848418
2021-04-19 09:58:47,4399.7,848428
2021-04-19 09:58:48,4400.0,848502
2021-04-19 09:58:48,4400.0,848502
2021-04-19 09:58:50,4400.0,848545
2021-04-19 09:58:51,4400.0,848549
2021-04-19 09:58:51,4400.0,848550
2021-04-19 09:58:53,4400.0,848963
2021-04-19 09:58:54,4399.0,849387
2021-04-19 09:58:55,4399.0,849449
2021-04-19 09:58:55,4399.0,849465
2021-04-19 09:58:56,4399.0,849521
2021-04-19 09:58:58,4399.0,849537
2021-04-19 09:58:59,4399.0,849538
2021-04-19 09:59:00,4399.0,849589
2021-04-19 09:59:01,4398.7,849592
2021-04-19 09:59:02,4399.0,849668
2021-04-19 09:59:03,4399.0,849686
2021-04-19 09:59:04,4399.0,849691
2021-04-19 09:59:05,4400.15,850229
2021-04-19 09:59:06,4400.0,850360
2021-04-19 09:59:06,4400.0,850360
2021-04-19 09:59:07,4400.0,850360
2021-04-19 09:59:08,4400.25,850468
2021-04-19 09:59:10,4400.25,850487
2021-04-19 09:59:11,4400.0,850491
2021-04-19 09:59:12,4400.0,850565
2021-04-19 09:59:13,4400.0,850579
2021-04-19 09:59:13,4400.0,850579
2021-04-19 09:59:14,4400.0,850582
2021-04-19 09:59:15,4400.0,850609
2021-04-19 09:59:17,4398.05,850704
2021-04-19 09:59:18,4400.0,850769
2021-04-19 09:59:19,4398.7,850950
2021-04-19 09:59:20,4398.75,851037
2021-04-19 09:59:21,4398.75,851059
2021-04-19 09:59:22,4398.75,851153
2021-04-19 09:59:23,4398.0,851270
2021-04-19 09:59:23,4398.0,851270
2021-04-19 09:59:24,4398.75,851296
2021-04-19 09:59:25,4399.75,851367
2021-04-19 09:59:27,4398.0,851378
2021-04-19 09:59:28,4398.75,851522
2021-04-19 09:59:29,4400.0,851580
2021-04-19 09:59:31,4400.0,851595
2021-04-19 09:59:32,4400.0,851607
2021-04-19 09:59:33,4400.0,851609
2021-04-19 09:59:34,4399.0,851664
2021-04-19 09:59:35,4400.0,851785
2021-04-19 09:59:36,4400.0,852905
2021-04-19 09:59:37,4400.85,852985
2021-04-19 09:59:38,4399.35,853054
2021-04-19 09:59:39,4401.0,853328
2021-04-19 09:59:40,4403.0,853939
2021-04-19 09:59:41,4403.0,853943
2021-04-19 09:59:42,4403.0,853960
2021-04-19 09:59:43,4403.0,853977
2021-04-19 09:59:44,4403.0,854832
2021-04-19 09:59:45,4402.15,855869
2021-04-19 09:59:46,4402.4,855871
2021-04-19 09:59:47,4401.0,855888
2021-04-19 09:59:48,4404.95,856940
2021-04-19 09:59:48,4403.0,856988
2021-04-19 09:59:49,4404.7,856990
2021-04-19 09:59:50,4404.55,857111
2021-04-19 09:59:52,4404.6,857112
2021-04-19 09:59:53,4403.0,857325
2021-04-19 09:59:54,4404.45,857373
2021-04-19 09:59:55,4402.65,858944
2021-04-19 09:59:56,4403.05,858948
2021-04-19 09:59:57,4403.05,859087
2021-04-19 09:59:58,4403.05,859168
2021-04-19 09:59:59,4403.05,859251
2021-04-19 10:00:00,4403.05,859329
2021-04-19 10:00:01,4402.95,859384
2021-04-19 10:00:02,4402.95,859398
2021-04-19 10:00:03,4403.15,859911
2021-04-19 10:00:04,4400.1,861172
2021-04-19 10:00:05,4402.55,861193
2021-04-19 10:00:05,4402.55,861182
2021-04-19 10:00:06,4402.55,861249
2021-04-19 10:00:07,4402.0,861335
2021-04-19 10:00:09,4401.0,861485
2021-04-19 10:00:10,4401.05,861814
2021-04-19 10:00:11,4401.05,861881
2021-04-19 10:00:12,4401.0,861919
2021-04-19 10:00:12,4399.4,862039
2021-04-19 10:00:14,4401.0,862067
2021-04-19 10:00:15,4401.0,862183
2021-04-19 10:00:16,4401.0,862250
2021-04-19 10:00:17,4401.0,862256
2021-04-19 10:00:18,4401.95,862529
2021-04-19 10:00:19,4399.2,863103
2021-04-19 10:00:20,4397.15,863478
2021-04-19 10:00:21,4398.35,863512
2021-04-19 10:00:22,4399.3,864044
2021-04-19 10:00:23,4399.25,864108
2021-04-19 10:00:24,4399.1,864123
2021-04-19 10:00:25,4397.1,864748
2021-04-19 10:00:25,4396.0,864703
2021-04-19 10:00:26,4397.1,864853
2021-04-19 10:00:28,4397.4,864896
2021-04-19 10:00:29,4395.95,865003
2021-04-19 10:00:30,4395.6,865103
2021-04-19 10:00:31,4395.7,865135
2021-04-19 10:00:32,4397.95,865450
2021-04-19 10:00:33,4398.3,865478
2021-04-19 10:00:34,4398.45,865489
2021-04-19 10:00:35,4396.0,865685
2021-04-19 10:00:36,4397.8,865970
2021-04-19 10:00:37,4396.1,866021
2021-04-19 10:00:37,4397.75,866023
2021-04-19 10:00:38,4397.0,866031
2021-04-19 10:00:39,4397.75,866056
2021-04-19 10:00:41,4396.85,866271
2021-04-19 10:00:42,4395.6,866409
2021-04-19 10:00:43,4396.85,866410
2021-04-19 10:00:44,4397.75,866424
2021-04-19 10:00:45,4396.85,866539
2021-04-19 10:00:46,4396.85,866585
2021-04-19 10:00:47,4397.1,866695
2021-04-19 10:00:48,4397.0,866711
2021-04-19 10:00:48,4396.0,866710
2021-04-19 10:00:49,4397.4,866780
2021-04-19 10:00:50,4397.4,866915
2021-04-19 10:00:51,4397.4,866979
2021-04-19 10:00:53,4397.4,867011
2021-04-19 10:00:54,4397.1,867015
2021-04-19 10:00:55,4397.2,867279
2021-04-19 10:00:56,4395.6,867360
2021-04-19 10:00:57,4397.15,867386
2021-04-19 10:00:58,4396.0,867417
2021-04-19 10:00:59,4397.0,867455
2021-04-19 10:01:00,4396.35,867498
2021-04-19 10:01:01,4395.4,867510
2021-04-19 10:01:02,4395.2,867586
2021-04-19 10:01:02,4395.4,867515
2021-04-19 10:01:03,4396.75,867655
2021-04-19 10:01:04,4396.7,867722
2021-04-19 10:01:08,4394.4,875063
2021-04-19 10:01:09,4393.1,875351
2021-04-19 10:01:10,4393.05,875546
2021-04-19 10:01:11,4393.0,875702
2021-04-19 10:01:12,4393.0,876039
2021-04-19 10:01:13,4393.05,878424
2021-04-19 10:01:14,4393.0,878524
2021-04-19 10:01:15,4395.35,879249
2021-04-19 10:01:16,4395.0,879269
2021-04-19 10:01:17,4396.15,879272
2021-04-19 10:01:18,4395.0,879352
2021-04-19 10:01:19,4395.4,879442
2021-04-19 10:01:20,4394.4,879476
2021-04-19 10:01:21,4395.4,879504
2021-04-19 10:01:22,4396.3,879627
2021-04-19 10:01:23,4395.35,879789
2021-04-19 10:01:25,4396.05,879908
2021-04-19 10:01:26,4395.1,879974
2021-04-19 10:01:27,4396.55,880038
2021-04-19 10:01:28,4396.55,880038
2021-04-19 10:01:29,4397.0,880529
2021-04-19 10:01:30,4397.0,880539
2021-04-19 10:01:31,4396.0,880555
2021-04-19 10:01:32,4396.05,880610
2021-04-19 10:01:34,4396.95,880635
2021-04-19 10:01:35,4396.95,880659
2021-04-19 10:01:36,4396.05,880730
2021-04-19 10:01:37,4396.95,880797
2021-04-19 10:01:38,4396.95,880799
2021-04-19 10:01:39,4396.95,880801
2021-04-19 10:01:40,4396.95,880820
2021-04-19 10:01:42,4396.95,880875
2021-04-19 10:01:41,4396.95,880875
2021-04-19 10:01:43,4396.95,880903
2021-04-19 10:01:44,4396.95,880920
2021-04-19 10:01:45,4397.0,881032
2021-04-19 10:01:46,4396.95,881053
2021-04-19 10:01:47,4397.0,881425
2021-04-19 10:01:48,4396.95,881445
2021-04-19 10:01:49,4396.95,881467
2021-04-19 10:01:50,4396.95,881476
2021-04-19 10:01:51,4396.95,881498
2021-04-19 10:01:52,4396.9,881775
2021-04-19 10:01:53,4396.9,881775
2021-04-19 10:01:54,4396.9,881797
2021-04-19 10:01:55,4396.85,881820
2021-04-19 10:01:56,4396.9,881948
2021-04-19 10:01:57,4396.9,881958
2021-04-19 10:01:58,4396.9,881966
2021-04-19 10:01:59,4396.9,882021
2021-04-19 10:02:00,4396.9,882038
2021-04-19 10:02:01,4397.0,882256
2021-04-19 10:02:02,4397.0,882263
2021-04-19 10:02:03,4397.0,882267
2021-04-19 10:02:04,4397.0,882297
2021-04-19 10:02:05,4397.0,882302
2021-04-19 10:02:06,4397.0,882316
2021-04-19 10:02:07,4397.0,882485
2021-04-19 10:02:08,4399.0,882519
2021-04-19 10:02:09,4397.95,882535
2021-04-19 10:02:10,4397.95,882634
2021-04-19 10:02:11,4397.45,882677
2021-04-19 10:02:15,4397.25,882757
2021-04-19 10:02:16,4397.95,882863
2021-04-19 10:02:17,4399.0,882867
2021-04-19 10:02:18,4400.0,883090
2021-04-19 10:02:19,4400.0,883091
2021-04-19 10:02:20,4400.0,883109
2021-04-19 10:02:21,4400.0,883221
2021-04-19 10:02:22,4400.0,883255
2021-04-19 10:02:23,4400.0,883256
2021-04-19 10:02:24,4398.65,883317
2021-04-19 10:02:25,4398.45,883352
2021-04-19 10:02:26,4399.75,883365
2021-04-19 10:02:27,4399.75,883475
2021-04-19 10:02:28,4399.75,883478
2021-04-19 10:02:29,4398.55,883494
2021-04-19 10:02:30,4399.75,883502
2021-04-19 10:02:31,4399.75,883512
2021-04-19 10:02:32,4399.75,883522
2021-04-19 10:02:33,4399.75,883578
2021-04-19 10:02:35,4401.0,883617
2021-04-19 10:02:36,4401.0,883618
2021-04-19 10:02:37,4401.0,883618
2021-04-19 10:02:38,4402.0,883691
2021-04-19 10:02:39,4402.0,883692
2021-04-19 10:02:40,4402.0,883705
2021-04-19 10:02:41,4401.25,883754
2021-04-19 10:02:42,4402.0,883903
2021-04-19 10:02:43,4402.0,883903
2021-04-19 10:02:44,4403.0,883964
2021-04-19 10:02:45,4402.8,884070
2021-04-19 10:02:46,4402.8,884095
2021-04-19 10:02:47,4402.8,884198
2021-04-19 10:02:50,4402.8,884461
2021-04-19 10:02:51,4402.8,884532
2021-04-19 10:02:52,4402.8,884534
2021-04-19 10:02:53,4402.0,885230
2021-04-19 10:02:54,4402.35,885334
2021-04-19 10:02:55,4401.65,885369
2021-04-19 10:02:56,4401.0,885384
2021-04-19 10:02:57,4401.65,885390
2021-04-19 10:02:58,4400.5,885421
2021-04-19 10:02:59,4401.65,885424
2021-04-19 10:03:00,4401.65,885431
2021-04-19 10:03:01,4401.65,885493
2021-04-19 10:03:02,4401.65,885540
2021-04-19 10:03:03,4401.65,885543
2021-04-19 10:03:04,4400.45,885587
2021-04-19 10:03:05,4401.65,885606
2021-04-19 10:03:08,4401.65,885695
2021-04-19 10:03:09,4402.0,885706
2021-04-19 10:03:10,4402.0,885760
2021-04-19 10:03:12,4401.1,885797
2021-04-19 10:03:11,4401.1,885797
2021-04-19 10:03:13,4402.0,885815
2021-04-19 10:03:14,4402.0,885823
2021-04-19 10:03:15,4402.0,885824
2021-04-19 10:03:16,4402.0,885838
2021-04-19 10:03:17,4402.0,885858
2021-04-19 10:03:18,4402.0,885861
2021-04-19 10:03:19,4402.25,886387
2021-04-19 10:03:21,4402.1,886399
2021-04-19 10:03:21,4403.0,886405
2021-04-19 10:03:22,4403.0,886433
2021-04-19 10:03:23,4403.0,886439
2021-04-19 10:03:24,4402.1,886475
2021-04-19 10:03:25,4403.0,886491
2021-04-19 10:03:26,4403.0,886612
2021-04-19 10:03:27,4403.0,886743
2021-04-19 10:03:29,4402.0,886789
2021-04-19 10:03:29,4402.0,886789
2021-04-19 10:03:30,4403.0,886799
2021-04-19 10:03:31,4401.85,886864
2021-04-19 10:03:32,4403.0,886871
2021-04-19 10:03:33,4403.0,886971
2021-04-19 10:03:35,4403.0,887006
2021-04-19 10:03:36,4403.0,887028
2021-04-19 10:03:36,4403.0,887008
2021-04-19 10:03:37,4403.0,887035
2021-04-19 10:03:38,4403.0,887060
2021-04-19 10:03:39,4403.0,887067
2021-04-19 10:03:40,4403.0,887076
2021-04-19 10:03:42,4403.0,887118
2021-04-19 10:03:42,4403.0,887118
2021-04-19 10:03:43,4403.0,887188
2021-04-19 10:03:44,4403.0,887254
2021-04-19 10:03:45,4403.0,887386
2021-04-19 10:03:46,4404.0,887823
2021-04-19 10:03:48,4405.0,887915
2021-04-19 10:03:48,4405.0,887915
2021-04-19 10:03:50,4404.55,888348
2021-04-19 10:03:51,4404.55,888373
2021-04-19 10:03:52,4405.0,888429
2021-04-19 10:03:54,4405.0,888584
2021-04-19 10:03:54,4405.0,888584
2021-04-19 10:03:55,4404.6,888621
2021-04-19 10:03:56,4405.0,888638
2021-04-19 10:03:57,4405.0,888791
2021-04-19 10:03:59,4405.0,888912
2021-04-19 10:03:59,4405.0,888912
2021-04-19 10:04:00,4405.0,889058
2021-04-19 10:04:01,4405.0,889642
2021-04-19 10:04:02,4405.0,889659
2021-04-19 10:04:03,4405.0,889848
2021-04-19 10:04:04,4403.65,889898
2021-04-19 10:04:05,4405.0,890120
2021-04-19 10:04:07,4405.0,890122
2021-04-19 10:04:08,4405.0,890149
2021-04-19 10:04:09,4405.0,890255
2021-04-19 10:04:10,4405.0,890272
2021-04-19 10:04:11,4405.0,890292
2021-04-19 10:04:11,4405.0,890307
2021-04-19 10:04:12,4404.0,890340
2021-04-19 10:04:13,4404.0,890566
2021-04-19 10:04:14,4403.35,890591
2021-04-19 10:04:15,4404.0,890597
2021-04-19 10:04:17,4404.0,890743
2021-04-19 10:04:18,4402.0,890828
2021-04-19 10:04:19,4403.25,890903
2021-04-19 10:04:19,4403.25,890903
2021-04-19 10:04:20,4401.0,891098
2021-04-19 10:04:21,4401.9,891159
2021-04-19 10:04:22,4402.05,891811
2021-04-19 10:04:23,4404.0,891813
2021-04-19 10:04:24,4402.05,892054
2021-04-19 10:04:25,4404.0,892084
2021-04-19 10:04:27,4402.1,892184
2021-04-19 10:04:28,4404.0,892288
2021-04-19 10:04:28,4404.0,892352
2021-04-19 10:04:29,4404.0,892488
2021-04-19 10:04:30,4402.6,892512
2021-04-19 10:04:31,4403.85,892542
2021-04-19 10:04:32,4403.9,892624
2021-04-19 10:04:33,4402.6,893636
2021-04-19 10:04:35,4403.85,893903
2021-04-19 10:04:36,4403.85,893930
2021-04-19 10:04:36,4403.5,893932
2021-04-19 10:04:37,4403.5,893947
2021-04-19 10:04:38,4403.5,893952
2021-04-19 10:04:39,4403.5,893987
2021-04-19 10:04:40,4403.5,894024
2021-04-19 10:04:42,4403.5,894092
2021-04-19 10:04:43,4403.5,894119
2021-04-19 10:04:44,4403.5,894136
2021-04-19 10:04:45,4403.5,894187
2021-04-19 10:04:47,4403.5,894196
2021-04-19 10:04:47,4403.5,894196
2021-04-19 10:04:48,4403.5,894356
2021-04-19 10:04:49,4403.5,894388
2021-04-19 10:04:50,4404.0,894712
2021-04-19 10:04:52,4403.55,894805
2021-04-19 10:04:53,4404.0,894820
2021-04-19 10:04:54,4404.0,894858
2021-04-19 10:04:55,4405.0,894929
2021-04-19 10:04:56,4405.0,895904
2021-04-19 10:04:57,4404.95,895912
2021-04-19 10:04:57,4404.95,895912
2021-04-19 10:04:58,4404.95,895927
2021-04-19 10:04:59,4406.35,897062
2021-04-19 10:05:00,4404.8,897149
2021-04-19 10:05:02,4404.8,897149
2021-04-19 10:05:02,4404.8,897149
2021-04-19 10:05:03,4405.0,897255
2021-04-19 10:05:04,4405.0,897336
2021-04-19 10:05:05,4404.25,897361
2021-04-19 10:05:06,4403.3,897618
2021-04-19 10:05:07,4405.0,897704
2021-04-19 10:05:09,4404.85,897923
2021-04-19 10:05:10,4403.0,897986
2021-04-19 10:05:11,4403.6,897988
2021-04-19 10:05:12,4405.0,898014
2021-04-19 10:05:12,4405.0,898019
2021-04-19 10:05:13,4405.0,898022
2021-04-19 10:05:14,4403.55,898044
2021-04-19 10:05:15,4404.0,898435
2021-04-19 10:05:16,4404.0,898482
2021-04-19 10:05:17,4403.55,898490
2021-04-19 10:05:18,4404.0,898515
2021-04-19 10:05:19,4404.0,898528
2021-04-19 10:05:20,4405.0,898824
2021-04-19 10:05:22,4405.0,898825
2021-04-19 10:05:23,4406.45,899487
2021-04-19 10:05:23,4406.6,899489
2021-04-19 10:05:24,4406.65,899513
2021-04-19 10:05:25,4406.65,899640
2021-04-19 10:05:26,4406.65,899777
2021-04-19 10:05:27,4406.1,899928
2021-04-19 10:05:28,4408.0,900295
2021-04-19 10:05:29,4408.6,901759
2021-04-19 10:05:30,4407.5,901775
2021-04-19 10:05:31,4408.3,901979
2021-04-19 10:05:33,4407.45,901989
2021-04-19 10:05:34,4408.7,903009
2021-04-19 10:05:35,4405.5,903067
2021-04-19 10:05:36,4407.0,903072
2021-04-19 10:05:36,4407.35,903093
2021-04-19 10:05:37,4408.0,903253
2021-04-19 10:05:38,4406.25,903355
2021-04-19 10:05:39,4408.0,903743
2021-04-19 10:05:40,4407.15,903830
2021-04-19 10:05:42,4407.25,903935
2021-04-19 10:05:43,4407.55,903997
2021-04-19 10:05:44,4407.0,904002
2021-04-19 10:05:44,4407.0,903999
2021-04-19 10:05:45,4407.6,904124
2021-04-19 10:05:46,4406.95,904166
2021-04-19 10:05:47,4406.95,904168
2021-04-19 10:05:49,4406.95,904202
2021-04-19 10:05:50,4406.95,904501
2021-04-19 10:05:50,4406.95,904501
2021-04-19 10:05:52,4406.9,904771
2021-04-19 10:05:55,4408.0,905205
2021-04-19 10:05:55,4406.95,905215
2021-04-19 10:05:56,4407.0,905265
2021-04-19 10:05:57,4407.8,905480
2021-04-19 10:05:58,4407.0,905503
2021-04-19 10:06:00,4407.8,905613
2021-04-19 10:06:01,4405.1,906810
2021-04-19 10:06:02,4405.0,906814
2021-04-19 10:06:03,4405.0,906904
2021-04-19 10:06:04,4405.15,907030
2021-04-19 10:06:05,4404.4,907040
2021-04-19 10:06:05,4405.0,907042
2021-04-19 10:06:06,4404.95,907071
2021-04-19 10:06:07,4404.95,907077
2021-04-19 10:06:08,4405.0,907105
2021-04-19 10:06:09,4404.95,907131
2021-04-19 10:06:11,4405.0,907200
2021-04-19 10:06:12,4404.9,907262
2021-04-19 10:06:13,4404.9,907267
2021-04-19 10:06:13,4404.9,907269
2021-04-19 10:06:14,4403.5,907343
2021-04-19 10:06:15,4404.9,907498
2021-04-19 10:06:16,4404.85,907653
2021-04-19 10:06:18,4404.85,907710
2021-04-19 10:06:19,4403.5,907747
2021-04-19 10:06:19,4403.5,907772
2021-04-19 10:06:20,4403.5,907784
2021-04-19 10:06:21,4403.5,907785
2021-04-19 10:06:23,4403.5,907800
2021-04-19 10:06:24,4404.0,907824
2021-04-19 10:06:24,4404.0,907834
2021-04-19 10:06:25,4404.0,907882
2021-04-19 10:06:26,4404.0,908032
2021-04-19 10:06:27,4404.0,908163
2021-04-19 10:06:28,4404.0,908167
2021-04-19 10:06:30,4404.0,908180
2021-04-19 10:06:31,4404.0,908294
2021-04-19 10:06:31,4404.0,908294
2021-04-19 10:06:32,4403.05,908357
2021-04-19 10:06:33,4404.0,908392
2021-04-19 10:06:34,4404.0,908405
2021-04-19 10:06:35,4404.0,908408
2021-04-19 10:06:36,4403.55,908469
2021-04-19 10:06:37,4404.0,908541
2021-04-19 10:06:38,4404.0,908558
2021-04-19 10:06:39,4404.0,909124
2021-04-19 10:06:40,4404.0,909163
2021-04-19 10:06:42,4404.0,909179
2021-04-19 10:06:43,4404.0,909199
2021-04-19 10:06:44,4404.0,909210
2021-04-19 10:06:45,4403.4,909373
2021-04-19 10:06:45,4403.4,909373
2021-04-19 10:06:46,4404.0,909441
2021-04-19 10:06:47,4404.0,909475
2021-04-19 10:06:49,4404.0,909558
2021-04-19 10:06:50,4403.25,909639
2021-04-19 10:06:50,4404.0,909640
2021-04-19 10:06:51,4404.0,909691
2021-04-19 10:06:52,4404.0,909710
2021-04-19 10:06:53,4404.0,909726
2021-04-19 10:06:54,4404.0,909730
2021-04-19 10:06:55,4404.0,910055
2021-04-19 10:06:56,4404.0,910055
2021-04-19 10:06:57,4404.0,910059
2021-04-19 10:06:58,4404.0,910059
