timestamp,ltp,volume
2021-04-19 09:15:35,799.3,81560
2021-04-19 09:15:36,798.6,81778
2021-04-19 09:15:37,798.4,83784
2021-04-19 09:15:38,796.8,85027
2021-04-19 09:15:39,799.25,85287
2021-04-19 09:15:40,798.55,86315
2021-04-19 09:15:41,799.2,86331
2021-04-19 09:15:42,798.8,86451
2021-04-19 09:15:43,800.2,90278
2021-04-19 09:15:44,799.6,91210
2021-04-19 09:15:45,798.0,91362
2021-04-19 09:15:46,800.6,93373
2021-04-19 09:15:47,798.5,93591
2021-04-19 09:15:48,799.65,93812
2021-04-19 09:15:49,799.25,93846
2021-04-19 09:15:50,800.75,95022
2021-04-19 09:15:51,799.05,95495
2021-04-19 09:15:52,798.75,97692
2021-04-19 09:15:53,797.25,98194
2021-04-19 09:15:54,797.75,102494
2021-04-19 09:15:55,797.7,104393
2021-04-19 09:15:56,797.9,106330
2021-04-19 09:15:57,797.6,106763
2021-04-19 09:15:58,798.05,107934
2021-04-19 09:15:59,797.75,108302
2021-04-19 09:16:00,798.3,113215
2021-04-19 09:16:01,800.9,115360
2021-04-19 09:16:02,799.95,115864
2021-04-19 09:16:03,800.2,116169
2021-04-19 09:16:04,801.1,116186
2021-04-19 09:16:05,800.75,116501
2021-04-19 09:16:06,799.9,118032
2021-04-19 09:16:07,800.25,119674
2021-04-19 09:16:08,799.8,119929
2021-04-19 09:16:09,800.65,120247
2021-04-19 09:16:11,800.45,120472
2021-04-19 09:16:11,800.45,120472
2021-04-19 09:16:12,799.55,121139
2021-04-19 09:16:13,799.0,121500
2021-04-19 09:16:14,798.55,122468
2021-04-19 09:16:15,799.4,124824
2021-04-19 09:16:16,798.85,125917
2021-04-19 09:16:18,799.95,126543
2021-04-19 09:16:18,799.95,126543
2021-04-19 09:16:19,798.35,127021
2021-04-19 09:16:20,798.75,127940
2021-04-19 09:16:21,799.0,130184
2021-04-19 09:16:22,800.45,130375
2021-04-19 09:16:23,800.95,133318
2021-04-19 09:16:25,798.95,140157
2021-04-19 09:16:26,798.55,140552
2021-04-19 09:16:26,798.55,140552
2021-04-19 09:16:27,798.4,140866
2021-04-19 09:16:28,798.95,141006
2021-04-19 09:16:29,799.0,142245
2021-04-19 09:16:30,799.0,142779
2021-04-19 09:16:32,799.0,151031
2021-04-19 09:16:32,799.0,149029
2021-04-19 09:16:33,799.75,151257
2021-04-19 09:16:34,799.75,151325
2021-04-19 09:16:35,799.0,151502
2021-04-19 09:16:36,799.65,152370
2021-04-19 09:16:37,798.7,154569
2021-04-19 09:16:39,798.7,154875
2021-04-19 09:16:39,799.55,154975
2021-04-19 09:16:40,799.85,158518
2021-04-19 09:16:41,799.9,160044
2021-04-19 09:16:42,800.0,160519
2021-04-19 09:16:44,799.5,160905
2021-04-19 09:16:44,799.65,160911
2021-04-19 09:16:45,800.15,161281
2021-04-19 09:16:46,800.1,161354
2021-04-19 09:16:47,799.45,162026
2021-04-19 09:16:48,799.1,162160
2021-04-19 09:16:49,799.5,162376
2021-04-19 09:16:50,799.45,162645
2021-04-19 09:16:52,799.6,162865
2021-04-19 09:16:52,799.2,163827
2021-04-19 09:16:53,799.5,164195
2021-04-19 09:16:54,799.0,164874
2021-04-19 09:16:55,799.85,165294
2021-04-19 09:16:56,799.75,165738
2021-04-19 09:16:57,799.5,165873
2021-04-19 09:16:58,799.3,166391
2021-04-19 09:16:59,799.9,166697
2021-04-19 09:17:00,799.35,166857
2021-04-19 09:17:02,799.75,167668
2021-04-19 09:17:03,799.8,167858
2021-04-19 09:17:04,799.9,168175
2021-04-19 09:17:05,801.95,172135
2021-04-19 09:17:06,802.2,172949
2021-04-19 09:17:07,802.0,173149
2021-04-19 09:17:08,802.3,173527
2021-04-19 09:17:09,802.35,174504
2021-04-19 09:17:10,802.1,174988
2021-04-19 09:17:11,801.55,175054
2021-04-19 09:17:12,801.7,175158
2021-04-19 09:17:14,801.95,175225
2021-04-19 09:17:14,801.8,175298
2021-04-19 09:17:15,802.0,177643
2021-04-19 09:17:16,802.25,177709
2021-04-19 09:17:17,801.3,177955
2021-04-19 09:17:18,801.65,178055
2021-04-19 09:17:19,801.25,178279
2021-04-19 09:17:20,801.4,178867
2021-04-19 09:17:21,800.8,179858
2021-04-19 09:17:22,799.85,182830
2021-04-19 09:17:23,800.7,183657
2021-04-19 09:17:24,799.8,185332
2021-04-19 09:17:26,800.15,185878
2021-04-19 09:17:26,800.15,185878
2021-04-19 09:17:27,800.45,186429
2021-04-19 09:17:28,800.2,186479
2021-04-19 09:17:29,799.95,186696
2021-04-19 09:17:30,799.55,186831
2021-04-19 09:17:31,799.55,186831
2021-04-19 09:17:33,800.15,186836
2021-04-19 09:17:33,800.15,186836
2021-04-19 09:17:34,799.5,186905
2021-04-19 09:17:35,799.9,186927
2021-04-19 09:17:36,799.9,187764
2021-04-19 09:17:37,799.2,187794
2021-04-19 09:17:38,799.5,187891
2021-04-19 09:17:40,799.35,188029
2021-04-19 09:17:41,799.45,188190
2021-04-19 09:17:42,799.2,188748
2021-04-19 09:17:43,799.45,189148
2021-04-19 09:17:44,798.9,189943
2021-04-19 09:17:45,801.25,192595
2021-04-19 09:17:46,800.0,193460
2021-04-19 09:17:48,800.0,193529
2021-04-19 09:17:48,800.0,193529
2021-04-19 09:17:49,800.25,193712
2021-04-19 09:17:50,800.05,193904
2021-04-19 09:17:51,800.05,193904
2021-04-19 09:17:52,800.4,193992
2021-04-19 09:17:53,800.05,194049
2021-04-19 09:17:54,799.3,194303
2021-04-19 09:17:55,800.2,195911
2021-04-19 09:17:56,799.35,196105
2021-04-19 09:17:58,798.45,197442
2021-04-19 09:17:59,798.3,197449
2021-04-19 09:18:02,796.9,200750
2021-04-19 09:18:03,797.0,201854
2021-04-19 09:18:04,796.25,203103
2021-04-19 09:18:05,796.5,203383
2021-04-19 09:18:07,796.6,203427
2021-04-19 09:18:09,796.6,204255
2021-04-19 09:18:10,796.5,204337
2021-04-19 09:18:11,796.5,204385
2021-04-19 09:18:13,796.9,205312
2021-04-19 09:18:14,796.0,205392
2021-04-19 09:18:14,795.85,205883
2021-04-19 09:18:15,796.1,206376
2021-04-19 09:18:16,796.0,206816
2021-04-19 09:18:17,795.65,207035
2021-04-19 09:18:19,795.35,207689
2021-04-19 09:18:20,794.7,208793
2021-04-19 09:18:21,795.5,210043
2021-04-19 09:18:21,794.8,210143
2021-04-19 09:18:22,796.0,210835
2021-04-19 09:18:23,794.8,211649
2021-04-19 09:18:24,794.8,211838
2021-04-19 09:18:25,795.15,212124
2021-04-19 09:18:27,794.95,212627
2021-04-19 09:18:28,794.7,212746
2021-04-19 09:18:29,796.1,217373
2021-04-19 09:18:29,795.45,217465
2021-04-19 09:18:30,795.15,218077
2021-04-19 09:18:31,796.2,220713
2021-04-19 09:18:32,795.9,221083
2021-04-19 09:18:33,796.6,221294
2021-04-19 09:18:34,795.6,221864
2021-04-19 09:18:35,796.0,222040
2021-04-19 09:18:38,796.0,225478
2021-04-19 09:18:39,795.35,227221
2021-04-19 09:18:39,795.05,227303
2021-04-19 09:18:40,795.4,227642
2021-04-19 09:18:41,793.7,229280
2021-04-19 09:18:42,794.55,229292
2021-04-19 09:18:43,793.15,229824
2021-04-19 09:18:44,793.6,230049
2021-04-19 09:18:45,794.05,230254
2021-04-19 09:18:46,793.6,230263
2021-04-19 09:18:47,794.7,230649
2021-04-19 09:18:48,794.2,230650
2021-04-19 09:18:49,794.7,231528
2021-04-19 09:18:50,794.25,231559
2021-04-19 09:18:52,794.15,231858
2021-04-19 09:18:53,794.6,231863
2021-04-19 09:18:54,794.4,232190
2021-04-19 09:18:56,794.45,232283
2021-04-19 09:18:57,794.45,232661
2021-04-19 09:18:58,794.75,232662
2021-04-19 09:18:58,794.75,232662
2021-04-19 09:18:59,794.45,232742
2021-04-19 09:19:00,794.4,233107
2021-04-19 09:19:01,794.5,233428
2021-04-19 09:19:02,794.65,233455
2021-04-19 09:19:03,794.05,234072
2021-04-19 09:19:04,793.55,234564
2021-04-19 09:19:05,793.8,235839
2021-04-19 09:19:06,793.5,235973
2021-04-19 09:19:07,793.5,236004
2021-04-19 09:19:09,793.9,236968
2021-04-19 09:19:10,793.2,239237
2021-04-19 09:19:11,793.5,239924
2021-04-19 09:19:12,793.6,240222
2021-04-19 09:19:12,793.3,240230
2021-04-19 09:19:13,793.65,240285
2021-04-19 09:19:14,793.2,240572
2021-04-19 09:19:15,793.2,240915
2021-04-19 09:19:16,793.2,240962
2021-04-19 09:19:17,793.65,241025
2021-04-19 09:19:18,793.35,241328
2021-04-19 09:19:19,793.9,241329
2021-04-19 09:19:20,793.4,241579
2021-04-19 09:19:22,794.25,241656
2021-04-19 09:19:24,794.05,241822
2021-04-19 09:19:25,794.05,241976
2021-04-19 09:19:26,794.0,242547
2021-04-19 09:19:27,794.3,242578
2021-04-19 09:19:28,794.0,243608
2021-04-19 09:19:29,793.95,243895
2021-04-19 09:19:31,794.0,245182
2021-04-19 09:19:32,794.75,245227
2021-04-19 09:19:33,794.35,245438
2021-04-19 09:19:34,794.85,245699
2021-04-19 09:19:35,794.2,246187
2021-04-19 09:19:35,794.75,246087
2021-04-19 09:19:36,794.75,246232
2021-04-19 09:19:37,794.35,246451
2021-04-19 09:19:38,794.4,246697
2021-04-19 09:19:39,794.4,246814
2021-04-19 09:19:41,794.9,247184
2021-04-19 09:19:42,794.8,247375
2021-04-19 09:19:43,794.9,247437
2021-04-19 09:19:44,794.55,247671
2021-04-19 09:19:45,794.95,247676
2021-04-19 09:19:48,795.95,250439
2021-04-19 09:19:49,795.5,250504
2021-04-19 09:19:49,795.5,250571
2021-04-19 09:19:51,795.75,252109
2021-04-19 09:19:52,796.2,252115
2021-04-19 09:19:53,795.75,252388
2021-04-19 09:19:55,795.6,252505
2021-04-19 09:19:56,796.35,252536
2021-04-19 09:19:57,796.45,252571
2021-04-19 09:19:57,796.3,252603
2021-04-19 09:19:58,795.9,254340
2021-04-19 09:19:59,795.5,254657
2021-04-19 09:20:00,795.9,255100
2021-04-19 09:20:01,794.75,255830
2021-04-19 09:20:02,794.7,258174
2021-04-19 09:20:03,795.0,258185
2021-04-19 09:20:04,794.4,258582
2021-04-19 09:20:05,794.3,258635
2021-04-19 09:20:06,794.1,259161
2021-04-19 09:20:08,793.2,261398
2021-04-19 09:20:09,793.45,261602
2021-04-19 09:20:09,792.5,262462
2021-04-19 09:20:10,792.0,262649
2021-04-19 09:20:11,792.0,262700
2021-04-19 09:20:12,792.45,262938
2021-04-19 09:20:13,792.95,263041
2021-04-19 09:20:14,792.05,263233
2021-04-19 09:20:16,792.3,265026
2021-04-19 09:20:17,792.25,265748
2021-04-19 09:20:18,791.7,268539
2021-04-19 09:20:19,791.35,268647
2021-04-19 09:20:22,791.95,269005
2021-04-19 09:20:23,792.0,269092
2021-04-19 09:20:24,791.6,269096
2021-04-19 09:20:24,791.6,269096
2021-04-19 09:20:25,791.9,269848
2021-04-19 09:20:27,792.3,270334
2021-04-19 09:20:28,791.7,270385
2021-04-19 09:20:29,792.0,270535
2021-04-19 09:20:30,791.8,271208
2021-04-19 09:20:31,792.45,272238
2021-04-19 09:20:32,792.0,272398
2021-04-19 09:20:33,791.8,272504
2021-04-19 09:20:34,791.8,272504
2021-04-19 09:20:34,791.8,272577
2021-04-19 09:20:35,791.15,273206
2021-04-19 09:20:36,791.8,273356
2021-04-19 09:20:38,791.8,273662
2021-04-19 09:20:39,791.2,273677
2021-04-19 09:20:40,791.15,273765
2021-04-19 09:20:42,791.2,275282
2021-04-19 09:20:43,791.3,275343
2021-04-19 09:20:44,791.3,275426
2021-04-19 09:20:45,791.15,275863
2021-04-19 09:20:46,791.05,276106
2021-04-19 09:20:48,790.0,281273
2021-04-19 09:20:49,790.1,281438
2021-04-19 09:20:50,790.0,281548
2021-04-19 09:20:51,789.9,281844
2021-04-19 09:20:52,790.6,282314
2021-04-19 09:20:53,790.35,283244
2021-04-19 09:20:55,790.35,283613
2021-04-19 09:20:56,790.7,284896
2021-04-19 09:20:57,790.65,285044
2021-04-19 09:20:58,790.55,285110
2021-04-19 09:20:59,791.0,288761
2021-04-19 09:20:59,791.0,288761
2021-04-19 09:21:01,791.35,289726
2021-04-19 09:21:03,791.75,289743
2021-04-19 09:21:04,791.35,289789
2021-04-19 09:21:05,792.35,290359
2021-04-19 09:21:06,792.4,291378
2021-04-19 09:21:06,792.4,291378
2021-04-19 09:21:07,792.15,291544
2021-04-19 09:21:08,792.25,291776
2021-04-19 09:21:09,791.9,291853
2021-04-19 09:21:10,792.25,291986
2021-04-19 09:21:11,792.2,291987
2021-04-19 09:21:12,792.0,292087
2021-04-19 09:21:13,791.85,292122
2021-04-19 09:21:14,791.85,292712
2021-04-19 09:21:15,792.2,293146
2021-04-19 09:21:17,791.75,293283
2021-04-19 09:21:18,791.75,293564
2021-04-19 09:21:19,791.95,293571
2021-04-19 09:21:19,791.75,293724
2021-04-19 09:21:20,791.65,294355
2021-04-19 09:21:22,792.65,296904
2021-04-19 09:21:23,792.4,296911
2021-04-19 09:21:24,792.4,296911
2021-04-19 09:21:25,792.8,296984
2021-04-19 09:21:25,792.8,296984
2021-04-19 09:21:26,792.55,297296
2021-04-19 09:21:27,792.3,297815
2021-04-19 09:21:28,792.75,300371
2021-04-19 09:21:30,792.4,300456
2021-04-19 09:21:32,792.9,300990
2021-04-19 09:21:33,792.55,300998
2021-04-19 09:21:34,792.95,301240
2021-04-19 09:21:35,793.3,301610
2021-04-19 09:21:36,793.4,301712
2021-04-19 09:21:38,793.2,301795
2021-04-19 09:21:39,792.55,302897
2021-04-19 09:21:42,793.2,305638
2021-04-19 09:21:43,793.2,306056
2021-04-19 09:21:45,793.7,306869
2021-04-19 09:21:45,794.15,306874
2021-04-19 09:21:46,793.6,307235
2021-04-19 09:21:47,794.2,307375
2021-04-19 09:21:48,793.65,307426
2021-04-19 09:21:49,793.65,307583
2021-04-19 09:21:50,793.6,307884
2021-04-19 09:21:52,793.3,311031
2021-04-19 09:21:53,793.4,311036
2021-04-19 09:21:54,793.0,311069
2021-04-19 09:21:55,791.2,313212
2021-04-19 09:21:56,791.4,313261
2021-04-19 09:21:57,791.45,313469
2021-04-19 09:21:58,791.65,320257
2021-04-19 09:21:59,791.4,320394
2021-04-19 09:22:00,791.35,320881
2021-04-19 09:22:02,790.75,321517
2021-04-19 09:22:03,791.1,321695
2021-04-19 09:22:03,791.2,321795
2021-04-19 09:22:04,791.3,322036
2021-04-19 09:22:05,791.4,322636
2021-04-19 09:22:06,791.4,322638
2021-04-19 09:22:07,791.4,322639
2021-04-19 09:22:08,791.65,322775
2021-04-19 09:22:09,791.15,322842
2021-04-19 09:22:10,791.8,323509
2021-04-19 09:22:11,792.45,324878
2021-04-19 09:22:12,792.45,324888
2021-04-19 09:22:13,791.7,325389
2021-04-19 09:22:14,792.1,326002
2021-04-19 09:22:15,792.15,326237
2021-04-19 09:22:16,792.0,326403
2021-04-19 09:22:17,792.0,326404
2021-04-19 09:22:18,792.0,326755
2021-04-19 09:22:19,791.7,326928
2021-04-19 09:22:20,791.75,326948
2021-04-19 09:22:21,791.75,327028
2021-04-19 09:22:22,792.2,327138
2021-04-19 09:22:23,792.1,327198
2021-04-19 09:22:24,791.95,327415
2021-04-19 09:22:25,792.3,327419
2021-04-19 09:22:26,791.85,327420
2021-04-19 09:22:27,792.3,327645
2021-04-19 09:22:28,791.85,327710
2021-04-19 09:22:29,791.85,327871
2021-04-19 09:22:30,791.85,328131
2021-04-19 09:22:31,791.9,328429
2021-04-19 09:22:33,792.2,330628
2021-04-19 09:22:34,791.3,331547
2021-04-19 09:22:36,791.7,331981
2021-04-19 09:22:37,792.45,332488
2021-04-19 09:22:38,792.45,332488
2021-04-19 09:22:39,792.65,332909
2021-04-19 09:22:42,792.55,334463
2021-04-19 09:22:43,792.65,334556
2021-04-19 09:22:44,792.15,335013
2021-04-19 09:22:45,792.75,335055
2021-04-19 09:22:46,792.95,335312
2021-04-19 09:22:47,793.45,336026
2021-04-19 09:22:49,793.7,336086
2021-04-19 09:22:50,793.9,336618
2021-04-19 09:22:51,793.9,336618
2021-04-19 09:22:52,794.0,336621
2021-04-19 09:22:53,794.0,336621
2021-04-19 09:22:54,794.0,336657
2021-04-19 09:22:55,794.0,338331
2021-04-19 09:22:56,794.05,338548
2021-04-19 09:22:57,794.25,338625
2021-04-19 09:22:58,794.35,338770
2021-04-19 09:22:59,794.35,338876
2021-04-19 09:23:00,794.05,338955
2021-04-19 09:23:01,794.6,339145
2021-04-19 09:23:02,794.35,339463
2021-04-19 09:23:03,794.75,339646
2021-04-19 09:23:04,794.6,339742
2021-04-19 09:23:05,794.0,340963
2021-04-19 09:23:06,794.3,341034
2021-04-19 09:23:07,794.7,341634
2021-04-19 09:23:08,794.0,342146
2021-04-19 09:23:09,794.25,342246
2021-04-19 09:23:10,793.85,342332
2021-04-19 09:23:11,794.5,342335
2021-04-19 09:23:12,794.8,342344
2021-04-19 09:23:13,794.4,342463
2021-04-19 09:23:14,794.85,342630
2021-04-19 09:23:15,794.3,343043
2021-04-19 09:23:16,794.3,343043
2021-04-19 09:23:17,794.75,343078
2021-04-19 09:23:18,795.0,343693
2021-04-19 09:23:19,794.75,343776
2021-04-19 09:23:20,794.9,346363
2021-04-19 09:23:22,795.3,346820
2021-04-19 09:23:23,795.3,346820
2021-04-19 09:23:24,795.4,346848
2021-04-19 09:23:25,795.1,347110
2021-04-19 09:23:26,795.15,347113
2021-04-19 09:23:27,795.2,347120
2021-04-19 09:23:28,795.55,347235
2021-04-19 09:23:29,795.75,347422
2021-04-19 09:23:30,795.75,350636
2021-04-19 09:23:31,795.75,350636
2021-04-19 09:23:32,795.85,351305
2021-04-19 09:23:33,795.85,351317
2021-04-19 09:23:34,796.0,351334
2021-04-19 09:23:36,796.05,351523
2021-04-19 09:23:37,796.05,354026
2021-04-19 09:23:38,795.85,354529
2021-04-19 09:23:39,795.4,355261
2021-04-19 09:23:40,795.45,355333
2021-04-19 09:23:41,796.35,355478
2021-04-19 09:23:42,796.0,355553
2021-04-19 09:23:43,796.2,355931
2021-04-19 09:23:44,796.0,356743
2021-04-19 09:23:45,795.7,357164
2021-04-19 09:23:46,795.2,357183
2021-04-19 09:23:47,795.5,357206
2021-04-19 09:23:48,795.8,357457
2021-04-19 09:23:49,795.35,357485
2021-04-19 09:23:50,795.75,357802
2021-04-19 09:23:51,795.3,357819
2021-04-19 09:23:52,795.4,357869
2021-04-19 09:23:53,795.4,358084
2021-04-19 09:23:54,795.0,358296
2021-04-19 09:23:55,795.0,358585
2021-04-19 09:23:56,794.55,359760
2021-04-19 09:23:57,794.2,359785
2021-04-19 09:23:58,794.0,359988
2021-04-19 09:23:59,794.0,359988
2021-04-19 09:24:00,792.9,360071
2021-04-19 09:24:01,793.55,360098
2021-04-19 09:24:02,793.55,360100
2021-04-19 09:24:03,793.6,360201
2021-04-19 09:24:04,793.9,360302
2021-04-19 09:24:05,793.35,360452
2021-04-19 09:24:06,793.9,360746
2021-04-19 09:24:07,793.7,360854
2021-04-19 09:24:08,793.45,360864
2021-04-19 09:24:09,793.8,360905
2021-04-19 09:24:10,793.45,361126
2021-04-19 09:24:11,792.95,361247
2021-04-19 09:24:12,793.05,361286
2021-04-19 09:24:13,793.05,361286
2021-04-19 09:24:14,793.5,361306
2021-04-19 09:24:16,793.7,361474
2021-04-19 09:24:17,793.7,361484
2021-04-19 09:24:18,793.5,361974
2021-04-19 09:24:19,793.7,362105
2021-04-19 09:24:20,793.7,362360
2021-04-19 09:24:21,793.7,362415
2021-04-19 09:24:22,793.65,362460
2021-04-19 09:24:27,793.5,363076
2021-04-19 09:24:28,793.5,363214
2021-04-19 09:24:29,793.65,363431
2021-04-19 09:24:30,793.65,363431
2021-04-19 09:24:31,793.65,363431
2021-04-19 09:24:32,793.65,363431
2021-04-19 09:24:33,793.5,363591
2021-04-19 09:24:34,793.8,363699
2021-04-19 09:24:35,793.8,363699
2021-04-19 09:24:36,793.25,364328
2021-04-19 09:24:37,793.5,364410
2021-04-19 09:24:38,793.5,364441
2021-04-19 09:24:39,793.5,364520
2021-04-19 09:24:40,793.95,364917
2021-04-19 09:24:41,793.6,364935
2021-04-19 09:24:42,794.0,364988
2021-04-19 09:24:43,794.7,365713
2021-04-19 09:24:44,794.0,366002
2021-04-19 09:24:45,794.75,366663
2021-04-19 09:24:46,794.35,367135
2021-04-19 09:24:47,794.3,367538
2021-04-19 09:24:48,794.3,369830
2021-04-19 09:24:50,794.3,370043
2021-04-19 09:24:51,794.75,370601
2021-04-19 09:24:52,794.8,370813
2021-04-19 09:24:54,794.8,370844
2021-04-19 09:24:55,794.8,370911
2021-04-19 09:24:58,795.55,373205
2021-04-19 09:24:59,795.65,373247
2021-04-19 09:25:00,795.65,373346
2021-04-19 09:25:01,796.8,374347
2021-04-19 09:25:02,796.1,374544
2021-04-19 09:25:03,796.25,374751
2021-04-19 09:25:04,796.3,374935
2021-04-19 09:25:05,796.45,375204
2021-04-19 09:25:06,797.2,375910
2021-04-19 09:25:07,797.2,375933
2021-04-19 09:25:08,797.0,376527
2021-04-19 09:25:09,796.5,376881
2021-04-19 09:25:10,796.35,377332
2021-04-19 09:25:11,797.15,377530
2021-04-19 09:25:12,796.55,377664
2021-04-19 09:25:13,796.65,377750
2021-04-19 09:25:14,797.0,377792
2021-04-19 09:25:15,797.0,378113
2021-04-19 09:25:16,796.55,378317
2021-04-19 09:25:17,796.45,378371
2021-04-19 09:25:18,796.35,378643
2021-04-19 09:25:19,796.65,378672
2021-04-19 09:25:21,796.35,378902
2021-04-19 09:25:23,795.95,381456
2021-04-19 09:25:24,795.65,381473
2021-04-19 09:25:25,795.6,381674
2021-04-19 09:25:26,795.6,381734
2021-04-19 09:25:29,796.0,382114
2021-04-19 09:25:30,795.6,382198
2021-04-19 09:25:31,796.0,382421
2021-04-19 09:25:32,795.95,382448
2021-04-19 09:25:33,795.6,382582
2021-04-19 09:25:34,795.25,383582
2021-04-19 09:25:35,795.0,383700
2021-04-19 09:25:36,795.35,384334
2021-04-19 09:25:37,795.7,384413
2021-04-19 09:25:38,795.6,385437
2021-04-19 09:25:39,795.6,385437
2021-04-19 09:25:40,795.0,385504
2021-04-19 09:25:41,795.35,387135
2021-04-19 09:25:42,795.35,387135
2021-04-19 09:25:43,795.3,387160
2021-04-19 09:25:44,795.5,387270
2021-04-19 09:25:45,795.75,387380
2021-04-19 09:25:46,796.0,387657
2021-04-19 09:25:47,796.0,387657
2021-04-19 09:25:48,796.1,388035
2021-04-19 09:25:49,796.1,388035
2021-04-19 09:25:50,796.0,388302
2021-04-19 09:25:51,796.0,388330
2021-04-19 09:25:52,795.5,388346
2021-04-19 09:25:53,795.8,388356
2021-04-19 09:25:54,795.5,388397
2021-04-19 09:25:55,795.35,388481
2021-04-19 09:25:56,795.9,388511
2021-04-19 09:25:57,795.5,388561
2021-04-19 09:25:58,795.5,388563
2021-04-19 09:25:59,796.0,388814
2021-04-19 09:26:00,795.85,388910
2021-04-19 09:26:01,796.65,389911
2021-04-19 09:26:02,796.05,389945
2021-04-19 09:26:03,796.0,389985
2021-04-19 09:26:04,795.85,390017
2021-04-19 09:26:05,795.85,390086
2021-04-19 09:26:06,796.2,390126
2021-04-19 09:26:07,796.75,390128
2021-04-19 09:26:08,796.75,390130
2021-04-19 09:26:09,796.1,390163
2021-04-19 09:26:10,795.95,390838
2021-04-19 09:26:11,796.15,390886
2021-04-19 09:26:12,796.55,391192
2021-04-19 09:26:13,796.55,391265
2021-04-19 09:26:14,796.2,391467
2021-04-19 09:26:15,796.75,391697
2021-04-19 09:26:16,796.35,391744
2021-04-19 09:26:17,796.95,392018
2021-04-19 09:26:18,796.65,392420
2021-04-19 09:26:19,796.65,392420
2021-04-19 09:26:20,796.15,392487
2021-04-19 09:26:21,796.55,392609
2021-04-19 09:26:22,796.2,392675
2021-04-19 09:26:23,795.8,393217
2021-04-19 09:26:24,795.6,393436
2021-04-19 09:26:25,796.1,393540
2021-04-19 09:26:26,796.15,393663
2021-04-19 09:26:27,795.9,393696
2021-04-19 09:26:28,795.9,393713
2021-04-19 09:26:29,796.25,393845
2021-04-19 09:26:30,796.0,393962
2021-04-19 09:26:31,796.1,394000
2021-04-19 09:26:32,796.4,394004
2021-04-19 09:26:33,796.0,394098
2021-04-19 09:26:34,795.6,394299
2021-04-19 09:26:35,796.0,394667
2021-04-19 09:26:36,796.0,394667
2021-04-19 09:26:37,795.5,394870
2021-04-19 09:26:38,795.6,394918
2021-04-19 09:26:39,795.55,395056
2021-04-19 09:26:40,795.55,395173
2021-04-19 09:26:41,795.55,395174
2021-04-19 09:26:42,795.55,395206
2021-04-19 09:26:43,795.55,395256
2021-04-19 09:26:44,795.55,395302
2021-04-19 09:26:45,795.55,395386
2021-04-19 09:26:46,795.55,395415
2021-04-19 09:26:47,795.85,395536
2021-04-19 09:26:48,795.5,395741
2021-04-19 09:26:49,795.2,395862
2021-04-19 09:26:50,795.2,395915
2021-04-19 09:26:51,795.0,399022
2021-04-19 09:26:52,795.0,399023
2021-04-19 09:26:53,795.0,399040
2021-04-19 09:26:54,795.0,399897
2021-04-19 09:26:55,795.45,399932
2021-04-19 09:26:56,795.0,400027
2021-04-19 09:26:57,795.0,400146
2021-04-19 09:26:58,795.0,403120
2021-04-19 09:27:00,794.95,406527
2021-04-19 09:27:01,795.0,407046
2021-04-19 09:27:02,794.9,407131
2021-04-19 09:27:03,795.25,407166
2021-04-19 09:27:04,795.25,407270
2021-04-19 09:27:05,795.0,407470
2021-04-19 09:27:06,795.25,407733
2021-04-19 09:27:07,795.25,407924
2021-04-19 09:27:08,795.0,407990
2021-04-19 09:27:09,795.0,408067
2021-04-19 09:27:10,795.4,408093
2021-04-19 09:27:11,795.0,408121
2021-04-19 09:27:12,795.4,409856
2021-04-19 09:27:13,795.4,409856
2021-04-19 09:27:14,795.0,409956
2021-04-19 09:27:15,795.0,409974
2021-04-19 09:27:16,795.4,409976
2021-04-19 09:27:17,795.5,410533
2021-04-19 09:27:18,795.15,410574
2021-04-19 09:27:19,795.05,410734
2021-04-19 09:27:20,795.1,410804
2021-04-19 09:27:21,795.1,410822
2021-04-19 09:27:22,795.55,410858
2021-04-19 09:27:23,795.4,410896
2021-04-19 09:27:24,795.35,410980
2021-04-19 09:27:25,795.35,410997
2021-04-19 09:27:26,795.65,411031
2021-04-19 09:27:27,795.7,411080
2021-04-19 09:27:28,796.0,411099
2021-04-19 09:27:29,795.6,411182
2021-04-19 09:27:30,795.75,411217
2021-04-19 09:27:31,795.8,411264
2021-04-19 09:27:32,795.35,411822
2021-04-19 09:27:33,795.55,411891
2021-04-19 09:27:34,795.2,412011
2021-04-19 09:27:35,795.2,412016
2021-04-19 09:27:36,795.25,412295
2021-04-19 09:27:37,795.7,412296
2021-04-19 09:27:38,795.35,412313
2021-04-19 09:27:39,795.85,413393
2021-04-19 09:27:41,795.95,414022
2021-04-19 09:27:43,795.65,414072
2021-04-19 09:27:44,795.9,415688
2021-04-19 09:27:45,795.95,415771
2021-04-19 09:27:47,795.95,415773
2021-04-19 09:27:47,795.95,415789
2021-04-19 09:27:48,796.0,415907
2021-04-19 09:27:49,795.95,415912
2021-04-19 09:27:50,795.95,415984
2021-04-19 09:27:52,795.95,416001
2021-04-19 09:27:53,795.95,416023
2021-04-19 09:27:53,796.4,416124
2021-04-19 09:27:55,796.4,416272
2021-04-19 09:27:56,796.05,416493
2021-04-19 09:27:56,796.05,416540
2021-04-19 09:27:57,796.05,416540
2021-04-19 09:27:58,796.5,416552
2021-04-19 09:27:59,796.05,416569
2021-04-19 09:28:00,796.05,416636
2021-04-19 09:28:01,796.5,419108
2021-04-19 09:28:02,796.75,419208
2021-04-19 09:28:03,796.6,419282
2021-04-19 09:28:04,796.6,419394
2021-04-19 09:28:06,796.55,419411
2021-04-19 09:28:07,796.9,419425
2021-04-19 09:28:08,796.9,419425
2021-04-19 09:28:09,796.6,419492
2021-04-19 09:28:10,796.6,419509
2021-04-19 09:28:11,796.9,419594
2021-04-19 09:28:12,796.8,419670
2021-04-19 09:28:13,796.6,419687
2021-04-19 09:28:14,796.8,419759
2021-04-19 09:28:15,796.85,420375
2021-04-19 09:28:16,796.9,421680
2021-04-19 09:28:17,796.9,421684
2021-04-19 09:28:18,797.15,421774
2021-04-19 09:28:19,797.15,422061
2021-04-19 09:28:20,797.15,422341
2021-04-19 09:28:21,797.4,422571
2021-04-19 09:28:22,796.9,422580
2021-04-19 09:28:23,796.9,422597
2021-04-19 09:28:24,797.3,422786
2021-04-19 09:28:25,797.3,423605
2021-04-19 09:28:26,796.9,424653
2021-04-19 09:28:27,796.9,424703
2021-04-19 09:28:28,796.85,424756
2021-04-19 09:28:29,796.7,424839
2021-04-19 09:28:30,797.05,425149
2021-04-19 09:28:31,796.8,425183
2021-04-19 09:28:32,796.9,425233
2021-04-19 09:28:33,797.0,425290
2021-04-19 09:28:35,796.8,425523
2021-04-19 09:28:36,796.6,425697
2021-04-19 09:28:37,796.4,426035
2021-04-19 09:28:39,796.65,426445
2021-04-19 09:28:40,797.4,426553
2021-04-19 09:28:42,797.05,427598
2021-04-19 09:28:43,797.55,427701
2021-04-19 09:28:44,796.8,427877
2021-04-19 09:28:45,797.55,428207
2021-04-19 09:28:46,797.6,428322
2021-04-19 09:28:47,797.45,428326
2021-04-19 09:28:48,797.15,428341
2021-04-19 09:28:51,797.2,429155
2021-04-19 09:28:52,797.8,430655
2021-04-19 09:28:53,797.75,430739
2021-04-19 09:28:54,797.4,430757
2021-04-19 09:28:55,797.4,430824
2021-04-19 09:28:56,797.2,431138
2021-04-19 09:28:57,797.65,431245
2021-04-19 09:28:59,797.0,431826
2021-04-19 09:28:59,796.7,431842
2021-04-19 09:29:00,796.8,431943
2021-04-19 09:29:01,796.0,432012
2021-04-19 09:29:03,795.6,434088
2021-04-19 09:29:04,795.6,434320
2021-04-19 09:29:05,795.7,434582
2021-04-19 09:29:06,796.15,434782
2021-04-19 09:29:07,796.1,434842
2021-04-19 09:29:08,795.5,435931
2021-04-19 09:29:09,795.85,436381
2021-04-19 09:29:10,795.95,436579
2021-04-19 09:29:11,795.85,436836
2021-04-19 09:29:12,795.65,436906
2021-04-19 09:29:13,795.3,437203
2021-04-19 09:29:14,795.3,437449
2021-04-19 09:29:15,795.3,437465
2021-04-19 09:29:16,795.0,440790
2021-04-19 09:29:17,794.55,440917
2021-04-19 09:29:18,795.1,440957
2021-04-19 09:29:19,794.25,441703
2021-04-19 09:29:20,794.9,441803
2021-04-19 09:29:21,794.5,441922
2021-04-19 09:29:22,794.5,441947
2021-04-19 09:29:23,794.3,442094
2021-04-19 09:29:24,794.15,442261
2021-04-19 09:29:25,794.3,442384
2021-04-19 09:29:26,794.5,442849
2021-04-19 09:29:27,794.5,442849
2021-04-19 09:29:28,794.4,442880
2021-04-19 09:29:29,793.0,446627
2021-04-19 09:29:30,793.5,446647
2021-04-19 09:29:31,793.65,447088
2021-04-19 09:29:32,793.1,447112
2021-04-19 09:29:33,793.15,447655
2021-04-19 09:29:34,793.0,449732
2021-04-19 09:29:35,793.55,450024
2021-04-19 09:29:36,793.55,450146
2021-04-19 09:29:37,793.5,450153
2021-04-19 09:29:38,793.05,450613
2021-04-19 09:29:39,792.9,450764
2021-04-19 09:29:40,793.55,451393
2021-04-19 09:29:41,793.6,451521
2021-04-19 09:29:42,793.5,451697
2021-04-19 09:29:43,793.5,451863
2021-04-19 09:29:44,793.5,451930
2021-04-19 09:29:45,793.85,451966
2021-04-19 09:29:46,793.85,451966
2021-04-19 09:29:48,794.1,452222
2021-04-19 09:29:49,793.95,452237
2021-04-19 09:29:50,793.65,452757
2021-04-19 09:29:51,793.65,452774
2021-04-19 09:29:52,793.55,452810
2021-04-19 09:29:53,794.15,452879
2021-04-19 09:29:54,794.2,453165
2021-04-19 09:29:55,794.2,453165
2021-04-19 09:29:56,794.2,453165
2021-04-19 09:29:57,794.2,453165
2021-04-19 09:29:58,794.5,453166
2021-04-19 09:29:59,794.05,453177
2021-04-19 09:30:00,794.1,453260
2021-04-19 09:30:01,794.45,453283
2021-04-19 09:30:02,794.45,453329
2021-04-19 09:30:03,794.45,453329
2021-04-19 09:30:04,793.9,454248
2021-04-19 09:30:06,793.85,454320
2021-04-19 09:30:07,793.85,454320
2021-04-19 09:30:08,794.05,454428
2021-04-19 09:30:09,794.0,454478
2021-04-19 09:30:10,793.55,454743
2021-04-19 09:30:11,794.2,454953
2021-04-19 09:30:12,794.0,454957
2021-04-19 09:30:13,794.2,455272
2021-04-19 09:30:14,793.9,455273
2021-04-19 09:30:15,793.55,455358
2021-04-19 09:30:16,793.75,455368
2021-04-19 09:30:17,794.3,455609
2021-04-19 09:30:18,794.3,455611
2021-04-19 09:30:19,794.2,455618
2021-04-19 09:30:20,793.5,455860
2021-04-19 09:30:21,793.8,455935
2021-04-19 09:30:22,794.05,456027
2021-04-19 09:30:23,794.1,456127
2021-04-19 09:30:24,793.85,456173
2021-04-19 09:30:25,793.85,456223
2021-04-19 09:30:26,794.05,456305
2021-04-19 09:30:27,793.9,456320
2021-04-19 09:30:28,794.05,456520
2021-04-19 09:30:29,794.05,456559
2021-04-19 09:30:30,794.2,456876
2021-04-19 09:30:31,794.2,456876
2021-04-19 09:30:32,794.3,456976
2021-04-19 09:30:34,794.3,456981
2021-04-19 09:30:35,793.95,457068
2021-04-19 09:30:36,793.95,457078
2021-04-19 09:30:37,794.05,457123
2021-04-19 09:30:42,793.65,458362
2021-04-19 09:30:46,794.05,458735
2021-04-19 09:30:47,793.25,460335
2021-04-19 09:30:48,793.25,460335
2021-04-19 09:30:49,794.1,460643
2021-04-19 09:30:50,794.0,461037
2021-04-19 09:30:51,794.3,461141
2021-04-19 09:30:53,794.5,461146
2021-04-19 09:30:54,794.5,461621
2021-04-19 09:30:55,794.2,461688
2021-04-19 09:30:55,794.2,461688
2021-04-19 09:30:56,794.95,462268
2021-04-19 09:30:57,794.95,462558
2021-04-19 09:30:58,794.95,462558
2021-04-19 09:30:59,794.9,462713
2021-04-19 09:31:00,795.0,462820
2021-04-19 09:31:01,794.5,462931
2021-04-19 09:31:02,794.8,462941
2021-04-19 09:31:03,794.8,462941
2021-04-19 09:31:04,794.95,462943
2021-04-19 09:31:05,794.6,463012
2021-04-19 09:31:06,794.85,463279
2021-04-19 09:31:07,794.9,463382
2021-04-19 09:31:08,794.2,463898
2021-04-19 09:31:09,794.8,464163
2021-04-19 09:31:10,794.15,464250
2021-04-19 09:31:11,794.7,464470
2021-04-19 09:31:13,795.0,464482
2021-04-19 09:31:15,795.0,464581
2021-04-19 09:31:16,795.0,464581
2021-04-19 09:31:17,795.3,464686
2021-04-19 09:31:18,795.3,464698
2021-04-19 09:31:20,794.7,464793
2021-04-19 09:31:26,795.3,466966
2021-04-19 09:31:27,795.3,466966
2021-04-19 09:31:28,794.75,467252
2021-04-19 09:31:29,795.2,467552
2021-04-19 09:31:31,794.65,467619
2021-04-19 09:31:32,795.1,467623
2021-04-19 09:31:33,795.1,467634
2021-04-19 09:31:34,795.1,467645
2021-04-19 09:31:35,794.1,467928
2021-04-19 09:31:36,794.6,467968
2021-04-19 09:31:37,794.6,468018
2021-04-19 09:31:38,794.6,468018
2021-04-19 09:31:39,794.1,468085
2021-04-19 09:31:40,794.5,468088
2021-04-19 09:31:41,794.5,468088
2021-04-19 09:31:42,794.3,468093
2021-04-19 09:31:43,794.75,468130
2021-04-19 09:31:44,794.75,468130
2021-04-19 09:31:45,794.65,468309
2021-04-19 09:31:46,794.95,468940
2021-04-19 09:31:47,795.05,469471
2021-04-19 09:31:48,794.6,469561
2021-04-19 09:31:49,794.95,469590
2021-04-19 09:31:50,795.0,469759
2021-04-19 09:31:51,795.0,469789
2021-04-19 09:31:52,794.8,469830
2021-04-19 09:31:53,794.65,469915
2021-04-19 09:31:54,794.35,470145
2021-04-19 09:31:55,794.65,470218
2021-04-19 09:31:55,794.9,470238
2021-04-19 09:31:56,794.95,470298
2021-04-19 09:31:57,794.95,470298
2021-04-19 09:31:58,794.95,470298
2021-04-19 09:31:59,794.45,470543
2021-04-19 09:32:00,794.45,470583
2021-04-19 09:32:01,794.45,470583
2021-04-19 09:32:02,795.0,470719
2021-04-19 09:32:03,795.0,470724
2021-04-19 09:32:04,794.35,470941
2021-04-19 09:32:05,794.8,470992
2021-04-19 09:32:06,794.8,470992
2021-04-19 09:32:08,794.8,470992
2021-04-19 09:32:09,794.8,470992
2021-04-19 09:32:10,794.6,471063
2021-04-19 09:32:11,794.6,471063
2021-04-19 09:32:12,794.95,471141
2021-04-19 09:32:13,795.0,471404
2021-04-19 09:32:14,795.0,471410
2021-04-19 09:32:15,794.95,471490
2021-04-19 09:32:16,795.05,471580
2021-04-19 09:32:16,795.05,471580
2021-04-19 09:32:18,795.05,471580
2021-04-19 09:32:20,794.95,471797
2021-04-19 09:32:21,795.5,472121
2021-04-19 09:32:22,795.5,472271
2021-04-19 09:32:23,795.15,472272
2021-04-19 09:32:24,795.5,472274
2021-04-19 09:32:25,795.15,472341
2021-04-19 09:32:26,795.15,472355
2021-04-19 09:32:27,795.5,472370
2021-04-19 09:32:28,795.5,472370
2021-04-19 09:32:29,795.5,472372
2021-04-19 09:32:30,795.15,472440
2021-04-19 09:32:31,795.15,472460
2021-04-19 09:32:32,795.15,472460
2021-04-19 09:32:33,795.45,472461
2021-04-19 09:32:34,795.6,472879
2021-04-19 09:32:34,794.8,474447
2021-04-19 09:32:35,794.85,474531
2021-04-19 09:32:36,794.8,474533
2021-04-19 09:32:37,795.1,474534
2021-04-19 09:32:38,795.1,474539
2021-04-19 09:32:39,795.05,474570
2021-04-19 09:32:40,794.5,474637
2021-04-19 09:32:41,795.0,474728
2021-04-19 09:32:42,795.25,474736
2021-04-19 09:32:43,795.0,474742
2021-04-19 09:32:45,795.0,474809
2021-04-19 09:32:46,795.0,474813
2021-04-19 09:32:47,795.25,474828
2021-04-19 09:32:47,795.25,474828
2021-04-19 09:32:48,795.0,474830
2021-04-19 09:32:49,795.0,474969
2021-04-19 09:32:50,794.75,475037
2021-04-19 09:32:51,795.0,475088
2021-04-19 09:32:52,795.0,475142
2021-04-19 09:32:53,795.0,475142
2021-04-19 09:32:54,794.9,475244
2021-04-19 09:32:55,795.0,475263
2021-04-19 09:32:56,794.9,475280
2021-04-19 09:32:57,795.0,475394
2021-04-19 09:32:58,795.0,475524
2021-04-19 09:32:59,795.15,475624
2021-04-19 09:33:01,795.5,475627
2021-04-19 09:33:02,795.5,475627
2021-04-19 09:33:02,795.5,475627
2021-04-19 09:33:03,795.5,475627
2021-04-19 09:33:04,795.55,475745
2021-04-19 09:33:05,795.2,475800
2021-04-19 09:33:06,795.2,475800
2021-04-19 09:33:07,795.2,475800
2021-04-19 09:33:08,795.2,476000
2021-04-19 09:33:09,795.15,476067
2021-04-19 09:33:10,795.5,476071
2021-04-19 09:33:11,795.5,476081
2021-04-19 09:33:12,795.3,476126
2021-04-19 09:33:13,795.6,476184
2021-04-19 09:33:15,795.5,476252
2021-04-19 09:33:16,795.8,476264
2021-04-19 09:33:17,795.8,476264
2021-04-19 09:33:18,795.75,476265
2021-04-19 09:33:19,794.1,478661
2021-04-19 09:33:20,795.0,478771
2021-04-19 09:33:22,795.25,478887
2021-04-19 09:33:30,795.45,485649
2021-04-19 09:33:31,795.2,485650
2021-04-19 09:33:32,795.2,485660
2021-04-19 09:33:32,795.2,485660
2021-04-19 09:33:33,795.6,485663
2021-04-19 09:33:34,795.1,485730
2021-04-19 09:33:36,795.25,485731
2021-04-19 09:33:37,795.25,485731
2021-04-19 09:33:38,795.1,485897
2021-04-19 09:33:39,795.25,485900
2021-04-19 09:33:39,795.25,485950
2021-04-19 09:33:40,795.25,486122
2021-04-19 09:33:41,795.25,486122
2021-04-19 09:33:42,795.25,486122
2021-04-19 09:33:43,795.0,486422
2021-04-19 09:33:44,795.05,486442
2021-04-19 09:33:45,795.45,486733
2021-04-19 09:33:47,795.0,487783
2021-04-19 09:33:48,795.0,487783
2021-04-19 09:33:49,795.0,487783
2021-04-19 09:33:50,795.0,487920
2021-04-19 09:33:51,795.25,487940
2021-04-19 09:33:52,795.25,488042
2021-04-19 09:33:53,795.0,488275
2021-04-19 09:33:54,795.0,488275
2021-04-19 09:33:56,794.95,488812
2021-04-19 09:33:57,794.7,488829
2021-04-19 09:33:58,795.0,488857
2021-04-19 09:33:59,794.7,488868
2021-04-19 09:34:00,795.0,488873
2021-04-19 09:34:01,795.0,489026
2021-04-19 09:34:02,794.75,489043
2021-04-19 09:34:03,794.75,489046
2021-04-19 09:34:04,794.75,489046
2021-04-19 09:34:04,794.75,489113
2021-04-19 09:34:06,793.8,494143
2021-04-19 09:34:07,794.0,494253
2021-04-19 09:34:08,794.0,494253
2021-04-19 09:34:09,793.75,494331
2021-04-19 09:34:10,793.65,494626
2021-04-19 09:34:11,794.05,494631
2021-04-19 09:34:12,794.25,494635
2021-04-19 09:34:13,794.35,494649
2021-04-19 09:34:14,793.75,494716
2021-04-19 09:34:15,793.8,494726
2021-04-19 09:34:16,793.8,494726
2021-04-19 09:34:17,794.25,494826
2021-04-19 09:34:17,793.75,494857
2021-04-19 09:34:18,793.6,495411
2021-04-19 09:34:19,793.15,495899
2021-04-19 09:34:20,793.35,495924
2021-04-19 09:34:21,793.7,496115
2021-04-19 09:34:22,793.6,496136
2021-04-19 09:34:23,793.6,496161
2021-04-19 09:34:24,793.45,496509
2021-04-19 09:34:25,793.85,496513
2021-04-19 09:34:27,793.4,496514
2021-04-19 09:34:28,793.8,496524
2021-04-19 09:34:29,793.8,496524
2021-04-19 09:34:30,793.65,496981
2021-04-19 09:34:31,793.65,496991
2021-04-19 09:34:32,793.6,497091
2021-04-19 09:34:32,793.65,497191
2021-04-19 09:34:34,793.95,497201
2021-04-19 09:34:34,793.6,497268
2021-04-19 09:34:35,793.8,497296
2021-04-19 09:34:36,793.45,497396
2021-04-19 09:34:37,793.45,497396
2021-04-19 09:34:38,793.45,497406
2021-04-19 09:34:39,794.0,498280
2021-04-19 09:34:40,794.05,498304
2021-04-19 09:34:41,794.15,498339
2021-04-19 09:34:42,794.2,498345
2021-04-19 09:34:43,794.2,498345
2021-04-19 09:34:44,794.2,498412
2021-04-19 09:34:46,794.2,498462
2021-04-19 09:34:47,794.7,498486
2021-04-19 09:34:49,794.35,498524
2021-04-19 09:34:50,794.35,498596
2021-04-19 09:34:51,794.7,498629
2021-04-19 09:34:52,794.7,498629
2021-04-19 09:34:53,794.8,498807
2021-04-19 09:34:54,794.6,498866
2021-04-19 09:34:55,794.85,499873
2021-04-19 09:34:56,795.5,499883
2021-04-19 09:34:57,795.45,500359
2021-04-19 09:34:58,795.45,500360
2021-04-19 09:34:59,795.05,500437
2021-04-19 09:35:00,795.45,500602
2021-04-19 09:35:01,795.6,500686
2021-04-19 09:35:02,795.45,500766
2021-04-19 09:35:03,795.45,500766
2021-04-19 09:35:04,795.45,500766
2021-04-19 09:35:05,795.45,501054
2021-04-19 09:35:06,796.1,503853
2021-04-19 09:35:07,796.2,503970
2021-04-19 09:35:08,796.2,503970
2021-04-19 09:35:09,796.2,503978
2021-04-19 09:35:10,796.2,504070
2021-04-19 09:35:11,796.4,504590
2021-04-19 09:35:12,796.25,504605
2021-04-19 09:35:13,796.25,504605
2021-04-19 09:35:14,795.75,505115
2021-04-19 09:35:15,795.9,505182
2021-04-19 09:35:17,796.45,505262
2021-04-19 09:35:18,796.5,505267
2021-04-19 09:35:19,795.95,505364
2021-04-19 09:35:20,795.9,505414
2021-04-19 09:35:21,796.5,505566
2021-04-19 09:35:22,796.1,505572
2021-04-19 09:35:23,796.45,505582
2021-04-19 09:35:24,796.45,505587
2021-04-19 09:35:26,796.1,505675
2021-04-19 09:35:27,796.1,505682
2021-04-19 09:35:28,796.45,505684
2021-04-19 09:35:29,796.45,505684
2021-04-19 09:35:30,795.85,506548
2021-04-19 09:35:31,796.2,506593
2021-04-19 09:35:32,795.8,506598
2021-04-19 09:35:33,796.15,506599
2021-04-19 09:35:34,796.15,506599
2021-04-19 09:35:35,795.8,506667
2021-04-19 09:35:36,795.8,506683
2021-04-19 09:35:37,795.75,506688
2021-04-19 09:35:38,795.75,506688
2021-04-19 09:35:39,795.75,506855
2021-04-19 09:35:40,796.05,506912
2021-04-19 09:35:41,796.05,506912
2021-04-19 09:35:42,796.05,506912
2021-04-19 09:35:43,796.05,506912
2021-04-19 09:35:44,796.05,506912
2021-04-19 09:35:45,795.75,507228
2021-04-19 09:35:46,795.75,507228
2021-04-19 09:35:47,795.75,507228
2021-04-19 09:35:48,795.75,507229
2021-04-19 09:35:52,796.0,507716
2021-04-19 09:35:53,796.0,507717
2021-04-19 09:35:54,796.0,508028
2021-04-19 09:35:55,795.85,508110
2021-04-19 09:35:56,795.8,508176
2021-04-19 09:35:57,796.05,508178
2021-04-19 09:35:58,796.4,508510
2021-04-19 09:36:00,796.3,510295
2021-04-19 09:36:01,796.3,510295
2021-04-19 09:36:02,796.3,510295
2021-04-19 09:36:03,796.3,510295
2021-04-19 09:36:04,795.65,510400
2021-04-19 09:36:05,795.65,510467
2021-04-19 09:36:06,795.55,510518
2021-04-19 09:36:07,795.55,510518
2021-04-19 09:36:08,795.55,510518
2021-04-19 09:36:09,795.55,510518
2021-04-19 09:36:10,796.0,510635
2021-04-19 09:36:11,796.0,510635
2021-04-19 09:36:12,796.0,510635
2021-04-19 09:36:13,796.0,510635
2021-04-19 09:36:14,795.9,510790
2021-04-19 09:36:15,795.65,510883
2021-04-19 09:36:16,795.65,510883
2021-04-19 09:36:17,795.65,510883
2021-04-19 09:36:18,795.65,510883
2021-04-19 09:36:19,795.3,511394
2021-04-19 09:36:20,795.75,511492
2021-04-19 09:36:22,795.8,511495
2021-04-19 09:36:23,795.8,511505
2021-04-19 09:36:24,795.75,511695
2021-04-19 09:36:25,796.0,511765
2021-04-19 09:36:26,796.0,511768
2021-04-19 09:36:27,795.8,512254
2021-04-19 09:36:28,796.25,512313
2021-04-19 09:36:29,796.05,512380
2021-04-19 09:36:30,796.05,512395
2021-04-19 09:36:31,796.05,512412
2021-04-19 09:36:32,796.05,512412
2021-04-19 09:36:33,796.45,512515
2021-04-19 09:36:34,796.45,512515
2021-04-19 09:36:35,796.8,514366
2021-04-19 09:36:36,796.15,514416
2021-04-19 09:36:37,796.15,514416
2021-04-19 09:36:38,796.2,514517
2021-04-19 09:36:39,796.25,514527
2021-04-19 09:36:40,796.5,516375
2021-04-19 09:36:41,796.35,516435
2021-04-19 09:36:42,796.4,516610
2021-04-19 09:36:43,796.0,516611
2021-04-19 09:36:44,796.35,516637
2021-04-19 09:36:45,796.35,516856
2021-04-19 09:36:46,796.4,517080
2021-04-19 09:36:47,796.4,517080
2021-04-19 09:36:48,796.4,517080
2021-04-19 09:36:49,796.4,517080
2021-04-19 09:36:50,796.0,517247
2021-04-19 09:36:51,796.0,517247
2021-04-19 09:36:52,796.0,517247
2021-04-19 09:36:53,796.0,517247
2021-04-19 09:36:54,796.0,517314
2021-04-19 09:36:55,796.35,517339
2021-04-19 09:36:56,796.35,517359
2021-04-19 09:36:57,796.35,517359
2021-04-19 09:36:58,796.4,517482
2021-04-19 09:36:59,796.4,517482
2021-04-19 09:37:00,796.4,517551
2021-04-19 09:37:01,796.15,517686
2021-04-19 09:37:02,796.65,517696
2021-04-19 09:37:03,796.65,517696
2021-04-19 09:37:04,796.65,517696
2021-04-19 09:37:05,796.1,517973
2021-04-19 09:37:06,796.6,517988
2021-04-19 09:37:07,796.15,517995
2021-04-19 09:37:08,796.65,518296
2021-04-19 09:37:09,796.3,518322
2021-04-19 09:37:10,796.75,518439
2021-04-19 09:37:11,796.75,518439
2021-04-19 09:37:12,796.6,518698
2021-04-19 09:37:13,796.1,518846
2021-04-19 09:37:14,796.1,518846
2021-04-19 09:37:15,796.0,518913
2021-04-19 09:37:16,796.5,519013
2021-04-19 09:37:17,796.7,519095
2021-04-19 09:37:18,796.7,519095
2021-04-19 09:37:19,796.65,519111
2021-04-19 09:37:20,796.2,519178
2021-04-19 09:37:21,796.7,519433
2021-04-19 09:37:22,796.7,519433
2021-04-19 09:37:23,796.65,519434
2021-04-19 09:37:24,796.65,519434
2021-04-19 09:37:26,796.7,519511
2021-04-19 09:37:26,796.7,519511
2021-04-19 09:37:27,796.2,519513
2021-04-19 09:37:29,796.7,520040
2021-04-19 09:37:31,795.9,522271
2021-04-19 09:37:32,796.55,522299
2021-04-19 09:37:33,796.55,522304
2021-04-19 09:37:34,796.2,522305
2021-04-19 09:37:35,796.4,522433
2021-04-19 09:37:36,796.85,522669
2021-04-19 09:37:37,796.55,522674
2021-04-19 09:37:38,796.55,522674
2021-04-19 09:37:40,796.85,522678
2021-04-19 09:37:40,796.55,522745
2021-04-19 09:37:41,796.85,522868
2021-04-19 09:37:42,796.85,522868
2021-04-19 09:37:43,796.55,522919
2021-04-19 09:37:44,796.85,523098
2021-04-19 09:37:45,796.85,523212
2021-04-19 09:37:46,796.85,523212
2021-04-19 09:37:47,796.85,523212
2021-04-19 09:37:48,796.85,523215
2021-04-19 09:37:49,796.6,523302
2021-04-19 09:37:50,796.95,523460
2021-04-19 09:37:51,796.95,523460
2021-04-19 09:37:52,797.0,525304
2021-04-19 09:37:53,797.25,525376
2021-04-19 09:37:55,796.85,525444
2021-04-19 09:37:55,796.85,525444
2021-04-19 09:37:56,796.85,525454
2021-04-19 09:37:57,796.95,525578
2021-04-19 09:37:58,796.95,525578
2021-04-19 09:37:59,796.95,525578
2021-04-19 09:38:00,797.15,525655
2021-04-19 09:38:01,797.15,525667
2021-04-19 09:38:02,797.15,525667
2021-04-19 09:38:03,797.15,525667
2021-04-19 09:38:04,797.0,525774
2021-04-19 09:38:05,797.15,525779
2021-04-19 09:38:06,797.35,526279
2021-04-19 09:38:07,797.0,526289
2021-04-19 09:38:09,797.2,526349
2021-04-19 09:38:09,797.2,526349
2021-04-19 09:38:10,796.9,526425
2021-04-19 09:38:11,796.9,526425
2021-04-19 09:38:12,797.25,526426
2021-04-19 09:38:13,797.25,526426
2021-04-19 09:38:14,796.95,526526
2021-04-19 09:38:15,797.25,526594
2021-04-19 09:38:16,797.25,526594
2021-04-19 09:38:17,797.3,526681
2021-04-19 09:38:18,797.0,526727
2021-04-19 09:38:19,796.95,526734
2021-04-19 09:38:20,797.0,526818
2021-04-19 09:38:21,797.0,526818
2021-04-19 09:38:22,797.0,526818
2021-04-19 09:38:23,796.85,527168
2021-04-19 09:38:24,796.85,527178
2021-04-19 09:38:25,796.95,527411
2021-04-19 09:38:26,796.45,527412
2021-04-19 09:38:28,796.45,527413
2021-04-19 09:38:28,796.45,527413
2021-04-19 09:38:29,796.45,527464
2021-04-19 09:38:30,796.45,527543
2021-04-19 09:38:31,796.8,527649
2021-04-19 09:38:32,796.8,527653
2021-04-19 09:38:33,796.45,527662
2021-04-19 09:38:34,796.9,527682
2021-04-19 09:38:35,796.25,527749
2021-04-19 09:38:36,796.25,527749
2021-04-19 09:38:37,796.75,527754
2021-04-19 09:38:38,796.9,528097
2021-04-19 09:38:39,796.5,528247
2021-04-19 09:38:41,796.4,528314
2021-04-19 09:38:41,796.4,528314
2021-04-19 09:38:42,796.4,528314
2021-04-19 09:38:43,796.75,528345
2021-04-19 09:38:44,796.75,528345
2021-04-19 09:38:46,796.75,528418
2021-04-19 09:38:47,796.75,528431
2021-04-19 09:38:48,796.85,528458
2021-04-19 09:38:49,796.85,528458
2021-04-19 09:38:50,796.75,528528
2021-04-19 09:38:52,796.75,528590
2021-04-19 09:38:56,797.0,529049
2021-04-19 09:38:56,797.0,529061
2021-04-19 09:38:57,797.0,529063
2021-04-19 09:38:58,797.0,529063
2021-04-19 09:38:59,796.8,529184
2021-04-19 09:39:00,796.8,529204
2021-04-19 09:39:01,796.8,529204
2021-04-19 09:39:02,796.8,529304
2021-04-19 09:39:03,797.0,529305
2021-04-19 09:39:04,796.8,529393
2021-04-19 09:39:05,796.8,529393
2021-04-19 09:39:06,796.8,529774
2021-04-19 09:39:07,796.8,529774
2021-04-19 09:39:08,797.0,529811
2021-04-19 09:39:09,797.0,529880
2021-04-19 09:39:11,796.8,529959
2021-04-19 09:39:11,796.8,529959
2021-04-19 09:39:12,796.8,529959
2021-04-19 09:39:13,796.95,530061
2021-04-19 09:39:14,796.8,530159
2021-04-19 09:39:15,797.0,530228
2021-04-19 09:39:16,797.0,530428
2021-04-19 09:39:17,797.0,530428
2021-04-19 09:39:18,797.0,530428
2021-04-19 09:39:19,796.8,530495
2021-04-19 09:39:20,796.8,530495
2021-04-19 09:39:21,796.8,530542
2021-04-19 09:39:22,797.0,531801
2021-04-19 09:39:23,796.8,531901
2021-04-19 09:39:24,796.8,531978
2021-04-19 09:39:25,796.8,531978
2021-04-19 09:39:27,796.25,533380
2021-04-19 09:39:28,796.4,533580
2021-04-19 09:39:29,796.55,533620
2021-04-19 09:39:30,796.65,533697
2021-04-19 09:39:31,796.65,533697
2021-04-19 09:39:32,796.35,533698
2021-04-19 09:39:33,796.95,533701
2021-04-19 09:39:35,796.5,533768
2021-04-19 09:39:36,796.8,533769
2021-04-19 09:39:37,796.7,533777
2021-04-19 09:39:37,796.7,533777
2021-04-19 09:39:38,796.7,533804
2021-04-19 09:39:39,796.7,533819
2021-04-19 09:39:40,796.5,533886
2021-04-19 09:39:41,796.5,533886
2021-04-19 09:39:42,796.55,533941
2021-04-19 09:39:43,796.7,533989
2021-04-19 09:39:44,796.7,534022
2021-04-19 09:39:46,796.55,534365
2021-04-19 09:39:47,796.55,534365
2021-04-19 09:39:48,796.55,534375
2021-04-19 09:39:48,796.4,534395
2021-04-19 09:39:49,796.5,534420
2021-04-19 09:39:50,796.05,534896
2021-04-19 09:39:51,796.35,534924
2021-04-19 09:39:52,796.0,534954
2021-04-19 09:39:53,796.0,535236
2021-04-19 09:39:54,796.0,535251
2021-04-19 09:39:55,795.95,535328
2021-04-19 09:39:57,795.95,535338
2021-04-19 09:39:58,795.95,535340
2021-04-19 09:39:59,795.95,535365
2021-04-19 09:40:00,795.65,535440
2021-04-19 09:40:00,795.65,535490
2021-04-19 09:40:02,795.4,535719
2021-04-19 09:40:03,795.0,535919
2021-04-19 09:40:04,795.0,535919
2021-04-19 09:40:05,795.0,535986
2021-04-19 09:40:06,795.35,536086
2021-04-19 09:40:07,795.3,536161
2021-04-19 09:40:08,795.0,536304
2021-04-19 09:40:10,795.3,536392
2021-04-19 09:40:13,795.4,536745
2021-04-19 09:40:14,795.4,536745
2021-04-19 09:40:15,794.95,537215
2021-04-19 09:40:15,794.95,537215
2021-04-19 09:40:16,795.0,537291
2021-04-19 09:40:17,795.0,537358
2021-04-19 09:40:18,795.0,537361
2021-04-19 09:40:20,795.2,537668
2021-04-19 09:40:19,795.0,537448
2021-04-19 09:40:21,795.15,537671
2021-04-19 09:40:22,795.15,537674
2021-04-19 09:40:24,793.7,542164
2021-04-19 09:40:25,793.7,542459
2021-04-19 09:40:27,793.7,542507
2021-04-19 09:40:28,793.45,542600
2021-04-19 09:40:29,793.0,543506
2021-04-19 09:40:29,793.0,543506
2021-04-19 09:40:30,793.75,544124
2021-04-19 09:40:31,793.15,544170
2021-04-19 09:40:32,793.0,544622
2021-04-19 09:40:34,793.15,544886
2021-04-19 09:40:35,793.1,544916
2021-04-19 09:40:36,793.05,544969
2021-04-19 09:40:37,793.55,545597
2021-04-19 09:40:39,793.4,545759
2021-04-19 09:40:41,793.4,545759
2021-04-19 09:40:42,793.4,545760
2021-04-19 09:40:43,793.4,545790
2021-04-19 09:40:44,793.55,546106
2021-04-19 09:40:44,793.55,546205
2021-04-19 09:40:45,793.7,546282
2021-04-19 09:40:46,793.75,546364
2021-04-19 09:40:47,793.75,546364
2021-04-19 09:40:48,793.55,546414
2021-04-19 09:40:49,793.4,546474
2021-04-19 09:40:50,793.55,546560
2021-04-19 09:40:51,793.55,546685
2021-04-19 09:40:52,793.85,546687
2021-04-19 09:40:53,793.55,546692
2021-04-19 09:40:54,793.55,546759
2021-04-19 09:40:55,793.55,546801
2021-04-19 09:40:56,793.55,546801
2021-04-19 09:40:57,793.4,547393
2021-04-19 09:40:59,793.6,547402
2021-04-19 09:41:00,793.55,547497
2021-04-19 09:41:01,793.95,547771
2021-04-19 09:41:01,793.95,547771
2021-04-19 09:41:02,793.85,547826
2021-04-19 09:41:03,793.75,547864
2021-04-19 09:41:04,794.0,548152
2021-04-19 09:41:05,794.0,548250
2021-04-19 09:41:06,794.0,548319
2021-04-19 09:41:07,794.0,548319
2021-04-19 09:41:08,794.0,548321
2021-04-19 09:41:10,793.9,548411
2021-04-19 09:41:12,794.0,548480
2021-04-19 09:41:13,794.0,548505
2021-04-19 09:41:14,794.15,548571
2021-04-19 09:41:15,794.15,548581
2021-04-19 09:41:16,793.65,549118
2021-04-19 09:41:17,793.65,549118
2021-04-19 09:41:18,794.0,549121
2021-04-19 09:41:19,793.7,549204
2021-04-19 09:41:20,793.7,549204
2021-04-19 09:41:21,793.95,549244
2021-04-19 09:41:22,793.6,549444
2021-04-19 09:41:23,793.5,550841
2021-04-19 09:41:24,793.45,550925
2021-04-19 09:41:25,793.45,550926
2021-04-19 09:41:26,793.1,550961
2021-04-19 09:41:28,793.6,551061
2021-04-19 09:41:29,793.45,551064
2021-04-19 09:41:31,793.15,553327
2021-04-19 09:41:31,793.2,553267
2021-04-19 09:41:32,793.15,553327
2021-04-19 09:41:33,793.15,553327
2021-04-19 09:41:34,793.45,553471
2021-04-19 09:41:35,793.45,553471
2021-04-19 09:41:38,793.35,555331
2021-04-19 09:41:39,793.35,555346
2021-04-19 09:41:40,792.85,555413
2021-04-19 09:41:41,792.9,555414
2021-04-19 09:41:42,792.95,555431
2021-04-19 09:41:43,793.35,555555
2021-04-19 09:41:44,792.7,555964
2021-04-19 09:41:44,793.15,555797
2021-04-19 09:41:45,793.15,555979
2021-04-19 09:41:46,793.25,556049
2021-04-19 09:41:47,793.25,556049
2021-04-19 09:41:48,793.25,556049
2021-04-19 09:41:49,792.9,556136
2021-04-19 09:41:50,793.15,556146
2021-04-19 09:41:51,793.6,556160
2021-04-19 09:41:53,793.05,556230
2021-04-19 09:41:54,793.05,556230
2021-04-19 09:41:55,793.1,556347
2021-04-19 09:41:55,793.05,556390
2021-04-19 09:41:56,793.0,556590
2021-04-19 09:41:57,793.0,556590
2021-04-19 09:41:59,793.5,556910
2021-04-19 09:42:00,793.45,557258
2021-04-19 09:42:01,793.45,557258
2021-04-19 09:42:02,793.45,557258
2021-04-19 09:42:03,793.45,557258
2021-04-19 09:42:04,793.45,557258
2021-04-19 09:42:05,793.5,557425
2021-04-19 09:42:06,793.85,557465
2021-04-19 09:42:06,793.85,557465
2021-04-19 09:42:07,793.9,557767
2021-04-19 09:42:08,793.9,557772
2021-04-19 09:42:09,793.9,557862
2021-04-19 09:42:10,793.95,558854
2021-04-19 09:42:11,794.0,558855
2021-04-19 09:42:13,794.0,558855
2021-04-19 09:42:14,794.05,559155
2021-04-19 09:42:15,794.15,559232
2021-04-19 09:42:16,794.15,559232
2021-04-19 09:42:17,794.15,559324
2021-04-19 09:42:18,794.15,559352
2021-04-19 09:42:19,794.15,559463
2021-04-19 09:42:20,794.15,559531
2021-04-19 09:42:21,794.6,559877
2021-04-19 09:42:22,794.05,561053
2021-04-19 09:42:23,794.05,561053
2021-04-19 09:42:23,794.05,561053
2021-04-19 09:42:24,794.65,561154
2021-04-19 09:42:26,794.75,561253
2021-04-19 09:42:27,794.7,561276
2021-04-19 09:42:28,794.35,561356
2021-04-19 09:42:29,794.3,561423
2021-04-19 09:42:30,794.6,561683
2021-04-19 09:42:31,794.6,561683
2021-04-19 09:42:33,794.6,561689
2021-04-19 09:42:34,794.4,561757
2021-04-19 09:42:36,794.9,561837
2021-04-19 09:42:37,794.6,561937
2021-04-19 09:42:39,794.6,561937
2021-04-19 09:42:40,794.6,562004
2021-04-19 09:42:41,794.95,562054
2021-04-19 09:42:42,794.4,562163
2021-04-19 09:42:43,794.95,562259
2021-04-19 09:42:44,794.95,562259
2021-04-19 09:42:45,795.0,562787
2021-04-19 09:42:46,795.0,563517
2021-04-19 09:42:47,795.0,563741
2021-04-19 09:42:48,795.45,563841
2021-04-19 09:42:49,794.85,563908
2021-04-19 09:42:49,794.85,563908
2021-04-19 09:42:50,795.4,563947
2021-04-19 09:42:51,795.05,563952
2021-04-19 09:42:52,795.6,564571
2021-04-19 09:42:53,796.0,564621
2021-04-19 09:42:54,795.75,564688
2021-04-19 09:42:58,795.75,564743
2021-04-19 09:42:59,795.95,564763
2021-04-19 09:43:00,795.95,564840
2021-04-19 09:43:01,795.75,564990
2021-04-19 09:43:02,795.95,565065
2021-04-19 09:43:02,795.95,565065
2021-04-19 09:43:03,795.75,565152
2021-04-19 09:43:04,795.0,565677
2021-04-19 09:43:05,795.6,566090
2021-04-19 09:43:06,795.2,566110
2021-04-19 09:43:07,795.6,566120
2021-04-19 09:43:08,795.15,566220
2021-04-19 09:43:09,795.0,566288
2021-04-19 09:43:10,794.95,566388
2021-04-19 09:43:12,794.45,566484
2021-04-19 09:43:13,794.45,566484
2021-04-19 09:43:14,794.8,566594
2021-04-19 09:43:15,794.65,566671
2021-04-19 09:43:16,794.65,566671
2021-04-19 09:43:17,794.3,566683
2021-04-19 09:43:18,794.3,566683
2021-04-19 09:43:18,794.3,566683
2021-04-19 09:43:19,794.3,566900
2021-04-19 09:43:20,794.3,566967
2021-04-19 09:43:22,794.6,566987
2021-04-19 09:43:23,794.3,567000
2021-04-19 09:43:25,794.3,567068
2021-04-19 09:43:26,794.3,567068
2021-04-19 09:43:26,794.3,567068
2021-04-19 09:43:28,794.6,567079
2021-04-19 09:43:29,794.6,567079
2021-04-19 09:43:30,794.2,567382
2021-04-19 09:43:31,794.2,567382
2021-04-19 09:43:32,794.55,567587
2021-04-19 09:43:33,794.15,567639
2021-04-19 09:43:34,794.05,567965
2021-04-19 09:43:35,794.05,568232
2021-04-19 09:43:36,794.05,568232
2021-04-19 09:43:37,794.25,568450
2021-04-19 09:43:39,794.0,568510
2021-04-19 09:43:40,794.0,568702
2021-04-19 09:43:41,794.0,568919
2021-04-19 09:43:41,794.0,568949
2021-04-19 09:43:42,794.0,569056
2021-04-19 09:43:43,794.15,569090
2021-04-19 09:43:44,794.2,569267
2021-04-19 09:43:45,794.2,569313
2021-04-19 09:43:46,794.2,569313
2021-04-19 09:43:48,794.2,569401
2021-04-19 09:43:49,794.3,569566
2021-04-19 09:43:50,794.15,569683
2021-04-19 09:43:51,794.4,569783
2021-04-19 09:43:52,794.4,569783
2021-04-19 09:43:53,794.35,569793
2021-04-19 09:43:54,794.15,569878
2021-04-19 09:43:55,794.5,569881
2021-04-19 09:43:56,794.5,569881
2021-04-19 09:43:58,794.5,569898
2021-04-19 09:43:59,794.0,570835
2021-04-19 09:44:01,794.0,570835
2021-04-19 09:44:02,794.0,570885
2021-04-19 09:44:02,794.0,570885
2021-04-19 09:44:03,794.35,570902
2021-04-19 09:44:04,794.0,570971
2021-04-19 09:44:05,794.25,571362
2021-04-19 09:44:08,793.8,571468
2021-04-19 09:44:10,793.8,571951
2021-04-19 09:44:11,793.8,571951
2021-04-19 09:44:13,793.8,574966
2021-04-19 09:44:13,793.8,574966
2021-04-19 09:44:15,793.35,575033
2021-04-19 09:44:16,793.8,575238
2021-04-19 09:44:17,792.95,579387
2021-04-19 09:44:18,793.3,579412
2021-04-19 09:44:19,793.0,579612
2021-04-19 09:44:20,793.0,579679
2021-04-19 09:44:21,793.0,579679
2021-04-19 09:44:22,793.0,579679
2021-04-19 09:44:23,792.7,584322
2021-04-19 09:44:24,792.2,584404
2021-04-19 09:44:26,792.6,584428
2021-04-19 09:44:27,792.8,584678
2021-04-19 09:44:28,792.8,584678
2021-04-19 09:44:29,792.3,584908
2021-04-19 09:44:31,792.0,589061
2021-04-19 09:44:32,792.0,589155
2021-04-19 09:44:33,792.0,589155
2021-04-19 09:44:34,791.5,589331
2021-04-19 09:44:35,791.8,590030
2021-04-19 09:44:36,791.85,590171
2021-04-19 09:44:37,791.5,590180
2021-04-19 09:44:37,791.9,590176
2021-04-19 09:44:38,791.85,590182
2021-04-19 09:44:39,791.85,590192
2021-04-19 09:44:40,791.85,590344
2021-04-19 09:44:41,791.9,590398
2021-04-19 09:44:42,791.55,590598
2021-04-19 09:44:44,791.8,590663
2021-04-19 09:44:45,791.3,590730
2021-04-19 09:44:46,791.3,590730
2021-04-19 09:44:47,791.2,595541
2021-04-19 09:44:48,791.4,595669
2021-04-19 09:44:49,791.4,595669
2021-04-19 09:44:50,791.4,595917
2021-04-19 09:44:51,791.4,595937
2021-04-19 09:44:52,791.6,595954
2021-04-19 09:44:52,791.6,595954
2021-04-19 09:44:53,791.6,595954
2021-04-19 09:44:54,791.1,601661
2021-04-19 09:44:55,791.65,603100
2021-04-19 09:44:56,791.5,603586
2021-04-19 09:44:57,791.9,603588
2021-04-19 09:45:00,791.8,606410
2021-04-19 09:45:01,791.6,606425
2021-04-19 09:45:02,791.9,606540
2021-04-19 09:45:03,791.9,606540
2021-04-19 09:45:04,791.85,606546
2021-04-19 09:45:05,791.4,606613
2021-04-19 09:45:06,791.7,606673
2021-04-19 09:45:07,791.7,607154
2021-04-19 09:45:09,791.85,607357
2021-04-19 09:45:10,792.25,607858
2021-04-19 09:45:11,792.4,607957
2021-04-19 09:45:11,792.4,607957
2021-04-19 09:45:12,792.0,607968
2021-04-19 09:45:14,792.75,608387
2021-04-19 09:45:15,792.5,608459
2021-04-19 09:45:16,792.85,608465
2021-04-19 09:45:17,792.45,608485
2021-04-19 09:45:18,793.0,608685
2021-04-19 09:45:19,793.0,608737
2021-04-19 09:45:20,792.45,609048
2021-04-19 09:45:21,792.8,609056
2021-04-19 09:45:22,792.9,609433
2021-04-19 09:45:23,792.5,610138
2021-04-19 09:45:23,792.5,610138
2021-04-19 09:45:24,792.8,610225
2021-04-19 09:45:25,792.9,610385
2021-04-19 09:45:26,792.4,610625
2021-04-19 09:45:27,792.4,610625
2021-04-19 09:45:28,792.55,610627
2021-04-19 09:45:29,792.15,610697
2021-04-19 09:45:30,792.6,610712
2021-04-19 09:45:32,792.15,610834
2021-04-19 09:45:33,792.15,610834
2021-04-19 09:45:34,792.5,610845
2021-04-19 09:45:35,792.1,610912
2021-04-19 09:45:36,792.05,610955
2021-04-19 09:45:37,792.35,611005
2021-04-19 09:45:38,792.35,611005
2021-04-19 09:45:39,792.35,611005
2021-04-19 09:45:40,792.0,611072
2021-04-19 09:45:41,792.0,611072
2021-04-19 09:45:42,792.0,611177
2021-04-19 09:45:43,792.4,611247
2021-04-19 09:45:44,792.0,611419
2021-04-19 09:45:45,792.3,611694
2021-04-19 09:45:46,792.0,612094
2021-04-19 09:45:46,792.0,612094
2021-04-19 09:45:47,792.0,612094
2021-04-19 09:45:48,792.35,612194
2021-04-19 09:45:51,792.05,612278
2021-04-19 09:45:52,792.05,612278
2021-04-19 09:45:53,792.0,613383
2021-04-19 09:45:54,792.0,613392
2021-04-19 09:45:56,792.05,613535
2021-04-19 09:45:58,792.1,613957
2021-04-19 09:46:01,792.35,614290
2021-04-19 09:46:02,791.4,615289
2021-04-19 09:46:03,791.4,615289
2021-04-19 09:46:05,791.75,615340
2021-04-19 09:46:04,791.4,615289
2021-04-19 09:46:06,791.85,615413
2021-04-19 09:46:07,791.85,615413
2021-04-19 09:46:08,791.8,615425
2021-04-19 09:46:09,791.9,615451
2021-04-19 09:46:10,791.95,615588
2021-04-19 09:46:11,791.95,615588
2021-04-19 09:46:12,791.6,616128
2021-04-19 09:46:13,791.5,616134
2021-04-19 09:46:14,791.9,616140
2021-04-19 09:46:15,791.6,616207
2021-04-19 09:46:16,791.95,616209
2021-04-19 09:46:17,791.95,616210
2021-04-19 09:46:18,791.9,616246
2021-04-19 09:46:19,791.6,616313
2021-04-19 09:46:20,791.6,616313
2021-04-19 09:46:21,791.6,616313
2021-04-19 09:46:22,791.6,616313
2021-04-19 09:46:23,791.9,616670
2021-04-19 09:46:24,791.65,616686
2021-04-19 09:46:25,791.65,616879
2021-04-19 09:46:28,791.4,617385
2021-04-19 09:46:31,791.4,617667
2021-04-19 09:46:32,791.85,617671
2021-04-19 09:46:33,791.9,618288
2021-04-19 09:46:34,791.9,618288
2021-04-19 09:46:35,791.6,618355
2021-04-19 09:46:36,791.95,618661
2021-04-19 09:46:37,792.05,622037
2021-04-19 09:46:38,792.05,622037
2021-04-19 09:46:39,792.6,622282
2021-04-19 09:46:40,792.65,622369
2021-04-19 09:46:41,792.65,622370
2021-04-19 09:46:42,792.65,622375
2021-04-19 09:46:43,792.65,622375
2021-04-19 09:46:44,792.25,622447
2021-04-19 09:46:45,792.25,622447
2021-04-19 09:46:46,792.25,622447
2021-04-19 09:46:47,792.25,622447
2021-04-19 09:46:48,792.25,622447
2021-04-19 09:46:49,792.25,622447
2021-04-19 09:46:50,792.3,622514
2021-04-19 09:46:51,792.3,622514
2021-04-19 09:46:52,792.3,622514
2021-04-19 09:46:53,792.3,622525
2021-04-19 09:46:54,792.65,622633
2021-04-19 09:46:55,792.3,622701
2021-04-19 09:46:56,792.65,622751
2021-04-19 09:46:57,792.65,622751
2021-04-19 09:46:58,792.65,622751
2021-04-19 09:46:59,792.35,622756
2021-04-19 09:47:00,792.35,622830
2021-04-19 09:47:01,792.65,623792
2021-04-19 09:47:02,792.35,623845
2021-04-19 09:47:03,792.35,624099
2021-04-19 09:47:04,792.35,624120
2021-04-19 09:47:05,792.3,624254
2021-04-19 09:47:06,792.3,624254
2021-04-19 09:47:07,792.65,624278
2021-04-19 09:47:08,792.7,624328
2021-04-19 09:47:09,792.85,624384
2021-04-19 09:47:10,792.65,624451
2021-04-19 09:47:11,792.95,624454
2021-04-19 09:47:12,792.95,624454
2021-04-19 09:47:13,792.55,624457
2021-04-19 09:47:14,792.6,624487
2021-04-19 09:47:15,792.7,624596
2021-04-19 09:47:16,792.9,624624
2021-04-19 09:47:17,792.9,624624
2021-04-19 09:47:18,792.55,625608
2021-04-19 09:47:19,792.05,625745
2021-04-19 09:47:20,792.6,625795
2021-04-19 09:47:21,791.9,627808
2021-04-19 09:47:22,792.05,628048
2021-04-19 09:47:23,792.05,628048
2021-04-19 09:47:24,791.7,628129
2021-04-19 09:47:25,792.15,628176
2021-04-19 09:47:26,792.15,628176
2021-04-19 09:47:27,792.0,628385
2021-04-19 09:47:28,792.15,628426
2021-04-19 09:47:29,791.7,628596
2021-04-19 09:47:30,791.7,628596
2021-04-19 09:47:31,791.85,628648
2021-04-19 09:47:32,791.85,628648
2021-04-19 09:47:34,792.25,628742
2021-04-19 09:47:35,792.0,628850
2021-04-19 09:47:36,792.0,628850
2021-04-19 09:47:40,791.9,629215
2021-04-19 09:47:41,791.85,629555
2021-04-19 09:47:42,791.85,629670
2021-04-19 09:47:43,791.85,629670
2021-04-19 09:47:45,792.45,629992
2021-04-19 09:47:44,792.45,629992
2021-04-19 09:47:46,792.45,629992
2021-04-19 09:47:47,792.1,630042
2021-04-19 09:47:48,792.0,630243
2021-04-19 09:47:49,792.0,630243
2021-04-19 09:47:50,792.1,630314
2021-04-19 09:47:51,792.45,630319
2021-04-19 09:47:52,792.2,630419
2021-04-19 09:47:53,792.2,630419
2021-04-19 09:47:54,792.15,630506
2021-04-19 09:47:55,792.15,630506
2021-04-19 09:47:56,792.15,630506
2021-04-19 09:47:57,792.95,631126
2021-04-19 09:47:58,793.15,631131
2021-04-19 09:47:59,793.0,631177
2021-04-19 09:48:00,792.8,631342
2021-04-19 09:48:03,793.0,631417
2021-04-19 09:48:04,793.0,631417
2021-04-19 09:48:05,792.85,631504
2021-04-19 09:48:06,793.0,631649
2021-04-19 09:48:07,793.0,631649
2021-04-19 09:48:08,793.1,631765
2021-04-19 09:48:09,793.15,632132
2021-04-19 09:48:10,792.75,632209
2021-04-19 09:48:11,792.5,632309
2021-04-19 09:48:12,793.15,632313
2021-04-19 09:48:13,792.7,632528
2021-04-19 09:48:14,792.85,632543
2021-04-19 09:48:16,792.85,632637
2021-04-19 09:48:16,792.45,632642
2021-04-19 09:48:19,792.85,632667
2021-04-19 09:48:19,792.85,632667
2021-04-19 09:48:20,792.5,632734
2021-04-19 09:48:21,792.7,632779
2021-04-19 09:48:22,792.5,632791
2021-04-19 09:48:23,792.45,632821
2021-04-19 09:48:24,792.75,632831
2021-04-19 09:48:25,792.3,633401
2021-04-19 09:48:26,792.75,633421
2021-04-19 09:48:27,792.75,633438
2021-04-19 09:48:29,793.0,633501
2021-04-19 09:48:30,793.0,633668
2021-04-19 09:48:31,793.0,633668
2021-04-19 09:48:32,792.5,633818
2021-04-19 09:48:33,792.65,633926
2021-04-19 09:48:34,792.65,633993
2021-04-19 09:48:35,792.65,633993
2021-04-19 09:48:37,793.0,633995
2021-04-19 09:48:37,793.0,633995
2021-04-19 09:48:38,793.0,633998
2021-04-19 09:48:39,793.0,633998
2021-04-19 09:48:40,792.7,634171
2021-04-19 09:48:41,793.0,634176
2021-04-19 09:48:42,793.0,634176
2021-04-19 09:48:43,792.75,635212
2021-04-19 09:48:44,792.75,635217
2021-04-19 09:48:45,792.7,635293
2021-04-19 09:48:46,792.65,635306
2021-04-19 09:48:47,792.6,635311
2021-04-19 09:48:48,792.6,635314
2021-04-19 09:48:49,792.5,635381
2021-04-19 09:48:50,792.6,635517
2021-04-19 09:48:52,792.65,635613
2021-04-19 09:48:53,792.65,635613
2021-04-19 09:48:54,792.7,635730
2021-04-19 09:48:55,792.7,635730
2021-04-19 09:48:56,792.65,635732
2021-04-19 09:48:57,792.65,635732
2021-04-19 09:48:59,792.65,635732
2021-04-19 09:48:59,793.0,635782
2021-04-19 09:49:00,793.2,636519
2021-04-19 09:49:01,793.5,636669
2021-04-19 09:49:02,793.5,636669
2021-04-19 09:49:03,792.8,637019
2021-04-19 09:49:04,792.8,637091
2021-04-19 09:49:05,793.05,637096
2021-04-19 09:49:08,793.15,637116
2021-04-19 09:49:09,792.85,637203
2021-04-19 09:49:11,792.8,637956
2021-04-19 09:49:11,792.8,637956
2021-04-19 09:49:12,793.0,638006
2021-04-19 09:49:13,793.0,638066
2021-04-19 09:49:14,792.7,638084
2021-04-19 09:49:15,792.65,638151
2021-04-19 09:49:16,792.95,638166
2021-04-19 09:49:17,792.6,638258
2021-04-19 09:49:18,792.25,638950
2021-04-19 09:49:19,792.05,638963
2021-04-19 09:49:20,792.25,639063
2021-04-19 09:49:21,792.3,639149
2021-04-19 09:49:22,792.3,639149
2021-04-19 09:49:24,792.3,639149
2021-04-19 09:49:24,792.3,639149
2021-04-19 09:49:25,791.85,640198
2021-04-19 09:49:26,791.85,640198
2021-04-19 09:49:27,792.2,640200
2021-04-19 09:49:29,791.85,640215
2021-04-19 09:49:29,792.2,640345
2021-04-19 09:49:30,791.85,640412
2021-04-19 09:49:31,791.85,640412
2021-04-19 09:49:32,791.85,640412
2021-04-19 09:49:33,791.85,640412
2021-04-19 09:49:34,791.85,640900
2021-04-19 09:49:35,791.85,640900
2021-04-19 09:49:37,792.25,640915
2021-04-19 09:49:37,792.0,640920
2021-04-19 09:49:38,792.25,641120
2021-04-19 09:49:39,791.9,641187
2021-04-19 09:49:40,791.9,641187
2021-04-19 09:49:41,792.2,641444
2021-04-19 09:49:42,792.1,641554
2021-04-19 09:49:43,791.7,641697
2021-04-19 09:49:44,792.15,641851
2021-04-19 09:49:45,791.8,641946
2021-04-19 09:49:46,792.0,641996
2021-04-19 09:49:47,791.95,643314
2021-04-19 09:49:48,792.05,643319
2021-04-19 09:49:49,791.8,643819
2021-04-19 09:49:51,791.8,643819
2021-04-19 09:49:51,792.3,643821
2021-04-19 09:49:52,792.35,643831
2021-04-19 09:49:54,792.1,644103
2021-04-19 09:49:55,792.1,644103
2021-04-19 09:49:56,792.5,644198
2021-04-19 09:49:57,792.5,644198
2021-04-19 09:49:58,792.5,644200
2021-04-19 09:49:59,792.1,644268
2021-04-19 09:50:01,792.45,644278
2021-04-19 09:50:01,792.45,644278
2021-04-19 09:50:02,792.6,644421
2021-04-19 09:50:03,792.3,644701
2021-04-19 09:50:04,792.3,644703
2021-04-19 09:50:05,792.7,644892
2021-04-19 09:50:06,792.6,644901
2021-04-19 09:50:07,792.6,644921
2021-04-19 09:50:08,792.5,645002
2021-04-19 09:50:09,792.5,645108
2021-04-19 09:50:10,792.75,645118
2021-04-19 09:50:11,792.5,645123
2021-04-19 09:50:12,792.5,645723
2021-04-19 09:50:13,792.75,645753
2021-04-19 09:50:14,792.35,645824
2021-04-19 09:50:15,792.75,645924
2021-04-19 09:50:16,792.3,646324
2021-04-19 09:50:17,792.3,646324
2021-04-19 09:50:19,792.25,646526
2021-04-19 09:50:20,792.15,646593
2021-04-19 09:50:21,792.2,646615
2021-04-19 09:50:22,792.2,646615
2021-04-19 09:50:23,792.15,646698
2021-04-19 09:50:24,792.45,646805
2021-04-19 09:50:25,792.15,646872
2021-04-19 09:50:26,792.25,646978
2021-04-19 09:50:27,792.45,646984
2021-04-19 09:50:28,792.45,647151
2021-04-19 09:50:29,792.45,647165
2021-04-19 09:50:31,792.25,647242
2021-04-19 09:50:31,792.25,647242
2021-04-19 09:50:32,792.2,647890
2021-04-19 09:50:33,792.45,647891
2021-04-19 09:50:34,792.45,647891
2021-04-19 09:50:35,792.45,648036
2021-04-19 09:50:37,792.45,648381
2021-04-19 09:50:38,792.45,648381
2021-04-19 09:50:39,792.45,648386
2021-04-19 09:50:40,792.45,648459
2021-04-19 09:50:40,792.2,648468
2021-04-19 09:50:41,792.2,648468
2021-04-19 09:50:42,792.45,648485
2021-04-19 09:50:43,792.15,650426
2021-04-19 09:50:44,792.15,650452
2021-04-19 09:50:45,792.0,650569
2021-04-19 09:50:47,792.0,650569
2021-04-19 09:50:48,792.0,650569
2021-04-19 09:50:49,792.0,650569
2021-04-19 09:50:50,791.8,650636
2021-04-19 09:50:52,792.0,650642
2021-04-19 09:50:53,792.05,650667
2021-04-19 09:50:54,792.05,650805
2021-04-19 09:50:55,791.8,650806
2021-04-19 09:50:56,792.05,650866
2021-04-19 09:50:57,792.0,650893
2021-04-19 09:50:58,792.05,650979
2021-04-19 09:51:00,791.8,651046
2021-04-19 09:51:01,792.0,651162
2021-04-19 09:51:02,792.0,651162
2021-04-19 09:51:03,791.95,651180
2021-04-19 09:51:04,791.7,651182
2021-04-19 09:51:05,791.95,651269
2021-04-19 09:51:05,791.95,651269
2021-04-19 09:51:06,791.95,651370
2021-04-19 09:51:07,791.95,651429
2021-04-19 09:51:09,791.95,651515
2021-04-19 09:51:10,791.8,651582
2021-04-19 09:51:11,791.95,651644
2021-04-19 09:51:11,791.95,651644
2021-04-19 09:51:12,791.95,651718
2021-04-19 09:51:14,791.8,651808
2021-04-19 09:51:15,791.8,651921
2021-04-19 09:51:15,791.8,651921
2021-04-19 09:51:16,791.95,651946
2021-04-19 09:51:17,791.95,652357
2021-04-19 09:51:18,791.55,653012
2021-04-19 09:51:19,790.8,659978
2021-04-19 09:51:20,791.05,660621
2021-04-19 09:51:21,790.65,660829
2021-04-19 09:51:22,790.65,660829
2021-04-19 09:51:23,790.65,660854
2021-04-19 09:51:24,790.65,660986
2021-04-19 09:51:26,790.5,661727
2021-04-19 09:51:27,790.6,661958
2021-04-19 09:51:28,790.7,662012
2021-04-19 09:51:29,791.1,662151
2021-04-19 09:51:30,790.65,662303
2021-04-19 09:51:31,791.1,662313
2021-04-19 09:51:31,791.1,662313
2021-04-19 09:51:32,790.9,662744
2021-04-19 09:51:33,791.4,663105
2021-04-19 09:51:37,791.4,663451
2021-04-19 09:51:37,791.4,663451
2021-04-19 09:51:38,790.8,663719
2021-04-19 09:51:39,790.6,664950
2021-04-19 09:51:40,790.6,665655
2021-04-19 09:51:41,791.25,665856
2021-04-19 09:51:42,791.25,665856
2021-04-19 09:51:43,791.25,665861
2021-04-19 09:51:44,790.75,665989
2021-04-19 09:51:45,791.25,666186
2021-04-19 09:51:46,790.8,666187
2021-04-19 09:51:47,790.85,666405
2021-04-19 09:51:48,791.25,666625
2021-04-19 09:51:51,790.65,666693
2021-04-19 09:51:53,790.65,667016
2021-04-19 09:51:53,790.65,667016
2021-04-19 09:51:54,791.1,667036
2021-04-19 09:51:56,791.1,667153
2021-04-19 09:51:56,790.95,667155
2021-04-19 09:51:58,791.1,667256
2021-04-19 09:51:58,790.7,667257
2021-04-19 09:51:59,791.1,667312
2021-04-19 09:52:00,790.55,667681
2021-04-19 09:52:01,791.1,667791
2021-04-19 09:52:03,791.1,667791
2021-04-19 09:52:04,791.0,667992
2021-04-19 09:52:04,791.0,667992
2021-04-19 09:52:05,790.5,668226
2021-04-19 09:52:06,790.45,669567
2021-04-19 09:52:07,790.9,669667
2021-04-19 09:52:08,790.9,669671
2021-04-19 09:52:10,790.9,669946
2021-04-19 09:52:11,790.45,669971
2021-04-19 09:52:12,791.0,671172
2021-04-19 09:52:13,790.55,671257
2021-04-19 09:52:14,790.95,671406
2021-04-19 09:52:15,790.9,671550
2021-04-19 09:52:16,790.6,671561
2021-04-19 09:52:18,790.6,671604
2021-04-19 09:52:19,790.9,671656
2021-04-19 09:52:19,790.5,671758
2021-04-19 09:52:20,790.85,671768
2021-04-19 09:52:21,790.95,671773
2021-04-19 09:52:23,790.95,671773
2021-04-19 09:52:24,790.85,672833
2021-04-19 09:52:25,790.5,673003
2021-04-19 09:52:26,790.5,673190
2021-04-19 09:52:27,790.8,673191
2021-04-19 09:52:28,790.8,673291
2021-04-19 09:52:29,791.0,673568
2021-04-19 09:52:30,790.5,673900
2021-04-19 09:52:31,790.85,673905
2021-04-19 09:52:32,790.85,673927
2021-04-19 09:52:33,790.9,673993
2021-04-19 09:52:34,791.0,677021
2021-04-19 09:52:35,790.85,677089
2021-04-19 09:52:36,791.15,677359
2021-04-19 09:52:37,791.0,677365
2021-04-19 09:52:38,791.35,677478
2021-04-19 09:52:39,791.35,677481
2021-04-19 09:52:40,790.85,677588
2021-04-19 09:52:41,791.3,677589
2021-04-19 09:52:42,790.85,677591
2021-04-19 09:52:44,790.85,677591
2021-04-19 09:52:45,791.0,677658
2021-04-19 09:52:46,791.25,677660
2021-04-19 09:52:47,791.25,677660
2021-04-19 09:52:48,791.0,677717
2021-04-19 09:52:49,791.4,677813
2021-04-19 09:52:50,791.05,678455
2021-04-19 09:52:51,791.5,678458
2021-04-19 09:52:52,791.45,679680
2021-04-19 09:52:53,791.4,679700
2021-04-19 09:52:54,791.35,679868
2021-04-19 09:52:55,791.85,681800
2021-04-19 09:52:56,791.5,681804
2021-04-19 09:52:57,792.05,681840
2021-04-19 09:52:58,791.7,681845
2021-04-19 09:52:59,791.55,681851
2021-04-19 09:53:00,791.45,681942
2021-04-19 09:53:01,791.8,681949
2021-04-19 09:53:02,791.75,682059
2021-04-19 09:53:03,791.75,682059
2021-04-19 09:53:04,791.7,682062
2021-04-19 09:53:05,791.4,682129
2021-04-19 09:53:06,791.7,682144
2021-04-19 09:53:07,791.7,682144
2021-04-19 09:53:08,791.7,682144
2021-04-19 09:53:09,791.35,682679
2021-04-19 09:53:09,791.7,682684
2021-04-19 09:53:10,791.3,682751
2021-04-19 09:53:12,791.45,682860
2021-04-19 09:53:13,791.9,683060
2021-04-19 09:53:14,791.85,683065
2021-04-19 09:53:15,791.45,683095
2021-04-19 09:53:16,791.4,683162
2021-04-19 09:53:17,791.45,683312
2021-04-19 09:53:18,791.85,683518
2021-04-19 09:53:19,792.05,683578
2021-04-19 09:53:20,791.6,683695
2021-04-19 09:53:21,791.65,683775
2021-04-19 09:53:22,791.8,683780
2021-04-19 09:53:23,791.85,683790
2021-04-19 09:53:24,791.5,683957
2021-04-19 09:53:25,791.85,684072
2021-04-19 09:53:26,792.1,684092
2021-04-19 09:53:27,792.4,684372
2021-04-19 09:53:28,792.05,684377
2021-04-19 09:53:29,792.0,684444
2021-04-19 09:53:29,792.0,684444
2021-04-19 09:53:31,792.15,684469
2021-04-19 09:53:32,791.85,684966
2021-04-19 09:53:33,791.6,685017
2021-04-19 09:53:34,791.9,685192
2021-04-19 09:53:35,791.4,685259
2021-04-19 09:53:36,791.4,685259
2021-04-19 09:53:37,791.4,685259
2021-04-19 09:53:38,791.4,685259
2021-04-19 09:53:39,791.4,685259
2021-04-19 09:53:40,791.75,685332
2021-04-19 09:53:41,791.75,685332
2021-04-19 09:53:43,791.75,685362
2021-04-19 09:53:45,791.4,685433
2021-04-19 09:53:46,791.4,685433
2021-04-19 09:53:47,791.75,685460
2021-04-19 09:53:48,791.75,685460
2021-04-19 09:53:49,791.75,685460
2021-04-19 09:53:51,791.8,685562
2021-04-19 09:53:52,791.8,685573
2021-04-19 09:53:53,791.5,685674
2021-04-19 09:53:53,791.5,685674
2021-04-19 09:53:54,791.55,685841
2021-04-19 09:53:55,791.9,685954
2021-04-19 09:53:56,792.5,687400
2021-04-19 09:53:57,792.05,687650
2021-04-19 09:53:58,792.05,687650
2021-04-19 09:54:00,792.1,687717
2021-04-19 09:54:00,792.5,687718
2021-04-19 09:54:02,792.5,687718
2021-04-19 09:54:03,792.5,687718
2021-04-19 09:54:04,792.45,687884
2021-04-19 09:54:05,792.15,688059
2021-04-19 09:54:06,792.15,688142
2021-04-19 09:54:10,792.6,688377
2021-04-19 09:54:11,792.7,688423
2021-04-19 09:54:12,792.7,688423
2021-04-19 09:54:13,792.5,688428
2021-04-19 09:54:14,792.5,688429
2021-04-19 09:54:15,792.7,688526
2021-04-19 09:54:16,792.7,688561
2021-04-19 09:54:16,792.7,688561
2021-04-19 09:54:17,792.45,688762
2021-04-19 09:54:18,792.5,688772
2021-04-19 09:54:19,792.75,688803
2021-04-19 09:54:20,792.5,688900
2021-04-19 09:54:21,792.5,689067
2021-04-19 09:54:22,792.2,689893
2021-04-19 09:54:23,792.0,690123
2021-04-19 09:54:24,792.25,690323
2021-04-19 09:54:25,792.25,690400
2021-04-19 09:54:27,792.25,690463
2021-04-19 09:54:28,792.25,690463
2021-04-19 09:54:29,792.25,690463
2021-04-19 09:54:30,792.05,690575
2021-04-19 09:54:31,792.0,690975
2021-04-19 09:54:32,792.0,690975
2021-04-19 09:54:33,792.0,690985
2021-04-19 09:54:34,792.0,691055
2021-04-19 09:54:35,792.0,691055
2021-04-19 09:54:36,792.25,691190
2021-04-19 09:54:37,792.0,691191
2021-04-19 09:54:38,792.25,691251
2021-04-19 09:54:39,792.25,691251
2021-04-19 09:54:40,792.0,691318
2021-04-19 09:54:41,792.25,691320
2021-04-19 09:54:42,792.1,691350
2021-04-19 09:54:43,792.25,691400
2021-04-19 09:54:44,792.25,691550
2021-04-19 09:54:45,792.25,691619
2021-04-19 09:54:46,792.55,691957
2021-04-19 09:54:47,792.55,691957
2021-04-19 09:54:48,792.75,691958
2021-04-19 09:54:49,792.35,692025
2021-04-19 09:54:50,791.6,693617
2021-04-19 09:54:51,791.55,694150
2021-04-19 09:54:52,791.3,694661
2021-04-19 09:54:53,791.2,695321
2021-04-19 09:54:54,791.0,696179
2021-04-19 09:54:55,790.8,696820
2021-04-19 09:54:56,790.75,697330
2021-04-19 09:54:56,790.75,697330
2021-04-19 09:54:57,791.6,697366
2021-04-19 09:54:58,791.65,697445
2021-04-19 09:54:59,791.55,697545
2021-04-19 09:55:00,791.55,697628
2021-04-19 09:55:02,791.4,698000
2021-04-19 09:55:03,791.75,698067
2021-04-19 09:55:04,792.1,698315
2021-04-19 09:55:05,791.7,698382
2021-04-19 09:55:06,792.05,698414
2021-04-19 09:55:07,792.05,698414
2021-04-19 09:55:08,792.2,698702
2021-04-19 09:55:09,792.5,699503
2021-04-19 09:55:10,792.9,700224
2021-04-19 09:55:11,792.55,700229
2021-04-19 09:55:12,793.0,700669
2021-04-19 09:55:13,792.55,700850
2021-04-19 09:55:14,793.0,701077
2021-04-19 09:55:15,793.45,703471
2021-04-19 09:55:16,793.35,703768
2021-04-19 09:55:17,793.35,703768
2021-04-19 09:55:18,793.3,703934
2021-04-19 09:55:19,793.3,704121
2021-04-19 09:55:20,793.15,704198
2021-04-19 09:55:21,793.2,704208
2021-04-19 09:55:22,793.65,704305
2021-04-19 09:55:23,793.2,704388
2021-04-19 09:55:24,793.6,704394
2021-04-19 09:55:25,793.25,704461
2021-04-19 09:55:26,793.2,704462
2021-04-19 09:55:27,793.65,704704
2021-04-19 09:55:28,793.65,704704
2021-04-19 09:55:29,793.0,705031
2021-04-19 09:55:30,793.65,705193
2021-04-19 09:55:30,793.65,705195
2021-04-19 09:55:31,793.65,705248
2021-04-19 09:55:32,793.85,705857
2021-04-19 09:55:34,793.65,705897
2021-04-19 09:55:35,793.2,706047
2021-04-19 09:55:36,793.2,706525
2021-04-19 09:55:37,793.25,706891
2021-04-19 09:55:38,793.2,706983
2021-04-19 09:55:39,793.5,707084
2021-04-19 09:55:40,793.2,707171
2021-04-19 09:55:41,793.2,707171
2021-04-19 09:55:42,793.85,708058
2021-04-19 09:55:43,793.85,708058
2021-04-19 09:55:44,793.5,708063
2021-04-19 09:55:45,793.8,708333
2021-04-19 09:55:46,793.5,708460
2021-04-19 09:55:47,793.5,708460
2021-04-19 09:55:48,793.5,708460
2021-04-19 09:55:49,793.5,708894
2021-04-19 09:55:50,793.95,709099
2021-04-19 09:55:51,793.5,709102
2021-04-19 09:55:52,794.15,711851
2021-04-19 09:55:52,793.65,711861
2021-04-19 09:55:53,794.05,711871
2021-04-19 09:55:55,793.85,711939
2021-04-19 09:55:56,793.85,711939
2021-04-19 09:55:57,794.05,711940
2021-04-19 09:55:58,793.6,712050
2021-04-19 09:55:59,793.6,712050
2021-04-19 09:56:00,794.1,712152
2021-04-19 09:56:01,794.1,712152
2021-04-19 09:56:02,794.1,712152
2021-04-19 09:56:04,794.1,712287
2021-04-19 09:56:06,794.1,712806
2021-04-19 09:56:07,794.4,713007
2021-04-19 09:56:08,794.4,713007
2021-04-19 09:56:09,794.1,713058
2021-04-19 09:56:10,794.1,713396
2021-04-19 09:56:12,794.65,713960
2021-04-19 09:56:13,794.45,713990
2021-04-19 09:56:13,794.6,714015
2021-04-19 09:56:14,794.45,714082
2021-04-19 09:56:15,794.1,714482
2021-04-19 09:56:17,794.55,714632
2021-04-19 09:56:19,794.55,714632
2021-04-19 09:56:21,794.5,714705
2021-04-19 09:56:22,794.55,714805
2021-04-19 09:56:23,794.55,714805
2021-04-19 09:56:24,794.5,714806
2021-04-19 09:56:25,794.5,715353
2021-04-19 09:56:26,794.55,715995
2021-04-19 09:56:27,794.55,715995
2021-04-19 09:56:28,794.55,715995
2021-04-19 09:56:28,794.55,715995
2021-04-19 09:56:29,794.2,716062
2021-04-19 09:56:30,794.15,716142
2021-04-19 09:56:31,794.5,716143
2021-04-19 09:56:32,794.5,716143
2021-04-19 09:56:34,794.5,716143
2021-04-19 09:56:35,794.15,716231
2021-04-19 09:56:36,794.6,716750
2021-04-19 09:56:37,794.7,716795
2021-04-19 09:56:37,794.7,716795
2021-04-19 09:56:38,794.7,716795
2021-04-19 09:56:41,794.7,716908
2021-04-19 09:56:42,794.7,717067
2021-04-19 09:56:44,794.7,717093
2021-04-19 09:56:45,794.95,717240
2021-04-19 09:56:46,794.95,717240
2021-04-19 09:56:47,794.95,717241
2021-04-19 09:56:48,795.1,718059
2021-04-19 09:56:49,794.65,718629
2021-04-19 09:56:50,795.05,718712
2021-04-19 09:56:51,795.05,718712
2021-04-19 09:56:52,795.1,718999
2021-04-19 09:56:53,795.1,718999
2021-04-19 09:56:54,795.2,719385
2021-04-19 09:56:55,795.15,719485
2021-04-19 09:56:56,795.15,719672
2021-04-19 09:56:57,795.15,719754
2021-04-19 09:56:58,795.15,720420
2021-04-19 09:56:59,795.1,720487
2021-04-19 09:57:00,795.45,720497
2021-04-19 09:57:02,795.15,720576
2021-04-19 09:57:01,795.45,720497
2021-04-19 09:57:03,795.55,720586
2021-04-19 09:57:04,795.15,720654
2021-04-19 09:57:05,795.6,720754
2021-04-19 09:57:06,795.25,720794
2021-04-19 09:57:07,795.25,720828
2021-04-19 09:57:08,795.25,720828
2021-04-19 09:57:09,795.6,720847
2021-04-19 09:57:10,795.15,720914
2021-04-19 09:57:11,795.15,720914
2021-04-19 09:57:12,795.0,721314
2021-04-19 09:57:13,795.15,721334
2021-04-19 09:57:14,794.6,722501
2021-04-19 09:57:15,794.6,722501
2021-04-19 09:57:16,795.0,722526
2021-04-19 09:57:17,795.15,722533
2021-04-19 09:57:18,795.15,722533
2021-04-19 09:57:19,794.6,722783
2021-04-19 09:57:20,794.5,722886
2021-04-19 09:57:21,794.8,722915
2021-04-19 09:57:22,794.8,722997
2021-04-19 09:57:23,795.0,724003
2021-04-19 09:57:24,794.6,724009
2021-04-19 09:57:25,794.5,724081
2021-04-19 09:57:26,794.9,724131
2021-04-19 09:57:27,794.9,724131
2021-04-19 09:57:28,794.55,724236
2021-04-19 09:57:29,794.55,724246
2021-04-19 09:57:30,794.55,724428
2021-04-19 09:57:31,794.9,724481
2021-04-19 09:57:32,794.9,724481
2021-04-19 09:57:33,794.95,724542
2021-04-19 09:57:34,795.0,724973
2021-04-19 09:57:35,795.25,725182
2021-04-19 09:57:36,795.0,725279
2021-04-19 09:57:37,795.45,725304
2021-04-19 09:57:38,794.95,725504
2021-04-19 09:57:39,794.95,725509
2021-04-19 09:57:40,795.45,726191
2021-04-19 09:57:41,795.45,726191
2021-04-19 09:57:42,795.4,726292
2021-04-19 09:57:43,795.4,726292
2021-04-19 09:57:44,795.45,726293
2021-04-19 09:57:45,795.05,726360
2021-04-19 09:57:46,795.4,726460
2021-04-19 09:57:47,795.4,726461
2021-04-19 09:57:48,795.05,726545
2021-04-19 09:57:49,795.05,726545
2021-04-19 09:57:50,795.05,726712
2021-04-19 09:57:51,795.05,726822
2021-04-19 09:57:52,795.35,726872
2021-04-19 09:57:53,795.05,726882
2021-04-19 09:57:54,795.05,726882
2021-04-19 09:57:55,795.35,726958
2021-04-19 09:57:56,795.35,726958
2021-04-19 09:57:57,795.35,726958
2021-04-19 09:57:59,795.35,726969
2021-04-19 09:57:58,795.35,726969
2021-04-19 09:58:00,795.35,727036
2021-04-19 09:58:01,795.4,727041
2021-04-19 09:58:02,795.4,727043
2021-04-19 09:58:03,795.1,727443
2021-04-19 09:58:04,795.1,727443
2021-04-19 09:58:05,795.1,727516
2021-04-19 09:58:06,795.3,727520
2021-04-19 09:58:07,795.3,727524
2021-04-19 09:58:08,795.4,727559
2021-04-19 09:58:09,795.4,727559
2021-04-19 09:58:10,795.4,727559
2021-04-19 09:58:11,795.55,729374
2021-04-19 09:58:12,795.55,729374
2021-04-19 09:58:13,795.6,729378
2021-04-19 09:58:14,795.3,729445
2021-04-19 09:58:15,795.3,729445
2021-04-19 09:58:16,795.3,729445
2021-04-19 09:58:17,795.3,729555
2021-04-19 09:58:18,795.15,729905
2021-04-19 09:58:19,795.15,729972
2021-04-19 09:58:20,795.2,730122
2021-04-19 09:58:21,795.2,730122
2021-04-19 09:58:22,795.2,730122
2021-04-19 09:58:23,795.15,730524
2021-04-19 09:58:24,795.15,730524
2021-04-19 09:58:25,795.15,730591
2021-04-19 09:58:26,795.15,730591
2021-04-19 09:58:27,795.55,730691
2021-04-19 09:58:28,795.55,730701
2021-04-19 09:58:29,795.3,730778
2021-04-19 09:58:30,795.3,730778
2021-04-19 09:58:31,795.55,730782
2021-04-19 09:58:33,795.55,730842
2021-04-19 09:58:34,795.3,730909
2021-04-19 09:58:36,795.5,731021
2021-04-19 09:58:37,795.5,731021
2021-04-19 09:58:38,795.5,731021
2021-04-19 09:58:39,795.5,731047
2021-04-19 09:58:40,795.3,731114
2021-04-19 09:58:41,795.5,731116
2021-04-19 09:58:42,795.5,731116
2021-04-19 09:58:43,795.5,731116
2021-04-19 09:58:45,795.5,731184
2021-04-19 09:58:44,795.3,731183
2021-04-19 09:58:46,795.85,732524
2021-04-19 09:58:47,795.85,732524
2021-04-19 09:58:48,795.4,732649
2021-04-19 09:58:49,795.4,732649
2021-04-19 09:58:50,795.3,732716
2021-04-19 09:58:51,795.3,732716
2021-04-19 09:58:52,795.3,732725
2021-04-19 09:58:53,795.95,732810
2021-04-19 09:58:54,795.75,732811
2021-04-19 09:58:56,795.5,732878
2021-04-19 09:58:56,795.5,732878
2021-04-19 09:58:57,795.5,732879
2021-04-19 09:58:58,795.5,732879
2021-04-19 09:58:59,795.95,732910
2021-04-19 09:59:00,795.5,733027
2021-04-19 09:59:01,795.4,733427
2021-04-19 09:59:02,795.4,733427
2021-04-19 09:59:03,795.75,733529
2021-04-19 09:59:04,796.0,736098
2021-04-19 09:59:05,796.2,736187
2021-04-19 09:59:07,796.2,736187
2021-04-19 09:59:07,796.2,736187
2021-04-19 09:59:08,796.2,736188
2021-04-19 09:59:09,796.2,736188
2021-04-19 09:59:10,796.05,736272
2021-04-19 09:59:11,796.05,736372
2021-04-19 09:59:12,796.2,736373
2021-04-19 09:59:13,796.4,736428
2021-04-19 09:59:14,796.4,736429
2021-04-19 09:59:15,796.2,736496
2021-04-19 09:59:16,796.2,736546
2021-04-19 09:59:17,796.45,736725
2021-04-19 09:59:18,796.2,736741
2021-04-19 09:59:19,796.4,736751
2021-04-19 09:59:20,796.2,737008
2021-04-19 09:59:21,796.45,737071
2021-04-19 09:59:22,796.45,737101
2021-04-19 09:59:23,796.45,737198
2021-04-19 09:59:24,796.2,737328
2021-04-19 09:59:25,796.45,737448
2021-04-19 09:59:26,796.45,737453
2021-04-19 09:59:27,796.2,737465
2021-04-19 09:59:28,796.8,739208
2021-04-19 09:59:29,796.75,739425
2021-04-19 09:59:30,796.8,739659
2021-04-19 09:59:31,796.85,739815
2021-04-19 09:59:32,796.85,739816
2021-04-19 09:59:33,796.85,739817
2021-04-19 09:59:34,796.95,740375
2021-04-19 09:59:35,796.8,740582
2021-04-19 09:59:37,796.8,741279
2021-04-19 09:59:37,796.8,741322
2021-04-19 09:59:38,796.85,741703
2021-04-19 09:59:39,796.8,742161
2021-04-19 09:59:40,796.8,742161
2021-04-19 09:59:41,796.8,742161
2021-04-19 09:59:42,796.8,742171
2021-04-19 09:59:43,796.8,742171
2021-04-19 09:59:44,796.8,742388
2021-04-19 09:59:46,796.95,742469
2021-04-19 09:59:46,797.0,743199
2021-04-19 09:59:47,797.1,743309
2021-04-19 09:59:48,797.1,743312
2021-04-19 09:59:50,797.1,743839
2021-04-19 09:59:50,797.1,743839
2021-04-19 09:59:51,797.0,747922
2021-04-19 09:59:52,797.0,747922
2021-04-19 09:59:53,797.1,747937
2021-04-19 09:59:54,797.1,747937
2021-04-19 09:59:55,796.45,749454
2021-04-19 09:59:56,796.5,749460
2021-04-19 09:59:57,796.65,749760
2021-04-19 09:59:58,796.65,749760
2021-04-19 09:59:59,796.55,749829
2021-04-19 10:00:00,796.5,749897
2021-04-19 10:00:01,796.4,749899
2021-04-19 10:00:02,796.4,749936
2021-04-19 10:00:03,795.85,750325
2021-04-19 10:00:04,795.6,750335
2021-04-19 10:00:05,795.8,750715
2021-04-19 10:00:06,795.8,750760
2021-04-19 10:00:08,795.5,750833
2021-04-19 10:00:08,795.5,750833
2021-04-19 10:00:09,795.95,751083
2021-04-19 10:00:10,795.5,751150
2021-04-19 10:00:11,795.8,751151
2021-04-19 10:00:12,796.0,751193
2021-04-19 10:00:13,796.0,751193
2021-04-19 10:00:14,796.0,751194
2021-04-19 10:00:15,795.8,751261
2021-04-19 10:00:16,795.8,752150
2021-04-19 10:00:17,795.0,753099
2021-04-19 10:00:18,795.0,753099
2021-04-19 10:00:19,795.0,753099
2021-04-19 10:00:20,794.9,753536
2021-04-19 10:00:21,794.75,753591
2021-04-19 10:00:22,794.7,753592
2021-04-19 10:00:24,794.8,753871
2021-04-19 10:00:25,794.3,753938
2021-04-19 10:00:26,794.3,753938
2021-04-19 10:00:28,794.3,753938
2021-04-19 10:00:29,794.3,753938
2021-04-19 10:00:29,794.3,753938
2021-04-19 10:00:30,794.15,754035
2021-04-19 10:00:31,793.95,754471
2021-04-19 10:00:32,793.95,754471
2021-04-19 10:00:33,794.45,754524
2021-04-19 10:00:34,794.1,755098
2021-04-19 10:00:35,794.4,755102
2021-04-19 10:00:36,794.45,755412
2021-04-19 10:00:37,794.45,755425
2021-04-19 10:00:38,794.1,755458
2021-04-19 10:00:39,794.1,755543
2021-04-19 10:00:41,794.35,755606
2021-04-19 10:00:41,794.35,755606
2021-04-19 10:00:42,794.35,755606
2021-04-19 10:00:43,794.35,755616
2021-04-19 10:00:44,794.1,755683
2021-04-19 10:00:45,794.1,755683
2021-04-19 10:00:46,794.35,755703
2021-04-19 10:00:47,794.1,755803
2021-04-19 10:00:48,794.25,755925
2021-04-19 10:00:50,793.8,755992
2021-04-19 10:00:50,793.8,755992
2021-04-19 10:00:51,794.1,756014
2021-04-19 10:00:52,794.1,756017
2021-04-19 10:00:53,794.1,756032
2021-04-19 10:00:54,793.7,756139
2021-04-19 10:00:55,793.7,756139
2021-04-19 10:00:56,794.05,756147
2021-04-19 10:00:58,794.05,756173
2021-04-19 10:00:59,793.7,756463
2021-04-19 10:01:00,793.75,756630
2021-04-19 10:01:00,793.75,756630
2021-04-19 10:01:01,794.05,756650
2021-04-19 10:01:02,793.4,758950
2021-04-19 10:01:03,793.4,758950
2021-04-19 10:01:04,793.5,759047
2021-04-19 10:01:06,793.85,759052
2021-04-19 10:01:08,793.85,759067
2021-04-19 10:01:09,793.85,759067
2021-04-19 10:01:10,793.45,759134
2021-04-19 10:01:11,793.45,759134
2021-04-19 10:01:12,793.85,759322
2021-04-19 10:01:12,794.1,759368
2021-04-19 10:01:13,794.0,759478
2021-04-19 10:01:14,794.0,759478
2021-04-19 10:01:15,793.8,759545
2021-04-19 10:01:17,794.6,759679
2021-04-19 10:01:18,794.7,759729
2021-04-19 10:01:19,794.5,759836
2021-04-19 10:01:21,794.8,759844
2021-04-19 10:01:22,794.8,759844
2021-04-19 10:01:23,794.8,759844
2021-04-19 10:01:24,794.5,759888
2021-04-19 10:01:24,794.5,759888
2021-04-19 10:01:25,794.6,759956
2021-04-19 10:01:26,794.6,759956
2021-04-19 10:01:27,794.6,759966
2021-04-19 10:01:28,794.5,760050
2021-04-19 10:01:29,794.5,760050
2021-04-19 10:01:30,794.25,760117
2021-04-19 10:01:32,794.5,760142
2021-04-19 10:01:33,794.5,760142
2021-04-19 10:01:34,794.5,760142
2021-04-19 10:01:34,794.5,760142
2021-04-19 10:01:35,794.5,760210
2021-04-19 10:01:36,794.5,760210
2021-04-19 10:01:37,794.5,760210
2021-04-19 10:01:38,794.5,760210
2021-04-19 10:01:39,794.5,760210
2021-04-19 10:01:42,794.5,760281
2021-04-19 10:01:43,794.5,760281
2021-04-19 10:01:44,794.5,760281
2021-04-19 10:01:44,794.5,760281
2021-04-19 10:01:45,794.3,760381
2021-04-19 10:01:46,794.3,760416
2021-04-19 10:01:47,794.3,760494
2021-04-19 10:01:49,794.3,760565
2021-04-19 10:01:50,794.3,760608
2021-04-19 10:01:52,794.35,760618
2021-04-19 10:01:53,794.35,760655
2021-04-19 10:01:53,794.35,760655
2021-04-19 10:01:55,794.3,760759
2021-04-19 10:01:56,794.35,760779
2021-04-19 10:01:57,794.35,760779
2021-04-19 10:01:58,794.35,760865
2021-04-19 10:01:59,793.4,761145
2021-04-19 10:02:00,793.75,761160
2021-04-19 10:02:01,793.75,761160
2021-04-19 10:02:02,793.75,761266
2021-04-19 10:02:03,793.75,761266
2021-04-19 10:02:05,793.75,761544
2021-04-19 10:02:06,793.75,761544
2021-04-19 10:02:07,793.75,761553
2021-04-19 10:02:07,793.75,761553
2021-04-19 10:02:08,793.75,761553
2021-04-19 10:02:09,793.2,762150
2021-04-19 10:02:10,793.6,762175
2021-04-19 10:02:11,793.6,762199
2021-04-19 10:02:15,793.5,762438
2021-04-19 10:02:16,793.5,762438
2021-04-19 10:02:17,793.75,762469
2021-04-19 10:02:18,794.0,762484
2021-04-19 10:02:19,794.1,762604
2021-04-19 10:02:20,793.8,762671
2021-04-19 10:02:21,793.95,762684
2021-04-19 10:02:22,793.95,762684
2021-04-19 10:02:23,794.0,762704
2021-04-19 10:02:24,794.0,762704
2021-04-19 10:02:25,794.0,762828
2021-04-19 10:02:26,794.0,762828
2021-04-19 10:02:27,794.0,762830
2021-04-19 10:02:28,794.0,762840
2021-04-19 10:02:29,793.8,763054
2021-04-19 10:02:30,793.8,763054
2021-04-19 10:02:31,793.8,763054
2021-04-19 10:02:32,793.8,763054
2021-04-19 10:02:33,793.8,763054
2021-04-19 10:02:34,793.8,763054
2021-04-19 10:02:35,794.3,763238
2021-04-19 10:02:36,794.3,763238
2021-04-19 10:02:37,794.15,763239
2021-04-19 10:02:38,794.15,763239
2021-04-19 10:02:39,794.15,763289
2021-04-19 10:02:40,794.15,763356
2021-04-19 10:02:41,794.65,764128
2021-04-19 10:02:42,794.6,764129
2021-04-19 10:02:43,794.15,764213
2021-04-19 10:02:44,794.45,764214
2021-04-19 10:02:45,794.15,764281
2021-04-19 10:02:46,794.15,764291
2021-04-19 10:02:47,794.15,764291
2021-04-19 10:02:49,794.15,764291
2021-04-19 10:02:50,794.0,764358
2021-04-19 10:02:50,794.0,764358
2021-04-19 10:02:51,794.0,764358
2021-04-19 10:02:52,794.4,764363
2021-04-19 10:02:54,794.15,764411
2021-04-19 10:02:56,794.0,764478
2021-04-19 10:02:57,794.15,764497
2021-04-19 10:02:58,794.15,764507
2021-04-19 10:02:59,794.05,764603
2021-04-19 10:03:00,794.15,765171
2021-04-19 10:03:01,794.15,765171
2021-04-19 10:03:02,794.15,765171
2021-04-19 10:03:03,794.15,765181
2021-04-19 10:03:04,794.15,765376
2021-04-19 10:03:05,794.45,765481
2021-04-19 10:03:08,794.45,765481
2021-04-19 10:03:09,794.15,765548
2021-04-19 10:03:10,794.55,765672
2021-04-19 10:03:12,794.2,765673
2021-04-19 10:03:12,794.2,765673
2021-04-19 10:03:14,794.2,765673
2021-04-19 10:03:14,794.15,765740
2021-04-19 10:03:15,794.15,765740
2021-04-19 10:03:16,794.2,765800
2021-04-19 10:03:17,794.2,765800
2021-04-19 10:03:18,794.6,765929
2021-04-19 10:03:19,794.35,765996
2021-04-19 10:03:20,794.35,765996
2021-04-19 10:03:21,794.65,766179
2021-04-19 10:03:22,794.55,766184
2021-04-19 10:03:24,794.5,766292
2021-04-19 10:03:25,794.2,766359
2021-04-19 10:03:26,794.2,766359
2021-04-19 10:03:26,794.65,767641
2021-04-19 10:03:27,794.15,767724
2021-04-19 10:03:30,794.2,767934
2021-04-19 10:03:31,794.2,768100
2021-04-19 10:03:32,794.2,768100
2021-04-19 10:03:32,794.2,768100
2021-04-19 10:03:33,794.2,768100
2021-04-19 10:03:35,794.15,768409
2021-04-19 10:03:36,794.15,768409
2021-04-19 10:03:37,794.15,768409
2021-04-19 10:03:38,794.55,768434
2021-04-19 10:03:39,794.55,768434
2021-04-19 10:03:40,794.2,768502
2021-04-19 10:03:41,794.2,768702
2021-04-19 10:03:42,794.2,768902
2021-04-19 10:03:42,794.2,768902
2021-04-19 10:03:43,794.5,768903
2021-04-19 10:03:45,794.25,768970
2021-04-19 10:03:46,794.5,769020
2021-04-19 10:03:47,794.35,769029
2021-04-19 10:03:48,794.35,769029
2021-04-19 10:03:49,794.15,769279
2021-04-19 10:03:50,794.3,769379
2021-04-19 10:03:51,794.6,769442
2021-04-19 10:03:52,794.65,769514
2021-04-19 10:03:53,794.6,769542
2021-04-19 10:03:54,794.6,769548
2021-04-19 10:03:55,794.35,769615
2021-04-19 10:03:56,794.35,769615
2021-04-19 10:03:57,794.35,769615
2021-04-19 10:03:58,794.35,769615
2021-04-19 10:03:59,794.4,769619
2021-04-19 10:04:00,794.3,769686
2021-04-19 10:04:01,794.6,769687
2021-04-19 10:04:02,794.6,769687
2021-04-19 10:04:03,794.6,769687
2021-04-19 10:04:03,794.6,769714
2021-04-19 10:04:05,794.6,769914
2021-04-19 10:04:06,794.35,769981
2021-04-19 10:04:07,794.35,769981
2021-04-19 10:04:08,794.6,770051
2021-04-19 10:04:09,794.6,770081
2021-04-19 10:04:10,794.35,770148
2021-04-19 10:04:10,794.35,770148
2021-04-19 10:04:12,794.35,770148
2021-04-19 10:04:12,794.6,770159
2021-04-19 10:04:13,794.6,770159
2021-04-19 10:04:14,794.5,770226
2021-04-19 10:04:15,794.9,770288
2021-04-19 10:04:16,794.9,770303
2021-04-19 10:04:18,794.85,770318
2021-04-19 10:04:19,794.55,770385
2021-04-19 10:04:20,794.55,770385
2021-04-19 10:04:21,794.55,770385
2021-04-19 10:04:21,794.55,770385
2021-04-19 10:04:23,795.0,771410
2021-04-19 10:04:24,794.55,771477
2021-04-19 10:04:25,794.55,771477
2021-04-19 10:04:26,794.55,771477
2021-04-19 10:04:27,794.55,771477
2021-04-19 10:04:27,794.55,771477
2021-04-19 10:04:29,794.55,771569
2021-04-19 10:04:30,794.55,771569
2021-04-19 10:04:31,794.6,771688
2021-04-19 10:04:32,794.6,771688
2021-04-19 10:04:33,794.6,771698
2021-04-19 10:04:34,794.6,771698
2021-04-19 10:04:35,794.6,771767
2021-04-19 10:04:36,795.0,771782
2021-04-19 10:04:37,795.0,771782
2021-04-19 10:04:37,795.0,771782
2021-04-19 10:04:39,795.0,771782
2021-04-19 10:04:39,794.6,771849
2021-04-19 10:04:40,794.6,771849
2021-04-19 10:04:42,795.0,771859
2021-04-19 10:04:43,795.0,771864
2021-04-19 10:04:43,795.0,771864
2021-04-19 10:04:44,794.65,771931
2021-04-19 10:04:45,795.0,771991
2021-04-19 10:04:46,795.0,771991
2021-04-19 10:04:47,795.0,771994
2021-04-19 10:04:49,795.0,771994
2021-04-19 10:04:50,794.65,772061
2021-04-19 10:04:50,794.65,772061
2021-04-19 10:04:51,794.65,772061
2021-04-19 10:04:52,794.95,772164
2021-04-19 10:04:53,794.95,772164
2021-04-19 10:04:54,794.65,772357
2021-04-19 10:04:55,794.65,772357
2021-04-19 10:04:56,794.65,772357
2021-04-19 10:04:57,794.65,772364
2021-04-19 10:04:59,794.95,772466
2021-04-19 10:05:00,794.95,772555
2021-04-19 10:05:01,794.95,772555
2021-04-19 10:05:02,794.95,772560
2021-04-19 10:05:03,794.95,772560
2021-04-19 10:05:04,794.95,772560
2021-04-19 10:05:05,794.65,772627
2021-04-19 10:05:06,794.95,772742
2021-04-19 10:05:07,794.95,772829
2021-04-19 10:05:08,794.85,772925
2021-04-19 10:05:09,794.95,772939
2021-04-19 10:05:10,794.7,773105
2021-04-19 10:05:11,794.95,773108
2021-04-19 10:05:12,794.95,773109
2021-04-19 10:05:13,794.95,773109
2021-04-19 10:05:14,794.95,773110
2021-04-19 10:05:15,794.95,773197
2021-04-19 10:05:16,794.7,773200
2021-04-19 10:05:17,795.0,773298
2021-04-19 10:05:18,795.0,773298
2021-04-19 10:05:19,794.7,773549
2021-04-19 10:05:19,795.0,773551
2021-04-19 10:05:20,795.0,773722
2021-04-19 10:05:21,795.0,773722
2021-04-19 10:05:23,795.0,773722
2021-04-19 10:05:23,794.95,773736
2021-04-19 10:05:25,794.65,773803
2021-04-19 10:05:26,794.65,773803
2021-04-19 10:05:27,794.65,773803
2021-04-19 10:05:28,794.65,773803
2021-04-19 10:05:29,794.55,773870
2021-04-19 10:05:30,794.95,774170
2021-04-19 10:05:31,794.95,774175
2021-04-19 10:05:32,794.95,774175
2021-04-19 10:05:33,794.95,774195
2021-04-19 10:05:33,794.95,774195
2021-04-19 10:05:35,794.5,774263
2021-04-19 10:05:36,794.5,774293
2021-04-19 10:05:37,794.55,774320
2021-04-19 10:05:37,794.55,774320
2021-04-19 10:05:39,794.65,774531
2021-04-19 10:05:40,794.9,774617
2021-04-19 10:05:41,794.95,774621
2021-04-19 10:05:42,794.5,774622
2021-04-19 10:05:43,794.5,774622
2021-04-19 10:05:44,794.5,774689
2021-04-19 10:05:45,794.55,774727
2021-04-19 10:05:46,794.8,774732
2021-04-19 10:05:47,794.95,775733
2021-04-19 10:05:47,794.95,775738
2021-04-19 10:05:49,794.8,776192
2021-04-19 10:05:50,794.8,776259
2021-04-19 10:05:51,795.0,776390
2021-04-19 10:05:52,795.0,776416
2021-04-19 10:05:54,795.2,776436
2021-04-19 10:05:55,795.2,776566
2021-04-19 10:05:56,795.25,776586
2021-04-19 10:05:57,795.0,776822
2021-04-19 10:05:58,795.3,776913
2021-04-19 10:05:59,795.3,776913
2021-04-19 10:06:00,795.0,777000
2021-04-19 10:06:01,795.4,777121
2021-04-19 10:06:02,795.5,777146
2021-04-19 10:06:03,795.5,777146
2021-04-19 10:06:04,795.5,777146
2021-04-19 10:06:05,795.55,777404
2021-04-19 10:06:05,795.55,777404
2021-04-19 10:06:06,795.6,777415
2021-04-19 10:06:08,795.9,777510
2021-04-19 10:06:09,795.9,777510
2021-04-19 10:06:10,796.0,778540
2021-04-19 10:06:11,796.1,779191
2021-04-19 10:06:11,796.4,779246
2021-04-19 10:06:12,796.45,779345
2021-04-19 10:06:13,796.65,779370
2021-04-19 10:06:14,796.65,781040
2021-04-19 10:06:16,796.85,781250
2021-04-19 10:06:17,796.9,781510
2021-04-19 10:06:18,797.25,786479
2021-04-19 10:06:19,797.6,786489
2021-04-19 10:06:20,797.35,786556
2021-04-19 10:06:22,797.5,788410
2021-04-19 10:06:23,797.5,788423
2021-04-19 10:06:24,797.95,788425
2021-04-19 10:06:24,797.95,788425
2021-04-19 10:06:25,797.5,788492
2021-04-19 10:06:26,797.55,788497
2021-04-19 10:06:27,797.55,788814
2021-04-19 10:06:29,797.45,789227
2021-04-19 10:06:30,797.4,790395
2021-04-19 10:06:30,797.4,790396
2021-04-19 10:06:31,797.4,790521
2021-04-19 10:06:33,797.85,790633
2021-04-19 10:06:34,797.85,790633
2021-04-19 10:06:35,797.85,790633
2021-04-19 10:06:36,797.4,790703
2021-04-19 10:06:37,797.8,791061
2021-04-19 10:06:38,797.4,791131
2021-04-19 10:06:39,797.35,791198
2021-04-19 10:06:40,797.35,791418
2021-04-19 10:06:41,797.55,791428
2021-04-19 10:06:42,797.55,791428
2021-04-19 10:06:43,797.65,791530
2021-04-19 10:06:44,797.65,791605
2021-04-19 10:06:44,797.65,791605
2021-04-19 10:06:45,797.35,791612
2021-04-19 10:06:46,797.35,791730
2021-04-19 10:06:48,797.65,791735
2021-04-19 10:06:49,797.2,791785
2021-04-19 10:06:50,797.6,791870
2021-04-19 10:06:51,797.6,791880
2021-04-19 10:06:52,797.0,791982
2021-04-19 10:06:53,797.55,792063
2021-04-19 10:06:54,797.5,792135
2021-04-19 10:06:55,797.1,792175
2021-04-19 10:06:56,797.45,792184
2021-04-19 10:06:57,797.45,792184
2021-04-19 10:06:58,797.5,792995
2021-04-19 10:06:59,797.2,793162
2021-04-19 10:07:00,797.4,794583
2021-04-19 10:07:01,797.4,794583
2021-04-19 10:07:02,797.0,794686
2021-04-19 10:07:03,797.35,794696
2021-04-19 10:07:04,797.0,794801
2021-04-19 10:07:06,797.0,795234
2021-04-19 10:07:06,797.0,795246
2021-04-19 10:07:07,797.35,796246
2021-04-19 10:07:09,797.0,796471
2021-04-19 10:07:10,797.0,796538
2021-04-19 10:07:11,797.0,796538
2021-04-19 10:07:12,797.3,796553
2021-04-19 10:07:13,797.0,796563
2021-04-19 10:07:14,797.3,796582
2021-04-19 10:07:15,797.0,796700
2021-04-19 10:07:16,796.8,796945
2021-04-19 10:07:17,797.0,796995
2021-04-19 10:07:18,797.2,796998
2021-04-19 10:07:19,796.65,797101
2021-04-19 10:07:20,796.65,797101
2021-04-19 10:07:21,797.0,797489
2021-04-19 10:07:22,797.0,797502
2021-04-19 10:07:23,797.35,797655
2021-04-19 10:07:24,797.05,797767
2021-04-19 10:07:25,797.05,797834
2021-04-19 10:07:26,797.35,797868
2021-04-19 10:07:27,797.4,797968
2021-04-19 10:07:29,797.05,798009
2021-04-19 10:07:30,797.2,798099
2021-04-19 10:07:31,797.2,798100
2021-04-19 10:07:32,797.05,798128
2021-04-19 10:07:33,797.2,798129
2021-04-19 10:07:34,797.2,798129
2021-04-19 10:07:35,797.2,798645
2021-04-19 10:07:36,797.2,798670
2021-04-19 10:07:37,797.2,798670
2021-04-19 10:07:38,797.4,798770
2021-04-19 10:07:39,797.4,798770
2021-04-19 10:07:40,797.4,798770
2021-04-19 10:07:41,797.5,798848
2021-04-19 10:07:42,797.35,798849
2021-04-19 10:07:43,797.35,798849
2021-04-19 10:07:44,797.3,798900
2021-04-19 10:07:45,797.3,798956
2021-04-19 10:07:46,797.5,801093
2021-04-19 10:07:47,797.6,801099
2021-04-19 10:07:48,797.5,801120
2021-04-19 10:07:49,797.6,801298
2021-04-19 10:07:50,797.65,801329
2021-04-19 10:07:51,797.7,801378
2021-04-19 10:07:52,798.5,806695
2021-04-19 10:07:53,798.5,806985
2021-04-19 10:07:54,798.6,808196
2021-04-19 10:07:55,798.95,809104
2021-04-19 10:07:56,799.0,809503
2021-04-19 10:07:57,799.1,809686
2021-04-19 10:07:59,799.1,809686
2021-04-19 10:08:00,799.1,809971
2021-04-19 10:08:01,799.0,810091
2021-04-19 10:08:02,799.0,810101
2021-04-19 10:08:03,799.0,810113
2021-04-19 10:08:04,799.0,810113
2021-04-19 10:08:05,799.1,810988
2021-04-19 10:08:06,799.1,811258
2021-04-19 10:08:07,799.1,811346
2021-04-19 10:08:08,799.0,811562
2021-04-19 10:08:09,799.0,811612
2021-04-19 10:08:10,799.1,811709
2021-04-19 10:08:11,799.1,811749
2021-04-19 10:08:13,799.1,812635
2021-04-19 10:08:14,799.5,813711
2021-04-19 10:08:15,799.1,814485
2021-04-19 10:08:16,799.1,814485
2021-04-19 10:08:17,799.1,814485
2021-04-19 10:08:18,799.2,814538
2021-04-19 10:08:19,799.1,814688
2021-04-19 10:08:20,799.1,814755
2021-04-19 10:08:21,799.1,814755
2021-04-19 10:08:22,799.1,814755
2021-04-19 10:08:23,799.1,814804
2021-04-19 10:08:24,799.0,815520
2021-04-19 10:08:25,799.0,815620
2021-04-19 10:08:26,798.1,817205
2021-04-19 10:08:27,798.85,817388
2021-04-19 10:08:28,798.85,817618
2021-04-19 10:08:29,798.7,818619
2021-04-19 10:08:31,798.75,818733
2021-04-19 10:08:30,798.95,818699
2021-04-19 10:08:32,799.05,818734
2021-04-19 10:08:33,799.1,820145
2021-04-19 10:08:34,798.85,820176
2021-04-19 10:08:35,799.05,820981
2021-04-19 10:08:36,799.05,820981
2021-04-19 10:08:37,799.1,821083
2021-04-19 10:08:38,799.0,821177
