timestamp,ltp,volume
2021-04-19 09:15:36,3154.5,82384
2021-04-19 09:15:37,3155.75,82806
2021-04-19 09:15:38,3156.15,83532
2021-04-19 09:15:39,3156.15,83946
2021-04-19 09:15:40,3158.95,84697
2021-04-19 09:15:41,3159.25,85357
2021-04-19 09:15:42,3157.25,85810
2021-04-19 09:15:43,3158.85,86590
2021-04-19 09:15:44,3159.05,87003
2021-04-19 09:15:45,3159.3,87782
2021-04-19 09:15:46,3157.55,88907
2021-04-19 09:15:47,3157.5,91309
2021-04-19 09:15:48,3155.25,91775
2021-04-19 09:15:49,3155.6,96134
2021-04-19 09:15:51,3156.05,97493
2021-04-19 09:15:50,3153.5,97248
2021-04-19 09:15:52,3155.15,97749
2021-04-19 09:15:53,3153.2,100630
2021-04-19 09:15:54,3154.5,101682
2021-04-19 09:15:55,3154.45,102239
2021-04-19 09:15:56,3151.1,102902
2021-04-19 09:15:57,3151.1,103113
2021-04-19 09:15:58,3155.05,104196
2021-04-19 09:15:59,3155.65,105008
2021-04-19 09:16:00,3153.05,105356
2021-04-19 09:16:01,3153.5,106426
2021-04-19 09:16:02,3155.0,107555
2021-04-19 09:16:03,3155.1,108490
2021-04-19 09:16:04,3156.75,108898
2021-04-19 09:16:05,3156.7,109214
2021-04-19 09:16:06,3158.0,109676
2021-04-19 09:16:07,3159.75,110930
2021-04-19 09:16:08,3158.15,111720
2021-04-19 09:16:10,3159.05,111961
2021-04-19 09:16:09,3159.05,111961
2021-04-19 09:16:11,3161.55,114074
2021-04-19 09:16:12,3163.75,114739
2021-04-19 09:16:13,3163.25,115180
2021-04-19 09:16:14,3162.7,116022
2021-04-19 09:16:15,3163.15,116235
2021-04-19 09:16:16,3163.7,117321
2021-04-19 09:16:17,3162.15,117991
2021-04-19 09:16:18,3161.5,118905
2021-04-19 09:16:19,3161.75,119300
2021-04-19 09:16:21,3163.9,120614
2021-04-19 09:16:22,3163.95,120910
2021-04-19 09:16:23,3163.95,120930
2021-04-19 09:16:24,3166.6,121927
2021-04-19 09:16:25,3164.7,122267
2021-04-19 09:16:26,3166.6,123800
2021-04-19 09:16:27,3166.15,124345
2021-04-19 09:16:28,3166.2,124383
2021-04-19 09:16:29,3167.35,124597
2021-04-19 09:16:30,3167.35,125905
2021-04-19 09:16:31,3167.55,126401
2021-04-19 09:16:32,3167.95,126990
2021-04-19 09:16:33,3168.0,127140
2021-04-19 09:16:34,3166.8,128491
2021-04-19 09:16:35,3168.3,129760
2021-04-19 09:16:36,3169.45,130194
2021-04-19 09:16:37,3167.2,130474
2021-04-19 09:16:38,3167.65,130957
2021-04-19 09:16:39,3169.45,131143
2021-04-19 09:16:40,3167.0,132491
2021-04-19 09:16:41,3168.9,135838
2021-04-19 09:16:42,3170.0,138349
2021-04-19 09:16:43,3169.6,139210
2021-04-19 09:16:44,3170.0,139320
2021-04-19 09:16:45,3170.0,139577
2021-04-19 09:16:46,3170.05,140309
2021-04-19 09:16:47,3168.0,141034
2021-04-19 09:16:48,3169.2,141174
2021-04-19 09:16:49,3169.3,141359
2021-04-19 09:16:51,3169.05,141996
2021-04-19 09:16:50,3169.3,141950
2021-04-19 09:16:52,3169.0,142505
2021-04-19 09:16:53,3168.85,145287
2021-04-19 09:16:54,3169.45,145945
2021-04-19 09:16:55,3168.2,150310
2021-04-19 09:16:56,3167.15,151210
2021-04-19 09:16:57,3167.5,151673
2021-04-19 09:16:58,3166.25,152348
2021-04-19 09:16:59,3163.3,153947
2021-04-19 09:17:00,3163.0,154606
2021-04-19 09:17:02,3166.3,155862
2021-04-19 09:17:01,3167.9,155560
2021-04-19 09:17:03,3167.45,157925
2021-04-19 09:17:04,3166.15,158070
2021-04-19 09:17:05,3166.75,158801
2021-04-19 09:17:06,3167.75,159238
2021-04-19 09:17:07,3167.75,159447
2021-04-19 09:17:08,3167.0,159822
2021-04-19 09:17:09,3162.9,161528
2021-04-19 09:17:10,3163.55,162026
2021-04-19 09:17:11,3161.5,162200
2021-04-19 09:17:12,3162.7,162633
2021-04-19 09:17:14,3162.8,162891
2021-04-19 09:17:14,3164.05,162985
2021-04-19 09:17:15,3162.1,163162
2021-04-19 09:17:16,3163.9,163531
2021-04-19 09:17:17,3161.2,164042
2021-04-19 09:17:18,3160.55,167415
2021-04-19 09:17:20,3161.4,167684
2021-04-19 09:17:21,3159.9,168174
2021-04-19 09:17:22,3158.0,168396
2021-04-19 09:17:23,3164.05,169318
2021-04-19 09:17:24,3158.4,171342
2021-04-19 09:17:26,3158.65,172012
2021-04-19 09:17:26,3160.45,172448
2021-04-19 09:17:27,3160.75,172557
2021-04-19 09:17:28,3162.35,173128
2021-04-19 09:17:29,3160.9,173197
2021-04-19 09:17:31,3162.0,173289
2021-04-19 09:17:31,3161.1,173348
2021-04-19 09:17:32,3163.65,173557
2021-04-19 09:17:33,3163.7,173606
2021-04-19 09:17:34,3162.85,174425
2021-04-19 09:17:35,3162.4,174962
2021-04-19 09:17:37,3161.5,175529
2021-04-19 09:17:37,3161.5,175564
2021-04-19 09:17:38,3162.45,175838
2021-04-19 09:17:39,3160.15,176513
2021-04-19 09:17:40,3160.35,176758
2021-04-19 09:17:42,3162.85,178174
2021-04-19 09:17:42,3162.85,178323
2021-04-19 09:17:43,3163.65,178668
2021-04-19 09:17:45,3163.65,180715
2021-04-19 09:17:45,3164.05,180001
2021-04-19 09:17:46,3164.45,181128
2021-04-19 09:17:47,3164.55,181367
2021-04-19 09:17:48,3164.5,181812
2021-04-19 09:17:50,3163.85,182418
2021-04-19 09:17:50,3164.75,182496
2021-04-19 09:17:51,3164.25,182738
2021-04-19 09:17:52,3164.05,183011
2021-04-19 09:17:53,3163.7,183717
2021-04-19 09:17:54,3162.9,184064
2021-04-19 09:17:56,3163.15,184183
2021-04-19 09:17:56,3163.6,184286
2021-04-19 09:17:57,3166.8,185677
2021-04-19 09:17:58,3165.0,185870
2021-04-19 09:17:59,3165.8,186165
2021-04-19 09:18:01,3165.8,186366
2021-04-19 09:18:01,3165.8,186366
2021-04-19 09:18:02,3164.55,186769
2021-04-19 09:18:03,3165.9,186820
2021-04-19 09:18:04,3164.55,187151
2021-04-19 09:18:05,3164.7,187334
2021-04-19 09:18:06,3165.45,187954
2021-04-19 09:18:10,3167.55,189189
2021-04-19 09:18:11,3166.0,189414
2021-04-19 09:18:12,3166.35,189477
2021-04-19 09:18:14,3165.85,189946
2021-04-19 09:18:14,3165.85,190031
2021-04-19 09:18:15,3165.65,190121
2021-04-19 09:18:16,3166.0,190749
2021-04-19 09:18:17,3166.0,191715
2021-04-19 09:18:18,3165.45,191986
2021-04-19 09:18:20,3166.0,192160
2021-04-19 09:18:20,3165.9,192456
2021-04-19 09:18:21,3165.6,192523
2021-04-19 09:18:23,3168.45,195147
2021-04-19 09:18:25,3171.45,201308
2021-04-19 09:18:25,3172.6,201513
2021-04-19 09:18:26,3171.5,202715
2021-04-19 09:18:27,3168.05,203549
2021-04-19 09:18:28,3169.95,203788
2021-04-19 09:18:29,3166.0,205352
2021-04-19 09:18:31,3167.25,205612
2021-04-19 09:18:31,3167.25,205612
2021-04-19 09:18:32,3165.3,205773
2021-04-19 09:18:33,3167.2,206367
2021-04-19 09:18:34,3167.9,207023
2021-04-19 09:18:35,3166.55,207161
2021-04-19 09:18:37,3166.9,207307
2021-04-19 09:18:37,3168.3,207317
2021-04-19 09:18:38,3168.2,207668
2021-04-19 09:18:39,3166.35,208058
2021-04-19 09:18:40,3166.1,208404
2021-04-19 09:18:41,3166.0,209010
2021-04-19 09:18:43,3166.7,209413
2021-04-19 09:18:43,3166.7,209413
2021-04-19 09:18:44,3165.45,209665
2021-04-19 09:18:45,3164.8,209961
2021-04-19 09:18:46,3165.55,210175
2021-04-19 09:18:47,3164.9,210265
2021-04-19 09:18:49,3163.5,210788
2021-04-19 09:18:49,3163.65,210841
2021-04-19 09:18:50,3163.65,210899
2021-04-19 09:18:51,3165.6,211577
2021-04-19 09:18:52,3163.4,211791
2021-04-19 09:18:55,3163.4,212076
2021-04-19 09:18:55,3164.6,212186
2021-04-19 09:18:56,3164.7,212216
2021-04-19 09:18:57,3163.5,212394
2021-04-19 09:18:58,3163.5,212652
2021-04-19 09:18:59,3163.5,212780
2021-04-19 09:19:01,3163.5,212996
2021-04-19 09:19:01,3163.5,213054
2021-04-19 09:19:02,3163.5,213355
2021-04-19 09:19:03,3163.5,213562
2021-04-19 09:19:04,3163.5,213787
2021-04-19 09:19:05,3163.25,214054
2021-04-19 09:19:07,3163.5,214109
2021-04-19 09:19:07,3163.5,214109
2021-04-19 09:19:08,3163.5,214354
2021-04-19 09:19:09,3163.5,214642
2021-04-19 09:19:10,3163.5,214739
2021-04-19 09:19:11,3163.35,215123
2021-04-19 09:19:13,3163.9,215415
2021-04-19 09:19:13,3163.35,215416
2021-04-19 09:19:14,3163.35,215616
2021-04-19 09:19:15,3163.9,215836
2021-04-19 09:19:16,3163.05,216181
2021-04-19 09:19:17,3162.75,216419
2021-04-19 09:19:19,3163.0,216595
2021-04-19 09:19:19,3163.6,216575
2021-04-19 09:19:20,3163.6,216745
2021-04-19 09:19:21,3161.85,216768
2021-04-19 09:19:23,3163.0,216934
2021-04-19 09:19:25,3164.7,218115
2021-04-19 09:19:28,3163.35,218739
2021-04-19 09:19:26,3163.3,218622
2021-04-19 09:19:29,3164.4,219910
2021-04-19 09:19:29,3164.4,219902
2021-04-19 09:19:30,3164.95,220293
2021-04-19 09:19:31,3164.4,221322
2021-04-19 09:19:33,3164.4,221343
2021-04-19 09:19:34,3164.4,221452
2021-04-19 09:19:35,3164.35,221710
2021-04-19 09:19:35,3164.35,221759
2021-04-19 09:19:36,3164.45,222866
2021-04-19 09:19:37,3163.85,223358
2021-04-19 09:19:39,3162.5,223457
2021-04-19 09:19:40,3162.7,223914
2021-04-19 09:19:40,3162.7,223914
2021-04-19 09:19:41,3162.7,224374
2021-04-19 09:19:42,3161.95,224784
2021-04-19 09:19:44,3160.5,224937
2021-04-19 09:19:45,3160.0,225946
2021-04-19 09:19:45,3161.15,226123
2021-04-19 09:19:46,3160.95,226561
2021-04-19 09:19:47,3159.75,226885
2021-04-19 09:19:49,3159.75,227008
2021-04-19 09:19:50,3161.1,227434
2021-04-19 09:19:51,3161.5,227871
2021-04-19 09:19:52,3161.0,228095
2021-04-19 09:19:54,3160.2,228184
2021-04-19 09:19:55,3160.3,228275
2021-04-19 09:19:56,3160.35,228444
2021-04-19 09:19:56,3160.35,228341
2021-04-19 09:19:58,3160.35,228917
2021-04-19 09:19:59,3160.2,228993
2021-04-19 09:20:00,3160.05,229276
2021-04-19 09:20:02,3160.6,229352
2021-04-19 09:20:03,3158.0,229841
2021-04-19 09:20:05,3157.3,230559
2021-04-19 09:20:06,3158.3,231212
2021-04-19 09:20:06,3157.05,230766
2021-04-19 09:20:07,3156.6,231254
2021-04-19 09:20:08,3155.8,231470
2021-04-19 09:20:10,3155.7,231595
2021-04-19 09:20:11,3156.0,231914
2021-04-19 09:20:12,3155.7,232166
2021-04-19 09:20:12,3156.0,232074
2021-04-19 09:20:13,3156.85,232179
2021-04-19 09:20:14,3156.0,232629
2021-04-19 09:20:16,3156.0,233138
2021-04-19 09:20:17,3156.0,233628
2021-04-19 09:20:17,3156.0,233628
2021-04-19 09:20:18,3156.0,233752
2021-04-19 09:20:19,3154.95,235208
2021-04-19 09:20:20,3154.85,235552
2021-04-19 09:20:22,3153.6,235754
2021-04-19 09:20:23,3155.45,235824
2021-04-19 09:20:24,3153.7,235879
2021-04-19 09:20:25,3156.25,237188
2021-04-19 09:20:25,3156.3,237254
2021-04-19 09:20:26,3156.35,237391
2021-04-19 09:20:27,3156.1,237748
2021-04-19 09:20:28,3156.2,238036
2021-04-19 09:20:30,3158.7,238493
2021-04-19 09:20:31,3158.15,238967
2021-04-19 09:20:32,3156.2,239447
2021-04-19 09:20:33,3156.4,239887
2021-04-19 09:20:33,3156.4,239887
2021-04-19 09:20:34,3156.4,240011
2021-04-19 09:20:35,3158.15,240110
2021-04-19 09:20:36,3156.5,240265
2021-04-19 09:20:38,3156.15,240427
2021-04-19 09:20:39,3156.75,240556
2021-04-19 09:20:39,3156.75,240556
2021-04-19 09:20:45,3159.15,242030
2021-04-19 09:20:45,3157.45,242143
2021-04-19 09:20:46,3158.7,242870
2021-04-19 09:20:47,3158.5,243073
2021-04-19 09:20:48,3157.15,243184
2021-04-19 09:20:50,3158.0,243397
2021-04-19 09:20:51,3158.75,243670
2021-04-19 09:20:51,3158.75,243670
2021-04-19 09:20:52,3158.65,243916
2021-04-19 09:20:53,3157.35,244085
2021-04-19 09:20:55,3156.7,244260
2021-04-19 09:20:56,3156.9,244893
2021-04-19 09:20:56,3158.5,244991
2021-04-19 09:20:57,3156.9,245049
2021-04-19 09:20:58,3156.7,245109
2021-04-19 09:21:01,3157.95,245395
2021-04-19 09:21:01,3156.9,245396
2021-04-19 09:21:02,3158.35,245515
2021-04-19 09:21:03,3156.6,245810
2021-04-19 09:21:05,3158.35,245900
2021-04-19 09:21:06,3160.0,246519
2021-04-19 09:21:06,3160.0,246519
2021-04-19 09:21:07,3158.75,246578
2021-04-19 09:21:08,3159.95,246828
2021-04-19 09:21:09,3158.45,246988
2021-04-19 09:21:11,3158.55,247206
2021-04-19 09:21:12,3158.55,247460
2021-04-19 09:21:12,3158.5,247330
2021-04-19 09:21:13,3155.55,248913
2021-04-19 09:21:14,3155.0,248967
2021-04-19 09:21:16,3155.55,249271
2021-04-19 09:21:17,3155.15,249344
2021-04-19 09:21:17,3155.0,249422
2021-04-19 09:21:18,3155.55,249562
2021-04-19 09:21:19,3155.25,250204
2021-04-19 09:21:21,3156.6,250434
2021-04-19 09:21:22,3157.3,250632
2021-04-19 09:21:22,3157.3,250632
2021-04-19 09:21:23,3156.55,251100
2021-04-19 09:21:24,3157.7,251277
2021-04-19 09:21:25,3158.0,251289
2021-04-19 09:21:27,3158.0,251383
2021-04-19 09:21:28,3160.0,251410
2021-04-19 09:21:28,3159.7,251464
2021-04-19 09:21:29,3159.7,251915
2021-04-19 09:21:31,3160.0,252322
2021-04-19 09:21:32,3159.7,252402
2021-04-19 09:21:33,3159.7,252919
2021-04-19 09:21:33,3160.0,252922
2021-04-19 09:21:34,3160.3,253019
2021-04-19 09:21:36,3160.35,253193
2021-04-19 09:21:37,3160.35,253485
2021-04-19 09:21:38,3161.95,253602
2021-04-19 09:21:39,3162.5,253673
2021-04-19 09:21:39,3162.5,253673
2021-04-19 09:21:40,3161.0,253776
2021-04-19 09:21:41,3162.1,254268
2021-04-19 09:21:43,3161.05,254291
2021-04-19 09:21:44,3162.5,254432
2021-04-19 09:21:45,3162.5,254754
2021-04-19 09:21:46,3161.05,255000
2021-04-19 09:21:47,3160.4,255617
2021-04-19 09:21:49,3160.85,255633
2021-04-19 09:21:50,3160.85,255689
2021-04-19 09:21:51,3162.15,255863
2021-04-19 09:21:52,3161.0,255927
2021-04-19 09:21:52,3161.0,255927
2021-04-19 09:21:53,3162.1,256019
2021-04-19 09:21:55,3161.05,256062
2021-04-19 09:21:55,3161.05,256097
2021-04-19 09:21:56,3161.05,256211
2021-04-19 09:21:57,3161.3,256429
2021-04-19 09:21:58,3162.55,256618
2021-04-19 09:21:59,3163.0,256634
2021-04-19 09:22:00,3164.15,256831
2021-04-19 09:22:02,3162.95,256919
2021-04-19 09:22:03,3162.95,256957
2021-04-19 09:22:04,3164.55,257006
2021-04-19 09:22:05,3163.0,257041
2021-04-19 09:22:06,3164.3,257146
2021-04-19 09:22:07,3161.25,257464
2021-04-19 09:22:08,3161.55,257479
2021-04-19 09:22:09,3161.55,258021
2021-04-19 09:22:10,3161.25,259048
2021-04-19 09:22:11,3162.25,259081
2021-04-19 09:22:12,3163.0,259218
2021-04-19 09:22:13,3163.0,259434
2021-04-19 09:22:14,3163.55,259616
2021-04-19 09:22:15,3161.6,259718
2021-04-19 09:22:16,3163.0,259984
2021-04-19 09:22:17,3162.55,260057
2021-04-19 09:22:18,3162.35,260347
2021-04-19 09:22:19,3162.55,260356
2021-04-19 09:22:20,3162.55,260373
2021-04-19 09:22:22,3163.3,260894
2021-04-19 09:22:23,3163.45,261306
2021-04-19 09:22:24,3163.8,261844
2021-04-19 09:22:25,3163.85,261953
2021-04-19 09:22:26,3167.0,262198
2021-04-19 09:22:28,3167.2,262729
2021-04-19 09:22:29,3167.95,262864
2021-04-19 09:22:30,3166.05,263217
2021-04-19 09:22:31,3167.2,263339
2021-04-19 09:22:33,3167.55,264433
2021-04-19 09:22:34,3168.0,264463
2021-04-19 09:22:35,3168.05,264479
2021-04-19 09:22:36,3169.95,264759
2021-04-19 09:22:36,3169.9,264755
2021-04-19 09:22:37,3168.2,264843
2021-04-19 09:22:38,3170.0,265055
2021-04-19 09:22:39,3170.0,265371
2021-04-19 09:22:41,3169.25,267316
2021-04-19 09:22:42,3170.95,267646
2021-04-19 09:22:43,3170.0,267862
2021-04-19 09:22:44,3169.0,268085
2021-04-19 09:22:45,3169.0,270077
2021-04-19 09:22:46,3170.65,270254
2021-04-19 09:22:47,3170.0,270296
2021-04-19 09:22:48,3170.25,270362
2021-04-19 09:22:49,3168.75,270379
2021-04-19 09:22:50,3168.85,270466
2021-04-19 09:22:51,3168.6,270682
2021-04-19 09:22:52,3168.15,270889
2021-04-19 09:22:53,3168.1,270927
2021-04-19 09:22:54,3169.0,271060
2021-04-19 09:22:55,3168.55,271128
2021-04-19 09:22:56,3169.0,272415
2021-04-19 09:22:57,3168.55,272522
2021-04-19 09:22:58,3169.9,272754
2021-04-19 09:22:59,3168.4,272893
2021-04-19 09:23:00,3169.85,272905
2021-04-19 09:23:01,3169.95,272989
2021-04-19 09:23:02,3168.35,273006
2021-04-19 09:23:03,3168.75,273179
2021-04-19 09:23:04,3168.6,273199
2021-04-19 09:23:04,3168.6,273221
2021-04-19 09:23:05,3168.6,273337
2021-04-19 09:23:06,3168.6,273579
2021-04-19 09:23:07,3168.6,273620
2021-04-19 09:23:08,3169.0,273700
2021-04-19 09:23:09,3167.25,273937
2021-04-19 09:23:10,3168.35,273943
2021-04-19 09:23:11,3168.35,273945
2021-04-19 09:23:12,3167.65,274117
2021-04-19 09:23:13,3169.85,274403
2021-04-19 09:23:14,3169.0,274414
2021-04-19 09:23:15,3167.25,275000
2021-04-19 09:23:17,3168.15,275562
2021-04-19 09:23:18,3166.35,275763
2021-04-19 09:23:19,3166.35,275763
2021-04-19 09:23:20,3167.8,275796
2021-04-19 09:23:21,3167.8,275863
2021-04-19 09:23:22,3167.8,275941
2021-04-19 09:23:23,3167.05,276307
2021-04-19 09:23:24,3166.9,276343
2021-04-19 09:23:25,3167.0,276430
2021-04-19 09:23:26,3166.6,276592
2021-04-19 09:23:27,3166.1,276710
2021-04-19 09:23:28,3166.05,276751
2021-04-19 09:23:29,3166.0,277565
2021-04-19 09:23:30,3164.65,277809
2021-04-19 09:23:31,3166.55,278002
2021-04-19 09:23:31,3166.55,278002
2021-04-19 09:23:32,3165.75,278173
2021-04-19 09:23:33,3166.9,278249
2021-04-19 09:23:34,3165.85,278280
2021-04-19 09:23:35,3166.9,278369
2021-04-19 09:23:36,3166.25,279031
2021-04-19 09:23:38,3166.25,279150
2021-04-19 09:23:39,3166.25,279187
2021-04-19 09:23:40,3167.25,279473
2021-04-19 09:23:41,3167.25,279535
2021-04-19 09:23:42,3167.75,280179
2021-04-19 09:23:43,3167.3,280318
2021-04-19 09:23:44,3167.8,280437
2021-04-19 09:23:45,3166.95,280608
2021-04-19 09:23:46,3167.5,280850
2021-04-19 09:23:47,3168.45,280959
2021-04-19 09:23:48,3168.3,281051
2021-04-19 09:23:49,3168.3,281076
2021-04-19 09:23:50,3168.3,281172
2021-04-19 09:23:51,3168.3,281201
2021-04-19 09:23:52,3168.3,281258
2021-04-19 09:23:53,3168.75,281597
2021-04-19 09:23:54,3168.45,281648
2021-04-19 09:23:55,3168.75,282720
2021-04-19 09:23:56,3170.0,282768
2021-04-19 09:23:57,3168.95,282769
2021-04-19 09:23:57,3168.95,282769
2021-04-19 09:23:59,3170.0,282879
2021-04-19 09:24:00,3170.0,283052
2021-04-19 09:24:01,3170.0,283099
2021-04-19 09:24:02,3168.85,283163
2021-04-19 09:24:03,3170.0,283164
2021-04-19 09:24:04,3172.0,287603
2021-04-19 09:24:05,3172.05,288189
2021-04-19 09:24:06,3173.8,288729
2021-04-19 09:24:07,3173.8,288975
2021-04-19 09:24:07,3174.0,289442
2021-04-19 09:24:09,3174.85,289959
2021-04-19 09:24:10,3174.95,290524
2021-04-19 09:24:11,3174.9,290609
2021-04-19 09:24:12,3174.9,291055
2021-04-19 09:24:13,3174.9,291084
2021-04-19 09:24:14,3173.75,291601
2021-04-19 09:24:15,3174.9,291643
2021-04-19 09:24:16,3175.0,291859
2021-04-19 09:24:17,3173.0,292373
2021-04-19 09:24:18,3172.75,292503
2021-04-19 09:24:19,3173.0,292655
2021-04-19 09:24:20,3172.7,292664
2021-04-19 09:24:22,3172.7,293652
2021-04-19 09:24:23,3172.7,293683
2021-04-19 09:24:24,3171.5,293810
2021-04-19 09:24:25,3171.45,293838
2021-04-19 09:24:26,3171.45,293925
2021-04-19 09:24:27,3171.8,294308
2021-04-19 09:24:28,3171.45,294658
2021-04-19 09:24:29,3171.5,294676
2021-04-19 09:24:31,3172.55,294747
2021-04-19 09:24:32,3173.0,294774
2021-04-19 09:24:33,3173.75,294965
2021-04-19 09:24:34,3173.0,295298
2021-04-19 09:24:35,3173.75,295327
2021-04-19 09:24:37,3173.0,295549
2021-04-19 09:24:36,3173.0,295441
2021-04-19 09:24:38,3173.75,295554
2021-04-19 09:24:38,3173.75,295554
2021-04-19 09:24:40,3173.75,295591
2021-04-19 09:24:41,3173.75,295970
2021-04-19 09:24:42,3175.5,297443
2021-04-19 09:24:43,3174.2,297671
2021-04-19 09:24:44,3173.75,297766
2021-04-19 09:24:44,3173.75,297766
2021-04-19 09:24:46,3174.2,297970
2021-04-19 09:24:47,3174.0,298179
2021-04-19 09:24:48,3175.0,298289
2021-04-19 09:24:50,3175.25,298523
2021-04-19 09:24:50,3175.25,298553
2021-04-19 09:24:51,3176.1,298904
2021-04-19 09:24:52,3178.45,300267
2021-04-19 09:24:54,3176.95,301008
2021-04-19 09:24:55,3178.45,301771
2021-04-19 09:24:56,3177.05,301803
2021-04-19 09:24:57,3178.1,301882
2021-04-19 09:24:58,3176.95,302104
2021-04-19 09:24:59,3176.65,302494
2021-04-19 09:25:00,3176.7,302609
2021-04-19 09:25:01,3178.4,303390
2021-04-19 09:25:02,3178.4,303876
2021-04-19 09:25:03,3177.05,304522
2021-04-19 09:25:04,3178.6,304799
2021-04-19 09:25:05,3178.8,304953
2021-04-19 09:25:05,3177.25,304971
2021-04-19 09:25:07,3178.8,306460
2021-04-19 09:25:08,3178.8,306968
2021-04-19 09:25:09,3178.4,307380
2021-04-19 09:25:10,3179.0,307505
2021-04-19 09:25:11,3179.0,308340
2021-04-19 09:25:12,3179.15,309432
2021-04-19 09:25:12,3179.0,308498
2021-04-19 09:25:13,3178.55,310386
2021-04-19 09:25:15,3179.95,311805
2021-04-19 09:25:16,3178.4,312765
2021-04-19 09:25:17,3178.3,312980
2021-04-19 09:25:18,3179.3,313122
2021-04-19 09:25:19,3180.0,313633
2021-04-19 09:25:19,3180.0,313674
2021-04-19 09:25:20,3178.3,314122
2021-04-19 09:25:21,3179.0,314455
2021-04-19 09:25:23,3178.0,314843
2021-04-19 09:25:24,3179.5,315031
2021-04-19 09:25:25,3179.9,315171
2021-04-19 09:25:26,3179.65,315483
2021-04-19 09:25:27,3177.55,315709
2021-04-19 09:25:29,3178.2,316035
2021-04-19 09:25:30,3177.1,316193
2021-04-19 09:25:30,3177.2,316188
2021-04-19 09:25:31,3176.95,316436
2021-04-19 09:25:32,3177.1,316667
2021-04-19 09:25:34,3176.1,317285
2021-04-19 09:25:36,3176.0,317771
2021-04-19 09:25:37,3176.7,317984
2021-04-19 09:25:38,3174.65,318602
2021-04-19 09:25:40,3174.45,318878
2021-04-19 09:25:42,3172.7,319300
2021-04-19 09:25:41,3174.25,319122
2021-04-19 09:25:43,3170.8,319357
2021-04-19 09:25:44,3170.55,319417
2021-04-19 09:25:45,3170.05,319539
2021-04-19 09:25:46,3170.5,319658
2021-04-19 09:25:47,3171.0,319711
2021-04-19 09:25:49,3170.0,319924
2021-04-19 09:25:49,3170.0,319933
2021-04-19 09:25:51,3171.2,320863
2021-04-19 09:25:52,3170.0,320914
2021-04-19 09:25:53,3170.85,321049
2021-04-19 09:25:55,3171.0,321161
2021-04-19 09:25:54,3171.0,321161
2021-04-19 09:25:56,3171.0,321345
2021-04-19 09:25:57,3171.25,321404
2021-04-19 09:25:58,3172.45,321774
2021-04-19 09:25:59,3173.3,321823
2021-04-19 09:26:00,3173.3,321931
2021-04-19 09:26:01,3173.3,322107
2021-04-19 09:26:02,3172.3,322235
2021-04-19 09:26:03,3172.35,322311
2021-04-19 09:26:04,3172.3,322386
2021-04-19 09:26:05,3173.3,322463
2021-04-19 09:26:06,3172.35,322498
2021-04-19 09:26:07,3172.55,322515
2021-04-19 09:26:08,3173.3,322665
2021-04-19 09:26:09,3173.0,322702
2021-04-19 09:26:10,3173.0,322796
2021-04-19 09:26:11,3173.0,323138
2021-04-19 09:26:12,3173.3,323165
2021-04-19 09:26:13,3173.0,323240
2021-04-19 09:26:14,3172.0,324434
2021-04-19 09:26:15,3172.4,324441
2021-04-19 09:26:16,3172.35,324591
2021-04-19 09:26:17,3171.0,324594
2021-04-19 09:26:18,3172.7,324779
2021-04-19 09:26:19,3171.25,324887
2021-04-19 09:26:20,3172.75,324945
2021-04-19 09:26:21,3171.95,325096
2021-04-19 09:26:22,3172.35,325286
2021-04-19 09:26:23,3172.9,325933
2021-04-19 09:26:24,3174.65,326138
2021-04-19 09:26:25,3173.05,326194
2021-04-19 09:26:26,3174.65,326749
2021-04-19 09:26:27,3174.55,326944
2021-04-19 09:26:28,3174.35,326973
2021-04-19 09:26:29,3172.95,326976
2021-04-19 09:26:30,3172.35,327026
2021-04-19 09:26:31,3172.25,327455
2021-04-19 09:26:32,3172.15,327577
2021-04-19 09:26:33,3172.15,327577
2021-04-19 09:26:34,3171.2,327630
2021-04-19 09:26:35,3172.0,327634
2021-04-19 09:26:36,3172.0,327634
2021-04-19 09:26:37,3172.15,327738
2021-04-19 09:26:38,3172.15,327934
2021-04-19 09:26:39,3173.2,328096
2021-04-19 09:26:40,3173.2,328244
2021-04-19 09:26:41,3173.2,328267
2021-04-19 09:26:42,3173.3,328344
2021-04-19 09:26:43,3173.25,328419
2021-04-19 09:26:44,3173.3,328489
2021-04-19 09:26:45,3173.25,328517
2021-04-19 09:26:46,3173.25,328633
2021-04-19 09:26:47,3174.0,328698
2021-04-19 09:26:48,3174.8,329010
2021-04-19 09:26:49,3174.0,329102
2021-04-19 09:26:50,3173.25,329264
2021-04-19 09:26:51,3174.0,329582
2021-04-19 09:26:52,3174.3,329632
2021-04-19 09:26:53,3173.0,329817
2021-04-19 09:26:54,3173.25,329827
2021-04-19 09:26:55,3173.2,330168
2021-04-19 09:26:56,3173.65,330324
2021-04-19 09:26:57,3173.0,330419
2021-04-19 09:26:58,3173.0,330539
2021-04-19 09:27:00,3173.0,330559
2021-04-19 09:27:01,3173.0,330587
2021-04-19 09:27:02,3173.0,330809
2021-04-19 09:27:03,3173.0,330888
2021-04-19 09:27:04,3172.05,331674
2021-04-19 09:27:05,3170.5,331698
2021-04-19 09:27:06,3170.5,331727
2021-04-19 09:27:07,3171.85,331904
2021-04-19 09:27:08,3170.7,332129
2021-04-19 09:27:09,3171.2,332145
2021-04-19 09:27:10,3171.2,332163
2021-04-19 09:27:11,3171.5,332202
2021-04-19 09:27:12,3170.5,332463
2021-04-19 09:27:13,3171.5,332509
2021-04-19 09:27:14,3170.7,332539
2021-04-19 09:27:15,3170.7,332543
2021-04-19 09:27:16,3171.5,332735
2021-04-19 09:27:17,3171.5,333002
2021-04-19 09:27:18,3171.05,333022
2021-04-19 09:27:19,3171.5,333071
2021-04-19 09:27:20,3170.7,333110
2021-04-19 09:27:21,3171.5,333120
2021-04-19 09:27:22,3170.7,333224
2021-04-19 09:27:23,3170.75,385561
2021-04-19 09:27:24,3172.0,385579
2021-04-19 09:27:25,3170.95,385657
2021-04-19 09:27:26,3170.8,387207
2021-04-19 09:27:27,3171.6,387428
2021-04-19 09:27:28,3171.6,387448
2021-04-19 09:27:29,3171.6,387568
2021-04-19 09:27:30,3171.6,387674
2021-04-19 09:27:31,3172.0,387715
2021-04-19 09:27:32,3171.5,387742
2021-04-19 09:27:33,3171.5,387860
2021-04-19 09:27:34,3172.0,388094
2021-04-19 09:27:35,3172.0,388094
2021-04-19 09:27:36,3171.1,388255
2021-04-19 09:27:37,3171.1,388265
2021-04-19 09:27:38,3171.5,388328
2021-04-19 09:27:39,3171.1,388388
2021-04-19 09:27:40,3171.5,388600
2021-04-19 09:27:41,3172.7,389241
2021-04-19 09:27:42,3172.75,389258
2021-04-19 09:27:43,3172.75,389300
2021-04-19 09:27:44,3174.4,389560
2021-04-19 09:27:45,3173.25,389720
2021-04-19 09:27:46,3173.25,389720
2021-04-19 09:27:47,3173.25,389820
2021-04-19 09:27:48,3173.9,389965
2021-04-19 09:27:49,3174.45,389970
2021-04-19 09:27:50,3174.45,389987
2021-04-19 09:27:51,3173.45,390110
2021-04-19 09:27:52,3173.45,390114
2021-04-19 09:27:53,3173.85,390147
2021-04-19 09:27:54,3173.9,390154
2021-04-19 09:27:55,3174.1,390211
2021-04-19 09:27:56,3174.1,390211
2021-04-19 09:27:57,3174.05,390345
2021-04-19 09:27:58,3176.0,391041
2021-04-19 09:27:59,3177.0,391215
2021-04-19 09:28:00,3177.1,391530
2021-04-19 09:28:01,3178.0,391644
2021-04-19 09:28:02,3178.0,391657
2021-04-19 09:28:04,3177.4,391782
2021-04-19 09:28:05,3179.0,391879
2021-04-19 09:28:05,3179.0,391879
2021-04-19 09:28:06,3179.0,392035
2021-04-19 09:28:07,3179.05,392036
2021-04-19 09:28:08,3179.0,392107
2021-04-19 09:28:09,3179.05,392141
2021-04-19 09:28:10,3179.0,392211
2021-04-19 09:28:11,3179.0,392272
2021-04-19 09:28:12,3180.0,392510
2021-04-19 09:28:13,3180.0,392784
2021-04-19 09:28:14,3180.0,394147
2021-04-19 09:28:16,3181.0,395808
2021-04-19 09:28:17,3181.05,395891
2021-04-19 09:28:17,3181.65,395879
2021-04-19 09:28:18,3181.65,396467
2021-04-19 09:28:19,3181.95,396804
2021-04-19 09:28:20,3182.65,396952
2021-04-19 09:28:21,3182.9,397217
2021-04-19 09:28:22,3182.9,397332
2021-04-19 09:28:23,3183.85,397485
2021-04-19 09:28:24,3184.0,397778
2021-04-19 09:28:26,3183.45,398030
2021-04-19 09:28:26,3183.45,398030
2021-04-19 09:28:27,3184.9,398224
2021-04-19 09:28:28,3184.95,398472
2021-04-19 09:28:29,3184.0,398539
2021-04-19 09:28:30,3184.85,399504
2021-04-19 09:28:31,3185.95,399800
2021-04-19 09:28:32,3184.1,399998
2021-04-19 09:28:33,3185.75,400189
2021-04-19 09:28:34,3185.0,400402
2021-04-19 09:28:35,3183.65,400736
2021-04-19 09:28:36,3184.15,401476
2021-04-19 09:28:39,3182.7,402094
2021-04-19 09:28:40,3184.65,402291
2021-04-19 09:28:41,3184.65,402837
2021-04-19 09:28:42,3183.05,402885
2021-04-19 09:28:43,3183.05,402997
2021-04-19 09:28:44,3182.9,403493
2021-04-19 09:28:46,3183.0,403843
2021-04-19 09:28:47,3181.5,403979
2021-04-19 09:28:47,3182.8,403966
2021-04-19 09:28:48,3181.5,404067
2021-04-19 09:28:49,3182.1,404135
2021-04-19 09:28:50,3180.75,404201
2021-04-19 09:28:51,3181.5,404256
2021-04-19 09:28:52,3181.5,404411
2021-04-19 09:28:53,3181.9,404575
2021-04-19 09:28:55,3180.7,404673
2021-04-19 09:28:56,3180.95,404727
2021-04-19 09:28:56,3180.95,404727
2021-04-19 09:28:57,3181.0,404860
2021-04-19 09:28:58,3180.0,404891
2021-04-19 09:28:59,3179.05,405108
2021-04-19 09:29:00,3178.1,405462
2021-04-19 09:29:01,3179.05,405611
2021-04-19 09:29:03,3180.35,406123
2021-04-19 09:29:03,3179.55,405775
2021-04-19 09:29:04,3179.05,406239
2021-04-19 09:29:05,3178.85,406285
2021-04-19 09:29:06,3180.25,406443
2021-04-19 09:29:07,3181.5,406571
2021-04-19 09:29:08,3180.8,406855
2021-04-19 09:29:09,3180.35,407049
2021-04-19 09:29:11,3180.5,407208
2021-04-19 09:29:12,3179.9,407278
2021-04-19 09:29:13,3179.9,407341
2021-04-19 09:29:14,3178.85,407404
2021-04-19 09:29:15,3178.75,407779
2021-04-19 09:29:16,3178.4,407819
2021-04-19 09:29:16,3178.85,407807
2021-04-19 09:29:17,3180.8,408121
2021-04-19 09:29:18,3179.4,408236
2021-04-19 09:29:19,3179.55,408275
2021-04-19 09:29:20,3179.55,408352
2021-04-19 09:29:21,3178.15,408719
2021-04-19 09:29:22,3178.25,408886
2021-04-19 09:29:23,3177.75,409063
2021-04-19 09:29:24,3178.8,409210
2021-04-19 09:29:25,3177.7,409232
2021-04-19 09:29:27,3178.15,409257
2021-04-19 09:29:27,3178.15,409257
2021-04-19 09:29:28,3177.8,409439
2021-04-19 09:29:29,3177.8,409598
2021-04-19 09:29:30,3177.8,409619
2021-04-19 09:29:31,3178.0,410001
2021-04-19 09:29:32,3176.8,410087
2021-04-19 09:29:33,3177.0,410203
2021-04-19 09:29:35,3178.0,410303
2021-04-19 09:29:35,3178.0,410303
2021-04-19 09:29:36,3178.0,410534
2021-04-19 09:29:37,3178.1,410642
2021-04-19 09:29:38,3177.8,410725
2021-04-19 09:29:39,3177.15,410770
2021-04-19 09:29:41,3175.55,410879
2021-04-19 09:29:43,3175.5,411499
2021-04-19 09:29:45,3173.95,411709
2021-04-19 09:29:46,3173.95,411712
2021-04-19 09:29:48,3173.95,411800
2021-04-19 09:29:48,3173.95,411800
2021-04-19 09:29:50,3173.95,412046
2021-04-19 09:29:51,3174.85,412261
2021-04-19 09:29:53,3173.95,412386
2021-04-19 09:29:54,3173.0,412610
2021-04-19 09:29:54,3173.0,412645
2021-04-19 09:29:55,3172.5,412787
2021-04-19 09:29:56,3173.0,412925
2021-04-19 09:29:57,3173.0,412991
2021-04-19 09:29:58,3171.75,413039
2021-04-19 09:29:59,3171.4,413058
2021-04-19 09:30:00,3171.4,413168
2021-04-19 09:30:01,3171.75,413247
2021-04-19 09:30:03,3171.4,413485
2021-04-19 09:30:04,3171.75,413619
2021-04-19 09:30:04,3171.75,413619
2021-04-19 09:30:05,3171.6,413624
2021-04-19 09:30:06,3171.6,413625
2021-04-19 09:30:07,3168.8,415738
2021-04-19 09:30:08,3167.75,416491
2021-04-19 09:30:09,3167.15,416501
2021-04-19 09:30:10,3168.55,416977
2021-04-19 09:30:11,3168.35,417050
2021-04-19 09:30:12,3168.2,417437
2021-04-19 09:30:14,3166.45,417692
2021-04-19 09:30:15,3167.05,417938
2021-04-19 09:30:15,3168.35,417911
2021-04-19 09:30:16,3169.95,419156
2021-04-19 09:30:17,3168.75,419821
2021-04-19 09:30:19,3168.9,419942
2021-04-19 09:30:20,3168.9,420277
2021-04-19 09:30:20,3170.6,420334
2021-04-19 09:30:21,3171.6,420402
2021-04-19 09:30:22,3171.0,420428
2021-04-19 09:30:24,3171.45,420530
2021-04-19 09:30:25,3169.95,421311
2021-04-19 09:30:25,3169.95,421311
2021-04-19 09:30:26,3170.2,421380
2021-04-19 09:30:27,3170.9,421481
2021-04-19 09:30:28,3169.0,421632
2021-04-19 09:30:29,3170.7,421883
2021-04-19 09:30:31,3170.3,421948
2021-04-19 09:30:32,3170.0,422084
2021-04-19 09:30:32,3170.0,422084
2021-04-19 09:30:33,3169.0,422207
2021-04-19 09:30:35,3169.75,422319
2021-04-19 09:30:36,3169.0,422558
2021-04-19 09:30:38,3168.0,422833
2021-04-19 09:30:39,3168.25,422847
2021-04-19 09:30:39,3168.25,422847
2021-04-19 09:30:40,3167.25,422934
2021-04-19 09:30:41,3168.3,422982
2021-04-19 09:30:42,3169.0,423053
2021-04-19 09:30:43,3168.55,423438
2021-04-19 09:30:45,3170.0,423483
2021-04-19 09:30:46,3169.9,423588
2021-04-19 09:30:47,3169.65,423607
2021-04-19 09:30:48,3168.75,423665
2021-04-19 09:30:49,3169.0,423956
2021-04-19 09:30:51,3169.15,423973
2021-04-19 09:30:53,3170.0,424010
2021-04-19 09:30:54,3169.65,424014
2021-04-19 09:30:55,3169.65,424029
2021-04-19 09:30:56,3168.75,425357
2021-04-19 09:30:57,3169.15,425419
2021-04-19 09:30:57,3169.15,425419
2021-04-19 09:30:58,3168.05,425500
2021-04-19 09:30:59,3167.5,425525
2021-04-19 09:31:00,3167.0,426090
2021-04-19 09:31:01,3167.2,426437
2021-04-19 09:31:02,3167.15,426466
2021-04-19 09:31:03,3165.75,427485
2021-04-19 09:31:04,3167.0,427704
2021-04-19 09:31:05,3168.75,427802
2021-04-19 09:31:06,3169.0,427955
2021-04-19 09:31:09,3168.05,428145
2021-04-19 09:31:10,3169.0,428225
2021-04-19 09:31:11,3169.55,428510
2021-04-19 09:31:11,3169.55,428510
2021-04-19 09:31:12,3169.3,428526
2021-04-19 09:31:13,3168.15,428616
2021-04-19 09:31:15,3168.15,428616
2021-04-19 09:31:16,3168.5,428709
2021-04-19 09:31:17,3167.3,428716
2021-04-19 09:31:18,3167.0,428806
2021-04-19 09:31:18,3167.0,428806
2021-04-19 09:31:20,3166.55,428845
2021-04-19 09:31:21,3167.3,428847
2021-04-19 09:31:23,3167.3,428881
2021-04-19 09:31:24,3167.0,428934
2021-04-19 09:31:25,3167.0,429063
2021-04-19 09:31:25,3166.3,429067
2021-04-19 09:31:26,3166.15,429081
2021-04-19 09:31:27,3166.9,429101
2021-04-19 09:31:28,3166.9,429101
2021-04-19 09:31:30,3166.85,429557
2021-04-19 09:31:31,3166.65,429558
2021-04-19 09:31:31,3166.65,429558
2021-04-19 09:31:32,3165.75,429769
2021-04-19 09:31:33,3166.5,429863
2021-04-19 09:31:34,3165.15,429871
2021-04-19 09:31:35,3165.1,429919
2021-04-19 09:31:36,3165.0,430065
2021-04-19 09:31:37,3165.0,430268
2021-04-19 09:31:39,3165.9,430386
2021-04-19 09:31:40,3165.0,430516
2021-04-19 09:31:40,3165.0,430565
2021-04-19 09:31:41,3165.0,430703
2021-04-19 09:31:42,3165.8,430803
2021-04-19 09:31:44,3165.0,431363
2021-04-19 09:31:45,3165.0,431363
2021-04-19 09:31:46,3165.05,431511
2021-04-19 09:31:46,3165.4,431609
2021-04-19 09:31:47,3165.35,431754
2021-04-19 09:31:48,3163.5,432094
2021-04-19 09:31:49,3163.5,432095
2021-04-19 09:31:50,3163.5,432116
2021-04-19 09:31:52,3164.0,432477
2021-04-19 09:31:53,3163.0,432725
2021-04-19 09:31:53,3163.0,432725
2021-04-19 09:31:54,3163.75,432898
2021-04-19 09:31:55,3162.8,432908
2021-04-19 09:31:56,3162.0,433626
2021-04-19 09:31:57,3162.8,433692
2021-04-19 09:31:59,3161.55,433788
2021-04-19 09:32:00,3161.1,433920
2021-04-19 09:32:00,3161.1,433920
2021-04-19 09:32:01,3161.15,434137
2021-04-19 09:32:02,3160.9,434557
2021-04-19 09:32:03,3161.0,434608
2021-04-19 09:32:05,3161.25,434671
2021-04-19 09:32:06,3161.15,434906
2021-04-19 09:32:06,3161.15,434906
2021-04-19 09:32:07,3161.15,435235
2021-04-19 09:32:08,3161.15,435359
2021-04-19 09:32:10,3160.6,435473
2021-04-19 09:32:11,3160.55,435500
2021-04-19 09:32:11,3160.55,435500
2021-04-19 09:32:13,3160.0,436055
2021-04-19 09:32:14,3160.3,436293
2021-04-19 09:32:15,3160.0,436452
2021-04-19 09:32:17,3161.15,436464
2021-04-19 09:32:18,3160.35,436913
2021-04-19 09:32:19,3162.1,437389
2021-04-19 09:32:20,3162.15,437595
2021-04-19 09:32:20,3162.15,437595
2021-04-19 09:32:21,3161.15,437648
2021-04-19 09:32:22,3160.95,437758
2021-04-19 09:32:24,3161.15,438071
2021-04-19 09:32:25,3161.0,438154
2021-04-19 09:32:26,3160.0,438176
2021-04-19 09:32:27,3160.3,438414
2021-04-19 09:32:28,3160.0,438484
2021-04-19 09:32:28,3160.7,438485
2021-04-19 09:32:29,3160.7,438502
2021-04-19 09:32:30,3160.3,438581
2021-04-19 09:32:32,3161.25,438715
2021-04-19 09:32:33,3162.05,438827
2021-04-19 09:32:34,3162.15,438850
2021-04-19 09:32:35,3163.05,438944
2021-04-19 09:32:37,3165.0,439565
2021-04-19 09:32:38,3163.85,439964
2021-04-19 09:32:39,3163.8,439969
2021-04-19 09:32:40,3163.5,440137
2021-04-19 09:32:40,3163.5,440137
2021-04-19 09:32:41,3164.95,440204
2021-04-19 09:32:43,3163.65,440324
2021-04-19 09:32:44,3163.55,440430
2021-04-19 09:32:45,3164.8,440487
2021-04-19 09:32:45,3163.6,440526
2021-04-19 09:32:46,3164.0,440624
2021-04-19 09:32:48,3163.75,440817
2021-04-19 09:32:49,3164.0,440879
2021-04-19 09:32:50,3164.0,440890
2021-04-19 09:32:50,3164.0,440890
2021-04-19 09:32:51,3163.8,440934
2021-04-19 09:32:53,3163.8,440961
2021-04-19 09:32:54,3164.0,441222
2021-04-19 09:32:55,3163.0,441781
2021-04-19 09:32:55,3163.1,441811
2021-04-19 09:32:56,3163.1,441821
2021-04-19 09:32:57,3162.1,441881
2021-04-19 09:32:59,3162.9,442040
2021-04-19 09:33:00,3161.8,442093
2021-04-19 09:33:01,3161.25,442113
2021-04-19 09:33:01,3161.25,442114
2021-04-19 09:33:02,3161.0,442269
2021-04-19 09:33:03,3160.6,442400
2021-04-19 09:33:04,3160.6,442485
2021-04-19 09:33:07,3160.6,442729
2021-04-19 09:33:08,3160.25,442942
2021-04-19 09:33:09,3160.0,442953
2021-04-19 09:33:09,3160.0,442953
2021-04-19 09:33:10,3162.6,443099
2021-04-19 09:33:11,3162.7,443134
2021-04-19 09:33:13,3164.0,443179
2021-04-19 09:33:14,3162.9,443206
2021-04-19 09:33:15,3162.05,443300
2021-04-19 09:33:16,3162.9,443301
2021-04-19 09:33:16,3162.9,443301
2021-04-19 09:33:17,3162.9,443309
2021-04-19 09:33:19,3162.1,443327
2021-04-19 09:33:20,3162.95,443430
2021-04-19 09:33:21,3162.1,443454
2021-04-19 09:33:22,3163.75,443599
2021-04-19 09:33:22,3163.75,443599
2021-04-19 09:33:23,3163.1,443627
2021-04-19 09:33:25,3162.45,443655
2021-04-19 09:33:26,3162.45,443655
2021-04-19 09:33:27,3164.0,444099
2021-04-19 09:33:27,3164.0,444099
2021-04-19 09:33:28,3163.0,444100
2021-04-19 09:33:29,3163.0,444288
2021-04-19 09:33:31,3163.6,444338
2021-04-19 09:33:32,3163.6,444428
2021-04-19 09:33:33,3163.6,444463
2021-04-19 09:33:33,3163.6,444463
2021-04-19 09:33:34,3163.0,444621
2021-04-19 09:33:36,3164.0,444842
2021-04-19 09:33:37,3164.0,444842
2021-04-19 09:33:38,3163.6,444960
2021-04-19 09:33:38,3163.6,444960
2021-04-19 09:33:39,3164.0,445211
2021-04-19 09:33:41,3164.0,445437
2021-04-19 09:33:42,3164.0,445442
2021-04-19 09:33:43,3163.4,445537
2021-04-19 09:33:44,3164.0,445618
2021-04-19 09:33:44,3164.0,445618
2021-04-19 09:33:45,3163.05,445624
2021-04-19 09:33:47,3164.0,445627
2021-04-19 09:33:48,3164.0,445834
2021-04-19 09:33:49,3163.05,445862
2021-04-19 09:33:50,3163.6,445907
2021-04-19 09:33:51,3163.6,446022
2021-04-19 09:33:53,3163.1,446028
2021-04-19 09:33:54,3163.5,446034
2021-04-19 09:33:55,3164.0,446363
2021-04-19 09:33:55,3164.0,446363
2021-04-19 09:33:56,3163.1,446396
2021-04-19 09:33:58,3163.1,446455
2021-04-19 09:33:59,3163.5,446505
2021-04-19 09:34:00,3163.5,446549
2021-04-19 09:34:01,3163.5,446559
2021-04-19 09:34:03,3163.15,446594
2021-04-19 09:34:04,3163.5,446620
2021-04-19 09:34:05,3163.15,446626
2021-04-19 09:34:07,3163.5,446847
2021-04-19 09:34:08,3163.55,446949
2021-04-19 09:34:08,3163.5,446861
2021-04-19 09:34:09,3164.0,447155
2021-04-19 09:34:11,3163.5,447180
2021-04-19 09:34:12,3164.0,447184
2021-04-19 09:34:13,3164.0,447186
2021-04-19 09:34:13,3164.0,447287
2021-04-19 09:34:14,3164.0,447353
2021-04-19 09:34:16,3163.5,447407
2021-04-19 09:34:17,3163.2,447632
2021-04-19 09:34:18,3163.05,448629
2021-04-19 09:34:18,3163.05,448629
2021-04-19 09:34:19,3163.0,448742
2021-04-19 09:34:21,3163.0,448756
2021-04-19 09:34:22,3163.0,449328
2021-04-19 09:34:23,3163.75,449429
2021-04-19 09:34:23,3163.75,449429
2021-04-19 09:34:25,3163.6,449492
2021-04-19 09:34:26,3163.7,449521
2021-04-19 09:34:27,3163.7,449573
2021-04-19 09:34:28,3163.5,449688
2021-04-19 09:34:29,3162.5,450078
2021-04-19 09:34:30,3163.0,450109
2021-04-19 09:34:32,3162.5,450112
2021-04-19 09:34:33,3163.0,450356
2021-04-19 09:34:34,3163.0,450407
2021-04-19 09:34:35,3162.5,450429
2021-04-19 09:34:37,3163.0,450654
2021-04-19 09:34:38,3163.05,450765
2021-04-19 09:34:39,3163.0,450766
2021-04-19 09:34:40,3162.1,450777
2021-04-19 09:34:40,3162.1,450777
2021-04-19 09:34:42,3163.0,450809
2021-04-19 09:34:43,3162.2,450825
2021-04-19 09:34:44,3163.0,450826
2021-04-19 09:34:45,3162.15,450828
2021-04-19 09:34:46,3162.15,450828
2021-04-19 09:34:47,3163.0,451425
2021-04-19 09:34:49,3163.05,451576
2021-04-19 09:34:50,3162.75,451661
2021-04-19 09:34:51,3163.0,451685
2021-04-19 09:34:52,3162.75,451765
2021-04-19 09:34:52,3162.75,451765
2021-04-19 09:34:54,3162.8,451970
2021-04-19 09:34:55,3164.1,453202
2021-04-19 09:34:56,3164.1,453203
2021-04-19 09:34:57,3164.1,453233
2021-04-19 09:34:58,3165.0,453435
2021-04-19 09:34:58,3165.0,453435
2021-04-19 09:35:00,3163.75,453558
2021-04-19 09:35:01,3163.5,453745
2021-04-19 09:35:02,3164.85,453793
2021-04-19 09:35:03,3164.65,453914
2021-04-19 09:35:04,3164.65,453914
2021-04-19 09:35:05,3164.8,453962
2021-04-19 09:35:06,3164.8,453968
2021-04-19 09:35:07,3163.85,453969
2021-04-19 09:35:08,3163.6,454280
2021-04-19 09:35:08,3163.6,454280
2021-04-19 09:35:10,3163.4,454297
2021-04-19 09:35:11,3163.45,454338
2021-04-19 09:35:12,3163.2,454354
2021-04-19 09:35:13,3162.5,454857
2021-04-19 09:35:13,3162.5,454857
2021-04-19 09:35:15,3162.0,454937
2021-04-19 09:35:16,3161.95,455529
2021-04-19 09:35:17,3162.9,455629
2021-04-19 09:35:18,3161.1,455656
2021-04-19 09:35:19,3161.95,455797
2021-04-19 09:35:20,3161.95,455817
2021-04-19 09:35:21,3162.95,455917
2021-04-19 09:35:22,3161.35,456078
2021-04-19 09:35:23,3162.85,456100
2021-04-19 09:35:23,3162.85,456130
2021-04-19 09:35:24,3161.95,456177
2021-04-19 09:35:26,3161.95,456179
2021-04-19 09:35:27,3159.0,461630
2021-04-19 09:35:28,3158.95,461731
2021-04-19 09:35:29,3157.7,463552
2021-04-19 09:35:30,3158.2,464060
2021-04-19 09:35:30,3158.25,464070
2021-04-19 09:35:32,3157.0,464398
2021-04-19 09:35:33,3158.15,464598
2021-04-19 09:35:34,3158.4,464622
2021-04-19 09:35:35,3158.55,464698
2021-04-19 09:35:35,3158.55,464698
2021-04-19 09:35:37,3158.3,464754
2021-04-19 09:35:38,3158.1,465073
2021-04-19 09:35:39,3157.8,465177
2021-04-19 09:35:40,3156.3,465384
2021-04-19 09:35:41,3157.2,465633
2021-04-19 09:35:42,3158.3,465657
2021-04-19 09:35:43,3157.2,465911
2021-04-19 09:35:44,3156.3,466085
2021-04-19 09:35:45,3159.0,466511
2021-04-19 09:35:46,3159.7,466660
2021-04-19 09:35:46,3159.0,466600
2021-04-19 09:35:48,3158.95,466909
2021-04-19 09:35:49,3158.95,467015
2021-04-19 09:35:50,3160.0,467368
2021-04-19 09:35:51,3158.95,467443
2021-04-19 09:35:51,3158.95,467443
2021-04-19 09:35:53,3159.9,467803
2021-04-19 09:35:54,3158.1,468084
2021-04-19 09:35:55,3159.7,468500
2021-04-19 09:35:56,3159.6,468580
2021-04-19 09:35:57,3157.8,468619
2021-04-19 09:35:57,3158.1,468606
2021-04-19 09:35:59,3158.3,469382
2021-04-19 09:36:00,3158.45,469562
2021-04-19 09:36:01,3159.7,469702
2021-04-19 09:36:02,3158.4,469758
2021-04-19 09:36:02,3158.4,469758
2021-04-19 09:36:03,3158.1,469910
2021-04-19 09:36:05,3159.55,470048
2021-04-19 09:36:06,3158.25,470199
2021-04-19 09:36:08,3159.0,470368
2021-04-19 09:36:09,3158.4,470660
2021-04-19 09:36:09,3158.4,470660
2021-04-19 09:36:11,3157.75,470770
2021-04-19 09:36:12,3159.05,471174
2021-04-19 09:36:13,3157.75,471299
2021-04-19 09:36:15,3160.9,472832
2021-04-19 09:36:16,3162.35,472906
2021-04-19 09:36:16,3162.35,472906
2021-04-19 09:36:18,3160.4,473030
2021-04-19 09:36:19,3160.6,473245
2021-04-19 09:36:20,3162.05,473257
2021-04-19 09:36:21,3160.7,473374
2021-04-19 09:36:22,3162.5,473387
2021-04-19 09:36:23,3161.6,473565
2021-04-19 09:36:23,3161.7,473570
2021-04-19 09:36:25,3162.75,473654
2021-04-19 09:36:26,3162.75,473742
2021-04-19 09:36:27,3162.75,473883
2021-04-19 09:36:28,3162.75,473933
2021-04-19 09:36:29,3163.0,474098
2021-04-19 09:36:29,3163.0,474098
2021-04-19 09:36:31,3162.15,474184
2021-04-19 09:36:32,3163.0,474185
2021-04-19 09:36:33,3163.05,474311
2021-04-19 09:36:34,3162.4,474406
2021-04-19 09:36:35,3163.05,474437
2021-04-19 09:36:36,3163.0,474443
2021-04-19 09:36:36,3163.0,474447
2021-04-19 09:36:38,3163.05,474561
2021-04-19 09:36:40,3163.0,474598
2021-04-19 09:36:41,3162.4,474746
2021-04-19 09:36:42,3163.0,474747
2021-04-19 09:36:43,3163.0,474747
2021-04-19 09:36:44,3162.4,474789
2021-04-19 09:36:45,3162.4,474802
2021-04-19 09:36:46,3162.4,474884
2021-04-19 09:36:47,3162.4,474886
2021-04-19 09:36:48,3162.4,474886
2021-04-19 09:36:49,3160.35,475174
2021-04-19 09:36:50,3160.4,475714
2021-04-19 09:36:51,3161.85,475875
2021-04-19 09:36:52,3160.3,476046
2021-04-19 09:36:53,3160.15,476104
2021-04-19 09:36:54,3160.0,476263
2021-04-19 09:36:55,3160.0,476297
2021-04-19 09:36:56,3160.2,477908
2021-04-19 09:36:57,3159.9,477919
2021-04-19 09:36:58,3159.9,477919
2021-04-19 09:36:59,3158.85,477981
2021-04-19 09:37:00,3159.1,478176
2021-04-19 09:37:01,3160.0,478253
2021-04-19 09:37:02,3159.0,478501
2021-04-19 09:37:03,3159.0,478823
2021-04-19 09:37:04,3160.1,478842
2021-04-19 09:37:05,3160.0,478880
2021-04-19 09:37:06,3160.1,478934
2021-04-19 09:37:07,3160.1,478988
2021-04-19 09:37:08,3160.05,479003
2021-04-19 09:37:09,3161.4,479363
2021-04-19 09:37:10,3160.5,479413
2021-04-19 09:37:11,3160.9,479445
2021-04-19 09:37:12,3161.55,479455
2021-04-19 09:37:13,3161.55,479455
2021-04-19 09:37:14,3162.75,479468
2021-04-19 09:37:15,3161.65,479478
2021-04-19 09:37:16,3161.65,479543
2021-04-19 09:37:17,3161.65,479548
2021-04-19 09:37:18,3162.0,479595
2021-04-19 09:37:19,3162.0,479672
2021-04-19 09:37:20,3162.85,480082
2021-04-19 09:37:21,3161.1,480314
2021-04-19 09:37:22,3161.85,480411
2021-04-19 09:37:23,3161.85,480411
2021-04-19 09:37:24,3160.5,480503
2021-04-19 09:37:25,3162.0,481356
2021-04-19 09:37:26,3162.0,481359
2021-04-19 09:37:27,3160.8,481360
2021-04-19 09:37:28,3160.8,481458
2021-04-19 09:37:29,3160.05,482037
2021-04-19 09:37:31,3158.8,482147
2021-04-19 09:37:33,3160.2,482282
2021-04-19 09:37:34,3160.8,482283
2021-04-19 09:37:35,3160.2,482293
2021-04-19 09:37:36,3160.75,482294
2021-04-19 09:37:37,3160.2,482296
2021-04-19 09:37:38,3159.7,482996
2021-04-19 09:37:39,3161.45,483026
2021-04-19 09:37:40,3160.2,483031
2021-04-19 09:37:41,3161.5,483412
2021-04-19 09:37:42,3160.85,483423
2021-04-19 09:37:43,3160.95,483437
2021-04-19 09:37:44,3160.9,483636
2021-04-19 09:37:46,3160.05,483672
2021-04-19 09:37:47,3160.0,483680
2021-04-19 09:37:48,3161.0,483909
2021-04-19 09:37:49,3160.05,483912
2021-04-19 09:37:50,3160.0,483913
2021-04-19 09:37:51,3160.0,483915
2021-04-19 09:37:52,3160.0,483925
2021-04-19 09:37:53,3160.0,483956
2021-04-19 09:37:54,3160.0,483968
2021-04-19 09:37:55,3160.0,483968
2021-04-19 09:37:56,3161.1,483995
2021-04-19 09:37:57,3160.0,484000
2021-04-19 09:37:58,3161.0,484015
2021-04-19 09:37:59,3159.9,484107
2021-04-19 09:38:00,3159.9,484123
2021-04-19 09:38:01,3159.9,484129
2021-04-19 09:38:02,3160.9,484329
2021-04-19 09:38:03,3160.9,484329
2021-04-19 09:38:04,3159.9,484334
2021-04-19 09:38:05,3160.0,484450
2021-04-19 09:38:08,3159.5,484941
2021-04-19 09:38:09,3158.25,484946
2021-04-19 09:38:10,3158.25,484957
2021-04-19 09:38:11,3159.0,484981
2021-04-19 09:38:12,3158.15,485001
2021-04-19 09:38:13,3158.25,485003
2021-04-19 09:38:14,3158.25,485052
2021-04-19 09:38:15,3157.9,485089
2021-04-19 09:38:16,3157.65,485141
2021-04-19 09:38:17,3157.7,485152
2021-04-19 09:38:18,3157.7,485152
2021-04-19 09:38:19,3158.25,485154
2021-04-19 09:38:20,3158.25,485155
2021-04-19 09:38:21,3157.8,485156
2021-04-19 09:38:22,3158.25,485260
2021-04-19 09:38:23,3158.0,485263
2021-04-19 09:38:24,3158.0,485332
2021-04-19 09:38:25,3158.0,485456
2021-04-19 09:38:26,3158.25,485548
2021-04-19 09:38:27,3158.25,485581
2021-04-19 09:38:28,3158.0,485586
2021-04-19 09:38:29,3158.0,485687
2021-04-19 09:38:31,3158.0,485739
2021-04-19 09:38:30,3158.0,485739
2021-04-19 09:38:33,3158.0,485923
2021-04-19 09:38:34,3157.9,485996
2021-04-19 09:38:35,3158.0,486007
2021-04-19 09:38:36,3158.0,486098
2021-04-19 09:38:37,3158.0,486099
2021-04-19 09:38:38,3158.0,486140
2021-04-19 09:38:39,3157.8,486180
2021-04-19 09:38:40,3157.8,486216
2021-04-19 09:38:41,3158.25,486345
2021-04-19 09:38:42,3157.8,486354
2021-04-19 09:38:43,3157.9,486882
2021-04-19 09:38:44,3158.25,487015
2021-04-19 09:38:45,3158.25,487035
2021-04-19 09:38:46,3158.25,487235
2021-04-19 09:38:47,3158.25,487236
2021-04-19 09:38:49,3158.0,487290
2021-04-19 09:38:48,3158.0,487279
2021-04-19 09:38:50,3158.25,487331
2021-04-19 09:38:51,3158.0,487364
2021-04-19 09:38:53,3158.0,487364
2021-04-19 09:38:53,3158.0,487364
2021-04-19 09:38:54,3157.7,487478
2021-04-19 09:38:55,3157.9,487485
2021-04-19 09:38:56,3157.75,487529
2021-04-19 09:38:57,3158.25,487551
2021-04-19 09:38:59,3158.0,487662
2021-04-19 09:38:59,3158.0,487662
2021-04-19 09:39:00,3158.0,487708
2021-04-19 09:39:01,3157.8,488321
2021-04-19 09:39:02,3157.9,488326
2021-04-19 09:39:03,3157.9,488332
2021-04-19 09:39:04,3158.0,488575
2021-04-19 09:39:05,3158.0,488585
2021-04-19 09:39:06,3158.4,488907
2021-04-19 09:39:07,3158.4,489067
2021-04-19 09:39:09,3158.4,489100
2021-04-19 09:39:09,3158.4,489102
2021-04-19 09:39:11,3158.3,489197
2021-04-19 09:39:12,3158.5,489201
2021-04-19 09:39:13,3159.5,489263
2021-04-19 09:39:15,3158.5,489351
2021-04-19 09:39:15,3158.5,489352
2021-04-19 09:39:16,3158.5,489386
2021-04-19 09:39:17,3159.5,489393
2021-04-19 09:39:18,3158.95,489727
2021-04-19 09:39:19,3158.75,489792
2021-04-19 09:39:21,3158.3,490765
2021-04-19 09:39:23,3158.0,490885
2021-04-19 09:39:24,3157.05,491185
2021-04-19 09:39:25,3157.45,491209
2021-04-19 09:39:26,3157.05,491365
2021-04-19 09:39:28,3157.05,491380
2021-04-19 09:39:29,3157.8,491544
2021-04-19 09:39:31,3157.0,491729
2021-04-19 09:39:32,3158.0,491744
2021-04-19 09:39:33,3158.0,491744
2021-04-19 09:39:34,3158.0,491745
2021-04-19 09:39:35,3156.75,492370
2021-04-19 09:39:36,3157.05,492452
2021-04-19 09:39:37,3157.95,492465
2021-04-19 09:39:38,3156.7,492540
2021-04-19 09:39:39,3157.9,492543
2021-04-19 09:39:40,3157.9,492587
2021-04-19 09:39:41,3157.05,492603
2021-04-19 09:39:43,3157.4,492891
2021-04-19 09:39:44,3157.4,492916
2021-04-19 09:39:45,3156.7,493047
2021-04-19 09:39:45,3156.7,493047
2021-04-19 09:39:46,3157.0,493048
2021-04-19 09:39:47,3157.0,493058
2021-04-19 09:39:48,3156.7,493076
2021-04-19 09:39:49,3157.0,493133
2021-04-19 09:39:50,3157.0,493139
2021-04-19 09:39:51,3156.55,493457
2021-04-19 09:39:53,3157.0,493572
2021-04-19 09:39:53,3158.0,493577
2021-04-19 09:39:54,3157.05,493709
2021-04-19 09:39:55,3157.0,493891
2021-04-19 09:39:56,3157.05,493986
2021-04-19 09:39:59,3156.65,495068
2021-04-19 09:39:59,3156.65,495067
2021-04-19 09:40:00,3156.5,495376
2021-04-19 09:40:01,3156.5,495402
2021-04-19 09:40:02,3156.45,495442
2021-04-19 09:40:03,3157.7,495571
2021-04-19 09:40:04,3156.55,495584
2021-04-19 09:40:05,3156.45,495632
2021-04-19 09:40:07,3156.5,495820
2021-04-19 09:40:09,3156.95,495928
2021-04-19 09:40:09,3156.55,495923
2021-04-19 09:40:10,3156.55,495939
2021-04-19 09:40:12,3156.6,496511
2021-04-19 09:40:13,3157.45,496562
2021-04-19 09:40:14,3156.6,496607
2021-04-19 09:40:15,3156.6,496734
2021-04-19 09:40:16,3156.45,496761
2021-04-19 09:40:18,3156.45,496827
2021-04-19 09:40:20,3156.45,496965
2021-04-19 09:40:20,3156.6,496948
2021-04-19 09:40:21,3156.5,496975
2021-04-19 09:40:22,3156.45,499320
2021-04-19 09:40:23,3155.25,500307
2021-04-19 09:40:24,3153.0,504747
2021-04-19 09:40:25,3153.75,505125
2021-04-19 09:40:26,3152.05,505477
2021-04-19 09:40:27,3152.15,505745
2021-04-19 09:40:28,3151.6,506824
2021-04-19 09:40:29,3152.2,507008
2021-04-19 09:40:30,3152.2,507119
2021-04-19 09:40:34,3152.0,507433
2021-04-19 09:40:34,3152.0,507674
2021-04-19 09:40:35,3151.9,507766
2021-04-19 09:40:36,3153.0,508057
2021-04-19 09:40:37,3154.0,511933
2021-04-19 09:40:40,3152.2,512139
2021-04-19 09:40:40,3151.95,512219
2021-04-19 09:40:41,3151.95,512277
2021-04-19 09:40:42,3151.55,512336
2021-04-19 09:40:43,3152.0,512420
2021-04-19 09:40:45,3150.2,513411
2021-04-19 09:40:45,3150.1,513511
2021-04-19 09:40:46,3151.55,514329
2021-04-19 09:40:47,3150.1,514347
2021-04-19 09:40:48,3151.4,514967
2021-04-19 09:40:49,3150.2,515092
2021-04-19 09:40:50,3150.0,515364
2021-04-19 09:40:51,3150.05,515434
2021-04-19 09:40:52,3151.4,516347
2021-04-19 09:40:53,3150.0,517039
2021-04-19 09:40:54,3149.6,522904
2021-04-19 09:40:55,3149.55,522960
2021-04-19 09:40:56,3149.75,523251
2021-04-19 09:40:57,3148.15,523326
2021-04-19 09:40:58,3149.9,523984
2021-04-19 09:41:00,3150.5,524800
2021-04-19 09:41:00,3150.35,524645
2021-04-19 09:41:01,3150.4,524874
2021-04-19 09:41:03,3151.1,525078
2021-04-19 09:41:03,3149.75,525028
2021-04-19 09:41:04,3151.0,525291
2021-04-19 09:41:05,3153.3,525655
2021-04-19 09:41:06,3153.8,526666
2021-04-19 09:41:07,3153.0,526731
2021-04-19 09:41:08,3152.4,526844
2021-04-19 09:41:10,3153.5,527004
2021-04-19 09:41:12,3151.1,527362
2021-04-19 09:41:13,3151.0,527535
2021-04-19 09:41:13,3151.1,527527
2021-04-19 09:41:14,3152.1,527966
2021-04-19 09:41:15,3151.65,528076
2021-04-19 09:41:17,3151.65,528151
2021-04-19 09:41:17,3150.25,528226
2021-04-19 09:41:18,3150.3,528281
2021-04-19 09:41:20,3151.45,528414
2021-04-19 09:41:21,3151.35,528578
2021-04-19 09:41:22,3150.0,528636
2021-04-19 09:41:22,3150.0,529087
2021-04-19 09:41:23,3151.05,529114
2021-04-19 09:41:25,3150.0,529191
2021-04-19 09:41:26,3150.0,529255
2021-04-19 09:41:27,3151.0,529279
2021-04-19 09:41:29,3151.0,529351
2021-04-19 09:41:30,3150.0,530271
2021-04-19 09:41:32,3150.0,530567
2021-04-19 09:41:33,3150.0,531350
2021-04-19 09:41:34,3150.0,531350
2021-04-19 09:41:34,3150.0,531350
2021-04-19 09:41:35,3150.2,531478
2021-04-19 09:41:36,3150.15,532287
2021-04-19 09:41:37,3150.0,532392
2021-04-19 09:41:38,3150.0,532645
2021-04-19 09:41:39,3149.0,532663
2021-04-19 09:41:40,3149.0,532931
2021-04-19 09:41:41,3149.0,532968
2021-04-19 09:41:42,3149.7,532996
2021-04-19 09:41:43,3149.0,533265
2021-04-19 09:41:45,3149.65,533410
2021-04-19 09:41:47,3148.0,534079
2021-04-19 09:41:47,3148.0,534090
2021-04-19 09:41:49,3148.05,534331
2021-04-19 09:41:49,3148.7,534352
2021-04-19 09:41:50,3148.7,534426
2021-04-19 09:41:51,3148.7,534454
2021-04-19 09:41:52,3148.0,534611
2021-04-19 09:41:53,3148.0,534725
2021-04-19 09:41:54,3148.0,534779
2021-04-19 09:41:55,3147.0,535212
2021-04-19 09:41:56,3146.75,535296
2021-04-19 09:41:57,3148.25,535544
2021-04-19 09:41:58,3147.6,535592
2021-04-19 09:41:59,3150.0,538070
2021-04-19 09:42:01,3148.25,538300
2021-04-19 09:42:02,3148.65,538487
2021-04-19 09:42:02,3148.65,538495
2021-04-19 09:42:03,3148.05,538585
2021-04-19 09:42:04,3149.0,538743
2021-04-19 09:42:05,3148.05,538830
2021-04-19 09:42:06,3148.05,538900
2021-04-19 09:42:08,3149.0,538985
2021-04-19 09:42:09,3149.0,539105
2021-04-19 09:42:09,3149.0,539110
2021-04-19 09:42:10,3148.0,539215
2021-04-19 09:42:11,3148.1,539243
2021-04-19 09:42:12,3148.1,539248
2021-04-19 09:42:13,3148.0,539310
2021-04-19 09:42:14,3148.85,539410
2021-04-19 09:42:15,3148.0,539495
2021-04-19 09:42:17,3148.9,539638
2021-04-19 09:42:18,3148.85,539693
2021-04-19 09:42:19,3148.0,539702
2021-04-19 09:42:20,3148.85,539818
2021-04-19 09:42:20,3148.85,539796
2021-04-19 09:42:21,3148.5,539869
2021-04-19 09:42:22,3148.5,539877
2021-04-19 09:42:24,3150.0,540716
2021-04-19 09:42:25,3150.0,541078
2021-04-19 09:42:26,3148.65,541238
2021-04-19 09:42:26,3149.0,541248
2021-04-19 09:42:27,3150.0,541251
2021-04-19 09:42:28,3148.9,541303
2021-04-19 09:42:29,3148.9,541305
2021-04-19 09:42:31,3149.0,541627
2021-04-19 09:42:32,3149.0,541644
2021-04-19 09:42:32,3149.0,541644
2021-04-19 09:42:33,3149.0,541666
2021-04-19 09:42:34,3150.0,541678
2021-04-19 09:42:35,3149.0,541684
2021-04-19 09:42:36,3149.0,541692
2021-04-19 09:42:37,3149.0,542020
2021-04-19 09:42:38,3150.0,542023
2021-04-19 09:42:40,3150.0,542078
2021-04-19 09:42:41,3149.0,542095
2021-04-19 09:42:41,3149.0,542095
2021-04-19 09:42:43,3149.25,542754
2021-04-19 09:42:44,3149.25,542788
2021-04-19 09:42:44,3149.25,542800
2021-04-19 09:42:45,3149.15,542868
2021-04-19 09:42:46,3149.25,542921
2021-04-19 09:42:47,3150.0,542952
2021-04-19 09:42:48,3149.55,543223
2021-04-19 09:42:49,3149.55,543228
2021-04-19 09:42:51,3149.55,543278
2021-04-19 09:42:52,3149.55,543298
2021-04-19 09:42:53,3149.6,543325
2021-04-19 09:42:53,3149.6,543326
2021-04-19 09:42:54,3149.05,543327
2021-04-19 09:42:55,3149.05,543353
2021-04-19 09:42:56,3149.05,543396
2021-04-19 09:42:57,3149.55,543421
2021-04-19 09:42:58,3149.55,543422
2021-04-19 09:43:00,3149.0,543508
2021-04-19 09:43:01,3149.6,543515
2021-04-19 09:43:01,3149.0,543516
2021-04-19 09:43:02,3149.0,543517
2021-04-19 09:43:03,3149.0,543547
2021-04-19 09:43:04,3149.8,543686
2021-04-19 09:43:05,3149.75,543704
2021-04-19 09:43:07,3149.0,544831
2021-04-19 09:43:08,3149.0,544970
2021-04-19 09:43:10,3147.1,546943
2021-04-19 09:43:11,3146.1,547172
2021-04-19 09:43:12,3145.0,548109
2021-04-19 09:43:12,3144.85,548128
2021-04-19 09:43:13,3144.0,548216
2021-04-19 09:43:14,3144.0,548399
2021-04-19 09:43:15,3144.0,548451
2021-04-19 09:43:17,3144.0,548533
2021-04-19 09:43:18,3144.95,548660
2021-04-19 09:43:20,3143.2,549166
2021-04-19 09:43:21,3144.0,549304
2021-04-19 09:43:22,3144.05,549454
2021-04-19 09:43:24,3143.2,549476
2021-04-19 09:43:25,3144.55,550054
2021-04-19 09:43:26,3144.55,550059
2021-04-19 09:43:27,3145.25,550149
2021-04-19 09:43:28,3147.05,550194
2021-04-19 09:43:29,3146.05,550475
2021-04-19 09:43:29,3146.0,550525
2021-04-19 09:43:30,3146.05,550538
2021-04-19 09:43:31,3146.05,550541
2021-04-19 09:43:32,3147.05,550586
2021-04-19 09:43:34,3146.05,550590
2021-04-19 09:43:35,3146.05,550651
2021-04-19 09:43:36,3147.05,550720
2021-04-19 09:43:37,3146.0,550772
2021-04-19 09:43:38,3146.5,550799
2021-04-19 09:43:40,3146.05,550844
2021-04-19 09:43:40,3146.05,550844
2021-04-19 09:43:41,3146.05,550902
2021-04-19 09:43:42,3146.0,550962
2021-04-19 09:43:43,3145.75,551094
2021-04-19 09:43:45,3146.05,551176
2021-04-19 09:43:46,3144.35,551243
2021-04-19 09:43:47,3145.7,551263
2021-04-19 09:43:48,3146.05,551506
2021-04-19 09:43:49,3146.05,551599
2021-04-19 09:43:49,3146.05,551599
2021-04-19 09:43:50,3146.05,551815
2021-04-19 09:43:51,3146.0,551864
2021-04-19 09:43:53,3146.0,552119
2021-04-19 09:43:54,3145.8,552158
2021-04-19 09:43:55,3145.0,552167
2021-04-19 09:43:56,3145.8,552203
2021-04-19 09:43:57,3145.85,552355
2021-04-19 09:43:58,3145.8,552374
2021-04-19 09:43:58,3145.0,552379
2021-04-19 09:43:59,3145.8,552383
2021-04-19 09:44:01,3145.75,552422
2021-04-19 09:44:02,3144.05,552544
2021-04-19 09:44:03,3144.0,552555
2021-04-19 09:44:04,3145.0,552671
2021-04-19 09:44:05,3144.0,552691
2021-04-19 09:44:08,3145.0,552816
2021-04-19 09:44:10,3144.0,552950
2021-04-19 09:44:11,3145.0,553209
2021-04-19 09:44:11,3145.0,553210
2021-04-19 09:44:12,3145.0,553326
2021-04-19 09:44:13,3145.3,553503
2021-04-19 09:44:14,3145.0,553563
2021-04-19 09:44:15,3144.05,553689
2021-04-19 09:44:17,3144.0,554735
2021-04-19 09:44:18,3144.85,554802
2021-04-19 09:44:19,3144.05,555309
2021-04-19 09:44:20,3144.0,555428
2021-04-19 09:44:20,3144.0,555428
2021-04-19 09:44:21,3144.0,555802
2021-04-19 09:44:22,3144.95,555874
2021-04-19 09:44:23,3144.0,556354
2021-04-19 09:44:24,3144.8,556382
2021-04-19 09:44:27,3144.0,556724
2021-04-19 09:44:28,3144.0,556807
2021-04-19 09:44:29,3144.8,557214
2021-04-19 09:44:30,3144.0,557226
2021-04-19 09:44:30,3144.0,557226
2021-04-19 09:44:31,3144.0,557241
2021-04-19 09:44:32,3144.0,557395
2021-04-19 09:44:34,3144.0,557685
2021-04-19 09:44:35,3144.45,557691
2021-04-19 09:44:36,3144.45,557700
2021-04-19 09:44:37,3144.0,557786
2021-04-19 09:44:38,3143.75,557957
2021-04-19 09:44:39,3143.0,558137
2021-04-19 09:44:40,3142.55,558306
2021-04-19 09:44:42,3141.55,558459
2021-04-19 09:44:43,3140.0,559535
2021-04-19 09:44:44,3140.0,563516
2021-04-19 09:44:45,3140.05,564424
2021-04-19 09:44:47,3141.9,564754
2021-04-19 09:44:48,3140.7,565043
2021-04-19 09:44:49,3140.0,565227
2021-04-19 09:44:50,3140.5,565442
2021-04-19 09:44:51,3139.5,565530
2021-04-19 09:44:52,3139.5,565968
2021-04-19 09:44:53,3139.75,566198
2021-04-19 09:44:54,3139.5,566525
2021-04-19 09:44:54,3139.5,566525
2021-04-19 09:44:55,3138.75,566640
2021-04-19 09:44:56,3139.35,567000
2021-04-19 09:44:57,3139.05,567373
2021-04-19 09:44:58,3139.45,567476
2021-04-19 09:45:00,3137.45,568743
2021-04-19 09:45:01,3135.9,569661
2021-04-19 09:45:02,3137.25,571042
2021-04-19 09:45:03,3136.7,571384
2021-04-19 09:45:03,3136.75,571434
2021-04-19 09:45:04,3135.25,571822
2021-04-19 09:45:06,3138.05,572810
2021-04-19 09:45:08,3136.6,572916
2021-04-19 09:45:09,3138.05,573585
2021-04-19 09:45:10,3137.4,573699
2021-04-19 09:45:11,3137.7,573986
2021-04-19 09:45:12,3137.7,574352
2021-04-19 09:45:13,3137.95,574542
2021-04-19 09:45:13,3135.85,574845
2021-04-19 09:45:14,3139.0,575140
2021-04-19 09:45:16,3137.55,575426
2021-04-19 09:45:17,3137.3,575582
2021-04-19 09:45:18,3137.0,575704
2021-04-19 09:45:19,3138.0,575863
2021-04-19 09:45:20,3136.35,576250
2021-04-19 09:45:21,3135.9,577029
2021-04-19 09:45:21,3135.85,577106
2021-04-19 09:45:22,3135.6,577454
2021-04-19 09:45:24,3136.1,577711
2021-04-19 09:45:25,3137.3,578159
2021-04-19 09:45:26,3135.55,578461
2021-04-19 09:45:27,3137.7,578944
2021-04-19 09:45:28,3135.55,579271
2021-04-19 09:45:29,3136.1,579362
2021-04-19 09:45:30,3137.0,579973
2021-04-19 09:45:30,3135.4,579983
2021-04-19 09:45:31,3136.7,580248
2021-04-19 09:45:33,3136.25,580399
2021-04-19 09:45:34,3136.5,580638
2021-04-19 09:45:35,3136.55,580664
2021-04-19 09:45:37,3137.25,581050
2021-04-19 09:45:38,3136.55,581211
2021-04-19 09:45:39,3136.55,581537
2021-04-19 09:45:39,3136.55,581537
2021-04-19 09:45:40,3136.75,581682
2021-04-19 09:45:41,3136.15,582184
2021-04-19 09:45:43,3137.3,582260
2021-04-19 09:45:44,3135.95,582598
2021-04-19 09:45:45,3135.55,582787
2021-04-19 09:45:46,3137.0,582890
2021-04-19 09:45:47,3136.05,583047
2021-04-19 09:45:47,3137.0,583039
2021-04-19 09:45:48,3136.05,583111
2021-04-19 09:45:50,3136.05,583140
2021-04-19 09:45:51,3136.05,583496
2021-04-19 09:45:52,3136.05,583528
2021-04-19 09:45:53,3137.0,583579
2021-04-19 09:45:55,3136.05,583705
2021-04-19 09:45:56,3136.75,583756
2021-04-19 09:45:57,3136.1,583800
2021-04-19 09:45:57,3136.1,583820
2021-04-19 09:45:58,3136.75,583926
2021-04-19 09:45:59,3136.0,584165
2021-04-19 09:46:01,3136.0,584229
2021-04-19 09:46:02,3137.85,584539
2021-04-19 09:46:07,3137.0,584915
2021-04-19 09:46:07,3136.5,584936
2021-04-19 09:46:08,3136.5,584960
2021-04-19 09:46:09,3136.75,585261
2021-04-19 09:46:11,3136.75,585587
2021-04-19 09:46:12,3136.75,585741
2021-04-19 09:46:13,3136.7,585772
2021-04-19 09:46:16,3137.0,586738
2021-04-19 09:46:16,3137.0,586738
2021-04-19 09:46:17,3137.0,586796
2021-04-19 09:46:19,3136.5,586930
2021-04-19 09:46:20,3136.4,586958
2021-04-19 09:46:21,3136.45,586968
2021-04-19 09:46:22,3136.6,587636
2021-04-19 09:46:23,3138.0,587646
2021-04-19 09:46:23,3137.55,587653
2021-04-19 09:46:24,3136.25,587793
2021-04-19 09:46:25,3137.0,587920
2021-04-19 09:46:27,3136.5,588047
2021-04-19 09:46:28,3136.6,588145
2021-04-19 09:46:29,3136.5,588276
2021-04-19 09:46:30,3138.45,588469
2021-04-19 09:46:31,3138.55,588470
2021-04-19 09:46:32,3139.25,589122
2021-04-19 09:46:32,3139.25,589122
2021-04-19 09:46:33,3139.6,589930
2021-04-19 09:46:34,3138.55,590065
2021-04-19 09:46:36,3139.7,590089
2021-04-19 09:46:37,3138.9,590326
2021-04-19 09:46:38,3139.45,590438
2021-04-19 09:46:39,3141.0,590870
2021-04-19 09:46:40,3140.55,591044
2021-04-19 09:46:41,3143.0,591240
2021-04-19 09:46:42,3142.2,592017
2021-04-19 09:46:42,3142.45,592010
2021-04-19 09:46:43,3141.85,592170
2021-04-19 09:46:44,3140.3,592487
2021-04-19 09:46:46,3140.55,592586
2021-04-19 09:46:47,3141.5,592601
2021-04-19 09:46:48,3140.55,592740
2021-04-19 09:46:49,3141.8,592792
2021-04-19 09:46:50,3141.1,592976
2021-04-19 09:46:52,3143.5,593281
2021-04-19 09:46:53,3143.5,593840
2021-04-19 09:46:53,3142.55,593870
2021-04-19 09:46:55,3143.5,594067
2021-04-19 09:46:56,3142.95,594376
2021-04-19 09:46:57,3141.3,594785
2021-04-19 09:46:57,3141.35,594843
2021-04-19 09:46:59,3143.5,595089
2021-04-19 09:47:00,3143.0,595475
2021-04-19 09:47:01,3142.7,595533
2021-04-19 09:47:02,3142.4,595607
2021-04-19 09:47:02,3141.8,595613
2021-04-19 09:47:04,3141.5,595762
2021-04-19 09:47:05,3142.4,596050
2021-04-19 09:47:06,3142.35,596155
2021-04-19 09:47:07,3142.4,596308
2021-04-19 09:47:08,3142.0,596312
2021-04-19 09:47:12,3139.0,597832
2021-04-19 09:47:13,3139.1,598344
2021-04-19 09:47:14,3140.55,598605
2021-04-19 09:47:15,3140.75,598827
2021-04-19 09:47:15,3140.1,598727
2021-04-19 09:47:17,3140.6,598828
2021-04-19 09:47:18,3139.85,599190
2021-04-19 09:47:19,3140.6,599263
2021-04-19 09:47:20,3140.6,599336
2021-04-19 09:47:21,3140.55,599356
2021-04-19 09:47:22,3141.7,599641
2021-04-19 09:47:23,3140.9,599671
2021-04-19 09:47:24,3141.85,600052
2021-04-19 09:47:25,3141.6,600110
2021-04-19 09:47:26,3141.0,600464
2021-04-19 09:47:27,3142.5,600510
2021-04-19 09:47:28,3142.35,600732
2021-04-19 09:47:29,3142.35,600732
2021-04-19 09:47:30,3142.35,601071
2021-04-19 09:47:31,3142.35,601147
2021-04-19 09:47:32,3143.4,601568
2021-04-19 09:47:33,3141.6,601594
2021-04-19 09:47:34,3141.0,601618
2021-04-19 09:47:35,3141.8,601990
2021-04-19 09:47:36,3141.0,602021
2021-04-19 09:47:37,3140.95,602281
2021-04-19 09:47:39,3141.4,603420
2021-04-19 09:47:40,3142.7,603491
2021-04-19 09:47:41,3142.35,603700
2021-04-19 09:47:42,3142.35,603713
2021-04-19 09:47:43,3142.7,603811
2021-04-19 09:47:44,3142.7,603811
2021-04-19 09:47:45,3142.1,604282
2021-04-19 09:47:46,3142.1,604284
2021-04-19 09:47:47,3142.1,604439
2021-04-19 09:47:48,3142.1,604551
2021-04-19 09:47:49,3142.7,604684
2021-04-19 09:47:50,3142.35,604685
2021-04-19 09:47:51,3142.7,604743
2021-04-19 09:47:52,3143.0,604867
2021-04-19 09:47:53,3143.0,604909
2021-04-19 09:47:54,3143.0,605036
2021-04-19 09:47:55,3144.05,608764
2021-04-19 09:47:56,3144.95,608807
2021-04-19 09:47:58,3143.65,608857
2021-04-19 09:47:57,3144.95,608807
2021-04-19 09:48:00,3143.6,609489
2021-04-19 09:48:01,3144.65,609526
2021-04-19 09:48:03,3145.0,611200
2021-04-19 09:48:02,3144.7,610135
2021-04-19 09:48:04,3144.85,612481
2021-04-19 09:48:05,3144.85,612693
2021-04-19 09:48:06,3144.95,612827
2021-04-19 09:48:07,3144.95,612922
2021-04-19 09:48:08,3143.95,613036
2021-04-19 09:48:09,3143.95,613036
2021-04-19 09:48:10,3144.85,613195
2021-04-19 09:48:11,3144.0,613318
2021-04-19 09:48:12,3143.05,613749
2021-04-19 09:48:13,3142.45,613965
2021-04-19 09:48:14,3142.4,613984
2021-04-19 09:48:15,3143.9,614072
2021-04-19 09:48:16,3143.9,614454
2021-04-19 09:48:17,3142.6,614467
2021-04-19 09:48:18,3142.0,614633
2021-04-19 09:48:20,3143.2,614639
2021-04-19 09:48:19,3143.2,614639
2021-04-19 09:48:21,3142.4,614757
2021-04-19 09:48:22,3142.4,614790
2021-04-19 09:48:23,3142.0,614795
2021-04-19 09:48:24,3142.0,614830
2021-04-19 09:48:25,3142.4,614836
2021-04-19 09:48:26,3142.4,614882
2021-04-19 09:48:27,3142.4,615026
2021-04-19 09:48:28,3143.6,615326
2021-04-19 09:48:29,3143.35,615350
2021-04-19 09:48:30,3142.4,615356
2021-04-19 09:48:31,3142.4,615356
2021-04-19 09:48:32,3142.4,615671
2021-04-19 09:48:33,3142.55,615925
2021-04-19 09:48:34,3143.35,615963
2021-04-19 09:48:35,3143.35,616031
2021-04-19 09:48:36,3143.35,616031
2021-04-19 09:48:37,3143.35,616031
2021-04-19 09:48:39,3143.35,616458
2021-04-19 09:48:40,3143.35,616491
2021-04-19 09:48:41,3143.35,616896
2021-04-19 09:48:43,3141.5,617586
2021-04-19 09:48:44,3142.75,617688
2021-04-19 09:48:45,3143.35,617903
2021-04-19 09:48:48,3143.35,617930
2021-04-19 09:48:47,3142.1,617929
2021-04-19 09:48:49,3143.35,618040
2021-04-19 09:48:50,3143.35,618047
2021-04-19 09:48:51,3143.35,618095
2021-04-19 09:48:52,3143.35,618152
2021-04-19 09:48:53,3143.35,618163
2021-04-19 09:48:54,3142.5,618174
2021-04-19 09:48:55,3142.5,618178
2021-04-19 09:48:56,3142.5,618284
2021-04-19 09:48:57,3142.4,618304
2021-04-19 09:48:58,3142.6,618360
2021-04-19 09:48:59,3142.85,618644
2021-04-19 09:49:00,3142.65,618696
2021-04-19 09:49:01,3143.95,618799
2021-04-19 09:49:02,3143.95,618799
2021-04-19 09:49:03,3143.7,619168
2021-04-19 09:49:04,3142.6,619174
2021-04-19 09:49:05,3143.65,619208
2021-04-19 09:49:07,3142.6,619240
2021-04-19 09:49:06,3142.6,619240
2021-04-19 09:49:08,3142.6,619241
2021-04-19 09:49:09,3142.75,619307
2021-04-19 09:49:10,3142.55,619326
2021-04-19 09:49:11,3142.75,619351
2021-04-19 09:49:12,3142.45,619429
2021-04-19 09:49:13,3142.45,619429
2021-04-19 09:49:14,3142.4,619520
2021-04-19 09:49:15,3142.75,619541
2021-04-19 09:49:16,3142.45,620543
2021-04-19 09:49:18,3141.8,620706
2021-04-19 09:49:19,3142.0,620838
2021-04-19 09:49:20,3140.85,620890
2021-04-19 09:49:21,3141.7,620891
2021-04-19 09:49:22,3142.0,620902
2021-04-19 09:49:23,3142.0,620902
2021-04-19 09:49:24,3140.6,621068
2021-04-19 09:49:25,3142.0,621277
2021-04-19 09:49:26,3140.7,621292
2021-04-19 09:49:27,3142.0,621342
2021-04-19 09:49:29,3142.0,621433
2021-04-19 09:49:28,3140.6,621431
2021-04-19 09:49:30,3140.6,621474
2021-04-19 09:49:31,3140.6,621574
2021-04-19 09:49:32,3140.6,621574
2021-04-19 09:49:34,3140.85,621910
2021-04-19 09:49:34,3141.85,621892
2021-04-19 09:49:35,3141.95,622092
2021-04-19 09:49:36,3142.3,622415
2021-04-19 09:49:37,3142.75,622495
2021-04-19 09:49:39,3142.0,622511
2021-04-19 09:49:39,3141.15,622513
2021-04-19 09:49:40,3141.15,622547
2021-04-19 09:49:41,3141.15,622714
2021-04-19 09:49:42,3141.15,622859
2021-04-19 09:49:43,3141.15,623036
2021-04-19 09:49:44,3141.0,623103
2021-04-19 09:49:45,3141.3,623126
2021-04-19 09:49:47,3141.3,623171
2021-04-19 09:49:47,3141.3,623171
2021-04-19 09:49:48,3141.3,623303
2021-04-19 09:49:49,3141.5,623469
2021-04-19 09:49:50,3141.3,623478
2021-04-19 09:49:51,3141.0,623856
2021-04-19 09:49:53,3142.9,624299
2021-04-19 09:49:54,3142.15,624359
2021-04-19 09:49:56,3142.2,624465
2021-04-19 09:49:57,3142.9,624474
2021-04-19 09:49:58,3142.9,624548
2021-04-19 09:50:00,3142.2,624582
2021-04-19 09:50:00,3142.2,624592
2021-04-19 09:50:01,3142.2,624729
2021-04-19 09:50:02,3142.15,625748
2021-04-19 09:50:03,3142.9,625777
2021-04-19 09:50:04,3142.9,625875
2021-04-19 09:50:06,3142.9,626012
2021-04-19 09:50:06,3142.9,626012
2021-04-19 09:50:08,3144.0,626142
2021-04-19 09:50:09,3144.0,626148
2021-04-19 09:50:11,3142.8,626219
2021-04-19 09:50:11,3142.8,626219
2021-04-19 09:50:12,3142.75,626222
2021-04-19 09:50:13,3144.0,626309
2021-04-19 09:50:14,3142.9,626310
2021-04-19 09:50:15,3142.9,626314
2021-04-19 09:50:17,3142.9,626314
2021-04-19 09:50:17,3142.9,626314
2021-04-19 09:50:18,3143.9,626435
2021-04-19 09:50:19,3143.0,626441
2021-04-19 09:50:20,3143.9,626446
2021-04-19 09:50:22,3144.0,626638
2021-04-19 09:50:22,3144.0,626634
2021-04-19 09:50:23,3143.0,626740
2021-04-19 09:50:24,3143.55,626750
2021-04-19 09:50:25,3143.55,626756
2021-04-19 09:50:26,3143.0,626759
2021-04-19 09:50:28,3143.0,627289
2021-04-19 09:50:28,3143.2,627341
2021-04-19 09:50:30,3144.0,627624
2021-04-19 09:50:31,3143.55,627725
2021-04-19 09:50:32,3143.9,627803
2021-04-19 09:50:34,3143.0,627850
2021-04-19 09:50:34,3143.0,627851
2021-04-19 09:50:35,3143.0,627926
2021-04-19 09:50:36,3142.4,627976
2021-04-19 09:50:37,3144.0,628123
2021-04-19 09:50:39,3143.05,628143
2021-04-19 09:50:39,3143.05,628143
2021-04-19 09:50:40,3143.9,628513
2021-04-19 09:50:41,3143.95,628627
2021-04-19 09:50:42,3143.95,628646
2021-04-19 09:50:44,3143.95,628649
2021-04-19 09:50:44,3144.0,628749
2021-04-19 09:50:45,3143.9,628757
2021-04-19 09:50:46,3144.0,628767
2021-04-19 09:50:47,3143.9,628799
2021-04-19 09:50:48,3143.9,628799
2021-04-19 09:50:50,3144.7,630623
2021-04-19 09:50:50,3144.6,631216
2021-04-19 09:50:51,3142.5,632094
2021-04-19 09:50:52,3143.7,632480
2021-04-19 09:50:53,3143.0,632560
2021-04-19 09:50:54,3143.05,632616
2021-04-19 09:50:55,3144.0,632691
2021-04-19 09:50:56,3144.05,632800
2021-04-19 09:50:58,3145.0,633280
2021-04-19 09:50:58,3144.15,633232
2021-04-19 09:50:59,3144.35,633328
2021-04-19 09:51:00,3145.55,633585
2021-04-19 09:51:01,3147.0,633863
2021-04-19 09:51:02,3145.95,633912
2021-04-19 09:51:03,3145.95,634049
2021-04-19 09:51:04,3147.0,634107
2021-04-19 09:51:06,3148.6,634797
2021-04-19 09:51:06,3148.6,634797
2021-04-19 09:51:07,3148.65,634834
2021-04-19 09:51:08,3148.65,634849
2021-04-19 09:51:09,3149.0,634896
2021-04-19 09:51:10,3148.65,635051
2021-04-19 09:51:12,3149.0,635081
2021-04-19 09:51:12,3149.0,635081
2021-04-19 09:51:13,3148.7,635207
2021-04-19 09:51:14,3149.0,635277
2021-04-19 09:51:15,3150.0,635540
2021-04-19 09:51:17,3150.0,635697
2021-04-19 09:51:17,3149.95,635654
2021-04-19 09:51:18,3149.6,636031
2021-04-19 09:51:19,3149.4,636086
2021-04-19 09:51:20,3149.0,636899
2021-04-19 09:51:22,3148.7,637032
2021-04-19 09:51:22,3148.75,637043
2021-04-19 09:51:23,3148.0,637227
2021-04-19 09:51:24,3148.95,637650
2021-04-19 09:51:25,3149.85,637777
2021-04-19 09:51:26,3149.15,638224
2021-04-19 09:51:28,3149.0,638434
2021-04-19 09:51:28,3149.15,638352
2021-04-19 09:51:29,3149.5,638573
2021-04-19 09:51:30,3148.9,638605
2021-04-19 09:51:31,3148.9,638843
2021-04-19 09:51:33,3150.0,639146
2021-04-19 09:51:33,3150.0,639146
2021-04-19 09:51:34,3150.6,641976
2021-04-19 09:51:35,3150.2,642276
2021-04-19 09:51:36,3151.0,642295
2021-04-19 09:51:37,3150.0,642300
2021-04-19 09:51:38,3148.8,643036
2021-04-19 09:51:40,3150.0,643349
2021-04-19 09:51:40,3148.55,643427
2021-04-19 09:51:41,3148.75,643489
2021-04-19 09:51:42,3149.95,644072
2021-04-19 09:51:44,3149.3,644903
2021-04-19 09:51:45,3150.4,645004
2021-04-19 09:51:45,3150.4,645004
2021-04-19 09:51:46,3151.0,645008
2021-04-19 09:51:47,3150.5,646656
2021-04-19 09:51:48,3151.0,646875
2021-04-19 09:51:50,3150.4,647083
2021-04-19 09:51:51,3151.0,647159
2021-04-19 09:51:53,3150.75,648094
2021-04-19 09:51:54,3150.85,648165
2021-04-19 09:51:56,3150.5,648428
2021-04-19 09:51:57,3150.0,648667
2021-04-19 09:51:58,3150.0,648770
2021-04-19 09:51:58,3150.0,648818
2021-04-19 09:51:59,3151.0,648920
2021-04-19 09:52:00,3149.95,649117
2021-04-19 09:52:01,3151.75,650149
2021-04-19 09:52:03,3151.95,650517
2021-04-19 09:52:04,3152.0,650837
2021-04-19 09:52:04,3152.0,650837
2021-04-19 09:52:05,3152.0,651050
2021-04-19 09:52:06,3151.95,651080
2021-04-19 09:52:07,3153.0,652231
2021-04-19 09:52:09,3152.8,652359
2021-04-19 09:52:10,3153.9,652476
2021-04-19 09:52:11,3153.9,652571
2021-04-19 09:52:11,3153.9,652583
2021-04-19 09:52:13,3152.85,652758
2021-04-19 09:52:14,3153.9,652974
2021-04-19 09:52:15,3154.6,653130
2021-04-19 09:52:16,3153.9,653196
2021-04-19 09:52:17,3154.0,653265
2021-04-19 09:52:18,3152.5,654156
2021-04-19 09:52:19,3152.55,654517
2021-04-19 09:52:20,3154.0,654544
2021-04-19 09:52:21,3153.7,655078
2021-04-19 09:52:23,3153.8,655189
2021-04-19 09:52:23,3152.2,655252
2021-04-19 09:52:24,3152.2,655350
2021-04-19 09:52:25,3151.9,655842
2021-04-19 09:52:27,3151.6,655910
2021-04-19 09:52:28,3150.0,656120
2021-04-19 09:52:28,3151.2,656143
2021-04-19 09:52:29,3151.2,656356
2021-04-19 09:52:30,3151.2,656411
2021-04-19 09:52:31,3151.2,656427
2021-04-19 09:52:33,3150.15,656430
2021-04-19 09:52:33,3149.5,656954
2021-04-19 09:52:34,3151.1,656959
2021-04-19 09:52:36,3150.2,657458
2021-04-19 09:52:37,3151.55,657485
2021-04-19 09:52:38,3151.0,657817
2021-04-19 09:52:39,3151.5,657874
2021-04-19 09:52:40,3151.0,657888
2021-04-19 09:52:41,3151.1,657890
2021-04-19 09:52:42,3151.0,657980
2021-04-19 09:52:42,3150.15,657987
2021-04-19 09:52:43,3150.25,658022
2021-04-19 09:52:44,3151.0,658109
2021-04-19 09:52:45,3151.0,658180
2021-04-19 09:52:46,3151.0,658274
2021-04-19 09:52:48,3150.6,658331
2021-04-19 09:52:49,3151.75,658409
2021-04-19 09:52:50,3151.7,658436
2021-04-19 09:52:51,3150.6,658485
2021-04-19 09:52:52,3151.7,658515
2021-04-19 09:52:53,3151.7,658521
2021-04-19 09:52:53,3151.7,658521
2021-04-19 09:52:54,3151.75,658536
2021-04-19 09:52:55,3150.5,658545
2021-04-19 09:52:56,3150.5,658562
2021-04-19 09:52:57,3151.0,658612
2021-04-19 09:52:58,3150.5,658646
2021-04-19 09:53:00,3150.55,659206
2021-04-19 09:53:01,3147.4,662058
2021-04-19 09:53:02,3148.0,662800
2021-04-19 09:53:02,3148.2,662790
2021-04-19 09:53:03,3147.75,662876
2021-04-19 09:53:05,3147.9,663157
2021-04-19 09:53:06,3147.9,663325
2021-04-19 09:53:07,3146.55,663473
2021-04-19 09:53:07,3147.9,663453
2021-04-19 09:53:08,3147.65,663813
2021-04-19 09:53:09,3147.65,663877
2021-04-19 09:53:10,3146.4,664031
2021-04-19 09:53:12,3146.15,664048
2021-04-19 09:53:12,3146.45,664266
2021-04-19 09:53:14,3146.45,664343
2021-04-19 09:53:15,3146.6,664394
2021-04-19 09:53:16,3146.6,664646
2021-04-19 09:53:16,3147.85,664687
2021-04-19 09:53:18,3147.85,664747
2021-04-19 09:53:19,3147.85,665301
2021-04-19 09:53:20,3147.3,665392
2021-04-19 09:53:20,3147.3,665392
2021-04-19 09:53:21,3147.85,665602
2021-04-19 09:53:22,3147.85,665611
2021-04-19 09:53:23,3147.85,665671
2021-04-19 09:53:25,3148.0,665743
2021-04-19 09:53:27,3148.0,665752
2021-04-19 09:53:28,3149.05,665758
2021-04-19 09:53:29,3149.05,665891
2021-04-19 09:53:29,3149.05,665891
2021-04-19 09:53:31,3149.05,665907
2021-04-19 09:53:32,3149.05,665907
2021-04-19 09:53:33,3149.05,666407
2021-04-19 09:53:33,3149.05,666407
2021-04-19 09:53:34,3148.4,666412
2021-04-19 09:53:35,3149.35,666435
2021-04-19 09:53:36,3148.4,666549
2021-04-19 09:53:37,3149.5,666564
2021-04-19 09:53:38,3148.4,666759
2021-04-19 09:53:40,3148.4,666898
2021-04-19 09:53:41,3149.4,666959
2021-04-19 09:53:42,3149.05,666990
2021-04-19 09:53:42,3149.05,666993
2021-04-19 09:53:43,3148.8,667111
2021-04-19 09:53:44,3148.0,667171
2021-04-19 09:53:45,3148.4,667173
2021-04-19 09:53:46,3148.8,667285
2021-04-19 09:53:47,3148.0,667295
2021-04-19 09:53:50,3148.8,667455
2021-04-19 09:53:51,3148.8,667462
2021-04-19 09:53:51,3148.8,667462
2021-04-19 09:53:52,3148.05,667488
2021-04-19 09:53:53,3148.8,667489
2021-04-19 09:53:54,3148.8,667520
2021-04-19 09:53:55,3149.4,667581
2021-04-19 09:53:57,3148.25,667682
2021-04-19 09:53:58,3148.85,668694
2021-04-19 09:53:59,3148.85,668694
2021-04-19 09:54:00,3149.05,668717
2021-04-19 09:54:01,3149.05,745524
2021-04-19 09:54:02,3150.0,745652
2021-04-19 09:54:03,3150.0,745653
2021-04-19 09:54:03,3150.0,745653
2021-04-19 09:54:04,3149.95,745657
2021-04-19 09:54:05,3149.95,745657
2021-04-19 09:54:07,3150.85,746131
2021-04-19 09:54:08,3150.85,746131
2021-04-19 09:54:09,3150.9,746150
2021-04-19 09:54:10,3150.0,746168
2021-04-19 09:54:11,3150.9,746185
2021-04-19 09:54:12,3149.6,750492
2021-04-19 09:54:13,3149.0,750875
2021-04-19 09:54:13,3149.6,750919
2021-04-19 09:54:14,3149.6,750973
2021-04-19 09:54:16,3149.75,752047
2021-04-19 09:54:17,3149.6,752069
2021-04-19 09:54:18,3150.8,752683
2021-04-19 09:54:19,3149.0,752861
2021-04-19 09:54:19,3149.35,752892
2021-04-19 09:54:20,3150.7,753226
2021-04-19 09:54:21,3148.05,753547
2021-04-19 09:54:22,3149.15,753838
2021-04-19 09:54:23,3149.25,754195
2021-04-19 09:54:25,3148.45,754206
2021-04-19 09:54:26,3150.25,754747
2021-04-19 09:54:27,3150.0,754749
2021-04-19 09:54:28,3148.9,754752
2021-04-19 09:54:29,3148.75,754803
2021-04-19 09:54:29,3148.75,754803
2021-04-19 09:54:31,3150.7,754974
2021-04-19 09:54:32,3150.8,755070
2021-04-19 09:54:33,3150.9,755099
2021-04-19 09:54:34,3151.0,755190
2021-04-19 09:54:35,3151.0,755250
2021-04-19 09:54:36,3150.8,755267
2021-04-19 09:54:37,3151.0,755613
2021-04-19 09:54:38,3149.35,756524
2021-04-19 09:54:38,3149.35,756524
2021-04-19 09:54:39,3149.8,756826
2021-04-19 09:54:41,3149.1,756869
2021-04-19 09:54:42,3148.45,756929
2021-04-19 09:54:43,3148.45,756929
2021-04-19 09:54:44,3148.0,757139
2021-04-19 09:54:45,3149.05,757140
2021-04-19 09:54:46,3148.0,757230
2021-04-19 09:54:47,3148.8,757702
2021-04-19 09:54:48,3148.95,757723
2021-04-19 09:54:49,3148.95,757728
2021-04-19 09:54:50,3148.05,757795
2021-04-19 09:54:51,3148.1,757808
2021-04-19 09:54:52,3148.95,757815
2021-04-19 09:54:53,3148.1,757908
2021-04-19 09:54:54,3148.95,757916
2021-04-19 09:54:55,3148.95,757972
2021-04-19 09:54:55,3148.95,757972
2021-04-19 09:54:56,3148.15,757973
2021-04-19 09:54:57,3148.15,758014
2021-04-19 09:54:58,3148.1,759056
2021-04-19 09:55:00,3147.85,759643
2021-04-19 09:55:01,3146.6,759851
2021-04-19 09:55:02,3146.2,759973
2021-04-19 09:55:03,3147.7,759991
2021-04-19 09:55:04,3146.2,760172
2021-04-19 09:55:05,3146.2,760234
2021-04-19 09:55:06,3146.15,760362
2021-04-19 09:55:07,3146.6,760383
2021-04-19 09:55:08,3146.15,760478
2021-04-19 09:55:09,3146.15,761073
2021-04-19 09:55:10,3146.15,761098
2021-04-19 09:55:11,3146.15,761139
2021-04-19 09:55:12,3146.5,761284
2021-04-19 09:55:13,3146.5,761427
2021-04-19 09:55:14,3144.3,762054
2021-04-19 09:55:15,3145.2,762072
2021-04-19 09:55:16,3144.05,762194
2021-04-19 09:55:17,3143.05,762387
2021-04-19 09:55:18,3142.0,763962
2021-04-19 09:55:19,3142.05,764265
2021-04-19 09:55:21,3143.4,764400
2021-04-19 09:55:22,3143.75,764492
2021-04-19 09:55:23,3142.45,764694
2021-04-19 09:55:24,3143.4,764722
2021-04-19 09:55:25,3143.5,764801
2021-04-19 09:55:25,3143.4,764853
2021-04-19 09:55:26,3143.4,764917
2021-04-19 09:55:27,3143.4,765028
2021-04-19 09:55:28,3143.9,765589
2021-04-19 09:55:30,3144.95,765602
2021-04-19 09:55:31,3145.0,765606
2021-04-19 09:55:32,3145.4,765623
2021-04-19 09:55:33,3144.0,765970
2021-04-19 09:55:34,3143.35,765992
2021-04-19 09:55:34,3143.3,765995
2021-04-19 09:55:35,3143.45,766095
2021-04-19 09:55:36,3144.3,766307
2021-04-19 09:55:37,3143.9,767088
2021-04-19 09:55:38,3143.7,767272
2021-04-19 09:55:40,3143.7,767273
2021-04-19 09:55:41,3143.2,767283
2021-04-19 09:55:42,3142.25,767308
2021-04-19 09:55:43,3142.25,767308
2021-04-19 09:55:44,3143.2,767494
2021-04-19 09:55:45,3143.2,767685
2021-04-19 09:55:46,3145.4,767817
2021-04-19 09:55:46,3145.0,767820
2021-04-19 09:55:47,3145.25,767907
2021-04-19 09:55:48,3145.45,768149
2021-04-19 09:55:49,3144.0,768224
2021-04-19 09:55:50,3144.0,768224
2021-04-19 09:55:52,3144.05,768339
2021-04-19 09:55:53,3144.05,768339
2021-04-19 09:55:54,3144.1,768354
2021-04-19 09:55:55,3144.05,768412
2021-04-19 09:55:56,3144.05,768412
2021-04-19 09:55:56,3144.05,768412
2021-04-19 09:55:57,3145.0,768423
2021-04-19 09:55:58,3145.0,768523
2021-04-19 09:55:59,3143.9,768531
2021-04-19 09:56:01,3145.0,768572
2021-04-19 09:56:02,3144.0,768620
2021-04-19 09:56:03,3144.0,768792
2021-04-19 09:56:04,3144.0,768872
2021-04-19 09:56:05,3144.05,768873
2021-04-19 09:56:06,3144.05,768911
2021-04-19 09:56:07,3144.0,768914
2021-04-19 09:56:08,3144.05,768934
2021-04-19 09:56:09,3144.05,768999
2021-04-19 09:56:10,3144.05,769468
2021-04-19 09:56:11,3144.05,769468
2021-04-19 09:56:12,3144.05,769469
2021-04-19 09:56:12,3144.05,769469
2021-04-19 09:56:14,3144.05,769509
2021-04-19 09:56:15,3144.05,769510
2021-04-19 09:56:16,3143.15,769558
2021-04-19 09:56:18,3143.0,769709
2021-04-19 09:56:19,3144.0,769746
2021-04-19 09:56:19,3144.0,769746
2021-04-19 09:56:21,3144.0,769790
2021-04-19 09:56:22,3143.15,769975
2021-04-19 09:56:23,3143.15,769975
2021-04-19 09:56:24,3144.0,769978
2021-04-19 09:56:25,3143.3,770007
2021-04-19 09:56:25,3144.0,770008
2021-04-19 09:56:26,3144.0,770038
2021-04-19 09:56:28,3144.0,770385
2021-04-19 09:56:29,3143.3,770390
2021-04-19 09:56:30,3143.3,770412
2021-04-19 09:56:31,3144.0,770524
2021-04-19 09:56:32,3144.0,770527
2021-04-19 09:56:33,3144.0,770527
2021-04-19 09:56:34,3143.3,770533
2021-04-19 09:56:35,3143.3,770603
2021-04-19 09:56:36,3143.3,770608
2021-04-19 09:56:37,3144.0,770776
2021-04-19 09:56:38,3144.0,770839
2021-04-19 09:56:38,3145.0,773501
2021-04-19 09:56:40,3145.0,774088
2021-04-19 09:56:40,3145.0,774088
2021-04-19 09:56:41,3145.0,774113
2021-04-19 09:56:43,3145.0,774134
2021-04-19 09:56:44,3144.0,774666
2021-04-19 09:56:45,3145.9,775462
2021-04-19 09:56:46,3145.7,775556
2021-04-19 09:56:47,3146.2,775718
2021-04-19 09:56:47,3147.0,775768
2021-04-19 09:56:48,3145.6,775844
2021-04-19 09:56:50,3146.7,775870
2021-04-19 09:56:51,3146.7,775880
2021-04-19 09:56:52,3145.6,776007
2021-04-19 09:56:53,3144.55,776013
2021-04-19 09:56:55,3144.55,776077
2021-04-19 09:56:56,3145.75,776263
2021-04-19 09:56:57,3147.0,776268
2021-04-19 09:56:58,3147.0,776392
2021-04-19 09:56:58,3147.0,776392
2021-04-19 09:57:00,3147.0,776448
2021-04-19 09:57:01,3145.85,776548
2021-04-19 09:57:02,3147.9,776704
2021-04-19 09:57:03,3147.0,776714
2021-04-19 09:57:04,3147.0,776785
2021-04-19 09:57:04,3147.0,776785
2021-04-19 09:57:05,3147.85,776786
2021-04-19 09:57:06,3147.85,776788
2021-04-19 09:57:07,3147.85,776791
2021-04-19 09:57:08,3147.05,776794
2021-04-19 09:57:10,3147.05,776903
2021-04-19 09:57:11,3147.05,776928
2021-04-19 09:57:12,3147.7,776936
2021-04-19 09:57:13,3147.05,776951
2021-04-19 09:57:14,3147.05,777021
2021-04-19 09:57:14,3147.5,777036
2021-04-19 09:57:16,3147.5,777058
2021-04-19 09:57:17,3147.5,777065
2021-04-19 09:57:18,3147.5,777080
2021-04-19 09:57:19,3147.05,777145
2021-04-19 09:57:20,3147.05,777250
2021-04-19 09:57:21,3147.5,777251
2021-04-19 09:57:21,3147.5,777251
2021-04-19 09:57:23,3147.5,777274
2021-04-19 09:57:24,3147.05,777281
2021-04-19 09:57:25,3147.05,777310
2021-04-19 09:57:26,3147.5,777313
2021-04-19 09:57:27,3147.05,777362
2021-04-19 09:57:28,3147.5,777382
2021-04-19 09:57:29,3147.5,777484
2021-04-19 09:57:30,3147.5,777485
2021-04-19 09:57:30,3147.5,777485
2021-04-19 09:57:31,3147.5,777497
2021-04-19 09:57:33,3147.5,777513
2021-04-19 09:57:34,3147.1,777517
2021-04-19 09:57:35,3147.1,777541
2021-04-19 09:57:36,3148.1,777542
2021-04-19 09:57:37,3147.1,777549
2021-04-19 09:57:38,3147.1,777549
2021-04-19 09:57:39,3147.1,777549
2021-04-19 09:57:39,3147.1,777549
2021-04-19 09:57:41,3147.5,777593
2021-04-19 09:57:42,3147.1,777595
2021-04-19 09:57:43,3147.5,777601
2021-04-19 09:57:44,3147.5,777664
2021-04-19 09:57:44,3147.5,777703
2021-04-19 09:57:46,3147.1,777716
2021-04-19 09:57:48,3147.5,777832
2021-04-19 09:57:49,3147.15,777842
2021-04-19 09:57:50,3147.5,777844
2021-04-19 09:57:51,3147.5,777844
2021-04-19 09:57:52,3148.2,777973
2021-04-19 09:57:53,3148.2,778000
2021-04-19 09:57:53,3147.5,778025
2021-04-19 09:57:55,3148.2,778043
2021-04-19 09:57:56,3148.2,778043
2021-04-19 09:57:57,3147.5,778048
2021-04-19 09:57:58,3148.75,778257
2021-04-19 09:57:59,3149.3,778313
2021-04-19 09:58:00,3150.0,778465
2021-04-19 09:58:01,3150.0,778465
2021-04-19 09:58:02,3149.95,778468
2021-04-19 09:58:02,3149.95,778468
2021-04-19 09:58:04,3150.25,778676
2021-04-19 09:58:05,3149.95,778679
2021-04-19 09:58:06,3149.95,778687
2021-04-19 09:58:07,3149.95,778697
2021-04-19 09:58:08,3150.0,778700
2021-04-19 09:58:09,3150.0,778791
2021-04-19 09:58:10,3149.95,778794
2021-04-19 09:58:11,3149.95,778805
2021-04-19 09:58:12,3149.95,778850
2021-04-19 09:58:13,3150.0,778950
2021-04-19 09:58:14,3150.0,778950
2021-04-19 09:58:15,3150.0,778974
2021-04-19 09:58:16,3150.7,779083
2021-04-19 09:58:17,3150.7,779083
2021-04-19 09:58:18,3150.7,779143
2021-04-19 09:58:19,3150.7,779143
2021-04-19 09:58:20,3150.2,779266
2021-04-19 09:58:21,3150.7,779269
2021-04-19 09:58:22,3150.7,779365
2021-04-19 09:58:23,3150.7,779367
2021-04-19 09:58:24,3150.7,779367
2021-04-19 09:58:25,3151.0,779368
2021-04-19 09:58:26,3151.0,779378
2021-04-19 09:58:27,3151.0,779441
2021-04-19 09:58:28,3151.0,779616
2021-04-19 09:58:29,3151.0,779956
2021-04-19 09:58:30,3152.0,779994
2021-04-19 09:58:31,3152.0,780005
2021-04-19 09:58:33,3151.0,780081
2021-04-19 09:58:32,3151.0,780017
2021-04-19 09:58:34,3151.9,780094
2021-04-19 09:58:35,3150.7,780125
2021-04-19 09:58:37,3150.7,780227
2021-04-19 09:58:39,3150.7,780238
2021-04-19 09:58:38,3150.7,780238
2021-04-19 09:58:40,3151.0,780262
2021-04-19 09:58:41,3151.0,780301
2021-04-19 09:58:42,3151.0,780317
2021-04-19 09:58:43,3151.75,780319
2021-04-19 09:58:44,3150.9,780544
2021-04-19 09:58:45,3151.75,780574
2021-04-19 09:58:46,3151.95,782204
2021-04-19 09:58:47,3152.85,782507
2021-04-19 09:58:49,3152.9,782565
2021-04-19 09:58:48,3152.9,782565
2021-04-19 09:58:50,3152.1,782648
2021-04-19 09:58:51,3152.9,782649
2021-04-19 09:58:52,3153.05,784124
2021-04-19 09:58:53,3152.9,784159
2021-04-19 09:58:54,3152.9,784199
2021-04-19 09:58:55,3152.3,784254
2021-04-19 09:58:56,3152.9,784295
2021-04-19 09:58:57,3152.9,784295
2021-04-19 09:58:58,3153.6,784413
2021-04-19 09:58:59,3152.8,784473
2021-04-19 09:59:00,3152.85,784541
2021-04-19 09:59:01,3153.6,784545
2021-04-19 09:59:03,3153.6,784682
2021-04-19 09:59:02,3153.6,784682
2021-04-19 09:59:04,3153.6,785038
2021-04-19 09:59:05,3153.55,785078
2021-04-19 09:59:06,3154.6,785550
2021-04-19 09:59:07,3154.6,785551
2021-04-19 09:59:08,3154.6,785693
2021-04-19 09:59:09,3154.05,786732
2021-04-19 09:59:10,3155.1,786864
2021-04-19 09:59:11,3155.1,786864
2021-04-19 09:59:12,3154.15,787144
2021-04-19 09:59:13,3154.15,787183
2021-04-19 09:59:14,3154.0,787940
2021-04-19 09:59:15,3154.6,787980
2021-04-19 09:59:16,3155.05,788055
2021-04-19 09:59:17,3155.05,788288
2021-04-19 09:59:18,3155.3,788351
2021-04-19 09:59:19,3154.1,788353
2021-04-19 09:59:20,3154.1,788353
2021-04-19 09:59:21,3154.85,789421
2021-04-19 09:59:22,3156.0,789527
2021-04-19 09:59:23,3155.9,789865
2021-04-19 09:59:24,3155.9,789865
2021-04-19 09:59:25,3154.6,790202
2021-04-19 09:59:26,3155.55,790288
2021-04-19 09:59:27,3155.5,790378
2021-04-19 09:59:28,3154.95,790796
2021-04-19 09:59:29,3154.1,790943
2021-04-19 09:59:30,3154.8,790949
2021-04-19 09:59:31,3155.05,791290
2021-04-19 09:59:32,3155.5,791378
2021-04-19 09:59:33,3155.0,791469
2021-04-19 09:59:34,3155.0,791617
2021-04-19 09:59:35,3155.0,791638
2021-04-19 09:59:36,3154.8,792015
2021-04-19 09:59:37,3154.8,792015
2021-04-19 09:59:38,3154.2,792106
2021-04-19 09:59:39,3154.2,792106
2021-04-19 09:59:40,3155.0,792151
2021-04-19 09:59:41,3154.8,792693
2021-04-19 09:59:42,3155.0,792705
2021-04-19 09:59:43,3154.8,792782
2021-04-19 09:59:44,3154.8,792795
2021-04-19 09:59:45,3155.0,792813
2021-04-19 09:59:47,3155.0,792940
2021-04-19 09:59:46,3155.0,792940
2021-04-19 09:59:48,3155.0,792940
2021-04-19 09:59:50,3155.0,793023
2021-04-19 09:59:51,3154.8,793027
2021-04-19 09:59:52,3155.65,793971
2021-04-19 09:59:53,3155.65,793971
2021-04-19 09:59:54,3155.0,793977
2021-04-19 09:59:55,3154.7,794164
2021-04-19 09:59:56,3155.0,794195
2021-04-19 09:59:57,3155.0,794195
2021-04-19 09:59:58,3154.7,794244
2021-04-19 09:59:59,3155.0,794262
2021-04-19 10:00:01,3155.0,794394
2021-04-19 10:00:00,3154.7,794392
2021-04-19 10:00:02,3155.0,794699
2021-04-19 10:00:03,3154.7,794720
2021-04-19 10:00:04,3155.0,794736
2021-04-19 10:00:05,3154.7,794751
2021-04-19 10:00:06,3155.0,795282
2021-04-19 10:00:07,3153.0,796308
2021-04-19 10:00:09,3152.2,796504
2021-04-19 10:00:08,3152.8,796501
2021-04-19 10:00:10,3152.2,797841
2021-04-19 10:00:11,3152.6,797874
2021-04-19 10:00:12,3152.55,797947
2021-04-19 10:00:13,3151.25,798015
2021-04-19 10:00:14,3152.45,799326
2021-04-19 10:00:15,3151.05,799449
2021-04-19 10:00:16,3151.25,799510
2021-04-19 10:00:17,3150.75,799532
2021-04-19 10:00:18,3150.75,799674
2021-04-19 10:00:20,3152.2,799837
2021-04-19 10:00:20,3150.75,799838
2021-04-19 10:00:21,3150.75,799928
2021-04-19 10:00:22,3151.7,799960
2021-04-19 10:00:23,3151.25,800017
2021-04-19 10:00:24,3151.25,800042
2021-04-19 10:00:25,3150.6,800210
2021-04-19 10:00:26,3150.6,800217
2021-04-19 10:00:27,3151.65,800260
2021-04-19 10:00:29,3151.65,800260
2021-04-19 10:00:29,3151.65,800260
2021-04-19 10:00:30,3151.65,800621
2021-04-19 10:00:31,3151.0,800623
2021-04-19 10:00:32,3151.25,800805
2021-04-19 10:00:33,3151.65,800988
2021-04-19 10:00:35,3151.65,800989
2021-04-19 10:00:35,3151.65,800989
2021-04-19 10:00:36,3151.25,800992
2021-04-19 10:00:37,3151.65,801003
2021-04-19 10:00:38,3151.25,801089
2021-04-19 10:00:39,3151.55,801090
2021-04-19 10:00:41,3150.6,801348
2021-04-19 10:00:41,3150.6,801348
2021-04-19 10:00:42,3149.2,802658
2021-04-19 10:00:43,3148.0,802740
2021-04-19 10:00:44,3149.0,802950
2021-04-19 10:00:45,3148.0,802983
2021-04-19 10:00:46,3149.0,803010
2021-04-19 10:00:48,3148.9,803044
2021-04-19 10:00:48,3148.9,803043
2021-04-19 10:00:49,3148.0,803164
2021-04-19 10:00:50,3148.9,803266
2021-04-19 10:00:51,3148.9,803320
2021-04-19 10:00:52,3148.0,803331
2021-04-19 10:00:53,3148.0,803344
2021-04-19 10:00:55,3148.9,803365
2021-04-19 10:00:55,3148.0,803374
2021-04-19 10:00:56,3148.9,803508
2021-04-19 10:00:57,3148.0,803616
2021-04-19 10:00:58,3148.0,803653
2021-04-19 10:00:59,3148.0,803663
2021-04-19 10:01:00,3148.0,803664
2021-04-19 10:01:01,3148.9,804196
2021-04-19 10:01:02,3148.75,804200
2021-04-19 10:01:03,3148.05,804321
2021-04-19 10:01:04,3148.9,804392
2021-04-19 10:01:06,3148.9,804614
2021-04-19 10:01:07,3151.0,805227
2021-04-19 10:01:08,3149.9,805237
2021-04-19 10:01:09,3150.2,805574
2021-04-19 10:01:10,3150.4,805581
2021-04-19 10:01:11,3151.15,805635
2021-04-19 10:01:12,3151.15,805635
2021-04-19 10:01:14,3151.15,805770
2021-04-19 10:01:14,3151.15,805770
2021-04-19 10:01:15,3151.55,805779
2021-04-19 10:01:16,3151.9,805787
2021-04-19 10:01:17,3151.9,805789
2021-04-19 10:01:18,3151.9,805990
2021-04-19 10:01:20,3151.75,805995
2021-04-19 10:01:20,3152.85,805996
2021-04-19 10:01:21,3152.9,806026
2021-04-19 10:01:22,3153.25,806037
2021-04-19 10:01:23,3154.95,806289
2021-04-19 10:01:24,3154.6,806311
2021-04-19 10:01:25,3153.8,806601
2021-04-19 10:01:26,3153.8,806601
2021-04-19 10:01:27,3153.85,806616
2021-04-19 10:01:28,3154.95,806621
2021-04-19 10:01:29,3154.95,806732
2021-04-19 10:01:30,3154.9,806735
2021-04-19 10:01:32,3154.9,806762
2021-04-19 10:01:32,3154.9,806806
2021-04-19 10:01:33,3153.9,806820
2021-04-19 10:01:34,3153.9,806820
2021-04-19 10:01:35,3154.6,806953
2021-04-19 10:01:36,3154.6,806972
2021-04-19 10:01:37,3154.6,806972
2021-04-19 10:01:38,3154.3,807087
2021-04-19 10:01:40,3154.3,807102
2021-04-19 10:01:40,3154.3,807107
2021-04-19 10:01:41,3155.0,808274
2021-04-19 10:01:42,3154.3,808278
2021-04-19 10:01:43,3154.05,808327
2021-04-19 10:01:44,3154.3,808367
2021-04-19 10:01:45,3154.3,808417
2021-04-19 10:01:46,3154.0,808722
2021-04-19 10:01:47,3154.0,808722
2021-04-19 10:01:48,3154.1,808892
2021-04-19 10:01:49,3153.3,809032
2021-04-19 10:01:50,3152.65,809049
2021-04-19 10:01:51,3153.9,809161
2021-04-19 10:01:52,3152.65,809164
2021-04-19 10:01:54,3152.5,809174
2021-04-19 10:01:54,3152.5,809214
2021-04-19 10:01:55,3152.45,809322
2021-04-19 10:01:56,3152.45,809322
2021-04-19 10:01:57,3153.05,809325
2021-04-19 10:01:59,3151.85,809516
2021-04-19 10:01:59,3151.65,809534
2021-04-19 10:02:00,3152.85,809548
2021-04-19 10:02:01,3151.7,809552
2021-04-19 10:02:02,3152.85,809612
2021-04-19 10:02:04,3152.85,809612
2021-04-19 10:02:04,3152.85,809612
2021-04-19 10:02:05,3152.85,809638
2021-04-19 10:02:07,3152.65,809805
2021-04-19 10:02:09,3154.25,810214
2021-04-19 10:02:09,3154.25,810214
2021-04-19 10:02:10,3154.3,810238
2021-04-19 10:02:11,3154.3,810296
2021-04-19 10:02:16,3154.5,810417
2021-04-19 10:02:16,3154.5,810417
2021-04-19 10:02:17,3153.8,810432
2021-04-19 10:02:18,3153.2,810462
2021-04-19 10:02:19,3153.8,810465
2021-04-19 10:02:20,3153.8,810571
2021-04-19 10:02:22,3154.5,810655
2021-04-19 10:02:22,3154.5,810645
2021-04-19 10:02:23,3154.5,810657
2021-04-19 10:02:24,3154.3,810752
2021-04-19 10:02:26,3153.7,810971
2021-04-19 10:02:27,3153.7,810971
2021-04-19 10:02:27,3153.7,810971
2021-04-19 10:02:28,3154.3,811026
2021-04-19 10:02:29,3154.0,811033
2021-04-19 10:02:30,3154.3,811083
2021-04-19 10:02:32,3155.0,811381
2021-04-19 10:02:33,3154.3,811480
2021-04-19 10:02:33,3154.3,811480
2021-04-19 10:02:34,3154.3,811480
2021-04-19 10:02:35,3154.8,811502
2021-04-19 10:02:37,3156.55,814508
2021-04-19 10:02:38,3158.45,815167
2021-04-19 10:02:39,3156.95,815355
2021-04-19 10:02:40,3158.1,815451
2021-04-19 10:02:41,3156.5,815488
2021-04-19 10:02:41,3156.5,815488
2021-04-19 10:02:42,3156.5,815815
2021-04-19 10:02:43,3156.35,816168
2021-04-19 10:02:45,3156.3,816476
2021-04-19 10:02:46,3156.2,816525
2021-04-19 10:02:47,3156.2,816614
2021-04-19 10:02:48,3156.2,816733
2021-04-19 10:02:49,3156.2,816745
2021-04-19 10:02:50,3156.1,816822
2021-04-19 10:02:52,3156.4,816877
2021-04-19 10:02:53,3155.55,816910
2021-04-19 10:02:54,3156.25,817211
2021-04-19 10:02:54,3155.55,817213
2021-04-19 10:02:55,3154.95,817239
2021-04-19 10:02:56,3156.7,817561
2021-04-19 10:02:57,3156.4,817565
2021-04-19 10:02:59,3156.4,817725
2021-04-19 10:03:00,3156.75,817948
2021-04-19 10:03:00,3156.7,817950
2021-04-19 10:03:01,3156.75,817954
2021-04-19 10:03:02,3156.75,817984
2021-04-19 10:03:04,3156.45,818077
2021-04-19 10:03:05,3156.45,818077
2021-04-19 10:03:08,3156.5,818355
2021-04-19 10:03:10,3156.5,818360
2021-04-19 10:03:11,3156.45,818597
2021-04-19 10:03:11,3156.45,818597
2021-04-19 10:03:12,3156.65,818627
2021-04-19 10:03:13,3155.8,818680
2021-04-19 10:03:14,3157.55,818920
2021-04-19 10:03:16,3157.55,818920
2021-04-19 10:03:17,3155.8,818955
2021-04-19 10:03:17,3155.8,818955
2021-04-19 10:03:18,3155.85,819025
2021-04-19 10:03:20,3156.65,819537
2021-04-19 10:03:22,3155.55,819682
2021-04-19 10:03:23,3156.4,819692
2021-04-19 10:03:23,3156.3,819742
2021-04-19 10:03:24,3156.3,819742
2021-04-19 10:03:25,3155.8,819746
2021-04-19 10:03:27,3155.35,819761
2021-04-19 10:03:28,3155.0,819978
2021-04-19 10:03:28,3155.0,819978
2021-04-19 10:03:29,3155.55,819980
2021-04-19 10:03:30,3154.9,820009
2021-04-19 10:03:32,3155.05,820191
2021-04-19 10:03:33,3155.05,820413
2021-04-19 10:03:33,3155.05,820413
2021-04-19 10:03:34,3155.0,820423
2021-04-19 10:03:35,3157.3,820835
2021-04-19 10:03:37,3155.8,820838
2021-04-19 10:03:38,3155.9,820961
2021-04-19 10:03:38,3156.1,820951
2021-04-19 10:03:39,3155.9,820961
2021-04-19 10:03:40,3157.15,820981
2021-04-19 10:03:42,3157.55,822281
2021-04-19 10:03:43,3156.3,822329
2021-04-19 10:03:43,3157.45,822401
2021-04-19 10:03:44,3157.45,822541
2021-04-19 10:03:45,3157.0,822551
2021-04-19 10:03:47,3157.45,822579
2021-04-19 10:03:48,3157.05,822714
2021-04-19 10:03:49,3157.45,822784
2021-04-19 10:03:49,3157.45,822784
2021-04-19 10:03:50,3157.45,822793
2021-04-19 10:03:51,3157.45,822793
2021-04-19 10:03:52,3157.45,822906
2021-04-19 10:03:54,3158.0,822934
2021-04-19 10:03:55,3157.1,823092
2021-04-19 10:03:56,3157.5,823154
2021-04-19 10:03:57,3157.5,823158
2021-04-19 10:03:57,3157.5,823165
2021-04-19 10:03:58,3157.15,823216
2021-04-19 10:03:59,3157.15,823266
2021-04-19 10:04:01,3157.15,823667
2021-04-19 10:04:02,3157.45,823678
2021-04-19 10:04:03,3157.15,823923
2021-04-19 10:04:03,3157.15,823923
2021-04-19 10:04:04,3157.1,823993
2021-04-19 10:04:05,3157.45,824001
2021-04-19 10:04:07,3157.1,824002
2021-04-19 10:04:08,3157.1,824007
2021-04-19 10:04:08,3157.1,824007
2021-04-19 10:04:09,3157.25,824008
2021-04-19 10:04:10,3157.15,824190
2021-04-19 10:04:12,3157.1,824216
2021-04-19 10:04:13,3157.1,824216
2021-04-19 10:04:13,3157.1,824216
2021-04-19 10:04:14,3156.7,824235
2021-04-19 10:04:15,3156.85,824246
2021-04-19 10:04:17,3156.85,824246
2021-04-19 10:04:18,3156.85,824246
2021-04-19 10:04:19,3155.6,824287
2021-04-19 10:04:19,3155.6,824287
2021-04-19 10:04:20,3156.7,824434
2021-04-19 10:04:21,3156.8,824435
2021-04-19 10:04:22,3156.0,824539
2021-04-19 10:04:24,3155.6,824543
2021-04-19 10:04:25,3155.6,824546
2021-04-19 10:04:26,3155.5,824552
2021-04-19 10:04:26,3155.5,824552
2021-04-19 10:04:28,3155.5,824883
2021-04-19 10:04:30,3155.5,824890
2021-04-19 10:04:31,3155.5,824890
2021-04-19 10:04:32,3155.2,824957
2021-04-19 10:04:34,3155.35,825072
2021-04-19 10:04:35,3155.35,825072
2021-04-19 10:04:36,3155.5,825184
2021-04-19 10:04:37,3156.0,825207
2021-04-19 10:04:39,3155.7,825271
2021-04-19 10:04:39,3155.7,825271
2021-04-19 10:04:40,3156.0,825282
2021-04-19 10:04:41,3155.7,825296
2021-04-19 10:04:44,3156.8,826051
2021-04-19 10:04:45,3157.85,826096
2021-04-19 10:04:46,3156.8,826401
2021-04-19 10:04:47,3157.75,826402
2021-04-19 10:04:47,3157.75,826402
2021-04-19 10:04:48,3157.0,826480
2021-04-19 10:04:50,3157.2,828658
2021-04-19 10:04:51,3157.25,828670
2021-04-19 10:04:52,3158.0,828773
2021-04-19 10:04:53,3157.4,829159
2021-04-19 10:04:53,3157.4,829159
2021-04-19 10:04:54,3157.75,829284
2021-04-19 10:04:55,3159.0,829415
2021-04-19 10:04:57,3157.95,829577
2021-04-19 10:04:58,3160.0,834780
2021-04-19 10:04:59,3159.2,836256
2021-04-19 10:05:00,3159.95,836802
2021-04-19 10:05:01,3160.0,836945
2021-04-19 10:05:01,3160.0,836945
2021-04-19 10:05:02,3160.0,837042
2021-04-19 10:05:04,3160.25,837213
2021-04-19 10:05:05,3160.0,838453
2021-04-19 10:05:06,3159.95,838686
2021-04-19 10:05:06,3159.95,838685
2021-04-19 10:05:07,3158.65,838758
2021-04-19 10:05:08,3158.1,839141
2021-04-19 10:05:10,3159.5,839240
2021-04-19 10:05:11,3159.75,839471
2021-04-19 10:05:12,3159.75,839521
2021-04-19 10:05:12,3159.75,839523
2021-04-19 10:05:13,3158.85,839961
2021-04-19 10:05:14,3158.85,839961
2021-04-19 10:05:15,3158.9,840009
2021-04-19 10:05:17,3160.0,840079
2021-04-19 10:05:18,3159.8,840249
2021-04-19 10:05:19,3159.8,840297
2021-04-19 10:05:20,3160.25,840638
2021-04-19 10:05:22,3160.25,841259
2021-04-19 10:05:23,3160.15,841336
2021-04-19 10:05:24,3159.8,841464
2021-04-19 10:05:24,3160.25,841590
2021-04-19 10:05:25,3160.8,842200
2021-04-19 10:05:26,3159.0,842222
2021-04-19 10:05:27,3159.0,842322
2021-04-19 10:05:29,3159.3,843127
2021-04-19 10:05:30,3158.0,843177
2021-04-19 10:05:31,3159.0,843187
2021-04-19 10:05:31,3159.05,843197
2021-04-19 10:05:32,3159.05,843197
2021-04-19 10:05:34,3156.6,843621
2021-04-19 10:05:35,3157.25,844179
2021-04-19 10:05:36,3157.15,844209
2021-04-19 10:05:37,3156.0,844215
2021-04-19 10:05:38,3155.5,844240
2021-04-19 10:05:38,3155.2,844241
2021-04-19 10:05:39,3155.95,844512
2021-04-19 10:05:41,3155.25,844686
2021-04-19 10:05:42,3155.75,844687
2021-04-19 10:05:44,3155.75,845041
2021-04-19 10:05:44,3155.75,845041
2021-04-19 10:05:45,3155.65,845080
2021-04-19 10:05:46,3155.65,845080
2021-04-19 10:05:48,3155.65,845082
2021-04-19 10:05:49,3155.65,845180
2021-04-19 10:05:50,3155.25,845253
2021-04-19 10:05:50,3155.25,845253
2021-04-19 10:05:51,3155.65,845278
2021-04-19 10:05:53,3155.65,845282
2021-04-19 10:05:54,3155.25,845289
2021-04-19 10:05:55,3155.65,845440
2021-04-19 10:05:55,3155.65,845440
2021-04-19 10:05:56,3155.25,845550
2021-04-19 10:05:58,3155.1,845553
2021-04-19 10:05:59,3155.1,845567
2021-04-19 10:06:00,3155.1,845569
2021-04-19 10:06:01,3155.1,845575
2021-04-19 10:06:01,3155.1,845575
2021-04-19 10:06:02,3155.0,845582
2021-04-19 10:06:04,3155.0,845783
2021-04-19 10:06:05,3154.0,845850
2021-04-19 10:06:06,3154.0,845856
2021-04-19 10:06:07,3154.8,845858
2021-04-19 10:06:07,3154.8,845858
2021-04-19 10:06:08,3154.8,845920
2021-04-19 10:06:09,3154.0,845960
2021-04-19 10:06:11,3153.95,846080
2021-04-19 10:06:12,3153.35,846082
2021-04-19 10:06:13,3154.8,846307
2021-04-19 10:06:13,3154.8,846307
2021-04-19 10:06:14,3154.8,846307
2021-04-19 10:06:15,3155.0,846457
2021-04-19 10:06:17,3153.65,846565
2021-04-19 10:06:18,3154.85,846577
2021-04-19 10:06:19,3153.45,846677
2021-04-19 10:06:20,3153.45,846677
2021-04-19 10:06:20,3153.45,846677
2021-04-19 10:06:21,3154.8,846679
