timestamp,ltp,volume
2021-04-19 09:15:35,464.4,651154
2021-04-19 09:15:36,465.55,663901
2021-04-19 09:15:37,465.2,685026
2021-04-19 09:15:38,464.45,703517
2021-04-19 09:15:39,464.8,716651
2021-04-19 09:15:40,464.7,726365
2021-04-19 09:15:41,464.55,738707
2021-04-19 09:15:42,464.9,739463
2021-04-19 09:15:43,464.95,746555
2021-04-19 09:15:44,464.65,752779
2021-04-19 09:15:46,464.95,779440
2021-04-19 09:15:47,464.7,793568
2021-04-19 09:15:48,464.85,795440
2021-04-19 09:15:50,464.4,810683
2021-04-19 09:15:51,463.85,839608
2021-04-19 09:15:52,463.9,844352
2021-04-19 09:15:53,463.9,851308
2021-04-19 09:15:54,463.8,857181
2021-04-19 09:15:55,463.6,858079
2021-04-19 09:15:56,463.7,865603
2021-04-19 09:15:57,463.45,883962
2021-04-19 09:15:58,464.0,900379
2021-04-19 09:15:59,464.35,929597
2021-04-19 09:16:01,464.95,944988
2021-04-19 09:16:02,464.65,952886
2021-04-19 09:16:03,464.7,961586
2021-04-19 09:16:04,464.7,971037
2021-04-19 09:16:05,465.0,989015
2021-04-19 09:16:06,464.75,995625
2021-04-19 09:16:08,464.2,1002537
2021-04-19 09:16:07,464.45,1002518
2021-04-19 09:16:09,464.05,1007527
2021-04-19 09:16:10,464.55,1012973
2021-04-19 09:16:12,464.85,1030694
2021-04-19 09:16:13,465.25,1046997
2021-04-19 09:16:14,464.8,1056851
2021-04-19 09:16:15,464.65,1061323
2021-04-19 09:16:17,464.5,1087424
2021-04-19 09:16:18,464.25,1092154
2021-04-19 09:16:19,464.85,1121573
2021-04-19 09:16:20,465.0,1121668
2021-04-19 09:16:21,465.0,1128402
2021-04-19 09:16:22,464.8,1143925
2021-04-19 09:16:23,465.15,1151918
2021-04-19 09:16:24,465.0,1160495
2021-04-19 09:16:25,465.2,1166193
2021-04-19 09:16:26,465.0,1166793
2021-04-19 09:16:27,465.5,1178050
2021-04-19 09:16:28,465.85,1183968
2021-04-19 09:16:29,466.35,1225731
2021-04-19 09:16:30,466.05,1235678
2021-04-19 09:16:31,466.1,1242268
2021-04-19 09:16:32,466.3,1249310
2021-04-19 09:16:33,466.0,1252672
2021-04-19 09:16:34,466.0,1260386
2021-04-19 09:16:35,466.2,1271194
2021-04-19 09:16:36,466.15,1271314
2021-04-19 09:16:37,466.4,1275368
2021-04-19 09:16:38,466.35,1281891
2021-04-19 09:16:39,466.6,1288550
2021-04-19 09:16:40,466.4,1291974
2021-04-19 09:16:41,466.55,1304764
2021-04-19 09:16:42,466.25,1305978
2021-04-19 09:16:43,466.8,1316436
2021-04-19 09:16:44,467.25,1335162
2021-04-19 09:16:45,467.05,1341526
2021-04-19 09:16:47,467.5,1350488
2021-04-19 09:16:46,467.6,1349422
2021-04-19 09:16:48,467.5,1354038
2021-04-19 09:16:49,466.7,1366432
2021-04-19 09:16:50,467.0,1374223
2021-04-19 09:16:51,466.9,1378033
2021-04-19 09:16:52,466.6,1383741
2021-04-19 09:16:53,466.95,1391456
2021-04-19 09:16:54,466.8,1399956
2021-04-19 09:16:55,466.6,1403143
2021-04-19 09:16:56,466.35,1412245
2021-04-19 09:16:57,466.6,1420840
2021-04-19 09:16:58,466.5,1424307
2021-04-19 09:16:59,465.75,1455084
2021-04-19 09:17:00,465.8,1455288
2021-04-19 09:17:01,466.15,1465401
2021-04-19 09:17:02,466.05,1475170
2021-04-19 09:17:03,465.9,1478356
2021-04-19 09:17:04,466.0,1486455
2021-04-19 09:17:05,466.0,1496374
2021-04-19 09:17:06,466.0,1496735
2021-04-19 09:17:07,465.95,1503092
2021-04-19 09:17:08,465.7,1516667
2021-04-19 09:17:09,465.75,1518198
2021-04-19 09:17:10,465.5,1522834
2021-04-19 09:17:12,465.5,1527250
2021-04-19 09:17:11,465.45,1526604
2021-04-19 09:17:13,465.65,1540489
2021-04-19 09:17:14,465.35,1548547
2021-04-19 09:17:15,465.7,1552411
2021-04-19 09:17:17,465.5,1562404
2021-04-19 09:17:18,464.95,1583306
2021-04-19 09:17:18,465.0,1583900
2021-04-19 09:17:19,465.75,1596556
2021-04-19 09:17:20,465.5,1601665
2021-04-19 09:17:21,465.15,1604792
2021-04-19 09:17:23,465.3,1612595
2021-04-19 09:17:24,465.8,1624384
2021-04-19 09:17:24,465.6,1621429
2021-04-19 09:17:25,465.45,1630424
2021-04-19 09:17:26,465.8,1631392
2021-04-19 09:17:27,466.0,1659290
2021-04-19 09:17:28,466.15,1662407
2021-04-19 09:17:29,465.8,1665850
2021-04-19 09:17:30,465.75,1679277
2021-04-19 09:17:31,465.95,1688331
2021-04-19 09:17:32,465.7,1691111
2021-04-19 09:17:33,465.25,1699042
2021-04-19 09:17:35,465.85,1707566
2021-04-19 09:17:35,465.7,1707636
2021-04-19 09:17:36,466.15,1717567
2021-04-19 09:17:37,466.2,1735696
2021-04-19 09:17:38,466.95,1740413
2021-04-19 09:17:40,467.0,1766612
2021-04-19 09:17:40,466.9,1769073
2021-04-19 09:17:41,467.45,1779749
2021-04-19 09:17:42,468.55,1811412
2021-04-19 09:17:43,468.6,1828642
2021-04-19 09:17:44,468.55,1835272
2021-04-19 09:17:45,468.25,1852497
2021-04-19 09:17:46,467.6,1859592
2021-04-19 09:17:48,467.45,1887490
2021-04-19 09:17:48,467.25,1889409
2021-04-19 09:17:49,467.95,1902705
2021-04-19 09:17:50,467.75,1908433
2021-04-19 09:17:51,467.35,1923399
2021-04-19 09:17:52,467.2,1929234
2021-04-19 09:17:54,467.4,1935647
2021-04-19 09:17:54,467.35,1935957
2021-04-19 09:17:55,467.25,1938765
2021-04-19 09:17:56,467.15,1940942
2021-04-19 09:17:57,467.25,1953053
2021-04-19 09:17:59,467.85,1961487
2021-04-19 09:17:59,467.75,1960417
2021-04-19 09:18:00,468.15,1964711
2021-04-19 09:18:01,467.85,1970255
2021-04-19 09:18:02,468.15,1974398
2021-04-19 09:18:03,468.15,1981167
2021-04-19 09:18:05,468.25,1986995
2021-04-19 09:18:06,468.4,1989637
2021-04-19 09:18:10,468.55,2033008
2021-04-19 09:18:12,468.4,2038214
2021-04-19 09:18:12,468.45,2038974
2021-04-19 09:18:13,468.4,2045599
2021-04-19 09:18:14,468.25,2050712
2021-04-19 09:18:15,468.25,2054933
2021-04-19 09:18:16,467.95,2066247
2021-04-19 09:18:18,467.9,2072619
2021-04-19 09:18:18,467.95,2080689
2021-04-19 09:18:19,467.7,2163151
2021-04-19 09:18:20,467.3,2172180
2021-04-19 09:18:21,467.95,2200766
2021-04-19 09:18:23,467.85,2211030
2021-04-19 09:18:23,467.85,2212242
2021-04-19 09:18:24,468.25,2215646
2021-04-19 09:18:25,468.0,2220039
2021-04-19 09:18:26,468.1,2234868
2021-04-19 09:18:28,467.7,2238674
2021-04-19 09:18:28,467.9,2238868
2021-04-19 09:18:29,467.8,2247183
2021-04-19 09:18:30,467.3,2258345
2021-04-19 09:18:31,466.55,2280186
2021-04-19 09:18:32,466.45,2282843
2021-04-19 09:18:34,466.8,2291981
2021-04-19 09:18:34,466.8,2292700
2021-04-19 09:18:35,467.75,2295993
2021-04-19 09:18:36,467.95,2304122
2021-04-19 09:18:37,467.65,2307683
2021-04-19 09:18:38,467.9,2318046
2021-04-19 09:18:39,467.65,2321550
2021-04-19 09:18:41,467.45,2328043
2021-04-19 09:18:41,467.3,2329586
2021-04-19 09:18:42,467.05,2334276
2021-04-19 09:18:43,466.55,2338538
2021-04-19 09:18:44,466.5,2344313
2021-04-19 09:18:45,466.85,2349502
2021-04-19 09:18:47,466.5,2352743
2021-04-19 09:18:47,466.45,2354807
2021-04-19 09:18:48,466.85,2358112
2021-04-19 09:18:49,467.15,2367630
2021-04-19 09:18:50,467.0,2370996
2021-04-19 09:18:52,467.2,2375126
2021-04-19 09:18:52,467.0,2376701
2021-04-19 09:18:53,466.7,2380373
2021-04-19 09:18:54,466.85,2384577
2021-04-19 09:18:55,467.0,2390256
2021-04-19 09:18:56,466.9,2392674
2021-04-19 09:18:57,466.95,2397296
2021-04-19 09:18:59,466.9,2402338
2021-04-19 09:18:59,466.9,2402382
2021-04-19 09:19:00,466.95,2412454
2021-04-19 09:19:01,466.85,2427768
2021-04-19 09:19:02,467.0,2430121
2021-04-19 09:19:03,467.0,2430963
2021-04-19 09:19:05,466.9,2456385
2021-04-19 09:19:06,466.85,2470055
2021-04-19 09:19:07,466.85,2476571
2021-04-19 09:19:08,466.9,2484292
2021-04-19 09:19:09,466.85,2486279
2021-04-19 09:19:11,466.95,2489286
2021-04-19 09:19:11,467.0,2488981
2021-04-19 09:19:12,466.85,2491773
2021-04-19 09:19:13,466.6,2496453
2021-04-19 09:19:14,466.9,2497188
2021-04-19 09:19:16,466.8,2500364
2021-04-19 09:19:16,466.65,2500293
2021-04-19 09:19:17,466.8,2506081
2021-04-19 09:19:18,466.75,2513042
2021-04-19 09:19:19,466.55,2514854
2021-04-19 09:19:21,466.35,2517610
2021-04-19 09:19:22,466.5,2519571
2021-04-19 09:19:22,466.3,2519621
2021-04-19 09:19:26,466.2,2555822
2021-04-19 09:19:28,466.15,2561247
2021-04-19 09:19:29,466.1,2566652
2021-04-19 09:19:31,466.2,2568325
2021-04-19 09:19:32,466.45,2571507
2021-04-19 09:19:32,466.2,2571957
2021-04-19 09:19:33,466.2,2573177
2021-04-19 09:19:34,466.15,2577270
2021-04-19 09:19:35,466.3,2581358
2021-04-19 09:19:37,466.05,2600091
2021-04-19 09:19:38,466.0,2607175
2021-04-19 09:19:38,466.05,2607451
2021-04-19 09:19:39,466.2,2608976
2021-04-19 09:19:40,466.05,2613771
2021-04-19 09:19:42,466.15,2615479
2021-04-19 09:19:43,466.15,2618183
2021-04-19 09:19:43,466.15,2618534
2021-04-19 09:19:44,466.0,2621838
2021-04-19 09:19:45,466.0,2634084
2021-04-19 09:19:47,466.0,2645968
2021-04-19 09:19:49,465.95,2674317
2021-04-19 09:19:52,466.0,2685743
2021-04-19 09:19:53,466.0,2695678
2021-04-19 09:19:55,465.65,2702995
2021-04-19 09:19:56,465.85,2706432
2021-04-19 09:19:57,466.1,2730938
2021-04-19 09:19:58,466.2,2735840
2021-04-19 09:20:00,466.2,2743664
2021-04-19 09:20:01,466.65,2750340
2021-04-19 09:20:01,466.45,2751451
2021-04-19 09:20:02,466.55,2755563
2021-04-19 09:20:03,466.4,2759683
2021-04-19 09:20:04,466.35,2761049
2021-04-19 09:20:05,466.35,2761687
2021-04-19 09:20:06,466.35,2764270
2021-04-19 09:20:08,466.4,2765996
2021-04-19 09:20:09,466.35,2768756
2021-04-19 09:20:09,466.35,2768756
2021-04-19 09:20:10,466.45,2779968
2021-04-19 09:20:11,466.35,2782309
2021-04-19 09:20:12,466.3,2798603
2021-04-19 09:20:14,466.0,2804070
2021-04-19 09:20:15,466.0,2807732
2021-04-19 09:20:15,466.3,2807745
2021-04-19 09:20:16,466.0,2810290
2021-04-19 09:20:17,466.35,2813235
2021-04-19 09:20:20,466.25,2819792
2021-04-19 09:20:21,466.0,2822731
2021-04-19 09:20:21,466.05,2822982
2021-04-19 09:20:23,465.85,2826017
2021-04-19 09:20:24,466.0,2827777
2021-04-19 09:20:25,465.8,2833189
2021-04-19 09:20:27,465.7,2834832
2021-04-19 09:20:28,465.6,2836878
2021-04-19 09:20:29,465.95,2841298
2021-04-19 09:20:29,466.0,2841813
2021-04-19 09:20:30,465.95,2844870
2021-04-19 09:20:31,465.8,2845982
2021-04-19 09:20:32,465.7,2848036
2021-04-19 09:20:33,465.65,2850658
2021-04-19 09:20:35,465.7,2852971
2021-04-19 09:20:36,465.6,2854498
2021-04-19 09:20:37,465.35,2871184
2021-04-19 09:20:37,465.35,2870545
2021-04-19 09:20:38,465.25,2876425
2021-04-19 09:20:39,465.45,2879624
2021-04-19 09:20:42,465.3,2913004
2021-04-19 09:20:44,464.65,2931989
2021-04-19 09:20:45,465.1,2948470
2021-04-19 09:20:46,464.45,2967644
2021-04-19 09:20:48,464.75,2974547
2021-04-19 09:20:49,464.55,2979143
2021-04-19 09:20:49,464.7,2979465
2021-04-19 09:20:50,464.6,2983408
2021-04-19 09:20:51,464.55,2989690
2021-04-19 09:20:53,464.5,2994152
2021-04-19 09:20:54,464.6,3002317
2021-04-19 09:20:54,464.35,3002387
2021-04-19 09:20:55,464.4,3008276
2021-04-19 09:20:58,464.35,3018635
2021-04-19 09:20:59,464.25,3021031
2021-04-19 09:20:59,464.1,3021313
2021-04-19 09:21:00,464.2,3023546
2021-04-19 09:21:01,464.4,3029859
2021-04-19 09:21:03,464.3,3035611
2021-04-19 09:21:04,464.15,3037464
2021-04-19 09:21:04,464.2,3037614
2021-04-19 09:21:05,464.7,3052039
2021-04-19 09:21:06,464.5,3079699
2021-04-19 09:21:07,464.5,3083505
2021-04-19 09:21:09,464.9,3098088
2021-04-19 09:21:10,464.6,3104441
2021-04-19 09:21:10,464.55,3104625
2021-04-19 09:21:11,464.8,3109060
2021-04-19 09:21:12,464.85,3116273
2021-04-19 09:21:14,464.75,3133864
2021-04-19 09:21:15,464.45,3140578
2021-04-19 09:21:15,464.7,3140588
2021-04-19 09:21:17,464.45,3146129
2021-04-19 09:21:19,464.3,3148479
2021-04-19 09:21:20,464.4,3153137
2021-04-19 09:21:20,464.5,3153827
2021-04-19 09:21:21,464.95,3173428
2021-04-19 09:21:22,464.9,3206939
2021-04-19 09:21:26,465.0,3213030
2021-04-19 09:21:26,464.9,3219626
2021-04-19 09:21:27,465.5,3245033
2021-04-19 09:21:29,465.6,3249925
2021-04-19 09:21:30,465.6,3257617
2021-04-19 09:21:31,465.65,3264418
2021-04-19 09:21:31,465.65,3266957
2021-04-19 09:21:32,465.65,3271889
2021-04-19 09:21:34,466.1,3298129
2021-04-19 09:21:35,466.3,3311958
2021-04-19 09:21:36,466.3,3323939
2021-04-19 09:21:36,466.35,3325195
2021-04-19 09:21:37,466.25,3329838
2021-04-19 09:21:38,466.2,3332752
2021-04-19 09:21:40,466.25,3335649
2021-04-19 09:21:41,466.3,3336895
2021-04-19 09:21:42,466.25,3339481
2021-04-19 09:21:43,466.7,3342875
2021-04-19 09:21:43,466.8,3343131
2021-04-19 09:21:44,466.5,3345349
2021-04-19 09:21:46,466.45,3347664
2021-04-19 09:21:47,466.55,3349981
2021-04-19 09:21:48,466.45,3360673
2021-04-19 09:21:49,466.6,3363914
2021-04-19 09:21:49,466.55,3364474
2021-04-19 09:21:50,466.7,3369249
2021-04-19 09:21:51,466.8,3396994
2021-04-19 09:21:53,467.25,3435544
2021-04-19 09:21:54,467.05,3440215
2021-04-19 09:21:55,467.45,3440602
2021-04-19 09:21:56,467.65,3455904
2021-04-19 09:21:57,467.35,3459494
2021-04-19 09:21:58,467.55,3462235
2021-04-19 09:21:59,467.7,3492485
2021-04-19 09:21:59,467.65,3493544
2021-04-19 09:22:00,467.85,3497917
2021-04-19 09:22:02,468.5,3621271
2021-04-19 09:22:03,469.05,3646411
2021-04-19 09:22:04,469.0,3672590
2021-04-19 09:22:05,469.15,3691175
2021-04-19 09:22:06,468.95,3725158
2021-04-19 09:22:07,469.5,3729425
2021-04-19 09:22:08,469.5,3734184
2021-04-19 09:22:09,469.6,3741396
2021-04-19 09:22:10,469.4,3751125
2021-04-19 09:22:11,470.0,3780762
2021-04-19 09:22:12,469.65,3797280
2021-04-19 09:22:13,469.5,3804915
2021-04-19 09:22:14,469.25,3824276
2021-04-19 09:22:16,469.4,3836336
2021-04-19 09:22:17,469.4,3843666
2021-04-19 09:22:18,469.6,3854748
2021-04-19 09:22:19,469.3,3859844
2021-04-19 09:22:20,469.55,3865729
2021-04-19 09:22:21,469.6,3873795
2021-04-19 09:22:23,470.8,3923290
2021-04-19 09:22:24,471.2,3947551
2021-04-19 09:22:25,471.1,3968518
2021-04-19 09:22:26,471.95,4006742
2021-04-19 09:22:27,472.35,4044498
2021-04-19 09:22:28,471.75,4078409
2021-04-19 09:22:29,471.7,4091038
2021-04-19 09:22:30,471.5,4120750
2021-04-19 09:22:31,470.9,4140817
2021-04-19 09:22:32,470.8,4148673
2021-04-19 09:22:34,470.6,4154591
2021-04-19 09:22:35,470.4,4162012
2021-04-19 09:22:36,471.0,4168469
2021-04-19 09:22:37,471.0,4178683
2021-04-19 09:22:38,470.9,4186541
2021-04-19 09:22:39,471.15,4194164
2021-04-19 09:22:39,470.65,4195301
2021-04-19 09:22:40,471.25,4204303
2021-04-19 09:22:41,471.1,4212003
2021-04-19 09:22:42,471.4,4220231
2021-04-19 09:22:43,471.0,4239213
2021-04-19 09:22:45,470.8,4249129
2021-04-19 09:22:46,470.8,4261915
2021-04-19 09:22:47,471.0,4273013
2021-04-19 09:22:48,471.05,4276504
2021-04-19 09:22:49,471.15,4280545
2021-04-19 09:22:50,471.5,4288689
2021-04-19 09:22:51,471.6,4297584
2021-04-19 09:22:52,471.5,4303313
2021-04-19 09:22:53,471.9,4312435
2021-04-19 09:22:54,471.6,4331735
2021-04-19 09:22:55,472.35,4357805
2021-04-19 09:22:56,472.3,4371269
2021-04-19 09:22:57,472.5,4391234
2021-04-19 09:22:58,472.7,4419099
2021-04-19 09:22:59,472.6,4439136
2021-04-19 09:23:00,472.95,4451580
2021-04-19 09:23:01,473.8,4487808
2021-04-19 09:23:02,474.0,4526710
2021-04-19 09:23:03,474.3,4546168
2021-04-19 09:23:04,474.4,4589451
2021-04-19 09:23:04,474.4,4585946
2021-04-19 09:23:05,474.3,4649764
2021-04-19 09:23:06,474.2,4680419
2021-04-19 09:23:07,473.2,4714447
2021-04-19 09:23:08,472.8,4756993
2021-04-19 09:23:09,471.7,4800228
2021-04-19 09:23:10,472.3,4815401
2021-04-19 09:23:11,473.0,4829976
2021-04-19 09:23:12,473.05,4837066
2021-04-19 09:23:13,473.3,4849575
2021-04-19 09:23:14,472.9,4864851
2021-04-19 09:23:15,473.35,4873235
2021-04-19 09:23:17,473.35,4892373
2021-04-19 09:23:18,472.85,4905294
2021-04-19 09:23:19,472.75,4918121
2021-04-19 09:23:20,472.8,4932353
2021-04-19 09:23:21,472.4,4974201
2021-04-19 09:23:22,472.5,4982350
2021-04-19 09:23:23,472.0,4994574
2021-04-19 09:23:24,472.35,5001628
2021-04-19 09:23:25,472.5,5009852
2021-04-19 09:23:26,472.45,5023167
2021-04-19 09:23:27,472.6,5028264
2021-04-19 09:23:28,472.4,5048063
2021-04-19 09:23:29,472.2,5054426
2021-04-19 09:23:30,472.25,5067255
2021-04-19 09:23:31,472.55,5073691
2021-04-19 09:23:31,472.3,5077368
2021-04-19 09:23:32,472.8,5084497
2021-04-19 09:23:33,472.95,5122431
2021-04-19 09:23:34,472.9,5139358
2021-04-19 09:23:35,473.1,5144383
2021-04-19 09:23:36,473.4,5149331
2021-04-19 09:23:38,473.7,5160898
2021-04-19 09:23:39,474.35,5192042
2021-04-19 09:23:40,474.65,5210148
2021-04-19 09:23:41,475.05,5312529
2021-04-19 09:23:42,475.45,5363400
2021-04-19 09:23:43,475.3,5382956
2021-04-19 09:23:44,474.9,5398066
2021-04-19 09:23:45,474.75,5426073
2021-04-19 09:23:46,474.5,5453021
2021-04-19 09:23:47,474.4,5461761
2021-04-19 09:23:48,475.0,5491357
2021-04-19 09:23:49,475.0,5503897
2021-04-19 09:23:50,475.15,5524096
2021-04-19 09:23:51,474.85,5536341
2021-04-19 09:23:52,475.6,5548730
2021-04-19 09:23:53,475.6,5571799
2021-04-19 09:23:54,475.5,5597048
2021-04-19 09:23:55,475.05,5660931
2021-04-19 09:23:56,475.0,5681131
2021-04-19 09:23:57,475.15,5728121
2021-04-19 09:23:58,475.25,5739915
2021-04-19 09:23:58,475.2,5738481
2021-04-19 09:23:59,475.45,5747601
2021-04-19 09:24:01,475.2,5784438
2021-04-19 09:24:02,475.65,5796437
2021-04-19 09:24:03,475.4,5810136
2021-04-19 09:24:04,475.95,5837246
2021-04-19 09:24:05,475.6,5854402
2021-04-19 09:24:06,476.0,5876122
2021-04-19 09:24:07,475.8,5889842
2021-04-19 09:24:08,475.8,5905867
2021-04-19 09:24:09,475.8,5912533
2021-04-19 09:24:10,475.45,5933218
2021-04-19 09:24:11,475.55,5949104
2021-04-19 09:24:12,475.75,5963278
2021-04-19 09:24:13,475.75,5978336
2021-04-19 09:24:14,475.05,6057497
2021-04-19 09:24:15,474.35,6082852
2021-04-19 09:24:16,474.3,6097147
2021-04-19 09:24:17,474.5,6106003
2021-04-19 09:24:18,474.0,6211962
2021-04-19 09:24:20,474.35,6216173
2021-04-19 09:24:22,474.55,6237743
2021-04-19 09:24:23,474.65,6246838
2021-04-19 09:24:24,474.4,6261531
2021-04-19 09:24:25,474.55,6269031
2021-04-19 09:24:26,474.1,6309156
2021-04-19 09:24:27,474.8,6320772
2021-04-19 09:24:28,474.3,6327027
2021-04-19 09:24:29,474.6,6336309
2021-04-19 09:24:31,474.4,6348259
2021-04-19 09:24:32,474.7,6353171
2021-04-19 09:24:33,474.7,6358182
2021-04-19 09:24:34,474.6,6363534
2021-04-19 09:24:35,474.9,6366611
2021-04-19 09:24:36,474.65,6376135
2021-04-19 09:24:37,474.65,6382562
2021-04-19 09:24:38,474.8,6386704
2021-04-19 09:24:39,474.8,6393380
2021-04-19 09:24:39,475.1,6524189
2021-04-19 09:24:41,475.75,6544286
2021-04-19 09:24:42,476.25,6594086
2021-04-19 09:24:43,476.35,6608092
2021-04-19 09:24:44,476.6,6624020
2021-04-19 09:24:45,476.95,6639560
2021-04-19 09:24:45,476.5,6648575
2021-04-19 09:24:47,476.35,6674161
2021-04-19 09:24:48,476.15,6682240
2021-04-19 09:24:49,476.5,6695773
2021-04-19 09:24:50,476.75,6720585
2021-04-19 09:24:51,476.8,6738204
2021-04-19 09:24:52,476.35,6755147
2021-04-19 09:24:53,476.9,6768195
2021-04-19 09:24:53,476.9,6767696
2021-04-19 09:24:55,477.0,6807068
2021-04-19 09:24:56,477.4,6839230
2021-04-19 09:24:57,477.6,6862506
2021-04-19 09:24:58,477.3,6876819
2021-04-19 09:24:59,477.55,6891644
2021-04-19 09:25:00,477.2,6908308
2021-04-19 09:25:01,477.5,6931386
2021-04-19 09:25:02,477.6,6942242
2021-04-19 09:25:03,477.65,6952697
2021-04-19 09:25:05,477.65,6988396
2021-04-19 09:25:06,477.5,6999696
2021-04-19 09:25:06,477.65,7001567
2021-04-19 09:25:08,477.7,7036266
2021-04-19 09:25:09,477.6,7051502
2021-04-19 09:25:10,477.45,7074071
2021-04-19 09:25:11,477.35,7101202
2021-04-19 09:25:12,476.7,7187069
2021-04-19 09:25:13,476.8,7202322
2021-04-19 09:25:14,476.15,7239081
2021-04-19 09:25:14,476.05,7256404
2021-04-19 09:25:16,476.15,7273717
2021-04-19 09:25:17,475.8,7289395
2021-04-19 09:25:18,475.85,7314395
2021-04-19 09:25:19,476.0,7323146
2021-04-19 09:25:20,475.8,7331535
2021-04-19 09:25:21,476.3,7337908
2021-04-19 09:25:22,476.15,7348196
2021-04-19 09:25:22,476.45,7348713
2021-04-19 09:25:24,475.9,7360071
2021-04-19 09:25:25,475.85,7376141
2021-04-19 09:25:26,475.9,7396471
2021-04-19 09:25:27,475.8,7409871
2021-04-19 09:25:28,475.75,7422623
2021-04-19 09:25:29,474.3,7593739
2021-04-19 09:25:30,474.65,7610650
2021-04-19 09:25:31,474.5,7621041
2021-04-19 09:25:31,474.75,7624712
2021-04-19 09:25:32,474.45,7633584
2021-04-19 09:25:34,474.3,7640392
2021-04-19 09:25:36,474.15,7722287
2021-04-19 09:25:37,474.0,7728028
2021-04-19 09:25:38,473.1,7879059
2021-04-19 09:25:40,472.5,7955475
2021-04-19 09:25:41,472.2,7967714
2021-04-19 09:25:42,472.25,7979971
2021-04-19 09:25:43,471.9,7997289
2021-04-19 09:25:44,472.3,8018244
2021-04-19 09:25:45,472.35,8035562
2021-04-19 09:25:46,472.35,8045353
2021-04-19 09:25:47,472.6,8053627
2021-04-19 09:25:49,472.7,8073966
2021-04-19 09:25:51,472.5,8091402
2021-04-19 09:25:50,472.7,8084239
2021-04-19 09:25:52,472.8,8095468
2021-04-19 09:25:53,472.55,8106904
2021-04-19 09:25:54,472.65,8117899
2021-04-19 09:25:55,472.5,8126178
2021-04-19 09:25:56,472.75,8129473
2021-04-19 09:25:58,472.75,8134674
2021-04-19 09:25:57,472.75,8133157
2021-04-19 09:25:59,472.75,8139482
2021-04-19 09:26:00,472.8,8144352
2021-04-19 09:26:01,472.8,8150811
2021-04-19 09:26:02,472.7,8157196
2021-04-19 09:26:03,472.8,8170538
2021-04-19 09:26:04,473.25,8175868
2021-04-19 09:26:05,473.05,8266801
2021-04-19 09:26:06,473.55,8335097
2021-04-19 09:26:07,473.7,8343875
2021-04-19 09:26:08,473.6,8358105
2021-04-19 09:26:09,473.75,8392600
2021-04-19 09:26:10,473.6,8397858
2021-04-19 09:26:11,473.5,8409172
2021-04-19 09:26:13,473.15,8418008
2021-04-19 09:26:14,473.15,8458263
2021-04-19 09:26:15,473.0,8467201
2021-04-19 09:26:16,473.0,8473891
2021-04-19 09:26:17,473.35,8479142
2021-04-19 09:26:18,473.45,8483943
2021-04-19 09:26:19,473.45,8487879
2021-04-19 09:26:20,473.2,8509305
2021-04-19 09:26:21,473.3,8509530
2021-04-19 09:26:22,473.6,8523520
2021-04-19 09:26:23,473.75,8532874
2021-04-19 09:26:24,473.75,8539073
2021-04-19 09:26:25,473.4,8557276
2021-04-19 09:26:26,473.9,8568764
2021-04-19 09:26:27,473.9,8576533
2021-04-19 09:26:28,474.0,8580436
2021-04-19 09:26:29,473.7,8582704
2021-04-19 09:26:30,473.65,8599557
2021-04-19 09:26:31,473.35,8605987
2021-04-19 09:26:32,473.5,8613351
2021-04-19 09:26:33,473.6,8629271
2021-04-19 09:26:34,473.85,8637551
2021-04-19 09:26:35,473.7,8644008
2021-04-19 09:26:36,473.7,8645857
2021-04-19 09:26:37,473.9,8651550
2021-04-19 09:26:38,474.15,8663895
2021-04-19 09:26:39,474.1,8667527
2021-04-19 09:26:40,474.3,8670922
2021-04-19 09:26:41,474.15,8674908
2021-04-19 09:26:42,474.45,8678256
2021-04-19 09:26:43,474.6,8682792
2021-04-19 09:26:44,474.3,8689147
2021-04-19 09:26:45,474.3,8697826
2021-04-19 09:26:46,474.3,8711463
2021-04-19 09:26:47,474.25,8729002
2021-04-19 09:26:48,474.35,8737368
2021-04-19 09:26:49,474.25,8741632
2021-04-19 09:26:50,474.1,8752925
2021-04-19 09:26:51,473.5,8835204
2021-04-19 09:26:52,473.5,8836554
2021-04-19 09:26:53,473.25,8842901
2021-04-19 09:26:54,473.55,8857036
2021-04-19 09:26:55,473.75,8863313
2021-04-19 09:26:56,473.8,8873746
2021-04-19 09:26:57,473.8,8876231
2021-04-19 09:26:58,473.8,8880781
2021-04-19 09:27:00,473.5,8891444
2021-04-19 09:27:01,473.55,8904965
2021-04-19 09:27:02,473.6,8944017
2021-04-19 09:27:03,473.7,8950188
2021-04-19 09:27:04,473.5,8956312
2021-04-19 09:27:05,473.5,8961173
2021-04-19 09:27:06,473.75,8968889
2021-04-19 09:27:07,473.55,8976771
2021-04-19 09:27:08,473.25,8986963
2021-04-19 09:27:09,473.6,8996697
2021-04-19 09:27:10,473.05,9007824
2021-04-19 09:27:11,472.85,9014432
2021-04-19 09:27:12,473.3,9206616
2021-04-19 09:27:13,473.35,9207522
2021-04-19 09:27:14,473.4,9215629
2021-04-19 09:27:15,473.75,9219432
2021-04-19 09:27:16,473.55,9226702
2021-04-19 09:27:17,473.7,9228879
2021-04-19 09:27:18,473.65,9233632
2021-04-19 09:27:19,473.65,9236868
2021-04-19 09:27:20,473.65,9239271
2021-04-19 09:27:21,473.55,9239781
2021-04-19 09:27:22,473.65,9243767
2021-04-19 09:27:23,474.1,9255017
2021-04-19 09:27:24,474.3,9262637
2021-04-19 09:27:25,474.5,9267167
2021-04-19 09:27:26,474.3,9278627
2021-04-19 09:27:27,474.8,9288410
2021-04-19 09:27:28,474.45,9289718
2021-04-19 09:27:29,474.8,9292051
2021-04-19 09:27:30,474.7,9297410
2021-04-19 09:27:31,475.45,9348700
2021-04-19 09:27:32,475.25,9358151
2021-04-19 09:27:33,475.6,9366090
2021-04-19 09:27:34,475.75,9372040
2021-04-19 09:27:35,475.4,9392755
2021-04-19 09:27:36,475.35,9403825
2021-04-19 09:27:37,475.6,9403999
2021-04-19 09:27:38,475.4,9418756
2021-04-19 09:27:39,475.15,9425544
2021-04-19 09:27:40,475.4,9433375
2021-04-19 09:27:41,475.5,9441305
2021-04-19 09:27:42,475.5,9448705
2021-04-19 09:27:43,475.4,9454865
2021-04-19 09:27:44,475.5,9460034
2021-04-19 09:27:45,475.35,9466137
2021-04-19 09:27:46,475.0,9477121
2021-04-19 09:27:47,475.0,9486495
2021-04-19 09:27:48,474.9,9497429
2021-04-19 09:27:49,474.9,9502980
2021-04-19 09:27:50,475.1,9509346
2021-04-19 09:27:51,475.05,9519342
2021-04-19 09:27:52,474.8,9524912
2021-04-19 09:27:53,475.0,9528533
2021-04-19 09:27:54,474.8,9538358
2021-04-19 09:27:55,475.1,9542259
2021-04-19 09:27:56,475.0,9545611
2021-04-19 09:27:57,475.0,9549688
2021-04-19 09:27:58,475.0,9553723
2021-04-19 09:27:59,475.0,9558105
2021-04-19 09:28:00,475.0,9562073
2021-04-19 09:28:01,474.9,9568823
2021-04-19 09:28:02,474.65,9572384
2021-04-19 09:28:04,474.7,9579423
2021-04-19 09:28:05,474.9,9591234
2021-04-19 09:28:05,474.9,9592713
2021-04-19 09:28:06,474.85,9596019
2021-04-19 09:28:07,474.8,9600425
2021-04-19 09:28:08,475.0,9604474
2021-04-19 09:28:10,475.4,9644268
2021-04-19 09:28:11,475.5,9668175
2021-04-19 09:28:12,475.9,9678472
2021-04-19 09:28:14,475.7,9690137
2021-04-19 09:28:15,476.1,9727544
2021-04-19 09:28:15,476.1,9727309
2021-04-19 09:28:16,475.5,9745700
2021-04-19 09:28:17,476.3,9771135
2021-04-19 09:28:18,476.45,9788508
2021-04-19 09:28:19,476.65,9790900
2021-04-19 09:28:20,476.8,9803100
2021-04-19 09:28:21,476.75,9816240
2021-04-19 09:28:22,476.95,9825153
2021-04-19 09:28:23,476.95,9835602
2021-04-19 09:28:25,476.5,9847495
2021-04-19 09:28:25,476.8,9846315
2021-04-19 09:28:26,477.0,9864232
2021-04-19 09:28:27,476.75,9870407
2021-04-19 09:28:28,476.6,9877615
2021-04-19 09:28:29,476.75,9887545
2021-04-19 09:28:30,476.6,9893319
2021-04-19 09:28:31,476.8,9898562
2021-04-19 09:28:32,476.65,9903334
2021-04-19 09:28:33,476.8,9911793
2021-04-19 09:28:38,476.9,9931676
2021-04-19 09:28:38,476.65,9932747
2021-04-19 09:28:39,476.65,9948084
2021-04-19 09:28:40,476.7,9955698
2021-04-19 09:28:41,476.45,9960093
2021-04-19 09:28:42,476.4,9967107
2021-04-19 09:28:44,476.2,9972358
2021-04-19 09:28:45,476.15,9977596
2021-04-19 09:28:45,476.1,9992685
2021-04-19 09:28:46,476.15,10004600
2021-04-19 09:28:47,476.2,10014139
2021-04-19 09:28:48,476.2,10017287
2021-04-19 09:28:49,476.0,10021971
2021-04-19 09:28:50,476.0,10024596
2021-04-19 09:28:51,475.9,10031478
2021-04-19 09:28:52,476.1,10034979
2021-04-19 09:28:53,476.0,10037685
2021-04-19 09:28:55,476.0,10044030
2021-04-19 09:28:56,476.0,10048972
2021-04-19 09:28:56,475.9,10047608
2021-04-19 09:28:57,475.9,10053446
2021-04-19 09:28:58,475.65,10057416
2021-04-19 09:28:59,475.6,10066751
2021-04-19 09:29:00,475.4,10073498
2021-04-19 09:29:01,475.5,10089752
2021-04-19 09:29:03,475.4,10093693
2021-04-19 09:29:03,475.15,10093295
2021-04-19 09:29:04,475.3,10098117
2021-04-19 09:29:05,475.6,10101944
2021-04-19 09:29:06,475.7,10111446
2021-04-19 09:29:07,475.7,10115859
2021-04-19 09:29:08,475.6,10121566
2021-04-19 09:29:10,475.6,10124844
2021-04-19 09:29:11,475.8,10126134
2021-04-19 09:29:12,475.75,10138558
2021-04-19 09:29:13,476.0,10143022
2021-04-19 09:29:14,476.0,10147109
2021-04-19 09:29:15,476.0,10149658
2021-04-19 09:29:16,476.2,10164540
2021-04-19 09:29:17,476.3,10168554
2021-04-19 09:29:18,476.3,10174237
2021-04-19 09:29:19,476.4,10177708
2021-04-19 09:29:20,476.0,10181290
2021-04-19 09:29:21,476.25,10183759
2021-04-19 09:29:22,476.1,10186193
2021-04-19 09:29:23,476.0,10192743
2021-04-19 09:29:24,476.0,10195435
2021-04-19 09:29:25,476.0,10203768
2021-04-19 09:29:27,475.9,10218522
2021-04-19 09:29:27,475.9,10218573
2021-04-19 09:29:28,475.95,10221752
2021-04-19 09:29:29,475.25,10239261
2021-04-19 09:29:30,475.3,10243721
2021-04-19 09:29:31,475.05,10258596
2021-04-19 09:29:33,475.05,10265965
2021-04-19 09:29:33,475.3,10268603
2021-04-19 09:29:35,475.4,10277528
2021-04-19 09:29:35,475.2,10274524
2021-04-19 09:29:36,475.4,10282957
2021-04-19 09:29:37,475.55,10286108
2021-04-19 09:29:38,475.0,10296517
2021-04-19 09:29:39,475.55,10298832
2021-04-19 09:29:41,475.15,10305633
2021-04-19 09:29:43,475.2,10313317
2021-04-19 09:29:45,475.45,10329814
2021-04-19 09:29:46,475.65,10337106
2021-04-19 09:29:48,475.4,10345888
2021-04-19 09:29:48,475.6,10346277
2021-04-19 09:29:50,475.5,10358979
2021-04-19 09:29:51,475.45,10363877
2021-04-19 09:29:53,475.15,10367865
2021-04-19 09:29:54,475.05,10371180
2021-04-19 09:29:54,474.9,10429604
2021-04-19 09:29:55,475.0,10433363
2021-04-19 09:29:56,474.75,10440676
2021-04-19 09:29:57,475.1,10442285
2021-04-19 09:29:58,474.75,10450100
2021-04-19 09:29:59,474.95,10452171
2021-04-19 09:30:00,474.6,10454870
2021-04-19 09:30:01,474.55,10457653
2021-04-19 09:30:03,474.6,10465468
2021-04-19 09:30:04,474.55,10467048
2021-04-19 09:30:04,474.2,10469248
2021-04-19 09:30:05,474.3,10470827
2021-04-19 09:30:06,474.05,10475615
2021-04-19 09:30:07,474.0,10529929
2021-04-19 09:30:09,473.85,10546008
2021-04-19 09:30:08,473.65,10541702
2021-04-19 09:30:10,473.8,10567919
2021-04-19 09:30:11,473.8,10572431
2021-04-19 09:30:13,473.5,10577325
2021-04-19 09:30:14,473.85,10580601
2021-04-19 09:30:14,473.8,10581782
2021-04-19 09:30:15,473.85,10598139
2021-04-19 09:30:16,474.0,10612318
2021-04-19 09:30:18,474.15,10617938
2021-04-19 09:30:19,473.7,10622130
2021-04-19 09:30:19,473.95,10623405
2021-04-19 09:30:20,474.0,10628346
2021-04-19 09:30:21,473.85,10633867
2021-04-19 09:30:23,473.9,10636579
2021-04-19 09:30:24,473.6,10639975
2021-04-19 09:30:24,473.7,10640219
2021-04-19 09:30:25,473.6,10646893
2021-04-19 09:30:26,473.6,10655946
2021-04-19 09:30:28,473.6,10660674
2021-04-19 09:30:29,473.7,10667071
2021-04-19 09:30:30,473.6,10668663
2021-04-19 09:30:31,473.35,10674413
2021-04-19 09:30:31,473.6,10675544
2021-04-19 09:30:32,473.5,10682062
2021-04-19 09:30:33,473.25,10701133
2021-04-19 09:30:35,473.5,10702726
2021-04-19 09:30:36,473.2,10717050
2021-04-19 09:30:37,472.8,10743066
2021-04-19 09:30:38,472.7,10749196
2021-04-19 09:30:39,472.6,10772446
2021-04-19 09:30:39,472.7,10772274
2021-04-19 09:30:40,472.6,10778322
2021-04-19 09:30:41,472.55,10786779
2021-04-19 09:30:42,472.4,10794997
2021-04-19 09:30:43,472.1,10805614
2021-04-19 09:30:45,472.0,10862969
2021-04-19 09:30:46,472.15,10881655
2021-04-19 09:30:47,472.15,10893360
2021-04-19 09:30:48,472.2,10902223
2021-04-19 09:30:51,473.05,10935635
2021-04-19 09:30:54,472.85,10951884
2021-04-19 09:30:55,472.85,10958184
2021-04-19 09:30:56,472.4,10961955
2021-04-19 09:30:56,472.3,10962060
2021-04-19 09:30:57,472.5,10964617
2021-04-19 09:30:58,472.5,10970682
2021-04-19 09:30:59,472.4,10976486
2021-04-19 09:31:00,472.4,10977479
2021-04-19 09:31:01,472.65,10981245
2021-04-19 09:31:02,472.4,10984438
2021-04-19 09:31:03,472.75,10987202
2021-04-19 09:31:04,472.5,10995637
2021-04-19 09:31:05,472.85,10998863
2021-04-19 09:31:07,473.15,11020904
2021-04-19 09:31:08,473.25,11024828
2021-04-19 09:31:08,473.25,11025737
2021-04-19 09:31:09,473.45,11029200
2021-04-19 09:31:10,473.4,11031888
2021-04-19 09:31:11,473.45,11034923
2021-04-19 09:31:12,473.0,11042263
2021-04-19 09:31:14,473.4,11048034
2021-04-19 09:31:15,473.1,11051034
2021-04-19 09:31:16,473.45,11065734
2021-04-19 09:31:17,473.05,11068952
2021-04-19 09:31:18,473.05,11074342
2021-04-19 09:31:18,473.15,11075303
2021-04-19 09:31:20,472.85,11099184
2021-04-19 09:31:21,472.6,11107904
2021-04-19 09:31:23,472.5,11112320
2021-04-19 09:31:24,472.55,11117262
2021-04-19 09:31:25,472.35,11119781
2021-04-19 09:31:25,472.2,11120254
2021-04-19 09:31:26,472.35,11128104
2021-04-19 09:31:27,472.0,11134694
2021-04-19 09:31:28,472.0,11138077
2021-04-19 09:31:30,472.0,11148610
2021-04-19 09:31:31,472.05,11154694
2021-04-19 09:31:31,472.2,11154714
2021-04-19 09:31:32,472.0,11168581
2021-04-19 09:31:33,472.0,11168984
2021-04-19 09:31:34,472.1,11178728
2021-04-19 09:31:35,472.0,11181753
2021-04-19 09:31:36,472.0,11185474
2021-04-19 09:31:37,472.0,11194900
2021-04-19 09:31:39,471.95,11209577
2021-04-19 09:31:40,471.55,11213223
2021-04-19 09:31:40,471.5,11216948
2021-04-19 09:31:41,471.2,11234370
2021-04-19 09:31:42,471.2,11259382
2021-04-19 09:31:44,470.95,11269648
2021-04-19 09:31:45,470.95,11277402
2021-04-19 09:31:45,470.9,11278629
2021-04-19 09:31:46,470.75,11289191
2021-04-19 09:31:47,470.7,11295138
2021-04-19 09:31:49,470.9,11313416
2021-04-19 09:31:50,471.3,11332666
2021-04-19 09:31:51,471.4,11343171
2021-04-19 09:31:52,471.55,11350245
2021-04-19 09:31:52,471.4,11351371
2021-04-19 09:31:53,471.6,11359249
2021-04-19 09:31:54,471.25,11365969
2021-04-19 09:31:55,471.3,11368792
2021-04-19 09:31:56,471.2,11379019
2021-04-19 09:31:58,471.25,11387791
2021-04-19 09:31:59,470.9,11395520
2021-04-19 09:31:59,470.9,11395996
2021-04-19 09:32:00,470.8,11401716
2021-04-19 09:32:01,470.75,11412316
2021-04-19 09:32:02,470.95,11421153
2021-04-19 09:32:04,470.6,11430420
2021-04-19 09:32:05,470.75,11446096
2021-04-19 09:32:05,470.7,11446675
2021-04-19 09:32:06,470.5,11454672
2021-04-19 09:32:07,470.35,11473043
2021-04-19 09:32:09,470.25,11479115
2021-04-19 09:32:10,470.25,11491235
2021-04-19 09:32:10,470.0,11527223
2021-04-19 09:32:11,470.05,11542219
2021-04-19 09:32:13,470.15,11584770
2021-04-19 09:32:14,470.3,11607872
2021-04-19 09:32:16,470.4,11619802
2021-04-19 09:32:17,470.05,11624790
2021-04-19 09:32:18,470.0,11634494
2021-04-19 09:32:19,470.0,11637349
2021-04-19 09:32:19,470.0,11640374
2021-04-19 09:32:20,470.05,11665852
2021-04-19 09:32:21,470.05,11680023
2021-04-19 09:32:23,470.0,11699986
2021-04-19 09:32:24,470.0,11713440
2021-04-19 09:32:25,470.4,11752192
2021-04-19 09:32:25,470.0,11755204
2021-04-19 09:32:26,470.35,11773803
2021-04-19 09:32:27,470.5,11791754
2021-04-19 09:32:28,470.45,11813855
2021-04-19 09:32:30,470.75,11828951
2021-04-19 09:32:31,470.75,11839159
2021-04-19 09:32:32,471.45,11875601
2021-04-19 09:32:33,471.3,11878999
2021-04-19 09:32:33,471.1,11879831
2021-04-19 09:32:34,471.3,11886273
2021-04-19 09:32:36,471.0,11891059
2021-04-19 09:32:37,471.25,11901066
2021-04-19 09:32:38,471.3,11912261
2021-04-19 09:32:39,471.25,11917831
2021-04-19 09:32:39,471.15,11918132
2021-04-19 09:32:40,471.15,11919916
2021-04-19 09:32:42,471.0,11929627
2021-04-19 09:32:43,471.0,11933648
2021-04-19 09:32:44,471.0,11939341
2021-04-19 09:32:44,470.9,11940408
2021-04-19 09:32:45,470.75,11942912
2021-04-19 09:32:47,470.6,11957227
2021-04-19 09:32:48,470.3,11961365
2021-04-19 09:32:49,470.3,11966618
2021-04-19 09:32:49,470.45,11968655
2021-04-19 09:32:50,470.35,11971212
2021-04-19 09:32:52,470.3,11977374
2021-04-19 09:32:53,470.55,11981303
2021-04-19 09:32:54,470.55,11985532
2021-04-19 09:32:54,470.45,11987256
2021-04-19 09:32:55,470.2,11991716
2021-04-19 09:32:56,470.05,12019762
2021-04-19 09:32:58,470.2,12025964
2021-04-19 09:32:59,470.35,12037943
2021-04-19 09:33:00,470.2,12048660
2021-04-19 09:33:00,470.25,12048659
2021-04-19 09:33:01,470.05,12052980
2021-04-19 09:33:02,470.4,12056045
2021-04-19 09:33:05,470.55,12068109
2021-04-19 09:33:06,470.85,12072682
2021-04-19 09:33:07,470.8,12077118
2021-04-19 09:33:08,470.75,12079209
2021-04-19 09:33:08,470.65,12079214
2021-04-19 09:33:09,470.6,12081328
2021-04-19 09:33:10,470.8,12083342
2021-04-19 09:33:12,471.0,12092718
2021-04-19 09:33:13,471.45,12104331
2021-04-19 09:33:14,471.6,12112082
2021-04-19 09:33:15,471.55,12117005
2021-04-19 09:33:15,471.65,12118050
2021-04-19 09:33:16,471.4,12135020
2021-04-19 09:33:18,471.35,12136752
2021-04-19 09:33:19,471.3,12139307
2021-04-19 09:33:20,471.45,12141764
2021-04-19 09:33:21,471.65,12146025
2021-04-19 09:33:21,471.6,12146100
2021-04-19 09:33:22,471.8,12155426
2021-04-19 09:33:24,471.8,12156868
2021-04-19 09:33:25,472.3,12176317
2021-04-19 09:33:26,472.4,12177648
2021-04-19 09:33:26,472.1,12179299
2021-04-19 09:33:27,472.15,12183051
2021-04-19 09:33:28,472.15,12188876
2021-04-19 09:33:30,472.15,12199616
2021-04-19 09:33:31,472.05,12203095
2021-04-19 09:33:32,472.3,12208511
2021-04-19 09:33:32,472.15,12209016
2021-04-19 09:33:33,472.15,12212546
2021-04-19 09:33:35,472.0,12214503
2021-04-19 09:33:36,472.0,12216594
2021-04-19 09:33:37,472.1,12223688
2021-04-19 09:33:37,471.9,12224828
2021-04-19 09:33:38,472.15,12232348
2021-04-19 09:33:40,471.8,12243558
2021-04-19 09:33:41,471.3,12252781
2021-04-19 09:33:42,471.15,12265224
2021-04-19 09:33:42,471.3,12264595
2021-04-19 09:33:43,471.5,12269735
2021-04-19 09:33:44,471.15,12272904
2021-04-19 09:33:46,471.1,12274119
2021-04-19 09:33:47,471.05,12277211
2021-04-19 09:33:48,471.1,12282988
2021-04-19 09:33:48,470.95,12283695
2021-04-19 09:33:49,470.95,12285383
2021-04-19 09:33:51,470.6,12287617
2021-04-19 09:33:52,470.6,12288591
2021-04-19 09:33:53,470.75,12290593
2021-04-19 09:33:54,470.6,12291974
2021-04-19 09:33:55,470.95,12297427
2021-04-19 09:33:57,470.85,12301559
2021-04-19 09:33:58,471.3,12313954
2021-04-19 09:33:59,470.8,12315644
2021-04-19 09:34:00,471.15,12327662
2021-04-19 09:34:02,470.85,12329601
2021-04-19 09:34:03,470.85,12332896
2021-04-19 09:34:04,471.0,12338086
2021-04-19 09:34:05,471.05,12341432
2021-04-19 09:34:06,470.9,12343182
2021-04-19 09:34:07,470.65,12347450
2021-04-19 09:34:08,470.6,12352743
2021-04-19 09:34:10,470.6,12355013
2021-04-19 09:34:11,470.9,12358105
2021-04-19 09:34:12,470.8,12361130
2021-04-19 09:34:12,470.8,12361279
2021-04-19 09:34:13,470.85,12366592
2021-04-19 09:34:15,471.1,12372173
2021-04-19 09:34:16,470.95,12373567
2021-04-19 09:34:17,471.1,12375907
2021-04-19 09:34:17,470.95,12376245
2021-04-19 09:34:18,470.75,12377174
2021-04-19 09:34:20,471.0,12378139
2021-04-19 09:34:21,471.35,12385084
2021-04-19 09:34:22,471.05,12386840
2021-04-19 09:34:22,471.0,12387041
2021-04-19 09:34:23,471.05,12388453
2021-04-19 09:34:25,471.35,12392015
2021-04-19 09:34:26,471.35,12394403
2021-04-19 09:34:27,471.25,12396012
2021-04-19 09:34:28,471.35,12397898
2021-04-19 09:34:28,471.25,12398480
2021-04-19 09:34:29,471.25,12399037
2021-04-19 09:34:31,471.5,12405320
2021-04-19 09:34:32,471.35,12406395
2021-04-19 09:34:33,471.6,12410452
2021-04-19 09:34:34,471.6,12416007
2021-04-19 09:34:34,471.45,12416480
2021-04-19 09:34:36,471.45,12418029
2021-04-19 09:34:37,471.4,12421211
2021-04-19 09:34:38,471.05,12427186
2021-04-19 09:34:39,471.35,12432703
2021-04-19 09:34:39,471.25,12433761
2021-04-19 09:34:41,471.4,12434870
2021-04-19 09:34:42,471.4,12435542
2021-04-19 09:34:43,471.3,12436466
2021-04-19 09:34:44,471.25,12438554
2021-04-19 09:34:44,471.25,12439609
2021-04-19 09:34:45,471.0,12440658
2021-04-19 09:34:47,471.15,12452083
2021-04-19 09:34:48,471.05,12473697
2021-04-19 09:34:49,471.85,12480205
2021-04-19 09:34:50,471.2,12486544
2021-04-19 09:34:51,471.05,12487129
2021-04-19 09:34:51,471.05,12487793
2021-04-19 09:34:53,471.1,12491025
2021-04-19 09:34:54,471.35,12492063
2021-04-19 09:34:55,471.1,12493279
2021-04-19 09:34:56,471.0,12495529
2021-04-19 09:34:57,471.25,12497369
2021-04-19 09:34:57,471.3,12497596
2021-04-19 09:34:59,471.2,12498645
2021-04-19 09:35:00,470.95,12509225
2021-04-19 09:35:01,471.0,12513182
2021-04-19 09:35:02,470.9,12516335
2021-04-19 09:35:02,470.9,12517020
2021-04-19 09:35:04,470.9,12525676
2021-04-19 09:35:05,470.8,12529728
2021-04-19 09:35:06,470.75,12532219
2021-04-19 09:35:07,470.6,12539240
2021-04-19 09:35:07,470.6,12539390
2021-04-19 09:35:09,470.85,12541951
2021-04-19 09:35:10,470.8,12544125
2021-04-19 09:35:11,470.75,12545440
2021-04-19 09:35:12,470.85,12557281
2021-04-19 09:35:12,470.85,12557336
2021-04-19 09:35:14,470.6,12582375
2021-04-19 09:35:15,470.4,12589955
2021-04-19 09:35:16,470.5,12590348
2021-04-19 09:35:17,470.5,12594397
2021-04-19 09:35:19,470.6,12604594
2021-04-19 09:35:21,470.6,12607697
2021-04-19 09:35:22,470.8,12612147
2021-04-19 09:35:22,470.8,12612822
2021-04-19 09:35:24,470.5,12617933
2021-04-19 09:35:25,470.6,12618903
2021-04-19 09:35:26,470.7,12626715
2021-04-19 09:35:27,470.6,12627848
2021-04-19 09:35:28,470.4,12629337
2021-04-19 09:35:29,470.4,12630502
2021-04-19 09:35:29,470.4,12630827
2021-04-19 09:35:31,470.55,12633772
2021-04-19 09:35:33,470.45,12639260
2021-04-19 09:35:34,470.25,12642767
2021-04-19 09:35:34,470.4,12643124
2021-04-19 09:35:36,470.65,12645734
2021-04-19 09:35:37,470.4,12656125
2021-04-19 09:35:38,470.4,12658332
2021-04-19 09:35:39,470.5,12659763
2021-04-19 09:35:40,470.45,12663754
2021-04-19 09:35:40,470.45,12663864
2021-04-19 09:35:42,470.25,12669312
2021-04-19 09:35:44,469.85,12961142
2021-04-19 09:35:45,470.15,12967819
2021-04-19 09:35:45,469.95,12968310
2021-04-19 09:35:47,469.95,12971596
2021-04-19 09:35:48,470.0,12975414
2021-04-19 09:35:49,469.8,12979434
2021-04-19 09:35:50,470.0,12989225
2021-04-19 09:35:50,470.05,12988084
2021-04-19 09:35:52,469.8,12996268
2021-04-19 09:35:53,470.0,12999369
2021-04-19 09:35:54,470.2,13002688
2021-04-19 09:35:55,470.2,13010212
2021-04-19 09:35:56,469.8,13012311
2021-04-19 09:35:56,469.85,13014906
2021-04-19 09:35:58,469.65,13024106
2021-04-19 09:35:59,470.2,13030555
2021-04-19 09:36:00,470.0,13036368
2021-04-19 09:36:01,470.55,13073123
2021-04-19 09:36:01,470.45,13076384
2021-04-19 09:36:03,470.4,13082870
2021-04-19 09:36:04,470.2,13090359
2021-04-19 09:36:05,470.15,13099380
2021-04-19 09:36:06,470.4,13101328
2021-04-19 09:36:07,470.25,13107755
2021-04-19 09:36:08,469.9,13109017
2021-04-19 09:36:08,469.9,13109227
2021-04-19 09:36:10,469.95,13113123
2021-04-19 09:36:11,470.25,13115943
2021-04-19 09:36:12,470.1,13117471
2021-04-19 09:36:13,470.05,13120757
2021-04-19 09:36:14,470.2,13123353
2021-04-19 09:36:14,470.2,13124577
2021-04-19 09:36:15,470.05,13125344
2021-04-19 09:36:17,470.15,13131953
2021-04-19 09:36:18,470.1,13139498
2021-04-19 09:36:19,470.05,13146453
2021-04-19 09:36:20,469.95,13148909
2021-04-19 09:36:21,469.75,13152317
2021-04-19 09:36:22,470.0,13157950
2021-04-19 09:36:22,470.0,13158130
2021-04-19 09:36:24,470.05,13161831
2021-04-19 09:36:25,469.8,13167056
2021-04-19 09:36:26,469.7,13171447
2021-04-19 09:36:27,469.7,13174306
2021-04-19 09:36:28,469.7,13179460
2021-04-19 09:36:30,469.75,13188984
2021-04-19 09:36:31,469.85,13189921
2021-04-19 09:36:32,469.65,13192557
2021-04-19 09:36:33,469.95,13198670
2021-04-19 09:36:34,469.6,13202268
2021-04-19 09:36:35,469.5,13206484
2021-04-19 09:36:37,469.95,13208509
2021-04-19 09:36:38,469.65,13213014
2021-04-19 09:36:39,469.8,13216341
2021-04-19 09:36:40,469.8,13219817
2021-04-19 09:36:41,469.95,13222990
2021-04-19 09:36:42,469.8,13223850
2021-04-19 09:36:43,470.05,13238456
2021-04-19 09:36:44,469.8,13242308
2021-04-19 09:36:45,469.8,13246752
2021-04-19 09:36:47,470.0,13252040
2021-04-19 09:36:46,470.0,13250460
2021-04-19 09:36:48,469.85,13282495
2021-04-19 09:36:49,469.8,13286102
2021-04-19 09:36:50,469.95,13289453
2021-04-19 09:36:51,469.65,13294956
2021-04-19 09:36:52,469.95,13296509
2021-04-19 09:36:53,469.95,13296751
2021-04-19 09:36:54,469.9,13297951
2021-04-19 09:36:55,469.8,13300047
2021-04-19 09:36:56,469.9,13301876
2021-04-19 09:36:57,469.9,13303020
2021-04-19 09:36:58,469.65,13304812
2021-04-19 09:36:59,469.95,13307632
2021-04-19 09:37:00,469.6,13310712
2021-04-19 09:37:01,469.7,13312802
2021-04-19 09:37:02,469.8,13314048
2021-04-19 09:37:03,469.95,13316944
2021-04-19 09:37:04,469.95,13319319
2021-04-19 09:37:05,469.85,13320945
2021-04-19 09:37:06,469.55,13327190
2021-04-19 09:37:07,469.65,13327432
2021-04-19 09:37:08,469.75,13331074
2021-04-19 09:37:09,469.7,13336622
2021-04-19 09:37:10,469.75,13338477
2021-04-19 09:37:11,469.8,13343268
2021-04-19 09:37:12,469.5,13344944
2021-04-19 09:37:13,469.75,13346666
2021-04-19 09:37:14,469.55,13350919
2021-04-19 09:37:15,469.55,13352361
2021-04-19 09:37:16,469.5,13353016
2021-04-19 09:37:17,469.6,13357229
2021-04-19 09:37:18,469.7,13361017
2021-04-19 09:37:19,469.5,13363000
2021-04-19 09:37:20,469.55,13366360
2021-04-19 09:37:21,469.65,13368838
2021-04-19 09:37:22,469.5,13371371
2021-04-19 09:37:24,469.5,13385441
2021-04-19 09:37:23,469.5,13385310
2021-04-19 09:37:25,469.35,13388497
2021-04-19 09:37:26,469.15,13391585
2021-04-19 09:37:27,469.2,13393195
2021-04-19 09:37:28,469.3,13398406
2021-04-19 09:37:29,468.25,13480402
2021-04-19 09:37:30,469.0,13504340
2021-04-19 09:37:31,468.8,13511396
2021-04-19 09:37:32,468.95,13517198
2021-04-19 09:37:33,468.95,13517424
2021-04-19 09:37:34,468.7,13522489
2021-04-19 09:37:35,468.65,13527742
2021-04-19 09:37:36,468.5,13534315
2021-04-19 09:37:37,468.25,13538143
2021-04-19 09:37:38,468.3,13549485
2021-04-19 09:37:39,468.2,13574152
2021-04-19 09:37:40,468.4,13582444
2021-04-19 09:37:41,468.25,13593064
2021-04-19 09:37:42,468.05,13598397
2021-04-19 09:37:43,468.0,13598833
2021-04-19 09:37:44,468.0,13605746
2021-04-19 09:37:45,468.1,13613547
2021-04-19 09:37:46,468.35,13618633
2021-04-19 09:37:47,468.0,13623908
2021-04-19 09:37:48,468.0,13629296
2021-04-19 09:37:49,467.65,13641437
2021-04-19 09:37:50,467.95,13653529
2021-04-19 09:37:51,467.8,13657471
2021-04-19 09:37:52,467.75,13671916
2021-04-19 09:37:53,467.65,13680553
2021-04-19 09:37:56,467.9,13698276
2021-04-19 09:37:55,467.9,13697258
2021-04-19 09:37:57,467.7,13714774
2021-04-19 09:37:58,467.5,13726862
2021-04-19 09:37:59,467.95,13797516
2021-04-19 09:38:00,468.15,13811560
2021-04-19 09:38:01,467.55,13817828
2021-04-19 09:38:02,467.8,13824847
2021-04-19 09:38:03,467.8,13825214
2021-04-19 09:38:04,467.5,13833328
2021-04-19 09:38:05,467.7,13847799
2021-04-19 09:38:07,467.15,13871621
2021-04-19 09:38:08,466.7,13909753
2021-04-19 09:38:09,466.7,13911405
2021-04-19 09:38:10,466.6,13916696
2021-04-19 09:38:11,466.85,13922479
2021-04-19 09:38:12,466.7,13939726
2021-04-19 09:38:14,466.7,13962210
2021-04-19 09:38:15,466.3,13965016
2021-04-19 09:38:16,466.4,13970877
2021-04-19 09:38:17,466.3,13983913
2021-04-19 09:38:18,466.2,13995238
2021-04-19 09:38:19,466.3,14014954
2021-04-19 09:38:20,466.2,14027967
2021-04-19 09:38:21,466.25,14036398
2021-04-19 09:38:22,466.3,14041331
2021-04-19 09:38:23,466.2,14073026
2021-04-19 09:38:24,466.4,14073795
2021-04-19 09:38:25,466.2,14088021
2021-04-19 09:38:26,466.25,14095804
2021-04-19 09:38:27,466.35,14102932
2021-04-19 09:38:29,466.3,14112451
2021-04-19 09:38:28,466.4,14111692
2021-04-19 09:38:30,466.5,14122390
2021-04-19 09:38:31,466.25,14136817
2021-04-19 09:38:32,466.7,14151331
2021-04-19 09:38:33,466.9,14155248
2021-04-19 09:38:34,466.55,14162255
2021-04-19 09:38:35,466.55,14166391
2021-04-19 09:38:36,466.75,14176689
2021-04-19 09:38:37,466.8,14190679
2021-04-19 09:38:38,467.35,14205873
2021-04-19 09:38:39,467.1,14216109
2021-04-19 09:38:40,467.15,14216415
2021-04-19 09:38:41,467.4,14225641
2021-04-19 09:38:42,467.55,14230896
2021-04-19 09:38:43,467.4,14240394
2021-04-19 09:38:44,467.35,14245161
2021-04-19 09:38:45,467.4,14248256
2021-04-19 09:38:46,467.2,14251480
2021-04-19 09:38:48,467.45,14254870
2021-04-19 09:38:48,467.4,14255680
2021-04-19 09:38:49,467.35,14256750
2021-04-19 09:38:50,467.6,14260416
2021-04-19 09:38:51,467.55,14262002
2021-04-19 09:38:52,467.4,14267981
2021-04-19 09:38:53,467.45,14277340
2021-04-19 09:38:55,467.5,14288959
2021-04-19 09:38:55,467.5,14288933
2021-04-19 09:38:56,467.7,14294475
2021-04-19 09:38:57,467.45,14298679
2021-04-19 09:38:58,467.8,14302982
2021-04-19 09:38:59,467.5,14307686
2021-04-19 09:39:00,467.6,14313856
2021-04-19 09:39:02,467.45,14318284
2021-04-19 09:39:03,467.75,14319193
2021-04-19 09:39:03,467.5,14319763
2021-04-19 09:39:04,467.5,14322389
2021-04-19 09:39:05,467.7,14325373
2021-04-19 09:39:06,467.65,14326546
2021-04-19 09:39:07,467.8,14328036
2021-04-19 09:39:08,467.6,14332099
2021-04-19 09:39:10,467.7,14336301
2021-04-19 09:39:11,467.6,14337332
2021-04-19 09:39:12,467.8,14341565
2021-04-19 09:39:12,467.8,14341834
2021-04-19 09:39:13,467.9,14345952
2021-04-19 09:39:14,467.9,14349460
2021-04-19 09:39:15,467.8,14351312
2021-04-19 09:39:17,467.55,14352871
2021-04-19 09:39:17,467.55,14353046
2021-04-19 09:39:18,467.65,14364736
2021-04-19 09:39:19,467.45,14377930
2021-04-19 09:39:21,467.0,14409101
2021-04-19 09:39:23,466.8,14418125
2021-04-19 09:39:24,466.7,14422324
2021-04-19 09:39:25,466.55,14428370
2021-04-19 09:39:26,466.6,14437448
2021-04-19 09:39:27,466.3,14441176
2021-04-19 09:39:28,466.2,14443236
2021-04-19 09:39:29,466.1,14448296
2021-04-19 09:39:31,466.1,14456721
2021-04-19 09:39:32,466.0,14463130
2021-04-19 09:39:33,466.05,14473000
2021-04-19 09:39:34,465.7,14484116
2021-04-19 09:39:35,466.0,14494559
2021-04-19 09:39:35,466.2,14495630
2021-04-19 09:39:36,465.95,14504440
2021-04-19 09:39:39,466.1,14522365
2021-04-19 09:39:40,465.9,14527849
2021-04-19 09:39:41,466.3,14539138
2021-04-19 09:39:42,466.05,14546683
2021-04-19 09:39:43,465.7,14550510
2021-04-19 09:39:44,466.0,14555465
2021-04-19 09:39:45,466.3,14579965
2021-04-19 09:39:46,466.05,14592584
2021-04-19 09:39:48,466.0,14597390
2021-04-19 09:39:48,465.9,14597846
2021-04-19 09:39:49,465.5,14623517
2021-04-19 09:39:50,465.75,14632171
2021-04-19 09:39:51,466.0,14635118
2021-04-19 09:39:52,465.9,14642488
2021-04-19 09:39:53,465.85,14648624
2021-04-19 09:39:55,465.9,14651127
2021-04-19 09:39:56,465.95,14652658
2021-04-19 09:39:57,465.75,14657115
2021-04-19 09:39:57,465.75,14656851
2021-04-19 09:39:58,465.7,14660034
2021-04-19 09:39:59,466.0,14674021
2021-04-19 09:40:00,466.0,14677084
2021-04-19 09:40:01,465.8,14684074
2021-04-19 09:40:02,465.85,14684808
2021-04-19 09:40:05,465.5,14697289
2021-04-19 09:40:08,465.4,14709540
2021-04-19 09:40:09,465.5,14711793
2021-04-19 09:40:09,465.5,14712333
2021-04-19 09:40:10,465.4,14720524
2021-04-19 09:40:11,465.4,14724061
2021-04-19 09:40:12,465.55,14728614
2021-04-19 09:40:13,465.45,14732244
2021-04-19 09:40:15,465.4,14735370
2021-04-19 09:40:15,465.5,14735713
2021-04-19 09:40:16,465.55,14738089
2021-04-19 09:40:17,465.85,14746570
2021-04-19 09:40:18,465.75,14750425
2021-04-19 09:40:19,465.8,14751839
2021-04-19 09:40:20,465.5,14758101
2021-04-19 09:40:22,465.25,14764112
2021-04-19 09:40:23,465.25,14767181
2021-04-19 09:40:24,465.1,14778222
2021-04-19 09:40:25,465.25,14781782
2021-04-19 09:40:26,465.15,14789089
2021-04-19 09:40:27,465.45,14792170
2021-04-19 09:40:28,465.1,14795857
2021-04-19 09:40:29,465.3,14800043
2021-04-19 09:40:30,465.0,14859196
2021-04-19 09:40:32,465.0,14879105
2021-04-19 09:40:32,465.0,14877940
2021-04-19 09:40:33,465.1,14883504
2021-04-19 09:40:34,464.95,14899472
2021-04-19 09:40:35,464.6,14908061
2021-04-19 09:40:37,464.55,14915446
2021-04-19 09:40:37,464.55,14914868
2021-04-19 09:40:38,464.2,14942923
2021-04-19 09:40:39,464.15,14953880
2021-04-19 09:40:41,464.15,15000305
2021-04-19 09:40:42,464.0,15014284
2021-04-19 09:40:44,464.75,15030617
2021-04-19 09:40:45,464.8,15049836
2021-04-19 09:40:45,465.1,15049164
2021-04-19 09:40:46,464.85,15062688
2021-04-19 09:40:47,464.85,15075162
2021-04-19 09:40:48,464.7,15088504
2021-04-19 09:40:49,464.85,15091819
2021-04-19 09:40:50,464.6,15096951
2021-04-19 09:40:51,464.8,15104359
2021-04-19 09:40:53,464.65,15128262
2021-04-19 09:40:53,464.8,15128333
2021-04-19 09:40:54,464.65,15137951
2021-04-19 09:40:55,464.75,15139564
2021-04-19 09:40:56,464.85,15150377
2021-04-19 09:40:57,464.85,15152256
2021-04-19 09:40:59,464.95,15160063
2021-04-19 09:40:59,465.0,15160269
2021-04-19 09:41:00,465.25,15166995
2021-04-19 09:41:01,465.5,15199855
2021-04-19 09:41:02,466.1,15204372
2021-04-19 09:41:05,466.4,15228784
2021-04-19 09:41:06,466.25,15238753
2021-04-19 09:41:07,466.25,15246549
2021-04-19 09:41:08,466.05,15249253
2021-04-19 09:41:10,466.0,15258119
2021-04-19 09:41:11,466.1,15265169
2021-04-19 09:41:12,466.05,15275353
2021-04-19 09:41:13,466.05,15276670
2021-04-19 09:41:15,466.2,15282642
2021-04-19 09:41:16,466.2,15284147
2021-04-19 09:41:17,466.45,15288495
2021-04-19 09:41:18,466.3,15292857
2021-04-19 09:41:19,466.2,15300937
2021-04-19 09:41:20,466.25,15306680
2021-04-19 09:41:21,466.35,15313710
2021-04-19 09:41:22,466.1,15318465
2021-04-19 09:41:24,466.05,15325255
2021-04-19 09:41:25,466.2,15326802
2021-04-19 09:41:25,466.1,15327633
2021-04-19 09:41:26,466.45,15331499
2021-04-19 09:41:27,466.4,15333781
2021-04-19 09:41:29,466.25,15338702
2021-04-19 09:41:30,466.1,15344587
2021-04-19 09:41:32,466.05,15350345
2021-04-19 09:41:33,465.8,15365889
2021-04-19 09:41:34,465.8,15370228
2021-04-19 09:41:35,465.55,15370643
2021-04-19 09:41:36,466.0,15388227
2021-04-19 09:41:37,465.85,15388507
2021-04-19 09:41:38,465.8,15392580
2021-04-19 09:41:39,465.75,15394801
2021-04-19 09:41:40,466.0,15396295
2021-04-19 09:41:41,465.8,15397540
2021-04-19 09:41:43,465.8,15399083
2021-04-19 09:41:44,465.95,15401430
2021-04-19 09:41:45,465.7,15403219
2021-04-19 09:41:47,466.0,15406928
2021-04-19 09:41:48,465.85,15407976
2021-04-19 09:41:48,465.85,15408166
2021-04-19 09:41:49,465.95,15408964
2021-04-19 09:41:50,465.85,15410564
2021-04-19 09:41:51,465.95,15411541
2021-04-19 09:41:52,465.85,15412488
2021-04-19 09:41:53,466.0,15416235
2021-04-19 09:41:54,465.8,15417639
2021-04-19 09:41:55,466.05,15426869
2021-04-19 09:41:56,466.0,15429568
2021-04-19 09:41:58,466.05,15432967
2021-04-19 09:41:59,466.0,15434184
2021-04-19 09:42:00,466.15,15439507
2021-04-19 09:42:00,466.35,15439767
2021-04-19 09:42:01,466.35,15440317
2021-04-19 09:42:02,466.1,15441628
2021-04-19 09:42:03,466.15,15446786
2021-04-19 09:42:04,466.35,15450684
2021-04-19 09:42:06,466.2,15452779
2021-04-19 09:42:07,466.2,15454862
2021-04-19 09:42:08,466.2,15457155
2021-04-19 09:42:09,466.45,15458713
2021-04-19 09:42:11,466.45,15462235
2021-04-19 09:42:12,466.7,15472756
2021-04-19 09:42:14,466.95,15492059
2021-04-19 09:42:15,466.95,15493903
2021-04-19 09:42:17,467.0,15501529
2021-04-19 09:42:18,467.0,15504887
2021-04-19 09:42:18,466.8,15510043
2021-04-19 09:42:19,467.0,15518151
2021-04-19 09:42:20,466.95,15521654
2021-04-19 09:42:21,467.0,15526523
2021-04-19 09:42:22,466.8,15531021
2021-04-19 09:42:24,467.2,15534694
2021-04-19 09:42:25,466.95,15546751
2021-04-19 09:42:26,467.0,15550131
2021-04-19 09:42:25,466.8,15547888
2021-04-19 09:42:27,467.05,15561271
2021-04-19 09:42:28,467.15,15565167
2021-04-19 09:42:29,467.15,15569376
2021-04-19 09:42:31,467.45,15578336
2021-04-19 09:42:32,467.45,15583444
2021-04-19 09:42:32,467.25,15585891
2021-04-19 09:42:33,467.45,15590579
2021-04-19 09:42:34,467.2,15593460
2021-04-19 09:42:37,467.3,15602965
2021-04-19 09:42:38,467.6,15606483
2021-04-19 09:42:38,467.65,15606613
2021-04-19 09:42:39,467.7,15613683
2021-04-19 09:42:40,467.7,15614700
2021-04-19 09:42:42,467.8,15620182
2021-04-19 09:42:43,467.7,15629401
2021-04-19 09:42:44,467.5,15632651
2021-04-19 09:42:44,467.7,15633172
2021-04-19 09:42:45,467.7,15636478
2021-04-19 09:42:46,467.5,15640359
2021-04-19 09:42:47,467.9,15647915
2021-04-19 09:42:48,467.65,15661661
2021-04-19 09:42:50,467.65,15668960
2021-04-19 09:42:51,467.65,15671832
2021-04-19 09:42:51,467.65,15673106
2021-04-19 09:42:52,467.7,15678239
2021-04-19 09:42:53,467.9,15680583
2021-04-19 09:42:54,467.95,15685397
2021-04-19 09:42:56,467.9,15689380
2021-04-19 09:42:57,467.8,15693915
2021-04-19 09:42:57,467.6,15694411
2021-04-19 09:42:58,467.75,15697629
2021-04-19 09:43:01,467.25,15708374
2021-04-19 09:43:02,467.3,15712519
2021-04-19 09:43:02,467.15,15712830
2021-04-19 09:43:03,466.95,15727803
2021-04-19 09:43:04,467.0,15738834
2021-04-19 09:43:06,466.9,15743575
2021-04-19 09:43:07,466.8,15745628
2021-04-19 09:43:08,466.7,15746709
2021-04-19 09:43:09,466.55,15763425
2021-04-19 09:43:09,466.55,15764285
2021-04-19 09:43:10,466.1,15766530
2021-04-19 09:43:12,466.1,15768825
2021-04-19 09:43:13,466.05,15776759
2021-04-19 09:43:14,466.3,15779340
2021-04-19 09:43:14,466.0,15781101
2021-04-19 09:43:15,466.05,15782245
2021-04-19 09:43:17,466.15,15787584
2021-04-19 09:43:18,466.2,15788230
2021-04-19 09:43:19,466.2,15791663
2021-04-19 09:43:19,466.05,15793861
2021-04-19 09:43:20,466.05,15798206
2021-04-19 09:43:22,466.0,15799989
2021-04-19 09:43:23,466.05,15803984
2021-04-19 09:43:24,466.0,15808674
2021-04-19 09:43:24,466.0,15808623
2021-04-19 09:43:25,465.9,15809714
2021-04-19 09:43:26,466.0,15812539
2021-04-19 09:43:28,466.05,15815829
2021-04-19 09:43:29,466.15,15821318
2021-04-19 09:43:30,466.25,15823852
2021-04-19 09:43:30,466.45,15823834
2021-04-19 09:43:31,466.2,15824589
2021-04-19 09:43:32,466.45,15826849
2021-04-19 09:43:34,466.25,15830601
2021-04-19 09:43:35,466.35,15831973
2021-04-19 09:43:36,466.35,15833213
2021-04-19 09:43:36,466.55,15833913
2021-04-19 09:43:37,466.35,15834878
2021-04-19 09:43:38,466.25,15837979
2021-04-19 09:43:40,466.25,15839937
2021-04-19 09:43:41,466.25,15841880
2021-04-19 09:43:42,466.45,15845729
2021-04-19 09:43:43,466.25,15846406
2021-04-19 09:43:43,466.5,15847574
2021-04-19 09:43:44,466.25,15848781
2021-04-19 09:43:45,466.4,15848897
2021-04-19 09:43:47,466.45,15852827
2021-04-19 09:43:48,466.2,15856535
2021-04-19 09:43:49,466.45,15858280
2021-04-19 09:43:49,466.25,15858808
2021-04-19 09:43:50,466.4,15859686
2021-04-19 09:43:52,466.4,15860689
2021-04-19 09:43:53,466.25,15863073
2021-04-19 09:43:55,466.3,15864322
2021-04-19 09:43:56,466.2,15866463
2021-04-19 09:43:57,466.25,15867107
2021-04-19 09:43:59,466.2,15869599
2021-04-19 09:44:00,466.15,15871349
2021-04-19 09:44:01,466.05,15873065
2021-04-19 09:44:01,466.25,15872372
2021-04-19 09:44:02,466.0,15877388
2021-04-19 09:44:04,466.2,15879694
2021-04-19 09:44:05,466.2,15880679
2021-04-19 09:44:06,466.05,15882075
2021-04-19 09:44:07,466.15,15888430
2021-04-19 09:44:08,466.05,15892595
2021-04-19 09:44:10,466.0,15899907
2021-04-19 09:44:11,466.05,15902845
2021-04-19 09:44:12,466.2,15905566
2021-04-19 09:44:12,466.15,15905396
2021-04-19 09:44:13,466.05,15906254
2021-04-19 09:44:15,466.0,15916289
2021-04-19 09:44:16,465.95,15922589
2021-04-19 09:44:17,465.8,15927376
2021-04-19 09:44:17,466.0,15927326
2021-04-19 09:44:18,465.8,15931378
2021-04-19 09:44:20,466.0,15931835
2021-04-19 09:44:21,466.0,15932825
2021-04-19 09:44:22,466.0,15934234
2021-04-19 09:44:22,465.85,15934134
2021-04-19 09:44:23,466.0,15934729
2021-04-19 09:44:24,466.0,15938622
2021-04-19 09:44:27,465.95,15939934
2021-04-19 09:44:28,465.85,15940683
2021-04-19 09:44:29,465.8,15943544
2021-04-19 09:44:29,465.8,15949935
2021-04-19 09:44:30,465.7,15950949
2021-04-19 09:44:31,465.7,15951321
2021-04-19 09:44:33,465.8,15956683
2021-04-19 09:44:34,465.8,15957978
2021-04-19 09:44:35,465.7,15959862
2021-04-19 09:44:36,465.75,15960450
2021-04-19 09:44:37,465.75,15961681
2021-04-19 09:44:39,465.95,15962829
2021-04-19 09:44:40,465.65,15963712
2021-04-19 09:44:41,466.25,15984097
2021-04-19 09:44:42,465.95,15992934
2021-04-19 09:44:44,466.0,15994355
2021-04-19 09:44:45,466.0,15995226
2021-04-19 09:44:46,466.0,15998538
2021-04-19 09:44:47,466.0,16001590
2021-04-19 09:44:47,466.0,16001580
2021-04-19 09:44:48,466.0,16004455
2021-04-19 09:44:50,466.0,16005759
2021-04-19 09:44:51,466.0,16006109
2021-04-19 09:44:52,466.05,16006902
2021-04-19 09:44:52,466.15,16007142
2021-04-19 09:44:53,466.05,16007798
2021-04-19 09:44:54,466.0,16009064
2021-04-19 09:44:56,466.05,16012739
2021-04-19 09:44:57,466.0,16015297
2021-04-19 09:44:58,465.8,16019072
2021-04-19 09:44:59,465.8,16019190
2021-04-19 09:44:59,466.0,16019250
2021-04-19 09:45:00,466.0,16019632
2021-04-19 09:45:02,465.8,16023897
2021-04-19 09:45:03,465.75,16026509
2021-04-19 09:45:04,465.85,16027087
2021-04-19 09:45:04,465.85,16027121
2021-04-19 09:45:07,465.75,16027922
2021-04-19 09:45:08,465.8,16028282
2021-04-19 09:45:09,465.8,16028967
2021-04-19 09:45:09,465.8,16029017
2021-04-19 09:45:12,465.8,16031124
2021-04-19 09:45:13,465.8,16031291
2021-04-19 09:45:14,465.85,16031630
2021-04-19 09:45:14,465.85,16031660
2021-04-19 09:45:16,466.2,16042097
2021-04-19 09:45:17,466.0,16045541
2021-04-19 09:45:18,466.0,16046573
2021-04-19 09:45:19,466.05,16049030
2021-04-19 09:45:20,466.05,16052625
2021-04-19 09:45:20,466.0,16053055
2021-04-19 09:45:21,466.2,16057847
2021-04-19 09:45:23,466.05,16058755
2021-04-19 09:45:24,466.2,16064990
2021-04-19 09:45:25,466.25,16066585
2021-04-19 09:45:26,466.3,16071233
2021-04-19 09:45:27,466.05,16073400
2021-04-19 09:45:27,466.25,16073574
2021-04-19 09:45:29,466.05,16076626
2021-04-19 09:45:30,466.25,16077731
2021-04-19 09:45:32,466.3,16085886
2021-04-19 09:45:33,466.3,16086602
2021-04-19 09:45:33,466.05,16087461
2021-04-19 09:45:34,466.0,16088551
2021-04-19 09:45:36,466.0,16089407
2021-04-19 09:45:37,466.0,16089942
2021-04-19 09:45:38,466.0,16093075
2021-04-19 09:45:39,466.1,16094952
2021-04-19 09:45:39,466.1,16094202
2021-04-19 09:45:40,466.15,16095755
2021-04-19 09:45:41,466.15,16098288
2021-04-19 09:45:43,466.25,16098575
2021-04-19 09:45:44,466.35,16113932
2021-04-19 09:45:45,466.35,16116316
2021-04-19 09:45:46,466.3,16116941
2021-04-19 09:45:47,466.65,16121488
2021-04-19 09:45:47,466.35,16121589
2021-04-19 09:45:48,466.4,16122330
2021-04-19 09:45:49,466.65,16124077
2021-04-19 09:45:50,466.55,16125317
2021-04-19 09:45:52,466.5,16129820
2021-04-19 09:45:53,467.0,16147220
2021-04-19 09:45:55,466.65,16155328
2021-04-19 09:45:56,466.6,16158281
2021-04-19 09:45:57,466.55,16162253
2021-04-19 09:45:58,466.55,16164523
2021-04-19 09:45:58,466.55,16164523
2021-04-19 09:46:00,466.8,16166375
2021-04-19 09:46:01,466.75,16167035
2021-04-19 09:46:02,466.5,16168572
2021-04-19 09:46:05,466.45,16173146
2021-04-19 09:46:06,466.4,16173454
2021-04-19 09:46:07,466.4,16176342
2021-04-19 09:46:08,466.3,16177737
2021-04-19 09:46:08,466.3,16178038
2021-04-19 09:46:10,466.25,16178538
2021-04-19 09:46:11,466.3,16179271
2021-04-19 09:46:12,466.2,16179855
2021-04-19 09:46:13,466.3,16180453
2021-04-19 09:46:14,466.2,16181550
2021-04-19 09:46:14,466.2,16181550
2021-04-19 09:46:15,466.25,16183554
2021-04-19 09:46:17,466.2,16184069
2021-04-19 09:46:18,466.2,16187086
2021-04-19 09:46:19,466.45,16188509
2021-04-19 09:46:20,466.25,16188921
2021-04-19 09:46:20,466.35,16189043
2021-04-19 09:46:21,466.45,16189540
2021-04-19 09:46:22,466.45,16190724
2021-04-19 09:46:24,466.4,16191411
2021-04-19 09:46:25,466.45,16192280
2021-04-19 09:46:26,466.45,16192820
2021-04-19 09:46:27,466.45,16194705
2021-04-19 09:46:28,466.55,16196576
2021-04-19 09:46:28,466.4,16196704
2021-04-19 09:46:29,466.55,16196920
2021-04-19 09:46:31,466.55,16208166
2021-04-19 09:46:32,466.55,16210790
2021-04-19 09:46:33,466.45,16213161
2021-04-19 09:46:34,466.55,16213786
2021-04-19 09:46:35,466.45,16214771
2021-04-19 09:46:37,466.55,16215826
2021-04-19 09:46:38,466.75,16217686
2021-04-19 09:46:39,466.7,16221984
2021-04-19 09:46:40,466.7,16222999
2021-04-19 09:46:41,466.65,16224056
2021-04-19 09:46:42,466.65,16225258
2021-04-19 09:46:43,466.7,16225633
2021-04-19 09:46:45,466.8,16226991
2021-04-19 09:46:46,466.9,16228483
2021-04-19 09:46:47,466.9,16229347
2021-04-19 09:46:48,466.8,16230412
2021-04-19 09:46:49,466.85,16232091
2021-04-19 09:46:49,466.7,16232346
2021-04-19 09:46:51,466.75,16233524
2021-04-19 09:46:52,466.9,16235014
2021-04-19 09:46:53,467.2,16246035
2021-04-19 09:46:54,467.05,16247938
2021-04-19 09:46:54,467.1,16252028
2021-04-19 09:46:56,467.35,16270572
2021-04-19 09:46:57,467.2,16274792
2021-04-19 09:46:58,467.15,16280466
2021-04-19 09:46:59,467.1,16289357
2021-04-19 09:47:00,467.4,16295118
2021-04-19 09:47:00,467.4,16295118
2021-04-19 09:47:02,467.3,16298194
2021-04-19 09:47:03,467.3,16300875
2021-04-19 09:47:04,467.6,16303548
2021-04-19 09:47:05,467.75,16305671
2021-04-19 09:47:06,467.7,16307662
2021-04-19 09:47:08,467.5,16311525
2021-04-19 09:47:09,467.9,16313292
2021-04-19 09:47:10,467.9,16314965
2021-04-19 09:47:11,467.85,16316794
2021-04-19 09:47:12,467.8,16318484
2021-04-19 09:47:14,467.8,16321549
2021-04-19 09:47:15,467.55,16323966
2021-04-19 09:47:16,467.65,16325873
2021-04-19 09:47:17,467.8,16328461
2021-04-19 09:47:19,467.9,16330564
2021-04-19 09:47:20,467.9,16332312
2021-04-19 09:47:21,467.8,16335833
2021-04-19 09:47:22,467.8,16338820
2021-04-19 09:47:23,467.85,16340603
2021-04-19 09:47:23,467.55,16341182
2021-04-19 09:47:26,467.8,16345207
2021-04-19 09:47:25,467.8,16344995
2021-04-19 09:47:27,467.9,16348010
2021-04-19 09:47:28,467.9,16349489
2021-04-19 09:47:29,467.9,16350039
2021-04-19 09:47:30,467.8,16351402
2021-04-19 09:47:31,467.95,16357901
2021-04-19 09:47:32,467.85,16358701
2021-04-19 09:47:34,468.2,16388497
2021-04-19 09:47:35,468.2,16391424
2021-04-19 09:47:36,468.0,16395023
2021-04-19 09:47:37,467.95,16395586
2021-04-19 09:47:40,468.0,16418399
2021-04-19 09:47:41,468.15,16422178
2021-04-19 09:47:42,468.2,16422426
2021-04-19 09:47:43,468.45,16426347
2021-04-19 09:47:44,468.45,16430336
2021-04-19 09:47:45,468.45,16433710
2021-04-19 09:47:46,468.45,16435018
2021-04-19 09:47:47,468.5,16436997
2021-04-19 09:47:48,468.5,16437047
2021-04-19 09:47:50,468.5,16443359
2021-04-19 09:47:51,468.5,16446373
2021-04-19 09:47:52,468.45,16449154
2021-04-19 09:47:53,468.5,16451753
2021-04-19 09:47:54,468.5,16452478
2021-04-19 09:47:55,468.95,16479769
2021-04-19 09:47:56,468.65,16481967
2021-04-19 09:47:57,468.6,16490589
2021-04-19 09:47:58,468.5,16498580
2021-04-19 09:48:00,468.6,16501340
2021-04-19 09:47:59,468.65,16501325
2021-04-19 09:48:01,468.65,16502991
2021-04-19 09:48:02,468.65,16505394
2021-04-19 09:48:03,468.3,16511492
2021-04-19 09:48:04,468.3,16572171
2021-04-19 09:48:05,468.25,16574203
2021-04-19 09:48:06,468.2,16575328
2021-04-19 09:48:07,468.15,16581784
2021-04-19 09:48:08,468.05,16585351
2021-04-19 09:48:09,468.5,16597735
2021-04-19 09:48:10,468.05,16643294
2021-04-19 09:48:11,468.0,16664878
2021-04-19 09:48:12,467.95,16667743
2021-04-19 09:48:13,467.9,16677677
2021-04-19 09:48:14,467.65,16682283
2021-04-19 09:48:15,467.5,16687390
2021-04-19 09:48:16,467.45,16689620
2021-04-19 09:48:17,467.4,16689945
2021-04-19 09:48:18,467.2,16691023
2021-04-19 09:48:19,467.05,16691725
2021-04-19 09:48:20,467.05,16694667
2021-04-19 09:48:21,466.65,16719790
2021-04-19 09:48:22,466.65,16723367
2021-04-19 09:48:23,466.4,16732245
2021-04-19 09:48:24,466.7,16743785
2021-04-19 09:48:25,466.7,16747391
2021-04-19 09:48:26,466.65,16749643
2021-04-19 09:48:27,466.7,16749654
2021-04-19 09:48:28,466.65,16751960
2021-04-19 09:48:29,466.85,16756922
2021-04-19 09:48:30,466.65,16760857
2021-04-19 09:48:31,466.65,16761933
2021-04-19 09:48:32,467.05,16766336
2021-04-19 09:48:33,467.05,16766548
2021-04-19 09:48:34,466.8,16769720
2021-04-19 09:48:35,466.85,16773180
2021-04-19 09:48:36,467.0,16774969
2021-04-19 09:48:37,467.15,16776890
2021-04-19 09:48:38,467.25,16777722
2021-04-19 09:48:39,466.95,16777902
2021-04-19 09:48:40,467.25,16779705
2021-04-19 09:48:41,467.3,16781133
2021-04-19 09:48:42,467.2,16782596
2021-04-19 09:48:43,467.0,16783726
2021-04-19 09:48:44,467.2,16784411
2021-04-19 09:48:45,467.2,16784461
2021-04-19 09:48:46,467.25,16784858
2021-04-19 09:48:47,467.05,16785339
2021-04-19 09:48:48,467.1,16785921
2021-04-19 09:48:49,467.25,16787071
2021-04-19 09:48:52,467.2,16791012
2021-04-19 09:48:53,467.2,16791023
2021-04-19 09:48:54,467.15,16791417
2021-04-19 09:48:55,467.35,16793365
2021-04-19 09:48:56,467.45,16794622
2021-04-19 09:48:57,467.4,16796318
2021-04-19 09:48:58,467.4,16797072
2021-04-19 09:48:59,467.45,16798214
2021-04-19 09:49:00,467.45,16798879
2021-04-19 09:49:01,467.4,16799139
2021-04-19 09:49:02,467.45,16802681
2021-04-19 09:49:04,467.85,16805212
2021-04-19 09:49:03,467.6,16805078
2021-04-19 09:49:05,467.5,16808615
2021-04-19 09:49:06,467.6,16810348
2021-04-19 09:49:07,467.6,16811892
2021-04-19 09:49:09,468.0,16815615
2021-04-19 09:49:10,468.0,16815615
2021-04-19 09:49:11,468.0,16817433
2021-04-19 09:49:12,467.8,16822363
2021-04-19 09:49:13,467.8,16824108
2021-04-19 09:49:14,467.75,16828690
2021-04-19 09:49:15,467.7,16829255
2021-04-19 09:49:16,468.05,16835838
2021-04-19 09:49:17,468.0,16838267
2021-04-19 09:49:18,467.85,16839775
2021-04-19 09:49:20,467.95,16843076
2021-04-19 09:49:21,468.0,16846413
2021-04-19 09:49:22,467.75,16846559
2021-04-19 09:49:23,467.75,16846951
2021-04-19 09:49:24,467.75,16848776
2021-04-19 09:49:25,467.75,16848915
2021-04-19 09:49:26,467.8,16854270
2021-04-19 09:49:27,468.0,16856327
2021-04-19 09:49:28,467.95,16859298
2021-04-19 09:49:29,467.85,16860449
2021-04-19 09:49:31,467.95,16862309
2021-04-19 09:49:30,467.95,16861209
2021-04-19 09:49:32,467.75,16864424
2021-04-19 09:49:33,467.7,16866663
2021-04-19 09:49:34,467.7,16867801
2021-04-19 09:49:35,467.8,16870974
2021-04-19 09:49:37,467.55,16872910
2021-04-19 09:49:37,467.7,16872892
2021-04-19 09:49:38,467.55,16875648
2021-04-19 09:49:39,467.6,16876750
2021-04-19 09:49:40,467.4,16883318
2021-04-19 09:49:42,467.3,16888251
2021-04-19 09:49:42,467.4,16888141
2021-04-19 09:49:43,467.55,16892755
2021-04-19 09:49:44,467.35,16896387
2021-04-19 09:49:45,467.7,16898050
2021-04-19 09:49:46,467.7,16898239
2021-04-19 09:49:47,467.55,16898743
2021-04-19 09:49:48,467.8,16899585
2021-04-19 09:49:50,467.65,16900142
2021-04-19 09:49:50,467.8,16900193
2021-04-19 09:49:52,467.95,16905562
2021-04-19 09:49:53,467.95,16915090
2021-04-19 09:49:54,468.1,16925285
2021-04-19 09:49:55,468.1,16928886
2021-04-19 09:49:56,468.0,16930368
2021-04-19 09:49:58,467.95,16931950
2021-04-19 09:49:58,467.8,16932897
2021-04-19 09:49:59,467.75,16933723
2021-04-19 09:50:00,467.75,16938929
2021-04-19 09:50:01,467.9,16940519
2021-04-19 09:50:03,467.7,16942652
2021-04-19 09:50:03,467.95,16942752
2021-04-19 09:50:04,468.0,16944707
2021-04-19 09:50:05,468.0,16946191
2021-04-19 09:50:06,467.95,16948273
2021-04-19 09:50:07,467.95,16949064
2021-04-19 09:50:09,468.0,16952544
2021-04-19 09:50:09,468.0,16952544
2021-04-19 09:50:10,467.75,16957870
2021-04-19 09:50:11,467.85,16959228
2021-04-19 09:50:12,468.2,16964437
2021-04-19 09:50:13,467.95,16965150
2021-04-19 09:50:15,468.0,16969740
2021-04-19 09:50:15,468.2,16969630
2021-04-19 09:50:16,468.0,16971354
2021-04-19 09:50:17,468.05,16972777
2021-04-19 09:50:18,468.05,16973285
2021-04-19 09:50:20,468.1,16974368
2021-04-19 09:50:20,468.1,16974518
2021-04-19 09:50:21,468.35,16974860
2021-04-19 09:50:22,468.2,16977154
2021-04-19 09:50:23,468.4,16978601
2021-04-19 09:50:25,468.4,16981066
2021-04-19 09:50:25,468.4,16982186
2021-04-19 09:50:26,468.35,16985346
2021-04-19 09:50:28,468.1,16991921
2021-04-19 09:50:30,468.15,16993927
2021-04-19 09:50:30,468.15,16993927
2021-04-19 09:50:31,468.15,16994898
2021-04-19 09:50:32,468.1,16996844
2021-04-19 09:50:33,468.15,16997000
2021-04-19 09:50:34,468.05,16997691
2021-04-19 09:50:35,468.05,16999423
2021-04-19 09:50:37,468.0,17001517
2021-04-19 09:50:37,468.0,17002254
2021-04-19 09:50:38,468.25,17004176
2021-04-19 09:50:39,468.25,17004456
2021-04-19 09:50:40,468.25,17005509
2021-04-19 09:50:42,468.25,17006181
2021-04-19 09:50:42,468.25,17006281
2021-04-19 09:50:43,468.3,17007184
2021-04-19 09:50:44,468.1,17008415
2021-04-19 09:50:45,468.1,17036404
2021-04-19 09:50:46,468.1,17037853
2021-04-19 09:50:48,468.0,17041439
2021-04-19 09:50:48,467.95,17042022
2021-04-19 09:50:49,467.95,17048150
2021-04-19 09:50:50,467.85,17052035
2021-04-19 09:50:51,467.8,17065617
2021-04-19 09:50:52,467.75,17068758
2021-04-19 09:50:54,467.7,17069860
2021-04-19 09:50:54,467.6,17070416
2021-04-19 09:50:56,467.7,17072104
2021-04-19 09:50:56,467.65,17072235
2021-04-19 09:50:57,467.6,17074063
2021-04-19 09:50:58,467.6,17078820
2021-04-19 09:50:59,467.6,17079512
2021-04-19 09:51:01,467.55,17081323
2021-04-19 09:51:01,467.55,17081323
2021-04-19 09:51:03,467.5,17090082
2021-04-19 09:51:03,467.5,17090882
2021-04-19 09:51:04,467.55,17091931
2021-04-19 09:51:05,467.45,17094728
2021-04-19 09:51:06,467.75,17100056
2021-04-19 09:51:08,467.55,17102456
2021-04-19 09:51:08,467.65,17101883
2021-04-19 09:51:09,467.65,17102760
2021-04-19 09:51:10,467.6,17103843
2021-04-19 09:51:11,467.55,17105410
2021-04-19 09:51:12,467.35,17114706
2021-04-19 09:51:13,467.35,17118129
2021-04-19 09:51:15,467.1,17120034
2021-04-19 09:51:15,467.0,17121908
2021-04-19 09:51:16,467.4,17126251
2021-04-19 09:51:17,467.1,17127785
2021-04-19 09:51:18,467.3,17129303
2021-04-19 09:51:20,467.25,17131005
2021-04-19 09:51:20,467.05,17135992
2021-04-19 09:51:21,467.0,17136579
2021-04-19 09:51:22,467.05,17150516
2021-04-19 09:51:23,467.1,17156206
2021-04-19 09:51:25,467.05,17159527
2021-04-19 09:51:25,467.1,17159143
2021-04-19 09:51:26,467.05,17160555
2021-04-19 09:51:27,467.0,17161718
2021-04-19 09:51:28,467.0,17162997
2021-04-19 09:51:29,467.0,17164221
2021-04-19 09:51:31,467.05,17165815
2021-04-19 09:51:31,467.0,17165906
2021-04-19 09:51:32,467.05,17168703
2021-04-19 09:51:33,467.1,17169912
2021-04-19 09:51:34,467.1,17170918
2021-04-19 09:51:36,467.1,17172056
2021-04-19 09:51:36,467.1,17172056
2021-04-19 09:51:37,467.3,17173532
2021-04-19 09:51:38,467.05,17174333
2021-04-19 09:51:39,467.1,17175675
2021-04-19 09:51:40,467.05,17176000
2021-04-19 09:51:42,467.15,17178180
2021-04-19 09:51:43,467.05,17179936
2021-04-19 09:51:44,467.1,17180944
2021-04-19 09:51:45,467.15,17181564
2021-04-19 09:51:47,467.15,17182255
2021-04-19 09:51:48,467.15,17183707
2021-04-19 09:51:48,467.15,17183707
2021-04-19 09:51:49,467.15,17184120
2021-04-19 09:51:50,467.1,17184248
2021-04-19 09:51:51,467.1,17185241
2021-04-19 09:51:52,467.15,17185842
2021-04-19 09:51:54,467.2,17186385
2021-04-19 09:51:54,467.2,17187036
2021-04-19 09:51:55,467.2,17188088
2021-04-19 09:51:56,467.05,17189914
2021-04-19 09:51:57,467.25,17192588
2021-04-19 09:51:59,467.2,17193910
2021-04-19 09:52:00,467.2,17194299
2021-04-19 09:52:01,467.3,17195372
2021-04-19 09:52:01,467.5,17198446
2021-04-19 09:52:02,467.35,17198764
2021-04-19 09:52:03,467.35,17207726
2021-04-19 09:52:04,467.45,17209400
2021-04-19 09:52:06,467.5,17210744
2021-04-19 09:52:07,467.5,17214815
2021-04-19 09:52:07,467.5,17214921
2021-04-19 09:52:08,467.5,17216066
2021-04-19 09:52:09,467.7,17216396
2021-04-19 09:52:10,467.6,17217906
2021-04-19 09:52:12,467.8,17219683
2021-04-19 09:52:13,467.85,17220810
2021-04-19 09:52:14,467.65,17221526
2021-04-19 09:52:15,468.0,17224136
2021-04-19 09:52:16,467.8,17224399
2021-04-19 09:52:17,467.8,17226996
2021-04-19 09:52:18,467.85,17230600
2021-04-19 09:52:19,468.0,17230817
2021-04-19 09:52:20,467.85,17231055
2021-04-19 09:52:22,468.0,17232707
2021-04-19 09:52:23,467.8,17235524
2021-04-19 09:52:24,467.8,17238103
2021-04-19 09:52:25,467.7,17238541
2021-04-19 09:52:27,467.7,17241438
2021-04-19 09:52:28,467.8,17241972
2021-04-19 09:52:30,467.75,17244048
2021-04-19 09:52:31,467.55,17244558
2021-04-19 09:52:31,467.75,17244612
2021-04-19 09:52:32,467.75,17245094
2021-04-19 09:52:33,467.6,17246749
2021-04-19 09:52:34,467.75,17248100
2021-04-19 09:52:35,467.7,17248231
2021-04-19 09:52:36,467.6,17248945
2021-04-19 09:52:37,467.75,17249876
2021-04-19 09:52:38,467.7,17250014
2021-04-19 09:52:39,467.75,17250678
2021-04-19 09:52:40,467.6,17251412
2021-04-19 09:52:41,467.75,17251725
2021-04-19 09:52:42,467.75,17252242
2021-04-19 09:52:43,467.7,17252826
2021-04-19 09:52:45,467.65,17252970
2021-04-19 09:52:46,467.6,17253989
2021-04-19 09:52:47,467.75,17255151
2021-04-19 09:52:47,467.6,17256565
2021-04-19 09:52:48,467.75,17256824
2021-04-19 09:52:49,467.7,17257549
2021-04-19 09:52:51,467.7,17259301
2021-04-19 09:52:52,467.65,17259669
2021-04-19 09:52:53,467.75,17261237
2021-04-19 09:52:55,467.7,17262659
2021-04-19 09:52:56,467.7,17262803
2021-04-19 09:52:57,467.75,17263915
2021-04-19 09:52:57,467.75,17263764
2021-04-19 09:52:58,467.7,17263930
2021-04-19 09:52:59,467.7,17264475
2021-04-19 09:53:00,467.45,17279618
2021-04-19 09:53:02,467.2,17282225
2021-04-19 09:53:03,467.15,17282621
2021-04-19 09:53:04,467.05,17284873
2021-04-19 09:53:05,467.0,17291840
2021-04-19 09:53:06,467.05,17295233
2021-04-19 09:53:07,467.05,17301529
2021-04-19 09:53:09,467.15,17305314
2021-04-19 09:53:10,467.0,17310285
2021-04-19 09:53:10,467.0,17314101
2021-04-19 09:53:11,467.15,17315903
2021-04-19 09:53:12,466.55,17355107
2021-04-19 09:53:13,466.95,17356392
2021-04-19 09:53:15,466.5,17373217
2021-04-19 09:53:14,466.7,17370901
2021-04-19 09:53:16,466.8,17379326
2021-04-19 09:53:17,466.6,17380650
2021-04-19 09:53:18,466.75,17382194
2021-04-19 09:53:19,466.6,17384220
2021-04-19 09:53:22,466.75,17386154
2021-04-19 09:53:23,466.6,17387391
2021-04-19 09:53:24,466.75,17392910
2021-04-19 09:53:25,466.95,17394328
2021-04-19 09:53:25,466.75,17394453
2021-04-19 09:53:26,466.75,17397747
2021-04-19 09:53:27,466.75,17398925
2021-04-19 09:53:29,466.95,17400238
2021-04-19 09:53:30,466.7,17401735
2021-04-19 09:53:31,466.95,17410023
2021-04-19 09:53:32,466.65,17411619
2021-04-19 09:53:33,466.7,17412917
2021-04-19 09:53:34,466.7,17412983
2021-04-19 09:53:36,466.85,17413554
2021-04-19 09:53:37,466.9,17414177
2021-04-19 09:53:38,466.9,17416121
2021-04-19 09:53:38,466.9,17416121
2021-04-19 09:53:39,466.8,17416291
2021-04-19 09:53:40,466.9,17416676
2021-04-19 09:53:41,466.9,17419304
2021-04-19 09:53:42,466.95,17420405
2021-04-19 09:53:43,466.95,17420875
2021-04-19 09:53:45,466.95,17421433
2021-04-19 09:53:46,466.9,17422626
2021-04-19 09:53:47,466.8,17423064
2021-04-19 09:53:47,466.8,17423064
2021-04-19 09:53:48,466.8,17423274
2021-04-19 09:53:49,466.8,17424139
2021-04-19 09:53:50,466.9,17425139
2021-04-19 09:53:51,466.9,17426822
2021-04-19 09:53:54,466.65,17432212
2021-04-19 09:53:55,466.65,17434792
2021-04-19 09:53:56,466.55,17435058
2021-04-19 09:53:56,466.5,17435648
2021-04-19 09:53:57,466.55,17436627
2021-04-19 09:53:58,466.5,17437379
2021-04-19 09:53:59,466.55,17438471
2021-04-19 09:54:00,466.5,17439091
2021-04-19 09:54:01,466.85,17442226
2021-04-19 09:54:02,466.55,17442744
2021-04-19 09:54:04,466.75,17448369
2021-04-19 09:54:05,466.55,17448788
2021-04-19 09:54:06,466.55,17453071
2021-04-19 09:54:06,466.55,17453312
2021-04-19 09:54:07,466.65,17454228
2021-04-19 09:54:08,466.6,17459014
2021-04-19 09:54:10,466.55,17468611
2021-04-19 09:54:11,466.5,17476827
2021-04-19 09:54:13,466.5,17478684
2021-04-19 09:54:14,466.2,17496509
2021-04-19 09:54:15,466.6,17504820
2021-04-19 09:54:15,466.2,17501294
2021-04-19 09:54:16,466.45,17505037
2021-04-19 09:54:17,466.45,17505630
2021-04-19 09:54:18,466.5,17509367
2021-04-19 09:54:20,466.5,17510620
2021-04-19 09:54:21,466.5,17512224
2021-04-19 09:54:22,466.15,17515639
2021-04-19 09:54:23,466.3,17515933
2021-04-19 09:54:24,466.2,17516365
2021-04-19 09:54:25,466.15,17516852
2021-04-19 09:54:25,466.3,17517052
2021-04-19 09:54:26,466.35,17520580
2021-04-19 09:54:27,466.35,17521450
2021-04-19 09:54:28,466.45,17523280
2021-04-19 09:54:29,466.5,17526206
2021-04-19 09:54:30,466.5,17527163
2021-04-19 09:54:31,466.4,17527849
2021-04-19 09:54:32,466.55,17529800
2021-04-19 09:54:33,466.55,17530892
2021-04-19 09:54:34,466.75,17534907
2021-04-19 09:54:35,466.75,17537338
2021-04-19 09:54:36,466.8,17541621
2021-04-19 09:54:38,466.65,17542021
2021-04-19 09:54:39,466.65,17543120
2021-04-19 09:54:40,466.65,17544284
2021-04-19 09:54:41,466.55,17544679
2021-04-19 09:54:42,466.65,17544816
2021-04-19 09:54:43,466.75,17548935
2021-04-19 09:54:43,466.85,17549574
2021-04-19 09:54:44,466.65,17550263
2021-04-19 09:54:45,466.85,17551466
2021-04-19 09:54:46,467.05,17559323
2021-04-19 09:54:47,466.85,17560348
2021-04-19 09:54:48,467.0,17564168
2021-04-19 09:54:49,467.0,17564495
2021-04-19 09:54:50,467.0,17564508
2021-04-19 09:54:51,466.9,17567033
2021-04-19 09:54:52,467.05,17567304
2021-04-19 09:54:53,466.75,17570324
2021-04-19 09:54:54,466.9,17571088
2021-04-19 09:54:56,466.75,17571148
2021-04-19 09:54:57,466.9,17572149
2021-04-19 09:54:58,466.7,17579973
2021-04-19 09:54:59,466.75,17583761
2021-04-19 09:54:59,466.75,17583761
2021-04-19 09:55:00,466.8,17584095
2021-04-19 09:55:01,466.65,17584937
2021-04-19 09:55:02,466.65,17586022
2021-04-19 09:55:03,466.65,17586856
2021-04-19 09:55:04,466.75,17587661
2021-04-19 09:55:05,466.75,17588217
2021-04-19 09:55:06,466.75,17588789
2021-04-19 09:55:07,466.7,17588830
2021-04-19 09:55:08,466.65,17590157
2021-04-19 09:55:09,466.75,17590396
2021-04-19 09:55:10,466.75,17590580
2021-04-19 09:55:11,466.75,17593039
2021-04-19 09:55:12,466.75,17595600
2021-04-19 09:55:13,466.75,17596077
2021-04-19 09:55:14,466.8,17596434
2021-04-19 09:55:15,466.9,17599612
2021-04-19 09:55:16,466.75,17601575
2021-04-19 09:55:17,466.8,17602390
2021-04-19 09:55:19,466.9,17602648
2021-04-19 09:55:20,466.75,17603354
2021-04-19 09:55:21,466.75,17604257
2021-04-19 09:55:21,466.9,17604267
2021-04-19 09:55:22,466.7,17604710
2021-04-19 09:55:23,466.85,17605213
2021-04-19 09:55:24,466.85,17605893
2021-04-19 09:55:26,466.85,17606340
2021-04-19 09:55:27,466.75,17608495
2021-04-19 09:55:28,466.75,17609140
2021-04-19 09:55:29,466.75,17609211
2021-04-19 09:55:30,466.75,17609921
2021-04-19 09:55:30,466.75,17609921
2021-04-19 09:55:31,466.85,17610287
2021-04-19 09:55:32,466.75,17611781
2021-04-19 09:55:33,466.75,17611968
2021-04-19 09:55:35,466.85,17612805
2021-04-19 09:55:36,466.85,17613987
2021-04-19 09:55:37,466.7,17614797
2021-04-19 09:55:38,466.7,17615477
2021-04-19 09:55:39,466.7,17616516
2021-04-19 09:55:40,466.85,17616877
2021-04-19 09:55:40,466.85,17616977
2021-04-19 09:55:41,466.85,17617166
2021-04-19 09:55:42,466.75,17617250
2021-04-19 09:55:43,466.85,17618960
2021-04-19 09:55:44,466.65,17623320
2021-04-19 09:55:45,466.7,17623896
2021-04-19 09:55:47,466.7,17624880
2021-04-19 09:55:48,466.85,17625387
2021-04-19 09:55:49,466.85,17625871
2021-04-19 09:55:50,466.8,17626113
2021-04-19 09:55:51,466.85,17627091
2021-04-19 09:55:52,466.7,17629091
2021-04-19 09:55:53,466.85,17629450
2021-04-19 09:55:53,466.75,17629751
2021-04-19 09:55:54,466.8,17630143
2021-04-19 09:55:55,466.75,17630157
2021-04-19 09:55:57,466.7,17631937
2021-04-19 09:55:58,466.85,17633673
2021-04-19 09:55:59,466.8,17634502
2021-04-19 09:56:00,466.85,17634708
2021-04-19 09:56:01,466.85,17635753
2021-04-19 09:56:01,466.8,17635881
2021-04-19 09:56:02,466.85,17636389
2021-04-19 09:56:03,466.8,17639190
2021-04-19 09:56:05,467.0,17642425
2021-04-19 09:56:06,466.85,17644094
2021-04-19 09:56:07,466.85,17644610
2021-04-19 09:56:09,467.0,17646610
2021-04-19 09:56:10,466.85,17647769
2021-04-19 09:56:11,466.85,17647930
2021-04-19 09:56:12,467.0,17649077
2021-04-19 09:56:13,467.0,17652051
2021-04-19 09:56:14,467.0,17652157
2021-04-19 09:56:15,467.0,17652345
2021-04-19 09:56:16,467.0,17652875
2021-04-19 09:56:16,466.85,17652905
2021-04-19 09:56:18,467.0,17654858
2021-04-19 09:56:19,467.0,17655209
2021-04-19 09:56:20,467.0,17655676
2021-04-19 09:56:21,466.85,17655808
2021-04-19 09:56:21,466.85,17655811
2021-04-19 09:56:22,467.0,17656048
2021-04-19 09:56:24,467.0,17657827
2021-04-19 09:56:25,466.85,17658763
2021-04-19 09:56:26,467.0,17659564
2021-04-19 09:56:27,466.85,17660067
2021-04-19 09:56:28,466.85,17660277
2021-04-19 09:56:29,467.0,17660693
2021-04-19 09:56:29,466.85,17660708
2021-04-19 09:56:30,466.85,17661226
2021-04-19 09:56:31,467.0,17661634
2021-04-19 09:56:32,467.0,17662275
2021-04-19 09:56:34,466.85,17662710
2021-04-19 09:56:35,467.0,17662737
2021-04-19 09:56:35,466.9,17662752
2021-04-19 09:56:36,467.0,17663207
2021-04-19 09:56:38,466.9,17663292
2021-04-19 09:56:39,466.85,17663864
2021-04-19 09:56:40,466.85,17664364
2021-04-19 09:56:41,466.9,17664611
2021-04-19 09:56:42,466.9,17668583
2021-04-19 09:56:43,467.0,17668982
2021-04-19 09:56:43,466.8,17672054
2021-04-19 09:56:44,466.85,17673934
2021-04-19 09:56:46,466.85,17674664
2021-04-19 09:56:47,466.8,17675855
2021-04-19 09:56:48,466.75,17676492
2021-04-19 09:56:49,466.85,17677011
2021-04-19 09:56:50,466.8,17677537
2021-04-19 09:56:51,466.8,17677773
2021-04-19 09:56:52,466.85,17677909
2021-04-19 09:56:53,466.8,17677934
2021-04-19 09:56:53,466.8,17677918
2021-04-19 09:56:55,466.75,17682064
2021-04-19 09:56:55,466.85,17683376
2021-04-19 09:56:57,466.75,17683587
2021-04-19 09:56:58,466.7,17684779
2021-04-19 09:56:59,466.75,17689996
2021-04-19 09:57:00,466.75,17692069
2021-04-19 09:57:01,466.7,17693439
2021-04-19 09:57:02,466.75,17693530
2021-04-19 09:57:03,466.75,17693898
2021-04-19 09:57:04,466.7,17694954
2021-04-19 09:57:05,466.7,17695295
2021-04-19 09:57:06,466.75,17695805
2021-04-19 09:57:07,466.7,17695966
2021-04-19 09:57:08,466.85,17701051
2021-04-19 09:57:09,466.75,17702507
2021-04-19 09:57:10,466.75,17703024
2021-04-19 09:57:10,466.75,17703034
2021-04-19 09:57:11,466.75,17703351
2021-04-19 09:57:12,466.85,17704014
2021-04-19 09:57:13,466.7,17704778
2021-04-19 09:57:15,466.85,17704849
2021-04-19 09:57:15,466.75,17704897
2021-04-19 09:57:16,466.75,17704909
2021-04-19 09:57:17,466.75,17706185
2021-04-19 09:57:18,466.75,17706592
2021-04-19 09:57:19,466.75,17706693
2021-04-19 09:57:21,466.75,17706941
2021-04-19 09:57:22,466.85,17706966
2021-04-19 09:57:23,466.85,17708378
2021-04-19 09:57:24,466.8,17709209
2021-04-19 09:57:24,466.8,17709234
2021-04-19 09:57:25,466.85,17710009
2021-04-19 09:57:26,466.85,17710229
2021-04-19 09:57:27,466.8,17710647
2021-04-19 09:57:29,466.85,17710747
2021-04-19 09:57:30,466.8,17711432
2021-04-19 09:57:31,466.85,17711721
2021-04-19 09:57:32,466.85,17711797
2021-04-19 09:57:33,466.8,17712389
2021-04-19 09:57:33,466.85,17712544
2021-04-19 09:57:34,466.8,17714476
2021-04-19 09:57:35,466.85,17714988
2021-04-19 09:57:36,466.85,17715118
2021-04-19 09:57:38,466.75,17715555
2021-04-19 09:57:38,466.85,17715564
2021-04-19 09:57:39,466.75,17716718
2021-04-19 09:57:40,466.75,17717059
2021-04-19 09:57:42,466.8,17717593
2021-04-19 09:57:42,466.8,17718065
2021-04-19 09:57:44,466.85,17719060
2021-04-19 09:57:45,466.75,17719365
2021-04-19 09:57:46,466.75,17720273
2021-04-19 09:57:47,466.85,17720274
2021-04-19 09:57:48,466.85,17720973
2021-04-19 09:57:49,466.75,17720992
2021-04-19 09:57:50,466.8,17721045
2021-04-19 09:57:51,466.75,17722457
2021-04-19 09:57:52,466.75,17722978
2021-04-19 09:57:53,466.75,17723397
2021-04-19 09:57:54,466.75,17723502
2021-04-19 09:57:55,466.85,17725613
2021-04-19 09:57:55,466.85,17725714
2021-04-19 09:57:56,466.8,17725999
2021-04-19 09:57:57,466.85,17726254
2021-04-19 09:57:58,466.75,17726992
2021-04-19 09:57:59,466.75,17727162
2021-04-19 09:58:00,466.75,17727500
2021-04-19 09:58:03,466.8,17728583
2021-04-19 09:58:03,466.6,17730677
2021-04-19 09:58:05,466.6,17731247
2021-04-19 09:58:06,466.5,17732878
2021-04-19 09:58:07,466.6,17734980
2021-04-19 09:58:08,466.6,17735091
2021-04-19 09:58:09,466.5,17735378
2021-04-19 09:58:10,466.45,17748120
2021-04-19 09:58:11,466.4,17749047
2021-04-19 09:58:12,466.4,17751180
2021-04-19 09:58:13,466.4,17751430
2021-04-19 09:58:14,466.35,17752165
2021-04-19 09:58:15,466.2,17756137
2021-04-19 09:58:16,466.15,17759265
2021-04-19 09:58:17,466.15,17759716
2021-04-19 09:58:18,466.05,17763016
2021-04-19 09:58:19,466.2,17771216
2021-04-19 09:58:20,466.15,17772017
2021-04-19 09:58:21,466.2,17772653
2021-04-19 09:58:22,466.1,17773591
2021-04-19 09:58:23,466.1,17775926
2021-04-19 09:58:24,466.25,17779933
2021-04-19 09:58:25,466.2,17781129
2021-04-19 09:58:26,466.25,17781451
2021-04-19 09:58:27,466.1,17782084
2021-04-19 09:58:28,466.25,17784134
2021-04-19 09:58:29,466.1,17785777
2021-04-19 09:58:30,466.25,17788098
2021-04-19 09:58:31,466.2,17788906
2021-04-19 09:58:32,466.15,17788909
2021-04-19 09:58:33,466.0,17794579
2021-04-19 09:58:34,466.1,17797310
2021-04-19 09:58:35,466.1,17798487
2021-04-19 09:58:37,466.1,17799594
2021-04-19 09:58:38,466.05,17801512
2021-04-19 09:58:39,466.0,17802112
2021-04-19 09:58:40,466.0,17802997
2021-04-19 09:58:41,466.05,17803001
2021-04-19 09:58:42,466.0,17805023
2021-04-19 09:58:43,466.0,17805826
2021-04-19 09:58:44,466.0,17808798
2021-04-19 09:58:45,465.95,17847599
2021-04-19 09:58:46,466.0,17849331
2021-04-19 09:58:47,466.0,17849539
2021-04-19 09:58:48,466.0,17849971
2021-04-19 09:58:49,466.0,17854008
2021-04-19 09:58:50,465.8,17855240
2021-04-19 09:58:51,465.95,17857231
2021-04-19 09:58:52,466.0,17863583
2021-04-19 09:58:53,466.0,17863941
2021-04-19 09:58:55,465.95,17867569
2021-04-19 09:58:56,465.75,17868519
2021-04-19 09:58:57,465.75,17868519
2021-04-19 09:58:58,465.75,17869157
2021-04-19 09:58:59,465.75,17869337
2021-04-19 09:59:00,465.6,17872601
2021-04-19 09:59:01,465.75,17875849
2021-04-19 09:59:02,465.55,17877600
2021-04-19 09:59:03,465.6,17882011
2021-04-19 09:59:04,465.6,17883363
2021-04-19 09:59:05,465.7,17885640
2021-04-19 09:59:06,465.75,17888273
2021-04-19 09:59:07,466.0,17890736
2021-04-19 09:59:08,466.0,17906908
2021-04-19 09:59:09,465.95,17917759
2021-04-19 09:59:10,465.95,17919108
2021-04-19 09:59:11,466.05,17919680
2021-04-19 09:59:12,466.1,17919820
2021-04-19 09:59:13,466.1,17924392
2021-04-19 09:59:14,466.35,17925616
2021-04-19 09:59:15,466.35,17925754
2021-04-19 09:59:16,466.3,17930218
2021-04-19 09:59:17,466.5,17931062
2021-04-19 09:59:18,466.35,17931811
2021-04-19 09:59:19,466.25,17933046
2021-04-19 09:59:20,466.25,17933056
2021-04-19 09:59:21,466.35,17933263
2021-04-19 09:59:22,466.35,17933762
2021-04-19 09:59:23,466.35,17934447
2021-04-19 09:59:24,466.3,17935132
2021-04-19 09:59:25,466.3,17935164
2021-04-19 09:59:26,466.35,17936083
2021-04-19 09:59:27,466.35,17936980
2021-04-19 09:59:28,466.25,17937517
2021-04-19 09:59:29,466.35,17939205
2021-04-19 09:59:30,466.45,17940651
2021-04-19 09:59:31,466.45,17942661
2021-04-19 09:59:32,466.35,17943476
2021-04-19 09:59:33,466.45,17943861
2021-04-19 09:59:34,466.5,17948445
2021-04-19 09:59:35,466.45,17948506
2021-04-19 09:59:36,466.6,17949718
2021-04-19 09:59:37,466.5,17950718
2021-04-19 09:59:38,466.45,17950873
2021-04-19 09:59:39,466.45,17952947
2021-04-19 09:59:40,466.6,17953830
2021-04-19 09:59:41,466.4,17954356
2021-04-19 09:59:42,466.4,17958274
2021-04-19 09:59:43,466.4,17958890
2021-04-19 09:59:44,466.6,17959421
2021-04-19 09:59:45,466.5,17960131
2021-04-19 09:59:46,466.55,17960288
2021-04-19 09:59:47,466.6,17960708
2021-04-19 09:59:48,466.45,17962863
2021-04-19 09:59:49,466.45,17964436
2021-04-19 09:59:50,466.55,17964892
2021-04-19 09:59:51,466.4,17965818
2021-04-19 09:59:52,466.55,17969725
2021-04-19 09:59:53,466.45,17969879
2021-04-19 09:59:54,466.5,17970184
2021-04-19 09:59:55,466.25,17972978
2021-04-19 09:59:56,466.25,17975301
2021-04-19 09:59:57,466.3,17976462
2021-04-19 09:59:58,466.25,17976876
2021-04-19 09:59:59,466.35,17977901
2021-04-19 10:00:00,466.55,17980279
2021-04-19 10:00:01,466.3,17980622
2021-04-19 10:00:02,466.3,17981439
2021-04-19 10:00:03,466.3,17981753
2021-04-19 10:00:04,466.45,17982335
2021-04-19 10:00:05,466.25,17982800
2021-04-19 10:00:06,466.25,17983455
2021-04-19 10:00:07,466.4,17984045
2021-04-19 10:00:08,466.3,17985408
2021-04-19 10:00:09,466.25,17985964
2021-04-19 10:00:10,466.3,17987297
2021-04-19 10:00:11,466.1,17987859
2021-04-19 10:00:12,466.3,17988525
2021-04-19 10:00:13,466.1,17988856
2021-04-19 10:00:14,466.15,17990973
2021-04-19 10:00:15,466.1,17992269
2021-04-19 10:00:16,466.35,17992374
2021-04-19 10:00:17,466.15,17992698
2021-04-19 10:00:18,466.25,17994011
2021-04-19 10:00:19,466.0,17996917
2021-04-19 10:00:20,466.0,18009297
2021-04-19 10:00:22,466.0,18010395
2021-04-19 10:00:22,466.0,18010236
2021-04-19 10:00:23,466.0,18011248
2021-04-19 10:00:24,465.95,18013344
2021-04-19 10:00:25,466.0,18019349
2021-04-19 10:00:26,466.0,18019617
2021-04-19 10:00:27,465.8,18019877
2021-04-19 10:00:28,466.0,18020978
2021-04-19 10:00:29,465.9,18021091
2021-04-19 10:00:30,466.0,18021601
2021-04-19 10:00:31,465.9,18022094
2021-04-19 10:00:32,465.9,18022592
2021-04-19 10:00:33,465.8,18023272
2021-04-19 10:00:34,465.95,18024146
2021-04-19 10:00:36,465.7,18026179
2021-04-19 10:00:36,465.9,18025179
2021-04-19 10:00:37,465.9,18027119
2021-04-19 10:00:38,465.7,18028119
2021-04-19 10:00:39,465.7,18028360
2021-04-19 10:00:40,465.75,18028382
2021-04-19 10:00:41,465.95,18034221
2021-04-19 10:00:42,465.75,18035040
2021-04-19 10:00:43,465.7,18036263
2021-04-19 10:00:44,465.7,18036774
2021-04-19 10:00:45,465.6,18037078
2021-04-19 10:00:47,465.75,18049626
2021-04-19 10:00:48,465.6,18050958
2021-04-19 10:00:49,465.75,18051258
2021-04-19 10:00:50,465.55,18051948
2021-04-19 10:00:51,465.5,18052693
2021-04-19 10:00:52,465.6,18053130
2021-04-19 10:00:53,465.55,18053261
2021-04-19 10:00:54,465.6,18053811
2021-04-19 10:00:55,465.6,18053911
2021-04-19 10:00:56,465.75,18054789
2021-04-19 10:00:57,465.6,18055337
2021-04-19 10:00:58,465.55,18056557
2021-04-19 10:00:59,465.75,18056790
2021-04-19 10:01:00,465.55,18059498
2021-04-19 10:01:01,465.65,18059890
2021-04-19 10:01:03,465.8,18060794
2021-04-19 10:01:03,465.65,18060792
2021-04-19 10:01:04,465.7,18061130
2021-04-19 10:01:05,465.8,18066653
2021-04-19 10:01:06,465.6,18067197
2021-04-19 10:01:07,465.6,18067739
2021-04-19 10:01:08,465.9,18068879
2021-04-19 10:01:09,465.8,18069100
2021-04-19 10:01:10,465.95,18091448
2021-04-19 10:01:12,466.25,18105956
2021-04-19 10:01:13,466.5,18111130
2021-04-19 10:01:14,466.3,18113943
2021-04-19 10:01:15,466.25,18116624
2021-04-19 10:01:16,466.3,18118580
2021-04-19 10:01:17,466.3,18119587
2021-04-19 10:01:18,466.55,18119675
2021-04-19 10:01:19,466.5,18119903
2021-04-19 10:01:20,466.35,18121672
2021-04-19 10:01:21,466.35,18122465
2021-04-19 10:01:22,466.3,18122523
2021-04-19 10:01:23,466.5,18125030
2021-04-19 10:01:24,466.55,18126079
2021-04-19 10:01:25,466.55,18126083
2021-04-19 10:01:26,466.65,18129333
2021-04-19 10:01:27,466.55,18131179
2021-04-19 10:01:28,466.55,18132554
2021-04-19 10:01:29,466.6,18137037
2021-04-19 10:01:30,466.6,18137692
2021-04-19 10:01:31,466.6,18139683
2021-04-19 10:01:32,466.6,18140430
2021-04-19 10:01:33,466.7,18141091
2021-04-19 10:01:34,466.6,18141531
2021-04-19 10:01:36,466.7,18141871
2021-04-19 10:01:36,466.6,18142294
2021-04-19 10:01:37,466.55,18143721
2021-04-19 10:01:38,466.7,18143946
2021-04-19 10:01:39,466.55,18144615
2021-04-19 10:01:40,466.7,18144929
2021-04-19 10:01:41,466.6,18148753
2021-04-19 10:01:42,466.7,18149378
2021-04-19 10:01:43,466.6,18150397
2021-04-19 10:01:44,466.65,18151175
2021-04-19 10:01:45,466.65,18154117
2021-04-19 10:01:46,466.7,18155412
2021-04-19 10:01:47,466.75,18155828
2021-04-19 10:01:48,466.75,18156229
2021-04-19 10:01:49,466.75,18156229
2021-04-19 10:01:50,466.75,18156929
2021-04-19 10:01:51,466.55,18157071
2021-04-19 10:01:52,466.6,18160132
2021-04-19 10:01:53,466.65,18160361
2021-04-19 10:01:54,466.65,18161443
2021-04-19 10:01:55,466.65,18161478
2021-04-19 10:01:56,466.8,18164501
2021-04-19 10:01:57,466.65,18164780
2021-04-19 10:01:58,466.6,18166427
2021-04-19 10:02:00,466.7,18167301
2021-04-19 10:02:00,466.7,18168026
2021-04-19 10:02:01,466.65,18168285
2021-04-19 10:02:02,466.55,18168865
2021-04-19 10:02:03,466.55,18169423
2021-04-19 10:02:05,466.6,18169634
2021-04-19 10:02:05,466.6,18169654
2021-04-19 10:02:06,466.6,18170110
2021-04-19 10:02:07,466.55,18171560
2021-04-19 10:02:08,466.95,18176656
2021-04-19 10:02:09,466.7,18177794
2021-04-19 10:02:11,466.95,18179882
2021-04-19 10:02:11,466.95,18179882
2021-04-19 10:02:15,466.85,18189844
2021-04-19 10:02:17,466.85,18190778
2021-04-19 10:02:17,466.85,18190909
2021-04-19 10:02:18,466.85,18191336
2021-04-19 10:02:19,466.8,18191858
2021-04-19 10:02:21,466.9,18194248
2021-04-19 10:02:23,466.85,18195546
2021-04-19 10:02:23,466.85,18195550
2021-04-19 10:02:24,466.85,18196848
2021-04-19 10:02:25,467.0,18198168
2021-04-19 10:02:27,466.95,18198803
2021-04-19 10:02:28,466.85,18199616
2021-04-19 10:02:28,466.85,18199674
2021-04-19 10:02:29,466.8,18200001
2021-04-19 10:02:30,466.85,18200345
2021-04-19 10:02:31,466.9,18200901
2021-04-19 10:02:33,466.85,18201523
2021-04-19 10:02:34,466.85,18205216
2021-04-19 10:02:34,467.0,18205191
2021-04-19 10:02:35,466.85,18206975
2021-04-19 10:02:36,467.25,18219259
2021-04-19 10:02:37,467.15,18220130
2021-04-19 10:02:38,467.15,18224171
2021-04-19 10:02:40,467.15,18226033
2021-04-19 10:02:41,467.35,18229072
2021-04-19 10:02:42,467.15,18230974
2021-04-19 10:02:42,467.4,18231014
2021-04-19 10:02:43,467.4,18233405
2021-04-19 10:02:44,467.2,18234847
2021-04-19 10:02:45,467.2,18235421
2021-04-19 10:02:46,467.2,18237986
2021-04-19 10:02:48,467.2,18239153
2021-04-19 10:02:49,467.15,18240145
2021-04-19 10:02:49,467.2,18240428
2021-04-19 10:02:50,467.15,18242328
2021-04-19 10:02:51,467.35,18245244
2021-04-19 10:02:52,467.4,18247471
2021-04-19 10:02:54,467.3,18248094
2021-04-19 10:02:55,467.1,18249392
2021-04-19 10:02:55,467.1,18250130
2021-04-19 10:02:56,467.3,18252160
2021-04-19 10:02:57,467.1,18252971
2021-04-19 10:02:58,467.3,18253129
2021-04-19 10:03:00,467.0,18260195
2021-04-19 10:03:01,467.15,18260696
2021-04-19 10:03:01,467.05,18263519
2021-04-19 10:03:02,467.3,18263822
2021-04-19 10:03:03,467.05,18264178
2021-04-19 10:03:05,467.3,18264571
2021-04-19 10:03:08,467.1,18268028
2021-04-19 10:03:09,467.05,18268090
2021-04-19 10:03:11,467.0,18269494
2021-04-19 10:03:12,467.05,18270336
2021-04-19 10:03:12,467.05,18270671
2021-04-19 10:03:13,467.05,18270818
2021-04-19 10:03:14,467.05,18271247
2021-04-19 10:03:15,467.25,18274223
2021-04-19 10:03:17,467.05,18274428
2021-04-19 10:03:18,467.0,18275227
2021-04-19 10:03:19,467.05,18275977
2021-04-19 10:03:19,467.05,18275992
2021-04-19 10:03:20,467.2,18277293
2021-04-19 10:03:21,467.2,18277942
2021-04-19 10:03:23,467.1,18278831
2021-04-19 10:03:24,467.2,18278855
2021-04-19 10:03:24,467.15,18278856
2021-04-19 10:03:25,467.2,18279158
2021-04-19 10:03:26,467.15,18279326
2021-04-19 10:03:28,467.2,18279569
2021-04-19 10:03:29,467.2,18279886
2021-04-19 10:03:29,467.15,18279887
2021-04-19 10:03:30,467.2,18281061
2021-04-19 10:03:31,467.15,18282318
2021-04-19 10:03:33,467.2,18283469
2021-04-19 10:03:34,467.1,18285472
2021-04-19 10:03:34,467.1,18285472
2021-04-19 10:03:35,467.2,18287489
2021-04-19 10:03:36,467.2,18288285
2021-04-19 10:03:38,467.05,18288400
2021-04-19 10:03:39,467.2,18288817
2021-04-19 10:03:39,467.2,18288817
2021-04-19 10:03:40,467.2,18289759
2021-04-19 10:03:41,467.2,18289959
2021-04-19 10:03:43,467.2,18290312
2021-04-19 10:03:44,467.2,18292447
2021-04-19 10:03:44,467.15,18292722
2021-04-19 10:03:45,467.15,18293082
2021-04-19 10:03:46,467.1,18293132
2021-04-19 10:03:47,467.1,18293328
2021-04-19 10:03:49,467.05,18293553
2021-04-19 10:03:50,467.15,18293628
2021-04-19 10:03:50,467.15,18293678
2021-04-19 10:03:51,467.15,18293878
2021-04-19 10:03:52,467.15,18294112
2021-04-19 10:03:53,467.15,18294339
2021-04-19 10:03:54,467.1,18294529
2021-04-19 10:03:55,467.1,18294643
2021-04-19 10:03:57,467.15,18295152
2021-04-19 10:03:58,467.15,18296884
2021-04-19 10:03:58,467.15,18296908
2021-04-19 10:03:59,467.15,18297248
2021-04-19 10:04:00,467.1,18297315
2021-04-19 10:04:01,467.1,18298685
2021-04-19 10:04:03,467.1,18299201
2021-04-19 10:04:04,467.15,18299505
2021-04-19 10:04:04,467.05,18299955
2021-04-19 10:04:05,467.0,18301510
2021-04-19 10:04:06,467.1,18303174
2021-04-19 10:04:08,467.05,18303317
2021-04-19 10:04:09,467.1,18303577
2021-04-19 10:04:09,467.1,18303577
2021-04-19 10:04:10,467.05,18307586
2021-04-19 10:04:11,467.1,18308718
2021-04-19 10:04:13,467.1,18309952
2021-04-19 10:04:14,467.05,18311023
2021-04-19 10:04:14,467.05,18311027
2021-04-19 10:04:15,467.1,18311244
2021-04-19 10:04:16,467.1,18311471
2021-04-19 10:04:17,467.1,18312032
2021-04-19 10:04:19,467.05,18312223
2021-04-19 10:04:20,467.05,18312286
2021-04-19 10:04:20,467.05,18312286
2021-04-19 10:04:21,467.05,18312293
2021-04-19 10:04:22,467.1,18312976
2021-04-19 10:04:23,467.15,18314631
2021-04-19 10:04:24,467.15,18314662
2021-04-19 10:04:26,467.15,18315162
2021-04-19 10:04:27,467.15,18315213
2021-04-19 10:04:27,467.1,18315214
2021-04-19 10:04:28,467.15,18315474
2021-04-19 10:04:29,467.15,18315826
2021-04-19 10:04:31,467.15,18316098
2021-04-19 10:04:32,467.2,18318162
2021-04-19 10:04:32,467.1,18318322
2021-04-19 10:04:33,467.2,18318867
2021-04-19 10:04:35,467.25,18319481
2021-04-19 10:04:36,467.2,18319939
2021-04-19 10:04:37,467.1,18321143
2021-04-19 10:04:38,467.3,18321294
2021-04-19 10:04:39,467.3,18321490
2021-04-19 10:04:40,467.15,18321545
2021-04-19 10:04:40,467.15,18321546
2021-04-19 10:04:41,467.1,18322588
2021-04-19 10:04:42,467.15,18325024
2021-04-19 10:04:44,467.4,18325814
2021-04-19 10:04:45,467.3,18325999
2021-04-19 10:04:46,467.3,18326109
2021-04-19 10:04:47,467.45,18327726
2021-04-19 10:04:48,467.4,18328238
2021-04-19 10:04:48,467.25,18328339
2021-04-19 10:04:49,467.45,18328771
2021-04-19 10:04:51,467.2,18329881
2021-04-19 10:04:52,467.2,18330216
2021-04-19 10:04:53,467.4,18330657
2021-04-19 10:04:54,467.4,18331756
2021-04-19 10:04:55,467.4,18332769
2021-04-19 10:04:55,467.4,18332771
2021-04-19 10:04:56,467.6,18341731
2021-04-19 10:04:58,467.65,18345169
2021-04-19 10:04:59,467.4,18346023
2021-04-19 10:05:00,467.6,18347179
2021-04-19 10:05:01,467.8,18347662
2021-04-19 10:05:02,467.8,18349686
2021-04-19 10:05:02,467.75,18350542
2021-04-19 10:05:03,467.65,18351452
2021-04-19 10:05:05,467.85,18352713
2021-04-19 10:05:06,467.85,18353052
2021-04-19 10:05:07,467.9,18354285
2021-04-19 10:05:08,467.9,18357073
2021-04-19 10:05:08,467.9,18357034
2021-04-19 10:05:09,468.2,18392775
2021-04-19 10:05:11,468.2,18392894
2021-04-19 10:05:12,468.0,18395491
2021-04-19 10:05:13,467.9,18398984
2021-04-19 10:05:14,467.9,18405386
2021-04-19 10:05:14,467.85,18406077
2021-04-19 10:05:15,467.75,18408978
2021-04-19 10:05:16,467.7,18411436
2021-04-19 10:05:18,467.55,18413100
2021-04-19 10:05:19,467.7,18413238
