timestamp,ltp,volume
2021-06-09 09:16:04,5280.0,5629
2021-06-09 09:16:06,5278.0,5837
2021-06-09 09:16:07,5277.95,5866
2021-06-09 09:16:07,5277.95,5866
2021-06-09 09:16:09,5281.9,5900
2021-06-09 09:16:10,5278.85,5942
2021-06-09 09:16:11,5282.6,5971
2021-06-09 09:16:13,5282.6,5971
2021-06-09 09:16:14,5284.95,6076
2021-06-09 09:16:14,5284.95,6076
2021-06-09 09:16:15,5282.85,6082
2021-06-09 09:16:16,5290.35,7028
2021-06-09 09:16:17,5294.45,7125
2021-06-09 09:16:18,5294.4,7139
2021-06-09 09:16:20,5294.85,7210
2021-06-09 09:16:21,5291.95,7224
2021-06-09 09:16:21,5291.95,7224
2021-06-09 09:16:23,5297.9,7504
2021-06-09 09:16:25,5296.15,7531
2021-06-09 09:16:26,5298.0,7586
2021-06-09 09:16:27,5297.9,7587
2021-06-09 09:16:28,5298.0,7594
2021-06-09 09:16:28,5298.95,7607
2021-06-09 09:16:30,5303.55,8718
2021-06-09 09:16:32,5300.65,8748
2021-06-09 09:16:33,5301.25,8840
2021-06-09 09:16:33,5301.25,8840
2021-06-09 09:16:37,5304.35,9017
2021-06-09 09:16:39,5304.9,9137
2021-06-09 09:16:40,5302.1,9181
2021-06-09 09:16:40,5304.95,9176
2021-06-09 09:16:41,5303.8,9381
2021-06-09 09:16:43,5298.3,9727
2021-06-09 09:16:44,5298.3,9728
2021-06-09 09:16:46,5302.15,9846
2021-06-09 09:16:47,5298.35,10159
2021-06-09 09:16:47,5297.5,10160
2021-06-09 09:16:48,5300.8,10269
2021-06-09 09:16:49,5290.4,11224
2021-06-09 09:16:50,5298.15,11298
2021-06-09 09:16:52,5298.3,11323
2021-06-09 09:16:53,5299.85,11940
2021-06-09 09:16:53,5299.85,11940
2021-06-09 09:16:54,5297.55,11959
2021-06-09 09:16:57,5299.45,12284
2021-06-09 09:16:59,5300.0,12360
2021-06-09 09:17:00,5297.0,12431
2021-06-09 09:17:00,5300.8,12531
2021-06-09 09:17:01,5299.6,12576
2021-06-09 09:17:03,5299.45,12648
2021-06-09 09:17:06,5299.45,12732
2021-06-09 09:17:07,5299.45,12767
2021-06-09 09:17:07,5299.45,12767
2021-06-09 09:17:08,5297.5,12846
2021-06-09 09:17:09,5298.0,12858
2021-06-09 09:17:12,5300.2,13352
2021-06-09 09:17:13,5298.05,13493
2021-06-09 09:17:13,5298.05,13504
2021-06-09 09:17:14,5297.95,13577
2021-06-09 09:17:15,5298.0,13662
2021-06-09 09:17:16,5297.5,13772
2021-06-09 09:17:17,5297.35,13804
2021-06-09 09:17:19,5297.35,13804
2021-06-09 09:17:20,5297.35,13804
2021-06-09 09:17:20,5297.35,13804
2021-06-09 09:17:21,5298.0,13856
2021-06-09 09:17:22,5298.0,13864
2021-06-09 09:17:23,5298.0,13874
2021-06-09 09:17:24,5297.0,13878
2021-06-09 09:17:26,5297.5,13885
2021-06-09 09:17:27,5297.0,14053
2021-06-09 09:17:27,5297.0,14053
2021-06-09 09:17:28,5293.2,14162
2021-06-09 09:17:29,5294.25,14170
2021-06-09 09:17:30,5292.05,14214
2021-06-09 09:17:33,5290.2,14278
2021-06-09 09:17:33,5290.2,14278
2021-06-09 09:17:34,5290.2,14278
2021-06-09 09:17:35,5290.2,14278
2021-06-09 09:17:36,5293.1,14283
2021-06-09 09:17:37,5290.05,14309
2021-06-09 09:17:40,5289.85,14731
2021-06-09 09:17:40,5288.0,14732
2021-06-09 09:17:41,5287.0,14736
2021-06-09 09:17:42,5288.0,14780
2021-06-09 09:17:43,5288.5,14830
2021-06-09 09:17:44,5288.5,14839
2021-06-09 09:17:46,5285.85,14875
2021-06-09 09:17:49,5285.25,15041
2021-06-09 09:17:49,5285.25,15041
2021-06-09 09:17:50,5283.45,15090
2021-06-09 09:17:52,5286.95,15091
2021-06-09 09:17:53,5285.25,15107
2021-06-09 09:17:54,5283.5,15151
2021-06-09 09:17:54,5284.85,15189
2021-06-09 09:17:55,5283.6,15241
2021-06-09 09:17:56,5285.1,15252
2021-06-09 09:17:57,5285.1,15252
2021-06-09 09:18:00,5289.85,15480
2021-06-09 09:18:01,5285.35,15485
2021-06-09 09:18:01,5285.5,15495
2021-06-09 09:18:02,5285.5,15509
2021-06-09 09:18:03,5286.35,15616
2021-06-09 09:18:04,5286.35,15618
2021-06-09 09:18:06,5286.35,15618
2021-06-09 09:18:07,5289.65,15623
2021-06-09 09:18:08,5289.25,15701
2021-06-09 09:18:10,5289.25,15701
2021-06-09 09:18:11,5289.2,15706
2021-06-09 09:18:12,5289.0,15718
2021-06-09 09:18:14,5289.0,15718
2021-06-09 09:18:16,5289.0,15718
2021-06-09 09:18:17,5286.25,15731
2021-06-09 09:18:18,5286.1,15777
2021-06-09 09:18:21,5289.55,15881
2021-06-09 09:18:22,5286.35,15893
2021-06-09 09:18:23,5286.35,15910
2021-06-09 09:18:24,5286.1,15934
2021-06-09 09:18:25,5286.35,15936
2021-06-09 09:18:26,5286.35,15952
2021-06-09 09:18:27,5288.0,15983
2021-06-09 09:18:28,5286.35,16039
2021-06-09 09:18:30,5286.35,16039
2021-06-09 09:18:31,5289.0,16040
2021-06-09 09:18:32,5286.8,16062
2021-06-09 09:18:34,5286.45,16185
2021-06-09 09:18:34,5286.45,16185
2021-06-09 09:18:36,5286.5,16191
2021-06-09 09:18:37,5286.5,16193
2021-06-09 09:18:40,5286.5,16262
2021-06-09 09:18:41,5286.5,16286
2021-06-09 09:18:42,5286.4,16301
2021-06-09 09:18:43,5286.4,16305
2021-06-09 09:18:44,5286.4,16305
2021-06-09 09:18:45,5289.0,16372
2021-06-09 09:18:48,5286.7,16382
2021-06-09 09:18:49,5286.65,16386
2021-06-09 09:18:49,5286.65,16386
2021-06-09 09:18:51,5286.65,16391
2021-06-09 09:18:53,5286.65,16391
2021-06-09 09:18:54,5288.3,16393
2021-06-09 09:18:55,5287.0,16403
2021-06-09 09:18:56,5287.0,16405
2021-06-09 09:18:57,5288.3,16406
2021-06-09 09:18:59,5288.3,16406
2021-06-09 09:19:00,5287.2,16432
2021-06-09 09:19:01,5287.2,16432
2021-06-09 09:19:02,5288.3,16433
2021-06-09 09:19:02,5288.3,16434
2021-06-09 09:19:03,5288.4,16469
2021-06-09 09:19:07,5287.3,16471
2021-06-09 09:19:08,5288.3,16473
2021-06-09 09:19:10,5287.3,16553
2021-06-09 09:19:11,5287.3,16564
2021-06-09 09:19:12,5287.3,16581
2021-06-09 09:19:13,5289.0,16693
2021-06-09 09:19:15,5289.0,16713
2021-06-09 09:19:16,5289.0,16836
2021-06-09 09:19:17,5290.0,16926
2021-06-09 09:19:18,5287.85,17029
2021-06-09 09:19:19,5287.85,17029
2021-06-09 09:19:20,5290.0,17129
2021-06-09 09:19:21,5290.0,17130
2021-06-09 09:19:23,5290.0,17130
2021-06-09 09:19:24,5290.0,17210
2021-06-09 09:19:25,5290.0,17244
2021-06-09 09:19:26,5288.15,17259
2021-06-09 09:19:26,5288.15,17272
2021-06-09 09:19:27,5288.15,17272
2021-06-09 09:19:28,5288.15,17272
2021-06-09 09:19:29,5288.15,17272
2021-06-09 09:19:31,5288.1,17284
2021-06-09 09:19:32,5288.1,17304
2021-06-09 09:19:33,5289.0,17307
2021-06-09 09:19:34,5288.95,17338
2021-06-09 09:19:34,5288.95,17338
2021-06-09 09:19:35,5290.0,17499
2021-06-09 09:19:37,5290.0,17499
2021-06-09 09:19:39,5290.0,17509
2021-06-09 09:19:40,5289.85,17516
2021-06-09 09:19:41,5289.85,17518
2021-06-09 09:19:42,5289.85,17567
2021-06-09 09:19:43,5289.85,17567
2021-06-09 09:19:44,5289.75,17624
2021-06-09 09:19:44,5289.75,17572
2021-06-09 09:19:45,5289.7,17676
2021-06-09 09:19:46,5290.0,17776
2021-06-09 09:19:47,5290.0,17786
2021-06-09 09:19:49,5290.0,17804
2021-06-09 09:19:51,5289.9,17909
2021-06-09 09:19:52,5289.9,17909
2021-06-09 09:19:53,5289.9,17909
2021-06-09 09:19:54,5289.9,17909
2021-06-09 09:19:55,5289.9,17909
2021-06-09 09:19:56,5290.65,18320
2021-06-09 09:19:57,5290.65,18320
2021-06-09 09:19:59,5293.0,18431
2021-06-09 09:20:00,5287.0,18580
2021-06-09 09:20:01,5287.0,18613
2021-06-09 09:20:02,5287.0,18631
2021-06-09 09:20:02,5287.0,18631
2021-06-09 09:20:03,5288.7,18636
2021-06-09 09:20:05,5287.0,18671
2021-06-09 09:20:06,5287.0,18813
2021-06-09 09:20:07,5288.65,18823
2021-06-09 09:20:08,5289.45,18828
2021-06-09 09:20:09,5289.55,18831
2021-06-09 09:20:09,5289.55,18831
2021-06-09 09:20:10,5289.55,18831
2021-06-09 09:20:11,5289.55,18852
2021-06-09 09:20:13,5287.0,18873
2021-06-09 09:20:14,5287.05,18903
2021-06-09 09:20:15,5287.05,18927
2021-06-09 09:20:16,5289.5,18937
2021-06-09 09:20:17,5287.05,18941
2021-06-09 09:20:18,5289.95,19049
2021-06-09 09:20:18,5287.05,18943
2021-06-09 09:20:19,5287.5,19065
2021-06-09 09:20:21,5287.5,19075
2021-06-09 09:20:22,5288.0,19114
2021-06-09 09:20:23,5287.5,19129
2021-06-09 09:20:24,5288.0,19132
2021-06-09 09:20:25,5288.25,19162
2021-06-09 09:20:28,5288.25,19263
2021-06-09 09:20:29,5290.0,19266
2021-06-09 09:20:30,5290.0,19266
2021-06-09 09:20:31,5288.05,19271
2021-06-09 09:20:31,5288.05,19271
2021-06-09 09:20:32,5288.05,19271
2021-06-09 09:20:33,5288.05,19271
2021-06-09 09:20:35,5290.0,19283
2021-06-09 09:20:36,5290.0,19283
2021-06-09 09:20:37,5290.0,19284
2021-06-09 09:20:42,5288.5,19411
2021-06-09 09:20:47,5290.0,19436
2021-06-09 09:20:52,5290.0,19802
2021-06-09 09:20:57,5292.0,19854
2021-06-09 09:21:02,5294.55,20661
2021-06-09 09:21:07,5297.0,21444
2021-06-09 09:21:12,5294.6,21719
2021-06-09 09:21:17,5294.7,21736
2021-06-09 09:21:22,5296.65,21785
2021-06-09 09:21:27,5295.0,21865
2021-06-09 09:21:32,5296.0,22020
2021-06-09 09:21:36,5296.9,22221
2021-06-09 09:21:41,5295.2,22914
2021-06-09 09:21:46,5292.0,23109
2021-06-09 09:21:51,5289.05,23142
2021-06-09 09:21:56,5290.0,23257
2021-06-09 09:22:01,5286.5,23784
2021-06-09 09:22:06,5288.45,23868
2021-06-09 09:22:11,5287.75,24203
2021-06-09 09:22:16,5289.95,24470
2021-06-09 09:22:25,5291.5,24533
2021-06-09 09:22:30,5288.3,24633
2021-06-09 09:22:35,5287.6,24639
2021-06-09 09:22:40,5290.0,24670
2021-06-09 09:22:45,5287.55,24699
2021-06-09 09:22:49,5285.7,25024
2021-06-09 09:22:54,5285.65,25037
2021-06-09 09:22:59,5288.95,25149
2021-06-09 09:23:04,5287.95,25173
2021-06-09 09:23:09,5289.0,25283
2021-06-09 09:23:13,5287.95,25294
2021-06-09 09:23:18,5289.0,25422
2021-06-09 09:23:23,5291.45,25682
2021-06-09 09:23:28,5291.35,25752
2021-06-09 09:23:32,5290.2,25934
2021-06-09 09:23:37,5290.6,25964
2021-06-09 09:23:42,5291.15,26161
2021-06-09 09:23:46,5292.0,26195
2021-06-09 09:23:51,5292.15,26299
2021-06-09 09:23:56,5294.0,26410
2021-06-09 09:24:00,5294.4,26487
2021-06-09 09:24:05,5294.15,26516
2021-06-09 09:24:10,5295.0,26616
2021-06-09 09:24:14,5294.0,26630
2021-06-09 09:24:19,5293.0,26666
2021-06-09 09:24:23,5292.0,26808
2021-06-09 09:24:28,5291.6,26831
2021-06-09 09:24:32,5290.0,26906
2021-06-09 09:24:37,5289.2,26962
2021-06-09 09:24:42,5289.05,26994
2021-06-09 09:24:47,5289.0,27011
2021-06-09 09:24:51,5287.4,27211
2021-06-09 09:24:55,5290.0,27362
2021-06-09 09:25:00,5288.75,27411
2021-06-09 09:25:04,5288.65,27477
2021-06-09 09:25:09,5290.1,27567
2021-06-09 09:25:14,5290.55,27655
2021-06-09 09:25:18,5291.6,27962
2021-06-09 09:25:23,5294.55,28148
2021-06-09 09:25:32,5290.55,28210
2021-06-09 09:25:36,5290.55,28305
2021-06-09 09:25:37,5290.55,28305
2021-06-09 09:25:38,5292.0,28324
2021-06-09 09:25:39,5292.0,28324
2021-06-09 09:25:41,5291.8,28333
2021-06-09 09:25:42,5292.0,28336
2021-06-09 09:25:43,5290.3,28338
2021-06-09 09:25:44,5292.0,28348
2021-06-09 09:25:45,5290.3,28412
2021-06-09 09:25:45,5290.3,28412
2021-06-09 09:25:47,5293.95,28462
2021-06-09 09:25:48,5290.5,28466
2021-06-09 09:25:48,5290.5,28470
2021-06-09 09:25:49,5290.5,28470
2021-06-09 09:25:50,5290.5,28474
2021-06-09 09:25:51,5294.0,28489
2021-06-09 09:25:52,5295.0,28748
2021-06-09 09:25:53,5295.0,28748
2021-06-09 09:25:54,5295.0,28748
2021-06-09 09:25:55,5295.0,28762
2021-06-09 09:25:56,5295.0,28762
2021-06-09 09:25:57,5296.0,29359
2021-06-09 09:25:58,5296.9,29369
2021-06-09 09:26:00,5298.0,29654
2021-06-09 09:25:59,5297.0,29374
2021-06-09 09:26:01,5297.8,29704
2021-06-09 09:26:02,5297.65,29713
2021-06-09 09:26:03,5299.9,30760
2021-06-09 09:26:04,5299.9,30780
2021-06-09 09:26:05,5299.9,30790
2021-06-09 09:26:06,5299.9,30790
2021-06-09 09:26:07,5299.9,30830
2021-06-09 09:26:08,5299.95,30880
2021-06-09 09:26:09,5299.9,30884
2021-06-09 09:26:10,5299.75,30989
2021-06-09 09:26:11,5297.15,30999
2021-06-09 09:26:12,5300.0,31182
2021-06-09 09:26:14,5297.15,31333
2021-06-09 09:26:15,5299.85,31343
2021-06-09 09:26:16,5300.0,31368
2021-06-09 09:26:17,5299.75,31394
2021-06-09 09:26:18,5299.0,31400
2021-06-09 09:26:19,5299.0,31405
2021-06-09 09:26:20,5299.75,31455
2021-06-09 09:26:22,5299.95,31465
2021-06-09 09:26:23,5299.95,31480
2021-06-09 09:26:24,5299.95,31481
2021-06-09 09:26:25,5299.95,31481
2021-06-09 09:26:26,5299.95,31501
2021-06-09 09:26:27,5299.95,31501
2021-06-09 09:26:28,5299.95,31501
2021-06-09 09:26:29,5300.0,31607
2021-06-09 09:26:30,5299.95,31608
2021-06-09 09:26:31,5299.95,31610
2021-06-09 09:26:32,5297.85,31648
2021-06-09 09:26:33,5297.85,31750
2021-06-09 09:26:33,5297.85,31750
2021-06-09 09:26:34,5297.85,31755
2021-06-09 09:26:35,5300.0,31807
2021-06-09 09:26:36,5297.85,31817
2021-06-09 09:26:37,5297.85,31919
2021-06-09 09:26:38,5300.0,31920
2021-06-09 09:26:40,5299.05,33403
2021-06-09 09:26:41,5299.05,33403
2021-06-09 09:26:42,5299.25,33435
2021-06-09 09:26:43,5298.7,33461
2021-06-09 09:26:44,5300.85,33472
2021-06-09 09:26:45,5298.05,33476
2021-06-09 09:26:46,5300.75,33545
2021-06-09 09:26:47,5297.85,33569
2021-06-09 09:26:48,5297.9,33576
2021-06-09 09:26:49,5300.1,33681
2021-06-09 09:26:50,5300.1,33711
2021-06-09 09:26:51,5300.1,33711
2021-06-09 09:26:52,5300.0,33721
2021-06-09 09:26:53,5301.55,33771
2021-06-09 09:26:54,5300.0,33774
2021-06-09 09:26:55,5299.0,33845
2021-06-09 09:26:56,5301.35,33870
2021-06-09 09:26:57,5302.1,33996
2021-06-09 09:26:58,5300.0,34006
2021-06-09 09:26:59,5299.35,34014
2021-06-09 09:27:01,5300.05,34129
2021-06-09 09:27:02,5300.05,34129
2021-06-09 09:27:04,5300.0,34131
2021-06-09 09:27:04,5300.0,34136
2021-06-09 09:27:05,5302.5,34302
2021-06-09 09:27:06,5301.3,34344
2021-06-09 09:27:07,5302.65,34345
2021-06-09 09:27:08,5300.4,34373
2021-06-09 09:27:09,5302.55,34383
2021-06-09 09:27:10,5300.7,34392
2021-06-09 09:27:11,5300.7,34392
2021-06-09 09:27:13,5302.9,34439
2021-06-09 09:27:15,5301.25,34447
2021-06-09 09:27:16,5301.05,34461
2021-06-09 09:27:17,5300.9,34463
2021-06-09 09:27:17,5299.85,35073
2021-06-09 09:27:18,5299.9,35129
2021-06-09 09:27:19,5299.0,35136
2021-06-09 09:27:20,5299.9,35159
2021-06-09 09:27:21,5299.9,35159
2021-06-09 09:27:22,5300.35,35259
2021-06-09 09:27:23,5300.85,35303
2021-06-09 09:27:25,5298.05,35406
2021-06-09 09:27:26,5298.35,35411
2021-06-09 09:27:27,5300.9,35422
2021-06-09 09:27:28,5300.0,35426
2021-06-09 09:27:29,5300.0,35426
2021-06-09 09:27:29,5301.1,35438
2021-06-09 09:27:30,5299.9,35566
2021-06-09 09:27:31,5299.9,35566
2021-06-09 09:27:32,5299.9,35566
2021-06-09 09:27:33,5300.5,35569
2021-06-09 09:27:34,5300.85,35669
2021-06-09 09:27:35,5300.85,35669
2021-06-09 09:27:36,5300.85,35669
2021-06-09 09:27:37,5299.9,35674
2021-06-09 09:27:38,5300.8,35681
2021-06-09 09:27:39,5301.0,35701
2021-06-09 09:27:40,5301.0,35701
2021-06-09 09:27:41,5301.0,35701
2021-06-09 09:27:42,5302.0,35771
2021-06-09 09:27:44,5302.0,35772
2021-06-09 09:27:44,5300.3,35871
2021-06-09 09:27:45,5301.9,36171
2021-06-09 09:27:46,5301.15,36200
2021-06-09 09:27:47,5301.0,36205
2021-06-09 09:27:48,5301.0,36219
2021-06-09 09:27:49,5301.0,36219
2021-06-09 09:27:50,5302.5,36306
2021-06-09 09:27:52,5302.5,36306
2021-06-09 09:27:53,5300.5,36310
2021-06-09 09:27:54,5302.5,36362
2021-06-09 09:27:55,5302.0,36379
2021-06-09 09:27:55,5302.0,36379
2021-06-09 09:27:57,5302.5,36463
2021-06-09 09:27:58,5303.0,36593
2021-06-09 09:27:59,5303.0,36593
2021-06-09 09:28:00,5303.0,36593
2021-06-09 09:28:01,5303.0,36593
2021-06-09 09:28:02,5303.0,36728
2021-06-09 09:28:03,5303.0,36728
2021-06-09 09:28:04,5302.5,36756
2021-06-09 09:28:05,5303.0,36760
2021-06-09 09:28:06,5302.5,36915
2021-06-09 09:28:06,5303.0,36930
2021-06-09 09:28:07,5303.0,36950
2021-06-09 09:28:08,5302.5,36961
2021-06-09 09:28:09,5302.5,36961
2021-06-09 09:28:10,5303.0,37076
2021-06-09 09:28:11,5302.5,37096
2021-06-09 09:28:12,5302.5,37120
2021-06-09 09:28:13,5302.5,37161
2021-06-09 09:28:14,5302.5,37175
2021-06-09 09:28:16,5302.05,37245
2021-06-09 09:28:17,5302.5,37253
2021-06-09 09:28:19,5303.0,37259
2021-06-09 09:28:20,5302.0,37260
2021-06-09 09:28:21,5302.0,37262
2021-06-09 09:28:22,5303.0,37334
2021-06-09 09:28:23,5303.0,37334
2021-06-09 09:28:25,5303.0,37434
2021-06-09 09:28:25,5303.0,37434
2021-06-09 09:28:27,5302.0,37435
2021-06-09 09:28:28,5301.0,37474
2021-06-09 09:28:29,5301.1,37485
2021-06-09 09:28:30,5301.1,37485
2021-06-09 09:28:31,5301.05,37521
2021-06-09 09:28:32,5302.9,37685
2021-06-09 09:28:33,5300.9,37703
2021-06-09 09:28:33,5300.9,37703
2021-06-09 09:28:34,5300.9,37754
2021-06-09 09:28:35,5301.1,37756
2021-06-09 09:28:36,5300.9,37758
2021-06-09 09:28:39,5300.75,38217
2021-06-09 09:28:40,5300.0,38247
2021-06-09 09:28:41,5301.2,38266
2021-06-09 09:28:42,5300.0,38272
2021-06-09 09:28:43,5300.0,38272
2021-06-09 09:28:44,5300.0,38272
2021-06-09 09:28:45,5300.0,38307
2021-06-09 09:28:45,5300.0,38272
2021-06-09 09:28:46,5300.0,38307
2021-06-09 09:28:47,5301.0,38309
2021-06-09 09:28:48,5301.0,38316
2021-06-09 09:28:50,5301.0,38316
2021-06-09 09:28:51,5297.9,38652
2021-06-09 09:28:51,5297.0,38662
2021-06-09 09:28:52,5298.9,38666
2021-06-09 09:28:54,5297.0,38684
2021-06-09 09:28:55,5299.2,38788
2021-06-09 09:28:56,5299.2,38822
2021-06-09 09:28:57,5299.45,38884
2021-06-09 09:28:58,5297.5,38945
2021-06-09 09:28:59,5299.95,38997
2021-06-09 09:29:00,5297.5,39018
2021-06-09 09:29:01,5297.5,39018
2021-06-09 09:29:02,5300.0,39068
2021-06-09 09:29:02,5300.0,39118
2021-06-09 09:29:04,5300.05,39160
2021-06-09 09:29:05,5297.5,39169
2021-06-09 09:29:06,5297.5,39169
2021-06-09 09:29:07,5301.65,39384
2021-06-09 09:29:08,5300.0,39501
2021-06-09 09:29:09,5301.5,39590
2021-06-09 09:29:11,5300.0,39615
2021-06-09 09:29:11,5297.1,39715
2021-06-09 09:29:12,5297.1,39715
2021-06-09 09:29:13,5300.0,39724
2021-06-09 09:29:14,5300.45,39779
2021-06-09 09:29:15,5300.0,39797
2021-06-09 09:29:16,5300.0,39810
2021-06-09 09:29:17,5297.7,39820
2021-06-09 09:29:18,5300.2,39823
2021-06-09 09:29:19,5297.55,39834
2021-06-09 09:29:20,5299.9,39884
2021-06-09 09:29:22,5299.6,39965
2021-06-09 09:29:22,5297.75,39999
2021-06-09 09:29:23,5299.95,40043
2021-06-09 09:29:24,5299.95,40084
2021-06-09 09:29:25,5300.05,40127
2021-06-09 09:29:26,5300.5,40128
2021-06-09 09:29:27,5300.5,40128
2021-06-09 09:29:28,5300.0,40133
2021-06-09 09:29:29,5299.15,40303
2021-06-09 09:29:30,5299.35,40402
2021-06-09 09:29:31,5297.1,40556
2021-06-09 09:29:32,5299.0,40558
2021-06-09 09:29:34,5300.85,40586
2021-06-09 09:29:35,5300.85,40586
2021-06-09 09:29:36,5300.85,40586
2021-06-09 09:29:37,5300.85,40586
2021-06-09 09:29:38,5299.15,40588
2021-06-09 09:29:39,5299.15,40588
2021-06-09 09:29:40,5299.15,40588
2021-06-09 09:29:41,5299.15,40601
2021-06-09 09:29:42,5300.0,40607
2021-06-09 09:29:43,5297.9,40623
2021-06-09 09:29:44,5297.9,40623
2021-06-09 09:29:45,5299.05,40628
2021-06-09 09:29:46,5299.05,40628
2021-06-09 09:29:47,5299.05,40633
2021-06-09 09:29:48,5299.05,40653
2021-06-09 09:29:50,5299.05,40690
2021-06-09 09:29:51,5299.05,40690
2021-06-09 09:29:53,5299.05,40690
2021-06-09 09:29:54,5299.05,40690
2021-06-09 09:29:54,5300.0,40700
2021-06-09 09:29:56,5297.0,40760
2021-06-09 09:29:56,5299.5,40805
2021-06-09 09:29:57,5297.0,40815
2021-06-09 09:29:58,5297.0,40815
2021-06-09 09:29:59,5299.4,40822
2021-06-09 09:30:00,5297.0,40946
2021-06-09 09:30:01,5297.0,40946
2021-06-09 09:30:02,5296.5,40947
2021-06-09 09:30:03,5296.5,40947
2021-06-09 09:30:04,5299.0,40976
2021-06-09 09:30:05,5296.45,40998
2021-06-09 09:30:06,5296.5,41004
2021-06-09 09:30:07,5298.45,41142
2021-06-09 09:30:08,5299.2,41144
2021-06-09 09:30:09,5297.1,41179
2021-06-09 09:30:11,5299.8,41180
2021-06-09 09:30:11,5299.8,41180
2021-06-09 09:30:12,5300.0,41305
2021-06-09 09:30:13,5297.25,41309
2021-06-09 09:30:14,5298.1,41322
2021-06-09 09:30:15,5298.1,41322
2021-06-09 09:30:16,5299.95,41332
2021-06-09 09:30:17,5299.95,41332
2021-06-09 09:30:18,5297.0,41357
2021-06-09 09:30:19,5300.0,41525
2021-06-09 09:30:20,5300.0,41587
2021-06-09 09:30:22,5298.4,42883
2021-06-09 09:30:24,5298.5,42935
2021-06-09 09:30:26,5300.0,42983
2021-06-09 09:30:26,5300.0,42983
2021-06-09 09:30:27,5303.75,43075
2021-06-09 09:30:28,5304.0,43774
2021-06-09 09:30:31,5305.0,44067
2021-06-09 09:30:32,5306.75,44652
2021-06-09 09:30:33,5305.15,44683
2021-06-09 09:30:34,5309.5,45188
2021-06-09 09:30:35,5309.5,45191
2021-06-09 09:30:36,5308.8,45213
2021-06-09 09:30:36,5309.4,45221
2021-06-09 09:30:37,5310.0,45391
2021-06-09 09:30:38,5307.1,45476
2021-06-09 09:30:39,5308.0,45587
2021-06-09 09:30:41,5305.05,45738
2021-06-09 09:30:42,5307.9,45850
2021-06-09 09:30:43,5308.0,45856
2021-06-09 09:30:44,5308.0,45896
2021-06-09 09:30:45,5307.95,45957
2021-06-09 09:30:46,5308.0,45997
2021-06-09 09:30:47,5309.0,46028
2021-06-09 09:30:48,5309.6,46102
2021-06-09 09:30:49,5307.5,46141
2021-06-09 09:30:50,5307.0,46155
2021-06-09 09:30:51,5309.5,46200
2021-06-09 09:30:52,5308.95,46206
2021-06-09 09:30:53,5308.95,46219
2021-06-09 09:30:54,5307.0,46224
2021-06-09 09:30:55,5307.0,46248
2021-06-09 09:30:56,5306.7,46254
2021-06-09 09:30:57,5306.7,46254
2021-06-09 09:30:58,5307.45,46293
2021-06-09 09:30:59,5308.0,46448
2021-06-09 09:31:00,5308.0,46635
2021-06-09 09:31:01,5306.0,46639
2021-06-09 09:31:02,5308.45,46802
2021-06-09 09:31:03,5306.0,47105
2021-06-09 09:31:04,5308.65,47134
2021-06-09 09:31:05,5306.5,47140
2021-06-09 09:31:08,5308.75,47201
2021-06-09 09:31:09,5306.0,47425
2021-06-09 09:31:10,5305.05,47429
2021-06-09 09:31:12,5305.1,47548
2021-06-09 09:31:13,5308.4,47574
2021-06-09 09:31:14,5308.35,47588
2021-06-09 09:31:15,5308.35,47588
2021-06-09 09:31:16,5305.75,47635
2021-06-09 09:31:17,5309.3,47760
2021-06-09 09:31:18,5308.85,47761
2021-06-09 09:31:19,5308.85,47761
2021-06-09 09:31:20,5308.0,47767
2021-06-09 09:31:21,5310.0,48192
2021-06-09 09:31:22,5309.95,48238
2021-06-09 09:31:23,5309.95,48238
2021-06-09 09:31:24,5310.0,48249
2021-06-09 09:31:25,5310.0,48250
2021-06-09 09:31:26,5310.0,48250
2021-06-09 09:31:27,5309.0,48251
2021-06-09 09:31:28,5309.0,48251
2021-06-09 09:31:29,5310.0,48312
2021-06-09 09:31:29,5310.0,48312
2021-06-09 09:31:31,5309.0,48335
2021-06-09 09:31:32,5309.0,48419
2021-06-09 09:31:33,5309.0,48419
2021-06-09 09:31:34,5309.0,48419
2021-06-09 09:31:35,5310.0,48433
2021-06-09 09:31:36,5310.0,48433
2021-06-09 09:31:37,5310.0,48433
2021-06-09 09:31:39,5310.0,48464
2021-06-09 09:31:41,5308.4,48519
2021-06-09 09:31:42,5310.0,48538
2021-06-09 09:31:43,5310.0,48538
2021-06-09 09:31:44,5306.4,48605
2021-06-09 09:31:46,5306.4,48605
2021-06-09 09:31:47,5308.0,48626
2021-06-09 09:31:48,5305.75,48638
2021-06-09 09:31:49,5307.5,48640
2021-06-09 09:31:50,5307.55,48658
2021-06-09 09:31:51,5307.55,48658
2021-06-09 09:31:52,5305.25,48663
2021-06-09 09:31:53,5307.0,48690
2021-06-09 09:31:54,5305.2,48694
2021-06-09 09:31:55,5305.0,48735
2021-06-09 09:31:56,5305.0,48735
2021-06-09 09:31:58,5305.0,48831
2021-06-09 09:32:01,5305.5,48880
2021-06-09 09:32:02,5305.5,48882
2021-06-09 09:32:03,5304.2,48896
2021-06-09 09:32:04,5303.95,48984
2021-06-09 09:32:06,5301.4,49049
2021-06-09 09:32:07,5301.4,49055
2021-06-09 09:32:08,5301.4,49055
2021-06-09 09:32:09,5303.7,49061
2021-06-09 09:32:10,5303.7,49066
2021-06-09 09:32:11,5302.6,49074
2021-06-09 09:32:12,5301.75,49324
2021-06-09 09:32:13,5302.55,49428
2021-06-09 09:32:14,5302.55,49432
2021-06-09 09:32:15,5302.4,49446
2021-06-09 09:32:16,5304.35,49467
2021-06-09 09:32:17,5305.95,49488
2021-06-09 09:32:18,5303.05,49548
2021-06-09 09:32:19,5303.05,49548
2021-06-09 09:32:20,5302.3,49552
2021-06-09 09:32:21,5303.05,49629
2021-06-09 09:32:22,5305.2,49754
2021-06-09 09:32:23,5305.85,49767
2021-06-09 09:32:24,5304.5,49884
2021-06-09 09:32:25,5304.5,49898
2021-06-09 09:32:26,5304.5,49898
2021-06-09 09:32:27,5304.5,49935
2021-06-09 09:32:28,5304.5,50030
2021-06-09 09:32:29,5304.5,50034
2021-06-09 09:32:30,5304.5,50361
2021-06-09 09:32:31,5304.55,50405
2021-06-09 09:32:32,5304.95,50505
2021-06-09 09:32:33,5304.95,50505
2021-06-09 09:32:34,5302.4,50531
2021-06-09 09:32:35,5304.7,50536
2021-06-09 09:32:36,5304.5,50542
2021-06-09 09:32:37,5304.5,50548
2021-06-09 09:32:38,5304.5,50549
2021-06-09 09:32:39,5304.5,50549
2021-06-09 09:32:40,5304.5,50549
2021-06-09 09:32:41,5304.5,50549
2021-06-09 09:32:42,5304.5,50549
2021-06-09 09:32:43,5302.2,50551
2021-06-09 09:32:44,5302.2,50551
2021-06-09 09:32:45,5302.2,50551
2021-06-09 09:32:46,5302.2,50551
2021-06-09 09:32:47,5302.2,50551
2021-06-09 09:32:48,5302.2,50551
2021-06-09 09:32:49,5304.65,50591
2021-06-09 09:32:50,5304.65,50591
2021-06-09 09:32:51,5304.65,50591
2021-06-09 09:32:52,5304.65,50591
2021-06-09 09:32:53,5304.65,50591
2021-06-09 09:32:54,5304.05,50601
2021-06-09 09:32:55,5304.3,50606
2021-06-09 09:32:56,5304.3,50606
2021-06-09 09:32:57,5304.3,50606
2021-06-09 09:32:58,5301.0,50692
2021-06-09 09:32:59,5301.0,50692
2021-06-09 09:33:00,5301.0,50692
2021-06-09 09:33:01,5300.1,50865
2021-06-09 09:33:02,5300.1,50871
2021-06-09 09:33:03,5300.1,50902
2021-06-09 09:33:04,5300.1,50907
2021-06-09 09:33:05,5300.9,50922
2021-06-09 09:33:06,5300.9,50922
2021-06-09 09:33:07,5302.35,51086
2021-06-09 09:33:08,5302.35,51086
2021-06-09 09:33:09,5300.1,51090
2021-06-09 09:33:10,5300.1,51090
2021-06-09 09:33:11,5301.1,51125
2021-06-09 09:33:12,5301.1,51135
2021-06-09 09:33:13,5300.9,51160
2021-06-09 09:33:14,5300.55,51166
2021-06-09 09:33:15,5300.55,51170
2021-06-09 09:33:16,5301.0,51188
2021-06-09 09:33:17,5302.15,51201
2021-06-09 09:33:19,5301.0,51210
2021-06-09 09:33:23,5302.15,51238
2021-06-09 09:33:24,5302.15,51238
2021-06-09 09:33:25,5300.1,51412
2021-06-09 09:33:27,5302.8,51538
2021-06-09 09:33:28,5304.05,51588
2021-06-09 09:33:29,5300.5,51597
2021-06-09 09:33:30,5300.2,51611
2021-06-09 09:33:31,5302.0,51618
2021-06-09 09:33:32,5300.2,51671
2021-06-09 09:33:33,5302.0,51730
2021-06-09 09:33:34,5304.1,51746
2021-06-09 09:33:35,5304.65,51796
2021-06-09 09:33:36,5303.0,51800
2021-06-09 09:33:37,5303.0,51800
2021-06-09 09:33:38,5302.75,51804
2021-06-09 09:33:39,5302.35,51891
2021-06-09 09:33:40,5302.45,51897
2021-06-09 09:33:41,5302.75,51907
2021-06-09 09:33:42,5302.5,51929
2021-06-09 09:33:43,5301.45,51933
2021-06-09 09:33:44,5303.5,51938
2021-06-09 09:33:45,5303.0,51992
2021-06-09 09:33:46,5304.5,51996
2021-06-09 09:33:47,5303.0,52004
2021-06-09 09:33:48,5303.0,52009
2021-06-09 09:33:50,5304.0,52015
2021-06-09 09:33:51,5304.0,52015
2021-06-09 09:33:52,5304.0,52015
2021-06-09 09:33:53,5304.5,52017
2021-06-09 09:33:54,5304.5,52017
2021-06-09 09:33:55,5304.5,52018
2021-06-09 09:33:56,5304.5,52018
2021-06-09 09:33:57,5304.5,52018
2021-06-09 09:33:58,5304.5,52069
2021-06-09 09:33:59,5304.5,52069
2021-06-09 09:34:00,5303.0,52078
2021-06-09 09:34:02,5302.9,52165
2021-06-09 09:34:03,5302.9,52169
2021-06-09 09:34:04,5302.9,52169
2021-06-09 09:34:05,5304.0,52200
2021-06-09 09:34:06,5302.9,52209
2021-06-09 09:34:07,5302.9,52263
2021-06-09 09:34:08,5302.9,52263
2021-06-09 09:34:09,5302.9,52263
2021-06-09 09:34:10,5304.25,52268
2021-06-09 09:34:11,5302.9,52388
2021-06-09 09:34:12,5302.9,52388
2021-06-09 09:34:13,5302.9,52388
2021-06-09 09:34:14,5302.9,52388
2021-06-09 09:34:15,5302.9,52390
2021-06-09 09:34:16,5302.9,52390
2021-06-09 09:34:17,5302.9,52390
2021-06-09 09:34:18,5304.0,52396
2021-06-09 09:34:19,5302.9,52398
2021-06-09 09:34:20,5302.9,52398
2021-06-09 09:34:21,5302.9,52427
2021-06-09 09:34:22,5302.45,52429
2021-06-09 09:34:23,5301.0,52435
2021-06-09 09:34:24,5301.0,52442
2021-06-09 09:34:25,5302.95,52520
2021-06-09 09:34:26,5301.1,52533
2021-06-09 09:34:27,5303.1,52633
2021-06-09 09:34:28,5301.05,52648
2021-06-09 09:34:29,5303.9,52708
2021-06-09 09:34:30,5301.5,52814
2021-06-09 09:34:31,5301.5,52818
2021-06-09 09:34:32,5304.0,52943
2021-06-09 09:34:33,5303.95,52960
2021-06-09 09:34:34,5303.95,52960
2021-06-09 09:34:35,5300.1,53105
2021-06-09 09:34:36,5302.1,53156
2021-06-09 09:34:37,5300.1,53164
2021-06-09 09:34:38,5300.1,53164
2021-06-09 09:34:39,5300.1,53175
2021-06-09 09:34:40,5300.1,53175
2021-06-09 09:34:41,5300.1,53175
2021-06-09 09:34:43,5300.15,53176
2021-06-09 09:34:44,5302.0,53186
2021-06-09 09:34:45,5301.95,53209
2021-06-09 09:34:46,5300.15,53214
2021-06-09 09:34:47,5300.1,53230
2021-06-09 09:34:48,5300.1,53230
2021-06-09 09:34:49,5300.1,53238
2021-06-09 09:34:50,5300.15,53239
2021-06-09 09:34:52,5300.15,53239
2021-06-09 09:34:53,5300.15,53244
2021-06-09 09:34:54,5301.55,53249
2021-06-09 09:34:55,5297.15,53964
2021-06-09 09:34:56,5297.15,53970
2021-06-09 09:34:58,5300.0,54081
2021-06-09 09:34:58,5297.5,54090
2021-06-09 09:34:59,5297.5,54090
2021-06-09 09:35:02,5297.0,54104
2021-06-09 09:35:03,5297.0,54104
2021-06-09 09:35:04,5296.35,54133
2021-06-09 09:35:05,5296.95,54590
2021-06-09 09:35:06,5296.95,54590
2021-06-09 09:35:07,5296.95,54591
2021-06-09 09:35:08,5296.75,54979
2021-06-09 09:35:09,5295.0,55050
2021-06-09 09:35:10,5295.0,55050
2021-06-09 09:35:11,5296.85,55265
2021-06-09 09:35:12,5295.0,55269
2021-06-09 09:35:13,5295.0,55361
2021-06-09 09:35:14,5294.0,55668
2021-06-09 09:35:15,5294.5,55792
2021-06-09 09:35:16,5294.4,55841
2021-06-09 09:35:17,5294.4,55841
2021-06-09 09:35:18,5291.2,55852
2021-06-09 09:35:19,5291.2,55852
2021-06-09 09:35:20,5291.2,55867
2021-06-09 09:35:21,5291.2,55885
2021-06-09 09:35:22,5291.25,55890
2021-06-09 09:35:23,5291.25,55904
2021-06-09 09:35:24,5291.25,55913
2021-06-09 09:35:25,5291.25,55913
2021-06-09 09:35:26,5290.35,55963
2021-06-09 09:35:27,5290.2,56013
2021-06-09 09:35:28,5290.2,56013
2021-06-09 09:35:29,5290.2,56013
2021-06-09 09:35:30,5291.2,56014
2021-06-09 09:35:31,5290.3,56039
2021-06-09 09:35:32,5293.05,56049
2021-06-09 09:35:33,5291.25,56151
2021-06-09 09:35:34,5292.95,56153
2021-06-09 09:35:36,5291.25,56188
2021-06-09 09:35:36,5293.4,56238
2021-06-09 09:35:37,5294.45,56363
2021-06-09 09:35:38,5292.0,56369
2021-06-09 09:35:39,5292.0,56369
2021-06-09 09:35:41,5296.95,56459
2021-06-09 09:35:42,5294.5,56469
2021-06-09 09:35:43,5294.5,56469
2021-06-09 09:35:44,5294.5,56469
2021-06-09 09:35:46,5296.8,56513
2021-06-09 09:35:46,5296.8,56513
2021-06-09 09:35:47,5294.3,56514
2021-06-09 09:35:48,5291.8,56639
2021-06-09 09:35:49,5291.75,56655
2021-06-09 09:35:50,5292.8,56706
2021-06-09 09:35:51,5292.7,56726
2021-06-09 09:35:52,5292.7,56726
2021-06-09 09:35:54,5292.4,56772
2021-06-09 09:35:55,5292.4,56773
2021-06-09 09:35:57,5292.4,56773
2021-06-09 09:35:57,5292.4,56773
2021-06-09 09:35:58,5292.4,56773
2021-06-09 09:35:59,5295.0,56823
2021-06-09 09:36:00,5292.55,56824
2021-06-09 09:36:01,5292.55,56824
2021-06-09 09:36:02,5292.55,56824
2021-06-09 09:36:03,5291.3,57173
2021-06-09 09:36:04,5294.15,57183
2021-06-09 09:36:05,5294.15,57183
2021-06-09 09:36:07,5294.15,57183
2021-06-09 09:36:07,5294.05,57193
2021-06-09 09:36:09,5294.05,57193
2021-06-09 09:36:09,5294.05,57193
2021-06-09 09:36:10,5291.55,57228
2021-06-09 09:36:11,5291.55,57228
2021-06-09 09:36:12,5291.55,57228
2021-06-09 09:36:13,5291.55,57228
2021-06-09 09:36:14,5291.55,57228
2021-06-09 09:36:15,5291.55,57234
2021-06-09 09:36:16,5294.0,57241
2021-06-09 09:36:17,5294.3,57263
2021-06-09 09:36:19,5294.0,57264
2021-06-09 09:36:20,5294.0,57269
2021-06-09 09:36:20,5294.0,57269
2021-06-09 09:36:21,5294.0,57309
2021-06-09 09:36:22,5294.0,57314
2021-06-09 09:36:23,5294.0,57314
2021-06-09 09:36:24,5292.0,57316
2021-06-09 09:36:25,5292.0,57316
2021-06-09 09:36:26,5292.0,57316
2021-06-09 09:36:30,5291.65,57327
2021-06-09 09:36:30,5291.65,57327
2021-06-09 09:36:31,5291.55,57328
2021-06-09 09:36:32,5293.75,57368
2021-06-09 09:36:33,5291.0,57528
2021-06-09 09:36:34,5294.0,57634
2021-06-09 09:36:35,5293.85,57665
2021-06-09 09:36:36,5291.7,57725
2021-06-09 09:36:37,5291.7,57725
2021-06-09 09:36:38,5294.0,57775
2021-06-09 09:36:39,5294.0,57775
2021-06-09 09:36:40,5294.0,57775
2021-06-09 09:36:41,5294.0,57775
2021-06-09 09:36:43,5292.0,57902
2021-06-09 09:36:43,5292.0,57902
2021-06-09 09:36:44,5292.0,57902
2021-06-09 09:36:45,5291.9,57960
2021-06-09 09:36:46,5291.9,57960
2021-06-09 09:36:47,5291.8,57966
2021-06-09 09:36:49,5293.9,57967
2021-06-09 09:36:50,5294.0,58041
2021-06-09 09:36:52,5291.8,58049
2021-06-09 09:36:52,5291.8,58049
2021-06-09 09:36:53,5294.3,58148
2021-06-09 09:36:54,5293.95,58168
2021-06-09 09:36:55,5291.55,58323
2021-06-09 09:36:56,5291.55,58357
2021-06-09 09:36:57,5293.65,58363
2021-06-09 09:36:58,5291.65,58391
2021-06-09 09:37:00,5291.9,58399
2021-06-09 09:37:01,5293.95,58585
2021-06-09 09:37:01,5293.95,58585
2021-06-09 09:37:02,5293.95,58585
2021-06-09 09:37:03,5293.95,58586
2021-06-09 09:37:04,5291.9,58594
2021-06-09 09:37:06,5291.55,58603
2021-06-09 09:37:07,5291.55,58603
2021-06-09 09:37:08,5291.65,58613
2021-06-09 09:37:10,5291.7,58615
2021-06-09 09:37:11,5291.6,58918
2021-06-09 09:37:13,5291.9,58929
2021-06-09 09:37:14,5291.9,58929
2021-06-09 09:37:14,5291.9,58929
2021-06-09 09:37:15,5291.8,58933
2021-06-09 09:37:16,5291.6,58941
2021-06-09 09:37:17,5291.6,58942
2021-06-09 09:37:18,5291.6,58946
2021-06-09 09:37:19,5290.5,58957
2021-06-09 09:37:20,5290.5,58962
2021-06-09 09:37:21,5290.5,58984
2021-06-09 09:37:23,5291.9,58990
2021-06-09 09:37:24,5291.9,58990
2021-06-09 09:37:24,5291.9,58990
2021-06-09 09:37:26,5290.1,59012
2021-06-09 09:37:27,5290.1,59017
2021-06-09 09:37:28,5291.85,59018
2021-06-09 09:37:29,5291.85,59018
2021-06-09 09:37:30,5291.8,59115
2021-06-09 09:37:30,5291.8,59115
2021-06-09 09:37:31,5290.0,59145
2021-06-09 09:37:32,5291.55,59154
2021-06-09 09:37:34,5291.55,59182
2021-06-09 09:37:35,5290.0,59195
2021-06-09 09:37:39,5290.05,59201
2021-06-09 09:37:40,5290.05,59206
2021-06-09 09:37:40,5290.05,59206
2021-06-09 09:37:41,5289.0,59840
2021-06-09 09:37:42,5289.0,59841
2021-06-09 09:37:44,5290.25,59876
2021-06-09 09:37:45,5290.0,59886
2021-06-09 09:37:46,5289.0,59894
2021-06-09 09:37:47,5287.9,60070
2021-06-09 09:37:48,5287.5,60205
2021-06-09 09:37:49,5287.55,60266
2021-06-09 09:37:50,5287.55,60266
2021-06-09 09:37:51,5287.0,60274
2021-06-09 09:37:51,5287.0,60274
2021-06-09 09:37:52,5287.0,60278
2021-06-09 09:37:53,5285.9,60285
2021-06-09 09:37:54,5286.5,60295
2021-06-09 09:37:55,5286.5,60305
2021-06-09 09:37:56,5288.65,60512
2021-06-09 09:37:57,5288.65,60512
2021-06-09 09:37:58,5287.0,60517
2021-06-09 09:37:59,5287.0,60517
2021-06-09 09:38:01,5285.1,60566
2021-06-09 09:38:02,5282.0,61247
2021-06-09 09:38:03,5281.05,61277
2021-06-09 09:38:04,5280.45,61279
2021-06-09 09:38:05,5280.0,61448
2021-06-09 09:38:06,5280.0,61458
2021-06-09 09:38:08,5280.0,61491
2021-06-09 09:38:09,5280.95,61769
2021-06-09 09:38:10,5277.0,61948
2021-06-09 09:38:10,5277.2,61881
2021-06-09 09:38:12,5276.6,62001
2021-06-09 09:38:13,5279.85,62043
2021-06-09 09:38:14,5277.55,62048
2021-06-09 09:38:14,5277.55,62048
2021-06-09 09:38:15,5280.4,62049
2021-06-09 09:38:16,5277.45,62064
2021-06-09 09:38:17,5280.1,62079
2021-06-09 09:38:18,5278.0,62089
2021-06-09 09:38:19,5280.1,62096
2021-06-09 09:38:20,5280.0,62113
2021-06-09 09:38:21,5279.2,62213
2021-06-09 09:38:22,5279.2,62213
2021-06-09 09:38:24,5279.2,62213
2021-06-09 09:38:25,5281.5,62214
2021-06-09 09:38:25,5279.2,62213
2021-06-09 09:38:26,5279.0,62280
2021-06-09 09:38:29,5278.95,62434
2021-06-09 09:38:30,5278.95,62434
2021-06-09 09:38:30,5281.2,62445
2021-06-09 09:38:31,5277.65,62672
2021-06-09 09:38:32,5278.1,62686
2021-06-09 09:38:33,5278.15,62805
2021-06-09 09:38:34,5279.0,62809
2021-06-09 09:38:36,5275.0,63190
2021-06-09 09:38:37,5279.4,63372
2021-06-09 09:38:38,5279.4,63372
2021-06-09 09:38:39,5277.0,63391
2021-06-09 09:38:39,5277.0,63391
2021-06-09 09:38:40,5278.1,63408
2021-06-09 09:38:41,5277.5,63423
2021-06-09 09:38:43,5277.5,63424
2021-06-09 09:38:44,5275.3,63538
2021-06-09 09:38:44,5275.3,63538
2021-06-09 09:38:45,5275.3,63539
2021-06-09 09:38:47,5275.0,63647
2021-06-09 09:38:48,5277.0,63764
2021-06-09 09:38:48,5277.0,63764
2021-06-09 09:38:49,5277.5,63766
2021-06-09 09:38:50,5277.0,63776
2021-06-09 09:38:51,5277.5,63821
2021-06-09 09:38:53,5278.0,63946
2021-06-09 09:38:54,5277.5,63986
2021-06-09 09:38:55,5277.0,64024
2021-06-09 09:38:55,5277.0,64024
2021-06-09 09:38:57,5275.3,64041
2021-06-09 09:38:58,5275.3,64041
2021-06-09 09:38:58,5276.55,64081
2021-06-09 09:38:59,5277.0,64187
2021-06-09 09:39:00,5277.0,64187
2021-06-09 09:39:01,5275.0,64322
2021-06-09 09:39:02,5274.05,64420
2021-06-09 09:39:04,5275.65,64474
2021-06-09 09:39:06,5275.0,64517
2021-06-09 09:39:07,5275.0,64517
2021-06-09 09:39:08,5275.0,64532
2021-06-09 09:39:09,5275.0,64532
2021-06-09 09:39:10,5276.45,64570
2021-06-09 09:39:11,5276.45,64570
2021-06-09 09:39:12,5275.0,64603
2021-06-09 09:39:13,5275.0,64607
2021-06-09 09:39:14,5275.0,64655
2021-06-09 09:39:15,5275.0,64705
2021-06-09 09:39:16,5275.7,64727
2021-06-09 09:39:17,5276.5,64728
2021-06-09 09:39:18,5275.95,64823
2021-06-09 09:39:20,5275.85,64824
2021-06-09 09:39:21,5275.75,64943
2021-06-09 09:39:21,5274.0,64993
2021-06-09 09:39:22,5275.0,64996
2021-06-09 09:39:24,5275.0,65015
2021-06-09 09:39:25,5275.5,65046
2021-06-09 09:39:26,5275.75,65058
2021-06-09 09:39:27,5275.75,65066
2021-06-09 09:39:27,5275.75,65066
2021-06-09 09:39:28,5275.5,65075
2021-06-09 09:39:29,5275.0,65126
2021-06-09 09:39:30,5275.0,65152
2021-06-09 09:39:32,5275.0,65213
2021-06-09 09:39:33,5275.0,65273
2021-06-09 09:39:34,5276.0,65293
2021-06-09 09:39:36,5276.0,65396
2021-06-09 09:39:36,5275.75,65342
2021-06-09 09:39:37,5276.0,65397
2021-06-09 09:39:39,5275.0,65502
2021-06-09 09:39:41,5275.9,65537
2021-06-09 09:39:43,5276.0,65538
2021-06-09 09:39:44,5275.0,65568
2021-06-09 09:39:45,5275.0,65568
2021-06-09 09:39:46,5275.0,65571
2021-06-09 09:39:47,5275.0,65573
2021-06-09 09:39:48,5275.0,65575
2021-06-09 09:39:48,5276.0,65675
2021-06-09 09:39:49,5275.05,65682
2021-06-09 09:39:51,5275.0,65702
2021-06-09 09:39:52,5275.0,65709
2021-06-09 09:39:53,5275.0,65715
2021-06-09 09:39:54,5275.0,65719
2021-06-09 09:39:55,5275.9,65724
2021-06-09 09:39:56,5273.35,66377
2021-06-09 09:39:56,5273.0,66390
2021-06-09 09:39:57,5275.6,66525
2021-06-09 09:39:58,5274.9,66598
2021-06-09 09:39:59,5275.0,66603
2021-06-09 09:40:01,5275.0,66653
2021-06-09 09:40:02,5275.0,66653
2021-06-09 09:40:03,5274.0,66705
2021-06-09 09:40:04,5275.0,66739
2021-06-09 09:40:05,5275.0,66739
2021-06-09 09:40:06,5274.6,66872
2021-06-09 09:40:06,5275.0,66881
2021-06-09 09:40:08,5274.6,66947
2021-06-09 09:40:09,5274.65,66954
2021-06-09 09:40:10,5274.65,66954
2021-06-09 09:40:11,5275.0,66956
2021-06-09 09:40:12,5276.0,67036
2021-06-09 09:40:13,5278.0,67037
2021-06-09 09:40:14,5278.0,67040
2021-06-09 09:40:14,5278.0,67040
2021-06-09 09:40:15,5275.55,67041
2021-06-09 09:40:16,5278.0,67062
2021-06-09 09:40:19,5277.75,67260
2021-06-09 09:40:19,5277.75,67260
2021-06-09 09:40:21,5280.0,67272
2021-06-09 09:40:21,5281.05,67382
2021-06-09 09:40:22,5281.5,67482
2021-06-09 09:40:23,5284.85,67745
2021-06-09 09:40:25,5280.5,67899
2021-06-09 09:40:26,5281.5,67909
2021-06-09 09:40:27,5282.45,67921
2021-06-09 09:40:28,5282.65,67930
2021-06-09 09:40:29,5281.5,67975
2021-06-09 09:40:30,5279.6,68111
2021-06-09 09:40:31,5282.85,68170
2021-06-09 09:40:32,5282.85,68170
2021-06-09 09:40:34,5282.85,68170
2021-06-09 09:40:35,5282.85,68170
2021-06-09 09:40:36,5283.25,68171
2021-06-09 09:40:37,5282.85,68331
2021-06-09 09:40:38,5282.85,68331
2021-06-09 09:40:39,5282.85,68331
2021-06-09 09:40:41,5283.0,68341
2021-06-09 09:40:41,5283.0,68341
2021-06-09 09:40:42,5282.95,68354
2021-06-09 09:40:45,5283.0,68369
2021-06-09 09:40:46,5281.0,68384
2021-06-09 09:40:47,5280.5,68436
2021-06-09 09:40:48,5280.5,68450
2021-06-09 09:40:49,5280.5,68450
2021-06-09 09:40:50,5280.5,68450
2021-06-09 09:40:51,5282.6,68465
2021-06-09 09:40:52,5282.6,68468
2021-06-09 09:40:54,5282.6,68468
2021-06-09 09:40:55,5282.6,68468
2021-06-09 09:40:57,5281.0,68549
2021-06-09 09:40:57,5281.0,68549
2021-06-09 09:40:58,5280.0,68553
2021-06-09 09:40:59,5280.0,68553
2021-06-09 09:41:01,5278.05,68648
2021-06-09 09:41:01,5280.0,68660
2021-06-09 09:41:02,5280.0,68660
2021-06-09 09:41:03,5280.0,68760
2021-06-09 09:41:04,5277.25,68813
2021-06-09 09:41:05,5279.9,68819
2021-06-09 09:41:06,5279.9,68819
2021-06-09 09:41:07,5277.7,68823
2021-06-09 09:41:09,5277.75,68827
2021-06-09 09:41:10,5277.75,68827
2021-06-09 09:41:11,5277.75,68827
2021-06-09 09:41:12,5277.2,68917
2021-06-09 09:41:13,5279.75,68922
2021-06-09 09:41:13,5279.75,68922
2021-06-09 09:41:14,5279.75,68923
2021-06-09 09:41:15,5279.85,68948
2021-06-09 09:41:16,5279.85,68948
2021-06-09 09:41:17,5279.85,68948
2021-06-09 09:41:18,5277.7,68950
2021-06-09 09:41:19,5277.7,68950
2021-06-09 09:41:21,5277.7,68950
2021-06-09 09:41:22,5277.7,68966
2021-06-09 09:41:23,5277.7,68966
2021-06-09 09:41:24,5279.95,69066
2021-06-09 09:41:25,5277.7,69077
2021-06-09 09:41:26,5277.7,69083
2021-06-09 09:41:28,5279.1,69120
2021-06-09 09:41:29,5277.25,69306
2021-06-09 09:41:29,5277.25,69306
2021-06-09 09:41:31,5277.25,69306
2021-06-09 09:41:33,5277.1,69309
2021-06-09 09:41:34,5277.7,69311
2021-06-09 09:41:35,5279.3,69341
2021-06-09 09:41:36,5279.3,69341
2021-06-09 09:41:36,5279.3,69341
2021-06-09 09:41:38,5278.8,69416
2021-06-09 09:41:39,5279.4,69445
2021-06-09 09:41:40,5279.4,69445
2021-06-09 09:41:41,5279.4,69445
2021-06-09 09:41:42,5279.4,69445
2021-06-09 09:41:43,5279.55,69450
2021-06-09 09:41:44,5279.55,69450
2021-06-09 09:41:45,5279.55,69450
2021-06-09 09:41:46,5279.55,69450
2021-06-09 09:41:47,5278.65,69455
2021-06-09 09:41:47,5280.0,69544
2021-06-09 09:41:48,5280.0,69644
2021-06-09 09:41:49,5280.0,69644
2021-06-09 09:41:51,5280.0,69644
2021-06-09 09:41:53,5280.0,69685
2021-06-09 09:41:54,5279.15,69705
2021-06-09 09:41:57,5279.95,69707
2021-06-09 09:41:58,5279.95,69707
2021-06-09 09:41:59,5280.0,69757
2021-06-09 09:42:00,5280.0,69757
2021-06-09 09:42:01,5280.0,69757
2021-06-09 09:42:01,5280.0,69757
2021-06-09 09:42:02,5278.05,69774
2021-06-09 09:42:04,5278.05,69774
2021-06-09 09:42:05,5280.0,69823
2021-06-09 09:42:05,5280.35,69824
2021-06-09 09:42:06,5280.0,69836
2021-06-09 09:42:07,5279.0,69840
2021-06-09 09:42:08,5281.15,70050
2021-06-09 09:42:10,5279.15,70055
2021-06-09 09:42:11,5279.15,70055
2021-06-09 09:42:12,5279.05,70094
2021-06-09 09:42:13,5281.65,70106
2021-06-09 09:42:14,5279.05,70111
2021-06-09 09:42:15,5279.05,70111
2021-06-09 09:42:16,5281.35,70119
2021-06-09 09:42:18,5279.1,70128
2021-06-09 09:42:19,5279.1,70128
2021-06-09 09:42:20,5281.0,70134
2021-06-09 09:42:21,5281.0,70136
2021-06-09 09:42:22,5277.75,70411
2021-06-09 09:42:23,5277.75,70411
2021-06-09 09:42:24,5280.0,70421
2021-06-09 09:42:25,5280.0,70421
2021-06-09 09:42:26,5280.0,70421
2021-06-09 09:42:26,5280.0,70421
2021-06-09 09:42:28,5280.0,70421
2021-06-09 09:42:28,5280.0,70421
2021-06-09 09:42:29,5281.65,70432
2021-06-09 09:42:30,5281.95,70447
2021-06-09 09:42:32,5281.95,70447
2021-06-09 09:42:32,5281.95,70447
2021-06-09 09:42:33,5281.95,70447
2021-06-09 09:42:35,5282.0,70448
2021-06-09 09:42:35,5280.0,70449
2021-06-09 09:42:37,5280.0,70450
2021-06-09 09:42:38,5280.0,70450
2021-06-09 09:42:39,5280.0,70450
2021-06-09 09:42:40,5280.0,70450
2021-06-09 09:42:41,5280.0,70450
2021-06-09 09:42:43,5281.2,70452
2021-06-09 09:42:44,5281.2,70452
2021-06-09 09:42:45,5285.0,70700
2021-06-09 09:42:46,5284.0,70703
2021-06-09 09:42:47,5284.0,70703
2021-06-09 09:42:48,5284.0,70704
2021-06-09 09:42:49,5281.65,70843
2021-06-09 09:42:49,5282.9,70912
2021-06-09 09:42:50,5280.35,70962
2021-06-09 09:42:51,5283.9,70989
2021-06-09 09:42:52,5283.9,70989
2021-06-09 09:42:53,5283.9,70989
2021-06-09 09:42:55,5282.2,71039
2021-06-09 09:42:56,5282.2,71039
2021-06-09 09:42:57,5282.2,71039
2021-06-09 09:42:58,5284.65,71139
2021-06-09 09:42:58,5282.2,71039
2021-06-09 09:43:00,5285.75,71191
2021-06-09 09:43:01,5283.5,71192
2021-06-09 09:43:01,5283.5,71193
2021-06-09 09:43:02,5283.5,71193
2021-06-09 09:43:03,5285.0,71243
2021-06-09 09:43:05,5285.65,71245
2021-06-09 09:43:06,5283.5,71246
2021-06-09 09:43:07,5283.5,71246
2021-06-09 09:43:08,5283.5,71246
2021-06-09 09:43:09,5284.45,71247
2021-06-09 09:43:10,5284.45,71247
2021-06-09 09:43:11,5284.45,71247
2021-06-09 09:43:12,5284.45,71287
2021-06-09 09:43:13,5284.45,71302
2021-06-09 09:43:14,5284.45,71302
2021-06-09 09:43:15,5284.45,71302
2021-06-09 09:43:15,5283.55,71306
2021-06-09 09:43:17,5283.55,71306
2021-06-09 09:43:19,5283.5,71323
2021-06-09 09:43:20,5283.5,71323
2021-06-09 09:43:21,5283.5,71323
2021-06-09 09:43:22,5281.4,71523
2021-06-09 09:43:23,5284.9,71548
2021-06-09 09:43:24,5284.9,71548
2021-06-09 09:43:25,5284.9,71548
2021-06-09 09:43:26,5281.3,71592
2021-06-09 09:43:27,5283.5,71594
2021-06-09 09:43:28,5283.5,71594
2021-06-09 09:43:29,5283.5,71594
2021-06-09 09:43:30,5280.3,71644
2021-06-09 09:43:31,5280.3,71644
2021-06-09 09:43:33,5280.3,71644
2021-06-09 09:43:34,5280.3,71644
2021-06-09 09:43:35,5280.3,71644
2021-06-09 09:43:36,5280.7,71649
2021-06-09 09:43:38,5280.7,71649
2021-06-09 09:43:39,5283.5,71699
2021-06-09 09:43:40,5280.4,71817
2021-06-09 09:43:41,5280.4,71817
2021-06-09 09:43:42,5283.3,71919
2021-06-09 09:43:43,5283.3,71919
2021-06-09 09:43:44,5280.0,72517
2021-06-09 09:43:45,5280.0,72517
2021-06-09 09:43:46,5279.05,72523
2021-06-09 09:43:47,5279.05,72523
2021-06-09 09:43:48,5279.05,72523
2021-06-09 09:43:49,5279.05,72523
2021-06-09 09:43:50,5277.75,72533
2021-06-09 09:43:52,5280.0,72539
2021-06-09 09:43:53,5280.0,72542
2021-06-09 09:43:54,5280.0,72570
2021-06-09 09:43:55,5280.0,72570
2021-06-09 09:43:56,5281.9,72948
2021-06-09 09:43:57,5281.9,72948
2021-06-09 09:43:58,5281.9,72948
2021-06-09 09:43:59,5281.9,72948
2021-06-09 09:44:00,5281.9,72948
2021-06-09 09:44:01,5283.4,73048
2021-06-09 09:44:02,5283.35,73073
2021-06-09 09:44:03,5283.35,73073
2021-06-09 09:44:04,5283.4,73074
2021-06-09 09:44:05,5283.4,73074
2021-06-09 09:44:06,5283.4,73074
2021-06-09 09:44:07,5283.4,73074
2021-06-09 09:44:08,5283.4,73074
2021-06-09 09:44:09,5283.1,73102
2021-06-09 09:44:10,5283.1,73102
2021-06-09 09:44:11,5283.1,73102
2021-06-09 09:44:12,5283.1,73102
2021-06-09 09:44:13,5283.1,73102
2021-06-09 09:44:14,5283.1,73102
2021-06-09 09:44:15,5283.1,73102
2021-06-09 09:44:16,5283.1,73102
2021-06-09 09:44:17,5283.1,73102
2021-06-09 09:44:18,5283.1,73102
2021-06-09 09:44:19,5283.1,73102
2021-06-09 09:44:20,5283.1,73102
2021-06-09 09:44:21,5283.1,73102
2021-06-09 09:44:22,5283.1,73102
2021-06-09 09:44:23,5283.1,73102
2021-06-09 09:44:24,5283.1,73102
2021-06-09 09:44:25,5283.1,73102
2021-06-09 09:44:26,5283.1,73102
2021-06-09 09:44:27,5283.1,73102
2021-06-09 09:44:28,5281.55,73107
2021-06-09 09:44:29,5282.0,73120
2021-06-09 09:44:30,5282.0,73120
2021-06-09 09:44:31,5282.0,73120
2021-06-09 09:44:32,5282.0,73120
2021-06-09 09:44:33,5283.4,73200
2021-06-09 09:44:35,5283.25,73214
2021-06-09 09:44:36,5283.25,73214
2021-06-09 09:44:37,5281.55,73218
2021-06-09 09:44:38,5281.55,73218
2021-06-09 09:44:39,5281.55,73218
2021-06-09 09:44:40,5283.35,73227
2021-06-09 09:44:41,5283.4,73237
2021-06-09 09:44:42,5283.4,73237
2021-06-09 09:44:43,5282.9,73239
2021-06-09 09:44:44,5282.9,73242
2021-06-09 09:44:45,5282.9,73242
2021-06-09 09:44:46,5282.9,73242
2021-06-09 09:44:47,5282.9,73243
2021-06-09 09:44:48,5282.9,73243
2021-06-09 09:44:49,5282.9,73243
2021-06-09 09:44:50,5282.9,73244
2021-06-09 09:44:51,5282.9,73249
2021-06-09 09:44:52,5282.9,73249
2021-06-09 09:44:53,5282.9,73250
2021-06-09 09:44:54,5282.9,73250
2021-06-09 09:44:55,5282.9,73250
2021-06-09 09:44:56,5282.05,73251
2021-06-09 09:44:57,5282.05,73251
2021-06-09 09:44:58,5282.05,73251
2021-06-09 09:44:59,5282.05,73251
2021-06-09 09:45:00,5282.05,73251
2021-06-09 09:45:01,5282.1,73255
2021-06-09 09:45:02,5282.1,73255
2021-06-09 09:45:05,5282.1,73258
2021-06-09 09:45:06,5282.1,73258
2021-06-09 09:45:07,5282.1,73258
2021-06-09 09:45:08,5282.1,73258
2021-06-09 09:45:09,5282.1,73258
2021-06-09 09:45:10,5282.1,73258
2021-06-09 09:45:11,5282.1,73258
2021-06-09 09:45:12,5282.1,73279
2021-06-09 09:45:13,5282.0,73327
2021-06-09 09:45:14,5282.0,73332
2021-06-09 09:45:15,5279.9,73426
2021-06-09 09:45:16,5279.9,73426
2021-06-09 09:45:17,5279.05,73429
2021-06-09 09:45:18,5280.1,73450
2021-06-09 09:45:21,5279.35,73470
2021-06-09 09:45:22,5279.35,73470
2021-06-09 09:45:23,5279.35,73470
2021-06-09 09:45:25,5279.05,73475
2021-06-09 09:45:26,5278.25,73476
2021-06-09 09:45:27,5278.25,73476
2021-06-09 09:45:28,5279.05,73477
2021-06-09 09:45:29,5279.05,73477
2021-06-09 09:45:30,5279.1,73478
2021-06-09 09:45:31,5279.1,73478
2021-06-09 09:45:34,5279.1,73478
2021-06-09 09:45:35,5279.1,73478
2021-06-09 09:45:35,5279.1,73478
2021-06-09 09:45:36,5279.1,73478
2021-06-09 09:45:37,5278.25,73486
2021-06-09 09:45:38,5278.25,73486
2021-06-09 09:45:40,5280.1,73491
2021-06-09 09:45:41,5278.2,73497
2021-06-09 09:45:42,5278.65,73502
2021-06-09 09:45:43,5278.65,73503
2021-06-09 09:45:44,5279.2,73520
2021-06-09 09:45:45,5279.2,73520
2021-06-09 09:45:46,5279.2,73534
2021-06-09 09:45:47,5279.2,73534
2021-06-09 09:45:48,5279.2,73534
2021-06-09 09:45:49,5279.2,73534
2021-06-09 09:45:50,5279.1,73535
2021-06-09 09:45:51,5279.1,73535
2021-06-09 09:45:53,5279.1,73584
2021-06-09 09:45:54,5279.1,73584
2021-06-09 09:45:55,5279.1,73584
2021-06-09 09:45:57,5279.1,73584
2021-06-09 09:45:58,5279.2,73585
2021-06-09 09:45:59,5279.2,73585
2021-06-09 09:46:00,5279.2,73585
2021-06-09 09:46:00,5279.2,73585
2021-06-09 09:46:01,5278.2,73665
2021-06-09 09:46:02,5278.2,73665
2021-06-09 09:46:03,5278.2,73665
2021-06-09 09:46:05,5278.2,73665
2021-06-09 09:46:06,5278.2,73665
2021-06-09 09:46:07,5278.2,73665
2021-06-09 09:46:08,5278.2,73665
2021-06-09 09:46:10,5279.0,73666
2021-06-09 09:46:11,5279.0,73666
2021-06-09 09:46:12,5279.0,73666
2021-06-09 09:46:13,5279.0,73667
2021-06-09 09:46:14,5278.2,73682
2021-06-09 09:46:15,5278.2,73682
2021-06-09 09:46:16,5278.2,73684
2021-06-09 09:46:17,5278.2,73684
2021-06-09 09:46:18,5279.0,73696
2021-06-09 09:46:19,5278.05,73704
2021-06-09 09:46:20,5278.05,73704
2021-06-09 09:46:22,5278.05,73704
2021-06-09 09:46:23,5277.0,74119
2021-06-09 09:46:24,5276.0,74327
2021-06-09 09:46:25,5276.0,74327
2021-06-09 09:46:26,5275.5,74336
2021-06-09 09:46:27,5276.5,74472
2021-06-09 09:46:28,5276.5,74472
2021-06-09 09:46:29,5277.0,74473
2021-06-09 09:46:30,5277.0,74473
2021-06-09 09:46:31,5275.5,74528
2021-06-09 09:46:32,5277.0,74533
2021-06-09 09:46:33,5277.0,74533
2021-06-09 09:46:34,5276.95,74542
2021-06-09 09:46:35,5277.0,74543
2021-06-09 09:46:36,5275.5,74544
2021-06-09 09:46:37,5275.0,74651
2021-06-09 09:46:38,5275.0,74651
2021-06-09 09:46:39,5275.0,74651
2021-06-09 09:46:40,5269.55,76832
2021-06-09 09:46:41,5268.0,76852
2021-06-09 09:46:42,5270.2,76917
2021-06-09 09:46:43,5267.8,76918
2021-06-09 09:46:44,5267.8,76918
2021-06-09 09:46:45,5267.8,76918
2021-06-09 09:46:46,5267.05,76947
2021-06-09 09:46:47,5267.1,76985
2021-06-09 09:46:48,5267.8,77037
2021-06-09 09:46:49,5267.85,77042
2021-06-09 09:46:50,5267.85,77042
2021-06-09 09:46:51,5270.35,77133
2021-06-09 09:46:52,5270.1,77134
2021-06-09 09:46:53,5270.35,77140
2021-06-09 09:46:55,5270.35,77212
2021-06-09 09:46:56,5270.35,77212
2021-06-09 09:46:57,5271.6,77217
2021-06-09 09:46:58,5271.65,77222
2021-06-09 09:46:59,5271.8,77243
2021-06-09 09:47:00,5271.8,77243
2021-06-09 09:47:01,5271.8,77243
2021-06-09 09:47:02,5270.15,77293
2021-06-09 09:47:03,5270.15,77293
2021-06-09 09:47:04,5268.0,77450
2021-06-09 09:47:05,5270.3,77475
2021-06-09 09:47:06,5268.15,77478
2021-06-09 09:47:07,5268.15,77478
2021-06-09 09:47:08,5267.5,77493
2021-06-09 09:47:09,5267.5,77493
2021-06-09 09:47:10,5267.5,77493
2021-06-09 09:47:11,5270.0,77508
2021-06-09 09:47:12,5268.0,77608
2021-06-09 09:47:13,5267.85,77619
2021-06-09 09:47:14,5270.0,77954
2021-06-09 09:47:15,5269.8,77984
2021-06-09 09:47:16,5269.95,77994
2021-06-09 09:47:17,5270.0,77995
2021-06-09 09:47:18,5270.0,77995
2021-06-09 09:47:20,5269.95,78005
2021-06-09 09:47:21,5268.15,78017
2021-06-09 09:47:21,5268.15,78017
2021-06-09 09:47:22,5268.15,78017
2021-06-09 09:47:23,5269.0,78018
2021-06-09 09:47:24,5269.0,78018
2021-06-09 09:47:25,5269.0,78018
2021-06-09 09:47:26,5269.0,78021
2021-06-09 09:47:28,5269.4,78357
2021-06-09 09:47:29,5271.0,78367
2021-06-09 09:47:30,5271.0,78367
2021-06-09 09:47:31,5270.9,78377
2021-06-09 09:47:32,5270.9,78388
2021-06-09 09:47:33,5270.9,78388
2021-06-09 09:47:34,5270.9,78388
2021-06-09 09:47:35,5272.95,78605
2021-06-09 09:47:36,5271.3,78660
2021-06-09 09:47:37,5274.5,78888
2021-06-09 09:47:38,5275.0,78900
2021-06-09 09:47:39,5272.8,78950
2021-06-09 09:47:40,5275.95,79000
2021-06-09 09:47:41,5275.95,79000
2021-06-09 09:47:42,5273.65,79029
2021-06-09 09:47:43,5273.55,79285
2021-06-09 09:47:45,5275.95,79309
2021-06-09 09:47:46,5275.95,79309
2021-06-09 09:47:47,5276.05,79334
2021-06-09 09:47:49,5276.4,79431
2021-06-09 09:47:50,5276.4,79439
2021-06-09 09:47:51,5277.0,79569
2021-06-09 09:47:52,5273.65,79623
2021-06-09 09:47:53,5270.85,79648
2021-06-09 09:47:54,5270.85,79648
2021-06-09 09:47:55,5270.85,79648
2021-06-09 09:47:56,5270.85,79648
2021-06-09 09:47:57,5270.85,79648
2021-06-09 09:47:58,5273.0,79673
2021-06-09 09:47:59,5273.0,79773
2021-06-09 09:48:00,5271.5,79774
2021-06-09 09:48:01,5273.0,79777
2021-06-09 09:48:03,5273.0,79777
2021-06-09 09:48:04,5273.0,79822
2021-06-09 09:48:06,5273.0,79929
2021-06-09 09:48:07,5273.0,79929
2021-06-09 09:48:08,5273.0,79929
2021-06-09 09:48:09,5273.0,79985
2021-06-09 09:48:10,5273.6,80010
2021-06-09 09:48:11,5274.9,80031
2021-06-09 09:48:12,5274.9,80031
2021-06-09 09:48:13,5272.05,80041
2021-06-09 09:48:14,5272.05,80041
2021-06-09 09:48:15,5272.05,80041
2021-06-09 09:48:16,5272.4,80085
2021-06-09 09:48:17,5272.4,80085
2021-06-09 09:48:18,5272.4,80085
2021-06-09 09:48:19,5274.95,80086
2021-06-09 09:48:20,5273.15,80107
2021-06-09 09:48:21,5273.15,80107
2021-06-09 09:48:22,5273.15,80107
2021-06-09 09:48:22,5273.15,80107
2021-06-09 09:48:23,5273.15,80107
2021-06-09 09:48:24,5274.05,80117
2021-06-09 09:48:25,5274.05,80117
2021-06-09 09:48:26,5274.15,80121
2021-06-09 09:48:27,5274.15,80121
2021-06-09 09:48:30,5274.85,80194
2021-06-09 09:48:30,5274.85,80194
2021-06-09 09:48:32,5272.4,80219
2021-06-09 09:48:32,5272.4,80219
2021-06-09 09:48:33,5274.5,80232
2021-06-09 09:48:34,5272.4,80235
2021-06-09 09:48:35,5274.5,80260
2021-06-09 09:48:36,5274.5,80260
2021-06-09 09:48:37,5272.6,80300
2021-06-09 09:48:38,5272.7,80306
2021-06-09 09:48:39,5272.7,80306
2021-06-09 09:48:40,5272.7,80307
2021-06-09 09:48:42,5272.8,80468
2021-06-09 09:48:42,5272.8,80468
2021-06-09 09:48:43,5272.8,80468
2021-06-09 09:48:45,5272.8,80468
2021-06-09 09:48:46,5272.8,80473
2021-06-09 09:48:47,5272.8,80473
2021-06-09 09:48:48,5272.8,80473
2021-06-09 09:48:48,5272.8,80473
2021-06-09 09:48:49,5275.15,80524
2021-06-09 09:48:50,5275.15,80524
2021-06-09 09:48:51,5276.65,80543
2021-06-09 09:48:52,5277.0,80548
2021-06-09 09:48:53,5276.0,80549
2021-06-09 09:48:54,5276.0,80549
2021-06-09 09:48:55,5276.0,80549
2021-06-09 09:48:56,5276.0,80549
2021-06-09 09:48:57,5276.0,80549
2021-06-09 09:48:58,5277.0,80551
2021-06-09 09:48:59,5277.0,80551
2021-06-09 09:49:00,5277.0,80551
2021-06-09 09:49:01,5277.0,80551
2021-06-09 09:49:02,5276.0,80553
2021-06-09 09:49:03,5276.0,80553
2021-06-09 09:49:04,5276.0,80553
2021-06-09 09:49:05,5276.0,80553
2021-06-09 09:49:06,5277.0,80554
2021-06-09 09:49:07,5276.0,80565
2021-06-09 09:49:08,5276.0,80565
2021-06-09 09:49:09,5276.0,80567
2021-06-09 09:49:10,5277.0,80605
2021-06-09 09:49:11,5276.0,80614
2021-06-09 09:49:15,5279.2,80735
2021-06-09 09:49:15,5279.2,80735
2021-06-09 09:49:16,5277.1,80758
2021-06-09 09:49:17,5277.1,80758
2021-06-09 09:49:18,5277.05,80844
2021-06-09 09:49:20,5279.0,80934
2021-06-09 09:49:21,5277.0,80954
2021-06-09 09:49:22,5277.0,80954
2021-06-09 09:49:23,5276.0,80955
2021-06-09 09:49:24,5276.0,80957
2021-06-09 09:49:25,5273.5,81087
2021-06-09 09:49:26,5273.5,81087
2021-06-09 09:49:27,5273.5,81087
2021-06-09 09:49:28,5275.0,81168
2021-06-09 09:49:30,5275.0,81168
2021-06-09 09:49:30,5275.0,81168
2021-06-09 09:49:32,5272.7,81338
2021-06-09 09:49:33,5272.7,81338
2021-06-09 09:49:34,5274.45,81339
2021-06-09 09:49:34,5274.45,81339
2021-06-09 09:49:35,5274.45,81346
2021-06-09 09:49:36,5274.45,81346
2021-06-09 09:49:38,5274.45,81346
2021-06-09 09:49:39,5274.45,81346
2021-06-09 09:49:39,5274.45,81346
2021-06-09 09:49:40,5276.25,81446
2021-06-09 09:49:42,5273.5,81447
2021-06-09 09:49:44,5273.5,81447
2021-06-09 09:49:45,5273.5,81477
2021-06-09 09:49:46,5275.95,81481
2021-06-09 09:49:47,5272.6,81581
2021-06-09 09:49:48,5272.6,81581
2021-06-09 09:49:49,5275.1,81591
2021-06-09 09:49:51,5275.1,81591
2021-06-09 09:49:52,5272.7,81691
2021-06-09 09:49:53,5272.7,81691
2021-06-09 09:49:54,5275.95,81693
2021-06-09 09:49:54,5275.95,81693
2021-06-09 09:49:55,5275.95,81693
2021-06-09 09:49:57,5275.95,81693
2021-06-09 09:49:58,5275.95,81693
2021-06-09 09:50:00,5276.0,81703
2021-06-09 09:50:01,5276.0,81703
2021-06-09 09:50:01,5276.0,81703
2021-06-09 09:50:02,5276.0,81703
2021-06-09 09:50:04,5276.0,81703
2021-06-09 09:50:05,5276.0,81703
2021-06-09 09:50:05,5276.0,81703
2021-06-09 09:50:06,5275.6,81707
2021-06-09 09:50:07,5274.0,81712
2021-06-09 09:50:08,5274.0,81722
2021-06-09 09:50:09,5274.0,81722
2021-06-09 09:50:11,5274.0,81727
2021-06-09 09:50:12,5274.0,81757
2021-06-09 09:50:13,5275.6,81761
2021-06-09 09:50:14,5275.6,81761
2021-06-09 09:50:15,5273.6,81769
2021-06-09 09:50:16,5273.6,81769
2021-06-09 09:50:17,5271.75,82009
2021-06-09 09:50:17,5271.75,82009
2021-06-09 09:50:18,5271.75,82009
2021-06-09 09:50:19,5271.75,82014
2021-06-09 09:50:20,5271.75,82014
2021-06-09 09:50:21,5271.75,82014
2021-06-09 09:50:22,5271.75,82014
2021-06-09 09:50:24,5271.75,82014
2021-06-09 09:50:24,5271.75,82014
2021-06-09 09:50:25,5271.75,82014
2021-06-09 09:50:26,5272.15,82052
2021-06-09 09:50:27,5270.15,82053
2021-06-09 09:50:28,5270.15,82053
2021-06-09 09:50:29,5272.5,82066
2021-06-09 09:50:30,5272.5,82066
2021-06-09 09:50:31,5272.5,82071
2021-06-09 09:50:32,5272.5,82071
2021-06-09 09:50:33,5272.5,82071
2021-06-09 09:50:34,5272.35,82072
2021-06-09 09:50:35,5272.35,82072
2021-06-09 09:50:37,5270.25,82076
2021-06-09 09:50:38,5272.45,82091
2021-06-09 09:50:39,5272.45,82091
2021-06-09 09:50:40,5272.5,82096
2021-06-09 09:50:41,5272.5,82096
2021-06-09 09:50:42,5272.5,82096
2021-06-09 09:50:43,5272.5,82096
2021-06-09 09:50:44,5272.5,82134
2021-06-09 09:50:45,5272.5,82134
2021-06-09 09:50:46,5272.5,82134
2021-06-09 09:50:47,5272.5,82134
2021-06-09 09:50:48,5272.5,82134
2021-06-09 09:50:49,5272.5,82134
2021-06-09 09:50:50,5272.0,82139
2021-06-09 09:50:51,5272.0,82139
2021-06-09 09:50:52,5272.45,82141
2021-06-09 09:50:53,5272.45,82141
2021-06-09 09:50:54,5272.45,82144
2021-06-09 09:50:55,5272.45,82144
2021-06-09 09:50:57,5272.45,82160
2021-06-09 09:50:58,5272.45,82162
2021-06-09 09:50:59,5272.45,82639
2021-06-09 09:51:00,5272.45,82639
2021-06-09 09:51:01,5272.4,82649
2021-06-09 09:51:02,5272.4,82649
2021-06-09 09:51:02,5272.4,82649
2021-06-09 09:51:03,5272.4,82649
2021-06-09 09:51:05,5272.4,82649
2021-06-09 09:51:06,5272.4,82649
2021-06-09 09:51:07,5272.2,82654
2021-06-09 09:51:08,5270.4,82679
2021-06-09 09:51:09,5270.4,82679
2021-06-09 09:51:10,5270.4,82679
2021-06-09 09:51:11,5270.4,82679
2021-06-09 09:51:11,5272.2,82697
2021-06-09 09:51:13,5270.55,82699
2021-06-09 09:51:14,5270.55,82699
2021-06-09 09:51:16,5270.55,82699
2021-06-09 09:51:17,5270.55,82699
2021-06-09 09:51:18,5270.55,82699
2021-06-09 09:51:19,5271.95,82701
2021-06-09 09:51:20,5271.95,82701
2021-06-09 09:51:21,5271.95,82701
2021-06-09 09:51:22,5271.95,82701
2021-06-09 09:51:23,5270.4,82726
2021-06-09 09:51:24,5270.4,82726
2021-06-09 09:51:25,5270.4,82726
2021-06-09 09:51:26,5270.4,82726
2021-06-09 09:51:27,5270.45,82736
2021-06-09 09:51:28,5270.45,82736
2021-06-09 09:51:29,5271.95,82742
2021-06-09 09:51:30,5273.15,82759
2021-06-09 09:51:31,5273.15,82759
2021-06-09 09:51:32,5271.85,82799
2021-06-09 09:51:34,5271.85,82799
2021-06-09 09:51:35,5273.4,82834
2021-06-09 09:51:36,5273.4,82834
2021-06-09 09:51:37,5273.4,82834
2021-06-09 09:51:38,5270.4,82884
2021-06-09 09:51:39,5272.9,82890
2021-06-09 09:51:39,5272.9,82890
2021-06-09 09:51:41,5273.4,82940
2021-06-09 09:51:41,5273.4,82940
2021-06-09 09:51:43,5272.8,83010
2021-06-09 09:51:44,5272.8,83010
2021-06-09 09:51:45,5272.8,83010
2021-06-09 09:51:46,5271.1,83016
2021-06-09 09:51:47,5271.1,83016
2021-06-09 09:51:48,5272.45,83269
2021-06-09 09:51:48,5272.45,83269
2021-06-09 09:51:50,5272.45,83269
2021-06-09 09:51:51,5272.45,83269
2021-06-09 09:51:52,5272.8,83278
2021-06-09 09:51:53,5272.8,83278
2021-06-09 09:51:53,5273.0,83373
2021-06-09 09:51:54,5273.0,83373
2021-06-09 09:51:55,5273.0,83373
2021-06-09 09:51:57,5273.2,83393
2021-06-09 09:51:58,5273.2,83393
2021-06-09 09:51:59,5273.15,83394
2021-06-09 09:52:00,5273.15,83394
2021-06-09 09:52:02,5271.1,83414
2021-06-09 09:52:03,5271.1,83414
2021-06-09 09:52:04,5271.1,83414
2021-06-09 09:52:05,5272.7,83421
2021-06-09 09:52:06,5273.25,83432
2021-06-09 09:52:08,5272.9,83435
2021-06-09 09:52:09,5272.0,83436
2021-06-09 09:52:10,5272.0,83436
2021-06-09 09:52:11,5272.0,83436
2021-06-09 09:52:12,5272.0,83436
2021-06-09 09:52:13,5271.0,83456
2021-06-09 09:52:14,5271.0,83506
2021-06-09 09:52:15,5273.25,84518
2021-06-09 09:52:16,5273.25,84518
2021-06-09 09:52:17,5273.2,84523
2021-06-09 09:52:19,5273.2,84523
2021-06-09 09:52:20,5271.1,84574
2021-06-09 09:52:21,5271.1,84574
2021-06-09 09:52:22,5271.1,84574
2021-06-09 09:52:23,5273.75,84724
2021-06-09 09:52:24,5273.75,84724
2021-06-09 09:52:25,5273.75,84724
2021-06-09 09:52:25,5273.75,84724
2021-06-09 09:52:26,5273.75,84724
2021-06-09 09:52:27,5273.75,84724
2021-06-09 09:52:28,5273.75,84724
2021-06-09 09:52:30,5273.75,84724
2021-06-09 09:52:31,5273.75,84724
2021-06-09 09:52:32,5273.75,84724
2021-06-09 09:52:33,5273.75,84724
2021-06-09 09:52:34,5274.0,84833
2021-06-09 09:52:35,5274.0,84833
2021-06-09 09:52:36,5274.0,84833
2021-06-09 09:52:37,5274.0,84838
2021-06-09 09:52:38,5274.0,84838
2021-06-09 09:52:39,5274.0,84838
2021-06-09 09:52:40,5274.0,84838
2021-06-09 09:52:41,5274.0,84838
2021-06-09 09:52:41,5274.0,84838
2021-06-09 09:52:42,5274.0,84838
2021-06-09 09:52:43,5275.0,84858
2021-06-09 09:52:44,5275.0,84858
2021-06-09 09:52:45,5275.0,84858
2021-06-09 09:52:46,5275.0,84858
2021-06-09 09:52:47,5275.0,84863
2021-06-09 09:52:48,5275.0,84863
2021-06-09 09:52:49,5275.0,84863
2021-06-09 09:52:50,5275.0,84938
2021-06-09 09:52:51,5275.0,84938
2021-06-09 09:52:52,5275.0,84938
2021-06-09 09:52:54,5275.0,84938
2021-06-09 09:52:55,5274.1,84943
2021-06-09 09:52:56,5274.1,84943
2021-06-09 09:52:57,5274.1,84943
2021-06-09 09:52:58,5275.0,85070
2021-06-09 09:52:59,5275.0,85070
2021-06-09 09:53:00,5275.0,85070
2021-06-09 09:53:01,5275.4,85080
2021-06-09 09:53:02,5275.4,85095
2021-06-09 09:53:03,5277.0,85130
2021-06-09 09:53:04,5277.0,85131
2021-06-09 09:53:05,5277.1,85153
2021-06-09 09:53:06,5277.1,85153
2021-06-09 09:53:07,5277.1,85153
2021-06-09 09:53:08,5276.95,85203
2021-06-09 09:53:09,5276.95,85203
2021-06-09 09:53:10,5277.0,85204
2021-06-09 09:53:11,5277.0,85204
2021-06-09 09:53:12,5277.05,85213
2021-06-09 09:53:13,5277.0,85218
2021-06-09 09:53:14,5277.0,85218
2021-06-09 09:53:15,5277.1,85219
2021-06-09 09:53:16,5277.1,85219
2021-06-09 09:53:17,5279.2,85375
2021-06-09 09:53:18,5279.2,85377
2021-06-09 09:53:19,5279.2,85377
2021-06-09 09:53:20,5279.2,85377
2021-06-09 09:53:21,5279.2,85377
2021-06-09 09:53:22,5279.2,85377
2021-06-09 09:53:24,5279.2,85377
2021-06-09 09:53:25,5278.4,85378
2021-06-09 09:53:26,5278.4,85378
2021-06-09 09:53:27,5278.4,85378
2021-06-09 09:53:28,5278.4,85378
2021-06-09 09:53:29,5278.4,85378
2021-06-09 09:53:30,5278.4,85378
2021-06-09 09:53:31,5278.4,85378
2021-06-09 09:53:32,5278.0,85383
2021-06-09 09:53:33,5278.0,85383
2021-06-09 09:53:34,5278.0,85384
2021-06-09 09:53:35,5278.4,85388
2021-06-09 09:53:36,5278.9,85389
2021-06-09 09:53:38,5278.9,85389
2021-06-09 09:53:39,5278.9,85389
2021-06-09 09:53:40,5278.9,85389
2021-06-09 09:53:41,5278.9,85389
2021-06-09 09:53:42,5278.9,85390
2021-06-09 09:53:43,5278.9,85390
2021-06-09 09:53:44,5279.2,85495
2021-06-09 09:53:45,5279.2,85495
2021-06-09 09:53:46,5279.2,85495
2021-06-09 09:53:47,5279.2,85495
2021-06-09 09:53:48,5279.2,85495
2021-06-09 09:53:49,5279.2,85519
2021-06-09 09:53:50,5279.15,85520
2021-06-09 09:53:51,5279.15,85520
2021-06-09 09:53:51,5279.15,85520
2021-06-09 09:53:52,5279.15,85530
2021-06-09 09:53:53,5279.15,85536
2021-06-09 09:53:54,5279.15,85538
2021-06-09 09:53:55,5282.7,85767
2021-06-09 09:53:56,5282.7,85767
2021-06-09 09:53:58,5279.6,85780
2021-06-09 09:54:00,5279.3,85824
2021-06-09 09:54:01,5279.25,85830
2021-06-09 09:54:02,5280.0,85841
2021-06-09 09:54:03,5280.0,85841
2021-06-09 09:54:04,5280.0,85841
2021-06-09 09:54:05,5279.15,85876
2021-06-09 09:54:06,5278.4,85883
2021-06-09 09:54:07,5280.3,85904
2021-06-09 09:54:08,5278.4,85910
2021-06-09 09:54:09,5278.4,85910
2021-06-09 09:54:10,5278.4,85910
2021-06-09 09:54:11,5280.2,85926
2021-06-09 09:54:12,5280.2,85926
2021-06-09 09:54:13,5278.4,86011
2021-06-09 09:54:14,5278.75,86018
2021-06-09 09:54:16,5279.95,86118
2021-06-09 09:54:17,5279.95,86118
2021-06-09 09:54:18,5279.9,86123
2021-06-09 09:54:19,5279.9,86123
2021-06-09 09:54:20,5279.9,86123
2021-06-09 09:54:21,5279.9,86123
2021-06-09 09:54:22,5279.9,86123
2021-06-09 09:54:23,5279.85,86138
2021-06-09 09:54:24,5279.85,86138
2021-06-09 09:54:25,5279.85,86138
2021-06-09 09:54:26,5279.85,86138
2021-06-09 09:54:27,5279.85,86138
2021-06-09 09:54:28,5279.85,86138
2021-06-09 09:54:29,5277.9,86356
2021-06-09 09:54:30,5276.7,86372
2021-06-09 09:54:31,5276.7,86372
2021-06-09 09:54:32,5276.7,86372
2021-06-09 09:54:33,5276.7,86372
2021-06-09 09:54:34,5276.7,86372
2021-06-09 09:54:35,5276.7,86372
2021-06-09 09:54:36,5276.6,86377
2021-06-09 09:54:37,5276.6,86377
2021-06-09 09:54:38,5276.6,86379
2021-06-09 09:54:39,5276.6,86379
2021-06-09 09:54:40,5276.6,86379
2021-06-09 09:54:41,5277.25,86384
2021-06-09 09:54:42,5277.25,86384
2021-06-09 09:54:43,5276.7,86386
2021-06-09 09:54:44,5276.7,86386
2021-06-09 09:54:45,5276.7,86386
2021-06-09 09:54:47,5277.0,86395
2021-06-09 09:54:48,5277.0,86395
2021-06-09 09:54:50,5278.1,86495
2021-06-09 09:54:51,5275.15,86508
2021-06-09 09:54:52,5275.15,86508
2021-06-09 09:54:53,5276.6,86513
2021-06-09 09:54:54,5275.2,86517
2021-06-09 09:54:55,5275.05,86522
2021-06-09 09:54:56,5275.05,86524
2021-06-09 09:54:57,5275.05,86524
2021-06-09 09:54:58,5275.05,86524
2021-06-09 09:54:59,5277.55,86592
2021-06-09 09:55:00,5275.15,86597
2021-06-09 09:55:01,5275.15,86597
2021-06-09 09:55:02,5275.15,86597
2021-06-09 09:55:03,5275.15,86597
2021-06-09 09:55:04,5275.15,86597
2021-06-09 09:55:05,5277.5,86605
2021-06-09 09:55:06,5277.5,86605
2021-06-09 09:55:07,5277.5,86605
2021-06-09 09:55:08,5277.5,86605
2021-06-09 09:55:09,5275.2,86610
2021-06-09 09:55:10,5275.2,86610
2021-06-09 09:55:11,5277.4,86620
2021-06-09 09:55:12,5277.4,86620
2021-06-09 09:55:13,5277.4,86620
2021-06-09 09:55:14,5277.45,86621
2021-06-09 09:55:15,5277.45,86621
2021-06-09 09:55:16,5275.5,86624
2021-06-09 09:55:17,5277.45,86626
2021-06-09 09:55:18,5277.5,86721
2021-06-09 09:55:19,5277.55,86771
2021-06-09 09:55:20,5277.55,86771
2021-06-09 09:55:21,5277.55,86771
2021-06-09 09:55:22,5277.55,86771
2021-06-09 09:55:23,5277.55,86771
2021-06-09 09:55:25,5277.55,86771
2021-06-09 09:55:26,5277.0,86774
2021-06-09 09:55:27,5275.2,86777
2021-06-09 09:55:29,5275.2,86777
2021-06-09 09:55:30,5277.0,86782
2021-06-09 09:55:31,5275.0,86837
2021-06-09 09:55:32,5275.0,86838
2021-06-09 09:55:33,5275.0,86838
2021-06-09 09:55:34,5275.0,86841
2021-06-09 09:55:35,5275.0,86841
2021-06-09 09:55:36,5277.1,86856
2021-06-09 09:55:37,5277.1,86861
2021-06-09 09:55:38,5275.1,86863
2021-06-09 09:55:39,5275.1,86865
2021-06-09 09:55:40,5277.0,86887
2021-06-09 09:55:41,5277.0,86887
2021-06-09 09:55:42,5277.0,86887
2021-06-09 09:55:43,5275.05,86897
2021-06-09 09:55:44,5275.05,86897
2021-06-09 09:55:45,5275.05,86897
2021-06-09 09:55:46,5275.05,86897
2021-06-09 09:55:47,5275.05,86897
2021-06-09 09:55:49,5275.05,86897
2021-06-09 09:55:50,5275.05,86897
2021-06-09 09:55:51,5275.05,86897
2021-06-09 09:55:52,5275.0,86902
2021-06-09 09:55:53,5276.9,86947
2021-06-09 09:55:54,5276.9,86947
2021-06-09 09:55:55,5276.9,86947
2021-06-09 09:55:56,5275.0,86957
2021-06-09 09:55:58,5275.0,86959
2021-06-09 09:55:59,5276.9,86969
2021-06-09 09:56:00,5276.9,86969
2021-06-09 09:56:01,5276.9,86969
2021-06-09 09:56:02,5276.9,86969
2021-06-09 09:56:03,5276.9,86969
2021-06-09 09:56:04,5276.9,86969
2021-06-09 09:56:05,5276.85,86974
2021-06-09 09:56:06,5276.85,86974
2021-06-09 09:56:07,5276.85,86974
2021-06-09 09:56:08,5276.85,86974
2021-06-09 09:56:09,5276.85,86974
2021-06-09 09:56:10,5276.85,86974
2021-06-09 09:56:11,5276.85,86974
2021-06-09 09:56:12,5275.1,86975
2021-06-09 09:56:13,5276.9,86985
2021-06-09 09:56:14,5276.9,86986
2021-06-09 09:56:15,5276.9,86986
2021-06-09 09:56:16,5276.9,86986
2021-06-09 09:56:17,5276.9,86986
2021-06-09 09:56:18,5276.9,86986
2021-06-09 09:56:20,5276.9,86987
2021-06-09 09:56:20,5276.9,87020
2021-06-09 09:56:22,5276.9,87020
2021-06-09 09:56:23,5277.75,87040
2021-06-09 09:56:23,5277.75,87040
2021-06-09 09:56:25,5276.9,87042
2021-06-09 09:56:26,5276.9,87042
2021-06-09 09:56:27,5276.9,87042
2021-06-09 09:56:28,5276.9,87042
2021-06-09 09:56:29,5276.9,87053
2021-06-09 09:56:30,5276.9,87058
2021-06-09 09:56:31,5278.05,87088
2021-06-09 09:56:32,5278.05,87121
2021-06-09 09:56:33,5278.05,87121
2021-06-09 09:56:35,5278.15,87163
2021-06-09 09:56:36,5278.15,87188
2021-06-09 09:56:36,5278.15,87188
2021-06-09 09:56:38,5277.0,87190
2021-06-09 09:56:38,5277.0,87190
2021-06-09 09:56:39,5278.0,87212
2021-06-09 09:56:40,5278.0,87212
2021-06-09 09:56:41,5277.0,87242
2021-06-09 09:56:42,5277.0,87242
2021-06-09 09:56:43,5277.0,87242
2021-06-09 09:56:44,5277.0,87247
2021-06-09 09:56:46,5277.0,87247
2021-06-09 09:56:46,5277.0,87295
2021-06-09 09:56:47,5277.0,87295
2021-06-09 09:56:49,5277.0,87296
2021-06-09 09:56:49,5277.0,87296
2021-06-09 09:56:50,5277.0,87297
2021-06-09 09:56:51,5277.0,87297
2021-06-09 09:56:52,5278.0,87348
2021-06-09 09:56:53,5278.0,87352
2021-06-09 09:56:54,5276.9,87406
2021-06-09 09:56:55,5276.9,87406
2021-06-09 09:56:56,5276.9,87406
2021-06-09 09:56:57,5276.9,87406
2021-06-09 09:56:58,5276.9,87406
2021-06-09 09:56:59,5276.9,87406
2021-06-09 09:57:00,5276.9,87406
2021-06-09 09:57:01,5276.9,87406
2021-06-09 09:57:02,5278.0,87409
2021-06-09 09:57:03,5278.0,87409
2021-06-09 09:57:04,5278.0,87409
2021-06-09 09:57:05,5278.0,87409
2021-06-09 09:57:06,5278.0,87409
2021-06-09 09:57:07,5278.25,87509
2021-06-09 09:57:08,5278.25,87509
2021-06-09 09:57:09,5278.25,87509
2021-06-09 09:57:10,5278.25,87509
2021-06-09 09:57:11,5278.25,87509
2021-06-09 09:57:12,5278.25,87509
2021-06-09 09:57:14,5278.25,87509
2021-06-09 09:57:14,5278.0,87600
2021-06-09 09:57:15,5278.0,87600
2021-06-09 09:57:16,5278.0,87600
2021-06-09 09:57:17,5278.0,87600
2021-06-09 09:57:18,5278.0,87600
2021-06-09 09:57:19,5278.0,87600
2021-06-09 09:57:20,5278.0,87600
2021-06-09 09:57:21,5277.7,87603
2021-06-09 09:57:23,5277.7,87603
2021-06-09 09:57:24,5277.7,87603
2021-06-09 09:57:25,5277.7,87603
2021-06-09 09:57:26,5277.7,87613
2021-06-09 09:57:27,5277.7,87614
2021-06-09 09:57:28,5277.7,87614
2021-06-09 09:57:30,5277.7,87627
2021-06-09 09:57:32,5276.9,87742
2021-06-09 09:57:31,5277.0,87640
2021-06-09 09:57:33,5277.7,87761
2021-06-09 09:57:34,5277.7,87781
2021-06-09 09:57:35,5277.7,87781
2021-06-09 09:57:36,5277.7,87791
2021-06-09 09:57:37,5277.7,87800
2021-06-09 09:57:38,5277.0,87810
2021-06-09 09:57:39,5276.3,87813
2021-06-09 09:57:40,5278.0,87833
2021-06-09 09:57:41,5278.0,87833
2021-06-09 09:57:42,5276.3,87838
2021-06-09 09:57:43,5276.3,87838
2021-06-09 09:57:44,5276.3,87838
2021-06-09 09:57:45,5277.7,87840
2021-06-09 09:57:46,5273.0,88762
2021-06-09 09:57:47,5272.0,88788
2021-06-09 09:57:48,5272.0,88788
2021-06-09 09:57:49,5271.1,88795
2021-06-09 09:57:50,5271.1,88795
2021-06-09 09:57:51,5273.4,88830
2021-06-09 09:57:52,5271.1,88835
2021-06-09 09:57:53,5273.25,88864
2021-06-09 09:57:54,5273.25,88864
2021-06-09 09:57:55,5273.25,88864
2021-06-09 09:57:56,5273.6,89041
2021-06-09 09:57:57,5273.6,89041
2021-06-09 09:57:58,5273.65,89090
2021-06-09 09:57:59,5273.65,89090
2021-06-09 09:58:01,5272.0,89092
2021-06-09 09:58:00,5273.65,89090
2021-06-09 09:58:02,5272.0,89092
2021-06-09 09:58:03,5272.0,89092
2021-06-09 09:58:04,5273.95,89127
2021-06-09 09:58:05,5273.95,89127
2021-06-09 09:58:06,5271.1,89227
2021-06-09 09:58:07,5271.1,89227
2021-06-09 09:58:08,5271.1,89227
2021-06-09 09:58:09,5271.1,89227
2021-06-09 09:58:10,5271.55,89235
2021-06-09 09:58:11,5271.55,89235
2021-06-09 09:58:12,5271.55,89235
2021-06-09 09:58:13,5271.55,89235
2021-06-09 09:58:14,5271.55,89235
2021-06-09 09:58:15,5273.8,89236
2021-06-09 09:58:16,5275.1,89319
2021-06-09 09:58:17,5275.3,89344
2021-06-09 09:58:18,5275.3,89344
2021-06-09 09:58:19,5275.3,89344
2021-06-09 09:58:20,5275.3,89344
2021-06-09 09:58:21,5275.3,89344
2021-06-09 09:58:22,5275.3,89344
2021-06-09 09:58:23,5275.45,89347
2021-06-09 09:58:24,5273.95,89352
2021-06-09 09:58:26,5273.95,89357
2021-06-09 09:58:27,5273.95,89357
2021-06-09 09:58:28,5275.8,89392
2021-06-09 09:58:29,5275.8,89392
2021-06-09 09:58:30,5275.8,89392
2021-06-09 09:58:31,5275.8,89393
2021-06-09 09:58:32,5275.3,89394
2021-06-09 09:58:33,5275.3,89394
2021-06-09 09:58:34,5273.8,89397
2021-06-09 09:58:35,5273.8,89397
2021-06-09 09:58:36,5273.8,89397
2021-06-09 09:58:37,5273.95,89405
2021-06-09 09:58:39,5273.95,89405
2021-06-09 09:58:39,5273.95,89405
2021-06-09 09:58:40,5273.95,89405
2021-06-09 09:58:42,5273.95,89405
2021-06-09 09:58:42,5273.95,89405
2021-06-09 09:58:43,5273.8,89411
2021-06-09 09:58:44,5273.8,89433
2021-06-09 09:58:46,5275.55,89434
2021-06-09 09:58:47,5275.55,89434
2021-06-09 09:58:48,5274.0,89457
2021-06-09 09:58:48,5273.8,89461
2021-06-09 09:58:49,5273.8,89461
2021-06-09 09:58:50,5273.8,89461
2021-06-09 09:58:51,5275.55,89581
2021-06-09 09:58:52,5274.0,89606
2021-06-09 09:58:53,5274.0,89606
2021-06-09 09:58:55,5276.0,89646
2021-06-09 09:58:55,5276.0,89646
2021-06-09 09:58:56,5276.0,89646
2021-06-09 09:58:57,5276.0,89646
2021-06-09 09:58:58,5276.3,89648
2021-06-09 09:58:59,5276.3,89648
2021-06-09 09:59:00,5276.3,89648
2021-06-09 09:59:03,5276.3,89648
2021-06-09 09:59:03,5276.3,89648
2021-06-09 09:59:04,5276.3,89648
2021-06-09 09:59:06,5274.0,89652
2021-06-09 09:59:07,5274.0,89652
2021-06-09 09:59:08,5274.0,89652
2021-06-09 09:59:09,5276.3,89656
2021-06-09 09:59:11,5276.3,89656
2021-06-09 09:59:12,5276.0,89681
2021-06-09 09:59:14,5276.15,89691
2021-06-09 09:59:15,5276.15,89691
2021-06-09 09:59:16,5276.15,89691
2021-06-09 09:59:17,5276.15,89691
2021-06-09 09:59:18,5276.15,89691
2021-06-09 09:59:19,5276.15,89691
2021-06-09 09:59:20,5276.15,89691
2021-06-09 09:59:21,5276.15,89691
2021-06-09 09:59:22,5275.75,89760
2021-06-09 09:59:23,5275.75,89765
2021-06-09 09:59:23,5275.75,89765
2021-06-09 09:59:24,5275.75,89765
2021-06-09 09:59:25,5273.8,89785
2021-06-09 09:59:26,5273.8,89785
2021-06-09 09:59:27,5275.85,89921
2021-06-09 09:59:28,5275.85,89921
2021-06-09 09:59:29,5276.0,89971
2021-06-09 09:59:30,5273.8,89994
2021-06-09 09:59:31,5275.9,90034
2021-06-09 09:59:32,5275.85,90230
2021-06-09 09:59:33,5275.85,90230
2021-06-09 09:59:35,5273.0,90235
2021-06-09 09:59:36,5273.0,90235
2021-06-09 09:59:37,5273.0,90235
2021-06-09 09:59:38,5273.0,90235
2021-06-09 09:59:39,5273.8,90236
2021-06-09 09:59:41,5273.8,90237
2021-06-09 09:59:42,5273.8,90237
2021-06-09 09:59:42,5273.8,90237
2021-06-09 09:59:43,5273.8,90237
2021-06-09 09:59:44,5273.8,90237
2021-06-09 09:59:45,5273.8,90242
2021-06-09 09:59:46,5273.8,90250
2021-06-09 09:59:47,5273.8,90250
2021-06-09 09:59:48,5273.8,90251
2021-06-09 09:59:49,5273.8,90291
2021-06-09 09:59:50,5273.8,90306
2021-06-09 09:59:51,5273.8,90306
2021-06-09 09:59:52,5273.8,90306
2021-06-09 09:59:54,5273.8,90306
2021-06-09 09:59:55,5273.8,90306
2021-06-09 09:59:58,5273.8,90306
2021-06-09 09:59:59,5273.8,90306
2021-06-09 10:00:02,5273.8,90308
2021-06-09 10:00:03,5273.8,90308
2021-06-09 10:00:05,5273.8,90309
2021-06-09 10:00:05,5273.05,90311
2021-06-09 10:00:06,5273.05,90311
2021-06-09 10:00:07,5273.8,90312
2021-06-09 10:00:09,5273.8,90312
2021-06-09 10:00:10,5272.2,90374
2021-06-09 10:00:11,5273.0,90375
2021-06-09 10:00:12,5272.1,90380
2021-06-09 10:00:13,5272.1,90380
2021-06-09 10:00:14,5274.05,90405
2021-06-09 10:00:14,5274.05,90405
2021-06-09 10:00:16,5272.1,90413
2021-06-09 10:00:16,5272.1,90413
2021-06-09 10:00:17,5272.1,90413
2021-06-09 10:00:18,5272.5,90414
2021-06-09 10:00:20,5272.1,90442
2021-06-09 10:00:22,5272.1,90442
2021-06-09 10:00:23,5272.1,90442
2021-06-09 10:00:24,5273.85,90624
2021-06-09 10:00:25,5272.1,90629
2021-06-09 10:00:25,5272.1,90629
2021-06-09 10:00:26,5272.1,90652
2021-06-09 10:00:27,5272.1,90652
2021-06-09 10:00:29,5272.1,90652
2021-06-09 10:00:31,5272.1,90701
2021-06-09 10:00:33,5272.1,90701
2021-06-09 10:00:34,5272.1,90701
2021-06-09 10:00:34,5272.0,90820
2021-06-09 10:00:35,5271.1,90822
2021-06-09 10:00:39,5272.95,90832
2021-06-09 10:00:43,5273.35,90946
2021-06-09 10:00:46,5273.35,90946
2021-06-09 10:00:50,5273.7,90975
2021-06-09 10:00:54,5271.5,90983
2021-06-09 10:00:57,5273.6,90998
2021-06-09 10:01:01,5273.6,90998
2021-06-09 10:01:05,5270.55,92115
2021-06-09 10:01:08,5270.55,92115
2021-06-09 10:01:12,5268.55,92265
2021-06-09 10:01:15,5268.55,92265
2021-06-09 10:01:18,5268.65,92362
2021-06-09 10:01:21,5268.7,92537
2021-06-09 10:01:25,5270.6,92539
2021-06-09 10:01:28,5268.7,92547
2021-06-09 10:01:32,5270.45,92637
2021-06-09 10:01:36,5270.45,92637
2021-06-09 10:01:40,5270.6,92642
2021-06-09 10:01:43,5268.0,92702
2021-06-09 10:01:47,5268.0,92702
2021-06-09 10:01:51,5270.1,92798
2021-06-09 10:01:54,5270.75,92900
2021-06-09 10:01:57,5270.75,92910
2021-06-09 10:02:00,5270.75,92910
2021-06-09 10:02:04,5270.75,92910
2021-06-09 10:02:07,5270.75,92910
2021-06-09 10:02:11,5268.15,92930
2021-06-09 10:02:14,5268.15,92930
2021-06-09 10:02:18,5270.75,93030
2021-06-09 10:02:21,5271.0,93217
2021-06-09 10:02:25,5271.0,93217
2021-06-09 10:02:29,5271.0,93267
2021-06-09 10:02:32,5271.0,93280
2021-06-09 10:02:36,5271.0,93286
2021-06-09 10:02:39,5273.7,93356
2021-06-09 10:02:43,5273.7,93356
2021-06-09 10:02:46,5270.5,93553
2021-06-09 10:02:50,5273.4,93667
2021-06-09 10:02:53,5271.0,93668
2021-06-09 10:02:57,5273.5,93717
2021-06-09 10:03:00,5273.25,93842
2021-06-09 10:03:03,5272.0,93852
2021-06-09 10:03:07,5272.0,93852
2021-06-09 10:03:10,5272.0,93859
2021-06-09 10:03:13,5273.65,93882
2021-06-09 10:03:17,5273.65,93882
2021-06-09 10:03:20,5272.1,93887
2021-06-09 10:03:23,5273.6,93889
2021-06-09 10:03:27,5274.95,94043
2021-06-09 10:03:31,5274.95,94058
2021-06-09 10:03:37,5272.6,94244
2021-06-09 10:03:40,5272.6,94244
2021-06-09 10:03:44,5272.6,94244
2021-06-09 10:03:47,5273.75,94311
2021-06-09 10:03:51,5274.95,94372
2021-06-09 10:03:54,5275.0,94396
2021-06-09 10:03:57,5273.75,94473
2021-06-09 10:04:01,5273.75,94473
2021-06-09 10:04:04,5276.15,94962
2021-06-09 10:04:12,5277.0,94993
2021-06-09 10:04:15,5277.0,95072
2021-06-09 10:04:18,5277.0,95113
2021-06-09 10:04:22,5277.0,95113
2021-06-09 10:04:25,5277.7,95127
2021-06-09 10:04:28,5277.0,95148
2021-06-09 10:04:31,5277.0,95160
2021-06-09 10:04:34,5278.8,95561
2021-06-09 10:04:37,5278.7,95562
2021-06-09 10:04:41,5278.9,95568
2021-06-09 10:04:44,5278.95,95784
2021-06-09 10:04:47,5276.1,95803
2021-06-09 10:04:51,5279.0,95903
2021-06-09 10:04:54,5275.6,95983
2021-06-09 10:04:57,5275.55,95987
2021-06-09 10:05:00,5278.45,96039
2021-06-09 10:05:03,5278.8,96041
2021-06-09 10:05:06,5278.0,96043
2021-06-09 10:05:09,5279.2,96063
2021-06-09 10:05:13,5279.0,96068
2021-06-09 10:05:16,5278.0,96069
2021-06-09 10:05:19,5278.0,96069
2021-06-09 10:05:22,5278.0,96074
2021-06-09 10:05:26,5278.7,96183
2021-06-09 10:05:29,5278.7,96199
2021-06-09 10:05:33,5278.0,96351
2021-06-09 10:05:36,5278.5,96383
2021-06-09 10:05:37,5278.5,96383
2021-06-09 10:05:38,5278.5,96383
2021-06-09 10:05:39,5278.75,96405
2021-06-09 10:05:40,5278.75,96405
2021-06-09 10:05:41,5278.75,96405
2021-06-09 10:05:42,5278.75,96405
2021-06-09 10:05:43,5278.75,96405
2021-06-09 10:05:44,5278.75,96405
2021-06-09 10:05:45,5279.1,96415
2021-06-09 10:05:46,5278.75,96435
2021-06-09 10:05:47,5278.75,96435
2021-06-09 10:05:48,5278.75,96461
2021-06-09 10:05:49,5278.75,96461
2021-06-09 10:05:50,5278.75,96461
2021-06-09 10:05:51,5278.75,96461
2021-06-09 10:05:52,5278.75,96461
2021-06-09 10:05:53,5278.75,96461
2021-06-09 10:05:54,5278.75,96461
2021-06-09 10:05:56,5278.75,96461
2021-06-09 10:05:57,5278.75,96471
2021-06-09 10:05:58,5278.75,96515
2021-06-09 10:05:59,5278.85,96543
2021-06-09 10:06:00,5278.85,96543
2021-06-09 10:06:01,5278.75,96553
2021-06-09 10:06:02,5278.75,96558
2021-06-09 10:06:04,5278.0,96638
2021-06-09 10:06:03,5278.0,96638
2021-06-09 10:06:05,5278.0,96638
2021-06-09 10:06:06,5278.0,96694
2021-06-09 10:06:07,5277.0,96704
2021-06-09 10:06:09,5278.0,96806
2021-06-09 10:06:08,5278.0,96806
2021-06-09 10:06:10,5278.0,96806
2021-06-09 10:06:11,5278.0,96856
2021-06-09 10:06:12,5278.0,96856
2021-06-09 10:06:13,5277.95,96862
2021-06-09 10:06:14,5277.95,96862
2021-06-09 10:06:15,5277.95,96863
2021-06-09 10:06:16,5277.95,96863
2021-06-09 10:06:17,5277.95,96863
2021-06-09 10:06:18,5277.95,96863
2021-06-09 10:06:19,5278.0,96942
2021-06-09 10:06:20,5278.0,96942
2021-06-09 10:06:21,5278.0,96943
2021-06-09 10:06:23,5278.0,96943
2021-06-09 10:06:24,5278.0,96943
2021-06-09 10:06:25,5277.0,96953
2021-06-09 10:06:26,5277.0,96953
2021-06-09 10:06:27,5277.0,97023
2021-06-09 10:06:28,5277.0,97083
2021-06-09 10:06:29,5277.0,97083
2021-06-09 10:06:30,5277.0,97083
2021-06-09 10:06:31,5277.0,97083
2021-06-09 10:06:33,5277.0,97083
2021-06-09 10:06:34,5276.7,97084
2021-06-09 10:06:35,5276.7,97084
2021-06-09 10:06:36,5276.7,97084
2021-06-09 10:06:37,5276.7,97084
2021-06-09 10:06:38,5276.7,97084
2021-06-09 10:06:39,5277.0,97090
2021-06-09 10:06:40,5277.0,97090
2021-06-09 10:06:41,5277.0,97090
2021-06-09 10:06:42,5277.0,97094
2021-06-09 10:06:43,5277.0,97106
2021-06-09 10:06:44,5277.0,97106
2021-06-09 10:06:45,5276.85,97110
2021-06-09 10:06:46,5276.85,97110
2021-06-09 10:06:47,5276.9,97115
2021-06-09 10:06:48,5276.9,97115
2021-06-09 10:06:50,5276.9,97115
2021-06-09 10:06:51,5276.9,97118
2021-06-09 10:06:52,5277.0,97126
2021-06-09 10:06:53,5278.95,97152
2021-06-09 10:06:55,5276.7,97156
2021-06-09 10:06:56,5276.7,97156
2021-06-09 10:06:57,5276.7,97156
2021-06-09 10:06:58,5276.75,97160
2021-06-09 10:06:59,5276.75,97160
2021-06-09 10:07:00,5277.65,97180
2021-06-09 10:07:01,5277.65,97180
2021-06-09 10:07:02,5277.65,97180
2021-06-09 10:07:03,5276.9,97182
2021-06-09 10:07:04,5278.0,97211
2021-06-09 10:07:06,5278.0,97211
2021-06-09 10:07:06,5278.0,97215
2021-06-09 10:07:07,5278.0,97251
2021-06-09 10:07:08,5278.0,97256
2021-06-09 10:07:09,5278.0,97276
2021-06-09 10:07:10,5279.25,97346
2021-06-09 10:07:14,5278.0,97356
2021-06-09 10:07:15,5278.0,97356
2021-06-09 10:07:17,5278.0,97356
2021-06-09 10:07:17,5278.0,97356
2021-06-09 10:07:18,5278.0,97403
2021-06-09 10:07:19,5278.0,97403
2021-06-09 10:07:20,5278.0,97403
2021-06-09 10:07:23,5278.0,97403
2021-06-09 10:07:23,5278.0,97405
2021-06-09 10:07:25,5278.0,97405
2021-06-09 10:07:25,5278.0,97405
2021-06-09 10:07:27,5279.2,97412
2021-06-09 10:07:30,5279.2,97412
2021-06-09 10:07:31,5279.2,97412
2021-06-09 10:07:32,5279.2,97412
2021-06-09 10:07:33,5279.2,97412
2021-06-09 10:07:34,5279.2,97412
2021-06-09 10:07:35,5279.2,97412
2021-06-09 10:07:36,5279.2,97412
2021-06-09 10:07:38,5279.2,97412
2021-06-09 10:07:39,5279.2,97412
2021-06-09 10:07:40,5279.2,97412
2021-06-09 10:07:41,5279.05,97437
2021-06-09 10:07:42,5279.05,97437
2021-06-09 10:07:43,5279.05,97439
2021-06-09 10:07:44,5279.05,97439
2021-06-09 10:07:45,5279.05,97439
2021-06-09 10:07:46,5278.1,97440
2021-06-09 10:07:47,5279.2,97468
2021-06-09 10:07:48,5279.2,97468
2021-06-09 10:07:49,5280.0,97518
2021-06-09 10:07:50,5280.0,97521
2021-06-09 10:07:51,5278.1,97523
2021-06-09 10:07:52,5278.0,97581
2021-06-09 10:07:53,5278.0,97581
2021-06-09 10:07:54,5280.0,97631
2021-06-09 10:07:55,5280.0,97675
2021-06-09 10:07:56,5280.0,97675
2021-06-09 10:07:57,5280.0,97675
2021-06-09 10:07:58,5280.0,97675
2021-06-09 10:07:59,5280.0,97675
2021-06-09 10:08:00,5280.0,97675
2021-06-09 10:08:01,5280.0,97775
2021-06-09 10:08:02,5280.0,97847
2021-06-09 10:08:03,5280.0,97847
2021-06-09 10:08:04,5280.0,97847
2021-06-09 10:08:05,5280.0,97847
2021-06-09 10:08:06,5278.5,97853
2021-06-09 10:08:08,5278.5,97854
2021-06-09 10:08:09,5278.5,97854
2021-06-09 10:08:10,5279.9,97855
2021-06-09 10:08:11,5279.9,97855
2021-06-09 10:08:12,5279.9,97855
2021-06-09 10:08:13,5279.9,97858
2021-06-09 10:08:14,5279.9,97858
2021-06-09 10:08:15,5279.9,97858
2021-06-09 10:08:16,5279.9,97858
2021-06-09 10:08:17,5279.9,97858
2021-06-09 10:08:18,5279.9,97858
2021-06-09 10:08:19,5279.9,97858
2021-06-09 10:08:20,5278.5,97928
2021-06-09 10:08:21,5278.5,97932
2021-06-09 10:08:22,5278.5,97932
2021-06-09 10:08:23,5278.5,97936
2021-06-09 10:08:24,5278.5,97936
2021-06-09 10:08:25,5278.5,97944
2021-06-09 10:08:26,5278.5,97949
2021-06-09 10:08:28,5278.0,98196
2021-06-09 10:08:27,5278.5,97960
2021-06-09 10:08:29,5278.0,98202
2021-06-09 10:08:30,5278.45,98212
2021-06-09 10:08:31,5278.45,98212
2021-06-09 10:08:32,5278.5,98237
2021-06-09 10:08:33,5278.5,98237
2021-06-09 10:08:34,5278.5,98237
2021-06-09 10:08:35,5277.0,98247
2021-06-09 10:08:36,5277.0,98247
2021-06-09 10:08:37,5277.0,98247
2021-06-09 10:08:38,5277.0,98251
2021-06-09 10:08:40,5278.5,98256
2021-06-09 10:08:41,5278.0,98274
2021-06-09 10:08:42,5278.0,98274
2021-06-09 10:08:43,5278.0,98274
2021-06-09 10:08:44,5278.0,98274
2021-06-09 10:08:45,5278.0,98274
2021-06-09 10:08:46,5278.0,98274
2021-06-09 10:08:47,5278.0,98274
2021-06-09 10:08:49,5278.0,98274
2021-06-09 10:08:49,5278.0,98274
2021-06-09 10:08:50,5278.0,98274
2021-06-09 10:08:51,5278.5,98275
2021-06-09 10:08:52,5278.5,98275
2021-06-09 10:08:53,5278.5,98275
2021-06-09 10:08:54,5278.5,98275
2021-06-09 10:08:56,5279.8,98289
2021-06-09 10:08:57,5279.8,98289
2021-06-09 10:08:58,5279.95,98292
2021-06-09 10:08:58,5279.95,98292
2021-06-09 10:09:00,5279.95,98292
2021-06-09 10:09:01,5279.95,98292
2021-06-09 10:09:02,5279.95,98292
2021-06-09 10:09:03,5278.15,98293
2021-06-09 10:09:05,5278.15,98293
2021-06-09 10:09:06,5278.15,98293
2021-06-09 10:09:06,5278.15,98293
2021-06-09 10:09:07,5278.15,98293
2021-06-09 10:09:08,5278.15,98293
2021-06-09 10:09:09,5278.15,98293
2021-06-09 10:09:10,5278.15,98293
2021-06-09 10:09:11,5279.95,98331
2021-06-09 10:09:13,5279.95,98331
2021-06-09 10:09:14,5279.95,98381
2021-06-09 10:09:15,5279.95,98381
2021-06-09 10:09:16,5279.95,98381
2021-06-09 10:09:16,5279.95,98381
2021-06-09 10:09:17,5279.95,98382
2021-06-09 10:09:18,5279.95,98382
2021-06-09 10:09:19,5280.0,98408
2021-06-09 10:09:20,5278.25,98413
2021-06-09 10:09:21,5278.25,98413
2021-06-09 10:09:22,5278.25,98413
2021-06-09 10:09:23,5278.25,98413
2021-06-09 10:09:24,5278.25,98413
2021-06-09 10:09:26,5278.25,98413
2021-06-09 10:09:27,5278.25,98413
2021-06-09 10:09:28,5280.0,98414
2021-06-09 10:09:29,5280.0,98414
2021-06-09 10:09:29,5280.0,98414
2021-06-09 10:09:30,5280.0,98414
2021-06-09 10:09:32,5280.0,98414
2021-06-09 10:09:34,5280.0,98414
2021-06-09 10:09:34,5280.0,98414
2021-06-09 10:09:35,5280.0,98414
2021-06-09 10:09:37,5280.0,98414
2021-06-09 10:09:38,5280.0,98414
2021-06-09 10:09:39,5280.0,98414
2021-06-09 10:09:39,5280.0,98418
2021-06-09 10:09:40,5280.0,98433
2021-06-09 10:09:41,5280.0,98433
2021-06-09 10:09:42,5280.0,98433
2021-06-09 10:09:43,5278.35,98436
2021-06-09 10:09:44,5279.95,98461
2021-06-09 10:09:47,5279.95,98461
2021-06-09 10:09:47,5279.95,98461
2021-06-09 10:09:48,5279.95,98461
2021-06-09 10:09:49,5280.0,98509
2021-06-09 10:09:50,5280.0,98509
2021-06-09 10:09:51,5280.0,98509
2021-06-09 10:09:52,5279.95,98553
2021-06-09 10:09:53,5279.95,98553
2021-06-09 10:09:55,5280.0,98595
2021-06-09 10:09:56,5279.95,98602
2021-06-09 10:09:57,5279.95,98602
2021-06-09 10:09:58,5280.7,98870
2021-06-09 10:09:58,5280.7,98870
2021-06-09 10:09:59,5278.9,98871
2021-06-09 10:10:00,5279.0,98891
2021-06-09 10:10:02,5280.1,98894
2021-06-09 10:10:02,5280.1,98894
2021-06-09 10:10:03,5280.1,98894
2021-06-09 10:10:04,5279.95,98895
2021-06-09 10:10:05,5279.95,98895
2021-06-09 10:10:06,5279.95,98895
2021-06-09 10:10:07,5279.0,98929
2021-06-09 10:10:08,5279.0,98929
2021-06-09 10:10:09,5279.6,98951
2021-06-09 10:10:10,5279.6,98951
2021-06-09 10:10:11,5279.6,98951
2021-06-09 10:10:12,5278.5,98952
2021-06-09 10:10:15,5277.15,99005
2021-06-09 10:10:16,5277.15,99005
2021-06-09 10:10:17,5278.15,99024
2021-06-09 10:10:18,5278.15,99028
2021-06-09 10:10:19,5278.15,99028
2021-06-09 10:10:20,5276.9,99033
2021-06-09 10:10:21,5276.9,99033
2021-06-09 10:10:23,5276.9,99033
2021-06-09 10:10:24,5276.9,99033
2021-06-09 10:10:25,5278.2,99053
2021-06-09 10:10:26,5278.2,99053
2021-06-09 10:10:27,5278.2,99053
2021-06-09 10:10:28,5278.2,99053
2021-06-09 10:10:28,5278.2,99053
2021-06-09 10:10:32,5278.2,99055
2021-06-09 10:10:33,5278.2,99055
2021-06-09 10:10:35,5278.2,99055
2021-06-09 10:10:35,5278.2,99055
2021-06-09 10:10:36,5278.2,99055
2021-06-09 10:10:38,5278.2,99059
2021-06-09 10:10:39,5278.2,99060
2021-06-09 10:10:40,5278.2,99110
2021-06-09 10:10:41,5278.2,99110
2021-06-09 10:10:43,5278.2,99210
2021-06-09 10:10:44,5276.9,99211
2021-06-09 10:10:45,5276.9,99211
2021-06-09 10:10:46,5276.9,99211
2021-06-09 10:10:47,5276.9,99211
2021-06-09 10:10:48,5276.9,99211
2021-06-09 10:10:48,5278.25,99212
2021-06-09 10:10:50,5278.25,99212
2021-06-09 10:10:51,5278.25,99212
2021-06-09 10:10:52,5278.25,99212
2021-06-09 10:10:53,5278.45,99214
2021-06-09 10:10:54,5278.5,99216
2021-06-09 10:10:54,5278.5,99216
2021-06-09 10:10:56,5278.5,99216
2021-06-09 10:10:58,5278.5,99216
2021-06-09 10:10:59,5277.7,99222
2021-06-09 10:11:00,5277.7,99222
2021-06-09 10:11:01,5277.8,99223
2021-06-09 10:11:02,5277.8,99223
2021-06-09 10:11:03,5277.8,99233
2021-06-09 10:11:04,5277.8,99233
2021-06-09 10:11:05,5277.8,99233
2021-06-09 10:11:06,5277.0,99234
2021-06-09 10:11:07,5277.0,99243
2021-06-09 10:11:08,5276.65,99249
2021-06-09 10:11:09,5276.65,99249
2021-06-09 10:11:10,5276.65,99249
2021-06-09 10:11:11,5276.65,99249
2021-06-09 10:11:12,5276.65,99263
2021-06-09 10:11:13,5276.65,99263
2021-06-09 10:11:14,5276.9,99288
2021-06-09 10:11:15,5276.9,99288
2021-06-09 10:11:16,5276.8,99537
2021-06-09 10:11:17,5276.8,99537
2021-06-09 10:11:17,5276.8,99537
2021-06-09 10:11:18,5276.0,99564
2021-06-09 10:11:20,5276.0,99564
2021-06-09 10:11:21,5276.0,99564
2021-06-09 10:11:23,5276.0,99564
2021-06-09 10:11:25,5276.0,99568
2021-06-09 10:11:27,5276.4,99588
2021-06-09 10:11:28,5276.0,99592
2021-06-09 10:11:30,5276.0,99592
2021-06-09 10:11:30,5276.0,99592
2021-06-09 10:11:33,5275.0,99594
2021-06-09 10:11:32,5276.0,99592
2021-06-09 10:11:34,5276.55,99642
2021-06-09 10:11:36,5276.4,99689
2021-06-09 10:11:37,5274.4,99725
2021-06-09 10:11:38,5274.3,99728
2021-06-09 10:11:39,5275.45,99744
2021-06-09 10:11:40,5275.45,99744
2021-06-09 10:11:40,5276.75,99956
2021-06-09 10:11:42,5276.75,99956
2021-06-09 10:11:43,5276.65,99957
2021-06-09 10:11:44,5276.65,99957
2021-06-09 10:11:45,5276.65,99957
2021-06-09 10:11:46,5277.1,99993
2021-06-09 10:11:47,5277.1,99993
2021-06-09 10:11:48,5274.55,99998
2021-06-09 10:11:48,5274.55,99998
2021-06-09 10:11:49,5277.2,100008
2021-06-09 10:11:50,5276.85,100076
2021-06-09 10:11:51,5276.85,100076
2021-06-09 10:11:52,5276.85,100076
2021-06-09 10:11:54,5276.85,100076
2021-06-09 10:11:56,5276.85,100076
2021-06-09 10:11:57,5276.85,100076
2021-06-09 10:11:58,5276.85,100076
2021-06-09 10:11:59,5276.85,100076
2021-06-09 10:12:00,5276.85,100076
2021-06-09 10:12:01,5276.85,100076
2021-06-09 10:12:02,5276.85,100076
2021-06-09 10:12:03,5276.85,100076
2021-06-09 10:12:04,5276.85,100076
2021-06-09 10:12:05,5276.85,100076
2021-06-09 10:12:06,5276.85,100076
2021-06-09 10:12:07,5276.85,100076
2021-06-09 10:12:07,5276.85,100076
2021-06-09 10:12:10,5276.85,100076
2021-06-09 10:12:11,5276.85,100076
2021-06-09 10:12:12,5276.85,100076
2021-06-09 10:12:13,5276.85,100076
2021-06-09 10:12:14,5276.85,100076
2021-06-09 10:12:15,5276.85,100076
2021-06-09 10:12:17,5276.05,100096
2021-06-09 10:12:18,5276.05,100099
2021-06-09 10:12:19,5276.05,100099
2021-06-09 10:12:20,5276.05,100099
2021-06-09 10:12:20,5276.05,100099
2021-06-09 10:12:21,5276.05,100099
2021-06-09 10:12:22,5276.05,100099
2021-06-09 10:12:25,5276.05,100099
2021-06-09 10:12:26,5276.05,100099
2021-06-09 10:12:29,5276.05,100100
2021-06-09 10:12:29,5276.05,100100
2021-06-09 10:12:30,5276.05,100101
2021-06-09 10:12:31,5276.05,100101
2021-06-09 10:12:32,5275.0,100179
2021-06-09 10:12:33,5275.0,100179
2021-06-09 10:12:34,5276.05,100274
2021-06-09 10:12:36,5276.05,100274
2021-06-09 10:12:37,5276.05,100274
2021-06-09 10:12:38,5276.05,100295
2021-06-09 10:12:39,5275.0,100296
2021-06-09 10:12:40,5275.0,100296
2021-06-09 10:12:41,5275.0,100296
2021-06-09 10:12:42,5275.0,100296
2021-06-09 10:12:42,5275.0,100296
2021-06-09 10:12:43,5276.0,100297
2021-06-09 10:12:45,5275.0,100298
2021-06-09 10:12:46,5276.0,100314
2021-06-09 10:12:46,5276.0,100314
2021-06-09 10:12:47,5276.0,100314
2021-06-09 10:12:48,5276.0,100314
2021-06-09 10:12:49,5276.15,100315
2021-06-09 10:12:50,5276.15,100315
2021-06-09 10:12:51,5276.15,100315
2021-06-09 10:12:54,5276.05,100325
2021-06-09 10:12:56,5276.05,100341
2021-06-09 10:12:55,5276.05,100341
2021-06-09 10:12:57,5276.05,100341
2021-06-09 10:12:59,5276.15,100342
2021-06-09 10:13:00,5276.15,100342
2021-06-09 10:13:00,5276.15,100342
2021-06-09 10:13:02,5276.15,100387
2021-06-09 10:13:02,5276.15,100387
2021-06-09 10:13:03,5276.15,100392
2021-06-09 10:13:05,5276.15,100392
2021-06-09 10:13:06,5276.15,100392
2021-06-09 10:13:07,5276.15,100394
2021-06-09 10:13:08,5276.15,100394
2021-06-09 10:13:09,5276.15,100394
2021-06-09 10:13:10,5276.15,100394
2021-06-09 10:13:12,5276.15,100394
2021-06-09 10:13:13,5276.15,100395
2021-06-09 10:13:14,5276.15,100395
2021-06-09 10:13:15,5276.15,100395
2021-06-09 10:13:16,5276.15,100395
2021-06-09 10:13:18,5276.15,100397
2021-06-09 10:13:19,5276.15,100397
2021-06-09 10:13:20,5276.15,100397
2021-06-09 10:13:21,5277.0,100412
2021-06-09 10:13:22,5277.8,100457
2021-06-09 10:13:23,5277.8,100493
2021-06-09 10:13:24,5277.8,100493
2021-06-09 10:13:25,5277.8,100493
2021-06-09 10:13:26,5277.8,100493
2021-06-09 10:13:27,5277.0,100504
2021-06-09 10:13:28,5277.0,100504
2021-06-09 10:13:29,5277.0,100504
2021-06-09 10:13:30,5277.0,100504
2021-06-09 10:13:31,5277.0,100504
2021-06-09 10:13:32,5277.0,100519
2021-06-09 10:13:33,5276.05,100523
2021-06-09 10:13:34,5276.05,100523
2021-06-09 10:13:35,5276.05,100523
2021-06-09 10:13:36,5276.05,100523
2021-06-09 10:13:36,5276.05,100523
2021-06-09 10:13:37,5276.05,100523
2021-06-09 10:13:41,5276.05,100523
2021-06-09 10:13:42,5276.05,100539
2021-06-09 10:13:43,5276.05,100539
2021-06-09 10:13:44,5276.05,100539
2021-06-09 10:13:45,5276.05,100539
2021-06-09 10:13:46,5276.05,100539
2021-06-09 10:13:47,5276.05,100539
2021-06-09 10:13:48,5276.05,100539
2021-06-09 10:13:50,5276.05,100539
2021-06-09 10:13:50,5276.05,100539
2021-06-09 10:13:51,5276.05,100539
2021-06-09 10:13:53,5276.05,100539
2021-06-09 10:13:54,5276.05,100540
2021-06-09 10:13:55,5276.05,100540
2021-06-09 10:13:56,5276.05,100540
2021-06-09 10:13:56,5276.05,100540
2021-06-09 10:13:57,5276.05,100543
2021-06-09 10:13:59,5276.05,100543
2021-06-09 10:14:00,5276.05,100543
2021-06-09 10:14:01,5276.05,100546
2021-06-09 10:14:02,5276.05,100546
2021-06-09 10:14:03,5276.05,100574
2021-06-09 10:14:04,5276.05,100574
2021-06-09 10:14:05,5276.05,100574
2021-06-09 10:14:06,5276.05,100574
2021-06-09 10:14:07,5276.05,100574
2021-06-09 10:14:08,5276.05,100576
2021-06-09 10:14:09,5276.05,100576
2021-06-09 10:14:10,5277.0,100581
2021-06-09 10:14:11,5276.1,100601
2021-06-09 10:14:12,5277.0,100602
2021-06-09 10:14:13,5277.0,100602
2021-06-09 10:14:14,5277.0,100602
2021-06-09 10:14:15,5277.0,100602
2021-06-09 10:14:16,5277.0,100602
2021-06-09 10:14:17,5277.0,100602
2021-06-09 10:14:17,5277.0,100602
2021-06-09 10:14:18,5277.0,100602
2021-06-09 10:14:20,5277.0,100602
2021-06-09 10:14:21,5276.05,100636
2021-06-09 10:14:22,5276.05,100636
2021-06-09 10:14:23,5276.9,100637
2021-06-09 10:14:24,5276.9,100637
2021-06-09 10:14:25,5277.0,100647
2021-06-09 10:14:26,5277.0,100647
2021-06-09 10:14:27,5277.0,100647
2021-06-09 10:14:28,5277.0,100647
2021-06-09 10:14:29,5277.0,100647
2021-06-09 10:14:30,5277.0,100647
2021-06-09 10:14:31,5277.0,100647
2021-06-09 10:14:32,5276.05,100766
2021-06-09 10:14:33,5276.05,100766
2021-06-09 10:14:34,5276.05,100766
2021-06-09 10:14:36,5276.05,100766
2021-06-09 10:14:37,5277.0,100816
2021-06-09 10:14:38,5277.0,100816
2021-06-09 10:14:39,5276.95,100926
2021-06-09 10:14:40,5277.0,100957
2021-06-09 10:14:41,5277.0,100967
2021-06-09 10:14:42,5277.0,100972
2021-06-09 10:14:44,5277.0,100972
2021-06-09 10:14:45,5276.0,100981
2021-06-09 10:14:46,5276.0,100981
2021-06-09 10:14:47,5276.0,100981
2021-06-09 10:14:48,5276.0,100981
2021-06-09 10:14:49,5276.0,100981
2021-06-09 10:14:49,5276.0,100981
2021-06-09 10:14:51,5277.05,100992
2021-06-09 10:14:52,5278.25,100993
2021-06-09 10:14:53,5278.25,100993
2021-06-09 10:14:54,5278.25,100993
2021-06-09 10:14:54,5278.25,100993
2021-06-09 10:14:55,5277.05,101006
2021-06-09 10:14:56,5277.05,101006
2021-06-09 10:14:58,5277.05,101006
2021-06-09 10:14:59,5277.05,101006
2021-06-09 10:15:01,5277.05,101035
2021-06-09 10:15:02,5277.05,101035
2021-06-09 10:15:03,5277.05,101035
2021-06-09 10:15:04,5277.05,101035
2021-06-09 10:15:05,5277.05,101035
2021-06-09 10:15:07,5277.05,101035
2021-06-09 10:15:08,5278.5,101037
2021-06-09 10:15:09,5278.5,101037
2021-06-09 10:15:11,5278.5,101037
2021-06-09 10:15:12,5278.5,101067
2021-06-09 10:15:14,5278.5,101067
2021-06-09 10:15:15,5277.0,101073
2021-06-09 10:15:17,5277.0,101073
2021-06-09 10:15:18,5277.0,101073
2021-06-09 10:15:19,5277.0,101073
2021-06-09 10:15:20,5276.05,101091
2021-06-09 10:15:21,5277.5,101102
2021-06-09 10:15:22,5277.5,101102
2021-06-09 10:15:23,5277.5,101102
2021-06-09 10:15:24,5277.5,101102
2021-06-09 10:15:25,5277.5,101102
2021-06-09 10:15:26,5277.5,101102
2021-06-09 10:15:27,5277.5,101102
2021-06-09 10:15:28,5275.05,101103
2021-06-09 10:15:29,5276.0,101153
2021-06-09 10:15:30,5276.0,101153
2021-06-09 10:15:31,5276.0,101153
2021-06-09 10:15:32,5276.0,101153
2021-06-09 10:15:33,5276.0,101153
2021-06-09 10:15:34,5275.1,101163
2021-06-09 10:15:35,5275.1,101163
2021-06-09 10:15:36,5275.1,101163
2021-06-09 10:15:37,5275.1,101163
2021-06-09 10:15:38,5275.1,101163
2021-06-09 10:15:39,5275.1,101163
2021-06-09 10:15:40,5275.1,101163
2021-06-09 10:15:41,5275.05,101164
2021-06-09 10:15:42,5275.05,101164
2021-06-09 10:15:43,5275.0,101168
2021-06-09 10:15:44,5275.0,101168
2021-06-09 10:15:45,5275.0,101168
2021-06-09 10:15:46,5275.45,101169
2021-06-09 10:15:48,5275.45,101184
2021-06-09 10:15:47,5275.45,101173
2021-06-09 10:15:49,5275.0,101272
2021-06-09 10:15:50,5275.0,101272
2021-06-09 10:15:51,5275.0,101272
2021-06-09 10:15:52,5275.0,101272
2021-06-09 10:15:53,5274.0,101287
2021-06-09 10:15:54,5274.0,101287
2021-06-09 10:15:55,5274.0,101287
2021-06-09 10:15:56,5274.0,101287
2021-06-09 10:15:57,5274.0,101287
2021-06-09 10:15:58,5274.0,101287
2021-06-09 10:15:59,5274.0,101287
2021-06-09 10:16:00,5274.0,101291
2021-06-09 10:16:01,5273.65,101308
2021-06-09 10:16:02,5273.0,101383
2021-06-09 10:16:03,5273.0,101383
2021-06-09 10:16:04,5273.0,101383
2021-06-09 10:16:05,5273.0,101418
2021-06-09 10:16:06,5273.0,101418
2021-06-09 10:16:07,5273.0,101418
2021-06-09 10:16:08,5273.0,101418
2021-06-09 10:16:09,5272.1,101440
2021-06-09 10:16:10,5272.0,101444
2021-06-09 10:16:11,5272.0,101494
2021-06-09 10:16:12,5272.0,101494
2021-06-09 10:16:13,5272.0,101494
2021-06-09 10:16:14,5272.0,101494
2021-06-09 10:16:15,5272.0,101494
2021-06-09 10:16:16,5272.1,101501
2021-06-09 10:16:17,5272.1,101501
2021-06-09 10:16:18,5272.1,101509
2021-06-09 10:16:19,5272.0,101559
2021-06-09 10:16:20,5272.2,101645
2021-06-09 10:16:21,5272.0,101649
2021-06-09 10:16:22,5272.0,101654
2021-06-09 10:16:23,5272.0,101674
2021-06-09 10:16:26,5272.0,101674
2021-06-09 10:16:27,5272.0,101674
2021-06-09 10:16:28,5272.0,101674
2021-06-09 10:16:29,5273.0,101725
2021-06-09 10:16:30,5273.0,101726
2021-06-09 10:16:31,5273.0,101726
2021-06-09 10:16:32,5273.0,101726
2021-06-09 10:16:33,5273.0,101726
2021-06-09 10:16:34,5273.0,101726
2021-06-09 10:16:35,5273.0,101726
2021-06-09 10:16:36,5273.0,101726
2021-06-09 10:16:37,5273.0,101726
2021-06-09 10:16:38,5272.4,101746
2021-06-09 10:16:39,5272.4,101746
2021-06-09 10:16:41,5272.4,101746
2021-06-09 10:16:42,5272.4,101746
2021-06-09 10:16:43,5273.0,101796
2021-06-09 10:16:44,5273.0,101796
2021-06-09 10:16:45,5272.55,101798
2021-06-09 10:16:46,5272.55,101798
2021-06-09 10:16:47,5272.55,101798
2021-06-09 10:16:48,5272.55,101798
2021-06-09 10:16:50,5274.0,101799
2021-06-09 10:16:51,5274.0,101799
2021-06-09 10:16:52,5272.55,101817
2021-06-09 10:16:53,5272.55,101817
2021-06-09 10:16:54,5272.55,101817
2021-06-09 10:16:55,5272.55,101817
2021-06-09 10:16:56,5274.0,101827
2021-06-09 10:16:57,5274.0,101827
2021-06-09 10:16:58,5274.0,101827
2021-06-09 10:16:59,5274.0,101827
2021-06-09 10:17:00,5274.0,101827
2021-06-09 10:17:02,5274.0,101827
2021-06-09 10:17:01,5274.0,101827
2021-06-09 10:17:03,5274.0,101827
2021-06-09 10:17:05,5274.0,101827
2021-06-09 10:17:06,5274.0,101827
2021-06-09 10:17:07,5273.5,101832
2021-06-09 10:17:08,5273.5,101832
2021-06-09 10:17:10,5275.55,101920
2021-06-09 10:17:09,5275.55,101920
2021-06-09 10:17:11,5275.55,101920
